4170 6366
361 434 480 494 439

1455 431 1834 493 SYNOPSIS
1882 431 2349 493 SCRIPTURIE
2395 436 2698 495 SACRIE.

3660 435 3784 493 430

362 563 578 640 ἀγγέλῳ
610 566 717 618 τῶν
746 563 1162 638 προειρημένων
1196 562 1530 634 Ἐκκλησιῶν
1573 563 1707 618 κατᾶ
1752 563 1845 624 τὰς
1895 561 2011 617 ἑκά-

2126 564 2280 637 gulis
2313 568 2721 639 praedictarum
2754 567 3144 624 Ecclesiarum
3187 567 3409 640 angelis
3450 569 3778 624 secundum

362 673 486 707 στου
535 651 776 726 πράξεις.
831 651 1052 713 Πολλὰς
1107 652 1200 724 μὲν
1251 651 1340 706 οὖν
1403 651 1606 727 ἑώρακε
1653 653 1740 706 καὶ
1786 649 2018 726 παραδό-

360 742 481 812 ξους
525 741 808 811 ὀπτασίας,
848 738 956 795 εἶδε
1008 738 1066 795 δὲ
1114 741 1248 795 ἑπτὰ
1297 740 1524 816 λυχνίας
1564 748 1792 817 χρυσᾶς,
1825 743 1913 796 καὶ
1963 741 2013 795 έν

363 830 510 903 μέσῳ
542 831 718 886 αύτῶι
770 830 964 902 ὅμοιον
1021 831 1128 902 Υἱῴ
1181 831 1490 904 ἀνθρώπου·
1524 831 1613 885 καὶ
1662 831 2015 906 ἡρμηνεύθη-

358 941 448 973 σαν
483 919 652 991 αὐτῷ,
684 918 767 974 ὅτι
800 920 854 974 αἱ
888 918 1109 995 λυχνίαι
1164 919 1294 974 εἰσὶν
1345 922 1401 973 αἱ
1449 921 1582 974 έπτά
1613 920 1952 988 Ἐκκλησίαν
1988 921 2016 972 ὁ

358 1006 414 1062 δὲ
445 1007 496 1063 έν
552 1010 701 1082 μέσῳ
750 1008 926 1063 αὐτῶν
963 1009 990 1062 ὁ
1025 1007 1247 1084 Κύριος.
1286 1006 1407 1065 Εἶδε
1455 1008 1544 1063 καὶ
1597 1009 1758 1084 θύραν
1813 1008 2014 1083 ἀνεῳγ-

359 1097 524 1171 μένην
569 1099 621 1152 ἐν
670 1103 749 1170 τῷ
795 1098 1034 1173 οὐρανῷ,
1078 1099 1167 1151 καὶ
1219 1097 1269 1152 ἐν
1319 1097 1497 1171 θρόνῳ
1560 1100 1870 1170 καθήμενον
1923 1097 2013 1151 τὸν

359 1187 578 1263 Κύριον,
625 1187 716 1242 καὶ
765 1181 1164 1262 πρεσϐυτέρους
1215 1185 1314 1260 κδ’,
1368 1186 1706 1259 καθημένους
1754 1186 1839 1241 ἐπὶ
1891 1187 2017 1262 θρό-

358 1298 484 1338 νους
541 1278 631 1331 καὶ
689 1280 1128 1351 προσκυνοῦντας
1184 1276 1275 1330 τὸν
1347 1275 1560 1352 Κύριον.
1621 1277 1861 1352 Ἑώρακε
1926 1275 2015 1330 καὶ

364 1362 657 1441 σφραγῖδας
690 1366 982 1438 λυομένας,
1028 1365 1119 1419 καὶ
1171 1365 1450 1438 λυομένης
1500 1365 1751 1436 ἑκάστης,
1788 1363 2017 1420 ὀπτασία

362 1474 449 1515 τις
508 1453 732 1530 ἐγίνετο.
791 1454 916 1509 Εἶτα
971 1454 1204 1530 ἑώρακεν
1267 1455 1400 1509 ἑπτὰ
1457 1453 1727 1530 ἀγγέλους
1790 1452 2015 1530 ἔχοντας

366 1544 503 1597 ἑπτὰ
559 1543 884 1619 σάλπιγγας,
936 1541 1021 1598 καί
1089 1544 1313 1599 ἑκάστου
1375 1544 1752 1614 σαλπίζοντος,
1808 1543 2016 1620 ἐγίνετο

366 1637 620 1703 σημεῖοψ
671 1636 769 1686 τοῦ
819 1630 874 1686 δὲ
923 1627 1162 1705 ἑϐδόμου
1230 1632 1616 1702 σαλπίζοντος,
1668 1631 1870 1703 ἤκουσε
1920 1632 2015 1688 λε-

361 1720 591 1796 γόντων,
624 1719 704 1774 ὅτι
751 1744 780 1773 ‹‹
830 1722 889 1774 Ἡ
938 1721 1188 1796 βασιλεία
1233 1726 1331 1776 τοῦ
1379 1721 1590 1796 κόσμου
1649 1722 1860 1798 ἐγένετο
1917 1727 2015 1778 τοῦ

362 1809 578 1884 Κυρίου.
606 1833 635 1860 ››
666 1809 770 1865 Καὶ
803 1810 1010 1884 ἑώρακε
1051 1813 1151 1880 την
1201 1807 1436 1866 κιϐωτὸν
1486 1819 1586 1882 τῆς
1639 1814 1914 1883 Διαθήκης
1961 1811 2012 1867 ἐν

357 1897 586 1972 οὐρανῷ.
646 1898 776 1954 Εἶτα
829 1899 1034 1974 ἑώρακε
1093 1906 1316 1976 γυναῖκα
1384 1899 1705 1973 ὠδίνουσαν,
1753 1902 1843 1956 καὶ
1894 1899 2017 1977 δρά-

355 2006 518 2040 κοντα
546 1988 715 2062 πυρὸς
756 1985 1024 2043 διώκοντα
1073 1989 1262 2060 αὐτήν.
1293 1991 1353 2046 Ἡ
1403 1991 1496 2062 μὲν
1547 1989 1636 2045 οὖν
1687 1991 1821 2064 γυνή
1873 1991 2010 2045 έσώ-

357 2077 421 2146 θη
459 2075 534 2138 εἷς
563 2077 662 2145 τὴν
698 2075 927 2152 ἔρημον·
962 2080 989 2131 ὁ
1021 2075 1078 2132 δὲ
1117 2076 1328 2154 δράκων
1382 2076 1592 2150 ἐϐλήθη
1647 2079 1722 2142 εἷς
1771 2080 1834 2134 τὸ
1880 2085 2009 2154 πῦρ.

353 2163 488 2220 Εἶτα
525 2165 733 2239 ἑώρακε
784 2165 975 2242 θηρίον
1029 2167 1155 2242 ἕχον
1207 2167 1404 2244 κέρατα
1454 2166 1601 2237 δέκα,
1633 2170 1722 2223 καὶ
1771 2168 2010 2246 κεφαλὰς

357 2252 509 2320 ἑπτὰ,
558 2255 648 2309 καὶ
696 2256 759 2310 τὸ
809 2254 1053 2329 διάδημα
1096 2256 1260 2311 αὐτοῦ
1312 2256 1666 2334 βλασφημίας
1713 2259 1906 2332 γέμον·
1950 2259 2012 2313 τὸ

358 2339 414 2395 δὲ
443 2336 616 2416 ὄνομα
646 2343 812 2398 αὐτοῦ
843 2345 941 2399 οὐκ
973 2343 1270 2417 ἐδήλωσεν,
1305 2345 1449 2402 ἀλλᾶ
1490 2347 1581 2401 τὸν
1631 2346 1863 2422 ἀριθμὸν
1913 2350 2011 2400 τοῦ

356 2431 625 2504 ὀνόματος
685 2431 848 2488 αὐτοῦ
898 2436 1034 2510 χξς’.
1088 2440 1321 2490 ’Ἤκουσε
1368 2435 1456 2490 καὶ
1518 2435 1796 2512 παρθένων
1848 2433 2011 2507 ᾀδόν-

352 2540 482 2588 των,
518 2523 607 2575 καί
657 2521 1104 2578 ἀκολουθούντων
1154 2530 1234 2597 τῷ
1273 2525 1492 2601 Ἀρνίῳ,
1534 2525 1622 2578 καὶ
1670 2523 1804 2580 εἶδεν
1857 2525 2011 2601 ἄγγε-

355 2607 449 2664 λον
479 2610 775 2684 πετόμενον
809 2611 860 2667 ἐν
911 2616 1377 2689 μεσουρανήματι,
1408 2615 1496 2669 καὶ
1547 2612 1716 2670 ἄλλον
1769 2615 2007 2670 ἀκολου-

354 2703 566 2767 θοῦντα,
599 2700 686 2754 καὶ
739 2699 932 2772 ἄλλον,
963 2703 1053 2756 καὶ
1101 2701 1332 2780 νεφέλην
1391 2704 1614 2772 λευκὴν,
1645 2704 1734 2758 καὶ
1784 2704 1866 2758 ἐπ’
1912 2704 2006 2758 αύ-

350 2794 453 2857 τῆς
483 2791 794 2862 καθήμενον
829 2789 1020 2863 ὅμοιον
1056 2791 1166 2864 Υἱῷ
1199 2792 1508 2866 ἀνθρώπου,
1543 2789 1740 2867 ἔχοντα
1773 2791 1858 2847 ἐπὶ
1904 2799 2006 2862 τῆς

352 2877 598 2954 κεφαλῆς
647 2878 813 2934 αὐτοῦ
871 2880 1126 2958 στέφανον
1179 2886 1441 2956 χρυσοῦν,
1491 2881 1579 2936 καὶ
1639 2882 1689 2935 ἐν
1737 2886 1805 2955 τῇ
1860 2881 2008 2958 χειρί

355 2965 519 3020 αὐτοῦ
575 2964 837 3042 δρέπανον
897 2968 1010 3038 ὀξύ.
1059 2969 1190 3024 Εἶτα
1237 2971 1472 3046 ἑώρακεν
1531 2969 1795 3047 ἀγγέλους
1854 2971 2007 3041 ἑπτὰ,

356 3051 590 3130 ἔχοντασ
620 3055 839 3131 πληγὰς
872 3057 1006 3112 ἑπτὰ
1059 3058 1157 3121 τὰς
1206 3058 1454 3135 ἐσχάτας,
1487 3060 1576 3114 καὶ
1626 3059 1821 3138 φιάλας
1872 3079 2007 3136 X9”-

356 3150 449 3206 σᾶς
481 3144 755 3220 γεμούσας
787 3145 847 3200 ἐκ
876 3151 972 3202 τοῦ
1004 3149 1178 3221 θυμοῦ
1209 3153 1304 3204 τοῦ
1355 3154 1508 3205 Θεοῦ.
1547 3151 1675 3204 Εἶτα
1722 3149 2003 3225 ἀπηνέχθη

349 3239 428 3306 τῷ
474 3235 740 3307 πνεύματι
793 3236 870 3298 εἰς
909 3233 1141 3313 ἔρημον,
1189 3238 1278 3292 καὶ
1338 3239 1542 3314 ἑώρακε
1607 3245 1833 3314 γυναῖκα
1880 3241 2006 3293 καθ-

350 3324 561 3394 ημένην
607 3323 694 3379 ἐπὶ
728 3325 920 3401 θηρίον
965 3326 1236 3397 κόκκινον,
1270 3325 1400 3404 ἕχον
1443 3327 1680 3406 κεφαλὰς
1731 3329 1882 3383 ὲπτά³
1917 3331 2005 3384 καὶ

352 3411 614 3485 ἐσήμανεν
651 3414 756 3469 ἀπὸ
799 3414 1002 3486 ταύτης
1051 3415 1260 3481 ἔσεσθαι
1296 3418 1388 3472 τὸν
1445 3417 1841 3494 Ἀντίχριστον.
1875 3419 2006 3473 Εἶτα

353 3502 556 3578 ἑώρακε
581 3503 672 3558 τὸν
705 3502 928 3580 οὐρανὸν
966 3503 1326 3582 ἀνεῳγμένον,
1357 3508 1446 3561 καὶ
1503 3506 1734 3584 ἔφιππον
1788 3507 2004 3574 λευκὸν,

347 3591 436 3646 καὶ
474 3591 720 3648 ἐκαλεῖτο
749 3594 813 3648 τὸ
845 3589 1021 3667 ὄνομα
1060 3595 1224 3650 αὐτοῦ
1258 3597 1285 3650 ὁ
1319 3595 1497 3670 Λόγος
1540 3601 1638 3652 τοῦ
1688 3601 1841 3651 Θεοῦ.
1877 3598 2008 3652 Εἶτα

347 3680 552 3757 ἑώρακε
580 3682 643 3736 τὸ
680 3683 870 3756 θηρίον
915 3683 1007 3738 καὶ
1049 3683 1174 3746 τοὺς
1223 3684 1464 3760 βασιλεῖς
1511 3693 1613 3755 τῆς
1658 3693 1782 3762 γῆς,
1818 3684 2004 3740 θέλον-

345 3790 442 3832 τας
492 3777 722 3840 ποιῆσαι
772 3769 1020 3845 πόλεμον
1077 3776 1210 3846 μετά
1264 3775 1361 3828 τοῦ
1408 3776 1723 3847 καθημένου
1775 3774 1860 3829 ἐπὶ
1909 3777 2006 3830 τοῦ

345 3856 521 3913 ’ἱππου
581 3865 678 3914 τοῦ
740 3866 956 3917 Λευκοῦ.
992 3863 1090 3917 Καὶ
1146 3861 1371 3932 ἐπιάσθη
1404 3864 1466 3918 τὸ
1499 3864 1708 3939 θηρίον,
1743 3863 1831 3918 καὶ
1895 3865 2007 3937 μετ’

355 3947 522 4002 αὐτοῦ
553 3949 581 4002 ὁ
612 3947 1088 4027 ψευδοπροφήτης,
1124 3950 1271 4015 ὅστις
1311 3956 1375 4021 ἦν
1427 3954 1454 4006 ὁ
1488 3952 1883 4029 Ἀντίχριστος,
1918 3953 2008 4007 καὶ

359 4034 469 4090 εἶδε
502 4035 878 4110 βαλλομένους
910 4039 1107 4102 αὐτοὺς
1140 4041 1214 4102 εἷς
1245 4043 1344 4110 τήν
1398 4041 1600 4115 λίμνην
1661 4046 1756 4096 τοῦ
1814 4041 2005 4116 πυρός.

359 4127 494 4181 Εἶτα
533 4124 741 4199 ἑώρακε
779 4125 1162 4185 καταϐαίνοντα
1218 4128 1452 4206 ἄγγελον
1504 4129 1562 4185 ἐκ
1601 4135 1702 4185 τοῦ
1751 4130 2006 4206 ούρανοῦ,

355 4215 448 4268 καὶ
485 4213 760 4289 βάλλοντα
789 4218 878 4272 τὸν
914 4224 1147 4274 Σατανᾶν
1203 4219 1292 4273 καὶ
1340 4219 1468 4282 τοὺς
1515 4215 1742 4296 ἔχοντας
1790 4221 1852 4274 τὸ
1903 4220 2012 4295 χά·

358 4323 542 4378 ραγμα
599 4304 764 4359 αὐτοῦ
821 4307 896 4369 εἰς
953 4309 1053 4377 τὴν
1113 4305 1368 4376 ἄϐυσσον,
1403 4308 1492 4364 καὶ
1551 4308 1802 4364 κλείοντα
1836 4309 2011 4363 ἐπάνω

353 4393 538 4465 αὐτοῦ,
567 4392 659 4448 τίνα
697 4397 894 4470 μηκέτι
924 4395 1180 4473 πλανήσῃ
1208 4401 1274 4452 τα
1306 4396 1429 4469 ἔθνη
1461 4395 1563 4461 ἕως
1604 4397 1733 4453 ἐτῶν
1784 4398 2010 4475 χιλίων.

354 4483 486 4539 Εἶτα
543 4485 752 4559 ἑώρακε
811 4485 942 4548 τοὺς
1004 4486 1277 4564 μάρτυρας
1328 4488 1380 4542 ἐν
1435 4486 1560 4564 δόξῃ
1627 4487 2014 4565 βασιλεύοντας

355 4569 407 4624 ἐν
440 4573 676 4644 Χριστῷ.
712 4574 840 4629 Εἶτα
882 4575 1139 4650 ἑώρακεν,
1172 4575 1254 4630 ὅτι
1306 4579 1440 4650 μετά
1487 4577 1649 4652 χίλια
1698 4577 1789 4648 ἔτη
1842 4576 2012 4646 λυθή-

2128 655 2410 725 cujusque
2441 657 2719 712 actiones.
2744 657 2961 713 Multas
2985 657 3175 727 itaque
3204 661 3260 712 et
3290 656 3666 712 admirabiles
3695 655 3782 710 vi-

2128 744 2323 799 siones
2376 745 2539 812 vidit,
2592 751 2654 800 ut
2702 750 2924 817 snptem
2975 745 3325 801 candelabra
3371 760 3565 811 aurea,
3615 749 3672 799 et
3720 743 3779 798 in

2131 833 2319 888 medio
2351 833 2588 890 illorum
2621 835 2873 891 similem
2908 834 3051 889 Filio
3085 833 3342 889 hominis
3369 851 3382 902 ;
3406 836 3464 889 et
3491 834 3779 904 interpre-

2127 922 2406 978 tationem
2453 925 2694 996 accepit,
2732 925 3086 979 c-mdalabra
3130 922 3230 977 illa
3260 939 3389 978 esse
3419 927 3647 994 septem
3674 921 3778 976 Ec-

2128 1011 2357 1081 clesias,
2390 1016 2447 1068 et
2478 1030 2634 1079 eum,
2671 1014 2769 1082 qui
2803 1015 2859 1067 in
2894 1013 3084 1067 medio
3115 1017 3259 1077 erat,
3284 1028 3413 1067 esse
3444 1011 3777 1067 Dominum.

2125 1100 2376 1156 Januam
2410 1102 2547 1157 item
2582 1102 2724 1157 vidit
2757 1109 3020 1174 apertam
3061 1102 3118 1156 in
3160 1102 3323 1171 cmlo,
3358 1106 3415 1156 et
3463 1101 3780 1157 Dominum

2127 1189 2186 1244 in
2218 1189 2427 1246 throno
2460 1192 2784 1262 sedentem,
2808 1195 2863 1246 et
2885 1193 3094 1263 viginti
3129 1195 3378 1264 quatuor
3407 1191 3782 1254 seniores,se-

2127 1278 2330 1335 dentes
2362 1297 2540 1352 super
2570 1281 2810 1336 thronos
2843 1286 2896 1335 et
2927 1282 3236 1336 adorantes
3267 1277 3782 1335 Dominum.Vidit

2126 1368 2301 1423 etiam
2336 1375 2560 1441 septem
2596 1370 2786 1443 sigilla
2821 1370 3056 1442 aperiri,
3083 1374 3140 1425 et
3172 1384 3525 1441 unoquoque
3557 1372 3776 1440 aperto,

2126 1457 2269 1511 visio
2301 1459 2567 1523 quaedam
2599 1459 2932 1530 apparebat.
2969 1457 3128 1512 Vidit
3167 1456 3373 1512 deinde
3405 1461 3628 1528 septem
3676 1473 3781 1511 an-

2126 1545 2285 1616 gelos
2316 1546 2598 1602 habentes
2623 1552 2844 1618 septcm
2876 1548 3514 1618 tubas,etunoquoque
3545 1544 3781 1601 illorum

2126 1633 2432 1706 clangente
2462 1637 2640 1691 fiebat
2671 1636 2929 1708 signum,
2980 1636 3231 1706 septimo
3280 1651 3414 1690 vero
3473 1633 3780 1706 clangente

2125 1724 2370 1794 audivit,
2407 1725 2506 1795 qui
2540 1725 2804 1781 dicerent
2847 1742 2860 1780 :
2917 1726 3156 1797 Regnum
3203 1723 3418 1792 mundi,
3451 1724 3670 1780 Domini
3697 1725 3789 1795 fa-

2124 1822 2276 1870 ctum
2312 1815 2374 1868 1‘.
2411 1815 2479 1869 Et
2509 1831 2701 1870 arcam
2734 1815 3068 1870 testamenti
3105 1813 3247 1869 vidit
3280 1813 3338 1868 in
3370 1812 3532 1868 coelo.
3571 1813 3790 1868 Deinde

2127 1901 2432 1958 mulierem
2466 1902 2886 1974 parturientem
2912 1903 3057 1958 vidit
3077 1906 3135 1957 et
3155 1903 3467 1958 draconem
3500 1900 3753 1972 ignitum
3771 1943 3786 1969 ,

2123 1990 2223 2062 qui
2255 1990 2414 2046 illam
2450 1992 2931 2063 persequebatur.
2957 1990 3162 2046 Mulier
3185 1991 3424 2061 quidem
3448 1993 3677 2046 servata
3699 1992 3795 2045 est

2124 2079 2179 2133 in
2213 2079 2550 2151 solitudine,
2586 2083 2760 2136 draco
2808 2082 2958 2137 154
2991 2097 3118 2136 vero
3173 2081 3441 2151 abjectus
3473 2080 3531 2134 in
3565 2079 3789 2151 ignem.

2124 2169 2328 2225 Postea
2375 2171 2620 2225 bestiam
2669 2171 2817 2225 vidit
2868 2170 3183 2225 habentem
3217 2185 3437 2225 cornua
3467 2169 3689 2238 decem,
3723 2172 3783 2223 et

2121 2258 2312 2330 capita
2343 2264 2652 2331 septem,et
2676 2259 2946 2315 diadema
2976 2261 3103 2329 ejus
3135 2257 3506 2331 blasphemia
3536 2257 3777 2330 plenum

2121 2353 2260 2404 erat.
2297 2349 2512 2405 Nomen
2538 2365 2672 2405 vero
2703 2349 2832 2417 eius
2862 2365 2975 2404 non
3005 2347 3292 2421 patefecit,
3326 2347 3426 2403 sed
3460 2363 3776 2402 numerum

2121 2437 2378 2494 nominis
2428 2439 2579 2509 ejus,
2619 2455 2829 2509 nempe
2876 2437 3134 2493 sexcenti
3184 2435 3486 2507 sexaginta
3538 2451 3659 2490 sex.
3707 2439 3778 2489 Et

2121 2526 2376 2598 virgines
2410 2527 2632 2583 audivit
2664 2531 2962 2594 canentes,
2986 2531 3042 2583 et
3071 2531 3305 2599 Agnum
3337 2523 3774 2596 sequentes.Vi-

2119 2617 2206 2670 dit
2235 2617 2410 2672 etiam
2444 2615 2719 2688 angelum
2749 2634 2852 2689 per
2892 2615 3148 2672 medium
3196 2614 3322 2670 coeli
3372 2613 3687 2683 volantem,
3717 2617 3778 2669 et

2119 2712 2459 2776 sequentem
2506 2705 2777 2772 alterum,
2819 2705 3120 2777 aliumque
3169 2710 3406 2775 postea;
3459 2702 3669 2759 deinde
3717 2707 3776 2758 et

2119 2795 2333 2850 nubem
2391 2795 2702 2850 candidam
2734 2793 2897 2862 vidit,
2929 2801 2987 2849 et
3016 2793 3368 2850 insidentem
3399 2792 3484 2848 illi
3515 2792 3772 2848 similem

2119 2884 2261 2940 Filio
2294 2883 2571 2952 hominis,
2605 2885 2664 2938 in
2712 2883 2904 2954 capite
2957 2899 3231 2938 coronam
3281 2897 3520 2937 auream
3553 2881 3772 2937 baben-

2118 2977 2257 3041 tem,
2300 2978 2356 3028 et
2400 2975 2455 3028 in
2511 2989 2688 3028 manu
2738 2989 2846 3027 sua
2878 2971 3085 3027 falcem
3126 2975 3380 3026 acutam.
3413 2969 3633 3026 Doinde
3677 2986 3773 3025 se-

2120 3066 2274 3133 ptem
2305 3060 2544 3133 angelos
2567 3061 2730 3126 vidit,
2751 3060 3034 3116 habentes
3057 3059 3259 3131 plagas
3281 3063 3503 3130 septem
3529 3057 3774 3114 novissi-

2120 3167 2266 3216 mas,
2301 3155 2356 3206 et
2388 3149 2616 3222 phialas
2658 3165 2866 3204 aureas
2896 3148 3099 3219 plenas
3149 3147 3244 3202 irae
3296 3146 3416 3202 Dei.
3466 3147 3602 3201 Post
3645 3147 3769 3201 haec

2118 3239 2348 3295 ablatus
2370 3242 2458 3295 est
2484 3239 2694 3309 spiritu
2719 3239 2778 3292 in
2801 3237 3202 3302 solitudinem,
3218 3240 3275 3291 et
3295 3236 3439 3290 vidit
3461 3234 3769 3291 mulierem

2039 3315 2080 3380 C
2119 3329 2418 3384 sedentem
2449 3345 2627 3398 super
2654 3328 2903 3382 bestiam
2946 3326 3298 3394 coccineam,
3331 3325 3640 3382 habentem
3675 3342 3770 3380 ca-

2117 3418 2237 3490 pita
2266 3422 2528 3489 septem:
2562 3421 2618 3472 et
2649 3417 2968 3471 indicatum
3021 3420 3109 3471 est
3155 3415 3206 3470 ei
3256 3431 3324 3469 ex
3363 3413 3470 3470 hac
3503 3414 3767 3470 futurum

2116 3523 2244 3562 esse
2275 3506 2723 3560 Antichristum.
2760 3504 2921 3560 Vidit
2950 3503 3124 3559 etiam
3157 3502 3366 3558 costum
3394 3507 3685 3575 apertum,
3719 3506 3777 3558 et

2117 3596 2373 3667 equitem
2405 3594 2631 3661 album,
2683 3598 2738 3648 et
2768 3597 2892 3648 erat
2923 3609 3136 3648 nomen
3177 3592 3326 3663 ejus,
3358 3591 3614 3647 Verbum
3647 3590 3772 3646 Dei.

2115 3685 2338 3740 Deinde
2368 3683 2510 3738 vidit
2543 3682 2814 3749 bestiam,
2841 3699 2907 3737 ac
2934 3698 3096 3754 reges
3128 3686 3318 3747 terrae,
3341 3679 3558 3735 bellum
3590 3681 3778 3736 facere

2117 3773 2376 3829 volentes
2408 3789 2541 3828 cum
2577 3789 2642 3828 eo
2675 3771 2776 3844 qui
2810 3771 3051 3826 sedebat
3083 3786 3262 3842 super
3291 3786 3505 3840 equum
3550 3768 3775 3825 album.

2117 3863 2188 3917 Et
2217 3861 2584 3933 apprehensa
2615 3865 2706 3915 est
2749 3860 2957 3927 bestia,
2989 3864 3046 3914 et
3075 3876 3208 3913 cum
3242 3857 3371 3929 ipsa
3418 3857 3779 3929 pseudopro-

2121 3951 2316 4023 pheta,
2350 3951 2446 4021 qui
2493 3954 2584 4004 est
2615 3948 3036 4014 Antichristus,
3069 3951 3127 4005 et
3177 3947 3320 4002 vidit
3357 3963 3455 4002 eos
3513 3946 3685 4017 abjici
3719 3947 3779 3999 in

2120 4044 2397 4110 stagnum
2442 4038 2767 4110 ignis.Post
2803 4037 2916 4092 ista
2945 4035 3094 4091 vidit
3121 4035 3395 4108 angelum
3427 4035 3786 4090 descenden-

2119 4134 2238 4184 tem
2271 4129 2340 4183 de
2372 4127 2534 4197 cmlo,
2568 4131 2625 4181 et
2655 4125 3028 4197 abjicientem
3062 4125 3346 4180 Satanam
3378 4141 3512 4179 cum
3545 4123 3657 4193 his,
3682 4123 3783 4193 qui

2122 4218 2514 4272 characterem
2542 4215 2728 4287 ipsius
2759 4213 3074 4281 habebant,
3104 4214 3163 4268 in
3197 4214 3501 4285 abyssum,
3535 4217 3592 4268 et
3617 4210 3782 4266 clau-

2123 4306 2354 4361 dentem
2389 4305 2642 4375 desuper
2671 4302 2891 4374 ipsum,
2925 4319 2996 4357 ne
3028 4301 3272 4374 posthac
3313 4301 3570 4374 amplius
3602 4301 3780 4356 sedu-

2123 4400 2278 4451 ceret
2299 4400 2521 4467 gentes,
2547 4394 2730 4448 donec
2751 4390 3087 4463 consumpti
3106 4392 3227 4445 sint
3260 4390 3420 4445 mille
3451 4389 3774 4446 anni.Mar-

2125 4489 2278 4558 tyres
2309 4484 2520 4539 deinde
2543 4483 2686 4537 vidit
2715 4497 2849 4536 cum
2882 4480 3068 4553 gloria
3098 4480 3157 4534 in
3190 4479 3417 4534 Christo
3443 4483 3781 4552 regnantes.

2124 4575 2284 4630 Vidit
2317 4575 2454 4629 item
2484 4575 2636 4644 quod
2667 4575 2911 4626 Satanas
2958 4573 3092 4642 post
3133 4568 3293 4624 mille
3344 4585 3530 4624 annos
3560 4566 3782 4624 solven-

358 4678 506 4715 σεται
537 4662 564 4715 ὁ
597 4667 861 4724 Σατανᾶς.
893 4665 983 4718 καὶ
1019 4663 1354 4740 βληθήσεται
1413 4666 1489 4728 εἷς
1547 4667 1645 4735 την
1688 4665 1888 4740 λίμνην
1918 4669 2012 4720 τοῦ

2127 4665 2237 4720 dus
2269 4663 2364 4735 sit,
2397 4667 2454 4718 et
2485 4661 2852 4733 abjiciendus
2884 4659 2942 4714 in
2977 4663 3254 4732 stagnum
3289 4658 3465 4728 ignis,
3509 4674 3641 4714 cum
3673 4659 3788 4712 An-

357 4751 527 4823 πυρὸς
581 4752 717 4823 μετὰ
764 4755 864 4807 τοῦ
916 4755 1296 4829 Ἀντιχρίστου
1342 4755 1418 4817 εἷς
1477 4755 1605 4818 τοὺς
1663 4756 1864 4817 αἶὼνας
1911 4759 2018 4810 τῶν

356 4837 594 4895 αἰώνων.
654 4841 786 4897 Εἶτα
837 4842 1074 4916 ἑώρακεν
1125 4843 1353 4920 οὐρανὸν
1402 4847 1606 4916 καινὸν,
1632 4847 1721 4899 καὶ
1777 4851 1898 4920 γῆν,
1932 4843 2021 4898 καὶ

357 4929 458 4994 τὴν
490 4927 856 5003 Ἰερουσαλὴμ
895 4933 1110 5004 καινὴν,
1143 4933 1232 4988 καὶ
1278 4935 1485 5009 ἑώρακε
1532 4935 1775 5006 ποταμὸν
1829 4931 2022 4995 ὕδατος

361 5020 530 5085 ζωῆς,
560 5018 650 5072 καὶ
681 5018 809 5082 τοὺς
842 5017 1078 5083 δούλους
1104 5026 1202 5076 τοῦ
1233 5027 1368 5077 Θεοῦ
1399 5025 1735 5098 θεωροῦντας
1767 5023 1828 5076 τὸ
1855 5022 2022 5096 πρόσ-

361 5125 511 5159 ωπον
542 5105 728 5177 αὐτοῦ,
763 5109 852 5163 καὶ
885 5107 1114 5185 ἔχοντας
1148 5110 1234 5166 ἐπὶ
1265 5116 1363 5166 τοῦ
1419 5113 1673 5186 μετώπου
1732 5111 1794 5166 τὸ
1855 5106 2026 5184 ὄνομα

359 5191 568 5251 αὐτοῦ.
647 5200 822 5252 Ταῦτα
902 5197 1159 5274 ἑωρακὼς
1247 5201 1500 5271 Ἰωάννης
1576 5197 1774 5267 ἔπεσε,
1852 5200 2022 5264 θέλων

357 5291 728 5354 προσκυνῆσαι
773 5291 852 5358 τῷ
880 5287 1104 5363 ἀγγέλῳ
1137 5286 1435 5344 δεικνύοντι
1487 5291 1632 5362 αὑτῷ
1671 5294 1838 5344 ταῦτα
1895 5289 2027 5344 πάν-

361 5388 448 5425 τα.
482 5370 582 5425 Καὶ
614 5370 884 5430 ἐκώλυσεν
914 5376 1072 5432 αὐτὸν
1108 5378 1135 5433 ὁ
1168 5377 1402 5455 ἅγγελος
1444 5377 1641 5455 λέγων’
1683 5400 1704 5429 ε
1757 5380 1849 5447 Μὴ
1902 5377 2027 5451 ἐμοὶ

370 5459 684 5534 προσκύνει,
734 5462 882 5520 ἀλλὰ
952 5471 1032 5538 υῷ
1088 5472 1225 5540 Θεῷ·
1276 5467 1386 5542 ἑγὼ
1440 5470 1539 5545 γὰρ
1600 5465 1892 5530 σύνδοτλός
1935 5489 2029 5521 σου

363 5545 502 5622 εἶμί.
534 5573 564 5603 ››
612 5549 837 5608 Βλέπων
899 5553 956 5610 δὲ
1013 5561 1200 5631 ταῦτα,
1250 5555 1420 5626 ἤκουε
1475 5558 1620 5632 παρά
1675 5561 1772 5612 τοῦ
1831 5556 2030 5633 Κυρίου

443 5767 487 5804 ¹⁴
516 5773 696 5842 Apoc.
732 5790 809 5845 χι,
844 5775 931 5829 15.
1014 5775 1056 5811 ¹⁵
1087 5777 1264 5848 Apoc.
1301 5793 1420 5843 xxx,
1457 5775 1542 5829 10.

2133 4753 2422 4823 tichristo,
2454 4751 2512 4806 in
2546 4749 2757 4806 saecula
2779 4749 3149 4804 sieculorum.
3187 4749 3321 4803 Post
3351 4747 3472 4803 haec
3503 4747 3650 4803 vidit
3675 4763 3786 4803 caa-

2133 4843 2256 4898 lum
2291 4857 2525 4907 novum,
2561 4845 2778 4895 terram
2811 4855 3019 4894 novam
3068 4854 3134 4893 ac
3179 4836 3506 4894 Jerusalem
3557 4852 3788 4902 novam,

2136 4938 2192 4989 et
2221 4931 2464 4986 ﬂuvium
2496 4946 2660 5001 aqua:
2692 4928 2854 4997 vivae,
2876 4944 2942 4983 ac
2969 4943 3167 4981 servos
3189 4926 3290 4982 Dei
3323 4926 3790 4998 contemplantes

2137 5023 2342 5078 faciem
2375 5021 2524 5091 ejus,
2557 5025 2614 5074 et
2648 5019 2926 5073 habentes
2976 5033 3189 5072 nomen
3239 5017 3368 5087 ejus
3408 5015 3466 5070 in
3501 5014 3790 5070 frontibus

2135 5112 2280 5168 suis.
2313 5112 2457 5166 Cum
2502 5109 2620 5163 haec
2673 5106 2917 5162 vidisset
2964 5106 3245 5171 Joannes,
3281 5103 3550 5176 procidit,
3585 5101 3786 5158 volens

2137 5202 2381 5257 adorare
2411 5196 2711 5268 angelum,
2749 5195 2995 5268 qui-sibi
3028 5195 3149 5249 hinc
3198 5194 3396 5248 omnia
3436 5193 3791 5247 ostenderat.

2137 5294 2210 5344 At
2258 5285 2502 5359 angelus
2552 5283 2848 5356 prohibuit
2890 5283 3081 5352 illum,
3116 5283 3316 5338 dicens
3352 5297 3364 5335 :
3397 5281 3513 5337 Non
3562 5296 3671 5346 me,
3700 5279 3793 5336 sed

2136 5380 2307 5434 Deum
2336 5375 2540 5440 adora;
2576 5389 2669 5443 ego
2699 5374 2847 5428 enim
2876 5387 3165 5426 conservus
3212 5373 3340 5425 tuus
3393 5385 3516 5425 sum
3549 5369 3610 5422 1⁸.
3643 5369 3789 5424 Cum

2138 5471 2333 5524 autem
2365 5463 2481 5517 ista
2512 5461 2754 5528 videret,
2787 5458 3008 5514 audivit
3040 5477 3073 5514 a
3115 5457 3358 5513 Domino
3406 5462 3606 5513 nostro
3651 5457 3796 5514 Jesu

2138 5553 2389 5621 Christo,
2442 5549 2597 5621 quod
2647 5547 2774 5619 ipse
2824 5546 2904 5602 sit
2953 5545 3055 5618 qui
3108 5549 3218 5609 est,
3254 5551 3313 5600 et
3352 5547 3506 5602 idem
3560 5544 3688 5616 ipse
3717 5547 3798 5601 sit
