4170 6422
311 403 426 464 431
1553 447 1563 458 .
1614 399 2142 464 ATHANASIUS.
2175 435 2252 447 —
2284 402 2545 466 DUBIA.
3621 422 3741 482 432

311 537 568 592 Verbum
598 535 721 601 Dei,
770 536 926 607 quod
975 534 1397 606 posterioribus
1516 535 1800 605 nporibus
1835 550 1962 604 pro-
1993 536 2029 604 Α

2148 537 2235 588 ιῶν
2268 540 2448 605 Ἰησοῦ
2477 536 2730 611 Χριστοῦ,
2766 538 2851 595 ὅτι
2884 542 2912 595 ὁ
2953 540 3025 596 ὥν
3082 542 3218 614 ἐστι,
3249 547 3340 601 καὶ
3389 548 3552 612 αὐτός
3600 550 3741 608 ἐστιν

317 633 441 697 pter
470 643 578 681 nos
610 626 978 681 incarnatum
1019 628 1109 680 est
1158 640 1169 679 :
1223 623 1418 696 homo,
1510 640 1750 695 nquam,
1789 625 1975 695 perfe-

2148 628 2238 677 τοῦ
2271 626 2635 715 ρνεου-Λόγος,
2665 625 2810 691 ὅστις
2850 628 3071 708 ὕστερον
3119 630 3188 687 δι’
3218 636 3366 707 ἡμᾶς
3418 641 3740 715 σαρκωθείς’

315 720 446 771 ctus
477 714 665 770 tactus
696 717 805 781 est,
836 716 894 768 et
922 711 1103 768 Filius
1132 711 1462 773 hominisvi
1510 716 1677 769 catus
1705 715 1812 768 est.

2152 733 2234 853 ἔω
2266 710 2333 783 δὴ
2360 713 2568 778 τέλειος
2612 716 2830 793 γέγονεν
2879 717 3187 796 ἅνθρωπος,
3217 724 3307 779 καὶ
3358 708 3565 800 ἐκλήθη
3619 731 3741 793 Υἱὸς

2190 803 2398 854 οώπου-

2120 820 2398 873 νυρωπου.

323 929 463 1015 Sunt
492 929 628 1013 item
656 929 761 985 alii
780 929 1013 1015 quidam
1035 929 1165 1015 libri
1196 931 1359 1015 varii,
1390 932 1635 1015 praep-ter
1657 928 1974 1015 prgdictos,

2148 923 2326 1015 ,cimaé
2380 928 2468 1015 καὶ
2529 927 2675 1015 άλλα
2728 927 2920 1015 βιϐλία
2970 932 3203 1013 διάφορα
3249 939 3396 1015 παρᾶ
3443 941 3509 996 τὰ
3540 944 3745 1015 προλε-

396 1003 683 1077 utriusquc
707 998 833 1056 cuin
868 1002 1101 1077 Veteris.
1131 998 1414 1077 (uni‘Nov’i
1439 998 1774 1077 Τθξςιιιιηὲηῑί
1795 1016 1976 1077 ,‘_qu0-

2160 998 2370 1077 xtiéwca
2418 999 2677 1077 ἑκατέραςΔ
2728 998 3025 1077 Ἁιαθήκης,
3074 998 3184 1077 ⁸τῆς
3260 998 3498 1075 Πάλαιᾶς
3568 998 3745 1077 δηλα-

398 1015 577 1057 umus
614 1017 683 1057 ue
707 1017 833 1056 cum
869 1015 1101 1060 vricm.
1131 1015 1252 1055 tum
1282 1015 1413 1057 [vovi
1439 1015 1774 1056 I‘esmmcmz
1795 1016 1817 1062 ;
1842 1016 1976 1071 quo-

398 1089 525 1128 rum
553 1018 683 1129 uitis
710 1072 1133 1140 contradicitur,
1164 1074 1272 1128 alii
1300 1072 1611 1145 apocryphi
1642 1075 1928 1127 vocantur.

2160 1015 2373 1125 ἔίιιεντακ
2418 1015 2669 1075 εκατερας
2729 1015 3025 1075 Διαθήκης,
3083 1015 3184 1077 τῆς
3260 1015 3498 1075 Παλαιᾶς
3568 1015 3745 1108 δηλα-

2194 1092 2229 1138 η
2286 1091 2375 1124 και
2423 1073 2576 1133 Νέας·
2626 1074 2692 1128 τὰ
2741 1077 2836 1147 μὲν
2896 1076 3308 1155 ἀντιλεγόμενα,
3359 1085 3426 1139 τὰ
3496 1082 3555 1140 δὲ
3619 1089 3750 1143 από-

2162 1161 2360 1218 κρυφα.

399 1254 490 1309 74.
524 1253 605 1309 De
653 1251 819 1307 libris
857 1250 1086 1307 Veteris
1133 1250 1516 1317 Testamenti,
1568 1251 1788 1324 quibus
1844 1268 1981 1307 con-

2162 1251 2253 1307 74.
2289 1249 2361 1304 Τὰ
2394 1250 2487 1323 μέν
2541 1249 2632 1306 οὖν
2681 1252 3077 1330 ἀντιλεγόμενα
3116 1265 3219 1329 τῆς
3271 1261 3516 1326 Παλαιᾶς
3565 1264 3752 1336 προεί-

331 1343 655 1410 tradicitur,
695 1344 820 1415 jam
868 1346 1039 1397 antea
1083 1340 1361 1411 diximus,
1397 1345 1463 1397 ut
1494 1346 1655 1407 sunt,
1686 1341 1986 1413 Sapientia

2148 1359 2267 1411 )μεν
2314 1339 2407 1411 μὶν
2460 1340 2550 1395 καὶ
2598 1340 2885 1420 πρότερον,
2934 1344 3007 1408 ὥς
3055 1345 3165 1402 ἐστι
3220 1350 3391 1427 Σοφία
3451 1352 3753 1427 Σολομῶν-

327 1433 683 1497 Salomonis,
713 1430 1012 1502 Sapientia
1039 1430 1181 1486 Jesu
1212 1429 1318 1485 ﬁlii
1351 1430 1592 1503 Syrach,
1619 1431 1846 1498 Esther,
1877 1431 1985 1486 Ju-

2148 1428 2332 1518 ic,_aai
2385 1429 2555 1518 Σοφία
2596 1432 2777 1518 ’ξησοῦ
2826 1434 2951 1488 υἱοῦ
3003 1437 3214 1513 Συρᾶχ,
3263 1439 3353 1494 καὶ
3396 1442 3616 1518 Ἒσθήρ,
3664 1444 3758 1499 καὶ

333 1521 459 1577 dith
493 1525 549 1577 et
579 1520 814 1577 Tobias.
847 1520 983 1575 Istis
1011 1520 1189 1575 etiam
1221 1524 1721 1576 connumerantur
1751 1520 1984 1576 Macha-

2148 1514 2319 1589 ουδὶθ,
2370 1517 2459 1573 καὶ
2516 1514 2715 1576 Τωόίτ·
2775 1521 2866 1576 σὺν
2926 1523 3152 1588 ἐκείνοις
3217 1524 3275 1581 δὲ
3329 1528 3418 1583 καὶ
3476 1514 3644 1586 ταῧτα
3694 1533 3760 1603 ἠ-

334 1612 583 1667 baeorum
615 1610 748 1665 libri
773 1613 1042 1680 quatuor,
1074 1608 1435 1677 Ptolemaici,
1469 1610 1710 1675 Psalmi,
1742 1614 1799 1665 et
1838 1610 1988 1664 Can-

2148 1606 2395 1678 ἶθμηνται
2433 1626 2445 1639 ·
2516 1605 2875 1665 Μακκαϐαϊκά
2936 1607 3127 1687 βιϐλία
3205 1612 3248 1669 δ’
3286 1662 3299 1685 ,
3359 1617 3760 1691 Πτολεμαϊκα,

333 1700 519 1756 ticum
546 1698 895 1769 SalomOnis,
928 1700 1208 1753 Susanna:
1238 1697 1508 1753 historia.
1561 1698 1629 1752 Hi
1680 1714 1749 1753 ex
1795 1698 1990 1754 Veteri

2148 1693 2330 1768 ἀλμοὶ
2379 1696 2471 1751 καὶ
2520 1694 2650 1776 ᾨδή
2706 1698 3091 1772 Σολομῶντος,
3145 1705 3424 1761 Σωσάννα.
3474 1710 3649 1761 Ταῦτα
3693 1707 3761 1762 τὰ

339 1791 712 1846 Testamento
744 1791 903 1853 sunt,
929 1787 1146 1859 quibus
1176 1787 1619 1842 contradicitur.

2148 1783 2497 1859 ιτιλεγόμενα
2526 1792 2625 1855 τῆς
2658 1786 2899 1850 Παλαιᾶς
2933 1791 3227 1861 Διαθήκης.

519 1920 829 1996 Apocryphi
855 1936 925 1977 ea:
960 1920 1140 1977 Veteri
1176 1923 1518 1977 Testamento
1544 1926 1677 1977 sunt
1707 1922 1816 1979 isti.
2025 1906 2029 1970 ί

2232 1917 2307 1973 Τὰ
2336 1914 2395 1973 δὲ
2425 1918 2709 1996 άπόκρυφα
2736 1919 3030 2009 πάλινκτῆς
3061 1922 3302 1989 Παλαιᾶς
3347 1930 3626 2001 Διαθήκης

2843 2014 3029 2052 ταυτα.

2178 2080 2269 2135 ”15.
2320 2077 2525 2155 Ἑνὼχ,
2584 2083 2948 2158 Πατριάρχαι,
3008 2088 3295 2162 Προσευχὴ
3354 2089 3583 2166 Ἰωσὴφ,
3637 2098 3766 2145 Δια-

2110 2166 2251 2253 θήκη
2329 2170 2626 2238 Μωϋσέως,
2705 2171 3003 2246 Ἀνάληψις
3106 2176 3400 2246 Μωυσέως,
3488 2173 3766 2253 Ἀϐραὰμ,

2111 2251 2311 2310 Ἐλδὰδ
2342 2257 2432 2311 καὶ
2463 2256 2688 2329 Μωδὰδ,
2720 2257 2915 2316 Ἡλίου
2964 2266 3274 2341 προφήτου,
3309 2251 3601 2344 Σοφονίουν
3627 2251 3768 2339 προ-

2113 2347 2313 2421 φήτου,
2345 2348 2619 2423 Ζαχαρίου
2676 2350 2880 2425 πατρὸς
2935 2353 3215 2421 Ἰωάννου,
3275 2355 3520 2433 Βαροὺχ,
3563 2351 3772 2430 Ἀμϐα-

2114 2434 2280 2506 κοὺμ,
2312 2434 2596 2509 Ἐζεχιήλ,
2624 2436 2713 2491 καὶ
2746 2437 2947 2509 Δανιὴλ
2979 2438 3407 2522 ψευδεπίγραφα.

414 2086 506 2140 75.
566 2082 785 2151 Enoch,
835 2080 1207 2148 Patriarchzs,
1258 2079 1452 2136 Oratio
1506 2081 1749 2154 Joseph,
1798 2085 1998 2138 Testa-

347 2184 608 2229 mentum
641 2169 876 2243 Moysis,
909 2169 1247 2240 Assumptio
1293 2169 1527 2242 Moysis,
1558 2170 1873 2242 Abraham,
1906 2170 2000 2227 El-

348 2263 458 2318 dad
490 2266 547 2317 et
584 2259 816 2329 Modad,
870 2258 1006 2313 Eliaa
1058 2257 1373 2330 praphetae,
1406 2258 1713 2331 Sophoniaa
1745 2260 1998 2333 prOphe-

346 2357 436 2416 tae,
470 2348 781 2417 Zachariae,
815 2346 1004 2401 Patris
1050 2345 1317 2414 Joannis,
1353 2345 1600 2412 Baruch,
1651 2347 1999 2415 Ambacum,

349 2436 610 2495 Ezechiel
640 2441 697 2493 et
725 2435 930 2492 Daniel
964 2433 1112 2489 falso
1142 2434 1430 2505 inscripti.

459 2571 600 2628 Novi
636 2573 819 2626 autem
848 2568 1198 2635 Tectamcnti,
1229 2567 1429 2638 quibus
1467 2567 1896 2639 contradicitur,

1056 2568 1198 2651 criti,
1229 2567 1429 2638 quibus
1467 2567 1896 2639 contradicitur,
2331 2569 2447 2637 Τῆς
2480 2570 2615 2631 Νέας
2648 2567 2812 2625 πάλιν
2843 2573 3115 2644 Διαθήκης
3145 2574 3534 2652 ἀντιλεγόμενα

1056 2639 1115 2693 In
1143 2648 1291 2694 sunt.
2781 2646 2949 2694 ταῦτα
2979 2647 3112 2694 (33ὶ-

2781 2646 2949 2698 ταῦτα
2979 2647 3113 2718 (33).

2190 2756 2282 2811 76.
2320 2753 2568 2830 Περίοδοι
2630 2759 2858 2832 Πέτρου,
2911 2759 3162 2835 Περίοδοι
3215 2763 3489 2833 Ἰωάννου,
3522 2761 3778 2840 Περίοδοι

2125 2848 2316 2916 Θωμᾶ,
2350 2842 2688 2921 Εὐαγγὲλιον
2748 2848 2881 2902 κατά
2938 2855 3128 2922 Θωμᾶ,
3158 2848 3372 2926 ’Διδαχή
3433 2852 3779 2925 ἀποστόλων,

363 2939 670 3007 stolorum,
704 2935 1084 2992 Clementina.
1115 2934 1196 2989 Ex
1226 2932 1317 2988 his
1350 2933 1569 2989 veriora
1598 2936 1861 3005 quaedam
1897 2940 1957 2990 et
1982 2952 2017 2992 a

2148 2931 2463 3005 ἰλημέντια,
2498 2932 2549 3004 ἐξ
2580 2934 2653 2988 ὧν
2711 2938 3149 3013 μετεφράσθησαν
3199 2937 3490 3016 ἐκλεγέντα
3530 2941 3599 2996 τὰ
3646 2940 3786 3013 ἀλη-

363 3030 481 3087 Deo
511 3027 818 3100 inspirata,
850 3039 1019 3081 versa
1047 3027 1105 3079 et
1132 3022 1315 3078 electa
1346 3026 1503 3092 sunt,
1535 3028 1592 3078 et
1622 3039 1691 3078 ea
1720 3028 1859 3078 sunt
1889 3040 2015 3095 quae

2148 3024 2349 3094 ita-rapa
2428 3020 2517 3076 καὶ
2600 3022 2940 3082 θεόπνευστα.
2998 3028 3179 3082 Ταῦτα
3264 3027 3332 3082 τὰ
3413 3028 3783 3106 ἀναγινωσκό-

364 3120 663 3194 leguntur.

2148 3130 2226 3164 ιεν
2238 3131 2284 3163 ‘1.

428 2759 519 2814 76.
553 2757 767 2813 Itinera
809 2754 984 2824 Petri,
1018 2755 1230 2811 Itinera
1273 2754 1541 2823 Joannis,
1594 2755 1810 2811 Itinera
1856 2756 2009 2812 Tho-

364 2867 493 2919 mas,
517 2846 896 2920 Evangelium
920 2846 1244 2902 secundum
1266 2844 1549 2899 Thomam
1580 2845 1851 2900 Doctrina
1881 2861 2014 2917 apo-

437 3209 587 3267 155
624 3208 691 3264 Hi
723 3221 928 3262 omnes
968 3201 1321 3276 cognitionis
1351 3202 1541 3274 gratia
1570 3202 1821 3273 expositi
1856 3207 2015 3269 sunt,

367 3315 636 3374 perverse
662 3302 858 3353 tamen
888 3293 1112 3364 scripti,
1146 3291 1309 3347 nothi
1339 3307 1405 3346 ac
1438 3290 1687 3363 reprobi.
1722 3292 1791 3345 Et
1822 3290 2020 3345 nullus

368 3390 642 3452 istorum,
693 3384 944 3441 maxime
992 3381 1483 3454 apocryphorum,
1517 3381 1878 3451 approbatus
1931 3385 2033 3435 aut

374 3479 536 3537 utilis
569 3481 677 3543 est,
713 3472 1040 3547 praesertim
1063 3470 1205 3525 Novi
1234 3469 1595 3525 Testamenti
1622 3486 1635 3524 :
1670 3469 1770 3524 sed
1805 3486 2027 3537 omnes,

376 3569 452 3624 iis
481 3563 738 3637 exceptis
767 3563 838 3618 de
867 3560 1082 3631 quibus
1114 3564 1308 3614 actum
1339 3563 1429 3613 est
1458 3558 1751 3629 superius,
1787 3559 1887 3629 qui
1920 3565 1977 3614 et
1999 3575 2033 3614 a

381 3655 592 3731 priscis
620 3651 983 3724 sapientibus
1006 3665 1070 3704 ac
1088 3646 1357 3703 Patribus
1374 3648 1677 3719 approbati
1702 3649 2033 3719 sunt,digni

384 3750 525 3803 sunt
554 3742 653 3815 qui
686 3740 1120 3797 abscondantur
1140 3736 1351 3808 magis,
1380 3752 1553 3807 quam
1591 3737 1692 3807 qui
1724 3737 2029 3809 legantur:

384 3837 559 3893 etiam
594 3831 712 3896 alii,
744 3835 801 3886 et
820 3828 922 3899 qui
952 3827 1104 3882 inter
1134 3824 1265 3880 illos
1314 3824 1625 3897 Evangelia
1673 3841 1907 3898 quoque
1939 3844 2032 3883 vo-

384 3928 613 3987 cantur,
639 3923 845 3993 prazter
874 3921 1126 3989 quatuor
1153 3912 1247 3968 illa
1280 3929 1407 3984 quae
1430 3913 1647 3968 tradita
1676 3914 1845 3970 nobis
1870 3922 2032 3973 sunt.

385 4014 533 4070 Nam
565 4014 819 4083 quatuor
849 4004 1018 4060 nobis
1051 4001 1361 4072 Evangelia
1404 4010 1785 4058 sacrosanctae
1832 4009 1888 4060 et
1935 4022 2035 4061 ca-

384 4101 617 4160 tholica:
648 4104 703 4153 et
734 4093 1061 4168 apostolica:
1094 4090 1359 4146 Ecclesiae
1392 4107 1644 4146 canones
1688 4100 2031 4151 sanxerunt.

385 4189 720 4247 Secundum
753 4184 1117 4248 Matthaaum,
1152 4180 1476 4236 secundum
1516 4180 1794 4247 Marcum,
1828 4200 2034 4239 secun-

387 4282 528 4336 dum
560 4280 800 4341 Lucam,
825 4274 1146 4329 secundum
1169 4270 1647 4339 Joannemvjuxla
1670 4273 2033 4343 prophetiam

386 4367 650 4434 visionis,
684 4379 861 4437 quam
906 4359 1162 4416 Ezechiel
1193 4360 1477 4430 propheta
1519 4359 1589 4413 de
1621 4366 1872 4432 quatuor
1901 4363 2033 4418 che-

388 4457 582 4514 rubim
614 4454 779 4510 vidit.
814 4453 1073 4517 Quatuor
1104 4447 1258 4503 enim
1293 4447 1595 4502 cherubim
1631 4449 1912 4520 propheta
1940 4448 2036 4505 ille

387 4547 533 4604 vidit
561 4563 576 4601 :
612 4559 795 4599 unum
829 4539 1084 4597 similem
1112 4536 1360 4604 homini,
1394 4536 1451 4591 id
1502 4542 1610 4603 est,
1656 4537 2034 4609 Evangelium

2200 3202 2376 3253 Ταῦτα
2422 3196 2595 3253 πάντα
2650 3198 2959 3272 ἐξετέθησαν
3027 3205 3121 3277 μὲν
3182 3203 3307 3260 ὅσον
3366 3208 3503 3283 πρὸς
3554 3205 3785 3281 εἷ’δησιν,

2140 3288 2640 3363 παραγεγραμμένοι
2670 3286 2727 3344 δέ
2772 3290 2873 3345 εἶσι
2924 3290 3138 3356 πάντως
3186 3293 3275 3349 καὶ
3322 3295 3477 3365 νόθα,
3507 3297 3597 3351 καὶ
3653 3297 3790 3353 ἀπό-

2141 3369 2339 3445 ϐλητα.
2375 3375 2473 3430 Καὶ
2509 3373 2661 3432 οὐδὲν
2717 3378 2946 3452 τούτων,
2974 3385 3081 3438 τῶν
3140 3382 3471 3462 ἀποκρύφων
3530 3385 3788 3459 μάλιστα,

2141 3460 2387 3541 ἔγκριτον
2421 3465 2456 3534 ἢ
2489 3463 2787 3543 ἐπωφελὶς,
2820 3467 3101 3543 ἐξαιρέτως
3150 3478 3252 3541 τῆς
3300 3460 3436 3535 Νέας
3491 3476 3787 3545 Διαθήκης·

2143 3552 2287 3609 ἀλλά
2335 3553 2507 3609 πάντα
2565 3552 2696 3630 δίχα
2750 3561 2856 3610 τῶν
2916 3557 3172 3632 ἀνωτέρω
3237 3556 3669 3639 διαληφθέντων,
3700 3561 3791 3616 καὶ

2145 3644 2500 3720 ἐγκριθέντων
2530 3644 2673 3719 παρὰ
2717 3651 2833 3707 τοῖς
2882 3645 3140 3709 παλαιοῖς
3199 3654 3388 3725 σοφοῖς
3443 3650 3535 3704 καὶ
3592 3650 3794 3725 πατρά-

2142 3755 2247 3801 σιν,
2299 3734 2615 3811 ἀποκρυφῆς
2671 3731 2892 3805 μᾶλλον
2949 3736 2983 3804 ἢ
3034 3735 3384 3811 ἀναγνώσεως
3442 3737 3518 3801 ὡς
3572 3737 3798 3806 ἀληθῶς

2144 3819 2287 3894 ἄξιαο
2314 3820 2380 3875 τά
2436 3841 2493 3875 τε
2550 3818 2715 3894 ἄλλα,
2745 3821 2834 3876 καὶ
2893 3822 3029 3878 αὐτὰ
3072 3825 3139 3879 τὰ
3181 3823 3495 3900 καλούμενα
3526 3826 3578 3883 έν
3611 3826 3796 3890 αὐτοῖς

2143 3907 2472 3986 Εὐαγγέλια,
2524 3906 2675 3970 ἐκτὸς
2723 3914 2832 3965 τῶν
2884 3909 3297 3986 παραδοθέντων
3338 3917 3474 3988 ἡμῖν
3521 3915 3796 3993 τεσσάρων

2141 3999 2371 4055 τούτων.
2424 3996 2726 4076 Ιῧύαγγέλια
2782 4001 2883 4077 γὰρ
2940 4003 3171 4075 τέσσαρα
3220 4002 3502 4059 έθέσπισαν
3559 4008 3696 4079 ἡμῖν
3750 4007 3801 4061 οἱ

2143 4090 2282 4165 ἱεροὶ
2313 4088 2532 4151 κανόνες
2576 4095 2678 4159 τῆς
2719 4090 2875 4165 ἁγίας
2934 4091 3240 4162 καθολικῆς
3289 4095 3380 4149 καὶ
3428 4093 3799 4164 άποστολικῆς

2144 4178 2492 4249 Ἐκκλησίας·
2523 4178 2587 4233 τὸ
2642 4180 2779 4234 κατά
2836 4182 3127 4249 Ματθαῖον,
3158 4182 3221 4236 τὸ
3268 4184 3404 4238 κατὰ
3458 4183 3697 4258 Μάρκον,
3739 4184 3803 4238 τὸ

2142 4268 2280 4323 κατὰ
2331 4272 2559 4338 Λουκᾶν,
2591 4268 2681 4320 καὶ
2726 4267 2788 4320 τὸ
2827 4269 2964 4322 κατὰ
3018 4268 3294 4339 Ἰωάννην,
3328 4270 3465 4325 κατὰ
3504 4272 3604 4339 τὴν
3666 4292 3803 4347 προ-

2146 4356 2367 4435 φητείαν
2414 4361 2512 4423 τῆς
2565 4353 2843 4424 ὀπτασίας,
2875 4358 2942 4423 ἧς
2989 4355 3243 4411 ἐθεάσατο
3292 4356 3563 4433 Ἰεζεχιήλ
3597 4359 3625 4412 ὁ
3666 4379 3802 4433 προ-

2146 4448 2323 4524 φήτης
2378 4443 2501 4516 περὶ
2559 4447 2666 4496 τῶν
2723 4442 2994 4517 τεσσάρων
3059 4438 3355 4518 χερουϐίμ.
3415 4445 3656 4520 Τέσσαρα
3700 4444 3802 4521 γὰρ

2147 4531 2256 4589 εἶδε
2314 4525 2594 4607 χερουϐἰμ
2652 4530 3209 4604 οὗτοςὸπροφήτηςο
3239 4532 3304 4586 τὸ
3358 4531 3415 4587 ’ὲν
3467 4531 3661 4606 ὅμοιον
3716 4533 3805 4589 ἀν-

390 4635 714 4693 secundum
766 4629 1106 4686 Matthmum
1135 4644 1148 4694 ;
1184 4626 1364 4680 alium
1401 4625 1655 4681 similem
1687 4624 1889 4693 vitulo,
1924 4643 2029 4697 quo

2148 4622 2370 4697 θρώπῳ,
2418 4620 2663 4673 τουτέστι
2722 4619 2786 4673 τὸ
2833 4619 2970 4674 κατᾶ
3026 4625 3300 4684 Ματθαῖον
3351 4619 3710 4698 Εὗαγγέλιον·
3743 4623 3806 4677 τὸ

389 4722 754 4796 signiﬁcatur
782 4716 1156 4789 Evangelium
1194 4714 1515 4770 secundum
1575 4714 1872 4780 Marcum;
1922 4719 2036 4769 ter-

387 4815 561 4880 tium,
585 4807 839 4866 similem
870 4805 1044 4872 leoni,
1067 4805 1124 4860 id
1157 4809 1265 4869 est,
1292 4801 1669 4874 Evangelium
1711 4802 2039 4858 secundum

388 4902 639 4965 Lucam;
673 4900 976 4970 quartum,
1007 4891 1260 4949 similem
1295 4892 1529 4963 aquilae,
1553 4891 1610 4946 id
1647 4898 1753 4959 est,
1788 4892 2041 4963 Evange-

387 4991 534 5047 lium
568 4987 894 5045 secundum
923 4984 1232 5039 Joannem.
1260 4986 1473 5036 Praeter
1494 4986 1749 5053 quatuor
1778 4981 1889 5037 ista
1916 4980 2043 5037 nul-

388 5081 514 5138 lum
548 5084 637 5136 est
666 5075 826 5133 aliud
860 5071 1261 5144 Evangelium.

466 5165 839 5240 Evangelium
874 5161 1199 5219 secundum
1234 5159 1596 5225 Matthaaum,
1631 5160 1702 5214 ab
1737 5159 1863 5231 ipso
1895 5158 2041 5214 Mat-

394 5259 567 5328 thzeo,
603 5253 897 5312 Hebraico
937 5250 1182 5306 dialecto
1234 5252 1631 5320 conscriptum
1681 5254 1791 5315 est,
1823 5254 1880 5303 et
1928 5248 2045 5303 edi-

392 5353 519 5404 tum
565 5342 967 5416 Jerosolymis,
1017 5341 1584 5409 interpretatumque
1630 5343 1719 5391 est
1750 5354 1784 5391 a
1832 5337 2044 5393 Jacobo

397 5434 573 5492 fratre
620 5432 853 5490 Domini
900 5428 1224 5486 secundum
1274 5443 1533 5491 carnem,
1577 5424 1678 5496 qui
1709 5431 1766 5480 et
1818 5424 2046 5496 primus

470 5593 583 5664 (33)
615 5594 751 5657 Quae
778 5588 873 5645 hic
904 5583 1294 5664 ἀντιλεγόμενα
1339 5584 1637 5664 dicuntur,
1672 5584 1824 5664 apud
1880 5582 2046 5664 Νξοθ-

440 5657 652 5719 horum
683 5667 966 5719 vocantur
987 5657 1332 5731 apotrypba,
1349 5660 1424 5726 et,
1441 5660 1505 5731 ut
1532 5659 1790 5731 putatur,
1807 5657 2048 5731 rectius.

444 5682 652 5719 norum
683 5682 966 5719 vocantur
987 5682 1332 5731 apocrypuu,
1349 5682 1424 5726 BL,
1444 5682 1505 5710 uo
1532 5682 1790 5727 pumtur,
1808 5682 2048 5710 ruuuua.

401 5682 578 5795 ξονι-ο
599 5733 754 5808 apud
774 5732 1046 5789 eumdem
1069 5729 1430 5801 adjiciuntur
1447 5726 1656 5801 Ignatii
1680 5731 1736 5783 et
1752 5725 2050 5801 Polycarpi

2148 4708 2395 4784 δεύτερον
2455 4707 2648 4781 ὅμοιον
2708 4706 2929 4784 μόσχῳ,
2958 4711 3203 4765 τουτέστι
3259 4711 3322 4768 τὸ
3379 4712 3516 4767 κατὰ
3574 4712 3800 4788 Μάρκον

2148 4797 2504 4874 Εὐαγγέλιον’
2537 4796 2598 4850 τὸ
2629 4792 2771 4852 ἄλλο
2804 4797 2997 4870 ὅμοιον
3027 4796 3230 4870 λέοντι,
3259 4800 3507 4856 τουτέστι
3553 4801 3615 4855 τὸ
3672 4799 3807 4855 κατὰ

2151 4892 2363 4942 Λουκᾶν
2420 4884 2659 4962 Εὐαγγέ)
2678 4906 2776 4940 ιον·
2836 4887 2899 4941 τὸ
2956 4883 3014 4941 δὲ
3069 4887 3321 4961 τέταρτον
3391 4888 3586 4962 ὅμοιον
3643 4888 3803 4959 άετῷ,

2148 4976 2393 5032 τουτέστι
2424 4977 2486 5030 τὸ
2517 4976 2653 5029 κατὰ
2684 4976 2939 5046 Ἰωάννην
2974 4975 3331 5053 Εὐαγγέλιεν.
3366 4978 3519 5053 Παρά
3555 4973 3614 5031 δὲ
3642 4980 3807 5031 ταῦτα

2149 5065 2215 5120 τὰ
2244 5065 2475 5140 τέσσαρα
2500 5060 2681 5139 ἕτερον
2714 5063 3048 5141 Εὐαγγέλιον
3082 5063 3260 5121 οὐδέν.

2221 5154 2291 5208 Τὸ
2328 5155 2421 5227 μὶν
2455 5152 2545 5208 οὖν
2573 5153 2709 5207 κατὰ
2754 5158 3026 5217 Ματθαῖον
3075 5151 3406 5229 Εὐαγγέλιον
3458 5152 3666 5231 ἐγράφη
3720 5151 3809 5206 ὑπ’

2152 5243 2317 5299 αὐτοῦ
2368 5247 2462 5297 τοῦ
2513 5242 2793 5305 Ματθαίου
2841 5245 2909 5316 τῇ
2955 5236 3203 5317 Ἐϐραΐδι
3250 5240 3541 5317 διαλέκτῳ,
3588 5241 3676 5296 καὶ
3725 5239 3808 5311 ἐξ-

2155 5328 2316 5402 εδόθη
2372 5330 2424 5386 έν
2476 5328 2859 5406 Ἰερουσαλὴμ,
2909 5329 3234 5405 ἡρμηνεύθη
3286 5328 3343 5386 δὶ
3390 5330 3492 5386 ὑπὸ
3542 5324 3809 5387 Ἰακώϐου

2152 5424 2251 5475 τοῦ
2277 5416 2516 5497 ἀδελφοῦ
2540 5424 2637 5474 τοῦ
2668 5419 2868 5496 Κυρίου
2896 5419 2959 5474 τὸ
2991 5419 3126 5474 κατὰ
3170 5420 3362 5493 σάρκα,
3392 5419 3451 5482 ὃς
3509 5420 3599 5475 καὶ
3655 5422 3811 5495 πρῶ-

2157 5580 2418 5664 epistolae
2451 5598 2578 5654 quas
2638 5580 2909 5638 fortassis
2966 5582 3135 5654 lapsu
3186 5582 3486 5656 graphice,
3516 5582 3607 5638 hic
3672 5583 3813 5638 sunt

2160 5670 2414 5709 omissae.
