4170 6364
379 436 501 495 437
1488 432 1812 491 SYNOPS]
1827 432 1861 485 ξς
1911 430 2026 489 SCl

2157 429 2379 488 [‘Ult/E
2424 428 2716 486 SACR.‘E.
3685 426 3804 487 438

378 563 675 640 παροιμίας
729 563 833 618 ὑπὸ
886 564 1253 637 Σολομῶντος
1304 561 1636 630 ἐκδεδόσθαι,
1668 562 1825 640 φησὶν
1860 563 1893 629 ἡ
1923 564 2025 615 τῶν

2151 560 2302 616 edita
2335 577 2367 615 a
2399 559 2709 614 Salomone
2741 560 2917 614 tradit
2939 559 3509 630 Paralipomenorum
3539 559 3798 631 Scriptu-

379 652 879 730 Παραλειπομὲνων
944 656 1127 730 Γραφή
1192 657 1326 726 (46)’
1388 651 1515 707 ἀλλ’
1574 652 1673 706 οὐκ
1730 651 1830 705 εἶσὶ
1878 649 2026 713 νῦν-ἲ

2157 666 2249 704 ra:
2287 650 2385 703 sed
2420 648 2584 702 nulla
2632 651 2757 718 jam
2810 653 3040 703 exstant
3072 665 3246 719 quam
3304 665 3369 702 ea
3418 666 3545 719 quas
3600 648 3804 720 recipit

383 745 537 816 μόναι
597 744 651 798 αἱ
706 742 1217 814 ἐκκλησιαζόμειιαι.
1278 744 1348 795 Τὸ
1418 748 1599 814 ’ᾼσμοι
1664 741 1713 811 ἐξ
1782 740 2030 812 ᾀσμάτων

2154 738 2421 793 Ecclesia.
2473 738 2775 793 Canticum
2858 738 3193 810 mysticum,
3257 754 3326 793 ex
3400 737 3801 807 compluribus

377 833 645 887 πλειόνων
696 834 758 887 τὸ
811 832 1070 904 μυστικὸν
1118 830 1417 906 ἐξειλὲχῧαι
1470 830 1882 905 ἐπιγέγραπται.
1919 830 2024 882 Ἰώ-

2154 828 2388 882 canticis
2412 827 2689 882 selectum
2720 844 2846 883 esse
2868 827 2996 898 ipsa
3018 828 3128 881 fert
3157 826 3482 897 inscriptio.
3510 825 3801 897 Josepbus

378 944 551 993 σηπος
586 920 644 977 δὲ
676 923 879 997 ἰστορεῖ
912 919 1006 975 δόο
1044 916 1231 994 βιϐλία
1279 920 1611 998 προφητείας
1666 920 1755 973 τὸν
1816 920 2025 995 προφή-

2151 932 2276 970 vero
2308 917 2491 970 tradit
2524 915 2879 971 Ezechielem
2918 915 3260 988 prophetam
3290 916 3437 970 duos
3482 914 3798 987 prophetiae

373 1034 470 1083 την
504 1015 618 1087 (47)
666 1009 925 1081 Ἰεζεκιὴλ
978 1009 1296 1087 γεγράφθαι·
1330 1010 1383 1064 ἓν
1440 1008 1497 1065 δὲ
1557 1011 1719 1083 μόνον
1776 1010 2020 1083 ἐπιγινώ-

2155 1005 2326 1061 libros
2349 1006 2770 1077 conscripsisse
2800 1022 2812 1059 :
2837 1006 3060 1060 scimus
3082 1009 3279 1059 autem
3308 1020 3494 1059 unum
3519 1004 3802 1059 duntaxat

378 1123 574 1175 σκομεν
610 1101 968 1176 εὑρίσκεσθαι.

2149 1094 2406 1165 reperiri.
2440 1096 2668 1165 (Itaque
2697 1094 2815 1148 haec
2846 1094 3044 1149 omnia
3075 1109 3178 1165 per
3212 1093 3531 1165 impiorum
3562 1092 3796 1148 Judaso-

2143 1201 2276 1239 rum
2308 1184 2626 1239 amentiam
2658 1188 2716 1239 et
2747 1185 3036 1240 incuriam
3067 1184 3381 1250 interiisse,
3416 1182 3797 1239 manifestum

2142 1274 2276 1339 est.)

454 1423 565 1494 (46)
596 1426 791 1477 Barce.
824 1416 1128 1473 ἐκδεδόσθαι
1230 1422 1336 1471 τῶν
1392 1417 1886 1493 Παραλειπομὲνων
1941 1416 2028 1471 λέ-

2145 1422 2458 1494 προφητὼν,
2489 1419 2606 1494 τὸν-
2639 1437 2805 1494 προίξ.
2861 1419 3123 1494 Praestat
3164 1418 3325 1489 Regii
3372 1417 3562 1473 lectio.
3611 1417 3792 1494 _Porro

387 1490 710 1570 yailjpacpvs.
1172 1558 1213 1570 Μ
1256 1562 1267 1570 Ι
1447 1490 1484 1570 _'
1530 1558 1582 1570 Μ
1682 1562 1705 1570 Α
1743 1556 1833 1570 ω,
1961 1565 1986 1570 _
2142 1490 2272 1563 quae
2314 1491 2548 1570 uncinis
2595 1490 3224 1570 i_neludu_ntur_l_.atine,
3261 1490 3793 1570 nusquam_Gra2ce

454 1556 566 1636 (47)
598 1556 795 1620 Barce.
832 1563 1133 1633 Ἰώσηππος
1168 1558 1226 1615 δὲ
1256 1562 1469 1636 ἱστορεῖ
1526 1558 1619 1613 δύο
1679 1556 1869 1635 βιϐλία
1921 1565 2027 1614 τῶν

2140 1556 2486 1634 reperimus,
2522 1564 2621 1617 sed
2654 1579 2722 1617 ex
2754 1564 2917 1634 prius
2947 1562 3118 1617 editis
3152 1562 3266 1617 huc
3296 1556 3735 1617 transtulimus.

533 1986 1243 2082 ADMONITIO
1317 1987 1447 2080 IN
1520 1983 2543 2079 DISPUTATIONEM
2618 1984 3118 2079 CONTRA
3186 1983 3614 2078 ABIUM.

442 2230 590 2286 I57
631 2229 671 2283 Ι.
707 2251 735 2279 ‹‹
764 2226 1089 2283 Praemissis
1120 2226 1193 2282 iis
1225 2224 1500 2298 operibus
1532 2242 1659 2296 quas
1711 2231 1909 2280 nostro
1952 2225 2089 2280 doct

2139 2242 2374 2296 rumque
2399 2226 2624 2296 judicio
2670 2229 2871 2297 aperta
2900 2222 3111 2287 νοθείας
3145 2224 3231 2280 vel
3279 2223 3639 2299 γνησιότητος
3670 2244 3786 2282 non

376 2318 591 2374 habent
622 2316 861 2384 indicia,
894 2332 962 2372 ea
984 2316 1109 2386 jam
1145 2316 1531 2385 edimus,quaa
1564 2313 1709 2369 falso
1748 2314 2050 2369 Athanasii
2087 2314 2352 2385 praeferre
2385 2332 2598 2369 nomen
2629 2314 2916 2385 liquidius
2965 2314 3401 2384 comprobatur.
3438 2314 3698 2371 Primum
3730 2316 3789 2372 in

376 2407 548 2461 editis
578 2404 834 2460 occurrit
865 2404 1182 2476 disputatio
1214 2408 1418 2459 contra
1446 2403 1641 2458 Arium
1668 2402 1725 2457 in
1760 2402 2004 2458 concilio
2035 2403 2286 2459 Nicasno.
2311 2408 2469 2475 ()pus
2492 2405 2617 2474 jam
2651 2404 2877 2475 pridem
2905 2421 2937 2458 a
2963 2403 3102 2472 viris
3135 2402 3321 2459 doctis
3343 2403 3662 2461 Athanasio
3686 2407 3791 2460 ab-

362 2495 717 2567 judicatum.
754 2493 918 2549 Libet
948 2498 1141 2548 autem
1177 2493 1270 2547 hic
1301 2509 1750 2564 apponere,quae
1783 2494 1851 2547 ad
1879 2493 2095 2547 calcem
2131 2492 2403 2548 editionis
2434 2493 2909 2549 Commelinianm
2930 2510 2963 2548 a
2996 2494 3163 2549 Petro
3196 2493 3590 2549 Felckmanno
3613 2495 3795 2550 adno-

368 2589 487 2640 tata
538 2588 680 2639 sunt
726 2584 783 2638 in
832 2583 1013 2639 variis
1055 2582 1289 2637 lection.
1344 2604 1372 2632 ››
1407 2599 1463 2653 p.
1496 2584 1585 2637 21.
1640 2582 1970 2654 Inscriptio,
2005 2584 2205 2654 inquit,
2255 2583 2434 2653 hujus
2485 2583 2905 2654 disputationis
2951 2582 3008 2637 in
3046 2582 3243 2638 codice
3290 2589 3633 2655 Auguslano
3664 2588 3791 2640 est:

370 2670 609 2741 Διάλεξις
642 2670 692 2726 ἐν
725 2674 795 2745 τῇ
826 2672 960 2726 κατὰ
989 2671 1210 2725 Νίκαιαν
1245 2668 1451 2743 συνόδῳ
1480 2671 1618 2744 πρὸς
1652 2670 1953 2743 Ἀρειανὸν.
1991 2673 2017 2727 Ε

2151 2672 2309 2726 entia
2340 2689 2471 2727 vero
2516 2674 2749 2743 desunt,
2785 2677 2848 2726 ut
2879 2676 2935 2727 et
2966 2673 3023 2726 in
3072 2671 3245 2727 Basil.
3281 2676 3336 2728 et
3365 2672 3590 2744 Anglic.
3624 2675 3794 2729 codd.

371 2764 438 2818 Et
467 2767 746 2835 praeterea
775 2764 979 2818 eadem
1011 2763 1185 2817 etiam
1216 2763 1275 2816 in
1308 2768 1571 2833 tempore
1608 2762 1837 2817 fallunt.
1875 2762 2019 2816 Nam
2056 2762 2209 2833 quod
2244 2760 2480 2827 dicitur,
2514 2761 2807 2816 Nicasnam
2843 2762 3132 2833 synodum
3157 2761 3420 2816 habitam
3446 2779 3599 2817 anno
3631 2763 3793 2818 Chri-

371 2851 445 2907 sti
474 2852 599 2920 310,
634 2851 691 2906 id
724 2867 922 2906 verum
957 2867 1086 2906 esse
1120 2867 1232 2905 non
1268 2855 1497 2921 potest:
1530 2850 1823 2921 siquidem
1857 2866 1947 2919 ea,
1980 2866 2129 2906 coss.
2162 2850 2396 2905 Juliano
2428 2855 2484 2905 et
2514 2850 2778 2913 Paulino,
2814 2849 2933 2905 sive
2967 2855 3173 2921 coepta,
3221 2850 3343 2905 sive
3392 2850 3559 2905 finita
3588 2856 3697 2915 est,
3732 2856 3797 2907 ut

372 2945 529 3013 patet
557 2958 625 2996 ex
659 2940 895 2996 Socrate
927 2940 1028 2995 lib.
1059 2942 1282 3009 Histor.,
1318 2957 1445 3010 cap.
1482 2941 1569 3007 13,
1604 2939 1784 2993 Graze.
1821 2940 1960 3010 Reg.
1996 2939 2139 2994 edit.
2181 2944 2239 2993 et
2270 2938 2415 3010 ipsis
2445 2938 2603 2994 Actis
2633 2939 2881 2993 Nicaanis
2915 2955 3099 3008 nuper
3123 2937 3360 2992 Lutetiae
3390 2938 3584 3008 editis,
3618 2944 3674 2995 et
3694 2940 3789 2995 Al-

377 3029 601 3101 phonso
635 3029 844 3085 Pisano
876 3029 1024 3084 libro
1057 3030 1313 3084 secundo
1347 3034 1405 3084 et
1434 3028 1605 3083 tertio
1637 3030 1711 3083 De
1738 3028 1942 3099 synodo
1972 3029 2217 3084 Numa.

444 3121 515 3174 At
540 3119 624 3174 illi
655 3136 808 3174 coss.
843 3120 1083 3174 fuerunt
1113 3119 1267 3174 circa
1297 3134 1519 3173 annum
1550 3119 1621 3171 20
1672 3116 1901 3187 imperii
1953 3115 2317 3172 Constantini
2351 3117 2503 3187 Mag.
2540 3115 2646 3171 hoc
2706 3119 2815 3184 est,
2850 3114 3102 3185 (variant
3131 3115 3289 3169 enim
3320 3116 3611 3187 auctores)
3640 3116 3797 3173 inter

381 3224 599 3263 annum
632 3206 845 3263 Christi
876 3208 983 3262 325
1012 3211 1069 3262 et
1097 3208 1221 3262 329.
1282 3208 1470 3272 Quare
1500 3205 1623 3259 fieri
1688 3222 1801 3261 non
1833 3210 2045 3275 potest,
2106 3210 2170 3259 ut
2201 3206 2250 3259 is
2310 3222 2500 3260 annus
2532 3204 2797 3259 decimus
2856 3204 3029 3259 fuerit
3059 3220 3238 3275 supra
3296 3204 3791 3260 trecentesimum.

372 3297 655 3353 Praeterea
686 3313 791 3351 nec
824 3297 876 3351 id
944 3296 1100 3367 quod
1136 3296 1371 3362 dicitur,
1405 3295 1768 3350 Alexandum
1828 3295 2019 3366 egisse
2042 3296 2167 3365 jam
2212 3298 2338 3349 tum
2374 3296 2714 3366 episcopum
2777 3292 3057 3366 Byzantii,
3091 3294 3381 3363 quomodo
3432 3310 3635 3349 verum
3668 3311 3796 3349 esse

373 3389 578 3460 possit,
611 3386 817 3442 video:
852 3402 1011 3453 cum,
1044 3391 1108 3440 ut
1140 3389 1297 3457 patet
1326 3402 1394 3440 ex
1424 3384 1689 3440 historiis
1719 3388 1776 3438 et
1806 3384 1949 3454 ipsis
2000 3387 2277 3440 Actorum
2319 3384 2683 3439 Nicaenorum
2718 3382 3275 3454 subscriptionibus.
3311 3382 3635 3439 Alexander
3666 3400 3795 3455 pre-

372 3476 566 3547 sbyter
593 3481 650 3531 et
679 3475 904 3547 legatus
936 3474 1114 3529 fuerit
1144 3474 1541 3543 Metrophanis
1571 3473 1829 3545 episcopi
1861 3473 2513 3545 Constantinopolitani.
2542 3474 2823 3529 Videatur
2846 3474 2915 3528 de
2946 3473 3052 3528 hac
3085 3488 3144 3527 re
3172 3472 3511 3544 Alpbonsus
3546 3474 3797 3529 Pisanus

364 3566 434 3620 de
464 3564 711 3621 concilio
742 3563 977 3619 Nicaeno
1011 3580 1141 3636 pag.
1174 3565 1265 3632 71,
1300 3565 1424 3631 322,
1460 3564 1565 3618 323
1595 3570 1651 3618 et
1680 3562 1805 3617 329.
1840 3568 1897 3618 et
1925 3565 2067 3618 Acta
2098 3564 2352 3628 Nicrena,
2384 3568 2533 3635 part.
2570 3579 2629 3619 II.

432 3654 718 3726 Equidem
755 3669 871 3709 non
905 3652 1109 3707 dubito
1167 3651 1554 3708 Athanasium
1590 3655 1858 3707 nostrum
1907 3653 2097 3707 varios
2158 3652 2463 3707 conﬂictus
2495 3652 2777 3708 habuisse
2835 3668 2967 3708 cum
3002 3654 3134 3709 Ario
3190 3653 3250 3708 in
3282 3652 3504 3723 synodo
3539 3651 3794 3716 Nicaana,

362 3744 595 3814 quando
628 3741 881 3814 Cyrillus
912 3740 1342 3796 Alexandrinus
1375 3742 1590 3797 alicubi
1624 3742 1738 3813 (48)
1773 3743 1947 3796 refert
1979 3758 2111 3797 eum
2147 3742 2203 3797 in
2235 3741 2469 3797 Nicaena
2517 3743 2739 3813 synodo
2773 3742 3050 3799 omnibus
3098 3741 3474 3799 admirationi
3504 3740 3703 3808 fuisse,
3738 3746 3797 3795 et

367 3832 698 3887 Alexandro
729 3831 1005 3903 episcopo
1031 3831 1202 3901 quasi
1234 3832 1336 3886 viae
1369 3832 1576 3886 ducem
1612 3832 1681 3885 ad
1716 3830 1951 3887 omnia:
1987 3832 2106 3886 imo
2137 3830 2330 3887 editus
2392 3834 2480 3886 est
2503 3832 2625 3901 jam
2660 3832 2887 3902 pridem
2934 3849 2967 3886 a
2998 3832 3076 3887 Μ.
3110 3831 3315 3889 Crusio
3355 3830 3667 3902 Catalogus
3701 3830 3793 3884 Bi-

368 3919 785 3976 bliothecarum
818 3921 973 3993 apud
1008 3920 1270 3976 diversos
1299 3920 1530 3976 Graecos
1560 3919 2069 3992 Constantinopoli
2100 3920 2401 3993 degentes,
2436 3923 2491 3974 in
2542 3937 2657 3992 quo
2690 3922 2884 3987 refert,
2935 3922 3089 3993 apud
3124 3920 3431 3977 Illustriss.
3466 3918 3792 3990 principem

367 4008 653 4064 Jacobum
684 4013 1114 4077 Marmoretam,
1149 4009 1352 4065 haberi
1385 4010 1675 4065 orationes
1707 4008 2043 4065 dialecticas
2111 4009 2415 4064 Athanasii
2470 4010 2729 4081 episcopi
2778 4010 3178 4081 Alexandrini,
3212 4010 3425 4082 quibus
3474 4008 3795 4079 disputavit

371 4098 576 4155 Nicaeae
619 4099 677 4154 in
748 4098 937 4171 prima
964 4099 1320 4155 aecumenica
1352 4100 1573 4171 synodo
1604 4104 1806 4154 contra
1860 4100 2064 4155 Arium
2128 4116 2323 4154 coram
2358 4098 2499 4170 imp.
2535 4098 2915 4154 Constantino
2948 4101 3179 4173 Magno.
3207 4100 3418 4154 Verum
3445 4115 3517 4153 an
3548 4096 3692 4167 hinc,
3723 4097 3795 4153 de

370 4204 489 4259 qua
521 4187 637 4255 hic,
671 4187 1012 4259 disputatio,
1046 4193 1148 4243 aut
1177 4189 1248 4243 de
1277 4187 1515 4242 illarum
1564 4204 1832 4256 numero,
1867 4192 1968 4242 aut
2017 4188 2256 4243 omnino
2289 4188 2592 4243 Athanasii
2644 4188 2737 4255 sit,
2771 4189 2936 4244 video
2984 4190 3185 4245 doctos
3216 4204 3331 4243 non
3364 4186 3656 4242 immerito
3686 4186 3795 4241 du-

369 4275 575 4331 bitare.
610 4277 903 4347 Quidquid
940 4277 1017 4331 sit
1046 4277 1228 4332 nostri
1263 4276 1490 4331 codices
1522 4293 1724 4331 omnes
1758 4293 1970 4348 magno
2003 4293 2289 4333 consensu
2323 4277 2596 4332 tribuunt
2626 4294 2755 4332 eam
2786 4278 3127 4334 Athanasio.

442 4364 509 4420 II.
548 4387 575 4416 ‹‹
603 4368 737 4420 Haec
771 4366 1228 4434 Felckmannus,
1262 4368 1362 4437 qui
1394 4366 1557 4438 prius
1589 4366 1881 4422 editorum
1914 4366 2087 4421 titulu

2146 4388 2151 4421 ι
2188 4367 2445 4438 respicit,
2480 4367 2577 4421 ubi
2602 4365 2683 4422 sic
2716 4367 3016 4439 legebatur
3045 4385 3057 4422 :
3092 4389 3119 4417 »
3158 4363 3445 4426 Διάλεκτος
3478 4364 3531 4420 ἐν
3564 4368 3631 4437 τῇ
3656 4364 3793 4419 κατὰ

368 4451 589 4507 Νίκαιαν
632 4450 839 4526 συνόδῳ
868 4455 1001 4529 πρὸς
1034 4456 1253 4525 ’Λρειον
1310 4452 1413 4508 ἔτει
1470 4461 1571 4523 τῆς
1632 4452 1777 4517 θείας
1836 4454 2157 4530 σαρκώσεως
2208 4463 2283 4509 τι¹
2307 4455 2357 4510 ἐν
2390 4455 2626 4530 ἡμέραις
2654 4459 2751 4509 τοῦ
2784 4450 3033 4517 εὐσεϐοῦς
3071 4453 3341 4530 βασιλέως
3365 4451 3794 4525 Κωνσταντίνου,

364 4542 453 4596 καὶ
484 4546 581 4596 τοῦ
612 4542 884 4618 μακαρίου
916 4544 1075 4598 Πάπα
1107 4538 1465 4618 Σιλϐἑστροι),
1498 4543 1587 4597 καὶ
1621 4543 1917 4598 ἐπισκόπου
1954 4552 2011 4599 Γι

2143 4544 2243 4599 τίου
2294 4542 2673 4617 Ἀλεξανδρου.
2721 4568 2747 4596 ‹‹
2780 4547 2941 4611 Quod
2976 4551 3170 4602 autem
3206 4546 3383 4601 habet
3430 4544 3527 4600 ille
3557 4546 3629 4600 de
3662 4544 3790 4599 Dia—

370 4632 520 4705 logis
549 4634 876 4689 Athanasio
907 4635 1234 4703 attributis,
1270 4636 1397 4691 fuse
1427 4653 1461 4691 a
1492 4636 1660 4691 nobis
1685 4636 1833 4690 alias
1865 4640 2280 4707 portractatum
2307 4641 2415 4691 est.
2449 4637 2615 4691 Hunc
2646 4652 2777 4691 vero
2800 4637 2951 4705 quod
2984 4640 3209 4707 spectat
3230 4633 3796 4707 Dialogum,constat

370 4722 559 4793 primo
592 4738 723 4778 esse
755 4723 1202 4794 supposititium
1232 4740 1243 4777 :
1278 4728 1406 4779 tum
1439 4740 1506 4779 ex
1536 4722 1667 4795 styli
1701 4740 1930 4794 genere,
1964 4726 2117 4796 quod
2151 4725 2221 4781 ab
2256 4725 2671 4791 Athanasiano,
2707 4726 2923 4779 mirum
2971 4742 3149 4796 quam
3183 4723 3491 4780 abhorreat
3519 4742 3531 4780 :
3564 4729 3690 4779 tum
3723 4741 3789 4781 ex

368 4810 736 4883 argumentis
769 4811 1118 4883 plerumque
1150 4812 1443 4881 invalidis,
1488 4829 1556 4867 ne
1584 4812 1855 4868 umbram
1894 4816 2133 4884 quidem
2170 4815 2586 4871 Athanasianae
2634 4814 2905 4890 ἐνεργείας
2936 4815 3343 4873 referentibus.
3378 4817 3567 4880 Quare
3597 4833 3699 4872 nec
3728 4816 3789 4871 in

368 4900 631 4970 antiquis
658 4899 961 4955 Athanasii
995 4917 1237 4972 operum
1271 4901 1709 4957 collectionibus
1742 4907 2060 4974 comparet,
2096 4920 2198 4958 nec
2233 4905 2302 4959 ab
2355 4904 2732 4976 antiquorum
2768 4904 2963 4976 aliquo
3015 4904 3309 4973 laudatur,
3344 4905 3497 4977 quod
3531 4906 3790 4961 sciamus

373 4987 636 5059 quidem.
670 4988 787 5045 Nec
818 4988 947 5045 ideo
979 4989 1305 5061 quidquam
1336 4988 1394 5044 in
1427 4990 1738 5045 adversum
1771 4990 1933 5045 dubii
1966 4990 2249 5057 nascitur,
2297 4993 2471 5063 quod,
2508 4998 2571 5047 ut
2602 4994 2683 5047 ait
2728 4991 3181 5065 Felckmannus,
3213 5010 3416 5049 omnes
3460 4994 3689 5069 codices
3720 4994 3791 5049 il-

366 5075 493 5131 lum
526 5076 849 5134 Athanasio
883 5079 1170 5133 tribuant.
1211 5079 1355 5134 Nam
1392 5080 1489 5133 ubi
1524 5079 1703 5135 semel
1737 5081 1808 5134 ab
1864 5085 2119 5151 auctore,
2152 5081 2456 5136 Athanasii
2519 5100 2730 5138 nomen
2770 5082 3015 5155 accepit,
3052 5082 3185 5138 hinc
3233 5082 3633 5154 consequitur,
3667 5086 3730 5138 ut
3760 5099 3793 5138 a

374 5164 635 5221 librariis
667 5167 945 5239 deinceps
977 5168 1255 5224 omnibus
1288 5169 1649 5241 autographo
1682 5169 2062 5241 haerentibus,
2096 5170 2403 5226 Athanasii
2438 5189 2651 5227 nomen
2685 5172 3069 5245 praepositum
3101 5172 3294 5228 fuerit.
3339 5191 3366 5223 »

438 5254 533 5310 III.
572 5277 599 5305 «
631 5256 809 5312 Porro
842 5256 995 5313 male
1016 5257 1175 5328 jacet
1206 5258 1264 5313 in
1325 5257 1533 5313 titulo:
1570 5258 1847 5330 Dialogus
1898 5259 1954 5313 in
1989 5259 2233 5315 concilio
2265 5261 2495 5317 Nicasno
2552 5278 2685 5317 cum
2720 5262 2854 5316 Ario
2912 5261 3189 5316 habitus:
3226 5260 3418 5333 palam
3452 5259 3671 5331 quippe
3700 5266 3790 5316 est

368 5339 450 5396 vel
485 5358 553 5398 ex
582 5343 713 5416 ipso
745 5346 941 5416 operis
972 5345 1162 5417 initio,
1197 5364 1311 5401 non
1348 5346 1404 5400 in
1438 5347 1682 5403 concilio
1714 5347 2034 5403 admissam
2070 5348 2180 5403 dici
2214 5348 2806 5420 disputationem,sed
2843 5350 2901 5403 in
2926 5348 3241 5404 diversorio
3274 5350 3527 5420 quodam
3557 5365 3569 5403 :
3604 5364 3794 5421 neque

363 5448 499 5487 cum
529 5433 663 5490 Ario
695 5433 790 5489 hic
822 5434 1181 5507 colloquium
1216 5437 1483 5506 habetur,
1516 5437 1616 5493 sed
1648 5454 1780 5492 cum
1815 5437 1935 5492 Arii
1967 5454 2236 5508 sequace.
2261 5442 2398 5502 Quae
2428 5456 2559 5494 vero
2593 5443 2924 5511 sequuntur
2954 5438 3011 5492 in
3039 5438 3200 5509 prius
3232 5439 3431 5505 editis,
3459 5438 3530 5493 de
3562 5442 3785 5509 tempo-

366 5537 426 5575 re
457 5522 701 5578 Nicaenae
734 5523 963 5596 synodi,
1000 5547 1027 5573 ››
1061 5527 1194 5595 etc.,
1232 5547 1258 5574 ‹‹
1292 5526 1349 5581 in
1385 5526 1639 5583 maxima
1671 5526 1939 5583 codicum
1975 5532 2135 5599 parte
2159 5544 2274 5583 non
2307 5533 2665 5599 comparent,
2696 5525 3063 5597 ideoqueilla
3088 5541 3421 5599 expungere
3451 5524 3643 5580 visum
3670 5531 3783 5581 est.

442 5756 556 5829 (48)
586 5757 781 5829 Cyrill.
813 5763 958 5816 tom.
992 5761 1062 5826 V,
1092 5763 1242 5830 part.
1278 5776 1339 5831 ιι,
1372 5758 1556 5831 Epist.
1591 5762 1616 5816 1
1653 5783 1681 5812 ‹‹
1714 5761 1786 5817 ad
1820 5760 2089 5818 monach.

1047 5798 1062 5826 ,
1092 5763 1242 5830 part.
1278 5776 1339 5831 ιι,
1372 5758 1556 5831 Epist.
1591 5762 1616 5816 1
1653 5783 1681 5812 «
1714 5761 1786 5817 ad
1820 5760 2089 5818 monach.
2122 5759 2434 5832 rEgyptios,
2467 5778 2524 5832 p.
2558 5761 2609 5816 4.
2681 5831 2692 5842 ,
