4170 6352
362 437 469 494 441

1488 432 1958 492 DlSPUTATlO
2002 428 2322 497 CONTRA
2364 433 2642 494 AltIUM.

3657 438 3781 495 442

363 564 460 619 ὅσα
516 562 655 640 ἔχει,
705 564 796 618 καὶ
857 563 1106 639 ἀγοράζει
1164 562 1255 617 τὸν
1312 557 1478 635 ἀγρόν
1530 560 1752 615 ἐκεῖνον’
1807 586 1833 613 ››
1884 560 2017 616 Εἶτα

2134 562 2244 633 bet,
2279 568 2333 618 et
2376 563 2518 619 emit
2567 579 2772 635 agrum
2822 565 2989 620 illum
3020 568 3083 620 1°.
3111 589 3131 614 ιο
3172 566 3385 621 Deinde
3417 569 3582 637 quasi
3614 572 3779 623 stans

365 654 543 729 ὥσπερ
578 655 745 715 ἑστὼς
779 652 830 706 ἐν
862 656 930 726 τῇ
962 650 1156 727 καρδίᾳ
1191 672 1317 724 μου,
1347 650 1692 725 προσωμίλει
1732 671 1823 723 μοι
1856 670 2018 723 προσ-

366 750 530 815 ηνῶς,
564 742 655 798 καί
695 760 883 820 φησιν·
919 743 1223 815 Ἄνθρωπε,
1258 740 1301 795 εἰ
1352 740 1440 795 καὶ
1490 738 1697 795 πολλαί
1744 760 1837 793 σου
1886 737 2014 792 εἷ’σῖν

364 836 417 889 αἱ
468 833 754 907 ἁμαρτίαι,
805 831 988 906 κράτει
1042 830 1284 905 ἰσχυρῶς
1334 831 1445 902 (58)
1493 830 1592 897 τήν
1641 828 1716 889 εἰς
1756 829 1817 881 τὸ
1866 832 2018 881 Θεῖον

364 919 656 979 εὐσέϐειαν.
693 922 796 975 Αιὰ
825 922 926 995 γὰρ
976 920 1199 989 ταύτην,
1227 919 1317 973 καὶ
1365 921 1399 987 ἡ
1454 918 1635 994 ἄφεσις
1680 921 1785 971 τῶν
1839 918 2017 992 ἁμαρ-

362 1017 488 1067 τιῶν
551 1013 697 1087 παρὰ
746 1015 880 1065 Θεοῦ
933 1007 1162 1077 δίδοται,
1212 1007 1300 1061 καὶ
1362 1008 1587 1070 θάνατος
1653 1012 1884 1076 νικᾶται,
1928 1005 2016 1058 καὶ

366 1102 461 1164 εἷς’
504 1100 779 1177 βασιλείαν
834 1099 1074 1175 οὐρανῶν
1137 1095 1422 1170 ἅνθρωπος
1492 1094 1761 1150 εἰσελάσαι
1830 1092 2019 1168 ἄριστα

368 1189 668 1261 δυνήσεται.
722 1191 864 1265 Πρὸς
923 1187 979 1243 δὶ
1036 1188 1251 1249 τούτοις
1314 1188 1390 1248 εἰς
1439 1182 1744 1258 ὑπόμνησιν
1818 1182 2019 1260 εἶ’ληφα

370 1282 459 1335 καὶ
496 1282 583 1352 τὸ,
614 1302 640 1333 (ι
671 1277 822 1333 Οἶδεν
856 1281 883 1333 ὁ
929 1279 1056 1338 Θεὸς
1106 1272 1339 1338 εὐσεϐεῖς
1390 1276 1622 1350 ῥύεσθαι,
1674 1274 1910 1347 ἀνόμους
1962 1271 2019 1327 δὲ

372 1376 557 1444 τηρεῖν
629 1369 702 1430 εὶς
768 1370 975 1444 ἡμέραν
1041 1366 1268 1442 κρίσεως
1346 1364 1752 1436 κολαζομένους
1814 1362 2017 1434 αἰωνίῳ

374 1460 523 1535 πυρί.
564 1485 587 1507 ››
624 1458 720 1513 Καὶ
768 1459 868 1533 γὰρ
916 1458 942 1511 ὁ
988 1458 1192 1529 ἄνομος
1244 1457 1401 1517 οὗτος
1450 1456 1709 1529 τυγχάνει
1760 1452 1847 1507 καὶ
1897 1453 2017 1506 ἀσε-

373 1544 495 1619 ϐής·
528 1549 586 1603 ἐκ
616 1546 672 1602 δὲ
699 1555 799 1616 τῆς
849 1542 1087 1607 ἀσεϐείας
1134 1544 1371 1618 ἁμαρτία
1415 1544 1639 1620 γίνεται.
1674 1545 1875 1617 Μήτηρ
1926 1539 2014 1595 οῦν

370 1640 584 1692 πάντων
639 1642 745 1692 τῶν
806 1640 980 1691 κακῶν
1030 1638 1064 1703 ὴ
1118 1630 1351 1703 ἀσέϐεια,
1402 1633 1622 1703 τιθηνὸς
1687 1630 1743 1686 δὲ
1808 1635 2014 1705 ψεκτῶν

369 1727 614 1781 ἁπάντων
648 1728 680 1794 ἡ
716 1724 868 1779 ἄνοια
909 1723 1196 1799 τυγχάνει.
1236 1723 1511 1797 Μακάριος
1562 1720 1651 1776 οῦν
1703 1722 1731 1775 ὸ
1779 1729 1878 1790 τῆς
1930 1720 2015 1775 εὐ-

366 1811 572 1877 σεϐείας
602 1816 737 1885 υἱὸς,
770 1814 851 1868 ὅτι
885 1812 1041 1876 οῦτος
1077 1815 1190 1875 υἱὸς
1224 1815 1455 1887 Χριστοῦ
1485 1811 1838 1881 κληθήσεται.

2128 652 2255 723 ipse
2299 654 2356 707 in
2390 654 2562 709 corde
2612 670 2761 723 meo,
2794 654 2877 710 sic
2928 672 3020 710 me
3073 654 3272 711 leviter
3322 655 3777 727 alloquebatur:

2131 742 2333 811 Homo,
2369 746 2426 797 et
2481 744 2530 797 si
2580 742 2768 798 multa
2826 744 2944 799 sint
3001 748 3234 816 peccata
3290 749 3409 809 tua,
3445 752 3780 801 constanter

2129 832 2313 903 retine
2343 831 2633 887 sinceram
2669 833 2725 887 in
2748 832 2973 888 Numen
3000 835 3295 905 pietatem.
3321 834 3403 888 Oh
3438 834 3586 888 hanc
3618 836 3774 891 enim

2129 925 2281 975 Deus
2316 926 2553 993 peccata
2596 923 2906 991 condonat,
2942 940 3099 978 mors
3136 923 3407 989 vincitur,
3442 923 3778 996 optimeque

2129 1012 2343 1082 poterit
2391 1011 2566 1066 homo
2600 1012 2658 1065 in
2694 1029 2933 1081 regnum
2968 1013 3241 1067 cmlorum
3278 1013 3592 1083 pervenire.
3629 1014 3777 1068 Prai-

2129 1104 2306 1164 terea,
2331 1100 2473 1155 illud
2507 1118 2741 1173 quoque
2774 1102 3149 1157 commemini
3186 1121 3235 1157 ;‹‹
3272 1102 3436 1158 Novit
3466 1103 3620 1157 Deus
3652 1103 3777 1173 pios

2130 1190 2396 1256 liberare,
2458 1190 2687 1261 iniquos
2747 1206 2881 1245 vero
2939 1207 3165 1246 servare
3224 1191 3280 1245 in
3338 1191 3491 1245 diem
3545 1192 3775 1262 judicii,

2130 1285 2345 1334 aeterno
2390 1280 2523 1350 igne
2582 1280 2978 1351 puniendos.»
3014 1280 3160 1334 Nam
3208 1281 3308 1352 qui
3367 1280 3609 1351 iniquus
3667 1288 3778 1346 est,

2128 1367 2282 1424 idem
2336 1373 2425 1423 est
2464 1374 2519 1423 et
2566 1368 2785 1439 impius
2819 1386 2831 1422 :
2865 1386 2934 1423 ex
2988 1369 3289 1440 impietate
3335 1386 3468 1424 vero
3518 1370 3779 1424 nascitur

2129 1462 2455 1529 peccatum.
2491 1457 2691 1528 Itaque
2724 1462 2909 1513 mater
2938 1459 3197 1513 omnium
3231 1458 3519 1513 malorum
3556 1464 3645 1513 est
3675 1458 3780 1513 im-

2130 1548 2339 1618 pietas,
2372 1546 2569 1601 nutrix
2618 1552 2810 1601 autem
2850 1547 3324 1618 vituperabilium
3375 1549 3640 1603 omnium
3691 1551 3780 1601 est

2131 1634 2405 1690 amentia.
2431 1635 2791 1705 Quapropter
2821 1636 3025 1690 beatus
3057 1636 3288 1706 pietatis
3320 1636 3499 1706 ﬁlius,
3518 1636 3654 1707 quia
3683 1636 3774 1690 hic

2132 1722 2287 1777 ﬁlius
2318 1723 2529 1778 Christi
2556 1723 2875 1778 vocabitur.

442 1909 495 1961 3.
528 1903 767 1979 Ἀθρόως
798 1900 853 1957 δὲ
880 1901 1180 1975 ἐπέστημεν
1229 1907 1307 1973 τῷ
1356 1901 1510 1973 τόπῳ
1559 1896 1683 1963 ἔνθα
1729 1900 1868 1971 ἦμεν
1917 1899 2015 1967 τήν

2202 1903 2254 1956 3.
2290 1902 2527 1957 Interim
2560 1918 2693 1957 vero
2725 1904 2795 1957 ad
2826 1901 3176 1973 locum,quo
3214 1903 3618 1971 tendebamus,
3651 1904 3780 1957 sine

380 1996 555 2069 ὁρμὴν
604 1993 992 2065 πεποιημένοι,
1046 1992 1133 2045 καὶ
1185 1990 1670 2067 περιτυγχάνοντες
1716 1994 1832 2051 τοῖς
1882 2011 2021 2061 γνη-

373 2082 533 2151 σίοις,
578 2081 826 2154 ἀσμένως
894 2078 1237 2153 διετελοῦμεν
1301 2082 1528 2140 ἅπαντες
1582 2082 1745 2151 ἡμεῖς
1808 2100 1886 2146 τε,
1938 2077 2019 2132 ὅτι

368 2172 678 2244 ἠξιώθημεν
742 2171 867 2232 τοὺς
939 2170 1126 2245 ἁγίους
1197 2172 1501 2233 θεάσασθαι,
1559 2168 1747 2223 ἐκεῖνοι
1810 2165 1886 2238 δὲ,
1938 2166 2021 2221 ὅτι

368 2259 636 2339 ἀδελφοὺς
706 2260 993 2333 ἑωράκασι.
1048 2257 1527 2334 Κοινολογούντων
1586 2255 1642 2311 δὲ
1709 2260 1867 2328 ἡμῶν
1933 2256 2018 2309 ἐπὶ

364 2349 506 2405 πολὺ
581 2354 688 2404 τῶν
768 2349 1079 2418 ἀνηκόντων
1155 2352 1222 2421 τῇ
1284 2342 1699 2419 σεϐασμιωτάτῃ
1764 2344 2021 2421 θρησκείᾳ

367 2442 499 2512 μετὰ
546 2439 766 2508 πολλῆς
817 2438 1057 2508 εὐταξίας
1106 2438 1195 2492 καὶ
1266 2434 1507 2515 φειδοῦς,
1560 2433 1844 2513 αἰφνιδίως
1914 2436 2019 2489 ἀπὸ

359 2536 455 2597 τῆς
488 2528 646 2603 1ὁίζζης
676 2532 774 2582 τοῦ
817 2526 1202 2602 χριστομάχου
1241 2526 1451 2600 Ἀρείου
1499 2524 1688 2598 θηρίον
1739 2524 2019 2594 ἀνθρωπό-

364 2639 571 2692 μορφον
656 2614 982 2687 εἰσεπήδησε
1043 2616 1178 2691 πρὸς
1243 2618 1410 2686 ἡμᾶς,
1477 2614 1566 2667 καὶ
1631 2613 1766 2688 πρὸς
1840 2612 2018 2688 βραχὺ

362 2706 838 2783 ἰπακροασάμενος
888 2710 997 2760 τῶν
1066 2700 1336 2765 εὐσεϐείας
1390 2703 1673 2778 ῥημάτων,
1731 2704 1805 2773 μὴ
1862 2699 2018 2755 δυνά-

366 2818 525 2870 μενος
559 2797 758 2873 φερειν,
793 2794 939 2864 ἔλεξε
965 2792 1165 2849 τοιάδε’
1205 2820 1225 2842 α
1266 2791 1523 2862 Λιδάξατέ
1568 2812 1636 2863 με
1680 2792 1778 2859 τὴν
1831 2791 2019 2863 ὑμετὲ-

369 2907 461 2961 ραν
496 2883 670 2957 δόξαν,
775 2882 971 2954 διδάξω
1000 2884 1139 2955 ὑμᾶς
1171 2883 1233 2937 τὸ
1262 2882 1392 2955 ἐμὸν
1428 2876 1704 2959 φρόνημα.
1729 2905 1755 2930 ››
1790 2880 1930 2953 Ἐγὼ
1965 2876 2023 2933 δὲ

369 2974 741 3049 ἀπεκρινάμην
775 2974 910 3046 πρὸς
952 2971 1130 3026 αὐτόν·
1172 2996 1191 3021 ι
1229 2972 1321 3038 Μὴ
1355 2972 1555 3031 πάντας
1588 2969 1903 3045 προσκαλοῦ
1944 2968 2019 3030 εἷς

370 3066 618 3133 ζήτησιν·
658 3061 888 3137 μεγάλοι
946 3063 1047 3137 γάρ
1106 3060 1234 3114 εἰσιν
1287 3058 1337 3113 ἐν
1386 3063 1466 3130 τῷ
1515 3057 1649 3130 οἷ’κῳ
1708 3062 1804 3112 τοῦ
1863 3055 2017 3113 Θεοῦ.

366 3152 429 3207 Ei
462 3150 520 3207 δὶ
550 3150 737 3227 βούλει
774 3151 861 3205 ἐπὶ
907 3155 1003 3205 τοῦ
1035 3149 1299 3225 παρόντος
1348 3148 1481 3223 πρὸς
1536 3149 1601 3221 με
1646 3148 1736 3201 τὸν
1787 3143 2017 3221 σμικρό-

362 3263 519 3297 τατον
560 3241 725 3313 μόνον
759 3240 1115 3310 συνεξετάσαι,
1149 3236 1344 3307 ἥδιστα
1382 3236 1491 3312 ἐγώ
1542 3258 1626 3291 σοι
1671 3241 1832 3291 τοῦτο
1880 3257 2015 3312 παρ-

364 3332 464 3402 έξω
514 3306 637 3405 περὶ
706 3334 802 3383 τοῦ
874 3306 1209 3400 ζητήματος.
1264 3306 1579 3402 Προσάγαγε
1636 3329 1851 3399 πρῶτος
1919 3306 2094 3393 τῆνῦ

362 3421 640 3496 πρότασιν·
679 3418 843 3491 μόνον
891 3416 1213 3495 φιλαλήθως
1272 3418 1589 3486 ποιήσωμεν
1645 3416 1743 3483 τήν
1808 3415 2016 3485 συνεξέ-

362 3532 531 3577 τασιν,
564 3509 766 3581 καὶμή
819 3506 1253 3583 φιλονεικότερον
1304 3505 1441 3580 πρὸς
1493 3506 1559 3558 τὰ
1607 3505 2022 3581 προσφερόμενα

364 3600 464 3653 ὑπὸ
488 3604 589 3653 τοῦ
620 3596 857 3666 πλησίον
887 3595 1211 3650 θεόπνευστα
1244 3594 1462 3669 ῥήματα
1494 3591 1845 3666 διατεθῶμεν,
1884 3618 1911 3643 ››

434 3693 485 3745 4.
542 3691 813 3742 ’ΔΡΕΙΟΣ
884 3685 1068 3738 εἶπενθ
1136 3684 1297 3757 Ἐμοὶ
1372 3680 1521 3736 δοκεῖ
1589 3681 2018 3759 προηγουμένως

365 3782 646 3853 ὁρισθῆναι
689 3777 775 3853 ὑφ’
804 3773 1068 3846 ἑκατέρων
1120 3772 1253 3846 ἐμοῦ
1299 3793 1358 3827 τε
1405 3772 1493 3826 καὶ
1541 3777 1635 3825 σοῦ
1687 3772 1761 3833 εἷς
1805 3772 1871 3825 τὰ
1921 3777 2021 3840 ζη-

366 3867 624 3939 τούμενα,
674 3864 893 3920 ἕκαστόν
941 3885 998 3918 τε
1046 3866 1206 3935 ἡμῶν
1275 3862 1526 3934 ἐκθεῖναι,
1578 3861 1610 3914 ἃ
1659 3866 1847 3938 φρονεῖ
1897 3862 2021 3935 περὶ

372 3962 505 4011 Θεοῦ
532 3956 620 4010 καὶ
653 3958 905 4030 Χριστοῦ,
936 3954 1023 4007 καὶ
1078 3952 1391 4024 Πνεύματος
1438 3951 1610 4026 ἁγίου,
1644 3949 1694 4003 ἐν
1760 3950 2020 4023 ἐπιτομῇ,

370 4046 522 4107 ὅπως
569 4045 702 4099 κατὰ
748 4041 948 4098 σκοπὸν
998 4043 1302 4114 πέμπωμεν
1357 4039 1484 4102 τοῦς
1536 4039 1757 4113 λόγους,
1801 4039 1890 4093 καὶ
1943 4040 2019 4111 μὴ

368 4136 445 4197 εἷς
479 4134 629 4189 κενὸν
662 4134 1018 4205 ποιησώμεθα
1067 4128 1308 4203 ἅμιλλαν
1361 4126 1562 4204 λόγων,
1592 4130 1790 4204 φανερά
1826 4149 1885 4182 τε
1986 4131 2019 4196 ἡ

368 4225 727 4297 ἐπικρατοῦσα
785 4220 912 4293 δόξα
973 4220 1181 4293 ὁμοίως
1248 4240 1305 4273 τε
1357 4218 1443 4273 καὶ
1502 4221 1536 4287 ἡ
1591 4217 2019 4294 καθαιρουμὲνη.

366 4314 495 4391 Περί
522 4314 621 4389 γὰρ
654 4313 887 4373 πίστεως
929 4310 1206 4385 βούλομαι
1258 4315 1486 4379 ζητῆσαι
1538 4308 1673 4383 πρὸς
1721 4308 1798 4376 σὲ,
1832 4304 2020 4375 ἐπειδὴ

365 4403 601 4478 μάλιστα
652 4403 863 4472 ἀκήκοα
913 4400 1089 4476 θρθῶς
1145 4400 1247 4471 μὴ,
1298 4395 1643 4471 ὁμιλούντων
1694 4397 1845 4470 ὑμῶν
1900 4396 2023 4471 περὶ

358 4502 458 4563 τῆς
493 4492 569 4555 εἷς
600 4492 661 4546 τὸ
693 4496 847 4546 Θεῖον
878 4489 1110 4551 πίστεως
1142 4488 1231 4542 καὶ
1264 4482 1556 4548 εὐσεϐείας.

434 4586 487 4639 5.
549 4583 965 4637 ἈΘΔΝΑΣΙΟΣ
1038 4578 1182 4633 εἶπεν
1250 4579 1398 4651 (59)’
1460 4580 1788 4650 Θεοπρεπῶς
1855 4576 2024 4629 πάντα

2135 1992 2672 2057 moradevenimus,
2691 1992 3208 2063 ibiquegermanos
3224 1992 3612 2061 nacti,mutuo
3628 1994 3778 2049 I59

2132 2097 2336 2136 omnes
2366 2082 2581 2153 gaudio
2614 2083 3082 2152 perfruehamur,
3103 2099 3206 2137 nos
3234 2083 3390 2153 quod
3415 2083 3578 2153 digni
3600 2082 3780 2137 habiti

2134 2170 2473 2240 fuissemus,
2510 2170 2609 2241 qui
2661 2175 2892 2225 sanctos
2939 2171 3291 2239 videremus,
3325 2170 3407 2225 illi
3456 2172 3612 2242 quod
3664 2172 3781 2225 fra-

2130 2264 2248 2315 tres
2274 2260 2699 2331 conspicerent.
2724 2260 2868 2315 Cum
2892 2265 3089 2316 autem
3123 2260 3274 2315 inter
3296 2277 3402 2315 nos
3424 2259 3781 2330 colloquere-

2131 2366 2285 2415 mur,
2308 2366 2413 2403 nec
2434 2365 2637 2420 pauca,
2663 2366 2789 2420 quae
2811 2350 3149 2404 venerandae
3172 2350 3490 2404 admodum
3514 2348 3779 2421 religioni

2130 2443 2536 2509 congruerent,
2566 2439 2749 2493 multo
2797 2455 2929 2493 cum
2964 2438 3165 2493 ordine
3204 2445 3260 2493 et
3313 2438 3597 2493 modestia
3627 2439 3779 2494 dice-

2131 2544 2347 2594 remus,
2382 2543 2515 2583 ecce
2568 2528 2763 2583 subito
2794 2544 2862 2583 ex
2893 2528 3085 2583 radice
3114 2528 3228 2583 Arii
3262 2528 3488 2583 Christo
3542 2528 3780 2596 infensi,

2130 2616 2325 2672 bellua
2356 2616 2677 2671 humanam
2732 2618 2977 2673 mentita
3022 2617 3272 2688 speciem
3304 2618 3360 2670 in
3395 2634 3501 2672 nos
3549 2616 3778 2686 insiliit,

2131 2723 2386 2777 cumque
2423 2706 2848 2777 aliquantisper
2878 2706 3111 2778 pietatis
3162 2707 3335 2762 verba
3365 2706 3647 2776 audisset,
3681 2724 3779 2761 eo-

2132 2812 2263 2850 rum
2296 2796 2631 2867 impatiens,
2665 2797 2744 2849 ita
2775 2796 2948 2866 carpit
2977 2795 3136 2865 loqui
3172 2812 3228 2848 ;‹‹
3261 2801 3378 2849 Aut
3404 2812 3497 2849 me
3525 2798 3779 2850 vestram

2132 2885 2332 2939 docete
2383 2884 2755 2951 sententiam,
2789 2891 2891 2938 aut
2937 2902 3041 2955 ego
3073 2884 3212 2955 quid
3262 2885 3511 2940 sentiam
3546 2901 3645 2939 vos
3676 2886 3777 2939 do-

2131 2974 2291 3029 cebo.
2314 2997 2341 3022 »
2365 2973 2467 3028 Cui
2493 2990 2598 3044 ego
2628 2992 2678 3028 :a
2709 2974 2789 3027 Ne
2820 2990 3023 3028 omnes
3054 2975 3125 3028 ad
3176 2974 3599 3045 disputandum
3651 2991 3780 3045 pro-

2130 3080 2299 3129 voca;
2334 3063 2532 3133 magni
2564 3062 2719 3117 enim
2752 3067 2892 3118 sunt
2921 3062 2981 3116 in
3014 3063 3187 3117 domo
3210 3062 3330 3117 Dei.
3358 3062 3459 3116 Sin
3494 3067 3688 3117 autem
3720 3062 3779 3117 in

2130 3152 2441 3225 praesentia
2472 3167 2701 3206 mecum
2742 3152 3110 3223 tantum,qui
3160 3151 3441 3207 minimus
3472 3169 3604 3206 sum
3637 3151 3782 3207 velis

2131 3242 2455 3312 disputare,
2479 3240 2549 3295 ad
2584 3240 2639 3295 id
2674 3257 2766 3295 me
2798 3240 2905 3294 tibi
2948 3239 3339 3296 libentissime
3368 3241 3562 3296 offero.
3586 3240 3784 3295 Profer

2133 3329 2360 3401 primus
2411 3328 2912 3400 propositionem:
2958 3329 3057 3383 sed
3110 3330 3191 3382 ita
3242 3345 3345 3383 nos
3392 3345 3687 3399 geramus,
3722 3333 3786 3382 ut

2131 3418 2254 3475 solo
2276 3418 2393 3473 veri
2418 3435 2614 3475 amore
2644 3418 3030 3483 disseramus,
3056 3435 3160 3473 nec
3191 3417 3405 3473 divinis
3436 3417 3783 3488 verbis,qua2

2132 3526 2166 3563 a
2198 3508 2368 3562 nobis
2418 3512 2621 3562 mutuo
2654 3508 2950 3562 afferenda
2994 3511 3152 3576 sunt,
3187 3506 3562 3578 pertinaciter
3609 3523 3783 3577 repu~

2132 3613 2400 3669 gnemus.
2435 3618 2462 3644 ››

2204 3688 2255 3741 4.
2288 3686 2503 3740 ARIUS
2538 3685 2721 3739 dixit:
2750 3685 2889 3740 Mihi
2935 3685 2994 3740 in
3035 3686 3243 3757 primis
3275 3686 3670 3741 necessarium
3703 3685 3785 3739 vi-

2132 3776 2323 3844 detur,
2357 3780 2423 3830 ut
2452 3779 2699 3845 uterque
2745 3779 3036 3841 nostrum,
3060 3775 3117 3829 id
3160 3775 3231 3829 de
3262 3792 3376 3845 quo
3410 3774 3579 3830 nobis
3611 3790 3785 3845 agen-

2132 3865 2273 3920 dum
2301 3869 2411 3933 est,
2436 3864 2812 3928 deﬁniamus,
2858 3864 3224 3935 breviterque
3255 3880 3637 3935 exponamus,
3661 3880 3785 3933 quae

2133 3958 2337 4009 nostra
2367 3954 2445 4008 sit
2478 3953 2783 4023 utriusque
2813 3952 3009 4023 opinio
3054 3953 3124 4007 de
3178 3954 3311 4018 Deo,
3343 3953 3414 4007 de
3445 3952 3698 4017 Christo,
3730 3956 3787 4005 et

2132 4043 2204 4097 de
2243 4041 2459 4112 Spiritu
2512 4049 2714 4096 sancto
2752 4060 2763 4096 :
2802 4047 2864 4096 ut
2912 4059 3127 4113 scapus
3177 4042 3252 4097 sit
3303 4040 3516 4111 aliquis
3569 4040 3785 4095 nostris

2132 4130 2526 4197 sermonibus,
2561 4146 2665 4184 nec
2714 4128 2968 4185 inaniter
2999 4130 3191 4185 verbis
3240 4129 3648 4201 digladiemur,
3684 4145 3783 4199 pa-

2131 4222 2369 4291 teatque
2427 4235 2697 4289 quaenam
2759 4218 2956 4274 vicerit
3014 4218 3340 4285 sententia,
3400 4223 3457 4273 et
3513 4235 3784 4289 quaenam

2136 4325 2337 4364 eversa
2367 4308 2555 4364 fuerit.
2580 4309 2793 4363 Tecum
2826 4307 2981 4361 enim
3015 4307 3177 4362 lubet
3198 4307 3269 4361 de
3296 4308 3408 4362 fide
3438 4308 3783 4378 disceptare,

2134 4403 2387 4458 maxime
2425 4419 2559 4457 cum
2607 4400 2929 4457 audiverim
2962 4417 3063 4456 vos
3113 4418 3227 4455 non
3276 4406 3428 4455 recte
3461 4401 3531 4455 de
3563 4417 3695 4455 vera
3722 4398 3783 4454 in

2135 4497 2314 4546 Deum
2350 4491 2460 4547 tida
2491 4496 2548 4546 et
2578 4491 2792 4563 pietate
2821 4490 3128 4545 disserere.

2201 4583 2257 4636 5.
2289 4580 2740 4637 ATHANASIUS
2792 4579 3093 4652 respondit
3148 4594 3161 4633 :
3212 4578 3441 4648 Omnia,
3487 4583 3550 4632 ut
3599 4578 3784 4633 Deum

367 4693 449 4727 σοι
509 4670 869 4746 εὐτρέπισται·
919 4667 1025 4744 ἐγὼ
1075 4664 1132 4721 δὲ
1170 4667 1199 4721 ’ὁ
1245 4671 1453 4744 φρονῶ,
1487 4665 1630 4742 φημὶ
1682 4665 1733 4719 ἐν
1785 4664 2021 4739 ἐπιτομῇ

2136 4672 2321 4736 decet,
2355 4671 2572 4743 optime
2623 4670 2921 4742 digessisti
2954 4686 2967 4726 :
3003 4687 3104 4737 ego
3152 4685 3285 4724 vero
3336 4686 3462 4741 quae
3526 4685 3655 4723 mea
3712 4667 3789 4723 sit

371 4760 613 4817 Πιστεύω
689 4760 766 4821 εἰς
840 4754 930 4813 ἕνα
1007 4758 1135 4812 Θεὸν
1188 4756 1398 4830 Πατέρα
1456 4756 1885 4829 παντοκράτορα,
1944 4753 2026 4808 ἀεὶ

369 4846 498 4905 ὄντα
554 4849 683 4904 Θεὸν
742 4846 971 4922 Πατέρα,
1005 4846 1095 4900 καὶ
1148 4846 1221 4907 εἷς
1271 4846 1361 4899 τὸν
1407 4844 1535 4899 Θεὸν
1712 4838 1904 4919 Λόγον,
1936 4844 2029 4898 τὸν

368 4941 653 5015 Μονογενῆ
686 4938 806 4992 Υἱὸν
838 4940 934 4991 τοῦ
966 4940 1122 5007 Θεοῦ,
1155 4935 1239 4989 ὅτι
1272 4932 1601 5008 συνυπάρχει
1642 4934 1722 5004 τῷ
1766 4930 1890 5004 ἰδίῳ
1922 4938 2028 4986 Πα-

365 5030 473 5106 τρὶ,
525 5028 614 5083 καὶ
671 5026 755 5081 ὅτι
805 5025 864 5080 ἐκ
916 5032 1014 5094 τῆς
1074 5024 1257 5085 οὐσίας
1307 5028 1405 5078 τοῦ
1465 5028 1599 5077 Θεοῦ
1655 5022 1745 5076 καὶ
1819 5022 2027 5095 Πατρός

365 5119 505 5174 ἑστιν
536 5120 563 5171 ὁ
592 5116 736 5189 Υἱὸς,
768 5115 857 5170 καὶ
890 5113 973 5169 ὅτι
1022 5111 1135 5176 ἷ¹σος
1171 5116 1201 5167 ἁ
1232 5114 1354 5174 Υἱὸς
1409 5116 1506 5167 τοῦ
1560 5112 1766 5186 Ματρὸς
1815 5110 2026 5186 τυγχά-

363 5230 461 5277 νει,
494 5207 583 5262 καὶ
634 5205 716 5260 ὅτι
769 5203 1018 5277 ἰσότιμος
1071 5202 1211 5257 ἰστιν
1245 5203 1273 5256 ὸ
1306 5202 1426 5263 Υἰὸς
1471 5206 1567 5255 τοῦ
1616 5205 1770 5269 Θεοῦ,
1804 5201 1893 5254 καὶ
1942 5198 2024 5253 ὅτι

364 5296 454 5351 σὺν
503 5297 582 5368 τῷ
636 5293 803 5368 Πατρὶ
854 5292 1019 5347 αὐτοῦ
1068 5291 1291 5368 πάρεστι
1362 5294 1646 5365 πανταχοῦ
1702 5293 1770 5363 τῇ
1842 5288 2029 5359 θεότη-

440 5470 485 5505 ¹⁹
516 5466 725 5523 Matth.
759 5482 889 5536 χιιι,
922 5464 1012 5519 44.

446 5635 732 5717 ΑΗΘΕ.
767 5626 1241 5717 κρατεῖεὔσεϐῶς.
1270 5633 1415 5717 Mox‘
1439 5632 1637 5717 ᾠδὴ·
1652 5635 1716 5717 ρίι
1761 5635 1897 5717 Reg.
1939 5630 2030 5685 καὶ

373 5702 724 5780 παρἆεοῦ.
758 5702 890 5762 Mox
935 5706 1074 5777 Reg.
1124 5704 1213 5758 καὶ
1269 5702 1564 5778 βασιλείαν.
1617 5705 1766 5771 Mox,
1818 5702 2028 5777 ἄριστα,

378 5782 544 5838 deest
571 5780 633 5835 in
659 5781 910 5851 August.

2137 4762 2450 4827 sententia,
2475 4761 2677 4833 paucis
2710 4760 3126 4815 dicam.Credo
3158 4759 3215 4813 in
3250 4775 3431 4813 unum
3468 4764 3647 4813 Deum
3682 4762 3786 4811 Pa-

2136 4858 2284 4907 trem
2318 4851 2803 4920 omnipotentem,
2824 4848 2919 4919 qui
2952 4863 3185 4919 sempcr
3213 4848 3290 4901 sit
3320 4848 3473 4902 Deus
3506 4851 3695 4901 Pater.
3722 4846 3791 4899 Et

2135 4941 2195 4994 in
2229 4940 2412 4994 Deum
2444 4938 2701 4993 Verbum
2732 4936 3108 5007 Unigenitum
3131 4935 3229 4991 Dei
3256 4934 3488 4999 Filium,
3515 4949 3789 5003 cumque,

2138 5029 2315 5085 simul
2366 5045 2498 5083 cum
2552 5030 2788 5100 proprio
2838 5028 3006 5099 Patre
3052 5026 3350 5091 exsistere,
3384 5022 3593 5077 Filium
3650 5022 3788 5075 item

2136 5132 2264 5172 esse
2323 5132 2391 5170 ex
2448 5115 2783 5171 substantia
2838 5114 2936 5169 Dei
2997 5118 3052 5168 et
3109 5111 3319 5179 Patris,
3364 5109 3574 5165 Filium
3634 5108 3790 5163 Patri

2136 5205 2420 5277 aequalem
2454 5221 2603 5271 esse,
2636 5203 2845 5259 Filium
2893 5204 3160 5274 ejusdem
3209 5218 3275 5255 ac
3322 5205 3501 5254 Deum
3535 5213 3663 5253 esse
3694 5199 3786 5253 di-

2137 5295 2398 5367 gnitatis,
2431 5296 2745 5366 ipsumque
2772 5310 2890 5349 una
2920 5309 3053 5348 cum
3076 5294 3246 5346 Patro
3279 5290 3621 5361 praesentem
3653 5287 3788 5341 ubi-

2213 5632 2327 5703 (59)
2358 5629 2571 5703 Regius
2602 5626 2789 5703 hio_e_t.
2806 5623 3090 5703 deinceps
3119 5621 3343 5678 omittit
3372 5620 3539 5674 εἶπεν.

2215 5694 2326 5775 (60)
2359 5694 2574 5772 Regius
2606 5694 2823 5754 omittit
2852 5694 3008 5749 Θεόν.
