4170 6374
263 425 379 484 443
1428 425 1489 486 S.
1539 425 1927 485 ATHANASI

2046 467 2058 482 .
2093 457 2166 469 -
2199 425 2517 486 SPURIA.
3566 428 3689 486 444

269 573 384 628 que
415 573 542 613 esse
572 557 896 624 divinitate,
929 558 1246 630 omniaque
1283 557 1594 630 complecti
1637 575 1746 612 sua
1776 557 1919 612 sub-

2046 576 2106 627 n,
2165 557 2254 610 καὶ
2314 555 2397 611 ὅτι
2473 557 2642 612 πάντα
2709 559 2953 632 περιέχει
3013 561 3079 629 τῇ
3141 555 3296 627 οὐσίᾳ
3351 557 3536 630 αὐτοῦ,
3593 562 3683 615 καὶ

268 648 508 714 stantia,
542 665 645 703 nec
687 649 758 703 ab
791 649 909 703 ulla
943 665 1002 704 re
1035 650 1316 704 contineri
1352 648 1560 703 Filium
1593 648 1713 712 Dei,
1747 647 1916 703 sicuti

267 757 373 796 nec
417 741 643 797 Patrem
696 743 844 812 ejus.
879 743 944 796 Et
995 743 1050 796 in
1101 741 1375 814 Spiritum
1428 749 1918 812 sanctum,quem

269 831 440 885 credo
485 847 612 886 esse
661 832 851 886 Patris
901 831 1265 901 substantiae,
1298 830 1593 902 simulque
1640 835 1927 901 aeternum

270 935 401 974 cum
445 919 611 975 Patre
659 925 713 975 et
763 920 924 975 Filio.
958 920 1210 975 Verbum
1245 920 1373 975 dico
1421 920 1478 974 in
1530 936 1701 974 carne
1752 920 1921 972 adve-

268 1009 447 1064 nisse.

335 1099 389 1152 6.
424 1099 516 1153 Ar.
551 1097 732 1154 Credo
774 1103 829 1153 et
877 1115 980 1168 ego
1031 1098 1088 1153 in
1138 1114 1321 1153 unum
1373 1097 1556 1152 Deum
1616 1102 1919 1168 aeternum,

265 1191 324 1242 et
358 1187 567 1243 Filium
601 1189 730 1257 ejus
762 1205 933 1260 quem
990 1193 1123 1244 ante
1155 1188 1368 1243 saecula
1417 1187 1633 1243 creavit
1660 1191 1833 1255 Deus,
1867 1191 1924 1242 et

269 1276 481 1332 Filium
543 1278 696 1332 fecit.
733 1277 836 1340 Qui
896 1277 1076 1334 Filius
1131 1294 1262 1332 cum
1323 1276 1520 1331 omnia
1559 1292 1923 1347 quaecunque

267 1367 464 1434 habet,
502 1385 615 1423 non
666 1369 925 1437 haberet,
961 1387 1026 1426 ca
1071 1387 1103 1424 a
1146 1369 1261 1424 Deo
1294 1367 1516 1438 accepit
1548 1385 1559 1422 :
1598 1368 1750 1440 quod
1808 1385 1920 1422 non

267 1457 346 1512 sit
375 1457 510 1512 item
563 1458 742 1512 Filius
777 1459 929 1513 Patri
980 1458 1243 1529 mqualis,
1277 1474 1379 1512 nec
1427 1458 1692 1527 ejusdem
1727 1475 1793 1512 ac
1825 1456 1921 1512 ille

270 1546 600 1618 dignitatis,
632 1549 731 1603 sed
769 1553 834 1603 ut
884 1563 974 1603 res
1006 1549 1176 1618 facta,
1212 1547 1397 1620 gloria
1445 1551 1502 1601 et
1547 1546 1756 1601 virtute
1805 1547 1921 1602 Deo

269 1637 349 1692 sit
380 1637 636 1693 inferior.
673 1639 737 1693 Et
783 1639 840 1692 in
890 1639 1172 1709 Spiritum
1221 1645 1512 1704 sanctum,
1546 1637 1645 1709 qui
1697 1654 1731 1692 a
1777 1636 1920 1691 Filio

268 1726 455 1782 factus
488 1732 594 1782 est.
630 1729 712 1782 En
744 1745 870 1800 quae
901 1743 1005 1799 ego
1036 1728 1249 1783 sentio.

2030 642 2111 699 ὅτι
2170 643 2231 698 οὐ
2290 645 2598 721 περιάχεται
2679 646 2766 700 ὑπ’
2825 644 3041 707 οὐδενὸς
3096 647 3123 700 6
3184 646 3304 707 Υἱὸς
3375 651 3472 701 τοῦ
3525 651 3679 715 Θεοῦ,

2029 733 2264 808 καθάπερ
2322 735 2410 789 καὶ
2473 737 2500 790 6
2559 733 2687 796 Θεὸς
2745 735 2772 790 6
2831 737 3018 808 Πατὴρ
3090 734 3276 790 αὐτοῦ·
3336 735 3426 790 καὶ
3487 736 3562 797 εἰς
3619 738 3680 791 τὸ

2031 827 2249 896 Πνεῦμα
2277 824 2339 879 τὸ
2372 826 2546 898 ἅγιον,
2581 824 2661 879 ὅτι
2692 831 2792 893 τῆς
2841 829 2938 879 τοῦ
2987 823 3196 900 Πατρός
3249 827 3359 896 (61)
3402 823 3542 878 ἐστιν
3588 825 3680 879 οὗ-

2032 912 2170 979 σῖας,
2199 914 2286 966 καὶ
2334 912 2603 968 συναῖδιον
2651 919 2727 984 τῷ
2779 914 2945 989 Πατρὶ
2993 913 3082 968 γαὶ
3132 917 3210 985 τῷ
3258 915 3366 984 Υίῷ
3418 915 3680 988 τυγχάνει

2028 1003 2091 1056 τὸ
2123 1004 2275 1077 ἅγιον
2310 1007 2545 1075 Πνεῦμα.
2578 1004 2675 1056 Τὸν
2709 998 2890 1077 Λόγον
2922 1002 3060 1080 φηφὶ
3093 1001 3144 1056 ἐν
3184 1003 3339 1076 σαρκὶ
3383 1004 3681 1078 γεγονέναι.

2100 1095 2154 1148 6.
2189 1096 2314 1167 ’¹Αρ.
2349 1094 2516 1147 εἶπεν
2552 1091 2796 1147 Πιστεύω
2825 1092 2978 1167 κάγὼ
3012 1092 3087 1154 είς
3145 1091 3240 1147 ἕνα
3296 1092 3424 1146 Θεὸν
3483 1089 3686 1161 ἀίδιόν,

2031 1181 2119 1235 καὶ
2153 1181 2229 1243 εἰς
2259 1180 2350 1235 τὸν
2384 1182 2506 1236 Υὶὸν
2540 1181 2726 1251 αὐτοῦ,
2760 1182 2817 1235 ’ὸν
2847 1181 2954 1255 πρὸ
3000 1185 3106 1236 τῶν
3156 1181 3369 1235 αἰώνων
3421 1178 3624 1235 ἔκτισεν
3658 1183 3685 1236 6

2031 1270 2160 1332 Θεὸς
2212 1273 2342 1343 (62),
2375 1272 2464 1325 καὶ
2511 1271 2634 1324 Υἱὸν
2677 1269 2922 1341 ἐποίησε.
2973 1269 3070 1324 Καὶ
3118 1269 3313 1339 πάντα,
3363 1269 3463 1324 ὅσα
3512 1265 3626 1346 ἔχει
3659 1271 3687 1325 6

2032 1359 2174 1426 Υἱὸς,
2214 1360 2288 1432 μὴ
2341 1357 2484 1434 ἔχων
2533 1354 2700 1414 ’ἐΛαϐε
2743 1359 2890 1434 παρὰ
2936 1363 3033 1413 τοῦ
3081 1363 3235 1414 Θεοῦο
3285 1359 3375 1413 καὶ
3442 1357 3524 1414 ὅτι
3591 1359 3690 1413 οὐκ

2033 1448 2146 1509 ἴσος
2177 1447 2318 1503 ἰστὶν
2343 1449 2370 1502 6
2395 1449 2542 1518 Υἱὸς,
2579 1446 2705 1504 οὐδὲ
2736 1448 2985 1521 ἰσότιμος
3016 1452 3093 1520 τῷ
3130 1447 3321 1523 Πατρὶ,
3354 1447 3500 1503 ἀλλὰ
3541 1446 3685 1502 πολὺ

2031 1535 2274 1593 λείπεται
2302 1545 2403 1606 τῆς
2427 1542 2524 1592 τοῦ
2551 1542 2685 1592 Θεοῦ
2731 1535 2915 1608 δόξης,
2958 1537 3032 1599 ὡς
3078 1537 3294 1609 ποίημα
3340 1539 3476 1610 (63),
3509 1534 3688 1592 λείπε-

2028 1648 2116 1681 ται
2164 1634 2264 1696 τῆς
2299 1631 2395 1681 τοῦ
2445 1631 2578 1682 Θεοῦ
2628 1624 2928 1700 δυνάμεως·
2978 1625 3066 1681 καὶ
3117 1626 3192 1688 είς
3240 1627 3300 1680 τὸ
3358 1630 3576 1698 Πνεῦμα
3620 1626 3684 1680 τὸ

2032 1717 2204 1792 ἅγιον,
2249 1716 2312 1770 τὸ
2353 1716 2457 1771 ὑπὸ
2503 1721 2600 1772 τοῦ
2648 1717 2777 1771 Υὶοῦ
2823 1715 3066 1792 γεγονός.
3113 1713 3254 1772 Ἰδοὺ
3302 1713 3451 1789 κάγὼ
3514 1718 3683 1769 ταῦτα

2033 1825 2237 1882 φρονω.

337 1903 555 1958 7.Αι1ι.
589 1903 717 1960 Jam
766 1923 898 1961 cum
950 1906 1108 1962 omni
1160 1909 1282 1961 arte
1334 1906 1524 1960 ordire
1572 1905 1920 1976 disputatio-

2105 1897 2159 1949 7.
2220 1895 2330 1951 Ἀθ.
2391 1895 2580 1950 εἶπενο
2645 1893 2849 1949 Λοιπὸν
2913 1893 3047 1966 μετά
3117 1893 3296 1961 πάσης
3369 1890 3681 1963 ἐπιστήμης

269 2007 428 2048 nem.
465 1992 644 2048 Video
676 1995 832 2048 enim
867 1999 922 2050 te
953 1996 1180 2064 magnis
1222 1993 1392 2050 malis
1425 1993 1708 2049 detineri:
1739 2010 1925 2064 quan-

269 2098 446 2154 quam
508 2087 568 2137 tu
631 2100 756 2150 nos,
790 2083 914 2156 ipse
974 2101 1290 2156 aggressus
1349 2102 1478 2140 reos
1537 2100 1668 2140 esse
1722 2083 1922 2153 velles,

274 2170 441 2242 quasi
475 2187 587 2226 non
624 2178 776 2228 recte
809 2175 878 2228 de
908 2173 1096 2241 Patre,
1123 2179 1176 2228 et
1201 2173 1362 2238 Filio,
1387 2178 1440 2228 et
1472 2173 1690 2245 Spiritu
1723 2177 1926 2227 sancto

271 2260 646 2315 sentiremus.
681 2267 772 2315 Ar.
807 2262 1107 2325 Quomodo
1148 2262 1296 2318 dicis
1329 2267 1508 2317 Deum
1557 2278 1790 2333 semper
1819 2266 1925 2316 Pa-

269 2355 442 2414 trem,
479 2351 576 2422 qui
629 2370 762 2408 cum
823 2354 983 2408 solus
1043 2359 1197 2409 esset
1257 2360 1430 2422 Deus,
1474 2371 1582 2409 sua
1631 2353 1927 2408 voluntate

273 2443 491 2498 creavit
516 2443 722 2498 Filium
749 2462 944 2514 suum,
967 2447 1462 2516 quemadmodum
1489 2445 1774 2515 scriptum
1801 2444 1927 2500 est?

277 2530 400 2586 Alh.
431 2531 676 2586 Ubinam
712 2534 997 2604 scriptum
1033 2539 1121 2589 est
1147 2535 1336 2590 solum
1370 2551 1498 2590 esse
1528 2534 1755 2589 Patrem
1775 2534 1802 2588 ?
1833 2534 1926 2588 Ar-

276 2620 447 2690 Apud
482 2619 727 2674 Paulum
779 2623 1109 2693 apostolum
1160 2622 1240 2678 ita
1287 2623 1639 2678 scribentem
1675 2621 1928 2676 :«NohiS

273 2723 409 2762 vero
439 2725 595 2763 unus
627 2713 776 2765 Deus
826 2727 892 2766 ex
948 2729 1063 2782 quo
1095 2712 1292 2766 omnia
1313 2712 1374 2765 ὀ.
1404 2733 1429 2761 »
1463 2713 1586 2767 Ath.
1623 2711 1770 2782 Lege
1801 2727 1927 2781 qua:

278 2801 612 2868 sequuntur
640 2799 900 2870 Apostoli
933 2802 1142 2857 verba:
1169 2801 1249 2856 ait
1278 2801 1457 2865 enim,
1483 2822 1511 2850 «
1536 2805 1603 2854 Et
1636 2817 1789 2855 unus
1824 2804 1928 2854 Do-

279 2886 478 2941 minus
509 2887 683 2942 Jesus
715 2887 1001 2957 Christus,
1039 2907 1138 2962 per
1185 2907 1359 2962 quem
1401 2890 1618 2945 omnia.
1651 2911 1677 2937 »
1709 2889 1800 2943 Ar.
1833 2887 1930 2942 Vi-

282 2975 384 3031 des
418 2975 630 3031 Filium
662 2977 1024 3046 ministrum,
1059 2997 1173 3034 non
1217 2983 1409 3034 autem
1447 2995 1546 3050 per
1572 2993 1634 3032 se
1663 2977 1931 3050 opificem

284 3080 435 3129 esse,
472 3069 535 3119 ut
579 3065 704 3136 ipse
736 3067 806 3120 de
838 3084 899 3122 se
931 3069 1011 3122 ait
1045 3085 1056 3124 :
1083 3090 1110 3116 ‹‹
1142 3067 1264 3123 Nisi
1299 3067 1435 3138 quid
1466 3067 1676 3122 viderit
1705 3067 1934 3121 Patrem

285 3151 592 3209 facientem
631 3172 643 3210 :
677 3171 804 3226 quae
863 3157 1017 3211 enim
1075 3157 1241 3212 Pater
1299 3158 1450 3223 facit,
1485 3156 1606 3211 haec
1656 3164 1709 3211 et
1757 3154 1936 3210 Filius

285 3242 565 3298 facil“.»
613 3245 860 3300 Attende
914 3247 1207 3317 quomodo
1257 3245 1524 3300 minister
1575 3261 1687 3300 non
1738 3249 1934 3299 autem

281 3335 506 3386 creator
538 3332 615 3387 sit
654 3331 853 3389 Filius.
888 3335 1010 3389 Ath.
1045 3335 1199 3389 τσο
1231 3333 1377 3390 Vide
1410 3350 1421 3389 :
1459 3333 1577 3388 noli
1623 3349 1756 3390 cum
1787 3333 1937 3389 veri-

283 3422 404 3474 tate
434 3436 717 3492 pugnare.
751 3421 894 3477 Nam
928 3424 1083 3494 quod
1118 3428 1288 3494 putas
1319 3441 1352 3478 a
1384 3422 1561 3478 Paulo
1591 3423 1662 3478 de
1694 3428 1806 3478 Deo
1835 3421 1938 3477 Pa-

282 3512 372 3564 tre
396 3525 525 3564 esse
555 3510 800 3578 dictum,
831 3511 986 3566 idem
1020 3513 1090 3568 de
1121 3511 1262 3568 Filio
1310 3513 1381 3567 ab
1433 3512 1560 3583 ipso
1611 3511 1725 3568 dici
1773 3526 1935 3582 repe-

286 3596 421 3652 ries.
447 3597 578 3652 Haec
610 3603 748 3653 sunt
779 3599 932 3654 enim
967 3601 1095 3670 ejus
1117 3601 1288 3656 verba
1319 3616 1366 3655 :«
1403 3601 1467 3655 Et
1495 3600 1618 3671 ipse
1653 3599 1849 3671 posuit
1877 3599 1937 3653 in

287 3683 568 3752 Ecclesia,
592 3686 844 3758 primum
870 3687 1413 3759 apostolos,deinde
1435 3688 1775 3759 prophetas,
1794 3687 1940 3742 alios

285 3790 420 3830 vero
450 3775 855 3846 evangelistns,
881 3777 1028 3833 alios
1079 3782 1343 3848 pastores
1390 3781 1448 3831 et
1499 3776 1834 3848 magistros,
1869 3777 1937 3831 ad

286 3863 702 3935 perfectionem
763 3865 1135 3936 populorum,
1189 3866 1247 3920 in
1298 3883 1447 3937 opus
1499 3866 1833 3933 ministerii,
1882 3865 1942 3919 in

289 3954 735 4009 aediﬁcationem
789 3956 1048 4027 corporis
1079 3955 1315 4023 Christi,
1351 3957 1534 4011 donec
1565 3972 1944 4010 occurramus

293 4058 496 4098 omnes
529 4043 585 4098 in
621 4043 906 4098 unitatem
953 4045 1085 4099 ﬁdei
1117 4051 1175 4099 et
1203 4044 1523 4115 agnitionis
1566 4043 1692 4098 Filii
1726 4044 1850 4110 Dei,
1887 4045 1943 4098 in

289 4131 479 4185 virum
514 4133 858 4202 perfectum,
886 4133 941 4186 in
973 4149 1310 4188 mensuram
1344 4133 1531 4187 aetatis
1565 4132 1947 4205 plenitudinis

292 4216 501 4271 Christi
531 4234 543 4272 :
571 4223 634 4272 ut
655 4219 780 4288 jam
816 4235 929 4274 non
961 4221 1150 4274 simus
1185 4219 1428 4287 parvuli,
1461 4236 1563 4273 nec
1597 4219 1948 4275 ﬂuctuantes

294 4306 784 4362 circumferamur
814 4309 972 4363 omni
1022 4313 1191 4364 vento
1221 4309 1519 4377 doctrinm,
1553 4310 1612 4363 in
1663 4309 1789 4365 alea
1841 4309 1949 4364 h0-

297 4397 549 4469 minum,
577 4399 635 4455 in
661 4400 878 4455 astutia
900 4401 969 4456 ad
1004 4401 1406 4456 inducendum
1438 4399 1496 4455 in
1529 4416 1783 4455 errorem
1810 4415 1822 4453 :
1848 4400 1949 4454 sed

297 4487 598 4543 veritatem
633 4493 923 4545 sectantes
963 4490 1022 4544 in
1055 4490 1360 4560 charitate,
1393 4506 1730 4546 crescamus
1758 4489 1817 4543 in
1852 4487 1950 4543 illo

302 4591 405 4647 per
434 4578 651 4645 omnia,
677 4578 770 4647 qui
807 4584 893 4633 est
924 4584 1120 4651 caput,
1145 4579 1414 4636 Christus
1446 4596 1458 4634 :
1494 4596 1564 4635 ex
1607 4595 1711 4650 quo
1760 4583 1949 4634 totum

2037 1983 2212 2057 ἄρχου
2264 1990 2363 2052 τῆς
2413 1985 2692 2054 ζητήσεως
2742 1985 2875 2056 (64)·
2911 1983 3024 2056 ὁρῶ
3072 1983 3176 2057 γάρ
3223 2002 3281 2035 σε
3329 1980 3381 2035 ἐν
3432 1978 3690 2056 μεγάλοις

2034 2076 2222 2133 κακοῖς
2271 2071 2616 2147 ἐνεχόμενον,
2651 2072 2696 2127 εἷ
2747 2071 2837 2127 καὶ
2880 2071 2947 2126 τὰ
2999 2068 3235 2143 μάλιστα
3443 2067 3506 2124 σὺ
3554 2088 3692 2143 παρ-

2037 2159 2210 2224 ελθὼν
2271 2161 2597 2226 ὑπὸναίτίαν
2670 2163 2817 2232 ἡμᾶς
2897 2159 3176 2231 ἐποίησας,
3235 2159 3310 2220 ὡς
3374 2159 3450 2232 μὴ
3509 2159 3684 2232 ὀρθῶς

2038 2249 2380 2326 φρονούντων
2412 2252 2570 2320 ἡμῶν
2621 2251 2744 2324 περὶ
2792 2250 3026 2324 Πατρὸς,
3075 2248 3166 2303 καὶ
3213 2248 3360 2317 Υἱοῦ,
3392 2247 3482 2301 καὶ
3535 2245 3692 2322 ἁγίου

2036 2336 2369 2410 Πνεύματος.
2423 2343 2546 2414 "Ap'
2599 2340 2766 2394 εἶπενο
2822 2344 2950 2401 Ιίὢς
2999 2337 3105 2415 φῂς
3147 2337 3238 2392 τὸν
3289 2334 3417 2391 Θεὸν
3461 2335 3542 2390 ἀεὶ
3575 2337 3686 2392 ΙΙα-

2033 2426 2183 2502 τέρα,
2215 2427 2275 2488 ὃς
2321 2427 2488 2499 μόνος
2537 2429 2665 2490 Θεὸς
2717 2427 2790 2483 ὢν
2847 2430 2980 2501 (66),
3013 2425 3123 2497 ἰδίᾳ
3169 2425 3429 2501 βουλήσει
3482 2422 3686 2479 ἔκτισεν

2034 2515 2125 2570 τὸν
2178 2517 2298 2570 Υἱὸν
2355 2515 2539 2588 αὐτοῦ,
2572 2519 2751 2581 καθὼς
2807 2517 3126 2592 γέγραπται.
3170 2516 3288 2571 Ἀθ.
3349 2516 3510 2570 εἶπεν·
3574 2519 3689 2568 Ποῦ

2039 2609 2356 2683 γέγραπται,
2418 2608 2500 2663 ὅτι
2560 2609 2721 2682 μόνος
2775 2609 2916 2664 ἐστὶν
2973 2610 3000 2663 6
3057 2609 3287 2682 ΙΙατήρ;
3339 2608 3460 2682 Ἀρ.
3522 2607 3687 2660 εἶπεν·

2041 2699 2196 2773 Παρὰ
2255 2695 2460 2770 Παύλῳ
2516 2702 2596 2770 τῷ
2655 2697 2966 2770 ἀποστόλῳ·
3003 2697 3133 2775 φησί
3189 2695 3313 2771 γάρ’
3348 2720 3375 2747 ‹‹
3428 2696 3588 2768 Ἡμῖν
3638 2691 3696 2748 δὶ

2043 2789 2120 2849 εἷς
2164 2789 2292 2849 Θεὸς
2335 2786 2386 2857 ἐξ
2440 2787 2502 2841 οῦ
2549 2786 2616 2841 τὰ
2663 2786 2850 2844 πάντα.
2887 2810 2914 2837 ››
2948 2785 3190 2855 Ἀθανάς,
3226 2786 3387 2839 εἶπεν·
3421 2785 3502 2839 Τὰ
3561 2781 3692 2836 ἐπό⁹

2046 2897 2174 2950 μενα
2224 2876 2492 2952 ἀνάγνωθι
2531 2881 2628 2932 τοῦ
2662 2874 2999 2934 Ἀποστόλου
3049 2875 3206 2951 ῥητὰ,
3240 2871 3338 2950 ἔφη
3371 2874 3492 2947 γάρ.
3531 2896 3558 2922 ‹‹
3592 2869 3694 2928 Καὶ

2044 2967 2119 3027 εἷς
2194 2967 2390 3042 Κύριος
2449 2964 2659 3034 Ἰησοῦς
2729 2965 2981 3040 Χριστὸς,
3041 2961 3110 3018 δι’
3166 2963 3228 3018 οὗ
3289 2961 3354 3015 τὰ
3413 2961 3604 3017 πάντα.
3670 2982 3695 3009 η

2043 3057 2261 3130 ’Ἄρειος
2322 3056 2696 3130 εἷπεν·’ορᾇς,
2749 3053 2833 3109 ὅτι
2892 3051 3165 3127 ὑπουργός
3225 3050 3358 3118 ἰστι,
3417 3051 3507 3104 καὶ
3566 3047 3696 3124 οὐχὶ

2046 3144 2345 3219 αὐτουργὸς
2377 3145 2404 3198 6
2454 3144 2575 3205 Υἱὸς
2626 3144 2806 3205 καθὼς
2860 3142 3019 3204 αὐτὸς
3075 3139 3198 3217 περὶ
3253 3140 3444 3194 ἑαυτοῦ
3497 3132 3694 3208 ἕλεξεψ

2055 3258 2072 3284 ο
2113 3233 2232 3290 Ἐὰν
2293 3234 2368 3306 μή
2417 3253 2471 3285 τι
2523 3230 2699 3307 βλέπῃ
2745 3233 2835 3287 τὸν
2884 3232 3099 3306 ΙΙατέρα
3127 3233 3405 3285 ποιοῦντα·
3441 3226 3475 3281 ἃ
3504 3228 3609 3300 γάρ
3643 3226 3702 3280 ἂν

2051 3323 2078 3377 6
2111 3323 2300 3392 Πατὴρ
2344 3325 2476 3395 ποιῇ
2509 3324 2643 3394 (67),
2684 3326 2852 3376 ταῦτα
2885 3319 2974 3376 καὶ
3023 3322 3051 3375 6
3084 3320 3206 3380 Υἱὸς
3256 3322 3423 3372 ποιεῖ.
3455 3337 3480 3368 η
3521 3314 3704 3390 ΙΙρόσ-

2047 3432 2140 3488 εχε
2198 3415 2313 3473 πῶς
2361 3412 2632 3485 ὑπουργὸς
2683 3411 2772 3464 καὶ
2814 3409 2876 3464 οὗ
2926 3405 3264 3483 δημιουργός
3306 3405 3448 3460 ἔστιν
3493 3405 3520 3458 6
3552 3403 3700 3464 Υἱός.

2050 3503 2162 3559 Ἀθ.
2223 3503 2390 3556 εἶπεν·
2444 3505 2598 3576 Ὅρα·
2663 3502 2737 3572 μὴ
2801 3499 2982 3573 μάχου
3037 3498 3174 3569 πρὸς
3243 3496 3343 3562 τὴν
3415 3492 3701 3562 ἀλήθειαν.

2048 3597 2216 3667 Ὅπερ
2272 3591 2372 3667 γὰρ
2415 3594 2511 3644 τοῦ
2574 3586 2796 3646 Παύλου
2859 3585 3022 3662 ῥητὸν
3078 3582 3254 3643 δοκεῖς
3310 3586 3524 3657 κρατεῖν
3575 3579 3702 3653 περὶ

2050 3685 2183 3737 Θεοῦ
2215 3680 2445 3752 ΙΙατρὸς,
2475 3674 2636 3732 τοῦτο
2663 3676 2752 3731 καὶ
2784 3673 2908 3750 περὶ
2954 3677 3052 3727 τοῦ
3099 3672 3228 3726 Υἱοῦ
3278 3671 3524 3746 εὑρήσεις
3575 3667 3702 3740 παρ’

2053 3770 2197 3842 αὐτῷ
2221 3768 2299 3841 τῷ
2333 3764 2655 3838 ’Δποστόλῳ
2704 3764 3019 3840 λεγόμενον’
3053 3761 3186 3840 φησί
3235 3762 3358 3835 γάρ.
3396 3783 3424 3809 ‹‹
3466 3757 3565 3812 Καὶ
3610 3755 3701 3811 αὗο

2051 3861 2142 3922 τὸς
2217 3859 2366 3914 ἔθετο
2423 3856 2476 3912 ἐν
2532 3855 2601 3930 τῇ
2664 3852 2980 3924 Ἐκκλησία,
3039 3855 3254 3927 πρῶτον
3341 3846 3704 3914 ἀποστόλους,

2055 3949 2300 4024 δεύτερον
2358 3947 2664 4025 προφήτας,
2711 3943 2839 4005 τοὺς
2900 3939 2957 3997 δὲ
3012 3938 3418 4017 εὐαγγελιστάς,
3468 3937 3596 3998 τοὺς
3653 3933 3712 3990 δὶ

2056 4040 2320 4111 ποιμένας
2351 4036 2440 4092 καὶ
2472 4032 2852 4103 διδασκάλους,
2883 4030 3022 4107 πρὸς
3051 4030 3142 4086 τὸν
3188 4027 3553 4104 καταρτισμὸν
3604 4030 3712 4080 τῶν

2057 4128 2229 4198 λαῶν,
2278 4127 2351 4189 εἷς
2385 4124 2536 4202 ἔργον
2572 4121 2870 4191 διακονίας,
2904 4119 2977 4182 εἷς
3025 4117 3327 4191 οἰκοδομὴν
3378 4121 3476 4172 τοῦ
3524 4117 3712 4187 σώμα-

2056 4238 2147 4280 τος
2179 4223 2276 4273 τοῦ
2308 4219 2566 4292 Χριστοῦ,
2605 4213 2770 4288 μέχρι
2815 4211 3238 4281 καταντήσωμεν
3292 4208 3345 4261 οἱ
3391 4206 3586 4266 πάντες
3636 4203 3711 4264 είς

2056 4309 2154 4375 τὴν
2215 4305 2442 4373 ἑνότητα
2487 4306 2586 4371 τῆς
2629 4302 2862 4359 πίστεως
2905 4298 2995 4351 καὶ
3043 4304 3144 4363 τῆς
3205 4295 3553 4366 ἐπιγνώσεως
3609 4297 3711 4347 τοῦ

2059 4397 2188 4450 Υῖοῦ
2216 4399 2313 4449 τοῦ
2343 4396 2498 4461 Θεοῦ,
2533 4390 2607 4450 είς
2639 4386 2804 4461 ἄνδρα
2850 4384 3086 4450 τὲλειον,
3119 4382 3194 4442 εἰς
3249 4385 3442 4455 μὲτρον
3495 4380 3714 4448 ἡλικίας

2057 4489 2154 4540 τοῦ
2196 4481 2572 4557 πληρώματος
2612 4480 2709 4531 τοῦ
2757 4476 3012 4548 Χριστοῦ,
3058 4471 3150 4523 *ἱνα
3207 4470 3401 4541 μηκέτι
3437 4467 3583 4540 ὦμεν
3626 4471 3717 4538 νή-

2060 4593 2199 4643 πιοι,
2232 4566 2699 4638 κλυδωνιζόμενοι
2731 4561 2819 4617 καὶ
2852 4558 3273 4636 περιφερόμενοι
3321 4557 3481 4612 παντὶ
3531 4557 3716 4630 ἆνὲμῳ

301 4679 515 4734 corpus
545 4673 916 4736 compactum
951 4672 1007 4722 et
1037 4684 1360 4723 connexum
1395 4685 1497 4740 per
1526 4684 1755 4724 omnem
1790 4682 1936 4722 corn-

2058 4668 2157 4730 τῆς
2221 4655 2592 4725 διδασκαλίας,
2643 4653 2695 4708 ἐν
2755 4655 2824 4725 τῇ
2883 4644 3073 4719 κυϐείᾳ
3133 4652 3240 4702 τῶν
3300 4647 3630 4740 ἀνθρώπων,
3669 4646 3719 4700 ἐν

303 4749 622 4807 missuram
691 4754 1258 4812 subministrationis
1306 4757 1376 4822 Ἡ,
1428 4778 1455 4805 ››
1515 4760 1623 4812 etc.
1705 4755 1952 4809 Videsne

303 4841 567 4896 eamdem
600 4859 796 4898 vocem
831 4845 901 4898 de
932 4845 1098 4900 Patre
1127 4849 1182 4900 et
1213 4845 1356 4902 Filio
1389 4845 1784 4902 communiter
1814 4845 1949 4912 dici,

303 4945 482 5000 quam
512 4935 574 4986 tu
607 4932 678 4987 de
709 4938 830 4987 solo
862 4932 1029 4989 Patre
1056 4933 1396 4990 intellexisti
1423 4935 1450 4990 ?

2061 4749 2363 4825 πανουργίᾳ
2393 4749 2509 4820 (68)
2538 4745 2674 4820 πρὸς
2701 4743 2799 4811 τήν
2851 4736 3128 4814 μεθοδείαν
3158 4744 3259 4807 τῆς
3310 4735 3546 4807 πλάνης,
3581 4735 3720 4807 ἀλη-

2063 4840 2310 4906 θεύοντες
2343 4833 2401 4891 δὲ
2430 4835 2480 4889 ἐν
2516 4832 2717 4908 ἀγάπῃ,
2750 4829 3072 4901 αὐξήσωμεν
3113 4827 3188 4888 είς
3222 4825 3379 4881 αὐτὸν
3418 4826 3484 4880 τὰ
3531 4826 3722 4894 πάντα,

2062 4929 2121 4992 ὃς
2153 4928 2292 4982 ἐστιν
2331 4928 2365 4994 ἠ
2415 4921 2651 5002 κεφαλὴ,
2685 4921 2713 4974 6
2767 4917 3021 4994 Χριστός·
3055 4916 3106 4986 ἐξ
3165 4915 3228 4971 οὗ
3289 4920 3391 4969 πᾶν
3449 4915 3512 4969 τὸ
3562 4920 3723 4986 σῶμα

300 5016 885 5096 συναρμολογούμενον
938 5021 1027 5076 καὶ
1085 5017 1552 5097 συμϐιϐαζόμενον
1614 5019 1703 5076 διὰ
1756 5020 1935 5092 πάσης
1997 5022 2137 5098 ἁφῆς
2191 5019 2290 5086 τῆς
2349 5009 2759 5098 ἐπιχορηγίαςγ
2790 5033 2818 5060 ”
2867 5008 2956 5064 καὶ
3004 5007 3070 5063 τὰ
3131 5005 3276 5076 ἑξῆς·
3320 5006 3499 5080 Ὁρᾷς,
3547 5003 3628 5059 δτι
3683 5006 3719 5073 ἦ

305 5109 458 5185 φωνή
489 5113 688 5171 κοινῶς
719 5115 1097 5187 κατηγορεῖται
1132 5110 1338 5187 Πατρὸς
1370 5111 1459 5165 καὶ
1492 5111 1641 5179 Υἱοῦ,
1673 5109 1761 5165 καὶ
1795 5109 1856 5164 σὺ
1891 5097 2212 5183 μονομερῶς
2246 5104 2368 5182 περὶ
2402 5102 2611 5179 Πατρὸς
2644 5097 2930 5174 ἐξείληφας
2957 5117 2971 5166 ;

376 5227 420 5262 ²⁰
453 5227 473 5283 I
504 5227 630 5283 Cor.
666 5245 791 5299 vm,
820 5229 875 5284 6.
953 5229 997 5265 ’1
1031 5230 1195 5285 Joan.
1230 5246 1283 5292 v,
1318 5229 1403 5283 19.
1483 5228 1529 5262 2³
1556 5227 1703 5298 Eph.
1738 5244 1814 5295 iv,
1848 5227 2036 5282 11-16.

375 5344 489 5417 (61)
522 5344 661 5417 Reg.
699 5348 754 5399 et
780 5347 925 5417 Aug.
968 5350 1068 5412 τῆς
1098 5346 1195 5397 τοῦ
1229 5340 1461 5417 Πατρός.
1495 5343 1696 5399 Caeteri
1729 5346 1784 5398 et
1811 5342 1949 5399 editi

304 5416 400 5466 τοῦ
435 5416 732 5470 omittunt.

380 5486 491 5557 (62)
523 5488 616 5542 Sic
648 5488 788 5557 Reg.
820 5489 890 5542 At
921 5488 1018 5543 alii
1049 5493 1106 5542 et
1142 5487 1304 5552 editi,
1337 5480 1538 5538 ἔκτισεν
1573 5485 1646 5546 ὡς
1681 5484 1829 5557 Θεός.

311 5769 442 5827 Θεοῦ
474 5770 778 5850 δυνάμεως.

380 5487 470 5556 (62
523 5488 616 5542 Sic
648 5488 786 5557 Reg.
820 5489 890 5542 At
921 5488 1018 5543 alii
1049 5493 1106 5542 et
1142 5487 1304 5552 editi,
1337 5486 1538 5538 ἔκτισεν
1573 5486 1646 5546 ὡς
1681 5486 1829 5544 Θεός.

377 5486 491 5626 (63)
519 5566 669 5628 Aug.
707 5556 850 5614 ἀλλὰ
879 5558 1021 5614 πολὺ
1055 5557 1296 5614 λείπεταί
1326 5559 1424 5624 τῆς
1472 5561 1589 5628 τοῦ,
1618 5561 1751 5628 Θεοῦ
1796 5553 1956 5628 δόξης

305 5646 364 5679 τε
392 5625 479 5682 καὶ
515 5625 815 5701 δυνάμεως,
850 5631 927 5702 ὡς
956 5630 1190 5702 ποίημα.
1228 5633 1325 5686 Ed.
1361 5646 1512 5702 vero,
1538 5627 1690 5702 Δἀλλ’,
1734 5625 1959 5684 ἀπολεί-

307 5703 596 5775 πεται-τῆς
621 5698 714 5756 τοῦ
745 5702 878 5759 Θεοῦ
911 5698 1175 5773 δόξηςῶς
1208 5703 1339 5772 ποίη
1355 5698 1704 5775 μα,λείπεται
1734 5708 1833 5772 τῆς
1864 5703 1960 5756 τοῦ

2135 5341 2244 5412 (64)
2279 5340 2417 5409 Reg.
2451 5339 2511 5412 et
2545 5339 2690 5405 Aug.
2726 5330 3094 5412 συζητήσεωςι.

2139 5397 2432 5485 (65’)Α11ἓ.
2495 5405 2545 5461 ἐν
2611 5397 2874 5478 μεγάλοις
2920 5397 3246 5473 ἐνεχόμενον
3310 5397 3356 5451 εἰ
3407 5397 3498 5452 καὶ
3561 5397 3723 5471 μάλι-

2069 5504 2940 5628 "imae-emis
3196 5617 3230 5628 ,.
3525 5617 3548 5627 -

2140 5611 2249 5700 (67’
2287 5611 2439 5696 Regi)
2461 5627 2520 5678 et
2549 5611 2776 5692 Anglic.
2810 5617 2966 5687 ποιῇ.
2999 5612 3153 5670 Editi
3183 5617 3240 5669 et
3269 5611 3367 5669 alii
3399 5617 3566 5668 ποιεῖ.

2140 5627 2255 5769 (68)
2286 5697 2426 5769 Reg.
2461 5692 2512 5748 ἐν
2543 5696 2612 5766 τῇ
2641 5693 2750 5746 τῶν
2783 5687 3082 5764 ἀνθρώπων
3113 5683 3429 5760 πανουργίᾳ.

2286 5683 2426 5769 Reg.
2461 5692 2512 5748 ἐν
2543 5696 2612 5766 τῇ
2641 5683 2750 5746 τῶν
2783 5683 3082 5764 ἀνθρώπων
3113 5683 3429 5760 πανουργίᾳ.
