4170 6356
404 432 515 490 445

1538 425 2014 487 DISPUTATIO
2057 424 2369 484 CONTRA
2419 430 2462 486 A
2477 427 2697 488 RIUM.

3707 420 3826 483 446

473 564 525 617 8.
558 567 684 635 "Ap.
738 558 884 613 εἶπεν
919 578 932 590 ⁸
988 556 1181 619 Καλῶς
1237 556 1645 630 ἐμνημόνευσας
1695 554 1818 627 περὶ
1867 552 2058 609 τούτου

2249 558 2301 610 8.
2338 562 2434 611 Ar.
2470 557 2643 613 Recte
2690 558 2983 630 integrum
3008 556 3268 629 Apostoli
3296 556 3489 611 locum
3520 554 3630 610 hac
3662 555 3732 609 de
3764 571 3824 608 re

404 650 538 720 ὅλην
587 650 686 717 τὴν
737 648 1045 722 περικοπὴν
1072 650 1169 701 τοῦ
1210 645 1569 703 Ἀποστόλου·
1602 644 1726 700 ἀλλ’
1776 643 1885 718 ἐγὼ
1916 643 2060 713 ἀξιο-

400 739 715 814 πιστότερον
768 740 1013 811 ἡγοῦμαι
1062 738 1347 811 τυγχάνειν
1396 740 1493 791 τοῦ
1547 733 1912 788 ἀποστολικοῦ
1964 732 2059 806 ῥη-

396 834 492 885 τοῦ
526 829 589 883 τὸ
639 824 1042 902 προειρημένον
1096 826 1363 899 Κυριακὸν
1399 825 1485 878 ὑπ’
1511 823 1645 895 ἐμοῦ
1678 818 1880 898 λόγιον.
1918 822 2055 897 Ἔφη

397 919 497 994 γὰρ
530 919 558 972 ό
592 917 806 992 Κύριος,
846 916 921 986 μὴ
971 911 1223 977 δύνασθαι
1275 915 1361 990 ἀφ’
1413 914 1603 967 ἑαυτοῦ
1654 918 1827 967 ποιεῖν
1882 908 2056 980 οὐδὲν,

396 1008 483 1063 ἐὰν
540 1009 614 1079 μή
647 1027 699 1060 τι
755 1003 933 1079 βλέπῃ
980 1003 1074 1057 τὸν
1126 1003 1337 1078 Πατέρα
1384 1008 1665 1058 ποιοῦντα.
1719 1003 1835 1058 Ἀθ.
1889 1000 2054 1053 εἶπεν·

396 1097 463 1155 Τί
512 1096 762 1164 ἐποίησεν
811 1096 839 1149 ὁ
888 1094 1016 1155 Θεὸς
1068 1094 1118 1148 ἐν
1173 1092 1320 1168 ἀρχῇ
1356 1113 1368 1161 ;
1403 1094 1527 1167 Ἀρ.
1584 1092 1748 1147 εἶπεν·
1800 1091 2055 1163 Οὐρανὸν,

401 1193 530 1260 γῆν,
580 1184 870 1255 Θάλασσαν,
920 1183 1008 1237 καὶ
1060 1182 1235 1236 πάντα
1278 1182 1344 1235 τὰ
1393 1182 1443 1236 ἐν
1490 1182 1697 1249 αὐτοῖς,
1744 1182 1922 1241 καθὼς
1970 1178 2057 1253 γὲ.-

406 1295 664 1349 γραπται.
724 1275 840 1330 Ἀθ.
892 1272 1074 1327 εἶπεν·
1133 1270 1341 1328 Οὐκοῦν
1402 1268 1594 1325 λοιπόν
1657 1270 1795 1324 ἐστιν
1846 1266 2060 1323 ἀποδειο

409 1366 613 1440 χθῆναι
643 1365 753 1437 (69)
782 1362 926 1435 παρὰ
956 1366 1072 1432 σοῦ,
1123 1360 1312 1422 ποίους
1364 1360 1647 1435 οὐρανοὺς,
1678 1359 1768 1414 καὶ
1809 1366 1935 1433 γῆν,
1967 1358 2056 1413 καὶ

411 1452 704 1519 θάλασσαν,
747 1451 837 1505 καὶ
867 1450 932 1504 τὰ
962 1449 1011 1505 ἐν
1062 1449 1246 1510 αὑτοῖς
1299 1447 1552 1519 ἐποίησεν
1584 1450 1611 1502 6
1642 1448 1772 1510 Θεὸς
1821 1448 1871 1502 ἐν
1904 1448 2055 1523 πρώ-

407 1562 564 1611 νοις,
626 1540 721 1594 εἷθ’
780 1538 951 1599 οὕτως
1007 1540 1033 1593 6
1081 1538 1207 1599 Υἱὸς
1268 1535 1432 1592 αὺτοῦ
1496 1538 1748 1613 ἑωρακὼς
1807 1537 2059 1607 ἐποίησεν

407 1628 615 1703 ὁμοίως
642 1633 720 1700 τῷ
749 1627 919 1702 Πατρὶ
949 1627 1133 1683 αὐτοῦ.
1179 1629 1301 1701 ’¹Λρ.
1355 1627 1519 1681 εἶπεν·
1560 1626 1844 1700 ’Δθὲμιτον
1892 1630 2057 1703 ἡγοῦ-

409 1740 502 1793 μαι
558 1716 848 1793 τυγχάνειν
906 1717 970 1772 τὸ
1028 1717 1219 1789 εἰπεῖν,
1272 1721 1492 1792 πρῶτον
1551 1717 1756 1790 κόσμον
1810 1717 1912 1771 ὑπὸ
1960 1720 2058 1771 τοῦ

404 1808 536 1859 Θεοῦ
569 1801 1096 1878 δεδημιουργῆσθαι,
1147 1800 1330 1879 ἕτερον
1377 1801 1436 1859 δὲ
1486 1805 1589 1859 ὑπὸ
1626 1810 1724 1860 τοῦ
1761 1806 1908 1877 Υὶοῦ,
1939 1802 2059 1859 δευ-

401 1891 558 1967 τέρου
603 1896 678 1966 μὴ
731 1891 1028 1966 δυναμένου
1079 1891 1494 1969 ἀποδειχθῆναι,
1542 1892 1855 1965 καταδήλου
1904 1890 2058 1957 ὄντος
2094 1928 2141 1992 Β

404 1987 500 2037 τοῦ
530 1981 852 2057 πράγματος
898 1984 1045 2058 παρὰ
1089 1988 1271 2052 πᾶσιν,
1307 1981 1389 2038 ὅτι
1442 1983 1515 2045 εἶς
1562 1984 1822 2059 τυγχάνει
1856 1984 1883 2037 6
1916 1984 2061 2058 ὁρώ-

413 2093 569 2146 μενος
627 2072 854 2145 κόσμος.
917 2074 1032 2127 Ἀθ.
1095 2073 1261 2127 εἶπεν·
1322 2072 1529 2129 Οὐκοῦν
1584 2073 1672 2151 ἀφ’
1722 2074 1913 2127 ἑαυτοῦ
1961 2071 2062 2143 δή·

413 2166 665 2237 μιουργεῖ
692 2163 720 2216 6
754 2161 875 2224 Υἱὸς
905 2161 969 2216 τὸ
1018 2167 1143 2219 πᾶν.
1178 2162 1305 2238 Ἀρ.
1357 2161 1520 2216 εἶπεν·
1574 2162 1903 2238 Παρακαλῶ,
1947 2162 2063 2217 εἱπὲ

412 2272 527 2323 μοι,
575 2255 692 2312 πῶς
746 2251 836 2328 ἀφ’
888 2252 1079 2305 ἑαυτοῦ
1114 2269 1127 2319 ;
1163 2251 1276 2307 Οὑκ
1325 2248 1435 2305 ἔστι
1487 2248 1545 2305 δὲ
1592 2252 1650 2312 ὃς
1708 2250 1844 2321 λέξει
1875 2256 2058 2307 τοῦτο.

406 2346 520 2403 Ἀθ.
558 2340 725 2393 εἶπεν·
760 2340 816 2394 Ὀ
847 2339 1011 2417 σοφὸς
1038 2341 1139 2408 τὴν
1195 2337 1401 2415 βουλὴν
1433 2339 1598 2395 αὐτοῦ
1628 2344 1734 2394 ποῦ
1778 2340 2009 2416 εὑρίσκει
2045 2362 2057 2410 ;

406 2434 533 2503 "Ap.
580 2428 746 2483 εἶπεν·
784 2429 870 2485 Ἐν
901 2432 968 2501 τῇ
1016 2428 1179 2506 σοφία
1227 2428 1413 2486 αὐτοῦ.
1449 2430 1561 2485 Ἀθ.
1611 2431 1776 2483 εἶπεν·
1831 2430 2059 2504 Χριστὸς

407 2515 463 2572 δὲ
493 2522 626 2573 Θεοῦ
670 2515 899 2590 δύναμις
932 2517 1021 2572 καὶ
1070 2516 1231 2595 σοφία
1271 2519 1531 2593 τυγχάνει
1579 2520 1715 2573 κατά
1759 2519 1850 2572 τὸν
1887 2521 2059 2591 μακά-

407 2626 526 2680 ριον
560 2605 798 2676 Παῦλον,
845 2604 929 2661 ναὶ
980 2608 1015 2675 ἢ
1050 2602 1111 2661 o6
1147 2624 1160 2674 ;
1193 2608 1318 2682 "Ap.
1372 2607 1535 2663 εἶπεν.
1568 2605 2061 2684 Ὀμολογουμὲνως

410 2696 640 2770 Χριστὸς
694 2699 828 2750 Θεοῦ
873 2696 984 2769 (70)
1040 2692 1267 2767 δύναμις
1310 2695 1400 2750 καὶ
1446 2700 1578 2750 Θεοῦ
1623 2694 1804 2773 σοφία.
1838 2698 1953 2767 Ἀθ,
1989 2697 2062 2751 εἶ-

404 2802 521 2837 πεψ
588 2786 647 2838 Ἑ
710 2782 871 2861 σοφία
920 2784 1010 2838 οὗν
1075 2786 1149 2857 μὴ
1202 2782 1511 2859 ἀλλαχόθεν
1564 2785 1884 2863 σοφίζεται;
1936 2791 2057 2861 "Ap.

413 2875 584 2927 εἶπεν·
644 2874 739 2941 Μὴ
792 2874 1039 2947 γένοιτοί
1074 2875 1193 2936 Ἀθ.
1248 2873 1411 2928 εἶπεν·
1473 2874 1676 2928 Οὐκοῦν
1722 2876 1810 2952 ἀφ’
1869 2875 2063 2944 εαυτῆς

408 2962 580 3016 πάντα
630 2962 704 3023 ὡς
756 2962 917 3039 σοφία
966 2962 1187 3037 πράττει
1224 2983 1237 3031 ;
1280 2967 1404 3037 "Ap.
1457 2964 1639 3017 εἴπεν*
1691 2963 1878 3025 Οὕτως
1922 2961 2058 3039 ἔχει.

409 3052 611 3106 Οὐκοῦν
664 3052 691 3106 ὁ
745 3052 930 3127 Ηατήρ
985 3049 1135 3105 οὐδὲν
1187 3048 1667 3127 ἐδημιούργησεν;
1719 3054 1839 3109 Ἀθ.
1892 3053 2057 3108 εἶπεν·

410 3142 609 3196 ’Δκουε
644 3185 657 3209 ,
703 3140 793 3195 καὶ
848 3142 922 3213 μή
974 3144 1260 3213 προπετῶς
1316 3139 1474 3195 λάλει
1519 3144 1654 3216 (71),
1711 3141 1744 3196 ἃ
1797 3143 1872 3215 μή
1905 3142 2057 3216 Θέμις

410 3231 546 3303 μήτε
586 3230 781 3306 λέγειν,
835 3231 974 3302 μήτε
1013 3229 1251 3300 ἀκούειν,
1303 3230 1378 3291 ὡς
1432 3232 1507 3303 μή
1561 3228 1861 3305 δυναμένου
1912 3234 2057 3294 τινὸς

407 3319 732 3395 μετατρέψαι
777 3318 845 3373 τὰ
892 3322 1141 3376 τοιαῦτα.
1174 3318 1327 3388 Πλὴν
1378 3318 1464 3374 ἐπὶ
1510 3325 1606 3374 τοῦ
1652 3321 1921 3396 παρόντος
1966 3319 2058 3385 δός

407 3429 498 3480 μοι
530 3406 693 3485 λόγον
744 3408 867 3482 περὶ
909 3408 971 3462 οὗ
1023 3407 1297 3483 ἐπερωτῶ.
1331 3409 1393 3465 Ὀ
1424 3406 1645 3471 δυνατὸς
1674 3414 1793 3472 πῶς
1836 3410 2063 3488 αὐτουρ-

399 3502 483 3573 γεῖ
514 3518 527 3567 ;
557 3501 685 3572 "Ap.
737 3499 905 3552 εἶπεν·
944 3498 1027 3553 Ἐν
1073 3501 1141 3570 τῇ
1193 3494 1419 3570 δυνάμει
1467 3498 1632 3553 αὐτοῦ
1662 3500 1724 3554 τὸ
1754 3506 1857 3555 πᾶν
1890 3502 2059 3575 πράτ-

2174 645 2470 715 protulisti
2506 663 2517 700 :
2553 664 2754 701 verum
2789 664 2914 718 quae
2955 663 3061 719 ego
3106 646 3559 701 commemoravi
3596 644 3821 699 Domini

2172 735 2347 789 verba
2379 736 2567 807 magis
2599 737 2772 808 digna
2804 738 2915 791 ﬁde
2947 742 3185 790 autumo
3216 752 3343 789 esse
3366 750 3542 805 quam
3567 750 3693 803 qum
3726 734 3801 787 ba

2172 823 2272 879 bet
2308 825 2644 896 Apostolus.
2678 826 2981 897 Siquidem
3031 826 3112 879 ait
3162 824 3443 879 Dominus
3487 822 3631 876 nihil
3681 839 3742 877 se
3790 840 3822 877 a

2172 913 2365 982 seipso
2421 931 2592 985 posse
2645 915 2851 982 facere,
2896 914 3007 969 nisi
3060 913 3198 985 quid
3251 912 3556 967 facientem
3616 912 3826 966 viderit

2171 1003 2402 1058 Patrem
2428 1004 2493 1057 93.
2523 1005 2644 1058 Ath.
2681 1005 2827 1068 Quid
2871 1005 3005 1059 fecit
3050 1005 3205 1058 Deus
3254 1002 3309 1055 in
3362 999 3695 1073 principio?
3725 1002 3817 1055 Ar.

2171 1090 2417 1159 leum,
2450 1097 2690 1159 terram,
2726 1108 2907 1160 mare,
2933 1098 2989 1147 et
3018 1092 3217 1147 omnia
3247 1108 3374 1161 qua:
3408 1090 3463 1144 in
3497 1088 3614 1143 illis
3645 1090 3823 1143 conti-

2172 1185 2408 1247 nentur,
2444 1182 2525 1237 uti
2576 1183 2861 1254 scriptum
2911 1186 3017 1237 est.
3050 1182 3173 1236 Ath.
3210 1182 3489 1252 Superest
3536 1178 3719 1249 igitur
3760 1181 3825 1232 ut

2171 1270 2448 1326 ostendas
2479 1288 2769 1342 quosnam
2811 1271 3005 1340 cmlos,
3034 1286 3281 1341 quamve
3314 1275 3552 1334 terram,
3579 1284 3740 1322 mare
3770 1272 3827 1321 et

2172 1375 2299 1429 qua:
2348 1360 2443 1415 his
2489 1361 2883 1429 continentur,
2926 1360 3182 1432 primum
3234 1358 3434 1414 fecerit
3481 1358 3660 1421 Deus,
3694 1373 3820 1427 qua

2171 1448 2379 1503 deinde
2410 1449 2614 1504 videns
2646 1449 2848 1516 Filius,
2879 1448 3152 1505 similiter
3181 1452 3245 1503 ut
3274 1448 3443 1503 Pater
3473 1446 3695 1501 fecerit.
3726 1446 3820 1499 Ar.

2171 1536 2345 1593 Nefas
2390 1537 2549 1593 dictu
2600 1543 2740 1610 puto
2792 1555 2940 1606 esse,
2976 1538 3232 1609 primum
3284 1537 3573 1591 mundum
3624 1552 3658 1590 a
3706 1538 3820 1589 Deo

2172 1626 2355 1682 fuisse
2385 1627 2710 1698 conditum,
2739 1628 2988 1683 alterum
3023 1632 3218 1683 autem
3250 1644 3282 1681 a
3316 1626 3479 1693 Filio,
3513 1641 3647 1680 cum
3680 1624 3825 1679 alter

2172 1716 2431 1771 mundus
2463 1718 2857 1773 demonstrari
2891 1734 3007 1772 non
3040 1717 3246 1789 possit,
3276 1716 3493 1788 quippe
3524 1730 3657 1769 cum
3691 1730 3822 1785 per-

2172 1805 2443 1877 spicuum
2467 1806 2543 1861 sit
2563 1806 2839 1861 omnibus
2862 1823 3046 1861 unum
3069 1806 3225 1861 hunc
3247 1805 3536 1859 mundum
3559 1808 3821 1875 aspecta-

2172 1894 2347 1950 bilem
2383 1910 2531 1950 esse.
2556 1895 2679 1950 Ath.
2705 1895 2891 1967 Igitur
2925 1895 3105 1951 Filius
3154 1912 3187 1949 a
3226 1910 3287 1950 se
3320 1894 3445 1965 ipso
3478 1893 3820 1948 universum

2172 1985 2371 2040 creat?
2401 1985 2493 2039 Ar.
2520 1984 2721 2048 Quaeso
2753 1990 2830 2051 te,
2857 1985 3152 2056 quomodo
3174 2000 3203 2039 ε
3228 1983 3457 2055 seipse?
3479 1984 3659 2038 Nemo
3682 1999 3825 2037 sane

2172 2074 2228 2129 id
2263 2075 2496 2129 dixerit.
2524 2074 2645 2131 Ath.
2682 2076 2926 2146 Sapiens
2959 2075 3199 2131 ubinam
3232 2090 3407 2129 suum
3438 2072 3657 2128 invenit
3686 2088 3823 2128 con-

2172 2163 2416 2219 silium?
2445 2165 2541 2219 Ar.
2576 2165 2638 2218 In
2673 2164 2963 2235 sapientia
3003 2181 3129 2219 sua.
3164 2162 3284 2217 Ath.
3316 2164 3523 2217 Annon
3556 2161 3825 2217 Christus

2172 2253 2271 2309 Dei
2303 2254 2488 2309 virtus
2533 2257 2591 2309 et
2638 2252 2927 2325 sapientia
2957 2258 3066 2320 est,
3102 2257 3166 2308 ut
3195 2254 3363 2308 docet
3410 2252 3618 2307 beatus
3670 2251 3824 2305 Pau-

2173 2340 2268 2397 lus
2290 2341 2375 2396 ‘t?
2410 2342 2550 2413 Ain’,
2577 2359 2649 2397 an
2689 2343 2916 2415 negas?
2946 2343 3036 2397 Ar.
3071 2342 3208 2397 Sine
3238 2341 3630 2397 controversia
3659 2340 3822 2395 Chri-

2173 2434 2301 2486 stus
2335 2431 2429 2486 Dei
2458 2432 2646 2487 virtus
2678 2438 2736 2486 et
2766 2432 2866 2487 Dei
2898 2432 3183 2503 sapientia
3214 2436 3321 2486 est.
3356 2431 3478 2485 Ath.
3501 2430 3651 2485 Num
3686 2446 3824 2501 ergo

2173 2519 2729 2592 sapientiaaliunde
2757 2521 3007 2576 efﬁcitur
3048 2520 3326 2592 sapiens?
3354 2526 3447 2575 Ar.
3480 2520 3665 2575 Absit.
3699 2519 3821 2572 Ath.

2174 2610 2361 2681 Igitur
2392 2627 2425 2665 a
2455 2610 2649 2681 seipsa
2678 2610 2896 2681 omnia,
2917 2614 2980 2665 ut
3011 2610 3318 2681 sapientia,
3345 2610 3482 2681 agit.
3518 2610 3609 2663 Ar.
3644 2609 3731 2663 Ita
3762 2624 3824 2663 se

2172 2714 2264 2754 res
2296 2699 2490 2754 habet.
2515 2700 2666 2754 Num
2701 2700 2880 2770 igitur
2910 2698 3052 2753 nihil
3078 2704 3234 2753 creat
3267 2698 3474 2754 Pater?
3505 2698 3625 2753 Ath.
3651 2698 3821 2767 Audi,

2174 2792 2537 2859 neoitemere
2580 2788 2817 2861 loquere
2865 2806 2991 2859 qua:
3044 2805 3148 2844 nec
3197 2789 3388 2844 dicere
3439 2789 3526 2843 fas
3576 2792 3683 2857 est,
3718 2803 3824 2841 nec

2175 2878 2399 2948 audire,
2433 2877 2600 2948 quasi
2634 2895 2805 2933 nemo
2860 2878 3044 2949 possit
3092 2878 3204 2932 ista
3251 2884 3350 2933 tua
3398 2882 3674 2932 evertere.
3708 2877 3822 2932 Ve-

2172 2968 2650 3039 rumtamenjam
2684 2968 2830 3023 mihi
2862 2969 3151 3039 responde
3172 2968 3242 3022 ad
3275 2967 3332 3021 id
3365 2969 3520 3038 quod
3552 2974 3606 3022 te
3638 2966 3823 3022 inter-

2171 3074 2329 3129 rogo.
2367 3058 2419 3111 Is
2451 3056 2552 3128 qui
2585 3061 2788 3128 potens
2819 3062 2926 3125 est,
2960 3057 3251 3128 quomodo
3284 3057 3408 3127 ipse
3440 3072 3542 3127 per
3572 3072 3633 3111 se
3666 3055 3823 3127 agit?

2168 3147 2262 3201 Ar.
2286 3146 2497 3201 Omnia
2526 3147 2740 3201 virtute
2771 3164 2878 3201 sua
2907 3146 3105 3202 efﬁcit.
3128 3145 3251 3200 ΑιΙι.
3278 3150 3483 3200 Annon
3508 3162 3639 3200 vero
3667 3144 3826 3199 Chri-

2173 3240 2301 3291 stus
2342 3236 2752 3291 convenienter
2802 3236 2897 3291 Dei
2946 3235 3131 3290 virtus
3186 3234 3460 3289 exsistit?
3494 3235 3587 3289 Ar.
3639 3234 3825 3289 Nemo

2175 3341 2289 3381 non
2349 3326 2617 3380 fateatur.
2652 3324 2777 3379 Ath.
2832 3325 3031 3395 Itaque
3079 3341 3210 3378 cum
3262 3323 3527 3378 Christus
3586 3322 3662 3377 sit
3718 3321 3821 3378 Dei

2170 3414 2378 3482 virtus,
2413 3432 2539 3486 quae
2588 3414 2795 3483 virtus,
2830 3414 2888 3469 id
2929 3419 3014 3470 est
3064 3413 3356 3482 Christus,
3389 3412 3587 3477 efficit,
3620 3412 3823 3468 eadem

2172 3503 2355 3559 efﬁcit
2385 3504 2573 3560 Pater.

400 3607 499 3643 τει.
549 3588 683 3644 Ἀθ.
735 3587 878 3641 εἶπεν
908 3606 921 3620 ·
974 3588 1202 3659 Χριστὸς
1253 3584 1311 3641 δὶ
1358 3587 1637 3664 ἀραρότως
1690 3593 1823 3644 Θεοῦ
1873 3587 2101 3664 δύναμις
2157 3590 2391 3667 ὑπάρχει
2429 3611 2442 3661 ;
2484 3595 2606 3666 "Ap.
2659 3590 2822 3646 εἶπεν·
2866 3588 3256 3665 Ὠμολόγηται.
3321 3591 3439 3653 Ἀθ.
3499 3588 3664 3643 εἶπεν·
3724 3588 3832 3647 Οὐ-

396 3681 523 3731 κοῦν
556 3680 790 3753 Χριστοῦ
823 3674 1104 3750 δυνάμεως
1153 3671 1308 3739 ὄντος
1356 3682 1453 3732 τοῦ
1493 3683 1629 3733 Θεοῦ
1678 3681 1813 3753 (72),
1849 3680 1982 3755 ἅπερ
2033 3677 2367 3758 δημιουργεῖ
2395 3684 2429 3750 ἡ
2466 3679 2715 3755 δύναμις,
2763 3680 3037 3736 τουτέστιν
3068 3681 3095 3735 6
3124 3680 3383 3756 Χριστὸς,
3424 3683 3590 3735 ταῦτα
3622 3684 3769 3735 ποιεῖ
3800 3680 3828 3735 6

402 3768 609 3841 Πατήρ.

472 3857 527 3910 9.
560 3856 684 3927 Ἀρ.
720 3856 887 3909 εἶπεν·
913 3858 1038 3916 Πῶς
1057 3856 1190 3932 ἅπερ
1220 3852 1547 3932 δημιουργεῖ
1578 3855 1606 3910 6
1638 3856 2065 3932 Χριστὸς,ταῦτα

408 3943 733 4019 δημιουργεῖ
782 3946 809 3999 6
859 3944 987 4006 Θεός
1023 3964 1036 4014 ;
1068 3951 1185 4009 Ἀθ.
1244 3946 1411 3999 εἶπεν*
1456 3947 1519 4000 Ἦ
1570 3943 1799 4019 δύναμις
1830 3947 1937 4001 ἀπὸ
1964 3952 2062 4002 τοῦ

407 4035 637 4092 δυνατοῦ
665 4039 991 4114 κεχώρισται
1025 4057 1038 4107 ;
1073 4041 1199 4113 "Ap.
1234 4038 1398 4094 εἶπενο
1433 4040 1522 4108 Μὴ
1555 4038 1791 4115 γένοιτοί
1827 4040 1924 4103 Τίς
1956 4038 2059 4115 γάρ

403 4146 539 4180 ποτε
571 4126 799 4201 ἑώρακεν
824 4128 1158 4202 ἀγνωνιστήν
1189 4126 1337 4201 πάλῃ
1370 4125 1520 4190 ἰδίως
1551 4125 2058 4201 ἀνδριζόμενον,κα-

400 4215 642 4288 ταμόνας
676 4213 732 4270 δὲ
774 4217 873 4285 τὴν
907 4214 1135 4290 δύναμιν
1184 4216 1349 4271 αὐτοῦ
1386 4243 1399 4286 ;
1434 4216 1495 4271 Εἴ
1530 4217 1631 4293 γὰρ
1668 4218 1734 4286 ἦν
1762 4221 1945 4285 τοῦτο,
1979 4218 2060 4272 ἐπ’

402 4304 741 4382 ἀμφοτέρους
792 4304 851 4359 ἂν
894 4304 1156 4379 ἐκομίσθῃ
1202 4305 1269 4359 τὰ
1321 4300 1566 4380 βραϐεῖα.
1609 4302 1735 4374 ἤτοι
1767 4307 1818 4360 οἱ
1863 4305 2059 4383 στέφα-

396 4415 477 4448 νοι
525 4396 658 4467 (73).
708 4395 824 4450 Ἀθ.
875 4396 1043 4449 εἶπεν·
1101 4396 1303 4469 Ὀρθῶς
1335 4392 1487 4471 ἔφης.
1522 4396 1587 4452 Et
1620 4394 1711 4449 οῦν
1745 4395 1826 4450 ἐπ’
1856 4395 2060 4471 ἀνθρώ-

397 4503 502 4537 που
542 4488 711 4539 τοῦτο
760 4479 990 4554 ἔδωκας,
1044 4486 1183 4557 μήτε
1229 4480 1457 4557 δύναμιν
1518 4484 1947 4561 κεχωρισμένως
2004 4507 2057 4540 τι

397 4576 673 4646 πράττειν,
710 4576 849 4648 μήτε
898 4575 1004 4647 μὴν
1056 4576 1118 4630 τὸ
1169 4580 1329 4649 σῶμα
1377 4576 1573 4651 ἑτέρως
1607 4576 1838 4653 ἐνεργεῖν
1864 4598 1939 4645 τι,
1973 4577 2060 4631 o6-

400 4668 524 4718 κοῦν
584 4665 613 4718 6
673 4664 929 4739 Χριστὸς,
989 4662 1214 4738 δύναμις
1276 4662 1348 4718 ὢν
1410 4666 1669 4741 πατρική,
1732 4665 2055 4742 ἀχωρίστους

400 4752 589 4821 πάντα,
622 4754 655 4808 ἃ
682 4754 904 4829 πράττει
963 4754 991 4809 6
1022 4755 1231 4827 Πατὴρ,
1280 4752 1503 4829 πράττει
1549 4759 1716 4809 ταῦτα
1756 4757 1845 4810 καὶ
1894 4756 2055 4818 αὐτός

398 4844 535 4915 (74).
563 4845 688 4916 "Ap.
724 4843 887 4897 εἶπεν·
923 4849 1101 4898 Ἔστω
1137 4842 1303 4911 οὕτω,
1333 4844 1394 4898 τὸ
1428 4844 1753 4919 ἀχωρίστως
1787 4842 2055 4921 δημιουρ-

396 4936 506 5006 γεῖν
553 4932 646 4987 τὸν
688 4931 812 4987 Υἱὸν
858 4931 951 4987 σὺν
1000 4937 1081 5005 τῷ
1109 4937 1226 5005 Θεῷ
1271 4932 1334 4987 τὸ
1365 4939 1489 4988 πᾶν
1528 4936 1660 5008 μήτι
1712 4932 1931 4990 δύναται
1966 4937 2056 4990 καὶ

466 5141 513 5177 ³³
542 5143 708 5199 Joan.
739 5160 796 5213 ν,
831 5142 918 5199 19.
996 5143 1044 5180 ²⁴
1076 5142 1098 5198 Ι
1130 5143 1259 5200 Cor.
1293 5161 1335 5214 I,
1364 5144 1457 5200 24.

2244 3862 2297 3917 9.
2332 3864 2422 3917 Ar.
2457 3862 2564 3925 Qui
2614 3862 2677 3916 ﬁt
2725 3866 2790 3917 ut
2840 3877 2972 3933 qum
3012 3860 3283 3916 Christus
3331 3860 3529 3927 efﬁcit,
3560 3877 3627 3915 ea
3678 3864 3827 3915 Deus

2174 3952 2437 4007 efﬁciat?
2467 3951 2593 4007 Ath.
2627 3954 2711 4005 Au
2744 3950 2929 4006 virtus
2972 3950 3093 4005 sive
3141 3950 3403 4021 potentia
3449 3949 3831 4018 distinguitur

2172 4041 2246 4096 ab
2278 4057 2344 4095 eo
2375 4040 2474 4112 qui
2507 4044 2716 4112 potens
2746 4040 2877 4095 est?
2908 4040 3002 4095 Ar.
3030 4040 3215 4095 Absit.
3250 4039 3462 4110 Ecquis
3495 4039 3649 4094 enim
3681 4038 3826 4093 vidit

2173 4146 2435 4201 unquam
2493 4130 2767 4184 athletam
2825 4129 2883 4183 in
2934 4129 3251 4184 luctatione
3299 4129 3545 4184 seorsim
3603 4127 3827 4183 fortiter

2170 4236 2235 4277 se
2265 4223 2581 4293 gerentem,
2617 4224 2675 4274 et
2722 4219 2969 4274 seorsim
3019 4219 3282 4289 ejusdem
3314 4217 3633 4273 virtutem?
3676 4218 3823 4272 Nam

2171 4309 2220 4365 si
2252 4310 2334 4365 ita
2363 4313 2538 4375 esset,
2573 4309 2643 4363 ad
2677 4313 2995 4378 utrumque
3040 4312 3194 4362 certe
3244 4307 3484 4378 praemia
3514 4307 3633 4361 sive
3664 4324 3826 4363 coro-

2171 4418 2278 4456 nas
2307 4400 2530 4456 del'erre
2561 4402 2870 4470 oporteret.
2906 4398 3027 4453 Ath.
3064 4398 3235 4453 Recte
3269 4397 3438 4453 dicis.
3464 4400 3828 4469 Quapropter

2170 4490 2220 4547 si
2250 4490 2309 4545 id
2354 4490 2414 4545 in
2459 4489 2697 4544 homine
2744 4488 3037 4559 agnoscis,
3071 4502 3302 4558 nempe,
3335 4502 3441 4542 nec
3490 4486 3619 4557 ejus
3650 4487 3827 4542 virtu-

2168 4584 2285 4636 tem
2319 4578 2636 4651 separatim
2664 4578 2801 4648 quid
2837 4578 3084 4648 efﬁcere,
3110 4592 3212 4631 nec
3243 4592 3456 4648 corpus
3487 4575 3645 4631 aliud
3678 4577 3822 4648 quid

2169 4685 2340 4741 agere
2374 4685 2386 4723 :
2420 4670 2679 4739 profecto
2710 4667 3001 4735 Christus,
3036 4666 3137 4738 qui
3188 4670 3429 4737 paterna
3477 4670 3565 4721 est
3610 4666 3820 4735 virtus,

2168 4759 2387 4827 omnia,
2421 4775 2553 4829 quae
2581 4757 2749 4811 Pater
2777 4756 2975 4827 efﬁcit,
2999 4757 3125 4829 ipse
3156 4772 3385 4828 quoque
3433 4756 3653 4825 absque
3704 4756 3821 4811 ulla

2169 4846 2563 4919 disjunctione
2603 4846 2801 4901 efﬁcit.
2836 4848 2928 4901 Ar.
2963 4846 3126 4915 dixit,
3158 4845 3293 4900 Esto
3328 4862 3339 4900 :
3378 4843 3556 4899 Filius
3602 4846 3824 4915 absque

2169 4936 2289 4993 ulla
2346 4935 2743 5007 disjunctione
2799 4935 3137 4992 universum
3192 4933 3406 4991 efﬁciat
3452 4931 3632 4989 simul
3686 4950 3822 4990 cum

459 5347 571 5419 (69)
600 5347 772 5419 Angl.
804 5346 1009 5402 Οὐκοῦν
1057 5346 1429 5424 περιλείπεται
1487 5348 1682 5405 λοιπὸν
1730 5346 2052 5425 ἆποδεχθῆ-
2161 5355 2311 5425 Aug.
2336 5353 2375 5425 ﬁt}
2412 5348 2638 5425 δύναμις
2678 5348 3139 5425 αὐτοῇᾼτουτέστι
3170 5348 3270 5403 τοῦ
3303 5347 3555 5425 Χριστοῦ.

394 5438 585 5574 V$2.70)“
610 5490 696 5574 Ita
726 5490 963 5563 Regius.
997 5490 1106 5546 Alii
1148 5497 1343 5549 autem
1376 5497 1432 5548 et
1471 5493 1610 5549 editi
1641 5493 1922 5550 omittunt
1950 5510 2051 5550 vo-

397 5568 751 5758 ῗῗῖὶιῗεεῖἒέ.
785 5635 1038 5711 φθέγγου,
1072 5640 1128 5690 et
1176 5634 1349 5707 paulo
1394 5639 1524 5707 post
1550 5634 1728 5709 idem,
1766 5634 2052 5712 μεταστρέ-

445 5724 518 5758 αι.

445 5724 518 5760 αι.

416 5768 421 5773 ’
470 5777 581 5849 (72)
612 5778 697 5834 Ita
742 5777 881 5851 Reg.
937 5777 999 5834 In
1049 5776 1182 5834 aliis
1230 5782 1287 5834 et
1334 5777 1530 5835 editis.
1562 5775 1660 5833 τοῦ
1706 5779 1889 5838 deest.
1922 5778 2055 5836 Mox

2235 5417 2349 5495 (73)
2367 5417 2466 5495 Ita
2498 5417 2735 5495 Regius.
2770 5421 2883 5475 Alii
2914 5438 3070 5495 vero,
3092 5417 3224 5495 ἤτοι
3252 5417 3653 5493 πιαῖστὲφανος.
3690 5422 3820 5477 Mox

2164 5490 2407 5568 August:
2442 5493 2524 5568 67::
2558 5490 2825 5568 ἀνθρώπω
2853 5495 3016 5546 τοῦτο
3051 5490 3305 5568 δέδωκας.

2234 5558 2347 5637 (Ἷίι)
2380 5567 2467 5637 Ita
2498 5566 2635 5637 Reg.
2657 5558 2821 5617 'Editi
2856 5581 2991 5637 vero
3023 5566 3299 5637 omittunt
3322 5560 3443 5637 καί.
3479 5558 3658 5637 Paulo
3688 5567 3821 5637 post

2164 5629 2403 5711 Regius,
2437 5629 2793 5711 δημιόυργεῖν
2828 5633 2935 5711 πὸν
2988 5636 3115 5711 Θεόν
3161 5633 3446 5694 συναϊδίως
3494 5629 3582 5682 καὶ
3616 5629 3706 5683 σὺν
3740 5632 3819 5699 τῷ

2164 5702 2292 5778 ι’ῑῷ,
2327 5702 2476 5781 Aug.
2508 5702 2597 5761 τὸν
2633 5702 2759 5759 Θεὸν
2794 5702 2885 5757 σῦν
2918 5712 3000 5779 τῷ
3030 5707 3157 5778 ne.
