4170 6358
358 413 467 473 451
1521 411 1561 472 8
1632 410 2005 473 ΑἸἮΔΝΑΞΪ

2137 455 2152 472 .
2184 444 2262 460 --
2290 414 2605 476 SPUBIA.
3657 424 3775 486 452

360 549 614 604 Verbuin
648 545 862 617 ubique
892 545 1065 612 adsit,
1090 542 1314 599 clarum
1349 559 1477 599 esse
1522 544 1719 615 ipsum
1773 548 2007 616 propter

2121 544 2208 607 Τίς
2241 543 2382 601 ἐστιν
2416 548 2445 602 6
2476 548 2842 619 κεκοπιακὼς,
2872 545 3176 626 ἄνθρωπος,
3222 551 3259 621 ἢ
3306 553 3334 607 6
3383 552 3514 616 Θεὸς
3557 554 3768 631 Λόγος;

360 653 597 694 carnem
628 634 847 692 dixisse
881 651 893 691 :
928 656 957 686 ‹‹
979 634 1149 689 Pater
1182 650 1347 688 meus
1383 633 1486 706 qui
1534 633 1695 688 misit
1736 648 1852 703 me,
1886 650 2007 689 ma-

2121 637 2243 708 ”Ap.
2292 635 2461 690 εἶπενο
2521 637 2860 713 Ἄνθρωπος.
2910 639 3024 702 Ἀθ.
3076 639 3241 695 εἶπεν
3296 640 3499 697 Οὐκοῦν
3534 642 3625 697 σόν
3658 643 3768 699 ἐστι

349 728 448 799 jor
476 744 570 783 me
598 730 706 782 est.
740 748 762 776 ι
797 725 929 781 Haec
959 724 1117 779 enim
1147 723 1525 795 gradiebatur
1544 727 1601 778 et
1630 722 1996 794 fatigabatur,

2120 722 2178 776 τὸ
2215 730 2403 792 νοῆσαι
2454 724 2670 780 λοιπόν.
2717 732 2842 798 "Ap.
2892 726 3057 782 εἶπεν·
3113 723 3511 803 Κατελαϐόμην
3551 751 3648 785 σου
3675 731 3767 786 τὸν

346 821 402 872 et
432 834 466 872 a
497 815 622 873 loco
653 815 712 870 in
745 817 938 871 locum
974 814 1283 885 migrabat.
1339 814 1504 868 Certe
1527 812 1583 866 id
1619 829 1682 867 se
1714 815 1868 868 recte
1897 811 1993 867 ha-

2118 816 2240 866 νοῦν
2269 811 2321 866 ἐν
2351 811 2432 886 τῷ
2463 811 2617 889 λόγῳ
2646 815 2852 887 τούτῳ,
2882 814 2965 870 ὅτι
2993 819 3090 870 τοῦ
3119 821 3253 871 Θεοῦ
3282 817 3461 892 Λόγου
3482 824 3765 896 πανταχοῦ

350 908 469 964 bet.
2113 900 2403 973 παρόντος,
2461 898 2632 972 δῆλον
2683 901 2768 959 ὅτι
2816 901 2907 958 διὰ
2949 904 3052 972 τήν
3097 906 3267 982 σάρκα
3298 907 3465 976 εἶπεν,
3499 932 3527 960 ‹‹
3559 909 3620 967 Ὁ
3651 913 3761 964 Ila-

342 997 448 1071 τηρ
484 1015 611 1067 μου,
643 993 671 1047 6
697 990 915 1066 πέμψας
948 1012 1035 1063 με,
1073 991 1270 1064 μείζων
1306 1013 1411 1064 μου
1442 990 1599 1061 ἐστίν,
1634 1015 1662 1042 ››
1692 990 1793 1059 τήν
1826 987 2147 1065 βαδίζουσαν
2169 991 2259 1045 καὶ
2289 996 2594 1066 κοπιῶσαν,
2625 992 2715 1048 καὶ
2745 992 2853 1048 ἀπὸ
2880 992 3051 1049 τόπου
3093 995 3169 1058 είς
3213 995 3383 1052 τόπον
3424 994 3605 1073 ἕτερον
3657 1018 3758 1053 πο-

339 1082 657 1161 ρευομένην.
695 1078 947 1152 Ἀληθῶς
978 1078 1153 1155 ὀρθῶς
1187 1078 1303 1156 ἔχει
1330 1085 1513 1137 τοῦτο.

407 1176 496 1233 13.
546 1174 675 1231 Alh.
724 1173 855 1228 Jam
904 1172 963 1227 in
1011 1176 1269 1228 mentem
1313 1187 1519 1228 revoca
1566 1171 1718 1243 quod
1769 1166 1993 1239 dixisti,

2175 1170 2265 1226 43.
2313 1173 2427 1235 Ἀθ.
2480 1170 2645 1227 εἶπεν*
2698 1173 2903 1229 Λοιπὸν
2955 1170 3089 1231 λάϐε
3141 1196 3235 1249 μοι
3277 1174 3330 1231 ἐν
3362 1181 3441 1249 νῷ
3467 1176 3532 1231 τὸ
3565 1176 3757 1253 ῥητὸν,

337 1263 524 1321 Deum
554 1263 812 1318 Verbum
844 1265 1104 1317 creatum
1147 1276 1296 1317 esse.
1353 1260 1515 1316 Unde
1543 1260 1635 1315 vis
1682 1277 1984 1318 sumamus

2113 1256 2236 1333 ὅπερ
2265 1256 2422 1336 ἔφης,
2454 1259 2537 1316 ὅτι
2562 1262 2590 1316 6
2621 1262 2750 1324 Θεὸς
2782 1262 2960 1338 Λόγος
2990 1263 3233 1335 ἐκτίσθη.
3281 1266 3450 1330 Πόθεν
3504 1260 3760 1339 λάϐωμεν

336 1352 574 1409 initium
599 1352 627 1406 ‘?
659 1352 776 1423 Ego
805 1366 938 1405 vero
969 1366 1084 1405 non
1141 1349 1331 1405 audeo
1383 1353 1505 1403 tam
1557 1348 1809 1405 ﬁdenter
1832 1350 1983 1423 loqui

2114 1348 2200 1415 τήν
2231 1348 2446 1424 ἀρχήν;
2481 1348 2555 1404 O6
2585 1349 2781 1423 τολμῶ
2811 1351 2987 1416 οὕτως
3016 1348 3238 1431 ἀφόϐως
3268 1353 3591 1432 φθέγγεσθαι
3625 1358 3761 1411 κατά

337 1446 540 1498 contra
569 1445 845 1497 sternam
877 1439 1006 1510 ejus
1038 1437 1166 1493 Filii
1198 1438 1683 1493 divinitatem.Ar.
1717 1444 1830 1511 Ego
1860 1440 1984 1512 qui-

2106 1444 2198 1507 τῆς
2228 1435 2407 1493 ἀϊδίου
2437 1438 2700 1510 θεότητος
2727 1445 2825 1496 τοῦ
2855 1442 2988 1497 Υὶοῦ
3017 1442 3184 1499 αὐτοῦ
3216 1446 3354 1517 (84).
3407 1445 3532 1520 Ἀρ.
3585 1445 3753 1500 εἶπεν·

336 1532 471 1588 dem
500 1530 559 1586 id
593 1547 663 1586 ex
691 1528 1014 1602 Scripturis
1045 1528 1226 1601 probo
1260 1544 1273 1582 :
1310 1533 1373 1583 tu
1405 1542 1537 1583 vero
1560 1528 1857 1583 undenam
1886 1528 1983 1583 ha-

2105 1527 2246 1601 Ἐγὼ
2298 1527 2392 1600 μὶν
2434 1527 2541 1583 ἀπὸ
2588 1533 2693 1584 τῶν
2746 1536 2971 1609 Γραφῶν
3013 1536 3175 1588 τοῦτο
3209 1531 3376 1608 λέγωο
3411 1533 3474 1588 σὺ
3506 1533 3565 1589 δὲ
3593 1534 3752 1590 πόθεν

331 1620 436 1676 bes
466 1619 682 1675 Filium
712 1616 1188 1673 aaternumesse?
1222 1616 1475 1688 Ath.Ego
1506 1631 1575 1671 ex
1594 1614 1763 1672 libris
1794 1617 1978 1674 divin:

2104 1612 2275 1670 ἀΐδιον
2334 1615 2515 1692 λέγεις
2570 1618 2663 1673 τὸν
2724 1617 2887 1689 l‘lo’v;
2940 1622 3054 1678 Ἀθ.
3098 1623 3266 1676 εἶπεν·
3330 1623 3468 1678 Ἀπὸ
3496 1627 3603 1677 τῶν
3632 1636 3751 1688 θεο-

331 1710 535 1766 afﬂatu
562 1707 799 1780 scriptis
822 1706 1007 1762 didici
1034 1710 1317 1761 aeternum
1339 1722 1468 1762 esse
1496 1705 1595 1761 Dei
1627 1704 1862 1761 Filium.
1892 1706 1978 1762 Ar.

2104 1703 2372 1761 πνεύστων
2406 1711 2632 1785 Γραφῶν
2665 1704 2883 1781 ἔμαθον,
2916 1707 2999 1764 ὅτι
3029 1706 3207 1773 ἀίδιός
3245 1708 3385 1765 ἐστιν
3431 1711 3460 1764 6
3502 1711 3626 1774 Υἱὸς
3653 1716 3751 1767 τοῦ

331 1801 607 1865 Quasnam
640 1797 952 1869 Scripturae
984 1795 1200 1851 docent
1233 1800 1517 1850 aeternum
1568 1810 1700 1851 esse
1729 1794 1978 1852 Filiumi

2102 1797 2253 1850 Θεοῦ.
2289 1799 2409 1866 "Ap.
2443 1796 2611 1850 εἶπεν·
2662 1796 2822 1851 Ποῖα(
2863 1796 2995 1852 εἰσιν
3046 1798 3102 1852 αἱ
3145 1798 3371 1875 Γραφαὶ,
3414 1799 3470 1853 αἱ
3512 1799 3749 1877 φάσκου-

328 1890 449 1945 Ath.
501 1886 933 1944 Celeberrimus
995 1883 1214 1940 Paulus
1263 1883 1323 1938 in
1374 1883 1639 1939 medium
1692 1884 1975 1956 prodiens1

2101 1904 2187 1938 σαι
2228 1882 2401 1941 ἀΐδιον
2449 1886 2542 1941 τὸν
2593 1886 2751 1956 Υἱόν;
2807 1889 2924 1951 Ἀθ.
2974 1889 3150 1943 εἷπενο
3189 1887 3399 1946 Ἐλθὼν
3433 1889 3461 1943 6
3492 1888 3748 1963 ἀοίδιμος

328 1977 636 2033 veritatem
665 1992 772 2032 suo
805 1973 1142 2030 testimonio
1176 1973 1567 2028 confirmabit.
1602 1995 1631 2023 «
1664 1972 1975 2031 Invisibilis

2103 1971 2314 2037 Παῦλος
2366 1977 2698 2051 μαρτυρήσει
2752 1979 2820 2049 νῇ
2870 1976 3119 2048 ἀληθείῳ
3176 2000 3199 2029 ι
3257 1980 3333 2033 Τὰ
3398 1980 3500 2054 γὰρ
3548 1978 3750 2054 ἀόρατα

328 2067 485 2122 enim
517 2066 727 2138 ipsius,
760 2062 974 2136 inquit,
1007 2080 1075 2118 ex
1122 2062 1414 2118 creatione
1465 2062 1695 2132 mundi,
1747 2079 1851 2134 per
1892 2079 1975 2119 res

2095 2061 2280 2132 αὐτοῦ,
2339 2062 2526 2141 φησὶν,
2584 2065 2690 2119 ἀπὸ
2742 2064 2969 2128 κτίσεως
3018 2066 3231 2140 κόσμου
3277 2073 3395 2130 τοῖς
3468 2071 3742 2139 ποιήμασι

327 2156 508 2211 factas
542 2153 837 2211 intellecta
868 2151 1333 2225 conspiciuntur,
1362 2150 1837 2223 sempiternaque
1854 2152 1974 2222 ejus

2097 2150 2362 2224 νοούμενα
2388 2154 2703 2228 καθορὲωαι,
2743 2156 2779 2225 ἢ
2828 2175 2887 2210 τε
2934 2152 3109 2219 ἀΐδιος
3159 2155 3324 2212 αὐτοῦ
3369 2154 3600 2231 δύναμις
3654 2157 3744 2212 καὶ

324 2245 538 2312 virtus,
571 2248 626 2300 et
658 2243 936 2299 divinitas
963 2258 975 2297 :
1012 2246 1077 2296 ut
1093 2240 1214 2296 sint
1240 2239 1352 2313 ipsi
1385 2239 1971 2313 inexcusabiles,quis

2095 2239 2304 2309 θειότης
2336 2242 2471 2315 (85),
2504 2241 2581 2304 εἷς
2610 2243 2671 2297 τὸ
2701 2245 2837 2298 εἶναι
2869 2242 3063 2299 αὐτοὺς
3094 2244 3567 2321 ἀναπολογήτους,
3602 2243 3742 2301 διότι

326 2351 461 2391 cum
492 2333 673 2390 Deum
706 2331 1133 2405 cognovissent,
1159 2347 1275 2386 non
1305 2330 1461 2386 sicut
1486 2332 1665 2386 Deum
1689 2329 1973 2403 gloriﬁca-

2095 2328 2302 2403 γνόντες
2343 2330 2435 2386 τὸν
2481 2331 2630 2404 Θεὸν,
2682 2331 2791 2408 οὐχ
2846 2332 2922 2395 ὡς
2971 2333 3100 2388 Θεὸν
3129 2317 3403 2404 ἐδόξασαν,
3430 2317 3742 2411 ἣήὐχαρί-

324 2428 551 2494 verunt,
590 2427 693 2479 aut
722 2422 945 2496 gratias
974 2423 1223 2493 egerunt
1259 2420 1325 2473 '9.
1361 2442 1390 2470 »
1422 2420 1513 2475 Ar.
1548 2419 1681 2475 Haec
1709 2421 1781 2475 de
1812 2419 1971 2476 Patre

2092 2438 2311 2488 στησαν.
2387 2444 2417 2471 (ί
2504 2423 2624 2495 "Ap.
2701 2421 2866 2475 εἶπεν·
2948 2422 3078 2496 Περὶ
3150 2421 3249 2477 τοῦ
3324 2424 3532 2499 Πατρὸς
3590 2422 3739 2499 λέγει

325 2513 468 2569 dicit
496 2512 818 2583 Scriptura.
851 2510 976 2565 Ath.
1014 2508 1218 2564 Nonne
1248 2508 1454 2564 beatus
1506 2507 1720 2564 Paulus
1749 2524 1850 2564 eos
1880 2525 1972 2563 ar-

2092 2511 2245 2562 τοῦτο
2310 2510 2345 2577 ἡ
2425 2511 2634 2586 Γραφή·
2717 2512 2832 2567 Ἀθ.
2907 2511 3069 2565 εἶπεν·
3126 2510 3333 2569 Οὐκοῦν
3395 2513 3423 2567 6
3478 2512 3739 2588 μακάριος

323 2601 469 2675 guit,
499 2601 599 2673 qui
632 2606 812 2656 Deum
840 2598 943 2655 Dei
978 2597 1187 2653 Filium
1218 2614 1320 2669 per
1348 2613 1562 2670 corpus
1592 2602 1970 2669 apparentem

2087 2596 2395 2659 ἀπόστολος
2454 2597 2668 2659 Παῦλος
2717 2599 2954 2654 αἰτιᾶται
3026 2599 3154 2663 τοὺς
3217 2601 3280 2656 τὸ
3340 2598 3430 2656 διὰ
3480 2602 3734 2675 σώματος

324 2708 441 2747 non
483 2694 892 2763 cognoverant,
934 2704 1037 2743 nec
1085 2686 1508 2759 sempiternam
1540 2686 1669 2757 ejus
1700 2686 1971 2743 divinita-

2083 2684 2401 2764 ἐπιφανέντα
2450 2687 2577 2745 Θεὸν
2620 2688 2742 2742 ι’ἱὸν
2783 2692 2918 2744 Θεοῦ
2970 2690 3044 2762 μή
3118 2688 3488 2766 ὲπεγνωκότας
3552 2689 3725 2746 ἀίδιον

325 2786 465 2851 lem,
493 2780 594 2851 qui
628 2779 964 2834 universum
1016 2775 1367 2832 adornavit?
1396 2776 1696 2847 Siquidem
1744 2792 1815 2831 ex
1842 2794 1970 2834 ma-

2080 2774 2308 2846 θεότητα
2351 2774 2537 2844 αὐτοῦ,
2585 2780 2683 2831 τοῦ
2732 2777 2795 2832 τὸ
2840 2782 2941 2833 πᾶν
2995 2775 3505 2851 διακοσμήσαντοςς
3539 2778 3599 2834 ἐκ
3624 2780 3726 2855 γὰρ

320 2869 630 2941 gnitudine
660 2873 718 2924 et
746 2866 1182 2940 pulchritudine
1211 2881 1411 2921 rerum
1450 2869 1798 2933 creatarum,
1832 2882 1967 2923 oon-

2083 2863 2342 2941 μεγέθους
2371 2864 2460 2920 καὶ
2492 2864 2774 2936 καλλονῆς
2812 2866 3123 2940 κτισμάτων
3176 2865 3457 2944 ἀναλόγως
3508 2865 3592 2922 δεῖ
3633 2869 3723 2923 τὸν

320 2959 615 3015 venienter
639 2956 934 3030 cognosci,
973 2973 1104 3011 cum
1156 2955 1482 3027 gratiarum
1521 2955 1749 3011 actione
1799 2954 1967 3011 debet

2080 2950 2420 3029 δημιουργὸν
2453 2954 2817 3030 γνωρισθέντα
2847 2955 3328 3032 εὐχαριστηθῆναι.
3380 2957 3617 3032 Φανερὸν
3671 2954 3727 3012 δὲ

318 3047 557 3104 Creator
588 3048 655 3101 9°.
679 3046 1058 3102 Manifestum
1081 3051 1172 3100 est
1202 3049 1399 3100 autem
1431 3044 1630 3100 omnia
1658 3060 1784 3116 qua:
1815 3044 1965 3101 facta

2082 3040 2219 3097 ἐστιν
2268 3045 2380 3117 (86)
2442 3043 2526 3098 ὅτι
2584 3043 2757 3099 πάντα
2808 3042 2899 3099 διὰ
2942 3049 3040 3099 τοῦ
3093 3044 3274 3119 Λόγου
3302 3045 3371 3100 τὰ
3398 3045 3729 3121 γεγενημένα

315 3143 455 3194 sunt
486 3154 588 3209 per
610 3135 868 3192 Verbum
904 3136 1055 3190 facta
1084 3150 1234 3202 esse,
1266 3133 1532 3204 nihilque
1552 3133 1678 3190 sine
1708 3132 1809 3189 illo
1839 3150 1962 3189 esse

2081 3132 2286 3207 γέγονε,
2334 3133 2425 3187 καὶ
2456 3132 2634 3208 χωρὶς
2664 3132 2829 3188 αὐτοῦ
2866 3132 3083 3210 γέγονεν
3116 3132 3242 3189 οὐδὲ
3268 3132 3345 3190 ἓν·
3377 3132 3484 3191 ἔδει
3516 3135 3608 3190 οῦν
3639 3134 3728 3190 καὶ

314 3184 556 3282 iactum.
591 3229 953 3295 Quapropter
982 3184 1308 3279 deberesvtu
1340 3184 1571 3295 qu6que
1592 3238 1662 3279 ex
1692 3222 1961 3293 praeclara

2093 3184 2286 3207 I’OH"
2337 3184 2423 3187 ""7
2459 3184 2632 3208 A."r“
2668 3184 2822 3188 ’⁷⁷⁷”
2880 3184 3075 3210 1⁷1⁷⁷⁷⁷
3122 3184 3239 3189 ⁷⁷⁷⁷
3272 3184 3316 3190 ⁷⁷
3378 3184 3483 3191 ”’⁷’
3520 3184 3600 3190 ””’
3642 3184 3727 3190 ””“’

2083 3221 2140 3275 σὲ
2171 3221 2231 3276 ἐκ
2260 3229 2358 3291 τῆς
2387 3226 2495 3277 τῶν
2523 3221 2811 3299 στοιχείων
2853 3222 3100 3300 ἐναρέτου
3150 3225 3476 3298 συμπήξεως
3530 3224 3727 3280 ἀναλο-

317 3313 749 3369 elementorum
765 3311 1270 3384 coagmentatione
1281 3313 1611 3367 Creatorem
1626 3312 1964 3367 convenien-

2078 3309 2328 3385 γίσασθαι
2360 3312 2452 3367 τὸν
2482 3309 2817 3388 δημιουργὸν
2847 3311 3156 3389 ἀναλόγως,
3187 3313 3278 3369 καὶ
3319 3317 3520 3368 σαυτοῦ
3571 3312 3725 3390 ἐπιγ-

319 3409 408 3459 ter
437 3402 786 3476 intelligere,
820 3408 992 3474 teque
1025 3401 1107 3456 tui
1142 3401 1330 3473 ipsius
1363 3418 1478 3458 non
1510 3402 1782 3473 ignarum
1817 3418 1966 3467 esse,

2078 3402 2300 3474 νώμονα
2354 3401 2621 3476 γενέσθαι,
2670 3401 2752 3457 ὅτι
2799 3399 2980 3458 ἀϊδίου
3026 3407 3161 3459 Θεοῦ
3205 3402 3466 3477 τυγχάνει
3506 3398 3665 3479 ἔργον
3697 3403 3725 3458 6

318 3491 731 3564 percipereque
762 3494 1050 3546 mundum
1081 3490 1285 3547 interni
1316 3490 1417 3546 Dei
1467 3507 1616 3563 opus
1664 3507 1815 3561 esse,
1862 3507 1965 3547 nec

2078 3489 2300 3562 xéopoc,
2352 3489 2419 3544 οὐ
2446 3497 2668 3559 κτιστῆς
2702 3487 2761 3545 δί
2789 3490 3020 3567 φύσεως,
3056 3492 3132 3564 μὴ
3167 3489 3472 3564 δυναμένης
3504 3489 3725 3567 ἐπαρκέ-

316 3580 582 3652 potuisse
630 3586 885 3637 creatam
934 3584 1207 3636 naturam
1256 3584 1487 3635 tantum
1550 3596 1698 3651 opus
1748 3581 1963 3652 produ-

960 3584 1207 3636 iaturam
1256 3584 1487 3635 tantum
1550 3596 1698 3651 opus
1748 3581 1965 3652 produ-
2076 3600 2162 3634 σαι
2193 3583 2426 3635 τοσαῦτα
2456 3576 2607 3654 δρᾷν.

351 3688 466 3726 8P8.

316 3687 466 3726 cere.

384 3760 471 3814 14.
504 3759 597 3815 Ar.
634 3762 791 3827 Esto,
823 3759 900 3815 sit
928 3762 1182 3815 aeternus
1217 3757 1396 3815 Filius
1426 3775 1440 3815 :
1475 3758 1576 3815 sed
1619 3758 1691 3814 ab
1734 3759 1963 3815 aeterni-

2145 3761 2232 3816 14.
2266 3760 2386 3832 Ἀρ.
2445 3759 2615 3812 εἶπενο
2672 3758 2850 3814 Ἔστω
2908 3754 3084 3820 ἀίδιος
3143 3758 3172 3812 6
3228 3758 3373 3828 Υἱὸς,
3431 3755 3577 3814 ἀλλά
3631 3758 3720 3813 καὶ

309 3855 423 3906 tate
454 3853 705 3921 creatus,
740 3849 1118 3905 aeternitatem
1161 3848 1403 3905 obtinet.
1452 3848 1577 3905 Ath.
1610 3847 1670 3904 Si
1710 3853 1956 3907 αξιοι-θυι

2072 3844 2260 3909 ἀϊδίως
2292 3847 2525 3910 κτισθεὶς
2556 3845 2672 3922 ἔχει
2698 3846 2761 3901 τὸ
2794 3842 2990 3904 ἀίδιον.
3042 3846 3157 3909 Ἀθ.
3208 3847 3376 3901 εἶπεν⁹
3423 3846 3488 3903 Εἰ
3545 3844 3719 3909 ἀίδιός

308 3943 393 3996 est
428 3938 630 4007 Filius,
664 3918 781 3996 non
809 3945 897 3995 est
928 3956 1021 3995 res
1053 3942 1248 3994 creata
1283 3955 1294 3994 :
1331 3938 1489 4010 quod
1538 3938 1588 3994 si
1622 3955 1713 3995 res
1744 3945 1955 4010 creata,

2073 3932 2210 3990 ἰστιν
2267 3934 2295 3988 6
2358 3932 2507 4001 Υἱὸς,
2552 3918 2652 3988 οῦκ
2694 3935 2760 4001 ἦν
2810 3932 3037 4005 κτίσμα’
3106 3932 3153 3987 εἴ
3213 3929 3271 3988 δὲ
3320 3934 3528 4007 κτίσμα
3592 3954 3720 4008 τυγ-

308 4046 422 4085 non
455 4033 544 4085 est
570 4034 843 4085 aeternus.
874 4032 971 4085 Ar:
1003 4026 1154 4083 Num
1185 4027 1307 4083 hinc
1339 4042 1444 4099 ego
1493 4044 1562 4083 ex
1609 4028 1847 4100 prepria
1874 4028 1955 4085 lo«

2072 4025 2246 4100 χάνει,
2296 4023 2396 4080 οὐκ
2448 4026 2515 4094 ἦν
2566 4020 2760 4085 ἀΐδιος.
2819 4025 2946 4099 Ἀρ.
2999 4024 3165 4078 εἷπεν·
3213 4023 3307 4092 Μὴ
3356 4025 3457 4099 γὰρ
3508 4021 3619 4099 ἐγὼ
3668 4022 3719 4094 ἐξ

308 4137 456 4192 quor
487 4119 882 4177 auctoritate?
914 4118 1096 4175 Filius
1121 4118 1248 4190 ipse
1279 4118 1363 4173 ait
1404 4135 1467 4175 se
1496 4136 1530 4174 a
1551 4119 1667 4174 Deo
1700 4120 1955 4191 primum

2069 4115 2270 4178 οἰκείας
2303 4113 2577 4178 αὐθεντίας
2605 4117 2722 4187 (87)
2751 4113 2919 4170 ταῦτά
2965 4133 3125 4192 φημιο
3175 4114 3204 4168 6
3249 4112 3372 4176 Υἱὸς
3421 4115 3591 4183 εἶπεν,
3635 4112 3716 4168 ὅτι

305 4209 849 4265 omniumcreatum
882 4224 1026 4263 esse.
1077 4208 1199 4263 ΑιΙι.
1253 4206 1461 4262 Tibine
1508 4206 1616 4263 soli
1667 4224 1741 4263 an
1781 4207 1952 4263 etiam

2067 4209 2280 4280 πρῶτον
2335 4205 2548 4260 πάντων
2601 4200 2805 4259 ἔκτισεν
2875 4202 3034 4258 αὐτὸν
3093 4204 3122 4257 6
3163 4201 3318 4264 Θεός.
3372 4204 3487 4260 Ἀθ.
3549 4205 3714 4257 εἶπεν·

304 4298 433 4355 aliis
464 4298 785 4354 revelatum
819 4302 907 4353 est
936 4297 1047 4353 hoc
1076 4297 1232 4351 168
1267 4295 1395 4351 Filii
1428 4296 1526 4351 Dei
1567 4296 1951 4366 mysterium?

2069 4294 2234 4350 Τοῦτό
2284 4316 2370 4350 σοι
2418 4293 2570 4367 μόνῳ
2618 4292 2998 4371 ἀπεκαλύφθη,
3047 4292 3081 4361 ἢ
3127 4292 3217 4346 καὶ
3258 4291 3452 4354 ἄλλοις
3483 4293 3546 4346 τὸ
3594 4293 3716 4368 περί

304 4388 397 4442 Ar.
428 4386 554 4443 Non
603 4386 869 4443 omnium
921 4391 1011 4441 est
1068 4385 1215 4440 fides
1265 4385 1328 4439 3'.
1377 4385 1791 4441 Verumtamen
1838 4402 1951 4442 non

2066 4388 2160 4439 τοῦ
2207 4385 2337 4438 Υἱοῦ
2386 4387 2520 4438 Θεοῦ
2573 4383 2913 4456 μυστήριον;
2962 4386 3090 4455 "Ap.
3125 4383 3295 4435 εἶπεν
3340 4381 3470 4438 «οὑ
3499 4381 3713 4436 πάντων

305 4474 450 4530 mihi
481 4474 719 4547 soli,sed
752 4474 929 4530 etiam
952 4472 1086 4529 aliis
1117 4473 1353 4544 cognita
1381 4477 1471 4528 est
1500 4472 1620 4529 haec
1651 4473 1949 4531 fides.Ath.

2070 4476 2098 4542 ἡ
2130 4472 2327 4533 πίστις·
2362 4470 2509 4539 πλὴν
2544 4470 2643 4524 οὐκ
2671 4468 2798 4541 ἐμοὶ
2834 4470 3007 4542 μόνῳ,
3040 4466 3189 4524 ἀλλὰ
3215 4468 3305 4524 καὶ
3338 4469 3542 4544 ἑτέροις
3581 4466 3717 4523 πολ-

304 4563 607 4621 Undenam
657 4563 823 4620 vobis
869 4579 936 4618 ea
988 4561 1244 4618 revelata
1292 4562 1420 4618 est?
1451 4562 1529 4616 Ex
1579 4561 1716 4634 Deo,
1762 4581 1834 4619 an
1885 4580 1951 4621 ex

2067 4559 2183 4622 λοῖς
2218 4558 2516 4635 ἐγνωρίσθη
2549 4560 2584 4628 ἡ
2617 4561 2798 4621 πίστις
2826 4558 2984 4627 αὕτη.
3018 4560 3132 4622 Ἀθ.
3167 4560 3333 4613 εἷπενο
3380 4557 3549 4621 Πόθεν
3588 4557 3714 4630 ὑμῖν

300 4652 693 4709 hominibus?
725 4654 815 4708 Ar.
847 4654 927 4707 Ex
981 4651 1119 4708 Deo.
1170 4651 1288 4707 Ath.
1340 4652 1504 4707 Tune
1553 4651 1677 4723 ipse
1723 4652 1947 4709 auditor

2066 4648 2444 4727 ἀπεκαλύφθη,
2497 4647 2558 4702 ἐκ
2599 4651 2754 4720 Θεοῦ,
2802 4647 2837 4716 ἦ
2894 4646 2946 4719 ἐξ
2995 4646 3336 4722 ἀνθρώπων;
3389 4650 3511 4723 "Ap.
3547 4649 3713 4703 εἶπεν.

300 4742 486 4810 fuisti,
521 4759 593 4799 an
624 4741 723 4798 alii
754 4741 859 4798 tibi
888 4740 1318 4797 narraverunt?
1346 4742 1441 4796 Ar.
1492 4740 1615 4799 Non
1651 4741 1793 4797 mihi
1817 4758 1947 4798 nar-

2068 4741 2160 4797 Ἐκ
2188 4743 2344 4796 Θεοῦ.
2378 4739 2488 4795 Ἀθ.
2523 4738 2689 4793 εἶπεν*
2726 4736 2802 4792 Σὺ
2849 4736 3116 4809 αὐτήκοος
3169 4735 3419 4814 γέγονας,
3466 4737 3503 4805 ἢ
3553 4734 3715 4792 ἄλλοι

299 4832 703 4903 raverunt,sed
738 4830 904 4887 multi
936 4830 1213 4896 sancti,in
1242 4831 1461 4903 Spiritu
1492 4832 1590 4887 Dei
1621 4831 1946 4903 loquentes,

2067 4849 2148 4884 σοι
2183 4828 2530 4907 ὑφηγήσαντο
2570 4826 2694 4903 περὶ
2738 4826 2969 4896 τούτου;
3022 4828 3141 4897 Ἃρ.
3200 4828 3364 4881 εἶπεν·
3423 4824 3535 4881 Οὐκ
3590 4825 3714 4898 ἐμοὶ

298 4920 506 4977 Filium
557 4926 821 4978 creatum
872 4936 1001 4976 esse
1068 4920 1459 4976 afﬁrmarunt.
1524 4920 1647 4976 Ath.
1700 4921 1945 4985 Quinam

2066 4917 2436 4996 ὐφηγήσαντο,
2477 4912 2624 4971 ἀλλὰ
2669 4913 2875 4971 πολλοὶ
2926 4917 3097 4990 ἅγιοι,
3148 4914 3199 4970 ἐν
3252 4914 3523 4989 Πνεῦματι
3579 4917 3713 4968 Θεοῦ

299 5016 441 5068 sunt
469 5012 565 5069 isti
595 5011 623 5068 7
652 5015 732 5068 An
764 5015 820 5067 et
843 5028 947 5066 nos
972 5027 1143 5065 nosse
1175 5027 1289 5066 non
1324 5027 1641 5081 possumus
1663 5010 1691 5066 ?
1712 5012 1946 5069 Ar.Tute

2063 5005 2384 5073 λαλοῦντες,
2444 5003 2644 5082 ἔφησαν
2701 5004 2783 5059 ὅτι
2845 5004 3060 5076 ἐκτίσθη
3122 5005 3150 5059 6
3210 5002 3352 5066 Υἱός.
3408 5005 3522 5059 Ἀθ.
3572 5004 3709 5057 εἴπε’

294 5101 420 5172 ipse
451 5102 605 5158 nosti
637 5106 695 5157 et
726 5100 1041 5173 prophetas
1074 5105 1133 5154 et
1162 5098 1459 5170 apostolos
1485 5099 1685 5155 multis
1717 5101 1775 5155 in
1808 5100 1941 5158 locis

2060 5095 2210 5158 Τίνες
2264 5095 2396 5151 εἰσὶν
2446 5092 2639 5164 οῦτοις
2690 5093 2768 5152 Οὐ
2821 5091 3095 5167 δυνάμεθα
3141 5090 3336 5169 γνῶναι
3390 5092 3480 5147 καὶ
3511 5094 3707 5164 ἡμεῖςς

295 5190 511 5247 dixisse
542 5190 845 5247 Christum
879 5205 996 5245 rem
1032 5192 1287 5244 creatam
1321 5203 1470 5243 esse.
1507 5187 1628 5243 Ath.
1664 5189 1744 5244 Te
1776 5188 1942 5260 paulo

2063 5187 2186 5261 Ἀρ.
2245 5186 2412 5241 εἶπεν
2475 5185 2645 5242 Οἶσθα
2696 5182 2786 5238 καὶ
2837 5184 3022 5252 αὐτὸς,
3074 5182 3157 5238 ὅτι
3205 5182 3296 5236 καὶ
3329 5182 3381 5235 οἳ
3410 5188 3708 5259 προφῆται,

294 5284 427 5335 ante
455 5280 746 5336 dicentem
779 5276 977 5334 audivi
1008 5277 1067 5331 id
1117 5293 1152 5331 a
1196 5274 1344 5330 Filio
1375 5275 1599 5330 dictum
1648 5292 1799 5347 esse,
1820 5278 1941 5348 jam

2066 5274 2150 5330 καὶ
2184 5274 2236 5329 οἱ
2266 5270 2565 5329 ἀπόστολοι
2587 5269 2861 5343 ἐλάλησαν
2885 5270 3180 5345 πολλαχοῦ
3202 5272 3315 5344 (88)
3336 5270 3429 5326 τὸν
3460 5270 3580 5325 Υἱὸν
3603 5268 3713 5325 κτί-

363 5427 407 5463 ¹⁹
437 5427 604 5486 Rom.
637 5446 677 5500 1,
708 5430 799 5483 20.
874 5428 920 5463 ³ο
950 5428 1085 5498 Sap.
1120 5442 1243 5496 xm,
1276 5428 1329 5482 5.
1426 5424 1468 5459 ³³
1504 5424 1553 5481 II
1586 5426 1792 5483 Thess.
1840 5444 1925 5499 ιιι,
1955 5430 2008 5485 2.

366 5594 480 5666 (84)
509 5597 648 5666 Aug.
679 5598 777 5666 τοῦ
805 5594 931 5648 Υἱοῦ
960 5596 1058 5647 τοῦ
1080 5595 1247 5666 Θεοῦ.

2123 5595 2237 5666 (87)
2269 5595 2409 5666 Reg.
2445 5597 2504 5666 et
2525 5594 2677 5666 Aug.
2713 5589 2765 5662 ἐξ
2799 5585 2938 5655 ἰδίας
2970 5586 3091 5656 αὸθ.

366 5595 480 5666 (84)
509 5597 648 5663 Aug.
679 5598 777 5648 τοῦ
805 5595 931 5648 Υἱοῦ
960 5596 1058 5647 τοῦ
1089 5595 1247 5647 Θεοῦ.

365 5668 474 5739 (85)
503 5665 602 5720 Καὶ
632 5665 1044 5739 θειότης-ἀθεεὶ
1064 5665 1132 5739 in
1158 5671 1305 5736 Aug.

2145 5596 2215 5649 87
2269 5595 2409 5665 Reg.
2445 5597 2504 5649 et
2525 5595 2677 5666 Aug.
2713 5595 2765 5662 ἐξ
2799 5595 2938 5655 ιδίας
2970 5595 3092 5656 αὐθ.

2123 5595 2237 5739 (88)
2269 5665 2410 5737 Reg.
2440 5662 2670 5721 Gobler.
2702 5672 2763 5722 et
2787 5667 2935 5738 Aug.
2970 5666 3277 5739 πανταχοῦ.

504 5741 647 5809 Aug.
679 5734 902 5813 φανερὸν
938 5736 1029 5788 οὗν
1060 5734 1226 5790 ἐστιν.
