4170 6372
381 437 499 495 453

1515 428 1988 491 DlSPUTA'l‘IO
2035 427 2342 487 CONTRA
2402 428 2676 489 ARIUM.

3695 435 3815 493 454

380 592 488 643 σμα
519 571 677 624 εἶναι.
713 569 829 623 Ἀθ.
861 567 1029 620 εἶπεν·
1064 562 1300 619 Ἢκουσά
1332 583 1425 616 σου
1458 562 1715 637 λεγοντος
1756 563 1861 632 πρὸ
1903 563 2040 635 βρα-

2171 562 2377 615 :ransis
2409 564 2479 615 ad
2516 562 2828 633 prophetas
2860 567 2915 617 et
2946 563 3260 633 apostolos.
3286 565 3500 620 Verum
3529 567 3809 637 dic,ama-

382 660 534 734 χείας
564 658 734 732 ὥρας,
768 655 849 710 ὅτι
876 656 902 708 ὁ
936 654 1059 714 Υἱὸς
1093 655 1263 709 εἶπεν.
1299 657 1460 727 ⁸’Δρτι
1511 646 1744 724 μετέϐης
1795 650 1869 711 εἰς
1916 649 2043 710 τοὺς

383 750 667 825 προφήτας
698 746 787 800 καὶ
823 741 1184 802 ἀποστόλους.
1220 740 1371 809 Πλὴν
1410 742 1687 817 ὑφήγησαι
1722 745 1879 800 ποῖος
1914 758 2043 811 προ-

385 840 563 915 φήτης
612 834 761 905 ἔλεξε
817 830 1002 887 τοιάδε
1058 831 1183 907 περί
1225 829 1420 884 τούτου
1448 836 1461 887 ξ
1494 830 1617 905 "Ap.
1653 831 1789 883 εἷπε·
1820 828 1921 883 Καὶ
1953 832 2039 881 νῦν

385 948 527 1003 φημι
582 926 672 979 τὸν
727 924 848 978 Υίὸν
899 921 1078 995 λέγειν
1135 918 1223 974 διὰ
1265 924 1371 973 τῶν
1429 917 1593 994 άγίων
1627 938 1924 995 προφητων
1954 916 2042 970 καὶ

385 1013 706 1069 ἀποστολων
768 1012 948 1086 ὥσπερ
1008 1010 1099 1063 καὶ
1160 1006 1250 1062 διὰ
1302 1012 1399 1061 τοῦ
1456 1008 1728 1079 Σολομὼν
1779 1004 1876 1083 ἔφη
1914 1009 2040 1078 (89)·

386 1129 413 1155 ‹‹
448 1104 648 1179 Κύριος
677 1102 852 1156 ἔκτισὲ
880 1121 947 1172 με
976 1099 1153 1173 ἀρχὴν
1184 1094 1323 1151 ὁδῶν
1350 1095 1514 1151 αὐτοῦ
1548 1096 1622 1157 εἰς
1653 1092 1780 1170 ἔργα
1801 1096 1987 1149 αὐτοῦ.
2014 1119 2041 1146 ››

379 1198 558 1265 Ὁρᾷς,
608 1190 689 1246 ὅτι
739 1190 845 1266 πρὸ
894 1187 1110 1242 πάντων
1165 1183 1368 1240 ἔκτισεν
1422 1184 1578 1239 αὐτὸν
1627 1186 1654 1238 6
1704 1184 1831 1245 Θεὸς
1866 1182 1951 1237 διὰ
1979 1184 2045 1237 τά

387 1280 456 1336 δι’
506 1280 667 1335 αὐτοῦ
721 1276 995 1352 μέλλοντα
1036 1276 1275 1351 γίνεσθαι
1332 1273 1484 1351 ἔργα.
1540 1278 1650 1346 (90)
1705 1275 1819 1337 Ἀθ.
1874 1276 2041 1327 εἶπεν

388 1371 596 1430 Οὐκοῦν
646 1372 682 1439 ἡ
729 1370 837 1422 τῶν
885 1365 1195 1440 κτισμάτων
1228 1363 1496 1442 πρόφασις
1530 1362 1671 1417 αἶ’τία
1703 1362 1895 1437 γὲγονε
1950 1367 2045 1417 τοῦ

390 1466 669 1529 κτισθῆναι
698 1458 791 1512 τὸν
818 1458 941 1511 Υ⁴ιὸν
972 1456 1105 1511 κατᾶ
1136 1453 1212 1511 σέ.
1248 1457 1372 1529 "Ap.
1436 1456 1605 1507 εἶπενο
1666 1453 1859 1514 Οὕτως
1907 1450 2044 1527 ἔχει.

395 1552 511 1613 Ἀθ.
541 1550 708 1603 εἶπεν
759 1550 897 1621 Ἄρα
954 1543 1039 1599 οῦν
1097 1548 1197 1599 τοῦ
1257 1546 1393 1598 Θεοῦ
1426 1540 1746 1618 ἐντιμότερα
1770 1541 1835 1595 τὰ
1864 1540 2046 1609 κτιζόε

401 1658 531 1713 μενα
578 1638 706 1709 παρ’
751 1635 953 1704 αὐτοῦ;
1006 1631 1128 1695 Πῶς
1178 1638 1391 1708 χωρεῖ;
1444 1632 1506 1686 Εἰ
1556 1631 1659 1707 γάρ
1704 1629 1905 1693 ἐκεῖνος
1961 1628 2050 1685 διὰ

394 1731 558 1782 ταῦτα
614 1724 821 1800 γέγονε,
880 1723 968 1777 καὶ
1027 1721 1127 1777 οῦκ
1184 1720 1359 1776 ἐκεῖνα
1412 1718 1500 1775 διὰ
1554 1725 1764 1790 τοῦτον,
1804 1720 1939 1774 κατὰ
1969 1720 2046 1787 σὲ,

394 1813 673 1890 ἀραρότως
727 1812 1045 1887 ἐντιμότερα
1068 1808 1235 1865 ταῦτα
1266 1810 1491 1865 ἐκείνου·
1556 1807 1701 1864 ἀλλά
1734 1809 1809 1883 μὴ
1838 1809 2048 1885 γένοιτο

2153 652 2249 717 bo,
2277 651 2409 722 quis
2442 652 2727 723 propheta
2756 668 2822 706 ea
2848 652 2918 706 de
2950 651 3046 705 illo
3079 653 3308 707 dixerit.
3333 654 3608 725 Ar.Atqui
3636 657 3809 711 modo

2153 739 2328 794 etiam
2362 740 2451 795 aio
2481 741 2534 795 id
2570 740 2764 812 ipsum
2817 758 2917 811 per
2964 746 3197 797 sanctos
3242 743 3553 813 prophetas
3584 748 3639 799 et
3669 762 3806 815 apo-

2156 829 2337 884 stolos
2386 830 2596 885 Filium
2648 831 2854 895 dicere,
2891 832 3390 901 quemadmodum
3424 849 3523 903 per
3553 833 3811 888 Salomoo

2155 935 2288 973 nem
2319 920 2399 973 ait
2442 937 2455 974 :
2512 942 2533 969 ι
2584 920 2871 975 Dominus
2925 920 3138 974 creavit
3190 938 3281 975 me
3312 921 3547 976 initium
3580 922 3805 977 viarum

2156 1024 2401 1062 suarum
2454 1009 2513 1063 in
2567 1026 2743 1081 opera
2786 1026 2891 1064 sua
2941 1010 3003 1062 ³2.
3044 1032 3067 1057 ››
3122 1010 3293 1064 Vides
3330 1016 3509 1065 Deum
3554 1017 3684 1066 ante
3716 1028 3809 1066 res

2157 1112 2363 1152 omnes
2397 1114 2530 1152 eum
2559 1115 2809 1167 creasse,
2833 1108 3065 1169 propter
3086 1116 3261 1170 opera
3294 1099 3517 1155 scilicet
3546 1117 3675 1171 quas
3710 1119 3813 1173 per

2156 1201 2290 1241 eum
2321 1185 2628 1242 efﬁcienda
2652 1193 2837 1243 erant.
2871 1190 2992 1242 Ath.
3031 1189 3232 1258 Igitur,
3268 1190 3314 1243 si
3349 1190 3707 1245 credendum
3738 1192 3809 1245 ti-

2156 1275 2211 1329 bi
2247 1280 2354 1345 est,
2376 1293 2467 1331 res
2499 1282 2700 1332 creatae
2726 1295 2902 1333 causa
2926 1280 3084 1333 fuere
3107 1295 3213 1333 cur
3234 1284 3463 1334 creatus
3489 1284 3576 1333 est
3605 1279 3811 1336 Filius.

2156 1366 2247 1420 Ar.
2284 1366 2368 1421 Ita
2398 1371 2506 1422 est.
2540 1369 2662 1422 Ath.
2700 1369 2846 1440 Ergo
2880 1385 2971 1423 res
3021 1386 3053 1422 a
3104 1369 3218 1423 Deo
3252 1373 3482 1435 creatae,
3517 1369 3644 1440 ipso
3676 1374 3817 1425 sunt

2159 1455 2583 1526 pretiosiores?
2616 1457 2721 1521 Qui
2757 1457 2812 1511 id
2866 1457 2987 1512 ﬁeri
3042 1458 3274 1528 possit?
3322 1462 3584 1529 Namque
3616 1458 3665 1514 si
3716 1458 3817 1514 ille

2160 1549 2397 1615 propter
2427 1545 2586 1616 ipsas
2617 1546 2807 1601 factus
2840 1546 2935 1613 sit,
2972 1563 3085 1600 non
3121 1562 3253 1600 vero
3292 1545 3431 1616 ipsae
3482 1551 3718 1618 propter
3746 1546 3816 1602 il-

2158 1633 2303 1703 lum,
2330 1639 2395 1689 ut
2427 1639 2623 1705 putas,
2654 1637 2911 1707 profecto
2942 1635 3081 1705 ipsa:
3115 1635 3212 1690 illo
3247 1640 3385 1690 sunt
3416 1636 3818 1706 pretiosiores?

2159 1722 2372 1777 Verum
2406 1724 2561 1778 absit
2593 1727 2656 1778 ut
2686 1741 2792 1779 nos
2818 1724 2900 1779 ita
2930 1724 3257 1779 sentiamus
3283 1724 3294 1778 !
3330 1728 3593 1796 Namque
3619 1725 3820 1780 omnia

2162 1816 2397 1883 propter
2430 1811 2760 1883 Filium,uti
2788 1814 3070 1884 scriptum
3104 1817 3227 1869 est:
3254 1836 3282 1863 ‹‹
3313 1814 3559 1870 Decebat
3580 1816 3760 1885 enim,
3785 1837 3813 1865 »

394 1904 567 1965 οὕτως
625 1906 775 1976 ἡμᾶς
821 1902 1127 1980 φρονῆσαιί
1182 1900 1279 1954 Διὰ
1331 1900 1432 1976 γὰρ
1489 1900 1579 1954 τὸν
1622 1899 1744 1952 Υἱὸν
1802 1899 1869 1953 τά
1917 1899 2049 1953 πάν-

2171 1901 2351 1970 inquit
2381 1902 2695 1973 Apostolus
2727 1904 2793 1969 ³³,
2831 1922 2851 1950 «ι
2881 1919 3013 1957 eum
3050 1908 3285 1974 propter
3315 1920 3487 1974 quem
3522 1904 3738 1974 omnia,
3762 1908 3820 1959 et

395 2014 486 2061 τα,
515 1992 693 2053 καθὼς
732 1990 1050 2065 γέγραπται·
1092 2013 1118 2044 ι
1148 1991 1385 2065 ’Έπρεπε
1408 1990 1531 2064 γάρ,
1573 2014 1593 2039 ιι
1631 1987 1791 2062 φησὶν
1824 1988 1850 2041 ὁ
1885 1987 2049 2043 Ἀπό-

400 2080 617 2152 στολος,
655 2107 675 2132 σι
712 2078 782 2135 δι’
807 2080 865 2134 ὅν
894 2080 961 2134 τὰ
991 2081 1164 2134 πάντα
1190 2079 1279 2133 καὶ
1314 2076 1383 2131 δι’
1406 2076 1468 2132 οῦ
1499 2078 1565 2131 τὰ
1594 2080 1787 2149 πάντα,
1807 2076 2052 2138 πολλοὺς

394 2173 542 2233 υἱοὺς
578 2171 653 2231 εἰς
712 2167 867 2239 δόξαν
927 2168 1214 2245 ἀγαγόντα,
1246 2168 1337 2222 τὸν
1369 2167 1617 2243 ἀρχηγὸν
1651 2169 1750 2236 τῆς
1785 2166 2053 2241 σωτηρίας

393 2260 568 2330 αὐτων
601 2256 691 2313 διὰ
719 2271 863 2328 παθη
878 2258 1058 2331 μάτων
1090 2255 1414 2312 τελειῶσαι.
1452 2279 1479 2307 η

470 2353 556 2407 15.
604 2350 728 2423 Ἀρ.
782 2349 917 2402 εἶπεν
973 2346 1261 2421 Σύγγνωθί
1332 2368 1423 2419 μοι
1458 2344 1724 2420 εἰρηκότι,
1758 2343 1839 2398 ὅτι
1874 2342 1961 2398 διὰ
1989 2344 2055 2398 τὰ

401 2433 528 2513 ἔργα
560 2437 775 2505 ἐκτίσθη
811 2438 838 2491 6
870 2436 1013 2507 Υἱὸς,
1056 2434 1204 2503 πλὴν
1239 2433 1323 2488 ὅτι
1374 2433 1588 2502 ἐκτίσθη
1649 2432 1757 2506 πρὸ
1813 2433 2051 2488 πάντων.

405 2529 515 2583 Ἀθ·
552 2529 689 2581 εἷπε·
724 2526 823 2587 Τίς
856 2523 1070 2594 ἐκτίσθη
1106 2526 1219 2598 (91)
1249 2523 1354 2598 πρὸ
1385 2520 1599 2576 πάντων
1627 2526 1735 2576 τῶν
1786 2519 2055 2597 δημιουρ-

407 2617 671 2692 γημάτων
698 2634 712 2684 ;
743 2617 869 2687 "Ap.
936 2616 1103 2669 εἶπεν.
1137 2614 1197 2669 Ὁ
1231 2613 1373 2683 Υἱὸς,
1409 2609 1497 2665 διὰ
1525 2615 1685 2665 τοῦτο
1716 2608 1804 2664 καί
1839 2608 2053 2683 πρωτό-

406 2727 565 2768 τοκος
596 2703 1015 2779 ἀναγέγραπται.
1046 2704 1156 2759 Ἀθ·
1193 2701 1355 2755 εἶπενο
1390 2698 1460 2755 Ei’
1485 2722 1568 2761 τις
1598 2700 1689 2753 τὸν
1737 2702 1849 2773 (92)
1886 2706 2054 2753 Σατα-

407 2801 498 2850 νᾶν
530 2799 845 2869 προσκυνεῖ,
876 2792 1062 2854 καλῶς
1094 2794 1128 2861 ἢ
1162 2796 1341 2853 κακῶς
1392 2791 1650 2865 πράττει;
1711 2791 1832 2861 Ἃρ.
1892 2791 2054 2843 εἶπεν

412 2879 638 2953 ’Δσεϐἠς
665 2883 754 2937 καὶ
788 2883 967 2952 ἄθεος,
997 2881 1087 2935 καὶ
1125 2878 1266 2953 μηδὲ
1301 2880 1399 2941 τὰς
1454 2878 1638 2940 κοινὰς
1698 2877 1887 2955 φρένας
1950 2879 2055 2931 σώ-

414 2980 513 3042 ζων
546 2972 801 3049 τυγχάνει
834 2973 862 3025 ὁ
892 2975 1162 3041 τοιοῦτος,
1197 2968 1253 3023 ὅν
1286 2968 1383 3023 οὐκ
1414 2969 1557 3040 ἄξιον
1610 2966 1795 3023 καλεῖν
1856 2964 2061 3041 ἅνθρω-

412 3083 531 3130 πον,
582 3060 709 3116 ἀλλ’
768 3060 1148 3136 ἀπάνθρωπον.
1204 3060 1316 3121 Ἀθ.
1352 3059 1534 3111 εἶπενο
1582 3058 1639 3110 Ὀ
1672 3057 1798 3117 Θεὸς
1828 3060 1905 3127 τῷ
1939 3051 2059 3112 Ἰὼϐ

414 3151 789 3225 χρηματίζων,
822 3149 997 3211 οὕτως
1030 3146 1129 3225 ἔφη
1163 3147 1285 3223 περί
1333 3152 1430 3201 τοῦ
1484 3151 1715 3215 Σατανᾶ,
1759 3147 2057 3199 τουτέστιν·

416 3266 440 3292 ‹‹
477 3241 650 3316 Ἀρχὴ
680 3240 1001 3311 πλάσματος
1037 3237 1234 3308 Κυρίου
1261 3236 1608 3306 πεποιημένη
1655 3238 1767 3306 (93)
1809 3233 2062 3307 ἐμπαίζε-

417 3341 535 3393 σθαι
570 3329 674 3383 ὑπὸ
708 3332 813 3382 τῶν
848 3326 1090 3403 ἀγγέλων
1128 3347 1253 3399 μου.
1294 3350 1318 3376 ››
1353 3324 1427 3378 Σὺ
1460 3322 1549 3377 οῦν
1580 3324 1643 3378 τὸ
1674 3327 1888 3398 πρῶτον
1935 3322 2057 3377 ποί-

416 3440 534 3492 ημα
564 3415 903 3493 προσκυνῶν,
934 3418 1025 3470 τὸν
1060 3421 1296 3470 Σατανᾶν
1327 3418 1664 3489 προσκυνεῖς,
1698 3414 1875 3474 καθὼς
1926 3433 2063 3488 παρ-

422 3508 632 3579 έστησεν
685 3509 713 3561 ὁ
762 3505 952 3582 λόγος.
999 3507 1119 3559 Ἐὰν
1175 3502 1232 3558 δὲ
1264 3502 1581 3580 σοφίσασθαι
1617 3495 1921 3573 θελήσειας,
1981 3500 2063 3555 ὅτι

419 3602 512 3653 τοῦ
567 3598 695 3652 Υἱυῦ
754 3594 1015 3672 πρότερον
1072 3591 1289 3666 ποίημά
1363 3591 1501 3646 ἐστιν
1560 3593 1587 3646 ὁ
1648 3597 1905 3662 Σατανᾶς,
1966 3589 2067 3666 ἄρα

418 3682 781 3762 πρεσϐύτερον
832 3684 991 3739 αὐτὸν
1043 3682 1150 3761 φῂς
1196 3684 1309 3755 (94)
1355 3686 1452 3735 τοῦ
1499 3680 1653 3755 ἁγίου
1714 3679 2062 3752 Πνεύματος;

417 3776 559 3831 οὕτω
616 3776 718 3851 γὰρ
779 3774 984 3845 ὡρίσω,
1042 3772 1133 3826 τὸν
1184 3772 1277 3843 μὲν
1328 3770 1450 3825 Υἱὸν
1504 3770 1605 3824 ὑπὸ
1634 3774 1731 3823 τοῦ
1761 3774 1894 3824 Θεοῦ
1927 3767 2065 3824 ἐκτί-

416 3868 556 3920 σθαι’
606 3866 670 3919 τὸ
728 3862 785 3920 δὲ
817 3867 1036 3936 Πνεῦμα
1086 3861 1190 3916 ὑπὸ
1235 3865 1333 3915 τοῦ
1361 3860 1489 3914 Υἱοῦ
1519 3866 1841 3934 γεγενῆσθαι
1896 3853 2067 3913 διεϐε-

420 3950 661 4011 ὅαιώσω.
734 3954 859 4025 Ἀρ.
939 3953 1105 4007 εἶπεν.
1181 3955 1244 4005 'H
1307 3948 1539 4018 ἀλήθειά
1601 3969 1666 4020 με
1724 3946 2063 4024 περιγράφει,

419 4044 508 4097 καὶ
540 4042 601 4096 οὗ
633 4042 716 4096 σύ.
753 4041 900 4110 [Ιλὴν
935 4038 1128 4095 ἐπειδΥ
1161 4036 1449 4113 συνήγαγὲς
1484 4057 1548 4108 με
1582 4035 1633 4090 ἐν
1664 4035 1865 4107 τούτῳ,
1917 4036 2065 4110 κάγώ

419 4153 477 4185 σε
506 4130 831 4205 περικλείσω
881 4129 930 4184 ἐν
980 4136 1098 4191 ταῖς
1141 4125 1382 4188 πολλαῖς
1430 4125 1768 4199 μαρτυρίαις,
1797 4125 1917 4185 ταῖς
1967 4145 2064 4201 (ρα-

421 4220 672 4282 σκούσαις
729 4215 809 4274 ὅτι
866 4219 1066 4293 κτίσμα
1122 4216 1260 4271 ἐστὶν
1314 4217 1341 4269 6
1382 4214 1522 4276 Υἱός.
1579 4216 1691 4276 Ἀθη
1728 4214 1860 4268 εἷπε·
1925 4211 2063 4288 Πρό-

421 4330 546 4387 φερε
599 4308 657 4364 ἐκ
691 4313 788 4363 τοῦ
834 4311 1107 4383 θησαυροῦ
1138 4306 1205 4361 τὰ
1234 4302 1802 4379 ἀποτεθησαυρισμὲνα
1835 4302 1937 4356 ὑπὸ
1967 4306 2065 4357 τοῦ

420 4398 616 4474 πατρός
648 4420 761 4455 σου.
798 4400 917 4473 Ἀρ.
955 4398 1119 4452 εἶπεν·
1154 4396 1319 4468 Ἐμὸς
1373 4396 1552 4467 πατήρ
1582 4392 1740 4464 ἐστιν,
1793 4391 1848 4446 ὅν
1898 4411 2064 4467 προσ-

414 4492 559 4542 κυνῶ
590 4486 737 4543 Θεόψ
771 4488 919 4555 πλὴν
952 4485 1015 4540 σὺ
1065 4482 1390 4558 ἀποκρίθητί
1427 4504 1519 4555 μοι
1552 4482 1675 4555 περὶ
1714 4485 1833 4547 τοῦ,
1889 4505 1911 4534 ι
1970 4480 2068 4533 Κύ-

417 4598 532 4651 ριος
585 4574 757 4632 ἔκτισέ
819 4597 905 4649 με,
959 4599 987 4627 ››
1032 4579 1127 4629 τοῦ
1158 4573 1361 4649 Κυρίου
1395 4571 1845 4647 ὁμολογήσαντος
1878 4571 2062 4626 ἑαυτὸν

2164 2007 2266 2062 per
2295 2008 2467 2061 quem
2502 1990 2719 2058 omnia,
2754 1993 2851 2063 qui
2897 1992 3117 2047 multos
3164 1992 3311 2047 ﬁlios
3342 1993 3401 2045 in
3433 1992 3678 2063 gloriam
3712 1995 3817 2047 ad-

2162 2080 2427 2145 duxerat,
2465 2085 2761 2137 auctorem
2818 2081 3027 2136 salutis
3082 2099 3284 2136 eorum
3342 2082 3647 2154 passiones
3679 2099 3816 2138 con-

2164 2185 2483 2225 summare.
2529 2192 2555 2218 ›)

2242 2349 2323 2401 15.
2357 2349 2450 2402 Αν.
2486 2352 2726 2420 ignosce
2759 2349 3031 2419 mihi,qui
3066 2349 3308 2404 dixerim
3341 2350 3548 2405 Filium
3586 2356 3824 2422 propter

2168 2454 2343 2509 opera
2364 2443 2623 2492 creatum
2644 2438 3271 2494 fuisseNerumtamen
3295 2444 3428 2495 ante
3446 2442 3645 2496 omnia
3670 2458 3827 2497 crea-

2164 2528 2262 2580 tus
2292 2530 2401 2580 est.
2436 2526 2563 2581 Ath.
2598 2525 2739 2591 Quis
2769 2533 2903 2581 ante
2934 2528 3133 2582 omnia
3170 2544 3346 2599 opera
3389 2534 3616 2584 creatus
3680 2535 3770 2585 est
3800 2528 3829 2583 ‘1

2167 2616 2259 2669 Ar.
2300 2614 2475 2669 Filius
2512 2631 2523 2670 :
2558 2632 2735 2686 quam
2796 2616 2868 2671 ob
2918 2633 3157 2671 causam
3220 2617 3648 2689 primogenitus
3695 2636 3825 2675 esse

2169 2703 2465 2759 scribitur.
2525 2706 2643 2759 Ath.
2697 2704 2754 2759 Si
2806 2706 2938 2776 quis
2989 2708 3269 2762 Satanam
3322 2708 3541 2775 adoret,
3596 2713 3824 2763 rectene

2169 2810 2242 2847 an
2295 2793 2445 2848 male
2494 2794 2669 2864 agit?
2718 2796 2810 2849 Ar.
2865 2796 3088 2866 Impius
3137 2798 3466 2852 censendus
3509 2796 3605 2852 ille
3648 2803 3739 2852 est
3767 2802 3825 2853 et

2168 2882 2400 2947 atheus,
2432 2899 2535 2937 nec
2568 2899 2913 2938 communes
2946 2900 3157 2939 sensus
3191 2886 3425 2952 habere,
3458 2886 3559 2956 qui
3594 2904 3698 2941 nec
3730 2887 3822 2941 di-

2170 2988 2321 3043 gnus
2372 2972 2449 3027 sit
2504 2971 2680 3027 homo
2733 2972 3035 3044 appellari,
3089 2975 3187 3029 sed
3248 2975 3631 3030 inhumanus.
3691 2976 3819 3033 Alh.

2171 3066 2321 3116 Deus
2350 3061 2460 3116 Job
2496 3063 2857 3132 respondens
2889 3062 2965 3115 ita
2998 3063 3069 3116 de
3119 3063 3335 3118 Satana
3383 3063 3615 3118 locutus
3671 3071 3760 3119 est
3808 3082 3820 3119 :

2172 3171 2198 3199 «
2239 3152 2365 3220 ipse
2396 3154 2484 3203 est
2506 3149 2861 3220 principium
2894 3150 3157 3221 ﬁgmenti
3186 3150 3629 3215 Domini,factus
3665 3158 3726 3206 ut
3753 3152 3822 3206 i1-

2169 3237 2471 3293 luderetur
2501 3239 2572 3293 ab
2604 3238 2831 3309 angelis
2862 3240 3009 3294 meis
3051 3240 3113 3293 3‘.
3170 3262 3188 3287 ι
3238 3241 3323 3294 Tu
3358 3240 3540 3311 igitur
3568 3241 3820 3312 primam

2176 3344 2296 3382 rem
2330 3328 2541 3381 factam
2577 3328 2847 3391 adorans,
2880 3329 3157 3383 Satanam
3192 3331 3421 3400 adoras,
3473 3335 3532 3384 ut
3561 3332 3824 3386 ostendi-

2177 3433 2332 3472 mus.
2375 3417 2538 3480 Quod
2585 3416 2635 3471 si
2676 3417 2816 3472 velis
2848 3418 3199 3473 contendere
3230 3418 3370 3473 Filio
3412 3420 3575 3485 prius
3610 3422 3826 3475 factum

2175 3523 2303 3561 esse
2331 3509 2607 3561 Satanam
2640 3524 2657 3560 :
2690 3522 2822 3561 eum
2854 3523 2990 3578 ergo
3022 3512 3225 3562 sancto
3278 3508 3497 3579 Spiritu
3539 3510 3828 3565 seniorem

2178 3596 2366 3651 facis?
2394 3594 2488 3650 Sic
2517 3596 2673 3649 enim
2697 3597 3194 3664 statuisti,Filium
3211 3597 3447 3669 quidem
3470 3616 3503 3653 a
3528 3597 3642 3654 Deo
3660 3616 3837 3654 crea-

2177 3690 2301 3741 tum
2334 3701 2463 3740 esse
2489 3703 2502 3752 ;
2536 3684 2823 3756 Spiritum
2855 3702 2987 3741 vero
3019 3704 3052 3740 a
3078 3687 3222 3742 Filio
3254 3704 3382 3742 esse
3411 3687 3633 3743 factum
3673 3705 3831 3744 asse-

2174 3774 2409 3830 verasti.
2442 3777 2533 3828 Ar.
2570 3774 2659 3829 Me
2688 3775 2901 3830 veritas
2932 3775 3380 3845 circumscribit,
3416 3793 3552 3844 non,
3603 3782 3689 3832 tu.
3722 3777 3831 3833 Ve-

2176 3868 2509 3917 rumtamen
2544 3864 3024 3935 quandoquidem
3051 3882 3143 3920 me
3174 3867 3243 3920 ad
3279 3866 3385 3921 hoc
3418 3867 3715 3921 adduxisti
3738 3882 3751 3920 :
3776 3870 3833 3922 te

2174 3953 2435 4008 vicissim
2467 3969 2573 4025 ego
2605 3953 2807 4010 multis
2854 3954 3314 4011 circumcludam
3356 3956 3829 4027 auctoritatibus,

2177 4042 2388 4113 quibus
2420 4042 2715 4097 Christum
2752 4060 2873 4098 rem
2896 4050 3151 4100 creatam
3182 4062 3311 4101 esse
3342 4046 3645 4101 asseritur.
3704 4046 3829 4100 Ath.

2176 4131 2375 4186 Profer
2402 4148 2433 4186 e
2461 4131 2738 4186 thesauro
2770 4150 2895 4203 qua:
2928 4150 2961 4187 a
2993 4138 3155 4204 patre
3196 4138 3294 4190 tuo
3343 4141 3481 4189 sunt
3510 4134 3833 4191 recondita.

2175 4220 2267 4273 Ar.
2297 4223 2457 4274 Meus
2488 4225 2655 4291 pater
2705 4227 2812 4287 est,
2848 4223 3234 4291 quemadoro
3270 4224 3470 4278 Deum.
3521 4224 3631 4278 Sed
3675 4223 3831 4278 enim

2176 4309 2318 4381 quid
2354 4310 2831 4380 respondendum
2864 4312 3043 4366 habes
3072 4313 3141 4366 ad
3177 4312 3297 4367 haec
3329 4314 3503 4369 verba
3535 4331 3601 4368 ζα
3634 4314 3834 4369 Domi-

2177 4416 2289 4455 nus
2336 4400 2555 4454 creavit
2586 4416 2697 4468 me,
2732 4421 2759 4449 ››
2794 4417 2924 4454 cum
2959 4400 3243 4455 Dominus
3271 4401 3397 4471 ipse
3429 4402 3681 4457 fateatur
3708 4419 3771 4457 se
3800 4420 3836 4457 a

2174 4488 2342 4544 Patre
2375 4506 2481 4545 suo
2514 4495 2772 4543 creatum
2807 4506 2933 4544 esse
2955 4491 2982 4544 ‘I
3013 4490 3349 4545 Ath.Verba
3378 4490 3480 4545 illa
3508 4492 3625 4546 vim
3656 4491 3831 4547 aliam

2176 4579 2501 4650 spiritalem
2537 4580 2697 4635 intus
2737 4580 2978 4650 habent,
3012 4581 3394 4651 divinumque
3425 4580 3484 4635 in
3534 4597 3596 4636 se
3631 4598 3834 4638 recon-

415 4666 645 4721 ἐκτίσθαι
680 4667 783 4721 ὑπὸ
813 4670 911 4720 τοῦ
944 4663 1087 4719 ἰδίου
1137 4662 1369 4738 Πατρός.
1422 4663 1535 4725 Ἀθ.
1600 4661 1732 4715 εἶπε·
1782 4660 1853 4713 Τὸ
1905 4660 2056 4735 ῥητὸν

2177 4668 2327 4723 dunt
2353 4669 2718 4723 thesaurum.
2754 4669 2846 4723 Ar.
2882 4669 2996 4723 Nec
3028 4685 3131 4741 ego
3164 4670 3234 4724 ad
3270 4669 3395 4725 sola
3423 4670 3601 4725 verba
3628 4669 3688 4724 in
3726 4670 3835 4726 hac

416 4754 591 4825 ἄλΛην
627 4753 854 4829 δύναμιν
887 4753 1003 4830 ἔχει
1034 4753 1405 4825 πνευματικὴν
1438 4747 1613 4817 ἔνδον,
1644 4749 1734 4804 καὶ
1768 4755 1913 4813 θεῖον
1968 4761 2063 4818 θη-

415 4846 605 4920 σαυρὸν
679 4842 1153 4917 ἐναποτεθειμὲνον
1218 4842 1495 4911 κέκτηται.
1545 4840 1666 4913 Ἄρ.
1730 4839 1893 4893 εἶπενο
1954 4838 2069 4895 Οὐκ

415 4934 501 4989 ἐπὶ
530 4940 626 4989 τοῦ
660 4933 828 5009 ῥητοῦ
865 4933 1025 5005 μόνον
1062 4929 1254 5003 ἴστημι
1284 4931 1384 4999 τὴν
1418 4928 1602 5006 φωνὴν
1633 4931 1730 4982 τοῦ
1762 4926 2066 4999 Σολομῶν-

413 5043 527 5085 τος·
588 5023 651 5077 of)
697 5026 798 5099 γὰρ
851 5021 1097 5082 ἀσόνετός
1150 5020 1287 5091 εἶμι,
1331 5016 1476 5073 ἀλλὰ
1506 5017 1755 5089 συνίημι,
1790 5016 1871 5070 ὅτι
1912 5037 2069 5071 πνευ-

421 5113 642 5186 ματικὸν
673 5111 858 5185 νόημα
888 5114 1168 5185 θεωρεῖται
1200 5108 1307 5163 ἀπὸ
1336 5111 1443 5162 τῶν
1476 5105 1866 5180 ἐπιστηγόνων’
1913 5108 2067 5161 Ὅθεν

487 5260 532 5293 ³²
565 5258 728 5314 Prov.
762 5273 884 5323 vm,
913 5258 1005 5311 22.
1080 5254 1125 5289 ³³
1156 5253 1326 5308 Hebr.
1370 5268 1432 5321 ii,
1467 5253 1553 5306 10.

487 5401 599 5473 (89)
626 5401 715 5473 Ita
746 5402 884 5471 Reg.
918 5399 1050 5473 Bas.
1083 5402 1141 5452 et
1167 5396 1317 5473 Felc.
1364 5392 1874 5473 2.1At_Angl._et
1920 5396 2066 5473 Aug.

422 5462 715 5544 Σαλομών,
747 5462 895 5528 Εάῖὶ.
929 5472 1154 5526 Comm.
1204 5464 1515 5539 Σωλομών,
1548 5462 1733 5522 Paris.
1769 5462 2068 5537 Σολομῶν-

417 5563 598 5689 τοῖῥο)
637 5618 762 5673 Haec
788 5614 1025 5688 quaastis
1056 5628 1190 5667 cum
1223 5609 1624 5683 Responsions
1654 5608 1969 5677 Arii,abest
1999 5610 2070 5666 ab

423 5710 783 5775 Augustano.

493 5768 604 5849 (91)
636 5778 808 5850 Angl.
839 5773 929 5837 Τίς
964 5770 1054 5827 οῦν
1088 5768 1328 5843 ἐκτίσθη.

2176 4756 2506 4812 Salomonis
2537 4773 2674 4812 voce
2705 4758 2940 4813 attendo
2994 4775 3005 4813 :
3037 4775 3143 4813 nec
3174 4758 3328 4814 enim
3355 4775 3562 4830 expers
3592 4776 3722 4815 sum
3746 4760 3833 4814 in-

2178 4844 2645 4916 telligentim,sed
2680 4846 2939 4918 intelligo
2962 4846 3285 4918 spiritalem
3309 4865 3549 4904 sensum
3573 4866 3605 4902 a
3635 4848 3838 4921 peritis

2180 4934 2275 4989 hic
2297 4934 2569 5007 perspici.
2594 4936 2876 5000 Quocirea
2895 4953 2997 4991 nec
3032 4937 3159 5007 ipse
3189 4953 3321 4991 sum
3354 4937 3705 4993 initiationis
3737 4952 3838 4991 ex-

2182 5041 2336 5095 pers,
2370 5026 2471 5079 sed
2502 5025 2677 5079 verba
2710 5025 2947 5095 quidem
2982 5025 3103 5079 haec
3134 5041 3264 5079 esse
3294 5025 3422 5080 dico
3448 5043 3460 5081 :
3492 5048 3519 5075 ‹‹
3550 5024 3834 5079 Dominus

2181 5114 2396 5168 creavit
2440 5130 2533 5169 me
2582 5131 2594 5168 :
2650 5134 2678 5163 »
2737 5114 2850 5169 vim
2903 5119 3100 5170 autem
3132 5114 3223 5168 his
3256 5114 3517 5170 abditam
3551 5114 3832 5183 majorem

1629 5249 1675 5285 3‘
1703 5250 1834 5317 Job,
1868 5268 2061 5317 xcvm,
2098 5255 2184 5307 19.

2252 5402 2365 5471 (92)
2398 5404 2544 5473 Aug.
2581 5400 2697 5456 Ἐάν
2732 5421 2812 5461 τις
2844 5398 2957 5473 τό).

2584 5471 2975 5549 πεποιημένου.
3013 5471 3150 5539 Reg.
3183 5468 3579 5549 πεποιημένον,

2252 5538 2364 5615 (94)
2395 5538 2871 5623 Sicfpmpesﬁére
2902 5560 3045 5623 m_ss.
3086 5538 3408 5623 cum,cdi‘t'.’
3435 5544 3683 5623 Comm.,
3719 5538 3831 5623 ped

2178 5606 2326 5685 Aug.
2348 5606 2417 5685 'et
2446 5617 2585 5671 edit.
2620 5615 2803 5671 Paris.
2836 5615 3001 5685 ποιῇς
3036 5630 3137 5685 pro
3168 5606 3296 5685 φῄς.
3331 5611 3465 5667 Mox
3500 5612 3641 5678 Aug.
3685 5606 3831 5659 οὕτω

2180 5684 2293 5760 γὰρ
2311 5684 2549 5761 ὡρίσθω.
