4170 6374
357 409 476 469 455

1530 410 1594 471 S.
1651 407 2169 471 ATHANASIUS.
2194 440 2273 454 —
2303 408 2612 471 SPURIA.

3672 414 3790 474 456

360 543 637 615 percipio,
687 559 865 615 quam
906 549 969 598 tu
1000 561 1134 599 cum
1182 562 1296 599 non
1348 544 1659 617 intelligas,
1696 544 2008 616 ignorantia

2140 542 2294 615 κάγὼ
2354 542 2451 597 οὐκ
2508 540 2737 619 ἄμοιρος
2785 542 2859 597 ὥν
2897 550 3001 613 τῆς
3049 545 3320 617 μυήσεως,
3352 545 3495 599 οὓτω
3525 547 3694 623 φημὶ,
3726 548 3789 602 τὸ

362 630 740 697 constrictus,
772 648 952 688 erras.
991 631 1119 687 Mali
1174 637 1371 687 autem
1416 632 1522 687 viri
1571 633 1874 705 proprium
1932 636 2023 687 est

366 721 876 792 prmstantioribus
909 722 1190 778 invidere.
1240 722 1359 776 Ath.
1393 722 1553 786 Quod
1599 722 1780 795 igitur
1811 721 2017 790 sentis,

358 808 589 865 declare
619 809 762 865 mihi
787 810 1012 882 absque
1042 810 1280 876 invidia,
1308 811 1459 881 quod
1487 812 1724 882 quidem
1742 811 1850 866 tibi
1875 827 2021 882 prae-

352 897 577 954 clarum
606 897 837 954 videtur
865 914 1018 955 esse.

429 1168 585 1222 164
639 1168 723 1222 16.
787 1169 879 1221 Ar.
936 1168 1155 1240 Nempe
1204 1167 1326 1223 haec
1378 1168 1553 1225 verba
1606 1186 1619 1224 :
1669 1168 2021 1225 «Dominus

357 1257 573 1311 creavit
600 1271 716 1323 me,
750 1278 777 1305 n
817 1256 901 1313 sic
934 1256 1175 1329 accipio,
1209 1274 1277 1313 ac
1308 1258 1355 1314 si
1411 1257 1722 1326 diceretur,
1759 1280 1785 1308 ‹‹
1820 1257 2024 1331 genuit

358 1361 472 1401 me.
501 1367 528 1395 »
554 1346 674 1401 Ath.
701 1346 759 1401 Si
793 1345 971 1419 igitur
999 1347 1234 1418 genitus
1266 1352 1357 1403 est
1381 1347 1584 1415 Filius,
1607 1365 1720 1404 non
1755 1353 1845 1404 est
1867 1352 2021 1403 certe

357 1439 589 1490 creatus
622 1446 635 1489 :
673 1438 774 1490 aut
799 1435 848 1490 si
877 1440 1108 1492 creatus
1142 1440 1249 1502 est,
1284 1453 1396 1492 non
1424 1445 1510 1493 est
1538 1437 1794 1510 genitus.
1827 1437 2021 1492 Ar.’l‘u

368 1524 613 1581 minime
660 1526 942 1599 intelligis
975 1526 1092 1582 vim
1126 1526 1373 1597 hujusce
1403 1527 1585 1584 vocis.
1636 1528 1759 1583 Ath.
1793 1528 1874 1584 Ne
1908 1544 2020 1593 me,

357 1629 481 1682 oro,
519 1614 774 1685 graveris
828 1617 1110 1687 perferre,
1158 1616 1342 1671 donec
1396 1616 1744 1689 intelligam.
1795 1619 1888 1672 Ar.
1942 1617 2023 1672 Ne

350 1704 548 1774 passio
582 1702 787 1775 aliqua
817 1702 1269 1776 intelligeretur,
1304 1705 1387 1759 ait
1419 1722 1431 1760 :
1461 1727 1489 1755 (ι
1531 1703 1756 1760 Creavit
1789 1722 1879 1760 me
1913 1710 2019 1760 Do-

352 1793 579 1859 minus,
619 1814 646 1842 »
680 1798 1041 1865 quopropter
1070 1792 1128 1847 in
1164 1797 1275 1849 Deo
1307 1794 1462 1849 idem
1495 1800 1582 1850 est
1610 1810 1806 1850 creare
1835 1811 1901 1850 ac
1934 1795 2020 1867 gi-

2141 631 2253 702 μὲν,
2290 656 2315 679 ‹‹
2354 631 2547 705 Κύριος
2579 630 2752 688 ἕκτισέ
2779 653 2845 706 με
2868 657 2896 683 ››
2926 633 3063 687 κατὰ
3090 634 3153 687 τὸ
3187 632 3372 707 ῥητὸν,
3404 635 3504 702 τὴν
3539 632 3596 690 δὲ
3622 634 3673 690 έν
3697 636 3789 691 αῦ-

2126 722 2206 790 τῷ
2257 716 2505 792 δόνχμιν,
2569 720 2881 797 μειζοτέραν
2932 722 3046 797 ὁρῶ
3089 723 3154 792 ἣν
3188 719 3330 797 ἔχει,
3361 724 3422 792 ἣν
3456 722 3518 777 σὺ
3554 724 3629 796 μὴ
3662 728 3791 796 νοή-

2130 828 2224 869 σας
2280 811 2412 881 (95),
2471 810 2668 885 ἀγνοίᾳ
2726 809 3117 885 κατεχόμενος,
3170 810 3463 881 πλανᾶσαι,
3496 810 3691 889 ἀνδρὸς
3726 812 3784 869 δὲ

2130 903 2319 966 κακοῦ,
2354 896 2491 954 ἴδιον
2519 899 2581 955 τὸ
2612 906 2826 977 φθονεῖν
2858 906 2973 963 τοῖς
3002 902 3323 974 κρείττοσιν.
3360 902 3473 966 Ἀθ.
3506 903 3671 958 εἶπεν·
3715 907 3786 962 "A

2131 985 2222 1040 οῦν
2276 995 2512 1066 φρονεῖς,
2566 988 2767 1067 φράσον
2827 990 2996 1063 κάμοὶ
3037 989 3305 1069 ἀφθόνως,
3339 990 3471 1067 ὅπερ
3503 989 3654 1047 δοκεῖ
3705 1014 3787 1049 σοι

2128 1074 2298 1132 καλὸν
2331 1077 2633 1155 φαίνεσθαι.

2204 1170 2290 1222 16.
2326 1168 2448 1243 Ἀρ.
2482 1169 2615 1223 εἷπε·
2649 1167 2720 1222 Τὸ
2751 1171 2878 1245 γὰρ,
2911 1194 2938 1221 ‹‹
2974 1170 3170 1245 Κύριος
3205 1168 3379 1225 ἔκτισέ
3413 1191 3533 1243 με,ι
3572 1169 3656 1225 ἐπί
3686 1176 3785 1227 τοῦ

2132 1280 2161 1307 ‹‹
2195 1254 2447 1331 ἐγέννησέ
2476 1278 2563 1329 με,
2601 1283 2621 1308 ι
2658 1253 3062 1331 καταλαμϐάνω
3263 1261 3371 1317 Ἀθ.
3408 1261 3568 1314 εἶπεν·
3607 1260 3667 1315 Εἰ
3690 1262 3781 1317 οῦν

2132 1342 2396 1418 ἐγεννήθη
2425 1346 2454 1397 6
2485 1346 2630 1414 Υἱὸς,
2656 1342 2871 1416 ’δηλαδὴ
2896 1346 2996 1402 οὐκ
3017 1347 3246 1414 ἐκτίσθη·
3273 1348 3320 1403 εἰ
3352 1346 3409 1403 δὲ
3439 1348 3787 1421 ἐκτίσθη,οὐκ

2131 1432 2410 1509 ἐγεννήθη.
2445 1435 2563 1509 Ἀρ.
2594 1437 2727 1490 εἶπε⁸
2766 1435 2840 1490 Σὺ
2875 1436 2935 1491 οὐ
2966 1442 3105 1499 νοεῖς
3136 1438 3235 1506 τὴν
3289 1435 3517 1510 δύναμιν
3565 1437 3783 1505 ταύτην.

2132 1523 2250 1586 Ἀθ.
2286 1524 2422 1577 εἴπεο
2468 1524 2558 1592 Μὴ
2619 1523 2857 1599 ὀκνήσῃς
2907 1525 3191 1602 ἀνέχεσθαί
3235 1548 3364 1599 μου,
3416 1524 3520 1589 ἕως
3569 1530 3777 1599 νοήσω,

2129 1613 2450 1687 παρακαλῶ.
2512 1615 2637 1690 Ἀρ,
2699 1615 2864 1668 εἶπεν·
2925 1617 3038 1670 Ἵνα
3095 1617 3171 1687 μὴ
3203 1617 3371 1677 πάθος
3399 1615 3647 1688 νοηθείη,
3710 1619 3783 1671 εἴ-

2130 1721 2248 1769 πεν,
2283 1726 2310 1754 ‹‹
2343 1702 2559 1758 ’Έκτισέ
2587 1724 2652 1776 με
2685 1703 2899 1778 Κύριος·
2928 1722 2959 1755 ‘n
2995 1703 3082 1758 ἐπὶ
3115 1708 3247 1758 Θεοῦ
3275 1702 3366 1759 οῦν
3396 1705 3461 1759 τὸ
3485 1704 3684 1773 κτίζειν
3704 1710 3784 1778 τῷ

2127 1796 2314 1866 γεννᾶν
2346 1794 2460 1865 (97)
2489 1792 2681 1847 ταὺτόν
2714 1792 2876 1849 ἐστιν.
2914 1793 3029 1849 Ἀθ.
3063 1794 3227 1847 εἶπεν·
3275 1793 3336 1850 Εἰ
3365 1792 3456 1847 οὖν
3506 1793 3594 1848 ἐπὶ
3643 1798 3778 1849 Θεοῦ

351 1897 548 1953 gnere,
582 1882 706 1937 Ath.
756 1882 815 1937 Si
848 1881 1029 1954 igitur
1062 1898 1256 1938 creare
1287 1886 1343 1937 et
1363 1883 1790 1956 gignere,idem
1821 1883 1878 1939 in
1904 1883 2008 1940 Dec

2128 1879 2191 1933 τὸ
2238 1879 2435 1949 κτίζειν
2484 1881 2576 1935 καὶ
2618 1887 2806 1956 γεννᾷν
2850 1880 3042 1937 ταύτόν
3071 1879 3233 1951 ἐστιν,
3268 1881 3461 1938 οὐκοῦν
3489 1881 3661 1937 πάντα
3712 1882 3781 1938 τὰ

351 1975 440 2026 est
471 1988 484 2027 :
518 1986 722 2026 omnes
754 1986 894 2026 sane
945 1987 1037 2027 res
1084 1976 1312 2039 creatis,
1346 1972 1558 2044 genitas
1604 1976 1662 2027 et
1711 1971 1867 2027 fetus
1914 1971 2011 2028 Dei

349 2065 544 2116 erunt.
577 2060 741 2125 Quod
772 2059 821 2115 si
856 2076 1053 2115 verum
1084 2065 1195 2127 est,
1228 2076 1336 2134 ego
1364 2060 1650 2116 Dominus
1689 2061 1869 2116 frater
1895 2062 2009 2142 est,

348 2149 674 2203 secundum
718 2153 794 2219 te,
829 2148 1095 2203 omnium
1127 2165 1258 2221 quae
1288 2165 1390 2222 per
1423 2149 1618 2221 ipsum
1654 2149 1806 2205 facta
1846 2153 2007 2206 sunt.

346 2237 646 2301 Quomodo
670 2238 853 2309 igitur
876 2237 1225 2310 Unigenitus
1250 2238 1347 2293 Dei
1379 2243 1465 2293 est
1484 2237 1512 2293 τ
1532 2239 1625 2294 Ar.
1655 2238 1778 2294 Vox
1810 2239 2010 2310 unige-

343 2327 449 2381 niti
482 2326 553 2382 de
582 2343 643 2382 re
676 2328 989 2400 praecipua,
1043 2326 1346 2383 excellenti
1378 2331 1435 2382 et
1484 2327 1742 2383 maxima
1770 2328 2004 2383 dicitur.

344 2416 467 2471 Ath.
500 2421 711 2471 Annon
743 2415 952 2473 caelum
985 2416 1089 2471 tibi
1125 2417 1445 2472 maximum
1471 2417 1741 2472 videtur?
1769 2421 1863 2472 Ar.
1895 2417 2009 2471 Ad-

347 2508 612 2563 modum.
648 2508 767 2562 Ath.
820 2507 1005 2579 Igitur
1038 2507 1218 2563 Filius
1246 2513 1337 2563 est
1362 2508 1689 2563 secundum
1723 2513 1798 2563 te.
1830 2508 2009 2563 Terra

345 2615 483 2654 vero
515 2603 574 2654 et
606 2615 765 2654 mare
796 2598 926 2653 filiae
957 2599 1215 2654 dicenda:
1247 2603 1419 2655 erunt
1449 2600 1776 2655 secundum
1807 2603 1886 2654 te.
1912 2599 2005 2653 Ar.

349 2686 551 2742 Absit!
582 2703 766 2744 unum
797 2688 985 2743 solum
1022 2688 1228 2743 Filium
1262 2689 1397 2744 fecit
1436 2688 1609 2745 Deus.
1643 2687 1767 2744 Ath.
1800 2693 1884 2743 An
1920 2688 2006 2743 vi-

346 2776 561 2832 dentur
585 2778 686 2831 tibi
712 2777 906 2833 omnia
928 2777 1191 2849 ejusdem
1217 2778 1611 2850 generationis
1629 2779 1858 2834 decreto
1881 2777 2006 2832 uni-

347 2866 545 2937 genita
573 2883 702 2922 esse
733 2883 911 2923 necne
941 2866 969 2920 ?
1022 2867 1114 2923 Ar.
1147 2868 1298 2923 Sane
1330 2868 1590 2940 quidem.
1639 2867 1763 2923 Ath.
1820 2866 2009 2939 Igitur

344 2956 391 3009 si
427 2956 616 3012 factus
647 2960 755 3018 est.
789 2962 855 3011 ut
884 2973 977 3013 res
1026 2956 1152 3011 alia;
1183 2961 1411 3028 creatae,
1446 2958 1742 3029 quomodo
1784 2956 1885 3012 Dei
1918 2959 2008 3011 est

348 3043 575 3101 Filius?
605 3046 697 3101 Ar.
731 3045 984 3101 Obsecro
1016 3050 1113 3101 te:
1149 3048 1441 3117 quomodo
1475 3051 1537 3101 tu
1569 3046 1694 3118 ipse
1726 3044 2004 3117 intelligis

344 3133 468 3190 haec
491 3134 668 3190 verba
699 3150 713 3189 :
743 3156 772 3184 ‹‹
811 3134 1093 3192 Dominus
1121 3134 1340 3192 creavit
1370 3151 1462 3190 me
1482 3134 1510 3190 ‘I
1543 3157 1572 3185 »

419 3315 506 3370 17.
538 3314 666 3369 ΑιΙι.
710 3313 890 3369 Crede
924 3313 1069 3369 mihi
1095 3332 1109 3369 ε
1136 3315 1235 3369 tibi
1264 3331 1380 3370 non
1404 3313 1998 3385 respondissemzssd
2029 3285 2073 3351 Ο

343 3404 402 3458 in
436 3404 686 3476 gratiam
719 3403 1054 3458 auditorum
1088 3403 1442 3475 respondere
1474 3419 1587 3458 non
1619 3401 2003 3459 renuo.Salo-

350 3509 485 3548 mon
517 3509 647 3548 cum
675 3493 876 3563 justus
916 3497 973 3547 et
1020 3491 1311 3564 sapientia
1340 3494 1549 3564 plenus
1579 3496 1754 3558 esset,
1786 3493 2002 3563 dignus

342 3582 580 3638 habitus
602 3587 713 3653 est,
732 3583 830 3654 qui
859 3583 1130 3651 parabole
1152 3583 1634 3655 prmsigniﬁcaret
1648 3583 2003 3638 creationem

343 3671 571 3744 templi,
602 3672 709 3727 hoc
739 3677 848 3740 est,
880 3674 1141 3744 corporis
1173 3672 1405 3728 Domini
1433 3673 1599 3739 Jesu,
1625 3672 2001 3744 quemadmo-

341 3762 485 3816 dum
518 3761 803 3818 Dominus
838 3760 964 3833 ipse
986 3762 1056 3817 ad
1089 3761 1325 3818 Judazos
1358 3761 1542 3818 dixit:
1571 3761 1833 3818 «Solvite
1858 3768 2000 3816 lem-

343 3849 508 3922 plum
537 3850 667 3920 hoc,
702 3856 758 3906 et
802 3851 859 3905 in
892 3851 1083 3907 tribus
1115 3851 1326 3907 diebus
1356 3851 1621 3907 excitabo
1665 3850 1810 3906 illud
1846 3867 1857 3905 :
1890 3849 2000 3906 hoc

341 3944 535 3996 autem
567 3939 799 3996 dicebat
819 3940 890 3994 de
916 3940 1133 4010 templo
1157 3942 1413 4010 corporis
1439 3941 1554 4010 sui,
1580 3962 1609 3989 »
1631 3945 1695 3995 ut
1722 3939 1803 3996 ait
1820 3940 1997 3995 Joan-

341 4043 446 4083 nes
468 4027 535 4081 3‘.
560 4026 777 4081 Verum
803 4026 979 4082 etiam
1013 4027 1273 4098 apertius
1303 4026 1397 4083 his
1430 4028 1500 4083 de
1533 4028 1708 4084 rebus
1739 4027 1821 4083 ita
1844 4026 2000 4083 locu-

339 4121 438 4170 tus
465 4119 557 4171 est
585 4114 862 4171 Salomon
923 4132 937 4170 :
994 4138 1022 4164 «
1080 4116 1381 4189 Sapientia
1411 4116 1719 4172 mdificavit
1748 4116 1860 4172 sibi
1892 4118 1997 4172 do-

344 4220 530 4272 mum,
564 4210 619 4261 et
639 4204 820 4261 erexit
855 4204 1162 4261 columnas
1192 4213 1437 4278 septem.
1476 4206 1803 4261 lmmolavit
1832 4206 1998 4260 victi-

344 4310 470 4349 mas
499 4309 657 4348 suas.
686 4293 922 4349 Miscuit
948 4293 1007 4348 in
1039 4298 1260 4350 cratere
1288 4294 1488 4349 vinum
1523 4309 1723 4361 suum,
1751 4297 1808 4349 et
1839 4309 1999 4365 para-

346 4384 427 4437 vit
457 4396 722 4439 mensam
754 4400 947 4438 suam.
984 4383 1140 4439 Misit
1169 4400 1368 4439 servos
1397 4400 1559 4452 suos,
1595 4382 1712 4438 alta
1739 4399 1877 4438 voce
1907 4384 1996 4438 in-

346 4472 540 4527 vitans
571 4472 643 4527 ad
683 4476 992 4540 craterem,
1015 4477 1074 4528 et
1102 4471 1304 4528 dicens
1333 4490 1345 4527 :
1380 4495 1403 4524 ι.
1425 4471 1707 4543 Quisquis
1735 4475 1825 4528 est
1853 4471 1999 4527 insi-

342 4560 529 4631 piens;
562 4559 814 4616 declinet
841 4561 910 4616 ad
946 4576 1059 4615 me.
1105 4583 1134 4611 »
1168 4561 1270 4616 His
1297 4561 1438 4616 item
1464 4562 1567 4633 qui
1600 4559 1999 4632 intelligentiae

342 4650 623 4719 indigent,
655 4649 777 4705 ait:
808 4670 835 4699 ιι
870 4649 1092 4717 Venite,
1127 4649 1414 4706 comedite
1448 4666 1659 4722 panem
1690 4667 1911 4718 meum,
1944 4654 2002 4706 et
2031 4658 2076 4722 ι)

340 4737 523 4793 bibite
550 4737 752 4793 vinum
784 4738 938 4808 quod
975 4738 1182 4794 miscui
1231 4738 1398 4795 vobis
1442 4756 1456 4794 :
1511 4738 1821 4810 relinquite
1852 4738 1997 4794 insi-

342 4825 648 4897 pientiam,
692 4830 756 4880 ut
802 4826 1008 4882 vivatis
1053 4828 1120 4882 ⁸⁸.
1169 4849 1197 4876 ››
1254 4826 1489 4884 Scilicet
1538 4826 1847 4898 sapientia,
1896 4826 2000 4881 Dei

342 4915 599 4971 Verbum
632 4918 741 4981 est,
771 4916 925 4987 quod
954 4917 1213 4972 Verbum
1238 4933 1374 4972 cum
1397 4919 1556 4972 esset
1589 4917 1770 4981 dives,
1796 4914 1999 4971 inetl'a-

344 5005 446 5060 bili
476 5022 585 5060 sua
615 5010 675 5060 et
704 5004 894 5060 Patris
926 5006 1285 5078 benignitate
1318 5023 1540 5077 pauper
1569 5014 1657 5060 est
1703 5006 1998 5072 effectum,

344 5099 408 5150 ut
438 5111 544 5150 nos
574 5093 735 5149 illius
782 5100 1123 5166 paupertate
1153 5097 1475 5150 ditaremur
1511 5114 1523 5151 :
1560 5094 1661 5166 qui
1693 5095 1830 5150 item
1866 5111 2001 5149 cum

342 5183 404 5240 in
436 5184 619 5240 forma
656 5183 751 5239 Dei
788 5190 962 5252 esset,
995 5184 1055 5239 in
1088 5184 1275 5238 forma
1333 5186 1480 5241 servi
1540 5188 1728 5240 factus
1758 5188 1849 5239 est
1882 5200 1895 5238 :
1947 5188 2004 5239 et

415 5291 458 5327 ³⁸
482 5295 649 5347 Joan.
684 5309 746 5362 ιι,
780 5292 866 5346 19.
944 5292 988 5326 ³⁸
1019 5293 1187 5346 Prov.
1222 5307 1299 5360 1x,
1337 5292 1451 5347 1-6.

564 5393 721 5463 Aug.
746 5390 823 5462 μὴ
854 5388 1104 5463 νομίσας.

422 5460 533 5536 _(_9t_i)
564 5460 677 5536 ita"
706 5460 938 5534 Regius.
974 5461 1151 5536 Desii.
1202 5479 1334 5517 vero
1383 5460 1637 5536 ἐγέννησέ
1687 5483 1754 5535 με
1811 5460 2003 5535 μεταλ.

349 5530 526 5601 Εάἱὶἱ,
566 5530 821 5605 ἐγέννησέ
854 5532 1042 5605 μεταλ.

424 5605 539 5673 (97)
569 5605 656 5659 lta
702 5605 838 5674 Reg.
872 5607 1072 5663 Caeteri
1122 5610 1315 5661 autem
1376 5613 1434 5661 et
1475 5606 1655 5662 editio
1685 5608 1912 5663 Comm.
1942 5605 2005 5659 τὸ

351 5678 556 5750 γεννᾷν.
589 5675 720 5750 Mox
750 5674 911 5750 ἐστίν,
943 5678 1103 5750 deest
1138 5677 1196 5732 in
1227 5680 1373 5748 Aug.

426 5722 1203 5821 (οἷς)’ἑξνᾷοιῖέἧὲνὶέεῐιέἒὲὲάὶ
1227 5722 1398 5804 ἐὶἑὲέι
1431 5749 1486 5803 in
1522 5753 1667 5821 Aug.

2125 1968 2393 2041 κτίσματα
2447 1972 2755 2045 γεννήματα
2807 1974 2906 2025 τοῦ
2960 1974 3094 2025 Θεοῦ
3164 1971 3525 2046 ὑπάρχουσιν.
3586 1970 3651 2029 Εἰ
3719 1969 3778 2026 δὲ

2119 2063 2286 2113 ταῦτα
2316 2058 2489 2122 οὕτως
2516 2058 2653 2136 ἔχει,
2688 2057 2790 2135 ἄρα
2821 2061 3034 2114 πάντων
3064 2057 3298 2138 ἀδελφὸς
3328 2062 3584 2137 τυγχάνει
3618 2062 3646 2116 6
3672 2061 3777 2115 K6-

2120 2168 2259 2223 ριος,
2318 2148 2450 2203 κατά
2498 2148 2575 2219 σε,
2631 2152 2738 2204 τῶν
2801 2145 2870 2202 δι’
2910 2147 3075 2203 αὐτοῦ
3104 2148 3428 2225 γεγονότων.
3466 2153 3576 2204 Ποῦ
3612 2148 3703 2204 οὖν
3737 2150 3766 2204 ὁ

2119 2239 2429 2311 Μονογενης
2476 2235 2572 2291 τοῦ
2620 2242 2790 2306 Θεοῦ;
2842 2239 2963 2313 Ἀρ.
3017 2240 3154 2293 εἷπε·
3214 2240 3290 2296 Τὸ
3328 2239 3611 2315 μονογενὲς
3638 2237 3768 2294 τατ.

2116 2346 2260 2380 τεται
2318 2329 2431 2399 (98)
2473 2326 2560 2380 ἐπὶ
2620 2326 2874 2401 ἐξαιρέτῳ
2934 2328 3021 2382 καὶ
3055 2326 3381 2403 ἐξοχωτάτῳ
3409 2328 3499 2383 καὶ
3536 2329 3768 2404 μεγίστῳ

2116 2414 2414 2490 πράγματι.
2468 2415 2583 2480 ’Δθ.
2636 2418 2803 2470 εἶπεν·
2852 2415 2924 2469 Οὐ
2966 2412 3115 2471 δοκεῖ
3142 2438 3224 2471 σοι
3262 2418 3513 2493 μέγιστος
3573 2418 3767 2471 εῖναιὸ

2118 2502 2372 2579 οὖρανός;
2432 2506 2554 2578 Ἀρ.
2619 2506 2753 2559 εἷπε·
2817 2506 2913 2559 Καὶ
2981 2504 3142 2562 πάνυ.
3200 2507 3314 2569 Ἀθ.
3346 2507 3509 2560 εἶπεν·
3562 2505 3767 2560 Οὐκοῦν

2116 2594 2144 2646 6
2178 2593 2299 2655 Υἱός
2330 2593 2441 2648 ἐστι
2473 2595 2606 2649 κατὰ
2638 2594 2714 2666 σὲ,
2748 2595 2836 2648 καὶ
2870 2597 2903 2664 ἡ
2932 2601 3001 2670 γῆ
3037 2590 3093 2649 δὲ
3126 2596 3216 2649 καὶ
3264 2598 3298 2665 ἡ
3332 2593 3575 2658 θάλασσα
3613 2596 3773 2670 θυγα-

2113 2683 2265 2759 τέρες
2319 2683 2453 2738 κατὰ
2509 2684 2583 2741 σέ,
2644 2686 2771 2759 Ἀρ,
2829 2686 2963 2739 εἷπε·
3023 2685 3109 2753 Μὴ
3159 2683 3410 2760 γένοιτοῐ
3452 2683 3546 2739 ’ὲνα
3578 2685 3766 2754 ἐποίη-

2116 2792 2202 2826 σεν
2234 2772 2262 2824 6
2314 2772 2441 2833 Θεὸς
2491 2772 2614 2825 Υῖὸν
2643 2771 2829 2844 μόνον.
2860 2772 2973 2827 Ἀθ.
3009 2773 3143 2825 εἷπε·
3181 2776 3339 2825 Δοκεῖ
3369 2792 3452 2825 σοι
3485 2771 3656 2825 πάντα
3684 2775 3763 2842 τῷ

2114 2859 2261 2934 αὖτῷ
2291 2861 2404 2933 ’ὀρῳ
2432 2864 2531 2929 τῆς
2563 2863 2866 2935 γεννήσεως
2901 2862 3168 2935 μονογενῆ
3195 2859 3484 2934 τυγχάνεεν
3514 2862 3648 2932 (99),
3682 2858 3766 2912 ναὶ

2114 2951 2149 3019 ἢ
2184 2948 2245 3004 οῦ
2277 2970 2291 3019 ;
2325 2954 2425 3026 Ap.
2478 2952 2646 3005 εἶπενο
2696 2950 2884 3010 Οὕτως
2932 2946 3069 3023 ἔχει.
3128 2950 3240 3004 Ἀθ.
3278 2950 3444 3002 εἶπεν·
3479 2947 3683 3002 Οὐκοῦν
3719 2947 3763 3001 εἴ

2114 3038 2344 3110 ἐποιήθη
2380 3039 2454 3101 ὡς
2482 3039 2571 3093 καὶ
2601 3038 2667 3093 τὰ
2697 3037 2867 3095 λοιπὰ
2898 3035 3365 3112 δημιουργήματα
3406 3038 3433 3091 6
3465 3037 3611 3101 Υἱὸς,
3644 3040 3762 3098 πῶς

2116 3128 2236 3190 Υἱός
2269 3127 2378 3183 ἐστι
2404 3131 2500 3183 τοῦ
2527 3132 2696 3195 Θεοῦ;
2728 3131 2850 3203 Ἀρ.
2885 3128 3019 3182 εἶπε·
3054 3125 3363 3202 Παρακαλῶ
3405 3146 3483 3196 σε,
3533 3124 3594 3179 σὺ
3643 3129 3763 3186 πῶς

2112 3222 2257 3280 νοεῖς
2284 3217 2366 3286 τὸ,
2402 3242 2430 3269 ‹‹
2464 3216 2661 3288 Κύριος
2690 3215 2864 3271 ἔκτισέ
2897 3236 2999 3291 με;
3039 3240 3065 3264 ι»

2184 3310 2268 3364 l7.
2307 3308 2422 3363 ’AO.
2486 3308 2626 3361 εἷπε·
2686 3307 2915 3361 Πέπεισο
2964 3305 3063 3360 οὐκ
3121 3308 3179 3360 ἂν
3242 3326 3330 3359 σοι
3364 3303 3758 3381 ἀπεκρινάμην·

2112 3403 2258 3460 ἀλλὰ
2289 3403 2378 3478 διὰ
2423 3404 2550 3467 τοὺς
2580 3405 2963 3478 ἀκροωμένους
3012 3402 3143 3477 ἐρῶ.
3213 3403 3502 3477 Σολομὼν,
3553 3402 3761 3464 δίκαιος

2114 3492 2210 3565 ὢν,
2265 3477 2354 3549 καὶ
2407 3494 2596 3573 σοφίας
2642 3492 2979 3571 πληρωθεῖς,
3038 3493 3351 3564 κατηξιώθη
3385 3491 3436 3547 ἐν
3469 3486 3761 3568 παραϐολῇ

2111 3599 2462 3669 προσημᾶναι
2519 3593 2617 3661 τὴν
2668 3591 2841 3647 κτίσιν
2896 3595 2993 3647 τοῦ
3036 3595 3189 3661 ναοῦ,
3237 3592 3481 3645 τουτέστι
3529 3593 3626 3644 τοῦ
3659 3590 3764 3642 σώ-

2115 3703 2282 3755 ματος
2324 3687 2421 3737 τοῦ
2479 3681 2675 3757 Κυρίου
2736 3682 2937 3751 Ἰησοῦ,
2989 3680 3064 3742 ὡς
3121 3679 3282 3741 αὐτὸς
3322 3681 3351 3734 ὁ
3403 3678 3597 3754 Κύριός
3630 3698 3763 3755 φησι

2108 3777 2227 3834 τοῖς
2259 3771 2564 3832 Ἰουδαίοις*
2597 3795 2625 3824 α
2662 3769 2867 3824 Λύσατε
2896 3770 2988 3824 τὸν
3022 3770 3143 3823 ναὸν
3183 3772 3397 3841 τοῦτον,
3434 3768 3523 3822 καὶ
3559 3767 3609 3822 ἐν
3640 3788 3762 3841 τρι-

2111 3870 2191 3924 σὶν
2243 3870 2476 3945 ἡμέραις
2528 3868 2694 3945 ἐγερῶ
2752 3867 2929 3923 αὐτόν.
2988 3864 3157 3922 Τοῦτο
3192 3864 3249 3921 δὲ
3288 3864 3439 3943 ἔλεγε
3486 3865 3609 3940 περὶ
3669 3868 3762 3919 τοῦ

2107 3964 2237 4014 ναοῦ
2267 3963 2364 4015 τοῦ
2393 3960 2648 4031 σώματος
2679 3958 2864 4027 αὐτοῦ,
2897 3982 2923 4007 ››
2952 3956 3027 4019 ὥς
3060 3977 3220 4035 φησιν
3245 3958 3273 4011 ὁ
3304 3953 3763 4025 Ἰωάννης.Ἀλλᾶ

2115 4061 2220 4132 μὴν
2251 4058 2341 4113 καὶ
2376 4056 2646 4130 Σολομὼν
2695 4055 3150 4133 παρῥησιέστερον
3185 4057 3259 4127 (4)
3292 4051 3393 4132 ἔφη
3425 4055 3550 4130 περὶ
3584 4052 3755 4108 αὐτῶν

2107 4147 2314 4203 τούτων
2349 4142 2625 4202 διαλαϐὼν
2661 4146 2853 4208 οὕτως·
2890 4171 2917 4197 ‹‹
2950 4146 3012 4203 Ἠ
3035 4144 3195 4218 σοφία
3217 4141 3571 4217 ᾠκοδόμησεν
3595 4143 3757 4215 ὶαι-τῇ

2110 4248 2286 4315 οἷκον,
2318 4245 2407 4299 καὶ
2440 4246 2700 4317 ὑπήρεισε
2748 4242 2978 4305 στύλους
3038 4243 3187 4298 ἑπτά.
3242 4244 3472 4318 ’Έσφαξε
3516 4241 3583 4295 τὰ
3639 4240 3759 4294 έαυ-

2108 4342 2206 4404 τῆς
2266 4334 2497 4404 θύματα,
2556 4332 2647 4386 καὶ
2708 4331 2953 4406 ἐκέρασεν
3016 4330 3091 4391 είς
3150 4337 3397 4404 κρατῆρα
3441 4329 3532 4382 τὸν
3566 4329 3760 4396 εαυτῆς

2111 4434 2276 4500 οἶνον,
2337 4430 2425 4484 καὶ
2484 4427 2824 4500 ἡτοιμάσατο
2879 4428 2977 4493 τήν
3038 4427 3228 4491 ἑαυτῆς
3299 4425 3586 4497 τράπεζαν⁸
3658 4422 3760 4476 ἀπ-

2111 4519 2315 4575 έστειλε
2344 4519 2473 4580 τοὺς
2502 4518 2695 4584 εαυτῆς
2723 4512 2955 4574 δούλους
2989 4509 3332 4586 συγκαλοῦσα
3361 4512 3494 4585 μετᾶ
3549 4510 3764 4584 ὑψηλοῦ

2110 4618 2465 4693 κηρύγματος
2499 4613 2586 4669 ἐπὶ
2615 4618 2880 4687 κρατῆρα,
2913 4608 3163 4687 λέγουσα·
3204 4635 3230 4660 ‹‹
3262 4612 3356 4671 Ὃς
3390 4610 3529 4664 ἔστιν
3555 4608 3762 4687 ἄφρων,

2110 4704 2410 4763 ἐκκλινάτω
2467 4703 2602 4779 πρὸς
2660 4699 2746 4774 μέ,
2792 4728 2814 4755 ι
2871 4700 2961 4756 καὶ
3005 4705 3120 4763 τοῖς
3154 4698 3352 4755 ἐνδεέσι
3384 4703 3588 4776 φρενῶν
3624 4701 3759 4754 εἷπε·

2116 4832 2135 4857 ι
2171 4803 2414 4873 Ἔλθετε,
2447 4804 2645 4880 φάγετε
2674 4800 2764 4856 τὸν
2793 4799 2922 4873 ἐμὸν
2958 4801 3139 4875 ἄρτον,
3187 4800 3277 4855 καὶ
3309 4799 3456 4855 πίετε
3495 4800 3668 4865 οἶνον,
3703 4795 3760 4851 ὅν

2109 4902 2372 4978 κεκέρακα
2403 4901 2553 4974 ὑμῖν·
2604 4898 2903 4956 ἀπολίπετε
2949 4902 3026 4969 (‘3)
3074 4898 3403 4975 ἀφροσύνην,
3458 4894 3550 4951 ’ίνα
3592 4899 3761 4965 ζήσῃ-

2110 5015 2188 5051 τε.
2223 5017 2250 5045 ››
2304 4990 2613 5067 Ἀραρὸτως
2657 4992 2693 5058 ἡ
2745 4990 2902 5066 σοφία
2935 4990 3061 5049 Θεὸς
3095 4984 3267 5063 Λόγος
3298 4987 3581 5060 τυγχάνει,
3615 4986 3642 5038 ὁ
3675 4982 3763 5038 διὰ

2111 5094 2211 5161 τὴν
2245 5089 2479 5167 ἅρῥητον
2512 5088 2676 5143 αὐτοῦ
2706 5086 2796 5141 καὶ
2846 5090 2943 5141 τοῦ
2978 5085 3186 5160 Πατρὸς
3232 5086 3398 5139 αὐτοῦ
3447 5081 3761 5161 φιλανθρω-

2113 5181 2236 5237 πίαν
2290 5173 2609 5254 πτωχεύσας
2658 5173 2923 5236 πλούσιος
2975 5171 3183 5247 ὣν,⁹ίνα
3229 5176 3391 5246 ἡμεῖς
3436 5175 3503 5245 τῇ
3560 5171 3765 5226 ἐκείνου

2188 5389 2424 5460 (99)Sie
2475 5392 2625 5457 Aug.
2668 5383 2833 5460 ‘Edit.
2887 5398 3021 5438 vero
3070 5385 3294 5460 Comm.
3327 5378 3440 5452 ὅρῳ
3475 5387 3766 5460 μονογενῆ.

2117 5452 2255 5535 nee.
2284 5452 2398 5536 δρψ
2439 5464 2539 5536 τῇς
2567 5452 3188 5536 Messallam-~61.
3224 5452 3483 5536 sequens
3503 5452 3669 5536 αιρειι
3697 5454 3771 5536 at?

2115 5524 2262 5607 Aug.
2294 5524 2429 5607 Mox
2452 5524 2599 5607 Reg?
2620 5529 2749 5607 sui»:
2781 5526 2905 5607 ﬁci;
2936 5524 3044 5607 ἐστι
3097 5528 3207 5607 τοῦ.
3241 5524 3395 5607 Θεοῦ,
3429 5531 3487 5582 et
3516 5525 3600 5582 sic
3631 5525 3771 5597 legit

2115 5596 2403 5661 Nannius.
2437 5596 2632 5657 Caeteri
2667 5604 2720 5655 et
2746 5599 2909 5667 editi,
2939 5596 3086 5658 τίνος
3116 5596 3263 5667 Υἱός,
3297 5605 3409 5655 etc.

2216 5680 2262 5765 ιι
2296 5674 2524 5765 eos“?
2551 5668 3049 5765 πβὲῥησίσιετερον-

2209 5740 2264 5821 2)
2296 5740 2442 5821 Αυᾷ.
2476 5740 2816 5802 ἀπολείπετε.
