4170 6350
333 374 453 432 457

1482 370 1952 432 DlSPU'l‘A'I‘IO
1999 372 2312 431 CHNTItA
2358 374 2631 435 AliIUM.

3642 377 3762 436 458

333 500 584 578 πτωχείᾳ
632 500 1063 574 πλουτήσωμεν,
1115 497 1166 554 ἐν
1221 499 1405 578 μορφῇ
1457 505 1588 555 Θεοῦ
1623 499 1906 576 ὑπάρχων,
1941 500 1992 556 ἐν

2117 503 2206 574 qui
2239 504 2458 576 proprii
2495 504 2679 560 Patris
2719 509 2846 560 erat
2889 504 3152 578 zequalis,
3187 510 3248 562 ut
3299 523 3502 563 servus
3532 510 3590 562 et
3623 525 3761 562 con-

493 595 518 606 -
561 588 584 607 ss
637 591 650 609 ρ
839 591 848 610 ρ
1061 587 1084 611 υ
1217 587 1258 608 M
1313 589 1337 610 υ
1441 594 1452 609 ι
1617 595 1640 604 ν
1693 587 1766 606 ’Ἡ

339 612 522 668 μορφῃ
557 589 762 645 οουλου
793 611 1035 665 γεγονεν,
1072 611 1182 651 ισος
1213 607 1270 644 οε
1301 613 1372 644 ων
1417 593 1494 664 (3)
1547 611 1644 644 του
1696 607 1833 669 ιοιου
1885 596 1991 644 Πα-

331 682 482 757 τρὸς,
518 680 593 742 ὡς
655 677 856 742 δοῦλος
905 680 995 734 καὶ
1050 677 1349 741 σύνδουλος
1398 681 1799 757 συνανεστράφη
1832 681 1992 752 ἡμῖν,

331 768 540 831 τέλειος
605 765 678 822 ὢν
733 767 785 822 ἐν
840 767 1080 835 θεότητι,
1131 767 1220 821 καὶ
1262 766 1471 829 τέλειος
1506 767 1554 822 ἐν
1590 767 1990 841 ἀνθρωπότητι,

335 857 504 921 Οὗτος
555 855 647 913 οὖν
681 858 709 912 6
743 857 915 933 Λόγος
941 857 1030 912 καὶ
1063 857 1211 924 Θεὸς,
1265 857 1425 934 σοφία
1472 858 1562 911 καὶ
1606 855 1835 930 δύναμις
1887 879 1990 912 πα-

332 949 495 1024 τρικὴ
531 948 818 1023 ὑπάρχων,
853 945 1142 1019 ἀσώματος
1177 944 1275 1016 ὢν,
1309 944 1490 1023 ὣσπερ
1525 948 1551 1000 6
1584 947 1710 1007 Θεὸς
1752 947 1838 1001 καὶ
1881 952 1990 1000 Πα-

332 1039 438 1114 τήρ
470 1037 654 1109 αὐτοῦ,
690 1035 778 1091 διὰ
806 1037 906 1105 τήν
939 1035 1210 1108 ἡμετέραν
1245 1037 1516 1111 σωτηρίαν
1574 1034 1902 1109 ᾠκοδόμησε
1929 1035 1993 1090 τὸ

336 1132 498 1200 σῶμα
547 1126 597 1181 ἐν
649 1130 716 1201 τῇ
765 1126 958 1201 γαστρῖ
1011 1127 1217 1202 Μαρίας
1266 1133 1365 1195 τῆς
1400 1125 1691 1197 Θεοτόκου,
1727 1126 1846 1180 ἄνευ
1875 1146 1992 1179 κοι-

338 1217 535 1279 νωνίας
576 1213 791 1293 ἀνδρὸς,
841 1215 930 1270 καὶ
983 1215 1230 1290 γέγονεν,
1263 1216 1336 1278 ὡς
1370 1213 1526 1292 ἔφην,
1562 1217 1870 1291 ἅνθρωπος,
1901 1214 1990 1269 καὶ

343 1305 529 1359 ἑαυτὸν
567 1304 816 1374 ἐποίησεν
851 1301 1155 1379 ὑπόδειγμα
1183 1303 1358 1372 πάσης
1389 1303 1607 1380 ἀρετῆς·
1635 1302 1727 1358 Ἵνα
1779 1303 1828 1358 οἷ
1865 1305 1993 1380 βου-

347 1392 573 1466 λόμενοι
606 1393 976 1464 ἐξακολουθεῖν
1007 1393 1082 1454 ὡς
1115 1390 1204 1448 διὰ
1233 1388 1420 1468 τρίϐου
1452 1392 1621 1469 ἔχωσι
1665 1392 1808 1458 θείας
1841 1393 1992 1448 ἐκτύ-

348 1504 518 1556 πωμα
541 1485 641 1555 (li),
673 1483 804 1557 πρὸς
840 1482 870 1536 6'
895 1481 1272 1555 ὁμοιούμενοι,
1305 1482 1546 1556 γίνονται
1595 1483 1735 1546 θείας
1783 1481 1994 1560 φύσεως

348 1571 622 1643 κοινωνοὶ,
657 1569 730 1633 ὣς
762 1592 892 1646 φησι
921 1572 982 1624 τὸ
1016 1575 1214 1632 Σκεῦος
1241 1578 1341 1641 τῆς
1376 1569 1633 1646 ἐκλογῆς·
1689 1596 1708 1622 ι
1745 1570 1995 1643 Μιμηταί

351 1682 457 1732 μου
486 1660 708 1736 γίνεσθε,
741 1661 915 1721 καθὼς
945 1659 1094 1735 κάγὼ
1124 1661 1306 1730 Ἱησοῦ
1344 1665 1575 1734 Χριστοῦ
1773 1685 1801 1710 ››
1850 1660 1998 1714 Μετὰ

347 1748 437 1803 οὖν
467 1749 527 1802 τὸ
578 1748 745 1812 πάθος
797 1748 960 1803 αὐτοῦ
1008 1749 1098 1802 καὶ
1148 1751 1246 1818 τὴν
1300 1750 1583 1804 ἀνάστασιν
1619 1746 1928 1804 ἀπέστειλεν
1958 1751 1992 1819 ἡ

343 1837 527 1915 σοφία,
559 1840 594 1907 ἡ
625 1835 876 1910 δύναμις,
911 1839 938 1893 ὁ
975 1838 1146 1914 Λόγος
1178 1839 1268 1893 καὶ
1301 1838 1450 1906 Θεὸς,
1477 1837 1603 1900 τοὺς
1651 1835 1994 1899 ἀποστόλους

421 1897 430 1915 .
518 1897 526 1903 -
584 1897 594 1907 -
762 1897 772 1910 .
841 1897 876 1909 τ.
1066 1897 1076 1914 .
1134 1897 1144 1900 -
1416 1897 1449 1906 ν,
1593 1897 1602 1900 ν
1983 1897 1991 1899 ι

340 1928 475 2002 πρὸς
525 1927 726 1989 πάντας
773 1927 900 1989 τοὺς
954 1928 1212 2004 ἄφρονας,
1245 1927 1372 1990 τοὺς
1407 1929 1692 1989 ἀσυνέτους
1727 1926 1994 2000 ἐθνικοὺς,
2029 1897 2075 1961 Β

339 2016 466 2078 τοὺς
500 2017 576 2089 μὴ
610 2014 817 2078 εἰδότας
848 2017 939 2071 τὸν
973 2017 1126 2084 Θεὸν,
1161 2017 1528 2092 προτεθεικὼς
1576 2018 1841 2091 τράπεζαν
1897 2020 1994 2089 (6).

339 2104 584 2161 τουτέστι
634 2107 694 2160 τὸ
754 2106 903 2180 ἅγιον
958 2109 1359 2182 θυσιαστήριον.
1402 2106 1489 2160 καὶ
1525 2104 1606 2160 ἐπ’
1657 2105 1803 2177 αὖτῷ
1836 2106 1992 2178 ἄρτον

343 2196 591 2268 οὐράνιον
649 2196 737 2250 καὶ
799 2195 1089 2271 ἄφθαρτον,
1150 2196 1237 2249 καὶ
1288 2202 1416 2249 πᾶσι
1452 2196 1596 2264 ζωὴν
1630 2195 1993 2270 χαριζόμενον

340 2289 454 2347 τοῖς
518 2281 1035 2358 μεταλαμϐάνουσιν
1091 2285 1142 2355 ἐξ
1194 2285 1382 2350 αὐτοῦ,
1441 2285 1502 2338 τὸ
1557 2286 1710 2359 ἅγιον
1743 2286 1996 2340 καὶπαν-

341 2373 492 2448 άγιον
528 2375 694 2428 αὐτοῦ
727 2379 904 2446 σῶμα,
940 2373 1084 2428 οἶνόν
1115 2396 1172 2428 τε
1204 2373 1557 2451 εὐφραίνοντα
1602 2371 1846 2448 καρδίαν,
1906 2373 1996 2428 καὶ

341 2465 500 2536 νῆψιν
563 2463 894 2536 ἐμποιοῦντα
952 2464 1004 2518 ὲν
1052 2467 1122 2537 τῇ
1155 2464 1382 2517 ἑκάστου
1413 2466 1567 2538 ψυχῇ
1596 2469 1704 2517 τῶν
1733 2463 1997 2539 ἀπογευο-

346 2552 517 2623 μένων
575 2553 626 2622 ἐξ
677 2549 862 2623 αὖτοῦ,
913 2553 988 2614 ὼς
1047 2551 1135 2606 ἐπὶ
1184 2559 1428 2628 κρατῆρα
1457 2551 1685 2627 κεράσας
1714 2552 1777 2606 τὸ
1807 2553 1998 2606 ἑαυτοῦ

340 2643 496 2713 αἷμα,
530 2639 765 2703 καλέσας
796 2640 924 2703 τοὺς
970 2639 1211 2712 κλητούς
1241 2661 1300 2696 τε
1327 2641 1418 2695 καὶ
1450 2640 1737 2703 ἐκλεκτοὺς
1771 2637 1860 2694 διὰ
1889 2646 1999 2695 τῶν

338 2729 661 2785 ἀποστόλων
727 2731 914 2798 αὑτοῦ,
975 2737 1147 2785 πᾶσαν
1194 2727 1288 2800 μὶν
1334 2729 1642 2807 ἀφροσύνην
1679 2729 1998 2802 ἀπολιμπά-

2104 609 2310 648 servus
2342 594 2649 649 nobiscum
2685 599 2776 650 est
2811 601 3113 651 versatus:
3150 597 3443 668 perfectus
3473 597 3764 653 exsistens

2104 681 2163 736 in
2188 682 2514 749 divinitate,
2541 689 2598 739 et
2620 687 2916 756 perfectus
2939 684 2998 740 in
3025 684 3409 741 humanitate.
3441 685 3541 742 Ille
3562 685 3763 759 igitur,

2105 772 2205 842 qui
2255 771 2512 827 Verbum
2565 778 2618 827 et
2673 773 2847 844 Deus,
2880 773 3171 845 sapientia
3202 778 3259 830 et
3288 774 3474 830 virtus
3521 781 3765 846 paterna

2105 859 2352 928 exsistit,
2385 865 2441 916 et
2470 861 2852 934 incorporeus
2893 868 3001 934 est,
3037 867 3100 918 ut
3149 868 3299 920 Deus
3329 868 3387 920 et
3417 864 3584 920 Pater
3612 867 3763 935 ejus,

2103 954 2317 1004 nostrae
2349 950 2560 1006 salutis
2593 969 2792 1022 causa,
2817 969 3029 1025 corpus
3061 952 3118 1007 in
3157 957 3320 1008 utero
3349 952 3543 1008 Mariis
3566 951 3768 1023 Deipa—

2104 1055 2200 1104 rae,
2226 1039 2353 1094 sine
2375 1040 2477 1094 viri
2503 1041 2853 1097 commercio
2881 1042 3206 1109 aedificavit,
3235 1043 3539 1114 factusque
3565 1047 3672 1110 est,
3702 1046 3768 1097 ut

2103 1127 2244 1198 dixi,
2280 1129 2471 1197 homo,
2506 1146 2682 1202 seque
2714 1131 3013 1202 exemplar
3054 1131 3319 1187 exhibuit
3358 1131 3552 1187 omnis
3583 1131 3764 1186 virtu-

2101 1215 2179 1271 tis
2213 1234 2226 1272 :
2263 1223 2327 1272 ut
2357 1219 2457 1290 qui
2511 1219 2679 1291 sequi
2707 1218 3018 1288 voluerint,
3043 1219 3300 1276 habeant
3331 1220 3542 1278 divinaa
3590 1219 3767 1275 veluti

2103 1306 2204 1360 virs
2237 1307 2553 1380 exemplar,
2579 1308 2671 1364 cui
2706 1308 2752 1364 si
2787 1308 3016 1364 similes
3044 1309 3396 1379 efﬁciantur,
3428 1307 3638 1364 divinae
3672 1325 3770 1364 na-

2102 1398 2246 1450 turis
2281 1395 2432 1452 ﬁunt
2462 1397 2800 1468 participes,
2834 1399 3334 1468 quemadmodum
3385 1397 3468 1454 ait
3505 1398 3620 1455 Vas
3650 1397 3764 1454 ele-

2104 1483 2314 1540 ctionis
2349 1501 2398 1539 :c
2429 1486 2756 1542 lmitatores
2789 1487 2903 1542 mei
2945 1492 3150 1552 estote,
3179 1488 3334 1543 sicut
3360 1493 3416 1542 et
3461 1503 3566 1560 ego
3597 1487 3763 1543 Chri-

2107 1571 2181 1627 sti
2205 1573 2269 1626 ³⁸.
2295 1594 2321 1622 ››
2349 1573 2553 1644 Itaque
2586 1579 2720 1644 post
2747 1591 2914 1629 suam
2950 1573 3284 1645 passionem
3307 1578 3363 1629 et
3393 1573 3766 1630 resurrectio-

2107 1678 2240 1717 nem
2273 1661 2584 1733 sapientia,
2619 1663 2826 1728 virtus,
2854 1663 3105 1718 Verbum
3157 1668 3214 1718 et
3258 1662 3432 1732 Deus,
3468 1663 3766 1735 apostolos

2108 1752 2272 1805 misit
2301 1752 2368 1806 ad
2405 1769 2611 1806 omnes
2655 1751 3027 1822 insipientes,
3061 1754 3275 1808 stultos
3320 1753 3544 1808 scilicet
3573 1753 3765 1808 ethni-

2109 1859 2229 1904 cos,
2261 1839 2446 1895 Deum
2499 1842 2834 1912 ignorantes
2869 1860 2880 1896 :
2911 1842 3128 1913 quibus
3170 1858 3434 1898 mensam
3467 1842 3764 1913 apposuit,

2106 1929 2216 1984 hoc
2245 1937 2356 1993 est.
2389 1937 2659 1985 sanctum
2702 1932 2906 1999 altare,
2937 1937 2994 1985 et
3025 1931 3081 1986 in
3114 1946 3180 1987 eo
3215 1947 3424 2002 panem
3469 1930 3763 1987 ccelestem

2107 2025 2164 2074 et
2205 2019 2612 2090 incorruptum
2644 2035 2658 2074 :
2691 2018 2988 2090 omnibus,
3017 2020 3117 2091 qui
3163 2021 3292 2092 ejus
3323 2019 3474 2075 fiunt
3524 2019 3762 2093 particl-

2108 2125 2230 2179 pes,
2264 2109 2443 2164 vitam
2504 2108 2956 2179 impertientem,
2991 2114 3264 2164 sanctum
3311 2109 3587 2166 videlicet
3641 2110 3761 2165 imo

2106 2197 2550 2252 sanctissimum
2603 2198 2789 2269 ipsius
2837 2215 3072 2270 corpus,
3106 2215 3171 2254 ac
3203 2199 3402 2254 vinum
3454 2198 3760 2254 laetiﬁcans

2106 2302 2226 2353 cor,
2258 2285 2602 2357 sobriasque
2633 2287 2883 2342 reddens
2910 2303 3112 2342 eorum
3145 2287 3374 2344 animas
3405 2286 3505 2359 qui
3536 2304 3604 2343 ex
3633 2287 3763 2360 ipso

2107 2375 2546 2447 degustaverint
2572 2393 2584 2430 :
2611 2377 2803 2447 itaque
2825 2392 3000 2431 suum
3024 2377 3376 2447 sanguinem
3399 2376 3574 2432 veluti
3606 2377 3757 2434 165

2109 2463 2167 2517 in
2202 2470 2423 2519 cratere
2457 2466 2686 2535 miscet,
2709 2481 2968 2536 suosque
2995 2483 3097 2537 per
3117 2466 3414 2538 apostolos
3435 2465 3645 2521 invitat
3664 2482 3766 2522 eos

2109 2553 2209 2623 qui
2240 2553 2430 2608 vocati
2483 2558 2622 2608 sunt
2661 2558 2718 2608 et
2755 2553 2944 2623 electi,
2979 2555 3079 2627 qui
3110 2554 3358 2610 dimissa
3402 2554 3768 2627 insipientia,

2109 2640 2274 2712 regni
2323 2640 2600 2696 caelorum
2661 2641 2813 2698 cives
2867 2642 3226 2714 efficiuntur,
3275 2646 3520 2716 ejusque
3567 2660 3768 2701 vocem

2112 2729 2383 2785 audiunt.

339 2840 528 2882 νοντας
561 2823 659 2893 (7),
697 2819 975 2896 βασιλείας
1007 2819 1064 2875 δὲ
1095 2819 1335 2894 οὐρανῶν
1370 2818 1604 2880 πολίτας
1637 2815 2140 2892 ἀναδεικνυμένους,
2169 2816 2296 2878 τοὺς
2347 2816 2717 2879 ὑπακούοντας
2747 2819 2846 2886 τῆς
2879 2825 3064 2896 φωνῆς
3096 2817 3284 2887 αὐτοῦ,

419 2941 499 2994 18.
531 2939 654 3013 Ἀρ.
719 2938 885 2992 εἶπενο
940 2935 1160 3007 Ἐπειδὴ
1223 2937 1299 2999 εἷς
1357 2939 1421 2992 τὸ
1481 2942 1642 3009 σῶμα
1697 2939 1998 3013 συνήγαγες

341 3026 403 3080 τὸ
437 3050 463 3078 ι(
515 3025 712 3102 Κύριος
771 3022 945 3081 ἔκτισέ
996 3047 1083 3100 με,
1137 3051 1164 3077 ››
1225 3024 1434 3088 καλῶς,
1486 3025 1638 3100 κάγὼ
1687 3023 1999 3098 συντίθεμαί

347 3135 428 3169 σοι
461 3112 548 3169 διὰ
574 3123 676 3184 τῆς
729 3113 1006 3192 ἐγγράφου
1063 3115 1382 3190 μαρτυρίας.
1437 3115 1641 3169 Λοιπὸν
1670 3115 1758 3169 καὶ
1793 3114 1854 3168 σὺ
1905 3114 1999 3190 ὀρ-

2183 2938 2268 2992 18.
2306 2938 2396 2992 Ar.
2431 2938 2916 3008 Quandoquidem
2971 2939 3095 2994 haec
3142 2939 3319 2994 verba
3364 2955 3430 2994 τι
3484 2939 3768 2996 Dominus

2109 3027 2323 3082 creavit
2355 3041 2465 3092 me,
2494 3048 2522 3075 ››
2555 3031 2708 3082 recte
2753 3027 2823 3082 de
2863 3044 3103 3099 corpore
3131 3026 3469 3083 intellexisti
3503 3045 3516 3084 :
3550 3027 3767 3084 idcirco

2109 3116 2212 3170 tibi
2247 3115 2538 3171 assentior
2577 3117 2649 3172 ob
2679 3115 2964 3187 scriptum
3003 3117 3432 3173 testimonium.
3469 3117 3670 3173 Restat
3701 3123 3768 3174 ut

346 3201 650 3273 θοπόδησον
685 3202 822 3279 πρὸς
849 3204 948 3272 τήν
984 3203 1242 3274 ἀλήθειαν
1257 3203 1362 3270 ,καὶ
1398 3205 1472 3276 μὴ
1507 3200 1693 3272 ἄλλως
1726 3206 1801 3276 (8)
1833 3202 1996 3257 ποίει.

2117 3211 2270 3260 recta
2298 3205 2369 3260 ad
2402 3205 2705 3260 veritatem
2755 3205 3013 3272 incedas,
3037 3221 3139 3261 nec
3187 3205 3359 3261 aliter
3406 3206 3606 3276 facias,
3637 3206 3764 3263 Ach.

346 3291 459 3354 Ἀθ.
521 3292 655 3346 εἶπε·
708 3291 769 3345 Τί
816 3290 993 3355 θέλεις
1045 3294 1301 3362 ποιήσω;
1353 3295 1526 3367 ’Ὁπερ
1585 3290 1696 3346 ἐστὶ
1753 3295 1821 3365 τῇ
1853 3291 1998 3362 ἀλη-

343 3380 459 3450 θείᾳ
515 3379 699 3458 φίΛον,
759 3379 909 3456 κάγὼ
965 3381 1294 3454 συντίθεμαι.
1347 3387 1472 3456 "Ap.
1516 3383 1650 3435 εἷπε
1687 3380 1995 3454 Μαρτυρίαν

347 3489 431 3523 σοι
481 3468 719 3545 παρέξω,
774 3471 836 3538 ἣν
884 3469 946 3523 οὐ
997 3467 1204 3544 δυνήσῃ
1255 3468 1636 3545 ἀλληγορῆσαι
1667 3473 1764 3543 (9)·
1800 3470 2000 3547 φανερά

342 3557 449 3634 γάρ
476 3557 640 3630 ἐστιν,
675 3558 759 3613 ὅτι
790 3559 916 3633 περὶ
948 3559 1258 3622 οὐσιώσεως
1289 3564 1385 3614 τοῦ
1436 3559 1612 3635 Λόγου
1661 3560 1872 3633 φάσκει.
1923 3559 1998 3621 ὡς

341 3646 578 3716 ἐποιήθη
638 3647 743 3702 ὑπὸ
804 3652 900 3702 τοῦ
958 3647 1189 3720 Πατρός.
1223 3649 1340 3714 Ἀθ,
1373 3650 1541 3702 εἶπεν·
1607 3648 1725 3705 Ἐάν
1764 3670 1856 3721 μοι
1890 3645 1998 3720 δῷς

339 3737 399 3790 ἐκ
454 3740 564 3790 τῶν
627 3735 998 3799 θεοπνεύστων
1048 3741 1268 3814 Γραφῶν
1351 3735 1644 3812 μαρτυρίαν
1705 3740 1816 3807 (10)
1875 3734 1998 3810 περὶ

345 3827 418 3880 ὧν
479 3819 908 3896 διαϐεϐαιοῦσαι,
971 3824 1070 3879 οὐκ
1126 3825 1457 3897 ἀμνημονῶ·
1520 3825 1683 3898 μόνον
1738 3823 1997 3900 πρόσεχε,

353 3913 429 3984 μή
479 3912 747 3988 ἐγράψατε
806 3912 926 3991 ἄρτι
977 3915 1132 3987 ὑμεῖς
1164 3915 1299 3991 πρὸς
1329 3916 1391 3969 τὸ
1424 3915 1685 3990 ὓμέτερον
1718 3913 2000 3990 βούλημα,

347 4002 438 4056 καὶ
471 4002 570 4057 οὐκ
614 4003 884 4079 ἀνέχομαι
939 4005 1006 4059 τὰ
1067 4005 1151 4083 ὑφ’
1213 4006 1364 4079 ὑμῶν
1407 4007 1521 4078 (Η)
1553 4003 1841 4080 λεγόμενα.
1872 4007 1998 4078 "Ap.

350 4093 490 4146 εἷπε·
549 4094 637 4161 Μὴ
695 4093 955 4172 κατάλεγε
1011 4096 1171 4169 ἡμῶν
1219 4096 1293 4157 ὡς
1359 4096 1434 4168 μή
1495 4089 1852 4173 φοϐουμένων
1911 4095 2003 4149 τὸν

351 4180 507 4238 Θεόν.
579 4182 913 4239 Ἀποστόλου
987 4183 1099 4240 ἐστὶ
1177 4185 1356 4258 φωνὴ,
1428 4187 1490 4254 ἣν
1551 4187 1702 4239 εἷπον
1762 4181 2003 4261 προσφέ-

355 4291 464 4347 ρειν
525 4275 656 4342 (12).
716 4274 830 4331 Ἀθ.
891 4276 1029 4329 εἴπεο
1092 4273 1255 4344 Λέξον
1313 4273 1364 4344 ἐξ
1422 4273 1612 4343 αὐτῆς.
1675 4275 2000 4347 Ἀρ.εἴπεν·

353 4360 409 4412 Ὀ
458 4357 874 4438 ἐπιφανέστατος
923 4367 1029 4417 τῶν
1081 4360 1404 4417 ἀποστόλων
1429 4361 1655 4438 Πέτρος,
1705 4359 2004 4437 διαμαρτυ-

349 4447 580 4524 ρόμενος
634 4451 758 4524 περὶ
809 4455 908 4505 τοῦ
964 4450 1330 4526 προκειμένου
1386 4457 1466 4524 τῷ
1526 4451 1771 4528 Ἰσραὴλ,
1832 4451 2005 4513 οὕτως

346 4534 472 4615 ἔφη’
507 4563 536 4590 ι(
574 4539 859 4617 Ἀσφαλῶς
900 4539 992 4594 οὖν
1023 4539 1341 4614 γινωσκέτω
1371 4547 1474 4604 πᾶς
1509 4541 1537 4595 6
1587 4542 1739 4602 οἶκος
1785 4537 2005 4612 Ἰσραὴλ

349 4626 432 4681 ὅτι
489 4627 579 4682 καὶ
610 4627 804 4704 Κύριον
837 4627 996 4684 αὐτὸν
1059 4630 1147 4684 καὶ
1203 4631 1431 4706 Χριστὸν
1461 4631 1490 4685 ὁ
1539 4630 1667 4693 Θεὸς
1701 4629 1942 4700 ἐποίησε.
1981 4652 2008 4680 ››

351 4717 572 4791 Μήτιγι
599 4719 766 4791 ἡμεῖς
797 4715 1195 4794 διεχαράξαμεν
1223 4721 1322 4788 τὴν
1359 4721 1546 4798 φωνὴν
1595 4719 1834 4790 ταύτην;
1890 4721 2007 4775 Ἀθ.

419 4898 466 4934 ³⁸
496 4898 519 4955 Ι
551 4899 683 4956 Cor.
715 4917 797 4965 xx,
830 4902 882 4956 1.
958 4901 1003 4937 ⁸⁷
1033 4903 1160 4960 Act.
1194 4919 1260 4970 ιι,
1293 4903 1385 4961 36.

425 5066 856 5160 (3‘)“A~ngﬂli9."€v
893 5073 1080 5160 μορφῇ
1095 5071 1438 5160 ηόινθρώπου.
1471 5071 1621 5160 μήὸ,
1674 5073 1820 5160 Ηρβζ
1850 5070 2021 5160 Apgl.

355 5135 728 5263 gt'nAugfm‘t
771 5135 904 5203 ’ἶσος
939 5135 1246 5199 ὥνζἘᾶὶιί
1303 5149 1360 5202 et
1407 5143 1618 5217 reliqui
1675 5135 1846 5200 codd.
1900 5135 2020 5204 tes:

444 5229 540 5263 ων.

532 5256 796 5359 August.
820 5279 1148 5359 ὑπόδειγμα,

425 5351 504 5430 (ξ)
536 5351 715 5430 "lnios
747 5355 915 5412 abest
943 5373 978 5412 a
1007 5351 1274 5430 Regioet
1303 5357 1374 5413 ab
1405 5355 1632 5430 Anglic.

427 5424 499 5496 (6)
531 5424 1132 5502 Λιιεηπροστεθεικώξ
1185 5429 1336 5502 (sic).
1395 5424 1556 5502 Infra
1613 5429 1768 5485 idem
1827 5425 2019 5500 όμενος

355 5493 512 5583 Mos",
539 5493 710 5583 αὐῐοῤ
742 5493 877 5583 post.
905 5500 1166 5583 πανᾴγιον
1192 5493 1366 5583 deest
1397 5501 1634 5583 in“A.u_g.
1683 5576 1693 5583 _

427 5568 505 5637 (7)
537 5573 625 5624 Ῑῐει
654 5568 873 5643 Regius
916 5577 974 5627 et
1021 5568 1433 5645 A'ugustanus,
1462 5568 1614 5628 Editi
1645 5576 1702 5627 et
1733 5571 1852 5640 alii,
1885 5569 2024 5624 ἀπο-

353 5633 713 5704 λιμπάνουσι.
756 5647 884 5699 Mox
928 5643 1094 5704 Rem.
1147 5640 1646 5704 ἀναδεικνυμένους.
1690 5643 1863 5704 Editi,
1897 5642 2022 5696 ἀνα-

355 5659 412 5691 Αι
463 5659 713 5694 πανουσι.
756 5659 884 5699 ΜΟΧ
931 5659 1094 5716 ηθε.,
1147 5659 1646 5715 ανασεικνυμενους.
1692 5659 1863 5711 nam),

355 5659 612 5769 δείκνυσι.
639 5713 816 5772 Basil.
850 5711 1276 5771 ἀναδεικνύουσι.

682 5845 945 5907 Panos.
995 5846 1104 5909 Gn.
1154 5844 1429 5910 XXVIII.

2111 3295 2256 3362 Quid
2293 3310 2385 3349 me
2427 3295 2516 3349 vis
2566 3294 2798 3350 facere?
2846 3295 3140 3365 Quidquid
3164 3295 3392 3350 veritati
3442 3302 3677 3368 gratum
3710 3301 3769 3352 et

2111 3383 2364 3438 amicum
2415 3384 2545 3448 erit,
2597 3384 2920 3454 amplectar
2978 3383 3389 3440 libentissime.
3422 3386 3511 3440 Ar.
3546 3385 3765 3441 Locum

2109 3473 2214 3527 tibi
2243 3472 2685 3544 aiferam,quem
2713 3472 3022 3543 allegorice
3054 3489 3167 3528 non
3203 3474 3420 3544 poteris
3441 3490 3726 3546 exponere
3750 3491 3764 3530 :

2110 3562 2327 3616 diserte
2358 3561 2513 3616 enim
2547 3562 2715 3617 docet
2763 3561 2948 3632 ipsam
3000 3561 3173 3616 Verbi
3222 3562 3541 3618 essentiam
3574 3579 3703 3620 esse
3734 3581 3770 3618 a

2113 3653 2280 3704 Patre
2311 3649 2545 3704 factam.
2575 3651 2700 3705 Ath.
2733 3651 2792 3706 Si
2825 3649 2970 3704 mihi
3013 3667 3082 3706 ex
3131 3650 3299 3707 libris
3329 3651 3525 3706 divino
3555 3651 3766 3708 instin-

2110 3744 2204 3794 ctu
2255 3738 2490 3808 scriptis
2542 3739 2814 3794 attuleris
2864 3740 3292 3808 testimonium,
3328 3746 3391 3795 ut
3441 3743 3649 3812 probes
3707 3741 3767 3797 id

2112 3829 2267 3898 quod
2301 3827 2630 3894 contendis,
2665 3844 2779 3883 non
2813 3843 2919 3900 ego
2951 3829 3290 3901 repugnabo
3316 3845 3328 3884 :
3353 3829 3768 3885 tantummodo

2113 3918 2364 3980 attende,
2401 3932 2470 3971 ne
2501 3933 2600 3971 vos
2643 3916 2834 3973 locum
2870 3917 2938 3972 ad
2972 3922 3230 3974 vestrum
3283 3918 3589 3974 arbitrium
3624 3918 3767 3974 scri-

2112 4006 2347 4076 pseritis
2380 4023 2392 4061 :
2429 4005 2684 4077 alioquin
2738 4023 2865 4078 quis
2915 4023 2948 4061 a
2985 4006 3152 4063 vobis
3203 4007 3490 4076 dicentur,
3525 4006 3769 4062 minimo

2113 4095 2318 4150 feram.
2354 4096 2444 4149 Ar.
2473 4094 2602 4150 Noli
2650 4095 2820 4153 nobis
2870 4095 3216 4163 obtrectare,
3249 4101 3534 4169 tanquam
3587 4098 3768 4152 Deum

2113 4201 2229 4239 non
2265 4183 2628 4240 timentibus.
2662 4183 2782 4240 Vox
2825 4189 2915 4240 est
2962 4185 3227 4256 Apostoli
3261 4202 3436 4257 quam
3471 4186 3771 4258 proferen-

2116 4274 2247 4328 dam
2282 4272 2418 4328 dixi.
2454 4275 2573 4328 Alli.
2607 4273 2807 4329 Profer
2842 4290 2980 4346 ergo
3024 4274 3234 4345 ipsam.
3269 4278 3361 4330 Ar.
3398 4275 3603 4331 Petrus
3633 4292 3772 4349 apo-

2117 4363 2400 4418 stolorum
2435 4362 2826 4433 clarissimus,
2863 4363 3059 4418 lsraeli
3091 4363 3162 4418 de
3192 4380 3253 4419 re
3285 4364 3585 4436 praposita
3615 4364 3776 4420 testi-

2118 4453 2320 4520 ﬁcans,
2356 4453 2439 4507 sic
2471 4451 2734 4524 loquitur
2765 4468 2776 4506 :
2803 4475 2831 4501 ‹‹
2865 4451 3206 4507 Cestissime
3237 4469 3374 4523 ergo
3405 4453 3552 4508 sciat
3579 4452 3775 4509 omnis

2118 4541 2332 4596 domus
2369 4539 2563 4606 Israel,
2589 4541 2724 4610 quia
2754 4546 2810 4595 et
2853 4541 3168 4596 Dominum
3219 4557 3354 4596 eum
3388 4547 3444 4596 et
3473 4539 3774 4598 Christum

2120 4630 2278 4685 Deus
2311 4631 2445 4685 fecit
2463 4631 2526 4684 ⁸⁷.
2555 4653 2580 4678 ››
2613 4630 2892 4702 Nunquid
2942 4646 3050 4685 nos
3091 4630 3242 4686 hanc
3281 4646 3483 4686 vocem
3517 4632 3775 4686 exaravi-

2123 4719 2306 4775 mus?
2352 4721 2473 4776 Alli.
2526 4720 2654 4775 Non
2701 4720 3008 4786 exarastis,
3059 4721 3161 4775 sed
3221 4719 3621 4778 adulterastis.
3679 4722 3776 4780 Ar.

2208 5070 2282 5210 (8)
2318 5070 2577 5195 Aug.
2611 5068 2802 5132 οὕτως.

2208 5142 2255 5210 (9
2305 5144 2450 5210 Aug.
2520 5148 2794 5210 ντερῆσαι.

2204 5141 2277 5218 (9.)
2305 5141 2450 5218 Aug.
2485 5141 2794 5218 ἀντερῆσαι.
2827 5144 3006 5202 Paulo
3055 5153 3205 5218 post,
3239 5147 3416 5214 idem,
3451 5143 3524 5206 ὡς
3563 5141 3780 5216 ἐκτίσθη

2251 5212 2265 5230 \

2130 5214 2274 5287 παρά
2300 5216 2401 5287 τοῦ
2434 5214 2663 5287 Πατρός.

2203 5280 2514 5372 (1‘0)AAug.
2549 5280 2888 5372 Lyaprupiac.
2919 5288 3116 5372 ~lbid_..
3158 5289 3300 5372 Reg:
3357 5280 3784 5372 διαξεϐαιρςῑται,

2133 5355 2487 5430 ῙὺῖάζΑυεί
2512 5355 2611 5412 οὐκ
2647 5355 3012 5430 ἀμνημονῶν.
3061 5360 3192 5416 Mox
3240 5355 3418 5427 idem,
3461 5355 3787 5434 ἔγγράψητε,

2131 5434 2209 5495 et,
2241 5425 2530 5503 ἡμέτερον.
2889 5501 2926 5503 _
2954 5501 2989 5503 μ
3030 5501 3038 5503 _
3273 5501 3284 5503 _

2204 5501 2318 5570 (11)
2349 5501 2444 5556 Sic
2474 5517 2680 5557 omnes
2711 5517 2854 5556 mss.
2888 5501 3040 5555 Editi
3073 5517 3227 5565 vero,
3261 5501 3445 5570 ἡμῶν.

2205 5571 2486 5648 (12)_Heg.
2535 5580 2591 5629 et
2649 5581 2797 5643 Aug.
2846 5571 3156 5648 προφέρειν.
3208 5573 3313 5628 Ed.
3363 5589 3497 5630 vero
3553 5577 3611 5628 et
3663 5571 3786 5639 alii,

2132 5641 2476 5719 προσφέρειν.

3396 5843 3470 5904 15
