4170 6382
376 412 499 472 459

1543 405 1604 470 8.
1653 406 2174 471 ATHANASIUS.
2208 442 2281 453 —
2314 406 2625 473 SPURIA.

3691 413 3813 479 460

375 548 454 605 Te
482 545 829 603 conclusum
873 544 1054 612 vides,
1088 546 1145 600 et
1176 543 1247 599 ad
1278 540 1530 615 injurias
1560 546 1617 597 te
1647 542 1846 598 vertis.
1880 542 2029 608 Quin

2147 540 2313 597 εἶπεν.
2347 541 2471 618 Οὐχ
2500 543 2657 616 ὑμεῖς
2695 543 2992 621 ἐχαράξατε
3045 545 3240 615 αὐτὴν,
3295 544 3442 603 ἄλλὰ
3488 549 3806 624 παρεχαρά-

377 637 597 711 potius,
630 635 681 692 si
729 635 911 702 vales,
944 634 1015 689 ad
1071 633 1187 688 haec
1237 632 1546 705 responde,
1580 629 1669 686 vel
1718 636 1924 703 sponte
1964 632 2034 686 ad

375 728 680 782 veritatem
718 726 980 798 profuge.
1023 722 1148 778 Ath.
1186 722 1424 794 Perlege
1454 722 1751 793 integrum
1804 721 2033 793 capitu-

379 815 526 870 lum.
573 815 671 870 Ar.
715 837 742 864 «
784 811 1121 895 Certissime
1179 827 1315 882 ergo
1373 810 1520 865 sciat
1576 812 1768 865 omnis
1824 810 2038 863 domus

379 904 582 972 Israel,
601 903 739 977 quia
767 907 825 958 et
850 901 1160 958 Dominum
1187 917 1321 956 eum
1347 899 1642 955 Christum
1673 900 1820 954 Deus
1845 899 2035 953 fecit.»

377 994 504 1052 Ath.
541 992 669 1051 Noli
714 992 1028 1064 Scriptura:
1076 992 1252 1046 verba
1301 988 1595 1045 mutilare.
1633 988 1936 1043 Enimvero
1985 988 2035 1043 si

379 1101 593 1157 corpus
624 1086 841 1152 manet,
874 1086 940 1137 ut
970 1081 1156 1153 primo
1205 1079 1515 1134 formatum
1566 1082 1676 1148 est,
1710 1079 2034 1133 formosum

379 1178 535 1231 certe
562 1176 652 1229 est
685 1190 697 1230 :
731 1176 790 1227 at
819 1170 870 1227 si
902 1187 1002 1243 per
1049 1174 1245 1243 partes
1293 1167 1682 1232 discindatur,
1715 1165 2034 1222 avellatur-

381 1281 496 1337 que
554 1278 790 1329 manus,
848 1276 949 1333 pes
998 1259 1086 1315 vel
1137 1258 1384 1331 digitus,
1437 1256 1688 1312 informe
1747 1255 2032 1311 redditur.

379 1353 665 1422 Quocirca
710 1349 890 1407 recita
935 1349 1246 1421 Scriptura:
1285 1347 1463 1402 verba
1510 1363 1635 1415 quae
1681 1350 2031 1417 sequuntur.

376 1444 473 1500 Ar.
506 1442 637 1498 Haec
664 1445 803 1497 sunt
836 1456 849 1494 :
876 1462 904 1490 ‹‹
936 1438 1141 1494 Jesum
1174 1453 1348 1504 quem
1380 1451 1482 1490 vos
1512 1434 1907 1490 cruciﬁxistis.
1932 1456 1959 1482 υ

2147 629 2268 699 ξατε
2322 632 2457 705 (13).
2517 637 2646 707 "Ap.
2698 633 2864 690 εἶπεν.
2917 634 3259 711 Ἐθεώρησας
3325 638 3797 715 περιγραφόμενον

2148 719 2386 786 σεαυτὸν,
2417 720 2505 775 καὶ
2540 721 2613 784 εἰς
2645 717 2827 798 ὕϐρεις
2860 724 3120 800 ἐτράπης.
3154 723 3384 782 Μᾶλλον
3419 723 3497 794 δὲ,
3540 727 3589 782 εἷ’
3635 724 3797 782 δύνα-

2148 828 2256 880 σαι,
2288 806 2415 886 λέγε
2444 811 2578 886 πρὸς
2607 817 2793 884 ταῦτα,
2828 814 2863 883 ἢ
2896 813 3280 888 αὐτομόλησον
3334 816 3469 891 πρὸς
3511 817 3610 886 τήν
3663 816 3799 889 ἀλή-

2146 899 2312 955 θειαν.
2385 901 2495 964 Ἀθ.
2575 900 2740 957 εἶπεν·
2804 904 3103 979 Ἀνάγνωθι
3162 904 3227 959 τὸ
3285 904 3581 984 κεφάλαιον
3637 905 3793 963 ὅλον.

2145 988 2269 1063 Ἃρ.
2332 988 2498 1044 εἶπεν·
2558 1016 2585 1041 ‹‹
2648 991 2939 1070 ’Δσφαλῶς
3002 993 3097 1047 οὗν
3165 996 3278 1068 (14)
3335 994 3642 1071 γινωσκέτω
3693 1001 3797 1057 πᾶς

2147 1077 2295 1139 οἶκος
2356 1078 2597 1155 Ἰσραὴλ,
2657 1079 2742 1136 ὅτι
2798 1080 2887 1136 καὶ
2947 1082 3143 1158 Κύριον
3203 1083 3294 1137 καὶ
3357 1084 3583 1160 Χριστὸν
3632 1084 3789 1140 αὐτὸν

2144 1164 2394 1237 ἐποίησεν
2456 1170 2484 1224 6
2533 1169 2684 1233 Θεός.
2739 1194 2767 1223 ››
2819 1172 2933 1228 ³Δθ,
2976 1174 3112 1227 εἴπεο
3165 1175 3253 1243 Μὴ
3304 1172 3677 1250 ἀκρωτηρίαζε
3729 1176 3796 1230 τὰ

2146 1255 2367 1331 ῥήματα
2421 1265 2522 1328 τῆς
2574 1264 2813 1339 Γραφῆς.
2867 1261 2967 1319 Καὶ
2995 1263 3099 1338 γὰρ
3130 1262 3194 1318 τὸ
3225 1268 3386 1336 σῶμα
3416 1264 3490 1325 ὡς
3522 1264 3667 1340 παρὰ
3693 1265 3791 1333 τὴν

2146 1344 2324 1431 ᾀρχὴν
2378 1345 2645 1421 ἐπλάσθη,
2689 1350 2776 1404 ἐὰν
2832 1349 3007 1425 μείνῃ,
3058 1351 3332 1431 εὔμορφον
3376 1354 3659 1429 τυγχάνει·
3708 1353 3796 1408 ἐὰν

2147 1430 2204 1489 δὲ
2256 1438 2402 1513 παρᾶ
2454 1436 2620 1511 μέλος
2663 1439 2906 1515 γένηται,
2950 1443 3194 1497 τουτέστι
3239 1430 3422 1520 χεῖρα,
3469 1445 3505 1513 ἢ
3553 1441 3715 1513 πόδα,
3766 1445 3800 1513 ἦ

381 1527 670 1598 δάκτυλον,
704 1528 959 1603 ἄσχημον
993 1524 1283 1581 δείκνυται.
1317 1524 1484 1580 Εἶπον
1518 1522 1609 1578 οὗν
1644 1520 1732 1576 καὶ
1762 1522 1829 1576 τὰ
1858 1520 2097 1595 ἑπόμενα
2133 1528 2241 1578 τῶν
2273 1531 2499 1605 Γραιρῶν
2532 1531 2666 1603 (15),
2700 1532 2824 1605 "Ap.
2855 1531 2987 1586 εἶπε·
3024 1533 3308 1606 Τουτέστι,
3344 1557 3371 1587 ι(
3417 1534 3517 1588 Τὸν
3561 1535 3798 1605 Ἰησοῦν,

378 1619 437 1676 6'v
472 1621 626 1695 ὑμεῖς
655 1619 1045 1694 ἐσταυρώσατε.
1082 1642 1109 1669 ››

456 1710 540 1766 19.
566 1710 690 1766 Ath.
724 1710 866 1776 Quis
913 1712 1003 1764 est
1049 1707 1148 1779 qui
1199 1705 1512 1761 cruciﬁxus
1558 1708 1667 1770 est,
1699 1702 2035 1759 Verbumne

378 1802 554 1870 Deus,
584 1818 658 1857 an
689 1816 901 1873 corpus
932 1797 1088 1870 quod
1118 1795 1376 1851 Verbum
1423 1799 1572 1849 Deus
1601 1810 1665 1848 ex
1702 1790 1884 1847 Maria
1913 1790 2033 1846 vir-

376 1890 513 1965 gine
570 1887 832 1962 accepit?
879 1888 971 1941 Ar.
1031 1885 1184 1941 Num
1243 1889 1306 1940 tu
1360 1882 1615 1940 Verbum
1668 1897 1782 1936 non
1834 1880 2036 1935 fateris

384 1980 569 2037 fuisse
599 1976 989 2034 cruciﬁxum?
1034 1974 1154 2031 Ath.
1189 1974 1306 2046 Ego
1350 1978 1527 2028 Deum
1558 1970 1811 2028 Verbum
1861 1968 2040 2024 conﬁ-

385 2077 513 2127 teor
541 2067 844 2125 hominem
894 2065 1137 2131 factum,
1169 2079 1342 2119 carne
1388 2078 1517 2118 esse
1545 2059 1910 2115 cruciﬁxum.
1943 2057 2038 2112 Ar.

388 2158 538 2227 Quid
571 2162 681 2226 est,
714 2154 931 2213 carne?
953 2170 1147 2210 nonne
1175 2151 1430 2208 Verbum
1476 2165 1715 2222 passum
1750 2146 1886 2202 est?
1917 2148 2037 2202 Ath.

391 2249 479 2306 Tu
512 2254 709 2304 autem
738 2246 878 2318 quid
910 2243 1130 2301 sentias
1160 2242 1417 2314 primum
1449 2240 1647 2295 fatere.
1675 2239 1765 2293 Ar.
1800 2236 2038 2292 Etiamsi

390 2344 453 2395 tu
486 2355 603 2394 non
636 2337 818 2404 dicas,
852 2352 955 2407 ego
985 2335 1213 2391 afﬁrmo
1242 2330 1496 2387 Verbum
1539 2346 1656 2384 una
1694 2344 1827 2383 cum
1869 2341 2042 2382 carne

388 2426 570 2485 clavis
601 2426 784 2482 fuisse
810 2425 1050 2481 aiﬁxum
1073 2428 1131 2478 et
1151 2437 1392 2495 passum
1422 2408 1572 2475 esse.
1600 2417 1732 2473 ΑεΙι.
1759 2413 2043 2471 Parabola

388 2517 496 2574 tibi
527 2514 1058 2573 demonstrandum
1099 2515 1208 2579 est,
1244 2517 1442 2566 utrum
1473 2507 1726 2563 Verbum
1781 2511 1839 2561 et
1886 2505 2042 2561 Deus

385 2623 601 2680 passus
649 2605 745 2661 sit.
779 2604 872 2660 Ar.
906 2602 1008 2658 Dic
1056 2600 1212 2673 quod
1263 2598 1443 2654 lubet.
1477 2595 1597 2652 Ath.
1631 2594 1839 2650 Vidisti
1890 2611 2040 2649 nun-

386 2712 565 2768 quam
600 2693 936 2767 quempiam
969 2690 1126 2746 cruci
1158 2688 1397 2744 afﬁxum
1419 2691 1442 2743 Ρ
1468 2687 1562 2741 Ar.
1599 2685 1681 2739 Ita
1719 2700 1881 2740 sane.
1913 2682 2035 2737 Ath.

325 2788 334 2799 ⁸
384 2785 539 2843 Num
571 2800 709 2857 ergo
740 2780 1001 2854 quandiu
1037 2795 1250 2850 corpus
1279 2775 1456 2832 clavis
1502 2775 1562 2829 in
1613 2788 1785 2829 cruce
1814 2771 2039 2827 detine-

382 2879 500 2942 tur,
525 2873 724 2929 anima
770 2869 950 2927 simul
1001 2869 1313 2934 detinetur,
1348 2881 1453 2920 nec
1493 2882 1526 2920 ii
1557 2878 1797 2934 corpore
1846 2865 2040 2933 potest

382 2960 694 3020 recedere?
717 2967 811 3018 Ar.
835 2959 1074 3016 Recedit
1105 2972 1240 3013 cum
1272 2954 1471 3010 anima
1500 2953 1579 3008 sit
1608 2953 1875 3024 spiritus.
1904 2951 2033 3006 ΑιΙι.

384 3052 445 3111 Si
479 3051 712 3122 recedit,
744 3049 970 3107 clarum
1015 3050 1104 3104 est
1131 3062 1261 3101 eam
1291 3043 1352 3098 in
1385 3046 1555 3098 cruce
1604 3058 1717 3096 non
1765 3039 2033 3107 detineri,

383 3142 442 3199 id
474 3146 582 3209 est,
605 3140 665 3196 in
697 3139 858 3212 ligno
889 3141 948 3194 et
986 3134 1189 3202 clavis,
1221 3132 1377 3206 quod
1423 3131 1658 3204 quidem
1692 3145 1892 3185 verum
1924 3133 2032 3185 est.

380 3232 527 3289 Nam
559 3245 799 3303 corpore
846 3227 906 3283 in
956 3240 1127 3282 cruce
1158 3225 1414 3287 detento,
1446 3219 1665 3282 anima,
1696 3236 1820 3289 quas
1851 3218 2035 3274 libera

2220 1706 2303 1762 19.
2339 1706 2456 1764 Ἀθ,
2517 1709 2657 1763 εἶπε·
2724 1709 2822 1773 Τίς
2872 1709 3011 1765 ἐστιν
3062 1713 3090 1766 6
3145 1714 3472 1788 σταυρωθεὲς
3531 1714 3558 1768 6
3618 1713 3795 1790 Λόγος

2145 1794 2295 1861 Θεὸς,
2345 1796 2379 1864 ἣ
2418 1796 2481 1850 τὸ
2535 1802 2694 1871 σῶμα
2737 1796 2869 1875 ὅπερ
2914 1801 2941 1854 6
2992 1802 3167 1876 Λόγος
3211 1803 3339 1863 Θεὸς
3370 1803 3429 1857 ἐκ
3454 1801 3661 1877 Μαρίας
3692 1805 3793 1872 τῆς

2145 1883 2411 1958 παρθένου
2460 1881 2689 1955 ﬁdem;
2741 1889 2864 1964 Ἃρ.
2913 1888 3045 1944 εἶπε·
3082 1889 3158 1945 Σὺ
3187 1890 3277 1945 τὸν
3312 1891 3486 1966 Λόγον
3521 1890 3628 1967 οὐχ
3658 1892 3794 1966 ὁμο-

2152 1971 2338 2048 λογεῖς
2392 1973 2794 2051 ὲσταυρῶσθαι;
2846 1979 2961 2036 ’Λθ.
3012 1977 3177 2034 εἶπενο
3229 1980 3373 2055 Ἐγὼ
3402 1981 3493 2034 τὸν
3527 1981 3654 2035 Θεὸν
3689 1979 3796 2035 Λό-

2150 2083 2246 2137 γον
2326 2061 2611 2140 ὁμολογῶ,
2691 2062 2973 2143 ἅνθρωπον
3047 2068 3362 2145 γενόμενον,
3432 2068 3803 2143 ἐσταυρῶσθαι

2151 2151 2357 2243 σαρκί..
2380 2159 2503 2229 "Ap.
2562 2155 2695 2211 εἶπε·
2746 2156 2810 2211 Τί
2860 2156 2971 2212 ἐστι
3019 2158 3175 2233 σαρκί
3200 2178 3212 2227 ;
3241 2157 3377 2234 -οὖχ
3405 2158 3434 2213 6
3467 2158 3638 2235 Λόγος
3670 2156 3800 2214 ἔπα-

2152 2251 2276 2308 θεν;
2329 2242 2444 2298 Ἀθ.
2498 2243 2633 2299 εἴπεο
2687 2244 2763 2299 Σὺ
2811 2245 2863 2301 τί
2912 2253 3127 2323 φρονεῖς
3179 2246 3531 2323 ὁμολόγησον
3564 2247 3615 2302 έν
3644 2247 3799 2324 πρώ-

2150 2350 2283 2393 τοις,
2318 2332 2442 2405 Ἀρ.
2496 2332 2630 2389 εἶπε·
2685 2334 2787 2389 Κᾶν
2840 2336 2916 2408 μή
2966 2335 3028 2390 σὺ
3072 2335 3254 2413 λέγῃς,
3286 2336 3405 2412 ἐγώ
3429 2359 3595 2414 φημι,
3629 2337 3657 2390 6
3694 2335 3804 2391 Λό-

2148 2441 2242 2495 γος
2321 2420 2751 2496 συγκαθηλώθη,
2825 2424 2914 2479 καὶ
2989 2424 3250 2491 συνέπαθε
3312 2430 3383 2500 τῇ
3443 2424 3622 2502 σαρκί.
3685 2426 3804 2490 ’Λθ.

2151 2508 2307 2589 εἶπε.Δ
2339 2514 2436 2566 Διὰ
2477 2508 2801 2586 παραϐολῆς
2853 2514 2966 2590 χρὴ
3009 2523 3349 2585 παραστῆσαι
3378 2516 3477 2584 τὴν
3505 2513 3804 2585 ἀπόδειξιν,

2150 2598 2195 2653 εί
2253 2601 2515 2665 πέπονθεν
2575 2603 2603 2657 6
2665 2602 2839 2678 Λόγος
2890 2604 2981 2659 καὶ
3039 2606 3189 2668 Θεός.
3235 2608 3361 2681 "Ap.
3416 2606 3552 2660 εἷπε·
3605 2604 3803 2680 Λέγεὸ

2154 2687 2363 2763 βούλει.
2423 2691 2607 2748 Ἀθαν.
2665 2692 2800 2747 εἷπε·
2852 2698 3079 2769 Σταυρῷ
3127 2692 3561 2770 προσηλωμένον
3596 2693 3796 2749 ἐθεάσω

2148 2778 2316 2847 ποτέ;
2379 2779 2593 2853 Ἄρειος
2658 2779 2792 2835 εἶπε·
2848 2781 2971 2838 Ναί.
3025 2783 3209 2838 Ἀθαν.
3272 2782 3437 2837 εἶπεν·
3488 2786 3626 2859 Ἀρα
3688 2778 3794 2843 ἕως

2148 2864 2236 2922 ὅτε
2263 2865 2325 2921 τὸ
2359 2871 2517 2941 σῶμα
2574 2871 2685 2941 (16)
2729 2871 3030 2945 κεκράτητο
3083 2870 3184 2925 ὑπὸ
3238 2874 3346 2924 τῶν
3391 2868 3544 2939 ἥλων
3578 2869 3665 2924 ἐπὶ
3695 2872 3793 2924 τοῦ

2146 2961 2378 3033 σταυροῦ
2424 2958 2513 3012 καὶ
2561 2960 2595 3026 ἡ
2636 2959 2790 3033 ψυχὴ
2832 2958 3117 3034 κατείχετο
3171 2960 3247 3032 μὴ
3279 2955 3546 3032 δυναμένη
3579 2958 3795 3033 ἀναχω-

2146 3052 2307 3119 ρῆσαι
2368 3046 2472 3100 ἀπὸ
2518 3050 2615 3100 τοῦ
2683 3047 2980 3118 σώματος,
3045 3049 3163 3123 "Ap.
3235 3050 3401 3103 εἶπεν·
3473 3049 3798 3124 Ἀναχωρεῖ,

2145 3131 2333 3203 ἐπειδὴ
2395 3138 2607 3207 πνεῦμα
2651 3136 2911 3211 τυγχάνει
2965 3139 3000 3205 ἡ
3041 3138 3218 3212 ψυχή.
3269 3138 3450 3194 Ἀθαν.
3511 3136 3673 3192 εἶπεν·
3740 3136 3799 3192 Εἰ

2145 3222 2438 3298 ἀναχωρεῖ,
2468 3220 2637 3293 δῆλόν
2670 3222 2833 3292 ἐστιν,
2864 3224 2947 3280 ὅτι
2979 3225 3041 3279 οὐ
3066 3231 3341 3300 κρατεῖται
3391 3224 3478 3280 ἐπὶ
3508 3231 3605 3281 τοῦ
3640 3246 3800 3282 σταυ-

382 3286 472 3378 est
501 3286 611 3377 nec
635 3286 883 3376 detineri
915 3319 1125 3388 potest,
1158 3326 1398 3384 corpore
1428 3309 1647 3375 relicto,
1680 3286 1929 3364 discedit
1959 3309 2030 3363 ad

2148 3316 2266 3387 ροῦ,
2295 3314 2443 3367 τοῦτ’
2473 3309 2611 3367 ἔστιν
2648 3313 2733 3368 ἐπὶ
2764 3318 2860 3369 τοῦ
2893 3313 3058 3385 ξύλου
3089 3315 3178 3370 καὶ
3208 3318 3316 3370 τῶν
3348 3314 3527 3384 ἥλων,
3566 3315 3656 3370 καὶ
3705 3314 3799 3369 οὕ-

381 3426 557 3467 suum
588 3408 803 3466 locum.
828 3407 920 3461 Ar.
947 3405 1008 3460 Id
1035 3404 1116 3458 ita
1139 3418 1199 3457 se
1223 3400 1421 3456 habet.
1457 3403 1589 3454 Αιη.
1616 3398 1777 3462 Quod
1812 3396 1861 3452 si
1893 3413 2031 3469 ergo

378 3500 440 3556 in
471 3498 858 3555 condemnato
890 3493 1128 3550 homine
1149 3488 1420 3547 concedis
1443 3488 1700 3543 animam
1736 3485 1881 3542 nihil
1914 3485 2030 3558 pati

380 3587 653 3661 praesenti
685 3584 947 3657 corporis
978 3578 1299 3653 supplicio;
1332 3576 1625 3651 quomodo
1657 3575 1744 3632 ais
1773 3575 2029 3631 Verbum

377 3683 437 3734 et
470 3682 651 3734 Deum
683 3672 863 3731 simul
893 3688 1027 3728 cum
1059 3685 1300 3741 corpore
1331 3666 1513 3723 fuisse
1542 3665 1721 3721 clavis
1752 3662 2033 3720 afﬁxum?

374 3767 471 3824 Ar.
506 3770 717 3822 Demus
747 3779 883 3836 ergo
916 3760 1071 3817 166
1103 3763 1285 3815 Deum
1312 3756 1567 3811 Verbum
1621 3771 1736 3810 non
1784 3769 2029 3826 passum

375 3872 506 3913 esse
559 3871 678 3911 una
724 3869 859 3909 cum
908 3864 1169 3922 corpore.
1201 3845 1323 3902 Ath.
1356 3845 1541 3917 Igitur
1583 3842 1885 3915 apostolus
1926 3848 2030 3898 Pe-

373 3951 503 4003 trus
534 3942 876 4001 cautissime
928 3939 1158 3996 locutus
1196 3939 1306 4003 est,
1339 3934 1634 3991 neminem
1664 3932 1863 3989 volens
1911 3949 2031 4005 prae

376 4033 712 4109 ignorantia
741 4031 949 4103 perire.
983 4030 1126 4086 Cum
1166 4024 1323 4083 enim
1370 4023 1473 4078 ﬁlii
1527 4020 1702 4078 Israel
1730 4023 2024 4080 Christum

378 4123 806 4182 arbitrarentur
864 4119 1158 4175 hominem
1204 4129 1334 4172 esse
1391 4112 1563 4168 nobis
1608 4110 1885 4184 similem,
1917 4129 2025 4169 suo

377 4213 478 4269 ille
508 4209 844 4268 testimonio
887 4206 1220 4272 declaravit,
1252 4203 1421 4259 illum
1465 4201 1714 4257 electum
1746 4200 1844 4257 Dei
1874 4218 2023 4270 esse,

378 4301 619 4374 hincque
660 4304 829 4357 erant
857 4316 983 4371 quae
1016 4296 1208 4353 aiebat
1239 4310 1252 4347 :
1283 4290 1556 4358 Quamvis
1589 4307 1708 4355 vos,
1743 4295 1807 4346 ut
1836 4291 2024 4348 homi-

2138 3422 2247 3463 τως
2302 3397 2439 3477 ἔχει.
2489 3405 2593 3456 Τοῦ
2641 3403 2744 3478 γὰρ
2795 3402 3051 3475 σώματος
3108 3403 3504 3479 κατεχομένου,
3558 3404 3593 3473 ἡ
3644 3402 3798 3478 ψυχὴ

2137 3490 2201 3544 τὸ
2261 3489 2545 3564 ἐλεύθερον
2606 3487 2809 3567 ἔχουσα
2864 3491 2953 3546 καὶ
3001 3493 3064 3547 τὸ
3090 3492 3397 3566 ἄκρατητον
3428 3488 3798 3565 καταλείψασα

2137 3578 2201 3633 τὸ
2251 3583 2430 3651 σῶμα,
2483 3578 2767 3655 πορεύεται
2827 3580 2902 3642 εἷς
2952 3581 3042 3635 τὸν
3098 3581 3292 3650 ἑαυτῆς
3320 3580 3506 3635 τόπον·
3536 3581 3658 3654 Ἀρ.
3720 3579 3797 3634 εἷ.

2139 3689 2256 3726 πεν.
2289 3665 2477 3729 Οὕτως
2535 3668 2645 3723 ἐστὶ
2692 3668 2781 3723 καὶ
2831 3672 3014 3726 τοῦτο.
3067 3670 3247 3725 Ἀθαν.
3284 3669 3450 3724 εἶπεν.
3484 3668 3553 3725 Εἴ
3581 3667 3671 3722 οῦν
3706 3667 3794 3722 ἐπὶ

2138 3755 2429 3834 ἀνθρώπου
2475 3754 2768 3811 καταδίκου
2822 3752 3027 3819 ἔδωκας
3082 3759 3158 3830 μὴ
3212 3756 3440 3833 πάσχειν
3472 3758 3571 3826 τὴν
3605 3758 3789 3832 ψυχὴν

2137 3845 2189 3900 ὲν
2226 3849 2296 3919 τῇ
2345 3845 2592 3921 παρούσῃ
2638 3849 2925 3919 σωματικῇ
2969 3842 3257 3921 καταδίκῃ,
3305 3850 3424 3907 πῶς
3468 3846 3559 3900 τὸν
3614 3844 3791 3920 Λόγον

2135 3935 2226 3990 καὶ
2258 3935 2386 3991 Θεὸν
2443 3931 2576 4013 ἔφης
2628 3937 3021 4012 συμπεπῆχθαι
3068 3940 3148 4007 τῷ
3190 3935 3403 4009 σώματι
3433 3962 3447 4004 ς
3479 3940 3603 4007 ’¹Αρ.
3656 3935 3798 3990 εἶπε·

2139 4022 2387 4081 Δεδόσθω
2441 4026 2516 4098 μή
2577 4026 3005 4099 συμπεπονθέναι
3041 4026 3131 4081 τὸν
3185 4025 3313 4081 Θεὸν
3359 4025 3532 4101 Λόγον
3562 4029 3643 4080 τῶ
3684 4025 3791 4079 σώ-

2141 4137 2289 4189 ματι.
2343 4116 2455 4172 ’Δθ.
2506 4113 2671 4170 εἶπενο
2723 4114 2932 4173 Οὐκοῦν
2982 4117 3010 4171 6
3041 4113 3348 4179 ἀπόστολος
3379 4115 3579 4191 Πέτρος
3612 4115 3791 4192 ἠσφα-

2136 4201 2327 4259 λίσατο
2356 4205 2447 4259 τὸν
2478 4203 2665 4281 λόγον,
2702 4205 2778 4277 μὴ
2832 4204 3171 4281 βουλόμενός
3218 4226 3369 4268 τινας
3423 4204 3524 4259 ὑπὸ
3573 4203 3790 4281 ἀγνοίας

2135 4292 2454 4353 ἀπολέσθαι.
2515 4294 2868 4368 Νομιζόντων
2926 4294 3028 4369 γὰρ
3084 4299 3194 4349 τῶν
3239 4295 3370 4349 υἱῶν
3427 4290 3647 4365 Ἰσραὴλ
3700 4291 3791 4347 ἅν-

2135 4386 2352 4458 θρωπον
2409 4383 2544 4439 εἶναι
2592 4384 2683 4439 τὸν
2734 4384 2852 4437 καθ’
2901 4385 3050 4456 ἡμᾶς
3104 4382 3355 4454 Χριστὸν,
3415 4380 3651 4452 έσήμανε
3701 4379 3791 4435 διὰ

373 4481 532 4538 hunc
563 4479 861 4536 Christum
912 4483 969 4534 et
1010 4473 1328 4533 Dominum
1374 4470 1526 4526 fecit.
1558 4471 1651 4526 Ar.
1687 4474 1765 4525 En
1818 4468 2020 4544 igitur,

2146 4480 2230 4543 τῆς
2296 4471 2611 4549 μαρτυρίας,
2662 4470 2746 4525 ὅτι
2797 4468 2954 4531 οὗτός
2999 4468 3138 4523 ἐστιν
3167 4470 3194 4522 6
3222 4468 3474 4528 ἐκλεκτὸς
3501 4471 3598 4521 τοῦ
3629 4472 3787 4522 Θεοῦ·

369 4569 639 4626 Christus
681 4573 739 4625 et
785 4567 1071 4624 Dominus
1101 4580 1135 4620 a
1168 4563 1280 4619 Deo
1329 4562 1520 4617 factus
1571 4562 1677 4614 est.
1711 4558 1834 4614 Ath.
1874 4560 2022 4617 Deus

2146 4563 2221 4618 ιαί
2288 4582 2472 4632 φησιν·
2547 4560 2610 4615 Εἰ
2687 4558 2775 4614 καὶ
2856 4558 3013 4629 ὑμεῖς
3071 4558 3146 4619 ὡς
3207 4555 3492 4632 ἄνθρωπον
3553 4554 3783 4631 ἐκρεμά-

367 4658 649 4725 Verbum,
683 4656 783 4713 Dei
815 4654 1020 4723 Filius,
1051 4656 1250 4709 eratne
1280 4649 1565 4706 Dominus
1607 4651 1744 4703 ante
1790 4649 2019 4720 passio-

2146 4673 2255 4708 rats
2285 4655 2398 4726 (17)
2426 4652 2517 4706 τὸν
2553 4647 2780 4716 δίκαιον,
2819 4649 2895 4722 μή
2926 4647 3247 4723 ἀγνοήσατε,
3298 4646 3381 4703 ὅτι
3411 4651 3601 4703 τοῦτον
3654 4650 3784 4720 Χρι-

369 4763 526 4819 nem,
560 4764 633 4803 an
664 4744 823 4802 non?
854 4746 943 4800 Ar.
980 4745 1142 4800 Certe
1196 4739 1475 4796 Dominus
1508 4741 1653 4793 erat.
1682 4736 1809 4792 Ath.
1842 4739 2022 4810 Atqui

2146 4743 2254 4797 ττὸν
2315 4741 2404 4796 καὶ
2451 4739 2650 4816 Κύριον
2693 4737 2943 4808 ἐποίησεν
2994 4737 3022 4792 ὁ
3069 4737 3219 4800 θεός.
3272 4743 3397 4813 "Ap.
3441 4738 3608 4792 εἶπεν·
3646 4734 3785 4794 Ἰδοὺ

365 4841 577 4894 Petrus
607 4836 689 4891 ait
719 4852 874 4903 eum,
906 4849 1082 4905 quem
1112 4829 1300 4887 Judaei
1333 4826 1764 4894 cruciﬁxerunt,
1799 4827 2020 4884 factum

2146 4831 2248 4900 ιῦν,
2282 4829 2514 4904 Χριστὸς
2563 4827 2652 4882 καὶ
2702 4826 2896 4900 Κύριος
2945 4827 3164 4904 γέγονεν
3212 4827 3316 4883 ὑπὸ
3344 4831 3442 4883 τοῦ
3473 4830 3627 4882 Θεοῦ.
3664 4828 3782 4885 Ἀθ.

366 4927 550 4983 fuisse
582 4925 915 4982 Dominum.
949 4926 1043 4978 Ar.
1078 4919 1225 4987 Quid
1258 4918 1371 4974 sibi
1401 4916 1524 4972 vult
1561 4915 1717 4986 quod
1748 4916 1854 4987 ais,
1888 4933 2019 4974 cru-

2146 4920 2291 4975 ιῖπεν·
2343 4918 2404 4975 Ὀ
2452 4916 2579 4978 Θεὸς
2631 4915 2823 4992 Λόγος,
2873 4917 2901 4971 6
2950 4921 3047 4973 τοῦ
3077 4921 3211 4973 Θεοῦ
3239 4917 3383 4986 Υἱὸς,
3415 4918 3522 4984 πρὸ
3549 4920 3647 4971 τοῦ
3678 4914 3784 4970 πά-

366 5017 680 5075 ciﬁxerunt
710 5013 980 5071 Chistum
1035 5015 1093 5067 et
1146 5008 1462 5066 Dominum
1522 5005 1790 5061 factum?
1836 5007 2019 5079 Cupio

2146 5011 2256 5070 δους
2288 5009 2401 5080 (18)
2460 5004 2656 5081 Κύριος
2702 5008 2788 5075 ἦν,
2839 5007 2926 5061 ναὶ
2972 5007 3007 5076 ἣ
3037 5005 3098 5061 οὕ
3125 5026 3139 5075 ;
3171 5008 3295 5076 Ἀρ.
3331 5007 3468 5061 εἶπεν
3501 5004 3622 5076 Ναὶ,
3682 5004 3784 5059 Κύ-

364 5121 540 5164 nosse
570 5104 711 5180 quid
745 5102 927 5160 dicas.

2146 5115 2246 5160 ›ιος
2275 5099 2366 5166 ἦν.
2427 5096 2543 5152 Ἀθ.
2605 5095 2770 5150 εἶπεν·
2830 5096 2887 5148 Ὀ
2942 5096 3143 5171 Πέτρος
3193 5091 3320 5172 ἔφη,
3350 5093 3408 5149 ὅν
3438 5094 3490 5148 οἱ
3521 5090 3780 5150 Ἰουδαῖοι

376 4408 534 4459 nem,
563 4391 798 4461 justum
830 4385 1247 4460 suspendistis,
1283 4398 1354 4438 ne
1391 4380 1674 4453 ignoretis
1704 4381 1843 4452 quia
1875 4386 2026 4439 Deus

427 5330 539 5455 833)
572 5329 713 5400 Reg.
736 5330 793 5383 et
822 5322 997 5381 Basil.
1032 5318 1157 5405 ὄιλλ’
1188 5314 1569 5445 ἐπεχαράξατε.
1596 5317 1749 5373 Editi
1775 5318 2009 5390 aliique,

470 5400 502 5453 ἂ
531 5396 956 5455 παρεγαοάεατε.
990 5395 1135 5450 Ibid.
1172 5395 1317 5455 Aug.
1422 5389 1700 5455 θεωρήσας
1743 5408 2003 5455 περιγρα-

2146 5321 2347 5375 10mm.
2383 5317 2411 5371 6
2440 5314 2617 5390 Λόγος
2649 5317 2801 5377 Θεός.

2184 5392 2296 5455 (16)
2327 5392 2474 5455 Aug.
2504 5387 2709 5442 Οὐκοῦν
2749 5383 2801 5442 ἕο

355 5383 510 5487 ἀλλ-δι
526 5383 956 5487 παρειχαράξατε.
990 5395 1158 5487 labici},
1172 5383 1329 5487 Aug'.‘2
1353 5383 1381 5445 6
1405 5383 1596 5487 1(imiimi
1608 5408 1700 5451 σας
1743 5383 2006 5466 περιγ“ραζ

2184 5392 2296 5487 (1ς)
2327 5392 2474 5487 Aulg.
2504 5383 2856 5487 (ξύκοῦνᾘὲως
2871 5388 3014 5487 Δὃτου
3044 5386 3107 5487 τὸ
3123 5389 3325 5487 λσῶμα.
3361 5388 3527 5475 1163.,
3557 5386 3766 5447 Οὐκοῦν

352 5471 588 5588 φάμενον
611 5457 947 5559 ’έαῦτὸνξκαξ
981 5465 1056 5527 εἷς
1091 5457 1295 5548 ὕϐρειςν
1310 5457 1540 5536 ἐτράπη.
1589 5457 1592 5458 ν
1815 5457 1823 5464 ’
1885 5457 1919 5466 ”
2109 5457 2216 5523 ἓως
2248 5460 2338 5516 ὅτε
2365 5457 2450 5514 τὸ’
2486 5465 2666 5533 σῶμα.
2702 5461 2833 5517 Mox
2860 5460 3148 5588 Αυῗκὺπὸ
3176 5457 3273 5514 τοῦ
3300 5457 3551 5534 σταυροῦ.

447 5543 534 5588 Mi
565 5541 853 5588 Ἀσωαλωε
881 5553 976 5588 ουν
1010 5539 1174 5588 deest
1201 5553 1261 5588 in
1294 5541 1440 5588 Aug.
2185 5535 2296 5588 (17)
2328 5536 2475 5588 Aug.
2509 5530 2897 5588 ἐσταυρώσατε.
2980 5533 3097 5588 bid.
3132 5531 3298 5588 Angl.
3335 5533 3411 5588 μή
3445 5533 3551 5588 ἀνν‹

447 5543 534 5684 14)
565 5530 853 5618 ’Δσφαλῶς
881 5535 976 5594 οὗν
1010 5530 1174 5625 deest
1201 5536 1264 5617 iri
1294 5530 1440 5626 Aug.
1572 5600 1580 5615 '

445 5613 510 5669 15
563 5621 713 5684 Aug.
743 5620 844 5682 τῆς
895 5616 1135 5684 Γραφης.
1186 5607 1330 5684 Ibid.
1395 5614 1700 5684 Λθανασιος
1751 5603 1892 5684 εἴξειεν
1944 5608 2003 5684 et

2185 5535 2296 5607 (17)
2328 5536 2475 5605 Aug.
2509 5530 2897 5605 ἐσταυρώσατε.
2952 5530 3097 5589 Ibid.
3132 5531 3298 5604 Angl.
3335 5533 3411 5604 μὴ
3434 5530 3766 5609 ἀγνοήσαιτε.

2146 5604 2401 5684 ἰῳίιξιῖί-θι
2428 5604 2975 5684 εὰξίὶομορῐηρλᾌμὴ
3007 5603 3336 5684 ἀγνοῄσητιε.

344 5603 531 5704 ..(15)
743 5620 869 5704 τῆςι
895 5616 1135 5704 Γραφῇς.
1186 5606 1330 5704 Ibid.
1380 5603 1700 5704 1ὲθπινσζσιιος
1751 5603 1892 5704 εἴξειεν
1944 5608 2003 5693 et

2146 5603 2314 5662 {interi
2343 5611 2401 5661 et
2428 5603 2605 5661 Editio
2636 5603 2862 5661 Comm.
2900 5604 2975 5675 μὴ
3007 5603 3336 5679 ἀγνοήσητε.

2183 5676 2296 5704 [Δοὶ
2320 5677 2439 5704 ι)...-
2493 5676 2517 5704 3.
2550 5679 2644 5704 --τε
2677 5678 2810 5704 a--‘::
2844 5675 2926 5704 ἱ(ηὲ
2951 5697 2969 5704 -
2998 5676 3086 5704 ...Α
3121 5675 3328 5704 ιτ---.ι-

345 5673 563 5759 ’Δρειὸς
610 5673 752 5770 εἶπεν
801 5673 972 5741 abest
1017 5673 1091 5738 ab
1136 5680 1362 5736 eodem.
1394 5681 1522 5734 Mox
1569 5676 1746 5761 idem,
1778 5673 1877 5737 Τίς
1908 5675 1998 5759 οῦν
2182 5676 2297 5750 (18)
2320 5677 2458 5750 Reg.
2492 5676 2520 5729 6
2549 5679 2646 5731 τοῦ
2677 5678 2813 5731 Θεοῦ
2844 5673 2972 5740 Υἵὸς
2998 5673 3088 5733 καὶ
3120 5673 3348 5754 Πατρός.

345 5753 508 5813 ἰστιν.
561 5755 711 5814 Ibid.
758 5758 908 5829 Aug.
958 5754 987 5808 6
1038 5750 1211 5828 Λόγος
1242 5750 1271 5805 6
1311 5747 1464 5813 Θιός.
1493 5747 1607 5806 Alii
1663 5763 1800 5807 cum
1858 5748 1999 5806 edit.
