4170 6364
351 441 461 508 461

1489 437 1964 504 DlSPUTATIO
2009 434 2323 501 CONTRA
2373 439 2620 502 AlllUM
2635 486 2647 499 .

3663 445 3782 508 462

353 575 717 650 έσταύρωσαν,
749 578 1068 651 γεγενῆσθαι
1130 569 1349 648 Κύριον.
1401 576 1528 650 "Ap.
1582 573 1716 629 εἶπε·
1778 573 1846 631 Τί
1907 572 2018 629 ἐστι
2057 572 2140 644 τὸ,
2174 572 2548 649 Ἐσταύρωσαν
2607 572 2834 646 Χριστὸν
2893 572 2982 628 καὶ
3044 569 3240 648 Κύριον
3293 573 3558 652 γεγονότα
3617 579 3774 652 (19);

351 663 584 724 Ἠθελον
615 667 820 740 γνῶναι
850 662 904 718 τί
936 661 1142 736 λέγεις.

422 759 512 812 20.
546 757 726 819 Ἀθαν.
780 752 946 808 εἶπεν·
983 753 1040 805 Ὁ
1073 751 1202 812 Θεὸς
1251 750 1427 827 Λόγος
1488 750 1681 826 Κύριός
1738 751 1846 806 ἐστι
1903 755 2009 804 τῶν

2197 751 2286 805 20.
2338 751 2462 807 Ath.
2524 752 2678 807 Deus
2725 751 2981 808 Verbum
3032 751 3315 810 Dominus
3357 759 3447 810 est
3487 756 3778 824 omnium,

356 845 606 899 ἁπάντων
680 842 761 897 ἀεὶ
822 840 1020 917 Κύριος
1081 835 1187 896 ὤν.
1239 837 1462 910 Ἐπειδὴ
1525 838 1580 895 δὲ
1641 839 1699 895 ἐκ
1754 847 1854 909 τῆς
1915 837 2016 894 ὑπὸ

355 934 624 1009 ἁμαρτίας
687 927 1155 1008 βεϐασιλευμένης
1213 931 1408 1004 σαρκὸς
1461 924 1622 985 ἔλαϐε
1668 930 1766 997 τήν
1826 927 2016 1000 σάρκα,

353 1023 537 1088 καθὼς
595 1023 922 1098 γέγραπται·
963 1044 990 1071 ι(
1021 1019 1084 1076 Ὁ
1128 1019 1302 1094 Λόγος
1352 1018 1479 1095 σὰρξ
1518 1018 1750 1094 ἐγένετο·
1791 1043 1817 1070 ››
1851 1017 2021 1095 σάρκα

356 1110 415 1168 δέ
445 1133 589 1192 φημι
624 1109 905 1187 ἄνθρωπον
936 1108 1171 1176 τέλειον,
1206 1110 1311 1162 οἷοι
1346 1111 1457 1181 (20)
1488 1109 1578 1163 καῖ’
1606 1111 1770 1181 ἡμεῖς
1815 1107 2019 1184 τυγχά-

357 1201 711 1275 νομεν,κατᾶ
764 1201 826 1255 τὸ
878 1199 1013 1253 εἶναι
1067 1199 1215 1270 ἡμᾶς
1264 1197 1584 1272 ἀνθρώπους
1638 1196 1824 1271 μόνον·
1863 1197 2021 1258 αὐτὸς

360 1291 461 1366 γὰρ
520 1291 643 1344 ἄνευ
703 1287 967 1363 ἁμαρτίας
1029 1285 1245 1362 γέγονεν
1302 1287 1622 1361 ἅνθρωπος·
1681 1291 1871 1342 τοῦτον
1927 1283 2017 1340 οὖν

365 1379 593 1454 Χριστὸν
649 1379 740 1433 καὶ
791 1379 986 1454 Κύριον
1039 1377 1066 1430 6
1098 1377 1226 1438 Θεὸς
1275 1374 1517 1445 ἐποίησε,
1543 1376 1635 1430 τὸν
1669 1375 1728 1430 ἐκ
1775 1375 2022 1449 σπέρμα-

365 1489 458 1532 τος
493 1463 658 1523 Δαϐὶὸ
692 1465 996 1542 ἄνθρωπον,
1030 1465 1292 1538 ὑποτάξας
1337 1464 1484 1537 αὐτῷ
1515 1466 1689 1542 ἀρχὰς
1739 1465 1828 1520 καὶ
1879 1464 2025 1535 ἐξου-

369 1558 486 1620 σίας
546 1557 636 1612 καὶ
695 1555 1035 1631 κυριότητας,
1067 1554 1156 1609 καὶ
1216 1555 1557 1630 ἀνθρώπους,
1589 1554 1677 1608 καὶ
1727 1552 2021 1630 ἀγγέλους,

368 1647 457 1701 καὶ
488 1645 698 1701 πάντων
752 1643 940 1706 ἁπλῶς
993 1643 1362 1720 ὑποταγέντων
1409 1645 1602 1718 γέγονε
1650 1643 1880 1719 Χριστὸς
1932 1641 2022 1698 καὶ

368 1734 560 1808 Κύριος
591 1737 723 1807 (21)’
757 1733 988 1808 Χριστὸς
1024 1733 1118 1806 μὲν
1152 1730 1240 1787 διὰ
1285 1734 1383 1802 τὴν
1436 1737 1532 1786 τοῦ
1582 1732 1736 1808 ἁγίου
1784 1731 2025 1804 Πνεύμα-

362 1821 647 1893 τος,ὃίκην
681 1821 892 1889 ἐλαίου,
920 1821 1003 1876 ἐπ’
1031 1821 1179 1892 αύτῴ
1209 1821 1509 1896 γενομένην
1545 1821 1832 1897 οὐρανόθεν
1861 1817 2024 1896 ἔγχυ-

363 1933 464 1967 σιν’
505 1911 698 1987 Κύριος
734 1908 791 1966 δὲ
823 1908 1001 1966 διὰτὸ
1044 1911 1180 1966 κατὰ
1227 1913 1443 1966 πάντων
1491 1909 1773 1988 εἰληφέναι
1815 1910 1878 1965 τὸ
1925 1915 2021 1964 κῦ-

366 2023 459 2078 ρος
518 2005 650 2075 (22).
712 2005 838 2076 ’¹Αρ.
901 2000 1066 2056 εἶπεν⁸
1131 1997 1303 2061 ’ἰδίως
1362 1997 1452 2054 οὖν
1513 1999 1636 2061 Υἱὸς
1687 2000 1774 2053 καὶ
1827 1997 2020 2075 Κύριός

2128 857 2261 896 cum
2313 842 2390 897 sit
2432 857 2665 913 semper
2720 841 3024 898 Dominus.
3086 843 3400 916 Postquam
3461 849 3677 913 autem,
3712 862 3782 902 ex

2124 945 2298 985 carne
2328 929 2546 1002 peccati
2577 930 2823 1003 imperio
2855 931 3140 1002 subjecta,
3173 949 3409 989 carnem
3429 934 3771 1008 assumpsit,

2129 1019 2633 1090 quemadmodum
2683 1021 2968 1093 scriptum
3001 1027 3090 1077 est
3123 1038 3136 1076 :
3188 1045 3215 1072 «
3248 1021 3504 1078 Verbum
3538 1040 3669 1080 caro
3700 1024 3786 1080 fa-

2131 1111 2291 1164 ctum
2323 1114 2413 1164 est
2439 1109 2484 1142 ⁸⁸
2513 1125 2525 1164 :
2559 1128 2585 1161 ι
2626 1110 2883 1182 (carnem
2923 1116 3119 1166 autem
3165 1111 3428 1184 intelligo
3461 1115 3784 1185 perfectum

2131 1197 2425 1253 hominem
2461 1197 2663 1270 quales
2697 1215 2804 1255 nos
2835 1217 3066 1266 sumus,
3101 1207 3393 1272 quatenus
3444 1219 3558 1258 non
3594 1203 3786 1258 homi-

2133 1303 2237 1342 nes
2271 1291 2497 1342 tantum
2530 1305 2737 1344 sumus
2773 1305 2786 1344 :
2819 1288 2945 1362 ipse
2993 1290 3149 1345 enim
3181 1291 3400 1363 absque
3431 1298 3668 1364 peccato
3701 1293 3785 1348 fa-

2132 1380 2262 1432 ctus
2293 1381 2384 1432 est
2411 1376 2610 1449 homo)
2643 1377 2796 1433 hunc
2827 1378 3006 1450 igitur
3035 1378 3326 1436 Christum
3368 1385 3424 1437 et
3464 1381 3783 1438 Dominum

2134 1471 2286 1521 Deus
2335 1465 2491 1534 fecit,
2542 1467 2842 1524 hominem
2893 1469 3117 1525 semine
3165 1469 3347 1526 David
3405 1478 3787 1545 prognatum,

2133 1554 2412 1624 subjectis
2461 1554 2510 1610 ei
2561 1554 3009 1627 principatibus,
3067 1557 3476 1629 potestatibus,
3517 1559 3788 1616 domina-

2133 1643 2414 1708 tionibus,
2475 1643 2837 1712 hominibus,
2897 1644 3263 1718 angelisque,
3326 1649 3480 1704 unde
3520 1650 3786 1706 omnium

2134 1731 2248 1804 ipsi
2277 1733 2679 1804 subjectorum
2707 1734 2896 1788 factus
2925 1739 3015 1789 est
3045 1734 3314 1792 Christus
3355 1742 3411 1792 et
3455 1737 3740 1795 Dominus
3774 1756 3787 1797 :

2133 1821 2420 1886 Christus,
2472 1821 2738 1893 inquam,
2785 1828 3023 1894 propter
3059 1825 3246 1878 sancti
3289 1825 3542 1897 Spiritus
3573 1828 3788 1884 factam

2132 1912 2192 1965 in
2225 1911 2422 1982 ipsum
2455 1912 2527 1966 de
2559 1910 2722 1976 caelo,
2749 1911 2939 1966 instar
2969 1911 3101 1984 olei,
3145 1915 3490 1970 effusionem
3523 1933 3537 1983 ;
3593 1917 3790 1973 Domi-

2137 2018 2250 2056 nus
2276 2005 2494 2066 autem,
2539 2005 2772 2072 propter
2818 2018 3012 2057 rerum
3045 2001 3312 2058 omnium
3358 2021 3532 2076 quem
3565 2007 3790 2079 accepit

364 2092 502 2147 ἐστιν
554 2092 582 2145 6
629 2090 824 2166 Λόγος,
856 2089 945 2144 καὶ
1004 2092 1154 2159 Θεὸς,
1193 2088 1282 2143 καὶ
1339 2087 1492 2150 ἰδίως
1553 2089 1875 2164 ἄνθρωπος;
1909 2089 2014 2145 Ἀθ.

389 2181 413 2193 ν
556 2181 639 2193 --.
743 2178 753 2193 .
932 2180 1027 2193 ...
1161 2178 1182 2193 ν
1347 2178 1405 2193 η.
1455 2179 1470 2193 ι
1557 2176 1582 2193 τ
1719 2182 1745 2192 -
1843 2183 1906 2193 ...η

2137 2091 2533 2146 dominatum.
2567 2094 2659 2147 Ar.
2694 2092 2969 2148 Seorsum
3003 2093 3183 2164 igitur
3211 2094 3390 2152 Filius
3418 2103 3474 2152 et
3508 2098 3790 2156 Dominus

363 2181 497 2236 εἶπεν
556 2181 648 2249 Μή
698 2178 943 2254 γένοιτοί
977 2180 1100 2255 Ἀρ.
1135 2178 1300 2233 εἶπεν·
1347 2178 1480 2234 Εἰπὲ
1525 2176 1640 2243 οὖν,
1671 2182 1808 2239 πῶς.
1843 2183 2021 2254 ’Έφης

357 2271 458 2346 γὰρ
511 2269 706 2344 Κύριον
751 2268 842 2323 τὸν
889 2269 1018 2322 Θεὸν
1072 2266 1268 2341 Λόγον,
1299 2267 1389 2321 καὶ
1437 2267 1528 2321 τὸν
1561 2267 1681 2320 ναὸν
1716 2265 1881 2320 αὐτοῦ
1912 2263 2023 2320 Κύ-

361 2380 496 2435 ριον,
527 2359 769 2413 τουτέστι
824 2357 919 2412 τὸν
980 2355 1286 2432 ἄνθρωπον.
1335 2356 1478 2431 Ἐγὼ
1539 2353 1596 2410 δὲ
1651 2355 1883 2428 νομίζω,
1936 2353 2022 2410 ὅτι

360 2446 454 2502 δύο
509 2446 700 2520 Κύριοί
760 2446 912 2502 εἰσιν.
949 2447 1066 2509 Ἀθ.
1098 2446 1264 2500 εἶπενο
1299 2445 1409 2500 Οὐκ
1457 2444 1557 2500 εἶσὶ
1619 2442 1734 2500 δύω
1791 2445 1868 2517 μὴ
1928 2443 2018 2519 γέ-

358 2539 539 2593 νοιτοῑ
575 2537 670 2598 Εἷς
729 2535 830 2611 γάρ
888 2535 1028 2589 ἐστιν
1058 2536 1086 2589 6
1123 2539 1220 2590 τοῦ
1281 2539 1413 2590 Θεοῦ
1474 2535 1618 2604 Υἱὸς,
1651 2535 1679 2588 ὁ
1727 2533 2020 2608 γενόμενος

359 2623 428 2680 δι’
457 2628 607 2698 ἡμᾶς
667 2623 1061 2701 ἅνθρωπος.¹0
1121 2625 1224 2699 γὰρ
1282 2623 1518 2698 ἐπίγειος
1573 2623 1851 2699 βασιλεὺς,
1901 2621 2018 2676 εἶπέ

360 2736 475 2788 μοι,
510 2712 665 2776 ἰδίως
700 2715 727 2768 6
755 2714 1039 2788 ἅνθρωπος
1085 2711 1380 2788 βασιλεύει,
1413 2713 1502 2767 καὶ
1554 2709 1707 2774 ἰδίως
1736 2714 1771 2781 ἡ
1804 2732 2017 2790 πορφυ-

359 2804 460 2880 ρὶς,
491 2803 579 2858 ναὶ
630 2804 665 2872 ἢ
719 2801 814 2872 cii;
848 2806 975 2878 "Ap'
1031 2802 1197 2857 εἶπεν·
1243 2807 1364 2864 Πῶς
1412 2801 1673 2878 ἐγχωρεῖ,
1705 2802 1739 2870 ἢ
1786 2799 1877 2855 τόν
1926 2799 2016 2855 ἅν-

357 2895 575 2969 θρωπον
610 2891 762 2954 ἐκτὸς
811 2890 1114 2968 βασιλεύειν
1145 2894 1279 2964 (23),
1310 2893 1342 2960 ἢ
1369 2891 1468 2960 τὴν
1522 2887 1831 2968 πορφυρίδα
1861 2886 2014 2952 ἰδίως

358 2981 549 3056 cipiat;
585 2979 738 3050 Πλὴν
773 2977 939 3056 ἔγνων
968 2979 1021 3035 τί
1053 2979 1228 3042 θέλεις
1279 2983 1614 3055 παραστῆσαι
1666 2979 1724 3033 ἐκ
1770 2983 1866 3033 τοῦ
1913 2998 2016 3033 πα-

366 3070 746 3147 ραδείγματος.
803 3071 918 3125 Ἀθ.
981 3069 1142 3124 εἶπεν·
1197 3069 1260 3126 Εἰ
1318 3068 1409 3123 οὖν
1469 3069 1859 3144 ἆνεγχώρητον
1919 3065 2016 3122 δύο

361 3160 605 3236 βασιλεῖς
636 3167 802 3238 φῆσαι
837 3158 924 3214 ἐπὶ
962 3157 1230 3233 βασιλέως
1263 3159 1398 3230 ἑνὸς,
1435 3157 1580 3234 λέγω
1613 3156 1679 3227 δὴ
1732 3157 2017 3230 ἀνθρώπου

353 3250 441 3305 καὶ
501 3249 810 3327 πορφύρας,
844 3253 962 3310 πώς
1017 3247 1259 3323 ἐγχωρεῖ
1315 3245 1465 3308 ἰδίως
1527 3248 1620 3319 μὲν
1677 3251 1774 3301 τοῦ
1834 3245 2015 3320 Λόγου

351 3338 440 3394 καὶ
501 3343 638 3394 Θεοῦ
695 3336 997 3414 κυριότητα
1052 3337 1290 3415 φάσκειν,
1324 3335 1740 3412 κεχωρισμένην
1801 3331 1859 3390 δὲ
1911 3335 2010 3402 τὴν

351 3423 505 3500 δίκην
537 3426 821 3506 πορφύρας
881 3423 1084 3499 ἔνδυμα
1127 3424 1440 3501 γεγονυίας,
1473 3425 1623 3501 ἁγίας
1679 3424 1769 3479 καὶ
1825 3423 2012 3496 τιμίας

2131 2186 2222 2236 est
2249 2179 2506 2236 Verbum
2529 2187 2588 2236 et
2609 2186 2782 2248 Deus,
2806 2187 2865 2237 et
2889 2198 3156 2238 seorsum
3190 2184 3398 2241 homo?
3429 2186 3552 2242 Ach.
3578 2188 3748 2243 Absit
3777 2187 3790 2243 ι

2130 2270 2229 2324 Ar.
2267 2270 2364 2324 Dic
2394 2269 2575 2340 igitur
2604 2287 2859 2340 quanam
2896 2271 3139 2326 ratione.
3173 2273 3374 2328 Dixisti
3404 2275 3564 2331 enim
3598 2276 3793 2332 Domi-

2132 2376 2272 2413 num
2305 2359 2489 2414 Deum
2523 2357 2799 2430 Verbum,
2833 2364 2890 2414 et
2919 2359 3207 2432 templum
3249 2363 3394 2432 ejus,
3443 2381 3650 2437 nempe
3682 2365 3788 2422 bo-

2132 2447 2373 2514 minem,
2409 2447 2682 2503 similiter
2713 2448 3044 2504 Dominum.
3082 2450 3196 2522 Ego
3228 2468 3360 2507 vero
3399 2469 3606 2510 censeo
3636 2456 3786 2512 duos

2127 2553 2255 2591 esse
2276 2535 2577 2591 Dominos.
2613 2536 2740 2591 Ath.
2773 2537 2898 2592 Non
2931 2543 3072 2593 sunt
3118 2545 3232 2595 duo
3267 2557 3280 2594 :
3313 2542 3467 2597 absit
3509 2543 3522 2598 !
3586 2543 3780 2600 Unum

2127 2625 2283 2681 enim
2316 2629 2406 2681 est
2435 2625 2531 2680 Dei
2563 2624 2767 2693 Filius,
2799 2625 2974 2681 homo
3007 2633 3242 2699 propter
3273 2646 3378 2686 nos
3407 2633 3778 2691 factus.Num

2126 2716 2283 2769 enim
2318 2720 2588 2769 terrenus
2617 2713 2958 2785 imperator,
2980 2716 3074 2771 dic
3104 2717 3270 2786 mihi,
3303 2736 3570 2777 seorsum
3604 2722 3781 2780 homo

2125 2803 2395 2874 imperat,
2430 2813 2483 2858 et
2504 2820 2771 2859 seorsum
2801 2820 3084 2876 purpura,
3117 2823 3299 2863 necne
3320 2808 3348 2863 '2
3376 2812 3470 2865 Ar.
3512 2810 3619 2875 Qui
3653 2812 3782 2868 ﬁeri

2128 2897 2305 2964 queat
2352 2898 2416 2946 ut
2461 2891 2544 2946 vel
2579 2892 2755 2947 homo
2812 2893 3036 2964 absque
3084 2911 3346 2966 purpura
3394 2899 3660 2970 imperet,
3693 2901 3786 2958 vel

2126 2998 2389 3038 seorsum
2423 2986 2627 3053 regnet
2647 2998 2911 3053 purpura
2933 2986 2955 3038 Ρ
2974 2982 3088 3038 Nec
3103 2987 3304 3040 tamen
3338 3002 3431 3042 me
3461 2989 3613 3060 tugit
3641 2990 3783 3063 quid

2126 3070 2469 3141 hujusmodi
2500 3069 2761 3141 exemplo
2808 3069 2953 3125 velis
3001 3069 3282 3128 indicare.
3329 3076 3450 3131 Ath.
3499 3077 3554 3132 Si
3604 3077 3786 3150 igitur

2128 3161 2248 3216 ﬁeri
2301 3176 2416 3214 non
2468 3164 2679 3232 potest,
2741 3163 2804 3215 ut
2847 3160 2963 3216 duo
3013 3161 3399 3234 imperatores
3455 3167 3781 3238 (hominem

2125 3250 2350 3306 scilicet
2380 3249 2644 3321 intelligo
2675 3254 2730 3305 et
2761 3251 3110 3324 purpuram)
3139 3253 3212 3308 de
3263 3271 3378 3310 uno
3428 3255 3782 3329 imperatore

2124 3339 2399 3394 dicantur
2431 3355 2443 3394 ε
2478 3355 2603 3407 cur,
2637 3355 2836 3409 quaso
2867 3355 3134 3396 seorsum
3173 3342 3340 3398 Verbi
3370 3351 3428 3400 et
3468 3347 3566 3401 Dei
3597 3364 3779 3421 agno-

2125 3445 2359 3484 scemus
2390 3427 2781 3495 dominatum,
2815 3429 3127 3500 carnisque
3171 3439 3385 3497 sanctas
3423 3443 3480 3491 et
3511 3439 3776 3508 pretiosis

351 3499 572 3594 σαρκὸς,
611 3499 791 3592 ἆρχήν
849 3513 1265 3590 καταγγέλλειν,
1296 3515 1418 3584 ἥτις
1468 3514 1608 3569 ἐστὶν
1665 3510 1870 3586 ἔνδυμα
1913 3516 2011 3567 τοῦ

2130 3517 2438 3590 imperium
2473 3517 2930 3589 distinguemus,
2964 3535 3114 3590 quas,
3146 3521 3336 3577 instar
3367 3541 3658 3598 purpurae,
3690 3529 3777 3587 in-

356 3607 630 3683 βασιλέως
681 3606 858 3682 Λόγου
907 3609 1042 3660 Θεοῦ
1084 3605 1467 3680 γεγενημένη;
1504 3603 1681 3660 Ἀλλὰ
1723 3604 1828 3677 μὴν
1859 3604 1950 3657 καὶ
1981 3602 2009 3656 6

352 3694 662 3756 ἀπόστολος
723 3693 960 3761 Παῦλος,
995 3694 1096 3761 τήν
1157 3693 1382 3764 ἑνότητα
1436 3700 1537 3762 τῆς
1568 3693 1913 3768 κυριότητος,
1946 3692 2007 3760 ἣν

354 3781 472 3860 ἔχει
504 3785 534 3839 6
567 3784 830 3862 Κυριακὸς
865 3783 1149 3858 ἅνθρωπος
1176 3781 1267 3836 σὺν
1315 3787 1394 3854 τῷ
1446 3786 1561 3854 Θεῷ
1605 3781 1786 3858 Λόγῳ,
1817 3781 2011 3856 ἀκραι-

346 3873 611 3950 φνέστατα
671 3872 932 3945 ἐσήμανε,
991 3876 1071 3944 τῷ
1129 3879 1297 3950 φῆσαι
1356 3871 1514 3927 αὐτόν
1575 3874 1709 3944 (24)·
1747 3896 1775 3923 ‹‹
1808 3872 1903 3924 Ὧν
1953 3869 2012 3923 οἱ

348 3960 599 4035 πατέρες,
630 3963 719 4016 καὶ
775 3961 826 4032 ἐξ
881 3962 955 4015 ὧν
1006 3961 1034 4015 6
1082 3962 1312 4037 Χριστὸς
1368 3961 1430 4016 τὸ
1486 3961 1622 4015 κατὰ
1653 3959 1842 4036 σάρκα,
1876 3961 1903 4012 6
1935 3957 2008 4013 ὢν

345 4050 438 4106 ἐπὶ
498 4051 712 4105 πάντων
769 4051 897 4113 Θεὸς
956 4050 1032 4113 εἷς
1086 4050 1215 4112 τοὺς
1277 4049 1503 4120 αἰῶνας,
1562 4050 1728 4122 ἀμήν.
1763 4075 1789 4100 ››
1823 4050 2009 4124 Ὁρᾷς»

345 4139 434 4196 ὅτι
464 4140 555 4195 καὶ
588 4140 716 4194 Θεὸν
750 4139 834 4194 έπῖ
877 4139 1088 4196 πάντων
1122 4137 1234 4195 οἶδε
1266 4141 1353 4195 τὸν
1388 4139 1447 4194 ὲκ
1477 4139 1785 4212 σπέρματος
1819 4132 2008 4209 Δαϐὶδ,

346 4231 375 4285 6
407 4227 750 4292 Ἀπόστολος
776 4247 789 4300 ;

413 4409 502 4465 21.
539 4411 662 4483 "Ap.
697 4406 862 4462 εἶπενο
896 4407 969 4462 Οῦ
1029 4403 1173 4486 φοϐῇ
1235 4406 1322 4463 ἰπὶ
1383 4405 1596 4462 πάντων
1642 4407 1770 4462 Θεὸν
1832 4405 2006 4483 λέγειν

339 4499 432 4553 τὸν
465 4498 792 4572 ἅνθρωπονς
826 4498 943 4554 Ἀθ.
988 4497 1124 4552 εἴπεο
1162 4495 1380 4559 Παῦλος
1429 4495 1530 4551 οὐκ
1577 4491 1851 4574 ἐφοϐήθη,
1886 4493 2011 4551 οὔτε

341 4586 446 4662 ἐγὼ
499 4581 802 4664 φοϐοῦμαι,
838 4585 920 4640 ὅτι
983 4585 1173 4662 βλέπω
1233 4584 1292 4640 ἐκ
1353 4585 1553 4659 μέρους
1599 4587 1698 4655 τήν
1747 4590 1845 4641 τοῦ
1875 4589 2010 4641 Θεοῦ

346 4673 681 4748 οἷ’κονομίαν.
714 4676 838 4750 ’¹Λρ.
888 4673 1021 4730 εἴπε’
1081 4674 1243 4729 Ποίαν
1302 4673 1661 4748 οἷκονομίανς
1696 4675 1809 4732 Ἀθ·
1870 4675 2005 4731 εἶπε·

350 4763 478 4838 Περὶ
544 4770 647 4833 τῆς
715 4767 814 4817 τοῦ
869 4765 1086 4817 πάντων
1147 4766 1258 4837 (25)
1315 4767 1450 4819 Θεοῦ
1524 4763 2006 4840 ὲνανθρωπήσεως.

2120 3609 2470 3662 dumentum
2532 3608 2684 3661 facta
2739 3611 2883 3674 est;
2947 3608 3164 3680 quippe
3220 3628 3346 3683 quae
3404 3613 3778 3688 imperatoris

2120 3697 2294 3752 Verbi
2330 3695 2425 3752 Dei
2459 3697 2611 3751 facta
2641 3695 2720 3750 sit
2751 3697 3162 3753 indumentum
3191 3699 3218 3754 ‘i
3247 3703 3356 3757 Sed
3389 3710 3446 3759 et
3476 3709 3778 3778 apostolus

2121 3786 2338 3842 Paulus
2405 3785 2797 3842 disertissime
2844 3785 3128 3843 unitatem
3178 3789 3538 3861 dominatus,
3600 3815 3778 3870 quem

2121 3876 2466 3933 Dominicus
2497 3875 2672 3931 homo
2702 3893 2835 3931 cum
2870 3875 2984 3932 Deo
3015 3877 3203 3934 Verbo
3244 3881 3487 3952 obtinet,
3539 3885 3633 3942 bis
3678 3891 3780 3944 de-

2122 3965 2303 4021 clarat
2331 3964 2525 4020 verbis
2569 3981 2583 4019 :
2635 3987 2663 4014 «
2695 3966 2955 4029 Quorum
3008 3973 3228 4039 patres,
3258 3975 3316 4025 et
3346 3988 3415 4028 ex
3445 3974 3659 4045 quibus
3692 3984 3783 4034 est

2120 4053 2385 4109 Christus
2434 4054 2758 4109 secundum
2810 4071 3071 4122 carnem,
3106 4057 3206 4130 qui
3256 4065 3310 4115 et
3359 4078 3537 4134 super
3583 4067 3784 4124 omnia

2121 4143 2275 4198 Deus
2309 4143 2365 4197 in
2399 4141 2639 4198 saecula.
2661 4143 2840 4198 Amen
2867 4145 2931 4199 ³⁸.
2955 4167 2983 4194 ››
3010 4146 3258 4203 Videsne
3282 4151 3621 4222 Apostolum
3645 4171 3781 4212 eum

2123 4249 2438 4305 agnoscere
2474 4236 2677 4296 Deum,
2710 4233 2810 4304 qui
2847 4239 2937 4288 est
2970 4251 3149 4307 super
3177 4239 3396 4309 omnia,
3433 4243 3534 4313 qui
3582 4260 3649 4300 ex
3689 4262 3782 4303 se-

2121 4322 2280 4378 mine
2311 4321 2388 4377 sit
2417 4319 2596 4376 David
2626 4324 2648 4376 Ρ

2188 4412 2277 4466 21.
2313 4412 2408 4467 Ar.
2444 4409 2589 4465 dixit
2621 4427 2633 4465 :
2667 4410 2815 4466 Nihil
2847 4412 3063 4468 vereris
3094 4413 3278 4471 Deum
3332 4416 3435 4489 qui
3484 4424 3574 4476 est
3602 4438 3781 4496 super

2121 4500 2340 4565 omnia,
2372 4499 2670 4556 hominem
2705 4501 2897 4556 dicere
2920 4501 2947 4555 ‘2
2976 4501 3098 4557 Ath.
3125 4503 3339 4562 Paulus
3361 4523 3477 4562 non
3508 4514 3598 4565 est
3626 4513 3778 4568 veri-

2120 4595 2240 4657 tus,
2275 4605 2381 4645 nec
2429 4605 2532 4657 ego
2578 4605 2794 4656 vereor,
2829 4591 3047 4662 quippe
3077 4593 3177 4662 qui
3229 4609 3297 4649 ex
3350 4600 3514 4667 parte
3546 4598 3777 4659 videam

2125 4679 2222 4734 Dei
2269 4677 2652 4734 oeconomiam
2701 4678 2820 4733 sive
2868 4680 3392 4751 dispensationem.
3448 4687 3543 4744 Ar.
3595 4689 3780 4754 Quam

2121 4767 2622 4840 dispensationem
2646 4766 2675 4821 ?
2705 4768 2828 4822 Ath.
2855 4767 3088 4840 Loquor
3107 4771 3179 4825 de
3211 4773 3330 4843 Dei,
3354 4775 3455 4845 qui
3487 4782 3577 4832 est
3606 4795 3787 4852 super

347 4852 470 4928 ’Δρ-
506 4851 641 4908 εἷπε·
679 4851 807 4926 Περὶ
855 4855 954 4922 τῆς
1010 4851 1466 4928 ἐνανθρωπήσεως
1505 4857 1603 4909 τοῦ
1653 4854 1830 4928 Λόγου
1858 4854 2008 4928 κάγὼ

2130 4857 2342 4919 omnia,
2395 4855 2822 4911 incarnatione.
2874 4857 2968 4912 Ar.
3029 4857 3324 4916 Conﬁteor
3372 4878 3609 4936 quoque
3659 4851 3785 4940 ipse

345 4940 629 5016 ὁμολογῶ·
675 4941 800 5008 περὶ
867 4939 924 4996 δὶ
971 4946 1070 4997 τοῦ
1129 4939 1264 4996 εἶναι
1322 4941 1408 4998 ἐπὶ
1468 4943 1683 4998 πάντων
1727 4943 1854 4998 Θεὸν
1912 4945 2004 4998 τὸν

349 5028 725 5105 σταυρωθέντα
782 5025 1058 5108 φοϐοῦμαι
1119 5029 1317 5106 λέγειν.
1376 5033 1502 5089 Ἀθ.
1561 5031 1727 5086 εἶπενο
1785 5033 2008 5105 Ἀκουε,

345 5118 436 5173 καὶ
468 5117 852 5196 περισσότερον
904 5119 1167 5193 θαύμαζε,
1202 5118 1285 5174 ὅτι
1317 5119 1406 5175 καὶ
1464 5121 1593 5175 Θεὸν
1650 5119 1735 5175 ἐπὶ
1791 5123 2007 5177 πάντων

427 5269 473 5304 ³⁸
500 5269 675 5327 Joan.
704 5285 745 5339 ι,
775 5270 863 5326 14.
941 5270 986 5307 ⁸ο
1018 5271 1188 5328 Rom.
1224 5289 1302 5339 1x,
1330 5273 1387 5328 5.

421 5413 665 5489 (29)_Sic_
690 5414 830 5489 Reg.
863 5417 937 5471 At
967 5415 1032 5489 in
1056 5415 1188 5489 aliis
1217 5420 1276 5489 et
1304 5415 1477 5474 editis
1496 5414 1585 5470 καί
1616 5417 1798 5489 deest.
1832 5416 2011 5474 Paulo

343 5483 482 5563 post
513 5483 1045 5563 ᾘρςίιξοξξεπειδὴ
1079 5483 1138 5540 δὲ
1165 5486 1272 5563 ῥπὸ
1315 5489 1418 5563 τῆς
1469 5486 1758 5563 ἁμαρτίας.
1814 5494 2009 5563 Augu-

345 5553 503 5634 itan.
539 5553 762 5634 Ἐπειδὴ
813 5557 921 5613 ἀπὸ
973 5553 1259 5634 ἁμαρτίας.
1320 5553 1479 5617 Intra
1509 5553 1675 5634 'Reg.
1731 5564 1790 5617 et
1830 5553 2010 5618 Basil.

346 5628 832 5705 miserrume

420 5701 537 5775 (20)
557 5701 654 5758 Sic
686 5703 828 5775 Reg.
859 5703 933 5775 ᾼι
961 5701 1062 5775 alii
1092 5703 1256 5774 editi,
1291 5701 1425 5758 οἷον.

422 5773 536 5848 (21)
558 5775 651 5832 Sic
685 5772 825 5848 Reg.
859 5774 921 5831 In
957 5773 1090 5832 aliis
1118 5781 1176 5832 et
1204 5772 1400 5844 editis,
1419 5772 1511 5830 καί
1542 5776 1724 5834 deest.

2116 4945 2290 5001 Verbi
2323 4945 2790 5001 incarnationem
2843 4961 2857 5003 :
2899 4947 3001 5002 sed
3056 4948 3263 5018 Deum,
3315 4952 3416 5021 qui
3469 4961 3560 5010 est
3605 4972 3784 5029 super

2120 5035 2336 5098 omnia,
2367 5031 2712 5089 cruciﬁxum
2763 5035 2957 5090 dicere
3004 5053 3122 5092 non
3167 5040 3375 5094 audeo.
3430 5042 3555 5097 ΑιΙι.
3603 5045 3780 5112 Audi,

2118 5138 2304 5194 eoque
2338 5121 2522 5191 magis
2554 5123 2865 5194 admirare,
2900 5127 3055 5196 quod
3103 5128 3304 5198 Deum,
3337 5129 3438 5198 qui
3473 5135 3563 5186 est
3605 5147 3785 5203 super

2195 5418 2308 5491 (22)
2338 5416 2604 5491 ljasil._6t
2636 5417 2800 5489 Angl.
2835 5416 3018 5491 κόρος.

2327 5489 2480 5565 ﬂeg.
2505 5484 2574 5565 ﬁn
2599 5494 2702 5565 ⁸ἰῆς
2724 5484 3066 5565 Ξτορφυοίδος
3101 5486 3427 5564 βασιλεύειν.
3463 5492 3592 5551 Mox
3618 5493 3777 5554 idem

2124 5566 2181 5618 et
2206 5557 2571 5637 Basiliensis.
2705 5557 3244 5637 οὖν’ἆνεγχείρητον.

2195 5633 2308 5723 ςὲέι)
2335 5635 2483 5723 liss-
2514 5628 2680 5723 ἐγξῷ
2706 5637 2898 5723 seize-

2183 5701 2304 5790 '(25)
2363 5701 2457 5758 Sic
2501 5709 2650 5772 Aug.
2706 5701 2854 5758 Editi
2899 5719 3038 5762 vero
3085 5709 3142 5762 et
3187 5701 3308 5773 alii,
3363 5704 3487 5782 περὶ
3538 5709 3640 5771 τῆς
3697 5702 3790 5760 ἐπὶ

2126 5792 2361 5831 παντων.
