4170 6394
397 412 519 472 463

1568 411 1635 474 S.
1680 410 2209 475 ATHANASIUS.
2235 442 2311 456 -—
2342 411 2652 474 SPURIA.

3706 420 3824 481 464

395 546 616 616 omnia,
647 544 947 617 conﬁteor,
982 562 1088 602 nec
1121 546 1303 603 alium
1353 562 1523 620 posse
1567 547 1847 602 adversus
1877 545 2021 599 illun

2163 540 2445 617 ὁμολογῶ,
2477 542 2567 596 καὶ
2629 544 2705 615 μή
2767 540 3062 618 δυνάμενον
3115 541 3297 622 ἕτερον
3349 543 3694 624 λογισθῆναιο
3724 551 3819 607 τὸν

393 635 693 705 aestimari,
753 634 852 708 qui
903 635 1057 692 Deus
1106 653 1239 692 cum
1285 653 1517 709 semper
1574 636 1669 704 sit,
1721 635 1895 690 homo
1944 650 2047 706 pro

391 724 563 780 nobis
593 730 683 781 est
727 726 913 781 factus
944 730 1001 781 et
1029 727 1363 782 cruciﬁxus.
1400 728 1492 781 Ar.
1546 725 1793 782 Ubinam
1848 740 2045 779 recen-

387 812 507 868 tius
556 813 716 870 istud
771 815 1054 886 scriptum
1103 816 1254 870 est?
1293 817 1439 871 161
1490 815 1618 871 ΑιΙι.
1668 814 1837 886 Apud
1881 814 2042 869 Jere-

388 903 571 959 miam
596 904 968 976 pr0phetam,
1003 907 1174 977 cujus
1205 905 1325 961 ha-c
1357 910 1496 960 sunt
1523 905 1733 960 verba:
1768 926 1795 953 «
1825 903 1923 957 Hic
1956 906 2046 958 est

389 995 541 1049 Deus
590 997 809 1063 noster,
860 998 917 1049 et
966 1010 1078 1049 non
1126 994 1516 1049 mstimabitur
1555 993 1707 1048 alius
1762 992 2044 1047 adversus

389 1097 547 1138 eum.
580 1083 896 1138 Adinvenit
926 1099 1157 1138 omnem
1184 1083 1339 1139 viam
1361 1082 1770 1153 disciplinae,et
1798 1080 2043 1136 tradidit

388 1170 548 1227 illam
580 1171 760 1227 Jacob
792 1189 970 1244 puero
1002 1190 1131 1239 suo,
1163 1177 1217 1228 et
1268 1173 1439 1229 Israel
1492 1171 1703 1227 dilecto
1744 1187 1871 1226 suo.
1905 1170 2040 1226 Post

389 1260 511 1316 haec
541 1261 601 1316 in
632 1261 803 1317 terris
827 1261 990 1318 visus
1019 1267 1127 1329 est,
1160 1266 1216 1317 et
1254 1279 1388 1318 cum
1432 1260 1769 1317 hominibus
1802 1275 2039 1315 conver-

388 1354 555 1407 satus
584 1354 674 1407 est
702 1351 767 1405 ‘0.
800 1373 827 1401 »
862 1352 991 1407 Isne
1022 1352 1223 1423 igitur,
1273 1351 1373 1423 qui
1421 1350 1508 1406 vis
1550 1354 1659 1415 est,
1711 1350 1866 1405 Deus
1913 1353 2040 1404 erat

386 1445 447 1497 et
475 1441 868 1509 est,adversus
900 1455 1073 1513 quem
1106 1457 1221 1496 non
1257 1440 1406 1496 alius
1437 1439 1829 1495 astimabitur
1860 1437 2035 1506 Deus,

386 1546 461 1586 an
492 1546 606 1587 non
634 1528 662 1586 ?
691 1531 785 1585 Ar.
818 1529 892 1585 Ut
937 1530 1015 1585 ait
1059 1530 1364 1602 propheta,
1396 1530 1523 1601 ipse
1564 1534 1655 1584 est
1696 1528 1870 1583 Deus.
1922 1527 2036 1582 Nec

382 1619 541 1677 enim
568 1620 654 1676 fas
685 1624 774 1676 est
801 1619 994 1675 dicere
1044 1619 1273 1675 Patrem
1305 1620 1499 1691 ipsum
1532 1620 1722 1673 visum
1765 1633 1915 1683 esse,
1951 1617 2033 1672 fa-

380 1713 660 1782 ctumque
691 1708 989 1765 hominem
1004 1725 1158 1776 ,cum
1192 1709 1533 1764 hominibus
1554 1714 1849 1763 versatum
1881 1724 2033 1771 esse,

377 1814 513 1855 cum
544 1816 639 1854 res
661 1798 738 1854 sit
767 1798 1081 1855 manifesta
1102 1798 1284 1853 Deum
1310 1798 1560 1853 Verbum
1580 1797 1880 1852 hominem
1905 1812 2034 1851 esse

376 1888 751 1945 factum.Ath;
786 1888 969 1960 Igitur
996 1904 1151 1942 unus
1174 1886 1379 1954 Filius,
1404 1887 1504 1958 qui
1532 1890 1666 1942 ante
1699 1885 1893 1940 omnia
1925 1902 2029 1940 saa-

373 1978 507 2035 cula
527 1995 646 2034 una
666 1994 798 2032 cum
815 1977 983 2032 Patre
999 1976 1612 2046 exsistebat,Deusque
1625 1981 1749 2031 erat
1764 1973 2029 2030 invisibi-

370 2065 673 2136 lis,factus
698 2071 789 2123 est
817 2066 990 2122 homo
1019 2065 1291 2121 visibilis.
1319 2072 1420 2120 Αν.
1443 2065 1635 2120 Unum
1666 2081 1794 2121 esse
1815 2063 2027 2119 Filium

375 2156 474 2213 Dei
500 2172 846 2212 concessum
881 2160 971 2211 est
1017 2155 1253 2229 quidem
1308 2172 1322 2210 :
1375 2160 1436 2210 at
1472 2162 1625 2210 certe
1674 2170 1788 2209 non
1849 2153 2026 2208 simul

374 2261 508 2302 cum
540 2246 711 2302 Patre
756 2245 985 2300 inﬁnite
1015 2244 1262 2300 exsistit.
1296 2245 1419 2300 Alh.
1454 2246 1538 2299 An
1592 2259 1705 2299 non
1736 2242 2027 2315 sapientia

372 2339 430 2392 et
459 2335 654 2391 virtus
682 2334 859 2390 simul
891 2350 1024 2390 cum
1058 2334 1226 2389 Patre
1272 2339 1328 2389 et
1371 2333 1586 2405 Spiritu
1634 2337 1838 2387 sancto
1870 2332 2023 2387 exsi-

370 2425 473 2482 stit
492 2425 521 2480 ‘I
548 2431 641 2480 Ar.
679 2425 764 2480 Ita
793 2428 901 2479 est.
949 2424 1073 2479 ΑιΙι.
1110 2423 1270 2479 Unus
1299 2439 1438 2496 ergo
1467 2428 1557 2479 est
1584 2422 1898 2478 invisibilis
1933 2423 2022 2477 Fi-

370 2513 489 2569 lius
517 2513 642 2579 Dei,
674 2513 773 2584 qui
807 2513 963 2568 idem
992 2518 1047 2568 et
1091 2513 1254 2567 visus
1298 2517 1423 2580 est;
1475 2512 1873 2584 incorporeus,
1923 2511 2023 2583 qui

367 2606 427 2660 et
483 2618 698 2674 corpus
750 2602 1111 2674 assumpsit;
1160 2601 1533 2669 immortalis,
1598 2602 1696 2673 Qui
1745 2608 1803 2657 et
1849 2618 2023 2657 carne

367 2696 618 2747 mortem
651 2695 740 2747 est
770 2696 1082 2763 expertus;
1114 2692 1369 2747 intactus
1401 2692 1555 2747 idem
1586 2696 1644 2746 et
1676 2696 1889 2746 tactus.
1922 2694 2020 2746 Ar.

367 2780 471 2838 His
501 2798 628 2853 quae
661 2779 860 2836 dixisti
891 2781 1202 2836 assentior.
1235 2780 1358 2836 ΑιΙι.
1396 2779 1500 2836 lllc
1529 2780 1711 2853 igitur
1740 2785 1797 2836 et
1826 2781 2018 2836 Domi-

365 2886 479 2926 nus
508 2874 568 2926 et
588 2869 741 2927 Deus
761 2871 939 2926 estob
971 2886 1205 2925 carnem
1228 2887 1360 2925 cum
1384 2869 1576 2925 Verbo
1598 2871 1976 2940 conjunctam
2005 2888 2018 2926 :

365 2976 473 3017 nec
516 2964 785 3031 separate
831 2964 933 3016 aut
979 2959 1412 3016 dominationes
1461 2959 1758 3026 dicuntur,
1815 2964 1875 3014 at
1921 2960 2019 3015 Dei

367 3049 550 3108 Filius
578 3048 1073 3118 Jesus’Christus,
1105 3049 1362 3106 Verbum
1394 3053 1453 3105 et
1501 3054 1673 3114 Deus,
1710 3066 1863 3105 unus
1908 3055 2017 3106 est.

434 3316 809 3374 22.Ar.Recte
831 3317 1149 3374 admodum
1171 3316 1313 3372 mihi
1333 3333 1395 3373 se
1411 3318 1626 3374 habere
1642 3317 1873 3375 videtur
1894 3320 2017 3376 haec
2048 3298 2092 3366 (ἶ

366 3405 438 3462 de
476 3406 879 3463 incarnatione
913 3406 1175 3463 deﬁnitio
1209 3425 1221 3462 :
1254 3412 1656 3463 verumtamen
1691 3406 1872 3464 Filius
1913 3408 2017 3464 mi-

359 3493 519 3551 nime
548 3500 639 3552 est
667 3512 841 3552 verus
876 3498 1024 3552 Deus
1067 3496 1261 3569 qualis
1301 3502 1391 3553 est
1445 3497 1624 3552 Pater.
1677 3498 1803 3553 Ath.
1851 3498 2017 3554 Unde

357 3583 469 3640 hoc
500 3591 803 3657 acceptum
839 3586 1088 3641 attulisti
1122 3586 1293 3642 nobis
1316 3586 1344 3641 ‘I
1373 3586 1465 3640 Ar.
1507 3586 1902 3659 Nunquamne
1933 3587 2013 3643 le-

356 3672 496 3746 gisti
526 3674 926 3748 Evangelium,
958 3675 1056 3731 ubi
1095 3675 1373 3731 Dominus
1403 3675 1484 3731 ita
1505 3681 1734 3731 Patrem
1768 3676 2013 3748 alloqui-

351 3765 488 3818 tur:
516 3785 545 3813 «
576 3764 708 3820 Hauc
739 3769 828 3821 est
857 3765 973 3820 vita
1003 3768 1318 3835 aeterna,ut
1347 3771 1703 3837 cognoscant
1734 3771 1789 3821 te
1820 3764 2013 3823 solum

346 3865 553 3906 verum
586 3852 702 3908 Deu
715 3857 856 3924 m,et
876 3869 1052 3924 quem
1076 3853 1521 3923 misisti,Jesum
1544 3853 1841 3911 Christum
1862 3855 1901 3890 ⁴¹
1928 3855 1956 3909 ‘I
1981 3877 2009 3905 »

348 3938 526 3997 Vides
556 3944 752 3999 solum
782 3959 983 3998 verum
1034 3948 1215 3998 Deum
1262 3942 1482 3999 dixisse
1527 3944 1774 4014 Patrem,
1810 3950 2009 4017 utpote

351 4048 485 4089 cum
511 4031 636 4104 ipse
658 4049 773 4087 non
798 4033 874 4087 sit
895 4049 1064 4088 verus
1083 4032 1237 4088 Deus
1252 4031 1280 4086 ?
1308 4033 1430 4088 Ath.
1454 4032 1516 4088 Id
1539 4033 1872 4104 conjunctio
1894 4038 2005 4105 est,

349 4122 530 4177 verba
561 4138 689 4193 quae
711 4126 845 4177 ante
864 4127 1003 4177 sunt
1025 4122 1215 4193 posita
1244 4126 1301 4177 et
1331 4138 1462 4194 quae
1486 4126 1816 4195 sequuntur
1845 4122 2007 4180 nullo

353 4211 529 4267 modo
562 4209 848 4267 dividens.
884 4211 1142 4269 Profecto
1174 4213 1274 4284 qui
1330 4217 1482 4267 recte
1530 4212 1812 4282 sentiunt,
1845 4212 2004 4270 illam

353 4303 684 4370 agnoscunt
727 4301 1203 4371 conjunctionem
1248 4301 1305 4355 in
1355 4316 1492 4356 voce
1542 4302 1863 4357 Dominica.
1905 4303 2004 4359 Ni-

353 4388 679 4445 hilominus
708 4406 872 4461 aequo
905 4390 1102 4449 animo
1134 4390 1340 4446 audias
1388 4394 1517 4462 quae
1550 4407 1681 4447 sum
1716 4392 2002 4448 dicturus.

353 4478 412 4535 Si
442 4478 579 4550 quis
610 4477 785 4535 alicui
815 4479 898 4535 ita
923 4480 992 4535 de
1014 4478 1396 4535 Constantino
1428 4479 1766 4551 praeciperet
1796 4497 1809 4535 :
1840 4480 2005 4539 Certo

350 4582 601 4638 agnosce
622 4567 812 4623 solum
834 4570 1164 4640 Augustum
1188 4572 1244 4622 et
1264 4568 1570 4624 dominum
1593 4573 1761 4626 terrae
1792 4575 1850 4625 et
1879 4587 2002 4627 ma-

2155 630 2293 706 πρὸς
2348 630 2440 686 τὸν
2498 630 2788 706 γενόμενον
2840 632 3127 709 ἄνθρωπον
3178 635 3268 690 καὶ
3324 638 3702 715 σταυρωθέντα
3748 640 3818 696 δι’

2155 722 2302 793 ἡμᾶς
2335 720 2464 775 Θεὸν
2491 721 2571 776 ἀεὶ
2604 716 2750 777 ὄντα.
2786 728 2910 796 "Ap.
2973 723 3106 779 εἶπε·
3141 730 3253 780 Ποῦ
3300 725 3595 803 γέγραπται
3652 735 3816 788 τοῦτο

2152 811 2216 864 τὸ
2273 810 2618 887 καινότερον;
2672 813 2788 870 Ἀθ.
2845 812 2995 869 εἶπε·
3059 814 3211 890 Παρᾶ
3257 815 3489 890 Ἱερεμίᾳ
3542 822 3622 890 τῷ
3679 842 3813 897 προ-

2154 900 2317 977 φήτῃ
2352 900 2481 977 φησῖ
2540 902 2659 976 γάρ·
2697 926 2724 954 ‹‹
2757 902 2927 966 Οὗτος
2959 904 2987 959 6
3027 905 3157 966 Θεὸς
3202 907 3388 979 ἡμῶν,
3421 906 3482 961 οὗ
3545 912 3814 984 Λογισθή-

2153 1009 2298 1043 σεται
2327 986 2509 1066 ἕτερος
2538 992 2674 1065 πρὸς
2705 990 2886 1050 αὐτόν.
2920 992 3131 1069 Ἐξεῦρε
3180 1000 3350 1050 πᾶσαν
3399 992 3522 1051 ὁδὸν
3584 998 3808 1072 ἐπιστή-

2155 1100 2286 1150 μης,
2318 1079 2408 1134 καὶ
2466 1078 2664 1135 ἔδωκεν
2724 1080 2890 1150 αὐτὴν
2944 1077 3141 1137 Ἰακὼϐ
3197 1089 3277 1157 τῷ
3317 1082 3469 1140 παιδὶ
3500 1086 3684 1157 αὐτοῦ,
3716 1090 3805 1143 καὶ

2152 1167 2371 1243 Ἰσραήλ
2419 1173 2498 1241 τῷ
2548 1170 2897 1245 ἠγαπημένῳ
2941 1171 3030 1227 ὑπ’
3082 1172 3266 1227 αὐτοῦ.
3315 1175 3463 1230 Μετὰ
3506 1180 3673 1232 ταῦτα
3717 1177 3803 1233 ἐπὶ

2148 1265 2247 1327 τῆς
2296 1266 2397 1333 γῆς
2447 1256 2629 1337 ὤφθη,
2667 1260 2755 1315 καὶ
2801 1266 2918 1323 τοῖς
2964 1261 3276 1338 ἀνθρώποις
3319 1265 3740 1345 συνανεστράφη.
3779 1292 3805 1319 n

2148 1347 2204 1399 Ὁ
2264 1345 2354 1402 οὖν
2406 1347 2588 1426 ὀφθεὶς
2619 1353 2732 1422 (26)
2758 1350 2918 1413 οὗτος
2974 1351 3042 1420 ἦν
3103 1353 3252 1421 Θεὸς,
3301 1353 3392 1408 καὶ
3449 1350 3612 1423 ἔστιν,
3645 1356 3692 1429 ᾧ
3743 1354 3804 1411 οὗ

2146 1434 2677 1513 προσλογισθήσεται
2725 1436 2907 1514 ἕτερος
2956 1442 3108 1515 Θεὸς,
3136 1442 3222 1496 ναὶ
3281 1444 3314 1513 ἣ
3361 1441 3461 1513 οὕ;
3493 1445 3619 1521 "Ap.
3666 1445 3799 1501 εἷπε·

2146 1526 2337 1589 Καθὼς
2385 1528 2413 1581 ὁ
2459 1531 2750 1606 προφήτης
2810 1527 2977 1604 λέγει,
3010 1530 3170 1594 αὐτός
3222 1531 3360 1587 ἐστιν
3395 1533 3423 1587 ὁ
3466 1533 3618 1597 Θεός.
3653 1535 3804 1591 Ἀθέ-

2148 1637 2302 1687 μιτον
2354 1618 2456 1691 γάρ
2508 1617 2617 1673 ἐστι
2658 1619 2782 1693 περὶ
2831 1625 2927 1675 τοῦ
2970 1621 3177 1697 Ματρὸς
3211 1620 3410 1697 λέγειν,
3442 1621 3525 1678 ὅτι
3556 1618 3737 1701 ὤφθη,
3769 1626 3803 1694 ἣ

2143 1703 2226 1758 ὅτι
2281 1704 2565 1781 ἄνθρωπος
2614 1709 2851 1784 γεγονὼς
2898 1707 3384 1767 συνεπολιτεῦσατο
3430 1718 3546 1774 τοῖς
3594 1713 3800 1790 ἀνθρώ-

2140 1815 2286 1863 ποις,
2338 1800 2570 1873 φανεροῦ
2627 1792 2782 1860 ὄντος
2839 1796 2935 1853 τοῦ
2993 1798 3339 1874 πράγματος,
3392 1800 3474 1855 ὅτι
3532 1802 3560 1856 6
3618 1803 3799 1878 Λόγος

2139 1884 2271 1946 Θεὸς
2327 1884 2768 1962 ἐνηνθρώπησεν.
2804 1888 2918 1947 Ἀθ,
2967 1888 3132 1943 εἶπεν·
3184 1889 3389 1945 Οὐκοῦν
3445 1892 3523 1953 εἷς
3570 1891 3598 1945 6
3647 1893 3794 1965 Υἱὸς,

2141 1974 2169 2028 6
2200 1974 2305 2049 πρὸ
2361 1976 2577 2030 πάντων
2632 1976 2844 2032 αἰώνων
2889 1978 3247 2055 συνυπάρχων
3278 1984 3358 2053 τῷ
3389 1980 3555 2054 Πατρὶ
3609 1980 3794 2054 αὐτοῦ,

2139 2064 2265 2125 Θεὸς
2324 2061 2397 2118 ὢν
2458 2064 2710 2137 ἀόρατος,
2762 2066 3047 2143 ἅνθρωπος
3123 2068 3339 2144 γέγονεν
3401 2068 3616 2145 ὁρατός.
3668 2072 3795 2148 Ἃρ.

2140 2151 2305 2207 εἶπεν·
2339 2155 2457 2207 Ὅτι
2510 2154 2586 2215 εἷς
2646 2154 2788 2210 ἐστιν
2831 2157 2858 2211 6
2892 2157 3011 2217 Υἱὸς
3066 2162 3163 2212 τοῦ
3220 2162 3377 2232 Θεοῦ,
3409 2158 3792 2235 ὡμολόγηται·

2137 2240 2204 2294 οὐ
2262 2242 2594 2319 συνυπάρχει
2655 2241 2713 2299 δὲ
2766 2250 2847 2318 τῷ
2883 2246 3050 2316 Πατρὶ
3097 2246 3429 2323 ἀπεράντως.
3465 2249 3581 2303 Ἀθ.
3629 2250 3791 2304 εἶπενο

2136 2332 2197 2386 Ἠ
2230 2331 2391 2404 σοφία
2421 2333 2513 2387 καὶ
2545 2336 2580 2404 ἡ
2616 2330 2846 2408 δύναμις
2878 2337 3214 2413 συνυπάρχει
3244 2341 3325 2409 τῷ
3354 2337 3526 2412 Πατρὶ
3583 2338 3674 2393 καὶ
3714 2343 3795 2412 τῷ

2136 2420 2410 2494 Πνεόματι
2469 2427 2550 2495 τῷ
2601 2424 2775 2497 ἁγίῳ;
2828 2431 2956 2500 "Ap.
3018 2425 3182 2481 εἶπεν*
3243 2425 3430 2489 Οὕτως
3485 2423 3629 2503 ἔχει.
3671 2429 3791 2486 Ἀθ.

2135 2509 2301 2564 εἶπενο
2337 2512 2430 2573 Εἷς
2489 2510 2582 2566 οὗν
2644 2511 2719 2567 ὢν
2778 2515 2806 2569 ὁ
2838 2515 3067 2589 ἀόρατος
3124 2516 3245 2578 Υἱὸς
3296 2520 3393 2570 τοῦ
3452 2521 3608 2584 Θεοῦ,
3641 2519 3669 2571 ὁ
3700 2516 3791 2573 καὶ

2133 2599 2368 2672 ὁραθεὶς,
2401 2601 2691 2673 ἀσώματος
2748 2604 2839 2658 καὶ
2899 2609 3059 2677 σῶμα
3117 2599 3325 2675 λαϐὼν,
3378 2605 3642 2667 ἀθάνατος
3699 2605 3792 2661 καὶ

2134 2690 2366 2744 θανάτου
2399 2696 2592 2765 πεῖραν
2622 2687 2809 2746 λαϐὼν
2860 2694 3095 2768 σαρκὶ,οὸ
3128 2692 3493 2772 ἀψηλοὶφητος
3542 2694 3633 2749 καὶ
3682 2698 3788 2769 ψη-

2133 2774 2416 2856 λαφηθείς.
2451 2786 2575 2855 "Ap.
2626 2781 2760 2836 εἶπε·
2823 2782 3092 2860 Σύμφημι
3152 2785 3284 2859 ἅπερ
3346 2784 3514 2845 εἶπας.
3569 2785 3681 2841 Ἀθ.
3713 2784 3785 2839 εἶ-

2130 2887 2248 2921 πεν’
2310 2868 2484 2932 Οὗτος
2545 2868 2638 2924 οὖν
2698 2871 2788 2926 καὶ
2850 2871 3046 2947 Κύριος
3102 2876 3214 2945 (27)
3246 2873 3337 2927 καὶ
3395 2872 3545 2942 Θεὸς,
3599 2869 3687 2927 διὰ
3725 2873 3787 2928 τὸ

2132 2958 2466 3035 συναφθῆναι
2520 2960 2621 3028 τὴν
2681 2960 2854 3034 σάρκα
2910 2965 2991 3033 τῷ
3050 2961 3228 3034 Λόγῳ·
3263 2961 3354 3015 καὶ
3399 2960 3461 3015 οὐ
3513 2957 3787 3036 διῃρημέ-

2130 3066 2259 3114 νως,
2304 3047 2396 3101 καὶ
2456 3048 2773 3123 κυριότητες
2837 3050 2932 3123 μὲν
2989 3048 3259 3125 λέγοντας
3312 3051 3339 3104 6
3398 3048 3455 3105 δὲ
3505 3055 3603 3106 τοῦ
3652 3054 3786 3106 Θεοῦ

2130 3135 2252 3197 Υἱὸς
2309 3136 2520 3206 Ἱησοῦς
2578 3138 2834 3213 Χριστὸς,
2889 3140 2917 3193 6
2974 3140 3144 3213 Λόγος
3198 3140 3289 3194 xui
3348 3139 3499 3209 Θεὸς,
3532 3140 3607 3202 εἷς
3662 3160 3786 3216 τυγ-

2128 3225 2311 3299 χάνει.

2199 3317 2289 3370 22.
2325 3320 2453 3389 "Ap.
2488 3315 2621 3371 εἶπε·
2659 3322 2818 3372 Δοκεῖ
2870 3317 2962 3391 μοί
3018 3338 3134 3379 πως
3190 3316 3460 3393 ὀρθότατα
3517 3317 3782 3397 καταφαί-

2127 3405 2307 3457 νεσθαι
2366 3405 2394 3458 ὁ
2453 3403 2577 3479 περί
2631 3413 2731 3475 τῆς
2789 3408 3113 3481 σαρκώσεως
3170 3406 3320 3481 ὅρος·
3384 3408 3629 3483 μέντοιγε
3685 3407 3787 3463 οὐκ,

2126 3490 2389 3563 ἀληθινὸς
2446 3493 2579 3557 Θεός
2637 3494 2780 3550 ἐστιν
2839 3497 2868 3550 6
2927 3496 3072 3567 Υἱὸς,
3107 3496 3287 3571 ὥσπερ
3338 3498 3366 3550 6
3418 3499 3627 3571 Πατήρ.
3662 3498 3778 3551 Ἀθ.

2125 3579 2259 3635 εἶπε·
2298 3582 2467 3637 Πόθεν
2520 3588 2683 3638 τοῦτο
2742 3583 2985 3662 εἰληφὼς
3036 3583 3296 3656 ἐκόμισας
3340 3586 3515 3657 ἡμῖν;
3553 3586 3673 3658 'Ap.
3710 3583 3778 3638 si-

2122 3691 2239 3725 πεν·
2289 3668 2561 3727 Οὐδέποτε
2621 3673 2848 3747 ἀνέγνως
2904 3674 2966 3727 τὸ
3025 3671 3374 3746 Εὐαγγέλιον,
3409 3671 3482 3733 ὥς
3539 3692 3702 3749 φησιν
3752 3672 3780 3725 6

2124 3759 2320 3835 Κύριος
2376 3762 2513 3836 πρὸς
2559 3763 2653 3817 τὸν
2710 3762 2903 3817 ἑαυτοῦ
2966 3761 3196 3835 Πατέρα·
3254 3785 3281 3812 α
3333 3760 3484 3831 Αὕτη
3544 3760 3684 3816 ἐστὶν
3743 3761 3779 3829 ἡ

2123 3848 2344 3913 αἰώνιος
2380 3849 2632 3922 ζωή,’ίνα
2676 3850 2987 3926 γινώσκωσί
3028 3871 3086 3905 σε
3140 3851 3233 3905 τὸν
3297 3850 3462 3923 μόνον
3519 3846 3782 3920 ἀληθινὸν

2119 3939 2269 4011 Θεὸν,
2303 3939 2392 3995 xui
2453 3940 2513 3995 ὃν
2571 3939 2892 4003 ἀπέστειλας
2942 3941 3153 4011 Ἰησοῦν
3213 3938 3443 4016 Χριστόν
3474 3960 3487 4009 ;
3522 3965 3549 3992 »
3598 3940 3781 4014 Ὁρᾷς,

2117 4028 2201 4084 ὅτι
2236 4030 2402 4102 μόνον
2436 4028 2698 4103 ἀληθινὸς
2732 4031 2863 4085 Θεὸν
2914 4024 3016 4109 ἔφη
3066 4030 3159 4085 τὸν
3214 4030 3451 4104 Πατέρα,
3486 4028 3560 4090 ὡς
3619 4026 3784 4082 αὐτοῦ

2119 4120 2195 4192 μὴ
2248 4115 2403 4183 ὄντος
2438 4118 2705 4190 ἀληθινοῦ
2735 4125 2869 4176 Θεοῦ
2896 4140 2908 4190 ;
2941 4121 3058 4176 Ἀθ.
3093 4119 3227 4177 εἶπε.
3259 4121 3429 4174 Τοῦτο
3482 4114 3780 4189 σύνδεσμός

2114 4207 2249 4277 ἐστι,
2281 4214 2388 4264 τῶν
2447 4212 2865 4285 προειρημένων
2902 4210 3166 4285 ῥημάτων
3210 4208 3303 4264 καὶ
3344 4213 3452 4263 τῶν
3508 4206 3778 4283 ἐπαχθέν.

2112 4320 2222 4354 των
2282 4298 2344 4354 ο·ἰ
2404 4296 2665 4373 διαίρεσιν
2726 4298 2994 4371 ἐμποιῶν.
3028 4296 3341 4370 Ἀραρότως
3384 4294 3441 4350 δὲ
3489 4296 3635 4370 παρᾶ
3664 4300 3781 4357 τοῖς

2115 4386 2466 4464 εὐφρονοῦσιν
2518 4385 2888 4458 ὡμολόγηται
2923 4382 3363 4457 σύνδεσμος
3421 4384 3484 4436 τὸ
3542 4382 3629 4435 ἐπὶ
3678 4390 3778 4450 τῆς

2115 4478 2391 4549 Κυριακῆς
2448 4471 2851 4552 φωνῆς.ΙΙλήν
2915 4470 3075 4525 ἄκουε
3140 4471 3275 4543 μετᾶ
3336 4467 3777 4543 μακροθυμίαςὸ

2114 4586 2280 4642 φημι.
2317 4562 2388 4618 Εἴ
2438 4585 2518 4623 τις
2575 4567 2655 4634 τῷ
2704 4557 2941 4631 πλησίον
2986 4558 3299 4614 ἐντέλλεται
3330 4558 3454 4632 περὶ
3489 4559 3775 4614 Κωνσταν-

348 4655 432 4712 ris
461 4656 871 4728 imperatorem
903 4658 1352 4713 Constantinum
1391 4662 1450 4713 et
1497 4658 1904 4715 Constantium
1934 4659 2002 4713 fi-

2132 4653 2260 4709 τίνου
2321 4652 2513 4726 λέγων’
2569 4652 2855 4728 Ἀσφαλῶς
2910 4648 3138 4724 γίνωσκε
3188 4649 3282 4704 τὸν
3346 4647 3509 4721 μόνον
3567 4643 3775 4723 Αὔγου-

345 4742 492 4799 lium
524 4746 674 4816 ejus,
696 4761 839 4800 num
866 4743 918 4801 is
944 4745 1131 4802 ﬁlium
1164 4763 1299 4801 cum
1330 4751 1492 4817 patre
1522 4746 2000 4813 conﬁteretur,an

345 4832 507 4889 non?
534 4834 635 4889 Ar.
669 4834 793 4890 Non
826 4833 946 4890 leve
991 4839 1083 4891 est
1126 4834 1452 4907 periculum
1493 4835 1685 4891 dicere
1713 4835 2000 4891 Constan-

344 4922 494 4978 tium
526 4940 639 4979 non
677 4923 967 4996 imperare
996 4941 1129 4981 cum
1161 4926 1540 4981 Constantino
1574 4930 1737 4997 patre
1772 4941 1901 4997 suo,
1934 4941 2001 4982 eo

343 5013 500 5084 quod
532 5029 652 5068 una
671 5029 805 5069 cum
835 5013 963 5085 ipso
995 5018 1355 5070 numeretur.
1407 5014 1527 5070 A/h.
1566 5018 1650 5068 An
1699 5029 1836 5086 ergo
1865 5030 1999 5085 gra-

340 5103 653 5159 vissimum
692 5104 1020 5176 periculum
1053 5104 1242 5159 cernis
1272 5105 1631 5176 impendere,
1672 5103 1725 5158 si
1754 5105 1826 5158 de
1853 5104 2000 5160 Con-

344 5192 605 5250 stantino
636 5197 696 5249 et
715 5192 1168 5248 Constantio‘ita
1197 5194 1360 5249 ausis
1390 5192 1573 5265 loqui,
1627 5191 1771 5247 nihil
1803 5196 1998 5247 autem

344 5281 518 5339 times
543 5282 642 5355 qui
674 5281 816 5339 talia
846 5282 918 5339 de
938 5282 1081 5361 Jesu
1108 5282 1339 5339 Christo
1371 5288 1430 5339 et
1448 5284 1577 5354 ejus
1599 5282 1769 5339 Patre
1794 5283 1998 5354 loque-

411 5449 457 5485 ⁴⁰
487 5450 736 5509 Baruch.
771 5470 850 5509 ιιι.
887 5451 1076 5507 36-38.
1154 5451 1197 5487 ⁴¹
1228 5450 1398 5507 Joan.
1434 5469 1570 5523 xvu,
1603 5455 1657 5510 3.

412 5597 528 5697 ςξςλ
556 5600 771 5697 limen")
807 5599 1391 5697 oiizjdposig,‘deslunt
1431 5604 1490 5659 in
1525 5611 1675 5697 Aug.

415 5671 658 5752 _(_2_7)_‘Ita_
680 5674 820 5747 Reg.
862 5671 1035 5752 Editj.
1086 5671 1220 5732 vero
1262 5680 1519 5752 _G_omm._,
1577 5671 1745 5752 Οῦτος
1779 5675 1994 5752 Κύριος.

342 5740 715 5803 ΕᾶίιζΡατίε.
745 5740 880 5804 οὐαὶ
911 5746 1042 5805 aliis
1071 5762 1216 5804 mss.
1249 5744 1420 5810 Οὗτος
1454 5740 1547 5802 οῦν
1579 5748 1798 5828 Κύριος.

2116 4765 2237 4798 στον
2298 4742 2389 4797 xui
2450 4740 2825 4815 αὐτοκράτορα
2883 4746 2984 4817 γῆς
3040 4738 3132 4793 xui
3205 4735 3484 4807 θαλάσσης
3549 4735 3778 4814 βασιλέα

2113 4835 2514 4892 Κωνσταντῖνον
2570 4830 2661 4886 καὶ
2710 4830 3082 4886 Κωνστάντιον
3129 4829 3223 4884 τὸν
3286 4825 3402 4882 υἱόν
3434 4824 3620 4898 αὐτοῦ,
3656 4847 3774 4880 συν-

2292 4922 2302 4939 ν
2533 4921 2545 4937 κ
2708 4920 2721 4937 ς
2860 4924 2885 4934 .-
3103 4918 3117 4937 ι
3266 4917 3279 4934 ε
3432 4912 3459 4935 »ι
3535 4922 3558 4939 ,,

2112 4920 2444 4998 ωμολογησε
2494 4941 2584 4976 τον
2645 4920 2760 4975 υἱον
2818 4941 2900 4993 τῳ
2956 4938 3144 4994 πατρι,
3196 4938 3283 4972 ναι
3335 4918 3501 4986 ἣου;
3561 4922 3662 4990 Ap.
3699 4913 3771 4969 εἶ-

2110 5032 2224 5066 πεν·
2259 5011 2337 5068 Οὐ
2388 5011 2580 5086 μικρὸς
2638 5007 2886 5072 κίνδυνος
2936 5008 3000 5064 τὸ
3051 5007 3242 5073 εἰπεῖν,
3275 5005 3358 5061 ὅτι
3391 5005 3454 5060 οὗ
3514 4999 3775 5078 συμϐασι-

2112 5100 2258 5157 λεῦει
2288 5101 2660 5161 Κωνστάντιος
2692 5097 3085 5169 Κωνσταντίνῳ
3140 5100 3222 5168 τῷ
3278 5094 3444 5169 πατρὶ
3494 5093 3679 5161 αὐτοῦ,
3713 5093 3773 5148 ἐκ

2107 5194 2205 5245 τοῦ
2268 5189 2713 5266 ὑπαριθμηθῆναι
2774 5186 2923 5259 αὐτῷ
2953 5186 3086 5260 (29).
3112 5185 3229 5241 Ἀθ.
3288 5183 3456 5238 εἶπεν*
3486 5182 3613 5238 Ἐπὶ
3675 5180 3769 5255 μὲν

2111 5279 2485 5335 Κωσταντίνου
2561 5279 2653 5333 καὶ
2740 5273 3116 5332 Κωνσταντίου
3194 5268 3442 5328 κίνδυνον
3523 5271 3766 5346 μέγιστο,

2483 5649 2495 5662 .
2528 5601 2904 5700 ὁμολογεῖται.

2180 5678 2291 5751 (29)
2326 5678 2490 5753 £133.,
2522 5678 2680 5734 αὐτόν
2692 5722 2704 5735 .
