4170 6390
412 438 526 499 465

1558 427 2028 488 DlSPUTATlO
2072 427 2381 487 CONTRA
2429 428 2470 486 A
2484 426 2700 488 RlUM.

3727 417 3847 479 466

407 571 558 644 ὁρᾷς,
611 565 700 620 ἐπὶ
753 561 811 620 δὲ
862 565 1041 635 Ἰησοῦ
1091 565 1330 636 Χριστοῦ
1381 559 1467 614 καὶ
1515 564 1610 613 τοῦ
1661 557 1871 634 Πατρὸς
1903 555 2032 644 αὐτο

2184 557 2310 614 ris?
2359 559 2950 627 Eamdemjadversus
2984 556 3294 612 Dominum
3343 554 3614 610 exhibere
3661 553 3844 607 debes

407 642 467 715 οὗ
499 652 644 732 φοϐῇ
669 660 895 712 τοιαῦτα
922 652 1290 732 φθεγγόμενος
1326 670 1338 718 ;
1375 655 1465 704 Δεῖ
1504 670 1560 704 σε
1607 646 1864 717 τοιαύτην
1915 642 2062 722 ἔχειν

401 743 670 804 εὐσέϐειαν
728 745 805 806 εἰς
852 746 942 799 τὸν
993 742 1214 816 Κύριον,
1269 740 1382 794 οἵαν
1428 738 1513 794 mi
1548 738 1624 799 εἷς
1656 741 2060 791 Κωνσταντῖνον

401 835 649 912 ῥηθέντα.
713 832 828 891 Οὐκ
872 830 1154 907 ἀφῄρησας
1218 828 1323 882 ἀπὸ
1379 831 1477 881 τοῦ
1537 827 1656 880 υἱοῦ
1705 826 1870 879 αὑτοῦ
1916 832 2059 879 Κων-

400 923 668 990 σταντίου,
729 922 1006 976 τουτέστιν
1051 918 1209 972 αὐτὸν
1259 914 1590 991 Αὔγουστον,
1642 915 1729 968 καὶ
1762 914 1933 969 πάντα
1964 909 2063 968 ὅσα

398 1013 474 1075 εἰς
506 1014 597 1068 τὸν
660 1013 866 1088 πατέρα
913 1009 1077 1064 αὐτοῦ
1137 1006 1478 1083 προερῥήθη,
1531 1004 1630 1059 οὐκ
1685 1003 1918 1059 ἀλλοθεν
1959 1005 2056 1072 τὴν

399 1098 627 1170 ἑνότητα
673 1101 772 1168 τῆς
823 1096 973 1167 ἀξίας
1027 1093 1279 1170 ἐπιγνοὺς
1394 1091 1462 1147 δι’
1494 1092 1680 1148 αὐτοῦ.
1722 1096 1844 1166 "Ap.
1888 1094 2056 1147 εἶπεν·

391 1187 681 1250 Ἐκκλίνας
739 1187 846 1241 ἀπὸ
889 1190 998 1240 τῶν
1051 1181 1465 1259 συλλογισμῶν,
1526 1179 1791 1258 ἔγγραφον
1839 1202 1931 1254 μοι
1965 1179 2058 1243 δὸς

395 1276 696 1348 ἀπόδειξιν,
730 1276 773 1331 εἰ
805 1275 1067 1345 ἀληθινὸς
1103 1272 1233 1335 Θεός
1267 1272 1408 1327 ἐστιν
1444 1272 1471 1326 6
1503 1273 1646 1342 Υἱὸς,
1682 1270 1860 1343 ὥσπερ
1901 1270 2055 1345 κάγώ

395 1389 481 1421 σοι
538 1368 720 1445 φωνὴν
775 1365 1083 1441 παρεθέμην
1136 1361 1516 1437 εὐαγγελικήν.
1571 1361 1687 1417 Ἀθ.
1736 1360 1902 1415 εἷπεψ
1954 1361 2052 1414 ’Δ-

392 1477 524 1511 κουε
579 1456 668 1510 καὶ
713 1454 836 1528 περὶ
883 1453 1074 1508 τούτου
1124 1448 1395 1529 ἔγγραφον
1456 1451 1555 1519 τήν
1615 1447 1912 1520 ἀπόδειξιν,
1962 1449 2052 1503 καὶ

398 1545 477 1618 μή
509 1544 724 1600 πλανῶ.
786 1542 1036 1612 Ἰωάννης
1083 1543 1110 1596 ὁ
1163 1539 1469 1602 ἀπόστολος
1518 1538 1690 1601 οὕτως
1730 1535 1852 1616 ἔφη·
1890 1563 1917 1590 ‹‹
1953 1540 2048 1594 Καὶ

394 1632 640 1708 οἷ’δαμεν,
692 1633 771 1687 δτι
822 1633 848 1686 6
896 1637 991 1686 τοῦ
1041 1635 1176 1686 Θεοῦ
1226 1631 1350 1692 Υἱὸς
1384 1627 1530 1698 ἤχει,
1561 1630 1649 1683 καὶ
1683 1624 1880 1683 ἔδωκεν
1911 1631 2047 1701 ἡμῖν

391 1722 654 1791 διάνοιαν,
709 1721 799 1776 ’ίνα
854 1721 1212 1796 γινώσκωμεν
1271 1721 1362 1774 τὸν
1424 1717 1685 1789 ἀληθινὸν
1747 1713 1896 1773 Θεόν·
1957 1718 2046 1772 καί

385 1811 543 1884 ἐσμεν
578 1811 628 1865 ἐν
663 1811 743 1882 τῷ
773 1810 1022 1882 ἀληθινῷ
1054 1811 1164 1882 Υἱῷ
1190 1810 1354 1864 αὐτοῦ
1405 1811 1589 1879 Ἰησοῦ
1642 1812 1884 1882 Χριστῷ.
1940 1807 2044 1864 Οὗ-

2178 648 2476 720 pietatem.
2532 665 2597 703 ac
2644 649 2702 702 in
2755 652 3144 702 memoratum
3187 644 3660 701 Constantinum.
3713 641 3838 698 Non

2176 737 2471 793 abstulisti
2505 739 2576 792 ab
2609 739 2737 808 ejus
2768 737 2888 792 filio
2910 735 3248 791 Constantio
3281 732 3838 806 Augustivmajesta-

2174 834 2315 889 tem.
2349 845 2454 882 nec
2495 827 2608 882 alia
2639 828 2837 881 omnia
2868 843 2992 897 qua:
3027 827 3097 880 de
3141 829 3304 896 patre
3334 824 3461 893 ejus
3493 825 3664 876 antea
3693 823 3836 875 sunt

2173 918 2366 972 dicta:
2395 933 2496 971 nec
2529 916 2766 971 aliunde
2824 915 3130 988 dignitatis
3164 915 3361 968 unitas
3391 911 3496 966 tibi
3531 917 3666 965 nota
3699 910 3828 977 fuit,

2172 1022 2351 1077 quam
2407 1023 2509 1077 per
2557 1007 2773 1077 ipsum.
2809 1008 2899 1059 Ar.
2935 1004 3183 1059 Omissis
3233 999 3612 1074 syllogismis,
3648 999 3832 1070 proba

2171 1095 2316 1150 mihi
2374 1095 2692 1166 Scripturze
2749 1093 3093 1149 auctoritate
3154 1091 3364 1147 Filium
3437 1104 3640 1144 verum
3699 1103 3829 1142 esse

2169 1185 2377 1252 Deum,
2403 1184 2900 1254 quemadmodum
2933 1199 3038 1255 ego
3071 1180 3176 1236 tibi
3202 1195 3402 1236 vocem
3426 1175 3823 1248 evangelicam

2168 1275 2467 1345 proposui.
2518 1274 2643 1328 ΑιΙι.
2678 1273 2830 1327 Audi
2885 1272 3084 1343 itaque
3125 1270 3432 1342 Scriptura;
3483 1267 3593 1322 hac
3645 1266 3716 1322 de
3763 1281 3824 1321 re

2167 1367 2358 1431 verba,
2391 1380 2494 1418 nec
2534 1379 2682 1417 erra.
2717 1365 2974 1417 Joannes
3018 1359 3321 1432 apostolus
3349 1358 3491 1414 haec
3540 1356 3621 1412 ait
3653 1373 3717 1412 :«
3753 1355 3822 1408 Et

2164 1453 2385 1508 scimus
2437 1451 2716 1524 quoniam
2777 1450 2956 1506 Filius
3009 1451 3104 1504 Dei
3138 1448 3312 1516 venit,
3345 1453 3404 1503 et
3443 1447 3601 1502 dedit
3648 1444 3817 1500 nobis

2163 1559 2428 1606 sensum,
2455 1547 2519 1596 ut
2552 1556 2977 1612 cognoscamus
3009 1555 3210 1594 verum
3253 1539 3437 1592 Deum
3473 1554 3485 1591 :
3520 1539 3577 1590 et
3606 1549 3816 1590 sumus

2161 1632 2220 1686 in
2252 1647 2384 1686 vero
2413 1631 2555 1685 Filio
2587 1632 2714 1701 ejus
2758 1633 2897 1684 Jesu
2928 1627 3178 1683 Christo.
3212 1626 3315 1682 Hic
3345 1631 3431 1681 est
3457 1641 3628 1680 verus
3661 1623 3815 1680 Deus

2158 1725 2214 1775 et
2244 1720 2364 1775 vita
2393 1725 2609 1775 aeterna
2629 1719 2694 1773 ‘2.
2725 1742 2751 1767 η
2774 1718 2950 1772 Vides
2993 1717 3226 1772 easdem
3260 1731 3427 1771 voces
3457 1715 3529 1769 de
3561 1717 3726 1768 Patre
3759 1717 3816 1768 et

2158 1809 2301 1864 Filio
2350 1809 2614 1881 proferri,
2653 1807 2979 1878 Filiumque
3029 1823 3191 1873 aeque
3239 1821 3305 1860 ac
3358 1806 3585 1861 Patrem
3631 1809 3810 1858 Deum

379 1901 472 1964 τός
533 1900 642 1956 ἐστι
694 1902 721 1956 6
778 1898 1039 1970 ἀληθινὸς
1094 1901 1221 1962 Θεὸς
1272 1898 1362 1953 καὶ
1420 1901 1454 1967 ἡ
1503 1899 1615 1966 ζωὴ
1668 1900 1701 1966 ἡ
1737 1897 1978 1959 αἰώνιος.
2017 1921 2035 1948 ›;

2156 1899 2390 1953 dicere?
2436 1897 2583 1952 Nam
2629 1896 3127 1968 quemadmodum
3161 1895 3231 1950 de
3263 1899 3432 1950 Patre
3463 1894 3544 1949 ait
3577 1911 3645 1949 :«
3681 1893 3811 1949 Haec

381 1991 571 2066 Ὁρᾷς,
629 1989 711 2044 ὅτι
776 1989 929 2045 αὐταὶ
987 1990 1041 2044 αἱ
1098 1989 1268 2067 φωναὶ
1317 1989 1568 2067 φέρονται
1617 1987 1741 2062 περὶ
1790 1991 1886 2042 τοῦ
1916 1987 2044 2040 Υἱοῦ

393 2080 480 2134 καὶ
542 2079 770 2154 Πατρὸς,
831 2078 1184 2153 θεολογοῦσαι
1238 2078 1353 2132 ’ἰσον
1414 2079 1505 2132 τὸν
1572 2078 1692 2131 Υἱὸν
1737 2080 1815 2148 τῷ
1855 2076 2042 2152 Πατρί.

391 2169 590 2245 ’Ὠσπερ
647 2170 747 2244 γὰρ
816 2167 903 2222 ἐπὶ
945 2173 1042 2223 τοῦ
1100 2169 1309 2244 Πατρὸς
1369 2164 1490 2245 ἔφη’
1546 2191 1573 2218 ‹‹
1635 2166 1780 2237 Αὕτη
1816 2165 1953 2220 ἐστίν
2005 2169 2040 2234 ἡ

388 2257 608 2320 αἰώνιος
673 2259 808 2328 ζωὴ,
845 2255 937 2311 ’ἶνα
982 2257 1289 2333 γινώσκωσί
1333 2279 1390 2312 σε
1430 2257 1520 2312 τὸν
1577 2256 1736 2329 μόνον
1779 2253 2039 2325 ἀληθινὸν

387 2347 536 2416 Θεόν,
604 2372 623 2399 ιι
679 2347 767 2402 καὶ
830 2347 1053 2401 ἐνταῦθα
1110 2347 1234 2423 περὶ
1281 2351 1376 2401 τοῦ
1431 2347 1772 2424 Υἱοῦφησιν·
1811 2344 2041 2407 «Οὗτός

387 2435 524 2492 ἐστιν
578 2437 606 2491 6
665 2435 926 2506 ἀληθινὸς
986 2437 1115 2498 Θεὸς
1165 2436 1252 2490 καὶ
1307 2437 1419 2505 ζιυή
1470 2435 1709 2496 αἶ’ώνιος.
1764 2458 1790 2486 n
1821 2435 1891 2487 Τὸ
1926 2431 2036 2498 οὖν,

391 2551 410 2577 ι
448 2526 545 2582 Καὶ
606 2525 662 2580 ὅν
719 2523 1040 2580 ἀπέστειλας
1092 2527 1301 2596 Ἰησοῦν
1363 2526 1614 2599 Χριστὸν,
1666 2545 1692 2577 ν
1738 2521 2034 2594 σῦνδεσμος

379 2615 657 2691 τυγχάνει,
691 2615 806 2670 ἀντὶ
836 2619 933 2669 τοῦ
967 2614 1163 2690 λέγειν,
1197 2640 1223 2666 ‹‹
1283 2616 1354 2669 Σὶ
1387 2614 1551 2687 μόνον
1600 2614 1850 2680 ἀληθινὸν
1903 2613 2032 2668 Θεὸν

379 2706 467 2759 καὶ
499 2703 555 2758 ὅν
589 2703 908 2765 ἀπέστειλας
943 2705 1150 2775 Ἰησοῦν
1195 2705 1450 2778 Χριστὸν,
1503 2728 1528 2755 ››
1584 2703 1678 2757 ’ἱνα
1724 2705 2033 2777 γινώσκωσι

378 2793 468 2848 τὸν
528 2794 654 2847 Υἱὸν
714 2791 976 2862 ἀληθινὸν
1037 2793 1165 2848 Θεὸν
1218 2792 1400 2869 ὥσπερ
1449 2793 1539 2848 καὶ
1591 2793 1647 2847 σε
1676 2793 1766 2846 τὸν
1799 2793 2028 2866 Πατέρα·

2157 1992 2245 2043 est
2292 1988 2413 2042 vita
2459 1991 2695 2050 aterna,
2727 1989 2792 2039 ut
2839 1989 3199 2057 cognoscant
3250 1988 3306 2040 te
3365 1984 3557 2040 solum
3605 2001 3808 2040 verum

2163 2079 2429 2132 Deumzn
2463 2076 2544 2130 ita
2573 2081 2630 2130 et
2670 2074 2749 2129 ibi
2782 2075 2854 2130 de
2897 2073 3039 2129 Filio
3087 2073 3266 2128 dicit:
3297 2095 3323 2121 ‹‹
3350 2073 3451 2128 Hic
3499 2077 3590 2128 est
3635 2089 3808 2130 verus

2156 2169 2311 2223 Deus
2340 2172 2398 2222 et
2429 2169 2544 2221 vita
2573 2169 2808 2221 aaterna.
2833 2189 2859 2215 »
2884 2166 3013 2220 Haec
3044 2165 3224 2236 igitur
3248 2165 3422 2220 verba
3451 2181 3497 2220 τε
3532 2165 3602 2220 Et
3630 2182 3805 2236 quem

2155 2257 2368 2314 misisti
2389 2257 2586 2313 Jesum
2611 2257 2979 2327 Christum,»
3006 2255 3341 2326 conjunctio
3363 2261 3474 2322 est,
3503 2272 3627 2327 quae
3647 2255 3804 2312 idem

2151 2348 2445 2420 signiﬁcat
2467 2352 2639 2418 atque
2660 2345 3000 2417 hujusmodi
3024 2345 3198 2400 verba
3221 2360 3268 2399 ια
3285 2345 3363 2399 Te
3385 2344 3577 2400 solum
3601 2362 3803 2400 verum

2148 2437 2330 2491 Deum
2366 2439 2422 2490 et
2447 2453 2618 2507 quem
2655 2435 2868 2490 misisti
2897 2436 3099 2490 Jesum
3130 2433 3485 2500 Christum,»
3518 2435 3575 2488 id
3607 2439 3714 2501 est,
3742 2439 3806 2490 ut

2147 2528 2504 2596 cognoscant
2527 2524 2735 2578 Filium
2760 2528 2929 2578 tuum
2954 2538 3154 2577 verum
3189 2522 3340 2577 168
3365 2523 3570 2590 Deum,
3601 2539 3802 2594 quem-

2148 2614 2466 2669 admodum
2499 2619 2557 2669 et
2586 2621 2642 2668 te
2677 2613 2925 2668 Patrem.
2950 2613 3111 2667 Sicut
3140 2601 3199 2667 ei
3223 2612 3360 2666 alibi
3385 2612 3466 2666 ait
3488 2612 3796 2682 Dominus,

2145 2725 2171 2753 «
2209 2705 2323 2775 Ego
2383 2720 2515 2758 sum
2571 2703 2786 2758 veritas
2807 2703 2871 2756 ‘3.
2902 2725 2929 2752 »
2963 2703 3186 2758 Veritas
3234 2707 3430 2758 autem
3492 2719 3798 2774 nunquam

2143 2795 2330 2864 possit
2361 2809 2488 2848 esse
2519 2792 2912 2848 mendacium.

378 2884 618 2959 καθάπερ
649 2882 738 2937 καὶ
771 2883 823 2938 ἐν
858 2879 1016 2956 ἄλλῳ
1045 2882 1198 2956 τόπῳ
1230 2879 1404 2953 ἔλεξεν
1439 2884 1466 2937 ὁ
1498 2882 1715 2960 Κύριος·
1753 2907 1778 2933 ‹‹
1814 2883 1952 2957 Ἐγώ
2011 2881 2125 2954 εἰμι
2174 2883 2208 2950 ἡ
2267 2879 2516 2951 ἀλήθεά.
2577 2907 2603 2931 ››
2658 2878 2919 2950 ’Δλήθεια
2970 2877 3027 2934 δὲ
3076 2879 3175 2934 οὐκ
3221 2881 3280 2934 ἃν
3340 2877 3538 2953 ψεῦδος
3597 2880 3799 2955 ἐγένετό

378 2993 528 3028 ποτε.

450 3064 538 3119 23.
572 3062 695 3136 Ἀρ.
749 3062 915 3116 εἷπεψ
965 3062 1256 3136 Ὁμολογῷ
1303 3063 1450 3137 κάγὼ
1501 3065 1613 3134 (30)
1654 3060 1736 3117 ὅτι
1769 3062 2030 3132 ἀληθινὸς

381 3149 506 3212 Θεὸς
558 3149 698 3204 ἐστιν
763 3150 792 3202 6
839 3149 965 3210 Υἱὸς
1012 3152 1109 3203 τοῦ
1154 3153 1306 3204 Θεοῦ·
1364 3151 1438 3222 μή
1488 3170 1547 3223 γε
1599 3147 1816 3204 δύνασαι
1848 3148 2030 3227 φάναι,

379 3239 488 3312 ἅμα
519 3241 672 3311 Θεὸς,
704 3239 816 3312 ἅμα
849 3238 970 3300 Υἱός
999 3265 1012 3307 ;
1047 3239 1164 3294 Ἀθ.
1201 3239 1333 3293 εἶπε·
1367 3238 1432 3296 Τί
1484 3239 1658 3314 λέγεις
1709 3240 1821 3312 ἅμα
1877 3239 2029 3306 Θεὸς,

377 3329 488 3402 ἅμα
545 3328 706 3396 ι”ιόςς
763 3331 886 3387 ’Ὁτι
948 3329 975 3383 ὁ
1032 3329 1155 3391 Υἱὸς
1210 3330 1322 3400 ἅμα
1375 3330 1498 3391 Υἱὸς
1531 3335 1664 3384 Θεοῦ
1699 3329 1844 3397 ἐστις
1903 3331 2026 3386 Nai.

2211 3063 2300 3116 23.
2335 3063 2426 3116 Ar.
2460 3061 2751 3117 Confiteor
2781 3066 2836 3116 et
2867 3077 2972 3134 ego
3005 3061 3212 3116 Filium
3264 3060 3364 3116 Dei
3413 3077 3616 3116 verum
3667 3077 3796 3118 esse

2145 3157 2322 3207 Deum
2359 3170 2370 3206 :
2407 3169 2546 3206 num
2579 3168 2712 3207 vero
2757 3152 2948 3207 dicere
2979 3156 3166 3223 potes,
3201 3151 3377 3206 simul
3415 3155 3584 3218 Deus,
3613 3151 3796 3207 simul

2148 3242 2365 3297 Filius?
2397 3245 2516 3298 Alh.
2556 3244 2702 3308 Quid
2735 3245 2902 3308 dicis,
2937 3243 3113 3299 simul
3157 3248 3327 3310 Deus,
3361 3242 3538 3299 simul
3574 3241 3801 3298 Filius?

2143 3333 2292 3387 Num
2327 3333 2478 3402 quod
2508 3333 2690 3387 Filius
2723 3333 2899 3387 simul
2925 3332 3002 3387 sit
3033 3333 3212 3388 Filius
3235 3332 3376 3388 Dei?
3404 3332 3486 3387 ita
3517 3337 3626 3387 est.
3651 3332 3801 3388 Nam

370 3392 429 3474 ’ό
457 3417 556 3492 γὰρ
589 3392 724 3471 Θεοῦ
759 3415 930 3490 Λόγος
963 3419 1079 3487 (31)
1111 3392 1546 3492 Θεὸς-τυγχάνει,
1601 3419 1723 3480 Υἱὸς
1772 3392 1869 3472 τυῦ
1920 3425 2027 3472 Πα-

2153 3427 2295 3477 Deus
2338 3392 2589 3477 Verbum
2652 3423 2803 3477 Deus
2855 3429 2962 3489 est,
3022 3439 3158 3478 cum
3218 3422 3295 3477 sit
3350 3423 3540 3477 Patris
3598 3422 3804 3478 Filius.

370 3506 496 3580 τρὸς
549 3504 641 3562 ὢν.
703 3511 832 3581 ”Αρ.
885 3506 1051 3559 εἷπεν’
1103 3505 1225 3580 Οὐχ
1269 3505 1443 3567 οὕτως
1487 3507 1646 3584 φημὶ,
1683 3505 1804 3562 ἀλλ’
1836 3507 1918 3562 ’ὁτι
1956 3508 2030 3579 μή

373 3590 590 3648 δύνασαι
653 3601 821 3674 φῆσαι
871 3597 1007 3667 (32),
1058 3593 1172 3666 ἃμα
1215 3595 1343 3656 Θεὸς
1379 3597 1586 3671 Πατήρ,
1623 3597 1734 3668 ἅμα
1765 3597 1888 3658 Υἱὸς
1939 3595 2029 3650 σὺν

375 3685 562 3761 Πατρί.
619 3686 733 3742 Ἀθ.
788 3686 922 3739 εἷπε·
977 3685 1074 3739 Διὰ
1121 3684 1166 3738 ti
1227 3685 1288 3739 οὐ
1339 3683 1572 3758 δύναμαι
1619 3691 1779 3741 τοῦτο
1825 3686 2030 3756 εἷπεῖνς

373 3775 498 3848 Ἀρ.
530 3777 699 3830 εἶπεν
764 3776 884 3829 ’Ότι
935 3775 962 3829 ὁ
1012 3774 1140 3836 Θεὸς
1196 3775 1380 3851 Πατὴρ
1431 3775 1720 3850 ἀγέννητὸς
1753 3777 2029 3852 τυγχάνει,

377 3863 404 3915 6
435 3859 492 3917 δὲ
544 3865 668 3926 Υἱὸς
720 3863 977 3940 γεννητός
1028 3863 1190 3919 ἐστιν.
1243 3865 1371 3919 Ἀθ.
1426 3865 1592 3918 εἷπεν’
1647 3867 1707 3919 Ἡ
1741 3867 2031 3939 ἀγέννητος

378 3952 532 4028 φωνή
563 3951 650 4006 ἰπὶ
679 3958 778 4008 τοῦ
808 3957 943 4009 Θεοῦ
978 3953 1142 4026 μόνον
1174 3955 1444 4024 τάττεται,
1486 3955 1520 4022 ἣ
1567 3953 1656 4009 καὶ
1709 3953 1795 4008 ἐπὶ
1847 3954 2031 4009 ἄλλων

373 4045 577 4110 τινῶν;
611 4043 736 4118 Ἀρ.
799 4045 966 4098 εἶπενο
1027 4041 1205 4099 ’Άλλο
1238 4064 1287 4096 τι
1325 4044 1400 4115 μή
1432 4044 1649 4118 γένοιτο
1681 4051 1846 4121 φῆσαι
1880 4044 2028 4118 ἀγέν-

371 4148 560 4200 νητον·
621 4129 650 4184 ὅ
701 4132 800 4206 γὰρ
849 4133 1158 4207 ἀγέννητον,
1207 4137 1368 4187 τοῦτο
1417 4133 1507 4187 καὶ
1557 4130 1794 4208 ἄναρχον
1826 4134 2029 4208 τυγχά-

370 4241 471 4275 νει.
525 4222 620 4276 ΑΘ.
669 4222 834 4275 εἶπεν·
892 4223 954 4276 Ἦ
1003 4223 1180 4300 φωνὴ,
1231 4224 1265 4292 ἡ
1321 4221 1635 4296 ἀγέννητος,
1669 4222 1823 4278 οὐσία
1863 4222 2029 4292 ἐστὶν,

369 4310 402 4378 ἢ
463 4307 644 4370 οὖσῖας
705 4313 1053 4384 σημαντική;
1107 4313 1232 4383 Ἀρ.
1288 4313 1454 4366 εἶπεν·
1519 4311 1690 4369 Οὐσία
1749 4315 2025 4388 τυγχάνει.

369 4399 482 4455 Ἀθ.
547 4401 712 4454 εἶπενο
769 4397 972 4474 ὶΓεῦδῃ·
1026 4400 1124 4454 οὐκ
1145 4395 1283 4455 ἔστι)
1337 4399 1510 4462 οὐσία,
1561 4401 1686 4456 ἀλλ’
1720 4400 1901 4464 epeia;
1930 4423 2026 4468 ση-

367 4490 623 4559 μαντική.
686 4489 808 4564 Ἀρ.
865 4489 1001 4546 εἷπε.
1052 4489 1118 4545 Τί
1169 4490 1452 4560 σημαίνειν
1507 4489 1685 4552 θέλεις
1719 4494 1871 4564 (33);
1904 4492 2025 4549 Ἀθ.

363 4576 530 4631 εἶπεν⁹
590 4578 712 4634 ’Ότι
775 4577 836 4632 οὐ
889 4579 1125 4654 γέγονεν,
1185 4575 1308 4634 οὔτε
1360 4580 1467 4652 μὴν
1531 4579 1794 4655 ἐγεννήθη
1844 4583 1878 4650 ἡ
1928 4585 2029 4635 τοῦ

362 4670 495 4720 Θεοῦ
527 4665 701 4720 οὐσία·
766 4662 885 4721 ὅθεν
938 4667 1265 4745 προσφόρως
1318 4668 1553 4743 λέγομεν
1602 4669 1894 4744 ἀγέννητον
1926 4672 2024 4739 τὴν

2144 3513 2235 3566 Ar.
2298 3511 2423 3566 Non
2484 3512 2605 3566 haec
2665 3512 2816 3582 dico,
2877 3513 3000 3582 sed,
3055 3512 3210 3583 quod
3267 3512 3394 3584 ipse
3455 3512 3647 3567 dicere
3705 3527 3805 3566 ne-

2145 3617 2349 3668 queas,
2392 3601 2569 3656 simul
2609 3607 2754 3656 Deus
2794 3601 2982 3671 Pater,
3016 3600 3196 3656 simul
3235 3601 3411 3656 l’ilius
3451 3619 3580 3656 cum
3617 3603 3808 3656 Patre.

2143 3691 2264 3744 Atla.
2301 3692 2414 3745 Cur
2445 3691 2501 3744 id
2535 3689 2725 3745 dicere
2776 3688 3105 3761 nequeam?
3137 3691 3228 3745 Ar.
3261 3691 3434 3762 Quia;
3459 3696 3610 3746 Deus
3643 3691 3812 3745 Pater

2145 3778 2448 3851 ingenitus
2474 3784 2583 3849 cst,
2614 3779 2790 3834 Filius
2814 3797 2946 3835 vero
2970 3785 3059 3835 est
3089 3780 3344 3852 genitus.
3371 3780 3491 3834 Ath.
3517 3779 3646 3835 Hinc
3678 3796 3805 3848 vox,

2145 3871 2446 3941 ingenitus,
2479 3871 2551 3925 de
2598 3869 2799 3926 solone
2853 3875 2961 3925 Deo
3013 3874 3356 3941 usurpatur,
3387 3887 3458 3925 an
3511 3870 3688 3924 etiam
3734 3871 3806 3924 de

2143 3959 2274 4014 aliis
2306 3959 2708 4031 quibusdam?
2748 3959 2842 4014 Ar.
2883 3958 3041 4014 Nihil
3080 3964 3233 4014 certe
3283 3959 3438 4014 aliud
3475 3959 3560 4013 fas
3592 3963 3682 4013 est
3711 3958 3799 4012 di-

2142 4064 2272 4102 cere
2332 4048 2678 4118 ingenitum.
2725 4047 2868 4102 Nam
2920 4049 3074 4119 quod
3125 4048 3452 4120 ingenitum
3501 4052 3608 4115 est,
3642 4047 3798 4102 idem

2142 4142 2196 4190 et
2231 4136 2500 4208 principii
2524 4142 2612 4192 est
2642 4153 2866 4207 expers.
2889 4137 3016 4192 Ath.
3039 4138 3174 4206 Vox,
3199 4139 3499 4208 ingenitus,
3521 4139 3799 4193 substan-

2142 4226 2297 4280 tiane
2352 4230 2460 4291 est,
2503 4243 2576 4280 an
2636 4227 3036 4281 substantiam
3094 4227 3457 4298 significans.
3513 4227 3604 4281 Ar.
3647 4226 3796 4281 Sub-

2142 4315 2362 4370 stantia
2399 4321 2506 4370 est.
2541 4314 2664 4369 Ath.
2700 4315 2871 4369 Falsa
2911 4315 3057 4370 dicis
3093 4333 3105 4370 :
3142 4333 3254 4370 non
3305 4321 3394 4370 est
3441 4315 3798 4386 substantia,

2143 4406 2240 4459 scd
2299 4405 2691 4459 substantiam
2745 4403 3108 4474 significans.
3144 4407 3235 4460 Ar.
3271 4404 3420 4467 Quid
3475 4404 3805 4477 intelligis?

2141 4495 2262 4549 Ath.
2298 4493 2566 4565 Intelligo
2624 4510 2730 4548 nec
2786 4494 2997 4548 factam
3049 4509 3156 4549 nec
3209 4494 3472 4566 genitam
3523 4511 3651 4550 esse
3699 4494 3802 4551 Dei

2141 4583 2535 4638 substantiam
2574 4599 2585 4637 :
2621 4584 2772 4638 unde
2803 4583 3210 4639 convenienter
3256 4582 3357 4638 Dei
3399 4585 3797 4641 substantiam

2141 4674 2394 4728 dicimus
2431 4673 2773 4743 ingenitam.
2813 4673 3024 4729 Deinde
3070 4674 3358 4745 responde
3389 4672 3538 4728 mihi
3572 4691 3584 4727 :
3621 4673 3792 4729 Geni-

362 4753 540 4809 οὐσίαν
598 4761 697 4810 τοῦ
748 4761 902 4812 Θεοῦ.
968 4759 1101 4813 Εἶτα
1159 4757 1273 4812 εἰπέ
1337 4777 1449 4831 μοι·
1515 4756 1695 4830 Ἀδὰμ
1730 4760 2018 4831 ἐγεννήθη,

2161 4780 2300 4818 usue
2332 4769 2420 4818 est
2454 4764 2663 4826 Adam,
2698 4780 2768 4818 an
2817 4781 2930 4818 non
2951 4763 2979 4817 ‘I
3007 4764 3099 4819 Ar.
3135 4763 3257 4819 Non
3291 4768 3380 4819 est
3406 4764 3662 4835 genitus,
3687 4765 3789 4821 sed

359 4843 441 4898 ναὶ
472 4845 506 4913 ἢ
539 4841 640 4913 oii;
674 4851 802 4920 "Ap°
839 4848 1006 4901 εἶπενο
1059 4846 1173 4905 Οὐκ
1221 4845 1506 4922 ἐγεννήθη,
1565 4847 1690 4903 ἀλλ’
1744 4847 2010 4918 ἐπλάσθη.

359 4934 476 4990 Ἀθ.
539 4934 673 4988 εἷπε·
737 4935 866 5010 Περὶ
915 4941 1010 4990 τοῦ
1057 4935 1313 5011 ἐγεννήθη
1369 4935 1722 5012 ἐπηρώτησα,
1770 4938 1832 4992 οὐ
1891 4939 2013 5013 περὶ

356 5026 451 5077 τοῦ
509 5021 754 5094 ἐπλάσθη
817 5027 953 5099 (34).
1014 5027 1136 5097 Ἀρ.
1188 5027 1354 5081 εἶπεν⁸
1408 5026 1523 5083 Οὐκ
1569 5026 1848 5104 ἐγεννήθη.
1895 5029 2008 5083 Ἀθ.

358 5113 520 5167 εἶπεν·
585 5112 793 5170 Οὐκοῦν
844 5110 989 5170 ἔσται
1046 5111 1281 5191 ἄναρχος
1329 5117 1463 5172 κατά
1516 5118 1591 5173 σέ.
1628 5117 1805 5172 Ἀλλὰ
1833 5117 1921 5172 καὶ
1975 5120 2009 5187 ἡ

356 5197 467 5258 Εὕα
498 5201 597 5256 οὐκ
626 5201 907 5278 ἐγεννήθη,
939 5201 1068 5258 ἀλλ’
1101 5201 1536 5281 ἐδημιουργήθη.
1592 5206 1651 5260 Ti
1683 5204 1739 5261 δὲ
1771 5205 1876 5282 φῂς
1922 5208 2010 5261 καὶ

419 5373 466 5410 ⁵³
499 5374 523 5430 Ι
553 5375 726 5433 Joen.
757 5393 816 5448 v,
845 5377 938 5434 20.
1015 5378 1061 5413 ⁴³
1087 5379 1253 5435 Joan.
1287 5395 1406 5446 xxv,
1435 5381 1490 5436 6.

419 5552 532 5628 (30)
563 5551 724 5628 [gave
755 5556 919 5611 deest
949 5555 1009 5628 in
1041 5562 1190 5628 Aug.

416 5625 503 5694 (31
573 5625 716 5699 Reg.
750 5632 810 5683 et
836 5627 1092 5700 Anglia,
1123 5625 1184 5684 Ὅ
1249 5627 1314 5704 ἀρ
1343 5628 1470 5691 Θεὸς
1502 5629 1700 5705 Λόγος.

417 5625 530 5768 (32i
559 5698 787 5768 Anglic.
822 5695 1098 5763 δύνασθαι.
1134 5650 1292 5758 Ιιιῆια
1336 5701 1493 5758 idem
1544 5719 1700 5768 semp

345 5695 787 5843 ἆγὶῗξὶὲἶοέιίο.
822 5695 1098 5763 ὃύνᾶσθιιι.
1134 5695 1294 5758 lni’ra
1336 5701 1493 5758 idem
1544 5695 1775 5777 semper
1807 5706 2000 5778 habet,

2127 4853 2435 4910 formatus.
2455 4854 2578 4908 Ath.
2612 4853 2964 4926 Interrogavi
2990 4859 3188 4909 utrum
3212 4859 3365 4911 esset
3384 4856 3642 4928 genitus,
3669 4872 3785 4911 non

2128 4947 2323 4997 utrum
2374 4952 2530 4998 esset
2578 4945 2880 5000 formatus.
2914 4946 3006 4999 Ar.
3055 4944 3180 5000 Non
3231 4949 3320 5000 est
3367 4946 3623 5017 genitus.
3657 4945 3780 5000 Ath.

2125 5031 2184 5085 Ει
2205 5033 2244 5085 it
2277 5032 2456 5103 igitur
2489 5033 2756 5104 principii
2789 5050 2994 5106 expers
3025 5035 3353 5090 secundum
3385 5047 3460 5091 te.
3497 5035 3610 5090 Eva
3639 5035 3778 5091 item

2125 5138 2239 5176 non
2291 5129 2380 5176 est
2431 5122 2648 5192 genita,
2682 5124 2781 5178 sed
2816 5127 3029 5179 creata.
3055 5123 3202 5188 Quid
3235 5140 3367 5179 vero
3408 5124 3580 5194 dicis,
3597 5123 3668 5178 de
3717 5139 3784 5180 co

2124 5211 2223 5281 qui
2256 5213 2516 5266 nondum
2556 5213 2794 5284 genitus
2839 5217 2950 5280 est,
2969 5213 3310 5284 genitumne
3340 5227 3469 5268 esse
3509 5228 3582 5267 an
3613 5211 3780 5283 inge-

2186 5565 2525 5640 (33)Angl._,
2571 5563 2719 5638 θέλῃ.
2771 5566 2954 5623 Paulo
3006 5570 3138 5640 post
3183 5567 3364 5634 idem,
3415 5564 3669 5640 ἐγενήθη,
3721 5574 3780 5623 et

2113 5634 2291 5710 infra,
2318 5634 2545 5710 γενητόν
2579 5634 2828 5708 semper.

2184 5708 2297 5782 (34)
2332 5705 2481 5781 Reg.
2545 5713 2601 5765 et
2658 5705 2826 5782 Aug.,
2876 5707 3146 5778 ἐπλάσθη.
3204 5710 3318 5766 Alii
3379 5722 3513 5767 cum
3571 5705 3774 5777 editis,

2115 5775 2332 5848 ἐκτίσθη
2343 5822 2355 5834 .
