4170 6370
369 376 487 434 467

1537 375 1599 434 S.
1652 376 2180 438 ATHANASlUS.
2215 407 2290 420 —-
2318 373 2626 436 SPURIA.

3675 377 3795 438 468

372 506 606 562 nitum?
636 508 727 562 Ar.
764 507 935 564 Recte
965 524 1026 564 se
1057 508 1232 564 habet
1280 526 1386 564 vox
1433 511 1732 578 ingenitus.
1771 507 1887 562 Erit
1919 508 2028 579 igi-

2146 505 2267 582 περὶ
2317 510 2416 561 τοῦ
2468 503 2700 578 μηδέπω
2749 508 3120 581 γεννηθέντος,
3173 507 3430 584 γεννητὸν
3472 508 3506 576 ἢ
3564 505 3792 582 ἀγέννη-

373 601 470 650 tur
511 596 677 652 Pater
725 597 964 669 quidem
1011 599 1328 672 ingenitus,
1364 597 1546 654 Filius
1594 614 1726 652 vero
1774 598 2028 669 genitus,

371 687 492 740 ΑῑΙι.
555 685 702 750 Quid
764 686 898 744 inde
956 688 1042 744 vis
1101 687 1505 768 concludere?
1563 688 1654 742 Ar.
1714 687 2032 743 Genitusne

371 779 461 829 est
515 775 720 841 Filius,
776 794 848 832 an
902 777 1066 832 non?
1119 777 1244 832 Ath.
1279 777 1524 832 Genitus
1572 781 1679 831 est.
1729 777 1820 832 Ar.
1856 777 2032 833 Vides

369 880 506 918 eum
542 881 657 920 non
693 865 874 920 fuisse
919 872 1236 937 antequam
1284 871 1437 922 esset
1484 865 1711 938 genitus
1751 883 1762 921 :
1798 883 1930 921 nam
1982 866 2033 921 si

374 954 557 1009 fuisse
589 953 697 1026 ais,
732 955 841 1010 erit
881 956 1203 1011 secundum
1239 959 1293 1010 te
1327 955 1644 1027 ingenitus.
1680 955 1839 1019 Quod
1874 955 1920 1011 si
1954 955 2035 1010 ita

371 1050 483 1111 est,
541 1043 724 1100 Filius
780 1062 893 1101 non
947 1046 1059 1101 erit
1111 1045 1368 1117 genitus.
1412 1045 1534 1101 Alli.
1581 1047 1730 1100 Deus
1777 1045 2033 1101 simuine

372 1136 547 1191 Pater
575 1138 688 1205 est,
715 1151 787 1190 an
821 1151 934 1189 non
954 1133 981 1188 ‘I
1002 1134 1095 1189 Ar.
1121 1133 1386 1190 Potentia
1416 1133 1650 1206 quidem
1684 1151 1918 1206 semper
1945 1138 2036 1191 est

377 1223 569 1291 Pater,
604 1225 736 1278 actu
769 1239 899 1278 vero
932 1238 1046 1277 non
1080 1237 1331 1294 semper.

442 1493 534 1547 24.
567 1491 693 1548 Alli.
722 1492 806 1546 An
840 1491 1101 1546 mundus
1148 1489 1404 1560 potentia
1452 1494 1575 1546 erat
1621 1489 1848 1544 inﬁnite
1879 1489 2032 1561 apud

372 1582 582 1649 Deum,
615 1580 702 1637 vel
755 1581 917 1636 non?
946 1583 1041 1637 Ar.
1093 1580 1179 1635 Ita
1226 1584 1334 1635 est.
1370 1580 1498 1636 ΑιΙι.
1531 1580 1715 1651 Igitur
1745 1580 2031 1651 quemad-

372 1670 617 1727 modum
644 1669 932 1725 mundum
962 1669 1117 1725 Deus
1143 1668 1437 1724 voluntate
1469 1673 1558 1724 est
1590 1667 1925 1736 fabricatus,
1950 1668 2034 1724 sic

370 1766 426 1817 et
450 1759 662 1816 Filium
688 1760 1016 1816 secundum
1042 1763 1096 1814 te
1125 1758 1446 1814 fabricatus
1469 1762 1576 1814 est.
1605 1759 1698 1813 Ar.
1725 1759 1846 1813 Non
1882 1759 2036 1813 sicut

2140 615 2272 667 10v;
2330 600 2458 671 "AP.
2515 597 2682 650 εἶπεν·
2735 596 2941 672 Ὀρθῶς
3004 593 3151 672 ἔχειν
3199 597 3294 665 τὴν
3333 595 3623 672 ἀγέννητοι
3679 617 3792 674 φω’

2139 685 2257 754 νήν.
2315 687 2500 740 Ἔσται
2551 683 2642 740 οὖν
2696 685 2723 739 6
2771 686 2865 758 μὶν
2911 687 3096 762 Πατηρ
3151 686 3468 760 ἀγέννητὸς,
3520 686 3548 740 6
3581 682 3636 739 δὲ
3667 685 3793 746 Υἱὸς

2140 773 2419 849 γεννητός.
2479 774 2596 829 Ἀθ.
2658 776 2790 829 εἷπε·
2847 777 2906 829 Τί
2966 776 3058 828 οὗν
3119 774 3295 836 θέλεις
3356 779 3673 850 συναγαγεῖν
3735 772 3794 828 ἐκ

2139 863 2372 933 τούτου;
2425 857 2551 939 ιἋρ.
2612 865 2773 919 εἶπεν·
2833 868 2889 917 '0
2947 865 3070 926 Υἱὸς
3131 864 3412 940 ἐγεννήθη,
3464 863 3548 917 ναὶ
3606 865 3642 932 ἢ
3687 859 3790 931 oi};

2142 953 2256 1010 Ἀθ.
2335 955 2500 1008 εἶπεν·
2584 955 2897 1028 Ἐγεννήθη.
2981 955 3106 1028 Ἀρ.
3189 955 3355 1008 εἴπεν·
3432 955 3612 1026 Ὀρᾷς,
3684 951 3792 1021 ὅτι,

2142 1042 2266 1116 πρὶν
2317 1045 2350 1111 ἢ
2397 1044 2747 1118 γεννηθῆναι,
2788 1043 2887 1098 οὐκ
2916 1046 3002 1112 iv'
3039 1043 3083 1098 εἰ
3117 1041 3173 1098 δὶ
3202 1044 3293 1112 iv,
3330 1042 3621 1118 ἀγέννητος
3649 1037 3795 1096 ἔσται

2142 1133 2277 1186 κατὰ
2309 1131 2384 1188 σέ.
2427 1131 2490 1188 Ei
2541 1130 2598 1188 δὲ
2643 1134 2791 1188 τοῦθ’
2823 1133 2995 1195 οὕτως
3039 1131 3176 1207 ἔχει,
3212 1132 3311 1187 οὐκ
3340 1129 3484 1187 ἔσται
3542 1131 3795 1206 γεννητὸς

2143 1221 2171 1276 6
2231 1220 2376 1284 Υἱός.
2439 1223 2558 1278 Ἀθ.
2613 1223 2778 1276 εἶπεν·
2832 1224 2892 1279 Ὀ
2939 1222 3067 1283 Θεὸς
3120 1221 3232 1293 ’ἁμα
3281 1224 3466 1294 Πατήρ
3517 1219 3650 1286 ἐστι,
3709 1217 3794 1274 ναὶ

2141 1311 2177 1379 ἣ
2211 1308 2311 1379 οὕς
2371 1314 2499 1385 "Ap.
2556 1313 2693 1366 εἴπεο
2751 1310 2984 1385 Αυνάμει
3039 1311 3132 1383 μὶν
3183 1312 3261 1365 ἀεὶ
3314 1311 3522 1386 Πατὴρ,
3557 1307 3797 1386 ἐνεργείᾳ

2145 1396 2201 1454 δὲ
2233 1399 2332 1454 οὐκ
2363 1399 2461 1456 ἀεί.

2211 1491 2301 1544 24.
2356 1490 2474 1546 Ἀθ.
2539 1491 2708 1546 εἶπεν.
2770 1491 3003 1562 Δυνάμει
3062 1490 3127 1558 iv
3181 1490 3208 1543 6
3258 1489 3463 1562 κόσμος
3507 1489 3652 1564 παρὰ
3680 1490 3796 1561 Θεῷ

2143 1577 2478 1654 ἀπεράντως,
2510 1580 2595 1634 ναὶ
2620 1568 2661 1649 ’ἢ
2721 1579 2822 1647 οὑ;
2877 1580 3003 1654 Ἀρ.
3056 1581 3222 1634 εἶπεν
3277 1578 3467 1639 Οὕτως
3500 1574 3637 1654 ἔχει.
3674 1579 3792 1634 Ἀθ.

2145 1669 2310 1723 εἶπενο
2382 1666 2591 1725 Οὐκοῦν
2641 1667 2822 1744 ὥσπερ
2879 1665 3139 1744 βουλήσει
3189 1668 3280 1722 τὸν
3322 1667 3527 1739 κόσμον
3580 1666 3798 1738 ἐτεκτή-

2143 1778 2270 1812 νατο
2327 1757 2355 1812 6
2413 1756 2565 1829 Θεὸς,
2613 1757 2788 1820 οὕτως
2837 1757 2926 1812 καὶ
2975 1758 3064 1812 τὸν
3121 1758 3241 1812 ne.
3297 1755 3620 1827 ἐτεκτήνατο
3665 1757 3800 1811 κατὰ

2335 955 2478 1008 εἶπεν
2489 971 2500 984 ·
2584 955 2872 1029 Ἐγεννήθη
2884 997 2897 1010 .

373 1850 662 1906 mundum
684 1865 847 1906 :nam
869 1848 1109 1904 memini
1127 1865 1252 1919 quae
1273 1848 1435 1920 prius
1450 1849 1852 1904 demonstrata
1870 1851 2033 1912 sunt.

2148 1847 2224 1904 σέ.
2258 1853 2386 1919 "Ap.
2421 1848 2585 1902 εἶπενο
2645 1846 2769 1922 Οὐχ
2818 1847 2891 1908 ὡς
2950 1847 3040 1901 τὸν
3087 1845 3314 1918 κόσμον
3371 1847 3655 1919 μέμνημαι
3698 1846 3798 1922 γὰρ

369 1944 446 1996 At
472 1940 601 1996 dico
626 1937 838 1995 Filium
863 1937 1165 1995 voluntate
1187 1938 1469 1993 habuisse
1493 1942 1628 1993 ante
1650 1938 1860 1993 saecula
1883 1955 1896 1994 :
1921 1938 2037 1994 exi-

371 2046 556 2102 guum
582 2045 716 2085 vero
737 2027 864 2083 Filii
895 2026 1214 2100 generandi
1237 2032 1432 2083 statuo
1455 2027 1850 2093 intervallum,
1872 2031 1935 2083 ut
1959 2027 2036 2084 sit

370 2119 624 2193 genitus.
651 2118 773 2174 ΑΜ.
808 2122 1059 2173 Rectene
1111 2133 1202 2173 res
1252 2122 1342 2172 est
1396 2119 1574 2172 Deum
1618 2121 1848 2172 Patrem
1880 2135 2029 2185 esse,

375 2225 448 2264 an
474 2207 902 2280 vituperatione
934 2205 1150 2278 digna?
1173 2208 1260 2261 Ar.
1291 2206 1456 2261 Absit
1485 2210 1547 2260 ut
1569 2206 1682 2262 Deo
1714 2207 2034 2279 afﬁngatur

375 2297 600 2371 aliquid
623 2297 1050 2369 vituperatione
1071 2296 1344 2369 dignum!
1373 2295 1470 2351 sed
1497 2300 1654 2350 recta
1676 2297 1916 2352 omnino
1939 2314 2030 2354 res

377 2392 466 2444 est
497 2391 679 2443 Deum
708 2402 838 2442 esse
868 2385 1120 2442 Patrem.
1147 2386 1269 2441 Ath.
1303 2385 1485 2457 Igitur
1513 2402 1581 2440 ex
1613 2389 1712 2439 tua
1743 2386 2033 2442 sententia

375 2474 1016 2534 Deusadeterioribus
1074 2474 1131 2529 in
1187 2473 1430 2530 meliora
1485 2475 1748 2548 profecit.
1780 2475 1925 2531 Nam
1981 2475 2031 2530 si

380 2583 514 2623 cum
545 2567 713 2622 Pater
742 2582 855 2620 non
884 2568 1061 2632 esset,
1085 2564 1274 2620 factus
1317 2568 1407 2619 est
1450 2568 1649 2636 postea
1680 2563 1869 2631 Pater,
1893 2581 2030 2638 ergo

380 2674 414 2713 a
445 2654 772 2712 minoribus
797 2655 868 2710 ad
902 2654 1159 2710 maxima
1189 2658 1278 2710 est
1307 2670 1646 2710 conversus.
1670 2655 1832 2719 Quod
1865 2655 1914 2709 si
1947 2655 2030 2710 di-

378 2762 476 2802 cas
527 2744 748 2816 ipsum,
798 2747 1116 2814 antequam
1168 2743 1335 2799 Pater
1383 2743 1562 2810 ﬁeret,
1598 2742 2029 2798 honoratiorem

377 2833 582 2900 fuisse,
613 2848 750 2905 ergo
791 2831 864 2888 ab
914 2832 1384 2888 honoratioribus
1416 2831 1488 2888 ad
1521 2832 1808 2888 deteriora
1857 2833 2028 2888 deve-

377 2923 464 2979 nit
498 2938 512 2979 :
545 2938 670 2992 quis
703 2921 752 2977 si
780 2937 913 2976 vera
946 2926 1106 2988 sunt,
1136 2939 1249 2993 qua
1299 2920 1527 2977 ratione
1573 2921 1763 2977 dicere
1813 2921 2030 2994 poteri-

377 3029 512 3069 mus
534 3011 762 3067 Numen
794 3026 924 3068 esse
955 3009 1347 3078 immutabile,
1371 3028 1438 3066 ex
1471 3027 1531 3066 se
1563 3011 2031 3082 perfectum,nec

377 3101 436 3158 in
471 3100 684 3158 melius
719 3100 1052 3172 proﬁciens,
1087 3115 1191 3156 nec
1222 3117 1254 3155 a
1283 3099 1672 3156 deterioribus
1705 3100 1776 3154 ad
1808 3101 2032 3172 optima

377 3190 689 3248 desinens?
712 3191 925 3246 Rerum
951 3189 1242 3261 siquidem
1266 3189 1625 3262 corruptioni
1645 3189 2028 3245 obnoxiarum

2145 1941 2252 1991 τῶν
2287 1933 2862 2012 προαποδεδειγμένων
3065 1934 3242 1991 Ἀλλὰ
3289 1936 3393 2012 πρὸ
3429 1940 3537 1990 τῶν
3585 1934 3797 1989 αἰώνων

2144 2025 2287 2104 φημὶ
2325 2024 2584 2100 βουλήσει
2618 2025 2910 2101 ἐσχηκέναι
2940 2026 3030 2079 τὸν
3060 2024 3204 2079 1Ἵόν⁶
3263 2023 3440 2100 βραχὺ
3492 2021 3549 2078 δὲ
3598 2021 3798 2096 δίδωμι

2143 2112 2416 2187 διάστημα
2473 2121 2571 2184 τῆς
2617 2116 2917 2190 γεννήσεως
2961 2118 3057 2169 τοῦ
3117 2115 3265 2183 Υἳοῦ,
3320 2112 3412 2168 ’ἱνα
3545 2113 3796 2188 γεννητός

2142 2204 2261 2261 Ἀθ.
2323 2203 2457 2259 εἶπε
2517 2205 2587 2258 Τὸ
2639 2203 2847 2278 Πατέρα
2897 2205 3032 2258 εἶναι
3076 2204 3168 2258 τὸν
3227 2203 3353 2258 Θεὸν
3398 2201 3564 2258 καλὸν
3595 2202 3798 2278 τυγχά-

2139 2315 2242 2364 νει,
2274 2295 2307 2363 ἣ
2363 2293 2532 2369 ψόγος
2583 2293 2728 2365 αὖτῷ
2777 2290 2961 2363 ἔσται;
3007 2295 3134 2368 ”Αρ.
3172 2295 3306 2348 εἴπεο
3342 2294 3428 2361 Mi
3457 2290 3664 2367 γένοιτο
3696 2291 3794 2365 ψόο

2138 2404 2231 2459 γον
2290 2383 2562 2458 προσάψαι
2617 2385 2734 2456 (36)
2782 2387 2860 2455 τῷ
2904 2384 3054 2454 Θεῷί
3108 2381 3255 2438 ἀλλὰ
3284 2384 3420 2437 πάνυ
3449 2403 3510 2457 γε
3537 2380 3703 2436 καλὸν
3734 2383 3797 2436 τὸ

2141 2473 2277 2528 εἶναι
2332 2473 2422 2527 τὸν
2481 2473 2608 2527 Θεὸν
2666 2471 2893 2549 Πατέρα·
2958 2472 3076 2528 Ἀθ.
3140 2473 3303 2526 εἶπενο
3357 2471 3628 2539 Οὖκαπὸ
3683 2475 3791 2526 τῶν

2139 2561 2403 2638 χειρόνων
2464 2561 2550 2617 ἐπὶ
2606 2563 2673 2616 τὰ
2729 2561 3005 2638 κρείττονα
3053 2562 3354 2638 προέκοψεν
3407 2562 3434 2616 ὁ
3485 2561 3612 2622 Θεὸς
3663 2561 3799 2615 κατὰ

2141 2651 2217 2709 σέ.
2281 2651 2344 2708 Εἰ
2401 2651 2524 2727 γὰρ,
2586 2652 2663 2724 μή
2725 2650 2798 2705 ὥν
2850 2652 3059 2727 Πατὴρ,
3119 2652 3333 2726 γέγονεν
3386 2650 3540 2711 αὖθις
3577 2650 3793 2726 Ιῐατήρ,

2140 2738 2241 2816 ἄρα
2298 2739 2499 2817 ἐτράπη
2551 2741 2656 2796 ἀπὸ
2701 2746 2808 2795 τῶν
2860 2740 3102 2810 ἡττόνων
3138 2739 3224 2795 ἐπὶ
3257 2739 3322 2793 τὰ
3359 2739 3601 2814 μέγιστα.
3640 2739 3705 2796 Ei!
3737 2735 3793 2794 δὲ

2139 2829 2276 2906 ἐρεῖς
2308 2829 2590 2904 πρότερον,
2648 2829 2754 2905 πρὸ
2801 2834 2896 2884 τοῦ
2951 2828 3166 2905 Πατέρα
3217 2828 3374 2882 αὐτὸν
3405 2826 3670 2903 γενέσθαι,
3704 2848 3793 2882 τι·-

2143 2920 2411 2996 μιώτερον
2464 2921 2595 2974 εἶναι
2654 2919 2836 2990 αὐτὸν,
2889 2920 2990 2994 ἄρα
3037 2919 3143 2974 ἀπὸ
3190 2923 3298 2973 τῶν
3329 2916 3672 2992 τιμιωτέρων
3703 2915 3788 2972 ἐπὶ

2137 3009 2205 3064 τὰ
2234 3009 2458 3085 χείρονα
2489 3005 2702 3087 ἔφθασε.
2738 3009 2800 3064 Ei
2833 3005 2890 3063 δέ
2913 3010 3060 3064 τοῦθ’
3092 3008 3264 3069 οὕτως
3298 3005 3435 3082 ἔχει,
3477 3012 3593 3068 πῶς
3644 3005 3790 3084 ἐροῦ·

2145 3119 2238 3171 μεν
2301 3100 2562 3174 ἄτρεπτον
2612 3098 2674 3153 τὸ
2723 3103 2896 3167 Θεῖον,
2944 3095 3248 3166 αὐτοτελὲς,
3305 3099 3443 3169 μήτε
3480 3095 3788 3172 προκόπτον

2143 3187 2228 3243 ἐπὶ
2289 3189 2354 3242 τὰ
2411 3187 2712 3264 κρείττονα,
2767 3188 2904 3260 μήτε
2953 3187 3060 3259 μὴν
3113 3183 3281 3260 λῆγον
3331 3185 3404 3247 εἷς
3437 3185 3665 3262 χείρονα
3691 3186 3795 3240 ἀπὸ

377 3279 678 3354 proprium
710 3283 798 3335 est
830 3279 1066 3348 mutari,
1091 3280 1382 3351 modoque
1404 3297 1436 3333 a
1461 3278 1801 3334 melioribus
1832 3279 1902 3335 ad
1929 3279 2029 3335 de-

2146 3281 2251 3332 τῶν
2312 3275 2584 3351 ἀρίστων;
2647 3278 2909 3352 Φθαρτῶν
2968 3276 3067 3350 γὰρ
3111 3272 3246 3328 ἴδιον
3281 3274 3344 3329 τὸ
3373 3273 3682 3349 τρέπεσθαι,
3717 3275 3794 3343 ni

377 3373 592 3427 teriora
621 3368 899 3437 converti,
934 3369 1106 3424 modo
1137 3369 1209 3424 ab
1257 3360 1636 3424 inferioribus
1681 3369 1752 3423 ad
1787 3369 2032 3441 majora.

379 3461 474 3516 Ar.
502 3459 616 3514 Nec
647 3458 800 3516 oculi
835 3458 1016 3514 ictum
1041 3458 1126 3513 vis
1152 3459 1489 3528 concedere,
1514 3475 1630 3529 quo
1663 3474 1776 3512 non
1810 3457 1919 3513 fuit
1946 3459 2034 3513 Fi-

380 3549 496 3606 lius
538 3554 853 3621 antequam
904 3552 1059 3604 esset
1109 3547 1388 3620 genitus?
1431 3547 1548 3604 Alh.
1583 3547 1742 3611 Quod
1779 3565 1892 3602 non
1926 3551 2034 3616 est,

380 3639 696 3696 concedere
728 3656 844 3694 non
877 3655 1142 3711 possum.
1177 3638 1263 3692 Ar.
1305 3636 1534 3704 Quare?
1566 3637 1689 3692 Ath.
1723 3637 1866 3701 Quia
1900 3638 2038 3693 scri-

380 3734 547 3802 ptum
579 3732 668 3784 est
695 3745 745 3782 ;‹‹
775 3728 898 3784 Non
924 3728 1032 3784 erit
1061 3726 1120 3781 in
1157 3731 1210 3782 te
1246 3731 1396 3782 Deus
1429 3743 1630 3782 recens
1654 3727 1753 3781 “.n
1788 3726 1846 3783 Si
1879 3726 2034 3781 enim

381 3818 692 3874 minimum
745 3816 1134 3873 concesserim
1186 3815 1472 3886 temporis
1521 3815 1887 3872 intervallum
1923 3833 2037 3888 quo

378 3924 494 3963 non
551 3906 746 3974 fuerit,
780 3910 933 3961 certe
982 3921 1184 3960 recens
1216 3905 1325 3960 erit
1356 3921 1530 3976 quem
1582 3921 1688 3978 ego
1736 3906 2035 3961 confiteor.

378 3995 547 4052 Absit
577 4012 712 4051 vero
746 3999 810 4050 ut
845 3995 921 4049 ita
944 3993 1159 4048 sentiat
1188 3993 1560 4049 Christianus
1590 3993 1787 4061 homo,
1813 3999 1870 4050 et
1899 4011 2035 4050 con-

375 4085 560 4141 traria
596 4083 810 4140 divinis
841 4083 1564 4155 Scripturisconﬁteaturl
1598 4085 1690 4139 Ar.
1727 4084 1872 4148 Quid
1908 4101 2036 4139 con-

376 4173 647 4238 trarium,
673 4173 719 4228 si
755 4171 964 4227 Filium
997 4171 1114 4226 ictu
1147 4170 1302 4227 oculi
1336 4171 1517 4228 fuisse
1549 4172 1836 4237 dicamus,
1871 4177 2038 4228 ante-

380 4279 559 4335 quam
594 4261 952 4335 gigneretur,
995 4278 1065 4316 ne
1096 4261 1319 4317 scilicet
1367 4277 1502 4317 eum
1547 4261 1875 4334 ingenitum
1909 4279 2038 4318 esse

377 4350 826 4424 intelligamus?
869 4351 988 4406 ΑιΙι.
1025 4351 1082 4404 Id
1117 4351 1259 4406 mihi
1309 4351 1476 4406 valde
1525 4350 1757 4406 videtur
1803 4355 2034 4408 contra-

379 4441 534 4496 rium
593 4457 721 4497 esse
773 4439 1104 4496 divinarum
1156 4440 1592 4512 Scripturarum
1646 4439 1868 4511 pietati,
1911 4457 2038 4512 quis

380 4530 600 4602 ubique
631 4534 923 4586 testantur
954 4529 1106 4584 169
1149 4529 1362 4584 Filium
1397 4544 1630 4600 semper
1669 4528 1872 4593 fuisse,
1906 4529 2040 4584 nul-

2151 3367 2244 3440 μὶν
2302 3366 2408 3420 ἀπὸ
2458 3371 2564 3420 τῶν
2617 3365 2912 3442 βελτιόνων
2965 3364 3050 3420 ἐπὶ
3099 3364 3165 3419 τὰ
3190 3364 3435 3440 χείρονα,
3494 3365 3569 3433 πη
3605 3362 3661 3420 δὲ
3693 3365 3798 3419 ἀπὸ

2145 3462 2255 3509 τῶν
2313 3455 2557 3525 ἡττόνων
2611 3454 2696 3510 ἐπὶ
2740 3455 2807 3509 τὰ
2852 3453 3189 3529 ἐντιμότερα.
3251 3461 3376 3529 "Ap.
3440 3455 3575 3509 εἴπεο
3608 3455 3800 3522 Ῥιπήν

2149 3543 2444 3623 ὀφθαλμοῦ
2505 3543 2566 3599 οὐ
2617 3543 2792 3606 θέλεις
2843 3540 3050 3614 δοῦναι,
3107 3541 3195 3597 ὅτε
3225 3542 3326 3597 οὐκ
3353 3544 3419 3612 iv
3454 3543 3577 3619 πρὶν
3609 3564 3796 3616 γεννη-

2147 3636 2305 3703 θῆναι
2351 3633 2440 3688 τὸν
2497 3633 2656 3704 1⁹ἱόν;
2701 3634 2820 3690 Ἀθ.
2850 3632 2982 3688 εἶπε·
3017 3634 3086 3687 Τὸ
3117 3633 3193 3707 μὴ
3226 3629 3282 3688 ὅν
3317 3632 3378 3687 οὐ
3408 3629 3629 3704 δίδωμι.
3665 3637 3792 3701 Ἄρ.

2148 3725 2284 3778 εἷπε·
2349 3723 2445 3777 Διὰ
2499 3722 2589 3792 τίς
2650 3725 2767 3778 Ἀθ.
2820 3723 2986 3778 εἶπενο
3061 3725 3185 3781 ⁴Ὀτι
3232 3722 3542 3798 γέγραπται·
3603 3743 3630 3771 ‹‹
3681 3717 3796 3775 Οὐκ

2147 3809 2291 3868 ἔσται
2326 3812 2377 3867 ἐν
2409 3812 2489 3868 σοὶ
2523 3815 2650 3875 Θεὸς
2685 3812 3017 3891 πρόσφατος.
3056 3839 3081 3863 ›ι
3114 3813 3302 3889 Βραχὺ
3335 3811 3390 3868 δὶ
3421 3811 3506 3866 ἐὰν
3563 3807 3661 3872 δῶ,
3711 3807 3797 3862 ὅτι

2145 3905 2208 3971 iv
2244 3923 2374 3957 ποτε
2404 3903 2614 3976 καιρὸς,
2667 3901 2757 3957 ὅτε
2800 3902 2900 3978 οὐκ
2939 3905 3028 3970 iv,
3081 3899 3224 3958 ἔσται
3275 3902 3582 3978 πρόσφατος
3611 3900 3639 3954 6
3671 3897 3798 3972 παρ’

2147 3991 2283 4064 ἐμοῦ
2315 3991 2785 4067 ὁμολογούμενος
2847 3991 2978 4067 ὅπερ
3027 3993 3102 4064 μὴ
3147 3992 3362 4066 γένοιτο
3395 3991 3568 4051 οὕτως
3601 3989 3798 4067 φρονῆ-

2144 4103 2231 4136 σαι
2301 4079 2585 4157 ἄνθρωπον
2638 4082 2980 4155 Χριστιανὸν,
3028 4079 3411 4156 ὁμολογοῦντα
3440 4079 3651 4134 ἐναντία
3681 4083 3796 4140 ταῖς

2146 4170 2312 4233 θείαις
2344 4172 2624 4248 Γραφαῖςί
2688 4177 2816 4246 "Ap.
2868 4172 3004 4225 εἴπεο
3058 4170 3198 4225 Ποία
3246 4169 3578 4238 ἐναντιότης,
3614 4168 3699 4222 ἐὰν
3733 4163 3802 4222 εἷ’-

2145 4281 2336 4333 πωμεν
2370 4257 2660 4338 ὀφθαλμοῦ
2695 4259 2857 4336 ῥιπὴν
2889 4259 2995 4335 πρὸ
3023 4263 3120 4313 τοῦ
3149 4259 3470 4334 γεννηθῆναι
3508 4258 3583 4328 μὴ
3640 4259 3800 4325 εἶναι,

2140 4347 2232 4404 ’ίνα
2286 4350 2362 4421 μη
2419 4348 2706 4423 ἀγέννητον
2765 4350 3093 4420 νοήσωμεν;
3151 4347 3262 4402 Ἀθ.
3295 4347 3429 4400 εἷπε·
3469 4343 3666 4414 Ηολλή
3707 4366 3801 4417 μοι

2146 4439 2454 4509 ἐναντιότης
2513 4435 2776 4494 δείκνυται
2832 4436 2967 4513 πρὸς
3025 4437 3124 4504 τὴν
3181 4438 3287 4489 τῶν
3345 4433 3502 4488 θείων
3573 4437 3800 4510 Γραφῶν

2151 4523 2440 4590 εὐσέϐειαν,
2477 4532 2758 4604 πανταχοῦ
2794 4528 3208 4600 μαρτυρουσῶν,
3267 4521 3349 4578 ὅτι
3400 4521 3524 4582 Υἱὸς
3579 4521 3658 4576 ἀεὶ
3707 4521 3799 4593 ἧν,

379 4617 623 4691 lumque
657 4635 914 4689 unquam
949 4618 1132 4674 fuisse
1163 4621 1420 4690 tempus,
1444 4634 1574 4674 cum
1608 4635 1723 4674 non
1755 4624 1926 4674 esset.
1952 4621 2033 4674 An

2146 4618 2236 4674 καὶ
2268 4615 2527 4673 οὐδέποτε
2554 4620 2618 4687 iv
2651 4618 2862 4694 καιρὸς,
2895 4615 2983 4671 ὅτε
3013 4613 3112 4669 οὐκ
3147 4613 3238 4682 iv.
3272 4615 3339 4670 "H
3376 4611 3436 4666 οὗ
3495 4608 3647 4666 δοκεῖ
3692 4632 3800 4682 σοι,

380 4725 496 4764 non
528 4708 632 4764 tibi
664 4708 912 4778 videtur,
935 4707 982 4762 si
1025 4707 1082 4762 id
1129 4706 1420 4776 dicamus,
1443 4707 1734 4763 contraria
1765 4723 1870 4763 nos
1901 4723 2032 4763 sen-

379 4798 490 4854 tire
522 4796 839 4869 Scripturis
869 4795 1150 4852 divinitus
1181 4795 1530 4868 inspiratis?

449 4889 539 4943 25.
590 4889 682 4942 Ar.
738 4886 937 4941 Profer
991 4885 1350 4942 testimonia.
1402 4886 1527 4942 ΑιΙι.
1575 4889 1864 4942 Joannem
1899 4886 2036 4943 audi

385 4976 698 5044 dicentem,
729 4999 755 5026 «
797 4975 858 5030 ln
903 4975 1190 5046 principio
1233 4979 1358 5031 erat
1386 4975 1665 5046 Verbum,
1699 4983 1755 5031 et
1789 4977 2035 5032 Verbum

370 5072 498 5124 erat
532 5067 688 5139 apud
715 5063 924 5128 Deum,
945 5068 1001 5118 et
1026 5069 1176 5119 Deus
1197 5068 1322 5120 erat
1347 5064 1604 5120 Verbum
1635 5081 1646 5118 :
1683 5064 1791 5119 hoc
1822 5072 1948 5120 erat
1977 5065 2037 5120 in

364 5174 400 5228 p
418 5156 669 5227 rincipio
702 5154 857 5226 apud
892 5153 1073 5210 Deum
1095 5154 1184 5209 ιδ’.
1205 5177 1226 5202 ι
1248 5154 1388 5219 Quis
1419 5160 1758 5210 sanctorum
1789 5154 2040 5227 prophe-

366 5252 560 5302 tarum
606 5244 689 5301 vel
723 5242 1122 5316 apostolorum
1163 5243 1303 5298 talia
1346 5261 1606 5316 unquam
1643 5243 1810 5315 dixit,
1845 5243 2041 5316 qualia

442 5416 489 5449 “
520 5414 669 5471 Psal.
706 5431 870 5483 Lxxx,
906 5414 992 5467 10.
1073 5415 1142 5449 “'
1171 5414 1343 5470 Joan.
1377 5431 1417 5478 ι,
1453 5415 1503 5478 1,
1535 5416 1587 5468 2.

442 5583 554 5654 (35)
587 5585 737 5670 ξξάέῑ.
771 5587 1011 5670 90mm;
1029 5603 1161 5670 cum
1183 5585 1548 5670 quibusdam
1585 5585 2026 5670 manuscriptis,

372 5651 922 5731 11p;oa1ro§s8ogxévwv.
971 5660 1122 5714 Edit.
1183 5651 1365 5714 Paris.
1417 5672 1551 5713 cum
1611 5656 1762 5724 aliis,
1822 5651 2029 5731 πρόαπέ-

376 5721 754 5802 δεδειγμένων.

2147 4707 2233 4763 ἐὰν
2269 4710 2379 4780 (37)
2424 4702 2675 4780 εἶειταμεν,
2725 4706 2936 4762 ἐναντία
2984 4707 3198 4784 φρονεῖν
3242 4707 3359 4764 ταῖς
3420 4700 3798 4762 θεοπνεύστοις

2144 4801 2380 4875 Γραφαῖς
2403 4815 2415 4865 ;

2216 4891 2304 4944 25.
2339 4893 2465 4960 "Ap.
2528 4885 2661 4941 εἶπε·
2715 4883 2815 4948 Δός
2875 4907 2966 4959 μοι
3024 4883 3119 4946 τὰς
3165 4883 3483 4960 μαρτυρίας.
3517 4881 3632 4938 Ἀθ.
3662 4881 3797 4935 εἷπε*

2145 4980 2348 5033 ’Ἄκουε
2403 4975 2657 5032 Ἰωάννου
2713 4975 2994 5049 λέγοντος·
3053 4999 3076 5025 ι(
3125 4974 3214 5030 Ἐν
3263 4972 3412 5048 ἀρχῇ
3443 4972 3509 5040 iv
3543 4973 3570 5026 6
3605 4969 3799 5046 ⁸Χόγος,

2148 5066 2236 5121 καὶ
2268 5066 2296 5119 ὁ
2329 5066 2504 5140 Λόγος
2535 5065 2602 5134 iv
2635 5065 2769 5139 πρὸς
2797 5064 2890 5118 τὸν
2923 5064 3074 5130 Θεὸν,
3133 5062 3222 5117 καὶ
3269 5063 3397 5123 Θεὸς
3425 5063 3489 5129 iv
3524 5061 3552 5115 6
3606 5060 3798 5134 Λόγος·

2152 5156 2308 5218 οὗτος
2340 5155 2406 5224 iv
2444 5153 2494 5209 ἐν
2530 5155 2678 5229 ἀρχῇ
2709 5152 2848 5227 πρὸς
2877 5151 2970 5206 τὸν
3015 5149 3167 5207 Θεόν.
3210 5174 3237 5201 ››
3283 5150 3378 5213 Τίς
3424 5148 3569 5220 ἔλεξε
3623 5145 3804 5204 τοιάδε

2151 5250 2259 5301 τῶν
2323 5244 2488 5319 -ἱγίων
2547 5245 2843 5321 προφητῶν
2884 5239 2974 5295 καὶ
3032 5237 3378 5312 ἀποστόλων,
3429 5241 3517 5295 οἷα
3545 5238 3634 5294 καὶ
3699 5235 3804 5307 σύ;

2212 5586 2324 5659 (36)
2359 5589 2506 5658 Aus-
2543 5581 2830 5659 πρρςάξαιο

2140 5733 2176 5783 Γ
2213 5650 2502 5743 (37)”Aué.
2535 5650 2880 5726 ἣέὖδοκήσει
2923 5651 3032 5714 ἐάν.
3067 5655 3197 5712 Mox
3251 5653 3426 5723 idem,
3461 5656 3579 5714 ταῖς
3627 5650 3801 5714 θείαις

2182 5749 2396 5806 Paem-
