4170 6370
383 411 504 474 469

1529 403 2002 466 DlSPUTATIO
2047 403 2361 464 CONTRA
2406 402 2682 463 ARlUM.

3693 393 3822 454 4⁸70

381 543 518 600 Εἰπέ
579 561 696 614 μοι,
756 536 802 593 εἱ
858 535 1080 592 δυνατὸν
1138 537 1228 591 καὶ
1272 534 1347 598 εἷς
1394 535 1597 590 ἔννοιαν
1649 529 1858 600 Λαϐεῖν,
1902 533 2029 589 ὅτιὲ

2162 536 2288 609 ipse
2321 537 2407 592 ais
2431 537 2458 591 ?
2489 535 2591 591 Die
2643 533 2808 600 mibi,
2844 549 2987 588 num
3018 531 3106 587 vel
3137 531 3197 585 in
3229 527 3645 600 cogitationem
3677 527 3803 581 cui-

381 634 553 707 Λόγος
585 628 736 695 Θεὸς,
770 627 838 696 ἦν
869 647 1002 680 ποτε
1045 625 1255 696 καιρὸς,
1289 624 1376 678 ὅτε
1425 623 1524 678 οὐκ
1552 626 1616 692 ἧν
1654 643 1667 693 ;
1702 622 1762 677 Εἰ
1797 620 1852 677 δὲ
1883 627 2043 677 τοῦτο

379 721 522 778 οὕτω
553 715 804 789 νοηθείη,
833 718 899 784 ἦν
947 735 1080 768 ποτε
1125 715 1334 788 καιρὸς,
1368 713 1456 768 6'15
1505 713 1705 788 ἄλογος
1750 715 1814 781 ’ἦν
1855 714 1883 767 6
1915 713 2045 774 Θεὸς

379 811 587 883 Πατήρ.
651 809 777 882 Ἃρ.
844 805 992 860 εἶπε·
1059 804 1402 881 Προφορικὸν
1461 802 1551 858 οὖν
1771 803 1861 857 τὸν
1923 803 2044 856 Υὶὸν

377 900 548 974 Λόγον
583 917 596 966 ;
632 897 746 952 Ἀθ.
802 894 940 950 εἷπε·
994 895 1081 962 Μὴ
1131 894 1378 967 γένοιτοῐ
1413 893 1512 946 Τὸν
1560 893 1658 966 γάρ
1717 892 1885 966 ,λόγον
1937 891 2040 965 ἐγώ

374 1010 519 1068 φημι
565 985 832 1052 ἐνοόσιον,
875 985 967 1038 καὶ
1015 982 1076 1037 οὐ
1124 981 1277 1057 ῥῆμα
1327 979 1705 1053 διαλυόμενον,
1757 981 1879 1034 οὕτε
1930 982 2037 1051 μὴν

374 1075 800 1153 προεληλυθότα
831 1073 891 1128 ἐκ
919 1076 1016 1127 106
1045 1069 1200 1141 Θεοῦ,
1235 1073 1324 1125 καὶ
1376 1069 1540 1125 πάλιν
1589 1070 1662 1131 εἷς
1690 1070 1780 1124 τὸν
1832 1071 2041 1143 Πατέρα

375 1164 708 1220 ἆναλυθέντα
749 1163 888 1217 κατὰ
942 1155 1268 1216 Σαϐέλλιονσ
1323 1157 1466 1214 ἀλλὰ
1512 1160 1826 1234 γεννηθέντα
1875 1158 2041 1233 ἀρρή-

374 1275 503 1321 τως,
539 1253 900 1328 συνυπάρχειν
953 1251 1097 1327 φημὶ
1144 1250 1238 1304 τὸν
1281 1249 1404 1302 Υὶὸν
1454 1254 1535 1321 τῷ
1588 1247 1775 1323 Πατρί.
1821 1249 1906 1309 Ὡς
1935 1250 2035 1322 γὰρ

379 1342 480 1398 οὐκ
527 1338 638 1397 ἔστι
697 1341 880 1416 ψυχὴν
943 1338 1060 1394 ἄνευ
1119 1337 1285 1412 λόγου
1344 1335 1619 1405 ἐννοῆσαι,
1680 1337 1850 1399 οὕτως
1911 1334 2036 1391 οὐδὲ

379 1433 508 1488 Θεὸν
553 1432 646 1486 τὸν
699 1431 908 1505 Πατέρα
963 1427 1079 1484 ἄνευ
1121 1427 1248 1482 Υἰοῦ
1304 1432 1586 1482 πιστεῦσαι
1646 1430 1776 1501 (38).
1833 1429 2034 1502 Ὥσπερ

377 1521 478 1596 γὰρ
512 1521 540 1575 6
572 1521 760 1594 Πατὴρ
812 1519 1046 1594 ἄναρχός
1093 1516 1254 1588 ἐστιν,
1288 1517 1430 1571 οὕτω
1473 1517 1564 1571 καὶ
1614 1517 1641 1570 6
1674 1517 1844 1590 Λόγος
1882 1517 1972 1570 καὶ
2006 1517 2032 1570 ὁ

377 1610 508 1672 Θεὸς
573 1610 697 1671 Υἱὸς
767 1612 903 1663 6506
955 1609 1114 1680 (39).
1177 1613 1282 1681 "Ap
1319 1651 1330 1661 .
1393 1607 1552 1660 εἷπε·
1616 1611 1738 1668 Πῶς
1795 1603 2033 1680 ἅναρχός

377 1698 574 1753 ἐστινό
625 1698 768 1764 Υἱὸς,
829 1697 887 1758 ὃς
934 1697 1139 1771 ἀγνοεῖν
1202 1693 1469 1770 ὁμολογεῖ
1523 1695 1621 1762 τήν
1667 1695 1875 1770 ἡμέραν
1933 1701 2046 1775 τῆί.

371 1785 679 1848 συντελείας
714 1805 727 1854 ;
763 1788 892 1842 Ἀθ.
955 1786 1106 1840 εἶπε⁸
1172 1787 1302 1859 Λέγε
1362 1806 1496 1856 μοι,
1555 1785 1834 1859 ἄνθρωπε,
1896 1783 2028 1860 ὅπερ

368 1876 648 1952 ἐπερωτῶ·
701 1876 1091 1952 Ἀρχιτέκτων,
1146 1870 1330 1930 λαϐὼν
1380 1872 1668 1946 κάλαμον,
1734 1873 1901 1947 μέτρα
1943 1872 2026 1926 τί·
2061 1914 2108 1978 Β

371 1967 395 1978 λ
641 1964 664 1978 .
774 1961 797 1978 α
948 1965 957 1978 .
1109 1965 1122 1978 .
1184 1963 1194 1978 ,
1426 1963 1438 1978 ε
1612 1961 1623 1978 ι
1805 1959 1881 1978 δ,
2013 1963 2023 1978 ,

371 1967 563 2036 θησιν·
616 1964 729 2020 εἶτα
770 1961 1052 2041 διαγράφει
1098 1963 1303 2038 ἀνώγεα
1350 1963 1440 2016 καὶ
1485 1961 1764 2036 κατώγεα,
1801 1959 2030 2039 διόροφά

375 2077 518 2134 φημι
558 2055 649 2108 καὶ
696 2055 964 2132 τριόροφα
1011 2055 1144 2128 (40).
1194 2053 1315 2107 Ἐὰν
1358 2053 1536 2130 φθάσῃ
1571 2053 1693 2126 περὶ
1739 2053 1838 2120 τὴν
1872 2052 2031 2126 πρώ-

373 2166 474 2215 την
520 2145 747 2222 ὀροφὴν,
796 2144 1069 2218 γινώσκει,
1120 2141 1202 2197 ὅτι
1252 2143 1376 2217 περὶ
1415 2143 1512 2210 τὴν
1567 2139 1815 2215 δευτέραν
1864 2141 2032 2216 ἀσχο-

375 2232 589 2288 λεῖσθαι
624 2230 724 2288 δεῖ·
776 2233 904 2288 ἐπάν
958 2230 1014 2286 δὲ
1061 2233 1161 2300 τήν
1209 2229 1460 2307 δευτέραν
1492 2231 1680 2306 στέγην
1715 2228 2028 2306 συντελέσῃ,

370 2329 508 2396 νοεῖ,
543 2322 625 2380 ὅτι
676 2323 826 2399 ἐγγύς
871 2324 981 2378 ἐστι
1035 2325 1170 2400 πρὸς
1220 2326 1619 2398 συμπλήρωσιν
1663 2328 1759 2377 106
1799 2323 2029 2395 κτίσμα-

369 2435 480 2471 τος.
517 2413 706 2468 Ἦνίκα
736 2411 782 2468 δ’
834 2412 891 2468 ἂν
937 2409 1474 2490 προσστοιϐασθῆναι
1525 2415 1638 2486 (41)
1681 2413 1898 2487 γένηται
1931 2413 2031 2480 τήν

370 2501 562 2579 τρίτην
599 2503 830 2581 ὀροφὴν,
862 2503 936 2564 ὡς
983 2503 1090 2577 πρὸ
1138 2499 1232 2556 δύο
1330 2507 1495 2578 τριῶν
1531 2498 1740 2574 δόμων,
1773 2500 2030 2577 ἀσφαλῶς

373 2591 702 2658 ἐπίσταται,
764 2591 846 2646 ὅτι
901 2590 1094 2666 ἤγγικε
1151 2592 1213 2645 τὸ
1274 2591 1637 2666 συμπέρασμα
1692 2597 1791 2659 τῆς
1849 2589 1967 2644 οἷκο
2001 2622 2027 2632 -

373 2679 568 2754 δομῆς.
616 2683 776 2736 Ταῦθ’
816 2680 988 2742 οὕτως
1033 2677 1169 2756 ἔχει,
1203 2681 1289 2734 ναὶ
1320 2681 1354 2749 ἢ
1389 2677 1452 2734 06
1486 2699 1498 2748 ;
1528 2683 1656 2754 "Ap.
1705 2681 1840 2734 εἷπε·
1876 2679 2026 2752 Σύμ-

372 2793 515 2849 ιρημι
545 2771 698 2825 ταῦθ’
741 2769 913 2832 οὕτως
963 2767 1106 2845 ἔχειν
1154 2771 1286 2843 (42).
1338 2772 1456 2824 Ἀθ.
1510 2771 1685 2824 εἶπεν·
1741 2768 1948 2827 Οὐκοῦν
2001 2770 2028 2824 ὁ

371 2860 494 2920 Υἱὸς
540 2863 638 2914 106
683 2863 838 2930 Θεοῦ,
873 2861 899 2914 6
949 2861 1016 2914 τά
1064 2860 1237 2913 πάντα
1286 2857 1344 2912 ἐκ
1391 2863 1489 2913 106
1531 2859 1606 2931 μή
1656 2854 1810 2919 ὄντος
1860 2857 1934 2919 εἰς
1966 2858 2027 2912 τὸ

376 2948 506 3004 εἶναι
537 2951 792 3019 ποιήσας,
844 2949 934 3003 καὶ
992 2949 1331 3024 συναρμόσας
1373 2949 1435 3002 τὸ
1485 2953 1756 3024 στοιχεῖον
1784 2953 1968 3018 10610,
1999 2948 2027 3002 6

373 3037 775 3113 προνοούμενος
826 3039 915 3093 καὶ
961 3039 1267 3110 οἱκονομῶν
1325 3038 1415 3092 τὸν
1461 3038 1667 3110 κόσμον
1725 3035 1827 3099 ἕως
1885 3039 2026 3112 ἄρτι,

375 3127 551 3188 καθὼς
601 3126 759 3189 αὐτὸς
790 3129 818 3182 6
852 3126 1053 3203 Κύριος
1104 3123 1226 3204 ἔφη·
1265 3151 1292 3179 ‹‹
1323 3130 1383 3183 Ὀ
1416 3129 1602 3202 Πατήρ
1638 3147 1741 3200 μου
1771 3123 1873 3188 ἕως
1907 3126 2026 3201 ἄρτι

373 3214 698 3292 ἐργάζεται,
756 3217 906 3292 κάγὼ
960 3216 1306 3292 ἐργάζομαι,
1367 3240 1394 3268 »
1447 3215 1506 3270 οὐ
1563 3219 1812 3291 γινώσκει
1897 3216 2029 3271 πότε

2157 642 2334 697 quam
2369 627 2562 679 venire
2595 623 2966 696 possit,quod
3003 620 3176 676 fuerit
3205 618 3520 690 aliquando
3547 620 3805 688 tempus,

2155 732 2286 770 eum
2341 716 2596 770 Verbum
2649 714 2796 768 Deus
2846 729 2960 767 non
3010 709 3374 765 essct?Nam
3427 706 3473 762 si
3528 705 3584 760 id
3620 705 3808 777 possit

2154 805 2418 877 cogitari,
2463 805 2572 858 fuit
2614 819 2750 873 ergo
2800 806 3036 872 tempus
3094 815 3227 854 cum
3277 797 3403 852 sine
3446 796 3634 850 Verbo
3684 794 3806 849 sive

2155 895 2377 949 ratione
2407 899 2563 949 esset
2595 893 2748 947 Deus
2792 892 2974 945 Pater.
3023 890 3115 944 Ar.
3166 887 3376 941 Filium
3423 884 3604 956 igitur
3655 883 3804 938 dicis

2153 983 2406 1036 Verbum
2469 998 2597 1036 esse
2648 978 3013 1052 prolatitium
3044 977 3070 1030 ‘?
3123 977 3240 1030 Ath.
3289 971 3496 1028 Absit!
3546 971 3803 1028 Verbum

2150 1071 2307 1126 enim
2341 1087 2446 1143 ego
2469 1071 2749 1125 confiteor
2778 1064 3318 1133 subetantiale,non
3344 1058 3538 1118 autem
3557 1061 3802 1116 verbum

2151 1159 2520 1229 dissolubile,
2558 1173 2744 1229 neque
2777 1173 2845 1210 ex
2877 1161 2988 1210 Deo
3042 1153 3443 1226 progrediens,
3477 1165 3800 1216 rursusque

2150 1251 2219 1303 ad
2264 1250 2491 1304 Patrem
2544 1247 2897 1319 regrediens,
2938 1247 3108 1317 juxta
3154 1240 3498 1298 Sabellium.
3551 1239 3662 1295 Sed
3707 1239 3798 1294 Fi-

2146 1339 2290 1394 lium
2327 1339 2453 1393 dico
2487 1338 2657 1392 modo
2679 1333 2961 1392 ineffabili
2981 1328 3453 1406 genitum,simu1
3476 1345 3610 1384 cum
3634 1328 3799 1384 Patre

2145 1429 2442 1484 exsistere.
2479 1427 2549 1482 Ut
2580 1427 2735 1481 enim
2770 1425 2967 1481 anima
2997 1425 3124 1478 sine
3177 1425 3369 1476 mente
3421 1418 3648 1490 concipi
3681 1434 3796 1473 non

2144 1523 2357 1591 potest,
2388 1517 2469 1572 sic
2504 1534 2607 1572 nec
2645 1519 2792 1571 Deus
2824 1514 2950 1570 sine
2984 1512 3127 1569 Filio
3147 1512 3316 1567 Pater
3375 1513 3564 1582 potest
3613 1508 3795 1575 credi,

2144 1609 2290 1663 Nam
2322 1607 2823 1678 quemadmodum
2861 1605 3023 1659 Pater
3051 1617 3258 1673 expers
3289 1604 3377 1656 est
3411 1597 3798 1670 principii,ita

2143 1704 2198 1755 et
2231 1700 2487 1754 Verbum
2522 1703 2580 1752 et
2614 1702 2762 1752 Deus
2796 1695 2975 1751 Filius
3009 1691 3358 1756 Dei..4r.0ui
3393 1688 3580 1762 possit
3611 1687 3794 1744 Filius

2140 1804 2344 1857 expers
2375 1802 2504 1842 esse
2536 1785 2825 1858 principii,
2855 1783 2955 1855 qui
2987 1782 3138 1837 diem
3172 1776 3699 1836 consummationis
3731 1793 3794 1832 se

2141 1876 2408 1948 ignorare
2436 1877 2646 1930 fatetur
2676 1879 2700 1928 γ
2730 1875 2850 1929 Ath.
2885 1871 3191 1944 Responde
3223 1868 3388 1935 mihi,
3422 1884 3453 1922 ο
3487 1866 3684 1936 homo,
3717 1867 3789 1921 ad

2141 1965 2196 2020 id
2231 1967 2382 2036 quod
2417 1971 2471 2020 te
2504 1965 2795 2035 interrogo
2831 1981 2842 2018 :
2877 1960 3244 2016 Architectus
3277 1962 3511 2030 accepto
3560 1955 3787 2013 calamo

2141 2055 2333 2111 locum
2363 2054 2774 2111 aediﬁcandum
2798 2050 3121 2118 dimetilur;
3157 2047 3462 2120 superiora
3492 2047 3700 2103 deinde
3730 2051 3788 2104 et

2140 2143 2416 2199 inferiora
2445 2142 2744 2207 describit,
2801 2138 3072 2196 cubicula
3116 2136 3389 2193 secundae
3436 2135 3680 2206 scilicet,
3733 2139 3792 2192 et

2140 2233 2322 2288 tertiae
2354 2230 2828 2304 contignationis.
2864 2229 2968 2284 Hic
2999 2231 3173 2296 certe,
3207 2243 3339 2282 cum
3376 2225 3626 2298 primam
3659 2226 3792 2282 atti-

2141 2323 2226 2396 git
2264 2321 2786 2394 contignationem,
2838 2318 2997 2374 novit
3057 2316 3170 2372 sibi
3221 2317 3543 2372 secundam
3608 2315 3790 2371 aedifi-

2141 2413 2387 2468 candam
2419 2429 2586 2479 esse;
2623 2428 2738 2483 quo
2783 2409 3057 2482 perfecta,
3108 2405 3382 2478 intelligit
3431 2423 3580 2478 opus
3611 2423 3791 2478 prope

2140 2518 2270 2558 esse
2318 2500 2680 2558 absolutum.
2759 2501 2903 2555 Cum
2983 2513 3114 2552 vero
3192 2495 3364 2551 tertia
3431 2495 3790 2568 contignatio

2139 2597 2474 2647 constructa
2504 2591 2697 2660 fuerit,
2733 2591 2987 2662 profecto
3019 2585 3512 2659 quemadmodum
3547 2589 3679 2642 ante
3701 2602 3792 2642 se-

2141 2683 2389 2737 cundam
2425 2681 2510 2735 vel
2544 2679 2775 2736 tertiam
2808 2678 3012 2747 aedem,
3032 2676 3116 2731 sic
3146 2674 3323 2730 etiam
3357 2680 3515 2730 certo
3541 2675 3652 2732 scit
3681 2676 3792 2730 im-

2141 2772 2362 2826 minere
2389 2769 2620 2834 aediﬁcii
2651 2767 3100 2823 absolutionem.
3135 2765 3317 2835 Itane,
3351 2781 3572 2836 quaeso,
3607 2782 3669 2821 se
3699 2783 3792 2823 res

2139 2861 2334 2929 habet,
2368 2878 2439 2914 an
2472 2858 2634 2915 non?
2668 2861 2758 2913 Ar.
2791 2855 3103 2912 Consentio
3145 2853 3260 2910 ista
3306 2854 3392 2910 sic
3441 2871 3502 2910 se
3551 2855 3787 2912 habere.

2138 2951 2260 3007 Ath.
2299 2950 2480 3022 Igitur
2511 2948 2608 3004 Dei
2643 2948 2844 3014 Filius,
2877 2945 2977 3017 qui
3017 2943 3216 3000 omnia
3246 2960 3380 2999 cum
3414 2961 3529 3000 non
3570 2949 3786 3018 essent,

2141 3041 2274 3096 fecit
2323 3045 2384 3093 ut
2431 3042 2649 3104 essent,
2695 3036 2793 3109 qui
2843 3035 3001 3090 istud
3052 3034 3386 3105 composuit
3432 3034 3787 3090 elementum

2140 3131 2238 3202 qui
2274 3130 2558 3184 hactenus
2591 3127 2878 3182 mundum
2913 3123 3278 3196 providentia
3307 3123 3478 3195 regit,
3511 3125 3792 3197 quemad-

2140 3219 2381 3274 modum
2450 3219 2576 3289 ipse
2619 3218 2701 3272 ait
2748 3209 3050 3282 Dominus,
3085 3235 3112 3263 «
3164 3213 3337 3268 Pater
3387 3230 3550 3270 meus
3603 3231 3791 3286 usque

370 3312 589 3378 περαιοῖ
619 3305 750 3381 ὅπερ
803 3305 963 3368 αὐτὸς
1004 3302 1326 3380 δημιουργει
1361 3324 1373 3373 ;
1408 3308 1525 3362 Ἔτι
1565 3307 1672 3378 μὴν
1706 3303 2025 3378 δοκίμασον,

2143 3309 2312 3363 modo
2343 3310 2701 3379 operatur,et
2730 3321 2835 3376 ego
2856 3319 3074 3376 operor
3099 3303 3198 3375 “,n
3218 3318 3331 3358 non
3365 3303 3524 3358 novit
3552 3304 3789 3375 quando

369 3395 561 3473 φημί’
624 3397 906 3471 πορευθεὶς
981 3394 1325 3470 ἐπερώτησον
1384 3396 1506 3470 περὶ
1574 3394 2026 3468 συμπληρώσεως

366 3489 463 3539 106
519 3486 694 3559 μηνὸς
752 3482 921 3561 ἄνδρα
980 3485 1222 3559 ἄπειρον,
1283 3485 1342 3546 ’ὸς
1401 3483 1498 3539 οὐκ
1552 3483 1830 3539 ἐπίσταται
1868 3529 1882 3553 ,
1941 3484 2024 3539 ὅτι

365 3575 656 3648 τριάκοντα
685 3576 908 3651 ἡμερῶν
956 3575 983 3628 ὁ
1037 3575 1144 3647 μὴν
1195 3575 1472 3649 τυγχάνει,
1506 3574 1548 3629 εἰ
1601 3571 1760 3629 δώσει
1795 3578 1908 3646 (43)
1940 3596 2023 3629 σοι

367 3663 654 3734 ἀπόκρισιν
700 3663 822 3738 περὶ
863 3661 925 3717 06
976 3663 1236 3738 πυνθάνῃ.
1292 3665 1410 3718 Ἐάν
1443 3661 1501 3718 δὲ
1549 3666 1894 3739 προσαγάγῃς
1923 3667 2022 3734 τὴν

369 3750 553 3807 πεῦσιν
609 3758 690 3826 τῷ
743 3749 928 3829 ἔχοντι
986 3754 1084 3821 τήν
1143 3758 1366 3827 γνῶσιν,
1416 3752 1610 3816 εὐθέως
1642 3753 1753 3830 έρεῖ
1796 3775 1900 3821 σοι,
1935 3754 2020 3809 ἐὰν

377 3841 469 3913 μὶν
517 3841 552 3916 ᾖ
600 3843 757 3898 πέντε
815 3842 907 3896 καὶ
967 3839 1194 3912 δεκάτην
1255 3838 1397 3916 ἔχων
1456 3843 1482 3895 6
1545 3849 1671 3916 μὴν,
1735 3841 1816 3897 ὅτι
1862 3845 2031 3916 μέσος

376 3928 533 3983 ἐστίν·
585 3930 670 3985 ἐὰν
716 3929 774 3986 δὲ
821 3932 945 4006 περί
996 3931 1244 4000 εἰκοστὴν
1297 3926 1562 4004 ἑϐδόμην,
1614 3930 1751 4002 λέξει
1800 3954 1904 4004 σοι,
1940 3933 2021 3988 ὅτι

373 4017 498 4094 περὶ
532 4020 924 4096 συμπλήρωσιν
956 4021 1213 4097 τυγχάνει
1245 4021 1272 4075 6
1308 4022 1435 4092 μήν.
1471 4021 1530 4077 Ὀ
1579 4020 1738 4083 αὐτὸς
1789 4019 1846 4076 δὲ
1895 4022 2021 4094 ὅρος

369 4109 620 4184 καὶπερὶ
667 4110 920 4182 σελήνης,
953 4110 1161 4184 ὁμοίως
1212 4107 1269 4164 δὲ
1315 4110 1405 4164 καὶ
1457 4111 1578 4186 περὶ
1628 4115 1724 4164 106
1757 4109 2021 4166 ἐνιαιδτοῦ·

370 4196 461 4252 ἐάν
518 4201 632 4273 (44)
679 4197 1022 4275 ἐπερωτήσῃς
1079 4199 1420 4270 ἐπιστήμονα
1478 4196 1690 4274 ἄνδρα,
1755 4199 1837 4254 ὅτι
1894 4201 2025 4256 πότε

372 4285 816 4363 συμπληροῖνται,
847 4291 984 4345 κατὰ
1028 4291 1126 4358 τήν
1162 4288 1368 4344 σύνεσιν
1408 4293 1506 4358 τήν
1541 4294 1846 4365 προσοῦσαν
1879 4289 2024 4363 αὐτῷ

369 4373 674 4450 δοκιμάσας
708 4423 721 4447 ,
786 4378 868 4433 ὅτι
949 4377 1230 4440 ἑνδέκατος
1297 4378 1402 4452 μὴν
1463 4377 1872 4453 πεπλήρωται,
1931 4382 2021 4435 καὶ

364 4463 568 4541 ⁴ἤρξατο
621 4469 647 4522 6
680 4465 1006 4536 δωδέκατος,
1041 4467 1154 4542 ἐρεῖ
1200 4489 1304 4537 σοι,
1358 4467 1440 4522 ὅτι
1491 4469 1612 4545 περὶ
1661 4469 1721 4522 τὸ
1773 4469 2022 4525 συντελε-

369 4556 562 4624 σθῆναι
594 4552 730 4632 ἔχει.

436 4647 526 4700 26.
560 4649 686 4718 "Ap.
750 4646 930 4700 εἶπεν·
993 4646 1182 4707 Οὕτως
1238 4641 1354 4721 ἔχει
1410 4648 1472 4701 τὸ
1523 4646 1808 4722 εἰρημένον
1840 4693 1852 4706 .
1907 4650 2016 4705 Ἀθ.
2052 4661 2099 4726 D

370 4734 532 4788 εἶπεν⁹
586 4735 650 4791 Εἰ
705 4734 795 4790 06v
848 4737 1182 4811 ἀρχιτέκτων
1232 4734 1533 4801 ἐπίσταται,
1589 4737 1720 4791 πότε
1779 4735 2020 4793 συντελεῖ

365 4823 463 4890 τήν
494 4821 817 4893 οἰκοδομὴν,
860 4826 948 4880 καὶ
981 4827 1009 4880 6
1044 4825 1360 4898 ἐπιστήμων
1393 4826 1528 4899 ἀνὴρ
1563 4825 1620 4880 έκ
1648 4831 1744 4881 106
1781 4829 2018 4902 ἀριθμοῦ

368 4911 498 4966 πότε
531 4912 864 4969 συντελεῖται
897 4917 924 4970 ὁ
961 4917 1091 4988 μὴν,
1125 4915 1183 4970 ἐκ
1214 4912 1271 4969 δὲ
1300 4923 1397 4985 τῆς
1447 4913 1728 4990 ἐμπειρίας
1776 4921 1874 4971 106
1921 4939 2018 4972 κυ-

366 5000 561 5057 κλικοῦ
595 5000 826 5078 δρόμου,
872 5005 1004 5060 πότε
1051 5004 1143 5078 μὲν
1186 5006 1301 5078 (45)
1346 5001 1656 5081 πληροῦται
1706 5007 1740 5074 ἠ
1793 5004 2018 5077 σελήνη,

436 5175 480 5210 ⁴⁸
514 5174 682 5232 Joan.
714 5192 770 5244 ν,
808 5178 891 5232 l7.

436 5329 730 5404 (38)_Augﬁ.
775 5328 852 5404 ᾡς
895 5332 1000 5404 γὰρ
1049 5327 1152 5404 οὐκ
1198 5326 1308 5404 ἔστι
1359 5330 1674 5404 Χριστιανὸν
1720 5335 1817 5386 106
1867 5332 2014 5387 ἒννο-

436 5349 548 5401 (σδ)
580 5349 730 5400 aug.
775 5349 852 5391 ως
895 5351 967 5404 γα
1049 5349 1152 5384 ουκ
1198 5349 1308 5385 ιστι
1359 5349 1674 5404 Αριστιανον
1720 5351 1817 5386 του

362 5401 612 5486 ἥσαὲλτὸν
636 5403 758 5457 Υἱὸν
788 5399 916 5486 given
949 5349 1441 5486 Ιῗατρὸεοόδὲιτριν
1473 5401 1686 5486 Πατέρα
1716 5404 1856 5461 ἄνευ.

575 5476 724 5549 Aug.
754 5473 930 5549 οὕτως
954 5474 1043 5529 καὶ
1070 5472 1128 5530 ἓν
1157 5472 1308 5549 ἀρχῇ
1336 5474 1459 5549 Υἱὸς
1492 5472 1629 5549 Υἱὸς
1648 5480 1802 5549 Θεοῦ.

439 5544 552 5626 (40)
759 5544 1027 5622 ἂνώγαιον
1079 5548 1169 5602 καὶ
1197 5544 1537 5621 ’κατώγαιον,
1586 5545 1833 5626 διώροφά
1876 5568 2022 5625 φημι

362 5617 786 5704 “tissime

438 5639 947 5763 (ἰδιέέῗοοῗέείυε,
981 5691 1156 5748 Basil.
1191 5689 1497 5762 Anglican.
1531 5691 1766 5763 et_Felc.
1797 5693 1850 5746 2.
1873 5691 2021 5747 Editi

367 5756 1071 5844 νιδὲο,’προστοιϐασθῆναι.
1131 5756 1404 5834 Angli—3L,
1447 5756 1937 5839 προσϐιϐασθῆναι,
1969 5767 2027 5821 et

2136 3399 2208 3453 ad
2241 3399 2458 3454 exitum
2495 3397 2772 3468 perducet
2801 3393 3099 3466 quodipse
3131 3391 3463 3448 construit?
3493 3393 3790 3464 Rem,oro,

2135 3490 2418 3562 experire.
2453 3489 2630 3554 Vade,
2657 3491 2713 3542 et
2746 3487 2814 3541 de
2849 3487 2963 3540 ﬁne
2984 3483 3566 3556 mensisimperitum
3591 3485 3788 3540 homi-

2137 3597 2270 3636 nem
2306 3580 2620 3649 interroga,
2652 3578 2751 3648 qui
2801 3575 3023 3630 nesciat
3072 3589 3330 3628 mensem
3376 3573 3620 3646 triginta
3666 3574 3788 3630 die-

2137 3688 2266 3726 rum
2297 3685 2448 3735 esse,
2481 3668 2727 3738 videque
2757 3682 2829 3720 an
2863 3663 2967 3719 tibi
2989 3663 3372 3734 interroganti
3397 3681 3790 3736 responsurus

2137 3761 2233 3815 sit.
2269 3763 2334 3814 At
2381 3758 2429 3814 si
2481 3757 2780 3813 eruditum
2831 3755 3155 3825 interroges
3210 3754 3534 3814 hominem.
3584 3754 3786 3810 statim

2137 3849 2290 3906 dicet
2320 3848 2446 3913 tibi,
2477 3847 2526 3902 si
2555 3846 2809 3902 dicimus
2850 3843 3094 3916 quintus
3145 3842 3269 3898 dies
3329 3847 3438 3913 est,
3472 3842 3784 3899 dimidium

2135 3955 2264 3994 esse
2311 3952 2612 4004 mensem;
2647 3935 2735 3990 sin
2784 3939 2981 3989 autem
3031 3934 3109 3987 sit
3154 3932 3279 3988 dies
3309 3931 3622 3988 visesimus
3653 3948 3784 4004 sep-

2135 4029 2318 4083 timus
2364 4025 2449 4080 vel
2499 4026 2753 4091 circiter,
2800 4021 3180 4094 respondebit
3236 4021 3343 4076 tibi
3396 4021 3571 4076 finem
3621 4036 3784 4076 men-

2135 4117 2217 4172 sis
2246 4116 2575 4170 imminere.
2609 4113 2822 4168 Eadem
2859 4127 3028 4182 porro
3061 4110 3208 4165 ratio
3251 4115 3360 4179 est,
3393 4111 3513 4166 sive
3544 4111 3614 4166 de
3644 4109 3788 4167 luna

2134 4206 2252 4261 sive
2284 4205 2354 4259 de
2386 4219 2540 4259 anno
2560 4206 2785 4273 agatur.
2809 4199 2864 4253 Si
2896 4200 3054 4254 enim
3085 4199 3339 4270 peritum
3383 4200 3681 4256 hominem
3704 4200 3789 4255 in-

2132 4292 2519 4365 terrogaveris
2569 4289 2948 4361 quondonam
3011 4287 3269 4349 ﬁnietur.
3340 4289 3438 4344 ille
3497 4307 3602 4362 pro
3678 4307 3788 4346 sua

2132 4382 2517 4455 intelligentia
2549 4377 2910 4452 perspiciens
2941 4377 3316 4433 undecimum
3351 4394 3615 4434 mensem
3632 4395 3786 4435 com-

2133 4474 2352 4546 pletum
2384 4486 2532 4537 esse,
2566 4469 2972 4540 incepisseque
3003 4465 3442 4534 duodecimum,
3478 4469 3788 4540 responde-

2133 4564 2216 4620 bit
2241 4563 2396 4618 circa
2431 4562 2603 4616 linem
2637 4575 2781 4614 esse.

2204 4654 2292 4706 26.
2328 4654 2419 4704 Ar.
2472 4654 2557 4703 lta
2595 4653 2702 4717 est,
2753 4650 2818 4701 ut
2875 4644 3044 4701 dicis.
3090 4644 3211 4700 Ath.
3264 4647 3468 4718 Itaque
3526 4647 3575 4704 si
3624 4648 3784 4705 novit

2129 4743 2484 4798 architectus
2518 4739 2895 4813 quandonam
2930 4737 3240 4793 mdificium
3273 4738 3350 4794 sit
3379 4740 3777 4812 perfecturus;

2129 4833 2177 4889 si
2212 4832 2434 4904 peritus
2465 4829 2641 4884 homo
2672 4845 2741 4883 ex
2795 4844 3039 4883 numero
3083 4826 3359 4900 intelligit
3401 4830 3780 4901 quandonam

2130 4919 2464 4976 absolvatur
2522 4916 2767 4984 mensis,
2823 4921 2882 4972 et
2949 4934 3017 4971 ex
3074 4933 3285 4973 cursus
3352 4917 3496 4989 cycli
3573 4919 3784 4976 notitia

2131 5008 2508 5080 quandonam
2555 5005 2728 5077 plena
2757 5007 2846 5060 est
2898 5003 3039 5060 luna
3060 5004 3146 5060 vel
3169 5005 3501 5061 decrescere
3539 5005 3780 5077 desinit,

2130 5333 2187 5388 in
2223 5332 2487 5405 margine
2527 5328 3234 5405 ξ’σως-προετοιμασθῇναι.

2163 5405 2313 5494 ’(42)
2343 5397 2488 5477 Ᾰυε.
2525 5399 2663 5478 ἔχει.
2695 5397 2840 5459 Ibid.
2877 5397 3024 5474 Aug.
3071 5401 3099 5454 6
3132 5397 3222 5454 οὖν
3269 5397 3413 5462 Υἱός.
3465 5399 3606 5476 Reg.
3659 5402 3786 5464 Υἱὸς

2131 5497 2246 5532 ουν.

2203 5548 2316 5620 (43)
2347 5549 2492 5620 Aug.
2597 5540 2778 5620 δώσει.

2205 5611 2328 5692 (44)-
2353 5611 2603 5692 Ιῒιιᾟειέ.
2639 5619 2837 5692 probe.
2874 5614 3029 5671 Editi
3057 5629 3193 5670 vero
3226 5616 3283 5673 et
3313 5614 3435 5673 alii.
3468 5611 3556 5669 ἐὰν
3589 5611 3665 5672 δέ.
3701 5617 3782 5672 Ib.

2132 5688 2278 5760 Aug.
2303 5688 2612 5763 Epip'tvﬁo'p‘c.

2207 5755 2320 5834 (7&5)
2342 5755 2443 5817 'Sic
2473 5755 2612 5834 Reg.
2646 5767 2704 5818 et
2735 5767 2884 5828 Aug.
2919 5759 3034 5817 Alii
3059 5773 3195 5817 cum
3219 5759 3414 5832 editis,
3449 5756 3545 5833 μὶν
3574 5755 3689 5813 οὖν.
