4170 6378
360 431 468 491 471

1525 423 1590 483 S.
1638 420 2166 483 ATHANASIUS.
2201 452 2277 464 —
2316 421 2627 484 SPURIA.

3668 428 3788 487 4⁸12

361 579 478 637 quo
507 560 649 618 item
677 563 941 633 tempore
971 576 1162 615 annus
1199 558 1500 631 perﬁcitur
1556 574 1630 612 an
1686 572 1799 611 non
1850 554 2035 610 nobis.

2146 553 2267 607 πότε
2305 550 2363 608 δὲ
2412 556 2709 629 μειουμένη
2757 553 3047 632 ἀπολήγει,
3081 554 3227 631 ποίῳ
3274 553 3334 613 δὲ
3383 562 3560 632 καιρῷ
3604 580 3787 616 συντε-

366 650 681 708 dicendum
713 648 956 704 omnino
979 651 1067 704 est
1098 646 1413 704 Dominum
1446 643 1779 716 Jesum,qui
1812 641 2021 698 mundi

368 746 459 798 est
488 739 702 813 opifex,
726 742 1125 809 venturosque
1155 740 1245 793 est
1275 737 1345 791 ad
1377 735 1573 807 ipsum
1605 748 2023 790 consumman-

375 830 539 896 dum,
574 828 729 884 diem
765 827 954 899 ipsam
995 823 1395 897 cognoscere?
1445 824 1711 894 Namque
1758 821 1808 878 si
1857 820 2024 893 igno-

377 917 881 989 rasset,quomodo
912 915 1305 987 interrogatus
1344 914 1414 969 de
1447 913 1561 969 (ine
1593 912 1771 983 hujus
1801 908 2026 979 saeculi,

376 1007 752 1081 secundoque
792 1021 900 1061 suo
950 1004 1222 1070 adventu,
1271 1020 1402 1059 vera
1454 1002 1742 1075 potuisset
1786 1017 2026 1073 respon-

379 1095 564 1154 dere?
613 1093 916 1168 Proprium
962 1093 1117 1149 enim
1169 1091 1403 1149 illorum
1452 1096 1542 1149 est
1587 1108 1723 1147 vera
1767 1105 2026 1158 narrare,

379 1185 481 1259 qui
530 1190 748 1242 certam
801 1184 1019 1239 habent
1064 1182 1456 1255 cognitionem
1507 1197 1706 1237 eorum
1761 1195 1886 1251 quae
1936 1178 2029 1234 hic

379 1280 521 1332 sunt
578 1278 635 1331 et
709 1273 878 1329 ﬁunt.
954 1273 1351 1346 Interrogatus
1426 1270 1670 1343 proinde
1744 1268 2027 1334 Salvator,

377 1364 534 1420 I70
575 1362 878 1420 veritatem
932 1377 1111 1433 quam
1157 1366 1396 1417 noverat
1429 1359 1667 1415 indicat.
1718 1356 2025 1412 Scissitan-

377 1453 540 1510 tibus
602 1452 759 1508 enim
828 1448 1134 1522 discipulis
1203 1449 1357 1522 quod
1430 1448 1666 1523 signum
1745 1448 2028 1503 adven’us

378 1539 610 1599 Domini
638 1541 801 1609 Jesu,
834 1543 891 1596 et
921 1537 1454 1595 consummationis
1492 1537 1673 1609 hujus
1704 1534 2029 1603 seaculi,his

377 1630 570 1688 verbis
601 1628 948 1702 respondit:
983 1651 1011 1679 ‹‹
1042 1627 1246 1684 Videte
1295 1644 1367 1683 ne
1415 1626 1551 1699 quis
1604 1642 1706 1682 vos
1762 1624 2023 1680 seducet.

376 1719 541 1776 Multi
591 1718 747 1776 enim
790 1717 1025 1775 venient
1074 1717 1132 1773 in
1187 1717 1426 1774 nomine
1478 1733 1629 1784 meo,
1695 1714 1956 1771 dicentes
2010 1729 2025 1768 :

376 1811 494 1885 Ego
519 1826 651 1866 sum
683 1806 991 1877 Christus;
1031 1810 1087 1863 et
1137 1804 1356 1861 multos
1402 1806 1703 1861 seducent.
1754 1801 2028 1861 Audituri

2133 639 2305 698 λεῖται
2366 641 2750 721 πληρούμενος
2810 647 2838 701 6
2895 644 3133 709 ἐνιαυτὸς
3192 644 3305 703 οἶδε
3338 668 3351 681 ο
3402 651 3521 711 πῶς
3579 645 3670 704 οὖν
3732 648 3791 704 ἂν

2134 727 2380 805 εἶ’ποιμεν
2414 734 2601 806 ἡμεῖς,
2636 734 2718 790 ὅτι
2764 737 2792 791 6
2844 734 3038 814 Κύριος
3091 737 3325 808 Ἰησοῦς,
3357 738 3385 793 6
3430 739 3665 809 ποιήσας
3695 737 3787 794 τὸν

2132 821 2363 894 κόσμον,
2422 822 2513 878 καὶ
2571 825 2600 879 6
2661 823 2883 898 μέλλων
2942 825 3101 881 αὐτὸν
3156 826 3453 895 συντελεῖν,
3512 826 3790 884 ἐπίσταται

2133 910 2234 980 τήν
2267 912 2477 988 ἡμέραν
2513 932 2527 984 ;
2561 912 2625 972 Ei
2674 915 2776 992 γάρ
2825 917 3011 991 ἠγνόει
3044 960 3058 985 ,
3108 922 3224 979 πῶς
3252 916 3617 993 έπερωοηθεῖς
3667 918 3788 986 περὶ

2135 1005 2237 1069 τῆς
2289 999 2599 1065 συντελείας
2647 1008 2745 1058 τοῦ
2796 1003 2988 1067 α’ῶνος
3037 1005 3253 1074 τούτου,
3306 1005 3395 1061 καὶ
3444 1013 3542 1077 τῆς
3585 1027 3788 1079 παρου-

2140 1088 2258 1152 σίας
2289 1089 2454 1146 αὐτοῦ
2500 1098 2601 1162 τῆς
2653 1090 2924 1170 δευτέρας,
2974 1092 3211 1165 ἠδύνατο
3260 1096 3575 1169 ἀποκριθεὶς
3623 1102 3791 1175 φῆσαι

2135 1180 2235 1249 τὴν
2271 1177 2529 1251 ἀλήθειαν
2566 1200 2579 1250 ;
2611 1186 2728 1235 Τῶν
2759 1184 2859 1258 γαρ
2914 1184 3223 1261 ἀκραιφνῶς
3265 1183 3505 1260 ἐχόντων
3537 1185 3636 1253 τήν
3667 1184 3790 1261 περὶ

2136 1273 2245 1323 τῶν
2275 1266 2382 1324 ὧδε
2430 1271 2541 1344 (46)
2590 1267 2756 1326 ὄντων
2802 1274 2835 1341 ἢ
2885 1274 3185 1349 γινομένων
3226 1279 3445 1349 γνῶσιν,
3498 1271 3635 1329 ἴδιόν
3679 1273 3791 1330 ἐστι

2136 1358 2235 1426 τὴν
2269 1357 2527 1429 ἀλήθειαν
2579 1359 2923 1438 ἀφηγεῖσθαι.
2976 1364 3136 1419 ’Όθεν
3187 1362 3276 1418 καῖ
3311 1365 3338 1418 6
3390 1364 3587 1438 Σωτὴρ
3633 1364 3794 1439 γινώ-

2139 1468 2279 1503 σκων
2313 1448 2405 1520 ἐσή
2419 1470 2548 1522 μανε
2575 1450 2674 1519 τὴν
2708 1450 2966 1522 ἀλήθειαν
3016 1452 3377 1528 ἐπερωτηθείς
3402 1498 3416 1511 .
3471 1454 3795 1527 Πυθομένων

2134 1538 2235 1613 γάρ
2267 1542 2375 1592 τῶν
2410 1540 2686 1612 μαθητῶν,
2733 1539 2787 1595 τί
2834 1543 2898 1594 τὸ
2947 1548 3175 1614 σημεῖον
3224 1542 3325 1611 τῆς
3374 1542 3671 1617 παρουσίας
3697 1540 3794 1597 τοῦ

2136 1625 2338 1702 Κυρίου
2383 1628 2580 1694 Ἰησοῦ,
2631 1628 2720 1683 καὶ
2774 1636 2877 1699 τῆς
2910 1628 3214 1693 συντελείας
3267 1628 3365 1685 τοῦ
3422 1630 3618 1693 αἰῶνος
3665 1630 3794 1686 τοῦ-

2135 1737 2254 1786 του,
2305 1716 2619 1792 ἀποκριθεῖς
2669 1714 2768 1797 ἔφη
2819 1718 2982 1774 οὓτω·
3016 1744 3043 1770 ‹‹
3101 1720 3357 1789 Βλέπετε,
3411 1722 3601 1793 μήτις
3654 1721 3794 1792 ὑμᾶς

2137 1803 2412 1880 πλανήσῃ.
2442 1804 2652 1862 Πολλοὶ
2684 1808 2784 1883 γὰρ
2817 1807 3129 1863 ἐλευσονται
3159 1807 3245 1863 ἐπὶ
3276 1815 3355 1883 τῷ
3386 1808 3614 1884 ὀνόματί
3665 1831 3794 1883 μου,

378 1902 535 1959 enim
567 1898 710 1957 estis
741 1897 941 1972 praelia
972 1902 1031 1954 et
1059 1897 1365 1969 opiniones
1417 1894 1771 1969 prmliorum.
1821 1894 2028 1949 Videte

2146 1892 2409 1971 λέγοντες·
2459 1896 2597 1971 Ἐγώ
2646 1895 2759 1970 εἶμι
2812 1898 2839 1952 ὁ
2870 1898 3120 1971 Χριστὸς,
3154 1898 3244 1953 καὶ
3295 1896 3542 1962 πολλοὺς
3589 1896 3795 1971 π)ανή-

378 2008 450 2049 ne
480 1987 818 2047 turbemini.
851 1987 1092 2060 Oportet
1119 1985 1275 2042 enim
1311 1985 1433 2041 haec
1466 1983 1728 2054 ﬁeri,sed
1762 1983 2025 2040 nondum

375 2084 466 2137 est
522 2078 678 2135 finis.
738 2077 1066 2149 Consurgct
1123 2074 1279 2131 enim
1339 2091 1484 2146 gens
1540 2076 1596 2129 in
1677 2077 1909 2147 gentem
1972 2076 2031 2128 et

374 2185 621 2244 regnum
653 2168 715 2223 in
777 2182 1022 2239 regnum
1060 2183 1072 2222 :
1106 2169 1164 2221 et
1212 2168 1386 2220 erunt
1440 2161 1809 2236 pestilentiae,
1857 2166 1914 2217 et
1947 2161 2026 2217 fa-

374 2276 521 2328 mes,
555 2263 613 2315 et
641 2260 805 2314 terrae
838 2260 1031 2311 motus
1067 2271 1168 2326 per
1195 2252 1341 2309 loca.
1379 2254 1507 2308 Ilaec
1556 2256 1753 2308 autem
1809 2250 2028 2317 omnia,

372 2348 540 2406 initia
568 2350 706 2405 sunt
739 2345 1029 2402 dolorum.
1063 2345 1230 2400 'I‘unc
1260 2343 1499 2399 tradent
1530 2359 1629 2397 vos
1672 2341 1728 2397 in
1778 2340 2028 2397 tribula-

370 2438 584 2508 tiones,
631 2439 688 2493 et
735 2435 1004 2491 occident
1055 2450 1209 2489 vos:
1260 2437 1318 2488 et
1362 2431 1529 2487 eritis
1570 2431 1704 2487 odio
1754 2429 2031 2486 omnibus

370 2531 611 2601 propter
654 2542 865 2582 nomen
913 2540 1133 2580 meum.
1176 2527 1243 2579 Et
1292 2526 1432 2579 tunc
1479 2521 2035 2579 scandalizabuntur

375 2616 572 2685 multi,
603 2620 661 2672 et
691 2615 940 2671 invicem
972 2613 1226 2684 tradent,
1260 2617 1319 2669 et
1349 2611 1481 2668 odio
1530 2611 1833 2668 habebunt
1882 2611 2031 2665 invi-

375 2722 521 2764 cem.
557 2706 624 2761 Et
654 2703 827 2760 multi
864 2702 1385 2776 pseudoprophetis
1439 2705 1701 2774 surgent,
1750 2705 1809 2756 et
1857 2700 2034 2756 sedu-

381 2799 515 2853 cent
562 2793 804 2851 multos.
857 2794 923 2849 Et
990 2793 1270 2866 quoniam
1339 2790 1665 2846 abundabit
1730 2789 2034 2862 iniquitas,

382 2884 721 2957 refrigescet
749 2882 1008 2940 charitas
1040 2881 1383 2937 multorum.
1436 2880 1545 2949 Qui
1594 2884 1789 2936 autem
1841 2895 2036 2951 perse-

384 2973 667 3031 veraverit
698 2989 884 3045 usque
915 2972 974 3027 in
1007 2971 1204 3043 finem,
1240 2970 1333 3027 hic
1367 2969 1564 3027 salvus
1611 2969 1739 3025 erit.
1794 2969 1862 3024 Et
1894 2985 2037 3040 prai-

387 3063 681 3121 dicabitur
708 3060 1083 3135 Evangelium
1116 3060 1278 3134 regni
1312 3059 1371 3114 in
1400 3059 1668 3116 nniverso
1701 3057 2038 3124 mundo,in-

385 3153 794 3211 testimonium
840 3151 1118 3208 omnibus
1177 3148 1477 3222 gentibus,
1545 3153 1603 3204 et
1651 3153 1790 3203 tunc
1850 3145 2042 3202 veniet

384 3243 520 3299 finis
549 3243 613 3299 “.
651 3263 678 3292 ››
710 3241 777 3297 Et
808 3241 980 3313 paulo
1012 3245 1145 3312 post
1172 3238 1286 3295 ait:
1323 3262 1351 3290 ι(
1385 3238 1507 3294 Erit
1546 3238 1702 3294 enim
1737 3235 2037 3293 tribulatio

2139 2005 2329 2042 σουσι.
2391 1982 2710 2055 Μελλήσετε
2764 1984 2822 2041 δὲ
2874 1986 3087 2042 ἀκούειν
3148 1991 3431 2062 πολέμους
3482 1988 3573 2043 καὶ
3632 1987 3795 2050 ἀκοὰς

2138 2072 2423 2147 πολέμων.
2457 2076 2643 2151 Ὁρᾶτε
2676 2076 2753 2149 μὴ
2789 2077 3034 2152 θροεῖσθε
3058 2096 3070 2110 ⁸
3098 2074 3181 2132 δεῖ
3206 2079 3306 2153 γὰρ
3336 2081 3504 2132 ταῦτα
3531 2079 3796 2153 γενέσθαι,

2140 2160 2266 2219 ἀλλ’
2326 2162 2479 2218 οῧπω
2534 2165 2597 2219 τὸ
2654 2164 2829 2228 τέλος.
2894 2166 3271 2243 Ἐγερθήσεται
3337 2167 3438 2243 γάρ
3499 2163 3649 2232 ἔθνος
3712 2166 3797 2222 ἰπὶ

2142 2249 2310 2323 ἔθνος,
2342 2252 2429 2308 καὶ
2468 2252 2721 2329 βασιλεία
2768 2253 2855 2310 ἐπὶ
2909 2256 3208 2332 βασιλείαν,
3241 2256 3331 2312 καὶ
3370 2253 3582 2312 ἔσονται
3614 2255 3797 2329 λιμοὶ,

2139 2342 2229 2397 καὶ
2263 2341 2476 2416 λοιμοὶ,
2525 2342 2615 2398 καὶ
2675 2346 2888 2419 σεισμοῖ
2937 2346 3073 2400 κατά
3112 2346 3334 2408 τόπους.
3367 2347 3552 2403 Ταῦτα
3581 2343 3640 2401 δὶ
3668 2345 3799 2400 πάν-

2140 2453 2208 2487 τα
2237 2432 2384 2509 ἀρχὴ
2419 2429 2653 2491 ωδίνων.
2679 2434 2812 2489 Τότε
2841 2430 3256 2509 παραδώσουσιν
3288 2436 3426 2508 ὑμᾶς
3460 2434 3535 2497 εἷς
3565 2433 3800 2510 θλίψεις,

2142 2520 2231 2577 καὶ
2277 2522 2662 2577 ἀποκτενοῦσιν
2718 2523 2888 2595 ὑμᾶς’
2937 2524 3025 2579 καὶ
3077 2519 3255 2579 ἔσεσθε
3317 2523 3639 2597 μισούμενοι
3700 2524 3802 2579 ὑπὸ

2143 2609 2362 2663 πάντων
2424 2605 2513 2663 διὰ
2568 2610 2630 2663 τὸ
2685 2606 2862 2683 ὄνομά
2895 2631 3022 2683 μου.
3076 2611 3176 2666 Καὶ
3224 2612 3347 2667 τότε
3405 2608 3802 2682 σκανδαλισθή·

2146 2719 2330 2753 σονται
2362 2695 2591 2771 πολλοὶ,
2623 2698 2712 2753 καὶ
2745 2698 3030 2771 ἀλλήλους
3073 2698 3481 2773 παραδώσουσι,
3515 2702 3603 2756 καὶ
3638 2703 3801 2775 μισή-

2148 2808 2328 2843 σουσιν
2360 2785 2666 2858 ἀλλήλους.
2702 2788 2804 2846 Καὶ
2855 2787 3060 2845 πολλοὶ
3092 2787 3537 2867 ψευδοπροφῆται
3589 2790 3803 2867 ἐγερθή·

2149 2898 2353 2949 σονται,
2386 2877 2476 2932 καὶ
2508 2876 2850 2949 πλανήσουσι
2882 2876 3152 2941 πολλοῦς.
3187 2880 3289 2936 Καὶ
3322 2876 3411 2934 διὰ
3438 2880 3501 2934 τὸ
3559 2878 3802 2951 πληθυν-

2146 2969 2304 3036 θῆναι
2335 2967 2434 3035 τήν
2463 2965 2691 3040 ἀνομίαν
2720 3013 2734 3037 ,
2776 2969 3075 3043 ψυγήσεται
3115 2969 3149 3038 ἡ
3204 2969 3383 3043 ἀγάπη
3414 2973 3524 3024 τῶν
3553 2968 3798 3025 πολλῶν.

2148 3057 2205 3109 '0
2260 3052 2319 3111 δὶ
2373 3054 2670 3129 ὑπομείνας
2729 3055 2805 3118 εἷς
2860 3055 3041 3125 τέλος,
3105 3057 3263 3120 οὗτος
3324 3059 3652 3129 σωθήσεται.
3703 3059 3801 3114 Καὶ

2148 3146 2561 3222 κηρυχθήσεται
2607 3145 2670 3200 τὸ
2718 3143 3044 3221 Εὗαγγέλιον
3089 3154 3188 3217 τῆς
3242 3145 3521 3222 βασιλείας
3578 3147 3630 3202 έν
3686 3146 3803 3221 ὅλῳ

2147 3239 2228 3307 τῷ
2259 3235 2474 3308 κόσμῳ,
2522 3233 2595 3296 εἷς
2639 3233 2937 3311 μαρτύριον
2986 3238 3100 3308 (47)
3145 3240 3272 3289 πᾶσι
3317 3242 3433 3299 τοῖς
3491 3231 3682 3307 ἔθνεσι,
3713 3235 3805 3291 καὶ

384 3289 619 3403 magna,
671 3289 863 3403 qualis
913 3289 1044 3385 ιιοιῖ
1057 3289 1335 3384 aias
1364 3289 1530 3383 ίιῖἑιῖὶ)
1551 3289 1804 3382 Eii—nit
1819 3289 2036 3398 ἶέᾷὲῴ

2148 3289 2270 3379 τέτε
2299 3289 2507 3394 ἦξιειιτὸ
2564 3289 2746 3386 τέλος.
2785 3289 2940 3379 ’.Καὶ
2975 3289 3097 3397 ρετί
3141 3322 3303 3400 ὀλίγα
3334 3289 3804 3403 φησίνΐιι-

383 3421 579 3488 modo,
611 3436 801 3492 neque
828 3419 946 3474 ﬁet.
979 3417 1049 3473 Et
1071 3416 1184 3474 nisi
1219 3416 1461 3473 breviati
1494 3414 1748 3473 fuissent
1776 3413 2037 3483 dics,illi,

380 3526 497 3567 non
530 3508 694 3565 ﬁeret
722 3507 883 3563 salva
910 3505 1103 3563 omnis
1146 3521 1302 3575 caro,
1361 3505 1528 3561 Tunc
1586 3504 1636 3561 si
1688 3505 1823 3578 quis
1875 3506 2040 3563 vobis

381 3596 614 3665 dixerit,
663 3595 809 3652 Ecce
853 3594 949 3650 hic
999 3598 1088 3650 est
1134 3592 1427 3662 Christus,
1476 3607 1608 3648 ecce
1656 3591 1775 3647 illic
1807 3609 1821 3648 :
1857 3593 2035 3649 nolite

384 3684 621 3741 credere
651 3684 715 3740 ιτ.
750 3706 777 3734 ››
809 3683 876 3739 Et
908 3681 1041 3738 aliis
1072 3681 1397 3754 interjectis
1432 3697 1444 3736 :
1479 3704 1506 3731 (ι
1545 3680 1711 3737 Sicut
1733 3681 1892 3737 enim
1929 3681 2039 3737 ful-

386 3790 497 3847 gur
526 3772 643 3829 exit
672 3773 745 3827 ab
776 3771 998 3828 oriente
1027 3775 1083 3827 et
1107 3774 1350 3843 apparet
1371 3787 1559 3841 usque
1579 3769 1638 3825 in
1652 3770 2041 3842 occidentem,

383 3865 473 3919 ita
510 3863 623 3919 erit
670 3861 955 3917 adventus
1008 3858 1135 3916 Filii
1162 3858 1444 3924 hominis,
1494 3858 1841 3933 Ubicunque
1872 3860 2047 3915 fuerit

384 3969 623 4025 corpus,
671 3949 811 4005 illuc
868 3948 1384 4022 congregabuotur
1438 3953 1497 4003 et
1551 3947 1781 4021 aquilae.
1839 3948 2045 4005 Statim

387 4048 587 4101 autem
669 4043 800 4111 post
867 4037 1312 4094 tribulationem
1383 4037 1609 4093 dierum
1671 4036 1905 4093 illorum
1960 4036 2046 4094 sol

387 4129 825 4195 obscurabitur,
860 4131 918 4184 et
965 4126 1106 4183 luna
1138 4143 1251 4183 non
1276 4126 1442 4182 dabit
1489 4125 1689 4182 lumen
1741 4144 1940 4193 suum,
1991 4132 2051 4184 et

387 4221 571 4279 stella:
604 4218 731 4276 caeli
766 4219 997 4284 cadent,
1030 4220 1089 4273 et
1135 4216 1378 4273 virtutes
1409 4215 1685 4272 caelorum
1719 4233 2047 4273 commove-

394 4314 661 4368 buntur:
696 4315 748 4364 et
798 4313 937 4363 tunc
987 4306 1293 4379 apparebit
1324 4306 1556 4377 signum
1622 4306 1744 4362 Filii
1795 4307 2048 4363 hominis

389 4402 449 4457 in
484 4399 628 4457 omlo
673 4399 737 4453 ".
781 4419 808 4448 »
862 4397 929 4452 Et
980 4396 1152 4469 paulo
1203 4401 1376 4469 post:
1417 4420 1437 4445 ι
1472 4397 1655 4452 Amen
1705 4396 1835 4452 dico
1859 4395 2046 4468 vobis,

394 4491 533 4563 quia
551 4506 665 4546 non
689 4486 1007 4561 praeteribit
1028 4484 1328 4559 generatio
1350 4484 1685 4557 hec,donec
1706 4485 1905 4542 omnia
1926 4486 2049 4542 haec

395 4579 785 4638 ﬁant.Cqum
818 4581 875 4632 et
903 4582 1056 4632 terra
1085 4575 1426 4631 transibunt
1457 4592 1469 4630 :
1493 4576 1668 4631 verba
1698 4581 1895 4631 autem
1922 4593 2051 4631 mea

2146 3414 2247 3491 γὰρ
2280 3412 2464 3487 θλίψις
2499 3412 2733 3488 μεγάλη,
2767 3413 2855 3469 ο⁹ια
2894 3412 2955 3468 οὐ
2985 3413 3193 3489 γέγονεν
3246 3415 3337 3469 ἀπ’
3369 3417 3548 3492 ἀρχῆς
3595 3417 3806 3489 κόσμου

2146 3499 2252 3565 ἕως
2310 3507 2408 3557 τοῦ
2466 3506 2581 3573 νῦν,
2642 3500 2702 3557 οὐ
2765 3503 2842 3575 μὴ
2899 3502 3150 3577 γένηται.
3212 3503 3310 3558 Καὶ
3369 3504 3416 3558 εί
3478 3505 3552 3577 μὴ
3614 3502 3805 3560 ἐκολο-

2152 3587 2406 3663 ϐώθησαν
2453 3593 2506 3647 αἱ
2563 3592 2768 3667 ἡμέραι
2825 3589 3025 3646 ἐκεῖναι
3078 3636 3092 3662 ,
3152 3591 3251 3648 οὐκ
3308 3592 3367 3648 ἂν
3427 3591 3603 3662 ὶσώθη
3662 3597 3806 3646 πᾶσα

2153 3685 2301 3761 σάρξ.
2361 3683 2493 3739 Τότε
2522 3681 2610 3739 ἐάν
2654 3704 2739 3747 τις
2801 3683 2928 3757 ὑμῖν
2956 3680 3083 3758 εἷ’πῃ
3120 3702 3133 3716 ⁸
3169 3681 3309 3741 Ἰδοὺ
3358 3681 3465 3739 ῶδε
3494 3684 3521 3738 6
3554 3683 3799 3758 Χριστὸς,

2153 3771 2272 3828 ίδοῦ
2338 3772 2493 3828 έκεῖο
2554 3773 2630 3847 μὴ
2714 3771 3037 3843 πιστώσητε
3069 3793 3082 3806 ·
3149 3798 3169 3823 ι
3226 3773 3314 3828 καὶ
3402 3774 3513 3845 μεθ’
3597 3771 3756 3847 ἕτερα
3788 3790 3801 3802 ·

2161 3865 2419 3935 «Ὥσπερ
2449 3861 2551 3937 γὰρ
2605 3862 2639 3931 ἡ
2702 3862 2949 3937 ἀστραπη
3010 3860 3285 3938 ἐξέρχεται
3342 3862 3447 3917 ἀπὸ
3503 3859 3804 3930 ἀνατολῶν,

2154 3953 2241 4007 καὶ
2300 3950 2541 4030 φαίνεται
2595 3948 2702 4013 ἕως
2760 3948 2979 4024 δυσμῶν
3030 3954 3163 4024 (48),
3222 3951 3395 4014 οὕτως
3426 3948 3572 4007 ἔσται
3603 3951 3638 4021 ἡ
3669 3969 3807 4021 παρ-

2156 4041 2310 4097 ουσία
2366 4044 2464 4096 τοῦ
2519 4040 2647 4095 Υἱοῦ
2692 4045 2795 4096 τοῦ
2852 4041 3157 4116 ἀνθρώπου.
3218 4043 3401 4100 ’Ὀπου
3457 4039 3517 4097 δὲ
3569 4040 3627 4096 ἂν
3747 4039 3808 4095 τὸ

2156 4137 2380 4205 πτῶμα,
2412 4129 2525 4186 ἐκεῖ
2572 4132 3006 4207 συναχθήσονται
3037 4132 3089 4186 οἱ
3141 4130 3307 4187 ἀετοί.
3344 4130 3556 4192 Εὐθέως
3589 4127 3645 4185 δὲ
3680 4129 3812 4203 μετά

2154 4223 2254 4291 τήν
2287 4220 2472 4295 θλίψιν
2520 4224 2628 4275 τῶν
2677 4221 2903 4296 ἡμερῶν
2963 4219 3179 4276 ἐκείνων
3208 4221 3237 4275 6
3267 4219 3432 4289 ἥλιος
3463 4222 3813 4289 σκοτισθήσε-

2156 4334 2264 4383 ται,
2296 4310 2385 4366 καὶ
2417 4311 2450 4380 ἡ
2505 4309 2707 4381 σελήνη
2740 4308 2801 4365 οὐ
2829 4306 2991 4364 δώσει
3022 4310 3084 4365 τὸ
3142 4307 3334 4387 φέγγος
3392 4308 3557 4377 αὐτῆς
3591 4354 3607 4381 ,
3638 4308 3729 4362 καὶ
3761 4308 3814 4361 οἱ

2158 4402 2374 4476 ἀστέρες
2405 4404 2503 4455 τοῦ
2544 4398 2773 4477 οὐρανοῦ
2803 4401 3090 4452 πεσοῦνται
3131 4439 3144 4463 ,
3197 4397 3287 4451 καὶ
3318 4398 3373 4452 αἱ
3420 4394 3672 4468 δυνάμεις
3702 4399 3811 4449 τῶν

2159 4489 2401 4565 οὐρανῶν
2462 4488 2890 4559 σαλευθήσονται
2946 4506 2958 4519 ⁸
3017 4485 3108 4540 καὶ
3175 4485 3300 4540 τότε
3371 4485 3662 4563 φανήσεται
3748 4482 3811 4536 τὸ

2160 4585 2389 4653 σημεῖον
2444 4583 2540 4634 τοῦ
2597 4578 2725 4632 Υἱοῦ
2780 4578 2878 4630 τοῦ
2935 4574 3221 4651 ἀνθρώπου
3277 4573 3330 4629 έν
3378 4579 3457 4647 τῷ
3515 4572 3750 4649 οὐρανῷ.
3785 4595 3813 4623 »

400 4687 513 4728 non
546 4665 1033 4741 prmtcribuntDe
1062 4664 1155 4721 die
1186 4670 1383 4722 autem
1416 4663 1501 4720 vel
1535 4664 1680 4721 hora
1709 4681 1880 4721 nemo
1912 4664 2036 4734 scit,

2159 4669 2258 4725 Καὶ
2318 4673 2429 4742 μετ’
2487 4665 2648 4742 ὀλίγα
2702 4662 2887 4744 φησίν·
2921 4688 2951 4718 ‹‹
2987 4664 3186 4737 Ἀμὴν,
3246 4661 3390 4740 λέγω
3443 4663 3590 4737 ὑμῖν,
3636 4659 3719 4716 ὅτι
3753 4658 3813 4715 οὖ

400 4774 591 4832 neque
621 4755 810 4829 angeli
842 4754 1144 4820 caelorum,
1173 4753 1287 4810 nisi
1339 4754 1502 4810 solus
1551 4753 1721 4811 Pater
1762 4755 1823 4810 ‘9.
1862 4778 1883 4806 ι
1917 4754 2051 4811 Jam

404 4847 714 4905 hominum
750 4847 841 4901 est
874 4842 1225 4916 sapientium
1260 4861 1326 4900 ex
1348 4842 1443 4899 his
1496 4860 1624 4917 quae
1672 4843 1936 4901 Salvator
1981 4846 2052 4901 de

402 4938 496 4995 die
526 4941 582 4993 et
610 4935 754 4991 hora
792 4932 1267 5007 presigniﬁcavit
1314 4933 1666 5005 perspicere,
1698 4934 1892 5005 ipsum
1924 4950 2052 4990 cer-

396 5028 626 5087 tissime
655 5040 1003 5099 cognoscere
1035 5025 1408 5095 quandonam
1456 5031 1743 5080 venturus
1788 5024 1910 5097 ipse
1941 5028 2051 5092 est,

396 5121 896 5189 restituturusque
937 5115 1157 5187 omnia,
1190 5119 1362 5188 prout
1393 5115 1699 5172 deﬁnitum
1745 5122 1854 5182 est,
1880 5116 2053 5187 juxta

393 5212 768 5269 individuum
803 5207 989 5279 ipsius
1015 5210 1071 5262 et
1102 5205 1291 5263 Patris
1323 5207 1415 5263 sui
1446 5206 2050 5281 consilium.Accepto

392 5304 549 5360 enim
582 5300 893 5374 Evangelia
924 5300 982 5354 in
1018 5297 1444 5370 manibus,lege
1476 5298 1668 5354 locum
1701 5297 1954 5354 Matthzei
1976 5299 2049 5357 de

2164 4760 2240 4834 μὴ
2300 4755 2549 4832 παρέλθῃ
2607 4756 2642 4826 ἡ
2688 4755 2846 4831 γενεά
2874 4749 3163 4827 dormitm;
3219 4752 3280 4809 ἂν
3333 4754 3508 4809 πάντα
3535 4755 3702 4807 ταῦτα
3728 4749 3814 4827 γέ-

2159 4868 2336 4919 νηται.
2368 4848 2430 4904 Ὁ
2489 4844 2712 4917 οὐρανὸς
2741 4843 2833 4899 καὶ
2891 4845 2926 4914 ἡ
2975 4845 3048 4919 γῆ
3095 4841 3504 4921 παρελεύσεται·
3539 4841 3591 4897 οἳ
3623 4837 3681 4896 δὲ
3719 4837 3814 4895 λό-

2158 4958 2244 5012 γοι
2280 4958 2385 5011 μου
2435 4933 2496 4990 οὐ
2550 4935 2626 5007 μὴ
2658 4933 2994 5004 παρέλθωσι.
3048 4932 3177 5008 Περὶ
3235 4930 3293 4988 δὶ
3321 4936 3419 5002 τῆς
3464 4932 3577 5004 (49)
3608 4929 3817 5005 ἡμέρας

2158 5029 2194 5097 ἦ
2227 5033 2326 5096 τῆς
2357 5025 2499 5101 ὥρας
2557 5019 2733 5084 οὐδεὶς
2794 5018 2960 5089 οἶδεν,
3018 5019 3142 5077 οὔτε
3198 5023 3251 5075 οἱ
3307 5020 3525 5096 ἄγγελοι
3581 5023 3688 5073 τῶν
3721 5016 3784 5071 οὗ

2161 5120 2359 5194 ρανῶν,
2396 5113 2441 5169 εἴ
2477 5113 2554 5187 μὴ
2587 5113 2615 5166 ὁ
2660 5111 2850 5187 Πατὴρ
2909 5111 3092 5185 μόνος.
3129 5133 3159 5162 ››
3190 5110 3394 5165 Λοιπὸν
3455 5108 3673 5170 πάντως
3704 5108 3820 5180 (50)

2156 5211 2265 5262 τῶν
2298 5201 2697 5283 εὐφρονούντων
2731 5198 2873 5256 ἐστὶν
2923 5197 3216 5274 ἐπιγνῶναι
3248 5196 3307 5254 ἐκ
3331 5201 3439 5252 τῶν
3500 5215 3819 5269 προσημαν-

2160 5297 2357 5353 θέντων
2420 5292 2480 5350 ἐκ
2532 5295 2631 5348 τοῦ
2692 5295 2952 5364 Σωτῆρος
2981 5286 3105 5362 περὶ
3134 5293 3238 5357 τῆς
3285 5286 3495 5363 ἡμέρας
3527 5284 3618 5342 καὶ
3650 5284 3818 5361 ὥρας.

466 5463 511 5498 ⁸⁸
540 5462 744 5518 Matth.
779 5477 935 5530 xxxv,
968 5459 1123 5513 4-14.
1200 5458 1243 5493 ⁸⁷
1278 5457 1422 5513 Ibid.
1452 5458 1513 5543 2i
1529 5458 1642 5513 .23.
1721 5458 1763 5494 ⁸⁸
1793 5458 1944 5515 Ibid.
1972 5460 2167 5516 27-30.
2243 5459 2289 5495 “
2317 5456 2464 5513 Ibid.
2496 5453 2689 5510 34-36.

475 5628 586 5701 (46)
613 5623 741 5701 Ὧδε
771 5628 937 5701 deest
963 5625 1022 5682 in
1056 5624 1194 5697 Reg.
1230 5623 1408 5682 Basil.
1441 5625 1610 5697 Angl.
1644 5630 1703 5683 et
1732 5628 1877 5699 Aug.
1907 5626 2051 5684 Ibid.

407 5694 580 5754 ὄντων
612 5700 776 5756 deest
806 5699 865 5769 in
897 5700 1044 5769 Aug.

481 5772 593 5846 (47)
623 5774 772 5843 Aug.
800 5767 876 5832 είς
910 5765 1225 5845 μαρτυρίαν.

2239 5620 2331 5695 48)
2360 5620 2700 5696 Βθεημιχρι
2733 5614 2976 5696 δυσμῶν.
3010 5618 3167 5676 Infra
3195 5620 3331 5694 Beg.
3363 5615 3454 5673 καὶ
3485 5616 3538 5672 oi
3568 5610 3737 5673 ἀετοί.

2261 5690 2330 5754 49
2380 5690 2550 5767 Ᾱῐῖειζ
2583 5690 2706 5767 περὶ
2736 5695 2862 5761 τῆς.

2260 5698 2353 5841 5οΞ
2381 5768 2529 5840 Aug.
2561 5762 2801 5821 πάντων.
