4170 6360
405 411 522 470 473

1549 406 2023 469 DISPUTATIO
2067 405 2321 466 CONTR
2336 408 2384 466 A
2427 404 2473 463 A
2487 406 2704 467 RIUM.

3719 409 3845 470 474

402 539 484 596 ὅτι
514 540 769 615 γινώσκει
801 538 1181 617 ἀσφαλέστατα
1210 537 1343 592 πότε
1403 535 1593 610 μέλλει
1654 533 1908 613 ἔρχεσθαι
1970 536 2059 592 καὶ

2177 555 2243 595 eo
2276 539 2428 611 quod
2460 537 2518 594 in
2545 538 2944 595 controversia
2966 543 3073 610 est,
3107 539 3333 612 tibique
3351 539 3591 595 omnino
3613 540 3813 612 patebi

407 629 859 684 ἀποκαθιστάνειν
947 627 1180 698 ἅπαντα,
1240 628 1421 688 καθὼς
1492 627 1852 701 προώρισται,
1933 627 2069 702 πρὸς

403 721 502 788 τήν
539 716 892 788 ἀδιάζευκτον
926 717 1091 771 αὐτοῦ
1127 716 1332 792 βουλὴν
1367 716 1456 771 καὶ
1487 721 1583 770 τοῦ
1639 717 1852 791 ΙΙατρὸς
1881 715 2065 775 αὐτοῦ.

409 803 602 865 Λαϐὼν
663 808 766 882 γὰρ
822 808 886 862 τὸ
943 805 1280 882 Εύαγγέλιον
1313 805 1366 860 έν
1398 807 1610 881 χερσῖν,
1645 807 1911 880 ἀνάγνωθι
1967 807 2069 874 τήν

405 899 713 972 περικοπὴν
768 901 866 952 τοῦ
929 896 1205 950 Ματθαίου
1261 895 1384 969 περὶ
1440 900 1536 949 τοῦ
1589 895 1945 968 ζητουμένου,
1979 897 2070 951 καὶ

405 984 553 1043 ἔσται
589 1009 673 1041 σοι
705 989 881 1041 πάννα
933 983 1244 1055 κατάδηλα,
1278 985 1350 1046 ὡς
1408 985 1511 1039 οὐκ
1565 987 1746 1061 ἀγνοεῖ
1794 987 1822 1039 6
1873 985 2068 1061 Κύριος

403 1077 527 1152 περὶ
559 1080 655 1146 τῆς
686 1077 916 1148 ἡμέρας.
954 1074 1022 1130 Εἴ
1051 1072 1108 1130 δὲ
1139 1074 1346 1151 ἠγνόει,
1381 1080 1497 1136 πῶς
1547 1073 1786 1144 ἠδύνατο
1842 1075 1908 1128 τά
1961 1097 2065 1148 μη-

405 1163 554 1221 δέπω
612 1161 761 1237 ὄντα,
799 1166 940 1238 μήτε
1002 1165 1111 1236 μὴν
1172 1163 1441 1236 γενόμενα
1470 1166 1586 1236 (Et)
1619 1165 1824 1234 σημεῖά
1875 1185 1932 1218 τε
1977 1163 2070 1218 καὶ

407 1257 755 1330 πειρατήρια,
819 1257 958 1329 ἅπερ
1013 1254 1387 1329 προτρέχουσι
1471 1254 1576 1326 πρὸ
1660 1260 1762 1322 τῆς
1837 1253 2066 1328 ἡμέρας,

2183 629 2494 684 Dominum
2519 629 2672 684 diem
2689 629 3387 702 minimeignorare.Nam
3411 629 3458 685 si
3477 629 3834 702 ignorasset,

2177 719 2472 790 quomodo
2523 719 2837 790 praedicere
2868 719 3156 791 potuisset
3185 718 3357 791 signa
3385 723 3440 773 et
3469 723 3834 775 tentamenta

2178 808 2332 864 diem
2366 808 2801 880 praecurrentia,
2836 825 2966 864 cum
3025 808 3285 864 nondum
3318 815 3516 864 essent
3566 807 3652 863 vel
3684 807 3834 864 acci-

2178 897 2449 954 dissent?
2483 898 2769 969 siquidem
2825 913 3012 970 usque
3042 899 3112 954 ad
3165 897 3734 954 consummationem
3777 901 3834 953 et

2178 987 2492 1042 adventum
2580 1004 2754 1042 suum
2844 987 3013 1059 signa
3096 992 3153 1043 et
3233 1003 3434 1043 eorum
3515 985 3831 1058 qualitates

2178 1075 2611 1148 prmnuntiavit,
2646 1076 2726 1132 ita
2767 1080 2829 1131 ut
2883 1077 3269 1134 studiosiores
3317 1081 3376 1133 et
3424 1075 3832 1132 laboriosiores

2178 1182 2247 1221 ex
2297 1165 2366 1220 iis
2419 1182 2548 1237 quae
2591 1167 2942 1238 praemonuit
2985 1167 3270 1222 Dominus
3317 1171 3553 1239 tempus
3603 1165 3832 1238 possint

2179 1270 2552 1328 cognoscere.

411 1342 740 1420 προλέγεινς
787 1340 888 1406 ἓως
963 1343 1060 1419 γὰρ
1145 1349 1248 1412 τῆς
1305 1341 1612 1404 συντελείας
1667 1343 1758 1398 καὶ
1815 1343 2115 1417 παρουσίας
2171 1342 2365 1398 ἑαυτοῦ
2423 1340 2783 1418 προεδήλωσε
2836 1345 2903 1399 τὰ
2959 1348 3183 1418 σημεῖα,
3241 1343 3332 1398 καὶ
3379 1342 3474 1404 τὰς
3531 1340 3832 1412 ποιότητας

412 1433 615 1504 αὐτῶν,
671 1434 743 1495 ὡς
799 1431 1053 1488 δύνασθαι
1109 1432 1198 1487 καὶ
1256 1431 1383 1494 τοὺς
1442 1430 1898 1508 σπουδαιοτέρους
1958 1436 2073 1506 (52)
2123 1432 2214 1488 καὶ
2274 1431 2608 1510 φιλοπόνους
2656 1432 2948 1510 ἐπιγνῶναι
3007 1435 3098 1489 τὸν
3157 1433 3347 1509 καιρὸν
3405 1430 3465 1488 ἐκ
3519 1436 3628 1488 τῶν
3687 1451 3830 1508 προ-

418 1523 785 1594 μεμνημένων
815 1522 948 1596 πρὸς
975 1525 1069 1576 τοῦ
1097 1521 1314 1596 Κυρίου.

485 1613 575 1667 27.
609 1611 733 1686 Ἀρ·
769 1611 934 1665 εἶπεν
967 1610 1029 1664 Εἰ
1081 1609 1303 1680 άληθῶς
1348 1609 1625 1665 ἐπίσταται
1675 1611 1774 1678 τήν
1833 1611 2064 1686 ἡμέραν,

413 1697 502 1753 διὰ
557 1698 610 1753 τί
667 1699 826 1761 αὐτὸς
882 1695 1005 1777 ἔφη·
1043 1723 1071 1751 ‹‹
1105 1696 1298 1755 Ούδὲὸ
1353 1701 1476 1762 Υἱὸς
1536 1697 1648 1754 οἶδε
1699 1701 1798 1768 τήν
1854 1700 2063 1775 ἡμέραν

409 1785 619 1858 ἐκείνην
647 1807 659 1856 ;
697 1811 724 1838 υ

407 1875 512 1952 ἐγὼ
569 1873 692 1932 οἶδα
745 1878 845 1946 τήν
903 1879 1114 1953 ἡμέραν
1166 1877 1395 1948 ἐκείνην.
1427 1876 1596 1933 Τοῦτο
1655 1878 1758 1954 γὰρ
1817 1876 2056 1933 ἀκόλου-

405 1967 496 2020 θον
545 1966 614 2035 ἦν
675 1967 837 2044 φάναι
887 1967 978 2021 τὸν
1032 1965 1250 2042 Κύριον,
1285 1965 1433 2043 εἷίπερ
1463 1966 1628 2036 ἤθελε
1685 1967 1808 2042 περὶ
1869 1968 2061 2022 ἑαυτοῦ

407 2061 774 2129 παραστῆσαι,
805 2057 881 2116 ὡς
944 2057 1020 2128 μὴ
1090 2052 1235 2131 ἔχων
1289 2061 1488 2130 γνῶσιν
1547 2061 1644 2111 τοῦ
1718 2059 2058 2132 πράγματος.

409 2144 508 2198 Καὶ
566 2143 617 2198 ἐν
681 2144 775 2217 μὲν
833 2149 914 2217 τῷ
971 2145 1230 2217 Ματθαίῳ
1291 2145 1353 2200 ού
1415 2143 1881 2220 φέρεται,οὐδὲό
1938 2146 2061 2208 Υἱὸς

405 2231 786 2306 οἴδετήν
846 2234 1057 2309 ἡμέραν
1118 2233 1343 2304 ἐκείνην·
1378 2236 1430 2288 οἱ
1487 2232 1545 2288 δὲ
1603 2234 1789 2290 λοιποὶ
1840 2234 2059 2310 εὐαγγε-

405 2321 586 2378 λισταὶ
645 2321 950 2399 παρέλιπον
1009 2326 1108 2393 τήν
1161 2323 1283 2400 περὶ
1332 2324 1528 2380 τούτου
1562 2321 1837 2399 διήγησιν·
1876 2325 2062 2396 μονώ-

404 2433 565 2474 τατος
598 2409 656 2468 δὶ
678 2413 897 2488 Μάρκος
929 2409 1052 2490 ἔφη·
1075 2439 1100 2465 α
1119 2410 1256 2468 Οὐδέ
1284 2415 1312 2468 6
1342 2414 1458 2476 me;
1490 2437 1517 2464 ››
1551 2412 1666 2468 οἶδε
1693 2415 1794 2482 τήν
1825 2414 2058 2488 ἡμέραν.

407 2502 507 2558 Καὶ
580 2503 678 2570 τὴν
760 2506 858 2557 τοῦ
943 2503 1172 2577 Μάρκου
1230 2505 1501 2581 ἀφήγησιν
1556 2503 1607 2557 ἐν
1670 2504 1908 2578 στέρνοις
1966 2524 2062 2558 σου

408 2595 603 2670 γνῶθι,
637 2591 720 2648 ὅτι
780 2593 880 2648 οὐκ
945 2594 1132 2668 ἀγνοεῖ
1184 2596 1212 2650 6
1246 2594 1444 2669 Κύριος
1495 2595 1593 2664 τὴν
1648 2597 1879 2671 ἡμέραν.
1914 2595 2059 2666 Φησὶ

404 2683 506 2760 γάρ
549 2685 577 2738 6
638 2683 832 2760 Κύριος
862 2685 1096 2754 Ἰησοῦς
1147 2685 1339 2760 «Περὶ
1400 2683 1457 2740 δὲ
1511 2693 1612 2756 τῆς
1659 2687 1870 2762 ἡμέρας
1931 2686 2063 2742 ἐκεί-

405 2793 506 2843 νης
564 2773 653 2826 καὶ
713 2771 859 2848 ὥρας
911 2771 1086 2836 οὐδεθς
1117 2771 1280 2845 οἶδεν,
1315 2771 1439 2829 οὐδὲ
1469 2776 1521 2830 οἱ
1554 2775 1776 2851 ἄγγελοι
1806 2781 1913 2831 τῶν
1969 2776 2062 2831 οὐ·

407 2866 607 2935 ρανῶν,
634 2860 760 2917 οὐδὲ
799 2864 826 2917 6
875 2863 1021 2934 Υἱὸς,
1057 2862 1101 2918 εἷ
1137 2865 1212 2936 μὴ
1245 2865 1272 2918 ὁ
1307 2866 1516 2940 Πατήρ.
1553 2892 1579 2914 ι)
1611 2866 1898 2920 Γινώσκων
1957 2866 2061 2943 γὰρ

408 2951 593 3006 ἑαυτὸν
646 2951 720 3023 μή
783 2948 1048 3007 διεστῶτα
1101 2953 1206 3008 ἀπὸ
1261 2957 1359 3008 τοῦ
1421 2955 1630 3029 Ιίατρὸς
1685 2956 1803 3009 κατ’
1853 2954 2060 3022 οὐσίαν,

407 3038 533 3096 ἀλλ’
561 3042 844 3114 ἡνωμένον
877 3045 946 3116 τῇ
983 3041 1196 3113 θεότητι
1236 3047 1317 3115 τῷ
1366 3047 1484 3116 Θεῷ
1515 3045 1689 3120 ΙΙατρὶ
1744 3043 1928 3113 αὒτοῦ,
1959 3045 2058 3114 τήν

411 3129 601 3184 ἑαυτοῦ
684 3129 992 3207 πρόγνωσιν
1049 3131 1101 3186 έν
1155 3135 1223 3205 τῇ
1292 3136 1390 3186 τοῦ
1464 3133 1672 3208 Ματρὸς
1757 3135 2060 3210 προγνώσει

407 3216 696 3292 ἐσήμανεν,
731 3219 806 3280 ὥς
862 3241 1023 3298 φησιν
1063 3221 1091 3274 6
1143 3221 1355 3294 Κύριος
1392 3245 1419 3272 α
1450 3207 1590 3297 Ἐγὼ
1648 3223 1737 3276 καὶ
1869 3207 2059 3300 Πατὴρ
2093 3207 2136 3273 C

403 3303 456 3362 ἓν
515 3307 700 3381 ἐσμεν·
739 3332 765 3359 ι)
796 3309 886 3363 καὶ
938 3308 1126 3365 πάλινσ
1164 3334 1192 3361 ‹‹
1226 3311 1433 3377 Πάντα,
1490 3309 1590 3365 ὅσα
1639 3307 1754 3387 ἔχει
1787 3313 1815 3367 6
1850 3314 2062 3390 Πατὴρ,

403 3395 508 3468 ἐμά
559 3396 723 3454 ἐστιν.
760 3421 787 3449 ›)
820 3397 944 3474 Οὐχ
1001 3395 1176 3454 ἕνεκεν
1234 3404 1464 3455 κτιστῶν
1520 3402 1857 3476 πραγμάτων
1902 3407 2064 3458 τοῦτο

401 3484 502 3567 ἔφη
537 3491 567 3543 6
602 3489 801 3566 Σωτὴρ
829 3490 914 3563 τὸ,
952 3491 1131 3547 ΙΙάντα
1161 3488 1261 3546 ὅσα
1290 3486 1406 3566 ἔχει
1439 3491 1466 3546 ὁ
1501 3493 1711 3567 Πατὴρ,
1745 3491 1851 3565 ἐμά
1897 3492 2060 3549 ἐστιν·

403 3577 529 3634 ἀλλ’
562 3578 664 3634 ὅσα
693 3581 860 3648 ἀνῆκε
889 3584 958 3655 τῇ
991 3580 1206 3651 θεότητι
1238 3585 1334 3636 τοῦ
1366 3582 1600 3654 Ματρὸς,
1633 3582 1768 3638 αὐτὰ
1814 3581 1928 3639 ἴδια
1960 3581 2060 3664 ἔφη

405 3669 432 3723 6
465 3667 684 3744 Κύριος,
747 3673 860 3726 οἷον
920 3672 982 3726 τὸ
1040 3671 1321 3739 ἀθάνατον,
1351 3673 1413 3727 τὸ
1473 3670 1762 3751 ἄφθαρτον,
1792 3676 1854 3729 τὸ
1911 3677 2063 3752 ἀχεί-

407 3778 600 3832 ρωτον,
631 3761 694 3816 τὸ
727 3759 1012 3838 ἄτρεπτον,
1044 3763 1106 3817 τὸ
1165 3761 1571 3833 ἀκατάληπτον,
1603 3765 1664 3818 τὸ
1723 3761 1968 3838 δυνατὸν,
2001 3767 2062 3822 τὸ

408 3851 832 3925 προγνωστικὸν,
894 3850 985 3906 καὶ
1041 3850 1142 3906 ὅσα
1199 3851 1340 3908 ἐστὶν
1399 3855 1426 3908 6
1483 3853 1674 3928 Πατὴρ
1732 3851 1876 3931 ἔχων
1925 3858 2061 3930 (54),

406 3942 573 3993 ταῦτα
626 3937 736 3995 ἴδια
791 3945 888 3996 τοῦ
941 3939 1070 3996 Υἱοῦ
1125 3943 1414 4018 τυγχάνει.
1450 3943 1687 4018 Ἀγνοεῖν
1740 3941 1797 3999 δὲ
1827 3940 1951 4022 ἔφη,
1985 3947 2062 4009 ὡς

412 4027 754 4102 προείρηται,
777 4028 1042 4112 ἀγγέλους
1074 4031 1164 4086 καὶ
1193 4032 1284 4086 τὸν
1319 4032 1465 4088 Υἱόν.

483 4120 574 4175 28.
609 4124 733 4192 "Ap.
767 4119 902 4174 εἷπε·
935 4121 1022 4188 Μὴ
1085 4118 1255 4181 ἄλλος
1313 4119 1452 4175 ἐστὶν
1513 4123 1540 4175 6
1601 4124 1765 4190 l‘io'c;
1817 4123 1929 4178 Ἀθ⁹
1984 4126 2060 4179 εἴ-

407 4225 524 4260 πεν·
562 4207 682 4268 Υἱὸς
741 4207 833 4280 μὲν
894 4207 1154 4280 ἀληθινὸς
1179 4214 1273 4264 τοῦ
1306 4214 1440 4266 Θεοῦ
1472 4213 1548 4273 εἷς
1577 4213 1834 4288 τυγχάνει
1867 4214 1895 4266 6
1953 4214 2062 4268 Λό-

404 4315 501 4371 γος
559 4295 647 4350 καὶ
696 4297 842 4360 Θεός.
877 4299 1028 4354 Ἔστι
1063 4295 1119 4354 δὲ
1174 4299 1263 4353 καὶ
1322 4299 1398 4361 ὡς
1457 4297 1626 4364 ἄλλος
1657 4302 1775 4364 Υἱὸς
1805 4302 2059 4373 υἱοποιη-

401 4385 512 4446 θείς
576 4383 666 4441 διὰ
720 4391 819 4441 τοῦ
878 4391 1009 4442 ναοῦ
1062 4393 1160 4444 τοῦ
1211 4389 1467 4462 σώματος
1513 4389 1679 4446 αὐτοῦ
1734 4396 1832 4446 του
1864 4391 2060 4469 Κυρίου

399 4476 563 4547 ἡμῶν
615 4476 796 4547 Ἰησοῦ
852 4477 1110 4554 Χριστοῦ,
1144 4477 1217 4541 ὥς
1274 4501 1436 4557 φησιν
1469 4482 1497 4535 6
1525 4486 1668 4544 θεῖος
1699 4480 2058 4546 ’Δπόστολος·

2246 1615 2336 1668 27.
2397 1615 2490 1668 Ar.
2551 1613 2608 1669 Si
2666 1629 2799 1669 vere
2859 1614 3010 1670 diem
3075 1611 3258 1678 novit,
3319 1628 3500 1686 quare
3557 1611 3684 1685 ipse
3727 1611 3829 1680 ait,

2179 1725 2207 1753 ‹‹
2241 1703 2435 1774 Neque
2462 1703 2642 1759 Filius
2673 1704 2829 1760 diem
2875 1703 3036 1759 illam
3070 1702 3230 1759 novit
3259 1703 3304 1738 ⁸ο
3325 1702 3354 1756 ?
3384 1725 3411 1752 »
3436 1701 3556 1758 ΑιΙι.
3589 1701 3715 1758 Non
3749 1701 3834 1758 ait

783 1789 896 1845 Ἀθ.
959 1788 1143 1843 εἶπεν·
1204 1788 1313 1843 Οὐκ
1368 1788 1508 1844 εῖπεν
1565 1791 1592 1843 6
1647 1789 1867 1864 Κύριος,
1925 1786 2061 1844 Οὐδὲ

792 1878 805 1896 ς
913 1880 926 1896 ο
998 1879 1007 1896 1
1169 1877 1182 1896 Ἰ
1264 1878 1274 1896 Ι
1427 1885 1465 1896 m
1503 1876 1528 1887 ν
1703 1878 1716 1896 \
1829 1880 1842 1896 ἢ
1901 1876 1941 1896 I‘

2177 1793 2482 1860 Dominus,
2534 1793 2735 1865 Neque
2767 1809 2872 1866 ego
2923 1794 3056 1849 novi
3106 1793 3260 1848 diem
3311 1790 3474 1847 illam
3512 1808 3524 1847 :
3557 1791 3613 1846 id
3669 1790 3826 1847 enim

2179 1883 2488 1939 Dominum
2549 1884 2740 1940 dicere
2797 1888 3252 1940 consentaneum
3310 1887 3470 1948 erat,
3529 1882 3822 1954 siquidem

2172 1974 2479 2029 ostendere
2510 1973 2620 2046 ipsi
2654 1974 2888 2029 animus
2934 1977 3108 2039 esset,
3141 1989 3203 2028 se
3235 1972 3316 2027 rei
3347 1971 3508 2027 illius
3537 1971 3822 2044 cognitio-

2172 2078 2305 2118 nem
2340 2080 2455 2118 non
2487 2062 2876 2128 habere.Quin
2905 2063 3080 2118 etiam
3110 2063 3170 2117 in
3202 2061 3470 2118 Matthan
3502 2077 3616 2117 non
3652 2060 3824 2116 habe-

2171 2156 2287 2220 tur,
2311 2153 2512 2225 Neque
2543 2152 2724 2208 Filius
2747 2152 2902 2208 diem
2925 2151 3089 2208 illam
3115 2151 3296 2218 novit,
3327 2151 3546 2223 aliique
3576 2166 3821 2223 evange-

2172 2239 2320 2296 lista;
2350 2241 2690 2312 hujusmodi
2743 2240 2822 2296 rei
2855 2241 3209 2296 mentionem
3251 2242 3578 2296 omiserunt
3610 2256 3623 2293 :
3658 2238 3823 2297 solus

2172 2335 2366 2386 autem
2401 2330 2634 2386 Marcus
2663 2330 2764 2402 ait,
2798 2353 2826 2382 «
2858 2329 3058 2402 Neque
3091 2328 3270 2386 Filius
3301 2329 3460 2386 novit
3487 2329 3703 2385 diem.»
3730 2330 3818 2385 Tu

2171 2425 2366 2476 autem
2400 2419 2580 2476 Marci
2611 2420 3002 2475 narrationem
3055 2424 3247 2476 tecum
3279 2419 3474 2475 animo
3504 2419 3817 2491 perpende,

2171 2514 2229 2565 et
2273 2509 2405 2565 vide
2453 2509 2610 2564 diem
2661 2509 2820 2565 illam
2874 2510 3186 2564 Dominum
3238 2508 3481 2564 minime
3525 2507 3816 2580 ignorare.

2170 2597 2267 2654 Ait
2294 2600 2449 2653 enim
2505 2598 2790 2654 Dominus
2831 2597 3006 2654 Jesus
3042 2613 3055 2654 :
3090 2621 3117 2648 «
3151 2598 3231 2654 De
3260 2597 3354 2653 die
3400 2601 3597 2653 autem
3631 2594 3731 2652 illo
3761 2599 3819 2652 et

2170 2687 2336 2750 hora.
2386 2704 2558 2744 nemo
2603 2688 2733 2758 scit,
2782 2704 2972 2760 neque
3017 2687 3210 2761 angeli
3275 2687 3578 2755 caelorum,
3629 2701 3819 2758 neque

2175 2777 2374 2848 Filius,
2407 2777 2519 2832 nisi
2568 2777 2736 2833 Pater
2766 2778 2832 2833 5‘.
2871 2799 2892 2826 ι
2928 2775 3132 2832 Sciens
3179 2777 3334 2832 enim
3369 2793 3432 2832 se
3463 2793 3498 2830 a
3527 2775 3694 2832 Patre
3725 2790 3816 2831 se-

2171 2868 2432 2922 cundum
2477 2872 2748 2922 naturam
2783 2883 2896 2921 non
2947 2866 3196 2933 diﬂ‘erre,
3231 2866 3331 2921 sed
3379 2865 3496 2922 Deo
3529 2864 3680 2920 Patri
3713 2881 3821 2920 suo

2172 2957 2474 3012 divinitate
2532 2956 2786 3027 unitum,
2823 2973 2991 3012 suam
3050 2953 3576 3028 prmnotionemin
3630 2953 3822 3010 Patris

2173 3046 2529 3119 prmnotionu
2578 3045 2950 3118 significavit,
2983 3044 3476 3119 quemadmodum
3536 3042 3824 3100 Dominus

2175 3136 2255 3191 ait
2287 3153 2300 3191 :
2335 3159 2363 3187 ‹‹
2400 3136 2514 3209 Ego
2545 3138 2690 3192 171
2731 3141 2782 3191 et
2818 3137 2986 3191 Pater
3035 3151 3216 3190 unum
3253 3149 3462 3191 sumus
3495 3150 3509 3190 :
3543 3153 3568 3185 ο
3606 3138 3662 3189 et
3692 3149 3824 3188 rur-

2174 3243 2277 3282 sus
2303 3243 2316 3281 :
2344 3249 2371 3276 «
2397 3225 2622 3290 Omnia,
2655 3241 3020 3298 quaecunque
3040 3225 3209 3281 habet
3235 3229 3424 3292 Pater,
3457 3239 3587 3278 mea
3609 3227 3766 3278 sunt.
3793 3242 3823 3273 »

2173 3315 2300 3371 Non
2335 3320 2573 3388 prepter
2609 3331 2700 3370 res
2724 3319 2948 3371 creatas
2979 3313 3059 3370 ait
3088 3313 3365 3385 Salvator,
3399 3310 3631 3380 Omnia,
3666 3329 3826 3384 quaa-

2174 3421 2403 3477 cunque
2446 3404 2624 3461 habet
2674 3405 2865 3471 Pater,
2916 3421 3046 3461 mea
3089 3408 3227 3460 sunt
3261 3422 3272 3460 :
3307 3403 3407 3460 sed
3460 3417 3826 3475 quaecunque

2175 3495 2246 3549 ad
2280 3495 2468 3551 Patris
2518 3496 2812 3568 pertinent
2853 3494 3240 3564 divinitatem,
3274 3493 3394 3548 hac
3446 3491 3683 3565 propria
3712 3491 3825 3547 sibi

2173 3599 2304 3640 esse
2325 3585 2408 3640 ait
2427 3584 2730 3654 Dominus,
2763 3589 2826 3639 ut
2848 3582 3376 3651 immortalitatem,
3403 3580 3827 3653 incorruptibi-

2173 3674 2424 3740 litatem,
2471 3675 2589 3729 vim
2640 3673 2942 3744 invictam,
2992 3670 3560 3742 immutabilitatem,
3592 3670 3822 3728 incom-

2174 3763 2760 3838 prehensibilitatem,
2787 3761 3644 3835 potentiam,praescientiam,et
3665 3777 3822 3833 quas-

2172 3869 2404 3927 cunque
2434 3853 2561 3927 ipse
2591 3853 2761 3909 Pater
2790 3851 2986 3924 habet,
3021 3852 3139 3908 haec
3177 3851 3308 3925 ipsa
3337 3849 3467 3906 Filii
3515 3854 3656 3905 sunt
3686 3865 3822 3921 pro-

2172 3945 2320 4017 pria.
2373 3945 2645 4016 ignorare
2688 3958 2824 3998 vero
2872 3942 2974 4009 ait,
3007 3947 3068 3997 ut
3122 3957 3304 4012 supra
3351 3938 3571 3994 dictum
3623 3942 3731 4006 est,
3765 3941 3824 3992 et

2171 4032 2412 4104 angelos
2441 4039 2498 4087 et
2531 4031 2764 4087 Filium.

2240 4122 2331 4175 28.
2363 4121 2454 4176 Ar.
2512 4119 2806 4191 Numquid
2858 4119 3005 4174 alius
3054 4121 3144 4172 est
3194 4116 3421 4171 Filius?
3461 4113 3584 4170 Ath.
3631 4111 3821 4168 Verus

2172 4209 2410 4281 quidem
2449 4208 2626 4264 Filius
2672 4208 2773 4263 Dei
2805 4224 2960 4263 unus
3008 4212 3100 4263 est
3125 4205 3384 4260 Verbum
3417 4209 3473 4260 et
3515 4208 3685 4258 Deus.
3721 4203 3823 4257 Est

2171 4303 2368 4356 autem
2399 4297 2577 4354 veluti
2612 4297 2766 4354 alius
2793 4297 2974 4353 Filius
3016 4296 3330 4368 adoptatus
3379 4308 3482 4366 per
3530 4290 3819 4364 templum

2171 4390 2432 4462 corporis
2463 4388 2651 4461 ipsius
2701 4387 2928 4444 Domini
2961 4385 3145 4442 nostri
3193 4384 3334 4439 Jesu
3379 4381 3618 4448 Christi,
3646 4385 3711 4436 ut
3739 4381 3824 4436 ait

2170 4479 2406 4535 divinus
2437 4477 2782 4552 Apostolus:
2809 4501 2835 4526 α
2854 4477 2978 4532 Non
3011 4473 3166 4530 enim
3191 4472 3524 4544 accepimus
3543 4469 3820 4542 spiritum

403 4589 430 4614 ι(
465 4564 538 4619 Οὐ
569 4565 668 4642 γὰρ
703 4561 975 4641 ἐλάϐομεν
1004 4572 1218 4642 πνεῦμα
1250 4566 1499 4632 δουλείας
1531 4570 1696 4626 πάλιν
1748 4571 1823 4634 εἷς
1868 4567 2060 4648 φόϐον,

2177 4569 2468 4625 servitutis
2498 4569 2709 4623 iterum
2733 4566 2788 4622 in
2824 4564 3159 4626 timore.sed
3184 4562 3519 4634 accepimus
3546 4558 3818 4632 spiritum

403 4653 528 4710 ἀλλ’
585 4650 853 4710 ἐλάὸολεν
913 4661 1130 4731 πνεῦμα
1195 4658 1490 4727 υἱοθεσίας,
1551 4660 1606 4714 ἐν
1664 4659 1710 4734 ᾧ
1765 4663 2059 4736 κράζομεν,

403 4737 597 4812 Ἀϐϐἆ,
651 4745 681 4798 6
741 4747 951 4819 Πατήρ.
988 4768 1013 4799 α
1047 4747 1103 4801 Ὁ
1159 4743 1217 4802 δὲ
1274 4749 1504 4824 Χριστὸς
1563 4745 1863 4826 διαρρήδην
1923 4753 2060 4825 πρὸς

400 4831 525 4894 τοὺς
607 4832 948 4897 ἀποστόλους
1003 4832 1104 4915 ἔφη
1142 4855 1154 4867 ⁸
1214 4860 1242 4888 ‹‹
1298 4837 1490 4892 Τεκνία
1550 4859 1677 4910 μου,
1739 4835 1815 4894 ἔτι
1865 4841 2058 4917 μικρὸν

403 4922 520 4994 μεθ’
579 4922 730 4995 ὑμῶν
792 4923 929 4998 εἶμι,
963 4924 1056 4980 καὶ
1112 4924 1418 5003 πορεύομαι
1450 4927 1585 5004 πρὸς
1630 4929 1722 4982 τὸν
1771 4929 2064 5003 πέμψαντά

401 5029 484 5082 μι-
518 5031 544 5062 ι
582 5013 673 5066 καὶ
726 5015 866 5090 πρὸς
922 5013 1217 5078 Ἰουδαίους
1275 5013 1332 5070 δέ
1385 5038 1548 5094 φησιν
1600 5017 1654 5072 ἐν
1713 5014 2060 5094 παραϐολαῖς

402 5099 595 5164 οὕτως·
623 5125 653 5153 ‹‹
683 5103 1004 5178 ’Ἄνθρωπός
1049 5123 1132 5166 τις
1189 5101 1334 5180 ἔχων
1377 5102 1473 5161 δύο
1527 5106 1706 5177 υἱοὺς,
1739 5105 2059 5182 προσελθὼν

400 5193 479 5263 τῷ
555 5186 925 5268 πρεσϐυτέρῳ,
972 5195 1091 5248 εἷπε
1124 5212 1137 5225 ·
1201 5194 1470 5268 Πορεύου,
1531 5195 1762 5273 ἐργάζου
1838 5196 1916 5260 εἰς
1970 5199 2064 5254 τὸν

403 5279 703 5352 ἀμπελῶνά
763 5304 891 5356 μου.
927 5284 988 5341 Ὁ
1039 5279 1116 5354 δί,
1160 5283 1498 5360 ἀποκριθεὶς,
1531 5282 1655 5364 ἔφη·
1691 5285 1853 5363 Ἐγὼ,
1883 5287 2058 5363 κύριε,

467 5452 512 5488 ⁵ο
542 5452 719 5511 Maro.
756 5471 858 5526 xu,
889 5456 980 5512 32.

615 5690 753 5768 Reg.
791 5690 1140 5768 σπουδαίουςζ

472 5619 553 5690 (51
613 5623 751 5695 Reg.
785 5625 844 5680 et
873 5622 1072 5692 Basil.,
1105 5621 1382 5698 γινόμενα.

610 5692 753 5822 A833.
791 5690 1140 5824 0;:8008Sloulc.
1280 5771 1304 5823 ι
1361 5767 1382 5815 ,1

701 5781 819 5836 3.:
879 5785 922 5822 ι.
1003 5782 1373 5836 auopos,i

491 5762 562 5819 53

610 5763 759 5839 Aug.
795 5763 922 5822 ιϊδι.
956 5765 1138 5825 Paulo
1169 5771 1324 5840 post,
1356 5767 1514 5824 idem
1547 5771 1680 5841 post
1707 5767 1920 5847 ἡμέραν
1953 5771 2055 5828 ad-

2171 4659 2527 4732 adoptionis,
2573 4658 2630 4712 in
2679 4674 2796 4729 quo
2846 4658 3195 4718 clamamus,
3241 4653 3426 4718 Abba,
3479 4654 3650 4706 Pater
3689 4650 3756 4706 ⁵³.
3792 4671 3822 4700 ιο

2171 4749 2441 4805 Christus
2471 4752 2667 4804 autem
2699 4747 2825 4820 ipse
2854 4746 3068 4802 diserte
3099 4744 3169 4798 ad
3203 4741 3496 4814 apostolos
3533 4741 3614 4796 ait
3642 4757 3656 4795 :
3682 4763 3710 4790 «
3738 4738 3824 4794 Fi-

2171 4837 2291 4894 lioli
2327 4838 2457 4903 mei,
2494 4839 2686 4894 adhuc
2725 4835 3018 4892 modicum
3051 4832 3353 4890 vobiscum
3404 4849 3560 4902 sum,
3591 4835 3648 4886 et
3676 4831 3822 4885 vado

2172 4929 2243 4985 ad
2276 4945 2411 4984 eum
2453 4927 2554 4999 qui
2598 4926 2762 4982 misit
2792 4941 2884 4982 me
2904 4926 2950 4961 ⁵³
2977 4942 2991 4994 ;
3018 4929 3122 4981 »et
3149 4923 3223 4980 ad
3266 4923 3497 4980 Iudaeos
3518 4919 3688 4977 sicin
3719 4935 3821 4991 pa-

2173 5017 2390 5074 rabolis
2433 5022 2523 5073 est
2558 5017 2828 5073 locutus:
2863 5037 2884 5066 ι
2909 5019 3092 5070 Homo
3117 5013 3359 5085 quidam
3391 5010 3644 5067 habebat
3671 5010 3822 5063 duos

2174 5107 2345 5173 ﬁlios,
2376 5114 2433 5161 et
2453 5106 2737 5162 accedens
2760 5105 2831 5161 ad
2858 5105 3138 5176 majorem
3164 5102 3348 5156 dixit:
3376 5099 3557 5168 Vade,
3581 5111 3822 5169 operare

2173 5197 2232 5253 in
2264 5197 2432 5253 vinea
2463 5212 2612 5253 mea.
2647 5195 2749 5252 Ille
2799 5197 2993 5250 autem
3023 5191 3379 5263 respondens
3412 5188 3512 5252 ait,
3548 5191 3686 5258 Ego,
3717 5186 3818 5241 do-

2175 5287 2353 5356 mine,
2387 5290 2445 5343 et
2492 5303 2608 5343 non
2649 5285 2814 5342 abiit.
2849 5283 3068 5338 Deinde
3118 5280 3402 5337 accedens
3448 5277 3520 5332 ad
3571 5275 3819 5332 alterum

1057 5457 1100 5493 ⁸¹
1136 5456 1284 5514 Ibid.
1361 5457 1407 5493 ⁸³
1437 5457 1606 5515 Rom.
1636 5475 1761 5531 vm,
1794 5461 1882 5517 15.
1957 5461 2004 5498 ⁸³
2032 5460 2203 5518 Joan.
2237 5476 2362 5526 xm,
2394 5458 2484 5514 33.

2166 5626 2254 5681 dit
2284 5626 2616 5686 ’Δθανάσιος.

2238 5679 2645 5772 (entitling.
2697 5695 2760 5750 In
2793 5690 2970 5750 editis
3015 5705 3148 5748 vero
3198 5694 3258 5747 et
3287 5690 3346 5747 in
3377 5683 3622 5753 ceteris,
3671 5679 3812 5756 ἔχων

2165 5769 2350 5829 deest.
