4170 6390
332 410 452 469 475

1501 411 1566 474 8.
1613 407 2139 474 ATHANASIUS.
2165 441 2242 453 —
2264 406 2573 470 SPUBIA.

3627 404 3751 467 476

331 540 477 597 dixit
508 558 521 598 :
555 541 733 609 Vade,
767 559 1009 617 operare
1039 544 1097 601 in
1135 545 1301 601 vinea
1343 561 1494 602 mea.
1528 544 1711 602 Atille
1741 558 1975 615 respon-

2095 539 2185 594 καὶ
2243 538 2347 594 οὐκ
2401 539 2661 608 ἀπῆλθεν.
2698 541 2832 595 Εἶτα
2887 537 3208 614 προσελθὼν
3258 542 3339 611 τῷ
3395 538 3584 615 ὲτὲρῳ,
3618 533 3744 616 ἔφη·

330 631 452 686 dit:
478 631 642 687 Nolo.
668 632 874 688 Postea
898 639 1092 691 autem
1116 634 1459 707 pmnitentia
1481 639 1677 691 motus
1698 633 1843 690 abiit
1860 632 1925 686 “.
1950 652 1980 682 ››

331 721 655 793 Interrogat
690 738 824 777 vero
859 724 1140 781 Dominus
1174 742 1187 780 :
1222 724 1363 780 Uter
1394 724 1594 780 fecerit
1620 722 1980 779 voluntatem

327 809 513 881 patris
538 811 629 865 sui
651 810 680 866 ?
712 811 1160 883 Responderunt
1188 813 1435 881 Judaei,«
1459 812 1745 869 Posterior
1767 811 1980 866 filius.»

328 898 504 955 Porro
535 898 593 954 in
640 900 907 957 confesso
938 906 1026 957 est
1074 908 1320 975 patrem,
1354 903 1760 958 universorum
1794 901 1979 956 Deum

323 1003 494 1057 esse;
526 989 757 1045 vineam
815 1007 966 1059 vero,
1000 992 1124 1047 vias
1175 1008 1305 1048 esse
1344 991 1620 1063 justitize,
1654 992 1712 1046 in
1765 988 1979 1061 quibus

324 1078 609 1148 majorem
645 1078 833 1135 tilium
850 1080 1035 1151 jussit
1063 1080 1425 1154 operari.llle
1443 1086 1638 1137 autem
1672 1080 1775 1152 qui
1805 1077 1979 1151 paulo

323 1171 459 1239 post
509 1173 866 1240 praeceptum
898 1171 1090 1226 valere
1131 1171 1336 1243 jussit,
1370 1171 1838 1242 contempsitque
1868 1169 1978 1225 im-

322 1259 650 1327 perantem,
685 1258 937 1330 populus
968 1265 1058 1315 est
1086 1261 1442 1327 Judzeorum,
1475 1260 1571 1330 qui
1605 1261 1677 1316 ob
1726 1257 1977 1315 inﬁdeli-

323 1348 505 1401 tatem
536 1345 805 1402 exclusus
830 1353 919 1403 est
949 1349 1021 1404 ab
1050 1349 1607 1422 adoptione.Junior
1630 1365 1762 1405 vero
1795 1347 1977 1420 patris

322 1432 775 1506 ﬁlius,gentium
808 1441 898 1492 est
928 1438 1311 1509 populus,qui
1341 1437 1662 1494 vocationis
1694 1436 1977 1511 principio

323 1537 460 1578 cum
492 1539 609 1595 prae
640 1523 984 1581 inﬁdelitate
1016 1526 1251 1583 obedire
1293 1532 1640 1596 recusasset,
1674 1527 1976 1583 detentus-

321 1627 437 1684 que
507 1611 718 1668 fuisset
791 1613 1145 1687 idololatria,
1190 1617 1567 1688 postmodum
1637 1615 1978 1689 pmnitentia

321 1700 536 1757 ductus
566 1705 622 1756 et
670 1702 935 1771 credens,
969 1704 1153 1775 patris
1199 1704 1445 1778 imperio
1490 1710 1579 1761 est
1624 1705 1967 1763 obsecutus.

320 1787 446 1853 Qua
474 1789 712 1861 quidem
747 1791 1081 1847 obedientia
1112 1793 1338 1850 amicus
1369 1798 1425 1849 et
1455 1794 1661 1864 heres,
1694 1798 1972 1865 tanquam

2092 627 2358 704 ΙΙορεύου,
2392 627 2629 705 ἐργάζου,
2676 628 2751 690 είς
2797 629 2890 683 τὸν
2950 625 3251 701 ἀμπελῶνά
3285 648 3410 699 μου.
3442 628 3503 685 Ὁ
3535 624 3592 682 δέ
3640 649 3746 705 φη-

2091 737 2194 772 σιν·
2228 716 2301 771 Οὐ
2364 716 2528 773 θὲλω.
2561 720 2811 792 Ὕστερον
2873 713 2931 771 δὲ
2980 714 3380 789 μεταμεληθεὶς
3413 714 3680 784 ἀπῆλθεν.
3718 737 3746 765 ››

2091 807 2299 881 Ἐρωτᾷ
2358 804 2415 862 δὶ
2469 808 2497 861 6
2533 806 2744 882 Κύριοςο
2796 805 2894 867 Τίς
2952 804 3203 876 ἐποίησεν
3262 805 3325 859 τὸ
3375 803 3595 877 θέλημα
3649 810 3746 861 τοῦ

2088 896 2295 970 πατρὸς
2355 895 2553 966 αὖτοῦ;
2614 896 2995 970 ἀποκριθέντες
3050 890 3108 949 δὲ
3164 894 3216 948 οἱ
3265 890 3520 951 Ἰουδαῖοί
3563 914 3745 972 φασιν·

2091 1009 2118 1036 ‹‹
2151 986 2212 1042 Ὀ
2243 981 2470 1061 ἔγχατος
2501 980 2635 1047 υἱός.
2673 1010 2700 1036 ››
2731 982 3228 1059 Ὀμολογουμὲνως
3261 979 3340 1055 δὲ,
3371 983 3400 1037 ὁ
3435 983 3530 1056 μὶν
3563 985 3744 1060 πατὴρ

2089 1075 2117 1129 6
2174 1079 2282 1129 τῶν
2334 1074 2480 1131 ὅλων
2534 1076 2664 1137 Θεὸς
2711 1074 2991 1150 τυγχάνει,
3023 1074 3051 1127 6
3084 1069 3141 1127 δὲ
3182 1071 3446 1145 ἀμπελὼν
3477 1072 3533 1126 αἱ
3562 1066 3743 1149 τρίϐοι

2086 1169 2185 1233 τῆς
2224 1160 2591 1235 δικαιοσύνης,
2624 1163 2675 1218 ἐν
2710 1164 2795 1226 αἶς
2847 1161 3174 1240 προσέταττε
3228 1161 3321 1216 τὸν
3378 1155 3741 1237 πρεσϐύτερον

2087 1252 2205 1307 υἱὸν
2253 1252 2588 1329 ἐργάζεσθαι.
2641 1253 2703 1310 Ὀ
2760 1249 2820 1307 δὲ
2877 1255 3060 1327 μικρῷ
3118 1253 3228 1322 (55)
3273 1254 3354 1323 τῷ
3412 1246 3742 1323 διαστήματι

2087 1341 2302 1417 χαίρειν
2391 1343 2596 1420 φράσας
2656 1345 2738 1414 τῷ
2793 1338 3122 1413 κελεύσματι
3203 1339 3572 1417 κατεφρόνησε
3646 1343 3742 1393 τοῦ

2085 1430 2496 1505 προστάξαντοςο
2530 1431 2689 1492 οὗτος
2734 1427 2790 1485 δὲ
2821 1431 2849 1485 6
2879 1434 2985 1484 τῶν
3022 1425 3300 1485 Ἰουδαίων
3352 1426 3486 1490 λαὸς
3531 1432 3740 1503 τυγχά-

2082 1541 2186 1590 νει,
2217 1522 2246 1576 6
2278 1518 2368 1576 διὰ
2395 1521 2494 1590 τὴν
2533 1520 2783 1575 ἀπιστίαν
2821 1513 3137 1588 ἀπόϐλητος
3164 1519 3402 1593 γεγονὼς
3437 1524 3537 1587 τῆς
3575 1518 3744 1573 υἱοθε-

2086 1609 2227 1672 σίας.
2261 1611 2317 1664 Ὀ
2375 1606 2433 1665 δὶ
2495 1610 2761 1685 νεώτερος
2793 1608 2908 1670 υἱὸς
2960 1612 3058 1663 τοῦ
3116 1607 3404 1682 πατρὸς,ὁ
3465 1606 3514 1679 ἐξ
3571 1607 3735 1661 ἐθνῶν

2085 1697 2238 1768 λαὸς,
2272 1700 2300 1754 ὃ
2334 1699 2481 1775 παρά
2508 1700 2608 1768 τὴν
2641 1699 2819 1774 ἀρχὴν
2996 1703 3096 1767 τῆς
3120 1695 3371 1767 κλήσεως
3414 1694 3738 1771 παρακούων

2081 1793 2151 1865 τῇ
2201 1790 2445 1862 ἀπιστίᾳ,
2475 1794 2544 1864 τῇ
2606 1788 3039 1866 εἰδωλολατρείᾳ
3078 1787 3473 1863 κρατούμενος,
3518 1787 3739 1865 ὕστερον

320 1877 509 1934 Patris
569 1879 747 1951 filius,
805 1880 958 1936 efﬁci
1020 1883 1254 1949 meruit,
1305 1884 1586 1955 omnique
1644 1882 1863 1940 honore
1919 1887 1975 1939 et

2088 1878 2143 1935 δὲ
2175 1877 2575 1954 μεταμεληθεὶς
2601 1878 2693 1934 καὶ
2740 1878 3051 1951 πιστεύσας,
3086 1879 3325 1948 ὑπήκοος
3384 1880 3743 1953 προστάγμα-

2466 1964 3310 1981 -....-....._..
3478 1965 3661 1981 -.ς

318 1966 509 2038 gratia
540 1967 768 2025 aPatre
817 1973 1062 2026 ornatus
1111 1975 1223 2037 est,
1270 1976 1476 2044 praeter
1524 1972 1639 2028 diei
1686 1977 1745 2029 et
1793 1971 1971 2045 horae,

2088 1990 2170 2032 τος
2226 1974 2494 2045 πατρικοῦ
2550 1966 2863 2044 ἀνεδείχθη.
2894 1969 2991 2026 Ἐκ
3049 1965 3106 2024 δὲ
3134 1975 3234 2037 τῆς
3282 1964 3528 2037 ὄπακοῆς
3578 1965 3742 2046 φίλος

321 2054 486 2113 illius
512 2059 1043 2116 consummationis
1087 2060 1376 2133 videlicet,
1409 2061 1823 2134 cognitionem.
1858 2062 1970 2119 Sed

2088 2059 2171 2114 καὶ
2196 2056 2572 2135 κληρονόμος,
2604 2059 2678 2120 ὡς
2707 2058 2823 2119 υἱὸς
2858 2057 3088 2132 Ιῐατρὸς,
3122 2056 3354 2136 ἀνεφάνη
3387 2059 3522 2131 (57),
3553 2056 3733 2128 πάσης

322 2144 494 2217 signa
538 2145 910 2203 solummodo
958 2149 1201 2222 accepit,
1236 2166 1330 2219 ne,
1362 2150 1409 2205 si
1462 2150 1757 2223 ignoraret
1793 2167 1973 2225 prope

322 2233 529 2289 adesse
559 2234 761 2304 finem,
792 2235 1150 2310 imparatum
1198 2238 1324 2295 dies
1370 2237 1475 2295 illa
1525 2244 1763 2311 repente
1791 2240 1970 2297 offen-

321 2322 503 2380 deret.

391 2591 482 2649 29.
514 2592 609 2649 Ar.
640 2599 910 2666 Agnosco
943 2600 1098 2653 recte
1147 2596 1304 2652 dicta
1341 2613 1470 2653 esse
1500 2613 1627 2669 qua
1658 2598 1729 2654 de
1750 2597 1842 2654 die
1872 2597 1973 2655 illo

322 2681 664 2753 exposuisti.
696 2683 810 2739 Sed
843 2701 990 2756 nego
1023 2690 1175 2741 recte
1205 2686 1319 2741 dici
1353 2702 1524 2759 posse
1574 2686 1784 2742 Filium
1816 2686 1973 2744 Patri

322 2772 649 2827 secundum
683 2773 1075 2831 substantiam
1100 2775 1329 2831 unitum
1361 2792 1511 2832 esse.
1545 2776 1668 2831 Ath.
1700 2775 1971 2840 Quando-

321 2859 561 2931 quidem
590 2860 695 2917 tibi
727 2879 844 2919 non
874 2864 1185 2921 minimum
1204 2871 1295 2921 est
1323 2865 1970 2936 studiumvituperandi

321 2965 451 3022 qum
503 2955 664 3007 recta
711 2957 870 3022 sunt,
903 2969 1150 3026 quasque
1196 2960 1350 3011 recte
1395 2970 1527 3011 esse
1565 2955 1644 3027 pii
1693 2955 1969 3023 fatentur,

319 3040 607 3111 responde
655 3041 824 3109 mihi,
877 3043 1018 3115 quid
1067 3046 1303 3100 tandem
1351 3044 1429 3100 sit
1466 3044 1845 3101 substantia?
1876 3046 1968 3100 Ar.

320 3128 614 3200 Quidquid
645 3130 811 3186 estin
854 3131 1180 3204 hypostasi,
1212 3132 1321 3190 hoc
1345 3134 1679 3190 substantia
1702 3138 1810 3190 est.
1844 3134 1968 3189 Ath.

321 3216 514 3273 Recte.
538 3219 756 3275 Verum
779 3236 915 3275 cum
940 3238 1097 3277 nunc
1119 3222 1288 3279 nobis
1309 3238 1503 3279 sermo
1529 3223 1601 3279 de
1622 3223 1737 3279 Deo
1753 3223 1854 3295 sit,
1878 3222 1969 3279 dic

2077 2155 2247 2223 τιμῆς
2277 2149 2369 2203 καὶ
2402 2149 2629 2224 χάριτος
2658 2148 2964 2220 ἠξιωμένος
2994 2147 3130 2222 πρὸς
3177 2152 3271 2202 τοῦ
3327 2144 3471 2201 ίδίου
3521 2147 3735 2221 ΙΙατρὸς

2081 2238 2204 2293 ἄνευ
2258 2240 2356 2307 τῆς
2414 2238 2625 2312 ἡμέρας
2681 2236 2770 2292 καὶ
2830 2235 2972 2311 ὥρας
3027 2236 3256 2307 ἐκείνης,
3309 2234 3454 2312 λέγω
3511 2232 3578 2305 δὴ
3636 2241 3736 2305 τῆς

2080 2328 2414 2401 συντελείας,
2445 2328 2480 2397 ἢ
2521 2326 2685 2400 μόνον
2720 2330 2926 2399 σημεῖα
2976 2320 3185 2397 λαϐὼν,
3211 2324 3303 2380 ’ἱνα
3366 2325 3443 2397 μὴ
3498 2325 3735 2400 ἀγνοῶν,

2082 2415 2164 2473 ὅτι
2222 2415 2376 2493 ἐγγύς
2431 2415 2541 2471 ἐστι
2592 2415 2656 2471 τὸ
2700 2413 3051 2490 τέλος,πρὸς
3109 2415 3173 2470 τὸ
3234 2416 3309 2489 μὴ
3370 2413 3741 2492 ἀπαρασγεύα-

2081 2527 2205 2562 στον
2241 2508 2351 2579 (58)
2382 2500 2533 2575 ὄντα,
2564 2501 2851 2583 αἰφνιδίως
2879 2499 3166 2579 καταλάϐῃ
3200 2506 3237 2574 ἡ
3270 2504 3471 2579 ἡμέρα.

2150 2598 2241 2653 29.
2275 2600 2403 2669 "Ap.
2437 2595 2609 2649 εἶπεν*
2648 2591 2949 2669 Ὀμολογῶ
2981 2592 3157 2667 ὀρθῶς
3191 2592 3437 2668 εἰρῆσθαι
3465 2596 3627 2648 τοῦτο
3674 2593 3738 2648 τὸ

2081 2685 2205 2761 περὶ
2258 2691 2359 2755 τῆς
2418 2684 2648 2759 ἡμέρας*
2680 2684 2745 2739 τὸ
2798 2680 2855 2738 δὲ
2909 2687 2978 2757 τῇ
3037 2682 3190 2754 ούσίᾳ
3219 2684 3459 2753 ἡνῶσθαι
3488 2683 3579 2738 τὸν
3611 2683 3733 2738 Υἱὸν

2077 2781 2159 2849 τῷ
2192 2774 2362 2850 [Ιατρὶ
2393 2772 2493 2829 οὐκ
2524 2773 2703 2848 ὀρθῶς
2737 2769 2883 2849 ἔχειν
2933 2772 3097 2851 φημί.
3149 2773 3267 2829 Ἀθ.
3311 2774 3477 2828 εἶπεν·
3512 2769 3735 2842 Ἐπειδὴ

2082 2861 2293 2932 σπουδὴ
2353 2862 2609 2938 πρόσεστί
2667 2884 2753 2917 σοι
2801 2862 2864 2917 ού
2919 2862 3106 2936 μικρὰ,
3137 2862 3318 2937 ψέγειν
3350 2862 3417 2917 τὰ
3445 2860 3589 2918 καλά
3643 2861 3734 2918 καὶ

2079 2954 2264 3016 καλῶς
2317 2951 2738 3028 ὁμολογούμενα
2793 2952 2929 3025 πρὸς
2958 2956 3065 3006 τῶν
3101 2946 3353 3020 εὐσεϐῶν,
3382 2948 3589 3013 ἀπόδος
3620 2953 3734 3024 (59)

2083 3044 2267 3119 λόγον,
2295 3040 2350 3097 τί
2403 3062 2538 3097 ποτε
2587 3037 2691 3117 ἄρα
2739 3040 2880 3097 ἐστὶν
2913 3043 2947 3110 ἡ
3000 3040 3191 3111 oricia;
3235 3044 3363 3117 "Ap.
3423 3043 3588 3097 εἶπενο
3620 3046 3735 3096 Ιιᾶν

2081 3132 2135 3190 εἶ’
2155 3133 2208 3188 τί
2242 3131 2382 3188 ἐστιν
2435 3130 2487 3185 ἐν
2548 3130 2857 3199 ὑποστάσει,
2888 3134 3049 3185 τοῦτο
3098 3130 3255 3186 οὐσία
3301 3131 3584 3207 τυγχάνει.
3619 3130 3734 3189 Ἀθ.

2082 3225 2251 3279 εἶπεν
2286 3221 2492 3297 Ὀρθῶς
2525 3215 2681 3298 ἔφης.
2726 3220 2873 3274 Ἐπεὶ
2907 3217 2965 3274 δὲ
3009 3222 3173 3292 ἡμεῖς
3232 3218 3319 3274 ἐπὶ
3374 3224 3473 3275 τοῦ
3532 3218 3738 3295 παρόν-

321 3305 466 3361 mihi
497 3306 778 3378 quidnam
813 3310 891 3365 sit
941 3310 1039 3365 Dei
1083 3310 1418 3368 substantia
1450 3328 1464 3366 :
1499 3328 1570 3367 ne
1622 3312 1767 3368 forte
1812 3285 1966 3368 arbi-

2088 3335 2173 3378 τος
2204 3311 2327 3388 περὶ
2353 3285 2493 3365 Θεοῦ
2526 3285 2687 3385 Αόγον
2724 3285 3084 3385 ἔχομεν,εἰπε’
3118 3330 3211 3383 μοι
3242 3311 3277 3379 ἡ
3308 3313 3407 3364 τοῦ
3427 3313 3563 3364 Θεοῦ
3585 3285 3741 3365 οιύσία

321 3397 553 3453 trentur
582 3396 776 3452 idiotas
807 3415 914 3455 nos
952 3399 1024 3455 de
1054 3400 1323 3472 pecuniis
1352 3400 1531 3472 loqui.
1563 3401 1657 3457 Ar.
1694 3402 1790 3457 Dei
1823 3402 1970 3458 sub-

319 3485 541 3540 stantia
587 3491 678 3541 est
711 3504 725 3543 :
759 3487 808 3542 si
843 3487 983 3559 quid
1016 3493 1107 3546 est
1148 3489 1325 3557 Deus,
1356 3489 1467 3545 hoc
1497 3490 1830 3548 substantia
1859 3496 1969 3547 est.

320 3572 447 3628 ΑιΙι.
481 3573 654 3630 Recte
685 3580 747 3631 tu
780 3577 1019 3647 quidem
1056 3579 1222 3650 :jam
1266 3578 1524 3636 vicissim
1556 3580 1713 3635 audi.
1743 3582 1834 3637 Ar.
1868 3580 1972 3636 Dic

320 3663 478 3734 quod
514 3662 693 3719 lubet.
725 3665 849 3721 Ath.
883 3665 1046 3722 Nosti
1078 3666 1264 3723 Deum
1295 3684 1422 3724 sese
1450 3667 1521 3724 ad
1564 3674 1826 3727 nostram
1859 3670 1971 3725 im-

321 3749 699 3809 becillitatem
760 3770 862 3825 per
919 3755 1255 3828 Scripturas
1310 3756 1592 3814 divinitus
1656 3758 1973 3831 inspiratas

323 3839 577 3912 benigne
623 3845 1088 3914 accommodare,
1121 3861 1394 3918 saepeque
1441 3847 1511 3903 ad
1564 3864 1671 3904 nos
1713 3847 1972 3905 humano

324 3944 485 3985 more
509 3928 691 4003 loqui,
727 3937 790 3988 ut
818 3933 1041 3990 scilicet
1067 3934 1327 3991 humana
1376 3940 1586 3992 natura
1611 3953 1678 3992 ex
1721 3937 1813 3993 his
1844 3954 1971 4009 quis

323 4017 656 4076 consimilia
672 4022 849 4079 rebus
872 4021 989 4078 illis
1010 4024 1306 4088 dicuntur,
1331 4024 1390 4079 in
1423 4025 1641 4097 quibus
1673 4029 1974 4083 versamur

323 4111 382 4163 et
410 4124 557 4180 quas
607 4110 899 4178 novimus,
932 4111 1187 4169 ccelestia
1235 4112 1432 4169 divina
1464 4116 1741 4188 mysteria
1775 4120 1977 4189 posset

324 4195 671 4269 intelligere.
706 4204 800 4256 Ar.
855 4201 940 4257 Ita
986 4210 1093 4258 est.
1124 4202 1248 4258 Ath.
1288 4203 1432 4259 Cum
1482 4220 1620 4276 ergo
1669 4204 1825 4261 Deus
1872 4222 1976 4278 per

325 4285 670 4356 prophetam
724 4287 845 4344 hac
893 4290 965 4344 ad
1016 4291 1317 4363 praprium
1369 4290 1579 4363 Filium
1630 4293 1791 4362 dicit,
1823 4318 1852 4346 ‹‹
1893 4295 1976 4350 Ex

327 4376 494 4430 utero
524 4380 661 4433 ante
689 4375 994 4435 luciferum
1029 4380 1203 4453 genui
1234 4385 1289 4437 te
1317 4380 1382 4446 ⁸⁸,
1415 4402 1445 4430 ››
1477 4380 1606 4437 Filii
1638 4398 1708 4437 ex
1734 4388 1977 4455 paterna

328 4463 662 4521 substantia
689 4467 1121 4538 generationem
1154 4467 1465 4541 signiﬁcat.
1497 4470 1590 4525 Ar.
1614 4469 1764 4526 Num
1795 4471 1979 4544 igitur

327 4555 559 4609 uterum
593 4553 768 4612 habet
816 4554 1018 4612 Deus?
1048 4557 1170 4613 Ath.
1202 4558 1333 4613 Jam
1378 4559 1534 4616 172
1564 4563 1621 4615 te
1652 4561 1976 4631 praemonui

2076 3404 2130 3460 τί
2162 3402 2295 3474 ἐστι,
2332 3400 2549 3472 μήποτε
2603 3400 2951 3472 νομισθῶμεν
3008 3398 3144 3474 πρὸς
3193 3403 3303 3453 τῶν
3364 3396 3623 3468 ἰδιωτῶν,
3654 3397 3737 3453 ὅτι

2077 3495 2226 3569 τάχα
2263 3489 2386 3568 περὶ
2446 3491 2751 3568 χρημάτων
2816 3486 3073 3561 λὲγομεν.
3134 3492 3259 3565 "Ap.
3313 3490 3478 3543 εἶπεν·
3523 3488 3588 3542 Ἡ
3642 3489 3736 3540 τοῦ

2081 3580 2215 3638 Θεοῦ
2247 3581 2401 3637 οὐσία
2430 3578 2596 3647 ἰστὶν,
2631 3574 2683 3631 εἷ’
2705 3576 2758 3630 τί
2784 3574 2924 3631 ἐστιν
2966 3576 2994 3630 ὁ
3025 3576 3179 3644 Θεὸς,
3208 3579 3369 3630 τοῦτο
3418 3573 3572 3629 οὐσία
3599 3594 3733 3647 τυγ-

2081 3671 2257 3748 χάνει.
2292 3672 2407 3727 Ἀθ.
2450 3671 2585 3725 εἷπε·
2649 3663 2842 3727 Καλῶς
2903 3661 3055 3744 ἔφης·
3118 3662 3309 3719 λοιπὸν
3371 3659 3550 3718 ἄκουε.
3611 3662 3730 3735 Ἀρ.

2084 3762 2219 3817 εἴπε’
2271 3761 2405 3836 Λέγε
2458 3759 2488 3814 ὃ
2542 3755 2752 3834 βούλει.
2789 3755 2904 3809 Ἀθ⁶
2947 3755 3115 3808 εἶπεν·
3149 3754 3337 3824 Οἶσθα,
3373 3750 3479 3820 ὅτι,
3512 3770 3733 3825 σχημαο

2080 3849 2369 3923 τιζόμενος
2424 3846 2514 3904 καὶ
2574 3839 3010 3920 συγκαταϐαίνων
3068 3845 3136 3917 τῇ
3195 3841 3436 3917 ἡμετέρᾳ
3493 3836 3737 3909 ἀσθενείᾳ

2083 3937 2173 3995 διὰ
2217 3943 2326 3994 τῶν
2385 3936 2755 3993 θεοπνεύστων
2810 3936 3033 4011 Γραφῶν
3084 3933 3112 3987 ὁ
3142 3931 3296 4004 Θεὸς,
3327 3929 3736 4007 ἀνθρωπινώτε-

2085 4049 2176 4105 ρον
2212 4026 2403 4101 ὁμιλεῖ
2421 4023 2693 4083 πολλάκις
2717 4024 2853 4097 πρὸς
2882 4022 3204 4096 ἡμᾶς,πρὸς
3226 4022 3289 4105 τὸ
3320 4017 3573 4076 δύνασθαι
3592 4021 3736 4072 νοεῖν

2081 4104 2182 4189 τὴν
2240 4115 2582 4192 ἀνθρωπίνην
2640 4113 2796 4191 φύσιν
2846 4111 2906 4167 ἐκ
2951 4116 3059 4167 τῶν
3091 4104 3491 4188 παραπλησίως
3522 4106 3743 4184 εἰρημε-

2081 4229 2209 4280 νων,
2243 4205 2294 4262 ἓν
2330 4208 2414 4268 οἷς
2444 4207 2609 4279 ἡμεῖς
2639 4200 2943 4277 ὲνεχόμεθα
2970 4201 3061 4257 καὶ
3122 4198 3300 4274 ἴσμεν,
3332 4199 3400 4255 τά
3447 4197 3742 4272 ἐπουράνια

2085 4299 2203 4353 θεῖα
2266 4296 2563 4369 μυστήρια.
2589 4293 2714 4366 "Ap.
2772 4290 2937 4345 εἶπεψ
2971 4288 3159 4350 Οὕτως
3207 4285 3345 4363 ἔχει.
3399 4290 3513 4345 Ἀθ“
3575 4287 3739 4341 εἶπεν·

2085 4385 2297 4445 Οὐκοῦν
2329 4385 2357 4439 ὁ
2386 4384 2539 4453 Θεὸς,
2597 4378 2770 4456 λέγων
2818 4379 2954 4455 πρὸς
3007 4378 3100 4433 τὸν
3159 4376 3296 4433 ἴδιον
3335 4377 3455 4431 ne.
3517 4372 3606 4430 διὰ
3642 4378 3739 4428 τοῦ

2085 4476 2392 4553 προφήτου·
2425 4496 2454 4525 ‹‹
2487 4473 2582 4527 Ἐκ
2607 4469 2838 4546 γαστρὸς
2870 4468 2975 4543 πρὸ
3005 4466 3286 4545 ὲωσφόρου
3318 4464 3571 4553 ἐγέννησά
3596 4483 3673 4533 σε,
3706 4483 3735 4513 ››

2086 4551 2335 4637 σημαίνει
2390 4562 2491 4629 τήν
2551 4558 2611 4615 ἐκ
2664 4565 2765 4628 τῆς
2805 4562 3073 4633 πατρικῆς
3124 4553 3307 4616 οὐσίας
3364 4551 3608 4630 γέννησιν
3641 4554 3739 4606 τοῦ

327 4655 480 4711 saepe
500 4642 574 4698 ob
595 4648 855 4700 nostram
878 4644 1340 4704 imbecillitatem
1362 4647 1545 4704 Deum
1567 4647 1790 4705 homini
1819 4650 1975 4707 simi-

2089 4653 2239 4708 Υἱοῦ.
2272 4656 2399 4721 "Ap.
2431 4651 2566 4704 εἷπε·
2600 4645 2837 4722 Γαστέρα
2884 4642 2975 4700 οὗν
3031 4641 3147 4720 ἔχει
3188 4644 3216 4699 ὁ
3246 4644 3415 4713 Θεὸς;
3443 4643 3568 4697 Ἀθ.
3600 4641 3736 4695 εἰπε·

326 4728 443 4785 lem
475 4747 508 4785 a
537 4731 753 4789 divinis
805 4734 1126 4807 Scripturis
1174 4735 1373 4793 induci
1408 4754 1421 4792 :
1456 4754 1573 4794 non
1617 4740 1768 4812 quod
1822 4738 1978 4798 Deus

325 4814 461 4874 talis
491 4819 589 4888 sit,
621 4822 725 4876 sed
766 4826 832 4877 ut
864 4840 969 4879 nos
1001 4825 1406 4896 corporalibus
1455 4827 1741 4901 exemplis
1783 4827 1982 4887 divina

329 4907 424 4980 pie
453 4908 869 4979 intelligamus.
903 4912 1135 4970 Nullam
1166 4914 1349 4987 igitur
1394 4916 1569 4973 aliam
1619 4918 1692 4974 ob
1743 4935 1980 4977 causam

331 5001 562 5054 uterum
594 4999 872 5073 appellat,
905 5017 1084 5074 quam
1116 5006 1181 5059 ut
1230 5003 1487 5062 declaret
1515 5006 1712 5079 ipsum
1767 5008 1997 5066 Filium-

330 5101 400 5142 ex
442 5087 631 5145 Patris
660 5090 996 5148 substantia
1037 5108 1167 5150 esse
1213 5094 1500 5167 genitum.
1535 5094 1837 5169 Alioquin,
1870 5098 1982 5155 nisi

328 5190 423 5233 res
443 5175 521 5235 ita
545 5194 607 5235 se
631 5177 862 5249 haheat,
899 5180 991 5238 dic
1013 5181 1140 5255 ipse
1162 5184 1453 5256 quomodo
1481 5185 1661 5242 verba
1689 5185 1794 5243 illa
1815 5187 1986 5245 intel-

401 5356 447 5393 “
479 5357 685 5415 Matth.
718 5376 833 5433 xxi,
862 5361 1046 5418 28-34.
1121 5362 1168 5398 ⁸⁸
1195 5361 1346 5420 Psal.
1378 5378 1490 5433 cur,
1522 5364 1577 5419 3.

406 5534 518 5629 SE22
553 5541 700 5629 ἒΒὲ-
735 5536 766 5629 9
798 5531 855 5591 δὲ
886 5537 1115 5629 erade.
1137 5540 1275 5629 Βελε-
1309 5535 1657 5629 6.333s“???-

409 5555 518 5621 ρο)
553 5555 700 5609 aug.
737 5555 766 5590 ο
798 5555 855 5591 οε
886 5555 1102 5630 μικρὸς.
1139 5555 1256 5681 ηεῆ

409 5606 758 5686 Aug.-6
785 5629 909 5686 περι
956 5631 1055 5680 την
1091 5611 1207 5686 ἀρχ
1249 5633 1256 5647 ·

337 5674 367 5732 δ
398 5674 545 5756 «res
569 5674 903 5756 τὴῖθέιρχῄθε

410 5748 525 5823 (57)
552 5748 784 5824 Anglic:
792 5748 979 5832 '{cpdvn
992 5795 1006 5810 .

1249 5631 1298 5666 ν.
1323 5612 1493 5684 _Editi
1535 5612 1664 5670 vero
1690 5617 1747 5672 et
1773 5614 1989 5686 ceteri,

2088 4735 2396 4819 Ῑῐρολαϐὼν
2427 4740 2577 4794 εἶπον
2605 4738 2741 4813 πρὸς
2776 4736 2852 4806 σε,
2887 4734 2969 4790 ὅτι
3002 4731 3092 4790 διὰ
3137 4735 3234 4803 τὴν
3267 4733 3538 4808 ἡμετέραν
3580 4730 3740 4786 suos-

2087 4852 2227 4887 νειαν
2270 4827 2538 4890 πολλάκις
2583 4827 2671 4883 καὶ
2702 4825 3183 4903 ἀνθρωπόσχημον
3233 4824 3296 4879 τὸ
3329 4827 3481 4879 Θεῖον
3515 4820 3570 4876 αἱ
3601 4821 3740 4874 θεῖαι

2089 4919 2296 4998 Γραφαὶ
2326 4915 2804 4993 καταγγέλλουσιν
2839 4915 2948 4991 οὐχ
2979 4914 3061 4971 ὅτι
3094 4915 3122 4971 6
3153 4913 3283 4975 Θεὸς
3303 4909 3550 4973 τοιοῦτός
3578 4908 3741 4979 ἐστιν,

2093 5008 2218 5067 ἀλλ’
2241 5006 2335 5063 ’ίνα
2363 5010 2528 5082 ἡμεῖς
2557 5005 2617 5061 ἐκ
2641 5010 2749 5061 τῶν
2811 5008 3138 5079 σωματικῶν
3194 5000 3649 5078 παραδειγμάτων
3678 4998 3746 5052 τὰ

2096 5101 2213 5155 θεῖα
2244 5092 2479 5159 εὐσεϐῶς
2535 5099 2770 5171 νοῶμεν.
2806 5097 2884 5150 Δι’
2927 5091 3079 5150 οὐδὲν
3137 5089 3228 5147 οὖν
3275 5088 3457 5165 ἓτερον
3515 5086 3748 5165 γαστέρα

2100 5187 2378 5262 ὀνομάζει,
2409 5188 2443 5256 ἣ
2467 5182 2560 5241 τίνα
2587 5186 2907 5263 παραστήσῃ
2966 5181 3127 5238 αὐτὸν
3163 5179 3255 5235 τὸν
3282 5179 3406 5234 Υἱὸν
3436 5176 3497 5233 ἐκ
3522 5184 3623 5248 τῆς
3651 5179 3749 5233 τοῦ

2161 5546 2276 5616 (58)
2309 5544 2523 5617 Regius
2555 5550 2614 5602 et
2644 5542 2822 5604 Basil.
2855 5537 3341 5617 ἀκατασκεύαστον.

2172 5611 2288 5691 (59)
2322 5611 2423 5675 Sic
2474 5634 2679 5691 omnes
2736 5613 3151 5691 manuscripti,
3209 5614 3450 5691 excepto
3504 5611 3751 5691 August,

2101 5684 2497 5824 ἓὲἓὲῐέςεοοιιιὶ
2533 5693 2674 5748 sunt
2711 5684 3097 5760 Parisienses,
3128 5685 3428 5758 habetque
3477 5702 3583 5800 po:
3622 5684 3756 5756 post
