4170 6362
383 390 499 449 47⁸7

1533 379 2009 442 DlSPUTA'l‘lO
2051 379 2366 440 CONTRA
2416 381 2455 439 Α
2470 379 2662 440 RIUM
2677 423 2691 438 .

3703 378 3826 438 478

382 517 595 594 ῙΙατρὸς
655 515 840 578 οὐσίας
890 516 1261 592 γεγεννῆσθαι.
1316 512 1469 569 Ἐπεὶ
1530 510 1686 584 είμή
1717 509 1877 566 τοῦτό
1911 509 2039 580 ἐστι1

2164 509 2340 584 ligas.
2389 512 2486 567 Ar.
2533 512 2835 584 Scriptura
2867 529 2935 568 ex
2966 527 3216 584 persona
3241 510 3430 565 Patris
3463 511 3565 580 ait,
3619 533 3646 561 «
3679 511 3824 566 Eru-

381 606 506 683 λέγι
527 606 613 679 σὺ,
649 610 766 668 πῶς
803 603 1014 683 ὀφείλει
1045 605 1315 672 νοηθῆναι
1346 603 1408 656 τὸ
1451 600 1636 676 ῥητόν.
1687 601 1814 676 Ἀρ.
1877 601 2044 655 εἶπεν·

379 698 442 753 Ἦ
501 697 687 774 Γραφὴ
747 693 894 770 λέγει
948 692 1008 748 ἑκ
1052 691 1352 768 προσώπου
1407 695 1502 745 τοῦ
1553 689 1787 766 Ιίατρός·
1835 713 1862 740 ‹‹
1898 690 2049 761 Ἐξη-

387 784 605 861 ρεύξατο
659 786 694 853 ἡ
749 780 945 855 καρδία
1007 801 1112 853 μου
1175 778 1344 854 Λόγον
1409 777 1627 852 ἀγαθόν.
1677 801 1702 827 ››
1736 780 1873 853 Ἀρα
1933 777 2045 848 οὖν,

386 873 561 949 Λόγον
618 869 938 947 ἐξηρεύξατό
997 891 1128 948 φησι
1185 869 1278 924 τὸν
1339 868 1461 922 rte»
1522 869 1671 940 (60);
1730 868 1836 922 Ἀθ.
1879 867 2042 921 εἶπεν·

380 964 442 1018 Ἠ
478 963 665 1040 Γραφὴ
698 959 885 1023 καλῶς
918 957 1018 1038 ἔφη
1054 958 1146 1012 σὺν
1179 963 1294 1020 τοῖς
1320 954 1513 1018 ἄλλοις
1548 958 1709 1010 ἅπασι
1740 955 1828 1010 καὶ
1859 959 2044 1010 τοῦτο⁴

381 1053 443 1106 σὺ
475 1049 554 1124 δὲ,
587 1045 773 1107 λαϐὼν
806 1051 870 1105 τὸ
902 1048 1087 1125 ῥητὸν,
1123 1045 1441 1122 ὃιὲστρεψας
1473 1050 1675 1107 κακῶς.
1732 1048 1850 1120 "Ap.
1906 1046 2042 1102 εἷπε.

383 1141 598 1218 Φράσον
627 1143 765 1212 ἡμῖν
798 1137 862 1193 σὺ
893 1139 992 1206 τήν
1030 1135 1288 1207 ἀλήθειαν
1321 1140 1418 1190 τοῦ
1451 1134 1640 1211 ῥητοῦ·
1690 1131 1876 1202 ἐπειδή
1935 1133 2045 1208 ἐγὼ

385 1229 516 1286 αὐτὸ
549 1227 834 1305 διὲστρεῲα
862 1225 999 1282 κατὰ
1024 1224 1100 1282 σὲ.

457 1321 548 1376 30.
581 1320 698 1373 Ἀθ.
761 1320 928 1372 εἶπεν·
979 1317 1035 1371 Ὀ
1088 1315 1217 1376 Θεὸς
1265 1314 1475 1386 πνεῦμά
1507 1313 1646 1368 ἐστιν
1681 1311 1880 1374 ἀπαθὲς
1909 1314 2042 1386 (61),

387 1408 475 1462 ναὶ
506 1409 542 1477 ἢ
589 1405 692 1476 οῧ;
739 1414 868 1482 "Ap.
920 1406 1051 1461 εἴπεο
1099 1405 1222 1472 Ναὶ,
1277 1403 1448 1465 οὕτως
1497 1400 1634 1478 ἔχει.
1693 1403 1808 1466 Ἀθ.
1872 1404 2039 1457 εἶπεν

388 1499 560 1555 ’Όταν
613 1497 707 1552 οὖν
765 1495 936 1574 φάσκῃ
982 1497 1016 1564 ἡ
1072 1495 1257 1571 Γραφή
1318 1491 1377 1548 ἐκ
1423 1493 1650 1568 γαστρὸς
1690 1492 2041 1568 γεγεννῆσθαι

387 1585 481 1642 τὸν
515 1586 659 1653 Υίὸν,
714 1586 813 1654 τήν
860 1584 917 1639 ἐκ
957 1591 1057 1653 τῆς
1105 1585 1290 1652 θεῖκῆς
1346 1581 1687 1644 ὑποστάσεως
1716 1580 2044 1658 γνησιιίτητα

387 1679 486 1730 τοῦ
543 1675 669 1729 Υἱοῢ
728 1673 999 1746 σημαίνει.
1063 1675 1174 1729 Ἵνα
1233 1672 1325 1726 οὖν
1389 1672 1463 1745 μή
1506 1672 1568 1726 τὸ
1599 1677 1704 1726 τῶν
1742 1669 2040 1746 ἀνθρώπων

383 1764 560 1839 γένος,
621 1762 836 1824 ἀσθενὲς
901 1761 1170 1838 ὑπάρχον,
1231 1761 1572 1836 ἀνθρωπίνην
1630 1761 1730 1829 τὴν
1797 1761 2040 1834 γέννησιν

379 1851 476 1907 τοῦ
533 1853 771 1929 Χριστοῦ
830 1845 1182 1922 ὑπολάϐοιεν,
1244 1851 1360 1905 εἷπε
1405 1851 1489 1916 τὸ,
1544 1873 1564 1901 ι
1601 1847 1952 1924 Έξηρεύξατο
2003 1851 2038 1917 ἡ
2074 1881 2121 1945 Β

379 1939 573 2017 καρδία
634 1963 740 2014 μου
801 1940 972 2018 Λόγον
1031 1940 1249 2015 ἀγαθόν.
1307 1965 1326 1990 ο
1367 1939 1426 1994 Εἰ
1460 1937 1516 1994 δὲ
1547 1937 1711 1993 πάλιν
1743 1936 2038 2014 ἐπιχειρεῖν

379 2030 650 2104 τολμήσει
709 2051 792 2092 τις
849 2029 1184 2109 προφορικὸν
1245 2030 1420 2106 Λόγον
1480 2029 1698 2107 φάσκειν
1760 2028 1850 2082 τὸν
1893 2029 2041 2099 Υἱὸν,

388 2118 752 2194 μνημονεύσει
804 2119 889 2191 τὸ,
953 2143 980 2171 ››
1040 2121 1132 2176 Ἐκ
1173 2119 1426 2196 γαστρὸς,
1466 2143 1492 2169 ››
1524 2118 1613 2174 καὶ
1642 2117 1897 2173 παύσεται
1929 2119 2041 2190 (62)

383 2217 483 2279 τῆς
543 2215 784 2282 πονηρᾶς
843 2209 1074 2271 ἐννοίας.
1137 2208 1472 2284 ΙΙεριέγραψε
1529 2207 1632 2284 γὰρ
1691 2207 1860 2263 πάντα
1914 2212 2039 2262 νοῦν

383 2297 724 2374 ἀνθρώπινον
775 2300 810 2369 ἡ
863 2299 1072 2378 Γραφή,
1131 2298 1266 2373 πρὸς
1321 2298 1384 2352 τὸ
1449 2299 1523 2371 μή
1586 2294 1730 2373 ἔχειν
1763 2298 2040 2371 αἱρετικην

389 2387 579 2462 μανίαν
613 2389 748 2443 κατά
775 2393 875 2456 τῆς
915 2385 1093 2442 ἀϊδίου
1156 2387 1246 2442 καὶ
1299 2386 1688 2458 ἀκαταλήπτου
1745 2389 2040 2463 γεννήσεως

383 2481 481 2532 τοῦ
541 2477 664 2532 Γἱοῦ
715 2481 813 2531 to?)
871 2482 1025 2532 Θεοῦ.
1089 2475 1150 2533 Εἴ
1206 2477 1306 2553 γὰρ
1365 2475 1425 2532 ἐκ
1479 2476 1708 2552 γαστρός
1763 2477 2041 2552 τυγχάνει,

392 2571 507 2628 πῶς
541 2565 602 2622 ἐκ
628 2564 851 2641 καρδίας
901 2564 1220 2643 προῆλθενς
1278 2565 1339 2621 Εἴ
1400 2562 1457 2621 δὲ
1516 2566 1619 2620 ἀπὸ
1657 2563 1878 2642 καρδίας
1907 2564 2041 2634 ἐστὶ,

390 2660 507 2718 πῶς
539 2655 598 2711 ἐκ
625 2653 854 2732 γαστρὸς
884 2657 1139 2732 τυγχάνει
1174 2676 1188 2725 ;
1219 2657 1346 2732 "Ap.
1381 2657 1517 2711 εἴπεο
1578 2656 1638 2710 Τί
1671 2655 1762 2711 οὗν
1824 2651 2042 2734 ὀφείλο-

394 2765 487 2817 μεν
525 2746 698 2819 Λὲγειν
747 2744 836 2799 καὶ
885 2750 1064 2813 νοεῖν;
1115 2746 1231 2800 Ἀθ.
1275 2746 1443 2799 εἶπενο
1479 2742 1646 2802 Ούδὶν
1676 2741 1859 2819 ἕτερον
1893 2745 1926 2813 ἣ
1954 2745 2043 2798 τὸν

389 2835 512 2890 Υἱὸν
571 2833 631 2889 ἐκ
677 2841 776 2904 τῆς
835 2833 1017 2896 οὐσίας
1066 2838 1164 2888 τοῦ
1194 2838 1327 2889 Θεοῦ
1357 2833 1445 2888 καὶ
1482 2835 1693 2909 Ηατρὸς
1721 2835 2044 2910 γεννηθέντα

389 2923 450 2980 ἐκ
493 2928 600 2978 τῶν
659 2924 924 2978 τοιούτων
983 2919 1434 2998 παραδειγμάτων
1496 2923 1852 2998 μανθάνομεν.
1915 2927 2040 3000 "Ap.

392 3015 559 3072 εἶπεν·
618 3012 680 3068 Εἰ
747 3011 1042 3085 ὁμοούσιος
1085 3014 1150 3080 ἦν
1211 3013 1240 3066 6
1296 3011 1419 3074 Υἱὸς
1459 3017 1536 3084 τῷ
1570 3013 1762 3088 ιίατρὶ,
1797 3018 1912 3076 πῶς
1945 3012 2044 3068 οὐκ

391 3104 531 3158 εἶπεν
592 3103 782 3178 παρὼν
833 3106 950 3163 τοῖς
1012 3103 1280 3174 μαθηταῖς
1326 3101 1528 3172 αὐτοῦ;
1563 3103 1677 3158 Ἀθ.
1731 3102 1863 3157 εἶπε·
1927 3107 2041 3158 1ιοῦ

387 3187 526 3248 ἔστιν
558 3190 696 3248 ὅπου
728 3189 839 3266 οὐχ
871 3189 1230 3266 ὡμολόγησεν
1264 3191 1449 3246 ἑαυτὸν
1479 3192 1773 3264 ὁμοούσιον
1805 3197 1883 3264 τῷ
1924 3194 2036 3250 Ila-

387 3281 478 3358 τρί’
506 3283 534 3337 6
593 3282 716 3343 Υἱτς
743 3299 756 3337 :
808 3282 934 3356 Ἃρ,
967 3253 1134 3335 εἴπετ-
1170 3279 1232 3338 Εί
1265 3278 1481 3336 δύνασαι
1510 3286 1672 3337 τοῦτο
1703 3253 1870 3353 δεῖξαί
1897 3328 1910 3349 ,
1943 3289 2038 3339 Ἔν
2067 3253 2111 3320 C

383 3377 490 3429 τῶν
523 3370 855 3448 ἀμηχάνων.
895 3371 1013 3426 Ἀθ.
1050 3371 1216 3425 εἶπεν·
1268 3369 1383 3428 Οὐκ
1438 3371 1486 3446 ἐξ
1543 3370 1761 3448 ἀπόρων
1818 3371 2040 3450 πορίσα-

385 3465 504 3518 σθαι
536 3461 948 3538 ἐπιχειρῶμεν,
1008 3459 1135 3516 ἀλλ’
1183 3460 1244 3516 ἐκ
1281 3465 1389 3516 τῶν
1433 3460 1667 3538 ἐναργῶν
1698 3463 2036 3538 πραγμάτων

381 3553 479 3621 τήν
542 3551 803 3622 ἀλήθειαν
866 3547 1033 3623 δεῖξαι
1091 3547 1344 3624 θέλομεν.
1407 3551 1689 3624 Μέμνησο,
1749 3551 1830 3607 ὅτι
1879 3549 2035 3625 ἔφης,

385 3640 416 3698 ὅ
447 3639 557 3696 ἔστι
585 3641 742 3712 Θεὸς,
772 3643 934 3696 τοῦτο
986 3637 1141 3694 οὐσία
1170 3641 1446 3716 τυγχάνει,
1500 3641 1770 3696 τουτέστιν
1805 3642 1832 3695 ὁ
1889 3643 2034 3704 Υἱός.

382 3729 486 3786 Ναὶ
517 3731 552 3798 ἦ
582 3727 684 3799 οὗ,
745 3729 869 3801 Ἀρ.
919 3727 1053 3783 εἶπε·
1107 3726 1390 3800 Μηδαμῶς
1435 3732 1568 3802 (63).
1602 3731 1717 3786 Ἀθ.
1753 3726 1876 3808 ἔφη·
1912 3736 2039 3793 Πῶς

388 3817 478 3872 οὖν
511 3819 539 3872 6
572 3819 771 3894 Κύριος
803 3813 928 3895 ἔφη’
963 3841 992 3868 ‹‹
1041 3818 1188 3893 Ἐγὼ
1217 3818 1306 3873 καὶ
1356 3819 1384 3873 ὁ
1435 3819 1622 3894 Πατὴρ
1669 3815 1724 3874 ἓν
1771 3819 1929 3894 ἐσμεν
1959 3839 1974 3890 ;
2009 3847 2031 3876 ι

387 3905 452 3960 El
509 3907 584 3979 μὴ
643 3907 671 3962 6
724 3906 885 3969 αὐτός
932 3905 1042 3961 ἐστι
1074 3911 1142 3980 τῇ
1204 3907 1420 3978 θεότητι
1459 3912 1528 3983 τῇ
1560 3913 1797 3984 πατρικῇ
1830 3911 1858 3964 6
1888 3911 2036 3981 Υἱὸς,

388 3999 510 4057 πῶς
539 3994 748 4072 φάσκει,
809 4019 837 4047 (ι
871 3996 1015 4070 Ἐγὼ
1055 3995 1146 4051 καὶ
1208 3997 1236 4051 ὁ
1296 3998 1488 4074 Πατὴρ
1527 3995 1580 4053 ἓν
1611 3997 1811 4071 ἐσμιν;
1847 4023 1874 4050 ››
1905 4003 2040 4076 Ἄρα

383 4081 579 4158 ψευδὲς
613 4084 754 4138 εἶπεν
784 4087 818 4154 ἢ
847 4083 1086 4155 ἀληθὲς;
1121 4087 1214 4154 Μή
1239 4085 1449 4160 γένοιτο
1476 4089 1488 4142 ί
1521 4088 1582 4142 Ἡ
1603 4087 1834 4158 ἀλήθεια
1857 4087 1956 4143 οὐκ
1977 4088 2034 4144 ἂν

388 4169 592 4247 ψεῦδός
622 4193 753 4228 ποτε
782 4172 1006 4250 ἐγένετο.
1042 4173 1217 4230 Ἀλλὰ
1244 4175 1333 4230 καὶ
1362 4176 1445 4244 τὸ,
1479 4200 1505 4227 ‹‹
1542 4177 1601 4234 Ὁ
1631 4176 1884 4250 ἑωρακὼς
1943 4177 2038 4250 ἐμὲ

383 4261 592 4338 ἑώρακε
651 4261 741 4316 τὸν
796 4263 1029 4337 Πατέρα,
1065 4288 1094 4316 ››
1153 4261 1304 4319 οὐδὲν
1362 4261 1544 4340 ἕτερον
1601 4268 1713 4341 (64)
1742 4269 2038 4342 παριστᾷῆ

379 4352 481 4421 τὴθ
515 4350 672 4426 ἁγίαν
707 4353 958 4422 θεότητα.
996 4352 1055 4409 Εἰ
1080 4354 1181 4430 γὰρ
1229 4350 1402 4418 ἄλλος
1445 4355 1701 4432 τυγχάνει
1747 4360 1816 4431 τῇ
1877 4355 2037 4429 οὐσίᾳ

378 4441 408 4496 ὁ
441 4440 566 4503 Υἱὸς
625 4443 772 4517 παρά
827 4441 920 4497 τὸν
977 4443 1216 4518 Πατέρα,
1277 4447 1394 4507 πῶς
1449 4443 1665 4501 δύναται
1718 4447 2034 4523 θεωρεῖσθαι

377 4529 406 4584 6
441 4529 632 4604 Πατὴρ
693 4525 746 4584 ἰν
806 4534 884 4603 τῷ
933 4530 1077 4604 ἶ’ἳῷ;
1133 4525 1212 4586 E7."
1257 4532 1352 4605 μὲν
1410 4533 1511 4610 γὰρ
1570 4533 1632 4588 οὐ
1673 4530 2036 4609 δύναται

2159 600 2339 656 ctavit
2369 616 2468 655 cor
2498 617 2694 656 meum
2727 601 2984 656 Verbum
3019 601 3236 656 bonum
3271 600 3333 651 ⁸⁵.
3355 621 3382 649 ι)
3413 599 3685 670 Nunquid
3721 598 3823 671 igi-

2157 695 2257 745 tur
2286 689 2543 746 Verbum
2578 691 2731 762 quod
2765 689 3067 757 eructavit,
3104 687 3283 744 Filius
3313 688 3448 745 est?
3491 689 3614 744 Ath.
3651 688 3822 744 Recte

2158 780 2216 836 id
2250 780 2554 852 Scriptura
2593 779 2738 834 dixit
2771 783 2834 835 ut
2858 784 2915 834 et
2945 779 3059 834 alia
3089 778 3327 835 omnia:
3359 782 3421 833 tu
3454 795 3586 834 vero
3622 777 3817 834 locum

2157 869 2323 924 illum
2361 886 2533 941 prave
2565 869 2888 924 detorsisti.
2923 868 3014 923 Ar.
3047 868 3194 924 Tute
3226 884 3363 940 ergo
3395 867 3566 922 nobis
3596 883 3821 938 expone

2157 957 2338 1029 hujus
2367 958 2670 1014 sententiae
2703 958 3002 1013 veritatem
3031 976 3044 1025 ;
3080 957 3584 1029 quandoquidem,
3618 961 3683 1012 ut
3712 955 3817 1011 tibi

2155 1049 2410 1116 videtur,
2435 1047 2594 1103 illam
2626 1063 2731 1120 ego
2763 1046 3130 1104 detorserim.

2225 1319 2314 1375 30.
2349 1318 2481 1374 Ath.
2539 1319 2690 1374 Deus
2733 1321 2898 1376 estne
2954 1315 3202 1390 spiritus
3265 1315 3676 1388 impassibilis,
3741 1334 3812 1373 an

2154 1409 2320 1466 non?
2351 1408 2441 1463 Ar.
2483 1407 2582 1463 lta.
2627 1408 2751 1462 Ath.
2789 1407 2971 1480 Igitur
3011 1422 3142 1462 cum
3192 1404 3496 1477 Scriptura
3545 1405 3818 1477 praedicat

2155 1497 2367 1554 Filium
2400 1512 2466 1552 ex
2501 1501 2666 1552 utero
2697 1513 2824 1553 esse
2855 1495 3144 1570 genitum,
3184 1494 3398 1551 Filium
3450 1510 3581 1551 vere
3625 1512 3694 1551 ex
3726 1495 3813 1550 di-

2157 1587 2286 1644 vina
2317 1587 2616 1660 hypostasi
2649 1586 2769 1642 sive
2815 1585 3144 1642 substantia
3193 1601 3321 1641 esse
3371 1584 3682 1658 signiﬁcat.
3733 1589 3817 1642 Ne

2153 1693 2290 1747 ergo
2321 1677 2625 1732 inﬁrmum
2655 1675 2960 1732 hominum
2983 1690 3171 1747 genus
3193 1674 3514 1730 humanam
3538 1691 3669 1731 esse
3690 1692 3817 1731 cre-

2151 1767 2314 1823 deret
2359 1765 2574 1822 Christi
2625 1764 3084 1838 generationem,
3133 1764 3242 1834 ait,
3293 1787 3322 1815 «
3373 1763 3671 1820 Eructavit
3720 1781 3818 1821 cor

2153 1873 2347 1912 meum
2382 1855 2639 1910 Verbum
2671 1855 2915 1910 bonum.
2951 1876 2978 1904 ι)
3013 1853 3174 1917 Quod
3209 1853 3258 1909 si
3290 1853 3424 1925 quis
3459 1871 3666 1909 rursus
3719 1871 3818 1910 ur-

2151 1963 2286 2020 gere
2316 1945 2452 2002 velit
2486 1950 2543 2001 et
2584 1945 2775 2001 dicere
2821 1943 3031 2000 Filium
3079 1943 3342 2000 Verbum
3399 1960 3528 2000 esse
3578 1943 3816 2015 prolati-

2151 2037 2324 2107 tium,
2357 2035 2559 2091 statim
2591 2036 2908 2090 afferentur
2954 2033 3129 2089 verba
3178 2032 3301 2103 illa,
3355 2055 3382 2083 α
3433 2034 3515 2088 Ex
3563 2036 3751 2101 utero,
3786 2055 3810 2084 η

2153 2130 2330 2198 atque
2373 2125 2454 2181 ita
2484 2123 2856 2196 conquiescet
2902 2139 3174 2196 perversa
3220 2121 3516 2194 cogitatio.
3565 2121 3813 2179 Omnem

2151 2215 2440 2289 siquidem
2500 2214 2824 2270 humanam
2885 2217 3140 2268 mentem
3209 2211 3614 2268 oircumclusit
3653 2213 3812 2268 Scri-

2153 2311 2346 2379 ptura,
2381 2309 2447 2360 ut
2478 2320 2648 2360 nemo
2682 2303 2952 2359 haeretica
2992 2301 3220 2358 insania
3251 2301 3574 2374 agitaretur
3605 2307 3810 2358 contra

2152 2401 2430 2452 aeternam
2462 2397 2518 2450 et
2548 2391 3200 2466 incomprehensibilem
3232 2389 3362 2446 Filii
3392 2407 3459 2447 ex
3491 2395 3603 2446 Deo
3633 2407 3809 2464 gene-

2153 2486 2460 2543 rationem.
2495 2484 2640 2540 Nam
2673 2484 2720 2539 si
2755 2487 2844 2538 est
2872 2499 2939 2539 ex
2971 2486 3156 2552 utero,
3190 2480 3483 2554 quomodo
3521 2497 3589 2536 ex
3637 2481 3812 2538 corde

2153 2574 2488 2650 processit?
2544 2575 2603 2631 Si
2654 2589 2788 2630 vero
2836 2571 2914 2628 sit
2944 2589 3012 2628 ex
3061 2572 3253 2637 corde,
3294 2570 3588 2643 quomodo
3619 2574 3709 2627 est
3739 2587 3810 2628 ex

2153 2664 2367 2721 utero?
2397 2664 2491 2720 Ar.
2544 2663 2689 2730 Quid
2725 2663 2922 2734 itaque
2971 2660 3283 2718 dicendum
3317 2663 3407 2718 est
3460 2664 3518 2716 et
3545 2660 3806 2733 cogitan-

2152 2755 2293 2810 dum
2317 2754 2345 2809 ?
2375 2753 2496 2808 Ath.
2525 2751 2682 2808 Nihil
2715 2751 2871 2806 aliud
2901 2768 2969 2807 ex
3001 2750 3341 2822 hujusmodi
3374 2749 3656 2822 exemplis
3683 2750 3804 2806 dis-

2153 2843 2344 2902 cimus
2377 2858 2550 2915 quam
2583 2840 2790 2896 Filium
2823 2857 2893 2896 ex
2914 2840 3248 2897 substantia
3268 2840 3368 2896 Dei
3393 2844 3446 2895 et
3467 2839 3655 2895 Patris
3677 2857 3808 2896 esse

2152 2933 2436 3008 genitum.
2468 2933 2561 2988 Ar.
2588 2932 2646 2987 Si
2679 2930 2859 2987 Filius
2889 2929 3044 2985 Patri
3075 2933 3229 2986 esset
3261 2927 3806 3000 consubstantialis,

2151 3039 2256 3080 cur
2285 3023 2343 3077 id
2376 3037 2632 3095 praesens
2662 3037 2776 3076 non
2808 3019 2954 3075 dixit
2983 3017 3291 3091 discipulis
3323 3018 3496 3076 suis?
3525 3018 3646 3074 Ath.
3673 3017 3810 3075 Ubi.

2151 3130 2311 3181 nam,
2345 3128 2506 3186 rogo,
2540 3110 2720 3166 Filius
2752 3127 2866 3166 non
2917 3109 3220 3165 confessus
3272 3113 3362 3164 est
3403 3125 3465 3164 se
3496 3107 3645 3164 Patri
3677 3124 3807 3164 esse

2150 3199 2766 3260 consubstantialem?
2814 3199 2911 3254 Ar.
2962 3199 3208 3254 Potesne
3265 3196 3408 3254 illud
3455 3196 3809 3254 ostendere?

2149 3291 2342 3348 Unum
2392 3307 2535 3348 sane
2590 3289 2647 3345 id
2695 3305 2894 3345 eorum
2947 3289 3058 3345 erit
3099 3305 3184 3361 qua
3235 3287 3356 3343 ﬁeri
3389 3303 3504 3343 non
3557 3290 3804 3359 queunt.

2148 3382 2270 3438 Ach.
2305 3379 2458 3436 Nihil
2492 3395 2560 3436 ex
2591 3377 2788 3434 dubiis
2826 3377 3099 3452 colligere
3144 3394 3448 3447 conamur,
3491 3377 3593 3434 sed
3621 3394 3690 3433 ex
3718 3394 3808 3433 re-

2147 3472 2258 3528 bus
2288 3469 2655 3526 evidentibus
2686 3467 2985 3524 veritatem
3018 3466 3290 3525 volumus
3319 3466 3644 3524 ostendere.
3693 3467 3804 3524 Re-

2147 3560 2388 3617 cordare
2420 3559 2636 3615 dixisse
2667 3558 2820 3629 quod
2865 3556 3020 3613 Deus
3067 3561 3178 3624 est,
3211 3556 3322 3612 hoc
3353 3557 3483 3628 ejus
3521 3555 3804 3612 substan-

2146 3650 2291 3705 tiam
2322 3665 2471 3717 esse,
2505 3648 2562 3703 id
2595 3652 2702 3718 est,
2733 3646 2968 3704 Filium.
3015 3647 3175 3702 Itane
3222 3653 3327 3715 est,
3380 3663 3452 3702 an
3485 3663 3601 3702 non
3631 3646 3660 3702 ?
3705 3645 3801 3702 Ar.

2147 3739 2555 3811 Nequaquam.
2593 3737 2712 3792 Ath.
2756 3737 2872 3792 Cur
2918 3735 3099 3808 igitur
3148 3735 3227 3791 ait
3256 3735 3540 3792 Dominns
3573 3752 3586 3792 :
3622 3758 3651 3786 ‹‹
3683 3735 3803 3806 Ego

2148 3833 2206 3886 et
2236 3828 2403 3884 Pater
2433 3843 2615 3883 unum
2647 3843 2855 3883 sumus
2875 3825 2958 3881 ιη
2981 3847 3008 3876 ››
3031 3826 3180 3882 Nam
3205 3824 3318 3881 nisi
3343 3825 3523 3881 Filius
3545 3823 3702 3881 idem
3725 3825 3805 3880 sit

2149 3918 2303 3991 quod
2340 3921 2585 3988 paterna
2613 3915 2847 3982 divitas,
2882 3915 2978 3986 qui
3031 3914 3220 3987 possit
3275 3913 3487 3984 dicere,
3525 3934 3552 3965 ι
3581 3914 3700 3986 Ego
3747 3920 3807 3972 et

2147 4008 2318 4063 Pater
2348 4021 2532 4062 unum
2566 4005 2815 4061 sumus?
2849 4027 2876 4053 ››
2907 4004 3055 4068 Quid
3087 4003 3264 4074 igitur
3293 4002 3516 4058 falsane
3564 4019 3637 4057 an
3668 4017 3805 4057 vera

2148 4096 2381 4152 locutus
2412 4093 2546 4150 est?
2576 4093 2776 4150 Absit!
2810 4093 3124 4165 Nunquam
3165 4092 3319 4149 enim
3368 4092 3583 4148 veritas
3629 4094 3806 4163 queat

2147 4200 2276 4241 esse
2305 4185 2698 4240 mendacium.
2728 4183 2838 4238 Sed
2871 4188 2927 4238 et
2951 4183 3066 4238 ista
3092 4183 3289 4247 verba,
3313 4205 3340 4232 ‹‹
3371 4181 3479 4246 Qui
3510 4198 3604 4237 me
3635 4181 3804 4250 vidit,

2143 4273 2292 4330 vidit
2306 4275 2538 4331 Patrem
2551 4273 2622 4340 ⁶⁸;
2642 4271 2834 4328 «nihil
2856 4271 3013 4328 aliud
3034 4271 3296 4327 indicant
3336 4287 3515 4344 quam
3537 4276 3801 4327 sanctam

2146 4365 2529 4421 divinitatem.
2563 4362 2620 4418 Si
2651 4362 2806 4420 enim
2839 4362 3020 4419 Filius
3051 4361 3385 4418 substantia
3414 4361 3571 4418 aliud
3622 4366 3713 4418 est
3770 4378 3805 4417 a

2147 4455 2335 4524 Patre,
2370 4455 2660 4527 quomodo
2694 4453 2859 4508 Pater
2888 4452 2947 4507 in
2985 4451 3126 4507 Filio
3155 4451 3340 4506 videri
3387 4453 3625 4523 potest?
3654 4451 3801 4507 Nam

2147 4545 2197 4602 si
2245 4544 2502 4601 hominis
2551 4542 2931 4600 simulacrum
2984 4559 3051 4596 ex
3099 4540 3254 4611 ligno
3303 4541 3634 4596 confectum
3686 4557 3801 4596 non

378 4617 597 4694 ἄγαλμα
630 4616 1007 4696 ἀνδροείκελον
1036 4623 1526 4696 κατεσκευασμένον
1557 4623 1617 4678 ἐκ
1664 4622 1840 4694 ξύλων
1902 4646 2038 4700 γνω-

2154 4635 2334 4706 possit
2361 4632 2630 4705 cognosci
2665 4633 2720 4687 in
2753 4631 3002 4702 lapideo,
3039 4631 3194 4702 quod
3244 4630 3510 4701 ejusdem
3569 4646 3684 4684 non
3727 4629 3807 4686 sit

380 4709 626 4780 ρισθῆναι
660 4707 714 4763 ἐν
775 4707 987 4783 λιθίνῳ,
1040 4709 1091 4764 ἐν
1151 4715 1229 4783 τῷ
1286 4711 1386 4767 οὐκ
1433 4709 1492 4766 ἐκ
1526 4720 1627 4782 τῆς
1660 4712 1841 4775 οὐσίας
1870 4711 2032 4770 αὐτοῦ

377 4793 513 4852 ὄντι·
548 4797 595 4852 εί
628 4794 686 4852 δὲ
716 4793 977 4854 ἀδύνατον
1037 4798 1189 4854 λίθον
1237 4799 1288 4856 ἐν
1337 4799 1485 4874 ξύλῳ
1524 4805 1911 4878 γνωρισθῆναι,
1944 4801 2033 4858 καί

375 4884 536 4958 ξύλον
573 4885 624 4942 ἒν
676 4884 818 4960 λίθῳ
872 4889 1009 4944 κατᾶ
1062 4889 1155 4944 τὸν
1203 4896 1303 4960 τῆς
1351 4889 1533 4953 οὐσίας
1566 4890 1757 4969 λόγον,
1789 4891 2031 4948 λείπεται

375 4973 574 5031 λοιπὸν
657 4975 1013 5051 γνωρίζεσθαι
1098 4978 1189 5033 τὸν
1273 4974 1626 5052 παμϐασιλὲα
1690 4981 1818 5036 Θεὸν
1867 4979 1919 5037 ἐν
1952 4985 2031 5054 τῷ

374 5064 658 5139 ὁμοουσίῳ
717 5064 882 5122 αὐτοῦ
931 5067 1062 5140 Υἱῷ.
1125 5068 1199 5123 Τὰ
1247 5068 1349 5146 γὰρ
1391 5068 1646 5144 ὁμοειδῆ,
1679 5072 1725 5144 ᾧ
1900 5071 2033 5127 εἰσιν

444 5229 489 5264 ⁵³
517 5228 672 5287 Psal.
705 5245 857 5297 κων,
887 5229 942 5285 2.
1021 5229 1065 5264 ⁵⁷
1093 5229 1264 5288 Joan.
1295 5247 1353 5303 κ,
1384 5231 1474 5288 30.
1551 5233 1596 5268 ⁸³
1628 5232 1796 5290 Joan.
1828 5249 1945 5305 XIV,
1973 5235 2029 5290 9.

585 5373 734 5456 ᾼυε.
765 5371 1028 5456 ξΑρα-οὗν
1059 5371 1144 5441 τὸ,
1177 5367 1517 5450 ἐξηριύξατο,
1551 5373 1651 5456 ἔφη
1679 5375 1797 5434 τόν.

446 5442 555 5518 (61)
584 5442 996 5518 Αυὲεάπαθᾶςτ

423 5513 558 5644 ,(622
604 5513 834 5601 Αῐιῖειὶο.
891 5513 1152 5586 παύηται.
1216 5519 1342 5576 Mox
1401 5519 1642 5594 Regius,
1700 5521 2032 5598 περιέγραψε

423 5605 494 5644 ιο.
558 5606 593 5643 n
625 5588 758 5644 alus
784 5588 886 5644 γὰρ
917 5589 1104 5644 deest.
1401 5609 1407 5614 ·

370 5588 758 5664 γάρεμῐολιιιὶἷβ
784 5588 886 5664 γᾲε
917 5589 1159 5664 δοθείη,
1190 5660 1238 5664 __
1401 5609 1407 5614 ’

371 5641 760 5782 ἐϊτςξρὴῐέιῖ
794 5641 1264 5732 ὃύθαᾘῶξίδὶᾶ.
1308 5661 1478 5735 Angl.
1512 5667 1571 5720 et
1597 5669 1746 5737 Aug.
1793 5659 1894 5742 ἔφη
1927 5683 2030 5740 pro

424 5749 544 5785 πεν.

2144 4723 2486 4780 substantias
2520 4739 2534 4778 :
2571 4723 2620 4778 si
2651 4723 2789 4777 item
2837 4720 2988 4793 lapis
3020 4721 3079 4775 in
3112 4719 3291 4793 ligno,
3325 4719 3413 4776 vel
3471 4719 3693 4792 lignum
3742 4719 3802 4775 in

2143 4813 2335 4886 lapide
2384 4831 2497 4869 non
2549 4811 2735 4885 possit
2777 4809 3072 4882 cognosci,
3123 4814 3411 4882 quantum
3461 4815 3682 4882 spectat
3732 4809 3802 4864 ad

2143 4902 2486 4960 substantiae
2535 4903 2844 4970 rationem,
2879 4900 3150 4973 sequitur
3199 4903 3263 4955 ut
3301 4899 3477 4965 Deus,
3531 4915 3805 4956 summus

2142 4993 2409 5048 omnium
2443 5009 2561 5056 rex,
2605 4993 2660 5046 in
2713 4990 2858 5046 Filio
2889 4990 3000 5046 sibi
3053 4987 3544 5046 consubstantiali
3587 5004 3801 5060 cogno-

2143 5085 2360 5138 scatur.
2394 5081 2540 5137 Gum
2572 5081 2729 5137 enim
2752 5079 3028 5136 videntur
3057 5095 3150 5136 res
3181 5077 3427 5148 similes,
3450 5077 3509 5132 in
3543 5093 3610 5133 eo
3643 5076 3800 5150 quod

2213 5382 2326 5455 (64)
2360 5387 2508 5455 Aug.
2566 5377 2720 5436 οὐδὲν
2772 5377 2969 5455 ἄλλου.
3002 5380 3200 5455 “Paulo
3232 5380 3364 5455 post
3392 5373 3565 5448 Angl.
3598 5371 3663 5428 Et
3693 5373 3796 5450 γὰρ

2141 5449 2378 5531 inde;
2408 5449 2574 5531 151x-
2609 5453 2856 5531 ΑΕΒ-..εἰ
2888 5449 3166 5531 vitam.“
3197 5449 3361 5531 ῖῦγὲίπ

2213 5515 2323 5599 (65)
2355 5515 2462 5599 Ita
2484 5515 2619 5599 “Eg.
2653 5515 2828 5599 Βᾷβῇι,
2858 5515 3012 5592 vero,
3065 5520 3110 5576 εί
3163 5521 3256 5599 μὲν
3277 5515 3532 5599 Diversi.
3568 5521 3715 5599 Aug.
3743 5515 3793 5599 εί

2143 5587 2239 5670 μὲν
2270 5587 2370 5673 γξὶρ
2405 5587 2644 5653 δύναται.
2675 5596 2828 5653 Editi
2866 5599 2925 5652 et
2953 5587 3172 5663 eastern,
3206 5592 3253 5647 εἷ
3298 5592 3392 5666 μὶν
3436 5588 3535 5664 γὰρ
3587 5587 3792 5644 06—06-

2137 5689 2313 5726 ναται.

2217 5741 2326 5816 (66)
2357 5741 2499 5814 Reg.
2530 5739 2598 5795 τὰ
2626 5738 2726 5813 γὰρ
2757 5735 3033 5808 ὁμοούσια
3058 5731 3167 5789 καί.
3200 5733 3271 5812 ᾯ
3302 5733 3465 5792 deest
3492 5727 3552 5784 in
3585 5733 3734 5797 Aug.
