4170 6348
355 372 475 437 479

1526 378 1591 439 S.
1638 377 2165 441 ATHANASIUS.
2193 414 2271 425 —
2300 381 2607 446 SPURIA.

3660 382 3782 447 480

359 514 501 565 sunt
537 510 1093 581 consubstantiales,
1144 530 1344 570 eorum
1403 516 1533 586 quaa'
1581 529 1697 569 non
1740 513 2000 569 videntui

2129 513 2419 589 ὁμοούσια,
2463 516 2736 590 ὁρώμετα,
2769 538 3156 593 παριστανουσι
3187 519 3286 588 τήν
3318 539 3513 593 γνωκιν
3545 515 3635 573 καὶ
3667 520 3774 571 τῶν

357 598 748 671 cognitionem
783 602 1078 658 exhibent.

429 689 517 744 31.
552 690 649 746 Ar.
684 694 798 746 Cur
827 708 963 763 ergo
996 692 1281 749 Dominus
1328 692 1428 760 ait,
1470 714 1498 743 ‹‹
1553 692 1671 765 Ego
1718 707 1851 748 sum
1881 690 2013 747 vitis

354 794 513 844 vera,
547 783 602 834 et
634 784 803 835 Pater
848 797 1015 837 meus
1047 782 1303 855 agricola
1346 780 1482 837 est?
1516 804 1542 830 »
1587 782 1736 836 Num
1777 782 1917 837 vitis
1956 785 2015 837 et

355 868 611 941 agricola
641 875 887 941 possunt
920 870 1449 927 consubstantiales
1505 870 1677 927 esse?
1724 870 1846 925 Ath.
1881 870 2010 926 Noli

358 957 501 1013 mihi
533 958 882 1015 detruncare
912 959 1276 1015 Dominicam
1321 976 1516 1015 vocem
1551 977 1564 1014 :
1597 960 1697 1014 sed
1750 958 1897 1031 lege,
1946 963 2011 1015 ut

348 1046 509 1119 jacet
542 1064 556 1104 :
595 1068 616 1098 ι
652 1052 764 1118 Ego
813 1066 968 1118 eum,
996 1070 1023 1099 ››
1058 1049 1249 1121 inquit
1276 1049 1582 1115 Dominus,
1616 1068 1645 1098 «
1683 1048 1821 1104 vitis
1849 1065 2005 1120 vera,

353 1153 457 1192 vos
487 1137 783 1208 palmites.
825 1142 997 1194 Pater
1046 1154 1213 1194 meus
1266 1137 1517 1210 agricola
1568 1143 1660 1194 est
1713 1138 1778 1194 ‘9.
1824 1159 1852 1188 »
1904 1138 2007 1194 Dic

355 1224 500 1281 mihi
547 1226 751 1299 itaque
785 1245 798 1282 ε
834 1229 884 1283 si
914 1242 983 1282 ex
1012 1227 1277 1299 exemplo
1324 1229 1457 1283 vitis
1507 1232 1564 1281 et
1614 1228 1879 1299 agricola:
1913 1228 2002 1283 Fi-

355 1314 498 1370 lium
542 1332 656 1370 non
709 1316 796 1371 vis
844 1333 973 1372 esse
1013 1316 1163 1372 Patri
1215 1316 1799 1382 consubstantialem,
1861 1333 2001 1372 num

351 1404 547 1475 ipsum
609 1404 950 1462 hominibus
1007 1406 1572 1463 consubstantialem
1620 1406 1769 1461 dicis
1807 1405 1836 1461 ‘I
1904 1407 1999 1461 Ar.

349 1493 505 1550 118
566 1494 765 1551 Absit!
807 1495 933 1551 Ath.
999 1494 1227 1551 Placide
1285 1495 1573 1563 ausculta,
1633 1499 1691 1550 et
1746 1495 1817 1550 ad
1880 1494 2003 1551 haec

349 1582 496 1639 mihi
529 1584 834 1655 responde.
869 1584 1019 1640 Vitis
1048 1590 1106 1639 et
1165 1584 1436 1656 palmites
1466 1589 1607 1639 sunt
1639 1600 1711 1639 ne
1748 1585 2001 1640 consub-

346 1670 674 1739 stantiales,
709 1689 780 1728 an
815 1689 929 1729 non
951 1674 980 1728 ?
1008 1674 1103 1730 Ar.
1133 1674 1381 1729 Omnino
1413 1673 1492 1728 ita
1512 1675 1705 1729 est.'l‘e
1738 1690 1871 1728 vero
1903 1689 2001 1730 ore

348 1759 527 1818 ﬁnem
560 1761 805 1833 hujusce
836 1758 1077 1835 capituli
1126 1762 1496 1835 explicationi
1532 1762 1781 1819 breviter
1810 1764 1999 1836 impo-

2127 604 2204 676 μή
2239 604 2558 679 ὁρωμένων,

2193 697 2281 752 31.
2316 697 2437 771 Ἀρ.
2499 699 2636 752 εἴπεο
2701 702 2830 761 ΙΙῶς
2888 699 2979 753 οῦν
3036 700 3064 753 6
3124 700 3320 773 Κύριος
3371 696 3538 775 λέγει·
3573 726 3599 751 ιι
3635 699 3775 774 Ἐγώ

2120 783 2235 856 εἰμι
2266 787 2301 855 ἡ
2337 784 2586 859 ἄμπελος
2616 789 2650 856 ἡ
2681 787 2942 858 ἀληθινὴ,
2974 788 3063 843 καὶ
3096 789 3125 843 6
3158 790 3345 863 Πατήρ
3382 809 3488 861 μου
3515 789 3542 843 6
3600 808 3774 862 γεωρ-

2118 875 2209 948 γὸς
2270 874 2414 945 ἐστι;
2472 902 2493 930 ι
2556 877 2649 945 Μὴ
2696 874 2914 932 δύναται
2963 876 3211 951 ἄμπελος
3243 877 3331 932 καὶ
3363 877 3604 952 γεωργὸς
3638 879 3773 931 εἶναι

2119 964 2386 1037 ὁμοούσια
2416 985 2429 1035 ;
2464 968 2581 1022 Ἀθ·
2620 969 2756 1022 εἷπε*
2802 968 2892 1037 Μὴ
2945 964 3323 1043 ἀκρωτηρίαζε
3348 968 3449 1036 τήν
3496 966 3772 1042 Κυριακήν

2117 1056 2321 1131 φωνήν.
2384 1053 2530 1125 ἀλλ’,
2591 1057 2666 1118 ὡς
2726 1062 2924 1125 κεῖται,
2983 1057 3273 1132 ἀνάγνωθι.
3340 1056 3538 1131 ιἘγώ
3570 1055 3706 1128 εἰμι,
3743 1078 3771 1107 ››

2116 1145 2278 1223 φησὶν
2316 1144 2343 1199 ὀ
2405 1143 2625 1221 Κύριος,
2686 1172 2714 1198 ‹‹
2772 1148 2807 1217 ἡ
2871 1142 3124 1220 ἄμπελος
3155 1148 3189 1215 ἡ
3226 1145 3486 1217 ἀληθινὴ,
3522 1145 3677 1219 ὑμεῖς
3706 1145 3773 1201 τὰ

2113 1232 2393 1307 κλήματα,
2427 1234 2455 1289 ὀ
2491 1237 2680 1311 Πατήρ
2717 1257 2822 1311 μου
2852 1237 2881 1291 ὁ
2910 1238 3151 1314 γεωργός
3194 1236 3356 1292 ἐστιν.
3422 1259 3450 1287 ››
3508 1234 3642 1290 Είπέ
3675 1253 3769 1308 μοι

2114 1322 2226 1378 οὖν’
2261 1323 2310 1378 εἴ
2365 1324 2393 1378 6
2442 1325 2566 1386 Υἱὸς
2621 1325 2916 1398 ὁμοούσιος
2948 1331 3027 1399 τῷ
3062 1326 3232 1401 ΙΙατρὶ
3266 1325 3366 1381 οὐκ
3394 1321 3533 1380 ἔστιν
3567 1325 3626 1379 ἐκ
3671 1330 3768 1379 τοῦ

2111 1408 2557 1488 παραδείγματος
2612 1420 2711 1483 τῆς
2771 1413 3024 1487 ἀμπέλου
3081 1415 3299 1469 καὶτοῦ
3329 1417 3604 1489 γεωργοῦ,
3665 1415 3767 1487 ἆρα

2110 1505 2227 1563 τοῖς
2283 1500 2595 1577 ἀνθρώποις
2654 1502 2949 1576 ὁμοούσιον
3006 1503 3163 1558 αὐτὸν
3225 1502 3368 1581 φῄς;
3437 1509 3563 1577 "Ap.
3628 1504 3764 1557 εἷπε·

2110 1590 2203 1659 Μὴ
2235 1589 2483 1666 γένοιτοῐ
2548 1593 2671 1649 Ἀθ.
2733 1594 2871 1648 εἴπεο
2934 1593 3157 1670 ΙΙραέως
3215 1590 3464 1660 ἄκουσον,
3512 1592 3767 1666 καὶπρὸς

2107 1683 2275 1735 ταῦτα
2313 1677 2515 1743 ἀπόδος
2552 1702 2646 1754 μοι
2679 1680 2883 1758 λόγον’
2906 1682 2967 1736 Ἡ
3000 1679 3250 1756 ἄμπελος
3279 1681 3369 1736 καὶ
3397 1681 3464 1736 τὰ
3504 1682 3765 1754 κλήματα

2109 1768 2378 1841 ὁμοούσια
2419 1769 2695 1845 τυγχάνει,
2729 1768 2814 1824 ναὶ
2846 1771 2880 1839 ἢ
2909 1768 3011 1839 οῦ;
3063 1771 3187 1845 Ἀρ.
3224 1770 3386 1825 εἶπεν·
3451 1770 3760 1845 Ἀραρότως

350 1864 479 1918 nas,
507 1854 570 1906 ut
599 1856 654 1906 et
685 1867 777 1906 me
800 1853 976 1907 talem
1007 1852 1237 1917 reddas,
1271 1852 1460 1923 qualis
1490 1858 1551 1908 tu
1583 1853 1704 1926 ipse
1741 1870 1823 1908 es.
1873 1853 1997 1909 Ath.

2113 1862 2275 1912 ταῦτα
2331 1857 2504 1921 οὕτως
2565 1855 2702 1935 ἔχει.
2756 1860 2913 1931 Ἀξιῶ
2962 1860 3245 1932 συντόμως
3268 1859 3358 1913 καὶ
3388 1862 3455 1933 τῇ
3488 1862 3601 1929 (67)
3630 1858 3760 1914 τού-

348 1940 471 1997 Nisi
506 1940 652 1997 mihi
684 1940 845 2014 prius
888 1941 959 1997 ad
992 1957 1060 1997 ea
1091 1959 1217 2015 quae
1250 1942 1543 2015 interrogo
1602 1942 1997 2015 responderis,

349 2031 502 2103 quod
537 2029 804 2103 postulas
834 2047 949 2086 non
979 2032 1380 2104 consequeris.
1414 2034 1508 2088 Ar.
1551 2033 1809 2106 Loquere
1840 2031 1998 2104 quod

346 2118 455 2176 tibi
484 2119 735 2190 videtur,
768 2124 825 2175 et
853 2135 979 2191 ego,
1004 2120 1051 2176 si
1086 2119 1249 2176 locus
1280 2122 1473 2190 datur,
1506 2138 1609 2194 pro
1655 2120 1877 2177 viribus
1910 2136 2000 2177 re-

347 2208 669 2280 spondebo.
721 2208 843 2264 ΑῑΙι.
895 2209 1074 2280 Cujus
1119 2226 1299 2266 causa
1341 2212 1577 2267 dextera
1604 2216 1661 2266 et
1687 2209 1997 2266 brachium

348 2298 452 2356 Dei
485 2304 849 2355 memoratur
876 2299 938 2355 in
968 2300 1331 2373 Scripturis?
1361 2302 1453 2357 Ar.
1498 2302 1632 2366 Qum
1662 2299 2000 2359 istiusmodi

346 2392 488 2446 sunt
542 2388 928 2462 intelligimus
984 2390 1398 2447 convenienter
1460 2391 1799 2448 notionibus
1870 2406 2000 2463 qute

348 2476 487 2535 inde
516 2484 860 2551 sequuntur.
894 2480 1038 2535 Nam
1072 2479 1118 2535 si
1151 2481 1251 2548 ait,
1284 2504 1313 2533 ‹‹
1346 2481 1556 2537 Manus
1586 2486 1700 2536 tua;
1738 2482 2000 2537 fecerunt

349 2583 444 2624 me
471 2572 529 2625 et
558 2567 1000 2640 plasmaverunt
1028 2585 1122 2625 me
1141 2570 1207 2634 “,
1259 2591 1286 2619 ››
1336 2570 1431 2626 hic
1479 2570 1858 2643 agnoscimus
1901 2569 1997 2625 Dei

344 2656 468 2714 vim
499 2657 754 2714 creandi.
779 2657 923 2713 Cum
946 2663 1140 2714 autem
1171 2658 1333 2725 dicit,
1356 2681 1385 2709 ‹‹
1418 2659 1729 2716 Brachium
1764 2657 1998 2715 Domini

344 2747 443 2804 oui
472 2747 793 2803 revelatum
826 2751 917 2804 est
937 2748 980 2783 σί
1001 2747 1030 2802 ?
1073 2770 1103 2798 »
1144 2748 1336 2820 palam
1367 2753 1458 2804 est
1488 2749 1579 2804 hic
1609 2749 1681 2804 de
1713 2748 1851 2804 Filio
1882 2764 2001 2804 ser-

348 2853 581 2894 monem
612 2836 833 2893 haberi.
870 2838 995 2893 Hec
1026 2838 1166 2895 item
1200 2839 1393 2903 verba,
1432 2861 1453 2887 α
1488 2838 1731 2895 Dextera
1768 2836 1998 2894 Domini

348 2926 485 2983 fecit
510 2927 791 2983 virtutem
811 2927 879 2993 ⁵³,
904 2948 932 2975 ››
954 2927 1178 2999 absque
1201 2928 1381 2984 dubio
1400 2927 1614 2983 Filium
1637 2926 1995 3000 signiﬁcant,

345 3032 450 3088 per
478 3033 653 3088 quem
686 3018 838 3073 facta
866 3022 1006 3072 sunt
1035 3017 1706 3075 omnia.Alh.Brachium
1729 3017 1801 3080 ei.
1827 3017 1999 3087 cujus

345 3111 434 3163 est
463 3107 795 3173 brachium,
815 3106 1423 3164 consubstantantiale
1453 3113 1563 3171 est,
1612 3123 1685 3163 an
1716 3122 1831 3162 non
1861 3104 2000 3161 est?

346 3203 442 3254 Αν.
482 3198 562 3253 lta
590 3213 654 3253 se
684 3212 777 3252 res
825 3197 1022 3252 habet.
1056 3197 1376 3253 Alh.Etiam
1407 3197 1644 3253 dextera
1687 3194 1794 3262 illi,
1831 3196 2000 3266 cujus

2105 1969 2202 2004 του
2260 1947 2556 2027 κεφαλαίου
2615 1950 2878 2028 σαφηνείᾳ
2921 1950 2974 2005 έν
3002 1949 3159 2026 τάχει
3190 1949 3355 2026 πέρας
3389 1949 3650 2006 ἐπιθεῖναι
3681 1949 3761 2006 θέ-

2108 2036 2302 2109 λησον,
2357 2037 2506 2101 ὅπως
2562 2041 2705 2111 κάμὲ
2758 2042 2991 2114 ποιήσῃς
3048 2044 3320 2111 τοιοῦτον,
3380 2042 3495 2103 οἶος
3552 2040 3641 2096 καὶ
3693 2039 3755 2095 σὺ

2105 2125 2411 2204 τυγχάνεις.
2473 2129 2588 2192 Ἀθ.
2650 2130 2851 2183 εἶπεν·ο
2878 2129 2997 2184 Ἐὰν
3062 2131 3137 2203 μή
3170 2130 3432 2205 πρότερον
3467 2128 3630 2205 ὅνπερ
3663 2129 3756 2185 έπ-

2108 2220 2297 2291 ερωτῶ
2328 2213 2546 2288 ἀποδῷς
2582 2238 2675 2289 μοι
2709 2217 2894 2292 Λόγον,
2930 2217 2991 2272 οὐ
3046 2218 3120 2290 μή
3181 2213 3359 2293 λάϐῃς
3405 2218 3469 2273 τὸ
3525 2214 3751 2291 αἷίτημα.

2107 2308 2229 2380 "Ap.
2266 2307 2431 2360 εἶπεν·
2492 2308 2562 2363 Ὅ
2614 2304 2788 2371 θέλεις
2838 2304 2981 2381 λέγε,
3041 2306 3131 2362 καὶ
3186 2302 3240 2361 εἷ’
3272 2309 3384 2381 (68)
3411 2329 3463 2362 τι
3496 2306 3755 2383 ἐγχωρεῖ,

2106 2395 2243 2449 κατὰ
2295 2395 2358 2449 τὸ
2407 2391 2629 2450 δυνατὸν
2692 2395 3079 2470 ἀποκρίνομαι.
3131 2396 3250 2459 Ἀθ.
3315 2398 3449 2451 εἴπεο
3486 2396 3640 2466 Δεξιὰ
3668 2396 3758 2451 καὶ

2111 2482 2358 2560 βραχίων
2418 2483 2541 2558 περί
2609 2488 2744 2539 Θεοῦ
2800 2485 3095 2559 γέγραπται
3152 2484 3298 2546 τίνος
3356 2482 3575 2557 ἕνεκεν,
3633 2488 3755 2560 "Ap.

2106 2574 2244 2629 εἷπε·
2276 2573 2351 2628 Τὰ
2377 2577 2600 2628 τοιαῦτα
2628 2575 2767 2648 πρὸς
2792 2574 2889 2635 τὰς
2923 2568 3188 2635 ἐπιϐολὰς
3236 2575 3325 2628 καὶ
3364 2574 3459 2636 τὰς
3519 2572 3756 2629 ἀκολου-

2105 2658 2225 2722 θίας
2282 2663 2537 2734 νοοῦμεν.
2599 2660 2720 2714 Ἐὰν
2785 2659 2920 2735 λέγῃ
2980 2662 3117 2716 κατὰ
3172 2661 3255 2733 τὸ,
3290 2686 3318 2713 ‹‹
3354 2662 3416 2718 Αἱ
3447 2664 3630 2738 χεῖρές
3663 2682 3758 2716 σου

2106 2746 2364 2819 ἐποίησάν
2426 2770 2513 2822 με,
2570 2749 2659 2804 καὶ
2718 2746 2955 2804 ἔπλασάν
3014 2771 3099 2821 με,
3147 2774 3174 2800 υ
3203 2750 3540 2826 γινώσκομεν
3567 2751 3630 2806 τὸ
3660 2749 3758 2821 δη-

2110 2838 2426 2914 μιουργικὸν
2484 2841 2581 2892 τοῦ
2639 2840 2773 2892 Θεοῦ
2832 2836 3073 2901 ἐνταῦθα.
3133 2839 3316 2895 Ὁπότ⁹
3375 2838 3433 2893 ἂν
3497 2836 3556 2893 δὲ
3596 2837 3757 2913 λέγῃ,

2107 2954 2136 2981 α
2166 2929 2226 2986 Ὀ
2262 2926 2505 3004 βραχίων
2564 2926 2768 3003 Κυρίου
2823 2926 2928 2981 τίνι
2989 2926 3384 3002 ἀπεκαλύφθη;
3452 2951 3481 2979 ››
3510 2928 3755 3007 φανερὸν,

2106 3018 2189 3074 ὃτι
2215 3016 2339 3089 περὶ
2371 3016 2499 3070 Υἱοῦ
2530 3015 2740 3093 φάσκει.
2777 3016 2924 3091 Πρὸς
2956 3012 3013 3070 δὲ
3041 3015 3259 3078 τούτοις
3288 3018 3380 3071 καὶ
3423 3018 3507 3090 τὸ,
3569 3042 3597 3069 ‹‹
3656 3024 3756 3071 Λε-

2106 3106 2191 3181 ειὰ
2247 3104 2446 3182 Κυρίου
2504 3103 2728 3174 ἐποίησε
2786 3101 3034 3177 δύναμιν,
3067 3129 3095 3158 ››
3137 3105 3602 3182 ὁμολογουμένως
3633 3106 3758 3181 περὶ

2107 3197 2237 3251 Υὶοῦ
2295 3192 2571 3267 σημαίνει,
2630 3191 2700 3248 δι’
2757 3193 2819 3248 οὗ
2877 3194 2944 3249 τὰ
2988 3193 3161 3249 πάντα
3197 3196 3433 3271 γέγονεν.
3468 3197 3584 3253 Ἀθ.
3619 3197 3756 3250 εἶπε·

344 3291 435 3344 est
485 3287 741 3351 dextera,
769 3286 1291 3343 consubstantialis
1311 3292 1423 3351 est,
1467 3304 1541 3341 an
1564 3303 1680 3342 non
1732 3289 1824 3341 est
1845 3285 1873 3339 ἵ
1901 3287 1995 3341 Ar.

2113 3282 2385 3361 Βραχίων,
2437 3283 2499 3338 οῦ
2554 3281 2663 3338 ἐστι
2726 3282 2994 3358 βραχίων,
3041 3268 3335 3356 ὁμοοῦσιος
3362 3284 3641 3360 τυγχάνει,
3671 3284 3757 3339 ναὶ

350 3378 435 3432 lta
467 3391 701 3448 quoque
731 3381 839 3432 est.
874 3375 985 3432 Sed
1016 3381 1080 3432 tu
1110 3376 1248 3447 quid
1292 3376 1380 3432 vis
1438 3392 1531 3431 me
1570 3380 1850 3432 aeternum
1881 3374 1999 3430 Nu-

351 3479 484 3519 men
542 3464 942 3536 componere?
1000 3468 1387 3535 Nunquamne
1429 3463 1786 3520 Clementem
1847 3461 2001 3518 Petri

348 3551 598 3624 apostoli
627 3552 984 3625 discipulum
1016 3554 1256 3624 audisti,
1286 3552 1387 3625 qui
1420 3554 1657 3625 quidem
1690 3553 1999 3624 hujusmo-

348 3641 408 3698 di
442 3641 648 3699 evertit
673 3643 1000 3699 doctrinam
1021 3643 1050 3699 ?
1079 3643 1202 3699 Alh.
1227 3642 1586 3708 Memineris,
1607 3658 1828 3714 quasso,
1851 3641 1998 3696 ami-

349 3748 413 3787 ce
433 3747 634 3788 eorum
662 3748 791 3805 quas
821 3733 976 3788 dicta
995 3737 1266 3797 sunt,nec
1290 3730 1432 3787 velis
1461 3748 1675 3788 errare.
1700 3732 1818 3804 Ego
1838 3731 1998 3787 enim

349 3820 577 3877 Numen
609 3822 1037 3892 veneror,quod
1070 3822 1148 3877 sit
1177 3821 1561 3894 simplex,neo
1581 3821 1998 3893 compositum,

350 3916 453 3966 aut
482 3909 1205 3983 circumscriptum,idque
1225 3928 1292 3966 ex
1315 3910 1501 3966 sacris
1521 3915 1579 3965 et
1599 3910 1816 3966 divinis
1836 3910 1997 3981 Srip-

348 3999 500 4055 turis
520 3999 719 4065 didici,
741 4015 850 4055 nec
880 4015 994 4055 non
1026 4000 1099 4055 ab
1131 4000 1224 4056 bis
1255 4000 1354 4073 qui
1376 4000 1654 4055 continua
1683 4000 2000 4056 successio-

348 4106 420 4147 ne
448 4089 710 4162 episcOpi
740 4090 994 4145 fuerunt.
1031 4089 1263 4146 Nullam
1296 4091 1477 4162 igitur
1524 4089 1699 4145 aliam
1741 4090 1814 4146 ob
1859 4106 1996 4145 cau-

348 4196 475 4235 sam
506 4179 774 4250 Sriptura
806 4178 1036 4247 Filium,
1062 4180 1365 4237 brachium
1399 4185 1458 4235 et
1482 4181 1781 4236 dexteram
1811 4183 1995 4250 vocat,

347 4284 525 4341 quam
580 4273 646 4324 ut
689 4269 782 4340 pie
814 4268 1212 4341 intelligamus
1244 4269 1455 4325 Filium
1478 4286 1607 4326 esse
1655 4269 1808 4325 Palri
1855 4285 1999 4325 oon-

345 4358 797 4415 substantialem
833 4375 846 4414 :
881 4361 1019 4430 quia
1051 4359 1327 4415 nimirum
1378 4358 1437 4413 in
1486 4358 1724 4414 homine
1770 4356 1999 4430 concipi

345 4464 460 4503 non
522 4451 731 4519 potest,
779 4446 1024 4504 diversae
1069 4465 1200 4504 esse
1263 4446 1608 4504 substantia:
1663 4446 1997 4513 brachium,

344 4537 642 4593 dexteram
692 4541 751 4593 et
780 4536 1054 4610 digitum,
1102 4541 1277 4610 prout
1306 4536 1540 4609 singula
1567 4535 1802 4592 illorum
1833 4536 1998 4594 diffe-

2108 3371 2275 3445 ἣοῦ;
2335 3374 2460 3448 Ἃρ.
2522 3375 2692 3429 εἶπεν·
2741 3373 2931 3435 Οὕτως
2992 3371 3129 3449 ἔχει.
3191 3374 3307 3437 Ἀθ.
3364 3376 3502 3429 εἴπεο
3563 3374 3665 3432 Καὶ
3721 3377 3755 3444 ἡ

2110 3462 2277 3535 δεξιὰ,
2309 3460 2371 3519 οὔ
2403 3462 2513 3518 ἐστι
2572 3460 2736 3535 δεξιὰ,
2771 3463 3067 3535 ὁμοούσιός
3099 3462 3233 3537 ἐστι,
3266 3464 3356 3518 καὶ
3387 3465 3421 3533 ἣ
3478 3461 3539 3519 οῦ
3567 3492 3580 3534 ;
3630 3471 3754 3539 "Ap.

2110 3556 2274 3609 εἶπεν
2338 3552 2528 3615 Οὕτως
2587 3550 2725 3628 ἔχει.
2791 3552 2866 3607 Σὺ
2906 3550 2964 3609 δὲ
2991 3552 3045 3607 τί
3076 3554 3184 3632 φῄς
3218 3575 3286 3627 με
3316 3551 3489 3610 ἀΐδιον
3523 3554 3754 3610 συντίθε-

2109 3654 2229 3707 σθαι
2260 3643 2322 3698 τὸ
2352 3647 2504 3697 Θεῖον
2538 3669 2552 3712 ;
2607 3642 2723 3699 Οὐκ
2779 3640 3108 3717 ἐπηκροάσω
3152 3644 3285 3698 ποτὲ
3316 3642 3630 3715 Κλήμεντος
3656 3646 3752 3697 τοῦ

2107 3731 2691 3807 παρακολουθήσαντος
2726 3731 2914 3806 Πέτρῳ
2942 3737 3020 3804 τῷ
3050 3732 3364 3806 ἀποστόλῳ,
3397 3732 3455 3795 ὅς
3511 3733 3754 3802 καθαιρεῖ

2108 3824 2206 3891 τὴν
2235 3822 2494 3893 τοιαύτην
2551 3819 2743 3893 δόξαν,
2807 3824 2924 3886 Ἀθ.
2987 3825 3123 3877 εἷπε·
3173 3822 3437 3896 Μέμνησο
3466 3826 3572 3876 τῶν
3602 3820 3752 3895 είρη·

2112 3911 2307 3986 μένωΑ,
2340 3909 2385 3966 ὦ
2415 3913 2684 3985 ἄνθρωπε,
2715 3912 2804 3966 καὶ
2841 3914 2914 3985 μὴ
2947 3911 3159 3969 πλανῶ.
3197 3912 3335 3988 Ἐγὼ
3365 3913 3467 3989 γὰρ
3525 3909 3756 3975 ἁπλοῦν,

2107 4001 2411 4067 ἀσύνθετον,
2470 4002 2833 4081 ἀπερίγραφον
2894 4004 3006 4076 (69)
3057 4003 3121 4059 τὸ
3177 4008 3329 4058 Θεῖον
3379 3998 3634 4075 σέϐομαι³
3670 4022 3760 4074 με·

2112 4092 2373 4165 μαθηκὼς
2430 4090 2489 4146 έκ
2543 4096 2652 4146 τῶν
2709 4092 2870 4166 ἱερῶν
2928 4090 3018 4145 καὶ
3067 4090 3503 4169 θείωνΓραφῶν,
3533 4090 3759 4145 καὶτῶν

2106 4182 2335 4251 καθεξῆς
2395 4177 2790 4254 διαδεξαμέςων
2845 4181 2944 4248 τὴν
3004 4179 3327 4251 έπισκοπήν.
3383 4178 3612 4242 Οὐδενὸς
3673 4181 3763 4235 οὖν

2107 4268 2293 4346 ἐτέρου
2323 4266 2500 4324 ἓνεκεν
2530 4272 2562 4337 ἡ
2596 4269 2781 4347 Γραφή
2823 4268 3093 4345 βραχίονα
3122 4270 3209 4325 καὶ
3257 4268 3429 4341 δεξιὰν
3457 4268 3617 4325 καλεῖ
3671 4270 3760 4324 τὸν

2107 4360 2254 4426 Υἱὸν,
2286 4361 2320 4428 ἢ
2346 4358 2437 4413 ἳνα
2467 4354 2701 4421 εὐσεϐῶς
2732 4364 2941 4433 νοῶμεν
3000 4358 3293 4432 ὁμοοῦσιον
3336 4356 3464 4414 ὄντα
3513 4359 3604 4414 τὸν
3639 4358 3759 4413 Υὶὸν

2106 4448 2186 4520 τῷ
2246 4446 2438 4520 Ιῐατρὶ,
2497 4444 2587 4501 διὰ
2637 4448 2701 4502 τὸ
2751 4448 3135 4523 ἀνεγχώρητον
3169 4446 3250 4502 ἐπ’
3281 4447 3566 4523 ἀνθρώπου
3597 4445 3763 4502 ἐκλα-

2109 4531 2223 4592 ϐεῖν
2251 4559 2371 4593 τινα
2400 4537 2702 4614 έτερούσιον
2760 4539 2852 4594 τὸν
2916 4539 3204 4614 βραχίονα,
3258 4539 3291 4607 ἢ
3317 4539 3415 4606 τὴν
3449 4533 3622 4607 δεξιὰν
3673 4536 3761 4591 καὶ

344 4632 501 4683 runt.
536 4628 627 4683 Ar.
661 4626 977 4683 Consentio
1012 4626 1219 4683 Filium
1252 4626 1410 4682 Patri
1440 4641 1570 4682 esse
1608 4627 1998 4683 consubstan-

2113 4627 2200 4681 τὸν
2230 4624 2520 4691 δάκτυλον,
2553 4627 2627 4690 ὠς
2665 4625 2889 4683 ἕκαστον
2948 4627 3122 4683 αὐτῶν
3178 4630 3290 4701 (70)
3347 4624 3616 4705 διαφέρειν
3674 4625 3764 4680 πέ·

340 4716 541 4773 tialem
577 4717 747 4789 :jam
778 4716 917 4789 quid
948 4716 1083 4773 vitis
1124 4715 1435 4789 signiﬁcet,
1488 4715 1631 4771 mihi
1682 4715 1857 4772 velim
1901 4733 1997 4772 ex-

343 4822 551 4879 ponas.

413 4986 499 5043 32.
536 4986 659 5042 Alh.
689 4987 809 5042 Duo
837 4985 974 5041 vitis
999 5000 1214 5057 genera
1246 4984 1395 5041 solet
1422 5001 1886 5043 commemorare
1915 4985 1999 5041 di-

340 5076 478 5131 vina
509 5074 831 5149 Scriptura,
866 5075 1078 5130 bonam
1110 5072 1347 5146 quidem
1383 5091 1583 5144 unam,
1611 5075 1998 5146 fructiferam,

342 5164 787 5234 exhilarantem,
844 5168 902 5220 ct
958 5163 1351 5221 laetiﬁcantem
1410 5181 1509 5221 cor
1555 5165 1834 5236 hominis,
1868 5181 1997 5238 qua

2107 4737 2290 4796 φυκεν.
2323 4719 2450 4793 ”Αρ.
2483 4719 2620 4773 εἷπε·
2650 4717 2918 4796 Σῦμφημι
2952 4715 3245 4791 ὁμοούσιον
3296 4718 3430 4771 εἶναι
3487 4716 3576 4771 τὸν
3636 4715 3759 4770 Υῖὸν

2103 4810 2185 4879 τῷ
2218 4805 2412 4881 Ματρί·
2475 4805 2677 4869 ἀπόδος
2740 4828 2835 4880 μοι
2893 4806 3087 4863 λοιπὸν
3148 4804 3311 4883 λόγον
3371 4805 3623 4882 περὶτῆς
3655 4806 3760 4879 ἀμ-

2105 4893 2302 4950 πέλου.

2178 4988 2267 5042 32·
2306 4986 2422 5050 Ἀθ.
2484 4986 2618 5042 εἴπεο
2677 4985 2781 5042 Δύο
2839 4992 3030 5063 γενεῶν
3088 4983 3343 5061 ἀμπέλου
3401 4981 3558 5041 εἷ’ωθι
3618 5007 3763 5060 μνη-

2113 5074 2358 5148 μονεύειν
2417 5077 2451 5145 ἡ
2513 5076 2627 5139 θεία
2686 5077 2894 5153 Γραφὴ,
2957 5076 3084 5149 μίαν
3148 5077 3242 5149 μὶν
3273 5075 3524 5152 χρηστὴν
3552 5076 3641 5131 καὶ
3675 5075 3761 5131 εὗ-

2108 5166 2403 5243 φραντικήν
2462 5185 2521 5220 τε
2577 5164 2668 5221 καὶ
2722 5170 3129 5242 χαροποιοῦσαν
3185 5163 3406 5241 καρδίαν
3447 5164 3759 5241 ἀνθρώπου,

412 5342 460 5378 ⁵⁸
485 5342 655 5400 Joan.
688 5358 780 5413 xv,
823 5344 874 5399 1.
948 5340 996 5379 ⁸ο
1044 5340 1197 5398 Psal.
1246 5357 1441 5413 cxvm,
1473 5342 1568 5399 73.
1640 5342 1686 5380 ⁸³
1736 5342 1828 5399 Isa
1872 5358 1993 5411 ιιιι,

2163 5343 2210 5381 ⁸³
2240 5341 2395 5399 Psal.
2421 5359 2592 5411 cxvu,
2627 5344 2711 5399 16.

413 5510 769 5585 (ϐημΡιθείυε
798 5514 856 5568 et
879 5509 1083 5585 Basil.,
1115 5508 1248 5581 ἀξιῶ
1279 5507 1369 5564 οῦν
1404 5507 1493 5585 acati.
1521 5508 1996 5585 cﬁJnglicanus,

341 5556 781 5661 ἀξῖξίόέῗὲιξξτᾎ
789 5556 1992 5658 εἷῷἷῖέῖὖίοῖὦίλη’έῖἰοέἕῦᾧθὲὶᾶἒῖξξέ

340 5671 457 5729 PFO,
471 5652 722 5729 θέλησογε
883 5723 895 5729 -
928 5722 953 5729 ..

412 5727 526 5804 (68)
552 5722 779 5804 Anglic.
812 5723 901 5781 καὶ
925 5722 1027 5783 ἔτι.

2176 5512 2408 5596 (βθλῐῑε
2435 5513 3060 5596 οῳηρειωεεκριιωρθι·
3087 5513 3233 5585 Aug.
3276 5527 3452 5586 quem
3495 5508 3761 5584 sequitur

2100 5580 2240 5640 edit.
2272 5580 2459 5651 Paris,
2494 5582 2790 5657 habetque
2817 5580 3236 5659 ἀπερίγραπτοῖι.

2171 5656 2286 5728 (70)
2318 5661 2467 5728 Aug.
2498 5652 2682 5711 αὐτόν.
