4170 6370
359 425 473 488 481

1495 424 1965 489 DISPUTATIO
2011 423 2317 487 CONTRA
2369 425 2645 488 AlllUM.

3670 431 3790 490 482

357 560 450 614 τὸν
485 565 680 635 Κυριον
741 563 941 630 Ιησοῦν
1002 560 1250 633 Χριστόν·
1286 557 1506 634 θατέραν
1571 557 1628 613 δὲ
1683 560 1772 613 τὸν
1831 553 2017 612 διάϐο-

2155 564 2223 614 ιει
2252 559 2537 614 Dominus
2595 559 2766 615 Jesus
2821 558 3108 614 Christus.
3168 559 3296 615 Alia
3349 567 3438 618 est
3493 563 3788 633 diabolus,

363 647 484 716 λον,
519 647 719 703 λύσσαν
779 648 871 703 καὶ
931 650 1012 702 ἱὸν
1065 650 1461 718 ἀποστάζοντα,
1496 649 1629 703 κατά
1679 649 1741 702 τὸ
1790 668 2025 723 γεγραμ-

368 738 545 809 μένον’
587 763 606 788 α
645 739 704 794 Ἡ
763 740 864 812 γὰρ
930 735 1177 810 ἄμπελος
1210 737 1382 792 αὐτῶν
1417 742 1477 792 ἐκ
1532 735 1817 810 Σοδόμων,
1849 737 1938 791 καὶ

363 826 640 899 κληματὶς
696 826 872 882 αὐτῶν
937 826 995 882 ἐκ
1047 827 1330 904 Γομόρρας
1379 846 1392 861 ⁸
1548 826 1792 905 σταφυλή
1854 827 2028 880 αὐτῶν

366 916 614 986 σταφυλή
648 916 855 992 χολῆς,
894 918 1089 993 βότρυς
1121 916 1358 990 πικρίας·
1396 918 1423 971 6
1455 917 1598 978 οἶνος
1655 916 1828 971 αὐτῶν
1861 917 2030 988 θυμὸς

364 1005 607 1062 ἀσπίδων
639 1009 872 1071 ἀνίατος.
911 1034 939 1060 ››
971 1008 1069 1064 Καὶ
1103 1009 1130 1063 6
1163 1007 1296 1070 λαὸς
1330 1007 1387 1063 δὲ
1417 1007 1663 1081 ἄμπελος
1709 1009 2034 1095 ὠνομάσθη,

362 1100 452 1154 καὶ
487 1097 688 1153 δίκαιοι
720 1097 1020 1174 πολλαχοῦ
1076 1097 1388 1168 ἐκλήθησαν
1447 1097 1792 1172 ἀμπελῶνες,
1839 1098 2028 1160 ἁπλῶς

370 1190 554 1262 μέντοι
590 1189 681 1243 καὶ
740 1187 1193 1261 ἀπολελυμένως,
1227 1187 1402 1263 χωρῖς
1432 1193 1528 1243 τοῦ
1565 1233 1577 1255 ,
1613 1213 1639 1241 ‹‹
1675 1189 1815 1263 Ἐγὼ
1849 1189 1961 1260 εἰμι
1995 1189 2028 1257 ἡ

369 1277 616 1350 ἄμπελος
648 1280 683 1346 ἠ
743 1277 1001 1348 ἀληθινή.
1035 1301 1065 1330 .n
1095 1280 1213 1332 Ἵνα
1273 1279 1349 1350 μὴ
1419 1276 1510 1331 οὖν
1541 1277 1634 1332 καί
1663 1279 1691 1332 6
1725 1279 1923 1352 Σωτὴρ
1975 1277 2032 1332 ἐκ

369 1366 812 1440 τῆςξέπωνυμίας
843 1365 1220 1440 προσλογισθῇ
1277 1372 1397 1428 ταῖς
1449 1367 1873 1441 προειρημέναις
1924 1368 2029 1438 ἀμ-

374 1456 590 1524 πέλοις,
651 1455 712 1510 οὐ
770 1456 913 1530 λέγω
967 1461 1045 1528 τῷ
1075 1450 1343 1528 διαϐόλῳ,
1375 1455 1499 1510 ἀλλ’
1553 1458 1765 1529 οἴοντῇ
1819 1477 2030 1528 μετενε-

377 1546 573 1622 χθείσῃ
607 1549 716 1618 (71)
749 1545 799 1615 ἐξ
846 1545 1118 1619 Αἰγύπτου
1165 1545 1256 1600 καὶ
1309 1545 1654 1623 φυτευθείσῃ,
1685 1544 1777 1600 ’ίνα
1821 1549 2027 1620 ποιήσῃ

375 1639 582 1711 καρπὸν
640 1633 934 1712 σταφυλῆς,
997 1635 1220 1705 ἐποίησε
1277 1633 1333 1690 δὲ
1389 1637 1661 1702 ἀκάνθας,
1722 1638 1836 1691 εἷπε
1899 1637 2033 1708 μετά

378 1729 714 1801 προσθήκης·
749 1749 776 1776 ‹‹
812 1724 946 1798 Ἐγώ
997 1724 1108 1796 εἶμι
1161 1726 1194 1794 ἠ
1250 1723 1497 1797 ἄμπελος
1618 1723 1874 1796 ἀληθινὴ,
1912 1750 1938 1775 ››
1965 1728 2031 1794 ἧς

374 1817 402 1869 6
435 1816 640 1889 καρπὸς
674 1815 809 1882 ζωὴ,
843 1813 1011 1888 χαρά,
1046 1813 1262 1890 εἰρήνη,
1296 1815 1474 1888 ἀγάπη
1511 1818 1642 1887 (72),
1687 1812 2026 1885 διλαιοσύνη,

371 1904 552 1966 πίστις
612 1903 1042 1980 εἰλικρινεστάτη
1070 1949 1084 1972 ,
1143 1908 1341 1977 γνῶσις
1379 1950 1392 1972 ,
1454 1899 1697 1959 εὐσέϐεια
1732 1951 1744 1972 ,
1801 1903 1982 1979 ἀγνεία
2014 1951 2028 1974 ,
2062 1932 2108 1997 Β

2009 1993 2022 2010 \

374 1993 671 2066 σεμνότης,
705 1992 1108 2070 φιλανθρωπία,
1159 1992 1424 2067 πραότης,
1476 1992 1779 2068 ἐγκράτεια,
1829 1993 1917 2048 καὶ
1966 1993 2032 2047 τά

373 2081 733 2158 παραπλήσια
787 2084 1026 2144 τούτοις.
1087 2080 1307 2151 Ἐπειδὴ
1367 2083 1455 2137 καὶ
1500 2083 1566 2137 τὰ
1613 2082 1892 2155 κλήματα,
1933 2089 2033 2151 τῆς

373 2171 540 2241 αὐτῆς
583 2171 846 2245 εὐγενείας
901 2179 1000 2240 τῆς
1055 2171 1318 2241 ἀληθινῆς
1372 2171 1624 2244 ἀμπέλου
1671 2175 2031 2248 τυγχάνοντα,

375 2259 459 2316 δεῖ
503 2261 697 2334 ὅμοιον
747 2262 953 2334 καρπὸν
1007 2255 1420 2336 προϐάλλεσθαι
1455 2305 1468 2329 ,
1499 2264 1564 2330 ής
1598 2261 1728 2316 εἰσιν
1781 2260 2033 2334 ἀμπέλου

373 2350 636 2424 κλήματα
671 2393 682 2404 .
717 2349 851 2412 Τοὺς
883 2349 1223 2412 ἀποστόλους
1266 2349 1355 2405 οὖν
1390 2347 1490 2428 ἔφη
1527 2397 1540 2422 ,
1572 2352 1684 2423 ἅμα
1727 2372 2035 2427 παρασκευ-

378 2442 520 2510 άζων
579 2439 774 2502 αὐτοὺς
835 2440 1084 2514 ἐμμένειν
1148 2440 1198 2494 ἐν
1257 2444 1364 2514 (73)
1421 2444 1488 2515 τῇ
1547 2441 1754 2510 πίστει,
1805 2441 1894 2495 καὶ
1958 2440 2033 2512 μή

378 2531 878 2605 ἀποσκιρτήσαντας
939 2530 997 2584 ἐκ
1051 2537 1150 2599 τῆς
1210 2528 1508 2600 ἀληθείας,
1569 2529 1750 2606 ὥσπερ
1807 2527 2035 2598 Ἰούδας,

379 2619 654 2693 ἀκάρπους
687 2620 998 2692 ἀπομεῖναι.
1048 2618 1254 2681 Οἷίτινες
1305 2621 1405 2694 γὰρ
1458 2617 1896 2690 έξολισθήσουσιν
1927 2622 2036 2692 (74)

380 2708 441 2764 ἐκ
467 2715 568 2777 τῆς
618 2713 716 2762 τοῦ
762 2709 958 2782 Κυρίου
1008 2709 1220 2782 ἀγάπης
1275 2708 1366 2763 καὶ
1415 2707 1671 2777 πίστεως,
1708 2707 1863 2780 δίκην
1895 2709 2037 2779 κλη-

385 2799 569 2872 μάτων
603 2799 1060 2871 ἀποτεμνόμενοι,
1092 2797 1372 2873 ρίπτονται
1405 2795 1504 2869 ἔξω
1550 2805 1658 2853 τῶν
1711 2799 1886 2854 θείων.
1923 2806 2038 2868 Νη-

385 2886 613 2966 φαλίους
670 2886 760 2942 οὖν
813 2889 902 2942 καὶ
951 2887 1269 2963 προθύμους
1313 2887 1606 2964 προτρέπει
1649 2888 1881 2963 γίνεσθαι
1913 2887 2039 2950 τοὺς

389 2979 634 3050 μαθητάς
689 2974 778 3031 διὰ
831 2981 928 3030 τοῦ
985 2984 1174 3055 φῆσαι·
1237 3003 1264 3029 ‹‹
1298 2979 1354 3030 '0
1395 2980 1580 3053 Πατηρ
1643 2999 1748 3050 μου
1803 2977 2041 3053 γεωργός

384 3065 548 3133 ἐστιν,
612 3091 637 3117 ››
701 3065 893 3120 ὠσανεί
951 3061 1131 3141 ἔλεγεν
1169 3088 1179 3100 ·
1243 3064 1456 3122 Εἷδέναι
1515 3068 1652 3140 ὑμᾶς
1718 3065 2040 3141 βούλομαι,

387 3153 490 3222 ὅτι,
525 3153 578 3210 εἷ’
621 3176 743 3209 τινα
798 3156 826 3209 6
859 3156 1046 3231 Πατήρ
1079 3157 1106 3209 6
1139 3154 1269 3228 ἐμὸς
1315 3162 1564 3232 γεωργεῖ,
1599 3157 1626 3210 6
1655 3160 1902 3218 τοιοῦτος
1949 3155 2041 3209 τὸν

386 3243 514 3316 ἐμὸν
545 3245 750 3318 καρπὸν
804 3241 1106 3298 ἀποδίδωσι
1142 3246 1218 3316 μή
1265 3244 1461 3307 ἐῶντος
1494 3248 1607 3315 (75)
1636 3245 1840 3317 καρπὸν
1874 3243 2044 3300 ἀλλό-

2139 649 2357 704 rabiem
2416 653 2472 703 et
2527 665 2813 703 venenum
2875 647 3188 714 distillsns,
3218 651 3302 704 uti
3335 651 3618 724 scriptum
3649 658 3742 710 est
3773 671 3787 709 :

2138 760 2165 788 ‹‹
2203 739 2349 793 Nam
2381 739 2452 792 de
2481 737 2649 792 vinea
2673 738 3084 806 Sodomorum,
3106 740 3272 794 vinea
3301 756 3500 796 eorum
3537 757 3550 797 :
3586 747 3644 798 et
3673 760 3793 798 sar-

2140 831 2404 883 mentum
2437 843 2638 882 eorum
2689 843 2755 880 ex
2814 825 3158 882 Gomorrha.
3221 827 3339 884 Uva
3395 846 3620 896 eorum,
3678 848 3794 888 uva

2138 915 2313 984 fellis,
2374 916 2576 970 botrus
2635 916 3046 970 amaritudinis
3081 935 3093 972 :
3128 917 3323 973 vinum
3379 936 3600 988 eorum,
3631 920 3795 976 furor

2141 1006 2414 1077 aspidum
2447 1005 2793 1060 insanabilis
2821 1005 2884 1058 ⁸³.
2910 1027 2937 1053 ι»
2973 1005 3228 1076 Populus
3261 1008 3396 1062 item
3431 1009 3564 1064 vitis
3593 1009 3793 1080 appel-

2140 1094 2296 1150 latus
2325 1100 2432 1162 est,
2465 1111 2737 1166 saepeque
2759 1096 2907 1164 justi
2940 1095 3087 1149 vites
3119 1102 3258 1150 sunt
3287 1096 3448 1163 dicti,
3508 1098 3794 1170 simplici-

2145 1187 2226 1240 ter
2286 1189 2478 1240 tamen
2537 1192 2594 1240 et
2647 1183 2935 1252 absolute,
2971 1202 3071 1239 nec
3105 1187 3174 1240 de
3207 1186 3320 1240 illis
3348 1187 3585 1258 dicitur,
3620 1211 3648 1238 ‹‹
3684 1188 3793 1258 Ego

2143 1289 2274 1328 sum
2307 1273 2444 1328 vitis
2469 1290 2603 1329 vera
2629 1275 2693 1328 °‘.
2730 1296 2756 1321 ››
2790 1274 3073 1339 Quocirca
3105 1291 3172 1329 ne
3231 1275 3496 1332 Salvator
3550 1279 3623 1333 ob
3678 1277 3792 1334 hu-

2133 1363 2398 1434 jusmodi
2430 1379 2753 1434 cognomen
2787 1363 2918 1418 aliis
2949 1381 3127 1434 supra
3158 1365 3330 1420 dictis
3363 1365 3580 1423 vitibus
3607 1384 3796 1422 annu-

2142 1457 2400 1507 meretur
2429 1453 2566 1522 (non
2599 1451 2830 1506 diabolo
2865 1455 3105 1520 tamen),
3137 1454 3294 1508 verbi
3329 1455 3535 1526 gratia,
3585 1457 3688 1510 viti
3728 1473 3797 1511 ex

2140 1541 2384 1614 Egypto
2448 1540 2741 1596 translatae
2801 1547 2858 1596 et
2917 1542 3209 1613 plantatse,
3270 1550 3336 1598 ut
3384 1545 3640 1600 fructum
3674 1562 3796 1601 uvae

2142 1633 2506 1706 produceret,
2536 1633 2637 1688 sed
2664 1633 2866 1703 spinas
2899 1634 3208 1704 produxit;
3243 1635 3326 1690 ait
3380 1652 3516 1691 cum
3574 1637 3800 1693 addita-

2142 1727 2360 1787 mento,
2420 1744 2448 1770 «
2512 1723 2629 1793 Ego
2671 1739 2802 1776 sum
2835 1721 2970 1778 vitis
3001 1739 3152 1789 vera,
3192 1746 3212 1772 ι
3250 1725 3422 1794 cujus
3455 1726 3680 1781 fructus
3709 1730 3799 1783 est

2139 1812 2274 1879 vita,
2306 1812 2610 1884 gaudium,
2647 1829 2776 1882 pax,
2811 1812 3085 1878 charitas,
3111 1813 3364 1883 justiliu,
3399 1815 3546 1872 ﬁdes
3606 1817 3798 1888 puris-

2141 1902 2311 1972 sima,
2369 1902 2641 1973 cognitio,
2680 1902 2883 1972 pietas,
2918 1903 3178 1969 castitas,
3212 1906 3489 1974 gravitas,
3526 1905 3799 1961 humani-

2140 1997 2249 2057 tas,
2275 1991 2684 2058 mansuetudo,
2709 1991 3195 2061 temperantia,et
3225 1993 3462 2048 similis.
3487 1995 3631 2051 Nam
3663 2011 3798 2050 cum

2141 2080 2416 2153 palmites
2446 2081 2647 2135 eadem
2679 2080 2976 2151 gaudeant
3010 2083 3459 2154 nobilitate,qua
3488 2100 3622 2139 vera
3643 2085 3800 2152 vitis,

2143 2186 2250 2242 par
2277 2175 2366 2226 est
2394 2185 2493 2225 eos
2525 2169 2775 2224 similem
2809 2169 2908 2224 viti
2940 2171 3192 2224 fructum
3228 2174 3567 2243 producere,
3631 2173 3804 2243 cujus

2145 2264 2286 2316 sunt
2319 2257 2607 2330 palmites.
2629 2260 2935 2329 Apostolos
2964 2258 3146 2330 igitur
3176 2260 3470 2330 indicavit,
3496 2261 3670 2317 simul
3705 2279 3804 2319 eos

2144 2350 2501 2405 confirmans
2530 2353 2587 2403 et
2614 2348 2928 2403 exhortans
2963 2355 3025 2402 ut
3051 2349 3108 2403 in
3151 2351 3262 2405 inde
3320 2356 3659 2407 constantes
3717 2368 3806 2408 es-

2146 2444 2298 2504 sunt,
2366 2455 2478 2493 non
2549 2442 2743 2493 autem
2813 2438 3041 2493 steriles
3111 2445 3436 2509 manerent,
3478 2441 3806 2505 averitate.

2145 2528 2309 2584 Judae
2341 2525 2628 2598 exemplo,
2687 2526 3019 2582 resiliendo.
3079 2527 3386 2600 Namiqui
3445 2546 3514 2585 ex
3571 2530 3813 2591 Domini

2149 2618 2431 2673 eharitale
2488 2621 2545 2672 et
2605 2617 2718 2672 ﬁde
2761 2617 3062 2683 decidunt,
3095 2619 3282 2672 instar
3308 2619 3620 2689 palmitum
3651 2623 3809 2678 174

2150 2705 2460 2778 amputati,
2517 2712 2680 2760 extra
2728 2706 2923 2760 divina
2979 2707 3388 2778 projiciuntur.
3452 2708 3552 2765 His
3610 2709 3810 2782 itaque

2149 2795 2365 2861 verbis,
2412 2818 2438 2845 ‹‹
2475 2795 2642 2850 Pater
2673 2811 2837 2852 meus
2868 2796 3123 2867 agricola
3152 2802 3262 2864 est,
3293 2818 3320 2850 ι)
3358 2815 3497 2854 suos
3526 2798 3806 2855 adhorta-

2150 2890 2248 2940 tur
2279 2883 2601 2955 discipulos
2635 2890 2700 2938 ut
2724 2884 2969 2956 vigilant
2999 2890 3054 2940 et
3084 2886 3394 2958 diligentes
3435 2888 3576 2959 sint,
3637 2895 3701 2944 ut
3759 2889 3806 2945 si

2152 2975 2372 3030 diceret
2401 2991 2414 3029 :
2445 2974 2604 3030 Scire
2635 2990 2736 3029 vos
2765 2973 2894 3030 volo
2925 2977 3081 3046 quod
3114 2975 3162 3031 si
3195 2993 3369 3047 quem
3417 2983 3590 3032 Pater
3643 2995 3810 3034 meus

2153 3063 2396 3128 excolat,
2457 3063 2553 3119 ille
2614 3063 2869 3118 fructum
2928 3079 3124 3120 meum
3185 3065 3474 3136 producit.
3507 3065 3620 3121 Nec
3650 3067 3809 3122 enim

2155 3154 2297 3210 sinit
2326 3153 2585 3209 alienum
2639 3155 2890 3208 fructum
2942 3153 3002 3208 in
3061 3153 3214 3208 veris
3270 3153 3404 3211 vitis
3463 3154 3811 3226 palmitibus

2157 3243 2506 3316 germinare.
2565 3242 2829 3312 Namque
2882 3243 2938 3296 in
3003 3243 3188 3312 vinea,
3249 3243 3358 3298 hoc
3387 3244 3563 3299 estin
3597 3245 3808 3300 anima

381 3354 532 3410 τριον
561 3333 613 3388 ἐν
645 3339 762 3394 τοῖς
792 3332 1077 3402 ἀληθινοῖς
1103 3333 1351 3406 κλήμασι
1380 3339 1482 3400 τῆς
1515 3333 1764 3407 ἀμπέλου
1803 3333 2039 3409 βλαστῆ-

2157 3303 2578 3406 penetralibus,
2612 3303 3022 3400 deambulans,
3053 3303 3285 3403 putrida
3313 3333 3513 3388 omnia
3543 3337 3601 3388 et
3640 3333 3810 3389 luxu-

386 3445 494 3478 σαι.
529 3425 947 3498 Ἐμπεριπατῶν
1005 3425 1106 3499 γάρ
1167 3422 1217 3477 ἐν
1273 3429 1352 3496 τῷ
1410 3423 1720 3496 ἀμπελῶνι,
1770 3424 2043 3478 τουτέστιν

388 3511 440 3566 ἐν
471 3518 589 3572 τοῖς
621 3516 720 3576 τῆς
752 3515 938 3588 ψυχῆς
992 3512 1240 3584 ταμείοις
1277 3554 1290 3578 ,
1322 3513 1494 3566 πάντα
1521 3511 1587 3567 τὰ
1618 3513 1788 3585 σαθρά
1818 3512 1908 3566 καὶ
1943 3533 2045 3584 μα-

386 3598 560 3670 νιώδη
590 3607 880 3676 περιαιρεῖ,
914 3601 1050 3675 πρὸς
1077 3602 1140 3655 τὸ
1177 3602 1252 3674 μὴ
1289 3600 1664 3674 ὑλομανοῦσαν
1716 3599 2042 3678 διαφθείρειν

380 3691 543 3764 ὅνπερ
592 3694 705 3762 (76)
764 3692 792 3744 6
850 3691 1086 3765 γεωργὸς
1149 3696 1307 3754 ποθεῖ
1362 3686 1734 3766 προϐαλέσθαι
1791 3691 1996 3765 καρπόν
2029 3733 2042 3746 .

382 3778 536 3836 Ἀλλ’
569 3777 756 3848 ἐπειδή
792 3781 819 3834 6
847 3783 946 3844 τῆς
982 3779 1243 3850 αἰσθητῆς
1304 3780 1555 3854 ἀμπέλου
1614 3779 1776 3855 λόγος
1821 3778 2043 3835 δύναται

387 3864 756 3940 συμϐαλέσθαι
791 3870 926 3942 ἡμῖν
983 3867 1058 3930 εἷς
1105 3870 1168 3924 τὸ
1203 3870 1554 3940 ζητούμενον,
1588 3870 1809 3946 ἀρκτέον
1869 3869 2048 3923 ἐννεῦ-

391 3957 475 4010 θεν
508 3956 744 4012 ἐκθέσθαι
775 3958 864 4013 καὶ
897 3957 1023 4034 περὶ
1053 3959 1250 4014 τούτου
1280 3960 1378 4028 τήν
1414 3959 1708 4038 ἀφήγησιν.

467 4049 554 4102 33.
593 4045 916 4123 Ἐπειδήπερ
974 4048 1396 4124 καταλειφθεῖσα
1451 4049 1557 4124 πρὸ
1616 4053 1712 4102 τοῦ
1770 4053 2046 4123 χειμῶνος

394 4137 428 4205 ἡ
465 4134 708 4208 ἄμπελος
761 4136 988 4208 εὐθαλής
1025 4159 1084 4193 τε
1140 4139 1229 4192 καὶ
1289 4136 1636 4210 εὐκλήματος
1666 4135 1863 4208 ἕστηκε
1912 4157 2048 4212 καρ-

389 4230 564 4300 τερῶς
596 4227 729 4300 πρὸς
759 4229 851 4288 τὰς
885 4224 1111 4305 ἐφόδους
1141 4231 1238 4282 τοῦ
1270 4232 1568 4302 χειμῶνος’
1604 4228 1632 4282 6
1679 4224 1756 4294 δὲ,
1804 4231 1873 4301 τῇ
1907 4228 2048 4296 ἀπη-

391 4317 616 4389 νεστάτῃ
650 4312 934 4390 προσϐολῇ
968 4321 1062 4371 τοῦ
1119 4317 1317 4393 κρύους
1351 4316 1515 4372 αὐτοῦ
1567 4314 1997 4392 προσεληλυθὼς
2033 4359 2046 4384 ,

389 4404 777 4477 ἀπομαραίνειν
836 4406 1061 4481 ἄρχεταί
1108 4427 1225 4461 τινα
1253 4411 1360 4461 τῶν
1414 4405 1638 4484 φύλλων
1673 4405 1838 4470 αὐτῆς
1873 4451 1886 4474 ,
1919 4405 2054 4461 αὐτὰ

388 4491 585 4562 δὲ,διά
634 4496 735 4562 τήν
792 4497 1096 4570 σαθρότητα
1153 4497 1482 4566 ἀτονοῦντα,
1537 4495 1886 4552 ἐκπίπτουσιν
1947 4495 2052 4550 ἀπὸ

390 4588 496 4636 τῶν
553 4584 862 4656 ὑψωματων
901 4629 914 4652 ,
944 4584 1049 4639 ἀπὸ
1097 4589 1206 4640 τῶν
1235 4586 1486 4662 ἀνωτέρω
1517 4587 1630 4659 (77)
1663 4585 1750 4640 ἐπὶ
1779 4585 1847 4640 τὰ
1890 4584 2053 4661 βαθύ-

2155 3421 2370 3477 riantia
2401 3421 2785 3493 amputat,l_ne
2815 3421 3132 3478 silvescens
3165 3423 3418 3478 fructum
3450 3429 3813 3496 corrumpat,

2156 3527 2330 3581 quem
2365 3509 2616 3581 agricola
2649 3516 2810 3581 optat
2839 3511 3104 3582 produci.
3172 3510 3378 3567 Verum
3433 3513 3814 3583 quandoqui-

2156 3601 2287 3655 dem
2341 3599 2638 3654 sensibilis
2686 3599 2820 3655 vitis
2857 3599 3189 3672 exemplum
3214 3601 3385 3657 nobis
3414 3601 3641 3673 aliquid
3673 3619 3813 3658 con-

2155 3690 2303 3745 ferre
2333 3694 2523 3761 potest
2551 3690 2624 3744 ad
2654 3687 2711 3744 id
2744 3690 2816 3744 de
2847 3705 2962 3760 quo
3011 3690 3236 3763 agitur;
3289 3691 3443 3761 inde,
3495 3692 3544 3747 si
3603 3691 3818 3764 placet,

2155 3793 2278 3833 rem
2311 3794 2598 3850 exponere
2626 3779 2948 3834 ordiamur.

2228 4046 2510 4102 33.Vinea
2537 4055 2670 4101 ante
2702 4046 2954 4105 hiemem
2989 4048 3191 4105 viridis
3214 4055 3272 4105 et
3303 4050 3646 4122 palmitibus
3670 4051 3819 4108 bene

2157 4136 2902 4206 ornata,'fcontra'{hiemis
2958 4139 3236 4194 incursus
3292 4140 3519 4195 fortiter
3575 4140 3822 4198 resistit.

2161 4225 2360 4278 Hieme
2399 4229 2597 4278 autem
2633 4224 3041 4281 immitissima
3072 4227 3306 4298 frigoris
3338 4229 3696 4302 impulsione
3721 4249 3822 4286 ac-

2160 4313 2419 4382 cedente,
2455 4313 2723 4383 qusadam
2758 4313 2892 4367 vitis
2926 4313 3063 4370 folia
3106 4323 3412 4387 cceperunt
3466 4335 3826 4376 marcescere

2162 4419 2290 4475 quae
2347 4418 2483 4457 cum
2541 4408 2738 4458 essent
2768 4403 3022 4474 putrida,
3057 4421 3162 4460 nec
3192 4405 3512 4463 consistere
3542 4407 3821 4476 valerent,

2161 4509 2193 4547 ο
2224 4493 2477 4547 summis
2509 4493 2773 4564 partibus
2805 4494 3353 4566 deciderunt,atque
3386 4495 3466 4552 ita
3497 4512 3527 4551 ο
3557 4498 3819 4568 superio-

2164 4581 2327 4637 ribus
2355 4580 2500 4637 locis
2529 4580 2587 4637 in
2620 4581 2895 4638 inferiora
2924 4592 3062 4638 sunt
3120 4583 3362 4656 delapsa
3393 4601 3407 4641 :
3441 4591 3558 4641 stat
3610 4586 3825 4644 deinde

393 4692 521 4747 τερα
576 4673 852 4750 φερόμενα
885 4717 897 4742 ,
934 4674 1044 4727 εἶτα
1107 4673 1251 4747 μένει
1311 4676 1345 4744 ή
1402 4672 1648 4748 ἄμπελος
1707 4674 2039 4747 εὐκλήματος

2164 4671 2300 4727 vitis
2332 4689 2467 4726 cum
2505 4670 2871 4743 palmitibus,
2932 4672 3142 4730 hiemis
3200 4675 3441 4747 impetui
3503 4676 3822 4734 obsistens.

394 4763 690 4837 ἀντέχουσα
837 4768 977 4839 φορᾷ
1006 4767 1115 4834 (78)
1163 4769 1258 4818 τοῦ
1307 4770 1605 4840 χειμῶνος.
1655 4764 1718 4820 Εἰ
1751 4762 1808 4820 δὲ
1853 4768 1922 4839 τῇ
1954 4785 2052 4819 πα-

393 4855 608 4926 ραμονῇ
638 4858 737 4920 τῆς
771 4852 1006 4926 ἀκράτου
1063 4853 1418 4927 ψυχρότητος
1452 4849 1760 4927 κατέϐλαψέ
1789 4875 1910 4908 τινα
1941 4857 2049 4907 τῶν

391 4939 694 5010 κλημάτων
733 4987 747 5008 ,
782 4940 935 5012 ὅμως
966 4944 1034 5014 τῇ
1077 4940 1376 5011 ἐνστάσειή
1411 4940 1657 5014 ἄμπελος
1687 4941 1779 4996 σὺν
1813 4947 1929 5003 τοῖς
1962 4962 2054 4996 πε-

395 5027 746 5106 ριλειφθεῖσιν
809 5029 944 5103 αὐτῇ
1008 5030 1260 5104 ὑγιεινοῖς
1307 5030 1587 5104 κλήμασιν
1635 5030 1933 5106 ἐπεραίωσε
1959 5031 2050 5086 τὸν

393 5122 664 5194 χειμῶνα,
720 5119 809 5172 καὶ
868 5118 928 5174 ἐκ
981 5123 1078 5174 τοῦ
1133 5125 1449 5197 χειμερινοῦ
1498 5121 1744 5194 καμάτου
1788 5119 2004 5199 ἐξέφυγε
2037 5163 2051 5176 .

471 5277 517 5311 ⁵³
548 5276 720 5334 Deut.
746 5295 923 5344 xxxu,
955 5279 1046 5346 32,
1080 5278 1170 5332 33.
1245 5278 1292 5313 “
1322 5278 1486 5333 Joan.
1519 5293 1614 5345 xv,
1648 5279 1700 5332 1.

603 5433 758 5506 _A_ug.
792 5427 907 5506 οἳαν
946 5431 1422 5506 μετενεχθεῖσανε..
1454 5427 1543 5506 καὶ
1575 5432 1943 5506 φυτευθεῖσσιινἶ

471 5501 689 5592 (Ἰξξρίο
707 5500 970 5592 ξῖοείυε,¹
990 5509 1056 5592 ut
1085 5500 1312 5592 et'legit
1340 5500 1628 5559 Nannius.
1659 5506 1722 5557 In
1757 5500 1978 5557 steteris
2009 5501 2066 5555 et

399 5572 462 5627 in
484 5573 690 5648 editis,
719 5572 903 5648 ἀγάπη
939 5575 1123 5648 deest.

495 5646 589 5712 73)
617 5646 702 5702 Iia
731 5642 872 5712 Heg.
894 5642 969 5703 ’In
1000 5645 1132 5702 aliis
1161 5662 1294 5703 vero
1325 5650 1382 5701 et
1409 5644 1468 5700 in
1495 5644 1633 5702 edit.
1669 5642 1720 5698 ἐν
1753 5645 1937 5700 deest.

613 5721 760 5792 Aug.
795 5715 1046 5792 ἆξολισθή
1056 5737 1226 5773 σασιν.

473 5789 586 5862 (75)
612 5789 762 5865 Aug.
798 5789 874 5864 μὴ
909 5789 1100 5848 ζῶντα.

2160 4763 2275 4817 Aut
2333 4762 2382 4817 si
2433 4761 2653 4817 summi
2717 4762 2949 4834 frigoris
3004 4765 3435 4835 perseverantia
3483 4766 3724 4838 quidam
3757 4784 3826 4824 ex

2163 4851 2509 4923 palmitibus
2565 4850 2686 4906 lassi
2747 4852 2984 4921 fuerint,
3019 4860 3212 4909 tamen
3245 4855 3379 4910 vitis
3411 4873 3548 4911 cum
3582 4855 3826 4929 reliquis

2163 4941 2326 4996 sanis
2359 4940 2701 5013 palmitibus
2733 4945 3072 4997 constanter
3100 4959 3368 5013 manens,
3392 4943 3645 5000 hiemem
3677 4946 3824 5001 etfu-

2164 5031 2249 5103 git
2277 5035 2334 5086 et
2362 5046 2432 5086 ex
2462 5030 2724 5086 hibernis
2755 5031 3034 5088 aerumnis
3064 5032 3266 5088 evasit.
3301 5033 3443 5089 Cum
3477 5037 3670 5090 autem
3723 5049 3825 5089 ver

2165 5120 2444 5192 attigerit,
2477 5119 2577 5191 qui
2611 5136 2797 5176 novus
2831 5125 2920 5177 est
2949 5137 3166 5187 annus,
3196 5126 3393 5193 sperat
3442 5139 3506 5178 se
3565 5122 3822 5193 quietem

2242 5428 2358 5500 (76)
2389 5428 2664 5504 S_ie_P§eg_1
2689 5431 2836 5500 Aug.
2863 5425 3450 5504 ῩθΡοηὺλομανοῦσαν
3503 5426 3825 5504 συμπνίγειν

2174 5497 2375 5625 ὧνπερ.
2407 5500 2582 5567 Editi,
2604 5497 3210 5575 ἷδλομᾶνοῦσανδνπερ.

2245 5573 2300 5643 (7
2344 5574 2360 5642 )
2391 5575 2562 5644 Aug.,
2589 5570 2896 5644 ἀνωτέρων.
3115 5643 3120 5644 γ
3161 5643 3166 5644 γ

2391 5614 3030 5716 éi’iﬁéusi.
3063 5643 3172 5699 Alii
3201 5659 3333 5701 vero
3363 5655 3498 5699 eum
3529 5636 3734 5709 editis,
3761 5640 3830 5712 τῇ

2174 5714 2366 5792 φθορᾷ.
