4170 6356
397 410 516 472 483
1564 411 1627 469 S.
1674 404 2034 469 ATllANAS

2147 407 2197 467 3.
2225 439 2300 451 -—
2331 403 2645 469 SPUHIA.
3705 407 3827 469 484

400 544 731 601 habituram
755 559 769 598 :
803 559 938 599 cum
967 541 1162 599 subito
1184 539 1437 614 agricola
1459 541 1531 596 ad
1556 541 1742 614 ipsam
1775 555 1910 595 cum
1933 536 2034 594 culi

2166 537 2425 593 Φθάσασα
2456 535 2513 593 δὲ
2544 538 2630 594 ἐπὶ
2661 540 2723 595 τὸ
2759 535 2877 616 ’έαρ,
2910 537 3042 617 ὅπερ
3073 536 3182 595 ἐστὶ
3239 540 3357 599 νέον
3384 539 3534 612 ἓτος,
3567 537 3721 596 δοκεῖ
3749 539 3825 595 δι·

397 638 488 690 tro
519 633 824 701 accedens,
850 630 1106 706 primum
1139 630 1450 703 diligenter
1470 646 1673 685 omnes
1706 628 2034 701 circumpsi-

2163 627 2547 682 αναπαύεσθαι·
2598 624 2881 707 αἰφνιδίως
2941 626 3001 685 δὲ
3056 629 3084 684 ὁ
3114 630 3352 707 γεωργὸς
3416 629 3631 693 ἐπιστὰς
3660 628 3821 705 αὐτῇ,

398 725 479 780 cit
508 723 803 796 palmites,
834 727 960 778 tum
994 738 1093 777 eos
1129 737 1279 793 quos
1337 720 1525 775 hiems
1582 718 1797 775 laeserit
1850 717 2034 790 incipi

2164 715 2312 794 ξίφος
2345 715 2737 795 ἐπιφερόμενος
2770 764 2783 791 ,
2817 723 3031 794 πρῶτον
3071 719 3167 793 μὲν
3196 767 3212 792 ,
3244 713 3484 793 ἀκριϐῶς
3526 739 3821 796 κατοπτρι-

397 817 724 886 amputare,
742 811 954 868 deinde
974 828 1152 867 sanos
1173 826 1402 882 quoque
1427 808 1698 881 palmites
1719 808 1788 862 ad
1814 805 2034 862 tertium

2161 805 2394 878 σάμενος
2425 806 2629 861 ἅπαντα
2681 807 2749 862 τὰ
2801 806 3082 881 κλήματα,
3144 807 3366 885 ἄρχεται
3423 807 3490 864 τὰ
3551 803 3824 885 βλαϐέντα

395 907 454 958 et
483 904 758 971 quartum
792 915 981 970 usque
1005 898 1239 953 oculum
1274 902 1564 968 amputat.
1592 896 1722 952 Stat
1749 911 1884 951 vero
1923 895 2034 968 ipsi

2163 892 2223 949 ἐκ
2250 899 2347 950 τοῦ
2373 900 2650 971 χειμῶνος
2708 895 2981 970 ἐκτέμνειν
3015 944 3031 969 ,
3090 895 3275 953 ἔπειτα
3302 898 3392 953 καὶ
3421 898 3489 953 τὰ
3516 897 3820 973 ὑγιαίνοντα

396 989 622 1045 nudata
649 989 904 1059 laesaque
926 987 1112 1043 cultro
1133 987 1266 1041 vitis
1293 984 1653 1053 sublimis,in
1672 984 1879 1040 coelum
1904 984 2055 1056 aspi-

397 1079 580 1149 ciens,
614 1076 1086 1149 lacrymaturque
1119 1076 1356 1130 tertium
1393 1090 1579 1145 usque
1606 1074 1783 1128 diem.
1846 1072 2055 1128 Postea

395 1166 511 1223 Deo
541 1164 880 1239 providente
909 1163 1181 1220 solatium
1210 1168 1547 1229 consecuta,
1580 1162 1889 1235 lacrymari
1918 1162 2051 1218 des-

394 1255 527 1323 init,
561 1254 875 1326 multisque
906 1258 1144 1326 repente
1172 1250 1471 1325 productis
1524 1250 1868 1324 palmitibus
1921 1250 2053 1307 talis

395 1348 655 1417 apparet,
689 1342 880 1415 qualis
912 1346 1085 1398 antea
1112 1348 1257 1408 erat,
1290 1341 1408 1397 imo
1469 1345 1653 1395 multo
1710 1338 2050 1412 speciosior.

393 1437 473 1488 Ex
504 1433 599 1488 his
630 1437 823 1488 autem
851 1449 977 1504 quis
1010 1430 1291 1486 hactenus
1313 1428 1939 1503 exposuimus,clarius
1962 1429 2052 1484 in-

391 1521 737 1579 tellecturus
767 1538 831 1577 es
857 1538 985 1594 qua
1015 1520 1088 1576 de
1114 1536 1248 1576 vera
1277 1520 1390 1575 vite
1419 1519 1634 1575 dicturi
1666 1534 1896 1574 sumus.

2151 984 2268 1067 ῥιπὸ
2317 985 2508 1059 τρίτου
2536 986 2573 1056 ἢ
2629 986 2887 1063 τετάρτου
2950 986 3237 1065 ὀφθαλμοῦ
3294 992 3616 1064 περιαιρεῖν.
3664 988 3727 1045 Ἠ
3760 985 3819 1043 δὶ

2162 1071 2411 1147 ἄμπελος
2446 1118 2461 1145 ,
2508 1077 2856 1149 γυμνωθεῖσα
2883 1074 2973 1130 καὶ
3005 1073 3277 1151 πληγεῖσα
3304 1081 3386 1149 τῷ
3415 1076 3551 1155 ξίφει
3579 1121 3595 1146 ,
3623 1072 3818 1147 ἕστηκε

2164 1164 2436 1239 μετέωρος
2488 1164 2564 1228 εἷς
2622 1164 2714 1220 τὸν
2776 1164 2998 1241 οὐρανὸν
3055 1161 3492 1239 ἀποϐλέπουσα,
3553 1166 3666 1239 ἅμα
3724 1163 3817 1220 δα-

2160 1253 2399 1327 κρύουσα
2443 1252 2573 1331 ἄχρι
2632 1258 2733 1320 τῆς
2782 1254 2970 1331 τρίτης
3008 1254 3238 1333 ἡμέρας.
3299 1253 3706 1330 Παρακλήσεως
3760 1252 3819 1311 δὲ

2159 1344 2504 1420 τυγχάνουσα
2561 1343 2623 1399 έκ
2674 1347 2774 1410 τῆς
2800 1348 2898 1399 τοῦ
2956 1348 3090 1400 Θεοῦ
3145 1344 3434 1420 προνοίας,
3493 1345 3815 1419 παυσαμένη

2158 1436 2265 1487 τῶν
2326 1429 2602 1509 δακρύων,
2659 1430 2942 1512 αἰφνιδίως
2998 1431 3176 1490 πολὺν
3234 1435 3462 1510 ἀριθμὸν
3521 1434 3609 1490 καὶ
3641 1430 3814 1511 ὄχλον

2158 1519 2461 1595 κλημάτων
2539 1521 2890 1599 βλαστήσασα
2925 1570 2939 1595 ,
2996 1525 3031 1594 ἠ
3110 1522 3246 1593 αὖτὴ
3303 1523 3646 1603 ἀναφαίνεται
3703 1520 3817 1599 (79)

391 1609 481 1667 οῖα
506 1609 571 1686 ᾖν
602 1609 691 1665 καὶ
721 1609 1010 1684 πρότερον,
1047 1605 1261 1682 μᾶλλον
1294 1605 1352 1663 δέ
1382 1606 1472 1662 καὶ
1505 1603 1837 1682 ἐνδοξοτέρα·
1874 1607 1967 1661 Ἐκ
1996 1603 2055 1663 δὲ
2082 1613 2191 1664 τῶν
2222 1608 2753 1688 προαποδεδομένων
2775 1608 2921 1669 ἔσται
2950 1634 3033 1669 σοι
3059 1614 3354 1692 σαφέστερα
3374 1614 3461 1670 καὶ
3493 1614 3559 1669 τὰ
3576 1614 3817 1689 ἑπόμενα

388 1699 513 1776 περὶ
541 1706 639 1770 τῆς
671 1698 922 1772 ἀμπέλου
951 1704 1049 1767 τῆς
1081 1696 1374 1767 ἀληθινῆς.

459 1791 778 1863 34.1taque
807 1789 1093 1845 Dominus
1124 1789 1225 1844 viti
1259 1789 1548 1844 umbrosae
1583 1787 1904 1859 multisque
1952 1804 2045 1844 or-

388 1883 538 1936 natas
583 1878 926 1953 palmitibus
955 1883 1044 1934 est
1071 1875 1306 1942 similis,
1339 1880 1576 1949 propter
1605 1875 2045 1932 multitudinem

389 1968 614 2026 scilicet
642 1967 1087 2039 discipulOrum,
1128 1970 1187 2021 ct
1241 1964 1788 2036 circumjacentium
1844 1964 2045 2021 turba-

388 2074 522 2115 rum
582 2058 652 2113 ad
713 2057 932 2129 ipsum,
993 2054 1193 2111 auxilii
1236 2054 1539 2111 obtinendi
1570 2071 1708 2128 ergo
1739 2070 2046 2110 accurren-

384 2146 572 2212 tium;
605 2146 748 2202 adeo
781 2149 847 2201 ut
876 2161 1160 2201 numerus
1187 2160 1412 2215 eorum,
1446 2144 1545 2217 qui
1578 2144 1633 2198 in
1664 2144 1860 2216 ipsum
1921 2159 2046 2200 cre-

383 2237 552 2307 dunt,
575 2250 811 2292 omnem
844 2239 1081 2306 superet
1109 2234 1531 2304 conjecturam.
1558 2231 1648 2286 Illi
1679 2248 1812 2288 vero
1845 2249 1953 2288 suo
1983 2231 2043 2288 in

380 2324 552 2382 illum
611 2322 1011 2381 indissolubili
1061 2339 1281 2391 amore,
1342 2328 1623 2395 tanquam
1683 2322 1954 2395 palmites
1992 2322 2042 2377 ei

379 2414 814 2481 adherescunt,
870 2429 1122 2485 quorum
1185 2411 1307 2479 alii,
1367 2411 1692 2484 spiritualis
1749 2411 2042 2467 commodi

380 2504 741 2577 percipiendi
768 2500 1196 2575 gratia,nolunt
1224 2505 1388 2557 extra
1418 2501 1723 2569 illum,sed
1760 2517 1876 2555 una
1905 2516 2040 2556 cum

384 2607 453 2649 eo
477 2609 606 2650 esse
637 2610 651 2649 :
680 2591 775 2648 alii
808 2608 943 2648 vero
973 2592 1168 2647 sanari
1202 2590 1529 2662 cupientes,
1581 2589 1679 2645 alii
1739 2589 2038 2645 Christum

383 2682 582 2738 venire
612 2680 1122 2747 audientes,simul
1145 2685 1781 2748 convenerunt,novum
1812 2684 2039 2751 specta-

385 2771 587 2827 culum
616 2770 850 2827 videndi
881 2769 1191 2836 desiderio,
1224 2770 1407 2825 Deum
1440 2784 1651 2842 nempe
1681 2768 1738 2823 iu
1798 2784 2039 2840 corpore

381 2859 536 2916 inter
562 2860 830 2916 homines
862 2864 1213 2915 versantem.
1239 2858 1503 2931 Denique
1523 2858 1775 2914 adventu
1804 2856 2038 2913 Domini

380 2950 581 3005 omnia
609 2949 824 3022 gaudio
858 2947 1032 3021 plena
1073 2952 1241 3003 erant
1272 2964 1286 3003 :
1314 2948 1414 3019 qui
1471 2962 1824 3019 quocunque
1879 2946 2037 3003 ince-

381 3039 562 3107 deret,
620 3038 798 3095 veluti
829 3038 963 3093 vitis
993 3037 1338 3110 palmitibus
1368 3039 1570 3103 densa,
1604 3035 1677 3091 ob
1710 3035 1899 3091 multa
1928 3035 2035 3091 ho-

382 3127 610 3183 minum
644 3124 848 3198 millia,
883 3127 982 3199 qui
1012 3142 1148 3182 eum
1179 3125 1634 3190 comitabantur,
1665 3124 1931 3180 omnium
1971 3124 2033 3180 in

377 3217 639 3289 seipsum
696 3214 968 3288 ﬂagranti
1027 3230 1225 3270 amore
1274 3219 1399 3270 erat
1449 3214 1835 3286 conspicuus,
1896 3229 2031 3269 cum

377 3320 585 3361 omnes
640 3302 753 3377 ipsi
810 3304 1192 3359 adhaarerent.
1252 3307 1328 3357 At
1380 3318 1516 3358 cum
1566 3301 1848 3359 hiemales
1874 3301 2027 3358 venti

2227 1793 2317 1848 34.
2350 1791 2405 1843 Ὁ
2436 1789 2527 1846 οῦν
2556 1792 2753 1868 Κύριος
2784 1792 2988 1866 τρόπον
3038 1789 3290 1867 ἀμπέλου
3337 1790 3691 1866 εὖκλημάτου
3720 1792 3811 1849 καὶ

2157 1881 2374 1936 συσκίου
2406 1879 2640 1957 ἐπέχων,
2674 1877 2764 1936 διὰ
2791 1882 2853 1936 τὸ
2885 1878 3104 1947 πλῆθος
3132 1886 3240 1937 τῶν
3276 1886 3533 1955 μαθητῶν
3562 1881 3653 1937 καὶ
3700 1886 3808 1936 τῶν

2154 1972 2309 2046 πέριξ
2366 1966 2554 2045 ὄχλων
2601 1967 3083 2045 ἐπιπορευομένων
3142 1970 3279 2046 πρὸς
3332 1969 3491 2026 αὐτὸν
3555 1970 3811 2047 βοηθείας

2153 2055 2346 2115 ἕνεκεν·
2406 2060 2480 2122 ὡς
2538 2060 2671 2114 εἶναι
2727 2058 2915 2131 πλήθη
2975 2058 3296 2129 ἀνείκαστα,
3356 2060 3679 2115 πιστεύοντα
3734 2059 3811 2123 είς

2156 2148 2334 2204 αὐτόν·
2381 2148 2470 2204 καὶ
2522 2153 2602 2223 τῷ
2637 2149 2940 2222 μὲν,πόθφ
2985 2152 3064 2220 τῷ
3124 2147 3199 2211 εἷς
3267 2147 3426 2203 αὐτὸν
3484 2146 3811 2224 ἀχωρίστως

2155 2235 2301 2316 ἔχειν
2326 2238 2544 2313 αὐτοὺς,
2594 2238 2799 2314 τρόπον
2829 2236 3135 2312 κλημάτων
3193 2239 3463 2293 συνόντων
3519 2236 3685 2311 αὐτῷ,
3724 2259 3807 2293 τι·

2153 2332 2261 2383 νῶν
2287 2324 2346 2383 δὶ
2382 2327 2471 2382 καὶ
2518 2324 2785 2406 ὠφελείας
2836 2327 3002 2401 χάριν
3059 2329 3433 2399 πνευματικῆς
3492 2327 3567 2400 μὴ
3606 2324 3808 2402 βουλο-

2155 2417 2333 2490 μένων
2392 2416 2543 2479 ἐκτὸς
2602 2412 2767 2471 αὐτοῦ
2824 2416 3136 2492 τυγχάνειν,
3197 2413 3343 2471 ἀλλὰ
3399 2418 3513 2486 (80)
3568 2421 3805 2471 συνεῖναι

2150 2507 2318 2580 αὐτῷ,
2352 2505 2547 2583 ἑτέρων
2579 2502 2637 2560 δὲ
2697 2504 3050 2581 βουλομένων
3106 2505 3304 2567 ἰάσεως
3352 2509 3565 2581 τυχεῖν,
3614 2503 3805 2561 ἄλλων

2151 2595 2207 2653 δὲ
2238 2596 2577 2668 ἀκηκοότων,
2611 2593 2693 2649 ὅτι
2756 2596 2984 2670 Χριστὸς
3036 2593 3180 2667 ἥκει,
3212 2595 3300 2649 καὶ
3350 2592 3802 2665 συνεληλυθότων

2147 2686 2282 2742 κατὰ
2300 2687 2363 2741 τὸ
2421 2685 2572 2756 αὐτὸ,
2632 2679 2989 2757 ϐουλομένων
3035 2685 3319 2739 θεάσασθαι
3375 2684 3438 2739 τὸ
3488 2683 3802 2759 καινότερον

2148 2774 2341 2849 θέαμα,
2396 2773 2527 2829 Θεὸν
2578 2771 2631 2829 έν
2681 2773 2894 2846 σώματι
2942 2772 3254 2847 ἀνθρώποις
3303 2771 3801 2850 συναναστρεφόμε-

2146 2886 2259 2921 νον.
2292 2862 2389 2919 Καὶ
2421 2861 2611 2924 ἁπλῶς
2658 2862 2727 2931 ἦν
2776 2862 2984 2916 ἅπαντα
3031 2866 3206 2937 χαρᾶς
3253 2862 3491 2935 γέμοντα
3535 2864 3634 2926 τῆς
3663 2881 3800 2937 παρ-

2146 2952 2329 3015 ουσίας
2375 2956 2477 3008 τοῦ
2534 2950 2732 3026 Κυρίου
2787 2949 3084 3025 γενομένης
3119 2969 3131 2981 ⁸
3188 2949 3250 3005 οὗ
3307 2946 3355 3005 δ’
3412 2948 3473 3005 ἂν
3531 2947 3801 3026 ἐβάδιζεν,

2146 3041 2325 3117 ὥσπερ
2386 3040 2648 3118 εὐστεφὴς
2725 3036 2973 3112 ἄμπελος
3049 3036 3137 3093 διὰ
3198 3038 3293 3102 τὰς
3368 3036 3634 3114 μυριάδας
3691 3044 3800 3095 τῶν

2146 3130 2644 3206 συμπορευομένων
2702 3127 2852 3201 αὖτῷ
2880 3124 3069 3204 ὄχλων
3128 3129 3194 3199 ᾖν
3228 3127 3508 3202 ὁρώμενος
3538 3129 3697 3202 πόθῳ
3723 3126 3803 3202 τῷ

2142 3222 2281 3296 πρὸς
2312 3220 2495 3286 αὐτὸν,
2555 3219 2808 3274 ἁπάντων
2858 3218 3262 3291 συνηνωμένων
3321 3216 3487 3289 αὐτῷ.
3541 3218 3803 3293 Ἀρξαμέ-

2142 3332 2249 3365 νων
2305 3308 2364 3365 δὶ
2411 3311 2745 3385 χειμερινῶν
2789 3308 3117 3380 πνευμάτων
3169 3304 3231 3361 έκ
3284 3310 3395 3362 τῶν
3438 3307 3802 3383 ἀκρωτηρίων

376 3393 514 3450 ﬂare
544 3394 854 3465 cmpissent
884 3393 1136 3449 summis
1166 3409 1236 3448 ex
1264 3391 1505 3459 locis,ad
1541 3390 1673 3447 illos
1704 3391 2034 3464 probandos

2147 3403 2448 3476 καταφυσᾷν
2478 3397 2615 3472 πρὸς
2664 3393 2903 3469 δοκιμὴν
2945 3400 3055 3450 τῶν
3106 3396 3604 3470 συμπορευομένων
3653 3396 3799 3471 αὐτῷ

375 3481 476 3554 qui
508 3483 704 3554 ipsum
738 3482 1192 3547 comitabantur,
1225 3480 1423 3537 statim
1456 3497 1568 3537 non
1618 3480 1812 3553 pauci,
1870 3496 2025 3535 mar-

372 3570 733 3627 cescentium
789 3570 981 3627 instar
1034 3570 1290 3625 ﬁliorum
1347 3585 1418 3626 ex
1445 3568 1607 3625 vitali
1638 3569 1772 3640 vite,
1804 3569 1898 3624 cui
1929 3569 2028 3624 ad-

370 3659 787 3727 herescebant,
821 3660 1179 3716 deciderunt.
1212 3659 1444 3731 Aliique
1473 3658 1818 3732 pontiﬁcum
1844 3663 2027 3728 metu,

370 3765 445 3805 ne
475 3765 785 3823 synagoga:
814 3752 1069 3805 extorres
1097 3749 1322 3818 fierent,
1353 3749 1533 3804 vitam
1566 3765 1736 3804 suam
1779 3762 2026 3821 negave-

369 3842 531 3908 runt,
557 3840 1058 3911 quemadmodum
1090 3843 1148 3893 et
1177 3855 1332 3893 nunc
1364 3838 1482 3894 ﬁeri
1515 3838 1800 3893 videmus.
1824 3838 2024 3909 Siqui-

369 3928 522 3997 dem,
548 3932 613 3983 ut
639 3927 725 3983 illi
756 3928 918 3998 olim,
945 3927 1029 3983 sic
1055 3926 1227 3982 hodie
1258 3926 1572 4000 hypocritae
1603 3926 1871 3982 homines
1900 3926 2024 3999 glo-

365 4016 516 4072 riam
582 4023 1024 4090 persecutorum
1096 4015 1360 4073 Ecclesia;
1435 4015 1624 4089 magis
1700 4015 2027 4072 dilexerunt

366 4121 547 4178 quam
578 4106 681 4162 Dei
711 4105 1106 4179 gloriam.Alii
1122 4121 1255 4161 vero
1273 4122 1388 4161 non
1420 4105 1815 4177 intelligentes
1829 4105 2027 4161 divina

365 4200 423 4249 et
451 4193 784 4266 spiritualia
813 4196 962 4253 I75
1000 4194 1232 4251 Domini
1263 4197 1460 4266 verba,
1486 4199 1805 4251 retrorsum
1863 4194 2025 4251 abie-

366 4289 818 4358 runt;reumque
845 4290 902 4341 et
930 4284 1357 4356 vituperatione
1387 4282 1633 4356 dignum
1665 4300 1794 4340 esse
1823 4284 2023 4340 existi-

365 4378 597 4430 mantes
625 4373 1055 4432 benefactorem
1089 4390 1288 4443 suum,
1319 4373 1443 4429 haec
1474 4373 1603 4428 ausi
1645 4377 1784 4428 sunt
1839 4372 2023 4445 loqui,

366 4461 541 4526 «Quis
572 4468 766 4536 potest
792 4479 927 4521 eum
955 4462 1161 4519 audire
1189 4462 1419 4519 “‘InHos
1449 4478 1593 4518 sane
1625 4468 1826 4518 nostra
1855 4468 2025 4519 state

362 4551 736 4625 aemulantur,
769 4553 867 4625 qui
896 4552 1201 4609 veritatem
1232 4552 1399 4625 sequi
1433 4556 1739 4619 recusant;
1772 4567 1839 4607 eo
1866 4552 2022 4623 quod

359 4640 770 4697 tribulationes
791 4644 850 4698 et
864 4640 1219 4697 tentationes
1248 4640 1423 4696 ﬁdem
1452 4639 1646 4712 ipsam
1674 4644 2020 4712 sequantur.

2138 3487 2327 3564 ὄχλων
2361 3530 2377 3559 ,
2411 3486 2620 3561 ἀθρόως
2648 3482 2876 3563 φύλλων
2909 3481 3077 3561 δίχην
3113 3485 3534 3559 μαραινομένων
3555 3531 3569 3555 ,
3601 3485 3793 3541 ἀπέπι-

2136 3598 2270 3633 πτον
2302 3574 2403 3631 οὐκ
2459 3573 2660 3649 ὀλίγοι,
2717 3573 2782 3649 ἧς
2840 3571 3058 3648 εἴχοντο
3106 3571 3361 3647 ἀμπέλου
3415 3576 3669 3644 ζωτικῆς,
3701 3575 3791 3629 καὶ

2134 3671 2245 3722 τῶν
2279 3666 2376 3739 μὲν
2409 3667 2523 3739 (81)
2568 3661 2658 3719 διὰ
2686 3659 2856 3742 φόϐον
2904 3667 3013 3718 τῶν
3045 3664 3345 3740 ἀρχιερέων
3379 3710 3394 3735 ,
3420 3661 3511 3718 ’ίνα
3543 3662 3619 3735 μή
3651 3662 3785 3716 ἀπο-

2136 3755 2437 3829 συνάγωγοι
2466 3753 2719 3829 γένωται,
2754 3751 3157 3828 ἐξαρνουμένων
3203 3753 3305 3822 τήν
3352 3752 3552 3807 ἑαυτῶν
3612 3752 3779 3821 ζωὴν,

2136 3843 2317 3918 ὥσπερ
2350 3843 2439 3898 καὶ
2486 3847 2578 3897 νῦν
2609 3843 2826 3917 ὁρῶμεν
2873 3843 3136 3915 γινόμενα
3186 3845 3253 3897 τὰ
3299 3841 3431 3897 αὖτὰ
3478 3841 3788 3916 πράγματα’

2134 3934 2425 4008 ἠγάπησαν
2454 3931 2578 4006 γὰρ,
2611 3932 2685 3992 ὡς
2742 3931 2793 3986 οἱ
2841 3931 2983 4000 τότε,
3035 3931 3125 3986 καὶ
3173 3935 3265 3986 νῦν
3307 3934 3407 3996 τῆς
3459 3929 3796 4005 ὑποκρίσεως

2135 4020 2412 4096 ἄνθρωποι
2467 4022 2569 4090 τήν
2628 4017 2785 4091 δόξαν
2843 4025 2952 4075 τῶν
3006 4017 3254 4075 διωκτῶν
3308 4025 3408 4087 τῆς
3467 4018 3793 4091 Ἐκκλησίας

2136 4112 2266 4187 ὑπὲρ
2297 4113 2398 4181 τὴν
2431 4107 2588 4184 δόξαν
2634 4114 2731 4165 τοῦ
2779 4113 2914 4165 Θεοῦ
2945 4107 3160 4165 ε’ίλοντο
3196 4105 3222 4143 ”
3245 4109 3441 4185 ἐτέρων
3474 4106 3532 4165 δὲ
3568 4110 3645 4183 μή
3678 4130 3800 4164 συνο

2135 4200 2473 4273 αισθομένων
2521 4203 2631 4254 τῶν
2702 4197 2863 4253 θείων
2920 4198 3009 4255 καὶ
3067 4203 3451 4272 πνευματικῶν
3529 4196 3795 4273 ῥημάτων

2130 4293 2229 4344 τοῦ
2262 4287 2464 4362 Κυρίου
2513 4287 2589 4349 εἷς
2634 4288 2702 4342 τὰ
2752 4285 2928 4341 ὀπίσω
2974 4285 3409 4364 έπιστραφέντων
3441 4329 3458 4352 ,
3510 4284 3685 4340 αἷτίαν
3714 4283 3795 4358 τῷ

2133 4376 2381 4452 εὐεργέτῃ
2441 4375 2529 4431 καὶ
2587 4376 2761 4451 ψόγον
2818 4375 3216 4451 προσαψάντων
3251 4418 3265 4442 ,
3325 4374 3417 4429 καὶ
3476 4370 3747 4447 λεγόντων
3776 4418 3791 4440 ,

2134 4489 2163 4518 ‹‹
2208 4464 2300 4527 Τίς
2349 4463 2568 4520 δύναται
2618 4464 2783 4520 αὐτοῦ
2834 4464 3047 4520 ἀκούειν
3082 4481 3095 4531 ;
3132 4486 3161 4516 ››
3191 4464 3363 4535 ’Ὁπερ
3411 4460 3502 4516 καὶ
3556 4459 3644 4515 ἰπὶ
3691 4463 3789 4515 τοῦ

2133 4555 2404 4630 ἡμετέρου
2441 4558 2635 4628 καιροῦ
2678 4553 3015 4628 πράττουσι
3055 4552 3109 4607 οἳ
3162 4551 3239 4625 μὴ
3292 4548 3622 4627 βουλόμενοι
3663 4568 3788 4602 συν-

2132 4640 2338 4699 οδεύειν
2411 4646 2480 4717 τῇ
2557 4642 2836 4717 ἀληθείᾳ,
2901 4638 2992 4697 διὰ
3038 4640 3102 4697 τὸ
3176 4640 3507 4716 παρέπεσθαι
3573 4635 3789 4712 θλίψεις

360 4730 543 4785 Aiunt
564 4729 720 4785 enim
751 4729 889 4803 ipsi,
911 4730 1053 4796 Quis
1085 4729 1271 4802 possit.
1300 4729 1612 4785 observare
1643 4728 2015 4786 traditionem

2147 4731 2219 4787 ιαὶ
2274 4734 2602 4808 πειρατήρια
2654 4735 2725 4805 τῇ
2783 4731 2994 4789 πίστει.
3053 4729 3194 4787 Φασί
3248 4730 3372 4806 γὰρ,
3427 4728 3515 4791 Τίς
3569 4725 3788 4782 δύναται

361 4819 776 4876 mandatorum
807 4818 1036 4875 Domini
1069 4824 1127 4875 et
1154 4818 1335 4875 ﬁdei?

429 4999 519 5055 35.
553 4997 718 5053 Judsa
749 5003 1028 5071 praeterea
1057 4997 1465 5054 inﬁdelitatem
1516 4998 1788 5070 patefecit
1843 4997 2015 5054 vehe-

358 5089 582 5146 mentia
610 5087 1074 5161 hiemiszquales
1106 5103 1264 5143 nunc
1293 5103 1356 5142 se
1386 5086 1663 5143 exhibent
1691 5087 1778 5142 illi
1810 5086 2017 5142 mundi

2131 4819 2363 4899 φυλάξαι
2394 4822 2494 4890 τὴν
2546 4818 2850 4896 παράδοσιν
2897 4824 3009 4877 τῶν
3060 4819 3300 4876 ἐντολῶν
3339 4823 3437 4875 τοῦ
3468 4816 3671 4892 Κυρίου
3699 4815 3789 4871 καὶ

2125 4914 2228 4976 τῆς
2258 4910 2490 4972 πίστεως
2526 4928 2541 4979 ;

2197 5001 2286 5056 35.
2320 5000 2440 5053 Ἔτι
2477 4998 2585 5071 μὴν
2633 4996 2723 5054 καὶ
2771 4999 2873 5067 τήν
2925 4997 3175 5052 ἀπιστίαν
3223 5001 3320 5051 τοῦ
3371 4992 3547 5052 Ἰούδά
3577 4994 3613 5062 ἠ
3658 5010 3790 5070 σφυ-

2128 5084 2327 5162 δρότης
2355 5091 2453 5142 τοῦ
2483 5091 2765 5162 χειμῶνος
2796 5085 3045 5161 ἤλεγξεν,
3078 5086 3152 5146 ὡς
3197 5084 3286 5139 καὶ
3332 5088 3448 5153 νῦν,
3498 5080 3655 5161 φιλίᾳ
3700 5082 3792 5136 κό·

356 5179 538 5251 hujus
566 5177 872 5250 amici,qui
903 5193 1037 5233 cum
1060 5185 1230 5234 antea
1254 5175 1472 5232 Christi
1493 5181 1691 5232 essent
1716 5175 2013 5248 discipuli,

2147 5197 2267 5250 ιμου
2320 5176 2677 5251 κρατηθέντες
2709 5174 2763 5231 οἵ
2790 5195 2923 5232 ποτε
2981 5173 3220 5249 μαθηταὶ
3278 5167 3428 5234 ὄντες
3484 5170 3574 5226 καὶ
3633 5168 3787 5248 φίλοι

357 5267 532 5324 amici
580 5272 639 5324 et
694 5267 964 5336 comites,
1004 5264 1289 5322 neiandas
1320 5265 1575 5337 synodos
1606 5265 1888 5322 adversus
1913 5264 2015 5321 Je-

430 5429 477 5465 ⁸⁵
501 5427 673 5487 Joan.
704 5445 782 5499 v1,
815 5430 907 5485 61.

450 5601 544 5677 ‘19)
574 5602 744 5677 ᾼρερ
777 5600 1118 5677 avarissim-

574 5603 1185 5745 ἓίθεέίθὲναῗῐίρξῆῗέόῑ
1211 5670 1388 5728 editis
1417 5670 1582 5755 deest
1610 5664 1774 5727 ἀλλά.

450 5744 516 5800 81
574 5746 712 5816 Reg.
742 5743 834 5797 καὶ
866 5743 919 5797 oi
953 5744 1070 5817 μέν,
1093 5749 1152 5801 et
1179 5761 1333 5817 mox,
1357 5741 1678 5818 ἐξηρνουντο
1705 5743 1774 5815 τὴ

450 5741 545 5818 81)
574 5746 712 5816 Reg.
742 5741 834 5797 καὶ
866 5743 919 5797 ci
953 5744 1070 5817 μέν,
1093 5749 1152 5801 et
1179 5761 1333 5817 mox,
1357 5741 1678 5820 ἐξηρνοῦντο
1705 5743 1806 5815 τὴν
1838 5741 2015 5799 αὐτων

2123 5265 2212 5322 καὶ
2245 5263 2632 5341 συνοδοιπόροι
2691 5270 2788 5321 τοῦ
2834 5265 3097 5339 Χριστοῦ,
3126 5260 3263 5318 κατᾶ
3316 5263 3414 5315 τοῦ
3461 5261 3640 5332 Ἰησοῦ
3670 5279 3792 5316 συν-

2128 5603 2294 5677 ζωήν,
2325 5605 2383 5659 et
2404 5602 2587 5677 paulo
2634 5606 2789 5676 post,
2835 5596 3020 5677 ἕτεροιΔ
3063 5593 3123 5654 δὲ
3172 5596 3248 5673 μὴ
3266 5594 3786 5677 -συναισθόμενοιη,

2126 5668 2609 5751 ῖπιστραφέντες...
2634 5668 2937 5751 τιτροῆψωῑ
2965 5668 3241 5748 λέγοντες,
3263 5668 3376 5742 Τίς,
3403 5675 3513 5729 etc.
