  <div class='ocr_page' id='page_1' title='image "/cluster/home/n/w/nwhite01/storage/ocr_20150623/28:no.4/coo.31924054873090/256.png"; bbox 0 0 4170 6356; ppageno 0'>
   <div class='ocr_carea' id='block_1_1' title="bbox 356 389 474 452">
    <p class='ocr_par' dir='ltr' id='par_1_1' title="bbox 356 389 474 452">
     <span class='ocr_line' id='line_1_1' title="bbox 356 389 474 452; baseline 0 -1"><span class='ocrx_word' id='word_1_1' title='bbox 356 389 474 452; x_wconf 68' lang='grc'>485</span> 
     </span>
    </p>
   </div>
   <div class='ocr_carea' id='block_1_2' title="bbox 1495 375 2660 447">
    <p class='ocr_par' dir='ltr' id='par_1_2' title="bbox 1495 375 2660 447">
     <span class='ocr_line' id='line_1_2' title="bbox 1495 375 2660 447; baseline -0.003 -2"><span class='ocrx_word' id='word_1_2' title='bbox 1495 375 1969 446; x_wconf 81' lang='lat' dir='ltr'>DISPUTATIO</span> <span class='ocrx_word' id='word_1_3' title='bbox 2016 379 2329 444; x_wconf 82' lang='lat' dir='ltr'>CONTRA</span> <span class='ocrx_word' id='word_1_4' title='bbox 2383 387 2425 444; x_wconf 83' lang='lat' dir='ltr'><strong>A</strong></span> <span class='ocrx_word' id='word_1_5' title='bbox 2439 382 2660 447; x_wconf 81' lang='lat' dir='ltr'>RlUM.</span> 
     </span>
    </p>
   </div>
   <div class='ocr_carea' id='block_1_3' title="bbox 3677 389 3799 453">
    <p class='ocr_par' dir='ltr' id='par_1_3' title="bbox 3677 389 3799 453">
     <span class='ocr_line' id='line_1_3' title="bbox 3677 389 3799 453; baseline 0.033 -4"><span class='ocrx_word' id='word_1_6' title='bbox 3677 389 3799 453; x_wconf 82' lang='grc'>486</span> 
     </span>
    </p>
   </div>
   <div class='ocr_carea' id='block_1_4' title="bbox 357 513 2012 598">
    <p class='ocr_par' dir='ltr' id='par_1_4' title="bbox 357 513 2012 598">
     <span class='ocr_line' id='line_1_4' title="bbox 357 513 2012 598; baseline -0.005 -20"><span class='ocrx_word' id='word_1_7' title='bbox 357 521 517 586; x_wconf 81' lang='grc' dir='ltr'>ὁδους</span> <span class='ocrx_word' id='word_1_8' title='bbox 552 524 843 598; x_wconf 85' lang='grc' dir='ltr'>ἀθεμιτους</span> <span class='ocrx_word' id='word_1_9' title='bbox 893 522 1276 596; x_wconf 68' lang='grc' dir='ltr'>συγκρατοῦσιν</span> <span class='ocrx_word' id='word_1_10' title='bbox 1328 517 1379 572; x_wconf 76' lang='grc' dir='ltr'>οἰ</span> <span class='ocrx_word' id='word_1_11' title='bbox 1437 517 1527 572; x_wconf 87' lang='grc' dir='ltr'>καὶ</span> <span class='ocrx_word' id='word_1_12' title='bbox 1583 516 1645 571; x_wconf 82' lang='grc' dir='ltr'>τὸ</span> <span class='ocrx_word' id='word_1_13' title='bbox 1704 513 2012 594; x_wconf 73' lang='grc' dir='ltr'>γαζοφυλά-</span> 
     </span>
    </p>
   </div>
   <div class='ocr_carea' id='block_1_5' title="bbox 2124 513 3798 598">
    <p class='ocr_par' dir='ltr' id='par_1_5' title="bbox 2130 520 3798 596">
     <span class='ocr_line' id='line_1_5' title="bbox 2130 520 3798 596; baseline 0.005 -24"><span class='ocrx_word' id='word_1_14' title='bbox 2130 534 2264 573; x_wconf 90' lang='lat' dir='ltr'>sum</span> <span class='ocrx_word' id='word_1_15' title='bbox 2299 525 2679 591; x_wconf 79' lang='lat' dir='ltr'>congregant,</span> <span class='ocrx_word' id='word_1_16' title='bbox 2707 520 2922 592; x_wconf 81' lang='lat' dir='ltr'>quibus</span> <span class='ocrx_word' id='word_1_17' title='bbox 2953 524 3009 575; x_wconf 87' lang='lat' dir='ltr'>et</span> <span class='ocrx_word' id='word_1_18' title='bbox 3039 536 3180 576; x_wconf 90' lang='lat' dir='ltr'>cura</span> <span class='ocrx_word' id='word_1_19' title='bbox 3209 521 3608 596; x_wconf 84' lang='lat' dir='ltr'>gazophylacii</span> <span class='ocrx_word' id='word_1_20' title='bbox 3635 542 3798 581; x_wconf 90' lang='lat' dir='ltr'>com-</span> 
     </span>
    </p>
   </div>
   <div class='ocr_carea' id='block_1_6' title="bbox 355 606 2021 682">
    <p class='ocr_par' dir='ltr' id='par_1_6' title="bbox 355 606 2021 682">
     <span class='ocr_line' id='line_1_6' title="bbox 355 606 2021 682; baseline -0.006 -14"><span class='ocrx_word' id='word_1_21' title='bbox 355 634 473 668; x_wconf 88' lang='grc' dir='ltr'>κιον</span> <span class='ocrx_word' id='word_1_22' title='bbox 506 615 900 674; x_wconf 86' lang='grc' dir='ltr'>πιστευθέντες.</span> <span class='ocrx_word' id='word_1_23' title='bbox 935 609 1051 667; x_wconf 79' lang='grc' dir='ltr'>Οὐκ</span> <span class='ocrx_word' id='word_1_24' title='bbox 1106 608 1294 682; x_wconf 79' lang='grc' dir='ltr'>ἠγνόει</span> <span class='ocrx_word' id='word_1_25' title='bbox 1351 607 1526 661; x_wconf 83' lang='grc' dir='ltr'>αὐτῶν</span> <span class='ocrx_word' id='word_1_26' title='bbox 1557 607 1654 675; x_wconf 68' lang='grc' dir='ltr'>τὴν</span> <span class='ocrx_word' id='word_1_27' title='bbox 1693 606 2021 679; x_wconf 82' lang='grc' dir='ltr'>σαθρότητα,</span> 
     </span>
    </p>
   </div>
   <div class='ocr_carea' id='block_1_7' title="bbox 357 693 2020 778">
    <p class='ocr_par' dir='ltr' id='par_1_7' title="bbox 357 693 2020 778">
     <span class='ocr_line' id='line_1_7' title="bbox 357 693 2020 778; baseline -0.006 -21"><span class='ocrx_word' id='word_1_28' title='bbox 357 701 604 758; x_wconf 74' lang='grc' dir='ltr'>ἀλλ”ίνα</span> <span class='ocrx_word' id='word_1_29' title='bbox 634 700 1016 778; x_wconf 78' lang='grc' dir='ltr'>παρασκευάσῃ</span> <span class='ocrx_word' id='word_1_30' title='bbox 1081 697 1277 758; x_wconf 75' lang='grc' dir='ltr'>αὐτοὺς</span> <span class='ocrx_word' id='word_1_31' title='bbox 1314 696 1380 750; x_wconf 76' lang='grc' dir='ltr'>τὰ</span> <span class='ocrx_word' id='word_1_32' title='bbox 1439 696 1739 750; x_wconf 74' lang='grc' dir='ltr'>Δεσποτικα</span> <span class='ocrx_word' id='word_1_33' title='bbox 1796 693 2020 769; x_wconf 80' lang='grc' dir='ltr'>χρωμέ-</span> 
     </span>
    </p>
   </div>
   <div class='ocr_carea' id='block_1_8' title="bbox 355 784 2022 865">
    <p class='ocr_par' dir='ltr' id='par_1_8' title="bbox 355 784 2022 865">
     <span class='ocr_line' id='line_1_8' title="bbox 355 784 2022 865; baseline -0.005 -19"><span class='ocrx_word' id='word_1_34' title='bbox 355 813 486 854; x_wconf 89' lang='grc' dir='ltr'>νους</span> <span class='ocrx_word' id='word_1_35' title='bbox 537 790 926 865; x_wconf 73' lang='grc' dir='ltr'>ἐτοιμοτάτους</span> <span class='ocrx_word' id='word_1_36' title='bbox 957 790 1072 863; x_wconf 82' lang='grc'>(82)</span> <span class='ocrx_word' id='word_1_37' title='bbox 1103 789 1235 842; x_wconf 81' lang='grc' dir='ltr'>εἴναι</span> <span class='ocrx_word' id='word_1_38' title='bbox 1300 787 1428 860; x_wconf 73' lang='grc' dir='ltr'>ὑπὲρ</span> <span class='ocrx_word' id='word_1_39' title='bbox 1460 791 1556 840; x_wconf 76' lang='grc' dir='ltr'>τοῦ</span> <span class='ocrx_word' id='word_1_40' title='bbox 1612 784 1882 840; x_wconf 80' lang='grc' dir='ltr'>Δεσπότου</span> <span class='ocrx_word' id='word_1_41' title='bbox 1933 784 2022 838; x_wconf 85' lang='grc' dir='ltr'>ἀν-</span> 
     </span>
    </p>
   </div>
   <div class='ocr_carea' id='block_1_9' title="bbox 359 873 2023 956">
    <p class='ocr_par' dir='ltr' id='par_1_9' title="bbox 359 873 2023 956">
     <span class='ocr_line' id='line_1_9' title="bbox 359 873 2023 956; baseline -0.007 -20"><span class='ocrx_word' id='word_1_42' title='bbox 359 878 654 956; x_wconf 80' lang='grc' dir='ltr'>δρίζεσθαι,</span> <span class='ocrx_word' id='word_1_43' title='bbox 684 882 718 950; x_wconf 86' lang='grc' dir='ltr'>ἣ</span> <span class='ocrx_word' id='word_1_44' title='bbox 747 879 884 935; x_wconf 77' lang='grc' dir='ltr'>κατὰ</span> <span class='ocrx_word' id='word_1_45' title='bbox 931 882 1028 933; x_wconf 80' lang='grc' dir='ltr'>τοῦ</span> <span class='ocrx_word' id='word_1_46' title='bbox 1091 873 1359 952; x_wconf 86' lang='grc' dir='ltr'>βασιλέως</span> <span class='ocrx_word' id='word_1_47' title='bbox 1417 874 1593 929; x_wconf 79' lang='grc' dir='ltr'>αὐτῶν</span> <span class='ocrx_word' id='word_1_48' title='bbox 1643 874 2023 950; x_wconf 85' lang='grc' dir='ltr'>στρατεύεσθαι</span> 
     </span>
    </p>
   </div>
   <div class='ocr_carea' id='block_1_10' title="bbox 357 963 2022 1049">
    <p class='ocr_par' dir='ltr' id='par_1_10' title="bbox 357 963 2022 1049">
     <span class='ocr_line' id='line_1_10' title="bbox 357 963 2022 1049; baseline -0.006 -24"><span class='ocrx_word' id='word_1_49' title='bbox 357 971 624 1049; x_wconf 64' lang='grc' dir='ltr'>προφάσει</span> <span class='ocrx_word' id='word_1_50' title='bbox 685 968 876 1048; x_wconf 79' lang='grc' dir='ltr'>φιλίας</span> <span class='ocrx_word' id='word_1_51' title='bbox 933 972 1230 1039; x_wconf 76' lang='grc' dir='ltr'>κοσμικῆς.</span> <span class='ocrx_word' id='word_1_52' title='bbox 1273 965 1339 1022; x_wconf 74' lang='grc' dir='ltr'>Οἱ</span> <span class='ocrx_word' id='word_1_53' title='bbox 1397 969 1660 1034; x_wconf 74' lang='grc' dir='ltr'>τοιοῦτοι,</span> <span class='ocrx_word' id='word_1_54' title='bbox 1721 963 2022 1034; x_wconf 72' lang='grc' dir='ltr'>κλημάτων</span> 
     </span>
    </p>
   </div>
   <div class='ocr_carea' id='block_1_11' title="bbox 360 1052 2024 1134">
    <p class='ocr_par' dir='ltr' id='par_1_11' title="bbox 360 1052 2024 1134">
     <span class='ocr_line' id='line_1_11' title="bbox 360 1052 2024 1134; baseline -0.005 -21"><span class='ocrx_word' id='word_1_55' title='bbox 360 1056 518 1131; x_wconf 82' lang='grc' dir='ltr'>δίκην</span> <span class='ocrx_word' id='word_1_56' title='bbox 555 1057 914 1134; x_wconf 75' lang='grc' dir='ltr'>ἀγενεστάτων</span> <span class='ocrx_word' id='word_1_57' title='bbox 975 1056 1065 1111; x_wconf 86' lang='grc' dir='ltr'>καὶ</span> <span class='ocrx_word' id='word_1_58' title='bbox 1120 1054 1376 1128; x_wconf 79' lang='grc' dir='ltr'>ἀκάρπων</span> <span class='ocrx_word' id='word_1_59' title='bbox 1412 1052 1724 1128; x_wconf 72' lang='grc' dir='ltr'>ἐπέχοντες,</span> <span class='ocrx_word' id='word_1_60' title='bbox 1755 1052 2024 1126; x_wconf 88' lang='grc' dir='ltr'>τεμνόμε-</span> 
     </span>
    </p>
   </div>
   <div class='ocr_carea' id='block_1_12' title="bbox 359 1138 2027 1224">
    <p class='ocr_par' dir='ltr' id='par_1_12' title="bbox 359 1138 2027 1224">
     <span class='ocr_line' id='line_1_12' title="bbox 359 1138 2027 1224; baseline -0.005 -22"><span class='ocrx_word' id='word_1_61' title='bbox 359 1169 442 1202; x_wconf 89' lang='grc' dir='ltr'>νοι</span> <span class='ocrx_word' id='word_1_62' title='bbox 477 1146 533 1203; x_wconf 75' lang='grc' dir='ltr'>δὲ</span> <span class='ocrx_word' id='word_1_63' title='bbox 562 1148 698 1224; x_wconf 88' lang='grc' dir='ltr'>πρὸς</span> <span class='ocrx_word' id='word_1_64' title='bbox 731 1152 828 1202; x_wconf 78' lang='grc' dir='ltr'>τοῦ</span> <span class='ocrx_word' id='word_1_65' title='bbox 887 1148 1154 1222; x_wconf 77' lang='grc' dir='ltr'>γεωργοῦ,</span> <span class='ocrx_word' id='word_1_66' title='bbox 1185 1138 1521 1218; x_wconf 88' lang='grc' dir='ltr'>κατάϐρωμα</span> <span class='ocrx_word' id='word_1_67' title='bbox 1578 1142 1748 1216; x_wconf 83' lang='grc' dir='ltr'>πυρὸς</span> <span class='ocrx_word' id='word_1_68' title='bbox 1805 1139 2027 1195; x_wconf 67' lang='grc' dir='ltr'>αἰωνίου</span> 
     </span>
    </p>
   </div>
   <div class='ocr_carea' id='block_1_13' title="bbox 362 1229 2025 1313">
    <p class='ocr_par' dir='ltr' id='par_1_13' title="bbox 362 1229 2025 1313">
     <span class='ocr_line' id='line_1_13' title="bbox 362 1229 2025 1313; baseline -0.005 -22"><span class='ocrx_word' id='word_1_69' title='bbox 362 1238 625 1313; x_wconf 87' lang='grc' dir='ltr'>γίνονται.</span> <span class='ocrx_word' id='word_1_70' title='bbox 661 1241 853 1311; x_wconf 85' lang='grc' dir='ltr'>’Όμως</span> <span class='ocrx_word' id='word_1_71' title='bbox 884 1240 993 1290; x_wconf 87' lang='grc' dir='ltr'>τῶν</span> <span class='ocrx_word' id='word_1_72' title='bbox 1027 1233 1320 1309; x_wconf 83' lang='grc' dir='ltr'>χειμώνων</span> <span class='ocrx_word' id='word_1_73' title='bbox 1381 1231 1466 1287; x_wconf 77' lang='grc' dir='ltr'>ἐπὶ</span> <span class='ocrx_word' id='word_1_74' title='bbox 1525 1231 1669 1287; x_wconf 78' lang='grc' dir='ltr'>πολὺ</span> <span class='ocrx_word' id='word_1_75' title='bbox 1714 1229 2025 1306; x_wconf 89' lang='grc' dir='ltr'>προσπελα-</span> 
     </span>
    </p>
   </div>
   <div class='ocr_carea' id='block_1_14' title="bbox 369 1318 2029 1399">
    <p class='ocr_par' dir='ltr' id='par_1_14' title="bbox 369 1318 2029 1399">
     <span class='ocr_line' id='line_1_14' title="bbox 369 1318 2029 1399; baseline -0.003 -21"><span class='ocrx_word' id='word_1_76' title='bbox 369 1327 575 1380; x_wconf 89' lang='grc' dir='ltr'>σάντων</span> <span class='ocrx_word' id='word_1_77' title='bbox 605 1329 675 1399; x_wconf 74' lang='grc' dir='ltr'>τῇ</span> <span class='ocrx_word' id='word_1_78' title='bbox 708 1325 942 1398; x_wconf 75' lang='grc' dir='ltr'>ἀληθινῇ</span> <span class='ocrx_word' id='word_1_79' title='bbox 1003 1321 1260 1395; x_wconf 83' lang='grc' dir='ltr'>ἀμπέλῳ,</span> <span class='ocrx_word' id='word_1_80' title='bbox 1297 1321 1439 1396; x_wconf 84' lang='grc' dir='ltr'>λέγω</span> <span class='ocrx_word' id='word_1_81' title='bbox 1471 1318 1538 1388; x_wconf 75' lang='grc' dir='ltr'>δὴ</span> <span class='ocrx_word' id='word_1_82' title='bbox 1565 1325 1646 1392; x_wconf 80' lang='grc' dir='ltr'>τῷ</span> <span class='ocrx_word' id='word_1_83' title='bbox 1679 1319 1862 1396; x_wconf 82' lang='grc' dir='ltr'>Κυρίῳ</span> <span class='ocrx_word' id='word_1_84' title='bbox 1914 1319 2029 1389; x_wconf 84' lang='grc' dir='ltr'>Ἰη-</span> 
     </span>
    </p>
   </div>
   <div class='ocr_carea' id='block_1_15' title="bbox 370 1409 2028 1490">
    <p class='ocr_par' dir='ltr' id='par_1_15' title="bbox 370 1409 2028 1490">
     <span class='ocr_line' id='line_1_15' title="bbox 370 1409 2028 1490; baseline -0.004 -21"><span class='ocrx_word' id='word_1_85' title='bbox 370 1418 488 1482; x_wconf 78' lang='grc' dir='ltr'>σοῦ,</span> <span class='ocrx_word' id='word_1_86' title='bbox 525 1415 600 1482; x_wconf 72' lang='grc' dir='ltr'>πῆ</span> <span class='ocrx_word' id='word_1_87' title='bbox 632 1415 725 1487; x_wconf 70' lang='grc' dir='ltr'>μὲν</span> <span class='ocrx_word' id='word_1_88' title='bbox 762 1411 1113 1490; x_wconf 70' lang='grc' dir='ltr'>βουλομένων</span> <span class='ocrx_word' id='word_1_89' title='bbox 1150 1409 1369 1466; x_wconf 76' lang='grc' dir='ltr'>λιθάσαι</span> <span class='ocrx_word' id='word_1_90' title='bbox 1552 1409 1710 1464; x_wconf 79' lang='grc' dir='ltr'>αὐτὸν</span> <span class='ocrx_word' id='word_1_91' title='bbox 1767 1415 2028 1482; x_wconf 85' lang='grc' dir='ltr'>Γραμμα-</span> 
     </span>
    </p>
   </div>
   <div class='ocr_carea' id='block_1_16' title="bbox 367 1495 2029 1577">
    <p class='ocr_par' dir='ltr' id='par_1_16' title="bbox 367 1495 2029 1577">
     <span class='ocr_line' id='line_1_16' title="bbox 367 1495 2029 1577; baseline -0.003 -19"><span class='ocrx_word' id='word_1_92' title='bbox 367 1504 506 1558; x_wconf 80' lang='grc' dir='ltr'>τέων</span> <span class='ocrx_word' id='word_1_93' title='bbox 563 1525 622 1558; x_wconf 89' lang='grc' dir='ltr'>τε</span> <span class='ocrx_word' id='word_1_94' title='bbox 669 1505 758 1558; x_wconf 78' lang='grc' dir='ltr'>καὶ</span> <span class='ocrx_word' id='word_1_95' title='bbox 819 1501 1147 1577; x_wconf 83' lang='grc' dir='ltr'>Φαρισαίων·</span> <span class='ocrx_word' id='word_1_96' title='bbox 1186 1495 1515 1577; x_wconf 75' lang='grc' dir='ltr'>φοϐηθέντες</span> <span class='ocrx_word' id='word_1_97' title='bbox 1573 1496 1630 1554; x_wconf 75' lang='grc' dir='ltr'>δὲ</span> <span class='ocrx_word' id='word_1_98' title='bbox 1693 1500 1769 1572; x_wconf 78' lang='grc' dir='ltr'>μὴ</span> <span class='ocrx_word' id='word_1_99' title='bbox 1819 1499 2029 1574; x_wconf 84' lang='grc' dir='ltr'>ἀναιρε-</span> 
     </span>
    </p>
   </div>
   <div class='ocr_carea' id='block_1_17' title="bbox 370 1585 2030 1668">
    <p class='ocr_par' dir='ltr' id='par_1_17' title="bbox 370 1585 2030 1668">
     <span class='ocr_line' id='line_1_17' title="bbox 370 1585 2030 1668; baseline -0.004 -21"><span class='ocrx_word' id='word_1_100' title='bbox 370 1595 504 1648; x_wconf 89' lang='grc' dir='ltr'>θῶσι</span> <span class='ocrx_word' id='word_1_101' title='bbox 562 1593 699 1668; x_wconf 88' lang='grc' dir='ltr'>πρὸς</span> <span class='ocrx_word' id='word_1_102' title='bbox 755 1597 862 1646; x_wconf 84' lang='grc' dir='ltr'>τῶν</span> <span class='ocrx_word' id='word_1_103' title='bbox 920 1587 1106 1665; x_wconf 79' lang='grc' dir='ltr'>ὄχλων</span> <span class='ocrx_word' id='word_1_104' title='bbox 1166 1593 1274 1643; x_wconf 88' lang='grc' dir='ltr'>τῶν</span> <span class='ocrx_word' id='word_1_105' title='bbox 1323 1589 1416 1644; x_wconf 88' lang='grc' dir='ltr'>τὸν</span> <span class='ocrx_word' id='word_1_106' title='bbox 1450 1589 1643 1662; x_wconf 82' lang='grc' dir='ltr'>Κύριον</span> <span class='ocrx_word' id='word_1_107' title='bbox 1705 1585 2030 1666; x_wconf 73' lang='grc' dir='ltr'>φιλούντων,</span> 
     </span>
    </p>
   </div>
   <div class='ocr_carea' id='block_1_18' title="bbox 368 1672 2030 1754">
    <p class='ocr_par' dir='ltr' id='par_1_18' title="bbox 368 1672 2030 1754">
     <span class='ocr_line' id='line_1_18' title="bbox 368 1672 2030 1754; baseline -0.004 -18"><span class='ocrx_word' id='word_1_108' title='bbox 368 1681 687 1736; x_wconf 78' lang='grc' dir='ltr'>ἐπαύσαντο·</span> <span class='ocrx_word' id='word_1_109' title='bbox 747 1681 824 1748; x_wconf 82' lang='grc' dir='ltr'>πὴ</span> <span class='ocrx_word' id='word_1_110' title='bbox 889 1677 946 1734; x_wconf 77' lang='grc' dir='ltr'>δὲ</span> <span class='ocrx_word' id='word_1_111' title='bbox 1004 1678 1357 1754; x_wconf 70' lang='grc' dir='ltr'>βουλομένων</span> <span class='ocrx_word' id='word_1_112' title='bbox 1430 1672 1792 1733; x_wconf 89' lang='grc' dir='ltr'>συλλαϐέσθαι</span> <span class='ocrx_word' id='word_1_113' title='bbox 1847 1677 2030 1749; x_wconf 75' lang='grc' dir='ltr'>αὐτὸν,</span> 
     </span>
    </p>
   </div>
   <div class='ocr_carea' id='block_1_19' title="bbox 363 1765 2032 1843">
    <p class='ocr_par' dir='ltr' id='par_1_19' title="bbox 363 1765 2032 1843">
     <span class='ocr_line' id='line_1_19' title="bbox 363 1765 2032 1843; baseline -0.003 -18"><span class='ocrx_word' id='word_1_114' title='bbox 363 1770 455 1825; x_wconf 81' lang='grc' dir='ltr'>καί</span> <span class='ocrx_word' id='word_1_115' title='bbox 514 1774 610 1824; x_wconf 75' lang='grc' dir='ltr'>τοῦ</span> <span class='ocrx_word' id='word_1_116' title='bbox 671 1771 852 1840; x_wconf 86' lang='grc' dir='ltr'>Ἰησοῦ</span> <span class='ocrx_word' id='word_1_117' title='bbox 913 1769 988 1842; x_wconf 74' lang='grc' dir='ltr'>μή</span> <span class='ocrx_word' id='word_1_118' title='bbox 1039 1769 1504 1843; x_wconf 76' lang='grc' dir='ltr'>συγχωρήσαντος</span> <span class='ocrx_word' id='word_1_119' title='bbox 1536 1765 1732 1828; x_wconf 78' lang='grc' dir='ltr'>αὐτοὺς</span> <span class='ocrx_word' id='word_1_120' title='bbox 1761 1772 2032 1841; x_wconf 85' lang='grc' dir='ltr'>κρατῆσαι</span> 
     </span>
    </p>
   </div>
   <div class='ocr_carea' id='block_1_20' title="bbox 362 1854 2032 1934">
    <p class='ocr_par' dir='ltr' id='par_1_20' title="bbox 362 1854 2032 1934">
     <span class='ocr_line' id='line_1_20' title="bbox 362 1854 2032 1934; baseline -0.002 -21"><span class='ocrx_word' id='word_1_121' title='bbox 362 1858 548 1930; x_wconf 77' lang='grc' dir='ltr'>αὐτὸν,</span> <span class='ocrx_word' id='word_1_122' title='bbox 571 1854 674 1919; x_wconf 75' lang='grc' dir='ltr'>ἕως</span> <span class='ocrx_word' id='word_1_123' title='bbox 706 1860 742 1927; x_wconf 80' lang='grc' dir='ltr'>ἡ</span> <span class='ocrx_word' id='word_1_124' title='bbox 774 1856 1164 1934; x_wconf 86' lang='grc' dir='ltr'>προωρισμένη</span> <span class='ocrx_word' id='word_1_125' title='bbox 1206 1858 1292 1911; x_wconf 78' lang='grc' dir='ltr'>ὑπ’</span> <span class='ocrx_word' id='word_1_126' title='bbox 1320 1856 1488 1911; x_wconf 79' lang='grc' dir='ltr'>αὐτοῦ</span> <span class='ocrx_word' id='word_1_127' title='bbox 1518 1860 1616 1911; x_wconf 83' lang='grc' dir='ltr'>τοῦ</span> <span class='ocrx_word' id='word_1_128' title='bbox 1668 1854 1867 1932; x_wconf 82' lang='grc' dir='ltr'>Κυρίου</span> <span class='ocrx_word' id='word_1_129' title='bbox 1925 1855 2032 1930; x_wconf 85' lang='grc' dir='ltr'>πρὸ</span> 
     </span>
    </p>
   </div>
   <div class='ocr_carea' id='block_1_21' title="bbox 359 1942 2026 2020">
    <p class='ocr_par' dir='ltr' id='par_1_21' title="bbox 359 1942 2026 2020">
     <span class='ocr_line' id='line_1_21' title="bbox 359 1942 2026 2020; baseline -0.002 -18"><span class='ocrx_word' id='word_1_130' title='bbox 359 1951 471 2002; x_wconf 89' lang='grc' dir='ltr'>τῶν</span> <span class='ocrx_word' id='word_1_131' title='bbox 522 1946 732 2001; x_wconf 80' lang='grc' dir='ltr'>αἰώνων</span> <span class='ocrx_word' id='word_1_132' title='bbox 791 1945 907 2020; x_wconf 82' lang='grc' dir='ltr'>ὥρα</span> <span class='ocrx_word' id='word_1_133' title='bbox 954 1946 1044 2000; x_wconf 89' lang='grc' dir='ltr'>καὶ</span> <span class='ocrx_word' id='word_1_134' title='bbox 1101 1945 1283 2020; x_wconf 82' lang='grc' dir='ltr'>ἡμέρα</span> <span class='ocrx_word' id='word_1_135' title='bbox 1336 1946 1725 2019; x_wconf 82' lang='grc' dir='ltr'>παραγένηται,</span> <span class='ocrx_word' id='word_1_136' title='bbox 1759 1943 1811 1999; x_wconf 89' lang='grc' dir='ltr'>ἐν</span> <span class='ocrx_word' id='word_1_137' title='bbox 1919 1942 2026 1998; x_wconf 79' lang='grc' dir='ltr'>ἔδει</span> 
     </span>
    </p>
   </div>
   <div class='ocr_carea' id='block_1_22' title="bbox 365 2032 2024 2110">
    <p class='ocr_par' dir='ltr' id='par_1_22' title="bbox 365 2032 2024 2110">
     <span class='ocr_line' id='line_1_22' title="bbox 365 2032 2024 2110; baseline -0.001 -20"><span class='ocrx_word' id='word_1_138' title='bbox 365 2036 525 2091; x_wconf 80' lang='grc' dir='ltr'>αὐτὸν</span> <span class='ocrx_word' id='word_1_139' title='bbox 550 2042 764 2099; x_wconf 82' lang='grc' dir='ltr'>παθεῖν.</span> <span class='ocrx_word' id='word_1_140' title='bbox 798 2037 885 2092; x_wconf 88' lang='grc' dir='ltr'>Ἐν</span> <span class='ocrx_word' id='word_1_141' title='bbox 921 2033 1080 2108; x_wconf 80' lang='grc' dir='ltr'>ἄλλῳ</span> <span class='ocrx_word' id='word_1_142' title='bbox 1112 2032 1168 2090; x_wconf 76' lang='grc' dir='ltr'>δέ</span> <span class='ocrx_word' id='word_1_143' title='bbox 1198 2040 1373 2110; x_wconf 85' lang='grc' dir='ltr'>καιρῷ</span> <span class='ocrx_word' id='word_1_144' title='bbox 1405 2033 1676 2098; x_wconf 78' lang='grc' dir='ltr'>θελόντων</span> <span class='ocrx_word' id='word_1_145' title='bbox 1734 2039 1895 2088; x_wconf 85' lang='grc' dir='ltr'>τινῶν</span> <span class='ocrx_word' id='word_1_146' title='bbox 1929 2055 2024 2088; x_wconf 85' lang='grc' dir='ltr'>κα-</span> 
     </span>
    </p>
   </div>
   <div class='ocr_carea' id='block_1_23' title="bbox 358 2121 2024 2200">
    <p class='ocr_par' dir='ltr' id='par_1_23' title="bbox 358 2121 2024 2200">
     <span class='ocr_line' id='line_1_23' title="bbox 358 2121 2024 2200; baseline -0.001 -20"><span class='ocrx_word' id='word_1_147' title='bbox 358 2125 720 2200; x_wconf 85' lang='grc' dir='ltr'>τακρημνίσαι</span> <span class='ocrx_word' id='word_1_148' title='bbox 772 2123 956 2194; x_wconf 80' lang='grc' dir='ltr'>αὐτὸν,</span> <span class='ocrx_word' id='word_1_149' title='bbox 991 2123 1080 2178; x_wconf 85' lang='grc' dir='ltr'>καὶ</span> <span class='ocrx_word' id='word_1_150' title='bbox 1135 2123 1298 2177; x_wconf 82' lang='grc' dir='ltr'>αύτοῦ</span> <span class='ocrx_word' id='word_1_151' title='bbox 1360 2123 1410 2178; x_wconf 85' lang='grc' dir='ltr'>ἐν</span> <span class='ocrx_word' id='word_1_152' title='bbox 1472 2123 1663 2198; x_wconf 78' lang='grc' dir='ltr'>εἰρήνῃ</span> <span class='ocrx_word' id='word_1_153' title='bbox 1726 2121 1816 2178; x_wconf 71' lang='grc' dir='ltr'>διὰ</span> <span class='ocrx_word' id='word_1_154' title='bbox 1860 2124 2024 2196; x_wconf 76' lang='grc' dir='ltr'>μέσου</span> 
     </span>
    </p>
   </div>
   <div class='ocr_carea' id='block_1_24' title="bbox 355 2211 2020 2289">
    <p class='ocr_par' dir='ltr' id='par_1_24' title="bbox 355 2211 2020 2289">
     <span class='ocr_line' id='line_1_24' title="bbox 355 2211 2020 2289; baseline -0.001 -21"><span class='ocrx_word' id='word_1_155' title='bbox 355 2215 532 2269; x_wconf 80' lang='grc' dir='ltr'>αὐτῶν</span> <span class='ocrx_word' id='word_1_156' title='bbox 590 2211 1040 2287; x_wconf 67' lang='grc' dir='ltr'>διεξεληλυθτότος</span> <span class='ocrx_word' id='word_1_157' title='bbox 1071 2215 1207 2285; x_wconf 76' lang='grc'>(84),</span> <span class='ocrx_word' id='word_1_158' title='bbox 1239 2212 1328 2266; x_wconf 88' lang='grc' dir='ltr'>καὶ</span> <span class='ocrx_word' id='word_1_159' title='bbox 1392 2212 1560 2289; x_wconf 90' lang='grc' dir='ltr'>μυρία</span> <span class='ocrx_word' id='word_1_160' title='bbox 1599 2215 1665 2282; x_wconf 71' lang='grc' dir='ltr'>ἦν</span> <span class='ocrx_word' id='word_1_161' title='bbox 1692 2213 1758 2266; x_wconf 72' lang='grc' dir='ltr'>τὰ</span> <span class='ocrx_word' id='word_1_162' title='bbox 1790 2211 2020 2288; x_wconf 87' lang='grc' dir='ltr'>ἐπερχό-</span> 
     </span>
    </p>
   </div>
   <div class='ocr_carea' id='block_1_25' title="bbox 357 2299 2018 2378">
    <p class='ocr_par' dir='ltr' id='par_1_25' title="bbox 357 2299 2018 2378">
     <span class='ocr_line' id='line_1_25' title="bbox 357 2299 2018 2378; baseline -0.001 -20"><span class='ocrx_word' id='word_1_163' title='bbox 357 2325 491 2378; x_wconf 81' lang='grc' dir='ltr'>μενα</span> <span class='ocrx_word' id='word_1_164' title='bbox 546 2305 896 2378; x_wconf 78' lang='grc' dir='ltr'>πειρατήρια,</span> <span class='ocrx_word' id='word_1_165' title='bbox 940 2302 992 2368; x_wconf 80' lang='grc' dir='ltr'>ἆ,</span> <span class='ocrx_word' id='word_1_166' title='bbox 1036 2299 1460 2378; x_wconf 86' lang='grc' dir='ltr'>προσϐάλλοντα</span> <span class='ocrx_word' id='word_1_167' title='bbox 1515 2301 1604 2356; x_wconf 79' lang='grc' dir='ltr'>καὶ</span> <span class='ocrx_word' id='word_1_168' title='bbox 1667 2299 2018 2374; x_wconf 84' lang='grc' dir='ltr'>κωλυόμενα,</span> 
     </span>
    </p>
   </div>
   <div class='ocr_carea' id='block_1_26' title="bbox 349 2388 2018 2468">
    <p class='ocr_par' dir='ltr' id='par_1_26' title="bbox 349 2388 2018 2468">
     <span class='ocr_line' id='line_1_26' title="bbox 349 2388 2018 2468; baseline -0.001 -20"><span class='ocrx_word' id='word_1_169' title='bbox 349 2393 424 2455; x_wconf 86' lang='grc' dir='ltr'>εἰς</span> <span class='ocrx_word' id='word_1_170' title='bbox 460 2394 524 2448; x_wconf 86' lang='grc' dir='ltr'>τὸ</span> <span class='ocrx_word' id='word_1_171' title='bbox 562 2390 730 2466; x_wconf 76' lang='grc' dir='ltr'>μηδὲν</span> <span class='ocrx_word' id='word_1_172' title='bbox 761 2392 1034 2468; x_wconf 78' lang='grc' dir='ltr'>ἐρχόμενα</span> <span class='ocrx_word' id='word_1_173' title='bbox 1063 2391 1332 2468; x_wconf 81' lang='grc' dir='ltr'>ἐχώρουν.</span> <span class='ocrx_word' id='word_1_174' title='bbox 1358 2393 1515 2446; x_wconf 86' lang='grc' dir='ltr'>-Ἐκεῖ</span> <span class='ocrx_word' id='word_1_175' title='bbox 1546 2388 1603 2446; x_wconf 77' lang='grc' dir='ltr'>δὲ</span> <span class='ocrx_word' id='word_1_176' title='bbox 1649 2392 1683 2461; x_wconf 80' lang='grc' dir='ltr'>ἠ</span> <span class='ocrx_word' id='word_1_177' title='bbox 1740 2392 1890 2468; x_wconf 78' lang='grc' dir='ltr'>ἀρχὴ</span> <span class='ocrx_word' id='word_1_178' title='bbox 1922 2397 2018 2446; x_wconf 74' lang='grc' dir='ltr'>τοῦ</span> 
     </span>
    </p>
   </div>
   <div class='ocr_carea' id='block_1_27' title="bbox 342 2477 2018 2558">
    <p class='ocr_par' dir='ltr' id='par_1_27' title="bbox 342 2477 2018 2558">
     <span class='ocr_line' id='line_1_27' title="bbox 342 2477 2018 2558; baseline 0 -22"><span class='ocrx_word' id='word_1_179' title='bbox 342 2482 464 2537; x_wconf 84' lang='grc' dir='ltr'>νέου</span> <span class='ocrx_word' id='word_1_180' title='bbox 496 2479 672 2552; x_wconf 80' lang='grc' dir='ltr'>ἔτους,</span> <span class='ocrx_word' id='word_1_181' title='bbox 706 2483 751 2554; x_wconf 82' lang='grc' dir='ltr'>ᾧ</span> <span class='ocrx_word' id='word_1_182' title='bbox 780 2486 956 2558; x_wconf 74' lang='grc' dir='ltr'>καιρῖρ</span> <span class='ocrx_word' id='word_1_183' title='bbox 1008 2477 1115 2536; x_wconf 71' lang='grc' dir='ltr'>ἔδει</span> <span class='ocrx_word' id='word_1_184' title='bbox 1155 2481 1218 2536; x_wconf 86' lang='grc' dir='ltr'>τὸ</span> <span class='ocrx_word' id='word_1_185' title='bbox 1280 2478 1480 2556; x_wconf 83' lang='grc' dir='ltr'>Πάσχα</span> <span class='ocrx_word' id='word_1_186' title='bbox 1512 2481 1725 2545; x_wconf 84' lang='grc' dir='ltr'>θύεσθαι</span> <span class='ocrx_word' id='word_1_187' title='bbox 1785 2481 1923 2536; x_wconf 73' lang='grc' dir='ltr'>κατὰ</span> <span class='ocrx_word' id='word_1_188' title='bbox 1952 2481 2018 2537; x_wconf 83' lang='grc' dir='ltr'>τὰ</span> 
     </span>
    </p>
   </div>
   <div class='ocr_carea' id='block_1_28' title="bbox 347 2571 2017 2647">
    <p class='ocr_par' dir='ltr' id='par_1_28' title="bbox 347 2571 2017 2647">
     <span class='ocr_line' id='line_1_28' title="bbox 347 2571 2017 2647; baseline -0.001 -21"><span class='ocrx_word' id='word_1_189' title='bbox 347 2571 716 2626; x_wconf 84' lang='grc' dir='ltr'>θεσπισθέντα-</span> <span class='ocrx_word' id='word_1_190' title='bbox 781 2571 926 2647; x_wconf 76' lang='grc' dir='ltr'>παρὰ</span> <span class='ocrx_word' id='word_1_191' title='bbox 988 2571 1086 2625; x_wconf 73' lang='grc' dir='ltr'>τοῦ</span> <span class='ocrx_word' id='word_1_192' title='bbox 1167 2571 1388 2646; x_wconf 81' lang='grc' dir='ltr'>Κυρίου,</span> <span class='ocrx_word' id='word_1_193' title='bbox 1440 2571 1589 2625; x_wconf 86' lang='grc' dir='ltr'>λύειν</span> <span class='ocrx_word' id='word_1_194' title='bbox 1671 2571 1764 2644; x_wconf 75' lang='grc' dir='ltr'>μὲν</span> <span class='ocrx_word' id='word_1_195' title='bbox 1846 2571 2017 2625; x_wconf 87' lang='grc' dir='ltr'>πάντα</span> 
     </span>
    </p>
   </div>
   <div class='ocr_carea' id='block_1_29' title="bbox 341 2658 2013 2736">
    <p class='ocr_par' dir='ltr' id='par_1_29' title="bbox 341 2658 2013 2736">
     <span class='ocr_line' id='line_1_29' title="bbox 341 2658 2013 2736; baseline -0.001 -21"><span class='ocrx_word' id='word_1_196' title='bbox 341 2658 642 2734; x_wconf 82' lang='grc' dir='ltr'>σύνδεσμον</span> <span class='ocrx_word' id='word_1_197' title='bbox 695 2658 927 2727; x_wconf 81' lang='grc' dir='ltr'>ἀδικίας,</span> <span class='ocrx_word' id='word_1_198' title='bbox 971 2659 1394 2736; x_wconf 86' lang='grc' dir='ltr'>προστάγματος</span> <span class='ocrx_word' id='word_1_199' title='bbox 1452 2659 1599 2714; x_wconf 83' lang='grc' dir='ltr'>θείου</span> <span class='ocrx_word' id='word_1_200' title='bbox 1659 2662 2013 2730; x_wconf 79' lang='grc' dir='ltr'>φοιτήσαντος</span> 
     </span>
    </p>
   </div>
   <div class='ocr_carea' id='block_1_30' title="bbox 342 2749 2015 2828">
    <p class='ocr_par' dir='ltr' id='par_1_30' title="bbox 342 2749 2015 2828">
     <span class='ocr_line' id='line_1_30' title="bbox 342 2749 2015 2828; baseline -0.001 -21"><span class='ocrx_word' id='word_1_201' title='bbox 342 2754 478 2828; x_wconf 85' lang='grc' dir='ltr'>πρὸς</span> <span class='ocrx_word' id='word_1_202' title='bbox 535 2751 753 2821; x_wconf 75' lang='grc' dir='ltr'>αὐτοὺς,</span> <span class='ocrx_word' id='word_1_203' title='bbox 816 2751 1214 2825; x_wconf 87' lang='grc' dir='ltr'>ἐλεημοσύναις</span> <span class='ocrx_word' id='word_1_204' title='bbox 1272 2749 1330 2806; x_wconf 77' lang='grc' dir='ltr'>δὲ</span> <span class='ocrx_word' id='word_1_205' title='bbox 1385 2750 1842 2824; x_wconf 81' lang='grc' dir='ltr'>ἐξιλασκομένους</span> <span class='ocrx_word' id='word_1_206' title='bbox 1899 2752 2015 2806; x_wconf 80' lang='grc' dir='ltr'>ἐαυ-</span> 
     </span>
    </p>
   </div>
   <div class='ocr_carea' id='block_1_31' title="bbox 343 2837 2012 2918">
    <p class='ocr_par' dir='ltr' id='par_1_31' title="bbox 343 2837 2012 2918">
     <span class='ocr_line' id='line_1_31' title="bbox 343 2837 2012 2918; baseline -0.001 -22"><span class='ocrx_word' id='word_1_207' title='bbox 343 2841 471 2904; x_wconf 73' lang='grc' dir='ltr'>τοὺς</span> <span class='ocrx_word' id='word_1_208' title='bbox 527 2846 908 2918; x_wconf 79' lang='grc' dir='ltr'>προσοικειοῦν</span> <span class='ocrx_word' id='word_1_209' title='bbox 962 2845 1043 2913; x_wconf 77' lang='grc' dir='ltr'>τῷ</span> <span class='ocrx_word' id='word_1_210' title='bbox 1102 2845 1239 2913; x_wconf 72' lang='grc' dir='ltr'>Θεῷ,</span> <span class='ocrx_word' id='word_1_211' title='bbox 1277 2842 1352 2914; x_wconf 78' lang='grc' dir='ltr'>μὴ</span> <span class='ocrx_word' id='word_1_212' title='bbox 1413 2839 1717 2916; x_wconf 86' lang='grc' dir='ltr'>ἐχθραίνειν</span> <span class='ocrx_word' id='word_1_213' title='bbox 1770 2837 1827 2894; x_wconf 78' lang='grc' dir='ltr'>δὲ</span> <span class='ocrx_word' id='word_1_214' title='bbox 1877 2841 2012 2915; x_wconf 87' lang='grc' dir='ltr'>πρὸς</span> 
     </span>
    </p>
   </div>
   <div class='ocr_carea' id='block_1_32' title="bbox 342 2930 2009 3004">
    <p class='ocr_par' dir='ltr' id='par_1_32' title="bbox 342 2930 2009 3004">
     <span class='ocr_line' id='line_1_32' title="bbox 342 2930 2009 3004; baseline -0.002 -17"><span class='ocrx_word' id='word_1_215' title='bbox 342 2933 436 2987; x_wconf 86' lang='grc' dir='ltr'>τὸν</span> <span class='ocrx_word' id='word_1_216' title='bbox 494 2931 755 3001; x_wconf 77' lang='grc' dir='ltr'>πλησίον,</span> <span class='ocrx_word' id='word_1_217' title='bbox 793 2933 930 3004; x_wconf 86' lang='grc' dir='ltr'>μήτε</span> <span class='ocrx_word' id='word_1_218' title='bbox 964 2932 1073 3003; x_wconf 73' lang='grc' dir='ltr'>μὴν</span> <span class='ocrx_word' id='word_1_219' title='bbox 1105 2935 1284 3000; x_wconf 85' lang='grc' dir='ltr'>ζητεῖν</span> <span class='ocrx_word' id='word_1_220' title='bbox 1343 2930 1482 2984; x_wconf 80' lang='grc' dir='ltr'>κακᾶ</span> <span class='ocrx_word' id='word_1_221' title='bbox 1537 2932 1672 2984; x_wconf 87' lang='grc' dir='ltr'>κατά</span> <span class='ocrx_word' id='word_1_222' title='bbox 1721 2950 1867 2992; x_wconf 89' lang='grc' dir='ltr'>τινος</span> <span class='ocrx_word' id='word_1_223' title='bbox 1917 2930 2009 2984; x_wconf 83' lang='grc' dir='ltr'>ἀν-</span> 
     </span>
    </p>
   </div>
   <div class='ocr_carea' id='block_1_33' title="bbox 345 3017 2007 3096">
    <p class='ocr_par' dir='ltr' id='par_1_33' title="bbox 345 3017 2007 3096">
     <span class='ocr_line' id='line_1_33' title="bbox 345 3017 2007 3096; baseline 0 -22"><span class='ocrx_word' id='word_1_224' title='bbox 345 3021 566 3096; x_wconf 82' lang='grc' dir='ltr'>θρώπου</span> <span class='ocrx_word' id='word_1_225' title='bbox 626 3018 715 3074; x_wconf 79' lang='grc' dir='ltr'>διὰ</span> <span class='ocrx_word' id='word_1_226' title='bbox 757 3020 821 3074; x_wconf 85' lang='grc' dir='ltr'>τὸ</span> <span class='ocrx_word' id='word_1_227' title='bbox 870 3020 1054 3074; x_wconf 88' lang='grc' dir='ltr'>κοινὸν</span> <span class='ocrx_word' id='word_1_228' title='bbox 1100 3024 1196 3073; x_wconf 73' lang='grc' dir='ltr'>τοῦ</span> <span class='ocrx_word' id='word_1_229' title='bbox 1226 3021 1435 3095; x_wconf 83' lang='grc' dir='ltr'>γένους,</span> <span class='ocrx_word' id='word_1_230' title='bbox 1464 3017 1588 3074; x_wconf 84' lang='grc' dir='ltr'>ἀλλ’</span> <span class='ocrx_word' id='word_1_231' title='bbox 1619 3019 1810 3094; x_wconf 81' lang='grc' dir='ltr'>εἰρήνῃ</span> <span class='ocrx_word' id='word_1_232' title='bbox 1844 3021 2007 3074; x_wconf 88' lang='grc' dir='ltr'>καθα-</span> 
     </span>
    </p>
   </div>
   <div class='ocr_carea' id='block_1_34' title="bbox 347 3104 1808 3186">
    <p class='ocr_par' dir='ltr' id='par_1_34' title="bbox 347 3104 1808 3186">
     <span class='ocr_line' id='line_1_34' title="bbox 347 3104 1808 3186; baseline 0 -23"><span class='ocrx_word' id='word_1_233' title='bbox 347 3111 619 3186; x_wconf 88' lang='grc' dir='ltr'>ρωτάτους</span> <span class='ocrx_word' id='word_1_234' title='bbox 649 3104 805 3170; x_wconf 82' lang='grc' dir='ltr'>ὄντας</span> <span class='ocrx_word' id='word_1_235' title='bbox 833 3106 1044 3162; x_wconf 85' lang='grc' dir='ltr'>κελεύει</span> <span class='ocrx_word' id='word_1_236' title='bbox 1079 3107 1368 3184; x_wconf 78' lang='grc' dir='ltr'>προσάγειν</span> <span class='ocrx_word' id='word_1_237' title='bbox 1400 3109 1498 3176; x_wconf 78' lang='grc' dir='ltr'>τὴν</span> <span class='ocrx_word' id='word_1_238' title='bbox 1531 3106 1808 3180; x_wconf 89' lang='grc' dir='ltr'>λατρείαν.</span> 
     </span>
    </p>
   </div>
   <div class='ocr_carea' id='block_1_35' title="bbox 411 3195 2002 3272">
    <p class='ocr_par' dir='ltr' id='par_1_35' title="bbox 411 3195 2002 3272">
     <span class='ocr_line' id='line_1_35' title="bbox 411 3195 2002 3272; baseline -0.003 -18"><span class='ocrx_word' id='word_1_239' title='bbox 411 3201 499 3254; x_wconf 83' lang='lat'>36.</span> <span class='ocrx_word' id='word_1_240' title='bbox 533 3199 620 3260; x_wconf 81' lang='grc' dir='ltr'>Ὡς</span> <span class='ocrx_word' id='word_1_241' title='bbox 675 3196 726 3252; x_wconf 88' lang='grc' dir='ltr'>ἐν</span> <span class='ocrx_word' id='word_1_242' title='bbox 786 3202 962 3271; x_wconf 84' lang='grc' dir='ltr'>καιρῷ</span> <span class='ocrx_word' id='word_1_243' title='bbox 1017 3195 1106 3251; x_wconf 75' lang='grc' dir='ltr'>οὖν</span> <span class='ocrx_word' id='word_1_244' title='bbox 1169 3196 1392 3271; x_wconf 79' lang='grc' dir='ltr'>εἰρήνης</span> <span class='ocrx_word' id='word_1_245' title='bbox 1448 3196 1539 3250; x_wconf 88' lang='grc' dir='ltr'>καὶ</span> <span class='ocrx_word' id='word_1_246' title='bbox 1585 3197 1780 3272; x_wconf 71' lang='grc' dir='ltr'>ἑορτῆς</span> <span class='ocrx_word' id='word_1_247' title='bbox 1819 3195 1941 3265; x_wconf 78' lang='grc' dir='ltr'>ἥκει</span> <span class='ocrx_word' id='word_1_248' title='bbox 1975 3197 2002 3251; x_wconf 86' lang='grc' dir='ltr'>ὁ</span> 
     </span>
    </p>
   </div>
   <div class='ocr_carea' id='block_1_36' title="bbox 339 3285 2000 3361">
    <p class='ocr_par' dir='ltr' id='par_1_36' title="bbox 339 3285 2000 3361">
     <span class='ocr_line' id='line_1_36' title="bbox 339 3285 2000 3361; baseline -0.002 -17"><span class='ocrx_word' id='word_1_249' title='bbox 339 3289 550 3358; x_wconf 74' lang='grc' dir='ltr'>Ἰησοῦς</span> <span class='ocrx_word' id='word_1_250' title='bbox 597 3286 673 3348; x_wconf 85' lang='grc' dir='ltr'>εἰς</span> <span class='ocrx_word' id='word_1_251' title='bbox 727 3285 1081 3361; x_wconf 85' lang='grc' dir='ltr'>Ἱεροσόλυμα</span> <span class='ocrx_word' id='word_1_252' title='bbox 1157 3285 1247 3340; x_wconf 78' lang='grc' dir='ltr'>σὺν</span> <span class='ocrx_word' id='word_1_253' title='bbox 1309 3291 1426 3347; x_wconf 82' lang='grc' dir='ltr'>τοῖς</span> <span class='ocrx_word' id='word_1_254' title='bbox 1487 3286 1754 3358; x_wconf 74' lang='grc' dir='ltr'>μαθηταῖς</span> <span class='ocrx_word' id='word_1_255' title='bbox 1814 3285 2000 3354; x_wconf 79' lang='grc' dir='ltr'>αὐτοῦ,</span> 
     </span>
    </p>
   </div>
   <div class='ocr_carea' id='block_1_37' title="bbox 336 3369 2006 3452">
    <p class='ocr_par' dir='ltr' id='par_1_37' title="bbox 336 3369 2006 3452">
     <span class='ocr_line' id='line_1_37' title="bbox 336 3369 2006 3452; baseline -0.001 -21"><span class='ocrx_word' id='word_1_256' title='bbox 336 3375 444 3452; x_wconf 82' lang='grc' dir='ltr'>οὐχ</span> <span class='ocrx_word' id='word_1_257' title='bbox 503 3377 577 3438; x_wconf 85' lang='grc' dir='ltr'>ὡς</span> <span class='ocrx_word' id='word_1_258' title='bbox 620 3375 834 3450; x_wconf 81' lang='grc' dir='ltr'>ἀγνοῶν</span> <span class='ocrx_word' id='word_1_259' title='bbox 866 3375 930 3429; x_wconf 72' lang='grc' dir='ltr'>τά</span> <span class='ocrx_word' id='word_1_260' title='bbox 983 3373 1258 3447; x_wconf 79' lang='grc' dir='ltr'>μέλλοντα</span> <span class='ocrx_word' id='word_1_261' title='bbox 1308 3374 1456 3447; x_wconf 79' lang='grc' dir='ltr'>αὐτῷ</span> <span class='ocrx_word' id='word_1_262' title='bbox 1488 3369 1826 3447; x_wconf 86' lang='grc' dir='ltr'>συμϐαίνειν,</span> <span class='ocrx_word' id='word_1_263' title='bbox 1859 3373 2006 3430; x_wconf 79' lang='grc' dir='ltr'>ἀλλὰ</span> 
     </span>
    </p>
   </div>
   <div class='ocr_carea' id='block_1_38' title="bbox 333 3460 2004 3542">
    <p class='ocr_par' dir='ltr' id='par_1_38' title="bbox 333 3460 2004 3542">
     <span class='ocr_line' id='line_1_38' title="bbox 333 3460 2004 3542; baseline -0.001 -22"><span class='ocrx_word' id='word_1_264' title='bbox 333 3465 424 3520; x_wconf 87' lang='grc' dir='ltr'>καί</span> <span class='ocrx_word' id='word_1_265' title='bbox 464 3487 525 3542; x_wconf 90' lang='grc' dir='ltr'>γε</span> <span class='ocrx_word' id='word_1_266' title='bbox 559 3462 767 3542; x_wconf 78' lang='grc' dir='ltr'>σφόδρα</span> <span class='ocrx_word' id='word_1_267' title='bbox 797 3465 1103 3537; x_wconf 76' lang='grc' dir='ltr'>γινώσκων.</span> <span class='ocrx_word' id='word_1_268' title='bbox 1153 3462 1379 3536; x_wconf 82' lang='grc' dir='ltr'>Ἀμέλει</span> <span class='ocrx_word' id='word_1_269' title='bbox 1411 3464 1460 3539; x_wconf 87' lang='grc' dir='ltr'>γ’</span> <span class='ocrx_word' id='word_1_270' title='bbox 1493 3460 1584 3517; x_wconf 75' lang='grc' dir='ltr'>οὖν</span> <span class='ocrx_word' id='word_1_271' title='bbox 1634 3463 1723 3518; x_wconf 83' lang='grc' dir='ltr'>καὶ</span> <span class='ocrx_word' id='word_1_272' title='bbox 1754 3469 1870 3526; x_wconf 91' lang='grc' dir='ltr'>τοῖς</span> <span class='ocrx_word' id='word_1_273' title='bbox 1906 3485 2004 3537; x_wconf 90' lang='grc' dir='ltr'>μα-</span> 
     </span>
    </p>
   </div>
   <div class='ocr_carea' id='block_1_39' title="bbox 334 3549 2001 3629">
    <p class='ocr_par' dir='ltr' id='par_1_39' title="bbox 334 3549 2001 3629">
     <span class='ocr_line' id='line_1_39' title="bbox 334 3549 2001 3629; baseline -0.002 -19"><span class='ocrx_word' id='word_1_274' title='bbox 334 3558 526 3626; x_wconf 80' lang='grc' dir='ltr'>θηταῖς</span> <span class='ocrx_word' id='word_1_275' title='bbox 583 3555 900 3629; x_wconf 82' lang='grc' dir='ltr'>προειρήκει</span> <span class='ocrx_word' id='word_1_276' title='bbox 959 3553 1025 3608; x_wconf 73' lang='grc' dir='ltr'>τα</span> <span class='ocrx_word' id='word_1_277' title='bbox 1073 3553 1312 3624; x_wconf 71' lang='grc' dir='ltr'>ἑπόμενα</span> <span class='ocrx_word' id='word_1_278' title='bbox 1354 3554 1486 3625; x_wconf 87' lang='grc'>(85)·</span> <span class='ocrx_word' id='word_1_279' title='bbox 1525 3577 1550 3604; x_wconf 76' lang='grc' dir='ltr'>ι(</span> <span class='ocrx_word' id='word_1_280' title='bbox 1583 3550 1724 3609; x_wconf 76' lang='grc' dir='ltr'>Ἰδοὺ</span> <span class='ocrx_word' id='word_1_281' title='bbox 1780 3549 2001 3607; x_wconf 82' lang='grc' dir='ltr'>ἀναϐαί-</span> 
     </span>
    </p>
   </div>
   <div class='ocr_carea' id='block_1_40' title="bbox 335 3641 2002 3718">
    <p class='ocr_par' dir='ltr' id='par_1_40' title="bbox 335 3641 2002 3718">
     <span class='ocr_line' id='line_1_40' title="bbox 335 3641 2002 3718; baseline -0.001 -19"><span class='ocrx_word' id='word_1_282' title='bbox 335 3666 496 3717; x_wconf 89' lang='grc' dir='ltr'>νομεν</span> <span class='ocrx_word' id='word_1_283' title='bbox 527 3644 604 3704; x_wconf 81' lang='grc' dir='ltr'>εἰς</span> <span class='ocrx_word' id='word_1_284' title='bbox 645 3641 1018 3716; x_wconf 85' lang='grc' dir='ltr'>Ἱεροσόλυμα,</span> <span class='ocrx_word' id='word_1_285' title='bbox 1052 3642 1140 3696; x_wconf 84' lang='grc' dir='ltr'>καὶ</span> <span class='ocrx_word' id='word_1_286' title='bbox 1174 3643 1200 3696; x_wconf 89' lang='grc' dir='ltr'>ὁ</span> <span class='ocrx_word' id='word_1_287' title='bbox 1234 3641 1356 3702; x_wconf 76' lang='grc' dir='ltr'>Υἱὸς</span> <span class='ocrx_word' id='word_1_288' title='bbox 1401 3645 1511 3715; x_wconf 17' lang='grc' dir='ltr'>,τοῦ</span> <span class='ocrx_word' id='word_1_289' title='bbox 1561 3641 1851 3718; x_wconf 83' lang='grc' dir='ltr'>ἀνθρώπου</span> <span class='ocrx_word' id='word_1_290' title='bbox 1901 3663 2002 3697; x_wconf 66' lang='grc' dir='ltr'>παι</span> 
     </span>
    </p>
   </div>
   <div class='ocr_carea' id='block_1_41' title="bbox 341 3728 2001 3811">
    <p class='ocr_par' dir='ltr' id='par_1_41' title="bbox 341 3728 2001 3811">
     <span class='ocr_line' id='line_1_41' title="bbox 341 3728 2001 3811; baseline -0.002 -23"><span class='ocrx_word' id='word_1_291' title='bbox 341 3731 698 3811; x_wconf 85' lang='grc' dir='ltr'>ραδοθήσεται</span> <span class='ocrx_word' id='word_1_292' title='bbox 759 3731 833 3792; x_wconf 62' lang='grc' dir='ltr'>εἰς</span> <span class='ocrx_word' id='word_1_293' title='bbox 891 3731 986 3792; x_wconf 76' lang='grc' dir='ltr'>τὰς</span> <span class='ocrx_word' id='word_1_294' title='bbox 1044 3737 1235 3806; x_wconf 85' lang='grc' dir='ltr'>χεῖρας</span> <span class='ocrx_word' id='word_1_295' title='bbox 1291 3736 1399 3785; x_wconf 89' lang='grc' dir='ltr'>τῶν</span> <span class='ocrx_word' id='word_1_296' title='bbox 1473 3728 1853 3807; x_wconf 72' lang='grc' dir='ltr'>πρεσϐυτέρων</span> <span class='ocrx_word' id='word_1_297' title='bbox 1913 3731 2001 3787; x_wconf 84' lang='grc' dir='ltr'>καὶ</span> 
     </span>
    </p>
   </div>
   <div class='ocr_carea' id='block_1_42' title="bbox 346 3817 2001 3898">
    <p class='ocr_par' dir='ltr' id='par_1_42' title="bbox 346 3817 2001 3898">
     <span class='ocr_line' id='line_1_42' title="bbox 346 3817 2001 3898; baseline 0 -21"><span class='ocrx_word' id='word_1_298' title='bbox 346 3828 454 3878; x_wconf 81' lang='grc' dir='ltr'>τῶν</span> <span class='ocrx_word' id='word_1_299' title='bbox 485 3823 875 3898; x_wconf 82' lang='grc' dir='ltr'>γραμματέων,</span> <span class='ocrx_word' id='word_1_300' title='bbox 899 3821 988 3875; x_wconf 77' lang='grc' dir='ltr'>καὶ</span> <span class='ocrx_word' id='word_1_301' title='bbox 1023 3817 1434 3896; x_wconf 82' lang='grc' dir='ltr'>παραδώσουσιν</span> <span class='ocrx_word' id='word_1_302' title='bbox 1466 3820 1625 3875; x_wconf 77' lang='grc' dir='ltr'>αὐτὸν</span> <span class='ocrx_word' id='word_1_303' title='bbox 1657 3826 1774 3883; x_wconf 88' lang='grc' dir='ltr'>τοῖς</span> <span class='ocrx_word' id='word_1_304' title='bbox 1806 3819 2001 3891; x_wconf 79' lang='grc' dir='ltr'>ἔθνεσι,</span> 
     </span>
    </p>
   </div>
   <div class='ocr_carea' id='block_1_43' title="bbox 348 3909 2000 3985">
    <p class='ocr_par' dir='ltr' id='par_1_43' title="bbox 348 3909 2000 3985">
     <span class='ocr_line' id='line_1_43' title="bbox 348 3909 2000 3985; baseline -0.001 -19"><span class='ocrx_word' id='word_1_305' title='bbox 348 3912 436 3966; x_wconf 83' lang='grc' dir='ltr'>καὶ</span> <span class='ocrx_word' id='word_1_306' title='bbox 465 3915 874 3985; x_wconf 72' lang='grc' dir='ltr'>κατακρινοῦσιν</span> <span class='ocrx_word' id='word_1_307' title='bbox 926 3909 1084 3964; x_wconf 82' lang='grc' dir='ltr'>αὐτὸν</span> <span class='ocrx_word' id='word_1_308' title='bbox 1119 3910 1354 3982; x_wconf 83' lang='grc' dir='ltr'>θανάτῳ.</span> <span class='ocrx_word' id='word_1_309' title='bbox 1392 3935 1419 3960; x_wconf 77' lang='grc' dir='ltr'>υ</span> <span class='ocrx_word' id='word_1_310' title='bbox 1451 3913 1565 3966; x_wconf 85' lang='grc' dir='ltr'>Ἵνα</span> <span class='ocrx_word' id='word_1_311' title='bbox 1621 3909 1713 3965; x_wconf 80' lang='grc' dir='ltr'>οὖν</span> <span class='ocrx_word' id='word_1_312' title='bbox 1770 3911 1834 3965; x_wconf 88' lang='grc' dir='ltr'>τὸ</span> <span class='ocrx_word' id='word_1_313' title='bbox 1883 3909 2000 3966; x_wconf 80' lang='grc' dir='ltr'>ἄδι-</span> 
     </span>
    </p>
   </div>
   <div class='ocr_carea' id='block_1_44' title="bbox 347 3997 1999 4075">
    <p class='ocr_par' dir='ltr' id='par_1_44' title="bbox 347 3997 1999 4075">
     <span class='ocr_line' id='line_1_44' title="bbox 347 3997 1999 4075; baseline 0 -20"><span class='ocrx_word' id='word_1_314' title='bbox 347 4021 445 4056; x_wconf 91' lang='grc' dir='ltr'>κον</span> <span class='ocrx_word' id='word_1_315' title='bbox 503 4005 597 4054; x_wconf 74' lang='grc' dir='ltr'>τοῦ</span> <span class='ocrx_word' id='word_1_316' title='bbox 677 4000 999 4075; x_wconf 83' lang='grc' dir='ltr'>παρανόμου</span> <span class='ocrx_word' id='word_1_317' title='bbox 1059 3999 1518 4075; x_wconf 87' lang='grc' dir='ltr'>συναθροίσματος</span> <span class='ocrx_word' id='word_1_318' title='bbox 1563 4004 1672 4054; x_wconf 87' lang='grc' dir='ltr'>τῶν</span> <span class='ocrx_word' id='word_1_319' title='bbox 1728 3997 1999 4056; x_wconf 82' lang='grc' dir='ltr'>Ἰουδαίων</span> 
     </span>
    </p>
   </div>
   <div class='ocr_carea' id='block_1_45' title="bbox 344 4087 2002 4166">
    <p class='ocr_par' dir='ltr' id='par_1_45' title="bbox 344 4087 2002 4166">
     <span class='ocr_line' id='line_1_45' title="bbox 344 4087 2002 4166; baseline -0.003 -22"><span class='ocrx_word' id='word_1_320' title='bbox 344 4087 606 4166; x_wconf 58' lang='grc' dir='ltr'>διαφανῆ,</span> <span class='ocrx_word' id='word_1_321' title='bbox 665 4087 1007 4158; x_wconf 65' lang='grc' dir='ltr'>εἰσελήλυθεν</span> <span class='ocrx_word' id='word_1_322' title='bbox 1070 4089 1104 4157; x_wconf 79' lang='grc' dir='ltr'>ἠ</span> <span class='ocrx_word' id='word_1_323' title='bbox 1165 4088 1354 4162; x_wconf 85' lang='grc' dir='ltr'>εἰρήνη</span> <span class='ocrx_word' id='word_1_324' title='bbox 1408 4087 1482 4149; x_wconf 81' lang='grc' dir='ltr'>εἰς</span> <span class='ocrx_word' id='word_1_325' title='bbox 1523 4087 1897 4164; x_wconf 82' lang='grc' dir='ltr'>Ἰεροσόλυμα,</span> <span class='ocrx_word' id='word_1_326' title='bbox 1933 4090 2002 4146; x_wconf 78' lang='grc' dir='ltr'>Οἱ</span> 
     </span>
    </p>
   </div>
   <div class='ocr_carea' id='block_1_46' title="bbox 340 4175 1999 4254">
    <p class='ocr_par' dir='ltr' id='par_1_46' title="bbox 340 4175 1999 4254">
     <span class='ocr_line' id='line_1_46' title="bbox 340 4175 1999 4254; baseline -0.001 -20"><span class='ocrx_word' id='word_1_327' title='bbox 340 4175 401 4234; x_wconf 73' lang='grc' dir='ltr'>δὲ</span> <span class='ocrx_word' id='word_1_328' title='bbox 429 4185 532 4247; x_wconf 78' lang='grc' dir='ltr'>τῆς</span> <span class='ocrx_word' id='word_1_329' title='bbox 564 4176 784 4252; x_wconf 73' lang='grc' dir='ltr'>εἰρήνης</span> <span class='ocrx_word' id='word_1_330' title='bbox 834 4175 1122 4253; x_wconf 80' lang='grc' dir='ltr'>ἀλλότριοι</span> <span class='ocrx_word' id='word_1_331' title='bbox 1182 4177 1481 4252; x_wconf 75' lang='grc' dir='ltr'>ἑωρακότες</span> <span class='ocrx_word' id='word_1_332' title='bbox 1542 4175 1999 4254; x_wconf 83' lang='grc' dir='ltr'>διεταράχθησαν·</span> 
     </span>
    </p>
   </div>
   <div class='ocr_carea' id='block_1_47' title="bbox 339 4263 2000 4344">
    <p class='ocr_par' dir='ltr' id='par_1_47' title="bbox 339 4263 2000 4344">
     <span class='ocr_line' id='line_1_47' title="bbox 339 4263 2000 4344; baseline -0.001 -22"><span class='ocrx_word' id='word_1_333' title='bbox 339 4267 543 4343; x_wconf 87' lang='grc' dir='ltr'>ἐχθρὸν</span> <span class='ocrx_word' id='word_1_334' title='bbox 574 4267 676 4342; x_wconf 75' lang='grc' dir='ltr'>γὰρ</span> <span class='ocrx_word' id='word_1_335' title='bbox 725 4264 1016 4338; x_wconf 85' lang='grc' dir='ltr'>πολεμίοις</span> <span class='ocrx_word' id='word_1_336' title='bbox 1068 4267 1158 4321; x_wconf 85' lang='grc' dir='ltr'>καὶ</span> <span class='ocrx_word' id='word_1_337' title='bbox 1215 4263 1573 4344; x_wconf 67' lang='grc' dir='ltr'>ἀνδροφόνοις</span> <span class='ocrx_word' id='word_1_338' title='bbox 1618 4267 1833 4341; x_wconf 87' lang='grc' dir='ltr'>εἰρήνη.</span> <span class='ocrx_word' id='word_1_339' title='bbox 1869 4266 2000 4322; x_wconf 88' lang='grc' dir='ltr'>Χαί-</span> 
     </span>
    </p>
   </div>
   <div class='ocr_carea' id='block_1_48' title="bbox 339 4353 2000 4433">
    <p class='ocr_par' dir='ltr' id='par_1_48' title="bbox 339 4353 2000 4433">
     <span class='ocr_line' id='line_1_48' title="bbox 339 4353 2000 4433; baseline 0.001 -23"><span class='ocrx_word' id='word_1_340' title='bbox 339 4376 454 4433; x_wconf 88' lang='grc' dir='ltr'>ρειν</span> <span class='ocrx_word' id='word_1_341' title='bbox 483 4356 583 4432; x_wconf 80' lang='grc' dir='ltr'>γὰρ</span> <span class='ocrx_word' id='word_1_342' title='bbox 614 4353 830 4428; x_wconf 76' lang='grc' dir='ltr'>μᾶλλον</span> <span class='ocrx_word' id='word_1_343' title='bbox 853 4355 1120 4433; x_wconf 70' lang='grc' dir='ltr'>πεφύκασι</span> <span class='ocrx_word' id='word_1_344' title='bbox 1148 4361 1267 4417; x_wconf 85' lang='grc' dir='ltr'>τοῖς</span> <span class='ocrx_word' id='word_1_345' title='bbox 1297 4361 1486 4418; x_wconf 83' lang='grc' dir='ltr'>κακοῖς</span> <span class='ocrx_word' id='word_1_346' title='bbox 1516 4353 1657 4432; x_wconf 75' lang='grc' dir='ltr'>ἤπερ</span> <span class='ocrx_word' id='word_1_347' title='bbox 1704 4363 1823 4420; x_wconf 88' lang='grc' dir='ltr'>τοῖς</span> <span class='ocrx_word' id='word_1_348' title='bbox 1874 4358 2000 4432; x_wconf 71' lang='grc' dir='ltr'>ἀγαο</span> 
     </span>
    </p>
   </div>
   <div class='ocr_carea' id='block_1_49' title="bbox 333 4441 2002 4524">
    <p class='ocr_par' dir='ltr' id='par_1_49' title="bbox 333 4441 2002 4524">
     <span class='ocr_line' id='line_1_49' title="bbox 333 4441 2002 4524; baseline 0.002 -24"><span class='ocrx_word' id='word_1_349' title='bbox 333 4448 452 4508; x_wconf 92' lang='grc' dir='ltr'>θοῖς</span> <span class='ocrx_word' id='word_1_350' title='bbox 513 4441 691 4522; x_wconf 80' lang='grc' dir='ltr'>ἔργοις</span> <span class='ocrx_word' id='word_1_351' title='bbox 752 4445 843 4500; x_wconf 82' lang='grc' dir='ltr'>καὶ</span> <span class='ocrx_word' id='word_1_352' title='bbox 896 4449 962 4519; x_wconf 78' lang='grc' dir='ltr'>τῇ</span> <span class='ocrx_word' id='word_1_353' title='bbox 1018 4445 1365 4524; x_wconf 66' lang='grc' dir='ltr'>καρποφορίᾳ</span> <span class='ocrx_word' id='word_1_354' title='bbox 1391 4453 1492 4516; x_wconf 77' lang='grc' dir='ltr'>τῆς</span> <span class='ocrx_word' id='word_1_355' title='bbox 1533 4445 1779 4522; x_wconf 81' lang='grc' dir='ltr'>εἰρήνης.</span> <span class='ocrx_word' id='word_1_356' title='bbox 1823 4447 1885 4501; x_wconf 79' lang='grc' dir='ltr'><strong>Οἱ</strong></span> <span class='ocrx_word' id='word_1_357' title='bbox 1945 4446 2002 4503; x_wconf 78' lang='grc' dir='ltr'>δὶ</span> 
     </span>
    </p>
   </div>
   <div class='ocr_carea' id='block_1_50' title="bbox 335 4533 1997 4613">
    <p class='ocr_par' dir='ltr' id='par_1_50' title="bbox 335 4533 1997 4613">
     <span class='ocr_line' id='line_1_50' title="bbox 335 4533 1997 4613; baseline 0.001 -23"><span class='ocrx_word' id='word_1_358' title='bbox 335 4535 826 4610; x_wconf 84' lang='grc' dir='ltr'>ἐπιτηρησάμενοι,</span> <span class='ocrx_word' id='word_1_359' title='bbox 860 4536 1012 4613; x_wconf 61' lang='grc' dir='ltr'>ἄφνω</span> <span class='ocrx_word' id='word_1_360' title='bbox 1043 4533 1352 4596; x_wconf 81' lang='grc' dir='ltr'>ἐπιστάντες</span> <span class='ocrx_word' id='word_1_361' title='bbox 1410 4537 1655 4612; x_wconf 74' lang='grc' dir='ltr'>ξιφήρεις</span> <span class='ocrx_word' id='word_1_362' title='bbox 1685 4541 1766 4608; x_wconf 76' lang='grc' dir='ltr'>τῷ</span> <span class='ocrx_word' id='word_1_363' title='bbox 1821 4537 1997 4611; x_wconf 87' lang='grc' dir='ltr'>τόπῳ,</span> 
     </span>
    </p>
   </div>
   <div class='ocr_carea' id='block_1_51' title="bbox 2135 608 3798 687">
    <p class='ocr_par' dir='ltr' id='par_1_51' title="bbox 2135 608 3798 687">
     <span class='ocr_line' id='line_1_51' title="bbox 2135 608 3798 687; baseline 0.005 -26"><span class='ocrx_word' id='word_1_364' title='bbox 2135 608 2318 662; x_wconf 89' lang='lat' dir='ltr'>missa</span> <span class='ocrx_word' id='word_1_365' title='bbox 2350 613 2458 664; x_wconf 86' lang='lat' dir='ltr'>est.</span> <span class='ocrx_word' id='word_1_366' title='bbox 2491 608 2614 663; x_wconf 91' lang='lat' dir='ltr'>Non</span> <span class='ocrx_word' id='word_1_367' title='bbox 2652 610 2851 681; x_wconf 84' lang='lat' dir='ltr'>utique</span> <span class='ocrx_word' id='word_1_368' title='bbox 2882 610 3204 665; x_wconf 64' lang='lat' dir='ltr'>foeditatem</span> <span class='ocrx_word' id='word_1_369' title='bbox 3258 627 3458 666; x_wconf 88' lang='lat' dir='ltr'>eorum</span> <span class='ocrx_word' id='word_1_370' title='bbox 3502 612 3599 668; x_wconf 89' lang='lat' dir='ltr'>ille</span> <span class='ocrx_word' id='word_1_371' title='bbox 3630 614 3798 687; x_wconf 87' lang='lat' dir='ltr'>igno-</span> 
     </span>
    </p>
   </div>
   <div class='ocr_carea' id='block_1_52' title="bbox 2134 697 3797 773">
    <p class='ocr_par' dir='ltr' id='par_1_52' title="bbox 2134 697 3797 773">
     <span class='ocr_line' id='line_1_52' title="bbox 2134 697 3797 773; baseline 0.004 -21"><span class='ocrx_word' id='word_1_372' title='bbox 2134 698 2322 761; x_wconf 86' lang='lat' dir='ltr'>rabat.</span> <span class='ocrx_word' id='word_1_373' title='bbox 2357 698 2456 752; x_wconf 90' lang='lat' dir='ltr'>sed</span> <span class='ocrx_word' id='word_1_374' title='bbox 2491 697 2598 752; x_wconf 92' lang='lat' dir='ltr'>hoc</span> <span class='ocrx_word' id='word_1_375' title='bbox 2642 698 2782 770; x_wconf 87' lang='lat' dir='ltr'>egit,</span> <span class='ocrx_word' id='word_1_376' title='bbox 2837 703 2901 753; x_wconf 87' lang='lat' dir='ltr'>ut</span> <span class='ocrx_word' id='word_1_377' title='bbox 2951 699 3111 768; x_wconf 89' lang='lat' dir='ltr'>ipsos</span> <span class='ocrx_word' id='word_1_378' title='bbox 3162 700 3474 756; x_wconf 86' lang='lat' dir='ltr'>Dominicis</span> <span class='ocrx_word' id='word_1_379' title='bbox 3536 703 3797 773; x_wconf 86' lang='lat' dir='ltr'>pecuniis</span> 
     </span>
    </p>
   </div>
   <div class='ocr_carea' id='block_1_53' title="bbox 2136 786 3799 858">
    <p class='ocr_par' dir='ltr' id='par_1_53' title="bbox 2136 786 3799 858">
     <span class='ocr_line' id='line_1_53' title="bbox 2136 786 3799 858; baseline 0.004 -18"><span class='ocrx_word' id='word_1_380' title='bbox 2136 791 2369 841; x_wconf 81' lang='lat' dir='ltr'>utentes</span> <span class='ocrx_word' id='word_1_381' title='bbox 2415 786 2826 858; x_wconf 82' lang='lat' dir='ltr'>paratissimos</span> <span class='ocrx_word' id='word_1_382' title='bbox 2877 788 3068 858; x_wconf 83' lang='lat' dir='ltr'>potius</span> <span class='ocrx_word' id='word_1_383' title='bbox 3121 788 3389 843; x_wconf 82' lang='lat' dir='ltr'>redderet</span> <span class='ocrx_word' id='word_1_384' title='bbox 3452 791 3521 844; x_wconf 88' lang='lat' dir='ltr'>ad</span> <span class='ocrx_word' id='word_1_385' title='bbox 3575 791 3799 848; x_wconf 82' lang='lat' dir='ltr'>fortiter</span> 
     </span>
    </p>
   </div>
   <div class='ocr_carea' id='block_1_54' title="bbox 2135 876 3795 947">
    <p class='ocr_par' dir='ltr' id='par_1_54' title="bbox 2135 876 3795 947">
     <span class='ocr_line' id='line_1_54' title="bbox 2135 876 3795 947; baseline 0.003 -17"><span class='ocrx_word' id='word_1_386' title='bbox 2135 891 2238 946; x_wconf 91' lang='lat' dir='ltr'>pro</span> <span class='ocrx_word' id='word_1_387' title='bbox 2275 876 2517 930; x_wconf 93' lang='lat' dir='ltr'>Domino</span> <span class='ocrx_word' id='word_1_388' title='bbox 2550 876 2973 943; x_wconf 88' lang='lat' dir='ltr'>dimicandum,</span> <span class='ocrx_word' id='word_1_389' title='bbox 3007 884 3186 947; x_wconf 87' lang='lat' dir='ltr'>quam</span> <span class='ocrx_word' id='word_1_390' title='bbox 3218 877 3288 930; x_wconf 90' lang='lat' dir='ltr'>ad</span> <span class='ocrx_word' id='word_1_391' title='bbox 3334 877 3555 932; x_wconf 87' lang='lat' dir='ltr'>bellum</span> <span class='ocrx_word' id='word_1_392' title='bbox 3589 885 3795 936; x_wconf 88' lang='lat' dir='ltr'>contra</span> 
     </span>
    </p>
   </div>
   <div class='ocr_carea' id='block_1_55' title="bbox 2140 963 3796 1038">
    <p class='ocr_par' dir='ltr' id='par_1_55' title="bbox 2140 963 3796 1038">
     <span class='ocr_line' id='line_1_55' title="bbox 2140 963 3796 1038; baseline 0.004 -23"><span class='ocrx_word' id='word_1_393' title='bbox 2140 977 2334 1034; x_wconf 86' lang='lat' dir='ltr'>regem</span> <span class='ocrx_word' id='word_1_394' title='bbox 2395 980 2593 1028; x_wconf 90' lang='lat' dir='ltr'>suum,</span> <span class='ocrx_word' id='word_1_395' title='bbox 2622 969 2857 1034; x_wconf 85' lang='lat' dir='ltr'>prOpter</span> <span class='ocrx_word' id='word_1_396' title='bbox 2906 963 3108 1018; x_wconf 50' lang='lat' dir='ltr'>muniti</span> <span class='ocrx_word' id='word_1_397' title='bbox 3153 980 3435 1030; x_wconf 88' lang='lat' dir='ltr'>amorem,</span> <span class='ocrx_word' id='word_1_398' title='bbox 3469 967 3796 1038; x_wconf 86' lang='lat' dir='ltr'>suscipien-</span> 
     </span>
    </p>
   </div>
   <div class='ocr_carea' id='block_1_56' title="bbox 2135 1051 3794 1126">
    <p class='ocr_par' dir='ltr' id='par_1_56' title="bbox 2135 1051 3794 1126">
     <span class='ocr_line' id='line_1_56' title="bbox 2135 1051 3794 1126; baseline 0.003 -21"><span class='ocrx_word' id='word_1_399' title='bbox 2135 1052 2298 1106; x_wconf 92' lang='lat' dir='ltr'>dum.</span> <span class='ocrx_word' id='word_1_400' title='bbox 2337 1052 2421 1119; x_wconf 88' lang='lat' dir='ltr'>lli,</span> <span class='ocrx_word' id='word_1_401' title='bbox 2447 1051 2794 1123; x_wconf 86' lang='lat' dir='ltr'>ignobilium</span> <span class='ocrx_word' id='word_1_402' title='bbox 2829 1057 2886 1106; x_wconf 92' lang='lat' dir='ltr'>et</span> <span class='ocrx_word' id='word_1_403' title='bbox 2916 1052 3208 1106; x_wconf 88' lang='lat' dir='ltr'>slerilium</span> <span class='ocrx_word' id='word_1_404' title='bbox 3234 1053 3547 1124; x_wconf 83' lang='lat' dir='ltr'>palmitum</span> <span class='ocrx_word' id='word_1_405' title='bbox 3582 1055 3794 1126; x_wconf 85' lang='lat' dir='ltr'>instar,</span> 
     </span>
    </p>
   </div>
   <div class='ocr_carea' id='block_1_57' title="bbox 2139 1141 3793 1214">
    <p class='ocr_par' dir='ltr' id='par_1_57' title="bbox 2139 1141 3793 1214">
     <span class='ocr_line' id='line_1_57' title="bbox 2139 1141 3793 1214; baseline 0.003 -19"><span class='ocrx_word' id='word_1_406' title='bbox 2139 1142 2211 1195; x_wconf 91' lang='lat' dir='ltr'>ab</span> <span class='ocrx_word' id='word_1_407' title='bbox 2259 1141 2513 1213; x_wconf 80' lang='lat' dir='ltr'>agricola</span> <span class='ocrx_word' id='word_1_408' title='bbox 2561 1142 2789 1210; x_wconf 88' lang='lat' dir='ltr'>resecti,</span> <span class='ocrx_word' id='word_1_409' title='bbox 2833 1142 2985 1212; x_wconf 87' lang='lat' dir='ltr'>ignis</span> <span class='ocrx_word' id='word_1_410' title='bbox 3036 1141 3233 1196; x_wconf 68' lang='lat' dir='ltr'>aeterni</span> <span class='ocrx_word' id='word_1_411' title='bbox 3293 1143 3572 1214; x_wconf 85' lang='lat' dir='ltr'>pabulum</span> <span class='ocrx_word' id='word_1_412' title='bbox 3625 1146 3793 1200; x_wconf 87' lang='lat' dir='ltr'>ﬁunt.</span> 
     </span>
    </p>
   </div>
   <div class='ocr_carea' id='block_1_58' title="bbox 2139 1230 3796 1301">
    <p class='ocr_par' dir='ltr' id='par_1_58' title="bbox 2139 1230 3796 1301">
     <span class='ocr_line' id='line_1_58' title="bbox 2139 1230 3796 1301; baseline 0.002 -15"><span class='ocrx_word' id='word_1_413' title='bbox 2139 1231 2424 1286; x_wconf 66' lang='lat' dir='ltr'>Caeterum</span> <span class='ocrx_word' id='word_1_414' title='bbox 2458 1232 2790 1301; x_wconf 82' lang='lat' dir='ltr'>frequentes</span> <span class='ocrx_word' id='word_1_415' title='bbox 2825 1230 3036 1285; x_wconf 85' lang='lat' dir='ltr'>hiemis</span> <span class='ocrx_word' id='word_1_416' title='bbox 3069 1231 3335 1300; x_wconf 68' lang='lat' dir='ltr'>procellae</span> <span class='ocrx_word' id='word_1_417' title='bbox 3385 1233 3443 1286; x_wconf 91' lang='lat' dir='ltr'>in</span> <span class='ocrx_word' id='word_1_418' title='bbox 3487 1249 3681 1288; x_wconf 88' lang='lat' dir='ltr'>veram</span> <span class='ocrx_word' id='word_1_419' title='bbox 3713 1233 3796 1288; x_wconf 89' lang='lat' dir='ltr'>vi-</span> 
     </span>
    </p>
   </div>
   <div class='ocr_carea' id='block_1_59' title="bbox 2139 1319 3794 1391">
    <p class='ocr_par' dir='ltr' id='par_1_59' title="bbox 2139 1319 3794 1391">
     <span class='ocr_line' id='line_1_59' title="bbox 2139 1319 3794 1391; baseline 0.002 -16"><span class='ocrx_word' id='word_1_420' title='bbox 2139 1327 2280 1386; x_wconf 92' lang='lat' dir='ltr'>tem,</span> <span class='ocrx_word' id='word_1_421' title='bbox 2313 1319 2613 1376; x_wconf 85' lang='lat' dir='ltr'>Christum</span> <span class='ocrx_word' id='word_1_422' title='bbox 2657 1319 2860 1374; x_wconf 87' lang='lat' dir='ltr'>Jesum</span> <span class='ocrx_word' id='word_1_423' title='bbox 2911 1319 3194 1391; x_wconf 85' lang='lat' dir='ltr'>videlicet,</span> <span class='ocrx_word' id='word_1_424' title='bbox 3249 1321 3570 1390; x_wconf 91' lang='lat' dir='ltr'>irruerunt,</span> <span class='ocrx_word' id='word_1_425' title='bbox 3628 1339 3794 1379; x_wconf 87' lang='lat' dir='ltr'>cum-</span> 
     </span>
    </p>
   </div>
   <div class='ocr_carea' id='block_1_60' title="bbox 2140 1408 3794 1484">
    <p class='ocr_par' dir='ltr' id='par_1_60' title="bbox 2140 1408 3794 1484">
     <span class='ocr_line' id='line_1_60' title="bbox 2140 1408 3794 1484; baseline 0.001 -18"><span class='ocrx_word' id='word_1_426' title='bbox 2140 1428 2254 1483; x_wconf 88' lang='lat' dir='ltr'>que</span> <span class='ocrx_word' id='word_1_427' title='bbox 2313 1409 2517 1465; x_wconf 73' lang='lat' dir='ltr'>scribaa</span> <span class='ocrx_word' id='word_1_428' title='bbox 2567 1415 2623 1464; x_wconf 93' lang='lat' dir='ltr'>et</span> <span class='ocrx_word' id='word_1_429' title='bbox 2673 1408 2946 1464; x_wconf 60' lang='lat' dir='ltr'>Pharisaei</span> <span class='ocrx_word' id='word_1_430' title='bbox 2979 1409 3173 1480; x_wconf 89' lang='lat' dir='ltr'>ipsum</span> <span class='ocrx_word' id='word_1_431' title='bbox 3233 1409 3450 1466; x_wconf 89' lang='lat' dir='ltr'>vellent</span> <span class='ocrx_word' id='word_1_432' title='bbox 3497 1411 3794 1484; x_wconf 85' lang='lat' dir='ltr'>lapidibus</span> 
     </span>
    </p>
   </div>
   <div class='ocr_carea' id='block_1_61' title="bbox 2141 1497 3796 1564">
    <p class='ocr_par' dir='ltr' id='par_1_61' title="bbox 2141 1497 3796 1564">
     <span class='ocr_line' id='line_1_61' title="bbox 2141 1497 3796 1564; baseline 0.002 -9"><span class='ocrx_word' id='word_1_433' title='bbox 2141 1500 2406 1564; x_wconf 86' lang='lat' dir='ltr'>obruere,</span> <span class='ocrx_word' id='word_1_434' title='bbox 2448 1499 2610 1553; x_wconf 91' lang='lat' dir='ltr'>veriti</span> <span class='ocrx_word' id='word_1_435' title='bbox 2667 1515 2737 1553; x_wconf 88' lang='lat' dir='ltr'>ne</span> <span class='ocrx_word' id='word_1_436' title='bbox 2780 1515 2813 1554; x_wconf 91' lang='lat' dir='ltr'>a</span> <span class='ocrx_word' id='word_1_437' title='bbox 2858 1497 3046 1554; x_wconf 87' lang='lat' dir='ltr'>turbis</span> <span class='ocrx_word' id='word_1_438' title='bbox 3089 1498 3405 1555; x_wconf 89' lang='lat' dir='ltr'>Dominum</span> <span class='ocrx_word' id='word_1_439' title='bbox 3458 1502 3796 1559; x_wconf 88' lang='lat' dir='ltr'>amantibus</span> 
     </span>
    </p>
   </div>
   <div class='ocr_carea' id='block_1_62' title="bbox 2142 1586 3794 1658">
    <p class='ocr_par' dir='ltr' id='par_1_62' title="bbox 2142 1586 3794 1658">
     <span class='ocr_line' id='line_1_62' title="bbox 2142 1586 3794 1658; baseline 0.003 -17"><span class='ocrx_word' id='word_1_440' title='bbox 2142 1587 2633 1654; x_wconf 81' lang='lat' dir='ltr'>interficerentur,</span> <span class='ocrx_word' id='word_1_441' title='bbox 2669 1586 2740 1641; x_wconf 90' lang='lat' dir='ltr'>ab</span> <span class='ocrx_word' id='word_1_442' title='bbox 2773 1586 3020 1658; x_wconf 79' lang='lat' dir='ltr'>inceptis</span> <span class='ocrx_word' id='word_1_443' title='bbox 3067 1586 3452 1657; x_wconf 88' lang='lat' dir='ltr'>destiterunt;</span> <span class='ocrx_word' id='word_1_444' title='bbox 3484 1607 3616 1645; x_wconf 92' lang='lat' dir='ltr'>cum</span> <span class='ocrx_word' id='word_1_445' title='bbox 3654 1591 3794 1647; x_wconf 83' lang='lat' dir='ltr'>item</span> 
     </span>
    </p>
   </div>
   <div class='ocr_carea' id='block_1_63' title="bbox 2143 1674 3798 1747">
    <p class='ocr_par' dir='ltr' id='par_1_63' title="bbox 2143 1674 3798 1747">
     <span class='ocr_line' id='line_1_63' title="bbox 2143 1674 3798 1747; baseline 0.003 -16"><span class='ocrx_word' id='word_1_446' title='bbox 2143 1675 2287 1731; x_wconf 87' lang='lat' dir='ltr'>alias</span> <span class='ocrx_word' id='word_1_447' title='bbox 2319 1675 2511 1746; x_wconf 89' lang='lat' dir='ltr'>ipsum</span> <span class='ocrx_word' id='word_1_448' title='bbox 2547 1674 2760 1730; x_wconf 88' lang='lat' dir='ltr'>vellent</span> <span class='ocrx_word' id='word_1_449' title='bbox 2802 1676 3316 1747; x_wconf 88' lang='lat' dir='ltr'>comprehendere,</span> <span class='ocrx_word' id='word_1_450' title='bbox 3352 1696 3464 1734; x_wconf 92' lang='lat' dir='ltr'>non</span> <span class='ocrx_word' id='word_1_451' title='bbox 3507 1683 3798 1736; x_wconf 89' lang='lat' dir='ltr'>concessit</span> 
     </span>
    </p>
   </div>
   <div class='ocr_carea' id='block_1_64' title="bbox 2140 1764 3797 1842">
    <p class='ocr_par' dir='ltr' id='par_1_64' title="bbox 2140 1764 3797 1842">
     <span class='ocr_line' id='line_1_64' title="bbox 2140 1764 3797 1842; baseline 0.004 -23"><span class='ocrx_word' id='word_1_452' title='bbox 2140 1764 2341 1830; x_wconf 86' lang='lat' dir='ltr'>Jesus,</span> <span class='ocrx_word' id='word_1_453' title='bbox 2374 1765 2557 1818; x_wconf 90' lang='lat' dir='ltr'>donec</span> <span class='ocrx_word' id='word_1_454' title='bbox 2587 1764 2920 1818; x_wconf 89' lang='lat' dir='ltr'>advenisset</span> <span class='ocrx_word' id='word_1_455' title='bbox 2967 1764 3109 1820; x_wconf 92' lang='lat' dir='ltr'>hora</span> <span class='ocrx_word' id='word_1_456' title='bbox 3139 1770 3196 1820; x_wconf 91' lang='lat' dir='ltr'>et</span> <span class='ocrx_word' id='word_1_457' title='bbox 3249 1767 3392 1838; x_wconf 79' lang='lat' dir='ltr'>dies,</span> <span class='ocrx_word' id='word_1_458' title='bbox 3443 1784 3615 1838; x_wconf 88' lang='lat' dir='ltr'>quem</span> <span class='ocrx_word' id='word_1_459' title='bbox 3673 1769 3797 1842; x_wconf 86' lang='lat' dir='ltr'>ipse</span> 
     </span>
    </p>
   </div>
   <div class='ocr_carea' id='block_1_65' title="bbox 2144 1853 3794 1930">
    <p class='ocr_par' dir='ltr' id='par_1_65' title="bbox 2144 1853 3794 1930">
     <span class='ocr_line' id='line_1_65' title="bbox 2144 1853 3794 1930; baseline 0.004 -22"><span class='ocrx_word' id='word_1_460' title='bbox 2144 1853 2431 1909; x_wconf 87' lang='lat' dir='ltr'>Dominus</span> <span class='ocrx_word' id='word_1_461' title='bbox 2461 1857 2597 1908; x_wconf 84' lang='lat' dir='ltr'>ante</span> <span class='ocrx_word' id='word_1_462' title='bbox 2629 1853 2840 1908; x_wconf 69' lang='lat' dir='ltr'>saecula</span> <span class='ocrx_word' id='word_1_463' title='bbox 2869 1855 3240 1925; x_wconf 71' lang='lat' dir='ltr'>praeﬁnierat,</span> <span class='ocrx_word' id='word_1_464' title='bbox 3272 1872 3386 1924; x_wconf 86' lang='lat' dir='ltr'>qua</span> <span class='ocrx_word' id='word_1_465' title='bbox 3429 1856 3623 1928; x_wconf 91' lang='lat' dir='ltr'>ipsum</span> <span class='ocrx_word' id='word_1_466' title='bbox 3676 1859 3794 1930; x_wconf 87' lang='lat' dir='ltr'>pati</span> 
     </span>
    </p>
   </div>
   <div class='ocr_carea' id='block_1_66' title="bbox 2139 1943 3791 2016">
    <p class='ocr_par' dir='ltr' id='par_1_66' title="bbox 2139 1943 3791 2016">
     <span class='ocr_line' id='line_1_66' title="bbox 2139 1943 3791 2016; baseline 0.002 -17"><span class='ocrx_word' id='word_1_467' title='bbox 2139 1943 2463 2015; x_wconf 86' lang='lat' dir='ltr'>oportebat.</span> <span class='ocrx_word' id='word_1_468' title='bbox 2493 1943 2615 1998; x_wconf 85' lang='lat' dir='ltr'>Alio</span> <span class='ocrx_word' id='word_1_469' title='bbox 2659 1959 2868 1998; x_wconf 88' lang='lat' dir='ltr'>rursus</span> <span class='ocrx_word' id='word_1_470' title='bbox 2901 1947 3159 2014; x_wconf 87' lang='lat' dir='ltr'>tempore</span> <span class='ocrx_word' id='word_1_471' title='bbox 3203 1961 3336 2000; x_wconf 79' lang='lat' dir='ltr'>cum</span> <span class='ocrx_word' id='word_1_472' title='bbox 3384 1945 3622 2016; x_wconf 88' lang='lat' dir='ltr'>quidam</span> <span class='ocrx_word' id='word_1_473' title='bbox 3655 1964 3791 2003; x_wconf 90' lang='lat' dir='ltr'>eum</span> 
     </span>
    </p>
   </div>
   <div class='ocr_carea' id='block_1_67' title="bbox 2135 2031 3790 2105">
    <p class='ocr_par' dir='ltr' id='par_1_67' title="bbox 2135 2031 3790 2105">
     <span class='ocr_line' id='line_1_67' title="bbox 2135 2031 3790 2105; baseline 0.003 -18"><span class='ocrx_word' id='word_1_474' title='bbox 2135 2033 2348 2088; x_wconf 86' lang='lat' dir='ltr'>vellent</span> <span class='ocrx_word' id='word_1_475' title='bbox 2380 2031 2764 2104; x_wconf 57' lang='lat' dir='ltr'>praecipitare,</span> <span class='ocrx_word' id='word_1_476' title='bbox 2794 2033 2919 2103; x_wconf 90' lang='lat' dir='ltr'>ipse</span> <span class='ocrx_word' id='word_1_477' title='bbox 2951 2033 3141 2104; x_wconf 84' lang='lat' dir='ltr'>quiete</span> <span class='ocrx_word' id='word_1_478' title='bbox 3173 2050 3274 2105; x_wconf 89' lang='lat' dir='ltr'>per</span> <span class='ocrx_word' id='word_1_479' title='bbox 3294 2035 3553 2090; x_wconf 90' lang='lat' dir='ltr'>medium</span> <span class='ocrx_word' id='word_1_480' title='bbox 3587 2052 3790 2092; x_wconf 82' lang='lat' dir='ltr'>eorum</span> 
     </span>
    </p>
   </div>
   <div class='ocr_carea' id='block_1_68' title="bbox 2135 2120 3792 2197">
    <p class='ocr_par' dir='ltr' id='par_1_68' title="bbox 2135 2120 3792 2197">
     <span class='ocr_line' id='line_1_68' title="bbox 2135 2120 3792 2197; baseline 0.002 -20"><span class='ocrx_word' id='word_1_481' title='bbox 2135 2121 2312 2178; x_wconf 86' lang='lat' dir='ltr'>exivit</span> <span class='ocrx_word' id='word_1_482' title='bbox 2337 2121 2400 2176; x_wconf 70' lang='grc'>⁵6.</span> <span class='ocrx_word' id='word_1_483' title='bbox 2429 2120 2896 2176; x_wconf 81' lang='lat' dir='ltr'>Innumerabiles</span> <span class='ocrx_word' id='word_1_484' title='bbox 2922 2120 3044 2176; x_wconf 61' lang='lat' dir='ltr'>alia</span> <span class='ocrx_word' id='word_1_485' title='bbox 3078 2123 3236 2178; x_wconf 86' lang='lat' dir='ltr'>fuere</span> <span class='ocrx_word' id='word_1_486' title='bbox 3269 2124 3644 2196; x_wconf 82' lang='lat' dir='ltr'>tentationes,</span> <span class='ocrx_word' id='word_1_487' title='bbox 3665 2142 3792 2197; x_wconf 70' lang='lat' dir='ltr'>quae</span> 
     </span>
    </p>
   </div>
   <div class='ocr_carea' id='block_1_69' title="bbox 2134 2209 3792 2283">
    <p class='ocr_par' dir='ltr' id='par_1_69' title="bbox 2134 2209 3792 2283">
     <span class='ocr_line' id='line_1_69' title="bbox 2134 2209 3792 2283; baseline 0.004 -18"><span class='ocrx_word' id='word_1_488' title='bbox 2134 2211 2541 2283; x_wconf 86' lang='lat' dir='ltr'>impendentes</span> <span class='ocrx_word' id='word_1_489' title='bbox 2566 2209 2832 2265; x_wconf 69' lang='lat' dir='ltr'>cohibitae</span> <span class='ocrx_word' id='word_1_490' title='bbox 2866 2217 3095 2278; x_wconf 84' lang='lat' dir='ltr'>sunt,el</span> <span class='ocrx_word' id='word_1_491' title='bbox 3120 2212 3177 2266; x_wconf 90' lang='lat' dir='ltr'>in</span> <span class='ocrx_word' id='word_1_492' title='bbox 3213 2211 3462 2267; x_wconf 88' lang='lat' dir='ltr'>nihilum</span> <span class='ocrx_word' id='word_1_493' title='bbox 3498 2213 3792 2273; x_wconf 89' lang='lat' dir='ltr'>abierunt.</span> 
     </span>
    </p>
   </div>
   <div class='ocr_carea' id='block_1_70' title="bbox 2133 2299 3790 2375">
    <p class='ocr_par' dir='ltr' id='par_1_70' title="bbox 2133 2299 3790 2375">
     <span class='ocr_line' id='line_1_70' title="bbox 2133 2299 3790 2375; baseline 0.003 -20"><span class='ocrx_word' id='word_1_494' title='bbox 2133 2301 2284 2356; x_wconf 91' lang='lat' dir='ltr'>Tum</span> <span class='ocrx_word' id='word_1_495' title='bbox 2314 2317 2449 2356; x_wconf 90' lang='lat' dir='ltr'>vero</span> <span class='ocrx_word' id='word_1_496' title='bbox 2481 2299 2611 2355; x_wconf 89' lang='lat' dir='ltr'>novi</span> <span class='ocrx_word' id='word_1_497' title='bbox 2645 2300 2781 2355; x_wconf 90' lang='lat' dir='ltr'>anni</span> <span class='ocrx_word' id='word_1_498' title='bbox 2815 2299 3169 2372; x_wconf 90' lang='lat' dir='ltr'>principium</span> <span class='ocrx_word' id='word_1_499' title='bbox 3201 2307 3345 2372; x_wconf 84' lang='lat' dir='ltr'>erat,</span> <span class='ocrx_word' id='word_1_500' title='bbox 3378 2319 3492 2374; x_wconf 91' lang='lat' dir='ltr'>quo</span> <span class='ocrx_word' id='word_1_501' title='bbox 3524 2308 3790 2375; x_wconf 88' lang='lat' dir='ltr'>tempore</span> 
     </span>
    </p>
   </div>
   <div class='ocr_carea' id='block_1_71' title="bbox 2121 2389 3786 2461">
    <p class='ocr_par' dir='ltr' id='par_1_71' title="bbox 2121 2389 3786 2461">
     <span class='ocr_line' id='line_1_71' title="bbox 2121 2389 3786 2461; baseline 0.002 -16"><span class='ocrx_word' id='word_1_502' title='bbox 2121 2390 2296 2461; x_wconf 85' lang='lat' dir='ltr'>juxta</span> <span class='ocrx_word' id='word_1_503' title='bbox 2317 2390 2548 2445; x_wconf 88' lang='lat' dir='ltr'>Domini</span> <span class='ocrx_word' id='word_1_504' title='bbox 2564 2389 3616 2461; x_wconf 81' lang='lat' dir='ltr'>praeceptum,Paschaimmolandum</span> <span class='ocrx_word' id='word_1_505' title='bbox 3641 2400 3786 2450; x_wconf 87' lang='lat' dir='ltr'>erat.</span> 
     </span>
    </p>
   </div>
   <div class='ocr_carea' id='block_1_72' title="bbox 2125 2479 3790 2552">
    <p class='ocr_par' dir='ltr' id='par_1_72' title="bbox 2125 2479 3790 2552">
     <span class='ocr_line' id='line_1_72' title="bbox 2125 2479 3790 2552; baseline 0.001 -16"><span class='ocrx_word' id='word_1_506' title='bbox 2125 2481 2298 2537; x_wconf 85' lang='lat' dir='ltr'>Jubet</span> <span class='ocrx_word' id='word_1_507' title='bbox 2349 2485 2567 2547; x_wconf 91' lang='lat' dir='ltr'>autem,</span> <span class='ocrx_word' id='word_1_508' title='bbox 2602 2487 2664 2535; x_wconf 87' lang='lat' dir='ltr'>ut</span> <span class='ocrx_word' id='word_1_509' title='bbox 2715 2480 2860 2551; x_wconf 87' lang='lat' dir='ltr'>ipsis</span> <span class='ocrx_word' id='word_1_510' title='bbox 2893 2479 3201 2552; x_wconf 84' lang='lat' dir='ltr'>imperavit</span> <span class='ocrx_word' id='word_1_511' title='bbox 3244 2479 3417 2552; x_wconf 88' lang='lat' dir='ltr'>Deus,</span> <span class='ocrx_word' id='word_1_512' title='bbox 3473 2498 3648 2537; x_wconf 88' lang='lat' dir='ltr'>omne</span> <span class='ocrx_word' id='word_1_513' title='bbox 3688 2500 3790 2538; x_wconf 86' lang='lat' dir='ltr'>eos</span> 
     </span>
    </p>
   </div>
   <div class='ocr_carea' id='block_1_73' title="bbox 2126 2567 3789 2642">
    <p class='ocr_par' dir='ltr' id='par_1_73' title="bbox 2126 2567 3789 2642">
     <span class='ocr_line' id='line_1_73' title="bbox 2126 2567 3789 2642; baseline 0.002 -19"><span class='ocrx_word' id='word_1_514' title='bbox 2126 2569 2457 2641; x_wconf 80' lang='lat' dir='ltr'>iniquitatis</span> <span class='ocrx_word' id='word_1_515' title='bbox 2487 2567 2790 2623; x_wconf 89' lang='lat' dir='ltr'>vinculum</span> <span class='ocrx_word' id='word_1_516' title='bbox 2823 2567 3068 2636; x_wconf 87' lang='lat' dir='ltr'>solvere,</span> <span class='ocrx_word' id='word_1_517' title='bbox 3101 2568 3406 2640; x_wconf 89' lang='lat' dir='ltr'>Deumque</span> <span class='ocrx_word' id='word_1_518' title='bbox 3439 2570 3551 2626; x_wconf 90' lang='lat' dir='ltr'>sibi</span> <span class='ocrx_word' id='word_1_519' title='bbox 3599 2571 3789 2642; x_wconf 89' lang='lat' dir='ltr'>propi-</span> 
     </span>
    </p>
   </div>
   <div class='ocr_carea' id='block_1_74' title="bbox 2124 2656 3787 2730">
    <p class='ocr_par' dir='ltr' id='par_1_74' title="bbox 2124 2656 3787 2730">
     <span class='ocr_line' id='line_1_74' title="bbox 2124 2656 3787 2730; baseline 0.002 -19"><span class='ocrx_word' id='word_1_520' title='bbox 2124 2658 2272 2712; x_wconf 87' lang='lat' dir='ltr'>tium</span> <span class='ocrx_word' id='word_1_521' title='bbox 2322 2662 2379 2712; x_wconf 90' lang='lat' dir='ltr'>et</span> <span class='ocrx_word' id='word_1_522' title='bbox 2420 2659 2807 2729; x_wconf 87' lang='lat' dir='ltr'>conjunctum</span> <span class='ocrx_word' id='word_1_523' title='bbox 2853 2656 3240 2730; x_wconf 80' lang='lat' dir='ltr'>eleemosynis</span> <span class='ocrx_word' id='word_1_524' title='bbox 3291 2657 3548 2729; x_wconf 88' lang='lat' dir='ltr'>reddere,</span> <span class='ocrx_word' id='word_1_525' title='bbox 3594 2661 3787 2730; x_wconf 82' lang='lat' dir='ltr'>proxi-</span> 
     </span>
    </p>
   </div>
   <div class='ocr_carea' id='block_1_75' title="bbox 2124 2745 3786 2817">
    <p class='ocr_par' dir='ltr' id='par_1_75' title="bbox 2124 2745 3786 2817">
     <span class='ocr_line' id='line_1_75' title="bbox 2124 2745 3786 2817; baseline 0.003 -16"><span class='ocrx_word' id='word_1_526' title='bbox 2124 2762 2288 2801; x_wconf 90' lang='lat' dir='ltr'>mum</span> <span class='ocrx_word' id='word_1_527' title='bbox 2335 2763 2448 2802; x_wconf 92' lang='lat' dir='ltr'>non</span> <span class='ocrx_word' id='word_1_528' title='bbox 2501 2747 2636 2802; x_wconf 90' lang='lat' dir='ltr'>odio</span> <span class='ocrx_word' id='word_1_529' title='bbox 2684 2745 2922 2813; x_wconf 83' lang='lat' dir='ltr'>habere,</span> <span class='ocrx_word' id='word_1_530' title='bbox 2955 2762 3059 2802; x_wconf 84' lang='lat' dir='ltr'>nec</span> <span class='ocrx_word' id='word_1_531' title='bbox 3114 2748 3251 2817; x_wconf 89' lang='lat' dir='ltr'>quid</span> <span class='ocrx_word' id='word_1_532' title='bbox 3305 2747 3442 2803; x_wconf 90' lang='lat' dir='ltr'>mali</span> <span class='ocrx_word' id='word_1_533' title='bbox 3503 2749 3786 2806; x_wconf 74' lang='lat' dir='ltr'>adversus</span> 
     </span>
    </p>
   </div>
   <div class='ocr_carea' id='block_1_76' title="bbox 2123 2835 3782 2910">
    <p class='ocr_par' dir='ltr' id='par_1_76' title="bbox 2123 2835 3782 2910">
     <span class='ocr_line' id='line_1_76' title="bbox 2123 2835 3782 2910; baseline 0.002 -19"><span class='ocrx_word' id='word_1_534' title='bbox 2123 2837 2456 2908; x_wconf 88' lang='lat' dir='ltr'>quempiam</span> <span class='ocrx_word' id='word_1_535' title='bbox 2494 2835 2707 2903; x_wconf 90' lang='lat' dir='ltr'>moliri,</span> <span class='ocrx_word' id='word_1_536' title='bbox 2729 2835 2801 2890; x_wconf 93' lang='lat' dir='ltr'>ob</span> <span class='ocrx_word' id='word_1_537' title='bbox 2833 2837 3308 2892; x_wconf 77' lang='lat' dir='ltr'>communionem</span> <span class='ocrx_word' id='word_1_538' title='bbox 3334 2837 3574 2893; x_wconf 89' lang='lat' dir='ltr'>humani</span> <span class='ocrx_word' id='word_1_539' title='bbox 3608 2855 3782 2910; x_wconf 86' lang='lat' dir='ltr'>gene-</span> 
     </span>
    </p>
   </div>
   <div class='ocr_carea' id='block_1_77' title="bbox 2121 2925 3785 2996">
    <p class='ocr_par' dir='ltr' id='par_1_77' title="bbox 2121 2925 3785 2996">
     <span class='ocr_line' id='line_1_77' title="bbox 2121 2925 3785 2996; baseline 0.002 -16"><span class='ocrx_word' id='word_1_540' title='bbox 2121 2926 2225 2990; x_wconf 90' lang='lat' dir='ltr'>ris,</span> <span class='ocrx_word' id='word_1_541' title='bbox 2249 2927 2350 2981; x_wconf 89' lang='lat' dir='ltr'>sed</span> <span class='ocrx_word' id='word_1_542' title='bbox 2384 2942 2518 2980; x_wconf 91' lang='lat' dir='ltr'>cum</span> <span class='ocrx_word' id='word_1_543' title='bbox 2545 2941 2685 2996; x_wconf 90' lang='lat' dir='ltr'>pace</span> <span class='ocrx_word' id='word_1_544' title='bbox 2715 2931 2774 2980; x_wconf 92' lang='lat' dir='ltr'>et</span> <span class='ocrx_word' id='word_1_545' title='bbox 2805 2941 3043 2980; x_wconf 88' lang='lat' dir='ltr'>summa</span> <span class='ocrx_word' id='word_1_546' title='bbox 3075 2925 3282 2980; x_wconf 69' lang='lat' dir='ltr'>animae</span> <span class='ocrx_word' id='word_1_547' title='bbox 3307 2926 3599 2982; x_wconf 90' lang='lat' dir='ltr'>munditia</span> <span class='ocrx_word' id='word_1_548' title='bbox 3621 2928 3785 2983; x_wconf 89' lang='lat' dir='ltr'>debi-</span> 
     </span>
    </p>
   </div>
   <div class='ocr_carea' id='block_1_78' title="bbox 2118 3013 2978 3071">
    <p class='ocr_par' dir='ltr' id='par_1_78' title="bbox 2118 3013 2978 3071">
     <span class='ocr_line' id='line_1_78' title="bbox 2118 3013 2978 3071; baseline -0.001 -1"><span class='ocrx_word' id='word_1_549' title='bbox 2118 3020 2246 3071; x_wconf 91' lang='lat' dir='ltr'>tum</span> <span class='ocrx_word' id='word_1_550' title='bbox 2279 3015 2394 3071; x_wconf 88' lang='lat' dir='ltr'>Deo</span> <span class='ocrx_word' id='word_1_551' title='bbox 2425 3014 2651 3070; x_wconf 90' lang='lat' dir='ltr'>cultum</span> <span class='ocrx_word' id='word_1_552' title='bbox 2685 3013 2978 3070; x_wconf 88' lang='lat' dir='ltr'>exhibere.</span> 
     </span>
    </p>
   </div>
   <div class='ocr_carea' id='block_1_79' title="bbox 2187 3191 3779 3266">
    <p class='ocr_par' dir='ltr' id='par_1_79' title="bbox 2187 3191 3779 3266">
     <span class='ocr_line' id='line_1_79' title="bbox 2187 3191 3779 3266; baseline 0.001 -17"><span class='ocrx_word' id='word_1_553' title='bbox 2187 3194 2276 3249; x_wconf 91' lang='lat'>36.</span> <span class='ocrx_word' id='word_1_554' title='bbox 2329 3194 2532 3265; x_wconf 89' lang='lat' dir='ltr'>Itaque</span> <span class='ocrx_word' id='word_1_555' title='bbox 2581 3193 2741 3264; x_wconf 87' lang='lat' dir='ltr'>pacis</span> <span class='ocrx_word' id='word_1_556' title='bbox 2788 3197 2845 3248; x_wconf 91' lang='lat' dir='ltr'>et</span> <span class='ocrx_word' id='word_1_557' title='bbox 2897 3193 3028 3248; x_wconf 79' lang='lat' dir='ltr'>festi</span> <span class='ocrx_word' id='word_1_558' title='bbox 3077 3191 3255 3248; x_wconf 89' lang='lat' dir='ltr'>veluti</span> <span class='ocrx_word' id='word_1_559' title='bbox 3304 3198 3565 3266; x_wconf 88' lang='lat' dir='ltr'>tempore</span> <span class='ocrx_word' id='word_1_560' title='bbox 3621 3195 3779 3252; x_wconf 87' lang='lat' dir='ltr'>venit</span> 
     </span>
    </p>
   </div>
   <div class='ocr_carea' id='block_1_80' title="bbox 2035 3267 3777 3355">
    <p class='ocr_par' dir='ltr' id='par_1_80' title="bbox 2035 3267 3777 3355">
     <span class='ocr_line' id='line_1_80' title="bbox 2035 3267 3777 3355; baseline 0.005 -22"><span class='ocrx_word' id='word_1_561' title='bbox 2035 3267 2077 3333; x_wconf 85' lang='lat' dir='ltr'><strong>C</strong></span> <span class='ocrx_word' id='word_1_562' title='bbox 2115 3283 2735 3355; x_wconf 80' lang='lat' dir='ltr'>JesusJerosolymam</span> <span class='ocrx_word' id='word_1_563' title='bbox 2767 3299 2898 3337; x_wconf 90' lang='lat' dir='ltr'>cum</span> <span class='ocrx_word' id='word_1_564' title='bbox 2933 3283 3057 3337; x_wconf 89' lang='lat' dir='ltr'>suis</span> <span class='ocrx_word' id='word_1_565' title='bbox 3088 3283 3419 3354; x_wconf 88' lang='lat' dir='ltr'>discipulis,</span> <span class='ocrx_word' id='word_1_566' title='bbox 3446 3301 3560 3340; x_wconf 92' lang='lat' dir='ltr'>non</span> <span class='ocrx_word' id='word_1_567' title='bbox 3592 3285 3777 3342; x_wconf 88' lang='lat' dir='ltr'>veluti</span> 
     </span>
    </p>
   </div>
   <div class='ocr_carea' id='block_1_81' title="bbox 2113 3371 3777 3446">
    <p class='ocr_par' dir='ltr' id='par_1_81' title="bbox 2113 3371 3777 3446">
     <span class='ocr_line' id='line_1_81' title="bbox 2113 3371 3777 3446; baseline 0.003 -19"><span class='ocrx_word' id='word_1_568' title='bbox 2113 3371 2394 3446; x_wconf 87' lang='lat' dir='ltr'>ignorans</span> <span class='ocrx_word' id='word_1_569' title='bbox 2461 3390 2588 3445; x_wconf 65' lang='lat' dir='ltr'>quas</span> <span class='ocrx_word' id='word_1_570' title='bbox 2645 3371 2757 3427; x_wconf 89' lang='lat' dir='ltr'>sibi</span> <span class='ocrx_word' id='word_1_571' title='bbox 2811 3377 3057 3427; x_wconf 89' lang='lat' dir='ltr'>ventura</span> <span class='ocrx_word' id='word_1_572' title='bbox 3104 3378 3292 3440; x_wconf 86' lang='lat' dir='ltr'>erant,</span> <span class='ocrx_word' id='word_1_573' title='bbox 3361 3375 3463 3430; x_wconf 92' lang='lat' dir='ltr'>sed</span> <span class='ocrx_word' id='word_1_574' title='bbox 3521 3375 3777 3432; x_wconf 86' lang='lat' dir='ltr'>maxime</span> 
     </span>
    </p>
   </div>
   <div class='ocr_carea' id='block_1_82' title="bbox 2113 3462 3775 3536">
    <p class='ocr_par' dir='ltr' id='par_1_82' title="bbox 2113 3462 3775 3536">
     <span class='ocr_line' id='line_1_82' title="bbox 2113 3462 3775 3536; baseline 0 -17"><span class='ocrx_word' id='word_1_575' title='bbox 2113 3469 2171 3519; x_wconf 85' lang='lat' dir='ltr'>et</span> <span class='ocrx_word' id='word_1_576' title='bbox 2199 3462 2498 3536; x_wconf 85' lang='lat' dir='ltr'>explorata</span> <span class='ocrx_word' id='word_1_577' title='bbox 2530 3462 2774 3517; x_wconf 80' lang='lat' dir='ltr'>habens.</span> <span class='ocrx_word' id='word_1_578' title='bbox 2799 3462 2945 3516; x_wconf 86' lang='lat' dir='ltr'>Hinc</span> <span class='ocrx_word' id='word_1_579' title='bbox 2976 3468 3132 3517; x_wconf 89' lang='lat' dir='ltr'>certe</span> <span class='ocrx_word' id='word_1_580' title='bbox 3154 3479 3278 3532; x_wconf 67' lang='lat' dir='ltr'>quin</span> <span class='ocrx_word' id='word_1_581' title='bbox 3301 3468 3631 3535; x_wconf 90' lang='lat' dir='ltr'>sequuntur</span> <span class='ocrx_word' id='word_1_582' title='bbox 3651 3465 3775 3519; x_wconf 85' lang='lat' dir='ltr'>dis-</span> 
     </span>
    </p>
   </div>
   <div class='ocr_carea' id='block_1_83' title="bbox 2113 3551 3773 3626">
    <p class='ocr_par' dir='ltr' id='par_1_83' title="bbox 2113 3551 3773 3626">
     <span class='ocr_line' id='line_1_83' title="bbox 2113 3551 3773 3626; baseline 0.002 -19"><span class='ocrx_word' id='word_1_583' title='bbox 2113 3553 2324 3625; x_wconf 85' lang='lat' dir='ltr'>cipulis</span> <span class='ocrx_word' id='word_1_584' title='bbox 2368 3551 2632 3624; x_wconf 78' lang='lat' dir='ltr'>praedixit</span> <span class='ocrx_word' id='word_1_585' title='bbox 2658 3568 2671 3606; x_wconf 86' lang='lat'><strong>:</strong></span> <span class='ocrx_word' id='word_1_586' title='bbox 2702 3572 2730 3600; x_wconf 86' lang='grc'>‹‹</span> <span class='ocrx_word' id='word_1_587' title='bbox 2760 3551 2898 3606; x_wconf 89' lang='lat' dir='ltr'>Ecce</span> <span class='ocrx_word' id='word_1_588' title='bbox 2920 3551 3299 3606; x_wconf 89' lang='lat' dir='ltr'>ascendimus</span> <span class='ocrx_word' id='word_1_589' title='bbox 3321 3551 3773 3626; x_wconf 76' lang='lat' dir='ltr'>Jerosolymam,</span> 
     </span>
    </p>
   </div>
   <div class='ocr_carea' id='block_1_84' title="bbox 2113 3639 3776 3699">
    <p class='ocr_par' dir='ltr' id='par_1_84' title="bbox 2113 3639 3776 3699">
     <span class='ocr_line' id='line_1_84' title="bbox 2113 3639 3776 3699; baseline 0.002 -3"><span class='ocrx_word' id='word_1_590' title='bbox 2113 3647 2170 3696; x_wconf 90' lang='lat' dir='ltr'>et</span> <span class='ocrx_word' id='word_1_591' title='bbox 2191 3640 2372 3696; x_wconf 90' lang='lat' dir='ltr'>Filius</span> <span class='ocrx_word' id='word_1_592' title='bbox 2405 3639 2662 3696; x_wconf 88' lang='lat' dir='ltr'>hominis</span> <span class='ocrx_word' id='word_1_593' title='bbox 2694 3640 2958 3695; x_wconf 87' lang='lat' dir='ltr'>tradetur</span> <span class='ocrx_word' id='word_1_594' title='bbox 2987 3639 3046 3694; x_wconf 91' lang='lat' dir='ltr'>in</span> <span class='ocrx_word' id='word_1_595' title='bbox 3079 3641 3355 3696; x_wconf 89' lang='lat' dir='ltr'>manibus</span> <span class='ocrx_word' id='word_1_596' title='bbox 3385 3642 3684 3698; x_wconf 86' lang='lat' dir='ltr'>seniorum</span> <span class='ocrx_word' id='word_1_597' title='bbox 3718 3648 3776 3699; x_wconf 89' lang='lat' dir='ltr'>et</span> 
     </span>
    </p>
   </div>
   <div class='ocr_carea' id='block_1_85' title="bbox 2113 3728 3773 3799">
    <p class='ocr_par' dir='ltr' id='par_1_85' title="bbox 2113 3728 3773 3799">
     <span class='ocr_line' id='line_1_85' title="bbox 2113 3728 3773 3799; baseline 0.001 -13"><span class='ocrx_word' id='word_1_598' title='bbox 2113 3731 2464 3797; x_wconf 87' lang='lat' dir='ltr'>scribarum,</span> <span class='ocrx_word' id='word_1_599' title='bbox 2488 3734 2546 3784; x_wconf 87' lang='lat' dir='ltr'>et</span> <span class='ocrx_word' id='word_1_600' title='bbox 2578 3730 2809 3784; x_wconf 87' lang='lat' dir='ltr'>tradent</span> <span class='ocrx_word' id='word_1_601' title='bbox 2831 3745 2965 3784; x_wconf 89' lang='lat' dir='ltr'>eum</span> <span class='ocrx_word' id='word_1_602' title='bbox 2997 3728 3296 3799; x_wconf 83' lang='lat' dir='ltr'>gentibus,</span> <span class='ocrx_word' id='word_1_603' title='bbox 3319 3734 3375 3784; x_wconf 91' lang='lat' dir='ltr'>et</span> <span class='ocrx_word' id='word_1_604' title='bbox 3396 3731 3773 3786; x_wconf 87' lang='lat' dir='ltr'>comdemna-</span> 
     </span>
    </p>
   </div>
   <div class='ocr_carea' id='block_1_86' title="bbox 2113 3817 3771 3889">
    <p class='ocr_par' dir='ltr' id='par_1_86' title="bbox 2113 3817 3771 3889">
     <span class='ocr_line' id='line_1_86' title="bbox 2113 3817 3771 3889; baseline 0.001 -14"><span class='ocrx_word' id='word_1_605' title='bbox 2113 3820 2260 3876; x_wconf 91' lang='lat' dir='ltr'>bunt</span> <span class='ocrx_word' id='word_1_606' title='bbox 2290 3836 2425 3875; x_wconf 85' lang='lat' dir='ltr'>eum</span> <span class='ocrx_word' id='word_1_607' title='bbox 2478 3824 2665 3874; x_wconf 88' lang='lat' dir='ltr'>morte</span> <span class='ocrx_word' id='word_1_608' title='bbox 2694 3819 2756 3871; x_wconf 71' lang='grc' dir='ltr'>ετ.</span> <span class='ocrx_word' id='word_1_609' title='bbox 2797 3839 2826 3868; x_wconf 84' lang='grc'>››</span> <span class='ocrx_word' id='word_1_610' title='bbox 2873 3817 2948 3873; x_wconf 90' lang='lat' dir='ltr'>Ut</span> <span class='ocrx_word' id='word_1_611' title='bbox 2985 3833 3121 3889; x_wconf 88' lang='lat' dir='ltr'>ergo</span> <span class='ocrx_word' id='word_1_612' title='bbox 3154 3817 3387 3889; x_wconf 70' lang='lat' dir='ltr'>injuste?</span> <span class='ocrx_word' id='word_1_613' title='bbox 3433 3818 3771 3876; x_wconf 70' lang='lat' dir='ltr'>Judaaorum</span> 
     </span>
    </p>
   </div>
   <div class='ocr_carea' id='block_1_87' title="bbox 2109 3907 3773 3981">
    <p class='ocr_par' dir='ltr' id='par_1_87' title="bbox 2109 3907 3773 3981">
     <span class='ocr_line' id='line_1_87' title="bbox 2109 3907 3773 3981; baseline -0.001 -17"><span class='ocrx_word' id='word_1_614' title='bbox 2109 3911 2295 3965; x_wconf 72' lang='lat' dir='ltr'>turbae</span> <span class='ocrx_word' id='word_1_615' title='bbox 2336 3913 2643 3981; x_wconf 89' lang='lat' dir='ltr'>appareret</span> <span class='ocrx_word' id='word_1_616' title='bbox 2696 3907 3004 3980; x_wconf 88' lang='lat' dir='ltr'>iniquitas,</span> <span class='ocrx_word' id='word_1_617' title='bbox 3054 3925 3167 3979; x_wconf 84' lang='lat' dir='ltr'>pax</span> <span class='ocrx_word' id='word_1_618' title='bbox 3213 3907 3636 3981; x_wconf 82' lang='lat' dir='ltr'>Jerosolymam</span> <span class='ocrx_word' id='word_1_619' title='bbox 3681 3909 3773 3964; x_wconf 90' lang='lat' dir='ltr'>in-</span> 
     </span>
    </p>
   </div>
   <div class='ocr_carea' id='block_1_88' title="bbox 2109 3997 3771 4070">
    <p class='ocr_par' dir='ltr' id='par_1_88' title="bbox 2109 3997 3771 4070">
     <span class='ocr_line' id='line_1_88' title="bbox 2109 3997 3771 4070; baseline 0 -16"><span class='ocrx_word' id='word_1_620' title='bbox 2109 3998 2328 4066; x_wconf 89' lang='lat' dir='ltr'>troivit,</span> <span class='ocrx_word' id='word_1_621' title='bbox 2361 4014 2540 4070; x_wconf 90' lang='lat' dir='ltr'>quam</span> <span class='ocrx_word' id='word_1_622' title='bbox 2573 3997 2674 4053; x_wconf 91' lang='lat' dir='ltr'>ubi</span> <span class='ocrx_word' id='word_1_623' title='bbox 2709 4013 3064 4069; x_wconf 86' lang='lat' dir='ltr'>conspexere</span> <span class='ocrx_word' id='word_1_624' title='bbox 3101 3998 3287 4068; x_wconf 89' lang='lat' dir='ltr'>ipsius</span> <span class='ocrx_word' id='word_1_625' title='bbox 3309 3997 3528 4069; x_wconf 88' lang='lat' dir='ltr'>hostes,</span> <span class='ocrx_word' id='word_1_626' title='bbox 3554 3999 3771 4054; x_wconf 90' lang='lat' dir='ltr'>turbati</span> 
     </span>
    </p>
   </div>
   <div class='ocr_carea' id='block_1_89' title="bbox 2111 4085 3768 4159">
    <p class='ocr_par' dir='ltr' id='par_1_89' title="bbox 2111 4085 3768 4159">
     <span class='ocr_line' id='line_1_89' title="bbox 2111 4085 3768 4159; baseline 0 -15"><span class='ocrx_word' id='word_1_627' title='bbox 2111 4094 2253 4144; x_wconf 90' lang='lat' dir='ltr'>sunt</span> <span class='ocrx_word' id='word_1_628' title='bbox 2285 4105 2298 4145; x_wconf 90' lang='lat'><strong>:</strong></span> <span class='ocrx_word' id='word_1_629' title='bbox 2332 4104 2442 4159; x_wconf 79' lang='lat' dir='ltr'>pax</span> <span class='ocrx_word' id='word_1_630' title='bbox 2473 4086 2631 4142; x_wconf 91' lang='lat' dir='ltr'>enim</span> <span class='ocrx_word' id='word_1_631' title='bbox 2658 4085 2927 4142; x_wconf 89' lang='lat' dir='ltr'>hostibus</span> <span class='ocrx_word' id='word_1_632' title='bbox 2959 4091 3015 4140; x_wconf 91' lang='lat' dir='ltr'>et</span> <span class='ocrx_word' id='word_1_633' title='bbox 3047 4085 3358 4142; x_wconf 89' lang='lat' dir='ltr'>homicidis</span> <span class='ocrx_word' id='word_1_634' title='bbox 3391 4087 3627 4143; x_wconf 85' lang='lat' dir='ltr'>inimica</span> <span class='ocrx_word' id='word_1_635' title='bbox 3658 4093 3768 4144; x_wconf 89' lang='lat' dir='ltr'>est.</span> 
     </span>
    </p>
   </div>
   <div class='ocr_carea' id='block_1_90' title="bbox 2111 4175 3772 4249">
    <p class='ocr_par' dir='ltr' id='par_1_90' title="bbox 2111 4175 3772 4249">
     <span class='ocr_line' id='line_1_90' title="bbox 2111 4175 3772 4249; baseline 0 -16"><span class='ocrx_word' id='word_1_636' title='bbox 2111 4177 2179 4233; x_wconf 92' lang='lat' dir='ltr'>Hi</span> <span class='ocrx_word' id='word_1_637' title='bbox 2236 4177 2391 4233; x_wconf 88' lang='lat' dir='ltr'>enim</span> <span class='ocrx_word' id='word_1_638' title='bbox 2445 4175 2620 4231; x_wconf 88' lang='lat' dir='ltr'>malis</span> <span class='ocrx_word' id='word_1_639' title='bbox 2689 4175 2884 4248; x_wconf 91' lang='lat' dir='ltr'>potius</span> <span class='ocrx_word' id='word_1_640' title='bbox 2935 4191 3112 4246; x_wconf 88' lang='lat' dir='ltr'>quam</span> <span class='ocrx_word' id='word_1_641' title='bbox 3168 4175 3336 4232; x_wconf 90' lang='lat' dir='ltr'>bonis</span> <span class='ocrx_word' id='word_1_642' title='bbox 3383 4177 3659 4249; x_wconf 89' lang='lat' dir='ltr'>operibus</span> <span class='ocrx_word' id='word_1_643' title='bbox 3715 4187 3772 4234; x_wconf 88' lang='lat' dir='ltr'>et</span> 
     </span>
    </p>
   </div>
   <div class='ocr_carea' id='block_1_91' title="bbox 2110 4263 3768 4338">
    <p class='ocr_par' dir='ltr' id='par_1_91' title="bbox 2110 4263 3768 4338">
     <span class='ocr_line' id='line_1_91' title="bbox 2110 4263 3768 4338; baseline 0.001 -16"><span class='ocrx_word' id='word_1_644' title='bbox 2110 4267 2399 4322; x_wconf 84' lang='lat' dir='ltr'>fructibus</span> <span class='ocrx_word' id='word_1_645' title='bbox 2431 4265 2589 4337; x_wconf 89' lang='lat' dir='ltr'>pacis</span> <span class='ocrx_word' id='word_1_646' title='bbox 2616 4265 2809 4320; x_wconf 86' lang='lat' dir='ltr'>solent</span> <span class='ocrx_word' id='word_1_647' title='bbox 2838 4263 3135 4320; x_wconf 88' lang='lat' dir='ltr'>delectari.</span> <span class='ocrx_word' id='word_1_648' title='bbox 3169 4265 3256 4319; x_wconf 90' lang='lat' dir='ltr'>Illi</span> <span class='ocrx_word' id='word_1_649' title='bbox 3290 4282 3422 4322; x_wconf 91' lang='lat' dir='ltr'>vero</span> <span class='ocrx_word' id='word_1_650' title='bbox 3454 4271 3768 4338; x_wconf 86' lang='lat' dir='ltr'>postquam</span> 
     </span>
    </p>
   </div>
   <div class='ocr_carea' id='block_1_92' title="bbox 2110 4353 3767 4428">
    <p class='ocr_par' dir='ltr' id='par_1_92' title="bbox 2110 4353 3767 4428">
     <span class='ocr_line' id='line_1_92' title="bbox 2110 4353 3767 4428; baseline -0.001 -16"><span class='ocrx_word' id='word_1_651' title='bbox 2110 4357 2306 4428; x_wconf 90' lang='lat' dir='ltr'>ipsum</span> <span class='ocrx_word' id='word_1_652' title='bbox 2357 4356 2789 4421; x_wconf 83' lang='lat' dir='ltr'>observassent,</span> <span class='ocrx_word' id='word_1_653' title='bbox 2834 4353 3108 4409; x_wconf 87' lang='lat' dir='ltr'>sensibus</span> <span class='ocrx_word' id='word_1_654' title='bbox 3163 4355 3374 4408; x_wconf 90' lang='lat' dir='ltr'>armati</span> <span class='ocrx_word' id='word_1_655' title='bbox 3441 4355 3638 4411; x_wconf 88' lang='lat' dir='ltr'>subito</span> <span class='ocrx_word' id='word_1_656' title='bbox 3709 4358 3767 4412; x_wconf 90' lang='lat' dir='ltr'>in</span> 
     </span>
    </p>
   </div>
   <div class='ocr_carea' id='block_1_93' title="bbox 2108 4441 3764 4515">
    <p class='ocr_par' dir='ltr' id='par_1_93' title="bbox 2108 4441 3764 4515">
     <span class='ocr_line' id='line_1_93' title="bbox 2108 4441 3764 4515; baseline 0 -15"><span class='ocrx_word' id='word_1_657' title='bbox 2108 4445 2302 4500; x_wconf 92' lang='lat' dir='ltr'>locum</span> <span class='ocrx_word' id='word_1_658' title='bbox 2325 4444 2580 4508; x_wconf 88' lang='lat' dir='ltr'>irruunt,</span> <span class='ocrx_word' id='word_1_659' title='bbox 2613 4441 2710 4498; x_wconf 89' lang='lat' dir='ltr'>ubi</span> <span class='ocrx_word' id='word_1_660' title='bbox 2744 4447 2869 4497; x_wconf 88' lang='lat' dir='ltr'>erat</span> <span class='ocrx_word' id='word_1_661' title='bbox 2897 4441 3070 4497; x_wconf 89' lang='lat' dir='ltr'>Jesus</span> <span class='ocrx_word' id='word_1_662' title='bbox 3103 4459 3238 4497; x_wconf 90' lang='lat' dir='ltr'>cum</span> <span class='ocrx_word' id='word_1_663' title='bbox 3271 4441 3395 4498; x_wconf 90' lang='lat' dir='ltr'>suis</span> <span class='ocrx_word' id='word_1_664' title='bbox 3434 4443 3764 4515; x_wconf 87' lang='lat' dir='ltr'>discipulis.</span> 
     </span>
    </p>
   </div>
   <div class='ocr_carea' id='block_1_94' title="bbox 2109 4531 3766 4603">
    <p class='ocr_par' dir='ltr' id='par_1_94' title="bbox 2109 4531 3766 4603">
     <span class='ocr_line' id='line_1_94' title="bbox 2109 4531 3766 4603; baseline -0.001 -13"><span class='ocrx_word' id='word_1_665' title='bbox 2109 4535 2259 4590; x_wconf 90' lang='lat' dir='ltr'>Tum</span> <span class='ocrx_word' id='word_1_666' title='bbox 2292 4549 2497 4590; x_wconf 89' lang='lat' dir='ltr'>omnes</span> <span class='ocrx_word' id='word_1_667' title='bbox 2548 4531 3111 4603; x_wconf 89' lang='lat' dir='ltr'>circumspicientes,</span> <span class='ocrx_word' id='word_1_668' title='bbox 3147 4531 3412 4602; x_wconf 89' lang='lat' dir='ltr'>impuras</span> <span class='ocrx_word' id='word_1_669' title='bbox 3464 4548 3674 4589; x_wconf 88' lang='lat' dir='ltr'>manus</span> <span class='ocrx_word' id='word_1_670' title='bbox 3707 4534 3766 4589; x_wconf 95' lang='lat' dir='ltr'>in</span> 
     </span>
    </p>
   </div>
   <div class='ocr_carea' id='block_1_95' title="bbox 341 4620 2012 4702">
    <p class='ocr_par' dir='ltr' id='par_1_95' title="bbox 341 4621 2004 4702">
     <span class='ocr_line' id='line_1_95' title="bbox 341 4621 2004 4702; baseline 0.002 -23"><span class='ocrx_word' id='word_1_671' title='bbox 341 4621 465 4688; x_wconf 76' lang='grc' dir='ltr'>ἔνθα</span> <span class='ocrx_word' id='word_1_672' title='bbox 521 4624 588 4693; x_wconf 76' lang='grc' dir='ltr'>ἦν</span> <span class='ocrx_word' id='word_1_673' title='bbox 649 4625 741 4678; x_wconf 72' lang='grc' dir='ltr'>σὺν</span> <span class='ocrx_word' id='word_1_674' title='bbox 796 4629 914 4685; x_wconf 89' lang='grc' dir='ltr'>τοῖς</span> <span class='ocrx_word' id='word_1_675' title='bbox 978 4625 1245 4696; x_wconf 85' lang='grc' dir='ltr'>μαθηταῖς</span> <span class='ocrx_word' id='word_1_676' title='bbox 1303 4625 1331 4678; x_wconf 86' lang='grc' dir='ltr'>ὁ</span> <span class='ocrx_word' id='word_1_677' title='bbox 1379 4625 1613 4696; x_wconf 72' lang='grc' dir='ltr'>’[ησοῦς,</span> <span class='ocrx_word' id='word_1_678' title='bbox 1647 4625 2004 4702; x_wconf 85' lang='grc' dir='ltr'>κατοπτρισά-</span> 
     </span>
    </p>
   </div>
   <div class='ocr_carea' id='block_1_96' title="bbox 2124 4620 3765 4702">
    <p class='ocr_par' dir='ltr' id='par_1_96' title="bbox 2124 4620 3765 4697">
     <span class='ocr_line' id='line_1_96' title="bbox 2124 4620 3765 4697; baseline -0.002 -17"><span class='ocrx_word' id='word_1_679' title='bbox 2124 4630 2304 4697; x_wconf 74' lang='lat' dir='ltr'>ipsum</span> <span class='ocrx_word' id='word_1_680' title='bbox 2338 4625 2398 4679; x_wconf 91' lang='lat' dir='ltr'>in</span> <span class='ocrx_word' id='word_1_681' title='bbox 2421 4622 2631 4695; x_wconf 90' lang='lat' dir='ltr'>primis</span> <span class='ocrx_word' id='word_1_682' title='bbox 2661 4621 2958 4692; x_wconf 83' lang='lat' dir='ltr'>injiciunt,</span> <span class='ocrx_word' id='word_1_683' title='bbox 2991 4637 3124 4676; x_wconf 90' lang='lat' dir='ltr'>cum</span> <span class='ocrx_word' id='word_1_684' title='bbox 3180 4620 3372 4676; x_wconf 89' lang='lat' dir='ltr'>adhuc</span> <span class='ocrx_word' id='word_1_685' title='bbox 3401 4626 3598 4677; x_wconf 89' lang='lat' dir='ltr'>essent</span> <span class='ocrx_word' id='word_1_686' title='bbox 3629 4639 3765 4678; x_wconf 91' lang='lat' dir='ltr'>cum</span> 
     </span>
    </p>
   </div>
   <div class='ocr_carea' id='block_1_97' title="bbox 349 4708 2005 4789">
    <p class='ocr_par' dir='ltr' id='par_1_97' title="bbox 349 4708 2005 4789">
     <span class='ocr_line' id='line_1_97' title="bbox 349 4708 2005 4789; baseline 0.006 -27"><span class='ocrx_word' id='word_1_687' title='bbox 349 4734 501 4786; x_wconf 81' lang='grc' dir='ltr'>μενοι</span> <span class='ocrx_word' id='word_1_688' title='bbox 535 4714 766 4774; x_wconf 78' lang='grc' dir='ltr'>ἅπαντες</span> <span class='ocrx_word' id='word_1_689' title='bbox 796 4716 928 4786; x_wconf 79' lang='lat'>(86),</span> <span class='ocrx_word' id='word_1_690' title='bbox 963 4712 1014 4765; x_wconf 88' lang='grc' dir='ltr'>ἐν</span> <span class='ocrx_word' id='word_1_691' title='bbox 1047 4713 1290 4788; x_wconf 90' lang='grc' dir='ltr'>πρώτοις</span> <span class='ocrx_word' id='word_1_692' title='bbox 1335 4708 1696 4770; x_wconf 85' lang='grc' dir='ltr'>ἐπιϐάλλουσι</span> <span class='ocrx_word' id='word_1_693' title='bbox 1755 4717 1850 4777; x_wconf 84' lang='grc' dir='ltr'>τὰς</span> <span class='ocrx_word' id='word_1_694' title='bbox 1885 4738 2005 4789; x_wconf 85' lang='grc' dir='ltr'>μια-</span> 
     </span>
    </p>
   </div>
   <div class='ocr_carea' id='block_1_98' title="bbox 344 4798 1998 4878">
    <p class='ocr_par' dir='ltr' id='par_1_98' title="bbox 344 4798 1998 4878">
     <span class='ocr_line' id='line_1_98' title="bbox 344 4798 1998 4878; baseline 0.003 -22"><span class='ocrx_word' id='word_1_695' title='bbox 344 4802 436 4878; x_wconf 81' lang='grc' dir='ltr'>ρὰς</span> <span class='ocrx_word' id='word_1_696' title='bbox 476 4809 670 4878; x_wconf 87' lang='grc' dir='ltr'>χεῖρας</span> <span class='ocrx_word' id='word_1_697' title='bbox 701 4801 875 4856; x_wconf 80' lang='grc' dir='ltr'>αὐτῶν</span> <span class='ocrx_word' id='word_1_698' title='bbox 910 4801 991 4856; x_wconf 86' lang='grc' dir='ltr'>ἐπ’</span> <span class='ocrx_word' id='word_1_699' title='bbox 1023 4802 1205 4873; x_wconf 82' lang='grc' dir='ltr'>αὐτὸν,</span> <span class='ocrx_word' id='word_1_700' title='bbox 1239 4798 1316 4856; x_wconf 78' lang='grc' dir='ltr'>ἔτι</span> <span class='ocrx_word' id='word_1_701' title='bbox 1346 4807 1456 4858; x_wconf 88' lang='grc' dir='ltr'>τῶν</span> <span class='ocrx_word' id='word_1_702' title='bbox 1517 4805 1774 4876; x_wconf 84' lang='grc' dir='ltr'>μαθητῶν</span> <span class='ocrx_word' id='word_1_703' title='bbox 1835 4805 1998 4861; x_wconf 79' lang='grc' dir='ltr'>αὐτοῦ</span> 
     </span>
    </p>
   </div>
   <div class='ocr_carea' id='block_1_99' title="bbox 342 4888 1998 4973">
    <p class='ocr_par' dir='ltr' id='par_1_99' title="bbox 342 4888 1998 4973">
     <span class='ocr_line' id='line_1_99' title="bbox 342 4888 1998 4973; baseline 0.003 -28"><span class='ocrx_word' id='word_1_704' title='bbox 342 4892 690 4947; x_wconf 80' lang='grc' dir='ltr'>συνεστώτων</span> <span class='ocrx_word' id='word_1_705' title='bbox 722 4890 890 4962; x_wconf 84' lang='grc' dir='ltr'>αὐτῷ.</span> <span class='ocrx_word' id='word_1_706' title='bbox 920 4892 978 4949; x_wconf 74' lang='grc' dir='ltr'>Ὀ</span> <span class='ocrx_word' id='word_1_707' title='bbox 1011 4888 1068 4945; x_wconf 85' lang='grc' dir='ltr'>δέ</span> <span class='ocrx_word' id='word_1_708' title='bbox 1106 4912 1266 4969; x_wconf 74' lang='grc' dir='ltr'>φησιν</span> <span class='ocrx_word' id='word_1_709' title='bbox 1303 4890 1592 4966; x_wconf 80' lang='grc' dir='ltr'>εἰρηνικῶς</span> <span class='ocrx_word' id='word_1_710' title='bbox 1625 4898 1741 4954; x_wconf 86' lang='grc' dir='ltr'>τοῖς</span> <span class='ocrx_word' id='word_1_711' title='bbox 1778 4897 1998 4973; x_wconf 74' lang='grc' dir='ltr'>μιαιφό-</span> 
     </span>
    </p>
   </div>
   <div class='ocr_carea' id='block_1_100' title="bbox 338 4978 1997 5058">
    <p class='ocr_par' dir='ltr' id='par_1_100' title="bbox 338 4978 1997 5058">
     <span class='ocr_line' id='line_1_100' title="bbox 338 4978 1997 5058; baseline 0.002 -24"><span class='ocrx_word' id='word_1_712' title='bbox 338 5001 472 5036; x_wconf 84' lang='grc' dir='ltr'>νοις·</span> <span class='ocrx_word' id='word_1_713' title='bbox 535 5005 563 5032; x_wconf 90' lang='grc'><strong>‹‹</strong></span> <span class='ocrx_word' id='word_1_714' title='bbox 613 4981 674 5034; x_wconf 85' lang='grc' dir='ltr'>Εἰ</span> <span class='ocrx_word' id='word_1_715' title='bbox 733 4980 830 5053; x_wconf 75' lang='grc' dir='ltr'>ἐμὲ</span> <span class='ocrx_word' id='word_1_716' title='bbox 901 4985 1133 5052; x_wconf 88' lang='grc' dir='ltr'>ζητεῖτε,</span> <span class='ocrx_word' id='word_1_717' title='bbox 1185 4978 1344 5058; x_wconf 78' lang='grc' dir='ltr'>ἄφετε</span> <span class='ocrx_word' id='word_1_718' title='bbox 1399 4979 1626 5043; x_wconf 88' lang='grc' dir='ltr'>τούτους</span> <span class='ocrx_word' id='word_1_719' title='bbox 1674 4982 1914 5058; x_wconf 86' lang='grc' dir='ltr'>ὑπάγειν.</span> <span class='ocrx_word' id='word_1_720' title='bbox 1968 5009 1997 5038; x_wconf 84' lang='grc'>››</span> 
     </span>
    </p>
   </div>
   <div class='ocr_carea' id='block_1_101' title="bbox 334 5066 1993 5149">
    <p class='ocr_par' dir='ltr' id='par_1_101' title="bbox 334 5066 1993 5149">
     <span class='ocr_line' id='line_1_101' title="bbox 334 5066 1993 5149; baseline 0.003 -26"><span class='ocrx_word' id='word_1_721' title='bbox 334 5073 450 5123; x_wconf 89' lang='grc' dir='ltr'>Τῶν</span> <span class='ocrx_word' id='word_1_722' title='bbox 485 5066 543 5124; x_wconf 75' lang='grc' dir='ltr'>δὲ</span> <span class='ocrx_word' id='word_1_723' title='bbox 582 5071 840 5141; x_wconf 85' lang='grc' dir='ltr'>μαθητῶν</span> <span class='ocrx_word' id='word_1_724' title='bbox 876 5069 1196 5143; x_wconf 72' lang='grc' dir='ltr'>ἑωρακότων</span> <span class='ocrx_word' id='word_1_725' title='bbox 1254 5069 1322 5124; x_wconf 72' lang='grc' dir='ltr'>τά</span> <span class='ocrx_word' id='word_1_726' title='bbox 1352 5066 1594 5148; x_wconf 74' lang='grc' dir='ltr'>δύσφορα</span> <span class='ocrx_word' id='word_1_727' title='bbox 1645 5075 1993 5149; x_wconf 88' lang='grc' dir='ltr'>πειρατήρια,</span> 
     </span>
    </p>
   </div>
   <div class='ocr_carea' id='block_1_102' title="bbox 339 5156 1995 5237">
    <p class='ocr_par' dir='ltr' id='par_1_102' title="bbox 339 5156 1995 5237">
     <span class='ocr_line' id='line_1_102' title="bbox 339 5156 1995 5237; baseline 0.003 -24"><span class='ocrx_word' id='word_1_728' title='bbox 339 5159 412 5230; x_wconf 79' lang='grc' dir='ltr'>μὴ</span> <span class='ocrx_word' id='word_1_729' title='bbox 443 5158 727 5234; x_wconf 87' lang='grc' dir='ltr'>παρούσης</span> <span class='ocrx_word' id='word_1_730' title='bbox 759 5158 944 5220; x_wconf 78' lang='grc' dir='ltr'>αὐτοῖς</span> <span class='ocrx_word' id='word_1_731' title='bbox 993 5161 1091 5228; x_wconf 77' lang='grc' dir='ltr'>τῆς</span> <span class='ocrx_word' id='word_1_732' title='bbox 1140 5156 1416 5233; x_wconf 88' lang='grc' dir='ltr'>δυνάμεως</span> <span class='ocrx_word' id='word_1_733' title='bbox 1470 5164 1568 5214; x_wconf 76' lang='grc' dir='ltr'>τοῦ</span> <span class='ocrx_word' id='word_1_734' title='bbox 1627 5161 1782 5237; x_wconf 83' lang='grc' dir='ltr'>ἁγίου</span> <span class='ocrx_word' id='word_1_735' title='bbox 1823 5162 1995 5219; x_wconf 84' lang='grc' dir='ltr'>ΙΙνεύ-</span> 
     </span>
    </p>
   </div>
   <div class='ocr_carea' id='block_1_103' title="bbox 338 5245 1995 5319">
    <p class='ocr_par' dir='ltr' id='par_1_103' title="bbox 338 5245 1995 5319">
     <span class='ocr_line' id='line_1_103' title="bbox 338 5245 1995 5319; baseline 0.002 -17"><span class='ocrx_word' id='word_1_736' title='bbox 338 5267 526 5319; x_wconf 86' lang='grc' dir='ltr'>ματος,</span> <span class='ocrx_word' id='word_1_737' title='bbox 569 5247 964 5310; x_wconf 84' lang='grc' dir='ltr'>καταλιπόντες</span> <span class='ocrx_word' id='word_1_738' title='bbox 1025 5247 1184 5302; x_wconf 79' lang='grc' dir='ltr'>αὐτὸν</span> <span class='ocrx_word' id='word_1_739' title='bbox 1213 5247 1303 5303; x_wconf 88' lang='grc' dir='ltr'>τὸν</span> <span class='ocrx_word' id='word_1_740' title='bbox 1368 5245 1694 5305; x_wconf 80' lang='grc' dir='ltr'>διδάσκαλον</span> <span class='ocrx_word' id='word_1_741' title='bbox 1754 5250 1844 5305; x_wconf 86' lang='grc' dir='ltr'>καὶ</span> <span class='ocrx_word' id='word_1_742' title='bbox 1890 5253 1995 5310; x_wconf 90' lang='grc' dir='ltr'>Κύ-</span> 
     </span>
    </p>
   </div>
   <div class='ocr_carea' id='block_1_104' title="bbox 408 5403 1446 5474">
    <p class='ocr_par' dir='ltr' id='par_1_104' title="bbox 408 5403 1446 5474">
     <span class='ocr_line' id='line_1_104' title="bbox 408 5403 1446 5474; baseline 0.001 -16"><span class='ocrx_word' id='word_1_743' title='bbox 408 5403 452 5438; x_wconf 84' lang='grc'>⁶⁶</span> <span class='ocrx_word' id='word_1_744' title='bbox 484 5410 618 5460; x_wconf 87' lang='lat' dir='ltr'>Luc.</span> <span class='ocrx_word' id='word_1_745' title='bbox 648 5419 727 5474; x_wconf 76' lang='lat' dir='ltr'>IV,</span> <span class='ocrx_word' id='word_1_746' title='bbox 757 5405 847 5460; x_wconf 88' lang='lat'>30.</span> <span class='ocrx_word' id='word_1_747' title='bbox 924 5403 969 5439; x_wconf 77' lang='grc'>⁸⁸⁷</span> <span class='ocrx_word' id='word_1_748' title='bbox 999 5403 1205 5460; x_wconf 88' lang='lat' dir='ltr'>Matth.</span> <span class='ocrx_word' id='word_1_749' title='bbox 1231 5421 1325 5474; x_wconf 80' lang='lat' dir='ltr'>xx,</span> <span class='ocrx_word' id='word_1_750' title='bbox 1360 5405 1446 5459; x_wconf 93' lang='grc'>18.</span> 
     </span>
    </p>
   </div>
   <div class='ocr_carea' id='block_1_105' title="bbox 432 5569 1932 5649">
    <p class='ocr_par' dir='ltr' id='par_1_105' title="bbox 432 5569 1932 5649">
     <span class='ocr_line' id='line_1_105' title="bbox 432 5569 1932 5649; baseline 0.002 -20"><span class='ocrx_word' id='word_1_751' title='bbox 432 5575 526 5649; x_wconf 61' lang='lat'>82)</span> <span class='ocrx_word' id='word_1_752' title='bbox 557 5573 696 5649; x_wconf 78' lang='lat' dir='ltr'>Reg.</span> <span class='ocrx_word' id='word_1_753' title='bbox 729 5569 1220 5649; x_wconf 45' lang='lat' dir='ltr'>toiQSecrtouxo‘t&#39;c</span> <span class='ocrx_word' id='word_1_754' title='bbox 1242 5571 1559 5649; x_wconf 78' lang='grc' dir='ltr'>χρωμένοις</span> <span class='ocrx_word' id='word_1_755' title='bbox 1587 5572 1932 5649; x_wconf 85' lang='grc' dir='ltr'>ἐτοιμότατα.</span> 
     </span>
    </p>
   </div>
   <div class='ocr_carea' id='block_1_106' title="bbox 434 5643 1080 5718">
    <p class='ocr_par' dir='ltr' id='par_1_106' title="bbox 434 5643 1080 5718">
     <span class='ocr_line' id='line_1_106' title="bbox 434 5643 1080 5718; baseline -0.002 -17"><span class='ocrx_word' id='word_1_756' title='bbox 434 5643 527 5715; x_wconf 85' lang='grc'>83)</span> <span class='ocrx_word' id='word_1_757' title='bbox 555 5643 706 5718; x_wconf 62' lang='lat' dir='ltr'>Aug.</span> <span class='ocrx_word' id='word_1_758' title='bbox 742 5643 1080 5718; x_wconf 43' lang='lat' dir='ltr'>Noﬁd‘gd’ozt.</span> 
     </span>
    </p>
   </div>
   <div class='ocr_carea' id='block_1_107' title="bbox 437 5713 1158 5791">
    <p class='ocr_par' dir='ltr' id='par_1_107' title="bbox 437 5713 1158 5791">
     <span class='ocr_line' id='line_1_107' title="bbox 437 5713 1158 5791; baseline -0.001 -17"><span class='ocrx_word' id='word_1_759' title='bbox 437 5713 530 5791; x_wconf 68' lang='grc'>84)</span> <span class='ocrx_word' id='word_1_760' title='bbox 560 5713 710 5790; x_wconf 55' lang='lat' dir='ltr'>Aug.</span> <span class='ocrx_word' id='word_1_761' title='bbox 743 5713 1158 5788; x_wconf 79' lang='grc' dir='ltr'>ἐξεληλυθότος.</span> 
     </span>
    </p>
   </div>
   <div class='ocr_carea' id='block_1_108' title="bbox 1524 5405 2092 5481">
    <p class='ocr_par' dir='ltr' id='par_1_108' title="bbox 1524 5405 2092 5481">
     <span class='ocr_line' id='line_1_108' title="bbox 1524 5405 2092 5481; baseline 0.007 -20"><span class='ocrx_word' id='word_1_762' title='bbox 1524 5405 1568 5440; x_wconf 79' lang='grc'>⁸⁸</span> <span class='ocrx_word' id='word_1_763' title='bbox 1607 5405 1777 5462; x_wconf 86' lang='lat' dir='ltr'>Joan.</span> <span class='ocrx_word' id='word_1_764' title='bbox 1832 5423 1996 5481; x_wconf 80' lang='lat' dir='ltr'>xvm,</span> <span class='ocrx_word' id='word_1_765' title='bbox 2035 5407 2092 5465; x_wconf 93' lang='lat'><strong>8.</strong></span> 
     </span>
    </p>
   </div>
   <div class='ocr_carea' id='block_1_109' title="bbox 2115 4709 3768 4786">
    <p class='ocr_par' dir='ltr' id='par_1_109' title="bbox 2115 4709 3768 4786">
     <span class='ocr_line' id='line_1_109' title="bbox 2115 4709 3768 4786; baseline -0.002 -15"><span class='ocrx_word' id='word_1_766' title='bbox 2115 4731 2182 4771; x_wconf 90' lang='lat' dir='ltr'>eo</span> <span class='ocrx_word' id='word_1_767' title='bbox 2212 4711 2507 4786; x_wconf 89' lang='lat' dir='ltr'>discipuli.</span> <span class='ocrx_word' id='word_1_768' title='bbox 2540 4714 2611 4767; x_wconf 91' lang='lat' dir='ltr'>At</span> <span class='ocrx_word' id='word_1_769' title='bbox 2640 4711 2738 4766; x_wconf 88' lang='lat' dir='ltr'>ille</span> <span class='ocrx_word' id='word_1_770' title='bbox 2777 4709 3103 4766; x_wconf 89' lang='lat' dir='ltr'>homicidas</span> <span class='ocrx_word' id='word_1_771' title='bbox 3127 4773 3130 4776; x_wconf 42' lang='grc'>,</span> <span class='ocrx_word' id='word_1_772' title='bbox 3152 4711 3391 4782; x_wconf 79' lang='lat' dir='ltr'>pacifica</span> <span class='ocrx_word' id='word_1_773' title='bbox 3432 4710 3528 4767; x_wconf 92' lang='lat' dir='ltr'>his</span> <span class='ocrx_word' id='word_1_774' title='bbox 3574 4712 3768 4769; x_wconf 90' lang='lat' dir='ltr'>verbis</span> 
     </span>
    </p>
   </div>
   <div class='ocr_carea' id='block_1_110' title="bbox 2109 4799 3766 4874">
    <p class='ocr_par' dir='ltr' id='par_1_110' title="bbox 2109 4799 3766 4874">
     <span class='ocr_line' id='line_1_110' title="bbox 2109 4799 3766 4874; baseline -0.004 -15"><span class='ocrx_word' id='word_1_775' title='bbox 2109 4804 2430 4874; x_wconf 87' lang='lat' dir='ltr'>alloquitur</span> <span class='ocrx_word' id='word_1_776' title='bbox 2459 4819 2471 4858; x_wconf 94' lang='lat'><strong>:</strong></span> <span class='ocrx_word' id='word_1_777' title='bbox 2506 4824 2533 4852; x_wconf 84' lang='lat'>«</span> <span class='ocrx_word' id='word_1_778' title='bbox 2568 4801 2628 4856; x_wconf 94' lang='lat' dir='ltr'>Si</span> <span class='ocrx_word' id='word_1_779' title='bbox 2665 4817 2757 4855; x_wconf 91' lang='lat' dir='ltr'>me</span> <span class='ocrx_word' id='word_1_780' title='bbox 2798 4799 3081 4871; x_wconf 67' lang='lat' dir='ltr'>quaeritis,</span> <span class='ocrx_word' id='word_1_781' title='bbox 3111 4800 3282 4855; x_wconf 87' lang='lat' dir='ltr'>sinite</span> <span class='ocrx_word' id='word_1_782' title='bbox 3316 4799 3419 4856; x_wconf 84' lang='lat' dir='ltr'>hos</span> <span class='ocrx_word' id='word_1_783' title='bbox 3449 4800 3608 4858; x_wconf 87' lang='lat' dir='ltr'>abire</span> <span class='ocrx_word' id='word_1_784' title='bbox 3636 4803 3700 4858; x_wconf 80' lang='grc'>⁸⁸.</span> <span class='ocrx_word' id='word_1_785' title='bbox 3737 4825 3766 4853; x_wconf 87' lang='grc'>››</span> 
     </span>
    </p>
   </div>
   <div class='ocr_carea' id='block_1_111' title="bbox 2109 4889 3768 4965">
    <p class='ocr_par' dir='ltr' id='par_1_111' title="bbox 2109 4889 3768 4965">
     <span class='ocr_line' id='line_1_111' title="bbox 2109 4889 3768 4965; baseline -0.001 -17"><span class='ocrx_word' id='word_1_786' title='bbox 2109 4891 2392 4965; x_wconf 90' lang='lat' dir='ltr'>Discipuli</span> <span class='ocrx_word' id='word_1_787' title='bbox 2450 4907 2585 4946; x_wconf 86' lang='lat' dir='ltr'>vero</span> <span class='ocrx_word' id='word_1_788' title='bbox 2661 4889 3010 4962; x_wconf 85' lang='lat' dir='ltr'>gravissima</span> <span class='ocrx_word' id='word_1_789' title='bbox 3067 4893 3410 4946; x_wconf 90' lang='lat' dir='ltr'>contuentes</span> <span class='ocrx_word' id='word_1_790' title='bbox 3485 4892 3768 4961; x_wconf 87' lang='lat' dir='ltr'>pericula,</span> 
     </span>
    </p>
   </div>
   <div class='ocr_carea' id='block_1_112' title="bbox 2107 4978 3763 5056">
    <p class='ocr_par' dir='ltr' id='par_1_112' title="bbox 2107 4978 3763 5056">
     <span class='ocr_line' id='line_1_112' title="bbox 2107 4978 3763 5056; baseline -0.004 -15"><span class='ocrx_word' id='word_1_791' title='bbox 2107 5001 2245 5042; x_wconf 88' lang='lat' dir='ltr'>cum</span> <span class='ocrx_word' id='word_1_792' title='bbox 2305 4983 2453 5056; x_wconf 90' lang='lat' dir='ltr'>ipsis</span> <span class='ocrx_word' id='word_1_793' title='bbox 2511 4998 2626 5036; x_wconf 93' lang='lat' dir='ltr'>non</span> <span class='ocrx_word' id='word_1_794' title='bbox 2706 4981 2912 5036; x_wconf 84' lang='lat' dir='ltr'>adesse</span> <span class='ocrx_word' id='word_1_795' title='bbox 2975 4979 3162 5035; x_wconf 83' lang='lat' dir='ltr'>sancti</span> <span class='ocrx_word' id='word_1_796' title='bbox 3237 4978 3488 5051; x_wconf 87' lang='lat' dir='ltr'>Spiritus</span> <span class='ocrx_word' id='word_1_797' title='bbox 3554 4980 3763 5050; x_wconf 89' lang='lat' dir='ltr'>virtus,</span> 
     </span>
    </p>
   </div>
   <div class='ocr_carea' id='block_1_113' title="bbox 2107 5068 3760 5146">
    <p class='ocr_par' dir='ltr' id='par_1_113' title="bbox 2107 5068 3760 5146">
     <span class='ocr_line' id='line_1_113' title="bbox 2107 5068 3760 5146; baseline -0.003 -17"><span class='ocrx_word' id='word_1_798' title='bbox 2107 5074 2388 5146; x_wconf 80' lang='lat' dir='ltr'>magistro</span> <span class='ocrx_word' id='word_1_799' title='bbox 2421 5089 2486 5126; x_wconf 91' lang='lat' dir='ltr'>ac</span> <span class='ocrx_word' id='word_1_800' title='bbox 2517 5071 2764 5126; x_wconf 88' lang='lat' dir='ltr'>Domino</span> <span class='ocrx_word' id='word_1_801' title='bbox 2798 5068 3019 5135; x_wconf 88' lang='lat' dir='ltr'>relicto,</span> <span class='ocrx_word' id='word_1_802' title='bbox 3055 5085 3119 5123; x_wconf 86' lang='lat' dir='ltr'>se</span> <span class='ocrx_word' id='word_1_803' title='bbox 3150 5069 3206 5122; x_wconf 91' lang='lat' dir='ltr'>in</span> <span class='ocrx_word' id='word_1_804' title='bbox 3234 5068 3432 5139; x_wconf 85' lang='lat' dir='ltr'>fugam</span> <span class='ocrx_word' id='word_1_805' title='bbox 3453 5068 3760 5124; x_wconf 89' lang='lat' dir='ltr'>dederunt.</span> 
     </span>
    </p>
   </div>
   <div class='ocr_carea' id='block_1_114' title="bbox 2106 5157 3763 5228">
    <p class='ocr_par' dir='ltr' id='par_1_114' title="bbox 2106 5157 3763 5228">
     <span class='ocr_line' id='line_1_114' title="bbox 2106 5157 3763 5228; baseline -0.005 -8"><span class='ocrx_word' id='word_1_806' title='bbox 2106 5164 2196 5220; x_wconf 89' lang='lat' dir='ltr'>Illi</span> <span class='ocrx_word' id='word_1_807' title='bbox 2240 5179 2374 5219; x_wconf 89' lang='lat' dir='ltr'>vero</span> <span class='ocrx_word' id='word_1_808' title='bbox 2423 5162 2648 5216; x_wconf 66' lang='lat' dir='ltr'>Satanas</span> <span class='ocrx_word' id='word_1_809' title='bbox 2701 5157 3007 5214; x_wconf 88' lang='lat' dir='ltr'>domestici</span> <span class='ocrx_word' id='word_1_810' title='bbox 3057 5157 3625 5228; x_wconf 88' lang='lat' dir='ltr'>comprehenderunt</span> <span class='ocrx_word' id='word_1_811' title='bbox 3659 5157 3763 5212; x_wconf 87' lang='lat' dir='ltr'>Je-</span> 
     </span>
    </p>
   </div>
   <div class='ocr_carea' id='block_1_115' title="bbox 2104 5245 3757 5325">
    <p class='ocr_par' dir='ltr' id='par_1_115' title="bbox 2104 5245 3757 5325">
     <span class='ocr_line' id='line_1_115' title="bbox 2104 5245 3757 5325; baseline -0.007 -14"><span class='ocrx_word' id='word_1_812' title='bbox 2104 5270 2260 5314; x_wconf 82' lang='lat' dir='ltr'>sum.</span> <span class='ocrx_word' id='word_1_813' title='bbox 2295 5267 2470 5325; x_wconf 77' lang='lat' dir='ltr'>quem</span> <span class='ocrx_word' id='word_1_814' title='bbox 2512 5249 2572 5305; x_wconf 88' lang='lat' dir='ltr'>in</span> <span class='ocrx_word' id='word_1_815' title='bbox 2621 5246 2890 5304; x_wconf 83' lang='lat' dir='ltr'>Calvariae</span> <span class='ocrx_word' id='word_1_816' title='bbox 2933 5245 3128 5302; x_wconf 88' lang='lat' dir='ltr'>locum</span> <span class='ocrx_word' id='word_1_817' title='bbox 3184 5245 3497 5313; x_wconf 85' lang='lat' dir='ltr'>duxerunt,</span> <span class='ocrx_word' id='word_1_818' title='bbox 3530 5249 3593 5300; x_wconf 87' lang='lat' dir='ltr'>ut</span> <span class='ocrx_word' id='word_1_819' title='bbox 3623 5262 3757 5301; x_wconf 90' lang='lat' dir='ltr'>eum</span> 
     </span>
    </p>
   </div>
   <div class='ocr_carea' id='block_1_116' title="bbox 2201 5568 3016 5647">
    <p class='ocr_par' dir='ltr' id='par_1_116' title="bbox 2201 5568 3016 5647">
     <span class='ocr_line' id='line_1_116' title="bbox 2201 5568 3016 5647; baseline -0.005 1"><span class='ocrx_word' id='word_1_820' title='bbox 2201 5577 2292 5647; x_wconf 84' lang='lat'>85)</span> <span class='ocrx_word' id='word_1_821' title='bbox 2324 5573 2466 5647; x_wconf 76' lang='lat' dir='ltr'>Bes-</span> <span class='ocrx_word' id='word_1_822' title='bbox 2499 5568 2767 5647; x_wconf 57' lang='grc' dir='ltr'>ἰσόμξῖᾳγ.</span> <span class='ocrx_word' id='word_1_823' title='bbox 2997 5633 3016 5647; x_wconf 87' lang='grc'>..</span> 
     </span>
    </p>
   </div>
   <div class='ocr_carea' id='block_1_117' title="bbox 2178 5576 3216 5719">
    <p class='ocr_par' dir='ltr' id='par_1_117' title="bbox 2178 5576 3216 5719">
     <span class='ocr_line' id='line_1_117' title="bbox 2201 5576 3016 5647; baseline -0.013 -17"><span class='ocrx_word' id='word_1_824' title='bbox 2201 5577 2292 5647; x_wconf 88' lang='grc'>85)</span> <span class='ocrx_word' id='word_1_825' title='bbox 2324 5576 2466 5645; x_wconf 85' lang='lat' dir='ltr'>Reg.</span> <span class='ocrx_word' id='word_1_826' title='bbox 2499 5576 2747 5642; x_wconf 67' lang='grc' dir='ltr'>ἐσόμενα.</span> <span class='ocrx_word' id='word_1_827' title='bbox 3010 5637 3016 5644; x_wconf 33' lang='grc'><strong>⁹</strong></span> 
     </span>
     <span class='ocr_line' id='line_1_118' title="bbox 2178 5576 3216 5719; baseline -0.013 -16"><span class='ocrx_word' id='word_1_828' title='bbox 2178 5576 2287 5719; x_wconf 62' lang='grc' dir='ltr'>ί86)</span> <span class='ocrx_word' id='word_1_829' title='bbox 2320 5646 2406 5701; x_wconf 87' lang='lat' dir='ltr'>Ita</span> <span class='ocrx_word' id='word_1_830' title='bbox 2439 5660 2582 5700; x_wconf 89' lang='lat' dir='ltr'>mss.</span> <span class='ocrx_word' id='word_1_831' title='bbox 2618 5639 2769 5696; x_wconf 86' lang='lat' dir='ltr'>Editi</span> <span class='ocrx_word' id='word_1_832' title='bbox 2801 5653 2955 5708; x_wconf 85' lang='lat' dir='ltr'>vero,</span> <span class='ocrx_word' id='word_1_833' title='bbox 2990 5633 3216 5691; x_wconf 79' lang='grc' dir='ltr'>ἅπαντα.</span> 
     </span>
    </p>
   </div>
  </div>
