4170 6398
393 410 507 469 487

1551 401 1614 465 S.
1673 401 2184 465 ATHANASIUS.
2219 437 2288 446 —
2323 402 2630 465 Sl‘UltlA.

3697 410 3818 470 488

388 544 468 599 ibi
501 542 929 615 crucifigerent,
963 558 1076 612 quo
1129 539 1280 596 facto
1332 540 1529 596 omnia
1579 538 2040 612 adimpleverunt

2159 556 2275 611 ριον
2307 539 2446 614 φυγῇ
2477 537 2804 613 ἐχρήσαντο.
2839 539 2900 592 Οἱ
2935 536 2992 595 δὲ
3036 538 3228 595 οἰκεῖοι
3277 545 3375 596 τοῦ
3424 549 3656 614 Σατανᾶ,
3688 543 3817 600 συλ-

392 651 520 706 quae
556 637 726 689 antea
777 633 849 688 de
879 631 977 687 illo
1009 631 1227 702 scripta
1252 637 1437 697 erant,
1474 646 1950 702 suspensumque
1983 628 2036 682 in

390 739 582 792 cruce,
624 720 802 777 veluti
860 721 1038 775 vitam
1090 721 1144 773 in
1199 722 1566 791 pedamento,
1621 721 1884 774 ﬁxerunt.
1939 715 2041 772 llle

390 818 586 869 autem
619 810 781 866 solus
832 812 890 864 in
941 825 1110 865 cruce
1158 808 1416 871 relictus,
1450 811 1598 864 duos
1647 808 1733 864 vel
1767 814 1884 862 tres
1917 805 2040 877 pal-

391 902 565 958 mites
595 899 771 956 veluti
802 900 1046 966 habens,
1083 899 1234 953 176
1294 915 1502 952 manus
1546 897 1603 951 in
1642 902 2039 952 transversum

389 991 691 1064 expandit,
725 995 900 1061 caput
949 1005 1079 1044 vero
1128 1004 1255 1042 cum
1312 992 1538 1058 pectore
1583 993 1640 1040 et
1686 985 1932 1056 pedibus
1979 985 2038 1038 in

388 1086 635 1136 rectum.
662 1079 1009 1134 Ceterarum
1032 1094 1166 1132 vero
1195 1075 1502 1148 palmitum
1531 1091 1700 1130 coma
1729 1073 2039 1145 spoliatus,

389 1169 568 1226 clavis
599 1173 656 1224 et
683 1168 885 1223 lancea
916 1165 1274 1230 vulneratus,
1300 1169 1502 1220 sancto
1520 1163 1830 1234 sanguine,
1855 1167 2038 1217 scate-

389 1260 506 1314 bris
538 1259 746 1328 instar,
787 1256 1091 1329 laerymari
1139 1256 1330 1326 coepit.
1382 1254 1636 1325 Repente
1668 1258 1859 1307 autem
1911 1254 2041 1322 post

388 1348 648 1403 triduum
707 1345 1039 1411 resurrexit,
1101 1345 1158 1398 in
1224 1343 1403 1410 nullo,
1458 1345 1609 1414 quod
1671 1346 1842 1397 antea
1894 1345 2036 1408 erat,

389 1437 743 1504 diminutus,
767 1436 867 1490 sed
895 1434 1097 1505 majori
1127 1433 1320 1506 potius
1350 1449 1482 1488 cum
1516 1431 1702 1500 gloria
1727 1447 2040 1501 apparens,

389 1543 570 1599 seque
602 1525 780 1581 vitam
816 1540 944 1579 esse
973 1523 1247 1578 cordibus
1278 1521 1699 1592 discipulorum
1755 1521 1924 1574 fidem
1957 1519 2038 1573 fa-

387 1615 568 1671 ciens.
621 1615 838 1684 Majore
887 1612 1096 1668 deinde
1144 1628 1323 1682 quam
1381 1617 1552 1666 antea
1611 1610 1894 1682 producto
1929 1625 2040 1662 nu-

389 1721 569 1771 mero,
621 1703 1047 1775 discipulorum
1094 1701 1375 1754 nimirum
1426 1704 1640 1768 turma,
1677 1703 1809 1770 post
1841 1715 2040 1752 resur-

390 1795 730 1860 rectionem,
785 1809 896 1848 non
950 1792 1007 1845 in
1051 1791 1253 1846 Judaea
1296 1795 1548 1853 tantum,
1583 1790 1683 1844 sed
1720 1812 1747 1837 «
1782 1788 2043 1844 extendit

391 1884 662 1956 palmites
688 1898 826 1939 suos
863 1897 1050 1952 usque
1081 1881 1150 1934 ad
1184 1896 1362 1946 mare,
1392 1880 1621 1950 operuit
1653 1882 1880 1932 montes
1910 1894 2037 1931 um-

389 1973 496 2028 bra
525 1973 672 2044 ejus,
705 1978 762 2028 et
793 1972 1033 2026 arbusta
1072 1970 1199 2040 ejus
1250 1969 1451 2023 cedros
1503 1968 1601 2023 Dei
1635 1969 1698 2023 5°.
1733 1986 1759 2018 ο
1807 1966 1935 2021 Haec
1968 1967 2039 2020 de

389 2078 527 2117 vera
558 2062 670 2116 vite
699 2058 1137 2125 commentatio,
1172 2063 1341 2129 prout
1381 2056 1564 2129 potui,
1597 2074 1630 2112 a
1680 2072 1768 2111 me
1812 2055 1902 2127 pie
1952 2058 2039 2110 in-

389 2151 599 2208 stituta
628 2155 738 2207 est.

2151 620 2450 698 λαϐόμενοι
2502 627 2594 680 τὸν
2630 629 2864 697 Ἰησοῦν,
2896 629 3119 702 ἄγουσιν
3171 628 3258 684 ἰπὶ
3296 631 3390 685 τὸν
3445 631 3678 706 Κρανίου
3717 632 3810 687 τό·

2149 734 2273 782 πον,
2329 715 2403 776 εἷς
2454 717 2515 769 τὸ
2567 722 2871 791 σταυρῶσαι
2927 718 3087 772 αὐτὸν
3158 718 3287 790 ἐκεῖ,
3344 720 3553 776 ἅπαντα
3609 719 3814 792 ἐκπλη⁶

2152 803 2414 878 ρώσαντες
2443 804 2510 858 τά
2538 805 2664 880 πρὶν
2724 805 2807 861 ἐπ’
2847 807 2993 879 αὐτῷ
3039 807 3408 883 γεγραμμένα,
3451 810 3540 865 καὶ
3573 810 3809 886 ἀναρτήο

2151 914 2357 962 σαντες,
2409 893 2713 968 κατέπηξαν
2778 895 2962 963 αὐτὸν,
3017 898 3088 958 ὡς,
3145 898 3231 952 ἐπὶ
3281 901 3485 974 χάρακι
3537 897 3809 972 ἄμπελον,

2151 980 2236 1036 ἰπὶ
2289 988 2386 1038 τοῦ
2435 990 2688 1060 σταυροῦ.
2722 987 2782 1042 Ὁ
2827 983 2884 1040 δὲ
2933 985 3314 1065 καταλειφθεὶς
3349 989 3517 1061 μόνος
3577 989 3665 1044 ἐπὶ
3711 995 3810 1045 τοῦ

2151 1077 2382 1148 σταυροῦ
2439 1076 2551 1148 (87)
2586 1119 2599 1144 ,
2652 1075 2832 1149 ὥσπερ
2921 1073 3264 1149 δικλήματος
3340 1080 3374 1146 ἣ
3427 1077 3808 1154 τρικλήματος

2149 1160 2440 1226 ἐκπετάσας
2488 1164 2626 1218 κατὰ
2688 1165 2784 1237 μὶν
2833 1170 2930 1220 τοῦ
2986 1166 3228 1240 πλαγίου
3285 1167 3382 1230 τάς
3433 1172 3646 1244 χεῖρας,
3674 1170 3810 1225 κατὰ

2151 1246 2208 1304 δὲ
2256 1256 2352 1305 τοῦ
2412 1251 2574 1326 ὀρθοὖ
2632 1251 2878 1331 κεφαλὴν
2944 1253 3038 1308 σὺν
3089 1254 3294 1329 Θώρακι
3346 1257 3458 1329 ἅμα
3511 1257 3658 1314 ποσί.
3704 1265 3809 1312 lle-

2151 1340 2512 1416 ριαιρεθείσης
2546 1339 2604 1396 δὲ
2631 1349 2730 1412 τῆς
2763 1344 2946 1414 κόμης
2979 1344 3191 1414 ἀπάσης
3246 1349 3354 1400 τῶν
3405 1345 3616 1401 λοιπῶν
3667 1346 3807 1418 κλη-

2154 1430 2359 1501 μάτων,
2419 1429 2655 1505 πληγεὶς
2714 1433 2848 1500 πρὸς
2902 1436 3010 1488 τῶν
3059 1432 3212 1502 ἥλων
3271 1434 3361 1488 καὶ
3419 1437 3517 1504 τῆς
3570 1433 3806 1512 λόγχης,

2150 1515 2374 1593 ἐδάκρυε
2419 1523 2500 1590 τῷ
2551 1519 2691 1594 άγίῳ
2749 1519 2937 1594 α’ίματι
2997 1519 3322 1597 κρουνηδόν.
3383 1520 3688 1601 Αἶφνιδίως
3751 1521 3809 1579 δὲ

2150 1607 2339 1678 ἀνέστη
2400 1611 2721 1683 τριήμερος,
2757 1607 2928 1682 μηδὶν
2989 1613 3268 1684 μειωθεὶς,
3299 1611 3432 1689 ὅπερ
3461 1613 3530 1682 ἦν
3559 1613 3624 1668 τὸ
3653 1613 3808 1687 πρὶν,

2154 1694 2368 1768 μᾶλλον
2401 1694 2458 1751 δὲ
2489 1695 2827 1770 ἐνδοξότερος
2861 1699 3127 1778 ἐκφανεὶς,
3161 1701 3337 1756 πίστει
3377 1699 3810 1779 πληροφορήσας

2148 1785 2242 1846 τάς
2279 1783 2502 1861 καρδίας
2547 1791 2653 1841 τῶν
2700 1790 2954 1860 μαθητῶν
2985 1789 3118 1844 εἶναι
3153 1791 3310 1846 αὐτὸν
3359 1794 3458 1860 τὴν
3509 1794 3672 1863 ζωήν.
3703 1799 3810 1848 Πο-

2153 1872 2248 1927 λὺν
2278 1871 2336 1928 δὲ
2364 1874 2596 1950 ἀριθμὸν
2634 1875 2963 1952 βλαστήσας,
2998 1876 3171 1955 ὄχλον
3206 1886 3466 1952 μαθητῶν
3514 1882 3648 1954 μετά
3706 1883 3806 1952 τὴν

2148 1964 2455 2036 ἀνάστασιν,
2487 1969 2521 2035 ἢ
2548 1967 2610 2022 τὸ
2641 1969 2788 2044 πρὶν,
2826 1968 2925 2023 οὐκ
2982 1966 3059 2024 ἔτι
3092 1970 3143 2025 ἐν
3180 1968 3412 2042 Ἰουδαίᾳ
3467 1973 3651 2044 μόνον,
3685 1970 3811 2028 ἀλλι

2153 2053 2436 2125 «ἐξέτεινε
2483 2058 2548 2110 τὰ
2594 2057 2855 2129 κλήματα
2904 2057 3071 2129 αὐτῆς
3125 2057 3229 2122 ἕως
3281 2059 3578 2130 οαλάσσης”
3612 2060 3808 2116 ἐκάλυ-

2150 2147 2244 2217 ψεν
2278 2144 2376 2219 ὅρη
2423 2147 2456 2213 ἡ
2489 2147 2611 2200 σκιά
2641 2146 2831 2218 αὐτῆς,
2859 2149 2948 2202 καὶ
2977 2150 3031 2203 αἱ
3062 2147 3447 2226 ἀναδειδράδες
3499 2150 3666 2220 αὐτῆς
3712 2151 3810 2213 τὰς

387 2237 614 2316 κὲδρους
643 2241 739 2294 τοῦ
770 2241 924 2293 Θεοῦ.
958 2261 985 2290 ››
1020 2234 1165 2306 Αὕτη
1199 2238 1233 2304 ἡ
1269 2233 1608 2311 πραγματεία
1638 2240 1734 2303 τῆς
1765 2231 2033 2302 ἀληθινῆς
2067 2233 2318 2306 ἀμπέλου
2345 2236 2480 2288 κατά
2508 2235 2569 2290 τὸ
2603 2232 2826 2290 δυνατὸν
2863 2233 3094 2299 εὐσεϐῶς
3125 2240 3398 2309 νενόηται.

459 2357 548 2411 37.
581 2357 675 2412 Ar.
736 2353 913 2410 Valde
963 2354 1109 2409 bene
1166 2353 1279 2407 ista
1336 2369 1399 2407 se
1458 2351 1669 2406 habere
1727 2350 2036 2406 assentior.

387 2448 515 2502 Jam
549 2444 692 2500 mihi
725 2443 1143 2515 inquirendum
1170 2447 1438 2512 superest
1468 2443 1538 2495 de
1560 2441 1778 2512 Spiritu
1813 2445 2034 2494 saneto.

390 2535 535 2591 Nam
567 2535 720 2604 quod
755 2535 826 2588 ad
861 2531 1070 2587 Filium
1104 2535 1344 2600 spectat,
1377 2530 1659 2585 conliteor
1688 2536 1745 2584 et
1775 2546 1879 2600 ego
1903 2545 2037 2583 eum

390 2623 451 2678 in
476 2621 753 2677 omnibus
794 2620 946 2675 Patri
988 2619 1273 2690 aequalem
1305 2636 1453 2686 esse,
1490 2619 1601 2674 nisi
1634 2619 1786 2690 quod
1822 2618 1914 2673 ille
1964 2619 2042 2672 sit

393 2711 789 2783 omnipotens.
834 2709 954 2764 Alh.
1007 2708 1161 2764 Nihil
1209 2717 1362 2764 certe
1420 2709 1723 2763 confessus
1771 2725 1832 2762 es
1882 2707 2037 2778 quod

394 2800 595 2873 pietati
628 2799 706 2854 sit
737 2803 1220 2865 consentaneum,
1251 2799 1342 2852 Ar.
1387 2798 1574 2862 Quare
1594 2797 1621 2851 ?
1649 2797 1777 2852 ΑιΙι.
1811 2796 2042 2851 Seilicet

391 2889 575 2945 Filius
607 2905 712 2944 suo
742 2888 891 2943 Patri
918 2887 1160 2958 aequalis
1191 2892 1300 2954 est,
1325 2887 1711 2957 omniumque
1732 2891 1822 2940 est
1850 2886 2040 2941 Domi-

393 2995 528 3045 nus,
561 2978 779 3049 quibus
812 2977 995 3048 ipsius
1048 2981 1220 3032 Pater
1266 2976 1627 3031 dominatur.
1673 2977 1762 3030 Ar.
1814 2975 1928 3046 Ego
1970 2976 2039 3030 de

389 3066 816 3140 omnipotentia
844 3066 1072 3138 loquor,
1105 3083 1219 3120 non
1253 3066 1322 3119 de
1353 3081 1420 3120 eo
1452 3066 1607 3136 quod
1639 3064 1734 3119 his
1764 3064 2040 3120 omnibus

388 3156 722 3213 dominatur
760 3157 962 3225 Filius,
1013 3155 1232 3226 quibus
1279 3154 1445 3210 Pater
1487 3171 1632 3209 suus
1680 3155 2037 3209 dominatur.

389 3247 511 3302 Ath.
544 3245 688 3311 Quid
721 3249 831 3312 est,
863 3244 1281 3315 omnipotens?
1319 3246 1411 3297 Ar.
1464 3243 1516 3297 Is
1561 3250 1652 3298 est
1697 3243 1794 3313 qui
1843 3245 2043 3299 omnia

390 3335 504 3391 sub
534 3338 820 3408 potestate
842 3334 1037 3388 habet.
1071 3334 1193 3388 Ath.
1225 3336 1310 3387 An
1337 3349 1450 3388 non
1481 3348 1618 3404 ergo
1642 3332 1822 3388 Filius
1845 3333 2043 3387 omnia

2218 2351 2306 2405 37.
2341 2355 2466 2424 "Ap.
2505 2350 2637 2405 εἴπεο
2674 2347 2892 2429 Σφόδρα
2941 2353 3116 2426 ὀρθῶς
3171 2352 3315 2429 ἔχειν
3373 2354 3542 2433 φημί.
3571 2360 3691 2410 Ἔτι
3751 2352 3812 2411 δὲ

2152 2436 2543 2493 ὑπολέλειπταί
2622 2461 2715 2512 μοι
2791 2441 2913 2517 περὶ
2987 2445 3088 2510 τῆς
3158 2446 3436 2513 ζητήσεως
3493 2448 3591 2498 τοῦ
3649 2442 3808 2518 ἁγίου

2152 2525 2486 2598 Πνεόματος·
2548 2530 2670 2604 περὶ
2728 2532 2829 2606 γάρ
2888 2535 2983 2586 τοῦ
3045 2533 3172 2586 Υἱοῦ
3225 2532 3598 2608 συνομολογῶ
3655 2533 3810 2607 κάγὼ

2149 2615 2209 2669 τὸ
2241 2613 2355 2670 ἴσον
2389 2616 2548 2672 αὐτὸν
2605 2619 2739 2673 εἶναι
2779 2624 2849 2691 τῷ
2883 2621 3050 2694 Πατρὶ
3090 2623 3227 2676 κατά
3282 2623 3476 2693 πάντα,
3509 2621 3664 2684 ἐκτὸς
3713 2626 3811 2676 τοῦ

2148 2707 2559 2782 παντοκράτορα
2613 2707 2772 2763 αὐτόν
2830 2711 2983 2766 εἶναι.
3039 2711 3155 2767 Ἀθ.
3203 2711 3370 2765 εἶπεν·
3429 2708 3593 2766 Οὐδὲν
3655 2711 3809 2783 ὡμο-

2150 2791 2393 2868 λόγησας
2464 2800 2572 2850 τῶν
2650 2799 2719 2868 τῇ
2776 2793 3017 2870 εὐσεϐείᾳ
3072 2799 3406 2868 ἀνηκόντων.
3469 2806 3604 2871 "Ap.
3670 2799 3806 2853 εἴπεο

2147 2883 2299 2945 Τίνος
2329 2881 2546 2954 ἕνεκεν,
2581 2887 2758 2942 Ἀθαν.
2794 2889 2956 2943 εἶπεν·
2992 2889 3134 2950 Ἶσος
3193 2890 3454 2964 τυγχάνει
3511 2893 3609 2943 τοῦ
3668 2885 3808 2942 ἰδίου

2152 2974 2359 3048 Ματρὸς
2406 2977 2519 3048 (88)
2573 2977 2600 3030 6
2660 2976 2784 3036 Υἱὸς
2843 2977 3142 3052 ἀραρότως,
3188 2978 3279 3032 καὶ
3335 2979 3551 3033 πάντων
3612 2976 3809 3052 Κύριός

2150 3062 2313 3130 ἐστιν,
2347 3065 2420 3116 ὡν
2480 3064 2714 3140 κυριεύει
2765 3066 2792 3119 ὁ
2842 3068 3028 3139 Πατὴρ
3078 3066 3254 3123 αὐτ.ὖ.
3298 3070 3427 3142 ’Ἆρ’
3462 3068 3628 3122 εἶπεν
3664 3067 3809 3140 Ἐγὼ

2149 3153 2272 3226 περὶ
2305 3153 2768 3230 παντοκρατορίας
2802 3152 2958 3232 ἔφην,
2994 3155 3056 3209 οὐ
3087 3156 3211 3232 περὶ
3240 3161 3338 3210 τοῦ
3395 3155 3664 3232 κυριεύειν
3693 3159 3806 3226 (89)

2147 3243 2238 3296 τὸν
2272 3244 2394 3297 Υἱὸν
2454 3245 2723 3317 ἁπάντων,
2758 3247 2830 3299 ὧν
2864 3247 3097 3321 κυριεύει
3132 3249 3158 3302 6
3215 3249 3399 3322 Πατὴρ
3461 3246 3651 3304 αὐτοῦ.
3695 3247 3806 3310 Ἀθ.

2150 3334 2287 3388 εἷπε.
2349 3334 2740 3409 Παντοκράτωρ
2795 3335 2847 3390 τί
2903 3335 3087 3405 ἐστινς
3148 3342 3276 3411 "Ap.
3339 3338 3506 3391 εἶπεν⁸
3568 3337 3661 3390 Ἐκ
3709 3339 3808 3390 τοῦ

393 3425 718 3480 secundum
752 3428 808 3478 te
838 3423 947 3478 sub
989 3427 1274 3494 potestate
1308 3421 1526 3476 habet?
1568 3424 1659 3477 Ar.
1696 3422 1869 3478 Recte
1900 3429 1956 3476 et
1984 3421 2039 3475 id

2155 3423 2371 3476 πάντων
2430 3429 2668 3498 κρατεῖν.
2705 3424 2884 3486 Ἀθαν.
2931 3425 3098 3479 εἶπεν·
3132 3428 3193 3483 Ὀ
3253 3424 3378 3486 Υἱὸς
3435 3423 3527 3479 οὖν
3577 3425 3715 3480 κατά
3762 3424 3820 3479 σὶ

391 3529 524 3568 eum
580 3511 804 3567 caeteris
858 3511 1103 3566 dixisti:
1151 3511 1352 3565 omnia
1393 3511 1544 3565 enim
1597 3515 1704 3565 sub
1758 3517 2046 3582 potestate

391 3601 568 3657 habet
598 3600 801 3665 Filius,
835 3601 1108 3671 idemque
1139 3605 1226 3654 est
1256 3599 1646 3670 omnipotens,
1677 3606 1740 3654 ut
1766 3607 1824 3655 et
1853 3605 2040 3655 Pater.

396 3690 539 3746 Nam
573 3706 706 3744 cum
742 3706 861 3744 una
881 3690 957 3743 sit
988 3688 1174 3743 Patris
1203 3695 1260 3743 et
1289 3688 1416 3743 Filii
1457 3688 1780 3743 divinitatis
1813 3694 2044 3751 natura.

395 3796 516 3834 una
546 3796 779 3852 quoque
809 3785 897 3834 est
925 3779 1374 3850 omnipotentia.
1433 3779 1562 3832 Jam
1606 3778 1784 3850 igitur
1815 3779 1883 3832 de
1913 3779 2043 3847 Spi-

392 3872 508 3924 ritu
541 3878 742 3924 sancto
792 3868 1194 3923 disseramus:
1230 3867 1550 3938 praesertim
1601 3883 1735 3921 eum
1769 3871 1826 3921 tu
1877 3865 2043 3921 initio

393 3957 690 4014 definieris
723 3958 917 4029 ipsum
950 3973 1078 4012 esse
1111 3957 1260 4010 Patri
1314 3961 1370 4011 et
1411 3956 1552 4010 Filio
1594 3957 2042 4010 eonsubsantia-

391 4047 530 4118 lem,
563 4049 714 4119 quod
746 4046 872 4118 ipse
904 4062 1176 4118 pernego,
1218 4051 1551 4100 sanctarum
1605 4045 2040 4115 Scripturarum

391 4135 734 4191 auctoritate
769 4135 1024 4200 innixus,
1057 4151 1124 4189 ex
1156 4133 1373 4204 quibus
1407 4133 1590 4188 habeo
1634 4133 1828 4205 ipsum
1882 4150 2040 4189 erea-

391 4229 519 4280 tum
551 4241 715 4280 esse:
745 4225 920 4296 idque
953 4224 1054 4279 tibi
1088 4224 1290 4295 paucis
1324 4223 1523 4293 probo.
1546 4228 1759 4296 Nempe
1787 4223 2043 4278 Joannes

391 4319 685 4370 asseverat
712 4314 905 4369 omnia
942 4331 1043 4386 per
1061 4312 1272 4367 Filium
1305 4314 1457 4368 facta
1490 4328 1768 4384 esse,quo
1802 4313 2042 4384 quidem

387 4403 562 4459 verbo
594 4402 871 4475 Spiritum
906 4402 1151 4457 minime
1181 4401 1644 4473 comprehendit,
1675 4401 1870 4472 ipsum
1903 4401 2042 4456 item

388 4509 420 4549 e
450 4491 611 4548 ecelis
645 4509 677 4548 a
712 4492 876 4548 Patre
907 4493 976 4546 ad
1010 4491 1302 4564 apostolos
1347 4490 1407 4545 in
1456 4490 1738 4544 auxilium
1794 4489 2042 4545 missum

388 4598 519 4637 esse
553 4598 566 4636 :
601 4581 764 4653 atqui
787 4581 845 4636 id
879 4581 1031 4653 quod
1059 4579 1242 4636 eloco
1266 4580 1338 4635 ad
1371 4578 1563 4634 locum
1588 4580 2041 4650 transgreditur,

391 4669 754 4726 transeuntis
791 4675 880 4725 est
927 4674 1166 4724 naturae.
1218 4667 1382 4724 Unde
1420 4667 1658 4724 evidens
1711 4673 1802 4723 est
1839 4672 2042 4723 creatae

389 4758 587 4830 ipsum
616 4774 746 4813 esse
778 4763 1021 4823 naturae,
1056 4775 1172 4813 non
1204 4763 1399 4812 autem
1429 4755 2042 4828 increatze,qualisilla

389 4853 480 4905 est
512 4863 640 4919 quas
671 4847 849 4903 beatae
880 4846 1037 4903 illius
1066 4853 1286 4902 naturae
1343 4847 1528 4901 Patris
1559 4851 1616 4902 et
1651 4845 1770 4900 Filii
1806 4847 2039 4914 dicitur,

391 4953 640 5009 quaeque
669 4938 868 4992 omnia
896 4936 1176 5002 continet,
1208 4941 1264 4992 et
1289 4936 1508 5008 ubique
1539 4936 1870 4991 substantia
1901 4952 2043 5007 prai-

389 5043 527 5082 sens
566 5030 699 5094 est;
745 5027 1242 5097 quemadmodum
1291 5043 1472 5098 supra
1519 5043 1553 5081 a
1594 5031 1648 5081 te
1698 5041 2044 5081 concessum

388 5121 478 5172 est
528 5131 541 5171 :
593 5116 650 5172 in
702 5131 817 5188 quo
865 5120 922 5171 et
952 5132 1044 5171 me
1100 5132 1215 5172 non
1245 5119 1460 5181 tecum,
1507 5115 1609 5171 sed
1642 5131 1776 5171 cum
1805 5115 2048 5172 veritate

461 5313 509 5349 δ’
533 5312 691 5371 Psal.
727 5329 914 5383 LXXIX,
949 5313 1035 5368 11.

463 5535 575 5607 (87)
604 5535 699 5607 Sic
716 5535 932 5607 Regius
962 5551 1137 5607 quem
1173 5533 1496 5607 sequimur.
1524 5533 1697 5591 Basil.
1719 5540 1776 5591 et
1806 5539 1953 5607 Aug.
1979 5533 2040 5590 Ὀ

393 5601 451 5661 δὲ
473 5601 860 5684 ’καταλειφρέζς
891 5601 996 5684 ἐπῖ
1021 5608 1118 5684 του
1147 5601 1417 5684 σταυροῦ..
1469 5607 1529 5662 In
1576 5601 1929 5679 Augustino'
1951 5612 2044 5664 ta-

394 5696 527 5736 men
560 5677 730 5735 deest'
752 5677 780 5731 6
813 5677 887 5735 δὲ.
927 5680 986 5734 In
1020 5679 1193 5734 editis
1225 5677 1347 5734 haec
1378 5679 1613 5735 desunt.

463 5751 576 5824 (88)
609 5751 748 5824 Reg.
779 5755 857 5823 τῷ
889 5747 1014 5823 ἰδίῳ
1048 5748 1241 5824 ΙΙατρί.

2153 3509 2364 3564 πάντων
2456 3511 2517 3565 οὐ
2592 3518 2816 3585 κρατεῖς
2879 3514 3003 3587 Ἀρ.
3066 3514 3202 3568 εἷπε.
3256 3510 3454 3574 Καλῶς
3528 3509 3663 3591 ἔφης
3723 3513 3817 3566 σὺν

2151 3605 2268 3661 τοῖς
2300 3599 2519 3662 λοιποῖς
2550 3600 2639 3654 καὶ
2669 3605 2852 3654 τοῦτο·
2887 3602 3100 3655 πάντων
3131 3602 3234 3678 γὰρ
3291 3606 3480 3677 κρατεῖ
3532 3601 3620 3655 καὶ
3673 3621 3812 3654 παν-

2150 3691 2434 3762 τοκράτωρ
2493 3687 2630 3742 ἐστὶν
2666 3691 2693 3744 6
2728 3690 2866 3756 Υἱὸς,
2900 3691 3081 3766 ὥσπερ
3139 3690 3228 3744 καὶ
3288 3691 3316 3744 ὁ
3379 3691 3580 3759 Πατήρ.
3614 3687 3808 3744 Ὁπότε

2157 3782 2284 3849 μιᾶς
2333 3775 2504 3847 οὔσης
2562 3778 2746 3840 οὐσίας
2813 3783 2909 3833 τοῦ
2970 3779 3176 3854 Πατρὸς
3225 3779 3316 3834 καὶ
3372 3775 3469 3833 τοῦ
3527 3778 3652 3832 Υἱοῦ
3705 3783 3806 3844 τῆς

2154 3865 2408 3936 θεότητος
2437 3869 2569 3940 (90),
2599 3868 2687 3922 καὶ
2733 3869 2830 3939 μία
2885 3867 3323 3944 παντοκρατορία
3350 3867 3632 3943 τυγχάνει.
3675 3873 3808 3920 Λοι-

2152 3956 2250 4009 πὸν
2312 3955 2435 4029 περὶ
2489 3961 2585 4010 τοῖ’)
2644 3956 2800 4032 ἁγίου
2859 3956 3170 4028 Ιινεόματος
3223 3959 3569 4028 ζητήσωμεν·
3623 3953 3811 4022 ἐπειδὴ

2157 4043 2391 4117 μάλιστα
2422 4045 2604 4118 ὡρίσω
2636 4045 2698 4100 σὺ
2731 4045 2783 4100 ἐν
2819 4047 2965 4121 ἀρχῇ
2999 4046 3294 4118 ὁμοούσιον
3326 4045 3458 4100 αὐτὸ
3517 4047 3654 4099 εἶναι
3695 4051 3811 4099 lla-

2150 4133 2238 4208 τρὶ
2295 4134 2384 4188 καὶ
2447 4135 2575 4205 Υἱῷ,
2609 4133 2719 4210 ἐγὼ
2777 4132 2835 4189 δὶ
2865 4133 3153 4210 ἀντιλέγω,
3186 4131 3330 4210 ἔχων
3387 4135 3485 4202 τὴν
3537 4129 3813 4203 ἀπόδειξιν

2151 4220 2211 4274 ἐκ
2240 4225 2346 4274 τῶν
2377 4220 2540 4294 ἁγίων
2577 4226 2823 4298 Γραφῶν,
2858 4221 2940 4275 ὅτι
2989 4222 3204 4276 κτιστὸν
3262 4222 3546 4296 τυγχάνει·
3581 4222 3672 4276 καὶ
3726 4218 3816 4276 διὰ

2154 4309 2424 4382 συντόμου
2457 4309 2564 4384 ἐρῶ
2593 4310 2691 4378 τήν
2725 4310 2848 4382 περὶ
2876 4310 3074 4366 τούτου
3127 4312 3479 4387 παράστασιν,
3514 4309 3566 4365 ἐν
3597 4315 3677 4382 τῷ
3721 4310 3812 4365 τὸν

2153 4399 2404 4468 Ἰωάννην
2495 4397 2928 4475 διισχυρίσασθαι
3011 4404 3301 4478 φάσκοντα,
3351 4398 3518 4454 πάντα
3577 4397 3668 4452 διὰ
3713 4403 3814 4452 τοῦ

2154 4488 2281 4541 Υἱοῦ
2313 4490 2653 4562 γεγενῆσθαι,
2699 4489 2774 4561 μὴ
2808 4483 3304 4566 συμπαραλαϐόντα
3334 4487 3422 4542 καὶ
3469 4487 3534 4540 τὸ
3585 4489 3809 4558 Πνεῦμα

2153 4575 2205 4631 ἐν
2236 4576 2416 4647 τοῦτῳ
2447 4577 2528 4648 τῷ
2583 4576 2750 4653 λόγῳ,
2775 4576 2853 4632 ἔτι
2888 4579 2994 4650 μὴν
3026 4577 3113 4632 καὶ
3144 4574 3619 4647 ἀποστελλόμενον
3671 4574 3810 4650 πρὸς

2151 4669 2247 4719 τοῦ
2306 4666 2517 4741 Ιῐατρὸς
2578 4665 2638 4721 ἐκ
2687 4671 2793 4721 τῶν
2856 4667 3097 4743 οὐρανῶν
3157 4666 3296 4743 πρὸς
3385 4666 3642 4741 βοήθειαν
3703 4669 3816 4718 τῶν

2073 4795 2120 4860 D
2155 4755 2494 4809 ἀποστόλων·
2524 4756 2586 4810 τὸ
2619 4753 2675 4810 δὲ
2705 4755 2811 4811 ἀπὸ
2857 4756 3030 4811 τόπου
3062 4757 3138 4818 εἷς
3169 4753 3356 4831 ἕτερον
3392 4754 3559 4810 τόπον
3627 4754 3812 4827 μετιὸν

2294 4839 2324 4860 ρ
2467 4853 2486 4860 -
2595 4845 2607 4860 9
2660 4845 2670 4860 1
2936 4847 2945 4860 ο
3089 4847 3144 4860 1.-
3318 4844 3330 4860 Ι
3635 4841 3658 4860 δ
3683 4842 3727 4860 1‘

2155 4839 2520 4917 μεταϐατικῆς
2554 4845 2735 4907 οὐσίας
2774 4847 3054 4921 τυγχάνει.
3089 4847 3182 4899 Ἐκ
3237 4844 3434 4900 τούτου
3490 4841 3808 4914 καταδήλου

2153 4929 2307 4995 ὄντος
2357 4941 2578 5004 κτιστῆς
2637 4934 2795 4989 αὐτὸν
2852 4934 3063 5012 φύσεως
3096 4935 3255 4998 εἶναι,
3286 4934 3375 4988 καὶ
3409 4933 3508 4988 οὐκ
3535 4932 3812 5001 ἀκτίσ-του,

2151 5029 2252 5092 τῆς
2317 5023 2581 5096 μακαρίας
2635 5023 2817 5086 οὐσίας
2876 5022 3088 5094 ἐκείνης
3142 5024 3355 5096 ΙΙατρὸς
3385 5022 3473 5078 καὶ
3508 5022 3633 5075 ι’ιοῦ
3661 5019 3819 5096 λεγο-

2159 5111 2326 5186 μένης
2357 5113 2493 5187 (91),
2526 5112 2614 5168 καὶ
2674 5111 3044 5189 περιεχούσης
3101 5113 3168 5167 τὰ
3226 5111 3350 5182 ὅλα,
3400 5111 3489 5166 καὶ
3533 5111 3817 5184 πανταχοῦ

2219 5535 2333 5607 (89)
2365 5539 2504 5608 Reg.
2541 5535 2616 5607 μὴ
2659 5533 2947 5608 κυριεύειν.

2225 5603 2342 5749 (90)
2375 5603 2514 5680 Reg.
2542 5603 2601 5664 et
2630 5603 2800 5680 Augl.
2832 5608 2868 5676 ἡ
2897 5603 3111 5674 θεότης.

2247 5679 2338 5749 91)
2366 5680 2502 5749 Reg.
2537 5684 2594 5737 et
2625 5679 2850 5749 Anglic.
2885 5674 3034 5749 λέγω
3067 5698 3108 5749 μ

2247 5674 2338 5750 91)
2366 5674 2502 5752 Reg.
2537 5684 2594 5737 et
2625 5674 2864 5753 Anglic.
2885 5674 3034 5754 λέγω
3067 5675 3260 5752 μόνης.
