4170 6366
343 376 462 436 489

1488 368 1958 429 DISPUTATIO
1998 367 2314 428 CONTRA
2360 372 2634 436 AltIUM.

3655 399 3780 459 490

337 503 622 579 παρούσης
651 504 768 559 κατ’
797 502 1009 559 οὐσίαν·
1042 501 1221 562 καθὼς
1245 493 1680 575 προαποδέδοται
1743 497 1846 552 ὑπὸ
1907 501 1991 551 σοῐ

1005 591 1018 600 .
1156 591 1167 600 .
1413 587 1426 600 .
1518 591 1542 600 ..
1740 583 1763 600 ς.
1857 588 1868 600 .

2117 503 2582 562 consentientem
2615 507 3068 570 habuisti..\dde
3085 515 3268 574 Deum
3302 519 3384 576 ita
3400 538 3503 594 per
3529 527 3774 600 prophe-

339 592 394 649 έν
441 597 557 655 τοῖς
618 591 924 670 ἔμπροσθεν
976 591 1314 667 εἰρημένοις,
1367 587 1546 659 κάμοῦ
1579 583 2009 683 συνευδοιιήσανῖ

336 705 431 746 τος
492 683 553 738 οὐ
613 685 722 752 σοὶ,
780 679 928 738 ἀλλὰ
984 685 1053 756 τῇ
1114 679 1361 751 ἀληθείᾳ·
1414 674 1580 732 ἔτιδὲ
1619 674 1836 732 καὶτοῦ
1871 680 2007 732 Θεοῦ

341 771 601 848 λέγοντος
635 770 725 828 διά
752 776 850 828 τοῦ
881 772 1193 850 προφήτοΨ
1246 793 1273 821 ‹‹
1308 767 1454 842 Ἐγὼ
1495 770 1722 840 στερεῶν
1776 766 2009 840 βροντὴν

337 861 427 915 καὶ
459 859 656 931 κτίζων
688 864 924 934 πνεῦμα,
959 882 988 910 ››
1022 858 1100 920 οἷς
1141 855 1250 934 ἐγὼ
1281 854 1495 930 νομίζω
1541 856 1616 928 μή
1671 851 1924 918 δύνασθαί
1949 873 2008 908 σε

337 949 634 1008 ἀντειπεῖν.

411 1043 502 1099 38.
564 1042 682 1098 Ἀθ.
743 1041 880 1095 εἴπεο
942 1036 1270 1112 Γέγραπται·
1331 1059 1358 1086 α
1420 1032 1638 1096 Γένεσθε
1694 1032 1860 1110 ἅγιοι,
1920 1031 2004 1088 ὅτι

334 1129 443 1206 ἐγὼ
502 1131 656 1205 ἅγιος
719 1129 954 1205 ἁγιάζων
1014 1129 1177 1201 ὑμᾶς.
1240 1150 1267 1178 ››
1320 1124 1419 1180 Καὶ
1495 1122 1660 1178 πάλιν
1725 1123 1752 1176 ὁ
1803 1124 2000 1198 Σωτὴρ

332 1221 470 1294 πρὸς
527 1221 617 1275 τὸν
671 1219 866 1274 ἑαυτοῦ
928 1217 1148 1292 Πατέρα
1205 1215 1337 1291 ὑπέρ
1392 1218 1490 1270 τοῦ
1524 1215 1841 1288 άγιασθῆναι
1870 1211 1998 1276 τοὺς

343 1311 585 1380 μαθητάς
644 1305 745 1388 ἔφη
815 1306 980 1364 οὕτω·
1042 1331 1070 1358 ‹‹
1133 1305 1332 1380 Πάτερ,
1367 1302 1589 1380 ἁγίασον
1623 1301 1818 1364 αὐτοὺς
1846 1301 1896 1357 έν
1929 1306 1998 1377 τῇ

342 1395 575 1469 ἀληθείᾳ
604 1418 719 1452 σου·
759 1422 786 1448 ››
832 1396 922 1452 καὶ
973 1393 1139 1451 πάλιν
1188 1393 1311 1469 περὶ
1344 1393 1536 1448 ἑαυτοῦ
1569 1393 1679 1465 (92)
1712 1393 1739 1447 6
1801 1393 1998 1466 Σωτήρ

341 1506 528 1562 φησιν·
591 1510 619 1538 ‹‹
677 1486 817 1562 Ἐγώ
875 1485 987 1560 εῗμι
1117 1481 1370 1555 ἀλήθεια.
1406 1506 1433 1534 ››
1467 1482 1612 1536 Κατὰ
1640 1485 1806 1536 ταῦτα
1835 1482 1870 1552 ἡ
1900 1483 2000 1536 τοῦ

343 1543 562 1651 ίίἁτρὸς
595 1577 684 1630 καὶ
710 1543 808 1632 τοῦ
841 1543 967 1630 Υἱοῦ
1010 1575 1201 1646 θεότης
1234 1572 1373 1628 ἐστὶν
1433 1574 1469 1641 ἡ
1531 1571 1652 1647 ἁγία
1701 1571 1790 1625 καὶ
1844 1571 1998 1646 ἁγιο-

339 1666 518 1735 ποιὸς,
566 1667 599 1736 ἡ
655 1667 945 1741 ἁγιάζουσα
1000 1666 1170 1720 πάντα
1227 1663 1294 1718 τά
1351 1661 1568 1738 λογικά,
1615 1663 1681 1715 τά
1712 1658 1996 1732 καταξιοῦ-

339 1777 472 1830 μενα
517 1757 568 1827 ἐξ
623 1754 966 1827 αὖτεξουσίου
1026 1757 1256 1832 γνώμης
1311 1775 1370 1808 τε
1425 1753 1515 1808 καὶ
1602 1749 1849 1822 σπουδῆς
1897 1751 1998 1820 τὴν

2119 592 2240 647 tam
2295 590 2558 651 locutum
2617 613 2746 655 esse
2806 619 2820 657 :
2881 625 2910 653 «
2957 604 3076 678 Ego
3132 590 3656 672 ﬁrmans—tonitru
3716 623 3775 674 et

2119 695 2323 737 creans
2368 683 2638 756 spiritum
2690 688 2756 760 7°,
2791 711 2819 740 »
2872 692 3089 764 quibus
3139 713 3254 753 non
3305 707 3445 772 puto
3496 706 3551 761 te
3599 723 3771 778 posse

2118 771 2531 830 contradicere.

2185 1040 2274 1097 38.
2307 1041 2428 1099 ΑιΙι.
2463 1044 2756 1119 Scriptum
2807 1055 2916 1123 est,
2950 1075 2978 1104 «
3015 1054 3210 1114 Estote
3241 1061 3452 1130 sancti,
3487 1064 3623 1136 quia
3661 1084 3768 1141 ego

2113 1135 2351 1187 sanctus
2409 1150 2512 1190 vos
2571 1140 2948 1197 sanctiﬁcans
3007 1145 3070 1199 7'.
3110 1169 3130 1194 ι
3187 1147 3443 1206 Rursum
3502 1135 3770 1213 Salvator

2112 1234 2217 1290 pro
2249 1220 2675 1294 discipulorum
2724 1231 3188 1292 sanctiﬁcatione
3217 1237 3450 1296 Patrem
3506 1243 3592 1299 sic
3625 1243 3768 1302 allo-

2111 1309 2316 1379 quitur
2350 1326 2362 1368 :
2400 1333 2429 1363 ‹‹
2459 1317 2648 1384 Pater,
2678 1319 2980 1377 sanctiﬁca
3009 1339 3108 1380 eos
3141 1324 3200 1381 in
3231 1329 3473 1387 veritate
3504 1335 3605 1389 tua
3634 1334 3701 1390 7’.
3738 1357 3766 1386 »

2109 1401 2328 1456 Iterum
2375 1401 2446 1458 de
2495 1404 2690 1478 seipso
2736 1406 2818 1464 ait
2865 1410 3150 1483 Salvator,
3207 1437 3236 1467 ‹‹
3266 1421 3384 1491 Ego
3439 1437 3570 1478 sum
3623 1424 3766 1480 veri-

2109 1491 2197 1544 tas
2227 1490 2290 1545 "'3.
2329 1512 2358 1541 »
2391 1491 2470 1548 Ex
2517 1492 2611 1550 his
2663 1496 2844 1570 igitur
2893 1499 3121 1559 clarum
3172 1510 3261 1562 est
3291 1490 3480 1566 Patris
3531 1517 3588 1568 et
3641 1513 3765 1570 Filii

2108 1577 2476 1638 divinitatem
2509 1598 2639 1641 esse
2659 1593 2922 1645 sanctam
2947 1595 3002 1647 et
3025 1596 3354 1653 sanctitatis
3386 1599 3757 1674 eﬁ'ectricem,

2105 1685 2230 1740 quae
2262 1670 2545 1729 nimirum
2579 1673 2710 1732 illos
2741 1694 2946 1737 omnes
2995 1683 3239 1742 rationis
3269 1688 3584 1763 participes
3633 1710 3766 1749 san-

2105 1758 2341 1828 ctiﬁcat,
2375 1761 2476 1834 qui
2525 1781 2594 1820 ex
2638 1763 2821 1823 libero
2869 1769 3111 1829 arbitrio
3142 1778 3200 1830 et
3244 1758 3548 1849 diligentia
3597 1782 3759 1855 digni

331 1845 483 1922 ἁγίαν
542 1844 792 1917 δέξασθαι
847 1847 938 1901 καὶ
1002 1845 1268 1923 μακαρίαν
1333 1843 1522 1899 οὐσίαν
1584 1844 1659 1907 εἷς
1705 1842 1991 1899 κοινωνίαν

2105 1848 2397 1906 habentur
2453 1853 2555 1924 qui
2613 1863 2872 1914 sanctam
2929 1867 2986 1915 et
3043 1862 3272 1921 beatam
3332 1869 3652 1927 essentiam
3699 1875 3761 1930 in

331 1940 623 2016 ἀγιασμοῦ.
683 1939 745 1994 Εἴ
804 1938 896 1994 οὗν
953 1937 1053 1994 οὐκ
1102 1935 1217 1993 ἔστι
1265 1944 1365 2008 τῆς
1393 1941 1491 1992 τοῦ
1525 1937 1738 2012 Ιιατρὸς
1771 1935 1992 1991 καὶτοῦ

331 2029 462 2084 Υἱοῦ
519 2027 700 2091 οὐσίας
755 2029 818 2084 τὸ
874 2030 1024 2105 ἅγιον
1086 2031 1310 2101 Πνεῦμα
1365 2026 1510 2082 τίνος
1557 2023 1734 2081 ἕνεκεν
1774 2023 1993 2101 συνηρί-

333 2131 538 2193 θμησεν
597 2119 725 2175 αὐτὸ
784 2121 812 2175 6
871 2121 994 2182 Υἱὸς
1050 2123 1148 2181 τοῦ
1201 2123 1334 2174 Θεοῦ
1389 2117 1440 2173 έν
1472 2123 1550 2190 τῷ
1582 2112 1849 2190 συμϐόλῳ
1892 2119 1990 2172 τοῦ

329 2209 642 2285 ἀγιασμοῦ;
699 2209 844 2280 Φησὶ
889 2211 993 2284 γάρ
1056 2210 1083 2263 6
1114 2207 1311 2284 Κύριος
1364 2209 1500 2284 πρὸς
1555 2206 1684 2269 τοὺς
1721 2206 1986 2279 μαθητάςο

336 2322 365 2350 ι(
418 2298 801 2374 Πορευθέντες,
865 2297 1235 2373 μαθητεύσατε
1283 2300 1456 2353 πάντα
1512 2296 1578 2352 τά
1606 2295 1756 2367 ἔθνη,
1794 2293 1989 2373 βαπτί-

336 2391 512 2455 ζοντες
564 2386 757 2450 αὐτοὺς
816 2387 892 2450 είς
945 2388 1008 2442 τὸ
1053 2382 1228 2455 ὄνομα
1294 2391 1392 2443 τοῦ
1475 2386 1687 2486 Ιῐατρὲς
1746 2385 1836 2483 καὶ
1893 2387 1990 2486 τοῦ

337 2468 391 2486 ιιε
438 2472 460 2482 υ
594 2468 608 2486 \
729 2473 754 2483 ε’
819 2470 831 2486 Ρ
883 2468 894 2486 Ι
1015 2471 1060 2486 I’I
1138 2467 1151 2486 Ι
1506 2467 1565 2486 η’

337 2468 464 2522 Υἱοῦ
520 2468 610 2522 καὶ
660 2473 758 2524 τοῦ
808 2468 960 2545 ἁγίου
1012 2467 1354 2540 Πνεύματος.
1419 2493 1446 2519 ››
1506 2467 1568 2524 Εἰ
1601 2465 1690 2521 οῦν
1722 2467 1896 2521 πάντα
1922 2466 1990 2521 τά

333 2553 460 2630 ἔθνη
520 2560 588 2614 τὰ
643 2559 960 2614 πιστεύοντα
1017 2559 1107 2614 καὶ
1160 2559 1493 2634 ἁγιαζόμενοι
1551 2557 1862 2634 ἀγιάζονται
1918 2561 1987 2632 τῇ

328 2647 844 2724 τρισμακαριωτάτῃ
899 2647 1186 2723 ὀνομασία,
1246 2645 1416 2718 δῆλόν
1465 2647 1605 2702 ἐστιν
1656 2645 1738 2702 ὅτι
1789 2647 1878 2702 καὶ
1925 2647 1988 2702 τὸ

837 2741 882 2753 .-
993 2741 1005 2753 .
1145 2739 1158 2753 ι
1260 2736 1286 2748 .-
1420 2744 1444 2753 -
1498 2740 1519 2753 ,.
1570 2739 1581 2753 ,
1820 2738 1832 2753 .
1903 2736 1913 2753 ι

330 2741 550 2812 Πνεῦμα
576 2747 677 2810 τῆς
705 2744 802 2795 τοῦ
836 2741 1044 2814 Πατρὸς
1072 2739 1162 2794 καὶ
1193 2736 1289 2794 τοῦ
1321 2740 1448 2794 Υἱοῦ
1496 2739 1752 2809 Θεὸτητος
1815 2736 1988 2814 ὑπάρ-

328 2848 441 2905 χει,
473 2828 533 2884 έκ
556 2834 654 2884 τοῦ
703 2831 853 2906 ἅγιον
911 2829 1041 2884 αὐτὸ
1099 2831 1229 2884 εἶναι
1276 2829 1393 2884 κατ’
1426 2827 1632 2897 οὐσίαν,
1683 2827 1774 2883 καὶ
1803 2825 1988 2904 ἁγίους

330 2925 506 2975 ποιεῖν
568 2921 770 2983 πάντας
826 2919 954 2983 τοὺς
1003 2915 1458 2997 προσϐάλλοντας
1491 2917 1654 2974 αὐτοῦ
1687 2922 1756 2993 τῇ
1787 2939 1986 3020 κοίνω-

326 3008 437 3080 νίᾳ,
499 3009 678 3071 καθώς
767 3030 927 3087 φησιν
1007 3010 1035 3063 6
1111 3006 1451 3071 Ἀπὸστολος
1511 3008 1645 3083 πρὸς
1706 3006 1799 3070 οὕς
1857 3004 1982 3085 ἔφη·

334 3123 363 3151 ‹‹
396 3096 549 3153 Ἀλλ’
606 3096 997 3166 ἀπελοῦστσθε,
1048 3097 1175 3154 ἀλλ’
1229 3096 1530 3174 ἡγιάσθητε
1560 3096 1612 3151 ἐν
1639 3099 1720 3168 τῷ
1753 3095 1982 3169 ὀνόματι

330 3193 429 3244 τοῦ
485 3189 687 3266 Κυρίου
745 3191 908 3262 ἡμῶν
966 3191 1145 3259 ⁷ιησοῦ
1202 3191 1436 3264 Χριστοῦ
1495 3187 1584 3242 καὶ
1629 3186 1679 3242 ἐν
1711 3191 1790 3259 τῷ
1820 3187 1984 3244 Πνεῦ-

333 3301 463 3353 μιοτι
515 3258 680 3334 αῦτοῦ
728 3283 808 3352 τῷ
866 3279 1024 3354 ἁγίῳ.
1077 3300 1103 3332 s
1143 3278 1204 3333 Et
1238 3276 1295 3332 δὲ
1327 3276 1423 3332 οὐκ
1453 3275 1562 3332 ἔστι
1593 3283 1693 3346 τῆς
1721 3280 1817 3331 τοῦ
1849 3281 1982 3332 Θεοῦ
2014 3258 2056 3326 C

327 3369 417 3425 καὶ
476 3370 690 3444 ΙΙατρὸς
719 3368 810 3423 καὶ
858 3369 986 3422 Υἱοῦ
1046 3368 1385 3430 ὑποστάσεως
1441 3369 1577 3441 (93),
1619 3365 1783 3421 παλιν
1816 3366 1983 3441 φημὶ,

327 3466 446 3524 πῶς
498 3461 882 3535 συνηριθμήθη
943 3461 1116 3536 ΙΙατρὶ
1175 3459 1265 3514 καὶ
1296 3461 1425 3532 Υἱῴ·
1461 3459 1534 3521 ὡς
1569 3459 1645 3532 μή
1679 3455 1985 3531 δυναμένης

325 3558 428 3620 τῆς
484 3555 583 3605 τοῦ
639 3550 856 3626 Πατρὸς
913 3549 1003 3604 καὶ
1061 3550 1190 3604 Υἱοῦ
1239 3549 1496 3619 θεότητος
1529 3547 1818 3624 ἐπαρκέσαι
1851 3547 1986 3621 πρὸς

330 3641 593 3716 ἁγιασμὸν
654 3644 797 3706 τοῖς¹
833 3644 1070 3708 πιστοῖς,
1123 3633 1430 3714 προσέλαϐε
1466 3638 1557 3693 τὸν
1595 3635 1982 3713 ΙΙαράκλητον,

329 3728 390 3783 τὸ
418 3731 641 3802 Πνεῦμα
696 3735 797 3798 τῆς
856 3725 1115 3798 ἀληθείας
1150 3728 1225 3790 εἰς
1259 3725 1658 3803 συμπλήρωσιν
1691 3725 1984 3802 ἀγιασμοῦ,

330 3818 419 3873 τὸν
453 3816 549 3873 οὐκ
572 3817 632 3874 ἐκ
679 3821 778 3888 τῆς
814 3815 997 3879 οὐσίας
1027 3815 1192 3872 αὐτοῦ
1223 3811 1388 3888 tivam;
1423 3816 1485 3871 Εἰ
1526 3813 1584 3871 δὲ
1634 3817 1781 3870 τοῦθ’
1840 3815 1984 3870 οὕτω

333 3909 636 3982 νομισθείη,
680 3914 800 3972 πῶς
831 3930 1004 3985 φαμεν
1063 3906 1361 3984 ἀπροσδεὲς
1415 3909 1478 3964 τὸ
1530 3913 1724 3978 Θεῖον;
1766 3906 1982 3962 αὐτοτε-

336 3997 449 4070 λὶς,
508 3996 775 4072 μηδαμῶς
837 4002 1048 4076 χρῇζον
1109 4000 1238 4070 παρ’
1292 3998 1479 4072 ἑτέρου
1535 3999 1682 4060 τινός
1731 4001 1920 4052 τιτῶν
1954 3998 1982 4052 6

331 4086 735 4165 προσδεόμενος
758 4090 872 4163 (94)
909 4092 1006 4143 τοῦ
1038 4086 1333 4163 εὐεργετεῖν
1370 4086 1694 4161 δυναμένου.
1960 4173 1974 4192 ἱ

404 4179 474 4192 η..
558 4177 611 4192 ..
774 4178 795 4192 ν
973 4175 1034 4192 π.
1125 4183 1152 4192 ..
1262 4173 1362 4192 ...ευ
1488 4176 1513 4192 η
1561 4175 1573 4192 ,
1807 4176 1834 4192 ν

404 4179 496 4234 39·
558 4177 680 4248 Ἀρ.
747 4178 910 4231 εἶπεν·
973 4175 1037 4234 Ei.
1085 4183 1186 4246 τῆς
1252 4173 1429 4231 ἀϊδίου
1487 4175 1743 4246 θεότητος
1796 4176 1861 4243 ἦν
1919 4173 1983 4229 τὸ

332 4269 558 4340 Πνεῦμα
617 4265 930 4339 ὁμοούσιον,
990 4267 1208 4328 πάντως
1265 4263 1356 4320 οὖν
1386 4267 1499 4340 (95)
1529 4269 1812 4340 πανταχοῦ
1867 4265 1986 4319 κατ’

329 4353 510 4410 οὐσίαν
569 4362 770 4431 παρῆν,
830 4356 920 4410 καὶ
971 4353 1070 4410 οὐκ
1125 4353 1599 4429 ἀποστελλόμενον
1656 4354 1761 4408 ἀπὸ
1809 4353 1983 4408 τύπου

327 4444 402 4508 εἷς
459 4442 641 4521 ἕτερον
694 4445 862 4500 τόπον
923 4443 1232 4520 ἐπορεύετο.
1292 4446 1406 4502 Ἀθ.
1479 4446 1647 4500 εἶπεν·
1707 4444 1774 4503 Οἱ
1835 4443 1983 4519 ἅγιοι

323 4532 548 4610 ἄγγελοι
594 4535 658 4590 τὸ
711 4539 938 4608 Πνεῦμα
969 4531 1199 4610 ἔχουσι;
1233 4534 1321 4590 ναὶ
1350 4536 1386 4604 ἣ
1415 4532 1518 4606 οὕς
1552 4538 1678 4611 "Ap.
1712 4533 1847 4589 εἶπε*
1884 4533 1982 4589 Καὶ

2101 1939 2587 2000 sanctiﬁcationis
2617 1949 3094 2007 communionem
3127 1954 3478 2028 suscipiant.
3497 1959 3552 2014 Si
3579 1959 3763 2033 igitur

2102 2027 2359 2100 Spiritus
2388 2037 2629 2090 sanctus
2661 2053 2776 2092 non
2801 2043 2890 2094 est
2911 2039 3256 2100 substantia;
3295 2027 3488 2103 Patris
3523 2053 3581 2105 et
3602 2027 3754 2117 Filii,

2101 2131 2279 2188 quare
2307 2117 2502 2190 ipsum
2534 2121 2636 2178 Dei
2691 2125 2869 2182 Filius
2921 2133 3330 2188 annumeravit
3376 2134 3436 2189 in
3489 2138 3755 2209 symbolo

2099 2207 2745 2269 sanctiﬁcationis?Ait
2775 2215 2934 2272 enim
2966 2219 3036 2274 ad
3069 2220 3392 2294 discipulos
3425 2207 3712 2284 Dominus
3739 2247 3754 2286 :

2101 2317 2130 2344 «
2166 2295 2402 2368 Euntes,
2435 2300 2637 2358 docete
2676 2320 2882 2362 omnes
2913 2313 3136 2381 gentes,
3165 2311 3529 2385 baptizantes
3561 2334 3658 2374 eos
3689 2318 3750 2374 in

2101 2388 2338 2442 nomine
2369 2389 2557 2447 Patris
2584 2396 2640 2447 et
2671 2393 2800 2449 Filii
2833 2399 2888 2451 et
2915 2397 3173 2470 Spiritus
3203 2405 3390 2460 sancti
3422 2406 3486 2463 7‘.
3519 2428 3548 2458 »
3585 2409 3748 2474 Quod

2099 2474 2150 2530 si
2181 2492 2386 2534 omnes
2408 2484 2770 2555 gentes,quae
2801 2488 3048 2544 credunt
3077 2494 3135 2548 et
3167 2494 3630 2567 sanctiﬁcantur,
3664 2502 3755 2555 ter

2099 2564 2442 2624 beatissima
2491 2569 2593 2626 illa
2642 2576 3090 2636 nomenclatura
3133 2583 3598 2659 sanctiﬁcantur,
3633 2587 3752 2644 evi-

2099 2655 2244 2711 dens
2272 2662 2359 2713 est
2404 2658 2693 2731 Spiritum
2741 2664 2814 2720 ad
2864 2669 3054 2725 Patris
3106 2675 3164 2727 et
3209 2672 3338 2730 Filii
3389 2655 3755 2735 divinitatem

2098 2747 2412 2819 pertinere,
2445 2765 2579 2805 cum
2615 2750 2812 2823 ipsum
2863 2757 3199 2817 substantia
3245 2762 3324 2819 sit
3372 2770 3666 2836 sanctum,
3701 2771 3759 2825 et

2097 2851 2301 2892 omnes
2332 2841 2568 2896 sanctos
2599 2841 2835 2912 efﬁciat,
2870 2847 2974 2916 qui
3003 2850 3074 2904 ad
3108 2850 3237 2921 ejus
3276 2856 3755 2915 communionem

2098 2926 2246 2980 111
2282 2928 2569 2984 accedunt
2598 2947 2611 2985 :
2643 2934 3144 3002 quemadmodum
3192 2941 3511 3010 Apostolus
3542 2947 3615 3002 ad
3657 2963 3756 3004 eos

2097 3015 2180 3069 ait
2226 3031 2375 3086 quos
2425 3016 2510 3072 sic
2560 3017 2927 3092 alloquitur:
2970 3026 3144 3083 «Sed
3195 3029 3382 3087 abluti
3433 3033 3596 3105 estis,
3648 3038 3752 3093 sed

2095 3105 2445 3161 sunctiﬁcati
2483 3107 2628 3163 estis
2682 3110 2741 3164 in
2801 3113 3039 3172 nomine
3095 3117 3330 3175 Domini
3379 3124 3566 3180 nostri
3609 3125 3753 3183 Jesu

2099 3195 2336 3264 Christi,
2367 3201 2424 3251 et
2480 3196 2539 3252 in
2598 3198 2821 3271 Spiritu
2879 3209 3082 3262 sancto
3140 3209 3271 3280 ejus
3329 3210 3395 3264 ⁷⁵.
3445 3234 3474 3264 ››
3535 3214 3642 3279 Qui
3700 3217 3752 3273 si

2097 3302 2210 3341 non
2242 3288 2332 3340 est
2362 3285 2704 3343 substantia:
2753 3289 2855 3346 Dei
2887 3297 2944 3348 et
2973 3294 3163 3352 Patris
3196 3315 3262 3354 ac
3309 3299 3463 3369 Filii,
3509 3321 3748 3362 rursum

2095 3374 2410 3447 interrogo,
2444 3392 2549 3432 cur
2577 3393 2712 3432 cum
2761 3383 2931 3437 Patre
2963 3388 3019 3439 et
3071 3385 3212 3442 Filio
3254 3390 3332 3445 sit
3382 3403 3749 3464 numeratus,

2095 3463 2267 3535 quasi
2297 3463 2537 3532 scilicet,
2575 3467 2757 3523 Patris
2787 3475 2844 3524 et
2887 3471 3014 3526 Filii
3064 3474 3369 3534 divinitate
3419 3498 3532 3536 non
3581 3483 3750 3538 sufﬁ-

2095 3552 2281 3608 ciente
2331 3553 2403 3609 ad
2465 3554 2726 3612 ﬁdelium
2777 3562 3325 3637 sanctiﬁcationem,
3359 3569 3750 3646 Paracletum,

2095 3641 2382 3712 Spiritum
2404 3644 2666 3702 veritatis
2689 3653 3081 3722 assumpserit
3105 3659 3256 3711 Deus
3278 3657 3338 3713 in
3362 3641 3755 3732 complemen-

2097 3735 2222 3787 tum
2246 3733 2749 3805 sanctiﬁcationis,
2784 3738 2881 3808 qui
2914 3739 3102 3812 ipsius
3126 3744 3472 3803 substantia)
3498 3767 3611 3807 non
3636 3755 3754 3808 sit?

2027 3883 2036 3887 _
2095 3821 2257 3888 Quod
2281 3821 2329 3876 si
2353 3822 2714 3893 admittatur,
2737 3831 3032 3898 quomodo
3054 3849 3374 3904 possumus
3397 3837 3609 3905 dicere,
3637 3840 3752 3897 Nu-

2093 3927 2226 3966 men
2259 3910 2421 3968 nulla
2453 3928 2512 3968 re
2533 3930 2723 3986 egere,
2755 3932 2823 3971 ex
2853 3935 2916 3973 se
2956 3921 3279 3990 perfectum
3298 3941 3450 3990 esse,
3483 3926 3752 4000 nihilque

2094 4017 2127 4055 a
2157 4017 2456 4072 quoquam
2488 4003 2878 4077 mutuari,qui
2906 4009 3096 4080 possit
3126 4010 3182 4066 id
3203 4014 3358 4084 quod
3392 4014 3616 4090 indiget
3635 4017 3748 4074 sibi

2093 4089 2548 4147 subministrare
2574 4091 2603 4147 ?

2162 4179 2252 4234 39.
2279 4179 2372 4234 Ar.
2407 4179 2465 4234 Si
2499 4179 2752 4251 Spiritus
2772 4186 3143 4257 sempiternae
3165 4191 3394 4248 veritati
3424 4199 3579 4252 esset
3607 4213 3745 4254 con-

2092 4267 2522 4334 substantialis,
2554 4275 2707 4326 certe
2739 4272 2958 4345 ubique
2989 4280 3320 4336 secundum
3350 4284 3746 4344 substantiam

2093 4357 2346 4426 adesset,
2379 4373 2485 4412 nec
2517 4358 2735 4416 missus
2764 4378 2794 4416 e
2825 4360 2950 4418 loco
2983 4365 3042 4421 in
3086 4365 3267 4423 alium
3309 4369 3502 4428 locum
3536 4375 3743 4434 abiret.

2098 4447 2228 4504 ΑιΙι.
2255 4446 2450 4503 Sancti
2483 4449 2677 4520 angeli
2709 4449 3004 4510 habentne
3034 4455 3342 4529 Spiritum,
3377 4480 3572 4520 annon
3594 4465 3622 4520 ?
3650 4468 3746 4524 Ar.

2092 4537 2258 4594 Certe
2279 4535 2516 4593 habent.
2547 4538 2994 4613 Ath.Semperne
3024 4560 3158 4600 cum
3192 4546 3308 4603 illis
3341 4554 3451 4620 est,
3485 4552 3572 4608 vel
3603 4571 3746 4612 num

327 4623 488 4680 πάνυ.
548 4625 660 4680 Ἀθ.
723 4625 860 4679 εἷπε·
923 4625 1224 4687 Διαπαντὸς
1273 4623 1429 4680 συνὸν
1483 4622 1667 4686 αὐτοῖς
1696 4624 1977 4701 τυγχάνει,

2101 4627 2162 4684 ad
2189 4631 2424 4699 tempus
2445 4642 2578 4682 eum
2611 4629 2833 4685 sanctis
2856 4631 3174 4692 virtutibus
3197 4643 3321 4694 erat
3339 4639 3591 4713 Spiritus
3613 4661 3747 4702 sen-

323 4713 359 4781 ἣ
386 4713 520 4787 πρὸς
547 4713 734 4789 καιρὸν
767 4715 932 4783 συνῆν
965 4713 1057 4769 καὶ
1085 4713 1149 4768 τὸ
1181 4715 1330 4789 ἅγιον
1363 4717 1589 4788 Πνεῦμα
1642 4719 1762 4776 ταῖς
1803 4713 1978 4789 ἁγίαις

327 4797 610 4874 δυνάμεσιν
635 4825 650 4876 ς
679 4804 780 4879 ἄρα
809 4803 886 4873 πὴ
924 4803 1018 4877 μὲν
1046 4799 1221 4874 λέξεις
1268 4801 1396 4866 τοὺς
1457 4801 1725 4880 ἀγγέλους
1771 4803 1978 4880 ἁγίους,

325 4891 404 4960 πή
438 4887 496 4946 δὲ
525 4889 634 4967 οὐχ
691 4892 909 4966 ἁγιους;
968 4894 1045 4966 Τῇ
1106 4891 1200 4965 μὲν
1247 4893 1354 4968 γὰρ
1381 4889 1651 4967 παρουσίᾳ
1699 4895 1797 4946 τοῦ
1825 4893 1980 4969 ἁγίου

329 4979 649 5053 Πνεῦματος
736 4980 882 5055 ἅγιοι
959 4979 1342 5057 τυγχάνουσιν,
1403 4979 1454 5034 έν
1511 4983 1576 5055 τῇ
1635 4981 1866 5053 ἀπουσίᾳ
1921 4978 1980 5036 δὲ

327 5067 492 5124 αὐτοῦ
546 5065 717 5139 δῆλόν
777 5068 888 5124 ἐστι
949 5070 1024 5142 μὴ
1076 5068 1210 5124 εἶναι
1267 5068 1451 5146 ἁγίους
1497 5067 1690 5132 αὐτοὺς
1737 5070 1872 5125 κατά
1916 5071 1979 5126 τὸ

329 5156 612 5233 εἰρημένον
673 5159 812 5234 πρὸς
867 5162 967 5214 τοῦ
1018 5163 1172 5215 Θεοῦ’
1235 5182 1262 5212 ι(
1321 5158 1398 5218 Οὐ
1460 5161 1534 5234 μή
1567 5160 1863 5236 καταμείνῃ
1918 5165 1981 5220 τὸ

396 5329 442 5365 ⁷ο
472 5334 653 5404 ames
685 5345 762 5397 Iv,
798 5330 882 5385 13.
944 5331 1004 5404 ,τί
1041 5329 1223 5404 Levit.
1255 5347 1335 5402 x1,
1367 5331 1472 5400 44;
1525 5333 1728 5390 Ezech.
1759 5352 1852 5404 xx,
1886 5336 1973 5392 12.

328 5401 414 5457 19.
490 5402 535 5437 ⁷⁸
565 5407 590 5457 Ι
620 5401 751 5458 Cor.
781 5418 862 5470 γι,
895 5403 982 5458 11.
1059 5403 1103 5439 ⁷⁵
1133 5401 1342 5460 (Ξεοοε.
1373 5419 1457 5474 νι,
1488 5404 1539 5459 3.

370 5573 509 5662 ,(9?)
539 5577 628 5632 Ita
658 5574 799 5647 Reg.
852 5573 1028 5632 Basil.
1061 5578 1120 5633 et
1164 5575 1333 5650 Angl.
1383 5575 1490 5633 Alii
1539 5581 1597 5633 et
1643 5578 1808 5651 editi,
1857 5577 1983 5656 περὶ

325 5663 510 5701 αυτου.

395 5717 509 5795 (93)
539 5717 628 5775 Ita
671 5717 913 5792 Regius,
945 5717 1305 5793 Anglicanus
1334 5724 1392 5776 et
1431 5722 1836 5795 August-anus.
1869 5723 1984 5782 Alii
2056 5780 2059 5782 _

645 5847 914 5911 Panos.
961 5848 1075 5912 Gs.
1123 5848 1402 5915 XXVIII.

2051 5338 2096 5374 ⁷³
2127 5335 2299 5392 Joan.
2330 5350 2470 5405 xvu,
2527 5335 2612 5389 17.

2090 4717 2270 4774 ctus?
2297 4718 2382 4771 An
2417 4716 2576 4772 dices
2618 4718 2857 4792 angelos
2906 4721 3223 4796 aliquando
3267 4734 3523 4802 sanctos,
3552 4738 3609 4790 et
3638 4735 3746 4791 ali-

2091 4805 2322 4878 quando
2345 4822 2461 4860 non
2483 4810 2721 4864 sanctos
2752 4811 2774 4863 ?
2795 4808 3100 4882 Siquidem
3123 4817 3310 4874 sancti
3332 4820 3583 4892 Spiritus
3603 4842 3746 4897 prte-

2091 4895 2280 4952 sentia
2311 4893 2499 4950 sancti
2541 4894 2626 4950 illi
2659 4902 2800 4954 sunt
2832 4915 2845 4953 :
2879 4916 2946 4956 eo
2980 4908 3178 4961 autem
3227 4907 3491 4979 absente,
3519 4893 3743 4971 certum

2091 4989 2181 5041 est
2210 4989 2443 5040 sanctos
2491 4983 2624 5040 illos
2655 5001 2772 5041 non
2804 5003 2954 5054 esse,
2979 4991 3152 5060 juxta
3180 4993 3329 5052 hanc
3376 4999 3476 5054 Dei
3507 5007 3744 5059 senten-

2093 5076 2233 5130 tiam
2270 5091 2333 5129 :u
2366 5077 2491 5128 Non
2525 5076 2894 5146 permanebit
2922 5079 3173 5152 Spiritus
3198 5101 3363 5142 meus
3395 5103 3528 5143 cum
3560 5089 3746 5148 homi-

2093 5165 2267 5220 nibus
2298 5163 2694 5235 generationis
2719 5164 3066 5240 hujus,quia
3086 5169 3195 5244 ipsi
3219 5190 3422 5233 carnes
3445 5184 3586 5236 sunt
3614 5181 3678 5236 7°.
3713 5202 3744 5232 ››

2691 5335 2736 5372 ⁷³
2763 5336 2933 5394 Joan.
2963 5356 3080 5412 xxv,
3109 5340 3164 5396 6.
3243 5343 3288 5378 7‘
3313 5344 3519 5406 Matth.
3551 5365 3748 5419 xxvm,

2092 5595 2227 5635 vero
2259 5593 2394 5635 cum
2425 5574 2615 5641 editis,
2640 5575 2738 5653 3cm)
2769 5577 2897 5634 Υίοῦ
2929 5579 3184 5653 θεότητος
3219 5583 3587 5652 ὑποστάσεως.

2187 5651 2281 5718 94)
2309 5651 2457 5720 Aug.
2489 5643 2916 5735 προσδεόμενον.

2165 5650 2278 5797 ί95)
2311 5720 2452 5794 Reg.
2483 5717 2697 5775 πάντων
2729 5720 2812 5780 ἄν.

2188 5722 2278 5794 95)
2311 5720 2452 5794 Reg.
2483 5720 2697 5775 πάντων
2729 5720 2812 5780 ἄν.

3355 5860 3431 5924 16
