4170 6388
380 344 495 406 491

1545 342 1610 405 S.
1657 340 2186 403 ATHANASIUS.
2214 374 2290 385 —
2322 340 2636 404 SPUHIA.

3688 341 3809 402 49!

381 476 478 535 Ait
506 490 738 550 quoque
767 474 984 532 Paulus
1033 474 1339 548 apostolus
1369 489 1384 530 :
1418 495 1449 525 «
1478 474 1540 531 Si
1570 474 1703 547 quis
1747 473 2033 548 Spiritum

2154 476 2366 546 Πνεῦμα
2398 494 2503 546 μου
2538 473 2674 546 μετά
2700 476 2808 528 τῶν
2839 471 3145 551 ἀνθρώπων
3176 480 3277 544 τῆς
3335 479 3519 550 γενεᾶς
3573 472 3801 546 ταύτης,

383 566 601 625 Christi
631 583 750 622 non
800 565 996 637 habet,
1028 564 1124 621 hic
1172 580 1286 621 non
1319 568 1406 621 est
1433 565 1564 635 ejus
1593 565 1657 619 ⁷⁷.
1690 585 1719 616 ››
1753 564 1813 619 Si
1857 563 2039 636 igitur

383 656 676 714 malarum
726 655 1026 712 actionum
1071 671 1251 710 causa
1298 653 1421 709 hac
1470 658 1583 722 est,
1614 655 1772 726 quod
1816 653 2039 709 scilicet

383 746 636 819 Spiritus
684 761 797 800 non
855 745 933 800 sit
980 759 1115 799 cum
1164 744 1595 815 peccantibus:
1646 760 1716 800 ex
1760 759 1826 799 eo
1880 742 2037 814 quod

385 834 641 908 Spiritus
688 838 931 891 sanctus
959 833 1019 888 in
1050 833 1350 904 aliquibus
1400 848 1503 888 nec
1534 832 1611 888 sit
1639 849 1746 887 nec
1793 831 2038 897 habitet,

385 923 604 981 Christi
627 940 744 980 non
764 939 893 979 esse
914 921 1263 978 ostenditur.
1295 922 1660 994 Quapr0pter
1689 920 1881 993 angeli
1907 935 2037 992 pec-

349 1014 500 1071 ~cati
529 1016 702 1070 erunt
733 1011 1012 1079 ministri,
1045 1010 1160 1066 nisi
1191 1027 1424 1082 semper
1451 1010 1735 1083 Spiritum
1766 1013 2039 1066 sanctum

386 1103 725 1159 habuerint.
758 1101 1061 1168 Quomodo
1110 1116 1248 1173 ergo
1303 1101 1403 1156 Dei
1452 1099 1701 1173 gloriam
1751 1101 1879 1156 sine
1926 1099 2042 1154 fine

388 1192 880 1265 contemplantur,
910 1191 1025 1246 nisi
1047 1206 1282 1263 semper
1301 1189 1422 1245 sint
1456 1191 1668 1256 sancti,
1699 1194 1758 1246 et
1786 1189 2043 1261 Spiritus

389 1282 579 1340 sancti
601 1280 1271 1355 participes?Ar.Sanct¢e
1296 1280 1547 1335 virtutes
1566 1279 1853 1350 Spiritum
1882 1295 2042 1334 sem-

386 1389 493 1447 per
514 1372 753 1429 habent.
777 1369 900 1427 Ath.
930 1371 1001 1425 Et
1020 1371 1206 1425 sancti
1229 1369 1450 1436 Patres,
1470 1369 1568 1440 qui
1594 1385 1629 1424 a
1650 1368 1873 1424 mundo
1902 1385 2040 1423 con-

389 1462 511 1519 dito
542 1461 890 1534 placuerunt
917 1465 1049 1526 Deo,
1076 1475 1218 1516 num
1250 1474 1450 1515 secum
1485 1459 1740 1514 habuere
1770 1463 2041 1513 sanctum

385 1549 675 1624 Spiritum
706 1554 763 1605 et
791 1549 1119 1606 etiamnum
1149 1547 1390 1615 habent,
1424 1564 1619 1603 annon
1645 1547 1673 1602 ‘I
1702 1548 1793 1602 Ar.
1827 1547 2043 1603 Omnes

387 1640 581 1699 sancti
600 1643 659 1695 et
686 1638 944 1694 habuere
973 1641 1031 1693 et
1055 1636 1276 1693 habent
1297 1636 1582 1708 Spiritum
1608 1641 1881 1692 sanctum
1905 1637 2040 1692 abs-

389 1744 504 1802 que
531 1727 654 1785 ulla
682 1727 1070 1800 separatione.
1102 1725 1226 1781 Ath.
1262 1725 1544 1781 Aderatne
1576 1741 1710 1781 cum
1760 1724 2043 1797 apostolis

386 1818 641 1892 Spiritus
671 1822 933 1886 sanctus,
962 1832 1097 1871 cum
1129 1819 1326 1871 essent
1355 1815 1416 1871 in
1447 1830 1641 1884 carne,
1676 1831 1870 1870 annon
1891 1814 1919 1869 ?
1947 1815 2040 1870 Ar.

385 1907 562 1966 Nefas
593 1910 685 1964 est
713 1906 905 1963 dicere
953 1904 1242 1977 Spiritum
1274 1907 1545 1959 sanctum
1595 1920 1730 1959 cum
1761 1902 2046 1976 apostolis

392 2014 509 2054 non
541 1996 745 2053 fuisse.
778 1994 911 2052 Ath.
943 1992 1208 2050 Simulne
1259 2008 1464 2048 omnes
1513 1993 1753 2064 profecti
1801 1997 1943 2047 sunt
1972 1993 2045 2048 ad

393 2086 834 2162 praedicandum
885 2099 1133 2156 regnum
1183 2081 1488 2153 malorum,
1520 2099 1594 2138 an
1626 2082 1685 2137 in
1736 2082 2044 2137 duodecim

393 2176 601 2234 mundi
620 2180 814 2243 partes
835 2173 1086 2246 dispersi
1108 2176 1250 2229 sunt
1272 2174 1295 2225 Ρ
1314 2172 1409 2228 Ar.
1442 2177 1489 2225 Α
1516 2187 1578 2227 se
1598 2171 1849 2227 invicem
1874 2188 2047 2226 carne

392 2265 648 2340 separati
679 2267 841 2334 sunt,
865 2269 931 2319 ut
959 2279 1164 2318 omnes
1195 2265 1399 2335 gentes
1430 2261 1602 2316 ﬁdem
1626 2260 1841 2316 Christi
1875 2262 2043 2317 doce-

388 2361 538 2414 rent.
570 2355 693 2411 Ath.
726 2358 927 2426 Itaque
956 2351 1006 2409 si
1054 2368 1187 2407 cum
1221 2349 1447 2422 angelis
1489 2356 1579 2405 est
1626 2350 1880 2422 Spiritus
1912 2367 2045 2406 san-

392 2450 543 2513 ctus,
577 2445 625 2500 si
674 2445 815 2500 item
844 2446 934 2499 est
982 2457 1115 2497 cum
1147 2441 1368 2496 sanctis
1419 2439 1659 2495 Patrum
1710 2438 2045 2505 animabus,

390 2551 516 2607 qus:
541 2534 658 2590 Deo
697 2532 1083 2606 placuerunt:
1114 2530 1165 2585 si
1204 2532 1343 2585 item
1372 2530 1574 2585 aderat
1611 2528 1891 2599 apostolis
1922 2547 1956 2585 a
1986 2545 2047 2585 se

389 2622 641 2679 invicem
664 2621 858 2695 longis
878 2617 1202 2676 intervallis
1224 2618 1548 2682 dissitis,ad
1572 2618 2046 2674 annuntiandum

393 2728 642 2786 regnum
666 2709 944 2767 oculorum
972 2726 984 2763 :
1010 2708 1192 2781 igitur
1211 2706 1408 2764 omnia
1427 2706 1653 2780 implet,
1673 2723 2049 2779 prasensque

392 2807 486 2860 est
506 2802 720 2873 ubique
742 2799 1069 2857 secundum
1091 2796 1672 2864 substantiam,sicut
1688 2796 1842 2853 Deus
1854 2801 2048 2868 Pater,

389 2893 475 2948 ita
501 2890 843 2964 unigenitus
872 2890 1002 2961 ejus
1034 2887 1241 2944 Filius.

2149 561 2237 619 διὰ
2263 565 2327 619 τὸ
2385 565 2516 619 εἶναι
2566 562 2760 626 αὐτοὺς
2816 565 3036 639 σάρκας.
3092 589 3121 617 ››
3181 564 3285 623 Καὶ
3338 564 3553 629 Παῦλος
3595 567 3623 620 6
3667 565 3803 621 ἀπό-

2147 653 2341 714 στολός
2398 672 2542 722 ησιν·
2591 679 2616 706 ‹‹
2654 654 2715 710 Εἰ
2753 650 2810 708 δὲ
2837 674 2919 716 τις
2953 658 3173 727 Πνεῦμα
3223 656 3461 727 Χριστοῦ
3508 655 3607 710 οὐκ
3664 654 3804 732 ἔχει,

2147 740 2306 803 οὗτος
2339 741 2439 796 ούκ
2487 738 2629 796 ἔστιν
2675 740 2861 800 αὐτοῦ,
2919 764 2949 793 ››
3001 742 3063 797 Εἰ
3115 739 3206 797 οὖν
3252 744 3287 813 ἡ
3315 746 3424 798 τῶν
3457 748 3636 799 κακῶν
3665 745 3803 819 πρά-

2150 830 2278 901 ξεων
2333 830 2480 886 αἰτία
2537 830 2745 906 γίνεται
2801 831 2877 904 μὴ
2963 837 3196 886 συνεῖναι
3265 832 3328 887 τὸ
3406 837 3628 907 Πνεῦμα
3685 838 3802 895 τοῖς

2150 919 2567 995 ἁμαρτάνουσιν,
2616 919 2675 975 ἐκ
2719 924 2817 975 τοῦ
2872 920 2948 993 μὴ
2998 921 3134 976 εἶναι
3180 922 3270 976 καὶ
3316 921 3540 978 ἐνοικεῖν
3592 920 3644 977 ἕν
3692 944 3805 977 τισι

2147 1009 2210 1064 τὸ
2273 1012 2427 1085 ἅγιον
2477 1015 2711 1082 Πνεῦμα,
2761 1007 3032 1066 δείκνυται
3083 1014 3157 1084 μή
3192 1010 3324 1066 εἶναι
3358 1013 3614 1087 Χριστοῦ.
3666 1013 3805 1088 Ἀρα

2152 1099 2243 1155 οὗν
2300 1102 2448 1176 ἅγιοι
2670 1099 2897 1177 ἄγγελοι
2958 1102 3222 1178 ἁμαρτίας
3278 1101 3542 1175 διάκονοι,
3614 1103 3660 1157 εἰ
3726 1104 3801 1176 μὴ

2151 1187 2442 1251 διαπαντὸς
2508 1187 2696 1266 ἔχουσι
2761 1189 2824 1246 τὸ
2884 1194 3100 1264 Πνεῦμα
3152 1190 3216 1246 τὸ
3291 1192 3469 1265 ἅγιον.
3531 1196 3653 1253 Πῶς
3712 1192 3805 1246 οῦν

2153 1276 2514 1342 ἀδιαλείπτως
2573 1280 2907 1357 προσέχουσι
2956 1280 3025 1356 τῇ
3091 1278 3218 1355 δόξῃ
3271 1286 3370 1338 τοῦ
3430 1287 3585 1351 Θεοῦ,
3647 1282 3802 1355 εἰμὴ

2153 1371 2300 1444 ἅγιοι
2329 1370 2419 1424 καὶ
2448 1369 2700 1425 κοινωνοὶ
2737 1368 3051 1442 Πκεύματος
3100 1370 3258 1445 ἀγίου
3312 1371 3415 1426 εἷεν
3474 1368 3803 1441 διαπαντόςς

2152 1464 2276 1535 "Ap.
2324 1460 2456 1514 εἶπε·
2508 1458 2808 1520 Διαπαντὸς
2858 1455 3076 1535 ἔχουσιν
3128 1459 3183 1514 αἱ
3233 1460 3382 1535 ἅγιαι
3429 1457 3685 1533 δυνάμεις
3741 1462 3806 1516 τὸ

2154 1552 2391 1620 Πνεῦμα.
2427 1549 2542 1604 Ἀθ.
2574 1550 2742 1603 εἶπεν·
2775 1548 2841 1606 Οἱ
2874 1549 3015 1624 ἅγιοι
3070 1547 3303 1622 Ιίατὲρες
3352 1549 3406 1603 οἱ
3462 1548 3553 1603 ἀπ’
3609 1550 3807 1612 αἰῶνος

2153 1638 2408 1713 εύαρεστή
2421 1658 2600 1699 σαντες
2632 1641 2711 1709 τῷ
2742 1641 2857 1709 Θεῷ
2886 1638 3041 1692 συνὸν
3076 1635 3238 1713 ἔσχον
3268 1637 3328 1692 τὸ
3362 1638 3510 1714 ἅγιον
3559 1641 3805 1713 Πνεῦμα,

2150 1728 2240 1781 καὶ
2296 1731 2388 1781 νῦν
2444 1722 2664 1802 ἔχουσιν
2725 1726 2890 1796 αύτό;
2946 1726 3032 1782 ναὶ
3089 1728 3123 1797 ἢ
3159 1724 3260 1797 οῦ;
3338 1729 3464 1804 Ἀρ.
3517 1730 3654 1784 εἷπε·
3705 1730 3806 1784 Καὶ

2154 1815 2316 1892 ἔσχον
2383 1815 2472 1871 καὶ
2526 1813 2715 1891 ἔχουσι
2773 1816 2963 1878 πάντες
3011 1817 3062 1870 οἱ
3091 1818 3238 1892 ἅγιοι
3289 1816 3351 1871 τὸ
3384 1818 3533 1893 ἅγιον
3588 1820 3808 1891 Πνεῦμα

2153 1906 2503 1983 ἀχωρίστως.
2582 1906 2699 1969 ’Δο.
2760 1906 2894 1960 εἷπε·
2952 1910 3078 1969 Τοῖς
3138 1904 3467 1970 ἀποστόλοις
3527 1914 3689 1978 συνῆν
3749 1908 3809 1964 τὸ

2158 1998 2306 2071 ἅγιον
2359 1999 2577 2067 Πνεῦμα
2624 1994 2675 2051 ἐν
2726 1997 2882 2072 σαρκὶ
2930 1997 3049 2051 οὗσι
3080 2015 3093 2067 ;
3134 1996 3220 2051 ναὶ
3252 1996 3285 2066 ἢ
3322 1996 3417 2065 οῦ;
3446 2062 3451 2067 ,
3477 1998 3603 2073 Ἀρ.
3638 1998 3806 2054 εἶπεν·

2156 2082 2441 2156 Ἀθέμιτόν
2502 2082 2613 2138 ἐστι
2672 2084 2830 2161 φάναι
2886 2086 2961 2156 μὴ
3012 2090 3245 2139 συνεῖναι
3288 2085 3352 2139 τὸ
3401 2088 3556 2161 ἅγιον
3586 2091 3811 2161 Πνεῦμα

2152 2179 2270 2236 τοῖς
2303 2172 2651 2235 ἀποστόλοις.
2686 2175 2800 2230 Ἀθ.
2834 2175 2997 2229 εἶπεν·
3050 2177 3201 2247 ’Ἅμα
3247 2175 3440 2238 πάντες
3490 2176 3810 2251 ἐπορεύοντο

2154 2261 2514 2337 κηρύττοντες
2570 2263 2669 2331 τήν
2735 2262 3011 2336 βασιλείαν
3070 2268 3179 2318 τῶν
3226 2265 3486 2341 οὑρανῶν,
3518 2266 3552 2333 ἢ
3589 2263 3808 2321 διεσπά-

2158 2372 2327 2427 ρησαν
2361 2348 2437 2412 εἴς
2466 2351 2533 2405 τὰ
2590 2348 2801 2405 δώδεκα
2862 2350 2997 2427 μέρη
3053 2356 3151 2407 τοῦ
3208 2352 3419 2426 κόσμου
3683 2355 3811 2432 "Ap.

2157 2441 2327 2496 εἶπεν·
2388 2439 2805 2516 Ἑχωρίσθησαν
2856 2440 2948 2495 ἀπ’
2996 2438 3261 2511 ἀλλήΛων
3324 2443 3502 2519 σαρκὶ,
3555 2445 3691 2520 πρὸς
3750 2442 3812 2499 τὸ

2161 2530 2491 2601 μαθητεῦσαι
2522 2527 2696 2583 πάντα
2724 2528 2791 2582 τὰ
2820 2526 2945 2599 ἔθνη
2981 2528 3056 2591 εἰς
3099 2531 3199 2598 τήν
3251 2529 3302 2584 ἐν
3352 2530 3568 2606 Χριστῷ
3611 2533 3809 2589 πίστιν.

2158 2618 2272 2681 Ἀθ.
2333 2619 2500 2672 εἶπεν·
2554 2617 2617 2672 Εἴ
2666 2615 2758 2672 οὖν
2806 2615 3069 2692 ἀγγέλοις
3119 2618 3328 2675 σύνεστι
3359 2620 3421 2675 τὸ
3454 2622 3603 2697 ἅγιον
3635 2623 3809 2679 Πνεῦ-

2161 2728 2256 2780 μα,
2286 2707 2377 2761 καὶ
2406 2712 2523 2769 ταῖς
2551 2705 2732 2781 ἁγίαις
2763 2710 2968 2782 ψυχαῖς
2989 2712 3096 2762 τῶν
3159 2710 3412 2785 Πατὲρων
3462 2715 3570 2766 τῶν
3630 2708 3812 2789 εὐαρε-

2159 2795 2471 2867 στησάντων
2500 2799 2580 2868 τῷ
2609 2800 2725 2867 Θεῷ
2756 2797 2908 2850 συνὸν
2957 2797 3215 2872 τυγχάνει
3245 2797 3306 2852 τὸ
3359 2800 3513 2874 ἅγιον
3567 2802 3809 2875 Πνεῦμα,

2156 2885 2384 2940 καὶτῶν
2434 2884 2754 2940 ἀποστόλων
2811 2882 3138 2940 διαστάντων
3202 2893 3433 2964 μακραῖς
3480 2886 3814 2945 διαστάσεσιν

388 2978 483 3036 ἀπ’
545 2975 837 3050 ἀλλήλων,
893 2977 1030 3054 πρὸς
1092 2975 1156 3031 τὸ
1202 2974 1431 3051 κηρύξαι
1490 2976 1589 3043 τὴν
1652 2972 1933 3049 βασιλθίαν
1990 2969 2098 3030 τῶν
2150 2973 2411 3050 οὐρανῶν.
2462 2981 2640 3050 παρῆν
2700 2973 2884 3036 αὐτοῖς
2937 2976 3001 3029 τὸ
3062 2977 3216 3051 ἅγιον
3277 2978 3521 3050 ΙΙνεῦμα·
3585 2979 3687 3056 ἄρα
3740 2982 3808 3035 τὰ

390 3067 679 3144 σύμπαντα
751 3064 967 3141 πληροῖ
1033 3063 1317 3141 πανταχοῦ
1387 3066 1559 3141 παρὸν
1622 3064 1740 3119 κατ’
1796 3061 2009 3137 οὐσίαν,
2067 3062 2249 3140 ὣσπερ
2308 3065 2336 3119 6
2396 3065 2525 3127 Θεὸς
2585 3064 2613 3118 ὁ
2674 3064 2886 3138 Πατὴρ,
2933 3062 3022 3118 καὶ
3081 3066 3109 3119 6
3165 3067 3471 3141 μονογενὴς
3526 3069 3648 3131 Υἱὸς
3710 3068 3804 3124 αύ-

385 3162 505 3231 τοῦ,

462 3252 552 3308 40.
584 3250 679 3306 Ar.
711 3248 859 3305 dixit
893 3264 906 3305 :
940 3249 1100 3314 Esto,
1132 3246 1351 3318 ubique
1402 3245 1731 3302 secundum
1761 3245 2042 3301 substan-

2232 3246 2319 3300 40.
2381 3249 2506 3319 "Ap.
2584 3244 2722 3297 εἷπε·
2798 3239 3045 3299 Δεδόσθω
3113 3244 3229 3299 κατ’
3290 3243 3473 3301 οὐσίαν
3533 3252 3812 3325 πανταχοῦ

392 3341 538 3398 tiam
569 3353 830 3413 presens
882 3338 962 3394 sit
993 3337 1252 3409 Spiritus
1302 3339 1541 3391 sanctus
1567 3351 1581 3402 ;
1611 3351 1718 3390 cur
1746 3351 1883 3407 ergo
1915 3351 2046 3406 pro-

393 3430 574 3504 pheta
602 3445 673 3485 οι
699 3443 951 3501 persona
980 3424 1082 3481 Dei
1110 3424 1192 3480 ait
1223 3441 1287 3479 :«
1322 3423 1436 3497 Ego
1465 3423 1753 3480 Dominus
1784 3423 1937 3479 Deus
1959 3440 2049 3478 ve-

394 3523 536 3588 ster,
570 3519 816 3574 ﬁrmans
857 3514 1098 3585 tonitru,
1130 3517 1189 3569 et
1216 3528 1421 3569 creans
1468 3512 1739 3586 spiritum
1771 3512 1835 3581 ⁷⁸,
1870 3533 1899 3561 ››
1934 3511 2046 3567 nisi

396 3609 476 3665 sit
502 3612 696 3665 creata
722 3606 914 3661 virtus
936 3604 964 3659 ‘?
999 3604 1131 3660 Ath.
1163 3603 1484 3673 Semperne
1533 3607 1764 3658 creatur
1792 3600 2049 3674 Spiritus

396 3702 640 3755 sanctus
686 3694 1014 3751 secundum
1041 3696 1117 3761 te,
1146 3709 1221 3748 an
1269 3691 1451 3747 semel
1480 3692 1768 3747 duntaxat
1814 3694 2049 3746 creatus

398 3786 537 3846 est?
565 3788 659 3843 Ar.
695 3784 823 3841 Noli
855 3782 1000 3839 mihi
1033 3781 1389 3855 quaestiones
1421 3795 1765 3854 proponere,
1796 3796 1923 3851 quae
1957 3795 2045 3836 re-

397 3881 501 3934 ctis
533 3874 747 3933 mentis
773 3872 976 3929 aliens:
994 3871 1257 3944 sint.Ego
1288 3874 1423 3926 ante
1443 3870 1643 3925 omnia
1665 3869 1879 3925 saecula
1895 3884 2049 3924 crea-

394 3971 522 4023 tum
583 3966 714 4022 dico
774 3961 957 4019 fuisse
1012 3960 1315 4033 Spiritum.
1360 3960 1481 4014 Ath.
1533 3958 1822 4031 Propheta
1878 3957 2043 4027 dixit,

393 4078 424 4108 «
457 4071 720 4124 creans,»
755 4069 884 4125 quas
913 4067 1023 4107 vox
1055 4050 1347 4123 prophetas
1378 4048 1565 4104 Deum
1595 4063 1827 4120 semper
1849 4062 2047 4103 crean-

390 4151 511 4203 tem
543 4142 979 4215 indicathitur
1007 4156 1124 4197 non
1161 4140 1231 4195 de
1261 4143 1466 4196 sancto
1498 4137 1751 4210 Spiritus
1782 4137 1934 4193 hanc
1953 4154 2048 4192 vo-

392 4251 545 4302 cem,
580 4256 601 4283 α
640 4248 867 4300 creans,
904 4252 933 4281 »
965 4228 1260 4301 intelligit,
1297 4227 1397 4283 sed
1428 4228 1500 4283 de
1537 4231 1844 4283 ventorum
1877 4225 2041 4298 ﬂatu,

390 4324 463 4379 ad
495 4320 873 4379 recreandum
909 4317 1241 4374 universam
1273 4332 1471 4373 rerum
1515 4322 1840 4372 creatarum
1871 4320 2044 4371 natu-

391 4429 540 4469 ram.
573 4412 635 4468 Id
668 4414 866 4466 autem
915 4407 1022 4462 tibi
1071 4405 1613 4478 exploratissimum
1662 4404 1793 4473 erit,
1825 4403 1877 4460 si
1909 4419 2043 4476 pro-

389 4502 567 4576 pheta
614 4502 876 4571 accepto,
910 4512 1038 4569 quas
1084 4498 1418 4567 sequuntur
1465 4495 1647 4566 legas.
1679 4493 1825 4550 Nam
1874 4492 1947 4564 si,
1978 4497 2046 4549 ut

390 4587 902 4659 concessisti,ante
919 4585 1118 4641 omnia
1147 4583 1364 4641 saecula
1392 4583 1650 4656 Spiritus
1679 4587 1908 4639 creatus
1929 4587 2037 4651 est,

388 4680 545 4737 ’1⁸18
575 4678 823 4734 dixisset
873 4673 1151 4747 profecto,
1186 4673 1304 4746 Ego
1338 4675 1510 4738 Deus,
1542 4672 1643 4744 qui
1687 4672 1858 4727 ﬁrmo
1887 4671 2040 4728 toni-

384 4774 479 4827 tru
510 4772 569 4826 et
598 4764 785 4822 creavi
817 4764 1126 4836 Spiritum.
1159 4762 1374 4818 Verum
1406 4778 1521 4818 non
1553 4762 1637 4818 ita
1662 4760 1893 4819 locutus
1923 4766 2035 4817 est.

382 4858 478 4915 Ar.
513 4855 671 4914 Belle
695 4855 754 4911 id
778 4859 881 4910 ate
903 4854 1275 4909 observatum
1298 4856 1410 4908 est.
1444 4851 1659 4908 Verum
1681 4851 1774 4908 bis
1795 4850 1989 4907 verbis
2020 4867 2035 4908 :

382 4971 411 5001 «
444 4946 655 5005 Omnia
685 4961 786 5017 per
814 4943 1011 5016 ipsum
1045 4941 1199 4997 facta
1230 4944 1371 4997 sunt
1400 4941 1464 5010 ⁷³,
1502 4964 1529 4991 »
1565 4941 1763 4997 omnia
1796 4956 2038 5011 prorsus

381 5030 1174 5111 comprehenduntur,veluti
1204 5031 1425 5102 Spiritu
1456 5048 1587 5086 cum
1612 5031 1891 5086 omnibus
1913 5029 2036 5085 col-

376 5128 587 5197 locato,
619 5122 851 5182 etiamsi
884 5122 1142 5177 maxima
1178 5121 1353 5177 fuerit
1382 5121 1564 5176 virtus
1596 5121 1666 5176 ad
1690 5120 2032 5176 creandum.

376 5217 670 5275 Alh.Num
701 5213 882 5287 igitur
907 5215 1085 5283 putas
1115 5211 1523 5267 universorum
1556 5209 1895 5277 Dominum,
1926 5212 2035 5264 Pa-

445 5371 489 5408 "
519 5371 689 5428 Rom.
720 5382 842 5437 vm,
873 5365 929 5420 9.
1005 5363 1048 5401 ⁷⁸
1078 5370 1259 5422 Amos
1293 5381 1368 5438 1v,
1405 5364 1489 5421 13.
1568 5365 1613 5400 7°
1639 5365 1805 5421 Joan.
1839 5381 1879 5436 ι,
1913 5365 1968 5421 3.

447 5541 776 5617 (9§)_”Avtog
808 5535 1065 5617 deest-in
1094 5537 1240 5617 Aug.
1288 5536 1467 5592 Paulo

378 5604 471 5668 οὖν
501 5604 592 5666 δίὰ
619 5604 817 5672 παντὸς
846 5608 937 5664 καὶ
967 5604 1357 5670 ἀδιαλείπτως.

447 5686 555 5762 (97)
588 5690 733 5758 Aug.
762 5683 861 5752 τῆς
893 5679 1245 5755 οἰκουμένης.

1518 5542 1670 5610 post,
1722 5542 1869 5611 Aug.
1906 5539 2029 5599 Πῶς

2156 3338 2404 3409 παρεῖναι
2464 3332 2528 3387 τὸ
2587 3333 2741 3407 ἅγιον
2790 3335 3034 3405 Πνεῦμα·
3083 3331 3171 3389 διὰ
3219 3334 3271 3389 τί
3317 3333 3411 3390 οὖν
3460 3337 3488 3391 6
3520 3341 3812 3416 προφήτης

2156 3422 2215 3479 ὲκ
2244 3424 2543 3497 προσώπου
2571 3428 2668 3479 τοῦ
2699 3428 2833 3479 Θεοῦ
2866 3421 3060 3495 ἔλεξεν·
3096 3450 3123 3477 ‹‹
3155 3427 3297 3502 Ἐγὼ
3348 3426 3543 3503 Κύριος
3592 3430 3621 3483 ὁ
3678 3430 3809 3493 Θεὸς

2158 3514 2332 3586 ὑμῶν,
2390 3517 2617 3588 στερεῶν
2682 3513 2914 3590 βροντὴν
2967 3515 3057 3569 καὶ
3094 3514 3290 3585 κτίζων
3322 3521 3553 3590 πνεῦμα,
3590 3542 3617 3569 ››
3648 3518 3694 3574 εἷ
3729 3520 3805 3591 μή

2156 3602 2222 3671 ἧν
2254 3603 2444 3671 κτιστὴ
2506 3598 2736 3675 δύναμις
2777 3619 2791 3670 ;
2850 3603 2966 3665 Ἀθ.
3014 3601 3177 3657 εἶπεν·
3232 3604 3343 3661 Ἀεὶ
3389 3605 3451 3659 τὸ
3495 3607 3713 3678 Πνεῦμα
3740 3607 3803 3660 τὸ

2157 3692 2311 3766 ἅγιον
2388 3689 2647 3759 κτίζεται,
2722 3691 2756 3758 ἢ
2830 3688 2967 3761 ἅπαξ
3043 3690 3258 3763 ἐκτίσθη
3334 3694 3469 3748 κατᾶ
3524 3692 3614 3761 at;
3678 3694 3798 3768 Ἀρ.

2157 3781 2292 3835 εἷπε·
2356 3780 2447 3848 Μὴ
2504 3779 2650 3855 παρὰ
2705 3779 2797 3833 τὸν
2850 3779 3006 3854 ὀρθὸν
3066 3784 3191 3834 νοῦν
3258 3780 3468 3842 πεύσεις
3537 3781 3796 3857 πρόσαγε.

2156 3870 2275 3945 Πρὸ
2305 3869 2518 3923 πάντων
2551 3870 2657 3925 τῶν
2706 3867 2919 3923 αἰώνων
2970 3869 3114 3944 φημὶ
3163 3869 3395 3934 ἐκτίσθαι
3443 3871 3506 3925 τὸ
3558 3874 3802 3942 Πνεῦμα.

2155 3958 2273 4021 Ἀθ.
2305 3962 2471 4011 εἶπεν·
2532 3958 2589 4010 '0
2632 3959 2922 4033 προφήτης
2972 3962 3108 4030 εῖπε,
3171 3983 3201 4012 ‹‹
3247 3958 3467 4029 κτίζων,
3497 3981 3525 4012 ιι
3581 3959 3655 4021 ὡς
3686 3956 3804 4014 δια-

2153 4048 2353 4109 παντὸς
2401 4046 2680 4116 κτίζοντος
2728 4051 2829 4100 τοῦ
2876 4051 3009 4103 Θεοῦ
3063 4050 3098 4116 ἡ
3149 4053 3245 4102 τοῦ
3290 4052 3576 4127 προφήτου
3634 4046 3809 4120 δηλοῖ

2154 4137 2332 4212 φωνή.
2368 4139 2509 4208 ’Ἄρα
2540 4133 2629 4189 οὖν
2664 4133 2726 4188 ού
2756 4134 2881 4209 περὶ
2909 4139 3007 4189 τοῦ
3039 4134 3197 4210 ἁγίου
3250 4137 3561 4211 ΙΙνεύματος
3617 4137 3805 4215 φάσκει

2150 4225 2213 4278 τὸ
2244 4249 2271 4277 ιι
2305 4223 2530 4292 κτίζων,
2592 4247 2618 4274 η
2678 4222 2822 4278 ἀλλὰ
2867 4224 2993 4298 περὶ
3041 4231 3216 4294 πνοῆς
3271 4224 3485 4298 ἀνέμων
3519 4227 3657 4300 πρὸς
3686 4225 3808 4280 ἀνά-

2150 4333 2340 4384 κτησιν
2402 4314 2611 4382 ἁπάσης
2665 4313 2778 4385 (98)
2825 4319 2924 4381 τῆς
2972 4311 3220 4376 κτίσεως.
3270 4319 3459 4369 Ἔσται
3508 4311 3566 4369 δὲ
3598 4335 3682 4368 σοι
3716 4335 3807 4368 σα-

2153 4405 2386 4482 φεστάτη
2432 4406 2467 4473 ἡ
2516 4403 2641 4479 περῖ
2684 4401 2881 4459 τούτου
2908 4401 3126 4480 γνῶσις,
3161 4403 3268 4473 ἐὰν,
3304 4399 3487 4461 λαϐὼν
3518 4405 3607 4459 τὸν
3666 4423 3803 4479 προ-

2152 4494 2352 4571 φήτην,
2413 4489 2639 4567 ἐντύχῃς
2694 4489 2755 4547 ἐκ
2806 4495 2913 4547 τῶν
2958 4490 3258 4563 ἑπομένων.
3317 4490 3379 4548 Εἰ
3438 4491 3564 4566 γὰρ,
3621 4490 3800 4551 καθὼς

2150 4578 2377 4653 ἔδωκας,
2436 4581 2542 4656 πρὸ
2598 4582 2814 4636 πάντων
2858 4584 2966 4635 τῶν
3025 4579 3238 4634 αἰώνων
3298 4578 3682 4653 ἔκτισται
3739 4578 3803 4633 τὸ

2150 4673 2396 4741 Πνεῦμα,
2455 4672 2661 4749 εἰρήκει
2710 4671 2794 4744 ἂν,
2856 4670 2994 4746 Ἐγὼ
3048 4671 3076 4725 ὁ
3134 4678 3263 4733 Θεὸς
3305 4674 3533 4745 στερεῶν
3568 4670 3801 4746 βροντὴν

2145 4761 2236 4816 καὶ
2296 4763 2481 4823 κτίσας
2543 4763 2779 4833 Πνεῦμα.
2842 4765 2948 4816 Νῦν
2994 4757 3051 4816 δὲ
3107 4763 3215 4837 ούχ
3273 4760 3444 4817 οῦτων
3496 4755 3622 4839 ἔφη.
3676 4760 3799 4833 "Ap.

2147 4856 2285 4907 εἷπε·
2341 4849 2890 4926 Παρατέτηρημὲνως
2959 4848 3051 4906 οὖν
3100 4855 3262 4907 τοῦτο
3310 4849 3494 4914 καλῶς
3527 4848 3681 4927 ἔφης.
3730 4848 3802 4902 Τὸ

2148 4939 2224 4996 δέ·
2259 4966 2287 4993 «
2346 4940 2526 4997 Πάντα
2572 4937 2641 4994 δι’
2686 4940 2853 4995 αὐτοῦ
2884 4938 3118 5015 ἐγένετο,
3154 4964 3183 4992 ››
3215 4941 3423 4996 ἅπαντα
3452 4938 3797 5016 περιγράφει·

2146 5030 2221 5091 ὡς
2269 5030 2360 5083 καὶ
2410 5033 2510 5084 τοῦ
2571 5027 2894 5102 ΙΙνεύματος
2954 5028 3044 5082 σὺν
3105 5035 3237 5084 πᾶσι
3290 5030 3564 5105 ταγέντος·
3627 5025 3803 5080 εἶκαὶ

2150 5117 2376 5194 μεγίστη
2450 5114 2680 5191 δύναμις
2761 5116 2958 5187 ὑπέστη
3028 5118 3165 5194 πρὸς
3242 5115 3623 5192 δημιουργίαν.
3683 5115 3849 5172 ’Δθυ

2146 5212 2314 5266 εἶπεν.
2346 5210 2407 5267 Ὁ
2436 5212 2544 5263 τῶν
2582 5206 2728 5263 ὀλων
2779 5206 3078 5279 Δεσπότης,
3118 5206 3146 5260 6
3205 5207 3396 5280 Πατὴρ
3445 5209 3543 5260 τοῦ
3595 5202 3801 5281 Κυρίου

2214 5538 2328 5621 (ῼὸ)
2362 5540 2444 5594 lla
2476 5538 2612 5609 Reg.
2648 5542 2706 5594 et
2750 5542 2902 5668 Aug.
2938 5537 3002 5593 Iu
3037 5537 3261 5594 casteria
3302 5542 3361 5595 et
3387 5542 3450 5595 iu
3481 5537 3655 5594 editis
3682 5552 3800 5594 non

2214 5617 2361 5668 ntur
2388 5608 2623 5668 ἀπάσης.
2660 5607 2809 5667 Ibid.
2892 5625 2977 5667 as.
3012 5613 3071 5668 et
3103 5608 3276 5668 Ann].
3311 5609 3603 5666 ἀνάκτισιν.

2142 5608 2809 5685 ΙϐεξιΑιᾲΓ-ἆπάσῃίςηίιῖιίὰ.
2844 5608 2977 5668 Bas.
3012 5613 3071 5669 et
3103 5608 3276 5685 Angl.
3311 5609 3603 5666 ἀνάκτισιν.

2213 5679 2327 5757 (99)
2356 5682 2498 5757 Reg.
2533 5679 2778 5753 ίκτίσθη.
