4170 6384
421 353 534 413 493

1562 346 2036 409 DlSPUTATlO
2082 348 2393 407 CONTRA
2440 350 2711 412 AltlUM.

3735 354 3852 414 494

425 484 572 558 ὑμῶν
620 483 805 554 Ἰησου
850 482 1104 557 Χριστοῦ,
1158 479 1262 534 ὑπὸ
1310 486 1529 548 κτιστῆς
1578 476 1669 533 οῦν
1724 477 1932 555 φύσεως
1981 497 2078 531 κα-

2195 485 2346 537 trem
2382 482 2619 537 Domini
2662 482 2848 538 nostri
2893 483 3031 539 Jesu
3065 480 3301 551 Christi,
3333 500 3366 539 a
3394 489 3590 541 creata
3638 489 3849 541 natura

420 568 822 645 ταλαμϐάνεται
851 570 986 625 κατᾶ
1016 569 1072 623 σέ
1105 587 1118 639 ;
1151 571 1278 644 "Ap.
1334 568 1467 622 εἴπε’
1522 569 1609 635 Mr,
1656 566 1869 641 γένοιτο
1917 571 2079 621 τοῦτο

418 661 579 741 φῆσαί
611 682 743 716 ποτε
771 663 782 717 l
821 659 922 716 Καὶ
952 661 1052 735 γὰρ
1105 657 1374 730 ἀκούομεν
1416 659 1476 711 τὸ
1508 658 1653 733 παρᾶ
1690 661 1787 710 τοῦ
1819 663 2079 731 Σωτῆρος

417 749 634 828 λεχθὲν,
668 776 696 803 ‹‹
730 746 1300 823 Οὐδεὶς-ἐπιγινώσκει
1332 748 1422 801 τὸν
1457 747 1577 800 Υὶὸν
1613 746 1656 800 εἰ
1705 746 1779 818 μὴ
1814 747 1840 800 6
1872 748 2077 820 Πατήρ

416 839 540 896 οὐδὲ
567 840 660 895 τὸν
696 838 907 915 Πατέρα
935 859 1019 899 τις
1043 835 1385 912 ἐπιγινώσκει
1412 835 1455 890 εἷ
1480 836 1554 908 μὴ
1589 836 1615 889 6
1650 836 1791 895 Υἱός,
1822 862 1839 883 ι
1864 836 1975 889 Ἀθ.
2006 833 2079 887 εἷο

414 950 529 985 πεν·
566 931 749 986 Ἔστιν
783 925 1093 1003 ἅνθρωπος,
1139 924 1286 987 ὅστις
1329 924 1478 986 ἐκτὸς
1516 924 1550 992 ἢ
1586 920 1730 978 ἔνδον
1762 924 2081 999 γινώσκεται

412 1020 549 1096 πρὸς
608 1023 705 1073 τοῦ
763 1016 904 1072 ἰδίου
964 1014 1275 1086 πνεύματος
1310 1034 1322 1083 ;
1358 1015 1443 1068 οαὶ
1483 1013 1517 1082 ἢ
1553 1010 1613 1067 οῦ
1653 1032 1664 1080 ;
1709 1014 1831 1087 Ἀρ.
1885 1012 2027 1065 εἶπεν
2064 1030 2077 1041 ·

411 1106 750 1166 Ἀποστόλου
801 1108 954 1186 φωνή
1009 1105 1149 1160 ἐστιν
1197 1107 1232 1173 ἡ
1280 1103 1553 1181 φάσκουσα
1599 1100 1779 1178 ἕτερον
1831 1103 1907 1175 μὴ
1960 1100 2080 1155 ἐπί-

416 1200 638 1253 στασθαι
692 1197 761 1252 τὰ
815 1196 1001 1272 ἑτέρου
1063 1197 1161 1267 (1),
1223 1193 1267 1247 εἰ
1322 1194 1397 1265 μή
1460 1187 1623 1264 μόνον
1671 1190 2074 1266 γινωσκόμενον

412 1284 634 1342 ἕκαστον
670 1286 806 1361 πρὸς
838 1289 938 1339 τοῦ
970 1280 1113 1338 ἰδίου
1144 1281 1475 1355 πνεύματος,
1530 1282 1627 1335 Καὶ
1670 1279 1786 1343 πῶς
1836 1280 2078 1356 ἐγχωρεῖ

415 1375 564 1447 λέξαι
601 1376 675 1449 μὴ
710 1374 882 1435 οὕτως
914 1370 1057 1450 ἔχειν
1091 1393 1104 1443 ;

492 1487 578 1539 41.
611 1483 730 1538 Ἀθ.
765 1483 899 1536 εἷπε’
926 1485 1029 1535 Τοῦ
1081 1484 1212 1535 Θεοῦ
1261 1478 1352 1535 οῦν
1386 1480 1453 1534 τὰ
1506 1479 1643 1555 βάθη
1684 1477 1767 1540 τίς
1797 1477 2073 1554 γινώσκει,

420 1573 609 1640 κτιστή
671 1570 851 1648 φύσις,
900 1570 935 1638 ἢ
996 1568 1240 1631 ἅκτιστος
1303 1568 1458 1623 οὐσία
1492 1587 1505 1637 ;
1541 1570 1607 1623 Ἢ
1664 1568 1763 1635 τὴν
1824 1568 2072 1621 ἅκτιστον

424 1660 603 1716 οὐσίαν
634 1659 772 1734 πρὸς
800 1666 897 1728 τῆς
927 1662 1004 1731 (2)
1034 1658 1258 1720 κτίσεως
1298 1652 1803 1731 καταλαμϐάνεσθαι
1854 1655 2022 1727 λέξεις
2059 1673 2073 1724 ;

416 1756 564 1813 Εἰ¹δὲ
602 1759 739 1832 πρὸς
789 1757 1039 1812 ἀκτίστου
1087 1754 1278 1827 λέξεις,
1332 1755 1575 1811 λείπεται
1626 1753 1821 1810 λοιπὸν
1871 1753 2076 1826 ὁμοοῦ-

2192 572 2649 641 comprehendi?
2696 575 2785 629 Ar.
2826 573 2987 627 Absit
3039 578 3102 627 ut
3151 572 3271 627 hac
3313 591 3575 641 unquam
3608 575 3840 630 dicam!

2190 660 2305 715 Nec
2334 661 2491 715 enim
2524 662 2870 733 ignoramus
2903 663 3057 734 quod
3100 661 3363 718 Salvator
3392 663 3602 718 dixerit
3635 681 3695 719 ;‹‹
3733 664 3845 719 Ne-

2193 766 2288 804 mo
2338 752 2636 821 cognoscit
2694 750 2930 821 Filium,
2965 750 3077 807 nisi
3110 751 3310 819 Pater;
3371 768 3554 823 neque
3614 753 3842 808 Patrem

2192 839 2325 909 quis
2377 839 2556 910 novit,
2589 840 2702 896 nisi
2756 840 2935 895 Filius
2958 841 3021 895 ⁸ο.
3050 862 3079 889 ››
3112 841 3233 895 ΑιΙι.
3287 840 3463 897 Estne
3511 841 3712 910 homo,
3744 840 3845 912 qui

2194 928 2331 983 foris
2363 932 2419 984 et
2464 930 2626 986 intus
2676 947 2708 984 a
2762 930 2991 1001 proprio
3037 934 3429 1001 cognoscatur
3475 931 3707 1002 spiritu,
3741 948 3844 986 an-

2193 1034 2307 1072 non
2332 1018 2357 1072 ‘I
2399 1020 2492 1073 Ar.
2528 1022 2652 1075 Vox
2698 1026 2789 1075 est
2836 1019 3101 1091 Apostoli
3162 1019 3373 1076 aientis
3434 1019 3727 1075 neminem
3781 1038 3850 1076 ea

2191 1124 2319 1179 quas
2350 1108 2590 1164 alterius
2642 1114 2781 1164 sunt
2824 1125 3193 1181 cognoscere,
3228 1113 3327 1166 sed
3364 1126 3848 1181 unumquemque

2189 1200 2424 1252 tantum
2456 1215 2490 1254 a
2515 1200 2751 1270 proprio
2784 1198 3057 1271 cognosci
3089 1199 3302 1270 spiritu
3322 1200 3389 1254 3‘.
3414 1199 3555 1265 Quis
3586 1216 3720 1255 vero
3754 1215 3850 1255 ne-

2188 1302 2327 1359 gare
2356 1287 2595 1343 audebit
2623 1289 2703 1343 ita
2733 1305 2795 1344 se
2827 1304 2949 1344 rem
2983 1287 3198 1345 habere
3221 1287 3249 1343 ‘I

2259 1483 2496 1539 41.Αι1ι.
2523 1484 2663 1551 Quis
2703 1500 2839 1556 ergo
2886 1485 2988 1541 Dei
3043 1485 3335 1555 profunda
3374 1484 3552 1553 novit,
3576 1490 3844 1543 creatane

2186 1580 2422 1641 natura,
2452 1592 2521 1630 an
2557 1575 2816 1631 increata
2846 1575 3220 1631 substantia?
3240 1577 3324 1630 An
3356 1591 3487 1631 vero
3519 1576 3840 1633 increatam

2186 1664 2581 1720 substantiam
2606 1682 2639 1720 a
2655 1671 2849 1721 creata
2869 1665 3284 1737 comprehendi
3306 1664 3463 1721 dices
3481 1668 3503 1720 Ρ
3518 1664 3678 1729 Quod
3703 1666 3751 1721 si
3769 1670 3843 1723 ab

2184 1754 2442 1808 increata
2472 1754 2889 1825 comprehendi
2940 1754 3316 1825 respondeas,
3342 1758 3522 1810 restat
3568 1755 3750 1826 igitur
3782 1761 3846 1811 ut

418 1869 531 1902 σιον
586 1846 975 1922 ὁμολογεῖσθαι
1038 1845 1139 1901 ὑπό
1196 1851 1291 1901 σοῦ
1346 1847 1408 1900 τὸ
1455 1848 1608 1920 ἅγιον
1662 1849 1881 1917 Πνεῦμα
1914 1850 2080 1919 Πατρῖ

2194 1843 2527 1897 conﬁtearis
2550 1843 2834 1915 Spiritum
2859 1847 3127 1898 sanctum
3148 1843 3299 1898 Patri
3322 1849 3380 1898 et
3397 1843 3541 1899 Filio
3564 1860 3692 1899 esse
3711 1860 3846 1900 con-

415 1937 507 1991 καὶ
558 1937 686 2008 Υἱῴ.
723 1936 901 1990 Πάντα
941 1936 1042 2011 γαρ
1096 1936 1163 1990 τὰ
1210 1933 1306 1989 τοῦ
1357 1940 1490 1990 Θεοῦ
1538 1934 1627 1989 καὶ
1670 1935 1735 1988 τὰ
1779 1934 1915 2008 βάθη
1959 1933 2081 1988 ἐπί-

424 2047 606 2081 σταται
660 2026 723 2081 τὸ
782 2030 1004 2098 Πνεῦμα
1055 2027 1117 2080 τὸ
1175 2026 1327 2099 ἅγιον
1365 2071 1378 2096 ,
1438 2024 1573 2079 κατὰ
1640 2026 1731 2078 τὸν
1816 2025 2077 2099 μακάριον

424 2120 635 2170 Παῦλον
694 2116 982 2189 φάσκοντα⁸
1017 2139 1044 2166 ‹‹
1098 2114 1291 2176 Οὐδεὶς
1348 2115 1649 2189 ἀνθρώπων
1701 2111 1813 2168 οἶδε
1858 2116 1926 2168 τὰ
1982 2118 2080 2167 τοῦ

408 2205 698 2280 ἀνθρώπου
758 2204 803 2258 εἰ
866 2206 944 2276 μὴ
1004 2205 1064 2257 τὸ
1122 2208 1335 2275 πνεῦμα
1390 2208 1488 2258 τοῦ
1547 2202 1859 2276 ἀνθρώπου,
1914 2203 1976 2256 τὸ
2027 2202 2079 2255 ἐν

403 2292 744 2364 αὐτῷ·οῦτω
794 2292 883 2347 καὶ
930 2292 997 2347 τὰ
1042 2297 1143 2347 τοῦ
1191 2297 1324 2347 Θεοῦ
1375 2290 1554 2354 οὐδεὶς
1608 2290 1772 2368 ἔγνων
1806 2291 1850 2345 εἰ
1905 2291 1979 2363 μὴ
2012 2292 2076 2345 τὸ

408 2395 626 2464 Πνεῦμα
656 2396 751 2445 τοῦ
785 2389 939 2448 Θεοῦ.
964 2391 1034 2446 Τὸ
1063 2391 1165 2467 γὰρ
1204 2395 1417 2463 Πνεῦμα
1448 2389 1619 2445 πάντα
1652 2392 1839 2464 ἐρευνᾷ
1887 2389 1978 2443 καὶ
2007 2390 2073 2443 τὰ

424 2481 561 2558 βάθη
591 2485 690 2536 τοῦ
717 2485 870 2536 Θεοῦ.
911 2505 931 2530 ι
966 2482 1091 2556 "Ap.
1140 2482 1272 2535 εἷπε·
1306 2480 1380 2535 Τὰ
1409 2485 1504 2534 τοῦ
1554 2484 1687 2535 Θεοῦ
1736 2478 1907 2533 πάντα
1941 2480 2074 2553 ἅπερ

416 2569 477 2625 ἂν
529 2567 655 2644 δόξῃ
704 2568 873 2641 αὐτῷ,
920 2574 1087 2624 ταῦτα
1136 2566 1251 2624 οἶδε
1297 2571 1360 2624 τὸ
1414 2574 1631 2642 Πνεῦμα
1680 2572 1781 2643 (3),
1827 2568 2071 2624 τουτέστι

406 2659 502 2721 τὰς
552 2656 776 2734 βουλὰς,
837 2660 1002 2735 ἅσπερ
1064 2657 1122 2713 ἂν
1178 2656 1521 2728 καταδήλους
1580 2658 1726 2729 αὖτῷ
1776 2659 1982 2728 ποιήση
2044 2657 2071 2710 6

410 2748 563 2811 Θεός.
597 2749 713 2811 Ἀθ.
774 2748 940 2802 εἶπεν·
1001 2747 1210 2805 Οὐκοῦν
1271 2746 1424 2802 οὐδὲν
1483 2748 1734 2821 περισσὸν
1781 2744 1945 2809 δίδως
1994 2750 2073 2818 τῷ

410 2847 687 2919 Πνεῦματι
720 2846 865 2921 παρᾶ
891 2847 953 2900 τὸ
1000 2848 1157 2921 γένος
1207 2850 1310 2900 τῶν
1362 2845 1685 2921 ἀνθρώπων.
1738 2844 1800 2899 Ei
1850 2846 2068 2916 ποιήσει

406 2935 509 3013 γὰρ
536 2940 761 3010 πρᾶγμα
792 2936 819 2989 ὁ
851 2935 1096 3001 Θεὸς,ἒᾶν
1125 2936 1199 3007 μὴ
1227 2935 1555 3010 ἀποκαλύψῃ
1589 2940 1704 2997 τοῖς
1740 2932 1960 2995 δούλοις
1994 2936 2069 3007 (4)

411 3025 575 3080 αὐτοῦ
605 3029 721 3086 τοῖς
756 3026 1083 3102 προφήταις.
1133 3027 1255 3096 "Ap.
1309 3025 1473 3079 εἴπενσ
1504 3024 1576 3078 Οὐ
1628 3022 1778 3079 δοκεῖ
1825 3045 1908 3078 σοι
1947 3048 1974 3075 ‹‹
2005 3023 2072 3077 τὰ

413 3118 511 3169 τοῦ
542 3118 674 3169 Θεοῦ
702 3114 877 3169 πάντα
914 3138 933 3164 ι
969 3115 1065 3177 τὰς
1101 3113 1301 3190 βουλὰς
1349 3114 1513 3169 αὐτοῦ
1564 3114 1697 3169 εἶναι
1729 3134 1740 3182 ;
1774 3115 1885 3170 Ἀθ.
1933 3112 2066 3167 εἶπε·

419 3237 440 3264 ο
475 3213 548 3265 Τὰ
576 3216 674 3266 τοῦ
707 3215 839 3266 Θεοῦ
872 3234 898 3263 ››
934 3208 1187 3285 λέγονται
1220 3236 1247 3263 ‹‹
1282 3210 1471 3279 πάντα,
1510 3236 1535 3261 ››
1569 3213 1657 3267 καὶ
1689 3212 1744 3265 αἱ
1788 3211 2069 3288 ἐνέργειαι,
2104 3228 2147 3294 C

410 3299 499 3356 καὶ
527 3306 595 3357 τᾶ
639 3303 922 3373 ποιήματα
969 3301 1178 3372 αὐτοῦ,
1225 3302 1293 3356 τὰ
1339 3300 1508 3377 ὀρατᾶ
1552 3301 1641 3355 καὶ
1690 3302 1757 3355 τὰ
1809 3302 1883 3374 μὴ
1930 3299 2072 3375 ὂρώ-

412 3410 564 3465 μενα·
600 3389 857 3465 λέγονται
889 3387 947 3446 δὲ
1004 3391 1093 3445 καὶ
1147 3391 1202 3445 αἱ
1265 3389 1464 3467 βουλαὶ
1521 3389 1705 3462 αὐτοῦ,
1756 3391 1844 3445 καὶ
1896 3390 2082 3446 πολλά

409 3480 575 3552 ἐστιν,
634 3483 770 3555 ἅπερ
822 3478 1147 3553 ὀνομάζεται
1201 3485 1355 3537 Θεοῦ.
1418 3480 1552 3536 Εἰπέ
1614 3502 1706 3555 μοι
1740 3480 1829 3535 οῦν
1898 3482 1959 3535 σὺ
1994 3480 2082 3559 ἐπὶ

408 3585 508 3636 τοῦ
535 3579 824 3654 παρόντος·
859 3584 946 3652 Τῷ
992 3580 1259 3654 πνεύματι
1310 3584 1409 3635 τοῦ
1458 3580 1751 3657 ἀνθρώπου
1806 3581 1832 3634 ὁ
1868 3579 2079 3655 ἅνθρω-

412 3691 513 3733 πος
543 3670 608 3725 τὰ
642 3667 756 3725 ἴδια
786 3669 1183 3743 ἀποκαλύπτει,
1214 3672 1248 3741 ἣ
1276 3672 1337 3726 τὸ
1384 3675 1597 3744 πνεῦμα
1644 3675 1741 3725 τοῦ
1796 3671 2082 3741 ἀνθρώπου

411 3761 475 3816 τὸ
506 3760 556 3815 έν
586 3759 735 3832 αὖτῷ
790 3761 964 3814 πάντα
1017 3758 1295 3815 ἐπῖσταται
1348 3759 1436 3839 ἀφ’
1493 3762 1688 3816 ἑαυτοῦ
1729 3760 1795 3815 τὰ
1844 3759 2082 3836 πραττό-

423 3870 553 3922 μενα
584 3850 686 3905 ὑπὸ
714 3854 814 3905 τοῦ
847 3850 1157 3925 ἀνθρώπου,
1190 3852 1279 3905 ὑπ’
1311 3849 1477 3905 αὐτοῦ
1515 3855 1613 3905 τοῦ
1663 3854 1741 3923 (5)
1773 3850 2082 3920 πνεύματος

426 3944 638 4018 δηλαδὴ
692 3950 1020 4023 κινουμένου
1077 3954 1174 4005 τοῦ
1232 3951 1523 4026 ἀνθρώπου
1584 3950 1720 4025 πρὸς
1766 3949 1829 4005 τὸ
1879 3949 2085 4003 ἅπαντα

426 4034 579 4113 δρᾷν.
610 4042 733 4113 Ἄρ.
775 4038 917 4093 εἶπεν
957 4058 969 4072 ·
1024 4040 1144 4117 ’Δφ’
1194 4040 1385 4095 ἑαυτοῦ
1435 4032 1712 4095 έπίσταται
1761 4039 1824 4094 τὸ
1871 4042 2085 4111 πνεῦμα

421 4138 524 4191 τοῦ
595 4135 880 4212 ἀνθρώπου
934 4139 1002 4193 τὰ
1071 4136 1123 4193 έν
1198 4138 1366 4211 αὐτῷ.
1425 4140 1513 4202 Ἀθ
1551 4181 1564 4194 .
1618 4138 1780 4192 εἴπεο
1837 4141 1925 4208 Τῷ
1988 4136 2082 4208 μὲν

423 4224 693 4299 πνεύματι
770 4230 863 4281 τοῦ
933 4226 1221 4304 ἀνθρώπου
1296 4224 1649 4290 ἀποδέδωκας
1724 4226 1813 4305 ἀφ’
1892 4226 2084 4281 ἑαυτοῦ

425 4311 619 4370 εἰδέναι
652 4315 846 4384 πάντα,
893 4321 972 4390 τῷ
1017 4314 1076 4372 δὶ
1127 4316 1399 4391 ΙΙνεῦματι
1446 4322 1544 4373 τοῦ
1596 4321 1731 4372 Θεοῦ
1782 4312 1909 4370 οὐδὲ
1941 4314 2085 4369 οὕτω

422 4412 824 4489 παρεχώρησας
883 4410 1031 4489 ἔχειν
1091 4415 1190 4484 τὴν
1252 4415 1501 4491 γνῶσιν;
1553 4414 1696 4491 Πρὸς
1755 4410 1814 4468 δὲ
1867 4410 2084 4475 τούτοις

422 4500 546 4578 λέγε
580 4523 698 4577 μοι,
752 4527 779 4554 ‹‹
844 4503 981 4579 βάθη
1044 4504 1176 4560 Θεοῦ
1237 4526 1263 4559 ιι
1324 4504 1377 4559 τί
1436 4504 1790 4578 νοιῖς;¹Ἀρ.
1840 4503 1918 4578 (6)
1950 4502 2082 4557 εἴπεο

2193 1932 2666 1987 substantialem.
2705 1932 2916 1988 Omnia
2955 1932 3112 1987 enim
3153 1949 3280 2003 quae
3321 1933 3417 1987 Dei
3464 1937 3605 1988 sunt
3634 1938 3691 1987 et
3721 1932 3845 2005 ipsa

2192 2020 2483 2092 profunda
2502 2021 2873 2092 scitSpiritus
2898 2026 3135 2076 sanctus
3150 2021 3321 2091 juxta
3340 2021 3579 2077 beatum
3595 2020 3841 2077 Paulum

2190 2112 2439 2165 aientem
2469 2128 2480 2165 :
2507 2134 2527 2159 ε
2553 2110 2733 2165 Nemo
2756 2109 3055 2165 hominem
3072 2111 3231 2164 novit
3252 2127 3377 2181 quae
3400 2115 3540 2165 sunt
3559 2111 3839 2181 hominis,

2190 2199 2303 2255 nisi
2324 2199 2567 2271 spiritus
2589 2200 2972 2272 hominis,qui
2997 2201 3055 2253 in
3079 2202 3207 2270 ipso
3229 2206 3344 2255 est:
3361 2200 3446 2255 sic
3468 2200 3643 2256 etiam
3666 2217 3840 2257 nemo

2188 2289 2347 2345 novit
2369 2305 2496 2361 quae
2519 2294 2659 2345 sunt
2688 2290 2808 2357 Dei,
2838 2291 2947 2345 nisi
2975 2289 3227 2360 Spiritus
3254 2290 3369 2344 Dei.
3395 2289 3651 2361 Spiritus
3680 2291 3837 2347 enim

2186 2379 2382 2435 omnia
2402 2383 2720 2447 scrutatur,
2745 2379 2922 2435 etiam
2955 2379 3245 2450 profunda
3278 2380 3372 2434 Dei
3390 2380 3605 2434 "mAr.
3630 2379 3841 2435 Omnia

2186 2485 2315 2540 quae
2338 2469 2438 2524 Dei
2463 2473 2622 2534 sunt,
2640 2484 2763 2539 quae
2788 2468 2900 2540 ipsi
2928 2468 3233 2540 placuerit,
3254 2470 3413 2523 novit
3434 2469 3713 2540 Spiritus,
3733 2469 3844 2525 sci-

2183 2556 2341 2626 licet,
2374 2556 2618 2614 consilia
2651 2575 2779 2629 quae
2827 2559 2879 2613 ei
2921 2557 3230 2613 manifesta
3273 2559 3473 2614 fecerit
3511 2563 3680 2614 Deus.
3714 2558 3840 2614 Ath.

2184 2647 2338 2702 Nihil
2371 2648 2554 2719 igitur
2582 2647 2883 2718 singulare
2912 2648 3125 2703 tribuis
3154 2647 3397 2719 Spiritui
3446 2664 3626 2718 supra
3654 2663 3843 2719 genus

2184 2736 2534 2792 humanum.
2551 2737 2853 2807 Siquidem
2878 2753 2994 2792 non
3017 2737 3188 2792 faciet
3208 2736 3511 2809 quidpiam
3536 2736 3841 2806 Deus,nisi

2184 2826 2523 2881 revelaverit
2546 2826 2729 2881 servis
2748 2825 2873 2882 suis
2892 2824 3271 2896 prophetis”.
3291 2826 3382 2881 Ar.
3406 2831 3614 2881 Annon
3637 2826 3742 2880 tibi
3761 2826 3843 2881 vi-

2183 2915 2354 2970 detur
2371 2938 2399 2965 ‹‹
2424 2914 2623 2969 omnia
2640 2913 2792 2977 Dei,»
2812 2929 2941 2969 esse
2958 2915 3088 2984 ejus
3105 2913 3387 2970 consilia?
3406 2914 3529 2970 Ath.
3557 2916 3841 2970 Dicuntur

2184 3028 2211 3054 ‹‹
2237 3004 2436 3060 omnia
2457 3005 2611 3074 Dei,»
2637 3020 2772 3059 cum
2795 3005 2922 3074 ejus
2948 3004 3189 3059 effectus
3220 3008 3277 3058 et
3306 3020 3482 3076 opera
3502 3004 3758 3060 visibilia
3781 3010 3839 3059 et

2182 3092 2673 3162 invisibilis,tum
2719 3093 2846 3161 ejus
2898 3093 3161 3156 consilia,
3186 3093 3492 3165 multaque
3541 3099 3681 3149 sunt
3709 3110 3836 3165 quas

2183 3183 2283 3238 Dei
2318 3182 2689 3254 appellantur
2731 3183 2897 3238 Nunc
2920 3182 3061 3238 mihi
3093 3182 3274 3253 igitur
3292 3181 3463 3237 velim
3492 3181 3677 3253 dicas,
3694 3199 3835 3237 num

2189 3272 2402 3345 spiritu
2436 3271 2711 3341 hominis,
2734 3272 2909 3326 homo
2936 3269 3151 3326 revelet
3170 3270 3425 3343 propria,
3452 3271 3539 3326 vel
3564 3288 3705 3326 num
3728 3272 3844 3342 spi-

2190 3363 2340 3417 ritus
2372 3362 2651 3426 hominis,
2671 3361 2769 3433 qui
2802 3360 2860 3415 in
2894 3360 3022 3432 ipso
3052 3365 3165 3427 ost,
3187 3360 3387 3415 omnia
3416 3376 3485 3415 ex
3514 3360 3708 3431 seipso
3739 3377 3841 3415 no-

2190 3452 2337 3506 verit
2358 3468 2484 3523 quas
2517 3452 2587 3506 ab
2614 3450 2852 3507 homine
2878 3454 3156 3522 aguntur,
3178 3450 3306 3522 ipso
3330 3449 3604 3506 videlicet
3633 3450 3844 3522 spiritu

2192 3541 2493 3596 hominem
2523 3540 2593 3595 ad
2627 3539 2826 3594 omnia
2849 3540 3075 3611 agenda
3106 3539 3412 3594 movente?
3433 3540 3526 3594 Ar.
3550 3540 3624 3594 Ex
3655 3539 3848 3611 seipso

2195 3630 2354 3685 novit
2383 3630 2628 3701 spiritus
2660 3628 2940 3694 hominis,
2973 3645 3099 3699 quae
3131 3628 3189 3683 in
3220 3627 3351 3698 ipso
3402 3634 3541 3683 sunt
3588 3628 3846 3686 homine.

2194 3721 2316 3775 Ath.
2360 3719 2560 3790 Itaque
2598 3717 2868 3773 concedis
2914 3718 3190 3789 spiritum
3242 3717 3501 3773 hominis
3550 3718 3749 3773 omnia
3778 3734 3847 3773 ex

2195 3809 2387 3881 seipso
2410 3822 2778 3881 cognoscere.
2796 3806 2956 3862 Hanc
2973 3810 3167 3861 autem
3188 3806 3581 3877 cognitionem
3601 3806 3850 3878 Spiritui

2194 3899 2293 3955 Dei
2314 3900 2603 3970 deneges?
2623 3896 2904 3952 Praeterea
2920 3896 3014 3951 dic
3035 3895 3179 3952 mihi
3202 3894 3342 3967 quid
3359 3918 3387 3945 ‹‹
3404 3896 3693 3967 profunda
3710 3896 3804 3951 Dei
3823 3918 3851 3945 η

2195 4004 2327 4044 esse
2372 3986 2709 4057 intelligas?
2749 3991 2841 4041 Ar.
2872 3984 3065 4041 Primo
3112 3985 3339 4041 sincere
3386 3984 3689 4040 fatendum
3739 3990 3850 4057 est,

2195 4078 2394 4141 omnia
2416 4093 2543 4147 quae
2576 4075 2673 4130 Dei
2702 4079 2842 4130 sunt
2869 4073 3152 4146 Spiritum
3191 4074 3284 4130 Dei
3319 4089 3387 4129 ex
3417 4074 3610 4146 seipso
3633 4089 3853 4146 cogno-

2196 4182 2355 4223 scere
2383 4182 2394 4221 :
2421 4164 2630 4219 deinde
2654 4163 2966 4220 dicendum
2993 4168 3081 4218 est
3104 4185 3132 4213 ‹‹
3153 4163 3443 4235 profunda
3464 4162 3618 4233 Dei,u
3646 4180 3776 4219 esse
3796 4166 3855 4219 et

2196 4255 2351 4327 quod
2379 4253 2648 4308 inﬁnitus
2672 4252 2749 4307 sit
2770 4258 2826 4307 et
2846 4251 3393 4323 incomprehensus,
3419 4252 3573 4323 quod
3599 4252 3738 4308 item
3764 4258 3856 4308 est

2196 4350 2254 4401 et
2279 4343 2770 4416 quemadmodum
2806 4345 2892 4397 est
2924 4340 3077 4397 Deus
3106 4357 3118 4395 :
3144 4340 3265 4396 haac
3294 4340 3460 4396 illum
3494 4358 3668 4397 nosse
3699 4342 3853 4398 dico.

2194 4434 2317 4491 Ath.
2343 4433 2403 4490 Si
2427 4432 2608 4504 igitur
2628 4431 2750 4487 haec
2774 4430 2919 4486 dicis
2940 4446 3091 4495 esse,
3119 4430 3271 4502 quod
3294 4430 3565 4485 inﬁnitus
3587 4431 3663 4485 sit
3689 4440 3747 4486 et
3774 4430 3861 4486 in-

2201 4522 2683 4596 comprehensus,
2718 4521 2873 4593 quod
2924 4521 3059 4575 item
3110 4523 3201 4575 est
3250 4523 3307 4575 et
3355 4520 3856 4589 quemadmodum

422 4605 646 4677 Πρῶτον
701 4601 1031 4679 φιλαληθως
1084 4602 1435 4679 ὁμολογῆσαι
1485 4600 1597 4675 δεῖ,
1649 4601 1733 4657 ὅτι
1776 4603 1951 4656 πάντα
1999 4600 2080 4677 ἀφ³

2200 4618 2289 4669 est
2320 4629 2333 4667 :
2384 4612 2569 4667 Deum
2602 4611 2806 4682 utique
2854 4610 3014 4665 dices
3045 4626 3077 4663 a
3107 4612 3302 4664 creata
3349 4612 3561 4664 natura
3590 4625 3857 4681 compre-

423 4691 612 4745 ἑαυτοῦ
661 4692 919 4766 γινώσκει
966 4692 1034 4747 τὰ
1082 4698 1179 4748 τοῦ
1219 4697 1353 4749 Θεοῦ
1399 4691 1462 4748 τὰ
1512 4696 1748 4764 Πνεῦμα·
1801 4690 1984 4746 ἔπειτα
2029 4687 2087 4744 δὲ

422 4778 502 4834 δεῖ
531 4781 692 4857 φάναι
724 4804 753 4832 ‹‹
792 4780 931 4856 βάθη
991 4786 1126 4837 Θεοῦ
1178 4806 1205 4833 n
1254 4783 1317 4837 τὸ
1376 4783 1669 4857 ἀπέραντον
1732 4780 1820 4835 καὶ
1882 4779 2079 4834 ἀνατά-

422 4867 656 4939 ληπτον,
690 4868 823 4945 ὅπερ
854 4870 988 4941 ἐστὶ,
1020 4871 1109 4926 καὶ
1158 4870 1340 4947 ὥσπερ
1390 4870 1530 4927 ἐστὶν
1563 4872 1592 4925 ὁ
1624 4869 1753 4933 Θεός
1915 4874 2083 4923 ταῦτα

423 4964 616 5022 εἰδέναι
642 4968 810 5046 φημί.
845 4970 960 5027 Ἀθ.
1027 4971 1192 5025 εἶπεν’
1257 4971 1316 5027 Ei
1375 4991 1466 5025 ouv
1516 4970 1579 5023 τὸ
1637 4967 1932 5042 ἀπέραντον
1992 4966 2081 5021 καὶ

422 5055 831 5131 ἀκατάληπτον,
863 5060 953 5114 καὶ
1001 5060 1133 5137 ὅπερ
1179 5059 1290 5115 ἐστὶ
1341 5061 1431 5115 καὶ
1462 5059 1536 5122 ὡς
1585 5057 1696 5114 ἔστι
1743 5062 1910 5113 ταῦτα
1952 5058 2081 5135 φὴς,

492 5204 539 5240 ⁸ο
569 5204 780 5263 Matth.
814 5223 893 5277 x1,
926 5208 1017 5263 27.
1092 5207 1132 5243 ⁸⁸
1168 5207 1191 5263 Ι
1221 5207 1353 5263 Cor.
1387 5223 1452 5275 ιι,
1483 5207 1570 5262 11.

522 5355 986 5439 1),Βαεί1ξεξιείε,
1006 5357 1367 5439 Anglicanus
1397 5360 1455 5439 et
1486 5357 1880 5439 Augustinus,
1907 5352 2093 5430 ἐτέρου

428 5424 734 5504 ἀνθρώπου.
765 5429 912 5504 Ibid.
948 5424 1159 5504 ΒεεῘῆ
1199 5428 1389 5502 μόνον.
1419 5424 1650 5504 ΑιξςΪεῒ
1673 5424 1876 5504 μόνον.

500 5500 577 5569 (2)
609 5507 754 5627 Λυῖ.
784 5500 893 5575 πρὸ
921 5500 1063 5571 sic."
1083 5500 1259 5559 Paulo
1310 5508 1460 5573 post,
1491 5500 1552 5556 in
1585 5501 1789 5557 eodem
1842 5501 1962 5555 haec
1995 5500 2093 5553 de~

506 5576 589 5627 nt.
622 5570 684 5627 El
744 5570 937 5627 ὲποός
990 5573 1244 5627 ἀκτίστου
1296 5570 1496 5627 λέξεις.
1551 5578 1789 5627 oronter
1841 5569 2093 5627 ὁμοιοτέ-

430 5576 589 5697 aunt,
622 5569 771 5627 Εἰδὲ
800 5569 937 5648 πρὸς
980 5569 1244 5629 ἆκτίστου
1296 5569 1496 5644 λέξεις,
1549 5578 1789 5645 propter
1841 5569 2096 5643 ὁμοιοτέ-

471 5660 644 5697 ευτον.

471 5660 557 5696 ευτ
566 5661 621 5694 ον
633 5686 644 5698 .

502 5714 579 5791 (3)
608 5718 757 5791 Aug.
791 5719 953 5772 τοῦτο
986 5714 1044 5773 δὲ
1074 5714 1189 5773 οῖδα
1214 5716 1278 5773 τὸ
1313 5713 1467 5795 ἅγιον
1499 5710 1735 5787 Πνεῦμα.

1648 5206 1694 5241 ⁸²
1724 5205 1867 5261 ibid.
1904 5205 1991 5273 11,
2027 5204 2114 5260 10.

2200 4699 2393 4757 bendi.
2423 4698 2586 4765 Quod
2622 4698 2670 4753 si
2702 4713 2905 4753 verum
2937 4700 3047 4763 est,
3073 4712 3187 4751 non
3232 4695 3488 4768 amplius
3530 4698 3856 4753 secundum

2192 4794 2251 4846 te
2274 4794 2422 4844 Deus
2441 4788 2550 4843 erit
2576 4787 3123 4858 incomprehensus.
3140 4785 3406 4858 Namque
3429 4786 3473 4841 si
3497 4791 3649 4843 Deus
3666 4787 3740 4842 ab
3758 4786 3861 4843 ali-

2195 4895 2310 4951 qua
2331 4882 2525 4933 creata
2549 4881 2779 4944 natura,
2796 4875 3071 4949 quaelibet
3092 4874 3192 4930 illa
3209 4875 3400 4945 fuerit,
3418 4876 3860 4948 comprehendi-

2196 4976 2312 5032 tur,
2334 4972 2489 5023 certe
2526 4966 3052 5039 incomprehensus
3077 4964 3189 5020 dici
3219 4982 3333 5020 non
3362 4968 3572 5035 potest.
3597 4966 3690 5020 Ar.
3724 4966 3858 5020 Pro-

2194 5058 2280 5113 fer
2310 5056 2455 5111 mihi
2486 5056 2893 5111 testimonium
2925 5071 2992 5111 ex
3024 5054 3244 5111 sanctis
3281 5050 3620 5124 Scripturis,
3646 5068 3852 5122 quem-

2192 5202 2237 5239 ”
2272 5206 2468 5258 Amos.
2508 5218 2590 5269 ιιι,
2619 5202 2674 5256 7.

2302 5353 2353 5425 4)
2384 5357 2532 5420 Aug.
2564 5348 2903 5425 (ξιποκοιλύψῃΔ
2916 5349 3086 5425 αὐτῷ.

2298 5420 2353 5495 5)
2384 5426 2532 5496 Aug.
2687 5420 2940 5497 αὐτοῦ’δὲ
2969 5420 3085 5479 τοῦ.
3142 5492 3151 5497 _
3230 5489 3241 5497 _
3311 5491 3320 5497 _
3379 5494 3387 5497 _

2300 5485 2351 5563 6)
2383 5485 2531 5567 Αυξ.
2567 5490 2733 5568 ἔχεινς
2764 5495 3005 5568 Ἄρειος,
3041 5489 3277 5568 omissis
3308 5485 3695 5568 iptcrmediis.

2300 5500 2351 5563 6)
2383 5500 2531 5567 Aug.
2567 5500 2733 5568 ἔχειν·
2764 5500 3005 5568 “Αρειος,
3041 5500 3277 5551 omissis
3308 5500 3695 5546 intermeans.

2277 5500 2353 5636 (7)
2389 5574 2532 5635 Aug.
2567 5564 2665 5638 Κοιῖ
2700 5565 2830 5638 ὅπερ
2877 5564 3011 5631 ἐστὶ,
3061 5562 3277 5638 καὶηὼς
3325 5561 3488 5638 ἔστιν·
3520 5555 3865 5638 Ἀθανάσιος.

2204 5627 2550 5715 Ταῦλτά-φηνσι
2594 5636 2685 5690 τὸν
2746 5627 2874 5690 Θεὸν
2938 5628 3042 5694 ὑπὸ
3098 5632 3316 5706 κτίστῆς
3373 5632 3606 5715 φύσεως·
3660 5627 3874 5688 multis

2206 5726 2462 5771 οωΙΒΒΙΒ.
