4170 6348
346 336 470 398 495

1513 334 1580 394 S.
1630 324 2161 391 ATHANASIUS.
2189 355 2264 366 —
2295 322 2607 385 SPURIA.

3656 333 3777 395 496

347 471 667 528 admodum
700 470 772 528 de
804 469 952 528 Filio
1001 469 1209 538 fecisti,
1243 484 1360 543 quo
1406 466 1685 525 ostendas
1717 462 2002 536 Spiritum

2141 455 2205 511 ·ὸν
2239 455 2366 543 Θεὸν
2405 456 2506 511 ὑπὸ
2552 459 2774 527 κτιστῆς
2816 457 3027 532 φύσεως
3071 456 3579 536 καταλαμϐάνεσθαι
3613 465 3776 543 ἐρεῖς.

350 561 471 618 Deo
502 577 634 619 esse
663 558 1251 619 consubstantialem.

2120 544 2189 603 Εἰ
2245 542 2303 600 δὲ
2346 546 2494 609 τοῦθ’
2544 546 2718 609 οὕτως
2777 544 2933 624 ἔχει,
2994 549 3173 606 οὐκέτι
3232 550 3618 626 ἀκατάληπτός
3669 556 3780 612 ἐστι

348 649 486 705 κατὰ
543 648 620 706 σε,
651 650 721 704 Τὸ
776 648 879 726 γὰρ
936 647 1075 724 πρὸς
1127 645 1243 710 οἵας
1303 643 1496 718 δήποτ’
1528 641 1619 699 οὖν
1673 632 2179 726 καταλαμϐάνεσθαι
2239 635 2464 704 κτιστῆς
2527 635 2735 712 φύσεως
2794 637 2887 691 τὸν
2948 639 3100 712 Θεὸν,
3130 638 3193 695 οὐ
3252 637 3473 698 δύναται
3534 643 3783 721 λέγεσθαι

344 737 751 809 ἀκατάληπτος.
784 723 909 813 ’V’Ap.
952 742 1087 792 εἶπε·
1134 736 1233 797 Δός
1287 756 1380 809 μοι
1417 732 1712 810 μαρτυρίαν
1757 730 1816 786 ἐκ
1869 732 1975 782 τῶν
2033 723 2198 800 ἁγίων
2261 728 2511 802 Γραφῶν,
2548 726 2623 788 ὡς
2681 725 2806 804 περὶ
2862 732 2962 783 τοῦ
3021 729 3149 784 Υίοῦ
3197 732 3298 807 (8),
3334 730 3421 788 ὅτι
3480 734 3779 809 ὁμοοῦσιον

349 826 606 905 τυγχάνει
637 830 700 884 τὸ
730 832 950 901 Πνεῦμα
976 832 1074 883 τοῦ
1104 830 1261 883 Θεοῦ.

423 919 513 975 42.
541 919 663 975 Ath.
692 919 989 991 Scriptum
1030 922 1121 975 est
1173 918 1228 972 in
1272 916 1400 989 lege
1430 914 1529 971 Dei
1559 930 1573 969 :
1599 936 1625 963 ‹‹
1659 913 1785 969 Non
1839 925 2007 966 assu-

353 1022 480 1065 mes
509 1024 725 1065 nomen
774 1008 1010 1064 Domini
1057 1007 1163 1063 Dei
1192 1006 1276 1063 tui
1308 1005 1368 1060 in
1412 1019 1631 1060 vanum
1664 1017 1677 1058 :
1713 1018 1821 1058 nec
1854 999 2009 1055 enim

350 1096 594 1153 habebit
641 1096 936 1154 insontem
983 1097 1268 1152 Dominus
1299 1110 1436 1151 eum
1470 1093 1571 1166 qui
1624 1088 2016 1163 assumpserit

353 1201 566 1243 nomen
599 1186 829 1243 Domini
865 1186 962 1242 Dei
1014 1186 1108 1242 sui
1158 1186 1378 1241 frustra
1397 1184 1462 1238 ⁸⁸.
1495 1205 1522 1232 ››
1544 1182 1835 1253 Scriptum
1869 1194 2014 1250 quo-

357 1291 473 1349 que
500 1276 573 1332 de
609 1276 829 1349 Spiritu
863 1275 1192 1349 reperimus
1221 1272 1543 1330 Salvatoris
1585 1268 2014 1328 testimonium.

357 1365 453 1423 Sic
482 1365 638 1422 enim
680 1365 753 1421 ad
799 1364 952 1421 ﬁlios
1002 1363 1309 1421 Beelzebul
1355 1361 1637 1435 loquitur,
1672 1360 1770 1432 qui
1823 1359 2016 1430 ipsum

361 1454 722 1512 contumelia
748 1453 1024 1511 volebant
1077 1453 1307 1511 afficere
1341 1469 1390 1509 ;‹‹
1424 1450 1610 1507 Omne
1657 1464 1905 1521 regnum
1958 1446 2019 1502 iu

363 1561 428 1602 se
455 1543 710 1601 divisum
758 1543 1080 1613 desolatur,
1113 1547 1170 1600 et
1199 1541 1390 1599 omnis
1442 1540 1645 1597 civitas
1674 1537 1764 1594 vel
1814 1539 2021 1593 domus

364 1634 521 1691 I79
568 1633 627 1689 in
680 1649 743 1689 se
790 1633 997 1703 divisa,
1030 1631 1204 1689 cadit.
1239 1631 1310 1686 Et
1356 1630 1406 1686 si
1454 1633 1699 1685 Satanas
1746 1628 2020 1683 Satanam

364 1724 545 1796 ejicit,
567 1727 625 1780 et
654 1723 968 1780 adversum
992 1737 1055 1779 se
1086 1720 1406 1779 insurrexit
1424 1724 1483 1775 et
1502 1719 1727 1775 divisus
1751 1721 1863 1788 est,
1886 1733 2026 1789 quo-

367 1814 542 1872 modo
566 1828 703 1886 ergo
724 1812 906 1869 stabit
926 1828 1175 1886 regnum
1198 1813 1366 1884 ejus?
1388 1814 1497 1866 Aut
1522 1809 1816 1881 quomodo
1836 1809 2027 1880 potest

366 1903 681 1976 quisquam
728 1918 871 1958 vasa
906 1902 1076 1958 fortis
1106 1901 1379 1974 diripere,
1405 1899 1517 1955 nisi
1567 1898 1734 1971 prius
1783 1898 2025 1953 domum

2195 905 2282 961 42.
2315 905 2432 969 Ἀθ.
2494 906 2629 961 εἶπε·
2690 907 2995 983 Γέγραπται
3051 908 3101 964 έν
3160 915 3241 984 τῷ
3290 911 3445 987 νόμῳ
3495 918 3592 970 τοῦ
3625 921 3779 975 Θεοῦ.

2123 1017 2151 1046 ‹‹
2184 993 2261 1051 Οὐ
2294 992 2445 1069 λήψῃ
2484 996 2548 1050 τὸ
2597 990 2772 1069 ὄνομα
2819 996 3019 1073 Κυρίου
3060 1004 3157 1054 τοῦ
3206 1005 3339 1057 Θεοῦ
3394 1023 3489 1058 σου
3538 1002 3624 1060 ἐπὶ
3680 1026 3781 1078 μα-

2120 1082 2278 1155 ταίῳ·
2332 1084 2395 1138 οὐ
2442 1084 2545 1160 γὰρ
2608 1086 2685 1159 μή
2743 1086 3004 1163 καταρίσῃ
3054 1087 3248 1163 Κύριος
3293 1091 3384 1146 τὸν
3432 1087 3784 1167 Λαμϐάνοντα

2121 1174 2185 1228 τὸ
2230 1169 2405 1247 ὄνομα
2449 1172 2615 1229 αὐτοῦ
2661 1174 2750 1231 ἐπὶ
2801 1176 3051 1250 ματαίῳ.
3084 1201 3112 1231 »
3147 1178 3245 1235 Καὶ
3294 1180 3418 1259 περί
3467 1186 3564 1239 τοῦ
3614 1184 3781 1239 Πνεῦ-

2132 1282 2298 1335 ματος
2356 1261 2677 1337 εόρίσκομεν
2725 1264 3107 1341 γεγραμμένον
3158 1268 3297 1344 πρὸς
3343 1274 3441 1326 τοῦ
3501 1274 3782 1350 Σωτῆρος.

2129 1351 2275 1422 Φησὶ
2323 1353 2425 1428 γάρ
2479 1352 2615 1427 πρὸς
2670 1354 2797 1416 τοὺς
2854 1352 2955 1409 τοῦ
3010 1352 3342 1427 Βεελζεϐοὺλ
3402 1360 3552 1425 υἱοὺς
3588 1407 3601 1431 ,
3660 1362 3786 1426 τοὺς

2130 1435 2426 1515 ἐνυϐρίζειν
2504 1441 2757 1506 θέλοντας
2832 1444 2990 1500 αὐτόν
3024 1464 3036 1477 ·
3089 1471 3116 1498 ‹‹
3179 1453 3327 1503 Πᾶσα
3402 1450 3650 1526 βασιλεία
3706 1453 3783 1532 ἐφ’

2132 1532 2326 1600 ἑαυτὴν
2490 1539 2803 1608 μερισθεῖσα
2854 1533 3176 1609 ἐρημοῦται,
3228 1539 3320 1594 καὶ
3370 1546 3514 1596 πᾶσα
3561 1542 3723 1606 πόλις
3755 1544 3790 1613 ἢ

2134 1621 2280 1677 οἰκία
2330 1623 2640 1697 μερισθεῖσα
2696 1625 2813 1678 καθ’
2871 1625 3064 1703 ἑαυτὴν
3125 1627 3345 1686 πίπτει.
3400 1631 3497 1685 Καὶ
3550 1631 3655 1687 εῗὸ
3689 1639 3791 1688 Σα-

2130 1717 2290 1773 τανᾶς
2338 1712 2431 1766 τὸν
2483 1717 2723 1767 Σατανᾶν
2770 1707 3050 1786 ἐκϐάλλει,
3099 1716 3189 1771 καὶ
3239 1718 3321 1796 ἐφ’
3367 1720 3552 1775 ἐαυτὸν
3592 1721 3785 1793 ἀνέστη

2133 1800 2223 1857 καὶ
2257 1801 2606 1877 μεμέρισται,
2656 1805 2777 1864 πῶς
2825 1801 2916 1857 οὖν
2966 1807 3283 1877 σταθήσεται
3333 1808 3498 1864 αὐτοῦ
3545 1812 3580 1880 ἡ
3636 1811 3787 1886 βασι-

2136 1889 2298 1959 λείας
2331 1890 2397 1946 Ἢ
2430 1894 2548 1952 πῶς
2582 1887 2802 1946 δύναταί
2828 1911 2909 1954 τις
2938 1895 3005 1948 τά
3035 1897 3196 1966 σκεύη
3228 1901 3326 1952 τοῦ
3372 1898 3603 1976 ἰσχυροῦ
3635 1897 3788 1978 διαρ-

365 1995 695 2067 ingressus,
730 1992 939 2049 fortem
979 1992 1270 2065 ligaverit,
1302 1995 1361 2047 et
1392 1994 1593 2063 postea
1623 1988 1862 2044 domum
1896 1986 2025 2058 ejus

2141 1978 2321 2049 πάσαι,
2353 1978 2439 2034 ἐὰν
2474 1980 2549 2054 μὴ
2582 1978 2867 2058 πρότερον,
2918 1981 3177 2048 εἰσελθὼν
3226 1985 3278 2041 ἐν
3321 1991 3390 2061 τῇ
3442 1989 3608 2062 οἰκίᾳ,
3642 1987 3784 2066 δήσῃ

365 2080 718 2155 diripuerit?
748 2080 815 2136 Et
853 2079 904 2136 si
935 2096 1040 2153 ego
1072 2081 1131 2135 in
1166 2077 1469 2136 Beelzebul
1514 2076 1682 2149 ejicio
1714 2074 2025 2145 daemonia,

368 2170 478 2228 filii
507 2170 687 2229 vestri
718 2171 777 2226 in
801 2186 917 2243 quo
938 2169 1223 2243 ejiciunt?
1246 2190 1275 2219 »
1299 2169 1366 2224 Et
1390 2166 1564 2241 paulo
1598 2172 1729 2240 post
1750 2164 1990 2237 subjicit
2011 2182 2030 2220 :

375 2284 405 2313 ‹‹
440 2261 576 2317 Ideo
606 2261 738 2317 dico
767 2260 957 2332 vobis,
991 2276 1165 2316 omne
1214 2262 1518 2332 peccatum
1560 2262 1617 2313 et
1663 2253 2034 2328 blasphemia

374 2350 709 2408 remittetur
736 2349 1120 2406 hominibus:
1152 2347 1406 2420 Spiritus
1438 2351 1633 2403 autem
1666 2343 2034 2417 blasphemia

377 2458 495 2498 non
526 2440 879 2497 remittetur.
913 2439 984 2495 Et
1012 2438 1350 2512 quicunque
1379 2435 1589 2491 dixerit
1617 2436 1859 2491 verbum
1891 2449 2033 2489 con-

378 2535 473 2586 tra
503 2529 714 2586 Filium
745 2528 1027 2596 hominis,
1049 2526 1380 2583 remittetur
1404 2525 1454 2582 ei
1480 2543 1494 2581 :
1518 2524 1617 2597 qui
1645 2528 1841 2581 autem
1874 2522 2034 2578 dixe-

383 2618 462 2676 rit
509 2622 714 2675 contra
743 2617 1030 2690 Spiritum
1085 2619 1379 2684 sanctum,
1428 2631 1544 2671 non
1602 2612 1936 2670 remittetur
1983 2610 2035 2667 ei

384 2724 576 2781 neque
605 2708 668 2763 in
691 2707 803 2763 hoc
832 2704 1045 2763 saeculo
1074 2721 1264 2777 neque
1290 2710 1350 2760 in
1382 2704 1577 2761 futuro
1596 2704 1694 2758 “.-
1741 2703 1912 2759 Vides
1942 2701 2037 2758 hic

383 2798 531 2856 etin
565 2798 764 2854 futuro
806 2795 1020 2853 saeculo
1054 2795 1337 2867 Spiritum
1386 2810 1518 2852 esse
1564 2793 1846 2865 aqualem
1879 2790 2037 2848 Deo?

381 2888 451 2946 Et
476 2886 635 2945 enim
666 2885 766 2958 qui
796 2887 854 2942 in
889 2890 1070 2942 Deum
1092 2884 1322 2941 Patrem
1359 2883 1580 2957 profert
1610 2880 2034 2955 blasphemiam

380 2995 499 3035 non
519 2978 726 3034 insons
745 2974 1079 3045 habebitur,
1096 2974 1199 3030 sed
1222 2973 1420 3031 mterni
1442 2972 1717 3045 supplicii
1740 2988 1874 3028 reus
1891 2970 2001 3028 erit
2021 2988 2034 3027 :

377 3066 464 3125 sic
493 3070 551 3124 et
579 3065 679 3121 ille
708 3064 810 3137 qui
840 3064 901 3121 in
930 3062 1217 3137 Spiritum
1261 3065 1531 3118 sanctum
1576 3060 1883 3134 protulerit
1913 3060 2036 3117 bla-

376 3155 730 3230 sphemiam,
757 3152 959 3211 aeterni
1009 3150 1233 3224 peccati
1266 3166 1400 3207 reus
1440 3150 1559 3221 ﬁet,
1593 3166 1699 3206 nec
1750 3165 1818 3206 ea
1866 3149 2039 3221 culpa

377 3246 493 3321 ipsi
516 3243 967 3303 condonabitur.
991 3239 1133 3297 Nam
1159 3239 1209 3297 si
1239 3256 1447 3297 servus
1468 3244 1644 3307 esset,
1668 3255 2041 3311 nequaquam

378 3337 455 3407 is,
474 3334 576 3408 qui
597 3350 734 3391 eum
768 3332 1107 3398 offenderet,
1132 3335 1347 3386 aeterno
1377 3329 1688 3401 puniretur
1724 3328 2038 3402 supplicio»

2135 2071 2227 2126 τὸν
2262 2068 2511 2144 ἰσχυρὸν,
2542 2069 2630 2124 καὶ
2658 2070 2780 2125 τότε
2807 2072 2906 2141 την
2940 2072 3111 2128 οἰκίαν
3137 2075 3301 2131 αὐτοῦ
3332 2074 3611 2155 διαρπάσει
3636 2084 3747 2156 (40)
3773 2101 3787 2152 ;

2139 2158 2238 2214 Καὶ
2272 2158 2322 2214 οἰ
2372 2157 2477 2234 ἐγὼ
2516 2157 2567 2213 ἐν
2625 2155 2961 2230 Βεελζεϐοὺλ
3006 2158 3262 2219 ἐκϐάλλω
3311 2166 3377 2222 τά
3428 2165 3705 2242 δαιμόνια,
3738 2171 3792 2226 οἳ

2139 2248 2250 2303 υἱοί
2310 2248 2461 2322 ὑμῶν
2519 2247 2570 2303 ἐν
2629 2248 2735 2303 τίνι
2793 2246 3172 2323 ἐκϐάλλουσι;
3225 2279 3253 2307 ››
3310 2256 3407 2311 Καὶ
3464 2260 3579 2332 μετ’
3630 2257 3793 2335 ὀλίγα

2141 2338 2293 2415 φησί·
2332 2363 2358 2389 ‹‹
2392 2337 2489 2393 Aid
2517 2342 2679 2393 τοῦτο
2728 2336 2871 2416 λέγω
2927 2341 3077 2413 ὑμῖν,
3127 2343 3209 2398 ὅτι
3258 2352 3401 2401 πᾶσα
3442 2349 3679 2425 ἁμαρτία
3705 2353 3794 2406 καί

2146 2427 2474 2507 βλασφημία
2529 2428 2851 2507 ἀφεθήσεται
2908 2436 3025 2493 τοῖς
3081 2432 3390 2510 ἀνθρώποις
3425 2456 3439 2471 ⁶
3498 2441 3533 2508 ἡ
3590 2437 3648 2495 δὲ
3695 2444 3795 2496 τοῦ

2144 2517 2459 2590 Πνειόματος
2520 2516 2842 2592 βλασφημία
2900 2519 2999 2575 οὐκ
3046 2520 3389 2598 ἀφεθήσεται.
3451 2526 3552 2583 Καὶ
3613 2529 3672 2592 ὃς
3734 2529 3795 2584 ἃν

2145 2604 2268 2692 εἶ’πη
2298 2604 2463 2681 λόγον
2499 2606 2574 2669 εἰς
2605 2608 2694 2662 τὸν
2727 2607 2849 2663 Υίὸν
2899 2608 3209 2681 ἀνθρώπου,
3261 2614 3582 2691 ἀφεθήσεται
3627 2617 3794 2692 αὐτῷ·

2142 2694 2201 2757 ’ὸς
2244 2690 2290 2748 δ’
2339 2693 2398 2749 ἂν
2444 2692 2568 2769 εῗῆιῃ
2615 2695 2751 2752 κατά
2794 2696 2890 2751 τοῦ
2940 2698 3253 2772 Πνεόματος
3299 2690 3396 2758 τοῦ
3443 2705 3603 2779 ἁγίου
3634 2751 3648 2776 ,
3699 2690 3798 2763 οῦκ

2144 2785 2467 2862 ἀφεθήσεται
2526 2784 2672 2857 αὐτῷ
2726 2782 2848 2841 οὔτε
2905 2784 2955 2841 ἐν
3013 2792 3092 2860 τῷ
3119 2794 3211 2843 νῦν
3270 2790 3424 2847 αἰῶνι
3458 2790 3582 2850 οὕτε
3638 2794 3690 2851 ἐν
3719 2800 3796 2869 τῷ

2149 2871 2434 2948 μέλλοντι.
2487 2897 2515 2925 ››
2570 2876 2770 2951 Ὁρᾷς,
2829 2875 2910 2931 ὅτι
2968 2877 3056 2932 καὶ
3113 2877 3340 2936 ἐνταῦθα
3396 2881 3642 2957 ἰσότιμον
3699 2890 3791 2941 τοῦ

2146 2967 2278 3019 Θεοῦ
2307 2963 2641 3039 γνωρίζομεν
2690 2963 2754 3019 τὸ
2802 2968 3021 3038 Πνεῦμα
3049 2968 3137 3022 καὶ
3169 2967 3220 3022 ἐν
3250 2975 3329 3042 τῷ
3362 2971 3625 3044 μέλλοντι
3661 3002 3674 3045 ;
3706 2976 3792 3038 Ὦς

2144 3052 2246 3128 γὰρ
2278 3052 2307 3106 ὁ
2337 3051 2411 3113 εἰς
2439 3052 2528 3106 τὸν
2563 3050 2690 3106 Θεὸν
2722 3051 2931 3128 Πατέρα
2982 3051 3325 3133 βλασφημῶν
3354 3057 3417 3113 οὐ
3462 3061 3796 3135 καθαρισθή-

2148 3161 2294 3196 σεται
2325 3138 2421 3195 τοῦ
2454 3140 2583 3195 εἰναι
2633 3139 2791 3195 αὐτὸν
2842 3141 3065 3197 αἰωνίου
3112 3143 3392 3209 κολάσεως
3443 3145 3660 3225 ἔνοχον,
3706 3150 3798 3206 οὕ-

2146 3251 2226 3286 τω
2282 3230 2373 3285 καὶ
2434 3231 2461 3284 ὁ
2520 3228 2594 3291 εἰς
2644 3231 2704 3284 τὸ
2764 3234 2981 3305 Πνεῦμα
3034 3233 3095 3287 τὸ
3158 3234 3313 3310 ἅγιον
3398 3237 3803 3316 βλασφημήσας

2154 3318 2446 3384 ὑπεύθυνος
2496 3318 2697 3395 γίνεται
2736 3319 2961 3406 αἰωνίου
3010 3320 3298 3397 ἁμαρτίας,
3350 3327 3426 3398 μή
3473 3348 3802 3406 συγχωρου-

380 3382 455 3482 ut,
476 3382 576 3481 ille
605 3423 706 3496 qui
744 3422 803 3477 in
833 3382 1170 3477 increatainv
1188 3382 2029 3491 ‘Dei'maj'es—tatemvbiasphe;

2155 3382 2316 3484 μένου
2370 3412 2467 3464 τοῦ
2510 3382 2874 3483 ’πταίσματος
2908 3410 2970 3466 Εἰ
3026 3382 3136 3487 γιίιρ¹
3174 3382 3505 3485 ἦννδοῦλιον,

384 3514 565 3571 miam
610 3511 849 3585 profert.
874 3510 1057 3575 Quem
1088 3524 1224 3565 vero
1254 3507 1350 3564 hic
1397 3508 1497 3565 Dei
1547 3507 1728 3564 Filius
1756 3507 2037 3580 Spiritum

387 3603 487 3661 Dei
517 3601 677 3673 dicit,
706 3600 948 3674 quidam
978 3615 1009 3655 e
1037 3597 1252 3655 Christi
1284 3597 1593 3670 discipulis
1619 3598 1690 3653 de
1718 3597 1921 3653 eodem
1954 3596 2039 3652 lo-

387 3708 598 3766 quens,
613 3690 866 3763 digitum
899 3688 997 3744 Dei
1029 3686 1366 3759 appellavit.
1387 3687 1726 3760 Recogitare
1744 3686 1889 3742 velis
1910 3702 2037 3759 qua

385 3783 458 3839 de
481 3780 622 3837 Filio
652 3778 714 3835 in
736 3778 943 3834 itinere
964 3777 1268 3850 disputata
1287 3779 1446 3847 sunt,
1469 3776 1848 3849 inveniesque
1869 3779 2039 3832 aeter-

382 3888 523 3930 nam
545 3868 734 3926 sancti
754 3867 1007 3940 Spiritus
1023 3867 1298 3923 virtutem
1321 3863 1886 3923 consubstantialem
1908 3879 2038 3921 esse

382 3960 559 4031 Patri,
578 3975 645 4014 eo
674 3956 827 4030 quod
860 3955 1080 4029 digitus
1111 3956 1305 4013 dictus
1335 3955 1462 4029 ipse
1491 3954 1687 4012 fuerit.
1711 3958 1875 4011 Certe
1902 3971 2037 4011 cum

381 4051 541 4126 magi
596 4051 657 4106 in
713 4049 958 4121 Egypto
1018 4047 1139 4103 vim
1197 4046 1478 4104 invictam
1536 4045 1726 4102 sancti
1782 4044 2038 4119 Spiritus

379 4140 630 4199 contuiti
665 4145 881 4206 essent,
916 4136 1390 4193 exclamaverunt
1419 4136 1478 4191 in
1510 4135 1633 4191 haec
1662 4134 1841 4192 verba
1862 4150 1912 4191 zu
1936 4135 2040 4193 Hic

379 4230 602 4303 digitus
647 4227 748 4284 Dei
778 4231 868 4284 est
886 4225 952 4282 ⁸⁸.
980 4249 1002 4279 ι
1032 4225 1258 4291 Quibus
1302 4225 1520 4293 verbis,
1548 4247 1576 4277 ‹‹
1606 4224 1827 4298 digitus
1860 4224 1978 4295 Dei,
2006 4246 2034 4275 ››

379 4318 526 4377 nihil
583 4317 746 4375 aliud
794 4315 1193 4390 agnoscebant
1243 4331 1423 4388 quam
1472 4313 2033 4371 consubstantialem

377 4413 493 4467 Deo
534 4407 689 4465 Patri
746 4405 935 4463 sancti
985 4403 1241 4477 Spiritus
1284 4403 1586 4474 virtutem,
1610 4407 1813 4460 contra
1860 4420 2038 4477 quam

378 4514 551 4556 nemo
582 4500 673 4555 est
703 4496 803 4569 qui
834 4494 1023 4568 possit
1065 4492 1315 4550 obtueri.
1342 4493 1424 4552 Ne
1451 4509 1585 4550 vero
1617 4491 1750 4565 quis
1779 4493 2038 4565 captiose

378 4587 517 4646 velit
546 4584 917 4652 contendere,
943 4599 1059 4639 non
1090 4586 1245 4639 recte
1264 4582 1321 4639 id
1346 4600 1381 4639 a
1401 4582 1591 4655 magis
1623 4582 1845 4638 dictum
1865 4596 1996 4640 esse
2019 4585 2032 4624 ε

380 4675 653 4753 apostoli,
685 4678 806 4731 imo
852 4673 979 4745 ipse
1005 4672 1296 4729 Dominus
1326 4673 1428 4745 qui
1475 4671 1535 4727 in
1584 4670 1704 4729 illis
1732 4675 1875 4740 erat,
1908 4688 2036 4745 quae

2148 3497 2371 3578 σφαλεὶς
2426 3498 2500 3562 εἰς
2559 3502 2668 3573 (11)
2727 3498 2856 3554 αὐτὸ
2914 3499 3121 3574 αἰωνίῳ
3177 3502 3398 3559 κολάσει
3456 3504 3796 3582 ἐτιμωρεῖτο,

2148 3588 2329 3665 ὥσπερ
2387 3589 2415 3643 ὁ
2460 3587 2532 3650 εἰς
2586 3589 2685 3658 τήν
2745 3587 2991 3645 ἄκτιστον
3051 3595 3147 3646 τοῦ
3204 3596 3338 3648 Θεοῦ
3400 3593 3796 3669 μεγαλειότητα

2152 3676 2491 3757 βλασφημῶν
2529 3722 2541 3734 .
2596 3680 2769 3755 ’Ὀπερ
2829 3676 2887 3735 δὲ
2957 3679 3176 3736 ἐνταῦθα
3234 3682 3262 3736 ὁ
3326 3688 3424 3739 τοῦ
3479 3688 3610 3740 Θεοῦ
3668 3686 3790 3749 Υἱὸς

2147 3770 2335 3849 φάσκει
2367 3767 2583 3843 Πνεῦμα
2626 3774 2723 3825 τοῦ
2771 3774 2927 3842 Θεοῦ,
2972 3771 3095 3848 περὶ
3143 3771 3307 3828 αὐτοῦ
3339 3776 3450 3848 (12)
3495 3797 3578 3839 τις
3610 3772 3794 3832 διαλαα

2147 3854 2259 3913 ϐῶν
2285 3863 2393 3914 τῶν
2449 3861 2701 3933 μαθητῶν
2741 3863 2837 3914 τοῦ
2881 3862 3138 3938 Χριστοῦ,
3186 3860 3450 3919 δάκτυλον
3503 3863 3637 3921 Θεοῦ
3667 3862 3792 3945 ἔφη.

2145 3947 2592 4026 Ἀναλογίσασθαι
2640 3948 2871 4022 θέλησον
2922 3952 3023 4021 τήν
3071 3951 3195 4028 περὶ
3242 3957 3339 4008 τοῦ
3386 3954 3514 4010 Υἱοῦ
3555 3954 3799 4013 συνοδοι-

2145 4039 2458 4113 πορήσασαν
2508 4036 2859 4110 συνεξέτασιν,
2909 4037 2997 4093 καὶ
3048 4038 3295 4115 εὑρήσεις
3342 4042 3439 4111 τήν
3491 4041 3667 4100 ἀίδιον
3698 4050 3799 4101 τοῦ

2146 4126 2304 4202 ἁγίου
2364 4125 2675 4201 Πνεῦματος
2737 4123 2963 4200 δύναμιν
3023 4128 3315 4203 ὁμοούσιον
3372 4135 3452 4205 τῷ
3499 4133 3708 4211 Πατρὶ,
3742 4134 3802 4191 ἐκ

2144 4222 2241 4274 τοῦ
2274 4214 2538 4272 δάκτυλον
2572 4216 2703 4272 αὐτὸ
2755 4216 3020 4298 εἰρῆσθαι,
3069 4217 3296 4293 Ἀμέλει
3341 4224 3471 4298 γοῦν
3516 4223 3617 4293 τήν
3670 4225 3800 4280 ἀκα..

2146 4306 2466 4383 ταμάχητον
2515 4303 2742 4380 δύναμιν
2799 4311 2896 4361 τοῦ
2945 4297 3103 4383 ἁγίου
3154 4309 3467 4384 Πνεύματος
3497 4315 3803 4388 θεωρήσαν-

2144 4417 2229 4458 τες
2262 4396 2314 4450 οἰ
2355 4394 2516 4471 μάγοι
2566 4393 2619 4449 ἐν
2664 4394 2954 4471 Αἰγύπτῳ,
3003 4392 3173 4452 ἐϐόων
3226 4395 3500 4476 λέγοντες³
3557 4426 3578 4453 ι
3630 4406 3797 4458 Τοῦτο

2147 4482 2414 4546 δάκτυλος
2448 4487 2582 4539 Θεοῦ
2614 4482 2777 4541 ἐστιν.
2812 4509 2841 4537 ››
2873 4483 3041 4544 Οὐδὲν
3091 4484 3272 4565 ἕτερον
3305 4489 3341 4559 ἤ
3372 4490 3471 4559 τήν
3502 4490 3794 4563 ὁμοοῦσιον

2145 4575 2241 4631 τοῦ
2292 4572 2447 4650 ἁγίου
2494 4572 2809 4647 Πνεύματος
2858 4571 3085 4649 δύναμιν
3133 4575 3457 4655 ὡμολόγουν
3494 4624 3509 4652 ,
3562 4580 3628 4650 ἣν
3682 4577 3799 4657 ἔχει

2146 4663 2285 4740 πρὸς
2332 4662 2425 4718 τὸν
2475 4663 2602 4718 Θεὸν
2655 4663 2867 4741 Πατέρα
2919 4662 3008 4720 διὰ
3049 4672 3151 4736 τῆς
3197 4667 3295 4723 τοῦ
3345 4665 3616 4725 δακτύλου
3664 4669 3800 4726 Θεοῦ

380 4767 659 4825 dixerunt
684 4762 792 4836 illi,
823 4766 1106 4835 tanquam
1156 4763 1309 4818 recte
1339 4761 1498 4818 dicta
1528 4759 1898 4817 confirmavit
1925 4759 2029 4815 hu-

2149 4760 2373 4832 φωνῆς,
2433 4753 2502 4823 ἧς
2551 4752 3000 4833 ἀντοφθαλμῆσαί
3051 4776 3171 4812 τινα
3219 4754 3501 4815 ἀδύνατον.
3563 4759 3661 4815 Καὶ
3708 4758 3802 4816 ’ίνα

376 4855 636 4931 1υεωοάὶ
665 4853 859 4910 verbis
891 4867 904 4907 :
932 4874 959 4902 «
993 4851 1057 4909 Si
1082 4867 1190 4924 ego
1222 4851 1282 4907 in
1336 4851 1520 4924 digito
1571 4850 1671 4908 Dei
1719 4849 1889 4922 ejicio
1917 4849 2033 4906 dm-

374 4944 574 5006 monia
594 4945 660 5001 '7.
681 4966 710 4996 »

2150 4845 2224 4919 μή
2270 4864 2354 4906 τις
2412 4842 2730 4921 σοφίσασθαι
2795 4842 2967 4909 θέλων
3022 4847 3097 4919 μή
3147 4845 3324 4923 ὀρθῶς
3371 4846 3618 4924 εἰρῆσθαι
3666 4849 3802 4926 πρὸς

2142 4938 2250 4989 τῶν
2288 4934 2499 5008 μάγων,
2532 4934 2585 4987 οἰ
2613 4932 2937 5005 ἀπόστολοι,
2988 4934 3200 5010 μᾶλλον
3230 4934 3288 4992 δὲ
3318 4938 3346 4992 ὁ
3378 4936 3429 4992 ἐν
3479 4937 3663 5001 αὐτοῖς
3693 4938 3800 4997 Κύ-

370 5033 618 5113 ριος,ὠς
678 5031 854 5105 ὀρθῶς
914 5028 1220 5104 εἰρημένων
1285 5029 1371 5082 ὑπ’
1433 5026 1632 5099 αὐτῶν,
1665 5021 1959 5082 ἐϐεϐαίωσε
2015 5023 2083 5081 τὰ
2139 5022 2405 5098 λεχθέντα
2462 5023 2597 5100 πρὸς
2655 5021 2854 5097 αὐτῶν,
2889 5020 2977 5079 διὰ
3021 5023 3084 5080 τό
3114 5025 3204 5081 καί
3239 5024 3397 5083 αὐτὸν
3458 5028 3639 5106 φάναι·
3676 5052 3703 5081 ι‹
3736 5027 3803 5084 Εἰ

364 5125 473 5204 ἐγὼ
503 5123 555 5182 ἐν
590 5118 844 5195 δακτύλῳ
873 5124 1009 5175 Θεοῦ
1031 5113 1289 5175 ἐκϐάλλω
1318 5117 1384 5171 τὰ
1410 5114 1604 5190 δαιμόν
1617 5137 1686 5174 ια.
1718 5139 1746 5168 ››

431 5227 479 5262 ⁸⁴
507 5223 684 5282 Exod.
719 5237 810 5290 xx,
840 5221 895 5276 7.
973 5219 1018 5254 ⁸⁵
1051 5218 1259 5275 Matth.
1290 5233 1393 5287 xu,
1422 5216 1620 5272 25-32.
1697 5214 1742 5251 ⁸⁸
1772 5216 1951 5273 Exod.
1984 5229 2108 5287 VIII,
2147 5214 2232 5269 19.
2310 5214 2354 5249 ⁸⁷
2386 5213 2522 5269 Luc.
2557 5230 2635 5283 αι,
2668 5213 2759 5269 20.

431 5334 509 5458 (82ι
539 5332 685 5417 Bas;
706 5327 879 5401 Angl.
904 5331 962 5384 et
988 5327 1138 5399 Aug.
1171 5322 1353 5399 ὥσπερ
1378 5326 1476 5377 τοῦ
1506 5321 1656 5379 Υἰοῦ.
1682 5324 1839 5380 Infra
1868 5325 2014 5399 Aug.

444 5423 477 5457 α
511 5424 590 5458 τω
617 5424 698 5458 τω
727 5399 907 5458 νόμω.

383 5426 412 5461 ν
439 5399 590 5477 αὖτῳ
617 5406 698 5475 τῷ
727 5399 907 5477 νόμῳ.

430 5477 509 5550 (9)
530 5468 689 5550 ΔᾸιιεξ
722 5468 867 5550 ἂλμφῗ
889 5468 1081 5550 οιιξτήνἶ

433 5529 719 5620 ξομες.
749 5529 1040 5620 eam.
1072 5541 1203 5620 mox
1232 5543 1365 5620 pass
1394 5529 1783 5620 ξκςάλλουσιν.
1816 5555 2021 5620 9mm

361 5608 764 5692 mssﬁ'habe'nt
790 5608 908 5675 Εἴθ’
939 5608 1044 5692 ἐγὼ
1076 5612 1128 5669 ιν
1160 5608 1299 5670 πνῖ..
1332 5608 1611 5684 δαιμόνια,
1642 5626 1770 5685 quae
1809 5612 2025 5670 desunt

386 5708 425 5750 n
456 5690 653 5750 editis.

2197 5322 2308 5402 (
2342 5326 2515 5402 Aug,
2539 5354 2572 5385 δ
2595 5323 2662 5402 οῦ
2691 5317 3073 5402 Πνιεύματος...
3092 5319 3167 5402 ’ἂν
3200 5320 3543 5402 ἐσφάλη-εἰς.

2175 5390 2310 5484 ¹(12)
2341 5390 2489 5517 Aug;
2542 5390 2666 5468 περὶ
2715 5390 2940 5477 αὐτούςζ
2974 5395 3168 5481 Paulo.
3200 5390 3352 5470 poist,
3387 5390 3557 5468 illud,
3590 5395 3797 5454 ἀναλο-

2175 5476 2379 5517 ισασθαι
2465 5460 2686 5517 ελησον.
2720 5474 2850 5517 etc.-
2897 5483 2979 5517 sm
3028 5473 3198 5517 vertit
3246 5468 3561 5517 Nannius:
3625 5477 3797 5517 ρηηιι

2128 5460 2379 5540 γίσασθαι
2430 5460 2687 5540 θέλησον,
2720 5474 2851 5536 etc.,
2897 5466 2979 5524 sic
3028 5460 3218 5524 vertit'
3245 5460 3561 5528 Nannius}
3621 5477 3803 5531 Facta

2131 5538 2318 5596 animo
2347 5541 2573 5609 repetas,
2609 5538 3028 5609 inquisitionem
3063 5540 3129 5598 de
3152 5541 3294 5599 Filio
3323 5546 3385 5601 in
3414 5543 3600 5602 Exodo
3631 5546 3794 5603 habi-

2132 5619 2267 5683 tam,
2299 5614 2355 5667 et
2384 5608 2655 5682 invenies,
2684 5608 2795 5667 etc.
