4170 6354
399 445 509 505 497

1537 442 2011 506 DISPUTATIO
2055 443 2371 504 CONTRA
2414 445 2693 507 ARIUM.

3708 449 3834 509 498

468 579 555 634 43.
595 580 724 651 "Ap.
785 574 922 630 εἷπε·
987 575 1119 638 Θεὸς
1174 579 1280 630 ποῦ
1337 577 1631 653 γέγραπται
1675 577 1738 632 τὸ
1800 580 2053 649 Πνεῦμα;

2245 579 2333 634 43.
2382 580 2476 634 Αν.
2529 579 2779 636 Ubinam
2827 580 3115 651 scriptum
3187 583 3277 636 est
3341 581 3626 654 Spiritum
3695 597 3836 640 esse

397 669 512 724 Ἀθ.
566 668 702 723 εἶπε·
767 665 1062 741 Πανταχοῦ
1123 664 1559 741 ἀπαγγέλλουσιν
1620 668 1673 721 αἱ
1730 668 1867 721 θεῖαι
1916 673 2057 740 Γρα-

399 757 488 836 φαὶ
548 755 631 812 ὅτι
696 754 828 817 Θεός
889 754 999 809 ἐστι
1047 755 1109 809 τὸ
1159 755 1312 830 ἅγιον
1360 760 1602 829 Πνεῦμα,
1634 756 1722 810 καὶ
1756 756 1821 810 οὐ
1874 756 2055 832 κεχώ-

399 867 575 924 ρισται
623 852 726 915 τῆς
772 849 870 900 τοῦ
917 848 1071 917 Θεοῦ,
1105 843 1192 899 καὶ
1253 846 1481 921 Πατρὸς,
1514 845 1603 900 καὶ
1652 853 1752 916 τῆς
1800 851 1898 902 τοῦ
1937 851 2054 902 Μο-

393 939 646 1011 νογενοῦς
716 934 880 989 αὐτοῦ
941 929 1124 1004 δόξης.
1187 933 1342 1008 ,λέγει
1404 935 1507 1010 γὰρ
1568 933 1770 1011 Πέτρος
1829 934 1878 988 ἐν
1937 938 2056 996 ταῖς

397 1024 625 1102 Πράξεσι
677 1024 813 1099 πρὸς
875 1022 1146 1080 Ἀνανίαν⁸
1212 1047 1239 1072 ‹‹

397 1115 487 1170 καὶ
518 1114 715 1190 πραθὲν
751 1113 804 1170 ἐν
834 1116 903 1187 τῇ
1056 1111 1270 1183 ἐξουσίᾳ
1319 1113 1575 1189 ὑπῆρχε;
1618 1114 1669 1170 τί
1714 1113 1795 1168 ὅτι
1848 1112 1968 1169 ἔθου
2009 1113 2060 1167 ἐν

397 1208 467 1276 τῇ
516 1200 714 1280 καρδίᾳ
769 1224 865 1257 σου
920 1202 984 1258 τὸ
1031 1208 1260 1276 πρᾶγμα
1315 1207 1498 1272 τοῦτο,
1532 1203 1824 1277 ψεύσασθαί
1883 1223 1940 1258 σε
1995 1203 2059 1256 τὸ

404 1297 623 1365 Πνεῦμα
668 1292 730 1346 τὸ
775 1292 923 1366 ἅγιον
952 1311 966 1359 ς
999 1291 1113 1349 Οὐκ
1162 1291 1370 1364 ἐψεύσω
1421 1292 1753 1368 ἀνθρώποις,
1793 1291 1936 1348 ἀλλᾶ
1981 1296 2060 1365 τῷ

408 1388 544 1456 Θεῷ.
608 1407 637 1434 ››
696 1384 857 1458 Ὁρᾷς
915 1388 1032 1445 πῶς
1090 1381 1140 1436 ἐν
1199 1389 1314 1446 τοῖς
1381 1383 1672 1460 ἀνωτέροις
1747 1383 1878 1458 ὅπερ
1956 1383 2056 1462 ἔφη

410 1476 630 1545 Πνεῦμα
689 1473 867 1546 ἅγιον,
917 1471 968 1526 ἐν
1024 1477 1137 1534 τοῖς
1197 1475 1668 1550 μεταγενεστέροις
1727 1473 1827 1551 ἔφη
1888 1473 2056 1544 Θιόν;

407 1563 525 1618 "Em
582 1561 689 1634 μὴν
748 1561 836 1616 καὶ
891 1565 984 1615 τοῦ
1045 1562 1311 1638 μακαρίου
1344 1562 1564 1619 Ηαύλου
1597 1562 1848 1640 λέγοντος
1882 1562 1932 1618 έν

408 1652 542 1727 πρὸς
575 1649 982 1712 Θεσσαλονικεῖς
1031 1648 1253 1725 δευτέρᾳ
1280 1651 1577 1728 Ἐπιστολῇ
1626 1652 1816 1716 οὕτως·
1853 1676 1880 1704 ››
1913 1655 1973 1711 Ὀ
2005 1651 2062 1708 δὲ

404 1739 600 1816 Κύριος
659 1739 974 1804 κατευθύναι
1036 1740 1186 1812 ὑμῶν
1235 1743 1348 1814 (13)
1395 1743 1491 1804 τὰς
1548 1740 1769 1818 καρδίας
1828 1743 1905 1806 εἷς
1961 1744 2061 1812 τὴν

401 1827 616 1903 ἀγάπην
702 1832 799 1883 τοῦ
875 1834 1008 1884 Θεοῦ
1091 1830 1179 1884 καὶ
1260 1831 1335 1893 εἷς
1412 1833 1511 1902 τήν
1598 1833 1881 1906 ὑπομονήν
1963 1838 2060 1888 τοῦ

1292 1022 1430 1098 Οὐχὶ
1493 1025 1648 1097 μένον
1729 1045 1812 1079 σοι
1880 1021 2054 1097 ἔμενε,
2103 1037 2114 1052 ·

2170 673 2350 724 Deum
2379 673 2401 724 Ρ
2430 670 2548 725 ΑιΙι.
2605 670 2829 742 Ubique
2877 671 3085 726 divinae
3148 671 3462 743 Scriptura:
3513 671 3836 742 pradicant

2167 759 2351 815 Deum
2383 775 2513 815 eese
2536 760 2820 831 Spiritum
2855 764 3256 828 sanctum,nec
3278 766 3613 832 separatum
3646 776 3777 816 esse
3800 778 3834 817 a

2171 849 2267 905 Dei
2301 854 2357 905 et
2389 849 2577 906 Patris
2609 854 2663 905 et
2694 849 2986 922 Unigeniti
3033 850 3238 923 gloria.
3275 849 3371 906 Sic
3416 851 3572 905 enim
3622 850 3830 906 Petrus

2168 939 2226 993 in
2259 939 2500 994 Actibus
2532 937 2794 1010 loquitur
2823 940 2894 994 ad
2927 939 3218 994 Ananiarn
3245 955 3256 994 :
3293 962 3320 989 «
3355 939 3558 994 Nonne
3583 955 3831 995 manens

2167 1027 2272 1082 tibi
2308 1028 2663 1089 manebat,et
2691 1029 3115 1083 venumdatum
3146 1029 3205 1083 in
3230 1032 3334 1084 tua
3363 1033 3488 1084 erat
3514 1028 3832 1100 potestate?

2169 1117 2354 1181 Quare
2369 1117 2619 1189 posuisti
2643 1117 2699 1172 in
2724 1119 2898 1174 corde
2920 1123 3020 1174 tuo
3043 1117 3195 1173 hanc
3217 1117 3604 1186 rem,mentiri
3626 1121 3682 1173 te
3703 1117 3830 1188 Spi-

2169 1206 2310 1262 ritui
2343 1205 2710 1262 sanctOPNon
2725 1222 2786 1262 es
2810 1205 3576 1275 mentitushominibus,sed
3600 1206 3832 1262 Βεοθδ.»

2171 1297 2349 1352 Vides
2372 1297 2664 1369 quomodo
2680 1313 2855 1369 quem
2881 1302 3054 1354 antea
3073 1297 3360 1370 Spiritum
3384 1302 3655 1354 sanctum
3679 1296 3835 1352 dixe-

2170 1386 2557 1452 rat,eumdem
2594 1389 2798 1456 postea
2821 1388 2998 1442 Deum
3030 1386 3313 1458 appellet?
3330 1386 3424 1443 Sic
3447 1386 3588 1442 item
3615 1385 3828 1442 beatus

2171 1474 2410 1542 Paulus,
2435 1474 2692 1547 Epistula
2728 1477 2986 1531 secunda
3019 1476 3089 1530 ad
3113 1475 3664 1532 Thessalonicenses
3687 1472 3831 1530 scri-

2170 1565 2254 1620 bit
2274 1581 2286 1620 :
2307 1586 2333 1614 ‹‹
2357 1563 2522 1619 Domi
2534 1580 2642 1618 nus
2661 1567 2856 1620 autem
2871 1565 3085 1636 dirigat
3104 1565 3281 1621 corda
3295 1567 3486 1621 vestra
3506 1565 3564 1619 in
3580 1562 3831 1619 charita—

2169 1659 2288 1711 tem
2321 1654 2422 1710 Dei
2453 1657 2510 1709 et
2539 1654 2882 1726 patientiam
2925 1653 3140 1709 Christi
3183 1655 3248 1709 3°.
3289 1676 3314 1704 ι›
3369 1657 3554 1720 Quem
3599 1652 3688 1709 vis
3719 1651 3830 1707 hac

2171 1745 2229 1799 in
2263 1742 2519 1816 Epistola
2539 1742 2897 1814 intelligere?
2926 1743 3105 1807 Quem
3129 1743 3444 1799 Dominum
3469 1740 3831 1815 appellatum

2171 1833 2376 1906 putas?
2405 1832 2666 1887 Deumne
2699 1831 2926 1886 Patrem
2961 1849 3156 1887 rerum
3188 1833 3454 1888 omnium
3487 1831 3827 1899 Dominum,

402 1919 639 1994 Χριστοῦ
674 1963 686 1975 .
746 1942 774 1970 ››
835 1917 896 1972 Τί
955 1917 1130 1983 θέλεις
1189 1918 1240 1974 ἐν
1449 1921 1746 1997 Ἐπιστολῇ
1823 1930 2055 1992 νοῆσαι;

407 2008 471 2025 ...ι
621 2007 693 2025 ..ρ
916 2007 929 2025 .
1086 2008 1141 2025 ..ι
1489 2013 1502 2025 .
1662 2016 1689 2025 -
1825 2014 1836 2025 .
1905 2013 1916 2025 ,

2176 1939 2244 1978 an
2278 1922 2564 1993 Spiritum
2589 1922 2890 1978 sanctum?
2906 1923 3052 1978 Nam
3074 1922 3374 1979 Christum
3395 1921 3613 1977 ibidem
3643 1919 3830 1976 nomi-

407 2008 539 2067 Τίνα
621 2007 817 2082 Κύριον
906 2007 1375 2082 ὀνομαζόμενον;
1451 2013 1540 2067 τὸν
1623 2016 1731 2067 τῶν
1814 2013 2060 2068 ἁπάντων

409 2095 675 2168 δεσπότην
733 2098 858 2154 Θεὸν
921 2097 1176 2175 Πατέρα,
1235 2102 1269 2169 ἣ
1323 2101 1384 2155 τὸ
1455 2107 1672 2175 Πνεῦμα
1724 2102 1787 2158 τὸ
1845 2102 1995 2177 ἅγιον
2044 2122 2057 2172 ;

404 2187 500 2243 Τὸν
537 2189 631 2260 μὲν
673 2189 774 2264 γὰρ
833 2188 1060 2264 Χριστὸν
1121 2189 1522 2266 ὑπηρίθμησεν.
1555 2191 1617 2246 El
1663 2193 1757 2266 μὶν
1806 2195 1910 2269 γὰρ
1966 2193 2057 2247 τὸν

402 2277 615 2354 Πατέρα
699 2278 1041 2353 προτάξειας,
1095 2279 1227 2342 Θεός
1296 2280 1406 2336 ἐστι
1477 2281 1539 2336 τὸ
1601 2287 1838 2355 Πνεῦμα·
1899 2282 1945 2338 εἰ
2004 2279 2062 2336 δὲ

398 2368 460 2422 τὸ
493 2365 715 2441 Πνεῦμα
773 2368 1310 2445 προομολογήσειας,
1339 2370 1532 2446 Κύριος
1591 2371 1870 2449 τυγχάνει’
1905 2372 1950 2427 εἰ
2004 2371 2062 2426 δὲ

400 2456 597 2533 Κύριός
660 2456 794 2527 ἐστι,
857 2458 947 2513 καὶ
1023 2459 1154 2521 Θεὸς
1232 2461 1504 2536 ὑπάρχει·
1568 2460 1864 2538 γέγραπται
1916 2462 2056 2538 γάρ·

401 2547 604 2620 «Ἐγώ
663 2546 777 2619 εἶμι
838 2546 1033 2624 Κύριος
1067 2549 1095 2603 ὁ
1147 2549 1276 2610 Θεός
1334 2570 1450 2606 σου.
1483 2573 1512 2602 ››
1565 2552 1809 2621 Ζήτησον
1863 2549 1940 2623 δὲ,
1970 2551 2060 2606 καὶ

397 2635 647 2710 εὑρήσεις
680 2637 992 2713 ἁπανταχοῦ
1030 2639 1432 2714 γεγραμμένον,
1466 2638 1548 2694 ὅτι
1596 2639 1684 2695 καὶ
1733 2647 1834 2710 τῆς
1892 2640 2061 2710 αὐτῆς

399 2723 668 2802 ἐνεργείας
709 2725 969 2802 τυγχάνει
997 2727 1060 2782 τὸ
1092 2732 1306 2800 Πνεῦμα
1352 2729 1413 2784 τὸ
1465 2729 1634 2805 ἅγιον,
1666 2730 1754 2784 καὶ
1815 2737 1912 2800 τῆς
1961 2735 2060 2785 τοῦ

401 2816 613 2890 Πατρὸς
673 2817 763 2870 καὶ
822 2817 950 2870 Υὶοῦ
1011 2813 1171 2888 δόξης
1233 2817 1332 2872 οὐκ
1390 2817 1881 2896 ἀπέζευκται.’¹Δρ.
1921 2822 2057 2875 εἴπε-

403 2906 502 2960 Διᾶ
556 2903 608 2959 τί
668 2905 758 2960 οῦν
815 2907 848 2975 ἡ
909 2907 1094 2984 Γραφή
1150 2903 1394 2980 οὐδαμοῦ
1476 2908 1620 2985 λέγει
1686 2912 1942 2983 τιμᾶσθαι
1999 2911 2061 2964 τὸ

406 2998 626 3067 Πνεῦμα
687 2995 779 3050 σὺν
841 2997 1012 3072 Πατρὶ
1069 2995 1158 3050 καὶ
1219 2998 1367 3070 Titi);
1402 3000 1520 3056 Ἀθ.
1560 3000 1726 3055 εἶπενο
1785 3001 1855 3055 Αἵ
1912 3001 2059 3076 ἅγιαι

407 3085 612 3161 Γραφαὶ
669 3085 842 3140 πάντα
897 3091 1040 3164 σαφῆ
1097 3083 1464 3162 διαλέγονται·
1499 3088 1573 3151 εἰς
1600 3090 1628 3144 ὃ
1661 3087 1717 3144 δέ
1749 3089 1904 3162 ἐσμεν
1965 3094 2061 3144 τοῦ

410 3171 497 3228 ἐπὶ
555 3172 847 3250 παρόντος,
905 3175 959 3228 αἱ
1000 3176 1145 3252 ἅγιαι
1206 3172 1459 3249 δυνάμεις
1515 3183 1701 3245 πᾶσαι,
1735 3179 1788 3233 αἳ.
1839 3177 1892 3233 έν
1946 3183 2062 3240 τοῖς

405 3261 673 3338 οὐρανοῖς,
731 3262 1018 3326 ἀπαύστως
1089 3269 1294 3337 τιμῶσι
1345 3267 1408 3321 τὸ
1463 3266 1612 3344 ἅγιον
1689 3272 1928 3341 Πνεῦμα,
1990 3268 2063 3328 ὡς

2173 2011 2352 2067 navit.
2408 2010 2468 2066 Si
2516 2011 2675 2066 enim
2726 2012 2916 2084 priore
2961 2011 3018 2066 in
3068 2010 3195 2066 loco
3246 2011 3472 2067 Patrem
3508 2008 3830 2081 intelligas,

2171 2100 2326 2157 Deus
2374 2104 2527 2156 certe
2575 2103 2666 2156 est
2712 2100 2968 2173 Spiritus
3019 2103 3259 2156 sanctus
3311 2117 3323 2156 :
3380 2099 3472 2155 sin
3529 2098 3817 2171 Spiritum

2170 2194 2442 2247 sanctum
2475 2190 2554 2246 ibi
2588 2191 2730 2245 velis
2779 2189 3122 2262 significari,
3171 2189 3299 2261 ipse
3348 2205 3484 2262 ergo
3533 2189 3820 2245 Dominus

2171 2285 2261 2338 est
2284 2299 2295 2334 :
2323 2268 2478 2353 quod
2497 2281 2546 2336 si
2564 2279 2846 2336 Dominus
2860 2280 3131 2349 est,Deus
3145 2279 3399 2352 profecto
3414 2279 3822 2350 est.Scriptum

2171 2370 2324 2426 enim
2354 2374 2464 2436 est,
2499 2392 2527 2419 «
2564 2371 2680 2442 Ego
2713 2384 2846 2424 sum
2878 2368 3162 2424 Dominus
3208 2373 3360 2426 Deus
3408 2355 3546 2424 tuus
3577 2371 3642 2422 οο.
3674 2385 3701 2419 ι
3739 2365 3829 2421 In-

2171 2461 2336 2533 quire
2356 2465 2609 2532 porro,et
2623 2458 2840 2531 ubique
2857 2458 3141 2531 scriptum
3155 2459 3418 2515 invenies
3431 2457 3700 2514 eamdem
3719 2454 3833 2511 vim

2168 2550 2422 2622 Spiritus
2454 2549 2641 2605 sancti
2674 2565 2938 2616 esse,nec
2970 2567 3003 2604 a
3032 2549 3224 2604 Patris
3257 2553 3314 2605 et
3343 2547 3473 2604 Filii
3496 2546 3680 2618 gloria
3703 2564 3832 2604 esse

2170 2638 2556 2708 disjunctum.
2589 2639 2679 2691 Ar.
2715 2636 2831 2691 Cur
2881 2652 3020 2708 ergo
3051 2652 3347 2708 nusquam
3399 2635 3482 2691 ait
3527 2635 3834 2707 Scriptura

2171 2727 2458 2801 Spiritum
2491 2725 2623 2782 cu'm
2648 2727 2817 2781 Patre
2850 2730 2906 2782 et
2940 2726 3084 2782 Filio
3103 2725 3422 2782 honorari?
3453 2725 3576 2781 Ath.
3609 2726 3834 2782 Sanctae

2171 2817 2480 2890 Scripturae
2505 2819 2704 2872 omnia
2735 2821 2932 2888 aperte
2956 2816 3284 2888 loquuntur
3307 2833 3320 2872 :
3355 2816 3511 2888 quod
3536 2821 3733 2872 autem
3759 2817 3832 2871 ad

2171 2912 2512 2979 praesentem
2547 2910 2774 2977 spectat
2806 2906 3207 2977 quaestionem,
3241 2921 3446 2962 omnes
3469 2909 3686 2961 sancta
3715 2905 3831 2960 vir-

2173 3002 2351 3062 tutes,
2388 3012 2516 3067 quae
2549 2995 2608 3048 in
2665 2993 2829 3050 caelis
2879 2998 3037 3062 sunt,
3094 2997 3365 3050 sanctum
3423 2993 3734 3065 Spiritum,
3767 2997 3834 3048 ut

2174 3088 2340 3144 docet
2373 3087 2715 3152 lsaias,cum
2749 3085 2918 3140 Patre
2949 3088 3006 3140 et
3039 3083 3180 3140 Filio
3209 3083 3612 3140 indesinenter
3639 3083 3831 3140 hono-

2173 3181 2325 3233 rant.
2359 3176 2448 3230 Ar.
2475 3175 2780 3246 Nusquam
2812 3176 3098 3246 scriptum
3121 3176 3211 3229 est
3241 3172 3527 3246 Spiritum
3560 3177 3831 3230 sanctum

2174 3285 2308 3325 cum
2344 3270 2516 3322 Patre
2548 3269 2604 3321 et
2634 3265 2777 3320 Filio
2802 3264 3096 3321 honorari.

404 3351 628 3415 Ἡσαΐας
687 3351 860 3428 λέγει,
893 3354 986 3408 σὺν
1045 3355 1216 3431 Πατρὶ
1267 3355 1357 3410 καὶ
1416 3356 1543 3429 Υἱῷ.
1607 3363 1732 3434 "Ap.
1791 3359 1926 3412 εἷπε·
1987 3355 2092 3411 Σὺν
2146 3354 2314 3429 Πατρὶ
2364 3353 2452 3409 καὶ
2514 3353 2624 3426 Υἲῷ
2680 3351 2741 3407 οὐ
2798 3353 3095 3428 γέγραπται
3154 3349 3398 3425 οὐδαμοῦ
3430 3353 3544 3426 (14)
3575 3351 3836 3424 τιμᾶσθαι

405 3441 469 3497 τὸ
502 3443 653 3518 ἅγιον
689 3446 927 3516 Πνεῦμα.

477 3534 564 3588 44.
625 3536 740 3596 Ἀθ.
797 3531 930 3587 εἶπε·
995 3531 1368 3604 Πεπλὰνησαι.
1421 3534 1609 3593 Ἡνίκα
1665 3534 1802 3592 εἶδεν
1849 3534 2065 3598 Ἠσαίας

2257 3535 2413 3591 180
2457 3536 2544 3590 44.
2593 3533 2717 3590 Ath.
2771 3534 2962 3590 Erras.
3017 3538 3159 3590 Cum
3219 3533 3466 3590 vidisset
3514 3533 3696 3588 Isaias
3728 3532 3843 3588 Do-

406 3621 505 3690 τήν
547 3617 702 3690 δόξαν
737 3622 960 3696 Κυρίου,
991 3621 1178 3677 καὶτὰ
1217 3621 1552 3699 στρατόπεδα
1593 3629 1702 3680 τῶν
1762 3625 1932 3702 ἁγίων
1985 3624 2071 3680 δυ·

409 3711 648 3782 νάμεων,
679 3709 733 3766 τί
789 3708 889 3788 ἔφη
943 3709 1120 3786 λέγειν
1184 3713 1398 3787 βοώσας
1449 3713 1500 3769 ἐν
1530 3721 1647 3778 ταῖς
1680 3714 1850 3778 θείαις
1883 3717 2067 3789 ὑμνῳ-

414 3795 588 3870 δίαιςς
639 3799 777 3876 Οὐχ,
818 3824 839 3851 ι
874 3803 1092 3875 ⁹Ἀγιος,
1155 3803 1331 3878 ἅγιος,
1388 3802 1580 3880 ἅγιος;
1617 3829 1644 3856 ››
1695 3806 1793 3860 Δια
1846 3805 1899 3860 τί
1948 3801 2071 3861 οὕτε

418 3887 670 3965 ἀνωτέρω
696 3894 793 3944 τοῦ
826 3891 1064 3965 ἀριθμοῦ
1091 3891 1288 3948 τούτου
1319 3892 1606 3949 ἐπανιόντα
1637 3897 1918 3969 ὑμνοῦσιν,
1948 3893 2071 3951 οὕτε

427 3979 502 4050 μὴ
554 3980 841 4055 κατωτέρω
887 3975 1254 4036 ὑποϐαίνοντα
1314 3987 1524 4054 μειοῦσι
1567 3985 1658 4038 τὸν
1709 3990 1891 4054 αῖνον;
1926 3987 2070 4040 Πάν-

419 4067 639 4138 τωςτῴ
677 4068 751 4140 μὴ
783 4067 932 4131 ἐκτὸς
989 4077 1089 4140 τῆς
1150 4068 1386 4147 Τριάδος
1445 4072 1599 4146 θέμις
1657 4074 1891 4147 τοιούτῳ
1942 4073 2074 4150 γέρᾳ

415 4156 884 4229 τιμηθῆναίτινα,
920 4161 1059 4232 μήτε
1109 4158 1405 4215 ἐλαττῶσαί
1456 4182 1574 4216 τινα
1616 4162 1708 4217 τὸν
1759 4162 1949 4236 ὕμνον,
1985 4161 2074 4217 διὰ

416 4246 518 4314 τήν
578 4245 727 4322 ἁγίαν
786 4247 872 4302 καὶ
935 4248 1198 4321 μακαρίαν
1258 4250 1486 4320 θεότητα
1552 4258 1650 4322 τῆς
1706 4249 1961 4328 Τριάδος,
2019 4251 2070 4306 έν

422 4332 614 4408 μονάδι
646 4334 806 4392 οὖσαν
838 4337 1077 4412 αὐτάρκη
1114 4342 1247 4413 (15).
1279 4341 1399 4396 Ἔτι
1441 4338 1497 4396 δὲ
1544 4341 1632 4396 καὶ
1680 4344 1882 4411 Μωσῆς
1924 4341 2072 4404 τίνος

414 4420 592 4480 ἕνεκεν
648 4426 738 4481 τὸν
799 4425 931 4482 λαὸν
988 4425 1214 4500 ἐδίδαξε,
1247 4429 1365 4506 τρὶς
1415 4430 1701 4504 κάμψαντα
1733 4431 1818 4486 ἐπὶ
1851 4439 1954 4507 γῆς
1985 4433 2076 4487 τὸν

416 4514 622 4591 αὐχένα
649 4516 739 4571 καὶ
769 4516 836 4572 τὰ
866 4517 1086 4592 γόνατα,
1119 4527 1527 4594 προσκυνῆσαι;
1562 4521 1635 4576 Οὐ
1685 4519 1773 4577 διὰ
1829 4523 1931 4591 τὴν
1978 4524 2076 4591 τῆς

418 4602 646 4681 Τριάδος
704 4607 1072 4682 προσκύνησιν
1127 4615 1227 4679 τῆς
1257 4609 1308 4664 ἐν
1347 4615 1445 4683 μνᾷ
1475 4610 1730 4682 θεότητι;
1766 4610 1936 4670 Ἀλλά
1986 4611 2076 4667 καὶ

421 4694 451 4750 ὁ
482 4694 745 4772 θεοφόρος
775 4694 988 4768 Ἠλίας,
1019 4697 1187 4773 τρίτῳ
1243 4701 1524 4778 φυσήματι
1582 4700 1776 4778 ἐγείρει
1824 4702 1915 4757 τὸν
1961 4703 2076 4757 υἱὸν

421 4791 520 4852 τῆς
549 4787 729 4862 χήρας
757 4805 770 4856 ;
807 4783 960 4842 οὐδὲν
992 4784 1173 4864 ἕτερον
1209 4785 1439 4858 δεικνὺς,
1471 4792 1505 4861 ἢ
1538 4793 1612 4864 μή
1665 4787 1913 4847 δύνασθαί
1965 4813 2083 4848 τινα

2181 3626 2326 3681 mini
2349 3623 2685 3697 gloriam,et
2714 3629 3056 3680 sanctarum
3076 3621 3365 3679 virtutum
3385 3621 3843 3691 exercitus,quid

2181 3715 2262 3771 ait
2291 3713 2447 3784 illas,
2480 3714 2632 3768 inter
2660 3709 2886 3768 divinas
2917 3712 3342 3782 laudes,dicere
3363 3711 3391 3766 ‘I
3424 3710 3681 3778 Nonne,«
3701 3710 3846 3765 San-

2181 3807 2845 3874 ctus,sanctus,sanctus
2863 3803 2904 3837 θί
2927 3801 2954 3856 ‘I
2977 3822 3005 3851 »
3037 3803 3226 3867 Quare
3238 3818 3311 3857 ne
3333 3799 3842 3856 numerumistum

2181 3896 2240 3951 in
2275 3895 2568 3951 cantando
2600 3895 3047 3965 transcendunt,
3081 3909 3186 3948 nec
3235 3892 3377 3964 quid
3411 3909 3479 3946 ex
3527 3907 3593 3946 eo
3642 3890 3846 3946 detra-

2182 3985 2670 4042 hunt?.Profecto
2701 4001 2770 4040 ea
2800 3985 2870 4040 de
2901 3999 3080 4039 causa
3129 3983 3285 4054 quod
3339 3984 3549 4052 praeter
3589 3979 3843 4034 Trinita-

2183 4079 2300 4130 tem
2333 4074 2504 4129 nefus
2537 4073 2615 4128 sit
2645 4089 3000 4144 quemquam
3031 4071 3376 4142 hujusmodi
3412 4069 3633 4126 honore
3665 4067 3843 4134 afﬁci,

2187 4169 2249 4219 ut
2278 4168 2331 4219 et
2355 4163 2495 4234 quid
2529 4179 2596 4218 ex
2617 4161 2716 4216 illo
2739 4161 2958 4234 hymno
2975 4161 3470 4232 detrahi,propter
3498 4164 3763 4214 sanctam
3787 4162 3846 4213 et

2185 4253 2416 4308 beatam
2438 4251 2744 4307 Trinitatis
2775 4249 3228 4314 divinitatem,in
3261 4247 3484 4303 unitate
3498 4246 3692 4318 seipsa
3715 4264 3822 4302 con

2187 4347 2404 4397 lentam
2418 4342 2622 4406 .Quam
2638 4339 2773 4393 item
2787 4338 2859 4393 ob
2874 4353 3103 4392 causam
3115 4337 3343 4408 Moyses
3357 4335 3633 4406 populum
3647 4335 3850 4390 docuit

2187 4431 2468 4486 cervicem
2502 4434 2559 4485 et
2587 4445 2781 4501 genua
2811 4432 2901 4484 ter
2930 4427 2989 4486 in
3021 4430 3178 4482 terra
3220 4424 3523 4493 ﬂectendo,
3557 4423 3846 4480 adorare?

2186 4521 2389 4576 Nonne
2420 4524 2486 4575 ut
2515 4517 2862 4574 Trinitatem
2913 4517 2972 4571 in
3025 4533 3144 4572 una
3196 4514 3437 4570 divitate
3485 4513 3846 4569 adorarent?

2194 4611 2382 4667 Deiter
2412 4624 2645 4682 quoque
2699 4607 2856 4663 Elias
2887 4610 3054 4661 terno
3106 4605 3306 4661 afﬂatu
3357 4601 3545 4659 ﬁlium
3592 4602 3779 4658 vidua:
3810 4620 3846 4660 ι

2191 4701 2443 4757 mortuis
2465 4699 2736 4755 excitavit
2756 4695 3148 4766 “,nihilaliud
3168 4693 3438 4750 indicans
3459 4708 3638 4765 quam
3661 4692 3844 4748 nemi-

2193 4806 2323 4846 nem
2361 4803 2532 4861 posse
2562 4792 2779 4843 aeterna
2804 4786 2924 4841 vita
2956 4784 3200 4856 dignum
3239 4781 3537 4851 aestimari,
3562 4781 3676 4838 nisi
3707 4781 3841 4854 quis

419 4880 519 4943 τῆς
548 4873 775 4930 αἰωνίου
808 4880 952 4946 ζωῆς
985 4876 1299 4949 ἀξιωθῆναι,
1334 4879 1380 4933 εἰ
1413 4880 1490 4953 μή
1525 4878 1628 4956 ἄρα
1684 4884 1898 4952 πρῶτον
1951 4880 2065 4936 ἀνα-

420 4960 442 4985 Ἷ
480 4965 524 4985 ΙΙ
728 4965 741 4984 ‘
815 4965 836 4985 ,ι
884 4964 896 4985 Ι
1099 4969 1205 4985 ιιηὶ
1311 4967 1324 4985 \
1366 4969 1377 4985 ι
1515 4969 1528 4985 Ι
1756 4971 1770 4985 ι
1809 4975 1835 4985 μ
2024 4971 2036 4985 \

2195 4880 2452 4953 primum
2484 4876 2793 4950 aequalem,
2842 4872 3403 4932 consubstantialem
3433 4870 3844 4943 viviﬁcamque

2187 4975 2228 4985 ο..
2267 4972 2276 4981 -
2332 4971 2363 4985 ι.
2418 4975 2426 4985 .
2570 4969 2581 4979 ι
2735 4967 2865 4985 ,-,-,
2932 4981 3031 4985 __-_
3083 4963 3467 4985 -_______.‘I_...
3523 4959 3836 4985 -..Ι-..-Δη-υ.

420 4960 655 5038 λήψεται
681 4965 780 5034 τήν
815 4964 1061 5039 ξ’σότιμον
1094 4969 1208 5041 (16)
1237 4967 1325 5022 καὶ
1358 4969 1650 5041 ὁμοούσιον
1683 4971 1772 5024 καὶ
1809 4971 2075 5040 ζωοποιὸν

418 5053 628 5129 Τριαδα
687 5053 776 5110 διὰ
829 5062 928 5126 τῆς
987 5051 1436 5130 σεϐασμιωτάτης
1496 5058 1727 5115 πίστεως
1783 5058 1835 5114 έν
1897 5063 2078 5136 ψυχῇ,

413 5142 539 5212 ἥτις
584 5145 754 5219 πυρὸς
823 5142 979 5216 δίκην
1039 5145 1316 5202 ἀναλίσκει
1373 5149 1439 5203 τὰ
1494 5149 1653 5226 νεκρὰ
1701 5151 1872 5204 πάντα
1926 5151 2078 5205 πταί-

413 5253 613 5304 σματα,
646 5234 713 5288 τὰ
768 5239 1059 5312 νικροῦντα
1116 5237 1211 5306 τὴν
1273 5239 1481 5314 ψυχήν,
1531 5240 1620 5294 καὶ
1672 5244 1932 5309 ζωοποιεῖ
1974 5240 2073 5308 τὴν

410 5321 751 5395 κεκτημένην
807 5323 972 5394 αὐτὴν
1024 5322 1200 5381 ἂίδιον
1251 5329 1396 5398 ζωήν
1426 5346 1439 5398 ;
1473 5327 1646 5386 Ἀλλά
1678 5330 1786 5403 μὴν
1835 5329 1925 5384 καὶ
1979 5329 2072 5384 τὸν

489 5521 534 5557 ⁸⁸
561 5522 686 5580 Act.
720 5539 778 5591 ν,
810 5524 864 5580 4.

519 5706 608 5778 13)
640 5703 820 5761 Basil.
853 5708 911 5778 et
937 5705 1107 5778 Angl,
1140 5705 1326 5778 ἡμῶν.

524 5706 586 5762 l3
640 5706 820 5761 Basil.
853 5708 911 5760 et
937 5706 1106 5778 Angl.
1140 5706 1326 5777 ἡμῶν.

524 5706 611 5852 1ιέ
642 5784 818 5851 Aug.,
851 5775 1018 5834 εἶπεν
1047 5777 1116 5834 Δὶ
1146 5775 1293 5857 ἁγίαι
1323 5778 1528 5860 Γραφαὶ
1560 5778 1824 5861 οὐδαμοῦ.

2187 4971 2532 5026 Trinitatem
2566 4969 2628 5024 in
2678 4967 2878 5024 anima
2930 4981 3033 5038 per
3083 4963 3472 5020 venerandam
3522 4959 3841 5016 admodum

2189 5061 2362 5116 {idem
2397 5053 3462 5130 receperit,quzeignisinstar,mortua
3491 5047 3688 5106 omnia
3709 5063 3842 5119 pee-

2185 5159 2336 5219 cata,
2371 5169 2498 5224 quae
2531 5151 2792 5206 animam
2823 5146 3192 5213 interimunt,
3209 5141 3844 5211 consumit,ipsamque

2182 5241 2455 5308 viviﬁcat,
2483 5258 2610 5313 quae
2642 5244 2918 5294 aeternam
2953 5235 3132 5290 vitam
3156 5239 3326 5288 nacta
3347 5237 3436 5288 est
3457 5231 3484 5285 ‘?
3515 5227 3845 5293 Quinetiam

2185 5346 2291 5386 nec
2325 5330 2495 5386 aliter
2523 5327 2784 5402 potuerit
2815 5324 3111 5382 christifer
3137 5320 3357 5378 Paulus
3386 5320 3457 5377 ad
3490 5316 3728 5374 tertium
3752 5331 3847 5372 us-

967 5524 1012 5560 ⁸⁰
1044 5525 1091 5581 ΙΙ
1121 5524 1328 5583 Thess.
1364 5543 1446 5599 III,
1477 5527 1531 5584 5.
1609 5529 1654 5566 ⁹⁰
1685 5530 1868 5588 Exod.
1898 5546 1992 5600 xx,
2023 5531 2059 5587 2

2176 5530 2201 5565 ’ί
2234 5527 2347 5585 Isa.
2379 5544 2454 5584 v1.
2489 5527 2542 5582 3.
2620 5525 2664 5561 ⁸³
2697 5523 2772 5580 ΙΙΙ
2804 5523 2944 5595 Reg.
2977 5535 3114 5587 xvn,
3143 5518 3236 5573 21.

2405 5711 2546 5798 ᾼυε.
2577 5705 2922 5798 αὐτάρκειαν.
2956 5701 3089 5759 Mox
3115 5698 3294 5771 idem,
3323 5692 3658 5769 κάμψαντας.

2263 5711 2372 5855 (1ὗέ
2405 5711 2546 5780 Aug.
2577 5711 2922 5798 αὐτάρκειαν.
2959 5711 2972 5758 l

2260 5781 2351 5856 (16
2403 5788 2553 5855 Aug.
2583 5796 2684 5850 την
2722 5770 2972 5846 ισότητα.
