4170 6356
345 457 464 518 499

1513 457 1574 514 S.
1626 457 2148 520 ATHANASIUS.
2182 493 2259 503 —
2289 460 2602 522 SPURIA.

3653 465 3772 525 500

350 604 464 660 que
495 587 1048 669 ccelum'ascenderc;
1069 585 1179 642 nisi
1206 587 1382 642 euoin
1411 593 1640 658 pectore
1666 588 2004 644 retinuisset

2123 589 2483 665 χριστοφόρον
2519 589 2731 646 Παῦλον
2765 593 2841 666 μή
2888 591 3073 656 ἄλλως
3123 591 3441 664 δεδυνῆσθαι
3496 591 3601 657 ἕως
3648 594 3769 672 τρί-

353 661 783 734 indeﬁcientem
807 682 864 732 et
884 665 1447 733 consubstantialem
1472 678 1780 734 Trinitatis
1803 679 2000 734 ﬁdem.

351 768 587 823 Scilicet
619 767 960 838 hujusmodi
1010 766 1274 837 exemplo
1322 767 1582 823 indicare
1637 767 1818 822 voluit
1849 768 2005 824 Deus

353 861 647 916 neminem
680 860 740 914 in
774 875 1017 931 regnum
1049 858 1324 913 ccelorum
1360 875 1530 930 posse
1565 858 2005 931 pervenire,nisi

358 951 458 1024 qui
491 967 614 1007 eam
646 949 951 1023 amplexus
979 949 1153 1004 fuerit
1186 950 1516 1022 ﬁdem,quze
1549 951 1607 1004 in
1642 951 1820 1007 Paulo
1843 951 2008 1007 habi-

357 1039 520 1094 tavit.
557 1037 703 1102 Quid
737 1054 870 1093 vero
901 1037 1108 1109 loquar
1138 1038 1208 1092 de
1247 1037 1474 1092 viviﬁco
1500 1043 1557 1094 et
1605 1039 2008 1095 sanctiﬁcante

359 1146 423 1184 ac
456 1131 824 1200 peccatorum
858 1126 1265 1182 remissionem
1303 1127 1594 1200 praebente
1625 1128 2008 1196 lavacro,sine

357 1235 472 1291 quo
504 1234 676 1275 nemo
707 1217 929 1272 videbit
955 1233 1202 1289 regnum
1234 1217 1511 1272 orelorum
1535 1217 1562 1272 ‘?
1593 1220 1799 1273 Annon
1833 1219 1891 1273 in
1921 1223 2012 1274 ter

355 1307 697 1364 beatissima
719 1307 1160 1362 nomenclatura
1185 1305 1456 1361 ﬁdelibus
1489 1307 1661 1362 datur
1682 1306 1710 1361 ?
1735 1308 1893 1362 Adde
1917 1307 2010 1364 bis

358 1397 633 1453 omnibus
653 1396 806 1467 quod
837 1395 1214 1450 aitJoannes:
1236 1393 1738 1451 «Etbitresunum
1765 1395 2008 1450 suntin.»

358 1484 520 1562 καρίᾳ
581 1481 846 1556 ὀνομασίᾳ
904 1480 1109 1538 δίδοται
1144 1484 1254 1557 (19)
1284 1487 1399 1544 τοῖς
1455 1488 1708 1552 πιστοῖς;
1745 1484 1887 1560 Πρὸς
1947 1480 2003 1539 δὲ

359 1573 517 1630 εἰσιν.
551 1597 578 1626 ››

430 1664 775 1722 45.Αν.νοι·θ
804 1663 961 1719 beati
983 1679 1189 1721 omnes
1219 1665 1320 1736 qui
1353 1662 1528 1719 ﬁdem
1555 1665 1727 1720 istam
1769 1664 2008 1734 habent,

360 1770 607 1826 eamque
634 1754 703 1809 ad
738 1757 987 1808 mortem
1019 1769 1208 1825 usque
1246 1753 1620 1820 conﬁtentur,
1670 1757 1727 1808 et
1767 1753 2007 1826 dignam

361 1846 489 1917 ipsa
519 1843 697 1898 vitam
729 1841 1055 1915 aguntEgo
1085 1842 1241 1898 enim
1276 1858 1430 1898 nunc
1465 1842 1736 1913 revixi,ex
1761 1841 2010 1897 mortuis

363 1935 668 1989 excitatus.
714 1935 940 1987 Mortua
986 1930 1277 2003 siquidem
1332 1947 1423 1986 res
1473 1935 1562 1987 est
1621 1946 1803 1997 error,
1854 1946 2010 2000 eum,

2124 1930 2229 2005 έγὼ
2302 1929 2533 2001 ἀνέζησα
2610 1932 2838 1994 ἀναστὰς
2913 1933 2972 1988 ἐκ
3040 1935 3263 2008 νεκρῶν.

364 2039 539 2098 quem
573 2026 818 2094 occupat
847 2022 1139 2085 occidens.
1174 2022 1553 2094 animamque
1588 2022 1714 2092 ejus
1746 2022 1842 2094 qui
1877 2038 2011 2076 cum

362 2111 465 2168 illo
511 2111 798 2183 ambulat,
850 2110 932 2166 ita
979 2111 1156 2166 afﬁcit
1203 2116 1268 2166 ut
1313 2111 1700 2183 impudicitiis
1750 2111 2015 2182 inquine-

363 2207 485 2270 tur,
541 2201 835 2272 efﬁcitque
878 2217 951 2256 ne
1008 2200 1176 2272 signa
1223 2210 1448 2254 aeternae
1491 2200 1648 2271 vitae,
1717 2217 1845 2272 quae
1881 2204 2015 2257 ante

365 2291 567 2348 oculos
631 2293 882 2354 exstant,
941 2289 1118 2345 homo
1189 2294 1506 2361 cognoscat
1572 2307 1584 2345 :
1635 2290 1790 2344 unde
1856 2290 2011 2344 futu-

362 2397 492 2438 rum
519 2384 695 2449 esset;
728 2382 792 2434 ut
824 2393 928 2434 nec
958 2383 1203 2434 mortem
1238 2379 1588 2446 deseret-em,
1609 2395 1711 2434 nec
1745 2379 1813 2434 ad
1839 2379 2012 2435 ﬁdem

359 2470 651 2528 viviﬁcam
685 2468 1022 2524 accederem
1047 2469 1330 2541 (17).Cum
1363 2468 1516 2523 enim
1535 2468 1709 2524 homo
1733 2469 1810 2524 sit
1833 2486 2010 2538 unus,

357 2576 537 2616 unam
553 2559 762 2614 debere
777 2557 952 2613 habet
967 2557 1142 2612 ﬁdem
1165 2562 1394 2614 aeternas
1416 2562 1472 2613 et
1495 2574 1596 2614 con
1608 2558 2014 2615 substantialis

354 2647 674 2705 Trinitatis.
715 2647 777 2704 In
811 2646 911 2701 illa
941 2647 1097 2703 enim
1129 2645 1571 2715 inﬁdelitate,ex
1602 2665 1716 2720 qua
1749 2663 1839 2703 me
1862 2647 2013 2703 Deus

357 2739 592 2811 eripuit,
629 2753 742 2794 non
776 2753 894 2792 una
927 2737 1092 2804 ﬁdes,
1126 2737 1226 2792 sed
1261 2741 1379 2792 tres
1433 2739 1860 2808 praedicantur;
1897 2755 2015 2794 una

359 2844 570 2900 nempe
601 2827 672 2882 de
702 2830 872 2882 Patre
901 2831 1134 2896 aeterno,
1169 2825 1283 2882 alia
1312 2827 1382 2882 de
1413 2827 1556 2882 Filio
1605 2833 1820 2895 creato,
1843 2827 2014 2883 tertia

359 2918 431 2973 de
463 2917 684 2989 Spiritu
719 2915 978 2972 facto.Ex
1009 2916 1225 2988 quibus
1257 2916 1637 2972 manifestum
1669 2917 2011 2984 est,nullam

359 3006 597 3063 omnino
628 3005 747 3060 illic
780 3005 954 3060 ﬁdem
986 3020 1114 3061 esse
1146 3022 1213 3062 ex
1245 3004 1767 3071 multis.Quocirca
1797 3007 2013 3078 gratias

359 3111 467 3169 ago
499 3099 712 3151 sanctae
742 3094 1014 3150 Trinitati
1049 3113 1061 3150 :
1097 3094 1343 3160 Patrem,
1379 3094 1586 3150 Filium
1621 3099 1679 3150 et
1725 3096 2011 3167 Spiritum

359 3189 630 3241 sanctum
650 3184 718 3240 ad
730 3185 990 3241 oro.Jam
1009 3182 1729 3257 ergo,cbarissime,simul
1753 3201 2009 3242 oremus.

356 3276 472 3348 Ego
505 3277 662 3330 enim
695 3272 961 3344 deposita
990 3273 1188 3328 omnia
1227 3273 1440 3330 erroris
1484 3272 1853 3347 indumenta,
1908 3274 2007 3331 Dei
2041 3310 2085 3378 Ο
2123 3277 2342 3346 Πνεῦμα
2379 3314 2390 3329 .

354 3363 780 3434 misericordia,
813 3362 1021 3434 abjeci.

423 3543 512 3598 46.
573 3541 695 3598 Ath.
744 3541 953 3598 Gestas
999 3539 1191 3596 adhuc
1258 3539 1473 3597 erroris
1541 3540 2011 3611 indumentum;

352 3632 455 3688 sed
480 3631 529 3688 si
560 3629 712 3704 grati
743 3629 922 3686 animi
957 3646 1042 3695 es,
1075 3629 1129 3683 id
1165 3645 1296 3684 cum
1328 3628 1550 3686 caeteris
1582 3633 1891 3703 apostasia:
1922 3650 2006 3688 re-

355 3723 468 3778 bus
499 3720 794 3793 projicies,
827 3724 1084 3789 tuncque
1115 3718 1289 3775 simul
1325 3735 1491 3775 orare
1534 3722 1879 3793 poterimus.
1913 3721 2008 3778 Ar.

357 3810 480 3867 Nisi
508 3810 562 3865 id
590 3809 733 3864 mihi
758 3808 1130 3880 liquidissme
1160 3807 1688 3878 declaraveris,non
1704 3811 1848 3865 mihi
1873 3827 2008 3865 con-

360 3901 520 3954 scius
551 3916 681 3955 sum
708 3898 1031 3969 quidquam
1057 3897 1285 3952 furiosae
1312 3897 1722 3956 illiusbmresis
1742 3901 2009 3954 retinere.

363 3989 484 4044 Ath.
519 3991 725 4043 Annon
758 3987 864 4042 tibi
894 3987 1123 4042 videtur
1143 3987 1304 4055 cleri,
1345 3993 1409 4042 ut
1448 3993 1676 4056 vocant,
1729 3989 2008 4061 dignitas,

362 4095 490 4148 quae
510 4077 612 4132 tibi
647 4077 720 4132 ab
742 4076 944 4131 haeresi
978 4076 1113 4130 data
1130 4081 1374 4136 est.esse
1392 4094 1530 4149 pars
1558 4078 1773 4132 erroris
1797 4094 1808 4143 ;
1833 4077 2012 4147 idque

361 4166 614 4239 speciem
648 4165 886 4237 quidem
916 4165 1152 4237 pietatis
1203 4166 1342 4222 foris
1391 4183 1507 4238 prae
1539 4183 1600 4222 se
1648 4167 1817 4228 ferre,
1853 4166 2012 4220 intus

360 4259 554 4310 autem
591 4254 829 4326 plenum
862 4271 990 4310 esse
1020 4254 1360 4325 impietatis,
1394 4257 1476 4310 ita
1507 4259 1572 4309 ut
1603 4255 1776 4309 homo
1807 4255 2012 4327 gigan-

356 4345 448 4400 taai
483 4343 728 4416 spiritus
751 4345 853 4398 ﬁat
874 4341 1556 4415 instrumentum,parati
1573 4344 1641 4398 ad
1668 4343 1883 4398 bellum
1911 4345 2011 4400 ad-

355 4450 562 4489 versus
588 4433 771 4488 Deum
807 4431 1114 4505 sacrilegio
1144 4432 1592 4504 suscipiendum
1617 4432 1645 4486 ?
1673 4433 1766 4488 Ar.
1801 4432 1930 4488 Tibi
1951 4434 2010 4489 in

358 4520 670 4594 prementia
700 4522 994 4593 proﬁteor,
1031 4523 1186 4592 quod
1219 4538 1333 4578 non
1375 4520 1710 4594 acquiescet
1751 4524 2009 4592 animus,

359 4612 471 4668 nisi
505 4613 675 4666 istam
723 4627 880 4665 vanae
930 4609 1125 4683 gloriae
1170 4611 1540 4683 tyrannidem
1591 4610 1900 4684 diligenter
1941 4629 2006 4668 ex

2111 698 2208 732 του
2267 679 2495 755 οὐρανοῦ
2541 680 2952 754 ἀνεληλυθέναι,
2985 683 3029 738 εἰ
3091 685 3166 756 μή
3229 684 3484 755 ἐκέκτητο
3528 684 3580 739 έν
3622 687 3773 763 στέρ-

2113 787 2229 828 νοις
2286 768 2450 822 αὐτοῦ
2499 770 2599 838 τὴν
2649 777 2749 840 τῆς
2795 770 3024 847 Τριάδος
3056 771 3404 829 ἀνέκλειπτον
3447 774 3536 828 καὶ
3567 775 3768 848 ὁμοσύ-

2116 877 2230 911 σιον
2290 856 2489 912 πίστιν⁹
2540 859 2568 913 ὁ
2626 859 2756 922 Θεὸς
2809 860 3149 936 βουλόμενος
3202 859 3462 918 δεικνύναι
3532 861 3622 919 διὰ
3676 869 3772 920 τοῦ

2116 945 2366 1001 τοιούτου
2425 949 2768 1024 πράγματος,
2815 947 3024 1022 μηδένα
3078 951 3348 1007 εἰσελάσαι
3379 955 3489 1026 (48)
3523 949 3774 1008 δύνασθαι

2118 1035 2193 1098 εἷς
2227 1037 2325 1104 τὴν
2371 1041 2480 1091 τῶν
2541 1037 2780 1112 οὐρανῶν
2817 1039 3118 1115 βασιλείαν,
3147 1041 3238 1096 τὸν
3281 1040 3340 1096 έκ
3393 1049 3493 1110 τῆς
3543 1043 3775 1104 πίστεως

2116 1131 2216 1195 τῆς
2277 1124 2634 1198 ὲνοικησάσης
2696 1127 2747 1182 ἐν
2809 1128 3010 1202 Παύλῳ
3063 1132 3139 1203 μὴ
3189 1133 3473 1206 γεγονότα.
3506 1131 3566 1186 Τί
3600 1129 3657 1187 δὲ
3687 1132 3774 1187 καὶ

2118 1214 2181 1268 τὸ
2229 1222 2332 1284 τῆς
2384 1215 2623 1294 ἀφέσεως
2671 1221 2778 1273 τῶν
2813 1220 3094 1292 ἁμαρτιῶν
3121 1221 3467 1297 παρεκτικὸν,
3501 1220 3591 1276 καὶ
3635 1227 3776 1291 ζωο-

2119 1305 2300 1371 ποιὸν,
2333 1305 2422 1359 καὶ
2457 1307 2762 1381 άγιαστικὸν
2803 1306 3056 1384 λουτρὸν,
3090 1310 3151 1363 οὗ
3202 1309 3378 1387 χωρὶς
3430 1308 3608 1373 οὐδεὶς
3660 1306 3780 1384 ὅψε-

2118 1393 2207 1448 ταί
2263 1394 2362 1462 τήν
2427 1392 2704 1470 βασιλείαν
2763 1401 2868 1450 τῶν
2930 1398 3190 1473 οὐρανῶν,
3226 1399 3324 1454 οὐκ
3365 1399 3414 1454 έν
3447 1403 3515 1474 τῇ
3547 1421 3777 1474 τρισμα-

2063 1482 2278 1546 τούτοις
2330 1489 2491 1539 πᾶσιν
2548 1485 2804 1557 Ἰωάννης
2865 1487 3072 1564 φάσκει·
3111 1510 3132 1538 ι
3167 1489 3264 1543 Καὶ
3297 1491 3351 1544 οἱ
3407 1495 3554 1566 τρεῖς
3613 1490 3675 1545 τὸ
3725 1487 3781 1545 ’έν

2193 1665 2281 1719 45.
2316 1664 2439 1739 Ἀρ.
2475 1669 2646 1718 εῖπενο
2693 1663 2948 1735 Ἀληθῶς
2997 1687 3253 1743 μακαριοι
3303 1667 3497 1731 πάντες
3527 1669 3577 1724 οἱ
3620 1667 3779 1745 ἔχον-

2120 1772 2207 1814 τες
2233 1751 2434 1823 ταύτην
2466 1753 2566 1822 τήν
2614 1753 2812 1827 πίστιν,
2844 1757 2932 1809 καὶ
2983 1753 3088 1818 ἕως
3147 1757 3375 1820 θανάτου
3433 1756 3780 1834 ὁμολογοῦν-

2118 1862 2208 1903 τες
2266 1841 2456 1910 αὐτὴν,
2489 1842 2578 1897 καὶ
2611 1844 2772 1914 ἀξίως
2818 1843 2986 1914 αὐτῆς
3044 1842 3490 1921 πολιτευόμενον
3522 1851 3614 1901 νῦν
3674 1848 3778 1924 γὰρ

3347 1939 3522 2011 Νεκρὰ
3589 1937 3690 2014 γάρ
3742 1940 3778 2007 ἡ

2122 2019 2331 2090 πλάνη,
2389 2020 2480 2076 καὶ
2537 2026 2800 2094 νεκροῦσα
2855 2023 2944 2077 τὸν
3027 2025 3359 2097 κεκτημένον
3447 2025 3636 2095 αὐτὴν,
3690 2027 3780 2081 καὶ

2125 2107 2456 2185 ρυθμίζουσα
2481 2112 2580 2181 τήν
2613 2113 2800 2186 ψυχὴν
2843 2117 2940 2167 τοῦ
2983 2111 3503 2192 ωνοδοιποροῦντος
3557 2115 3690 2189 αὐτῇ
3725 2114 3775 2170 έν

2122 2197 2425 2274 ἀσελγείαις
2483 2199 2738 2278 φύρεσθαι
2798 2204 2934 2275 (20),
2983 2205 3120 2279 πρὸς
3166 2205 3230 2258 τὸ
3286 2206 3411 2280 παρ’
3467 2203 3776 2284 ὀφθαλμοῖς

2125 2290 2268 2357 ζωῆς
2301 2287 2524 2344 αίωνίου
2555 2284 2810 2362 σύμϐολα
2839 2292 2912 2364 μή
2945 2293 3310 2368 γνωρισθέντα
3356 2295 3491 2370 πρὸς
3541 2299 3638 2350 τοῦ
3689 2295 3779 2348 ἀνα

2123 2379 2366 2452 θρώπου,
2421 2382 2533 2453 (21)
2579 2379 2903 2455 καταλεῖψαί
2962 2403 3029 2456 με
3081 2383 3172 2438 τὸν
3235 2384 3478 2452 θάνατον,
3534 2384 3624 2439 καὶ
3679 2384 3778 2454 τὴν

2122 2467 2286 2523 αὐτοῦ
2321 2470 2583 2545 θυγατέρα
2629 2468 2868 2542 πλάνην,
2901 2477 3321 2544 προσοικειῶσαι
3381 2470 3439 2528 δὲ
3496 2475 3683 2529 ἑαυτὸν
3713 2475 3784 2546 τῇ

2126 2562 2382 2630 ζωοποιῷ
2427 2557 2624 2616 πίστει.
2659 2564 2749 2621 Εἷς
2806 2560 2909 2637 γὰρ
2971 2558 3043 2615 ὢν
3075 2563 3101 2616 ὁ
3135 2560 3443 2638 ἄνθρωπος,
3477 2562 3603 2636 μίαν
3635 2561 3780 2636 ἔχειν

2127 2645 2336 2724 ὀφείλει
2367 2646 2546 2702 πίστιν
2577 2655 2678 2718 τῆς
2708 2648 2933 2705 αἰωνίου
2963 2651 3053 2707 καὶ
3087 2652 3384 2724 ὁμοουσίου
3415 2651 3664 2727 Τριάδος.
3696 2656 3780 2726 Ἐξ

2121 2739 2186 2806 ἧς
2217 2737 2320 2812 γὰρ
2353 2735 2613 2813 ἐῤῥύσατὸ
2648 2759 2713 2812 με
2746 2739 2773 2794 ὁ
2814 2739 2944 2802 Θεὸς
2995 2741 3265 2809 ἀπιστίας,
3301 2741 3364 2794 ού
3425 2741 3521 2814 μία
3575 2742 3779 2810 πίστις,

2124 2823 2270 2880 ἀλλά
2317 2832 2462 2902 τρεῖς
2513 2828 2936 2903 ὁμολογοῦνται,
2972 2830 3090 2890 ἑνὸς
3125 2831 3219 2901 μὶν
3275 2830 3482 2903 Πατρὸς
3532 2830 3776 2900 αἰωνίου,

2123 2916 2307 2987 ἑτέρου
2341 2913 2398 2970 δὲ
2426 2921 2645 2972 κτιστοῦ
2676 2919 2827 2986 Υἱοῦ,
2857 2917 2947 2971 καὶ
3004 2917 3313 2988 Πνεύματος
3371 2917 3773 2990 πεποιημένου.

2119 3010 2214 3060 Ἐκ
2269 3003 2325 3060 δὶ
2371 3006 2578 3061 τούτων
2638 3002 2949 3075 κατάδηλόν
3007 3003 3115 3059 ἔστι
3153 3006 3227 3079 μή
3262 3011 3396 3061 εἶναι
3428 3007 3607 3061 πίστιν
3668 3006 3779 3062 ἐκεῖ

2123 3092 2181 3149 ἐκ
2209 3092 2436 3151 πολλῶν
2490 3091 2629 3166 μηδέ
2681 3090 2831 3165 μίαν.
2865 3093 3006 3169 Ἐγὼ
3065 3093 3155 3148 οὖν
3217 3093 3526 3172 εὐχαριστῶ
3554 3099 3623 3171 τῇ
3656 3095 3779 3172 ἁγίᾳ

2119 3181 2309 3261 Τριάδι
2346 3230 2362 3257 ,
2419 3186 2706 3259 προσκυνῶ
2778 3182 2990 3259 Πατέρα
3023 3227 3037 3254 ,
3094 3184 3182 3238 καὶ
3245 3185 3363 3240 ι’ἱὸν
3400 3229 3414 3256 ,
3467 3186 3557 3240 καὶ
3630 3187 3778 3260 ἅγιον

2453 3270 2673 3340 Λοιπὸν,
2735 3272 3003 3347 ἀγαπητὶ,
3067 3276 3176 3348 ἅμα
3243 3273 3520 3349 εὖξώμεθα
3555 3319 3567 3332 .
3634 3274 3778 3352 Ἐγὼ

2121 3361 2247 3439 γὰρ,
2297 3361 2471 3416 πάντα
2525 3361 2592 3415 τὰ
2651 3357 2922 3437 ἐνδύματα
2954 3370 3054 3434 τῆς
3084 3362 3295 3435 πλάνης
3344 3362 3778 3440 ἀποδυσάμενος,

2121 3450 2393 3528 ἀπέρριψαι
2425 3446 2514 3504 διὰ
2540 3455 2638 3506 τοῦ
2671 3449 2970 3526 έλεήμονος
3003 3456 3156 3508 Θεοῦ.

2192 3543 2278 3597 46.
2340 3541 2455 3596 Ἀθ.
2517 3545 2685 3594 εἶπεν·
2747 3542 2957 3615 Ἃκμὴν
3021 3539 3098 3597 ἔτι
3158 3537 3363 3615 ἔνδυμα
3419 3545 3532 3616 (22)
3591 3548 3777 3620 φορεῖς

2119 3635 2218 3699 τῆς
2248 3627 2482 3698 πλάνης-
2514 3631 3061 3705 συνευγνωμονιςσαις
3094 3630 3268 3707 ῥίψεις
3318 3631 3406 3685 καὶ
3453 3630 3583 3685 αὐτὸ
3640 3630 3778 3705 πρὸς

2118 3723 2237 3781 τοῖς
2297 3716 2517 3781 λοιποῖς
2573 3725 2674 3788 τῆς
2721 3718 3050 3782 ἀποστασίας
3079 3721 3386 3796 πράγμασι,
3413 3719 3503 3774 καὶ
3552 3716 3776 3789 δυνησό-

2125 3817 2260 3880 μεθα
2319 3805 2405 3860 ἐπὶ
2458 3807 2521 3861 τὸ
2579 3807 2709 3862 αὐτὸ
2761 3805 3027 3877 εὔξασθαι.
3091 3809 3214 3884 Ἀρ.
3274 3813 3453 3864 εἶπεν·
3512 3809 3635 3865 Ἐὰν
3700 3809 3772 3880 μή

2126 3917 2221 3969 μοι
2322 3895 2526 3974 φράσῃς
2625 3897 3094 3975 ἀκραιφνεστάτως
3129 3942 3144 3969 ,
3235 3898 3296 3952 οὐ

2121 3984 2341 4058 ἐμαυτῷ
2397 3982 2542 4062 ἔχειν
2599 4007 2653 4039 τι
2709 3993 2810 4055 τῆς
2874 3984 3178 4059 μανιώδους
3236 3987 3494 4062 αἱρέσεως
3545 3986 3774 4056 ἐκείνης.

2122 4076 2238 4139 Ἀθ.
2298 4081 2435 4130 εἷπε·
2484 4077 2598 4144 Τὴν
2655 4080 2753 4131 τοῦ
2809 4074 3156 4151 καλουμένου
3210 4074 3425 4152 κλήρου
3474 4076 3619 4148 ἀξίαν
3676 4079 3775 4146 την

2120 4164 2256 4240 πρὸς
2282 4167 2381 4233 τῆς
2413 4165 2671 4238 αἱρέσεως
2702 4163 2998 4240 δεδομένην
3033 4187 3118 4222 σοι
3149 4165 3211 4221 οὐ
3260 4163 3410 4222 δοκεῖ
3455 4187 3539 4221 σοι
3584 4165 3776 4241 μόριον

2122 4259 2254 4308 εἶναι
2310 4260 2410 4321 τῆς
2469 4254 2704 4324 ἀπάτης,
2735 4251 2928 4324 ἔξωθεν
2989 4255 3083 4329 μὲν
3131 4253 3410 4310 δεικνύντα
3459 4261 3654 4330 σχῆμα
3692 4253 3776 4309 εὐ-

2121 4337 2354 4412 σεϐείας,
2389 4341 2581 4397 ἔσωθεν
2615 4339 2674 4396 δὲ
2717 4342 2910 4414 μεστὸν
2941 4343 3276 4418 τυγχάνοντα
3307 4341 3614 4420 δυσφημίας
3642 4345 3777 4415 (23),

2122 4432 2196 4493 ὡς
2253 4437 2389 4485 εἶναι
2441 4430 2532 4484 τὸν
2591 4430 2876 4502 ἄνθρωπον
2934 4427 3163 4506 ὄργανον
3241 4431 3548 4503 τωεύματος
3601 4429 3780 4505 γίγαν-

2119 4521 2297 4577 τιαίου
2355 4520 2492 4595 πρὸς
2543 4519 2850 4596 θεομαχίαν
2893 4519 2962 4595 τῇ
3009 4518 3291 4596 ἱεροσυλίᾳ
3345 4516 3606 4592 geonum;
3651 4520 3773 4594 Ἀρ.

2122 4619 2289 4668 εἶπεν·
2325 4611 2624 4688 Ὁμολογῶ
2683 4633 2768 4666 σοι
2828 4611 2916 4667 ἐπὶ
2973 4615 3072 4667 τοῦ
3127 4609 3418 4687 παρόντος,
3452 4609 3512 4664 οὐ
3559 4631 3773 4666 συνεπι-

2346 3230 2362 3257 θ

3392 3898 3776 3970 συνεπίσταμαι

362 4700 561 4756 anima
624 4715 754 4755 mea
815 4700 1108 4770 ejecerim.
1170 4700 1299 4754 Μὴ.
1368 4699 1571 4771 Itaque
1614 4700 1666 4757 si
1731 4703 1877 4758 181
1932 4718 2010 4758 er-

2123 4698 2315 4758 δίδωσί
2365 4722 2469 4775 μου
2513 4685 2566 4770 ἡ.
2599 4701 2777 4777 ψυχὴ,
2812 4699 2858 4757 εἴ
2915 4700 2991 4774 μὴ
3044 4701 3147 4776 ἄρα
3199 4685 3288 4754 καὶ
3348 4700 3392 4755 εἰ
3450 4700 3633 4774 σκέψει
3665 4702 3777 4773 (24)

361 4790 511 4848 roris
532 4792 726 4862 partes
777 4805 914 4846 cum
960 4791 1176 4845 virtute
1227 4789 1563 4848 consentire
1609 4808 1724 4848 non
1768 4797 2012 4864 queunt,

362 4879 549 4936 multo
582 4878 768 4952 magis
798 4878 1032 4933 virtutis
1063 4883 1121 4933 et
1150 4877 1410 4935 veritatis
1455 4884 1653 4952 partes
1690 4898 1823 4937 cum
1859 4897 2014 4938 erro-

362 4971 446 5026 ris
493 4968 761 5042 partibus
807 4966 1116 5023 convenire
1165 4983 1281 5023 non
1326 4973 1593 5041 possunt.
1648 4971 2018 5028 Mendacium

360 5059 518 5117 enim
564 5059 911 5114 adversatur
983 5054 1236 5126 veritati,
1305 5063 1362 5113 et
1423 5058 1634 5117 veritas
1689 5060 2014 5118 mendacio.

429 5250 474 5287 ⁸³
505 5249 530 5306 ῐ
556 5248 728 5307 Joan.
760 5261 816 5316 ν,
847 5246 902 5302 7.

456 5458 546 5526 17)
579 5460 768 5512 Docus
783 5453 1109 5526 obscurus.

455 5523 543 5596 18)
573 5531 718 5600 Aug.
753 5523 935 5600 εἷσελη
964 5523 1181 5600 -υθέναμ

459 5593 543 5670 19)
580 5593 1113 5671 ΙιαἬθεὶυεζ-Είίἱιί
1145 5613 1276 5652 vero
1309 5599 1363 5651 et
1395 5595 1537 5667 aliii,
1599 5593 1832 5654 δέδοται.
1866 5599 2012 5656 Ibid.

360 5667 605 5746 Augustf
637 5667 852 5746 πιστοῖς
882 5669 916 5737 ἡ
943 5667 1144 5746 ἄφεσις.

579 5743 725 5814 Aug.
767 5738 855 5793 καὲ
889 5736 1164 5814 ’νεκξοῦσα
1205 5737 1337 5814 ’τοὺς
1387 5736 1796 5814 δμο-λογοῦντας
1847 5740 2011 5811 αὐτὴν

362 5808 452 5867 καῖ
484 5808 814 5889 ῥυθμίζουσα
843 5811 940 5878 την
966 5808 1279 5886 ὁδοιπορίαν
1313 5809 1364 5864 έν
1394 5808 1718 5890 ἀσελγείαις.

2126 4790 2308 4864 ἐξώσω
2359 4790 2448 4846 καὶ
2492 4789 2694 4862 ταύτην
2740 4791 2838 4860 τήν
2883 4787 3175 4866 τυραννίδα
3218 4795 3318 4859 τῆς
3363 4787 3672 4861 κενοδοξίας
3719 4788 3778 4844 ἐκ

2125 4887 2226 4950 τῆς
2285 4883 2470 4956 ψυχῆς
2535 4901 2662 4955 μου.
2716 4881 2835 4945 Ἀθ.
2896 4885 3060 4936 εἶπεν⁶
3122 4877 3186 4936 Εἰ
3244 4876 3334 4934 οὖν
3395 4877 3456 4934 οὐ
3511 4899 3776 4954 συγκατα-

2124 4969 2329 5025 τίθεται
2384 4970 2450 5024 τά
2505 4970 2643 5044 μέρη
2702 4973 2801 5036 τῆς
2861 4967 3074 5041 πλάνης
3134 4967 3210 5031 εἰς
3251 4969 3350 5038 τήν
3383 4968 3601 5044 ἀρετην,
3638 4965 3776 5021 πολὺ

2133 5057 2347 5133 μᾶλλον
2398 5058 2460 5115 οὐ
2519 5061 2800 5136 συντρέχει
2849 5061 2919 5116 τὰ
2969 5059 3108 5136 μέρη
3161 5062 3260 5124 τῆς
3291 5058 3484 5135 ἀρετῆς
3535 5057 3625 5111 καὶ
3676 5056 3778 5124 vi:

2196 5458 2312 5530 (21)
2344 5457 2442 5513 Ηὶο
2473 5457 2808 5530 addendum
2841 5456 3072 5514 videtur
3103 5455 3203 5530 μή.

2217 5524 2309 5602 22)
2342 5530 2482 5602 Reg.
2513 5528 2576 5602 τὸ
2608 5524 2833 5602 ἔνδυμα.

2341 5597 2480 5677 Reg.
2515 5598 2572 5677 δέ
2602 5597 3204 5677 γέμοντα-δυσφημίας.

2217 5618 2307 5674 2,3)
2341 5618 2421 5656 tte
2467 5644 2480 5657 .
2515 5618 2572 5655 οε
2602 5618 2842 5727 γέροντα
2873 5618 3204 5677 ουσφημιας.

2217 5675 2302 5747 24)
2517 5672 2782 5747 εἷᾲσκῄψῃ.
2816 5673 2948 5747 Mox
2978 5673 3074 5747 τῇν
3118 5677 3251 5747 ante
3291 5667 3580 5746 τυραννίδα
3611 5673 3774 5729 deest

2122 5743 2182 5799 in
2214 5743 2542 5818 editisfsed
2576 5743 2791 5820 legitur
2819 5745 2879 5802 in
2904 5745 3264 5818 quibusdam
3295 5743 3439 5804 mss.
