4170 6404
420 477 529 538 501
1446 475 1708 537 SEHMO
1753 477 2061 539 CONTRA
2113 477 2381 536 OMNES
2428 475 2831 535 H/ERESES.
3732 476 3855 537 502

415 603 674 676 ἀληθείας
725 607 844 667 τοῖς
903 602 1087 680 μέρεσι
1144 610 1245 674 τῆς
1291 603 1538 675 πλάνης.
1595 607 1916 663 Ἀντίκειται
1975 608 2062 682 γὰρ

2204 607 2338 664 Nam
2363 611 2681 677 utrumque
2696 603 2931 660 illorum
2950 621 3019 661 ex
3035 605 3228 662 fructu
3247 607 3851 680 cognoscitur,quem-

413 699 480 768 τῇ
526 693 759 766 ἀληθείᾳ
812 693 875 748 τὸ
934 691 1158 768 ψεῦδος,
1213 694 1300 749 καὶ
1349 700 1429 767 τῷ
1487 693 1672 770 ψεύδει
1723 695 2060 751 ἀντίκειταιὶ

1349 700 1429 767 τῷ
1487 693 1672 770 ψεύδει
1723 695 2011 751 ἀντίκειται
2043 699 2077 767 ἡ
2191 697 2509 752 admodum
2542 694 2687 750 dixit
2715 693 2959 750 Veritas.

414 781 682 854 ἀλήθεια·
741 779 967 838 ἕκαστον
1029 784 1132 860 γὰρ
1189 784 1396 838 τούτων
1454 783 1512 839 ἐκ
1565 785 1662 840 τοῦ
1720 791 1931 862 καρποῦ
1989 806 2076 861 γι-

412 872 697 946 νώσκεται,
726 873 907 937 καθὼς
938 870 1039 951 ἔφη
1072 874 1107 942 ἡ
1143 871 1423 943 Ἀλήθεια.

484 979 818 1058 Ἐπληρώθη
856 979 957 1058 σὺν
983 984 1100 1058 Θεῷ
1129 982 1291 1058 ἡμτοῦ
1325 979 1834 1058 ἁγίουγᾊθανασίου
1872 983 2007 1038 κατὰ

2266 983 2559 1056 Completa
2590 986 2678 1038 est
2708 998 2841 1058 cum
2875 981 2994 1058 Deo
3009 983 3206 1058 sancti
3234 982 3533 1058 Athanasii
3563 983 3845 1040 adversus
3906 984 3913 992 ’

918 1052 1134 1128 ’Δρείου
1167 1052 1410 1129 ἀριστεία
2407 1052 2422 1056 -

2407 1052 2422 1056 “
2719 1053 2924 1110 Arium
2964 1055 3307 1126 disputatio.

484 1202 593 1269 (25)
625 1200 754 1276 Haec
786 1201 1278 1276 adrlinern‘usque
1309 1202 1525 1276 desunt
1554 1203 1626 1276 in
1643 1202 1962 1276 Anglicano
1994 1207 2051 1260 et
2080 1205 2448 1276 Augustano,
2479 1217 2732 1273 quorum
2763 1200 2890 1257 loco
2920 1200 2980 1256 in
3032 1200 3171 1273 Reg.
3236 1199 3469 1272 legitur,
3519 1194 3689 1260 Τέλος
3747 1199 3844 1252 τοῖ’»

418 1268 759 1327 διαλεκτικοῦ
789 1275 884 1325 τοῦ
921 1270 1164 1348 μεγάλου
1183 1268 1513 1338 ’Ἄθανασίου
1543 1274 1633 1328 καὶ
1667 1268 1896 1350 Ἀβείου.

431 1436 852 1449 -__

1442 1567 1514 1622 IN
1556 1567 1876 1634 SEQUENS
1915 1565 2343 1623 OPUSCULUM
2388 1564 2807 1621 ADMONITIO.

490 1681 525 1734 l.
562 1680 748 1736 Sermo
772 1687 968 1735 contra
992 1696 1176 1736 omnes
1207 1680 1441 1738 haereses
1471 1683 1704 1738 habetur
1735 1686 1794 1738 in
1822 1684 2069 1754 antiquis
2098 1682 2401 1748 codicibus,
2429 1685 2482 1736 et
2510 1683 2573 1735 in
2601 1681 2999 1735 Athanasianis
3025 1678 3460 1744 collectionibus,
3490 1675 3580 1732 sed
3612 1677 3671 1732 in
3711 1676 3836 1749 ple-

407 1785 598 1841 risque
653 1784 778 1824 cum
833 1777 962 1825 nota
1020 1770 1335 1842 abjudicati
1393 1772 1690 1827 Athanasio
1749 1773 2019 1844 opusculi.
2079 1773 2172 1828 Sic
2201 1788 2260 1826 in
2291 1771 2626 1840 Segueriano
2654 1770 2843 1825 codice
2869 1769 3070 1839 legitur
3101 1767 3171 1822 ad
3199 1768 3532 1836 marginem,
3566 1763 3710 1836 ξένος
3742 1765 3834 1820 καὶ

405 1854 656 1932 χυδαῖος,
689 1858 882 1928 supple
912 1855 1098 1931 λόγος,
1134 1860 1200 1914 id
1228 1867 1324 1924 est,
1360 1860 1533 1916 Liber
1560 1866 1872 1917 extraneus
1901 1865 1959 1917 et
1988 1861 2206 1916 t‘usiore
2238 1860 2386 1932 stylo
2420 1860 2770 1930 descriptus.
2802 1858 2945 1927 Quid
2971 1860 3032 1913 in
3063 1857 3514 1929 Commelinianis
3561 1856 3833 1913 codicibus

407 1954 647 2017 notetur,
700 1957 961 2004 accurate
1026 1949 1270 2020 explicat
1321 1950 1742 2021 Felclsmannus,
1777 1951 1858 2006 his
1888 1952 2067 2006 verbis
2097 1969 2116 2006 :
2148 1952 2349 2006 Exstat
2380 1949 2474 2004 hic
2506 1950 2564 2003 in
2597 1949 2899 2004 codicibus
2931 1947 3260 2014 Basiliensi,
3294 1945 3663 2017 Gobleriano,
3695 1951 3751 2002 et
3776 1946 3828 2003 Ι.

409 2036 687 2093 Cat-terum
722 2038 792 2091 ad
826 2037 1061 2093 initium
1097 2039 1227 2109 ejus
1261 2039 1378 2094 hac
1411 2045 1610 2096 notata
1639 2042 1698 2096 in
1732 2041 1932 2110 Basil.,
1969 2039 2119 2116 ἄφες,
2152 2039 2226 2108 μή
2260 2037 2499 2114 γράψῃς.
2539 2040 2697 2106 Quae,
2729 2037 2872 2108 quid
2905 2037 3018 2092 sibi
3048 2035 3244 2101 velint,
3281 2034 3476 2092 nescio
3532 2036 3664 2108 (imo
3720 2039 3835 2092 hzc

407 2127 577 2198 plana
622 2130 676 2182 et
732 2136 924 2198 aperta
981 2132 1134 2198 sunt,
1192 2130 1618 2202 signiﬁcanlque
1647 2147 1664 2184 :
1698 2131 1855 2186 hunc
1914 2116 2250 2201 relinquito,
2299 2145 2401 2184 nec
2432 2128 2753 2198 describas)
2788 2143 2800 2183 :
2837 2127 2947 2182 nisi
2979 2126 3125 2182 forte
3159 2126 3312 2181 idem
3345 2126 3498 2196 quod
3531 2125 3834 2182 Romanus

408 2225 782 2287 anagnostes,
817 2217 1094 2273 similiter
1123 2218 1194 2272 ad
1229 2219 1356 2289 ejus
1388 2219 1648 2287 initium,
1685 2221 1743 2275 in
1775 2220 1972 2275 codice
2001 2219 2055 2275 G1

2185 2219 2345 2274 ι·ίᾶηο
2373 2219 2466 2274 his
2495 2216 2685 2273 verbis
2717 2235 2730 2285 ;
2765 2212 2936 2277 Οὗτος
2970 2215 2998 2268 6
3032 2214 3219 2290 λόγος,
3252 2213 3326 2275 ὡς
3360 2212 3484 2285 ἐμοί
3541 2233 3604 2288 γε
3663 2210 3832 2284 δοκεῖ,

402 2302 463 2357 οὖ
521 2301 619 2357 τοῦ
683 2303 928 2378 μεγάλου
986 2307 1197 2381 ΙΙατρὸς
1255 2307 1576 2362 Ἀθανασίου
1608 2307 1768 2377 ἐστὶν,
1802 2305 1948 2362 ἀλλὰ
1979 2306 2049 2377 ξεν

2189 2307 2252 2368 ὥς
2284 2306 2374 2361 καὶ
2409 2303 2638 2382 χυδαῖος
2668 2305 2744 2368 ὡς
2775 2304 2840 2360 τὰ
2871 2303 3121 2360 πλεῖστα.
3157 2305 3234 2374 (Id
3264 2313 3358 2372 est,
3391 2303 3494 2359 Hic
3525 2320 3742 2371 sermo,
3772 2307 3836 2361 ut

404 2393 549 2449 mihi
582 2395 818 2466 quidem
850 2397 1100 2465 videtur,
1134 2414 1512 2470 nequaquam
1543 2404 1634 2454 est
1665 2399 1863 2471 mugni
1896 2398 2082 2453 Patris
2113 2397 2442 2466 Athanasii,
2474 2397 2575 2452 sed
2606 2396 2855 2464 alienus,
2889 2399 3065 2468 atque
3097 2399 3160 2450 ut
3207 2393 3553 2465 plurimum,
3615 2394 3834 2448 fusiors

401 2482 552 2555 stylo
585 2484 967 2556 descriptus.)
998 2485 1127 2540 Haec
1155 2486 1256 2541 ibi.
1290 2487 1514 2550 Quibus
1545 2487 1766 2543 similia
1796 2488 1868 2543 ad
1901 2487 2174 2542 eumdem
2209 2487 2266 2541 in
2301 2484 2471 2541 Basil.
2507 2485 2634 2540 cod.
2668 2485 2872 2540 statim
2903 2484 3092 2552 initio,
3129 2482 3228 2538 ubi
3261 2481 3637 2554 praemittitur
3672 2486 3831 2538 cata-

407 2571 574 2645 logus
607 2572 891 2628 librorum
928 2574 986 2629 in
1019 2591 1087 2630 eo
1120 2580 1551 2644 contentorum,
1584 2577 1707 2631 haec
1738 2593 1751 2631 :
1788 2577 1871 2629 ’Ev
1905 2578 1972 2648 τῇ
2009 2575 2054 2650 βά

2176 2581 2318 2642 ›τῆς
2381 2580 2552 2645 μονῆς
2611 2576 2708 2626 τοῦ
2770 2571 2925 2646 ἁγίου
2982 2570 3299 2628 Ἀθανασίου
3357 2568 3496 2624 ἐστὶν
3553 2568 3823 2647 ἐπιγραφὴ

401 2658 599 2723 ἄνωθεν
652 2657 750 2714 τοῦ
807 2661 1070 2738 παρόντος
1131 2662 1319 2738 λόγου,
1381 2659 1588 2739 ἔχουσα
1641 2663 1839 2726 οὕτως’
1900 2666 1958 2721 Ὀ
2015 2664 2201 2737 παρὼν
2263 2661 2426 2738 λόγος
2486 2661 2584 2716 οὐκ
2614 2659 2723 2716 ἔστι
2755 2665 2852 2716 τοῦ
2887 2660 3126 2738 μεγάλου
3158 2658 3474 2714 Ἀθανασίου
3507 2656 3652 2714 ἀλλᾶ
3682 2659 3824 2729 ξένος

397 2748 486 2802 καὶ
518 2746 746 2824 χυδαῖος
778 2751 968 2822 Ἡμεῖς
1001 2748 1059 2806 δὲ
1087 2751 1408 2826 πρόσταγμα
1437 2751 1776 2829 πληροῦντες
1810 2752 2043 2828 μετεγρά

2178 2774 2221 2807 εν
2254 2752 2586 2810 καὶτοῦτον.
2619 2753 2697 2824 (Id
2754 2757 2854 2823 est,
2906 2754 2968 2807 In
3028 2751 3179 2807 libro
3240 2748 3578 2806 monasterii
3638 2750 3825 2806 sancti

406 2839 728 2908 Athanasii,
791 2841 928 2896 huic
978 2841 1128 2898 libro
1187 2844 1308 2900 haec
1368 2846 1726 2916 praeponitur
1755 2845 2060 2916 inscriptio
2093 2861 2106 2900 :
2143 2845 2245 2900 Hic
2271 2844 2420 2899 liber
2449 2860 2564 2899 non
2597 2848 2687 2898 est
2717 2841 2914 2914 magni
2948 2841 3270 2908 Athanasii,
3319 2841 3420 2896 sed
3478 2839 3740 2912 spurius,
3771 2844 3828 2897 ot

401 2929 621 2985 fusiore
653 2930 801 3002 style
833 2933 1222 3003 conscriptus.
1254 2935 1326 2989 At
1356 2951 1464 2989 nos
1491 2940 1556 2990 ut
1585 2935 1750 3005 iussa
1779 2935 2230 3006 compleremus,
2263 2951 2398 2990 eum
2456 2949 2691 3004 quoque
2747 2932 3255 3004 transcripsimus.
3288 2932 3308 2998 )
3339 2931 3474 2995 Quae
3532 2933 3829 3001 postrema

398 3018 676 3074 videntur
726 3035 854 3076 esse
882 3023 980 3074 τοῦ
1003 3020 1348 3097 Δοξαπάτρου
1381 3025 1572 3090 verba,
1607 3025 1942 3080 excusantis
1975 3042 2036 3080 se
2066 3041 2169 3079 cur
2203 3024 2358 3079 hunc
2391 3039 2722 3079 sermonem
2766 3021 3163 3092 descripserit,
3198 3036 3333 3075 cum
3366 3019 3446 3074 sit
3475 3018 3736 3089 spurius,
3770 3023 3830 3074 et

409 3109 478 3162 ad
512 3110 641 3179 ejus
676 3109 1104 3182 frontispicium
1139 3112 1218 3168 sit
1248 3118 1517 3170 notatum
1551 3131 1622 3170 ne
1655 3114 2043 3171 describatur.
2078 3116 2199 3170 Haec
2228 3114 2648 3184 Felclsmannus,
2697 3113 2854 3183 cujus
2913 3112 3044 3168 locis
3098 3111 3286 3168 Grece
3341 3111 3559 3164 tantum
3614 3107 3826 3175 allatis,

406 3197 659 3252 Latinam
687 3200 1152 3270 signiﬁcationem
1179 3219 1279 3257 nos
1309 3204 1639 3274 adjecimus.

473 3285 541 3340 Il.
577 3291 750 3341 Porro
779 3303 849 3342 ex
877 3289 1025 3345 hisce
1052 3290 1298 3346 codicum
1328 3293 1536 3347 notulis
1564 3293 1750 3362 palam
1781 3302 1859 3349 est
1877 3293 2103 3365 jamdiu
2127 3293 2274 3348 hunc
2305 3293 2510 3348 librum
2540 3293 2691 3347 inter
2748 3290 3127 3346 Athanasiana
3183 3301 3523 3360 comparere,
3581 3302 3702 3342 cum
3766 3288 3827 3342 in

394 3374 471 3430 iis
529 3376 828 3447 codicibus,
888 3395 962 3434 ea:
989 3379 1188 3452 quibus
1220 3381 1784 3437 Commelinianorum
1813 3384 2190 3455 antiquissimi
2217 3384 2543 3454 transcripti
2571 3386 2698 3436 sunt
2729 3397 2853 3436 cum
2879 3380 3176 3435 Athanasii
3202 3379 3482 3450 operibus,
3513 3377 3691 3432 locum
3718 3375 3823 3432 ha-

395 3464 594 3520 buerit.
628 3467 906 3523 Orationis
936 3475 1123 3524 autem
1153 3487 1346 3539 genus,
1375 3476 1438 3526 ut
1470 3477 1688 3528 monent
1717 3489 2101 3539 amanuenses,
2132 3474 2373 3527 multum
2412 3473 2670 3527 abhorret
2706 3488 2739 3525 a
2781 3471 2966 3525 sancti
3017 3468 3246 3525 doctoris
3301 3467 3469 3538 stylo,
3527 3467 3677 3536 quod
3723 3481 3822 3522 ne-

391 3569 484 3609 mo
533 3569 668 3609 sane
722 3571 834 3611 non
887 3557 1091 3614 videat.
1150 3561 1300 3614 Patet
1359 3570 1541 3616 tamen
1575 3579 1644 3617 ea:
1674 3561 1963 3618 Athanasii
1990 3563 2241 3634 operibus
2269 3577 2587 3633 expressum
2619 3559 2948 3631 opusculum
2977 3559 3182 3628 fuisse;
3213 3559 3271 3612 in
3303 3572 3363 3612 eo
3388 3557 3586 3627 quippe
3615 3554 3820 3610 eaedem

392 3642 627 3698 haeresse
655 3643 1080 3718 impugnantur,
1115 3665 1249 3718 quas
1281 3652 1339 3704 in
1367 3653 1536 3705 variis
1566 3653 1854 3707 Athanasii
1879 3668 2106 3722 operum
2136 3652 2269 3708 locis
2297 3652 2602 3721 confutatus
2632 3648 2915 3713 videmus;
2942 3664 3177 3719 quarum
3204 3647 3504 3702 nonnullas
3559 3643 3622 3697 ὲκ
3676 3661 3814 3716 παρ-

390 3729 550 3804 έργου
607 3738 830 3787 tantum
883 3740 1106 3792 sanctus
1166 3740 1355 3794 doctor
1400 3756 1695 3812 aggressus
1741 3746 1837 3796 est.
1886 3743 1983 3798 Hic
2010 3743 2188 3812 primo
2219 3742 2331 3796 loco
2360 3741 2564 3795 Ariani
2592 3740 2968 3807 exagitantur,
3001 3752 3132 3808 quos
3162 3737 3295 3790 item
3324 3737 3535 3806 priores
3564 3733 3816 3789 Athana-

392 3821 506 3875 sius
535 3821 758 3878 adortus
787 3828 903 3887 est;
935 3829 1232 3897 postremo,
1293 3829 1728 3900 Apollinaristae,
1790 3834 1885 3902 qui
1937 3833 2202 3902 postremi
2256 3831 2329 3886 ab
2388 3831 2690 3884 Athanasio
2736 3830 3112 3898 confutantur.
3173 3827 3270 3879 Hic
3325 3823 3815 3880 Pneumatomachi

395 3920 659 3966 vocantur
693 3913 924 3984 Tropici,
957 3931 1122 3986 quam
1151 3932 1333 3973 vocem
1361 3935 1642 3989 nusquam
1671 3922 1904 3975 memini
1932 3935 2018 3974 me
2048 3919 2155 3976 hac
2183 3921 2452 3976 sententia
2482 3919 2697 3988 legisse,
2730 3918 2842 3970 nisi
2869 3915 3015 3987 apud
3043 3914 3415 3970 Athanasium
3444 3914 3502 3966 in
3557 3912 3813 3982 Epistolis

400 3998 470 4052 ad
527 4002 922 4073 Serapionem.
981 4005 1185 4060 Eadem
1241 4023 1451 4078 quoque
1477 4010 1536 4062 in
1565 4009 1663 4064 hoc
1691 4025 1852 4080 opere
1881 4009 2137 4065 adversus
2168 4010 2452 4066 haereticos
2483 4009 2832 4076 usurpentur
2859 4007 3204 4075 argumenta,
3238 4019 3357 4074 quae
3383 4001 3457 4056 ab
3486 4000 3809 4057 Athanasio.

396 4088 672 4144 Caeterum
700 4093 792 4162 qui
821 4091 911 4148 hic
937 4097 1296 4165 con/utantur
1323 4098 1595 4162 haeretici,
1627 4098 1688 4153 hi
1715 4103 1842 4153 sunt
1871 4117 1892 4152 .'
1919 4099 2139 4166 Ariani,
2175 4099 2405 4170 Tropici,
2451 4097 2659 4152 Paulus
2707 4095 3124 4160 Samosatensis,
3183 4090 3488 4158 Manichzi,
3545 4090 3810 4157 Marcion,

401 4177 740 4251 Valentinus,
795 4184 1081 4256 Basilides,
1143 4185 1424 4256 Hier-acus,
1480 4187 1740 4252 Novatus,
1797 4187 2063 4258 Phryges,
2119 4187 2558 4258 Apollinarium,
2591 4185 2654 4241 de
2683 4184 2878 4255 quibus
2905 4183 3155 4239 omnibus
3183 4182 3370 4253 agitur
3401 4181 3461 4235 in
3484 4180 3814 4251 prwfatione

387 4267 662 4338 generali.

2063 4395 2132 4406 μοι.

1539 4492 1670 4549 ΤΟΥ
1717 4493 1805 4549 EN
1845 4491 2074 4549 ΑΓΙΟΙΣ
2117 4492 2388 4550 ΠΑΤΡΟΣ
2427 4495 2624 4547 ΗΜΩΝ

1735 4640 2469 4738 ΑΘΑΝΑΣΙΟΥ

1574 4817 1753 4870 ΚΑΤΑ
1794 4815 2024 4871 ΠΑΣΩΝ
2061 4813 2203 4871 ΤΩΝ
2242 4815 2608 4871 ΛΙΡΕΣΕΩΝ.

1510 5060 1602 5155 S.
1657 5060 1756 5154 P.
1818 5060 1930 5157 N.
1992 5061 2676 5158 ATHANASII

1624 5229 1886 5289 CONTRA
1930 5231 2157 5290 OMNES
2203 5231 2546 5289 HERESES.

438 5492 490 5549 l.
523 5493 594 5548 T6
651 5492 1010 5570 προκείμενον
1058 5497 1166 5553 ἀπὸ
1213 5501 1310 5554 τοῦ
1368 5498 1704 5576 Εὐαγγελίου
1750 5507 1847 5558 τοῦ
1893 5508 2028 5561 κατὰ

2212 5509 2262 5562 1.
2323 5507 2488 5570 Quod
2557 5503 2904 5579 proponitur
2966 5517 3035 5558 ex
3097 5495 3413 5568 Evangelia
3469 5491 3799 5550 secundum

369 5579 643 5671 Ἰωάννην·
681 5608 708 5636 ‹‹
743 5585 833 5642 Ἐν
887 5584 1035 5662 ἀρχῇ
1083 5589 1147 5659 ᾖν
1182 5588 1209 5642 6
1263 5588 1440 5664 Λόγος
1490 5591 1623 5666 (26),
1657 5593 1744 5646 καὶ
1786 5595 1814 5647 6
1847 5594 2016 5671 Λόγος

2151 5597 2420 5653 loannem
2453 5597 2569 5652 tale
2600 5601 2686 5653 est
2719 5612 2731 5650 :
2767 5616 2792 5641 ‹‹
2827 5593 2892 5648 In
2924 5583 3207 5664 principio
3239 5590 3370 5644 erat
3397 5582 3679 5648 Verbum,
3738 5587 3798 5638 et

367 5669 430 5741 ἥν
463 5671 600 5745 πρὸς
646 5673 740 5728 τὸν
791 5675 944 5745 Θεὸν,
973 5677 1062 5732 καὶ
1106 5678 1234 5740 Θεὸς
1276 5677 1338 5753 ᾖν
1374 5679 1402 5733 6
1438 5678 1638 5754 Λόγος.
1671 5681 1843 5746 Οὗτος
1871 5669 2014 5756 ﬁli»

2148 5685 2386 5743 Verbum
2446 5689 2573 5742 erat
2628 5683 2782 5755 apud
2841 5681 3048 5749 Deum,
3091 5678 3148 5732 et
3174 5673 3338 5734 Deus
3367 5677 3491 5735 erat
3513 5671 3795 5728 Verbum.

437 5822 550 5899 (26)
582 5825 752 5886 Gobl.
785 5832 845 5887 et
874 5828 1028 5890 F610.
1055 5832 1109 5906 1,
1137 5831 1225 5890 Ἐν
1257 5828 1428 5910 ἀρχῇ,
1459 5830 1646 5914 φησὶν,
1676 5835 1764 5906 ἧν.
