4170 6422
317 447 434 514 507
1487 450 1553 512 S.
1600 450 2127 514 ATHANASIUS.
2153 486 2232 500 —
2265 455 2574 518 SPURIA.
3617 450 3738 514 508

318 584 479 640 facta
509 585 667 651 sunt,
698 585 756 639 et
785 582 914 639 sine
941 582 1069 655 ipso
1101 584 1317 638 factum
1348 589 1438 639 cst
1469 583 1615 639 nihil
1643 584 1685 639 ⁸.
1722 607 1749 635 ››
1780 583 1839 640 Si
1872 601 1976 657 per

2104 584 2237 644 926v.
2271 586 2455 645 Πάντα
2502 585 2572 643 δι’
2621 588 2785 644 αὐτοῦ
2815 588 3048 663 ἐγένετο,
3079 586 3167 641 καὶ
3201 583 3377 662 χωρὶς
3407 583 3574 640 αὐτοῦ
3623 582 3734 659 ἔγε-

320 672 516 746 ipsum
545 671 745 728 omnia
795 673 949 727 facta
974 677 1114 728 sunt
1145 690 1157 728 :
1193 688 1330 745 ergo
1377 673 1506 745 ipse
1548 677 1639 729 est
1684 679 1848 730 extra
1877 689 1971 730 res

2104 697 2206 731 ιετο
2259 675 2385 733 οὐδὲ
2431 676 2515 738 ἓν.
2585 701 2613 731 ››
2661 678 2725 734 Εἰ
2758 675 2825 733 δι’
2856 677 3021 733 αὐτοῦ
3050 675 3223 730 πάντα
3247 675 3484 752 γέγονεν,
3516 670 3619 750 ἄρα
3649 672 3735 729 έκ-

324 779 452 835 (ιυω
486 763 649 817 factas
679 762 1410 833 sunt,manil‘estatumque
1440 763 1756 835 est,ipsum
1789 763 1848 818 in
1874 763 1974 819 Pa-

2104 765 2176 828 τός
2235 767 2344 822 ἐστι
2391 774 2499 823 τῶν
2545 774 2805 846 γενητῶν,
2859 768 2948 824 καὶ
2980 765 3206 845 φανερόν
3240 764 3400 836 ἐστιν,
3434 762 3518 818 ὅτι
3549 762 3603 818 έν
3656 766 3736 835 τῷ

318 858 407 909 tre
439 868 673 927 semper
701 851 902 908 fuisse.
939 851 1134 908 Miseri
1173 852 1361 908 Judaei
1395 852 1525 908 novi
1576 853 1969 924 Ariomanitae,

2113 857 2259 931 ιατρὶ
2291 861 2354 927 iv
2379 856 2622 914 πάντοτε.
2655 856 2887 920 Τάλανες
2916 858 2969 912 οἱ
3001 853 3254 913 Ἰουδαῖοι
3280 855 3392 909 νέοι
3431 854 3485 908 οἳ
3526 853 3735 928 ’Δρειο-

321 943 424 1016 qui
455 959 644 1015 neque
675 946 827 997 recte
860 941 1278 1013 legunt,neque
1309 946 1579 998 accurate
1609 950 1976 1014 perscrutan-

2104 952 2329 1016 ιανῖται,
2388 949 2440 1003 οἱ
2501 951 2575 1021 μή
2628 949 2805 1022 ὀρθῶς
2872 945 3210 1024 ἀναγνόντες,
3284 941 3413 1018 μηδ’
3492 936 3735 1017 ἀκριϐῶς

320 1037 438 1101 tur,
496 1031 654 1104 quod
712 1039 954 1086 cacatos
1010 1030 1269 1086 habeant
1324 1030 1539 1087 mentis
1594 1031 1817 1100 oculos,
1863 1032 1975 1088 rati

2104 1040 2467 1112 :psuvicawec
2494 1037 2733 1116 τυφλοὺς
2763 1035 2984 1114 ἔχοντες
3010 1035 3137 1097 τοὺς
3182 1040 3283 1104 τῆς
3344 1030 3584 1094 διανοίας
3647 1031 3739 1110 ὀφ-

324 1120 593 1177 omnium
638 1125 958 1176 creatorem
989 1125 1047 1176 et
1092 1119 1381 1192 opiﬁcem,
1437 1136 1567 1176 esse
1620 1128 1971 1178 creaturam.

326 1213 539 1269 Audite
567 1210 714 1267 illud
747 1212 941 1284 magni
991 1211 1359 1285 evangelista
1393 1229 1406 1267 :
1443 1234 1471 1263 ι(
1504 1214 1565 1268 In
1598 1213 1908 1284 principio.
1948 1236 1969 1264 ι

329 1301 373 1358 Ο
403 1300 621 1359 Christi
652 1302 889 1358 inimice
920 1301 1147 1370 Ariane,
1184 1302 1233 1358 si
1268 1302 1515 1358 dixisset
1543 1321 1556 1358 :
1592 1307 1653 1357 1n
1687 1304 1975 1375 principio

326 1392 546 1448 factum
577 1395 686 1458 est,
718 1407 851 1447 cum
885 1391 1130 1447 obtentu
1179 1392 1433 1463 quodam
1484 1393 1709 1447 diccres
1744 1409 1756 1447 :
1793 1394 1977 1449 Evan-

324 1480 535 1555 gelista
563 1480 729 1546 dixit,
763 1480 825 1536 In
858 1481 1145 1554 principio
1176 1481 1395 1537 factum
1426 1487 1534 1537 est.
1549 1484 1622 1537 At
1650 1498 1783 1538 cum
1815 1483 1977 1539 dixe-

324 1571 447 1627 rit:
504 1594 526 1621 ι
575 1570 635 1626 In
688 1570 975 1643 principio
1019 1575 1166 1634 erat.
1217 1593 1245 1621 »
1299 1587 1494 1643 quaere
1540 1570 1871 1643 diligenter,
1921 1576 1980 1628 et

228 1690 238 1702 -
325 1659 726 1732 deprehendes
773 1660 1074 1715 veritatem
1107 1677 1122 1716 :
1158 1660 1294 1716 hinc
1325 1660 1622 1716 sciscitare
1664 1677 1732 1715 ex
1763 1676 1978 1734 magno

325 1750 687 1822 evangelista
732 1748 826 1804 his
877 1749 1072 1805 verbis
1108 1767 1122 1817 ;
1155 1749 1198 1805 Ο
1230 1748 1609 1821 evangelista,
1660 1750 1753 1805 dic
1807 1751 1978 1806 nobis

327 1840 484 1912 quod
515 1856 664 1911 opus
712 1838 987 1910 principii
1017 1843 1076 1894 et
1121 1838 1243 1895 veri
1273 1839 1373 1895 Dei
1431 1839 1600 1895 Verbi
1634 1855 1647 1894 :
1683 1839 1975 1913 siquidem

327 1928 544 1986 Christi
603 1929 919 1984 adversarii
976 1928 1198 1993 Ariani,
1231 1928 1593 1985 arbitrantur
1643 1930 1977 1987 Creatorem

328 2018 595 2075 omnium
626 2034 756 2074 esse
801 2022 1170 2085 creaturam;
1205 2020 1402 2074 statim
1444 2018 1823 2091 respondebit
1854 2034 1980 2075 ma-

323 2123 477 2181 gnus
496 2107 595 2163 ille
615 2107 976 2180 evangelista
1001 2124 1014 2163 :
1041 2108 1192 2179 Lege
1215 2107 1432 2162 conditi
1459 2107 1663 2163 mundi
1691 2108 1978 2181 originem

328 2198 389 2253 in
448 2197 678 2269 Genesi,
733 2214 861 2270 quas
918 2196 1003 2253 sic
1059 2197 1238 2253 habet
1270 2215 1283 2253 :
1315 2219 1344 2247 «
1382 2197 1443 2252 in
1501 2196 1791 2270 principio
1850 2198 1983 2253 fecit

326 2287 483 2344 Deus
514 2286 724 2343 ccelum
755 2291 816 2343 et
846 2290 1063 2343 terram
1089 2287 1130 2341 °.
1166 2308 1195 2337 »
1216 2289 1365 2342 Sunt
1386 2287 1587 2359 itaque
1608 2303 1676 2342 ea
1704 2304 1834 2359 qua:
1865 2302 1981 2343 non

278 2378 284 2383 ’
328 2381 563 2444 sunt,ut
583 2376 701 2433 sint
719 2393 789 2433 ea
810 2393 940 2450 quas
972 2377 1172 2432 futura
1192 2381 1350 2432 sunt.
1387 2376 1521 2432 Erat
1540 2376 1695 2433 Deus
1725 2376 1980 2433 Verbum

332 2467 488 2539 apud
516 2466 774 2531 Patrem,
804 2482 907 2537 per
935 2482 1108 2538 quem
1132 2465 1332 2522 omnia
1355 2465 1506 2522 facta
1540 2470 1699 2521 sunt.
1734 2464 1986 2521 Pulchre

331 2556 517 2630 igitur
544 2556 899 2629 evangelista
924 2556 1039 2611 ait:
1080 2578 1108 2606 ‹‹
1140 2555 1201 2610 In
1238 2554 1523 2627 principio
1553 2561 1678 2610 erat
1705 2555 1986 2626 Verbum,

330 2651 391 2704 et
424 2644 677 2702 Verbum
706 2650 833 2702 erat
861 2645 1017 2717 apud
1048 2645 1320 2714 Deum,et
1345 2644 1497 2700 Deus
1516 2649 1641 2701 erat
1670 2645 1986 2701 Verbum.»

329 2737 476 2794 Ecce
525 2737 717 2805 tertio,
752 2760 781 2789 «
814 2741 957 2805 erat,
993 2759 1021 2787 »
1054 2753 1370 2809 nusquam,
1404 2759 1433 2787 «
1467 2753 1582 2792 non
1631 2744 1775 2793 erat.
1811 2758 1840 2787 »
1871 2741 1987 2792 Ma-

331 2843 487 2900 gnus
519 2843 691 2900 porro
721 2826 1112 2897 archangelus
1142 2825 1395 2895 Gabriel,
1430 2843 1564 2881 cum
1591 2827 1661 2882 ad
1694 2827 1987 2882 immacu-

329 2915 512 2973 latam
544 2921 601 2973 et
632 2916 908 2972 intactam
941 2915 1251 2988 Deiparam
1283 2914 1429 2971 dixit
1461 2933 1474 2972 :
1513 2937 1542 2968 ι(
1569 2916 1824 2989 Spiritus
1858 2933 1990 2972 san-

332 3011 465 3063 ctus
496 3005 863 3078 superveniet
911 3006 969 3060 in
1002 3011 1077 3074 te,
1109 3010 1168 3062 et
1208 3004 1394 3061 virtus
1444 3004 1726 3061 Altissimi
1778 3006 1988 3061 obum-

338 3096 530 3152 brabit
559 3095 668 3152 tibi
698 3114 712 3164 ;
751 3118 773 3146 ι
801 3113 916 3152 non
948 3095 1131 3153 dixit:
1164 3094 1421 3168 Spiritus
1441 3100 1683 3151 sanctus
1703 3095 1799 3150 ﬁet
1821 3095 1881 3150 in
1911 3100 1990 3165 te,

339 3190 442 3243 aut
471 3186 657 3243 virtus
703 3185 991 3242 efﬁcietur
1032 3185 1092 3241 in
1123 3190 1219 3254 te;
1253 3185 1353 3240 sed
1390 3207 1411 3234 ι
1447 3184 1702 3257 Spiritus
1750 3189 1992 3241 sanctus

2083 1123 2351 1200 Θαλμοὸς,
2409 1128 2725 1199 νομίζοντες
2782 1127 2873 1182 τὸν
2932 1126 3155 1196 κτίστην
3234 1123 3325 1179 καὶ
3403 1120 3741 1197 δηπιουργὸν

2081 1220 2188 1271 τῶν
2221 1215 2366 1271 ’ὀλων
2398 1216 2599 1289 κτίσμα
2630 1221 2787 1271 εἶναι.
2833 1214 3126 1273 ’Δκούσατε
3167 1216 3263 1268 τοῦ
3321 1213 3435 1286 (4⁸7)
3498 1208 3739 1287 μεγάλου

2084 1302 2474 1379 εὐαγγελιστοῦ
2502 1306 2586 1373 τὸ,
2612 1330 2640 1357 ‹‹
2677 1306 2763 1361 Ἐν
2788 1304 2998 1380 ἀρχῇ.»
3019 1306 3084 1358 Ὢ
3105 1300 3454 1379 χριστομάχε
3474 1300 3737 1376 Ἀρειανὲ,

2085 1392 2131 1449 εί
2160 1394 2227 1463 iv
2261 1393 2450 1465 εἰπὼν,
2500 1393 2582 1449 ὅτι
2635 1396 2719 1451 Ἐν
2780 1394 2927 1470 ἀρχῇ
2973 1394 3213 1470 γέγονεν,
3260 1396 3409 1467 εἶχες
3443 1388 3503 1445 ἂν
3536 1394 3742 1465 χρῶμα

2086 1482 2286 1559 λέγειν,
2343 1483 2427 1539 ὅτι
2480 1482 2628 1541 Ἰδοὺ
2684 1486 2712 1539 6
2772 1482 3158 1560 εὐαῃελιπὴς
3226 1485 3391 1537 εἶπεν·
3456 1481 3541 1535 Ἐν
3590 1478 3739 1555 ἀρχῇ

2085 1574 2328 1648 γέγονεν.
2387 1574 2453 1629 El
2503 1571 2561 1629 δὲ
2599 1580 2769 1629 εἶπεν
2804 1598 2830 1625 ‹‹
2864 1579 2949 1628 Ἐν
2980 1572 3130 1649 ἀρχῇ
3163 1573 3279 1647 (48)
3306 1571 3395 1640 iv,
3423 1593 3450 1621 »
3504 1570 3738 1640 ζήτησον

2086 1657 2345 1737 ἀκριϐῶς,
2408 1663 2499 1718 καὶ
2574 1664 2848 1741 εὑρήσεις,
2895 1663 2994 1731 τὴν
3062 1659 3347 1731 ἀλήθειαν
3400 1656 3587 1715 ἔπειτα
3648 1658 3741 1712 ἐπ-

2087 1755 2364 1827 ερώοησον
2400 1753 2492 1807 τὸν
2548 1754 2713 1828 μέγαν
2748 1752 3135 1828 εὐαγγελιστήν
3169 1749 3341 1826 λέγων
3372 1748 3507 1823 πρὸς
3554 1746 3738 1802 αὐτόν·

2087 1843 2154 1896 Ὠ
2184 1841 2557 1919 εὐαγγελιστὰ,
2617 1842 2733 1898 εἶπε
2770 1845 2907 1915 ἡμῖν
2957 1841 3057 1909 τὴν
3115 1836 3493 1916 πραγματείαν
3523 1839 3621 1907 τῆς
3652 1835 3743 1911 ἀρ-

2090 1938 2224 2008 χῆς,
2252 1932 2343 1986 καὶ
2369 1937 2463 1987 τοῦ
2495 1927 2647 1995 ὄντος
2680 1937 2813 1987 Θεοῦ
2846 1928 3023 2008 Λόγου
3055 1934 3185 2004 (49)·
3220 1929 3303 1983 ὅτι
3362 1927 3739 2005 χριστομάχοι

2090 2022 2359 2096 Ἀρειανοὶ
2414 2022 2701 2095 νομίζουσι
2756 2021 2957 2095 κτίσμα
3015 2025 3149 2075 εἶναι
3204 2019 3297 2074 τὸν
3355 2015 3579 2086 κτίστην
3632 2021 3739 2071 τῶν

2091 2110 2259 2167 ὅλῶν·
2322 2110 2519 2177 εὐθέως
2559 2111 2698 2182 λέξει
2759 2132 2841 2165 σοι
2874 2112 2903 2166 6
2935 2110 3105 2186 μέγας
3137 2105 3546 2184 εὐαγγελιστής·
3582 2104 3739 2160 Ἀνά-

2091 2202 2260 2276 γνωθι
2318 2207 2418 2271 τῆς
2480 2199 2843 2274 κοσμοποιίας
2899 2201 2995 2269 τήν
3050 2198 3281 2266 Γένεσιν,
3342 2195 3487 2251 οὕτω
3548 2194 3744 2271 λέγουο

2094 2309 2209 2345 σαν·
2247 2313 2275 2342 ‹‹
2325 2291 2410 2347 Ἐν
2469 2291 2617 2366 ἀρχῇ
2676 2289 2926 2360 ἐποίησεν
2978 2290 3006 2343 6
3055 2289 3183 2349 Θεὸς
3232 2287 3324 2341 τὸν
3366 2284 3592 2363 οὐρανὸν
3655 2283 3746 2340 καὶ

2092 2380 2191 2449 τὴν
2227 2386 2354 2455 γῆν*
2389 2403 2416 2432 ››
2450 2382 2627 2434 Ἔστω
2657 2378 2839 2434 τοίνυν
2871 2378 2938 2434 τὰ
2972 2379 3047 2451 μή
3090 2373 3218 2431 ὄντα
3247 2374 3321 2438 εἷς
3365 2376 3429 2431 τὸ
3479 2380 3635 2442 εἶναι,
3669 2373 3749 2437 εἷς

2093 2471 2161 2524 τὰ
2197 2468 2470 2543 μέλλοντα
2500 2466 2726 2527 ἔσεσθαι.
2759 2468 2893 2525 Ἢνό
2922 2470 3053 2530 Θεὸς
3085 2466 3259 2542 Λόγος
3290 2465 3427 2542 πρὸς
3458 2464 3550 2520 τὸν
3588 2463 3751 2521 Πατέ-

2098 2578 2185 2636 ρα,
2232 2555 2300 2612 δι’
2351 2556 2413 2613 οῦ
2468 2559 2537 2613 τὰ
2583 2560 2755 2613 πάντα
2802 2560 3037 2634 γέγονεν.
3072 2555 3281 2614 Οὐκοῦν
3313 2553 3497 2616 καλῶς
3541 2555 3568 2608 6
3602 2551 3754 2629 εὐαγ-

2095 2646 2354 2726 γελιστής
2412 2650 2555 2724 λέγει
2615 2652 2750 2722 (50)·
2795 2671 2823 2699 (ι
2872 2648 2957 2705 Ἐν
2991 2646 3139 2722 ἀρχῇ
3191 2645 3257 2714 iv
3299 2646 3328 2699 6
3362 2644 3560 2718 Λόγος,
3591 2642 3682 2698 καὶ
3725 2644 3753 2698 6

2099 2737 2278 2813 Λόγος
2336 2737 2403 2807 iv
2461 2737 2600 2814 πρὸς
2655 2738 2746 2792 τὸν
2803 2738 2952 2808 Θεὸν⁹
3011 2736 3101 2791 καὶ
3151 2735 3277 2797 Θεὸς
3324 2736 3388 2802 iv
3424 2734 3452 2788 6
3485 2733 3684 2807 Λόγος.
3720 2756 3749 2784 ››

2096 2824 2236 2885 Ἰδοὺ
2260 2832 2472 2903 τριχῶς
2502 2827 2565 2882 τὸ
2601 2851 2628 2880 ι(
2658 2830 2722 2897 iv
2758 2829 2890 2900 (51),
2936 2851 2963 2877 ››
2996 2822 3239 2899 οὐδαμοῦ
3267 2824 3354 2890 τὸ,
3388 2846 3417 2874 ι(
3448 2821 3546 2877 οὐκ
3583 2822 3668 2891 iv.
3715 2843 3743 2874 ι

2100 2917 2199 2971 Καὶ
2244 2918 2272 2971 6
2330 2916 2496 2992 μέγας
2556 2913 2901 2991 ἀρχάγγελος
2955 2909 3225 2989 Γαϐριὴλ,
3296 2911 3387 2967 ὅτε
3456 2911 3593 2985 πρὸς
3647 2910 3745 2977 τήν

2099 3006 2369 3082 ἄχραντον
2420 3004 2509 3060 καὶ
2562 3004 2931 3079 ἀπειρόγαμον
2980 3002 3242 3059 Θεοτόκον
3266 2998 3438 3077 ἕλεγε⁹
3473 3023 3501 3049 ‹‹
3536 3000 3753 3070 Ῑῐνεῦμα

2100 3093 2250 3170 ἅγιον
2284 3093 2626 3150 ἐπελεύσεται
2667 3094 2753 3148 ἐπὶ
2786 3094 2865 3163 σὶ,
2899 3093 2988 3149 καὶ
3047 3090 3274 3167 δύναμις
3327 3088 3575 3164 Ὑψίστου
3634 3086 3754 3142 ἐπι-

2102 3184 2307 3240 σκιάσει
2340 3205 2448 3255 σοι,
2474 3209 2501 3238 ››
2537 3183 2636 3239 οὐκ
2664 3189 2808 3239 εἶπεν
2841 3186 2976 3257 (52),
3026 3181 3109 3238 ὅτι
3160 3185 3383 3254 Πνεῦμα
3431 3177 3521 3234 ἐπὶ
3570 3177 3630 3233 σε
3665 3198 3755 3253 γε-

341 3275 714 3349 superveniet
760 3275 819 3331 in
851 3280 928 3343 te,
962 3283 1020 3331 et
1061 3274 1247 3330 virtus
1278 3274 1568 3330 Altissimi
1614 3273 1991 3330 obumbrabit

2104 3273 2343 3341 νήσεται,
2375 3273 2409 3341 ἢ
2445 3268 2672 3344 δύναμις
2702 3273 3062 3342 ποιηθήσεται
3087 3269 3175 3325 ἰπὶ
3208 3268 3284 3339 σε,
3320 3266 3485 3336 ἀλλὰ,
3521 3290 3547 3318 (ι
3585 3268 3755 3324 Πνεῦ-

337 3366 468 3422 tibi.
506 3388 532 3414 ιι
568 3366 682 3421 Hoc
714 3366 923 3421 beatus
955 3366 1271 3436 Apostolus
1317 3362 1411 3419 his
1441 3363 1635 3419 verbis
1665 3361 1944 3418 indicavit
1975 3380 1991 3419 :

338 3479 367 3507 «
400 3455 669 3511 Christus
700 3453 802 3510 Dei
834 3453 1040 3522 virtus,
1073 3458 1131 3509 et
1158 3452 1259 3509 Dei
1292 3452 1582 3524 sapientia
1611 3451 1676 3504 ¹⁰.
1709 3473 1738 3501 ››
1772 3451 1883 3507 Sed
1917 3451 1987 3506 ad

335 3544 460 3601 haec
485 3544 640 3600 dicet
683 3543 1049 3599 Ariomanita
1079 3558 1094 3598 :
1132 3544 1320 3609 Quare
1351 3541 1533 3613 igitur
1582 3540 1994 3597 Parosmiastes

340 3634 423 3691 ait
453 3650 502 3690 εκ
536 3632 823 3690 Dominus
854 3632 1072 3689 creavit
1101 3648 1195 3688 me
1224 3630 1460 3687 initium
1489 3630 1719 3685 viarum
1752 3647 1993 3686 suarum

346 3724 407 3780 in
454 3740 632 3795 opera
652 3740 762 3779 sua
792 3721 886 3777 “‘2
930 3744 959 3774 ››
990 3725 1036 3779 0
1082 3719 1481 3793 impiissimel
1532 3736 1728 3775 annon
1776 3720 1993 3775 audisti

347 3813 624 3887 angelum
654 3811 876 3884 Virgini
900 3812 1194 3869 dicentem
1228 3826 1241 3864 :
1279 3831 1307 3861 «
1339 3810 1501 3875 Quod
1530 3808 1793 3864 nascitur
1821 3825 1889 3865 ex
1917 3815 1996 3879 te,

346 3904 627 3960 Sanctum
660 3900 962 3958 vocabitur
978 3899 1008 3955 ?
1031 3919 1053 3951 ι
1078 3899 1252 3955 Vides
1274 3899 1430 3971 quod
1461 3898 1531 3953 de
1558 3898 1788 3970 negotio
1808 3898 1998 3954 incar-

350 3992 608 4048 nationis
634 3991 811 4049 verba
838 3989 1031 4046 faciat.
1050 3989 1197 4045 Cum
1220 3992 1415 4044 autem
1436 3991 1823 4043 inveteratum
1847 3993 2003 4044 esset

352 4100 456 4140 sex
485 4082 714 4138 dierum
765 4096 937 4152 opus,
969 4080 1027 4134 in
1080 4077 1551 4151 praivaricatione
1581 4077 1762 4148 patris
1794 4093 2003 4150 prosa-

351 4173 458 4246 piae
491 4175 704 4227 nostrae
744 4168 973 4238 Adami,
1005 4167 1065 4223 in
1098 4172 1467 4238 mortemque
1513 4167 1819 4238 delapsum
1851 4171 2006 4224 esset

355 4265 626 4319 nostrum
674 4275 881 4331 genus,
913 4257 1133 4330 placuit
1160 4260 1277 4313 Deo
1326 4257 1397 4312 ad
1439 4272 1545 4313 nos
1593 4256 1826 4312 mittere
1872 4273 2005 4328 pro—

359 4349 551 4424 prium
587 4347 800 4405 Filium
830 4352 1013 4404 Deum
1053 4346 1311 4403 Verbum
1343 4349 1520 4417 atque
1565 4362 1890 4417 assumere,
1922 4345 2008 4401 uti

357 4456 538 4512 supra
586 4438 723 4507 dixi,
755 4454 825 4494 ex
874 4437 1090 4493 intacta
1117 4434 1359 4508 Virgine
1403 4434 1715 4508 templum,
1750 4434 1859 4491 hoc
1899 4442 2009 4502 est,

2106 3381 2181 3434 μα
2237 3361 2391 3435 ἅγιον
2451 3360 2795 3418 ἐπελεύσεται
2856 3360 2945 3415 ἐπὶ
2990 3360 3068 3429 σε,
3122 3358 3212 3415 καὶ
3243 3356 3473 3431 δύναμις
3502 3354 3758 3431 Ὑψίστου

2104 3448 2401 3505 ἐπισκιάσει
2450 3448 2556 3505 σοι.
2619 3473 2647 3501 ››
2706 3453 2883 3508 Τοῦτο
2930 3450 3018 3505 καὶ
3052 3450 3079 3504 6
3117 3447 3381 3523 μακάριος
3416 3441 3757 3505 Ἀπόστολος

2103 3537 2351 3610 ἐδήλωσε
2408 3538 2606 3614 λέγων’
2677 3564 2706 3593 ‹‹
2764 3540 2992 3614 Χριστὸς
3043 3542 3177 3594 Θεοῦ
3223 3534 3476 3608 δύναμις,
3506 3533 3596 3588 καὶ
3626 3535 3759 3586 Θεοῦ

2105 3627 2285 3705 σοφία.
2339 3652 2367 3681 ››
2423 3628 2585 3685 Ἀλλ’
2644 3628 2756 3705 ἐρεῖ
2799 3630 2935 3705 πρὸς
2990 3632 3158 3683 ταῦτα
3219 3628 3248 3681 6
3310 3619 3756 3699 ’Δρειομανίτης,

2105 3716 2189 3773 ὅτι
2237 3722 2365 3780 liti):
2427 3716 2577 3794 λέγει
2634 3721 2662 3774 6
2722 3719 3141 3793 ΙΙαροιμιαστής
3195 3717 3330 3788 (53),
3382 3712 3463 3767 ὅτι
3496 3734 3526 3763 ‹‹
3557 3707 3756 3784 Κύριος

2108 3805 2281 3862 ἔκτισέ
2334 3829 2400 3881 με
2455 3808 2635 3884 ἀρχὴν
2683 3806 2822 3863 ὁδῶν
2884 3807 3047 3863 αὐτοῦ
3106 3804 3179 3867 εἷς
3228 3800 3356 3880 ἔργα
3387 3801 3583 3856 αὐτοῦι·
3632 3822 3658 3850 ››
3693 3799 3761 3851 Ὦ

2109 3893 2447 3969 ἀσεϐέστατε,
2506 3897 2604 3954 οὐκ
2650 3895 2889 3967 ’ἤκουσας
2947 3902 3047 3952 τοῦ
3093 3890 3441 3971 ἀρχαγγέλου
3498 3892 3613 3962 (54)
3667 3884 3758 3942 λέ-

2110 4008 2303 4063 γοντος
2349 3990 2418 4061 τῇ
2478 3989 2761 4062 Παρθένῳ*
2820 4012 2845 4040 ι
2874 3988 2945 4042 Τὸ
2993 3985 3332 4061 γενοώμενον
3364 3980 3424 4036 ἐκ
3449 3983 3548 4034 τοῦ
3575 3979 3761 4052 ’Ἅγιον

2111 4075 2484 4148 κληθήσεταις
2536 4101 2563 4129 ›)
2610 4078 2794 4154 Ὁρᾷς,
2827 4076 2912 4132 ὅτι
2940 4074 3065 4150 περὶ
3108 4080 3210 4144 τῆς
3238 4069 3613 4150 πραγματείας
3667 4066 3765 4133 τῆς

2115 4167 2572 4243 ένανθρωπήσεως
2628 4163 2831 4244 ἔλεγεν.
2886 4162 3107 4233 Ἐπειδή
3172 4162 3231 4218 δὲ
3294 4157 3671 4218 πεπαλαίωται
3728 4155 3763 4222 ἡ

2116 4254 2415 4329 ἒεαήμερτς
2472 4257 2507 4325 ἡ
2558 4252 2864 4317 παλαίωσις
2914 4253 2966 4308 ἐν
3024 4253 3093 4326 τῇ
3142 4244 3442 4327 παραϐάσει
3501 4247 3613 4320 (55)
3668 4244 3765 4298 τοῦ

2118 4344 2323 4419 πατρὸς
2354 4348 2453 4399 τοῦ
2483 4344 2671 4420 γένους
2703 4346 2863 4417 ἡμῶν
2896 4338 3090 4413 Ἀδὰμ,
3138 4339 3229 4394 καὶ
3280 4339 3356 4399 εἰς
3407 4333 3633 4390 θάνατον
3679 4352 3772 4420 κα·-

2118 4418 2461 4489 ταπεπτώκει
2498 4418 2582 4489 τὸ
2637 4432 2790 4511 γένος
2844 4434 3005 4504 ἡμῶν
3063 4431 3203 4502 (56),
3232 4423 3521 4495 εὐδόκησεν
3566 4422 3595 4475 ὁ
3644 4418 3772 4478 Θεὸς

422 4596 447 4632 ⁸
474 4597 644 4654 Joan.
679 4611 719 4663 ι,
756 4593 870 4650 1-3.
948 4592 970 4628 θ
996 4590 1206 4649 Genes.
1240 4607 1280 4660 ι,
1312 4591 1364 4646 1.
1441 4589 1487 4626 ¹⁰
1514 4589 1537 4646 Ῑ
1569 4590 1697 4647 Cor.
1728 4605 1768 4659 ι,
1797 4588 1889 4644 24.
1967 4589 1983 4624 ¹

2104 4605 2206 4646 rov.
2239 4607 2365 4661 vm,
2395 4589 2485 4646 22.

428 4765 541 4893 (47)
596 4764 839 4835 Seguer.
896 4756 1219 4819 ἀκούσαντες
1294 4759 1413 4826 τοῦ,
1491 4759 1581 4813 etc
1663 4756 1895 4811 Gobler.

428 4876 430 4889 .
456 4854 507 4893 ο.
541 4836 596 4893 1.
624 4828 919 4889 Ἀκούσατε
946 4833 1043 4886 τοῦ
1082 4826 1493 4893 εὐαγγελιστοῦ.
1542 4800 1608 4882 Ei
1641 4824 1732 4881 οὖν
1763 4822 1891 4893 ἔφη,
1921 4824 1951 4881 6'

452 4800 541 4835 Ἰν]
597 4800 839 4835 υνδε-ινδ.
896 4800 1125 4813 *θνννννν
1142 4800 1218 4819 ’⁷1
1306 4800 1413 4826 'V',
1492 4800 1580 4813 νυν
1668 4800 1866 4811 νν-νον-
1881 4800 1895 4809 υ
1956 4800 2004 4812 vn

357 4800 507 4895 Feic.
541 4836 596 4902 1,
624 4828 919 4903 Ἀκούσατε
946 4833 1043 4886 τοῦ
1082 4826 1493 4903 εὐαγγελιστοῦ.
1641 4824 1732 4903 οὖν
1763 4822 1891 4903 ἴση,
1921 4824 2004 4903 ὅτι

360 4911 448 5001 ζέεν
499 4898 935 5001 intutae,
980 4898 1370 5001 εῖκεεηιλὲἔιξν
1402 4899 1568 5001 ενι)
1594 4898 2006 5001 sive???

358 4967 486 5059 ἔφη’
839 4967 1084 5051 γέγονενῖ
1117 4973 1181 5031 Εἰ
1211 4967 1274 5029 δὲ
1298 4967 1418 5043 ἔθη,
1460 4969 1543 5026 ὅτι
1594 4972 1682 5027 Ἐν
1725 4967 1878 5048 δι’ρχῇ
1925 4967 2011 5046 γὲ-

394 5070 504 5119 ονε,
540 5069 676 5119 ςητη
684 5069 796 5105 σον.

354 5056 504 5129 γονε,
540 5056 796 5181 Carnem.
1345 5116 1355 5133 υ

438 5124 546 5197 (48)
626 5122 809 5197 pbler.
865 5124 924 5176 et
970 5117 1210 5197 Fe_l_o..1,
1260 5115 1535 5197 ἐρωτησον
1587 5112 1679 5169 τὸν
1728 5111 2009 5197 εὐαγγελι-

366 5186 497 5264 στῆν
533 5186 645 5250 ’καὶ
689 5190 842 5266 λέξει
867 5209 1008 5266 σοι’-
1033 5186 1329 5266 Ῐᾼνάγνῳὸι
1368 5195 1485 5266 τῆς
1515 5186 1886 5266 κοσμοποιίάς
1908 5187 2009 5256 την

363 5258 618 5353 “esse.
648 5264 739 5353 κεῖ
765 5258 1131 5353 εὐθεφελέξξι
1163 5258 1519 5353 insciti???
1551 5258 1700 5353 ἀρχῇ
1734 5258 2009 5353 Emtae”:

434 5313 926 5411 (ξὸῐῑιέὲρξςέῐ
940 5313 1129 5411 ῂέέξῑέ
1155 5313 1329 5411 eam
1368 5313 1530 5411 διεῖρ,
1553 5313 1794 5411 tam;
1813 5313 1822 5314 ί
1841 5313 2013 5393 ξιτ...

362 5403 495 5469 Θεοῦ
526 5403 727 5484 Λόγον..
762 5403 1075 5484 rufra_S_eg.
1111 5403 1252 5484 λέξει
1276 5404 1431 5484 πρὸςΔ
1445 5406 1573 5484 σε’-ὁ
1608 5406 1796 5484 μέγας,
1828 5410 1937 5484 etc.

576 5474 743 5554 bel.
798 5486 856 5537 et
904 5474 1053 5536 Felc'.
1106 5474 1353 5550 pri-mus,
1406 5474 1540 5532 δι’οὗ
1587 5474 2009 5552 πάνταγέγονε.

358 5550 612 5629 Κάλίῖεέςβ
643 5551 827 5629 εὐάγγ·

438 5625 550 5699 (51)
582 5626 655 5682 Se
698 5620 820 5682 uér.
860 5622 1037 5708 ,παντὶ
1067 5621 1243 5709 τὸυῆν.
1277 5620 1509 5679 Gobler.
1541 5626 1599 5678 et
1628 5621 1777 5692 Felc,
1813 5621 1863 5691 1,
1894 5635 2011 5710 τρι-

411 5700 486 5759 ὦς
516 5696 579 5752 τὸ
636 5643 728 5764 is»),
786 5715 873 5750 και
932 5691 1187 5764 οὐδαμως
1233 5693 1317 5764 τὸ,
1363 5691 1463 5748 οὐκ
1507 5693 1597 5764 ἧν,
1632 5693 1721 5749 καὶ
1753 5691 2011 5764 ὁάρχαγ-

367 5710 486 5776 χῶς
516 5710 579 5752 το
636 5710 728 5769 ὴν,
786 5715 873 5750 και
932 5710 1187 5766 οῡοαμως
1233 5710 1317 5764 το,
1363 5710 1463 5748 ουκ
1507 5710 1597 5764 ην,
1632 5710 1721 5749 και
1753 5710 2011 5825 οαρξαγ-

367 5768 527 5845 γιλος
555 5770 690 5845 πρὸς
719 5767 1112 5845 τὴνΙΘεοτιόκον
1139 5769 1362 5845 [Ινεῦμα
1397 5766 1571 5840 ἅγιον.
1621 5767 1845 5824 Ibidem
1920 5778 2012 5837 eg.

363 5789 525 5901 χιλὸς
555 5789 690 5845 προς
719 5789 820 5839 την
851 5789 1112 5823 υεοτοκον
1139 5789 1250 5822 uva

409 5841 629 5900 ιοτόκον
660 5837 930 5920 Παρθένον
963 5835 1120 5915 ἔλεγε
1147 5840 1250 5897 ιΙν.

1663 4752 1895 4811 Gobler.
1954 4760 2013 4813 et
2041 4741 2089 4807 D

2194 4758 2301 4831 (52)
2338 4758 2421 4815 Ita
2450 4758 2688 4831 Seguer.
2739 4756 2804 4815 In
2850 4754 3024 4813 editis
3071 4750 3424 4831 vero,_haac,_
3457 4742 3556 4831 οὐξι
3586 4741 3771 4831 ﬂmvp

2114 4816 2303 4903 usque
2335 4831 2430 4900 ad,
2463 4816 2758 4885 ἒπῗσκιάσει
2780 4849 2877 4903 ,σοι
2907 4843 3190 4903 sequens,
3216 4816 3434 4903 desunt
3463 4816 3546 4903 δι’,
3579 4816 3772 4903 61.16:?-

2113 4891 2609 4987 σιτ-ίιλςεοτονξήίκρωῐ,⁸
2652 4900 2917 4987 μακάριος
2969 4891 3104 4959 ante
3148 4891 3485 4975 ’Ᾱπόστολοξ
3514 4892 3681 4946 deest
3710 4891 3771 4942 in

2119 4974 2285 5032 Gobl.
2317 4981 2377 5031 et
2406 4975 2555 5032 Felo.
2590 4974 2662 5031 1.“
2802 4974 2807 4987 τ
3470 4974 3473 4975 ⁷
3649 5025 3664 5045 ἢ

2119 5118 2148 5172 δ
2180 5046 2565 5193 ἐῗέἐοῇῖωοιι.
2597 5052 2656 5104 et
2706 5045 2856 5104 Felc.
2890 5045 3143 5120 primus,
3173 5040 3204 5094 6
3233 5031 3530 5107 Ἀρειανὸς,
3576 5046 3668 5082 και
3698 5026 3774 5088 ὡς

2193 5164 2566 5269 ὶέἓῖἱξῗωθικ
2599 5198 2652 5269 οι
2682 5189 2833 5269 ιῖριρ·
2866 5185 2933 5269 ι»,
2954 5180 3211 5269 armis»

2682 5242 2875 5354 -ᾗοίοὲ
2906 5242 2965 5327 ’1,
3000 5242 3167 5312 ’Ἐπεί
3217 5247 3310 5307 οῦν
3358 5242 3704 5303 πεπλαίωται
3737 5242 3772 5313 ἡ

2122 5324 2472 5408 ωὐὼίὴμῶν
2509 5324 2568 5388 ἐν⁷
2592 5336 2662 5406 τῇ
2693 5324 2897 5406 παραϐ.
2952 5324 2959 5327 ⁷
3651 5385 3664 5407 ’

2134 5390 2144 5411 ⁸
2192 5407 2575 5482 (δῶ-θοωςικ
2629 5409 2687 5482 et
2737 5404 2886 5461 Felo.
2938 5403 2991 5466 1,
3035 5392 3596 5482 κατεπεπτώκειμενκ
3616 5382 3777 5482 Aen—655‘.

2119 5469 2344 5546 κησεν’ὁ
2377 5485 2435 5534 Θ.
2470 5478 2599 5533 Mox
2631 5478 2871 5549 Seguer.
2903 5470 3253 5601 καταπὲἕιψαι
3300 5469 3435 5553 πρὸς
3480 5469 3628 5555 ημᾶς
3658 5469 3774 5516 τον.

2122 5550 2343 5601 Ibidem
2379 5550 2610 5601 Gobler.
2643 5555 2701 5601 et
2734 5546 3046 5601 Felc.1.16v
3083 5569 3097 5600 t
3140 5562 3217 5599 ιον
3245 5539 3410 5595 αὐτου
3439 5542 3617 5601 Λογον
3650 5530 3772 5587 Ϊὶὸν

2122 5542 2343 5609 Ibidem
2379 5550 2610 5621 Gobler.
2643 5542 3046 5616 et'Felc.1,16v
3079 5542 3217 5601 ἴδιον
3245 5542 3410 5595 αὐτοῦ
3439 5542 3617 5609 Λόγον
3651 5542 3772 5587 ῐὶὸν

2122 5621 2209 5676 καὶ
2239 5621 2388 5680 Θεόνο
2446 5616 2630 5678 λαϐεῖν
2667 5619 2725 5677 δὲ
2753 5620 2813 5677 ἐκ
2838 5626 2938 5682 τῆς
2990 5616 3265 5682 Παρθένου
3294 5612 3392 5681 τὴν
3443 5602 3777 5682 ἀνθρφπείειν

2119 5621 2209 5676 καὶ
2239 5621 2388 5680 Θεόν⁹
2446 5616 2630 5678 λαϐεῖν
2667 5619 2725 5677 δὲ
2753 5620 2813 5677 ἐκ
2838 5626 2938 5689 τῆς
2990 5616 3265 5691 Παρθένου
3294 5616 3392 5681 τὴν
3443 5616 3776 5682 ἀνθρωπείαν

2122 5693 2299 5775 φᾷσιῇν
2334 5698 2407 5762 ὡς
2438 5696 2527 5751 καὶ
2573 5694 2601 5748 6
2632 5692 2969 5757 Ἀπόστολός
3012 5707 3197 5767 φησιν’
3248 5681 3555 5751 Εὐδόκησεν
3586 5678 3616 5733 6
3646 5675 3776 5737 Θεὸς

2120 5768 2353 5846 πέμψαι.
