4170 6412
365 366 483 425 523
1530 364 1596 425 S.
1641 362 2161 426 ATHANASIUS.
2194 393 2232 410 -

2089 363 2161 424 's.
2194 393 2273 411 -
2300 364 2612 429 SPURIA.
3248 448 3251 453 ,
3666 376 3786 438 524

363 499 677 571 templum,
699 513 801 556 seu
836 497 1133 554 hominem
1161 497 1473 570 gestaverit
1504 497 1692 553 factus
1723 498 1918 566 homo,
1947 504 2009 552 ut
2038 512 2090 575 Α
2124 496 2232 569 ὐμᾶ

2089 570 2090 573 η
2124 496 2275 569 ὑμῶν
2310 500 2396 553 καὶ
2428 501 2495 553 τὰ
2526 495 2780 555 Σάϐϐατα
2831 503 3036 576 μισεῖὴ
3065 505 3217 580 ψυχή
3269 525 3376 577 μου
3410 524 3424 575 ;
3457 529 3486 559 »
3522 507 3785 586 ’Δφρονέ-

362 606 535 645 omne
565 606 752 663 genus
804 592 1071 645 nostrum
1121 587 1430 643 hominum
1483 586 1886 642 redimeretur.
1940 591 2015 642 At
2123 607 2232 642 στα·

2123 607 2299 643 στατε.
2352 590 2555 666 ’Ὠσπερ
2616 587 2705 644 διὰ
2759 590 2955 646 τούτου
3013 596 3109 648 τοῦ
3166 592 3411 669 μεγάλου
3468 600 3778 673 προφήτου·

359 681 498 752 quid
533 681 738 751 dices,,
770 697 905 737 cum
941 697 1040 751 per
1087 678 1299 734 Isaiam
1355 677 1565 732 dixerit
1611 676 1682 732 ad
1731 676 2006 731 Judaaos:
2120 698 2149 727 «
2183 675 2232 733 Ἰὲ

2120 698 2149 727 ‹‹
2183 673 2323 733 Ἰδοὺ
2372 679 2407 747 ἡ
2460 677 2723 753 Παρθένος
2775 678 2827 734 ἐν
2876 680 3067 757 γαστρὶ
3113 680 3218 753 ἕξει
3269 681 3359 738 καὶ
3404 684 3605 755 τέξεται
3638 688 3779 758 υἱὸν,

362 794 381 820 α
410 771 759 827 Neomenias
779 775 1000 827 vestras
1017 774 1074 826 et
1096 768 1353 825 Sabbata
1373 766 1497 823 odit
1519 767 1717 822 animo.
1738 765 1963 822 mea“?
1982 788 2003 815 ι
2115 764 2205 819 καὶ

2115 764 2205 819 καὶ
2259 764 2550 822 καλὲσουσι
2606 766 2669 823 τὸ
2726 767 2903 843 ὄνομα
2957 770 3123 827 αὐτοῦ
3181 772 3620 847 Ἐμμανουήλί
3677 777 3779 832 Καὶ

350 862 396 916 0
427 859 796 916 stultissime.
830 858 1336 923 Quemadmodum
1369 856 1546 911 etiam
1598 871 1702 926 per
1730 854 2006 909 eumdem
2115 853 2227 910 πάλ

2115 853 2310 910 πάλιν
2337 881 2365 907 ‹‹
2401 854 2619 912 Παιδίον
2670 856 2952 933 ἐγεννήθη·
3004 886 3033 914 ››
3074 861 3165 916 καὶ
3213 859 3400 935 πάλιν,
3452 862 3535 919 ὅτι
3571 889 3599 917 ι(
3644 866 3777 921 Ἀν-

351 967 635 1021 magnum
694 947 1040 1021 prophetam
1093 945 1209 1002 ait:
1257 967 1285 996 «
1317 946 1457 1000 Ecce
1509 944 1680 1016 Virgo
1726 943 1784 998 in
1840 947 2005 999 utero
2113 945 2226 1019 θρω

2113 944 2329 1019 opma;
2359 944 2490 1016 ἐστι,
2525 972 2552 999 ››
2586 947 2703 1015 καὶ,
2740 972 2761 1000 κ
2796 949 2895 1011 Τίς
2926 951 3193 1025 γνώσεται
3224 948 3385 1007 αὐτόν
3420 971 3434 1023 ;
3470 977 3490 1006 ιι
3525 956 3616 1009 καὶ
3648 957 3772 1033 περὶ

348 1040 590 1096 habebit
621 1046 678 1095 et
706 1038 893 1112 pariet
924 1036 1132 1091 tilium.
1166 1040 1223 1090 et
1252 1034 1547 1090 vocabunt
1589 1049 1795 1089 nomen
1850 1032 2001 1103 ejus,
2110 1033 2232 1088 τού-ι

2110 1033 2307 1088 τούτου
2358 1033 2595 1108 ἐσήμανε
2643 1035 2713 1091 δι’
2760 1038 2951 1092 ἑαυτοῦ
3007 1040 3035 1093 ὁ
3088 1040 3303 1116 Κύριος,
3337 1041 3421 1097 ὅτι
3472 1041 3523 1097 ἐν
3550 1048 3621 1118 τῇ
3654 1032 3771 1100 ἐπι-

345 1128 696 1185 Emmanuel
725 1130 793 1185 δι.
831 1150 858 1177 ››
917 1131 985 1182 Ει
1040 1142 1317 1181 rursum:
1397 1147 1422 1174 ‹‹
1457 1121 1741 1180 Parvulas
1827 1125 2001 1178 natus
2111 1119 2227 1195 δημ

2111 1119 2176 1193 δη
2189 1126 2285 1195 μίᾳ
2309 1168 2322 1195 ,
2377 1124 2681 1198 μέλλοντος
2734 1125 2896 1183 αὐτοῦ
2945 1132 3173 1184 τοιαῦτα
3207 1131 3299 1185 καὶ
3328 1130 3634 1200 τηλικαῦτα
3665 1156 3770 1204 ση-

346 1222 507 1277 est“.
537 1244 557 1269 ι
598 1224 662 1274 Et
689 1218 940 1275 iterum:
985 1216 1213 1272 «Homo
1249 1219 1361 1279 est,
1393 1235 1420 1263 »
1447 1217 1523 1280 et,
1549 1236 1578 1263 ‹‹
1612 1211 1752 1280 Quis
1783 1227 1999 1284 cogno-
2117 1218 2232 1285 μεῖα

2117 1218 2243 1285 μεῖα
2272 1212 2362 1267 καὶ
2392 1213 2586 1289 τέρατα
2620 1221 2891 1281 ποιεῖσθαι
2922 1215 2974 1271 ἐν
3024 1213 3354 1288 Σαϐϐάτοις,
3385 1222 3474 1276 καὶ
3525 1221 3643 1278 ἀντὶ
3672 1228 3771 1279 τοῦ

343 1316 468 1367 seet
495 1311 779 1384 ipsum?»
802 1307 964 1374 Quod
992 1322 1249 1379 praesens
1269 1304 1395 1377 ipse
1416 1302 1702 1360 Dominus
1726 1318 1825 1374 per
1869 1316 1999 1358 sese
2116 1300 2232 1358 εὐλε

2116 1300 2361 1378 εὐλογεῖν
2438 1302 2617 1371 αὐτὸν,
2673 1303 3121 1380 ὑποϐαλλόμενοι
3174 1309 3276 1364 ὑπὸ
3326 1314 3421 1365 τοῦ
3470 1306 3762 1381 διαϐόλου,

339 1399 715 1473 signiﬁcavit,
745 1415 879 1454 cum
914 1401 998 1451 tot
1021 1401 1303 1467 tantaque
1326 1394 1595 1449 edentem
1623 1392 1793 1463 signa
1818 1394 1996 1463 atque
2104 1389 2232 1466 ὕβρι

2104 1389 2326 1466 ὕβριζον
2355 1390 2534 1448 αὐτόν.
2588 1394 2685 1448 Διὰ
2719 1399 2904 1465 τοῦτο,
2936 1397 3115 1460 καθὼς
3166 1404 3456 1474 προεῖπον,
3494 1401 3585 1456 καὶ
3634 1401 3766 1459 αὐτὸ

337 1491 491 1546 189
525 1491 795 1562 portenta
824 1486 883 1541 in
913 1483 1220 1550 Sabbatis;
1250 1481 1441 1538 Judaei
1477 1498 1510 1536 a
1541 1478 1758 1536 diaboli
1792 1480 1988 1535 conci-
2100 1498 2232 1554 προε

2100 1480 2553 1554 προεσ-ημαίνετο,
2590 1482 2792 1537 Λοιπὸν
2825 1484 2963 1559 πρὸς
2994 1488 3163 1541 ταῦτα
3209 1486 3260 1541 τί
3308 1486 3511 1563 λὲγεις,
3545 1488 3591 1544 ὦ
3622 1489 3764 1566 ἄψυ-

334 1581 463 1648 tati,
487 1596 620 1635 cum
644 1577 921 1633 laudibus
943 1572 1218 1629 extollere
1233 1570 1599 1640 debuissent,
1618 1568 1990 1625 contumeliis
2100 1588 2168 1644 χε
2201 1588 2214 1640 ;

2100 1588 2168 1644 χε
2201 1588 2214 1640 ;
2247 1569 2354 1625 Καὶ
2404 1568 2467 1625 σὺ
2515 1570 2607 1625 σὺν
2655 1576 2775 1634 ταῖς
2818 1568 3015 1637 ἄλλαις
3065 1574 3330 1650 αῗρὲσεσιν
3379 1576 3592 1633 ἀπόλου
3623 1582 3761 1656 (11)⁸

335 1670 691 1727 efﬁciebant.
723 1668 1106 1739 Quapropter,
1132 1662 1214 1717 uti
1239 1678 1420 1734 supra
1443 1659 1582 1730 dixi,
1617 1657 1874 1731 idipsum
1908 1660 2367 1732 praenuntiatum
2390 1660 2518 1718 fuit.
2543 1663 2690 1729 Quid
2719 1664 2790 1721 ad
2809 1663 2930 1722 haec
2952 1665 3190 1722 demum
3206 1667 3447 1740 dixeris,
3471 1669 3762 1729 oinsane?

333 1761 402 1816 Et
430 1764 493 1816 tu
525 1772 759 1831 quoque
790 1772 924 1812 cum
939 1753 1069 1810 aliis
1091 1750 1491 1809 hasresibusin
1514 1748 1829 1821 perniciem
1858 1765 1977 1806 eas.
2838 1760 2841 1761 '

404 1852 492 1905 12.
536 1846 833 1903 Catholica
861 1860 996 1900 vero
1030 1841 1306 1911 Ecclesia,
1340 1857 1467 1914 quas
1498 1843 1651 1896 recte
1682 1837 1843 1912 legit,
1893 1856 1994 1895 ac-
2026 1842 2072 1907 B
2176 1842 2232 1897 12

2176 1842 2261 1897 12.
2318 1841 2381 1895 Ἡ
2424 1838 2481 1895 δὲ
2528 1839 2796 1913 καθολική
2854 1841 3153 1915 Ἐκκλησία
3201 1844 3361 1919 αὕτη,
3403 1847 3580 1925 ὀρθῶς
3629 1850 3759 1906 ἀνα-

330 1944 529 1996 curate
561 1940 858 1995 scrutatur
890 1933 1119 1990 divinas
1147 1931 1504 2004 Scripturas,
1536 1945 1599 1985 se
1630 1928 1760 2001 ipsa
1803 1927 1984 1983 ediﬁ-
2100 1932 2230 2003 γνοῦ

2100 1932 2307 2018 γνοῦσα.
2344 1929 2436 1984 καὶ
2483 1926 2721 2005 ἀκριϐῶς
2759 1932 3090 2008 ἐρευνήσασα
3136 1936 3229 1996 τὰς
3285 1935 3430 2000 θείας
3493 1940 3706 2018 Γραφάς
3740 1986 3755 2013 ,

329 2030 478 2086 cavit
524 2043 705 2100 supra
762 2028 1027 2098 petram:
1090 2022 1344 2095 perfecta
1399 2018 1694 2086 columba,
1756 2015 1985 2073 clavum
2099 2017 2232 2090 ἑπῳι

2099 2016 2529 2093 ἐπῳκοδόμησεν
2572 2021 2767 2090 ἑαυτὴν
2821 2021 2908 2077 ἐπὶ
2954 2025 3057 2092 τὴν
3102 2023 3323 2101 πέτραν,
3371 2028 3407 2096 ἡ
3456 2015 3638 2084 τελείά
3669 2050 3758 2086 πε-

328 2119 536 2174 retinet
558 2121 727 2172 recte:
749 2120 807 2170 et
838 2113 944 2186 pias
962 2111 1096 2167 fidei
1140 2111 1198 2165 in
1241 2109 1459 2182 scapha
1498 2107 1838 2179 apostolica,
1869 2105 1989 2161 alli-
2100 2126 2232 2180 ριστι

2100 2107 2338 2185 ριστερὰ,
2366 2111 2400 2178 ἡ
2435 2110 2743 2185 κατέχουσα
2787 2111 2879 2167 τὸν
2928 2111 3091 2168 οἷάκα
3136 2115 3235 2183 τῆς
3285 2113 3451 2188 ὀρθῆς
3495 2117 3585 2171 καὶ
3615 2118 3757 2175 εὐσεο

329 2209 664 2279 dunturque
695 2203 1005 2260 decumani
1038 2202 1253 2257 fluctus
1274 2200 1334 2255 in
1351 2204 1573 2272 petram
1598 2197 1759 2253 illam
1784 2198 1989 2253 immo-
2096 2191 2227 2259 ϐοῦς

2096 2191 2227 2259 ϐοῦς
2288 2197 2521 2261 πίστεως
2578 2198 2633 2255 ἐν
2687 2204 2766 2273 τῷ
2824 2202 3012 2278 σκάφει
3070 2207 3151 2275 τῷ
3208 2202 3581 2279 ἀποπολικῷ.
3634 2213 3750 2264 Τῶν

328 2297 529 2363 bilem,
560 2299 618 2351 et
649 2297 996 2367 spumantes
1027 2297 1203 2361 atque
1236 2287 1416 2344 soluti
1435 2290 1811 2343 evanescunt.
1842 2290 1982 2341 Pro-
2096 2289 2232 2359 κυμά

2096 2289 2352 2359 κυμάτων
2409 2291 2515 2361 (12)
2547 2290 2999 2365 προσρασσόντων
3051 2295 3120 2357 τῆ
3171 2291 3414 2367 ἀκινήτῳ
3444 2295 3632 2371 πέτρα,
3660 2298 3751 2353 καὶ

330 2385 509 2442 cellas
534 2400 706 2457 porro
731 2381 1057 2437 rxistimato
1080 2394 1285 2434 omnes
1306 2376 1577 2432 haereses.
1612 2376 1731 2431 Nos
1762 2380 1980 2443 autem,
2094 2373 2232 2449 ὲπαφ

2094 2373 2519 2450 ὲπαφριζόντων,
2568 2377 2643 2438 εἰς
2702 2377 2864 2432 ἑαυτὰ
2921 2377 3266 2452 ἀναλούμενα
3321 2379 3743 2459 ἑξαφανίζονται.

326 2491 542 2545 quasso,
575 2473 687 2527 hoc
721 2469 934 2543 triplici
965 2473 1144 2540 atque
1177 2465 1479 2522 insolubili
1513 2462 1774 2521 funiculo
1794 2464 1982 2520 mani-
2092 2465 2230 2538 Τρικ

2092 2464 2395 2538 Τρικυμίας
2455 2462 2512 2519 δὲ
2559 2468 2701 2541 ἡγοῦ
2751 2467 2924 2529 πάσας
2980 2467 3077 2530 τὰς
3126 2468 3381 2544 αἱρέσεις.
3432 2472 3625 2545 Ἡμεῖς
3667 2472 3746 2545 δὲ,

330 2563 501 2636 pulos
532 2561 1037 2632 constringamus,
1071 2556 1295 2613 scilicet
1333 2560 1623 2628 pracepta
1672 2554 1979 2625 servando,
2091 2572 2232 2627 παρα

2091 2550 2415 2627 παρακαλῶ,
2467 2553 2644 2628 τούτῳ
2671 2559 2751 2627 τῷ
2801 2552 3088 2632 τριπλὸκῳ
3135 2557 3226 2613 καὶ
3256 2557 3551 2637 ἀδιαιρέτῳ
3595 2582 3748 2639 σχοι-

331 2658 397 2708 ut
426 2651 794 2725 appellamus
835 2650 908 2704 ad
963 2646 1283 2703 salutarem
1345 2649 1579 2717 portum
1629 2644 1685 2698 in
1732 2658 1976 2715 regnum
2090 2639 2232 2714 νίῳει

2090 2639 2189 2714 νίῳ
2217 2641 2284 2695 τὰ
2339 2638 2621 2719 δράγματα
2664 2643 2992 2721 σφίγξωμεν,
3041 2644 3138 2708 τὰς
3192 2644 3415 2711 ἐντολὰς
3464 2638 3746 2713 ποιοῦντες

329 2742 608 2798 caelorum
635 2758 647 2795 :
675 2739 947 2810 dicatque
972 2736 1140 2791 nobis
1163 2732 1794 2801 DeusVerbum,Filins
1814 2736 1870 2788 et
1892 2749 1980 2788 sa-
2091 2726 2232 2805 λέγω

2091 2726 2261 2805 λέγω,
2305 2729 2399 2786 ’ίνα
2453 2735 2876 2806 καταντήσωμεν
2918 2736 3032 2808 (13)
3090 2733 3201 2790 ἐκεῖ
3260 2736 3335 2799 εἷς
3391 2738 3484 2793 τὸν
3547 2738 3745 2812 λιμένα

323 2831 546 2905 pientis
576 2829 801 2885 Patris:
841 2851 861 2877 ι
899 2828 1038 2882 Ecce
1068 2841 1174 2897 ego
1205 2829 1263 2879 et
1309 2822 1475 2896 pueri
1524 2822 1637 2878 moi
1682 2838 1831 2894 quos
1877 2822 1976 2877 de-
2085 2819 2178 2873 τὸν
2212 2841 2232 2873 a

2089 2819 2178 2873 τὸν
2212 2822 2484 2896 σωτήριον
2531 2820 2582 2876 ἐν
2634 2826 2703 2896 τῇ
2752 2822 3001 2898 βασιλείᾳ
3044 2828 3152 2879 τῶν
3195 2824 3455 2901 οὐρανῶν,
3487 2829 3577 2882 καὶ
3610 2826 3733 2902 εἷ’πῃ

324 2919 464 2975 disti
495 2919 736 2975 mihi”:
765 2939 793 2967 »
818 2932 1045 2988 nosque
1066 2914 1148 2970 ita
1194 2913 1413 2985 alloqui
1453 2911 1762 2981 dignetur:
1793 2911 1978 2983 Euge,
2089 2909 2117 2963 ὁ
2148 2910 2232 2964 est

2089 2909 2117 2963 ὁ
2148 2910 2275 2971 Θεὸς
2327 2908 2526 2986 Λόγος,
2571 2911 2600 2965 ὁ
2647 2911 2769 2973 Υἱὸς
2815 2914 2851 2981 ἡ
2901 2912 3064 2990 σοφία
3106 2918 3205 2970 τοῦ
3255 2914 3481 2989 Πατρός·
3523 2937 3551 2969 α
3591 2912 3729 2970 Ἰδοὺ

320 3009 470 3066 servi
496 3007 698 3064 fideles
718 3011 777 3063 et
796 3005 955 3075 boni,
988 3020 1167 3076 super
1195 3018 1385 3075 ppuca
1404 3000 1601 3057 fuistis
1626 2998 1849 3067 fideles,
1874 3015 1974 3054 su-
2085 2997 2191 3074 ἐγὼ
2220 3019 2232 3053 ι

2089 2997 2191 3074 ἐγὼ
2220 2998 2310 3053 καὶ
2360 2999 2427 3054 τὰ
2467 2995 2678 3067 παιδία,
2721 2996 2754 3053 ἄ
2805 3020 2897 3073 μοι
2946 2996 3172 3076 ἔδωκας,
3213 3024 3241 3054 »
3295 3002 3382 3057 καὶ
3426 3001 3733 3078 καταξιὼσῃ

324 3115 427 3172 per
455 3096 643 3153 multa
670 3112 771 3152 vos
801 3094 1182 3162 constituam,
1215 3093 1429 3148 intrate
1454 3090 1515 3145 in
1548 3104 1790 3161 regnum
1812 3087 1975 3143 vobis
2004 3117 2049 3186 ρ
2087 3084 2232 3142 simi

2089 3084 2254 3142 εΐπιῖν
2300 3088 2389 3143 καὶ
2438 3085 2577 3163 πρὸς
2627 3089 2796 3161 ἡμᾶς’
2850 3086 2906 3143 εὖ
2934 3134 2950 3157 ,
3002 3087 3191 3147 δοῦλοι
3238 3090 3419 3145 πιστοὶ
3462 3091 3553 3147 καὶ
3608 3091 3735 3168 ἀγα-

323 3191 716 3261 prsaparatum
744 3186 810 3240 “.
844 3183 1008 3240 Faxit
1037 3180 1231 3237 Deus!
1267 3181 1474 3235 Amen.
2009 3174 2048 3186 “’“
2086 3175 2192 3230 00t-

2089 3175 2192 3230 Bot'
2245 3174 2334 3230 ἐπὶ
2387 3175 2553 3251 ὀλίγα
2598 3176 2697 3246 ἦτε
2743 3176 2950 3247 πιστοὶ,
2995 3176 3084 3233 ἐπὶ
3128 3176 3355 3234 πολλῶν
3409 3182 3735 3250 καταστήσω

2089 3265 2228 3338 ὑμᾶς
2285 3266 2443 3339 (14),
2519 3264 2788 3322 εἶσίλθιτε
2847 3267 2922 3330 εἰς
2976 3269 3076 3339 τήν
3133 3267 3544 3342 ἡτοιμασμένην
3609 3270 3738 3343 ὑμῖν

2091 3351 2390 3429 βασιλείαν.
2426 3352 2647 3409 Γίνοιτο
2673 3356 2685 3411 !
2717 3356 2917 3430 ’Δμήν.

397 3507 443 3541 ⁸ο
474 3506 586 3561 Isa.
622 3520 664 3571 ι,
696 3502 785 3558 13.
861 3501 908 3536 ⁶⁴
940 3501 1054 3556 Isa.
1086 3514 1189 3565 vn,
1220 3497 1308 3551 14.
1384 3494 1432 3531 ⁶²
1460 3498 1573 3550 Isa.
1609 3511 1686 3563 1x,
1716 3494 1770 3548 6.
1849 3491 1894 3530 ⁸³
1917 3493 2032 3549 Isa.
2064 3510 2184 3564 vm,
2214 3496 2232 3550 1

2089 3510 2184 3564 an,
2214 3494 2301 3550 18.
2376 3494 2423 3531 ⁶⁴
2451 3494 2656 3553 Matth.
2690 3513 2823 3567 xxv,
2852 3498 2942 3553 21.
2972 3499 3063 3555 23.

396 3652 805 3729 (11_)_Seg_uer.,
838 3644 1111 3729 ἀπόλλου.
1146 3643 1324 3728 Basil.
1362 3639 1599 3729 ἀπέλου,
1630 3639 1801 3729 Edit‘i,
1834 3636 1986 3729 ἐπώ,
2087 3635 2221 3729 ,εἴπῃ

2249 3637 2277 3729 δ
2309 3638 2432 3729 ιςὶὸς
2462 3638 2760 3729 καὶὶΛόγος
2782 3644 2880 3697 τοῦ
2910 3645 3067 3713 Θεοῦ,
3099 3643 3134 3712 ἡ
3166 3645 3265 3698 τοῦ
3314 3645 3523 3721 Πατρὸς
3553 3642 3737 3723 σοφία·

324 3707 805 3795 λοῦξῗΜοέυδθε.,’
846 3719 1022 3795 ὀρθῶς
1071 3718 1393 3790 ἀναγνοῦσα.
1426 3712 1634 3786 Ὀρθῶς
1684 3707 1796 3765 καὶ⁷
1823 3709 1976 3784 ἀκρι-
2087 3707 2361 3795 Ἰδορ.
2390 3711 2481 3795 καὶ
2510 3711 2577 3765 τὰ
2604 3707 2786 3795 stiva.

324 3791 458 3857 ϐῶς.
710 3784 786 3795 ν’
880 3784 890 3795 ’
1183 3784 1195 3790 ⁷
1335 3857 1342 3858 ί
1494 3784 1501 3786 “
1885 3856 1906 3858 Η
2102 3855 2115 3858 _
2155 3784 2232 3852 (tl

2102 3855 2115 3858 _
2155 3784 2397 3858 (14)$ic
2444 3786 2794 3858 Sgeguerset
2842 3786 3207 3858 Basiliensis.
3264 3790 3327 3843 In
3378 3787 3551 3843 editis
3602 3787 3743 3858 ὑμᾶς

391 3854 505 3942 (12)
533 3871 770 3942 Seguer.
795 3862 1137 3942 _Goblerian.
1170 3864 1228 3915 et
1255 3857 1407 3915 Felc.
1433 3858 1484 3925 1,
1504 3858 1612 3910 τῶν
1643 3856 1971 3928 τρικυμιῶν’
2084 3855 2232 3942 ἀριῖι

2089 3855 2267 3942 deest:
2302 3854 2619 3942 Moxnhaac,
2653 3854 2905 3942 γένοιτο-Ξ
2933 3856 3107 3942 ἀμήγ,
3141 3860 3358 3942 desunt
3406 3860 3467 3914 in
3494 3854 3743 3942 _Goblgr.

320 3927 642 4008 Ed‘iti,"tiir7
664 3934 942 4008 κυμάτων.
1052 4004 1061 4008 _
1256 4002 1283 4008 Δ
1330 4000 1343 4008 _
1372 4000 1384 4008 _
1548 4004 1556 4008 _
1600 4000 1636 4008 Π
1785 3999 1795 4008 _
2175 3928 2232 4008 [ῖς

2089 3930 2142 4008 _st
2175 3927 2322 4008 Felc.
2357 3929 2407 3983 1.
2442 3927 2683 4000 Seguer.
2712 3928 2890 3987 habet
2924 3927 2990 3999 ἧς
3020 3927 3235 4004 γένοιτο
3266 3928 3546 4005 ἰπιτυχιῖν
3578 3930 3740 4004 ὑμᾶς.

389 3997 501 4085 (13)
533 3997 796 4085 δθευρέη
829 4004 1219 4085 κεῖαντήσῃτε.
1244 4000 1475 4085 Gobler.
1509 4004 1567 4082 et
1600 3999 1825 4085 l'elc.1,
1849 4016 1975 4085 κξετζ
2083 3997 2232 4071 Ἀμή

2089 3997 2288 4071 Ἀμήν.

318 4066 644 4153 αν-ὶᾶςξςὴιέαίῗ
683 4066 814 4137 Mox
859 4066 1201 4134 iidem'd'uo
1247 4071 1549 4146 postremi,
1607 4066 1867 4145 οὐρανῶν,
1896 4066 1972 4123 ’ἶν’

1210 4327 1280 4384 ΙΝ
1316 4323 1713 4383 HISTORIAM
1753 4322 1844 4379 DE
1887 4321 2376 4380 MELCHISEDEC
2412 4321 2842 4382 ADMONITIO.

391 4463 691 4535 Propalam
718 4469 797 4517 est
823 4460 923 4515 hoc
950 4456 1278 4528 opusculum
1305 4469 1417 4509 non
1445 4466 1556 4507 esse
1583 4448 1897 4515 Athanasii,
1931 4446 2025 4504 sed
2052 4447 2418 4517 nugacissimi
2443 4447 2739 4519 cujusdam
2772 4448 3039 4520 Graeculi,
3097 4451 3195 4522 qui
3237 4457 3608 4508 commentum
3640 4447 3741 4509 hoc

312 4569 480 4608 suum
508 4559 570 4606 ut
596 4550 894 4620 evulgaret,
924 4545 1231 4601 Athanasio
1260 4557 1425 4597 ausus
1454 4542 1530 4596 est
1555 4539 1843 4595 ascribere.
1873 4536 2022 4594 Unde
2040 4538 2317 4591 miramur
2339 4536 2621 4593 eruditum
2643 4537 2934 4611 quemdam
2958 4538 3119 4611 hujus
3138 4542 3244 4596 avi
3257 4542 3748 4612 scriptorem,adeo

312 4644 560 4713 ineptam
590 4640 883 4694 historiam
905 4636 1202 4692 Athanasio
1235 4647 1478 4687 asserere
1518 4630 1777 4685 voluisse.
1816 4626 1965 4699 Quid
1995 4628 2173 4697 magis
2200 4627 2350 4681 enim
2378 4628 2587 4683 aniltm
2619 4630 2764 4700 sopit
2805 4627 3081 4701 fabulam,
3126 4644 3292 4701 quam
3332 4629 3591 4687 narratio
3621 4628 3745 4699 illa,

312 4734 380 4788 de
413 4731 622 4788 Melchi
649 4745 777 4798 rege
809 4728 1012 4793 Solem,
1043 4727 1285 4797 quicum
1313 4725 1429 4779 diis
1459 4723 1621 4777 vellet
1652 4718 1964 4788 immolare,
1995 4717 2374 4774 Melchisedeco
2405 4719 2522 4789 ﬁlio
2544 4719 2714 4791 jussit
2744 4723 2805 4776 ut
2850 4720 3079 4792 aﬂerret
3123 4721 3344 4778 vitulos.
3402 4723 3736 4794 Repugnass-

311 4831 420 4877 tem
445 4818 891 4875 Metchisedecum
923 4819 1103 4887 ipsum
1133 4812 1411 4883 sacriﬁcio
1442 4809 1778 4869 destinavit;
1807 4824 1935 4863 cum
1963 4822 2137 4863 uxore
2162 4816 2359 4863 sortem
2388 4808 2539 4863 misit
2569 4817 2631 4865 ut
2661 4809 2828 4865 sciret
2859 4814 2986 4865 uter
3013 4826 3083 4865 ea:
3112 4809 3323 4867 duobus
3375 4811 3514 4883 ﬁliis
3557 4812 3737 4867 sacri-

309 4912 438 4981 ﬁcio
468 4907 775 4980 oﬁerendus
806 4914 981 4962 esset:
1015 4906 1072 4960 in
1100 4900 1534 4973 primoyenilum
1559 4898 1716 4970 patri
1744 4898 2130 4953 charissimam
2161 4912 2280 4951 sors
2310 4897 2498 4952 cadit:
2560 4898 2788 4953 ducitur
2836 4898 2934 4954 ille
2980 4898 3366 4958 immolandus
3411 4914 3539 4956 cum
3574 4900 3740 4971 quin-

301 5001 481 5072 gentis
508 5000 645 5054 aliis
670 4994 1124 5060 adolescentibus,
1155 5008 1226 5046 ex
1254 4993 1476 5061 aliaque
1505 4996 1662 5061 parte
1692 4988 1941 5043 tricenlis
1977 5002 2091 5043 una
2138 4987 2481 5042 mactandis.
2538 4987 2803 5059 Beneﬁcio
2846 4989 3015 5045 sortis
3058 4998 3306 5050 servatus
3357 4989 3736 5059 Melchisedec,

301 5094 453 5161 rogat
486 5094 659 5144 Deum
688 5095 749 5142 ut
780 5085 1183 5140 absorbeantur
1216 5082 1258 5135 ii
1287 5081 1384 5150 qui
1421 5080 1527 5133 diis
1558 5077 1942 5145 immolabant,
1978 5081 2103 5131 tum
2140 5077 2393 5132 hiscente
2417 5082 2567 5131 terra
2599 5078 2926 5133 absorbetur
2956 5087 3067 5135 tota
3098 5081 3314 5149 civitas,
3342 5096 3443 5138 nec
3471 5097 3584 5136 uno
3611 5083 3735 5154 qui-

298 5180 420 5234 dem
447 5178 756 5249 superstite.
792 5176 853 5229 In
880 5172 1104 5227 densam
1131 5167 1335 5223 silvam
1363 5166 1560 5222 secedit
1594 5165 1940 5221 Melchisedec
1978 5181 2078 5237 per
2106 5166 2480 5237 seplennium,
2512 5165 2611 5221 ubi
2639 5167 2861 5221 dorsum
2911 5168 3032 5238 ejus
3081 5170 3257 5225 instar
3299 5169 3595 5227 testudinis
3639 5185 3730 5225 oc-

299 5269 521 5338 calluit,
551 5281 764 5336 ungues
791 5265 866 5318 ad
882 5259 1068 5333 palmi
1098 5258 1501 5329 longitudinem
1532 5260 1803 5319 crescunt,
1839 5259 1890 5310 et
1917 5256 2133 5311 similia
2169 5254 2569 5323 detiramtnta,
2602 5270 2728 5326 qua:
2754 5257 2980 5311 etiamsi
3005 5271 3115 5313 non
3145 5262 3325 5314 essent
3352 5259 3496 5315 alias
3549 5267 3737 5329 aperte

298 5356 670 5428 repudianda,
706 5354 788 5409 vel
817 5367 887 5407 ea:
917 5351 1013 5404 hoc
1043 5364 1149 5404 uno
1178 5345 1504 5402 damnanda
1533 5344 1673 5415 quod
1702 5362 1810 5400 non
1844 5345 2014 5400 semel
2044 5360 2169 5399 cum
2202 5344 2493 5416 Scriptura
2522 5346 2816 5416 mani/este
2841 5350 3109 5416 pugnent.
3139 5347 3548 5405 Prsetereasub
3567 5348 3735 5421 linem

299 5446 559 5519 opusculi
588 5447 665 5500 ita
695 5445 765 5499 de
794 5443 1027 5498 Nica’na
1055 5437 1265 5510 synodo
1304 5452 1487 5491 sermo
1516 5436 1764 5502 habetur,
1796 5437 1957 5507 quasi
1975 5435 2221 5507 jamdiu,
2254 5450 2429 5506 neque
2445 5435 2671 5505 hujusce
2694 5436 2983 5507 scriptoris
3002 5453 3139 5503 sevo,
3175 5437 3474 5510 celebrata,
3522 5442 3583 5495 ut
3621 5455 3729 5498 vox

294 5534 429 5589 κατὰ
456 5533 679 5610 καιρούς
708 5532 966 5589 indicare
993 5528 1227 5584 videtur.
1262 5526 1410 5581 Satis
1456 5527 1687 5597 antiqua
1732 5529 1917 5581 tamen
1950 5526 2177 5582 esthere
2235 5523 2491 5595 historia,
2553 5529 2750 5597 utpote
2797 5541 2919 5597 quae
2973 5526 3036 5581 in
3083 5526 3268 5584 codice
3323 5529 3498 5602 Regio
3552 5532 3725 5585 exstet

292 5626 367 5683 ab
397 5626 559 5680 anuis
587 5625 712 5695 plus
736 5620 1101 5694 septingentis
1129 5617 1420 5688 descripto.
1454 5618 1733 5671 Caeterum
1760 5632 1969 5685 magna
1990 5622 2071 5672 est
2102 5612 2359 5671 codicum
2388 5615 2653 5683 varietas,
2682 5615 2816 5687 quia
2848 5616 3078 5688 quisque
3111 5614 3723 5688 librarius,hujusmodi

290 5714 590 5787 conspectis
618 5711 802 5785 nugis,
832 5725 1001 5767 novas
1030 5707 1303 5765 arbitratu
1330 5720 1427 5764 suo
1457 5720 1637 5774 nugas
1666 5704 1882 5777 adjecit.
