4170 6374
374 403 493 461 597

1541 400 1605 459 S.
1652 397 2175 459 ATHANASIUS.
2201 425 2279 442 —
2310 397 2622 458 SPURIA.

3677 395 3802 454 538

375 534 520 588 dixit
544 550 555 587 :
579 532 700 587 Heu
730 531 897 602 mihi,
931 532 1150 588 frustra
1179 532 1440 588 laboravi
1474 536 1530 587 et
1561 547 1856 587 aerumnas
1896 527 2016 583 tuli,

2143 523 2322 598 δῶμεν
2355 527 2537 581 θυσίαν
2571 523 2660 580 ἕνα
2692 532 2800 580 τῶν
2830 525 2961 579 υἱῶν
2990 527 3173 598 ἡμῶν.
3208 524 3271 580 Ἠ
3317 520 3374 578 δὲ
3420 524 3558 598 γυνή
3611 521 3800 594 αὐτοῦ,

375 623 536 685 Quod
571 622 672 676 ubi
703 636 800 676 rex
829 621 1001 686 vidit,
1036 622 1154 676 ait:
1188 621 1268 676 Ne
1299 621 1455 687 ﬂeto,
1486 622 1583 676 sed
1621 625 1835 675 sortem
1901 617 2035 671 mit-

375 716 606 778 tamus;
632 710 682 764 si
707 727 834 766 sors
860 710 1006 764 mihi
1030 711 1347 778 obvenerit,
1375 727 1545 780 quem
1571 709 1775 765 libebit
1797 707 2032 778 eligam,

378 799 737 870 offeramque
769 799 881 854 diis
912 799 1136 854 nostris
1167 799 1561 865 sacrificium;
1595 797 1682 852 sin
1709 796 2033 866 tibi,quem

378 887 633 942 volueris
665 886 832 958 elige,
865 892 922 941 et
954 903 1119 942 serva
1173 888 1390 957 ipsum.
1450 887 1594 941 Illud
1643 887 1771 940 ideo
1821 885 2032 950 aiebat,

379 978 529 1046 quod
545 980 1032 1047 speraretsortem
1047 976 1287 1031 arbitrio
1307 975 1624 1031 sacerdotis
1636 975 2030 1029 obventuram.

382 1067 623 1121 Mittunt
654 1067 853 1136 itaque
885 1069 1125 1130 sortem,
1158 1081 1285 1135 quae
1313 1081 1446 1119 cum
1470 1063 1681 1135 regina:
1705 1063 2032 1136 obtigisset,

380 1155 554 1226 elegit
572 1155 672 1208 illa
693 1171 866 1225 quem
893 1153 1175 1225 diligebat
1196 1153 1706 1209 Melchisedecum.
1726 1153 1843 1208 Rex
1867 1169 2035 1224 porro

377 1245 570 1300 Salem
591 1247 905 1315 superatus
928 1244 999 1298 ab
1023 1259 1229 1309 uxore,
1251 1259 1426 1313 quem
1452 1259 1581 1298 sors
1604 1242 1936 1314 assignarat
1967 1241 2034 1297 ﬂ-

376 1333 524 1389 lium
555 1333 860 1388 adornavit
890 1333 963 1387 ad
995 1332 1374 1395 sacrificium,
1406 1333 1628 1387 veritus
1662 1347 1732 1387 ne
1773 1333 1911 1387 deos
1943 1332 2034 1387 of-

376 1425 640 1478 fenderet
671 1438 829 1478 suos.
873 1423 938 1477 Et
993 1437 1302 1494 regressus
1364 1421 1751 1478 Melchisedec
1809 1426 2030 1493 septem

376 1513 590 1568 vitulos
617 1511 834 1566 attulit.
864 1512 1182 1582 Acceptum
1244 1515 1445 1567 autem
1506 1516 1672 1582 pater
1728 1509 1914 1565 filium
1963 1527 2032 1566 ex

378 1607 533 1658 sorte
563 1599 914 1664 necandum,
959 1599 1032 1654 ad
1065 1600 1269 1654 fanum
1321 1597 1611 1653 idolorum
1673 1598 1923 1653 ducebat
1969 1597 2030 1652 in

377 1690 822 1746 dodeoatheum.
866 1688 1203 1743 Convenere
1236 1689 1377 1744 item
1411 1688 1470 1741 in
1506 1687 1859 1743 sacrificium
1911 1693 2029 1744 tres

375 1787 430 1835 et
459 1778 761 1850 quingenti
813 1777 977 1848 pueri
1010 1793 1044 1831 a
1075 1776 1347 1847 patribus
1405 1776 1531 1832 suis
1573 1776 1774 1848 oblati,
1823 1781 1879 1833 et
1931 1776 2028 1833 alii

2146 612 2437 686 ἀκούσασα,
2490 614 2717 670 ἕκλαυσε
2766 618 2999 690 πικρῶς·
3051 612 3192 689 ἔγνω
3219 612 3321 689 γὰρ
3353 615 3488 686 (20),
3521 610 3604 668 ὅτι
3663 632 3800 688 προ-

2147 704 2299 780 φάσει
2353 702 2496 759 Θέλει
2530 706 2558 759 6
2594 703 2846 780 βασιλεὺς
2896 708 3147 780 φονεῦσαι
3195 703 3287 758 τὸν
3315 698 3684 778 Μελχισεδὲκ,
3715 700 3799 757 ὅτι

2147 791 2416 848 ὠνείδισεν
2477 794 2623 865 αὐτῷ
2680 792 2769 848 ἐπὶ
2822 793 2918 862 τήν
2979 792 3182 850 θυσίαν.
3240 792 3340 848 Καὶ
3389 791 3796 862 ἀνεστέναξενὴ

2151 882 2458 958 βασίλισσα,
2492 884 2579 938 καὶ
2634 884 2801 938 εἶπεν
2834 881 3024 956 Οἵμοι,
3059 883 3318 938 ἐκοπίασα
3371 881 3460 937 καὶ
3510 881 3798 956 ἐμόχθησα

2145 971 2220 1032 εἰς
2269 973 2440 1029 κενόν.
2493 971 2641 1028 Ἰδὼν
2702 969 2759 1025 δὲ
2817 972 2984 1040 αὐτὴν
3041 973 3071 1028 6
3130 969 3402 1047 βασιλεὺς,
3432 969 3575 1025 εἶπεν
3635 971 3793 1044 αὐτῇ·

2146 1063 2231 1129 Μὴ
2259 1059 2440 1129 κλαῖε,
2471 1059 2615 1116 ἀλλά
2647 1059 2805 1137 δεῦρο
2865 1059 3151 1136 λάχωμεν·
3199 1061 3289 1115 καὶ
3350 1059 3438 1114 ἐὰν
3497 1058 3645 1136 λάχῃ
3680 1081 3795 1133 μοι,

2143 1149 2466 1226 ἐπιλέγομαι
2525 1151 2583 1204 ὃν
2643 1151 2814 1218 θέλω,
2860 1150 2950 1204 καὶ
3012 1147 3173 1204 δώσω
3219 1148 3377 1204 αὐτὸν
3439 1147 3622 1203 θυσίαν
3680 1154 3796 1212 τοῖς

2144 1241 2287 1301 θεοῖς
2334 1241 2518 1312 ἡμῶν·
2553 1238 2600 1294 εἰ
2650 1237 2706 1294 δὲ
2753 1238 2904 1316 λάχῃ
2937 1259 3044 1309 σοι,
3077 1237 3315 1308 ἐπίλεξαι
3373 1239 3432 1292 ὃν
3492 1236 3552 1293 ἂν
3609 1237 3800 1314 Θέλῃς,

2141 1328 2229 1382 καὶ
2263 1328 2648 1406 παραφύλαττε
2676 1327 2858 1383 αὐτόν.
2893 1331 3064 1382 Τοῦτο
3099 1325 3156 1382 δὲ
3201 1325 3380 1402 ἔλεγε,
3413 1324 3589 1382 δοκῶν
3637 1348 3800 1383 κατα-

2142 1417 2439 1492 λαγχάνειν
2469 1422 2547 1490 τῷ
2575 1418 2710 1492 ἱερεῖ
2739 1419 2873 1490 (21)’
2904 1415 2996 1471 καὶ
3033 1415 3295 1490 βαλόντες
3334 1415 3568 1492 κλῆρον,
3601 1414 3798 1493 ἔλαχεν

2140 1509 2175 1575 ἡ
2241 1507 2550 1580 βασίλισσα,
2608 1507 2699 1561 καὶ
2783 1504 3073 1576 ἐπελέξατο
3147 1507 3238 1560 τὸν
3317 1503 3682 1581 Μελχισεδὲκ,
3737 1508 3796 1563 ὃν

2140 1595 2346 1670 ἠγάπα.
2398 1597 2459 1653 Ὁ
2506 1594 2563 1651 δὶ
2627 1594 2881 1670 βασιλεὺς
2929 1594 3152 1667 Σαλὴμ,
3184 1594 3440 1664 ἡττηθεὶς
3496 1597 3641 1670 παρὰ
3695 1600 3795 1663 τῆς

2137 1686 2390 1761 γυναικὸς
2448 1684 2635 1756 αὐτοῦ,
2663 1686 2755 1739 τὸν
2814 1684 3058 1760 λαχόντα
3102 1683 3251 1756 αὐτῷ
3299 1683 3415 1738 υἱὸν
3474 1684 3796 1759 ηὐτρέπισιν

2139 1775 2215 1837 εἷς
2275 1774 2477 1829 θυσίαψ
2537 1770 2785 1853 ἐφοϐεῖτο
2843 1776 2948 1850 γὰρ
3019 1776 3384 1850 προσκροῦσαι
3465 1779 3583 1836 τοῖς
3652 1781 3794 1838 θεοῖς

374 1868 616 1924 trecenti
651 1884 684 1922 a
713 1867 1022 1933 matribus,
1057 1881 1282 1921 necnon
1317 1867 1489 1920 boves
1521 1872 1577 1921 et
1599 1883 1733 1922 oves
1755 1867 2016 1922 innume-

2140 1864 2302 1919 αὐτοῦ
2333 1867 2469 1938 (22).
2502 1866 2598 1919 Καὶ
2633 1863 2808 1928 ἐλθὼν
2841 1865 2869 1917 6
2899 1860 3257 1938 Μελχισεδὲκ,
3278 1861 3476 1968 ἤγεγκι
3503 1865 3633 1926 τοὺς
3661 1864 3793 1919 έπτᾶ

376 1977 474 2026 rae,
499 1957 725 2029 fuitque
747 1959 1018 2027 paratum
1043 1955 1420 2010 sacrificium.
1457 1955 1630 2010 Porro
1661 1956 1852 2010 Salem
1886 1955 2024 2010 Mel-

375 2046 668 2102 chisedeci
701 2052 909 2111 mater,
941 2044 1103 2099 domi
1137 2045 1348 2098 sedens
1380 2040 1881 2100 exclamavitvoce
1904 2060 2024 2100 me-

375 2153 509 2208 gna,
542 2136 742 2205 aitque
775 2131 1235 2188 Melohisedeco:
1295 2135 1503 2188 Annon
1555 2133 1734 2188 deﬂes
1785 2133 2023 2189 fratrem

371 2230 562 2291 tuum,
596 2223 697 2296 qui
729 2229 862 2294 post
889 2226 1119 2276 tantum
1152 2221 1435 2290 laborem,
1473 2222 1544 2276 ad
1574 2239 1774 2277 necem
1815 2239 2025 2295 prope-

373 2315 506 2369 rat?
537 2313 760 2379 Quibus
793 2311 892 2365 ille
927 2309 1145 2364 auditis
1179 2311 1353 2379 ﬂevit,
1387 2311 1586 2381 aitque
1618 2311 1830 2366 matri:
1865 2313 2024 2382 Opus

371 2409 460 2458 est
489 2407 554 2456 ut
584 2401 779 2456 isthuc
809 2399 919 2454 loci
954 2399 1274 2454 concedam
1303 2416 1316 2464 ;
1352 2415 1721 2471 surgensque
1759 2401 2024 2456 ascendit

370 2493 428 2546 in
463 2495 725 2546 montem
755 2489 1016 2544 Thabor.
1041 2487 1302 2558 Surgens
1323 2488 1462 2543 item
1491 2493 1679 2544 mater
1699 2492 1851 2561 ejus,
1873 2499 2022 2546 tem-

372 2581 537 2651 plum
570 2579 738 2650 petiit
765 2577 1078 2643 idolorum,
1115 2581 1178 2631 ut
1209 2577 1398 2632 filium
1429 2577 1668 2640 videret.
1703 2583 2019 2651 antequam

371 2671 754 2734 occideretur,
779 2674 964 2722 etuna
985 2671 1176 2721 totum
1202 2682 1388 2736 genus
1413 2683 1611 2722 suum.
1638 2669 2022 2726 Melchisedec

373 2764 594 2823 autem,
618 2771 937 2810 conscenso
971 2760 1167 2809 monte
1199 2755 1454 2820 Thabor,
1480 2755 1641 2810 ﬂexis
1658 2757 1909 2827 genibus
1930 2759 2020 2813 di-

368 2851 486 2902 xit:
512 2848 681 2912 Deus,
705 2845 1109 2900 universorum
1135 2843 1442 2912 Dominus,
1471 2845 1571 2916 qui
1605 2846 1786 2900 fecisti
1805 2847 2016 2903 coelum

368 2942 426 2992 et
441 2941 679 3001 terram,
708 2939 766 2989 te
787 2933 988 2988 invoco
1007 2931 1200 2988 solum
1232 2949 1436 2988 verum
1470 2935 1671 3003 Deum,
1700 2937 1904 2991 exaudi
1926 2953 2020 2992 me

366 3026 476 3082 hac
507 3026 666 3088 hora,
696 3024 1037 3095 jubetoque,
1072 3025 1137 3076 ut
1167 3024 1434 3077 omnium
1468 3027 1752 3093 quotquot
1801 3025 2020 3080 adsunt

365 3115 652 3172 sacrificio
685 3112 880 3168 fratris
926 3111 1040 3166 mei
1103 3111 1334 3176 Melchi,
1398 3110 1562 3166 locus
1621 3113 1701 3168 sit
1750 3113 2016 3171 infernus

365 3206 467 3278 qui
499 3220 597 3260 eos
629 3201 929 3273 deglutiat.
967 3200 1390 3270 Exaudivitque
1421 3201 1576 3255 Deus
1635 3201 2014 3260 Melchisede-

2142 1953 2406 2028 μόσχους.
2441 1949 2635 2006 Λαϐὼν
2682 1950 2740 2006 δὲ
2789 1951 2818 2006 ὀ
2858 1953 3040 2026 πατὴρ
3071 1953 3163 2006 τὸν
3198 1947 3443 2026 λαχόντα
3472 1951 3620 2024 αύτῷ
3651 1953 3789 2024 υἱὸν,

2139 2041 2424 2118 ἐπορεύετο
2456 2041 2540 2096 ἐπὶ
2571 2042 2662 2096 τὸν
2695 2041 2821 2096 ναὸν
2847 2045 2956 2095 τῶν
2991 2038 3237 2095 εἶδώΑων
3270 2039 3322 2095 ἐν
3352 2045 3431 2113 τῷ
3452 2039 3789 2114 δωδεκαθέῳ·

2138 2129 2406 2200 συνῆλθον
2439 2129 2496 2185 δὲ
2523 2129 2609 2185 ἐπὶ
2639 2135 2707 2204 τῇ
2741 2129 2896 2201 θυσίᾳ
2926 2131 3010 2208 φγ¹
3032 2127 3220 2192 παῖδες
3255 2126 3361 2184 ὕπὸ
3381 2134 3490 2184 τῶν
3516 2129 3667 2185 ἰδίων
3689 2153 3792 2186 πα-

2135 2220 2302 2295 τέρων
2338 2220 2795 2296 προσφερόμενοι·
2827 2220 2919 2273 καὶ
2965 2217 3128 2273 ἄλλοι
3175 2219 3480 2294 τριακόσιοι
3650 2221 3794 2292 παρὰ

2133 2313 2240 2363 τῶν
2271 2308 2543 2383 μητέρων,
2577 2308 2666 2362 καὶ
2704 2308 2825 2382 βόεν
2855 2307 2944 2360 καὶ
2993 2301 3242 2382 πρόϐατα
3305 2307 3668 2383 ἀναρίθμητα,
3700 2308 3790 2364 καὶ

2135 2397 2345 2472 ἐγένετο
2394 2401 2429 2467 ἡ
2481 2398 2634 2461 θυσία
2689 2394 2936 2469 ἕτοιμος.
2975 2394 3178 2467 Σαλήμ
3237 2393 3294 2450 δὲ
3351 2397 3385 2465 ἡ
3453 2399 3636 2471 μήτ-ηρ
3693 2402 3789 2452 τοῦ

2135 2485 2500 2562 Μελχισεδὲκ,
2532 2487 2816 2558 καθημένη
2870 2485 2921 2540 ἐν
2967 2490 3048 2557 τῷ
3106 2483 3244 2558 οἷδιῳ
3302 2485 3494 2551 αὐτῆς,
3526 2481 3789 2557 ἀνεϐόησε

2133 2580 2286 2654 φωνῇ
2342 2575 2554 2650 μεγάλῃ
2605 2575 2692 2629 καὶ
2740 2574 2887 2648 λέγει
2939 2578 3018 2646 τῷ
3049 2571 3410 2648 Μελχισεδέκ’
3443 2573 3522 2630 Οὐ
3580 2575 3788 2637 κλαίεις

2129 2664 2220 2720 τὸν
2251 2663 2483 2742 ἀδελφόν
2519 2685 2634 2735 σου,
2669 2663 2751 2718 ὅτι
2816 2663 2950 2734 μετὰ
3003 2667 3260 2717 τοσοῦτον
3321 2663 3560 2735 κάματον
3619 2663 3783 2739 ἀπέρ-

2130 2775 2286 2829 χεται
2367 2758 2672 2831 σφαγῆναι;
2735 2754 2832 2808 Καὶ
2906 2755 3075 2807 ταῦτα
3141 2751 3374 2814 ἀκούσας
3427 2755 3552 2828 παρ’
3611 2753 3780 2821 αὐτῆς

2129 2841 2378 2914 ἕκλαυσε,
2409 2844 2499 2896 καὶ
2532 2842 2673 2916 λέγει
2726 2845 2796 2915 τῇ
2855 2841 3024 2915 μητρὶ
3083 2840 3268 2896 αὐτοῦ’
3303 2843 3446 2902 Ἕως
3502 2846 3610 2895 τῶν
3667 2837 3776 2894 ὧδε

2129 2933 2316 3009 χρείαν
2352 2930 2486 3008 ἔχω·
2519 2931 2609 2986 καὶ
2642 2930 2891 2998 ἀναστὰς,
2923 2927 3153 2997 ἀνῆλθεν
3184 2929 3234 2984 ἐν
3283 2933 3362 3001 τῷ
3394 2925 3505 3002 ὄρει
3555 2923 3770 3004 Θαϐώρ.

2129 3021 2226 3076 Καὶ
2270 3024 2304 3090 ἡ
2364 3025 2549 3096 μήτηρ
2598 3021 2761 3074 αὐτοῦ
2809 3021 3097 3092 ἀναστᾶσα,
3145 3019 3384 3084 ἀπῆλθεν
3431 3017 3482 3073 ἐν
3532 3023 3611 3090 τῷ
3665 3023 3778 3090 ναῷ

2125 3116 2232 3165 τῶν
2300 3109 2569 3179 εἰδώλων,
2633 3107 2838 3173 ῗδέσθαι
2914 3111 3006 3164 τὸν
3088 3109 3279 3178 ἑαυτῆς
3354 3109 3493 3177 υἱὸν,
3553 3109 3680 3183 πρὶν
3740 3107 3777 3177 ἢ

2126 3202 2434 3276 σφαγῆναι,
2496 3199 2585 3254 καὶ
2643 3197 2772 3254 ὅλον
2830 3199 2893 3254 τὸ
2940 3200 3090 3275 γένος
3146 3198 3335 3266 αὐτῆς.
3392 3195 3663 3254 Ἀνελθὼν
3721 3196 3780 3251 δὲ

365 3272 522 3364 cum,
555 3309 620 3348 ac
651 3272 962 3362 derepente
999 3293 1200 3359 aperta
1244 3293 1334 3343 est
1381 3293 1557 3355 terra,
1607 3295 1663 3345 et
1709 3292 2015 3364 deglutivit

2130 3272 2474 3364 Μελχισεδὲκ
2530 3289 2604 3351 εἰς
2661 3289 2723 3343 τὸ
2775 3283 2902 3364 ὅρος
2955 3272 3179 3362 Θαϐὼρ,
3211 3286 3400 3349 κλίνας
3428 3287 3495 3342 τὰ
3553 3288 3782 3362 γόνατα,

365 3400 485 3451 eos,
520 3382 853 3438 universam
885 3378 1109 3434 scilicet
1140 3377 1427 3433 familiam
1458 3378 1685 3447 Melchi,
1721 3397 1856 3437 cum
1895 3387 2017 3439 tota

368 3473 537 3538 urbe,
560 3475 644 3525 ita
663 3475 729 3525 ut
749 3485 856 3524 nec
878 3467 1076 3532 homo,
1102 3483 1207 3521 nec
1230 3482 1351 3537 ara,
1371 3483 1478 3522 nec
1498 3469 1723 3531 fanum.
1753 3487 1855 3526 nec
1879 3472 2016 3527 bru-

367 3566 518 3628 tum,
543 3575 732 3630 neque
754 3561 1024 3612 creatura
1054 3555 1254 3626 aliqua
1284 3556 1447 3612 urbis
1477 3557 1659 3613 totius
1715 3567 2016 3632 superstes

370 3651 582 3716 fuerit;
617 3647 718 3704 sed
749 3645 948 3703 omnia
977 3646 1256 3715 absorpta
1286 3644 1422 3700 sint.
1460 3647 1766 3702 Descendit
1818 3654 2014 3707 autem

369 3738 754 3795 Melchisedec
784 3737 855 3790 de
885 3739 1083 3789 monte
1113 3731 1369 3802 Th‘abor,
1401 3740 1457 3790 et
1487 3736 1584 3790 ubi
1617 3753 1746 3793 sese
1803 3739 1952 3796 vidit
1981 3758 2016 3796 a

370 3836 480 3884 Deo
501 3828 862 3895 exauditum,
887 3839 1100 3895 magno
1123 3823 1331 3879 timore
1353 3829 1654 3896 correptus
1672 3826 1730 3881 in
1756 3835 2014 3886 montem

366 3921 512 3974 191
551 3915 909 3986 remigravit,
942 3919 1118 3982 atque
1149 3912 1207 3966 in
1269 3913 1510 3968 densam
1559 3914 1864 3985 ingressus
1913 3918 2015 3974 sil-

361 4025 516 4074 vam,
550 4010 777 4076 septem
809 4002 928 4056 illic
960 4017 1146 4056 annos
1176 4002 1501 4072 permansit
1530 4021 1542 4057 :
1591 4006 1787 4060 nudus
1835 4011 1899 4062 ut
1945 4024 2015 4063 ex

361 4103 560 4152 ventre
592 4093 798 4148 matris
830 4107 949 4146 suae
983 4090 1310 4162 prodierat:
1347 4107 1571 4162 ungues
1585 4094 1713 4163 ejus
1736 4095 1805 4149 ad
1831 4095 2013 4167 palmi

361 4186 539 4240 unius
569 4181 997 4254 longitudinem
1042 4183 1372 4242 creverunt,
1400 4180 1594 4252 capilli
1623 4198 1758 4238 vero
1803 4186 2011 4256 capitis

359 4275 431 4330 ad
465 4271 812 4328 umbilicum
844 4284 1033 4340 usque
1065 4268 1325 4338 protensi
1351 4271 1768 4338 sunt,dorsum
1789 4273 1918 4343 ejus
1949 4279 2014 4329 ut

357 4363 594 4419 cochlea
611 4358 930 4416 testudinis
963 4357 1267 4412 obduruit.
1301 4357 1480 4412 Cibus
1508 4361 1638 4428 ejus
1657 4367 1825 4416 erant
1840 4364 2008 4419 arbo-

356 4471 487 4508 rum
520 4454 730 4520 baccm,
764 4453 935 4520 potus
973 4450 1172 4500 autem
1208 4462 1302 4501 ros
1336 4462 1512 4516 quem
1548 4447 1830 4519 lingebat.
1874 4455 2012 4508 Post

357 4547 581 4613 septem
615 4554 823 4602 annos,
857 4553 964 4591 vox
987 4535 1254 4606 quaedam
1275 4534 1672 4590 Abrahamum
1699 4539 2012 4610 compella-

2127 3379 2290 3433 εἶπεν
2342 3381 2403 3436 Ὁ
2449 3378 2576 3440 Θεὸς
2623 3378 2652 3431 6
2699 3381 2805 3431 τῶν
2857 3375 3001 3431 ὅλων
3052 3375 3266 3451 Κύριος,
3316 3377 3346 3432 6
3396 3378 3631 3447 ποιήσας
3687 3386 3778 3430 τόν

2126 3468 2351 3544 οὐρανὸν
2409 3467 2499 3522 καὶ
2555 3467 2653 3535 τήν
2706 3473 2853 3539 γῆν,
2915 3466 2972 3520 σὲ
3030 3464 3399 3540 ἐπικαλοῦμαι
3453 3466 3546 3521 τὸν
3611 3465 3776 3538 μόνον

2124 3555 2383 3628 ἀληθινὸν
2439 3557 2592 3629 Θεὸν,
2652 3554 2947 3610 έπάκουσόν
3002 3576 3108 3630 μου
3157 3559 3225 3629 τῇ
3284 3554 3400 3630 ὥρᾳ
3445 3555 3613 3629 ταύτῃ
3687 3554 3777 3609 καὶ

2123 3644 2562 3719 πρόσταξον,⁶ίνα
2609 3643 2728 3700 ὅσοι
2785 3645 3138 3722 παρεγένοντο
3198 3644 3285 3699 ἐπὶ
3342 3648 3410 3718 τῇ
3471 3644 3624 3715 θυσίᾳ
3678 3649 3775 3700 τοῦ

2123 3733 2363 3814 ἀδελφοῦ
2425 3757 2527 3808 μου
2587 3733 2794 3809 Μελχὶ,
2828 3736 2855 3788 ὁ
2888 3735 3057 3796 τόπος
3089 3732 3219 3808 ᾇδῃς
3256 3734 3495 3810 γένηται,
3527 3733 3616 3788 καὶ
3672 3755 3772 3789 κα-

2122 3825 2290 3898 ταπίῃ
2324 3824 2537 3886 αὐτούς.
2573 3823 2668 3878 Καὶ
2700 3822 2996 3894 ἐπήκουσεν
3028 3825 3056 3878 ὁ
3083 3823 3212 3886 Θεὸς
3259 3827 3358 3878 τοῦ
3404 3820 3770 3898 Μελχισεδὲκ,

2122 3915 2213 3969 καὶ
2270 3914 2467 3976 εὐθέως
2521 3909 2708 3988 ἔχανεν
2762 3915 2797 3982 ἡ
2847 3920 2941 3988 γῆ,
2972 3913 3063 3967 καὶ
3113 3913 3362 3968 κατέπιεν
3420 3912 3632 3985 αὐτοὺς,
3681 3913 3772 3968 καὶ

2123 4011 2294 4059 πᾶσαν
2357 4003 2535 4082 φυλὴν
2591 4003 2689 4058 τοῦ
2748 4001 3082 4078 Μελχὶ,σὺν
3140 4003 3285 4076 πάσῃ
3331 4005 3399 4076 τῇ
3456 4000 3638 4057 πόλει·
3681 4002 3773 4058 καὶ

2123 4091 2246 4149 οὔτε
2305 4095 2612 4170 ἅνθρωπος,
2674 4091 2735 4146 οὗ
2793 4092 3005 4167 βωμὸς,
3065 4091 3126 4147 οὐ
3184 4091 3333 4162 ναὸς,
3394 4091 3495 4146 οὐκ
3549 4090 3772 4168 ἄλογον,

2122 4182 2245 4238 οὔτε
2299 4204 2383 4245 τις
2441 4181 2616 4244 κτίσις
2673 4185 2773 4246 τῆς
2833 4180 3010 4251 πάσης
3068 4180 3286 4243 πόλεως
3346 4177 3576 4253 ἔμεινεν,
3628 4179 3774 4236 ἀλλὰ

2120 4273 2293 4328 πάντα
2368 4270 2644 4346 ἐχανώθη.
2711 4269 2959 4340 Κατῆλθε
3028 4268 3085 4326 δὲ
3143 4271 3171 4325 6
3248 4267 3593 4346 Μελχισεδὲκ
3665 4270 3772 4325 ἀπὸ

2118 4360 2216 4416 τοῦ
2301 4357 2461 4432 ὅρους
2547 4355 2742 4436 Θαϐὼρ
2778 4405 2792 4429 ,
2871 4360 2961 4414 καὶ
3049 4357 3179 4415 ἰδὼν
3215 4407 3231 4433 ,
3315 4358 3400 4414 ὅτι
3477 4357 3773 4431 ἐπήκουσεν

2119 4450 2284 4505 αὐτοῦ
2341 4451 2368 4504 ὁ
2427 4449 2596 4519 Θεὸς,
2658 4450 2710 4503 έν
2768 4443 2924 4525 φόϐῳ
2987 4445 3210 4524 μεγάλῳ
3269 4446 3435 4503 πάλιν
3517 4449 3770 4526 ὑπέστρε-

2119 4543 2213 4613 ψεν
2243 4539 2318 4600 εἰς
2348 4541 2410 4592 τὸ
2441 4535 2594 4613 ὄρος,
2636 4539 2726 4593 καὶ
2785 4538 2837 4592 ἐν
2896 4541 2975 4610 τῷ
3028 4534 3179 4592 δασεῖ
3221 4543 3321 4608 τῆς
3379 4536 3515 4608 ὕλης
3573 4537 3766 4607 ἐλθὼν,

352 4633 455 4697 vit,
490 4631 725 4684 dicens:
759 4625 1077 4692 Abraham,
1111 4624 1431 4678 Abraham.
1467 4625 1787 4696 Respondit
1818 4630 1996 4686 Abra-

2130 4628 2361 4702 pévaosv
2395 4627 2507 4683 ἐκεῖ
2535 4626 2626 4698 ἔτη
2661 4628 2794 4683 ἑπτά
2826 4630 2962 4701 (24)’
3005 4628 3211 4701 γυμνὸς
3271 4628 3347 4690 ὡς
3400 4627 3506 4682 ἀπὸ
3537 4629 3766 4704 γαστρὸς

352 4722 488 4775 ham
515 4717 791 4773 :Domine
813 4716 914 4769 mi.
935 4712 1041 4767 Cui
1066 4729 1201 4767 vox:
1227 4713 1785 4783 Sternejumentum
1807 4721 2000 4790 tuum,

347 4808 703 4880 impuneque
726 4809 918 4858 vestes
941 4802 1227 4874 pretiosas
1251 4809 1303 4854 et
1329 4801 1633 4857 novacula.
1663 4808 1720 4858 et
1752 4809 2001 4864 ascende

348 4898 406 4952 in
441 4899 700 4951 montem
733 4892 986 4959 Thabor,
1021 4896 1226 4960 terque
1259 4888 1484 4944 clama:
1531 4890 1713 4947 Homo
1776 4896 1892 4964 Dei,
1945 4903 2002 4954 et

344 4986 676 5058 egredietur
707 4983 878 5036 homo
931 4980 1110 5034 ferus.
1170 4978 1253 5032 Ne
1311 4979 1592 5034 formides
1650 4980 1840 5051 illum,
1898 4989 1998 5044 sed

343 5077 499 5143 rade,
535 5088 763 5145 ungues
803 5085 1020 5132 reseca,
1055 5068 1353 5138 indueque
1405 5068 1598 5134 illum,
1648 5087 1714 5124 ac
1765 5075 1997 5131 benedi-

342 5166 594 5220 ctionem
627 5165 756 5230 ejus
787 5159 1004 5228 accipe.
1040 5156 1312 5227 Fecitque
1347 5157 1634 5213 Abraham
1670 5164 1823 5231 quod
1868 5165 1996 5233 jus-

342 5270 473 5309 sum
507 5251 617 5308 sibi
654 5253 845 5304 fuerat
875 5264 908 5301 a
943 5245 1211 5307 Domino,
1247 5248 1304 5298 et
1334 5246 1598 5300 ascendit
1626 5247 1683 5302 in
1735 5257 1993 5309 montem

342 5343 592 5408 Thabor,
616 5334 968 5407 stetitquein
993 5333 1178 5388 densa
1199 5333 1374 5388 silva:
1419 5341 1540 5388 tum
1591 5339 1678 5390 ter
1707 5340 1994 5399 exclama-

554 5516 638 5600 με.
670 5514 808 5600 Reg.
842 5517 899 5595 et
930 5509 1269 5600 Colb.\Editi
1297 5527 1470 5598 vero,‘
1488 5509 1722 5600 ἐπέγνων
1755 5514 1878 5592 γάρ.

409 5580 520 5658 (21)
554 5587 716 5660 Beg.,
751 5580 933 5660 gemini
957 5580 1385 5660 καταλαγχάνειν
1417 5581 1526 5660 τὸν.
1553 5580 1654 5660 τῆς
1686 5580 1983 5660 -γυηάικός,

338 5652 522 5734 001δῆ
555 5652 728 5734 δὲκήῶν
762 5655 837 5734 ιξὴ
872 5652 1033 5734 λάχει
1062 5652 1160 5734 τὴγ
1199 5652 1422 5725 έίὺναῖκα
1469 5652 1634 5734 (εύτοῦ
1678 5652 1983 5734 (δέ-κλῆρος,

578 5729 730 5793 Haec,
762 5719 1032 5799 ’ἐφοϐεῖτο
1082 5724 1183 5794 γὰρ
1214 5719 1606 5798 ’προσκροῦσαι
1662 5732 1778 5790 τοῖς
1839 5719 1985 5793 θέοῖς

2117 4719 2324 4795 μητρὸς
2354 4717 2516 4772 αὐτοῦ
2547 4715 2788 4787 ἐξῆλθεν·
2822 4715 2912 4771 καὶ
2947 4715 3194 4790 ἐγένοντο
3238 4717 3294 4770 οἱ
3345 4712 3543 4792 ὄνυχες
3601 4716 3766 4772 αὐτοῦ

2112 4809 2491 4881 σπιθαμήσιοι,
2522 4807 2610 4862 καὶ
2645 4807 2697 4860 αἱ
2736 4805 2925 4880 τρίχες
2981 4805 3077 4872 τῆς
3133 4805 3380 4884 κεφαλῆς
3439 4805 3603 4860 αὐτοῦ
3659 4802 3765 4869 ἓως

2107 4898 2206 4966 τής
2265 4896 2464 4976 ὀσφύος
2522 4896 2710 4966 αὐτοῦ,
2741 4893 2828 4950 καὶ
2861 4895 3094 4958 ὁνῶτος
3153 4895 3319 4950 αὐτοῦ
3385 4893 3588 4969 ἐγένετο
3639 4894 3765 4950 ὡσεὶ

2110 4984 2282 5061 δέρμα
2312 4985 2589 5063 χελώνης.
2623 4987 2686 5042 Ἡ
2721 4981 2778 5038 δὲ
2806 4984 2982 5062 τροφή
3035 4985 3201 5038 αὐτοῦ
3249 4981 3523 5058 ἀκρόδρυα
3552 4985 3643 5055 ἦν,
3675 4985 3766 5039 καὶ

2108 5077 2135 5130 ὁ
2167 5077 2330 5137 ποτὸς
2376 5075 2539 5130 αὐτοῦ
2587 5071 2802 5148 δρόσος,
2834 5074 2892 5126 ’ὸν
2944 5068 3150 5147 ἔλειχε.
3182 5072 3284 5129 Καὶ
3341 5074 3475 5145 μετὰ
3522 5073 3590 5127 τὰ
3633 5073 3768 5128 ἑπτὰ

2107 5163 2196 5236 ἔτη
2273 5166 2428 5242 φωνή
2504 5163 2644 5232 ἦλθε
2701 5167 2780 5234 τῷ
2837 5157 3106 5237 Ἀϐραὰμ,
3170 5161 3430 5236 λέγουσα,
3489 5158 3766 5238 Ἀϐραὰμ,

2105 5250 2375 5329 Ἀϐραάμ.
2409 5251 2508 5307 Καὶ
2559 5253 2702 5307 εἶπεν
2766 5245 3034 5328 Ἀϐραάμο
3095 5252 3156 5308 Ὁ
3214 5246 3410 5326 Κύριός
3476 5272 3602 5324 μου.
3664 5251 3766 5308 Καὶ

2105 5345 2242 5398 εἷπε·
2279 5346 2532 5418 Στρὼσον
2578 5343 2640 5397 τὸ
2689 5339 2977 5414 ὑποζύγιόν
3028 5361 3148 5411 σου,
3180 5338 3270 5395 καῖ
3323 5341 3589 5416 βάστασον
3631 5339 3766 5415 ἱμά-

2103 5521 2288 5590 αὐτοῦ,
2304 5522 2517 5577 desunt
2544 5519 2605 5574 in
2629 5519 2825 5587 editis,
2841 5519 2941 5575 sed
2965 5519 3261 5574 habentur
3283 5518 3340 5574 in
3367 5519 3508 5590 Reg.
3523 5522 3581 5573 et
3600 5518 3762 5590 βου).

2191 5586 2284 5662 23)
2318 5594 2405 5648 Ita
2436 5592 2575 5664 Reg.
2610 5599 2667 5646 et
2695 5586 2853 5647 Colb.
2889 5591 2952 5646 In
2993 5591 3167 5664 editis
3216 5591 3384 5664 deest
3431 5586 3759 5664 τριακόσιοι.

2170 5667 2294 5737 (24),
2317 5665 2411 5720 Sic
2441 5662 2666 5737 textum
2699 5668 2874 5737 antea
2902 5662 3180 5737 mutilum
3213 5678 3292 5737 ex
3322 5662 3476 5736 Reg;
3497 5662 3758 5720 restitui-

2097 5729 2425 5792 mizsﬁlbid.
2460 5735 2625 5793 Colb.
2654 5739 2712 5790 et
2739 5735 2894 5790 infra
2920 5733 3098 5789 habet
3127 5729 3220 5804 ἔτη
3253 5733 3313 5805 ξ’.
