4170 6356
391 397 510 456 529

1536 388 1908 451 HISTORIA
1954 389 2054 449 DE
2100 385 2672 450 MELCHISEDEC.

3693 390 3813 450 530

390 545 482 580 τια
531 520 813 590 πολυτελῆ
861 524 953 578 καὶ
1011 523 1168 595 ξυρὸν
1202 523 1340 596 (25),
1369 521 1459 577 καὶ
1511 519 1701 577 ἄνελθε
1743 519 1794 575 ἐν
1824 525 1904 592 τῷ
1935 515 2048 596 ὄρει

2165 519 2247 576 vit
2283 538 2294 574 :
2327 519 2512 576 Homo
2540 518 2640 574 Dei
2675 518 2687 573 Ξ
2722 519 3125 591 Egressusque
3157 522 3246 575 est
3277 519 3812 593 Melchisedec,quo

391 609 608 690 Θαϐὼρ,
639 613 729 669 καὶ
781 612 979 688 κράξον
1005 616 1153 686 τρεῖς
1209 610 1409 688 φωνάς’
1441 613 1729 684 ’Ἄνθρωπε
1755 614 1856 664 τοῦ
1888 614 2040 664 Θεοῦ⁸

389 703 481 759 καὶ
538 702 814 758 ἐλεύσεται
893 702 1183 777 ἄνθρωπος
1240 698 1603 776 ἠγριωμένος.
1644 700 1738 767 Μή
1799 693 2048 772 φοϐηθῇς

391 790 485 848 οῦν
537 791 720 846 αὐτόν’
774 789 921 847 ἀλλὰ
972 790 1186 865 ξύρισον
1247 788 1429 860 αὐτὸν,
1481 789 1568 843 καὶ
1625 788 1909 863 ὀνύχισον,
1959 788 2048 841 καὶ

390 880 660 960 ἀμφίασον
722 879 882 935 αὐτὸν
939 881 1075 953 (26),
1136 878 1226 933 καὶ
1287 877 1619 954 εὐλογήθητι
1679 884 1803 952 παρ’
1861 876 2045 932 αὐτοῦ·

391 972 494 1028 Καὶ
526 970 778 1042 ἐποίησεν
811 965 1067 1046 Ἀϐραὰμ
1114 969 1253 1023 καθά
1302 967 1574 1038 συνέταξεν
1639 967 1784 1039 αὐτῷ
1829 966 2046 1038 Κύριος,

387 1062 479 1116 καὶ
539 1059 773 1130 ἀνῆλθεν
835 1059 915 1121 είς
969 1058 1034 1114 τὸ
1093 1052 1220 1133 ὄρος
1277 1050 1494 1130 Θαϐὼρ,
1526 1055 1615 1110 καὶ
1667 1052 1791 1126 ἔστη
1851 1055 1926 1117 εἷς
1982 1055 2048 1108 τὰ

393 1146 558 1204 δασέα
611 1153 710 1219 τῆς
773 1147 935 1219 ὕληςο
970 1147 1062 1202 καὶ
1117 1144 1301 1220 ἕκραξε
1344 1150 1489 1222 τρεῖς
1522 1145 1722 1223 φωνάς·
1757 1145 2048 1221 ’Ἀνθρωπε

393 1242 492 1291 τοῦ
569 1242 723 1294 Θεοῦ.
783 1238 882 1291 Καὶ
959 1234 1182 1306 ἐξῆλθεν
1244 1235 1270 1288 6
1331 1231 1692 1309 Μελχισεδὲκ,
1751 1232 1840 1287 καὶ
1912 1229 2042 1286 εἶδεν

403 1320 678 1400 ’Δϐραάμ,
719 1327 808 1382 καὶ
859 1320 1125 1404 ἐφοϐήθη.
1160 1324 1258 1378 Καὶ
1307 1326 1450 1380 εἶπεν
1497 1322 1643 1395 αὐτῷ
1695 1321 1722 1377 6
1769 1320 2048 1397 Μελχισε-

403 1411 516 1468 δέκ’
551 1415 643 1483 Μὴ
702 1409 899 1492 φοϐοῦ,
930 1412 1051 1470 ἀλλ’
1084 1414 1220 1468 εἴπεο
1271 1412 1368 1476 Τίς
1401 1414 1484 1482 εἴ;
1519 1412 1607 1466 καὶ
1655 1411 1776 1466 τινὰ
1825 1415 2044 1482 (utsic;

406 1505 541 1560 Εἴπε
601 1502 658 1559 δὲ
712 1498 1004 1579 Ἀϐραάμ·
1067 1503 1361 1579 Προτέταξέ
1421 1523 1517 1575 μοι
1575 1502 1770 1576 Κύριος
1824 1499 2047 1573 ξυρῆσαί

403 1613 462 1647 σε
511 1596 598 1646 καί
645 1591 1046 1666 όνυχοκοπῆσάί
1098 1612 1153 1646 σε
1199 1594 1335 1664 (27),
1368 1590 1458 1646 καὶ
1507 1592 1793 1668 ἀμφιάσαι,
1825 1591 1915 1645 καὶ
1964 1589 2048 1644 εύ-

403 1679 703 1757 λογηθῆναι
761 1681 906 1756 παρά
953 1685 1069 1738 σοῦ.
1102 1682 1163 1738 Ὀ
1197 1678 1254 1735 δέ
1300 1677 1640 1756 Μελχισεδὲκ
1687 1681 1829 1734 εἶπεν
1880 1677 2043 1750 αὐτῷ·

391 1775 481 1830 Ὠς
539 1769 832 1843 προσέταξέ
890 1790 976 1824 σοι
1047 1769 1274 1846 Κύριος,
1334 1769 1580 1836 ποίησον.
1641 1769 1737 1824 Καὶ
1793 1768 2042 1838 ἐποίησεν

395 1851 674 1933 Ἀϐραὰμ,
710 1858 784 1920 ὡς
841 1857 1162 1932 προσέταξεν
1221 1857 1368 1932 αὐτῷ
1427 1858 1645 1934 Κύριος.
1697 1857 1800 1916 Καὶ
1847 1854 2048 1912 κατελ-

395 1947 502 2011 θὼν
533 1947 560 2002 ὁ
591 1944 938 2023 Μελχισεδὲκ
967 1946 1074 2002 ἀπὸ
1121 1952 1218 2004 τοῦ
1270 1943 1430 2020 ὄρους
1466 1943 1660 2023 Θαϐὼρ
1719 1947 1851 2020 μετά
1905 1951 2050 2023 τρεῖς

403 2036 632 2110 ἡμέρας,
701 2035 860 2112 κέρας
935 2035 1123 2092 ἐλαίου
1199 2032 1415 2107 λαϐὼν,
1493 2038 1583 2092 καὶ
1658 2035 2048 2114 ἐπισφραγίοας

393 2130 474 2198 τῷ
504 2124 708 2202 ῥήματι
738 2130 836 2182 τοῦ
871 2131 1028 2198 Θεοῦ,
1063 2125 1342 2203 ηὐλόγησε
1388 2125 1480 2182 τὸν
1532 2121 1784 2201 ’Δϐραάμ
1848 2124 2048 2201 λέγων’

394 2213 790 2288 Εὐλογημένος
847 2217 896 2270 εἴ
943 2214 1024 2289 τῷ
1077 2220 1194 2288 Θεῷ
1223 2220 1303 2288 τῷ
1333 2215 1562 2290 ὑψίστῳ,
1594 2215 1684 2270 καὶ
1740 2217 1802 2272 τὸ
1861 2215 2052 2272 λοιπὸν

394 2303 641 2360 καλεῖται
674 2306 736 2359 τὸ
767 2299 945 2378 ὄνομά
975 2326 1072 2360 σου
1099 2303 1540 2379 τετελειωμένων
1573 2307 1707 2380 (28),
1739 2305 1827 2360 καὶ
1873 2304 2052 2361 οὐκέτι

397 2391 593 2449 λοιπὸν
640 2391 893 2450 καλεῖται
949 2393 1013 2450 τὰ
1072 2390 1246 2468 ὄνομά
1298 2416 1394 2450 σου
1454 2390 1693 2470 Ἀϐράμ,
1735 2394 1861 2450 ἀλλ’
1905 2391 2051 2450 ἔσται

393 2483 458 2538 τὸ
515 2479 690 2556 ὄνομά
745 2505 841 2538 σου
896 2483 1128 2552 τέλειον,
1189 2479 1456 2558 Ἀϐραάμ.
1508 2484 1614 2542 Καὶ
1671 2483 1836 2540 πάλιν
1897 2485 2052 2562 φωνή

394 2569 536 2640 ἦλθε
584 2577 665 2645 τῷ
714 2567 979 2649 Ἀϐραάμ·
1016 2574 1044 2628 ὁ
1089 2570 1147 2628 δὶ
1199 2573 1336 2642 εἷπε,
1367 2573 1450 2646 Τί,
1500 2572 1666 2649 Κύριέ
1709 2592 1852 2646 μου;
1886 2575 1946 2631 '0
1998 2571 2056 2628 δὲ

397 2662 596 2737 Κύριος
657 2661 793 2737 πρὸς
851 2661 1033 2717 αὐτόν·
1085 2659 1306 2731 Ἐπειδὴ
1368 2658 1546 2725 οὐδεὶς
1607 2660 1668 2716 ἐκ
1720 2666 1817 2717 τοῦ
1865 2661 2052 2739 γένους

395 2749 493 2807 τοῦ
524 2750 866 2828 Μελχισεδὲκ
893 2751 1266 2824 ἐπερίσσευσεν
1295 2751 1402 2808 ἀπὸ
1451 2759 1550 2821 τῆς
1602 2759 1726 2826 γῆς,
1759 2749 1848 2807 διὰ
1893 2757 2056 2808 τοῦτο

397 2839 736 2910 κληθήσεται
802 2840 1047 2915 ἀπάτωρ,
1095 2842 1350 2915 ἀμήτωρ,
1403 2838 1852 2918 ἀγενεαλόγητος,
1915 2843 2057 2914 μήτε

396 2929 578 3004 ἀρχὴν
610 2928 858 3005 ἡμερῶν,
889 2933 1028 3003 μήτε
1073 2931 1230 2994 τέλος
1281 2928 1425 3007 ἔχων
1479 2937 1647 3002 ζωῆς
1683 2933 2060 3010 ἀφωμοιωμέ-

393 3038 484 3081 νος
517 3016 573 3074 δὲ
601 3023 682 3091 τῷ
707 3021 818 3092 Υἱῷ
864 3024 968 3074 τοῦ
1004 3024 1161 3091 Θεοῦ,
1198 3022 1344 3093 μένει
1377 3020 1551 3096 ἱερεὺς
1603 3021 1678 3083 εἷς
1726 3021 1818 3076 τὸν
1871 3021 2055 3076 αἰῶναο

402 3107 491 3162 καὶ
542 3106 801 3184 ἠγάπησα
850 3107 1030 3181 αὐτὸν,
1065 3109 1138 3171 ὡς
1187 3110 1446 3186 ἠγάπησα
1485 3107 1576 3164 τὸν
1619 3109 1740 3164 Υὶόν
1805 3131 1910 3183 μου
1967 3112 2055 3165 τὸν

403 3197 698 3272 ἀγαπητόν·
750 3196 833 3252 ὅτι
885 3196 1114 3273 ἐφύλαξε
1159 3199 1254 3261 τάς
1308 3196 1530 3261 ἐντολάς
1587 3221 1714 3272 μου,
1747 3199 1834 3254 καὶ
1885 3198 2058 3277 φυλά-

2155 611 2302 680 viso,
2331 608 2626 664 Abraham
2663 608 3099 680 timuit.Aitque
3132 608 3216 663 illi
3250 609 3636 668 Melchisedec
3679 629 3692 666 :
3727 613 3808 666 Ne

2155 699 2390 765 timeas,
2421 698 2520 753 sed
2556 699 2650 752 dic
2682 697 2825 752 mihi
2859 697 2958 769 qui
2991 699 3094 766 sis,
3127 702 3184 753 et
3215 715 3389 770 quem
3414 701 3810 772 queras.Tum

2156 787 2452 843 Abraham
2488 803 2499 841 :
2532 787 2722 842 Jussit
2761 785 2906 841 mihi
2958 787 3269 857 Dominus,
3323 794 3386 843 ut
3430 791 3696 845 raderem
3731 794 3805 845 te.

2158 893 2387 948 ungues
2420 893 2702 943 secarem,
2733 877 3130 945 induerem,ac
3149 877 3615 934 benedictionem
3647 884 3809 934 tuam

2159 967 2504 1036 acciperem.
2556 965 2659 1021 Cui
2713 965 3102 1022 Melchisedec
3137 983 3149 1020 :
3183 966 3293 1020 Fac
3339 968 3490 1038 quod
3541 969 3814 1039 praecepit

2157 1054 2745 1125 Dominus.Fecitque
2772 1054 3068 1110 Abraham
3101 1055 3254 1125 quod
3279 1056 3520 1126 jussum
3553 1056 3666 1111 sibi
3689 1057 3810 1112 fue-

2159 1148 2310 1199 rata
2351 1143 2616 1198 Domino.
2668 1145 2738 1198 Et
2786 1159 2920 1199 cum
2967 1143 3371 1200 descendisset
3420 1143 3813 1202 Melchisedec

2159 1233 2229 1288 de
2262 1238 2457 1288 monte
2489 1232 2742 1300 Thabor,
2777 1237 2908 1304 post
2933 1233 3218 1301 triduum,
3245 1240 3478 1304 accepto
3508 1233 3614 1289 olei
3634 1251 3815 1290 cornu

2160 1339 2226 1378 ac
2257 1323 2502 1394 signans
2533 1322 2704 1379 verbo
2738 1323 2858 1390 Dei,
2896 1323 3195 1378 benedixit
3244 1323 3545 1379 Abraham
3589 1323 3814 1380 dicens.

2158 1412 2505 1468 Benedictus
2537 1429 2599 1468 es
2630 1411 2872 1468 Domino
2909 1414 3020 1469 Deo
3065 1411 3381 1482 altissimo,
3440 1430 3505 1470 ac
3535 1413 3814 1486 deinceps

2157 1501 2268 1557 erit
2297 1518 2510 1557 nomen
2542 1507 2710 1557 tuum
2737 1502 3062 1573 perfectum
3095 1519 3108 1556 :
3145 1517 3253 1558 nec
3303 1502 3462 1558 ultra
3511 1503 3815 1559 vocabitur

2159 1607 2374 1648 nomen
2403 1599 2572 1648 tuum
2604 1593 2843 1661 Abram,
2879 1593 2980 1647 sed
3011 1591 3122 1648 erit
3152 1609 3364 1648 nomen
3421 1597 3589 1648 tuum
3621 1594 3814 1664 perfe—

2159 1687 2342 1751 ctum,
2375 1680 2687 1736 Abraham.
2722 1683 3059 1754 Iterumque
3091 1681 3249 1736 venit
3268 1699 3375 1737 vox
3407 1683 3478 1738 ad
3510 1682 3809 1738 Abraham

2161 1771 2260 1842 qui
2291 1771 2373 1827 ait
2403 1789 2415 1827 :
2450 1771 2597 1836 Quid
2629 1774 2737 1840 est,
2770 1770 3016 1826 Domine
3047 1771 3345 1826 mi?Tum
3378 1771 3662 1827 Dominus
3695 1771 3805 1828 illi:

2157 1859 2642 1931 Quandoquidem
2675 1875 2848 1915 nemo
2871 1876 2939 1915 ex
2967 1874 3176 1931 genere
3201 1859 3586 1931 Melchisedec
3609 1877 3814 1933 super-

2160 1954 2280 2006 stes
2311 1954 2401 2005 est
2447 1948 2506 2004 in
2538 1954 2712 2017 terra,
2762 1948 2890 2005 ideo
2935 1949 3240 2004 vocabitur
3285 1949 3415 2005 sine
3468 1955 3653 2022 patre,
3687 1950 3814 2007 sine

2160 2042 2366 2110 matre,
2399 2037 2524 2093 sine
2555 2037 2914 2109 genealogia,
2948 2054 3134 2109 neque
3161 2037 3402 2094 initium
3433 2039 3682 2108 dierum,
3711 2057 3811 2095 ne-

2161 2145 2276 2200 que
2307 2128 2485 2184 ﬁnem
2516 2126 2646 2182 vita
2694 2126 2921 2184 habens
2956 2143 2969 2182 :
3004 2126 3371 2184 assimilatas
3419 2133 3618 2185 autem
3668 2128 3811 2186 Filio

2160 2219 2284 2288 Dei,
2320 2221 2517 2273 manet
2541 2217 2812 2273 sacerdos
2850 2217 2911 2272 in
2944 2216 3248 2284 saeculum,
3299 2216 3590 2290 dilexique
3641 2217 3809 2274 illum

2162 2312 2229 2363 ut
2256 2306 2431 2364 dilexi
2465 2305 2676 2363 Filium
2710 2323 2908 2362 meum
2953 2305 3256 2372 dilectum,
3301 2307 3442 2378 quia
3489 2308 3810 2364 custodivit

2162 2399 2448 2470 praecepta
2479 2413 2628 2464 mea,
2661 2401 2719 2452 et
2749 2395 3040 2451 custodiet
3068 2395 3128 2450 in
3160 2394 3392 2451 saecula.
3427 2395 3508 2452 Ne
3544 2395 3810 2451 videatur

2161 2485 2360 2558 itaque
2390 2485 2624 2542 initium
2646 2485 2874 2541 dierum
2908 2502 3022 2540 non
3054 2484 3450 2556 habere,quod
3474 2501 3642 2540 nemo
3663 2484 3814 2540 sciat

2164 2575 2399 2648 quando
2433 2581 2608 2632 natus
2639 2575 2737 2644 sit,
2772 2590 2962 2646 neque
2992 2575 3123 2644 ejus
3154 2575 3812 2646 genealogiam,patrem

2162 2665 2250 2721 vel
2282 2671 2561 2732 matrem;
2595 2663 2725 2718 ideo
2772 2663 2989 2719 dicitur
3024 2663 3151 2718 sine
3201 2668 3386 2734 patre,
3439 2657 3565 2719 sin’e
3607 2669 3814 2732 matre,

2164 2755 2291 2810 sine
2319 2751 2768 2826 genealogia.Et
2797 2751 2937 2822 quia
2971 2751 3194 2824 placuit
3225 2753 3362 2819 Deo,
3398 2757 3596 2808 manet
3627 2768 3819 2809 sacer-

2165 2845 2272 2900 dos
2305 2844 2361 2898 in
2387 2847 2758 2914 perpetuum.
2791 2842 2935 2896 Cum
2972 2840 3154 2912 igitur
3199 2841 3552 2896 occurrisset
3582 2841 3820 2898 Melchi-

2166 2934 2336 2990 sedec
2364 2931 2698 2988 Ahrahamo
2729 2930 3039 2986 revertenti
3082 2946 3151 2986 ex
3181 2930 3332 2985 caede
3383 2947 3588 3001 regum
3613 2947 3626 2998 ;
3660 2930 3820 2986 dedit

2167 3021 2254 3077 illi
2285 3021 2524 3078 calicem
2559 3020 2676 3076 vini
2709 3018 2858 3075 clam
2913 3019 3181 3076 immisso
3233 3019 3404 3091 panis
3434 3019 3642 3087 frusto,
3681 3036 3820 3074 nec-

2169 3129 2284 3168 non
2316 3110 2531 3183 populo
2558 3108 2717 3165 illius
2766 3125 3008 3164 cccxvm
3063 3107 3345 3176 virorum,
3395 3109 3552 3178 quod
3603 3108 3821 3165 dicitur

2170 3202 2571 3269 bucacratum,
2607 3217 2793 3271 usque
2826 3200 2884 3254 in
2929 3200 3275 3271 praesentem
3308 3197 3484 3253 diem.
3520 3202 3596 3254 Eo
3649 3199 3822 3254 modo

400 3285 474 3356 ξει
527 3285 604 3348 εἷς
656 3286 750 3341 τὸν
801 3286 991 3344 αΐῶνα.
1025 3289 1141 3344 Ἵνα
1195 3285 1286 3342 οῦν
1339 3289 1414 3362 μή
1458 3285 1586 3362 δόξῃ
1622 3287 1800 3364 ἀρχὴν
1833 3275 2051 3366 ἡμερῶν

2174 3289 2388 3347 similis
2419 3291 2605 3345 factus
2653 3293 2742 3345 est
2792 3288 2938 3344 Filio
2997 3287 3115 3354 Dei,
3173 3289 3275 3343 sed
3326 3304 3442 3343 non
3494 3287 3821 3343 secundum

404 3377 479 3448 μή
515 3371 690 3450 ἔχειν,
724 3372 814 3431 διὰ
866 3377 929 3432 τὸ
983 3377 1061 3450 μή
1123 3374 1320 3432 εἰδέναι
1370 3378 1490 3432 τινὰ
1521 3377 1652 3433 πότε
1681 3377 1966 3454 ἐγεννήθη,
1997 3379 2060 3434 τὸ

399 3472 500 3535 τῆς
530 3463 884 3542 γενεαλογίας
913 3467 1051 3541 (29),
1086 3468 1226 3539 μήτε
1257 3468 1482 3542 πατρὸς,
1519 3469 1658 3540 μήτε
1707 3465 1940 3541 μητρὸς,
1972 3466 2062 3524 διὰ

400 3559 560 3610 τοῦτο
615 3553 832 3629 λέγεται
883 3554 1130 3630 ἀπάτωρ,
1177 3555 1432 3632 ἀμήτωρ,
1466 3557 1554 3611 καὶ
1607 3555 2056 3633 ἀγενεαλόγητοςο

399 3643 487 3699 καὶ
535 3640 626 3698 διὰ
670 3644 734 3698 τὸ
785 3643 1138 3718 εὐαρεστῆσαι
1187 3643 1345 3700 αὐτὸν
1399 3649 1479 3717 τῷ
1522 3650 1658 3718 Θεῷ,
1696 3647 1841 3720 μένει
1883 3645 2057 3721 ἱερεὺς

401 3732 478 3795 εἰς
505 3731 568 3788 τό
602 3729 868 3803 διηνεκές.
899 3734 987 3795 Ὦς
1035 3732 1126 3789 οῦν
1177 3734 1484 3806 ἀπήντησεν
1521 3734 1548 3789 6
1599 3733 1940 3810 Μελχισεδὲκ
1982 3741 2061 3808 τῷ

400 3817 652 3898 Ἀϐραὰμ
682 3822 1076 3901 ὑποστρέφοντι
1107 3824 1212 3878 ἀπὸ
1239 3826 1338 3893 τῆς
1391 3829 1568 3894 κοπῆς
1605 3828 1714 3880 τῶν
1769 3825 2058 3899 βασιλέων,

406 3908 667 3966 ἐπέδωκεν
701 3910 850 3984 αὐτῷ
881 3914 1152 3988 ποτήριον
1187 3911 1338 3968 οἷ’νου
1370 3913 1616 3990 ἀοράτως
1645 3917 1757 3988 (30)
1779 3909 2056 3969 ἐπιϐαλὼν

407 3996 551 4069 αύτῷ
578 4000 666 4054 καὶ
695 3999 919 4074 κλάσμα
949 4002 1135 4077 ἄρτου,
1167 4001 1257 4056 καὶ
1303 4006 1382 4075 τῷ
1426 4000 1545 4074 λαῷ
1593 4003 1760 4057 αὐτοῦ
1800 3997 1956 4066 ὄντος
2005 4002 2056 4059 ἐν

404 4083 625 4162 ἀνδράσι
653 4091 778 4162 τιη’,
813 4090 842 4146 ’ὀ
876 4089 1092 4166 λέγεται
1143 4092 1514 4167 βουκάκρατον
1566 4088 1672 4153 ’έως
1727 4099 1828 4162 τῆς
1886 4095 2058 4166 σήμε-

403 4195 500 4252 ρον
560 4176 785 4251 ἡμέρας.
823 4180 969 4235 Κατὰ
1011 4184 1202 4235 τοῦτον
1253 4180 1344 4235 τὸν
1392 4176 1596 4256 τρόπον
1657 4181 1926 4254 ὡμοιώθη
1978 4186 2060 4254 τῷ

405 4266 512 4337 1⁸ίῷ
567 4270 664 4321 τοῦ
723 4272 882 4342 Θεοῦ,
915 4267 1044 4324 ἀλλ’
1103 4269 1203 4325 οὐκ
1267 4269 1342 4333 εἷς
1400 4271 1498 4340 τὴν
1553 4271 1737 4346 χάριψ
1769 4270 1858 4324 καὶ
1917 4269 2060 4326 οὕτω

396 4357 614 4430 πρῶτος
679 4353 846 4420 τύπος
905 4356 1113 4432 ἐγένετο
1169 4365 1267 4429 τῆς
1323 4357 1663 4433 ἀναιμάκτου
1721 4359 1903 4422 Θυσίας
1959 4364 2058 4415 τοῦ

2170 3377 2989 3452 gratiam.Atqueitaprimus
3023 3377 3150 3449 ipse
3179 3381 3352 3449 typus
3379 3377 3490 3431 fuit
3530 3376 3826 3431 incruenti

2169 3467 2440 3526 sacriﬁcii
2470 3467 2951 3537 Salvatoris,cum
2985 3465 3122 3522 tulit
3154 3471 3418 3522 sanctam
3445 3466 3823 3522 oblationem.

2170 3561 2534 3630 Quapropter
2563 3557 2645 3613 ait
2675 3574 2688 3613 :
2729 3581 2750 3608 ιι
2785 3559 2870 3613 Τυ
2915 3573 2977 3613 es
3023 3557 3300 3612 sacerdos
3331 3555 3387 3610 in
3419 3560 3701 3611 aeternum
3734 3572 3825 3612 se-

2171 3649 2428 3704 cundum
2455 3647 2719 3703 ordinem
2770 3645 3158 3703 Melchisedec
3207 3647 3273 3716 ⁵⁵,
3328 3666 3356 3694 ››
3407 3645 3688 3716 quoniam
3739 3649 3825 3716 ty-

2171 3755 2282 3811 pus
2313 3738 2425 3794 fuit
2447 3754 2624 3794 sacrae
2658 3736 2992 3807 oblationis,
3039 3737 3279 3792 tradens
3315 3726 3443 3790 eam
3490 3735 3823 3791 Abrahanio

2171 3833 2229 3884 et
2257 3843 2492 3884 CCCXVIII
2524 3826 2686 3882 viris.
2720 3825 3103 3896 Tolidemque
3132 3840 3377 3880 numero
3429 3822 3650 3879 inventi
3682 3830 3824 3879 sunt

2171 3916 2310 3973 olim
2338 3917 2398 3972 in
2429 3916 2662 3971 Nicaena
2693 3916 2836 3970 urbe
2865 3914 3054 3970 sancti
3085 3912 3416 3984 Patres,qui
3450 3917 3667 3968 rectam
3698 3917 3820 3968 sta-

2170 4011 2408 4062 tuerunt
2427 4005 2604 4062 fidem
2638 4021 2652 4060 :
2687 4021 2939 4076 quorum
2962 4019 3246 4060 numerus
3271 4003 3344 4058 ad
3371 4001 3824 4058 similitudinem
3849 4061 3879 4078 '

2169 4093 2512 4167 patriarcha:
2551 4093 2795 4148 Abrahae
2827 4097 2916 4148 est
2948 4096 3339 4148 trecentorum
3373 4091 3575 4147 decem
3609 4096 3665 4146 et
3695 4094 3826 4147 octo

2170 4187 2507 4239 sanctorum
2538 4182 2948 4253 episcoporum
2971 4181 3073 4253 qui
3105 4181 3162 4235 in
3192 4181 3416 4253 synodo
3448 4179 3824 4236 fuere.Deum

2170 4277 2366 4329 autem
2398 4277 2668 4327 nostrum
2701 4271 2868 4326 decet
2897 4269 3084 4343 gloria
3114 4285 3272 4325 nunc
3302 4273 3361 4324 et
3409 4286 3644 4340 semper
3673 4273 3732 4325 et
3761 4269 3824 4335 in

2171 4359 2384 4418 saecula
2419 4357 2787 4416 saculorum.
2812 4362 3012 4414 Amen.

392 4447 655 4516 Σωτῆρος
715 4446 890 4524 φέρων
939 4446 1014 4510 εἷς
1072 4449 1170 4517 τήν
1231 4449 1385 4525 ἁγίαν
1445 4449 1755 4528 προσφοράν
1817 4451 1949 4524 (31).
2010 4450 2103 4505 Διὸ
2162 4447 2331 4525 λέγεν
2388 4471 2416 4499 ‹‹
2469 4446 2542 4502 Σῦ
2601 4444 2774 4520 ἱερεὺς
2835 4445 2910 4508 εἷς
2958 4445 3048 4500 τὸν
3110 4444 3278 4499 αἶῶνα
3325 4443 3460 4498 κατὰ
3517 4445 3616 4512 τὴν
3673 4442 3821 4514 τάξιν

389 4532 753 4611 Μελχισεδὲκ,
790 4535 1038 4606 »ἐπειδή
1097 4536 1268 4601 τύπος
1327 4538 1539 4614 ἐγένετο
1595 4543 1695 4609 τῆς
1752 4539 1906 4616 ἀγίας
1964 4545 2300 4618 προσφορᾶς,
2357 4535 2701 4599 ἐπιδεδωκὼς
2758 4540 2836 4608 τῷ
2890 4530 3158 4612 Ἀϐραὰμ,
3213 4534 3302 4589 καὶ
3353 4539 3471 4596 τοῖς
3528 4541 3657 4604 tu".
3718 4533 3829 4592 Οὕ-

389 4643 466 4677 τω
512 4643 570 4677 τε
610 4623 702 4679 καὶ
754 4625 806 4679 οἱ
857 4627 1004 4700 ἅγιοι
1064 4628 1293 4702 Πατέρες
1341 4629 1476 4683 κατά
1522 4628 1744 4705 καιροὺς
1793 4629 2086 4705 εὑρέθησαν
2152 4628 2202 4683 ἐν
2251 4633 2319 4703 τῇ
2371 4629 2611 4684 Νικαέων
2667 4626 2852 4694 πόλει,
2903 4625 2955 4680 οἳ
2999 4623 3088 4680 καί
3138 4624 3536 4701 ὠρθοτόμησαν
3577 4624 3677 4692 τήν
3729 4623 3828 4678 πί-

391 4731 546 4766 στιν·
613 4714 690 4767 ὧν
745 4715 780 4784 ἡ
842 4711 1108 4786 ποσότης,
1163 4718 1280 4771 καθ’
1337 4717 1641 4791 ὁμοιότητα
1715 4721 1814 4772 τοῦ
1886 4719 2233 4794 πατριάρχου
2293 4721 2402 4791 (32)
2464 4712 2738 4793 Ἀϐραὰμ,
2801 4714 2910 4770 ἐστὶ
2987 4713 3289 4790 τριακόσιοι
3350 4711 3478 4768 δέκα
3527 4712 3618 4768 καὶ
3677 4715 3823 4768 ὀκτὼ

385 4800 530 4876 ἅγιοι
581 4801 871 4858 ἐπίσκοποι
930 4803 983 4861 ἐν
1037 4808 1105 4880 τῇ
1168 4803 1402 4880 συνόδῳ.
1435 4809 1528 4880 Τῷ
1577 4803 1635 4862 δὲ
1684 4812 1800 4880 Θεῷ
1854 4809 2012 4883 ἡμῶν
2071 4809 2265 4885 πρέπει
2324 4805 2451 4878 δόξα
2508 4811 2598 4862 νῦν
2657 4805 2746 4862 καὶ
2824 4805 2928 4877 ἀεὶ,
2993 4806 3082 4861 καὶ
3142 4805 3218 4868 εἲς
3275 4803 3402 4869 τοὺς
3460 4803 3659 4866 αἰῶνας
3714 4806 3822 4859 τῶν

387 4888 627 4948 αἰώνων.
665 4892 718 4949 Ἀ
729 4894 858 4965 μήν,

453 4991 498 5026 ⁸⁸
529 4991 690 5048 Psal.
727 5009 838 5062 cxx,
873 4994 924 5049 4.

454 5089 566 5167 (ἓξ)
603 5091 690 5167 Ita
720 5091 866 5167 Reg.
900 5092 1051 5148 Editi
1083 5110 1240 5164 vero,
1271 5095 1360 5148 καὶ
1392 5096 1574 5151 θῦσον.
1606 5095 1794 5167 ΟοΙΙ).,
1827 5094 1916 5149 καὶ
1949 5097 2048 5150 θῦ-

381 5160 918 5236 σονᾼθυσίανίΚυρίῳ
947 5166 1026 5234 τῷ
1047 5168 1164 5235 Θεῷ
1196 5160 1312 5222 σου.

455 5233 570 5304 (26)
615 5233 1022 5312 _Colbertipus,
1084 5233 1173 5312 καὶ
1230 5236 1640 5312 τριχοκόπησον
1719 5237 1899 5310 αὐτὸν,
1958 5237 2050 5292 καὶ

382 5301 808 5384 ὄνυχοζκόπησον
841 5301 1024 5384 αὐτ-ὄν,
1060 5308 1148 5361 καὶ
1184 5301 1419 5384 φίλησον
1452 5301 1633 5364 αὐτόν.

454 5321 807 5428 υχρκοπησον
841 5321 1024 5374 αυτον,
1060 5321 1148 5361 και
1184 5321 1419 5384 φίλησον
1452 5321 1633 5364 αὐτόν.

454 5377 512 5446 (2
553 5377 1104 5452 λΙιει-(ὶοιὺει-ίίουε.
1137 5382 1200 5436 In
1233 5383 1406 5437 editis
1442 5400 1571 5439 vero
1613 5383 1750 5452 haec,
1784 5381 1874 5434 καὶ
1924 5379 2046 5434 ὀνυ-

378 5448 698 5520 χοκοήσαί
731 5469 810 5519 σε,
843 5451 1077 5507 desunt.

457 5519 689 5604 (‘28)1‘Ita
720 5521 1136 5604 Colb_ertinus._
1154 5523 1390 5604 Editi__e_t
1419 5524 2043 5599 Βεε.,τετελειωμένον.

385 5589 486 5642 Καὶ
521 5589 683 5646 πάλιν
719 5594 897 5662 φωνή,
931 5593 1173 5650 omissis
1208 5595 1436 5652 multis.

478 5662 568 5808 39)
599 5664 685 5722 Ita
717 5662 868 5747 Reg:
892 5665 1042 5721 Editi
1073 5681 1230 5736 vero,
1269 5668 1408 5739 μήτε
1445 5663 1502 5721 δὲ
1529 5666 1899 5742 γενεαλογίας.

480 5734 546 5790 30
601 5737 696 5796 Sic
728 5738 964 5808 Regius.
999 5737 1153 5797 Editi
1191 5755 1348 5808 vero,
1379 5741 1644 5808 πιτήριον
1694 5737 1899 5808 ἄκρατα

480 5734 568 5808 30)
601 5737 696 5796 Sic
728 5734 964 5812 Regius.
999 5737 1153 5797 Editi
1191 5734 1348 5814 vero,
1379 5734 1644 5815 πιτήριον
1694 5734 1923 5816 ἄκρατον
1956 5737 2042 5797 ἐπ.

2158 5097 2410 5168 Inferius
2443 5096 2689 5168 Regium
2719 5095 3044 5168 sequimur,
3067 5096 3166 5151 ubi
3197 5095 3256 5150 in
3286 5092 3466 5149 editis
3495 5089 3822 5162 legebaturo

2160 5173 2238 5240 τῷ
2269 5166 2386 5239 λαῷ
2415 5162 2580 5222 αὐτοῦ
2610 5169 2718 5241 τινί
2748 5162 3002 5241 εὼς-τῆς,
3032 5162 3159 5241 ὀιο.Δ
3196 5236 3207 5241 _
3259 5238 3265 5241 Α
3645 5228 3655 5238 .

2233 5234 2466 5312 (31)Ἰιει
2515 5234 2810 5312 εκΒεεῇο
2862 5234 3060 5312 locum
3108 5236 3377 5312 vitiatum
3428 5234 3818 5312 restitui'mus.

2160 5299 2342 5385 Colb;
2377 5313 2460 5367 sic
2484 5299 2909 5385 ‘habctffA/J'
2937 5308 3084 5385 οὕτω
3132 5310 3350 5385 πρῷτος
3409 5303 3578 5385 ςτύπτις
3611 5299 3825 5385 γέγονεν

2159 5383 2186 5436 ὁ
2222 5379 2572 5455 Ἀείελχισεδὲκ
2606 5375 2705 5460 τῆς
2742 5379 3082 5460 ἀναιμάκτῳ
3113 5375 3328 5460 νθυσίας,
3364 5375 3536 5460 φέρων
3594 5375 3669 5460 EE:
3721 5375 3819 5455 τ’ξιν

2161 5454 2315 5527 ἁγίαν
2353 5448 2682 5530 ’προσφορὰν
2737 5448 2894 5530 ἄρτον
2947 5453 3036 5506 καὶ
3081 5452 3226 5505 οἶνον
3275 5448 3577 5516 καῖ’ὕδωρ,
3610 5448 3821 5503 δεικνὺς

2154 5521 2218 5578 τὸ
2256 5521 2682 5598 τρισιῷπόστατον
2716 5521 2932 5598 κράτος.

2225 5579 2343 5668 (ΒΞ)
2377 5599 2619 5668 Regius,
2679 5580 2852 5668 Οότοι
2898 5579 3028 5666 ’γὰρ
3089 5592 3396 5668 ὑπάρχουσι
3455 5579 3824 5668 συμμερισταξ

2154 5654 2250 5720 τοῦ
2283 5654 2658 5740 πατρ.Ἳῃΐι·έι,
2686 5669 2773 5740 Τῷ
2809 5661 2868 5718 δὲ
2907 5654 3046 5737 est},
3079 5654 3212 5732 etc.,
3238 5654 3316 5720 ’ἐκ
3345 5659 3524 5732 Regio
3575 5654 3827 5709 mutuati

2153 5738 2482 5798 sumus.'ln
2517 5738 2696 5798 editis
2728 5738 2994 5797 deerant.
