4170 6348
327 441 445 504 533

1513 441 1749 504 LIBER
1795 441 1893 502 DE
1939 435 2606 500 DEFlNlTlONlBUS.

397 577 460 631 In
481 579 868 649 manuscripto
897 591 1062 649 porro
1096 577 1334 633 Colbert.
1370 577 1530 644 4753,
1573 574 1903 648 opusculum
1953 573 2179 629 habetur
2220 571 2315 628 hoc
2339 573 2503 628 titulo
2556 587 2566 626 :

3642 431 3760 492 534

2619 565 2894 646 Κεφάλαιά
2942 587 3059 620 τινα
3108 563 3396 642 ὀφείλοντα
3445 561 3761 628 ἐπίστασθαι

327 669 467 735 τοῖς,
495 664 572 727 ὡς
609 663 727 735 ἐξὸν
765 664 1088 740 ἀνθρωπίνῳ
1113 663 1226 733 νοί,
1259 663 1620 740 βουλομένοις
1649 669 1853 740 γνῶναι
1899 663 1961 716 τὸ
2010 663 2307 737 μυστήριον
2341 667 2439 730 τῆς
2487 663 2583 714 τοῦ
2630 658 2808 733 Λόγου
2849 657 3194 731 σαρκώσεως.
3245 656 3448 729 Capita
3495 656 3763 726 quaedam

331 771 462 826 quae
494 756 650 812 scire
682 760 913 828 oportet
942 772 1062 824 eos,
1097 755 1220 827 qui,
1257 764 1315 810 ut
1348 757 1453 811 fert
1485 755 1734 811 facultas
1766 754 1982 810 mentis
2013 753 2487 818 humanas,nosse
2516 751 2722 806 volunt
2755 748 3099 822 mysterium
3134 745 3556 803 Incarnationis
3586 741 3762 800 Verbi

327 844 487 899 hihic
516 845 700 900 multa
731 844 1022 914 habentur,
1057 861 1175 916 quae
1207 846 1267 900 in
1297 843 1382 900 his
1411 861 1622 917 quoque
1651 843 2072 914 Deﬁnitionibus
2101 843 2374 913 leguntur,
2404 843 2622 913 suisque
2654 842 2780 896 locis
2811 839 3217 896 adnotavimus.

738 1133 867 1188 ΤΟΥ
906 1135 1145 1197 ΑΥΤΟΥ,
1189 1137 1342 1184 ΠΕΡΙ
1383 1137 1581 1188 υΡΩΝ.

411 1221 461 1274 1.
493 1221 647 1294 ’Ὁροι
680 1218 935 1297 διάφαροι
980 1219 1117 1274 κατὰ
1174 1220 1271 1287 τὴν
1331 1217 1627 1294 παράδοσιν
1679 1221 1766 1274 καὶ
1817 1220 1997 1274 πίστιν

1335 1307 1680 1383 συλλεγέντες
1756 1308 1862 1362 ἀπό
1937 1329 1995 1362 τε

340 1311 442 1371 τῆς
517 1306 809 1377 καθολικῆς
888 1307 1254 1379 Ἐκκλησίας,

347 1395 663 1468 Κλήμεντος
701 1397 790 1450 καὶ
839 1398 1030 1473 ἑτέρων
1085 1396 1246 1450 ὁσίων
1302 1395 1505 1473 ἀνδρῶν
1560 1397 1647 1452 καὶ
1713 1397 1990 1472 μακαρίων

352 1485 646 1558 Ηατέρων·
708 1483 800 1546 οὓς
859 1483 939 1539 δεῖ
992 1487 1096 1560 πρὸ
1168 1486 1366 1547 παντὸς
1420 1484 1606 1561 ἑτέρου
1669 1488 1988 1559 μαθήματος

351 1574 589 1645 μετιέναι
637 1571 724 1627 καὶ
773 1573 1117 1646 ἱνστηθίζειν,
1163 1575 1255 1629 τὸν
1299 1578 1368 1648 τῇ
1424 1575 1648 1649 βοηθείᾳ
1703 1580 1799 1630 τοῦ
1856 1579 1989 1630 Θεοῦ

345 1659 686 1736 προίστασθαι
711 1667 806 1717 τοῦ
836 1663 1021 1738 Λόγου
1049 1670 1148 1733 τῆς
1196 1661 1455 1734 ἀληθείας
1506 1663 1865 1739 βουλόμενον,
1897 1665 1986 1718 καὶ

339 1749 509 1804 πάντα
564 1748 844 1824 ἄνθρωπον
913 1750 1224 1824 ὀρθοδόξως
1281 1757 1606 1830 φρονοῦντα,
1664 1753 1753 1808 καὶ
1810 1754 1986 1810 πίστιν

333 1838 468 1914 πρὸς
501 1840 625 1894 Θεὸν
657 1841 756 1910 τήν
793 1840 1064 1918 εἰλικρινῆ
1099 1841 1395 1917 ἐσχηκότα.

401 1929 455 1983 2.
491 1929 634 2001 Πρὸς
667 1925 725 1984 δὶ
775 1925 1156 2006 ἀκριϐεστέραν
1207 1929 1501 2008 παράδοσιν
1561 1931 1732 1988 ἐκεῖνο
1785 1930 1979 1988 εἰδέναι

332 2017 468 2092 χρὴ,
500 2015 684 2092 ὅτιπερ
717 2025 819 2072 πᾶν
851 2021 913 2073 τὸ
945 2021 1158 2074 οἱονοῦν
1195 2023 1327 2091 ζήτη
1341 2042 1416 2094 μα
1444 2023 1479 2090 ἢ
1528 2021 1788 2094 ἐρώτημα
1833 2027 1978 2098 τρεῖς

323 2106 423 2166 τὰς
467 2105 760 2181 ἐρωτήσεις
807 2110 897 2162 καὶ
959 2109 1220 2179 ἐξετάσεις
1254 2107 1392 2186 ἔχει·
1426 2112 1542 2166 οἷον
1585 2110 1637 2165 τί
1687 2110 1797 2166 ἐστι
1854 2109 1980 2166 τόδε

319 2201 566 2270 πρᾶγμα,
625 2197 715 2251 καὶ
775 2198 909 2252 κατὰ
958 2199 1011 2253 τί
1069 2191 1279 2273 εἶ’ρηται
1336 2197 1501 2270 τόδε,
1561 2199 1651 2254 καὶ
1709 2201 1979 2275 (ὁσαχῶς)

316 2290 518 2339 νοεῖται
575 2285 639 2340 τὸ
689 2282 866 2358 ὄνομα
921 2283 1066 2346 τόδε.
1124 2288 1221 2343 Καὶ
1280 2287 1370 2344 ὅτε
1422 2289 1517 2361 μὲν
1577 2289 1888 2365 ἐρωτῶμεν,
1924 2290 1977 2345 τί

317 2371 424 2427 ἐστι
481 2371 654 2444 τόδε;
717 2373 1025 2450 πρόδηλον,
1086 2377 1169 2432 ὅτι
1226 2377 1316 2432 τὸν
1377 2377 1504 2452 ὅρον
1567 2383 1834 2450 ζητοῦμεν
1879 2383 1976 2433 τοῦ

2021 1132 2074 1199 Α
2406 1132 2720 1198 EIUSDEM,
2764 1131 2849 1185 DE
2889 1129 3446 1186 DEFINITIONIBUS.

2184 1223 2231 1275 1.
2269 1221 2450 1276 Variae
2484 1219 3429 1289 deﬁnitionesjuxtatraditionem
3465 1217 3755 1286 ﬁdemque

2107 1309 2406 1365 catholicae
2441 1308 2728 1374 Ecclesiae,
2772 1307 3024 1362 collectis
3056 1325 3126 1361 ex
3155 1306 3474 1371 Clemente,
3508 1305 3758 1375 aliisque

2104 1399 2328 1454 sanctis
2360 1399 2522 1465 viris,
2574 1398 2882 1468 beatisque
2929 1395 3197 1451 Patribus
3232 1411 3244 1448 :
3279 1412 3428 1466 quas
3477 1411 3591 1466 pra:
3625 1394 3758 1449 aliis

2101 1488 2377 1542 omnibus
2411 1487 2762 1558 disciplinis,
2797 1487 2956 1541 adire
2995 1489 3174 1556 atque
3205 1485 3404 1540 animo
3453 1483 3760 1554 complecti

2100 1582 2329 1648 oportet
2357 1593 2492 1631 eum
2526 1577 2652 1647 qui,
2686 1581 2796 1632 Deo
2821 1577 3087 1646 juvante,
3124 1575 3295 1629 verbo
3326 1573 3588 1629 veritatis
3619 1591 3758 1643 prae-

2099 1682 2228 1722 esse
2258 1665 2504 1722 voluerit
2536 1690 2551 1734 ;
2584 1682 2807 1721 necnon
2853 1663 3122 1734 quisquis
3171 1663 3552 1719 orthodoxam
3593 1668 3756 1718 tenet

2097 1755 2476 1826 sententiam,
2509 1754 2918 1825 sinceramque
2951 1753 3126 1808 ﬁdem
3165 1752 3341 1808 habet
3368 1768 3507 1825 erga
3539 1753 3746 1809 Deum.

2160 1938 2213 1992 2.
2275 1935 2359 1990 Ad
2410 1933 2831 1990 accuratiorem
2882 1949 3052 2004 porro
3118 1917 3515 1999 traditiorem,
3587 1931 3741 1988 scire

2092 2024 2382 2092 convenit,
2433 2022 2762 2095 quamlibet
2807 2023 3191 2092 quaestionem
3233 2027 3291 2076 et
3337 2020 3738 2091 interrogatio-

2091 2130 2225 2169 nem
2257 2119 2374 2169 tres
2405 2111 2617 2168 habere
2647 2112 3152 2181 interrogationes,
3180 2116 3238 2164 et
3267 2109 3740 2181 perquisitiones:

2089 2201 2470 2274 nempe,quid
2487 2219 2582 2257 res
2595 2201 2671 2256 sit
2687 2217 2698 2254 :
2717 2218 2843 2272 quas
2875 2200 2955 2255 sit
2970 2217 3147 2254 causa
3169 2199 3426 2254 nominis
3441 2199 3742 2269 ejuszquot

2091 2292 2277 2348 modis
2309 2289 2842 2362 intelligatur.Cum
2874 2290 3486 2360 verointerrogamus:
3512 2287 3742 2352 Quidil-

2086 2379 2186 2436 lud
2218 2382 2355 2436 est?
2388 2379 2579 2451 palam
2612 2386 2701 2436 est
2732 2397 2838 2434 nos
2871 2379 2952 2433 rei
3004 2379 3405 2433 deﬁnitionem
3459 2394 3736 2448 quaerere.

314 2460 662 2536 πράγματος·
697 2462 821 2518 ὅταν
857 2461 915 2518 δὲ
964 2463 1234 2541 λέγωμεν,
1264 2467 1401 2520 κατὰ
1454 2466 1506 2520 τί
1565 2465 1775 2542 εἴρηται
1806 2466 1931 2522 τόδε
1960 2511 1967 2536 ,

355 2551 369 2569 ε
443 2551 458 2569 ν
623 2551 641 2569 ς
734 2553 745 2569 ,
903 2557 930 2568 -
975 2554 988 2569 .
1049 2551 1058 2569 ,
1297 2556 1309 2566 .
1490 2560 1510 2569 _
1782 2556 1791 2569 .
1919 2554 1958 2569 κ.

2087 2469 2229 2524 Cum
2263 2469 2517 2524 dicimus
2539 2474 2736 2524 autem
2767 2485 2780 2523 :
2814 2472 2939 2534 Qua
2960 2469 3030 2522 de
3054 2484 3232 2522 causa
3264 2468 3347 2521 sic
3371 2467 3738 2522 vocatur?no-

1919 2554 1942 2573 Ν

310 2551 407 2619 τήν
441 2551 808 2627 ἐτυμολογίαν
836 2557 934 2608 τοῦ
965 2551 1234 2627 ὀνόματος
1286 2556 1641 2628 ἀπαιτοῦμεν.
1675 2556 1862 2612 Ἢνίκα
1915 2554 1973 2612 δὲ

309 2639 571 2715 λέγομεν,
609 2641 828 2717 ὁσαχῶς
887 2649 1092 2698 νοεῖται
1147 2645 1210 2699 τὸ
1263 2640 1435 2717 ὄνομα
1464 2643 1628 2714 τόδε;
1663 2643 1969 2720 πρόδηλον,

303 2727 382 2784 ὅτι
440 2729 595 2784 πόσα
653 2736 923 2804 ζητοῦμεν
977 2733 1046 2788 τὰ
1103 2733 1482 2806 σημαινόμενα
1523 2739 1620 2788 τοῦ
1675 2734 1967 2807 ὀνόματος.

300 2819 360 2876 Ὁ
390 2823 532 2894 γοῦν
570 2818 721 2882 έκτὸς
761 2817 1021 2890 εἷ’δήσεως
1071 2827 1178 2876 τῶν
1240 2821 1381 2898 ὅρων
1443 2821 1790 2898 δογματίζειν
1850 2823 1964 2878 ἐπι-

301 2913 510 2984 χειρῶν
546 2905 698 2964 οὐδὲν
733 2907 972 2988 διαφέρει
1011 2910 1220 2988 τυφλοῦ
1252 2910 1549 2987 ὁδοιπόρου
1601 2909 1707 2967 ὦδε
1754 2915 1966 2968 κάκεῖσε

303 2995 678 3071 πλαζομένου.
710 2998 970 3072 Εἷρητέον
1001 2999 1180 3055 τοίνυν
1225 3005 1332 3056 τῶν
1374 3003 1788 3078 προειρημένων
1836 3003 1962 3078 τρό-

306 3106 419 3140 πων
448 3091 666 3163 τριχῶς
699 3093 971 3152 ποιεῖσθαι
1002 3089 1101 3158 τὴν
1136 3087 1390 3159 ἐξέτασιν.

372 3267 423 3321 3.
457 3267 630 3340 ’Όρος
676 3269 783 3319 τῶν
835 3263 976 3340 ὅρων
1031 3264 1171 3321 ἐστὶν
1206 3267 1233 3320 6
1263 3269 1439 3323 πάντα
1473 3268 1568 3341 μὶν
1615 3267 1832 3344 ὁρίζων,
1866 3269 1960 3324 αὖ-

296 3351 384 3416 τὸς
419 3351 476 3408 δὲ
520 3354 606 3408 ὑπ’
638 3351 858 3416 οὐδενὸς
891 3355 1235 3430 ὁριζόμενος·
1273 3355 1411 3411 ὥστε
1461 3356 1620 3429 μόνος
1669 3356 1793 3432 ὅρος
1849 3362 1956 3413 τῶν

295 3441 431 3516 ὅρων
468 3442 614 3497 ἐστὶν
650 3444 678 3496 ὁ
706 3442 858 3505 Θεός.
887 3446 1054 3518 "Opoc
1089 3443 1199 3498 ἔστί
1233 3440 1398 3519 λόγος
1448 3445 1720 3518 σύντομος
1772 3444 1958 3516 δηλω-

295 3532 439 3594 τικὸς
470 3538 572 3601 τῆς
605 3533 816 3609 φύσεως
867 3537 964 3588 τοῦ
1015 3533 1376 3606 ὑποκειμένου
1425 3537 1764 3610 πράγματος.
1800 3539 1955 3612 Ὅροι

299 3617 354 3674 δὲ
384 3620 663 3696 λέγονται,
699 3623 774 3683 ὡς
806 3622 1016 3698 ὁράσεις
1045 3623 1137 3676 καὶ
1171 3623 1450 3701 ὀφθαλμοὶ
1483 3628 1588 3679 τῶν
1622 3627 1954 3701 πραγμάτων

301 3711 678 3786 τυγχάνοντες,
739 3711 829 3766 καὶ
889 3711 963 3773 ὡς
1019 3709 1348 3786 διορίζοντες
1380 3714 1662 3785 συντόμως
1709 3715 1809 3781 τήν
1857 3719 1954 3769 τοῧ

307 3804 494 3868 νοητοῦ
539 3797 786 3872 δύναμιν.
821 3799 921 3857 Καὶ
971 3801 1074 3876 γὰρ
1120 3802 1148 3855 6
1179 3798 1462 3877 ἅνθρωπός
1502 3801 1640 3858 ἔστιν
1692 3802 1848 3858 οὐσία
1896 3803 1955 3858 ἐκ

2085 2558 2264 2614 minis
2293 2559 2704 2630 etymologiam
2740 2557 3132 2628 postulamus.
3186 2557 3289 2612 Ubi
3347 2573 3480 2611 vero
3537 2556 3742 2610 scisci-

2081 2659 2298 2711 tamur,
2331 2646 2664 2716 Quotuplici
2701 2647 2872 2702 modo
2917 2647 3024 2701 hoc
3071 2663 3284 2701 nomen
3335 2644 3740 2716 intelligitur?

2080 2737 2234 2792 I93
2267 2737 2567 2808 propalam
2600 2742 2690 2790 est
2724 2752 2828 2792 nos
2861 2751 3138 2805 quaarere,
3186 2739 3329 2804 quot
3379 2734 3499 2789 sint
3546 2733 3734 2788 nomi-

2078 2825 2172 2880 nis
2202 2825 2551 2897 signiﬁcata.
2587 2825 2844 2894 Quisque
2876 2841 3011 2894 ergo
3045 2824 3269 2894 absque
3317 2823 3731 2878 deﬁnitionum

2077 2915 2306 2979 notitia,
2379 2915 2586 2969 docere
2658 2913 3017 2985 aggreditur,
3096 2913 3148 2968 is
3227 2911 3374 2966 nihil
3450 2911 3730 2967 differta

2075 3019 2222 3059 cieco
2271 3003 2488 3059 viatore
2554 3001 2663 3058 hac
2711 3001 2844 3056 illac
2912 3005 3163 3056 errante.
3234 3000 3558 3055 Dicendum
3614 3000 3728 3055 ita-

2073 3107 2188 3163 que
2218 3091 2406 3148 tribus
2437 3090 2597 3146 hisce
2629 3090 2819 3146 modis
2848 3089 3292 3162 inquisitionem
3317 3088 3518 3143 haberi
3550 3105 3727 3160 Opor-

2072 3183 2213 3237 tere.

2141 3272 2194 3325 3.
2244 3270 2517 3327 Deﬁnitio
2548 3269 2960 3326 deﬁnitionum
3027 3285 3097 3324 ea
3143 3273 3254 3334 est,
3323 3285 3450 3339 quis
3524 3269 3725 3323 omnia

2069 3359 2273 3416 deﬁnit
2301 3365 2358 3414 et
2387 3377 2419 3415 a
2451 3359 2611 3414 nullo
2644 3360 2942 3439 delinitur.
2979 3361 3345 3428 Quapropter
3376 3358 3538 3412 solus
3572 3358 3726 3412 Deus

2069 3449 2330 3504 definitio
2360 3449 2771 3503 deﬁnitionum
2805 3454 2912 3502 est.
2951 3447 3219 3502 Deﬁnitio
3253 3453 3344 3501 est
3377 3449 3561 3500 oratio
3593 3446 3726 3500 bre-

2067 3540 2176 3604 vis,
2209 3539 2521 3609 propositaa
2572 3537 2652 3593 rei
2703 3544 2978 3593 naturam
3029 3537 3351 3607 explicans.
3404 3537 3722 3590 Dicuntur-

2068 3645 2182 3699 que
2215 3625 2356 3701 ὅροι,
2390 3645 2490 3682 seu
2525 3627 2917 3692 deﬁnitiones,
2974 3627 3142 3698 quasi
3193 3622 3428 3696 ὁράσεις,
3485 3643 3588 3680 seu
3633 3624 3724 3680 in-

2065 3719 2394 3787 epectiones
2441 3722 2616 3786 atque
2667 3715 2818 3771 oculi
2887 3732 3106 3782 rerum,
3161 3719 3217 3770 et
3267 3715 3422 3784 quod
3478 3715 3725 3769 breviter

2065 3806 2352 3861 deﬁniant
2381 3805 2771 3876 intelligibilis
2807 3806 2886 3859 rei
2931 3804 3225 3860 virtutem.
3261 3805 3488 3858 Etenim
3546 3803 3722 3858 homo

313 3889 492 3959 σαρκὸς
532 3890 622 3944 καὶ
673 3893 884 3964 ψυχῆς,
919 3890 1006 3944 καὶ
1063 3889 1234 3965 λόγου
1279 3892 1367 3946 καὶ
1400 3889 1653 3964 α’ίματος,
1684 3893 1773 3946 καὶ
1807 3913 1951 3947 στοι-

2085 3901 2156 3950 ist
2185 3895 2539 3963 substantia,
2587 3911 2781 3961 carne,
2834 3895 3053 3963 anima,
3107 3893 3352 3962 ratione,
3412 3893 3721 3963 sanguine,

311 3973 609 4048 χείων,καὶ
659 3979 855 4052 ἑτέρων
905 3974 1176 4035 πλειόνων
1231 3980 1614 4052 συνισταμένη.
1657 3981 1850 4053 Ἡμεῖς
1900 3979 1958 4035 δὲ

307 4065 681 4139 περιορίζομεν
722 4071 911 4135 ταῦτα,
943 4068 1033 4122 καὶ
1083 4063 1366 4141 συντόμως
1417 4067 1652 4142 λέγομεν
1715 4067 1804 4124 διὰ
1859 4073 1957 4124 τοῦ

305 4151 455 4227 ὅρου,
499 4154 581 4208 ὅτι
625 4156 685 4211 Ὁ
740 4153 1026 4231 ἄνθρωπός
1081 4156 1191 4212 ἐστι
1263 4162 1399 4227 ζῶον
1470 4156 1714 4233 λογικὸν,
1764 4159 1959 4227 θνητὸν

302 4245 398 4296 νοῦ
444 4245 535 4298 καί
603 4242 907 4318 ἐπιστήμης
957 4243 1223 4304 δεκτικόν.
1275 4246 1496 4323 Λέγεται
1546 4247 1636 4302 καὶ
1683 4247 1847 4302 πάλιν
1895 4249 1958 4302 τὸ

305 4329 508 4394 ἐντελὲς
577 4327 750 4406 ὄνομα
800 4339 896 4389 τοῦ
955 4334 1248 4412 ἀτθρώπου
1308 4335 1955 4412 ἀνορθοπεριπατητικόν.

302 4420 604 4494 Συνέκοψαν
656 4419 715 4476 δὲ
777 4424 828 4477 οῖ
882 4423 1272 4496 ὀνοματοθέται
1328 4425 1427 4493 τήν
1489 4423 1836 4499 πολυλεξίαν,
1869 4425 1959 4480 καὶ

298 4507 582 4584 ὠνόμασαν
644 4511 804 4567 αὐτὸν
861 4511 1143 4590 ἄνθρωπον
1200 4510 1288 4568 διὰ
1344 4515 1444 4582 τήν
1503 4508 1957 4591 συντομολογίαν.

299 4598 966 4676 ’Δνοροοπιριπατητικὸν
1002 4599 1060 4656 δὲ
1091 4601 1308 4677 λέγεται
1354 4604 1382 4656 ὁ
1433 4600 1738 4675 ἅνθρωπος,
1771 4601 1959 4673 ἔπειδή

303 4687 366 4740 τὰ
409 4687 587 4764 ἄλογα
641 4693 755 4758 ζῶσι
804 4690 1225 4765 περιπατοῦντα,
1261 4689 1520 4746 κλίνοντα
1573 4694 1671 4760 τὴν
1719 4694 1958 4770 κεφαλὴν

308 4776 568 4850 βλέπουσι
604 4784 753 4833 κάτω
795 4780 933 4856 πρὸς
985 4782 1082 4849 τήν
1133 4788 1256 4856 γῆν·
1293 4783 1320 4836 6
1370 4778 1428 4835 δὲ
1478 4780 1760 4857 ἄνθρωπος
1809 4803 1962 4857 περι-

303 4870 484 4920 πατῶν
555 4865 744 4941 βλέπει
816 4869 906 4923 καὶ
986 4875 1181 4945 θεωρεῖ
1252 4871 1320 4925 τὰ
1376 4867 1502 4927 ἅνω,
1568 4873 1652 4926 Ἐν
1713 4875 1960 4946 συγκοπῇ

301 4951 358 5008 δὲ
421 4953 750 5027 ὀνομάζεται
806 4955 1106 5034 ἄνθρωπος.
1150 4956 1321 5014 Πάλιν
1378 4961 1662 5033 ἄνθρωπος
1720 4958 1962 5034 λέγεται,

298 5039 390 5097 διὰ
419 5045 482 5098 τὸ
514 5045 623 5098 ἅνω
657 5047 837 5120 ἀθρεῖν
868 5045 964 5103 τὸδ
999 5046 1142 5102 ὦπα·
1177 5050 1323 5104 τοῦτ’
1343 5047 1451 5102 ἔστι
1487 5047 1576 5103 διὰ
1595 5051 1656 5104 τὸ
1688 5047 1798 5103 ἅνω
1830 5052 1963 5103 θεω-

305 5138 420 5208 ρεῖν
496 5138 604 5188 τῶν
664 5134 965 5213 ὀφθαλμῶν
1027 5140 1186 5210 ἡμῶν
1241 5139 1340 5206 τήν
1402 5137 1684 5215 ἐνέργειαν.
1746 5139 1802 5192 Ὀ
1858 5139 1963 5214 γὰρ

2067 3983 2393 4053 elementis,
2447 3983 2700 4052 aliisque
2754 3982 2961 4038 multis
3009 3987 3306 4038 constans.
3357 3980 3474 4036 Nos
3523 3986 3721 4036 autem

2068 4072 2171 4127 illa
2198 4072 2764 4140 circumscribimus,
2815 4078 2870 4126 et
2917 4071 3120 4141 paucis
3172 4087 3274 4140 per
3322 4069 3723 4124 deﬁnitionem

2068 4161 2323 4216 dicimus
2377 4178 2389 4214 :
2445 4161 2628 4216 lIomo
2680 4165 2766 4215 est
2827 4160 3047 4215 animal
3099 4160 3404 4227 rationale,
3456 4157 3723 4226 mortale,

2069 4251 2282 4304 mentis
2330 4257 2387 4305 et
2436 4250 2690 4304 scientia:
2742 4265 2943 4320 capax.
2994 4248 3221 4302 Dicitur
3280 4252 3476 4302 autem
3527 4248 3725 4318 ipsum

2070 4338 2368 4409 integrum
2436 4337 2696 4392 hominis
2764 4353 2999 4404 nomen,
3079 4335 3724 4410 ἀνορθοπεριπατητικόν,

2072 4427 2129 4482 id
2163 4434 2268 4497 est,
2299 4433 2487 4483 erecto
2518 4443 2758 4498 corpore
2810 4425 3106 4480 incedens.
3157 4425 3581 4480 Abbreviarunt
3625 4441 3728 4479 au-

2072 4525 2189 4574 tem
2221 4517 2324 4588 qui
2357 4518 2532 4572 rebus
2567 4516 2830 4571 indidere
2862 4514 3285 4584 nomina,vocis
3311 4513 3725 4585 prolixitatem,

2071 4610 2129 4662 et
2177 4611 2462 4661 vocarunt
2521 4621 2677 4671 eum,
2750 4600 3059 4675 ἄνθρωπον,
3116 4604 3171 4658 id
3234 4608 3342 4666 est,
3402 4603 3726 4669 hominem,

2072 4695 2374 4751 brevitatis
2401 4695 2829 4750 causa.l)icitur
2859 4700 3055 4749 autem
3078 4699 3269 4749 erecto
3301 4710 3541 4763 corpore
3571 4693 3728 4748 ince-

2072 4785 2240 4852 dens,
2275 4785 2472 4849 homo,
2505 4783 2788 4854 quoniam
2819 4783 2990 4838 bruta
3024 4782 3353 4839 animantia
3401 4800 3537 4838 cum
3571 4782 3728 4838 ince-

2074 4874 2248 4937 dunt,
2285 4890 2466 4942 prono
2499 4872 2708 4943 capite,
2746 4872 2989 4928 interius
3021 4872 3082 4927 in
3115 4876 3332 4927 terram
3368 4871 3725 4943 respiciunt;

2077 4963 2250 5018 homo
2309 4979 2464 5027 vero,
2528 4964 2671 5016 dum
2733 4962 3025 5033 graditur,
3105 4978 3363 5031 superna
3435 4962 3593 5015 videt
3673 4965 3731 5014 et

2074 5051 2524 5123 contemplatur.
2563 5052 2666 5107 Per
2693 5067 2987 5123 syncopen
3023 5057 3217 5105 autem
3252 5045 3536 5121 ἅνθρωπος
3569 5063 3732 5103 voca-

2074 5143 2191 5196 tur.
2226 5139 2411 5196 Homo
2444 5156 2683 5195 rursum
2713 5139 2952 5210 dicitur,
2986 5139 3138 5208 quod
3166 5137 3364 5193 vultus
3421 5137 3548 5207 ejus
3600 5151 3730 5191 sur-

303 5219 594 5298 ὀφθαλμὸς
653 5225 744 5278 καὶ
775 5226 803 5278 ὁ
833 5229 959 5287 νοῦς
1009 5228 1240 5281 πάντοτε
1297 5229 1405 5282 ἄνω
1463 5229 1581 5303 ὁρᾷ.
1617 5228 1714 5282 Καὶ
1769 5227 1966 5282 τούτου

2085 5244 2210 5284 sum
2268 5229 2539 5298 aspiciat,
2593 5229 2649 5283 id
2701 5233 2789 5284 est
2837 5228 2992 5298 quod
3038 5226 3343 5282 oculorum
3395 5228 3732 5280 nostrorum

304 5312 470 5386 χάριν
535 5309 746 5386 εἷ’ρηται
807 5313 974 5389 ὅρος·
1028 5314 1113 5369 ὅτι
1172 5316 1468 5392 περιορίζει
1526 5315 1613 5370 καὶ
1674 5317 1963 5391 συγκόπτει

301 5401 404 5468 τὴν
465 5399 816 5474 πολυλεξίαν,
875 5403 965 5458 καὶ
1041 5411 1194 5460 ποιεῖ
1268 5405 1535 5478 σύντομον
1591 5407 1687 5474 τὴν
1755 5427 1964 5482 μακρο-

297 5487 330 5542 λ
346 5489 520 5564 ογίαν.

377 5670 427 5723 Ιι.
464 5667 674 5724 Πολλοὶ
709 5669 804 5742 μὶν
840 5667 931 5724 οὗν
967 5669 1067 5724 εἰσι
1117 5673 1207 5725 καὶ
1252 5671 1616 5748 ἀναρίθμητοι
1669 5669 1787 5746 ὅροι
1841 5673 1965 5749 περὶ

298 5756 504 5821 παντὸς
536 5758 880 5839 πράγματος.
911 5759 1006 5819 Ἐκ
1033 5758 1264 5820 πολλῶν
1312 5759 1370 5818 δὲ
1421 5759 1644 5838 ὀλίγους
1692 5761 1822 5822 τοὺς
1871 5784 1964 5820 κυ-

2077 5319 2467 5386 acie,sursum
2505 5317 2884 5388 aspiciamus.
2918 5315 3134 5370 Oculus
3166 5315 3321 5370 enim
3359 5317 3533 5384 atque
3567 5329 3734 5367 mons

2077 5424 2311 5463 sursum
2339 5423 2571 5478 semper
2593 5403 3190 5478 respicit.Atqueidco
3214 5403 3428 5458 dicitur
3450 5399 3735 5468 definitio,

2076 5496 2218 5568 quia
2247 5496 2452 5550 deﬁnit
2481 5500 2539 5550 et
2570 5495 2870 5550 abbreviat
2921 5492 3361 5548 multitudinem
3412 5505 3644 5555 vocum,
3681 5493 3737 5545 et

2077 5585 2467 5657 prolixitatem
2503 5582 2786 5638 orationis
2811 5583 3098 5636 decurtat.

2149 5675 2197 5726 4.
2237 5673 2425 5726 Multae
2458 5673 2643 5742 igitur
2673 5675 2848 5740 atque
2877 5669 3200 5726 innumera
3235 5674 3376 5726 sunt
3408 5665 3730 5734 cujuscun-

2077 5777 2191 5835 que
2221 5761 2304 5819 rei
2334 5760 2728 5817 deﬁnitiones.
2763 5759 2844 5814 Ex
2870 5759 3290 5831 multis;autem
3311 5769 3529 5830 paucas
3559 5755 3738 5818 atque
