4170 6360
376 422 497 482 535

1553 422 1619 481 S.
1665 413 2187 480 ATHANASIUS.
2209 446 2285 460 -ν
2322 414 2632 477 SPURIA.

3679 418 3801 481 538

378 554 770 612 accuratiores
791 557 1030 627 propter
1041 552 1350 610 hominum
1373 553 1645 610 inertiam
1663 550 2026 624 colligemus.

2146 545 2437 621 ριωτέρους
2483 544 2798 618 ἇντάττομεν
2865 543 2955 602 διὰ
3002 547 3067 602 τὸ
3126 545 3367 623 ῥᾴθυμον
3423 550 3533 603 τῶν
3583 548 3798 624 ἀνθρώ-

375 647 661 703 Caeterum
693 640 840 698 illud
892 641 1198 698 sciendum
1249 658 1316 698 ac
1346 657 1450 714 pro
1480 646 1635 698 certo
1692 639 2029 696 habendum

376 736 487 800 est,
519 746 653 787 eum
688 731 785 802 qui
823 729 1025 787 sedulo
1052 746 1251 787 rerum
1302 729 1643 786 definitione
1672 729 1825 796 edat,
1860 726 2032 784 facile

374 837 549 895 posse
579 819 866 891 rhetores,
897 824 1074 891 atque
1105 820 1390 876 facundos
1419 823 1699 885 oratores,
1732 817 1792 873 in
1825 816 1998 888 dispu

373 909 699 966 tatiouibus
745 908 1082 981 reprimere.
1138 909 1284 967 Nam
1336 908 1383 964 si
1434 908 1853 980 interrogatus,
1886 905 2029 978 quid

373 1000 454 1057 sit
496 998 780 1064 deﬁnitio,
813 1014 992 1070 quare
1040 999 1273 1054 dicatur
1320 997 1607 1067 definitio,
1652 1001 1797 1069 quot
1837 995 2028 1052 modis

372 1087 742 1163 intelligatur
770 1088 1061 1157 definitio,
1093 1087 1312 1144 haereat
1358 1086 1728 1144 adversarius
1762 1103 1777 1156 ;
1810 1086 2029 1156 pudore

372 1177 541 1252 quasi
575 1176 725 1234 nihil
756 1176 904 1233 sciat
932 1177 1241 1234 afﬁcietur.

442 1268 495 1323 5.
522 1266 657 1323 Tria
690 1270 835 1323 sunt
864 1267 1190 1323 secundum
1239 1265 1635 1323 substantiam
1685 1264 2027 1321 hominibus

367 1357 579 1430 ignota
607 1359 665 1412 et
689 1356 1019 1423 indeﬁnita,
1056 1356 1226 1424 Deus,
1258 1355 1504 1428 angelus
1542 1360 1599 1411 et
1648 1356 1867 1425 anima,
1899 1371 2026 1427 quae

373 1450 515 1503 sunt
545 1445 878 1503 secundum
910 1442 1307 1501 substantiam
1341 1445 1451 1502 soli
1487 1446 1599 1501 Deo
1632 1448 1789 1501 nota.

447 1534 593 1601 Quid
626 1538 717 1590 est
748 1533 1006 1604 ﬁnitum,
1038 1533 1181 1607 quid
1219 1533 1545 1605 inﬁnitum,
1599 1533 1739 1605 quid
1790 1532 2027 1589 difficile

374 1625 517 1698 quid
548 1623 717 1681 facile
746 1623 991 1680 definitu
1014 1623 1042 1678 ?
1074 1622 1335 1679 Finitum
1365 1627 1475 1694 est,
1517 1623 1672 1696 quod
1717 1639 1857 1679 suos
1906 1627 2028 1679 ter-

372 1714 569 1771 minos
597 1730 713 1770 non
756 1711 1005 1783 excedit,
1054 1717 1119 1769 ut
1167 1713 1401 1782 ccslum,
1449 1718 1639 1787 terra,
1683 1729 1867 1781 mare,
1899 1729 2026 1787 qum

372 1819 514 1861 suos
560 1803 848 1859 terminos
895 1818 1012 1858 non
1060 1803 1508 1859 transcendunt.
1561 1802 1864 1860 Infinitum
1915 1806 2024 1871 est,

372 1891 567 1951 solum
612 1889 761 1949 illud
792 1891 963 1965 'quod
1023 1891 1349 1949 increatum
1404 1895 1513 1962 est,
1583 1891 1808 1949 scilicet
1849 1895 2018 1947 Deus.

370 1982 623 2039 Difficile
653 1981 901 2038 definitu
932 1987 1040 2048 est,
1073 1981 1227 2055 quod
1270 1985 1531 2038 creatum
1562 1984 1621 2038 et
1649 1980 2026 2037 indefinitum

371 2069 825 2141 est,cujusmodi
855 2074 945 2126 est
973 2069 1468 2143 angelus,anima,
1502 2070 1732 2126 damon
1757 2086 1770 2124 :
1796 2072 1899 2126 aut
1922 2068 2030 2125 dif-

374 2159 529 2217 ﬁcile
555 2159 799 2216 definitu
830 2162 938 2215 est.
972 2159 1126 2231 quod
1156 2175 1274 2215 non
1308 2158 1570 2232 omnino,
1620 2160 1720 2217 sed
1768 2176 1838 2217 ex
1864 2162 2028 2232 parte

374 2251 608 2308 tantum
643 2248 1035 2321 cognoscitur,
1068 2247 1244 2321 quale
1274 2252 1365 2306 est
1392 2247 1623 2322 lignum
1657 2249 1803 2305 vitae.
1840 2247 2031 2305 Facile

379 2338 623 2395 deﬁnilu
654 2342 764 2409 est,
798 2338 953 2411 quod
986 2340 1385 2395 contrectatur
1430 2343 1488 2396 et
1530 2338 1910 2413 conspicitur,
1944 2341 2032 2394 ut-

379 2428 553 2502 panis
582 2430 641 2485 et
669 2426 910 2484 similia.

452 2519 507 2574 6.
560 2516 710 2585 Quid
759 2520 850 2574 est
896 2516 1101 2573 Deus?
1130 2519 1190 2574 et
1242 2518 1569 2574 secundum
1627 2517 1770 2590 quid
1819 2517 2033 2574 dicitur

380 2606 539 2664 Deus
562 2606 591 2661 ?
621 2608 680 2661 et
705 2610 849 2678 quot
890 2604 1083 2662 modis
1133 2604 1485 2679 intelligitur
1531 2605 1730 2663 Deus?
1761 2606 1915 2662 Deus
1944 2610 2033 2662 est

378 2694 717 2753 substantia
772 2694 900 2751 sine
941 2710 1142 2767 causa,
1200 2695 1395 2752 omnis
1443 2695 1789 2752 substantiae
1854 2712 2034 2752 causa

376 2784 1227 2859 supersuhstantia]is.Dicitur
1255 2789 1453 2841 autem
1472 2783 1603 2846 Θεὸς
1619 2783 1725 2839 ἀπὸ
1754 2787 1854 2839 τοῦ
1870 2783 2030 2856 θέειν,

376 2875 438 2931 id
470 2879 580 2939 est,
611 2891 647 2930 a
675 2873 986 2931 currendo.
1017 2877 1238 2930 Cursus
1277 2878 1476 2931 autem
1510 2873 1608 2931 ille
1656 2892 1772 2931 non
1822 2874 2031 2931 intelli-

377 2964 607 3038 gendus
638 2962 710 3020 de
738 2963 994 3019 transitu
1024 2978 1092 3018 ex
1113 2963 1367 3035 quodam
1390 2961 1515 3020 loco
1545 2963 1604 3019 in
1625 2962 1807 3020 alium
1838 2963 2030 3019 locum

379 3053 482 3111 sed
536 3053 608 3109 de
652 3051 753 3109 Dei
788 3052 1154 3125 providentia
1208 3056 1266 3108 et
1320 3052 1654 3124 operatione
1714 3070 1841 3126 quae
1900 3068 2030 3125 per-

377 3142 541 3198 vadit
569 3140 790 3197 omnia.
822 3141 950 3213 Vel,
982 3138 1088 3195 ἀπὸ
1120 3143 1219 3194 τοῦ
1248 3137 1438 3213 αἴθειν,
1471 3141 1531 3198 id
1561 3142 1751 3212 est,ah
1782 3142 2030 3213 urendo,

376 3229 467 3288 vel
493 3229 599 3285 ἀπὸ
627 3232 730 3285 τοῦ
762 3233 1008 3303 θεωρεῖν,
1037 3229 1098 3286 id
1127 3233 1217 3286 est
1244 3230 1401 3302 quod
1444 3230 1780 3303 speculetur
1808 3231 2028 3288 omnia.

381 3319 541 3378 Nihil
574 3320 790 3393 quippe
820 3299 1038 3388 rerum,
1072 3320 1203 3392 ejus
1232 3299 1579 3392 speculandi
1625 3320 1742 3376 vim
1776 3322 2033 3394 effugere
2064 3299 2107 3366 α

383 3408 558 3466 valet.
599 3408 840 3464 Duobus
889 3410 1088 3464 autem
1141 3408 1333 3463 modis
1380 3425 1493 3464 vox
1523 3406 1625 3464 illa
1670 3409 1824 3466 Deus
1855 3426 2034 3466 usur-

380 3501 556 3570 patur
585 3497 646 3551 in
678 3494 875 3551 divina
903 3494 1244 3567 Scriptura;
1278 3495 1561 3553 nimirum
1583 3500 1793 3554 natura
1817 3502 1875 3555 et
1902 3514 2034 3572 gra-

382 3584 469 3643 tia
502 3601 515 3641 :
548 3589 703 3641 Deus
733 3584 971 3656 quidem
1004 3587 1217 3641 natura
1253 3589 1312 3641 et
1340 3585 1671 3642 substantia
1714 3591 1806 3643 est
1836 3587 2032 3656 Deus;

381 3673 572 3748 gratia
601 3678 798 3729 autem
832 3676 891 3727 et
929 3671 1242 3745 adoptione
1266 3674 1414 3745 justi
1458 3691 1688 3747 quoque
1717 3676 1796 3731 dii
1829 3676 2035 3732 dicun-

378 3767 498 3819 tur.
530 3761 623 3818 Ait
650 3761 809 3819 enim
840 3761 1145 3834 Scriptura
1172 3778 1185 3816 :
1222 3784 1250 3813 κ
1283 3763 1400 3836 Ego
1444 3764 1563 3820 dixi
1595 3782 1607 3821 :
1643 3765 1732 3822 Dii
1782 3767 1945 3833 estis,
1978 3771 2036 3823 et

380 3851 489 3908 filii
521 3850 810 3908 Altissimi
838 3850 905 3905 ⁸³.
938 3872 966 3902 η
997 3850 1224 3907 Dicitur
1255 3856 1453 3909 autem
1492 3854 1681 3925 Pater,
1716 3855 1827 3925 vel,
1861 3856 2030 3928 quasi

377 3938 445 3995 τὰ
490 3939 666 3994 πάντα
709 3942 920 4013 τηρῶν,
979 3939 1036 3995 id
1083 3944 1195 4007 est,
1243 3940 1445 3997 omnia
1514 3959 1889 4012 conservans,
1940 3944 2032 4001 vel

379 4029 551 4103 quasi
582 4024 783 4090 παῖδας
809 4031 1019 4103 τηρῶν,
1063 4029 1122 4085 id
1153 4033 1263 4102 est,
1296 4032 1563 4105 proprios
1613 4032 1763 4091 ﬁlios
1795 4052 2027 4091 conser-

379 4136 526 4175 vans
557 4124 615 4175 et
643 4118 1001 4174 conﬁrmans
1033 4120 1202 4190 quasi
1234 4124 1399 4193 pater
1428 4137 1442 4176 :
1474 4121 1657 4180 Filius
1686 4140 1856 4196 porro
1888 4125 2033 4181 dici-

380 4213 501 4276 tur,
535 4209 706 4280 quasi
728 4208 889 4263 dicas
922 4224 935 4263 :
969 4207 1171 4276 Qualis
1201 4210 1372 4266 Pater
1397 4212 1724 4268 secundum
1757 4214 2024 4271 substan-

381 4297 551 4364 tiam,
583 4296 719 4354 talis
768 4300 857 4353 est
906 4296 1128 4366 Filius;
1162 4298 1285 4356 sive
1332 4317 1400 4357 ex
1442 4301 1667 4359 incrato
1715 4303 2032 4376 increatus,

382 4385 504 4444 sive
535 4403 603 4443 ex
634 4387 867 4443 mortali
898 4386 1412 4463 mortalisﬂveﬁna
1433 4395 1628 4448 autem
1658 4407 1759 4449 seu
1791 4393 2035 4466 spiritus

379 4475 617 4546 dicitur,
662 4476 855 4549 quasi,
904 4475 1099 4534 omnis
1145 4484 1365 4555 nutus,
1405 4480 1677 4537 velociter
1718 4482 1876 4539 enim
1923 4484 2035 4540 cir-

2139 656 2274 692 πων.
2311 633 2462 705 Πλὴν
2491 639 2654 691 τοῦτο
2685 635 2957 710 γνωστέον
2988 634 3078 691 καὶ
3111 633 3552 708 πιστευτέον,8τι
3584 639 3613 692 6
3645 637 3804 716 φιλο-

2139 723 2322 788 πόνως
2353 726 2603 801 πράττων
2627 723 2755 788 τοὺς
2787 723 2948 801 ὅρους
2980 725 3214 802 ῥήτορας
3242 724 3332 780 καὶ
3366 721 3578 788 δεινοὺς
3623 726 3800 783 πολυ-

2141 811 2339 889 λόγους
2368 812 2650 885 δυνήσεται
2678 815 2921 892 εὐχερῶς
2961 814 3011 870 ἰν
3061 820 3180 877 ταῖς
3233 812 3531 885 διαλέξεσιν
3582 814 3802 872 ἐπιστο-

2144 901 2337 976 μίζειν.
2368 904 2533 961 ’Όταν
2565 903 2667 981 γὰρ
2697 902 3011 981 ἐρωτηθεὶς,
3042 903 3093 959 τί
3124 902 3264 960 ἔστιν
3319 902 3451 980 ὅρος
3478 922 3491 973 ;
3520 904 3611 959 καὶ
3657 907 3797 961 κατὰ

2137 990 2190 1046 τί
2223 989 2433 1066 εἷ’ρηται
2466 991 2632 1069 ὅρος;
2661 993 2754 1049 καὶ
2801 994 3022 1070 ὁσαχῶς
3069 998 3272 1049 νοεῖται
3314 991 3477 1068 ὅροςς
3522 993 3793 1069 ἀπορήσει

2140 1081 2168 1136 6
2200 1080 2251 1152 ἐξ
2300 1082 2539 1146 ἐναντίας
2589 1083 2726 1160 πρὸς
2774 1087 2962 1158 ταῦτα,
2992 1082 3081 1139 καὶ
3129 1082 3546 1158 καταισχύνεται
3595 1082 3793 1139 λοιπὸν

2140 1171 2216 1232 ὡς
2252 1169 2420 1246 μηδὲν
2449 1171 2824 1247 ἐπιστάμενος.

2208 1262 2262 1316 5.
2295 1260 2427 1337 Τρία
2455 1261 2557 1317 εἶσὶ
2602 1262 2719 1317 κατ’
2752 1259 2936 1317 οὐσίαν
2988 1262 3298 1337 ἀνθρώποις
3352 1262 3657 1338 ἀγνώριστα
3708 1263 3799 1318 καὶ

2139 1349 2385 1426 ἀόριστα,
2432 1351 2587 1421 Θεὸς,
2632 1349 2886 1429 ἄγγελος,
2936 1352 3025 1407 καὶ
3074 1352 3253 1428 ψυχὴ,
3305 1351 3457 1425 μόνῳ
3512 1356 3632 1424 Θεῷ
3680 1354 3798 1407 κατ’

2140 1438 2325 1494 οὐσίαν
2349 1439 2747 1516 γνωριζόμενα.

2208 1528 2269 1583 Τί
2327 1528 2468 1584 ἐστιν
2523 1529 2782 1606 ὸριστόν,
2819 1529 2909 1585 καὶ
2966 1530 3019 1585 τί
3061 1528 3349 1605 ἀόριστον;
3385 1527 3474 1584 καί
3530 1528 3585 1584 τί
3636 1527 3792 1586 δυσό-

2140 1639 2361 1695 ριστον;
2412 1620 2503 1675 καὶ
2552 1619 2606 1674 τί
2649 1619 2967 1695 εὐόριστον;
3018 1614 3261 1695 Ὀριστόν
3307 1620 3447 1675 ἐστιν
3500 1615 3797 1696 ἀνυπέρϐα-

2137 1729 2231 1772 τος
2255 1708 2458 1772 στάσις⁶
2509 1710 2622 1765 οἷον
2656 1710 2684 1765 6
2715 1708 2943 1785 οὐρανὸς
2971 1708 3065 1763 καὶ
3095 1711 3130 1779 ἡ
3163 1715 3258 1783 γῆ,
3290 1708 3377 1764 καὶ
3438 1710 3473 1779 ἢ
3534 1706 3795 1782 θοὶλασσα³

2136 1798 2172 1867 ἡ
2202 1796 2330 1859 τοὺς
2358 1795 2519 1873 ὅρουι⁹
2553 1796 2720 1868 αὐτῆς
2766 1798 2842 1871 μή
2896 1791 3311 1873 ὑπερϐαίνουσα.
3344 1796 3629 1873 Ἀόριστόν
3683 1796 3792 1852 ἐστι

2133 1886 2197 1941 τὸ
2245 1885 2410 1960 μόνον
2453 1882 2723 1958 ἄκτιστον,
2758 1887 2786 1942 ὁ
2827 1886 2980 1950 Θεός.
3014 1881 3336 1963 Δυσὸριστόν
3391 1885 3501 1941 ἐστι
3557 1886 3621 1941 τὸ
3678 1906 3793 1941 κτι-

2138 1974 2262 2030 στὸν
2309 1975 2398 2030 καὶ
2446 1974 2717 2050 ἀόριστον·
2752 1976 2867 2031 οῖον
2921 1973 3175 2053 ἄγγελος,
3206 1977 3387 2051 ψυχὴ,
3417 1974 3508 2030 καὶ
3557 1974 3789 2049 δαίμων

2135 2063 2173 2134 ἢ
2207 2060 2522 2141 δυσπόριστόν
2584 2065 2693 2120 ἐστι
2741 2063 2805 2120 τὸ
2861 2065 2937 2139 μὴ
2999 2064 3261 2135 καθόλου,
3294 2062 3422 2120 ἀλλ’
3470 2062 3530 2119 ἐκ
3590 2062 3791 2140 μέρους

2138 2154 2571 2229 γινωσκόμενον·
2607 2154 2720 2210 οἷον
2775 2155 2839 2210 τὸ
2892 2151 3050 2226 ξόλσδ
3106 2160 3205 2225 τῆς
3267 2158 3432 2225 ζωῆς.
3492 2151 3787 2227 Εὖόριστόν

2138 2244 2250 2299 ἑστι
2308 2243 2372 2299 τὸ
2431 2241 2839 2320 ψηλαφώμενον
2882 2243 2973 2300 καὶ
3023 2243 3416 2322 θεωρούμενον-
3459 2243 3573 2299 οἷον
3632 2244 3791 2316 ἄρτος

2139 2333 2230 2390 καὶ
2258 2334 2325 2389 τὰ
2355 2331 2543 2408 ὅμοια.

2211 2515 2266 2569 6.
2299 2510 2370 2570 Τί
2427 2511 2536 2568 ἐστι
2593 2514 2762 2583 Θεός;
2794 2513 2884 2569 καὶ
2943 2513 3079 2567 κατὰ
3132 2511 3185 2569 τί
3235 2511 3446 2590 εἴρηται
3500 2510 3673 2581 Θεόςς
3706 2510 3794 2567 καὶ

2142 2603 2365 2677 ὁσαχῶς
2394 2607 2594 2658 νοεῖται
2640 2601 2769 2665 Θεός
2799 2622 2813 2672 ;
2845 2603 2975 2665 Θεὸς
3029 2602 3121 2675 μέν
3169 2601 3310 2657 ἐστιν
3362 2600 3517 2657 οὐσία
3565 2600 3796 2663 ἀναίτιος

2139 2693 2229 2749 καὶ
2260 2694 2436 2763 πάσης
2469 2691 2654 2755 οὐσίας
2698 2690 2845 2747 αἰτία
2894 2692 3238 2769 ὑπερούσιος·
3269 2690 3358 2747 καὶ
3415 2690 3630 2766 λέγεται
3688 2691 3795 2745 ἀπὸ

2139 2785 2237 2837 τοῦ
2267 2781 2426 2856 θέειν⁷
2456 2780 2588 2852 ἤτοι
2624 2780 2863 2858 τρέχειν.
2894 2783 2965 2837 Τὸ
3009 2782 3227 2858 τρέχειν
3280 2777 3339 2836 δὲ
3394 2780 3472 2854 μὴ
3528 2781 3628 2849 τὴν
3685 2780 3792 2835 ἀπὸ

2139 2871 2310 2928 τόπου
2365 2873 2590 2942 νοητὲον
2651 2871 2728 2933 εἰς
2780 2869 2947 2926 τόπον
3011 2865 3323 2944 μετάϐασιν,
3374 2868 3517 2926 ἀλλὰ
3570 2870 3631 2923 τὸ
3685 2869 3784 2937 τὴν

2140 2960 2398 3039 προνοίαν
2429 2965 2527 3016 τοῦ
2556 2964 2691 3017 Θεοῦ
2720 2960 2810 3016 καὶ
2834 2962 2935 3031 τὴν
2977 2959 3242 3037 ἰνὲργειαν
3295 2958 3383 3015 ἐπὶ
3437 2962 3606 3013 πάντα
3660 2953 3783 3027 διή-

2139 3069 2274 3107 κειν·
2306 3051 2343 3120 ἢ
2375 3049 2481 3105 ἀπὸ
2510 3054 2608 3105 τοῦ
2658 3046 2824 3105 αἴθειν
2872 3047 2996 3119 ⁴ἤτοι
3043 3049 3214 3105 καίειν
3242 3068 3257 3082 ·
3297 3050 3333 3120 ἢ
3374 3047 3477 3103 ὰπὸ
3512 3049 3610 3101 τοῦ
3651 3057 3788 3109 θεω-

2141 3144 2253 3216 ρεῖν
2311 3138 2381 3196 τὰ
2426 3137 2619 3194 πάντα·
2655 3136 2809 3195 οὐδὲν
2858 3138 2962 3215 γὰρ
3008 3143 3117 3194 τῶν
3163 3133 3333 3194 ὄντων
3359 3138 3458 3207 τὴν
3491 3134 3787 3204 ἐποπτικὴν

2145 3228 2309 3285 αὐτοῦ
2369 3226 2645 3308 διαφεύγει
2705 3226 2954 3302 δύναμιν.
2988 3232 3194 3291 Δισσῶς
3243 3225 3301 3283 ὸὶ
3347 3225 3562 3304 λέγεται
3590 3228 3628 3296 ἡ
3660 3225 3790 3287 Θεὸς

2143 3318 2487 3395 προσηγορία
2537 3318 2684 3394 παρὰ
2853 3318 2971 3390 θείᾳ
2999 3320 3209 3395 Γραφῇ,
3240 3315 3394 3396 φύσει
3434 3315 3524 3371 καὶ
3583 3313 3792 3391 χάριτι.

2142 3409 2204 3466 Ὁ
2252 3408 2347 3482 μὲν
2392 3408 2521 3470 Θεὸς
2574 3406 2727 3486 φύσει
2778 3408 2868 3463 καὶ
2919 3406 3074 3479 οὐσίᾳ
3120 3407 3233 3462 ἐστὶ
3281 3405 3447 3469 Θεός·
3501 3406 3691 3483 χάριτι
3738 3401 3795 3459 δὲ

2142 3496 2232 3552 καὶ
2292 3495 2431 3561 θέσει
2491 3494 2743 3573 λέγονται
2803 3495 2914 3561 θεοὶ
2962 3496 3052 3552 καὶ
3111 3497 3163 3551 οἳ
3215 3492 3435 3551 δίκαιοι.
3468 3493 3569 3550 Καὶ
3624 3494 3727 3571 γὰρ
3757 3495 3793 3563 ἠ

2144 3586 2363 3664 Γραφὴθ
2388 3585 2553 3661 λέγει·
2589 3610 2617 3637 ‹‹
2652 3587 2790 3663 Ἐγὼ
2834 3587 2979 3643 εἷπεν
3027 3585 3150 3643 Θεοί
3197 3583 3315 3642 ἐστε
3358 3584 3449 3640 καὶ
3508 3584 3619 3640 υἱοὶ
3650 3582 3796 3657 Ὑψί-

2146 3696 2295 3733 στου.
2332 3701 2353 3729 ι
2390 3674 2622 3753 Εἴρηται
2682 3673 2740 3732 δὲ
2795 3677 3010 3752 Πατὴρ,
3041 3676 3075 3745 ἢ
3122 3675 3196 3737 ὡς
3250 3674 3319 3729 τὰ
3362 3675 3534 3729 πάντα
3586 3675 3796 3746 τηρῖυν,

2144 3767 2179 3835 ἢ
2213 3766 2287 3827 ὡς
2345 3764 2473 3827 τοὺς
2524 3764 2758 3826 οἰκείους
2805 3763 3003 3828 παῖδας
3048 3768 3230 3841 τηρῶν
3284 3764 3376 3819 καὶ
3406 3762 3680 3839 στηρίζων
3711 3762 3799 3816 οἷα

2143 3857 2346 3931 πατήρ.
2379 3855 2503 3917 Υἱὸς
2554 3853 2612 3910 δὲ
2659 3852 2897 3931 λέγεται,
2928 3853 3005 3917 ὡς
3050 3852 3109 3910 ἂν
3152 3853 3349 3916 εἴποις*
3383 3854 3513 3915 Οἷος
3545 3853 3574 3907 6
3610 3852 3798 3925 Πατήρ

2144 3946 2243 4013 τὴν
2285 3943 2489 4014 οὐσίαν,
2548 3949 2796 4007 τοιοῦτος
2852 3944 2942 3999 καὶ
2984 3944 3011 3999 6
3068 3943 3213 4006 Υἰός⁶
3271 3939 3377 3998 εἷ’τε
3436 3942 3487 4013 ἐξ
3543 3938 3799 3997 ἀκτίστου

2146 4036 2418 4099 ἄκτιστος,
2454 4032 2559 4091 εἷ’τε
2589 4034 2647 4090 ἐκ
2691 4035 2891 4106 θνητοῦ
2940 4032 3157 4105 θνητός.
3185 4035 3401 4105 Πνεῦμα
3450 4028 3507 4086 δὲ
3562 4028 3801 4106 εἷ’ρηται⁹

2146 4125 2340 4181 ὡσανεὶ
2371 4131 2473 4180 πᾶν
2523 4130 2714 4199 νεῦμα,
2751 4124 2913 4198 όξὲως
2969 4121 3143 4194 πάντη
3194 4126 3346 4177 νεῦον
3395 4120 3485 4176 καὶ
3543 4121 3796 4193 κινούμε-

2142 4236 2257 4272 νον.
2291 4213 2519 4290 Εἴρηται
2579 4212 2639 4271 δὶ
2681 4218 2895 4287 πνεῦμα
2941 4213 2993 4268 ἐν
3029 4216 3099 4287 τῇ
3127 4211 3244 4283 θείᾳ
3276 4212 3463 4291 Γραφῇ
3489 4215 3799 4287 τετραχῶς.

2145 4305 2370 4377 Πνεῦμα
2422 4304 2485 4360 τὸ
2558 4303 2758 4380 ἅγιον,
2808 4307 3024 4377 πνεῦμα
3081 4303 3109 4357 ὁ
3168 4299 3439 4377 ἄγγελος,
3496 4304 3707 4373 πνεῦμα
3762 4301 3799 4369 ἠ

2145 4395 2325 4469 ψυχὴ,
2358 4398 2572 4468 πνεῦμα
2620 4395 2840 4468 ἄνεμος
2874 4389 2986 4449 ἔστι
3018 4389 3063 4447 δ’
3096 4390 3186 4447 ὅτε
3213 4390 3304 4446 καὶ
3336 4390 3365 4445 6
3412 4394 3538 4453 νοῦς
3589 4387 3801 4461 εἴρηται

2145 4502 2378 4556 πνευμα.

381 4581 757 4638 cumquaque
789 4573 1076 4626 movetur.
1128 4570 1385 4643 Spiritus
1430 4587 1604 4642 porro
1653 4572 2024 4646 quadruplici
2067 4574 2225 4631 194
2275 4572 2498 4629 ratione
2542 4573 2599 4630 in
2654 4574 2851 4632 divina
2897 4575 3196 4648 Scriptura
3241 4576 3581 4647 usurpatur,
3624 4571 3803 4646 Spiri-

377 4657 480 4709 tus
536 4659 803 4722 sanctus,
860 4657 1109 4729 spiritus
1170 4657 1440 4732 angelus,
1495 4659 1740 4731 spiritus
1810 4661 2029 4732 anima,
2089 4662 2339 4736 spiritus
2408 4665 2670 4732 ventus;
2729 4663 2849 4722 imo
2906 4665 3259 4738 quandoque
3328 4679 3497 4720 mens
3555 4661 3802 4736 spiritus

379 4747 644 4798 vocatur.

450 4830 508 4887 7.
554 4831 992 4904 Sempiternum
1041 4840 1157 4907 est,
1205 4836 1359 4908 quod
1421 4853 1657 4912 semper
1700 4845 1921 4897 manet.
1965 4841 2031 4897 Et

2218 4845 2274 4899 7.
2306 4837 2511 4896 Ἀίδιόν
2571 4840 2682 4897 ἐστι
2729 4842 2792 4897 τὸ
2843 4841 2926 4898 ἀεὶ
2974 4839 3179 4918 διάγον.
3210 4838 3310 4896 Καὶ
3357 4840 3419 4895 τὸ
3471 4839 3567 4913 μὲν
3623 4835 3799 4894 ἀίδιον

382 4919 541 4993 quod
569 4924 852 4980 aeternum
886 4928 994 4991 est,
1030 4942 1144 4981 non
1178 4926 1378 4983 statim
1412 4927 1541 4983 sine
1590 4928 1878 5002 principio
1911 4947 2031 4989 esse

2149 4928 2212 4985 οὐ
2244 4927 2455 5006 λέγεται
2495 4932 2583 4986 καὶ
2635 4929 2896 5007 ἄναρχονο
2926 4930 2990 4987 τὸ
3044 4928 3102 4986 δὲ
3149 4928 3386 5006 ἄναρχον
3444 4928 3653 5007 λέγεται
3710 4930 3802 4983 καὶ

382 5007 642 5098 dicitur;
701 5011 802 5067 sed
856 5014 1012 5084 quod
1073 5017 1202 5071 sine
1258 5014 1545 5088 principio
1611 5022 1701 5074 est
1755 5023 2031 5076 aeternum

2148 5017 2346 5077 ἀίδιον.
2376 5022 2649 5097 Ἀναρχον
2684 5018 2741 5077 δὲ
2772 5019 2984 5097 λέγεται
3012 5021 3076 5077 τὸ
3106 5022 3182 5095 μὴ
3216 5019 3346 5098 ἔχον
3403 5020 3606 5097 ἀρχήνο
3640 5022 3801 5076 τοῦτο

383 5095 620 5155 dicitur.
654 5100 723 5156 Et
754 5100 885 5158 sine
913 5102 1203 5176 principio
1236 5104 1454 5161 dicitur
1493 5107 1650 5176 quod
1683 5107 2031 5181 principium

2150 5105 2207 5164 δὲ
2239 5108 2379 5165 ἐστιν
2413 5112 2441 5165 ὁ
2658 5110 2751 5166 Διὸ
2899 5110 3138 5187 ἄναρχος
3188 5095 3399 5187 λέγεται
3442 5095 3543 5165 καὶ
3600 5106 3798 5181 ἀίδιος,

383 5204 499 5245 non
531 5187 726 5246 habet.
767 5189 887 5246 Hoc
931 5197 1130 5248 autem
1160 5192 1317 5249 Deus
1366 5199 1475 5250 est.
1508 5194 1698 5258 Quare
1725 5196 1853 5253 sine
1883 5198 2039 5269 prin-

383 5275 538 5348 cipio
567 5281 626 5334 et
654 5280 1053 5351 sempiternus
1082 5281 1179 5337 ille
1208 5281 1448 5350 dicitur,
1480 5282 1590 5339 hoc
1621 5288 1711 5341 est
1741 5285 1867 5343 sine
1900 5288 2037 5345 fine.

378 5365 584 5438 Angeli
617 5384 751 5424 vero
783 5373 841 5424 et
872 5370 1082 5425 animae
1114 5387 1232 5427 non
1265 5372 1547 5427 dicuntur
1570 5372 1698 5429 sine
1728 5376 2034 5448 principio:

2143 5198 2419 5253 τουτέστιν
2452 5197 2831 5265 ἂτελεότητος.
2862 5200 2930 5257 Οἱ
2982 5196 3039 5254 δὲ
3092 5196 3320 5275 ἄγγελοι
3378 5196 3467 5253 καὶ
3519 5198 3574 5252 αἱ
3626 5194 3800 5271 ψυχαὶ

2147 5285 2210 5341 οὐ
2267 5284 2517 5363 λέγονται
2572 5288 2827 5364 ἄναρχοι*
2883 5287 3065 5365 ἀρχὴν
3123 5289 3223 5365 γὰρ
3280 5282 3480 5343 ἔλαϐον
3510 5288 3601 5342 καὶ
3652 5285 3798 5343 ἐκτί-

2147 5377 2346 5447 σθησαν
2399 5376 2546 5453 παρὰ
2589 5382 2744 5436 Θεοῦ,
2793 5377 3053 5453 Λὲγονται
3104 5376 3161 5434 δὲ
3217 5375 3387 5451 ἀίδια,
3418 5373 3609 5447 ἐπειδὴ
3670 5373 3801 5451 μὲλ-

379 5451 741 5542 priucipium
791 5473 1053 5532 namque
1102 5464 1458 5531 acceperunt
1508 5464 1565 5517 et
1606 5463 1784 5519 creati
1835 5469 1975 5521 sunt
2004 5483 2031 5522 ο

2149 5463 2336 5521 λουσιν
2371 5451 2607 5522 ἀθάνατα
2640 5470 2734 5542 ζῇν
2746 5511 2759 5525 .

382 5539 521 5597 Deo.
573 5542 863 5603 Dicuntur
909 5551 1108 5605 autem
1161 5552 1400 5621 aeterna,
1447 5550 1586 5622 quia
1626 5555 1909 5611 aeternum
1951 5554 2037 5612 vi-

379 5634 539 5688 vent.

449 5747 495 5785 ⁶⁸
526 5746 680 5806 Psal.
713 5766 901 5823 um,
924 5754 982 5811 6.
