4170 6368
387 419 516 476 537

1576 417 1809 479 LIBER
1853 417 1954 477 DE
1999 410 2666 474 DEFINlTlONlBUS.

3712 405 3833 463 538

474 547 701 622 Ἰδίωμα
733 549 952 624 λέγεται
984 549 1046 603 τὸ
1081 544 1234 610 ἰδίως
1268 549 1514 624 ὑπάρχον
1568 548 1619 602 ἐν
1668 552 1736 622 τῇ
1787 547 1962 626 φύσει,
2010 545 2056 600 ἐν

2251 544 2582 616 Proprietas
2615 542 2848 606 dicitur,
2884 538 3036 602 quod
3072 536 3303 609 proprie
3333 535 3564 592 exsistit
3612 535 3671 590 in
3721 552 3828 590 na-

388 642 556 717 ὲτὲρᾳ
589 637 647 695 δὲ
678 639 836 710 οὐσίᾳ
870 636 1144 712 μηδαμῶς
1181 639 1445 714 ὑπάρχον·
1501 636 1681 712 ὥσπερ
1733 637 1784 692 ἐν
1835 637 1913 710 τῷ
1970 636 2060 689 ἀν-

387 732 604 806 θρώπῳ
633 730 696 784 τὸ
728 728 1073 804 γελαστικόν.
1109 724 1250 784 Οὐδὲ
1289 728 1390 804 γάρ
1422 725 1532 782 ἐστι
1578 725 1757 803 γέλως
1806 726 1856 780 ἐν
1914 723 2059 798 ἄλλῃ

392 818 491 892 οἵᾳ
523 818 729 890 δήποτε
759 818 938 896 φύσει.

469 911 524 964 8.
553 909 613 963 Τί
646 906 861 984 λέγεται
911 906 1110 985 φύσκη
1162 904 1331 969 Φύσις
1386 904 1620 981 ε’ίρηται,
1683 903 1772 960 διὰ
1799 906 1861 960 τὸ
1891 925 2060 982 πεφυσ-

396 999 547 1054 κὲναι
577 998 666 1052 καὶ
699 998 856 1064 εἶναι,
892 996 1074 1072 ὣσπερ
1105 995 1195 1048 καὶ
1228 993 1403 1064 οὐσία,
1451 997 1524 1057 ὡς
1557 993 1688 1050 οὖσα
1719 995 1806 1049 καὶ
1841 995 1892 1049 ἐν
1927 993 2060 1059 ἀλη-

396 1088 512 1158 θείᾳ
538 1086 941 1164 γνωριζομένη.
983 1084 1148 1146 Φύσις
1178 1083 1341 1139 πάλιν
1377 1081 1610 1161 εἶ’ρηται,
1664 1082 1753 1140 διὰ
1781 1087 1877 1139 τοῦ
1907 1082 2057 1162 φύειν

406 1177 492 1232 καὶ
528 1176 866 1251 βλαστάνειν.
901 1175 1073 1236 Φύσις
1102 1173 1191 1229 καὶ
1226 1173 1380 1230 οὐσία
1409 1175 1497 1229 καὶ
1547 1176 1699 1251 γένος
1729 1176 1818 1228 καὶ
1873 1174 2056 1250 μορφὴ

403 1263 458 1320 ἓν
491 1265 618 1322 ἐστι.
678 1265 976 1340 Πρόσωπον
1034 1262 1093 1318 δὲ
1150 1265 1239 1319 καὶ
1299 1267 1586 1340 χαρακτὴρ
1647 1265 1736 1320 καὶ
1770 1263 2058 1325 ὑπόστασις

408 1351 496 1407 καί
550 1350 722 1407 ἰδικὸν
771 1355 861 1407 καὶ
910 1355 1110 1425 ἄτομον
1160 1349 1213 1406 ἓν
1256 1352 1345 1406 καὶ
1392 1353 1523 1408 αὑτὸ
1561 1352 1816 1427 ὑπάρχει.
1877 1351 2055 1406 ’Ἄλλο

409 1443 512 1517 γὰρ
570 1441 726 1519 φύσις
770 1439 858 1495 καὶ
913 1440 1049 1497 ἄλλο
1097 1441 1409 1503 ὑπόστασις.
1460 1441 1582 1496 Ἐὰν
1635 1439 1724 1495 οὖν
1781 1438 1908 1514 εἷ’πῃ
1970 1439 2056 1494 σοί

406 1552 487 1592 τις
519 1530 602 1585 ὅτι
635 1531 756 1588 Ἑπί
807 1537 906 1598 τῆς
956 1531 1208 1599 θεότητος
1266 1530 1435 1592 πόσας
1482 1530 1665 1608 φύσεις
1716 1528 2052 1605 ὁμολογεῖς;

407 1621 522 1675 εἰπὲ
554 1620 703 1692 μίαν,
758 1618 1074 1682 ὑποστάσεις
1128 1618 1186 1674 δὲ
1233 1625 1396 1696 τρεῖς.
1452 1621 1573 1677 Ἐὰν
1610 1618 1667 1674 δὲ
1697 1618 1820 1693 εἷ’πῃ
1851 1640 1933 1673 σοι
1967 1618 2053 1673 ἐπὶ

397 1716 499 1778 τῆς
563 1708 820 1784 ἐνσάρκου
877 1708 1212 1781 οἰκονομίας,
1265 1709 1432 1771 πόσας
1489 1709 1672 1787 φύσεις
1719 1707 2053 1783 ὁμολογεῖς;

397 1797 513 1852 είπὲ
543 1795 661 1852 δύο·
722 1797 844 1871 μίαν
897 1795 953 1853 δὲ
992 1801 1090 1868 τήν
1148 1798 1457 1854 ὑπόστασιν.
1493 1799 1595 1856 Καὶ
1629 1799 1730 1874 γὰρ
1762 1799 1790 1853 6
1821 1799 2052 1872 Χριστὸς

388 1888 486 1949 τὰς
518 1884 618 1940 δύο
670 1887 854 1950 οὑσίας
902 1888 991 1942 καὶ
1043 1887 1224 1965 φύσεις
1269 1888 1424 1964 ἔσχεν
1459 1888 1756 1963 ἀτρέπτους
1787 1887 1876 1942 καὶ
1927 1887 2050 1942 ἀκε-
2087 1923 2132 1988 Β

391 1974 604 2050 ραίους,
661 1977 760 2044 τὴν
823 1975 1054 2048 θεότητα
1100 1977 1190 2032 καὶ
1241 1979 1340 2048 τὴν
1397 1977 1793 2054 ἀνθρωπότητα
1842 1977 1891 2032 ἐν
1959 1981 2055 2051 μιᾷ

403 2064 716 2128 ὑποστάσει,
781 2065 910 2128 Θεὸς
935 2065 1147 2129 τέλειος
1177 2066 1266 2121 καὶ
1300 2063 1585 2144 ἄνθρωπος
1615 2066 1824 2130 τὲλειος
1857 2087 2059 2142 γνωρι-

402 2151 653 2226 ζόμενος.
702 2153 802 2210 Καὶ
848 2151 938 2209 διά
982 2159 1144 2210 τοῦτο
1192 2152 1287 2210 δύο
1339 2156 1523 2232 φύσεις
1557 2155 1608 2210 ἐν
1641 2162 1739 2228 μιᾷ
1769 2155 2058 2211 ὑποστάσει

399 2240 790 2318 ὁμολογοῦμεν
821 2244 921 2313 τὴν
958 2243 1226 2321 σάρκωσιν
1278 2249 1374 2300 τοῦ
1421 2245 1621 2322 Κυρίου
1665 2248 1823 2319 ἡμῶν
1873 2247 2056 2316 Ἰησοῦ

397 2333 638 2408 Χρισσοῦ
668 2334 758 2388 καὶ
790 2338 945 2391 Θεοῦ.

471 2440 592 2498 Ἐπὶ
644 2438 702 2496 δὲ
759 2448 861 2512 τῆς
919 2441 1202 2517 θεολογίας
1265 2442 1388 2518 μίαν
1451 2441 1608 2522 φύσιν
1665 2441 2052 2518 ὁμολογοῦμεν

393 2536 496 2599 τῆς
555 2529 708 2607 ἁγίας
766 2529 1018 2606 Τριάδος,
1076 2538 1221 2609 τρεῖς
1281 2530 1338 2588 δὲ
1398 2533 1736 2596 ὑποστάσεις.
1786 2532 1889 2589 Καὶ
1950 2532 2052 2607 γὰρ

395 2618 609 2696 Πατρός
666 2620 755 2675 καὶ
819 2621 947 2676 Υίοῦ
1015 2619 1105 2677 καί
1163 2620 1317 2696 ἁγίου
1376 2622 1688 2696 Πνεύματος
1749 2622 1846 2696 μία
1896 2621 2054 2699 φύσις

395 2708 531 2779 ἐστὶ,
587 2709 677 2764 καὶ
741 2709 837 2784 μία
889 2710 1062 2784 ούσία,
1103 2711 1193 2766 καὶ
1229 2710 1324 2786 μία
1355 2711 1585 2782 ἐξουσία,
1629 2712 1720 2767 καὶ
1783 2709 2052 2787 βασιλεία,

396 2799 491 2853 καὶ
521 2795 770 2873 δύναμις
804 2805 949 2874 τρεῖς
999 2797 1058 2856 δὲ
1107 2799 1446 2872 ὑποστάσεις,
1499 2801 1588 2856 καὶ
1639 2807 1785 2878 τρεῖς
1843 2821 2051 2878 χαρακ-

396 2893 582 2960 τῆρες,
615 2885 703 2941 καί
743 2888 871 2963 τρία
917 2890 1203 2962 πρόσωπα·
1250 2892 1494 2944 τουτέστι
1545 2890 1728 2963 Πατήρ
1779 2888 1868 2944 καὶ
1928 2888 2050 2952 Υἱὸς

399 2975 492 3030 καὶ
524 2980 743 3050 Πνεῦμα
775 2978 948 3052 ἅγιον.
981 2978 1091 3033 Μία
1129 2978 1319 3050 θεότης
1367 2976 1506 3034 ἐστὶν
1554 2979 1606 3033 ἐν
1652 2979 1797 3054 τρισὶ
1841 2978 2056 3054 προσώ-

405 3085 535 3126 ποις
564 3067 964 3140 γνωριζομένη.

480 3156 602 3207 Δέον
637 3153 729 3208 οὗν
777 3153 1211 3232 καθολικώτερον
1258 3155 1427 3211 εἷ’πεῖν
1475 3155 1530 3212 τί
1562 3156 1701 3212 ἐστιν
1729 3155 1904 3228 οὐσία,
1965 3156 2053 3212 καὶ

399 3241 458 3298 τί
487 3242 622 3298 ἐστιν
680 3243 991 3307 ὑπόστασις.
1039 3249 1098 3301 Ἡ
1151 3246 1245 3319 μὲν
1293 3245 1467 3315 οὑσία,
1511 3245 1599 3301 καὶ
1628 3247 1690 3300 τὸ
1723 3246 1898 3322 γένος,
1964 3246 2054 3302 καὶ

398 3334 434 3402 ἡ
471 3332 649 3408 φύσις,
679 3334 770 3388 καὶ
810 3334 836 3404 ἦ
900 3335 1109 3412 μορφὴ,
1141 3335 1218 3397 ὠς
1268 3332 1499 3411 ε’ίρήται,
1555 3335 1649 3407 μία
1703 3335 1832 3392 ἐστί·
1882 3336 1945 3391 τὸ
2001 3333 2058 3391 δὲ

399 3417 695 3498 πρὸσωπον
727 3422 818 3478 καὶ
869 3424 896 3478 ὁ
947 3415 1234 3500 χαρακτὴρ
1277 3425 1368 3479 καὶ
1416 3426 1451 3494 ἡ
1488 3424 1797 3497 ὑπόστασις,
1853 3426 1941 3480 καὶ
1997 3426 2060 3481 τὸ

398 3513 630 3586 ἄτομον,
661 3513 844 3568 καὶτὸ
878 3510 1071 3581 ἷδικὸν,
1105 3510 1158 3568 ἓν
1193 3513 1325 3570 ἐστι.
1372 3513 1470 3568 Καὶ
1522 3515 1625 3591 γὰρ
1675 3516 1710 3585 ἡ
1761 3515 1918 3593 φύσις
1969 3512 2059 3570 δύ-

395 3622 551 3656 ναται
600 3597 748 3677 ἔχειν
798 3601 849 3657 ἐν
903 3603 1066 3676 ἑαυτῇ
1112 3601 1336 3665 πλείους
1397 3603 1493 3666 τὰς
1557 3605 1898 3668 ὑποστάσεις.
1963 3603 2061 3661 Καὶ

399 3692 501 3767 αὰρ
551 3693 604 3746 οἱ
649 3691 949 3768 ἅνθρωποι,
1001 3691 1051 3762 ἐξ
1102 3692 1220 3755 ἑνὸς
1266 3693 1520 3766 σώματος
1588 3690 1735 3757 ὄντες
1784 3694 1874 3750 καὶ
1936 3702 2062 3768 μιᾶς

401 3788 575 3851 πνοῆς
609 3781 827 3850 πάντες,
860 3787 985 3854 μιᾶς
1018 3781 1176 3855 ὶσμεν
1227 3781 1438 3861 φύσεως
1486 3783 1576 3838 καὶ
1633 3784 1842 3846 οὑσίας.
1901 3786 2060 3840 Ὑπο-

407 3872 611 3933 στάσεις
644 3868 702 3926 δὲ
731 3870 961 3928 πολλαί.
1010 3872 1106 3926 Καὶ
1138 3873 1240 3948 γὰρ
1274 3871 1564 3935 ὑπόστασις
1604 3870 1693 3928 διὰ
1721 3878 1882 3929 τοῦτο
1916 3872 2064 3948 λέγε-

410 3978 518 4030 ται,
548 3958 651 4014 ἀπὸ
679 3964 778 4014 τοὺ
811 3962 1028 4031 στήκειν
1057 3963 1125 4034 τῇ
1159 3961 1332 4032 οὑσίᾳ.

483 4066 580 4118 Καὶ
626 4067 660 4135 ἠ
716 4067 809 4139 μὲν
858 4066 1015 4144 φύσις
1085 4067 1176 4122 καὶ
1234 4068 1268 4136 ἡ
1317 4067 1472 4122 οὑσία
1527 4067 1736 4143 λέγεται
1768 4068 2059 4139 καθολική,

407 4158 442 4226 ἡ
480 4155 539 4210 δὲ
569 4157 853 4221 ὑπόστασις
889 4161 1108 4234 μερική.
1143 4158 1452 4223 Καθολικὸν
1486 4156 1544 4214 δὲ
1576 4159 1792 4234 λέγεται
1824 4161 1886 4216 τὸ
1929 4174 2060 4226 καθ-

407 4245 546 4300 όλου
623 4245 786 4301 πάντα
857 4243 1270 4323 περιλαμϐάνον
1349 4249 1438 4303 καὶ
1505 4245 1785 4325 περιέχον·
1841 4251 2062 4326 μερικὸν

403 4333 464 4390 δὲ
493 4335 554 4390 τὸ
603 4335 730 4411 ἕχον
780 4337 945 4414 μέρος
988 4359 1042 4392 τι
1097 4338 1299 4400 οὑσίας.
1353 4339 1505 4410 Οἷον,
1557 4338 1644 4394 ἐὰν
1680 4335 1852 4414 sirpe.
1886 4341 1942 4393 Ὁ
1972 4341 2061 4395 ἁν-

397 4438 644 4502 θρωπος,
678 4424 798 4482 ἰδοὺ
839 4428 994 4490 εἴπας
1036 4425 1211 4484 πάντα
1258 4425 1564 4504 ἄνθρωπον·
1615 4428 1913 4494 καθολικὸν
1959 4432 2059 4508 γάρ

394 4514 509 4570 ἆστι
539 4519 704 4571 τοῦτο
736 4515 825 4570 καὶ
860 4513 1141 4585 οὐσιῶδες,
1170 4517 1260 4571 καὶ
1310 4517 1502 4580 πάντες
1551 4515 1827 4592 ἅνθρωποι
1878 4518 2061 4595 λὲγον-

393 4623 506 4672 ται,
536 4603 628 4659 καὶ
659 4611 760 4674 τῆς
789 4605 960 4674 αὑτῆς
992 4605 1180 4668 οὑσίας
1213 4605 1368 4664 εἰσίν.
1416 4607 1478 4662 Εἰ
1531 4604 1587 4662 δὲ
1636 4606 1810 4683 εἷ’πῃς,
1867 4610 1924 4664 Ὀ
1952 4609 2060 4666 Πέ-

395 4712 526 4768 τρος
558 4693 650 4748 καὶ
681 4695 709 4749 6
764 4691 1050 4765 Παῦλοςῆ
1093 4696 1122 4750 6
1175 4691 1450 4767 Ἰωάννης,
1498 4697 1624 4752 τότε
1672 4694 1727 4753 ἓν
1776 4695 2061 4776 ἄνθρωπον

396 4780 699 4857 ἐσήμανας,
760 4782 843 4839 ὅτι
907 4783 1127 4860 μερικόν
1185 4784 1294 4839 ἐστι
1354 4790 1535 4842 τοῦτο.
1596 4787 1666 4841 Τὸ
1722 4787 1825 4863 γὰρ
1876 4788 2059 4844 κοινόν

395 4871 531 4940 ἐστι,
565 4871 653 4927 ἐὰν
690 4870 866 4947 ε’ίτιῃς,
925 4874 989 4930 Ὁ
1040 4870 1349 4949 ἅνθρωπος,
1398 4873 1585 4944 ἐπειδή
1637 4877 1831 4938 πάντες
1863 4878 1914 4930 οἱ
1972 4876 2060 4931 ἅν-

395 4962 610 5036 θρωποι
663 4963 1042 5036 ὀνομάζονται.
1093 4964 1171 5019 Τὸ
1217 4961 1274 5019 δὲ
1325 4964 1544 5041 μερικόν
1597 4963 1706 5020 ἐστι
1739 4964 1965 5020 ἑκάστου
1995 4967 2057 5020 τὸ

393 5044 591 5122 ὄνομα.
634 5050 892 5126 Ἀρμόζει
935 5050 1025 5106 καὶ
1069 5055 1232 5107 τοῦτο
1284 5053 1377 5107 τὸν
1427 5049 1654 5116 θέλοντα
1701 5049 1901 5128 γνῶναι
1947 5057 2055 5109 τῶν

392 5139 730 5214 πραγμάτων
777 5141 876 5209 τὴν
942 5141 1118 5218 φύσιν,
1174 5139 1268 5196 *ίνα
1326 5143 1586 5216 γινώσκῃ,
1633 5142 1792 5197 ποῖόν
1827 5141 1938 5197 ἐστὶ
1993 5143 2056 5198 τὸ

395 5230 645 5304 μερικὸν,
677 5229 767 5284 καὶ
799 5235 958 5285 ποῖον
991 5230 1253 5288 καθόλου.
1287 5233 1365 5289 Οὑ
1397 5231 1502 5307 γὰρ
1538 5231 1701 5305 μόνον
1735 5232 1817 5286 ἐπ’
1849 5233 2056 5308 ἀνθρώ-

389 5341 533 5388 πων,
567 5317 714 5374 ἀλλά
743 5319 833 5374 καὶ
865 5318 951 5374 ἐπὶ
996 5321 1194 5381 παντὸς
1236 5320 1579 5396 πράγματος,
1643 5321 1906 5396 οὑαρνίων
1963 5321 2054 5376 καὶ

390 5408 669 5483 ἐπιγείων,
718 5404 884 5464 τοῦτὸ
925 5410 1064 5464 ἐστιν
1114 5409 1309 5485 εὑρεῖν.
1360 5411 1459 5466 Καὶ
1520 5407 1756 5483 εἷ’πωμεν
1819 5412 2058 5488 φανερώ-

389 5517 569 5572 τερον·
604 5497 879 5572 ἆναγκαῖα
905 5497 1006 5573 γάρ
1047 5499 1158 5553 -είσι
1216 5503 1386 5554 ταῦτα
1440 5505 1558 5562 τοῖς
1619 5498 1914 5570 μέλλουσιν
1975 5499 2057 5555 ἐκ.

393 5592 600 5656 ζητεῖν.
635 5589 877 5664 Λὲγομεν
912 5585 970 5643 δὲ
1002 5588 1200 5650 οὑτως.
1257 5589 1381 5644 Ἐὰν
1443 5587 1619 5663 ε’ίπῃς,
1678 5590 1739 5646 Ὁ
1797 5584 2052 5664 ἅγγελος,

395 5675 534 5746 ὅλην
567 5677 668 5746 τὴν
701 5677 885 5732 οὑσίαν
916 5681 1024 5731 τῶν
1058 5675 1305 5754 ἀγγέλων
1367 5678 1459 5750 ὲσή
1473 5696 1662 5752 μανας·
1721 5679 1901 5733 κοινὸν
1949 5680 2051 5756 γάρ

397 5765 510 5821 ἔστι
568 5768 728 5822 τοῦτο
784 5766 847 5821 τὸ
907 5760 1085 5840 ὄνομα
1137 5770 1255 5828 τοῖς
1313 5764 1573 5844 ἀγγέλοις
1619 5766 1707 5822 καὶ
1768 5764 2049 5843 οὐσιῶδες,

2173 637 2328 700 tura,
2381 634 2438 689 in
2491 633 2724 704 aliaque
2764 630 2927 686 nulla
2957 627 3291 684 substantia
3317 625 3636 697 reperitur;
3670 624 3830 681 velut

2171 722 2230 779 in
2264 723 2501 779 homine
2532 721 2758 777 ridendi
2803 720 3070 775 facultas.
3127 718 3185 770 In
3240 715 3401 770 nulla
3429 715 3666 786 {quippe
3714 712 3830 770 alia

2173 817 2384 868 natura
2416 813 2572 868 risus
2602 810 2911 882 reperitur.

2242 904 2295 956 8.
2341 903 2491 969 Quid
2537 900 2754 956 dicitur
2804 897 3062 954 natura?
3112 896 3333 951 Natura
3383 894 3615 959 dicitur,
3668 892 3824 964 quod

2172 997 2310 1047 nata
2342 991 2417 1047 sit
2449 995 2503 1045 et
2533 989 2794 1056 exsistat,
2833 989 2998 1061 quasi
3033 986 3326 1042 exsistens
3378 987 3433 1039 et
3476 983 3535 1038 in
3585 982 3826 1036 veritate

2170 1081 2420 1153 cognita.
2453 1082 2673 1136 Natura
2701 1080 2838 1134 item
2873 1077 3104 1147 dicitur,
3139 1093 3172 1131 a
3203 1074 3495 1130 nascendo
3526 1077 3582 1128 et
3612 1071 3824 1144 germi-

2170 1171 2382 1226 nando.
2418 1174 2653 1236 Natura,
2705 1167 3064 1231 substantia,
3116 1181 3326 1237 genus,
3377 1164 3586 1230 forma,
3637 1176 3820 1216 unum

2167 1265 2326 1315 sunt.
2380 1260 2632 1314 Persona
2677 1261 2894 1324 autem,
2944 1256 3265 1321 character,
3299 1251 3656 1325 bypostasis,
3688 1266 3824 1321 pro-

2166 1349 2384 1420 prium,
2418 1348 2759 1414 indivisum,
2795 1362 2977 1400 unum
3012 1345 3187 1400 etiam
3221 1347 3378 1398 sunt.
3408 1340 3572 1396 Aliud
3606 1340 3825 1412 quippe

2165 1444 2398 1504 natura,
2423 1437 2580 1492 aliud
2615 1436 2971 1510 hypostasis.
2998 1434 3056 1488 Si
3091 1433 3226 1504 quis
3254 1448 3390 1504 ergo
3423 1429 3634 1485 dixerit
3665 1427 3767 1483 tibi
3806 1444 3820 1482 :

2167 1531 2228 1585 In
2281 1530 2495 1584 deitate
2543 1533 2686 1600 quot
2737 1531 2975 1582 naturas
3024 1520 3365 1580 conﬁteris?
3418 1521 3551 1591 Dic,
3601 1537 3820 1587 unam;

2165 1619 2513 1691 hypostases
2562 1635 2697 1673 vero
2755 1622 2911 1672 tres.
2963 1615 3126 1681 Quod
3179 1613 3225 1668 si
3278 1611 3490 1667 dixerit
3535 1610 3642 1665 tibi
3695 1626 3708 1663 :
3760 1610 3820 1665 In

2163 1707 2486 1764 meonomia
2517 1725 2714 1763 assum
2727 1710 2835 1778 pta;
2869 1705 3064 1761 carnis
3081 1708 3224 1776 quot
3243 1707 3481 1758 naturas
3499 1699 3824 1755 conﬁteris?

2161 1799 2494 1868 Dic:l)uas,
2528 1813 2826 1870 unamque
2882 1796 3246 1870 hypostasin.
3280 1792 3503 1848 Etenim
3549 1790 3821 1847 Christus

2164 1890 2312 1944 duas
2346 1887 2712 1944 substantias
2742 1892 2796 1942 et
2828 1890 3069 1941 naturas
3095 1883 3303 1939 habuit
3334 1879 3734 1936 immutabiles
3765 1883 3823 1934 et

2169 1979 2543 2049 inconfusas,
2613 1976 2889 2032 deitatem
2961 1979 3017 2030 et
3081 1972 3511 2028 humanitatem
3578 1971 3634 2024 in
3703 1985 3824 2024 una

2169 2067 2653 2141 hypostasi,Deus
2684 2065 2972 2137 perfectus
3004 2067 3060 2119 et
3089 2063 3382 2135 perfectus
3409 2060 3583 2115 homo
3627 2057 3822 2129 cogni-

2166 2161 2284 2212 tus.
2320 2159 2397 2212 Ac
2428 2162 2732 2228 propterea
2761 2156 2909 2209 duas
2949 2159 3190 2207 naturas
3243 2151 3300 2204 in
3351 2166 3468 2204 una
3519 2147 3820 2218 hypostasi

2166 2246 2518 2302 conﬁtemur
2583 2243 3048 2301 incarnationem
3120 2239 3347 2296 Domini
3421 2237 3605 2294 nostri
3674 2237 3817 2293 Jesu

2164 2334 2378 2392 Christi
2409 2340 2464 2391 et
2489 2335 2610 2392 Dei.

2237 2444 2300 2498 In
2336 2441 2629 2516 theologia
2655 2459 2790 2499 vero
2823 2458 2997 2498 unam
3036 2439 3386 2496 conﬁtemur
3429 2438 3640 2491 sanctze
3689 2432 3814 2488 Tri-

2165 2531 2369 2588 nitatis
2411 2537 2706 2600 naturam,
2752 2536 2872 2586 tres
2921 2535 3118 2585 autem
3167 2528 3532 2600 hypostases.
3584 2522 3810 2579 Etenim

2164 2622 2387 2693 Patris,
2436 2621 2564 2677 Filii
2614 2628 2672 2678 et
2716 2620 2966 2693 Spiritus
3018 2619 3229 2687 sancti,
3281 2634 3398 2672 una
3445 2618 3657 2670 natura
3702 2615 3818 2682 est,

2165 2727 2286 2767 una
2313 2711 2663 2780 substantia,
2701 2728 2815 2766 una
2847 2714 3124 2782 potestas,
3158 2723 3404 2779 regnum
3436 2709 3494 2760 et
3532 2701 3818 2776 potentia,

2149 2800 2305 2856 'Tres
2337 2805 2529 2856 autem
2562 2800 2926 2873 hypostases,
2958 2802 3078 2854 tres
3101 2796 3485 2862 characteres,
3517 2799 3636 2850 tres
3686 2809 3819 2866 per-

2165 2905 2340 2957 sona,
2378 2890 2484 2945 hoc
2514 2896 2624 2955 est,
2657 2889 2846 2959 Pater,
2879 2893 2937 2942 et
2964 2886 3148 2942 Filius
3179 2891 3234 2941 et
3264 2884 3518 2958 Spiritus
3550 2889 3812 2940 sanctus.

2165 2978 2291 3036 Una
2321 2979 2595 3036 divinitas
2627 2979 2685 3034 in
2719 2979 2906 3034 tribus
2938 2975 3201 3049 personis
3231 2974 3465 3048 cognita
3493 2977 3600 3030 est.

2239 3156 2583 3213 Generalius
2632 3157 2822 3213 dicere
2873 3159 3103 3229 oportet
3146 3155 3287 3227 quid
3338 3153 3416 3209 sit
3463 3149 3820 3222 substantia,

2171 3247 2312 3319 quid
2346 3247 2698 3320 hypostasis.
2735 3246 3097 3314 Substantia,
3131 3261 3339 3318 genus,
3362 3246 3589 3310 natura,
3613 3241 3822 3310 forma,

2172 3341 2240 3392 ut
2269 3336 2493 3393 dictum
2523 3342 2632 3404 est,
2683 3353 2866 3392 unum
2914 3339 3053 3391 sunt
3106 3353 3118 3389 :
3169 3351 3420 3408 persona
3463 3332 3624 3401 item,
3679 3328 3822 3384 cha-

2169 3432 2375 3498 racter,
2429 3425 2784 3500 hypostasis,
2833 3425 3226 3493 individuum,
3278 3420 3601 3495 proprium,
3638 3435 3822 3474 unum

2171 3521 2331 3573 sunt.
2400 3517 2622 3573 Natura
2682 3516 2903 3590 quippe
2970 3515 3302 3588 complures
3370 3513 3430 3567 in
3498 3529 3559 3567 se
3613 3509 3824 3565 habere

2172 3609 2361 3678 potest
2411 3607 2797 3679 hypostases.
2849 3606 3124 3661 liomines
3171 3603 3326 3660 enim
3379 3617 3495 3658 uno
3562 3615 3823 3672 corpore,

2173 3713 2291 3751 uno
2342 3696 2551 3767 spiritu
2604 3701 2942 3752 constantes
2996 3713 3222 3762 omnes,
3273 3693 3450 3748 unius
3483 3708 3692 3748 sumus
3724 3707 3828 3744 uac

2170 3791 2315 3841 turae
2349 3790 2526 3857 atque
2556 3786 3285 3857 substantiaeﬂypostases
3316 3787 3513 3837 autem
3538 3779 3826 3853 plurimae.

2172 3875 2398 3931 Etenim
2433 3877 2562 3932 ideo
2594 3875 2804 3931 dicitur
2853 3874 3209 3948 hypostasis,
3261 3873 3416 3945 quod
3467 3871 3526 3926 in
3572 3868 3828 3926 essentia

2172 3965 2478 4022 subsistat.

2243 4073 2460 4127 Natura
2488 4089 2656 4143 porro
2706 4089 2772 4128 ac
2821 4072 3076 4127 essentia
3123 4072 3400 4127 dicuntur
3450 4065 3826 4131 universales,

2171 4160 2506 4231 hypostasis
2574 4178 2706 4217 vero
2773 4159 3168 4233 particularis.
3221 4157 3557 4215 Universale
3629 4159 3826 4211 autem

2169 4250 2405 4319 dicitur,
2430 4251 2584 4321 quod
2637 4249 2836 4305 omnia
2885 4249 3126 4304 omnino
3177 4247 3608 4319 complectitur,
3652 4249 3830 4316 atque

2171 4339 2464 4407 continet;
2498 4338 2851 4412 particulare
2881 4343 3100 4405 autem,
3121 4338 3275 4408 quod
3309 4342 3532 4407 partem
3565 4334 3824 4408 aliquam

2171 4427 2348 4485 habet
2376 4428 2666 4485 essentia).
2699 4426 2961 4500 Exempli
2995 4444 3194 4495 causa,
3229 4426 3276 4483 si
3317 4425 3533 4481 dixeris
3569 4442 3581 4480 :
3617 4424 3825 4490 Homo,

2172 4535 2408 4574 omnem
2441 4519 2637 4574 dixisti
2669 4517 3004 4574 hominem:
3035 4516 3178 4572 illud
3213 4531 3468 4585 namque
3498 4512 3829 4569 universale

2171 4613 2260 4663 est
2288 4625 2352 4664 ac
2390 4607 2705 4664 essentialo
2760 4626 2772 4664 :
2825 4623 3148 4678 omnesque
3206 4606 3484 4660 dicuntur
3532 4601 3825 4669 homines,

2171 4702 2345 4771 atque
2393 4698 2660 4770 ejusdem
2712 4701 2852 4752 sunt
2900 4696 3189 4753 essentia}.
3243 4694 3400 4760 Quod
3457 4693 3503 4750 si
3558 4690 3824 4749 dixeris:

2169 4792 2397 4858 Petrus,
2427 4788 2662 4853 Paulus,
2697 4792 2799 4843 aut
2827 4787 3106 4854 Joannes,
3142 4803 3324 4841 unum
3359 4789 3498 4840 tunc
3529 4783 3828 4840 hominem

2168 4877 2536 4950 signiﬁcasti,
2565 4877 2704 4948 quia
2736 4876 2880 4931 illud
2936 4876 3291 4948 particulare
3341 4877 3449 4930 est.
3503 4873 3828 4928 Commune

2167 4966 2462 5038 siquidem
2495 4966 2667 5034 est,si
2695 4965 3300 5037 dixeris,Homo,quia
3330 4979 3535 5020 omnes
3557 4961 3826 5016 homines

2167 5055 2566 5111 nominantur.
2599 5054 2950 5110 Particulare
2992 5058 3188 5110 autem
3239 5059 3328 5108 est
3378 5052 3664 5121 cujusque
3717 5064 3827 5101 no-

2168 5160 2323 5199 men.
2357 5145 2508 5199 Sane
2535 5161 2639 5216 par
2669 5148 2758 5200 est
2789 5161 2922 5198 eum
2955 5144 3052 5214 qui
3086 5156 3281 5199 rerum
3316 5143 3582 5194 naturam
3613 5151 3824 5207 cogno-

2167 5249 2330 5288 scere
2359 5233 2518 5297 velit,
2545 5233 2713 5299 scire,
2750 5234 2889 5304 quid
2925 5231 3275 5303 particulare
3305 5229 3400 5294 sit,
3426 5226 3565 5298 quid
3591 5224 3823 5279 univer-

2167 5322 2320 5378 sale.
2379 5323 2570 5392 Neque
2621 5320 2812 5376 solum
2868 5320 3022 5375 enim
3073 5319 3131 5372 in
3184 5316 3561 5381 hominibus,-
3609 5313 3708 5368 sed
3761 5311 3819 5365 in

2164 5426 2514 5482 quacunque
2545 5425 2624 5476 rc,
2657 5409 3003 5478 cmlestium,
3037 5407 3424 5471 terrestrium,
3459 5403 3602 5458 illud
3654 5417 3821 5472 repe-

2165 5500 2278 5554 rire
2310 5504 2400 5555 est
2450 5515 2462 5554 :
2516 5500 2670 5569 quod
2724 5497 3010 5569 liquidius
3058 5495 3435 5566 explicemus,
3489 5489 3819 5548 necessaria

2163 5589 2381 5662 quippe
2427 5593 2566 5644 sunt
2615 5587 2729 5641 ista
2775 5586 2848 5641 iis
2892 5587 2993 5656 qui
3061 5582 3468 5654 investigaturi
3519 5584 3675 5636 sunt.
3725 5578 3818 5631 Sic

2163 5678 2362 5749 itaque
2429 5675 2702 5731 dicimus.
2755 5674 2807 5729 Si
2859 5673 3054 5742 dicas,
3122 5671 3405 5744 Angelus,
3473 5668 3813 5741 angelorum

2161 5765 2480 5825 essentiam
2531 5777 2764 5821 omnem
2816 5761 3188 5833 signiﬁcasti,
3234 5773 3548 5818 commune
3597 5755 3816 5826 quippe
