4170 6352
368 406 490 466 539
1316 436 1322 441 -
1538 408 1606 468 S.
1650 407 2178 472 ATHANASIUS.
2200 442 2279 458 —
2308 413 2621 477 SPURIA.
3670 415 3791 477 540

334 596 337 599 _
364 536 511 593 illud
544 553 753 594 nomen
785 540 876 594 est
906 537 1131 610 angelis
1163 540 1222 594 et
1267 538 1581 596 essentiale
1629 556 1642 595 :
1696 556 2011 614 omnesque

2132 541 2223 596 καὶ
2252 541 2443 600 πάντες
2494 542 2722 621 ἄγγελοι
2754 543 3029 622 λέγονται·
3063 545 3184 603 Ἐὰν
3227 543 3285 601 δὲ
3334 543 3509 620 εἴπῃς,
3568 547 3630 604 Ὁ
3683 552 3789 602 Μι-

365 626 645 683 diountur
696 627 927 699 angeli;
988 627 1081 683 sin
1149 627 1366 684 dixeris
1433 628 1703 698 Michael,
1771 629 2011 703 Gabriel,

2133 631 2309 707 χαήλ,
2359 635 2388 688 6
2431 629 2702 711 Γαϐριὴλ,
2764 635 3053 691 ὑπόστασιν
3107 635 3233 709 μίαν
3281 634 3459 707 εἶπας,
3506 635 3784 691 τουτέστιν

364 716 706 789 hypostasin
737 734 917 772 unam
949 717 1172 785 dixisti,
1207 718 1315 773 hoc
1352 722 1442 774 est
1488 735 1674 774 unum
1722 720 2011 791 angelum.

2130 716 2223 775 ἕνα
2252 719 2505 798 ἄγγελον.
2539 724 2710 788 Φύσις
2740 725 2843 801 γὰρ
2875 724 3091 801 λέγεται
3121 727 3156 795 ἡ
3191 723 3514 801 ἀγγελότηςο
3550 723 3782 780 ὑπόστα-

362 805 585 862 Natura
615 805 831 877 quippe
862 806 1077 862 dicitur
1107 807 1301 879 angeli
1351 807 1609 863 essentia
1640 824 1652 862 :
1685 808 2011 880 hypostasis

2131 831 2215 872 σις
2246 809 2303 866 δέ
2350 811 2491 868 ἐστιν
2542 813 2657 877 ἑνὸς
2706 815 2932 870 ἑκάστου
2979 813 3214 891 ἀγγέλου
3260 813 3623 890 προσηγορία.
3682 814 3782 869 Καὶ

362 910 497 950 vero
531 894 1001 968 uniuscujusque
1034 894 1226 969 angeli
1257 896 1594 968 appellatio.
1642 897 1791 955 I95
1844 898 2011 954 Item-

2128 899 2229 976 γὰρ
2260 901 2418 979 φύσις
2457 902 2568 958 ἐστὶ
2620 903 2718 977 μία
2763 905 2920 974 κοινή
2968 907 3004 975 ἡ
3055 902 3430 980 ἂνθρωπότης,
3465 901 3783 967 ὑποστάσεις

360 999 475 1055 que
509 1001 626 1039 una
658 989 872 1040 natura
893 985 1229 1040 communis
1248 985 1716 1052 esthumanitas;
1748 985 2011 1059 hyposta-

2131 986 2188 1044 δὶ
2220 992 2444 1066 Πέτρος,
2501 991 2720 1057 Παῦλος
2778 994 2865 1049 καὶ
2925 999 3146 1066 Θωμᾶς,
3198 992 3385 1048 καὶτὰ
3414 990 3583 1048 λοιπὰ
3611 992 3781 1069 πρόσ-

361 1089 457 1129 ses
522 1090 678 1143 vero,
728 1074 955 1140 Petrus,
1008 1072 1245 1141 Paulus,
1300 1074 1592 1141 Thomas,
1649 1091 1715 1130 ac
1782 1075 2011 1147 reliquae

2130 1100 2253 1134 ωπα
2282 1081 2369 1136 καὶ
2406 1082 2457 1136 οἱ
2490 1086 2856 1159 χαρακτῆρες.
2889 1085 2952 1137 Ἡ
2983 1082 3074 1137 οῦν
3134 1082 3292 1161 φύσις
3342 1081 3484 1137 ἐστὶν
3534 1084 3571 1151 ἡ
3620 1082 3779 1155 κυρία

360 1179 624 1233 personae
675 1168 732 1218 et
779 1162 1164 1218 characteres.
1208 1161 1431 1217 Natura
1464 1161 1640 1235 igitur
1662 1167 1753 1219 est
1780 1164 2011 1221 domina

2128 1171 2217 1224 καὶ
2246 1173 2527 1244 γεννητικὴ
2576 1177 2685 1228 τῶν
2737 1172 3102 1228 ὑποστάσεων.
3156 1171 3255 1227 Καὶ
3304 1168 3392 1227 διὰ
3420 1176 3582 1226 τοῦτο
3612 1170 3775 1227 πάλιν

361 1249 728 1321 genitrixque
760 1250 1191 1322 hypostasium.
1221 1254 1533 1322 Propterea
1576 1268 1813 1307 rursum
1863 1253 2011 1309 dice-

2128 1257 2377 1332 ἐροῦμεν
2440 1259 2527 1316 ἐὰν
2588 1259 2763 1337 ε’ίπῃς·
2832 1261 2929 1317 Καὶ
2995 1260 3151 1340 φύσις
3218 1261 3247 1315 6
3325 1259 3579 1336 ἄγγελος,
3637 1259 3774 1332 ὅλην

362 1357 496 1396 mus
546 1356 559 1395 :
614 1340 664 1396 si
714 1340 877 1396 dicas
910 1357 923 1394 :
957 1341 1118 1396 Bona
1171 1346 1260 1396 est
1292 1344 1503 1396 natura
1532 1340 1798 1413 angelus,
1831 1345 2011 1398 totam

2125 1348 2223 1417 τὴν
2280 1347 2460 1405 οὐσίαν
2517 1348 2693 1405 αὑτῶν
2739 1349 3032 1424 έσήμανας.
3090 1349 3213 1407 Ἐὰν
3266 1347 3324 1404 δί
3367 1346 3540 1424 είίιτῃς·
3602 1348 3777 1425 Μέγας

358 1444 563 1485 eorum
589 1430 911 1485 essentiam
942 1428 1313 1500 signiﬁcasti.
1345 1430 1444 1485 Sin
1494 1429 1657 1486 dicas
1703 1445 1718 1486 :
1769 1429 2011 1503 Magnus

2126 1435 2267 1492 ἐστὶν
2297 1438 2325 1492 6
2382 1434 2651 1514 Γαϐριὴλ,
2713 1439 2998 1494 ὑπόστασιν
3062 1438 3186 1513 μίαν
3242 1438 3301 1493 ἐκ
3347 1439 3564 1493 πάντων
3597 1438 3772 1502 εἶπας.

359 1521 450 1574 est
478 1517 734 1586 Gabriel,
768 1535 944 1575 unam
974 1534 1045 1574 ex
1091 1519 1369 1575 omnibus
1424 1518 1775 1591 hypostasin
1824 1521 2011 1576 nomi-

2126 1526 2224 1581 Καὶ
2257 1526 2343 1582 ἐὰν
2396 1527 2578 1603 εἴπῃς.
2626 1527 2698 1583 Τὸ
2744 1529 3008 1598 πετεινὸν,
3062 1525 3182 1583 ἴδοὺ
3217 1529 3318 1598 τήν
3352 1526 3532 1583 οὐσίαν
3601 1532 3773 1584 πᾶσαν

362 1607 537 1662 nasti.
572 1607 641 1662 Et
670 1606 721 1663 si
747 1606 930 1677 dicas,
962 1606 1228 1676 Volatile,
1262 1607 1554 1663 denotasti
1583 1612 1767 1664 totam
1805 1607 2011 1665 volati-

2125 1612 2407 1687 έδήλωσας
2436 1622 2545 1673 τῶν
2579 1623 2855 1674 πετεινῶν·
2888 1617 2974 1674 ἰὰν
3019 1615 3077 1673 δὶ
3123 1615 3301 1692 εἷ’πῃς,
3347 1622 3407 1673 Ἦ
3463 1619 3772 1694 περιστερὰ,

359 1694 507 1753 lium
536 1696 890 1765 essentiam;
916 1695 1008 1752 sin
1037 1696 1221 1766 dicas,
1257 1695 1562 1764 Columba,
1593 1701 1811 1768 turtur,
1843 1697 2011 1755 lusci-

2125 1706 2156 1775 ἠ
2186 1707 2422 1782 τρυγὼν,
2454 1710 2490 1778 ἠ
2521 1706 2729 1778 ἀηδὼν,
2751 1709 2780 1763 6
2806 1706 2974 1779 ταὼς,
3004 1707 3095 1763 καὶ
3126 1709 3155 1763 6
3182 1706 3398 1781 κύκνος,
3440 1702 3558 1763 ἰδοὺ
3604 1711 3773 1763 ταῦτα

361 1783 479 1855 nia,
532 1800 715 1857 pavo,
767 1800 990 1857 cygnus
1042 1802 1055 1839 :
1109 1783 1229 1840 haec
1279 1789 1420 1841 sunt
1461 1784 1829 1859 hypostases.
1883 1786 2011 1846 Non

2125 1795 2453 1879 ὑποστάσειςο
2487 1796 2643 1855 εἰσιν.
2692 1796 2765 1853 Ού
2826 1797 2988 1871 μόνον
3041 1794 3099 1853 δὲ
3145 1795 3232 1851 ἐπὶ
3277 1800 3386 1852 τῶν
3419 1799 3621 1873 νοερῶν
3680 1795 3769 1852 καὶ

357 1873 552 1930 solum
597 1878 793 1929 autem
842 1873 900 1928 in
951 1872 1445 1945 intelligibilibus,
1499 1874 1905 1947 rationalibus,
1953 1878 2011 1933 et

2125 1884 2361 1960 λογικῶν
2392 1872 2484 1941 καὶ
2516 1886 2782 1963 ἐμψύχων
2813 1886 3040 1960 ἁρμόζει
3070 1888 3099 1943 6
3128 1885 3289 1949 αὐτὸς
3320 1883 3427 1941 τῶν
3477 1872 3619 1962 ὅρων
3668 1906 3770 1942 κα-

355 1962 764 2035 spiritualibus
796 1962 945 2019 valet
990 1963 1113 2018 hasc
1155 1963 1566 2020 definitionum
1616 1964 1856 2038 regula;
1906 1966 2008 2022 sed

356 2050 535 2109 etiam
586 2052 645 2108 in
697 2051 858 2108 omni
889 2050 1237 2121 inanimata,
1271 2052 1599 2109 insensibili
1630 2058 1689 2110 et
1718 2045 2009 2111 immobili

355 2146 588 2197 natura.
660 2141 833 2196 Verbi
898 2140 1110 2214 gratia,
1180 2140 1231 2196 si
1296 2141 1515 2198 dixeris
1566 2160 1580 2198 :
1633 2142 1793 2199 Fecit
1854 2143 2010 2202 Deus

352 2229 568 2301 lucem,
617 2247 750 2288 ecce
808 2230 1142 2287 universam
1194 2229 1645 2287 luminariorum
1696 2232 2013 2290 essentiam

354 2321 724 2394 signiﬁcasti.
757 2321 893 2394 Ipsa
922 2338 1093 2393 porro
1124 2320 1382 2377 essentia
1409 2320 1684 2395 deinceps
1734 2321 2015 2378 dividitur

353 2410 412 2467 in
444 2428 586 2467 suas
616 2410 997 2483 bypostases;
1032 2410 1091 2465 in
1122 2409 1303 2466 solem
1337 2409 1582 2477 scilicet,
1618 2410 1841 2481 lunam,
1876 2411 2014 2468 stel-

353 2500 465 2568 las,
496 2500 789 2567 lucernas,
821 2516 1042 2567 cereos,
1068 2499 1345 2571 variaque
1375 2500 1509 2555 alia.
1542 2499 1667 2555 Sim
1689 2500 1752 2555 ili
1780 2517 2016 2573 quoque

359 2590 533 2645 modo
566 2590 638 2644 de
666 2588 893 2658 ventis;
930 2588 979 2643 si
1010 2588 1249 2659 dixeris,
1279 2588 1561 2661 Spiritum
1594 2606 1699 2645 seu
1749 2594 2014 2659 ventum,

357 2694 595 2736 omnem
627 2682 935 2735 ventorum
958 2683 1229 2733 naturam
1263 2676 1747 2749 significasti.Sin
1778 2678 2015 2750 dixeris,

355 2771 665 2833 Austrum,
698 2769 957 2835 boream,
992 2772 1095 2823 aut
1132 2766 1586 2840 euroclydonem
1638 2784 1652 2824 :
1705 2768 1828 2825 haec
1876 2773 2018 2826 sunt

352 2856 721 2929 hypostases.
774 2857 920 2912 Item
969 2857 1019 2911 si
1059 2856 1298 2925 dixeris,
1332 2857 1638 2928 Arborem,
1673 2857 2012 2915 universam

354 2948 629 3002 arborum
660 2946 977 3003 essentiam
1009 2945 1379 3018 significasti;
1399 2945 1492 3002 sin
1524 2946 1763 3019 dixeris,
1784 2947 2011 3004 Ficum:

354 3052 587 3103 nucem,
619 3040 979 3103 castaneam,
1013 3035 1415 3108 amygdalum,
1452 3052 1629 3091 unam
1669 3036 2015 3109 hypostasin

350 3126 627 3181 arborum
678 3125 1047 3197 signiﬁcasti.
1102 3124 1359 3181 Rursum
1407 3123 1458 3180 si
1505 3123 1743 3193 dixeris,
1781 3128 2012 3197 Aquam

350 3216 686 3273 universam
716 3232 1007 3288 aquarum
1041 3220 1316 3272 naturam
1349 3214 1589 3284 dixisti;
1624 3214 1718 3272 sin
1769 3215 2008 3285 dixeris,

2116 1973 2244 2041 νὼν,
2275 1974 2421 2031 ἀλλὰ
2448 1976 2538 2031 καὶ
2588 1973 2678 2032 διὰ
2722 1976 2899 2048 πάσης
2940 1975 3158 2052 ἀψύχου
3203 1975 3293 2031 καὶ
3319 1976 3646 2046 ἀναισθήτου
3675 1976 3764 2031 καὶ

2119 2064 2378 2135 ἀκινήτου
2453 2061 2682 2143 φύσεως·
2761 2065 2872 2121 οἶόν
2947 2087 3000 2121 τι
3068 2064 3237 2141 λέγω,
3297 2064 3385 2121 ἐὰν
3440 2062 3623 2139 εἷ’πῃς,
3682 2063 3765 2120 ὅτι

2121 2153 2407 2224 Ἐποίησεν
2439 2155 2469 2210 6
2495 2155 2624 2219 Θεὸς
2647 2155 2711 2211 τὸ
2742 2160 2882 2234 φῶς,
2915 2152 3035 2211 ἰδοὺ
3065 2161 3235 2210 πᾶσαν
3285 2155 3386 2224 τὴν
3435 2152 3615 2209 οὐσίαν
3663 2157 3769 2210 τῶν

2123 2246 2427 2320 φωστήρων
2458 2243 2750 2318 ἐσήμανας.
2787 2244 2936 2317 Αὕτη
2994 2243 3187 2301 λοιπὸν
3236 2246 3272 2314 ἡ
3322 2243 3481 2299 ούσία
3522 2244 3774 2317 τέμνεται

2123 2330 2201 2394 εἷς
2228 2332 2323 2394 τὰς
2370 2332 2683 2396 ὑποστάσεις
2744 2334 2930 2404 αὐτῆς⁸
2988 2333 3262 2410 μερίζεται
3310 2332 3413 2408 γὰρ
3465 2332 3543 2396 εὶς
3591 2331 3777 2405 ἥλιον,

2124 2420 2200 2483 εἷς
2231 2420 2467 2493 σελήνην
2497 2423 2587 2478 καὶ
2621 2424 2695 2487 εἰς
2728 2423 2976 2500 ἀστέρας,
3008 2422 3084 2486 εἷς
3119 2421 3379 2499 λύγνους,
3429 2422 3505 2485 εἰς
3557 2422 3782 2497 κηροὺς,

2123 2511 2213 2565 καὶ
2246 2510 2322 2573 εἰς
2350 2509 2497 2567 ἄλλα
2529 2510 2778 2592 διάφορα.
2830 2511 3072 2586 Ὁμοίως
3120 2512 3211 2567 καὶ
3263 2511 3351 2568 ἐπὶ
3395 2511 3633 2586 ἀνέμων·
3695 2511 3783 2567 ἰὰν

2125 2598 2303 2674 εἷ’πῃς,
2363 2606 2587 2676 Πνεῦμα
2643 2608 2814 2659 πᾶσαν
2863 2603 2963 2671 τὴν
3011 2602 3166 2681 φύσιν
3211 2605 3322 2656 τῶν
3387 2602 3599 2675 ἀνέμων
3665 2600 3787 2672 ἐσή-

2128 2710 2320 2764 μανας.
2354 2690 2419 2746 Ei’
2450 2687 2508 2747 δὲ
2539 2687 2719 2766 εἷίπῃς,
2750 2690 2946 2765 Νότος,
2977 2692 3013 2761 ἢ
3051 2689 3275 2767 βορρᾶς,
3327 2690 3363 2760 ἢ
3411 2688 3781 2767 εύροκλύδων,

2124 2777 2281 2834 αὗται
2314 2780 2640 2843 ὑποστάσεις
2670 2780 2797 2837 είσι.
2830 2779 3003 2836 Πάλιν
3049 2780 3138 2834 ἐὰν
3184 2778 3363 2853 εἴπῃς,
3414 2779 3484 2833 Τὸ
3534 2776 3776 2855 δένδρον,

2127 2874 2302 2925 πᾶσαν
2327 2869 2427 2938 τὴν
2476 2867 2658 2925 οὐσίαν
2705 2873 2814 2925 τῶν
2861 2866 3093 2942 δένδρων
3143 2866 3439 2941 έσήμανας·
3490 2867 3535 2922 εί
3584 2864 3639 2921 δὶ
3696 2865 3772 2920 εἷ’-

2126 2978 2256 3033 πῃς,
2288 2959 2354 3014 Ἡ
2385 2964 2545 3028 συκῆ,
2596 2961 2631 3028 ἡ
2676 2956 2869 3033 καρύα,
2918 2959 2954 3027 ἡ
3005 2956 3316 3027 κασταναία,
3367 2958 3401 3027 ἡ
3449 2951 3769 3030 ἀμυγδαλῆ,

2130 3046 2252 3121 μίαν
2287 3047 2577 3103 ὑπόστασιν
2607 3048 2759 3109 εἶπας
2786 3050 2894 3103 τῶν
2929 3044 3188 3120 δένδρων.
3240 3043 3411 3101 Πάλιν
3445 3043 3531 3099 ἐὰν
3583 3041 3769 3119 εἴπῃς,

2123 3137 2194 3191 Τὸ
2226 3133 2396 3211 ὕδωρ,
2444 3132 2581 3207 ὅλην
2632 3137 2731 3206 τὴν
2783 3134 2939 3213 φύσιν
2986 3140 3094 3191 τῶν
3149 3132 3356 3191 ὑδάτων
3386 3134 3559 3196 εἶπας·
3594 3131 3682 3189 ἐὰν
3718 3129 3778 3187 δὶ

2127 3223 2307 3301 εἷ’πῃς,
2334 3230 2395 3281 Ἡ
2420 3225 2682 3295 θάλασσα,
2715 3228 2751 3297 ἡ
2785 3224 2981 3300 λίμνη,
3010 3225 3075 3283 τὸ
3106 3225 3298 3305 φρέαρ,
3324 3226 3360 3295 ἡ
3420 3223 3598 3299 πηγὴ,
3651 3221 3774 3296 μίαν

352 3305 528 3368 Mare,
574 3305 875 3378 paludem,
926 3311 1191 3377 puteum,
1245 3305 1500 3376 fontem,
1550 3321 1728 3360 unam
1778 3308 2008 3362 tantum

2125 3299 2277 3377 εἶπας
2306 3312 2414 3370 τῶν
2468 3312 2676 3370 ὑδάτων
2736 3299 3048 3373 ὑπόστασιν.
3330 3312 3417 3369 ἐὰν
3477 3310 3660 3387 εἷ’πῃς,
3718 3310 3779 3369 Ὀ

351 3411 641 3466 aquarum
690 3394 887 3450 dixisti
940 3394 1324 3467 hypostasin.
1380 3394 1597 3451 Iterum
1646 3395 1697 3450 si
1750 3393 2016 3451 Fluvium

351 3482 640 3546 nomines.
674 3482 883 3540 ﬂuvios
913 3501 1118 3540 omnes
1151 3482 1389 3551 dixisti;
1424 3484 1514 3539 sin
1546 3483 1782 3551 dixeris,
1807 3483 2023 3540 Maean-

349 3572 548 3637 drum,
583 3573 959 3644 Euphratem,
1010 3572 1228 3643 Nilum,
1289 3578 1417 3630 tum
1472 3572 1788 3629 ﬂuviorum
1839 3589 2022 3629 unam

350 3660 695 3733 hypostasin
743 3661 981 3717 dixisti.
1037 3662 1101 3718 ln
1153 3662 1401 3734 reliquis
1449 3661 1723 3718 similiter
1779 3666 1987 3735 operte

351 3751 552 3808 omnia
579 3752 950 3826 investigare,
980 3758 1156 3826 atque
1184 3754 1462 3827 cogitare,
1500 3754 1919 3823 internoscere,
1953 3767 2019 3809 ac

352 3839 706 3907 discernere,
773 3842 916 3914 quid
985 3843 1065 3899 sit
1130 3846 1370 3913 natura,
1441 3843 1584 3915 quid
1652 3842 2016 3917 hypostasis-

349 3930 571 3988 Natura
598 3932 813 4004 quippe
841 3932 1005 3988 radix
1033 3939 1122 3989 est
1152 3934 1403 4005 lonsque
1428 3950 1626 3990 rerum
1651 3951 1663 3989 :
1686 3933 2018 4006 hypostasis

351 4022 549 4076 autem
579 4037 718 4092 pars
747 4027 837 4077 est
864 4022 1240 4078 naturaliter:
1271 4022 1492 4095 quippe
1522 4027 1665 4079 sunt
1685 4023 2017 4080 necessaria

268 4172 273 4178 ι
349 4108 424 4165 iis
453 4109 556 4181 qui
589 4110 924 4168 mundanas
949 4127 1044 4168 res
1072 4116 1341 4168 accurate
1373 4128 1728 4185 cognoscere
1754 4130 1822 4170 ao
1852 4129 2017 4170 scru-

349 4198 463 4253 tari
494 4199 717 4255 volunt.

426 4321 488 4378 ll.
524 4323 599 4379 De
640 4324 939 4394 voluntate,
969 4327 1313 4398 praprietate
1342 4329 1393 4382 et
1435 4327 1769 4396 operatione,
1800 4334 1853 4382 et
1877 4326 1944 4382 de

783 4399 996 4453 unione
1023 4403 1077 4453 et
1104 4398 1585 4455 consubstantiali.

421 4510 570 4573 Quid
603 4515 692 4567 est
717 4510 1028 4568 voluntas?
1056 4512 1342 4569 Voluntas
1374 4518 1464 4570 est
1510 4512 1894 4586 intelligentia
1947 4516 2015 4569 et

350 4599 653 4655 rationalis
685 4601 1026 4656 substantia:
1059 4601 1372 4674 appetitus,
1404 4602 1473 4658 ad
1507 4602 1563 4657 id
1592 4603 1746 4674 quod
1779 4620 1993 4658 concu-

2131 3405 2400 3478 ποταμὸς,
2430 3403 2559 3466 τοὺς
2612 3404 2892 3479 ποταμοὺς
2943 3404 3146 3467 πάντας
3194 3399 3435 3477 εἴρηκας
3488 3402 3533 3458 εἰ
3591 3398 3651 3456 δὶ
3706 3397 3782 3455 εἷ’-

2130 3515 2255 3568 πῃς,
2296 3495 2324 3549 6
2382 3494 2677 3571 Μαίανρος,
2712 3496 2740 3550 6
2793 3494 3076 3573 Εὐφράτης
3126 3494 3155 3548 6
3215 3492 3438 3563 Νεῖλος,
3495 3491 3622 3546 τότε
3672 3494 3778 3545 τῶν

2132 3588 2396 3656 ποταμῶν
2429 3584 2582 3648 εἶπας
2617 3584 2741 3659 μίαν
2775 3584 3093 3640 ὑπόστασιν.
3139 3581 3238 3637 Καὶ
3295 3581 3347 3637 ἐν
3397 3586 3514 3644 τοῖς
3559 3579 3781 3642 λοιποῖς

2130 3672 2339 3746 ὁμοίως
2372 3672 2514 3729 οὕτω
2545 3675 2657 3750 χρὴ
2690 3672 2864 3729 πάντα
2893 3669 3188 3748 διερευνᾷν,
3231 3671 3321 3728 καὶ
3368 3672 3486 3736 καθ’
3534 3670 3590 3725 6'v
3650 3668 3779 3745 τρό-

2128 3784 2229 3818 πον
2309 3762 2614 3842 ἐγράφησαν
2690 3761 3017 3827 διανοεῖσθαι
3085 3759 3175 3817 καί
3231 3760 3630 3838 ἐπιγινώσκειν,
3688 3758 3779 3814 καὶ

2129 3850 2413 3929 διακρίνειν
2445 3854 2498 3909 τί
2552 3852 2662 3909 ἐστι
2712 3853 2889 3930 φύσις,
2939 3851 3028 3907 καὶ
3076 3851 3129 3907 τί
3177 3850 3318 3907 ἐστιν
3374 3849 3680 3911 ὑπόστασις.
3713 3850 3776 3905 Ἢ

2130 3942 2225 4015 μὶν
2255 3943 2358 4019 γὰρ
2390 3941 2545 4021 φύσις
2577 3941 2715 3997 ἐστὶν
2748 3943 2783 4010 ἡ
2827 3940 2948 4018 ῥίζα
2973 3941 3064 3997 καὶ
3094 3943 3130 4011 ἡ
3162 3942 3313 4018 πηγὴ
3363 3945 3471 3996 τῶν
3519 3935 3780 4015 πραγμά-

2124 4035 2253 4086 τῶψ
2301 4034 2336 4098 ἡ
2388 4029 2447 4087 δὲ
2496 4030 2782 4087 ὑπόστασις
2845 4030 3008 4106 μέρος
3066 4031 3179 4087 ἐστὶ
3223 4038 3323 4102 τῆς
3382 4029 3610 4108 φύσεως.
3660 4029 3779 4085 Ἀν-

2125 4126 2320 4198 αγκαῖα
2366 4122 2472 4198 γὰρ
2519 4124 2688 4177 ταῦτα
2730 4126 2848 4183 τοῖς
2896 4120 3144 4185 θέλουσιν
3196 4115 3438 4195 ἀκριϐῶς
3488 4118 3555 4174 τὰ
3603 4118 3654 4172 έν
3700 4120 3781 4188 τῷ
3833 4156 3851 4175 1

2124 4210 2320 4285 κόσμῳ
2350 4208 2726 4287 ἐπιγινώσκειν
2752 4210 2843 4266 καὶ
2875 4210 3113 4286 έρευνᾷν.

2126 4337 2197 4393 ΙΙ.
2234 4335 2363 4410 Περὶ
2397 4333 2530 4405 θελή
2545 4354 2735 4423 ματος,
2768 4333 2857 4423 καὶ
2905 4330 3225 4423 ἰδιώματος,
3257 4332 3347 4423 καὶ
3378 4330 3664 4407 ἐνεργείας,
3694 4329 3783 4383 καὶ

2536 4403 2662 4479 περὶ
2691 4406 2934 4467 ὲνώσεως
2969 4403 3057 4460 καὶ
3088 4403 3373 4477 ὁμουσίου.

2194 4512 2254 4566 Τί
2286 4511 2396 4567 ἐστι
2429 4511 2684 4585 θέλημας
2717 4509 2949 4584 Θέλημά
2991 4510 3130 4566 ἐστιν
3187 4509 3375 4572 ούσίας
3434 4513 3629 4584 νοερᾶς
3685 4509 3775 4563 καὶ

2126 4600 2354 4675 λογικῆς
2387 4598 2565 4677 ἔφεσις
2597 4600 2731 4677 πρὸς
2760 4600 2822 4655 τὸ
2851 4598 3210 4673 καταθύμιον.
3268 4604 3376 4654 Πᾶν
3433 4597 3537 4674 γὰρ
3566 4596 3777 4671 νοερὸν,

354 4687 623 4759 piscitur.
660 4689 956 4762 Quidquid
989 4692 1147 4746 enim
1178 4690 1468 4760 intelligit,
1505 4691 1697 4763 palam
1729 4696 1820 4747 est
1853 4692 2010 4763 quod

2125 4676 2435 4764 πρόδηλον,
2476 4687 2558 4742 ὅτι
2605 4676 2697 4743 καὶ
2755 4688 3043 4759 θελητικὸν
3098 4687 3357 4763 ὑπάρχει·
3403 4684 3625 4759 θέλημα
3671 4686 3774 4762 γὰρ

352 4776 529 4833 etiam
561 4778 881 4835 voluntatis
924 4779 1001 4835 sit
1051 4797 1281 4851 capax:
1317 4776 1489 4850 θέληα
1540 4781 1720 4846 enim,
1772 4797 1873 4837 seu
1923 4796 2016 4836 νο·

349 4864 572 4936 luntas,
618 4866 754 4921 κατά
809 4867 871 4921 τὸ
903 4867 1038 4931 θέειν
1071 4865 1442 4941 λίαν,εοῑ1ἱοεῐ
1463 4888 1495 4926 a
1526 4870 1693 4927 valde
1723 4868 2013 4924 currendo

347 4954 566 5010 dicitur
605 4972 617 5011 :
652 4956 762 5024 vel,
796 4957 982 5030 aptati
1014 4960 1342 5032 assumptio
1374 4976 1477 5016 seu
1509 4958 1839 5029 occupatio.
1888 4955 2014 5010 Tri-

346 5043 577 5117 pliciter
626 5050 827 5101 autem
860 5045 1137 5102 voluntas
1169 5048 1577 5105 consideratur
1607 5064 1621 5103 :
1655 5044 1873 5115 divina,
1906 5060 2011 5100 an-

347 5135 533 5207 gelica
564 5142 621 5191 et
650 5136 894 5205 animae;
952 5139 1438 5211 quandoquidem
1483 5137 1574 5192 hae
1618 5140 1739 5191 tres
1788 5139 2010 5190 natura:

346 5230 603 5295 tantum,
636 5228 955 5285 voluntatis
988 5234 1128 5287 sunt
1159 5246 1421 5303 capaces.
1454 5226 1785 5300 Tripliciter
1813 5230 2008 5282 autem

346 5322 402 5371 et
422 5316 480 5370 in
506 5316 811 5387 Scriptura
833 5319 1198 5374 voluntatem
1224 5317 1559 5373 invenimus
1580 5314 1853 5387 usurpari
1882 5331 1895 5369 :
1919 5314 2007 5370 di-

347 5404 909 5475 vinam,naturalem
944 5407 1029 5463 vel
1063 5404 1518 5473 mcdiam,tertio
1544 5404 1857 5475 carnalem,
1879 5420 2006 5476 qum

348 5493 698 5550 diabolicam
732 5496 1045 5568 signiﬁcat.
1084 5496 1369 5552 Voluntas
1403 5495 1620 5562 divina,
1655 5499 1795 5550 sunt
1839 5511 2006 5550 man-

352 5582 487 5636 data
520 5582 635 5636 Dei.
677 5584 961 5641 Voluntas
996 5583 1303 5649 naturalis,
1353 5590 1439 5639 est
1486 5587 1745 5656 operatio
1796 5582 2003 5640 divina

353 5670 690 5728 voluntatis.
725 5674 989 5731 Carnalis
1021 5691 1152 5731 vero
1184 5676 1474 5746 voluntas,
1505 5682 1593 5731 est
1616 5674 1763 5747 legis
1794 5674 2004 5731 divinae

352 5763 759 5832 transgressio.
793 5761 1028 5836 Triplex
1060 5764 1173 5822 ista
1199 5763 1469 5823 voluntas
1498 5767 1587 5823 est
1634 5765 1693 5822 in
1742 5763 1999 5823 homine.

2125 4776 2362 4854 λέγεται,
2396 4778 2534 4833 κατὰ
2560 4779 2622 4834 τὸ
2653 4777 2788 4841 θέειν
2839 4778 2984 4849 λίαν,
3034 4779 3070 4847 ἢ
3117 4781 3217 4833 τοῦ
3264 4776 3499 4849 θελητοῦ
3552 4774 3776 4849 λῆμμα,

2121 4868 2157 4936 ἢ
2210 4868 2284 4930 ὡς
2315 4866 2589 4941 κράτημα.
2622 4871 2840 4944 Τριχῶς
2874 4865 2933 4922 δὲ
2963 4869 3243 4942 θεωρεῖται
3272 4867 3337 4923 16
3377 4865 3616 4940 θέλημα,
3665 4867 3773 4920 θεῖ-

2120 4957 2234 5028 κὸν,
2280 4956 2599 5033 ἀγγελικὸν,
2647 4958 2739 5012 καὶ
2786 4957 3045 5033 ψυχικόν·
3098 4954 3287 5026 ἐπειδή
3336 4956 3492 5012 αὗται
3542 4956 3598 5010 αἱ
3626 4959 3772 5029 τρεῖς

2121 5045 2304 5124 φύσεις
2369 5045 2527 5120 μόναι
2590 5046 2694 5101 εἰσὶ
2741 5041 3046 5116 θελητικαί.
3105 5049 3325 5122 Τριχῶς
3382 5041 3441 5101 δὶ
3484 5044 3577 5101 καὶ
3624 5042 3676 5099 έν
3707 5045 3776 5107 τῆ

2120 5139 2307 5214 Γραφῇ
2353 5135 2672 5210 εὑρίσκομεν
2718 5135 2781 5192 16
2831 5133 3052 5209 θέλημα
3097 5131 3413 5209 λεγόμενον,
3463 5132 3663 5201 θεΐκὸν,
3718 5132 3780 5186 τὸ

2118 5225 2339 5304 φυσικὸν
2398 5226 2433 5295 ἢ
2484 5225 2548 5280 τὸ
2600 5223 2789 5299 μέσον,
2841 5224 2933 5280 καὶ
2980 5223 3165 5297 τρίτον
3222 5225 3285 5279 τὸ
3335 5222 3612 5298 σαρκικὸν,
3645 5220 3778 5297 ὅπερ

2118 5314 2370 5388 σημαίνει
2400 5315 2463 5369 16
2497 5307 2839 5370 διαϐολικὸν.
2874 5311 3103 5386 Θέλημα
3133 5312 3276 5367 θεῖόν
3327 5310 3438 5367 ἐστι
3494 5311 3562 5367 τὰ
3606 5333 3781 5387 προσ-

2112 5406 2363 5481 τάγματα
2391 5408 2488 5459 τοῦ
2512 5408 2666 5462 Θεοῦ.
2717 5404 2946 5476 Θέλημα
2993 5401 3051 5458 δὲ
3099 5403 3323 5481 φυσικὸν
3361 5405 3398 5473 ἡ
3432 5401 3654 5478 ἐργασία
3680 5406 3778 5457 τοῦ

2118 5498 2253 5549 Θεοῦ
2282 5491 2618 5567 θελήματος.
2652 5490 2883 5568 Θέλημιι
2915 5490 2974 5549 δὲ
3003 5493 3256 5568 σαρκικὸν
3289 5495 3324 5563 ἡ
3373 5491 3624 5569 παρακοὴ
3674 5496 3772 5547 τοῦ

2115 5581 2261 5646 θείου
2299 5583 2497 5657 νόμου.
2541 5586 2721 5641 Ταῦτα
2776 5584 2843 5638 τά
2889 5581 3015 5660 τρία
3065 5582 3353 5657 θελήματά
3402 5582 3533 5638 εἶσιν
3590 5580 3642 5637 έν
3684 5586 3768 5655 τῷ

2112 5671 2403 5748 ἀνθρώπῳ.
2438 5673 2588 5731 Ἐστι
2624 5669 2680 5729 δὲ
2709 5672 2799 5729 καὶ
2829 5670 3010 5750 ἕτερον
3060 5671 3278 5747 θέλημα
3321 5672 3567 5753 φυσικὸν,
3628 5669 3762 5748 ὅπερ

2112 5759 2323 5840 λέγεται
2377 5762 2559 5824 κοινὸν
2616 5768 2776 5824 πᾶσιν
2820 5764 3155 5843 ἀνθρώποις.
3198 5764 3370 5821 Τοῦτο
3420 5758 3479 5820 δέ
3536 5758 3647 5820 ἐστι
3697 5761 3763 5819 τὸ
