4170 6362
287 428 394 487 541

289 556 583 636 φιλόζωον.

294 645 576 717 ζωήν,καῖ
608 649 674 698 τὸ
706 644 835 719 ὁρᾷν
895 642 957 696 τὸ
1007 646 1141 718 φῶς.
1195 639 1332 698 Ἰδοὺ
1393 642 1478 696 καὶ
1527 643 1586 696 τὸ
1638 643 1812 697 κοινὸν
1858 645 1942 698 Οἰ-

293 735 464 807 λημα.
499 734 619 788 Εἶσὶ
655 731 711 788 δὲ
743 732 831 786 καὶ
863 728 1017 803 ἕτερα
1049 729 1331 803 θελήματα
1362 730 1413 786 ἰν
1465 734 1622 804 ἡμῖν,
1684 735 1816 808 ἅπερ
1849 753 1944 786 κα-

295 824 510 880 λοῦνται
571 823 849 898 γνωμικσὶ.
909 819 1114 881 Ἀλλος
1175 820 1268 892 μὶν
1325 821 1426 896 γὰρ
1458 819 1741 895 ἅνθρωπος
1799 819 1942 884 θέλει

296 912 538 982 ἰδιάζειν,
572 911 745 973 ἀλλος
778 915 1058 985 γεωργεῖν·
1091 911 1180 962 καὶ
1236 908 1403 971 ἄλλος
1439 912 1530 982 μὲν
1583 909 1788 983 πλέειν,
1842 911 1943 966 ἄλ-

297 1003 390 1065 λος
425 1003 481 1058 δὲ
512 1001 895 1068 ἀναπαύεσθαι,
928 999 1016 1053 καὶ
1051 997 1220 1059 ἄλλος
1253 997 1478 1072 ὁδεύειν,
1525 999 1699 1062 ἄλλος
1748 1022 1946 1076 γρηγο-

301 1097 430 1168 ρεῖν,
458 1091 548 1146 καὶ
577 1089 746 1151 ἄλλος
783 1090 1004 1157 ὑπνοῦν,
1037 1089 1124 1143 καὶ
1153 1089 1204 1141 οἱ
1237 1087 1424 1142 λοιποὶ
1476 1088 1707 1162 ὁμοίως·
1759 1088 1945 1145 πολλὰ

301 1182 547 1254 γνωμικα
624 1179 840 1251 Θελήμα
898 1175 1102 1252 ἔχομεν
1190 1177 1240 1230 oi.
1327 1179 1624 1253 ἅνθρωποι,
1713 1182 1807 1235 ’Έν
1887 1177 1943 1233 δὲ

309 1270 527 1346 φυσικὸν
585 1267 794 1340 θελημα
847 1264 1048 1342 ἔχομεν
1125 1267 1337 1332 πάντες,
1415 1267 1477 1320 τὸ
1551 1269 1760 1341 ἀγαπᾷν
1842 1269 1940 1336 τὴν

315 1359 480 1426 ζωὴν,
509 1355 629 1425 ἤτοι
657 1359 754 1424 τὴν
788 1354 1091 1421 ἀθανασίαν,
1221 1351 1489 1428 ἐλάϐομεν
1525 1357 1574 1426 ἐξ
1607 1357 1806 1432 ἀρχῆς.

1459 423 1690 484 LIBER
1736 422 1836 483 DE
1880 422 2540 486 DEFINlTIONIBUS.

669 555 874 615 Πάντες
950 552 1052 628 γὰρ
1133 553 1182 606 οἱ
1235 549 1511 628 ἄνθρωποι
1562 553 1781 630 φιλοῦσι
1838 554 1929 622 τὴν

2054 555 2156 611 Est:
2186 556 2358 611 etiam
2389 555 2502 610 alia
2534 555 2820 612 naturalis
2849 555 3277 628 voluntas,quaa
3307 557 3524 612 dicitur
3554 574 3708 613 com-

3589 427 3710 488 542

2056 645 2254 700 munis
2287 646 2562 700 omnibus
2595 644 3090 716 hominibus,quaa
3113 650 3201 700 est
3217 663 3379 701 amor
3396 648 3700 702 vitae.Nam

2054 751 2258 790 omnes
2310 735 2576 790 homines
2629 735 2806 789 vitam
2860 741 3081 803 amant,
3123 735 3482 806 cupiuntque
3512 735 3704 790 videre

2053 823 2265 878 lucem.
2293 824 2360 878 Et
2391 824 2512 879 haec
2545 828 2634 879 est
2665 825 2999 879 communis
3033 825 3324 878 voluntas.
3349 825 3498 878 Sunt
3527 824 3701 879 etiam

2052 912 2112 966 in
2147 913 2314 967 nobis
2345 913 2459 968 alia
2489 913 2806 968 voluntatis
2838 930 3070 983 genera,
3097 931 3221 984 qua:
3253 913 3526 967 dicuntur
3557 913 3707 967 arbi-

2054 1003 2170 1056 trii.
2207 1002 2347 1057 Nam
2379 1002 2529 1058 alius
2563 1003 2686 1056 vult
2717 1002 2901 1058 vivere
2932 1003 3213 1072 privatus,
3238 1002 3388 1056 alius
3423 1002 3702 1069 rusticus,

2051 1097 2108 1146 et
2138 1091 2286 1146 alius
2320 1092 2612 1163 navigare,
2645 1093 2796 1147 alius
2839 1109 2972 1148 vero
3025 1093 3134 1146 frui
3181 1093 3398 1162 quiete,
3447 1096 3503 1145 et
3549 1091 3703 1144 alius

2053 1181 2431 1251 peregrinari,
2467 1181 2617 1236 alius
2648 1181 2882 1254 vigilare
2910 1186 2968 1236 et
3000 1181 3148 1235 alius
3179 1181 3470 1236 dormire:
3502 1185 3558 1235 et
3589 1197 3701 1234 cae-

2053 1269 2158 1324 teri
2191 1269 2464 1324 suuiliter
2493 1269 2645 1325 alius
2677 1271 2798 1325 vult
2828 1268 2984 1324 aliud
3017 1287 3028 1324 :
3067 1287 3200 1324 nam
3238 1269 3448 1323 multas
3500 1269 3702 1323 volun-

2052 1363 2200 1412 tates
2233 1359 2457 1412 arbitrii
2491 1359 2794 1413 babemus.
2829 1357 3013 1412 Unam
3047 1375 3176 1413 vero
3207 1357 3569 1412 Voluntatem
3603 1375 3706 1412 na-

314 1447 556 1503 turalem
619 1463 817 1502 omnes
882 1446 1230 1516 accepimus,
1301 1462 1510 1518 nempe
1578 1464 1774 1504 amare
1844 1448 2042 1517 vitam,
2111 1463 2215 1502 seu
2282 1446 2807 1516 immortalitatem,
2857 1463 3034 1518 quam
3085 1446 3421 1517 accepimus
3468 1464 3502 1502 a
3545 1446 3704 1518 prin-

313 1535 481 1608 cipio.

764 1709 857 1761 Ill.
890 1704 956 1761 Τί
988 1703 1198 1781 λέγεται
1233 1703 1456 1778 ἰδίωμα.

2350 1709 2502 1764 I96
2534 1708 2628 1765 III.
2664 1709 2812 1777 Quid
2835 1709 3040 1764 dicitur
3063 1709 3400 1780 proprietas.

365 1843 587 1918 Ἰδίωμα
617 1844 828 1922 λέγεται
863 1844 952 1902 διὰ
989 1849 1050 1902 τὸ
1100 1845 1211 1903 ἴδια
1261 1849 1392 1902 εἶναι
1443 1849 1575 1921 ἅμαο
1635 1850 1929 1924 ἀχώριστοι

2122 1851 2364 1916 Idioma,
2399 1867 2500 1906 seu
2533 1851 2860 1922 proprietas
2890 1851 3125 1918 dicitur,
3163 1845 3251 1902 διά
3295 1848 3357 1902 τὸ
3406 1844 3518 1901 ἴδια
3568 1849 3706 1902 εἶναι

292 1935 388 2010 γάρ
421 1935 520 1990 εἰσι
548 1940 656 1991 τῶν
718 1936 925 2013 φύσεων
975 1937 1064 1990 καὶ
1113 1942 1218 1991 τῶν
1273 1938 1615 1992 ὑποστασεων
1668 1940 1722 1992 αἱ
1762 1938 1935 1993 αὐτῶν

297 2023 572 2095 ἰδιότητες.
604 2024 836 2100 Ἰδίωμά
865 2025 972 2082 ἐστι
1003 2027 1065 2081 τὸ
1093 2023 1149 2082 ἓν
1198 2049 1305 2082 τινι
1356 2027 1507 2102 φύσει
1560 2025 1747 2090 ἰδικῶς
1800 2051 1939 2104 γνω-

290 2115 568 2188 ριζόμενον
618 2116 708 2170 καὶ
765 2114 816 2170 ἐν
876 2115 1029 2191 ἑτέρᾳ
1091 2117 1165 2190 μή
1226 2115 1630 2192 εὑρισκόμενον.
1693 2117 1822 2174 Οἶὸν
1882 2140 1933 2173 τι

287 2202 444 2279 λέγω·
481 2205 564 2260 Ἐν
597 2209 678 2276 τῷ
705 2209 821 2276 Θιῷ
852 2205 961 2259 ἐστι
994 2205 1057 2259 τὸ
1086 2206 1441 2281 προαιώνιον,
1474 2207 1537 2260 τὸ
1569 2206 1841 2273 ἅκτιστον,
1873 2209 1934 2262 τὸ

283 2292 702 2369 ἆπερίγραπτον,
738 2295 892 2348 ἅτινα
923 2293 1029 2369 οὐχ
1062 2293 1398 2370 ὑπάρχουσιν
1433 2295 1482 2349 ἐν
1513 2295 1659 2365 ἄλλη
1695 2295 1783 2367 οἵᾳ
1834 2294 1932 2366 δή-

280 2405 406 2437 ποτε
435 2383 596 2454 οὐσίᾳ
629 2382 854 2455 ’ἰδίωμα
884 2382 993 2437 ἐστι
1023 2389 1139 2444 τοῖς
1186 2384 1438 2459 ἀγγέλοις
1485 2386 1546 2438 τὸ
1595 2385 1794 2448 ἀπαθὲς
1840 2387 1931 2440 καὶ

280 2472 563 2536 ἀθάνατον,
589 2472 652 2526 τὸ
686 2469 1136 2547 ὑμνολογικὲν,τὸ
1169 2472 1448 2548 ἀσίγητον.
1495 2471 1722 2546 Ἰδίωμα
1751 2471 1808 2527 δὲ
1839 2474 1930 2528 ἀν-

278 2561 494 2636 θρώπου
526 2560 734 2631 κυρίως
789 2561 851 2615 τὸ
913 2559 1160 2615 σύνθετον
1213 2560 1272 2615 ἐκ
1309 2563 1512 2631 Θνητῆς
1542 2562 1631 2616 καὶ
1665 2562 1929 2625 ἀθανάτου

274 2650 505 2728 φύσεως,
543 2651 594 2704 ἓν
625 2649 770 2723 ἅλλῃ
806 2647 893 2720 οἵᾳ
924 2651 1127 2720 ὸήποτε
1172 2650 1328 2721 οὐσίᾳ
1379 2652 1454 2723 μὴ
1505 2652 1926 2727 γνωριζόμενον.

273 2741 365 2796 Καὶ
394 2745 571 2794 ταῦτα
604 2737 698 2812 μὲν
732 2740 833 2792 εἱσι
868 2741 1064 2816 φυσικά
1093 2737 1550 2816 ὶδιώματα·ἕτερα
1571 2742 1659 2794 καὶ
1695 2742 1928 2796 ὑποτακ-

269 2830 409 2898 τικὰ,
441 2831 563 2883 οἷον
598 2827 886 2899 λευκότης,
935 2827 1184 2901 μελανία,
1239 2829 1537 2903 μακρότης,
1595 2825 1923 2898 κολοϐότης,

268 2917 602 2993 γλαυκότης,
636 2919 934 2993 γοργότης,
964 2918 1264 2992 νωθρότης,
1317 2919 1405 2972 καὶ
1452 2919 1519 2972 τὰ
1567 2918 1734 2990 ὅμοια
1791 2921 1924 2994 ἅπερ

275 3007 371 3061 οὐκ
399 3007 447 3062 ἐν
479 3013 645 3061 πᾶσιν
683 3006 990 3080 ἀνθρώποις
1021 3006 1378 3080 εὐρίσκονται.
1413 3008 1490 3064 Οὐ
1520 3008 1622 3083 γὰρ
1656 3007 1848 3070 πάντες
1873 3010 1924 3062 οἱ

275 3093 547 3162 ἅνθρωποι
595 3096 809 3173 γοργοὶ,
854 3093 980 3151 οὐδὲ
1024 3095 1216 3159 πάντες
1273 3097 1472 3168 ξανθοί.
1519 3099 1593 3152 Τὰ
1641 3095 1696 3152 δὲ
1728 3099 1926 3175 φυσικά

275 3183 547 3258 ἰδιώματα
576 3185 626 3256 lg
660 3183 780 3240 ἴσου
811 3184 900 3240 καὶ
946 3187 998 3240 ὶν
1048 3187 1205 3240 παντὶ
1253 3191 1332 3258 τῷ
1384 3184 1511 3241 εἴδει
1561 3187 1918 3262 εὑρίσκονται·

273 3275 459 3338 πάντες
493 3275 596 3350 γὰρ
633 3275 685 3330 οἱ
717 3273 996 3351 ἅνθρωποι
1031 3274 1218 3351 βροτοὶ
1252 3275 1461 3348 ὁμοίως
1490 3277 1610 3346 εἶσὶ,
1661 3277 1748 3331 καὶ
1801 3279 1924 3345 0w,-
1955 3248 1998 3316 Ο

271 3365 375 3431 τοὶ,
434 3362 678 3440 λογικο),
730 3363 1130 3439 πλατυόνυχοι,
1184 3364 1758 3438 ὁρθοπιριπατητικοί.
1807 3365 1922 3422 Εἰσὶ

275 3449 329 3506 δὶ
383 3455 473 3508 καὶ
523 3450 700 3527 ἕτερα,
764 3455 897 3528 ἅπερ
947 3453 1008 3507 οὐ
1059 3451 1304 3527 λέγονται
1376 3453 1575 3530 κυρίως
1624 3452 1918 3527 ἰδιώματα,

275 3541 413 3620 ἀλλᾶ
442 3537 855 3615 συμϐεϐηκότα.
885 3547 1060 3596 Ταῦτα
1111 3540 1167 3597 δὲ
1209 3542 1444 3618 γίνονται
1494 3544 1582 3598 καὶ
1629 3544 1918 3619 ἀπογίνον-

274 3651 376 3685 ται⁶
411 3634 522 3687 οἷον
555 3635 590 3701 ἡ
625 3632 917 3704 νηπιότης,
949 3634 982 3701 ἡ
1019 3632 1186 3707 ὑγεία,
1219 3635 1252 3701 ἡ
1298 3632 1478 3702 νόσος,
1531 3637 1564 3702 ἡ
1625 3632 1919 3707 θερμότης,

282 3722 308 3789 ἢ
339 3722 640 3799 ψυχρότης
674 3721 763 3776 καὶ
798 3723 986 3802 ἁπλῶς
1016 3728 1118 3777 πᾶν
1149 3723 1210 3776 τὸ
1239 3720 1662 3798 παραλλαγῆναι
1697 3721 1922 3795 δυνάμε-

282 3830 364 3862 νον
397 3806 743 3884 συμϐεϐηκὸς
775 3809 1010 3886 λέγεται.

2049 1937 2182 2011 ἅμα,
2229 1941 2358 1996 ideo
2409 1941 2562 2011 quod
2614 1939 2790 1996 simul
2827 1941 2946 1994 sint
2989 1940 3241 2011 propria.
3280 1939 3704 2011 lnseparabiles

2048 2030 2202 2084 enim
2238 2035 2375 2084 sunt
2406 2047 2437 2083 a
2464 2030 2587 2084 suis
2621 2029 2846 2084 naturis
2877 2035 2932 2084 et
2980 2028 3394 2100 bypostasibus
3445 2028 3706 2100 proprie-

2046 2122 2196 2174 tates
2249 2119 2534 2190 ipsarum.
2596 2117 2927 2189 Proprietas
2957 2123 3059 2184 est,
3096 2118 3247 2188 quod
3283 2117 3340 2171 in
3368 2116 3564 2187 aliqua
3595 2133 3703 2171 na~

2046 2212 2178 2262 tura
2212 2208 2443 2280 proprie
2476 2207 2931 2280 cognoscitur,et
2963 2207 3019 2262 in
3052 2207 3165 2262 alio
3198 2205 3360 2262 nulla
3393 2206 3699 2276 reperitur.

2045 2297 2305 2368 Exempli
2336 2314 2533 2366 causa,
2569 2298 2626 2351 in
2663 2302 2772 2352 Deo
2800 2302 2908 2363 est,
2944 2298 3097 2368 quod
3134 2298 3208 2351 sit
3241 2301 3372 2350 ante
3403 2295 3697 2351 aeternita-

2042 2390 2157 2439 tem
2192 2387 2848 2457 temporumﬁncreatus
2881 2391 2937 2440 et
2966 2385 3459 2456 immensus,quaz
3490 2384 3547 2438 in
3581 2383 3698 2438 alia

2042 2474 2204 2529 nulla
2235 2493 2487 2547 usquam
2521 2480 2657 2530 sunt
2689 2474 3404 2545 substantia.Angelorum
3437 2474 3695 2545 preprie-

2039 2568 2130 2620 tas
2163 2573 2270 2631 est,
2304 2566 2456 2636 quod
2495 2566 2798 2620 affectibus
2834 2563 3174 2636 passionum
3208 2568 3445 2618 careant
3475 2568 3530 2616 et
3580 2562 3699 2617 sint

2039 2653 2587 2725 immortales,quod
2624 2655 2808 2708 Deum
2845 2653 3124 2708 laudibus
3160 2653 3550 2715 celebrent,ut
3578 2669 3697 2706 nun

2039 2757 2216 2812 quam
2247 2742 2827 2813 sileant.Proprietas
2859 2759 2994 2796 vero
3027 2741 3286 2796 hominis
3319 2741 3596 2812 esl,quod
3631 2758 3699 2796 ex

2038 2831 2269 2885 mortali
2303 2837 2357 2884 et
2390 2831 2706 2885 immortali
2742 2835 2952 2884 natura
2985 2831 3342 2902 compositus
3391 2830 3488 2898 sit,
3542 2830 3696 2900 quod

2035 2919 2095 2974 in
2129 2919 2240 2974 alia
2276 2920 2436 2974 nulla
2460 2937 2709 2991 usquam
2733 2921 3064 2974 substantia
3086 2919 3586 2990 reperitur.Atque
3611 2919 3696 2972 hac

2036 3009 2270 3079 quidem
2307 3013 2444 3062 sunt
2475 3009 2858 3080 proprietates
2891 3008 3356 3064 naturalesAlite
3389 3013 3529 3063 sunt
3561 3007 3698 3061 sub-

2036 3097 2336 3163 ordinatae,
2365 3105 2428 3153 ut
2462 3097 2686 3163 albedo,
2723 3099 2986 3168 nigredo,
3041 3097 3368 3167 longitudo,
3423 3097 3697 3161 brevitas,

2036 3186 2189 3242 caesii
2242 3192 2341 3242 aut
2387 3187 2529 3241 torvi
2563 3187 2738 3253 oculi,
2770 3187 3036 3251 tarditas,
3070 3192 3124 3241 et
3154 3185 3390 3250 similia,
3423 3202 3548 3256 qua:
3573 3201 3690 3240 non

2035 3276 2094 3332 in
2129 3278 2406 3333 omnibus
2438 3277 2778 3332 hominibus
2810 3276 3330 3348 reperiuntur.Non
3366 3277 3520 3329 enim
3575 3292 3695 3330 om-

2037 3385 2140 3422 nes
2190 3369 2458 3423 homines
2505 3374 2644 3422 sunt
2696 3368 2874 3420 torvis
2925 3367 3132 3428 oculis,
3183 3382 3285 3422 nec
3318 3381 3520 3420 omnes
3552 3370 3691 3420 sunt

2034 3456 2513 3512 ﬂavi.Naturales
2545 3462 2738 3511 autem
2773 3457 3155 3527 proprietates
3189 3455 3406 3527 pariter
3439 3455 3493 3508 in
3531 3453 3697 3509 omni

2033 3546 2225 3618 Specie
2261 3547 2634 3615 reperiuntur
2668 3564 2680 3600 :
2717 3563 2850 3600 nam
2895 3563 3100 3599 omnes
3150 3545 3420 3599 homines
3479 3544 3700 3614 pariter

2033 3635 2440 3707 corruptibiles
2473 3634 3447 3705 sunt,mortales,rationales,latos
3469 3650 3699 3702 ungues

2034 3725 2318 3780 habentes
2352 3730 2406 3779 ut
2438 3726 2775 3779 incedentes
2808 3730 2996 3780 erecto
3030 3741 3266 3796 corpore
3323 3724 3471 3778 Sunt
3503 3727 3697 3777 autem

2034 3820 2092 3869 et
2123 3813 2255 3878 alia,
2280 3831 2406 3884 quae
2441 3831 2552 3869 non
2589 3815 2820 3886 proprie
2851 3815 3128 3869 dicuntur
3163 3812 3576 3880 idiomata,scd
3611 3826 3704 3867 ae“

289 3897 547 3967 cidentia,
578 3917 710 3972 quas
739 3902 958 3956 adsunt
989 3901 1332 3957 substantia:
1362 3906 1421 3957 et
1453 3902 1760 3965 recedunt;
1793 3906 1857 3956 ut
1887 3901 2152 3967 infantia,
2189 3903 2426 3965 sanitas,
2460 3903 2726 3967 morbus,
2752 3901 3049 3966 caliditas,
3085 3899 3412 3971 frigiditas:
3447 3898 3700 3970 denique

286 3986 559 4059 quidquid
593 3991 805 4046 mutari
842 3997 1051 4062 potest,
1077 3991 1426 4064 contingens
1458 3993 1545 4047 vel
1581 3991 1852 4048 accidens
1879 3990 2116 4047 dicitur.

804 4218 898 4275 ιν.
935 4217 1069 4293 Περὶ
1102 4216 1388 4292 ἐνεργείας.

352 4339 614 4414 Ἐνέργειά
668 4341 799 4412 ἔστι,
855 4341 991 4406 καθά
1051 4363 1210 4419 φησιν
1263 4343 1290 4396 ὁ
1347 4341 1497 4417 ἅγιος
1547 4340 1846 4418 Γρηγόριος
1896 4342 1924 4397 ὁ

277 4426 504 4500 Νύσσης,
556 4431 822 4508 ἠφυσική
887 4431 1110 4486 ἑκάστου
1160 4430 1388 4504 δύναμίς
1445 4452 1502 4484 τε
1549 4431 1638 4485 καὶ
1687 4431 1919 4500 κίνησις.

272 4517 368 4570 Καὶ
425 4519 528 4592 γὰρ
587 4516 811 4573 ἕκαστον
869 4517 1132 4581 οὐσιῶδες
1191 4517 1309 4594 ἔχει
1366 4521 1464 4589 τὴν
1528 4520 1719 4573 ἑαυτοῦ
1778 4521 1922 4594 ἐνέρ-

269 4626 428 4677 γειαν·
482 4613 596 4662 οἷον
653 4611 720 4662 τὰ
766 4610 926 4685 νοερὰ
973 4612 1070 4679 τὴν
1126 4606 1337 4680 νόησιν,
1389 4610 1455 4663 τὰ
1505 4609 1792 4679 αἰσθητικᾶ
1821 4611 1920 4677 τὴν

269 4693 533 4765 αἴσθησιν,
594 4699 661 4751 τὰ
717 4700 913 4768 κινητὰ
967 4699 1065 4767 τήν
1125 4700 1363 4768 κίνησιν,
1421 4699 1489 4752 τὰ
1559 4699 1775 4752 πετεινὰ
1822 4700 1919 4766 τήν

267 4790 486 4853 πτῆσιν,
536 4787 604 4840 τὰ
659 4787 829 4856 νηκτὰ
876 4789 975 4856 τὴν
1027 4787 1203 4857 νῆξιν,
1232 4788 1299 4842 τὰ
1363 4786 1629 4862 βλαστικὰ
1657 4788 1754 4854 τὴν
1789 4786 1921 4862 βλά-

268 4893 480 4942 στησιν,
534 4876 602 4929 τὰ
672 4877 967 4950 ἓρπυστικὰ
1035 4878 1132 4945 τήν
1205 4875 1446 4952 ἕρπυσιν,
1500 4878 1567 4930 τὰ
1625 4875 1924 4952 φωτιστικ-ἆι

263 4963 363 5031 τὴν
397 4959 700 5037 ἔλλαμψιν,
731 4967 795 5019 τὰ
827 4967 1112 5041 γεννητικὰ
1153 4968 1252 5034 τήν
1299 4965 1572 5040 γέννησιν’
1634 4966 1766 5040 ἅπερ
1818 4966 1922 5018 πά-

267 5049 380 5115 λιν,
456 5052 856 5127 ἀναιρουμένης
933 5063 1032 5124 τῆς
1110 5055 1400 5130 ἐνεργείας,
1475 5055 1771 5130 ἀναιρεῖται
1831 5055 1921 5108 καὶ

267 5139 576 5196 ἀπόλλυται
606 5144 698 5197 καὶ
729 5145 762 5213 ἠ
797 5144 962 5199 αὐτοῦ
993 5143 1171 5222 φύσις.
1211 5143 1641 5218 Ἀναιρουμένης
1694 5144 1794 5218 γὰρ
1826 5145 1922 5211 τῆς

264 5230 535 5297 καύσεως,
570 5227 847 5287 σϐέννυται
880 5234 942 5288 τὸ
989 5237 1116 5308 πῦρ·
1170 5233 1562 5309 ἀναιρουμένης
1607 5239 1709 5302 τῆς
1767 5235 1921 5302 κινή-

264 5339 404 5380 σεως
452 5324 549 5374 τοῦ
601 5321 767 5396 ζώου,
823 5320 1131 5377 ἀπόλλυται
1184 5325 1340 5391 ζῶονο
1403 5323 1798 5398 ἀναιρουμένης
1825 5329 1923 5391 τῆς

261 5409 533 5476 νοήσεως,
569 5409 878 5466 ἀπόλλυται
907 5412 970 5466 τὸ
1000 5413 1184 5487 νοερὸν
1218 5418 1317 5480 τῆς
1349 5414 1532 5486 ψυχῆς
1563 5411 1650 5465 καὶ
1704 5413 1766 5465 τὸ
1823 5411 1920 5467 λο-

262 5497 420 5571 γικὸν
455 5497 644 5568 αὐτῆς.
677 5499 746 5554 Τὁ
780 5497 836 5554 δὶ
867 5497 1191 5574 παράδοξον,
1249 5499 1331 5554 ὅτι
1377 5499 1466 5554 καί
1495 5521 1636 5561 τινες
1671 5497 1920 5576 διάφοροι

267 5584 456 5660 φυσεις
517 5589 869 5662 στερούμεναι
926 5595 1034 5642 τῶν
1093 5593 1330 5666 φυσικῶν
1402 5590 1677 5664 ἑνεργειων
1723 5588 1920 5656 αὐτῶν,

267 5674 454 5749 ἒτὲρας
507 5677 773 5754 ἐνεργείας
831 5678 1121 5734 τίκτουσιν.
1181 5679 1308 5735 υἶον
1353 5678 1382 5731 ὁ
1434 5676 1584 5739 λίθος
1613 5679 1922 5751 καιόμενος,

268 5763 362 5818 καὶ
423 5765 706 5825 ἀπόλλυσι.
758 5769 864 5841 τὴν
939 5769 1166 5847 φυσικὴν
1233 5767 1520 5843 ὲνεργείαν,
1579 5768 1666 5824 καὶ
1723 5766 1924 5847 γίνεται

2603 4218 2688 4274 IV.
2727 4219 2799 4273 De
2829 4219 2884 4273 υἱ
2913 4216 3136 4288 agendi.

2099 4342 2199 4397 Vis
2252 4342 2486 4414 agendi,
2539 4343 3037 4414 quemadmodum
3090 4346 3334 4396 sanctus
3383 4341 3698 4414 Gregorius

2036 4438 2338 4506 Nyssenus
2373 4433 2582 4504 inquit,
2618 4439 2705 4488 est
2737 4431 3024 4488 naturalis
3058 4433 3349 4503 cujusque
3382 4433 3460 4485 rei
3497 4437 3702 4503 poten-

2035 4528 2118 4578 tia
2147 4531 2202 4579 ot
2236 4531 2450 4578 motus.
2492 4525 2631 4578 Nam
2667 4523 2914 4594 quodvis
2941 4521 3276 4586 essentiale,
3308 4538 3476 4575 suam
3523 4522 3702 4578 habet

2033 4614 2352 4668 efficaciam
2392 4630 2404 4666 :
2441 4614 2662 4666 scilicet
2702 4612 3114 4666 intellectualis
3153 4609 3538 4680 intelligendi,
3569 4627 3702 4666 sen-

2034 4703 2227 4758 sibilia
2262 4702 2822 4762 sentiendi.mobilia
2858 4699 3417 4765 movendi,volatilia
3443 4700 3698 4770 volandi,

2035 4792 2305 4846 natatilia
2337 4792 2596 4859 natandi,
2621 4791 2886 4862 germina
2917 4789 3308 4860 gcrrninandi,
3346 4789 3580 4861 reptilia
3612 4806 3699 4844 re-

2033 4881 2259 4951 ptandi,
2291 4881 2550 4934 lucentia
2579 4879 2834 4949 lucendi,
2883 4886 2942 4934 et
2990 4880 3328 4950 generatim
3379 4878 3698 4949 generandi

2031 4971 2148 5023 vim
2182 4970 2418 5023 habent.
2451 4968 2510 5024 In
2546 4970 2763 5039 quibus
2795 4969 2988 5024 ablata
3019 4970 3068 5023 vi
3106 4969 3204 5022 illa
3236 4965 3700 5033 a:<cndi,lollitur

2031 5064 2090 5112 et
2120 5058 2320 5112 interit
2351 5057 2475 5129 ipsa
2510 5057 2589 5112 rei
2627 5064 2853 5114 natura.
2889 5057 3131 5112 Sublato
3182 5071 3434 5126 namque
3485 5055 3692 5120 calore,

2032 5146 2205 5200 etiam
2259 5146 2411 5214 ignis
2460 5147 2886 5219 exstinguitur;
2940 5147 3170 5202 sublato
3204 5143 3476 5200 animalis
3508 5148 3694 5205 motu.

2033 5235 2250 5290 animal
2287 5235 2512 5300 interit;
2549 5235 2781 5290 sublata
2814 5236 2862 5289 vi
2907 5233 3288 5305 intelligendi,
3343 5231 3549 5288 animae
3600 5231 3690 5286 in-

2033 5324 2509 5378 teritiutellectus
2529 5330 2583 5377 et
2605 5326 2768 5378 ratio.
2798 5325 2911 5378 I-loc
2937 5329 3128 5378 autem
3157 5322 3568 5377 admirandum
3601 5325 3692 5375 est

2034 5411 2184 5482 quod
2220 5412 2552 5466 differentes
2585 5413 2852 5482 qia-udam
2890 5418 3109 5465 natura:
3140 5413 3264 5464 suis
3317 5407 3690 5464 naturalibus

2035 5500 2362 5554 actionibus
2410 5501 2662 5570 privatae,
2707 5499 2880 5554 aliain
2911 5499 3199 5553 efficiendi
3231 5499 3346 5551 vim
3380 5500 3687 5566 generant.

2031 5588 2224 5643 Veluti
2258 5587 2407 5657 lapis
2431 5589 2680 5642 adustus
2705 5587 3032 5642 naturalem
3059 5603 3225 5642 suum
3251 5587 3364 5640 vim
3389 5581 3697 5649 amittit,et

2033 5679 2160 5734 calx
2182 5676 2634 5746 el'ficitur,atque
2656 5677 2764 5729 vim
2790 5675 3079 5731 adurendi
3102 5669 3546 5730 retinet.Eodem
3568 5685 3698 5724 mo-

2034 5770 2106 5826 do
2131 5764 2595 5834 cedrus,amissa
2613 5763 2667 5821 vi
2690 5761 3340 5838 germinandi,sanandi
3361 5753 3701 5816 efficaciam
