4132 6364
378 386 494 445 διε
1554 384 1620 444 S.
1667 382 2010 444 ATHANAE

2166 415 2190 440 ›.
2215 414 2294 426 -—
2318 382 2632 448 SPUBIA.
3677 389 3798 449 544

379 517 609 589 accipit,
642 521 700 573 et
737 533 964 574 vermes
1011 517 1205 574 baccis
1255 518 1380 572 suis
1429 516 1740 572 interfecit.
1794 515 2011 589 Oporte‘

2164 507 2425 588 ἱσϐεστος,
2485 515 2574 571 καὶ
2632 520 2925 588 καυστικήν
2977 519 3243 595 ἐνέργειαν
3287 521 3563 590 κέκτηται.
3620 518 3721 574 Καὶ
3761 522 3796 590 ἡ

380 607 580 680 igitur,
611 611 676 662 ut
703 605 813 662 viri
845 607 1182 678 prudentes,
1218 606 1640 679 appellationes
1672 620 1868 660 rerum
1900 621 2007 660 con

2163 599 2335 678 ιέδρος
2395 605 2603 679 ὁμοίως
2664 613 2925 683 στερεῖται
2989 610 3084 682 μὲν
3143 612 3240 674 τῆς
3304 607 3603 682 βλαστικῆς
3651 607 3795 687 ἐνερ-

382 695 658 766 siderent,
692 701 748 751 et
781 696 1126 766 dijudicent,
1148 712 1259 765 quo
1292 696 1724 768 deprehendere
1754 694 2014 766 posssint

2167 691 2313 767 (είας.
2347 694 2436 749 καὶ
2488 694 2782 769 ἷαματικήν
2829 698 3110 770 κέκτηται,
3167 697 3509 772 ἀναιρετικὴν
3568 699 3799 754 ποιοῦσα

383 785 675 857 quomodo
708 783 904 855 plures
934 785 1128 840 omnis
1157 785 1390 857 generis
1420 784 1763 841 substantiae
1795 800 2015 840 suaruu

2167 786 2253 837 τῶν
2288 781 2592 855 σκωλήκων
2619 787 2718 855 τὴν
2749 784 2986 863 κεδρίαν.
3025 793 3116 842 Δεῖ
3169 787 3259 844 οὖν
3317 786 3449 850 τοὺς
3498 787 3799 866 ἐχέφρονας

381 873 678 929 actionum
710 872 974 938 nomina,
1009 873 1106 928 sed
1140 891 1255 929 non
1290 873 1587 930 naturales
1619 873 2013 946 appellatione:

2167 870 2241 933 τὰς
2272 877 2378 926 τῶν
2412 868 2581 930 ὄντῶν
2625 875 2991 952 προσηγορίας
3041 882 3284 950 σκοπεῖν,
3333 877 3423 932 καὶ
3473 875 3799 953 ἀνακρίνειν,

382 963 809 1033 habeant,quas
841 979 909 1017 ex
943 961 1194 1034 prOpriis
1225 963 1556 1019 actionibus
1577 962 2014 1035 acquisiverunt

2171 959 2222 1020 ii;
2254 960 2311 1014 ἂν
2365 959 2609 1018 δύναιντο
2662 964 2858 1040 εὑρεῖν,
2908 965 3076 1028 πόσας
3125 965 3348 1027 πλείους
3391 966 3604 1037 ἀπέσης
3638 965 3803 1044 ὑπάρ-

381 1051 718 1123 habentque
750 1055 805 1107 et
836 1052 969 1107 inde
999 1052 1296 1108 dicuntur.
1323 1054 1573 1123 Etenim,
1598 1058 1662 1108 ut
1691 1057 1862 1108 antea
1891 1052 2007 1107 dixi

2178 1069 2277 1110 εως
2307 1051 2677 1128 προσηγορίας
2710 1052 3079 1130 ἐνεργητικᾶις,
3109 1053 3236 1110 ἀλλ’
3283 1054 3344 1110 ού
3396 1055 3627 1131 φυσικὰς
3681 1056 3803 1111 ὁνο-

382 1158 536 1208 mus,
571 1141 724 1197 sicut
751 1141 967 1196 dicitur
998 1145 1150 1197 Deus
1175 1139 1281 1195 ἀπὸ
1310 1145 1407 1195 τοῦ
1458 1146 1678 1215 θεωρεῖν
1729 1142 1796 1195 τὰ
1843 1139 2014 1195 πάντα

2165 1137 2344 1201 ιασίας
2405 1137 2647 1216 ἔχουσιν,
2680 1141 2739 1197 ἐκ
2781 1148 2889 1198 τῶν
2942 1141 3090 1199 ἰδίων
3144 1143 3422 1220 ἐνεργειῶν
3468 1144 3666 1208 ταύτας
3701 1144 3797 1202 λα-

383 1230 444 1286 id
477 1235 584 1298 est,
620 1233 691 1286 ab
724 1248 789 1286 eo
822 1232 978 1302 quod
1011 1230 1440 1304 contemplatur
1468 1233 1688 1298 omnia,
1711 1235 1769 1288 et
1797 1231 2015 1304 angelu:

2174 1221 2340 1282 ἶοῦσαι
2373 1230 2462 1285 καὶ
2494 1227 2719 1306 ἔχουσαι
2751 1232 2840 1287 καὶ
2873 1233 3185 1308 λεγόμεναι.
3221 1233 3319 1289 Καὶ
3367 1236 3492 1310 γὰρ,
3541 1235 3616 1297 ὡς
3674 1255 3806 1306 προ-

386 1322 456 1376 ab
489 1319 754 1392 angelica
785 1321 1118 1392 operatione
1149 1327 1204 1376 et
1256 1321 1707 1386 ministrationc,
1759 1327 1816 1378 et
1863 1322 2018 1378 hom:

2180 1319 2462 1393 ιρήκαμεν,
2495 1322 2674 1384 καθὼς
2721 1321 3048 1396 ὀνομάζεται
3105 1324 3234 1386 Θεὸς
3296 1323 3403 1378 ἀπὸ
3440 1327 3538 1378 τοῦ
3587 1325 3805 1399 θεωρεῖν

388 1408 492 1463 ἀπὸ
523 1413 620 1463 τοῦ
643 1409 754 1464 ἄνω
783 1411 1005 1484 θεωρεῖν
1044 1409 1135 1463 τὸν
1187 1410 1329 1480 ὦπα,
1381 1410 1438 1466 id
1489 1417 1601 1483 est,
1647 1411 1719 1466 ab
1767 1428 1833 1468 eo
1881 1412 2040 1483 quod
2146 1406 2212 1461 τὰ
2241 1409 2434 1479 πάντα,
2493 1409 2582 1465 καὶ
2638 1408 2878 1486 ἄγγελος
2927 1411 2987 1467 ἐκ
3028 1419 3126 1482 τῆς
3174 1412 3465 1488 ἀπελικῆς
3495 1411 3661 1468 αὐτοῦ
3717 1413 3800 1469 ἐν·

384 1498 551 1554 vultu
585 1515 841 1570 superna
871 1499 1141 1571 suspicit,
1187 1502 1268 1555 ita
1315 1504 1371 1556 et
1419 1501 1478 1556 in
1525 1499 1767 1573 reliquis
1815 1517 1828 1555 :
1880 1500 2016 1573 Virg:

2167 1495 2353 1572 ιργείας
2382 1499 2470 1553 καὶ
2528 1496 2824 1574 διακονίας,
2882 1500 2972 1556 καὶ
3031 1499 3315 1577 ἅνθρωπος
3374 1501 3479 1556 ἆπὸ
3537 1506 3634 1556 τοῦ
3687 1501 3799 1558 ἅνω

383 1585 1016 1660 ῃαωᾳυθ,παροἑνος,α
1047 1589 1456 1646 mortiﬁcanda
1485 1590 1680 1646 carnis
1709 1588 2014 1646 inﬂamma

2170 1589 2372 1662 ἐωρεῖν
2423 1589 2513 1642 16v
2559 1590 2701 1644 ὦπα*
2755 1588 2898 1645 οὕτω
2947 1591 3041 1645 κάν
3101 1596 3216 1652 τοῖς
3251 1590 3492 1653 λοιποῖς”
3553 1590 3644 1646 καὶ
3701 1593 3802 1668 γὰρ

383 1675 541 1733 tione
590 1677 807 1733 dicitur
857 1695 870 1732 :
923 1676 1229 1750 περιστερά,
1279 1679 1338 1733 id
1383 1683 1474 1734 est
1519 1679 1814 1747 columba,
1862 1680 1935 1735 ob
1983 1679 2015 1733 i1

2169 1675 2412 1750 ταρθένος
2461 1675 2699 1755 λέγεται,
2748 1677 2858 1734 διὰ
2884 1680 2946 1735 τὸ
2977 1682 3236 1735 θανατοῦν
3268 1681 3366 1749 τὴν
3400 1679 3641 1755 πύρωσιν
3701 1686 3801 1748 τῆς

383 1770 647 1833 vocatur,
697 1763 779 1820 ὅτι
823 1764 1038 1820 πέτεται
1094 1765 1351 1842 στερρῶς,
1385 1769 1442 1824 id
1473 1775 1582 1835 est,
1615 1769 1771 1840 quod
1805 1769 2015 1824 lirmun

2170 1764 2365 1840 ταρκόςο
2417 1767 2508 1822 καὶ
2559 1771 2848 1844 περιστερὰ
2896 1767 2984 1824 διὰ
3033 1773 3194 1825 τοῦτο
3249 1769 3486 1844 λέγεται,
3536 1768 3618 1824 ὅτι
3651 1771 3802 1826 πέτε-

381 1855 596 1912 habeat
628 1855 885 1912 volatum
921 1875 934 1913 :
969 1860 1025 1912 et
1050 1853 1270 1933 ἔλαφος,
1297 1857 1356 1913 id
1387 1863 1477 1914 est
1515 1874 1739 1929 cervus,
1789 1855 1896 1910 ἀπὸ
1942 1862 2013 1911 τοί

2167 1873 2236 1909 ται
2296 1855 2551 1932 στεῤῥῶς’
2611 1858 2700 1914 καὶ
2761 1857 2963 1937 ἔλαφος
3012 1857 3100 1914 διὰ
3147 1859 3211 1914 τὸ
3261 1858 3402 1916 ἑλεῖν
3451 1858 3578 1922 τοὺς
3628 1855 3799 1938 ὄφεις·

381 1941 524 1997 ἑλεῖν
576 1943 704 2005 τοὺς
757 1937 925 2021 ὄφεις,
975 1945 1034 2000 id
1079 1953 1168 2002 est
1215 1947 1288 2002 ab
1317 1963 1383 2002 eo
1416 1948 1572 2019 quod
1604 1951 1904 2019 serpentes
1927 1945 2004 2003 tol

2169 1941 2408 2018 [ελιδὼη
2461 1942 2550 2000 διὰ
2593 1947 2658 2001 τὸ
2704 1947 2771 2002 τὰ
2800 1947 2962 2023 χείλη
2998 1945 3169 2004 δονεῖν
3203 1947 3255 2004 ἐν
3288 1953 3368 2021 τῷ
3405 1947 3624 2004 λαΛεῖνο
3655 1937 3801 2028 ὄφις,

377 2032 449 2088 lit
483 2051 496 2089 :
532 2030 796 2108 χελιδών,
828 2033 887 2089 id
919 2039 1007 2091 est
1037 2033 1312 2106 hirundo,
1341 2031 1430 2089 διὰ
1456 2036 1518 2090 τὸ
1544 2035 1612 2090 τὰ
1639 2034 1804 2111 χείλη
1839 2032 2009 2090 δονεῖν

2169 2035 2421 2090 τουτέστιν
2458 2036 2485 2090 6
2517 2036 2618 2112 φὰς
2649 2033 2773 2105 ἤτοι
2824 2038 2852 2090 ὁ
2885 2036 3130 2107 λαλήσας
3173 2037 3311 2110 πρὸς
3343 2038 3442 2106 τὴν
3472 2035 3615 2094 Εὕαν
3647 2039 3801 2094 ποτέ·

380 2123 440 2178 id
474 2130 561 2180 est
591 2128 899 2196 propterea
929 2125 1084 2196 quod
1115 2125 1426 2197 garriendo
1456 2125 1610 2182 labia
1642 2131 1867 2182 movet:
1895 2121 2012 2202 ὄφις

2169 2126 2368 2200 ῑορκὰς,
2430 2123 2490 2180 ἐκ
2552 2128 2648 2180 τοῦ
2699 2125 2862 2197 ὀξέως
2920 2123 3149 2202 δέρκειν,
3197 2126 3232 2195 ἢ
3284 2126 3358 2189 ὡς
3406 2127 3559 2201 ὁρᾷν·
3592 2129 3801 2205 τρυγὼν

383 2227 650 2285 serpens,
682 2212 955 2266 τουτέστιν
986 2219 1013 2265 ο
1046 2212 1171 2290 φάς,
1201 2214 1259 2269 id
1292 2219 1383 2270 est
1414 2216 1515 2287 qui
1543 2214 1826 2287 loquitur,
1876 2216 2015 2272 vide.

2171 2214 2185 2283 5
2223 2216 2470 2286 τηροῦσα
2496 2214 2596 2283 τὴν
2624 2215 2810 2290 γονὴν,
2843 2214 2966 2284 ἤτοι
2995 2216 3058 2270 τὸ
3106 2213 3306 2270 οἰκεῖον
3351 2215 3534 2291 γένος’
3598 2214 3803 2288 ἀηδὼν,

382 2299 537 2371 licet,
569 2303 727 2374 quod
760 2301 901 2358 olim
935 2303 1057 2358 Eva
1089 2303 1322 2361 locutus
1352 2305 1464 2362 sit:
1493 2300 1713 2380 δορκάς,
1736 2305 1794 2360 id
1825 2307 1915 2362 est
1945 2321 2012 2361 ca

2173 2303 2240 2357 ἱιὰ
2262 2303 2325 2357 τὸ
2381 2303 2462 2358 ἀεὶ
2506 2299 2675 2374 ᾇδειν,
2724 2303 2811 2358 καὶ
2861 2303 2912 2358 ἐν
2957 2303 3120 2380 θέρει,
3166 2303 3254 2359 καὶ
3303 2301 3355 2359 ἐν
3384 2307 3645 2380 χειμῶνι’
3677 2307 3805 2381 γὺψ,

382 2406 542 2463 prea,
589 2389 648 2445 ἐκ
693 2393 792 2444 τοῦ
843 2389 1007 2460 ὀξέως
1061 2388 1310 2466 δέρκειν,
1360 2393 1418 2448 id
1468 2397 1593 2462 est,
1645 2393 1717 2450 ab
1771 2394 2014 2450 acumini

2174 2390 2240 2446 ἰιὰ
2292 2393 2361 2460 τή
2421 2391 2665 2467 γυρεύειν
2724 2391 2856 2466 ὕψη·
2899 2390 3090 2464 ἵππος,
3141 2393 3201 2448 ἐκ
3244 2397 3343 2448 τοῦ
3378 2392 3643 2459 ἶππᾶσθαι
3690 2399 3806 2457 τοῖς

380 2480 544 2535 visus
578 2497 591 2536 ε
622 2477 861 2553 τρυγών,
893 2481 952 2535 id
983 2484 1072 2537 est
1098 2485 1312 2553 turtur,
1346 2482 1381 2549 ἡ
1411 2484 1655 2556 τηροῦσα
1698 2481 1796 2550 τήν
1848 2482 2037 2556 γονὴν,
2149 2478 2326 2535 ποσίν’
2361 2481 2509 2542 ἀετὸς
2542 2480 2764 2553 άείετος,
2815 2478 2904 2536 8ιᾶ
2948 2482 3011 2536 τὸ
3061 2479 3339 2544 πολλάκις
3371 2481 3807 2553 ἆνακαινίζεσθαι

381 2564 508 2637 ἤτοι
559 2569 620 2622 τὸ
652 2567 852 2623 οἰκεῖον
886 2569 1069 2643 γένος,
1101 2571 1158 2626 id
1191 2577 1280 2626 est
1310 2589 1550 2628 servans
1581 2573 1848 2644 stirpem,
1879 2572 2013 2628 videi

2171 2569 2240 2624 ιαὶ
2270 2567 2454 2625 πολλά
2484 2569 2625 2644 (ἔτη)
2660 2574 2777 2645 ζῇν·
2824 2571 3089 2642 πετεινὸν,
3141 2570 3205 2625 τὸ
3251 2570 3352 2640 τὴν
3402 2573 3644 2649 πτέρυγα
3696 2571 3803 2627 τεί-

382 2659 522 2714 licet
555 2659 702 2714 I97
743 2660 1047 2731 proprium
1087 2677 1275 2732 genus
1312 2679 1324 2717 :
1359 2657 1566 2731 ἀηδών,
1615 2662 1673 2717 id
1721 2666 1810 2718 est
1856 2661 2014 2719 lusci‘

2168 2677 2264 2714 ὀν’
2315 2652 2585 2733 ποτᾶμὸς,
2634 2660 2709 2722 ὡς
2759 2659 2995 2732 πότιμον
3048 2655 3192 2736 ἔχων
3240 2660 3531 2738 ἐνέργειαν·
3564 2660 3800 2738 χείμαρ-

387 2747 508 2818 nia,
553 2743 642 2800 ’διὰ
664 2747 726 2800 τὸ
758 2745 841 2800 ἀεὶ
873 2741 1037 2818 ᾅδειν,
1070 2749 1210 2821 quia
1240 2766 1473 2822 semper
1501 2750 1676 2820 canit,
1707 2768 1843 2808 cum
1873 2755 2019 2808 testa

2177 2749 2268 2818 ἰος,
2329 2747 2410 2803 ὅτι
2470 2747 2521 2803 ἐν
2577 2753 2814 2826 χειμῶνι
2867 2749 2968 2825 ῥεῖ·
3024 2748 3203 2824 φύσις,
3255 2747 3316 2804 ἐκ
3363 2755 3462 2804 τοῦ
3515 2749 3663 2828 φύειν
3712 2751 3809 2812 τὰς

383 2840 461 2907 te,
494 2842 620 2892 tum
654 2837 849 2894 hieme
883 2854 895 2893 :
929 2835 1061 2911 γύψ,
1089 2838 1147 2894 id
1179 2844 1269 2894 est
1297 2839 1514 2911 vultur,
1556 2838 1645 2894 διὰ
1692 2839 1756 2894 τὸ
1797 2839 2015 2915 γυρεύειε

2168 2838 2492 2900 ὅποστάσεις·
2550 2839 2796 2914 βοτάνη,
2855 2835 2944 2893 διὰ
2998 2838 3061 2893 τὸ
3123 2835 3361 2915 βαδίζειν
3420 2840 3555 2893 ἄνω·
3623 2837 3800 2913 ὥσπερ

384 2923 520 2999 ὕψη,
556 2932 789 2998 propter
819 2926 1138 2984 sublimem
1170 2928 1228 2984 in
1260 2946 1469 3001 gyrum
1515 2931 1772 2987 volatum
1805 2947 1818 2987 :
1853 2947 2016 3003 equu

2173 2930 2242 2984 ιαὶ
2275 2929 2304 2984 ὁ
2337 2927 2640 3006 ἄνθρωπος,
2672 2927 2734 2984 ἐκ
2759 2932 2855 2984 τοῦ
2888 2926 2998 2983 ἅνω
3045 2934 3290 3005 θεωρεῖν,
3343 2930 3377 2998 ἢ
3429 2928 3501 2990 ὡς
3562 2926 3805 3004 βλέπειν,

387 3016 542 3086 quod
571 3015 820 3087 pedibus
849 3017 1072 3088 equitet
1105 3034 1118 3074 :
1149 3015 1325 3086 ἀετός,
1360 3019 1416 3074 id
1447 3024 1538 3075 est
1575 3020 1795 3092 aquila,
1846 3016 1935 3074 διὰ
1979 3041 2019 3074 τε

2171 3017 2241 3074 ιαὶ
2272 3020 2307 3086 ἡ
2341 3020 2495 3094 ψυχή
2530 3015 2588 3073 δὲ
2617 3017 2676 3073 ἐκ
2702 3025 2802 3088 τῆς
2837 3017 3039 3080 οἰκείας
3084 3016 3350 3094 ἐνεργείας
3394 3015 3510 3093 ἔχει
3557 3016 3655 3085 τὴν
3704 3023 3803 3085 τῆς

383 3100 656 3166 πολλάκις
708 3103 1160 3177 ἀνακαινίζεσθαι,
1213 3105 1302 3160 καὶ
1351 3105 1537 3162 πολλὰ
1566 3103 1657 3178 ἔτη
1691 3111 1806 3181 ζῇν,
1838 3110 1894 3165 id
1929 3113 2042 3181 est,
2153 3109 2342 3183 ψυχῆς
2394 3107 2787 3184 προσηγορίαν·
2817 3105 3013 3183 ψύχειν
3067 3107 3170 3183 γὰρ
3217 3107 3280 3162 τὸ
3332 3110 3615 3177 ζωοποιεῖν
3664 3102 3818 3181 λέγε-

385 3198 695 3266 prOpterea
724 3196 878 3267 quod
913 3211 1317 3268 saepenumero
1349 3202 1678 3270 renovatur,
1711 3215 1778 3254 ac
1825 3197 2010 3254 multo

2186 3213 2266 3250 eu.‘
2313 3195 2402 3250 διὰ
2451 3199 2614 3251 τοῦτο
2663 3195 2722 3251 ἐκ
2771 3202 2870 3266 τῆς
2921 3200 3195 3265 ζωοποιοῦ
3239 3195 3506 3273 ἐνεργείας
3537 3193 3690 3270 ψυχὴ
3724 3190 3818 3247 λέ-

385 3299 574 3339 annos
625 3283 762 3340 vivit
816 3301 829 3339 :
879 3282 1147 3356 πετεινόν,
1177 3284 1236 3341 id
1267 3289 1358 3343 est
1385 3285 1664 3356 volueris,
1695 3285 1758 3341 16
1787 3286 1886 3355 τὴν
1915 3284 2015 3341 me

2189 3305 2334 3358 ἐται,
2397 3281 2487 3340 διὰ
2540 3284 2604 3340 τὸ
2655 3264 2835 3359 σῶμα.
2866 3264 3176 3355 ζωοποιεῖν·
3229 3264 3334 3341 καὶ⁷
3365 3264 3523 3361 ἐτερα
3553 3264 3821 3356 ⁷δέ’μυρία

387 3390 524 3446 ρυγα
552 3375 746 3440 τεῖνον,
779 3373 934 3445 quod
967 3373 1121 3430 alam
1153 3377 1428 3432 extendat
1473 3392 1488 3432 :
1537 3374 1805 3450 ποταμός,
1854 3377 1912 3432 id
1963 3395 2019 3434 es

2184 3375 2327 3450 ᾖστὶν,
2364 3376 2396 3432 ἃ
2443 3375 2847 3453 παρίεμεν,⁹ίνα
2880 3379 2956 3451 μὴ
3008 3375 3256 3454 λέγωμεν
3317 3378 3490 3433 πάντα
3536 3373 3669 3431 κατᾶ
3724 3373 3816 3435 τὰς

387 3461 624 3531 ﬂuvius,
658 3461 730 3522 ὡς
761 3455 994 3535 πότιμον
1020 3457 1162 3538 ἔχων
1197 3463 1489 3540 ἐνέργειαν,
1521 3465 1580 3520 id
1611 3469 1721 3534 est,
1771 3470 2019 3538 tanquan

1159 3487 1162 3507 ι
1197 3463 1489 3540 ἐνέργειαν,
1521 3465 1580 3520 id
1611 3469 1721 3534 est,
1771 3470 2052 3538 tanquam
2163 3465 2365 3529 οἰκείας
2399 3465 2791 3543 προσηγορίας.

386 3550 704 3622 potabilcm
741 3551 965 3608 habens
994 3553 1295 3626 energiam
1333 3571 1344 3609 :
1379 3551 1706 3629 χείμαρρος,
1736 3555 1793 3611 id
1825 3560 1915 3612 est
1950 3563 2018 3613 to}

2185 3603 2200 3630 ,
2233 3554 2316 3610 δτι
2347 3553 2399 3610 ἐν
2433 3560 2667 3630 χειμῶνι
2713 3553 2816 3632 ῥεῖ,
2869 3557 3026 3629 quod
3071 3555 3261 3612 bleme
3306 3555 3450 3611 ﬂuat
3481 3571 3494 3609 :
3530 3550 3709 3630 φύσις,
3761 3553 3817 3609 id

386 3644 476 3695 est
525 3647 756 3706 natura,
808 3639 868 3696 ἐκ
905 3645 1002 3696 τοῦ
1048 3641 1199 3720 φύειν
1230 3644 1326 3705 τὰς
1363 3643 1697 3714 ὑποστάσεις,
1732 3646 1888 3717 quod
1922 3646 2018 3719 hy]

2185 3662 2272 3703 ses
2304 3647 2630 3720 producat:
2671 3645 2893 3720 βοράνη,
2927 3646 2985 3702 id
3016 3649 3105 3702 est
3133 3645 3335 3709 herba,
3369 3639 3457 3697 διὰ
3484 3642 3545 3696 τὸ
3582 3638 3817 3716 βαδίζειν

387 3725 522 3799 ἄνω,
553 3745 620 3784 eo
655 3733 808 3802 quod
840 3749 1079 3789 sursum
1113 3735 1336 3800 tendat,
1369 3735 1873 3805 quemadmodum
1903 3739 1962 3792 et
1990 3731 2019 3788 ἄ

2188 3755 2296 3802 πτος,
2327 3735 2385 3790 id
2418 3738 2508 3790 est
2537 3735 2734 3803 homo,
2767 3733 2825 3788 ἐκ
2853 3737 2949 3788 τοῦ
2981 3732 3091 3788 ἄνω
3125 3735 3370 3806 θεωρεῖν,
3399 3749 3464 3788 eo
3497 3732 3651 3802 quod
3684 3748 3820 3788 sur-

388 3834 524 3875 sum
553 3821 825 3892 respiciat
858 3839 870 3877 :
903 3823 1082 3897 ψυχή,
1115 3822 1172 3878 id
1201 3827 1290 3879 est
1319 3823 1538 3892 anima,
1571 3841 1640 3880 ex
1669 3825 1904 3897 propria
1934 3825 1987 3881 vi
2017 3825 2126 3882 hoc
2156 3824 2416 3882 nominis
2447 3824 2644 3881 habet.
2677 3825 2824 3880 Nam
2856 3823 3077 3897 ψύχειν,
3109 3823 3265 3878 idem
3298 3827 3388 3878 est
3426 3821 3580 3894 qnod
3634 3819 3818 3875 viviﬁ-

389 3923 521 3964 care
573 3926 586 3965 :
636 3909 766 3966 ideo
817 3911 1039 3981 anima,
1089 3928 1160 3968 ex
1206 3912 1540 3970 vivificandi
1583 3913 1885 3986 facultate,
1916 3914 2070 3989 ψυχὴ
2107 3915 2343 3982 dicitur,
2385 3931 2599 3987 corpus
2646 3913 2805 3970 enim
2835 3913 3104 3970 viviﬁcat.
3139 3912 3290 3970 Sunt
3318 3915 3376 3968 et
3403 3909 3520 3968 alia
3550 3913 3825 3968 sexcenta

391 4012 518 4069 quae
552 3997 705 4054 ultro
736 4001 1260 4071 praetermittimus,
1293 4019 1366 4059 ne
1395 4003 1594 4059 omnia
1623 4002 1748 4060 suis
1779 4003 2118 4062 nominibus
2149 4020 2866 4061 commemoremoremus.

1000 4120 1068 4176 V.
1105 4125 1184 4176 De
1215 4123 1438 4178 unione.

2714 4125 2784 4176 V.
2819 4117 2949 4194 Περὶ
2996 4116 3259 4180 ἐνώσεως.

464 4207 612 4270 Quid
645 4211 734 4263 est
763 4208 922 4278 unio,
955 4215 1013 4266 et
1051 4215 1190 4281 quot
1222 4212 1412 4268 modis
1460 4210 1854 4285 intelligitur?
1905 4212 2049 4270 Unio

2230 4210 2295 4267 Τί
2322 4210 2461 4266 ἐστιν
2492 4206 2722 4278 ivnone;
2757 4207 2848 4264 καὶ
2897 4211 3161 4282 ποσαχῶς
3222 4211 3426 4262 νοεῖται
3483 4207 3518 4274 ἠ
3575 4202 3768 4264 ’ἑνωσις
3797 4221 3812 4269 ;

396 4300 485 4351 est
535 4297 882 4353 distantium
925 4317 1121 4355 rerum
1152 4302 1484 4356 communis
1516 4317 1860 4358 concursus.
1891 4303 2028 4358 Dicti

2178 4306 2389 4361 Ἐνωσις
2441 4301 2534 4374 μὲν
2588 4293 2698 4354 ἔστι
2755 4296 3059 4352 διεστώτων
3119 4295 3458 4370 πραγμάτων
3517 4292 3810 4360 κοινωνικὴ

398 4389 591 4439 autem
625 4391 714 4442 est
745 4387 1078 4460 unio,quod
1111 4404 1202 4445 res
1235 4407 1418 4446 unum
1452 4391 1739 4462 ﬁant,hoc
1768 4395 2030 4462 est,quoc

2180 4386 2460 4464 πυνδρομή·
2494 4386 2685 4449 ἓνωσις
2714 4384 2772 4441 δὲ
2802 4384 3014 4461 εἴρηται
3043 4382 3133 4439 διὰ
3181 4384 3246 4438 τὸ
3296 4383 3511 4454 ὶνῶσαι,
3567 4382 3812 4436 τουτέστι

395 4480 602 4530 coeant
653 4481 710 4532 et
757 4478 1270 4536 commisceantur.
1323 4480 1498 4535 Porro
1547 4480 1809 4551 quinque
1859 4482 2027 4537 modi:

2179 4480 2467 4546 πυνωθῆσαι
2516 4477 2605 4532 καὶ
2659 4477 2808 4548 μίξαι
2851 4475 2918 4528 τὰ
2948 4473 3263 4548 πράγματα.
3297 4473 3588 4546 Πενταχῶς
3622 4466 3681 4524 δὶ
3720 4465 3811 4524 λι-

398 4564 538 4618 unio
568 4563 802 4632 dicitur,
822 4568 1493 4640 commistiva,divisiva,
1519 4569 1855 4637 habitualis,
1889 4571 2030 4642 posi-

2177 4587 2310 4641 (εται
2341 4567 2376 4635 ὴ
2409 4562 2622 4636 ἔνωσις,
2673 4562 3000 4640 συγχυτικὴ,
3055 4559 3382 4636 διαιρετικὴ,
3435 4559 3689 4635 exenia},
3722 4569 3809 4622 θε-

396 4652 534 4720 tiva,
555 4657 610 4708 et
641 4653 778 4709 unio
810 4661 1012 4712 sancta
1040 4657 1424 4729 Christi,quaa
1455 4674 1636 4729 supra
1665 4659 1810 4714 istas
1841 4675 2028 4716 secun‘

2175 4657 2306 4728 τική,
2363 4655 2453 4710 καὶ
2509 4656 2544 4724 ἡ
2586 4652 2711 4730 ἁγία
2766 4650 2959 4714 ἓνωσις
3013 4654 3112 4706 τοῦ
3173 4651 3430 4726 Χριστοῦ,
3492 4646 3615 4716 ἥτις
3674 4646 3807 4722 ὑπὲρ

399 4741 544 4796 dum
576 4741 916 4815 hypostasin
945 4744 1101 4800 dicta
1127 4748 1433 4817 est.Atque
1463 4747 1602 4802 nnio
1633 4747 1869 4818 quidem
1897 4765 2031 4804 comi

2176 4749 2324 4801 ταῦτα
2354 4744 2474 4808 καθ’
2507 4743 2796 4800 ὑπόστασιν
2831 4741 3066 4832 εἴρηται.
3098 4740 3203 4797 Καὶ
3231 4736 3554 4832 ἓνωσιςλμὶν
3602 4755 3808 4811 συγχυ-

399 4829 634 4886 mistiva
663 4831 897 4900 dicitur,
932 4833 1126 4906 qualis
1155 4839 1245 4890 est
1273 4834 1390 4889 vini
1422 4840 1478 4892 et
1525 4852 1687 4908 aquae
1714 4861 1728 4903 ;
1780 4836 2031 4894 divisiva.

2179 4834 2281 4901 ςικὴ
2314 4831 2551 4909 λέγεται,
2585 4833 2660 4896 ὡς
2691 4835 2725 4903 ἡ
2757 4836 2854 4888 τοῦ
2907 4827 3058 4887 oi’vou
3110 4829 3200 4884 καὶ
3252 4831 3350 4885 τοῦ
3397 4823 3614 4888 ὕδατος.
3667 4831 3811 4881 Διαι-

396 4918 589 4990 qualis
618 4925 709 4976 est
740 4921 994 4978 hominis
1023 4924 1095 4978 ad
1131 4922 1425 4979 hominem
1452 4941 1464 4990 ;
1497 4924 2028 4997 habitualis,quali:

2176 4923 2344 4992 ›ετικὴ
2377 4920 2456 4992 δὲ,
2487 4923 2564 4986 ὡς
2596 4923 2881 5000 ἀνθρώπου
2912 4921 3049 4998 πρὸς
3077 4916 3385 4994 ἄνθρωπον.
3437 4914 3680 4992 Σχετική
3731 4911 3808 4984 δὲ,

395 5014 485 5064 est
515 5009 642 5064 auri
674 5011 744 5065 ad
777 5028 1009 5067 aurum.
1043 5011 1190 5067 Unio
1220 5018 1416 5068 autem
1448 5013 1664 5070 Christi
1693 5031 1875 5086 supra
1916 5014 2027 5071 illa:

2178 5014 2233 5075 bc
2261 5017 2470 5089 χρυσοῦ
2526 5012 2664 5088 πρὸς
2722 5011 2948 5088 χρυσόν.
3008 5010 3073 5066 Ἥ
3133 5005 3191 5061 δὶ
3226 5011 3322 5061 τοῦ
3352 5007 3591 5081 Χριστοῦ
3620 5001 3810 5064 tvm“:

395 5100 723 5156 secundum
747 5100 1089 5174 hypostasin
1107 5100 1684 5159 dieitur.Secundum
1703 5104 2027 5177 hypostasii

2174 5101 2292 5176 ὅπερ
2321 5107 2490 5157 ταῦτα
2516 5104 2636 5165 καθ’
2683 5101 2971 5157 ὑπόστασιν
3033 5093 3265 5171 εἴρηται.
3327 5095 3456 5159 Καθ’
3517 5093 3806 5148 ὑπόστασιν

393 5205 528 5244 vero
561 5191 698 5246 unio
731 5196 822 5246 est
851 5207 956 5262 per
985 5207 1047 5247 se
1077 5192 1409 5249 subsistens
1457 5209 1746 5250 concursu
1797 5195 2025 5250 duarun

2179 5191 2218 5246 ῖὶ
2282 5187 2474 5252 ἕνωσίς
2527 5188 2666 5245 ἐστιν
2727 5193 2762 5260 ἡ
2821 5187 3185 5262 αύθέπαρκτος
3243 5183 3296 5239 ἐν
3349 5187 3418 5257 τῇ
3472 5184 3654 5257 μήτρᾳ
3714 5185 3811 5247 τῆς

397 5287 743 5334 naturarum
779 5279 838 5334 in
871 5283 1037 5336 utero
1068 5284 1282 5337 sanctae
1314 5281 1573 5354 Deiparaa
1602 5282 1880 5357 Virginis.
1922 5283 2029 5340 Nor

2176 5279 2314 5357 ἱγίας
2347 5278 2614 5336 Θεοτόκου
2642 5283 2750 5334 τῶν
2784 5275 2878 5333 δύο
2911 5274 3120 5356 φύσεων
3173 5270 3450 5348 συνδρομή
3481 5293 3493 5342 ;
3551 5271 3674 5327 οὔτε
3705 5272 3808 5346 γὰρ

397 5367 555 5422 enim
607 5374 740 5424 ante
790 5369 1046 5426 Verbum
1097 5375 1276 5427 Deum
1325 5371 1407 5427 ibi
1436 5371 1667 5428 exsistit
1695 5389 1928 5445 corpus,
1962 5391 2028 5430 ve

2175 5371 2220 5426 :6
2253 5375 2409 5443 σῶμα
2465 5369 2570 5445 πρὸ
2619 5373 2715 5424 τοῦ
2767 5371 2902 5423 Θεοῦ
2945 5363 3121 5440 Λόγου
3173 5364 3373 5432 ὑπέστη
3424 5360 3558 5429 ἐκεῖ,
3619 5360 3743 5416 οὕτε
3774 5363 3807 5429 ὴ

399 5457 630 5524 anima;
665 5461 765 5513 sed
817 5459 993 5514 simul
1040 5477 1194 5525 caro,
1239 5465 1296 5515 et
1341 5460 1520 5516 simul
1570 5461 1724 5536 Deus
1772 5462 2023 5518 Verbum

2178 5461 2334 5536 ινυχή·
2372 5457 2518 5514 ἀλλὰ
2549 5458 2674 5533 σὰρξ
2729 5456 2862 5531 ἅμα,
2913 5453 3000 5510 καὶ
3058 5453 3187 5515 Θεὸς
3237 5452 3416 5528 Λόγος
3473 5452 3605 5524 ἅμα.
3670 5451 3810 5526 Σάρξ

399 5545 545 5600 Caro
575 5549 835 5604 animata
866 5549 1164 5604 rationalis
1197 5549 1254 5603 in
1286 5566 1351 5604 eo
1385 5549 1524 5617 fuit;
1548 5533 2031 5621 quemadmodum

2182 5533 2411 5623 ἷμῷυχος
2456 5547 2656 5623 λογικὴ
2703 5545 2755 5602 ἐν
2804 5545 2951 5618 αὐτῷ
3004 5541 3228 5612 ὑπέστη,
3278 5542 3543 5615 καθάπερ,
3584 5541 3657 5602 ὡς
3687 5539 3814 5613 ἐμοὶ

402 5632 463 5688 in
517 5639 715 5690 nostra
764 5653 998 5709 quoque
1045 5639 1441 5710 conceptione,
1492 5644 1558 5694 ut
1606 5639 1749 5694 mihi
1797 5641 2029 5696 videtur

2181 5639 2332 5707 ῑοκεῖ,
2361 5637 2452 5692 καὶ
2483 5636 2570 5693 ἐπὶ
2599 5644 2699 5708 τῆς
2726 5633 2995 5712 ἡμετέρας
3039 5631 3389 5707 συλλήψεως,
3437 5629 3813 5707 αὖθύπαρκτος

403 5721 600 5780 anima
628 5739 730 5796 per
759 5743 820 5782 se
851 5726 1185 5784 subsistens
1215 5726 1393 5783 simul
1426 5729 1720 5787 concurrit
1747 5745 1882 5788 cum
1921 5747 2035 5789 cor-

2186 5729 2384 5806 λψυχὴ
2424 5729 2705 5806 συντρέχει
2755 5731 2835 5802 τῷ
2879 5726 3115 5803 σώματι.
3164 5718 3304 5782 Οὔτε
3350 5720 3449 5797 γὰρ
3492 5723 3652 5796 σῶμα
3702 5721 3818 5778 καθ’
