4132 6364
335 409 452 468 545

1504 397 1734 458 LIBER
1785 398 1884 457 DE
1927 396 2599 461 DEFINI'I‘IONIBUS.

3645 403 3762 464 546

340 538 497 594 ἑαυτὸ
529 535 863 604 συνίσταται,
899 530 1022 587 οὕτε
1051 532 1086 600 ἠ
1121 532 1276 606 ψυχὴ
1327 531 1676 606 προῦπάρχει
1735 534 1831 583 τοῦ
1891 530 1998 583 σώ-

2127 547 2271 603 pore.
2306 533 2451 587 Nam
2504 550 2717 604 corpus
2767 549 2869 605 per
2898 550 2959 588 se
3008 535 3325 590 consistere
3374 552 3486 590 non
3534 540 3763 607 potest;

348 648 538 700 ματος,
620 623 978 701 προτύπωσις
1055 620 1190 674 οὖσα
1264 625 1365 689 τῆς
1438 619 1681 680 ὲνώσεως
1744 622 1841 672 τοῦ
1899 624 2001 672 Κυ-

344 716 481 791 ρίου.

860 801 954 856 VI.
988 798 1119 875 Περὶ
1153 796 1471 869 ὁμοουσίου.

404 892 465 946 Τί
500 893 640 947 ἐστιν
672 889 996 965 ὁμοούσιον,
1032 886 1119 941 καὶ
1153 886 1287 940 κατὰ
1316 885 1367 939 τί
1399 882 1608 960 εἷ’ρηται
1661 884 1952 957 ὁμοούσιον
1987 905 2000 955 ;

336 983 426 1037 καὶ
463 983 683 1058 ὀσαχώς
714 982 778 1035 τὸ
831 978 1171 1051 ὁμοούσιονς
1220 976 1545 1048 Ὁμοούσιόν
1608 975 1740 1043 ἐστι,
1788 976 1849 1028 τὸ
1906 982 2003 1043 τῆς

341 1072 508 1141 αὐτῆς
592 1070 774 1132 οὐσίας
852 1068 943 1124 καὶ
1021 1065 1286 1143 ἐνεργείας
1346 1062 1780 1139 ἀπαραλλάκτως
1838 1062 2004 1140 ὑπάρ-

344 1182 472 1237 χον,
524 1160 621 1215 Καὶ
670 1160 775 1235 γὰρ
827 1156 918 1212 διὰ
963 1160 1132 1211 τοῦτο
1197 1154 1412 1229 λέγεται
1446 1152 1762 1226 ὁμοούσιον,
1795 1152 1877 1207 ὅτι
1906 1154 2007 1221 τὴν

347 1251 517 1319 αὐτὴν
575 1248 757 1304 οὐσίαν
801 1247 893 1302 καὶ
967 1243 1197 1318 δύναμιν
1256 1245 1533 1314 κέκτηται.
1604 1247 1890 1318 Πενταχῶς
1949 1240 2006 1297 Si

348 1337 563 1412 εἷ’ρηται
620 1337 909 1411 ὁμοούσιον
956 1336 1048 1390 καὶ
1103 1334 1384 1408 ὁμογενὲς,
1437 1332 1529 1387 καὶ
1587 1332 1856 1407 συγγενὲς,
1917 1332 2007 1386 καὶ

346 1428 616 1504 αμοφυὲς,
648 1427 737 1481 καὶ
771 1424 1066 1503 ὁμόφυλον.
1122 1422 1450 1495 Ὀμοούσιον
1481 1419 1538 1476 δὲ
1567 1421 1699 1489 ἐστι,
1750 1422 1811 1475 τὸ
1863 1422 1921 1475 ὃν
1951 1420 2002 1475 ἐν

349 1521 421 1591 τῇ
454 1517 591 1590 αὐτῇ
652 1515 828 1586 οὐσίᾳ,
882 1512 1006 1589 ἔχον
1057 1510 1114 1567 δέ
1161 1530 1285 1567 τινα
1337 1508 1622 1589 διαφορὰν,
1682 1510 1794 1565 οἷον
1856 1509 2008 1574 λίθος

351 1607 567 1681 σαθρὸς,
600 1604 689 1659 καὶ
742 1604 894 1667 λίθος
944 1600 1205 1675 σκληρός·
1260 1600 1363 1655 είσὶ
1396 1598 1453 1654 δὶ
1503 1599 2006 1674 ὁμοούσιοι,τουτ-

349 1694 459 1749 ἐστι
496 1700 621 1767 μιᾶς
668 1691 874 1753 οὐσίας.
928 1694 1081 1748 ’Ἐστι
1141 1687 1198 1745 δὲ
1245 1690 1336 1744 καὶ
1388 1688 1550 1759 ξύλον
1602 1686 1869 1767 φοίνικος,
1915 1690 2007 1744 καὶ

344 1783 511 1856 ξύλον
566 1777 771 1836 ἐϐένου·
823 1780 1034 1853 ὁμοίως
1086 1779 1174 1833 καὶ
1227 1779 1354 1854 σὰρξ
1400 1776 1684 1851 καμήλου,
1742 1777 1831 1831 καὶ
1880 1777 2006 1852 σὰρξ

344 1872 559 1947 ΐχθύος·
608 1873 786 1924 Ταῦτα
838 1867 897 1924 δὲ
948 1870 1200 1944 λέγονται
1248 1867 1536 1941 ὀμοούσια,
1579 1865 1663 1920 ὅτι
1708 1870 1808 1932 τῆς
1839 1866 2006 1935 αὐτῆς

351 1962 534 2025 οὐσίας
576 1958 739 2017 ἕστίν.
790 1963 992 2035 Ὥσπερ
1045 1957 1240 2020 πάντες
1288 1959 1341 2012 οἱ
1392 1956 1668 2032 ἄνθρωποι
1716 1960 1817 2022 τῆς
1882 1962 2009 2030 μιᾶς

349 2051 530 2113 οὐσίας
589 2050 761 2105 εἰσίν·
816 2046 1005 2125 ἔχουσι
1060 2046 1118 2103 δὲ
1168 2046 1427 2125 διαφορὰν
1485 2046 1547 2101 τὸ
1609 2046 1767 2118 εἶναι,
1825 2044 2009 2121 ἕτερος

354 2142 581 2216 μακρὸς,
611 2139 702 2194 καὶ
732 2137 918 2213 ἕτερος
948 2133 1207 2199 κολοϐός·
1244 2134 1415 2197 ἄλλος
1464 2133 1806 2215 δυνατὸς,καί
1837 2132 2010 2197 ἄλλος

348 2228 720 2304 ταλαίπωρος.
777 2225 933 2282 Ἀλλ’
1002 2224 1154 2299 ὅμως
1210 2230 1336 2297 μιᾶς
1392 2222 1579 2286 οὐσίας
1641 2223 1763 2292 εἰσὶ,
1823 2226 2009 2298 ψυχῆς

350 2319 500 2393 λέγω
551 2316 641 2372 καὶ
672 2317 951 2389 σώματος.
984 2315 1356 2390 ¹Ετεροούσιον
1393 2310 1451 2368 δὲ
1500 2311 1737 2389 λέγεται,
1785 2313 1847 2367 τὸ
1896 2314 2011 2367 trt-

355 2428 451 2482 ρας
484 2406 669 2468 οὐσίας
706 2405 973 2482 ὑπάρχον,
1006 2404 1095 2459 καὶ
1133 2401 1395 2477 μηδόλως
1438 2407 1517 2475 τῷ
1570 2403 1736 2479 ἑτέρῳ
1783 2407 2012 2477 προσοῖο

349 2517 471 2563 κον,
499 2495 645 2551 ἀλλᾶ
676 2493 958 2555 παντελῶς
992 2491 1287 2568 ἀλλότριον
1332 2491 1422 2546 καὶ
1475 2491 1611 2546 κατὰ
1658 2492 1831 2546 πάντα
1886 2490 2011 2567 τρό-

354 2607 456 2641 πον
487 2584 695 2639 ἐκείνου
727 2583 1010 2657 ἀνόμοιον,
1064 2584 1174 2637 οἷον
1227 2579 1374 2657 ὕδωρ
1414 2582 1505 2635 καὶ
1535 2585 1663 2655 πῦρ·
1727 2579 1871 2650 ἄλλη
1907 2580 2010 2657 γὰρ

354 2672 510 2728 οὐσία
539 2676 638 2726 τοῦ
668 2671 863 2746 πυρὸς,
893 2671 983 2725 καὶ
1014 2668 1161 2739 ἄλλη
1192 2674 1288 2724 τοῦ
1320 2666 1534 2732 ὓδατος.
1570 2668 1672 2727 Καὶ
1718 2667 1807 2724 διὰ
1850 2674 2011 2725 τοῦτο

357 2761 697 2837 ὲτεροούσιον
754 2759 991 2836 λέγεται,
1049 2757 1131 2814 ὅτι
1200 2759 1481 2835 ὲτεροφυές
1553 2758 1643 2813 καὶ
1723 2757 2010 2832 ἀλλογενὶς

357 2854 610 2929 ὑπάρχει·
672 2847 853 2927 ὥσπερ
921 2851 1205 2925 ἄνθρωπος
1260 2850 1351 2906 καὶ
1404 2851 1555 2919 Θεὸς,
1604 2849 1694 2905 καὶ
1755 2848 2010 2926 ἅγγελος,

356 2942 447 2996 καὶ
500 2939 704 3011 πηλὸς,
762 2939 853 2994 καὶ
908 2938 1094 3007 ἥλιος,
1154 2936 1245 2992 καὲ
1293 2937 1466 3013 χλόη.
1517 2936 1700 2994 Ταῦτα
1742 2938 1845 3013 γὰρ
1876 2938 2013 2993 κατὰ

358 3030 530 3085 πάντα
582 3025 789 3105 τρόπον
840 3024 1075 3100 ἀνόμοιά
1123 3027 1225 3082 εἰσι
1278 3029 1414 3099 πρὸς
1454 3025 1697 3099 ἄλληλα,
1733 3025 1822 3082 διὰ
1850 3032 2010 3084 τοῦτο

359 3120 452 3175 καὶ
498 3118 809 3195 ἓτεροούσια
863 3115 1136 3193 λέγονται·
1199 3118 1327 3171 ὡσεὶ
1383 3113 1473 3171 διὰ
1514 3117 1576 3171 τὸ
1630 3117 1706 3191 μὴ
1762 3118 2009 3193 μετέχειν

356 3207 537 3295 ἕτερον
568 3214 668 3277 τῆς
702 3205 885 3269 οὐσίας
914 3210 1011 3261 τοῦ
1060 3206 1265 3295 ἑτάρου·
1298 3203 1446 3261 ἀλλὰ
1474 3204 1620 3275 ἄλλη
1658 3206 1753 3279 μὲν
1783 3205 2009 3281 ἐκείνου,

358 3293 544 3375 ἑτέρου
576 3295 634 3351 δὲ
660 3295 831 3368 ἄλλη,
862 3296 1041 3358 καθὼς
1066 3293 1298 3371 ε’ίρηται.

2116 637 2221 676 nec
2254 620 2453 676 anima
2503 622 2701 677 existit
2749 627 2883 678 ante
2935 639 3169 695 corpus,
3222 640 3347 695 qua
3393 625 3629 681 unionis
3657 627 3765 681 Do-

2113 710 2256 764 mini
2285 714 2373 765 est
2402 710 2596 783 imago
2628 713 2917 783 quadam.

2573 801 2667 855 VI.
2702 802 2778 856 De
2815 802 3302 857 consubstantiali.

2184 888 2331 953 Quid
2359 894 2448 943 est
2480 890 3009 953 consubstantiale,
3041 895 3098 944 et
3131 894 3455 946 secundum
3504 893 3643 963 quid
3678 894 3770 945 di—

2113 983 2271 1032 ctum
2318 982 2407 1033 est
2464 980 2991 1043 consubstantiale,
3047 982 3465 1052 quotupliciter
3516 983 3765 1035 consub—

2114 1068 2384 1122 stantiale
2415 1068 2629 1123 dicitur
2649 1068 2677 1122 ‘?
2707 1070 3218 1125 Consubstantiale
3240 1072 3475 1134 dicitur,
3504 1072 3653 1140 quod
3685 1075 3773 1125 est

2114 1157 2381 1227 ejusdem
2414 1157 2757 1213 substantia
2788 1163 2845 1213 et
2874 1159 3147 1214 efﬁcacia
3179 1160 3403 1230 absque
3434 1160 3777 1215 discrimine

2114 1246 2259 1301 Nam
2293 1246 2421 1301 ideo
2467 1248 2971 1304 consubstantiale
3018 1248 3252 1315 dicitur,
3302 1249 3457 1319 quod
3508 1249 3774 1303 eamdem

2115 1334 2330 1391 habeat
2359 1337 2756 1392 substantiam
2790 1342 2847 1392 et
2874 1338 3249 1392 vim.Dicitur
3282 1343 3478 1392 autem
3514 1339 3776 1408 quinque

2116 1424 2307 1480 modis
2340 1442 2353 1481 :
2389 1426 2917 1493 consubstantiale,
2953 1426 3128 1480 simul
3162 1427 3451 1497 genitum,
3497 1427 3760 1499 congeni-

2114 1516 2264 1579 tum,
2297 1513 2473 1568 simul
2506 1518 2733 1581 natum,
2775 1519 2831 1569 et
2861 1516 3014 1585 quod
3067 1522 3158 1569 est
3206 1516 3474 1585 ejusdem
3520 1516 3773 1587 generis.

2116 1602 2630 1658 Consubstantiale
2662 1608 2855 1659 autem
2892 1603 3164 1674 est,quod
3199 1604 3257 1658 in
3292 1605 3496 1659 eadem
3531 1606 3772 1675 quidem

2118 1700 2208 1746 est
2235 1692 2698 1759 substantia,sed
2734 1692 2995 1764 aliquam
3013 1697 3208 1747 tamen
3242 1693 3633 1748 differentiam
3668 1694 3776 1749 ha-

2116 1781 2251 1848 bet;
2287 1781 2445 1836 verbi
2477 1783 2685 1852 gratia,
2719 1780 2869 1854 lapis
2899 1782 3184 1851 curiosus,
3218 1787 3274 1836 et
3303 1782 3643 1848 solidus,ch
3672 1784 3779 1837 du-~

2037 1906 2085 1971 Β
2119 1886 2220 1925 rus
2255 1886 2266 1924 :
2299 1870 2854 1936 consubstantiales,
2888 1871 2997 1926 hoc
3028 1876 3138 1940 est,
3174 1872 3350 1926 unius
3400 1877 3457 1927 et
3500 1872 3771 1941 ejusdem

2118 1964 2259 2015 sunt
2280 1959 2739 2015 substantia.lta
2772 1959 2996 2030 lignum
3032 1960 3323 2031 palma,et
3353 1962 3521 2015 ebeni
3546 1961 3773 2032 lignum

2119 2052 2176 2103 et
2204 2065 2338 2103 caro
2370 2048 2673 2119 cameli,ac
2704 2064 2835 2103 caro
2868 2050 3209 2118 piscis.Hac
3240 2050 3776 2105 consubstantialia

2120 2138 2419 2206 dicuntur,
2451 2155 2517 2193 eo
2549 2139 2703 2209 quod
2738 2138 2999 2208 ejusdem
3034 2139 3155 2193 sint
3180 2139 3775 2203 substantia.0uem-

2122 2227 2440 2282 admodum
2473 2243 2677 2283 omnes
2709 2226 2978 2282 homines
3011 2228 3188 2282 unius
3233 2229 3579 2283 substantia
3611 2233 3778 2301 sunt,

2122 2332 2261 2371 suas
2310 2321 2505 2372 tamen
2554 2316 2912 2372 dilferentias
2960 2317 3196 2385 habent,
3264 2322 3570 2388 propterea
3615 2318 3769 2388 quod

2122 2405 2274 2461 alius
2307 2406 2543 2477 quidem
2580 2422 2876 2476 procerus,
2912 2405 3064 2460 alius
3106 2406 3317 2476 brevis,
3351 2406 3501 2461 alius
3544 2411 3776 2477 potens,

2122 2493 2274 2549 alius
2306 2494 2930 2549 miser.Verumtamen
2964 2495 3184 2566 pariter
3213 2495 3389 2550 unius
3420 2500 3479 2550 et
3507 2497 3777 2565 ejusdem

2121 2588 2264 2639 sunt
2307 2584 2674 2651 substantia,
2728 2585 2937 2639 anima
2989 2584 3210 2639 scilicet
3260 2589 3435 2655 atque
3490 2587 3775 2657 corporis.

2120 2672 2375 2728 Alterius
2406 2672 2752 2727 substantia
2784 2673 3023 2743 dicitur,
3061 2675 3216 2745 quod
3250 2674 3488 2730 diversa
3516 2680 3605 2730 est
3630 2676 3783 2729 sub-

2123 2762 2374 2829 stantia,
2405 2778 2511 2817 nec
2542 2761 2841 2817 ullatenus
2883 2762 2981 2817 alii
3017 2767 3107 2818 est
3158 2763 3352 2830 afﬁne,
3406 2765 3504 2818 sed
3543 2764 3779 2835 penitus

2121 2850 2379 2906 alienum
2411 2854 2468 2904 et
2490 2848 2649 2904 omni
2698 2850 2872 2904 modo
2915 2849 3216 2919 absimile;
3251 2852 3583 2921 cujusmodi
3637 2856 3783 2908 sunt

2122 2939 2278 3012 ignis
2307 2944 2364 2994 et
2394 2955 2546 3010 aqua
2579 2954 2591 2993 :
2626 2937 2739 2993 alia
2771 2938 2988 3009 quippe
3021 2944 3109 2993 est
3148 2939 3482 2994 substantia
3534 2940 3688 3010 ignis
3719 2944 3779 2996 et

2121 3044 2286 3099 aqua
2334 3028 2469 3083 alia.
2522 3028 2773 3098 Ideoque
2821 3027 3064 3082 alterius
3118 3027 3465 3083 substantia
3534 3029 3777 3097 dicitur,

2120 3118 2261 3190 quia
2277 3116 2517 3173 alterius
2533 3121 2755 3172 natura
2774 3121 2947 3188 atque
2964 3116 3194 3188 generis
3218 3132 3230 3170 :
3247 3117 3771 3188 quemadmodum,

2121 3207 2297 3276 Deus,
2348 3206 2614 3278 angelus,
2660 3205 2875 3273 lutum,
2926 3204 3013 3261 sol
3063 3210 3121 3261 et
3165 3206 3385 3262 fenum.
3435 3206 3563 3261 Hac
3609 3209 3767 3263 enim

2045 3278 2088 3346 C
2130 3295 2405 3351 omnibus
2436 3296 2629 3351 modis
2658 3293 2951 3349 absimilis
2981 3299 3120 3349 sunt
3148 3294 3299 3350 inter
3327 3300 3777 3367 se,quapropter

361 3387 610 3445 alterius
643 3385 991 3442 substantia
1023 3384 1303 3441 dicuntur
1332 3401 1344 3438 :
1380 3388 1581 3456 utpote
1612 3384 1768 3456 quod
1800 3383 2051 3442 alterum
2100 3401 2234 3441 cum
2265 3384 2509 3440 alterius
2556 3382 2887 3439 substantia
2933 3384 3178 3440 minime
3225 3385 3639 3456 communicet,
3669 3383 3775 3443 sed

356 3477 474 3534 alia
503 3477 583 3533 sit
609 3475 794 3541 illius,
828 3474 941 3531 alia
973 3474 1237 3543 alterius,
1272 3480 1337 3530 ut
1366 3473 1590 3531 dictum
1621 3478 1728 3531 est.

826 3581 952 3637 VII.
987 3580 1115 3653 Περὶ
1143 3582 1329 3655 ψυχῆς
1366 3578 1457 3633 καὶ
1485 3578 1631 3642 νοός.

432 3675 643 3732 Δισσῶς
678 3669 888 3744 λέγεται
924 3669 958 3738 ἡ
1001 3670 1177 3743 ψυχὴ,
1232 3668 1329 3741 μία
1382 3669 1476 3741 μὲν
1528 3670 1561 3739 ἠ
1616 3666 1835 3746 ἄλογος,
1894 3668 2017 3739 ἥτις

363 3762 473 3817 ἐστὶ
504 3762 569 3816 τὸ
598 3763 709 3814 τῶν
762 3763 999 3829 κτηνῶν·
1062 3758 1216 3832 ἕτερα
1274 3754 1333 3813 δὲ
1388 3759 1421 3827 ἠ
1474 3756 1695 3835 λογικὴ,
1754 3758 1875 3827 ἥτις
1908 3758 2019 3813 ἐστὶ

366 3855 471 3905 τῶν
529 3849 854 3926 ἀνθρώπων.
920 3848 1020 3905 Καὶ
1082 3848 1115 3917 ἠ
1199 3848 1291 3919 μὲν
1352 3852 1461 3901 τῶν
1523 3851 1757 3918 κτηνῶν,
1808 3846 1867 3903 ἐκ
1919 3854 2020 3921 γῆς

372 3933 559 3994 ἔλαϐεν
599 3940 700 4008 τὴν
752 3935 1114 4013 δημιουργίαν
1157 3938 1295 3991 κατᾶ
1343 3941 1477 3991 Θεοῦ
1526 3936 1838 4009 πρόσταξιν,
1880 3937 1954 3999 ὡς
1982 3937 2016 4007 ἡ

372 4025 489 4091 θεία
516 4026 661 4102 λέγει
720 4029 927 4106 Γραφή·
993 4051 1021 4079 ‹‹
1072 4025 1171 4081 Καὶ
1223 4027 1369 4080 εἶπεν
1420 4026 1447 4079 ὁ
1498 4025 1649 4087 Θεός·
1682 4026 2019 4102 Ἐξαγαγὲτω

368 4116 404 4185 ἠ
441 4123 515 4191 γῆ
547 4115 737 4190 ὲρπετὶ
766 4119 959 4192 ψυχῶν
997 4119 1244 4184 ζωσῶν.»
1273 4116 1435 4169 Ὥστε
1464 4114 1531 4169 τὰ
1566 4118 1676 4184 ζῶα
1705 4115 1763 4169 ἐκ
1790 4122 1892 4183 τῆς
1915 4121 2019 4189 γῆς

366 4199 571 4259 ἔλαϐον
596 4206 693 4274 τὴν
724 4207 930 4281 ψυχήν.
994 4204 1091 4259 Διὰ
1138 4208 1299 4259 τοῦτο
1348 4203 1487 4277 πρὸς
1536 4205 1603 4258 τὰ
1656 4205 1821 4279 γήϊνα
1854 4203 2019 4276 μόνον

364 4289 560 4370 ἔχουσι
587 4294 686 4363 τήν
710 4293 887 4369 ὁρμὴν
935 4293 1024 4347 καὶ
1076 4297 1248 4348 πᾶσαν
1296 4293 1395 4361 τὴν
1448 4286 1639 4369 ὄρεξιν,
1672 4293 1762 4348 καὶ
1794 4292 1856 4347 οὐ
1888 4313 2020 4370 (ppo-

361 4386 516 4438 νοῦσι
553 4383 621 4438 τὰ
669 4384 801 4439 ἅνω.
854 4385 979 4444 Πῶς
1032 4379 1089 4437 δὲ
1119 4380 1327 4457 ἐγένετο
1372 4383 1404 4451 ἠ
1438 4384 1591 4459 ψυχή
1625 4382 1800 4439 αὐτῶν
1834 4382 1893 4438 ἐκ
1920 4385 2020 4452 τῆς

363 4478 469 4547 γῆς
530 4471 793 4546 εἴπωμεν.
855 4468 1097 4527 ’Ἔδωκεν
1156 4472 1190 4540 ἠ
1244 4477 1314 4546 γῆ
1367 4473 1502 4527 κατὰ
1550 4471 1836 4547 πρόσταξιν
1887 4476 2020 4527 Θεοῦ

363 4561 534 4636 σάρκα
562 4566 681 4624 τοῖς
704 4562 973 4632 κτήνεσιν·
1006 4548 1133 4631 ἠδὲ
1185 4560 1311 4636 σὰρξ
1364 4560 1657 4632 πεποίηκεν
1726 4561 1881 4636 αἷμα.
1943 4562 2022 4619 Τὸ

2466 3580 2619 3636 I98
2650 3580 2774 3636 VII.
2812 3584 2893 3636 De
2922 3581 3124 3637 anima
3155 3585 3206 3636 et
3229 3590 3428 3638 mente.

2203 3669 2520 3743 Dupliciter
2550 3669 2766 3725 dicitur
2795 3670 3218 3726 anima.Altera
3249 3671 3489 3744 quidem
3523 3676 3612 3727 est
3633 3672 3782 3729 irra-

2128 3759 2391 3828 ti0nalis,
2422 3776 2547 3832 qua
2582 3761 2889 3816 brutorum
2922 3764 3013 3815 est
3040 3761 3223 3816 altera
3270 3778 3404 3817 vero
3449 3762 3783 3834 rationalis,

2131 3865 2262 3921 qua
2285 3854 2373 3904 est
2406 3848 2929 3921 hominum.Atque
2958 3866 3025 3904 ea
3055 3850 3450 3923 quidem,qua
3475 3852 3782 3906 brutorum

2130 3942 2240 4006 est,
2271 3937 2624 3993 creationem
2656 3954 2826 3995 suam
2857 3955 2925 3994 ex
2956 3942 3111 3994 terra
3142 3938 3378 4008 accipit,
3412 3940 3581 4009 juxta
3616 3955 3783 3993 man-

2131 4026 2332 4081 datum
2367 4027 2489 4096 Dei,
2524 4027 3024 4099 quemadmodum
3058 4028 3251 4082 divina
3282 4028 3423 4082 dicit
3453 4028 3782 4099 Scriptura:

2132 4137 2159 4165 ‹‹
2194 4115 2261 4169 Et
2290 4115 2436 4170 dixit
2470 4116 2640 4184 Deus,
2674 4117 2959 4188 producat
2988 4120 3145 4171 terra
3188 4116 3420 4189 reptilia
3450 4117 3786 4173 animarum

2129 4204 2447 4259 viventium
2481 4205 2546 4259 3°.
2580 4224 2606 4257 ιι
2642 4205 2790 4277 Ergo
2822 4204 3102 4261 animalia
3134 4206 3305 4261 bruta
3336 4222 3404 4260 ex
3436 4210 3592 4261 terra
3620 4222 3781 4261 acce-

2132 4297 2346 4366 perunt
2378 4293 2636 4350 animam
2670 4310 2861 4349 suam.
2896 4294 3145 4366 Ideoque
3178 4294 3248 4349 ad
3283 4299 3513 4350 terrena
3565 4294 3786 4351 solum-
3840 4348 3845 4351 .

2132 4383 2305 4440 modo
2336 4383 2557 4439 habent
2586 4382 2953 4440 affectionem
2977 4386 3033 4438 et
3063 4400 3296 4439 omnem
3325 4384 3788 4455 appetitum,nec

2132 4477 2222 4529 est
2255 4472 2371 4529 illis
2403 4489 2597 4530 rerum
2632 4472 2957 4529 calcslium
2992 4473 3462 4536 cura.Quomodo
3495 4489 3629 4527 vero
3659 4472 3783 4527 ani-

2135 4579 2231 4618 ma
2261 4579 2464 4619 eorum
2492 4579 2561 4619 ex
2589 4567 2743 4619 terra
2777 4562 2923 4617 facta
2954 4562 3053 4630 sit,
3088 4562 3375 4617 dicamus.
3416 4562 3579 4617 Dedit
3609 4566 3785 4628 terra,

367 4647 425 4705 δὶ
454 4652 587 4724 αἷμα
616 4652 809 4727 γέγονε
839 4652 993 4726 ψυχὴ
1027 4648 1313 4720 κτηνώδης
1356 4655 1437 4723 τῷ
1488 4651 1635 4723 ζώῳ,
1692 4646 1829 4705 ὥστε
1859 4650 2013 4705 πάλιν

2127 4653 2294 4724 juxta
2323 4657 2677 4726 praceptum
2711 4651 3034 4723 Dei,brutis
3066 4668 3299 4707 carnem
3337 4668 3349 4708 :
3382 4669 3514 4708 caro
3547 4651 3786 4725 sangui-

367 4740 665 4810 θνήξαντος
720 4743 819 4795 τοῦ
871 4739 1038 4809 ζώου,
1086 4739 1148 4793 τὸ
1200 4738 1336 4811 αἷμα
1402 4740 1648 4814 πεπηγὸς
1720 4740 1795 4801 εἷς
1856 4739 2048 4817 σάρκα⁸

368 4824 791 4903 μεταϐάλλεται.
852 4830 914 4883 Ἡ
966 4825 1023 4883 δὲ
1063 4828 1191 4905 σὰρξ
1248 4834 1529 4907 φθαρεῖσα,
1581 4829 1744 4884 πάλιν
1792 4828 2025 4884 ἀναλυο-

364 4919 526 4991 μένη,
575 4919 779 4993 γίνεται
827 4924 922 4993 γῆ.
980 4918 1081 4973 Καὶ
1127 4915 1216 4972 διὰ
1264 4922 1425 4972 τοῦτο
1476 4917 1753 4994 ἀγνοοῦσι,
1809 4917 1899 4972 καὶ
1960 4917 2022 4973 οὐ

366 5013 629 5086 φρονοῦσι
706 5008 774 5063 τὰ
849 5005 980 5065 ἄνω.
1058 5008 1119 5064 Ὁ
1175 5004 1233 5061 δὲ
1290 5003 1572 5081 ἅνθρωπος
1630 5006 1688 5060 ἐκ
1729 5013 1828 5077 τῆς
1878 5006 2023 5070 θείας

360 5095 706 5169 ἐμπνεύσεως
757 5092 962 5171 ἔσχηκε
1028 5097 1128 5164 τὴν
1189 5097 1397 5171 ψυχὴν⁹
1458 5094 1547 5149 διὰ
1600 5101 1761 5150 τοῦτο
1809 5096 1897 5149 καὶ
1956 5096 2023 5151 τὰ

356 5190 485 5250 θεῖα
514 5184 885 5260 ἐπιγινώσκει,
916 5184 1105 5239 καὶτὰ
1153 5185 1265 5238 ἄνω
1315 5182 1501 5239 διώκει
1548 5184 1638 5238 καὶ
1684 5187 1752 5238 τὰ
1800 5184 2024 5260 οὐράνια

354 5279 498 5348 νοεῖ,
528 5275 617 5330 καὶ
653 5274 881 5349 λογικὸς
916 5274 1150 5349 ὑπάρχει
1200 5273 1288 5327 καὶ
1338 5271 1539 5334 ἔννους.
1592 5272 1769 5329 Ἀλλᾶ
1826 5272 2017 5347 μηδεὶς

358 5362 687 5436 ὑπονοιίτω,
739 5361 914 5418 ὅτιτὸ
954 5366 1183 5435 πνεῦμα,
1244 5360 1377 5438 ὅπερ
1439 5361 1760 5441 ἐνεφύσησεν
1807 5363 1835 5418 ὁ
1892 5364 2020 5425 Θεὸς

358 5452 417 5509 ἰν
448 5456 528 5526 τῷ
572 5452 869 5528 ἀνθρώπῳ,
920 5449 1092 5506 ἐκεῖνο
1150 5449 1361 5527 ἐγένετο
1410 5453 1591 5527 ψυχή·
1654 5452 1730 5524 μή
1781 5450 2017 5527 γένοιτο.

358 5540 513 5597 ἀλλὰ
542 5543 604 5597 τὸ
635 5544 851 5614 πνεῦμα
875 5539 1047 5595 ἐκεῖνο
1077 5540 1262 5614 ψυχὴν
1292 5537 1751 5616 ἐδημιούργησεν.
1802 5541 1863 5597 Εἰ
1913 5541 2017 5617 γὰρ

438 5723 484 5759 ⁸ο
512 5722 725 5779 Genes.
761 5738 801 5791 ι,
828 5719 921 5774 20.

2136 4758 2269 4798 nem
2303 4746 2391 4797 est
2422 4745 2658 4812 operata
2690 4758 2703 4795 :
2741 4742 2987 4814 sanguis
3021 4746 3239 4813 autem,
3270 4742 3440 4798 bruta
3481 4743 3679 4799 anima
3712 4742 3789 4800 fa-

2134 4834 2263 4886 ctus
2287 4835 2376 4887 est
2407 4830 2644 4886 animali
2680 4830 3223 4896 irrationali.Quare
3256 4836 3487 4887 mortuo
3520 4831 3787 4899 animali,

2134 4920 2444 4992 sanguinis
2474 4917 2782 4976 concretus
2815 4920 2871 4974 in
2908 4938 3141 4976 carnem
3175 4924 3625 4976 transmutatur.
3644 4923 3785 4977 Caro

2134 5015 2328 5064 autem
2362 5014 2638 5081 corrupta
2666 5013 2723 5063 et
2755 5009 3035 5079 resoluta,
3070 5016 3223 5066 terra
3255 5011 3320 5064 fit
3355 5028 3575 5065 rursus.
3602 5012 3788 5080 Atque

2131 5115 2259 5153 eam
2294 5099 2366 5152 ob
2398 5115 2635 5153 causam
2674 5098 2947 5170 ignorant
2979 5098 3296 5169 illa,neque
3328 5103 3535 5152 curant
3568 5115 3656 5151 res
3681 5115 3788 5153 coe-

2130 5186 2324 5244 lestes.
2358 5187 2466 5241 Sed
2496 5186 2670 5243 homo
2701 5203 2770 5242 ex
2802 5187 3185 5257 inspiratione
3233 5187 3429 5241 divina
3460 5203 3627 5242 suam
3662 5187 3785 5241 ani-

2130 5291 2288 5330 mam
2322 5275 2562 5347 accepit,
2597 5277 2724 5331 ideo
2774 5293 2867 5330 res
2914 5276 3141 5331 divinas
3193 5276 3480 5346 agnoscit,
3531 5292 3789 5347 superna

2130 5365 2589 5436 persequitur,et
2620 5380 2713 5420 res
2745 5363 3008 5420 caelestes
3030 5362 3304 5434 intelligit
3337 5380 3348 5417 :
3383 5367 3590 5434 estque
3619 5364 3789 5420 ratio-

2130 5453 2303 5518 nalis,
2337 5458 2393 5507 et
2423 5458 2614 5508 mente
2646 5454 3240 5525 praditus.Caterum
3267 5467 3440 5506 nemo
3472 5452 3785 5522 existimet,

2130 5542 2285 5613 quod
2326 5541 2424 5597 ille
2454 5541 2719 5614 spiritus,
2752 5557 2924 5612 quem
2984 5542 3042 5595 in
3108 5537 3408 5595 hominem
3466 5540 3789 5596 insufﬂavit
