4132 6370
381 392 497 451 547

1545 390 1610 449 S.
1657 380 2179 449 ATHANASIUS.
2204 418 2281 430 --
2308 385 2621 450 SPURIA.

3680 388 3801 449 548

391 525 563 592 θυαε,
620 523 810 579 factus
853 522 932 579 sit
979 523 1197 579 anima.
1248 522 1451 578 Absit!
1484 522 1595 577 Sed
1648 519 1891 591 spiritus
1940 514 2017 569 illi

2152 514 2323 570 ἐκεῖνο
2354 519 2415 571 τὸ
2445 523 2655 591 πνεῦμα
2684 518 2839 593 ψυχὴ
2871 515 2925 572 έν
2952 515 3032 589 τῷ
3061 516 3355 590 ἀνθρώπῳ,
3394 517 3537 593 τάχα
3586 517 3646 574 ὲκ
3695 526 3795 588 τῆς

383 614 599 668 creavit
628 614 908 668 animam.
941 614 1086 669 Nam
1121 614 1169 666 si
1199 614 1255 667 in
1291 612 1529 667 homine
1559 610 1804 682 spiritus
1835 608 1931 661 ille
1952 623 2038 661 es~

382 709 471 757 set
501 703 719 772 anima,
754 708 909 758 esset
940 702 1219 757 nimirum
1255 702 1453 756 anima
1503 717 1571 755 ex
1601 698 1698 754 Dei
1754 694 2030 753 essentia.

380 793 441 846 Si
468 806 604 862 ergo
626 807 694 845 ex
725 791 820 846 Ι)θὶ
839 792 1093 846 essentia
1124 796 1281 845 esset
1312 789 1719 859 anima,quare
1750 802 1864 841 non
1891 783 2032 838 inal-

380 880 641 935 lerabilis
681 896 915 951 semper
961 887 1117 935 esset
1163 885 1219 934 et
1259 877 1670 945 immutabilis,
1725 873 1917 947 qualis
1946 881 2037 933 est

380 969 583 1024 Deus?
618 969 810 1038 inquit
837 969 995 1023 enim
1026 969 1152 1037 ipse
1185 985 1197 1024 :
1232 990 1259 1018 «
1293 969 1411 1039 Ego
1444 967 1569 1039 ipse
1620 981 1774 1030 sum,
1807 968 1863 1019 et
1913 979 2029 1018 non

380 1064 579 1111 mutor
615 1058 680 1113 ⁷ο.
718 1079 744 1105 υ
778 1057 990 1112 Anima
1010 1066 1207 1112 autem
1259 1057 1550 1112 interdum
1578 1056 1819 1127 quidem
1850 1052 2033 1109 stulta

379 1152 487 1213 est,
520 1146 817 1200 interdum
846 1146 1106 1217 sapiens,
1150 1146 1448 1201 interdum
1502 1145 1812 1216 peccatrix,
1845 1143 2031 1196 inter-

381 1236 520 1290 dum
554 1235 721 1305 justa
752 1250 765 1289 :
799 1241 857 1289 et
887 1233 1001 1290 alio
1053 1235 1289 1306 quidem
1341 1241 1605 1305 tempore
1655 1232 1863 1301 ﬁdelis,
1914 1230 2029 1286 alio

377 1342 514 1381 vero
546 1332 808 1397 tempore
838 1325 1140 1381 incredula
1175 1342 1187 1379 :
1219 1325 1538 1396 aliquando
1569 1340 1765 1379 rerum
1799 1323 2025 1394 ignara,

377 1414 700 1486 aliquando
722 1429 1358 1485 gnaramonnunquam
1393 1413 1603 1469 alacris
1634 1417 1689 1467 et
1711 1410 2026 1482 aliquando

376 1505 595 1576 segnis.
629 1504 773 1558 Cum
807 1503 926 1559 haec
946 1502 1004 1557 in
1036 1519 1164 1558 sese
1187 1504 1397 1558 habeat
1417 1503 1899 1572 anima,quonam
1923 1517 2023 1571 pa-

376 1598 469 1649 cto
501 1592 611 1647 dici
642 1597 855 1663 potest,
874 1593 1025 1662 quod
1051 1609 1119 1646 ex
1140 1591 1239 1647 Dei
1259 1591 1607 1646 sitessentia
1625 1589 1811 1646 ?lllud
1836 1588 2021 1644 baud-

372 1696 670 1753 quaqnain
701 1697 830 1736 esse
861 1686 1071 1752 potest.
1105 1680 1216 1735 Sed
1252 1681 1374 1735 haec
1405 1679 1713 1751 inspiratio
1762 1678 2021 1734 animam

370 1771 433 1827 in
463 1771 703 1827 homine
731 1770 1013 1825 fabricata
1042 1775 1132 1826 est
1174 1769 1460 1825 rationem
1493 1774 1551 1824 et
1575 1767 2017 1840 intelligentem.

371 1859 1186 1932 Quapropteranimaquoque
1207 1858 1588 1931 intelligendo
1606 1872 2019 1948 supernaspe-
2051 1882 2100 1948 B

369 1949 619 2016 colatur,
651 1954 707 2004 et
736 1966 863 2020 quae
896 1948 1015 2003 illic
1046 1954 1206 2015 sunt,
1241 1948 1470 2020 quaerit,
1516 1949 1742 2020 appetit
1773 1952 1829 2002 et
1859 1944 2019 2001 desi-

368 2039 552 2106 derat,
585 2038 862 2110 quoniam
892 2036 1054 2092 illine
1084 2037 1259 2093 habet
1287 2037 1636 2094 creationem
1669 2037 2019 2092 suam.lrra-

366 2126 605 2184 tionalis
637 2132 832 2182 autem
863 2126 1063 2183 anima
1094 2142 1206 2182 non
1243 2127 1366 2194 sic;
1400 2127 1499 2182 sed
1534 2126 1673 2199 quia
1725 2125 2020 2182 terrestris

369 2222 477 2285 est,
512 2216 884 2272 solummodo
899 2215 1199 2271 terrestria
1219 2216 1448 2288 quierit,
1474 2216 1721 2287 ideoque
1748 2232 1864 2271 una
1885 2232 2018 2270 cum

366 2321 605 2378 corpore
636 2305 905 2360 moritur.
942 2304 1153 2360 Anima
1184 2321 1314 2360 vero
1346 2305 1603 2360 hominis
1629 2310 1911 2360 aeternum
1937 2304 2018 2359 vi-

364 2394 469 2463 vit,
500 2398 557 2450 et
590 2411 704 2450 non
738 2394 913 2450 habet
945 2394 1141 2449 ﬁnem.
1176 2393 1357 2450 Habet
1407 2399 1603 2449 autem
1655 2394 1852 2450 anima
1901 2399 2019 2450 tres

364 2486 565 2555 partes
592 2499 604 2538 :
631 2482 1060 2551 rationabilem,
1085 2482 1459 2551 irascibilem,
1476 2482 2014 2555 concupiscibilem.

363 2574 554 2643 Atque
576 2587 678 2643 per
707 2576 928 2643 partem
954 2571 1188 2643 quidem
1222 2572 1563 2628 rationalem
1595 2572 1778 2628 Deum
1802 2572 2013 2645 diligit:

365 2676 471 2732 per
499 2659 855 2715 irascibilem
890 2677 1023 2715 vero
1056 2661 1419 2717 daemonibus
1452 2661 1741 2731 irascitur,
1797 2670 1851 2717 et
1888 2679 2017 2719 sese

367 2755 606 2805 strenue
637 2750 917 2806 adversus
949 2766 1047 2806 eos
1077 2750 1267 2822 gerit;
1299 2756 1355 2806 et
1384 2767 1488 2824 per
1536 2756 1760 2824 partem
1796 2770 2013 2808 concu-

361 2838 713 2911 piseibilem,
746 2839 898 2894 bona
929 2839 1150 2911 appetit
1177 2846 1410 2895 mterna.
1449 2837 1628 2896 Habet
1661 2847 1856 2897 autem
1912 2842 2013 2897 ho-

361 2945 459 2985 mo
481 2944 692 2984 sensus
715 2929 976 2999 quinque
1006 2930 1356 3001 corporales,
1382 2933 1436 2984 et
1458 2929 1716 3001 quinque
1733 2931 2015 3003 spiritua-

365 3016 453 3073 lcs
486 3034 499 3072 :
530 3016 864 3089 corporales
895 3018 1134 3088 quidem
1185 3022 1326 3073 sunt
1353 3017 1449 3073 isti
1486 3035 1499 3073 :
1534 3019 1719 3087 visus,
1751 3020 2011 3091 auditus,

367 3106 635 3173 olfactus,
669 3111 885 3179 gustus
915 3111 971 3162 et
1002 3111 1212 3163 tactus.
1266 3107 1729 3163 Considerantur
1776 3125 1908 3164 vero
1954 3108 2012 3163 in

365 3196 495 3251 visu
521 3195 780 3267 quidem,
815 3194 1013 3251 album
1047 3200 1105 3251 et
1135 3195 1392 3267 nigrum.
1430 3196 1491 3252 In
1511 3197 1738 3264 auditu,
1772 3201 2011 3252 acutum

2146 605 2327 668 οὐσίας
2358 612 2455 661 τοῦ
2486 612 2619 662 Θεοῦ
2654 609 2688 675 ἠ
2743 608 2895 682 ψυχὴ
2946 605 3175 680 ἔμελλεν
3228 606 3383 663 εἶναι.
3435 608 3555 662 Ἐὰν
3616 608 3796 684 ὑπῆρ-

2145 714 2240 769 χεν
2275 696 2308 763 ἡ
2359 697 2510 771 ψυχή
2563 695 2621 751 ὲκ
2666 704 2768 765 τῆς
2818 696 3000 757 οὐσίας
3030 700 3127 750 τοῦ
3158 700 3314 765 Θεοῦ,
3350 693 3441 751 διὰ
3467 696 3520 751 τί
3551 697 3651 751 οὐκ
3679 693 3795 753 ἔστι

2142 784 2373 839 πάντοτε
2445 784 2835 854 ἀναλλοίωτος,
2914 784 3196 860 ἄτρεπτος,
3273 782 3453 860 ὣσπερ
3535 786 3563 839 ὁ
3621 786 3795 855 Θεός;

2142 871 2342 935 ἱκεῖνος
2410 874 2510 949 γὰρ
2561 872 2708 949 λέγει
2758 874 2860 929 ὅτι·
2911 898 2938 925 ((
2983 874 3154 935 Αὐτὸς
3200 873 3310 948 ἐγώ
3359 874 3499 946 εἰμι,
3547 874 3638 929 καὶ
3694 875 3797 930 οὐκ

2140 959 2482 1035 ἠλλοίωμαι.
2519 987 2545 1014 n
2582 964 2643 1019 Ἡ
2677 959 2734 1017 δὲ
2764 964 2914 1038 ψυχή
2950 983 3082 1016 ποτε
3129 962 3222 1035 μὲν
3284 961 3415 1016 οὖσα
3449 963 3627 1039 μωρὰ,
3661 965 3795 1020 ποτὶ

2140 1049 2192 1102 si
2224 1051 2511 1127 φρόνιμος·
2572 1051 2661 1105 καί
2710 1072 2841 1105 ποτε
2890 1052 2983 1123 μὲν
3030 1051 3381 1125 ἁμαρτωλὸς,
3431 1053 3564 1106 ποτὶ
3595 1050 3652 1107 δὲ
3704 1051 3781 1108 δι-

2138 1138 2284 1192 καίαο
2346 1140 2434 1194 καὶ
2486 1138 2688 1195 ἄλλοτε
2732 1142 2921 1208 πιστὴ,
2992 1140 3080 1194 καὶ
3152 1139 3353 1196 ἄλλοτε
3404 1141 3649 1203 ἄπιστος.
3701 1142 3791 1197 καῖ

2137 1249 2270 1282 ποτε
2320 1229 2413 1301 μὶν
2473 1230 2762 1303 ἀγνοοῦσα,
2822 1230 2953 1284 ποτὶ
3004 1227 3061 1283 δὲ
3117 1230 3487 1304 γινώσκουσα·
3515 1230 3604 1285 καὶ
3654 1253 3792 1287 ποτε

2141 1316 2235 1388 μὲν
2264 1317 2549 1391 πρόθυμος
2581 1315 2733 1386 οὖσα,
2767 1317 2899 1372 ποτὶ
2944 1315 3001 1371 δὲ
3048 1317 3272 1393 ὀκνηρά.
3324 1321 3505 1376 Ταῦτα
3564 1317 3788 1394 ἔχουσα,

2134 1410 2252 1467 πῶς
2286 1403 2504 1461 δύναται
2555 1406 2808 1481 λέγεσθαι
2858 1405 2918 1461 ἐκ
2963 1413 3065 1476 τῆς
3099 1406 3283 1470 οὐσίας
3316 1410 3455 1463 εἶναι
3482 1406 3580 1463 τοῦ
3613 1414 3785 1480 Θεοῦ;

2135 1494 2235 1549 οὐκ
2264 1492 2372 1549 ἔστι
2429 1494 2612 1566 τοῦτο,
2672 1496 2772 1550 οὐκ
2827 1490 2960 1551 ἔστι.
3020 1496 3090 1550 Τὸ
3139 1493 3197 1550 δὲ
3245 1496 3545 1575 ἐμφύσημα
3590 1496 3783 1569 έκεῖνο,

2133 1585 2317 1659 ψυχὴν
2352 1582 2787 1659 έδημιουργησεν
2840 1585 2893 1639 έν
2929 1589 3008 1657 τῷ
3058 1585 3350 1660 ἀνθρώπῳ,
3410 1586 3637 1663 λογικὴν
3694 1589 3783 1644 καὶ

2130 1676 2341 1748 νοεράν.
2377 1673 2473 1728 Διὰ
2501 1677 2663 1729 τοῦτο
2692 1674 2783 1729 καὶ
2812 1675 2846 1743 ἡ
2880 1676 3033 1750 ψυχὴ
3068 1679 3269 1750 νοερῶς
3300 1674 3367 1730 τὰ
3415 1672 3526 1730 ἅνω
3583 1678 3780 1755 φαντά-

2133 1767 2298 1831 ζεται,
2331 1762 2421 1817 καὶ
2451 1764 2518 1817 τὰ
2547 1761 2746 1818 ἔκεῖοεν
2802 1768 2953 1834 ζητεῖ
3002 1764 3092 1819 καὶ
3151 1762 3397 1840 ὀρέγεται
3456 1764 3545 1820 καὶ
3601 1772 3778 1838 ποθεῖ,

2131 1850 2213 1906 δτι
2246 1851 2443 1915 έκεῖθεν
2475 1850 2591 1926 ἔχει
2621 1854 2719 1921 τὴν
2769 1850 3154 1927 δημιουργίαν.
3197 1854 3261 1911 Ἡ
3292 1851 3352 1908 δὲ
3404 1859 3514 1909 τῶν
3543 1852 3780 1931 ἀλόγων,

2131 1940 2238 2015 οὐχ
2263 1940 2457 2011 οὕτως,
2491 1939 2618 1995 ἀλλ’
2675 1940 2908 2017 ἐπίγειος
2957 1942 3111 2012 οὖσα,
3159 1942 3226 1997 τὰ
3273 1941 3482 2019 ἐπίγεια
3516 1944 3653 2017 μόνα
3684 1950 3779 2016 ζη-

2129 2035 2227 2084 τεῖ’
2265 2026 2348 2083 διὸ
2379 2029 2469 2084 καὶ
2524 2032 2948 2101 συναποθνήσκει
3004 2036 3082 2103 τῷ
3138 2033 3373 2105 σώματι.
3433 2037 3540 2088 Τοῦ
3588 2030 3646 2089 δὶ
3692 2035 3779 2089 ἀν-

2131 2119 2352 2191 θρώπου
2383 2120 2418 2188 ἠ
2470 2121 2645 2193 ψυχὴ,
2696 2119 2921 2188 ἀείζωος
2967 2120 3200 2197 ὑπάρχει
3246 2121 3337 2175 καὶ
3400 2120 3776 2193 ἀτελεύτητος.

2127 2209 2288 2283 Ἔχει
2319 2205 2375 2262 δὲ
2434 2210 2468 2277 ἠ
2523 2210 2676 2284 ψυχὴ
2726 2208 2851 2281 τρία
2901 2210 3067 2285 μέρη,
3116 2207 3354 2285 λογικὸν,
3407 2212 3635 2286 θυμικὸν
3689 2215 3777 2269 καὶ

2130 2297 2542 2371 ἐπιθυμητικόν.
2591 2297 2686 2352 Καὶ
2740 2296 2828 2353 διὰ
2874 2298 2969 2372 μὶν
3018 2304 3116 2353 τοῦ
3158 2299 3386 2375 λογικοῦ
3422 2302 3619 2377 μέρους
3651 2302 3777 2380 ἀγα·

2127 2393 2202 2458 πᾷ
2233 2387 2322 2441 τὸν
2359 2386 2524 2441 Θεόν·
2562 2384 2649 2441 διὰ
2679 2392 2774 2441 τοῦ
2807 2392 3040 2461 θυμικοῦ
3091 2387 3289 2464 μέρους
3339 2389 3608 2465 ὀργίζεται
3663 2398 3777 2454 τοῖς

2127 2473 2402 2549 δαίμοσιν,
2437 2473 2793 2553 ἀνδριζομένη
2835 2480 2951 2532 κατ’
3002 2476 3197 2532 αὐτῶν
3252 2475 3341 2533 διὰ
3398 2476 3456 2533 δὲ
3508 2485 3607 2536 τοῦ
3660 2480 3774 2536 ἐπι·

2126 2567 2432 2639 Θυμητικοῦ
2467 2566 2666 2640 μέρους
2720 2565 2972 2638 ἐπιθυμεῖ
3017 2568 3083 2620 τὰ
3133 2566 3328 2622 αἰώνια
3371 2569 3564 2644 ἀγαθά.
3617 2576 3773 2646 Ἔχει

2127 2653 2183 2709 δὲ
2214 2656 2241 2709 ὁ
2274 2653 2557 2731 ἅνθρωπος
2590 2655 2863 2725 αἰσθήσεις
2895 2656 3050 2710 πέντε
3097 2658 3433 2729 σωματικὰς,
3485 2659 3575 2713 καὶ
3620 2660 3776 2715 πέντε

2124 2743 2382 2821 ψυχικάς·
2418 2744 2469 2797 αἱ
2500 2743 2809 2817 σωματικαὶ
2844 2744 2937 2816 μέν
2990 2744 3140 2798 εἰσιν
3199 2746 3405 2821 ὅρασις,
3468 2747 3628 2820 ἀκοὴ,
3681 2744 3775 2802 ὄσ⁶

2125 2855 2346 2913 φρησις,
2405 2838 2607 2909 γεῦσις,
2667 2834 2757 2888 καὶ
2816 2834 2947 2910 ἁφή
3007 2840 3301 2908 Θεωρεῖται
3360 2832 3417 2890 δὲ
3470 2835 3523 2891 ἐν
3574 2837 3671 2909 μὲν
3701 2840 3770 2910 τῇ

2126 2922 2306 2996 ὁράσει
2339 2924 2400 2977 τὸ
2458 2921 2649 2977 λευκὸν
2700 2921 2790 2976 καὶ
2846 2920 3037 2996 μέλαν,
3089 2922 3139 2977 έν
3192 2921 3248 2979 δὲ
3276 2927 3343 2999 τῇ
3375 2924 3531 2998 ἀκοῇ,
3563 2925 3624 2979 τὸ
3677 2923 3769 2997 ὀξὺ

2125 3012 2214 3068 καὶ
2243 3013 2305 3067 τὸ
2340 3012 2495 3088 βαρύ·
2532 3011 2585 3067 έν
2617 3009 2675 3067 δὲ
2704 3010 2771 3085 τῇ
2805 3012 3065 3090 ὀσφρήσει
3108 3014 3171 3067 τὸ
3222 3010 3449 3086 εὔοσμον
3495 3014 3584 3068 καὶ
3644 3012 3773 3069 δυσ-

2126 3102 2284 3166 ῶδες·
2320 3104 2372 3158 ἐν
2432 3102 2488 3158 δὲ
2540 3107 2605 3177 τῇ
2647 3105 2824 3178 γεύσει
2883 3105 2944 3159 τὸ
3003 3104 3177 3179 γλυκὺ
3232 3106 3322 3159 καὶ
3369 3105 3582 3182 πικρόν·
3635 3104 3687 3160 έν
3719 3104 3776 3161 δὲ

2124 3197 2192 3267 τῇ
2252 3196 2385 3272 ἁφῇ,
2445 3194 2508 3247 τὸ
2557 3190 2795 3269 σκληρὸν
2845 3193 2935 3248 καὶ
2992 3192 3234 3267 μαλακὸν
3294 3198 3383 3249 καὶ
3429 3195 3625 3270 Θερμὸν
3685 3196 3774 3249 καὶ

365 3288 423 3341 et
451 3250 642 3357 grave.
676 3250 739 3339 in
767 3250 1007 3353 olfactu,
1040 3250 1244 3356 gratu‘s
1275 3250 1506 3340 ederet
1535 3302 1708 3358 grave
1724 3250 2012 3342 blaesis

2129 3250 2384 3358 LiJSXPéN/"U
2419 3289 2520 3352 τῆς
2575 3280 2632 3336 δὲ
2685 3250 2873 3358 ili/exii;
2926 3250 3003 3337 τᾶιι
3056 3284 3386 3358 αἰσθητήριά
3441 3250 3542 3337 εἰσί
3585 3282 3771 3338 ταῦτα’

364 3373 743 3445 gustu,dulce
773 3377 830 3428 et
859 3389 1148 3429 amarum.
1181 3373 1243 3429 In
1274 3377 1457 3443 tactu,
1482 3375 1699 3429 durum
1730 3378 1787 3431 et
1816 3374 2012 3442 melle,

365 3461 622 3518 calidum
654 3467 710 3518 et
759 3461 1058 3534 frigidum.
1109 3463 1331 3518 Sensus
1380 3467 1579 3518 autem
1629 3465 1837 3519 animai
1876 3468 2015 3520 sunt

363 3550 463 3606 isti
499 3568 512 3619 ;
548 3550 731 3619 Mens,
767 3549 1173 3622 intelligentia,
1207 3549 1766 3624 epinio,pbantasia,
1793 3557 1851 3608 et
1881 3570 2012 3609 sen-

365 3658 489 3696 sus.
538 3639 877 3713 Diciturque
928 3637 1400 3711 uniuscujusque
1466 3657 1678 3697 sensus
1726 3658 2013 3714 organum

364 3729 720 3795 sensorium,
749 3746 815 3786 eo
847 3729 1000 3801 quod
1034 3746 1275 3785 sensum
1307 3736 1607 3786 conservet
1635 3731 1854 3786 animal
1887 3748 2016 3787 sen-

362 3820 625 3876 sitivum.
661 3818 858 3891 Operae
892 3823 1085 3874 autem
1121 3821 1375 3890 pretium
1425 3824 1514 3874 est
1552 3823 1610 3874 et
1657 3819 1768 3876 hoc
1798 3837 2013 3893 cogno-

365 3926 547 3979 scere,
581 3908 733 3982 quod
768 3905 987 3979 quaevis
1026 3924 1160 3962 caro
1213 3924 1427 3979 corpus
1476 3925 1711 3980 quoque
1759 3909 2011 3979 dicatur,

364 4016 482 4054 non
516 4001 712 4053 autem
745 3996 992 4068 quodvis
1023 4012 1236 4068 corpus
1264 3996 1495 4051 dicatur
1522 3997 1698 4053 etiam
1758 4015 1912 4054 caro.
1948 4000 2016 4055 Et

364 4103 507 4143 sane
539 4085 719 4143 stella
750 4085 1008 4141 coelestia
1040 4102 1281 4157 corpora
1311 4086 1607 4152 dicuntur,
1641 4104 1757 4143 non
1813 4092 2013 4145 tamen

362 4180 645 4231 vocantur
664 4173 925 4231 ccelestes
948 4177 1366 4246 carnes.Atque
1385 4192 1595 4248 corpus
1611 4175 1846 4247 quidem
1870 4178 2015 4235 dici-

372 4269 470 4319 tur
499 4263 811 4336 dupliciter
845 4280 856 4318 :
892 4280 1105 4336 corpus
1128 4262 1512 4331 materiale,et
1532 4282 1743 4337 corpus
1775 4266 2009 4324 subtile.

364 4355 443 4409 Ac
470 4370 684 4426 corpus
715 4352 950 4423 quidem
984 4352 1285 4408 materiale
1316 4360 1431 4416 est,
1466 4355 1623 4425 quod
1654 4355 2013 4427 deprehendi

363 4460 541 4498 manu
577 4446 785 4515 potest,
817 4446 875 4498 et
906 4442 1059 4513 quod
1093 4442 1451 4513 corruptioni
1481 4443 1771 4516 mortique
1792 4449 1882 4499 est
1910 4446 2012 4501 ob-

362 4532 624 4600 noxium;
640 4547 852 4602 corpus
864 4547 997 4587 vero
1015 4540 1186 4587 tenue
1212 4533 1484 4603 est,quod
1501 4548 1613 4587 non
1634 4533 2013 4604 comprehen-

2122 3376 2266 3441 νοῦς,
2302 3368 2530 3443 διάνοια,
2565 3368 2713 3444 δόξα,
2747 3371 3029 3448 φαντασία,
3077 3372 3168 3427 καὶ
3225 3370 3497 3443 αἶ’σθησις.
3546 3373 3771 3448 Λέγεται

2125 3460 2181 3517 δὲ
2216 3467 2340 3535 μιᾶς
2371 3462 2598 3531 ἑκάστης
2629 3461 2931 3531 αἱσθήσεως
2964 3458 3210 3535 ὄργανον,
3259 3460 3632 3537 αἰσθητήριον,
3665 3462 3771 3516 ἀπὸ

2121 3555 2218 3606 τοῦ
2246 3556 2434 3627 τηρεῖν
2465 3550 2563 3618 τὴν
2624 3548 2869 3620 αἴσθησιν
2917 3549 3229 3620 αἰσθητικὸν
3280 3551 3344 3605 τὸ
3394 3554 3549 3619 ζῶον.
3593 3556 3685 3605 Δεῖ
3715 3547 3771 3605 δὲ

2122 3642 2399 3695 καὶτοῦτο
2458 3640 2766 3715 γινώσκειν,
2815 3637 2899 3694 ὅτι
2942 3645 3087 3693 πᾶσα
3145 3639 3272 3713 σὰρξ
3327 3638 3417 3693 καὶ
3469 3644 3628 3712 σῶμα
3681 3638 3771 3696 λέ-

2123 3750 2291 3805 γεται·
2354 3728 2414 3783 οὐ
2473 3734 2577 3782 πᾶν
2638 3725 2694 3783 δὲ
2753 3732 2934 3799 σῶμα,
2983 3728 3070 3782 καὶ
3114 3728 3241 3803 σὰρξ
3272 3727 3614 3801 ὀνομάζεται.
3676 3727 3774 3783 Καὶ

2126 3821 2177 3873 οἱ
2208 3817 2445 3893 ἀστέρες,
2479 3819 2705 3891 σώματα
2737 3816 3032 3891 ἰπουράνια
3075 3815 3345 3893 λέγονται,
3406 3816 3468 3871 οὐ
3530 3819 3636 3891 μὴν
3686 3818 3777 3872 καὶ

2124 3913 2314 3984 σάρκες
2347 3905 2680 3981 ἐπουράνιοι.
2713 3906 2811 3960 Καὶ
2848 3906 2912 3960 τὸ
2947 3907 3040 3979 μὲν
3090 3910 3252 3979 σῶμα
3302 3903 3494 3968 διττῶς
3544 3903 3776 3980 εἷ’ρηται,

2125 4005 2284 4072 σῶμα
2317 3997 2524 4063 ὑλικὸν,
2582 3996 2670 4051 καί
2723 4001 2883 4068 σῶμα
2940 3994 3158 4053 λεπτόν.
3202 3995 3305 4053 Καὶ
3361 3997 3423 4051 τὸ
3457 3998 3551 4069 μὲν
3587 3994 3773 4051 ὑλικὸν

2125 4089 2284 4161 σῶμά
2316 4086 2424 4141 ἐστι
2455 4086 2518 4140 τὸ
2548 4088 2913 4159 κραττύμενον
2947 4081 3035 4140 διὰ
3066 4085 3275 4162 χειρὸς,
3311 4085 3401 4140 καὶ
3452 4090 3628 4164 φθορᾷ
3683 4088 3777 4141 καὶ

2123 4177 2331 4249 θανάτῳ
2391 4174 2766 4247 ὑποκείμενον·
2827 4178 2985 4246 σῶμα
3035 4171 3091 4229 δὲ
3135 4171 3333 4229 λεπτόν
3384 4173 3493 4229 ἐστι
3522 4174 3584 4229 τὸ
3614 4173 3776 4251 ἀκρά-

2120 4287 2284 4337 τητον
2316 4264 2407 4319 καὶ
2439 4262 2823 4341 ἀψηλάφητον,
2856 4262 2972 4316 οἷον
3004 4266 3101 4317 τοῦ
3129 4261 3318 4332 ἡλίου,
3361 4270 3463 4333 τῆς
3513 4260 3773 4338 σελήνης,

2123 4354 2349 4409 καὶτῶν
2384 4352 2640 4427 ἀστέρων⁸
2672 4351 2735 4406 τὸ
2778 4347 2836 4405 δὲ
2885 4354 3045 4423 σῶμα
3089 4348 3151 4405 τὸ
3208 4348 3358 4426 παχὺ
3414 4350 3505 4406 καὶ
3564 4350 3773 4422 ὑλικὸν,

2124 4441 2255 4515 ὅπερ
2289 4440 2502 4515 λέγεται
2532 4441 2680 4512 σὰρξ,
2716 4438 3024 4493 συνίσταται
3057 4438 3116 4493 ὲκ
3142 4443 3411 4515 τεσσαρῶν
3463 4440 3774 4515 στοιχείων,

2123 4531 2174 4605 ἐξ
2206 4529 2459 4605 α’ίματος,
2493 4528 2552 4585 ἐκ
2582 4527 2923 4606 φλέγματος,
2954 4526 3013 4581 ἐκ
3040 4532 3247 4603 χυμοῦ,
3277 4527 3367 4582 καὶ
3397 4535 3602 4604 χολῆς,
3633 4530 3667 4599 ἦ
3697 4530 3775 4594 ὡς

363 4623 445 4691 di,
475 4622 561 4677 vel
594 4621 757 4691 tangi
790 4623 1072 4691 potest,ut
1099 4624 1191 4676 est
1212 4619 1554 4691 sol,luna,et
1577 4620 2014 4695 stellae.Corpus

2129 4619 2176 4691 ἐξ
2235 4618 2415 4694 ἀέρος,
2473 4626 2605 4694 γῆς,
2662 4616 2853 4691 πυρὸς,
2909 4616 3000 4670 καὶ
3068 4612 3281 4678 ὓδατος
3358 4618 3655 4687 τουτέστιν,
3718 4617 3779 4674 ἐκ

359 4715 555 4765 autem
587 4726 852 4765 crassum
882 4712 937 4762 et
969 4708 1289 4775 materiale,
1323 4709 1476 4781 quod
1511 4727 1643 4765 caro
1676 4711 1911 4779 dicitur,
1945 4729 2014 4767 ex

364 4800 518 4855 I99
549 4801 806 4870 quatuor
847 4797 1153 4853 elementis
1198 4803 1447 4867 constat,
1494 4799 1801 4871 sanguine,
1850 4801 2011 4873 phle-

363 4893 583 4962 gmata,
613 4887 880 4955 humore,
914 4891 972 4941 et
1001 4884 1118 4942 bile
1153 4904 1166 4942 :
1200 4886 1490 4957 videlicet,
1536 4904 1604 4943 ex
1634 4905 1785 4959 aere,
1834 4895 2009 4963 terra,

363 4978 499 5049 igne
532 4979 588 5031 et
618 4992 771 5046 aqua
804 4991 817 5031 :
858 4973 965 5029 hoc
995 4980 1085 5030 est
1110 4991 1177 5029 ex
1209 4974 1419 5043 calido,
1455 4975 1937 5047 frigido,bumido
1958 4989 2012 5035 et

361 5065 533 5123 sicco.
569 5064 686 5133 Sel,
720 5063 972 5119 calidum
1008 5068 1063 5120 et
1089 5062 1262 5119 vitale
1294 5064 1683 5134 elementum;
1716 5084 1834 5137 aer,
1867 5068 2011 5124 cali-

362 5157 504 5212 dum
538 5158 595 5209 et
623 5152 936 5208 humidum
974 5169 987 5218 ;
1018 5151 1422 5219 terra,siccum
1454 5171 1467 5222 ;
1502 5171 1668 5225 aqua:
1695 5156 2008 5215 humidum

2124 4712 2350 4782 Θερμοῦ,
2381 4707 2470 4763 καὶ
2501 4711 2743 4784 ψυχροῦ,
2775 4705 2863 4760 καὶ
2898 4707 3081 4781 ὑγροῦ,
3126 4706 3214 4761 καὶ
3271 4707 3457 4781 ξηροῦ.
3507 4709 3564 4761 Ὀ
3611 4705 3775 4777 ἥλιος

2085 4802 2181 4855 ’τὸ
2214 4801 2410 4875 θερμὸν
2470 4798 2559 4853 καὶ
2621 4796 2846 4866 ζωτικὸν
2899 4802 3190 4872 στοιχεῖον·
3253 4799 3280 4853 ὁ
3326 4798 3431 4872 ἀήρ
3461 4798 3524 4852 τὸ
3575 4799 3772 4873 θερμὸν

2121 4891 2210 4944 καὶ
2246 4890 2429 4965 ὑγρόν’
2464 4889 2499 4957 ἠ
2548 4890 2618 4963 γῆ
2666 4887 2728 4942 τὸ
2781 4886 2965 4962 ξηρόν
3008 4886 3076 4941 τὰ
3124 4884 3290 4942 ὕδατα
3318 4888 3381 4941 τὸ
3414 4886 3574 4963 ὑγρὸν
3628 4910 3774 4942 στοι-

2120 4985 2272 5055 χεῖον
2303 4978 2494 5056 τίκτει.
2526 4977 2710 5032 Ταῦτά
2758 4975 2913 5047 εἰσιν,
2945 4974 2994 5049 ἐξ
3049 4977 3122 5030 ὧν
3156 4977 3470 5046 συνέστηκεν
3505 4978 3532 5031 ὁ
3566 4975 3775 5052 ἅνθρω-

2120 5090 2245 5136 πος,
2281 5062 2584 5140 μᾶλλονδὲ
2614 5065 2647 5133 ἠ
2708 5064 2834 5141 σὰρξ
2876 5068 2972 5119 τοῦ
3021 5064 3330 5138 ἀνθρώπου·
3391 5061 3474 5119 διὸ
3521 5066 3605 5119 καὶ
3640 5065 3775 5139 μετά

2121 5160 2344 5213 Θάνατον
2378 5154 2541 5209 πάλιν
2575 5154 2651 5217 εἱς
2682 5152 2816 5208 αὐτὰ
2844 5152 3146 5208 ἀναλύεται.

362 5245 717 5301 elementum
755 5242 1012 5315 pariunt.
1048 5246 1240 5312 Atque
1270 5242 1391 5297 113:6
1425 5248 1587 5313 sunl,
1616 5262 1683 5300 ex
1716 5247 1933 5317 quibus
1964 5256 2196 5310 constat
2226 5246 2546 5316 homo,imo
2579 5245 2776 5317 potius
2805 5242 3063 5300 hominis
3085 5260 3257 5311 caro;
3292 5243 3420 5300 ideo
3452 5251 3584 5316 post
3614 5263 3774 5303 mor-

359 5340 473 5390 tem
509 5334 567 5388 iu
597 5349 665 5388 ea
696 5350 903 5388 rursus
934 5329 1262 5387 resolvitur.

850 5429 995 5485 Vlll.
1033 5434 1109 5486 De
1138 5430 1508 5500 corruptibili.

432 5523 580 5589 Quid
603 5525 693 5579 est
722 5517 1124 5591 eorruptibile,
1156 5519 1312 5574 unde
1343 5518 1591 5592 dictum,
1623 5525 1680 5579 et
1710 5529 1852 5595 quot
1881 5544 2007 5584 mo-

362 5610 454 5666 dis
484 5609 700 5670 dicitur
716 5609 744 5666 ?

426 5728 472 5766 ⁷ο
498 5725 746 5784 Malach.
776 5742 840 5797 ιι,
870 5726 928 5784 6.

2644 5431 2785 5485 X111.
2822 5427 2950 5502 Περὶ
2983 5433 3244 5505 φθαρτοῦ.

2190 5524 2258 5583 Τί
2286 5523 2398 5579 ἐστι
2426 5519 2697 5599 φθαρτόνς
2731 5517 2821 5572 καὶ
2870 5518 3006 5571 κατά
3032 5515 3085 5571 τί
3133 5516 3345 5591 εἴρηται
3378 5519 3647 5597 φθαρτόν;
3681 5522 3772 5575 καὶ

2122 5615 2342 5689 ὁσαχῶς
2375 5608 2585 5689 εἷ’ρηται
2616 5606 2875 5689 φθαρτόν
