4132 6386
299 390 410 450 549

363 521 464 577 Καὶ
494 517 709 596 εἷ’ρηται
763 517 858 590 μὲν
909 515 1142 594 φθαρτὸν
1196 513 1431 585 δισσῶς,
1486 520 1813 590 σωματικῶς
1862 515 1951 570 καὶ
1988 523 2038 585 Α

299 613 558 686 ψυχικῶς.
595 607 700 664 Καὶ
751 609 1006 682 ψυχικῶς
1062 606 1180 678 μὲν,
1233 603 1358 660 ὅταν
1407 626 1490 666 τις
1533 606 1835 680 ἁμαρτάνῃ,
1870 603 1958 658 λέ-

299 720 436 775 γεται
494 698 625 753 εἶναι
687 693 1126 773 διεφθαρμένος,
1183 695 1364 758 καθὼς
1425 695 1575 768 Λέγει
1635 695 1668 763 ἠ
1722 695 1904 772 Γραφή
1946 726 1959 738 -

307 812 331 839 ‹‹
386 788 751 865 Διεφθάρησαν
812 784 904 839 καὶ
976 778 1390 859 ἐϐδελύχθησαν
1455 782 1504 837 έν
1566 783 1819 856 ἀνομίαις
1856 803 1867 815 ·
1932 806 1958 834 ››

305 882 614 953 σωματικῶς
676 874 734 931 δὲ
794 875 1008 951 λέγεται
1068 875 1300 950 τρισσῶς
1336 894 1349 907 ·
1413 874 1634 951 φθορὰ,
1697 872 1961 951 διαφθορὰ

307 968 390 1022 καὶ
443 966 781 1043 καθαφθορά.
837 963 934 1018 Καὶ
995 963 1172 1040 φθορᾶ
1235 963 1327 1034 μὶν
1391 961 1609 1038 λέγεται
1664 963 1726 1016 τὸ
1783 983 1960 1037 χωρι-

310 1061 490 1122 σθῆναι
526 1056 685 1129 μόνον
720 1056 821 1122 τὴν
861 1052 1048 1128 ψυχὴν
1085 1051 1145 1106 ἐκ
1190 1057 1288 1106 τοῦ
1337 1052 1590 1125 σώματος
1635 1052 1723 1106 καὶ
1757 1052 1957 1106 ἀποθα-

308 1152 427 1201 νεῖν·
464 1143 724 1223 διαφθορᾶ
773 1141 830 1197 δέ
885 1141 1051 1210 ἐστιν,
1103 1139 1228 1195 ὅταν
1279 1142 1341 1196 τὸ
1396 1146 1555 1215 σῶμα
1608 1143 1796 1217 βρωθῇ
1855 1142 1958 1195 ὑπὸ

312 1239 412 1289 τῶν
443 1232 760 1304 σκωλήκων,
791 1231 881 1286 καὶ
938 1229 1078 1304 μόνα
1127 1229 1529 1308 καταλειφθῶσι
1571 1231 1636 1285 τὰ
1668 1229 1816 1285 ὀστᾶ.
1853 1237 1957 1283 Κα-

315 1323 546 1400 ταφθορὰ
570 1321 804 1398 λέγεται,
837 1320 962 1375 ὅταν
1019 1323 1231 1374 σαπῶσι
1261 1319 1349 1374 καὶ
1383 1319 1518 1374 αὐτὰ
1562 1320 1630 1374 τὰ
1682 1318 1832 1382 ὀστᾶ,
1865 1318 1954 1373 καὶ

324 1410 681 1482 δαπανηθῶσι,
735 1411 823 1465 καὶ
881 1409 956 1471 εἷς
1018 1412 1093 1482 μή
1157 1409 1215 1464 ὃν
1287 1409 1591 1485 χωρήσωσι
1649 1408 1952 1471 παντελῶς.

325 1503 492 1558 Τοῦτο
529 1501 625 1576 γὰρ
675 1498 906 1574 λέγομεν
954 1497 1039 1553 καὶ
1088 1499 1215 1575 περί
1255 1496 1352 1553 τοῖ’)
1405 1496 1609 1573 Κυρίου
1658 1498 1819 1570 ἡμῶν
1856 1499 1957 1568 Ἰη-

329 1593 421 1644 σοῦ
475 1592 732 1665 Χριστοῦ,
792 1587 870 1643 ὅτι
927 1587 1128 1666 φθορὰν
1190 1587 1360 1660 μόνην
1421 1585 1652 1660 ἐδέξατο·
1709 1585 1958 1652 τουτέστι

330 1676 567 1741 θάνατον,
619 1677 913 1754 Διαφθοράν
969 1673 1026 1730 δὲ
1083 1676 1118 1746 ἢ
1173 1677 1513 1754 καταφθορὰν
1572 1675 1634 1731 τὸ
1689 1675 1952 1751 πανάγιον

324 1767 477 1820 αὑτοῦ
505 1769 653 1838 σῶμα
702 1764 846 1828 ὅλως
897 1765 996 1819 οὐκ
1041 1763 1274 1835 ἐδέξατο,
1324 1765 1517 1835 ἀνέστη
1571 1763 1628 1821 δὲ
1656 1767 1955 1840 τριήμερος

318 1853 645 1930 πρωτότοκος
675 1855 972 1930 γενόμενος
1006 1854 1066 1911 ἐκ
1090 1861 1198 1910 τῶν
1222 1856 1450 1932 νεκρῶν.

614 2072 709 2128 ΙΧ.
744 2070 842 2124 Διὰ
886 2069 938 2124 τί
987 2067 1198 2146 λέγεται
1229 2069 1578 2146 πρωτότοκος
1611 2089 1624 2140 ;

373 2177 512 2233 Διότι
545 2178 739 2247 ἀνέστη
772 2182 990 2251 πρῶτος
1024 2175 1081 2231 ἐκ
1125 2181 1222 2232 τοῦ
1255 2174 1408 2247 ᾇδου,
1440 2177 1621 2240 καθὼς
1663 2178 1754 2232 καὶ
1787 2179 1950 2252 ἡμεῖς

307 2265 576 2340 μέλλομεν
628 2266 939 2322 ἀνίστασθαι
999 2265 1050 2320 ἐν
1098 2269 1167 2340 τῇ
1218 2263 1436 2342 δευτίρᾳ
1490 2286 1785 2342 παρουσιᾳ.
1853 2267 1951 2321 Καὶ

301 2355 410 2410 ἐπεὶ
439 2356 632 2426 ἀνέστη
696 2356 803 2432 πρὸ
835 2354 1041 2410 ἑκείνου
1073 2355 1101 2409 6
1144 2355 1384 2431 Λάζαρος
1432 2354 1522 2410 καὶ
1570 2360 1666 2410 τοῦ
1721 2356 1950 2428 Ἰαείρου

303 2444 555 2520 θυγάτηρ,
591 2444 682 2500 καὶ
713 2442 878 2499 ἄλλοι
927 2443 1153 2516 πολλοὶ,
1202 2441 1291 2498 διὰ
1319 2444 1371 2498 τί
1418 2443 1517 2499 οὐκ
1546 2443 1752 2516 ἐκλήθη
1787 2466 1870 2508 τις
1902 2445 1952 2516 ἰξ

302 2533 468 2588 αὐτῶν
495 2532 855 2609 πρωτότοκος
891 2553 904 2601 ;
938 2533 1086 2588 Διότι
1134 2532 1329 2588 ἐκεῖνοι
1383 2534 1700 2596 ἀναστάντες
1748 2533 1808 2589 ἐκ
1843 2540 1950 2590 τῶν

300 2628 492 2697 νεκρῶν
544 2622 712 2678 πάλιν
758 2623 1043 2680 ἀπέθανον.
1078 2623 1137 2680 Ὀ
1184 2621 1241 2677 δὲ
1272 2623 1525 2700 Φριστὸς,
1570 2623 1820 2694 ἀναστὰς,
1857 2623 1954 2678 οὐκ

300 2709 373 2765 ἔτι
425 2712 681 2767 ἀπέθανε.
745 2711 843 2766 Καὶ
901 2710 1033 2785 ὅπερ
1092 2709 1172 2789 ἐφ’
1228 2712 1390 2784 ἡμῶν
1447 2713 1727 2788 γενήσεται
1784 2712 1836 2766 έν
1881 2715 1951 2786 τῇ

300 2800 606 2868 ἀναστάσει,
653 2805 816 2855 τοῦτο
863 2799 1048 2876 γέγονε
1096 2801 1185 2854 καὶ
1235 2799 1318 2855 ἐπ’
1359 2800 1544 2858 αὐτοῦ.
1597 2803 1819 2876 Πρῶτος
1850 2802 1952 2878 γὰρ

299 2887 357 2943 ἐκ
401 2895 510 2944 τῶν
563 2894 769 2962 νεκρῶν
818 2890 1004 2960 ἀνέστη
1052 2891 1152 2959 τὴν
1204 2888 1255 2944 ἐν
1307 2889 1573 2966 ἀφθαρσίᾳ
1621 2889 1905 2945 ἀνάστασιν
1937 2934 1950 2961 ,

297 2980 362 3047 ἧς
407 2979 497 3033 καὶ
541 2979 710 3051 ἡμεῖς
758 2983 894 3033 κατᾶ
937 2977 1000 3032 τὸ
1054 2977 1258 3050 μέλλον
1300 2977 1594 3052 ἐλπίζομεν
1645 2979 1954 3036 ἀπολαύσα-

300 3078 437 3138 σθαι,
469 3069 538 3137 ἣν
573 3068 650 3141 μή
683 3064 991 3142 διαδέχεται
1024 3068 1268 3131 θάνατος.

650 3363 712 3419 Χ.
750 3361 818 3420 Τί
849 3359 959 3417 ἐστι
993 3358 1180 3438 λόγος,
1211 3362 1298 3418 καὶ
1331 3363 1360 3417 6
1391 3361 1555 3440 λόγος
1589 3383 1601 3433 ;

368 3469 604 3548 Εἴρηται
661 3470 755 3542 μὲν
807 3469 835 3523 ὁ
881 3467 1047 3546 λόγος
1091 3473 1324 3546 τριχῶς·
1375 3467 1544 3546 λόγος
1593 3469 1874 3542 ἰνούσιος,
1926 3473 1954 3528 6

301 3560 428 3622 Θεὸς
463 3558 668 3635 Λόγος,
715 3557 878 3634 λόγος
927 3555 1250 3628 ἐνδιάθετος,
1287 3561 1315 3614 6
1362 3564 1470 3616 τῶν
1503 3559 1778 3638 ἀγγέλων,
1804 3563 1895 3618 καὶ
1926 3563 1954 3616 6

303 3647 353 3702 ἐν
383 3652 451 3722 τῇ
485 3647 731 3722 ἡμετέρᾳ
762 3642 968 3719 διανοίᾳ
1015 3645 1360 3720 λαλούμενος
1407 3645 1597 3722 λόγος·
1629 3649 1718 3704 καὶ
1767 3650 1796 3704 6
1825 3669 1958 3723 προσ

304 3738 547 3814 φορικὸς,
609 3738 636 3791 6
697 3733 787 3790 διὰ
838 3739 940 3801 τῆς
993 3733 1290 3810 γλώττης,
1351 3736 1408 3799 ὃς
1467 3735 1675 3813 λέγεται
1717 3737 1954 3814 ἄγγελος

307 3829 598 3900 νοήματος.
629 3823 805 3902 Κόγος
837 3821 894 3879 δὲ
927 3821 1139 3900 εἷ’ρηται
1167 3823 1225 3880 ἐκ
1253 3829 1349 3880 τοῦ
1382 3824 1583 3902 λέγειν.

746 4042 840 4098 XI.
879 4041 940 4095 Τί
981 4039 1090 4096 ἔστι
1122 4041 1444 4115 Χριστιανός
1471 4063 1494 4111 ,-

387 4148 698 4223 Χριστιανός
747 4147 886 4204 ἐστιν
938 4146 1194 4217 ἀληθινὸς
1226 4147 1377 4210 οἶκος
1428 4150 1662 4222 Χριστοῦ
1706 4147 1954 4225 λογικὸς,

317 4233 391 4290 δι’
439 4233 608 4311 ἔργων
654 4237 861 4312 ἀγαθῶν
911 4237 1000 4293 καὶ
1051 4235 1340 4312 δογμάτων
1402 4237 1578 4314 ὀρθῶν
1637 4241 1956 4314 συνιστάμε-

312 4345 427 4388 νος.

380 4416 664 4491 Αἱρετικὸς
737 4415 795 4473 δέ
877 4417 986 4474 ἐστι
1065 4417 1403 4497 συκοφάντης
1477 4419 1566 4474 καὶ
1649 4421 1960 4496 κατήγορος

306 4504 588 4576 ἀληθείας.
627 4504 835 4579 Δ⁹ίρεσις
891 4509 925 4577 ἠ
985 4506 1191 4582 ψευδὴς
1256 4508 1531 4582 ὑπόληψις
1585 4513 1683 4564 τοῦ
1738 4511 1813 4583 μή
1870 4506 1960 4564 ὄν-

301 4615 419 4658 τος.

379 4685 675 4760 Ἀτρεπτόν
711 4686 821 4742 ἐστι
850 4686 913 4742 τὸ
944 4687 1026 4741 ἀεὶ
1057 4685 1315 4749 ὡσαύτως
1349 4685 1503 4762 ἔχον.

381 4775 615 4830 Φυσιγόν
649 4775 761 4831 ἐστι
792 4777 853 4830 τὸ
884 4776 936 4830 ἐν
965 4775 1034 4850 τῇ
1066 4773 1219 4853 φύσει
1261 4775 1530 4849 κείμενον,
1561 4776 1597 4846 ἢ
1627 4776 1691 4830 τὸ
1743 4775 1962 4846 ἀληθῶς

301 4863 509 4935 ἀληθὲς
537 4865 775 4942 γνωριζό
785 4885 962 4938 μενον.

382 4954 538 5020 [Ιαρά
587 4951 742 5030 φύσιν
794 4952 957 5021 ἐστὶν,
992 4953 1020 5007 ’ὁ
1053 4954 1082 5006 6
1112 4953 1242 5014 Θεὸς
1294 4953 1401 5028 οὐχ
1450 4952 1594 5007 οὕτω
1641 4953 1960 5025 πεποίηκεν,

302 5042 341 5111 ἢ
375 5041 510 5116 ὅπερ
543 5039 690 5103 ὅλως
725 5041 787 5095 οὐ
816 5041 1135 5114 πεποίηκεν,
1183 5040 1296 5094 οἶόν
1349 5040 1489 5096 ἐστιν
1521 5042 1554 5110 ἠ
1591 5041 1828 5116 ἀμαρτία
1872 5041 1963 5097 καὶ

305 5132 336 5184 6
369 5132 619 5192 θάνατος.

379 5219 523 5291 Τρία
569 5219 702 5296 φησὶ
746 5222 814 5274 τὰ
857 5218 1170 5292 λαλούμενα
1219 5219 1270 5274 ἐν
1322 5218 1669 5295 ἀνθρώποις·
1722 5220 1784 5272 τὸ
1831 5217 1967 5273 κατᾶ

303 5307 490 5388 φύσιν,
539 5308 602 5362 τὸ
650 5309 794 5383 παρά
838 5309 1014 5387 φύσιν,
1056 5309 1144 5363 καὶ
1194 5310 1254 5362 τὸ
1300 5309 1432 5383 ὑπὲρ
1482 5309 1654 5386 φύσιν.
1701 5307 1802 5364 Καὶ
1832 5307 1968 5362 κατὰ

301 5397 469 5473 φύσιν
533 5397 627 5470 μὶν
688 5395 828 5452 ἔστιν
869 5399 897 5451 ὁ
947 5399 1144 5472 γάμος·
1206 5397 1349 5471 παρὰ
1404 5397 1560 5474 φὸσιν
1621 5398 1655 5466 ἡ
1717 5395 1964 5470 πορνεία·

381 5554 427 5590 τί
460 5553 618 5611 Psal.
649 5570 773 5626 xm,
808 5555 859 5608 1.

383 5707 499 5782 (33)
532 5707 635 5764 His
665 5706 885 5766 similia
914 5707 1180 5780 quaedam
1211 5707 1580 5766 habenturin
1606 5709 1734 5766 cod.
1767 5705 1929 5767 Colb.
1959 5705 2120 5768 4753.

1474 383 1708 446 LIBER
1750 385 1852 444 DE
1897 384 2563 450 DEFINI’I‘IONIBUS.

1967 4633 2014 4700 D

3598 397 3721 458 550

2149 519 2463 590 Dupliciter
2511 523 2890 594 eurruptibile
2958 524 3189 594 dicitur,
3242 528 3617 598 corporaliter
3665 535 3722 585 et

2073 607 2280 679 spiritu
2292 609 2563 666 nlitcr.Ac
2587 613 2794 682 spiritu
2807 613 2970 667 aliter
2983 615 3378 684 quidem,cum
3398 618 3726 689 peccaverit

2073 699 2228 768 quis,
2259 698 2474 753 dicitur
2505 716 2634 756 esse
2666 706 3000 773 corruptus,
3053 707 3546 775 quemadmodum
3581 709 3724 764 dicit

2070 786 2371 857 Scriptura
2407 804 2419 842 :
2455 811 2483 838 «
2517 791 2784 862 Corrupti
2834 797 2974 846 sunt
3021 800 3075 847 et
3125 793 3551 850 abominabiles
3583 797 3721 852 facti

2071 883 2211 929 sunt
2240 877 2300 932 in
2326 877 2737 948 iniquitatibus
2768 881 2834 935 τί.
2871 901 2898 929 ››
2932 881 3317 950 Corporaliter
3346 900 3478 938 vero
3518 900 3718 941 corru-

2070 963 2274 1034 ptibile
2305 967 2496 1022 tribus
2529 968 2717 1022 modis
2748 969 2964 1023 dicitur
2997 986 3007 1022 :
3043 969 3645 1043 interitus,rorruptio
3664 979 3722 1028 et

2069 1055 2464 1126 consumptio.
2501 1056 2778 1111 Interitus
2811 1059 3047 1126 dicitur,
3085 1057 3209 1112 sola
3242 1061 3451 1114 animae
3481 1078 3720 1132 separa-

2067 1141 2148 1196 tio
2181 1159 2213 1196 a
2238 1159 2477 1214 corpore
2507 1150 2564 1199 et
2595 1162 2774 1200 mors.
2807 1146 3113 1218 Corruptio
3153 1163 3288 1201 vero
3321 1155 3431 1212 est,
3483 1152 3721 1219 quando

2067 1246 2280 1301 corpus
2311 1248 2346 1286 a
2371 1233 2667 1288 vermibus
2699 1235 3110 1301 corroditur,et
3142 1236 3513 1293 solummodo
3544 1239 3720 1294 relin-

2067 1325 2329 1390 quuntur
2363 1337 2518 1377 ossa.
2542 1323 2922 1396 Consumptio
2952 1330 3146 1380 autem
3175 1330 3720 1396 vocantur,quando

2067 1412 2414 1478 putrescunt
2467 1411 2599 1483 ipsa
2678 1429 2908 1484 quoque
2964 1430 3098 1467 ossa
3175 1420 3230 1467 et
3304 1415 3716 1484 absumuntur,

2067 1498 2425 1570 abeuntque,
2457 1517 2563 1555 nec
2596 1501 2853 1573 amplius
2883 1507 3130 1557 exstant.
3166 1503 3284 1557 Hoc
3314 1504 3470 1558 enim
3504 1505 3574 1560 de
3605 1510 3718 1560 Do-

2068 1586 2226 1642 mino
2258 1593 2456 1644 nostro
2506 1589 2644 1644 Jesu
2696 1589 2922 1645 Christo
2971 1607 3202 1662 quoque
3252 1591 3524 1662 dicimus,
3559 1595 3714 1661 quod

2065 1676 2368 1732 interitum
2428 1682 2662 1734 tantum
2697 1679 2960 1734 subierit.
2998 1680 3054 1733 ld
3086 1687 3175 1734 est
3205 1686 3470 1735 mortem.
3504 1687 3712 1736 Corru-

2067 1766 2326 1837 ptionem
2377 1784 2510 1822 vero
2563 1773 2664 1822 aut
2711 1769 3218 1840 consumptionem
3271 1779 3710 1827 sacrosanctum

1986 1890 2032 1955 Β
2068 1855 2196 1925 ejus
2240 1871 2453 1926 corpus
2489 1857 2828 1928 neutiquam
2875 1858 3178 1925 sustinuit,
3229 1859 3329 1913 sed
3397 1862 3715 1916 resurrexit

2063 1944 2155 1998 die
2186 1945 2357 2000 tertia
2388 1946 2816 2017 primogenitus
2851 1947 3040 2002 factus
3070 1963 3138 2001 ex
3171 1947 3442 2004 mortuis.

2377 2071 2470 2124 IX.
2506 2074 2693 2143 Quare
2721 2071 2928 2126 dicitur
2955 2073 3356 2142 primogenitae
3379 2075 3404 2125 .9

2134 2176 2212 2231 Eo
2246 2178 2400 2248 quod
2427 2178 2656 2248 primus
2687 2179 2757 2233 ab
2799 2177 3002 2233 inferis
3053 2181 3454 2250 resurrexerit,
3506 2198 3711 2253 quem-

2063 2266 2383 2320 admodum
2415 2267 2591 2322 etiam
2626 2285 2730 2322 nos
2773 2283 3150 2339 resurgemus
3199 2267 3258 2321 in
3309 2271 3566 2325 secundo
3610 2270 3715 2325 ad-

2062 2355 2415 2420 ventu.Quia
2447 2360 2642 2411 autem
2676 2360 2808 2410 ante
2839 2355 3004 2410 illum
3042 2358 3288 2412 Lazarus
3320 2365 3716 2414 resurrexerat

2063 2449 2121 2498 et
2147 2444 2286 2498 Jairi
2320 2444 2459 2514 tilia,
2494 2444 2785 2516 multique
2817 2445 2937 2514 alii,
2972 2462 3149 2515 quare
3190 2463 3305 2502 non
3336 2445 3570 2501 illorum
3606 2447 3712 2502 ιιιὶ-

2063 2530 2197 2601 quis
2227 2532 2656 2605 primogenitus
2691 2540 2930 2589 vocatus
2962 2539 3054 2590 est
3085 2534 3240 2606 (33)?
3274 2536 3419 2601 Quia
3465 2534 3549 2591 illi
3581 2541 3716 2608 post

2063 2622 2554 2678 resurrectionem
2604 2640 2774 2677 suam
2825 2641 2854 2678 ο
2896 2625 3168 2691 mortuis,
3235 2642 3444 2681 rursus
3493 2627 3713 2681 mortui

2063 2713 2221 2765 sunt.
2254 2710 2520 2766 Christus
2553 2718 2748 2767 autem
2782 2716 3092 2782 postquam
3126 2715 3570 2770 resurrexitnon
3595 2733 3716 2770 am-

2061 2797 2216 2868 plius
2235 2803 2326 2853 est
2355 2804 2645 2868 mortuus,
2680 2801 2781 2855 sed
2813 2801 2963 2870 quod
2997 2801 3054 2854 in
3086 2802 3509 2859 resurrectione
3543 2803 3712 2859 nobis

2061 2887 2304 2958 eveniet,
2334 2887 2391 2942 id
2417 2888 2529 2960 ipsi
2553 2890 2679 2959 jam
2713 2888 2977 2961 contigit.
3016 2889 3164 2944 Nam
3195 2891 3424 2960 primus
3456 2909 3523 2947 ex
3555 2910 3709 2947 mor-

2064 2977 2179 3032 tuis
2206 2992 2272 3032 ea
2303 2977 2726 3032 resurrectione
2760 2978 3096 3046 resurrexit,
3130 2995 3258 3050 qua;
3292 2985 3380 3034 est
3426 2981 3486 3035 in
3518 2981 3711 3037 incor-

2060 3063 2469 3136 ruptibilitate,
2501 3066 2670 3136 cujus
2703 3082 2807 3122 nos
2844 3083 3076 3138 quoque
3107 3083 3411 3139 speramus
3432 3069 3488 3125 in
3515 3070 3709 3126 futuro

2057 3152 2368 3225 participes
2401 3154 2541 3222 fore,
2575 3170 2755 3226 quam
2797 3154 3286 3212 resurrectionem
3344 3157 3508 3214 nulla
3550 3176 3709 3216 mors

1978 3262 2021 3330 α
2059 3242 2314 3314 amplius
2343 3248 2640 3314 sequetur.

2215 3365 2280 3422 Χ.
2317 3367 2466 3439 Quid
2498 3371 2576 3423 est
2607 3367 2850 3436 verbum,
2882 3377 2934 3425 et
2961 3379 3087 3441 quo:
3115 3371 3289 3427 modis
3320 3373 3550 3428 dicitur.

2134 3473 2392 3530 Verbum
2414 3475 2630 3530 dicitur
2660 3475 2970 3547 tripliciter
2991 3495 3003 3532 :
3025 3478 3266 3534 verbum
3300 3479 3715 3552 substantiale,

2067 3563 2223 3634 quod
2255 3566 2344 3618 est
2373 3563 2526 3620 Deus
2577 3563 2830 3620 Verbum
2859 3582 2872 3631 ;
2905 3567 3148 3621 verbum
3195 3569 3514 3638 internum,
3563 3572 3717 3640 quod

2065 3656 2156 3708 est
2184 3651 2551 3725 angelorum,
2585 3657 2640 3708 et
2661 3654 2814 3723 quod
2843 3653 2901 3709 in
2936 3660 3130 3711 mente
3162 3661 3364 3712 nostra
3396 3657 3716 3730 loquimur;

2065 3741 2309 3798 verbum
2360 3742 2810 3814 enuntiativum,
2855 3744 3005 3813 quod
3067 3745 3410 3802 enuntiatur
3459 3764 3560 3819 per
3599 3749 3718 3806 lin-

2064 3846 2258 3899 guam,
2294 3831 2446 3901 quod
2495 3831 2713 3886 mentis
2763 3831 3010 3888 nuntius
3058 3849 3287 3906 quoque
3333 3835 3565 3891 dicitur.
3621 3838 3715 3892 Di-

2069 3924 2228 3975 ctum
2260 3925 2350 3975 est
2381 3923 2579 3976 autem
2613 3921 2890 3987 Verbum,
2927 3938 3028 3978 seu
3060 3923 3304 3992 dictum,
3363 3941 3397 3979 a
3447 3927 3714 3981 dicendo.

2480 4043 2577 4099 XI.
2612 4044 2750 4113 Quid
2780 4050 2860 4102 est
2890 4045 3245 4103 Christianus
3275 4051 3302 4102 ?

2096 4179 2098 4184 -
2139 4149 2511 4206 Christianus
2554 4157 2644 4206 est
2683 4167 2820 4207 vera
2880 4153 3093 4209 domus
3133 4155 3346 4210 Christi
3394 4155 3716 4226 rationalis,

2068 4253 2173 4310 per
2203 4239 2356 4294 bona
2383 4254 2552 4294 ocera
2581 4244 2635 4294 et
2667 4250 2823 4295 recta
2854 4241 3131 4313 dogmata
3161 4249 3518 4300 constructa.

2143 4416 2254 4488 (34)
2285 4417 2601 4474 Haereticus
2648 4423 2843 4474 autem
2889 4423 2998 4486 est,
3052 4421 3413 4492 sycophanta
3461 4427 3517 4479 et
3547 4441 3717 4480 accu-

2071 4513 2230 4563 sator
2275 4508 2556 4564 veritatis.
2625 4507 2889 4577 Haaresis,
2941 4507 3091 4565 falsa
3139 4511 3334 4582 opinio
3383 4513 3511 4583 ejus
3561 4515 3716 4584 quod

2072 4613 2188 4652 non
2221 4603 2330 4651 est.

2141 4685 2514 4742 Immutabile
2543 4691 2651 4758 est,
2686 4689 2840 4759 quod
2871 4703 2932 4744 se
2967 4705 3200 4760 semper
3219 4689 3491 4747 similiter
3519 4693 3715 4749 habet.

2145 4775 2416 4832 Naturale
2445 4781 2553 4842 est,
2587 4777 2738 4846 quod
2773 4777 2831 4832 iu
2867 4784 3078 4833 natura
3109 4778 3292 4834 situm
3327 4782 3531 4847 est,vel
3563 4784 3718 4854 quod

2073 4880 2202 4920 vere
2234 4881 2435 4919 verum
2472 4865 2812 4936 cognoscitu
2825 4885 2868 4920 r.

2145 4953 2357 5009 Praeter
2387 4960 2657 5010 naturam
2694 4961 2804 5021 est,
2843 4958 2995 5026 quod
3034 4957 3188 5013 Deus
3221 4976 3334 5013 non
3368 4959 3447 5015 ita
3479 4961 3728 5027 fecit,vel

2075 5043 2230 5114 quod
2263 5041 2500 5096 omnino
2537 5059 2649 5097 non
2685 5045 2842 5106 fecit,
2878 5045 3079 5115 qualia
3132 5054 3273 5102 sunt
3320 5055 3624 5118 peccatum
3674 5058 3732 5106 et

2075 5147 2256 5186 mors.

2142 5219 2277 5275 Tria
2298 5229 2456 5286 sunt,
2485 5237 2613 5292 quis
2644 5222 2716 5275 de
2752 5221 3092 5278 hominibus
3113 5225 3504 5294 praedicantur
3530 5242 3540 5278 :
3569 5229 3726 5296 quod

2082 5309 2238 5365 200
2268 5309 2594 5363 secundum
2631 5312 3082 5381 naturam,quod
3117 5315 3325 5382 praeter
3348 5317 3615 5367 naturam
3640 5321 3731 5371 est

2077 5402 2136 5453 et
2164 5397 2319 5467 quod
2367 5413 2547 5468 supra
2595 5402 2888 5454 naturam.
2936 5400 3269 5456 Secundum
3323 5403 3593 5457 naturam
3642 5409 3732 5460 est

2198 5707 2308 5780 (34)
2343 5705 2472 5765 Haec
2501 5711 2560 5766 et
2588 5706 2806 5765 similia
2835 5707 2896 5764 in
2928 5707 3055 5764 eod.
3088 5705 3221 5782 cod,
