4132 6378
328 405 446 464 553

1359 395 1751 462 DOC’I‘RINA
1793 399 1898 459 AD
1943 397 2405 461 ANTIOCHUM
2455 399 2745 461 DUCEM.

3631 411 3756 469 554

327 535 469 608 παρὰ
502 538 607 602 τῆς
641 527 940 604 πυρώδους
987 531 1174 602 ψυχῆς
1219 528 1642 604 ἐκπυροόμενος,
1685 527 1981 586 ἀπόλλυται

2107 530 2239 586 dem
2271 529 2632 587 dissolvitur.
2667 532 2746 585 Ad
2777 534 3046 588 eumdem
3083 537 3321 591 modum
3346 537 3460 594 olla
3492 542 3755 612 corporis

326 621 656 680 παντάπασιν
667 663 679 675 .

397 799 470 858 Ei’
491 821 628 855 ποτε
657 797 718 854 δέ
776 819 864 853 σοι
910 797 1036 871 περὶ
1088 798 1185 865 τῆς
1233 799 1420 872 ψυχῆς
1451 818 1533 859 τις
1585 792 1986 874 ἀμφισὸητοίη,

333 890 606 967 ἐρώτησον
639 887 824 944 αὐτόν.
860 886 994 942 Εἶπὲ
1047 907 1164 958 μοι,
1195 885 1246 940 ἐν
1296 885 1413 958 ὅλῳ
1441 891 1521 958 τῷ
1570 887 1782 958 σώματι
1814 893 1988 940 κεῖται

332 983 365 1050 ἡ
397 980 551 1055 ψυχὴ
596 983 694 1034 τοῦ
745 977 1055 1047 ἀνθρώπου,
1194 976 1244 1030 ἐν
1295 975 1371 1030 ἐνὶ
1417 975 1572 1048 τόπῳ
1607 994 1620 1044 ;
1655 975 1752 1030 Καὶ
1793 975 1838 1030 εἰ
1891 976 1984 1048 μὲν

337 1069 459 1142 εἴπῃ
488 1089 595 1138 σοι,
654 1066 738 1122 ὅτι
797 1066 849 1120 ἐν
910 1063 1030 1137 ὅλῳ
1080 1069 1162 1136 τῷ
1217 1065 1453 1137 σώματι,
1514 1064 1630 1119 εἰπὲ
1672 1065 1836 1136 αὐτῷ·
1888 1064 1985 1118 Καὶ

339 1164 454 1220 πῶς
485 1159 738 1230 τὲμνουσι
778 1158 877 1225 τήν
934 1159 1100 1230 χεῖρα
1143 1158 1240 1208 τοῦ
1289 1154 1596 1229 ἀνθρώπου,
1632 1155 1667 1223 ἢ
1699 1155 1790 1209 τὸν
1823 1151 1984 1222 πόδα,

344 1247 525 1303 κοιὶοῦ
571 1248 824 1302 κόπτεται
877 1245 967 1299 καὶ
1020 1247 1054 1314 ἡ
1107 1244 1284 1318 ψυχὴ,
1335 1241 1481 1298 ἀλλὰ
1527 1242 1690 1298 πάλιν
1741 1246 1804 1316 ζῇ
1837 1244 1864 1297 ὁ
1896 1241 1985 1297 ἄν·

354 1347 592 1410 θρωπος,
637 1332 724 1387 καὶ
773 1331 870 1387 οὐκ
914 1331 1245 1401 ἀποθνήσκει
1281 1348 1295 1398 ;
1327 1329 1391 1385 Ei
1449 1327 1505 1384 δὲ
1563 1329 1690 1404 εἷ’πῃ
1740 1351 1852 1398 σοι,
1899 1331 1983 1386 Ἐν

354 1423 428 1478 ἐνὶ
464 1425 608 1498 μέρει
655 1429 851 1493 κεῖται,
903 1419 1063 1475 πάλιν
1116 1419 1252 1474 εἰπὲ·
1290 1419 1388 1474 Καὶ
1440 1425 1556 1482 πῶς
1608 1419 1707 1475 εἷ’σι
1746 1421 1814 1474 τὰ
1843 1418 1987 1475 ἄλλα

357 1511 491 1587 μέρη
522 1516 617 1566 τοῦ
658 1511 939 1584 ἀνθρώπου
984 1508 1159 1585 χωρὶς
1210 1512 1418 1584 ψυχῆς,
1471 1510 1560 1564 καὶ
1611 1513 1728 1571 πῶς
1769 1506 1984 1564 δύναται

354 1603 558 1678 ἄψυχον
593 1599 755 1674 μέλος
784 1595 924 1675 ἔχειν
958 1600 986 1652 ὁ
1018 1597 1304 1672 ἅνθρωπος
1340 1617 1354 1666 ;
1390 1598 1486 1652 Καὶ
1518 1602 1635 1660 πῶς
1679 1596 1788 1652 ἐστι
1835 1595 1988 1653 δυνα-

350 1693 436 1745 τὸν
469 1695 562 1763 ζῇν
613 1688 781 1763 χωρὶς
831 1692 1016 1762 ψυχῆς
1051 1707 1066 1755 ;
1104 1694 1210 1742 Παν
1258 1687 1360 1764 γὰρ
1389 1687 1453 1742 τὸ
1489 1689 1564 1761 μὴ
1619 1684 1746 1762 ἔχον
1797 1689 1984 1762 ψυχὴν

346 1774 525 1852 νεκρόν
555 1778 682 1832 ἐστι·
733 1777 822 1831 καὶ
871 1776 970 1831 οὐκ
1020 1773 1169 1837 οἶδας
1219 1775 1269 1830 τί
1320 1775 1516 1852 λέγεις.
1552 1778 1689 1850 Ἐγὼ
1741 1773 1798 1832 δὶ
1849 1775 1985 1831 εἷ’πω

341 1889 441 1937 σοι,
477 1867 528 1922 ἐν
551 1867 693 1940 ποίῳ
719 1866 895 1940 τόπῳ,
928 1865 1016 1922 καὶ
1050 1866 1195 1939 ποίῳ
1223 1865 1435 1942 τρόπῳ,
1467 1864 1556 1921 καί
1595 1872 1702 1922 ποῦ
1746 1867 1982 1922 ἀναπαύ-
2017 1908 2063 1972 Β

342 1960 511 2027 εταιὴ
571 1959 745 2032 ψυχή.
791 1957 875 2011 ’Δν
924 1956 1070 2032 τρισὶ
1123 1955 1316 2018 τόποις
1372 1961 1470 2011 τοῦ
1528 1957 1781 2029 σώματός
1841 1957 1980 2012 ἐστιν

340 2044 671 2123 ἐνιδρυμὲνη,
733 2045 825 2101 καὶ
883 2044 1064 2121 ὥσπερ
1114 2047 1149 2114 ἡ
1199 2045 1351 2107 ἀκτὶς
1409 2050 1507 2100 τοῦ
1563 2045 1727 2114 ἡλίου
1787 2046 1864 2108 είς
1891 2043 1984 2101 ἕνα

334 2136 494 2191 τόπον
551 2141 749 2212 χωρεῖ,
813 2135 902 2189 καὶ
962 2135 1263 2211 εἰσέρχεται
1309 2139 1407 2189 τοῦ
1439 2131 1590 2189 οἴκου
1627 2178 1640 2203 ,
1674 2135 1894 2209 φωτίζει
1927 2133 1984 2190 δὲ

332 2225 498 2280 πάντα
543 2225 639 2280 τὸν
692 2225 842 2279 οἷκον
881 2245 891 2259 ·
924 2225 1013 2279 καὶ
1045 2227 1080 2293 ἡ
1113 2226 1289 2300 ψυχὴ,
1341 2225 1394 2280 ἐν
1435 2229 1554 2287 τοῖς
1601 2225 1746 2300 τρισὶ
1798 2223 1980 2299 μέρεσι

324 2317 418 2367 τοῦ
449 2313 708 2387 σώματρς
739 2307 1085 2387 ἐνιδρυμένη,
1119 2313 1209 2366 τὸν
1241 2313 1390 2366 οἷκον
1421 2310 1550 2366 ὅλον
1594 2317 1858 2386 ζωογονεῐ
1886 2317 1982 2367 τοῦ

329 2402 601 2475 σώματος.
655 2403 913 2458 Κατοικεῖ
969 2398 1086 2469 δέἠ
1119 2401 1273 2474 ψυχή
1335 2401 1387 2456 ἐν
1444 2405 1512 2474 τῇ
1560 2397 1775 2476 καρδίᾳ,
1807 2403 1896 2456 καὶ
1930 2401 1982 2456 ἐν

321 2495 398 2563 τῷ
425 2487 648 2546 ὄπισθεν
681 2491 830 2565 μέρει
877 2496 974 2559 τῆς
1019 2489 1285 2568 κεφαλῆς,
1319 2489 1451 2564 ὅπερ
1501 2485 1733 2545 κότυλον
1783 2491 1981 2563 ὀνομά-

325 2585 482 2650 ζεται,
515 2579 615 2634 καὶ
641 2578 694 2633 ἐν
742 2584 862 2640 ταῖς
915 2577 1224 2654 βασιλικαῖς
1255 2577 1474 2657 φλεψίν.
1510 2581 1592 2633 Ἐν
1639 2578 1852 2641 τούτοις
1887 2577 1977 2634 οὖν

319 2675 431 2732 τοῖς
460 2669 613 2743 τρισὶ
665 2667 849 2744 μὲρεσι
896 2673 1140 2723 γατοικεῖ
1168 2670 1202 2738 ἡ
1238 2670 1413 2744 ψυχή.
1461 2669 1558 2723 Διὰ
1605 2673 1766 2724 τοῦτο
1817 2671 1882 2738 ἣν
1918 2668 1976 2722 ἂν

321 2757 457 2834 ὥραν
515 2762 712 2834 τρωθῇ
764 2758 798 2826 ἠ
849 2754 1062 2832 καρδία,
1095 2758 1129 2826 ἤ
1165 2756 1222 2811 ἐκ
1268 2761 1368 2822 τῆς
1431 2757 1719 2834 βασιλικῆς
1777 2753 1978 2836 φλεϐὸς

319 2850 452 2920 αἷμα
503 2847 673 2924 ρεύσῃ
722 2845 888 2919 πολὺ,
929 2848 963 2915 ἤ
1014 2847 1047 2916 ἠ
1097 2845 1308 2924 κεφαλή
1361 2850 1599 2921 κρουσῧῇ
1651 2849 1740 2902 καὶ
1791 2849 1975 2921 τμηθῇ

321 2939 421 2993 ὑπὸ
475 2937 668 3014 ξίφους
705 2979 719 3006 ,
779 2934 1047 3010 παρευθὺς
1105 2934 1398 3010 χωρίζεται
1475 2940 1570 2990 τοῦ
1629 2937 1880 3008 σώματος

319 3028 489 3102 ψυχὴ,
523 3027 620 3081 καὶ
653 3025 839 3100 νεκρὸν
870 3025 933 3078 τὸ
966 3027 1126 3097 σῶμα
1176 3024 1493 3100 εὑρίσκεται.
1547 3030 1888 3081 Κατοικοῦσα
1920 3024 1977 3080 δὲ

319 3116 352 3185 ἠ
387 3117 538 3191 ψυχὴ
574 3113 630 3170 ἐν
661 3120 782 3177 τοῖς
809 3114 952 3190 τρισί
981 3112 1199 3176 τούτοις
1234 3115 1470 3188 μέρεσιν,
1502 3113 1619 3188 ὅλῳ
1647 3120 1728 3187 τῷ
1760 3116 1973 3188 σώματι

325 3202 648 3278 μεταδίδωσι
678 3205 779 3273 τῆς
808 3202 1010 3266 οἰκείας
1045 3207 1277 3273 ζωτικῆς
1309 3201 1610 3277 δυνάμεως.

2100 622 2148 675 si
2182 639 2298 676 non
2339 621 2553 678 habeat
2583 623 2800 692 citum,
2837 625 2907 678 ab
2938 623 3123 696 ignita
3153 626 3350 683 anima
3381 645 3756 704 accensa,pe-

2101 707 2261 763 nitus
2293 709 2513 765 iuterit.

2171 799 2333 864 Quod
2369 799 2418 853 si
2440 798 2760 870 aliquando
2790 801 2860 854 de
2892 801 3089 856 anima
3133 803 3356 858 dubitet
3407 805 3640 880 aliquis,
3677 810 3752 864 ab

2098 886 2226 956 ipso
2258 903 2452 957 quaere
2487 905 2499 942 :
2535 889 2683 943 Num
2721 893 2917 945 anima
2962 891 3217 947 hominis
3250 893 3306 946 in
3357 898 3476 949 toto
3506 912 3751 968 corpore

2097 980 2204 1037 est,
2237 975 2326 1030 vel
2359 976 2416 1030 in
2451 993 2566 1032 uno
2598 976 2794 1047 aliquo
2829 980 2950 1034 loco
2973 979 2999 1033 ‘2
3048 980 3116 1034 Et
3148 981 3193 1034 si
3249 981 3306 1036 in
3359 987 3476 1038 toto
3508 1000 3752 1055 corpore

2098 1065 2448 1134 respondeat
2478 1065 2737 1121 animam
2770 1083 2920 1134 esse,
2955 1067 3252 1140 interroga
3286 1086 3296 1124 ε
3327 1071 3626 1133 Quomodo
3674 1074 3748 1129 ab

2098 1152 2284 1208 scissa
2315 1169 2515 1224 manu,
2547 1153 2634 1209 vel
2671 1155 2833 1226 pede,
2865 1172 2978 1211 non
3029 1157 3397 1214 abscinditur
3440 1161 3658 1232 anima,
3692 1166 3750 1218 et

2097 1240 2289 1296 adhuc
2319 1242 2464 1296 vivit
2510 1242 2703 1309 homo,
2745 1259 2810 1298 ac
2859 1245 3121 1301 nondum
3174 1247 3458 1303 moritur?
3503 1249 3666 1312 Quod
3699 1251 3747 1307 si

2097 1328 2273 1397 dicat,
2306 1331 2365 1385 in
2397 1334 2560 1402 parte
2591 1329 2788 1403 aliqua
2817 1332 3078 1388 animam
3112 1351 3260 1402 esse,
3295 1353 3502 1392 rursus
3529 1353 3745 1408 quaere:

2096 1418 2360 1481 Quonam
2381 1423 2545 1491 pacto
2564 1420 2822 1476 hominis
2845 1421 2972 1478 alia:
2997 1428 3190 1494 partes
3213 1441 3343 1480 esse
3364 1431 3590 1497 queunt
3612 1429 3745 1485 abs-

2097 1523 2212 1579 que
2240 1508 2523 1574 anima,et
2550 1511 2840 1580 quomodo
2864 1514 3192 1568 membrum
3219 1513 3608 1572 inanimatum
3645 1518 3746 1573 ba-

2097 1598 2232 1652 bere
2263 1599 2449 1670 possit
2477 1599 2652 1654 homo
2675 1600 2702 1653 ?
2733 1600 2874 1654 Item
2903 1603 3198 1672 quomodo
3249 1603 3526 1674 possibile
3556 1605 3632 1662 sit
3660 1607 3747 1663 vi-

2097 1703 2229 1742 vere
2260 1688 2386 1744 sine
2417 1689 2615 1744 anima
2643 1689 2669 1742 ?
2699 1689 2845 1744 Nam
2879 1689 3167 1762 quidquid
3202 1693 3462 1749 animam
3495 1710 3607 1750 non
3643 1695 3745 1750 ba-

2097 1777 2213 1842 bet,
2248 1782 2547 1833 mortuum
2577 1781 2686 1834 est.
2721 1779 2872 1834 Sane
2902 1780 3096 1837 nescis
3118 1781 3256 1851 quid
3290 1782 3472 1839 dicas.
3507 1784 3624 1855 Ego
3646 1801 3749 1840 veo

2097 1866 2202 1921 tibi
2217 1867 2623 1939 dicam,quain
2649 1871 2834 1939 parte,
2848 1871 3143 1940 quomodo
3157 1876 3214 1926 et
3232 1871 3387 1926 utibi
3415 1872 3747 1943 requiescat

2095 1956 2241 2012 201
2280 1957 2477 2012 anima
2522 1958 2582 2013 In
2614 1956 2806 2013 tribus
2858 1957 3004 2014 locis
3053 1960 3314 2031 corporis
3345 1978 3515 2017 suam
3566 1962 3745 2020 habet

2094 2046 2311 2101 sedem.
2338 2047 2407 2101 Et
2437 2047 2608 2102 sicuti
2639 2046 2781 2103 solis
2813 2048 3012 2103 radius
3041 2066 3227 2104 unum
3251 2049 3510 2122 aliquem
3545 2050 3742 2108 locum

2092 2140 2358 2207 occupat,
2391 2140 2448 2191 et
2475 2137 2531 2191 in
2565 2137 2808 2192 domum
2836 2143 3120 2208 penetrat,
3153 2138 3450 2195 illuminat
3490 2157 3624 2196 vero
3657 2145 3740 2198 to-

2090 2227 2211 2279 tam
2244 2225 2484 2280 domum
2522 2242 2534 2280 :
2569 2225 2653 2280 sic
2682 2225 2881 2281 anima
2911 2227 3221 2298 quoquein
3244 2227 3432 2284 tribus
3464 2228 3596 2284 istis
3617 2246 3741 2301 par-

2091 2313 2252 2369 tibus
2282 2313 2543 2385 corporis
2573 2315 2860 2384 residens,
2876 2320 3062 2371 totam
3095 2316 3360 2384 domum,
3383 2333 3618 2388 corpus,
3650 2319 3739 2374 vi-

2090 2401 2300 2457 vificat.
2337 2403 2522 2457 Habet
2559 2408 2754 2458 autem
2787 2404 2984 2459 anima
3015 2405 3212 2460 sedem
3249 2422 3416 2461 suam
3452 2406 3509 2461 in
3544 2408 3736 2475 corde,

2091 2491 2149 2545 in
2182 2492 2486 2562 posteriori
2519 2497 2682 2564 parte
2713 2493 2942 2565 capitis,
2978 2510 3105 2564 quas
3137 2511 3276 2549 cava
3307 2499 3565 2563 vocatur,
3593 2498 3730 2552 etin

2092 2580 2351 2636 basilicis
2381 2581 2563 2636 venis.
2599 2581 2659 2636 ln
2692 2581 2823 2636 istis
2853 2582 3032 2653 igitur
3062 2582 3249 2638 tribus
3274 2584 3539 2655 partibus
3570 2585 3740 2641 habi-

2057 2701 2062 2704 ~
2090 2674 2176 2725 tat
2206 2670 2420 2724 anima.
2455 2670 2718 2741 Quare,si
2745 2687 2841 2726 cor
2870 2671 3232 2739 vulneretur,
3266 2677 3366 2727 aut
3395 2690 3460 2728 ex
3494 2674 3740 2730 basilica

2089 2775 2235 2814 vena
2266 2759 2521 2815 multum
2555 2762 2863 2831 sanguinis
2895 2761 3117 2831 efﬂuat,
3134 2767 3236 2818 aut
3265 2762 3315 2817 si
3347 2769 3522 2835 caput
3555 2765 3740 2820 caeda-

2090 2853 2204 2914 tur,
2253 2848 2337 2903 vel
2375 2847 2566 2920 gladio
2613 2854 2859 2919 secetur,
2912 2851 3109 2906 statim
3150 2868 3183 2905 a
3233 2867 3474 2923 corpore
3523 2853 3743 2908 recedit

2088 2938 2305 3004 anima,
2359 2942 2417 2992 et
2463 2942 2760 2993 mortuum
2812 2955 3024 3010 corpus
3077 2939 3448 3011 relinquitur.
3493 2941 3556 2996 In
3607 2942 3737 2999 istis

2087 3045 2257 3100 porro
2288 3029 2478 3084 tribus
2510 3028 2775 3099 partibus
2807 3029 3005 3084 anima
3044 3029 3244 3085 sedem
3277 3029 3522 3098 habens,
3558 3031 3618 3086 in
3649 3036 3735 3086 to-

2086 3121 2213 3173 tum
2246 3134 2459 3189 corpus
2483 3118 2719 3174 vitalem
2753 3134 2923 3174 suam
2956 3118 3278 3190 potentiam
3313 3119 3640 3176 distribuit.

1755 3471 2307 3562 MONITUM

1083 3651 1161 3712 IN
1207 3651 1649 3723 SEQUENTIA
1705 3653 1806 3712 AD
1852 3653 2318 3715 ANTIOCHUM
2368 3655 2634 3716 DUGEM
2683 3655 2964 3715 OPERA.

397 3953 438 4005 l.
467 3949 788 4008 Antiochum
813 3948 1112 4022 quemdam
1141 3948 1432 4006 Athanasii
1463 3967 1598 4017 sevo,
1630 3953 1848 4023 ipsique
1881 3950 2184 4008 Athanasio
2231 3953 2612 4021 familiarem,
2654 3953 2928 4008 exstitisse
2960 3952 3149 4022 palam
3196 3960 3275 4008 est
3304 3967 3374 4008 ea:
3400 3953 3628 4023 epistola
3656 3953 3731 4009 ad

327 4038 583 4096 Joannem
609 4045 662 4096 et
691 4039 1024 4095 Antiochum
1053 4054 1184 4095 eusa
1214 4043 1344 4094 tom.
1379 4039 1402 4093 I
1431 4041 1610 4108 [nunc
1640 4044 1682 4094 t.
1719 4040 1812 4109 II},
1843 4059 1897 4110 p.
1930 4041 2056 4094 763.
2094 4041 2198 4108 Qui
2225 4041 2504 4112 presbyter
2534 4044 2667 4096 item
2715 4043 2843 4110 fuit,
2891 4045 2949 4095 ut
2996 4040 3293 4096 Antiochus
3338 4039 3430 4095 hic
3453 4039 3742 4111 presbyter

325 4126 613 4184 ordinatus
642 4131 813 4199 fuisse
841 4133 1186 4186 memoratur
1212 4130 1472 4198 inferius.
1509 4132 1704 4200 Quare
1730 4129 1828 4183 ille
1863 4128 2115 4199 fortassis
2147 4130 2440 4185 Antiochus
2465 4129 2768 4200 presbyter,
2802 4130 3009 4185 occasio
3054 4131 3170 4199 fuit
3212 4138 3272 4184 ut
3318 4130 3541 4184 nomine
3573 4128 3740 4184 Atha-

323 4218 476 4272 nasii
523 4219 682 4274 varia
707 4217 1000 4274 ederentur
1027 4234 1214 4290 opera,
1243 4217 1314 4272 ad
1370 4217 1723 4272 Antiochum
1756 4221 2096 4288 nuncupata.
2133 4215 2236 4272 Sed
2265 4220 2376 4272 sive
2407 4218 2515 4272 ista
2545 4219 2660 4271 sive
2689 4217 2805 4271 alia
2853 4219 3130 4272 occasione
3164 4219 3478 4288 conscripta
3529 4218 3746 4288 fuerint

328 4306 596 4378 ejusmodi
619 4323 804 4380 opera,
832 4309 1022 4380 palam
1050 4316 1133 4364 est
1162 4322 1513 4380 nequaquam
1545 4307 1840 4363 Athanasii
1871 4305 1985 4362 illa
2014 4322 2129 4362 esse
2156 4323 2176 4367 ;
2208 4308 2304 4361 sed
2343 4307 2572 4362 alterius
2602 4306 2893 4377 scriptoris
2927 4305 3237 4361 Athanasio
3264 4311 3426 4360 aetate
3456 4307 3744 4377 in/erioris

322 4396 542 4465 ingenio
574 4399 731 4470 longe
763 4399 1015 4469 imparis.

384 4484 456 4540 II.
488 4485 572 4540 Ex
602 4488 784 4541 tribus
811 4486 966 4542 hisce
996 4487 1344 4555 tractatibus,
1379 4486 1448 4540 ad
1470 4485 1822 4541 Antiochum
1856 4486 2163 4556 inscriptis,
2197 4485 2301 4540 duo
2324 4486 2558 4555 priores,
2589 4483 2795 4538 scilicet
2848 4483 3125 4539 Doctrina
3173 4483 3242 4538 ad
3277 4481 3652 4550 Antiochum,
3688 4488 3741 4539 et

314 4571 462 4629 illud
489 4573 560 4629 ad
583 4575 914 4631 Antiochum
941 4575 1287 4646 opusculum,
1319 4573 1567 4630 nondum
1596 4575 1732 4630 editi
1757 4578 2010 4645 Inerant.
2044 4576 2125 4630 An
2154 4590 2278 4630 vero
2309 4574 2422 4628 tria
2455 4574 2559 4628 illa
2579 4573 2840 4644 opuscula
2868 4571 3118 4641 ejusdem
3162 4573 3446 4643 scriptoris
3475 4575 3608 4642 sint,
3643 4573 3745 4626 mi-

316 4663 466 4718 nime
492 4667 760 4725 constat;
791 4679 901 4718 non
931 4665 1168 4718 multum
1197 4671 1384 4719 tamen
1422 4663 1685 4718 absimile
1713 4668 1794 4719 est
1827 4665 2094 4719 orationis
2131 4679 2324 4732 genus.
2380 4663 2650 4718 Caeterum
2685 4662 2915 4734 antiqua
2961 4664 3090 4716 sunt
3118 4677 3182 4716 ea
3230 4663 3442 4732 omnia,
3473 4677 3609 4717 nam
3638 4661 3746 4716 duo

316 4753 534 4824 quidem
559 4755 775 4825 priora,
809 4769 878 4808 ea:
906 4755 1154 4829 antiquis
1176 4754 1566 4824 manuscriptis
1603 4755 1845 4809 mutuati
1873 4769 2063 4808 sumus
2085 4769 2106 4814 ;
2137 4755 2468 4823 quaestiones
2495 4767 2619 4808 vero
2651 4750 2720 4806 ad
2752 4749 3103 4819 Antiochum,
3128 4751 3196 4804 ab
3226 4751 3507 4822 Anonymo
3536 4753 3750 4808 Raven-

313 4850 441 4898 nate
471 4844 721 4914 septimi,
750 4842 838 4897 vel
867 4847 927 4897 ut
955 4842 1060 4897 alii
1087 4845 1309 4914 putant,
1340 4842 1610 4913 sequioris
1638 4841 1848 4908 saeculi,
1880 4842 2026 4897 edito
2051 4858 2150 4912 per
2193 4843 2254 4898 D.
2319 4841 2620 4896 Placidum
2660 4840 2970 4896 Porcheron
3033 4840 3360 4912 laudantur,
3422 4842 3535 4897 loco
3593 4841 3748 4911 infra

311 4929 574 4984 notando.
605 4930 944 4999 Qumtiones
971 4945 1132 5000 porro
1175 4930 1303 4984 illas
1334 4929 1402 4984 ad
1429 4928 1757 4984 Antiochum
1783 4937 2050 5000 postremo
2082 4931 2198 4984 loco
2215 4930 2493 5001 ponimus,
2527 4944 2598 4982 ne
2638 4929 2997 5000 sejungamus
3029 4946 3062 4983 a
3101 4930 3316 4986 caeteris
3346 4928 3749 4998 quaestionibus

310 5032 443 5090 quae
469 5017 541 5073 ad
569 5017 896 5074 Antiochum
925 5019 1156 5074 minime
1194 5018 1589 5074 inscribuntur.
1625 5022 1709 5072 De
1738 5019 1978 5088 singulis
2008 5019 2256 5089 quaedam
2284 5017 2675 5090 pertractanda
2707 5017 2867 5074 nobis
2897 5021 3047 5072 sunt.

387 5106 490 5163 Ill.
521 5111 816 5163 DOCTRINA
851 5125 924 5163 Αι)
957 5114 1308 5165 ANTIOCHUM
1347 5125 1568 5172 nucem,
1599 5107 1758 5163 otiosi
1803 5109 2045 5163 hominis
2081 5117 2471 5176 commentum,
2519 5111 2578 5161 ut
2617 5122 2776 5162 nemo
2829 5122 2938 5162 non
2986 5107 3147 5162 videt.
3182 5123 3242 5162 eo
3290 5112 3478 5162 tamen
3517 5105 3749 5162 nomine

311 5197 553 5269 prstiosa
583 5197 1104 5255 etcommendanda
1133 5202 1232 5266 est,
1265 5197 1406 5270 quod
1434 5214 1697 5268 magnam
1746 5199 1885 5252 libri
1926 5197 2184 5252 Pastoris
2232 5201 2468 5269 partem,
2499 5198 2656 5265 cuius
2705 5195 2896 5252 Graeca
2941 5196 3166 5263 iamdiu
3219 5196 3508 5261 interiere,
3563 5192 3749 5252 Graece

314 5285 476 5344 nobis
499 5285 758 5342 exhibeat
787 5306 806 5343 :
835 5292 888 5343 et
917 5288 1139 5360 quidem
1168 5290 1246 5344 ita
1265 5304 1486 5360 puram,
1523 5289 1600 5342 ita
1629 5288 1841 5343 Latinis
1872 5287 2089 5343 Hes-mw
2137 5286 2396 5342 Pastoris
2427 5302 2743 5354 consonam,
2794 5294 2854 5340 ut
2882 5284 2950 5340 ad
2982 5295 3204 5341 verbum
3252 5299 3322 5339 ex
3367 5300 3427 5340 eo
3477 5289 3536 5338 ut
3563 5283 3751 5354 pluri-

315 5392 476 5432 mum
499 5375 832 5447 descriptam
862 5393 995 5445 esse,
1019 5379 1375 5448 conspicuum
1403 5379 1498 5433 sit.
1546 5378 1740 5434 Primo
1770 5392 2009 5448 namque
2055 5378 2296 5448 scriptor
2330 5379 2431 5431 iste
2477 5375 2808 5430 Antiochum
2847 5375 3005 5428 nobis
3054 5377 3417 5445 repraesentat
3455 5372 3752 5429 adeuntem

313 5466 379 5537 S,
412 5466 783 5522 Athanasium
814 5467 1160 5537 inﬁrmitatis
1189 5482 1457 5539 corporea
1487 5482 1656 5522 causa
1683 5483 1702 5520 :
1734 5471 1794 5521 ut
1825 5483 1935 5521 una
1963 5466 2218 5537 precibus
2244 5465 2360 5519 suis
2391 5464 2524 5518 levet
2571 5462 2984 5534 zgritudinem,
3018 5471 3068 5516 et
3118 5463 3343 5518 monitis
3389 5463 3540 5517 viam
3591 5466 3751 5534 paret

316 5553 391 5610 ad
415 5557 820 5625 paenitentiam.
850 5556 988 5612 Huic
1017 5557 1345 5614 Athanasius
1373 5557 1623 5612 sanitate
1651 5557 1931 5626 restituto,
1960 5554 2242 5610 duodecim
2289 5553 2555 5608 mandata
2590 5553 2766 5608 tradit
2796 5569 2814 5605 :
2836 5565 2962 5621 quae
2991 5550 3137 5604 nihil
3186 5554 3316 5606 sunt
3358 5549 3535 5619 aliud,
3585 5565 3752 5620 quam

320 5642 611 5699 duodecim
639 5643 750 5700 illa
782 5649 1003 5701 Hermae
1033 5645 1290 5701 Pastoris
1316 5644 1634 5711 mandata,,
1668 5645 1865 5714 quibus
1903 5651 2110 5699 constat
2143 5643 2284 5698 liber
2327 5641 2622 5697 secundus.
2671 5641 2758 5695 Ita
2808 5643 2992 5694 tamen
3038 5641 3097 5692 ut
3145 5656 3262 5696 non
3295 5640 3511 5710 integra
3537 5652 3753 5706 semper

324 5732 421 5789 sed
448 5733 774 5806 quibusdam
805 5733 1073 5805 ademptis
1103 5735 1326 5807 afferat.
1357 5732 1566 5789 Deinde
1594 5734 1774 5790 multa
1802 5735 1920 5791 alia
1944 5749 2015 5790 eo:
2044 5731 2234 5790 eodem
2265 5733 2408 5790 libro
2439 5732 2568 5789 hinc
2617 5728 2744 5786 inde
2785 5735 3128 5784 consuuntur
3156 5745 3174 5784 :
3206 5746 3270 5786 ac
3309 5731 3584 5803 postremo
3618 5739 3748 5781 ma-

651 5865 914 5924 Ps'raos.
965 5863 1073 5923 Gn.
1123 5862 1395 5927 XXVIII.
3358 5855 3432 5913 18
