4132 6380
353 391 472 451 555
1518 389 1580 449 S.
1626 385 2147 449 ATHANASIUS.
2175 418 2250 430 —
2280 385 2593 450 SPURIA.
3647 387 3770 450 556

352 540 528 594 gnam
557 526 609 579 et
631 522 911 591 prolixam
941 523 1169 577 enarrat
1199 520 1452 575 Antiochi
1480 521 1764 587 visionem,
1796 534 1963 591 quam
1991 517 2119 573 item
2149 533 2218 574 ex
2249 521 2409 575 tertio
2428 519 2674 575 Pastoris
2704 518 2846 575 libro
2875 518 2946 575 ad
2972 519 3199 576 verbum
3223 522 3510 576 mutuatus
3533 528 3630 576 est.
3665 520 3772 577 Hoc

348 612 534 683 itaque
564 610 909 683 opusculum,
943 610 1071 665 licet
1089 611 1275 681 prima
1300 611 1483 680 fronte
1511 625 1581 664 ne
1610 607 1774 681 flocci
1802 608 2023 680 quidem
2048 606 2380 675 faciendum
2407 607 2928 675 videatur,maximi
2956 611 3142 664 tamen
3169 616 3250 665 est
3277 610 3771 681 momenti,quippe

347 717 472 755 cum
501 701 636 755 libri
662 701 821 756 illius
850 700 1215 771 apostolorum
1242 713 1360 755 sevo
1392 698 1549 768 editi,
1580 702 1632 752 et
1659 714 1693 751 a
1716 701 1797 753 tot
1849 696 2112 751 Patribus
2140 712 2240 751 nec
2285 698 2407 751 sine
2448 695 2615 752 laude
2653 698 2971 769 memorati,
3016 697 3203 753 multa
3228 703 3283 753 et
3324 697 3553 770 prolixa
3607 699 3768 755 nobis

345 793 662 861 fragmenta
688 788 1006 860 suppeditet.
1032 787 1205 843 Probo
1232 788 1401 857 igitur
1429 786 1661 842 consilio
1691 799 2048 857 quaecumque
2074 785 2365 840 Athanasii
2389 786 2616 841 nomine
2646 787 2705 840 in
2744 787 3144 858 manuscriptis
3170 788 3650 857 circumferuntur
3677 787 3770 843 edi

349 880 708 941 curavimus;
736 894 870 933 nam
897 878 969 942 si,
1000 878 1085 932 uti
1113 875 1422 932 suadebant
1446 875 1728 940 nonnulli,
1757 890 1823 929 ea
1849 874 2044 930 omnia
2073 874 2476 945 abjecissemus,
2507 889 2635 945 quae
2661 876 2731 929 ab
2760 876 3036 946 imperitis
3086 875 3599 948 inelegantibusgue
3622 877 3767 932 scri-

344 968 599 1038 ptoribus
626 966 929 1024 Athanasii
955 966 1179 1022 nomine
1206 967 1502 1036 composita
1542 967 1740 1030 essent,
1772 964 1871 1019 hoc
1896 964 2219 1029 opusculum
2253 964 2438 1033 prima
2484 965 2668 1034 fronte
2715 963 3068 1035 repudiaturi
3113 979 3358 1027 eramus.
3410 979 3538 1019 cum
3565 964 3765 1020 multis

350 1056 480 1111 aliis
498 1072 732 1129 quorum
760 1056 981 1110 nullum
1007 1071 1112 1111 sua
1138 1058 1288 1109 caret
1314 1053 1581 1107 utilitate.
1632 1053 1694 1107 In
1721 1067 1851 1107 mss.
1899 1053 2128 1122 antiquo
2174 1051 2439 1108 Ecclesiae
2482 1053 2961 1119 Carcassonensis,
2998 1053 3093 1107 hic
3136 1055 3405 1108 tractatus
3454 1054 3536 1108 sic
3559 1054 3764 1111 inscri-

345 1151 474 1217 ptus
496 1153 573 1202 est
604 1162 624 1201 :
653 1144 868 1216 Incipit
893 1143 1158 1200 doctrina
1187 1146 1245 1198 et
1274 1141 1558 1213 expositio
1579 1138 1891 1197 Athanasii
1922 1139 2135 1210 sancti,
2165 1139 2570 1197 Alexandrinae
2602 1140 2854 1198 civitatis
2893 1140 3173 1213 episcopi.
3228 1139 3332 1199 Sed
3377 1140 3579 1198 codicis
3607 1142 3766 1198 illius

348 1234 507 1291 nobis
536 1236 693 1306 copia
721 1249 834 1291 non
861 1241 961 1291 est.

433 1327 528 1383 IV.
563 1323 902 1397 Opusculum
928 1321 1083 1378 aliud
1110 1321 1487 1392 subsequitur,
1519 1334 1594 1374 Α»
1632 1333 1965 1375 ΔΝΤΙΟΟΗΟΜ

2113 1326 2412 1389 tcupatum,
2442 1319 2582 1390 stylo
2628 1314 2847 1393 χυδαίῳ
2894 1324 2947 1375 et
2989 1335 3193 1391 parum
3237 1320 3476 1391 eleganti
3523 1321 3763 1377 conscri-

353 1427 533 1492 ptum,
564 1418 626 1471 in
655 1428 759 1485 quo
789 1415 1123 1483 postremum
1151 1412 1247 1467 Dei
1266 1408 1569 1480 judicium,
1602 1411 1655 1463 et
1680 1409 1841 1463 varia
1869 1408 2082 1479 inferni
2108 1409 2385 1480 supplicia
2412 1409 2606 1464 multis
2632 1411 2994 1465 enarrantur.
3042 1410 3215 1478 Quem
3260 1408 3559 1467 Athadasio
3589 1411 3762 1467 ascri-

354 1511 481 1567 bere
507 1522 578 1562 ne
595 1503 918 1575 cogitaverit
947 1500 1173 1573 quidem
1201 1501 1503 1572 quispiam,
1527 1502 1746 1553 tantum
1773 1498 1985 1553 scilicet
2014 1498 2090 1554 ab
2120 1498 2227 1553 illa
2255 1497 2548 1554 Athanasii
2575 1494 2814 1572 ἐνεργείᾳ
2840 1501 2894 1554 et
2920 1496 3204 1569 elegantia
3229 1499 3503 1557 abhorret.

418 1597 490 1653 V.
523 1595 699 1652 Tertio
728 1594 1021 1650 occurrunt
1050 1590 1425 1654 QUIESTIONBB
1463 1604 1536 1643 AD
1566 1590 1915 1643 ANTIOCBUM
1968 1602 2085 1658 qux
2105 1586 2337 1658 jamdiu
2383 1589 2537 1643 inter
2585 1588 2876 1643 Athanasii
2913 1586 3061 1644 edita
3108 1592 3442 1660 comparent,
3492 1603 3596 1645 nec
3637 1591 3756 1661 pri-

346 1704 520 1755 mum,
553 1690 614 1741 ut
627 1685 753 1756 jam
782 1683 1003 1738 exstant
1031 1682 1351 1753 compositae
1396 1681 1526 1733 sunt
1553 1694 1572 1731 :
1604 1677 1695 1733 sed
1725 1693 1851 1733 cum
1893 1678 2181 1749 pauciores
2222 1693 2452 1733 numero
2490 1678 2627 1734 olim
2669 1680 2888 1749 fuerint
2919 1693 2935 1734 :
2965 1694 3069 1734 nec
3090 1678 3276 1750 plures
3305 1678 3378 1734 35
3406 1680 3469 1735 in
3495 1679 3766 1737 veteribus

346 1777 559 1834 Latinis
587 1772 766 1838 editis,
797 1775 853 1828 et
880 1772 941 1826 in
970 1769 1301 1842 quibusdam
1326 1768 1742 1838 manuscriptis,
1786 1769 1848 1821 in
1867 1766 2005 1823 aliis
2031 1782 2162 1824 vero
2193 1768 2280 1822 41.
2305 1769 2431 1824 lam
2459 1775 2683 1823 exstant
2725 1783 2880 1823 num.
2931 1768 3053 1835 136,
3105 1767 3371 1824 librariis
3421 1784 3590 1826 novas
3618 1783 3766 1841 qua-

343 1869 547 1925 stiones
574 1877 786 1934 semper
814 1859 1144 1917 addentibus
1164 1876 1182 1913 :
1213 1857 1358 1914 unde
1385 1857 1447 1927 ﬁt
1476 1861 1537 1912 ut
1565 1856 1771 1913 codices
1800 1856 2037 1911 multum
2066 1857 2220 1912 inter
2245 1872 2306 1912 se
2334 1858 2572 1912 varient.
2604 1861 2774 1913 Porro
2802 1857 3156 1928 conspicuum
3188 1856 3361 1929 plane
3385 1866 3468 1914 est
3498 1857 3598 1915 has
3620 1873 3766 1931 quae-

343 1959 541 2014 stiones
569 1967 677 2009 non
704 1965 820 2006 esse
848 1947 1165 2015 Athanasii,
1198 1946 1289 2002 sed
1312 1943 1619 2002 nonnullas
1650 1961 1719 2001 ex
1748 1946 1919 2001 variis
1950 1945 2270 2000 auctoribus
2300 1944 2430 2001 hinc
2458 1944 2588 2001 inde
2614 1948 2900 2016 excerptas
2939 1946 3135 2017 fuisse,
3164 1945 3308 2002 alias
3354 1962 3390 2002 a
3416 1946 3591 2002 variis
3623 1948 3763 2004 scri-

340 2044 597 2118 ptaribus
627 2039 956 2112 compositas
974 2054 993 2091 :
1027 2035 1154 2092 inde
1180 2037 1410 2107 factum,
1441 2043 1503 2091 ut
1532 2034 1741 2105 aliquae
1769 2035 1981 2089 exstent
2009 2034 2145 2089 aliis
2175 2034 2611 2101 prastantiores,
2664 2035 3155 2106 elegantioresque,
3201 2051 3304 2090 nec
3350 2034 3600 2107 indignae
3644 2053 3764 2110 quae

348 2137 626 2207 tegantur.
654 2132 766 2185 lmo
797 2144 868 2184 ex
916 2129 1037 2199 ipso
1076 2125 1376 2182 Athanasio
1425 2124 1679 2195 quaedam
1724 2124 1830 2179 huc
1870 2123 2145 2179 translata
2196 2123 2695 2195 deprehenduntur.
2747 2128 2857 2179 Pro
2893 2125 3166 2195 facultate
3206 2139 3306 2180 nos
3350 2127 3645 2197 scriptores
3691 2125 3768 2184 ad

343 2224 657 2294 marginem
684 2218 1072 2275 adnotavimus
1101 2214 1245 2271 unde
1263 2214 1382 2269 illx
1411 2217 1679 2286 excerptas
1724 2215 1874 2268 sunt.
1904 2213 2043 2267 Hinc
2089 2212 2261 2283 liquet
2308 2214 2449 2269 alias
2494 2229 2605 2269 esse
2653 2214 2782 2269 aliis
2809 2215 3174 2285 antiquiores,
3215 2216 3303 2270 uti
3332 2216 3461 2287 jam
3495 2216 3764 2273 diximus.

346 2312 503 2383 Quod
530 2325 656 2366 vero
682 2307 943 2365 nonnulli
968 2303 1179 2368 νοθείας
1209 2308 1596 2375 argumentum
1623 2319 1695 2358 ex
1723 2319 1784 2359 eo
1814 2310 2142 2358 mutuantur
2171 2304 2322 2374 quod
2348 2304 2529 2374 aliqui
2557 2305 2769 2369 Patres,
2804 2303 3115 2360 Athanasio
3153 2312 3323 2362 astate
3351 2306 3646 2377 m/eriores
3676 2304 3768 2363 hic

344 2401 742 2463 memorentur,
771 2412 884 2451 non
911 2396 1059 2450 tanti
1087 2401 1167 2448 est
1198 2393 1506 2449 momenti?
1533 2408 1658 2447 cum
1686 2390 1936 2446 videlicet
1983 2406 2048 2447 ea
2098 2391 2211 2447 loca
2254 2392 2453 2462 quibus
2500 2393 2821 2463 aﬁeruntur
2860 2392 2952 2446 illi
2981 2393 3190 2461 Patres,
3245 2395 3306 2449 in
3358 2395 3766 2466 antiquissimis

345 2490 626 2549 codicibus
654 2503 764 2543 non
794 2488 1026 2542 exstent.
1066 2484 1262 2539 Verum
1292 2483 1526 2538 aliunde
1555 2481 1675 2537 luce
1702 2481 1920 2537 clarius
1951 2482 2408 2537 commonstratur
2434 2498 2549 2536 non
2579 2496 2695 2537 esse
2718 2482 2850 2537 illas
2899 2481 3217 2553 Athanasii,
3269 2483 3324 2538 1°
3364 2498 3439 2539 ex
3485 2485 3765 2540 orationi;

345 2598 562 2657 genere,
596 2578 848 2648 impotito
876 2586 928 2631 et
957 2576 1276 2646 ineleganti,
1316 2582 1378 2629 ut
1418 2574 1731 2645 plurimum
1761 2573 1954 2627 saltem
1984 2590 2004 2627 :
2034 2588 2165 2627 nam
2201 2572 2311 2627 sibi
2337 2573 2514 2644 stylus
2543 2574 2779 2628 minime
2822 2576 3054 2642 constat,
3106 2574 3240 2644 quia
3278 2574 3466 2631 multa
3495 2590 3566 2630 ex
3591 2576 3769 2632 variis

345 2668 710 2742 scriptoribus
741 2667 914 2721 tacito
942 2665 1431 2734 nomineexcerpta
1459 2670 1629 2722 sunt;
1658 2661 1718 2715 2°
1747 2675 1818 2716 ex
1860 2661 2023 2731 nugis
2069 2660 2441 2732 compluribus
2470 2676 2602 2732 quas
2634 2661 2863 2732 quisque
2907 2662 3077 2733 facile
3113 2661 3603 2720 animadversum
3648 2673 3762 2728 est;

343 2761 403 2815 3°
431 2775 500 2816 ex
522 2758 591 2814 iis
621 2770 745 2829 quae
772 2754 839 2811 de
868 2753 1203 2825 imaginibus
1234 2766 1531 2823 eorumque
1561 2751 1715 2806 cultu
1743 2749 2009 2805 dicuntur
2037 2765 2191 2806 num.
2223 2749 2311 2805 39.
2345 2750 2503 2817 Nam,
2534 2750 2662 2806 licet
2690 2751 2917 2807 Eusebio
2949 2754 3083 2808 teste
3104 2752 3465 2823 plurimi,suo
3495 2758 3761 2826 tempore,

346 2848 718 2918 apostolorum
746 2845 1016 2915 imagines
1042 2841 1280 2915 depictas
1305 2840 1449 2912 apud
1466 2855 1521 2897 se
1549 2856 1674 2895 cum
1701 2840 1903 2895 honore
1931 2839 2252 2904 retinerent,
2282 2855 2393 2895 non
2423 2840 2506 2895 ita
2530 2841 2791 2911 frequens
2819 2843 2950 2896 tunc
2977 2841 3288 2911 imaginum
3325 2850 3451 2899 erat
3490 2858 3640 2898 usus.
3672 2845 3758 2898 Ex

344 2936 545 2993 multis
573 2934 811 3005 denique
835 2933 966 2988 aliis
994 2947 1113 3003 quae
1155 2929 1403 3002 proferre
1449 2944 1561 2984 non
1606 2931 1781 2995 iuvat,
1826 2944 1896 2984 ne
1942 2929 2308 3000 apertissimx
2350 2930 2435 2985 rei
2475 2928 2905 3000 comprobanda?
2927 2928 3135 2986 diutius
3167 2944 3327 3002 aqua
3373 2933 3750 2987 immoremur.

347 3027 638 3094 Caeterum,
670 3022 812 3095 quod
858 3024 1062 3094 spectat
1108 3021 1440 3093 quaestiones
1469 3019 1538 3073 3O
1566 3019 1658 3086 31,
1689 3018 1755 3073 de
1784 3018 2017 3089 angelis,
2049 3033 2172 3089 quae
2202 3019 2262 3073 in
2292 3018 2618 3074 testimoniis
2645 3034 2719 3073 ex
2746 3017 3043 3091 Scriptura
3066 3035 3231 3076 sacra
3256 3021 3511 3092 superius
3540 3023 3759 3077 exstant

340 3132 474 3188 pag.
504 3115 599 3180 21,
629 3113 878 3168 arbitror
902 3110 1029 3166 illas
1057 3126 1126 3165 ex
1152 3110 1252 3164 hoc
1281 3111 1521 3165 tractatu
1550 3110 1833 3179 excerptas
1862 3121 1923 3163 eo
1953 3107 2255 3163 translatas
2279 3107 2455 3177 fuisse
2467 3123 2490 3168 ,'
2518 3121 2643 3178 quae
2670 3111 2977 3178 sequuntur
3023 3110 3194 3177 enim,
3243 3124 3369 3165 cum
3412 3109 3532 3165 illis
3560 3108 3761 3180 afﬁni-

351 3208 523 3261 tatem
550 3203 768 3258 habent.
827 3200 1105 3256 Similiter
1132 3200 1361 3271 quxstio
1406 3198 1471 3252 71
1506 3197 1577 3253 ad
1618 3197 1763 3251 hunc
1802 3197 1986 3268 potius
2018 3199 2319 3253 tractatum
2359 3196 2577 3253 videtur
2617 3198 2915 3269 pertinere,
2957 3213 3125 3270 quam
3155 3197 3226 3255 ad
3272 3198 3587 3257 testimonia
3617 3198 3759 3266 illa,-

347 3294 447 3349 ubi
491 3307 615 3364 quae
659 3291 1085 3363 consequuntur,
1135 3288 1281 3344 nihil
1327 3286 1398 3343 ad
1447 3285 1615 3342 illam
1642 3287 2020 3358 qumstionem.
2072 3286 2171 3341 Hic
2197 3300 2323 3341 vero
2351 3289 2543 3343 contra
2590 3288 2817 3358 quxstio
2850 3287 3178 3361 subsequens
3219 3287 3459 3362 ejusdem
3487 3292 3569 3346 est
3596 3303 3769 3361 argu-

346 3382 541 3440 menti.

1520 3613 1653 3668 ΤΟΥ
1689 3614 1777 3667 EN
1816 3612 2049 3668 ΛΓΙΟΙΣ
2098 3614 2370 3666 ΙΙΔΤΡΟΣ
2421 3615 2614 3670 ΗΜΩΝ

1696 3724 2439 3860 ΑΘΑΝΑΣΙΟΥ

1365 3944 1795 4000 ΑΙΔΛΣΚΑΛΙΑ
1833 3944 2018 4000 ΠΡΟΣ
2059 3943 2410 4001 ΔΝΤΙΟΧΟΝ
2448 3946 2735 4004 ΛΟΥΚΑΝ.

1498 4222 1590 4316 S.
1645 4222 1743 4315 P.
1805 4220 1917 4317 N.
1981 4221 2664 4320 ATHANASII

1373 4393 1696 4451 DDCTRINA
1757 4393 1846 4481 Al)
1902 4392 2300 4450 ANTIOCHUM
2351 4395 2581 4452 DUCEM
2624 4396 2761 4471 (36).

424 4670 577 4730 202
629 4672 680 4739 1.
729 4667 1186 4725 Sanctissimum
1228 4666 1567 4738 episcopum
1615 4662 2004 4720 Athanasium

2192 4666 2241 4720 1.
2273 4662 2477 4719 Ἐλθὼν
2534 4667 2670 4740 πρὸς
2722 4667 2814 4723 τὸν
2868 4667 3172 4743 ἁγιώτατον
3202 4666 3497 4724 ἐπίσκοπον
3542 4668 3778 4724 Ἀθανάο

353 4759 500 4817 adiit
531 4759 646 4814 dux
678 4756 941 4830 quidam,
975 4754 1214 4811 nomine
1243 4753 1769 4826 Antiochus,gravi
1801 4753 2005 4809 morbo

350 4848 650 4917 laborans,
703 4845 1044 4918 rogavitque
1074 4847 1141 4899 ut
1187 4843 1280 4899 sui
1322 4859 1498 4899 causa
1546 4846 1776 4909 oraret;
1807 4857 1921 4913 quo
1954 4842 2003 4897 si

352 4954 534 4995 sanus
565 4938 730 4993 ﬂeret
757 4937 1190 4991 converteretur
1219 4933 1287 4989 ad
1336 4931 1671 4999 Dominum,
1705 4947 1770 4986 ac
1800 4947 2001 5003 pecca-

352 5034 546 5083 torum
602 5023 1001 5098 pasnitentiam
1070 5026 1289 5095 ageret.
1339 5022 1607 5093 Cumque
1656 5019 2003 5076 clementem

350 5114 535 5173 Deum
567 5118 793 5171 orasset
821 5114 1156 5184 episcopus,
1197 5111 1546 5181 insequente
1579 5110 1671 5165 die
1700 5126 1882 5165 sanus
1904 5108 2004 5164 ille

352 5208 483 5264 fuit.
516 5207 666 5263 Tum
699 5204 969 5272 accessit,
1001 5204 1154 5259 bona
1192 5219 1301 5258 sua
1331 5217 1531 5257 secum
1573 5201 1843 5271 efferens,
1876 5216 2004 5272 quas

350 5297 552 5371 posuit
589 5296 662 5351 ad
715 5295 893 5368 pedes
936 5292 1218 5364 episcopi,
1269 5307 1486 5364 rogans
1538 5295 1602 5347 ut
1644 5289 2005 5363 pauperibus

351 5389 731 5455 erogarentur
760 5388 817 5439 et
844 5383 1046 5455 egenis
1082 5407 1094 5449 ;
1128 5381 1360 5453 sibique
1389 5380 1613 5448 liceret,
1641 5382 1876 5451 accepto
1904 5394 2009 5451 per

351 5478 621 5531 sanctum
652 5474 846 5529 virum
876 5470 1206 5529 venerando
1237 5469 1859 5541 habitu,monasticam
1889 5468 2004 5524 vir-

351 5562 498 5620 tutis
526 5563 710 5619 vitam
743 5577 933 5635 egere.
966 5559 1129 5626 Quod
1164 5558 1265 5617 Dei
1284 5558 1475 5632 gratia
1505 5557 1640 5615 fecit
1668 5557 2004 5631 episcopus.

425 5723 541 5809 (3Q)
570 5722 737 5779 Nunc
766 5721 1023 5795 primum
1054 5719 1215 5777 edita
1245 5734 1314 5776 ex
1344 5734 1488 5775 mss.
1522 5715 1775 5775 Colbert.
1807 5717 1969 5773 4249.

2116 4773 2229 4807 σιον
2263 4749 2387 4825 δοὺξ
2436 4755 2663 4829 ὀνόματι
2713 4756 3026 4833 Ἀντίοχος,
3058 4755 3109 4814 ἒν
3143 4754 3293 4833 δεινῇ
3340 4756 3619 4834 etet..an
3645 4778 3777 4813 κατ-

2115 4841 2403 4917 εχόμενος,
2435 4844 2731 4921 παρεκάλει
2779 4841 3030 4922 εὔχεσθαι
3083 4846 3215 4924 ὑπὲρ
3256 4845 3446 4918 αὐτοῦ,
3477 4845 3651 4915 ὅπως,
3683 4845 3772 4901 ἐὰν

2113 4928 2322 5005 ὐγιάνῃ,
2372 4929 2681 5007 ἐπιστρέψει
2730 4931 2928 4990 λοιπὸν
2982 4934 3118 5009 πρὸς
3167 4935 3259 4991 τὸν
3312 4935 3508 5011 Κύριον
3547 4979 3561 5003 ,
3605 4953 3771 5007 μετα-

2110 5023 2255 5075 νοῶν
2305 5018 2391 5075 ἐπὶ
2439 5027 2557 5084 τοῖς
2615 5022 2999 5097 ἁμαρτήμασιν
3055 5023 3258 5079 αὐτοῦ.
3312 5023 3412 5078 Καὶ
3459 5021 3771 5099 παρακοιλὲ-

2114 5129 2301 5171 σαντος
2350 5115 2449 5165 τοῦ
2500 5110 2800 5167 ἐπισκόπου
2844 5114 2937 5169 τὸν
2981 5111 3369 5191 φιλάνθρωπον
3425 5113 3579 5183 Θεὸν,
3616 5112 3773 5189 ὁγιής

2110 5201 2179 5272 τῇ
2225 5198 2348 5269 ἑξῆς
2393 5199 2603 5276 γὲγονε.
2639 5201 2743 5258 Καὶ
2794 5200 2861 5272 δὴ
2913 5200 3128 5279 εἷ’ρχετο
3179 5203 3355 5281 φέρων
3412 5202 3529 5276 μεθ’
3578 5200 3776 5256 ἑαυτοῦ

2112 5287 2181 5342 τὰ
2240 5288 2557 5364 ὑπάρχοντα
2614 5289 2799 5361 αὐτοῦ,
2831 5292 2920 5347 καὶ
2975 5291 3155 5362 τίθησι
3215 5290 3361 5367 παρὰ
3411 5290 3539 5352 τοὺς
3599 5288 3776 5353 πόδας

2112 5381 2209 5431 τοῦ
2242 5375 2569 5450 ἐπισκόπου,
2600 5381 2930 5457 παρακαλῶν
2981 5378 3205 5451 δοθῆναι
3252 5386 3373 5443 τοῖς
3401 5385 3653 5457 πτωχοῖς
3682 5377 3778 5435 καὶ

2113 5470 2231 5527 τοῖς
2285 5466 2474 5542 χρείαν
2519 5464 2762 5545 ἔχουσιν·
2821 5469 2981 5526 αὐτὸν
3029 5468 3108 5542 δὲ,
3175 5464 3410 5527 λαϐόντα
3464 5468 3526 5526 τὸ
3582 5468 3775 5544 σεμνὸν

2117 5556 2311 5629 σχῆμα
2341 5556 2488 5633 παρὰ
2518 5563 2613 5614 τοῦ
2663 5558 2822 5635 ἁγίου
2868 5556 3087 5637 ἀνδρὸς,
3115 5559 3209 5617 τὸν
3253 5559 3499 5638 ἐνάρετον
3551 5559 3639 5614 καὶ
3676 5577 3777 5632 μο-
