4132 6364
367 407 483 466 557

1391 401 1788 463 DOCTBINA
1834 405 1937 463 AD
1980 406 2443 468 ANTIOCHUM
2490 410 2783 471 DUCEM.

3681 416 3802 475 558

364 541 508 613 νήρη
568 535 694 612 βίον
749 533 1155 590 πολιτεύεσθαι’
1192 531 1324 605 ὅπερ
1371 536 1440 605 τῇ
1498 536 1600 587 τοῦ
1659 537 1792 586 Θεοῦ
1850 535 2033 608 χάριτι

2154 542 2312 593 'I‘unc
2341 540 2421 594 ait
2453 542 2725 612 episcopo
2778 542 2893 595 dux
2944 543 3300 598 Antiochus:
3356 547 3438 598 Me
3496 547 3803 616 oportebat

367 626 628 696 ἐποίησεν
684 626 712 679 ὁ
774 624 1089 685 ἐπίσκοπος.
1140 627 1270 677 Τότε
1330 621 1473 696 λέγει
1530 626 1608 693 τῷ
1668 620 1947 695 ἐπισκόπῳ
2005 628 2032 679 ό

368 714 494 788 δοὺξ
556 714 879 789 ’Δντίοχος·
915 710 1066 770 Ἔδει
1131 732 1218 785 με,
1276 711 1364 788 ἀφ’
1410 710 1471 765 οὗ
1528 706 1877 783 ἐϐπιπτίσθην⁹
1934 735 2036 790 φυ-

369 803 532 878 λάξαι
562 806 664 873 τὴν
699 804 899 870 πίστιν,
932 801 1022 856 καὶ
1075 804 1149 874 μή
1206 798 1437 873 μολῦναι
1485 801 1545 854 τὸ
1599 800 1879 875 βάπτισμα
1917 799 2033 856 ἔτι·

370 893 499 949 ἀλλ’
535 892 727 962 ἐπειδὴ
762 895 797 962 ἠ
832 891 1105 970 ἀφροσύνη
1145 911 1248 962 μου
1284 889 1524 966 μεγάλην
1580 889 1629 943 ἐν
1685 890 1808 961 ἐμοὶ
1859 891 2035 967 εἰργάα

375 1004 506 1037 σατο
540 982 825 1056 ἀμέλειαν,
858 979 1161 1054 παρακαλῶ
1189 980 1286 1046 τὴν
1334 979 1431 1047 σήν
1488 978 1776 1054 ἀγιοσύνην
1830 978 2040 1050 διδάξαι

382 1093 450 1144 με
479 1072 572 1127 καὶ
598 1078 915 1146 κατηχῆσαι
944 1071 1034 1124 καὶ
1075 1071 1413 1136 νουθετῆσαι,
1445 1067 1606 1122 τίνων
1656 1068 1763 1122 ἀπὸ
1809 1074 1906 1123 τοῦ
1953 1073 2041 1123 νῦν

2148 628 2477 698 baptizatus
2504 648 2633 684 cum
2680 631 2946 697 fuissem,
2983 631 3156 685 fidem
3190 648 3440 701 servare,
3494 650 3598 689 nec
3645 634 3802 689 ultra

2149 717 2509 787 baptismum
2542 720 2754 773 violam
2781 738 2791 786 ;
2819 722 2917 773 sed
2953 736 3087 774 cum
3120 721 3373 776 amentia
3418 737 3547 776 mea
3593 722 3799 794 ingen-

2146 808 2264 860 tem
2298 806 2356 859 in
2389 806 2804 879 negligentiam
2828 825 2920 863 me
2950 809 3282 876 conjecerit,
3315 813 3479 864 tuam
3502 826 3640 881 rogo
3662 828 3799 865 san-

2147 894 2429 964 ctitatem,
2464 902 2527 951 ut
2559 912 2647 950 me
2682 898 2911 962 docens,
2948 897 3247 963 instituas,
3291 915 3552 969 moneas,
3585 900 3803 971 quibus

2140 984 2267 1053 jam
2290 984 2583 1039 abstinere
2636 987 2879 1040 debeam
2940 986 3130 1050 factis,
3182 987 3480 1057 operibus,
3512 988 3805 1057 cogitatio-

2148 1072 2359 1139 nibus;
2395 1074 2612 1144 quibus
2637 1078 2838 1129 contra
2869 1075 3185 1131 virtutibus
3207 1092 3444 1147 operam
3463 1075 3621 1132 dare.

379 1161 711 1236 πραγμάτων
745 1160 835 1215 καὶ
871 1158 1041 1236 ἔργων
1073 1159 1163 1213 καὶ
1195 1156 1473 1232 λογισμῶν
1508 1156 1931 1233 ἐγκρατεύσομαι
1964 1158 2053 1213 καὶ
2083 1158 2245 1213 τίνων
2281 1159 2466 1215 ἄλλων
2500 1160 2910 1234 ἐπιμελήσομαι
2944 1163 3169 1238 ἀρετῶν.

454 1250 588 1305 Τότε
616 1252 641 1305 ὸ
671 1250 987 1319 ἐπίσκοπος,
1020 1250 1253 1318 ποιήσας
1302 1247 1472 1321 εὐχὴν
1522 1247 1611 1301 καὶ
1657 1246 1880 1311 καθίσας
1927 1246 2032 1302 ἐδί-

394 1336 580 1392 δασκεν
613 1339 766 1393 αὐτὸν
822 1338 872 1393 ἐν
921 1336 1191 1410 Πνεύματι
1242 1336 1383 1411 ἁγίῳ
1440 1334 1564 1409 μίαν
1618 1337 1843 1407 ἑκάστην
1885 1336 2035 1391 ἐντο-

396 1425 500 1494 λὴν
532 1431 636 1482 τῶν
669 1424 1002 1502 διδαγμάτων
1043 1431 1143 1481 τοῦ
1188 1429 1431 1499 Χριστοῦ
1477 1423 1793 1501 πληρῶσαι.
1828 1432 2035 1501 ’Ἀρχε-

396 1535 485 1569 ται
518 1513 607 1569 οῦν
642 1514 813 1591 λέγειν
843 1516 1001 1587 αὐτῷ’

2216 1252 2389 1315 Tum,
2421 1252 2685 1309 oratione
2724 1253 2895 1324 facta,
2955 1255 3287 1325 episcopus,
3340 1254 3553 1310 sedens
3606 1255 3808 1311 docuit

2145 1338 2396 1395 illumin
2442 1341 2661 1412 Spiritu
2694 1347 2917 1409 sancto,
2974 1342 3210 1415 singula
3262 1342 3481 1398 Christi
3530 1343 3806 1399 doctrina:

2148 1430 2428 1486 mandata
2456 1430 2769 1502 complere.
2805 1431 2899 1488 Sic
2922 1432 3119 1503 itaque
3151 1449 3322 1487 orsus
3356 1438 3482 1489 est:

1656 1633 1913 1688 Primum
1958 1634 2287 1690 mandatum
2319 1634 2386 1690 de
2422 1636 2548 1705 ﬁde.

462 1766 579 1839 Χρὴ
630 1765 718 1817 τὸν
780 1761 865 1816 ἐπὶ
922 1762 1020 1829 τὴν
1078 1756 1424 1830 ἀκηλίδωτον
1480 1758 1675 1832 ἀρετὴν
1726 1757 2027 1833 ἐρχόμενον

2214 1761 2359 1815 Eum
2393 1762 2491 1832 qui
2520 1763 2592 1817 ad
2626 1762 3064 1820 immaculatam
3117 1764 3395 1821 virtutem
3428 1767 3669 1835 accedit,
3702 1783 3808 1823 ve-

386 1855 473 1908 καὶ
508 1853 699 1925 σεμνὸν
738 1850 851 1927 βίον
887 1848 1313 1921 πολιτεύομενον
1347 1848 1435 1901 καὶ
1469 1846 1555 1901 ἐπὶ
1586 1852 1701 1908 τοῖς
1752 1846 2036 1920 προτέροις

385 1945 739 2018 ἁμαρτήμασι
794 1939 1157 2013 μετανοοῦντα
1187 1940 1300 2008 (37)
1348 1938 1454 2009 πρὸ
1504 1935 1718 1991 πάντων
1764 1935 2031 1989 πιστεύειν

383 2032 458 2093 εἷς
511 2028 603 2085 ἕνα
658 2030 789 2085 Θεὸν
849 2026 1278 2101 παντοκράτορα,
1337 2027 1573 2093 ποιητὴν
1643 2024 1873 2101 ούρανοῦ
1945 2026 2035 2078 καὶ

379 2127 505 2195 γῆς,
540 2122 748 2196 ὁρατῶν
806 2139 866 2173 τε
918 2118 1133 2172 πάντων
1191 2116 1279 2171 καὶ
1339 2115 1623 2189 ἀοράτων’
1678 2114 1767 2168 καὶ
1824 2113 1897 2174 εἷς
1943 2110 2035 2167 ἕνα

376 2211 571 2285 Κύριον
608 2209 819 2279 Ἰησοῦν
848 2207 1077 2282 Χριστὸν
1110 2206 1197 2260 τὸν
1234 2204 1354 2258 Υἳὸν
1403 2208 1500 2259 τοῦ
1547 2208 1676 2261 Θεοῦ
1722 2204 1811 2257 τὸν
1868 2223 2031 2273 μονο-

369 2305 522 2375 γενῆ,
557 2296 629 2353 δι’
658 2298 721 2352 οὗ
752 2299 819 2352 τὰ
865 2297 1039 2351 πάντα
1087 2294 1316 2370 ἐγένετο,
1342 2295 1407 2348 τὰ
1450 2293 1500 2348 ἐν
1550 2298 1629 2364 τῷ
1674 2292 1887 2364 οὐρατῷ
1943 2292 2032 2346 καὶ

371 2388 422 2443 ἐν
456 2393 523 2461 τῇ
558 2392 655 2463 γῇ,
688 2387 817 2442 Θεὸν
870 2392 1102 2460 Σωτῆρα
1155 2387 1314 2457 ἡμῶν
1368 2382 1703 2457 ὑπάρχοντα,
1736 2380 2028 2451 ὁμοούσιον

367 2482 446 2549 τῷ
474 2476 674 2550 ΙΙατρί’
720 2475 810 2530 καὶ
866 2475 940 2536 εἰς
993 2474 1056 2528 τὸ
1106 2474 1256 2549 ἅγιον
1308 2476 1548 2544 Πνεῦμα,
1578 2472 1640 2525 τὸ
1698 2470 1893 2545 Κύριον
1942 2472 2031 2523 καὶ

371 2567 673 2635 ζωοποιὸν,
705 2565 767 2619 τὸ
826 2564 885 2619 ἐκ
929 2568 1027 2617 τοῦ
1082 2563 1289 2637 Πατρὸς
1334 2561 1783 2636 ἐκπορευόμενον,
1816 2558 1877 2613 τὸ
1937 2558 2027 2613 σὺν

368 2654 541 2728 Πατρὶ
604 2654 693 2709 καὶ
760 2655 860 2725 (⁸⁷ιῷ
916 2651 1499 2729 συμπροσκυνούμενον
1571 2650 1660 2703 καὶ
1712 2645 2029 2718 συνδοξαζό-

372 2764 552 2816 μενον.
593 2744 690 2805 Εἷς
722 2744 849 2804 Θεὸς
884 2742 1048 2815 μόνος
1082 2744 1109 2796 ὁ
1139 2740 1313 2795 πάντα
1341 2743 1565 2815 χωρῶν,
1596 2738 1759 2810 μόνος
1794 2735 1850 2792 δὲ
1879 2737 2030 2812 ἀχώ-

363 2853 541 2907 ρητοις
594 2830 690 2901 ὢν,
723 2831 812 2887 καὶ
860 2830 942 2885 ὅτι
990 2832 1161 2885 πάντα
1209 2826 1450 2899 δύναται,
1484 2825 1740 2882 ἀδύνατον
1795 2823 1851 2880 δὲ
1882 2826 2028 2891 αύτῷ

359 2920 552 2977 οὐδέν.
616 2922 737 2977 Ἐὰν
793 2919 935 2974 οὕτω
999 2918 1284 2991 πιστεύσῃς
1345 2916 1395 2987 ἐξ
1454 2915 1592 2985 ὅλης
1651 2912 1874 2990 καρδίας
1934 2936 2029 2969 σου

358 3012 447 3066 καὶ
508 3010 558 3081 ἐξ
608 3008 746 3079 ὅλης
802 3012 987 3084 ψυχῆς
1021 3008 1110 3062 καὶ
1142 3008 1193 3077 εξ
1224 3006 1361 3077 ὅλης
1395 3005 1586 3080 ἰσχύος
1636 3026 1752 3074 σου,
1786 3004 1875 3058 καὶ
1925 3024 2028 3081 φο-

2146 1852 2468 1906 nerandam
2500 1852 2570 1921 (2)
2596 1852 2759 1907 ducit
2781 1852 2984 1921 vitam,
3030 1855 3577 1925 prmteritorumque
3606 1871 3806 1927 pecca-

2144 1944 2337 1995 torum
2367 1940 2771 2011 pcenitentiam
2805 1942 2947 2013 agit,
2998 1948 3227 2013 oportet
3256 1948 3391 2000 ante
3439 1945 3638 2000 omnia
3681 1960 3804 2001 cre-

2145 2029 2280 2084 dere
2304 2029 2363 2083 in
2387 2046 2569 2085 unum
2601 2030 2785 2086 Deum
2843 2032 3327 2103 omnipotentem,
3363 2034 3642 2090 factorem
3675 2033 3806 2089 cceli

2144 2121 2201 2171 et
2231 2122 2418 2184 terrae,
2449 2118 2773 2174 visibilium
2807 2119 3073 2175 omnium
3106 2126 3163 2176 et
3194 2121 3604 2177 invisibilium.
3644 2122 3707 2176 Et
3740 2122 3800 2178 in

2145 2224 2331 2262 unum
2354 2208 2669 2263 Dominum
2698 2208 2904 2265 Jesum
2936 2209 3232 2265 Christum
3275 2210 3487 2265 Filium
3545 2212 3641 2265 Dei
3675 2211 3804 2265 uni-

2142 2297 2430 2368 genitum,
2467 2313 2566 2369 per
2596 2314 2770 2369 quem
2803 2299 3001 2354 omnia
3024 2299 3171 2354 facta
3204 2304 3360 2366 sunt,
3396 2316 3526 2370 qua:
3566 2300 3624 2355 in
3658 2300 3802 2356 cmlo

2142 2389 2200 2439 et
2233 2402 2363 2457 quia
2387 2386 2445 2441 in
2478 2391 2667 2441 terra:
2701 2386 2887 2442 Deum
2933 2388 3289 2444 Salvatorem
3338 2393 3626 2456 nostrum,
3663 2404 3800 2443 con-

2143 2475 2592 2529 substantialem
2628 2475 2801 2530 Patri.
2836 2477 2904 2530 Et
2932 2475 2992 2530 in
3042 2476 3325 2547 Spiritum
3367 2481 3637 2531 sanctum
3689 2480 3801 2532 Do-

2142 2561 2368 2617 minum
2400 2568 2458 2618 et
2486 2564 2899 2633 viviﬁcantem,
2940 2565 3037 2637 qui
3082 2582 3150 2620 ex
3180 2569 3348 2620 Patre
3383 2564 3667 2637 procedit,
3697 2565 3800 2637 qui

2141 2667 2274 2706 cum
2308 2651 2475 2706 Patre
2506 2657 2562 2706 et
2592 2651 2736 2707 Filio
2768 2652 2947 2708 simul
2989 2654 3268 2709 adoretur
3298 2660 3352 2709 et
3391 2654 3797 2725 congloriﬁca-

2140 2745 2254 2795 tur.
2284 2739 2445 2795 Unus
2478 2744 2629 2795 Deus
2659 2741 2823 2796 solus
2838 2742 2939 2812 qui
2973 2743 3173 2797 omnia
3194 2742 3609 2809 continet,eum
3636 2742 3799 2799 solus

2140 2830 2265 2901 ipse
2291 2828 2574 2884 contineri
2609 2835 2892 2901 nequeat:
2920 2832 3019 2903 qui
3052 2832 3253 2887 omnia
3284 2835 3495 2902 potest,
3535 2830 3799 2902 nihilque

2140 2918 2251 2990 ipsi
2283 2918 2649 2988 impossibile
2680 2923 2790 2976 est.
2826 2920 2884 2974 Si
2938 2936 3005 2975 eo
3065 2920 3238 2975 modo
3290 2921 3497 2975 credas
3557 2936 3625 2974 ex
3681 2924 3800 2976 toto

2139 3009 2311 3062 corde
2341 3014 2462 3073 tuo,
2494 3024 2564 3063 ex
2594 3014 2712 3065 tota
2759 3009 2957 3065 animo.
2986 3015 3106 3077 tua,
3156 3015 3213 3065 et
3270 3025 3338 3065 ex
3396 3014 3516 3065 tota
3573 3011 3801 3065 fortitu-

363 3096 548 3173 ϐηθῇς
580 3099 766 3170 αὐτὸν,
797 3098 887 3154 καὶ
918 3097 1292 3173 ἐγκρατεύσῃς,
1326 3096 1399 3157 ὡς
1431 3096 1578 3170 λέγω
1627 3115 1733 3166 σοι,
1776 3093 2020 3148 εἰσακου-

398 3191 456 3199 -.
611 3187 621 3199 .
845 3189 858 3199 .
922 3185 945 3199 .,
1073 3187 1091 3199 ..
1292 3186 1304 3199 ε
1528 3184 1539 3199 ι
1689 3181 1708 3199 η
1748 3184 1791 3199 ,.
2014 3183 2026 3199 ,

2149 3096 2292 3164 iine,
2316 3112 2572 3168 eumque
2602 3099 2833 3169 timeas,
2859 3103 2916 3154 et
2971 3104 3369 3170 temperanter
3398 3115 3560 3170 agas,
3596 3102 3661 3153 ut
3692 3098 3803 3154 tibi

364 3187 621 3259 σθήσεταί
690 3208 785 3241 σου
834 3189 869 3256 ἠ
920 3185 1165 3257 ἔντευξις,
1218 3186 1308 3239 καὶ
1357 3184 1642 3244 πιστεύσας
1689 3181 1842 3256 λήψῃ
1900 3183 2026 3255 παρ’

364 3278 535 3333 αὐτοῦ
562 3278 661 3346 τὴν
701 3276 955 3351 βοήθειαν
1004 3274 1093 3330 καὶ
1121 3274 1275 3344 νίκην
1318 3272 1406 3327 καὶ
1458 3271 1728 3347 σωτηρίαν
1780 3270 1855 3333 εἷς
1904 3269 2029 3332 τοὺς

368 3368 589 3428 αἰῶνας.
621 3366 825 3439 Ἀμήν.

2140 3186 2289 3253 dico,
2323 3187 2669 3242 exaudiatur
2691 3189 2945 3259 precatio
2977 3192 3112 3244 tua:
3152 3192 3210 3243 et
3267 3204 3400 3243 cum
3458 3187 3801 3259 credideris,

2138 3279 2487 3346 accepturus
2517 3275 2588 3330 ab
2616 3292 2681 3331 eo
2712 3292 2774 3334 es
2797 3276 3105 3348 auxilium,
3137 3276 3441 3333 victoriam
3464 3281 3520 3332 et
3550 3275 3802 3333 salutem

2138 3363 2199 3419 in
2227 3362 2462 3421 saecula.
2488 3365 2692 3421 Amen.
3567 3364 3583 3372 ⁸

836 3528 1145 3588 Secundum
1166 3528 1520 3595 mandatum,
1552 3526 1893 3600 simplicitas
1913 3530 2221 3585 servanda:
2249 3544 2362 3583 non
2414 3528 2744 3600 loquendum
2774 3526 3030 3583 adversus
3059 3528 3402 3600 proximum.

440 3657 497 3712 2.
531 3653 631 3708 Καὶ
662 3652 889 3714 ἀναστὰς
920 3649 1139 3723 ηὔξατο,
1168 3650 1257 3704 καὶ
1309 3650 1442 3723 μετὰ
1486 3651 1585 3718 τὴν
1644 3649 1815 3725 εὐχήν
1873 3648 2021 3725 λέγει

372 3743 535 3815 αὐτῷ·
712 3741 1027 3813 ’Δπλότητα
1056 3738 1173 3817 ἔχε,
1204 3740 1294 3795 καὶ
1345 3738 1540 3801 ἄκακος
1591 3744 1748 3815 γενοῦ
1796 3738 1886 3794 καὶ
1935 3736 2023 3794 ἔσο

377 3832 447 3893 ὡς
477 3833 542 3886 τὰ
569 3833 742 3903 νήπια
796 3832 864 3886 τὰ
915 3832 991 3905 μή
1040 3830 1374 3907 γινώσκοντα
1422 3829 1686 3902 πονηρίαν
1740 3830 1836 3897 τὴν
1889 3830 2023 3883 ἀπο-

380 3917 569 3975 λοῦσαν
626 3922 726 3991 τὴν
788 3919 1058 3994 σωτηρίαν
1120 3924 1226 3974 τῶν
1285 3920 1606 3995 ἀνθρώπων.
1638 3921 1745 3990 (39)
1798 3919 2019 3993 Πρῶτον

388 4009 478 4079 μὲν
513 4008 736 4082 μηδενὸς
766 4007 1084 4081 καταλάλει,
1120 4007 1261 4082 μηδὲ
1288 4006 1465 4078 ἡδὲως
1499 4006 1659 4063 ἄκουε
1707 4012 1804 4062 τοῦ
1862 4027 2021 4061 κατα-

387 4094 697 4161 λαλοῦντος’
732 4098 777 4155 εἷ
802 4096 860 4154 δὲ
893 4100 993 4172 μὴ,
1025 4097 1114 4154 καὶ
1163 4098 1225 4152 σὺ
1274 4096 1483 4151 ἀκούων
1524 4094 1715 4170 ἔνοχος
1775 4092 1866 4169 ἔσῃ
1923 4102 2021 4164 τῆς

384 4186 647 4262 ἁμαρτίας
676 4193 770 4243 τοῦ
817 4185 1283 4256 καταλαλοῦντος,
1316 4186 1402 4241 ἐὰν
1452 4185 1744 4257 πιστεύσῃς
1802 4188 1869 4257 τῇ
1928 4204 2022 4237 κα-

380 4273 636 4347 ταλαλιᾷ,
732 4276 817 4333 ἐὰν
842 4277 1089 4351 ἀκούσῃς’
1122 4276 1409 4338 πιστεύσας
1438 4275 1541 4349 γὰρ
1594 4273 1683 4328 καὶ
1742 4273 1804 4326 σὺ
1861 4271 2023 4334 αὐτὸς

379 4361 478 4436 ἕξει
511 4367 642 4422 κατὰ
670 4372 768 4421 τοῦ
798 4364 1037 4445 ἀδελφοῦ
1068 4388 1188 4436 σου,
1220 4365 1392 4427 οὕτως
1426 4362 1516 4419 οὖν
1553 4360 1743 4438 ἔνοχος
1797 4360 1889 4435 ἔσῃ
1929 4365 2026 4416 τοῦ

374 4454 836 4517 καταλαλοῦντος.
900 4455 1145 4531 Πονηρὸν
1203 4455 1303 4531 γὰρ
1360 4454 1576 4526 πνεῦμά
1633 4454 1745 4524 (40)
1804 4450 1943 4506 ἐστιν
1993 4452 2028 4519 ἡ

373 4543 712 4614 ωταλαλιά,
771 4545 859 4600 καὶ
937 4544 1298 4600 ἀκατάστατον
1366 4540 1692 4616 δαιμόνιον,
1758 4538 2033 4613 μηδέποτε

379 4632 679 4710 εἲρηνεῦον,
712 4633 859 4689 ἆΛλά
914 4634 1144 4688 πάντοτε
1201 4631 1252 4687 ἐν
1314 4630 1682 4708 διχοστασίαις
1723 4633 2030 4685 κατοικοῦν.

380 4724 590 4800 ’Λπεχε
640 4721 731 4777 οὗν
780 4722 870 4778 ἀπ’
924 4722 1086 4778 αὐτοῦ
1143 4723 1232 4777 καὶ
1288 4721 1510 4797 εἰρήνην
1560 4717 1693 4792 ἕξεις
1744 4722 1853 4789 (id)
1901 4718 2035 4790 μετὰ

376 4814 619 4868 πάντων.
650 4809 907 4869 Ἔνδυσαι
966 4809 1025 4867 δὶ
1072 4813 1171 4881 τήν
1224 4810 1511 4880 ἁπλότητα
1558 4808 1653 4862 παὶ
1702 4809 1801 4875 τήν
1838 4804 2030 4879 σεμνό-

374 4923 537 4975 τητα,
598 4901 651 4956 ἐν
702 4904 785 4964 οἷς
837 4899 989 4956 οὐδὲν
1041 4901 1378 4975 πρόσκομμα
1434 4899 1541 4953 ἔστι
1599 4896 1859 4969 πονηρὸν,
1890 4892 2037 4949 ἀλλά

457 5083 565 5155 (37)
599 5084 719 5159 Hoc
750 5086 1011 5159 primum
1045 5087 1389 5159 mandatum
1447 5102 1517 5140 ex
1576 5083 1788 5159 primo
1823 5080 2046 5159 Hermas

384 5153 1034 5230 Pastoralisrmandato.
1066 5157 1103 5213 1.
1140 5175 1204 5227 ιι,
1238 5176 1294 5230 p.
1328 5157 1417 5224 44,
1450 5162 1506 5214 et
1536 5153 1603 5212 ei
1633 5153 1908 5227 Symbolo
1942 5153 2043 5208 Ni-

386 5244 548 5284 caeno
580 5229 913 5286 confectum
945 5235 1053 5286 est.

459 5300 574 5371 (38)
604 5300 749 5356 Vide
780 5302 891 5357 hoc
932 5301 1256 5358 secundum
1307 5299 1655 5371 mandatum
1696 5296 1852 5369 apud
1906 5296 2043 5349 Her-

389 5370 574 5438 mam,
610 5389 667 5442 p.
701 5374 769 5428 44
793 5391 806 5405 ·
842 5374 1299 5442 Simplicitatem,
1315 5370 1472 5437 habe,
1506 5379 1560 5425 et
1608 5372 1869 5442 innocens
1907 5375 2046 5442 cato.

464 5389 574 5438 am,
701 5389 769 5428 ea
793 5391 806 5405 ·
842 5389 1287 5452 eampucuawm
1315 5389 1472 5451 pave,
1506 5389 1560 5425 ει
1608 5389 1869 5425 mnoch
1915 5389 2046 5449 εδιυ.

464 5442 595 5525 (39).
660 5461 740 5525 acc
766 5445 1090 5525 Antiochus
1122 5441 1368 5525 humilia
1396 5443 1488 5507 29,
1509 5459 1578 5525 ρ.
1599 5444 1633 5525 χι
1647 5441 1774 5506 O77,
1824 5439 1935 5525 s‘ed‘
1970 5442 2052 5523 13.3

393 5506 605 5584 incipit
637 5534 650 5584 ;
687 5513 861 5571 Καλὸν
917 5515 1011 5570 οὗν
1068 5513 1230 5584 ἐστιν⁸
1270 5511 1357 5584 ἐπὶ
1423 5506 1651 5584 μηδενὸς
1701 5506 2051 5584 καταλαλεῖν,

399 5580 542 5657 μηδξ
587 5583 769 5653 ἡδέως
816 5585 1030 5642 ἀκούειν
1078 5580 1545 5657 καταλαλοῦντος,
1594 5581 2054 5657 accommodatis

396 5654 625 5713 scilicet
653 5661 726 5716 ad
758 5659 1012 5716 homiliae
1046 5676 1166 5715 suae
1188 5655 1664 5727 seriem,Herma)
1692 5654 1906 5727 verbis,
1926 5668 2053 5727 quas

399 5733 708 5789 contextus
766 5737 966 5790 noster
1018 5730 1253 5788 exhibet
1319 5725 1669 5786 accuratius.
1729 5725 2057 5783 Antiochus

2204 3652 2257 3705 2.
2291 3652 2668 3724 Surgensque
2690 3652 2896 3719 oravit,
2957 3657 3013 3706 et
3067 3650 3339 3707 absoluta
3392 3651 3680 3718 oratione,
3713 3651 3796 3707 ait

2134 3740 2217 3795 illi
2244 3758 2256 3795 :
2282 3742 2731 3813 Simplicitatem
2765 3741 2939 3809 habe,
2968 3746 3026 3796 et
3082 3742 3211 3796 sine
3262 3740 3489 3796 malitia
3544 3746 3690 3811 esto,
3724 3756 3789 3795 ac

2133 3829 2289 3885 velut
2320 3830 2598 3899 infantes,
2630 3831 2730 3902 qui
2762 3830 3037 3901 ignorant
3068 3829 3354 3885 malitiam
3397 3829 3575 3885 saluti
3601 3829 3793 3886 homi-

2134 3936 2278 3977 num
2311 3918 2626 3975 exitialem.
2660 3918 2924 3974 Primum
2976 3919 3215 3990 quidem
3287 3934 3358 3974 ne
3390 3918 3647 3989 cuipiam
3691 3918 3792 3972 ob-

2134 4011 2364 4074 trectes,
2400 4022 2585 4077 neque
2625 4008 3074 4063 obtrectatorem
3107 4007 3356 4063 libenter
3382 4006 3609 4062 audias.
3635 4005 3795 4060 Alio-

2134 4098 2277 4166 quin
2309 4100 2373 4150 tu
2406 4096 2553 4167 ipse,
2589 4096 2690 4166 qui
2722 4096 2914 4163 audis,
2941 4113 3074 4151 reus
3099 4097 3214 4152 eris
3248 4097 3467 4167 peccati
3500 4096 3796 4151 obtrecta-

2134 4185 2299 4251 toris,
2333 4184 2383 4238 si
2410 4184 2824 4239 obtrectationi
2865 4184 3039 4239 ﬁdem
3075 4185 3313 4253 habeas,
3346 4186 3437 4239 cui
3490 4190 3555 4239 tu
3589 4198 3793 4239 aurem

2136 4272 2486 4345 praebuisti;
2551 4288 2709 4337 nam,
2761 4272 2809 4326 si
2870 4272 3216 4340 credideris,
3272 4274 3398 4345 ipse
3446 4278 3680 4344 peccato
3736 4271 3798 4327 in

2138 4364 2378 4417 fratrem
2403 4367 2573 4417 tuum
2606 4361 2915 4431 obnoxius,
2948 4367 3124 4433 atque
3182 4362 3264 4417 ita
3320 4379 3455 4417 cum
3506 4363 3802 4417 obtrecta-

2138 4456 2263 4508 tore
2294 4467 2429 4507 reus
2454 4450 2590 4506 eris.
2626 4450 2882 4523 Spiritus
2914 4449 3130 4522 quippe
3159 4449 3454 4522 malignus
3485 4455 3574 4505 est
3603 4450 3797 4505 obtre-

2141 4541 2339 4611 ctatio,
2372 4544 2428 4596 et
2456 4538 2861 4595 turbulentum
2885 4537 3267 4607 daemonium,
3302 4539 3457 4611 quod
3496 4555 3797 4609 nunquam

2142 4631 2199 4685 in
2230 4646 2370 4701 pace
2400 4629 2583 4701 degit,
2607 4630 2704 4684 sed
2734 4645 2963 4701 semper
3008 4629 3065 4683 in
3118 4628 3647 4701 disceptationibus
3678 4643 3805 4683 ver-

2144 4718 2421 4773 eatur.Ab
2440 4734 2508 4774 ea
2536 4718 2722 4789 igitur
2752 4734 2813 4773 re
2845 4718 3163 4786 abstineto,
3211 4724 3268 4774 et
3325 4718 3566 4789 paoiﬂce
3627 4718 3805 4789 deges

2144 4825 2278 4864 cum
2312 4808 2610 4863 omnibus.
2644 4808 2829 4863 Indue
2863 4808 3306 4879 simplicitatem
3330 4812 3388 4863 et
3410 4808 3808 4875 honestatem,

2148 4896 2367 4968 quibus
2428 4895 2659 4953 nullum
2706 4896 2862 4952 inest
2910 4897 3327 4953 oifendiculum
3388 4896 3659 4964 malum;
3705 4894 3808 4953 sed

2158 5078 2333 5135 etiam
2363 5077 2547 5150 multa
2577 5094 2683 5150 suo
2706 5081 2899 5150 marte
2921 5079 3146 5149 adjicit,
3163 5082 3227 5134 ut
3250 5079 3463 5150 cuique
3486 5077 3678 5131 videre
3698 5078 3810 5131 est.

2156 5182 2223 5189 __
2256 5150 2387 5204 Mox
2416 5149 2612 5221 vulgo,
2703 5146 2810 5203 ἐάν.
2844 5146 3054 5205 ΝοιΤέ.
3102 5220 3105 5221 ν
3366 5146 3387 5150 _
3478 5219 3486 5221 _
3600 5216 3614 5221 _
3698 5217 3709 5221 _
3748 5168 3753 5171 ⁸

2229 5222 2342 5293 (40)
2372 5216 2607 5292 Πνεῦμα
2634 5216 2864 5276 videtur
2904 5220 3244 5293 irrepsisse,
3268 5221 3351 5275 sic
3399 5219 3553 5275 enim
3600 5216 3815 5289 legitur

2159 5293 2219 5347 in
2240 5292 2478 5349 'Pastore
2503 5312 2520 5347 :
2552 5294 2871 5348 Perniciosa
2900 5297 2975 5347 est
2998 5292 3285 5347 detractio.

2231 5364 2343 5435 (41)
2376 5364 2507 5420 Haec
2539 5364 2623 5419 sic
2656 5364 2933 5433 leguntur
2963 5364 3021 5419 in
3052 5365 3289 5435 Pastore
3316 5379 3333 5416 :
3362 5362 3426 5415 Et
3453 5374 3667 5435 semper
3713 5374 3813 5428 pa-

2160 5431 2275 5491 cem
2327 5431 2462 5491 habe
2515 5452 2639 5491 cum
2692 5431 2870 5504 fratre
2923 5443 3031 5490 tuo.
3090 5433 3263 5489 Indue
3289 5431 3655 5504 constantiam
3681 5445 3814 5504 san-

2163 5511 2327 5572 ctam,
2359 5508 2422 5561 in
2478 5523 2586 5577 qua
2641 5499 2801 5560 nulla
2857 5512 2989 5561 sunt
3042 5508 3292 5577 peccata,
3323 5503 3413 5559 sed
3468 5501 3657 5558 omnia
3690 5499 3819 5555 laeta

2162 5581 2313 5647 sunt,
2345 5582 2454 5647 etc.

2236 5645 2349 5721 (42)
2382 5646 2446 5705 Id
2481 5653 2591 5715 est,
2624 5645 3033 5704 monasticam.
