4132 6356
341 406 458 464 559

1504 393 1569 453 S.
1617 385 2145 451 ATHANASIUS.
2166 415 2240 428 -
2271 384 2582 446 SPURIA.

3643 383 3764 444 560

338 535 532 591 omnia
567 531 743 606 plana
785 534 960 600 atque
998 526 1384 599 jucunda:et
1441 523 1597 578 vives
1645 521 1705 576 in
1759 517 1973 575 secula

2111 515 2283 568 πάντα
2314 512 2498 586 ὁμαλά
2528 514 2618 567 καὶ
2649 513 2831 586 ἱλαρά·
2864 511 2952 567 καὶ
2987 513 3169 582 ζήσεις
3222 511 3298 574 εἰς
3353 510 3480 574 τοὺς
3534 510 3758 574 αἴῶνας.

343 627 550 680 Amen.

2104 604 2302 676 Ἀμήν.

1298 743 1449 798 203
1475 741 1709 796 Tertium
1735 735 2080 803 mandatum,
2102 733 2458 788 mendacium
2487 732 2796 788 vitandum.

417 854 471 907 3.
522 853 590 906 Et
639 862 956 919 exsurgens
988 844 1190 910 oravit,
1241 841 1643 912 completaq‘he
1699 836 1980 903 oratione,

336 943 547 999 sedens
574 941 655 995 ait
685 937 810 992 illi:
865 935 1017 990 Audi
1073 934 1182 989 hoc
1229 933 1367 987 item
1420 932 1784 985 mandatum.
1834 924 1990 981 Veri-

334 1036 518 1088 tatem
568 1028 765 1099 dilige,
824 1024 1134 1094 omnisque
1191 1021 1406 1077 veritas
1467 1018 1707 1090 prodeat
1750 1033 1817 1072 ex
1893 1029 1992 1068 ore

336 1126 457 1190 tuo,
493 1123 557 1174 ut
586 1118 646 1172 in
679 1123 733 1172 te
757 1115 979 1170 habitet
1005 1111 1259 1185 Spiritus
1309 1109 1428 1164 Dei.
1476 1107 1585 1173 Qui
1637 1105 1794 1160 enim
1828 1120 1992 1158 men-

333 1210 587 1274 tiuntur,
619 1207 804 1262 Deum
837 1205 1241 1260 contemnunt.
1267 1202 1551 1269 Accepere
1583 1211 1838 1266 namque
1863 1193 1992 1264 Spi-

330 1299 513 1354 ritum
545 1295 826 1360 veritatis,
861 1297 918 1348 et
949 1292 1087 1346 facti
1109 1295 1244 1345 sunt
1276 1284 1607 1343 habitacula
1665 1282 1782 1338 veri
1816 1281 1992 1354 Spiri-

331 1394 448 1444 tus.
475 1388 533 1442 Si
567 1386 766 1456 itaque
795 1383 1098 1438 veritatem
1145 1377 1416 1446 servaris,
1450 1375 1668 1445 poteris
1705 1371 1810 1427 tibi
1844 1387 1994 1426 com-

329 1493 535 1549 parare
562 1477 760 1530 vitam.
785 1473 1194 1528 Juramentum
1220 1484 1389 1539 porro
1413 1465 1530 1520 sive
1569 1481 1670 1535 pro
1687 1463 1852 1532 justa
1874 1461 1994 1514 sive

328 1583 432 1638 pro
459 1565 678 1634 iniusta
733 1579 791 1617 re
839 1561 1070 1632 fugias;
1103 1563 1158 1613 et
1189 1557 1408 1611 veritas
1467 1552 1800 1608 introducet
1848 1549 1990 1603 tein

324 1655 505 1711 vitam
535 1648 931 1708 immortalem
952 1653 1011 1702 in
1045 1645 1276 1703 saecula.
1305 1651 1523 1700 Amen.

2165 834 2217 886 3.
2251 833 2361 903 (43)
2400 830 2499 886 Καὶ
2546 830 2780 892 ἀναστὰς
2842 826 3063 901 ηὔξατο,
3095 830 3184 883 καὶ
3247 829 3381 902 μετά
3435 829 3534 897 τὴν
3595 827 3765 902 εὐχὴν

2100 920 2323 982 καθίσας
2383 918 2530 994 λέγει
2586 918 2773 992 αὐτῷ’
2825 926 3027 976 ’Ἄκουε
3072 919 3161 974 καὶ
3213 919 3413 989 ταύτην
3458 919 3557 987 τήν
3613 916 3762 972 ἐντο-

2103 1008 2228 1079 λήν.
2261 1008 2554 1079 Ἀλήθειαν
2588 1008 2768 1084 ἀγάπα
2800 1012 2936 1082 (44),
2967 1010 3054 1064 καὶ
3085 1015 3227 1063 πᾶσα
3278 1007 3508 1078 ἀλήθεια
3557 1007 3615 1062 ἐκ
3661 1010 3760 1061 τοῦ

2102 1097 2371 1170 στόματός
2402 1119 2496 1153 σου
2547 1099 2942 1174 ἐκπορευέσθω,
2969 1095 3060 1152 ἵνα
3107 1099 3169 1152 τὸ
3219 1101 3440 1170 Πνεῦμα
3482 1101 3578 1150 τοῦ
3627 1099 3762 1151 Θεοῦ

2101 1191 2331 1261 κατοικῇ
2364 1208 2471 1244 σοι.
2506 1188 2572 1245 Οἱ
2622 1188 2725 1263 γὰρ
2776 1185 3101 1262 ψευδόμενοι
3164 1187 3411 1252 ἀθετοῦσι
3470 1186 3562 1241 τὸν
3607 1187 3757 1242 Θεόν.

2102 1271 2342 1331 Ἔλαϐον
2379 1276 2481 1352 γὰρ
2513 1281 2731 1349 Πνεῦμα
2761 1276 3021 1346 ἀληθείας
3067 1276 3156 1332 καὶ
3207 1274 3452 1353 ἐγένοντο
3504 1275 3759 1346 οίκτητή-

2104 1385 2192 1439 ρια
2215 1370 2312 1419 τοῦ
2356 1365 2623 1435 ἀληθινοῦ
2659 1364 2990 1437 [Ινεύματος.
3023 1366 3144 1420 Ἐἀν
3198 1363 3290 1419 οῦν
3345 1365 3445 1432 τὴν
3500 1363 3756 1436 ἀλήθειαν

2104 1453 2368 1531 φυλάξῃς,
2405 1451 2606 1526 δυνήσῃ
2657 1453 2862 1525 σεαυτῷ
2919 1455 3061 1522 ζωὴν
3122 1455 3598 1529 περιποιήσασθαι.
3632 1455 3760 1526 Ὅρ-

2101 1563 2194 1596 κον
2255 1539 2311 1596 δὲ
2370 1539 2597 1603 δικαίως
2657 1543 2690 1610 ἢ
2750 1539 2951 1604 ἀδίκως
3012 1539 3254 1617 ἕκφευγε,
3288 1543 3376 1596 καὶ
3435 1543 3470 1610 ἡ
3530 1541 3760 1612 ἀλήθεια

2105 1631 2295 1703 εἰσάξει
2330 1652 2385 1685 σε
2417 1631 2491 1693 είς
2525 1633 2624 1699 τὴν
2659 1632 2802 1700 ζωὴν
2849 1631 2948 1700 τὴν
2997 1631 3256 1686 ἀθάνατον
3318 1630 3392 1692 είς
3446 1631 3574 1692 τοὺς
3634 1629 3760 1684 αίῶ-

2104 1741 2218 1782 νας.
2251 1721 2449 1793 Ἀμήν.

1402 1858 1666 1925 Quartum
1695 1851 2039 1914 mandatum,
2071 1847 2302 1903 castitas
2331 1845 2621 1900 servanda.

398 1967 448 2021 4.
479 1966 623 2020 Cum
646 1967 914 2019 orassent
956 1959 1066 2027 illi,
1122 1959 1332 2014 sedens
1367 1957 1678 2029 episcopus
1726 1953 1809 2008 sic
1841 1965 1977 2005 eum

2162 1947 2213 2000 4.
2247 1946 2349 2013 (45)
2385 1943 2483 1997 Καὶ
2542 1941 2843 2018 εὐξαμένων
2897 1942 3098 2015 αὐτῶν,
3131 1943 3408 2008 καθεσθείς
3459 1944 3486 1998 ὁ
3537 1942 3755 1999 ἐπίσκο-

324 2054 648 2126 alloquitur
673 2070 684 2106 :
705 2050 854 2106 Audi
886 2051 1063 2105 etiam
1088 2052 1366 2120 quartum
1412 2044 1779 2100 mandatum.
1813 2041 1990 2095 Serva

326 2145 680 2212 castitatem,
714 2157 902 2212 neque
934 2141 993 2194 in
1053 2137 1224 2193 corde
1269 2141 1368 2191 tuo
1434 2138 1668 2189 maneat
1713 2127 1986 2202 cogitatio

329 2233 526 2288 uxoris
555 2232 778 2300 alienae,
822 2233 923 2284 aut
954 2225 1357 2283 fornicationis
1406 2221 1764 2294 cujuspiam,
1826 2217 1990 2272 simi-

322 2322 540 2377 liumve
563 2321 892 2375 nominum.
927 2318 1073 2372 Nam
1118 2317 1225 2371 hoc
1258 2316 1307 2369 si
1358 2329 1521 2384 agas,
1570 2324 1852 2382 magnum
1897 2306 1993 2361 ad-

326 2412 515 2467 mittis
535 2414 967 2482 peccatum,nec
982 2423 1096 2461 non
1127 2406 1173 2460 si
1201 2408 1456 2459 mentem
1480 2405 1643 2455 tuam
1663 2416 1695 2453 a
1711 2395 1867 2468 turpi
1887 2395 1991 2449 hu-

315 2500 580 2572 jusmodi
624 2497 936 2570 phantasia
967 2511 1080 2550 non
1115 2489 1715 2560 averterisSiquidem
1750 2484 1837 2540 vel
1865 2485 1991 2556 ipsa

327 2588 628 2662 cogitatio,
653 2588 860 2659 ingens
887 2585 982 2640 Dei
1016 2582 1236 2639 famulo
1259 2586 1346 2636 est
1398 2577 1708 2651 flagitium.
1743 2574 1906 2641 Quod
1940 2572 1990 2662 si

325 2661 460 2748 quis
493 2677 715 2732 malum
741 2677 848 2730 hoc
899 2675 1126 2730 facinus
1173 2671 1464 2736 admittat,
1500 2669 1551 2722 is
1584 2670 1834 2721 mortem
1876 2661 1988 2717 sibi

328 2766 580 2823 conﬁcit.
615 2765 758 2820 Vide
780 2764 983 2836 igitur,
1016 2763 1086 2817 ab
1115 2759 1454 2832 hujusmodi
1487 2755 1838 2829 cogitatione
1864 2752 1992 2807 abs-

326 2856 534 2912 tineas.
569 2854 715 2910 Nam
750 2854 850 2908 ubi
892 2852 1169 2908 honestas
1192 2849 1555 2919 castitasque
1587 2844 1833 2909 habitat,
1870 2840 1989 2896 illic

327 2944 520 3000 scelus
544 2960 616 2999 ne
665 2942 962 2998 ascendat.
1010 2941 1173 3005 Quod
1231 2937 1521 3010 frequenti
1582 2939 1638 2990 et
1694 2931 1990 2988 laboriosa

327 3036 587 3091 oratione
618 3034 934 3089 obtinetur.
992 3031 1107 3086 Hoc
1140 3029 1320 3101 igitur
1361 3027 1532 3082 facito
1591 3028 1647 3079 et
1709 3022 1867 3077 vives
1925 3021 1987 3074 in

333 3124 561 3182 saecula.
587 3127 790 3177 Amen.

2100 2054 2199 2095 πος
2262 2032 2406 2108 λέγει
2466 2033 2631 2104 αὐτῷ’
2664 2035 2863 2089 Ἄκουε
2919 2033 3010 2086 καὶ
3067 2039 3166 2102 τῆς
3198 2032 3458 2106 τετάρτης
3504 2032 3755 2104 ἐντολῆς.

2099 2122 2351 2176 Φύλασσε
2407 2123 2506 2190 τὴν
2567 2121 2802 2196 ἁγνείαν,
2862 2121 2951 2175 καὶ
3015 2122 3092 2193 μὴ
3145 2116 3477 2176 ἀναϐαινέτω
3527 2124 3640 2197 (46)
3668 2123 3756 2179 ἐπὶ

2101 2213 2199 2279 τὴν
2233 2208 2454 2286 καρδίαν
2487 2232 2584 2266 σου
2615 2211 2737 2286 περὶ
2768 2209 3018 2284 γυναικὸς
3051 2209 3349 2287 ἀλλοτρίας
3380 2212 3415 2280 ἢ
3448 2211 3572 2287 περὶ
3621 2231 3755 2288 πορ-

2103 2301 2245 2362 νείας
2303 2301 2449 2362 τινὸς
2502 2302 2535 2369 ἢ
2589 2301 2713 2375 περὶ
2775 2300 3034 2355 τοιούτων
3095 2300 3402 2373 ὀνομάτων.
3434 2305 3603 2356 Τοῦτο
3657 2303 3756 2378 γὰρ

2103 2395 2273 2444 ποιῶν
2308 2389 2571 2464 ἁμαρτίαν
2610 2389 2854 2466 μεγάλην
2889 2388 3108 2463 ἐργάζῃ,
3142 2391 3216 2462 μή
3248 2389 3463 2465 ταχέως
3521 2392 3756 2468 ἀφιστῶν

2101 2480 2191 2534 τὸν
2245 2483 2366 2532 νοῦν
2401 2499 2494 2532 σου
2528 2483 2624 2533 τοῦ
2671 2478 2924 2533 τοιούτου
2973 2479 3207 2554 αἰσχροῦ
3249 2479 3555 2556 φάσματος.
3588 2483 3622 2550 ἡ
3655 2480 3758 2557 γὰρ

2104 2568 2398 2641 ἐνθύμησις
2434 2567 2566 2636 αύτή
2601 2572 2735 2622 Θεοῦ
2788 2565 2972 2640 δούλῳ
3024 2568 3260 2643 ἁμαρτία
3317 2567 3534 2644 μεγάλη
3596 2567 3758 2627 ἐστίν.

2103 2659 2166 2716 Εἰ
2200 2655 2255 2712 δέ
2283 2679 2364 2719 τις
2396 2657 2674 2732 ἐργάζεται
2706 2658 2768 2712 τὸ
2798 2654 2955 2731 ἔργον
3006 2657 3069 2711 τὸ
3118 2658 3357 2732 πονηρὸν
3415 2663 3630 2728 τοῦτον,
3663 2658 3762 2723 θά-

2100 2769 2258 2802 νατον
2313 2747 2486 2818 ἑαυτῷ
2541 2746 2945 2821 κατεργάζεται.
2981 2743 3158 2803 Βλέπε
3215 2744 3332 2815 οὖν,
3383 2747 3594 2824 ἀπέχου
3653 2749 3756 2804 ἀπὸ

2101 2844 2203 2906 τῆς
2265 2837 2613 2908 ἐνθυμήσεως
2671 2835 2874 2906 ταύτης
2910 2854 2923 2866 '
2985 2833 3123 2890 ὅπου
3181 2835 3284 2910 γὰρ
3343 2837 3607 2909 σεμνότης
3659 2837 3748 2891 καὶ

2104 2926 2285 3001 ἁγνεία
2315 2930 2576 2995 κατοικεῖ,
2610 2923 2722 2978 ἐκεῖ
2750 2923 2950 2996 ἀνομία
3005 2923 3104 2978 οὐκ
3163 2922 3367 3003 ὀφείλει
3424 2920 3746 2983 ἀναϐαίνειν.

2101 3019 2274 3068 Τοῦτο
2335 3011 2391 3068 δὲ
2439 3017 2797 3088 κατορθοῦται
2875 3011 2963 3066 διά
3018 3015 3352 3089 πυκνοτέροις
3404 3011 3493 3066 καὶ
3551 3011 3749 3068 ἐπιπό-

2101 3124 2196 3157 νου
2229 3102 2421 3177 εύχῆς.
2455 3105 2633 3159 Τοῦτο
2667 3099 2757 3156 οῦν
2790 3102 2935 3157 ποίει
2968 3102 3057 3156 καὶ
3113 3104 3249 3176 ζήσῃ
3307 3103 3384 3166 εἰς
3441 3101 3565 3164 τοὺς
3621 3101 3753 3156 αἰῶ-

2102 3212 2213 3253 νας.
2247 3194 2304 3246 ³Δ
2318 3194 2446 3265 μήν.

1335 3323 1601 3390 Quintum
1627 3318 1977 3384 mandatum,
2014 3311 2412 3381 longanimitas
2466 3310 2757 3366 servanda.

404 3431 459 3484 5.
492 3430 808 3501 Surgentes
849 3432 1043 3482 autem
1098 3423 1316 3497 precati
1365 3426 1540 3488 sunt;
1599 3427 1725 3475 tum
1779 3417 1981 3473 sedens

2170 3429 2225 3483 5.
2258 3429 2370 3498 (47)
2405 3426 2500 3480 Καὶ
2552 3425 2867 3486 ἀναστάντες
2912 3421 3142 3498 ηὔξαντο
3187 3423 3276 3479 καὶ
3325 3425 3546 3489 καθίσας
3578 3427 3606 3482 ὁ
3639 3425 3752 3482 ἐπί-

333 3519 646 3590 episcopus
677 3516 757 3572 ait
780 3515 863 3570 illi
889 3535 905 3568 :
946 3515 1095 3570 Audi
1128 3528 1360 3584 quoque
1417 3510 1689 3581 quintum
1740 3506 1988 3562 manda-

333 3610 461 3661 tum
486 3625 498 3662 :
533 3608 703 3661 Serva
731 3604 1103 3660 tolerantiam
1125 3600 1693 3672 etaequanimitatem
1719 3615 1730 3653 :
1759 3612 1825 3652 ac
1848 3612 1986 3668 pru-

331 3695 476 3750 dens
507 3695 862 3765 esto,sicque
885 3694 1152 3748 omnium
1185 3707 1498 3762 pravorum
1531 3703 1771 3760 operum
1800 3686 1986 3741 domi-

332 3785 565 3854 nabere,
592 3799 944 3855 omnemque
987 3781 1285 3853 justitiam
1325 3777 1696 3849 adimplebis.
1731 3776 1786 3830 Si
1819 3792 1984 3830 nam-

328 3891 442 3946 que
471 3873 820 3945 aaquanimis
845 3872 1048 3938 fueris,
1100 3869 1353 3942 Spiritus
1402 3872 1666 3935 sanctus,
1698 3865 1797 3938 qui
1839 3867 1897 3920 in
1928 3869 1985 3920 te

327 3963 573 4030 habitat,
607 3979 792 4034 purus
813 3962 944 4027 erit,
979 3977 1082 4015 nec
1107 3977 1138 4014 a
1163 3958 1422 4030 maligno
1454 3957 1663 4029 spiritu
1707 3957 1982 4010 obscura-

327 4050 541 4122 tus,vel
563 4052 814 4106 foedatus
839 4051 910 4104 ab
943 4049 1262 4106 iracundia.
1293 4049 1437 4105 Nam
1463 4048 1519 4101 in
1543 4045 1984 4117 aequanimitate

330 4142 612 4198 Dominus
644 4140 900 4196 habitat:
935 4139 994 4194 in
1028 4138 1333 4193 iracundia
1379 4136 1668 4192 diabolus.
1693 4135 1818 4191 Non
1854 4151 1982 4190 con-

326 4230 488 4285 venit
517 4233 712 4285 autem
746 4234 1060 4300 utrumque
1083 4229 1352 4300 spiritum
1389 4228 1592 4282 eodem
1626 4227 1685 4280 in
1720 4225 1844 4280 loco
1878 4224 1979 4280 ha-

325 4319 684 4375 bitare.Nam
709 4320 756 4373 si
791 4323 1096 4390 acceptum
1131 4316 1414 4373 absinthii
1439 4315 1774 4380 minimum,
1808 4315 1867 4368 in
1898 4313 1982 4368 la-

326 4425 536 4482 gonam
571 4408 762 4464 mellis
790 4409 1090 4474 effuderis,
1117 4423 1309 4462 nonne
1334 4404 1447 4460 mel
1471 4409 1658 4459 totum
1682 4403 1825 4458 illud
1861 4404 1978 4460 dis-

325 4499 494 4570 perit,
519 4501 576 4553 et
617 4501 782 4552 tanta
844 4495 1031 4552 mellis
1072 4496 1240 4568 copia
1293 4513 1327 4550 a
1380 4494 1624 4549 minimo
1683 4493 1978 4548 absinthio

325 4585 765 4658 corrumpitur?
789 4586 900 4640 Sed
928 4590 1130 4640 contra
1161 4584 1208 4640 si
1234 4584 1597 4640 absinthium
1631 4583 1690 4636 in
1716 4582 1827 4637 mel
1863 4599 1976 4637 non

325 4675 686 4747 projiciatur,
724 4675 803 4729 ita
851 4673 964 4730 mel
995 4673 1164 4729 dulce
1187 4673 1495 4745 reperitur,
1521 4689 1585 4728 ac
1635 4672 1774 4728 utile
1804 4671 1977 4742 plane

324 4768 414 4821 est
434 4764 672 4819 domino
719 4780 845 4818 suo.

395 4853 694 4924 Perpende
728 4853 923 4924 itaque
973 4852 1295 4906 dulciorem
1330 4851 1501 4907 melle
1540 4868 1669 4907 esse
1721 4851 1979 4923 aequani-

325 4943 611 5012 mitatem,
644 4947 825 5014 atque
858 4940 1059 4996 utilem
1092 4942 1333 4995 Domino
1367 4942 1463 5012 qui
1498 4942 1554 4994 in
1579 4940 1681 4995 illa
1710 4941 1973 5008 habitat;

323 5032 629 5089 iracundia
654 5049 780 5087 vero
804 5031 1300 5102 aequanimitatem
1332 5031 1664 5087 labefactat.
1687 5029 1836 5085 Audi
1869 5030 1975 5100 igi-

322 5125 419 5176 tur
440 5121 752 5176 iracundize
779 5121 919 5187 vim,
946 5137 1125 5190 quam
1151 5120 1199 5175 si
1221 5121 1497 5191 maligna,
1526 5137 1704 5190 quam
1738 5121 1979 5176 seducat

323 5227 520 5267 servos
552 5211 672 5276 Dei,
705 5215 762 5266 et
794 5227 901 5265 sua
923 5211 972 5264 vi
1013 5215 1362 5281 prosternat.
1408 5210 1580 5264 Porro
1613 5209 1855 5264 minime
1885 5223 1975 5264 se-

389 5354 500 5424 (43)
533 5357 757 5408 Hermae
784 5353 1050 5408 mandat.
1084 5355 1136 5407 3.

383 5425 498 5494 (44)
530 5429 659 5480 Haec
687 5427 861 5480 verba
891 5425 948 5478 in
973 5425 1230 5479 secundo
1256 5423 1477 5478 Hermae
1511 5423 1808 5486 mandato,
1850 5439 1966 5478 non

312 5501 758 5566 consequenter,
783 5498 882 5552 sed
919 5496 1053 5551 hinc
1089 5496 1221 5550 inde
1239 5496 1553 5566 desumpta
1584 5499 1741 5562 sunt,
1779 5498 1835 5550 et
1865 5501 1971 5550 ha-

316 5567 700 5639 benturﬂitem
728 5569 883 5639 apud
916 5567 1279 5623 Antiochum
1314 5567 1470 5622 hom.
1504 5568 1593 5637 66,
1620 5583 1674 5639 p.
1709 5567 1866 5622 1128.

390 5639 503 5707 (45)
537 5637 1062 5694 Hermm‘mandat.
1094 5643 1151 5694 3.

391 5709 505 5781 (46)
528 5709 714 5781 Vulgo
741 5711 910 5778 male,
946 5708 1252 5782 ἀναμενέτω
1279 5709 1484 5766 Noua.

2099 3537 2302 3578 σκοπος
2344 3515 2485 3592 λέγει
2535 3515 2702 3587 αὐτῷ.
2739 3519 2932 3572 Ἄκουε
2988 3514 3079 3568 καὶ
3135 3521 3234 3583 τῆς
3291 3513 3547 3588 πέμπτης
3607 3515 3753 3571 ἐντο-

2100 3603 2226 3674 λῆςο
2259 3604 2510 3661 Φύλασσε
2546 3605 2645 3673 τήν
2698 3603 2906 3659 εὔνοιαν
2937 3606 3050 3678 (48)
3081 3603 3169 3659 καὶ
3233 3602 3634 3679 μακροθυμίαν,
3663 3603 3752 3659 καὶ

2093 3694 2246 3770 γίνου
2279 3695 2494 3756 συνετὸς
2524 3693 2613 3748 καὶ
2645 3693 2859 3749 πάντων
2891 3698 2996 3748 τῶν
3041 3697 3298 3768 πονηρῶν
3359 3690 3528 3767 ἔργῶν
3587 3714 3749 3749 κατα-

2095 3785 2417 3860 κυριεύσεις,
2451 3784 2539 3839 καὶ
2591 3783 2786 3860 ἐργάσῃ
2841 3789 3011 3838 πᾶσαν
3075 3780 3440 3852 δικαιοσύνην.
3476 3783 3596 3839 Ἐὰν
3647 3782 3751 3858 γὰρ

2099 3875 2447 3949 μακρόθυμος
2499 3869 2610 3947 ἔσῃ,
2654 3873 2714 3927 τὸ
2763 3877 2979 3944 Πνεῦμα
3029 3872 3089 3927 τὸ
3149 3873 3304 3948 ἅγιον
3356 3876 3642 3927 κατοικοῦν
3694 3871 3745 3928 ἐν

2095 3962 2178 4016 σοὶ
2236 3963 2465 4038 καθαρὸν
2524 3960 2692 4030 ἔσται,
2753 3963 2828 4035 μὴ
2901 3960 3272 4034 σκοῒούμενον
3341 3961 3446 4016 ὕπὸ
3504 3966 3750 4036 πονηροῦ

2092 4052 2419 4125 πνεύματος,
2455 4052 2531 4124 μὴ
2593 4051 2915 4124 μειούμενον
2968 4052 3082 4124 (49)
3117 4051 3217 4105 ὑπὸ
3274 4056 3371 4120 τῆς
3431 4049 3748 4125 ὀξυχολίας.

2093 4143 2178 4197 Ἐν
2227 4142 2327 4217 γὰρ
2379 4145 2446 4216 τῇ
2493 4141 2838 4217 μακροθυμίᾳ
2869 4141 2896 4194 ὁ
2929 4139 3124 4215 Κύριος
3174 4144 3438 4211 κατοικεῖ,
3471 4138 3522 4194 ἐν
3575 4137 3632 4194 δὲ
3680 4142 3747 4214 τῇ

2092 4229 2359 4304 ὀξυχολίᾳ
2415 4230 2443 4284 ὁ
2503 4226 2787 4292 διάϐολος.
2832 4229 3141 4308 Ἀμφότερα
3197 4227 3288 4284 οῦν
3345 4229 3413 4284 τὰ
3470 4228 3750 4303 πνεύματα

2090 4318 2403 4396 ἀσύμφορόν
2460 4318 2598 4374 ἐστιν
2651 4319 2702 4373 ἐν
2750 4317 2931 4391 ταύτῷ
2981 4323 3276 4376 κατοικεῖν.
3309 4318 3427 4373 Ἐἀν
3484 4320 3587 4394 γὰρ
3649 4315 3747 4373 λα-

2091 4402 2201 4461 ϐὼν
2235 4407 2489 4480 ἀψινθίου
2534 4409 2728 4484 μικρὸν
2779 4408 2854 4470 είς
2904 4407 3163 4482 κεράμιον
3219 4405 3442 4481 μέλιτος
3493 4406 3748 4483 ἐπιχέῃς,

2091 4496 2217 4572 οὐχὶ
2250 4495 2379 4552 ὅλον
2411 4499 2472 4550 τὸ
2509 4496 2635 4570 μέλι
2668 4496 2974 4574 ἀφανίζεται
3003 4497 3092 4552 καὶ
3143 4501 3403 4552 τοσοῦτον
3457 4494 3584 4570 μέλι
3636 4497 3740 4553 ὑπὸ

2088 4590 2183 4640 τοῦ
2236 4585 2532 4661 ἐλαχίστου
2589 4587 2838 4661 ἀψινθίου
2897 4585 3242 4656 ἀπύλλυταις
3278 4586 3400 4642 Ἐὰν
3453 4583 3509 4640 δὲ
3560 4586 3635 4649 εἷς
3683 4587 3744 4642 τὸ

2091 4672 2219 4747 μέλι
2272 4676 2348 4748 μή
2401 4673 2586 4750 βληθῇ
2645 4677 2708 4731 τὸ
2770 4675 3036 4751 ἀψίνθιον,
3091 4674 3264 4752 γλυκὺ
3325 4675 3627 4752 εὑρίσκεται
3686 4675 3746 4729 τὸ

2010 4797 2057 4860 D
2091 4763 2227 4860 μέλι
2249 4765 2337 4860 καὶ
2365 4762 2668 4860 εὔχρηστον
2702 4766 2914 4828 πάντως
2947 4765 3154 4840 γίνεται
3183 4760 3542 4860 τῷθεσπότῃ.

2165 4852 2344 4910 Βλέπε
2403 4853 2534 4924 οῦν,
2598 4854 2679 4910 ὅτι
2739 4857 2772 4925 ἠ
2839 4853 3184 4930 μακροθυμία
3243 4851 3551 4928 γλυκοτάτη
3610 4851 3750 4908 ἐστὶν

2089 4943 2218 5018 ὑπὲρ
2269 4945 2330 4998 τὸ
2384 4943 2536 5017 μέλει
2588 4943 2676 4998 καὶ
2727 4939 3030 5020 εῦχρηστός
3065 4941 3174 4996 ἐστι
3204 4946 3284 5013 τῷ
3313 4940 3497 5016 Κυρίῳ
3553 4941 3643 4996 καὶ
3691 4940 3742 4996 ἐν

2086 5031 2221 5106 αὐτῇ
2280 5038 2522 5088 κατοικεῖ
2554 5052 2566 5064 ⁸
2624 5036 2659 5102 ἡ
2738 5029 2794 5087 δὲ
2857 5030 3122 5109 ὀξυχολία
3178 5031 3278 5099 την
3367 5029 3743 5104 μακροθυμίαν

2091 5123 2310 5196 μιαίνει.
2345 5125 2546 5178 Ἄκουε
2581 5119 2638 5175 δὲ
2664 5122 2752 5176 καὶ
2783 5123 2881 5190 τήν
2935 5121 3204 5196 ἐνέργειαν
3262 5126 3362 5188 τῆς
3425 5118 3738 5194 ὀξυχολίας,

2086 5215 2204 5272 πῶς
2263 5209 2476 5285 πονηρά
2535 5209 2644 5264 ἐστι
2703 5211 2794 5264 καὶ
2824 5209 3005 5280 πλανᾷ
3033 5208 3160 5271 τοὺς
3194 5206 3427 5270 δούλους
3455 5212 3552 5262 τοῦ
3611 5211 3746 5264 Θεοῦ

2159 5354 2270 5424 (47)
2303 5353 2526 5408 Hermia
2552 5354 2822 5424 mandat.
2855 5354 2912 5420 5,
2945 5357 3002 5408 et
3032 5351 3498 5424 Antioch._hom.
3530 5351 3618 5406 40.

2159 5422 2506 5497 (48))Ῐυιεο,
2539 5422 2737 5494 ἀνείαν,
2771 5426 2832 5480 in
2882 5442 2997 5497 quo
3047 5429 3105 5481 et
3153 5422 3389 5478 ἀνεικίαν
3434 5422 3617 5480 latere
3646 5438 3748 5495 p0-

2087 5502 2227 5553 test.
2267 5496 2476 5552 Noun.

2157 5568 2380 5654 (49)'Ex
2410 5567 2482 5624 iis
2522 5585 2650 5652 quae
2678 5567 2881 5653 statim
2917 5571 3268 5654 sequqntpr,
3302 5566 3336 5635 ἠ
3372 5563 3429 5619 δὲ
3461 5563 3745 5654 ᾖξυχςτὴν

2090 5659 2148 5710 μ.
2167 5638 2610 5711 ’μιαίνιι,ροεέἱε
2640 5641 2930 5711 conjicere
2959 5638 3052 5696 hic
3084 5641 3332 5711 fortasse
3360 5638 3741 5695 scribendum

2085 5710 2216 5769 esse
2251 5710 2602 5787 μιαινόμενον
2631 5730 2646 5785 ;
2677 5710 2851 5785 vulgo
2881 5712 3036 5772 male
3070 5710 3388 5787 μιούμενον.
3419 5715 3504 5767 ID.
