4132 6370
375 423 499 485 561

1408 420 1804 483 DOCTRINA
1847 422 1950 483 AD
1997 425 2463 488 ANTIOCHUM
2510 425 2806 488 DUCEM.

3696 423 3812 484 562

373 555 473 610 καὶ
502 551 860 631 καταστρέφει
918 553 988 625 τῇ
1049 550 1244 620 ἑαυτῆς
1306 548 1564 626 ἐνεργείᾳ·
1629 551 1728 608 οὐκ
1759 553 2045 624 ἆποπλανᾷ

2163 558 2324 613 ducit
2357 574 2456 614 eos
2491 558 2590 630 qui
2624 557 2941 630 plenisunt
2959 556 3228 623 ﬁdei,nee
3258 555 3560 627 quidpiam
3598 554 3811 610 virium

379 639 445 698 δὲ
471 641 600 705 τοὺς
662 638 822 702 ὄντας
877 637 1112 713 πλήρεις
1171 639 1222 694 ἐν
1280 643 1349 712 τῇ
1398 639 1573 695 πίστει
1608 639 1733 696 οὐδὲ
1764 641 2046 718 ἐνεργῆσαι

383 729 606 788 δύναται
668 729 745 792 εἷς
815 727 1034 797 αὐτοὺς,
1086 727 1170 783 ὅτι
1214 731 1249 798 ἡ
1296 725 1524 801 δύναμις
1571 735 1668 784 τοῦ
1702 731 1898 807 Κυρίου
1935 734 2049 804 μετ’

385 821 561 876 αὐτων
616 818 777 876 ὶστιν.
829 816 979 874 ἀλλὰ
1026 816 1318 888 ἀποπλανᾷ
1373 817 1500 881 τοὺς
1547 816 1836 896 διψύχους.
1883 823 2047 878 ’Όταν

385 911 485 987 γὰρ
554 907 644 984 ἴδῃ
721 907 849 970 τοὺς
923 906 1212 969 τοιούτους
1260 907 1579 983 ἀνθρώπους
1640 909 2047 981 εὐσταθοῦντας,

385 995 770 1076 παρεμϐάλλει
821 997 1019 1066 ἑαυτὴν
1074 996 1151 1059 εἰς
1197 998 1298 1066 τὴν
1345 995 1568 1069 καρδίαν
1610 1003 1706 1052 τοῦ
1737 1000 2046 1076 ἀνθρώπου·

386 1089 478 1144 καὶ
556 1088 700 1144 οὕτω
778 1086 1120 1163 πικραίνεται
1197 1085 1480 1161 ἅνθρωπος
1534 1085 1709 1142 ἕνεκεν
1776 1089 2048 1164 βιωτικῶν

388 1177 739 1254 πραγμάτων,
769 1178 804 1246 ἢ
839 1175 1005 1255 φίλου
1033 1177 1201 1247 τινὸς,
1233 1176 1267 1245 ἢ
1301 1175 1424 1251 περὶ
1453 1175 1654 1239 δόσεως
1681 1177 1768 1232 καὶ
1803 1178 2046 1251 λήψεως,

391 1267 428 1336 ἢ
487 1267 610 1342 περὶ
667 1265 931 1322 τοιούτων
998 1269 1205 1341 μικρῶν
1267 1268 1379 1338 (50)
1457 1268 1816 1342 πραγμάτων.
1875 1274 2050 1324 Ταῦτα

393 1355 568 1410 πάντα
630 1355 786 1431 μωρά
842 1355 950 1409 ἔστι
990 1353 1082 1408 καὶ
1129 1355 1258 1408 κενὰ
1301 1353 1392 1409 καὶ
1424 1354 1714 1432 ἀσύμφορα
1745 1362 1861 1418 τοῖς
1921 1355 2047 1412 δού-

397 1444 519 1508 λοις
565 1449 664 1500 τοῦ
708 1449 862 1501 Θεοῦ.
908 1446 972 1499 Ἦ
1018 1441 1074 1498 δὲ
1127 1443 1475 1519 μακροθυμία
1522 1443 1729 1520 μεγάλη
1790 1444 1898 1500 ἐστὶ
1958 1446 2046 1501 καὶ

397 1531 597 1610 ὀχυρὰ,
657 1532 858 1609 ἔχουσα
913 1534 1008 1601 τήν
1071 1529 1298 1605 δύναμιν
1345 1532 1575 1608 ἰσχυρὰν
1608 1535 1696 1588 καὶ
1730 1535 2044 1608 καθημένην

392 1622 446 1676 ἐν
479 1620 788 1694 πλατυσμῷ
819 1619 1064 1696 μεγάλῳ·
1114 1621 1298 1696 ἱλαρὰ,
1340 1621 1728 1696 ἀγαλλιωμένη
1790 1623 1879 1678 καὶ
1915 1624 2048 1697 ἀμέ-

390 1710 584 1785 ριμνὸς
614 1708 747 1764 οὖσα
777 1707 983 1781 δοξάζει
1014 1711 1106 1766 τὸν
1140 1712 1338 1782 Κύριον
1381 1709 1434 1765 ἐν
1487 1712 1648 1766 παντὶ
1706 1717 1880 1787 καιρῷ
1947 1736 2052 1787 μη-

2155 647 2334 702 habet
2363 647 2422 701 in
2457 647 2608 714 illos,
2645 645 3002 717 quibuscum
3034 645 3222 700 virtus
3270 645 3501 700 Domini
3551 649 3675 712 est;
3709 645 3809 698 sed

2161 736 2448 792 subornat
2469 752 2568 791 eos
2587 735 2688 806 qui
2720 735 2914 790 animo
2955 733 3218 805 duplices
3248 739 3407 789 sunt.
3431 737 3572 789 Cum
3604 733 3814 788 viderit

2160 825 2316 880 enim
2351 824 2695 894 hujusmodi
2725 823 2994 878 homines
3023 822 3340 893 tranquille
3359 822 3730 894 degere,sese
3753 822 3810 876 in

2160 929 2258 968 cor
2287 930 2488 969 eorum
2512 913 2818 968 immittit:
2853 916 3030 983 atque
3065 911 3149 966 ita
3196 910 3460 966 irritatur
3515 911 3687 967 homo
3718 927 3814 966 re-

2161 1018 2290 1056 rum
2323 1018 2502 1072 causa
2533 1001 2970 1073 temporalium,
3006 1005 3109 1056 aut
3139 1000 3334 1070 amici,
3382 1003 3482 1054 aut
3522 1000 3680 1064 doni,
3715 1007 3816 1056 aut

2159 1091 2380 1162 accepti
2405 1092 2877 1163 cujuspiam,aut
2906 1090 3454 1160 deniquefcedorum
3475 1088 3815 1159 hujusmodi

2162 1181 2527 1252 negotiorum
2560 1180 2764 1252 gratia.
2793 1181 2920 1235 Haec
2951 1184 3145 1235 autem
3179 1179 3395 1244 omnia,
3437 1177 3637 1245 stulta,
3670 1195 3818 1234 vana

2159 1273 2217 1324 et
2272 1269 2506 1324 inutilia
2558 1274 2699 1324 sunt
2759 1271 2858 1324 Dei
2920 1269 3124 1325 servis.
3185 1267 3616 1339 Equanimitas
3684 1283 3817 1322 vero

2160 1375 2374 1431 magna
2390 1360 2673 1429 firmaque
2687 1358 2919 1426 est,vim
2935 1359 3159 1413 habens
3183 1359 3487 1413 robustam
3502 1356 3560 1411 in
3581 1373 3819 1428 magna-

2159 1463 2273 1519 que
2304 1447 2612 1503 latitudine
2631 1449 3142 1513 sedentem.Laeta,
3165 1445 3618 1514 exsultabunda,
3652 1449 3814 1501 tran-

2158 1538 2618 1610 quilla,Dcmino
2650 1539 2895 1610 gloriam
2930 1538 3139 1595 tribuit
3158 1537 3317 1593 omni
3351 1540 3640 1608 tempore,
3666 1536 3814 1591 nihil

2157 1627 2219 1682 in
2251 1644 2313 1683 se
2342 1627 2564 1683 habens
2596 1627 3033 1698 amaritudinis,
3088 1629 3538 1699 perseveratque
3585 1641 3816 1699 semper

2158 1717 2216 1772 in
2251 1717 2705 1772 mansuetudine
2735 1721 2792 1773 et
2827 1717 2887 1772 in
2919 1717 3134 1788 quiete.

387 1795 473 1854 δὶν
506 1796 710 1875 ἔχουσα
739 1798 792 1854 ἐν
823 1799 988 1874 ἑαυτῇ
1018 1801 1236 1874 πικρὸν,
1268 1801 1648 1874 παραμένουσα
1680 1799 1770 1856 διὰ
1798 1805 1996 1866 παντὸς
2029 1803 2080 1857 έν
2112 1804 2378 1879 πραότητι
2409 1803 2497 1859 καὶ
2529 1805 2753 1880 ἡσυχίᾳ.

458 1903 606 1976 Αὕτη
642 1903 793 1975 οὖνὴ
850 1907 1200 1983 μακροθυμία
1237 1914 1480 1963 κατοικεῖ
1529 1911 1664 1981 μετᾶ
1707 1911 1814 1964 τῶν
1867 1911 2045 1967 πίστιν

2226 1914 2358 1970 Haec
2389 1930 2524 1987 ergo
2547 1914 2959 1986 aequanimitas
2989 1917 3109 1969 tota
3138 1912 3429 1968 inhabitat
3459 1911 3516 1966 in
3539 1911 3612 1968 iis
3627 1911 3809 1984 quiﬁ-

387 1993 626 2070 ἑχόντων
662 1994 998 2071 ὁλόκληρος.
1031 1997 1094 2054 Ἦ
1129 1994 1185 2050 δὲ
1220 1995 1491 2072 ὀξυχολία
1520 2003 1734 2075 πρῶτον
1777 2000 1871 2071 μὲν
1925 2023 2041 2072 μω-

386 2082 478 2158 ρία
532 2082 642 2138 ἐστὶ
699 2083 790 2138 καὶ
855 2083 1085 2164 ἐλαφρία
1151 2090 1375 2162 φρενῶν·
1437 2086 1550 2140 εἶτα
1609 2086 1666 2142 ἐκ
1723 2094 1822 2158 τῆς
1882 2089 2044 2166 ἀφρο-

384 2172 551 2243 σύνης
584 2172 796 2248 γίνεται
830 2175 1042 2250 πικρία.
1077 2177 1186 2246 (51)
1220 2175 1280 2230 ἐκ
1322 2173 1379 2230 δὲ
1424 2183 1526 2246 τῆς
1585 2178 1803 2254 πικρίας
1848 2179 2040 2251 θυμὸς,

384 2259 447 2317 ἔκ
477 2259 535 2317 δὶ
577 2267 680 2317 τοῦ
714 2265 894 2335 θυμοῦ
929 2263 1087 2340 ὀργὴ,
1123 2263 1182 2319 ἐκ
1213 2262 1270 2320 δὲ
1299 2272 1397 2335 τῆς
1450 2265 1620 2342 ὀργῆς
1674 2274 1855 2340 μῆνις.
1915 2269 2044 2324 Εἶτα

382 2353 420 2420 ἡ
485 2355 646 2424 μῆνις
705 2351 765 2407 ἐκ
820 2353 1094 2408 τοσούτων
1153 2358 1332 2408 κακῶν
1403 2356 1762 2428 συνισταμένη
1840 2358 2040 2431 γίνεται

384 2441 624 2517 ἁμαρτία
684 2440 897 2516 μεγάλη
949 2443 1038 2496 καὶ
1087 2441 1324 2506 ἀνίατος.
1375 2445 1541 2500 “Ὀταν
1599 2446 1699 2522 γὰρ
1749 2445 1920 2500 πάντα
1976 2449 2044 2502 τὰ

383 2527 702 2606 ἀνθρώπινα
757 2528 924 2586 ταῦτα
981 2529 1032 2586 ἐν
1085 2531 1161 2586 ἑνὶ
1218 2532 1419 2608 ἀγγείῳ
1466 2540 1728 2606 κατοικεῖ,
1762 2534 1900 2590 ὅπου
1953 2537 2043 2592 καὶ

385 2619 448 2673 τὸ
479 2623 700 2692 Πνεῦμα
729 2621 790 2674 τὸ
822 2622 998 2694 ἅγιον·
1035 2619 1096 2674 ού
1127 2626 1303 2696 χωρεῖ
1359 2620 1529 2677 έκεῖνο
1558 2624 1620 2678 τὸ
1672 2625 1858 2700 ἄγγος,
1917 2625 2041 2681 ἀλλ’

391 2707 814 2785 ὑπερπλεογάζει
872 2711 935 2764 τὸ
998 2711 1262 2788 τρυφερὸν
1322 2715 1545 2786 Πνεῦμα
1604 2715 1679 2786 μὴ
1732 2710 1858 2790 ἕχον
1920 2736 2040 2768 συν-

387 2800 574 2869 ήθειαν
611 2800 744 2872 μετᾶ
773 2803 1020 2875 πονηροῦ
1045 2801 1354 2874 πνεύματος
1383 2800 1473 2856 καὶ
1524 2800 1866 2876 σληρότητος
1914 2825 2040 2858 κατ-

387 2893 578 2943 οικεῖν·
643 2888 930 2964 ὑποχωρεῖ
977 2886 1068 2943 οῦν
1120 2889 1226 2944 ἀπὸ
1272 2893 1369 2944 τοῦ
1408 2889 1697 2966 ἀνθρώπου
1726 2893 1921 2947 τούτου
1949 2893 2040 2947 καὶ

388 2982 540 3048 ζητεῖ
596 2982 866 3032 κατοικεῖν
934 2979 1069 3050 μετᾶ
1116 2979 1424 3053 πραότητος
1473 2979 1561 3034 καὶ
1611 2979 1864 3057 ἡσυχίας.
1910 2982 2040 3037 Εἶτα

386 3066 508 3122 ὅταν
561 3067 771 3140 ἀποστῇ
825 3067 928 3121 ἀπὸ
976 3071 1073 3121 τοῦ
1123 3067 1430 3142 ἀνθρώπου,
1483 3066 1543 3123 οὗ
1574 3076 1834 3144 κατοικεῖ,
1895 3069 2038 3145 γίνε-

384 3177 471 3211 ται
529 3157 556 3211 ὁ
614 3154 898 3228 ἅνθρωπος
956 3155 1156 3218 ἐκεῖνος
1214 3158 1366 3220 κενὸς
1418 3157 1524 3213 ἀπὸ
1579 3163 1675 3214 τοῦ
1726 3159 2037 3233 Πνεύματος

383 3251 479 3302 τοῦ
511 3245 690 3322 ἁγίου,
721 3246 811 3301 καὶ
845 3247 1062 3318 λοιπὸν,
1094 3245 1529 3324 πεπληρωμένος
1556 3254 1661 3304 τῶν
1715 3253 2035 3322 πνευμάτων
2071 3288 2112 3354 C

424 3342 450 3352 ..
738 3341 765 3352 ..
903 3338 916 3354 ,
1224 3342 1246 3352 ..
1305 3337 1318 3354 ,
1475 3337 1484 3354 ρ
1697 3339 1739 3354 η
1893 3339 1906 3354 .
1985 3345 2010 3354 -

383 3342 492 3392 τῶν
547 3341 828 3412 πονηρῶν,
893 3338 1246 3392 ἀκαταστατεῖ
1301 3337 1352 3391 ἐν
1417 3337 1558 3412 πάσῃ
1605 3339 1790 3413 πράξει
1851 3339 2036 3410 αὐτοῦ,

383 3427 801 3501 περισπώμενος
856 3423 965 3480 ὦδε
1018 3425 1172 3480 κάκεῖ
1225 3426 1332 3480 ἀπὸ
1402 3428 1508 3481 τῶν
1569 3428 1862 3503 ἀνθρώπων
1933 3433 2039 3482 τῶν

385 3520 670 3590 πονηρῶν,
702 3515 791 3570 καὶ
833 3514 964 3577 ὅλος
1026 3515 1433 3594 ἀποτυφλοῦται
1486 3516 1591 3571 ἀπὸ
1646 3524 1746 3586 τῆς
1807 3515 2044 3580 διανοίας

387 3608 485 3674 τῆς
519 3605 746 3680 ἀγαθῆς.
809 3604 996 3665 Οὕτως
1053 3604 1144 3658 οῦν
1203 3600 1489 3678 συμϐαίνει
1545 3612 1673 3660 πᾶσι
1699 3613 1816 3669 τοῖς
1849 3607 2044 3683 ὀξυχό-

391 3693 536 3756 λοις.
580 3692 826 3769 Ἀπέχου
887 3691 978 3748 οῦν
1040 3693 1145 3748 ἀπὸ
1197 3700 1297 3764 τῆς
1347 3693 1640 3770 ὀξυχολίας
1673 3700 1770 3750 τοῦ
1800 3701 2045 3772 πονηροῦ

392 3781 680 3855 δαίμονος·
715 3777 925 3836 ἔνδυσαι
958 3779 1142 3850 δὲτὴν
1175 3783 1575 3858 μακροθυμίαν,
1629 3783 1717 3838 καὶ
1765 3783 2044 3855 ἀντίστηθι

391 3878 458 3941 τῆ
491 3870 777 3947 ὀξυχελίᾳ,
809 3871 898 3926 καὶ
949 3868 1041 3944 ἔσῃ
1089 3870 1474 3944 ἐπαινούμενος
1533 3873 1666 3945 μετά
1713 3873 2047 3945 σεμνότητος

396 3967 511 4022 τοῖς
540 3960 916 4036 ἠγαπημένοις
965 3960 1070 4016 ὑπὸ
1123 3959 1344 4035 Κυρίου.
1407 3958 1581 4016 Βλέπε
1612 3962 1702 4016 οὖν
1739 3963 1814 4035 μὴ
1872 3983 2044 4037 παρα·

401 4047 612 4124 λογήσῃ
639 4052 735 4120 τὴν
770 4047 996 4119 ἐντολὴν
1025 4049 1248 4120 ταύτην·
1284 4049 1369 4105 ἐὰν
1403 4050 1506 4126 γὰρ
1535 4050 1734 4121 ταύτην
1779 4049 2044 4128 φυλάξῃς,

398 4135 605 4212 δυνήσῃ
633 4138 839 4202 καὶτὰς
873 4136 1072 4202 λοιπὰς
1119 4145 1374 4214 τηρῆσαι.
1420 4137 1583 4215 ’ίσχυε
1627 4139 1718 4193 οὗν
1769 4138 1819 4193 ἐν
1862 4139 2046 4201 αὐταῖς

395 4227 490 4281 καὶ
523 4223 837 4303 ἐνδυναμοῦ,
867 4228 958 4284 καὶ
988 4229 1232 4300 νικήσεις
1263 4228 1351 4284 καὶ
1384 4230 1563 4300 ζήσεις
1599 4227 1674 4291 εἰς
1723 4227 1848 4291 τοὺς
1909 4227 2047 4283 αἰῶ-

396 4336 514 4378 νας.
547 4318 747 4392 ’Δμήν.

2155 2001 2288 2058 dem
2339 2007 2591 2058 servant.
2626 2003 2935 2058 Iracundia
2987 2018 3120 2058 vero
3151 2002 3409 2073 primum
3437 2001 3668 2056 insania
3697 2004 3807 2067 est,

2156 2092 2490 2163 mentisque
2522 2091 2746 2147 levitas.
2780 2091 2926 2148 Hinc
2958 2107 3025 2146 ex
3043 2090 3296 2146 stultitia
3315 2089 3578 2161 gignitur
3593 2090 3808 2145 amari-

2153 2181 2330 2247 tudo;
2365 2197 2432 2235 ex
2453 2181 2866 2251 amaritudine,
2890 2181 3204 2236 vehemens
3237 2179 3502 2246 animus;
3531 2180 3806 2234 exanimo

2151 2269 2502 2338 vehementi,
2573 2270 2697 2338 ira;
2759 2287 2824 2325 ex
2855 2269 2960 2337 ira,
2995 2271 3175 2325 furor.
3223 2270 3366 2323 Hinc
3399 2269 3561 2323 furor
3593 2268 3693 2338 qui
3724 2273 3810 2323 tot

2151 2359 2452 2430 tantisque
2483 2377 2551 2415 ex
2583 2359 2757 2415 malis
2789 2363 3038 2425 constat,
3073 2363 3374 2430 peccatum
3432 2358 3624 2413 evadit
3682 2374 3805 2412 ma-

2153 2465 2336 2521 gnum
2372 2454 2428 2504 et
2459 2449 2798 2505 incurabile.
2833 2449 3075 2513 Quando
3109 2449 3264 2504 enim
3315 2448 3510 2503 omnia
3553 2447 3670 2502 haec
3705 2447 3809 2500 hu-

2155 2555 2332 2594 mana
2363 2539 2422 2593 in
2450 2556 2584 2595 vase
2616 2556 2732 2595 uno
2767 2539 3164 2604 continentur,
3217 2536 3315 2592 ubi
3356 2543 3442 2591 est
3474 2542 3527 2590 ct
3555 2535 3807 2606 Spiritus

2153 2631 2416 2695 sanctus,
2451 2644 2565 2682 non
2595 2633 2789 2700 potest
2811 2643 2914 2683 vas
2947 2626 3538 2698 hujusmodicapcre;
3574 2625 3673 2679 sed
3707 2641 3805 2678 su-

2153 2716 2444 2786 perefﬂuit
2476 2716 2672 2771 suavis
2707 2717 2801 2771 ille
2830 2716 3102 2788 Spiritus,
3163 2715 3255 2771 cui
3290 2731 3401 2769 non
3437 2719 3524 2769 est
3555 2729 3805 2770 consue-

2151 2806 2294 2860 tudo
2323 2805 2626 2860 habitandi
2660 2821 2792 2860 cum
2827 2805 3084 2876 maligno
3138 2805 3346 2876 spiritu
3380 2804 3532 2859 204
3565 2808 3621 2857 et
3671 2819 3803 2858 cum

2150 2895 2443 2964 ejusmodi
2474 2893 2689 2950 duritie
2721 2895 2924 2949 animi.
2955 2894 3183 2949 Secedit
3237 2894 3434 2964 itaque
3492 2895 3566 2946 ab
3596 2893 3802 2963 hujus-

2151 2985 2309 3040 modi
2342 2983 2600 3053 homine,
2633 2984 2953 3054 quaeritque
2986 2983 3252 3039 habitare
3287 2999 3420 3037 cum
3456 2986 3802 3036 mansuetu-

2151 3074 2284 3128 dine
2315 3079 2372 3128 et
2404 3074 2619 3144 quiete.
2667 3073 2813 3128 Hinc
2863 3077 3171 3144 postquam
3206 3070 3559 3126 abscesserit
3599 3070 3670 3124 ab
3703 3069 3808 3124 ho-

2151 3163 2311 3218 mine
2334 3162 2432 3218 illo
2465 3163 2521 3216 in
2552 3179 2664 3234 quo
2698 3162 3023 3231 habitabat,
3057 3161 3306 3216 efﬁcitur
3338 3160 3512 3214 homo
3544 3159 3641 3214 ille
3673 3157 3808 3229 Spi-

2151 3251 2264 3307 ritu
2318 3257 2518 3308 sancto
2579 3269 2820 3317 vacuus,
2877 3269 2942 3305 ac
2974 3253 3210 3306 demum
3244 3249 3452 3322 plenus
3505 3247 3811 3320 spiritibus

2155 3341 2452 3413 malignis,
2485 3341 3026 3412 incompositusque
3075 3348 3162 3394 est
3221 3341 3279 3393 in
3310 3339 3586 3394 omnibus
3634 3335 3814 3407 gestis

2153 3431 2474 3498 suis,ultro
2497 3431 2762 3501 citroque
2795 3432 2865 3486 ab
2899 3430 3186 3501 improbis
3219 3428 3558 3484 hominibus
3593 3427 3806 3480 distra-

2156 3525 2308 3587 ctus,
2341 3537 2406 3576 ac
2438 3521 2591 3576 bona
2624 3524 2817 3575 mente
2839 3536 3056 3574 vacuus
3079 3517 3315 3590 penitus
3347 3517 3815 3573 excaecatum-loc

2156 3610 2402 3680 contigit
2431 3609 2709 3665 omnibus
2762 3608 3075 3664 iracundis.
3111 3607 3329 3663 Cohibe
3390 3613 3444 3662 te
3507 3607 3685 3677 igitur
3741 3609 3814 3662 ab

2159 3699 2462 3755 iracundia
2494 3698 2734 3770 maligni
2759 3698 3062 3753 daemonis.
3085 3698 3266 3752 Indue
3290 3696 3814 3767 aequanimitatem,

2156 3788 2553 3844 etiracundim
2580 3788 2844 3852 obsiste;
2896 3786 3290 3856 laudibusque
3336 3786 3512 3855 probo
3562 3784 3818 3840 celebra-

2157 3876 2312 3932 beris
2343 3877 2415 3933 ab
2447 3877 2787 3932 hominibus
2822 3877 3066 3930 Domino
3099 3874 3497 3930 dilectis.Vide
3530 3875 3726 3944 itaque
3747 3889 3819 3929 ne

2157 3966 2446 4038 despicias
2495 3966 2602 4020 hoc
2637 3967 3002 4020 mandatum.
3043 3966 3100 4018 Si
3145 3963 3249 4018 hoc
3282 3963 3496 4034 quippe
3528 3960 3817 4016 custodie-

2159 4055 2324 4123 ris,et
2345 4055 2570 4126 reliqua
2603 4072 2834 4109 scrvare
2891 4053 3129 4129 poteris.
3168 4053 3228 4106 In
3261 4051 3421 4106 hisce
3481 4051 3659 4123 igitur
3687 4067 3820 4105 con-

2158 4144 2394 4208 fortare,
2428 4148 2484 4198 et
2509 4143 2904 4211 corroborare,
2948 4149 3003 4198 et
3051 4141 3266 4208 vinces,
3303 4139 3576 4212 vivasque
3621 4140 3676 4194 in
3711 4157 3816 4196 sae-

2157 4231 2310 4288 cula.
2343 4233 2548 4287 Amen.

1498 4454 1730 4510 Sextum
1768 4454 2122 4521 mandatum,
2158 4457 2336 4528 primi
2373 4456 2697 4525 explicatio.

458 4581 513 4636 6.
547 4580 660 4652 (52)
720 4579 825 4636 Καὶ
876 4579 1192 4640 ἀνασταντες
1252 4578 1500 4649 ηὔξαντο,
1561 4581 1652 4634 καὶ
1708 4579 1963 4635 καθίσατο
2019 4582 2045 4635 ὁ

2225 4586 2280 4640 6.
2312 4588 2627 4656 Surgentes
2659 4586 2853 4638 autem
2882 4579 3097 4653 precati
3117 4583 3276 4645 sunt,
3303 4580 3569 4652 seditque
3593 4581 3815 4653 episco-

394 4666 713 4741 ἐπίσκοπος,
755 4669 846 4724 καὶ
903 4670 1045 4723 εἶπεν
1107 4667 1276 4740 αὐτῷ*
1339 4671 1536 4726 Ἀκουε
1582 4669 1670 4724 καὶ
1733 4676 1832 4739 τῆς
1897 4666 2055 4740 ἕκτης

393 4756 639 4828 ὶντολῆς.
675 4761 790 4833 (53)
822 4756 1208 4831 Ἐνετειλάμην
1244 4779 1326 4812 σοι
1361 4757 1412 4813 ἐν
1464 4762 1530 4833 τῇ
1581 4760 1772 4834 πρώτῃ
1824 4759 2044 4833 ἐντολῇ,

389 4845 482 4902 ἵνα
512 4847 754 4926 φυλάξῃς
813 4849 911 4917 τὴν
970 4846 1150 4902 πίστιν
1207 4847 1298 4902 καὶ
1356 4849 1447 4903 τὸν
1509 4843 1676 4926 φόϐον
1733 4850 1822 4903 καὶ
1857 4849 2046 4925 ἐγκρα-

393 4935 582 5011 τεύσῃ.
645 4936 935 5012 Ἀπεκρίθη
990 4937 1017 4990 ὁ
1075 4936 1386 5012 ’Ἀντίοχος
1456 4939 1585 5004 Ναὶ,
1641 4936 1814 5012 κύριε,
1876 4937 2048 5000 οὕτως

397 5024 529 5082 ἰστί.
581 5025 737 5102 Λέγει
797 5024 944 5097 αὐτῷ
993 5027 1021 5079 ὁ
1071 5023 1389 5087 ἐπίσκοπος·
1442 5023 1616 5082 Ἀλλὰ
1662 5031 1752 5081 νῦν
1788 5024 1931 5090 θέλω
1963 5047 2048 5081 σοι

395 5112 642 5184 δηλῶσαι
707 5115 797 5169 καὶ
853 5116 950 5176 τὰς
1009 5111 1263 5186 δυνάμεις
1323 5113 1521 5189 αὐτῶν,
1577 5113 1668 5170 ’ἶνα
1714 5117 1917 5190 νοήσῃς
1949 5117 2046 5185 τὴν

397 5202 622 5278 δύναμιν
681 5205 747 5274 ἣν
804 5199 994 5280 ἔχουσι
1049 5202 1139 5258 καὶ
1197 5201 1482 5281 ἐνέργειαν·
1537 5203 1730 5260 διπλαῖ
1793 5205 1895 5282 γάρ
1924 5205 2047 5261 sict-

470 5403 578 5469 (5οὶ
614 5400 798 5473 Vulgo
834 5402 1084 5474 μιαρῶν;
1122 5405 1182 5474 at
1213 5406 1380 5474 vetus
1413 5404 1527 5458 Lat.
1566 5405 1776 5474 interp.
1830 5402 2049 5458 habet:

399 5475 988 5547 rebusrsupervqcuis;
1021 5473 1214 5544 possis
1245 5473 1482 5547 ᾄμωρῶν
1513 5473 1818 5544 conjicere.
1845 5475 2049 5529 Νοιτε.

473 5546 586 5619 (51)
619 5540 771 5614 Haec,
807 5542 868 5619 ἐκ
898 5540 956 5597 δὲ
983 5540 1083 5619 si:
1115 5540 1353 5619 πικρίας,
1377 5540 1598 5619 ’ἀοευηι
1621 5540 1686 5602 in
1719 5547 1917 5602 codice
1950 5564 2053 5601 no-

402 5616 653 5686 stro,sed
669 5634 739 5673 ea
759 5634 827 5672 ex
849 5616 1096 5672 homilia
1119 5616 1226 5674 110
1243 5618 1516 5675 Antiochi
1543 5619 1796 5675 mutuati
1822 5634 2051 5674 sumus.

496 5691 588 5745 52)
618 5691 845 5745 Hermae
876 5690 1137 5745 mandat.
1169 5691 1224 5744 6.

497 5691 566 5745 52
618 5691 845 5745 Hermae
876 5691 1137 5745 mandat.
1169 5691 1224 5744 6.

497 5691 594 5834 53)
625 5761 757 5818 ΙΙωο
785 5763 983 5832 verba,
1030 5759 1104 5822 εἷς
1156 5760 1254 5830 τὴν
1314 5760 1538 5835 πρώτην
1599 5758 1822 5828 ἐντολὴν
1869 5757 2054 5830 ἐνετει,

2167 4690 2278 4745 pus
2309 4677 2363 4726 et
2409 4672 2490 4728 ait
2523 4671 2640 4726 illi:
2675 4669 2823 4726 Audi
2884 4675 3113 4725 sextum
3171 4687 3402 4742 quoque
3453 4671 3814 4727 mandatum.

2155 4762 2315 4818 Jussi
2352 4768 2404 4816 te
2437 4763 2492 4816 in
2531 4762 2719 4833 primo
2749 4765 3057 4832 praecepto,
3091 4777 3321 4816 servare
3352 4760 3526 4816 fidem
3558 4765 3616 4817 et
3640 4762 3815 4817 timo-

2158 4869 2302 4919 rem,
2335 4855 2846 4921 temperanterque
2879 4865 3070 4921 agere.
3105 4849 3427 4921 Respondit
3453 4850 3815 4906 Antiochus:

2161 4939 2367 5008 Etiam,
2401 4939 2654 5005 domine,
2683 4940 2759 4992 ita
2792 4955 2852 4993 se
2887 4955 2978 4993 res
3011 4938 3207 4995 habet.
3240 4939 3332 4993 Ait
3357 4938 3440 4992 illi
3471 4939 3815 5010 episcopus:

2159 5029 2270 5084 Sed
2295 5029 2419 5098 jam
2453 5027 2712 5083 indicare
2734 5027 2860 5082 volo
2891 5027 2994 5082 tibi
3024 5044 3290 5100 quaenam
3326 5027 3442 5082 sint
3475 5043 3674 5082 eorum
3704 5028 3818 5082 vir—

2159 5120 2407 5181 tutes,ut
2437 5115 2796 5188 exploratam
2828 5115 3046 5172 habeas
3075 5133 3276 5173 eorum
3311 5115 3422 5170 vim
3471 5119 3526 5170 et
3557 5115 3817 5171 efﬁcien-

2159 5206 2325 5260 tiam.
2359 5203 2623 5276 Duplicis
2657 5221 2914 5277 namque
2969 5206 3198 5277 generis
3255 5209 3414 5273 sunt,
3472 5204 3716 5276 sitaaque
3758 5205 3815 5259 in

2165 5398 2462 5475 lcipxqvoo:
2498 5401 2619 5469 περὶ
2651 5399 3466 5475 πίστεωςβιοηθκριήίῐηυηιυι·
3495 5403 3647 5475 apud
3672 5403 3811 5457 Her-

2166 5490 2318 5526 mam
2357 5472 2463 5526 hoc
2497 5479 2663 5544 pacto
2693 5492 2703 5526 :
2729 5472 3146 5545 Praeceperam,
3182 5473 3393 5542 inquit,
3421 5472 3602 5529 tibi—in
3634 5476 3816 5545 primo

2167 5545 2428 5597 ηιαηςάὀ
2460 5551 2521 5598 ul
2552 5544 2846 5598 custodires
2877 5545 3038 5612 ﬁdem
3083 5547 3133 5599 at
3179 5546 3455 5614 timqrem,
3508 5544 3638 5600 etc;
3669 5545 3818 5599 Sub-

2166 5619 2553 5687 scquniitibus
2583 5621 2776 5669 autem
2812 5609 2944 5670 mox
2975 5616 3163 5687 verbis
3207 5609 3391 5667 Φοϐοὖ
3438 5609 3528 5669 τὸν
3588 5615 3813 5687 Κύριον-

2164 5684 2265 5739 καὶὴ
2288 5684 2548 5760 φύλασσε,
2580 5687 2858 5756 incipitur
2888 5686 3234 5758 serptimum
3274 5689 3615 5743 mandatum
3637 5684 3809 5741 etiam

2169 5761 2323 5830 apud
2363 5760 2655 5814 Hermum.
