4132 6364
313 403 430 464 563

1470 399 1535 458 S.
1584 395 2108 458 ATHANASIUS.
2142 429 2219 438 —
2249 395 2558 458 SPURIA.

3615 407 3736 466 564

303 535 540 610 justitia
559 539 618 592 et
644 535 960 607 injustitia.
989 536 1076 590 Tu
1111 549 1246 607 ergo
1270 532 1515 606 justitizs
1546 530 1785 594 credito,
1813 529 1968 601 inju-

2084 532 2286 582 κεῖνται
2342 527 2443 604 γὰρ
2501 527 2590 584 ἐπὶ
2649 526 2844 604 δικαίῳ
2899 532 2989 586 καὶ
3039 529 3233 604 ἀδίκῳ.
3267 533 3341 588 Σὺ
3375 531 3465 589 οὖν
3515 533 3735 592 πίστευε

311 626 483 682 stitia;
506 624 864 680 nullatenus.
897 623 1138 679 Justitia
1167 628 1384 679 rectam
1408 622 1584 678 habet
1614 620 1788 685 viam,
1821 619 1970 690 inju-

312 715 474 772 stitia
501 719 846 770 tortuosam.
908 713 1031 768 Duo
1077 717 1218 767 sunt
1273 710 1464 783 angeli
1514 725 1648 765 cum
1708 708 1967 772 homine,

314 805 462 859 alter
484 803 753 874 justitia,
788 801 932 857 alter
980 799 1386 878 malignitatis.
1420 799 1676 854 Justitits
1724 795 1969 867 angelus

314 892 514 948 suavis
539 897 645 956 est,
670 892 1058 960 verecundus,
1093 889 1252 944 mitis
1278 894 1334 944 et
1365 888 1665 943 robustu.
1691 885 1836 940 Cum
1859 883 1966 938 ita-

317 997 430 1053 que
453 980 546 1035 his
579 979 770 1035 modis
792 980 850 1034 in
883 995 980 1034 cor
1007 983 1176 1034 tuum
1198 974 1750 1044 ascenderit,statim
1774 977 1967 1028 tecum

316 1068 578 1141 loquitur
605 1069 676 1124 de
699 1069 956 1138 justitia,
999 1069 1068 1123 de
1101 1067 1393 1133 castitate,
1426 1065 1497 1119 de
1527 1079 1755 1119 morum
1790 1061 1970 1116 hone-

317 1163 489 1228 state,
513 1158 584 1213 de
613 1157 968 1230 frugalitate,
989 1157 1060 1212 de
1091 1156 1249 1212 omni
1276 1156 1529 1224 denique
1561 1152 1738 1224 probo
1771 1167 1970 1222 opere-

315 1253 372 1303 et
400 1248 472 1303 de
493 1263 844 1318 quacunque
875 1245 1153 1318 praeclara
1182 1245 1414 1298 virtute.
1453 1243 1579 1296 Haec
1605 1239 1805 1295 omnia
1835 1255 1968 1294 cum

314 1335 374 1391 in
401 1352 502 1391 cor
538 1339 709 1390 tuum
738 1333 1284 1400 ascenderint,scito
1315 1328 1856 1403 angelumjustitiaa
1885 1330 1968 1383 te-

315 1441 450 1480 cum
483 1441 632 1480 esse.
691 1424 836 1479 Huic
894 1424 1092 1494 itaque
1148 1421 1351 1477 credas
1407 1423 1464 1475 et
1493 1418 1772 1490 operibus
1817 1418 1968 1487 ejus,

317 1513 476 1569 hunc
505 1517 635 1570 tene
664 1518 721 1569 et
768 1514 1022 1586 posside.
1055 1512 1201 1568 Vide
1221 1512 1346 1582 jam
1402 1510 1544 1564 mihi
1588 1507 1778 1580 angeli
1811 1505 1974 1562 mali-

319 1603 563 1676 gnitatis
595 1620 788 1676 opera.
850 1603 1038 1658 Primo
1071 1601 1390 1657 iracundus
1443 1606 1554 1668 est,
1587 1597 1854 1663 acerbus,
1885 1595 1970 1650 in-

320 1707 537 1748 sanus:
571 1707 865 1764 operaque
893 1690 1053 1746 illius
1087 1695 1229 1744 sunt
1273 1687 1448 1756 mala,
1482 1703 1609 1758 qua:
1641 1700 1840 1740 servos
1872 1683 1974 1739 Dei

320 1783 693 1852 prosternant
739 1784 796 1834 et
852 1779 1147 1849 dejiciant.
1207 1778 1353 1834 Cum
1385 1773 1484 1830 ille
1539 1774 1602 1830 in
1643 1789 1742 1828 cor
1801 1776 1970 1827 tuum

321 1869 670 1972 ascenderit,
713 1885 782 1925 ex
809 1868 1084 1941 operibus
1117 1868 1246 1938 ejus
1285 1863 1622 1964 cognoscito
1651 1861 1844 1916 illum.
1878 1861 1975 1916 Ait
2006 1907 2052 1972 Β

320 1959 406 2015 illi
439 1960 554 2014 dux
584 1959 939 2014 Antiochus:
975 1959 1096 2022 Quo
1130 1959 1318 2028 p‘acto,
1368 1952 1624 2023 domine,
1657 1967 1976 2024 agnoscam

319 2047 518 2119 ipsum
543 2046 889 2118 ignoro,nisi
921 2045 1042 2102 tuis
1071 2045 1330 2101 ediscam
1365 2042 1580 2098 verbis.
1613 2040 1865 2111 Reponit
1892 2038 1977 2094 illi

317 2135 666 2208 episcopus:
699 2135 848 2190 Audi
883 2135 1227 2207 singulatim
1259 2137 1315 2188 et
1363 2135 1627 2187 attentus
1657 2133 1802 2185 esto.
1833 2132 1976 2185 Cum

317 2231 374 2280 te
405 2226 670 2296 quaadam
703 2225 1008 2280 iracundia
1035 2222 1280 2291 invadit,
1341 2226 1442 2276 aut
1471 2217 1820 2288 amaritudo,
1849 2218 1975 2288 jam

321 2313 468 2369 scito
500 2313 558 2368 in
589 2317 646 2369 te
677 2312 846 2367 illum
871 2328 1019 2368 esse.
1059 2310 1199 2365 Hinc
1230 2312 1554 2365 nascuntur
1585 2305 1975 2378 plurimorum

320 2418 564 2474 operum
622 2401 933 2469 desideria,
990 2397 1477 2470 concupiscentiae
1524 2395 1668 2450 varii
1717 2397 1775 2450 et
1830 2392 1975 2448 lauti

323 2490 714 2562 cibi,crapula3
743 2489 1211 2556 multae,minime
1243 2485 1692 2560 congruentium
1726 2483 1975 2539 alimen-

323 2586 556 2648 torum;
585 2574 906 2635 mulierum
936 2578 1172 2651 cupido,
1205 2577 1470 2643 avaritia,
1503 2572 1974 2644 superbia,arro-

325 2671 546 2742 gantia,
578 2674 635 2725 et
664 2686 1025 2741 quaecunque
1057 2668 1148 2724 his
1180 2666 1418 2724 similia.
1452 2666 1582 2720 Haec
1613 2662 1810 2734 itaque
1841 2661 1891 2716 si
1912 2663 1972 2717 in

327 2775 427 2815 cor
454 2763 623 2813 tuum
645 2758 1035 2828 ascenderint,
1077 2757 1224 2814 scito
1284 2753 1668 2826 malignitatis
1697 2750 1972 2823 angelum

312 2850 372 2905 in
403 2855 458 2904 te
488 2864 637 2905 esse.
671 2848 900 2904 Gnarus
928 2863 1064 2920 ergo
1096 2847 1224 2918 ejus
1272 2861 1539 2918 operum,
1598 2841 1846 2898 abscede
1899 2841 1969 2895 ab

311 2941 433 3009 illo,
459 2958 562 2998 nec
595 2941 890 2997 ullatenus
948 2940 1033 2994 illi
1066 2938 1302 2996 credito.
1361 2939 1446 2993 En
1496 2936 1601 2991 tibi
1661 2934 1969 3004 utriusque

310 3033 498 3107 angeli
528 3049 741 3105 opera:
777 3048 844 3087 sa
868 3030 1198 3103 intelligito.
1235 3031 1349 3085 Hoc
1379 3028 1618 3100 quidem
1677 3030 1768 3082 est
1818 3041 1967 3096 prae-

310 3128 546 3195 ceptum
579 3123 650 3178 de
679 3121 954 3193 operibus
978 3121 1134 3190 ﬁdei,
1168 3125 1233 3174 ut
1265 3117 1456 3191 angeli
1485 3115 1728 3188 jnstitize
1777 3113 1967 3184 operi-

308 3212 421 3268 bus
448 3211 674 3277 credas,
706 3226 890 3281 eaque
915 3227 1047 3265 cum
1081 3207 1392 3281 perfeceris
1450 3207 1566 3262 Deo
1609 3205 1788 3270 vivas,
1823 3201 1966 3274 quia

311 3301 396 3357 illi
430 3301 616 3374 gloria
645 3301 704 3356 in
737 3299 973 3356 saecula.
1006 3304 1214 3354 Amen.

2076 617 2156 689 τῷ
2191 614 2406 690 δικαίῳ,
2437 623 2516 690 τῷ
2550 617 2608 674 δὲ
2635 617 2807 692 ἀδίκῳ
2865 618 3033 693 μηδὲν
3074 622 3383 698 πιστεύσῃς.
3414 625 3486 679 Τὸ
3516 625 3620 702 γὰρ
3653 624 3736 680 δί-

2078 725 2230 760 καιον
2264 705 2429 779 ὀρθὴν
2464 704 2586 762 ὁδὸν
2621 706 2828 783 ἕχει,τὸ
2859 707 2916 764 δὶ
2948 707 3134 766 ἄδικον
3165 707 3433 788 στρεϐλήν
3458 716 3596 786 (54).
3629 716 3732 771 Δύο

2080 793 2209 849 εἰσὶν
2244 793 2467 870 ἄγγελοι
2503 797 2636 869 μετὰ
2663 802 2761 851 τοῦ
2812 799 3118 874 ἀνθρώπου,
3173 801 3248 862 εἷς
3295 808 3396 871 τῆς
3456 800 3733 858 δικαιοσύ-

2079 905 2198 955 νης,
2247 883 2334 938 καὶ
2395 885 2471 946 εἷς
2518 891 2618 954 τῆς
2666 886 2950 962 πονηρίας.
3010 888 3107 942 Καὶ
3141 891 3168 943 6
3205 890 3296 962 μὶν
3328 893 3426 959 τῆς
3457 888 3734 948 δικαιοσύ-

2079 994 2175 1044 νης
2207 971 2438 1048 ἅγγελος
2468 975 2731 1052 τρυφερός
2763 975 2873 1030 ἐστι
2905 979 2994 1032 καὶ
3043 977 3410 1056 αἷσχυντηρὸς
3440 981 3530 1035 καὶ
3561 988 3734 1057 πρᾶος

2079 1061 2169 1116 καὶ
2227 1061 2476 1138 ἰσχυρός.
2511 1066 2669 1118 Ὅταν
2721 1063 2810 1119 οὖν
2862 1065 3035 1129 οὕτως
3087 1066 3173 1122 ἐπὶ
3221 1069 3322 1138 τήν
3355 1068 3574 1146 καρδίαν
3637 1093 3734 1126 σου

2079 1146 2270 1224 ἀναϐῇ,
2333 1151 2533 1214 εύθάως
2591 1151 2751 1208 λαλεῖ
2811 1155 2946 1226 μετὰ
3005 1160 3100 1210 σοῦ
3176 1158 3299 1229 περὶ
3360 1155 3731 1231 δικαιοσύνης,

2081 1240 2204 1313 περὶ
2239 1239 2471 1315 ἁγνείας,
2512 1241 2634 1312 περὶ
2687 1243 3020 1314 σεμνότητος
3071 1245 3160 1299 καὶ
3209 1247 3333 1319 περὶ
3391 1247 3731 1321 αὐταρκείας,

2081 1328 2171 1382 καὶ
2204 1331 2326 1401 περὶ
2383 1329 2584 1391 παντός
2635 1329 2796 1406 ἔργου
2848 1329 3059 1386 δικαίου
3097 1333 3187 1388 καὶ
3219 1335 3342 1410 περὶ
3373 1337 3550 1406 πάσης
3610 1337 3735 1413 ἀρε-

2079 1421 2179 1482 τῆς
2207 1414 2444 1501 ἐνδόξου.
2483 1421 2668 1475 Ταῦτα
2693 1420 2864 1475 πάντα
2911 1421 3035 1476 ὅταν
3086 1423 3160 1485 εἷς
3207 1425 3305 1491 τήν
3355 1423 3577 1501 καρδίαν
3639 1449 3734 1482 σου

2083 1500 2278 1575 ἀναϐῆ,
2309 1505 2534 1580 γίνωσκε
2592 1506 2675 1562 δτι
2725 1509 2752 1562 6
2809 1507 3044 1584 ἅγγελος
3065 1513 3164 1579 τῆς
3199 1509 3541 1583 δικαιοσύνης
3601 1516 3734 1588 μετά

2083 1599 2179 1648 σοῦ
2209 1593 2342 1652 ἐστι.
2374 1594 2564 1668 Τούτῳ
2597 1595 2687 1650 οὖν
2734 1599 2951 1652 πίστευε
2993 1598 3080 1654 καὶ
3130 1606 3244 1662 τοῖς
3305 1599 3486 1677 ἔργοις
3547 1602 3733 1676 αὐτοῦ,

2081 1684 2170 1737 καὶ
2204 1682 2467 1758 ἐγκρατὴς
2500 1685 2665 1740 αύτοῦ
2695 1685 2872 1760 γενοῦ.
2907 1690 3046 1762 Ὅρα
3075 1686 3168 1743 οὖν
3202 1691 3292 1744 καὶ
3339 1696 3436 1746 τοῦ
3493 1691 3734 1767 ἀγγέλου

2082 1776 2181 1837 τῆς
2211 1773 2476 1848 πονηρίας
2506 1774 2571 1828 τὰ
2600 1771 2750 1850 ἔργα.
2787 1781 3007 1850 Πρῶτον
3043 1776 3253 1833 πάντων
3304 1779 3575 1855 όξύχολός
3624 1781 3736 1837 ἐστι

2082 1863 2171 1916 καὶ
2203 1863 2398 1932 πικρὸς
2437 1863 2525 1916 καὶ
2586 1864 2792 1941 ἄφρων,
2839 1865 2929 1920 καὶ
2985 1867 3051 1920 τὰ
3107 1865 3240 1942 ἔργα
3286 1868 3450 1924 αὐτοῦ
3497 1872 3735 1946 πονηρὰ,

2089 1951 2517 2029 καταστρέφοντα
2566 1951 2693 2015 τοὺς
2748 1952 2980 2017 δούλους
3029 1961 3128 2011 τοῦ
3177 1963 3332 2014 Θεοῦ.
3381 1959 3545 2016 ’Όταν
3577 1959 3737 2023 αὐτὸς

2088 2040 2175 2095 ἐπὶ
2232 2041 2328 2109 τὴν
2380 2039 2600 2116 καρδίαν
2651 2063 2747 2096 σου
2793 2039 2988 2118 ἀναϐῇ,
3038 2049 3202 2120 γνῶθι
3275 2046 3432 2102 αὐτὸν
3491 2047 3577 2103 ἐπὶ
3629 2054 3735 2104 τῶν

2086 2126 2260 2205 ἔργων
2319 2129 2503 2187 αὐτοὺ.
2555 2131 2707 2204 Λέγει
2756 2132 2903 2204 αύτῷ
2953 2133 2981 2185 6
3044 2131 3168 2204 δοὺξ
3221 2136 3528 2211 ’Δντίοχοςο
3589 2139 3737 2210 Πῶς,

2085 2219 2259 2295 κύριε,
2289 2225 2474 2289 νοήσω
2504 2219 2700 2289 αύτόν;
2732 2221 2847 2278 Οόκ
2878 2220 3194 2295 ἐπίσταμαι,
3225 2223 3312 2279 ἐάν
3363 2227 3440 2298 μὴ
3487 2224 3735 2303 διδαχθῶ

2085 2307 2220 2362 κατά
2277 2307 2465 2382 λόγον.
2521 2308 2674 2384 Λέγει
2722 2310 2870 2382 αύτῷ
2901 2313 2928 2365 ὁ
2961 2309 3274 2374 ἐπίσκοπος*
3309 2320 3510 2370 ’Ἄκουε
3543 2315 3738 2371 λεπτο-

2090 2400 2270 2471 μερῶς
2301 2397 2388 2450 καὶ
2432 2399 2759 2472 [προσεχὴς]
2787 2399 2958 2473 γίνου.
2993 2401 3156 2456 ’Ὀταν
3209 2401 3477 2478 όξυχολία
3523 2405 3608 2458 σοί
3652 2427 3736 2468 τις

2083 2484 2376 2560 προσέλθῃ,
2412 2487 2445 2553 ἢ
2479 2486 2691 2560 πικρία,
2723 2487 2952 2562 γίνωσκε
2979 2488 3062 2543 δτι
3118 2489 3279 2552 αὐτός
3321 2491 3460 2546 ἐστιν
3513 2492 3564 2548 ἐν
3623 2494 3736 2548 σοί-

2085 2573 2198 2629 εἶτα
2229 2572 2422 2629 λοιπὸν
2469 2573 2744 2648 ἐπιθυμίαι
2778 2577 3019 2653 πράξεων
3069 2578 3296 2647 πολλῶν
3356 2580 3446 2635 καὶ
3505 2581 3736 2638 πολυτέ-

2085 2660 2205 2718 λεια
2234 2661 2542 2736 ἐδεσμάτων
2575 2665 2663 2720 καὶ
2693 2665 3010 2740 κραιπαλῶν
3043 2665 3270 2724 πολλῶν
3320 2669 3409 2723 καὶ
3469 2671 3736 2728 ποικίλων

2080 2757 2294 2830 τροφῶν
2327 2753 2416 2807 καὶ
2449 2752 2508 2808 ού
2557 2751 2808 2821 δεόντων,
2863 2755 2952 2810 καὶ
3001 2755 3280 2828 ἐπιθυμίαι
3327 2765 3591 2833 γυναικῶν
3645 2762 3732 2815 καί

2079 2841 2410 2912 πλεονεξίαι,
2475 2843 2813 2920 ὑπερηφανία
2867 2864 2926 2898 τε
2968 2844 3057 2898 καὶ
3119 2844 3427 2918 ἀλαζονεία,
3491 2848 3578 2903 καὶ
3631 2846 3728 2902 ὅσα

2077 2931 2294 2993 τούτοις
2353 2929 2728 3005 παραπλήσια.
2781 2935 2964 2988 Ταῦτα
3014 2932 3104 2987 οὖν
3153 2932 3276 2988 ὅταν
3326 2935 3412 2989 ἐπὶ
3453 2936 3551 3003 τήν
3599 2955 3725 3010 καρ-

2079 3018 2196 3075 δίαν
2254 3041 2349 3074 σου
2409 3015 2606 3093 ἀναϐῇ,
2665 3021 2896 3094 γίνωσκε
2953 3020 3035 3076 ὅτι
3087 3024 3114 3077 6
3166 3021 3393 3097 ἄγγελος
3422 3031 3522 3093 τῆς
3551 3045 3728 3094 πονη-

2079 3109 2194 3183 ρίας
2252 3109 2392 3163 δστιν
2453 3108 2504 3162 ἐν
2559 3108 2664 3165 σοί.
2731 3109 2805 3164 Σὺ
2839 3110 2953 3177 οὗν,
3011 3111 3261 3186 ἐπιγνοὺς
3291 3113 3357 3166 τὰ
3387 3109 3514 3188 ἔργα
3569 3112 3732 3166 αὐτοῦ

2079 3197 2284 3251 ἀπόστα
2314 3196 2405 3250 ἀπ’
2435 3195 2622 3266 αὐτοῦ,
2655 3197 2745 3252 καὶ
2809 3195 2978 3271 μηδὲν
3043 3199 3188 3271 αὐτῷ
3245 3200 3482 3257 πίστευε.
3545 3202 3730 3276 ’Έχεις

1997 3274 2040 3339 C
2081 3284 2170 3340 οὗν
2235 3284 2556 3362 ἀμφοτέρων
2609 3291 2716 3340 τῶν
2779 3287 3027 3362 ἀγγέλων
3085 3289 3179 3350 τὰς
3237 3289 3533 3364 ἐνεργείας·
3582 3274 3730 3352 σύνες

313 3389 496 3450 αὐτάς.
533 3389 662 3461 Περὶ
700 3388 793 3460 μὲν
821 3392 928 3442 τῶν
963 3384 1129 3462 ἔργων
1164 3393 1264 3456 τῆς
1295 3385 1526 3446 πίστεως
1560 3381 1693 3452 αὕτη
1729 3379 1868 3435 ἐστὶν
1903 3381 1936 3448 ἡ
1971 3374 2189 3445 ἐντολὴ,
2218 3373 2309 3430 ’ίνα
2337 3380 2451 3436 τοῖς
2484 3370 2664 3450 ἔργοις
2696 3381 2793 3431 τοῦ
2823 3376 3060 3452 ἀγγέλου
3088 3385 3188 3448 τῆς
3232 3376 3579 3451 δικαιοσύνης
3607 3401 3731 3434 πισ-

308 3477 522 3552 τεύσῃς,
553 3476 642 3532 καὶ
675 3476 1038 3551 ἐργασάμενος
1072 3475 1205 3530 αὐτὰ
1238 3478 1400 3548 ζήσῃς
1428 3477 1507 3545 τῷ
1539 3476 1676 3540 Θεῷ·
1712 3468 1794 3524 ὅτι
1825 3467 1970 3539 αύτῷ
2001 3467 2036 3536 ἠ
2073 3462 2200 3538 δόξα
2232 3464 2307 3526 εἷς
2338 3463 2466 3526 τοὺς
2497 3465 2715 3527 αἰῶνας.
2753 3466 2950 3539 Ἀμήν.

1456 3599 1762 3671 Septimum
1790 3594 2137 3660 mandatum,
2179 3594 2342 3646 timor
2371 3591 2490 3645 Dei.

380 3702 435 3756 7.
462 3704 785 3772 Postquam
819 3704 1012 3755 autem
1049 3699 1263 3771 precati
1297 3708 1473 3754 sunt:
1510 3696 1864 3762 Memineris,
1889 3695 1970 3748 ait

311 3793 641 3862 episcopus,
668 3805 759 3844 me
792 3789 850 3844 in
882 3789 1074 3861 primo
1124 3789 1403 3844 mandato
1462 3787 1807 3860 praecepisse
1837 3783 1968 3848 tibi,

313 3881 384 3936 de
415 3880 549 3950 fide,
582 3881 653 3934 de
685 3879 912 3943 timore,
948 3879 1018 3933 de
1049 3878 1457 3948 temperantia.
1489 3872 1966 3941 Etiam,domine,

313 3969 615 4042 respondit
645 3967 764 4023 ille.
794 3971 926 4024 Jam
977 3983 1132 4034 vero,
1181 3966 1398 4038 inquit,
1456 3966 1591 4021 audi
1649 3962 1964 4034 septimum

313 4061 656 4116 mandatum
690 4059 760 4114 de
791 4059 1020 4113 timore.
1053 4057 1216 4112 Time
1248 4056 1560 4112 Dominum
1603 4060 1659 4110 et
1691 4053 1968 4108 mandata

314 4150 442 4220 ejus
473 4149 736 4214 observa,
764 4151 821 4202 et
848 4147 963 4201 eris
997 4149 1202 4218 potens
1233 4161 1424 4217 opere,
1484 4158 1748 4216 opusque
1799 4145 1964 4195 tuum

314 4235 793 4308 incomparabile.
829 4236 1138 4290 Dominum
1173 4235 1220 4290 si
1251 4235 1481 4303 timeas,
1515 4230 1713 4289 omnia
1748 4229 1970 4285 efficies

315 4327 487 4382 bona.
526 4325 624 4380 llic
656 4324 751 4380 ille
778 4324 955 4380 timor
979 4330 1068 4379 est
1098 4341 1213 4396 quo
1243 4323 1426 4379 teneri
1456 4327 1513 4378 te
1544 4323 1790 4393 oportet.
1833 4318 1969 4373 Dia-

317 4417 516 4472 bolum
549 4434 620 4472 ne
653 4417 794 4471 time
826 4417 964 4487 quia
995 4416 1083 4470 vis
1111 4417 1166 4469 in
1209 4431 1275 4470 eo
1309 4414 1611 4478 nulla,nec
1642 4409 1967 4466 formidan—

318 4507 431 4561 dus
461 4505 679 4561 est.Cui
715 4506 800 4559 vis
824 4505 973 4558 inest
1007 4503 1304 4574 praeclara.
1337 4502 1433 4557 ille
1450 4501 1768 4556 timendus.
1802 4497 1970 4560 Quis.

316 4596 449 4666 quis
481 4595 633 4650 enim
659 4595 776 4649 vim
809 4600 868 4648 et
909 4599 1252 4664 potestatem
1277 4592 1473 4658 habet,
1497 4591 1594 4646 ille
1625 4586 1968 4644 formidabi-

316 4684 426 4740 lis:
454 4684 552 4756 qui
587 4683 808 4739 nullam
843 4684 956 4737 vim
1018 4688 1196 4749 tenet,
1231 4682 1326 4737 hic
1374 4678 1737 4750 contemptui
1783 4673 1969 4730 omni-

2148 3689 2202 3744 7.
2241 3686 2334 3740 Καὶ
2368 3686 2670 3760 εὐξαμένων
2704 3687 2901 3757 αὐτῶν,
2940 3687 3082 3764 λέγει
3132 3689 3280 3763 αύτῷ
3329 3691 3357 3744 6
3416 3690 3733 3753 ἐπίσκοπος·

2080 3775 2396 3848 Μέμνησαι,
2429 3775 2511 3830 δτι
2546 3776 2621 3837 είς
2670 3778 2770 3845 τὴν
2821 3777 3046 3851 πρώτην
3091 3777 3316 3848 ἐντολὴν
3379 3779 3733 3853 ἐνετειλάμην

2078 3885 2161 3920 σοι
2220 3865 2341 3941 περῖ
2400 3865 2634 3927 πίστεως
2865 3866 2953 3921 καὶ
3015 3862 3188 3945 φόϐου
3253 3869 3343 3924 καὶ
3398 3869 3732 3945 ἐγκρατείας.

2078 3954 2398 4030 ³Απεκρίθη’
2461 3955 2609 4026 Ναὶ,
2671 3955 2843 4030 κύριε.
2908 3957 3062 4032 Λέγει
3112 3956 3277 4030 αὐτῷ·
3339 3963 3442 4014 Νῦν
3504 3957 3733 4014 ἄκουσον

2077 4051 2175 4113 τῆς
2207 4039 2448 4116 ἑϐδόμης
2479 4043 2726 4114 ἐντολῆς,
2761 4045 2885 4120 περὶ
2915 4050 3012 4100 τοῦ
3061 4041 3252 4122 φόϐου.
3287 4042 3474 4102 Φοϐοὖ
3502 4048 3595 4103 τὸν
3631 4048 3736 4103 Κύ-

2078 4153 2214 4207 ριον,
2267 4133 2355 4188 καὶ
2387 4131 2626 4209 φύλασσε
2654 4135 2748 4194 τὰς
2783 4133 3005 4196 ἐντολὰς
3041 4134 3226 4204 αὐτοῦ,
3270 4136 3360 4191 καὶ
3419 4133 3512 4211 ἔσῃ
3576 4135 3734 4191 δυνα-

2076 4223 2168 4284 τὸς
2201 4221 2252 4277 ἐν
2305 4222 2515 4298 πράξει,
2571 4222 2659 4276 καὶ
2719 4225 2752 4291 ἡ
2814 4224 3003 4297 πρᾶξίς
3050 4246 3146 4279 σου
3180 4224 3502 4300 ἀσύγκριτος
3560 4224 3734 4282 ἔσται.

2079 4306 2432 4383 Φοϐούμενος
2465 4312 2555 4365 τὸν
2617 4310 2835 4387 Κύριον,
2896 4314 3069 4368 πάντα
3119 4313 3263 4369 καλά
3309 4313 3527 4391 ἐργάσῃ.
3565 4314 3736 4376 Οὗτός

2079 4399 2218 4454 ἐστιν
2255 4400 2282 4453 6
2314 4395 2482 4476 φόϐος
2528 4399 2585 4452 δν
2621 4397 2701 4453 δεῖ
2731 4420 2788 4454 σε
2819 4396 3149 4478 φοϐηθῆναισ
3203 4403 3294 4456 τὸν
3345 4397 3602 4457 διάϐολον
3658 4403 3733 4475 μὴ

2081 4484 2354 4566 φοϐηθῇς,
2389 4488 2470 4542 ὅτι
2507 4485 2733 4560 δύναμις
2765 4489 2816 4544 ἐν
2865 4490 3010 4562 αὐτῷ
3057 4490 3155 4545 ούκ
3193 4488 3359 4561 ἔστιν,
3388 4491 3512 4547 οὐδέ
3542 4487 3734 4570 φόϐος.

2082 4579 2166 4632 Ἐν
2201 4579 2245 4648 ᾧ
2277 4576 2334 4631 δὲ
2364 4579 2398 4646 ἡ
2452 4575 2679 4651 δύναμις
2814 4576 3050 4651 ἔνδοξος,
3096 4580 3185 4634 καὶ
3245 4575 3415 4657 φόϐος
3465 4579 3516 4634 ἐν
3568 4580 3734 4653 αύτῷ.

2084 4673 2194 4728 Πᾶς
2225 4665 2642 4742 γᾶρὸδύναμιν
2699 4665 2844 4743 ἔχων
2903 4669 2992 4723 καὶ
3055 4664 3224 4746 φόϐον
3282 4668 3417 4746 ἔχει’
3483 4670 3510 4723 6
3569 4667 3628 4725 δὲ
3662 4671 3736 4743 μὴ

318 4775 431 4829 bus
463 4752 568 4829 est.
606 4773 817 4828 Servus
853 4772 1081 4827 Domini
1113 4772 1279 4828 fortis
1339 4775 1428 4826 est
1482 4774 1538 4825 et
1590 4766 1736 4822 nihil
1787 4766 1970 4819 timet.

2086 4752 2229 4830 ἔχων
2266 4752 2493 4827 δύναμιν
2533 4756 2633 4809 ὑπὸ
2679 4758 2892 4810 πάντων
2943 4762 3378 4834 καταφρονεῖται.
3422 4758 3483 4814 Ὁ
3539 4755 3738 4820 δοῦλος

315 4863 482 4918 Time
513 4878 647 4933 ergo
669 4862 984 4917 Dominum
1018 4867 1071 4918 et
1103 4861 1186 4917 illi
1216 4861 1392 4927 vives,
1427 4874 1666 4914 servans
1697 4855 1973 4911 mandata

315 4953 444 5022 ejus
474 4952 533 5007 in
566 4951 796 5008 saecula.

2085 4842 2174 4898 οὖν
2205 4847 2301 4897 τοῦ
2336 4843 2532 4917 Κυρίου
2568 4839 2798 4918 ίσχυρός
2830 4844 2938 4898 ἐστι
2980 4845 3068 4899 καὶ
3119 4842 3401 4918 [ἔνδοξος].
3450 4841 3739 4918 Φοϐήθητι

2085 4929 2175 4986 οὖν
2206 4931 2296 4985 τὸν
2331 4930 2554 5007 Κύριον,
2583 4933 2672 4986 καὶ
2707 4935 2844 5007 ζήσῃ
2873 4933 3038 5006 αὐτῷ,
3072 4935 3362 5012 φυλάσσων
3393 4935 3490 4997 τὰς
3521 4933 3740 4996 ἐντολάς

2085 5023 2248 5077 αὑτοῦ
2280 5021 2357 5082 εἱς
2386 5020 2512 5083 τοὺς
2543 5021 2762 5084 αἶ’ῶνας.

1356 5157 1505 5214 205
1535 5159 1797 5216 Octavum
1830 5147 2172 5213 mandatum,
2214 5140 2280 5195 de
2318 5140 2687 5197 abstinentia.

390 5276 445 5329 8.
477 5275 545 5329 Et
575 5279 884 5346 postquam
911 5275 1083 5330 ambo
1135 5273 1348 5345 precati
1409 5278 1568 5339 sunt,
1604 5272 1684 5327 ait
1741 5270 1824 5325 illi
1855 5270 1975 5341 epi-

321 5378 535 5433 scopus
589 5381 601 5416 :
660 5363 810 5419 Audi
851 5378 1085 5434 quoque
1143 5367 1406 5417 octavum
1471 5365 1842 5433 praeceptum,
1905 5360 1976 5414 de

322 5451 699 5506 abstinentia.
741 5451 942 5523 Cogita
970 5451 1221 5522 duplicis
1252 5466 1382 5505 esse
1417 5451 1646 5523 generis
1677 5451 1972 5506 abstinen-

396 5585 508 5655 (54)
542 5585 640 5640 Hic
672 5584 858 5640 multa
887 5586 1244 5640 omittuntur
1271 5601 1398 5656 qua
1427 5585 1706 5656 leguntur
1734 5585 1793 5656 in
1822 5585 1973 5641 l.Pa-

325 5653 505 5731 storis,
540 5662 596 5712 et
622 5674 746 5731 quos
780 5675 910 5731 mox
945 5653 1398 5731 sgequuntur'S'So
1434 5653 1564 5710 εξᾱῑν
1599 5654 1840 5731 ἄγγελοι,
1877 5658 1972 5713 ha-

327 5727 541 5782 bentur
571 5727 723 5800 apud
758 5727 1133 5784 Antiochum.

2157 5268 2211 5322 8.
2242 5267 2356 5339 (56)
2389 5266 2485 5320 Καὶ
2516 5265 2817 5337 εὐξαμένων
2855 5265 3054 5336 αὐτων,
3087 5265 3235 5342 λέγει
3289 5267 3436 5341 αύτῷ
3466 5269 3493 5322 6
3525 5269 3745 5324 ἐπίσκο-

2089 5375 2213 5417 πος·
2249 5356 2449 5410 ’Ἄκουε
2480 5355 2568 5409 καὶ
2599 5358 2697 5423 τῆς
2731 5352 2934 5429 ὀγδόης
2968 5353 3198 5424 ἐντολῆς
3230 5357 3352 5432 περὶ
3403 5357 3742 5433 ἐγκρατείας·
3784 5400 3792 5406 -

2085 5443 2296 5515 Νόησον
2331 5443 2413 5498 ὅτι
2468 5446 2502 5513 ἡ
2555 5443 2840 5518 ἐγκράτεια
2895 5441 3065 5514 διπλῆ
3101 5443 3235 5504 ἐστι.
3270 5446 3387 5501 Ἐπί
3416 5468 3574 5502 τινων
3636 5448 3740 5525 γὰρ

2087 5590 2267 5716 12$35)
2299 5589 2521 5644 Hermae
2555 5590 2895 5646 mandatum
2918 5591 3275 5663 septimum;
3301 5593 3738 5652 Antioch.hom.

2157 5733 2270 5804 (56)
2303 5733 2523 5788 Hermae
2555 5733 2814 5790 mandat.
2846 5734 2898 5791 8.
2930 5733 3198 5794 Antioch.
3232 5735 3388 5796 hom.
3423 5735 3512 5794 19.
