4132 6364
323 411 447 472 565

1364 402 1757 464 DOOTRINA
1807 402 1911 462 AD
1956 402 2423 465 ANTIOCHUM
2466 404 2760 467 DUCEM.

3641 412 3765 471 566

328 539 413 597 δεῖ
470 561 531 595 σε
591 538 1034 615 ἐγκρατεύεσθαι,
1068 533 1155 591 ἐπί
1208 554 1367 588 τινων
1403 532 1459 589 δὲ
1490 533 1550 589 οὐ
1584 530 1683 588 δεῖ.
1715 534 1785 587 Τὸ
1816 552 1991 603 πονη-

2107 535 2271 590 tiam.
2308 538 2345 588 Δ
2383 537 2739 608 quibusdam
2788 538 2943 593 enim
2966 539 3277 608 abstinere,
3339 559 3370 597 a
3400 543 3761 613 quibusdam

329 633 420 710 p6v
482 627 900 706 ἐγκρατεύεσθαι
961 626 1050 680 καὶ
1116 626 1191 697 μὴ
1251 628 1424 679 ποιεῖν
1482 626 1591 697 (57)
1636 622 1784 677 αὐτό·
1817 624 1879 677 τὸ
1940 620 1996 710 δὲ

328 709 527 798 ἀγαθὸν
596 721 674 792 μὴ
728 714 1081 793 έγκρατεύου,
1116 713 1260 769 ἀλλά
1308 713 1450 767 ποίει
1500 712 1649 769 αὐτό.
1683 718 1883 767 ’Ἄκουε
1940 709 1997 766 δὲ

330 811 715 885 λεπτομερῶς.
750 807 912 880 Λέγει
941 804 1088 876 αὐτῷ
1119 805 1146 858 6
1180 803 1484 877 Ἀντίοχος·
1510 803 1631 870 Ναὶ,
1654 800 1844 874 δέομαί
1878 822 1993 871 σου,

331 898 510 953 πάντα
548 918 643 969 μοι
679 895 1037 967 λεπτομερῶς
1067 890 1341 961 δήλωσον·
1378 890 1460 945 ὅτι
1503 889 1758 945 οὒδέποτε
1788 888 1996 959 ἥκουσα

330 992 585 1043 τοιοῦτον
618 983 783 1059 λόγον
815 981 1092 1058 σωτηρίας
1123 979 1527 1050 καθοπλίζονται
1574 981 1662 1034 τὸν
1713 981 1995 1053 ἄνθρωπον

330 1077 470 1131 κατά
497 1077 675 1145 πάσης
707 1078 968 1148 μηχανῆς
999 1074 1100 1123 τοῦ
1132 1064 1415 1125 διαϐόλου.
1450 1070 1546 1124 Διά
1572 1073 1733 1123 τοῦτο
1766 1067 1995 1137 ἐποίησα

336 1166 427 1221 καὶ
456 1166 549 1219 τὸν
580 1162 828 1239 νοτάριόν
863 1181 968 1234 μου
998 1164 1170 1213 πᾶσαν
1201 1160 1300 1227 τὴν
1347 1155 1558 1231 ἔνδοξον
1608 1158 1695 1212 καὶ
1752 1157 1991 1232 ἐνάρετὸν

344 1254 547 1324 ταύτην
606 1250 836 1327 διδαχὴν
892 1249 1117 1324 γράψαι.
1152 1248 1307 1323 Λέγει
1354 1249 1381 1301 6
1412 1246 1728 1309 ἐπίσκοπος·
1764 1248 1996 1320 Ἐγκρά-

350 1345 510 1398 τεύου
566 1342 668 1396 ἀπὸ
721 1340 893 1410 πάσης
948 1335 1236 1413 πονηρίας,
1284 1338 1389 1392 ἀπὸ
1452 1336 1817 1410 μεθύσματος,
1869 1336 1993 1389 ἀνο-

356 1432 504 1505 μίας,
538 1431 638 1484 ἀπὸ
686 1436 891 1507 τρυφῆς
940 1432 1201 1500 πονηρᾶς,
1235 1426 1341 1481 ἀπὸ
1399 1424 1707 1497 ἐδεσμάτων
1768 1424 1993 1480 πολλῶν

351 1522 442 1576 καὶ
483 1518 820 1588 πολυτελῶν,
851 1516 1112 1584 πλούτου,
1144 1517 1498 1589 καυχήσεως,
1534 1513 1994 1591 ὑψηλοφροσύνης

348 1609 440 1664 καὶ
492 1607 853 1685 ὑπερηφανίας
905 1604 995 1659 καὶ
1053 1601 1286 1677 ψεύδους
1356 1605 1447 1657 καὶ
1514 1601 1849 1663 καταλαλιάς
1905 1603 1994 1655 καὶ

347 1697 677 1773 ὑποκρίσεως
734 1696 821 1750 καὶ
894 1692 1250 1767 μνησικακίας
1327 1693 1415 1747 καὶ
1490 1692 1669 1762 πάσης
1740 1690 1996 1769 βλασφη-

345 1786 632 1860 μίας
665 1788 839 1839 Ταῦτα
870 1783 938 1837 τὸ.
966 1778 1097 1858 ἔργα
1151 1780 1367 1856 πονηρά
1427 1780 1536 1835 ἐστι
1585 1783 1651 1853 τῇ
1713 1779 1825 1854 ζωῇ
1882 1784 1990 1834 τῶν

336 1876 656 1951 ἀνθρώπων.
686 1873 901 1928 Τούτων
937 1869 1027 1926 οῦν
1071 1875 1178 1965 των
1230 1868 1401 1965 ἔργω-ν
1446 1868 1526 1924 δεῖ
1582 1868 1992 1965 ἐγκρατεύεσθαι
2022 1899 2070 1965 Β

335 1963 425 2018 τὸν
451 1960 649 2018 δοῦλον
678 1966 777 2016 τοῦ
808 1964 962 2016 Θεοῦ.
996 1961 1057 2016 Ὀ
1089 1960 1191 2034 γὰρ
1238 1962 1312 2032 μή
1363 1958 1815 2035 ἐγκρατευόμενος
1861 1957 1988 2013 τού-

333 2072 441 2107 των
473 2051 534 2105 ού
566 2048 781 2106 δύναται
816 2052 971 2119 ζῆσαι
1002 2052 1081 2120 τῷ
1111 2049 1247 2119 Θεῷ.
1278 2052 1477 2105 ’Ἄκουε
1508 2045 1565 2102 δὲ
1594 2048 1681 2101 καὶ
1738 2048 1804 2101 τὰ
1859 2043 1988 2102 ἀκό-

335 2140 505 2197 λουθα
549 2139 779 2196 τούτων.
817 2139 971 2215 Λέγει
1021 2140 1049 2193 6
1094 2137 1217 2210 δοὺξ
1251 2138 1557 2213 Ἀντίοχος·
1590 2139 1865 2212 Ἔτιγάρ,
1895 2136 1988 2190 κύ-

331 2250 434 2305 ριε,
468 2228 686 2305 πονηρά
711 2229 843 2283 εἰσιν
874 2225 1044 2304 ἕργα;
1074 2229 1233 2302 Λέγει
1264 2226 1411 2297 αὐτῷ
1461 2226 1488 2279 6
1541 2224 1853 2286 ἐπίσκοπος·
1891 2225 1989 2279 Καὶ

327 2319 514 2376 ποΛλά
567 2320 699 2375 εἰσιν
752 2319 840 2395 ἀφ’
869 2319 943 2372 ὧν
991 2315 1073 2373 δεῖ
1099 2318 1190 2372 τὸν
1225 2315 1423 2371 δοῦλον
1472 2320 1569 2370 τοῦ
1620 2320 1753 2370 Θεοῦ
1807 2314 1992 2390 ἐγκρα-

326 2409 598 2481 τεύεσθαι,
648 2407 859 2479 κλοπὴ,
910 2404 1132 2480 ψεῦδος,
1185 2405 1564 2481 ἀποστέρησις,
1615 2401 1990 2479 ψευδομαρτυ-

328 2497 438 2570 ρία,
486 2496 802 2567 πλεονεξία,
833 2494 1122 2564 ἀλαζονεία
1167 2495 1256 2549 καὶ
1303 2494 1401 2548 ὅσα
1446 2493 1661 2555 τούτοις
1704 2492 1892 2565 ὅμοια.
1926 2493 1988 2549 Εἰ

327 2586 387 2642 οὐ
420 2584 580 2641 δοκεῖ
611 2606 695 2640 σοι
726 2584 942 2660 πονηρὰ
972 2583 1104 2638 εἶναι
1135 2581 1346 2651 ταῦτα;
1380 2582 1698 2656 Ἀπεκρίθη·
1734 2581 1835 2638 Καὶ
1868 2579 1986 2635 λίαν

326 2676 543 2749 πονηρὰ
572 2679 691 2736 τοῖς
722 2671 946 2735 δούλοις
974 2670 1071 2728 τοῦ
1104 2676 1257 2728 Θεοῦ.
1293 2671 1447 2747 Λέγει
1502 2669 1646 2742 αὐτῷ
1694 2671 1721 2724 ὁ
1770 2667 1988 2724 ἐπίσκο-

326 2784 446 2827 πος·
482 2766 878 2840 Έγκρατεῦσαι
925 2760 1017 2817 οὗν
1062 2762 1167 2817 ἀπὸ
1225 2762 1440 2815 πάντων
1496 2760 1725 2832 τούτων,
1751 2758 1845 2813 ἵνα
1900 2761 1993 2829 ζή-

324 2873 417 2927 σῃι·
446 2857 529 2925 τῷ
564 2855 684 2924 Θεῷ
737 2850 830 2906 καί
879 2850 1195 2927 ἐγγραφήσῃ
1250 2848 1384 2921 μετὰ
1435 2852 1542 2902 τῶν
1603 2845 1989 2923 ἐγκρατευομέ-

323 2964 445 2999 νων.
486 2943 565 2997 °A
601 2941 695 3014 μὲν
727 2941 820 2995 οὖν
871 2937 954 2993 δεῖ
1000 2937 1432 3015 έγκρατεύεσθαι,
1460 2936 1627 2991 ταῦτά
1671 2936 1834 2991 ἐστιν·
1870 2936 1903 2989 ἓι
1934 2932 1991 2990 δὲ

328 3029 407 3087 δεῖ
435 3052 491 3086 σε
529 3032 608 3103 μὴ
662 3027 1098 3105 ἐγκρατεύεσθαι,
1127 3026 1273 3083 ἀλλά
1319 3030 1515 3091 ποιεῖν,
1550 3025 1730 3081 ἄκουε·
1767 3024 1987 3080 Πάντων

329 3125 545 3196 πρῶτον
610 3119 815 3190 πίστις,
849 3113 1017 3197 φόϐος
1075 3117 1297 3193 Κυρίου,
1329 3115 1584 3189 ὁμόνοια,
1635 3118 1843 3189 ἀγάπη,
1898 3114 1992 3190 ῥή-

334 3231 470 3282 ματα
500 3206 877 3278 δικαιοσύνης,
911 3206 1163 3277 ἀλήθεια,
1196 3207 1470 3277 ὑπομονή.
1505 3204 1724 3261 Τούτων
1781 3204 1991 3278 ἀγαθώο

2108 642 2220 680 non
2257 627 2552 682 abstinere
2583 627 2873 683 convenit.
2914 631 2959 683 A
2993 628 3145 685 malo
3203 630 3619 688 abstinendum
3652 651 3761 689 nec

2106 716 2397 787 agendum
2430 716 2574 771 illud
2606 721 2714 784 est,
2750 735 2783 772 a
2824 719 2976 773 bono
3027 719 3271 775 minime
3316 721 3758 791 abstinendum,

2104 804 2253 858 Audi
2286 822 2454 875 porro
2477 805 2844 877 singulatim.
2879 807 2981 861 Cui
3011 808 3333 863 Antiochus
3363 828 3374 864 :
3409 811 3760 883 Imo,quzeso

2104 896 2160 948 te
2217 894 2415 949 omnia
2468 894 2811 967 singulatim
2863 897 3191 966 expendas:
3246 915 3549 969 nunquam
3603 902 3759 956 enim

2105 987 2223 1037 tam
2269 982 2587 1039 salutarem
2647 985 2841 1039 audivi
2900 1002 3255 1052 sermonem,
3306 987 3408 1058 qui
3462 988 3760 1047 hominem

2106 1071 2287 1126 armis
2308 1072 2550 1127 instruit
2573 1073 2853 1129 adversus
2904 1074 3180 1145 quaelibet
3211 1076 3429 1131 diaboli
3456 1078 3758 1135 machina-

2106 1162 2692 1232 menta.Quapr0pter
2741 1163 2895 1231 jussi
2956 1164 3251 1219 notarium
3291 1182 3481 1221 meum
3518 1166 3759 1237 praecla-

2106 1265 2231 1304 ram
2262 1253 2318 1303 et
2348 1250 2576 1304 virtutis
2600 1251 2944 1322 magistram
2967 1252 3119 1308 hanc
3150 1254 3474 1309 doctrinam
3502 1256 3760 1312 conscri-

2106 1338 2261 1392 bere.
2308 1339 2405 1392 Ait
2451 1339 2807 1410 episcopus:
2870 1341 3116 1397 Abstine
3174 1344 3246 1398 ab
3297 1344 3457 1400 omni
3518 1344 3759 1417 malitia,

2105 1427 2404 1493 ebrietate,
2455 1427 2786 1499 iniquitate,
2844 1446 3022 1501 prava
3082 1430 3396 1502 voluptate,
3460 1450 3492 1488 a
3552 1433 3758 1490 multis

2106 1514 2399 1586 lautisque
2431 1516 2595 1585 cibis,
2630 1533 2663 1571 a
2707 1517 2945 1584 divitiis,
3008 1535 3040 1573 a
3088 1520 3398 1591 jactantia,
3458 1522 3756 1594 superbia,

2105 1605 2460 1675 arrogantia,
2512 1606 2841 1672 mendacio,
2926 1608 3368 1674 obtrectatione,
3440 1611 3753 1683 hypocrisi,

2104 1694 2455 1763 injuriarum
2486 1695 2907 1761 recordatione,
2940 1701 2994 1751 et
3027 1697 3098 1752 ab
3158 1700 3316 1753 omni
3365 1698 3754 1772 blasphemia.

2105 1784 2234 1839 Haec
2266 1784 2563 1840 factavitaa
2594 1786 2902 1842 hominum
2934 1788 3091 1844 mala
3146 1793 3322 1858 sunt;
3386 1791 3457 1845 ab
3507 1790 3598 1846 his
3662 1793 3757 1847 Dei

2103 1889 2336 1929 servum
2362 1874 2656 1930 abstinere
2687 1880 2951 1946 oportet:
2985 1894 3119 1932 nam
3154 1879 3255 1948 qui
3296 1880 3367 1934 ab
3424 1879 3759 1936 istiusmodi

2100 1979 2215 2018 non
2256 1964 2687 2035 temperaverit,
2749 1981 2867 2020 non
2921 1970 3113 2037 potest
3162 1967 3351 2023 vivere
3409 1969 3543 2025 Deo.
3606 1972 3760 2026 Audi

2100 2050 2277 2107 etiam
2328 2068 2456 2123 quis
2512 2058 2971 2123 consequuntur.
3040 2054 3288 2111 Plurane
3341 2061 3481 2113 sunt
3546 2058 3757 2130 adhuc,

2100 2141 2448 2207 domine,ait
2478 2141 2597 2196 dux
2624 2142 2967 2209 Antiochus,
3003 2144 3159 2199 mala
3180 2161 3353 2217 opera
3379 2148 3534 2203 leo
3550 2147 3755 2218 multa,

2100 2229 2329 2300 reponit
2354 2229 2685 2301 episcopus,
2719 2248 2753 2287 a
2783 2232 3002 2302 quibus
3042 2232 3140 2289 Dei
3172 2251 3405 2290 servum
3463 2237 3756 2293 abstinere

2101 2322 2366 2389 Oportet;
2427 2319 2676 2388 furtum,
2711 2321 3104 2388 mendacium,
3166 2323 3477 2389 fraudatio,
3539 2325 3752 2381 falsum

2099 2407 2532 2475 testimonium,
2568 2409 2831 2479 avaritia,
2865 2412 3221 2483 arrogantia,
3282 2417 3339 2467 et
3390 2430 3755 2485 quaecunque

2100 2495 2193 2551 his
2224 2495 2463 2551 similia.
2495 2498 2575 2552 An
2610 2515 2722 2553 non
2756 2499 2861 2553 tibi
2894 2499 3014 2554 haec
3062 2499 3219 2556 mala
3268 2501 3542 2556 videntur
3584 2506 3753 2558 esse?

2102 2586 2225 2639 Imo
2278 2585 2594 2640 admodum
2656 2586 2832 2653 mala,
2912 2589 3161 2659 reponit,
3239 2589 3337 2644 Dei
3398 2590 3598 2647 servis.
3656 2591 3750 2645 Ait

2099 2671 2183 2727 illi
2214 2674 2564 2745 episcopus:
2599 2675 2838 2731 Abstine
2868 2676 3050 2748 igitur
3080 2678 3151 2732 ah
3184 2678 3277 2733 his
3335 2680 3632 2751 omnibus,
3685 2684 3751 2735 ut

2099 2763 2256 2818 vivas
2286 2763 2487 2831 Deo,et
2515 2764 2572 2817 in
2606 2763 2803 2819 album
2819 2766 3075 2820 eii‘eraris
3106 2782 3241 2822 cum
3262 2770 3748 2840 temperantihus.

2099 2851 2228 2906 Haec
2261 2851 2459 2922 itaque
2489 2856 2626 2907 sunt
2655 2870 2687 2907 a
2718 2854 2933 2924 quibus
2993 2859 3319 2925 temperare
3369 2861 3610 2927 oportet.
3672 2858 3753 2912 Ea

2100 2942 2590 3012 autemaquihus
2650 2959 2763 2996 non
2822 2947 3167 3013 temperare,
3222 2946 3320 2999 sed
3382 2962 3507 3016 quae
3566 2946 3755 3001 facere

2099 3034 2348 3102 oportet,
2374 3046 2501 3101 quas
2524 3030 2642 3085 sint
2673 3032 2810 3085 audi
2841 3048 2852 3085 :
2888 3031 3151 3087 Primum
3213 3034 3501 3099 omnium,
3560 3034 3704 3089 fides
3740 3053 3753 3101 ;

2101 3118 2235 3173 hinc
2265 3118 2444 3173 timor
2473 3118 2722 3185 Domini,
2757 3120 3087 3189 concordia,
3120 3120 3394 3186 charitas,
3448 3121 3624 3176 verba
3657 3123 3757 3191 ju-

2102 3206 2293 3273 stitia,
2327 3207 2564 3276 veritas,
2595 3208 2897 3278 patientia.
2932 3208 3033 3263 His
3076 3209 3219 3263 nihil
3272 3208 3663 3279 praestabilius
3697 3212 3755 3267 il

326 3268 479 3375 τερον
544 3295 700 3353 οὐδέν
761 3268 902 3351 ἐστιν
964 3295 1014 3350 έν
1062 3299 1130 3369 τῇ
1182 3298 1295 3368 ζωῇ
1328 3298 1434 3349 τῶν
1465 3294 1787 3369 ἀνθρώπων.
1818 3298 1989 3347 Ταῦτα

2105 3295 2410 3352 hominum
2441 3296 2578 3350 vita.
2615 3300 2744 3351 Hzec
2775 3297 2821 3350 si
2856 3298 2988 3367 quis
3030 3299 3363 3367 servaverit,
3399 3314 3505 3354 nec
3563 3300 3633 3353 ah
3662 3298 3758 3352 his

333 3388 417 3444 έάν
449 3409 535 3449 τις
567 3386 819 3465 φυλάσσῃ
852 3384 940 3439 καὶ
991 3386 1066 3457 μή
1105 3383 1491 3460 έγκρατεύηται
1525 3385 1635 3455 (59)
1668 3382 1757 3437 ἀπ’
1788 3382 1987 3450 αὐτῶν,

336 3477 599 3554 μακάριός
657 3476 799 3531 ἐστιν
858 3474 909 3530 ἐν
968 3477 1037 3548 τῇ
1100 3478 1213 3547 ζωῇ
1270 3473 1456 3530 αὐτοῦ.
1492 3473 1623 3530 Εἶτα
1675 3471 1879 3527 τούτων
1924 3475 1992 3529 τὰ

332 3566 607 3623 ἀκόλουθα
640 3562 821 3620 ἄκουε·
856 3565 1037 3639 χήρας
1070 3563 1356 3638 ὑπηρετεῖν
1386 3563 1476 3616 καὶ
1518 3561 1784 3640 ὀρφανοὺς
1842 3562 1989 3617 ὑστε-

338 3657 635 3731 ρουμίνους
699 3652 1132 3723 ἐπισκέπτεσθαι,
1192 3652 1243 3722 ἐξ
1301 3650 1537 3726 ἀνάγκης
1612 3649 1991 3724 λυτρώσασθαι

336 3745 458 3807 τοὺς
491 3742 726 3805 δούλους
758 3746 854 3797 τοῦ
886 3745 1045 3812 Θεοῦ,
1087 3740 1368 3817 φιλόξενον
1403 3742 1537 3795 εἶναι
1571 3741 1642 3814 (έν
1677 3740 1780 3815 γὰρ
1811 3745 1879 3805 τῆ
1913 3762 1994 3818 φι-

343 3831 546 3905 λοξενίᾳ
593 3831 897 3905 εὑρίσκεται
952 3829 1389 3906 ἀγαθοποίησις),
1422 3830 1657 3905 ἡσύχιον
1708 3831 1864 3897 εἶναι,
1915 3830 1993 3884 έν-

350 3918 606 3996 δεέστερον
664 3920 930 3996 γενέσθαι,
980 3920 1156 3975 πάντα
1213 3916 1501 3995 ἄνθρωπον
1549 3914 1857 3993 πρεσϐύτην
1910 3918 1994 3973 σέ-

351 4004 548 4082 ϐεσθαι,
603 4010 778 4065 ἀσκεῖν
861 4007 1233 4079 δικαιοσύνην,
1292 4005 1635 4084 ἀδελφότητα
1691 4012 1990 4082 συντηρεῖν,

347 4093 497 4174 ὕϐριν
575 4099 880 4177 ὑποφέρειν,
944 4099 1292 4171 μακρόθυμον
1369 4098 1528 4166 εἶναι,
1597 4096 1990 4167 ἂμνησίκακον,

345 4186 643 4261 κάμνοντας
693 4191 761 4261 τῇ
831 4190 986 4261 ψυχῇ
1058 4182 1412 4257 παρακαλεῖν,
1474 4178 1993 4255 ἐσκανδαλισμένους

342 4275 449 4332 ἀπὸ
492 4283 591 4346 τῆς
639 4277 871 4338 πίστεως
926 4277 1001 4349 μὴ
1064 4268 1463 4344 ἀποϐαλέσθαι,
1496 4270 1620 4327 ἀλλ’
1654 4271 1989 4347 ἐπιστρέφειν

339 4365 428 4421 καί
470 4366 734 4440 εύθύμους
778 4369 976 4435 ποιεῖν,
1023 4363 1433 4438 ἁμαρτάνοντας
1472 4362 1763 4433 νουθετεῖν,
1806 4361 1991 4436 χρεώο·

336 4476 461 4518 στας
497 4458 572 4531 μὴ
606 4450 839 4527 θλίϐειν,
871 4451 1068 4515 ἐνδεεῖς
1106 4453 1182 4526 μή
1233 4450 1422 4507 λυπεῖν
1474 4450 1563 4505 καὶ
1622 4450 1719 4506 ὅσα
1776 4449 1990 4511 τούτοις

334 4545 501 4619 ὅμοιά
557 4545 690 4601 ἐστι.
727 4549 885 4599 Δοκεῖ
942 4564 1028 4597 σοι
1055 4546 1224 4596 ταῦτα
1277 4541 1451 4615 ἀγαθὰ
1481 4542 1656 4609 εἴναις
1690 4540 1986 4615 Ἀπεκρίθη

2104 3384 2462 3456 temperarit,
2500 3385 2703 3439 beatus
2736 3390 2825 3440 est
2853 3386 2912 3439 in
2957 3386 3074 3441 vita
3104 3404 3232 3443 sua.
3266 3387 3411 3442 Hinc
3471 3405 3598 3459 quae
3660 3403 3757 3442 se-

2101 3478 2371 3545 quuntur
2400 3474 2626 3530 audias.
2653 3474 2860 3530 Viduis
2881 3475 3073 3531 ofﬁcia
3094 3476 3757 3549 impendere,orphanos

2100 3567 2339 3634 egentes
2369 3579 2594 3633 curare,
2627 3580 2823 3637 servos
2860 3565 2956 3619 Dei
3017 3581 3085 3620 ex
3124 3566 3414 3637 angustiis
3449 3566 3754 3636 redimere,

2102 3652 2452 3724 hospitalem
2485 3652 2705 3723 esse,in
2727 3653 3126 3725 hospitalitate
3157 3655 3371 3726 quippe
3404 3655 3754 3710 beneﬁcium

2102 3741 2431 3813 reperitur:
2466 3741 2772 3812 paciﬁcum
2804 3757 2953 3809 esse,
3016 3741 3300 3811 frugalem
3352 3760 3499 3809 esse,
3553 3759 3754 3799 senem

2103 3829 2427 3902 quemlibet
2464 3829 2761 3885 hominem
2796 3831 3081 3898 venerari,
3109 3832 3401 3901 justitiam
3465 3848 3754 3901 exercere,

2105 3919 2530 3974 fraternitatem
2562 3921 3345 3991 conservare,contumeliam
3376 3922 3757 3992 ferre,aequa-

2104 4007 2331 4061 nimum
2389 4024 2537 4071 esse,
2598 4008 2948 4077 injuriarum
3016 4008 3446 4079 immemorem,
3506 4010 3757 4066 afﬂictos

2103 4096 2414 4162 consolari,
2449 4113 2548 4151 eos
2578 4097 2675 4166 qui
2729 4097 2882 4152 circa
2944 4097 3118 4152 fidem
3178 4098 3557 4153 offensionem
3599 4098 3759 4170 passi

2101 4189 2241 4239 sunt
2269 4202 2383 4239 non
2419 4186 2749 4256 repudiare,
2783 4186 2881 4240 sed
2918 4187 3219 4251 reducere,
3270 4192 3329 4242 et
3374 4188 3527 4243 bono
3561 4188 3759 4243 animo

2101 4290 2231 4329 esse
2261 4289 2487 4340 curare,
2532 4278 2841 4344 peccantes
2891 4275 3229 4342 admonere,
3290 4276 3588 4333 debitores
3641 4294 3757 4333 non

2101 4366 2367 4427 atterere,
2409 4376 2624 4432 egenos
2684 4378 2798 4415 non
2857 4360 3224 4427 contristare,
3258 4366 3315 4415 et
3374 4362 3423 4417 si
3492 4380 3607 4433 qua
3663 4363 3756 4419 his

2100 4451 2337 4507 similia.
2376 4459 2459 4505 An
2495 4450 2599 4504 tibi
2630 4449 2902 4504 videntur
2924 4449 3044 4504 haac
3077 4466 3205 4505 esse
3261 4450 3465 4505 bona?
3508 4452 3757 4522 Reponit

2098 4540 2451 4595 Antiochus:
2484 4539 2654 4607 Quid,
2688 4555 2906 4611 quaeso,
2941 4538 3197 4605 domine,
3242 4538 3333 4594 his
3375 4539 3754 4611 praestantius

338 4636 366 4690 6
411 4634 721 4711 ’Δντίοχος·
767 4633 829 4688 Τί
875 4633 997 4709 γὰρ,
1047 4631 1222 4705 κύριε,
1259 4628 1476 4684 δύναται
1524 4628 1732 4684 τούτων
1771 4630 1988 4704 ἀγαθώ-

2105 4646 2229 4686 esse
2288 4630 2518 4701 possit?
2576 4630 2665 4684 Ait
2710 4628 2793 4682 illi
2850 4628 3205 4701 episcopus:
3264 4630 3321 4683 In
3385 4628 3476 4684 his
3535 4634 3589 4685 te
3628 4632 3753 4702 ipse

335 4746 485 4801 τερον
539 4726 712 4793 εἷναι;
746 4721 901 4798 Λέγει
946 4720 1093 4793 αὐτῷ
1134 4722 1161 4775 ὁ
1193 4719 1504 4780 ἐπίσκοπος·
1542 4717 1788 4791 Γύμναζε
1835 4738 1991 4772 σεαυ-

333 4815 423 4869 τὸν
483 4813 535 4869 ἐν
594 4813 836 4886 τούτοις,
869 4812 959 4867 καὶ
1014 4812 1089 4883 μὴ
1142 4808 1471 4885 ἑγκρατεύου
1500 4808 1740 4881 πάντων,
1774 4807 1863 4862 καὶ
1897 4809 1992 4878 ζή-

333 4924 445 4967 σεις
476 4908 555 4977 τῷ
584 4907 702 4976 Θεῷ
733 4901 807 4965 εἰς
830 4900 957 4964 τοὺς
990 4899 1215 4961 αἰῶνας.
1254 4899 1455 4971 Ἀμήν.

2102 4735 2392 4787 exerceas,
2425 4734 2608 4790 neque
2640 4719 2712 4773 ab
2743 4718 3017 4774 omnibus
3074 4722 3423 4790 temperato,
3478 4723 3535 4775 et
3573 4719 3752 4776 vives.

2104 4810 2220 4865 Deo
2252 4808 2310 4863 in
2336 4807 2568 4863 saecula.
2602 4809 2814 4863 Amen.

1371 5049 1590 5105 Nonum
1608 5050 1962 5121 mandatum,
2001 5048 2251 5105 dubietas
2270 5050 2455 5105 animi
2472 5047 2719 5103 vitanda.

401 5184 462 5239 9.
652 5182 755 5239 Καὶ
802 5178 1102 5253 εὐξαμένων
1162 5177 1335 5232 αὐτῶν
1369 5175 1593 5238 ἀναστάς
1640 5174 1790 5251 λέγει
1823 5176 1851 5229 6
1883 5174 1996 5229 ἐπί-

333 5292 543 5335 σκοπος
578 5291 591 5305 ·
652 5273 857 5327 ’Ἄκουε
913 5270 1003 5323 καὶ
1059 5269 1258 5337 ταύτην
1321 5262 1397 5321 ἔτι
1464 5268 1562 5335 τὴν
1624 5263 1991 5321 διδασκαλίαν·

333 5365 475 5419 πάνυ
527 5363 630 5438 γὰρ
680 5360 965 5440 ὠφέλιμός
1011 5359 1176 5417 ἔστιν.
1209 5360 1376 5432 Ἀρον
1410 5356 1515 5411 ἀπὸ
1564 5362 1659 5412 σοῦ
1689 5358 1787 5426 τὴν
1837 5354 1993 5430 διψυ-

409 5524 518 5597 (57)
545 5520 1025 5597 [nfinitiviAE-YXP.
1078 5525 1137 5577 et
1185 5524 1362 5573 ποιεῖν
1414 5520 1632 5575 nemini
1685 5519 1994 5576 offensioni

336 5595 513 5653 erunt
542 5595 885 5653 conferenti.
915 5595 1126 5649 Neurn.

408 5669 521 5742 (58)
552 5667 734 5737 Πάσης
768 5662 1120 5743 βλασφημίας
1141 5662 1490 5736 exprimitur
1512 5664 1666 5737 apud
1694 5663 1993 5730 Hermam,

338 5743 504 5812 fama
528 5743 788 5814 pessima.

2174 5177 2229 5231 9.
2260 5181 2579 5248 Postquam
2602 5180 2797 5231 autem
2822 5178 3146 5245 oraverant,
3164 5191 3411 5246 surgens
3434 5176 3514 5231 ait
3538 5178 3760 5249 episco-

2106 5283 2259 5338 pus:
2296 5266 2457 5321 Hanc
2502 5266 2644 5321 item
2701 5265 3026 5320 doctrinam
3086 5265 3375 5332 ausculta,
3436 5266 3757 5323 admodum

2105 5355 2259 5411 enim
2297 5360 2388 5410 est
2440 5355 2621 5410 utilis.
2682 5354 3047 5408 Dubietatem
3106 5352 3287 5407 animi
3343 5352 3601 5421 elimina,
3653 5371 3756 5410 seu

2178 5518 2286 5587 (50)
2319 5515 2523 5586 Vulgo,
2579 5514 2855 5586 pessime,
2899 5508 3157 5586 φυλάσσει
3209 5515 3265 5566 et
3322 5509 3747 5585 ἐγκρατεύεσθαι.

2104 5587 2542 5731 ΝςίὲθῗἨετωω
2575 5657 2837 5713 mandat.
2870 5656 2923 5709 9.
2957 5652 3229 5710 Antioch.
3274 5654 3437 5710 hom.
3478 5654 3566 5709 85.
