4132 6356
399 391 518 452 567

1567 394 1629 455 S.
1679 391 2200 456 ATHANASIUS.
2225 425 2301 439 —
2334 389 2641 454 SPUBIA.

3699 388 3821 450 568

403 540 708 597 nunquam
733 523 966 581 hmsites
1000 526 1301 599 quidpiam
1337 545 1370 584 a
1392 533 1504 585 Deo
1528 528 2058 600 postulare,dicens

2172 522 2320 600 χίαν,
2353 522 2441 578 καὶ
2479 521 2708 597 μηδενὸς
2744 524 2890 586 ὅλως
2948 521 3260 598 διψυχήσῃς
3309 520 3628 592 αἰτήσασθαι
3674 513 3823 597 παρὰ

406 615 465 669 in
501 614 841 685 temetipso:
891 615 1038 679 Quid
1074 632 1106 670 a
1168 618 1408 673 Domino
1461 618 1758 689 postulare
1814 619 2056 688 possim,

407 721 540 760 cum
575 709 738 758 tanta
769 705 1050 760 adversus
1081 721 1215 760 eum
1277 712 1511 777 peccata
1561 707 1900 762 admiserim
1920 707 1948 760 ?
1977 706 2059 761 Ne

408 795 528 850 haec
561 793 757 848 animo
788 809 982 848 verses
1010 819 1023 860 ;
1056 796 1155 849 sed
1200 811 1268 850 ex
1299 801 1417 851 toto
1467 798 1640 851 corde
1691 802 1788 851 tuo
1831 811 2060 850 conver-

404 889 526 938 tere
557 884 626 938 ad
655 883 988 949 Dominum,
1021 889 1078 938 et
1107 885 1326 955 absque
1382 885 1500 940 ulla
1553 886 1917 941 haesitatione
1963 901 2060 956 po-

407 971 564 1027 stula
594 971 818 1035 abillo,
850 989 1246 1045 agnoscesque
1299 991 1596 1030 summam
1656 976 1784 1044 ejus
1837 973 2061 1030 miseri-

407 1060 666 1116 cordiam
693 1079 706 1126 ;
729 1060 866 1132 quia
895 1065 952 1116 te
967 1078 1079 1116 non
1107 1063 1352 1133 deseret,
1382 1065 1483 1118 sed
1500 1064 1839 1134 petitionem
1855 1063 2062 1118 animae

409 1154 523 1204 tuae
555 1148 890 1220 complebit.
917 1150 1114 1221 Neque
1144 1151 1298 1206 enim
1339 1157 1486 1206 Deus
1517 1157 1626 1219 est,
1681 1156 1744 1207 ut
1773 1152 2060 1222 homines,

411 1237 764 1308 iniuriarum
798 1254 1106 1303 memores,
1167 1241 1268 1295 sed
1328 1241 1640 1296 immemor
1693 1239 2062 1306 delictorum,

412 1326 710 1398 opiﬁcium
744 1327 1057 1382 miseratur
1077 1345 1274 1384 suum.
1313 1333 1501 1401 Purga
1539 1331 1738 1401 itaque
1766 1345 1865 1385 cor
1894 1334 2064 1384 tuum

411 1433 445 1472 a
474 1416 640 1472 vanis
672 1417 948 1472 omnibus
978 1417 1269 1487 ejusmodi
1300 1418 1514 1485 verbis,
1550 1435 1771 1474 necnon
1804 1436 1838 1474 a
1868 1435 2067 1490 supra-

413 1505 616 1560 dictis:
651 1509 709 1559 et
738 1504 970 1576 postula
1015 1523 1047 1561 a
1102 1507 1374 1578 Domino,
1432 1507 1800 1580 accipiesque
1826 1526 1838 1574 ',
1869 1508 2068 1564 omnia

414 1593 709 1666 postulata
738 1593 1106 1665 impetrabis,
1150 1597 1292 1650 dum
1347 1597 1472 1652 sine
1531 1596 1650 1652 ulla
1705 1597 2068 1654 dubitatione

414 1681 823 1754 postulaveris.
857 1683 961 1737 Sin
989 1683 1050 1737 in
1082 1685 1254 1738 corde
1283 1689 1385 1740 tuo
1417 1685 1797 1755 dubitaveris,
1822 1685 1968 1740 nihil
2001 1700 2068 1741 ex

415 1771 727 1844 postulatis
760 1787 1093 1842 assequere.
1127 1773 1271 1828 Nam
1313 1774 1414 1845 qui
1464 1790 1597 1829 cum
1631 1779 1740 1830 Deo
1772 1774 2065 1842 haesitant,

2165 618 2262 668 τοῦ
2293 617 2428 668 Θεοῦ
2462 611 2638 688 λέγων
2690 614 2741 668 ἐν
2793 615 2988 685 ἑαυτῷ,
3023 611 3107 667 ὅτι
3138 616 3263 673 Πῶς
3312 608 3614 683 δυνήσομαι
3665 610 3820 682 αἰτή-

2169 713 2358 764 σασθαι
2392 702 2537 777 παρὰ
2565 707 2661 756 τοῦ
2696 703 2894 777 Κυρίου
2945 696 3136 755 λαϐεῖν
3192 700 3531 772 ἡμαρτηκὼς
3590 703 3823 755 τοσαῦτα

2171 789 2245 844 εἰς
2278 789 2434 844 αὐτόν
2463 811 2474 858 ;
2505 792 2595 859 Μὴ
2649 788 2962 866 διαλογίζου
3009 793 3196 860 ταῦτα,
3228 787 3352 844 ἀλλ’
3404 786 3455 858 ἐξ
3504 786 3644 855 ὅλης
3689 807 3820 863 καρ-

2171 875 2287 940 δίας
2320 900 2418 932 σου
2449 878 2769 952 ἐπίπρεψον
2802 879 2936 953 πρὸς
2971 877 3191 950 Κύριον,
3222 877 3311 932 καὶ
3365 877 3519 931 αἰτοῦ
3567 879 3692 952 παρ’
3725 876 3822 932 αὖ·

2167 972 2264 1021 τοῦ
2325 965 2680 1036 ἀδιστάκτως,
2727 968 2817 1022 καὶ
2874 968 3058 1042 γνώσῃ
3114 968 3214 1035 τὴν
3269 965 3826 1041 πολυευσπλαγχνίαν

2171 1056 2357 1126 αὐτοῦ,
2399 1055 2481 1110 ὅτι
2515 1056 2575 1111 οὗ
2613 1059 2686 1129 μή
2721 1077 2778 1111 σε
2809 1054 3172 1130 ἐγκαταλείπῃ
3195 1058 3330 1128 (61),
3348 1053 3495 1110 ἀλλὰ
3521 1055 3584 1110 τὸ
3617 1053 3826 1127 αἷίτημα

2170 1153 2270 1214 τῆς
2303 1149 2485 1220 ψυχῆς
2517 1166 2611 1200 σου
2642 1145 3080 1222 πληροφορήσει.
3115 1144 3225 1198 Οὐκ
3254 1141 3364 1198 ἔστι
3396 1143 3562 1218 γὰρὸ
3593 1144 3718 1205 Θεὸς
3749 1144 3823 1206 ὡς

2175 1236 2226 1288 οἰ
2260 1236 2534 1307 ἅνθρωποι
2587 1240 3062 1307 μνησικακοῦντες,
3093 1232 3220 1289 ἀλλ’
3251 1232 3410 1295 αὐτὸς
3459 1231 3826 1305 ἀμνησίκακός

2173 1321 2283 1376 ἐστι
2341 1323 2430 1376 καὶ
2491 1323 2922 1398 σπλαγχνίζεται
2980 1320 3068 1377 ἐπὶ
3123 1324 3222 1391 τὴν
3268 1322 3490 1392 ποίησιν
3527 1320 3713 1377 αὐτοῦ.
3749 1321 3825 1376 Σὺ

2175 1410 2265 1466 οῦν
2325 1412 2614 1487 καθάρισον
2665 1413 2764 1480 τὴν
2817 1409 3040 1486 καρδίαν
3067 1432 3164 1466 σου
3191 1411 3297 1466 ἀπὸ
3327 1411 3544 1466 πάντων
3567 1414 3674 1465 τῶν
3729 1432 3829 1482 μα-

2173 1502 2336 1556 ταίων
2388 1502 2619 1571 τούτων,
2652 1502 2742 1556 καὶ
2788 1506 2897 1556 τῶν
2951 1499 3366 1576 προειρημένων
3423 1520 3509 1554 σοι
3543 1498 3828 1575 ῥημάτων,

2176 1592 2264 1646 καὶ
2295 1591 2449 1645 αἰτοῦ
2479 1591 2624 1667 παρᾶ
2652 1595 2748 1645 τοῦ
2799 1589 3018 1665 Κυρίου,
3051 1590 3141 1644 καὶ
3194 1587 3368 1662 λήψῃ,
3399 1587 3489 1643 καὶ
3538 1588 3645 1643 ἀπὸ
3693 1589 3831 1642 πάν-

2177 1702 2281 1736 των
2315 1684 2423 1734 τῶν
2455 1680 2768 1753 αἰτημάτων
2818 1700 2912 1734 σου
2969 1679 3265 1754 ἀστέρητος
3327 1675 3440 1752 ἔσῃ,
3469 1676 3556 1732 ἰὰν
3611 1674 3832 1732 ἀδιστά-

2178 1791 2320 1832 κτως
2349 1769 2596 1843 αἰτήσῃς.
2630 1769 2754 1823 Ἐὰν
2784 1767 2841 1823 δὶ
2873 1766 3130 1842 διστάσῃς
3163 1770 3276 1840 (62)
3299 1767 3352 1822 ἂν
3380 1766 3449 1841 τῇ
3481 1763 3677 1841 καρδίᾳ
3708 1787 3832 1834 σου,

417 1860 459 1915 ii
492 1864 630 1915 sunt
655 1861 851 1916 animo
883 1861 1080 1929 dubio,
1104 1863 1203 1932 qui
1266 1862 1412 1917 nihil
1457 1880 1698 1935 prorsus
1753 1863 2058 1935 impetrant

2181 1857 2333 1914 οὐδὲν
2367 1859 2427 1913 οὐ
2464 1860 2538 1931 μή
2575 1857 2726 1932 λήψῃ
2749 1864 2856 1913 τῶν
2885 1858 3203 1929 αἰτημάτων
3238 1878 3354 1912 σου.
3387 1858 3453 1913 Oi
3497 1856 3601 1932 γὰρ
3652 1853 3834 1910 διστά-

417 1948 986 2023 postulatorum.Qui
1015 1955 1210 2006 autem
1245 1951 1457 2024 integri
1485 1952 1703 2007 suntin
1737 1951 2067 2019 ﬁde,iicum

417 2039 632 2094 ﬁducia
662 2039 860 2094 omnia
889 2045 1096 2110 petunt
1117 2057 1151 2095 a
1172 2040 1747 2114 Deo,accipiuntque,
1774 2043 1913 2114 quia
1941 2043 2068 2098 sine

416 2127 806 2194 dubitatione,
838 2144 943 2183 nec
972 2128 1276 2184 haesitante
1300 2131 1495 2186 animo
1517 2131 1839 2203 postulant.
1869 2132 2066 2194 Quivis

413 2217 572 2271 enim
605 2216 778 2272 homo
809 2217 1105 2285 haesitans,
1139 2219 1291 2274 206
1327 2220 1438 2274 nisi
1469 2220 1794 2292 resipiscat,
1826 2221 2067 2277 difficile

412 2305 662 2360 salutem
686 2311 1097 2377 consequetur.
1162 2307 1274 2362 Cor
1325 2307 1521 2380 itaque
1572 2313 1739 2364 tuum
1802 2326 1990 2382 purga
2032 2327 2066 2365 a

408 2393 796 2461 dubitatione,
831 2396 930 2450 sed
957 2394 1135 2450 indue
1167 2396 1365 2464 fidem,
1427 2414 1555 2467 quae
1614 2397 1785 2452 ﬁrma
1841 2403 1954 2466 est,
2008 2405 2066 2456 et

405 2482 522 2538 Deo
553 2483 804 2551 confide,
838 2485 991 2554 quod
1034 2485 1234 2539 omnia
1267 2484 1562 2555 postulata
1620 2490 1720 2541 tua
1765 2489 1848 2542 sis
1879 2489 2062 2560 impe-

404 2569 854 2632 traturus.Quod
891 2571 937 2626 si
971 2572 1270 2644 quidpiam
1307 2590 1340 2627 a
1373 2575 1617 2630 Domino
1648 2590 1782 2631 cum
1804 2577 2061 2647 postula-

403 2658 578 2725 veris,
619 2675 730 2713 non
766 2659 1069 2730 impetres,
1102 2676 1173 2716 ne
1206 2662 1425 2718 idcirco
1473 2663 1670 2719 animo
1728 2665 1810 2720 sis
1860 2665 2061 2734 dubio,

406 2747 563 2817 quod
614 2746 821 2802 animae
879 2753 993 2803 tua;
1052 2750 1390 2820 petitionem
1447 2754 1888 2824 quamprimum
1946 2773 2062 2811 non

407 2835 740 2907 acceperis:
780 2853 916 2892 nam
950 2837 1037 2894 vel
1094 2841 1435 2896 tentationis
1491 2843 1801 2913 cujusdam
1862 2860 2061 2917 causa,

405 2923 495 2979 vel
515 2925 587 2979 ob
619 2941 819 2980 casum
853 2929 1170 2997 quemdam
1193 2929 1299 2984 tibi
1330 2930 1741 3001 ignotum,non
1765 2934 2059 3004 accepisti.

407 3013 489 3068 Ne
518 3029 654 3084 ergo
687 3014 926 3070 deﬁcias
962 3017 1204 3082 orando,
1237 3019 1420 3074 donec
1447 3020 1654 3074 anima:
1685 3026 1798 3075 tua:
1833 3023 2061 3092 petitio-

405 3117 541 3157 nem
573 3119 909 3173 assequare.
942 3104 1104 3167 Quod
1145 3107 1192 3160 si
1226 3107 1377 3162 inter
1426 3111 1740 3179 petendum
1800 3111 2059 3166 animum

405 3191 774 3261 despondeas
805 3199 861 3247 et
890 3193 1144 3259 dubites,
1174 3196 1430 3266 teipsum
1459 3197 1881 3268 incusato,non
1923 3217 2055 3254 eum

2182 1957 2358 2019 ζοντες
2393 1951 2467 2011 εἰς
2497 1951 2588 2004 τὸν
2617 1950 2768 2016 Θεὸν,
2804 1949 2953 2003 οὗτοί
2987 1949 3116 2002 εἰσιν
3151 1947 3226 2009 ὡς
3258 1945 3507 2022 δίψυχοι,
3536 1946 3626 2001 καὶ
3677 1943 3834 2001 οὐδὲν

2178 2038 2323 2101 ὅλως
2358 2035 2693 2112 λαμϐάνουσι
2722 2043 2828 2092 τῶν
2856 2037 3175 2108 αἰτημάτων
3207 2037 3400 2091 αὐτῶν.
3435 2036 3502 2094 Οἰ
3552 2032 3610 2090 δὲ
3635 2033 3829 2090 ὁλοτε-

2179 2129 2292 2191 λεῖς
2324 2126 2472 2190 ὄντες
2527 2126 2577 2182 ἐν
2637 2131 2702 2201 τῇ
2761 2126 2938 2181 πίστει
2985 2125 3158 2180 πάντα
3207 2125 3477 2180 αἰτοῦνται
3506 2124 3826 2187 πεποιθότες

2175 2216 2261 2272 ἐπὶ
2311 2218 2399 2272 τὸν
2452 2218 2579 2272 Θεὸν
2629 2216 2718 2271 καὶ
2764 2211 3161 2288 λαμϐάνουσιν,
3212 2214 3294 2269 ὅτι
3353 2211 3686 2276 ἀδιστάκτως
3737 2214 3824 2267 αἰ-

2172 2313 2390 2362 τοῦνται
2454 2304 2621 2380 μηδὲν
2683 2303 3062 2380 διψυχοῦντες.
3097 2310 3207 2365 Πᾶς
3263 2302 3366 2378 γὰρ
3399 2299 3635 2378 δίψυχος
3667 2302 3823 2372 ἀνὴρ,

2175 2393 2261 2449 ἐὰν
2320 2397 2394 2468 μὴ
2453 2396 2785 2467 μετανοήσῃ,
2819 2391 3098 2453 δυσκόλως
3149 2393 3473 2461 σωθήσεται.
3527 2391 3822 2466 Καθάρισον

2175 2484 2264 2539 οῦν
2299 2486 2397 2552 τὴν
2431 2483 2653 2557 καρδίαν
2685 2504 2781 2537 σου
2839 2482 2946 2536 ἀπὸ
3003 2484 3101 2549 τῆς
3163 2478 3442 2556 διψυχίιις⁸
3498 2477 3711 2535 ἔνδυσαι
3771 2479 3826 2535 δὲ

2171 2575 2269 2642 τὴν
2303 2573 2506 2640 πίστιν,
2541 2573 2624 2628 ὅτι
2658 2571 2856 2648 ἰσχυρά
2885 2570 3018 2639 ἐστι,
3050 2570 3140 2625 καὶ
3189 2569 3409 2625 πίστευε
3447 2575 3527 2642 τῷ
3571 2575 3709 2644 Θεῷ,
3744 2569 3822 2626 ὅτι

2172 2664 2344 2718 πάντα
2371 2664 2437 2718 τὰ
2469 2662 2744 2734 αἶ’τήματά
2775 2682 2890 2731 σου,
2925 2661 2958 2715 ἃ
2989 2661 3136 2734 αἰτῇ.
3171 2658 3342 2734 λήψῃ.
3377 2661 3475 2715 Καὶ
3527 2659 3614 2715 ἐὰν
3664 2660 3823 2730 αἴτη-

2174 2753 2403 2824 σάμενύς
2462 2773 2592 2806 ποτε
2650 2751 2796 2827 παρὰ
2843 2755 2946 2805 τοῦ
3005 2749 3206 2826 Κυρίου
3252 2747 3462 2822 αἷίεημά
3507 2771 3559 2804 τι
3591 2749 3682 2804 καὶ
3717 2751 3820 2824 [μὴ

2173 2839 2478 2914 ἀπολήψῃ],
2517 2842 2592 2913 μή
2636 2837 2970 2914 διψυχήσῃς,
3005 2837 3086 2893 ὅτι
3135 2840 3328 2914 τάχιον
3382 2839 3478 2893 οὐκ
3523 2833 3711 2898 ἔλαϐες
3753 2837 3818 2892 τὸ

2172 2929 2379 3002 α’ίτημα
2407 2937 2506 2997 τῆς
2554 2933 2743 3002 ψυχῆς
2801 2948 2917 2982 σου’
2952 2927 3165 2990 πάντως
3225 2928 3325 3003 γὰρ
3385 2925 3471 2983 διὰ
3512 2925 3812 3000 πειρασμόν

2168 3040 2289 3073 τινα
2336 3020 2370 3086 ἢ
2416 3015 2765 3092 παράπτωμα
2812 3038 2864 3070 τι
2915 3017 2942 3070 ὃ
2993 3016 3054 3070 σὺ
3103 3018 3332 3092 ἀγνοεῖς,
3363 3015 3462 3070 οὐκ
3489 3010 3703 3076 ἔλαϐες.
3741 3013 3815 3069 Σὺ

2173 3106 2263 3162 οῦν
2302 3109 2376 3180 μή
2411 3105 2665 3180 διαλίπῃς
2689 3105 2987 3181 εὐχόμενος
3020 3106 3082 3160 τὸ
3113 3103 3321 3177 αἰίτημα
3349 3112 3447 3175 τῆς
3479 3109 3663 3180 ψυχῆς
3699 3125 3819 3176 σου,

2168 3194 2273 3258 ἕως
2307 3197 2368 3249 οῦ
2403 3195 2667 3269 ἀπολήψῃ
2702 3195 2853 3252 αὐτό.
2886 3196 3006 3250 Ἐὰν
3041 3192 3097 3250 δὲ
3127 3195 3432 3268 ἐκκακησῃς
3463 3194 3553 3248 καὶ
3585 3192 3822 3269 διψυχή-

402 3259 532 3349 qui_
565 3297 682 3334 non
740 3280 902 3335 dedit
958 3259 1342 3352 postulatum.
1421 3285 1568 3342 Cave
1626 3259 1825 3359 itaque
1909 3289 2058 3344 hanc

2171 3307 2264 3360 σῃς
2298 3259 2862 3357 αἰτούμενοςξέαυτὸν
2897 3283 3076 3355 αἰτιῶ,
3109 3284 3197 3338 καὶ
3233 3259 3432 3356 μήῐτῦν
3469 3283 3545 3355 μή
3607 3259 3821 3338 διδόντα

403 3367 584 3422 animi
617 3368 1067 3440 dubitationem,
1103 3387 1229 3442 quae
1281 3372 1467 3428 mala‘
1495 3374 1718 3431 scilicet
1755 3381 1864 3447 est,
1912 3379 2059 3433 mul-

403 3461 612 3525 tosque
641 3473 709 3511 ex
740 3457 852 3512 fide
894 3459 1177 3516 radicitus
1209 3461 1426 3527 avellit,
1489 3462 1622 3519 licet
1671 3469 1804 3519 ante
1853 3468 2054 3523 admo-

404 3544 545 3598 dum
572 3545 773 3600 fideles
808 3546 1104 3618 fortesque
1153 3550 1386 3605 fuerint.
1441 3551 1582 3606 Eam
1631 3554 2055 3612 dubitationem

404 3633 466 3687 in
499 3632 758 3702 qualibet
815 3652 876 3691 re
921 3637 1300 3702 contemnito.
1351 3640 1597 3696 indutus
1642 3643 1954 3714 praevalida
2003 3653 2060 3702 et

407 3723 580 3778 firma
608 3725 740 3780 fide.
775 3725 921 3782 Nam
956 3729 1100 3783 fides
1132 3730 1330 3786 omnia
1360 3733 1668 3802 promittit,
1700 3737 1898 3791 omnia
1929 3755 2056 3808 per-

408 3811 550 3866 ﬁcit.
589 3813 886 3870 Dubitatio
945 3833 1105 3884 vero,
1136 3835 1265 3889 quae
1320 3820 1468 3874 nihil
1526 3823 1730 3892 credit,
1762 3818 2058 3882 'omnibus

407 3900 534 3956 suis
567 3902 778 3956 excidit
828 3905 1123 3976 operibus.
1157 3908 1244 3962 Tu
1300 3908 1496 3979 itaque
1543 3912 1786 3967 orationi
1821 3931 2056 3985 operam

407 3990 564 4056 dato,
598 4006 701 4062 per
729 3992 1002 4048 virtutem
1036 3995 1191 4062 ﬁdei,
1226 4001 1281 4051 et
1311 3998 1425 4054 Deo
1455 4001 1630 4071 vives,
1655 4007 1832 4075 atque
1855 4021 2058 4062 omnes

406 4079 508 4220 qui
593 4080 1069 4155 (dubitationem)
1155 4089 1614 4160 contempserint
1686 4091 1744 4146 in
1824 4095 2055 4151 sacula.

458 4182 612 4220 men.

458 4182 612 4223 men.

2169 3396 2271 3430 σοι.
2310 3375 2489 3431 Βλέπε
2519 3373 2610 3428 οῦν
2641 3375 2741 3441 τήν
2775 3370 3035 3448 διψυχίαν
3058 3373 3281 3443 ταύτην·
3314 3371 3527 3448 πονηρὰ
3554 3371 3660 3448 γάρ
3710 3371 3814 3426 ἔστι

2167 3465 2256 3519 καὶ
2288 3463 2540 3523 ἀσύνετος
2586 3462 2679 3516 καὶ
2733 3459 2982 3522 πολλοὺς
3039 3461 3386 3537 ἐκριζοῖ
3417 3461 3523 3515 ἀπὸ
3579 3466 3680 3530 τῆς
3737 3460 3821 3514 πί-

2168 3573 2359 3623 στεως,
2390 3551 2481 3606 καί
2534 3573 2595 3626 γε
2651 3550 2772 3605 λίαν
2829 3550 3052 3612 πιστοὺς
3097 3550 3188 3605 καὶ
3217 3549 3500 3625 ἰσχυρούς·
3546 3550 3820 3628 Καταφρό-

2167 3663 2328 3712 νησον
2358 3639 2448 3694 οῦν
2483 3639 2650 3709 αὐτῆς
2682 3638 2734 3694 ἐν
2793 3639 2948 3694 παντὶ
2991 3638 3291 3715 πράγματι,
3324 3635 3680 3711 ἐνδυσάμενος
3718 3639 3818 3707 τήν

2168 3734 2345 3787 πίστιν
2376 3733 2474 3799 τήν
2511 3731 2735 3806 ἰσχυρὰν
2767 3731 2856 3785 καὶ
2889 3729 3142 3800 δυνατήν·
3175 3733 3209 3800 ἡ
3259 3730 3359 3806 γὰρ
3407 3729 3590 3792 πίστις
3647 3730 3821 3785 πάντα

2169 3820 2579 3898 ἐπαγγέλλεται,
2604 3822 2773 3874 πάντα
2819 3819 3041 3876 τελειοῖ·
3076 3823 3111 3889 ἡ
3146 3817 3203 3874 δὲ
3247 3817 3494 3895 διψυχία,
3533 3821 3609 3891 μή
3661 3840 3822 3874 κατα-

2167 3911 2492 3966 πιστεύουσα
2552 3910 2766 3978 ὲαυτήν,
2798 3909 3013 3963 πάντων
3073 3910 3438 3985 ἀποτυγχάνει
3485 3913 3592 3963 τῶν
3645 3908 3820 3984 ἔργων

2169 4001 2357 4069 αὐτῆς,
2389 4003 2462 4054 ὦν
2493 4002 2740 4074 πράσσει.
2777 3998 2851 4052 Σὺ
2885 3996 2974 4052 οῦν
3018 3995 3241 4054 δούλευε
3288 4003 3354 4072 τῇ
3409 3997 3549 4072 εὐχῇ
3600 4019 3716 4071 σου,
3747 4004 3820 4072 τῇ

2169 4090 2390 4162 δυνάμει
2423 4097 2523 4158 τῆς
2555 4089 2808 4159 πίστεως,
2841 4088 2929 4142 καὶ
2978 4091 3114 4161 ζήσῃ
3169 4093 3247 4160 τῷ
3302 4093 3419 4160 Θεῷ
3474 4088 3563 4142 καὶ
3622 4089 3821 4151 πάντες

2169 4183 2221 4236 οἱ
2249 4182 2753 4258 καταφρονήσαντες
2787 4177 2863 4240 εἰς
2893 4177 3017 4239 τοὺς
3050 4177 3271 4240 αἰῶνας.
3306 4179 3509 4251 Ἀμήν.

1221 4320 1501 4378 Decimum
1561 4327 1912 4398 mandatum,
1971 4327 2130 4384 mala
2157 4327 2602 4398 concupiscentia
2629 4323 2994 4379 eliminanda.

475 4437 562 4492 40.
595 4437 740 4494 Cum
794 4441 1028 4509 iterum,
1081 4450 1367 4513 orassent,
1419 4448 1499 4503 ait
1549 4449 1635 4504 illi
1693 4451 2049 4524 episcopus:

401 4526 549 4580 Audi
582 4528 876 4584 decimum
900 4539 1248 4604 praeceptum
1279 4553 1293 4590 :
1326 4537 1502 4592 Aufer
1528 4555 1560 4593 a
1591 4544 1645 4594 te
1668 4555 1899 4596 omnem
1930 4559 2052 4596 ma—

2239 4453 2325 4506 10.
2362 4451 2469 4521 (64)
2508 4448 2603 4502 Καὶ
2637 4448 2939 4520 εὐξαμένων
2973 4445 3340 4522 αὐτῶν,λέγει
3373 4446 3518 4518 αὖτῷ
3550 4449 3578 4504 ὁ
3607 4446 3831 4505 ἐπίσκο-

2167 4557 2287 4600 πος·
2315 4540 2511 4594 Ἀκουε
2539 4538 2629 4592 καὶ
2661 4545 2761 4606 τῆς
2793 4535 3018 4606 δεκάτης
3069 4535 3316 4606 ἔντολῆς*
3344 4541 3510 4609 Ἀρον
3562 4538 3666 4592 ἀπὸ
3724 4544 3828 4594 σοῦ

407 4613 524 4669 lam
565 4618 965 4688 cupiditatem,
1027 4624 1322 4696 indueque
1370 4627 1583 4682 bonam
1637 4634 1692 4683 et
1749 4629 2056 4686 honestam

2171 4634 2337 4682 πᾶσαν
2369 4627 2653 4700 ἐπιθυμίαν
2686 4627 2952 4701 πονηρὰν,
2986 4622 3193 4681 ἔνδυσαι
3237 4627 3334 4694 τήν
3387 4625 3672 4700 ἐπιθυμίαν
3718 4629 3824 4698 τήν

408 4704 828 4774 cupiditatem:
865 4726 992 4764 eam
1043 4729 1297 4785 namque
1355 4715 1622 4785 indutus,
1674 4718 1891 4774 malam
1923 4721 2055 4775 odio

407 4791 672 4849 habebis.
707 4795 848 4851 Fera
879 4799 1032 4854 enim
1063 4801 1357 4872 cupiditas
1388 4805 1446 4858 in
1480 4804 1601 4859 haec
1622 4806 1828 4860 incidit
1859 4808 2050 4875 mala;

404 4880 461 4934 in
496 4879 751 4938 dolorem
787 4903 901 4956 quo
934 4887 1020 4941 vir
1049 4889 1393 4960 imprudens
1421 4893 1834 4950 miserabiliter
1871 4897 2051 4951 absu-

404 4969 602 5026 mitur.
639 4975 987 5044 Hujusmodi
1021 4984 1214 5034 autem
1252 4981 1520 5037 homines
1557 4983 1816 5038 absumit
1867 4985 2050 5052 dolor,

399 5060 538 5130 quia
567 5061 912 5119 indumento
944 5073 1141 5121 carent
1171 5069 1335 5123 bona
1385 5071 1746 5143 cupiditatis,
1808 5076 1904 5129 sed
1946 5075 2053 5129 hoc

397 5151 609 5206 seculo
659 5153 957 5209 commisti
1019 5162 1177 5211 sunt.
1240 5157 1355 5213 Hos
1413 5159 1614 5232 itaque
1672 5164 1740 5217 ad
1805 5169 2051 5218 mortem

395 5238 594 5295 tradit.
628 5242 979 5313 Ecquenam
1014 5243 1111 5299 illa
1143 5251 1303 5315 sunt,
1337 5248 1418 5304 ait
1446 5250 1862 5317 Antiochus,id
1900 5253 2054 5308 mala

396 5329 736 5399 cupiditate,
760 5347 887 5401 quae
911 5334 1153 5388 tradunt
1187 5335 1456 5394 homines
1483 5340 1550 5394 ad
1588 5342 1876 5396 mortem?
1899 5342 2048 5397 indi-

398 5421 526 5472 cato
550 5417 695 5473 mihi
729 5424 795 5475 ut
820 5420 892 5476 ab
924 5421 996 5477 iis
1053 5424 1376 5496 aufugiam.
1436 5428 1530 5482 Ait
1561 5428 1644 5484 illi
1689 5430 2000 5502 episcopus
2035 5448 2047 5488 :

401 5505 570 5560 Audi.
607 5508 870 5564 Primum
908 5511 1172 5567 omnium
1232 5516 1527 5587 cupiditas
1585 5519 1873 5584 mulieris,
1923 5525 2048 5576 tum

611 5646 819 5726 Yulgo,
853 5648 1204 5726 ἐγκαταλίπῃ.
1243 5659 1450 5713 Νοῐπε.

475 5719 586 5789 (62)
620 5719 821 5791 Vulgo,
858 5719 1099 5796 διστάσῃ.
1135 5719 1196 5780 Il)

2169 4718 2393 4792 ἀγαθὴν,
2427 4718 2516 4772 καὶ
2568 4720 2790 4789 σεμνήν·
2822 4713 3168 4788 ἐνδεδυμένος
3212 4716 3315 4792 γὰρ
3372 4718 3471 4786 τὴν
3530 4716 3822 4790 ἐπιθυμίαν

2163 4807 2385 4876 ταύτην,
2424 4809 2670 4879 μισήσεις
2700 4808 2797 4874 τήν
2844 4807 3084 4877 πονηρὰν
3135 4806 3444 4878 ἐπιθυμίαν.
3480 4807 3669 4880 Ἀγρία
3713 4808 3826 4884 γὰρ

2166 4897 2420 4968 ἐπιθυμία
2454 4896 2528 4957 εἰς
2575 4893 2701 4950 τάδε
2747 4897 3054 4967 ἀνεμπεσεῖ,
3084 4894 3158 4956 εἰς
3212 4894 3389 4964 λύπην
3425 4899 3440 4968 (
3477 4938 3488 4948 .
3528 4939 3540 4951 .
3581 4939 3590 4951 .
3629 4939 3642 4952 .
3679 4940 3693 4954 .
3727 4895 3822 4952 ἐὰν

2169 4985 2244 5056 μὴ
2297 4983 2350 5058 ᾗ)
2404 4985 2618 5045 συνετὸς
2678 4982 2974 5038 δαπανᾶται
3022 4984 3110 5038 ὑπ’
3143 4984 3307 5052 αὐτῆς
3352 4981 3559 5046 δεινῶς.
3605 4991 3826 5057 Δαπανᾷ

2165 5071 2222 5127 δὲ
2268 5073 2496 5135 τούτους
2559 5075 2632 5146 μή
2695 5071 2920 5147 ἔχοντας
2982 5069 3184 5146 ἔνδυμα
3239 5073 3524 5146 ἐπιθυμίας
3584 5074 3820 5149 ἀγαθῆς,

2164 5160 2290 5218 ἆΛλ⁹
2330 5162 2778 5240 ἐμπεφυρμὲνους
2824 5166 2902 5233 τῷ
2950 5162 3107 5216 αἰῶνι
3166 5162 3380 5234 τούτῳ·
3440 5163 3665 5226 τούτους
3725 5163 3822 5218 οῦν

2163 5249 2532 5326 παραδίδωσιν
2567 5252 2641 5314 εἰς
2675 5251 2918 5308 θάνατον.
2952 5251 3054 5307 Καὶ
3088 5249 3232 5326 λέγει
3265 5253 3292 5307 ὁ
3327 5251 3636 5326 Ἀντίοχος·
3657 5258 3821 5324 Ποῖα,

2162 5341 2335 5417 κύριε,
2373 5341 2473 5396 εἰσί
2532 5349 2630 5410 τῆς
2689 5341 2977 5413 ἐπιθυμίας
3032 5348 3130 5409 τῆς
3178 5348 3424 5411 πονηρᾶς
3466 5342 3533 5395 τὰ
3583 5340 3824 5418 παραδι-

2164 5426 2325 5485 δόντα
2382 5430 2508 5492 τοὺς
2567 5430 2888 5503 ἀνθρώπους
2949 5429 3024 5490 εἷς
3077 5429 3642 5506 Θάνατον;Γνώρισόν
3699 5452 3820 5504 μοι,

2156 5517 2250 5574 (ίνα
2282 5519 2438 5596 φύγω
2472 5519 2561 5574 ἀπ’
2593 5518 2788 5577 αὐτῶν.
2826 5521 2978 5594 Λέγει
3015 5519 3162 5590 αὐτῷ
3192 5522 3219 5575 ὁ
3252 5519 3565 5581 ἐπίσκοποςσ
3614 5521 3820 5576 Ἀκου-

2378 5663 2577 5737 Υυιεο,
2613 5665 2890 5737 pessime,
2924 5662 3143 5737 ἐκριζεῖ.
3181 5667 3266 5722 ID.

2234 5735 2347 5805 (64)
2378 5735 2895 5794 Hermae'mandat.
2928 5735 2993 5792 8.
3018 5739 3104 5793 10.
3137 5738 3405 5795 Antioch.
3441 5738 3599 5796 hom.
3631 5739 3722 5794 74.
