4132 6388
346 393 476 454 669

1396 391 1788 452 DOCTRINA
1830 389 1932 449 AD
1976 389 2436 451 ANTIOCHUM
2485 388 2777 450 DUCEM.

3675 383 3796 446 570

348 545 470 582 σον.
508 525 632 600 (65)
665 529 892 602 Πρῶτον
925 525 1137 579 παντων
1181 520 1439 596 ἐπιθυμία
1484 521 1732 598 γυναικὸς
1780 521 1868 576 καὶ
1928 541 2029 575 πο-

2149 521 2480 578 divitiarum
2513 521 2831 576 multarum
2865 518 3097 591 cupido,
3133 535 3258 590 quae
3289 522 3378 574 est
3406 516 3794 585 avaritia,nec

350 611 628 669 λυτέλεια
680 612 952 683 πλούτου,
1006 612 1042 680 ἢ
1076 611 1188 666 ἐστι
1223 609 1573 688 φιλαργυρία,
1608 609 1695 664 καὶ
1729 607 2034 681 ἐδεσμάτων

353 701 596 759 πολλῶν
634 704 726 758 καὶ
761 700 1032 775 ματαίων,
1065 701 1156 755 καὶ
1194 700 1534 774 μεθύσματος
1567 698 1807 768 πολλοῦ,
1844 696 2035 776 διαφό-

359 812 472 868 ρων
513 792 760 866 γεύσεων
794 791 886 845 καὶ
920 789 1114 865 ἑτέρων
1147 793 1361 866 τρυφῶν
1393 786 1620 844 πολλῶν
1670 788 1758 842 καὶ
1811 792 2034 860 μωρῶν,

359 881 454 936 καὶ
493 878 666 952 δόξης
698 878 1049 955 ἀνθρωπίνης
1081 879 1171 932 καὶ
1208 878 1455 952 ματαίας.
1492 883 1640 932 Πᾶσα
1681 879 1856 953 τρυφή
1921 897 2034 949 μω-

361 971 434 1043 ρά
461 970 578 1025 ἐστι
612 971 701 1026 καὶ
758 970 884 1036 κενή
935 973 1052 1029 τοῖς
1102 965 1322 1029 δούλοις
1369 972 1465 1022 τοῦ
1516 971 1673 1023 Θεοῦ,
1708 967 2034 1042 Ἀπέχεσθαι

363 1059 464 1115 οὖν
495 1057 582 1114 δεῖ
638 1063 746 1113 τῶν
797 1057 1103 1130 ἐπιθυμιῶν
1157 1056 1387 1128 τούτων,
1435 1054 1526 1110 ἵνα
1573 1054 1905 1130 ἀπεχόμενοι
1948 1057 2037 1124 ζή-

367 1170 506 1220 σητε
563 1153 642 1220 τῷ
699 1152 838 1220 Θεῷ.
895 1147 1018 1202 Ἐάν
1070 1143 1127 1200 δὲ
1176 1143 1471 1219 δουλεύσῃς
1533 1150 1602 1219 τῇ
1651 1144 1914 1217 ἐπιθυμίᾳ
1966 1147 2034 1217 τῇ

373 1237 554 1313 ἀγαθῇ
612 1237 698 1292 καὶ
755 1237 1037 1310 ὑποταγῆς
1110 1233 1269 1308 αὐτῇ,
1346 1231 1562 1288 δύνασαι
1622 1238 2034 1308 κατακυριεῦσαι

379 1336 484 1398 τῆς
515 1328 803 1401 ἐπιθυμίας
833 1330 934 1396 τῆς
965 1332 1216 1402 πονηρᾶς
1242 1324 1332 1380 καὶ
1367 1325 1623 1395 ὑποτάξαι
1665 1324 1856 1393 αὐτὴν,
1913 1334 2038 1387 καθ-

387 1417 464 1480 ὼς
499 1417 710 1493 βούλει.
742 1418 802 1474 Ὀ
830 1414 1112 1490 Ἀντίοχος
1144 1412 1316 1489 λέγει.
1348 1414 1574 1470 Ἢθελον
1607 1418 1806 1490 γνῶναι
1857 1412 2037 1474 ποίοις

386 1507 619 1581 τρόποις
675 1503 757 1560 δεῖ
817 1525 883 1578 με
933 1501 1224 1560 δουλεῦσαι
1277 1507 1346 1578 τῇ
1405 1503 1665 1576 ἐπιθυμίᾳ
1712 1505 1783 1574 τῇ
1841 1503 2033 1578 ἀγαθῇ.

388 1598 510 1670 (66)
565 1597 623 1653 Ὁ
680 1595 968 1655 ἐπίσκοπος
1031 1593 1194 1668 λέγει·
1242 1595 1460 1648 ”Ακουε·
1513 1595 1774 1668 Ἔργασαι
1836 1589 2036 1646 δικαιο-

384 1684 556 1754 σῦνην
589 1683 673 1738 καὶ
709 1684 902 1758 ἀρετὴν
935 1680 1194 1752 ἀληθείας
1224 1682 1314 1737 καὶ
1353 1677 1520 1759 φόϐον
1569 1682 1768 1754 Κυρίου
1823 1681 1913 1736 καὶ
1945 1681 2035 1736 πί-

379 1793 497 1827 στιν
574 1772 657 1826 καὶ
733 1771 943 1846 ἀγάπην
1003 1771 1091 1826 καὶ
1167 1770 1663 1849 ταπεινοφροσύνην
1723 1771 1812 1826 καὶ
1871 1772 2035 1840 ἀκτη-

382 1861 629 1935 μοσύνην
675 1903 687 1917 .
735 1903 747 1917 .
793 1904 806 1917 .
853 1903 865 1916 .
911 1903 924 1916 .
991 1862 1107 1929 ιθην
1148 1867 1374 1929 ποιῆσαι
1427 1867 1526 1930 τῆς
1585 1867 1858 1933 κοσμικῆς
1901 1903 1913 1914 .
1962 1903 1974 1916 .
2022 1905 2034 1916 .

381 1993 394 2006 .
441 1993 455 2005 .
505 1991 521 2007 .
558 1949 775 2020 ότητος,
809 1950 898 2003 xui
931 1950 1030 2004 ὃσα
1056 1950 1271 2010 τούτοις
1312 1948 1480 2023 ὅμοια
1535 1955 1653 2012 τοῖς
1708 1947 2039 2024 προειρημέ-

377 2059 516 2110 νοις,
542 2043 710 2093 ταῦτα
760 2033 1140 2114 ἐργαζόμενος,
1189 2038 1473 2114 εὐάρεστος
1525 2037 1618 2114 ἔσῃ
1666 2036 1863 2101 δοῦλος
1905 2043 2039 2094 Θεοῦ

385 2125 464 2187 είς
494 2125 624 2188 τοὺς
656 2125 876 2188 αἰῶνας.
909 2130 1109 2200 Ἀμήν.

454 2213 632 2269 Πάλιν
668 2213 818 2289 λέγει
851 2213 996 2286 αὐτῷ
1041 2217 1070 2270 6
1123 2215 1438 2277 ἐπίσκοπος·
1488 2217 1543 2270 Ὀ
1586 2211 1865 2284 διάϐολος,
1918 2214 2042 2270 ὅταν

377 2300 471 2378 ἴδῃ
528 2301 617 2357 ὅτι
667 2301 735 2357 δι’
786 2305 1000 2376 ἑαυτοῦ,
1048 2307 1289 2360 τουτέστι
1325 2303 1414 2359 διὰ
1441 2309 1537 2359 τοῦ
1572 2303 1711 2360 ἰδίου
1742 2303 2037 2380 λογισμοῦ,

376 2390 536 2447 οὐδὲν
577 2390 795 2448 δύναταί
846 2414 903 2447 σε
964 2391 1193 2468 βλάψαι,
1251 2394 1374 2449 τότε
1430 2396 1578 2470 φέρει
1626 2395 1762 2469 πρὸς
1807 2395 1863 2449 σε
1894 2395 2041 2449 ἀσθε-

370 2481 667 2558 νεστέρους
702 2482 996 2558 μοναχοὺς,
1029 2483 1118 2538 καὶ
1160 2481 1230 2537 δι’
1261 2483 1434 2538 αὐτῶν
1482 2484 1745 2562 πρόφασίν
1769 2505 1890 2538 τινα
1919 2482 2040 2538 δια-

373 2569 570 2639 λόγων
599 2572 634 2640 ἢ
665 2567 856 2647 ἔργων,
892 2573 926 2641 ἢ
960 2572 1330 2638 ἀναπαύσεως,
1364 2575 1398 2643 ἢ
1436 2572 1608 2644 ζήλου
1650 2571 1908 2649 σαρκικοῦ
1960 2572 2039 2628 δί-

371 2656 512 2714 δωσί
544 2681 658 2728 σοι,
691 2660 773 2714 sic
800 2660 863 2714 τὸ
895 2658 1248 2716 σκανδαλίσαι
1278 2662 1366 2716 καὶ
1401 2661 1638 2738 ταράξαι.
1688 2660 1762 2716 Σὺ
1796 2659 1852 2716 δὲ
1898 2665 2036 2716 νοῶν

368 2752 468 2802 τοῦ
499 2748 713 2824 ἐχθροῦ
745 2748 881 2804 εἶναι
913 2751 1243 2818 κατασκευὴν
1277 2754 1460 2819 τοῦτο,
1509 2751 1585 2824 μή
1637 2747 1767 2826 ἄρξῃ
1813 2751 1912 2819 τὴν
1966 2750 2039 2813 εἰς

376 2833 626 2891 διάνοιάν
687 2859 783 2892 σου
828 2836 1025 2914 λέγειν·
1080 2839 1227 2914 Ἐγὼ
1275 2838 1382 2893 ἀπὸ
1423 2844 1520 2894 τοῦ
1566 2839 1817 2894 τοιούτου
1849 2838 2037 2915 γένους

375 2928 492 3001 είμί
549 2928 813 3005 μεγάλου,
863 2931 951 2984 xui
1003 2931 1158 2993 οὗτος
1207 2929 1432 3002 ἰδιώτης
1465 2931 1832 3000 καὶεὑτελής,
1888 2933 2038 3007 κάγὼ

377 3017 452 3080 εἷς
485 3017 618 3079 τοὺς
649 3016 820 3081 πόδας
852 3020 1016 3074 αὑτοῦ
1048 3017 1162 3096 ἔχω
1188 3027 1369 3076 πεσεῖν
1393 3037 1410 3091 ;·
1436 3020 1648 3094 μᾶλλον
1680 3019 1737 3075 δὲ
1770 3018 1858 3075 διὰ
1877 3025 2037 3076 τοῦτο

378 3105 660 3182 πρόσπεσε
690 3107 856 3178 αὑτῷ,
894 3108 1240 3181 μεμνημένος
1272 3117 1372 3179 τῆς
1419 3114 1516 3165 τοῦ
1567 3117 1828 3183 Σωτῆρος
1873 3111 2034 3182 ἡμῶν

389 3197 574 3264 Ἰησοῦ
631 3197 869 3272 Χριστοῦ
915 3195 1162 3270 ἐντολῆς,
1233 3201 1354 3267 ἥτις
1434 3219 1518 3254 σοι
1592 3198 2032 3274 παρακελεύεται·

2147 627 2262 666 non
2316 610 2632 666 multorum
2683 624 3085 678 variorumque
3142 609 3430 677 ciborum,
3493 606 3796 662 ebrietatis

2146 699 2365 770 nimiae,
2393 699 2689 755 variorum
2721 698 2871 770 gulae
2903 699 3425 764 irri‘tamentorum,
3455 701 3514 753 et
3543 697 3795 752 aliarum

2146 789 2539 861 plurimarum
2595 788 3034 859 stultarumque
3076 787 3441 859 voluptatum
3479 803 3491 842 :
3527 787 3799 842 humanae

2146 878 2285 934 item
2336 895 2612 950 vanaque
2661 878 2878 950 gloriae.
2949 877 3223 948 Voluptas
3289 875 3567 947 quaelibet
3621 873 3807 930 stulta

2147 973 2237 1022 est
2267 966 2576 1037 inanisque
2599 967 2782 1021 servis
2813 967 2934 1021 Dei.
2960 967 3270 1021 Abstinere
3303 965 3499 1035 itaque
3531 961 3804 1018 convenit

2097 1079 2102 1083 ·
2147 1072 2180 1111 a
2209 1056 2613 1128 voluptatibus
2645 1055 3151 1125 hujuscemodi,ut
3182 1053 3254 1108 iis
3272 1053 3658 1116 abstinentes,
3688 1057 3799 1106 Deo

2145 1144 2371 1200 vivatis.
2406 1144 2566 1210 Quod
2601 1143 2652 1198 si
2687 1145 2849 1198 bonae
2883 1143 3190 1215 cupiditati
3240 1139 3594 1207 inservieris,
3629 1141 3800 1211 eique

2151 1235 2467 1289 obsecutus
2524 1234 2726 1300 fueris,
2794 1234 3172 1289 dominabere
3231 1249 3418 1303 pravae
3471 1230 3801 1302 cupiditati,

2146 1340 2395 1394 eamque
2425 1322 2708 1378 arbitratu
2740 1328 2840 1378 tuo
2890 1323 2996 1377 tibi
3048 1321 3352 1393 subjicies.
3396 1321 3544 1376 Tum
3594 1320 3795 1375 Antio-

2147 1411 2294 1468 chus
2345 1429 2357 1464 :
2411 1412 2570 1467 Scire
2613 1411 2844 1479 vellem,
2897 1413 2997 1482 ait,
3048 1412 3410 1482 quibusnam
3460 1409 3651 1465 modis
3707 1425 3803 1464 me

2146 1505 2408 1575 Oporteat
2439 1503 2604 1558 bonae
2635 1502 2943 1572 cupiditati
2977 1499 3274 1556 inservire.
3311 1498 3417 1555 Cui
3448 1500 3800 1571 episcopus:

2147 1592 2322 1658 Audi,
2357 1590 2654 1662 justitiam
2701 1607 2961 1662 operare,
3010 1590 3285 1645 virtutem
3333 1595 3467 1645 tene
3515 1588 3801 1659 veritatis,

2148 1697 2372 1738 necnon
2405 1680 2677 1735 timorem
2711 1679 2965 1748 Domini,
2998 1681 3196 1750 ﬁdem,
3227 1677 3801 1747 charitatem,humi-

2146 1770 2370 1825 litatem
2423 1775 2480 1825 et
2529 1775 2936 1841 paupertatem
2988 1769 3171 1839 pluris
3219 1768 3402 1824 facias
3453 1769 3564 1839 (70)
3615 1783 3793 1839 quam

2148 1860 2512 1915 mundanam
2543 1860 2885 1927 vanitatem,
2917 1865 2974 1914 et
3000 1858 3092 1913 his
3122 1857 3341 1914 similia
3375 1875 3386 1912 :
3422 1874 3548 1929 quae
3572 1857 3622 1913 si
3653 1873 3793 1930 ope-

2149 1953 2312 2003 ratus
2347 1947 2546 2018 tueris,
2580 1964 2782 2003 servus
2813 1948 2930 2003 Deo
2982 1953 3257 2018 acceptus
3306 1947 3419 2002 eris
3461 1947 3518 2002 in
3553 1945 3787 2002 saecula.

2147 2040 2351 2093 Amen.

2225 2218 2440 2272 Iterum
2472 2216 2555 2271 ait
2585 2215 2664 2270 illi
2719 2216 3029 2288 episcopus
3065 2233 3075 2270 :
3111 2219 3254 2273 Cum
3301 2217 3492 2272 videat
3533 2213 3804 2270 diabolus

2151 2323 2265 2362 non
2297 2323 2469 2378 posse
2500 2323 2561 2362 se
2593 2323 2696 2362 suo
2731 2311 2936 2373 marte,
2980 2307 3035 2361 id
3092 2312 3181 2362 est
3215 2323 3316 2378 per
3365 2321 3534 2362 suam
3583 2305 3801 2377 cogita-

2153 2397 2396 2461 tionem,
2432 2396 2537 2451 tibi
2586 2411 2813 2465 nocere,
2865 2395 3219 2451 intirmiores
3273 2397 3342 2450 ad
3392 2400 3447 2450 te
3479 2394 3799 2450 monachos

2151 2485 2393 2540 adducit
2419 2503 2431 2553 ;
2467 2502 2717 2556 quorum
2751 2502 2945 2556 opera,
2972 2485 3286 2555 quamdam
3311 2484 3416 2540 tibi
3453 2485 3669 2556 praebet
3699 2499 3798 2540 oc-

2150 2575 2443 2630 casionem
2475 2574 2863 2646 dialogorum,
2915 2590 3182 2646 operum,
3216 2574 3340 2642 otii,
3394 2579 3495 2628 aut
3543 2572 3797 2628 carnalis

2149 2664 2466 2735 cupidinis,
2500 2668 2566 2718 ut
2595 2664 2653 2718 in
2697 2664 3040 2719 scandalum
3100 2670 3154 2719 te
3185 2664 3241 2717 in
3295 2663 3799 2736 perturbationem

2149 2754 2443 2825 conjiciat.
2475 2759 2548 2808 At
2578 2758 2805 2820 tu,cum
2832 2753 2992 2807 noris
3017 2753 3123 2808 has
3149 2769 3277 2809 esse
3297 2751 3801 2818 inimieiinsidias,

2149 2861 2222 2899 ne
2252 2843 2492 2913 coeperis
2523 2842 2582 2896 in
2614 2846 2808 2897 mente
2840 2847 2942 2897 tua
2973 2842 3163 2896 dicere
3198 2858 3209 2895 :
3247 2842 3439 2913 Egone
3481 2845 3601 2896 tam
3651 2857 3800 2911 prte-

2148 2932 2303 2988 claro
2334 2948 2544 3004 genere
2573 2931 2962 2996 oriundus,ad
2996 2932 3167 3001 pedes
3191 2929 3436 3001 hujusce
3467 2930 3566 3000 qui
3609 2929 3799 3001 priva-

2147 3026 2243 3076 tus
2273 3027 2330 3076 et
2377 3020 2530 3091 vulgi
2580 3021 2754 3075 homo
2808 3024 2913 3077 est.
2973 3036 3064 3074 me
3109 3018 3525 3090 prosternam?
3556 3018 3678 3073 Imo
3728 3034 3797 3072 ea

2148 3111 2400 3166 maxime
2433 3113 2502 3165 de
2533 3126 2710 3165 causa
2743 3109 2976 3180 procide
3005 3125 3198 3163 coram
3245 3108 3367 3174 illo,
3411 3109 3792 3178 memorjus.

2145 3186 2328 3255 sionis
2361 3198 2675 3255 Salvatoris
2698 3199 2880 3254 nostri
2910 3199 3050 3253 Jesu
3082 3198 3442 3268 Christi,qua
3463 3197 3799 3269 praecipitur

378 3309 406 3336 «
443 3286 568 3340 Ἐάν
595 3285 682 3348 τίς
713 3306 771 3341 σε
803 3285 1000 3361 ῥαπίσῃ
1048 3287 1125 3350 εἰς
1177 3289 1275 3357 τὴν
1320 3286 1490 3359 δεξιὰν
1527 3288 1772 3363 σιαγόνα,
1808 3289 2033 3364 στρέψον

2149 3289 2254 3344 tibi
2293 3307 2304 3343 :
2337 3313 2359 3338 ιι
2398 3289 2457 3344 Si
2489 3287 2623 3360 quis
2656 3287 3010 3360 percusserit
3044 3292 3096 3341 te
3147 3288 3204 3341 in
3253 3285 3550 3342 maxillam
3597 3287 3796 3342 dexte-

377 3375 526 3446 αὑτῷ
557 3373 648 3428 καὶ
677 3375 776 3443 τὴν
811 3372 1052 3444 ἄλλην,››
1081 3375 1169 3430 καὶ
1205 3378 1280 3449 μή
1314 3377 1577 3452 πρότερον
1605 3378 1768 3433 αὑτοῦ
1800 3376 2039 3452 ἀποστῇς

375 3466 484 3517 τῶν
517 3459 728 3536 ποδῶν,
761 3460 865 3525 ἓως
896 3462 959 3518 οὗ
1015 3465 1364 3541 συγχώρησιν
1420 3467 1531 3539 μετ’
1565 3467 1736 3543 εὐχῆς
1789 3469 1914 3541 παρ’
1945 3469 2040 3524 αὑ-

377 3556 476 3607 τοῦ
513 3550 664 3627 δέξῃ,
695 3551 845 3614 ὅπως
875 3552 1081 3616 τέλειός
1131 3575 1214 3609 σοι
1245 3551 1490 3628 ἀποδοθῇ
1540 3563 1637 3625 τῆς
1686 3578 2044 3636 ταπεινοφρο-

381 3641 546 3712 σύνης
580 3643 608 3696 6
664 3641 923 3720 στέφανος
955 3642 1030 3704 εἰς
1057 3641 1184 3704 τοὺς
1215 3642 1436 3706 αἰῶνας.
1473 3645 1670 3717 Ἀμήν.

2151 3395 2300 3448 ram,
2335 3378 2528 3450 praebe
2559 3375 2645 3431 illi
2677 3381 2732 3432 et
2762 3376 2937 3432 aliam
2970 3378 3015 3410 ⁷⁵³
3042 3395 3054 3432 :
3092 3398 3118 3426 υ
3151 3391 3339 3446 neque
3357 3376 3428 3431 ab
3451 3375 3610 3430 illius
3637 3375 3798 3446 pedi-

2151 3468 2263 3524 bus
2313 3472 2446 3523 ante
2493 3467 2870 3536 abscesseris,
2919 3466 3104 3521 donec
3150 3465 3381 3520 veniam
3432 3464 3503 3520 ab
3553 3481 3618 3520 eo
3666 3481 3802 3521 cum

2151 3559 2414 3616 oratione
2446 3559 2804 3631 impetraris,
2824 3564 2888 3612 ut
2919 3559 3172 3630 perfecta
3201 3556 3552 3614 humilitatis
3591 3573 3805 3614 corona

2153 3648 2388 3705 doneris
2421 3650 2478 3704 in
2511 3647 2744 3704 saecula.
2780 3652 2984 3702 Amen.

1457 3745 1809 3802 Undecimum
1838 3748 2184 3815 mandatum,
2219 3749 2458 3804 tristitia
2477 3749 2726 3804 vitanda.

457 3833 540 3887 11.
573 3833 684 3904 (67)
719 3830 816 3885 Καὶ
869 3831 1168 3904 εὐξαμένων
1218 3832 1416 3902 αὐτῶν,
1469 3831 1612 3908 λέγει
1655 3835 1804 3907 αὑτῷ
1835 3836 1862 3889 6
1921 3835 2038 3892 ἐπί-

393 3938 606 3981 σκοπος·
639 3921 837 3976 Ἃκουε
865 3921 955 3975 xui
984 3927 1087 3990 τῆς
1118 3918 1407 3991 ἑνδεκάτης
1453 3921 1697 3990 ἐντολῆς·
1732 3925 1900 3997 Ἀρον
1933 3926 2038 3979 ἀπὸ

396 4011 484 4060 σοῦ
511 4009 608 4077 τῆν
638 4008 842 4080 λύπην·
875 4010 964 4064 καὶ
995 4011 1098 4084 γὰρ
1130 4010 1265 4080 αὕτη
1319 4009 1524 4088 ἀδελφή
1579 4011 1688 4065 ἐστι
1737 4019 1836 4081 τῆς
1891 4011 2038 4086 διψυ-

395 4095 532 4170 χίας·
564 4099 779 4168 καὶτῆς
813 4097 1132 4173 ὀξυχολίας.
1165 4100 1316 4174 Λέγει
1352 4100 1380 4153 6
1410 4099 1710 4175 Ἀντίοχος·
1763 4105 1909 4173 Πῶς,
1942 4102 2037 4156 κύ-

392 4205 491 4260 ριε,
526 4183 726 4264 ἀδελφή
759 4188 900 4242 ἐστιν
933 4189 1137 4259 αὑτῆςς
1173 4186 1350 4245 ’Ἀλλο
1379 4190 1481 4265 γάρ
1517 4209 1612 4261 μοι
1660 4187 1810 4244 δοκεῖ
1840 4189 2035 4266 ὀξυχο-

391 4272 500 4348 λία,
549 4275 636 4330 καὶ
685 4273 826 4332 ἄλλο
877 4275 1128 4352 διψυχία,
1166 4277 1257 4332 καὶ
1311 4275 1453 4332 ἄλλο
1504 4275 1675 4348 λύπη.
1707 4279 1859 4354 Λέγει
1890 4280 2037 4351 αὑτῷ

386 4363 413 4417 ὁ
443 4362 754 4428 ἐπίσκοπος·
810 4366 909 4420 Διὰ
952 4365 1005 4421 τί
1053 4367 1116 4421 o6
1166 4371 1312 4429 νοεῖς
1354 4365 1421 4421 τὰ
1451 4364 1726 4442 λεγόμενά
1755 4388 1878 4437 σοις
1938 4369 2034 4424 Καὶ

380 4453 480 4529 γὰρ
511 4454 710 4509 δκεῖνοι
745 4455 808 4510 οὗ
862 4459 1100 4525 νοοῦσιν,
1151 4457 1203 4511 οὶ
1239 4449 1534 4532 βάλλοντες
1594 4456 1814 4520 ἑαυτοὺς
1867 4458 1941 4521 εἷς
1969 4459 2036 4514 τὰ

379 4545 610 4619 σαρκικὰ
673 4545 765 4599 καὶ
829 4546 1069 4619 κοσμικὰ
1138 4536 1450 4621 πράγματα.
1523 4547 1600 4603 Οὑ
1659 4552 1804 4609 νοεῖς
1861 4546 1943 4602 ὅτι
1995 4551 2030 4617 ἡ

380 4630 526 4703 λύπη
604 4632 819 4688 πάντων
889 4639 998 4688 τῶν
1083 4636 1267 4689 παθῶν
1348 4633 1684 4711 πονηροτέρα
1759 4634 1868 4691 ἐστι
1947 4637 2034 4692 καὶ

381 4717 662 4791 δεινοτάτη
718 4728 834 4785 τοῖς
893 4721 1114 4784 δούλοις
1169 4719 1266 4777 τοῦ
1323 4728 1480 4790 Θεοῦ,
1532 4724 1622 4778 καὶ
1671 4726 1818 4798 παρὰ
1865 4725 2038 4781 πάντα

375 4811 442 4865 τὰ
493 4811 780 4884 πνεύματα
828 4815 936 4886 (68)
993 4813 1334 4890 καταφθείρει
1407 4813 1498 4867 τὸν
1550 4814 1834 4890 ἄνθρωπον
1883 4818 2033 4888 (69);

376 4902 443 4958 Οἱ
497 4897 555 4954 δὲ
603 4895 771 4978 φόϐον
823 4899 1044 4978 ἔχοντες
1093 4907 1226 4957 Θεοῦ
1272 4903 1363 4956 καὶ
1395 4902 1711 4976 ἐρευνῶντες
1744 4903 1866 4980 περὶ
1898 4903 2035 4959 Θεοῦ

375 4987 549 5066 ἔργων
597 4991 688 5046 καὶ
755 4991 1015 5062 ἀληθείας
1062 4993 1152 5048 καὶ
1200 4994 1301 5062 τήν
1360 4989 1581 5068 καρδίαν
1631 4987 1850 5068 ἔχοντες
1898 4995 2035 5068 πρὸς

375 5079 600 5152 Κύριον,
635 5079 807 5136 πάντα
833 5081 901 5136 τὰ
958 5080 1227 5156 λεγόμενα
1269 5082 1450 5143 αὑτοῖς
1498 5082 1692 5157 τάχιον
1735 5083 1920 5137 νοοῦσι
1943 5084 2032 5138 καὶ

373 5172 668 5240 συνιοῦσιν,
744 5169 826 5224 δτι
905 5168 1134 5244 καθαροί
1203 5170 1303 5224 εἶσι
1378 5170 1468 5224 καὶ
1550 5171 1845 5247 ἀμέριμνοι
1928 5172 2034 5228 ἀπὸ

369 5256 554 5326 πάσης
616 5256 903 5335 φροντίδος
951 5259 1042 5313 καὶ
1093 5257 1363 5334 μερίμνης
1412 5264 1702 5332 κοσμικῆς,
1759 5262 1847 5316 καὶ
1880 5259 2030 5317 οὐδὲν

369 5341 514 5401 ἄλλο
546 5345 592 5402 εἰ
655 5349 732 5420 μὴ
783 5348 875 5403 τὸν
927 5343 1094 5426 φόϐον
1143 5351 1239 5402 τοῦ
1288 5351 1423 5404 Θεοῦ
1462 5344 1680 5424 ἔχουσιν
1713 5349 1764 5405 ἐν
1801 5351 2031 5414 ἑαυτοῖς.

447 5445 493 5480 θα
525 5446 732 5504 Matth.
764 5465 819 5518 ν,
855 5449 942 5504 39.

448 5545 558 5618 (65)
590 5546 694 5602 Hic
725 5547 913 5603 multa
937 5547 1311 5604 omittuntur.

447 5617 561 5688 (66)
591 5623 724 5674 Haac
755 5637 868 5675 non
902 5621 1142 5675 omnino
1175 5619 1394 5674 similia
1423 5619 1648 5676 Hermae
1681 5624 1978 5681 mandato.

448 5687 560 5789 (67)
593 5689 811 5747 Hermaa
840 5691 1105 5782 mandat.
1148 5691 1233 5747 14.
1409 5760 1422 5780 ι
1862 5767 1871 5776 _

451 5761 564 5815 .68)
613 5762 711 5815 Καὶ
765 5763 913 5815 παρὰ
967 5782 1137 5815 παντα
1180 5761 1247 5815 τὰ
1293 5779 1593 5815 πνευματα.
1647 5764 1776 5815 Haec
1825 5785 1871 5815 ει

451 5761 564 5831 (68)
613 5762 711 5816 Καὶ
765 5763 913 5834 παρὰ
967 5763 1137 5816 πάντα
1180 5761 1247 5816 τὰ
1293 5761 1593 5834 πνεύματα.
1647 5764 1776 5823 Haec
1825 5767 1873 5823 si
1921 5767 2024 5823 La-

2225 3839 2310 3893 11.
2344 3839 2414 3893 Et
2445 3843 2755 3910 postquam
2790 3837 2963 3893 ambo
2994 3837 3208 3908 precati
3241 3842 3401 3905 sunt,
3441 3837 3524 3892 ait
3555 3836 3637 3892 illi
3671 3836 3795 3908 epi-

2151 3944 2364 3999 scopus
2382 3947 2394 3983 :
2411 3929 2558 3982 Audi
2594 3927 2969 3982 undecimum
2991 3943 3223 3999 quoque
3243 3926 3799 3999 praeceptumExige

2149 4034 2181 4071 a
2214 4023 2271 4072 te
2309 4033 2544 4072 omnem
2598 4016 2920 4082 tristitiam,
2973 4033 3107 4072 nam
3160 4034 3326 4072 soror
3365 4015 3467 4071 illa
3497 4020 3585 4070 est
3615 4015 3800 4070 animi

2148 4105 2312 4159 dubii
2343 4115 2399 4160 et
2431 4106 2780 4171 haesitantis,
2815 4123 2921 4160 nec
2952 4123 3065 4160 non
3100 4106 3436 4161 iracundiae.
3487 4105 3632 4160 Tum
3680 4108 3797 4160 An-

2147 4194 2375 4249 tiochus
2409 4212 2421 4249 :
2457 4195 2587 4260 Qui,
2621 4211 2840 4264 quaeso,
2873 4194 2974 4265 ait,
3007 4195 3274 4266 Domine,
3299 4212 3461 4250 soror
3493 4193 3652 4249 illius
3682 4194 3801 4250 est?

2144 4282 2318 4338 Aliud
2349 4284 2506 4338 enim
2539 4283 2766 4338 videtur
2797 4282 2940 4337 mihi
2970 4283 3298 4345 iracundia,
3339 4284 3476 4338 alud
3508 4283 3798 4340 dubitatio

2146 4371 2352 4440 animi,
2405 4374 2552 4429 207
2591 4371 2747 4426 aliud
2785 4371 3040 4427 tristitia.
3092 4370 3197 4428 Cui
3243 4372 3592 4445 episcopus:
3644 4374 3795 4440 Quid

2144 4462 2295 4532 quod
2328 4479 2443 4518 non
2471 4461 2752 4533 intelligis
2774 4477 2899 4532 quae
2921 4461 3076 4516 dicta
3105 4461 3289 4516 sunt?
3321 4461 3364 4516 Ii
3391 4478 3647 4532 namque
3679 4480 3794 4519 non

2145 4550 2509 4624 intelligunt,
2542 4550 2642 4622 qui
2674 4567 2802 4606 sese
2837 4552 2894 4605 in
2927 4550 3182 4606 carnalia
3213 4554 3270 4607 et
3324 4553 3625 4607 mundana
3657 4552 3798 4607 faci-

2148 4657 2302 4696 nora-
2324 4641 2840 4711 dejiciunt.Annon
2874 4639 3155 4712 intelligis
3185 4640 3451 4696 omnium
3484 4641 3799 4697 affectuum

2147 4730 2473 4802 pessimum
2509 4746 2638 4786 esse
2689 4730 3012 4794 tristitiam,
3063 4730 3284 4802 Deique
3324 4732 3510 4787 servis
3550 4731 3802 4787 durissi-

2147 4836 2307 4873 mam
2345 4837 2357 4874 :
2392 4837 2518 4891 quze
2552 4819 2683 4891 plus
2717 4837 2894 4891 quam
2929 4819 3026 4874 alii
3051 4822 3594 4892 omnes(nequitiee)
3626 4821 3798 4892 spiri-

2146 4916 2242 4962 tus
2276 4909 2574 4964 hominem
2611 4909 2934 4979 corrumpit
2964 4911 2990 4962 ‘t
3021 4911 3166 4964 Sane
3198 4911 3298 4982 qui
3348 4911 3530 4966 Deum
3564 4911 3797 4976 timent,

2147 4997 2460 5069 divinaque
2502 5014 2679 5069 opera
2709 5015 2775 5053 ac
2808 4997 3106 5054 veritatem
3141 5005 3502 5055 scrutantur.
3537 5005 3592 5054 et
3621 5001 3794 5055 corde

2145 5086 2389 5142 Domino
2421 5087 2737 5154 adhaerent,
2771 5088 2807 5140 ii
2840 5089 3040 5143 omnia
3072 5089 3180 5143 sibi
3215 5089 3369 5143 dicta
3417 5089 3529 5142 cito
3577 5088 3790 5144 intelli-

2144 5180 2293 5247 gunt
2322 5181 2378 5230 et
2409 5175 2758 5248 percipiunt,
2793 5175 2931 5248 quia
2965 5178 3091 5247 puri
3151 5183 3291 5232 sunt
3320 5182 3377 5231 et
3424 5177 3586 5232 vacui
3633 5179 3792 5233 omni

2144 5281 2286 5320 cura
2314 5272 2370 5320 et
2401 5264 2797 5320 sollicitudine
2821 5265 3083 5320 saeculari
3123 5283 3134 5319 :
3170 5265 3448 5336 nulloque
3470 5265 3583 5320 alio
3598 5271 3797 5322 tenen-

2143 5359 2243 5409 tur
2272 5353 2529 5425 (ail'ectu)
2560 5371 2732 5425 quam
2767 5355 2976 5409 timore
3010 5353 3128 5408 Dei.
3164 5355 3309 5409 Nam
3364 5354 3462 5409 ubi
3510 5354 3798 5414 Dominus

2136 5551 2258 5607 tine
2287 5550 2701 5625 exprimuntur
2727 5550 2881 5625 apud
2907 5550 3178 5625 Hermam
3217 5568 3228 5606 :
3266 5556 3331 5608 Et
3354 5552 3601 5606 omnium
3629 5557 3793 5625 spiri-

2136 5630 2222 5678 tus
2253 5621 2592 5678 exterminat
2619 5625 2671 5677 et
2699 5624 2911 5676 cruciat
2941 5621 3228 5692 Spiritum
3261 5631 3533 5679 sanctum.

2208 5695 2321 5764 (69)
2354 5694 2456 5748 Hic
2487 5693 2634 5748 bene
2663 5692 2847 5764 multa
2878 5695 3110 5764 desunt.

2210 5761 2322 5835 (70)
2353 5764 2448 5819 Sic
2478 5763 2864 5835 coniectando
2894 5761 3203 5822 vertimus.
