4132 6364
351 371 465 432 571

1517 372 1580 434 S.
1632 371 2157 433 ATHANASIUS.
2185 401 2263 415 —
2291 370 2599 435 SPURIA.

3649 375 3770 436 57!

351 503 596 574 habitat,
628 505 747 561 illic
801 506 1196 580 intelligentia
1243 507 1450 564 multa.
1505 506 1744 562 Adhzsre
1797 507 1996 577 itaque

2109 504 2284 556 Ὅπου
2355 501 2456 579 γὰρ
2524 505 2553 558 6
2627 503 2822 579 Κύριος
2899 507 3160 573 κατοικεῖ,
3243 504 3354 558 ἐκεῖ
3409 501 3498 558 καὶ
3554 502 3770 567 σύνεσις

357 595 621 660 Domino,
653 599 708 649 et
735 595 896 651 nulla
945 614 1059 652 non
1113 597 1423 670 intelliges.
1475 596 1626 652 Audi
1677 596 1857 667 igitur
1886 611 1997 665 quo

351 700 521 756 pacto
551 684 792 739 tristitia
825 685 1097 756 spiritum
1131 691 1423 749 atterat,et
1452 689 1766 758 quoypacto
1797 690 2000 741 contra

353 771 580 828 salvum
617 773 806 827 faciat.
840 781 980 829 Cum
1017 775 1189 830 homo
1235 777 1453 830 dubius
1486 777 1664 830 animi
1697 775 1998 846 quidpiam

351 861 871 933 aggreditur,quod
907 863 1289 918 dubitationis
1322 881 1499 919 causa
1531 869 1738 936 praeter
1768 869 2000 918 senten-

351 950 492 1006 tiam
545 951 656 1022 ipsi
707 951 884 1014 cadit,
934 957 1057 1007 tum
1112 954 1349 1008 tristitia
1410 954 1629 1008 invadit
1677 953 1999 1021 hominem,

352 1040 756 1111 Spiritumque
790 1046 1060 1096 sanctum
1114 1043 1455 1097 constristat
1502 1048 1676 1113 atque
1725 1046 2003 1113 angustat

351 1131 498 1184 Hinc
529 1146 762 1184 rursum
799 1131 896 1184 ubi
932 1131 1233 1186 iracundia
1286 1137 1532 1203 occupat
1573 1131 1893 1194 hominem,
1926 1131 2000 1185 ob

350 1233 473 1272 rem
507 1218 824 1290 quamlibet
853 1224 1027 1290 atque
1063 1219 1312 1274 multum
1362 1222 1686 1282 exacerbat,
1719 1221 1801 1274 ita
1848 1224 1911 1273 ut
1939 1219 1997 1273 in

355 1307 577 1362 malum
607 1307 906 1378 quidpiam
947 1309 1170 1363 facinus
1203 1317 1582 1380 prorumpat;
1617 1315 1756 1364 tunc
1788 1309 1999 1364 iterum

350 1396 596 1452 tristitia
625 1396 959 1466 ingreditur
988 1399 1043 1452 in
1081 1415 1179 1453 cor
1211 1399 1468 1454 hominis
1509 1399 1795 1466 iracundi,
1830 1404 2000 1468 atque

354 1487 425 1540 de
461 1487 610 1541 facto
644 1503 750 1541 suo
779 1487 931 1540 dolet
984 1487 1330 1559 pcenitetquc
1362 1488 1528 1543 illum
1579 1488 1824 1543 admissi
1867 1488 2001 1542 faci-

352 1574 531 1630 noris.
585 1579 717 1630 Haac
766 1575 962 1647 itaque
1005 1577 1244 1632 tristitia
1272 1577 1502 1632 videtur
1531 1576 1829 1647 salutaris,
1864 1577 2003 1649 quia

348 1679 484 1719 eum
517 1663 820 1719 commissi
855 1665 1128 1720 facinoris
1172 1667 1428 1737 pmnitet.
1480 1666 1696 1720 Verum
1741 1671 2000 1736 utraeque

345 1766 439 1806 res
472 1751 770 1808 hominem
804 1754 1171 1820 contristant,
1209 1771 1412 1825 nempe
1444 1755 1704 1820 tristitia,
1739 1755 1876 1825 quia
1909 1771 2000 1809 res

347 1857 464 1895 non
497 1856 526 1894 e
559 1841 851 1897 sententia
879 1844 1054 1909 cadit,
1090 1849 1145 1898 et
1181 1845 1505 1913 iracundia,
1538 1844 1677 1914 quia
1710 1843 1996 1915 ﬂagitium
2029 1879 2076 1943 B

347 1931 705 2001 perpetravit
738 1949 750 1985 :
783 1948 911 2001 que
942 1933 1125 1986 ambs:
1155 1933 1443 2004 Spirirum
1474 1937 1745 1987 sanctum
1777 1932 1994 1988 contri-

353 2023 533 2074 stant.
586 2020 835 2075 Elimina
884 2037 1020 2092 ergo
1070 2022 1396 2090 tristitiam,
1448 2037 1638 2093 neque
1682 2022 1997 2076 contristes

351 2107 638 2178 Spiritum
671 2115 940 2164 sanctum
965 2111 1023 2165 in
1054 2115 1108 2165 te
1142 2111 1506 2166 habitantem
1529 2127 1629 2166 :ne
1649 2111 1790 2167 forte
1813 2111 1996 2166 Deum

350 2196 708 2268 obsecretur,
740 2203 797 2254 et
827 2217 859 2253 a
889 2205 946 2255 te
977 2200 1270 2270 abscedat,
1303 2199 1556 2272 Spiritus
1603 2217 1857 2272 namque
1901 2199 1996 2256 Dei

349 2287 450 2356 qui
481 2287 642 2342 carni
691 2292 902 2344 nostra;
949 2289 1304 2360 impertitur,
1351 2290 1646 2346 carnalem
1696 2289 1996 2345 tristitiam

348 2391 464 2431 non
517 2376 790 2442 sustinet,
840 2395 1029 2449 neque
1087 2379 1566 2434 coarctationem.
1639 2378 1773 2434 Sola
1837 2379 1996 2434 enim

344 2464 588 2520 tristitia
640 2467 1068 2537 prmteritorum
1139 2474 1510 2539 peccatorum
1563 2469 1728 2524 aﬂ‘ert
1776 2468 1998 2524 utilita-

345 2558 506 2620 tem;
557 2555 699 2610 dum
751 2555 998 2612 ulterius
1048 2574 1164 2612 non
1218 2558 1566 2628 peccaveris.
1625 2558 1808 2613 Indue
1849 2557 1995 2612 hila-

348 2642 604 2708 ritatem,
638 2660 763 2714 quas
809 2647 968 2699 omni
1015 2645 1183 2700 ﬂoret
1229 2647 1416 2717 gratia
1459 2647 1612 2718 apud
1668 2652 1870 2713 Deum,
1903 2648 1997 2702 cui

348 2738 436 2788 est
468 2734 899 2804 acceptissima,
935 2735 993 2790 in
1028 2751 1212 2807 eaque
1260 2735 1475 2791 laetare.
1530 2737 1733 2792 Omnis
1783 2739 1998 2809 quippe

349 2821 556 2877 hilaris
586 2822 762 2878 homo
793 2824 944 2880 bona
970 2831 1261 2896 operatur,
1299 2826 1451 2881 bona
1474 2827 1652 2881 sentit
1681 2832 1739 2882 et
1758 2827 1995 2900 cogitat,

351 2911 696 2983 spernitque
724 2929 935 2968 vanam
967 2913 1267 2969 tristitiam
1306 2931 1318 2971 :
1350 2920 1552 2970 contra
1585 2915 1757 2970 homo
1788 2915 2001 2971 tristis-

349 3000 587 3055 assidue
614 3001 884 3056 irascitur
913 3008 970 3057 et
999 3003 1371 3074 iniquitatem
1404 3010 1700 3074 operatur,
1736 3021 1839 3060 nec
1881 3005 1998 3060 Do-

348 3088 574 3144 minum
612 3098 904 3160 precatur,
939 3108 1128 3163 neque
1161 3092 1315 3148 mala
1356 3093 1468 3164 ipsi
1514 3094 1826 3148 confitetur
1866 3111 1993 3149 sua.

343 3177 541 3234 Oratio
573 3179 787 3252 quippe
820 3181 924 3234 viri
956 3181 1197 3237 tristitia
1226 3182 1516 3252 occupati,
1549 3184 1858 3238 ascendere
1880 3200 1995 3238 non

2112 590 2322 662 πολλή.
2403 591 2730 664 Κολλήθητι
2803 591 2894 647 οὖν
2969 598 3066 648 τοῦ
3122 592 3343 669 Κυρίου,
3402 591 3491 647 καὶ
3549 593 3766 648 πάντων

2111 683 2347 750 νοήσεις.
2401 684 2604 737 ’Ἄκουε
2653 681 2744 737 οὖν
2803 687 2922 745 πῶς
2975 686 3009 752 ἡ
3044 682 3188 753 λύπη
3227 680 3461 756 ἐκτρίϐει
3491 683 3554 736 τὸ
3605 686 3766 736 πνεῦ-

2116 792 2211 843 μα,
2269 772 2358 826 καὶ
2407 771 2570 826 πάλιν
2624 773 2804 840 σώζει,
2857 773 3023 829 ’Όταν
3071 773 3098 826 ὁ
3153 769 3387 846 δίψυχος
3432 765 3761 840 ἐπιϐάληται

2111 860 2305 934 πρᾶξαί
2362 880 2434 932 τι,
2487 863 2576 915 καὶ
2627 861 2877 936 ἀποτύχῃ
2927 858 3015 914 διὰ
3061 862 3158 928 τήν
3204 857 3460 935 ’διψυχίαν
3507 859 3691 932 αὐτοῦ,
3724 863 3759 930 ὴ

2113 948 2259 1019 λύπη
2315 950 2661 1025 ἐκπορεύεται
2713 951 2788 1012 εἷς
2836 951 2925 1004 τὸν
2999 951 3276 1024 ἄνθρωπον
3344 949 3434 1004 καὶ
3485 948 3648 1005 λυπεῖ
3698 949 3764 1004 τὸ

2112 1044 2330 1112 Πνεῦμα
2377 1041 2440 1094 τὸ
2494 1040 2643 1115 ἅγιον
2687 1041 2776 1094 καὶ
2842 1044 3174 1114 στενοχωρςῖ
3219 1038 3369 1094 αὐτό.
3418 1037 3550 1092 Εἶτα
3597 1037 3764 1093 πάλιν

2111 1128 2377 1204 ὀξυχολία
2407 1127 2530 1183 ὅταν
2562 1127 2819 1196 κολληθῆ
2848 1133 2929 1199 τῷ
2960 1127 3230 1202 ἀνθρώπῳ
3273 1126 3397 1201 περὶ
3445 1127 3766 1202 πράγματός

2106 1239 2275 1289 τινος,
2305 1218 2393 1272 καὶ
2427 1217 2549 1273 λίαν
2576 1221 2870 1293 πικρανθῇ,
2903 1217 2991 1271 καὶ
3027 1218 3233 1288 ποιήσῃ
3273 1236 3325 1269 τι
3358 1216 3544 1282 κακὸν,
3599 1215 3766 1272 πάλιν

2109 1310 2143 1376 ἡ
2179 1308 2323 1377 λύπη
2379 1307 2746 1377 εἰσπορεύεται
2798 1305 2872 1367 είς
2914 1306 3012 1373 τήν
3066 1303 3292 1380 καρδίαν
3342 1310 3440 1359 τοῦ
3471 1303 3760 1379 ἀνθρώπου

2105 1401 2204 1450 τοῦ
2281 1394 2746 1471 ὁξυχολήσαντος,
2824 1395 2913 1448 καὶ
2991 1393 3239 1449 λυπεῖται
3300 1392 3388 1448 ἐπὶ
3445 1397 3513 1467 τῇ
3573 1395 3767 1467 πράξει

2109 1485 2294 1558 αὐτοῦ,
2443 1483 2656 1560 ἔπραξε,
2717 1483 2805 1538 καὶ
2869 1488 3139 1555 μετανοεῖ,
3195 1482 3279 1538 ὅτι
3309 1483 3546 1557 πονηρὸν
3580 1482 3762 1559 εἰργά-

2110 1595 2264 1632 σατο.
2309 1575 2449 1644 Αὕτη
2484 1575 2575 1630 οῦν
2609 1577 2644 1644 ἠ
2680 1572 2828 1644 λύπη
2882 1571 3030 1628 δοκεῖ
3060 1571 3334 1645 σωτηρίαν
3365 1571 3535 1646 ἔχειν,
3586 1572 3666 1627 δτι
3699 1573 3766 1626 τὸ

2109 1664 2348 1736 πονηρὸν
2420 1663 2624 1736 πράξας
2701 1661 3044 1735 μετενόησεν.
3122 1661 3460 1738 [Αμφότεραι
3521 1658 3578 1716 δὲ
3629 1659 3763 1730 τῶν]

2109 1753 2351 1827 πράξεων
2408 1752 2642 1808 λυποῦσι
2697 1751 2787 1806 τὸν
2840 1750 3147 1823 ἄνθρωπονο
3203 1753 3259 1824 [ἡ
3316 1751 3409 1823 μὲν
3459 1749 3623 1825 λύρη,
3657 1750 3765 1824 ὅτι]

2109 1840 2349 1916 ἀπέτυχε
2379 1845 2479 1906 τῆς
2532 1840 2797 1913 πράξεως,
2847 1843 2880 1909 ἡ
2933 1837 2990 1894 δὲ
3039 1837 3328 1914 ὀξυχολὶα,
3359 1838 3443 1894 ὅτι
3479 1836 3671 1915 ἔπραξε
3700 1840 3765 1894 τὸ

2106 1929 2366 2004 πονηρόν.
2419 1929 2730 2006 Ἀμφότεροι
2778 1928 2870 1982 οῦν
2914 1928 3136 2004 λυπηρά
3185 1927 3298 1982 ἐστι
3348 1932 3429 1999 τῷ
3487 1927 3765 2000 Πνεύματι

2105 2017 2184 2091 τῷ
2235 2019 2388 2093 ἁγίῳ.
2425 2021 2590 2093 Ἀρον
2622 2017 2712 2072 οὖν
2742 2016 2848 2072 ἀπὸ
2881 2022 2977 2072 σοῦ
3005 2018 3104 2086 τὴν
3139 2015 3318 2086 λύπην
3351 2037 3440 2071 και
3476 2017 3552 2089 μὴ
3603 2012 3763 2072 θλίϐε

2106 2109 2168 2162 τὸ
2227 2108 2558 2180 Πνεῦμαθτὸ
2591 2107 2742 2181 ἅγιον
2797 2109 2859 2161 τὸ
2919 2107 2970 2162 ἐν
3030 2105 3113 2161 σοὶ
3171 2110 3485 2174 κατοικοῦν,
3547 2107 3764 2178 μήποτε

2108 2197 2409 2267 ἐντεύξηται
2466 2200 2547 2267 τῷ
2593 2201 2730 2268 Θεῷ,
2781 2194 2870 2250 καὶ
2933 2196 3144 2259 ἀποστῆ
3195 2195 3300 2249 ἀπὸ
3349 2198 3466 2250 σοῦ.
3523 2194 3602 2250 Τὸ
3659 2196 3761 2271 γάρ

2109 2289 2329 2356 Πνεῦμα
2383 2288 2481 2338 τοῦ
2533 2288 2689 2352 Θεοῦ,
2748 2283 2810 2337 τὸ
2861 2279 3015 2346 δοθὲν
3061 2282 3138 2343 είς
3189 2282 3289 2350 τήν
3340 2281 3511 2356 σάρκα
3540 2280 3760 2352 ταύτην,

2110 2373 2289 2442 λύπην
2348 2373 2607 2448 σαρκικήν
2664 2371 2770 2446 οὐχ
2828 2371 3108 2448 ὑποφέρει,
3169 2366 3295 2428 οὖδὶ
3368 2369 3758 2446 στενοχωρίαν.

2109 2464 2266 2533 Λύπη
2326 2461 2430 2538 γὰρ
2488 2465 2522 2530 ἡ
2586 2461 2672 2516 ἐπὶ
2725 2465 2842 2522 τοῖς
2904 2461 3145 2533 πρώτοις
3201 2460 3556 2535 ἁμαρτήμασι
3619 2459 3759 2532 μόνη

2109 2551 2224 2627 ἔχει
2274 2549 2566 2630 ὠφέλειαν,
2626 2549 2712 2604 ἐὰν
2771 2550 2847 2623 μὴ
2900 2547 3064 2603 πάλιν
3113 2550 3454 2625 ἁμαρτήσῃς.
3507 2546 3760 2606 Ἔνδυσαι

2108 2640 2198 2696 οῦν
2233 2642 2333 2709 τήν
2381 2640 2704 2716 ίλαρὸτητα,
2753 2641 2852 2708 τὴν
2885 2640 3115 2693 πάντοτε
3153 2634 3384 2714 ἔχουσαν
3419 2636 3584 2712 χάριν
3617 2639 3760 2712 παρά

2104 2737 2184 2803 τῷ
2215 2735 2330 2803 Θεῷ
2360 2731 2450 2785 καὶ
2508 2725 2901 2804 εὐπρόσδεκτον
2951 2729 3110 2783 οὖσαν
3159 2727 3305 2798 αύτῷ
3357 2727 3446 2782 καὶ
3490 2727 3760 2804 ἐντρύφη-

2106 2843 2196 2876 σον
2226 2821 2276 2875 ἐν
2336 2820 2491 2894 αὐτῇ.
2543 2826 2654 2882 Πᾶς
2702 2819 2802 2894 γὰρ
2852 2818 3043 2892 ἱλαρὸς
3095 2817 3231 2892 ἀνὴρ
3272 2817 3447 2892 ἀγαθὰ
3475 2815 3755 2893 ἐργάζεται

2106 2913 2194 2966 καὶ
2226 2911 2402 2986 ἀγαθά
2430 2915 2618 2989 φρονεῖ
2645 2909 2733 2964 καὶ
2765 2913 3090 2986 καταφρονεῖ
3123 2915 3223 2977 τῆς
3277 2905 3496 2980 ματαίας
3543 2905 3745 2976 λύπης.

2105 3004 2164 3058 Ὀ
2217 2998 2274 3056 δὲ
2332 2999 2579 3072 λυπηρὸς
2630 2997 2770 3074 ἀνὴρ
2817 2999 3050 3053 πάντοτε
3103 2997 3372 3072 ὀργίζεται
3402 2995 3487 3049 καὶ
3518 2993 3753 3066 ἀνομίαν

2108 3089 2382 3164 ἐργάζεται
2437 3090 2512 3162 μὴ
2564 3087 2898 3163 ἐντυγχάνων
2951 3084 3093 3159 μηδὶ
3139 3085 3648 3159 ἐξομολογούμενος
3677 3087 3758 3154 τῷ

2107 3184 2241 3250 Θεῷ.
2303 3183 2537 3234 Πάντοτε
2593 3179 2696 3253 γὰρ
2749 3176 3002 3252 λυπηροῦ
3057 3173 3251 3250 ἀνδρὸς
3298 3177 3333 3244 ἡ
3384 3172 3611 3244 ἔντευξις
3662 3172 3762 3227 οὑκ

342 3267 495 3323 valet
525 3243 607 3323 ad.
630 3243 814 3324 altare
846 3269 969 3335 Dei,
1002 3271 1142 3341 quia
1184 3243 1424 3326 tristitia
1470 3243 1688 3326 insidet
1733 3272 1792 3326 in
1824 3272 1996 3328 corde

2107 3268 2222 3344 ἔχει
2257 3266 2486 3341 δύναμιν
2535 3272 2632 3322 τοῦ
2683 3261 2946 3336 ἀναϐῆναι
3001 3265 3087 3320 ἐπὶ
3131 3265 3195 3319 τὸ
3227 3265 3612 3338 θυσιαστήριον
3666 3263 3762 3316 τοῦ

341 3355 551 3427 ipsius.
607 3357 872 3413 Tristitia
920 3375 1056 3430 ergo
1113 3360 1416 3414 mundana
1466 3361 1786 3430 precationi
1836 3377 1994 3416 com-

341 3444 536 3514 mista,
572 3462 685 3501 non
718 3446 860 3502 sinit
893 3448 1285 3518 precationem
1329 3450 1644 3505 ascendere
1675 3467 1884 3520 puram
1916 3451 1987 3505 ad

342 3533 545 3589 altare.
598 3536 1102 3600 Quemadmodum
1157 3538 1311 3592 enim
1381 3543 1613 3593 acetum
1681 3545 1736 3594 et
1787 3540 1986 3594 vinum

340 3622 625 3694 permista
675 3641 789 3680 non
839 3626 1045 3680 eadem
1106 3627 1301 3680 ferunt
1368 3627 1537 3682 ambo
1605 3627 1990 3700 voluptatem,

2105 3364 2258 3415 Θεοῦ·
2293 3356 2375 3413 ὅτι
2408 3361 2442 3427 ἡ
2477 3357 2626 3426 λύπη
2687 3356 2977 3431 ἐγκάθηται
3024 3353 3100 3416 είς
3149 3355 3250 3422 τήν
3306 3349 3527 3428 καρδίαν
3577 3351 3762 3406 αὐτοῦ.

2105 3447 2434 3522 Μεμιγμένη
2497 3447 2588 3500 οὖν
2644 3448 2679 3514 ἡ
2730 3445 2900 3514 λύπη’
2950 3445 2985 3514 ἡ
3017 3445 3256 3516 κοσμική
3295 3441 3427 3515 μετὰ
3453 3444 3554 3505 τῆς
3583 3439 3761 3495 ἐντεύ-

2100 3541 2230 3610 ξεως
2281 3537 2381 3591 οὐκ
2431 3535 2620 3613 ἀφίησι
2677 3536 2775 3602 τὴν
2829 3530 3055 3604 ἔντευξιν
3087 3527 3348 3601 ἀναϐῆναι
3381 3530 3616 3605 καθαρὰν
3679 3529 3760 3591 είς

2101 3628 2162 3682 τὸ
2195 3628 2598 3701 θυσιαστήριον.
2660 3628 2864 3699 “Ὠσπερ
2924 3624 3028 3699 γάρ
3072 3617 3191 3693 ὄξος
3236 3621 3329 3676 καὶ
3377 3623 3524 3683 οἶνος
3587 3640 3760 3692 μεμι-

340 3711 425 3766 sic
456 3711 697 3767 tristitia
726 3729 859 3768 cum
882 3715 1102 3786 Spiritu
1136 3721 1340 3770 sancto
1373 3715 1688 3786 mista,non
1723 3719 1990 3773 eamdem

2107 3717 2272 3792 γμένα
2298 3717 2414 3788 (71)
2445 3715 2544 3782 τὴν
2578 3713 2747 3782 αὐτὴν
2779 3710 2982 3782 ἡδονὴν
3035 3712 3134 3767 οὐκ
3183 3706 3429 3786 ἔχουσιν,
3478 3708 3622 3764 οὕτω
3668 3707 3760 3763 καὶ

339 3800 558 3855 emittit
589 3801 933 3858 orationem.
971 3804 1157 3875 Purga
1185 3803 1366 3876 igitur
1395 3809 1450 3859 te
1478 3805 1601 3876 ipse
1633 3824 1667 3862 ο,
1698 3824 1871 3878 prava
1894 3807 1995 3863 illa

337 3889 604 3958 tristitia,
638 3897 694 3946 et
728 3892 884 3946 vives
916 3892 1032 3948 Deo
1063 3891 1123 3946 in
1156 3892 1391 3950 saecula.
1423 3897 1630 3950 Amen.

2104 3805 2251 3874 λύπη
2333 3803 2641 3878 μεμιγμένη
2711 3803 2846 3875 μετά
2909 3805 3008 3855 τοῦ
3075 3799 3230 3876 ἁγίου
3287 3800 3602 3871 ΙΙνεύματος
3656 3798 3754 3865 τὴν

2105 3895 2270 3962 αὐτὴν
2337 3891 2566 3962 ἔντευξιν
2646 3890 2771 3967 [οὐκ
2839 3889 2998 3966 ἔχει]·
3071 3888 3364 3964 Καθάρισον
3420 3887 3511 3942 οὖν
3572 3885 3762 3942 ἑαυτὸν

345 3977 450 4031 ἀπὸ
481 3985 582 4046 τῆς
612 3978 794 4049 λύπης
827 3981 1071 4056 πονηρὰς
1101 3979 1325 4052 ταύτης,
1353 3983 1442 4036 καὶ
1480 3985 1615 4057 ζήσῃ
1647 3985 1726 4038 τῶ
1757 3989 1871 4057 Θεῷ
1903 3985 1977 4047 εἷς
2005 3984 2131 4047 τοὺς
2164 3984 2382 4045 αἶ’ὦνας.
2416 3983 2618 4055 Ἀμήν.

984 4143 1376 4199 Duodecimum
1397 4157 1750 4218 preceptum,
1780 4149 1946 4204 Deum
1980 4149 2190 4215 timere,
2223 4146 2503 4202 diabolum
2532 4161 2643 4201 non
2671 4145 2866 4199 timere
2894 4145 3118 4213 oportet.

415 4267 500 4322 12.
534 4271 855 4340 Postquam
907 4273 1102 4326 autem
1156 4277 1482 4338 oraverant,
1529 4274 1610 4328 ait
1658 4273 1743 4328 illi
1778 4276 1996 4345 episco-

2186 4273 2271 4328 12.
2304 4271 2403 4325 Καὶ
2465 4269 2768 4342 εὐξαμένων
2826 4266 3029 4336 αὐτῶν,
3079 4264 3222 4342 λέγει
3272 4263 3418 4336 αὐτῷ
3465 4265 3494 4318 6
3543 4262 3760 4317 ἐπίσκο-

345 4373 455 4428 pus
493 4373 503 4412 :
537 4359 764 4413 Atlente
803 4361 1120 4431 perpende,
1152 4365 1209 4416 et
1239 4377 1307 4415 ex
1338 4366 1457 4416 toto
1513 4364 1687 4419 corde
1716 4368 1817 4419 tuo
1849 4380 1989 4419 con-

343 4451 566 4503 vertere
595 4449 666 4503 ad
699 4447 1038 4518 Dominum,
1075 4465 1178 4504 nec
1207 4450 1508 4506 diabolum
1543 4453 1999 4523 reformides,vis

346 4536 566 4608 quippe
597 4537 757 4592 nulla
788 4538 847 4592 in
888 4555 951 4593 eo
986 4544 1075 4594 est
1104 4539 1382 4594 adversus
1435 4556 1631 4596 servos
1682 4542 1777 4597 Dei
1813 4559 1825 4596 :
1860 4558 1997 4598 nam

345 4625 500 4680 Deus
520 4631 609 4681 est
627 4627 725 4697 qui
745 4627 844 4681 dat
859 4628 1469 4684 victoriam.Diabolus
1485 4634 1764 4685 terrorem
1794 4647 1998 4701 quem-

347 4714 482 4769 dam
516 4714 708 4770 solum
742 4715 1048 4786 imprimit,
1083 4718 1183 4771 sed
1217 4722 1404 4772 terror
1450 4717 1550 4772 ille
1596 4718 1742 4773 nihil
1782 4720 1996 4774 virium

344 4803 538 4858 habet.
573 4803 654 4858 Ne
680 4804 960 4860 formides
990 4804 1190 4876 itaque
1218 4805 1410 4872 illum,
1443 4812 1500 4862 et
1530 4823 1562 4862 a
1588 4812 1643 4862 te
1676 4808 1998 4880 fugiet.Neo

343 4893 534 4949 minas
569 4892 729 4948 illius
757 4895 1153 4965 pertimescas.
1191 4895 1432 4951 Perinde
1463 4897 1620 4952 enim
1661 4896 1998 4954 imbecillus

344 4987 434 5038 est
463 4987 528 5037 ut
574 4984 733 5038 nervi
787 4985 1088 5039 cadaveris
1158 4984 1272 5040 Nec
1321 4990 1514 5057 potest
1561 4987 1855 5042 dominari
1899 4988 1996 5044 Dei

344 5073 549 5140 servis,
583 5073 682 5144 qui
717 5090 785 5129 ex
818 5077 941 5128 toto
975 5074 1147 5128 corde
1179 5090 1288 5129 suo
1319 5079 1558 5146 sperant
1587 5075 1643 5130 in
1677 5075 1866 5130 illum.
1889 5077 1995 5132 Pu-

341 5178 522 5234 gnare
552 5162 820 5218 diabolus
854 5161 1023 5228 valet,
1057 5178 1396 5235 oppugnare
1430 5180 1543 5218 non
1596 5164 1766 5220 valet.
1803 5165 1861 5219 Si
1894 5167 1996 5220 ob-

342 5251 562 5307 stiteris
594 5251 697 5317 illi,
733 5257 1045 5323 superatus
1079 5251 1261 5320 fugiet
1287 5269 1319 5306 a
1343 5257 1401 5307 te
1427 5269 1554 5307 cum
1581 5254 1998 5323 pudore.Time

340 5342 539 5412 potius
571 5341 904 5404 Dominum,
940 5339 1039 5411 qui
1071 5345 1261 5412 potest
1292 5341 1519 5396 salvum
1556 5344 1742 5398 faccre
1778 5346 1834 5398 et
1865 5359 1996 5414 per-

342 5429 496 5484 dere.
529 5429 612 5484 No
643 5429 988 5486 reformides
1023 5429 1112 5485 vel
1144 5429 1352 5486 timeas
1385 5435 1633 5487 mortem
1667 5449 1793 5504 quae
1841 5432 1998 5488 ﬂuxa

557 5643 765 5719 Yulgo,
800 5639 919 5715 ὄξος
955 5642 1086 5716 οἷ’νῳ
1121 5644 1482 5719 μεμιγμένον.
1514 5645 1722 5719 NQLTE.

2103 4378 2215 4420 αος·
2248 4358 2420 4419 Βλέπε
2477 4361 2729 4433 στερεῶς,
2787 4356 2877 4410 γαὶ
2938 4355 2989 4426 ἐξ
3047 4352 3185 4422 ὅλης
3234 4359 3334 4422 τῆς
3382 4348 3608 4424 καρδίας
3667 4371 3763 4406 σου

2111 4448 2394 4525 ἐπίστρεφε
2469 4447 2604 4522 πρὸς
2680 4446 2876 4522 Κύριον
2952 4446 3094 4515 (72)⁶
3178 4441 3267 4496 καὶ
3351 4441 3428 4514 μὴ
3514 4435 3763 4519 φοϐηθῇς

2109 4538 2201 4592 τὸν
2262 4531 2542 4591 διάϐολονο
2603 4532 2831 4608 δύναμις
2889 4535 2989 4610 γὰρ
3049 4532 3102 4587 ἐν
3153 4529 3300 4603 αύτῷ
3351 4529 3449 4586 ούκ
3486 4528 3596 4585 ἔστι
3627 4528 3764 4584 κατά

2108 4631 2216 4682 τῶν
2250 4623 2464 4680 δούλων
2494 4629 2591 4679 τοῦ
2619 4629 2774 4681 Θεοῦ.
2808 4625 2869 4680 Ὁ
2899 4623 3026 4684 Θεὸς
3075 4621 3178 4696 γάρ
3228 4619 3367 4674 ἐστιν
3415 4620 3442 4673 6
3499 4617 3757 4694 παρέχων

2107 4716 2206 4784 τήν
2238 4714 2415 4783 νίκην.
2440 4715 2501 4771 Ὀ
2531 4708 2791 4776 διάϐολος
2825 4713 2989 4785 μόνον
3023 4704 3191 4788 φόϐον
3226 4706 3364 4784 ἔχει’
3399 4709 3427 4762 6
3479 4704 3537 4761 δὲ
3587 4703 3758 4786 φόϐος

2111 4804 2276 4860 αὐτοῦ
2331 4803 2523 4865 τόνους
2579 4802 2678 4858 οὐκ
2725 4801 2865 4878 ἔχει.
2917 4801 3005 4868 Μὴ
3056 4793 3305 4877 φοϐηθῇς
3336 4795 3426 4852 οὗν
3462 4796 3646 4867 αὐτὸν,
3673 4795 3763 4852 καὶ

2111 4895 2354 4972 φεύξεται
2389 4894 2493 4948 ἀπὸ
2526 4897 2644 4964 σοῦ,
2681 4889 2821 4966 μηδὲ
2847 4895 2948 4959 τὴν
2977 4887 3212 4956 ἀπειλὴν
3245 4890 3410 4942 αὐτοῦ
3461 4883 3761 4960 δειλιάσῃς.

2110 4987 2336 5046 ’Ἀτονος
2396 4983 2499 5058 γὰρ
2559 4982 2635 5044 ὡς
2692 4984 2886 5056 νεκροῦ
2941 4982 3121 5054 νεῦρα.
3166 4975 3240 5032 Ού
3289 4973 3508 5031 δύναται
3538 4975 3639 5052 γὰρ
3669 4995 3764 5030 κα-

2107 5072 2513 5129 ταδυναστεύειν
2566 5075 2674 5126 τῶν
2737 5068 2949 5125 δούλων
3006 5072 3104 5123 τοῦ
3162 5066 3297 5122 Θεοῦ
3353 5070 3462 5120 τῶν
3520 5063 3572 5136 ἐξ
3629 5061 3766 5133 ὃλης

2108 5160 2332 5238 καρδίας
2391 5159 2719 5228 ἐλπιζόντων
2774 5157 2857 5214 ἐπ’
2915 5156 3094 5213 αὐτόν.
3149 5155 3376 5210 Δύναται
3429 5153 3520 5208 οὖν
3560 5155 3588 5207 ὁ
3648 5150 3768 5206 διά-

2110 5248 2278 5313 ϐολος
2341 5248 2627 5321 παλαῖσαι,
2685 5246 3084 5304 καταπαλαῖσαι
3137 5243 3195 5300 δὲ
3247 5243 3309 5298 οὐ
3361 5241 3600 5298 δύναται·
3642 5241 3764 5296 Ἐὰν

2111 5341 2201 5396 οῦν
2233 5342 2485 5412 ἀντιστῇς
2547 5338 2725 5408 αὐτὸν,
2775 5335 3015 5407 νικηθεὶς
3067 5333 3309 5412 φεύξεται
3355 5331 3462 5386 ἀπὸ
3492 5335 3588 5386 σοῦ
3645 5351 3770 5385 κατ-

2107 5429 2489 5505 ῃσχυμμένος.
2523 5426 2752 5486 Μᾶλλον
2787 5421 3059 5504 φοϐήθητι
3089 5424 3180 5478 τὸν
3239 5421 3433 5497 Κύριον
3471 5421 3564 5475 τὸν
3613 5417 3767 5475 δυνά-

415 5716 529 5787 (72)
557 5716 691 5773 Haec
720 5721 956 5775 exstant
985 5720 1098 5774 sub
1125 5716 1309 5796 ﬁnem
1340 5718 1669 5774 duodecimi
1706 5719 1924 5776 Hermae
1951 5719 2233 5792 mandati,
2267 5718 2368 5776 sed
2401 5717 2772 5790 aliquantum
2802 5716 3052 5773 diversa.
