4132 6360
301 394 432 454 5'73

1324 397 1720 457 DOCTRINA
1763 397 1865 454 AD
1911 395 2373 457 ANTIOCHUM
2426 393 2717 456 DI’CEM.

3611 386 3733 445 574

313 545 474 597 μενον
547 529 719 579 σῶσαι
796 524 887 579 καὶ
963 521 1248 580 ἀπολέσαι.
1313 527 1406 595 Μὴ
1472 524 1772 599 δειλιάσῃς,
1833 522 1961 597 μηδέ

2087 531 2195 581 est.
2229 527 2339 582 Sed
2368 528 2510 581 time
2539 530 2862 597 peccatum,
2895 522 3050 595 quod
3078 538 3147 577 ex
3174 519 3477 575 voluntate
3525 522 3581 573 et
3610 515 3733 572 ele-

309 608 568 691 φοϐηθῇς
638 614 731 667 τὸν
789 613 1035 683 θάνατον,
1097 615 1331 689 φθαρτὸς
1406 617 1503 690 γάρ
1583 614 1768 669 ἐστιν’
1832 612 1975 669 ἀλλά

310 700 489 781 φοϐοῦ
521 705 621 773 τήν
671 703 964 780 ἁμαρτίαν,
997 707 1353 779 προαιρετική
1403 707 1505 779 γάρ
1558 705 1688 761 ἐστι.
1723 703 1974 759 Φύλασσε

310 793 534 847 σεαυτὸν
570 792 676 847 ἀπὸ
706 797 816 847 τῶν
878 792 1074 866 τρίτων
1142 792 1323 865 μελῶν
1382 798 1478 847 τοῦ
1538 792 1789 864 σώματός
1856 813 1970 862 σου,

315 880 630 959 ὀφθαλμοῦ,
692 882 964 954 πόματος
1025 881 1113 934 καὶ
1171 882 1340 951 ἀκοῆς
1378 901 1389 912 ·
1456 884 1671 955 μήποτε
1723 879 1812 935 διὰ
1867 886 1976 935 τῶν

316 970 618 1047 ὀφθαλμῶν
686 992 781 1023 σου
837 973 1116 1044 φθονερῶς
1175 970 1265 1024 καὶ
1324 969 1641 1032 ἀκολάστως
1700 971 1971 1045 προσέχῃς

312 1061 444 1128 τινὶ,
475 1060 564 1114 καὶ
593 1057 682 1114 διὰ
710 1061 984 1133 στόματος
1014 1065 1111 1114 τοῦ
1165 1063 1240 1133 μή
1285 1059 1471 1115 λαλεῖν
1502 1083 1633 1116 ποτε
1662 1061 1971 1138 ἀσύμφορα,

316 1150 402 1204 καὶ
464 1150 629 1218 ἀκοὴν
706 1152 776 1221 τῇ
853 1150 1170 1225 ὑγιαινούσῃ
1229 1148 1571 1222 [διδασκαλίᾳ
1646 1151 1972 1227 ἐπίστρεφε],

326 1240 538 1308 μήποτε
617 1236 877 1312 καταδέξῃ
953 1237 1180 1312 λόγ[ους
1254 1237 1487 1311 ἀσεϐεῖς]
1564 1242 1701 1313 (73),
1762 1242 1974 1311 μήποτε

324 1328 566 1399 ἡττηθῇς
633 1327 902 1389 ἀσυνέτοις
965 1330 1276 1401 λογισμοῖς,
1338 1329 1475 1402 ἀκοῇ
1565 1324 1828 1404 βλαϐερᾷ,
1885 1328 1972 1382 καί

329 1413 655 1489 ἐπιστρέψῃς
716 1417 788 1477 ὡς
844 1417 982 1470 κύων
1040 1416 1128 1469 ἰπὶ
1193 1416 1285 1471 τὸν
1349 1414 1484 1471 ἴδιον
1546 1417 1757 1490 ἐμετόν.
1800 1415 1973 1473 Ἀλλά

328 1498 464 1556 λάϐε
527 1502 738 1575 μᾶλλον
824 1505 896 1566 εἷς
962 1506 1056 1573 τήν
1137 1506 1234 1573 σὴν
1310 1501 1515 1560 ἔννοιαν
1576 1507 1675 1574 τὴν
1736 1505 1973 1580 ἐσχάτην

324 1591 555 1663 ἡμέραν.
589 1592 664 1649 Οὐ
708 1593 806 1667 γὰρ
858 1593 1021 1665 μόνος
1067 1594 1158 1648 τὸν
1202 1593 1372 1648 αἰῶνα
1407 1596 1648 1669 βιώσεις,
1678 1594 1824 1649 ἀλλὰ
1869 1596 1968 1663 τήν

318 1679 442 1732 τότε
502 1681 771 1751 μνήσθητι
850 1683 1089 1757 συνοχὴν
1148 1683 1237 1736 καὶ
1303 1684 1537 1758 πνιγμὸν
1589 1684 1678 1737 καὶ
1740 1685 1969 1746 θανάτου

318 1766 461 1842 ὥραν
520 1768 607 1822 καί
657 1769 927 1847 ἀπόφασιν
988 1776 1122 1826 Θεοῦ
1178 1771 1597 1847 κατεπείγουσαν
1658 1771 1747 1826 καὶ
1806 1773 1969 1848 ἀγγέ-

314 1854 445 1917 λους
481 1854 899 1921 ἐπισπεύδοντας
951 1860 1042 1914 καὶ
1094 1862 1279 1935 ψυχὴν
1342 1860 1393 1915 ἐν
1451 1862 1667 1922 τούτοις
1701 1856 1967 1934 θορυϐου-
2002 1902 2048 1966 Β

366 1945 375 1966 .
597 1946 612 1966 κ
674 1950 697 1963 ρ.
863 1953 889 1963 ..
1112 1948 1165 1966 εκ,
1412 1954 1437 1964 η
1849 1949 1859 1966 ι

317 1945 479 2016 μένην
524 1946 613 2000 καὶ
665 1950 778 2020 ἅμα
824 1953 905 2021 τῷ
958 1948 1221 2005 συνειδότι
1271 1954 1479 2026 πικρῶς
1534 1949 1965 2024 μαστιγουμένην

310 2034 403 2087 καὶ
454 2035 585 2108 πρὸς
637 2035 703 2090 τά
754 2035 860 2092 ὧδε
909 2036 1160 2101 ἐλεεινῶς
1209 2038 1650 2116 ἐπιστρέφουσαν.
1716 2039 1813 2095 Καὶ
1870 2040 1968 2107 τήν

308 2123 682 2197 ἀπαραίτητον
714 2132 814 2194 τῆς
849 2133 1058 2201 μακρᾶς
1091 2126 1299 2197 ἐκείνης
1360 2126 1671 2200 ἀποδημίας
1732 2128 1965 2203 ἀνάγκην

308 2208 612 2287 διάγραψόν
649 2235 742 2285 μοι
772 2219 841 2287 τῇ
876 2213 1107 2287 διανοίᾳ,
1137 2217 1235 2284 τήν
1267 2216 1579 2271 τελευταίαν
1630 2222 1727 2271 τοῦ
1784 2222 1967 2271 κοινοῦ

312 2300 437 2375 βίου
468 2304 871 2377 καταστροφήν,
907 2300 1031 2358 ὅταν
1066 2303 1195 2377 ἔλθῃ
1226 2306 1253 2359 ὁ
1286 2305 1407 2365 Υἱὸς
1444 2310 1543 2359 τοῦ
1597 2310 1731 2359 Θεοῦ
1786 2306 1837 2359 ἐν
1895 2309 1963 2379 τῇ

310 2388 439 2464 δόξῃ
491 2390 655 2446 αὐτοῦ
717 2394 849 2464 μετά
900 2394 1007 2447 τῶν
1067 2393 1310 2469 ἀγγέλων
1373 2394 1536 2449 αὐτοῦ
1606 2399 1711 2448 τῶν
1774 2394 1960 2470 ἁγίων.

309 2483 461 2551 ’Ήξει
518 2482 618 2557 γὰρ
671 2484 760 2537 καὶ
842 2483 904 2538 ού
982 2488 1502 2560 παρασιωπήσεται,
1563 2486 1685 2540 ὅταν
1746 2482 1877 2559 ἔλθῃ
1933 2486 1961 2540 ὁ

311 2571 508 2645 Κύριος
565 2577 743 2646 κρῖναι
824 2578 1023 2642 ζῶντας
1092 2574 1181 2628 καὶ
1240 2574 1464 2650 νεκροὺς
1522 2576 1611 2629 καὶ
1666 2572 1960 2629 ἀποδοῦναι

311 2661 519 2732 ἑκάστῳ
549 2661 688 2715 κατά
726 2662 791 2715 τά
845 2658 974 2738 ἔργα
1023 2663 1205 2717 αὐτοῦ.
1244 2666 1525 2734 Μνήσθητι
1585 2665 1674 2718 τὸν
1730 2664 1957 2735 πύρινον

308 2750 577 2821 ποταμὸν,
627 2751 717 2804 τὸν
794 2750 1055 2821 σκώληκα
1110 2754 1199 2807 τὸν
1262 2752 1583 2825 ἀκοίμητον,
1640 2754 1732 2807 τὸν
1791 2750 1959 2807 δεινὸν

309 2835 466 2908 ᾃδην,
498 2840 561 2893 τὸ
594 2838 784 2900 σκότος
835 2840 899 2895 τὸ
939 2839 1219 2917 ἐξώτερον,
1250 2844 1339 2897 τὸν
1400 2844 1592 2917 πικρὸν
1652 2840 1956 2916 κλαυθμὸν,

300 2927 394 2981 τὸν
459 2928 707 3003 βρυγμὸν
758 2927 864 2983 τῶν
926 2927 1184 3001 ὀδόντων,
1238 2934 1335 3000 τὴν
1392 2927 1645 2986 ἄσϐεστον
1702 2933 1954 3005 κάμινον,

305 3016 483 3072 Πάντα
535 3018 638 3092 γάρ
712 3018 895 3092 γυμνά
977 3019 1065 3073 καὶ
1148 3020 1622 3097 τετραχηλισμένα
1677 3024 1955 3096 παραστή-

307 3124 471 3159 σεται·
517 3106 641 3160 ὅταν
777 3106 1010 3183 σάλπιγξ
1069 3108 1243 3180 ἐκείνη
1300 3111 1434 3187 μέγα
1474 3132 1525 3165 τι
1578 3111 1668 3165 καὶ
1725 3107 1953 3188 φοϐερὸν

307 3195 566 3269 ἠχήσασα
630 3196 760 3257 τοὺς
821 3197 910 3250 ἀπ’
970 3197 1161 3260 αἰῶνος
1194 3199 1243 3271 ἐξ
1282 3243 1294 3256 .
1326 3242 1340 3255 .
1384 3244 1395 3256 .
1430 3244 1442 3256 .
1483 3242 1494 3254 .
1532 3243 1543 3255 .
1576 3198 1954 3269 καθεύδοντας,

306 3308 336 3336 ‹‹
394 3284 483 3338 καὶ
561 3283 979 3360 ἐκπορεύσονται
1042 3288 1092 3341 οἱ
1148 3290 1218 3342 τὰ
1275 3290 1449 3363 ἀγαθά
1521 3290 1813 3363 πράξαντες
1882 3290 1957 3353 εἷς
1991 3274 2033 3342 C

306 3371 589 3428 ἀνάστασιν
648 3379 834 3444 ζωῆς·
897 3377 947 3429 οἱ
1021 3373 1077 3430 δὲ
1132 3378 1198 3431 τά
1273 3377 1451 3455 φαῦλα
1521 3380 1811 3453 πράξαντες
1887 3379 1962 3441 εἷς

306 3463 591 3517 ἀνάστασιν
643 3463 919 3536 κρίσεως·
984 3490 1005 3515 ι
1080 3468 1368 3537 Μνήσθητι
1436 3471 1534 3531 τῆς
1607 3472 1703 3522 τοῦ
1755 3468 1960 3538 Δανιὴλ

307 3550 591 3619 ὀπτασίας,
625 3556 742 3612 πῶς
774 3553 856 3606 ἐπ’
886 3548 1068 3626 ὄψεσιν
1105 3556 1217 3630 ἄγει
1248 3556 1347 3624 τὴν
1404 3555 1602 3627 κρίσιν,
1635 3555 1740 3625 ὅτι,
1775 3558 1959 3635 φησὶν,

311 3663 338 3687 «
388 3643 533 3701 Ἕως
594 3640 659 3695 οὗ
715 3636 901 3716 θρόνοι
958 3641 1234 3713 ἐτέθησαν,
1294 3644 1383 3698 καὶ
1443 3643 1681 3707 Παλαιὸς
1735 3648 1961 3721 ἡμερῶν

299 3726 531 3797 ἐκάθισε,
563 3728 655 3783 καὶ
714 3731 775 3783 τὸ
835 3726 1041 3803 ἔνδυμα
1088 3731 1253 3786 αὐτοῦ
1312 3731 1505 3787 λευκὸν
1563 3734 1638 3795 ὡς
1673 3736 1837 3808 χιὼν,
1871 3744 1962 3796 καὶ

302 3818 338 3884 ἡ
392 3818 507 3892 θρὶξ
563 3824 668 3887 τῆς
725 3818 970 3897 κεφαλῆς
1023 3820 1188 3874 αὐτοῦ
1245 3822 1319 3883 ὡς
1379 3821 1521 3898 ἔριον
1582 3824 1839 3895 καθαρόν.
1900 3826 1961 3881 Ὁ

306 3904 491 3975 θρόνος
526 3906 691 3961 αὐτοῦ
723 3907 796 3968 ὡς
854 3906 989 3985 φλὸξ
1049 3910 1241 3983 πυρός·
1277 3911 1329 3964 οἱ
1385 3931 1583 3985 τροχοι
1642 3910 1805 3968 αὐτοῦ
1854 3919 1960 3988 πῦρ

304 3991 500 4070 φλέγον
538 4016 549 4027 ’
608 3998 857 4069 ποταμὸς
914 3999 1084 4073 πυρὸς
1158 3998 1335 4053 εἷλκεν
1410 3997 1712 4075 ἔμπροσθεν
1772 4001 1958 4059 αὐτοῦ.

299 4081 493 4137 Χίλιαι
527 4082 774 4158 χιλιάδες
808 4084 1188 4161 ἐλειτούργουν
1249 4087 1395 4160 αὐτῷ
1452 4090 1540 4142 καὶ
1605 4089 1794 4164 μύριαι
1855 4114 1961 4165 μυ-

300 4169 489 4246 ριάδες
523 4177 964 4249 παρειστήκεισαν
1024 4176 1193 4248 αὐτῷ.
1251 4179 1542 4253 Κριτήριον
1601 4177 1814 4233 ἐκάθισε
1868 4181 1955 4236 καὶ

302 4256 491 4336 βίϐλοι
526 4263 902 4339 ἠνεῴχθησαν.
940 4288 966 4316 ››
997 4264 1071 4319 Τὰ
1100 4265 1376 4341 ἀγαθὰ,τά
1406 4264 1605 4345 φαῦλα,
1636 4269 1703 4322 τὰ
1734 4271 1953 4346 φανερὰ,

291 4352 359 4405 τά
407 4354 778 4426 κεκρυμμένα,
812 4356 879 4408 τά
923 4354 1239 4431 πράγματα,
1290 4357 1357 4410 τὰ
1392 4356 1633 4431 ῥήματα,
1680 4358 1748 4412 τά
1805 4357 1954 4413 ἐνθυ-

292 4441 547 4513 μήματα,
583 4441 781 4506 εὐθέως
843 4441 932 4498 οῦν
991 4444 1067 4505 είς
1131 4444 1444 4517 ἐξάκουστον
1503 4452 1622 4508 τοῖς
1680 4448 1952 4516 πᾶσι,καὶ

288 4528 548 4605 ἀγγέλοις
604 4530 695 4584 καὶ
755 4532 1061 4609 ἀνθρώποις
1121 4539 1304 4611 σαφῶς
1364 4534 1718 4609 ἀνακαλύψει.
1776 4537 1952 4593 Πάντα

2083 615 2272 671 ctione
2303 615 2734 687 procedit.Cave
2753 614 2853 667 tibi
2888 630 2921 666 a
2941 611 3128 665 tribus
3155 609 3410 680 corporis
3432 608 3519 662 tui
3542 622 3729 661 mem-

2084 705 2227 772 bris,
2262 705 2449 772 oculo,
2485 722 2602 770 ore,
2639 705 2863 759 auditu.
2899 703 2980 756 Ne
3010 702 3155 755 forte
3186 698 3438 768 aliquem
3470 701 3650 750 torv1s
3673 697 3731 748 et

2086 795 2299 849 invidis
2330 795 2513 850 oculis
2548 794 2849 865 respicias,
2884 797 2940 845 et
2978 807 3075 845 ore
3106 789 3371 860 quaedam
3406 784 3578 839 noxia
3600 800 3729 855 pro-

2086 884 2235 938 feras
2264 902 2275 950 ;
2311 885 2576 938 auditum
2604 899 2736 939 vero
2769 898 2921 936 sanae
2974 878 3106 934 tidei
3138 878 3407 933 adhibeto
3458 879 3686 928 tantum
3715 890 3728 940 ;

2086 989 2158 1027 ne
2191 974 2334 1027 forte
2383 989 2721 1043 perversum
2778 985 3108 1024 sermonem
3169 967 3465 1033 admittas,
3526 962 3613 1016 vel
3668 979 3736 1016 ex

2086 1063 2255 1117 noxio
2286 1062 2486 1116 auditu
2548 1061 2618 1115 ab
2652 1057 3126 1130 imprudentibus
3158 1052 3610 1126 cogitationibus
3638 1068 3735 1105 su-

2084 1151 2304 1224 pereris
2338 1152 2468 1222 (7/1),
2503 1157 2560 1205 et
2591 1155 2879 1204 revertare
2922 1147 3079 1201 velut.
3108 1145 3267 1200 canis
3326 1144 3395 1197 ad
3451 1140 3735 1195 vomitum

2082 1245 2271 1295 tuum.
2306 1242 2414 1295 Sed
2450 1240 2643 1311 potius
2676 1238 3058 1293 novissimam
3118 1234 3274 1289 diem
3336 1230 3486 1288 208
3540 1235 3735 1284 tecum

2084 1336 2307 1401 reputa.
2334 1330 2531 1400 Neque
2561 1330 2718 1382 enim
2740 1332 2800 1381 tu
2835 1328 2995 1381 solus
3019 1326 3076 1378 in
3109 1321 3390 1378 saeculum
3422 1321 3577 1375 vives
3602 1320 3733 1373 :sed

2085 1422 2377 1473 memento
2411 1419 2618 1472 futuras
2650 1416 2809 1471 illius
2851 1412 3262 1471 coarctationis
3306 1405 3735 1465 suﬁ'ocationis-

2083 1524 2216 1579 que,
2252 1507 2403 1562 hora:
2436 1506 2651 1571 obitus,
2678 1504 2939 1573 urgentis
2964 1501 3267 1557 sententiis
3320 1499 3437 1566 Dei,
3498 1495 3732 1569 angelo-

2081 1614 2211 1651 rum
2249 1596 2674 1665 festinantium,
2709 1596 2916 1649 animae
2951 1593 3228 1647 harumce
3271 1604 3461 1643 rerum
3507 1590 3733 1658 specta-

2081 1686 2212 1740 culo
2244 1686 2516 1754 turbatas,
2540 1684 2902 1739 conscientia
2926 1699 3034 1737 sua
3063 1680 3314 1752 graviter
3346 1675 3646 1749 perculsa),
3680 1677 3737 1728 et

2078 1792 2170 1830 res
2198 1775 2375 1845 hujus
2390 1774 2583 1829 saeculi
2600 1772 3012 1828 miserabiliter
3033 1768 3427 1841 respicientis:
3445 1754 3733 1837 atquein-

2079 1863 2507 1933 deprecabilem
2542 1862 2702 1917 illius
2736 1856 3218 1933 peregrinationis
3237 1854 3646 1911 necessitatem
3670 1853 3730 1906 in

2084 1957 2186 2007 tua
2214 1958 2407 2007 mente
2428 1952 2765 2017 describito,
2798 1966 2903 2005 nec
2937 1965 3049 2004 non
3085 1952 3448 2018 postremum
3472 1959 3733 1999 commu-

2084 2041 2176 2095 nis
2197 2041 2503 2095 hominum
2536 2041 2665 2094 vitre
2697 2040 2937 2104 exitum,
2975 2054 3087 2109 quo
3119 2041 3379 2106 tempore
3421 2032 3615 2087 veniet
3642 2030 3734 2088 Fi-

2084 2129 2200 2184 lius
2238 2131 2331 2185 Dei
2364 2130 2421 2185 in
2483 2128 2667 2201 gloria
2694 2146 2800 2185 sua
2831 2145 2963 2183 cum
3025 2126 3247 2198 angelis
3316 2122 3536 2179 sanctis
3584 2121 3729 2176 suis.

2083 2219 2291 2274 Veniet
2320 2236 2575 2290 namque
2602 2224 2660 2273 et
2689 2235 2802 2273 non
2827 2217 3041 2282 silebit,
3084 2232 3217 2270 cum
3258 2212 3481 2267 venerit
3533 2210 3732 2265 Domi-

2083 2326 2195 2363 nus
2220 2310 2484 2379 judicare
2511 2310 2669 2363 vivos
2702 2313 2758 2363 et
2785 2312 3067 2368 mortuos.
3126 2309 3183 2359 et
3230 2304 3368 2357 dare
3413 2300 3732 2370 unicuique

2082 2398 2402 2453 secundum
2437 2414 2612 2468 opera
2643 2414 2767 2452 sua.
2802 2397 3089 2451 Memento
3122 2392 3276 2465 ignei
3308 2391 3731 2457 ﬂuminis,ver-

2084 2488 2199 2542 mis
2221 2486 2321 2558 qui
2355 2504 2655 2558 nunquam
2716 2486 2983 2549 moritur,
3016 2481 3318 2538 horribilis
3374 2480 3606 2545 inferni,
3642 2483 3725 2533 te-

2082 2576 2393 2631 nebrarum
2418 2577 2788 2641 exteriorum,
2824 2575 3017 2629 acerbi
3051 2574 3264 2637 luctus,
3301 2569 3726 2625 stridorisden-

2078 2666 2592 2733 tium,inexstincti
2616 2665 2851 2719 camini.
2872 2662 3247 2717 ()mniaenim
3272 2660 3429 2715 nuda
3459 2665 3515 2713 et
3529 2661 3731 2728 aperta

2078 2756 2530 2821 exhibebuntur,
2557 2772 2689 2809 cum
2724 2757 2867 2809 tuba
2896 2753 2994 2808 illa
3021 2767 3303 2823 magnum
3363 2748 3497 2820 quid
3533 2754 3587 2803 et
3613 2754 3728 2803 ter-

2077 2845 2244 2900 ribile
2265 2861 2589 2917 personans
2618 2843 2892 2899 excitabit
2948 2859 3046 2896 eos
3103 2841 3202 2911 qui
3262 2856 3294 2893 a
3342 2837 3553 2892 szeculo
3595 2837 3728 2892 dor-

2077 2934 2301 2989 miunt:
2342 2956 2369 2983 α
2397 2940 2452 2987 et
2485 2934 2798 3003 procedant
2827 2931 2926 3003 qui
2962 2932 3113 2985 bona
3143 2928 3479 2983 feceruntin
3528 2942 3725 2980 resur-

2072 3024 2388 3078 rectionem
2424 3023 2588 3089 vitze;
2618 3023 2715 3093 qui
2776 3038 2907 3075 vero
2958 3018 3113 3074 mala
3141 3021 3406 3088 egerunt,
3439 3016 3496 3069 in
3530 3030 3729 3069 resur-

2072 3114 2388 3168 rectionem
2414 3112 2623 3183 judicii
2655 3112 2717 3166 "'3.
2746 3133 2772 3159 ››
2809 3110 3095 3165 Memento
3144 3106 3387 3161 visionis
3414 3103 3673 3160 Danielis
3706 3120 3719 3160 :

2072 3219 2187 3273 quo
2221 3208 2387 3274 pacto
2439 3203 2512 3256 ob
2552 3201 2750 3255 oculos
2808 3204 2985 3271 ponat
3025 3198 3354 3269 judicium:
3417 3218 3443 3244 ‹‹
3506 3199 3719 3265 Donec,

2072 3292 2171 3361 ait,
2198 3292 2394 3346 throni
2429 3291 2601 3362 positi
2629 3295 2787 3358 sunt,
2837 3293 2893 3344 et
2921 3287 3208 3357 Antiquus
3257 3285 3485 3340 dierum
3544 3284 3718 3351 sedit,

2072 3387 2129 3436 et
2158 3382 2570 3435 vestimentum
2605 3381 2736 3450 ejus
2767 3378 2964 3433 album
3008 3376 3160 3432 sicut
3195 3374 3311 3442 nix,
3365 3379 3422 3429 et
3470 3373 3720 3446 capillus

2071 3470 2279 3541 capitis
2309 3472 2439 3538 ejus
2469 3470 2631 3539 quasi
2665 3468 2800 3523 lana
2843 3467 3083 3522 munda.
3143 3465 3416 3520 Tbronus
3471 3466 3601 3535 ejus
3659 3468 3724 3519 ut

2072 3559 2312 3614 ﬂamma
2332 3558 2507 3630 ignis,
2567 3563 2703 3611 rota:
2760 3559 2889 3628 ejus
2938 3557 3089 3625 ignis
3139 3571 3420 3609 accensus
3458 3570 3470 3607 :
3507 3553 3723 3608 ﬂuvius

2072 3649 2282 3720 igneus
2302 3649 2520 3703 ﬂuebat
2572 3649 2630 3701 in
2663 3650 2978 3717 conspectu
3037 3646 3185 3713 ejus.
3238 3643 3422 3699 Millia
3469 3641 3722 3697 millium

2073 3738 2491 3793 ministrabant
2519 3739 2590 3800 ei,
2624 3742 2679 3791 et
2710 3737 2899 3791 decies
2931 3734 3143 3789 millies
3188 3734 3336 3788 dena
3370 3731 3555 3787 millia
3576 3730 3724 3787 assi-

2073 3828 2306 3883 stebant
2334 3827 2406 3895 ei,
2452 3826 2744 3896 judicium
2779 3825 2932 3880 sedit
2961 3831 3011 3879 et
3046 3822 3178 3878 libri
3209 3823 3393 3894 aperti
3427 3822 3653 3877 sunt“.
3690 3842 3718 3870 ››

2072 3917 2221 3971 Tum
2258 3918 2427 3981 bona,
2465 3915 2637 3981 mala,
2674 3913 3005 3982 manifesta,
3036 3911 3401 3976 abscondita,
3430 3911 3596 3977 facta,
3632 3910 3717 3965 di-

2073 4011 2183 4072 cta,
2218 4006 2490 4077 cogitata,
2519 4005 2831 4075 derepente
2870 4003 3146 4058 omnibus
3178 4000 3554 4056 audientibus
3585 4015 3719 4053 cum

2072 4094 2295 4166 angelis
2334 4100 2461 4148 tum
2513 4092 2853 4147 horninibus
2913 4092 3104 4162 palam
3155 4089 3450 4145 revelabit.
3510 4088 3720 4145 Omnia

2070 4183 2249 4253 enim,
2284 4184 2367 4237 uti
2400 4198 2580 4253 supra
2604 4183 2741 4250 dixi,
2783 4181 2943 4235 nuda
2974 4186 3031 4234 et
3056 4178 3369 4235 manifesta
3398 4177 3717 4246 exhibebit,

2070 4288 2263 4327 coram
2300 4271 2543 4327 terribili
2577 4269 2878 4325 tribunali.
2902 4268 3046 4323 Vide
3078 4269 3257 4339 igitur
3315 4285 3385 4321 ns
3414 4268 3712 4322 residuum

2066 4360 2494 4431 temporis,quo
2524 4365 2581 4413 te
2611 4362 2837 4429 oportet
2870 4358 3215 4411 immensam
3236 4356 3365 4425 ejus
3389 4356 3717 4409 misericor-

2066 4449 2221 4505 diam
2254 4450 2482 4504 ﬂectere
2526 4454 2582 4503 et
2632 4446 2938 4508 demereri,
2992 4446 3048 4499 in
3102 4446 3351 4500 vanitate
3401 4444 3714 4512 absumas;

2064 4540 2217 4609 quod
2255 4544 2453 4609 postea
2485 4539 2553 4591 ad
2595 4542 2791 4607 portas
2823 4534 2992 4589 inferi
3025 4534 3425 4605 exquisiturus
3456 4538 3512 4587 et
3547 4538 3711 4604 opta-

289 4618 415 4693 γὰρ,
447 4617 523 4680 ὡς
554 4625 843 4695 προεῖπον,
872 4621 1051 4695 γυμνά
1105 4623 1193 4676 καὶ
1249 4622 1727 4698 τετραχηλισμένα
1780 4646 1951 4700 παρα-

2075 4634 2233 4683 turus
2254 4645 2348 4683 es:
2380 4644 2483 4682 nec
2514 4626 2774 4681 invenies
2808 4624 2974 4693 illud,
3012 4624 3163 4696 quod
3185 4624 3241 4677 in
3276 4623 3467 4678 medio
3485 4622 3712 4678 dierum

287 4708 474 4776 στήσει
535 4712 616 4780 τῷ
679 4709 890 4783 βήματι
946 4714 1024 4781 τῷ
1083 4706 1322 4787 φοϐερῷ,
1365 4711 1544 4768 Βλέπε
1599 4710 1793 4767 λοιπὸν
1851 4715 1940 4768 τὸν

288 4794 490 4869 χρόνον
526 4794 582 4851 ἐν
617 4798 664 4869 ᾧ
694 4794 777 4852 δεῖ
809 4819 866 4853 σε
893 4797 1278 4874 καρπώσασθαι
1323 4800 1386 4854 τὸ
1435 4799 1738 4875 ἀμέτρητον
1786 4802 1953 4857 αὐτοῦ

287 4881 467 4957 ἔλεος,
504 4886 582 4957 μή
643 4886 695 4940 ἐν
761 4888 1085 4960 ματαιότητι
1148 4887 1452 4963 ἀναλώσῃς,
1495 4890 1585 4944 καὶ
1644 4890 1696 4945 ἐν
1752 4890 1954 4953 πύλαις

291 4970 428 5043 ’ᾅδου
461 4975 716 5045 ζητήσεις
744 4980 905 5031 τοῦτο
937 4976 1027 5031 καὶ
1059 4976 1168 5053 οὐχ
1198 4978 1444 5054 εὑρήσεις
1504 4979 1533 5033 ὃ
1586 4978 1637 5033 ἐν
1695 4983 1773 5050 τῷ
1832 4979 1953 5053 ὕψει

286 5067 400 5116 τῶν
458 5065 686 5137 ἡμερῶν
747 5086 842 5120 σου
902 5066 1263 5143 προκείμενον
1320 5068 1419 5121 οὐκ
1477 5067 1773 5139 ἠθέλησας.
1808 5072 1955 5138 Μνή-

293 5152 454 5221 σθητι
517 5150 609 5207 οῦν
661 5154 752 5208 καὶ
808 5154 1012 5225 ταύυην
1065 5158 1163 5225 τήν
1220 5158 1447 5233 φρικτήν
1495 5160 1593 5224 τῆς
1653 5157 1953 5232 ἀπολογίας

290 5241 507 5314 ἡμέραν
556 5249 657 5312 τῆς
719 5244 971 5320 κρίσεῶς,
1010 5244 1098 5298 καὶ
1154 5242 1236 5300 ἴδε
1291 5251 1409 5307 πῶς
1473 5245 1698 5318 μέλλεις
1745 5246 1951 5302 ἀπολο-

2055 4722 2291 4772 tuorum
2317 4734 2452 4772 cum
2480 4718 2713 4770 adesset
2772 4714 3071 4784 respuisti,
3134 4713 3457 4768 Recordare
3516 4713 3713 4784 itaque

2063 4805 2421 4860 horrendum
2455 4804 2623 4859 illum
2648 4802 3055 4872 diemjudicii,
3085 4820 3200 4873 quo
3242 4819 3481 4857 causam
3530 4802 3716 4857 dictu-

2062 4912 2164 4951 rus
2183 4912 2266 4962 es,
2300 4912 2415 4966 quo
2448 4899 2616 4966 pacto
2648 4894 2916 4947 dicturus
2948 4892 3106 4947 illam
3130 4909 3192 4947 es
3225 4893 3376 4962 apud
3404 4896 3581 4946 Deum
3614 4892 3712 4963 qui

2060 4987 2117 5038 te
2142 4983 2568 5054 condidit,quia
2590 4982 2715 5053 ipse
2739 4982 2924 5051 judex
2950 4985 3040 5036 est
3068 4981 3331 5034 vivorum
3372 4986 3429 5034 et
3464 4984 3716 5034 mortuo-

2064 5089 2217 5127 rum.
2245 5073 2530 5136 Quoniam
2564 5071 2956 5141 gloriticatum
2978 5075 3067 5126 est
3091 5086 3299 5124 nomen
3324 5068 3505 5123 Patris
3537 5073 3593 5121 et
3625 5068 3714 5122 Fi-

2061 5160 2124 5215 lii
2156 5167 2211 5215 et
2238 5161 2491 5233 Spiritus
2523 5160 2730 5223 sancti,
2765 5160 2918 5214 sicut
2941 5177 2972 5212 a
3005 5159 3289 5230 principio
3322 5158 3400 5211 ita
3459 5162 3515 5210 et
3559 5174 3716 5211 nunc

2064 5256 2121 5305 et
2146 5267 2378 5321 semper
2410 5257 2468 5304 et
2500 5251 2557 5303 in
2582 5249 2793 5304 saecula
2822 5249 3191 5303 saeculorum.
3224 5250 3426 5301 Amen.

291 5334 502 5407 γεῖσθαι
560 5339 643 5406 τῷ
700 5334 965 5390 πλάσαντί
1023 5355 1081 5389 σε
1134 5340 1271 5407 Θεῷ,
1304 5335 1386 5393 ὅτι
1443 5336 1600 5399 αὐτός
1662 5337 1771 5392 ἐστι
1824 5339 2016 5413 κριτὴς
2078 5340 2293 5407 ζώντων
2350 5338 2438 5392 καὶ
2497 5343 2718 5411 νεκρῶν,
2772 5337 2853 5390 ὅτι
2913 5333 3221 5404 δεδόξασται
3275 5334 3337 5389 τὸ
3392 5330 3561 5405 ὄνομα
3618 5336 3714 5386 τοῦ

363 5499 411 5533 ⁷³
443 5499 608 5555 Joan.
640 5516 697 5567 v,
730 5499 820 5552 29.
854 5499 900 5534 7‘
931 5499 1075 5554 Dan.
1108 5514 1229 5570 vni,
1259 5500 1314 5567 9,
1350 5500 1435 5555 10.

348 5668 481 5751 ,(73)
512 5666 952 5751 Supplevimus‘,
1005 5662 1328 5751 διδασκαλία
1383 5666 1686 5748 ἐπίστρεφε.
1721 5670 1866 5729 Coll.
1902 5672 1949 5728 II

292 5733 449 5796 Tiin.
483 5756 561 5811 1v,
591 5733 659 5795 3:
676 5738 888 5811 Vulgo,
922 5733 1106 5815 λογίον
1144 5733 1376 5802 ἀσεϐεῖς.

2136 5670 2249 5741 (74)
2280 5670 2667 5739 Conjectando
2698 5666 2781 5723 sic
2810 5664 3112 5721 vertimus.
