4132 6392
350 399 471 458 57⁸

1528 402 1592 461 S.
1641 398 2165 460 ATHANASIUS.
2190 433 2266 444 —
2289 401 2595 463 SPUBlA.

3656 402 3780 463 5'76

359 529 568 604 Πατρὸς
627 532 716 583 καί
774 535 871 584 τοῦ
929 531 1057 584 Υὶοῦ
1113 531 1201 586 καὶ
1260 535 1355 586 τοῦ
1415 531 1570 606 ἁγίου
1631 530 2066 604 Πνεύματος,ὡς
2121 529 2200 585 ἐπ’
2254 533 2434 608 ἀρχῆς
2481 533 2568 589 καὶ
2615 539 2706 590 νῦν
2755 536 2844 590 καὶ
2892 535 2974 590 ἀεὶ
3024 535 3112 590 καὶ
3144 533 3219 596 εἷς
3249 533 3376 596 τοὺς
3405 533 3606 596 αἰῶνας
3661 537 3773 588 τῶν

356 620 590 676 αἰώνων.
626 621 824 692 Ἀμήν.

428 730 514 783 13.
548 729 862 801 Completis
894 730 1056 786 hisce
1087 731 1394 786 duodecim
1438 731 1761 802 praeceptis,
1786 729 2002 800 episco—
2031 729 2086 796 Α

353 835 465 890 pus
498 817 579 872 ait
606 817 690 872 illi
719 836 730 872 :
769 820 971 874 Incede
999 819 1056 874 in
1089 820 1247 874 hisce
1271 821 1595 892 praeceptis,
1617 824 1674 874 et
1705 819 2006 874 cohortare

354 924 454 964 eos
486 906 585 974 qui
611 905 859 962 audiuut
890 913 952 961 ut
986 908 1259 963 incedant
1286 909 1340 963 in
1377 909 1514 973 illis,
1541 915 1603 964 ut
1637 925 1784 980 pura
1813 907 1889 962 sit
1913 924 2005 962 eo-

356 1012 489 1050 rum
517 996 875 1066 pmnitentia,
915 997 1152 1068 reliquis
1187 998 1395 1052 diebus
1446 999 1574 1051 vita:
1606 1014 1806 1051 eorum
1834 1014 1846 1050 :
1873 1013 2006 1050 con-

359 1085 604 1140 ﬁdentes
633 1101 694 1138 se
726 1101 839 1140 non
875 1087 1046 1141 modo
1079 1087 1481 1141 remissionem
1516 1091 1885 1158 peccatorum
1919 1102 2009 1140 re-

357 1179 652 1244 cepturos,
705 1174 804 1228 sed
837 1177 1010 1228 etiam
1059 1175 1310 1230 cmlestis
1369 1175 1531 1246 regni
1590 1176 2009 1245 haereditatem,

360 1279 537 1334 quam
565 1263 703 1317 faxit
734 1263 884 1317 Deus
915 1269 977 1317 ut
1010 1281 1114 1318 nos
1146 1279 1552 1335 assequamur,
1588 1265 1775 1335 gratia
1820 1269 1875 1318 et
1906 1264 2008 1318 be-

358 1350 644 1423 nignitate
674 1351 903 1406 Domini
938 1353 1117 1407 nostri
1147 1354 1286 1408 Jesu
1321 1353 1558 1420 Christi,
1585 1370 1718 1408 cum
1759 1370 1874 1424 quo
1906 1353 2010 1406 Pa-

356 1440 430 1494 tri
465 1445 520 1495 et
549 1446 750 1496 sancto
781 1441 1123 1514 vivificoque
1143 1443 1402 1513 Spiritui,
1435 1443 1640 1514 gloria,
1666 1443 1870 1508 honor,
1902 1441 2010 1496 im-

360 1528 586 1602 perium
612 1531 667 1584 in
691 1530 901 1585 saecula
927 1531 1296 1587 saeculorum.
1332 1538 1538 1588 Amen.

436 1727 518 1780 14.
556 1726 656 1782 His
687 1726 903 1781 auditis
939 1728 1240 1800 praeceptis
1301 1728 1641 1794 Antiochus,
1674 1729 2012 1799 descriptis-

362 1831 477 1888 que
500 1816 669 1888 quasi
705 1815 760 1870 in
785 1815 930 1871 libro
957 1817 1014 1871 in
1049 1819 1365 1883 cordesuo,
1418 1819 1762 1874 festinanter
1805 1818 1864 1872 in
1901 1833 2014 1874 cce-

364 1905 608 1961 nobium
631 1905 895 1960 concedit
927 1905 1048 1960 haec
1063 1922 1258 1961 secum
1292 1909 1611 1978 reputando
1639 1925 1649 1962 :
1677 1908 1757 1963 Ne
1788 1908 1834 1962 si
1855 1906 2015 1962 solus

362 1995 572 2067 degam
605 1993 869 2058 extollar,
912 1999 969 2049 et
1000 1995 1381 2068 mihimetipsi
1416 2013 1685 2066 noceam,
1734 1998 1803 2051 ad
1855 1997 2017 2052 obse-

2191 733 2276 786 13.
2312 731 2412 787 Καὶ
2473 730 2790 794 συντελέσας
2844 734 2939 794 τὰς
2999 729 3208 786 δώδεκα
3261 730 3456 792 ταύτας
3517 727 3745 792 ἐντολὰς

2115 818 2142 871 ὁ
2187 817 2475 882 ἐπίσκοπος
2535 819 2678 896 λέγει
2737 821 2901 894 αὐτῷ·
2937 821 3178 896 Πορεύου
3235 818 3286 874 ἐν
3344 824 3460 880 ταῖς
3519 815 3771 880 ἐντολαῖς

2117 906 2332 970 ταύταις
2365 910 2452 964 καὶ
2485 908 2785 986 παρακάλει
2818 912 2908 965 καὶ
2938 910 3064 972 τοὺς
3095 910 3389 971 ἀκούοντας
3446 907 3775 982 πορεύεσθαι

2119 996 2172 1051 ἐν
2224 998 2432 1068 αὐταῖς,
2478 997 2568 1054 ’ίνα
2626 1001 2659 1069 ἡ
2727 1000 2979 1073 μετάνοια
3056 999 3230 1054 αὐτῶν
3289 998 3496 1074 καθαρᾶ
3547 998 3774 1072 γένηται

2116 1087 2212 1149 τὰς
2266 1086 2462 1150 λοιπὰς
2507 1089 2718 1165 ἡμέρας
2765 1096 2865 1158 τῆς
2903 1094 3044 1158 ζωῆς
3085 1086 3281 1142 αὐτῶν·
3317 1088 3655 1164 θαρροῦντες,
3689 1086 3777 1142 ὅτι

2121 1175 2412 1250 λήψονται,
2445 1177 2505 1232 ού
2542 1179 2706 1250 μόνον
2748 1176 2943 1255 ἅφησιν
2997 1179 3294 1252 ἁμαρτιῶν,
3329 1175 3474 1232 ἀλλὰ
3527 1175 3615 1230 καὶ
3670 1176 3776 1244 τὴν

2119 1263 2490 1339 κληρονομίαν
2548 1274 2650 1336 τῆς
2711 1265 3033 1341 ἐπουρανίου
3095 1265 3393 1341 βασιλείας,
3435 1267 3502 1334 ἧς
3560 1263 3776 1338 γένοιτο

2119 1354 2324 1417 πάντας
2373 1357 2520 1428 ἡμᾶς
2567 1356 2843 1431 ἐπιτυχεῖν
2895 1357 3081 1432 χάριτι
3133 1355 3221 1410 καὶ
3267 1353 3646 1432 φιλανθρωπίᾳ
3676 1357 3776 1407 τοῦ

2121 1445 2318 1520 Κυρίου
2368 1447 2528 1516 ἡμῶν
2576 1446 2754 1514 Ἰησοῦ
2789 1449 3044 1520 Χριστοῦ,
3081 1452 3193 1518 μεθ’
3245 1444 3306 1499 οὗ
3359 1449 3439 1515 τῷ
3479 1442 3647 1518 Πατρὶ
3681 1442 3774 1496 σὺν

2119 1539 2198 1606 τῷ
2233 1533 2372 1608 ἁγίῳ
2401 1534 2491 1588 καὶ
2525 1538 2782 1606 ζωοποιῷ
2832 1533 3103 1606 Πνεύματι
3166 1531 3312 1604 δόξα,
3359 1533 3520 1606 τιμὴ,
3579 1531 3779 1606 κράτος

2123 1623 2198 1686 είς
2229 1625 2355 1685 τοὺς
2387 1623 2582 1685 αἰῶνας
2610 1628 2717 1679 τῶν
2744 1623 2980 1682 αἰώνων.
3012 1625 3212 1697 Ἀμήν.

2197 1734 2282 1787 14.
2311 1729 2511 1793 Ταύτας
2542 1730 2774 1793 ἀκούσας
2829 1731 2924 1792 τὰς
2979 1729 3200 1792 ἐντολὰς
3261 1731 3290 1785 ὁ
3347 1729 3638 1805 Ἀντίοχος
3683 1729 3777 1783 καὶ

2123 1818 2333 1896 γράψας
2365 1820 2526 1882 αὐτὰς
2558 1819 2644 1874 ἐπὶ
2673 1822 2774 1890 τήν
2805 1817 3029 1895 καρδίαν
3077 1818 3242 1874 αὐτοῦ
3299 1818 3373 1880 ὡς
3432 1817 3484 1873 ἐν
3548 1812 3776 1894 βιϐλίῳ,

2126 1909 2353 1972 σπεύσας
2391 1907 2772 1985 ὀρθοδρόμησε
2814 1913 2894 1981 τῷ
2939 1905 3222 1981 κοινοϐίῳ,
3261 1906 3440 1982 λέγων
3495 1906 3546 1962 ἐν
3580 1907 3774 1979 δαυτῲ⁸

2127 2001 2337 2069 Μήπως
2370 1999 2504 2054 κατὰ
2538 1998 2699 2071 μόνας
2731 1998 2895 2053 οἰκῶν
2930 1998 3132 2072 ὑψωθῶ
3179 1996 3267 2052 καὶ
3323 1995 3519 2071 βλάψω
3570 1995 3778 2050 ὶαυτόν·

361 2084 664 2155 quendum
701 2083 978 2138 fratribus
1012 2101 1105 2138 me
1137 2086 1366 2140 tradam
1395 2103 1407 2140 :
1444 2091 1616 2157 atque
1647 2085 2015 2159 singulorum

2146 2086 2278 2143 ὶλλά
2313 2085 2528 2160 μᾶλλον
2561 2085 2761 2160 δίδωμι
2809 2086 3039 2158 ἐμαυτὸν
3099 2084 3175 2147 είς
3238 2085 3477 2153 ὑπακοὴν
3509 2081 3780 2162 ἀδελφῶνο

359 2171 699 2229 institutum
742 2173 868 2226 vita)
903 2173 1334 2244 contemplatus
1367 2174 1683 2246 studioque
1716 2178 2018 2246 permotus

361 2261 723 2334 proﬁciendi,
758 2279 860 2334 per
888 2263 988 2318 Dei
1021 2264 1271 2336 gratiam
1292 2281 1493 2319 eorum
1528 2265 1801 2319 virtutem
1826 2263 2017 2318 imita-

365 2351 493 2407 bor.
527 2352 687 2416 Quod
725 2353 899 2407 etiam
934 2354 1013 2407 ita
1045 2354 1260 2408 factum
1286 2359 1398 2408 est.
1433 2355 1736 2425 Ingressus
1764 2353 1918 2408 enim
1962 2353 2021 2407 in

368 2439 724 2506 cmnobium,
756 2441 838 2495 ita
864 2458 996 2496 cum
1030 2442 1308 2498 fratribus
1339 2449 1603 2498 versatus
1635 2447 1742 2512 est,
1781 2446 1841 2496 ut
1873 2441 2024 2496 arbi-

366 2533 624 2585 traretur
653 2546 716 2585 se
747 2547 861 2585 non
894 2548 1026 2586 cum
1060 2531 1419 2602 hominibus,
1453 2533 1552 2588 sed
1613 2548 1745 2586 cum
1796 2529 2023 2603 angelis

368 2617 469 2674 Dei
500 2617 680 2673 vitam
715 2635 883 2690 agere
909 2638 922 2689 ;
947 2622 1233 2691 jussaque
1257 2623 1414 2676 omni
1449 2622 1668 2689 studio,
1702 2619 2023 2687 alacritate,

369 2710 426 2762 et
457 2707 672 2779 gaudio
706 2707 1055 2780 compleret:
1093 2727 1158 2764 ac
1193 2710 1350 2766 omni
1411 2711 1586 2774 fastu,
1639 2711 1916 2782 superbia
1970 2714 2027 2764 et

368 2797 811 2851 mundanarum
849 2814 1042 2852 rerum
1080 2801 1364 2853 memoria
1394 2799 1696 2854 eliminata
1725 2814 2024 2854 summam

369 2890 662 2939 exerceret
681 2887 1153 2957 temperantiam,
1181 2887 2024 2953 obedientiam,humilitatem,

372 2972 621 3028 fratrum
655 2977 1426 3044 amorem,taciturnitatem,
1446 2978 1792 3033 charitatem
1815 2995 1828 3040 ;
1849 2975 2027 3032 nihil-

376 3079 490 3134 que
507 3063 665 3117 aliud
685 3063 1068 3136 cogitaret,qu
1081 3084 1170 3121 am
1186 3073 1471 3138 przecepta
1495 3068 1832 3136 monitaque
1845 3065 2030 3122 sancti

374 3151 564 3206 Patris
597 3153 930 3224 etepiscopi
965 3155 1292 3224 Athanasii,
1351 3160 1407 3210 et
1437 3172 1599 3228 spem
1632 3157 1689 3210 in
1730 3155 2028 3211 Christum

376 3239 885 3313 Jesum.Nullique
919 3260 1030 3297 non
1065 3245 1226 3298 fratri
1249 3244 1387 3300 utile
1419 3250 1477 3300 et
1507 3246 1870 3300 fructuosum
1885 3248 2028 3311 erat,

375 3330 532 3400 quod
596 3329 892 3387 hominem
950 3339 1211 3388 cerneret
1236 3334 1374 3389 olim
1417 3334 1473 3388 in
1519 3335 1738 3389 mundo
1769 3335 2029 3399 divitem,

373 3421 925 3493 praeclarum,atque
957 3424 1117 3478 omni
1151 3425 1485 3480 urbanitate
1517 3426 1668 3481 209
1694 3425 2027 3491 educatum,

369 3509 498 3580 jam
531 3525 593 3564 se
624 3525 738 3564 non
774 3516 980 3582 putare
1002 3512 1302 3568 hominem
1323 3529 1450 3570 esse
1484 3513 1734 3569 nobilem
1762 3511 2026 3585 atqueli-

378 3597 587 3652 herum
617 3599 753 3666 ;sed
787 3616 920 3654 cum
969 3601 1127 3656 omni
1160 3602 1378 3658 vilitate
1438 3604 1665 3673 degere.
1727 3603 2031 3673 Deumque

381 3685 659 3742 laudabat
680 3687 781 3758 qui
811 3687 981 3760 plura
1010 3691 1273 3762 impertit
1320 3691 1683 3759 hominibus,
1717 3708 1892 3762 quam
1921 3689 2032 3762 ipsi

385 3779 588 3847 petant
618 3777 702 3831 vel
726 3777 1028 3848 requirant
1057 3779 1130 3835 ab
1157 3796 1244 3835 eo.
1279 3781 1457 3844 Quem
1495 3797 1627 3836 cum
1659 3781 1881 3836 videret
1900 3797 2038 3852 prae-

385 3865 572 3920 fectus
605 3867 966 3934 monasterii,
1001 3873 1086 3923 tot
1115 3873 1354 3941 tamque
1401 3869 1690 3942 praeclaris
1723 3871 1819 3925 Dei
1854 3869 2041 3942 gratia

385 3955 604 4029 pollere
634 3958 838 4030 gestis,
871 3964 1045 4030 atque
1077 3960 1236 4015 nulla
1292 3977 1404 4015 non
1437 3967 1710 4016 ornatum
1770 3978 1898 4018 esse
1930 3961 2041 4015 vir-

387 4049 550 4114 tute;
584 4047 909 4102 secundum
943 4055 1074 4120 post
1105 4050 1432 4119 ingressum
1467 4068 1640 4106 suum
1665 4051 2042 4123 anno,ipsum

390 4135 697 4191 constituit
729 4138 1064 4193 monasterii
1095 4139 1186 4193 sui
1220 4139 1664 4210 apocrisiarium
1692 4160 1705 4209 ;
1743 4145 1807 4196 ut
1861 4141 1919 4195 in
1954 4157 2047 4196 ur-

393 4224 526 4279 bem
565 4241 668 4296 pro
725 4226 982 4297 qualibet
1028 4230 1374 4285 necessitate
1426 4231 1776 4296 concedens,
1835 4247 2050 4302 magna

398 4329 531 4369 cum
567 4314 781 4386 pietate
814 4317 1192 4388 ministraret,
1227 4336 1402 4388 quam
1435 4336 1555 4376 rem
1607 4321 1813 4376 fratres
1845 4334 2050 4375 omnes

399 4406 873 4477 comprobarunt.

466 4605 678 4657 Servus
719 4620 889 4673 porro
927 4604 1020 4658 Dei
1047 4603 1392 4672 Antiochus,
1425 4618 1756 4674 repugnare
1795 4601 2052 4668 nescius,

398 4706 632 4746 summa
661 4706 795 4745 cum
832 4693 1062 4762 pietate,
1097 4697 1161 4746 ut
1209 4693 1280 4746 ab
1322 4692 1510 4758 initio,
1562 4709 1690 4746 eam
1739 4696 2054 4746 exsecutus

398 4782 488 4833 est
515 4779 860 4834 obedientiae
891 4779 1116 4851 legem;
1177 4779 1585 4851 postulataque
1643 4780 1909 4834 omnium
1945 4779 2055 4834 fra-

400 4871 558 4923 trum
613 4867 895 4934 oratione,
947 4869 1004 4924 in
1056 4869 1258 4924 urbem
1298 4869 1606 4937 concessit,
1659 4873 1722 4923 ut
1781 4869 2059 4924 omnibus

406 4957 747 5013 monasterii
780 4959 1028 5030 negotiis
1071 4964 1315 5016 vacaret.
1373 4960 1732 5030 Repertoque
1789 4957 1868 5014 ibi
1937 4959 2059 5014 viro

406 5047 520 5103 sibi
547 5046 688 5103 olim
721 5047 930 5116 amico,
962 5048 1233 5105 Ecclesire
1279 5049 1546 5118 diacono,
1600 5048 1690 5103 cui
1725 5064 1935 5103 nomen
1970 5047 2058 5103 Pi-

406 5142 556 5205 stus,
581 5137 736 5210 apud
768 5136 933 5192 illum
969 5138 1536 5204 diversabatur,cum
1561 5137 1751 5192 officii
1770 5135 1861 5192 sui
1885 5153 2062 5192 causa

407 5227 761 5284 concedebat
793 5228 849 5284 in
874 5229 1102 5284 urbem.
1136 5229 1242 5283 Sed
1277 5229 1512 5284 invidus
1570 5229 1798 5281 daemon
1832 5229 2060 5281 tantam

404 5317 512 5371 viri
540 5317 836 5372 solertiam
859 5322 917 5372 et
955 5317 1229 5389 pietatem
1253 5315 1797 5387 conspicatus,illud
1819 5315 2062 5370 minime

407 5405 628 5474 ferens,
660 5407 788 5462 vide
815 5406 984 5474 mihi,
1015 5423 1234 5477 quaeso,
1270 5406 1412 5478 quid
1449 5405 1824 5461 machinatus
1855 5405 1952 5461 sit.

487 5675 599 5783 (752
626 5675 771 5730 Vide
803 5676 861 5730 in
885 5675 1336 5742 Onomastico,ad
1368 5691 1567 5730 vocem
1601 5673 2063 5747 Ἀποκρισιάριος.

488 5749 579 5783 rm
631 5746 938 5783 ’Δις-Ανηεηηι
995 5748 1208 5783 παλαι-η
1243 5752 1328 5783 ραι
1382 5746 1731 5783 nimim..an
1780 5746 1935 5783 mm:-
1986 5761 2063 5783 η-

488 5746 599 5819 (76)
631 5746 962 5820 Ἀπόκρισιν.
995 5748 1212 5805 Eadem
1243 5752 1332 5804 est
1382 5746 1731 5819 signiﬁcatio
1776 5746 1936 5804 vocis
1986 5761 2067 5802 re-

2130 2178 2219 2232 καὶ
2251 2179 2466 2253 θεωρῶν
2515 2177 2628 2238 ἑνὸς
2681 2177 2910 2231 ἒκάστου
2957 2176 3058 2244 τὴν
3112 2172 3417 2243 πολιτείαν,
3454 2176 3610 2246 ζήλῳ
3649 2194 3782 2249 κρα-

2129 2266 2394 2340 τούμενος
2445 2267 2594 2342 κάγὼ
2639 2269 2705 2338 τῇ
2750 2269 2848 2320 τοῦ
2905 2267 3038 2319 Θεοῦ
3085 2266 3271 2339 χάριτι
3309 2264 3410 2332 τὴν
3437 2261 3604 2332 αὐτὴν
3636 2261 3782 2333 πλη-

2135 2356 2294 2432 ρώσω
2345 2355 2540 2431 ἀρετήν
2571 2373 2585 2390 ο
2633 2353 2764 2430 ὅπερ
2813 2353 2904 2408 καὶ
2949 2353 3203 2427 γέγονεν·
3256 2350 3514 2416 εἰσελθὼν
3559 2351 3661 2429 γὰρ
3711 2351 3784 2414 εἰς

2133 2439 2430 2516 κοινόῦιον,
2483 2443 2659 2505 οὕτως
2709 2440 3145 2516 [ἐπολιτεύσατο]
3203 2441 3337 2514 μετὰ
3393 2449 3494 2510 τῆς
3554 2439 3784 2518 ἀδελφό-

2131 2555 2319 2604 τητος,
2351 2534 2424 2594 ὡς
2453 2533 2692 2605 νομίζειν
2723 2531 2880 2587 αὐτὸν
2936 2533 3012 2604 μὴ
3068 2531 3202 2605 μετὰ
3248 2530 3550 2602 ἀνθρώπων
3595 2529 3786 2598 οἷ’κεῖν,

2135 2622 2280 2680 ἀλλὰ
2343 2624 2476 2695 μετὰ
2531 2619 2774 2699 ἀγγέλων
2825 2625 2979 2692 Θεοῦ,
3011 2619 3100 2675 καὶ
3146 2619 3214 2675 τὰ
3263 2618 3593 2692 κελευόμενα
3653 2620 3788 2692 μετὰ

2135 2713 2312 2783 πάσης
2373 2708 2614 2781 σπουδῆς
2689 2710 2779 2765 καὶ
2847 2709 3156 2784 προθυμίας
3215 2708 3302 2763 καὶ
3363 2715 3536 2785 χαρᾶς
3590 2707 3782 2764 ἐποίει.

2138 2801 2320 2855 Πάντα
2347 2798 2512 2877 τύφον
2545 2799 2633 2852 καὶ
2687 2797 3051 2875 ὑπερηφανίαν
3101 2796 3190 2851 καὶ
3242 2799 3463 2870 μνήμην
3513 2797 3780 2868 κοσμικὴν

2139 2886 2380 2945 ἐκποδὼν
2438 2890 2926 2962 ποιήσας,ῐπᾶσαν
3002 2884 3157 2954 ἤσκει
3216 2884 3588 2964 σωφροσύνην,
3649 2884 3780 2937 ὑπα-

2137 2981 2296 3048 κοὴν,
2343 2975 2860 3052 ταπεινοφροσύνην,
2911 2972 3296 3053 φιλαδελφίαν,
3359 2973 3589 3041 σίωπήν,
3650 2971 3785 3046 ἂγάο

2140 3090 2272 3137 πην,
2333 3064 2484 3120 οὐδὶν
2543 3063 2684 3120 ἄλλο
2754 3063 2971 3131 ἐννοῶν,
3031 3062 3079 3116 εἷ’
3135 3064 3212 3136 μή
3271 3064 3364 3124 τὰς
3421 3059 3642 3122 ἐντολὰς
3696 3059 3788 3115 καὶ

2139 3155 2417 3216 νουθεσίας
2468 3158 2563 3209 τοῦ
2623 3154 2779 3227 ἁγίου
2838 3153 3043 3227 πατρὸς
3108 3151 3196 3206 καὶ
3267 3149 3562 3207 ἐπισκόπου
3623 3151 3790 3214 Ἀθα-

2141 3245 2328 3302 νασίου
2385 3243 2472 3298 καὶ
2522 3245 2622 3312 τὴν
2673 3241 2868 3297 ἐλπίδα
2919 3243 3018 3310 τὴν
3065 3240 3115 3296 ὲν
3171 3245 3393 3315 Χριστῷ
3442 3241 3645 3311 Ἰησοῦ.
3694 3239 3794 3294 Καὶ

2143 3335 2336 3397 πάντες
2389 3333 2702 3411 ὠφελοῦντο
2737 3333 2788 3386 οἱ
2837 3329 3064 3408 ἀδελφοὶ
3124 3328 3418 3405 βλέποντες
3475 3331 3567 3384 τὸν
3629 3325 3797 3405 ἄνδρα

2145 3425 2278 3480 ποτὶ
2340 3423 2433 3496 μὲν
2487 3422 2536 3476 ἐν
2585 3426 2666 3494 τῷ
2715 3420 2907 3493 κόσμῳ
2963 3419 3226 3475 πλούσιον
3286 3419 3375 3475 καὶ
3437 3415 3646 3490 ἔνδοξον
3705 3417 3795 3473 καὶ

2148 3513 2281 3586 μετὰ
2311 3513 2488 3582 πάσης
2521 3509 2799 3571 πολιτείας
2844 3507 3230 3586 ἀνατραφέντα,
3260 3511 3346 3562 νῦν
3396 3504 3454 3562 δὶ
3501 3509 3578 3579 μὴ
3631 3507 3793 3581 λογι-

2145 3604 2368 3676 ζόμενον
2428 3600 2613 3654 ἑαυτὸν
2694 3600 2977 3673 ἄνθρωπον
3057 3596 3245 3674 εὐγενῆ
3317 3597 3408 3651 καὶ
3490 3595 3797 3672 ἐλεύθερον,

2145 3689 2290 3748 ἀλλὰ
2352 3694 2523 3744 πᾶσαν
2593 3686 2860 3743 εὐτέλειαν
2922 3686 3204 3758 ἀσκοῦντα,
3254 3685 3344 3741 καὶ
3403 3682 3652 3757 ἐδόξαζον
3705 3683 3795 3738 τὸν

2147 3781 2275 3836 Θεὸν
2333 3780 2424 3833 τὸν
2480 3777 2711 3833 πλείονα
2767 3775 3132 3852 χαριζόμενον
3177 3780 3294 3836 τοῖς
3353 3774 3664 3848 ἀνθρώποις
3723 3773 3795 3827 ὧν

2152 3869 2388 3924 αἰτοῦσιν
2421 3866 2456 3936 ἢ
2499 3869 2754 3936 ζητοῦσιν
2781 3863 2977 3937 [αὐτόν.
3013 3864 3217 3938 ’Όνπερ
3268 3859 3397 3917 ἰδὼν
3433 3863 3461 3916 ὁ
3491 3860 3801 3936 ἡγούμενος

2151 3963 2247 4014 τοῦ
2302 3954 2668 4031 μοναστηρίου
2716 3953 2988 4009 τοσούτων
3039 3955 3106 4026 τῇ
3151 3956 3249 4006 τοῦ
3297 3955 3431 4008 Θεοῦ
3475 3953 3662 4028 χάριτι
3717 3951 3803 4024 γέ-

2159 4069 2329 4122 μοντα
2358 4045 2798 4121 κατορθωμάτων
2831 4042 2920 4097 καὶ
2953 4047 3124 4096 πᾶσαν
3165 4041 3361 4117 ἀρἐτὴν
3407 4041 3804 4116 ἠμφιεσμένον,

2154 4137 2234 4211 τῷ
2285 4134 2516 4212 δευτέρῳ
2567 4134 2794 4204 ἐνιαυτῷ
2835 4138 2935 4201 τῆς
2987 4127 3199 4186 εἷσόδου
3249 4127 3436 4199 αὐτοῦ,
3483 4129 3804 4200 κατέστησεν

2157 4227 2314 4282 αὐτὸν
2369 4224 2780 4298 ἀποκρισιάριον
2828 4223 2941 4294 (75)
2991 4226 3090 4288 τῆς
3140 4225 3334 4292 μονῆς,
3381 4216 3530 4280 ὅπως
3589 4216 3808 4293 ἐξερχό-

2165 4335 2323 4390 μενος
2401 4312 2488 4367 ἐπὶ
2555 4312 2652 4380 τὴν
2731 4308 2893 4364 πόλιν
2959 4314 3130 4364 πᾶσαν
3191 4307 3379 4384 χρείαν
3447 4306 3580 4381 μετὰ
3635 4306 3811 4376 πάσης

2161 4399 2445 4464 εὐλαϐείας
2505 4398 2826 4473 διακονήσῃ,
2860 4398 3014 4470 ᾧτινι
3070 4397 3160 4453 καὶ
3217 4403 3361 4453 πᾶσα
3418 4399 3453 4468 ἠ
3504 4393 3809 4476 ἀδελφότης

2163 4493 2447 4566 συνῄνεσεν
2457 4533 2469 4546 .

2233 4599 2296 4656 Ὀ
2329 4595 2385 4652 δὲ
2417 4593 2612 4658 δοῦλος
2640 4599 2737 4650 τοῦ
2769 4597 2902 4650 Θεοῦ
2935 4593 3215 4670 Ἀντίοχος
3259 4591 3560 4668 ἀντιλέγειν
3611 4595 3688 4667 μὴ
3741 4593 3812 4648 εί-

2165 4688 2295 4760 δὼς,
2335 4687 2468 4760 μετὰ
2497 4685 2671 4756 πάσης
2713 4678 3014 4752 εὐλαϐείας,
3048 4684 3123 4746 ὡς
3170 4683 3260 4738 ἀπ’
3314 4683 3513 4760 ἀρχῆς,
3542 4683 3633 4739 καὶ
3689 4683 3816 4738 ταύ-

2165 4801 2263 4849 την
2306 4776 2525 4842 ἐποίησε
2571 4775 2669 4844 τὴν
2725 4775 2985 4844 ὑπακοήν·
3033 4773 3122 4826 καὶ
3169 4772 3394 4844 αἰτήσας
3444 4772 3616 4848 εὐχὴν
3676 4772 3820 4846 παρὰ

2167 4869 2344 4938 πάσης
2389 4873 2489 4935 τῆς
2547 4862 2942 4942 ἀδελφότητος,
2999 4861 3262 4937 ἐξήρχετο
3319 4860 3510 4917 λοιπὸν
3573 4859 3661 4916 ἰπὶ
3718 4862 3816 4930 τὴν

2167 4956 2329 5014 πόλιν
2379 4955 2454 5018 εἷς
2509 4960 2679 5010 πᾶσαν
2734 4952 3018 5028 ἀπόκρισιν
3081 4953 3190 5024 (76)
3248 4955 3344 5005 τοῦ
3425 4951 3816 5028 μοναστηρίου.

2167 5047 2356 5122 Εὑρὼν
2393 5042 2450 5100 δὲ
2480 5044 2555 5106 εἰς
2586 5045 2688 5113 τὴν
2719 5041 2880 5098 πόλιν
2911 5037 3071 5118 φίλον
3121 5039 3377 5116 ἄρχαῖον,
3411 5037 3661 5096 διάκανον
3721 5047 3822 5109 τῆς

2171 5133 2519 5205 Ἐκκλησίας,
2553 5132 2781 5205 ὀνόματι
2839 5130 3057 5198 Πιστὸν,
3090 5131 3216 5204 παρ’
3270 5130 3416 5202 αὐτῷ
3471 5126 3683 5203 ἔμενεν,
3734 5129 3823 5185 ὅτε

2169 5224 2376 5301 ἤρχετο
2435 5221 2508 5284 εἷς
2566 5223 2664 5290 τὴν
2724 5219 2886 5276 πόλιν
2918 5217 3184 5296 προφάσει
3216 5217 3512 5280 διακονίας.
3553 5217 3701 5276 Ἰδὼν
3731 5218 3822 5276 οῦν

2173 5317 2200 5370 ὁ
2261 5312 2517 5393 φθονερὸς
2576 5309 2785 5383 δαίμων
2842 5311 2941 5378 τὴν
3017 5308 3286 5377 τοσαύτην
3366 5307 3675 5382 ἐπιστήμην
3735 5309 3823 5365 καὶ

2173 5402 2367 5478 ἀρετὴν
2415 5405 2510 5454 τοῦ
2567 5397 2779 5475 ἀνδρὸς,
2837 5397 2927 5452 καὶ
2985 5397 3063 5471 μὴ
3118 5398 3317 5475 φέρων,
3369 5397 3469 5474 ὅρα
3524 5399 3577 5454 τί
3639 5420 3825 5476 μηχα-

2173 5511 2345 5546 ναται.

2173 5682 2429 5744 sponsum
2454 5671 2608 5744 apud
2632 5671 2901 5744 sanctum
2919 5669 3145 5723 Patrem
3165 5667 3566 5744 Benedictum,
3582 5683 3709 5743 cap.
3725 5671 3790 5727 51
3812 5688 3825 5728 :

2176 5738 2393 5802 Fratres
2422 5738 2518 5816 qui
2545 5759 2644 5816 pro
2673 5741 2864 5814 quovis
2894 5755 3146 5812 responso
3183 5738 3654 5812 proﬁciscuntur.
