4132 6374
322 396 448 455 577

401 527 484 581 15.
542 522 798 596 Θυγάτηρ
859 521 924 587 ἦν
982 518 1286 591 μονογενὴς
1344 521 1422 588 τῷ
1478 514 1735 589 διακόνῳ⁶
1786 515 2075 591 ταύτηνΑ

320 610 601 673 πολλάκις
634 604 1033 686 προσεδρεύσας
1064 627 1147 669 τις
1171 606 1516 682 ἀναγνώστης
1548 606 1771 679 ὀνόματι
1798 605 1983 677 Ἀλέξ-

321 700 518 775 ανδρος
579 696 813 777 ἔφθειρε·
876 695 964 751 καὶ
1021 701 1121 764 τῆς
1188 695 1358 770 κόρης
1416 694 1610 769 ἐγκῦου
1671 695 1984 768 γενομένης,

325 785 591 870 φοϐηθεὶς
625 789 652 843 ὁ
686 785 1041 861 ἀναγνώστης
1074 785 1164 838 τὸν
1199 782 1515 853 ἐπίσκοπον,
1543 785 1629 838 καὶ
1664 786 1759 852 τὴν
1791 782 1984 857 αἰσχύ-

327 902 426 951 νην
462 880 538 953 μὴ
572 877 774 957 φέρων,
810 876 1035 939 ὑπέθετο
1064 878 1132 947 τῇ
1166 873 1300 949 κόρῃ
1325 876 1423 942 τήν
1456 873 1632 927 αἰτίου.
1674 879 1753 944 τῶ
1804 871 1987 944 δοῦλῳ

328 975 424 1026 τοῦ
456 972 592 1024 Θεοῦ
624 966 897 1041 Ἀντιόχῳ
930 964 1244 1039 ἐπιγράψαι,
1275 964 1319 1034 ᾦ
1350 964 1439 1017 καὶ
1472 964 1713 1016 συνέθετο
1766 965 1798 1029 ἡ
1849 962 1985 1037 κόρη

328 1060 456 1121 τοὺς
512 1058 712 1119 πάντας
775 1051 919 1109 οὕτω
969 1052 1415 1129 πληροφορῆσαι.
1469 1052 1571 1108 Καὶ
1627 1053 1741 1125 μεθ’
1781 1051 1987 1125 iiiP-:3?“

331 1148 729 1221 τεσσαράκοντα
755 1151 857 1213 τῆς
903 1141 1001 1197 τοῦ
1052 1138 1274 1196 παιδίου
1318 1143 1621 1216 γεννήσεως
1652 1142 1876 1217 φανερὸν
1909 1140 1991 1214 γέ-

338 1257 465 1313 γονε
492 1236 570 1308 τῷ
617 1233 896 1304 έπισκόπῳ
952 1232 1020 1285 τὰ
1074 1231 1210 1285 κατὰ
1257 1230 1356 1299 τὴν
1409 1229 1602 1304 κόρην,
1632 1230 1719 1283 καὶ
1754 1248 1990 1304 προσκα-

344 1323 640 1397 λεσάμενος
668 1322 832 1391 αὐτὴν
889 1322 917 1375 6
968 1318 1260 1380 ἐπίσκοπος
1292 1318 1609 1382 ἐπυνθάνετο
1664 1318 1797 1390 μετὰ
1852 1315 1993 1371 πολ-

348 1411 451 1481 λῆς
484 1411 712 1480 ἀπειλῆς
742 1410 820 1472 τίς
853 1413 910 1464 ἂν
944 1407 1025 1479 εἴη
1061 1410 1088 1462 6
1118 1412 1279 1463 τοῦτο
1315 1410 1655 1478 πεποιηκώς.
1689 1410 1749 1463 Ἡ
1791 1405 1845 1461 δὲ
1892 1406 1991 1459 ἀπ-

351 1502 537 1577 εκρίθη
572 1500 678 1555 ἀπὸ
704 1504 800 1554 τοῦ
836 1498 1158 1573 μονάζοντος
1192 1498 1509 1573 Ἀντιόχου,
1538 1497 1694 1565 καθά,
1729 1497 1914 1573 φησὶν,
1939 1494 1989 1550 ἰν

349 1589 605 1661 συνηθείᾳ
635 1589 745 1644 ἐστί
775 1592 868 1643 τοῦ
897 1584 1145 1664 ἔρχεσθαι
1196 1588 1331 1662 πρὸς
1380 1589 1547 1659 ἡμᾶς.
1597 1583 1704 1641 Καὶ
1751 1584 1995 1639 ἐπίστευ-

345 1700 431 1734 σεν
486 1681 515 1734 6
568 1678 857 1740 ἐπίσκοπος
938 1678 1028 1731 καὶ
1097 1678 1292 1739 πάντες
1369 1677 1418 1731 οἲ
1476 1678 1835 1752 παρεστῶτες.
1897 1674 1994 1728 Καὶ

340 1769 562 1842 πέμψας
597 1769 734 1841 μετὰ
762 1764 977 1822 πολλοῦ
1009 1767 1185 1839 θυμοῦ
1216 1766 1291 1829 εἰς
1323 1767 1385 1820 τὸ
1420 1767 1781 1841 μοναστήριον
1804 1808 1816 1821 .
1863 1809 1873 1821 .
1922 1804 1934 1818 .
1982 1806 1994 1819 .

337 1857 431 1913 τὸν
477 1854 675 1912 δοῦλον
720 1861 818 1912 τοῦ
871 1860 1025 1913 Θεοῦ.
1076 1857 1204 1920 Μεθ’
1254 1851 1460 1931 ὕϐρεως
1512 1853 1592 1929 [δὲ
1642 1853 1996 1925 εἰσελθόντες]

1341 385 1737 448 DOCTRINA
1783 388 1888 447 AD
1935 386 2397 448 ANTIOCHUM
2447 388 2737 449 DUCEM.

3636 398 3755 459 578

2181 518 2265 572 15.
2302 517 2449 573 Filia
2477 518 2720 575 diacono
2751 526 2875 575 erat
2903 521 3281 594 unica,quam
3314 542 3445 583 cum
3481 529 3755 601 frequens

2101 606 2377 661 inviseret
2408 606 2588 663 lector
2619 610 2877 679 quidam,
2906 612 3142 667 nomine
3172 612 3514 683 Alexander,
3546 619 3754 674 vitium

2097 695 2147 750 ei
2176 695 2425 751 obtulit:
2472 696 2609 751 hinc
2668 714 2799 752 cum
2836 699 3031 771 puella
3064 707 3294 757 uterum
3323 710 3595 775 gestaret,
3631 723 3753 763 me-

2097 788 2270 840 tuens
2300 786 2479 840 lector
2532 787 2789 859 episcopi
2826 789 3308 858 indignationem,
3335 810 3438 849 nec
3472 797 3751 865 pudorem

2100 874 2314 941 ferens,
2358 874 2561 946 puellae
2596 883 2799 931 auctor
2855 878 2981 941 fuit,
3018 885 3080 933 ut
3140 880 3247 934 hoc
3306 885 3527 938 crimen
3589 902 3753 941 servo

2100 963 2202 1018 Dei
2234 965 2514 1019 .\ntiocho
2548 966 2883 1033 ascriberet,
2946 969 3037 1022 cui
3090 970 3395 1038 pollicetur
3451 973 3645 1044 puella
3694 992 3757 1031 se

2101 1068 2223 1106 rem
2255 1054 2530 1108 omnibus
2560 1053 2643 1108 ita
2674 1062 3069 1112 narraturam.
3110 1058 3337 1131 Elapsis
3371 1064 3760 1133 quadraginta

2103 1158 2136 1195 a
2170 1142 2330 1211 pueri
2362 1147 2490 1196 ortu
2524 1143 2751 1213 diebus,
2787 1146 3056 1215 episcOpo
3093 1147 3399 1205 innotuere
3438 1167 3566 1221 quas
3595 1151 3761 1223 puel-

2102 1228 2219 1284 lam
2253 1233 2617 1300 spectabant.
2652 1234 2911 1288 Accitam
2970 1252 3097 1289 eam
3158 1238 3470 1310 episcopus
3512 1256 3758 1311 percon-

2102 1319 2617 1391 taturingentibus
2650 1321 2932 1377 adhibitis
2966 1325 3165 1394 minis,
3226 1328 3359 1397 quis
3413 1335 3568 1385 esset
3615 1330 3759 1385 faci-

2106 1408 2265 1463 noris
2297 1414 2519 1463 auctor.
2557 1410 2877 1481 Respondit
2931 1412 3035 1467 illa
3082 1415 3433 1471 Antiochum
3475 1434 3603 1474 esse
3633 1434 3757 1475 mo-

2110 1496 2514 1569 nachum,qui,
2549 1499 2759 1569 inquit,
2793 1502 3068 1571 frequens
3100 1506 3250 1573 apud
3278 1522 3384 1561 nos
3407 1507 3759 1563 diversatur.

2106 1586 2363 1641 Credidit
2400 1589 2729 1659 episcopus,
2773 1596 2829 1645 et
2876 1591 2974 1661 qui
3037 1593 3278 1648 aderant
3327 1596 3607 1666 universi,
3640 1615 3767 1654 ma-

2107 1693 2340 1748 gnaque
2370 1677 2770 1748 indignatione
2804 1685 3125 1749 permotus,
3163 1683 3342 1738 mittit
3373 1686 3429 1740 in
3464 1694 3764 1744 monaste-

2109 1765 2262 1819 rium
2294 1766 2393 1835 qui
2424 1782 2655 1821 servum
2692 1768 2789 1821 Dei
2820 1768 3131 1824 adducant.
3162 1772 3449 1843 Ingressis
3481 1775 3597 1832 illis
3621 1794 3759 1834 cum

2110 1870 2176 1909 eo
2210 1854 2269 1908 in
2292 1854 2767 1925 civitatem,alius
2801 1874 2933 1912 eum
2955 1861 3312 1916 contumelia
3341 1866 3594 1932 afficere,
3621 1867 3771 1923 alius

1167 1914 1183 1920 ν
1327 1914 1334 1931 .
1449 1914 1458 1918 -
1512 1914 1518 1929 .
1962 1914 1996 1925 γ.

346 1949 462 2022 μετ’
513 1945 678 2001 αὐτοῦ
729 1944 804 2008 εἷς
850 1946 949 2013 τὴν
998 1942 1188 2012 πόλιν,
1237 1943 1406 2005 ἄλλος
1444 1945 1537 2017 μὲν
1569 1938 1782 2019 ὕϐριζεν
1816 1942 1996 2014 αὐτὸν,

2136 1960 2170 1997 n
2204 1942 2373 1998 illum
2406 1960 2636 2014 spuere,
2671 1946 2900 2016 probris
2930 1947 3081 2003 alius
3130 1966 3391 2008 onerare.
3438 1955 3640 2010 Astitit
3668 1972 3769 2011 au-

342 2034 517 2098 ἇὶλλος
548 2034 818 2106 ἐνέπτυεν,
850 2031 1032 2111 ἕτερος
1077 2030 1369 2102 ὠνείδιζεν.
1424 2033 1597 2094 Αὐτὸς
1648 2030 1705 2087 δὲ
1757 2032 1998 2108 παρέστη

339 2129 423 2196 τῷ
480 2124 779 2196 ἐπισκόπῳ.
844 2123 945 2180 Καὶ
1000 2122 1295 2199 ἐρωτηθεὶς
1352 2122 1480 2198 περὶ
1540 2126 1639 2187 τῆς
1690 2121 1861 2195 κόρης
1912 2120 2001 2175 καὶ

340 2213 469 2289 περὶ
524 2217 622 2267 τοῦ
677 2211 969 2289 γεγονότος
1021 2213 1164 2267 εἶπεν
1220 2213 1247 2265 6
1307 2211 1616 2287 Ἀντίοχος’
1680 2211 1798 2265 Ἐὰν
1868 2208 2003 2265 ε⁹ίπω

340 2303 444 2371 τήν
502 2300 782 2372 ἀλήθειαν,
838 2304 872 2371 ἡ
924 2300 1156 2372 ἀλήθειά
1208 2323 1311 2374 μου
1342 2300 1395 2355 έν
1436 2305 1514 2373 τῷ
1546 2298 1790 2376 ὑμετέρῳ
1819 2298 2003 2374 ψεύδει

346 2389 409 2445 οὐ
448 2392 523 2462 μὴ
575 2392 861 2463 πιστευθῇ.
922 2390 1028 2445 Καὶ
1078 2394 1426 2464 παρεστῶτος
1486 2389 1620 2445 ὅλου
1648 2393 1744 2444 τοῦ
1803 2386 2002 2463 ὄχλου,

349 2481 494 2534 εἶπεν
545 2482 580 2549 ἡ
630 2479 767 2554 κόρη
813 2480 1103 2553 κράζουσα·
1154 2479 1213 2533 Τί
1253 2474 1399 2554 ἔχεις
1434 2478 1602 2533 εἰπεῖν
1629 2526 1643 2551 ,
1677 2477 1753 2535 Οὐ
1788 2476 2005 2532 δύνασαι

347 2569 704 2643 ἀρνήσασθαι·
759 2569 863 2623 ἀπὸ
914 2572 1010 2623 σοῦ
1060 2568 1161 2643 γάρ
1210 2570 1521 2645 γεγέννηται
1554 2569 1615 2623 τὸ
1646 2564 1887 2622 παιδίον·
1917 2567 2005 2621 καὶ

347 2661 403 2717 τί
456 2660 724 2737 aiax-5m;
776 2659 1123 2737 ὁμολόγησον
1175 2660 1205 2715 6'
1252 2660 1534 2732 ἐποίησας.
1589 2661 1727 2718 Τότε
1759 2661 2008 2730 στενάξας

354 2753 383 2806 6
417 2748 617 2812 δοῦλος
643 2754 741 2804 τοῦ
769 2755 903 2805 Θεοῦ
932 2749 1226 2826 Ἀντίοχος
1260 2750 1427 2826 λέγει.
1462 2760 1593 2805 Δοτε
1626 2771 1718 2823 μοι
1770 2752 1832 2804 τὸ
1879 2770 2009 2804 παι-

354 2838 496 2909 δίον,
547 2840 637 2895 καὶ
690 2837 811 2910 ἴδω,
864 2839 909 2894 εἷ
958 2840 1008 2910 ἐξ
1065 2839 1199 2913 ἐμοῦ
1230 2839 1565 2916 γεγέννηται.
1600 2840 1698 2894 Καὶ
1730 2834 1913 2893 Λαϐὼν
1945 2839 2008 2894 τὸ

350 2926 573 2984 παιδίον
644 2928 1043 3003 τεσσαράκοντα
1088 2930 1311 3003 ἡμερῶν
1368 2925 1424 2983 ὄν
1484 2928 1573 2982 καὶ
1628 2930 1899 3003 κρατήσας
1956 2926 2006 2982 έν

362 3024 484 3081 ταῖς
534 3019 720 3094 χερσὶν
782 3016 967 3090 αὐτοῦ,
1016 3017 1259 3080 ἀτενίσας
1320 3018 1397 3079 εἰς
1453 3019 1543 3073 τὸν
1595 3016 1841 3093 οὐρανὸν,
1896 3016 2011 3072 εἶπε

350 3112 434 3179 τῷ
490 3103 710 3178 παιδίῳ*
774 3106 860 3163 Ἐν
919 3104 1145 3179 ὀνόματι
1200 3110 1297 3161 τοῦ
1342 3106 1564 3181 Κυρίου,
1598 3106 1734 3175 εἷπὶ,
1765 3103 2007 3161 παιδίον·

355 3198 447 3266 Ἐξ
477 3195 610 3268 ἆμοῦ
657 3195 943 3272 γεγένησαι
1001 3194 1103 3265 σύ;
1156 3194 1294 3252 Τότε
1347 3197 1448 3269 βοᾷ
1484 3196 1546 3251 τὸ
1577 3193 1792 3250 παιδίον
1823 3196 2009 3271 χάριτι

2112 2036 2231 2088 tem
2262 2032 2359 2088 ille
2378 2050 2572 2089 coram
2604 2037 2963 2107 episcopo,et
3001 2039 3392 2111 interrogatus
3434 2044 3504 2098 de
3546 2045 3761 2116 puella,

2115 2126 2170 2177 et
2200 2123 2268 2177 de
2292 2140 2430 2178 casu
2462 2123 2591 2188 isto,
2627 2125 2703 2178 ait
2748 2127 3062 2181 Antiochus
3088 2146 3099 2182 :
3129 2130 3181 2183 Si
3208 2132 3510 2187 veritatem
3549 2135 3776 2204 dixero,

2114 2212 2343 2265 veritati
2376 2229 2515 2267 meas
2549 2230 2581 2267 a
2612 2215 2915 2269 mendacio
2940 2221 3129 2271 vestro
3164 2220 3403 2275 minime
3429 2222 3573 2277 ﬁdes
3597 2224 3779 2279 habe-

2117 2300 2293 2354 bitur.
2329 2302 2419 2367 At,
2454 2308 2739 2371 praesente
2791 2308 2910 2359 tota
2944 2306 3130 2372 turba,
3183 2307 3266 2361 ait
3323 2325 3458 2364 cum
3518 2310 3772 2367 clamore

2116 2387 2519 2458 puellazouid
2547 2390 2648 2443 tibi
2698 2390 3011 2445 dicendum
3056 2396 3372 2463 superest?
3433 2414 3547 2452 non
3607 2402 3773 2469 potes

2119 2493 2241 2532 rem
2276 2492 2523 2549 negare:
2555 2496 2588 2532 a
2620 2483 2674 2533 te
2698 2496 2952 2550 namque
2982 2482 3213 2553 genitus
3247 2500 3392 2554 puer
3420 2490 3544 2541 est:
3579 2487 3774 2558 ecqui-

2120 2583 2254 2620 nam
2285 2565 2383 2620 ille
2415 2567 2602 2637 pudor
2622 2568 2844 2623 ?fatere
2873 2569 3177 2626 delictum.
3200 2573 3772 2647 Tuncingemiscens

2118 2672 2324 2711 servus
2357 2657 2453 2711 Dei
2484 2657 2843 2712 Antiochus:
2883 2663 3021 2713 Date
3053 2660 3219 2729 mihi,
3257 2663 3466 2735 inquit,
3500 2682 3775 2736 puerum,

2120 2750 2186 2800 ut
2209 2745 2436 2799 videam
2469 2762 2609 2800 num
2635 2764 2667 2801 a
2702 2763 2791 2801 me
2825 2747 2901 2802 sit
2947 2750 3205 2819 genitus.
3249 2754 3604 2825 Accepitque
3634 2772 3775 2827 pue-

2120 2850 2250 2888 rum
2281 2833 2379 2904 qui
2408 2835 2799 2906 quadraginta
2830 2836 3057 2891 dierum
3093 2844 3236 2902 erat,
3267 2844 3322 2895 et
3351 2857 3481 2896 cum
3520 2860 3633 2913 [πω
3659 2860 3775 2899 ma-

2121 2923 2295 2978 nibus
2316 2928 2539 2977 teneret
2570 2940 2725 2991 eum,
2752 2940 2885 2979 cum
2918 2926 2986 2980 ad
3032 2926 3243 2982 omium
3274 2930 3473 2985 oculos
3504 2930 3778 3005 levasset,

2122 3013 2201 3068 ait
2227 3028 2443 3083 puero:
2484 3014 2541 3067 In
2575 3013 2812 3068 nomine
2862 3013 3095 3069 Domini
3126 3016 3305 3072 dicito
3366 3036 3532 3090 puer,
3566 3038 3707 3077 num
3741 3039 3775 3079 α

2122 3119 2214 3157 me
2244 3101 2477 3174 genitus
2508 3102 2611 3157 sis.
2642 3102 2812 3172 Tum,
2848 3120 2948 3175 per
2995 3105 3095 3159 Dei
3154 3107 3427 3176 gratiam,
3489 3111 3781 3167 exclamat

2124 3207 2268 3263 puer
2296 3208 2431 3247 voce
2464 3207 2716 3262 magna:
2750 3192 3165 3265 Nequaquam,
3202 3196 3297 3251 Dei
3358 3213 3540 3267 serve,
3592 3215 3779 3271 purus

354 3291 455 3341 τοῦ
513 3289 647 3341 Θεοῦ
700 3282 913 3359 μεγάλῃ
966 3288 1033 3357 τῇ
1084 3286 1259 3363 φωνῇ·
1314 3283 1484 3360 Οὐχὶ,
1533 3282 1699 3340 δοῦλε
1725 3288 1824 3340 τοῦ
1855 3288 2010 3353 Θεοῦ,

2127 3284 2187 3335 tu
2220 3297 2282 3336 es
2311 3296 2504 3336 coram
2536 3280 2673 3335 Deo.
2696 3280 2803 3343 Qui
2836 3298 2969 3337 vero
2998 3282 3106 3338 hoc
3138 3286 3481 3342 scandalum
3515 3288 3669 3356 fecit,
3688 3293 3783 3345 est

352 3376 589 3452 καθαρὸς
622 3374 685 3430 σὺ
731 3374 962 3430 ἐνώπιον
1002 3379 1102 3429 τοῦ
1150 3379 1305 3432 Θεοῦ.
1354 3377 1411 3430 Ὀ
1463 3372 1521 3430 δὲ
1565 3380 1725 3431 τοῦτο
1756 3376 1818 3430 τὸ
1851 3377 2018 3431 σκάν-

354 3465 520 3523 δαλον
554 3467 792 3536 ποιήσας
827 3461 1181 3540 Ἀλέξανδρός
1214 3463 1353 3520 ἐστιν
1404 3464 1431 3518 6
1484 3465 1856 3541 ἀναγνώστης.
1889 3464 2021 3519 Τότε

354 3557 390 3624 ἡ
428 3556 532 3629 μὲν
560 3555 722 3631 κόρη,
773 3555 1149 3625 κατανοήσασα
1190 3555 1289 3623 τὴν
1335 3558 1431 3608 τοῦ
1476 3558 1612 3610 Θεοῦ
1655 3552 1887 3629 ἔλεγξιν,
1919 3574 2022 3609 πα-

358 3653 543 3721 ραχρῆ
558 3666 633 3720 μα
665 3647 941 3699 πατσοῦσα
988 3644 1131 3719 παρὰ
1174 3642 1301 3705 τοὺς
1348 3640 1517 3705 πόδας
1544 3642 1730 3713 αὐτοῦ,
1762 3642 2022 3717 ἐξέψυξεν.

363 3736 428 3791 Ὀ
460 3732 520 3791 δὲ
549 3733 845 3795 ἐπίσκοπος
876 3732 1271 3807 ἀμνησικακίας
1295 3732 1453 3809 χάριν
1488 3736 1601 3805 (77)
1629 3733 1870 3807 ᾐτήσατο
1903 3734 2026 3807 παρ’

370 3820 555 3879 αὐτοῦ.
587 3823 650 3879 Ὁ
711 3819 769 3876 δὲ
816 3820 1185 3897 ἀναγνώστης,
1234 3818 1423 3876 πολλὰ
1469 3820 1669 3883 ἐπιθεὶς
1722 3822 1894 3892 ἑαυτῷ
1946 3819 2029 3873 σί·-

379 3908 521 3984 δηρα
547 3911 636 3965 καὶ
668 3910 848 3987 μακρὰ
877 3910 984 3965 ἀπὸ
1014 3914 1113 3975 τῆς
1160 3908 1379 3973 πόλεως
1426 3909 1702 3976 ἀπελθὼν,
1754 3910 2031 3984 ἐγκλείσας

379 4000 566 4054 ἑαυτὸν
615 4001 666 4054 ἒν
715 3997 927 4071 κελλίῳ
980 4003 1161 4073 μικρῷ
1211 3996 1313 4061 ἕως
1363 4005 1464 4068 τῆς
1494 3997 1751 4068 τελευτῆς
1782 3999 1947 4053 αὐτοῦ
1979 3997 2028 4051 ἐν

372 4090 449 4160 τῇ
482 4088 757 4161 μετανοίᾳ,
785 4073 997 4143 τέλειϐν
1042 4093 1120 4161 τῷ
1152 4094 1267 4161 Θεῷ
1318 4086 1574 4143 ἀπεδίδου
1620 4091 1719 4157 τὴν
1766 4087 2029 4160 ἐξομολό-

2129 3369 2451 3426 Alexander
2480 3369 2677 3425 lector.
2711 3370 2874 3426 Tunc
2905 3371 3118 3442 puella,
3147 3378 3210 3428 ut
3259 3390 3320 3430 se
3371 3393 3404 3431 a
3434 3376 3549 3433 Deo
3585 3378 3781 3433 convi-

2132 3464 2286 3515 ctam
2319 3459 2751 3523 animadvertit,
2777 3472 3011 3532 repenle
3046 3463 3318 3535 prolapsa
3348 3466 3420 3520 ad
3451 3467 3627 3538 pedes
3658 3469 3790 3539 ejus

2134 3548 2466 3619 exspiravit.
2503 3548 2861 3621 Rogavitque
2890 3549 3057 3605 illum
3094 3553 3406 3626 episcopus
3465 3561 3530 3611 ut
3559 3557 3789 3628 injuria

2137 3638 2480 3693 memoriam
2541 3639 2870 3708 deponeret.
2906 3641 3105 3696 Lector
3146 3647 3341 3698 autem
3375 3644 3578 3702 multis
3607 3648 3801 3717 gravi-

2137 3730 2364 3798 busque
2395 3727 2506 3782 sibi
2540 3727 2833 3799 impositis
2862 3730 3250 3796 ferramentis,
3308 3749 3378 3788 ex
3421 3734 3564 3789 urbe
3594 3752 3789 3808 egreso

2140 3834 2263 3885 sus,
2289 3817 2344 3869 in
2383 3834 2558 3887 parva
2590 3834 2719 3872 sese
2740 3817 2949 3873 cellula
2981 3818 3239 3887 inclusit,
3272 3821 3371 3876 ubi
3415 3824 3485 3878 ad
3536 3830 3788 3882 mortem

2142 3924 2326 3977 usque
2361 3907 2761 3977 paenitentiam
2812 3924 3012 3979 agens,
3046 3911 3359 3980 perfectam
3392 3916 3505 3968 Deo
3543 3914 3802 3969 reddidit

2142 3995 2590 4065 mnfessionem,
2642 3996 2829 4067 gratia
2862 3998 3091 4053 Domini
3126 4001 3309 4056 nostri
3368 4001 3508 4058 Jesu
3561 4004 3801 4075 Christi,

2144 4086 2230 4139 cui
2265 4084 2450 4156 gloria
2478 4083 2537 4138 in
2576 4085 2810 4140 saecula.
2842 4088 3049 4142 Amen.

380 4198 551 4254 γησιν
585 4176 766 4253 χάριτι
792 4182 888 4232 τοῦ
920 4177 1117 4253 Κυρίου
1148 4180 1307 4250 ἡμῶν
1342 4177 1521 4247 Ἰησοῦ
1554 4180 1813 4249 Χριστοῦ,
1846 4177 1892 4249 ᾧ
1922 4178 1956 4245 ἡ
1987 4173 2113 4245 δόξα
2144 4170 2216 4232 εἷς
2244 4170 2369 4231 τοὺς
2399 4170 2619 4233 αἰῶνας.
2660 4174 2857 4243 Ἀμήν,

458 4270 543 4323 16.
582 4266 677 4320 Καὶ
726 4266 1165 4344 ἐπανερχομένου
1197 4264 1361 4321 αὐτοῦ
1420 4265 1495 4329 εἷς
1524 4266 1588 4321 τὸ
1646 4267 2011 4341 μοναστήριον

2219 4264 2304 4316 16.
2354 4263 2419 4316 Et
2479 4279 2611 4316 cum
2667 4264 3009 4335 remigrarel
3067 4266 3163 4320 ille
3220 4269 3291 4323 ad
3349 4271 3797 4342 monasterium,

379 4355 543 4431 ἐγγὺς
596 4362 697 4425 τῆς
744 4355 928 4426 πύλης
976 4360 1076 4422 τῆς
1124 4354 1343 4418 πόλεως
1393 4355 1899 4431 προσπίπτειαύτῷ
1955 4375 2040 4415 τις

372 4446 637 4521 νεώτερος
694 4450 1008 4519 γονυπετῶν
1084 4445 1175 4500 καὶ
1247 4444 1445 4520 λέγων’
1500 4444 1671 4499 Δοῦλε
1726 4449 1823 4499 τοῦ
1880 4447 2037 4516 Θεοῦ,

374 4532 744 4610 συγχώρησόν
800 4554 915 4606 μοι,
966 4536 1049 4589 ὃτι
1096 4534 1355 4589 ἐνέπτυσα
1397 4533 1471 4595 εἷς
1501 4535 1563 4589 τὸ
1595 4533 1884 4609 πρόσωπόν
1921 4554 2037 4605 σου,

376 4622 669 4684 πιστεύσας
715 4625 785 4696 τῇ
839 4622 1030 4697 ἀνόμῳ
1083 4623 1220 4699 κόρῃ
1269 4622 1442 4697 ἐκείνῃ
1484 4624 1609 4700 περὶ
1638 4628 1745 4679 τῶν
1779 4624 1915 4679 κατά
1945 4644 2039 4677 σου

382 4710 711 4787 λεχθέντων,
766 4712 858 4767 καὶ
902 4711 1145 4783 νηστεόω
1193 4708 1369 4767 ἕνεκεν
1420 4717 1520 4778 τῆς
1568 4712 1786 4785 τόλμης
1816 4711 2039 4784 ταύτης,

378 4800 470 4855 καὶ
528 4799 834 4877 παρακαλῶ
890 4802 979 4857 τὸν
1038 4801 1259 4878 Κύριον.
1317 4803 1377 4859 Ὁ
1426 4798 1483 4856 δὲ
1534 4799 1733 4863 δοῦλος
1779 4805 1875 4856 τοῦ
1907 4804 2041 4856 Θεοῦ

378 4891 670 4966 Ἀντίοχος
732 4891 877 4967 λέγει
941 4892 1107 4964 αὐτῷ·
1160 4894 1248 4961 Μὴ
1309 4892 1467 4947 κλαῖε
1522 4892 1646 4967 περὶ
1705 4891 1839 4964 ἐμοῦ
1902 4889 2043 4963 μηδὲ

377 4980 623 5049 νήστευε·
680 4978 826 5036 ἀλλὰ
876 4979 1034 5036 κλαῖε
1080 4981 1170 5036 καὶ
1223 4984 1448 5052 νήστευε
1499 4978 1587 5035 διὰ
1630 4981 1691 5035 τὸ
1738 4980 1954 5052 ἱμάτιον
2014 4980 2044 5034 6'

378 5063 614 5141 ἔκλεψας
673 5076 777 5139 τῆς
832 5070 1086 5144 γυναικὸς
1140 5078 1240 5140 τῆς
1288 5073 1468 5146 χήρας
1511 5069 1601 5124 καὶ
1646 5077 1878 5145 πτωχῆς
1936 5068 2042 5143 πρὸ

378 5162 551 5231 τριῶν
602 5161 847 5233 ἡμερῶν·
898 5160 986 5214 καὶ
1038 5161 1100 5213 σὺ
1152 5156 1294 5235 ἔχων
1347 5160 1506 5214 πέντε
1555 5160 1747 5232 ἱμάτια
1774 5159 1837 5213 τὸ
1863 5155 1917 5212 ἓν
1947 5164 2044 5228 τῆς

381 5248 570 5322 χήρας
604 5244 858 5322 ἔκλεψοις.
891 5248 1024 5303 Τότε
1053 5250 1081 5302 ὁ
1122 5251 1404 5324 νεώτερος,
1454 5247 1737 5324 ἐλεγχθεὶς
1786 5248 1877 5302 καὶ
1922 5247 2042 5325 φρί-

382 5336 477 5406 ξας
537 5336 627 5391 καὶ
684 5338 961 5411 θαυμάσας
1009 5343 1126 5400 πῶς
1177 5339 1397 5415 φανερὸν
1444 5338 1661 5414 γέγονεν
1705 5336 1733 5392 6'
1782 5336 1832 5391 ἐν
1864 5341 2043 5415 κρυφῇ

380 5424 477 5480 καὶ
513 5424 679 5503 ἒπέρᾳ
718 5423 910 5500 ἔπραξε
970 5427 1156 5500 μόνος,
1207 5427 1502 5503 ἀπέρχεται
1548 5427 1763 5501 τρέμων
1814 5425 1903 5481 καὶ
1954 5424 2045 5503 φέ-

380 5534 469 5591 ρει
514 5516 582 5569 τὰ
634 5512 748 5571 ἴδια
803 5515 961 5572 πέντε
1010 5516 1200 5589 ἱμάτια
1250 5516 1338 5571 καὶ
1389 5517 1451 5571 τὸ
1481 5513 1532 5569 ἓν
1564 5523 1662 5585 τῆς
1696 5517 1898 5591 χήρας,
1955 5513 2045 5569 καὶ

2151 4368 2328 4424 prope
2360 4352 2523 4406 urbis
2550 4358 2796 4422 portam,
2820 4352 3159 4411 adolescens
3181 4356 3420 4427 quidam
3445 4359 3696 4427 procidit
3724 4361 3798 4416 ad

2152 4458 2344 4514 genua
2371 4442 2499 4511 ejus
2533 4439 2653 4495 haec
2686 4442 2969 4496 dicendo:
3004 4444 3173 4499 Serve
3223 4445 3344 4510 Dei,
3384 4448 3608 4503 veniam
3663 4448 3810 4505 mihi

2150 4532 2470 4600 concedito,
2504 4532 2660 4601 quod
2695 4531 2751 4584 in
2778 4530 2984 4586 faciem
3016 4536 3179 4587 tuam
3200 4536 3811 4609 conspuerim,puellas

2150 4620 2365 4692 iniqua:
2398 4624 2453 4675 te
2487 4620 2788 4675 accusanti
2818 4620 2991 4675 dictis
3026 4622 3198 4677 ﬁdem
3234 4623 3497 4694 habens;
3532 4628 3703 4698 cujus
3726 4627 3812 4684 fa-

2151 4711 2366 4765 cinoris
2398 4726 2576 4765 causa
2599 4710 2805 4779 jejuno
2838 4714 2895 4765 et
2925 4711 3242 4767 Dominum
3278 4713 3654 4785 deprecor.At
3685 4734 3807 4775 ser~

2150 4817 2256 4855 vus
2278 4802 2370 4854 Dei
2404 4799 2723 4853 Antiochus
2754 4798 2835 4854 ait
2866 4799 2984 4854 illi:
3018 4802 3125 4856 Mei
3158 4819 3336 4857 causa
3396 4822 3467 4860 ne
3524 4810 3663 4862 ﬂeas
3718 4807 3809 4863 vel

2148 4890 2419 4960 jejunes;
2453 4891 2549 4943 sed
2570 4889 2701 4942 fleto
2732 4892 2788 4943 et
2808 4890 3097 4960 jejunato,
3124 4894 3194 4946 ob
3218 4892 3632 4951 vestimentum
3653 4897 3807 4967 quod

2154 4983 2288 5033 ante
2344 4982 2463 5032 tres
2514 4978 2636 5031 dies
2698 4979 2924 5033 furatus
2979 4996 3041 5034 es
3101 4980 3333 5035 mulieri
3392 4983 3576 5037 viduas
3634 4989 3812 5057 atque

2154 5083 2367 5139 egenas.
2429 5068 2693 5137 Cumque
2752 5067 2857 5121 tibi
2916 5069 3177 5139 quinque
3210 5075 3408 5124 essent
3438 5073 3809 5145 vestimenta,

2154 5174 2337 5212 unum
2372 5157 2513 5211 illud
2567 5158 2752 5212 viduee
2813 5158 3182 5229 subripuisti.
3237 5161 3391 5215 210
3421 5161 3581 5215 Tunc
3615 5162 3810 5219 adole-

2156 5263 2324 5302 scens
2346 5247 2669 5313 convictus,
2704 5264 2767 5302 ac
2804 5254 3015 5302 terrore
3060 5254 3383 5319 correptus,
3419 5250 3809 5323 miratusque,

2156 5353 2271 5408 quo
2303 5341 2474 5407 pacto
2506 5336 2697 5406 palam
2724 5337 2779 5389 id
2812 5340 2984 5397 esset.
3010 5337 3163 5407 quod
3191 5337 3342 5392 clam
3366 5337 3461 5392 ille
3484 5342 3537 5393 et
3566 5356 3807 5411 vespere

2157 5425 2317 5481 solus
2350 5424 2721 5492 admisisset;
2756 5424 3019 5479 abscedit
3050 5430 3327 5492 tremens,
3380 5426 3662 5498 affertque
3694 5445 3805 5485 sua

2157 5513 2797 5586 quinquevestimenta,
2818 5529 2951 5568 cum
2977 5512 3073 5567 illo
3088 5513 3158 5567 ad
3176 5513 3409 5569 viduam
3434 5515 3801 5589 pertinente;

466 5730 581 5804 (77)
612 5731 956 5804 Vulgatum,
989 5729 1203 5805 ᾑτήτω,
1226 5733 1354 5805 jam
1383 5733 1443 5791 in
1476 5730 1741 5804 margine
1769 5733 2100 5788 correctum
2130 5732 2272 5786 erat.
2306 5726 2393 5784 Νο
2406 5742 2521 5782 crs.
