4132 6398
437 413 556 474 579

1610 408 1675 467 S.
1724 404 2250 468 ATHANASIUS.
2278 441 2357 451 —
2385 404 2692 471 SPUBIA.

3747 412 3868 474 580

436 545 785 616 mulierique
813 544 914 601 dat
941 543 1161 611 omnia,
1215 558 1433 615 rogans
1462 550 1525 597 ut
1562 558 1761 597 secum
1794 541 1867 597 ad
1894 558 2086 613 genua

2199 538 2304 594 ὅλα
2362 537 2580 595 δίδωσιν
2628 539 2698 614 τῇ
2749 541 2965 615 γυναικὶ
3013 541 3346 616 παρακαλῶν
3398 540 3534 616 αὐτῇ
3586 543 3687 598 σὺν
3718 543 3866 620 αύτῷ

433 637 585 695 servi
616 635 713 690 Dei
750 634 1029 705 procidat.
1073 632 1142 686 Ut
1174 632 1380 686 ambos
1412 630 1553 685 vidit
1574 630 1670 685 ille
1703 628 2093 701 prolapsos,et

436 743 601 784 reum
653 741 722 780 ex
777 724 949 779 corde
998 721 1397 793 posnitentem.
1466 719 1711 775 admisit
1769 718 1937 774 illum
2015 719 2089 773 ad

433 814 707 873 osculum
737 817 1029 869 sanctum.
1087 811 1297 881 Aitque
1355 808 1732 864 adolescens:
1768 807 1933 875 Volo,
1983 808 2087 862 do-

434 906 594 963 mine
618 903 719 967 mi,
752 899 955 955 multis
986 899 1194 953 diebus
1217 898 1511 968 jejunare,
1543 897 1678 967 quia
1732 895 1920 951 multa
1950 899 2092 951 sunt

431 999 672 1069 peccata
702 1006 851 1045 mea.
884 988 988 1044 Cui
1019 1004 1225 1043 servus
1264 986 1362 1041 Dei
1391 1002 1403 1039 :
1438 985 1561 1048 Quo
1593 989 1760 1057 pacto
1808 985 1895 1040 vis
1939 986 2087 1055 jeju-

435 1082 794 1141 nare?Tum
815 1077 913 1133 ille
936 1094 950 1131 :
972 1079 1018 1132 A
1050 1092 1222 1132 mane
1255 1091 1443 1146 usque
1484 1074 1556 1129 ad
1606 1089 1936 1146 vesperum.
1964 1074 2091 1128 Ait-

435 1189 551 1247 que
605 1170 686 1226 illi
720 1168 1084 1223 Antiochus:
1135 1167 1258 1231 Quo
1298 1165 1356 1220 in
1408 1163 1534 1219 loco
1593 1163 1758 1235 degis
1817 1164 1959 1218 dum
2009 1163 2094 1218 ita

434 1261 700 1320 abstines
720 1277 754 1314 a
783 1259 912 1313 cibo
936 1256 964 1311 ?
992 1255 1095 1311 Cui
1126 1254 1259 1310 ille:
1294 1253 1527 1308 Amicos
1571 1256 1628 1307 et
1686 1251 1919 1323 negotia
1962 1267 2093 1307 mea

433 1351 645 1418 inviso,
670 1347 808 1402 hinc
839 1344 1142 1418 paululum
1182 1342 1430 1408 dormio,
1467 1347 1524 1397 et
1552 1356 1686 1396 cum
1718 1356 1960 1412 vespera
1990 1356 2091 1395 ac-

434 1439 681 1498 cesserit
710 1436 906 1492 cibum
940 1450 1131 1489 sumo.
1163 1431 1258 1487 Ait
1286 1430 1368 1486 illi
1391 1447 1596 1486 servus
1620 1428 2089 1487 DeiAntiochus:

434 1529 553 1586 Hoc
576 1526 878 1599 jejunium
912 1539 1026 1577 non
1061 1525 1170 1577 est.
1204 1520 1349 1575 Nam
1383 1520 1432 1575 si
1460 1536 1494 1574 a
1521 1519 1671 1574 cibis
1701 1518 2016 1578 abstineas.
2038 1524 2091 1573 et

432 1618 495 1676 in
528 1617 786 1688 aliquem
817 1614 1131 1676 obtrectes,
1164 1608 1246 1665 vel
1279 1607 1620 1681 quempiam
1653 1607 1969 1663 contristes
2001 1606 2090 1662 vel

433 1704 853 1764 calumnieris:
918 1705 1020 1757 aut
1058 1702 1106 1756 si
1143 1703 1272 1771 post
1300 1697 1553 1770 priorem
1603 1695 2089 1767 disceptationem

429 1795 659 1867 injuriae
684 1791 1023 1848 memoriam
1057 1789 1310 1843 retineas
1335 1805 1348 1849 ;
1381 1786 1584 1843 siitem
1607 1800 1842 1857 vespere
1863 1783 2087 1840 lautam

428 1901 601 1959 pares
621 1898 868 1946 ctenam,
901 1885 1076 1950 teque
1104 1875 1360 1933 inebries
1416 1892 1482 1931 ac
1528 1875 1726 1947 turpia
1771 1878 2086 1946 pet-petras,

429 1978 534 2033 aut
553 1973 603 2030 si
634 1972 848 2027 horum
896 1967 1201 2040 quidpiam
1235 1963 1655 2035 concupiscas;
1696 1964 1879 2017 multo
1938 1977 2085 2032 pras-

429 2061 704 2120 stabilius
733 2058 840 2115 tibi
863 2064 971 2123 est,
1008 2060 1073 2111 ut
1102 2053 1418 2127 quinquies
1439 2051 1701 2124 quotidie
1731 2051 2087 2116 comedas,et

426 2151 593 2208 hisce
621 2150 796 2205 rebus
828 2146 1328 2214 abstineas,quam
1363 2147 1426 2196 ut
1451 2139 1593 2195 nihil
1618 2144 1819 2212 gustes
1849 2144 1907 2194 et
1928 2138 2089 2193 hisce

430 2240 606 2295 rebus
636 2243 693 2293 te
721 2234 1127 2292 commisceas.
1161 2231 1452 2295 Quidnam
1476 2228 1747 2284 utilitatis
1770 2227 1937 2283 affert
1951 2226 2085 2281 abso

428 2328 676 2385 tinentia
705 2342 739 2380 a
769 2324 938 2389 cibis,
987 2322 1038 2377 si
1068 2320 1227 2376 omni
1260 2318 1408 2373 alias
1466 2315 1943 2388 concupiscentia
1975 2316 2082 2370 im-

428 2416 625 2489 pleare
645 2415 672 2469 ?
702 2420 791 2468 An
812 2413 1050 2485 ignoras
1072 2425 1207 2464 eum
1240 2408 1339 2480 qui
1371 2424 1540 2463 suam
1574 2405 1781 2477 implet
1809 2406 2085 2476 conwpi-

430 2505 744 2570 scentiam,
773 2501 862 2557 vel
886 2499 1078 2555 solum
1099 2502 1314 2563 mente,
1347 2496 1484 2551 licet
1530 2494 1785 2551 externis
1842 2510 1957 2548 non
1991 2510 2083 2548 sa-

430 2596 611 2650 tietur
639 2592 808 2660 cibis,
831 2590 956 2660 jam
1016 2597 1281 2643 saturum
1315 2591 1373 2641 et
1420 2585 1647 2641 ebrium
1698 2600 1825 2639 esse
1846 2583 2000 2638 ‘ISed
2034 2581 2085 2638 si

429 2680 573 2738 velis
601 2684 998 2752 temperanter
1027 2692 1199 2747 agere
1228 2680 1284 2730 et
1327 2675 1618 2745 jejunare,
1670 2678 1734 2728 ut
1782 2672 2084 2743 jejunium

428 2775 601 2827 tuum
633 2769 746 2825 Deo
773 2768 851 2823 sit
878 2771 1206 2837 acceptum,
1247 2764 1501 2836 primum
1546 2763 1808 2818 omnium
1843 2761 2087 2816 observa

429 2865 496 2915 ut
520 2860 755 2932 jejunss
784 2856 857 2912 ab
891 2854 1049 2911 omni
1100 2870 1275 2924 pravo
1327 2868 1596 2909 sermone
1654 2850 1998 2922 proferendo
2028 2853 2087 2905 et

430 2948 845 3006 audiendozet
873 2959 1059 3016 purga
1103 2960 1203 2999 cor
1249 2949 1418 2997 tuum
1477 2943 1550 2996 ab
1600 2940 1758 2996 omni
1817 2937 2088 3009 inquina-

428 3042 653 3103 mento,
683 3035 1038 3105 injuriarum
1070 3031 1374 3101 memoria,
1421 3030 1613 3102 turpis
1666 3027 1810 3084 lucri
1865 3043 2083 3083 amore.

426 3127 495 3185 Et
526 3143 644 3200 qua
663 3126 757 3181 die
776 3121 1159 3195 jejunaveris,
1193 3137 1360 3192 pane,
1394 3119 1654 3177 oleribus
1683 3125 1740 3174 et
1771 3133 1925 3188 aqua
1946 3132 2083 3171 con-

424 3222 625 3274 tentus
653 3212 1144 3286 esto,gratiasque
1177 3211 1287 3265 Deo
1317 3224 1478 3281 agas.
1513 3209 1857 3277 Computato
1888 3210 2082 3260 autem

2199 634 2523 700 προσπεσεῖν
2555 633 2634 701 τῷ
2666 626 2851 701 δούλῳ
2878 634 2975 684 τοῦ
3006 635 3140 685 Θεοῦ
3213 627 3365 685 Ἰδὼν
3412 628 3469 685 δὶ
3518 632 3863 710 ἀμφοτέρους

2197 716 2639 791 προσπίπτοντας
2695 717 2785 772 καὶ
2842 717 2946 772 ἀπὸ
2997 717 3221 795 καρδίας
3268 721 3362 775 τὸν
3415 719 3587 775 α’ίτιον
3629 742 3855 794 μετανο-

2200 809 2382 877 οῦντα,
2434 803 2679 877 ἐδέξαντο
2726 805 2885 861 αὐτὸν
2929 806 2980 862 ἐν
3028 805 3300 885 φιλήματι
3362 808 3527 884 ἁγίῳ.
3580 808 3682 864 Καὶ
3715 808 3862 887 λέγει

2200 894 2229 949 ὁ
2259 895 2538 971 νεώτερος·
2590 893 2767 963 Θέλω,
2811 894 2964 970 κύριέ
3000 916 3126 969 μου,
3153 901 3441 967 νηστεῦσαι
3473 896 3694 960 πολλὰς
3725 899 3863 973 ἡμέ-

2200 1002 2319 1057 ρας,
2351 982 2434 1038 ὅτι
2460 982 2667 1039 πολλαί
2712 983 2844 1038 είσιν
2892 985 2945 1038 αἱ
2997 985 3254 1058 ἁμαρτίαι
3308 1007 3435 1059 μου.
3467 985 3626 1063 Λέγει
3658 987 3806 1061 αὐτῷ
3835 991 3862 1045 6

2201 1069 2403 1134 δοῦλος
2432 1076 2529 1127 τοῦ
2559 1076 2715 1128 Θεοῦ*
2766 1074 2937 1147 [Πῶς]
2968 1072 3146 1136 θέλεις
3175 1073 3461 1143 νηστεῦσαι
3490 1094 3504 1145 ;
3558 1076 3622 1133 Ὀ
3676 1073 3735 1131 δὲ
3791 1078 3862 1133 εἶ-

2199 1180 2294 1215 πεν
2348 1160 2511 1232 αὐτῷ’
2564 1162 2775 1229 (78-79)
2826 1160 2966 1217 ’Δπὸ
3013 1166 3111 1217 τοῦ
3141 1164 3289 1238 πρωὶ
3318 1161 3422 1225 ἓως
3452 1163 3707 1239 ἐσπέρας.
3758 1167 3861 1223 Καὶ

2201 1247 2343 1323 λέγει
2375 1248 2522 1322 αὐτῷ
2577 1249 2606 1303 6
2653 1247 2964 1326 ’Δντίοχος’
3015 1250 3119 1309 Καὶ
3175 1252 3251 1325 μή
3301 1252 3529 1328 τρώγων
3582 1251 3693 1328 ποῦ
3741 1251 3859 1310 διά-

2200 1357 2314 1411 γεις
2340 1357 2353 1407 ;
2401 1339 2462 1395 Ὀ
2514 1335 2572 1393 δὶ
2619 1337 2754 1393 εἶπε·
2807 1337 2951 1401 Τοὺς
2983 1337 3177 1416 φίλους
3205 1340 3296 1396 καὶ
3327 1342 3397 1395 τὰ
3424 1326 3721 1418 πράγματά
3754 1362 3857 1417 μου

2204 1425 2413 1501 βλέπω,
2444 1427 2534 1481 καὶ
2566 1426 2729 1482 πάλιν
2766 1425 2951 1503 ὀλίγον
3005 1425 3271 1498 καθεύδω,
3320 1428 3410 1485 καὶ
3459 1430 3590 1485 ὅταν
3642 1430 3857 1506 γένηται

2200 1512 2416 1589 ἐσπέρα,
2456 1510 2878 1589 μεταλαμϐάνω·
2909 1516 3064 1593 Λέγει
3097 1517 3247 1591 αύτῷ
3276 1518 3305 1573 6
3337 1516 3536 1581 δοῦλος
3565 1523 3670 1575 τοῦ
3722 1526 3856 1576 Θεοῦ

2201 1604 2509 1680 ’Δντίοχος’
2569 1606 2745 1662 Τοῦτο
2800 1606 2899 1660 οὒκ
2947 1601 3061 1661 ἔστι
3116 1606 3358 1676 νηστεία.
3418 1608 3543 1665 Ἐὰν
3608 1608 3713 1684 γὰρ
3760 1631 3853 1679 νη-

2200 1694 2422 1770 στεύσῃς
2452 1694 2559 1750 ἀπὸ
2611 1694 2917 1771 βρωμάτων
2950 1695 3038 1752 καί
3067 1694 3187 1753 τινα
3233 1696 3627 1774 κακολογήσῃς
3673 1700 3711 1769 ἢ
3760 1698 3850 1756 λυ-

2198 1786 2377 1858 πήσῃς
2432 1785 2469 1854 ἢ
2522 1780 2806 1859 διαϐάλῃς,
2858 1787 2893 1854 ἢ
2958 1788 3373 1862 μνησικακήσῃς
3433 1788 3539 1843 ἀπὸ
3589 1790 3852 1867 προτέρας

2203 1873 2412 1948 μάχης,
2459 1872 2495 1942 ἢ
2546 1874 2771 1945 ἑσπέρας
2822 1877 3053 1949 ποιήσῃς
3103 1875 3412 1949 πολύτιμον
3464 1874 3710 1948 δεῖπνον,
3764 1879 3849 1934 καὶ

2198 1958 2331 2037 ἄρξῃ
2381 1960 2754 2034 μεθύσκεσθαι,
2804 1963 2839 2031 ἢ
2890 1962 3094 2039 αἲσχρὰ
3141 1963 3476 2041 ἐργάζεσθαι,
3530 1966 3568 2035 ἢ
3603 1971 3726 2023 κατ’
3775 1964 3852 2024 ἔν-

2195 2070 2345 2105 νοιαν
2425 2050 2706 2123 ἐπιθυμεῖν
2778 2071 2829 2105 τι
2903 2055 3170 2106 τοιοῦτον·
3247 2050 3393 2107 πολὺ
3450 2054 3713 2132 συμφέρει
3769 2077 3849 2112 σοι

2195 2141 2441 2212 πέμπτον
2500 2140 2599 2208 τῆς
2646 2140 2855 2212 ἡμέρας
2905 2138 3099 2204 ἐσθίειν
3149 2140 3241 2196 καί
3287 2141 3499 2197 τούτων
3550 2144 3847 2222 φείσασθαι,

2194 2229 2228 2297 ἢ
2288 2230 2365 2300 μή
2439 2229 2761 2304 γευσάμενον
2841 2228 3067 2292 ἐκείνοις
3140 2230 3538 2309 συμφύρεσθαι.
3601 2235 3693 2297 Τίς
3749 2236 3845 2311 γάρ

2196 2315 2433 2392 ὠφέλεια
2484 2317 2790 2392 βρωμάτων
2842 2317 3158 2393 ἀπέχεσθαι,
3202 2317 3379 2389 πάσης
3413 2318 3471 2375 δὲ
3503 2318 3686 2393 ἄλλης
3735 2322 3844 2378 ἐπι-

2196 2405 2393 2478 θυμίας
2453 2405 2845 2481 ἐμφορεῖσθαις
2906 2407 2975 2461 Ἥ
3035 2406 3134 2461 ούκ
3177 2407 3326 2470 οἶδας
3381 2408 3466 2464 ὅτι
3512 2416 3619 2474 πᾶς
3676 2413 3704 2466 6
3747 2414 3840 2481 τήν

2195 2493 2484 2566 ἐπιθυμίαν
2529 2494 2694 2549 αὐτοῦ
2742 2494 2974 2569 πληρῶν
3023 2497 3140 2551 κατ’
3171 2493 3379 2552 ἔννοιαν
3408 2500 3500 2554 καὶ
3531 2499 3684 2564 ἐκτὸς
3739 2506 3842 2556 τῶν

2194 2580 2385 2652 ἔξωθεν
2424 2584 2731 2658 βρωμάτων
2760 2581 2872 2652 ἤδη
2904 2585 3216 2660 κεκόρεσται
3266 2584 3359 2641 καί
3411 2587 3637 2661 μεθύεις
3691 2588 3839 2645 Ἀλλ’

2195 2670 2243 2725 εἴ
2289 2670 2468 2733 θέλεις
2522 2670 2975 2747 ἐγκρατεύσασθαι
3036 2672 3126 2728 καί
3175 2679 3486 2749 νηστεῦσαι,
3531 2675 3621 2732 ἵνα
3659 2681 3692 2748 ἢ
3748 2700 3837 2748 νη-

2195 2761 2341 2815 στεία
2370 2781 2465 2815 σου
2497 2758 2657 2830 δεκτὴ
2705 2758 2741 2834 ᾖ
2789 2765 2869 2833 τῷ
2915 2767 3053 2835 Θεῷ,
3104 2768 3321 2839 πρῶτον
3367 2763 3582 2822 πάντων
3613 2764 3827 2841 φύλαξαι

2194 2848 2467 2920 νηστεύειν
2528 2849 2634 2905 άπὸ
2682 2850 2882 2912 παντὸς
2941 2849 3187 2926 ῥήματος
3239 2857 3482 2928 πονηροῦ
3530 2854 3619 2910 καὶ
3664 2854 3824 2922 ἀκοῆς

2193 2944 2458 3013 πονηρᾶς,
2507 2937 2597 2992 καὶ
2642 2937 2932 3011 καθάρισόν
2982 2959 3077 2994 σου
3123 2940 3222 3009 τήν
3254 2938 3472 3015 καρδίαν
3501 2941 3607 2997 ἀπὸ
3630 2941 3816 3003 παντὸς

2198 3026 2486 3101 μολυσμοῦ
2541 3027 2631 3083 καὶ
2688 3028 3046 3101 μνησικακίας
3095 3030 3184 3084 καὶ
3240 3027 3688 3107 αἰσχροκερδείας.
3726 3030 3822 3085 Καὶ

2194 3115 2247 3171 ἐν
2274 3117 2459 3194 ἡμέρᾳ
2495 3115 2531 3190 ᾗ
2580 3116 2856 3187 νηστεύεις
2901 3116 3188 3193 ἀρκέσθητι
3230 3118 3378 3194 ἄρτῳ
3424 3119 3513 3175 καὶ
3571 3119 3827 3194 λαχάνοις

2192 3206 2283 3260 καὶ
2314 3202 2489 3277 ὕδατι,
2551 3204 2885 3280 εὐχαριστῶν
2944 3210 3025 3278 τῷ
3073 3211 3208 3279 Θεῷ.
3262 3208 3625 3286 Συμψηφίσας
3656 3205 3711 3263 δέ
3736 3210 3828 3277 τὴν

426 3305 660 3380 prandii
690 3280 848 3376 quod
880 3317 947 3356 eo
972 3280 1067 3356 die
1095 3280 1445 3371 sumpturus
1502 3314 1632 3353 eras
1662 3295 1867 3367 pretio,
1909 3309 2081 3363 eroga

2197 3295 2469 3365 ποσότητα
2544 3296 2643 3363 τῆς
2721 3291 2964 3363 δαπάνης
3030 3299 3127 3349 τοῦ
3201 3280 3424 3372 ἀρίστου
3482 3280 3559 3352 ὀὗ
3611 3292 3831 3371 ἔμελλες

424 3395 633 3464 viduae,
665 3392 951 3464 orphano,
1001 3404 1204 3461 egeno,
1253 3387 1353 3459 qui
1398 3386 1645 3458 impleta
1699 3383 1899 3440 anima
1946 3398 2075 3449 sua,

424 3484 617 3541 orabit
646 3497 750 3554 pro
779 3485 835 3536 t3
854 3477 1195 3535 Dominum.
1228 3476 1287 3533 Si
1320 3492 1457 3547 ergo
1480 3473 1801 3546 jejunium,
1836 3475 1901 3527 ut
1939 3486 2080 3543 prte-

422 3570 635 3645 scripsi
664 3570 792 3637 tibi,
816 3566 1187 3641 persolveris,
1233 3564 1589 3621 sacriﬁcium
1644 3568 1813 3618 tuum
1846 3559 1956 3616 erit
1982 3575 2076 3615 ac-

2185 3383 2377 3439 ἐσθίειν
2408 3384 2527 3439 κατ’
2552 3381 2761 3454 ἐκείνην
2786 3385 2886 3453 τήν
2927 3382 3157 3460 ἡμέραν,
3191 3381 3282 3447 δὸς
3334 3387 3488 3462 χήρᾳ
3532 3388 3568 3456 ἢ
3624 3385 3829 3464 ὀρφανῷ

2184 3473 2220 3541 ἢ
2275 3472 2638 3545 στερουμένῳ.
2689 3471 2873 3547 (πρὸς)
2931 3471 2988 3527 6'v
3022 3469 3089 3540 δὴ
3149 3476 3333 3549 σαφῶς
3390 3473 3680 3546 ἐμπλήσας
3732 3474 3825 3543 τὴν

2187 3561 2379 3616 ἐαυτοῦ
2408 3560 2621 3636 ψύχήν,
2667 3557 2870 3631 εὔξεται
2930 3560 3062 3635 ὑπὲρ
3114 3565 3211 3615 σοῦ
3257 3561 3396 3638 πρὸς
3442 3562 3666 3639 Κύριον.
3709 3563 3823 3621 Ἐὰν

421 3667 659 3733 ceptum
686 3659 745 3716 in
778 3664 1095 3729 conspectu
1126 3652 1815 3724 Domini,etdesoriptuui
1839 3650 1898 3705 in
1916 3647 2078 3705 caelis

2197 3648 2279 3704 »ὗν
2308 3648 2531 3723 τελέσῃς
2560 3651 2660 3719 τὴν
2719 3649 2991 3722 νηστείαν,
3041 3650 3115 3712 ὡς
3148 3649 3495 3724 ἐνετειλάμην
3554 3673 3663 3726 σοι,
3692 3649 3827 3707 ἔσται

420 3749 481 3804 in
515 3749 609 3805 die
638 3745 1045 3804 retributionis
1063 3746 1351 3800 bonorum
1374 3742 1557 3814 justis
1591 3746 2073 3813 przeparatorum.

2185 3741 2220 3809 ἡ
2273 3740 2428 3804 θυσία
2484 3762 2580 3796 σου
2647 3738 2808 3809 δεκτὴ
2861 3739 3087 3796 ἐνώπιον
3145 3739 3345 3817 Κυρίου
3392 3742 3483 3798 καὶ
3537 3741 3834 3819 ἐγγεγραμ-

427 3854 562 3928 μένη
606 3852 661 3907 ἐν
687 3857 807 3914 τοῖς
839 3850 1089 3926 οὐρανοῖς
1123 3846 1176 3903 ἐν
1203 3848 1386 3924 ἡμέρᾳ
1413 3844 1822 3907 ἀνταποδόσεως
1848 3848 1956 3899 τῶν
1990 3837 2412 3913 ἡτοιμασμένων
2442 3839 2656 3913 ἀγαθῶν
2686 3843 2805 3900 τοῖς
2837 3834 3089 3900 δικαίοις.

490 3946 592 4003 His
619 3942 837 4001 auditis
869 3941 1229 4012 adolescens,
1278 3939 1669 4011 omnibusque
1711 3936 1931 3994 relictis
1960 3949 2082 3990 ser-

417 4051 555 4093 vum
590 4033 760 4091 Deivi
787 4030 1065 4104 compulit
1093 4036 1157 4086 ut
1211 4047 1272 4087 se
1330 4029 1612 4101 reciperet
1670 4029 1729 4084 in
1789 4030 2082 4083 monaste-

418 4124 598 4180 rium.
633 4129 714 4179 Ac
732 4125 970 4178 secutus
999 4119 1191 4191 illum,
1223 4119 1584 4191 servatisque
1639 4119 1915 4174 omnibus
1954 4135 2082 4191 quae

424 4212 497 4267 ab
528 4226 596 4267 eo
628 4208 932 4276 didicerat,
966 4212 1144 4281 atque
1175 4224 1327 4264 anno
1360 4226 1474 4264 uno
1503 4207 1563 4263 in
1600 4225 1813 4281 magna
1853 4213 2082 4281 tempe-

422 4298 637 4370 rantia,
668 4297 945 4371 lacrymis
976 4302 1034 4353 et
1088 4297 1414 4369 gemitibus
1470 4314 1770 4369 percurso,
1830 4298 1889 4353 in
1942 4314 2084 4370 pace

419 4387 793 4457 obdormivit,
826 4386 1188 4459 tradiditque
1222 4386 1474 4443 Domino
1499 4386 1797 4458 spiritum.
1931 4389 1933 4392 ⁴

2262 3940 2436 3991 Ταῦτα
2466 3936 2698 3998 ἀκούσας
2732 3936 2760 3990 6
2800 3936 3087 4010 νεώτερος,
3130 3936 3221 3991 καὶ
3270 3934 3600 4011 καταλείψας
3656 3941 3839 4008 πάντα,

2192 4022 2443 4082 ἐϐιάσατο
2488 4028 2581 4083 τὸν
2633 4024 2835 4082 δοῦλον
2878 4030 2974 4081 τοῦ
3012 4030 3145 4082 Θεοῦ
3187 4020 3379 4085 λαϐεῖν
3432 4026 3591 4084 αὐτὸν
3643 4027 3718 4090 εἲς
3746 4026 3839 4095 τὴν

2197 4119 2390 4190 μονήν.
2427 4117 2528 4174 Καὶ
2574 4114 2951 4186 ἀκολουθήσας
2996 4114 3162 4189 αὐτῷ,
3213 4115 3385 4171 πάντα
3434 4115 3533 4171 ὅσα
3580 4114 3841 4193 ἐδιδάχθη

2192 4210 2317 4284 παρ’
2348 4206 2512 4262 αὐτοῦ
2543 4204 2800 4283 φυλάξας,
2852 4204 2904 4260 ἐι
2954 4203 3143 4277 πολλῇ
3189 4204 3470 4282 ἐγκρατείᾳ
3501 4205 3591 4261 καὶ
3627 4203 3846 4283 δάκρυσι

2191 4300 2281 4354 καὶ
2313 4302 2629 4374 στεναγμοῖς
2658 4295 2958 4371 πληρώσας
2987 4293 3251 4351 ἐνιαύσιον
3282 4294 3509 4372 χρόνον,
3550 4295 3602 4351 ἐν
3659 4296 3842 4373 εἷ’ρήνῃ

2194 4389 2489 4461 ἐκοιμήθη,
2522 4382 2795 4461 παραδοὺς
2822 4386 2885 4440 τὸ
2914 4389 3127 4458 πνεῦμα
3154 4406 3232 4457 τῳ
3260 4384 3461 4459 Κυρίῳ.

493 4489 580 4544 17.
612 4487 843 4559 Elapsis
872 4486 1065 4542 tribus
1094 4485 1286 4552 annis,
1313 4502 1446 4541 mox
1476 4486 1827 4542 moriturum
1868 4504 2070 4544 mona-

2252 4488 2341 4543 17.
2374 4485 2473 4540 Καὶ
2505 4484 2639 4557 μετὰ
2666 4484 2790 4561 τρία
2837 4482 2953 4557 ἔτη,
3016 4482 3318 4558 μέλλοντος
3367 4488 3466 4540 τοῦ
3522 4482 3843 4560 ἡγουμένου

420 4577 584 4632 sterii
615 4576 955 4648 prtefectum
979 4575 1221 4647 quidam
1256 4575 1441 4631 sancti
1473 4575 1730 4648 episcopi
1756 4575 1949 4631 visum
1982 4593 2084 4633 ve—

424 4669 642 4721 nerunt
686 4682 698 4720 :
756 4664 1099 4737 rogavitque
1157 4664 1289 4719 illos
1333 4663 1658 4736 praefectus,
1724 4670 1789 4719 ut
1835 4665 2083 4723 fratrum

423 4753 1100 4825 amantem,injuriarum
1126 4753 1532 4809 immemorem
1564 4757 1620 4808 et
1650 4753 1935 4810 humilem
1965 4758 2083 4812 An-

420 4843 683 4900 tiochum
718 4843 805 4899 sui
844 4845 965 4898 loco
995 4843 1459 4898 constituerent:
1510 4858 1638 4915 quae
1696 4844 1897 4899 eadem
1956 4857 2084 4901 erat

424 4933 673 4989 fratrum
714 4932 979 4987 omnium
1040 4930 1378 5003 postulatio.
1431 4930 1812 5003 Repugnanle
1863 4933 1962 4989 illo
2017 4950 2084 4990 ac

423 5021 899 5094 collacrymante,
933 5037 1147 5092 magna
1203 5020 1256 5074 vi
1310 5021 1567 5092 episcopi
1609 5021 1859 5078 invitum
1893 5022 2082 5092 illum,

422 5128 559 5168 cum
592 5111 755 5183 prius
785 5109 1159 5165 ordinassent
1192 5109 1617 5182 presbyterum,
1653 5112 2086 5168 constituerunt

426 5205 485 5257 et
515 5201 911 5272 hegumenum
944 5215 1047 5255 seu
1083 5197 1443 5270 praefectum.
1487 5201 1565 5254 Ac
1616 5216 1749 5255 cum
1779 5202 2085 5273 praefectus

424 5293 612 5345 totum
646 5289 759 5361 ipsi
794 5288 852 5342 in
882 5287 1111 5343 Christo
1143 5287 1394 5342 fratrum
1426 5292 1639 5344 coetum
1673 5292 2084 5346 commendas-

426 5380 534 5444 set,
566 5374 921 5431 obdormivit
973 5374 1029 5428 in
1093 5388 1252 5446 pace.
1303 5374 1587 5447 Suscepta
1644 5376 1821 5447 igitur
1874 5377 2085 5449 hujus-

428 5462 588 5519 modi
619 5479 763 5520 cura
793 5462 1111 5519 Antiochus
1141 5461 1201 5517 in
1235 5461 1419 5519 multo
1443 5464 2085 5539 studio,temperantia,

507 5718 716 5790 (78-79)
745 5717 876 5776 Haec
906 5734 974 5776 ex
1002 5718 1151 5777 libro
1181 5736 1223 5777 ιι
1254 5719 1475 5777 Hermas
1505 5719 1644 5779 hino
1671 5719 1810 5780 inde
1837 5726 2128 5798 excerpta.

2192 4582 2292 4645 τῆς
2329 4580 2503 4648 μονῆς
2532 4573 2809 4646 τελευτᾷν,
2841 4571 3012 4643 ἦλθον
3063 4573 3139 4635 είς
3185 4573 3461 4649 ἐπίσκεψιν
3512 4572 3682 4629 αὐτοῦ
3712 4591 3849 4633 τινες

2195 4662 2337 4741 ἅγιοι
2391 4663 2697 4718 ἐπίσκοποι·
2758 4663 2847 4717 καὶ
2904 4660 3197 4738 παρεκάλει
3248 4662 3447 4725 αὐτοὺς
3512 4662 3854 4740 ἡγούμενος,

2195 4754 2343 4815 ὅπως
2417 4752 2528 4807 ἀντ’
2579 4750 2744 4807 αὐτοῦ
2798 4753 2889 4807 τὸν
2959 4748 3292 4830 φιλάδελφον
3343 4752 3435 4808 καὶ
3487 4752 3855 4826 ἀμνησίκακον

2194 4843 2282 4898 καὶ
2332 4841 2723 4920 ταπεινόφρονα
2772 4841 3055 4916 Ἀντίοχον
3103 4843 3503 4913 καταστήσωσιο
3555 4842 3648 4898 καὶ
3706 4846 3848 4896 πᾶσα

2196 4929 2315 5000 δὲὴ
2367 4926 2675 5008 ἀδελφότης
2726 4927 3154 5004 συμπαρεκάλει.
3204 4934 3309 4985 Τοῦ
3360 4927 3417 4985 δὲ
3465 4929 3845 5008 ἀντιλέγοντος

2194 5020 2283 5075 καὶ
2317 5018 2675 5095 ὀδυρομένου,
2711 5018 2846 5092 μετὰ
2875 5017 3097 5089 πολλῆς
3132 5019 3249 5095 βίας
3288 5020 3376 5075 καὶ
3426 5019 3670 5097 ἀνάγκης
3732 5039 3853 5095 χει-

2196 5113 2586 5185 ροτονήσαντες
2623 5112 2816 5163 τοῦτον
2877 5109 2934 5162 οἱ
2986 5107 3275 5164 ἐπίσκοποι
3318 5104 3685 5187 πρεσϐύτερον
3734 5127 3860 5163 κατ·-

2204 5197 2431 5270 έστησαν
2490 5197 2579 5254 καὶ
2634 5197 2963 5273 ἡγούμενον.
3025 5198 3129 5255 Καὶ
3186 5197 3555 5275 παραθέμενος
3610 5198 3761 5270 αὐτῳ
3826 5195 3853 5249 6

2194 5288 2506 5363 ἡγούμενος
2554 5293 2725 5343 πᾶσαν
2777 5287 2875 5357 τὴν
2928 5286 2979 5342 ἐν
3029 5287 3247 5362 Χριστῳ
3296 5285 3667 5367 ἀδελφότητα,
3722 5286 3860 5341 ἐκοι-

2199 5378 2348 5452 μήθη
2383 5376 2435 5432 ἐν
2469 5376 2683 5453 εἰρήνῃ.
2717 5371 2911 5434 Καϐὼν
2942 5373 3033 5430 οὖν
3076 5377 3176 5445 τήν
3236 5374 3500 5456 φροντίδα
3549 5378 3577 5433 6
3644 5374 3855 5432 Ἀντίο-

2193 5485 2319 5543 χος,
2353 5464 2405 5521 ἐν
2452 5463 2643 5538 πολλῇ
2699 5462 2909 5539 σπουδῇ
2966 5465 3056 5520 καὶ
3114 5463 3399 5543 ἐγκρατείᾳ
3441 5465 3531 5522 καὶ
3588 5460 3857 5543 ἀγρυπνίᾳ
