4132 6366
317 415 436 476 581

1332 404 1730 467 DOCTRINA
1775 404 1878 463 AD
1926 402 2391 466 ANTIOCHUM
2437 404 2733 467 DUCEM.

3627 411 3747 471 582

315 544 409 599 καὶ
438 542 626 617 εὐχαῖς
662 538 913 595 διετέλει·
954 535 1143 591 πολλά
1186 557 1246 590 τε
1294 531 1524 608 [ἔνδοξα]
1574 536 1662 589 καὶ
1694 534 1969 609 κατορθώ-

2102 535 2301 607 rigiliis
2333 540 2389 592 et
2420 538 2784 592 orationibus
2815 540 3570 614 perseverabatzmultaque
3600 560 3745 614 prae-

322 653 468 707 ματα
498 628 796 685 διεπετέλει
830 629 858 681 6
893 625 1144 700 Χριστός.

394 725 480 777 18.
531 719 627 775 Καὶ
683 717 818 791 μετὰ
867 713 963 769 δύο
1012 714 1112 783 δτη
1162 718 1260 767 τοῦ
1306 715 1612 787 ἡγήσασθαι
1666 712 1821 766 αὑτὸν
1878 718 1978 779 τῆς

323 813 497 884 μονῆς
529 807 624 863 δύο
658 805 888 884 ἀδελφοὶ
937 803 1271 878 ὀλιγόψυχοι
1317 806 1474 875 κοινῇ
1521 803 1717 876 γνώμῃ
1753 801 1975 870 ἐξῆλθον

316 902 417 952 τοῦ
463 892 856 969 μοναστηρίου,
906 891 998 947 καὶ
1052 889 1379 965 ἐπέστρεψαν
1435 890 1508 951 ὡς
1560 890 1701 943 κύων
1756 889 1840 942 ἐπὶ
1888 889 1976 941 τὸν

320 984 463 1041 ἴδιον
505 984 695 1057 ἐμετὸν
745 979 1131 1041 σπαταλῶντες
1180 979 1268 1033 καὶ
1318 978 1676 1055 ἐντρυφῶντες
1728 976 1813 1031 ἐπὶ
1862 982 1979 1037 ταῖς

326 1076 612 1151 βιωτικαῖς
642 1070 973 1147 ἀσελγείαις.
1015 1069 1111 1124 Καὶ
1159 1072 1325 1123 ταῦτα
1378 1068 1559 1140 μαθὼν
1597 1068 1624 1121 6
1658 1065 1852 1127 δοῦλος
1885 1070 1981 1119 τοῦ

322 1169 461 1219 Θεοῦ
512 1161 798 1236 Ἀντίοχος
861 1161 1003 1214 πάνυ
1062 1154 1279 1230 ἔθλιψεν
1340 1158 1523 1211 ἑαυτὸν
1586 1162 1795 1226 θρηνῶν
1852 1155 1979 1216 τους

328 1252 433 1309 δύο
484 1250 771 1328 ἀδελφοὺς,
819 1251 910 1305 καὶ
965 1245 1142 1303 ἐδέετο
1203 1248 1328 1321 περὶ
1381 1246 1555 1302 αὐτῶν
1610 1244 1706 1300 τοῦ
1762 1246 1979 1316 Κυρίου.

328 1340 671 1396 Ψαλλόντων
706 1336 763 1393 δὲ
808 1336 981 1393 αὐτῶν
1028 1336 1127 1403 τὴν
1181 1334 1395 1407 ἐνάτην,
1450 1336 1523 1396 ὡς
1575 1330 1750 1388 ἔκλινε
1794 1335 1858 1385 τὰ
1888 1334 1981 1406 γό-

329 1451 462 1484 νατα
520 1428 610 1484 σὺν
666 1432 780 1489 τοῖς
838 1424 1111 1504 ἀδελφοῖς,
1170 1424 1385 1500 γέγονεν
1458 1424 1508 1477 ἐν
1570 1423 1833 1491 ἐκστάσει,
1893 1423 1980 1476 καὶ

332 1512 816 1595 παραλαμϐάνεται
866 1518 899 1585 ἡ
948 1516 1100 1589 ψυχὴ
1162 1513 1327 1568 αὐτοῦ
1387 1513 1489 1567 ὑπὸ
1546 1511 1820 1587 ἀγγέλου.
1883 1512 1979 1565 Καὶ

327 1606 552 1676 πολλῆς
630 1605 771 1678 ὥρας
844 1600 1271 1677 παρελθούσης,
1324 1601 1414 1657 καὶ
1478 1603 1552 1673 μή
1634 1600 1980 1676 ἐγειρομένου

327 1693 497 1751 αὐτοῦ
528 1741 544 1765 ,
601 1694 857 1767 ἐγείρεται
918 1693 945 1747 ὁ
1020 1690 1361 1766 δευτεράριος
1437 1687 1621 1763 αὐτοῦ,
1698 1690 1786 1744 καὶ
1866 1690 1980 1761 μετ’

326 1783 616 1845 ἐπιεικείας
692 1780 988 1857 παρεκάλει
1047 1781 1389 1849 ἀναστῆναι,
1448 1780 1537 1833 καὶ
1611 1778 1824 1834 τελέσαι
1882 1780 1977 1847 τήν

2090 624 2246 679 clara
2276 632 2442 696 gesta
2473 642 2574 696 per
2606 643 2737 680 eum
2770 626 3036 681 Christus
3069 629 3437 699 Operabatur.

2164 715 2249 767 18.
2303 716 2435 769 Post
2484 716 2633 769 duos
2680 732 2813 771 vero
2864 734 2981 770 suae
3034 718 3091 771 in
3150 720 3500 774 monasterio
3548 721 3748 792 prafe-

2091 807 2267 857 cturas
2301 820 2505 871 annos,
2540 804 2655 858 duo
2704 804 3113 875 pusillanimes
3166 807 3394 872 fratres,
3447 809 3750 863 communi

2091 892 2385 947 sententia
2434 910 2502 947 ex
2553 894 2907 947 monasterio
2963 897 3205 965 egressi,
3259 898 3472 951 reversi
3516 903 3656 952 sunt
3689 903 3751 954 ut

2092 997 2265 1035 canes
2298 982 2371 1034 ad
2406 982 2686 1036 vomitum
2720 1000 2916 1048 suum,
2936 1000 3063 1037 sese
3093 984 3300 1038 dantes
3327 985 3749 1057 voluptatibus,

2091 1068 2316 1124 deliciis
2347 1074 2403 1124 et
2436 1069 2688 1125 lasciviis
2721 1070 2899 1140 hujus
2931 1071 3259 1127 saeculi.His
3290 1076 3606 1145 compertis
3638 1093 3752 1131 ser-

2092 1174 2200 1211 vus
2231 1157 2331 1212 Dei
2362 1158 2707 1224 Antiochus,
2756 1159 3012 1215 multum
3064 1176 3191 1215 sese
3242 1164 3573 1231 maceravit,
3626 1181 3751 1219 am-

2093 1246 2199 1301 bos
2247 1245 2378 1301 illos
2428 1247 2740 1319 deplorans
2794 1249 3019 1313 fratres,
3068 1266 3133 1303 ac
3163 1250 3479 1306 Dominum
3512 1253 3751 1309 illorum

2092 1351 2270 1390 causa
2302 1350 2571 1406 precatus
2603 1337 3117 1392 est.Psallentibus
3147 1344 3342 1394 autem
3373 1340 3486 1395 illis
3509 1358 3748 1410 nonam,

2094 1424 2193 1478 ubi
2218 1441 2334 1479 una
2356 1441 2487 1479 cum
2515 1426 2794 1481 fratribus
2815 1443 3006 1497 genua
3031 1427 3317 1494 ﬂectebat,
3335 1436 3541 1501 raptus
3572 1436 3661 1486 est
3690 1432 3751 1486 in

2092 1512 2365 1581 exstasin,
2400 1514 2715 1585 animaque
2747 1516 2873 1584 ejus
2906 1516 3185 1587 arripitur
3217 1517 3288 1571 ab
3318 1520 3544 1590 angelo.
3572 1520 3751 1577 Multo

2091 1600 2288 1673 elapso
2323 1603 2601 1672 temporis
2634 1602 2980 1673 spatio,cum
3012 1605 3271 1659 nondum
3304 1608 3753 1678 expergisceret,

2093 1690 2282 1761 surgit
2351 1692 2737 1746 secundarius
2803 1692 2951 1761 ejus,
2996 1692 3324 1765 leniterque
3372 1696 3640 1753 hortatur
3689 1703 3756 1755 ut

2092 1784 2386 1851 exsurgat,
2421 1780 2825 1852 orationisque
2859 1781 3251 1837 ministerium
3291 1786 3749 1855 persolvat.Con-

327 1870 668 1945 λειτουργίαν
754 1871 855 1939 τῆς
932 1868 1123 1944 εὐχῆς.
1211 1869 1297 1928 Ὠς
1370 1864 1439 1922 δὲ’
1484 1864 1646 1938 εἶδον,
1724 1866 1805 1922 6'1:
1884 1867 1983 1921 οὐκ

2102 1868 2303 1940 apicati
2335 1875 2531 1924 autem
2567 1886 2669 1923 nec
2700 1887 2897 1925 vocem
2934 1888 3035 1925 nec
3069 1873 3336 1928 auditum
3371 1892 3521 1942 esse,
3574 1876 3754 1932 intel-

329 1961 399 2030 ἦν
460 1960 615 2037 φωνὴ
667 1958 759 2013 καὶ
814 1957 914 2013 ούκ
968 1959 1036 2027 ἦν
1096 1958 1381 2033 ἀκρόασις,
1445 1955 1736 2031 ἐγνώρισαν
1798 1957 1987 2010 ὀπτα-

335 2049 455 2102 σίαν
535 2045 695 2101 αὐτὸν
787 2046 1007 2121 βλέπειν
1080 2044 1169 2099 καὶ
1261 2044 1624 2119 ὑπεχώρησαν
1703 2046 1791 2098 ἀπ’
1866 2044 1929 2098 αὖ
1964 2077 1985 2086 -

332 2142 431 2192 τοῦ
480 2134 869 2211 πληρώσαντες
914 2135 1005 2189 τὸν
1066 2134 1281 2189 κανόνα.
1342 2131 1663 2195 Μέλλοντος
1714 2131 1770 2188 δὲ
1815 2132 1988 2187 δύνειν

330 2229 428 2280 τοῦ
460 2224 625 2293 ἡλίου
670 2224 865 2296 κράξας
914 2226 1080 2279 εἶπεν.
1116 2225 1250 2294 Δόξα
1298 2244 1405 2295 σοι,
1446 2226 1473 2277 6
1507 2224 1657 2296 Θεὸς,
1707 2223 1832 2294 δόξα
1880 2245 1985 2279 σοι.

329 2314 473 2372 Τότε
528 2313 843 2389 προσῆλθον
905 2312 1051 2384 αὐτῷ
1110 2319 1252 2367 πᾶσα
1310 2315 1343 2381 ἡ
1396 2310 1633 2382 συνοδία,
1680 2314 1990 2368 ἱκετεύουσα

334 2401 505 2476 μηδὲν
559 2403 649 2456 ἀπ’
678 2402 852 2456 αὐτῶν
912 2403 1135 2478 κρύψαι,
1177 2403 1249 2455 ὦν
1286 2403 1313 2455 6
1345 2402 1475 2463 Θεὸς
1524 2402 1669 2474 αὐτῴ
1716 2402 1988 2457 ἀπεκάλυο

330 2496 452 2565 ψεν.
488 2491 585 2546 Καὶ
620 2492 697 2563 μὴ
730 2489 977 2561 δυνηθεὶς
1007 2491 1207 2566 κρύψαι
1242 2488 1330 2545 διὰ
1358 2492 1456 2560 τὴν
1489 2489 1708 2560 πολλὴν
1750 2487 1985 2567 ὄχλησιν

327 2586 440 2637 τῶν
475 2578 748 2658 ἀδελφῶν,
799 2582 1034 2650 ποιήσας
1087 2579 1279 2655 εὐχὴν,
1310 2579 1511 2656 ἤρξατο
1562 2581 1757 2657 λέγειν·
1808 2584 1988 2657 Παρα-

332 2668 565 2749 ληφθεὶς
609 2671 797 2746 χάριτι
847 2674 1079 2744 Χριστοῦ
1134 2670 1235 2724 ὑπὸ
1286 2668 1519 2745 ἀγγέλου
1551 2671 1663 2744 (80)
1708 2668 1877 2738 ἦλθον
1913 2670 1988 2732 εἷς

331 2757 546 2828 πεδίον,
578 2759 667 2813 καὶ
700 2756 957 2833 [δείκνυσί
1009 2761 1123 2831 μοι]
1176 2755 1345 2813 παῖδα
1391 2757 1661 2813 νεανίσκον
1701 2756 1990 2831 ἐνδεδυμέ-

331 2871 424 2904 νον
478 2848 718 2913 σύνθεσιν
768 2844 1079 2920 ἐνδυμάτων
1126 2846 1385 2924 κροκέων,
1436 2848 1696 2923 βόσκοντα
1744 2843 1992 2923 πρόϐατα

329 2936 523 2993 πολλὰ
583 2935 725 2991 λίαν’
784 2936 979 2990 καὶτὰ
1036 2930 1283 3012 πρόϐατα
1332 2941 1499 2991 ταῦτα
1554 2940 1617 3006 ἦν
1679 2938 1806 2991 ὡσεὶ
1863 2958 1989 3013 τρυ-

334 3032 522 3105 φῶντα
568 3027 657 3080 καὶ
709 3024 827 3081 λίαν
878 3024 1234 3081 σπαταλῶντα
1295 3026 1383 3081 καὶ
1435 3024 1641 3102 ἱλαρὰ,
1693 3031 1990 3102 σκιρτῶντα

334 3114 446 3172 ὦδε
475 3116 651 3175 κάκεῖ.
696 3115 793 3170 Καὶ
843 3115 1002 3178 αὐτὸς
1035 3117 1062 3171 6
1092 3117 1301 3189 ποιμήν
1354 3115 1491 3170 πάνυ
1541 3114 1730 3189 ἱλαρὸς
1784 3114 1871 3170 ἐπὶ
1910 3121 1989 3189 τῷ

331 3206 582 3280 ποιμνίῳ
638 3204 784 3277 αὐτῷ
837 3208 902 3273 ἦν
963 3205 1050 3260 καὶ
1109 3205 1425 3281 περιέτρεχε
1468 3204 1533 3259 τὰ
1581 3200 1845 3281 πρόϐατα.
1890 3206 1988 3261 Καὶ

333 3295 485 3352 ἄλλα
528 3290 776 3367 πρόϐατα
826 3291 966 3349 εἶδον
1018 3293 1378 3349 σπαταλῶντα
1442 3295 1532 3349 καὶ
1588 3299 1875 3373 τρυφῶντα
1936 3293 1986 3349 ἐν
2022 3266 2063 3334 C

326 3381 491 3459 τόπῳ
522 3383 625 3454 ἑνὶ,
659 3383 721 3438 ού
772 3383 953 3456 μέντοι
1003 3389 1325 3460 σκιρτῶντα.
1379 3384 1482 3441 Καὶ
1524 3382 1675 3459 λέγει
1709 3403 1822 3457 μοι⁹
1857 3382 1996 3441 Βλέ-

329 3496 456 3537 πεις
510 3474 602 3528 τὸν
651 3471 888 3546 ποιμένα
932 3478 1123 3529 τοῦτον
1159 3492 1173 3543 ;
1206 3470 1422 3543 Βλέπω,
1474 3472 1628 3550 φησὶ,
1679 3474 1859 3549 Κύριε.
1894 3471 1997 3531 Οὗ-

330 3586 453 3635 τος,
486 3563 674 3641 φησὶν,
726 3558 957 3638 ἅγγελος
1006 3569 1213 3640 τρυφῆς
1252 3561 1341 3617 καὶ
1389 3561 1598 3634 ἀπάτης
1631 3562 1794 3619 ἐστίν’
1838 3563 1995 3627 οὗτος

337 3648 583 3731 ἐκτρίϐει
611 3652 709 3716 τὰς
741 3654 920 3729 ψυχὰς
961 3656 1067 3707 τῶν
1120 3649 1337 3707 δούλων
1386 3657 1482 3708 τοῦ
1532 3657 1665 3708 Θεοῦ
1713 3652 1801 3708 καὶ
1834 3675 1995 3708 κατα-

339 3744 560 3822 στρέφει
589 3742 698 3797 ἀπὸ
744 3748 844 3811 τῆς
893 3740 1156 3811 ἀληθείας
1187 3740 1405 3796 ἀπατῶν
1454 3741 1615 3804 αὐτὰς
1644 3748 1762 3803 ταῖς
1812 3742 1995 3797 ἐπιθυ-

348 3832 499 3905 μίαις
526 3836 648 3895 ταῖς
679 3836 974 3906 πονηραῖς,
1025 3830 1076 3885 ἐν
1130 3830 1213 3893 αἶς
1259 3830 1599 3887 ἀπόΛλυνται
1639 3831 1993 3895 ἐπιλανθανό-

351 3942 502 3994 μενοι
524 3923 631 3977 τῶν
664 3919 898 3976 ἐντολῶν
946 3924 1044 3975 τοῦ
1095 3924 1291 3989 ζῶντος
1340 3924 1437 3975 τοῦ
1468 3923 1601 3975 Θεοῦ
1645 3920 1733 3987 καὶ
1765 3920 1994 3997 πορευό-

346 4031 505 4084 μενοι
553 4015 670 4073 ταῖς
720 4008 973 4090 ματαίαις
1010 4015 1238 4087 τρυφαῖς
1286 4009 1377 4064 καὶ
1436 4008 1665 4071 ἀπάταις
1723 4013 1820 4063 τοῦ
1872 4010 1993 4084 βίου

334 4097 567 4159 τούτου.
606 4100 695 4153 Διὸ
723 4100 812 4154 καὶ
844 4098 1186 4155 ἀπόλλυνται
1220 4098 1322 4153 ὑπὸ
1361 4095 1459 4152 τοῦ
1508 4095 1747 4172 ἀγγέλου
1794 4097 1992 4152 τούτου

333 4187 415 4251 εἰς
465 4188 686 4244 θάνατον
741 4191 856 4263 (81)
910 4188 1001 4243 καὶ
1058 4188 1423 4265 καταφθοράν.
1476 4186 1629 4262 Λέγω
1687 4186 1852 4259 αὐτῷ’
1912 4187 1988 4244 Οὐ

332 4279 614 4354 γινώσκω,
648 4279 827 4354 Κύριε,
857 4276 910 4333 τί
961 4277 1126 4350 ἐστιν,
1177 4276 1253 4339 εἰς
1313 4276 1536 4342 θάνατον
1584 4276 1673 4331 καὶ
1726 4277 1991 4354 καταφθο-

325 4367 447 4444 ράν.
510 4369 608 4424 Καὶ
666 4368 814 4445 λέγει
876 4370 1248 4442 μοι’⁹¹Ακουε,
1308 4368 1495 4446 φησὶν,
1556 4366 1589 4421 ’ὰ
1633 4364 1786 4429 εἶδες.
1840 4366 1987 4442 Πρό-

320 4453 462 4514 6ατα
508 4457 678 4532 ἱλαρά
723 4458 815 4513 καὶ
867 4462 1167 4533 σκιρτῶντα
1217 4457 1368 4513 οὗτοί
1401 4457 1533 4511 εἰσιν
1564 4459 1615 4512 οἱ
1646 4456 1990 4531 ἀπεσπασμέ-

317 4569 404 4603 νοι
437 4548 545 4602 ἀπὸ
573 4552 672 4603 τοῦ
702 4552 841 4604 Θεοῦ
872 4548 949 4611 εἰς
975 4546 1137 4609 τέλος
1168 4547 1257 4602 καὶ
1285 4543 1728 4622 παραδεδωκότες
1762 4546 1983 4608 ἑαυτοὺς

2097 1957 2283 2012 lexere
2302 1957 2583 2014 visionem
2604 1959 2769 2013 illum
2788 1964 2951 2014 conte
2962 1962 3263 2030 mplari,ac
3282 1980 3407 2018 com
3418 1964 3568 2035 plcto
3587 1982 3757 2023 cano-

2098 2062 2170 2101 ne
2206 2048 2347 2103 221
2393 2048 2729 2103 abscessere
2760 2048 2829 2102 ab
2863 2047 2983 2104 illo.
3012 2050 3155 2104 Cum
3190 2058 3387 2107 autem
3422 2054 3759 2111 immineret

2100 2136 2241 2191 solis
2275 2153 2537 2205 occasus,
2571 2154 2704 2191 cum
2737 2137 2989 2192 clamore
3020 2139 3101 2193 ait
3138 2156 3150 2194 :
3184 2140 3381 2195 Gloria
3414 2142 3540 2213 tibi,
3575 2144 3751 2213 Deus,

2099 2225 2287 2296 gloria
2318 2226 2442 2280 tibi.
2475 2226 2636 2281 Tunc
2670 2228 2916 2281 accessit
2947 2229 3138 2282 omnis
3171 2234 3372 2298 castus,
3415 2233 3756 2304 rogavitque

2099 2314 2245 2369 nihil
2270 2320 2333 2369 ut
2353 2315 2565 2370 celaret
2587 2333 2789 2371 eorum
2814 2332 2941 2387 quae
2965 2318 3249 2372 Dominus
3274 2319 3383 2374 sibi
3420 2322 3752 2378 revelasset.

2099 2404 2319 2459 Etcum
2344 2422 2458 2475 pra:
2484 2406 2930 2475 importunitate
2945 2408 3185 2461 fratrum
3204 2407 3391 2464 celare
3407 2427 3519 2465 non
3534 2416 3752 2481 posset,

2100 2493 2253 2547 facta
2266 2492 2429 2563 prius
2444 2493 2812 2562 oratione,ita
2826 2512 2995 2549 orsus
3010 2501 3130 2550 est:
3155 2496 3376 2567 Raptus
3393 2515 3495 2569 per
3520 2500 3755 2556 Domini

2099 2580 2345 2653 gratiam
2379 2582 2449 2636 ab
2482 2583 2690 2653 angelo
2724 2583 2848 2636 veni
2881 2582 2939 2637 in
2972 2601 3178 2655 agrum
3203 2587 3756 2656 quemdam.0sten-

2100 2671 2303 2741 ditque
2336 2670 2431 2726 ille
2464 2671 2607 2725 mihi
2640 2672 3067 2727 adolescentem
3109 2676 3427 2745 quemdam
3477 2676 3753 2734 indutum

2101 2762 2361 2834 synthesi
2390 2778 2724 2817 croceorum
2744 2764 3359 2837 vestimentorum,qui
3394 2768 3759 2840 quampluri-

2102 2867 2228 2905 mas
2263 2851 2538 2921 pascebat
2565 2867 2701 2905 oves
2729 2858 3044 2923 :erantque
3075 2869 3210 2908 oves
3245 2854 3355 2909 illae
3387 2856 3756 2925 deliciantes,

2100 2940 2169 2994 ad
2183 2941 2535 3010 modumque
2566 2939 2933 2995 luxuriantes
2950 2948 3006 2996 et
3023 2942 3401 3008 hilares,hinc
3423 2950 3599 3016 atque
3621 2945 3759 3002 hinc

2101 3030 2483 3086 exsultantes.
2512 3032 2755 3102 Ipseque
2788 3037 2985 3103 pastor
3015 3031 3268 3087 multum
3302 3033 3503 3089 hilaris
3535 3035 3593 3090 in
3620 3036 3758 3092 ovili

2100 3121 2347 3191 degebat
2373 3136 2502 3187 suo,
2535 3125 2590 3174 et
2618 3136 2753 3175 oves
2779 3120 3082 3176 circuibat.
3132 3121 3409 3194 Aliasque
3456 3124 3571 3179 vidi
3623 3142 3758 3182 oves

2102 3208 2467 3264 luxuriantes
2517 3213 2571 3263 et
2620 3207 2960 3264 deliciantes
3011 3226 3125 3265 uno
3155 3210 3213 3264 in
3247 3211 3392 3279 loco,
3428 3230 3532 3267 nec
3561 3219 3757 3270 tamen

2105 3298 2487 3354 exsultantes.
2521 3298 2730 3368 Aitque
2765 3298 2907 3353 mihi
2941 3315 2953 3353 :
2988 3298 3187 3354 Viden’
3222 3300 3378 3356 hunc
3422 3303 3762 3372 pastorem?

2106 3385 2307 3453 Video,
2341 3384 2603 3455 inquam,
2622 3385 2887 3441 Domine.
2907 3386 3009 3442 Hic
3041 3391 3148 3455 est,
3170 3388 3269 3458 ait,
3290 3389 3534 3461 angelus
3561 3390 3763 3463 volup-

2106 3476 2246 3532 tatis
2280 3480 2338 3531 et
2368 3474 2741 3543 fallaciaHic
2770 3477 2970 3531 atterit
2998 3477 3228 3533 animas
3252 3494 3555 3534 servorum
3578 3480 3766 3549 Dei,et

2106 3564 2311 3620 avertit
2333 3582 2367 3620 a
2386 3563 2837 3634 veritate,malis
2861 3564 3159 3636 decipiens
3187 3565 3318 3622 illas
3348 3569 3766 3641 concupiscen-

2107 3654 2294 3721 tiis,in
2327 3654 2541 3724 quibus
2560 3652 2670 3708 illas
2690 3659 2936 3724 pereunt
2952 3655 3329 3712 immemores
3347 3659 3761 3715 mandatorum

2111 3743 2207 3798 Dei
2239 3743 2504 3811 viventis,
2534 3742 2988 3814 incedentesque
3037 3743 3096 3797 in
3145 3744 3313 3800 vanis
3359 3746 3765 3818 voluptatibus

2107 3837 2163 3888 et
2214 3832 2461 3887 fallaciis
2512 3832 2691 3902 hujus
2720 3834 2867 3888 vitae.
2904 3833 3268 3905 QuaprOpter
3298 3835 3658 3907 dispereunt,
3692 3837 3765 3893 ab

2106 3922 2215 3977 hoc
2264 3922 2470 3994 angelo
2519 3922 2579 3975 in
2626 3926 2935 3977 mortemet
2986 3923 3421 3995 corruptionem
3470 3926 3766 3982 deducta.

2105 4012 2254 4065 Tum
2288 4028 2391 4081 ego
2428 4028 2439 4065 :
2474 4010 2703 4081 Ignoro,
2736 4010 3005 4077 Domine,
3040 4011 3181 4082 quid
3214 4012 3378 4067 sitm
3414 4019 3661 4070 mortem
3711 4020 3771 4072 et

2103 4098 2559 4171 corruptionem.
2586 4098 2856 4169 Dixitque
2885 4099 3029 4153 mihi
3062 4118 3073 4155 :
3100 4101 3253 4155 Audi
3287 4106 3344 4156 et
3373 4102 3605 4175 percipe
3636 4120 3764 4175 quae

2099 4188 2262 4243 vides
2297 4205 2309 4243 :
2346 4188 2493 4244 Oves
2524 4186 2739 4241 hilares
2770 4186 2882 4241 illa:
2914 4193 2969 4242 et
2995 4188 3380 4256 exsultantes,
3409 4191 3465 4245 hi
3488 4196 3629 4247 sunt
3660 4205 3768 4264 qui

2099 4296 2133 4334 a
2162 4279 2278 4335 Deo
2311 4278 2383 4333 ad
2418 4277 2594 4332 finem
2624 4292 2811 4347 usque
2844 4277 3029 4333 avulsi
3062 4284 3220 4344 sunt,
3269 4284 3326 4334 et
3373 4297 3502 4335 sese
3550 4298 3764 4339 concu-

2098 4367 2405 4440 piscentiis
2438 4366 2619 4437 hujus
2658 4365 2853 4421 seculi
2889 4366 3278 4421 tradiderunt.
3314 4368 3376 4423 In
3427 4368 3520 4424 his
3572 4371 3771 4441 itaque

2100 4457 2262 4513 nulla
2294 4461 2383 4511 est
2414 4454 2760 4528 paenitentia
2783 4456 2852 4509 de
2883 4456 3003 4510 vita
3034 4456 3312 4527 sua,quia
3343 4456 3519 4513 etiam
3555 4476 3769 4516 nomen

2098 4546 2332 4604 Domini
2382 4550 2617 4617 propter
2668 4544 2798 4599 illos
2848 4544 3332 4616 blasphematur.
3386 4550 3604 4603 Harum
3653 4548 3770 4605 vita

320 4642 445 4700 ταῖς
475 4636 793 4711 ἐπιθυμίαις
842 4642 939 4693 τοῦ
997 4637 1191 4700 αἶ’ῶνος
1239 4636 1455 4693 τούτου.
1492 4637 1578 4693 Ἐν
1628 4635 1842 4698 τούτοις
1898 4633 1989 4690 οὖν

2102 4653 2259 4692 mors
2289 4640 2392 4691 est.
2419 4638 2575 4701 Quas
2606 4637 2801 4689 autem
2837 4632 3032 4688 vidisti
3064 4650 3182 4689 non
3218 4634 3605 4706 exsultantes,
3626 4642 3682 4694 et
3710 4638 3771 4695 in

331 4727 592 4800 μετάνοια
625 4732 774 4797 ζωῆς
832 4725 931 4782 οὐκ
970 4726 1134 4797 ἔστιν,
1169 4726 1252 4781 ὅτι
1302 4726 1391 4780 καὶ
1419 4725 1481 4780 τὸ
1523 4720 1697 4798 ὄνομα
1734 4730 1830 4780 τοῦ
1863 4729 1997 4781 Θεοῦ

331 4812 405 4870 δι’
437 4815 635 4878 αὐτοὺς
672 4814 1104 4891 βλασφημεῖται.
1139 4817 1255 4871 Τῶν
1302 4816 1565 4870 τοιούτων
1602 4816 1635 4883 ἠ
1671 4817 1785 4884 ζωή
1838 4815 1995 4879 θάνα-

327 4904 425 4967 τός
474 4903 635 4962 ἐστιν.
685 4912 751 4959 Ἃ
800 4903 857 4960 δὲ
906 4904 1042 4967 εἶδες
1094 4906 1171 4979 μὴ
1229 4908 1553 4978 σκιρτῶντα,
1586 4902 1734 4958 ἀλλά
1793 4906 1883 4958 καὶ
1943 4903 1995 4957 ἐν

330 4994 491 5066 τόπῳ
556 4994 882 5068 βοσκόμενα,
934 4994 1086 5049 οὗτοί
1146 4994 1275 5048 εἰσιν
1327 4994 1377 5047 οἱ
1409 4990 1853 5066 παραδεδωκότες
1902 4993 1996 5065 μὲν

329 5088 402 5158 τῇ
433 5087 613 5161 τρυφῇ
642 5083 734 5138 καὶ
784 5086 959 5157 ἀπάτῃ
1014 5083 1260 5154 ἑαυτοὺς,
1294 5082 1371 5145 εἷς
1422 5080 1479 5137 δὲ
1520 5084 1611 5137 τὸν
1664 5081 1857 5157 Κύριον
1922 5083 1997 5154 μὴ

339 5171 859 5249 βλασφημήσαντες.
911 5174 1078 5231 Οὗτοι
1130 5171 1220 5227 οῦν
1273 5172 1701 5250 κατεφθαρμένοι
1731 5170 1864 5225 εἰσὶν
1897 5171 2001 5225 ἀπὸ

330 5268 438 5330 τῆς
472 5259 753 5331 ἀληθείας·
788 5260 839 5316 ἐν
893 5262 1109 5324 τούτοις
1158 5260 1314 5323 ἐλπίς
1362 5260 1475 5316 ἐστι
1528 5259 1832 5334 μετανοίας,
1884 5259 1934 5315 ἐν

2110 4726 2234 4781 loco
2267 4742 2372 4780 suo
2405 4728 2731 4795 pascentes,
2763 4721 2822 4776 hi
2856 4726 2993 4777 sunt
3018 4721 3115 4793 qui
3150 4739 3278 4779 sese
3323 4725 3561 4797 quidem
3608 4726 3772 4784 volu-

2107 4815 2252 4887 ptati
2303 4819 2359 4868 et
2408 4812 2647 4867 fallaciae
2696 4812 2988 4879 dedidere,
3044 4813 3145 4867 sed
3197 4814 3254 4867 in
3311 4816 3621 4871 Dominum
3654 4834 3769 4873 non

2109 4902 2687 4974 blasphemaverc.lli
2723 4901 2958 4972 quidem
2993 4904 3249 4974 corrupti
3280 4908 3338 4957 et
3368 4922 3401 4959 a
3423 4905 3665 4962 veritate
3686 4923 3773 4963 se-

2110 4992 2269 5047 ducti
2302 4995 2460 5057 sunt,
2494 4990 2549 5043 in
2586 4990 2679 5044 his
2707 4994 2903 5045 tamen
2954 5008 3090 5062 spes
3140 4996 3228 5046 est
3284 4994 3655 5066 poenitentiae,
3709 4996 3769 5051 in

2112 5098 2227 5152 qua
2277 5081 2465 5134 vivere
2515 5084 2781 5148 possunt.
2836 5079 3047 5133 Earum
3098 5079 3294 5151 itaque
3327 5083 3618 5154 corruptio
3655 5100 3770 5139 non

2112 5175 2202 5225 est
2234 5169 2360 5223 sine
2391 5184 2491 5239 spe
2524 5168 2990 5237 resurrectionis,
3026 5185 3211 5238 usque
3244 5170 3311 5223 ad
3345 5178 3569 5225 certum
3623 5176 3775 5228 tem-

2115 5258 2272 5331 poris
2306 5260 2588 5328 spatium.
2624 5256 2777 5311 Mors
2810 5262 3003 5311 autem
3038 5264 3317 5312 aeternum
3350 5264 3439 5313 est
3469 5260 3734 5317 exitium.

336 5348 594 5405 δύνανται
653 5355 830 5420 ζῆσαι.
866 5352 928 5408 Ἡ
957 5352 1276 5430 καταφθορὰ
1333 5350 1424 5407 οὖν
1483 5348 1678 5406 ἐλπίδα
1736 5346 1853 5425 ἔχει
1917 5348 2256 5408 ἀναστάσεως
2314 5341 2419 5406 ἓως
2476 5343 2639 5404 τινός’
2676 5344 2703 5397 6
2738 5340 2794 5398 δὲ
2854 5344 3079 5405 θάνατος
3137 5344 3413 5400 ἀπώλειαν
3474 5346 3590 5424 ἔχει
3648 5349 3777 5403 αἰώ-

335 5443 479 5479 νιον.

413 5538 528 5610 (80)
565 5540 666 5596 Hic
696 5539 1097 5612 locusLatine
1126 5544 1358 5612 tantum
1401 5540 1630 5612 legitur
1663 5541 1818 5612 apud
1868 5539 2010 5595 Her-

342 5628 507 5668 mam
556 5613 842 5669 Pastorem
871 5611 911 5669 1.
947 5629 1032 5681 III,
1067 5611 1245 5685 simil.
1278 5614 1332 5681 6,
1365 5629 1423 5685 p.
1454 5611 1546 5678 63,
1579 5611 1679 5667 ubi
1705 5611 1796 5685 sic
1825 5612 2012 5667 habe-

340 5690 446 5757 tur
477 5700 491 5739 :
524 5685 590 5741 Et
618 5686 869 5741 venimus
899 5687 962 5741 in
987 5684 1279 5757 quemdam
1310 5682 1586 5756 campum,
1605 5688 1657 5739 et
1686 5682 1812 5757 illic
1830 5691 2011 5739 osten-

344 5755 432 5813 dit
460 5757 609 5816 mihi
629 5760 905 5829 juvenem
949 5755 1231 5829 pastorem
1275 5758 1530 5817 vestitum
1576 5755 1879 5830 syra/ierim
1921 5769 2015 5813 ve-

2120 5537 2511 5593 stimentorum
2539 5532 2715 5588 colore
2741 5535 3014 5588 coccineo.
3047 5532 3115 5586 Et
3155 5536 3357 5588 caetera
3390 5534 3537 5590 bene
3587 5537 3776 5594 multa

2123 5624 2250 5680 quis
2295 5605 2545 5677 scriptor
2588 5604 2701 5659 iste
2749 5620 2825 5680 ex_
2862 5603 3205 5680 Fr._Hermaa
3235 5608 3419 5680 textu,
3453 5607 3553 5677 qui
3584 5609 3773 5666 adhuc

2124 5674 2431 5751 supererat
2455 5692 2561 5732 suo
2588 5692 2725 5751 aevo,
2754 5675 2829 5751 ad
2856 5674 3097 5751 verbum
3129 5679 3437 5733 mutuatus
3467 5674 3576 5733 est.

2193 5747 2307 5823 (81)
2338 5749 2607 5815 Hermas,
2635 5747 2705 5805 ad
2729 5747 3112 5819 defectionem.
