4132 6398
370 446 490 509 583

1549 446 1587 505 S
1658 440 2177 505 A'l‘HANASlUS.
2211 477 2287 488 —
2320 442 2631 507 SPUHlA.

3678 452 3795 513 884

447 583 534 637 '19.
569 581 797 637 Rursus
846 580 1149 652 paululum
1204 580 1617 651 processimus,
1668 587 1725 634 et
1771 578 2015 635 ostendit

2218 579 2305 634 19.
2367 574 2538 633 Πάλιν
2598 572 2912 653 προέϐημεν
2977 579 3191 653 μικρὸν,
3251 579 3341 634 καὶ
3407 577 3644 638 δείκνυσί
3703 606 3792 657 μοι

379 671 522 728 mihi
554 670 733 725 alium
769 674 1059 741 pastorem
1095 674 1321 723 statura
1356 669 1686 741 praealtum,
1741 669 2033 739 eﬁ‘eraque

377 760 594 833 specie,
625 759 901 815 indutum
936 762 1176 829 caprina
1207 758 1354 828 pelle
1385 758 1536 827 alba,
1570 758 1667 829 qui
1703 773 1901 829 peram
1933 757 2033 811 ha-

367 851 541 906 bebat
563 849 808 904 humero
826 848 1261 919 impositam,ac
1281 848 1608 917 praeduram
1632 848 2033 917 nodosamque

367 940 612 1010 virgam,
644 942 926 1009 torvoque
954 945 1079 992 erat
1108 936 1460 1007 asperlujta
1492 940 1555 989 ut
1590 935 2029 990 reformidarem

363 1027 668 1083 illum.llic
696 1026 886 1096 itaque
910 1028 1106 1097 pastor
1126 1041 1261 1079 oves
1293 1024 1516 1095 accepit
1538 1042 1569 1079 a
1590 1024 1780 1095 primo
1804 1027 2030 1094 pastore

364 1117 469 1172 illo
519 1115 908 1184 adolescente,
960 1113 1091 1168 illas
1141 1112 1379 1182 scilicet,
1430 1111 1800 1179 deliciantes,
1852 1112 2028 1167 luxu-

368 1207 610 1271 riantes,
647 1220 751 1259 nec
777 1201 1161 1271 exsultantes,
1192 1218 1257 1257 ac
1288 1200 1540 1272 conjecit
1569 1200 1702 1256 illas
1729 1201 1786 1254 in
1822 1216 2028 1273 quem-

365 1296 503 1351 dam
524 1298 881 1367 praeruptum
899 1290 1311 1363 locum,spinis
1330 1296 1387 1346 et
1403 1291 1637 1345 tribulis
1661 1288 2024 1362 perplexum,

366 1384 450 1440 ita
480 1388 545 1440 ut
573 1399 689 1439 non
724 1386 962 1454 possent
1009 1397 1146 1436 oves
1195 1397 1230 1435 a
1277 1380 1512 1434 tribulis
1561 1379 1679 1433 illis
1730 1384 1789 1434 et
1837 1378 2029 1451 spinis

362 1491 492 1531 sese
520 1474 821 1538 extricare,
857 1472 955 1527 sed
984 1472 1042 1526 in
1076 1471 1222 1543 ipsis
1268 1469 1782 1542 complicarentur,
1816 1487 1881 1525 ac
1914 1468 2023 1524 mi-

361 1562 608 1619 serrime
660 1564 919 1632 agerent,
970 1560 1043 1614 ab
1092 1559 1192 1614 illo
1241 1559 1416 1614 etiam
1472 1558 1798 1624 lancinataa,
1847 1563 2024 1630 atque

356 1651 511 1707 ultro
542 1651 811 1722 citroque
842 1648 1181 1721 compulsze.
1225 1648 1457 1704 Nullam
1510 1648 1764 1717 denique
1813 1664 2020 1703 conce-

359 1741 534 1796 debat
582 1738 868 1811 requiem,
917 1754 1023 1793 nec
1072 1743 1136 1792 ut
1166 1738 1420 1809 quodam
1453 1736 1579 1792 loco
1612 1737 2018 1792 consisterent.

358 1830 505 1886 Cum
538 1828 671 1884 illas
701 1827 784 1883 ita
810 1828 1143 1882 verberatas
1172 1833 1230 1881 et
1252 1826 1462 1882 misere
1493 1826 1741 1881 afﬂictas
1786 1826 2020 1897 conspi-

2143 660 2321 739 ἕτερον
2379 667 2615 739 ποιμένα
2668 667 2853 742 μέγαν,
2886 666 2962 728 ὡς
3025 664 3209 742 ἄγριον
3263 672 3332 743 τῇ
3389 665 3525 741 ἰδέᾳ,
3556 673 3795 745 περικεί-

2146 776 2307 826 μενον
2343 752 2518 829 δέρμα
2545 753 2748 831 αἶ’γειον
2783 754 2997 822 λευκὸν,
3029 756 3117 810 καὶ
3165 760 3346 832 πήραν
3385 759 3509 813 τινὰ
3538 758 3682 835 εἶχεν
3710 760 3795 818 ἐπὶ

2140 845 2231 898 τὸν
2252 846 2403 919 ὦμον
2437 844 2526 899 καὶ
2560 839 2758 920 ῥάϐδον
2793 844 3033 919 σκληρὰν
3070 844 3190 901 λίαν
3222 846 3310 900 καὶ
3340 842 3502 915 ὄζους
3544 846 3794 923 ἔχουσαν

2139 933 2228 987 καὶ
2258 934 2321 988 τὸ
2354 931 2579 1008 βλέμμα
2627 934 2742 1009 εἶχε
2789 934 3005 1008 πικρὸν,
3053 934 3191 989 ὥστε
3240 931 3553 1008 φοϐηθῆναί
3588 958 3655 1009 με
3702 940 3794 994 αὖ·

2139 1021 2249 1080 τόν.
2303 1023 2476 1085 Οὗτος
2528 1020 2618 1077 οὖν
2667 1024 2695 1077 ὁ
2725 1025 2935 1096 ποιμὴν
2984 1019 3373 1099 παρελάμϐανε
3427 1025 3496 1080 τὰ
3550 1022 3794 1103 πρόϐατα

2139 1111 2369 1167 ἀπὸτοῦ
2398 1111 2658 1184 ποιμένος
2705 1116 2804 1166 τοῦ
2853 1112 3074 1188 πρώτου
3120 1117 3218 1168 τοῦ
3265 1114 3569 1188 νεανίσκου,
3622 1115 3795 1173 ἐκεῖνα

2136 1201 2202 1255 τὰ
2259 1201 2617 1257 σπαταλῶντα
2677 1201 2765 1255 καὶ
2807 1206 3094 1279 τρυφῶντα
3129 1247 3147 1273 ,
3193 1204 3267 1276 μή
3326 1208 3633 1280 σκιρτῶντα
3690 1203 3747 1261 δὲ
3776 1253 3790 1279 ,

2136 1290 2226 1345 καὶ
2259 1284 2490 1346 ἔϐαλλεν
2523 1289 2656 1345 αὐτὰ
2685 1288 2765 1352 εἴς
2788 1311 2911 1346 τινα
2939 1291 3107 1346 τόπον
3138 1290 3443 1365 κρημνώδη
3493 1294 3585 1349 καὶ
3635 1294 3790 1352 ἀκαν-

2137 1378 2287 1462 θώὸη
2319 1380 2408 1433 καὶ
2438 1374 2778 1454 τριϐολώδη·
2812 1378 2951 1434 ὥστε
2981 1380 3087 1435 ἀπὸ
3118 1384 3226 1435 τῶν
3260 1382 3506 1446 ἀκανθῶν
3539 1383 3636 1439 καὶ
3684 1406 3795 1462 τρι-

2136 1461 2319 1523 ϐόλων
2354 1469 2430 1541 μὴ
2488 1465 2743 1532 δύνασθαι
2787 1466 3039 1539 ἐπιπλέξαι
3088 1471 3157 1525 τὰ
3204 1465 3472 1546 πρόϐατα,
3521 1470 3659 1528 ἀλλ’
3704 1461 3795 1547 έμ-

2134 1554 2427 1620 πλέκεσθαι
2455 1562 2575 1619 ταῖς
2624 1556 2877 1619 ἀκάνθαις
2924 1558 3013 1612 καὶ
3058 1552 3344 1631 τριϐόλοις
3388 1560 3477 1615 καὶ
3521 1559 3651 1616 λίαν
3683 1561 3796 1618 ἐτα-

2136 1644 2449 1721 λαιπώρουν
2504 1643 2798 1722 δαιρόμενα
2848 1648 2938 1701 ὑπ’
2990 1646 3152 1702 αὐτοῦ
3208 1648 3300 1702 καὶ
3348 1646 3457 1705 ὧδε
3502 1649 3670 1706 κάκεῖ
3703 1672 3793 1708 πε-

2134 1733 2410 1809 ριέλαυνεν
2484 1735 2618 1789 αὖτά
2692 1737 2783 1790 καὶ
2854 1734 3001 1798 ὅλως
3075 1735 3369 1792 ἀνάπαυσιν
3448 1738 3643 1803 αὐτοῖς
3700 1741 3793 1797 ούκ

2132 1820 2332 1894 ἐδίδου,
2395 1822 2519 1879 οὐδὲ
2564 1822 2807 1893 ἵσταντο.
2868 1824 3093 1881 Βλέπων
3154 1826 3245 1881 οὸν
3302 1825 3435 1881 αὐτά
3486 1828 3600 1903 ἐγὼ
3651 1829 3788 1886 οὕτω

365 1934 578 1987 cerem,
630 1916 901 1973 dolebam
933 1932 1035 1987 pro
1070 1915 1186 1971 illis
1217 1916 1356 1987 quia
1384 1915 1552 1970 valde
1582 1916 2015 1984 cruciabantur,

2134 1912 2501 1986 μαστιζόμενα
2550 1914 2637 1969 καὶ
2685 1911 3163 1989 ταλαιπωροῦντα,
3203 1914 3526 1990 ἐλυπούμην
3578 1917 3665 1973 ἐπ’
3691 1919 3786 1974 αὖ·

361 2024 469 2064 nec
534 2006 1035 2063 intermissionem
1105 2003 1287 2059 ullam
1355 2004 1681 2059 habebant.
1731 2003 2015 2077 Angelum

2132 2007 2268 2071 τοῖς,
2301 2002 2383 2056 ὅτι
2415 2002 2588 2064 οὕτως
2621 1997 2993 2071 ἐϐασανίζοντο
3022 2003 3112 2057 καὶ
3142 2004 3350 2080 ἀνοχὴν
3402 2004 3552 2068 ὅλως
3585 2007 3687 2063 οὐκ
3714 2008 3786 2064 εἷ-

363 2113 562 2153 meum
595 2096 928 2164 loquentem
963 2095 1376 2166 percunotorF:
1432 2093 1693 2158 Domine,
1742 2094 1876 2165 quis
1930 2092 2024 2149 hic

356 2189 559 2259 pastor
604 2190 713 2254 est,
764 2184 844 2239 ita
878 2182 1124 2238 immitis
1170 2190 1228 2238 et
1260 2182 1551 2238 acerbus?
1580 2183 1791 2254 Aitque
1824 2182 1967 2237 mihi
2006 2204 2018 2243 ;

357 2275 461 2330 Hic
492 2279 583 2330 est
612 2272 861 2345 angelus
893 2271 1158 2336 ultionis,
1194 2272 1293 2343 qui
1328 2288 1358 2326 e
1391 2288 1636 2326 numero
1665 2276 1755 2327 est
1785 2273 2019 2343 angelo-

352 2381 485 2420 rum
509 2365 832 2434 justorum,
854 2361 1210 2417 constitutus
1242 2361 1312 2415 ad
1347 2360 1653 2416 ultionem.
1677 2360 1780 2416 Hic
1807 2362 2022 2434 excipit

350 2470 450 2510 eos
483 2453 583 2525 qui
615 2469 650 2506 a
685 2456 795 2507 Deo
822 2451 1188 2519 aberrarunt,
1221 2455 1278 2505 et
1308 2450 1683 2504 incesserunt
1716 2450 1771 2504 in
1801 2466 2019 2505 concu-

352 2540 660 2614 piscentiis
691 2541 834 2595 suis.
869 2544 1055 2610 Atque
1090 2537 1222 2594 illos
1256 2555 1358 2609 pro
1392 2539 1601 2594 merito
1633 2555 1741 2593 suo
1791 2538 2013 2594 ulcisci-

350 2636 469 2697 tur,
516 2629 814 2684 atrocibus
863 2635 919 2682 et
966 2627 1147 2682 variis
1179 2627 1447 2699 afﬂigens
1498 2627 1824 2699 suppliciis.
1866 2626 2014 2684 Tum

361 2735 468 2793 ego
503 2736 515 2773 :
543 2718 701 2774 Scire
730 2718 921 2789 cupio,
957 2716 1221 2783 Domine,
1242 2734 1369 2787 qum
1400 2721 1458 2771 et
1487 2716 1681 2786 qualia
1713 2717 1831 2770 sint
1858 2718 2017 2774 varia

356 2806 461 2863 illa
490 2805 802 2878 supplicia.
835 2805 1007 2872 Audi,
1041 2804 1233 2876 inquit
1265 2803 1381 2875 ille,
1415 2806 1573 2860 varia
1620 2806 1912 2877 supplicia
1960 2811 2017 2862 et

350 2899 665 2962 tormenta,
687 2893 989 2949 saecularia
1019 2900 1158 2949 sunt
1192 2899 1501 2949 tormenta.
1522 2896 1663 2949 Cum
1695 2895 1851 2950 enim
1884 2911 2014 2952 sese

352 2984 623 3039 homines
654 3000 688 3038 a
716 2983 834 3039 Deo
864 2982 1401 3054 separaverint,rati
1429 2999 1490 3039 se
1521 2983 1578 3037 in
1614 2984 1807 3055 quiete
1838 2991 1895 3040 et
1925 2985 2013 3039 di-

351 3073 510 3129 vitiis
541 3076 897 3139 versaturos,
929 3076 1070 3127 tunc
1102 3089 1299 3144 poenas
1333 3071 1523 3142 luunt,
1553 3076 1611 3128 et
1639 3072 1737 3127 alii
1771 3073 2010 3144 quidem

354 3162 710 3227 multantur,
743 3160 843 3217 alii
874 3162 1041 3233 egeni
1072 3161 1346 3226 evadunt,
1380 3160 1476 3215 alii
1530 3161 1587 3215 in
1637 3161 2012 3219 inﬁrmitates

352 3249 642 3323 plurimas
671 3250 890 3304 cadunt
922 3253 979 3304 et
1003 3250 1061 3303 in
1108 3249 1450 3315 seditiones,
1502 3249 1599 3305 alii
1650 3250 1722 3304 ab
1772 3250 2007 3307 inferio-

2138 2111 2259 2166 χον.
2298 2091 2393 2146 Καὶ
2443 2090 2587 2167 λέγω
2630 2095 2711 2162 τῷ
2758 2090 2973 2167 ἀγγέλῳ
3018 2096 3098 2164 τῷ
3154 2094 3268 2165 μετ’
3317 2092 3455 2166 ἐμοῦ
3504 2092 3784 2153 λαλοῦντι·

2131 2180 2314 2255 Κύριε,
2345 2180 2426 2243 τίς
2458 2179 2598 2234 ἐστιν
2648 2178 2806 2241 οὗτος
2856 2181 2885 2235 ὁ
2926 2182 3160 2253 ποιμὴν,
3211 2183 3240 2236 ὁ
3289 2179 3643 2261 ἄσπλαγχνος
3698 2187 3783 2241 καὶ

2128 2269 2322 2345 πικρός
2359 2289 2373 2339 ;
2406 2271 2503 2324 Καὶ
2553 2267 2699 2345 λέγει
2753 2288 2868 2341 μοι’
2923 2268 3099 2332 Οὗτός
3146 2268 3287 2325 ἐστιν
3344 2272 3373 2325 ὁ
3406 2271 3645 2348 ἅγγελος
3686 2282 3782 2346 τῆς

2125 2359 2416 2434 τιμωρίας·
2467 2359 2527 2413 ἐκ
2575 2355 2633 2413 δὲ
2678 2362 2785 2413 τῶν
2836 2356 3086 2433 ἀγγέλων
3119 2363 3226 2413 τῶν
3258 2357 3485 2416 δικαίων
3518 2361 3656 2434 ἐστὶ,
3698 2385 3781 2420 τε·

2124 2448 2390 2523 ταγμένος
2450 2445 2508 2502 δὲ
2561 2446 2649 2501 ἐπὶ
2706 2448 2806 2516 τῆς
2860 2447 3153 2523 τιμωρίας.
3213 2445 3640 2524 Παραλαμϐάνει
3690 2452 3776 2508 οὗν

2123 2538 2251 2599 τοὺς
2281 2534 2765 2607 ἀποπλανηθέντας
2815 2535 2921 2590 ἀπὸ
2968 2540 3063 2589 τοῦ
3111 2539 3244 2591 Θεοῦ
3292 2539 3381 2591 καὶ
3424 2542 3778 2613 πορευθέντας

2124 2631 2242 2688 ταῖς
2274 2625 2583 2699 ἐπιθυμίαις
2634 2624 2830 2693 αότῶν,
2864 2624 2952 2680 καὶ
2999 2629 3325 2698 τιμωρεῖται
3374 2626 3592 2699 αὐτοὺς,
3651 2642 3774 2694 καθ-

2124 2715 2198 2777 ὼς
2234 2714 2371 2785 ἄξιοί
2401 2714 2558 2786 εἰσιν,
2591 2711 2791 2775 δειναῖς
2821 2715 2913 2767 καὶ
2945 2712 3228 2776 ποικίλαις
3274 2716 3591 2788 τιμωρίαις.
3626 2719 3772 2795 Λέγω

2122 2804 2289 2876 αὐτῷ’
2341 2803 2571 2867 Ἦθελον
2624 2806 2849 2877 γνῶναι,
2903 2802 3087 2876 Κύριε,
3136 2803 3232 2865 τὰς
3281 2802 3538 2868 ποικίλας
3582 2806 3769 2868 ταύτας

2119 2892 2411 2968 τιμωρίας,
2444 2892 2679 2948 ποταπαί
2730 2891 2884 2946 εἰσιν.
2917 2892 3135 2962 Ἄκουε,
3170 2891 3354 2969 φησίν.
3405 2894 3469 2947 Ai
3522 2893 3756 2950 ποικίλαι

2119 2982 2383 3055 τιμωρίαι
2437 2981 2525 3035 καὶ
2579 2981 2800 3056 βάσανοι
2858 2979 3110 3053 βιωτικάί
3168 2979 3271 3034 εἷ’σι
3321 2979 3558 3052 βάσανοι.
3601 2982 3756 3037 Ἐπάν

2121 3072 2224 3147 γὰρ
2297 3071 2573 3125 ἀποστῶσι
2644 3073 2741 3124 τοῦ
2799 3073 2932 3123 Θεοῦ
2997 3069 3310 3142 νομίζοντες
3365 3069 3416 3124 ἐν
3475 3071 3762 3125 ἀναπαύσει

2120 3162 2257 3216 εἶναι
2304 3159 2395 3214 καὶ
2443 3158 2691 3230 πλούτῳ,
2739 3157 2864 3212 τότε
2910 3163 3283 3233 τιμωροῦνται
3318 3158 3369 3213 οἳ
3422 3159 3516 3232 μὲν
3546 3158 3768 3231 ζημιούο

2125 3269 2299 3323 μενοι,
2329 3248 2380 3302 οἳ
2428 3245 2485 3302 δὲ
2539 3246 2940 3322 ὑστερούμενοι,
2973 3246 3024 3301 οἱ
3057 3244 3114 3302 δὲ
3142 3246 3441 3310 ἀσθενείαις
3497 3247 3772 3311 ποικίλαις

351 3320 517 3395 ribus
549 3337 904 3394 contumelia
936 3336 1359 3404 afﬁciuntur,et
1389 3337 1504 3393 alia
1526 3337 1597 3393 iis
1629 3337 1848 3394 similia
1871 3356 2008 3395 con-

2124 3320 2561 3415 περιπίπτοντες,
2619 3320 2782 3392 ἄλλοι
2831 3335 2883 3392 ἐν
2913 3335 3347 3407 ἀκαταστασίαις,
3395 3334 3573 3415 ἕτεροι
3630 3333 3772 3416 ὑϐρι-

346 3428 605 3501 tlngunt.
638 3424 881 3482 Plurimi
912 3442 1171 3497 namque
1203 3426 1305 3498 qui
1354 3425 1716 3482 tumultuose
1764 3427 2011 3485 consilia

342 3515 588 3588 agitant,
611 3516 672 3571 in
701 3513 888 3570 multa
918 3514 1150 3586 negotia
1179 3513 1868 3588 conjiciuntur,nihi1que
1890 3516 2009 3574 illis

342 3621 622 3677 prospere
652 3604 990 3675 cadit,quod
1009 3602 1252 3675 indigne
1284 3605 1478 3659 ferunt
1508 3604 1622 3677 ipsi
1657 3622 1669 3659 :
1704 3604 2005 3678 ignorant-

341 3709 456 3765 que
488 3694 617 3749 ideo
650 3708 712 3749 se
741 3692 936 3748 minus
967 3708 1243 3764 prospere
1269 3708 1389 3747 rem
1425 3709 1614 3765 agere,
1647 3696 1804 3766 quod
1851 3697 2007 3753 mala

347 3783 503 3840 212
535 3782 933 3855 perpetrarint
960 3798 973 3835 :
1008 3797 1075 3837 ac
1107 3781 1345 3837 demum
1372 3783 1683 3839 Dominum
1709 3784 2003 3854 incusant,

346 3888 453 3929 nec
484 3871 784 3928 sustinent
809 3870 1056 3942 reliquis
1098 3871 1229 3926 vita:
1276 3888 1396 3927 suae
1445 3871 1653 3928 diebus
1699 3874 1768 3929 ad
1819 3879 2004 3931 Deum

347 3961 606 4018 converti
655 3964 833 4031 atque
881 3959 967 4013 illi
995 3967 1140 4032 puro
1171 3960 1344 4015 corde
1374 3961 1607 4016 servire.
1641 3964 1803 4029 Quod
1838 3964 1887 4019 si
1921 3981 2006 4021 re-

338 4049 626 4120 sipiscant
657 4048 1179 4120 pcsnitentiamque
1224 4054 1421 4120 agant,
1475 4054 1616 4106 tunc
1666 4052 2005 4125 intelligunt

335 4139 495 4194 mala
521 4154 631 4194 sua
655 4154 831 4210 opera
862 4138 921 4192 in
953 4153 1131 4193 causa
1162 4137 1344 4195 fuisse
1375 4140 1537 4211 quod
1574 4158 1689 4195 non
1727 4158 2003 4215 prospere

334 4243 459 4282 rem
491 4227 800 4299 gesserint,
831 4231 1009 4298 atque
1040 4227 1119 4281 ita
1147 4226 1393 4283 Domino
1424 4228 1673 4300 gloriam
1717 4232 1999 4303 referunt,

337 4319 405 4371 ut
432 4316 591 4388 justo
614 4316 827 4387 judici,
862 4333 896 4372 a
925 4332 1043 4388 quo
1067 4317 1201 4388 jure
1232 4317 1452 4382 afﬂicti,
1505 4323 1563 4372 et
1607 4320 1777 4389 juxta
1826 4336 2004 4392 opera

343 4421 453 4462 sua
482 4405 752 4478 castigati
785 4410 945 4461 sunt.
978 4406 1127 4461 Audi
1158 4407 1357 4477 itaque
1386 4407 1503 4461 vim
1530 4407 1862 4479 utriusque,
1906 4426 2003 4465 vo-

333 4492 580 4568 luptatis
610 4494 838 4551 scilicet
874 4500 931 4551 et
957 4494 1256 4567 supplicii.
1287 4495 1624 4567 Voluptatis
1646 4496 2004 4568 fallaciasque

340 4599 462 4638 una
508 4589 599 4639 est
646 4583 827 4651 hora;
858 4584 1131 4656 supplicii
1165 4588 1358 4639 autem
1393 4583 1547 4639 horae
1580 4584 1844 4655 triginta,
1877 4603 2003 4657 qua

2124 3429 2342 3502 ζόμενοι
2402 3427 2506 3482 ὑπὸ
2555 3424 2880 3493 ἐλαττόνων,
2928 3426 3018 3481 καὶ
3067 3426 3275 3499 ἑτέραις
3325 3426 3611 3491 ποικίλαις
3638 3429 3772 3505 πρά-

2119 3521 2248 3591 ξεσι.
2283 3515 2495 3572 Πολλοὶ
2542 3515 2647 3591 γὰρ
2699 3514 3083 3578 ἀκαταστάντες
3129 3516 3181 3571 ἐν
3229 3520 3353 3579 ταῖς
3406 3516 3638 3591 βουλαῖς
3683 3516 3771 3573 αὖ·

2115 3611 2223 3662 τῶν
2255 3600 2649 3661 ἐπιϐάλλονται
2682 3604 2757 3667 εἷς
2788 3602 2976 3660 πολλὰ
3004 3604 3295 3681 πράγματα
3339 3605 3433 3661 καὶ
3485 3604 3642 3662 οὐδὲν
3679 3606 3770 3662 αύ-

2115 3701 2230 3758 τοῖς
2256 3694 2405 3757 ὅλως
2452 3689 2734 3749 ἀποόάίνει
2784 3697 2919 3769 (82),
2965 3693 3055 3749 καὶ
3105 3691 3541 3771 δυσχεραίνουσι,
3589 3696 3682 3752 καὶ
3713 3694 3772 3751 ού

2113 3786 2490 3863 γινώσκουσιν,
2536 3782 2621 3839 ὅτι
2670 3781 2760 3838 διὰ
2802 3783 2870 3838 τὰ
2911 3784 3128 3853 πονηρά
3171 3783 3204 3838 ἃ
3251 3779 3482 3861 ἔπραξαν
3532 3785 3635 3841 οὐκ
3685 3784 3773 3841 εύ-

2063 3921 2069 3927 .
2115 3874 2365 3930 οδοῦνται
2420 3874 2509 3929 καὶ
2559 3872 2752 3928 λοιπὸν
2799 3872 3078 3928 αἰτιῶνται
3126 3872 3219 3928 τὸν
3263 3873 3465 3949 Κύριον
3524 3876 3615 3930 καὶ
3677 3874 3774 3930 ούκ

2114 3964 2401 4041 ἀνέχονται
2448 3963 2543 4024 τὰς
2609 3960 2809 4024 λοιπὰς
2856 3962 3067 4037 ἡμέρας
3117 3962 3287 4020 αύνῶν
3347 3962 3772 4041 ἐπιστρέψαντες

2115 4051 2402 4109 δουλεῦσαι
2450 4055 2530 4123 τῷ
2573 4054 2689 4122 Θεῷ
2736 4049 2789 4104 ἐν
2834 4051 3042 4126 καθαρᾷ
3094 4048 3311 4127 καρδίᾳ.
3363 4054 3461 4108 ’Δν
3508 4050 3569 4108 δὲ
3619 4074 3778 4127 μετα·

2112 4144 2353 4213 νοήσωσι
2409 4141 2499 4195 καὶ
2563 4139 2902 4213 ἀνανήψωσί,
2932 4139 3056 4195 τότε
3113 4145 3389 4212 συνιῶσιν,
3449 4139 3531 4197 δτι
3594 4140 3687 4198 διὰ
3713 4140 3779 4197 τὰ

2114 4230 2247 4306 ἔργα
2290 4230 2464 4285 αὐτῶν
2512 4229 2580 4284 τὰ
2629 4230 2845 4303 πονηρά
2895 4228 2993 4284 οὐκ
3043 4226 3342 4285 εὐωδοῦντο
3372 4231 3462 4285 καὶ
3514 4230 3662 4287 οὕτω
3694 4229 3782 4287 δο-

2114 4321 2328 4392 ξάζουσι
2359 4320 2451 4374 τὸν
2484 4318 2708 4393 Κύριον,
2756 4316 2841 4371 ὅτι
2886 4314 3095 4380 δίκαιος
3141 4320 3335 4393 κριτής
3385 4318 3519 4389 ἐστι,
3569 4319 3668 4375 καί
3699 4318 3778 4376 διο

2112 4409 2285 4469 καίως
2345 4402 2541 4471 ἔπαθον
2568 4451 2582 4477 ,
2629 4404 2719 4459 καὶ
2768 4401 3159 4475 ἐπαιδεύθησαν
3210 4407 3348 4461 κατά
3402 4408 3496 4469 τὰς
3554 4406 3781 4485 πράξεις

2115 4496 2290 4550 αὐτῶν
2318 4496 2454 4566 (83).
2485 4495 2683 4550 ’Ἄκουε
2730 4490 2822 4547 οῦν
2873 4492 3195 4570 ἀμφοτέρων
3241 4493 3341 4561 τὴν
3392 4490 3647 4567 δύναμιν,
3679 4496 3781 4563 τῆς

2111 4590 2322 4661 τρυφῆς
2368 4582 2457 4637 καὶ
2505 4589 2609 4653 τῆς
2662 4580 2913 4657 βασάνου.
2946 4584 3064 4652 Τῆς
3112 4588 3323 4660 τρυφῆς
3372 4582 3462 4638 καὶ
3501 4590 3606 4653 τῆς
3636 4584 3780 4639 ἀπά-

346 4671 575 4728 dierum
606 4672 724 4728 vim
759 4672 997 4728 habent.
1031 4673 1091 4728 Si
1125 4673 1259 4745 quis
1291 4689 1424 4744 ergo
1458 4673 1550 4728 die
1584 4689 1701 4728 una
1718 4673 2001 4746 voluptati

2124 4695 2214 4743 της
2248 4671 2505 4748 ὁχρόνος
2565 4670 2681 4744 ὥρα
2734 4670 2845 4726 ἐστὶ
2908 4670 3025 4744 μία,
3081 4677 3181 4741 τῆς
3236 4668 3294 4727 δὲ
3346 4673 3583 4748 βασάνου
3639 4672 3785 4746 ὥραι

344 4764 511 4817 vacet
540 4765 598 4816 et
625 4777 730 4832 pro
760 4778 826 4816 ea
859 4777 918 4817 re
948 4777 1081 4817 cum
1115 4778 1182 4818 eo
1212 4760 1630 4832 expostulelur,
1666 4765 1845 4833 atque
1892 4779 2007 4819 uno

2124 4760 2406 4837 τριάκοντα
2464 4761 2688 4834 ἡμερῶν
2743 4756 2971 4832 δύναμιν
3022 4758 3271 4835 ἔχουσαι.
3305 4762 3430 4817 Ἐὰν
3492 4759 3585 4817 οὗν
3652 4762 3783 4835 μίαν

357 4849 452 4905 die
503 4848 814 4921 crucietur,
860 4851 984 4906 dies
1016 4850 1115 4905 illa
1146 4849 1444 4906 cruciatus
1474 4850 1611 4905 anni
1645 4850 1858 4921 integri
1888 4854 2005 4907 vim

2124 4851 2326 4924 ἡμέραν
2376 4870 2458 4912 τις
2504 4850 2757 4926 τρυφήσῃ
2804 4848 2894 4902 καὶ
2954 4847 3254 4924 ἀπαιτηθῇ,
3312 4849 3438 4923 μίαν
3473 4847 3530 4905 δὲ
3560 4850 3780 4928 ἡμέραν

345 4938 699 5006 habet.Quot
730 4940 910 5013 igitur
940 4939 1193 5012 quisque
1218 4938 1343 4995 dies
1373 4939 1658 5011 voluptati
1693 4957 1821 4997 sese
1850 4941 2008 4996 dedi-

2124 4937 2435 5015 βασανισθῇ,
2467 4936 2714 4992 ἐνιαυτοῦ
2763 4935 3083 5010 ὁλοκλήρου
3136 4937 3293 5014 ἰσχὺν
3340 4936 3458 5013 ἔχει
3509 4940 3543 5009 ἠ
3595 4940 3788 5016 ἡμέρα

346 5027 517 5095 derit,
551 5030 637 5083 tot
667 5028 839 5083 annis
867 5028 1245 5085 cruciabitur.
1278 5027 1454 5083 Vides
1502 5044 1640 5099 ergo
1689 5027 2008 5099 voluptatis

2124 5026 2295 5097 ἐκείνη
2325 5029 2424 5096 τῆς
2462 5024 2716 5102 βασάνου.
2750 5026 2918 5087 ’Ὀσας
2964 5023 3056 5080 οὖν
3107 5026 3317 5103 ἡμέρας
3371 5031 3624 5106 τρυφήσῃ
3670 5050 3778 5099 τις,

345 5121 405 5173 et
431 5115 671 5172 fallaciis
701 5120 936 5188 tempus
970 5116 1112 5171 nihil
1144 5133 1294 5183 esse,
1320 5115 1596 5187 supplicii
1626 5134 1760 5174 vero
1792 5123 1849 5173 et
1877 5135 2008 5174 cru-

2124 5115 2409 5178 εοσούτους
2465 5113 2737 5175 ἐνιαυτοὺς
2809 5114 3278 5190 βασανισθήσεται.
3338 5114 3573 5180 Βλέπεις
3630 5115 3727 5173 οὗν
3760 5162 3781 5192 ,

343 5205 536 5262 ciatus
567 5204 1121 5279 longissimum.Qui
1152 5203 1434 5275 voluptati
1466 5210 1632 5259 vacat
1660 5210 1716 5260 et
1766 5205 2005 5262 fallacia

2124 5204 2199 5260 ςτι
2241 5212 2343 5273 τῆς
2386 5206 2593 5281 τρυφῆς
2639 5203 2728 5257 καὶ
2778 5202 2987 5274 ἀπάτης
3021 5204 3049 5259 ὁ
3081 5205 3282 5279 χρόνος
3314 5203 3468 5262 οὐδέν
3509 5205 3645 5276 ἐστι,
3673 5213 3782 5276 τῆς

345 5293 713 5365 hujusmodi,
744 5310 811 5349 ac
842 5310 945 5366 pro
977 5294 1219 5349 libidine
1247 5294 1387 5365 agit,
1418 5293 1475 5348 in
1504 5309 1720 5365 magna
1761 5294 2007 5350 indutus

2124 5291 2175 5348 δὲ
2202 5291 2474 5367 τιμωρίας
2503 5292 2593 5346 καὶ
2650 5292 2883 5366 βασάνου
2925 5290 3121 5363 πολύς,
3152 5295 3212 5351 ¹Ο
3248 5300 3468 5373 τρυφῶν
3515 5296 3603 5351 καὶ
3639 5296 3787 5351 ἀπα-

345 5385 436 5438 est
466 5383 745 5439 amentia.
780 5382 887 5439 Pro
919 5382 1213 5454 voluptate
1245 5398 1500 5454 namque
1531 5386 1589 5438 et
1625 5382 1858 5439 fallacia
1903 5399 2004 5439 cu-

2124 5382 2362 5454 τώμενος
2398 5379 2489 5436 καὶ
2531 5377 2785 5452 πράσσων
2818 5378 2852 5433 ἃ
2886 5378 3141 5453 βούλεται
3188 5381 3410 5453 πολλὴν
3467 5383 3785 5461 ἀφροσύνην

337 5472 558 5541 jusque
588 5471 725 5542 diei,
757 5488 1035 5544 magnum
1069 5472 1191 5527 luet
1223 5471 1602 5543 supplicium,
1636 5488 1860 5527 annum
1892 5473 2006 5528 sci-

2124 5465 2412 5524 ἐνδέδυται·
2456 5467 2574 5522 ἀντὶ
2605 5469 2710 5543 γὰρ
2753 5475 2855 5537 τῆς
2896 5473 3103 5544 τρυφῆς
3151 5471 3242 5525 καὶ
3286 5471 3499 5543 ἀπάτης
3551 5472 3792 5544 ἐκάστης

341 5558 479 5614 licet
506 5575 608 5630 pro
641 5560 902 5632 qualibet
932 5561 1045 5619 die.
1082 5561 1328 5633 Dixique
1357 5559 1565 5634 angelo
1602 5577 1614 5614 :
1650 5560 1864 5628 Quales
1903 5577 2007 5618 vo-

2124 5559 2330 5633 ῆμέρας
2407 5555 2652 5612 ἀποτίσει
2735 5555 2962 5630 βάσανον
3041 5557 3291 5636 μεγάλην
3326 5606 3340 5633 ,
3402 5561 3642 5617 ἐνιαυτὸν
3707 5564 3784 5627 τῇ

436 5699 528 5774 βξ)
558 5698 765 5774 Υυιεο,
795 5697 957 5760 ὀποϐ.
990 5705 1197 5761 Noms.

438 5771 531 5844 83)
562 5769 999 5849 Hic'complura
1027 5777 1406 5849 omittuntur,
1438 5789 1570 5847 quo
1599 5772 1877 5847 leguntur
1905 5775 2063 5849 apud
2091 5778 2395 5834 Bormam.
