4132 6370
333 431 462 491 585

1367 420 1757 482 DUCTRINA
1801 423 1903 482 AD
1946 421 2415 484 AN'I‘IOCHUM
2464 425 2757 486 DUCEM.

3643 433 3764 492 586

332 561 540 633 ἡμέρα.
606 556 706 612 Καὶ
762 553 908 632 λέγω
965 557 1046 626 τῷ
1106 551 1340 628 ἀγγέλῳ·
1406 555 1564 605 Ποῖαι
1622 549 1818 628 τρυφαί
1894 549 1997 604 εἱσι

2116 551 2369 624 luptates
2401 554 2582 608 noxia
2631 560 2792 623 sunt,
2844 556 3021 611 dicito
3074 557 3238 613 mihi.
3294 559 3477 616 Omne
3529 562 3765 618 carnale

338 642 631 723 βλαϐεραὶ,
706 643 833 719 λέγε
880 663 994 716 μοι.
1061 647 1210 696 Πᾶσα
1265 640 1454 715 πρᾶξις
1524 639 1778 712 σαρκικὴ,
1825 640 2000 715 τρυφή

337 737 453 793 ἐστι
487 737 624 810 (84).
659 739 765 790 Νῦν
801 731 978 803 ἡδέως
1011 736 1161 785 ποιεῖ
1192 729 1381 800 αὐτήν.
1433 731 1513 800 [Ὀ
1562 729 1688 804 γὰρ]
1733 727 2004 803 ὀξύχολος

331 832 415 900 τῷ
445 826 639 880 ἑαυτοῦ
684 821 845 886 πάθει
891 822 955 877 τὸ
1007 819 1190 874 ἱκανὸν
1222 822 1394 873 ποιῶν
1425 821 1622 893 τρυφᾷ,
1657 815 1868 890 ὁμοίως
1915 815 2018 870 καὶ·

337 917 368 971 6
405 915 608 990 μοιχὸς
655 911 746 967 καί
795 911 822 966 ὀ
877 908 1106 984 μέθυσος
1154 907 1244 963 καὶ
1277 908 1304 961 6
1339 904 1644 967 κατάλαλος
1700 905 1788 959 καὶ
1823 906 1850 959 6
1881 903 2006 978 ψεύ-

338 1026 473 1075 στης
524 1002 614 1058 καὶ
663 1003 692 1057 6
741 999 1078 1068 πλεονέκτης
1129 997 1216 1051 καὶ
1267 997 1294 1050 6
1346 995 1725 1070 ἀποστερητὴς
1778 993 1868 1048 καὶ
1908 990 2006 1046 ὅσα

341 1097 587 1149 τοιαῦτα.
642 1090 896 1166 Τρυφῶσι
953 1087 1056 1162 γὰρ
1117 1085 1167 1140 ἑν
1227 1089 1296 1159 τῇ
1337 1084 1510 1138 αὐτῶν
1571 1084 1780 1158 πράξει.
1833 1080 2002 1138 Αὗται

346 1180 406 1237 δὲ
435 1184 490 1237 αἱ
520 1179 736 1257 πράξεις
795 1172 1061 1254 βλαϐεραί
1117 1175 1219 1230 εἶσι
1270 1179 1384 1236 τοῖς
1439 1170 1660 1235 δούλοις
1717 1176 1816 1227 τοῦ
1847 1176 2001 1229 Θεοῦ.

348 1271 474 1328 Eiet
507 1267 564 1324 δὲ
592 1269 682 1324 καὶ
707 1267 904 1346 τρυφαὶ
936 1265 1204 1335 σώζουσαι
1235 1263 1366 1325 τοὺς
1399 1263 1737 1339 ἀνθρώπους·
1790 1259 2003 1317 Πολλοὶ

352 1365 460 1436 γᾶρ
491 1359 666 1434 ἀγαθὰ
694 1352 1042 1434 ἐργαζόμενοι
1073 1358 1372 1429 τρυφῶσιν.
1407 1353 1553 1422 Αὕτη
1598 1350 1687 1406 οῦν
1740 1354 1774 1422 ἡ
1825 1350 2001 1428 τρυφή

349 1454 470 1510 τοῖς
503 1445 724 1510 δούλοις
752 1451 848 1501 τοῦ
877 1448 1006 1500 Θεοῦ
1037 1447 1401 1518 περιποιεῖται
1437 1443 1605 1512 ζωήν,
1638 1442 1692 1496 αἱ
1727 1438 1784 1495 δὶ
1817 1461 2003 1516 προει-

353 1538 588 1614 ρημέναι
644 1534 840 1612 τρυφαὶ
901 1532 1146 1609 βάσανον.
1212 1529 1389 1586 Ταῦτά
1448 1551 1542 1604 μοι
1602 1531 1912 1608 φανερώσας
1972 1529 2002 1583 6

349 1624 590 1702 ἅγγελος
623 1623 918 1696 ἀπέστρεψέ
954 1643 1019 1695 με
1072 1621 1146 1683 εἰς
1205 1621 1296 1675 τὸν
1346 1619 1514 1675 τόπον
1579 1641 1702 1693 μου.
1764 1616 2004 1688 Δοξάσω-

347 1737 446 1789 μεν
477 1713 586 1779 οὖν,
637 1711 882 1789 ἀδελφοὶ,
932 1712 1031 1780 τὴν
1074 1715 1170 1765 τοῦ
1226 1714 1359 1765 Θεοῦ
1421 1706 1852 1784 φιλανθρωπίαν·
1886 1711 2001 1768 πῶς

344 1803 702 1878 μακρόθυμος
757 1800 848 1856 καὶ
905 1798 1285 1876 εὕσπλαγχνός
1343 1799 1484 1854 ἐστιν
1531 1797 1621 1854 ἐπὶ
1667 1801 1736 1871 τῇ
1767 1796 2002 1869 τοσαύτῃ

341 1892 506 1964 κακίᾳ
532 1896 640 1948 τῶν
701 1889 1026 1967 ἀνθρώπων.
1080 1888 1238 1961 Αὐτῷ
1286 1891 1322 1958 ἡ
1375 1885 1502 1958 δόξα
1532 1888 1609 1951 εἱς
1638 1886 1766 1951 τοὺς
1798 1885 2000 1948 αἰῶνας

341 1986 452 2037 τῶν
503 1981 735 2038 αἰώνων.
768 1981 964 2053 Ἀμήν.

417 2075 507 2128 20.
542 2070 638 2125 Καὶ
670 2075 782 2144 μετ’
815 2067 1004 2143 ὀλίγον
1037 2067 1238 2142 χρόνον
1272 2067 1323 2120 οἱ
1355 2063 1449 2120 δύο
1483 2063 1710 2144 ἀδελφοὶ
1750 2065 1801 2119 οἱ
1851 2061 1998 2134 ἐξελ-

345 2162 530 2225 θόντες
560 2164 656 2214 τοῦ
719 2156 1084 2233 μοναστηρίου
1132 2155 1377 2212 ἐνέπεσαν
1433 2155 1507 2219 εἷς
1562 2155 1863 2230 πειρασμὸν
1909 2153 1998 2208 καὶ

339 2247 578 2322 θλίψεις.
613 2251 710 2320 Τῷ
739 2248 841 2324 γὰρ
874 2246 951 2302 ἐνὶ
1004 2242 1165 2308 ἕλκος
1199 2245 1428 2322 ἀνεφάνη
1462 2245 1538 2306 εἰς
1585 2245 1683 2314 τήν
1733 2242 1996 2318 πλευρὰν,

338 2339 434 2395 καὶ
468 2336 724 2402 εἰσελθὼν
758 2337 834 2401 εἷς
897 2339 1254 2408 νοσοκομεῖον
1314 2335 1391 2397 εἷς
1452 2332 1548 2388 δύο
1610 2337 1783 2407 μῆνας
1813 2332 1994 2408 τρίτον

341 2428 746 2503 ἐχειρουργήθη
801 2425 902 2479 δπὸ
959 2428 1057 2479 τοῦ
1117 2423 1324 2498 ἰατροῦ,
1383 2423 1472 2478 καὶ
1521 2420 1650 2478 οὐδὲ
1679 2421 1852 2484 οὕτως
1885 2421 1996 2486 ἐθε-

341 2516 612 2594 ραπεύθη.
644 2518 738 2588 Τῷ
771 2513 828 2570 δὲ
854 2515 1023 2590 ἑτέρῳ
1081 2512 1370 2586 ἐμπεσόντι
1423 2513 1557 2586 μετὰ
1611 2517 1719 2567 τῶν
1781 2531 1996 2566 στασια-

337 2610 482 2662 στῶν
515 2599 710 2676 συνέϐη
747 2604 906 2677 νώτῳ
944 2603 1034 2659 καὶ
1084 2601 1270 2676 κοιλίᾳ
1330 2601 1724 2678 μαστιγωθέντι
1781 2598 1998 2675 σιδηροο

341 2693 568 2768 δέσμιον
621 2689 969 2768 ἐμϐληθῆναι
1031 2691 1082 2747 ἐν
1133 2691 1200 2766 τῇ
1257 2691 1495 2770 φυλακῇ,
1555 2690 1644 2746 καὶ
1706 2689 1756 2745 ἐν
1819 2692 1995 2745 σκότει

341 2782 547 2860 διάγειν
584 2781 671 2838 ἐπὶ
700 2780 913 2844 πολλάς
940 2782 1170 2857 ἡμέρας.
1204 2779 1361 2838 Ἀλλ’
1393 2777 1580 2848 ἐπειδὴ
1624 2781 1658 2850 ἠ
1712 2780 1849 2854 εὑχή
1898 2783 1996 2834 τοῦ

343 2873 501 2928 ὁσίου
534 2873 741 2948 Πατρὸς
776 2870 1067 2946 Ἀντιόχου
1098 2868 1360 2925 ἐδυσώπει
1391 2870 1480 2925 τὸν
1514 2868 1790 2942 ἐλεήμονα
1843 2871 1995 2942 Θεὸν,

347 2963 469 3036 μεθ’
526 2962 736 3037 ἡμέρας
794 2959 956 3015 ἔωκεν
1005 2959 1033 3014 ὀ
1085 2958 1338 3035 Χριστὸς,
1388 2959 1476 3014 καὶ
1517 2955 1780 3030 ἐξεϐλήθη
1844 2957 1894 3014 ἐν
1924 2961 1995 3032 τῇ

346 3050 589 3130 φυλακῇ.
647 3050 750 3106 Καὶ
794 3049 960 3106 πάλιν
1011 3048 1236 3122 ἐκεῖνος,
1285 3047 1533 3104 ἀπελθὼν
1585 3046 1743 3121 ἐντῷ
1771 3069 1996 3103 νοσοκο-

348 3140 511 3214 μείῳ,
545 3139 622 3195 ἔτι
654 3138 704 3194 ἐν
732 3138 801 3214 τῇ
830 3135 1096 3215 ἀλγηδόνι
1127 3138 1254 3193 ὂντα
1281 3138 1372 3192 τὸν
1422 3135 1655 3214 ἀδελφὸν
1705 3133 1994 3193 διαϐαστά-

347 3235 453 3299 ζων
518 3226 706 3305 ὀλίγον
753 3231 822 3302 τῇ
880 3227 1028 3304 χειρὶ
1073 3227 1479 3301 ἀναπαυόμενον
1535 3227 1736 3303 ἤγαγεν
1803 3228 1877 3290 εἷς
1932 3228 1995 3282 τὸ

2115 655 2264 710 opus
2287 639 2555 711 voluptas
2576 647 2692 697 est:
2725 660 2859 697 nam
2889 644 3233 712 iracundus,
3258 662 3391 702 cum
3417 649 3764 706 suiaffectui

2114 728 2252 782 facit
2282 729 2446 799 satis,
2477 730 2836 802 voluptatem
2871 732 3153 804 percipit:
3188 733 3576 809 similiterque
3621 757 3766 794 mce-

2113 816 2281 883 chus,
2336 817 2721 889 temulentus,
2768 821 3142 892 obtrectator,
3196 825 3466 892 mendax,
3531 844 3763 898 avarus,

2114 905 2515 975 defraudator,
2545 911 2604 961 et
2635 908 2680 962 si
2715 908 2816 979 qui
2848 909 2968 964 alii.
3002 910 3374 982 Voluptatem
3408 931 3663 987 namque
3703 917 3764 971 in

2115 1009 2220 1048 suo
2254 1010 2426 1066 opere
2456 998 2810 1068 percipiunt.
2843 997 2974 1053 Haec
3006 1003 3201 1054 autem
3234 1017 3411 1072 opera
3440 1002 3612 1059 noxia
3640 1021 3762 1060 ser-

2114 1083 2199 1137 vis
2223 1083 2314 1137 Dci
2342 1088 2505 1139 sunt.
2533 1085 2682 1140 Sunt
2703 1090 2898 1142 autem
2949 1091 3007 1142 et
3056 1087 3385 1160 voluptates
3424 1090 3639 1162 quibus
3661 1092 3764 1148 ho-

2116 1170 2301 1227 mines
2332 1172 2581 1229 salutem
2615 1181 3077 1247 consequuntur.
3112 1177 3280 1232 Multi
3313 1196 3571 1252 namque
3612 1181 3768 1238 bona

2113 1262 2407 1333 operando
2438 1262 2798 1336 voluptatem
2829 1265 3068 1320 habent.
3101 1266 3234 1330 QUEB
3265 1267 3533 1341 voluptas
3578 1271 3763 1326 servis

2116 1349 2212 1406 Dei
2243 1351 2420 1406 vitam
2453 1352 2833 1424 adipiscitur,
2868 1355 3162 1426 pradictss
3191 1361 3386 1412 autem
3408 1358 3760 1431 voluptates,

2113 1439 2455 1495 cruciatum.
2490 1442 2618 1498 Haec
2653 1459 2786 1498 cum
2821 1442 2962 1498 mihi
2996 1443 3354 1501 declarasset
3384 1446 3651 1520 angelus,
3698 1449 3760 1504 in

2111 1544 2309 1584 meum
2343 1546 2435 1586 me
2466 1529 2660 1586 locum
2691 1531 2940 1588 reduxit.
2985 1532 3246 1589 Gloriam
3303 1536 3502 1607 itaque
3550 1538 3762 1596 refera-

2111 1633 2266 1684 mus,
2306 1619 2530 1687 fratres,
2565 1619 2883 1676 clementize
2910 1622 3030 1692 Dei,
3055 1622 3154 1694 qui
3179 1624 3258 1680 ita
3277 1624 3630 1698 longanimis
3648 1633 3758 1695 est,

2107 1705 2191 1762 ita
2222 1707 2559 1764 misericors
2619 1725 2758 1781 erga
2801 1714 3034 1765 tantum
3087 1712 3395 1768 hominum
3445 1714 3756 1772 malitiam.

2108 1794 2224 1866 Ipsi
2256 1796 2442 1869 gloria
2472 1797 2531 1852 in
2563 1798 2776 1855 saecula
2807 1799 3174 1856 saeculorum.
3207 1807 3416 1859 Amen.

2178 2064 2267 2118 20.
2303 2063 2526 2121 Modico
2557 2068 2755 2121 autem
2785 2065 2982 2140 elapso
3012 2070 3297 2141 tempore,
3329 2071 3445 2128 duo
3489 2072 3575 2129 illi
3633 2076 3750 2131 fra-

2107 2157 2227 2208 tres
2259 2155 2360 2225 qui
2389 2171 2459 2210 ex
2489 2156 2842 2211 monasterio
2871 2157 3092 2229 egressi
3127 2158 3377 2230 fuerant,
3426 2162 3757 2221 inciderunt

2108 2242 2168 2297 in
2200 2243 2584 2299 tentationem
2616 2247 2673 2300 et
2702 2244 2762 2300 in
2794 2244 3177 2303 calamitates.
3217 2247 3399 2304 Alteri
3449 2252 3605 2307 enim
3654 2271 3752 2309 ex-

2107 2333 2286 2388 crevit
2316 2332 2483 2389 ulcus
2515 2334 2583 2388 ad
2619 2332 2796 2403 latus,
2829 2339 3003 2406 atque
3051 2338 3353 2409 ingressus
3401 2340 3461 2396 in
3508 2359 3755 2398 nosoco-

2109 2422 2294 2476 mium
2327 2439 2430 2477 seu
2465 2421 2834 2478 infirmorum
2869 2423 3190 2496 hospitium
3223 2427 3376 2483 intra
3405 2429 3554 2485 duos
3582 2447 3752 2487 men-

2108 2527 2202 2566 ses
2224 2516 2312 2566 ter
2337 2512 2549 2568 medici
2573 2530 2750 2569 manu
2775 2518 3034 2582 curatus,
3055 2531 3245 2587 neque
3267 2517 3348 2572 ita
3374 2523 3617 2574 sanatus
3637 2524 3748 2578 est.

2105 2599 2264 2655 Alter
2294 2617 2426 2656 vero
2455 2618 2590 2657 cum
2621 2602 2680 2657 in
2713 2603 3026 2660 seditiosos
3056 2603 3382 2675 incidisset,
3416 2625 3450 2663 a
3480 2609 3674 2678 dorso,
3699 2616 3757 2666 et

2107 2707 2141 2744 a
2187 2693 2388 2746 ventre
2435 2691 2798 2762 verberatus,
2848 2692 2996 2748 ferro
3052 2700 3303 2752 onustus
3351 2697 3410 2751 in
3463 2713 3754 2755 carcerem

2107 2779 2404 2849 conjectus
2429 2783 2537 2846 est,
2562 2784 2737 2851 atque
2761 2780 2816 2835 in
2837 2782 3090 2838 tenebris
3113 2785 3270 2856 degit
3292 2785 3498 2842 multis
3524 2787 3756 2845 diebus.

2106 2867 2251 2922 Cum
2283 2871 2479 2923 autem
2509 2868 2696 2924 oratio
2726 2871 2914 2925 sancti
2955 2871 3145 2927 Patris
3192 2873 3463 2930 Antiochi
3514 2877 3757 2934 misera-

2105 2959 2289 3011 torem
2324 2956 2507 3011 Deum
2541 2957 2855 3028 placasset,
2918 2958 3133 3015 Christi
3183 2961 3464 3018 beneficio
3511 2965 3757 3021 eductus

2107 3045 2204 3100 ille
2228 3061 2297 3101 ex
2345 3062 2594 3111 carcere,
2628 3063 2760 3102 cum
2794 3048 2861 3102 ad
2895 3049 3300 3105 nosocomium
3333 3051 3608 3121 venisset,
3641 3054 3756 3110 fra-

2105 3137 2253 3188 trem
2286 3134 2464 3189 alium
2500 3135 2691 3190 adhuc
2723 3136 2920 3192 dolore
2949 3137 3333 3210 laborantem,
3358 3142 3598 3212 paulum
3623 3159 3756 3199 sus-

2109 3227 2374 3291 tentans,
2408 3240 2700 3295 manuque
2716 3224 2828 3280 sibi
2859 3225 3148 3294 innixum,
3181 3228 3419 3284 deduxit
3449 3231 3520 3286 ad
3552 3249 3756 3289 mona-

344 3320 738 3395 μοναστήριον·
784 3318 876 3372 καὶ
927 3317 1003 3379 ὡς
1052 3315 1316 3391 ἐσήμανεν
1357 3317 1384 3371 6
1418 3317 1686 3392 θυρωρὸς,
1718 3313 1838 3392 εῦρε
1866 3317 1990 3373 τοὺς

2116 3313 2354 3369 sterium
2382 3330 2394 3367 :
2433 3330 2498 3369 ac
2530 3330 2662 3369 cum
2695 3313 2778 3369 illi
2811 3331 2934 3371 rem
2967 3315 3286 3373 indicasset
3314 3319 3612 3388 ostiarius,
3661 3323 3758 3378 in-

337 3405 614 3485 ἀδελφοὺς
675 3407 782 3483 πρὸ
828 3409 925 3461 τοῦ
970 3403 1273 3478 πυλεῶνος,
1323 3405 1411 3460 καὶ
1472 3405 1866 3481 εὐχαριστήσας
1917 3410 1995 3478 τῷ

336 3494 713 3575 φιλανθρώπῳ
744 3493 860 3567 Θεῷ
887 3492 1100 3568 ἐδέξατο
1128 3492 1345 3556 αὐτούς.
1395 3495 1490 3549 Καὶ
1544 3494 1712 3570 εὖχήν
1764 3493 1843 3549 ἐπ’
1898 3493 1996 3548 αὐ-

340 3584 473 3648 τοὺς
506 3586 743 3655 ποιήσας
776 3587 1120 3661 παραχρῆμα
1169 3585 1313 3659 ὑγεῖς
1369 3589 1448 3656 τῷ
1498 3585 1710 3657 σώματι
1761 3583 1996 3639 ἀποκατ-

342 3674 556 3745 έστησε.
643 3673 740 3728 Καὶ
802 3671 998 3728 λοιπὸν
1069 3677 1448 3746 μετανοοῦντες
1503 3672 1585 3751 ἐφ’
1642 3675 1718 3735 οἷς
1768 3668 1996 3750 ἔπραξαν

345 3762 399 3818 ἐν
455 3760 650 3837 πολλῇ
711 3762 932 3832 ἀσκήσει
993 3758 1312 3837 δακρύοντές
1371 3783 1430 3817 τε
1485 3763 1574 3816 καὶ
1604 3762 1999 3837 ἀγρυπνοῦντες

352 3849 622 3908 διετέλουν
657 3851 712 3906 ἐν
771 3849 956 3925 πολλῇ
1003 3849 1486 3930 ταπεινοφροσύνῃ.
1543 3851 1639 3906 Καὶ
1690 3851 1833 3906 οὕτω
1868 3851 2001 3925 μετὰ

351 3947 497 4015 τρεῖς
529 3940 808 4004 ἐνιαυτοὺς
845 3942 958 4014 μετ’
990 3939 1212 4015 εἶ’ρήνης
1259 3940 1348 3995 καὶ
1405 3941 1608 4017 ἀγαθῆς
1656 3940 2000 4016 ἐξομολογή-

355 4050 492 4091 σεως
520 4029 888 4104 ἐκοιμήθησαν
947 4028 998 4084 ἐν
1059 4031 1278 4106 Χριστῷ
1333 4031 1536 4104 Ἰησοῦ,
1598 4032 1643 4103 ᾧ
1700 4032 1734 4100 ἡ
1770 4027 1898 4101 δόξα
1927 4031 2001 4092 εἷς

348 4118 482 4180 τοὺς
514 4119 641 4174 adii»;
651 4141 726 4182 ας.
755 4121 927 4194 Ἀμήν
939 4162 952 4176 .

421 4211 516 4264 21.
553 4207 788 4264 ’Ἂλλοτε
832 4209 1146 4282 καθημένου
1193 4208 1282 4264 καὶ
1331 4208 1792 4283 ἀναγινώσκοντος
1837 4209 2002 4264 αὐτοῦ

343 4298 449 4366 τήν
486 4291 678 4373 βίϐλον
704 4302 813 4353 τῶν
858 4295 1092 4353 ἐντολῶν
1123 4302 1219 4352 τοῦ
1251 4297 1402 4353 ὁσίου
1435 4299 1642 4373 Πατρὸς
1673 4298 1762 4353 καὶ
1794 4297 2006 4354 ἐπισκό-

343 4407 454 4442 που
485 4387 808 4451 ’Δθανασίου
844 4387 977 4461 μετὰ
1017 4393 1200 4465 φωνῆς
1253 4387 1343 4442 καὶ
1391 4384 1596 4458 ἡδονῆς
1641 4385 1881 4458 πολλῆς,
1926 4389 2002 4451 εἷς

340 4480 454 4532 τῶν
516 4474 770 4555 ἀδελφῶν
807 4522 821 4549 ,
880 4476 1279 4552 ἀκροασάμενος
1337 4471 1575 4554 ἀκριϐῶς
1626 4475 1795 4552 ὅλας,
1855 4475 2004 4554 λέγει

343 4566 495 4637 αὐτῷ
553 4569 686 4640 (84)·
727 4590 754 4618 ‹‹
808 4567 991 4642 Κύριε,
1047 4566 1101 4619 αἱ
1158 4563 1371 4622 ἐντολαὶ
1415 4565 1566 4622 αῦται
1627 4564 1857 4643 μεγάλαι
1915 4567 2003 4622 καὶ

344 4643 514 4700 καλαὶ
589 4647 680 4702 καὶ
760 4643 980 4701 δυναταί
1051 4647 1176 4716 εἱσι,
1251 4643 1541 4720 δυνάμεναι
1592 4647 1847 4725 εὐφρᾶναι
1905 4650 2003 4718 τὴν

345 4731 571 4811 καρδίαν
602 4739 701 4790 τοῦ
736 4731 1036 4808 δυναμένου
1065 4742 1303 4811 τηρῆσαι
1362 4735 1543 4798 αὐτάς.
1580 4735 1689 4790 Οὐκ
1737 4734 1878 4807 οἶδα,
1911 4737 2006 4791 κό-

347 4845 455 4902 ριε,
489 4825 536 4879 εἱ
582 4822 834 4880 δύνανται
895 4825 948 4879 αἱ
998 4823 1214 4880 ἐντολαὶ
1264 4825 1421 4881 αῦται
1476 4826 1578 4881 ὑπὸ
1626 4825 1850 4882 πολλῶν
1905 4850 2006 4906 φυ-

350 4912 657 4988 λαχθῆναι,
687 4911 828 4969 διότι
860 4913 1095 4990 σκληραί
1148 4916 1302 4972 εἶσιν.
1341 4940 1361 4967 ι
1419 4909 1732 4989 Ἐμϐλέψας
1765 4913 1821 4970 δὲ
1852 4909 2010 4971 αὐτὸν

353 5003 383 5057 6
417 5001 619 5065 δοῦλος
674 5007 772 5057 τοῦ
830 5004 966 5059 Θεοῦ
1020 5004 1154 5076 μετὰ
1213 5003 1433 5072 πολλῆς
1497 5003 1791 5076 αὐστηρίας
1842 5005 2008 5060 εἶπενο

352 5089 705 5168 ‹‹“¹Δνανδρε,
766 5091 1087 5163 ἀκηδιαστᾶ,
1148 5093 1356 5169 meum
1409 5093 1498 5147 καὶ
1556 5091 1882 5169 ὁλιγόψυχε,
1916 5093 2014 5149 οὐκ

347 5177 529 5250 οἶδας,
593 5181 674 5235 ὅτι
734 5180 820 5235 ἐὰν
886 5181 936 5236 ἐν
1001 5181 1084 5235 σοὶ
1144 5182 1316 5254 ἑαυτῷ
1371 5184 1573 5257 προθῆ,
1625 5181 1709 5236 ὅτι
1769 5180 2012 5238 δύνανται

349 5275 736 5349 φυλαχθῆναι,
788 5270 1030 5333 εὐκόλως
1071 5269 1233 5333 αὐτὰς
1283 5269 1560 5348 φυλάξεις,
1619 5271 1706 5326 καὶ
1739 5272 1838 5327 οὐκ
1868 5270 2016 5328 ἔσον.

346 5379 440 5413 ται
475 5357 750 5438 σκληραί;
785 5359 848 5416 Εἰ
884 5358 940 5416 δὲ
998 5355 1171 5435 ἀναϐῇ
1232 5360 1319 5416 ἐπὶ
1367 5363 1467 5431 την
1517 5359 1738 5437 καρδίαν
1795 5382 1890 5416 σου
1940 5362 2016 5434 μὴ

355 5447 609 5504 δύνασθαι
695 5451 858 5512 αὑτὰς
949 5450 1049 5504 ὑπὸ
1127 5448 1419 5526 ἀνθρώπου
1496 5449 1876 5527 φυλαχθῆναι,
1956 5451 2018 5505 οὐ

449 5675 545 5732 84)
578 5675 680 5732 Hic

425 5675 545 5821 ἓξὲξ

713 5674 1019 5748 paululum
1050 5675 1170 5748 vari
1179 5679 1237 5731 at
1265 5679 1483 5732 textus.

643 5877 914 5943 Parnm.
965 5876 1075 5935 GR.
1122 5874 1399 5934 XXVIII.

2105 3402 2264 3457 venit
2285 3407 2418 3457 ante
2439 3402 2654 3458 ostium
2677 3403 2886 3460 fratres
2912 3403 3065 3473 illos,
3086 3408 3424 3478 gratiasque
3447 3408 3756 3467 hominum

2107 3491 2326 3546 amanti
2359 3491 2475 3547 Deo
2507 3509 2706 3565 agens,
2741 3493 3011 3549 homines
3041 3497 3321 3568 suscepit.
3355 3501 3543 3569 Atque
3601 3500 3758 3556 facta

2107 3597 2284 3652 super
2312 3581 2429 3636 illis
2461 3583 2744 3652 oratione,
2778 3583 2977 3638 statim
3009 3584 3248 3641 sanitati
3281 3603 3569 3660 corporeae
3595 3589 3764 3645 resti-

2108 3671 2241 3725 tuit.
2274 3676 2354 3726 Ac
2388 3671 2628 3726 demum
2663 3672 3070 3743 paenitentiam
3126 3679 3368 3746 agentes
3413 3677 3483 3733 de
3533 3677 3764 3736 delictis

2110 3759 2256 3827 suis,
2283 3759 2339 3814 in
2368 3758 2553 3814 multa
2571 3759 3005 3828 exercitatione,
3034 3762 3336 3836 lacrymis,
3374 3766 3613 3838 vigiliis,
3637 3784 3765 3823 ma-

2109 3864 2340 3920 gnaque
2359 3848 2694 3904 humilitate
2717 3856 3187 3920 perseverarunt.
3207 3852 3554 3927 Elapsisque
3575 3856 3765 3912 tribus

2111 3936 2304 4007 annis,
2330 3953 2466 3991 cum
2489 3953 2632 4008 pace
2657 3941 2712 3992 et
2737 3939 2890 3994 bona
2912 3939 3298 4012 confessione,
3323 3942 3768 4000 obdormierunt

2110 4024 2171 4080 in
2206 4025 2438 4081 Christo
2466 4025 2628 4095 Jesu,
2661 4026 2754 4082 cui
2795 4027 2984 4100 gloria
3016 4029 3074 4085 in
3107 4029 3339 4087 saecula.
3370 4034 3572 4090 Amen.

2181 4204 2272 4258 21.
2305 4202 2434 4259 ΑΙίο
2464 4206 2726 4276 tempore
2755 4206 2992 4262 sedente
3023 4206 3123 4263 illo
3155 4225 3221 4264 ac
3274 4207 3501 4282 legente
3543 4210 3764 4268 librum

2116 4294 2542 4364 praeceptorum
2584 4293 2771 4348 sancti
2825 4293 3013 4350 Patris
3058 4299 3117 4351 et
3158 4297 3416 4369 episcopi
3457 4297 3766 4356 Athanasii

2121 4380 2239 4437 alta
2261 4397 2397 4436 vocs
2420 4384 2477 4436 et
2503 4397 2637 4437 cum
2677 4383 2887 4454 grandi
2916 4383 3236 4456 voluptate,
3282 4386 3520 4458 quidam
3552 4404 3622 4443 ex
3648 4389 3765 4445 fra-

2119 4472 2311 4528 tribus
2331 4488 2464 4528 cum
2495 4471 2730 4545 singula
2752 4477 2970 4529 attente
2993 4473 3332 4546 audivisset,
3360 4475 3442 4531 ait
3463 4475 3547 4532 illi
3571 4493 3583 4531 :
3615 4499 3636 4528 α
3665 4483 3768 4534 Do-

2122 4562 2304 4629 mine,
2339 4562 2460 4617 haec
2513 4578 2820 4634 praecepta,
2872 4579 3106 4635 magna,
3157 4562 3422 4636 pulchra,
3478 4570 3534 4622 et
3579 4566 3774 4624 valida

2122 4654 2286 4719 sunt,
2319 4653 2689 4723 possuntque
2716 4651 3005 4709 delectare
3036 4669 3134 4709 cor
3164 4654 3292 4724 ejus
3350 4655 3450 4726 qui
3498 4672 3566 4712 ea
3609 4673 3770 4714 com—

2122 4739 2280 4811 plere
2310 4739 2498 4808 valet;
2532 4740 2632 4795 sed
2666 4741 2885 4809 nescio,
2918 4741 3182 4811 domine,
3214 4760 3286 4798 an
3319 4745 3548 4814 possint
3588 4747 3773 4819 pluri-

2123 4831 2202 4884 mi
2236 4847 2304 4886 ea
2335 4847 2588 4897 servare,
2620 4832 2772 4886 dura
2801 4849 3057 4905 namque
3080 4838 3238 4890 sunt.
3263 4856 3291 4885 »
3320 4835 3498 4892 Istum
3524 4837 3774 4893 intuitus

2125 4935 2330 4975 servus
2364 4921 2485 4990 Dei,
2520 4936 2736 4992 magna
2785 4937 2918 4977 cum
2974 4923 3280 4980 severitate
3327 4925 3446 4981 ait:
3486 4949 3506 4975 ι
3542 4927 3775 4998 Ignave,

2129 5009 2314 5081 piger,
2351 5008 2645 5065 desidiose
2675 5014 2733 5064 et
2764 5009 3187 5080 pusillanimis,
3248 5030 3440 5069 nonne
3493 5015 3652 5070 vides
3695 5019 3772 5080 te,

2124 5098 2172 5153 si
2205 5097 2309 5152 tibi
2354 5104 2488 5152 ante
2512 5099 2888 5170 proposueris
2925 5117 3092 5170 posse
3122 5100 3220 5154 illa
3251 5102 3568 5169 observari,
3604 5102 3776 5158 facile

2128 5185 2232 5241 illa
2263 5187 2732 5255 observaturum,
2767 5204 2870 5243 nec
2903 5188 3009 5244 tibi
3040 5188 3158 5243 fore
3189 5188 3290 5244 illa
3318 5191 3466 5247 dura
3493 5195 3549 5246 et
3569 5191 3773 5247 diffici-

2131 5273 2248 5330 lia?
2271 5275 2434 5339 Quod
2456 5275 2505 5330 si
2530 5293 2664 5331 cum
2694 5277 2866 5333 corde
2891 5281 2991 5332 tuo
3026 5277 3407 5348 reputaveris,
3449 5297 3563 5336 non
3605 5297 3777 5352 posse

2131 5364 2235 5418 illa
2267 5365 2336 5418 ab
2372 5364 2609 5419 homine
2640 5365 2959 5430 observari,
2997 5380 3302 5434 nunquam
3361 5368 3778 5426 observaturus

2131 5470 2213 5510 es.
2247 5456 2453 5508 Annon
2501 5455 2653 5510 nosti
2700 5453 2798 5508 Dei
2847 5453 3115 5525 gloriam,
3166 5459 3410 5524 quanta,
3459 5474 3637 5529 quam
3680 5475 3781 5515 va-

575 5745 804 5804 Htsc‘ex
834 5747 982 5804 libro
1014 5763 1056 5803 II
1088 5746 1338 5814 Hermas,
1372 5746 1650 5804 mandato
1683 5747 1769 5819 12,
1803 5749 1942 5808 hinc
1973 5749 2111 5809 inde
2141 5745 2550 5808 consarcinata
2580 5752 2739 5807 sunt.

3438 5877 3510 5934 19
