4132 6392
387 428 503 486 587

1554 422 1617 483 S.
1667 420 2182 483 ATHANASIUS.
2217 455 2291 465 —
2324 421 2632 486 SPURIA.

3683 424 3807 487 588

389 558 531 624 lida,
561 573 734 628 quam
760 555 1048 612 mirabilis
1071 555 1171 611 illa
1192 555 1468 628 sit;quod
1495 554 1716 610 scilicet
1748 554 2034 608 mundum

2154 550 2404 628 φυλάξεις
2445 553 2628 615 αὐτάς.
2661 553 2733 608 Ού
2785 558 2925 616 νοεῖς
2955 553 3054 623 τήν
3109 550 3264 625 δόξαν
3321 558 3417 610 τοῦ
3473 559 3629 628 Θεοῦ,
3688 560 3812 620 πῶς

394 649 546 704 213
599 648 883 703 creaverit
931 651 1167 718 propter
1212 646 1530 714 hominem,
1575 648 2044 716 potestatemque

387 737 472 791 illi
505 735 730 792 dederit
752 740 817 790 ut
836 735 1239 790 dominaretur
1270 734 1546 790 omnibus
1599 750 1722 804 quae
1755 738 1895 787 sunt
1944 749 2044 786 su-

399 842 503 898 per
535 824 956 890 terramPQuid
985 825 1166 897 igitur
1197 825 1404 879 horum
1439 823 1701 879 omnium
1735 822 1908 877 homo
1943 821 2043 877 do-

397 915 598 970 minus
623 919 732 981 est,
761 913 1155 984 omnibusque
1197 914 1482 984 imperare
1521 912 1700 976 valet;
1736 927 1918 980 ecqua
1950 927 2044 964 ra-

397 1003 554 1058 tione
586 1020 697 1056 non
733 1002 942 1072 poterit
977 1002 1135 1056 hisce
1167 1001 1468 1072 prmceptis
1500 999 1790 1054 dominari
1820 1002 1842 1052 Ρ
1889 1000 2043 1064 Quo-

399 1092 710 1145 modonam
725 1090 898 1145 David
916 1090 1210 1161 gigantem
1228 1087 2046 1160 alienigenam,honinemque

400 1179 762 1243 bellatorem,
791 1179 949 1234 omni
983 1195 1278 1234 armorum
1313 1194 1522 1249 genere
1555 1177 1908 1232 instructum
1941 1192 2043 1230 su-

401 1269 668 1340 peravit?
711 1284 900 1323 nonne
933 1266 1056 1322 solo
1102 1269 1422 1340 proposito,
1475 1283 1540 1321 ac
1590 1267 1703 1320 ﬁde
1751 1283 1820 1321 ex
1873 1265 2046 1321 corde

399 1359 744 1429 procedente
768 1356 796 1410 Τ
828 1357 954 1427 Ipse
984 1355 1144 1411 solus
1179 1356 1295 1410 haec
1333 1360 1442 1409 Deo
1473 1353 1710 1410 obtulit.
1743 1353 1897 1409 Deus
1947 1371 2044 1408 au-

396 1451 513 1501 tem
548 1446 666 1500 visa
697 1446 822 1516 ejus
854 1444 1173 1507 alacritate,
1205 1461 1270 1499 ac
1308 1444 1420 1499 ﬁde
1449 1443 1509 1497 in
1542 1447 1714 1498 corde
1771 1444 1901 1512 ejus
1955 1443 2044 1499 in-

397 1535 530 1604 sita,
564 1551 788 1590 necnon
821 1551 944 1605 spe,
983 1534 1107 1605 ipse
1138 1534 1374 1588 tandem
1400 1531 1704 1588 victoriam
1753 1532 2046 1604 prastitit,

395 1633 691 1705 uniusque
721 1631 1111 1688 adolescentis
1143 1647 1319 1686 manu
1355 1631 1662 1685 inimicum
1710 1631 2044 1702 prostravit.

392 1723 462 1778 Et
491 1722 701 1778 discito
736 1738 852 1776 non
884 1720 1188 1789 Davidem,
1223 1721 1324 1776 sed
1355 1719 1544 1775 Deum
1581 1719 1637 1774 id
1686 1719 1880 1791 operis
1922 1737 2049 1791 per-

397 1812 622 1868 fecisse.
650 1811 852 1881 Cogita
873 1810 1234 1882 Stephanum
1266 1809 1527 1881 primum
1562 1812 2050 1881 martyrem,quot

394 1901 622 1974 lapides
654 1905 860 1971 aquot
908 1898 1249 1954 hominibus
1309 1899 1556 1969 injectos
1613 1898 1921 1970 exceperit,
1979 1914 2046 1953 ac
2075 1931 2123 1995 Β

399 1991 512 2047 nisi
534 1991 658 2062 ipse
681 1988 990 2044 Dominum
1015 1988 1312 2042 Christum
1335 1993 1608 2058 precatus
1630 1991 1804 2048 esset.
1829 2003 2043 2058 nequa-

399 2097 576 2153 quam
598 2079 708 2151 ipsi
741 2077 1080 2132 tradidisset
1112 2077 1407 2148 spiritum.
1436 2080 1552 2133 Cur
1581 2077 1650 2131 de
1683 2077 1820 2132 viris
1858 2075 2042 2146 loqui-

400 2169 578 2225 mur?
607 2166 908 2224 Juditham
945 2167 1086 2220 mihi
1120 2167 1450 2234 considera,
1514 2167 1826 2220 adeuntem
1879 2165 2044 2220 Holo-

397 2260 700 2332 phernem,
734 2273 840 2312 noc
873 2257 944 2312 de
975 2274 1084 2311 sua
1115 2256 1464 2327 cogitantem
1518 2255 1875 2318 inﬁrmitate,
1928 2271 2041 2309 non

395 2350 464 2404 de
497 2349 726 2414 decoro,
759 2346 842 2401 vel
877 2347 948 2400 de
982 2345 1239 2417 periculo
1272 2362 1400 2400 suo.
1464 2345 1848 2414 Nequaquam
1901 2344 2044 2398 dixit

394 2438 452 2492 in
480 2435 826 2508 semetipsa:
852 2436 963 2490 Τυι
983 2435 1086 2489 viri
1117 2436 1176 2489 in
1207 2434 1349 2488 urbe
1369 2438 1506 2488 sunt
1541 2433 1789 2501 robusti,
1825 2449 2042 2503 praeva-

394 2527 518 2593 lidi,
553 2527 891 2599 prudentes,
918 2524 1220 2579 artiﬁciosi
1248 2541 1260 2590 ;
1294 2539 1546 2593 quorum
1571 2540 1740 2577 nemo
1773 2522 1880 2576 hoc
1907 2522 2044 2577 faci-

395 2632 509 2670 nus
540 2618 766 2669 tentare
798 2614 1006 2668 audet:
1064 2620 1119 2667 et
1168 2628 1275 2683 ego
1326 2611 1590 2666 omnium
1640 2610 2043 2679 imbecillima,

396 2704 542 2758 illud
576 2701 930 2774 aggrediar?
964 2701 1116 2757 Nihil
1144 2701 1432 2773 ejusmodi
1456 2701 1750 2772 cogitavit.
1773 2701 1881 2755 Sed
1906 2716 2042 2755 cum

400 2793 559 2850 omni
595 2793 897 2848 alacritate
926 2797 984 2846 et
1017 2791 1148 2857 ﬁde,
1209 2791 1279 2846 ad
1337 2790 1798 2862 omnipotentem
1855 2790 2040 2846 Deum

399 2899 532 2939 cum
567 2880 780 2936 ﬁducia
809 2880 1092 2947 accessit;
1129 2897 1192 2935 ac
1228 2881 1376 2936 Deus
1426 2879 1527 2951 qui
1581 2880 1780 2935 omnia
1829 2883 2040 2950 potest,

399 2984 700 3051 acceptam
753 2980 881 3050 ejus
930 2978 1153 3034 habens
1199 2979 1492 3044 ﬁduciam,
1539 2979 1694 3048 quod
1748 2978 2039 3048 reliquum

397 3069 664 3141 sratipse
689 3068 946 3140 perfecit.
970 3068 1114 3122 Nam
1146 3067 1455 3122 miserator
1491 3067 1645 3122 Deus
1681 3083 1794 3120 non
1833 3083 2040 3139 corpo-

397 3159 479 3214 ris
514 3160 711 3223 robur,
745 3157 845 3213 sed
881 3157 1267 3229 propositum,
1300 3156 1562 3211 studium
1595 3161 1654 3210 et
1691 3156 2037 3227 patientiam

401 3247 664 3319 requirit.
701 3247 991 3301 Abscedat
1030 3247 1228 3316 itaque
1285 3244 1546 3302 humana
1574 3245 1768 3300 omnis
1814 3244 2041 3301 occasio

395 3341 451 3391 et
479 3339 762 3390 conatus:
799 3352 912 3388 non
947 3334 1257 3389 dicendum
1294 3333 1507 3404 quippe
1542 3337 1652 3388 Deo
1683 3339 1810 3389 est:
1867 3335 2036 3389 Inﬁr-

401 3441 535 3479 mus
567 3441 719 3479 sum.
754 3428 900 3478 Deus
934 3439 1176 3493 namque
1209 3439 1324 3477 non
1385 3422 1564 3477 robur
1594 3439 1626 3475 a
1657 3427 1713 3476 te
1771 3421 2039 3492 requirit,

401 3521 501 3574 sed
525 3521 719 3574 cordis
750 3519 1140 3591 propositum.
1174 3518 1277 3574 Dic
1307 3518 1475 3584 mihi,
1500 3535 1674 3588 quam
1700 3518 1903 3573 habuit
1924 3517 2041 3573 vim

406 3607 560 3663 latro
593 3607 689 3663 ille
722 3607 879 3678 ligno
906 3609 1168 3662 conﬁxus
1197 3626 1230 3662 a
1269 3607 1487 3661 dextris
1542 3607 1798 3662 Christi?
1842 3607 2045 3662 Nonne

403 3697 464 3752 in
497 3697 793 3752 infernum
841 3702 1209 3768 perrecturus
1236 3695 1405 3750 erat?
1439 3697 1504 3750 Et
1535 3695 1745 3750 mulier
1774 3713 1900 3768 qua:
1932 3696 2046 3750 Do-

413 3786 639 3840 minum
673 3791 974 3857 unguento
1007 3785 1190 3853 unxit,
1223 3791 1278 3839 et
1311 3784 1584 3856 laerymis
1615 3783 1823 3854 rigavit
1871 3785 2046 3856 pedes

407 3876 555 3945 ejus,
585 3891 778 3928 nonne
804 3874 1100 3944 proposito
1126 3878 1184 3928 et
1207 3874 1318 3928 ﬁde
1341 3890 1449 3928 sua
1469 3872 1660 3928 solum
1706 3871 1866 3929 salva
1898 3874 2048 3930 facta

404 3967 539 4022 est?
568 3966 712 4020 Nolo
744 3966 813 4020 de
845 3964 1061 4019 Thecla
1089 3964 1247 4035 loqui
1279 3963 1364 4019 vel
1399 3964 1469 4018 de
1501 3963 1744 4034 reliquis
1787 3963 2047 4018 mulieri-

405 4057 538 4116 bus.
572 4072 702 4126 quae
735 4056 791 4108 in
826 4055 1022 4109 futuro
1062 4053 1271 4109 saeculo
1327 4069 1459 4108 cum
1519 4052 1703 4124 gloria
1761 4057 2047 4109 coronata;

407 4162 585 4216 prope
602 4144 896 4200 Christum
921 4143 1382 4198 collocabuntur.
1419 4141 1828 4198 Pusillanimes
1849 4148 2045 4197 autem

400 4240 455 4289 et
486 4234 635 4306 pigri
670 4250 800 4288 cum
835 4233 1055 4305 pudore
1089 4249 1280 4304 perge:
1309 4236 1330 4285 t
1360 4233 1427 4285 ad
1464 4230 1819 4302 supplicium
1879 4236 2047 4285 aeter-

399 4340 563 4378 num.
602 4325 801 4394 Itaque
831 4321 1107 4379 omnibus
1138 4321 1298 4377 hisce
1327 4320 1629 4392 praeceptis
1653 4319 2045 4391 adimplendis

399 4412 666 4484 superior
704 4416 792 4467 est
822 4411 1018 4480 homo,
1052 4410 1149 4481 qui
1182 4409 1494 4464 Dominum
1528 4409 1702 4464 habet
1732 4409 1789 4462 in
1849 4409 2040 4463 corde.

405 4510 510 4575 Qui
544 4513 736 4564 autem
771 4509 830 4563 in
860 4508 1034 4563 labiis
1063 4511 1292 4561 tantum
1336 4506 1555 4559 habent
1601 4504 1790 4570 illum,
1842 4506 2043 4560 corde-

400 4613 514 4668 que
544 4602 846 4663 excaecato,
881 4598 952 4651 ob
1002 4597 1273 4650 inertiam
1325 4611 1492 4648 suam
1544 4593 1742 4664 procul
1794 4583 2039 4650 Domino

2162 640 2376 714 μεγάλη
2438 642 2547 696 ἐστί
2606 643 2694 696 καὶ
2745 644 2949 720 ἱσχυρὰ
2985 643 3074 698 καὶ
3135 645 3442 718 θαυμαστὴ,
3503 643 3584 700 ὅτι
3639 643 3819 701 ἔκτισε

2153 727 2244 781 τὸν
2301 728 2504 800 κόσμον
2541 727 2630 783 διὰ
2683 731 2776 784 τὸν
2852 728 3163 806 ἄνθρωπον,
3235 731 3327 786 καὶ
3396 733 3498 800 τὴν
3579 731 3820 806 ἐξουσίαν

2157 818 2360 872 ἅπασαν
2391 815 2586 874 ἔδωκεν
2617 819 2765 892 αὐτῷ
2821 822 3090 896 κυριεύειν
3149 823 3360 877 πάντων
3417 827 3525 878 τῶν
3587 822 3674 878 ἐπὶ
3711 831 3817 894 τῆς

2158 908 2351 980 γῆς.Τί
2382 907 2471 962 οὖν
2506 908 2719 964 πάντων
2753 910 2959 964 τούτων
2989 913 3016 966 ὁ
3048 908 3333 983 ἄνθρωπος
3361 911 3550 988 κύριός
3579 911 3689 967 ἐστι
3720 912 3817 968 καὶ

2160 997 2373 1052 πάντων
2435 997 2654 1054 δύναται
2711 1006 3163 1076 κατακυριεῦσαι;
3220 1007 3339 1064 πῶς
3407 1002 3468 1056 οὐ
3524 1000 3815 1074 δυνήσεται

2154 1087 2242 1140 καὶ
2275 1087 2483 1142 τούτων
2513 1093 2618 1143 τῶν
2655 1087 2888 1144 ἐντολῶν
2944 1095 3360 1167 κατακυριεῦσαι
3393 1119 3408 1161 ;
3463 1097 3586 1154 Πῶς
3643 1088 3813 1148 Δαϐὶδ

2156 1173 2502 1249 ἐτροπώσατο
2531 1176 2621 1230 τὸν
2658 1175 2974 1250 ἀλλόφύλον
3033 1177 3261 1252 γίγαντα
3317 1178 3407 1232 καὶ
3465 1179 3814 1252 πολεμιστήν

2154 1271 2438 1348 ἄνθρωπον
2490 1277 2751 1339 πάντοθεν
2794 1275 3284 1350 καθωπλισμένον;
3341 1275 3486 1352 Οὐχὶ
3549 1277 3811 1352 μόνοντῇ

2152 1365 2463 1440 προαιρέσει
2511 1366 2601 1420 καὶ
2656 1367 2725 1436 τῇ
2774 1365 2880 1420 ἀπὸ
2911 1363 3133 1441 καρδίας
3193 1367 3407 1435 πίστει,
3441 1365 3644 1428 ἐκεῖνος
3706 1366 3810 1440 μό-

2153 1473 2241 1506 νον
2273 1457 2440 1507 ταῦτα
2469 1457 2802 1530 προσήνεγκε
2831 1459 2910 1526 τῷ
2939 1459 3073 1527 Θεῷ.
3107 1456 3168 1511 Ὁ
3227 1452 3285 1510 δὲ
3333 1455 3485 1528 Θεὸς,
3532 1453 3661 1509 ἰδὼν
3712 1455 3812 1510 αύ-

2151 1544 2248 1594 τοῦ
2278 1542 2377 1609 τήν
2410 1542 2717 1617 προθυμίαν
2749 1542 2838 1597 καὶ
2888 1544 2985 1611 τήν
3048 1542 3154 1598 ἀπὸ
3204 1541 3426 1618 καρδίας
3481 1543 3658 1598 πίστιν
3717 1543 3812 1598 καὶ

2155 1627 2374 1696 ἐλπίδα,
2433 1628 2628 1685 λοιπὸν
2689 1631 2849 1692 αὐτὸς
2913 1630 3196 1706 εἰργάσατο
3251 1633 3348 1700 τὴν
3407 1631 3584 1701 νίκην,
3617 1632 3707 1687 καὶ
3740 1630 3815 1688 δι’

2157 1719 2272 1779 ἑνὸς
2306 1717 2589 1794 μειρακίου
2619 1715 2882 1775 κατέϐαλε
2939 1720 3028 1774 τὸν
3082 1719 3414 1776 ὑπεναντίον.
3465 1720 3565 1775 Καὶ
3614 1723 3814 1796 μάθῃς,

2155 1806 2238 1861 ὅτι
2272 1807 2399 1883 ούχὶ
2433 1803 2622 1877 Δαϐὶδ,
2672 1806 2798 1864 ἀλλ’
2830 1810 2858 1864 6
2889 1808 3018 1871 Θεὸς
3045 1810 3108 1864 τὸ
3132 1805 3289 1884 ἔργον
3341 1811 3650 1886 εἱργάσατο.
3712 1817 3819 1866 Κα-

2153 1895 2418 1964 τανόησον
2483 1896 2749 1974 Στέφανον
2793 1898 2885 1952 τὸν
2944 1899 3405 1974 πρωτομάρτυρα.
3466 1899 3664 1961 πόσους
3725 1897 3815 1954 λί-

2153 1985 2276 2044 θους
2311 1985 2410 2038 ὑπὸ
2441 1985 2712 2039 τοσούτων
2745 1985 3046 2061 ἀνθρώπων
3080 1984 3315 2059 ἐδέξατο,
3346 1987 3436 2041 καὶ
3488 1988 3532 2041 εί
3587 1988 3663 2060 μὴ
3714 1988 3810 2044 αὗ-

2151 2075 2243 2134 τὸς
2274 2072 2607 2148 παρεκάλεσε
2636 2075 2727 2129 τὸν
2776 2074 3050 2145 Δεσπότην
3100 2075 3358 2151 Χριστὸν,
3407 2075 3507 2130 οὐκ
3556 2075 3613 2130 ἂν
3667 2096 3811 2151 παρ-

2155 2159 2323 2215 έδωκε
2377 2163 2440 2216 τὸ
2496 2167 2724 2235 πνεῦμα.
2783 2163 2848 2220 Τί
2908 2161 2966 2218 δὶ
3042 2163 3275 2238 Λέγομεν
3348 2164 3470 2240 περὶ
3556 2161 3809 2239 ἀνδρῶν;

2157 2251 2410 2305 Κατανόει
2472 2273 2566 2324 μοι
2613 2254 2711 2320 τήν
2769 2250 2962 2316 Ἰουδῖθ
3013 2253 3152 2328 πρὸς
3196 2255 3285 2308 τὸν
3336 2253 3673 2330 Ὁλοφέρνην
3706 2275 3809 2310 πο-

2155 2341 2453 2414 ρευομένην
2481 2340 2569 2394 καί
2606 2342 2680 2412 μή
2715 2343 3120 2411 κατανοήσασαν
3152 2343 3218 2409 τὴ
3271 2342 3464 2412 ἑαυτῆς
3512 2341 3809 2414 ἀσθένειαν,

2151 2429 2213 2482 τὸ
2246 2429 2529 2504 εὐπρεπὲς,
2561 2431 2622 2484 τὸ
2657 2429 2952 2485 εὐάλωτον.
2989 2432 3112 2492 ῙΙῶς
3146 2430 3244 2484 ούκ
3302 2433 3442 2486 εἶπεν
3505 2431 3556 2487 ἐν
3619 2433 3807 2508 ἑαυτῇο

2152 2531 2412 2582 Τοσοῦτοι
2445 2527 2722 2602 ἄνθρωποι
2756 2526 2808 2582 ἐν
2836 2531 2902 2602 τῇ
2952 2527 3112 2583 πόλει
3166 2529 3383 2604 ίσχυροῖ
3442 2530 3533 2584 καὶ
3597 2528 3812 2588 δυνατοὶ

2153 2615 2241 2670 καὶ
2301 2615 2559 2693 φρόνιμοι
2619 2617 2706 2671 καὶ
2767 2617 3093 2693 εὐμήχανοι,
3148 2618 3236 2672 καὶ
3293 2616 3473 2680 οὐδεὶς
3535 2619 3812 2696 ἐπιχειρεῖ

2152 2708 2313 2759 τοῦτο
2372 2712 2620 2774 ποιῆσαι·
2677 2705 2831 2780 κάγὼ
2885 2706 2948 2760 τὸ
3007 2706 3377 2781 ἀσθενέστερον
3442 2710 3605 2783 μέρος
3647 2715 3808 2766 τοῦτο

2153 2799 2380 2862 ποιῆσαι
2412 2791 2720 2866 τολμήσω;
2790 2791 2954 2849 Οὐδὲν
3004 2799 3252 2850 τοιοῦτον
3314 2794 3616 2870 ἐλογίσατο·
3659 2797 3805 2854 ἀλλᾶ

2152 2883 2297 2956 πάσῃ
2327 2883 2606 2958 προθυμίᾳ
2662 2883 2751 2936 καὶ
2810 2882 2987 2938 πίστει
3042 2883 3324 2958 προσῆλθε
3370 2890 3449 2958 τῷ
3493 2887 3800 2958 παντοκρά-

2150 2991 2270 3045 τορι
2330 2975 2446 3042 Θεῷ
2497 2971 2788 3047 Θαρῥοῦσα,
2850 2974 2940 3026 καὶ
3009 2974 3036 3027 6
3095 2974 3225 3035 Θεὸς
3285 2975 3313 3028 6
3368 2970 3792 3046 παντοδύναμος,

2153 3056 2440 3132 δεξάμενος
2472 3067 2597 3136 παρ’
2627 3060 2795 3128 αὐτῆς
2823 3060 3025 3132 ταύτην
3057 3063 3155 3130 τήν
3191 3061 3529 3133 πεποίθησιν,
3576 3063 3640 3116 τὸ
3691 3069 3794 3116 πᾶν

2151 3146 2345 3204 λοιπὸν
2402 3149 2560 3212 αὐτὸς
2619 3149 2948 3206 ἐπετέλεσεν.
3005 3154 3066 3206 Ὀ
3122 3151 3222 3226 γὰρ
3282 3150 3531 3223 ἐλεήμων
3574 3154 3703 3214 Θεὸς
3738 3151 3801 3206 οὗ

2154 3243 2308 3307 ζητεῖ
2345 3239 2597 3310 σώματος
2647 3236 2898 3312 δύναμιν,
2945 3239 3092 3294 ἀλλᾶ
3146 3239 3456 3314 προαίρεσιν
3489 3240 3578 3294 καὶ
3637 3261 3801 3296 σπου-

2069 3297 2112 3362 C
2281 3328 2368 3381 καὶ
2401 3297 2703 3400 ὑπομονήν,
2765 3297 2912 3382 [lica
2959 3326 3050 3382 οὗν
3096 3297 3323 3406 ἀφορμῆ
3372 3329 3663 3404 ἀνθρώπου
3718 3329 3802 3385 ἐκ·

2150 3414 2332 3470 ποδὼν
2383 3418 2638 3493 γενέσθω.
2679 3416 2756 3473 Οὐ
2787 3424 2887 3494 γᾶρ
2921 3415 3030 3471 ἔστι
3081 3416 3256 3493 λέγειν
3306 3422 3444 3490 Θεῷ·
3479 3419 3620 3494 Ἐγὼ
3650 3419 3807 3482 ὰσθε-

2151 3506 2249 3574 νής
2283 3505 2417 3578 είμι.
2450 3507 2505 3559 '0
2537 3506 2665 3568 Θεὸς
2713 3505 2814 3581 γὰρ
2866 3506 2971 3560 ἀπὸ
3014 3504 3109 3560 σοῦ
3142 3506 3299 3582 ἰσχὺν
3334 3507 3396 3562 ού
3433 3513 3606 3577 ζητεῖ,
3662 3505 3809 3562 ἀλλὰ

2153 3594 2464 3669 προαίρεσιν
2521 3594 2626 3648 ἀπὸ
2676 3592 2924 3670 καρδίας.
2987 3596 3120 3652 Εἱπὲ
3181 3617 3296 3668 μοι,
3354 3595 3512 3651 ποίαν
3575 3593 3806 3670 δύναμιν

2156 3682 2300 3758 εἶχεν
2357 3684 2384 3737 ὸ
2444 3682 2646 3756 λῃστὴς
2708 3683 2967 3760 ἒμπαγεῖς
3027 3683 3079 3739 ἐν
3136 3689 3215 3756 τῷ
3271 3683 3419 3757 ξύλῳ
3470 3684 3530 3739 ἐκ
3581 3683 3813 3757 δεξιῶδς

2158 3783 2299 3859 Οὐχὶ
2335 3783 2464 3846 ὅλος
2496 3784 2547 3839 ὲν
2597 3789 2676 3857 τῷ
2709 3782 2810 3860 ᾄδῃ
2841 3788 2907 3854 ἦν
2936 3786 3340 3860 πορευόμενος;
3393 3786 3492 3842 Καὶ
3541 3788 3575 3857 ἡ
3610 3789 3744 3863 γυνή
3776 3789 3811 3858 ἡ

2158 3875 2426 3949 ἀλείψασα
2471 3876 2561 3930 τὸν
2623 3877 2816 3951 Κύριον
2880 3877 3060 3953 μύρῳ,
3120 3877 3209 3932 καὶ
3279 3874 3503 3952 δάκρυσι
3587 3879 3817 3955 βρέξασα

2155 3965 2281 4026 τοὺς
2311 3963 2503 4038 πόδας,
2537 3965 2664 4040 οὐχὶ
2724 3969 2791 4038 τῇ
2843 3967 3152 4043 προαιρέσει
3207 3966 3296 4022 καὶ
3327 3971 3394 4041 τῇ
3426 3967 3601 4023 πίστει
3639 3969 3811 4042 μόνον

2157 4055 2370 4124 ἑσώθη;
2405 4054 2481 4110 Οὐ
2514 4053 2658 4109 θέλω
2688 4053 2867 4130 λέγειν
2898 4055 2964 4109 τὰ
2995 4055 3118 4131 περὶ
3148 4054 3358 4126 Θίκλης
3407 4056 3496 4111 καὶ
3544 4056 3638 4119 τὰς
3699 4055 3818 4112 λοι-

2157 4144 2258 4204 πὰς
2315 4149 2595 4218 γυναῖκας,
2656 4141 2850 4206 α’ίτινες
2911 4144 2963 4198 ἒν
3020 4149 3098 4216 τῷ
3159 4143 3420 4218 μέλλοντι
3481 4146 3638 4200 αἱῶνι
3676 4146 3816 4219 μετὰ

2159 4228 2318 4301 δόξης
2375 4235 2861 4310 στεφανοφοροῦσαι
2929 4235 3365 4307 παρασθήσονται
3431 4239 3509 4306 τῷ
3566 4240 3809 4312 Χριστῷ.

2157 4329 2222 4386 Οἱ
2257 4327 2313 4382 δὲ
2343 4328 2674 4404 ὁλιγὸψυχοι
2706 4329 2795 4384 καὶ
2831 4328 3061 4405 ῥᾴθυμοι
3109 4333 3558 4408 κατῃσχυμμὲονι
3605 4331 3813 4407 πορεύ-

2158 4437 2338 4471 σονται
2368 4417 2440 4478 εἷς
2469 4419 2567 4486 τήν
2597 4417 2814 4473 αἶ’ώνιον
2849 4418 3096 4476 κόλασιν.
3143 4423 3303 4474 Ὥστε
3351 4425 3538 4476 πασῶν
3565 4426 3674 4476 τῶι
3725 4421 3814 4476 δν-

2154 4505 2332 4560 τολῶν
2361 4506 2565 4560 τούτων
2597 4512 3012 4582 κατακυριεῦσαι
3045 4509 3073 4563 6
3104 4507 3389 4584 ἄνθρωπος
3432 4510 3460 4563 6
3519 4508 3664 4585 ἔχων
3713 4511 3812 4566 τὸν

2159 4595 2349 4668 Κύριον
2386 4596 2439 4649 ὲν
2470 4600 2537 4670 τῇ
2564 4593 2758 4672 καρδίᾳ
2788 4598 2972 4654 αὐτοῦ.
3007 4599 3072 4655 Οἱ
3106 4595 3163 4652 δὲ
3203 4598 3290 4652 ἐπὶ
3321 4599 3388 4653 τὰ
3430 4599 3596 4675 χείλη
3651 4598 3814 4675 ἔχον-

400 4689 560 4748 sunt,
594 4684 685 4738 his
719 4687 1007 4755 praecepta
1033 4683 1146 4737 ista
1180 4683 1328 4736 dura
1369 4687 1509 4736 sunt
1540 4687 1597 4736 et
1625 4681 1908 4737 difﬁcilia.
1943 4683 2041 4738 Po-

2152 4705 2235 4746 τες
2284 4685 2374 4739 τὸν
2437 4669 2656 4760 Κύριον,
2716 4686 2814 4753 τὴν
2873 4682 2931 4740 δὶ
2985 4682 3210 4762 καρδίαν
3265 4669 3815 4762 πεπωρνωμένηννκαί

399 4772 517 4826 nite
550 4771 727 4842 igitur
759 4771 1176 4838 indesinenter,
1211 4786 1242 4824 0
1275 4768 1682 4840 pusillanimes
1712 4775 1768 4825 et
1797 4771 1911 4825 ﬁde
1957 4769 2037 4826 le-

396 4860 648 4926 vissimi,
687 4860 992 4915 Dominum
1025 4858 1082 4913 in
1114 4860 1388 4914 cordibus
1419 4859 1650 4927 vestris,
1685 4860 2040 4931 agnoscatis-

395 4965 507 5020 que
541 4947 689 5003 nihil
719 4965 846 5004 esse
879 4947 1109 5003 facilius
1140 4946 1301 5002 hisce
1334 4949 1659 5018 praeceptis,
1722 4947 1867 5002 nihil
1901 4949 2036 5003 dul-

388 5039 536 5104 cius,
572 5037 717 5093 nihil
753 5037 1076 5109 placidius:
1112 5035 1496 5090 violentorum
1540 5038 1760 5108 quippe
1803 5043 1892 5091 est
1946 5053 2034 5093 re-

387 5144 569 5199 gnum
592 5127 712 5182 Dei.
738 5126 884 5181 Nam
912 5124 1125 5196 petenti
1149 5126 1348 5191 datur;
1375 5126 1470 5194 qui
1497 5124 1784 5180 laboriose
1804 5125 2031 5195 quaerit,

383 5217 663 5281 inveniet,
687 5220 743 5271 et
770 5215 1022 5286 pulsanti
1047 5231 1112 5268 ex
1131 5214 1301 5268 corde
1321 5219 1530 5267 etcum
1559 5213 1857 5283 patientia,
1894 5232 2030 5286 ape-

386 5306 601 5374 rietur;
639 5310 814 5375 atque
846 5303 1013 5375 plura
1043 5303 1342 5356 dabuntur
1373 5318 1548 5372 quam
1583 5307 1871 5372 petamus.
1927 5307 2029 5358 Va-

383 5410 494 5448 nus
525 5393 742 5465 quippe
772 5399 857 5448 est
885 5390 1156 5462 quisquis
1191 5390 1385 5453 homo,
1416 5397 1473 5444 et
1504 5390 1597 5444 hic
1648 5392 1756 5444 frui
1806 5393 1930 5447 vult
1977 5397 2034 5448 et

383 5483 707 5553 quiescere,
741 5487 798 5538 et
827 5480 944 5537 illic
977 5497 1107 5534 cum
1142 5478 1371 5535 Christo
1405 5495 1665 5549 regnare.
1700 5479 1829 5535 Vim
1855 5481 2034 5553 igitur

381 5571 484 5624 tibi
531 5571 766 5636 inferas,
801 5575 974 5641 atque
1008 5585 1172 5640 spem
1208 5568 1418 5623 habeto
1448 5567 1506 5621 in
1569 5569 2030 5640 omnipotentem

381 5660 560 5715 Deum
590 5678 602 5727 ;
636 5661 772 5732 quia
803 5659 956 5730 apud
991 5657 1160 5713 illum
1191 5657 1357 5712 radix
1396 5662 1488 5712 est
1543 5656 1845 5726 bonitatis,
1901 5660 2030 5715 fons

382 5749 796 5820 miserationis,
831 5748 1070 5822 pelagus
1129 5747 1688 5804 misericordiarum.
1738 5748 1853 5821 Ipsi
1914 5749 2032 5823 glo-

2151 4773 2356 4849 μακρὰν
2393 4771 2540 4836 ὄντες
2570 4773 2677 4828 ἀπὸ
2727 4778 2822 4828 τοῦ
2859 4773 3060 4850 Κυρίου
3095 4771 3183 4828 διὰ
3219 4777 3318 4844 τήν
3379 4777 3585 4830 ἑαυτῶν
3643 4777 3812 4853 ῥαθυ-

2151 4862 2274 4935 μίαν
2332 4861 2557 4923 ἐκείνοις
2616 4863 2671 4916 αἱ
2750 4861 2965 4917 ἐντολαὶ
3044 4860 3198 4917 αὗται
3260 4861 3496 4938 σκληραί
3554 4867 3655 4920 εἱσι
3715 4866 3814 4922 καί

2146 4946 2601 5024 δυσκατόρθωτοι.
2639 4952 2799 5005 Θέσθε
2843 4948 2932 5004 οὖν
2983 4951 3161 5022 ὑμεῖς,
3213 4952 3265 5004 οἱ
3314 4951 3657 5029 ὁλιγόψυχοι
3715 4955 3812 5010 καὶ

2146 5038 2470 5117 ἑλαφροὶτῆ
2533 5039 2730 5108 πίστει,
2791 5040 2883 5093 τὸν
2942 5039 3140 5114 Κύριον
3197 5037 3565 5104 ἀδιαλείπτως
3601 5044 3675 5104 είς
3705 5043 3810 5108 τὰς

2143 5127 2368 5202 καρδίας
2401 5129 2572 5201 ὑμῶν,
2630 5129 2720 5182 καὶ
2771 5130 3058 5202 γνώσεσθε,
3108 5129 3191 5183 ὅτι
3241 5127 3395 5184 οὐδὲν
3454 5131 3596 5185 ἐστιν
3652 5131 3812 5186 εὐκο-

2146 5215 2384 5291 λώτερον
2416 5221 2524 5271 τῶν
2555 5217 2789 5272 ἐντολῶν
2836 5216 3064 5284 τούτων,
3107 5214 3229 5271 οὔτε
3277 5216 3629 5294 γλυκύτερον,
3679 5219 3813 5276 οὕτε

2142 5307 2515 5381 ἡμερώτερον·
2600 5307 2830 5381 βιαστῶν
2903 5307 3003 5381 γάρ
3076 5305 3216 5360 ἐστιν
3286 5308 3321 5374 ἡ
3403 5308 3650 5382 βασιλεία
3707 5314 3812 5366 τοῦ

2143 5399 2296 5449 Θεοῦ’
2330 5401 2408 5467 τῷ
2437 5396 2539 5470 γὰρ
2595 5394 2834 5452 αἱτοῦντι
2891 5392 3123 5466 δίδοται,
3179 5395 3268 5450 καὶ
3328 5396 3355 5451 ὁ
3389 5396 3644 5470 ὲμπόνως
3705 5404 3809 5469 ζη-

2144 5487 2248 5538 σῶν
2309 5485 2545 5561 εὑρήσει,
2603 5487 2691 5541 καὶ
2740 5487 2818 5558 τῷ
2875 5486 2982 5540 ἀπὸ
3054 5481 3277 5560 καρδίας
3350 5485 3441 5540 καὶ
3519 5488 3809 5561 ὑπομονῆς

2141 5573 2393 5645 κρούοντι
2427 5575 2795 5650 ἀνοιγήσεταιο
2840 5575 2930 5629 καὶ
2962 5573 3194 5629 πλείονα
3250 5574 3534 5649 χαρίζεται
3580 5574 3654 5630 ὧν
3715 5577 3809 5631 αἶ-

2138 5665 2362 5735 τοῦμεν.
2397 5662 2635 5726 Μάταιος
2685 5663 2786 5738 γάρ
2821 5664 2962 5718 ἔστιν
2995 5662 3277 5737 ἄνθρωπος
3337 5661 3486 5726 ὅστις
3543 5665 3633 5720 καὶ
3691 5664 3809 5724 ὧδε

2141 5747 2284 5815 θὲλει
2316 5749 2621 5808 ἀπολαῦσαι
2651 5750 2742 5808 καὶ
2793 5751 3183 5824 ἀναπαύεσθαι,
3230 5749 3384 5806 κάκεὶ
3436 5749 3529 5809 σὺν
3579 5759 3804 5832 Χριστῷ
