4132 6364
373 437 493 497 589

1451 436 1714 497 SERMO
1761 436 1863 497 AD
1912 432 2378 495 ANTIOCHUM
2422 431 2716 495 DUCEM.

3674 440 3796 500 590

375 561 827 639 συμϐασιλεῦσαι.
864 562 1082 618 Βίσασαι
1141 562 1234 618 οῦν
1286 566 1525 633 σεαυτὸν,
1558 568 1645 619 καὶ
1706 563 1901 622 ἐλπίδα
1935 561 2014 639 ἔχε

2145 566 2223 620 ria
2287 569 2345 619 et
2396 564 2738 636 magnitudo
2789 565 2846 618 in
2912 566 3126 621 saecula
3166 568 3532 625 saeculorum.
3586 576 3792 628 Amen.

372 656 449 717 εἷς
500 656 593 710 τὸν
652 655 1066 728 παντοκράτορα
1126 653 1279 708 Θεόν·
1340 652 1421 709 ὅτι
1478 657 1603 730 παρ’
1660 655 1804 727 αὐτῴ
1854 657 1888 723 ἡ
1942 653 2061 730 ῥίζα
2115 655 2211 720 τῆς
2266 650 2597 728 ἀγαοότητος
2647 652 2735 705 καὶ
2788 655 2821 721 ἡ
2873 654 3027 728 πηγὴ
3074 658 3169 708 τοῦ
3200 655 3384 718 ἐλέους
3414 659 3501 711 καὶ
3530 662 3592 714 τὸ
3623 661 3792 716 πέλα-

369 766 467 821 γος
496 749 602 799 τῶν
637 743 964 820 οἰκτιρμῶν.
1002 742 1162 816 Αὐτῷ
1194 746 1227 812 ἡ
1262 740 1390 813 δόξα
1418 744 1507 797 καὶ
1538 747 1571 814 ἡ
1608 743 1957 821 μεγαλοσύνη
1991 741 2067 805 εἷς
2096 742 2224 803 τοὺς
2256 741 2453 804 αἰῶνας
2483 745 2589 795 τῶν
2626 741 2860 797 αἰώνων.
2894 743 3096 815 ’Δμήν.

367 992 496 1043 ΤΟΥ
559 993 647 1042 EN
718 990 954 1042 ΑΓΙΟΙΣ
1026 989 1292 1040 ΠΑΤΥΟΣ
1373 991 1568 1039 ΗΜΩΝ

444 1063 1007 1115 ΔΡΧΙΕΠΙΣΚΟΗΟΥ
1145 1059 1680 1112 ΑΛΕΣΑΝΔΡΕΙΑΣ
1715 1104 1730 1129 ,

449 1138 486 1186 Α
498 1136 793 1187 ΝΤΙΟΧΟΝ
855 1133 1171 1183 ΑΡΧΟΝΤΑ
1211 1131 1344 1200 (86).

455 1241 854 1310 Σκοπήσωμεν,
904 1234 1253 1310 ηὐλογημένε
1298 1233 1395 1290 τοῦ
1444 1240 1577 1290 Θεοῦ
1622 1234 1888 1308 ἄνθρωπε,
1939 1232 2026 1288 ἐπὶ

379 1334 532 1393 πᾶσι,
566 1324 655 1380 διὰ
682 1333 811 1380 πᾶσι
852 1325 943 1379 καὶ
989 1324 1097 1398 πρὸ
1145 1325 1383 1391 πάντων,
1425 1329 1542 1385 πῶς
1598 1326 2024 1397 περιπατοῦμεν,

380 1416 467 1470 καὶ
496 1416 549 1470 τί
579 1416 703 1490 περὶ
736 1416 929 1469 ἑαυτῶν
993 1411 1385 1488 βουλευόμεθα·
1420 1412 1667 1474 πολλοὺς
1726 1410 2023 1487 γινώσκον-

379 1526 465 1566 τες
495 1509 604 1558 τῶν
638 1505 763 1578 παρ’
789 1505 945 1575 ἡμῶν
968 1501 1262 1577 γινομένων
1292 1522 1352 1557 τε
1381 1502 1470 1556 καὶ
1515 1502 1826 1575 νοουμένων
1861 1499 2023 1575 ἀορά-

380 1614 505 1655 τους
554 1593 901 1668 παρίστασθαι
962 1590 1254 1665 μάρτυρας,
1290 1592 1389 1645 οὐκ
1440 1592 1517 1653 εἷς
1573 1592 1635 1645 τὸ
1696 1590 2020 1668 φαινόμενον

381 1681 682 1757 βλέποντας
736 1680 919 1752 μόνον,
954 1677 1080 1734 ἀλλ’
1112 1678 1194 1733 ἐπ’
1232 1680 1396 1742 αὐτὰς
1426 1681 1876 1755 παρακύπτοντας
1928 1680 2022 1741 τὰς

372 1771 550 1845 ψυχὰς
608 1770 697 1823 καὶ
763 1770 824 1823 τὸ
881 1770 1116 1844 κρυπτὸν
1179 1766 1560 1845 διελέγχοντας
1617 1774 1716 1834 τῆς
1771 1766 2016 1845 καρδίας.

368 1858 580 1915 Πολλοὶ
611 1858 715 1933 γὰρ
746 1859 819 1919 ὡς
849 1857 1073 1926 ἀληθῶς
1106 1858 1442 1933 πανταχόθεν
1499 1858 1803 1934 ἀγγελικῶν
1864 1855 2020 1912 δυνα-

372 1970 513 2021 μεων
542 1949 693 2020 ἡμᾶς
723 1949 1196 2020 παριεστήκεισαν,
1225 1948 1292 2001 τὰ
1350 1946 1623 2022 λεγόμενά
1678 1969 1737 2002 τε
1792 1948 1879 2002 καὶ
1935 1969 2017 2022 γι-

1846 1062 1887 1110 Π
1902 1060 2026 1112 ΡΟΣ

375 2037 568 2110 νόμενα
595 2037 724 2137 παρ’
754 2036 1059 2137 ἠμῶν,οκαὶ
1118 2036 1385 2110 νοούμενα
1437 2036 1601 2112 μέχρι
1648 2035 1818 2111 ψιλῆς
1876 2036 2019 2091 ένθυ-
2049 2071 2096 2137 Β

370 2127 610 2197 μήσεως,
674 2121 743 2178 δι’
801 2120 1076 2198 ἀκριϐείας
1136 2124 1314 2195 πάσης
1372 2126 1423 2179 ἓν
1481 2126 1696 2199 οὐρανῷ
1752 2127 2016 2202 καταγρά-

363 2234 577 2290 φοντες,
611 2214 745 2284 πρὸς
776 2212 1007 2288 ἔλεγχον
1036 2216 1199 2285 ἡμῶτ
1229 2213 1280 2267 ἐν
1322 2218 1389 2287 τῇ
1441 2211 1645 2292 φοϐερᾷ
1690 2217 1872 2291 ἡμέρᾳ
1917 2221 2019 2284 τῆς

359 2303 611 2373 κρίσεως·
646 2303 735 2358 ὅτε
764 2308 909 2358 πᾶσα
955 2308 1061 2357 τῶν
1114 2303 1321 2377 ὁρατῶν
1368 2306 1402 2373 ἡ
1438 2305 1629 2373 κτίσις,
1671 2304 2015 2377 κλονουμὲνη

359 2394 481 2446 κατ’
530 2391 730 2461 ἔπειξιν
783 2394 1004 2470 ἄφατον,
1037 2392 1174 2466 πρὸς
1221 2394 1321 2460 τήν
1373 2393 1573 2447 οἰκείαν
1625 2394 1841 2449 ὠθεῖται
1894 2414 2017 2447 συν-

356 2480 600 2536 τέλειαν·
639 2482 728 2535 καὶ
763 2482 790 2536 ὁ
829 2480 1052 2555 οὐρανὸς
1079 2479 1171 2534 καὶ
1210 2483 1244 2549 ἡ
1288 2488 1360 2555 γῆ
1414 2480 1633 2558 ῥιζηδὸν
1692 2482 2019 2558 παρελεύσε-

357 2591 475 2639 ται,
516 2570 605 2625 καὶ
664 2570 731 2623 τὰ
788 2567 877 2623 διὰ
934 2570 1100 2642 μέσου
1158 2576 1405 2645 στοιχεῖα
1456 2572 1794 2643 καυσούμενα
1851 2570 2020 2641 λυθή-

361 2678 572 2713 σονται·
625 2659 715 2713 καὶ
766 2657 1009 2720 Παλαιος
1068 2660 1289 2731 ἡμερῶν
1349 2659 1647 2730 καθέξεται,
1680 2660 1770 2714 καὶ
1834 2655 2017 2735 βίϐλοι

358 2747 696 2824 ἀνοίγονται,
726 2753 834 2803 τῶν
895 2750 1177 2820 ἡμετέρων
1229 2747 1397 2823 ἔργων
1444 2771 1503 2805 τε
1544 2749 1634 2803 καὶ
1693 2748 1869 2825 λόγων
1930 2748 2019 2803 καὶ

357 2837 658 2910 νοημάτων
716 2837 785 2891 τὰ
836 2834 1100 2915 ἔγγραφα,
1157 2842 1362 2899 πιστῶς
1422 2860 1481 2893 τε
1553 2840 1644 2893 καὶ
1719 2838 2017 2899 ἀνοθεύτως

358 2923 579 3002 ἔχουσι.
600 2924 789 2981 Χίλιαί
812 2947 868 2980 τε
897 2925 1150 3001 χιλιάδες
1183 2925 1591 3001 λειτουργοῦσιν
1623 2928 1789 2999 αὐτῷ,
1808 2928 1896 2982 καὶ
1924 2927 2021 3000 μύ-

360 3036 480 3089 ριαι
517 3012 771 3090 μυριάδες
801 3018 1252 3090 παρειστήκεισαν
1285 3016 1452 3089 αὐτῷ,
1486 3018 1575 3072 καὶ
1617 3015 1815 3085 ἀπειλή
1849 3018 2018 3092 πυρὸς

356 3109 651 3179 πανταχοῦ
684 3102 1044 3179 διατρέχουσα
1074 3106 1165 3159 καὶ
1195 3107 1261 3159 τὰ
1305 3104 1494 3177 κύκλῳ
1544 3105 1717 3160 πάντα
1745 3105 2019 3181 περιλαμ-

356 3190 621 3263 ϐάνουσα,
653 3193 743 3247 καὶ
802 3188 902 3268 ὅρη
964 3194 1091 3248 ὡσεὶ
1147 3195 1315 3267 κηρὸν
1372 3194 1708 3265 ἐκτήκουσα·
1772 3195 2018 3267 ποταμὸς

352 3285 462 3360 γὰρ
504 3284 677 3358 πυρὸς
727 3282 899 3337 εἷλκεν
952 3279 1256 3359 ἔμπροσθεν
1303 3283 1487 3339 αὐτοῦ·
1540 3285 1700 3354 ἡνίκα
1753 3284 2018 3361 τάρταρος

351 3373 450 3427 καὶ
507 3369 702 3447 βόθρος
755 3373 965 3446 ἀχανὴς
1006 3372 1095 3425 καὶ
1148 3371 1481 3439 ἀνείκαστος,
1512 3373 1599 3427 καὶ
1641 3374 1835 3436 σκότος
1888 3374 2019 3444 ἐξώ-

1636 987 2030 1041 ΑΘΑΝΑΣΙΟΥ

2136 984 2375 1040 SANCTI
2450 986 2683 1041 PATRIS

2206 1056 2481 1114 PISCOPI

2208 1128 2460 1185 DUCBM.

2208 1236 2259 1289 1.
2314 1235 2770 1307 Perpendamus,
2827 1237 3134 1292 benedicte
3197 1237 3374 1293 homo
3447 1240 3563 1312 Dei,
3613 1257 3791 1312 super

2138 1325 2355 1392 omnia,
2392 1341 2495 1397 per
2523 1325 2741 1394 omnia,
2777 1331 2909 1380 ante
2933 1327 3151 1391 omnia,
3195 1329 3488 1399 quomodo
3521 1330 3786 1387 ambule-

2140 1430 2286 1484 mus,
2317 1414 2530 1486 quidve
2557 1414 2711 1469 circa
2746 1417 3143 1487 nosmetipsos
3175 1417 3403 1472 consilii
3436 1419 3783 1490 capiamus;

2133 1502 2299 1574 gnari
2324 1503 2540 1558 multos
2562 1504 2766 1559 adesse
2792 1510 3091 1575 gestorum
3118 1506 3659 1579 cogitationumque
3681 1526 3784 1564 no-

2134 1596 2389 1647 strarum
2422 1596 2601 1647 testes
2644 1592 2965 1649 invisibiles
3000 1610 3012 1649 :
3046 1596 3147 1665 qui
3196 1612 3310 1649 non
3361 1612 3430 1651 ea
3476 1596 3668 1652 solum
3701 1599 3784 1653 vi-

2132 1681 2273 1735 dent
2302 1697 2429 1751 quas
2462 1682 2571 1736 sub
2595 1687 2897 1753 aspectum
2932 1683 3188 1738 cadunt:
3221 1684 3319 1738 sed
3343 1685 3520 1739 etiam
3553 1686 3783 1743 animas

2132 1770 2473 1840 respiciunt,
2504 1776 2561 1825 et
2590 1771 2744 1841 quod
2777 1771 2836 1825 in
2870 1772 3025 1827 214
3055 1772 3227 1827 corde
3276 1774 3419 1828 latet
3464 1774 3784 1846 deprehen-

2132 1859 2298 1913 dunt.
2332 1858 2499 1913 Multi
2529 1876 2725 1915 revera
2755 1859 3217 1932 circumquaque
3267 1862 3436 1918 nobis
3468 1864 3686 1920 adsunt
3714 1882 3784 1921 ex

2130 1946 2527 2017 angelicarum
2574 1948 2855 2003 virtutum
2911 1966 3179 2019 numero,
3243 1952 3343 2023 qui
3389 1951 3561 2024 dicta,
3605 1954 3779 2023 facta,

2129 2052 2301 2092 sensa
2334 2042 2533 2092 nostra
2563 2038 2634 2093 ad
2668 2038 2975 2093 minimam
3010 2056 3199 2111 usque
3238 2041 3649 2112 cogitationem
3682 2059 3779 2098 ac-

2128 2126 2497 2182 curatissime
2530 2127 2590 2181 in
2621 2126 2762 2182 coelo
2794 2128 3156 2196 describunt,
3208 2133 3271 2183 ut
3316 2129 3453 2185 hinc
3492 2148 3778 2203 coargua-

2132 2232 2263 2269 mur
2291 2216 2348 2269 in
2381 2216 2904 2286 tremendajudicii
2937 2217 3290 2289 die,quando
3314 2219 3585 2276 universa
3614 2237 3782 2291 aspe-

2129 2304 2435 2359 ctabilium
2484 2322 2679 2360 rerum
2729 2312 3015 2375 creatura,
3069 2308 3451 2363 inenarrabili
3512 2309 3777 2380 impulsu

2129 2409 2437 2462 concussa,
2468 2393 2527 2448 in
2561 2394 2852 2465 propriam
2891 2394 3139 2466 pelletur
3182 2397 3775 2453 consummationem.

2131 2481 2352 2537 Caelum
2409 2486 2465 2537 et
2525 2488 2677 2537 terra
2734 2484 3016 2539 radicitus
3050 2486 3406 2555 transibunt,
3440 2490 3496 2541 et
3550 2503 3678 2557 qua:
3714 2487 3777 2543 in

2133 2573 2323 2626 medio
2350 2576 2489 2627 sunt
2533 2572 2841 2638 elementa,
2875 2572 3144 2629 incendio
3193 2574 3509 2646 absumpta
3553 2575 3782 2632 solven-

2133 2665 2245 2715 tur.
2282 2662 2431 2716 Tum
2466 2661 2752 2732 Antiquus
2782 2662 3010 2717 dierum
3044 2664 3288 2734 sedebit,
3339 2664 3471 2719 libri
3518 2664 3785 2736 aperien-

2130 2758 2245 2816 tur,
2276 2750 2334 2803 in
2369 2750 2582 2820 quibus
2617 2756 2815 2806 nostra
2856 2768 3052 2822 opera,
3086 2754 3262 2808 verba
3293 2754 3546 2825 cogitata
3593 2754 3782 2810 fideli-

2131 2844 2218 2894 ter
2247 2845 2421 2909 atque
2455 2840 2786 2911 incorrupte
2814 2842 3110 2912 descripta
3160 2843 3558 2899 continentur.
3605 2842 3785 2899 Millia

2132 2928 2383 2983 millium
2418 2928 2757 2984 ministrant
2788 2928 2898 2996 illi,
2920 2934 2977 2985 et
3007 2931 3200 2986 decies
3226 2930 3437 2987 millies
3470 2932 3621 2987 dena
3651 2931 3783 2986 mil-

2130 3018 2207 3072 lia
2236 3019 2525 3073 assistunt
2573 3017 2676 3073 illi.
2729 3018 2885 3089 Ignis
2935 3018 3053 3074 illic
3098 3020 3476 3076 comminatio
3524 3026 3633 3089 est,
3684 3021 3787 3092 qui

2130 3108 2347 3178 ubique
2378 3107 2677 3175 discurrit,
2710 3108 2908 3163 omnia
2939 3110 3401 3180 circumquaque
3447 3110 3785 3182 complecti-

2128 3202 2244 3263 tur,
2279 3202 2506 3251 montes
2552 3195 2855 3267 liquefacit
2886 3197 3037 3253 sicut
3083 3214 3295 3253 ceram.
3337 3197 3572 3253 Fluvius
3623 3200 3782 3254 enim

2129 3286 2337 3357 igneus
2385 3285 2510 3340 ﬂuit
2564 3286 2624 3339 in
2672 3291 2989 3357 conspectu
3040 3288 3190 3357 ejus.
3239 3288 3481 3352 Quando
3528 3293 3785 3344 tartarus

2125 3375 2504 3430 vastissimas
2536 3390 2891 3445 omnemque
2920 3375 3240 3446 cogitatum
3265 3393 3553 3448 superans
3585 3377 3784 3433 hiatus

2760 985 2996 1041 NOSTRI
3078 986 3440 1044 ATHANASII
3510 990 3790 1046 ARCHIE-

2592 1058 3088 1125 ALEXANDRIzE,
3202 1059 3288 1114 AD
3398 1061 3795 1120 ANTIOCHUM

351 3482 537 3537 τερον,
579 3460 668 3514 καὶ
716 3458 936 3531 σκώληξ
984 3461 1307 3533 ἀκοίμητος,
1341 3459 1705 3537 ἀναδειχθῶσι
1752 3463 2013 3537 παρόντα.

2130 3466 2383 3520 tenebrae
2413 3463 2747 3532 exteriores,
2778 3465 2995 3519 vermis
3036 3482 3341 3536 nunquam
3376 3465 3633 3522 moriens
3666 3483 3785 3521 una

356 3551 461 3606 Καὶ
505 3552 533 3605 ὁ
584 3549 667 3604 ἐπ’
721 3548 884 3610 αὐτὰς
945 3546 1113 3626 φόϐος
1167 3550 1401 3620 εἱστήκει
1451 3550 1743 3624 μετέωρος,
1796 3548 2019 3626 ἐκδεχο-

366 3639 543 3713 μένων
601 3640 701 3707 τὴν
756 3633 991 3692 ἔκϐασιν·
1039 3638 1127 3693 καὶ
1180 3639 1352 3714 ὀργῆς
1412 3638 1636 3715 ἄγγελοι
1676 3640 2017 3713 κολαστικοὶ,

359 3733 469 3800 πῦρ
548 3722 998 3794 ἀποστίλϐοντες,
1056 3732 1163 3802 πῦρ
1237 3748 1297 3782 τε
1375 3726 1684 3803 βλέποντες,
1744 3730 1834 3783 καὶ
1909 3733 2016 3803 πῦρ

363 3817 738 3884 ἀναπνέοντες,
768 3812 982 3889 ἕτοιμοι
1012 3816 1087 3879 εἰς
1135 3822 1307 3871 πᾶσαν
1356 3815 1630 3885 ἐκδίκησιν
1677 3819 1854 3888 πάσης
1914 3839 2015 3873 πα-

366 3906 620 3978 ρανομίας
649 3905 925 3974 ἑστήκασι.
962 3906 1114 3960 Πᾶσά
1142 3927 1199 3961 τε
1229 3904 1364 3980 πρὸς
1408 3906 1623 3969 τούτοις
1673 3908 1843 3970 κτίσις
1895 3907 2017 3962 ἐπί-

366 3994 514 4068 γειός
539 4015 596 4048 τε
621 3994 711 4049 καὶ
743 3993 1084 4070 ἐπουράνιος,
1107 3993 1205 4063 ὅση
1237 4016 1297 4049 τε
1343 3995 1395 4049 ἐν
1446 3995 1693 4071 ἀγγέλοις
1749 3998 1838 4050 καὶ
1893 4002 2012 4058 ταῖς

360 4083 501 4158 ὐπὲρ
559 4083 805 4158 ἀγγέλοις
866 4082 1150 4157 δυνάμεσι,
1180 4084 1269 4138 καὶ
1330 4083 1430 4154 ὅση
1483 4085 1536 4139 ἐν
1592 4084 1844 4160 οὐρανοῖς
1876 4106 2012 4161 παρ-

365 4172 609 4226 ίστανται
663 4173 791 4245 μετά
844 4172 1054 4249 τρόμου
1110 4175 1210 4242 τὴν
1250 4168 1481 4250 φοϐερὰν
1532 4180 1631 4243 τῆς
1682 4174 1821 4235 θείας
1884 4175 2010 4249 βου-

358 4261 469 4330 λῆς
528 4258 878 4336 ἐκδεχόμενοι
954 4261 1274 4338 φανέρωσιν.
1337 4265 1449 4341 Ἐφ’
1505 4264 1580 4317 ὧν
1616 4282 1627 4294 ·
1687 4262 2011 4318 κατειόντων

354 4349 543 4422 ἡμῶν,
595 4352 1103 4427 ἀναγνωσθήσονται
1160 4350 1396 4427 πράξεις,
1447 4353 1536 4407 καὶ
1592 4357 1697 4407 τῶν
1758 4356 2013 4428 κρυπτῶν

356 4438 643 4515 γύμνωσις
696 4442 997 4515 γενήσεται·
1052 4439 1191 4495 ὥστε
1238 4440 1438 4504 πάντας
1499 4441 1670 4502 οὕτως
1724 4440 2008 4516 γινώσκειν

349 4527 627 4599 ἀλλήλων
660 4530 757 4591 τὰς
800 4530 1091 4605 ἁμαρτίας·
1137 4529 1211 4591 ὡς
1263 4526 1486 4592 ἕκαστος
1532 4532 1625 4593 τάς
1672 4531 1881 4603 ἑαυτοῦ,
1912 4533 2012 4600 τὴν

353 4612 552 4691 βίϐλον
586 4619 971 4694 ἀναγινώσκειν
992 4625 1092 4688 τῆς
1123 4620 1318 4674 ἑαυτοῦ
1348 4617 1729 4690 συνειδήσεως.
1755 4646 1782 4673 ‹‹
1818 4620 2010 4696 Ἐλέγ-

350 4706 426 4775 ξω
485 4728 543 4762 σε
605 4731 634 4759 ››
667 4709 794 4782 γὰρ,
828 4707 983 4779 φησὶ,
1039 4732 1060 4759 ι
1114 4707 1205 4762 καὶ
1260 4710 1588 4782 παραστήσω
1646 4709 1782 4763 κατά
1838 4710 2004 4781 πρόσ-

2129 3554 2443 3626 conspicue
2474 3552 2895 3607 aderunt.Hinc
2925 3570 3196 3610 summus
3228 3559 3415 3609 terror
3443 3560 3786 3626 exspectan-

2129 3643 2275 3696 tium
2328 3642 2569 3696 exitum.
2638 3641 2891 3696 Stabunt
2935 3642 3126 3713 angeli
3177 3643 3272 3697 irae
3324 3644 3602 3709 ministri,
3650 3643 3786 3715 igne

2131 3731 2434 3796 micantes,
2486 3730 2668 3802 ignito
2717 3731 2934 3786 intuitu
2985 3735 3404 3802 respectantes,
3437 3732 3633 3803 ignem
3665 3732 3785 3805 spi-

2127 3825 2344 3889 rantes,
2380 3820 2566 3891 parati
2599 3821 2669 3875 ad
2703 3836 2935 3876 omnem
2971 3820 3252 3877 ultionem
3298 3820 3616 3892 cujuslibet
3646 3837 3777 3892 pec-

2126 3909 2259 3964 cati.
2293 3909 2377 3963 Ad
2410 3908 2529 3963 haec
2560 3924 2694 3963 cum
2728 3915 2981 3964 tremore
3026 3909 3214 3965 aderit
3244 3910 3437 3965 omnis
3487 3913 3776 3971 creatura.

2124 4004 2355 4053 terrena
2383 3996 2754 4068 coelestisque
2780 4014 2792 4064 ;
2828 3997 3019 4069 angeli
3052 3997 3295 4065 scilicet,
3312 3997 3657 4070 angelisque
3679 4014 3777 4053 su-

2124 4087 2381 4157 periores
2423 4090 2761 4155 potestates,
2811 4103 3015 4141 omnes
3066 4087 3306 4142 demum
3363 4088 3463 4158 qui
3506 4086 3563 4141 in
3613 4085 3776 4143 caelis

2125 4179 2283 4242 sunt,
2315 4177 2723 4244 exspectantes
2742 4174 3017 4229 horrendi
3042 4175 3271 4230 consilii
3300 4175 3481 4230 divini
3513 4175 3771 4232 declara-

2126 4264 2366 4318 tionem.
2398 4262 2579 4317 Nobis
2608 4262 2833 4317 interea
2877 4263 3238 4329 sedentibus,
3283 4262 3553 4331 legentur
3599 4281 3778 4336 opera

2129 4354 2440 4423 cujusque,
2466 4350 2682 4420 fietque
2726 4349 3088 4406 occultorum
3121 4349 3414 4418 revelatio;
3448 4351 3528 4405 ita
3560 4355 3623 4404 ut
3648 4368 3774 4406 om-

2122 4460 2225 4498 nes
2257 4441 2505 4496 aliorum
2535 4444 2773 4511 peccata
2825 4442 3029 4494 mutuo
3063 4444 3440 4510 cognoscant,
3492 4439 3778 4509 quemad-

2122 4532 2362 4587 modum
2390 4527 2610 4601 singuli
2641 4534 2832 4595 sua,et
2864 4527 3081 4583 librum
3106 4527 3305 4600 legant
3332 4545 3449 4583 suis
3482 4527 3780 4583 conscien-

2120 4622 2233 4675 tiae.
2268 4620 2437 4686 Nam,
2475 4640 2503 4667 «
2534 4620 2788 4689 Arguam
2825 4621 2900 4687 te,
2936 4639 2964 4667 υ
2997 4618 3100 4685 ait,
3135 4640 3159 4669 ‹‹
3193 4622 3250 4673 et
3281 4621 3543 4673 statuam
3575 4621 3779 4674 contra

2121 4710 2328 4766 faciem
2356 4713 2519 4763 tuam
2556 4729 2582 4755 ››
2615 4711 2852 4779 peccata
2884 4711 2989 4761 tua
3032 4708 3096 4761 ⁷⁵.
3143 4707 3210 4761 Et
3259 4724 3523 4775 rursum,
3578 4730 3606 4757 ι(
3653 4707 3777 4763 Cir-

347 4794 501 4850 ωπόν
534 4816 634 4850 σου
669 4820 698 4848 ‹‹
746 4795 841 4858 τὰς
878 4796 1143 4869 ἁμαρτίας
1193 4817 1307 4851 σου·
1361 4799 1451 4852 καὶ
1498 4796 1689 4865 πάλιν,
1723 4823 1751 4849 ‹‹
1782 4797 2008 4855 Κυκλώ-

2128 4799 2485 4855 eumdabunt
2512 4812 2610 4851 eos
2641 4795 2888 4851 consilia
2917 4812 3116 4851 eorum
3149 4796 3211 4848 ⁷⁸.
3246 4818 3273 4845 ››
3305 4797 3374 4852 Et
3417 4812 3548 4852 ecce
3599 4796 3774 4852 homo

345 4903 428 4938 σει
460 4882 657 4946 αὐτοὺς
688 4886 756 4939 τὰ
788 4880 1083 4941 διαϐούλια
1114 4885 1313 4943 αὐτῶν.
1344 4911 1372 4939 ››
1406 4887 1503 4942 Καὶ
1555 4885 1674 4941 ἰδοὺ
1723 4889 2006 4963 ἄνθρωπος

342 4971 437 5025 καὶ
487 4972 551 5026 τὸ
610 4970 767 5047 ἔργον
824 4973 1014 5044 αὐτοῦ,
1074 4975 1162 5030 καὶ
1224 4973 1481 5045 δικαστὴς
1543 4976 2003 5051 ἀπαραλόγιστος,

341 5062 756 5135 παρισταμένην
789 5060 934 5138 ἔχων
965 5065 1065 5133 τήν
1119 5062 1507 5140 μεγαλοπρεπῆ
1568 5070 1678 5119 τῶν
1736 5065 2002 5141 οὐρανίων

342 5149 643 5224 ταγμάτων
731 5149 980 5225 δύναμιν,
1056 5152 1284 5226 ὑψηλῶς
1373 5155 1761 5230 προκαθέζεται
1830 5162 2004 5210 πᾶσαν

345 5240 747 5315 ἀπαστράπτων
783 5238 1153 5312 δικαιοσύνην.
1188 5241 1278 5297 καὶ
1329 5244 1537 5315 ἑκάστῳ
1570 5241 1637 5297 δι’
1692 5242 2003 5307 ἀποδόσεως

339 5327 591 5397 ἀληθοῦς
623 5329 713 5383 καὶ
747 5328 957 5391 δικαίας
989 5330 1168 5403 νέμων
1199 5333 1264 5385 τὰ
1315 5333 1450 5405 πρὸς
1512 5332 1684 5402 ἀξίαν,
1732 5339 1848 5396 τοῖς
1908 5335 2002 5407 μὶν

342 5415 405 5470 ἐκ
439 5413 629 5487 δεξιῶν
661 5415 753 5472 διὰ
784 5418 877 5481 τὰς
908 5418 1082 5482 καλάς
1113 5420 1333 5495 πράξεις
1364 5423 1505 5494 (86")
1535 5424 1791 5492 σταθήσιν
1841 5444 2006 5500 προσ-

415 5560 461 5595 ⁷⁸
493 5560 645 5618 Psal.
679 5579 831 5634 XLIX,
861 5564 953 5619 21.
1032 5565 1076 5599 ⁷⁸
1107 5564 1258 5620 Psal.
1290 5581 1391 5636 vn,
1423 5567 1478 5619 8.

419 5770 567 5846 (86')
597 5770 806 5846 Locus,
840 5777 905 5830 ut
932 5773 1180 5841 videtur,
1214 5778 1548 5851 corruptus.

2118 4892 2177 4943 et
2202 4904 2350 4959 opus
2383 4887 2530 4956 ejus,
2559 4902 2627 4940 ac
2647 4886 2829 4954 judex
2860 4885 2960 4955 qui
2994 4884 3182 4957 decipi
3215 4886 3439 4956 nequit,
3484 4886 3574 4940 cui
3606 4887 3775 4941 adest

2116 4976 2428 5047 magniﬁca
2457 4973 2783 5030 caelestium
2814 4974 3087 5029 ordinum
3122 4979 3405 5046 potestas,
3439 4974 3496 5028 in
3543 4974 3769 5029 excelso

2116 5065 2261 5122 solio
2292 5064 2569 5118 omnibus
2598 5064 2864 5133 superior
2893 5063 3308 5131 sedebit,omni
3340 5061 3568 5132 fulgens
3594 5062 3771 5131 justi-

2115 5156 2217 5221 tia,
2248 5153 2347 5224 qui
2380 5151 2631 5223 singulis
2665 5155 2932 5206 accurate
2964 5153 3198 5221 etjuste
3230 5168 3332 5223 pro
3365 5150 3570 5204 merito
3603 5149 3769 5204 retri-

2116 5245 2257 5298 buet
2296 5259 2309 5298 :
2341 5241 2413 5295 iis
2446 5240 2684 5310 quidem
2718 5239 2868 5310 quia
2899 5239 3120 5294 dextris
3151 5243 3310 5309 sunt,
3342 5255 3465 5309 quae
3488 5238 3662 5293 statio
3684 5248 3773 5294 est

2117 5332 2338 5388 scilicet
2369 5330 2573 5385 animm
2606 5328 2765 5382 mitis
2788 5332 2844 5382 et
2875 5333 3469 5398 mansuetaa,regnum
3504 5325 3770 5382 tribuens

2120 5440 2152 5477 a
2183 5417 2603 5477 constitutione
2646 5417 2851 5471 mundi
2901 5421 3216 5488 paratum;
3268 5431 3367 5470 eos
3417 5418 3637 5487 autem,
3672 5416 3774 5489 qui

420 5698 739 5775 ζξὲθλῌυῑιο
767 5701 1024 5775 primum
1058 5701 1215 5758 edita
1242 5717 1310 5758 ex
1340 5702 1539 5758 codice
1569 5701 1712 5775 Reg.
1742 5703 1885 5760 2570
1914 5720 2203 5763 annorum
2236 5700 2369 5775 plus
2396 5697 2523 5753 600.
