4132 6392
380 480 494 539 591

1559 474 1623 530 S.
1672 464 2193 531 ATllANASIUS.
2220 502 2297 511 —
2324 462 2632 530 SPURIA.

3686 470 3809 533 592

381 612 536 683 quod
569 607 738 665 bonis
772 606 1051 679 operibus
1082 608 1321 661 careant
1351 622 1385 658 a
1414 602 1675 659 sinistris
1724 601 2030 658 constituti

2147 599 2281 683 ηνης
2335 599 2524 675 πράως
2582 596 2847 667 ἐπιεικὴς,
2897 601 2995 668 τὴν
3055 599 3472 672 ἡτοιμασμένην
3527 601 3636 656 ἀπὸ
3695 623 3801 657 κα-

380 708 539 769 sunt,
571 716 705 754 cum
734 700 929 752 furore
962 695 1197 750 mittens
1246 695 1304 748 in
1358 693 1552 765 ignem
1601 699 1908 758 aeternum,
1943 708 2038 763 pa-

381 796 575 844 ratum
608 785 843 843 diabolo
874 789 932 839 et
965 783 1191 855 angelis
1221 783 1369 853 ejus.

2145 681 2388 755 ταϐολῆς
2436 685 2645 758 κόσμου
2698 686 2973 763 βασιλείαν
3025 684 3230 749 διδούς·
3262 692 3380 749 τοῖς
3429 685 3487 743 δὲ
3515 689 3567 760 ἐξ
3598 689 3801 745 εύωνύ-

2150 798 2265 849 μων
2313 774 2403 831 διὰ
2448 778 2545 845 τὴν
2596 776 2830 851 ἐρημίαν
2874 783 2981 833 τῶν
3021 778 3239 853 ἀγαθῶν
3272 775 3440 855 ἔργων
3472 781 3585 855 (87)
3618 782 3802 837 στάσει

384 876 679 951 λαχόντας,
711 873 789 935 εἷς
818 872 881 927 τὸ
914 870 1132 925 αἰώνιον
1167 875 1296 943 πῦρ,
1325 869 1388 923 τὸ
1418 867 1823 941 ἡτοιμασμένον
1852 872 1929 938 -τῷ
1962 861 2210 939 διαϐόλῳ
2242 866 2331 920 καὶ
2362 872 2477 927 τοῖς
2509 866 2758 942 ἀγγέλοις
2805 867 2991 939 αὐτοῦ,
3028 869 3142 940 μετ’
3172 868 3338 942 ὀργῆς
3388 867 3802 943 όπωθούμενος.

458 972 509 1021 2.
546 965 686 1031 Quis
717 964 910 1037 ignem
946 962 1114 1016 illum
1167 964 1631 1033 perseverantem
1674 957 2037 1014 sustinebit?

389 1056 524 1125 quis
557 1072 671 1110 non
705 1052 964 1108 horrebit
990 1048 1329 1105 incredibile
1372 1049 1514 1102 illud
1564 1047 1777 1102 vermis
1810 1052 2035 1118 specta-

388 1140 771 1206 culum?Quis
804 1140 1183 1194 tenebrarum
1198 1136 1492 1207 ejusmodi
1517 1135 1871 1190 exteriorum
1894 1136 2035 1189 den-

390 1234 623 1288 sitatem
654 1229 1113 1303 gravitatemque
1144 1228 1290 1282 ferre
1315 1226 1569 1296 poterit?
1597 1224 1739 1289 Quis
1770 1223 2037 1295 mugien-

390 1328 508 1378 tem
536 1322 912 1382 tartarum,et
939 1332 1009 1372 ex
1040 1315 1329 1387 profundo
1359 1313 1520 1370 illius
1550 1330 1670 1369 una
1699 1313 2037 1370 reboantem

387 1412 667 1483 abyssum
700 1405 1073 1465 subtinebit?
1102 1404 1244 1467 Quis
1273 1402 1614 1475 angelorum
1647 1404 1718 1457 ad
1749 1417 1879 1457 eam
1915 1417 2037 1457 rem

387 1502 803 1571 deputatorum
846 1494 1249 1549 truculentum
1299 1508 1367 1546 ac
1431 1496 1660 1546 torvum
1710 1495 2035 1562 aspectum,

387 1591 737 1657 tristemque
766 1582 992 1638 vultum
1027 1585 1175 1637 tetra
1220 1586 1552 1635 versantem
1587 1596 1701 1634 non
1734 1578 2039 1635 horrebit?

387 1678 553 1745 Quis,
601 1674 759 1746 quod
809 1670 1074 1727 omnium
1123 1668 1412 1725 malorum
1461 1667 1878 1739 gravissimum
1926 1672 2039 1735 est,

386 1764 753 1821 aversionem
785 1760 981 1816 vultus
1013 1758 1115 1814 Dei
1146 1762 1359 1813 natura
1388 1756 1547 1824 boni,
1582 1755 1909 1829 benigni,et
1926 1755 2038 1811 mi-

386 1853 720 1919 sericordis,
770 1867 886 1905 non
937 1846 1391 1904 reformidabit?
1438 1845 1723 1901 Universa
1768 1852 2039 1902 creatura

389 1962 507 2001 una
535 1941 899 1998 aversabitur
926 1942 984 1994 et
1012 1936 1410 1993 exsecrabitur
1439 1952 1539 1991 eos
1565 1937 1663 2006 qui
1695 1952 1764 1991 ex
1793 1936 2041 1991 adversa

2214 959 2267 1011 2.
2311 954 2408 1016 Τίς
2459 954 2630 1010 ἐκεῖνο
2679 956 2741 1010 τὸ
2794 960 2901 1031 πῦρ
2959 956 3164 1033 ἐνέγκοι
3221 957 3558 1030 μενόμενον;
3603 958 3687 1021 τίς
3736 958 3801 1014 οὐ

2145 1046 2508 1113 καταπτήσσει
2568 1045 2629 1097 τὸ
2687 1043 2830 1117 ξένον
2882 1045 3053 1100 έκεῖνο
3100 1050 3198 1100 τοῦ
3250 1044 3540 1117 σκώληκος
3582 1046 3799 1121 θέαμα;

2145 1131 2240 1194 Τίς
2292 1136 2389 1185 τοῦ
2460 1131 2684 1194 σκότους
2760 1133 2962 1189 ἐκείνου
3017 1138 3115 1189 τοῦ
3174 1134 3432 1211 εξωτέρου
3489 1137 3554 1191 τὸ
3609 1137 3797 1212 παχύν

2142 1240 2203 1274 τε
2259 1220 2401 1293 ὁμοῦ
2478 1219 2568 1275 καὶ
2648 1220 2812 1296 βαρὺν
2889 1223 3068 1299 φέρειν
3153 1220 3479 1294 δυνήσεται;
3538 1223 3629 1288 Τίς
3691 1247 3797 1299 μυ-

2144 1307 2391 1381 κώμενον
2468 1308 2559 1363 τὸν
2635 1312 2944 1385 τάρταρον,
3002 1311 3094 1366 καὶ
3169 1309 3229 1367 ἐκ
3302 1313 3574 1386 πυθμένος
3649 1313 3802 1386 αύτῷ

2149 1392 2604 1471 συμϐραζομένην
2652 1399 2751 1468 τήν
2802 1394 3032 1455 ἄϐυσσον
3087 1400 3491 1472 ὑποστήσεται,
3537 1402 3632 1464 Τίς
3685 1407 3797 1459 τῶν

2146 1484 2233 1540 ἐπὶ
2277 1490 2439 1542 τοῦτο
2484 1489 2823 1563 τεταγμένων
2875 1488 3121 1565 ἀγγέλων
3171 1490 3232 1545 τὸ
3285 1489 3554 1567 βλοσυρόν
3594 1512 3654 1547 τε
3707 1494 3800 1548 καὶ

2148 1573 2313 1651 δριμὺ
2352 1580 2449 1631 τοῦ
2483 1574 2825 1651 βλέμματος,
2858 1580 2949 1632 καὶ
2977 1582 3075 1633 τοῦ
3104 1580 3402 1654 προσώπου
3448 1580 3512 1635 τὸ
3558 1583 3801 1659 κατηφὶς

2148 1664 2256 1740 οὐχ
2310 1665 2599 1741 ὑποτρέμει
2647 1663 3014 1739 δονούμενον;
3054 1668 3143 1730 Τίς
3190 1669 3253 1724 τὸ
3300 1670 3515 1725 πάντων
3567 1667 3801 1726 δεινότε-

2149 1772 2241 1830 ρον
2291 1758 2400 1809 τῶν
2447 1759 2648 1826 κακῶν,
2679 1756 2777 1824 τήν
2827 1755 3177 1835 ἀποστροφὴν
3217 1761 3314 1812 τοῦ
3351 1759 3652 1834 προσώπου
3698 1763 3801 1815 τοῦ

2148 1842 2301 1919 φύσει
2348 1842 2524 1918 πράου
2576 1843 2665 1899 καὶ
2710 1843 3101 1922 φιλανθρώπου
3148 1851 3283 1902 Θεοῦ
3325 1846 3415 1902 καὶ
3447 1847 3799 1926 οἰκτίρμονος

2150 1932 2211 1987 ού
2280 1928 2709 2010 φοϐηθήσεται;
2781 1937 2997 1991 ’Ἅπασα
3057 1935 3228 1998 κτίσις
3306 1938 3799 2016 συναποστρέφεται

386 2041 446 2091 et
474 2032 735 2103 maligna
764 2034 959 2085 mente
988 2043 1117 2083 sese
1145 2027 1328 2082 tantis
1370 2024 1791 2097 complicavere
1823 2024 1996 2081 malis
2022 2043 2033 2094 ;

2144 2022 2235 2077 καὶ
2302 2019 2648 2097 βδελύττεται
2717 2022 2845 2085 τοὺς
2899 2021 2989 2079 διὰ
3043 2023 3508 2102 φιλαπεχθήμονα
3562 2028 3794 2102 γνώμην

382 2127 545 2197 justo
576 2121 883 2192 indignata
913 2117 1193 2173 adversus
1219 2114 1372 2183 illos,
1407 2116 1561 2187 quod
1593 2132 1723 2170 sese
1751 2114 1899 2171 tales
1927 2131 2035 2187 ap-

390 2228 592 2287 parere
636 2208 1023 2280 conspiciant,
1087 2222 1281 2261 coram
1332 2222 1398 2260 eo
1454 2205 1553 2275 qui
1612 2210 1824 2260 natura
1873 2204 2035 2260 solus

386 2310 541 2361 Deus
568 2306 626 2357 et
655 2298 964 2355 hominum
1020 2295 1467 2350 amantissimus
1514 2298 1623 2350 est.
1657 2294 1799 2358 Quis
1828 2291 2034 2364 ingen-

388 2400 506 2449 tem
537 2387 907 2446 conscientiae
943 2385 1224 2456 pudorem
1274 2384 1537 2438 futurum
1590 2383 1648 2436 in
1696 2382 2033 2438 manifesta-

386 2484 541 2537 tione
588 2481 971 2541 secretorum,
1022 2471 1390 2528 sustinebit?
1420 2471 1561 2536 Quis
1611 2471 1814 2526 fletum
1865 2470 2034 2526 illum

384 2586 501 2626 non
544 2565 883 2628 tacendum,
932 2562 1219 2633 lacrymas
1275 2561 1517 2617 acerbas
1566 2559 1719 2625 illas,
1770 2560 2035 2615 dentium

384 2658 708 2720 fremitum,
744 2650 1310 2721 lamentationesque
1339 2667 1540 2705 eorum
1572 2650 1672 2720 qui
1728 2649 2035 2705 tormentis

383 2745 824 2807 cruciabuntur,
859 2743 993 2811 quis
1024 2756 1225 2811 pcsnas
1264 2756 1333 2793 ex
1382 2738 1738 2810 negligentia
1789 2743 1948 2795 ortas
1974 2738 2035 2793 in

383 2835 576 2893 medio
642 2831 814 2888 corde
861 2829 1028 2897 sitas,
1078 2845 1207 2899 quas
1247 2830 1382 2898 jure
1431 2833 1490 2883 et
1538 2827 1747 2883 merito
1796 2827 2034 2884 combu-

384 2930 537 2989 rent,
586 2921 833 2979 tolerare
883 2915 1143 2991 poterit?
1192 2917 1335 2982 Quis
1402 2916 1755 2972 anxietatem
1828 2916 2034 2987 animi,

383 3032 450 3072 eo
505 3011 659 3085 quod
713 3008 876 3064 nulla
923 3007 1002 3063 sit
1052 3007 1258 3061 futuris
1311 3022 1446 3077 spes
1513 3007 1877 3073 mutationis,
1929 3020 2045 3073 aut

381 3104 519 3161 ﬁnis
554 3098 831 3158 instantis
898 3095 1196 3169 supplicii,
1245 3111 1436 3166 neque
1488 3094 1606 3150 ulla
1669 3101 2037 3166 exspectetur

376 3195 655 3263 deinceps
699 3188 769 3245 ad
840 3187 1055 3242 bonam
1125 3183 1303 3239 vitam
1373 3184 1696 3252 conversio,
1762 3201 2037 3241 enarrare

375 3279 599 3355 queat?
632 3278 1005 3334 Postremum
1038 3287 1297 3343 namque
1344 3277 1400 3327 et
1428 3272 1620 3327 solum
1669 3277 1759 3328 est
1788 3272 2033 3329 horren-

375 3373 519 3427 dum
549 3366 696 3424 illud
728 3361 992 3454 tribunal
1021 3360 1326 3454 et_ju_stius
1343 3376 1520 3432 quam
1555 3360 1912 3454 terribilius;
1944 3368 2030 3418 at-
2062 3386 2105 3454 ρ

376 3476 495 3532 que
524 3458 656 3513 ideo
704 3451 965 3510 terribile
1004 3449 1421 3521 quiajustum,
1454 3454 1511 3505 et
1555 3450 1692 3521 quia
1730 3451 1893 3521 justo
1925 3468 2033 3509 suo

372 3544 606 3605 calculo
641 3542 842 3599 omnia
871 3541 931 3595 in
963 3555 1026 3596 se
1058 3538 1470 3611 complectitur
1498 3539 1879 3605 saecula.Quis
1908 3542 2041 3612 eju-

369 3639 531 3695 latus
563 3641 620 3692 et
648 3632 903 3707 gemitus
922 3647 992 3687 ex
1016 3631 1166 3688 215
1208 3630 1396 3686 medio
1428 3631 1620 3686 cordis
1648 3630 1884 3688 illorum
1915 3642 2040 3704 pro‘

373 3728 546 3794 latos,
593 3724 862 3797 ipsisque
915 3718 1195 3776 medullis
1244 3719 1550 3790 hmrentes,
1606 3726 1782 3791 atque
1830 3723 2042 3778 acriter

372 3816 606 3872 viscera
643 3812 935 3874 rodentes,
970 3809 1018 3863 si
1054 3807 1686 3881 consideret,lacrymis
1714 3813 2042 3881 temperare

374 3900 640 3978 poterit?
690 3899 834 3965 Quis
880 3899 1140 3953 lamenta
1200 3901 1258 3952 et
1306 3896 1480 3952 ﬂetus
1527 3898 1821 3967 ejusmodi
1871 3899 2037 3966 ferat,

381 3994 523 4065 quin
551 3991 613 4047 in
636 3986 935 4046 tristitiam
967 3986 1239 4057 cadat,(si
1257 3986 1594 4057 perpendat)
1611 4002 1882 4057 quasnam
1908 4005 2038 4060 pro-

380 4083 573 4139 ferant
600 4077 685 4134 illi
719 4075 1071 4149 pcenitentiaa
1118 4074 1317 4141 verba,
1367 4079 1492 4129 tum
1542 4091 1612 4129 ea
1659 4076 1876 4146 quibus
1907 4091 2037 4133 sese

380 4170 635 4242 quisque
665 4166 963 4222 cruciatus
994 4162 1471 4234 alloquitur,tum
1504 4163 1772 4219 omnium
1805 4168 1873 4220 ad
1908 4182 2035 4221 om-

378 4274 484 4315 nes
509 4260 530 4313 ?
557 4257 718 4313 Tunc
744 4254 901 4311 enim
934 4269 1132 4308 revera
1164 4252 1413 4323 quisque
1427 4268 1668 4307 suorum
1702 4269 1925 4324 gnarus
1948 4262 2036 4311 est

374 4346 748 4411 delictorum,
782 4359 917 4399 cum
950 4358 1043 4397 res
1069 4346 1244 4412 prout
1271 4340 1328 4395 in
1364 4358 1427 4397 se
1457 4346 1597 4397 sunt
1627 4343 1823 4408 nudaa,
1856 4349 2036 4415 atque

375 4435 537 4493 omni
567 4433 890 4506 cujuslibet
923 4430 1146 4487 fraudis
1178 4430 1600 4501 impedimento
1630 4446 1823 4486 vacuae
1854 4448 2033 4503 appa-

375 4525 626 4581 ruerint.

2145 2111 2365 2172 ἑαυτοὺς
2393 2110 2673 2173 τοσούτοις
2712 2117 2900 2174 κακοῖς
2950 2112 3387 2188 περιπείραντας,
3420 2115 3797 2192 ἀγανακτοῦσα

2142 2201 2258 2255 κατ’
2288 2199 2461 2255 αὐτῶν
2495 2197 2737 2269 ἐνδίκως,
2770 2200 2845 2262 ὡς
2876 2201 3156 2265 τοιούτους
3186 2202 3408 2266 δαυτοὺς
3441 2212 3672 2282 φανῆναι
3702 2207 3796 2262 τὸν

2145 2290 2297 2368 φύσει
2343 2310 2403 2344 τε
2447 2289 2538 2344 καὶ
2589 2289 2751 2361 μόνον
2801 2289 3183 2366 φιλάνθρωπον
3236 2292 3366 2348 Θεὸν
3407 2294 3797 2369 θεασαμένων;

2142 2379 2231 2441 Τίς
2262 2380 2359 2447 τὴν
2392 2378 2528 2434 κατὰ
2555 2375 2861 2449 συνείδησιν
2893 2379 3188 2455 ἀπέραντον
3223 2381 3491 2456 αἰσχύνην
3555 2382 3794 2456 μέλλου-

2146 2489 2238 2523 σαν
2274 2466 2480 2531 ἔσεσθαι
2516 2466 2701 2541 ἐπὶτῇ
2750 2469 3041 2545 φανερώσει
3092 2467 3201 2524 τῶν
3252 2476 3505 2545 κρυπτῶν
3563 2473 3800 2545 ὑποστή-

2146 2576 2332 2625 σεται;
2381 2556 2470 2619 Τίς
2527 2557 2618 2612 τὸν
2680 2556 2942 2633 ἀσίγητον
2999 2555 3283 2633 κλαυθμὸν
3343 2560 3432 2615 καὶ
3482 2562 3548 2616 τὸ
3604 2564 3800 2639 πικρὸν

2145 2645 2318 2702 ἐκεῖνο
2381 2644 2631 2721 δάκρυον,
2662 2646 2752 2700 καὶ
2807 2646 2900 2701 τὸν
2964 2647 3209 2722 βρυγμὸν
3253 2652 3363 2703 τῶν
3412 2647 3674 2725 ὀδόντων,
3705 2652 3796 2708 καὶ

2142 2736 2273 2797 τοὺς
2331 2733 2607 2796 κωκυτοὺς
2662 2740 2769 2790 τῶν
2824 2733 2875 2790 ἐν
2924 2741 3043 2797 ταῖς
3089 2737 3340 2813 βασάνοις
3370 2741 3732 2813 πιεζομένων,
3763 2743 3797 2811 ἢ

2142 2829 2250 2879 τῶν
2304 2824 2364 2879 ἐκ
2423 2831 2523 2893 τῆς
2582 2823 2838 2897 ἀμελείας
2912 2824 3115 2894 πόνων,
3175 2828 3311 2882 κατὰ
3385 2830 3552 2901 μέσης
3613 2829 3790 2887 αὐτῶν

2146 2912 2500 2987 ἐπικειμένων
2534 2920 2635 2982 τῆς
2679 2910 2924 2989 καρδίας,
2956 2914 3046 2969 καὶ
3105 2912 3413 2991 διασμύχον
3440 2938 3514 2980 ἀς
3565 2915 3786 2979 δικαίως

2146 3003 2342 3073 αὐτῶν,
2399 3003 2482 3064 τίς
2541 3000 2985 3074 δυνήσεται;Τίς
3041 3004 3140 3072 τὴν
3198 3004 3545 3080 ἐγγινομένην
3595 3004 3781 3067 αὐτοῖς

2146 3091 2512 3168 στενοχωρίαν
2573 3090 2632 3146 ἐκ
2674 3095 2772 3147 τοῦ
2821 3092 2899 3165 μή
2949 3090 3188 3161 ἐλπίζειν
3236 3094 3557 3169 προθεσμίαν
3623 3115 3791 3167 μετα·-

2143 3184 2442 3253 ποιήσεως,
2473 3181 2562 3236 καὶ
2590 3179 2748 3242 τέλος
2775 3186 2878 3251 τῆς
2927 3180 3273 3255 ἐπικειμένης
3318 3180 3617 3255 κολάσεως,
3651 3181 3798 3256 μηδὲ

2142 3274 2277 3347 πρὸς
2305 3270 2368 3325 τὸ
2397 3269 2556 3344 εύζῇν
2601 3268 2765 3325 πάλιν
2819 3263 3131 3343 μεταϐολὴν
3190 3268 3528 3347 ἐκδέχεσθαι,
3558 3273 3594 3342 ἢ
3620 3293 3797 3347 προσ-

2144 3358 2326 3431 δοκᾷν,
2359 3358 2583 3430 ἐξειπεῖν
2644 3357 2783 3414 ἐστιν
2835 3358 3060 3430 ῖκανόςς
3093 3357 3418 3418 Τελευταῖον
3463 3361 3569 3437 γὰρ
3617 3360 3796 3418 ἐκεῖνο

2142 3449 2231 3504 καὶ
2293 3448 2457 3522 μόνον
2519 3443 2748 3525 φοϐερὸν
2809 3444 3182 3523 δικαστήριον,
3209 3448 3301 3505 καὶ
3360 3446 3570 3506 δίκαιον
3626 3450 3795 3507 πλέον

2147 3540 2182 3609 ἣ
2212 3537 2336 3593 ὅσον
2392 3531 2676 3615 έπίφοϐον’
2709 3536 2805 3592 παὶ
2850 3533 2939 3592 διὰ
2982 3538 3045 3593 τὸ
3091 3537 3259 3612 τυχὸν
3291 3533 3546 3616 φοϐερὸν,
3578 3538 3661 3595 ὅτι
3717 3537 3798 3595 δί-

2147 3649 2324 3698 καιον,
2354 3626 2444 3682 καὶ
2473 3626 2536 3681 τὸ
2566 3623 2768 3688 πάντας
2801 3626 2974 3700 ἑαυτῷ
3003 3626 3140 3682 κατὰ
3192 3627 3292 3696 τὴν
3343 3624 3552 3683 δικαίαν
3609 3632 3792 3708 ψῆφον

2148 3714 2498 3771 ἐναποκλεῖον
2531 3713 2657 3777 τοὺς
2705 3713 2921 3777 αἰῶνας.
2952 3713 3048 3777 Τίς
3081 3715 3177 3778 τὰς
3227 3714 3470 3793 οἰμωγὰς
3524 3719 3614 3773 καὶ
3668 3717 3798 3780 τοὺς

2150 3805 2478 3881 στεναγμοὺς
2528 3804 2657 3867 τοὺς
2716 3803 2777 3859 ἐκ
2835 3803 3004 3879 μέσης
3093 3805 3269 3861 αὐτῶν
3325 3809 3803 3886 προσφερομένους

2146 3903 2247 3966 τῆς
2285 3892 2533 3970 καρδίας,
2561 3894 2651 3948 καὶ
2700 3893 2876 3949 αὐτῶν
2927 3896 3349 3968 καθαπτομένων
3390 3900 3498 3952 τῶν
3552 3897 3799 3970 μυελῶν,

2146 3985 2236 4040 καὶ
2301 3988 2510 4060 πικρῶς
2558 3983 2626 4039 τὰ
2672 3981 2959 4059 σπλάγχνα
3016 3981 3482 4058 καταδακνόντων,
3532 3985 3620 4041 ἐπὶ
3676 3991 3807 4042 νιιῦν

2148 4068 2444 4149 λαμϐάνων
2496 4070 2741 4146 δακρύων
2792 4070 3075 4147 ἐλεύθερος
3127 4073 3261 4129 εἶναι
3319 4071 3645 4146 δυνήσεται;
3697 4075 3802 4140 Τίς

2144 4166 2236 4220 τὸν
2268 4166 2464 4240 θρῆνον
2497 4160 2589 4218 καὶ
2616 4161 2708 4216 τὸν
2742 4159 3061 4239 ὀλοφυρμὸν
3092 4161 3299 4238 ἐνέγκοι
3329 4161 3505 4240 χωρίς
3561 4164 3652 4220 καὶ
3696 4172 3805 4236 τῆς

2147 4252 2228 4308 ἐπ’
2258 4251 2428 4321 αὐτῆς
2474 4249 2789 4328 κατηφείας,
2839 4249 2928 4304 καὶ
2983 4250 3098 4323 μεθ’
3137 4247 3267 4306 οἵων
3318 4252 3806 4331 προσφερομένους

2142 4347 2249 4397 τῶν
2303 4338 2661 4414 μεταμελείας
2710 4337 2890 4415 λόγων
2938 4343 3046 4394 τῶν
3094 4360 3153 4396 τε
3182 4339 3318 4417 πρὸς
3351 4341 3538 4396 ἑαυτὸν
3570 4342 3804 4400 ἑκάστου

2141 4435 2248 4486 τῶν
2309 4429 2721 4502 κολαζομένων,
2772 4427 2861 4483 καὶ
2914 4423 3129 4483 πάντων
3188 4430 3324 4505 πρὸς
3382 4429 3625 4500 πάντας,
3659 4432 3807 4490 Τότε

2141 4520 2242 4596 γὰρ
2299 4515 2522 4588 ἀληθῶς
2590 4516 2917 4593 ἐπιγνώμων
2991 4522 3099 4573 τῶν
3166 4519 3359 4574 ἑαυτσῦ
3441 4523 3805 4595 πταισμάτων

373 4613 699 4682 καθέστηκεν
756 4605 1004 4674 ἕκαστος,
1056 4604 1134 4661 ὅτ’
1192 4606 1250 4660 ἂν
1307 4604 1388 4683 ἐφ’
1445 4606 1646 4660 ἑαυτῶν
1700 4607 1876 4681 γυμνὰ
1950 4614 2152 4685 φανῶσι
2226 4608 2295 4662 τὰ
2366 4605 2677 4683 πράγματα,
2736 4606 2825 4661 καὶ
2901 4606 3103 4670 παντὸς
3177 4605 3510 4682 κωλύματος
3582 4610 3802 4683 ἀπάτης

375 4700 651 4774 ἐλεύθερα.

446 4794 500 4847 3.
529 4792 766 4847 Justum
790 4792 878 4845 est
897 4785 1687 4858 judiciumtuum,Domine;
1723 4802 1832 4842 nos
1857 4787 2025 4861 quip-

2203 4790 2256 4844 3.
2290 4785 2477 4841 Δικαία
2506 4786 2542 4855 ἡ
2573 4783 2748 4861 κρίσις
2778 4806 2896 4855 σου,
2930 4786 2959 4840 ὁ
2989 4780 3137 4847 Θεὸς·
3171 4785 3429 4850 ἐκάλεσας
3473 4787 3575 4864 γὰρ
3616 4790 3801 4864 ἡμᾶς,

372 4897 444 4955 pe
472 4879 710 4949 vocasti,
744 4894 850 4933 nec
878 4876 1416 4947 obtemperavimus
1437 4874 1544 4929 tibi
1579 4891 1592 4929 :
1625 4874 1803 4931 verba
1831 4876 2021 4933 fecisti

371 4972 560 5037 nobis,
610 4984 714 5024 nec
763 4966 1161 5031 attendimus;
1212 4964 1331 5020 imo
1385 4963 1548 5018 irrita
1612 4962 1861 5020 fecimus
1919 4969 2022 5021 tua

372 5057 638 5117 consilia.
692 5056 833 5112 Jure
880 5053 1116 5110 advenit
1177 5050 1349 5106 nobis
1401 5050 1663 5122 exitium,
1710 5052 2018 5125 pernicies,

369 5152 709 5221 tempestas,
740 5159 1035 5200 aerumna.
1072 5144 1129 5195 et
1158 5140 1442 5195 obsessio.
1490 5140 1741 5212 Jamque
1772 5147 1827 5197 te
1859 5142 2020 5199 invo-

368 5255 596 5307 camus,
629 5250 735 5291 nec
773 5230 1056 5295 exaudis;
1092 5229 1556 5284 misericordiam
1607 5245 1675 5284 ex
1722 5236 1777 5286 te
1807 5233 2019 5302 quaeri-

371 5344 524 5397 mus,
556 5342 659 5381 nec
692 5323 1043 5378 invenimus.
1079 5318 1196 5373 Nos
1243 5318 1400 5372 enim
1450 5318 1548 5390 qui
1581 5319 1933 5391 sapientiam
1964 5328 2021 5379 et

371 5415 615 5471 verbum
647 5408 880 5468 Domini
914 5406 1046 5462 odio
1079 5405 1613 5478 babuimus,neque
1635 5409 1727 5463 Dei
1753 5409 2020 5467 consiliis

373 5505 638 5560 animum
669 5497 965 5555 voluimus
996 5495 1294 5562 adhibere,
1333 5494 1672 5565 hujusmodi
1702 5514 1771 5552 ex
1818 5504 2019 5555 nostro

371 5592 595 5648 semine
624 5589 849 5644 fructus
881 5583 1349 5656 decerpimus,ac
1383 5589 1582 5639 nostra
1612 5584 1907 5657 replemur
1936 5587 2020 5644 in-

370 5681 560 5738 sania.
594 5678 708 5734 Nos
739 5676 957 5748 quippe
1003 5672 1309 5729 excaicavit
1339 5672 1569 5729 fallacia
1615 5673 1768 5745 vitae,
1825 5691 2016 5748 neque

441 5805 552 5883 (87)
584 5799 807 5861 Στάσιν.

2129 4876 2219 4932 καὶ
2252 4875 2360 4951 ούχ
2402 4874 2779 4948 ὑπηκούσαμέν
2828 4892 2947 4929 σου·
2980 4873 3181 4951 λόγους
3243 4871 3303 4930 δὲ
3331 4882 3596 4952 παρεῖχες
3628 4880 3799 4950 ἡμῖν,

2128 4967 2220 5021 καὶ
2251 4965 2313 5019 οὐ
2342 4964 2745 5041 προσέσχομεν·
2782 4962 3071 5039 τοιγαροῦν
3104 4962 3253 5020 ἀλλὰ
3297 4964 3532 5042 ἀκύρους
3571 4967 3801 5023 ἐποιοῦ-

2133 5076 2228 5128 μεν
2285 5055 2382 5117 τάς
2440 5054 2535 5115 σᾶς
2598 5049 2824 5126 βουλάς.
2858 5052 3094 5116 Δικαίως
3143 5052 3307 5123 ἦλθεν
3358 5054 3436 5117 εἰς
3484 5056 3635 5127 ἡμᾶς
3681 5055 3795 5113 άπ-

2130 5142 2301 5199 ώλεια
2329 5142 2419 5197 καὶ
2451 5138 2679 5217 ὄλεθρος
2708 5139 2798 5195 καὶ
2822 5142 3068 5217 καταιγὶς
3099 5142 3190 5197 καὶ
3217 5141 3402 5217 θλίψις
3433 5145 3526 5200 καὶ
3556 5142 3797 5219 πολιορ-

2128 5231 2238 5288 κία.
2272 5230 2372 5286 Καὶ
2426 5234 2519 5284 νῦν
2577 5231 2742 5302 ἡμεῖς
2803 5228 3219 5304 ἐπικαλούμεθά
3266 5252 3346 5304 σε,
3380 5231 3470 5288 καὶ
3528 5232 3629 5288 οὐκ
3678 5232 3801 5289 εἰσ-

2128 5321 2367 5389 ακούεις,
2399 5319 2488 5374 καὶ
2534 5322 2802 5391 ζητοῦμεν
2850 5319 2998 5392 παρὰ
3045 5323 3165 5390 σοῦ,
3196 5319 3288 5375 καὶ
3334 5320 3442 5396 ούχ
3472 5320 3802 5398 εὑρίσκομεν

2130 5407 2308 5470 ἔλεος.
2342 5408 2404 5461 Ol.
2453 5406 2555 5483 γὰρ
2611 5409 2938 5480 μισήσαντες
2989 5407 3180 5486 σοφίαν
3231 5408 3322 5465 καὶ
3373 5406 3540 5486 λόγον
3592 5409 3799 5486 Κυρίου

2133 5499 2209 5570 μή
2260 5495 2685 5572 προσελόμενοι,
2737 5492 2879 5568 μηδὲ
2928 5494 3255 5568 θελήσαντες
3315 5503 3452 5553 Θεοῦ
3497 5497 3798 5575 προσέχειν

2133 5584 2357 5661 βουλὰς,
2388 5584 2674 5646 τοιούτους
2721 5581 3029 5659 δρεπόμεθα
3077 5585 3203 5648 τοὺς
3250 5590 3493 5663 καρποὺς
3539 5592 3649 5644 τῶν
3703 5587 3803 5643 οἰ-

2129 5674 2286 5730 κείων
2320 5673 2666 5750 σπερμάτων,
2699 5672 2790 5728 καὶ
2829 5681 2929 5746 τῆς
2980 5675 3182 5731 ἑαυτῶν
3232 5675 3417 5740 ἀνοίας
3466 5675 3807 5754 ἐμπιμπλά·
