  <div class='ocr_page' id='page_1' title='image "/cluster/home/n/w/nwhite01/storage/ocr_20150623/28:no.4/coo.31924054873090/310.png"; bbox 0 0 4132 6372; ppageno 0'>
   <div class='ocr_carea' id='block_1_1' title="bbox 407 380 529 442">
    <p class='ocr_par' dir='ltr' id='par_1_1' title="bbox 407 380 529 442">
     <span class='ocr_line' id='line_1_1' title="bbox 407 380 529 442; baseline 0 0"><span class='ocrx_word' id='word_1_1' title='bbox 407 380 529 442; x_wconf 73' lang='grc'>593</span> 
     </span>
    </p>
   </div>
   <div class='ocr_carea' id='block_1_2' title="bbox 1495 379 2762 442">
    <p class='ocr_par' dir='ltr' id='par_1_2' title="bbox 1495 379 2762 442">
     <span class='ocr_line' id='line_1_2' title="bbox 1495 379 2762 442; baseline 0.001 -3"><span class='ocrx_word' id='word_1_2' title='bbox 1495 380 1760 441; x_wconf 79' lang='lat' dir='ltr'>SERMO</span> <span class='ocrx_word' id='word_1_3' title='bbox 1807 381 1910 441; x_wconf 84' lang='lat' dir='ltr'>AD</span> <span class='ocrx_word' id='word_1_4' title='bbox 1957 379 2420 441; x_wconf 86' lang='lat' dir='ltr'>ANTIOCHUM</span> <span class='ocrx_word' id='word_1_5' title='bbox 2469 381 2762 442; x_wconf 86' lang='lat' dir='ltr'>DUCEM.</span> 
     </span>
    </p>
   </div>
   <div class='ocr_carea' id='block_1_3' title="bbox 3718 385 3836 444">
    <p class='ocr_par' dir='ltr' id='par_1_3' title="bbox 3718 385 3836 444">
     <span class='ocr_line' id='line_1_3' title="bbox 3718 385 3836 444; baseline -0.008 -1"><span class='ocrx_word' id='word_1_6' title='bbox 3718 385 3836 444; x_wconf 72' lang='lat'>594</span> 
     </span>
    </p>
   </div>
   <div class='ocr_carea' id='block_1_4' title="bbox 414 509 2052 589">
    <p class='ocr_par' dir='ltr' id='par_1_4' title="bbox 414 509 2048 589">
     <span class='ocr_line' id='line_1_4' title="bbox 414 509 2048 589; baseline -0.001 -19"><span class='ocrx_word' id='word_1_7' title='bbox 414 517 564 588; x_wconf 73' lang='grc' dir='ltr'>μεθαο</span> <span class='ocrx_word' id='word_1_8' title='bbox 601 509 990 588; x_wconf 83' lang='grc' dir='ltr'>Ἀπετύφλωσε</span> <span class='ocrx_word' id='word_1_9' title='bbox 1039 513 1142 589; x_wconf 77' lang='grc' dir='ltr'>γὰρ</span> <span class='ocrx_word' id='word_1_10' title='bbox 1190 514 1340 586; x_wconf 74' lang='grc' dir='ltr'>ἡμᾶς</span> <span class='ocrx_word' id='word_1_11' title='bbox 1381 513 1414 584; x_wconf 81' lang='grc' dir='ltr'><strong>ἠ</strong></span> <span class='ocrx_word' id='word_1_12' title='bbox 1457 511 1632 584; x_wconf 82' lang='grc' dir='ltr'>ἀπάτη</span> <span class='ocrx_word' id='word_1_13' title='bbox 1677 517 1772 568; x_wconf 78' lang='lat'>106</span> <span class='ocrx_word' id='word_1_14' title='bbox 1809 511 1949 587; x_wconf 82' lang='grc' dir='ltr'>βίου,</span> <span class='ocrx_word' id='word_1_15' title='bbox 1981 533 2048 568; x_wconf 88' lang='grc' dir='ltr'>κα</span> 
     </span>
    </p>
   </div>
   <div class='ocr_carea' id='block_1_5' title="bbox 2165 509 3834 589">
    <p class='ocr_par' dir='ltr' id='par_1_5' title="bbox 2186 515 3834 589">
     <span class='ocr_line' id='line_1_5' title="bbox 2186 515 3834 589; baseline 0.003 -21"><span class='ocrx_word' id='word_1_16' title='bbox 2186 515 2455 570; x_wconf 84' lang='lat' dir='ltr'>novimus</span> <span class='ocrx_word' id='word_1_17' title='bbox 2488 515 2768 588; x_wconf 81' lang='lat' dir='ltr'>mysteria</span> <span class='ocrx_word' id='word_1_18' title='bbox 2792 516 3030 585; x_wconf 88' lang='lat' dir='ltr'>Dei,nec</span> <span class='ocrx_word' id='word_1_19' title='bbox 3053 516 3418 589; x_wconf 81' lang='lat' dir='ltr'>speravimus</span> <span class='ocrx_word' id='word_1_20' title='bbox 3442 534 3685 589; x_wconf 80' lang='lat' dir='ltr'>prorsus</span> <span class='ocrx_word' id='word_1_21' title='bbox 3707 536 3834 574; x_wconf 84' lang='lat' dir='ltr'>csse</span> 
     </span>
    </p>
   </div>
   <div class='ocr_carea' id='block_1_6' title="bbox 411 599 2070 678">
    <p class='ocr_par' dir='ltr' id='par_1_6' title="bbox 411 599 2070 678">
     <span class='ocr_line' id='line_1_6' title="bbox 411 599 2070 678; baseline -0.001 -20"><span class='ocrx_word' id='word_1_22' title='bbox 411 603 508 659; x_wconf 80' lang='grc' dir='ltr'>οὐκ</span> <span class='ocrx_word' id='word_1_23' title='bbox 560 599 799 678; x_wconf 77' lang='grc' dir='ltr'>ἔγνωμεν</span> <span class='ocrx_word' id='word_1_24' title='bbox 859 604 1133 675; x_wconf 78' lang='grc' dir='ltr'>μυστήρια</span> <span class='ocrx_word' id='word_1_25' title='bbox 1181 607 1314 657; x_wconf 77' lang='grc' dir='ltr'>Θεοῦ</span> <span class='ocrx_word' id='word_1_26' title='bbox 1346 649 1359 675; x_wconf 92' lang='grc'>,</span> <span class='ocrx_word' id='word_1_27' title='bbox 1410 601 1536 658; x_wconf 77' lang='grc' dir='ltr'>οὐδὲ</span> <span class='ocrx_word' id='word_1_28' title='bbox 1586 603 1775 676; x_wconf 87' lang='grc' dir='ltr'>μισθὸν</span> <span class='ocrx_word' id='word_1_29' title='bbox 1827 602 1960 656; x_wconf 78' lang='grc' dir='ltr'>εἶναι</span> <span class='ocrx_word' id='word_1_30' title='bbox 2008 602 2070 656; x_wconf 88' lang='grc' dir='ltr'>τὸ</span> 
     </span>
    </p>
   </div>
   <div class='ocr_carea' id='block_1_7' title="bbox 408 687 2071 767">
    <p class='ocr_par' dir='ltr' id='par_1_7' title="bbox 408 687 2071 767">
     <span class='ocr_line' id='line_1_7' title="bbox 408 687 2071 767; baseline 0 -20"><span class='ocrx_word' id='word_1_31' title='bbox 408 693 636 747; x_wconf 83' lang='grc' dir='ltr'>σύνολον</span> <span class='ocrx_word' id='word_1_32' title='bbox 672 691 986 765; x_wconf 83' lang='grc' dir='ltr'>ἠλπίσαμεν</span> <span class='ocrx_word' id='word_1_33' title='bbox 1040 687 1345 762; x_wconf 71' lang='grc' dir='ltr'>ὁσιότητος·</span> <span class='ocrx_word' id='word_1_34' title='bbox 1377 694 1466 746; x_wconf 80' lang='grc' dir='ltr'>καὶ</span> <span class='ocrx_word' id='word_1_35' title='bbox 1519 690 1605 747; x_wconf 71' lang='grc' dir='ltr'>διὰ</span> <span class='ocrx_word' id='word_1_36' title='bbox 1653 697 1814 747; x_wconf 75' lang='grc' dir='ltr'>τοῦτο</span> <span class='ocrx_word' id='word_1_37' title='bbox 1860 687 2071 767; x_wconf 81' lang='grc' dir='ltr'>τρίϐοις</span> 
     </span>
    </p>
   </div>
   <div class='ocr_carea' id='block_1_8' title="bbox 404 776 2070 856">
    <p class='ocr_par' dir='ltr' id='par_1_8' title="bbox 404 776 2070 856">
     <span class='ocr_line' id='line_1_8' title="bbox 404 776 2070 856; baseline -0.001 -20"><span class='ocrx_word' id='word_1_38' title='bbox 404 782 636 855; x_wconf 88' lang='grc' dir='ltr'>ἀνομίας</span> <span class='ocrx_word' id='word_1_39' title='bbox 680 781 1094 854; x_wconf 81' lang='grc' dir='ltr'>ἐνεπλήσθημεν</span> <span class='ocrx_word' id='word_1_40' title='bbox 1172 779 1548 856; x_wconf 84' lang='grc' dir='ltr'>Διωδεύσαμεν</span> <span class='ocrx_word' id='word_1_41' title='bbox 1583 781 1638 837; x_wconf 71' lang='grc' dir='ltr'>δὲ</span> <span class='ocrx_word' id='word_1_42' title='bbox 1678 777 1900 855; x_wconf 73' lang='grc' dir='ltr'>τρίϐους</span> <span class='ocrx_word' id='word_1_43' title='bbox 1933 776 2070 834; x_wconf 73' lang='grc' dir='ltr'>ἀϐά-</span> 
     </span>
    </p>
   </div>
   <div class='ocr_carea' id='block_1_9' title="bbox 402 869 2068 946">
    <p class='ocr_par' dir='ltr' id='par_1_9' title="bbox 402 869 2068 946">
     <span class='ocr_line' id='line_1_9' title="bbox 402 869 2068 946; baseline -0.001 -20"><span class='ocrx_word' id='word_1_44' title='bbox 402 893 555 942; x_wconf 91' lang='grc' dir='ltr'>τους,</span> <span class='ocrx_word' id='word_1_45' title='bbox 587 869 803 943; x_wconf 85' lang='grc' dir='ltr'>δηλαδή</span> <span class='ocrx_word' id='word_1_46' title='bbox 835 878 935 941; x_wconf 80' lang='grc' dir='ltr'>τῆς</span> <span class='ocrx_word' id='word_1_47' title='bbox 960 871 1106 934; x_wconf 84' lang='grc' dir='ltr'>θείας</span> <span class='ocrx_word' id='word_1_48' title='bbox 1139 871 1462 940; x_wconf 69' lang='grc' dir='ltr'>ἐπισκοπῆς·</span> <span class='ocrx_word' id='word_1_49' title='bbox 1495 873 1594 939; x_wconf 73' lang='grc' dir='ltr'>τήν</span> <span class='ocrx_word' id='word_1_50' title='bbox 1625 869 1681 926; x_wconf 76' lang='grc' dir='ltr'>δὲ</span> <span class='ocrx_word' id='word_1_51' title='bbox 1711 869 1833 926; x_wconf 78' lang='grc' dir='ltr'>ὁδὸν</span> <span class='ocrx_word' id='word_1_52' title='bbox 1870 870 2068 946; x_wconf 81' lang='grc' dir='ltr'>Κυρίου</span> 
     </span>
    </p>
   </div>
   <div class='ocr_carea' id='block_1_10' title="bbox 401 958 2068 1036">
    <p class='ocr_par' dir='ltr' id='par_1_10' title="bbox 401 958 2068 1036">
     <span class='ocr_line' id='line_1_10' title="bbox 401 958 2068 1036; baseline -0.001 -20"><span class='ocrx_word' id='word_1_53' title='bbox 401 961 503 1016; x_wconf 79' lang='grc' dir='ltr'>οὐκ</span> <span class='ocrx_word' id='word_1_54' title='bbox 533 958 797 1036; x_wconf 78' lang='grc' dir='ltr'>ἔγνωμεν.</span> <span class='ocrx_word' id='word_1_55' title='bbox 835 961 933 1015; x_wconf 86' lang='grc' dir='ltr'>Καὶ</span> <span class='ocrx_word' id='word_1_56' title='bbox 974 960 1056 1022; x_wconf 89' lang='grc' dir='ltr'>τίς</span> <span class='ocrx_word' id='word_1_57' title='bbox 1089 962 1117 1014; x_wconf 98' lang='lat'>6</span> <span class='ocrx_word' id='word_1_58' title='bbox 1165 960 1406 1022; x_wconf 76' lang='grc' dir='ltr'>πλοῦτος</span> <span class='ocrx_word' id='word_1_59' title='bbox 1459 962 1516 1022; x_wconf 77' lang='grc' dir='ltr'>ὃς</span> <span class='ocrx_word' id='word_1_60' title='bbox 1571 961 1705 1034; x_wconf 85' lang='grc' dir='ltr'>μετά</span> <span class='ocrx_word' id='word_1_61' title='bbox 1752 959 2068 1029; x_wconf 79' lang='grc' dir='ltr'>ἀλαζονείας</span> 
     </span>
    </p>
   </div>
   <div class='ocr_carea' id='block_1_11' title="bbox 401 1046 2069 1124">
    <p class='ocr_par' dir='ltr' id='par_1_11' title="bbox 401 1046 2069 1124">
     <span class='ocr_line' id='line_1_11' title="bbox 401 1046 2069 1124; baseline -0.002 -18"><span class='ocrx_word' id='word_1_62' title='bbox 401 1046 789 1124; x_wconf 77' lang='grc' dir='ltr'>συμϐέϐληται</span> <span class='ocrx_word' id='word_1_63' title='bbox 822 1052 960 1123; x_wconf 75' lang='grc' dir='ltr'>ἡμῖν</span> <span class='ocrx_word' id='word_1_64' title='bbox 995 1069 1009 1120; x_wconf 86' lang='grc'><strong>;</strong></span> <span class='ocrx_word' id='word_1_65' title='bbox 1048 1049 1325 1123; x_wconf 69' lang='grc' dir='ltr'>παρῆλθεν</span> <span class='ocrx_word' id='word_1_66' title='bbox 1362 1049 1538 1106; x_wconf 83' lang='grc' dir='ltr'>ἐκεῖνα</span> <span class='ocrx_word' id='word_1_67' title='bbox 1594 1049 1765 1106; x_wconf 86' lang='grc' dir='ltr'>πάντα</span> <span class='ocrx_word' id='word_1_68' title='bbox 1811 1050 1884 1111; x_wconf 82' lang='grc' dir='ltr'>ὡς</span> <span class='ocrx_word' id='word_1_69' title='bbox 1946 1050 2069 1104; x_wconf 79' lang='grc' dir='ltr'>σκιὰ</span> 
     </span>
    </p>
   </div>
   <div class='ocr_carea' id='block_1_12' title="bbox 399 1136 2068 1216">
    <p class='ocr_par' dir='ltr' id='par_1_12' title="bbox 399 1136 2068 1216">
     <span class='ocr_line' id='line_1_12' title="bbox 399 1136 2068 1216; baseline -0.001 -21"><span class='ocrx_word' id='word_1_70' title='bbox 399 1139 496 1195; x_wconf 85' lang='grc' dir='ltr'>καὶ</span> <span class='ocrx_word' id='word_1_71' title='bbox 529 1141 602 1202; x_wconf 84' lang='grc' dir='ltr'>ὡς</span> <span class='ocrx_word' id='word_1_72' title='bbox 653 1139 889 1216; x_wconf 77' lang='grc' dir='ltr'>ἀγγελία</span> <span class='ocrx_word' id='word_1_73' title='bbox 939 1140 1380 1214; x_wconf 84' lang='grc' dir='ltr'>παρατρέχουσα,</span> <span class='ocrx_word' id='word_1_74' title='bbox 1431 1140 1518 1194; x_wconf 77' lang='grc' dir='ltr'>καὶ</span> <span class='ocrx_word' id='word_1_75' title='bbox 1565 1141 1639 1201; x_wconf 78' lang='grc' dir='ltr'>ὡς</span> <span class='ocrx_word' id='word_1_76' title='bbox 1686 1143 1813 1201; x_wconf 80' lang='grc' dir='ltr'>ναῦς</span> <span class='ocrx_word' id='word_1_77' title='bbox 1854 1136 2068 1214; x_wconf 86' lang='grc' dir='ltr'>διερχο-</span> 
     </span>
    </p>
   </div>
   <div class='ocr_carea' id='block_1_13' title="bbox 407 1223 2063 1303">
    <p class='ocr_par' dir='ltr' id='par_1_13' title="bbox 407 1223 2063 1303">
     <span class='ocr_line' id='line_1_13' title="bbox 407 1223 2063 1303; baseline -0.003 -20"><span class='ocrx_word' id='word_1_78' title='bbox 407 1227 540 1301; x_wconf 86' lang='grc' dir='ltr'>μένη</span> <span class='ocrx_word' id='word_1_79' title='bbox 604 1225 1008 1302; x_wconf 85' lang='grc' dir='ltr'>κυμαινόμενον</span> <span class='ocrx_word' id='word_1_80' title='bbox 1072 1225 1242 1303; x_wconf 76' lang='grc' dir='ltr'>ὕδωρ,</span> <span class='ocrx_word' id='word_1_81' title='bbox 1296 1231 1363 1297; x_wconf 69' lang='grc' dir='ltr'>ἧς</span> <span class='ocrx_word' id='word_1_82' title='bbox 1425 1223 1712 1299; x_wconf 71' lang='grc' dir='ltr'>διαϐάσης,</span> <span class='ocrx_word' id='word_1_83' title='bbox 1769 1227 1867 1284; x_wconf 78' lang='grc' dir='ltr'>οὐκ</span> <span class='ocrx_word' id='word_1_84' title='bbox 1925 1224 2063 1283; x_wconf 75' lang='grc' dir='ltr'>ἔστιν</span> 
     </span>
    </p>
   </div>
   <div class='ocr_carea' id='block_1_14' title="bbox 407 1315 2065 1393">
    <p class='ocr_par' dir='ltr' id='par_1_14' title="bbox 407 1315 2065 1393">
     <span class='ocr_line' id='line_1_14' title="bbox 407 1315 2065 1393; baseline 0.001 -23"><span class='ocrx_word' id='word_1_85' title='bbox 407 1315 568 1391; x_wconf 70' lang='grc' dir='ltr'>ἴχνος</span> <span class='ocrx_word' id='word_1_86' title='bbox 600 1318 798 1393; x_wconf 76' lang='grc' dir='ltr'>εὑρεῖν,</span> <span class='ocrx_word' id='word_1_87' title='bbox 830 1315 954 1373; x_wconf 75' lang='grc' dir='ltr'>οὐδὲ</span> <span class='ocrx_word' id='word_1_88' title='bbox 984 1317 1222 1391; x_wconf 89' lang='grc' dir='ltr'>ἀτραπὸν</span> <span class='ocrx_word' id='word_1_89' title='bbox 1250 1316 1534 1391; x_wconf 89' lang='grc' dir='ltr'>τροπαίως</span> <span class='ocrx_word' id='word_1_90' title='bbox 1571 1317 1737 1382; x_wconf 73' lang='grc' dir='ltr'>αὐτῆς</span> <span class='ocrx_word' id='word_1_91' title='bbox 1783 1317 1835 1371; x_wconf 85' lang='grc' dir='ltr'>ἐν</span> <span class='ocrx_word' id='word_1_92' title='bbox 1894 1319 2065 1390; x_wconf 89' lang='grc' dir='ltr'>κύμα-</span> 
     </span>
    </p>
   </div>
   <div class='ocr_carea' id='block_1_15' title="bbox 409 1404 2062 1484">
    <p class='ocr_par' dir='ltr' id='par_1_15' title="bbox 409 1404 2062 1484">
     <span class='ocr_line' id='line_1_15' title="bbox 409 1404 2062 1484; baseline 0.001 -25"><span class='ocrx_word' id='word_1_93' title='bbox 409 1427 518 1462; x_wconf 91' lang='grc' dir='ltr'>σιν.</span> <span class='ocrx_word' id='word_1_94' title='bbox 550 1407 620 1462; x_wconf 87' lang='grc' dir='ltr'><strong><em>Ἢ</em></strong></span> <span class='ocrx_word' id='word_1_95' title='bbox 670 1407 744 1468; x_wconf 82' lang='grc' dir='ltr'>ὡς</span> <span class='ocrx_word' id='word_1_96' title='bbox 795 1407 980 1482; x_wconf 85' lang='grc' dir='ltr'>ὀρνέου</span> <span class='ocrx_word' id='word_1_97' title='bbox 1012 1405 1334 1469; x_wconf 85' lang='grc' dir='ltr'>διαπτάντος</span> <span class='ocrx_word' id='word_1_98' title='bbox 1382 1406 1530 1484; x_wconf 87' lang='grc' dir='ltr'>ἀέρα,</span> <span class='ocrx_word' id='word_1_99' title='bbox 1565 1404 1716 1461; x_wconf 73' lang='grc' dir='ltr'>οὐδὲν</span> <span class='ocrx_word' id='word_1_100' title='bbox 1765 1407 2062 1481; x_wconf 85' lang='grc' dir='ltr'>εὑρίσκεται</span> 
     </span>
    </p>
   </div>
   <div class='ocr_carea' id='block_1_16' title="bbox 408 1496 2063 1571">
    <p class='ocr_par' dir='ltr' id='par_1_16' title="bbox 408 1496 2063 1571">
     <span class='ocr_line' id='line_1_16' title="bbox 408 1496 2063 1571; baseline 0.001 -22"><span class='ocrx_word' id='word_1_101' title='bbox 408 1497 710 1568; x_wconf 76' lang='grc' dir='ltr'>τεκμήριον</span> <span class='ocrx_word' id='word_1_102' title='bbox 766 1497 1002 1570; x_wconf 87' lang='grc' dir='ltr'>πορείας.</span> <span class='ocrx_word' id='word_1_103' title='bbox 1051 1496 1332 1571; x_wconf 82' lang='grc' dir='ltr'>Παρῆλθεν</span> <span class='ocrx_word' id='word_1_104' title='bbox 1386 1497 1558 1551; x_wconf 75' lang='grc' dir='ltr'>ὲκεῖνα</span> <span class='ocrx_word' id='word_1_105' title='bbox 1586 1498 1779 1567; x_wconf 90' lang='grc' dir='ltr'>πάντα,</span> <span class='ocrx_word' id='word_1_106' title='bbox 1809 1500 1970 1551; x_wconf 87' lang='lat'><strong>10610</strong></span> <span class='ocrx_word' id='word_1_107' title='bbox 2001 1496 2063 1551; x_wconf 88' lang='grc' dir='ltr'>τὸ</span> 
     </span>
    </p>
   </div>
   <div class='ocr_carea' id='block_1_17' title="bbox 412 1583 2064 1661">
    <p class='ocr_par' dir='ltr' id='par_1_17' title="bbox 412 1583 2064 1661">
     <span class='ocr_line' id='line_1_17' title="bbox 412 1583 2064 1661; baseline 0.001 -24"><span class='ocrx_word' id='word_1_108' title='bbox 412 1587 518 1656; x_wconf 87' lang='grc' dir='ltr'>πῦρ</span> <span class='ocrx_word' id='word_1_109' title='bbox 553 1585 688 1655; x_wconf 76' lang='grc' dir='ltr'>ἡμῖν</span> <span class='ocrx_word' id='word_1_110' title='bbox 726 1584 938 1661; x_wconf 73' lang='grc' dir='ltr'>ἀφέντα,</span> <span class='ocrx_word' id='word_1_111' title='bbox 981 1584 1356 1660; x_wconf 79' lang='grc' dir='ltr'>κληρονομίαν</span> <span class='ocrx_word' id='word_1_112' title='bbox 1407 1585 1480 1647; x_wconf 83' lang='grc' dir='ltr'>εἷς</span> <span class='ocrx_word' id='word_1_113' title='bbox 1531 1587 1732 1646; x_wconf 85' lang='grc' dir='ltr'>πάντας</span> <span class='ocrx_word' id='word_1_114' title='bbox 1781 1583 2064 1658; x_wconf 87' lang='grc' dir='ltr'>διαμένου-</span> 
     </span>
    </p>
   </div>
   <div class='ocr_carea' id='block_1_18' title="bbox 408 1672 2059 1750">
    <p class='ocr_par' dir='ltr' id='par_1_18' title="bbox 408 1672 2059 1750">
     <span class='ocr_line' id='line_1_18' title="bbox 408 1672 2059 1750; baseline 0.002 -25"><span class='ocrx_word' id='word_1_115' title='bbox 408 1693 501 1726; x_wconf 85' lang='grc' dir='ltr'>σαν</span> <span class='ocrx_word' id='word_1_116' title='bbox 562 1673 781 1734; x_wconf 83' lang='grc' dir='ltr'>αίῶνας.</span> <span class='ocrx_word' id='word_1_117' title='bbox 832 1672 1021 1728; x_wconf 80' lang='grc' dir='ltr'>Δικαία</span> <span class='ocrx_word' id='word_1_118' title='bbox 1118 1674 1292 1750; x_wconf 84' lang='grc' dir='ltr'>κρίσις</span> <span class='ocrx_word' id='word_1_119' title='bbox 1356 1695 1472 1742; x_wconf 87' lang='grc' dir='ltr'>σου,</span> <span class='ocrx_word' id='word_1_120' title='bbox 1506 1675 1533 1728; x_wconf 89' lang='lat'>6</span> <span class='ocrx_word' id='word_1_121' title='bbox 1565 1675 1712 1737; x_wconf 81' lang='grc' dir='ltr'>Θεός’</span> <span class='ocrx_word' id='word_1_122' title='bbox 1763 1679 1930 1730; x_wconf 79' lang='grc' dir='ltr'>ταῦτα</span> <span class='ocrx_word' id='word_1_123' title='bbox 1959 1676 2059 1749; x_wconf 80' lang='grc' dir='ltr'>γάρ</span> 
     </span>
    </p>
   </div>
   <div class='ocr_carea' id='block_1_19' title="bbox 405 1757 2060 1837">
    <p class='ocr_par' dir='ltr' id='par_1_19' title="bbox 405 1757 2060 1837">
     <span class='ocr_line' id='line_1_19' title="bbox 405 1757 2060 1837; baseline 0.002 -23"><span class='ocrx_word' id='word_1_124' title='bbox 405 1757 656 1832; x_wconf 85' lang='grc' dir='ltr'>λέγοντες</span> <span class='ocrx_word' id='word_1_125' title='bbox 717 1759 979 1817; x_wconf 78' lang='grc' dir='ltr'>οὐδέποτε</span> <span class='ocrx_word' id='word_1_126' title='bbox 1029 1763 1344 1836; x_wconf 84' lang='grc' dir='ltr'>παυσόμεθα</span> <span class='ocrx_word' id='word_1_127' title='bbox 1405 1763 1632 1818; x_wconf 88' lang='grc' dir='ltr'>λοιπόν·</span> <span class='ocrx_word' id='word_1_128' title='bbox 1697 1763 2060 1837; x_wconf 82' lang='grc' dir='ltr'>έκαλούμεθα,</span> 
     </span>
    </p>
   </div>
   <div class='ocr_carea' id='block_1_20' title="bbox 399 1847 2138 1956">
    <p class='ocr_par' dir='ltr' id='par_1_20' title="bbox 399 1847 2138 1956">
     <span class='ocr_line' id='line_1_20' title="bbox 399 1847 2138 1956; baseline 0.003 -55"><span class='ocrx_word' id='word_1_129' title='bbox 399 1848 487 1901; x_wconf 89' lang='grc' dir='ltr'>καὶ</span> <span class='ocrx_word' id='word_1_130' title='bbox 521 1847 629 1924; x_wconf 71' lang='grc' dir='ltr'>οὐχ</span> <span class='ocrx_word' id='word_1_131' title='bbox 689 1851 1061 1923; x_wconf 87' lang='grc' dir='ltr'>ὑπηκούομεν·</span> <span class='ocrx_word' id='word_1_132' title='bbox 1121 1851 1570 1926; x_wconf 85' lang='grc' dir='ltr'>ἐνουθετούμεθα,</span> <span class='ocrx_word' id='word_1_133' title='bbox 1629 1853 1719 1908; x_wconf 80' lang='grc' dir='ltr'>καὶ</span> <span class='ocrx_word' id='word_1_134' title='bbox 1780 1852 1841 1908; x_wconf 86' lang='grc' dir='ltr'>ού</span> <span class='ocrx_word' id='word_1_135' title='bbox 1890 1873 2138 1956; x_wconf 82' lang='grc' dir='ltr'>προσ-Β</span> 
     </span>
     <span class='ocr_line' id='line_1_21' title="bbox 405 1936 2022 1956; baseline 0 0"><span class='ocrx_word' id='word_1_136' title='bbox 405 1936 416 1956; x_wconf 79' lang='grc' dir='ltr'><strong><em>Ι</em></strong></span> <span class='ocrx_word' id='word_1_137' title='bbox 664 1944 705 1956; x_wconf 73' lang='grc' dir='ltr'><em>η</em></span> <span class='ocrx_word' id='word_1_138' title='bbox 775 1939 791 1956; x_wconf 90' lang='lat'><strong><em>\</em></strong></span> <span class='ocrx_word' id='word_1_139' title='bbox 903 1940 916 1956; x_wconf 89' lang='lat' dir='ltr'><strong><em>I</em></strong></span> <span class='ocrx_word' id='word_1_140' title='bbox 1157 1943 1197 1956; x_wconf 65' lang='lat'>-§</span> <span class='ocrx_word' id='word_1_141' title='bbox 1245 1943 1256 1956; x_wconf 70' lang='grc' dir='ltr'>ρ</span> <span class='ocrx_word' id='word_1_142' title='bbox 1322 1943 1332 1956; x_wconf 85' lang='grc'><strong><em>1</em></strong></span> <span class='ocrx_word' id='word_1_143' title='bbox 1530 1943 1544 1956; x_wconf 63' lang='grc' dir='ltr'>ς</span> <span class='ocrx_word' id='word_1_144' title='bbox 1611 1943 1621 1956; x_wconf 76' lang='grc' dir='ltr'><strong>Ι</strong></span> <span class='ocrx_word' id='word_1_145' title='bbox 1775 1939 1830 1956; x_wconf 57' lang='grc' dir='ltr'>σα</span> <span class='ocrx_word' id='word_1_146' title='bbox 1865 1940 1888 1956; x_wconf 61' lang='grc' dir='ltr'>α</span> <span class='ocrx_word' id='word_1_147' title='bbox 2010 1941 2022 1956; x_wconf 82' lang='grc'><strong><em>1</em></strong></span> 
     </span>
    </p>
   </div>
   <div class='ocr_carea' id='block_1_21' title="bbox 398 1936 2055 2017">
    <p class='ocr_par' dir='ltr' id='par_1_21' title="bbox 398 1936 2055 2017">
     <span class='ocr_line' id='line_1_22' title="bbox 398 1936 2055 2017; baseline 0.003 -26"><span class='ocrx_word' id='word_1_148' title='bbox 398 1936 624 2012; x_wconf 85' lang='grc' dir='ltr'>έχομεν.</span> <span class='ocrx_word' id='word_1_149' title='bbox 662 1939 792 2014; x_wconf 81' lang='grc' dir='ltr'>Περὶ</span> <span class='ocrx_word' id='word_1_150' title='bbox 824 1940 1032 1995; x_wconf 90' lang='grc' dir='ltr'>τούτων</span> <span class='ocrx_word' id='word_1_151' title='bbox 1078 1943 1197 2004; x_wconf 87' lang='grc' dir='ltr'>καθ’</span> <span class='ocrx_word' id='word_1_152' title='bbox 1245 1943 1470 2011; x_wconf 71' lang='grc' dir='ltr'>ἑκάστην</span> <span class='ocrx_word' id='word_1_153' title='bbox 1516 1943 1727 2017; x_wconf 79' lang='grc' dir='ltr'>ἡμέραν</span> <span class='ocrx_word' id='word_1_154' title='bbox 1775 1939 2055 1996; x_wconf 70' lang='grc' dir='ltr'>ἐδιδασκό-</span> 
     </span>
    </p>
   </div>
   <div class='ocr_carea' id='block_1_22' title="bbox 399 2024 2051 2108">
    <p class='ocr_par' dir='ltr' id='par_1_22' title="bbox 399 2024 2051 2108">
     <span class='ocr_line' id='line_1_23' title="bbox 399 2024 2051 2108; baseline 0.002 -28"><span class='ocrx_word' id='word_1_155' title='bbox 399 2037 536 2098; x_wconf 86' lang='grc' dir='ltr'>μεθα</span> <span class='ocrx_word' id='word_1_156' title='bbox 563 2031 670 2081; x_wconf 90' lang='grc' dir='ltr'>τῶν</span> <span class='ocrx_word' id='word_1_157' title='bbox 701 2024 913 2101; x_wconf 90' lang='grc' dir='ltr'>δεινῶν,</span> <span class='ocrx_word' id='word_1_158' title='bbox 960 2029 1049 2084; x_wconf 85' lang='grc' dir='ltr'>καὶ</span> <span class='ocrx_word' id='word_1_159' title='bbox 1101 2035 1536 2108; x_wconf 83' lang='grc' dir='ltr'>κατεφρονοῦμεν</span> <span class='ocrx_word' id='word_1_160' title='bbox 1581 2036 1686 2086; x_wconf 89' lang='grc' dir='ltr'>τῶν</span> <span class='ocrx_word' id='word_1_161' title='bbox 1722 2030 2051 2107; x_wconf 84' lang='grc' dir='ltr'>λεγομένων·</span> 
     </span>
    </p>
   </div>
   <div class='ocr_carea' id='block_1_23' title="bbox 395 2114 2058 2195">
    <p class='ocr_par' dir='ltr' id='par_1_23' title="bbox 395 2114 2058 2195">
     <span class='ocr_line' id='line_1_24' title="bbox 395 2114 2058 2195; baseline 0.004 -27"><span class='ocrx_word' id='word_1_162' title='bbox 395 2114 496 2169; x_wconf 79' lang='grc' dir='ltr'>οὑκ</span> <span class='ocrx_word' id='word_1_163' title='bbox 551 2114 739 2170; x_wconf 79' lang='grc' dir='ltr'>ἐλύπει</span> <span class='ocrx_word' id='word_1_164' title='bbox 795 2119 944 2190; x_wconf 77' lang='grc' dir='ltr'>ἡμᾶς</span> <span class='ocrx_word' id='word_1_165' title='bbox 1001 2119 1126 2173; x_wconf 85' lang='grc' dir='ltr'>τότε</span> <span class='ocrx_word' id='word_1_166' title='bbox 1183 2121 1278 2174; x_wconf 76' lang='grc' dir='ltr'>κᾶν</span> <span class='ocrx_word' id='word_1_167' title='bbox 1331 2121 1524 2194; x_wconf 88' lang='grc' dir='ltr'>μικρὸν</span> <span class='ocrx_word' id='word_1_168' title='bbox 1573 2122 1641 2175; x_wconf 75' lang='grc' dir='ltr'>τὰ</span> <span class='ocrx_word' id='word_1_169' title='bbox 1689 2121 1812 2195; x_wconf 85' lang='grc' dir='ltr'>περὶ</span> <span class='ocrx_word' id='word_1_170' title='bbox 1850 2119 2058 2175; x_wconf 87' lang='grc' dir='ltr'>τούτων</span> 
     </span>
    </p>
   </div>
   <div class='ocr_carea' id='block_1_24' title="bbox 398 2203 2056 2286">
    <p class='ocr_par' dir='ltr' id='par_1_24' title="bbox 398 2203 2056 2286">
     <span class='ocr_line' id='line_1_25' title="bbox 398 2203 2056 2286; baseline 0.003 -27"><span class='ocrx_word' id='word_1_171' title='bbox 398 2203 642 2279; x_wconf 77' lang='grc' dir='ltr'>ῥήματα·</span> <span class='ocrx_word' id='word_1_172' title='bbox 675 2205 791 2261; x_wconf 79' lang='grc' dir='ltr'>ἐπεὶ</span> <span class='ocrx_word' id='word_1_173' title='bbox 825 2207 925 2262; x_wconf 81' lang='grc' dir='ltr'>οὐκ</span> <span class='ocrx_word' id='word_1_174' title='bbox 955 2207 1013 2262; x_wconf 76' lang='grc' dir='ltr'>ἂν</span> <span class='ocrx_word' id='word_1_175' title='bbox 1067 2206 1316 2286; x_wconf 78' lang='grc' dir='ltr'>σφοδρῶς</span> <span class='ocrx_word' id='word_1_176' title='bbox 1367 2209 1540 2272; x_wconf 74' lang='grc' dir='ltr'>οὕτως</span> <span class='ocrx_word' id='word_1_177' title='bbox 1587 2209 1774 2265; x_wconf 78' lang='grc' dir='ltr'>ἐλύπει</span> <span class='ocrx_word' id='word_1_178' title='bbox 1805 2210 1872 2264; x_wconf 82' lang='grc' dir='ltr'>τά</span> <span class='ocrx_word' id='word_1_179' title='bbox 1919 2209 2056 2284; x_wconf 84' lang='grc' dir='ltr'>πρά-</span> 
     </span>
    </p>
   </div>
   <div class='ocr_carea' id='block_1_25' title="bbox 395 2294 2057 2374">
    <p class='ocr_par' dir='ltr' id='par_1_25' title="bbox 395 2294 2057 2374">
     <span class='ocr_line' id='line_1_26' title="bbox 395 2294 2057 2374; baseline 0.004 -28"><span class='ocrx_word' id='word_1_180' title='bbox 395 2313 598 2368; x_wconf 83' lang='grc' dir='ltr'>γματα’</span> <span class='ocrx_word' id='word_1_181' title='bbox 636 2294 811 2370; x_wconf 81' lang='grc' dir='ltr'>λῆρος</span> <span class='ocrx_word' id='word_1_182' title='bbox 838 2297 975 2368; x_wconf 80' lang='grc' dir='ltr'>ἡμῖν</span> <span class='ocrx_word' id='word_1_183' title='bbox 1008 2296 1288 2371; x_wconf 76' lang='grc' dir='ltr'>ἐνομίζετο</span> <span class='ocrx_word' id='word_1_184' title='bbox 1335 2300 1402 2352; x_wconf 80' lang='grc' dir='ltr'>τά</span> <span class='ocrx_word' id='word_1_185' title='bbox 1430 2303 1521 2352; x_wconf 75' lang='grc' dir='ltr'>νῦν</span> <span class='ocrx_word' id='word_1_186' title='bbox 1571 2300 1732 2372; x_wconf 77' lang='grc' dir='ltr'>ἡμῶν</span> <span class='ocrx_word' id='word_1_187' title='bbox 1765 2299 2057 2374; x_wconf 80' lang='grc' dir='ltr'>συνέχοντα</span> 
     </span>
    </p>
   </div>
   <div class='ocr_carea' id='block_1_26' title="bbox 396 2383 2054 2463">
    <p class='ocr_par' dir='ltr' id='par_1_26' title="bbox 396 2383 2054 2463">
     <span class='ocr_line' id='line_1_27' title="bbox 396 2383 2054 2463; baseline 0.011 -29"><span class='ocrx_word' id='word_1_188' title='bbox 396 2383 498 2451; x_wconf 86' lang='grc' dir='ltr'>τήν</span> <span class='ocrx_word' id='word_1_189' title='bbox 533 2386 699 2453; x_wconf 75' lang='grc' dir='ltr'>ζωήν.</span> <span class='ocrx_word' id='word_1_190' title='bbox 764 2389 940 2442; x_wconf 85' lang='lat'><strong>&#39;1‘0610</strong></span> <span class='ocrx_word' id='word_1_191' title='bbox 993 2392 1233 2462; x_wconf 87' lang='grc' dir='ltr'>συνεχῶς</span> <span class='ocrx_word' id='word_1_192' title='bbox 1294 2385 1587 2461; x_wconf 75' lang='grc' dir='ltr'>ἐπάδομεν·</span> <span class='ocrx_word' id='word_1_193' title='bbox 1647 2389 1712 2442; x_wconf 77' lang='grc' dir='ltr'>Ὢ</span> <span class='ocrx_word' id='word_1_194' title='bbox 1754 2391 1850 2457; x_wconf 69' lang='grc' dir='ltr'>τῆς</span> <span class='ocrx_word' id='word_1_195' title='bbox 1895 2387 2054 2463; x_wconf 73' lang='grc' dir='ltr'>ῥᾳθυ-</span> 
     </span>
    </p>
   </div>
   <div class='ocr_carea' id='block_1_27' title="bbox 405 2470 2052 2552">
    <p class='ocr_par' dir='ltr' id='par_1_27' title="bbox 405 2470 2052 2552">
     <span class='ocr_line' id='line_1_28' title="bbox 405 2470 2052 2552; baseline 0.005 -27"><span class='ocrx_word' id='word_1_196' title='bbox 405 2470 534 2543; x_wconf 90' lang='grc' dir='ltr'>μίας</span> <span class='ocrx_word' id='word_1_197' title='bbox 571 2474 583 2528; x_wconf 86' lang='lat'><strong>!</strong></span> <span class='ocrx_word' id='word_1_198' title='bbox 617 2471 662 2527; x_wconf 82' lang='grc' dir='ltr'>ὢ</span> <span class='ocrx_word' id='word_1_199' title='bbox 709 2481 810 2544; x_wconf 81' lang='grc' dir='ltr'>τῆς</span> <span class='ocrx_word' id='word_1_200' title='bbox 859 2475 1069 2546; x_wconf 86' lang='grc' dir='ltr'>ἀπάτης</span> <span class='ocrx_word' id='word_1_201' title='bbox 1102 2478 1113 2532; x_wconf 88' lang='lat'>!</span> <span class='ocrx_word' id='word_1_202' title='bbox 1150 2474 1194 2530; x_wconf 81' lang='grc' dir='ltr'>ὢ</span> <span class='ocrx_word' id='word_1_203' title='bbox 1239 2482 1348 2531; x_wconf 90' lang='grc' dir='ltr'>τῶν</span> <span class='ocrx_word' id='word_1_204' title='bbox 1393 2482 1572 2532; x_wconf 83' lang='grc' dir='ltr'>κακῶν</span> <span class='ocrx_word' id='word_1_205' title='bbox 1613 2475 2000 2552; x_wconf 62' lang='grc' dir='ltr'>βουλευμάτων</span> <span class='ocrx_word' id='word_1_206' title='bbox 2041 2479 2052 2533; x_wconf 86' lang='lat'><strong>!</strong></span> 
     </span>
    </p>
   </div>
   <div class='ocr_carea' id='block_1_28' title="bbox 401 2558 2053 2641">
    <p class='ocr_par' dir='ltr' id='par_1_28' title="bbox 401 2558 2053 2641">
     <span class='ocr_line' id='line_1_29' title="bbox 401 2558 2053 2641; baseline 0.004 -27"><span class='ocrx_word' id='word_1_207' title='bbox 401 2558 448 2614; x_wconf 83' lang='grc' dir='ltr'><strong>ὢ</strong></span> <span class='ocrx_word' id='word_1_208' title='bbox 496 2566 605 2616; x_wconf 92' lang='grc' dir='ltr'>τῶν</span> <span class='ocrx_word' id='word_1_209' title='bbox 660 2569 917 2634; x_wconf 72' lang='grc' dir='ltr'>πονηρῶν</span> <span class='ocrx_word' id='word_1_210' title='bbox 980 2563 1446 2641; x_wconf 83' lang='grc' dir='ltr'>συναλλαγμάτων</span> <span class='ocrx_word' id='word_1_211' title='bbox 1485 2569 1496 2622; x_wconf 80' lang='grc' dir='ltr'>ί</span> <span class='ocrx_word' id='word_1_212' title='bbox 1529 2568 1574 2638; x_wconf 83' lang='grc' dir='ltr'>ᾧ</span> <span class='ocrx_word' id='word_1_213' title='bbox 1632 2571 1729 2622; x_wconf 81' lang='grc' dir='ltr'>τοῦ</span> <span class='ocrx_word' id='word_1_214' title='bbox 1778 2566 2053 2639; x_wconf 85' lang='grc' dir='ltr'>θαύματος</span> 
     </span>
    </p>
   </div>
   <div class='ocr_carea' id='block_1_29' title="bbox 399 2650 2057 2732">
    <p class='ocr_par' dir='ltr' id='par_1_29' title="bbox 399 2650 2057 2732">
     <span class='ocr_line' id='line_1_30' title="bbox 399 2650 2057 2732; baseline 0.004 -28"><span class='ocrx_word' id='word_1_215' title='bbox 399 2657 504 2719; x_wconf 84' lang='grc' dir='ltr'>τῆς</span> <span class='ocrx_word' id='word_1_216' title='bbox 550 2650 636 2704; x_wconf 82' lang='grc' dir='ltr'>ἐπὶ</span> <span class='ocrx_word' id='word_1_217' title='bbox 680 2651 896 2715; x_wconf 75' lang='grc' dir='ltr'>τούτοις</span> <span class='ocrx_word' id='word_1_218' title='bbox 935 2659 1032 2709; x_wconf 80' lang='lat'>106</span> <span class='ocrx_word' id='word_1_219' title='bbox 1081 2660 1214 2710; x_wconf 72' lang='grc' dir='ltr'>Θεοῦ</span> <span class='ocrx_word' id='word_1_220' title='bbox 1264 2653 1472 2718; x_wconf 78' lang='grc' dir='ltr'>δικαίας</span> <span class='ocrx_word' id='word_1_221' title='bbox 1513 2655 1743 2732; x_wconf 83' lang='grc' dir='ltr'>κρίσεως</span> <span class='ocrx_word' id='word_1_222' title='bbox 1791 2655 1880 2710; x_wconf 81' lang='grc' dir='ltr'>καὶ</span> <span class='ocrx_word' id='word_1_223' title='bbox 1925 2656 2057 2710; x_wconf 85' lang='grc' dir='ltr'>ἀπο-</span> 
     </span>
    </p>
   </div>
   <div class='ocr_carea' id='block_1_30' title="bbox 399 2741 2053 2822">
    <p class='ocr_par' dir='ltr' id='par_1_30' title="bbox 399 2741 2053 2822">
     <span class='ocr_line' id='line_1_31' title="bbox 399 2741 2053 2822; baseline 0.004 -29"><span class='ocrx_word' id='word_1_224' title='bbox 399 2741 664 2816; x_wconf 74' lang='grc' dir='ltr'>φάσεωςί</span> <span class='ocrx_word' id='word_1_225' title='bbox 715 2747 836 2804; x_wconf 86' lang='grc' dir='ltr'>Πῶς</span> <span class='ocrx_word' id='word_1_226' title='bbox 888 2743 1112 2799; x_wconf 73' lang='grc' dir='ltr'>ἑκάστου</span> <span class='ocrx_word' id='word_1_227' title='bbox 1157 2749 1266 2799; x_wconf 91' lang='grc' dir='ltr'>τῶν</span> <span class='ocrx_word' id='word_1_228' title='bbox 1317 2745 1600 2820; x_wconf 79' lang='grc' dir='ltr'>ἡμετέρων</span> <span class='ocrx_word' id='word_1_229' title='bbox 1645 2745 2053 2822; x_wconf 82' lang='grc' dir='ltr'>ἁμαρτημάτων</span> 
     </span>
    </p>
   </div>
   <div class='ocr_carea' id='block_1_31' title="bbox 397 2827 2048 2910">
    <p class='ocr_par' dir='ltr' id='par_1_31' title="bbox 397 2827 2048 2910">
     <span class='ocr_line' id='line_1_32' title="bbox 397 2827 2048 2910; baseline 0.004 -26"><span class='ocrx_word' id='word_1_230' title='bbox 397 2827 580 2892; x_wconf 68' lang='grc' dir='ltr'>ε²’δους</span> <span class='ocrx_word' id='word_1_231' title='bbox 612 2830 921 2909; x_wconf 83' lang='grc' dir='ltr'>πρόσφορον</span> <span class='ocrx_word' id='word_1_232' title='bbox 950 2835 1085 2907; x_wconf 75' lang='grc' dir='ltr'>ἡμῖν</span> <span class='ocrx_word' id='word_1_233' title='bbox 1120 2832 1386 2889; x_wconf 74' lang='grc' dir='ltr'>ἀντέδωκε</span> <span class='ocrx_word' id='word_1_234' title='bbox 1423 2837 1652 2909; x_wconf 79' lang='grc' dir='ltr'>βάσανον</span> <span class='ocrx_word' id='word_1_235' title='bbox 1687 2837 1698 2891; x_wconf 87' lang='lat'><strong>!</strong></span> <span class='ocrx_word' id='word_1_236' title='bbox 1735 2833 1801 2890; x_wconf 83' lang='grc' dir='ltr'>δι’</span> <span class='ocrx_word' id='word_1_237' title='bbox 1832 2835 2048 2910; x_wconf 67' lang='grc' dir='ltr'>οἰκτρὰν</span> 
     </span>
    </p>
   </div>
   <div class='ocr_carea' id='block_1_32' title="bbox 393 2918 2050 3000">
    <p class='ocr_par' dir='ltr' id='par_1_32' title="bbox 393 2918 2050 3000">
     <span class='ocr_line' id='line_1_33' title="bbox 393 2918 2050 3000; baseline 0.004 -28"><span class='ocrx_word' id='word_1_238' title='bbox 393 2918 501 2993; x_wconf 78' lang='grc' dir='ltr'>γὰρ</span> <span class='ocrx_word' id='word_1_239' title='bbox 535 2920 624 2974; x_wconf 79' lang='grc' dir='ltr'>καὶ</span> <span class='ocrx_word' id='word_1_240' title='bbox 659 2920 997 2977; x_wconf 85' lang='grc' dir='ltr'>ἀπόπτυστον</span> <span class='ocrx_word' id='word_1_241' title='bbox 1051 2923 1244 2997; x_wconf 84' lang='grc' dir='ltr'>σαρκὸς</span> <span class='ocrx_word' id='word_1_242' title='bbox 1287 2921 1514 2993; x_wconf 76' lang='grc' dir='ltr'>ἡδονὴν,</span> <span class='ocrx_word' id='word_1_243' title='bbox 1543 2925 1744 2995; x_wconf 84' lang='grc' dir='ltr'>ταύτην</span> <span class='ocrx_word' id='word_1_244' title='bbox 1777 2923 1920 3000; x_wconf 76' lang='grc' dir='ltr'>ἔχειν</span> <span class='ocrx_word' id='word_1_245' title='bbox 1952 2925 2050 2993; x_wconf 80' lang='grc' dir='ltr'>τὴν</span> 
     </span>
    </p>
   </div>
   <div class='ocr_carea' id='block_1_33' title="bbox 393 3003 2048 3092">
    <p class='ocr_par' dir='ltr' id='par_1_33' title="bbox 393 3003 2048 3092">
     <span class='ocr_line' id='line_1_34' title="bbox 393 3003 2048 3092; baseline 0.004 -30"><span class='ocrx_word' id='word_1_246' title='bbox 393 3003 629 3085; x_wconf 76' lang='grc' dir='ltr'>φοϐερὰν</span> <span class='ocrx_word' id='word_1_247' title='bbox 664 3007 887 3072; x_wconf 83' lang='grc' dir='ltr'>δικαίως</span> <span class='ocrx_word' id='word_1_248' title='bbox 931 3013 1323 3086; x_wconf 82' lang='grc' dir='ltr'>κατεκρίθημεν</span> <span class='ocrx_word' id='word_1_249' title='bbox 1377 3014 1607 3088; x_wconf 76' lang='grc' dir='ltr'>γέεννανο</span> <span class='ocrx_word' id='word_1_250' title='bbox 1640 3015 1730 3068; x_wconf 82' lang='grc' dir='ltr'>τὸν</span> <span class='ocrx_word' id='word_1_251' title='bbox 1767 3015 1925 3092; x_wconf 81' lang='grc' dir='ltr'>ζόφον</span> <span class='ocrx_word' id='word_1_252' title='bbox 1958 3015 2048 3068; x_wconf 80' lang='grc' dir='ltr'>καὶ</span> 
     </span>
    </p>
   </div>
   <div class='ocr_carea' id='block_1_34' title="bbox 388 3097 2044 3178">
    <p class='ocr_par' dir='ltr' id='par_1_34' title="bbox 388 3097 2044 3178">
     <span class='ocr_line' id='line_1_35' title="bbox 388 3097 2044 3178; baseline 0.003 -27"><span class='ocrx_word' id='word_1_253' title='bbox 388 3097 456 3151; x_wconf 86' lang='grc' dir='ltr'>τὸ</span> <span class='ocrx_word' id='word_1_254' title='bbox 490 3098 685 3160; x_wconf 75' lang='grc' dir='ltr'>σκότος</span> <span class='ocrx_word' id='word_1_255' title='bbox 713 3100 875 3154; x_wconf 78' lang='grc' dir='ltr'>τοῦτο</span> <span class='ocrx_word' id='word_1_256' title='bbox 899 3099 1064 3155; x_wconf 76' lang='grc' dir='ltr'>οἷ’κεῖν</span> <span class='ocrx_word' id='word_1_257' title='bbox 1096 3101 1514 3177; x_wconf 84' lang='grc' dir='ltr'>κατεκρίθημεν,</span> <span class='ocrx_word' id='word_1_258' title='bbox 1548 3100 1768 3172; x_wconf 81' lang='grc' dir='ltr'>Ἐπειδή</span> <span class='ocrx_word' id='word_1_259' title='bbox 1825 3105 2044 3178; x_wconf 77' lang='grc' dir='ltr'>ἠγαπή-</span> 
     </span>
    </p>
   </div>
   <div class='ocr_carea' id='block_1_35' title="bbox 390 3188 2045 3266">
    <p class='ocr_par' dir='ltr' id='par_1_35' title="bbox 390 3188 2045 3266">
     <span class='ocr_line' id='line_1_36' title="bbox 390 3188 2045 3266; baseline 0.003 -26"><span class='ocrx_word' id='word_1_260' title='bbox 390 3207 565 3260; x_wconf 85' lang='grc' dir='ltr'>σαμεν</span> <span class='ocrx_word' id='word_1_261' title='bbox 595 3189 769 3243; x_wconf 85' lang='grc' dir='ltr'>πάντα</span> <span class='ocrx_word' id='word_1_262' title='bbox 797 3188 864 3244; x_wconf 86' lang='grc' dir='ltr'>τά</span> <span class='ocrx_word' id='word_1_263' title='bbox 893 3188 1118 3266; x_wconf 82' lang='grc' dir='ltr'>αίσχρά,</span> <span class='ocrx_word' id='word_1_264' title='bbox 1165 3191 1255 3244; x_wconf 84' lang='grc' dir='ltr'>καὶ</span> <span class='ocrx_word' id='word_1_265' title='bbox 1304 3193 1520 3246; x_wconf 89' lang='grc' dir='ltr'>πάντων</span> <span class='ocrx_word' id='word_1_266' title='bbox 1571 3193 1713 3265; x_wconf 77' lang='grc' dir='ltr'>ὁμοῦ</span> <span class='ocrx_word' id='word_1_267' title='bbox 1741 3197 1851 3246; x_wconf 91' lang='grc' dir='ltr'>τῶν</span> <span class='ocrx_word' id='word_1_268' title='bbox 1887 3191 2045 3255; x_wconf 83' lang='grc' dir='ltr'>θείων</span> 
     </span>
    </p>
   </div>
   <div class='ocr_carea' id='block_1_36' title="bbox 2181 604 3834 680">
    <p class='ocr_par' dir='ltr' id='par_1_36' title="bbox 2181 604 3834 680">
     <span class='ocr_line' id='line_1_37' title="bbox 2181 604 3834 680; baseline 0.001 -21"><span class='ocrx_word' id='word_1_269' title='bbox 2181 604 2491 673; x_wconf 84' lang='lat' dir='ltr'>quamdam</span> <span class='ocrx_word' id='word_1_270' title='bbox 2523 607 2851 661; x_wconf 80' lang='lat' dir='ltr'>sanctitatis</span> <span class='ocrx_word' id='word_1_271' title='bbox 2883 607 3247 662; x_wconf 86' lang='lat' dir='ltr'>mercedem:</span> <span class='ocrx_word' id='word_1_272' title='bbox 3283 613 3637 680; x_wconf 83' lang='lat' dir='ltr'>quapropter</span> <span class='ocrx_word' id='word_1_273' title='bbox 3658 609 3834 663; x_wconf 79' lang='lat' dir='ltr'>semi-</span> 
     </span>
    </p>
   </div>
   <div class='ocr_carea' id='block_1_37' title="bbox 2181 692 3834 769">
    <p class='ocr_par' dir='ltr' id='par_1_37' title="bbox 2181 692 3834 769">
     <span class='ocr_line' id='line_1_38' title="bbox 2181 692 3834 769; baseline 0.005 -24"><span class='ocrx_word' id='word_1_274' title='bbox 2181 692 2606 765; x_wconf 86' lang='lat' dir='ltr'>tisiniquitatis</span> <span class='ocrx_word' id='word_1_275' title='bbox 2630 695 2833 766; x_wconf 90' lang='lat' dir='ltr'>repleti</span> <span class='ocrx_word' id='word_1_276' title='bbox 2868 713 3096 750; x_wconf 89' lang='lat' dir='ltr'>sumus.</span> <span class='ocrx_word' id='word_1_277' title='bbox 3121 697 3563 752; x_wconf 89' lang='lat' dir='ltr'>Ambulavimus</span> <span class='ocrx_word' id='word_1_278' title='bbox 3587 715 3688 769; x_wconf 90' lang='lat' dir='ltr'>per</span> <span class='ocrx_word' id='word_1_279' title='bbox 3707 699 3834 754; x_wconf 91' lang='lat' dir='ltr'>vias</span> 
     </span>
    </p>
   </div>
   <div class='ocr_carea' id='block_1_38' title="bbox 2181 781 3830 850">
    <p class='ocr_par' dir='ltr' id='par_1_38' title="bbox 2181 781 3830 850">
     <span class='ocr_line' id='line_1_39' title="bbox 2181 781 3830 850; baseline 0.004 -15"><span class='ocrx_word' id='word_1_280' title='bbox 2181 781 2531 850; x_wconf 70' lang='lat' dir='ltr'>inaccessas,</span> <span class='ocrx_word' id='word_1_281' title='bbox 2567 785 2775 838; x_wconf 67' lang='lat' dir='ltr'>divinae</span> <span class='ocrx_word' id='word_1_282' title='bbox 2809 784 3034 838; x_wconf 82' lang='lat' dir='ltr'>scilicet</span> <span class='ocrx_word' id='word_1_283' title='bbox 3063 784 3411 850; x_wconf 88' lang='lat' dir='ltr'>visitationi,</span> <span class='ocrx_word' id='word_1_284' title='bbox 3445 786 3594 840; x_wconf 91' lang='lat' dir='ltr'>viam</span> <span class='ocrx_word' id='word_1_285' title='bbox 3638 793 3830 841; x_wconf 89' lang='lat' dir='ltr'>autem</span> 
     </span>
    </p>
   </div>
   <div class='ocr_carea' id='block_1_39' title="bbox 2182 870 3834 946">
    <p class='ocr_par' dir='ltr' id='par_1_39' title="bbox 2182 870 3834 946">
     <span class='ocr_line' id='line_1_40' title="bbox 2182 870 3834 946; baseline 0.004 -22"><span class='ocrx_word' id='word_1_286' title='bbox 2182 870 2409 925; x_wconf 90' lang='lat' dir='ltr'>Domini</span> <span class='ocrx_word' id='word_1_287' title='bbox 2444 871 2866 942; x_wconf 84' lang='lat' dir='ltr'>ignoravimus.</span> <span class='ocrx_word' id='word_1_288' title='bbox 2897 874 3110 944; x_wconf 72' lang='lat' dir='ltr'>Ecquze</span> <span class='ocrx_word' id='word_1_289' title='bbox 3139 873 3249 927; x_wconf 61' lang='lat' dir='ltr'>illae</span> <span class='ocrx_word' id='word_1_290' title='bbox 3282 874 3493 928; x_wconf 74' lang='lat' dir='ltr'>divitiae</span> <span class='ocrx_word' id='word_1_291' title='bbox 3523 892 3670 946; x_wconf 87' lang='lat' dir='ltr'>quas</span> <span class='ocrx_word' id='word_1_292' title='bbox 3701 893 3834 931; x_wconf 91' lang='lat' dir='ltr'>cum</span> 
     </span>
    </p>
   </div>
   <div class='ocr_carea' id='block_1_40' title="bbox 2181 960 3836 1036">
    <p class='ocr_par' dir='ltr' id='par_1_40' title="bbox 2181 960 3836 1036">
     <span class='ocr_line' id='line_1_41' title="bbox 2181 960 3836 1036; baseline 0.004 -24"><span class='ocrx_word' id='word_1_293' title='bbox 2181 960 2515 1031; x_wconf 77' lang='lat' dir='ltr'>arrogantia</span> <span class='ocrx_word' id='word_1_294' title='bbox 2548 961 3249 1017; x_wconf 71' lang='lat' dir='ltr'>accumulavimus‘IHrec</span> <span class='ocrx_word' id='word_1_295' title='bbox 3281 964 3476 1018; x_wconf 84' lang='lat' dir='ltr'>omnia</span> <span class='ocrx_word' id='word_1_296' title='bbox 3510 964 3674 1036; x_wconf 89' lang='lat' dir='ltr'>quasi</span> <span class='ocrx_word' id='word_1_297' title='bbox 3711 983 3836 1019; x_wconf 84' lang='lat' dir='ltr'>um-</span> 
     </span>
    </p>
   </div>
   <div class='ocr_carea' id='block_1_41' title="bbox 2179 1049 3832 1123">
    <p class='ocr_par' dir='ltr' id='par_1_41' title="bbox 2179 1049 3832 1123">
     <span class='ocr_line' id='line_1_42' title="bbox 2179 1049 3832 1123; baseline 0.003 -20"><span class='ocrx_word' id='word_1_298' title='bbox 2179 1049 2280 1104; x_wconf 88' lang='lat' dir='ltr'>bra</span> <span class='ocrx_word' id='word_1_299' title='bbox 2311 1050 2597 1104; x_wconf 76' lang='lat' dir='ltr'>transiere</span> <span class='ocrx_word' id='word_1_300' title='bbox 2627 1055 2681 1106; x_wconf 89' lang='lat' dir='ltr'>et</span> <span class='ocrx_word' id='word_1_301' title='bbox 2713 1051 2876 1120; x_wconf 88' lang='lat' dir='ltr'>quasi</span> <span class='ocrx_word' id='word_1_302' title='bbox 2922 1052 3192 1106; x_wconf 88' lang='lat' dir='ltr'>nuntium</span> <span class='ocrx_word' id='word_1_303' title='bbox 3227 1052 3574 1123; x_wconf 70' lang='lat' dir='ltr'>praeteriere,</span> <span class='ocrx_word' id='word_1_304' title='bbox 3609 1071 3832 1108; x_wconf 79' lang='lat' dir='ltr'>necnon</span> 
     </span>
    </p>
   </div>
   <div class='ocr_carea' id='block_1_42' title="bbox 2179 1140 3834 1213">
    <p class='ocr_par' dir='ltr' id='par_1_42' title="bbox 2179 1140 3834 1213">
     <span class='ocr_line' id='line_1_43' title="bbox 2179 1140 3834 1213; baseline 0.002 -20"><span class='ocrx_word' id='word_1_305' title='bbox 2179 1140 2347 1210; x_wconf 83' lang='lat' dir='ltr'>quasi</span> <span class='ocrx_word' id='word_1_306' title='bbox 2380 1140 2544 1194; x_wconf 89' lang='lat' dir='ltr'>navis</span> <span class='ocrx_word' id='word_1_307' title='bbox 2595 1141 2812 1195; x_wconf 85' lang='lat' dir='ltr'>undam</span> <span class='ocrx_word' id='word_1_308' title='bbox 2846 1156 3052 1195; x_wconf 86' lang='lat' dir='ltr'>secans</span> <span class='ocrx_word' id='word_1_309' title='bbox 3101 1141 3403 1211; x_wconf 84' lang='lat' dir='ltr'>agitatam,</span> <span class='ocrx_word' id='word_1_310' title='bbox 3440 1159 3554 1212; x_wconf 89' lang='lat' dir='ltr'>qua</span> <span class='ocrx_word' id='word_1_311' title='bbox 3598 1147 3834 1213; x_wconf 68' lang='lat' dir='ltr'>praeter-</span> 
     </span>
    </p>
   </div>
   <div class='ocr_carea' id='block_1_43' title="bbox 2175 1229 3834 1301">
    <p class='ocr_par' dir='ltr' id='par_1_43' title="bbox 2175 1229 3834 1301">
     <span class='ocr_line' id='line_1_44' title="bbox 2175 1229 3834 1301; baseline 0.003 -19"><span class='ocrx_word' id='word_1_312' title='bbox 2175 1244 2397 1300; x_wconf 89' lang='lat' dir='ltr'>gressa,</span> <span class='ocrx_word' id='word_1_313' title='bbox 2432 1229 2661 1283; x_wconf 89' lang='lat' dir='ltr'>nullum</span> <span class='ocrx_word' id='word_1_314' title='bbox 2715 1237 3014 1300; x_wconf 87' lang='lat' dir='ltr'>comparet</span> <span class='ocrx_word' id='word_1_315' title='bbox 3044 1231 3377 1301; x_wconf 87' lang='lat' dir='ltr'>vestigium,</span> <span class='ocrx_word' id='word_1_316' title='bbox 3411 1230 3569 1285; x_wconf 88' lang='lat' dir='ltr'>nulla</span> <span class='ocrx_word' id='word_1_317' title='bbox 3622 1233 3834 1287; x_wconf 84' lang='lat' dir='ltr'>semita</span> 
     </span>
    </p>
   </div>
   <div class='ocr_carea' id='block_1_44' title="bbox 2173 1317 3830 1391">
    <p class='ocr_par' dir='ltr' id='par_1_44' title="bbox 2173 1317 3830 1391">
     <span class='ocr_line' id='line_1_45' title="bbox 2173 1317 3830 1391; baseline 0.004 -20"><span class='ocrx_word' id='word_1_318' title='bbox 2173 1317 2233 1372; x_wconf 91' lang='lat' dir='ltr'>in</span> <span class='ocrx_word' id='word_1_319' title='bbox 2267 1320 2542 1372; x_wconf 79' lang='lat' dir='ltr'>ﬂuctibus</span> <span class='ocrx_word' id='word_1_320' title='bbox 2591 1318 2969 1388; x_wconf 88' lang='lat' dir='ltr'>conspicitur.</span> <span class='ocrx_word' id='word_1_321' title='bbox 3007 1319 3107 1373; x_wconf 77' lang='lat' dir='ltr'>Vel</span> <span class='ocrx_word' id='word_1_322' title='bbox 3140 1321 3292 1374; x_wconf 88' lang='lat' dir='ltr'>sicut</span> <span class='ocrx_word' id='word_1_323' title='bbox 3342 1322 3463 1375; x_wconf 91' lang='lat' dir='ltr'>avis</span> <span class='ocrx_word' id='word_1_324' title='bbox 3495 1338 3597 1391; x_wconf 84' lang='lat' dir='ltr'>per</span> <span class='ocrx_word' id='word_1_325' title='bbox 3637 1338 3830 1377; x_wconf 83' lang='lat' dir='ltr'>aerem</span> 
     </span>
    </p>
   </div>
   <div class='ocr_carea' id='block_1_45' title="bbox 2174 1407 3828 1479">
    <p class='ocr_par' dir='ltr' id='par_1_45' title="bbox 2174 1407 3828 1479">
     <span class='ocr_line' id='line_1_46' title="bbox 2174 1407 3828 1479; baseline 0.001 -17"><span class='ocrx_word' id='word_1_326' title='bbox 2174 1407 2421 1462; x_wconf 87' lang='lat' dir='ltr'>volantis</span> <span class='ocrx_word' id='word_1_327' title='bbox 2447 1407 2667 1462; x_wconf 88' lang='lat' dir='ltr'>nullum</span> <span class='ocrx_word' id='word_1_328' title='bbox 2693 1407 2922 1462; x_wconf 86' lang='lat' dir='ltr'>volatus</span> <span class='ocrx_word' id='word_1_329' title='bbox 2943 1409 3232 1479; x_wconf 88' lang='lat' dir='ltr'>reperitur</span> <span class='ocrx_word' id='word_1_330' title='bbox 3260 1411 3518 1479; x_wconf 85' lang='lat' dir='ltr'>signum.</span> <span class='ocrx_word' id='word_1_331' title='bbox 3543 1410 3673 1465; x_wconf 63' lang='lat' dir='ltr'>Haec</span> <span class='ocrx_word' id='word_1_332' title='bbox 3696 1428 3828 1466; x_wconf 91' lang='lat' dir='ltr'>om-</span> 
     </span>
    </p>
   </div>
   <div class='ocr_carea' id='block_1_46' title="bbox 2175 1496 3830 1570">
    <p class='ocr_par' dir='ltr' id='par_1_46' title="bbox 2175 1496 3830 1570">
     <span class='ocr_line' id='line_1_47' title="bbox 2175 1496 3830 1570; baseline 0.003 -20"><span class='ocrx_word' id='word_1_333' title='bbox 2175 1497 2272 1551; x_wconf 91' lang='lat' dir='ltr'>nia</span> <span class='ocrx_word' id='word_1_334' title='bbox 2319 1496 2620 1565; x_wconf 87' lang='lat' dir='ltr'>transiere,</span> <span class='ocrx_word' id='word_1_335' title='bbox 2668 1497 2955 1567; x_wconf 79' lang='lat' dir='ltr'>nobisque</span> <span class='ocrx_word' id='word_1_336' title='bbox 3004 1514 3107 1568; x_wconf 89' lang='lat' dir='ltr'>pro</span> <span class='ocrx_word' id='word_1_337' title='bbox 3159 1497 3493 1554; x_wconf 69' lang='lat' dir='ltr'>haereditate</span> <span class='ocrx_word' id='word_1_338' title='bbox 3544 1499 3830 1570; x_wconf 90' lang='lat' dir='ltr'>reliquere</span> 
     </span>
    </p>
   </div>
   <div class='ocr_carea' id='block_1_47' title="bbox 2173 1585 3830 1658">
    <p class='ocr_par' dir='ltr' id='par_1_47' title="bbox 2173 1585 3830 1658">
     <span class='ocr_line' id='line_1_48' title="bbox 2173 1585 3830 1658; baseline 0.002 -18"><span class='ocrx_word' id='word_1_339' title='bbox 2173 1585 2329 1640; x_wconf 88' lang='lat' dir='ltr'>hunc</span> <span class='ocrx_word' id='word_1_340' title='bbox 2351 1586 2542 1657; x_wconf 85' lang='lat' dir='ltr'>ignem</span> <span class='ocrx_word' id='word_1_341' title='bbox 2570 1603 2671 1658; x_wconf 90' lang='lat' dir='ltr'>per</span> <span class='ocrx_word' id='word_1_342' title='bbox 2692 1586 2890 1640; x_wconf 89' lang='lat' dir='ltr'>omnia</span> <span class='ocrx_word' id='word_1_343' title='bbox 2906 1586 3120 1641; x_wconf 67' lang='lat' dir='ltr'>saecula</span> <span class='ocrx_word' id='word_1_344' title='bbox 3141 1588 3830 1658; x_wconf 82' lang='lat' dir='ltr'>perdurantem.Justum</span> 
     </span>
    </p>
   </div>
   <div class='ocr_carea' id='block_1_48' title="bbox 2172 1675 3828 1744">
    <p class='ocr_par' dir='ltr' id='par_1_48' title="bbox 2172 1675 3828 1744">
     <span class='ocr_line' id='line_1_49' title="bbox 2172 1675 3828 1744; baseline 0.002 -15"><span class='ocrx_word' id='word_1_345' title='bbox 2172 1679 2262 1729; x_wconf 81' lang='lat' dir='ltr'>est</span> <span class='ocrx_word' id='word_1_346' title='bbox 2287 1675 2576 1744; x_wconf 85' lang='lat' dir='ltr'>judicium</span> <span class='ocrx_word' id='word_1_347' title='bbox 2614 1680 2803 1740; x_wconf 87' lang='lat' dir='ltr'>tuum,</span> <span class='ocrx_word' id='word_1_348' title='bbox 2843 1679 3024 1742; x_wconf 89' lang='lat' dir='ltr'>Deus;</span> <span class='ocrx_word' id='word_1_349' title='bbox 3058 1675 3180 1729; x_wconf 70' lang='lat' dir='ltr'>hinc</span> <span class='ocrx_word' id='word_1_350' title='bbox 3219 1676 3375 1730; x_wconf 90' lang='lat' dir='ltr'>enim</span> <span class='ocrx_word' id='word_1_351' title='bbox 3410 1677 3640 1731; x_wconf 84' lang='lat' dir='ltr'>dicendi</span> <span class='ocrx_word' id='word_1_352' title='bbox 3677 1695 3828 1732; x_wconf 88' lang='lat' dir='ltr'>nun-</span> 
     </span>
    </p>
   </div>
   <div class='ocr_carea' id='block_1_49' title="bbox 2171 1764 3830 1835">
    <p class='ocr_par' dir='ltr' id='par_1_49' title="bbox 2171 1764 3830 1835">
     <span class='ocr_line' id='line_1_50' title="bbox 2171 1764 3830 1835; baseline 0.002 -18"><span class='ocrx_word' id='word_1_353' title='bbox 2171 1779 2348 1835; x_wconf 84' lang='lat' dir='ltr'>quam</span> <span class='ocrx_word' id='word_1_354' title='bbox 2383 1764 2658 1834; x_wconf 86' lang='lat' dir='ltr'>deinceps</span> <span class='ocrx_word' id='word_1_355' title='bbox 2689 1764 2862 1818; x_wconf 85' lang='lat' dir='ltr'>finem</span> <span class='ocrx_word' id='word_1_356' title='bbox 2897 1764 3182 1820; x_wconf 81' lang='lat' dir='ltr'>faciemus</span> <span class='ocrx_word' id='word_1_357' title='bbox 3216 1780 3228 1816; x_wconf 92' lang='lat'><strong>:</strong></span> <span class='ocrx_word' id='word_1_358' title='bbox 3259 1765 3444 1819; x_wconf 90' lang='lat' dir='ltr'>vocati</span> <span class='ocrx_word' id='word_1_359' title='bbox 3484 1782 3830 1830; x_wconf 83' lang='lat' dir='ltr'>sumus,nec</span> 
     </span>
    </p>
   </div>
   <div class='ocr_carea' id='block_1_50' title="bbox 2171 1853 3824 1924">
    <p class='ocr_par' dir='ltr' id='par_1_50' title="bbox 2171 1853 3824 1924">
     <span class='ocr_line' id='line_1_51' title="bbox 2171 1853 3824 1924; baseline 0.004 -18"><span class='ocrx_word' id='word_1_360' title='bbox 2171 1853 2728 1924; x_wconf 87' lang='lat' dir='ltr'>obtemperavimus,</span> <span class='ocrx_word' id='word_1_361' title='bbox 2762 1853 2969 1908; x_wconf 87' lang='lat' dir='ltr'>moniti</span> <span class='ocrx_word' id='word_1_362' title='bbox 3020 1853 3242 1909; x_wconf 83' lang='lat' dir='ltr'>fuimus</span> <span class='ocrx_word' id='word_1_363' title='bbox 3287 1871 3390 1908; x_wconf 90' lang='lat' dir='ltr'>nec</span> <span class='ocrx_word' id='word_1_364' title='bbox 3440 1855 3824 1912; x_wconf 89' lang='lat' dir='ltr'>attendimus.</span> 
     </span>
    </p>
   </div>
   <div class='ocr_carea' id='block_1_51' title="bbox 2171 1942 3826 2014">
    <p class='ocr_par' dir='ltr' id='par_1_51' title="bbox 2171 1942 3826 2014">
     <span class='ocr_line' id='line_1_52' title="bbox 2171 1942 3826 2014; baseline 0.002 -17"><span class='ocrx_word' id='word_1_365' title='bbox 2171 1942 2538 1997; x_wconf 90' lang='lat' dir='ltr'>Docebamur</span> <span class='ocrx_word' id='word_1_366' title='bbox 2585 1942 2847 2014; x_wconf 88' lang='lat' dir='ltr'>quotidie</span> <span class='ocrx_word' id='word_1_367' title='bbox 2893 1943 3236 2012; x_wconf 90' lang='lat' dir='ltr'>hujusmodi</span> <span class='ocrx_word' id='word_1_368' title='bbox 3269 1945 3389 1999; x_wconf 83' lang='lat' dir='ltr'>fore</span> <span class='ocrx_word' id='word_1_369' title='bbox 3421 1961 3736 2006; x_wconf 83' lang='lat' dir='ltr'>aerumnas.</span> <span class='ocrx_word' id='word_1_370' title='bbox 3768 1949 3826 2001; x_wconf 88' lang='lat' dir='ltr'>et</span> 
     </span>
    </p>
   </div>
   <div class='ocr_carea' id='block_1_52' title="bbox 2167 2031 3822 2104">
    <p class='ocr_par' dir='ltr' id='par_1_52' title="bbox 2167 2031 3822 2104">
     <span class='ocr_line' id='line_1_53' title="bbox 2167 2031 3822 2104; baseline 0.002 -18"><span class='ocrx_word' id='word_1_371' title='bbox 2167 2031 2321 2086; x_wconf 91' lang='lat' dir='ltr'>dicta</span> <span class='ocrx_word' id='word_1_372' title='bbox 2369 2031 2712 2102; x_wconf 87' lang='lat' dir='ltr'>hujusmodi</span> <span class='ocrx_word' id='word_1_373' title='bbox 2763 2032 3256 2102; x_wconf 86' lang='lat' dir='ltr'>despiciebamus,</span> <span class='ocrx_word' id='word_1_374' title='bbox 3287 2049 3475 2104; x_wconf 91' lang='lat' dir='ltr'>neque</span> <span class='ocrx_word' id='word_1_375' title='bbox 3523 2034 3690 2090; x_wconf 93' lang='lat' dir='ltr'>nobis</span> <span class='ocrx_word' id='word_1_376' title='bbox 3721 2034 3822 2089; x_wconf 88' lang='lat' dir='ltr'>isti</span> 
     </span>
    </p>
   </div>
   <div class='ocr_carea' id='block_1_53' title="bbox 2166 2120 3823 2194">
    <p class='ocr_par' dir='ltr' id='par_1_53' title="bbox 2166 2120 3823 2194">
     <span class='ocr_line' id='line_1_54' title="bbox 2166 2120 3823 2194; baseline 0.002 -18"><span class='ocrx_word' id='word_1_377' title='bbox 2166 2137 2468 2177; x_wconf 85' lang='lat' dir='ltr'>sermones</span> <span class='ocrx_word' id='word_1_378' title='bbox 2501 2121 2587 2174; x_wconf 90' lang='lat' dir='ltr'>vel</span> <span class='ocrx_word' id='word_1_379' title='bbox 2618 2120 2930 2175; x_wconf 87' lang='lat' dir='ltr'>minimum</span> <span class='ocrx_word' id='word_1_380' title='bbox 2978 2121 3259 2176; x_wconf 67' lang='lat' dir='ltr'>molestiae</span> <span class='ocrx_word' id='word_1_381' title='bbox 3290 2122 3646 2190; x_wconf 81' lang='lat' dir='ltr'>atl‘erebant;</span> <span class='ocrx_word' id='word_1_382' title='bbox 3682 2125 3823 2194; x_wconf 87' lang='lat' dir='ltr'>quia</span> 
     </span>
    </p>
   </div>
   <div class='ocr_carea' id='block_1_54' title="bbox 2167 2209 3822 2283">
    <p class='ocr_par' dir='ltr' id='par_1_54' title="bbox 2167 2209 3822 2283">
     <span class='ocr_line' id='line_1_55' title="bbox 2167 2209 3822 2283; baseline 0.002 -19"><span class='ocrx_word' id='word_1_383' title='bbox 2167 2225 2272 2264; x_wconf 88' lang='lat' dir='ltr'>nec</span> <span class='ocrx_word' id='word_1_384' title='bbox 2293 2209 2433 2281; x_wconf 68' lang='lat' dir='ltr'>ipsa</span> <span class='ocrx_word' id='word_1_385' title='bbox 2457 2227 2548 2264; x_wconf 90' lang='lat' dir='ltr'>res</span> <span class='ocrx_word' id='word_1_386' title='bbox 2581 2210 2748 2264; x_wconf 91' lang='lat' dir='ltr'>nobis</span> <span class='ocrx_word' id='word_1_387' title='bbox 2781 2210 3099 2264; x_wconf 89' lang='lat' dir='ltr'>admodum</span> <span class='ocrx_word' id='word_1_388' title='bbox 3135 2209 3392 2265; x_wconf 74' lang='lat' dir='ltr'>molestae</span> <span class='ocrx_word' id='word_1_389' title='bbox 3423 2216 3626 2266; x_wconf 87' lang='lat' dir='ltr'>erant:</span> <span class='ocrx_word' id='word_1_390' title='bbox 3657 2229 3822 2283; x_wconf 61' lang='lat' dir='ltr'>nugae</span> 
     </span>
    </p>
   </div>
   <div class='ocr_carea' id='block_1_55' title="bbox 2166 2299 3826 2371">
    <p class='ocr_par' dir='ltr' id='par_1_55' title="bbox 2166 2299 3826 2371">
     <span class='ocr_line' id='line_1_56' title="bbox 2166 2299 3826 2371; baseline 0.002 -18"><span class='ocrx_word' id='word_1_391' title='bbox 2166 2299 2513 2354; x_wconf 86' lang='lat' dir='ltr'>videbantur</span> <span class='ocrx_word' id='word_1_392' title='bbox 2543 2299 2711 2354; x_wconf 89' lang='lat' dir='ltr'>nobis</span> <span class='ocrx_word' id='word_1_393' title='bbox 2761 2315 2888 2353; x_wconf 86' lang='lat' dir='ltr'>esse</span> <span class='ocrx_word' id='word_1_394' title='bbox 2918 2315 3043 2369; x_wconf 75' lang='lat' dir='ltr'>quae</span> <span class='ocrx_word' id='word_1_395' title='bbox 3067 2300 3193 2368; x_wconf 78' lang='lat' dir='ltr'>jam</span> <span class='ocrx_word' id='word_1_396' title='bbox 3230 2304 3491 2354; x_wconf 87' lang='lat' dir='ltr'>nostram</span> <span class='ocrx_word' id='word_1_397' title='bbox 3535 2308 3826 2371; x_wconf 77' lang='lat' dir='ltr'>occupant</span> 
     </span>
    </p>
   </div>
   <div class='ocr_carea' id='block_1_56' title="bbox 2165 2387 3822 2460">
    <p class='ocr_par' dir='ltr' id='par_1_56' title="bbox 2165 2387 3822 2460">
     <span class='ocr_line' id='line_1_57' title="bbox 2165 2387 3822 2460; baseline -0.001 -17"><span class='ocrx_word' id='word_1_398' title='bbox 2165 2388 2495 2443; x_wconf 84' lang='lat' dir='ltr'>vitam.Hoc</span> <span class='ocrx_word' id='word_1_399' title='bbox 2516 2388 2785 2442; x_wconf 87' lang='lat' dir='ltr'>canimus</span> <span class='ocrx_word' id='word_1_400' title='bbox 2807 2388 3042 2442; x_wconf 84' lang='lat' dir='ltr'>assidue</span> <span class='ocrx_word' id='word_1_401' title='bbox 3069 2404 3080 2440; x_wconf 89' lang='lat'>:</span> <span class='ocrx_word' id='word_1_402' title='bbox 3107 2387 3149 2441; x_wconf 94' lang='grc' dir='ltr'>Ο</span> <span class='ocrx_word' id='word_1_403' title='bbox 3173 2387 3591 2460; x_wconf 81' lang='lat' dir='ltr'>negligentiam</span> <span class='ocrx_word' id='word_1_404' title='bbox 3622 2388 3632 2441; x_wconf 85' lang='lat'><strong>!</strong></span> <span class='ocrx_word' id='word_1_405' title='bbox 3660 2407 3690 2442; x_wconf 92' lang='lat' dir='ltr'>o</span> <span class='ocrx_word' id='word_1_406' title='bbox 3717 2389 3822 2443; x_wconf 84' lang='lat' dir='ltr'>fal-</span> 
     </span>
    </p>
   </div>
   <div class='ocr_carea' id='block_1_57' title="bbox 2166 2476 3818 2547">
    <p class='ocr_par' dir='ltr' id='par_1_57' title="bbox 2166 2476 3818 2547">
     <span class='ocr_line' id='line_1_58' title="bbox 2166 2476 3818 2547; baseline 0.001 -17"><span class='ocrx_word' id='word_1_407' title='bbox 2166 2477 2376 2531; x_wconf 89' lang='lat' dir='ltr'>laciam</span> <span class='ocrx_word' id='word_1_408' title='bbox 2403 2477 2414 2531; x_wconf 81' lang='lat' dir='ltr'>i</span> <span class='ocrx_word' id='word_1_409' title='bbox 2440 2495 2471 2531; x_wconf 94' lang='grc' dir='ltr'>ο</span> <span class='ocrx_word' id='word_1_410' title='bbox 2493 2493 2668 2547; x_wconf 86' lang='lat' dir='ltr'>prava</span> <span class='ocrx_word' id='word_1_411' title='bbox 2685 2477 2930 2532; x_wconf 88' lang='lat' dir='ltr'>consilia</span> <span class='ocrx_word' id='word_1_412' title='bbox 2959 2476 2970 2530; x_wconf 75' lang='grc' dir='ltr'><em>Ξ</em></span> <span class='ocrx_word' id='word_1_413' title='bbox 2998 2494 3030 2531; x_wconf 93' lang='lat' dir='ltr'>o</span> <span class='ocrx_word' id='word_1_414' title='bbox 3054 2494 3262 2546; x_wconf 90' lang='lat' dir='ltr'>pravas</span> <span class='ocrx_word' id='word_1_415' title='bbox 3284 2479 3776 2533; x_wconf 89' lang='lat' dir='ltr'>commutationes</span> <span class='ocrx_word' id='word_1_416' title='bbox 3805 2478 3818 2532; x_wconf 89' lang='lat' dir='ltr'>l</span> 
     </span>
    </p>
   </div>
   <div class='ocr_carea' id='block_1_58' title="bbox 2166 2565 3821 2635">
    <p class='ocr_par' dir='ltr' id='par_1_58' title="bbox 2166 2565 3821 2635">
     <span class='ocr_line' id='line_1_59' title="bbox 2166 2565 3821 2635; baseline 0.001 -15"><span class='ocrx_word' id='word_1_417' title='bbox 2166 2583 2197 2620; x_wconf 92' lang='grc' dir='ltr'>ο</span> <span class='ocrx_word' id='word_1_418' title='bbox 2233 2565 2584 2621; x_wconf 88' lang='lat' dir='ltr'>miraculum</span> <span class='ocrx_word' id='word_1_419' title='bbox 2617 2566 2723 2620; x_wconf 90' lang='lat' dir='ltr'>hac</span> <span class='ocrx_word' id='word_1_420' title='bbox 2755 2566 2813 2620; x_wconf 92' lang='lat' dir='ltr'>in</span> <span class='ocrx_word' id='word_1_421' title='bbox 2844 2583 2903 2619; x_wconf 88' lang='lat' dir='ltr'>re</span> <span class='ocrx_word' id='word_1_422' title='bbox 2926 2567 3072 2635; x_wconf 83' lang='lat' dir='ltr'>justi</span> <span class='ocrx_word' id='word_1_423' title='bbox 3111 2566 3203 2620; x_wconf 83' lang='lat' dir='ltr'>Dei</span> <span class='ocrx_word' id='word_1_424' title='bbox 3231 2567 3434 2634; x_wconf 86' lang='lat' dir='ltr'>judicii</span> <span class='ocrx_word' id='word_1_425' title='bbox 3488 2585 3553 2622; x_wconf 89' lang='lat' dir='ltr'>ac</span> <span class='ocrx_word' id='word_1_426' title='bbox 3587 2573 3821 2622; x_wconf 85' lang='lat' dir='ltr'>senten-</span> 
     </span>
    </p>
   </div>
   <div class='ocr_carea' id='block_1_59' title="bbox 2162 2655 3822 2727">
    <p class='ocr_par' dir='ltr' id='par_1_59' title="bbox 2162 2655 3822 2727">
     <span class='ocr_line' id='line_1_60' title="bbox 2162 2655 3822 2727; baseline 0.002 -16"><span class='ocrx_word' id='word_1_427' title='bbox 2162 2657 2255 2711; x_wconf 75' lang='lat' dir='ltr'>tiae</span> <span class='ocrx_word' id='word_1_428' title='bbox 2281 2657 2292 2710; x_wconf 69' lang='grc' dir='ltr'><strong>Ι</strong></span> <span class='ocrx_word' id='word_1_429' title='bbox 2321 2656 2442 2720; x_wconf 88' lang='lat' dir='ltr'>Quo</span> <span class='ocrx_word' id='word_1_430' title='bbox 2478 2661 2642 2726; x_wconf 88' lang='lat' dir='ltr'>pacto</span> <span class='ocrx_word' id='word_1_431' title='bbox 2677 2672 2777 2726; x_wconf 90' lang='lat' dir='ltr'>pro</span> <span class='ocrx_word' id='word_1_432' title='bbox 2809 2655 3061 2725; x_wconf 78' lang='lat' dir='ltr'>singulis</span> <span class='ocrx_word' id='word_1_433' title='bbox 3096 2661 3463 2726; x_wconf 85' lang='lat' dir='ltr'>peccatorum</span> <span class='ocrx_word' id='word_1_434' title='bbox 3506 2657 3822 2727; x_wconf 82' lang='lat' dir='ltr'>generibus</span> 
     </span>
    </p>
   </div>
   <div class='ocr_carea' id='block_1_60' title="bbox 2163 2745 3818 2817">
    <p class='ocr_par' dir='ltr' id='par_1_60' title="bbox 2163 2745 3818 2817">
     <span class='ocr_line' id='line_1_61' title="bbox 2163 2745 3818 2817; baseline 0.001 -17"><span class='ocrx_word' id='word_1_435' title='bbox 2163 2762 2485 2817; x_wconf 88' lang='lat' dir='ltr'>congruum</span> <span class='ocrx_word' id='word_1_436' title='bbox 2521 2745 2689 2800; x_wconf 92' lang='lat' dir='ltr'>nobis</span> <span class='ocrx_word' id='word_1_437' title='bbox 2722 2745 2970 2800; x_wconf 88' lang='lat' dir='ltr'>reddidit</span> <span class='ocrx_word' id='word_1_438' title='bbox 3017 2745 3341 2800; x_wconf 89' lang='lat' dir='ltr'>cruciatum</span> <span class='ocrx_word' id='word_1_439' title='bbox 3373 2745 3384 2798; x_wconf 71' lang='grc' dir='ltr'><strong>Σ</strong></span> <span class='ocrx_word' id='word_1_440' title='bbox 3421 2747 3492 2799; x_wconf 90' lang='lat' dir='ltr'>ob</span> <span class='ocrx_word' id='word_1_441' title='bbox 3540 2746 3818 2802; x_wconf 83' lang='lat' dir='ltr'>miseram</span> 
     </span>
    </p>
   </div>
   <div class='ocr_carea' id='block_1_61' title="bbox 2160 2833 3820 2905">
    <p class='ocr_par' dir='ltr' id='par_1_61' title="bbox 2160 2833 3820 2905">
     <span class='ocr_line' id='line_1_62' title="bbox 2160 2833 3820 2905; baseline -0.001 -14"><span class='ocrx_word' id='word_1_442' title='bbox 2160 2840 2215 2891; x_wconf 81' lang='lat' dir='ltr'>et</span> <span class='ocrx_word' id='word_1_443' title='bbox 2237 2835 2627 2905; x_wconf 77' lang='lat' dir='ltr'>respuendum</span> <span class='ocrx_word' id='word_1_444' title='bbox 2643 2833 3089 2903; x_wconf 85' lang='lat' dir='ltr'>voluptatem,in</span> <span class='ocrx_word' id='word_1_445' title='bbox 3104 2834 3254 2888; x_wconf 87' lang='lat' dir='ltr'>hanc</span> <span class='ocrx_word' id='word_1_446' title='bbox 3271 2834 3590 2888; x_wconf 77' lang='lat' dir='ltr'>terribilem</span> <span class='ocrx_word' id='word_1_447' title='bbox 3609 2837 3820 2904; x_wconf 81' lang='lat' dir='ltr'>gehen-</span> 
     </span>
    </p>
   </div>
   <div class='ocr_carea' id='block_1_62' title="bbox 2163 2922 3816 2994">
    <p class='ocr_par' dir='ltr' id='par_1_62' title="bbox 2163 2922 3816 2994">
     <span class='ocr_line' id='line_1_63' title="bbox 2163 2922 3816 2994; baseline 0.001 -16"><span class='ocrx_word' id='word_1_448' title='bbox 2163 2941 2297 2978; x_wconf 87' lang='lat' dir='ltr'>nam</span> <span class='ocrx_word' id='word_1_449' title='bbox 2335 2923 2539 2977; x_wconf 89' lang='lat' dir='ltr'>merito</span> <span class='ocrx_word' id='word_1_450' title='bbox 2571 2924 2833 2976; x_wconf 90' lang='lat' dir='ltr'>damnati</span> <span class='ocrx_word' id='word_1_451' title='bbox 2866 2939 3074 2976; x_wconf 88' lang='lat' dir='ltr'>sumus</span> <span class='ocrx_word' id='word_1_452' title='bbox 3109 2941 3121 2978; x_wconf 95' lang='lat'>:</span> <span class='ocrx_word' id='word_1_453' title='bbox 3156 2922 3277 2976; x_wconf 68' lang='lat' dir='ltr'>haec</span> <span class='ocrx_word' id='word_1_454' title='bbox 3308 2923 3518 2994; x_wconf 87' lang='lat' dir='ltr'>caligo,</span> <span class='ocrx_word' id='word_1_455' title='bbox 3540 2924 3622 2978; x_wconf 68' lang='lat' dir='ltr'>ha:</span> <span class='ocrx_word' id='word_1_456' title='bbox 3657 2931 3816 2979; x_wconf 82' lang='lat' dir='ltr'>tene-</span> 
     </span>
    </p>
   </div>
   <div class='ocr_carea' id='block_1_63' title="bbox 2161 3011 3810 3083">
    <p class='ocr_par' dir='ltr' id='par_1_63' title="bbox 2161 3011 3810 3083">
     <span class='ocr_line' id='line_1_64' title="bbox 2161 3011 3810 3083; baseline 0.001 -15"><span class='ocrx_word' id='word_1_457' title='bbox 2161 3015 2275 3068; x_wconf 80' lang='lat' dir='ltr'>brze</span> <span class='ocrx_word' id='word_1_458' title='bbox 2308 3014 2365 3067; x_wconf 91' lang='lat' dir='ltr'>in</span> <span class='ocrx_word' id='word_1_459' title='bbox 2400 3011 2766 3067; x_wconf 88' lang='lat' dir='ltr'>domicilium</span> <span class='ocrx_word' id='word_1_460' title='bbox 2803 3011 2970 3066; x_wconf 88' lang='lat' dir='ltr'>nobis</span> <span class='ocrx_word' id='word_1_461' title='bbox 3003 3011 3292 3083; x_wconf 66' lang='lat' dir='ltr'>deputatae</span> <span class='ocrx_word' id='word_1_462' title='bbox 3326 3017 3486 3066; x_wconf 89' lang='lat' dir='ltr'>sunt.</span> <span class='ocrx_word' id='word_1_463' title='bbox 3521 3013 3810 3075; x_wconf 86' lang='lat' dir='ltr'>Quoniam</span> 
     </span>
    </p>
   </div>
   <div class='ocr_carea' id='block_1_64' title="bbox 2158 3100 3817 3167">
    <p class='ocr_par' dir='ltr' id='par_1_64' title="bbox 2158 3100 3817 3167">
     <span class='ocr_line' id='line_1_65' title="bbox 2158 3100 3817 3167; baseline 0 -10"><span class='ocrx_word' id='word_1_464' title='bbox 2158 3101 2380 3157; x_wconf 86' lang='lat' dir='ltr'>scilicet</span> <span class='ocrx_word' id='word_1_465' title='bbox 2402 3104 2651 3156; x_wconf 87' lang='lat' dir='ltr'>obscene</span> <span class='ocrx_word' id='word_1_466' title='bbox 2676 3101 2874 3155; x_wconf 88' lang='lat' dir='ltr'>omnia</span> <span class='ocrx_word' id='word_1_467' title='bbox 2895 3100 3433 3167; x_wconf 85' lang='lat' dir='ltr'>dileximus,divina</span> <span class='ocrx_word' id='word_1_468' title='bbox 3454 3102 3602 3156; x_wconf 89' lang='lat' dir='ltr'>bona</span> <span class='ocrx_word' id='word_1_469' title='bbox 3616 3103 3817 3158; x_wconf 91' lang='lat' dir='ltr'>omnia</span> 
     </span>
    </p>
   </div>
   <div class='ocr_carea' id='block_1_65' title="bbox 2158 3189 3814 3264">
    <p class='ocr_par' dir='ltr' id='par_1_65' title="bbox 2158 3189 3814 3264">
     <span class='ocr_line' id='line_1_66' title="bbox 2158 3189 3814 3264; baseline 0.001 -18"><span class='ocrx_word' id='word_1_470' title='bbox 2158 3191 2378 3264; x_wconf 88' lang='lat' dir='ltr'>pariter</span> <span class='ocrx_word' id='word_1_471' title='bbox 2424 3190 2822 3262; x_wconf 85' lang='lat' dir='ltr'>despeximus,</span> <span class='ocrx_word' id='word_1_472' title='bbox 2854 3189 3090 3260; x_wconf 90' lang='lat' dir='ltr'>illisque</span> <span class='ocrx_word' id='word_1_473' title='bbox 3143 3190 3592 3260; x_wconf 82' lang='lat' dir='ltr'>anteposuimus</span> <span class='ocrx_word' id='word_1_474' title='bbox 3640 3209 3814 3262; x_wconf 75' lang='lat' dir='ltr'>eque-</span> 
     </span>
    </p>
   </div>
   <div class='ocr_carea' id='block_1_66' title="bbox 391 3266 2052 3355">
    <p class='ocr_par' dir='ltr' id='par_1_66' title="bbox 391 3275 2048 3355">
     <span class='ocr_line' id='line_1_67' title="bbox 391 3275 2048 3355; baseline 0.004 -26"><span class='ocrx_word' id='word_1_475' title='bbox 391 3275 615 3350; x_wconf 82' lang='grc' dir='ltr'>ἀγαθῶν</span> <span class='ocrx_word' id='word_1_476' title='bbox 662 3281 1189 3355; x_wconf 71' lang='grc' dir='ltr'>καταφρονήσαντες,</span> <span class='ocrx_word' id='word_1_477' title='bbox 1239 3280 1306 3334; x_wconf 79' lang='grc' dir='ltr'>τά</span> <span class='ocrx_word' id='word_1_478' title='bbox 1360 3281 1559 3335; x_wconf 76' lang='grc' dir='ltr'>ἱππικά</span> <span class='ocrx_word' id='word_1_479' title='bbox 1609 3282 1697 3335; x_wconf 82' lang='grc' dir='ltr'>καὶ</span> <span class='ocrx_word' id='word_1_480' title='bbox 1741 3281 1808 3335; x_wconf 75' lang='grc' dir='ltr'>τά</span> <span class='ocrx_word' id='word_1_481' title='bbox 1853 3282 2048 3355; x_wconf 85' lang='grc' dir='ltr'>θέατρα</span> 
     </span>
    </p>
   </div>
   <div class='ocr_carea' id='block_1_67' title="bbox 2165 3266 3814 3355">
    <p class='ocr_par' dir='ltr' id='par_1_67' title="bbox 2165 3280 3814 3351">
     <span class='ocr_line' id='line_1_68' title="bbox 2165 3280 3814 3351; baseline 0.001 -15"><span class='ocrx_word' id='word_1_482' title='bbox 2165 3281 2329 3342; x_wconf 90' lang='lat' dir='ltr'>stria.</span> <span class='ocrx_word' id='word_1_483' title='bbox 2364 3282 2610 3351; x_wconf 88' lang='lat' dir='ltr'>theatra,</span> <span class='ocrx_word' id='word_1_484' title='bbox 2645 3281 3002 3344; x_wconf 87' lang='lat' dir='ltr'>venationes,</span> <span class='ocrx_word' id='word_1_485' title='bbox 3036 3280 3252 3351; x_wconf 91' lang='lat' dir='ltr'>quibus</span> <span class='ocrx_word' id='word_1_486' title='bbox 3284 3282 3341 3335; x_wconf 91' lang='lat' dir='ltr'>in</span> <span class='ocrx_word' id='word_1_487' title='bbox 3372 3281 3547 3337; x_wconf 89' lang='lat' dir='ltr'>rebus</span> <span class='ocrx_word' id='word_1_488' title='bbox 3600 3283 3814 3338; x_wconf 73' lang='lat' dir='ltr'>dzemo-</span> 
     </span>
    </p>
   </div>
   <div class='ocr_carea' id='block_1_68' title="bbox 389 3365 2054 3446">
    <p class='ocr_par' dir='ltr' id='par_1_68' title="bbox 389 3365 2054 3446">
     <span class='ocr_line' id='line_1_69' title="bbox 389 3365 2054 3446; baseline 0.002 -26"><span class='ocrx_word' id='word_1_489' title='bbox 389 3365 483 3420; x_wconf 83' lang='grc' dir='ltr'>καὶ</span> <span class='ocrx_word' id='word_1_490' title='bbox 514 3366 583 3420; x_wconf 79' lang='grc' dir='ltr'>τὰ</span> <span class='ocrx_word' id='word_1_491' title='bbox 609 3368 895 3443; x_wconf 83' lang='grc' dir='ltr'>κυνηγέσια</span> <span class='ocrx_word' id='word_1_492' title='bbox 925 3371 1393 3442; x_wconf 75' lang='grc' dir='ltr'>προετιμήσαμεν,</span> <span class='ocrx_word' id='word_1_493' title='bbox 1430 3371 1484 3424; x_wconf 76' lang='grc' dir='ltr'>ἐν</span> <span class='ocrx_word' id='word_1_494' title='bbox 1517 3372 1598 3432; x_wconf 79' lang='grc' dir='ltr'>οἷς</span> <span class='ocrx_word' id='word_1_495' title='bbox 1630 3367 1906 3442; x_wconf 80' lang='grc' dir='ltr'>δαιμόνων</span> <span class='ocrx_word' id='word_1_496' title='bbox 1930 3371 2054 3446; x_wconf 79' lang='grc' dir='ltr'>ἐχό-</span> 
     </span>
    </p>
   </div>
   <div class='ocr_carea' id='block_1_69' title="bbox 389 3453 2050 3535">
    <p class='ocr_par' dir='ltr' id='par_1_69' title="bbox 389 3453 2050 3535">
     <span class='ocr_line' id='line_1_70' title="bbox 389 3453 2050 3535; baseline 0.003 -25"><span class='ocrx_word' id='word_1_497' title='bbox 389 3476 552 3530; x_wconf 90' lang='grc' dir='ltr'>ρευον</span> <span class='ocrx_word' id='word_1_498' title='bbox 587 3453 782 3530; x_wconf 86' lang='grc' dir='ltr'>δῆμοι,</span> <span class='ocrx_word' id='word_1_499' title='bbox 813 3459 902 3513; x_wconf 78' lang='grc' dir='ltr'>καὶ</span> <span class='ocrx_word' id='word_1_500' title='bbox 949 3464 1090 3514; x_wconf 74' lang='grc' dir='ltr'>πᾶσα</span> <span class='ocrx_word' id='word_1_501' title='bbox 1136 3459 1250 3514; x_wconf 89' lang='grc' dir='ltr'>θεία</span> <span class='ocrx_word' id='word_1_502' title='bbox 1280 3461 1530 3535; x_wconf 84' lang='grc' dir='ltr'>ἀγγέλων</span> <span class='ocrx_word' id='word_1_503' title='bbox 1566 3460 1708 3530; x_wconf 81' lang='grc' dir='ltr'>ἀπῆν</span> <span class='ocrx_word' id='word_1_504' title='bbox 1736 3461 1932 3515; x_wconf 86' lang='grc' dir='ltr'>σκοπιά</span> <span class='ocrx_word' id='word_1_505' title='bbox 1960 3463 2050 3515; x_wconf 86' lang='grc' dir='ltr'>καὶ</span> 
     </span>
    </p>
   </div>
   <div class='ocr_carea' id='block_1_70' title="bbox 391 3545 2052 3627">
    <p class='ocr_par' dir='ltr' id='par_1_70' title="bbox 391 3545 2052 3627">
     <span class='ocr_line' id='line_1_71' title="bbox 391 3545 2052 3627; baseline 0.003 -27"><span class='ocrx_word' id='word_1_506' title='bbox 391 3545 706 3620; x_wconf 81' lang='grc' dir='ltr'>ἐπίγνωσις.</span> <span class='ocrx_word' id='word_1_507' title='bbox 739 3549 906 3602; x_wconf 83' lang='grc' dir='ltr'>Ἔνθα</span> <span class='ocrx_word' id='word_1_508' title='bbox 933 3549 994 3603; x_wconf 85' lang='grc' dir='ltr'>τὸ</span> <span class='ocrx_word' id='word_1_509' title='bbox 1047 3549 1143 3621; x_wconf 74' lang='grc' dir='ltr'>μὲν</span> <span class='ocrx_word' id='word_1_510' title='bbox 1177 3550 1373 3622; x_wconf 83' lang='grc' dir='ltr'>σεμνὸν</span> <span class='ocrx_word' id='word_1_511' title='bbox 1412 3552 1509 3618; x_wconf 70' lang='grc' dir='ltr'>τῆς</span> <span class='ocrx_word' id='word_1_512' title='bbox 1542 3549 1876 3627; x_wconf 75' lang='grc' dir='ltr'>εὐφροσύνης</span> <span class='ocrx_word' id='word_1_513' title='bbox 1909 3548 2052 3605; x_wconf 77' lang='grc' dir='ltr'>πο)-</span> 
     </span>
    </p>
   </div>
   <div class='ocr_carea' id='block_1_71' title="bbox 390 3630 2048 3711">
    <p class='ocr_par' dir='ltr' id='par_1_71' title="bbox 390 3630 2048 3711">
     <span class='ocr_line' id='line_1_72' title="bbox 390 3630 2048 3711; baseline 0.004 -23"><span class='ocrx_word' id='word_1_514' title='bbox 390 3633 514 3696; x_wconf 87' lang='grc' dir='ltr'>λοῐς</span> <span class='ocrx_word' id='word_1_515' title='bbox 544 3630 898 3711; x_wconf 72' lang='grc' dir='ltr'>καθυϐρίζετο</span> <span class='ocrx_word' id='word_1_516' title='bbox 931 3637 1178 3710; x_wconf 87' lang='grc' dir='ltr'>τρόποις·</span> <span class='ocrx_word' id='word_1_517' title='bbox 1211 3638 1273 3692; x_wconf 89' lang='grc' dir='ltr'>τὸ</span> <span class='ocrx_word' id='word_1_518' title='bbox 1322 3635 1380 3692; x_wconf 77' lang='grc' dir='ltr'>δὲ</span> <span class='ocrx_word' id='word_1_519' title='bbox 1407 3645 1510 3707; x_wconf 85' lang='grc' dir='ltr'>τῆς</span> <span class='ocrx_word' id='word_1_520' title='bbox 1559 3638 1850 3701; x_wconf 73' lang='grc' dir='ltr'>ἀκολασίας</span> <span class='ocrx_word' id='word_1_521' title='bbox 1882 3638 2048 3695; x_wconf 87' lang='grc' dir='ltr'>κακόν</span> 
     </span>
    </p>
   </div>
   <div class='ocr_carea' id='block_1_72' title="bbox 386 3723 2048 3806">
    <p class='ocr_par' dir='ltr' id='par_1_72' title="bbox 386 3723 2048 3806">
     <span class='ocr_line' id='line_1_73' title="bbox 386 3723 2048 3806; baseline 0.002 -26"><span class='ocrx_word' id='word_1_522' title='bbox 386 3745 448 3780; x_wconf 90' lang='grc' dir='ltr'>τε</span> <span class='ocrx_word' id='word_1_523' title='bbox 478 3725 569 3779; x_wconf 85' lang='grc' dir='ltr'>καὶ</span> <span class='ocrx_word' id='word_1_524' title='bbox 607 3723 872 3802; x_wconf 86' lang='grc' dir='ltr'>βδελυρὸν</span> <span class='ocrx_word' id='word_1_525' title='bbox 906 3725 1244 3799; x_wconf 83' lang='grc' dir='ltr'>ἐσεμνύνετο.</span> <span class='ocrx_word' id='word_1_526' title='bbox 1281 3728 1511 3790; x_wconf 79' lang='grc' dir='ltr'>Δικαίιυς</span> <span class='ocrx_word' id='word_1_527' title='bbox 1557 3734 1653 3784; x_wconf 87' lang='lat'>106</span> <span class='ocrx_word' id='word_1_528' title='bbox 1703 3730 1880 3806; x_wconf 81' lang='grc' dir='ltr'>φωτὸς</span> <span class='ocrx_word' id='word_1_529' title='bbox 1909 3729 2048 3784; x_wconf 83' lang='grc' dir='ltr'>ἐστε-</span> 
     </span>
    </p>
   </div>
   <div class='ocr_carea' id='block_1_73' title="bbox 395 3816 2046 3895">
    <p class='ocr_par' dir='ltr' id='par_1_73' title="bbox 395 3816 2046 3895">
     <span class='ocr_line' id='line_1_74' title="bbox 395 3816 2046 3895; baseline 0.002 -23"><span class='ocrx_word' id='word_1_530' title='bbox 395 3819 608 3892; x_wconf 80' lang='grc' dir='ltr'>ρήμεθα</span> <span class='ocrx_word' id='word_1_531' title='bbox 634 3822 751 3886; x_wconf 76' lang='grc' dir='ltr'>νῦν,</span> <span class='ocrx_word' id='word_1_532' title='bbox 785 3818 869 3873; x_wconf 79' lang='grc' dir='ltr'>ὅτι</span> <span class='ocrx_word' id='word_1_533' title='bbox 899 3819 1034 3895; x_wconf 89' lang='grc' dir='ltr'>πρὸς</span> <span class='ocrx_word' id='word_1_534' title='bbox 1069 3816 1224 3890; x_wconf 82' lang='grc' dir='ltr'>δόξαν</span> <span class='ocrx_word' id='word_1_535' title='bbox 1250 3824 1346 3875; x_wconf 90' lang='lat'>106</span> <span class='ocrx_word' id='word_1_536' title='bbox 1383 3820 1752 3892; x_wconf 87' lang='grc' dir='ltr'>πεποιηκότος</span> <span class='ocrx_word' id='word_1_537' title='bbox 1783 3825 1916 3876; x_wconf 79' lang='grc' dir='ltr'>Θεοῦ</span> <span class='ocrx_word' id='word_1_538' title='bbox 1947 3823 2046 3890; x_wconf 78' lang='grc' dir='ltr'>τήν</span> 
     </span>
    </p>
   </div>
   <div class='ocr_carea' id='block_1_74' title="bbox 396 3905 2046 3983">
    <p class='ocr_par' dir='ltr' id='par_1_74' title="bbox 396 3905 2046 3983">
     <span class='ocr_line' id='line_1_75' title="bbox 396 3905 2046 3983; baseline 0.004 -26"><span class='ocrx_word' id='word_1_539' title='bbox 396 3905 567 3959; x_wconf 86' lang='grc' dir='ltr'>κτίσιν</span> <span class='ocrx_word' id='word_1_540' title='bbox 596 3907 730 3961; x_wconf 88' lang='grc' dir='ltr'>κατά</span> <span class='ocrx_word' id='word_1_541' title='bbox 760 3909 863 3976; x_wconf 73' lang='grc' dir='ltr'>τήν</span> <span class='ocrx_word' id='word_1_542' title='bbox 911 3908 1243 3983; x_wconf 84' lang='grc' dir='ltr'>πρόσκαιρον</span> <span class='ocrx_word' id='word_1_543' title='bbox 1293 3911 1456 3981; x_wconf 78' lang='grc' dir='ltr'>ἡμῶν</span> <span class='ocrx_word' id='word_1_544' title='bbox 1503 3910 1648 3978; x_wconf 75' lang='grc' dir='ltr'>ζωήν</span> <span class='ocrx_word' id='word_1_545' title='bbox 1700 3908 1799 3964; x_wconf 82' lang='grc' dir='ltr'>οὐκ</span> <span class='ocrx_word' id='word_1_546' title='bbox 1828 3907 2046 3964; x_wconf 83' lang='grc' dir='ltr'>ἐθεασά-</span> 
     </span>
    </p>
   </div>
   <div class='ocr_carea' id='block_1_75' title="bbox 404 3993 2047 4076">
    <p class='ocr_par' dir='ltr' id='par_1_75' title="bbox 404 3993 2047 4076">
     <span class='ocr_line' id='line_1_76' title="bbox 404 3993 2047 4076; baseline 0.004 -29"><span class='ocrx_word' id='word_1_547' title='bbox 404 3993 684 4065; x_wconf 75' lang='grc' dir='ltr'>μεθα·ἀλλ“</span> <span class='ocrx_word' id='word_1_548' title='bbox 707 3995 1054 4070; x_wconf 79' lang='grc' dir='ltr'>ἐμολύναμεν</span> <span class='ocrx_word' id='word_1_549' title='bbox 1074 3999 1200 4060; x_wconf 79' lang='grc' dir='ltr'>τοὺς</span> <span class='ocrx_word' id='word_1_550' title='bbox 1219 3996 1538 4076; x_wconf 77' lang='grc' dir='ltr'>ὀφθαλμοὺς</span> <span class='ocrx_word' id='word_1_551' title='bbox 1557 3999 1716 4070; x_wconf 75' lang='grc' dir='ltr'>ἡμῶν</span> <span class='ocrx_word' id='word_1_552' title='bbox 1738 4000 1828 4052; x_wconf 76' lang='grc' dir='ltr'>καὶ</span> <span class='ocrx_word' id='word_1_553' title='bbox 1848 3998 1915 4053; x_wconf 75' lang='grc' dir='ltr'>τά</span> <span class='ocrx_word' id='word_1_554' title='bbox 1935 4000 2047 4053; x_wconf 82' lang='grc' dir='ltr'>ὦτα</span> 
     </span>
    </p>
   </div>
   <div class='ocr_carea' id='block_1_76' title="bbox 394 4082 2045 4164">
    <p class='ocr_par' dir='ltr' id='par_1_76' title="bbox 394 4082 2045 4164">
     <span class='ocr_line' id='line_1_77' title="bbox 394 4082 2045 4164; baseline 0.003 -28"><span class='ocrx_word' id='word_1_555' title='bbox 394 4082 488 4136; x_wconf 79' lang='grc' dir='ltr'>καὶ</span> <span class='ocrx_word' id='word_1_556' title='bbox 519 4082 784 4156; x_wconf 87' lang='grc' dir='ltr'>γλῶσσαν,</span> <span class='ocrx_word' id='word_1_557' title='bbox 825 4085 1038 4158; x_wconf 79' lang='grc' dir='ltr'>μᾶλλον</span> <span class='ocrx_word' id='word_1_558' title='bbox 1082 4084 1138 4141; x_wconf 81' lang='grc' dir='ltr'>δὲ</span> <span class='ocrx_word' id='word_1_559' title='bbox 1184 4089 1284 4155; x_wconf 74' lang='grc' dir='ltr'>τὴν</span> <span class='ocrx_word' id='word_1_560' title='bbox 1337 4089 1454 4142; x_wconf 85' lang='grc' dir='ltr'>κατ’</span> <span class='ocrx_word' id='word_1_561' title='bbox 1501 4087 1682 4142; x_wconf 81' lang='grc' dir='ltr'>εἰκόνα</span> <span class='ocrx_word' id='word_1_562' title='bbox 1729 4091 1864 4142; x_wconf 73' lang='grc' dir='ltr'>Θεοῦ</span> <span class='ocrx_word' id='word_1_563' title='bbox 1895 4109 2045 4164; x_wconf 82' lang='grc' dir='ltr'>γεγε-</span> 
     </span>
    </p>
   </div>
   <div class='ocr_carea' id='block_1_77' title="bbox 390 4170 2044 4249">
    <p class='ocr_par' dir='ltr' id='par_1_77' title="bbox 390 4170 2044 4249">
     <span class='ocr_line' id='line_1_78' title="bbox 390 4170 2044 4249; baseline 0.002 -25"><span class='ocrx_word' id='word_1_564' title='bbox 390 4193 459 4240; x_wconf 88' lang='grc' dir='ltr'>νη</span> <span class='ocrx_word' id='word_1_565' title='bbox 473 4170 642 4244; x_wconf 87' lang='grc' dir='ltr'>μένην</span> <span class='ocrx_word' id='word_1_566' title='bbox 673 4175 850 4248; x_wconf 74' lang='grc' dir='ltr'>ψυχὴν</span> <span class='ocrx_word' id='word_1_567' title='bbox 885 4180 1012 4229; x_wconf 77' lang='grc' dir='ltr'>πᾶσι</span> <span class='ocrx_word' id='word_1_568' title='bbox 1043 4181 1160 4237; x_wconf 84' lang='grc' dir='ltr'>τοῖς</span> <span class='ocrx_word' id='word_1_569' title='bbox 1188 4181 1268 4248; x_wconf 73' lang='grc' dir='ltr'>τῷ</span> <span class='ocrx_word' id='word_1_570' title='bbox 1291 4176 1408 4247; x_wconf 84' lang='grc' dir='ltr'>Θεῷ</span> <span class='ocrx_word' id='word_1_571' title='bbox 1435 4176 1786 4249; x_wconf 87' lang='grc' dir='ltr'>μισουμένοις</span> <span class='ocrx_word' id='word_1_572' title='bbox 1815 4174 2044 4247; x_wconf 86' lang='grc' dir='ltr'>θεάμασί</span> 
     </span>
    </p>
   </div>
   <div class='ocr_carea' id='block_1_78' title="bbox 388 4259 2042 4340">
    <p class='ocr_par' dir='ltr' id='par_1_78' title="bbox 388 4259 2042 4340">
     <span class='ocr_line' id='line_1_79' title="bbox 388 4259 2042 4340; baseline 0.004 -27"><span class='ocrx_word' id='word_1_573' title='bbox 388 4281 450 4314; x_wconf 93' lang='grc' dir='ltr'>τε</span> <span class='ocrx_word' id='word_1_574' title='bbox 480 4259 568 4314; x_wconf 78' lang='grc' dir='ltr'>καὶ</span> <span class='ocrx_word' id='word_1_575' title='bbox 600 4260 902 4338; x_wconf 81' lang='grc' dir='ltr'>ἀκροάμασι</span> <span class='ocrx_word' id='word_1_576' title='bbox 946 4263 1036 4318; x_wconf 83' lang='grc' dir='ltr'>καὶ</span> <span class='ocrx_word' id='word_1_577' title='bbox 1088 4264 1316 4340; x_wconf 76' lang='grc' dir='ltr'>ῥήμασι,</span> <span class='ocrx_word' id='word_1_578' title='bbox 1346 4263 1435 4318; x_wconf 85' lang='grc' dir='ltr'>καὶ</span> <span class='ocrx_word' id='word_1_579' title='bbox 1467 4269 1592 4328; x_wconf 82' lang='grc' dir='ltr'>ταῖς</span> <span class='ocrx_word' id='word_1_580' title='bbox 1628 4265 1744 4319; x_wconf 80' lang='grc' dir='ltr'>κατ’</span> <span class='ocrx_word' id='word_1_581' title='bbox 1775 4263 2042 4334; x_wconf 70' lang='grc' dir='ltr'>ἀλλήλων</span> 
     </span>
    </p>
   </div>
   <div class='ocr_carea' id='block_1_79' title="bbox 392 4349 2042 4429">
    <p class='ocr_par' dir='ltr' id='par_1_79' title="bbox 392 4349 2042 4429">
     <span class='ocr_line' id='line_1_80' title="bbox 392 4349 2042 4429; baseline 0.002 -26"><span class='ocrx_word' id='word_1_582' title='bbox 392 4349 712 4425; x_wconf 84' lang='grc' dir='ltr'>βασκανίαις</span> <span class='ocrx_word' id='word_1_583' title='bbox 761 4351 1080 4429; x_wconf 86' lang='grc' dir='ltr'>ἐφθείραμεν</span> <span class='ocrx_word' id='word_1_584' title='bbox 1108 4396 1121 4419; x_wconf 87' lang='grc'>,</span> <span class='ocrx_word' id='word_1_585' title='bbox 1172 4354 1247 4416; x_wconf 80' lang='grc' dir='ltr'>εἷς</span> <span class='ocrx_word' id='word_1_586' title='bbox 1299 4351 1356 4408; x_wconf 75' lang='grc' dir='ltr'>δὲ</span> <span class='ocrx_word' id='word_1_587' title='bbox 1401 4355 1493 4408; x_wconf 89' lang='grc' dir='ltr'>τὸν</span> <span class='ocrx_word' id='word_1_588' title='bbox 1542 4353 1805 4428; x_wconf 84' lang='grc' dir='ltr'>τάρταρον</span> <span class='ocrx_word' id='word_1_589' title='bbox 1849 4357 2042 4408; x_wconf 76' lang='grc' dir='ltr'>τοῦτον</span> 
     </span>
    </p>
   </div>
   <div class='ocr_carea' id='block_1_80' title="bbox 383 4437 2042 4518">
    <p class='ocr_par' dir='ltr' id='par_1_80' title="bbox 383 4437 2042 4518">
     <span class='ocr_line' id='line_1_81' title="bbox 383 4437 2042 4518; baseline 0.003 -27"><span class='ocrx_word' id='word_1_590' title='bbox 383 4437 794 4517; x_wconf 77' lang='grc' dir='ltr'>ἀπεῤῥίφημεν,</span> <span class='ocrx_word' id='word_1_591' title='bbox 843 4443 1002 4512; x_wconf 72' lang='grc' dir='ltr'>πήξει</span> <span class='ocrx_word' id='word_1_592' title='bbox 1049 4442 1136 4495; x_wconf 81' lang='grc' dir='ltr'>καὶ</span> <span class='ocrx_word' id='word_1_593' title='bbox 1189 4443 1336 4516; x_wconf 83' lang='grc' dir='ltr'>βυθῷ</span> <span class='ocrx_word' id='word_1_594' title='bbox 1383 4444 1497 4497; x_wconf 89' lang='grc' dir='ltr'>κατ’</span> <span class='ocrx_word' id='word_1_595' title='bbox 1546 4443 1722 4497; x_wconf 80' lang='grc' dir='ltr'>αὐτῶν</span> <span class='ocrx_word' id='word_1_596' title='bbox 1769 4440 2042 4518; x_wconf 80' lang='grc' dir='ltr'>τρυχόμε-</span> 
     </span>
    </p>
   </div>
   <div class='ocr_carea' id='block_1_81' title="bbox 385 4525 2038 4605">
    <p class='ocr_par' dir='ltr' id='par_1_81' title="bbox 385 4525 2038 4605">
     <span class='ocr_line' id='line_1_82' title="bbox 385 4525 2038 4605; baseline 0.002 -24"><span class='ocrx_word' id='word_1_597' title='bbox 385 4547 472 4582; x_wconf 91' lang='grc' dir='ltr'>νοι</span> <span class='ocrx_word' id='word_1_598' title='bbox 506 4525 717 4592; x_wconf 84' lang='grc' dir='ltr'>δεινῶς.</span> <span class='ocrx_word' id='word_1_599' title='bbox 749 4528 976 4600; x_wconf 73' lang='grc' dir='ltr'>Ἐπειδή</span> <span class='ocrx_word' id='word_1_600' title='bbox 1009 4538 1107 4600; x_wconf 79' lang='grc' dir='ltr'>τῆς</span> <span class='ocrx_word' id='word_1_601' title='bbox 1141 4532 1236 4604; x_wconf 75' lang='grc' dir='ltr'>μὲν</span> <span class='ocrx_word' id='word_1_602' title='bbox 1271 4529 1485 4605; x_wconf 79' lang='grc' dir='ltr'>ὑψηλῆς</span> <span class='ocrx_word' id='word_1_603' title='bbox 1534 4531 1621 4585; x_wconf 81' lang='grc' dir='ltr'>καὶ</span> <span class='ocrx_word' id='word_1_604' title='bbox 1671 4536 1777 4586; x_wconf 89' lang='grc' dir='ltr'>τῶν</span> <span class='ocrx_word' id='word_1_605' title='bbox 1813 4529 2038 4604; x_wconf 77' lang='grc' dir='ltr'>ὑψηλῶν</span> 
     </span>
    </p>
   </div>
   <div class='ocr_carea' id='block_1_82' title="bbox 2163 3371 3820 3441">
    <p class='ocr_par' dir='ltr' id='par_1_82' title="bbox 2163 3371 3820 3441">
     <span class='ocr_line' id='line_1_83' title="bbox 2163 3371 3820 3441; baseline 0.001 -14"><span class='ocrx_word' id='word_1_606' title='bbox 2163 3390 2304 3428; x_wconf 90' lang='lat' dir='ltr'>num</span> <span class='ocrx_word' id='word_1_607' title='bbox 2332 3373 2554 3427; x_wconf 75' lang='lat' dir='ltr'>chorea:</span> <span class='ocrx_word' id='word_1_608' title='bbox 2575 3372 3302 3441; x_wconf 86' lang='lat' dir='ltr'>versabantur,aberatque</span> <span class='ocrx_word' id='word_1_609' title='bbox 3327 3371 3597 3427; x_wconf 85' lang='lat' dir='ltr'>universa</span> <span class='ocrx_word' id='word_1_610' title='bbox 3620 3373 3820 3429; x_wconf 83' lang='lat' dir='ltr'>divina</span> 
     </span>
    </p>
   </div>
   <div class='ocr_carea' id='block_1_83' title="bbox 2163 3461 3816 3533">
    <p class='ocr_par' dir='ltr' id='par_1_83' title="bbox 2163 3461 3816 3533">
     <span class='ocr_line' id='line_1_84' title="bbox 2163 3461 3816 3533; baseline -0.001 -17"><span class='ocrx_word' id='word_1_611' title='bbox 2163 3462 2505 3533; x_wconf 82' lang='lat' dir='ltr'>angelorum</span> <span class='ocrx_word' id='word_1_612' title='bbox 2541 3461 2864 3532; x_wconf 87' lang='lat' dir='ltr'>speculatio</span> <span class='ocrx_word' id='word_1_613' title='bbox 2895 3465 2952 3515; x_wconf 92' lang='lat' dir='ltr'>et</span> <span class='ocrx_word' id='word_1_614' title='bbox 2983 3461 3255 3531; x_wconf 84' lang='lat' dir='ltr'>cognitio.</span> <span class='ocrx_word' id='word_1_615' title='bbox 3293 3461 3412 3516; x_wconf 86' lang='lat' dir='ltr'>Illic</span> <span class='ocrx_word' id='word_1_616' title='bbox 3447 3464 3636 3533; x_wconf 76' lang='lat' dir='ltr'>probre</span> <span class='ocrx_word' id='word_1_617' title='bbox 3670 3463 3816 3516; x_wconf 72' lang='lat' dir='ltr'>lzeti-</span> 
     </span>
    </p>
   </div>
   <div class='ocr_carea' id='block_1_84' title="bbox 2161 3549 3818 3622">
    <p class='ocr_par' dir='ltr' id='par_1_84' title="bbox 2161 3549 3818 3622">
     <span class='ocr_line' id='line_1_85' title="bbox 2161 3549 3818 3622; baseline -0.001 -16"><span class='ocrx_word' id='word_1_618' title='bbox 2161 3551 2251 3606; x_wconf 74' lang='lat' dir='ltr'>tiae</span> <span class='ocrx_word' id='word_1_619' title='bbox 2285 3553 2540 3622; x_wconf 84' lang='lat' dir='ltr'>gravitas</span> <span class='ocrx_word' id='word_1_620' title='bbox 2573 3550 2774 3605; x_wconf 86' lang='lat' dir='ltr'>multis</span> <span class='ocrx_word' id='word_1_621' title='bbox 2793 3549 3492 3605; x_wconf 88' lang='lat' dir='ltr'>contumeliarummodis</span> <span class='ocrx_word' id='word_1_622' title='bbox 3524 3552 3818 3606; x_wconf 77' lang='lat' dir='ltr'>afﬁcieba-</span> 
     </span>
    </p>
   </div>
   <div class='ocr_carea' id='block_1_85' title="bbox 2161 3639 3814 3712">
    <p class='ocr_par' dir='ltr' id='par_1_85' title="bbox 2161 3639 3814 3712">
     <span class='ocr_line' id='line_1_86' title="bbox 2161 3639 3814 3712; baseline 0.001 -17"><span class='ocrx_word' id='word_1_623' title='bbox 2161 3646 2294 3708; x_wconf 90' lang='lat' dir='ltr'>tur;</span> <span class='ocrx_word' id='word_1_624' title='bbox 2330 3640 2795 3712; x_wconf 68' lang='lat' dir='ltr'>intemperantim</span> <span class='ocrx_word' id='word_1_625' title='bbox 2842 3657 2973 3694; x_wconf 76' lang='lat' dir='ltr'>vero</span> <span class='ocrx_word' id='word_1_626' title='bbox 3021 3640 3446 3694; x_wconf 82' lang='lat' dir='ltr'>exsecrandum</span> <span class='ocrx_word' id='word_1_627' title='bbox 3500 3639 3722 3696; x_wconf 86' lang='lat' dir='ltr'>malum</span> <span class='ocrx_word' id='word_1_628' title='bbox 3754 3644 3814 3696; x_wconf 89' lang='lat' dir='ltr'>in</span> 
     </span>
    </p>
   </div>
   <div class='ocr_carea' id='block_1_86' title="bbox 2161 3728 3816 3800">
    <p class='ocr_par' dir='ltr' id='par_1_86' title="bbox 2161 3728 3816 3800">
     <span class='ocr_line' id='line_1_87' title="bbox 2161 3728 3816 3800; baseline 0.001 -16"><span class='ocrx_word' id='word_1_629' title='bbox 2161 3730 2378 3786; x_wconf 86' lang='lat' dir='ltr'>honore</span> <span class='ocrx_word' id='word_1_630' title='bbox 2406 3731 2694 3786; x_wconf 84' lang='lat' dir='ltr'>erat..]ure</span> <span class='ocrx_word' id='word_1_631' title='bbox 2717 3748 2780 3785; x_wconf 88' lang='lat' dir='ltr'>ac</span> <span class='ocrx_word' id='word_1_632' title='bbox 2806 3729 3013 3785; x_wconf 83' lang='lat' dir='ltr'>merito</span> <span class='ocrx_word' id='word_1_633' title='bbox 3028 3731 3152 3800; x_wconf 85' lang='lat' dir='ltr'>jam</span> <span class='ocrx_word' id='word_1_634' title='bbox 3182 3729 3310 3783; x_wconf 87' lang='lat' dir='ltr'>luce</span> <span class='ocrx_word' id='word_1_635' title='bbox 3335 3728 3653 3800; x_wconf 80' lang='lat' dir='ltr'>privamur,</span> <span class='ocrx_word' id='word_1_636' title='bbox 3674 3731 3816 3800; x_wconf 90' lang='lat' dir='ltr'>quia</span> 
     </span>
    </p>
   </div>
   <div class='ocr_carea' id='block_1_87' title="bbox 2157 3817 3815 3891">
    <p class='ocr_par' dir='ltr' id='par_1_87' title="bbox 2157 3817 3815 3891">
     <span class='ocr_line' id='line_1_88' title="bbox 2157 3817 3815 3891; baseline -0.001 -15"><span class='ocrx_word' id='word_1_637' title='bbox 2157 3825 2456 3876; x_wconf 71' lang='lat' dir='ltr'>creaturas</span> <span class='ocrx_word' id='word_1_638' title='bbox 2479 3821 2549 3875; x_wconf 90' lang='lat' dir='ltr'>ad</span> <span class='ocrx_word' id='word_1_639' title='bbox 2573 3819 2817 3891; x_wconf 83' lang='lat' dir='ltr'>gloriam</span> <span class='ocrx_word' id='word_1_640' title='bbox 2841 3819 3158 3874; x_wconf 88' lang='lat' dir='ltr'>conditoris</span> <span class='ocrx_word' id='word_1_641' title='bbox 3173 3817 3270 3873; x_wconf 88' lang='lat' dir='ltr'>Dei</span> <span class='ocrx_word' id='word_1_642' title='bbox 3297 3819 3671 3890; x_wconf 86' lang='lat' dir='ltr'>contemplati</span> <span class='ocrx_word' id='word_1_643' title='bbox 3699 3837 3815 3875; x_wconf 90' lang='lat' dir='ltr'>non</span> 
     </span>
    </p>
   </div>
   <div class='ocr_carea' id='block_1_88' title="bbox 2157 3907 3812 3979">
    <p class='ocr_par' dir='ltr' id='par_1_88' title="bbox 2157 3907 3812 3979">
     <span class='ocr_line' id='line_1_89' title="bbox 2157 3907 3812 3979; baseline -0.001 -15"><span class='ocrx_word' id='word_1_644' title='bbox 2157 3926 2367 3965; x_wconf 89' lang='lat' dir='ltr'>sumus</span> <span class='ocrx_word' id='word_1_645' title='bbox 2399 3910 2455 3963; x_wconf 92' lang='lat' dir='ltr'>in</span> <span class='ocrx_word' id='word_1_646' title='bbox 2489 3909 2607 3965; x_wconf 87' lang='lat' dir='ltr'>vita</span> <span class='ocrx_word' id='word_1_647' title='bbox 2638 3914 2836 3964; x_wconf 88' lang='lat' dir='ltr'>nostra</span> <span class='ocrx_word' id='word_1_648' title='bbox 2865 3925 2878 3974; x_wconf 89' lang='lat'>;</span> <span class='ocrx_word' id='word_1_649' title='bbox 2913 3908 3008 3963; x_wconf 78' lang='lat' dir='ltr'>sed</span> <span class='ocrx_word' id='word_1_650' title='bbox 3040 3907 3358 3979; x_wconf 85' lang='lat' dir='ltr'>polluimus</span> <span class='ocrx_word' id='word_1_651' title='bbox 3391 3907 3812 3978; x_wconf 84' lang='lat' dir='ltr'>oculos,aures,</span> 
     </span>
    </p>
   </div>
   <div class='ocr_carea' id='block_1_89' title="bbox 2157 3995 3810 4068">
    <p class='ocr_par' dir='ltr' id='par_1_89' title="bbox 2157 3995 3810 4068">
     <span class='ocr_line' id='line_1_90' title="bbox 2157 3995 3810 4068; baseline -0.001 -15"><span class='ocrx_word' id='word_1_652' title='bbox 2157 4005 2213 4053; x_wconf 89' lang='lat' dir='ltr'>et</span> <span class='ocrx_word' id='word_1_653' title='bbox 2247 3999 2506 4068; x_wconf 85' lang='lat' dir='ltr'>linguam</span> <span class='ocrx_word' id='word_1_654' title='bbox 2539 4003 2820 4059; x_wconf 86' lang='lat' dir='ltr'>nostram.</span> <span class='ocrx_word' id='word_1_655' title='bbox 2855 3996 3220 4066; x_wconf 82' lang='lat' dir='ltr'>maximeque</span> <span class='ocrx_word' id='word_1_656' title='bbox 3252 3995 3514 4050; x_wconf 90' lang='lat' dir='ltr'>omnium</span> <span class='ocrx_word' id='word_1_657' title='bbox 3549 3997 3810 4051; x_wconf 89' lang='lat' dir='ltr'>animam</span> 
     </span>
    </p>
   </div>
   <div class='ocr_carea' id='block_1_90' title="bbox 2156 4084 3810 4155">
    <p class='ocr_par' dir='ltr' id='par_1_90' title="bbox 2156 4084 3810 4155">
     <span class='ocr_line' id='line_1_91' title="bbox 2156 4084 3810 4155; baseline -0.001 -13"><span class='ocrx_word' id='word_1_658' title='bbox 2156 4089 2224 4141; x_wconf 91' lang='lat' dir='ltr'>ad</span> <span class='ocrx_word' id='word_1_659' title='bbox 2261 4087 2710 4142; x_wconf 89' lang='lat' dir='ltr'>similitudinem</span> <span class='ocrx_word' id='word_1_660' title='bbox 2740 4087 2839 4141; x_wconf 90' lang='lat' dir='ltr'>Dei</span> <span class='ocrx_word' id='word_1_661' title='bbox 2873 4087 3085 4140; x_wconf 80' lang='lat' dir='ltr'>factam</span> <span class='ocrx_word' id='word_1_662' title='bbox 3111 4084 3291 4139; x_wconf 91' lang='lat' dir='ltr'>nullis</span> <span class='ocrx_word' id='word_1_663' title='bbox 3314 4101 3426 4138; x_wconf 91' lang='lat' dir='ltr'>non</span> <span class='ocrx_word' id='word_1_664' title='bbox 3451 4086 3562 4140; x_wconf 87' lang='lat' dir='ltr'>Deo</span> <span class='ocrx_word' id='word_1_665' title='bbox 3587 4087 3810 4155; x_wconf 89' lang='lat' dir='ltr'>perosis</span> 
     </span>
    </p>
   </div>
   <div class='ocr_carea' id='block_1_91' title="bbox 2155 4173 3810 4245">
    <p class='ocr_par' dir='ltr' id='par_1_91' title="bbox 2155 4173 3810 4245">
     <span class='ocr_line' id='line_1_92' title="bbox 2155 4173 3810 4245; baseline 0.001 -17"><span class='ocrx_word' id='word_1_666' title='bbox 2155 4175 2598 4245; x_wconf 85' lang='lat' dir='ltr'>spectaculis,ru</span> <span class='ocrx_word' id='word_1_667' title='bbox 2612 4177 2896 4242; x_wconf 78' lang='lat' dir='ltr'>moribus,</span> <span class='ocrx_word' id='word_1_668' title='bbox 2915 4173 3530 4241; x_wconf 84' lang='lat' dir='ltr'>sermocinationibus,</span> <span class='ocrx_word' id='word_1_669' title='bbox 3552 4174 3810 4245; x_wconf 76' lang='lat' dir='ltr'>invidiis,</span> 
     </span>
    </p>
   </div>
   <div class='ocr_carea' id='block_1_92' title="bbox 2153 4262 3808 4333">
    <p class='ocr_par' dir='ltr' id='par_1_92' title="bbox 2153 4262 3808 4333">
     <span class='ocr_line' id='line_1_93' title="bbox 2153 4262 3808 4333; baseline -0.001 -16"><span class='ocrx_word' id='word_1_670' title='bbox 2153 4264 2675 4318; x_wconf 86' lang='lat' dir='ltr'>obtrectationibus</span> <span class='ocrx_word' id='word_1_671' title='bbox 2707 4263 2987 4316; x_wconf 85' lang='lat' dir='ltr'>adversus</span> <span class='ocrx_word' id='word_1_672' title='bbox 3022 4262 3338 4333; x_wconf 87' lang='lat' dir='ltr'>proximos,</span> <span class='ocrx_word' id='word_1_673' title='bbox 3376 4279 3487 4317; x_wconf 91' lang='lat' dir='ltr'>non</span> <span class='ocrx_word' id='word_1_674' title='bbox 3522 4264 3808 4318; x_wconf 88' lang='lat' dir='ltr'>contami-</span> 
     </span>
    </p>
   </div>
   <div class='ocr_carea' id='block_1_93' title="bbox 2155 4351 3808 4423">
    <p class='ocr_par' dir='ltr' id='par_1_93' title="bbox 2155 4351 3808 4423">
     <span class='ocr_line' id='line_1_94' title="bbox 2155 4351 3808 4423; baseline 0 -16"><span class='ocrx_word' id='word_1_675' title='bbox 2155 4353 2446 4421; x_wconf 86' lang='lat' dir='ltr'>navimus,</span> <span class='ocrx_word' id='word_1_676' title='bbox 2482 4357 2655 4423; x_wconf 91' lang='lat' dir='ltr'>atque</span> <span class='ocrx_word' id='word_1_677' title='bbox 2688 4352 2742 4404; x_wconf 92' lang='lat' dir='ltr'>in</span> <span class='ocrx_word' id='word_1_678' title='bbox 2776 4351 2935 4406; x_wconf 87' lang='lat' dir='ltr'>hunc</span> <span class='ocrx_word' id='word_1_679' title='bbox 2970 4355 3251 4405; x_wconf 86' lang='lat' dir='ltr'>tartarum</span> <span class='ocrx_word' id='word_1_680' title='bbox 3285 4351 3532 4419; x_wconf 81' lang='lat' dir='ltr'>conjecti</span> <span class='ocrx_word' id='word_1_681' title='bbox 3567 4368 3808 4420; x_wconf 86' lang='lat' dir='ltr'>sumus;</span> 
     </span>
    </p>
   </div>
   <div class='ocr_carea' id='block_1_94' title="bbox 2155 4437 3810 4511">
    <p class='ocr_par' dir='ltr' id='par_1_94' title="bbox 2155 4437 3810 4511">
     <span class='ocr_line' id='line_1_95' title="bbox 2155 4437 3810 4511; baseline -0.001 -15"><span class='ocrx_word' id='word_1_682' title='bbox 2155 4441 2253 4496; x_wconf 91' lang='lat' dir='ltr'>ubi</span> <span class='ocrx_word' id='word_1_683' title='bbox 2276 4441 2383 4496; x_wconf 88' lang='lat' dir='ltr'>loci</span> <span class='ocrx_word' id='word_1_684' title='bbox 2409 4441 2698 4511; x_wconf 82' lang='lat' dir='ltr'>angustiis</span> <span class='ocrx_word' id='word_1_685' title='bbox 2721 4443 2777 4495; x_wconf 89' lang='lat' dir='ltr'>et</span> <span class='ocrx_word' id='word_1_686' title='bbox 2799 4440 2907 4494; x_wconf 87' lang='lat' dir='ltr'>hac</span> <span class='ocrx_word' id='word_1_687' title='bbox 2933 4437 3331 4510; x_wconf 81' lang='lat' dir='ltr'>profunditate</span> <span class='ocrx_word' id='word_1_688' title='bbox 3353 4439 3646 4510; x_wconf 86' lang='lat' dir='ltr'>voraginis</span> <span class='ocrx_word' id='word_1_689' title='bbox 3678 4457 3810 4511; x_wconf 87' lang='lat' dir='ltr'>gra-</span> 
     </span>
    </p>
   </div>
   <div class='ocr_carea' id='block_1_95' title="bbox 2151 4527 3806 4602">
    <p class='ocr_par' dir='ltr' id='par_1_95' title="bbox 2151 4527 3806 4602">
     <span class='ocr_line' id='line_1_96' title="bbox 2151 4527 3806 4602; baseline -0.001 -15"><span class='ocrx_word' id='word_1_690' title='bbox 2151 4532 2299 4587; x_wconf 90' lang='lat' dir='ltr'>viter</span> <span class='ocrx_word' id='word_1_691' title='bbox 2329 4531 2647 4601; x_wconf 71' lang='lat' dir='ltr'>affligimur</span> <span class='ocrx_word' id='word_1_692' title='bbox 2696 4529 2993 4602; x_wconf 89' lang='lat' dir='ltr'>:quoniam</span> <span class='ocrx_word' id='word_1_693' title='bbox 3030 4527 3158 4583; x_wconf 69' lang='lat' dir='ltr'>altae</span> <span class='ocrx_word' id='word_1_694' title='bbox 3190 4527 3528 4592; x_wconf 84' lang='lat' dir='ltr'>humilitati,</span> <span class='ocrx_word' id='word_1_695' title='bbox 3553 4546 3679 4598; x_wconf 69' lang='lat' dir='ltr'>qua:</span> <span class='ocrx_word' id='word_1_696' title='bbox 3712 4548 3806 4585; x_wconf 88' lang='lat' dir='ltr'>ex-</span> 
     </span>
    </p>
   </div>
   <div class='ocr_carea' id='block_1_96' title="bbox 382 4616 2052 4704">
    <p class='ocr_par' dir='ltr' id='par_1_96' title="bbox 382 4617 2042 4698">
     <span class='ocr_line' id='line_1_97' title="bbox 382 4617 2042 4698; baseline 0.002 -28"><span class='ocrx_word' id='word_1_697' title='bbox 382 4617 476 4671; x_wconf 80' lang='grc' dir='ltr'>καὶ</span> <span class='ocrx_word' id='word_1_698' title='bbox 526 4617 685 4681; x_wconf 86' lang='grc' dir='ltr'>θείων</span> <span class='ocrx_word' id='word_1_699' title='bbox 739 4619 1032 4693; x_wconf 79' lang='grc' dir='ltr'>προξενοῦν</span> <span class='ocrx_word' id='word_1_700' title='bbox 1081 4620 1582 4698; x_wconf 72' lang='grc' dir='ltr'>ταπεινοφροσύνης</span> <span class='ocrx_word' id='word_1_701' title='bbox 1643 4619 2042 4695; x_wconf 85' lang='grc' dir='ltr'>προεκρίναμεν</span> 
     </span>
    </p>
   </div>
   <div class='ocr_carea' id='block_1_97' title="bbox 2165 4616 3804 4704">
    <p class='ocr_par' dir='ltr' id='par_1_97' title="bbox 2165 4616 3804 4690">
     <span class='ocr_line' id='line_1_98' title="bbox 2165 4616 3804 4690; baseline -0.002 -13"><span class='ocrx_word' id='word_1_702' title='bbox 2165 4621 2307 4677; x_wconf 84' lang='lat' dir='ltr'>:elsa</span> <span class='ocrx_word' id='word_1_703' title='bbox 2336 4625 2392 4675; x_wconf 92' lang='lat' dir='ltr'>et</span> <span class='ocrx_word' id='word_1_704' title='bbox 2423 4619 2620 4675; x_wconf 88' lang='lat' dir='ltr'>divina</span> <span class='ocrx_word' id='word_1_705' title='bbox 2667 4617 2961 4684; x_wconf 88' lang='lat' dir='ltr'>conciliat,</span> <span class='ocrx_word' id='word_1_706' title='bbox 2995 4616 3364 4690; x_wconf 68' lang='lat' dir='ltr'>praetulimus</span> <span class='ocrx_word' id='word_1_707' title='bbox 3416 4619 3754 4688; x_wconf 90' lang='lat' dir='ltr'>superbiam</span> <span class='ocrx_word' id='word_1_708' title='bbox 3791 4637 3804 4688; x_wconf 87' lang='lat'><strong>;</strong></span> 
     </span>
    </p>
   </div>
   <div class='ocr_carea' id='block_1_98' title="bbox 382 4705 2042 4784">
    <p class='ocr_par' dir='ltr' id='par_1_98' title="bbox 382 4705 2042 4784">
     <span class='ocr_line' id='line_1_99' title="bbox 382 4705 2042 4784; baseline 0.002 -25"><span class='ocrx_word' id='word_1_709' title='bbox 382 4705 488 4774; x_wconf 81' lang='grc' dir='ltr'>τήν</span> <span class='ocrx_word' id='word_1_710' title='bbox 547 4705 939 4784; x_wconf 74' lang='grc' dir='ltr'>ὑπερηφανίαν,</span> <span class='ocrx_word' id='word_1_711' title='bbox 988 4709 1076 4763; x_wconf 81' lang='grc' dir='ltr'>καὶ</span> <span class='ocrx_word' id='word_1_712' title='bbox 1124 4710 1187 4763; x_wconf 87' lang='grc' dir='ltr'>τὸ</span> <span class='ocrx_word' id='word_1_713' title='bbox 1239 4714 1340 4778; x_wconf 77' lang='grc' dir='ltr'>τῆς</span> <span class='ocrx_word' id='word_1_714' title='bbox 1393 4711 1586 4778; x_wconf 75' lang='grc' dir='ltr'>ἀρετῆς</span> <span class='ocrx_word' id='word_1_715' title='bbox 1637 4708 1817 4763; x_wconf 85' lang='grc' dir='ltr'>στενόν</span> <span class='ocrx_word' id='word_1_716' title='bbox 1865 4730 1923 4764; x_wconf 92' lang='grc' dir='ltr'>τε</span> <span class='ocrx_word' id='word_1_717' title='bbox 1953 4710 2042 4763; x_wconf 78' lang='grc' dir='ltr'>καὶ</span> 
     </span>
    </p>
   </div>
   <div class='ocr_carea' id='block_1_99' title="bbox 383 4793 2042 4874">
    <p class='ocr_par' dir='ltr' id='par_1_99' title="bbox 383 4793 2042 4874">
     <span class='ocr_line' id='line_1_100' title="bbox 383 4793 2042 4874; baseline 0.002 -26"><span class='ocrx_word' id='word_1_718' title='bbox 383 4793 638 4850; x_wconf 80' lang='grc' dir='ltr'>σύντονον</span> <span class='ocrx_word' id='word_1_719' title='bbox 690 4793 780 4850; x_wconf 70' lang='grc' dir='ltr'>διὰ</span> <span class='ocrx_word' id='word_1_720' title='bbox 807 4799 907 4866; x_wconf 81' lang='grc' dir='ltr'>τήν</span> <span class='ocrx_word' id='word_1_721' title='bbox 955 4801 1056 4863; x_wconf 80' lang='grc' dir='ltr'>τῆς</span> <span class='ocrx_word' id='word_1_722' title='bbox 1107 4799 1304 4872; x_wconf 88' lang='grc' dir='ltr'>σαρκὸς</span> <span class='ocrx_word' id='word_1_723' title='bbox 1355 4795 1804 4873; x_wconf 77' lang='grc' dir='ltr'>ὑπερϐάλλουσαν</span> <span class='ocrx_word' id='word_1_724' title='bbox 1848 4798 2042 4874; x_wconf 80' lang='grc' dir='ltr'>θρύψιν</span> 
     </span>
    </p>
   </div>
   <div class='ocr_carea' id='block_1_100' title="bbox 380 4882 1256 4961">
    <p class='ocr_par' dir='ltr' id='par_1_100' title="bbox 380 4882 1256 4961">
     <span class='ocr_line' id='line_1_101' title="bbox 380 4882 1256 4961; baseline 0.005 -23"><span class='ocrx_word' id='word_1_725' title='bbox 380 4905 450 4938; x_wconf 90' lang='grc' dir='ltr'>το</span> <span class='ocrx_word' id='word_1_726' title='bbox 482 4885 569 4939; x_wconf 79' lang='grc' dir='ltr'>καὶ</span> <span class='ocrx_word' id='word_1_727' title='bbox 603 4882 837 4940; x_wconf 86' lang='grc' dir='ltr'>διάθεσιν</span> <span class='ocrx_word' id='word_1_728' title='bbox 870 4886 1256 4961; x_wconf 85' lang='grc' dir='ltr'>ἀπεωσάμεθα.</span> 
     </span>
    </p>
   </div>
   <div class='ocr_carea' id='block_1_101' title="bbox 462 5008 2042 5090">
    <p class='ocr_par' dir='ltr' id='par_1_101' title="bbox 462 5008 2042 5090">
     <span class='ocr_line' id='line_1_102' title="bbox 462 5008 2042 5090; baseline 0 -24"><span class='ocrx_word' id='word_1_729' title='bbox 462 5013 513 5066; x_wconf 79' lang='grc'>4.</span> <span class='ocrx_word' id='word_1_730' title='bbox 548 5008 661 5066; x_wconf 78' lang='grc' dir='ltr'>Ποῦ</span> <span class='ocrx_word' id='word_1_731' title='bbox 709 5015 802 5065; x_wconf 77' lang='grc' dir='ltr'>νῦν</span> <span class='ocrx_word' id='word_1_732' title='bbox 854 5013 1014 5086; x_wconf 78' lang='grc' dir='ltr'>ἡμῶν</span> <span class='ocrx_word' id='word_1_733' title='bbox 1060 5011 1200 5068; x_wconf 83' lang='grc' dir='ltr'>ἐστιν</span> <span class='ocrx_word' id='word_1_734' title='bbox 1250 5013 1284 5082; x_wconf 82' lang='grc' dir='ltr'>ἠ</span> <span class='ocrx_word' id='word_1_735' title='bbox 1339 5011 1696 5090; x_wconf 77' lang='grc' dir='ltr'>ὑπερηφανία,</span> <span class='ocrx_word' id='word_1_736' title='bbox 1745 5011 1835 5067; x_wconf 87' lang='grc' dir='ltr'>καὶ</span> <span class='ocrx_word' id='word_1_737' title='bbox 1883 5011 2042 5082; x_wconf 79' lang='grc' dir='ltr'>ἡδιά</span> 
     </span>
    </p>
   </div>
   <div class='ocr_carea' id='block_1_102' title="bbox 378 5099 2038 5177">
    <p class='ocr_par' dir='ltr' id='par_1_102' title="bbox 378 5099 2038 5177">
     <span class='ocr_line' id='line_1_103' title="bbox 378 5099 2038 5177; baseline 0.001 -22"><span class='ocrx_word' id='word_1_738' title='bbox 378 5101 485 5168; x_wconf 80' lang='grc' dir='ltr'>τήν</span> <span class='ocrx_word' id='word_1_739' title='bbox 518 5099 735 5172; x_wconf 83' lang='grc' dir='ltr'>ἀλαζὼν</span> <span class='ocrx_word' id='word_1_740' title='bbox 767 5102 901 5177; x_wconf 77' lang='grc' dir='ltr'>πρὸς</span> <span class='ocrx_word' id='word_1_741' title='bbox 950 5101 1153 5165; x_wconf 88' lang='grc' dir='ltr'>πάντας</span> <span class='ocrx_word' id='word_1_742' title='bbox 1205 5099 1464 5174; x_wconf 88' lang='grc' dir='ltr'>διάθεσις,</span> <span class='ocrx_word' id='word_1_743' title='bbox 1513 5100 1602 5156; x_wconf 83' lang='grc' dir='ltr'>καὶ</span> <span class='ocrx_word' id='word_1_744' title='bbox 1719 5109 1818 5171; x_wconf 79' lang='grc' dir='ltr'>τῆς</span> <span class='ocrx_word' id='word_1_745' title='bbox 1843 5103 2038 5176; x_wconf 88' lang='grc' dir='ltr'>σαρκὸς</span> 
     </span>
    </p>
   </div>
   <div class='ocr_carea' id='block_1_103' title="bbox 385 5186 2040 5268">
    <p class='ocr_par' dir='ltr' id='par_1_103' title="bbox 385 5186 2040 5268">
     <span class='ocr_line' id='line_1_104' title="bbox 385 5186 2040 5268; baseline 0.002 -23"><span class='ocrx_word' id='word_1_746' title='bbox 385 5188 688 5266; x_wconf 83' lang='grc' dir='ltr'>βλακώδης</span> <span class='ocrx_word' id='word_1_747' title='bbox 716 5191 806 5246; x_wconf 77' lang='grc' dir='ltr'>καὶ</span> <span class='ocrx_word' id='word_1_748' title='bbox 840 5189 1163 5268; x_wconf 78' lang='grc' dir='ltr'>εὐδιάχυτος</span> <span class='ocrx_word' id='word_1_749' title='bbox 1213 5191 1406 5266; x_wconf 81' lang='grc' dir='ltr'>θρύψις</span> <span class='ocrx_word' id='word_1_750' title='bbox 1442 5211 1455 5261; x_wconf 88' lang='grc'><strong>;</strong></span> <span class='ocrx_word' id='word_1_751' title='bbox 1489 5192 1554 5246; x_wconf 72' lang='grc' dir='ltr'><em>Ὠ</em></span> <span class='ocrx_word' id='word_1_752' title='bbox 1581 5197 1682 5261; x_wconf 85' lang='grc' dir='ltr'>τῆς</span> <span class='ocrx_word' id='word_1_753' title='bbox 1731 5186 1992 5254; x_wconf 77' lang='grc' dir='ltr'>ἀϐουλίας</span> <span class='ocrx_word' id='word_1_754' title='bbox 2028 5194 2040 5248; x_wconf 86' lang='lat' dir='ltr'>l</span> 
     </span>
    </p>
   </div>
   <div class='ocr_carea' id='block_1_104' title="bbox 378 5278 2043 5360">
    <p class='ocr_par' dir='ltr' id='par_1_104' title="bbox 378 5278 2043 5360">
     <span class='ocr_line' id='line_1_105' title="bbox 378 5278 2043 5360; baseline 0.002 -26"><span class='ocrx_word' id='word_1_755' title='bbox 378 5279 499 5334; x_wconf 75' lang='grc' dir='ltr'>ἀντὶ</span> <span class='ocrx_word' id='word_1_756' title='bbox 530 5278 776 5354; x_wconf 80' lang='grc' dir='ltr'>γέλωτος</span> <span class='ocrx_word' id='word_1_757' title='bbox 811 5282 1080 5357; x_wconf 80' lang='grc' dir='ltr'>ἀκρατοῦς</span> <span class='ocrx_word' id='word_1_758' title='bbox 1110 5283 1199 5337; x_wconf 81' lang='grc' dir='ltr'>καὶ</span> <span class='ocrx_word' id='word_1_759' title='bbox 1229 5281 1327 5336; x_wconf 81' lang='lat'>106</span> <span class='ocrx_word' id='word_1_760' title='bbox 1372 5283 1671 5336; x_wconf 86' lang='grc' dir='ltr'>ἀκοκάστου</span> <span class='ocrx_word' id='word_1_761' title='bbox 1703 5281 1882 5360; x_wconf 83' lang='grc' dir='ltr'>ψόφου</span> <span class='ocrx_word' id='word_1_762' title='bbox 1934 5286 2043 5338; x_wconf 87' lang='grc' dir='ltr'>τῶν</span> 
     </span>
    </p>
   </div>
   <div class='ocr_carea' id='block_1_105' title="bbox 381 5369 2040 5447">
    <p class='ocr_par' dir='ltr' id='par_1_105' title="bbox 381 5369 2040 5447">
     <span class='ocr_line' id='line_1_106' title="bbox 381 5369 2040 5447; baseline 0.003 -24"><span class='ocrx_word' id='word_1_763' title='bbox 381 5373 626 5444; x_wconf 86' lang='grc' dir='ltr'>παρειῶν</span> <span class='ocrx_word' id='word_1_764' title='bbox 660 5371 688 5424; x_wconf 92' lang='lat'>6</span> <span class='ocrx_word' id='word_1_765' title='bbox 726 5370 891 5446; x_wconf 77' lang='grc' dir='ltr'>βαρὺς</span> <span class='ocrx_word' id='word_1_766' title='bbox 952 5371 1111 5434; x_wconf 79' lang='grc' dir='ltr'>οὗτος</span> <span class='ocrx_word' id='word_1_767' title='bbox 1162 5371 1405 5447; x_wconf 85' lang='grc' dir='ltr'>βρυγμός</span> <span class='ocrx_word' id='word_1_768' title='bbox 1455 5371 1563 5426; x_wconf 80' lang='grc' dir='ltr'>ἐστι</span> <span class='ocrx_word' id='word_1_769' title='bbox 1611 5376 1722 5426; x_wconf 82' lang='grc' dir='ltr'>τῶν</span> <span class='ocrx_word' id='word_1_770' title='bbox 1782 5369 2040 5428; x_wconf 75' lang='grc' dir='ltr'>ὀδόντων.</span> 
     </span>
    </p>
   </div>
   <div class='ocr_carea' id='block_1_106' title="bbox 381 5459 2043 5535">
    <p class='ocr_par' dir='ltr' id='par_1_106' title="bbox 381 5459 2043 5535">
     <span class='ocr_line' id='line_1_107' title="bbox 381 5459 2043 5535; baseline 0.001 -21"><span class='ocrx_word' id='word_1_771' title='bbox 381 5459 491 5527; x_wconf 82' lang='grc' dir='ltr'>Τήν</span> <span class='ocrx_word' id='word_1_772' title='bbox 523 5464 633 5514; x_wconf 88' lang='grc' dir='ltr'>τῶν</span> <span class='ocrx_word' id='word_1_773' title='bbox 666 5461 826 5523; x_wconf 87' lang='grc' dir='ltr'>θείων</span> <span class='ocrx_word' id='word_1_774' title='bbox 858 5461 946 5515; x_wconf 79' lang='grc' dir='ltr'>καὶ</span> <span class='ocrx_word' id='word_1_775' title='bbox 980 5461 1268 5534; x_wconf 84' lang='grc' dir='ltr'>σωτηρίων</span> <span class='ocrx_word' id='word_1_776' title='bbox 1318 5459 1500 5535; x_wconf 83' lang='grc' dir='ltr'>λόγων</span> <span class='ocrx_word' id='word_1_777' title='bbox 1550 5461 1774 5530; x_wconf 68' lang='grc' dir='ltr'>ἀσκῆσαι</span> <span class='ocrx_word' id='word_1_778' title='bbox 1811 5463 2043 5534; x_wconf 85' lang='grc' dir='ltr'>μάθησιν</span> 
     </span>
    </p>
   </div>
   <div class='ocr_carea' id='block_1_107' title="bbox 385 5548 2044 5626">
    <p class='ocr_par' dir='ltr' id='par_1_107' title="bbox 385 5548 2044 5626">
     <span class='ocr_line' id='line_1_108' title="bbox 385 5548 2044 5626; baseline 0.002 -23"><span class='ocrx_word' id='word_1_779' title='bbox 385 5549 464 5622; x_wconf 71' lang='grc' dir='ltr'>μὴ</span> <span class='ocrx_word' id='word_1_780' title='bbox 497 5548 878 5624; x_wconf 77' lang='grc' dir='ltr'>βουληθέντες,</span> <span class='ocrx_word' id='word_1_781' title='bbox 914 5549 1059 5606; x_wconf 79' lang='grc' dir='ltr'>ἀλλὰ</span> <span class='ocrx_word' id='word_1_782' title='bbox 1092 5552 1260 5624; x_wconf 80' lang='grc' dir='ltr'>μέθης</span> <span class='ocrx_word' id='word_1_783' title='bbox 1310 5549 1567 5626; x_wconf 86' lang='grc' dir='ltr'>ἀμετρίαν</span> <span class='ocrx_word' id='word_1_784' title='bbox 1617 5554 1717 5616; x_wconf 83' lang='grc' dir='ltr'>τῆς</span> <span class='ocrx_word' id='word_1_785' title='bbox 1752 5548 1840 5606; x_wconf 73' lang='grc' dir='ltr'>διὰ</span> <span class='ocrx_word' id='word_1_786' title='bbox 1871 5549 2044 5626; x_wconf 84' lang='grc' dir='ltr'>λόγου</span> 
     </span>
    </p>
   </div>
   <div class='ocr_carea' id='block_1_108' title="bbox 381 5636 2045 5714">
    <p class='ocr_par' dir='ltr' id='par_1_108' title="bbox 381 5636 2045 5714">
     <span class='ocr_line' id='line_1_109' title="bbox 381 5636 2045 5714; baseline 0 -20"><span class='ocrx_word' id='word_1_787' title='bbox 381 5636 529 5700; x_wconf 85' lang='grc' dir='ltr'>θείας</span> <span class='ocrx_word' id='word_1_788' title='bbox 589 5643 1032 5714; x_wconf 65' lang='grc' dir='ltr'>προτιμήσαντες</span> <span class='ocrx_word' id='word_1_789' title='bbox 1090 5641 1343 5701; x_wconf 81' lang='grc' dir='ltr'>αἰνέσεως</span> <span class='ocrx_word' id='word_1_790' title='bbox 1379 5687 1394 5710; x_wconf 90' lang='grc'>,</span> <span class='ocrx_word' id='word_1_791' title='bbox 1455 5637 1643 5701; x_wconf 90' lang='grc' dir='ltr'>δεινῶς</span> <span class='ocrx_word' id='word_1_792' title='bbox 1697 5641 2045 5713; x_wconf 88' lang='grc' dir='ltr'>κολαζόμεθα</span> 
     </span>
    </p>
   </div>
   <div class='ocr_carea' id='block_1_109' title="bbox 378 5723 2044 5806">
    <p class='ocr_par' dir='ltr' id='par_1_109' title="bbox 378 5723 2044 5806">
     <span class='ocr_line' id='line_1_110' title="bbox 378 5723 2044 5806; baseline 0.001 -24"><span class='ocrx_word' id='word_1_793' title='bbox 378 5733 476 5783; x_wconf 80' lang='grc' dir='ltr'>νῦν</span> <span class='ocrx_word' id='word_1_794' title='bbox 505 5735 608 5798; x_wconf 80' lang='grc' dir='ltr'>τῆς</span> <span class='ocrx_word' id='word_1_795' title='bbox 653 5727 913 5804; x_wconf 84' lang='grc' dir='ltr'>γλώσσης</span> <span class='ocrx_word' id='word_1_796' title='bbox 961 5727 1104 5804; x_wconf 88' lang='grc' dir='ltr'>δίψει</span> <span class='ocrx_word' id='word_1_797' title='bbox 1155 5723 1360 5806; x_wconf 78' lang='grc' dir='ltr'>φοϐερᾷ</span> <span class='ocrx_word' id='word_1_798' title='bbox 1393 5729 1420 5761; x_wconf 78' lang='grc'><strong><em>⁸</em></strong></span> <span class='ocrx_word' id='word_1_799' title='bbox 1447 5725 1719 5797; x_wconf 80' lang='grc' dir='ltr'>διακενῆς.</span> <span class='ocrx_word' id='word_1_800' title='bbox 1771 5730 1954 5800; x_wconf 71' lang='grc' dir='ltr'>’Ἄξιον</span> <span class='ocrx_word' id='word_1_801' title='bbox 1987 5727 2044 5784; x_wconf 76' lang='grc' dir='ltr'>δὲ</span> 
     </span>
    </p>
   </div>
   <div class='ocr_carea' id='block_1_110' title="bbox 2152 4705 3806 4780">
    <p class='ocr_par' dir='ltr' id='par_1_110' title="bbox 2152 4705 3806 4780">
     <span class='ocr_line' id='line_1_111' title="bbox 2152 4705 3806 4780; baseline -0.001 -15"><span class='ocrx_word' id='word_1_802' title='bbox 2152 4710 2502 4780; x_wconf 86' lang='lat' dir='ltr'>virtutisque</span> <span class='ocrx_word' id='word_1_803' title='bbox 2535 4708 2837 4776; x_wconf 75' lang='lat' dir='ltr'>angustias</span> <span class='ocrx_word' id='word_1_804' title='bbox 2867 4713 2924 4762; x_wconf 89' lang='lat' dir='ltr'>et</span> <span class='ocrx_word' id='word_1_805' title='bbox 2941 4705 3478 4773; x_wconf 84' lang='lat' dir='ltr'>contentionem,ob</span> <span class='ocrx_word' id='word_1_806' title='bbox 3510 4723 3806 4763; x_wconf 88' lang='lat' dir='ltr'>summam</span> 
     </span>
    </p>
   </div>
   <div class='ocr_carea' id='block_1_111' title="bbox 2153 4797 3696 4869">
    <p class='ocr_par' dir='ltr' id='par_1_111' title="bbox 2153 4797 3696 4869">
     <span class='ocr_line' id='line_1_112' title="bbox 2153 4797 3696 4869; baseline -0.001 -15"><span class='ocrx_word' id='word_1_807' title='bbox 2153 4801 2350 4855; x_wconf 88' lang='lat' dir='ltr'>carnis</span> <span class='ocrx_word' id='word_1_808' title='bbox 2380 4799 2684 4855; x_wconf 89' lang='lat' dir='ltr'>mollitiem</span> <span class='ocrx_word' id='word_1_809' title='bbox 2717 4797 3200 4869; x_wconf 77' lang='lat' dir='ltr'>voluptatemque</span> <span class='ocrx_word' id='word_1_810' title='bbox 3233 4797 3696 4868; x_wconf 89' lang='lat' dir='ltr'>repudiavimus.</span> 
     </span>
    </p>
   </div>
   <div class='ocr_carea' id='block_1_112' title="bbox 2227 5010 3808 5084">
    <p class='ocr_par' dir='ltr' id='par_1_112' title="bbox 2227 5010 3808 5084">
     <span class='ocr_line' id='line_1_113' title="bbox 2227 5010 3808 5084; baseline -0.002 -16"><span class='ocrx_word' id='word_1_811' title='bbox 2227 5015 2277 5068; x_wconf 81' lang='grc'>4.</span> <span class='ocrx_word' id='word_1_812' title='bbox 2314 5013 2419 5068; x_wconf 92' lang='lat' dir='ltr'>Ubi</span> <span class='ocrx_word' id='word_1_813' title='bbox 2441 5014 2568 5084; x_wconf 89' lang='lat' dir='ltr'>jam</span> <span class='ocrx_word' id='word_1_814' title='bbox 2599 5017 2688 5069; x_wconf 90' lang='lat' dir='ltr'>est</span> <span class='ocrx_word' id='word_1_815' title='bbox 2732 5017 2936 5068; x_wconf 87' lang='lat' dir='ltr'>nostra</span> <span class='ocrx_word' id='word_1_816' title='bbox 2983 5010 3280 5082; x_wconf 85' lang='lat' dir='ltr'>superbia,</span> <span class='ocrx_word' id='word_1_817' title='bbox 3314 5011 3415 5066; x_wconf 91' lang='lat' dir='ltr'>ubi</span> <span class='ocrx_word' id='word_1_818' title='bbox 3463 5010 3560 5066; x_wconf 89' lang='lat' dir='ltr'>ille</span> <span class='ocrx_word' id='word_1_819' title='bbox 3609 5015 3808 5068; x_wconf 86' lang='lat' dir='ltr'>noster</span> 
     </span>
    </p>
   </div>
   <div class='ocr_carea' id='block_1_113' title="bbox 2155 5099 3808 5174">
    <p class='ocr_par' dir='ltr' id='par_1_113' title="bbox 2155 5099 3808 5174">
     <span class='ocr_line' id='line_1_114' title="bbox 2155 5099 3808 5174; baseline -0.003 -16"><span class='ocrx_word' id='word_1_820' title='bbox 2155 5104 2498 5170; x_wconf 72' lang='lat' dir='ltr'>arrogantia:</span> <span class='ocrx_word' id='word_1_821' title='bbox 2525 5119 2661 5174; x_wconf 89' lang='lat' dir='ltr'>erga</span> <span class='ocrx_word' id='word_1_822' title='bbox 2681 5118 2888 5158; x_wconf 83' lang='lat' dir='ltr'>omnes</span> <span class='ocrx_word' id='word_1_823' title='bbox 2912 5100 3176 5167; x_wconf 69' lang='lat' dir='ltr'>affectus,</span> <span class='ocrx_word' id='word_1_824' title='bbox 3202 5099 3301 5154; x_wconf 93' lang='lat' dir='ltr'>ubi</span> <span class='ocrx_word' id='word_1_825' title='bbox 3323 5099 3514 5155; x_wconf 88' lang='lat' dir='ltr'>carnis</span> <span class='ocrx_word' id='word_1_826' title='bbox 3537 5099 3638 5154; x_wconf 92' lang='lat' dir='ltr'>illa</span> <span class='ocrx_word' id='word_1_827' title='bbox 3660 5099 3808 5155; x_wconf 86' lang='lat' dir='ltr'>mol-</span> 
     </span>
    </p>
   </div>
   <div class='ocr_carea' id='block_1_114' title="bbox 2155 5187 3806 5261">
    <p class='ocr_par' dir='ltr' id='par_1_114' title="bbox 2155 5187 3806 5261">
     <span class='ocr_line' id='line_1_115' title="bbox 2155 5187 3806 5261; baseline -0.001 -13"><span class='ocrx_word' id='word_1_828' title='bbox 2155 5191 2308 5249; x_wconf 89' lang='lat' dir='ltr'>lities</span> <span class='ocrx_word' id='word_1_829' title='bbox 2341 5192 2579 5248; x_wconf 89' lang='lat' dir='ltr'>sordida</span> <span class='ocrx_word' id='word_1_830' title='bbox 2629 5196 2686 5248; x_wconf 88' lang='lat' dir='ltr'>et</span> <span class='ocrx_word' id='word_1_831' title='bbox 2716 5191 2948 5246; x_wconf 70' lang='lat' dir='ltr'>effusa?</span> <span class='ocrx_word' id='word_1_832' title='bbox 2979 5191 3024 5246; x_wconf 92' lang='grc' dir='ltr'><strong>Ο</strong></span> <span class='ocrx_word' id='word_1_833' title='bbox 3065 5187 3622 5245; x_wconf 85' lang='lat' dir='ltr'>inconsiderantiam</span> <span class='ocrx_word' id='word_1_834' title='bbox 3657 5187 3669 5242; x_wconf 90' lang='grc' dir='ltr'>ι</span> <span class='ocrx_word' id='word_1_835' title='bbox 3703 5205 3806 5261; x_wconf 87' lang='lat' dir='ltr'>pro</span> 
     </span>
    </p>
   </div>
   <div class='ocr_carea' id='block_1_115' title="bbox 2154 5278 3806 5355">
    <p class='ocr_par' dir='ltr' id='par_1_115' title="bbox 2154 5278 3806 5355">
     <span class='ocr_line' id='line_1_116' title="bbox 2154 5278 3806 5355; baseline -0.002 -17"><span class='ocrx_word' id='word_1_836' title='bbox 2154 5283 2543 5355; x_wconf 82' lang='lat' dir='ltr'>intemperata</span> <span class='ocrx_word' id='word_1_837' title='bbox 2571 5283 2691 5336; x_wconf 92' lang='lat' dir='ltr'>risu</span> <span class='ocrx_word' id='word_1_838' title='bbox 2726 5284 2780 5336; x_wconf 89' lang='lat' dir='ltr'>et</span> <span class='ocrx_word' id='word_1_839' title='bbox 2811 5279 3027 5336; x_wconf 89' lang='lat' dir='ltr'>lascivo</span> <span class='ocrx_word' id='word_1_840' title='bbox 3057 5293 3340 5351; x_wconf 88' lang='lat' dir='ltr'>genarum</span> <span class='ocrx_word' id='word_1_841' title='bbox 3365 5278 3806 5351; x_wconf 72' lang='lat' dir='ltr'>2IBstrepitu,</span> 
     </span>
    </p>
   </div>
   <div class='ocr_carea' id='block_1_116' title="bbox 2155 5366 3808 5446">
    <p class='ocr_par' dir='ltr' id='par_1_116' title="bbox 2155 5366 3808 5446">
     <span class='ocr_line' id='line_1_117' title="bbox 2155 5366 3808 5446; baseline -0.001 -20"><span class='ocrx_word' id='word_1_842' title='bbox 2155 5373 2492 5446; x_wconf 78' lang='lat' dir='ltr'>gravisjam</span> <span class='ocrx_word' id='word_1_843' title='bbox 2539 5377 2624 5426; x_wconf 84' lang='lat' dir='ltr'>est.</span> <span class='ocrx_word' id='word_1_844' title='bbox 2679 5370 2896 5425; x_wconf 84' lang='lat' dir='ltr'>stridor</span> <span class='ocrx_word' id='word_1_845' title='bbox 2943 5368 3225 5423; x_wconf 84' lang='lat' dir='ltr'>dentium.</span> <span class='ocrx_word' id='word_1_846' title='bbox 3280 5366 3424 5430; x_wconf 86' lang='lat' dir='ltr'>Quia</span> <span class='ocrx_word' id='word_1_847' title='bbox 3474 5366 3808 5424; x_wconf 88' lang='lat' dir='ltr'>divinorum</span> 
     </span>
    </p>
   </div>
   <div class='ocr_carea' id='block_1_117' title="bbox 2156 5455 3803 5532">
    <p class='ocr_par' dir='ltr' id='par_1_117' title="bbox 2156 5455 3803 5532">
     <span class='ocr_line' id='line_1_118' title="bbox 2156 5455 3803 5532; baseline -0.003 -17"><span class='ocrx_word' id='word_1_848' title='bbox 2156 5461 2622 5532; x_wconf 75' lang='lat' dir='ltr'>salutariumque</span> <span class='ocrx_word' id='word_1_849' title='bbox 2656 5475 2993 5514; x_wconf 75' lang='lat' dir='ltr'>sermonum</span> <span class='ocrx_word' id='word_1_850' title='bbox 3037 5455 3410 5524; x_wconf 84' lang='lat' dir='ltr'>disciplinam</span> <span class='ocrx_word' id='word_1_851' title='bbox 3447 5455 3803 5524; x_wconf 88' lang='lat' dir='ltr'>respuimus,</span> 
     </span>
    </p>
   </div>
   <div class='ocr_carea' id='block_1_118' title="bbox 2155 5541 3806 5615">
    <p class='ocr_par' dir='ltr' id='par_1_118' title="bbox 2155 5541 3806 5615">
     <span class='ocr_line' id='line_1_119' title="bbox 2155 5541 3806 5615; baseline -0.005 -8"><span class='ocrx_word' id='word_1_852' title='bbox 2155 5552 2251 5607; x_wconf 88' lang='lat' dir='ltr'>sed</span> <span class='ocrx_word' id='word_1_853' title='bbox 2293 5550 2737 5603; x_wconf 79' lang='lat' dir='ltr'>immoderatam</span> <span class='ocrx_word' id='word_1_854' title='bbox 2765 5548 3102 5602; x_wconf 79' lang='lat' dir='ltr'>ebrietatem</span> <span class='ocrx_word' id='word_1_855' title='bbox 3128 5541 3343 5598; x_wconf 89' lang='lat' dir='ltr'>divinis</span> <span class='ocrx_word' id='word_1_856' title='bbox 3365 5543 3640 5599; x_wconf 83' lang='lat' dir='ltr'>laudibus</span> <span class='ocrx_word' id='word_1_857' title='bbox 3663 5561 3806 5615; x_wconf 66' lang='lat' dir='ltr'>prae-</span> 
     </span>
    </p>
   </div>
   <div class='ocr_carea' id='block_1_119' title="bbox 2154 5631 3805 5712">
    <p class='ocr_par' dir='ltr' id='par_1_119' title="bbox 2154 5631 3805 5712">
     <span class='ocr_line' id='line_1_120' title="bbox 2154 5631 3805 5712; baseline -0.004 -18"><span class='ocrx_word' id='word_1_858' title='bbox 2154 5639 2486 5712; x_wconf 86' lang='lat' dir='ltr'>posuimus,</span> <span class='ocrx_word' id='word_1_859' title='bbox 2512 5639 2633 5707; x_wconf 86' lang='lat' dir='ltr'>jam</span> <span class='ocrx_word' id='word_1_860' title='bbox 2667 5638 2914 5707; x_wconf 79' lang='lat' dir='ltr'>graviter</span> <span class='ocrx_word' id='word_1_861' title='bbox 2954 5631 3308 5696; x_wconf 87' lang='lat' dir='ltr'>cruciamur,</span> <span class='ocrx_word' id='word_1_862' title='bbox 3338 5633 3478 5687; x_wconf 90' lang='lat' dir='ltr'>dum</span> <span class='ocrx_word' id='word_1_863' title='bbox 3511 5633 3805 5688; x_wconf 87' lang='lat' dir='ltr'>horrenda</span> 
     </span>
    </p>
   </div>
   <div class='ocr_carea' id='block_1_120' title="bbox 2155 5719 3802 5798">
    <p class='ocr_par' dir='ltr' id='par_1_120' title="bbox 2155 5719 3802 5798">
     <span class='ocr_line' id='line_1_121' title="bbox 2155 5719 3802 5798; baseline -0.005 -15"><span class='ocrx_word' id='word_1_864' title='bbox 2155 5729 2251 5785; x_wconf 92' lang='lat' dir='ltr'>siti</span> <span class='ocrx_word' id='word_1_865' title='bbox 2284 5727 2484 5798; x_wconf 86' lang='lat' dir='ltr'>lingua</span> <span class='ocrx_word' id='word_1_866' title='bbox 2515 5731 2719 5781; x_wconf 89' lang='lat' dir='ltr'>nostra</span> <span class='ocrx_word' id='word_1_867' title='bbox 2747 5723 3048 5780; x_wconf 82' lang='lat' dir='ltr'>exarescit.</span> <span class='ocrx_word' id='word_1_868' title='bbox 3067 5719 3320 5791; x_wconf 88' lang='lat' dir='ltr'>Dignum</span> <span class='ocrx_word' id='word_1_869' title='bbox 3354 5738 3495 5778; x_wconf 87' lang='lat' dir='ltr'>sane</span> <span class='ocrx_word' id='word_1_870' title='bbox 3522 5723 3653 5776; x_wconf 90' lang='lat' dir='ltr'>odio</span> <span class='ocrx_word' id='word_1_871' title='bbox 3685 5724 3802 5774; x_wconf 89' lang='lat' dir='ltr'>tra-</span> 
     </span>
    </p>
   </div>
  </div>
