4132 6362
372 386 488 450 595

1538 383 1604 442 S.
1653 379 2178 442 A'l‘HANASlUS.
2201 414 2279 424 —
2309 381 2620 445 SPURIA.

3671 378 3792 443 596

371 525 558 587 terno,
592 521 830 591 invidia,
882 518 1014 576 dolo
1065 518 1206 575 item
1250 521 1305 574 et
1354 517 1650 591 hypocrisi
1697 515 1939 588 (quibus
1971 517 2026 568 et

2143 509 2357 566 καὶτοῦ
2414 514 2550 588 πρὸς
2605 491 3054 592 τοὺςίάδελφοὺς
3111 512 3276 585 ἡμῶν
3328 512 3546 585 μίσους,
3592 511 3796 590 φθόνου

372 625 477 680 per
504 626 635 681 qua;
664 608 883 665 invidia
932 608 1237 679 exoritur),
1267 606 1645 675 contumelia,
1694 600 2032 669 calumniis,

370 697 721 769 injuriarum
754 698 1066 763 memoria,
1101 696 1428 762 mendacio,
1462 695 1747 768 parjurio,
1776 694 2033 747 fructum

374 787 768 860 decerpimus,
801 789 958 843 hunc
1005 784 1230 841 scilicet
1267 801 1521 840 vermem
1575 782 1675 854 qui
1729 794 2031 850 nunquam

374 877 647 941 moritur,
679 878 1055 947 animamque
1105 880 1367 930 nostram
1422 871 1681 929 corrodit
1730 869 1937 925 intime
1977 862 2038 922 et

374 965 1108 1029 insatiabiliter.0uoniam
1130 964 1507 1034 corrupimus
1526 960 1829 1018 cbaritatis
1858 958 2000 1013 recti
2017 989 2032 997 -

373 1047 667 1126 tudinem,
697 1059 1024 1111 tortuosam
1056 1059 1112 1108 et
1142 1052 1444 1123 obliquam
1476 1050 1721 1108 fecimus
1753 1047 1939 1117 illam,
1968 1062 2035 1104 ac

375 1146 692 1218 perodium
716 1145 884 1201 nobis
906 1149 1116 1216 sponte
1140 1147 1340 1198 nostra
1353 1140 1573 1197 malum
1593 1139 1761 1195 illum
1775 1153 2030 1194 vermem

374 1235 769 1304 condidimus,
803 1250 869 1290 ac
901 1235 1158 1305 pejorem
1188 1230 1623 1287 tortuositatem
1655 1244 1756 1300 per
1786 1228 2031 1282 menda-

376 1324 535 1380 cium
568 1323 739 1380 nobis
768 1321 1103 1390 efi‘odimus,
1136 1322 1210 1377 ob
1235 1336 1414 1391 quam
1446 1319 1562 1375 Deo
1612 1316 1713 1389 qui
1754 1322 1947 1372 rectus
1977 1318 2034 1371 et

377 1413 598 1486 probus
623 1418 713 1469 est
741 1411 1040 1482 conjuncti
1086 1426 1200 1467 non
1224 1426 1450 1466 sumus.
1489 1409 1617 1478 Ipse
1667 1421 1923 1476 namque
1952 1404 2034 1460 ait

379 1519 485 1575 per
504 1508 775 1557 sanctum
801 1500 1144 1573 prophetam
1168 1498 1350 1554 David
1375 1515 1388 1553 :
1414 1520 1441 1547 ‹‹
1471 1497 1597 1552 Non
1620 1493 1866 1552 adhaesit
1888 1492 2032 1549 mihi

381 1607 481 1649 cor
508 1595 842 1647 tortuosum
871 1591 935 1645 ⁷⁷.
970 1612 999 1639 ››
1029 1588 1216 1661 Digna
1243 1587 1442 1659 itaque
1474 1586 1643 1642 factis
1691 1584 2030 1656 recipimus,

380 1682 694 1754 potiusque
725 1679 904 1752 digna
949 1677 1181 1735 consilii
1210 1683 1266 1733 et
1297 1677 1543 1733 all‘ectus
1575 1674 1758 1731 nostri
1794 1672 2033 1745 praemia

382 1770 715 1827 referimus.
746 1769 857 1826 Pro
903 1767 1223 1840 voluptatis
1274 1766 1432 1839 igne,
1462 1765 1659 1837 ignem
1710 1762 2030 1835 gehennaa;

2142 620 2201 655 τε
2229 600 2319 655 καὶ
2351 598 2541 675 δόλου,
2590 602 2681 657 καὶ
2741 602 3077 679 ὑποκρίσεως
3135 601 3209 676 (ἐξ
3259 603 3334 657 ὧν
3390 600 3481 656 καὶ
3531 598 3601 656 δι’
3651 602 3729 656 ὧν
3768 604 3796 657 ὁ

2144 689 2389 767 φθόνος),
2423 688 2705 769 λοιῖορίας
2751 713 2809 747 τε
2855 692 2947 748 καὶ
2979 689 3359 771 συκοφαντίας,
3399 691 3491 747 καὶ
3527 712 3794 765 μνησικα-

2142 777 2284 849 κίας,
2314 781 2405 835 καὶ
2437 778 2689 855 ψεύδους,
2739 782 2829 837 καὶ
2879 781 3162 858 ἐπιορκίας
3210 778 3518 857 δρεπόμεθα
3562 781 3795 859 καρπὸν,

2141 874 2335 926 τοῦτον
2382 870 2474 926 τὸν
2522 870 2827 945 ἀκοίμητον
2870 870 3134 941 σκώληκα
3173 870 3238 926 τὸ
3294 871 3459 945 βάθος
3506 871 3670 943 ἡμῶν
3699 878 3797 941 τῆς

2144 962 2329 1035 ψυχῆς
2377 959 2683 1036 ἀδιορίστως
2721 959 2989 1026 ἐσθίοντα.
3034 957 3258 1030 Ἐπειδή
3308 964 3410 1024 τῆς
3462 959 3681 1035 ἀγάπης
3736 962 3797 1015 τὸ

2143 1047 2312 1121 εὐθὶς,
2373 1047 2771 1128 διαφθείραντες
2828 1048 2995 1119 αὐτὴν
3027 1096 3042 1121 ,
3102 1044 3579 1123 ὲσκαμϐώσαμεν,
3633 1050 3796 1105 κακὸν

2144 1135 2235 1192 διά
2294 1138 2485 1211 μίσους
2543 1138 2727 1201 αὐτοῖς
2787 1139 3033 1194 ἑκούσιον
3091 1137 3601 1216 δημιουργήσαντες
3660 1138 3799 1194 σκώ-

2144 1224 2309 1298 ληκα,
2342 1228 2432 1283 καὶ
2464 1227 2834 1304 πονηροτέραν
2871 1223 3227 1302 σκαμϐότητα
3268 1225 3359 1283 διὰ
3396 1225 3633 1302 ψεύδους
3681 1228 3801 1305 ὀρύα

2142 1316 2347 1387 ξαντες,
2381 1314 2450 1371 δι’
2480 1319 2542 1387 ἢν
2591 1322 2670 1389 τῷ
2711 1323 2829 1391 Θεῷ
2871 1323 2949 1390 τῷ
2998 1317 3142 1382 εὐθεῖ
3187 1317 3279 1373 καὶ
3331 1317 3476 1394 ὀρθῷ
3508 1315 3620 1393 οὐχ
3649 1318 3798 1387 ἠνώ-

2143 1407 2338 1479 θημεν.
2372 1406 2549 1468 Αὐτὸς
2577 1407 2679 1483 γάρ
2712 1407 2826 1462 εἶπε
2867 1404 2957 1461 διὰ
3001 1412 3098 1464 τοῦ
3150 1407 3307 1484 ἁγίου
3338 1402 3507 1462 Δαϐὶδ
3536 1411 3639 1463 τοῦ
3671 1428 3799 1482 προ-

2142 1496 2335 1572 φήτου·
2373 1520 2401 1547 ‹‹
2433 1494 2549 1553 Οὐκ
2599 1493 2877 1565 ἐκολλήθη
2933 1517 3027 1569 μοι
3058 1493 3257 1570 καρδία
3300 1489 3542 1569 σκαμόή.
3581 1519 3611 1547 υ
3644 1495 3798 1567 ’Ἄξια

2138 1589 2428 1660 τοιγαροῦν
2469 1583 2545 1639 ὤν
2590 1584 2892 1661 ἐπράξαμεν
2939 1580 3425 1659 ἀπολαμϐάνομεν·
3476 1581 3698 1659 μᾶλλον
3743 1582 3798 1641 δὲ

2137 1680 2239 1742 τῆς
2272 1673 2474 1736 οἰκείας
2505 1674 2640 1729 κατά
2670 1674 2924 1750 πρόθεσιν
2957 1671 3249 1739 διαθέσεως
3281 1672 3400 1746 ἄξια
3451 1672 3797 1747 κομιζόμεθα

2139 1762 2206 1818 τὰ
2235 1762 2509 1840 ἐπίχειρα·
2542 1763 2711 1839 πυρὸς
2759 1760 2968 1834 ἡδονῆς
3010 1768 3115 1839 πῦρ
3150 1765 3394 1841 γεέννης,
3425 1763 3516 1819 καὶ
3566 1762 3795 1826 σκότους

381 1876 488 1932 pro
535 1859 792 1915 tenebris
841 1857 1186 1930 ignorantia
1232 1862 1291 1912 et
1336 1853 1578 1910 fallacia:
1618 1858 2026 1924 temporaneae,

2143 1850 2363 1925 ἀγνοίας
2420 1852 2511 1905 καὶ
2571 1852 2780 1921 ἀπάτης
2837 1849 3171 1927 προσκαίρου
3221 1848 3415 1912 σκότος
3447 1849 3678 1905 αίώνιον
3707 1851 3794 1904 καὶ

380 1949 657 2006 tenebras
687 1951 1020 2014 mternas,et
1044 1962 1298 2001 vermem
1327 1944 1577 2000 ultorem
1600 1942 1700 2015 qui
1727 1958 2031 2014 nunquam

381 2038 633 2094 moritur
659 2055 672 2104 ;
708 2053 811 2109 pro
840 2052 1037 2092 verme
1066 2034 1166 2091 illo
1197 2033 1295 2105 qui
1325 2050 1429 2106 per
1457 2032 1662 2089 odium
1704 2035 1762 2088 et
1792 2029 2030 2087 menda-

380 2127 561 2194 cium,
594 2143 694 2183 cor
722 2125 1029 2197 obliquum
1062 2129 1119 2180 et
1148 2127 1480 2180 tortuosum
1531 2121 1808 2188 reddidit,
1833 2125 1889 2176 et
1928 2136 2031 2191 pro

379 2232 663 2290 genarum
695 2215 908 2272 lascivo
948 2214 1222 2285 strepitu,
1251 2212 1477 2268 ardoris
1510 2210 1671 2266 illius
1719 2209 2030 2282 strepitum

379 2305 814 2376 stridoremque
843 2303 1109 2359 dentium
1146 2319 1159 2359 :
1194 2319 1296 2373 pro
1327 2300 1578 2357 elatione
1608 2299 1802 2356 inanis
1835 2315 2033 2371 super-

378 2395 509 2465 bia,
532 2400 590 2451 et
618 2410 721 2466 pro
740 2394 1023 2450 effusione
1044 2391 1167 2460 illa,
1193 2391 1651 2463 absorptionem,
1677 2389 2029 2445 immensam

376 2483 713 2556 voraginem
737 2488 795 2539 et
818 2482 927 2539 loci
949 2481 1276 2554 angustias.
1314 2479 1590 2551 Denique,
1625 2483 1690 2534 ut
1712 2495 1827 2534 uno
1858 2479 2030 2534 verbo

380 2573 570 2630 dicam
582 2589 705 2645 ,pro
719 2571 966 2642 singulis
983 2577 1192 2642 sponte
1204 2569 1483 2625 admissis
1497 2569 1686 2636 malis,
1706 2584 2027 2639 congruum

378 2661 517 2718 licet
546 2661 725 2717 invite
754 2659 1113 2733 supplicium
1146 2658 1353 2715 merito
1383 2658 1624 2714 luimus.

446 2752 502 2807 5.
534 2750 579 2807 Ο
611 2750 910 2806 miseriam
936 2753 1195 2806 nostram
1222 2747 1233 2802 l
1261 2749 1372 2804 heu
1393 2748 1590 2804 miseri
1623 2765 1750 2814 nos,
1774 2749 1877 2820 qui
1906 2765 2028 2804 car-

378 2839 470 2897 nis
499 2840 695 2912 ignem
724 2857 840 2895 non
870 2839 1301 2911 exstinguimus
1330 2839 1582 2909 jejunio,
1612 2837 1849 2909 vigiliis,
1882 2838 2026 2894 divi-

375 2947 587 2986 norum
619 2929 989 3001 eloquiorum
1041 2928 1422 2985 meditatione
1456 2944 1469 2983 :
1502 2928 1720 2999 quibus
1766 2928 1944 2999 probe
1973 2934 2031 2984 et

374 3019 654 3077 facillime
686 3017 1073 3090 restinguitur
1103 3016 1277 3090 ignis,
1303 3024 1367 3073 ut
1397 3034 1469 3073 ne
1490 3017 1596 3074 hoc
1620 3018 1738 3089 iam
1760 3017 1895 3091 igne
1912 3023 2026 3074 tor-

375 3108 824 3175 reremus.Quid
846 3108 1000 3179 quod
1024 3124 1139 3163 non
1163 3106 1537 3163 assuevimus
1560 3107 1776 3173 videre,
1799 3107 2025 3179 audire,

372 3197 534 3270 loqui
569 3199 896 3255 secundum
928 3202 1242 3262 naturam;
1278 3212 1350 3251 ne
1373 3197 1499 3266 jam
1530 3195 1589 3251 in
1635 3196 1745 3251 hac
1776 3196 2030 3269 caligine

376 3286 788 3359 altissimoque
817 3284 1050 3342 silentio
1100 3286 1487 3357 degeremus;
1522 3285 1623 3340 sed
1674 3283 1828 3352 luce,
1856 3286 2028 3342 verbo

376 3380 434 3433 et
462 3376 751 3449 sapientia
785 3375 1044 3443 Dei,cum
1076 3374 1302 3430 sanctis
1334 3390 1443 3431 nos
1471 3373 1647 3430 etiam
1679 3374 2029 3442 frueremur,

377 3465 638 3521 divinam
668 3464 916 3537 gloriam
949 3462 1437 3534 contemplantes,
1456 3463 1785 3530 audientes,
1817 3480 2028 3521 canen-

375 3557 466 3609 tes
484 3554 512 3608 ?
538 3557 656 3609 Aut
683 3553 825 3625 quid
846 3558 935 3610 est
957 3553 1111 3624 quod
1134 3552 1252 3608 odii
1284 3551 1591 3624 spontanei
1621 3568 1877 3608 vermem
1900 3554 2032 3609 cha-

374 3642 550 3698 ritate
580 3659 693 3699 non
726 3641 1122 3707 enecavimus,
1158 3641 1299 3712 quid
1349 3658 1464 3696 non
1515 3640 1755 3697 veritate
1788 3644 2028 3699 menda-

371 3730 529 3787 cium
553 3730 878 3787 delevimus
894 3732 1060 3802 Pjum
1079 3734 1235 3785 certe
1255 3730 1364 3786 hoc
1386 3730 1613 3785 ardenti
1643 3746 1837 3785 verme
1859 3730 2027 3787 liberi

368 3835 656 3887 essemus,
692 3835 918 3876 necnon
968 3816 1212 3890 reliquis
1243 3835 1372 3890 quas
1422 3817 1718 3874 miseriam
1765 3823 2027 3877 nostram

368 3908 656 3965 distineat
685 3909 885 3964 vitam.
918 3908 1157 3964 Justum
1209 3912 1297 3963 est
1325 3907 1425 3963 Dei
1450 3907 1766 3978 judicium.
1799 3908 2025 3981 Nequa-

366 4013 545 4070 quam
575 3998 914 4054 invenimus
964 3997 1121 4068 quod
1172 3995 1569 4068 quaesivimus,
1615 4014 1719 4053 nec
1767 3999 2027 4070 aperitur

364 4086 539 4142 nobis
561 4086 751 4157 janua
781 4085 943 4158 regni
993 4085 1293 4141 caelorum.
1328 4086 1476 4151 Quia
1524 4086 1682 4142 enim
1733 4088 2023 4145 bonorum

360 4174 604 4246 januam
656 4175 825 4231 factis
874 4175 1093 4231 nostris
1145 4192 1258 4230 non
1310 4175 1697 4248 pulsavimus,
1732 4177 2020 4234 bonorum

364 4268 718 4320 aeternorum
775 4281 890 4321 non
949 4264 1276 4336 accipimus
1352 4266 1807 4336 possessionem.
1877 4270 2025 4334 Quia

363 4351 627 4410 scientias
654 4355 905 4427 gratiam
939 4353 1211 4426 precibus
1246 4371 1360 4409 non
1393 4354 1823 4426 postulavimus
1867 4357 2020 4427 (nul-

359 4440 454 4499 lus
486 4443 703 4516 quippe
735 4444 903 4499 nobis
935 4444 1045 4499 fuit
1073 4442 1403 4499 divinorum
1437 4460 1638 4512 amor;
1675 4445 1775 4499 sed
1827 4451 2023 4501 mente

358 4536 564 4588 nostra
586 4531 834 4588 terrenis
865 4532 1111 4596 irretita,
1149 4537 1333 4589 totam
1364 4533 1544 4589 vitam
1598 4538 1861 4589 nostram
1896 4550 2017 4590 cor-

2143 1938 2407 2011 σκώληκα
2435 1937 2761 1995 κολαστικόν
2790 1960 2849 1995 τε
2877 1940 2966 1995 καὶ
3015 1939 3337 2013 ἀκοίμητον·
3372 1936 3666 2009 σκώληκος
3692 1943 3788 1994 τοῦ

2142 2026 2233 2084 διὰ
2264 2028 2454 2102 μίσους
2484 2028 2574 2084 καὶ
2606 2025 2837 2104 ψεύδους
2863 2029 2965 2097 τῆν
2989 2026 3215 2105 καρδίαν
3260 2026 3668 2091 σκολιώσαντος
3698 2029 3785 2083 καὶ

2141 2113 2595 2192 σκαμϐώσαντος,
2643 2118 2733 2173 καὶ
2778 2112 2989 2196 ψόφους
3040 2120 3180 2191 (87‘)
3236 2122 3473 2193 παρειῶν
3507 2117 3789 2194 ἀσελγοῦς,

2147 2208 2459 2284 βράσματος
2491 2207 2665 2286 ψόφον
2709 2205 2800 2262 καί
2852 2204 3091 2263 ὀδόντων
3147 2207 3391 2284 βρυγμόν
3427 2226 3440 2239 ·
3487 2207 3580 2262 καὶ
3632 2205 3794 2281 ὕψους

2143 2296 2510 2375 ὑπερηφανίας
2546 2294 2775 2368 ματαίας
2828 2297 2918 2351 καὶ
2963 2292 3269 2372 διαχύσεως
3318 2294 3478 2351 πόσιν
3508 2295 3599 2351 καὶ
3637 2295 3792 2373 βάθος

2139 2387 2334 2463 ἀχανὲς
2364 2385 2455 2441 καὶ
2487 2386 2780 2456 στενότητα
2811 2385 3044 2457 πήξεως,
3076 2385 3165 2440 καὶ
3225 2383 3412 2447 ἁπλῶς
3444 2384 3639 2457 εἰπεῖν,
3670 2385 3787 2441 ἐκά-

2141 2496 2268 2531 στου
2296 2479 2407 2530 τῶν
2439 2475 2699 2531 ἑκουσίων
2729 2476 2892 2548 ἡμῶν
2922 2480 3102 2531 κακῶν
3152 2476 3254 2544 τὴν
3285 2475 3512 2530 ἑκάστου
3544 2496 3783 2553 προσφο-

2140 2564 2237 2640 ρὰν
2267 2566 2356 2620 καὶ
2389 2563 2642 2620 ἀκούσιον
2688 2564 2959 2641 τιμωρίαν
3011 2562 3233 2627 δικαίως
3286 2560 3780 2639 ἀντιλαμϐάνομεν.

2207 2749 2263 2805 5,
2292 2751 2356 2800 Ὠ
2384 2750 2482 2814 τῆς
2522 2738 2893 2814 ἐλεεινὸτητος
2942 2744 3104 2816 ⁴ἡμῶν
3139 2742 3152 2799 ί
3185 2743 3331 2815 ἡμᾶς
3378 2740 3508 2805 τοὺς
3542 2740 3775 2812 ἀθλίους,

2142 2838 2217 2908 μὴ
2250 2829 2571 2889 κατασϐέσαι
2602 2832 2663 2888 τὸ
2715 2837 2820 2906 πῦρ
2867 2839 2969 2902 τῆς
3017 2832 3213 2907 σαρκὸς
3262 2828 3353 2886 διὰ
3394 2832 3643 2902 νηστείας
3691 2830 3771 2883 καί

2137 2923 2431 3000 ἀγρυανίας
2459 2924 2548 2978 καὶ
2572 2929 2675 2991 τῆς
2703 2927 2813 2976 τῶν
2867 2921 3027 2975 θείων
3080 2918 3284 2997 λογίων
3318 2918 3566 2994 μελὲτης,
3599 2917 3767 2973 καλῶν

2139 3011 2311 3070 ὄντων
2359 3013 2449 3069 καί
2511 3012 2766 3087 εὐμαρῶν
2822 3015 2924 3065 τοῦ
2971 3011 3142 3085 πυρὸς
3198 3005 3548 3084 σϐεστηρίων,
3578 3006 3771 3079 καὶμὴ

2135 3103 2315 3177 τούτῳ
2345 3107 2436 3158 νῦν
2465 3107 2545 3175 τῷ
2594 3100 2725 3177 πυρὶ
2770 3100 3177 3177 τηγανίζεσθαι.
3214 3098 3282 3157 Τί
3334 3099 3409 3172 μή
3457 3097 3593 3152 κατᾶ
3629 3094 3774 3173 φύσιν

2142 3193 2272 3270 ὁρᾷν
2300 3214 2360 3248 τε
2385 3191 2477 3247 καὶ
2510 3189 2722 3246 ἀκούειν
2773 3189 2862 3245 καὶ
2907 3186 3097 3245 λαλεῖν
3147 3189 3248 3257 τὴν
3300 3186 3557 3264 γλῶτταν
3597 3183 3783 3240 εἷθίσα-

2148 3305 2266 3357 μεν,
2293 3279 2388 3337 ’ίνα
2421 3283 2497 3355 μὴ
2547 3283 2740 3335 τοῦτον
2790 3274 3010 3355 ἔχωμεν
3059 3281 3150 3333 νῦν
3207 3277 3297 3332 τὸν
3360 3274 3525 3353 ζόφον
3572 3274 3660 3329 καὶ
3686 3272 3782 3342 τὴν

2144 3370 2448 3449 βαρυτάτην
2494 3371 2678 3445 σιγῆν,
2710 3365 2857 3423 ἀλλά
2904 3367 2992 3422 καὶ
3025 3368 3189 3439 ἡμεῖς
3239 3370 3338 3421 τοῦ
3367 3366 3549 3443 φωτὸς
3579 3362 3667 3419 καὶ
3694 3366 3785 3416 τοῦ

2140 3460 2308 3537 λόγου
2366 3460 2456 3515 καὶ
2511 3462 2610 3524 τῆς
2662 3456 2850 3535 σοφίας
2909 3461 3009 3511 τοῦ
3069 3460 3205 3511 Θεοῦ
3265 3455 3397 3529 μετὰ
3453 3459 3565 3509 τῶν
3624 3452 3784 3528 ἁγίων

2140 3548 2526 3622 ἀπολαύωμεν,
2560 3549 2633 3610 ὡς
2688 3554 2788 3618 τῆς
2848 3545 2993 3607 θείας
3047 3545 3332 3622 γενόμενοι
3391 3541 3553 3616 δόξης
3611 3542 3785 3598 θεαταὶ

2138 3638 2228 3695 καὶ
2262 3639 2517 3694 ἀκουσταὶ
2548 3637 2637 3692 καὶ
2671 3634 2915 3709 ύμνῳδοί
2939 3656 2952 3706 ;
2980 3637 3051 3691 Ἦ
3078 3632 3147 3690 δι’
3176 3635 3393 3709 ἀγάπης
3422 3634 3516 3688 τὸν
3548 3633 3791 3688 ἑκούσιον

2136 3734 2234 3785 τοῦ
2270 3729 2458 3802 μίσους
2511 3726 2881 3801 ἐνεκρώσαμεν
2944 3723 3228 3794 σκώληκα,
3259 3723 3350 3778 καὶ
3408 3720 3479 3778 δι’
3535 3720 3791 3794 ἀληθείας

2134 3818 2198 3873 τὸ
2228 3814 2425 3892 ψεῦδος
2474 3814 2811 3895 ἠφανίσαμεν
2848 3834 2861 3883 ;
2896 3818 2988 3869 νῦν
3037 3811 3099 3868 ἃν
3131 3811 3325 3868 τούτου
3353 3809 3449 3866 τοῦ
3502 3814 3793 3867 καυπικοῦ

2136 3908 2543 3979 καθεστήκαμεν
2592 3903 2869 3980 ἐλεύθεροι
2919 3903 3229 3973 σκώληκος,
3282 3900 3372 3957 καὶ
3420 3905 3529 3956 τῶν
3581 3902 3794 3957 λοιπῶν

2133 4001 2227 4052 νῦν
2258 3996 2357 4052 ὅσα
2383 3997 2485 4065 τὴν
2534 3997 2696 4069 ἡμῶν
2747 3993 2965 4069 συνέχει
3017 3990 3334 4063 δεινοτάτην
3386 3994 3555 4062 ζωήν.
3602 3989 3793 4046 Δικαία

2135 4087 2169 4157 ἦ
2202 4085 2378 4159 κρίσις
2409 4089 2505 4140 τοῦ
2536 4088 2689 4140 Θεοῦ.
2725 4082 2847 4158 Οὐχ
2882 4081 3203 4158 εὑρίσκομεν
3261 4080 3395 4157 ὅπερ
3427 4079 3790 4155 ἐζητήσαμεν,

2133 4177 2233 4232 οὐκ
2258 4174 2532 4251 ἀνοίγεται
2563 4176 2700 4247 ἡμῖν
2734 4172 2868 4248 θύρα
2897 4179 2997 4242 τῆς
3050 4169 3328 4246 βασιλείας
3364 4174 3473 4225 τῶν
3522 4168 3790 4246 οὐρανῶν.

2149 4263 2358 4335 Επειδή
2409 4265 2512 4341 γάρ
2544 4266 2645 4333 τήν
2702 4261 2867 4339 θύραν
2897 4266 3005 4316 τῶν
3049 4262 3261 4337 ἀγαθῶν
3297 4257 3386 4315 διὰ
3414 4258 3665 4334 πράξεως
3698 4258 3795 4315 οὐκ

2132 4355 2464 4430 ἐκρούσαμεν
2500 4398 2513 4424 ,
2575 4351 2637 4407 οὐ
2695 4347 3055 4425 λαμϐάνομεν
3112 4354 3220 4405 τῶν
3280 4348 3515 4405 αῗωνίων
3574 4351 3794 4426 ἀγαθῶν

2129 4445 2231 4512 τήν
2263 4442 2584 4498 ἀπόλαυσιν·
2619 4438 2806 4510 ἐπειδὴ
2840 4437 2909 4495 δι’
2941 4439 3113 4517 εὐχῆς
3158 4440 3258 4509 τήν
3311 4440 3479 4515 χάριν
3527 4440 3630 4508 τῆς
3658 4438 3796 4514 γνώ-

2133 4553 2270 4595 σεως
2322 4530 2421 4587 οὐκ
2465 4531 2769 4605 ᾗτήσαμεν·
2805 4527 3024 4602 (οὐδένα
3065 4529 3166 4606 γάρ
3213 4532 3320 4584 τῶν
3353 4529 3512 4583 θείων
3562 4523 3793 4604 εἷ’χομεν

357 4621 671 4693 rupimus),
708 4620 807 4676 illa
838 4620 1074 4694 quidem
1109 4621 1310 4677 omnia
1355 4622 1743 4691 transierunt,
1777 4624 2020 4679 verbum

2140 4619 2328 4698 ἔρωτα,
2382 4617 2548 4690 ἀλλὰ,
2593 4624 2709 4681 τοῖς
2756 4616 2973 4695 γηίνοις
3033 4618 3125 4674 τὸν
3188 4621 3313 4673 νοῦν
3373 4613 3794 4689 καταδήσαντες,

357 4713 554 4765 autem
583 4708 827 4765 ultionis
876 4708 1158 4766 horumce
1199 4710 1496 4766 scelerum
1529 4716 1732 4765 manet
1759 4710 1819 4765 in
1853 4716 2017 4766 aeter-

356 4814 525 4868 num,
558 4815 661 4854 nec
693 4815 951 4869 unquam
987 4800 1326 4869 praeteribit.

2128 4716 2305 4766 πᾶσαν
2364 4709 2547 4771 αὐτοῖς
2605 4710 2743 4782 ἡμῖν
2799 4709 2901 4777 τήν
2962 4709 3107 4777 ζωὴν
3164 4706 3635 4784 συνεφθείραμεν·)
3692 4708 3762 4761 κά

2127 4805 2281 4855 κεῖνα
2312 4798 2409 4872 μὶν
2440 4799 2616 4854 πάντα
2662 4800 2871 4852 καπνοῦ
2922 4794 3045 4867 δίκη
3096 4795 3454 4873 άφανισθέντα
3482 4795 3788 4870 παρῆλθεν·

357 4885 387 4939 ὁ
427 4881 485 4940 δὶ
521 4891 622 4955 τῆς
663 4883 745 4939 ἐπ’
784 4886 968 4948 αὑτοῖς
1008 4883 1163 4957 δίκης
1204 4884 1372 4962 λόγος
1417 4885 1564 4959 μένει
1606 4883 1695 4941 διά
1737 4888 1935 4950 παντὸς
1978 4887 2367 4967 ἀπαρόδευτος.

426 4978 480 5033 6.
515 4975 647 5033 Haec
680 4975 761 5032 illi
794 4994 929 5033 cum
979 4993 1047 5033 ex
1082 4977 1253 5034 malis
1302 4977 1427 5033 suis
1478 4978 1649 5049 quasi
1700 4978 2017 5052 exemplari

356 5066 612 5138 quodam
644 5065 1012 5134 edidicerint,
1065 5083 1197 5137 qua;
1231 5065 1309 5121 sit
1360 5067 1573 5122 divinae
1615 5068 1861 5137 justitiaz
1908 5070 2017 5138 vis,

355 5156 711 5227 pmnitentes
746 5160 952 5210 mutuo
985 5154 1414 5225 colloquantur.
1435 5155 1553 5228 Ego
1584 5172 1719 5213 vero
1754 5156 1856 5230 qui
1885 5175 2019 5214 sum

356 5245 784 5316 miser,quibus
819 5244 1003 5299 fultus
1035 5244 1313 5315 operibus
1346 5246 1591 5317 sperabo
1623 5246 1695 5302 ab
1727 5246 2018 5305 horrenda

354 5333 499 5404 eripi
530 5333 910 5390 damnatione
933 5332 961 5389 τ
989 5333 1134 5390 Cum
1166 5350 1388 5390 vacuus
1421 5335 1533 5392 sim
1567 5336 1727 5391 omni
1780 5337 2014 5405 virtute,

354 5424 513 5477 omni
547 5422 1007 5491 scientia,timeo
1035 5438 1106 5477 ne
1128 5421 1325 5492 ligatis
1353 5424 1627 5480 manibus
1652 5426 2015 5497 pedibusque

355 5510 632 5581 projiciar
661 5511 721 5565 in
752 5515 969 5567 terram
1015 5510 1383 5567 tenebrosam
1417 5516 1474 5567 et
1511 5512 1919 5586 caliginosam,
1952 5515 2013 5571 in

426 5623 470 5659 ⁷⁷
500 5622 653 5680 Psal.
688 5640 740 5696 c,
772 5626 825 5681 4.

427 5721 522 5794 (87
525 5722 569 5794 ')
598 5719 813 5798 Ψόφου.

2199 4982 2253 5037 6.
2288 4977 2391 5036 Καὶ
2423 4981 2589 5034 ταῦτα
2621 4978 2719 5051 μὲν
2752 4974 2948 5031 ἐκεῖνοι
2979 4980 3078 5045 τῆς
3107 4974 3252 5037 θείας
3306 4970 3657 5043 δικαιοσύνης
3693 4992 3790 5044 με-

2127 5068 2585 5141 ταμανθάνοντες,
2646 5064 2697 5136 ἐξ
2756 5065 2829 5119 ὧν
2889 5062 3163 5139 πάσχουσι
3213 5063 3315 5132 τὴν
3369 5058 3601 5135 δύναμιν
3637 5108 3654 5133 ,
3717 5060 3792 5121 ὡς

2126 5159 2281 5231 τύπῳ
2335 5151 2678 5233 περιλαϐεῖν,
2728 5152 3002 5224 ἀλλήλοις
3074 5150 3534 5228 διαλεχθήσονται
3569 5193 3583 5208 .
3644 5149 3791 5224 Ἐγὼ

2128 5242 2186 5301 δὲ
2217 5245 2299 5308 τίς
2359 5244 2651 5319 γενόμενος
2705 5240 2896 5308 τάλας,
2949 5240 3091 5295 τίσιν
3139 5237 3482 5316 ἐρειδόμενος
3532 5238 3792 5315 πράξεσιν

2125 5332 2336 5390 ἐλπίσω
2380 5341 2477 5402 τῆς
2528 5326 2764 5411 φοϐερᾶς
2832 5329 3172 5406 ἐξαιρεθῆναι
3218 5329 3631 5406 κατακρίσεως;
3682 5328 3794 5384 Πά-

2125 5445 2224 5495 σης
2286 5424 2482 5499 ἀρετῆς
2539 5421 2631 5476 καὶ
2680 5422 2856 5491 πάσης
2909 5420 3159 5495 γνώσεως
3217 5417 3478 5495 ὗπάρχων
3544 5415 3784 5494 ἔρημος,

2126 5510 2344 5568 δέδοικα
2372 5513 2448 5585 μή
2480 5508 2648 5575 δεθεὶς
2678 5516 2869 5587 χεῖρας
2909 5508 2999 5565 καὶ
3028 5505 3198 5572 πόδας
3232 5507 3374 5586 ῥιφῶ
3405 5507 3480 5570 είς
3516 5513 3618 5584 γῆν
3646 5526 3781 5561 σκο-
