4132 6360
353 397 469 456 597

1312 391 1831 463 QUIESTIONES
1877 394 1981 452 AD
2033 393 2489 454 AN'l‘lUCHUM
2538 394 2835 456 DUCEM.

3662 398 3787 460 598

351 528 531 595 τεινήν
576 525 666 582 καὶ
713 521 1004 603 γνοφεράν,
1051 522 1127 585 εἷς
1174 523 1275 598 γῆν
1326 523 1554 583 σκότους
1607 521 1848 594 αἰωνίου,
1886 519 1996 577 ἔνθα

2130 528 2344 580 terram
2379 527 2753 582 tenebrarum
2795 530 3166 593 aeternarum,
3198 526 3297 583 ubi
3347 544 3536 599 neque
3584 528 3777 585 lucem

354 616 454 672 οὐκ
483 612 593 671 ἔστι
643 617 845 693 φέγγος
894 610 1020 668 οὐδὲ
1068 613 1195 688 ὁρᾷν
1250 613 1391 681 ζωὴν
1450 614 1681 687 βροτῶν,
1719 613 1792 673 ὡς
1845 609 2012 682 δήσας

348 711 469 768 τοῖς
526 706 747 760 πάθεσιν
817 701 1079 764 ἑκουσίως
1152 702 1247 764 τὰς
1317 701 1612 775 πρακτικὰς
1670 705 1769 766 τῆς
1825 705 2009 777 ψυχῆς

343 796 555 873 ἀρετὰς,
617 794 707 849 καὶ
768 794 875 848 ἀπὸ
930 796 1029 846 τοῦ
1087 791 1233 855 θείου
1279 788 1488 866 δρόμου
1545 797 1647 859 τῆς
1708 788 2006 867 ἀγγελικῆς

341 885 646 954 πολιτείας,
680 882 936 944 κωλύσας
984 879 1188 951 ταύτης
1235 883 1299 935 τά
1340 876 1651 951 διαδήματα
1704 878 2000 951 Ἰλάσθητι,

340 976 561 1052 Χριστὲ,
620 974 709 1029 καὶ
762 977 938 1027 σῶσον
995 973 1141 1043 ἡμᾶς
1198 968 1400 1040 ταύτης
1456 976 1557 1039 τῆς
1616 966 1851 1039 ὀδύνης.
1910 972 2007 1031 Οἷς

338 1066 440 1141 γὰρ
472 1066 608 1120 κατὰ
634 1064 725 1119 τὸν
781 1062 953 1118 αἰῶνα
1007 1058 1198 1116 τοῦτον
1258 1058 1346 1114 δὶα
1392 1061 1499 1114 τῶν
1554 1056 2001 1133 ἐπιτηδευμάτων

340 1158 504 1229 ἡμῶν
536 1159 644 1209 τῶν
674 1156 932 1227 πονηρῶν
978 1156 1210 1205 συνεῖναι
1261 1149 1396 1203 κατὰ
1446 1146 1671 1219 θέλησιν
1707 1154 2003 1223 γνωμικῶς

347 1243 730 1317 ἐπελεξάμεθα,
780 1243 871 1297 σὺν
931 1240 1148 1301 τούτοις
1199 1238 1420 1299 εἰκότως
1476 1238 1525 1308 ἐξ
1577 1238 1819 1313 ἀνάγκης
1871 1238 1999 1292 εἶναι

349 1336 487 1390 κατὰ
515 1335 603 1389 τὸν
635 1334 805 1388 α’ῶνα
843 1332 932 1386 τὸν
987 1328 1264 1401 μὲλλοντα
1318 1329 1391 1401 μὴ
1447 1326 1695 1391 θέλοντες
1746 1348 2001 1402 κατακρι-

354 1424 655 1496 θησόμεθα.
687 1424 871 1477 Ἔσται
925 1419 1023 1495 γὰρ
1083 1418 1156 1479 ὡς
1205 1416 1448 1488 ἀληθῶς,
1481 1413 1625 1471 ἔσται
1673 1418 1879 1491 καιρὸς,
1914 1416 2002 1471 ὅτε

356 1508 562 1589 φοϐερά
590 1533 671 1572 τις
705 1511 889 1586 βοήσει
938 1506 1169 1582 σάλπιγξ
1218 1505 1370 1577 ξένην
1424 1504 1630 1580 ἔχουσα
1670 1508 1880 1582 φωνήν,
1911 1506 1999 1559 καὶ

354 1601 418 1656 τὸ
450 1607 550 1655 πᾶν
599 1604 760 1654 τοῦτο
807 1598 1092 1667 λυθήσεται
1144 1594 1433 1650 διαπίπτον
1465 1602 1565 1664 τῆς
1596 1594 1645 1649 ἐν
1681 1594 1826 1666 αὐτῷ
1858 1595 1997 1667 ὁρω-

356 1692 523 1763 μένης
571 1687 1001 1761 διακοσμήσεως*
1035 1687 1063 1740 6
1095 1686 1188 1758 μὲν
1244 1683 1567 1763 φαινόμενος
1613 1682 1817 1756 κόσμος
1869 1682 1999 1747 ὅλος

346 1777 731 1852 παρελεύσεται
781 1777 877 1845 τήν
930 1775 1130 1830 οἷκείαν
1181 1769 1477 1847 λαμϐάνων
1530 1770 1910 1828 συντὲλειαν·ὸ
1943 1771 2000 1827 δὲ

2123 633 2308 688 neque
2343 617 2681 673 mortalium
2706 618 2885 673 vitam
2917 618 3254 691 conspicere
3284 621 3541 691 est,quia
3570 625 3777 691 sponte

2122 722 2253 761 mea
2282 708 2476 777 pravis
2510 708 2838 776 affectibus,
2886 708 3096 763 animae
3144 707 3388 764 virtutes
3427 710 3497 763 ad
3530 726 3775 780 operan-

2119 796 2285 861 dum,
2320 797 2556 863 irretivi,
2612 804 2789 869 atque
2836 797 2949 869 ipsi
2996 798 3261 852 divinum
3312 798 3586 869 angelicae
3643 798 3774 854 vitae

2120 900 2355 939 cursum
2409 886 2730 941 interclusi.
2789 887 3083 959 Propitius
3134 899 3280 953 esto,
3330 887 3580 954 Christe,
3614 891 3671 943 et
3702 888 3773 941 ab

2121 972 2459 1045 bujusmodi
2491 976 2687 1031 dolore
2712 994 2815 1031 nos
2847 976 3005 1047 eripe
3042 994 3053 1030 :
3090 992 3327 1031 necesse
3348 976 3560 1047 quippe
3591 980 3679 1031 est
3712 982 3776 1030 ut

2117 1064 2471 1133 quibuscum
2506 1064 2562 1119 in
2597 1064 2704 1120 hoc
2736 1065 2946 1120 saeculo
2968 1081 3096 1120 esse
3115 1082 3217 1136 per
3251 1082 3423 1135 prava
3448 1065 3643 1119 studia
3666 1082 3773 1119 no-

2116 1156 2258 1219 stra,
2293 1152 2471 1208 libere
2503 1157 2560 1208 et
2593 1160 2801 1226 sponte
2833 1159 3032 1210 nostra
3062 1153 3371 1225 elegimus,
3397 1170 3530 1209 cum
3564 1153 3773 1209 iisdem

2113 1240 2170 1294 in
2198 1242 2393 1296 futuro
2427 1243 2633 1313 degere
2668 1244 2753 1297 vel
2789 1243 2951 1297 inviti
2984 1260 3265 1314 cogamur
3295 1260 3397 1314 per
3428 1243 3527 1298 Dei
3562 1244 3770 1297 conde-

2114 1330 2496 1386 mnationem.
2532 1332 2655 1386 Erit
2686 1332 2877 1403 plane,
2913 1333 3023 1388 erit
3054 1337 3310 1403 tempus,
3346 1350 3459 1403 quo
3495 1332 3772 1387 terribilis

2113 1419 2343 1491 clanget
2391 1420 2533 1475 tuba
2602 1420 2892 1476 horrendo
2941 1438 3104 1491 sono,
3159 1425 3216 1475 et
3277 1421 3385 1476 hoc
3435 1421 3772 1477 universum

2113 1509 2333 1564 amisso
2364 1527 2471 1564 suo
2504 1510 2842 1581 aspectabili
2876 1515 3085 1565 ornatu
3111 1510 3770 1582 solvetur.Conspicuus

2111 1598 2207 1653 hic
2242 1600 2677 1654 mundustotus
2699 1600 3163 1671 pertransibitad
3198 1600 3769 1655 consummationem

2111 1704 2280 1743 suam
2313 1688 2601 1743 deductus
2637 1707 2649 1755 ;
2685 1688 2781 1759 qui
2831 1706 2963 1744 vero
3014 1689 3160 1745 217
3216 1690 3340 1759 jam
3398 1693 3769 1759 exspectatur

2112 1777 2371 1832 mundus
2403 1781 2541 1831 tunc
2568 1778 2894 1849 apparebit,
2928 1778 3028 1848 qui
3059 1776 3265 1847 oculis,
3298 1778 3562 1847 auribus,
3597 1794 3767 1833 men-

342 1872 434 1922 νῦν
492 1863 947 1943 προσδοκώμενος
1001 1869 1106 1919 τῶν
1169 1860 1338 1918 ὄντων
1400 1864 1692 1936 φανήσεται
1746 1862 1995 1935 κόσμος,

2117 1866 2269 1921 tibus
2302 1883 2447 1921 nova
2478 1866 2677 1922 omnia
2706 1867 2905 1922 afferet
2924 1867 3223 1939 mysteria.
3248 1870 3401 1922 Deus
3420 1872 3618 1922 autem
3642 1866 3763 1921 sin-

342 1955 653 2035 ὀφθαλμοῖς
685 1955 775 2009 καὶ
807 1955 995 2016 ἀκοαῖς
1039 1954 1128 2008 καὶ
1178 1951 1436 2013 διανοίαις
1484 1950 1603 2022 ξένα
1632 1952 1804 2006 πάντα
1829 1951 1996 2025 κομί-

344 2051 450 2115 ζων
515 2048 806 2121 μυστήρια.
841 2048 901 2101 ’0
952 2041 1010 2098 δὲ
1056 2043 1185 2104 Θεὸς
1242 2041 1449 2113 ἑκάστῳ
1496 2041 1632 2117 πρὸς
1680 2040 1712 2094 ἃ
1761 2038 1847 2095 διὰ
1899 2045 1994 2094 τοῦ

334 2136 591 2207 σώματος
625 2130 870 2205 ἔπραξεν,
904 2127 1010 2186 εἷίτε
1058 2127 1225 2184 καλὸν
1275 2126 1382 2182 ei’we
1434 2126 1664 2205 φαῦλον,
1699 2128 1813 2181 κατ’
1847 2125 1994 2199 ἀξίαν

333 2220 659 2277 ἀποδίδωσι’
696 2222 834 2296 μέγα
880 2219 969 2275 καὶ
1015 2214 1244 2297 φοϐερὸν
1298 2216 1387 2271 καὶ
1420 2215 1498 2278 εἰς
1547 2214 1775 2291 ἔσχατον
1825 2222 1984 2270 πᾶσιν

334 2310 633 2373 ἀποδιδοὺς
682 2308 1071 2385 συγκλεισμόν.
1124 2305 1298 2363 Ἀλλὰ
1341 2306 1557 2381 γένοιτο
1606 2306 1806 2367 πάντας
1839 2308 1987 2377 ἡμᾶς

331 2402 426 2458 τόν
478 2423 537 2456 τε
585 2402 856 2475 σωτήριον
904 2405 1002 2468 τῆς
1052 2397 1271 2473 γεέννης
1314 2390 1500 2472 φόϐον,
1550 2395 1637 2449 καὶ
1680 2395 1770 2448 τὸν
1801 2393 1987 2466 τίμιον

330 2494 501 2547 πόθον
547 2498 648 2561 τῆς
706 2493 813 2544 τῶν
874 2488 1112 2563 οὐρανῶν
1176 2483 1452 2561 βασιλείας
1512 2479 1844 2539 ἀναλαϐεῖνί
1894 2484 1984 2537 τὸν

332 2582 431 2653 μὲν
467 2574 635 2658 φόϐον
664 2576 904 2646 παντελῆ
954 2581 1063 2631 τῶν
1109 2578 1287 2629 κακῶν
1340 2576 1475 2646 ἡμῖν
1516 2573 1735 2649 ἀποχὴν
1764 2572 1853 2627 καὶ
1886 2573 1986 2647 ἀρ-

326 2669 449 2745 γίαν
484 2672 765 2723 ποιοῦντα·
799 2667 891 2721 τὸν
946 2663 1004 2720 δὲ
1053 2664 1218 2718 πόθον
1269 2662 1358 2717 καὶ
1393 2662 1468 2723 εἷς
1498 2662 1590 2723 τὰς
1630 2666 1735 2716 τῶν
1770 2661 1984 2736 ἀγαθῶν

326 2758 549 2833 πράξεις
602 2755 1043 2833 προτρεπόμενον
1104 2751 1311 2828 ἱλαρῶς
1350 2797 1364 2820 ,
1416 2749 1509 2805 ’ίνα
1565 2750 1824 2826 τύχωμεν
1879 2754 1985 2804 τῶν

329 2845 755 2924 ἐρηγγελμὲνων
830 2845 1042 2920 ἀγαθῶν
1119 2843 1217 2910 τήν
1297 2839 1595 2895 ἀπόλαυσιν
1655 2839 1708 2893 ἐν
1770 2845 1989 2916 Χριστῷ

328 2937 517 3006 Ἰησοῦ
544 2939 624 3007 τῷ
676 2932 857 3009 Κυρίῳ
903 2935 1088 3006 ἡμῶν,
1118 2932 1164 3003 ᾧ
1195 2933 1229 2999 ἡ
1264 2927 1386 2999 δόξα
1437 2929 1525 2984 καὶ
1555 2929 1617 2984 τὸ
1664 2928 1859 3004 κράτος
1892 2928 1983 2983 σὺν

328 3030 413 3097 τῷ
442 3023 670 3100 ἀνάρχῳ
700 3022 916 3098 (Πατρὶ)
964 3020 1053 3077 καὶ
1103 3018 1351 3096 παναγίῳ
1382 3016 1471 3073 καί
1501 3018 1691 3093 ἀγαθῷ
1720 3020 1809 3074 καὶ
1843 3024 1985 3088 ζωο-

330 3120 482 3187 ποιῷ
511 3112 676 3169 αὐτοῦ
706 3111 976 3185 Πνεύματι
1006 3115 1098 3165 νῦν
1129 3108 1217 3165 καὶ
1249 3109 1329 3163 ἀεὶ
1379 3108 1467 3163 καὶ
1516 3109 1591 3171 εἷς
1630 3108 1756 3171 τοὺς
1788 3108 1987 3172 αἰῶνας

326 3209 443 3261 τῶν
474 3203 711 3279 αἰώνων.
746 3202 804 3257 Ἀ
817 3204 948 3275 μήν.

2106 1955 2261 2028 gulis
2294 1957 2617 2011 secundum
2649 1973 2717 2011 ea
2749 1973 2875 2028 quas
2918 1974 3020 2028 per
3066 1972 3281 2028 corpus
3312 1973 3487 2011 suum
3538 1955 3765 2027 egerint

2107 2047 2229 2101 sive
2262 2045 2434 2114 bona,
2472 2046 2594 2101 sive
2628 2045 2783 2100 mala
2814 2045 2955 2114 sint,
3017 2063 3119 2117 pro
3154 2044 3362 2101 merito
3423 2044 3706 2099 retribuet
3739 2061 3752 2099 :

2106 2150 2381 2206 magnam
2414 2135 2897 2205 tremendamque
2928 2135 3205 2189 omnibus
3254 2138 3554 2205 postremo
3606 2134 3753 2187 dans

2099 2224 2672 2279 conclusionem.Sed
2714 2225 2852 2278 l'axit
2882 2224 3034 2279 Deus
3068 2228 3132 2278 ut
3164 2240 3269 2278 nos
3302 2240 3504 2277 omnes
3534 2220 3754 2277 saluta-

2096 2328 2219 2367 rem
2250 2313 2528 2384 gehennae
2560 2313 2852 2380 timorem,
2887 2313 3327 2384 pretiosumque
3385 2310 3546 2383 regni
3581 2311 3752 2366 caelo-

2099 2418 2230 2455 rum
2264 2418 2522 2455 amorem
2555 2402 2988 2472 concipiamus!
3026 2400 3298 2456 timorem
3353 2400 3618 2471 quidem,
3655 2400 3755 2469 qui

2099 2507 2207 2545 nos
2241 2488 2411 2545 malis
2442 2490 2679 2544 omnino
2704 2490 2996 2545 abstinere
3019 2490 3263 2544 suadeat
3297 2507 3309 2556 ;
3346 2505 3604 2543 amorem
3628 2505 3760 2542 vero

2099 2579 2196 2652 qui
2229 2580 2299 2633 ad
2332 2580 2483 2634 bona
2515 2578 2781 2634 hilariter
2812 2578 3039 2650 agenda
3058 2580 3398 2643 concitel,ut
3436 2575 3761 2647 promisso-

2099 2684 2230 2722 rum
2264 2669 2550 2722 bonorum
2587 2668 3020 2739 possessionem
3061 2684 3447 2737 assequamur
3480 2666 3536 2719 in
3586 2664 3753 2721 Chri-

2098 2761 2190 2813 sto
2222 2756 2361 2817 Jesu
2394 2757 2639 2811 Domino
2672 2760 2893 2825 nostro,
2947 2756 3043 2811 cui
3091 2756 3279 2827 gloria
3328 2762 3384 2810 et
3445 2754 3761 2825 imperium

2098 2863 2232 2901 cum
2264 2846 2474 2917 (Patre)
2492 2846 2774 2918 principio
2798 2851 3179 2913 carente,una
3203 2861 3336 2899 cum
3362 2844 3760 2910 sanctissimo,

2097 2935 2250 2991 bono
2281 2940 2337 2990 et
2366 2936 2591 2990 vivifico
2623 2936 2751 3006 ejus
2782 2934 3027 3006 Spiritu,
3062 2950 3217 2989 nunc
3264 2938 3320 2989 et
3350 2949 3584 3004 semper
3615 2936 3671 2987 et
3697 2931 3752 2985 in

2104 3024 2320 3081 saecula
2350 3024 2719 3080 saaculorum.
2754 3026 2955 3079 Amen.

399 3452 530 3505 ΤΟΥ
572 3449 657 3503 EN
698 3446 932 3502 ΑΓΙΟιΣ
976 3446 1247 3502 ΠΑΤΡΟΣ
1293 3448 1483 3499 HMth
1527 3444 1921 3500 AGANAEIOI‘
2022 3448 2066 3515 ρ

689 3568 1160 3646 Ἀρχιεπισκόπου
1209 3566 1635 3644 Ἀλεξανδρείας,

330 3692 477 3761 Πρὸς
530 3687 816 3763 ’Δντίοχον
877 3683 1114 3763 ἄρχοντα
1173 3688 1285 3759 (88)
1320 3731 1334 3756 ,
1368 3685 1515 3763 _1tspi
1546 3684 1844 3763 ύπλ-είστων
1904 3685 1995 3740 καὶ

406 3756 755 3835 άναγκάίωΓ
784 3756 1137 3835 ζητημάτων,
1176 3756 1303 3835 ἐτῶν
1364 3756 1415 3835 ev
1466 3756 1595 3835 ’ταῖς
1643 3758 1810 3819 θείαις
1858 3764 1994 3835 Γρα-

409 3829 536 3910 φαῖς
595 3829 990 3910 ἀπορουμένων
1027 3876 1063 3910 ,⁸
1102 3830 1192 3885 καὶ
1250 3829 1397 3904 παρὰ
1460 3834 1588 3882 πᾶσι
1651 3829 1994 3906 Χριστιανοῖς

412 3854 533 3910 φαις
595 3853 990 3957 απορουὲιενων
1027 3876 1040 3900 ,
1102 3853 1192 3885 και

412 3905 773 3979 γινώσκεσθαι
838 3900 1201 3980 φειλομένων.

416 4010 709 4083 Ἐρώτησις
774 4010 840 4066 α’.
895 4008 1281 4069 Πιστεύσαντες
1332 4006 1421 4062 καὶ
1486 4007 1863 4081 βαπτισθέντες
1922 4005 1997 4066 εἷς

340 4093 556 4167 Τριάδᾶ
586 4097 898 4171 ὁμοούσιον,
929 4096 1017 4152 καὶ
1068 4095 1320 4173 λέγοντες
1375 4096 1503 4151 Θεὸν
1539 4096 1671 4151 εἶναι
1705 4096 1794 4149 τὸν
1829 4095 1997 4148 Πατέ-

338 4206 429 4261 ρα,
466 4186 670 4259 ὁμοίως
700 4189 840 4260 (88⁹)
870 4187 961 4240 καὶ
993 4187 1121 4241 Θεὸν
1155 4187 1286 4240 εἶναι
1317 4184 1410 4239 τὸν
1441 4184 1588 4256 Υἱὸν,
1622 4183 1882 4244 ὡσαύτως
1942 4179 1999 4237 δὲ

336 4277 429 4331 καὶ
481 4277 608 4332 Θεὸν
662 4279 797 4332 εἶναι
846 4278 908 4331 τὸ
960 4278 1111 4351 ἅγιον
1160 4280 1407 4348 Πνεῦμα,
1457 4280 1574 4337 πῶς
1639 4274 1700 4329 ού
1761 4274 1995 4348 λὲγομεν

329 4372 482 4441 τρεῖς
536 4366 717 4436 θεοὺς,
768 4365 892 4421 ἀλλ’
938 4363 1032 4420 ἕνα
1080 4365 1171 4420 καὶ
1226 4365 1389 4438 μόνον
1445 4364 1571 4423 Θεόν
1608 4384 1620 4432 ;
1656 4362 1753 4418 Καὶ
1804 4363 1849 4417 εἰ
1904 4364 1996 4435 μὲν

328 4453 425 4512 ἵνα
456 4461 866 4530 προσκυνοῦμεν
922 4456 1073 4526 Θεὸν,
1108 4453 1339 4525 εὔδηλον
1392 4452 1474 4509 ὅτι
1509 4456 1642 4527 (89),
1687 4453 1762 4515 εἷς
1799 4472 2001 4527 μοναρ-

332 4545 463 4622 χίαν
526 4545 900 4616 πιστεύοντες,
957 4542 1349 4617 Ἰουδαίζομεν·
1407 4543 1454 4599 εἴ
1511 4541 1568 4598 δὲ
1625 4543 1788 4598 πάλιν
1858 4547 2000 4618 τρεῖς

336 4635 516 4705 θεοὺς,
570 4633 855 4710 πρόδηλον
916 4633 999 4689 ὅτι
1059 4632 1482 4706 Ἐλληνίζομεν,
1539 4631 1832 4687 πολυθεΐαν
1893 4633 1999 4686 εἱσ-

337 4726 587 4799 άγοντες,
640 4723 729 4779 καὶ
785 4722 887 4799 ούγ
932 4720 1025 4777 ἕνα
1078 4722 1241 4796 μόνον
1298 4722 1427 4777 Θεὸν
1484 4716 1718 4784 εὐσεϐῶς
1772 4741 1979 4796 προσκυ

335 4818 579 4875 νοῦντες.

412 4992 728 5067 Ἀπόκρισις
764 5037 776 5048 .
839 4990 1188 5068 Ἀπερίεργος
1243 4990 1271 5044 6
1328 4986 1496 5065 λόγος
1550 4986 1640 5042 καὶ
1714 4987 1742 5041 6
1797 4985 1997 5057 τρόπος

337 5086 440 5149 τῆς
505 5076 799 5150 εὐσεϐείας,
856 5078 1033 5134 πίστει
1095 5077 1277 5151 μόνῃ,
1339 5074 1465 5131 ἀλλ’
1523 5074 1621 5131 ούκ
1670 5074 2000 5151 ἐξερευνήσει

334 5169 746 5245 γνωριζόμενος
801 5168 891 5224 καὶ
935 5167 1276 5240 τιμώμενος.
1326 5165 1457 5227 Θεὸς
1496 5166 1595 5240 γὰρ
1646 5159 2000 5237 καταλαμϐα-

333 5260 591 5333 νόμενος,
626 5262 725 5317 ούκ
756 5257 865 5315 ἔστι
900 5260 1050 5314 Θεός.
1085 5257 1155 5314 Ei’
1193 5256 1297 5331 γὰρ
1348 5256 1474 5317 τοὺς
1526 5253 1812 5331 ἀγγέλους,
1843 5255 1879 5324 ἢ
1909 5253 2002 5315 τὰς

336 5353 609 5429 ἡμετερας
640 5352 821 5427 ψυχὰς
868 5348 1137 5422 κτίσματα
1184 5343 1312 5401 ὄντα
1357 5341 1683 5401 καταλαϐεῖν
1734 5346 1796 5400 ού
1844 5342 2001 5399 δυνά-

418 5531 534 5597 (88)
566 5529 800 5600 Regius,
828 5529 884 5593 2,
910 5524 1043 5600 περὶ
1083 5522 1351 5600 πλείστων
1401 5523 1704 5597 ἀναγκαίων
1756 5528 1889 5600 ζητη
1904 5523 2004 5600 μά-

339 5594 454 5654 των
490 5594 626 5674 πρὸς
652 5594 744 5653 τὸν
782 5594 1009 5674 βασιλέα
1032 5594 1343 5674 Ἀντίοχον.
1371 5594 1543 5674 ξοτνὸ
1576 5594 1929 5674 quaestiones
1956 5599 2005 5661 1,

341 5674 403 5740 2,
438 5675 493 5744 3,
525 5660 743 5729 absunt
772 5660 806 5728 ὁ.
835 5671 1032 5744 codice
1072 5660 1341 5744 Palatino
1370 5669 1424 5738 2,
1460 5675 1523 5725 ut
1561 5660 1618 5724 et
1649 5686 1680 5723 a
1712 5669 2007 5744 veteribus

348 5740 527 5803 editis
561 5744 809 5817 Latinis,
843 5743 944 5816 qui
977 5741 1273 5815 incipiunt
1303 5758 1337 5797 a
1369 5745 1577 5813 quarta
1608 5740 1953 5812 quaestione.

2292 3446 2549 3502 SANCTI
2595 3445 2848 3500 PATRIS
2890 3442 3153 3499 NOSTRI
3193 3442 3576 3498 ATHANASII

2513 3568 2943 3641 Archiepiscopi
2973 3568 3357 3636 Alexandria,

2107 3688 2185 3743 Art
2212 3687 2577 3742 Anthz'ocnum
2604 3687 2935 3756 principem,
2980 3684 3045 3738 de
3072 3683 3263 3736 multis
3310 3690 3360 3737 et
3406 3683 3760 3737 necessariis

2181 3760 2582 3830 quaestionibus
2632 3759 2693 3812 in
2760 3758 2952 3811 divina
3017 3756 3309 3830 Scriptarc
3372 3756 3757 3810 controversis.

2179 3826 2313 3903 quas
2340 3847 2497 3885 nemo
2531 3830 2887 3884 Christianus
2920 3830 3176 3897 ignorare
3205 3826 3379 3881 debet.

2182 4010 2438 4075 Quaestio
2471 4010 2513 4064 Ι.
2556 4007 3042 4078 Quandoquidem
3096 4005 3155 4059 in
3206 4002 3766 4060 consubstantialem

2105 4098 2452 4154 Trinitatem
2470 4098 2598 4151 cred
2612 4096 2766 4151 imus
2784 4103 2840 4151 et
2862 4094 3135 4167 baptizati
3160 4092 3766 4163 sumus,dicimusque

2108 4191 2292 4242 Deum
2309 4202 2437 4241 esse
2460 4184 2933 4251 Patrem,Filium
2949 4182 3219 4239 similiter
3240 4183 3424 4237 Deum
3448 4181 3767 4251 esse,item—

2110 4292 2222 4349 que
2255 4274 2541 4347 Spiritum
2578 4278 2849 4327 sanctum
2883 4287 3013 4327 esse
3045 4270 3375 4341 Deum,qua
3407 4269 3629 4325 ratione
3652 4287 3766 4325 non

2107 4371 2227 4421 tres
2258 4365 2397 4419 deos
2432 4364 2530 4419 sed
2565 4379 2750 4417 unum
2804 4366 2860 4415 et
2891 4360 3083 4416 solum
3131 4359 3317 4413 Deum
3372 4358 3669 4413 dicimus?
3703 4359 3771 4413 Et

2109 4454 2345 4527 quidem
2379 4454 2426 4508 si
2459 4468 2641 4506 unum
2676 4452 2991 4506 adoramus
3010 4448 3221 4512 Deum,
3253 4445 3478 4501 clarum
3512 4452 3600 4502 est
3634 4464 3762 4516 nos,

2111 4543 2289 4600 veluti
2320 4543 2377 4597 in
2425 4541 2828 4596 mouarchiam
2880 4537 3191 4606 credendo,
3236 4536 3473 4591 Judaaos
3523 4535 3765 4591 imitari.

2113 4634 2272 4701 Quod
2305 4633 2354 4687 si
2387 4648 2595 4687 rursus
2618 4634 2735 4685 tres
2767 4631 2905 4684 deos
2938 4624 3656 4696 adoramus,perspicuum
3680 4628 3771 4679 est

2112 4722 2359 4795 gentiles
2396 4738 2497 4775 nos
2529 4720 2759 4786 sectari,
2794 4717 3013 4789 quippe
3046 4714 3147 4786 qui
3196 4714 3440 4769 deorum
3492 4713 3769 4770 multitu-

2028 4822 2077 4885 ο
2108 4826 2244 4864 nem
2276 4809 2645 4876 inducamus,
2670 4822 2773 4861 nec
2790 4821 2971 4859 unum
3005 4805 3196 4858 solum
3229 4801 3413 4857 Deum
3439 4800 3529 4873 pie
3563 4804 3767 4857 adore-

2109 4915 2264 4954 mus.

2180 4991 2520 5043 RESPONSIO.
2555 4984 2795 5040 Curiosc
2828 4982 3148 5038 scrutanda
3194 4997 3308 5035 non
3342 4983 3431 5034 est
3481 4982 3648 5033 rectm
3680 4994 3767 5033 re-

2109 5076 2344 5147 ligionis
2375 5076 2656 5140 ratio,nec
2688 5072 3138 5145 investigatione
3165 5070 3265 5126 sed
3300 5068 3424 5124 sola
3454 5067 3565 5121 {ide
3588 5083 3769 5139 agno-

2113 5164 2329 5223 scenda
2362 5168 2451 5220 est
2480 5168 2536 5218 et
2569 5161 3207 5233 adoranda.Siquidem
3239 5162 3388 5213 Deus
3419 5156 3467 5211 si
3501 5172 3769 5228 compre-

2110 5256 2546 5322 hendatur,non
2581 5257 2668 5309 est
2699 5250 3147 5321 Deus.Namque
3179 5248 3225 5303 si
3265 5263 3370 5301 nec
3403 5245 3643 5317 angelos
3665 5262 3773 5302 nec

2113 5344 2344 5401 animas
2403 5346 2652 5409 nostras,
2709 5358 2833 5413 quae
2891 5343 3030 5393 sunt
3080 5354 3171 5391 res
3226 5338 3454 5399 creatae,
3509 5333 3775 5390 valemus

2187 5520 2324 5591 (88‘)
2352 5516 2591 5591 Ὁμοίως
2623 5518 2783 5591 deest
2815 5515 2872 5591 in
2910 5515 3048 5585 Reg.
3088 5513 3137 5565 1.
3176 5512 3303 5567 Mox
3347 5506 3403 5564 δὲ
3434 5514 3561 5583 post
3591 5510 3771 5564 ὡσαύ-

2112 5588 2221 5651 τως
2255 5588 2427 5645 deest
2452 5592 2508 5644 in
2544 5590 2686 5659 Reg.
2732 5590 2781 5653 1,
2812 5588 2864 5641 2.

2186 5649 2302 5739 (8ο)
2333 5664 2413 5739 Ita
2443 5649 2659 5739 omnes
2682 5649 2824 5739 pepe
2850 5653 3421 5739 man_us'cripti.“|§(‘liti
3444 5670 3577 5739 vero
3610 5649 3771 5721 εὔδη-

2117 5720 2213 5787 λον
2248 5720 2342 5794 ὧς.
2382 5734 2557 5789 Palat.
2595 5734 2647 5799 1,
2680 5720 2850 5795 infra,
2882 5731 3025 5799 τρεῖς
3058 5720 3210 5783 θεοὺς
3246 5720 3416 5793 δῆλον
3449 5723 3553 5781 ὅτι.
