4132 6388
312 388 432 449 599

1484 389 1550 450 S.
1595 384 2116 449 ATHANASIUS.
2146 417 2224 433 —
2252 387 2564 453 SPURIA.

3617 391 3743 453 600

316 519 830 593 comprehendere,
864 524 1085 594 quanto
1117 522 1306 595 magis
1339 523 1518 578 Deum
1567 520 1801 577 illorum
1834 519 1962 592 opi-

2085 520 2236 590 μεθα,
2295 518 2450 592 πόσῳ
2509 518 2720 593 μᾶλλον
2781 519 2931 593 αὐτῷ
2985 524 3067 593 τῷ
3124 519 3339 577 τούτων
3386 524 3744 597 ποιητῇ

314 612 484 668 ﬂcem
533 610 802 665 convenit
848 626 977 667 esse
1024 609 1966 685 ineomprehensum?Cognitum

316 699 474 757 enim
507 699 852 771 mysterium
899 699 1045 755 nihil
1090 704 1181 757 est
1233 700 1488 772 amplius
1532 700 1967 756 admirandum.

318 791 521 861 Itaque
570 787 1032 845 Christianorum
1088 789 1257 859 fides,
1311 791 1623 862 trinusque
1669 786 1970 861 hypostasi

318 881 476 937 Deus
505 894 730 946 eorum,
762 895 875 934 non
907 896 1062 934 unus
1094 883 1184 935 est
1226 879 1550 953 hypostasi,
1586 880 1835 935 formam
1867 878 1971 933 ho-

318 969 500 1026 minis
530 983 761 1042 gerens,
794 976 857 1023 ut
886 968 1220 1025 Graecorum
1267 970 1460 1025 ferunt
1492 968 1699 1026 fabulas
1734 985 1747 1023 :
1782 983 1971 1040 neque

318 1076 528 1116 rursus
556 1062 677 1113 tres
705 1061 845 1114 sunt
887 1058 1126 1130 quidam
1180 1057 1286 1124 dii,
1338 1074 1373 1114 a
1405 1074 1467 1114 se
1516 1058 1760 1114 invicem
1795 1057 1973 1113 veluti

323 1148 536 1206 dissiti.
596 1151 788 1220 Apage
839 1147 1170 1204 Graecorum
1236 1147 1615 1203 commenta!
1670 1146 1976 1203 Individua

322 1240 480 1296 enim
511 1240 603 1294 est
632 1238 687 1293 in
722 1236 910 1293 tribus
941 1236 1359 1310 hypostosibus
1404 1236 1593 1293 deitas
1650 1235 1828 1293 unius
1879 1252 1970 1293 es-

322 1327 541 1385 sentiaa.
576 1326 861 1383 Caeterum
894 1341 1066 1381 nosse
1096 1329 1322 1398 oportet
1359 1326 1683 1382 humanam
1713 1329 1971 1382 mentem

321 1416 473 1473 nihil
502 1414 824 1473 divinitatis
854 1414 941 1471 vel
972 1414 1165 1472 verbis
1195 1414 1285 1472 vel
1314 1414 1768 1488 cogitationibus
1800 1431 1975 1489 posse

325 1504 819 1579 comprehendere
838 1503 925 1562 vel
950 1506 1544 1578 enarrare.Quotquot
1568 1509 1763 1562 autem
1790 1510 1972 1562 Deum

324 1595 516 1652 conati
565 1597 707 1651 sunt
752 1592 1270 1666 comprehendere,
1326 1610 1496 1651 suam
1552 1594 1814 1667 ipsorum
1848 1612 1974 1652 um-

324 1686 494 1743 bram
525 1686 664 1740 sunt
692 1682 1320 1755 persecuti.Quotquot
1349 1684 1491 1739 item
1521 1682 1744 1755 aliquid
1774 1685 1846 1741 de
1876 1701 1973 1740 es-

326 1773 518 1832 sentia
550 1772 647 1829 Dei
678 1771 870 1829 dicere
898 1770 1521 1846 voluerunt,abyssum
1554 1790 1750 1848 pugno
1782 1773 1974 1831 metiri

2078 605 2270 679 πρέπει
2318 609 2383 664 τὸ
2427 609 2561 663 εἶναι
2610 607 2992 680 ἀκατάληπτον
3024 630 3039 680 ;
3071 611 3389 684 Μυστήριον
3441 609 3546 687 γὰρ
3598 632 3740 686 γνω-

2080 695 2363 771 ριζόμενον
2411 696 2565 753 οὐδὲν
2623 697 2733 754 ἐστι
2784 698 2978 755 λοιπὸν
3032 699 3469 772 θαυμαζόμενον.
3527 700 3740 758 Οὐκοῦν

2079 788 2115 855 ἠ
2155 791 2489 862 Χριστιανῶν
2546 787 2749 857 πίστις,
2808 789 2899 844 καὶ
2957 790 2986 844 6
3042 788 3250 844 τούτων
3309 789 3737 865 τρισυπόστατος

2080 877 2209 938 Θεὸς
2244 873 2365 931 οὔτε
2396 878 2473 939 εἴς
2512 876 2622 933 ἐστι
2670 879 2770 948 τήν
2823 878 3113 935 ὑπόστασιν
3167 881 3281 952 (91)
3331 880 3733 956 ἀνθρωπόμορ-

2081 985 2199 1044 φος.
2233 966 2308 1029 ὡς
2341 967 2393 1021 οἱ
2439 965 2724 1037 Ἑλλήνων
2772 965 2963 1030 παῖδες
3014 966 3358 1041 μυθεύονται·
3393 966 3518 1024 οὔτε
3567 968 3732 1026 πάλιν

2080 1059 2224 1126 τρεῖς
2252 1076 2395 1117 τινες
2446 1056 2582 1125 θεοὶ,
2614 1054 2798 1133 ὥσπερ
2850 1054 3117 1127 ἀλλήλων
3169 1058 3491 1134 ἆπὲχοντες.
3525 1060 3736 1134 Ἀπαγε

2079 1141 2176 1209 τῆς
2205 1141 2541 1214 Ἑλληνικῆς
2593 1143 2965 1218 μυθολογίαςί
3001 1143 3313 1221 Ἀδαίρετος
3360 1145 3463 1224 γὰρ
3512 1146 3565 1203 ἐν
3613 1152 3733 1211 ταῖς

2080 1231 2253 1306 τρισὶν
2289 1231 2642 1288 ὑποστάσεσιν
2676 1234 2711 1303 ἡ
2761 1239 2861 1303 τῆς
2915 1235 3042 1307 μιὰς
3085 1234 3268 1299 οὐσίας
3312 1235 3527 1307 θεότης.
3580 1235 3734 1305 Πλὴν

2084 1318 2279 1376 εἰδέναι
2331 1323 2468 1399 χρὴ,
2519 1320 2706 1400 ὅτιπερ
2760 1320 2882 1380 οὔτε
2932 1323 3169 1401 ῥήμασιν
3220 1322 3345 1382 οὔτε
3391 1325 3739 1400 ἐνθυμήμασι

2081 1406 2435 1481 καταλαϐεῖν,
2464 1413 2500 1482 ἢ
2534 1410 2901 1488 διηγήσασθαί
2943 1436 2995 1470 τι
3025 1420 3128 1485 τῆς
3176 1414 3457 1486 θεότητος,
3488 1421 3615 1479 νοῦς
3645 1416 3741 1472 ἀν-

2084 1500 2357 1575 θρώπινος
2387 1498 2627 1559 δύναται.
2662 1504 2862 1567 Πάντες
2893 1501 2952 1560 δὲ
2999 1502 3118 1560 ὅσοι
3169 1507 3296 1562 Θεὸν
3341 1502 3739 1563 καταλαϐέσθαι

2082 1588 2359 1661 ἔσπευσαν,
2389 1593 2490 1662 τὴν
2543 1592 2747 1648 ἑαυτῶν
2792 1593 2943 1649 σκιὰν
2991 1592 3337 1667 κατεδίωξαν·
3389 1596 3481 1653 καὶ
3523 1595 3642 1652 ὅσοι
3685 1618 3738 1652 τι

2080 1680 2206 1758 περὶ
2254 1679 2437 1745 οὐσίας
2490 1687 2624 1738 Θεοῦ
2675 1682 2843 1740 εῗπεῖν
2889 1679 3309 1758 ἠϐουλήθησαν,
3356 1687 3457 1756 τὴν
3504 1682 3739 1743 ἄϐυσσον

2088 1777 2353 1847 μετρῆσαι
2517 1772 2720 1828 ἑαυτῶν
2770 1771 2927 1849 δρακὶ
2981 1772 3238 1830 ἔσπευσαν
3268 1819 3282 1831 .
3329 1776 3432 1833 Καὶ
3478 1773 3598 1831 ὅσοι

327 1862 518 1920 moliti
549 1865 711 1918 sunt.
745 1861 852 1929 Qui
883 1878 1016 1918 vero
1062 1879 1125 1919 se
1155 1862 1212 1918 in
1264 1863 1620 1933 profundum
1669 1867 1972 1937 penetrare

2085 1861 2237 1915 θῦναι
2275 1859 2529 1934 ἐνόμισαν
2555 1907 2570 1933 ,
2606 1860 2683 1924 εἰς
2727 1861 2971 1937 πονηρὰς
3020 1863 3254 1940 αἱρέσεις
3298 1862 3549 1920 ἰνέπεσαν

327 1954 703 2026 putaverunt,
756 1951 814 2006 in
847 1950 1150 2023 improbas
1198 1952 1449 2009 haereses
1479 1953 1827 2009 inciderunt.
1859 1952 1974 2010 Nec

323 2041 479 2098 enim
508 2041 681 2096 Pater
710 2044 765 2095 et
798 2044 971 2110 Deus,
1004 2044 1069 2096 ut
1096 2057 1203 2113 ego
1235 2041 1337 2114 qui
1367 2045 1598 2098 creatus
1637 2047 1976 2115 sum,pater

321 2135 432 2199 est,
467 2129 568 2203 qui
598 2132 859 2186 creatum
893 2129 1102 2198 filium,
1136 2133 1203 2185 ut
1231 2147 1359 2204 ego,
1404 2132 1672 2205 genuerit
1704 2149 1717 2188 :
1750 2148 1857 2189 nec
1887 2133 1976 2188 Fi-

320 2217 439 2275 lius
483 2217 718 2291 genitus
767 2222 885 2288 est,
939 2222 1005 2275 ut
1052 2219 1250 2275 omnis
1296 2218 1549 2276 carnalis
1598 2219 1758 2277 filius
1800 2238 1813 2275 :
1866 2237 1974 2279 nec

319 2308 579 2381 Spiritus
609 2311 868 2379 sanctus,
898 2307 1077 2365 veluti
1117 2308 1377 2365 hominis
1422 2308 1690 2382 spiritus,
1729 2310 1976 2367 circum-

328 2397 586 2470 scriptus
633 2401 772 2465 est;
828 2397 930 2454 sed
974 2397 1268 2454 ineffabile
1328 2402 1385 2454 et
1431 2398 1838 2471 inexplicabile
1885 2406 1975 2458 est

321 2490 539 2545 sancta
569 2485 876 2543 Trinitatis
906 2486 1273 2560 mysterium.
1320 2487 1437 2544 Nec
1464 2504 1597 2545 vero
1628 2489 1812 2556 dicas,
1848 2493 1975 2557 Qua.

324 2577 549 2633 ratione
595 2574 788 2631 illud?
820 2592 956 2631 nam
1003 2575 1157 2633 218
1201 2576 1260 2632 id
1309 2592 1541 2633 omnem
1593 2583 1833 2651 superat
1882 2598 1971 2637 ra-

324 2667 544 2723 tionem
580 2681 593 2719 :
627 2680 755 2733 nec,
787 2664 910 2729 Quo
944 2666 1137 2735 modo,
1169 2665 1386 2723 dixeris
1419 2709 1434 2734 ,
1467 2667 1761 2740 siquidem
1793 2685 1974 2741 supra

324 2771 556 2812 omnem
592 2753 828 2811 modum
860 2758 951 2811 est
979 2753 1212 2811 divinus
1244 2756 1598 2812 modus.Nec
1629 2757 1767 2817 item
1796 2758 1972 2814 inter-

323 2860 518 2918 roges,
567 2859 823 2917 quonam
870 2845 1045 2900 verbo
1094 2846 1152 2901 id
1201 2845 1563 2918 explicetur:
1606 2863 1739 2903 nam
1791 2864 1973 2920 supra

319 2935 563 2989 verbum
595 2936 686 2989 est
712 2932 974 2989 divinum
1006 2933 1274 2989 verbum.
1307 2933 1523 2989 Verum
1575 2936 1744 2991 crede
1776 2937 1832 2990 in
1867 2936 1971 2992 Pa-

319 3027 472 3079 trem
507 3039 521 3078 :
555 3020 671 3077 noli
698 3026 892 3077 autem
925 3038 1046 3077 rem
1079 3023 1349 3079 scrutari.
1393 3022 1602 3079 Filium
1636 3024 1835 3094 adora,
1869 3026 1971 3081 sed

325 3115 454 3185 ejus
485 3112 922 3187 generationem
957 3129 1030 3168 ne
1060 3113 1290 3169 curiose
1319 3112 1572 3185 inquire.
1616 3114 1815 3171 Lauda
1845 3116 1970 3188 Spi-

326 3203 506 3259 ritum
539 3205 947 3272 sanctum,nec
974 3201 1117 3258 velis
1149 3203 1501 3275 investigare
1529 3208 1743 3260 sanctae
1777 3205 1972 3262 Trini-

2081 1952 2144 2009 Ὁ
2173 1951 2275 2027 γὰρ
2313 1952 2500 2027 Πατὴρ
2533 1950 2624 2006 καὶ
2677 1951 2807 2014 Θεὸς
2856 1953 2968 2027 οὐχ
3013 1952 3087 2015 ὡς
3119 1951 3231 2029 ἐγὼ
3262 1955 3290 2010 6
3320 1955 3537 2017 κτιστὸς
3570 1953 3741 2030 ὐπάρ-

2083 2060 2171 2116 χει
2222 2040 2446 2116 πατὴρ,
2497 2041 2761 2115 γεννήσας
2805 2041 2882 2103 ὡς
2932 2040 3042 2116 ἐγώ
3089 2044 3304 2097 κτικτὸν
3358 2041 3497 2098 υἱόν·
3558 2041 3683 2099 οὐδὶ
3710 2045 3739 2099 6

2087 2130 2208 2192 Υἱὸς
2240 2129 2315 2191 ὡς
2346 2134 2451 2192 πᾶς
2474 2129 2731 2205 σαρκικὸς
2750 2129 3065 2207 γεγέννηται
3107 2131 3241 2193 υἱός·
3274 2129 3400 2187 οὐδὲ
3424 2132 3487 2187 τὸ
3519 2136 3743 2207 Πνεῦμα

2081 2220 2145 2274 τὸ
2175 2221 2324 2296 ἅγιον
2356 2220 2433 2281 ὡς
2481 2220 2545 2273 τὸ
2597 2222 2694 2274 τοῦ
2745 2218 3034 2294 ἀνθρώπου
3082 2224 3298 2295 πνεῦμα
3345 2221 3741 2299 περίγραπτον·

2081 2306 2210 2365 ἀλλ’
2242 2306 2476 2385 ἅρῥητον
2521 2307 2610 2363 καὶ
2662 2306 3019 2387 ἀνεκφραστον
3068 2310 3131 2365 τὸ
3179 2316 3280 2379 τῆς
3313 2309 3470 2386 ἁγίας
3503 2309 3743 2388 Τριὰδος

2084 2397 2316 2475 ὑπάρχει
2370 2399 2688 2474 μυστήριον.
2741 2398 2845 2454 Καὶ
2894 2399 2970 2471 μὴ
3026 2396 3209 2475 εἷ’πῃς,
3255 2404 3377 2462 Πῶς
3410 2419 3425 2469 ;
3461 2400 3597 2477 ὑπερ
3640 2400 3745 2477 γὰρ

2078 2489 2142 2544 τὸ
2171 2494 2288 2551 πῶς
2327 2487 2436 2543 ἐστι
2484 2492 2668 2543 τοῦτο·
2722 2486 2864 2561 μηδὲ
2912 2484 3095 2562 εἴπῃς,
3146 2488 3292 2561 ποίῳ
3338 2490 3530 2566 τρόπῳ
3564 2510 3579 2560 ;
3612 2492 3746 2567 ὑπὲρ

2081 2578 2184 2654 γὰρ
2216 2578 2418 2654 τρόπον
2443 2578 2470 2632 6
2501 2582 2648 2641 θεῖος
2693 2578 2917 2653 τρόπος·
2956 2574 3099 2650 μηδὲ
3147 2576 3320 2652 εἷ’πῃς,
3354 2579 3506 2652 Ποίῳ
3541 2579 3694 2655 λόγῳ
3729 2600 3744 2649 ;

2080 2668 2211 2745 ὑπὲρ
2241 2668 2344 2742 γὰρ
2378 2665 2545 2743 λόγον
2576 2668 2604 2722 6
2637 2671 2780 2732 θεῖος
2822 2666 3012 2743 λόγος.
3043 2665 3217 2723 Ἀλλὰ
3256 2668 3475 2725 πίστευε
3520 2668 3599 2733 εἷς
3632 2675 3741 2726 Πα-

2077 2758 2226 2833 τὲρα·
2264 2758 2341 2831 μὴ
2398 2756 2689 2833 ἰρευνήσῃς
2746 2753 2804 2811 δὲ
2853 2756 2919 2812 τὸ
2969 2762 3222 2833 πρᾶγμα·
3283 2757 3577 2833 προσκύνει
3642 2759 3735 2815 τὸν

2080 2847 2223 2918 Υἱὸν,
2285 2847 2361 2921 μὴ
2410 2844 2892 2921 πολυπραγμονῶν
2933 2847 3033 2915 τήν
3096 2846 3261 2901 αὐτοῦ
3317 2847 3591 2923 γέννησινσ
3640 2848 3736 2903 ἀν-

2082 2935 2237 3010 ύμνει
2267 2937 2330 2991 τὸ
2362 2940 2577 3009 Πνεῦμα
2605 2934 2670 2990 τὸ
2718 2936 2896 3010 ἅγιον,
2932 2936 3008 3008 μὴ
3059 2934 3299 3005 ἐκζητῶν
3346 2937 3411 2992 τὸ
3439 2942 3539 3006 τῆς
3567 2934 3731 3010 ἁγίας

2078 3023 2307 3103 Τριάδος
2358 3026 2676 3099 μυστήριον.
2736 3028 2902 3100 Δεῦρο
2949 3023 3003 3079 ἐν
3057 3021 3330 3100 Ἰορδάνῃ,
3376 3023 3466 3078 καὶ
3511 3021 3613 3098 ὅρα
3646 3020 3738 3079 διὰ

2079 3114 2420 3191 πραγμάτων
2450 3112 2739 3189 τηλαυγῶς
2767 3119 2867 3182 τῆς
2916 3112 3072 3188 ἁγίας
3120 3114 3211 3168 καὶ
3257 3112 3550 3187 ὁμοουσίου
3578 3114 3742 3190 Τριά-

2089 3202 2180 3266 δος
2228 3204 2325 3271 τήν
2385 3199 2636 3275 δύναμιν
2671 3200 2882 3278 Πατέρα
2943 3203 3036 3276 μὲν
3098 3197 3301 3267 ἄνωθεν
3351 3205 3750 3278 μαρτυροῦνται

326 3291 467 3348 tatis
493 3270 863 3364 mysterium.
895 3290 1039 3347 Veni
1093 3291 1163 3348 ad
1215 3270 1556 3364 Jordanem,
1603 3310 1669 3349 ac
1699 3294 1972 3352 virtutem

2090 3294 2213 3349 Υὶὸν
2249 3270 2307 3347 δε
2354 3270 2593 3353 κάτωόεν
2652 3270 3073 3366 βαπτιζόμενον,
3125 3270 3362 3364 Πνεῦμα-
3401 3270 3460 3346 δὲ
3488 3270 3751 3365 πανὰγιον

333 3384 547 3437 sanctae
576 3384 638 3437 et
684 3379 1202 3437 consubstantialis
1250 3380 1559 3438 Trinitatis
1607 3381 1762 3439 clare
1793 3384 1985 3458 reipsa

335 3469 490 3539 vide,
514 3469 743 3525 Patrem
777 3469 1059 3525 nimirum
1101 3486 1354 3543 superne
1401 3471 1840 3529 testificantem.
1892 3474 1993 3539 Fi-,

340 3558 485 3615 lium
510 3574 646 3615 vero
675 3558 831 3615 infra
867 3558 1253 3631 baptizatum,
1297 3559 1742 3618 sanctissimum
1789 3568 1983 3620 autem

268 3726 274 3732 ι
338 3646 623 3721 Spiritum
657 3647 717 3703 in
761 3647 1046 3704 columba;
1099 3647 1291 3719 specie
1338 3649 1810 3710 descendentem.
1872 3654 1987 3726 [psi

337 3735 542 3810 gloria,
574 3737 920 3808 potentia,et
948 3736 1213 3793 adoratio
1235 3753 1366 3793 cum
1390 3741 1561 3795 Patre
1585 3741 1988 3814 omnipotente

2093 3381 2145 3438 ἐν
2179 3379 2311 3437 εἷ’δει
2343 3384 2657 3457 περιστερᾶς
2709 3378 3137 3455 κατερχόμενον.
3171 3378 3332 3453 Αὐτῷ
3379 3381 3415 3448 ἡ
3466 3375 3615 3450 δὸξα,
3662 3376 3754 3433 καὶ

2092 3473 2155 3527 τὸ
2200 3470 2398 3548 κράτος
2431 3514 2445 3540 ,
2497 3468 2587 3524 καὶ
2632 3469 2667 3537 ἡ
2713 3468 3113 3541 προσκόνησις,
3166 3467 3259 3523 σὺν
3303 3466 3385 3542 τῷ
3438 3466 3611 3544 Πατρὶ
3644 3468 3756 3541 (93)

2093 3566 2173 3634 τῷ
2202 3557 2623 3635 παντοκράτορι,
2672 3557 2763 3613 καὶ
2809 3562 2891 3630 τῷ
2936 3562 3230 3633 Μονογενεῖ
3269 3557 3436 3613 αὐτοῦ
3484 3558 3618 3630 Υἱῷ,
3674 3560 3753 3628 τῷ

2097 3649 2289 3726 Κυρίῳ
2319 3649 2479 3721 ἡμῶν
2514 3648 2697 3717 Ἰησοῦ
2744 3646 2985 3722 Χριστῷ,
3014 3651 3106 3702 νῦν
3133 3645 3225 3701 καὶ
3266 3645 3373 3713 ἀεὶ,
3402 3645 3492 3702 καὶ
3523 3646 3599 3709 εἷς
3629 3644 3756 3707 τοὺς

2098 3740 2297 3800 αἰῶνας
2330 3741 2435 3792 τῶν
2464 3735 2694 3792 αἰώνων.
2729 3736 2899 3809 Ἀμήν
2933 3737 3066 3809 (94).

336 3838 393 3890 et
423 3834 725 3908 unigenito
756 3837 885 3906 ejus
917 3834 1062 3891 Filio
1098 3835 1337 3893 Domino
1360 3841 1556 3894 nsstro
1585 3838 1726 3895 Jesu
1759 3839 2011 3914 Christo,
2041 3856 2200 3902 nunc
2230 3841 2288 3894 et
2317 3853 2552 3909 semper
2578 3840 2634 3891 et
2663 3834 2723 3890 in
2754 3834 2970 3891 saecula
2999 3834 3370 3891 saeculorum.
3403 3836 3610 3891 Amen.

404 3949 631 4014 Οωεετ.
667 3950 738 4005 II.
771 3949 1075 4006 Undenam
1103 3954 1406 4025 cognoscit
1435 3953 1611 4011 homo
1636 3971 1701 4012 se
1731 3957 1990 4026 baptiza-

330 4041 457 4094 tum
491 4038 663 4111 plane
702 4054 853 4110 esse,
887 4055 954 4095 ac
1003 4040 1289 4112 Spiritum
1339 4047 1611 4100 sanctum
1664 4046 1982 4120 accepisse,

329 4144 465 4182 cum
492 4133 650 4183 esset
678 4127 873 4185 infans
907 4129 966 4184 in
999 4134 1203 4187 sancto
1238 4132 1633 4204 baptismate?

402 4212 766 4271 Rasszaias
787 4215 1074 4288 propheta
1096 4217 1291 4290 inquit
1310 4221 1379 4275 ad
1414 4225 1595 4276 Deum
1633 4239 1647 4278 :
1685 4241 1712 4275 ιι
1744 4223 1983 4296 Propter

326 4301 601 4357 timorem
633 4306 823 4374 tuum,
856 4304 1123 4376 Domine,
1157 4309 1558 4381 concepimus,
1583 4314 1640 4366 et
1672 4314 1981 4384 parturivi-

327 4407 483 4461 mus,
517 4407 583 4448 ac
613 4394 953 4466 peperimus
984 4395 1515 4468 Spiritum‘salutis
1543 4399 1609 4456 ⁷⁸.
1646 4420 1674 4449 ››
1696 4403 1981 4467 Quemad-

397 4553 440 4588 ⁷⁸
471 4552 586 4609 Isa.
611 4570 763 4623 xxw,
800 4556 886 4610 18.

2174 3952 2370 4030 Ἐρώτ.
2408 3953 2472 4027 β’.
2508 3951 2675 4015 Πόθεν
2724 3950 3068 4027 ἐπιγινώσκει
3116 3952 3424 4026 ἄνθρωπος,
3477 3948 3560 4005 ὅτι
3611 3948 3756 4012 ὅλως

2094 4038 2416 4113 ἐϐαπτίσθη,
2449 4039 2539 4095 καὶ
2572 4044 2793 4113 Πνεῦμα
2823 4039 2971 4117 ἅγιον
3005 4035 3188 4111 ἔλαϐε,
3220 4043 3420 4111 νήπιος
3465 4037 3539 4095 ὢν
3582 4039 3643 4109 ἐν
3676 4043 3754 4113 τῷ

2096 4132 2242 4208 ἁγίῳ
2277 4130 2611 4207 βαπτίσματι
2645 4131 2760 4203 (95)
2794 4147 2808 4197 ;

2165 4220 2333 4278 Ἀπόκ
2368 4263 2380 4277 .
2440 4221 2502 4278 'O
2558 4221 2850 4296 προφήτης
2930 4216 3149 4282 Ἦσαὶας
3227 4219 3361 4299 φησὶ
3446 4219 3581 4295 πρὸς
3658 4221 3748 4275 τὸν

2092 4310 2241 4367 Θεόν’
2277 4334 2306 4361 ι(
2341 4309 2438 4364 Διὰ
2491 4308 2582 4363 τὸν
2640 4302 2809 4385 φόϐον
2870 4328 2986 4380 σου,
3050 4308 3236 4383 Κύριε,
3296 4309 3347 4364 ἓν
3398 4307 3591 4386 γαστρὶ
3624 4307 3756 4365 ἐλά-

2091 4396 2261 4474 ϐομεν
2305 4397 2396 4454 καὶ
2445 4393 2811 4471 ὠδινήσαμεν,
2861 4397 2953 4451 καὶ
3002 4395 3253 4474 ἐτὲκομεν
3310 4402 3529 4472 Πνεῦμα
3576 4419 3752 4471 σωτη-

538 4719 622 4805 Ita
663 4721 810 4805 ‘Reg‘.
846 4723 872 4777 1
924 4726 983 4805 θι
1027 4727 1085 4790 2,
1116 4739 1265 4796 quos
1303 4725 1642 4805 sequimur.
1675 4726 1786 4782 Alii
1843 4745 1972 4787 cum

2091 4728 2169 4791 εἰς
2198 4727 2262 4783 τὸ
2290 4726 2345 4782 ἓν
2397 4726 2760 4802 ἀναφέρομαι*
2798 4730 2867 4805 id,
2903 4738 3010 4796 esl,
3047 4732 3752 4805 Unusquisqueisccundum

333 4788 521 4865 sdiitls,
536 4788 713 4865 3616‘;
745 4788 836 4865 ’ξὸν
868 4788 1081 4848 τούτων
1110 4788 1369 4865 ποιητήν.

390 4861 504 4933 (91)
534 4862 647 4931 Τὴν
686 4863 971 4918 ὑπόστασιν
1005 4868 1169 4922 deest
1193 4861 1250 4923 in
1286 4861 1461 4924 Basil.

388 4935 510 5013 (92)-
529 4935 745 5013 ﬁegius
771 4938 825 5013 3,
859 4934 1131 5013 ἐνέπεσαν,
1153 4945 1218 5013 _et
1250 4941 1330 5013 ita
1372 4940 1513 5013 legit
1558 4940 1845 5013 interpres
1875 4960 1966 5000 ve-

312 5007 434 5090 tus.
468 5004 666 5090 Edi'ti':
701 5004 1531 5090 ἐτράπησαν..Ἰῐὶξςᾶλξιωῡξὼς
1561 5015 1664 5073 πᾶς
1712 5004 1966 5090 σαρκικὸς

314 5075 431 5151 υἱὸς
460 5075 776 5151 γενόμενος,
807 5075 1024 5136 desunt
1053 5081 1110 5136 in
1144 5075 1323 5139 Basil.

383 5148 499 5222 (93)
528 5148 689 5230 Hane
717 5151 1154 5230 cpnclusionem
1205 5154 1379 5226 aliqui
1412 5157 1803 5230 manuscripti
1835 5158 1966 5215 bre-

309 5219 554 5286 vi0rcm,
588 5227 653 5279 ut
683 5222 853 5293 solet,
887 5224 1121 5280 habent.

382 5293 494 5365 (94)
529 5294 660 5351 Haec
697 5296 975 5371 leguntur
1004 5297 1063 5351 in
1107 5299 1300 5371 tribus
1333 5299 1751 5371 manuscriptis
1786 5318 1798 5355 :
1833 5301 1960 5355 Θεὸν

307 5356 332 5379 ﬂ
382 5312 494 5365 (υἰέ)
529 5312 660 5351 11ωο
700 5312 975 5422 leguntur
1004 5314 1063 5351 1n
1107 5312 1300 5353 U'IDUS
1333 5312 1751 5371 manuscriptls
1786 5318 1798 5355 ἶ
1833 5312 1959 5355 Θεὸν

309 5380 530 5446 ξξξᾳστογ
589 5367 707 5446 παρ’
792 5367 963 5446 αυτὸν.
1011 5368 1429 5446 θεωρούμενον,-
1469 5370 1544 5431 ὡς
1604 5371 1817 5446 Πατέρα
1871 5374 1959 5428 καὶ

309 5432 456 5516 Υἲὸν,
490 5437 565 5516 ᾡς
613 5438 736 5492 Υἲὸν
778 5439 867 5516 καὶ
903 5439 976 5516 ’τὸ
1022 5432 1240 5516 Πνεῦμᾷ
1284 5432 1568 5516 τὸ-ἇγιον,
1617 5432 1958 5516 φυλασσομέ-

308 5524 411 5586 γηβξ
439 5506 774 5586 ἑκάστῳ-τῆς
807 5509 1102 5586 ἰδιότητος
1137 5506 1264 5586 Θεὸν
1293 5512 1383 5568 καὶ
1430 5506 1497 5568 τὰ
1542 5506 1667 5586 τρία
1708 5520 1823 5577 τοῖς
1856 5506 1958 5571 ἆλ-

312 5570 511 5676 ἒῆλλοξς
542 5570 826 5673 νοόύμὲνα“
858 5570 1030 5673 ἐκεῖνο
1192 5586 1289 5654 τὴν
1319 5570 1766 5676 ἴὸμοουσιότητα,
1799 5570 1959 5644 τοῦτο

351 5667 359 5676 .
430 5668 528 5676 _--_.
812 5674 833 5676 μ
935 5660 970 5676 η
1372 5660 1382 5676 ς
1543 5665 1569 5676 ν
1796 5659 1807 5672 κ
1906 5666 1928 5676 ..

313 5641 403 5700 διὰ
430 5650 528 5730 τὴν
565 5641 886 5730 μοναρχίαν.
932 5653 1027 5730 Οὐ-
1050 5641 1259 5730 ιρθᾴνω⁵
1281 5656 1342 5711 τὸ
1372 5641 1426 5713 ἓν
1474 5641 1686 5730 νοῆσαί,
1721 5641 1811 5714 καὶ
1839 5666 1956 5723 τοῖς

310 5720 455 5794 τρισί
488 5720 930 5800 περιλάμπομαν
974 5725 1037 5781 οὐ
1064 5720 1267 5805 ’φθάνω
1308 5730 1375 5785 τὰ
1422 5720 1814 5807 τρίὼδιελεῖν,
1866 5720 1956 5788 καὶ

2086 4818 2147 4857 se
2175 4807 2453 4873 spectatus
2484 4808 2627 4857 Deus
2684 4806 2788 4867 est,
2819 4803 2985 4858 sicuti
3031 4803 3213 4860 Pater
3234 4805 3311 4859 ita
3334 4803 3554 4870 Filius,
3586 4809 3746 4861 sicut.

2084 4873 2270 4929 Filius
2304 4876 2382 4931 ita
2408 4874 2675 4947 Spiritus,
2705 4875 2945 4941 singulis
2976 4892 3108 4932 suas
3127 4879 3485 4947 praprietates
3514 4892 3740 4933 servan-

2084 4946 2230 5002 tibus
2260 4965 2280 5003 :
2312 4951 2365 5002 et
2392 4955 2505 5003 (res
2536 4946 2627 5001 illi
2655 4948 2717 5000 in
2745 4962 2804 5001 se
2832 4950 3019 5003 mutuo
3049 4946 3386 5005 considerati
3421 4952 3571 5004 Deus
3596 4956 3747 5004 sunt:

2080 5019 2232 5074 Illud
2260 5019 2468 5074 scilicet
2512 5017 2814 5073 secundum
2843 5019 3475 5075 consubstantialilatem
3521 5020 3750 5076 habenti

2079 5090 2181 5145 hoc
2210 5089 2514 5148 secundum
2560 5090 2968 5146 monarchiam.
3001 5093 3122 5148 Non
3172 5091 3370 5147 accedo
3418 5090 3490 5147 ad
3538 5095 3747 5161 cogita-

2076 5164 2283 5219 tionem
2311 5165 2501 5234 unius,
2527 5163 2664 5234 quin
2693 5160 2872 5218 tribus
2900 5163 3020 5219 illis
3054 5164 3344 5220 illuminer
3365 5181 3384 5219 :
3405 5180 3519 5220 non
3547 5160 3744 5220 accedo

2072 5234 2144 5289 ad
2168 5238 2278 5290 (res
2307 5234 2443 5290 illos
2468 5232 2808 5299 diuidendos,
2842 5236 2982 5305 quin.
3010 5237 3074 5291 in
3105 5252 3280 5291 unum
3309 5234 3650 5292 reducar.Et
3680 5234 3743 5292 in

2072 5306 2305 5363 duobus
2324 5306 2686 5379 tribuuntur
2713 5306 2986 5379 Gregorio
3008 5307 3322 5379 'l‘heologo,
3353 5313 3412 5363 et
3444 5308 3746 5379 habentur

2071 5382 2217 5432 orat.
2275 5378 2363 5431 40.
2418 5375 2592 5431 Basil.
2652 5375 2854 5449 habet;
2898 5376 2957 5431 ἐκ
2996 5382 3093 5432 τοῦ
3146 5375 3418 5453 θεολόγου
3466 5377 3593 5454 περὶ
3635 5383 3741 5447 τῆς

2071 5445 2224 5503 ἁγίας
2255 5445 2510 5503 Τοιάδος.

2168 5468 2224 5508 ας
2255 5464 2486 5508 ἰ’ριαοος
2499 5489 2510 5501 .

2106 5468 2224 5521 γιας
2269 5468 2285 5503 ι
2340 5468 2510 5508 ιαοος.

2141 5521 2254 5607 (95)
2416 5521 2560 5607 fteg:
2590 5520 2645 5586 5,
2670 5524 2857 5607 recte;
2882 5521 3058 5607 Editi,
3085 5521 3160 5583 ὡς
3195 5520 3247 5575 ἐν
3276 5520 3524 5607 νηπίοις.
3556 5522 3741 5607 Infrag

2070 5585 2208 5667 πρὸς
2237 5585 2328 5645 τὸν
2360 5585 2689 5667 Θεόννάοεει
2721 5591 2792 5667 in
2825 5585 3058 5667 duobus
3092 5610 3241 5667 mss.
3276 5585 3454 5651 Paulo
3488 5585 3740 5667 postgxa‘

2070 5662 2325 5735 ἐτὲκομεν
2359 5665 2559 5722 deerat
2591 5664 2650 5719 in
2701 5662 2876 5720 editis
2913 5682 2926 5733 ;
2958 5666 3064 5722 sed
3110 5665 3329 5740 legitur
3368 5668 3430 5723 in
3459 5662 3740 5723 omnibus

2068 5751 2218 5807 pene
2247 5752 2391 5794 mss.
