4132 6356
361 415 478 477 601

1320 415 1836 487 ΟΗᾹΞΞΤΙΟΝΕΞ
1879 415 1982 474 AD
2032 413 2492 473 ANTlOCHUM
2545 409 2833 471 DUCEM.

3667 406 3787 466 602

363 545 502 616 ρίας.
535 567 562 596 ››
593 547 803 617 ’Ὠσπερ
837 542 929 598 οὖν
961 545 995 613 ἡ
1031 542 1082 598 ἐν
1116 544 1306 620 γαστρῖ
1342 539 1584 599 λαϐοῦσα
1627 545 1758 618 γυνὴ
1810 543 1868 598 ἐκ
1916 542 2022 597 τῶν

2157 545 2378 600 nodum
2413 558 2549 613 ergo
2603 557 2910 613 przsgnans
2944 539 3176 610 mulier,
3209 556 3277 594 ex
3309 539 3480 608 fetus,
3515 555 3690 610 quem
3725 540 3785 593 in

363 633 751 709 σκιρτημάτων
785 638 882 688 τοῦ
919 634 1176 711 βρέφους,
1225 637 1322 687 τοῦ
1374 633 1424 688 ἐν
1473 638 1541 706 τῇ
1596 635 1776 709 μήτρα
1833 632 2022 700 αὐτῆς,

362 724 642 780 ἐπίσταται
701 720 948 796 ἀψευδῶς
1010 721 1092 777 ὅτι
1141 723 1348 798 καρπὸν
1400 717 1612 777 ἔλαϐεν
1675 722 1816 776 οὕτω
1868 723 1955 776 καὶ
1989 726 2022 791 ἡ

364 815 518 889 ψυχή
563 817 662 868 τοῦ
718 812 944 883 ἀληθῶς
1002 814 1342 887 Χριπιανοῦ,
1395 811 1454 866 οὐ
1491 809 1577 866 διὰ
1610 812 1868 888 ῥημάτων
1919 817 2023 867 τῶν

365 903 590 978 γονέων,
623 900 772 956 ἀλλὰ
827 899 916 956 διὰ
959 902 1299 977 πραγμάτιον
1347 901 1436 954 καὶ
1491 903 1874 974 σκιρτημάτων
1927 905 2026 966 τῆς

364 988 591 1065 καρδίας
625 988 812 1060 αὐτοῦ,
842 991 930 1046 καὶ
968 990 1207 1062 μάλιστα
1234 995 1313 1043 τῶ
1361 994 1534 1066 καιρῷ
1580 996 1685 1045 τῶν
1744 992 2024 1068 φωτισμά-

363 1102 497 1146 των,
529 1080 618 1134 καὶ
667 1087 768 1149 τῆς
833 1078 1198 1153 μεταλήψεως
1251 1085 1348 1133 τοῦ
1406 1078 1562 1155 ἁγίου
1623 1081 1875 1152 σώματος
1936 1080 2026 1133 καὶ

369 1167 600 1242 ατίματος
655 1173 750 1223 τοῦ
810 1173 1066 1245 Χριστοῦ,
1130 1169 1381 1241 μανθάνει
1439 1167 1498 1222 ἐκ
1545 1175 1644 1237 τῆς
1707 1174 1879 1243 χαρᾶς
1915 1170 2026 1241 (96)

371 1260 470 1326 τῆς
501 1257 663 1312 αὐτοῦ
693 1261 900 1334 ψυχῆς,
932 1256 1014 1312 ὅτι
1041 1258 1104 1312 τὸ
1138 1263 1353 1331 Πνεῦμα
1382 1257 1444 1312 τὸ
1477 1258 1630 1332 ἅγιον
1692 1253 1852 1313 ἔλαϐε
1887 1259 2025 1333 βαπ-

374 1347 596 1408 τισθείς.

454 1437 648 1510 Ἐρώτ.
679 1439 745 1511 γ’.
783 1439 936 1510 Πότε,
965 1436 1049 1491 καὶ
1095 1432 1280 1505 πόθεν,
1330 1437 1419 1490 καὶ
1463 1441 1581 1499 πῶς
1630 1436 1912 1512 γεγόνασιν
1975 1438 2026 1490 οἱ

381 1523 613 1601 ἄγγελοι
642 1545 656 1595 ;

451 1615 645 1671 Ἀπόκ.
679 1613 811 1672 Οὔτε
839 1615 1017 1687 πόθεν,
1077 1615 1201 1671 οὕτε
1267 1620 1384 1678 πῶς
1435 1615 1719 1692 γεγόνασιν
1768 1617 1818 1670 οἱ
1867 1612 2026 1692 ἅγγε-

380 1703 491 1775 λοι,
561 1701 781 1758 δυνατὸν
831 1704 982 1782 φύσει
1033 1706 1341 1781 ἀνθρωπίνῃ
1391 1704 1579 1760 εἶ’πεῖν·
1633 1705 1678 1760 εἲ
1731 1707 1807 1778 μή
1865 1711 2025 1760 τοῦτο

378 1791 563 1865 μόνον,
596 1791 679 1847 ὅτι
711 1791 770 1846 ἐκ
795 1797 893 1848 τοῦ
930 1795 1006 1866 μὴ
1038 1790 1193 1856 ὄντος
1228 1794 1302 1856 εἷς
1332 1795 1393 1848 τὸ
1425 1795 1554 1849 εἶναι
1579 1792 1730 1870 λόγῳ
1755 1798 1887 1849 Θεοῦ
1909 1797 2025 1867 (97)

372 1883 650 1957 γεγόνασι.
684 1882 762 1938 Τὸ
796 1880 854 1937 δὲ
883 1882 1034 1951 πότε,
1069 1883 1120 1937 οἱ
1156 1882 1248 1956 μέν
1293 1905 1420 1961 φασι
1461 1887 1530 1957 τῇ
1583 1885 1772 1959 πρώτῃ
1822 1882 2023 1958 ἡμέρᾳ,

375 1971 428 2025 οἱ
461 1968 516 2026 δὲ
545 1973 651 2043 πρὸ
679 1978 779 2040 τῆς
806 1973 1029 2045 πρώτης
1060 1973 1292 2049 ἡμέρας.

444 2061 504 2116 Ὀ
546 2057 603 2114 δὲ
658 2058 711 2113 ἐν
771 2060 944 2135 ἁγίοις
1003 2062 1189 2136 Πατήρ
1250 2064 1410 2133 ἡμῶν
1465 2062 1552 2116 καὶ
1615 2062 2026 2136 θαυματουργὸς

380 2147 693 2225 Ἐπιφάνιος
752 2149 780 2202 ὁ
834 2148 1267 2224 ἀρχιεπίσκοπος
1325 2149 1564 2223 Κύπρου,
1627 2151 1703 2212 εἱς
1733 2151 1824 2204 τὸν
1859 2149 2025 2225 λόγον

372 2236 540 2292 αὐτοῦ
568 2237 660 2291 τὸν
687 2237 823 2292 κατά
851 2237 1075 2294 Παύλου
1115 2242 1214 2293 τοῦ
1266 2241 1632 2312 Σαμοσατέως
1682 2239 1754 2301 εἷς
1801 2240 1868 2294 τὰ
1929 2243 2030 2296 lla-

369 2325 559 2400 νάρεια
591 2328 701 2398 (98)
750 2324 1103 2402 πλατυτέρως
1153 2325 1376 2397 ἔξεθετο,
1431 2328 1544 2400 ἅμα
1587 2328 1799 2400 οὐρανῷ
1833 2329 1923 2383 καὶ
1955 2333 2027 2404 γῇ

365 2414 594 2476 τούτους
629 2413 1130 2491 δημιουργηθῆναι,
1163 2417 1252 2470 καὶ
1285 2415 1414 2492 οὐχὶ
1463 2419 1749 2492 πρότερον,
1810 2417 2028 2492 ἀνατρέ-

365 2525 488 2560 πων
524 2502 613 2559 διὰ
663 2502 1051 2580 συλλογισμῶν
1102 2505 1230 2568 τοὺς
1288 2511 1454 2561 τοῦτο
1516 2506 1800 2583 λέγοντας.
1853 2509 1948 2562 Καὶ
1976 2508 2026 2562 έν

371 2593 544 2668 ἑτέρῳ
577 2591 634 2648 δὲ
664 2593 828 2649 αὐτοῦ
861 2593 1014 2670 λόγῳ
1043 2599 1204 2650 τοῦτο
1237 2617 1420 2674 φησιν,

442 2684 642 2759 Ἐρώτ.
677 2681 741 2741 δ’.
776 2679 944 2748 Πόθεν
997 2682 1166 2754 δῆλον
1219 2686 1300 2740 ’ὁτι
1351 2686 1557 2740 κτιστοί
1608 2686 1737 2741 εἰσιν
1789 2688 1840 2740 οἱ
1873 2684 2030 2762 ἅγγε-

379 2771 508 2840 λοι;
542 2769 667 2827 οὐδὲ
695 2775 795 2847 γὰρ
830 2771 1118 2850 ἐμφέρεταί
1146 2794 1197 2828 τι
1229 2777 1476 2829 τοιοῦτον
1510 2773 1560 2830 ἐν
1595 2779 1661 2850 τῇ
1699 2769 1877 2851 βίϐλῳ
1929 2782 2028 2845 τῆς

375 2863 658 2934 Γενέσεως,

451 2949 642 3007 Ἀπόκ.
675 2952 962 3006 Γινώσκων
1013 2953 1041 3006 6
1091 2954 1218 3016 Θεὸς
1265 2953 1328 3008 τὸ
1379 2951 1826 3030 φιλείδωλονκαὶ
1857 2953 2030 3009 πολύ-

380 3041 500 3094 θεον
561 3042 675 3112 (99)
725 3045 833 3096 τῶν
895 3042 1220 3118 ἀνθρώπων,
1280 3043 1368 3097 καὶ
1439 3043 1676 3116 μάλιστα
1730 3049 1836 3099 τῶν
1895 3046 2031 3101 Ἰου-

377 3126 573 3198 δαίων,
629 3129 828 3185 τούτου
882 3131 1042 3207 χάριν
1103 3132 1405 3210 ἀπέκρυψεν
1467 3133 1518 3189 ἐν
1575 3137 1642 3208 τῇ
1702 3133 1909 3190 Γενέσει
1938 3135 2029 3190 τὸν

369 3219 498 3294 περὶ
556 3224 662 3275 τῶν
725 3220 974 3297 ἀγγέλων
1033 3221 1226 3298 λόγον’
1278 3222 1369 3277 ’ίνα
1433 3225 1506 3296 μὴ
1565 3225 1652 3278 καὶ
1698 3225 1890 3287 αὐτοὺς
1921 3228 2034 3280 θεο-

2137 637 2300 689 utero
2350 632 2546 698 habet,
2596 631 2934 702 agitatione,
2988 632 3146 684 certo
3208 644 3270 683 se
3319 626 3480 682 novit
3527 626 3784 682 fructum

2137 721 2469 793 suscepisse
2517 720 2640 775 :sic
2671 724 2727 775 et
2774 720 2970 774 anima
3017 718 3134 773 veri
3183 716 3519 783 Christiani,
3572 733 3686 771 non
3719 734 3788 772 ex

2135 813 2330 868 verbis
2375 815 2711 883 parentum,
2761 809 2862 864 sed
2907 825 2973 862 ex
3024 807 3199 863 rebus
3248 806 3394 878 ipsis
3441 811 3498 862 et
3531 805 3786 863 motibus

2137 901 2328 958 cordis
2361 899 2473 967 sui,
2510 898 2760 954 maxime
2791 915 2922 953 vero
2956 897 3164 952 diebus
3197 896 3356 952 festis
3396 899 3452 951 et
3481 895 3785 953 illumina-

2138 991 2362 1048 tionum
2422 1005 2524 1044 seu
2592 988 3037 1060 baptismatum,
3107 1004 3171 1040 ac
3234 985 3786 1042 communicationis

2137 1081 2322 1136 sancti
2373 1078 2634 1150 corporis
2702 1082 2760 1133 et
2807 1076 3115 1148 sanguinis
3166 1075 3403 1141 Christi,
3455 1092 3523 1131 ex
3573 1075 3786 1148 gaudio

2139 1169 2345 1226 animae
2373 1186 2490 1224 suae
2513 1167 2687 1224 discit
2707 1185 2768 1222 se
2800 1167 3160 1239 baptizatum
3185 1165 3480 1236 accepisse
3501 1164 3786 1237 Spiritum

2138 1266 2430 1316 sanctum.

2207 1441 2433 1506 Quzasr.
2467 1438 2560 1493 III.
2594 1438 3003 1504 Quandonam,
3037 1435 3192 1490 unde
3225 1439 3281 1490 et
3324 1433 3619 1506 quomodo
3652 1433 3790 1488 facti

2137 1533 2277 1584 sunt
2309 1528 2498 1599 angeli
2525 1527 2553 1580 ?

2209 1618 2510 1674 RasP.Non
2543 1620 2731 1688 potest
2760 1619 2975 1671 natura
3005 1614 3268 1670 humana
3296 1613 3491 1668 dicere
3519 1612 3675 1667 unde
3700 1611 3788 1667 vel

2137 1708 2424 1778 quomodo
2457 1706 2589 1760 facti
2624 1710 2763 1760 sunt
2791 1705 2985 1777 angeli
3019 1722 3032 1760 :
3069 1704 3170 1759 sed
3202 1703 3311 1758 hoc
3361 1702 3549 1758 solum
3607 1701 3788 1772 novit,

2136 1796 2270 1852 illos
2299 1796 2474 1851 verbo
2505 1795 2602 1850 Dei
2636 1811 2705 1850 ex
2735 1793 2920 1848 nihilo
2955 1795 3138 1848 factos
3182 1808 3329 1846 esse.
3381 1791 3624 1855 Quando
3652 1806 3788 1846 vero

2137 1887 2269 1943 facti
2303 1885 2540 1954 fuerint,
2575 1883 2672 1939 alii
2706 1884 2894 1956 prima
2923 1883 3038 1948 die,
3091 1882 3189 1937 alii
3216 1885 3349 1936 ante
3403 1880 3656 1952 primam
3688 1897 3793 1951 pu-

2139 1980 2288 2032 tant.

2210 2067 2461 2120 Sanctus
2493 2068 2688 2118 antem
2719 2063 2889 2118 Pater
2918 2065 3119 2116 noster
3144 2064 3201 2116 et
3232 2059 3514 2115 mirificus
3535 2059 3789 2133 Epipha-

2137 2154 2404 2226 nius(98)
2435 2152 2919 2223 archiepiscopus
2951 2149 3145 2222 Cypri,
3177 2149 3234 2202 in
3264 2148 3412 2204 libro
3444 2165 3552 2204 suo
3585 2153 3792 2204 contra

2140 2243 2384 2299 Paulum
2436 2244 2902 2306 Samosatenum,
2973 2239 3032 2294 in
3077 2240 3349 2295 Panarz’z‘s
3411 2238 3556 2308 suis,
3611 2239 3791 2294 latius

2139 2333 2394 2404 exponit,
2428 2349 2546 2386 una
2575 2347 2708 2385 cum
2742 2329 2882 2384 coelo
2914 2332 2970 2383 et
3001 2333 3154 2384 terra
3197 2343 3326 2383 esse
3359 2327 3562 2393 factos,
3604 2330 3661 2382 et
3689 2343 3792 2382 ne-

2140 2437 2438 2494 quaquam
2471 2420 2658 2492 prius,
2690 2419 2953 2474 refutans
2976 2417 3445 2473 contradicentes
3477 2431 3579 2488 per
3610 2415 3789 2488 syllo-

2140 2511 2381 2584 gismos.
2413 2510 2484 2564 Et
2514 2509 2574 2564 in
2607 2509 2719 2564 alio
2751 2509 3007 2580 quodam
3038 2507 3186 2562 libro
3220 2507 3373 2562 idem
3408 2507 3668 2562 assserit.

2211 2689 2434 2752 Qums'r.
2467 2688 2867 2744 IV.Undenam
2899 2686 3276 2742 manifestum
3301 2690 3390 2741 est
3419 2689 3644 2741 creatos
3667 2702 3796 2742 esse

2142 2773 2427 2850 angelos?
2458 2793 2712 2848 namque
2730 2775 2875 2832 nihil
2899 2775 3242 2846 hujusmodi
3273 2774 3523 2829 habetur
3549 2774 3606 2829 in
3636 2773 3787 2830 libro

2142 2869 2451 2924 Geneseos.

2214 2958 2384 3012 Rasr.
2436 2957 2579 3011 Cum
2629 2959 2828 3011 nosset
2870 2954 3023 3009 Deus
3075 2953 3364 3018 homines,
3418 2952 3786 3024 maximeque

2139 3047 2372 3102 Judzeos
2405 3060 2726 3117 propensos
2756 3059 2886 3099 esse
2916 3043 2988 3099 ad
3022 3041 3311 3098 idolorum
3343 3046 3402 3096 et
3461 3041 3785 3098 multorum

2142 3137 2383 3192 deorum
2415 3135 2660 3201 cultum,
2696 3133 2913 3189 idcirco
2947 3133 3004 3186 in
3036 3131 3242 3186 Genesi
3274 3131 3503 3187 reticuit
3533 3132 3684 3202 quod
3715 3133 3789 3188 ad

2143 3227 2380 3298 angelos
2413 3227 2801 3296 spectaret,ne
2817 3222 2898 3276 illi
2921 3221 3018 3293 qui
3037 3220 3287 3276 vitulum
3305 3225 3362 3276 et
3392 3219 3504 3276 alia
3521 3221 3790 3291 quaedam

370 3309 677 3378 ποιήσωσιν
741 3308 792 3362 οἱ
851 3309 942 3363 τὸν
1003 3310 1211 3384 μόσχον
1265 3310 1353 3364 καὶ
1415 3309 1558 3366 ἄλλα
1602 3313 1723 3364 τινὰ
1771 3313 2024 3382 θεοποιή-

2157 3334 2202 3370 .n
2234 3316 2474 3370 deorum
2503 3327 2816 3368 numerum
2849 3311 3192 3377 retulerunt,
3245 3311 3406 3382 ipsos
3457 3310 3635 3365 etiam
3685 3327 3788 3366 an-

367 3417 554 3458 σαντες
584 3396 661 3459 ὡς
692 3397 845 3459 θεούς
875 3401 974 3470 (1).
1009 3400 1131 3454 ’Ότι
1165 3395 1221 3453 δὲ
1251 3399 1340 3453 καὶ
1394 3399 1601 3454 κτιστοί
1633 3399 1764 3454 εἶσιν
1827 3402 1878 3454 οἳ
1935 3403 2028 3477 ἄγ-

370 3480 550 3558 γελοι,
583 3485 814 3538 ἄκουσον
871 3489 968 3539 τοῦ
1025 3485 1184 3560 ἁγίου
1221 3485 1531 3559 Πνεύματος
1593 3485 1681 3542 διὰ
1735 3492 1832 3542 τοῦ
1891 3491 2030 3564 Προ-

366 3574 544 3645 φήτου
607 3571 893 3648 λέγοντος*
963 3598 990 3626 ‹‹
1049 3575 1253 3631 Αἰνεῖτε
1298 3576 1389 3630 τὸν
1449 3576 1670 3652 Κύριον,
1723 3577 1915 3633 πάντες
1973 3579 2025 3633 οἱ

365 3661 595 3738 ἄγγελοι
629 3662 814 3717 αὐτοῦ’
847 3662 1047 3718 αἷ⁷νεῖτε
1093 3664 1274 3734 αὐτὸν,
1306 3671 1469 3720 πᾶσαι
1520 3667 1574 3720 αἱ
1625 3665 1880 3740 δυνάμεις
1939 3669 2028 3722 αὐ-

365 3756 483 3820 τοῦ,
515 3751 599 3807 ὅτι
635 3751 795 3814 αὐτὸς
828 3751 963 3824 εἶπε,
995 3753 1085 3807 καὶ
1118 3753 1463 3830 ἐγενήθησαν,
1490 3755 1650 3818 αὐτὸς
1700 3757 2022 3829 ἐνετείλατο,

369 3842 456 3896 καὶ
487 3840 826 3912 ἐκτίσθησαν.
858 3865 903 3893 η»

446 3933 616 4005 Ερώτ.
649 3933 706 3987 ε’.
743 3935 835 3988 Ἐκ
865 3939 966 4002 τῆς
1001 3932 1182 3996 οὐσίας
1219 3931 1276 3988 δὲ
1303 3940 1400 3990 τοῦ
1431 3937 1609 4012 φωτὸς
1640 3935 1835 3991 τούτου
1867 3937 2022 4007 εἰσὶν,

376 4019 410 4086 ἡ
444 4016 614 4088 ἄλλης
641 4021 787 4082 τινὸς
822 4022 1033 4098 φύσεως
1062 4041 1074 4090 ;

447 4109 632 4164 Ἀπόκ.
664 4112 824 4165 Ὃσον
878 4109 1116 4190 διαφέρει
1166 4116 1264 4167 τοῦ
1312 4113 1532 4189 ἀστέρος
1566 4116 1592 4168 6
1623 4114 1808 4186 ἥλιος,
1838 4121 2026 4170 τοσοῦ-

371 4219 469 4253 τον
503 4195 736 4277 διαφέρει
767 4202 801 4271 ἠ
861 4200 1013 4256 οὐσία
1040 4206 1150 4258 τῶν
1179 4201 1432 4279 ἀγγέλων
1461 4203 1638 4276 πάσης
1668 4211 1765 4274 τῆς
1805 4206 2023 4279 ὁρωμέ-

367 4309 470 4358 νης
493 4287 736 4352 κτίσεως.

437 4379 636 4454 Ἐρώτ,
669 4380 732 4442 ς’.
768 4377 942 4442 Πόσος
995 4377 1053 4434 δὲ
1111 4379 1212 4455 ἄρα
1264 4384 1372 4436 τῶν
1417 4380 1662 4458 ἀγγέλων
1710 4383 1738 4437 6
1791 4383 2023 4458 ἀριθμὸς

363 4467 604 4544 ὑπάρχει
637 4469 772 4544 ὑπὲρ
801 4470 893 4524 τὸν
927 4469 1157 4546 αριθμὸν
1184 4477 1286 4540 τῆς
1319 4472 1741 4548 ἀνθρωπότητος
1772 4492 1786 4542 ;

435 4556 666 4634 ’Δπόκρ.
693 4560 762 4612 ()i
794 4560 888 4631 μέν
922 4579 1079 4638 φασιν
1117 4559 1439 4630 ἐνενήκοντα
1490 4561 1640 4617 ἐννέα
1690 4563 1826 4638 μέρη
1887 4564 2017 4618 εἶναι

2139 3404 2301 3478 gelos
2329 3408 2394 3459 ut
2422 3405 2563 3459 deos
2594 3401 2870 3458 colerent.
2903 3400 3065 3467 Quod
3099 3403 3293 3454 autem
3319 3399 3505 3455 creati
3535 3399 3655 3454 sint
3683 3417 3788 3454 an-

2137 3495 2440 3567 geli,disce
2473 3510 2506 3548 a
2533 3492 2749 3565 Spiritu
2793 3497 2996 3547 sancto
3039 3506 3139 3561 per
3170 3489 3517 3561 Prophetam
3550 3490 3739 3544 aiente
3771 3509 3783 3546 :

2143 3609 2162 3630 -
2203 3584 2461 3639 Laudate
2490 3582 2829 3647 Dominum,
2865 3596 3070 3635 omnes
3099 3577 3292 3650 angeli
3342 3580 3470 3649 ejus
3502 3595 3515 3632 :
3553 3579 3787 3634 laudate

2135 3690 2290 3738 eum,
2325 3689 2529 3727 omnes
2560 3672 2803 3726 virtutes
2835 3670 2984 3739 ejus,
3015 3669 3155 3739 quia
3201 3667 3326 3738 ipse
3366 3667 3510 3722 dixit
3548 3673 3605 3723 et
3637 3669 3789 3724 facta
3861 3728 3868 3734 ,

2137 3765 2294 3831 sunt,
2329 3759 2452 3830 ipse
2475 3758 2797 3825 mandavit,
2828 3762 2885 3812 et
2914 3762 3106 3812 creata
3139 3760 3278 3811 sunt
3305 3757 3368 3810 7°.
3406 3777 3433 3805 »

2207 3942 2435 4005 QUzEST.
2471 3943 2538 3994 V.
2573 3938 2654 3992 Ex
2683 3938 3014 3994 essentiane
3045 3942 3186 3993 sunt
3214 3936 3394 4008 huius
3434 3935 3678 3992 luminis
3710 3953 3785 3992 an

2134 4044 2202 4084 ex
2233 4029 2432 4100 aliqua
2461 4029 2575 4083 alia
2605 4030 2860 4082 natura?

2207 4119 2376 4174 Resp.
2412 4121 2704 4182 Quantum
2729 4117 2816 4173 sol
2846 4135 2880 4172 a
2911 4117 3083 4172 stella
3113 4118 3558 4188 dilfert,tantum
3590 4117 3785 4172 differt

2135 4213 2345 4276 natura
2377 4207 2721 4279 angelorum
2754 4207 2827 4262 ab
2859 4207 3018 4262 omni
3050 4206 3269 4262 visibili
3301 4212 3586 4263 creatura.

2203 4388 2425 4452 ΟωΕετ.
2460 4386 2857 4451 VI.Quantum
2889 4383 3069 4456 igitur
3098 4383 3441 4457 angelorum
3473 4401 3780 4457 numerus,

2132 4477 2438 4533 hominum
2472 4475 2910 4531 multitudinem
2944 4473 3234 4545 superat?

2205 4567 2378 4622 Rasr.
2411 4565 2528 4621 Alii
2559 4564 2795 4637 quidem
2824 4563 2989 4619 aiunt
3015 4565 3333 4636 nonaginta
3354 4579 3556 4618 novem
3589 4567 3784 4636 partes

357 4644 491 4708 τοὺς
523 4645 792 4723 ἀγγέλους
822 4649 900 4720 (2)
932 4649 1067 4724 πρὸς
1095 4648 1187 4703 τὸν
1241 4649 1468 4725 ἀριθμὸν
1513 4654 1612 4720 τῆς
1665 4652 2020 4728 ἀνθρωπότη-

2157 4673 2260 4712 νεεδ
2287 4655 2524 4728 angelos
2555 4655 2605 4710 si
2635 4671 2769 4710 cum
2804 4669 3048 4708 numero
3079 4653 3391 4708 hominum
3439 4669 3786 4726 comparen-

357 4755 476 4803 τος,
509 4737 647 4790 κατὰ
675 4738 773 4806 τήν
805 4733 1128 4813 παραϐολήν
1159 4743 1260 4793 τοῦ
1287 4740 1484 4816 Κυρίου
1514 4745 1622 4794 τῶν
1656 4742 1842 4796 ἑκατὸν
1893 4764 2022 4818 προ-

362 4819 566 4879 ϐάτων·
603 4822 769 4880 ἄλλοι
803 4823 870 4882 δὲ’
892 4826 1044 4882 ἐννέα
1074 4828 1209 4882 κατά
1238 4830 1336 4897 τὴν
1388 4825 1708 4902 παραϐολὴν
1753 4836 1861 4885 τῶν
1897 4830 2023 4887 δέκα

363 4911 656 4989 δραχμῶν.
719 4917 934 4992 ’Έτεροι
986 4914 1044 4972 δὲ
1105 4916 1423 4994 ἰσαρίθμους
1483 4917 1698 4994 λέγουσι
1755 4921 1879 4982 τοὺς
1927 4922 2020 4976 ἀν-

362 5003 620 5078 θρώπους
665 5003 754 5060 καὶ
811 5004 938 5068 τοὺς
991 5003 1276 5082 ἀγγέλους,
1328 5006 1581 5085 φέροντες
1611 5007 1686 5071 εἷς
1723 5009 2017 5083 μαρτυρίαν

435 5201 481 5234 ⁷ο
513 5201 664 5258 Psal.
700 5220 932 5275 cxu'm,
961 5206 1015 5275 2,
1047 5204 1101 5258 5.

436 5382 549 5457 (96)
579 5383 724 5457 Tres
757 5399 898 5438 mss.
931 5387 1028 5451 τῆς
1058 5384 1304 5457 χάριτος.

440 5455 553 5525 (97)
587 5452 762 5534 Λόγῳῌ
779 5458 913 5534 Θεοιῖ
961 5452 1144 5534 deest
1173 5457 1227 5510 in
1278 5455 1479 5534 Basil.“
1508 5460 1665 5534 Mox.
1683 5466 1838 5534 _Regﬁ.
1867 5463 1921 5534 ‘._2_,
1955 5461 2020 5534 ΟΕ

372 5522 480 5609 Pi".
521 5522 645 5609 ea
677 5522 771 5609 ’τῇ
804 5527 962 5609 ἰτρίῖῖι
1015 5525 1214 5609 ἡμέρα,
1245 5528 1299 5609 ρῖ
1331 5524 1484 5609 ἰδὲ,τῇ
1514 5529 1751 5605 τετράδι,
1784 5522 1835 5586 ὄῖ
1868 5522 1926 5586 δὲ
1949 5531 2020 5606 τῇ

362 5579 560 5678 aea},
593 5599 698 5669 ἡμ.
733 5579 880 5653 tua.
916 5579 1068 5678 sine;
1091 5579 1214 5678 δίέέ
1241 5579 1295 5653 έν
1317 5579 2020 5678 paysega'étit’rguga.31;

368 5670 442 5723 ad
477 5671 653 5726 finem
685 5670 1089 5739 responsionis
1121 5672 1334 5727 desunt
1368 5670 1425 5729 in
1457 5675 1648 5731 tribus
1677 5694 1819 5733 mss.

446 5739 557 5814 (98)
587 5741 798 5816 Epiph.
833 5741 1037 5799 haeres.
1072 5759 1196 5799 va.

2131 4750 2265 4815 tur;
2299 4749 2536 4817 pr0pter
2565 4743 2788 4799 scilicet
2820 4743 3156 4814 parabolam
3184 4742 3410 4798 Domini
3444 4744 3514 4798 de
3545 4748 3783 4800 centum

2133 4836 2285 4892 219
2319 4835 2524 4890 ovibus
2559 4851 2571 4889 :
2607 4833 2706 4888 alii
2739 4849 2894 4898 vero,
2929 4838 3414 4905 novem,propter
3444 4833 3782 4903 parabolam

2132 4925 2204 4979 de
2229 4924 2430 4980 decem
2461 4922 2780 4979 drachmis.
2813 4923 3010 4978 Ceteri
3043 4926 3238 4979 autem
3264 4927 3467 4994 putant
3496 4923 3782 4993 aequalem

2133 5028 2262 5070 esse
2311 5012 2655 5085 angelorum
2715 5015 2772 5068 et
2812 5010 3123 5069 hominum
3189 5027 3526 5082 numerum,
3575 5011 3787 5067 horum

2200 5389 2317 5462 (99)
2347 5390 2488 5462 Tres
2522 5405 2665 5462 mss.
2699 5386 2788 5462 καὶ
2821 5385 3364 5462 πολύοεονρωὶεείε
3393 5388 3778 5447 intermediis.

2203 5463 2279 5533 (1)
2303 5458 2463 5526 Haec,
2498 5460 2548 5513 οἱ
2577 5460 2668 5514 τὸν
2703 5459 2911 5533 μόσχον
2943 5460 3031 5513 καὶ
3074 5458 3220 5513 ἄλλα
3259 5461 3381 5514 τινὰ
3425 5461 3781 5533 θεοπλοιήσαν-

2128 5529 2236 5599 τες,
2264 5529 2487 5599 ’όθευηι
2518 5534 2575 5587 in
2609 5529 2850 5587 duobus
2874 5550 3017 5588 mss.
3057 5535 3182 5588 Mox
3213 5533 3394 5588 Palat.
3442 5535 3498 5596 2,
3549 5529 3778 5588 ἄκουσον

2127 5597 2230 5680 του
2258 5597 2422 5680 Δαϐἰδ
2453 5607 2550 5658 τοῦ
2581 5605 2868 5680 προφήτου
2918 5602 3197 5677 λέγοντος.
3256 5605 3506 5668 Quaestio
3554 5605 3590 5658 5
3619 5607 3781 5664 abest

2127 5679 2202 5734 ab
2231 5677 2456 5733 eodem.
2628 5677 2633 5679 ⁷
2705 5677 2714 5680 “

2198 5750 2277 5822 (2)
2309 5750 2394 5805 Ita
2424 5751 2456 5806 4
2487 5763 2632 5804 mss.
2662 5746 2814 5804 Editi
2845 5763 3000 5819 vero,
3031 5748 3137 5801 τῶν
3170 5741 3438 5821 ἀγγέλων.
