4132 6428
319 384 441 444 603

1487 385 1550 444 S.
1599 385 2127 446 ATHANASIUS.
2152 417 2231 431 —-
2259 385 2571 452 SPUBIA.

3621 390 3742 452 6Οᾶ

321 515 633 571 verborum
665 515 1000 573 testimonio
1030 517 1240 586 innixi,
1277 541 1299 568 α
1334 517 1648 574 Constituit
1687 516 1970 574 terminos

2102 515 2166 571 τό.
2212 541 2240 569 ι(
2301 520 2556 591 Ἐστησεν
2619 518 2741 596 ὅρια
2797 521 2963 576 ὗθνῶν
3023 522 3159 577 κατὰ
3212 522 3441 598 ἀριθμὸν
3490 519 3742 598 ἀγγέλων

321 605 583 677 gentium
608 606 780 677 juxta
811 624 1119 663 numerum
1152 607 1487 678 angelorum
1526 607 1621 663 Dei
1653 607 1717 662 ⁸ο.
1752 629 1779 658 ››

394 697 610 758 Quasi.
645 694 766 750 VII.
797 697 918 762 Qua
950 696 1009 751 in
1057 713 1115 752 re
1146 697 1337 752 ditI‘ert
1385 698 1718 753 daemonum
1766 700 1974 753 natura

324 801 358 841 θ.
391 789 598 838 natura
631 785 975 856 angelorum
1006 787 1032 840 ?

399 875 569 929 Rssr.
603 873 778 930 Nulla
809 880 895 930 est
930 879 1150 930 naturzn
1191 877 1451 948 ipsorum
1494 875 1840 941 difl‘erentia,
1873 874 1970 929 sed

322 961 662 1032 voluntatis,
694 965 1194 1036 quemadmodum
1227 964 1342 1020 alia
1374 971 1460 1020 est
1485 963 1632 1035 justi
1663 963 1973 1035 mens,alia

319 1060 554 1126 peccato
564 1054 662 1108 ris.

396 1147 622 1211 Qua-:31
658 1144 794 1199 Vlll.
831 1148 981 1211 Quot
1010 1149 1148 1200 sunt
1180 1144 1411 1201 ordines
1441 1149 1498 1200 et
1529 1149 1672 1216 quot
1703 1146 1843 1200 sunt
1874 1161 1971 1199 an-

321 1233 585 1306 gelorum
616 1237 839 1289 naturae
873 1237 894 1288 Ρ

396 1322 565 1378 RFSP.
600 1322 726 1378 Una
756 1329 842 1378 est
873 1327 1102 1391 natura,
1135 1325 1640 1395 qucmadmudum
1675 1327 1730 1378 ct
1778 1321 1966 1377 homi-

323 1428 492 1468 num.
533 1415 604 1467 At
638 1429 840 1467 novem
877 1419 1016 1468 sunt
1046 1412 1375 1484 ordines,ut
1405 1413 1710 1485 theologia:
1734 1412 1964 1485 peritis-

320 1501 510 1556 simus
542 1501 710 1556 docet
743 1502 1072 1574 Dionysius,
1105 1503 1204 1574 qui
1256 1502 1598 1573 hujusmodi
1649 1506 1789 1558 sunt
1822 1520 1833 1557 :
1865 1520 1967 1558 an-

319 1589 453 1662 geli,
488 1590 844 1662 archangeli,
877 1592 1265 1664 principatus,
1302 1596 1650 1664 potestates,
1699 1591 1968 1661 virtutes,

321 1679 771 1747 dominationes,
806 1697 904 1735 sex
937 1680 1046 1736 alis
1069 1681 1355 1737 instructa
1386 1681 1703 1753 seraphim,
1735 1679 1967 1736 multis-

321 1785 436 1840 que
465 1767 651 1825 oculis
681 1774 886 1824 ornata
917 1770 1222 1841 cherubin,
1253 1776 1310 1826 et
1341 1770 1553 1826 throni.
1618 1773 1692 1826 De
1724 1787 1840 1825 una
1870 1786 1968 1825 an-

319 1857 584 1932 gelorum
618 1859 951 1914 substantia
981 1859 1242 1932 loquitur
1271 1860 1447 1916 etiam
1479 1859 1794 1933 Gregorius
1822 1859 1965 1931 Nys-
1999 1897 2046 1963 Β

320 1964 522 2003 semus
553 1947 612 2002 in
644 1949 869 2004 decimo
920 1949 1170 2020 septimo
1217 1951 1406 2021 capite
1454 1949 1588 2005 libri
1619 1949 1708 2006 sui
1760 1948 1839 2005 De
1870 1949 1970 2004 bo-

323 2036 502 2092 mine.

395 2130 601 2192 Quaas'r
655 2126 744 2182 IX.
778 2130 928 2194 Quot
958 2132 1094 2183 sunt
1125 2127 1255 2183 cmli
1289 2128 1367 2199 (4)
1402 2131 1424 2182 ?

395 2215 565 2270 Rssr.
599 2215 757 2270 Multi
784 2217 889 2270 hac
920 2217 990 2271 de
1021 2216 1344 2288 quaestione
1374 2215 1969 2288 decertant.Namque

317 2304 468 2362 liber
497 2304 738 2361 Genesis
769 2306 917 2361 duos
966 2305 1141 2362 coalos
1189 2310 1628 2362 commemorat.
1677 2311 1753 2360 At
1799 2306 1968 2360 divus

320 2394 541 2451 Paulus
589 2397 826 2450 tertium
884 2396 1094 2451 cmlum
1165 2396 1338 2451 novit.
1392 2395 1722 2461 Quinetiam
1793 2394 1966 2450 David

320 2485 607 2558 propheta
645 2489 920 2556 quartum
974 2490 1264 2554 numerat,
1315 2501 1447 2540 cum
1501 2485 1596 2553 sit,
1632 2506 1660 2534 «
1711 2484 1970 2540 Laudato

319 2591 476 2642 eum,
511 2573 636 2630 cceli
671 2573 969 2630 cmlorum.
1020 2575 1331 2630 Sciendum
1383 2579 1578 2629 autem
1627 2578 1718 2629 est
1765 2571 1969 2629 existi-

318 2679 482 2719 mare
510 2680 608 2718 eos
640 2664 742 2735 qui
771 2663 995 2729 dicunt,
1031 2669 1264 2736 raptum
1297 2663 1480 2720 fuisse
1499 2662 1742 2718 Paulum
1775 2661 1834 2718 in
1860 2667 1969 2716 ter-

317 2752 466 2808 tium
502 2752 730 2823 coelum,
757 2769 869 2808 non
905 2753 963 2808 in
997 2759 1115 2808 tres
1153 2752 1349 2825 caelos,
1376 2754 1531 2826 quod
1584 2753 1967 2826 quemadmo-

318 2841 462 2896 dum
496 2842 805 2897 hominum
856 2847 1069 2899 natura
1117 2848 1173 2899 et
1222 2860 1374 2899 unus
1429 2842 1604 2899 homo
1648 2843 1866 2898 dicitur
1911 2846 1969 2898 et

319 2930 489 2986 multi
525 2931 793 2987 homines
827 2949 839 2986 :
875 2932 957 2987 ita
986 2937 1196 2987 natura
1234 2931 1511 2988 cmlorum
1552 2936 1609 2986 et
1640 2948 1822 2986 unum
1856 2947 1967 2986 ca:-

320 3019 442 3075 lum
476 3021 630 3092 apud
651 3020 909 3076 divinam
925 3020 1286 3093 Scripturam
1310 3019 1791 3090 dicitur,etmulti
1819 3019 1967 3076 caeli.

389 3201 614 3266 Qua-151'.
653 3201 722 3253 Χ.
775 3200 1152 3267 Quandonam
1194 3203 1252 3255 et
1281 3214 1462 3272 quare
1506 3197 1718 3255 cecidit
1766 3196 1969 3254 diabo-

2083 610 2238 664 Θεοῦ.
2273 630 2301 658 ))

2157 695 2348 772 Ἐρώτ.
2477 697 2536 752 Τί
2567 697 2950 772 παρήλλακται
3005 701 3040 770 ἡ
3087 699 3242 754 οὐσία
3291 703 3397 754 τῶν
3456 697 3734 774 δαιμόνων

2082 791 2181 854 τῆς
2214 785 2398 850 οὐσίας
2423 791 2531 841 τῶν
2565 788 2811 864 ἀγγέλων
2835 807 2850 859 ;

2155 873 2345 931 ’Δπόκ.
2377 876 2440 932 ἸΙ
2475 874 2626 931 οὐσία
2657 876 2718 931 οὐ
2746 873 3152 952 παρήλλακται,
3207 875 3334 932 ἀλλ’
3385 879 3419 947 ἡ
3471 877 3726 954 προαίρε-

2081 983 2186 1035 σις,
2219 961 2398 1040 ὥσπερ
2430 967 2464 1035 ἡ
2497 966 2695 1040 γνώμη
2731 963 2939 1021 δικαίου
2985 966 3073 1020 καὶ
3107 964 3458 1042 ἀμαρτωλοῦ.

2155 1143 2345 1216 Ἐρώτ.
2379 1144 2452 1199 π’.
2489 1143 2634 1198 Πόσα
2660 1146 2907 1221 τάγματα
2935 1145 3024 1200 καὶ
3055 1145 3217 1201 πόσαι
3251 1144 3425 1201 οὐσίαι
3477 1145 3728 1223 ἀγγέλων

2082 1229 2211 1285 εἰσίν
2243 1250 2257 1301 ;

2153 1321 2343 1378 ’Δπόκ.
2395 1321 2565 1379 Οὐσία
2617 1323 2735 1395 μία,
2787 1321 2967 1398 ὥσπερ
3021 1324 3109 1378 καὶ
3158 1323 3456 1398 ἀνθρώπων
3503 1325 3599 1398 μία
3627 1326 3729 1380 Τά-

2078 1429 2261 1484 γμττα
2293 1408 2370 1480 δὲ,
2404 1411 2478 1473 ὡς
2512 1413 2539 1466 6
2587 1411 2761 1474 πολὺς
2808 1412 2861 1467 ἐν
2908 1412 3162 1489 Θεολογίᾳ
3215 1412 3492 1475 Διονύσιός
3542 1436 3728 1492 φησιν,

2080 1498 2252 1570 ἐννέα,
2310 1500 2442 1575 ἅπερ
2506 1500 2608 1555 εἰσὶ
2665 1506 2852 1557 ταῦτα·
2906 1499 3152 1578 ἄγγελοι,
3221 1501 3584 1578 ἀρχάγγελοι,
3633 1503 3728 1579 ἀρ-

2078 1588 2482 1666 χαὶ,ἰξουσίαι,
2532 1588 2809 1665 δυνάμεις,
2863 1590 3222 1668 κυριότητες,
3277 1593 3344 1646 τὰ
3400 1591 3733 1667 ὲξαπτὲρυγα

2078 1679 2336 1756 σεραφὶμ,
2365 1679 2434 1734 τὰ
2461 1679 2835 1755 πολυόμματα
2865 1675 3162 1757 χερουϐἶμ,
3193 1679 3282 1735 καὶ
3315 1681 3367 1735 o't
3398 1679 3581 1756 θρόνοι
3633 1683 3733 1754 (3).

2079 1767 2208 1844 Περὶ
2245 1774 2370 1841 μιᾶς
2422 1768 2607 1831 οὐσίας
2654 1768 2896 1846 ἀγγέλων
2947 1769 3036 1824 καὶ
3095 1770 3124 1823 6
3174 1771 3331 1845 ἅγιος
3363 1770 3667 1846 Γρηγόριος
3701 1771 3728 1824 6

2077 1856 2292 1927 Νύσσης
2341 1856 2491 1935 λέγει
2546 1857 2620 1922 εἷς
2668 1859 2731 1914 τὸ
2778 1856 3225 1915 ἑπτακαιδέκατον
3269 1858 3563 1938 κεφάλαιον
3624 1864 3721 1915 τοῦ

2076 1945 2170 2010 Εἷς
2197 1948 2290 2003 τὸν
2320 1946 2599 2026 ἄνθρωπον
2633 1946 2805 2024 λόγου
2835 1949 3024 2007 αὐτοῦ.

2151 2124 2342 2202 Ἐρώτ.
2379 2127 2441 2190 θ’.
2476 2126 2640 2182 Πόσοι
2673 2124 2892 2203 οὐρανοί
2925 2126 3056 2182 εἰσιν
3087 2128 3205 2200 (4);

2151 2214 2341 2272 Ἀπόκ.
2400 2209 2834 2294 Ἀμςριϐάλλεται
2895 2213 3133 2278 πολλοῖς
3189 2215 3251 2270 τὸ
3310 2215 3571 2290 ἰρώτημα

2077 2305 2140 2362 Ἤ
2176 2306 2269 2376 μὲν
2304 2307 2408 2380 γὰρ
2444 2299 2634 2381 βίϐλος
2664 2312 2764 2374 τῆς
2797 2303 3056 2367 Γενὲσεως
3095 2302 3190 2360 δῦο
3237 2303 3501 2382 οὐρανοὺς
3552 2303 3724 2380 λέγει’

2079 2395 2107 2450 6
2140 2391 2196 2449 δὲ
2245 2394 2393 2470 ἅγιος
2443 2393 2658 2456 Παῦλος
2707 2395 2798 2449 καὶ
2844 2394 3026 2470 τρίτον
3074 2393 3298 2471 οὐρανὸν
3351 2392 3511 2453 εἶδεν.
3556 2395 3618 2453 Ὀ
3676 2393 3735 2450 δὲ

2076 2485 2366 2560 προφήτης
2399 2479 2586 2550 Δαϐἱδ,
2636 2483 2724 2538 καὶ
2767 2484 3020 2557 τέταρτον
3078 2483 3254 2557 λέγει,
3306 2484 3488 2548 καθώς
3547 2503 3730 2562 φησιν’

2079 2598 2107 2627 ι(
2139 2573 2350 2630 Αἰνεῖτε
2377 2572 2556 2646 αὐτὸν,
2591 2575 2642 2628 οἳ
2674 2573 2890 2641 οὐρανοὶ
2921 2579 3029 2628 τῶν
3061 2573 3326 2646 οὐρανῶν.
3361 2597 3388 2626 ι)
3427 2573 3620 2630 Ἰστὲον
3669 2572 3726 2630 δὲ

2080 2662 2384 2738 λογίζεσθαι
2428 2666 2508 2736 (6)
2549 2661 2675 2725 τοὺς
2718 2662 2978 2738 λέγοντας
3009 2663 3084 2724 εἷς
3113 2663 3176 2717 τὸ
3204 2661 3386 2737 τρίτον
3417 2667 3515 2718 τοῦ
3565 2663 3730 2740 οὐρα-

2077 2757 2198 2822 νοῦ,
2229 2752 2318 2806 καὶ
2367 2753 2466 2807 οὐκ
2515 2751 2589 2814 εἷς
2641 2758 2788 2828 τρεῖς
2819 2751 3082 2828 οὐρανοὺς
3114 2753 3422 2828 ἁρπαγῆναι
3451 2754 3543 2807 τὸν
3576 2755 3724 2828 ἅγιον

2077 2839 2318 2914 Παῦλον,
2352 2841 2456 2914 ὅτι,
2516 2842 2755 2916 καθάπερ
2814 2844 2848 2910 ἡ
2909 2839 3066 2918 φύσις
3112 2846 3220 2896 τῶν
3280 2841 3577 2914 ἀνθρώπων
3632 2842 3720 2894 καὶ

2079 2931 2155 2992 εἷς
2187 2929 2396 3006 λέγεται
2456 2927 2766 3006 ἅνθρωπος,
2815 2929 2905 2985 καὶ
2963 2928 3127 2984 πάλιν
3188 2927 3392 2986 πολλοὶ
3423 2930 3716 3004 ἄνθρωπον

2080 3019 2224 3075 οὕτω
2275 3017 2363 3074 καί
2409 3021 2442 3089 ἠ
2489 3023 2595 3074 τῶν
2643 3017 2887 3094 οὐρανῶν
2941 3018 3120 3098 φύσις,
3151 3019 3242 3074 καὶ
3275 3019 3344 3081 εἷς
3377 3017 3599 3093 οὐρανὸς
3630 3017 3721 3071 καὶ

2078 3107 2284 3164 πολλοὶ
2315 3108 2536 3184 οὐρανοὶ
2568 3109 2622 3164 ἓν
2651 3112 2720 3183 τῇ
2753 3108 2868 3180 θείᾳ
2896 3113 3082 3186 Γραφῇ
3116 3108 3390 3185 λέγονται.

2154 3199 2348 3275 Ἐρώτ.
2384 3200 2434 3256 ι’.
2495 3194 2654 3271 Πότε,
2711 3197 2801 3253 καὶ
2859 3195 2949 3254 διὰ
3004 3198 3055 3253 τί
3087 3197 3326 3269 ἐξέπεσεν
3363 3197 3391 3252 6
3444 3191 3726 3266 διάϐολος,

316 3287 411 3344 lus
435 3288 462 3344 ?
492 3287 770 3345 Nonnulli
801 3288 958 3344 enim
991 3268 1523 3345 comminiscuntur
1549 3287 1716 3344 illum
1749 3287 1966 3344 idcirco

2102 3268 2424 3347 νίυθεόονται
2450 3290 2552 3366 γάρ
2581 3268 2738 3360 τινες,
2785 3287 2890 3360 δτι,
2938 3268 3372 3362 καταδεξάμενο,
3421 3291 3732 3362 προσκυνῆ-

317 3377 621 3446 cecidisse,
655 3378 1128 3460 quodoAdamum
1163 3377 1342 3435 nollet
1372 3379 1634 3435 adorare.

391 3468 556 3523 Ras».
623 3466 951 3524 Stultorum
1034 3467 1344 3524 hominum
1414 3471 1557 3524 sunt
1625 3466 1968 3539 bujusmodi

321 3556 517 3612 verba.
551 3556 855 3628 Siquidem
890 3556 1100 3612 cecidit
1131 3557 1423 3626 diabolus,
1456 3561 1770 3629 antequam
1814 3557 1966 3612 Ada-

323 3663 459 3703 mus
487 3651 661 3701 esset.
715 3646 956 3702 Constat
982 3663 1114 3702 vero
1162 3646 1380 3718 ipsum,
1434 3653 1496 3702 ut
1545 3652 1744 3702 narrat
1790 3647 1970 3702 Isaias

323 3735 632 3808 propheta,
665 3753 834 3791 suam
871 3742 1104 3808 propter
1133 3737 1469 3808 superbiam
1503 3737 1805 3805 cecidisse,
1854 3753 1972 3808 qua

323 3841 535 3896 nempe
577 3825 699 3880 haec
743 3842 941 3880 secum
989 3825 1302 3898 cogitabat,
1352 3849 1377 3876 ‹‹
1424 3830 1642 3882 Ponam
1693 3827 1968 3881 thronum

323 3930 520 3970 meum
549 3931 728 3986 supra
759 3915 965 3984 nubes,
1012 3920 1068 3970 et
1098 3932 1195 3971 ero
1245 3915 1458 3972 similis
1508 3916 1810 3973 Altissimo
1839 3916 1905 3969 δί.
1943 3938 1970 3966 ››

398 4022 627 4086 Ουιεετ.
661 4022 750 4078 ΧΙ.
785 4024 964 4092 Cujus
1012 4025 1201 4093 gratia
1240 4023 1323 4078 illi
1373 4025 1664 4080 concessit
1703 4030 1860 4081 Deus
1910 4029 1974 4080 ut

324 4108 545 4166 bellum
578 4110 821 4166 inferret
842 4110 1040 4184 generi
1074 4112 1381 4168 hominum
1411 4113 1439 4168 ?

395 4199 567 4254 Rssr.
601 4204 820 4272 Nempe
853 4207 915 4256 ut
945 4201 1044 4272 qui
1079 4201 1262 4257 Deum
1297 4201 1629 4274 diligerent,
1670 4203 1971 4276 conspicui

321 4289 532 4353 forent,
565 4295 623 4345 et
653 4289 752 4360 qui
785 4291 1184 4362 voluptatibus
1214 4299 1412 4348 essent
1441 4293 1972 4366 dediti,depreben-

324 4378 619 4434 derentur.
654 4379 825 4435 Nullo
870 4379 1029 4434 enim
1080 4380 1400 4436 obsistente
1457 4383 1812 4452 adversario,
1855 4383 1975 4437 veri

323 4468 541 4524 milites
569 4469 943 4539 imperatoris
971 4486 1085 4524 non
1119 4469 1830 4543 internoscuntur.ltaque
1853 4470 1975 4526 dia-

323 4557 494 4613 bolus
530 4575 708 4613 causa
751 4558 1028 4628 victorian,
1063 4575 1410 4614 coronarum
1455 4565 1514 4616 et
1565 4561 1853 4615 bonorum
1904 4559 1976 4614 iis

324 4651 416 4701 est
437 4645 538 4716 qui
570 4646 824 4719 diligunt
853 4647 1062 4702 Deum.

394 4754 621 4817 Quass'r.
673 4753 791 4807 XII.
853 4756 994 4809 Cum
1034 4755 1304 4810 diabolus
1372 4773 1402 4811 e
1449 4755 1608 4812 cmlis
1676 4757 1972 4824 ceciderit,

324 4841 618 4912 quomodo
650 4842 706 4896 in
738 4841 884 4898 libro
905 4843 1014 4899 Job
1042 4844 1329 4916 scriptum
1360 4850 1447 4900 est
1474 4845 1704 4901 venisse
1735 4845 1974 4917 angelos

323 4928 423 4983 Dei
457 4933 520 4982 ut
541 4927 885 4985 assisterent
917 4945 1110 4986 coram
1156 4931 1424 5000 Domino,
1475 4938 1532 4988 et
1579 4933 1881 4990 diabolum
1913 4936 1973 4990 in

326 5018 519 5075 medio
547 5017 810 5090 ipsorum
836 5019 883 5054 ⁸⁵
901 5019 928 5073 ?

395 5153 440 5189 ⁸ο
470 5153 638 5210 Deut.
671 5170 848 5224 xxxn,
882 5155 938 5210 8.
1014 5155 1053 5189 ⁸¹
1089 5155 1200 5211 Isa.
1234 5172 1348 5226 xxv,
1383 5157 1469 5211 14.
1547 5158 1594 5192 θ’
1624 5157 1755 5214 Job.
1789 5176 1828 5229 ι,
1859 5160 1913 5214 6.

395 5301 472 5371 (3)
497 5301 636 5356 Post
665 5317 866 5374 vocem
897 5299 990 5354 καὶ
1022 5300 1072 5354 ot
1104 5299 1309 5374 θρόνοι,
1344 5302 1404 5358 in
1463 5266 1673 5361 editis.
1698 5305 1823 5363 haec
1873 5306 1976 5362 ha-

320 5369 554 5448 bentur,
593 5371 720 5448 Περὶ
753 5369 809 5427 8‘:
838 5379 938 5448 τῆς
975 5378 1099 5444 μιᾶς
1134 5369 1340 5448 οὐσίας,
1396 5379 1532 5441 etc.,
1591 5394 1716 5448 quis
1767 5379 1981 5434 desunt

321 5443 382 5498 in
405 5461 560 5518 mss.
598 5447 714 5500 fere
740 5443 1039 5512 omnibUs,
1073 5449 1129 5500 et
1157 5446 1431 5501 videntur
1460 5443 1778 5518 adjectitia.

396 5515 470 5585 (4)
505 5516 634 5593 Haze
667 5518 910 5593 quaestio
945 5523 1033 5593 est
1081 5519 1235 5593 apud
1301 5515 1758 5593 Theodoretum,
1807 5539 1870 5593 ιι,
1919 5524 1979 5578 in

329 5585 596 5659 Genesim,
634 5585 747 5643 non
778 5589 948 5659 plane
980 5585 1189 5645 similis
1223 5590 1280 5645 in
1312 5592 1610 5647 omnibus.

398 5658 474 5732 (5)
500 5659 642 5732 _P_ueg.
677 5663 731 5732 β,
764 5658 1112 5732 ἐπερώτημα.

399 5730 475 5801 (6)
500 5729 650 5801 Haec,
685 5729 1065 5806 λογίζεσοαιζ..
1099 5729 1337 5804 Παῦλον,
1372 5733 1587 5793 desunt
1619 5735 1678 5791 in
1733 5735 1976 5809 quibus-

2076 3399 2162 3433 σαι
2191 3379 2285 3434 τὸν
2320 3375 2517 3452 Ἀδὰμ,
2550 3376 2639 3433 διὰ
2665 3381 2830 3434 τοῦτο
2861 3376 3122 3448 ἐξέπεσεν.

2151 3468 2342 3524 Ἀπόκ.
2403 3467 2683 3546 Ἀφρόνων
2883 3464 3094 3543 ἀνδρῶν
3151 3467 3470 3521 τὰτοιαῦτα
3522 3466 3733 3542 τυγχά-

2078 3578 2228 3612 νουσι
2265 3557 2502 3634 ῥήματα,
2567 3558 2628 3615 Ὁ
2677 3557 2776 3634 γὰρ
2829 3551 3113 3626 διάϐολος,
3163 3554 3289 3632 πρὶν
3349 3556 3588 3632 γενέσθαι
3644 3555 3732 3610 τὸν

2077 3645 2256 3720 ’Δὸὰμ
2284 3649 2381 3722 (8),
2415 3646 2642 3718 ἐξέπεσε.
2679 3643 2967 3722 Πρόδηλον
2991 3644 3069 3714 δὲ,
3101 3646 3183 3701 ’ὁτι
3217 3642 3305 3700 διὰ
3332 3645 3430 3714 τήν
3459 3645 3737 3722 ὑπερηφα-

2078 3737 2192 3792 νίαν
2226 3737 2413 3808 αὐτοῦ,
2448 3734 2523 3798 ὣς
2555 3758 2716 3814 φησιν
2746 3733 2968 3798 Ἠσαὶας
3019 3736 3047 3790 6
3077 3735 3391 3813 προφήτης,
3443 3732 3739 3810 λογισαμε-

2079 3849 2194 3895 νος,
2227 3825 2310 3881 ὅτι
2343 3851 2370 3879 ι(
2401 3828 2562 3897 Θήσω
2590 3828 2681 3881 τὸν
2711 3824 2901 3899 θρόνον
2939 3846 3044 3898 μου
3082 3823 3169 3879 ἐπὶ
3217 3827 3324 3880 τῶν
3382 3826 3451 3897 (9)
3499 3821 3738 3901 νεφελῶν

2081 3918 2168 3972 καὶ
2198 3913 2390 3990 ἔσομαι
2424 3915 2617 3990 ὅμοιος
2645 3919 2724 3988 τῷ
2752 3914 3009 3989 Ὑψίστῳ.
3044 3938 3072 3965 ››

2153 4023 2346 4098 Ἐρὼτ.
2385 4025 2472 4079 ια’.
2502 4023 2656 4085 Τίνος
2687 4020 2744 4077 δὲ
2773 4021 2935 4098 χάριν
2967 4021 3351 4096 συνεχώρησεν
3373 4019 3522 4092 αὐτῷ
3549 4021 3577 4075 ὁ
3605 4021 3735 4080 Θεὸς

2082 4112 2345 4187 πολεμεῖν
2378 4115 2442 4168 τὸ
2473 4114 2625 4188 γενος
2658 4115 2770 4186 (10)
2800 4116 2909 4167 τῶν
2943 4111 3244 4184 ἀνθρώπων
3274 4130 3288 4180 ;

2155 4203 2344 4260 ’Δπόν.
2379 4204 2571 4264 "Ome:
2603 4199 2692 4256 καὶ
2745 4202 2796 4255 οἱ
2849 4199 3168 4275 ἀγαπῶντες
3213 4200 3305 4254 τὸν
3350 4199 3479 4254 Θεὸν
3504 4217 3738 4274 φανερω-

2082 4295 2243 4362 θῶσι,
2317 4291 2406 4347 καὶ
2483 4290 2864 4367 προσκείμενοι
2919 4295 3038 4352 ταῖς
3090 4286 3316 4359 ἡδοναῖς
3374 4285 3738 4362 ἐλεγχθῶσιν.

2086 4378 2392 4440 Ἀντιδῐκου
2420 4381 2520 4456 γὰρ
2558 4381 2632 4452 μή
2667 4376 3062 4454 προσκειμένου
3115 4379 3167 4432 ol.
3209 4379 3426 4452 γνήσιοι
3477 4374 3740 4450 στρατιῶ-

2083 4491 2172 4526 ται
2208 4474 2304 4524 τοῦ
2339 4467 2606 4543 βασιλέως
2668 4468 2730 4522 οῦ
2788 4471 3164 4544 φανεροῦνται.
3224 4468 3288 4524 Ὁ
3345 4465 3437 4520 οὗν
3480 4460 3743 4525 διάϐολος

2087 4557 2292 4619 α’ίτινος
2324 4557 2481 4628 νίκης
2526 4558 2615 4612 καὶ
2673 4558 2943 4635 στεφάνων
2996 4554 3203 4630 γίνεται
3251 4555 3342 4610 καὶ
3389 4558 3568 4629 τιμῶν
3626 4559 3742 4615 τοῖς

2000 4637 2049 4703 Ι)
2079 4648 2327 4725 ἀγαπῶσι
2358 4647 2450 4702 τὸν
2479 4647 2629 4702 Θεόν.

2154 4755 2352 4830 Ἐρώτ.
2394 4755 2481 4830 ιβ’.
2516 4753 2782 4816 Πεσόντος
2833 4757 2926 4808 τοῦ
2959 4747 3222 4807 διαϐόλου
3253 4750 3312 4808 ἐκ
3334 4755 3442 4807 τῶν
3475 4751 3742 4827 οὐρανῶν,

2084 4849 2201 4906 πῶς
2234 4845 2536 4919 γέγραπται
2563 4842 2615 4898 ἐν
2647 4847 2728 4915 τῷ
2760 4837 2885 4897 Ἰὼϐ
2919 4842 3032 4914 (11)
3063 4839 3145 4896 ὅτι
3177 4835 3348 4910 ἦλθον
3404 4841 3459 4896 οἱ
3517 4839 3740 4916 ἄγγελοι

2082 4939 2180 4990 τοῦ
2211 4939 2342 4990 Θεοῦ
2371 4939 2712 5008 παραστῆναι
2743 4932 2974 4987 ὲνώπιον
2999 4929 3311 5005 Κυρίου,καὶ
3337 4931 3366 4986 ὁ
3400 4925 3658 4992 διάϐολος
3682 4928 3736 4984 ἐν

2091 5026 2239 5098 μὲσῳ
2269 5023 2448 5079 αὐτῶν
2475 5042 2488 5092 ;

2090 5307 2226 5364 dam
2260 5322 2406 5370 mss,

2261 5378 2487 5462 iunpo»
2520 5372 3348 5462 depaiy,lduq-uianuscripti.

2162 5444 2236 5538 (ξ)
2261 5444 2390 5538 Quo
2411 5444 2824 5538 manuscripti,
2855 5444 2946 5530 16v
2981 5444 3306 5538 alopecia.”

2271 5519 2514 5594 Palatia.
2550 5523 2604 5588 1,
2637 5516 2817 5574 ἐπάνω
2845 5520 2973 5594 τῶν.
3005 5516 3149 5589 Reg.
3189 5519 3243 5586 3,
3277 5516 3411 5574 ἄνω.

2162 5585 2272 5670 (10)
2304 5592 2551 5670 Quidam
2584 5585 2751 5670 mss,
2778 5593 2860 5670 ες,
2894 5585 3061 5670 γένει.

2165 5654 2968 5736 (11)l3alatinus_1,f2,’_élc
3019 5657 3115 5736 τὸν
3173 5654 3318 5736 ἰᾠςτ
3383 5661 3562 5736 Paulo
3616 5664 3750 5736 post

2091 5726 2306 5811 Regius
2358 5739 2408 5811 1,
2450 5726 2962 5808 ἐναντίον’Κυ’ρίου.
3018 5733 3156 5804 Reg.
3200 5733 3256 5805 2,
3289 5726 3457 5790 ἔναντι
3518 5726 3742 5808 Κυρίου.
