4132 6408
382 429 502 491 605

1341 424 1852 495 ΟΠίΕδΤΙΟΝΕΒ
1898 427 2002 486 AD
2046 426 2504 488 ANTIOCHUM
2559 429 2844 490 DUCEM.

3686 430 3806 490 606

459 561 644 615 Ἀπόκ.
679 557 798 616 Οὐκ
847 558 992 612 εἶπεν
1041 559 1076 626 ἡ
1127 557 1334 635 Γραφή,
1366 553 1447 610 ὅτι
1488 555 1653 624 ἦλθεν
1710 555 1735 610 ὁ
1782 553 2008 610 διάϐολο

2225 561 2390 616 [ἴε-εει).
2424 561 2548 616 Non
2583 562 2663 615 ait
2691 561 2992 633 Scriptura
3022 561 3320 617 diabolum
3355 561 3696 618 convenisse
3744 562 3801 615 in

381 648 436 704 ἐν
491 655 607 710 τοῖς
667 647 932 724 οὐρανοῖς
991 645 1041 700 ἐν
1105 644 1256 718 μὲσῳ
1302 648 1408 699 τῶν
1455 643 1724 720 ἀγγέλων·
1758 641 2039 720 πρόδηλον

382 736 497 808 οὖν,
531 738 613 793 ὅτι
648 737 735 792 ἐπὶ
764 741 866 801 τῆς
901 739 1026 811 γῆς.
1062 735 1164 791 Καὶ
1197 736 1300 810 γὰρ
1334 732 1470 788 ὅπου
1502 733 1588 788 ἐάν
1625 733 1756 788 εἶ’σιν
1791 736 1842 789 οἱ
1890 737 2037 809 ἅγιοι

381 828 626 904 ἄγγελοι,
676 831 757 899 τῷ
803 831 918 899 Θεῷ
968 825 1341 899 παρίστανται.
1380 823 1531 892 Πλὴν
1585 822 1665 878 δεῖ
1704 821 1920 896 εἰδέναι,
1954 823 2036 879 ὅτι

379 920 408 972 ὁ
440 918 569 980 Θεὸς
620 915 711 972 διά
756 938 905 978 τινος
958 915 1116 990 ἁγίου
1169 913 1404 990 ἀγγέλου
1453 914 1588 989 πρὸς
1635 915 1726 969 τὸν
1774 909 2034 969 διάϐαλον

378 1004 678 1082 διελέγετο,
711 1007 953 1080 καθάπερ
983 1005 1072 1060 καὶ
1111 1003 1386 1079 βασιλεὺς,
1423 1001 1510 1057 διά
1540 1025 1682 1065 τινος
1727 1004 1892 1076 μὲσου
1926 1007 2035 1077 (12)

375 1097 692 1171 ἀνθρώπου,
733 1096 868 1172 πρὸς
901 1096 995 1149 τὸν
1027 1091 1342 1151 κατάδικον.

453 1275 647 1349 Ἐρώτ.
725 1296 810 1350 ιγ.
868 1279 1005 1348 *Δρα
1085 1272 1261 1347 ἰσχύει
1351 1271 1632 1349 φάρμακον
1719 1272 2030 1326 ἀποκτεῖναι

384 1364 673 1439 ἄνθρωπον
700 1385 716 1433 ;

419 1521 424 1524 _
460 1454 656 1509 Ἀπόκ.
704 1451 915 1508 Δίκαιον
964 1453 1052 1525 μὶν
1096 1449 1370 1524 ούδαμῶς⁶
1406 1451 1532 1507 ἀλλ’
1563 1449 1686 1506 οὔδε
1735 1453 2027 1528 προσεγγί-

387 1563 476 1597 σαι
507 1543 673 1614 αύτῷ·
706 1540 1023 1618 ἁμαρτωλὸν
1058 1538 1115 1596 δὲ
1145 1541 1254 1610 καὶ,
1285 1545 1381 1596 106
1413 1546 1546 1596 Θεοῦ
1589 1546 2025 1617 συγχωροῦντος.

385 1629 537 1685 Ἐπεὶ
598 1627 722 1684 οὐδὲ
776 1630 908 1683 κατὰ
964 1627 1170 1704 χοίρων
1220 1626 1335 1703 ἔχει
1388 1627 1655 1699 ἐξουσίαν,
1685 1629 1760 1690 ὡς
1800 1627 1852 1683 ἐν
1912 1635 2028 1691 τοῖς

377 1719 731 1796 Εὖαγγελίοις
759 1719 1086 1792 ἠκούσαμεν.

449 1811 636 1883 Ἐρώτ.
699 1807 783 1868 ιδ’.
837 1809 1002 1865 Ποίαν
1062 1809 1230 1885 εὐχὴν
1293 1810 1382 1863 καὶ
1445 1809 1594 1886 ῥῆμα
1651 1810 1799 1885 παρὰ
1851 1815 2022 1864 πᾶσαν

2152 649 2313 705 caelis
2345 651 2402 704 in
2438 650 2629 705 medio
2661 649 3391 723 angelorumzquapropter
3421 655 3800 723 perspicuum

2148 743 2239 794 est
2275 755 2408 794 eum
2460 739 2517 794 in
2569 744 2723 795 terra
2775 740 3136 796 convenisse.
3187 740 3411 796 Etenim
3461 740 3800 811 ubicunque

2148 831 2289 883 sunt
2338 828 2522 883 sancti
2575 828 2795 900 angeli,
2846 829 2961 884 Deo
3011 828 3326 884 assistunt.
3375 827 3796 884 Verumtamen

2147 918 2452 973 sciendum
2485 921 2782 987 est,Deum
2810 935 2912 990 per
2937 922 3205 973 sanctum
3231 918 3487 989 aliquem
3517 918 3794 988 angelum

2147 1024 2280 1063 cum
2313 1007 2544 1063 diabolo
2574 1024 2704 1063 esse
2731 1008 3012 1072 locutum,
3038 1007 3536 1079 quemadmodum
3571 1025 3668 1062 rex
3699 1023 3801 1078 per

2143 1095 2559 1151 intermedium
2591 1095 2846 1168 aliquem
2871 1095 3167 1152 hominem
3192 1111 3325 1151 cum
3348 1095 3626 1151 damnato
3648 1095 3797 1150 solet

2144 1183 2325 1256 loqui.

2215 1277 2434 1340 Ουιεετ.
2471 1274 2611 1330 XIII.
2643 1275 2797 1330 Num
2830 1276 3020 1346 potest
3049 1273 3394 1331 veneﬁcium
3437 1289 3644 1331 necare
3688 1272 3794 1329 b0-

2143 1365 2364 1420 minem
2385 1365 2412 1419 τ

2215 1455 2384 1510 Ριεερ.
2412 1455 2648 1510 Justum
2681 1454 2916 1525 quidem
2949 1470 3345 1526 nequaquam,
3369 1453 3487 1509 imo
3521 1470 3590 1508 ne
3621 1471 3800 1525 prope

2140 1544 2373 1615 quidem
2409 1546 2700 1600 accedere.
2733 1544 2804 1598 At
2852 1547 3213 1615 peccatorem
3265 1546 3456 1616 potest
3499 1544 3798 1613 occidere,

2139 1634 2189 1690 si
2237 1633 2391 1689 Deus
2439 1633 2791 1705 permiserit.
2825 1632 3091 1705 Namque
3123 1649 3194 1688 ne
3223 1632 3279 1687 in
3317 1649 3521 1704 porcos
3553 1632 3788 1704 quidem

2137 1723 2314 1779 habet
2343 1727 2712 1794 potestatem,
2747 1726 2812 1777 ut
2841 1723 2896 1776 in
2931 1722 3261 1795 Evangeliis
3293 1721 3648 1777 audivimus.

2209 1813 2436 1878 00:231.
2470 1812 2616 1866 XIV.
2651 1811 2891 1879 Qualem
2924 1812 3245 1867 orationem
3277 1815 3334 1866 et
3362 1811 3599 1867 verbum
3635 1810 3795 1883 plus-

369 1897 542 1973 εὐχὴν
575 1901 688 1971 (13)
728 1899 820 1953 καὶ
879 1898 1031 1975 ῥῆμα
1088 1892 1381 1975 φοϐοῦνται
1443 1899 1494 1953 οἱ
1547 1895 1802 1970 δαίμονες
1862 1899 1953 1953 καὶ
1998 1900 2017 1953 ἑ

2142 1920 2317 1975 quam
2350 1918 2584 1958 omnem
2616 1900 2788 1957 aliam
2825 1902 3145 1957 orationem
3197 1901 3558 1972 verbumque
3604 1900 3785 1956 refor-

369 1982 628 2049 διάϐολος
656 2007 670 2057 ;

443 2077 634 2134 Ἀπόκ.
669 2078 1013 2153 Διηγήσαντό
1042 2099 1182 2140 τινες
1234 2077 1676 2156 πνευματοφόροι
1732 2077 1870 2148 ἄξιοι
1925 2083 2024 2133 106

367 2168 736 2238 πιστεύεσθαι,
766 2167 954 2241 ὅτιπερ
987 2167 1174 2230 αὐταῖς
1216 2163 1369 2242 ὅψεσί
1417 2189 1548 2222 ποτε
1597 2167 1782 2244 φανεὶς
1840 2168 2023 2231 αὐτοῖς

368 2257 398 2312 ὁ
432 2251 715 2323 διάϐολος,
746 2257 836 2312 καὶ
866 2261 1028 2312 τοῦτο
1057 2258 1119 2314 τὸ
1164 2256 1425 2332 ἐρώτημα
1474 2257 1766 2331 ἐρωτηθεὶς
1817 2258 1905 2312 ὑπ’
1933 2257 2026 2312 αύ-

365 2344 476 2400 τῶν
537 2345 884 2422 ἀπεκρίνατο,
916 2345 998 2402 ὅτι
1056 2347 1155 2401 οὐκ
1211 2345 1352 2401 ἔστιν
1397 2346 1448 2400 ἐν
1500 2347 1644 2421 πάσῃ
1682 2344 1893 2418 [Ιαλαιᾷ
1933 2347 2022 2401 καὶ

367 2439 537 2509 Καινῇ
569 2438 810 2510 Διαθήκῃ
845 2436 996 2512 ῥῆμα
1028 2431 1290 2513 ἐκφοϐοὖν
1351 2435 1440 2490 καὶ
1490 2432 1870 2510 διασκορπίζον
1922 2443 2022 2490 πᾶ-

367 2547 464 2580 σαν
497 2528 655 2598 ἡμῶν
688 2526 786 2594 τήν
822 2523 1162 2598 δύναμιν,ὠς
1197 2528 1232 2595 ἡ
1266 2525 1412 2601 ἀρχὴ
1445 2530 1541 2580 106
1675 2523 1918 2599 ψαλμοῦ.
1939 2532 2022 2587 Ὡς

367 2613 461 2669 οὖν
495 2614 523 2669 ὃ
555 2609 812 2676 διάϐολος
860 2619 1020 2669 τοῦτο
1067 2612 1304 2689 εἶ’ρηκεν,
1339 2613 1648 2689 ἀρξαμένων
1701 2615 1875 2670 αὐτῶν
1925 2619 2021 2670 106

363 2703 614 2778 ψαλμοῦ,
645 2704 736 2758 καὶ
787 2703 1085 2778 εἴρηκότων
1141 2704 1304 2776 μόνον
1356 2705 1418 2758 τὸ
1467 2709 1682 2778 πρῶτον
1732 2704 1904 2780 ῥῆμα,
1936 2706 2019 2778 τὸ,

367 2816 398 2846 ι(
450 2795 758 2863 Ἀναστήτω
807 2794 834 2846 ὁ
894 2793 1042 2864 Θεὸς,
1101 2816 1127 2843 υ
1179 2791 1371 2853 εὐθέως
1434 2790 1716 2862 ὀλολύζων
1787 2795 2018 2870 ἄφαντος

363 2881 570 2956 ἐγένετο
630 2883 657 2936 ὁ
709 2875 989 2954 διάϐολος,
1051 2879 1231 2956 ἔργοις
1295 2878 1468 2951 δείξας
1544 2884 1642 2950 τῆς
1703 2881 1871 2958 εὐχῆς
1921 2885 2021 2952 τὴν

365 2970 665 3046 ἐνέργειαν.

442 3059 638 3134 Ἐρώτ.
675 3061 756 3116 ιε’.
797 3054 964 3116 Πόθεν
1008 3062 1282 3113 κινοῦνται
1322 3058 1373 3111 ἐν
1421 3062 1490 3132 τῇ
1538 3055 1735 3131 καρδίᾳ
1780 3063 1878 3113 106
1927 3059 2017 3112 ἀν-

366 3149 592 3224 θρώπου
623 3147 974 3224 διαλογισμοὶ
1005 3147 1094 3202 καὶ
1127 3147 1285 3222 λόγοι
1323 3147 1643 3225 βλάσφημοι
1693 3147 1781 3202 καὶ
1826 3149 2015 3222 ἀθέμι-

360 3260 472 3306 τοι,
507 3239 594 3293 καὶ
628 3237 785 3292 αὐτὸν
817 3237 907 3292 τὸν
950 3237 1077 3293 Θεὸν
1136 3232 1441 3311 ὑϐρίζοντες
1487 3235 1779 3307 πολλάκις,
1813 3237 1906 3300 οὓς
1956 3239 2018 3293 οὐ

365 3324 722 3403 βεϐούλευται
752 3325 991 3396 λαλῆσαι
1022 3328 1056 3395 ἠ
1090 3308 1267 3403 ψυχὴ,
1290 3326 1324 3395 ἢ
1356 3324 1577 3402 γλῶσσα
1603 3331 1700 3381 106
1731 3327 2020 3404 ἀνθρώπου
2052 3308 2094 3375 C

358 3417 631 3492 ὀνομάσαι
660 3438 674 3488 ;

429 3507 628 3565 Ἀπόκ.
684 3508 860 3564 Τοῦτο
913 3507 942 3560 ὁ
994 3500 1252 3567 διάϐολός
1305 3505 1444 3560 ἐστιν
1495 3504 1878 3580 ἐργαζόμενος,
1929 3507 2018 3561 καὶ

351 3599 514 3660 οὗτος
562 3597 632 3652 τὰ
677 3600 903 3651 τοιαῦτα
936 3595 1163 3668 ἀθέμιτα
1193 3592 1245 3649 ἐν
1275 3598 1344 3668 τῇ
1376 3597 1530 3670 ψυχῇ
1579 3598 1676 3649 τοῦ
1728 3595 2016 3670 ἀνθρώπου

353 3682 688 3751 ὑποϐάλλει,
736 3685 920 3741 λαλῶν
966 3686 1103 3739 κατά
1149 3688 1247 3738 106
1287 3688 1420 3738 Θεοῦ
1469 3683 1710 3758 ῥήματα,
1761 3683 1834 3746 εἶς
1887 3684 2019 3740 ἀπό-

350 3797 546 3852 γνωσιν
581 3776 672 3829 τὸν
727 3771 1040 3850 ἄνθρωπον,
1074 3770 1280 3847 ἐνέγκαι
1337 3771 1698 3848 βουλόμενος.
1735 3771 1889 3830 Ἀλλ’
1919 3774 2018 3830 οὐκ

357 3864 416 3918 ἐκ
458 3864 656 3920 τούιου
704 3863 766 3918 τό
819 3861 1046 3917 σύνολον
1107 3863 1482 3938 κατακρίνεται
1529 3864 1556 3916 ὁ
1589 3860 1899 3938 ἄνθρωπος·
1937 3865 2012 3936 μή

362 3954 610 4027 γὲνοιτοί
647 3952 925 4014 Πολλάκις
965 3949 1023 4006 δὲ
1052 3953 1141 4007 καὶ
1173 3951 1224 4022 ἐξ
1256 3952 1489 4021 οἰήσεως
1539 3953 1566 4006 ὁ
1614 3955 1862 4007 τοιοῦτος
1918 3952 2012 4008 λο-

363 4043 561 4117 γισμὸς
592 4041 903 4118 ἐπανάγεται
933 4040 1012 4114 τῷ
1042 4041 1334 4115 ἀνθρώπιν’
1368 4038 1769 4096 ἀπαλλάττεται
1805 4039 1862 4096 δὲ
1920 4042 2013 4096 αύ-

355 4137 459 4187 106
515 4135 616 4206 γῆν
671 4130 759 4186 καί
819 4128 1018 4186 σποδὸν
1075 4131 1264 4185 ἑαυτὸν
1325 4128 1701 4205 λογιζόμενος,
1731 4129 1820 4184 καὶ
1885 4128 2015 4202 μηδ’

357 4221 508 4282 ὅλως
559 4221 632 4282 εἰς
679 4221 873 4297 μέτρον
923 4223 1014 4275 τὸν
1064 4223 1312 4275 τοιοῦτον
1367 4217 1633 4294 λογισμὸν
1667 4214 1835 4293 ἔχων,
1869 4218 2014 4274 ἀλλά

357 4310 531 4385 λέγων
561 4317 639 4384 τῷ
670 4306 938 4384 διαϐόλῳ·
964 4335 990 4362 ‹‹
1024 4311 1084 4367 Ἡ
1123 4307 1448 4386 βλασφημία
1479 4329 1572 4363 σου
1606 4308 1694 4363 ἐπὶ
1725 4311 1821 4377 τήν
1855 4331 2012 4387 κεφα-

354 4401 456 4472 λήν
515 4422 632 4474 σου,
685 4395 929 4456 διάϐολε.
965 4400 1104 4476 Ἐγὼ
1159 4398 1260 4475 γὰρ
1318 4398 1514 4472 Κύριον
1568 4398 1660 4453 τὸν
1721 4398 1850 4454 Θεόν
1906 4421 2009 4472 μου

346 4492 735 4561 προσκυνήσω,
792 4489 881 4544 καὶ
939 4488 1098 4544 αὐτὸν
1177 4485 1436 4542 οὐδέποτε
1515 4487 1920 4564 βλασφημήσω.
1982 4512 2009 4540 ›.

346 4578 638 4658 Ἀσφαλῶς
694 4577 784 4634 οὖν
843 4577 1165 4654 προσεκτέον
1222 4582 1338 4639 τοῖς
1404 4576 1736 4653 εἷ’ρημένοις.
1800 4576 2009 4634 Πολλοὶ

2139 1993 2364 2048 midant
2395 1993 2688 2047 daemones
2713 1997 2772 2047 et
2800 1989 3068 2048 diabolus
3089 1991 3116 2046 ?

2209 2083 2362 2138 220
2394 2082 2564 2136 RESP.
2599 2081 2843 2144 Quidam
2879 2080 3087 2150 spiritu
3125 2079 3299 2151 pleni,
3351 2096 3416 2134 ac
3468 2079 3580 2134 ﬁde
3627 2079 3791 2151 digni

2133 2171 2404 2227 homines
2437 2187 2742 2226 narravere
2770 2169 2965 2240 nobis,
2997 2170 3178 2240 quod,
3209 2184 3345 2225 cum
3377 2168 3695 2240 aliquando
3727 2167 3792 2222 il-

2133 2261 2206 2316 lis
2233 2261 2504 2316 diabolus
2535 2259 2772 2332 propria
2801 2260 2857 2314 in
2892 2259 3081 2329 specie
3111 2259 3500 2331 apparuisset,
3534 2275 3603 2313 ea
3623 2257 3694 2312 de
3724 2273 3788 2312 re

2133 2351 2205 2408 ab
2239 2350 2381 2423 ipsis
2411 2350 2807 2422 interrogatus
2839 2348 2962 2404 haec
2991 2347 3325 2420 reponderit
3352 2364 3363 2400 :
3400 2336 3640 2402 Nullum
3694 2350 3784 2402 est

2130 2441 2372 2496 verbum
2401 2439 2461 2493 in
2494 2439 2764 2494 universo
2799 2442 2920 2493 tum
2953 2436 3142 2492 Veteri
3192 2441 3318 2490 tum
3367 2435 3525 2491 Novo
3575 2437 3785 2490 Testa-

2132 2535 2332 2585 mento
2361 2529 2478 2583 vim
2512 2545 2744 2583 omnem
2772 2530 3034 2582 nostram
3069 2526 3152 2581 sic
3184 2525 3551 2598 disperdens,
3587 2529 3651 2579 ut
3678 2523 3786 2579 ini-

2130 2620 2280 2675 tium
2311 2617 2663 2690 sexagesimi
2694 2617 2928 2689 septimi
2961 2615 3191 2688 psalmi.
3227 2615 3299 2670 Ut
3328 2614 3509 2687 igitur
3537 2614 3595 2670 id
3639 2614 3787 2670 dixit

2131 2708 2423 2778 diabolus,
2457 2707 2754 2779 psalmum
2786 2705 2967 2760 istum
3001 2704 3082 2758 illi
3117 2704 3541 2760 inchoaverunt
3572 2720 3584 2759 :
3614 2705 3786 2775 cujus

2131 2814 2265 2853 cum
2315 2797 2569 2868 primum
2624 2794 3034 2850 tantummodo
3083 2795 3322 2849 verbum
3375 2792 3780 2864 protulissent,

2135 2907 2157 2936 ι
2195 2887 2478 2955 Exsurgat
2506 2882 2662 2939 Deus
2689 2882 2932 2953 93,»mox
2960 2881 3196 2937 ululans
3225 2880 3496 2937 diabolus
3526 2881 3784 2952 evanuit,

2130 2974 2323 3044 reipsa
2353 2973 2470 3027 vim
2501 2973 2750 3042 hujusce
2782 2971 3064 3025 orationis
3095 2971 3431 3026 ostendens.

2203 3061 2556 3127 OUESTXV.
2593 3062 2891 3118 Undenam
2924 3061 2982 3114 in
3008 3060 3179 3116 corde
3204 3059 3458 3115 hominis
3481 3063 3789 3115 moventur

2129 3152 2519 3225 cogitationes
2550 3154 2607 3206 et
2638 3149 3014 3222 blasphemia:
3045 3150 3219 3205 verba
3250 3166 3316 3205 ac
3339 3148 3579 3220 nefaria,
3603 3165 3782 3220 saepe-

2131 3260 2244 3315 que
2273 3243 2333 3298 in
2369 3247 2549 3297 Deum
2577 3241 2775 3312 ipsum
2808 3239 3250 3311 contumeliosa,
3284 3256 3411 3312 quae
3441 3255 3548 3294 nec
3585 3238 3785 3294 animo.

2132 3332 2325 3405 eloqui
2354 3331 2547 3400 vellet,
2583 3347 2686 3387 nec
2709 3330 2914 3403 lingua
2943 3330 3200 3385 hominis
3231 3328 3580 3387 nominare?

2203 3512 2371 3567 Resp.
2407 3511 2486 3566 Ea
2516 3513 2656 3566 sunt
2686 3508 2904 3565 diaboli
2936 3525 3131 3581 opera,
3183 3526 3309 3580 quae
3357 3509 3609 3564 nefanda
3659 3509 3785 3580 ipse

2128 3602 2337 3656 animae
2387 3599 2646 3655 hominis
2697 3598 2977 3671 suggerit,
3030 3598 3206 3653 verba
3249 3601 3451 3654 contra
3481 3597 3663 3654 Deum
3699 3597 3782 3654 lo-

2126 3707 2335 3762 quens.
2367 3689 2666 3745 hominem
2701 3689 2758 3742 in
2792 3688 3260 3760 desperationem
3300 3687 3541 3760 cupiens
3593 3688 3782 3743 addu-

2124 3795 2274 3836 cere.
2314 3778 2523 3834 Verum
2556 3794 2931 3850 nequaquam
2962 3778 3097 3832 inde
3128 3777 3302 3832 homo
3333 3778 3780 3834 condemnatur:

2126 3869 2310 3925 absit!
2346 3869 2505 3941 Saepe
2531 3868 2710 3924 etiam
2740 3884 2809 3922 ex
2857 3866 3195 3939 opinatione
3241 3866 3466 3923 homini
3514 3867 3785 3924 oboritur

2125 3957 2470 4028 huiusmodi
2519 3957 2794 4028 cogitatio
2831 3974 2844 4012 :
2879 3974 2997 4028 qua
3035 3957 3272 4028 quidem
3306 3957 3608 4026 liberatur,
3641 3973 3776 4012 cum

2124 4065 2187 4106 se
2215 4055 2428 4104 terram
2457 4053 2512 4104 et
2543 4049 2796 4104 cinerem
2829 4065 2957 4104 esse
2980 4053 3239 4120 reputat,
3291 4064 3393 4104 nec
3442 4065 3569 4104 eam
3619 4049 3778 4122 cogi-

2121 4137 2400 4194 tationem
2425 4138 2740 4193 admodum
2766 4136 3100 4203 retinet,sed
3127 4136 3360 4192 diabolo
3382 4137 3776 4193 dicit:«B|as-

2122 4225 2357 4298 phemia
2392 4230 2492 4281 tua
2523 4227 2599 4281 sit
2630 4225 2686 4280 in
2721 4229 2896 4296 caput
2926 4231 3119 4293 tuum,
3155 4226 3400 4282 diabole.
3452 4227 3569 4300 Ego
3618 4227 3776 4285 enim

2120 4314 2433 4371 Dominum
2465 4315 2650 4371 Deum
2685 4331 2882 4370 meum
2913 4315 3301 4381 adorabo,nec
3332 4332 3592 4390 unquam
3626 4317 3779 4375 blas-

2118 4404 2386 4476 phemias
2417 4404 2475 4459 in
2507 4421 2638 4459 eum
2674 4403 3206 4476 proferam.nCaute
3239 4403 3419 4475 igitur
3447 4407 3516 4461 ad
3551 4423 3775 4477 ea,quae

2119 4494 2274 4549 dicta
2307 4499 2468 4564 sunt,
2503 4497 2592 4548 est
2623 4494 3072 4548 attendendum.
3111 4492 3453 4563 Complures
3477 4494 3636 4549 enim
3670 4495 3776 4551 bo-

2120 4584 2311 4639 mines
2331 4583 2469 4638 victi
2501 4583 2908 4654 hujuscemodi
2943 4581 3316 4653 cogitatione,
3352 4582 3451 4637 alii
3483 4599 3613 4638 sese
3659 4583 3771 4656 ipsi

345 4669 450 4744 γᾶρ
481 4673 590 4724 τῶν
627 4670 928 4745 ἀνθρώπων
960 4668 1064 4723 ὑπὸ
1093 4667 1293 4722 τούτου
1329 4671 1426 4722 τοῦ
1477 4665 1748 4743 λογισμοῦ
1805 4688 2005 4744 κρατη·

2142 4670 2750 4744 ιτωοὶρὶῐενετυηιβιίἱ
2785 4671 2842 4726 in
2878 4671 3347 4744 desperationem
3383 4672 3616 4729 adducti
3643 4689 3774 4748 per-

347 4759 550 4829 θὲντες,
586 4759 638 4812 οἱ
704 4759 797 4830 μὲν
857 4756 1078 4819 ἑαυτοὺς
1133 4756 1480 4830 ἐκρήμνισαν,
1513 4757 1564 4810 οἱ
1623 4755 1699 4826 δὲ,
1735 4758 1812 4819 εἰς
1870 4754 2002 4813 ἀπό-

345 4870 551 4924 γνωσιν
588 4847 862 4915 ἐλθόντες,
891 4844 1204 4901 ἀπώλοντο.

418 4940 616 5013 Ἐρώτ.
672 4943 756 5001 ις’.
813 4935 1140 5000 Ἀκόλουθον
1210 4933 1496 5008 ἡγούμεθα
1543 4937 1653 5007 (Ui)
1709 4935 1840 5008 μετὰ
1912 4938 2004 4990 τὸν

345 5027 474 5104 περὶ
506 5031 642 5084 Θεοῦ
671 5026 759 5081 καῖ
805 5024 1046 5102 ἀγγέλων
1079 5024 1269 5098 λόγον,
1300 5023 1479 5100 τρίτον
1519 5024 1609 5078 τὸν
1643 5024 1763 5101 περῖ
1811 5027 2004 5100 ψυχῶν

346 5116 543 5173 λοιπὸν
579 5115 744 5192 λόγον
778 5114 854 5177 εἷς
887 5115 1048 5187 μέσον
1079 5114 1532 5189 προσενεχθῆναι.
1568 5112 1762 5180 Πολλή
1796 5113 1896 5189 γὰρ
1929 5113 2005 5176 ὡς

342 5207 569 5280 ἀληθῶς
620 5209 710 5263 καὶ
764 5211 798 5278 ἡ
849 5208 974 5283 περὶ
1021 5208 1217 5261 τούτου
1247 5207 1393 5281 παρὰ
1423 5205 1732 5280 ἀνθρώποις
1766 5206 2003 5281 ὑπάρχει

412 5383 458 5417 ⁸³
489 5382 640 5439 Psal.
677 5399 849 5452 van,
879 5382 933 5436 2.

413 5558 528 5627 (12)
568 5557 804 5629 Reg.2,
859 5551 1102 5626 μεσίτου.
1153 5556 1416 5618 Quatuor
1474 5559 1741 5624 sequent.
1792 5561 2000 5629 quaest.

338 5630 554 5699 13,14,
589 5627 678 5693 15,
721 5628 808 5692 16,
841 5629 1060 5682 absunt
1105 5642 1140 5680 a
1186 5629 1368 5680 Palat.
1420 5629 1475 5694 2,
1525 5632 1583 5680 et
1628 5644 1661 5681 a
1703 5627 1999 5683 veteribus

340 5701 518 5759 editis
553 5700 794 5757 Latinis.
2001 5728 2010 5736 .

415 5772 531 5846 (13)
561 5772 813 5840 Quidam
863 5785 1033 5841 121188.,
1083 5766 1172 5822 καὶ
1222 5765 1445 5844 ῥήματα
1486 5766 1632 5842 παρὰ
1679 5772 1849 5823 πᾶσαν
1899 5770 1999 5839 τήν

2119 4761 2335 4818 ierunt.

2189 4939 2426 5003 002351.
2481 4939 2629 4993 XVI.
2681 4941 3058 5012 Consequens
3105 4957 3234 4997 esse
3285 4943 3660 5013 arbitramur,
3712 4949 3777 5000 ut

2118 5032 2436 5102 postquam
2489 5030 2559 5084 de
2608 5028 2724 5085 Deo
2768 5033 2826 5085 et
2856 5031 2926 5086 de
2960 5032 3185 5103 angelis
3216 5032 3628 5100 disseruimus,
3658 5038 3773 5089 ter-

2116 5119 2197 5174 tio
2222 5119 2348 5190 jam
2381 5118 2505 5175 loco
2537 5121 2921 5191 quaestionem
2943 5121 3014 5177 de
3036 5121 3348 5178 animabus
3377 5138 3775 5195 pr0ponamus

2116 5208 2175 5263 in
2211 5208 2492 5265 medium.
2530 5209 2670 5265 Vere
2696 5209 2854 5266 enim
2882 5210 3070 5266 multa
3102 5209 3212 5266 hac
3243 5211 3315 5266 de
3362 5227 3422 5267 re
3465 5212 3776 5282 disputant

2116 5555 2470 5698 γρᾶἷῗνῗτθε
2502 5643 2646 5682 mss.
2679 5627 2944 5699 ἡγοῦμαι.
2977 5623 3157 5681 Paulo
3206 5635 3354 5698 post,
3390 5627 3485 5683 alii
3538 5627 3613 5691 εἴς
3711 5630 3760 5685 ἑ-

2116 5715 2200 5750 σον
2234 5703 2603 5760 προαγθῆναι,
2638 5698 2758 5760 alii.
2791 5695 3050 5760 ἀγθῆναι,
3076 5696 3199 5760 alii,
3231 5705 3626 5760 προενιγθῆναι
3656 5653 3758 5760 iia-

3701 5721 3758 5761 a-

2110 5715 2200 5782 9ον
2231 5695 2608 5782 etp-auxerat,
2638 5695 2758 5768 alii,
2779 5695 3050 5782 ἀχθῇναι,
3076 5695 3626 5782 αξὶίίπροενιχθῆναι

2109 5767 2428 5828 δθῐιιίΜόὶ
2459 5767 2638 5827 Palat.
2671 5767 2795 5845 περὶ
2826 5767 3020 5824 τούτου
3051 5771 3145 5822 τοῦ
3177 5767 3482 5846 ἀνθρώποᾶ
