4132 6392
361 382 475 444 607

1531 393 1592 450 S.
1643 386 2167 452 ATHANASIUS.
2193 419 2272 432 —
2301 390 2610 452 SPURIA.

3661 387 3786 451 608

363 523 420 574 et
460 519 767 590 inquirunt
817 521 1107 592 homines,
1159 540 1390 596 nempe,
1443 541 1568 596 qua
1620 541 1712 580 res
1761 523 1840 580 sit
1888 523 2009 596 ipsa

2133 519 2356 590 ζήτησίς
2385 541 2444 576 τε
2486 520 2574 576 καὶ
2625 515 2953 599 ἀμφιϐολία·
2988 517 3138 595 λέγω
3193 517 3282 589 δὴ,
3314 518 3367 575 τί
3415 519 3543 575 αὐτὸ
3583 522 3786 596 χρῆμά

363 611 562 666 anima
603 611 881 684 hominis,
907 615 1060 670 unde
1107 616 1232 688 ipsa
1255 616 1312 671 in
1337 633 1577 689 corpore
1600 615 2015 685 constituatur,

363 702 736 771 quandonam
770 709 826 758 et
847 706 1140 774 quomodo
1164 711 1470 778 separatur
1491 707 1563 762 ab
1586 704 2017 776 homine,quid-

364 807 476 860 que
507 796 642 863 agat
675 809 861 863 usque
893 793 962 848 ad
997 799 1505 851 resurrectionem.
1540 797 1720 850 Nemo
1752 794 1906 850 enim
1950 809 2019 848 ex

364 881 614 935 mortuis
645 881 704 935 in
740 883 1027 937 mundum
1060 886 1301 940 veniens
1333 885 1453 940 haec
1478 885 1647 940 nobis
1663 883 2018 938 renuntiavit

362 975 463 1024 ant
493 972 880 1026 confirmavit.
917 973 1280 1045 Quapropter
1313 993 1345 1029 a
1377 982 1478 1030 tua
1510 974 1818 1029 sanctitate
1854 972 2016 1044 flagi-

359 1063 556 1114 tamus
593 1064 652 1113 ut
683 1061 1062 1130 quaestionem
1099 1062 1247 1118 hanc
1281 1064 1350 1119 de
1402 1065 1619 1134 anima,
1672 1061 1874 1117 multis
1924 1060 2016 1115 in-

358 1149 869 1220 comprehensam,
906 1167 1010 1206 nos
1043 1151 1183 1206 velis
1215 1153 1475 1208 edocere.

431 1255 600 1309 Resp.
663 1256 926 1311 Hominis
985 1258 1218 1326 quidem
1280 1260 1479 1315 anima
1531 1265 1622 1316 est
1681 1258 2017 1315 substantia

360 1342 716 1415 intelligens,
786 1345 1145 1418 incorporea,
1216 1348 1560 1418 invisibilis,
1631 1347 2017 1420 impassibilis

358 1431 733 1498 immortalis,
769 1435 1002 1506 fereque
1035 1435 1377 1505 angelorum
1409 1437 1720 1494 subtilitati
1776 1436 2014 1492 similis.

359 1521 673 1592 Nunquam
708 1528 904 1578 tamen
939 1524 1137 1580 anima
1168 1525 1278 1582 fuit
1308 1528 1575 1599 angelus,
1625 1532 1688 1582 ut
1741 1526 2021 1582 fabulan-

362 1615 460 1665 tur
507 1610 882 1683 Origenistaa;
937 1631 1042 1670 nec
1090 1620 1226 1671 ante
1275 1634 1520 1687 corpora
1565 1615 1860 1672 exsistunt
1889 1615 2018 1671 ani-

359 1717 488 1766 mm,
526 1705 592 1754 ut
639 1702 976 1758 Manichazis
1023 1703 1256 1759 videtur
1301 1721 1312 1758 :
1367 1706 1468 1761 sed
1520 1705 2020 1777 quemadmodum

359 1789 553 1860 lapide
599 1795 657 1844 et
700 1791 852 1846 ferro
903 1791 1144 1861 collisis,
1196 1809 1264 1849 ex
1314 1801 1564 1866 utroque
1631 1796 1782 1864 ignis
1829 1795 2021 1851 nasci-

2130 608 2267 663 ἐστιν
2314 612 2348 678 ἡ
2409 611 2561 686 ψυχὴ
2615 615 2714 664 τοῦ
2763 609 3089 684 ἀνθρώπου;
3125 610 3212 664 καὶ
3246 609 3403 664 πόθεν
3456 607 3590 680 αὕτη
3652 631 3782 663 συν-

2131 698 2335 753 ίσταται
2369 699 2420 753 ἐν
2448 705 2527 772 τῷ
2559 700 2771 772 σώματι
2800 725 2813 768 -,
2844 700 2934 754 καὶ
2964 699 3096 754 πότε
3127 697 3214 754 καὶ
3245 703 3364 761 πῶς
3394 703 3492 754 τοῦ
3524 699 3781 771 σώματος

2128 788 2460 865 χωρίζεται;
2494 789 2582 843 καὶ
2631 789 2682 843 τί
2749 787 2913 864 μέχρι
2970 795 3072 857 τῆς
3126 787 3464 849 ἀναστάσεως
3521 785 3783 862 διαπράτ-

2124 897 2305 947 teut;
2341 875 2517 936 οὐδεὶς
2571 880 2670 953 γὰρ
2723 877 2781 932 ἐκ
2827 883 3029 954 νεκρῶν
3082 876 3134 931 ἐν
3179 876 3258 950 τῷ
3302 877 3405 952 βίῳ
3436 874 3784 950 ἐπιδημήσας

2124 973 2293 1022 ταῦτα
2341 970 2476 1040 ἡμῖν
2528 966 2880 1042 ἀπήγγειλεν,
2913 968 2947 1036 ἢ
2999 966 3355 1022 ἐπιστώσατο·
3401 968 3493 1022 Διὸ
3541 967 3617 1028 ὡς
3661 972 3782 1030 τοῖς

2127 1058 2363 1120 πολλοῖς
2411 1055 2793 1124 ἀκατάληπτον
2820 1057 2914 1111 τὸν
2959 1057 3080 1132 περῖ
3112 1063 3212 1126 τῆς
3253 1059 3437 1131 ψυχῆς
3488 1055 3650 1132 λόγον
3696 1054 3782 1111 δι-

2129 1144 2399 1222 δαχθῆναι
2432 1148 2798 1222 ἠρωτήσαμεν
2829 1147 2928 1216 τήν
2964 1147 3061 1215 σὴν
3099 1145 3378 1221 ἁγιότητα.

2203 1253 2394 1311 Ἀπόκ.
2454 1257 2512 1310 'ﬂ
2577 1255 2670 1327 μὲν
2724 1257 2822 1308 τοῦ
2879 1253 3170 1329 ἀνθρώπού
3233 1253 3386 1328 ψυχή
3447 1250 3587 1308 ἐστιν
3631 1253 3791 1308 οὐσία

2127 1345 2305 1420 νοερά,
2334 1345 2648 1417 ἀσώματος,
2681 1344 2912 1412 ἀπαθὴς,
2947 1341 3213 1406 ἀθάνατος
3267 1343 3402 1412 (15)⁹
3446 1341 3507 1396 οὐ
3569 1343 3676 1415 μὴν
3728 1340 3789 1398 δὲ

2129 1431 2363 1510 ἄγγελός
2426 1454 2558 1488 ποτε
2613 1436 2678 1502 ἦν
2727 1435 2761 1501 ἡ
2824 1433 3105 1508 ψυχή,ὡς
3150 1433 3203 1486 οἱ
3235 1431 3621 1506 Ὠριγενιασταὶ
3683 1455 3788 1505 μυο

2131 1524 2396 1588 θεύονται·
2432 1521 2554 1578 οὐδέ
2585 1524 3034 1598 προϋπάρχουσιν
3090 1523 3144 1576 αἱ
3203 1521 3375 1596 ψυχαὶ
3434 1525 3542 1576 τῶν
3600 1521 3786 1595 σωμά-

2127 1635 2258 1685 των,
2321 1614 2393 1675 ὡς
2447 1614 2499 1667 οἱ
2557 1615 2859 1687 Μανιχαῖοι
2913 1609 3366 1685 δογματίζουσινο
3419 1610 3546 1667 ἀλλ’
3603 1610 3787 1688 ὥσπερ

2128 1707 2225 1758 τοῦ
2285 1701 2440 1766 λίθου
2487 1701 2576 1757 καὶ
2623 1707 2720 1756 τοῦ
2770 1699 2998 1776 σιδήρου
3050 1701 3526 1777 συγκρουομένων,
3574 1699 3633 1755 ἐκ
3673 1706 3786 1756 τῶν

2131 1791 2452 1870 ἀμφοτέρων
2518 1791 2753 1847 τίκτεται
2829 1791 2889 1845 τὸ
2965 1788 3112 1867 πῦρο
3175 1789 3318 1845 οὕτω
3376 1790 3465 1844 καὶ
3535 1788 3619 1844 ἐπὶ
3686 1794 3786 1860 τῆς

356 1883 490 1948 tur,
545 1877 629 1934 sic
677 1879 736 1934 in
786 1879 895 1935 viri
941 1887 998 1936 et
1050 1882 1313 1939 mulieris
1380 1901 1740 1954 congressu,
1799 1899 2009 1956 corpus

2128 1885 2225 1937 τοῦ
2273 1878 2466 1956 ἀνδρὸς
2505 1881 2593 1935 καὶ
2641 1880 2896 1956 γυναικὸς
2947 1880 3272 1953 συμπλοκῆς
3319 1877 3623 1933 συνίσταται
3670 1882 3788 1954 (16)

355 1973 412 2022 et
433 1968 631 2023 anima
652 1969 1028 2039 Deojubente
1048 1973 1510 2029 constituuntur.
1537 1974 1716 2046 quue
1739 1974 1843 2029 tibi
1877 1991 2006 2046 per-

354 2057 564 2112 suadet
612 2057 826 2114 Paulus
875 2060 1196 2131 apostolus,
1249 2061 1349 2132 qui
1393 2063 1475 2116 ait
1525 2079 1539 2117 :
1595 2085 1624 2111 (ι
1667 2063 2008 2119 Seminatur

350 2163 565 2216 corpus
594 2146 867 2214 animale,
901 2145 1090 2221 surgit
1119 2166 1332 2222 corpus
1361 2151 1623 2222 spiritale
1650 2153 1715 2220 3‘,
1753 2175 1779 2201 ››
1812 2151 2009 2208 videli-

351 2241 442 2291 cet
467 2235 526 2290 in
557 2237 1000 2294 resurrectione.

421 2341 647 2406 Qumsr.
680 2343 846 2398 XVll.
883 2344 1183 2402 Undenam
1226 2351 1450 2402 certum
1501 2348 1749 2403 habetur
1799 2352 2004 2404 mortis

350 2437 612 2502 tempore
644 2433 902 2487 animam
938 2451 1049 2488 non
1083 2435 1261 2489 simul
1294 2437 1438 2491 mori
1465 2453 1594 2492 cum
1630 2439 2003 2509 corpore‘PSic

352 2519 511 2573 enim
548 2521 790 2592 quidam
825 2523 1160 2593 opinantur.

426 2625 598 2681 Rssr.
633 2627 731 2682 Dei
767 2627 944 2684 Filius
974 2634 1030 2685 et
1060 2630 1314 2688 Verbum
1344 2633 1516 2688 Jesus
1537 2633 1803 2689 Christus
1835 2651 2004 2707 aper-

354 2713 429 2768 tis
460 2715 652 2770 verbis
685 2733 790 2771 nos
821 2719 988 2773 docet
1012 2725 1069 2774 et
1103 2721 1340 2776 mortale
1372 2739 1583 2792 corpus
1614 2726 1841 2788 esse,‘et
1875 2723 2002 2777 ani-

361 2819 515 2859 mam
550 2805 965 2863 immortalem.
1002 2831 1029 2860 «
1059 2809 1267 2882 Nolite,
1301 2834 1329 2861 «
1362 2811 1574 2884 inquit,
1612 2832 1641 2866 ι
1668 2812 1876 2868 timere
1905 2830 2004 2869 eos

360 2893 459 2965 qui
485 2895 762 2950 occidunt
789 2913 1020 2970 corpus,
1049 2899 1305 2956 animam
1355 2906 1549 2956 autem
1591 2919 1704 2958 non
1756 2907 2005 2974 possunt

358 2983 618 3039 occidere
647 2985 710 3040 ⁸⁸.
743 3005 768 3036 ιι
807 2987 968 3042 Certe
995 2989 1372 3046 manifestum
1405 2991 1542 3045 inde
1573 2995 1661 3046 est
1699 2991 2004 3048 immorta-

355 3071 470 3128 lem
503 3089 630 3129 eam
661 3091 790 3131 esse
818 3081 872 3131 et
902 3093 936 3132 a
967 3077 1080 3133 Deo
1111 3078 1406 3135 exsistere.

427 3181 650 3244 Ουιεετ.
702 3183 897 3240 XVIII.
957 3207 977 3234 ε
1035 3185 1244 3242 Fidelis
1293 3203 1487 3243 sermo
1532 3192 1591 3244 et
1633 3188 1790 3244 omni
1841 3205 2004 3246 acce-

2123 1975 2256 2027 Θεοῦ
2311 1969 2554 2026 κελεύσει
2611 1972 2770 2042 σῶμα
2825 1969 2914 2024 καὶ
2973 1971 3150 2044 ψυχή.
3206 1969 3307 2026 Καὶ
3362 1969 3594 2033 πειθὲτω
3653 1990 3709 2024 σε
3753 1972 3783 2025 ὁ

2117 2062 2273 2135 ἅγιος
2304 2058 2642 2121 Ἀπόστολος
2675 2059 2875 2134 λέγων’
2915 2083 2936 2108 ε
2977 2058 3260 2134 Σπείρεται
3303 2063 3463 2130 σῶμα
3511 2059 3785 2134 ψυχικόν·

2114 2149 2369 2224 ἐγείρεται
2420 2154 2579 2222 σῶμα
2626 2149 3011 2222 πνευματικὸν,
3043 2172 3071 2199 ››
3122 2142 3382 2218 δηλονότι
3433 2146 3483 2202 ἐν
3523 2152 3593 2221 τῇ
3647 2149 3773 2203 ἀνα-

2116 2259 2321 2294 στάσει.

2186 2347 2379 2421 Ἐρώτ.
2417 2347 2496 2416 ιζ’.
2535 2347 2698 2400 Πόθεν
2760 2343 2816 2399 δὲ
2863 2342 3033 2414 δῆλον
3085 2343 3167 2399 ὅτι
3222 2342 3272 2398 ἐν
3325 2348 3405 2416 τῷ
3443 2348 3618 2416 καιρῷ
3673 2350 3774 2400 τοῦ

2113 2437 2338 2490 θανάτου
2372 2435 2434 2490 ού
2465 2437 2891 2505 συναποθνήσκει
2929 2435 3062 2507 μετά
3088 2438 3185 2489 τοῦ
3217 2434 3476 2506 σώματος
3504 2435 3538 2503 ἡ
3569 2436 3724 2509 ψυχή
3760 2454 3773 2504 ;

2113 2526 2265 2586 Τινὲς
2295 2526 2395 2601 γάρ
2428 2525 2570 2579 οὕτω
2603 2525 2943 2597 νομίζουσιν.

2179 2630 2370 2688 ’Δπόκ.
2404 2633 2466 2689 Ὁ
2522 2635 2617 2686 τοῦ
2676 2635 2813 2686 Θεοῦ
2873 2631 2994 2692 Υἱὸς
3043 2628 3132 2684 καὶ
3186 2628 3362 2704 Λόγος
3393 2631 3507 2702 (17)
3553 2630 3770 2698 Ἰησοῦς

2113 2723 2142 2776 6
2191 2723 2419 2796 Χριστὸς
2474 2725 2767 2798 προφανῶς
2817 2723 2964 2792 ἡμᾶς
3012 2716 3255 2774 διδάσκει
3294 2718 3358 2772 τὸ
3417 2719 3611 2786 θνητὸν
3671 2723 3768 2772 τοῦ

2114 2811 2386 2882 σώματος,
2418 2810 2507 2864 καὶ
2547 2810 2608 2864 τὸ
2658 2811 2912 2864 ἀθάνατον
2961 2816 3062 2878 τῆς
3112 2808 3380 2882 ἡμετέρας
3431 2811 3638 2882 ψυχῆς,
3675 2807 3763 2862 λέ-

2110 2920 2240 2976 γων·
2279 2924 2306 2952 (ι
2325 2901 2416 2968 Μὴ
2450 2894 2731 2976 φοϐηθῆτε
2759 2899 2863 2952 ἀπὸ
2890 2901 2997 2952 τῶν
3027 2896 3452 2952 ἀποκτεινόντων
3485 2896 3544 2950 τὸ
3579 2899 3758 2965 σῶμα,

2111 2991 2212 3058 τὴν
2246 2986 2304 3044 δὲ
2333 2990 2517 3062 ψυχὴν
2554 2989 2630 3059 μὴ
2684 2985 2992 3059 δυναμένων
3045 2987 3374 3041 ἀποκτεῖναι.
3411 3007 3437 3034 n
3466 2981 3750 3058 Πρόδηλον

2116 3077 2190 3139 ὡς
2222 3077 2478 3136 ἀθάνατος
2507 3077 2619 3149 (18)
2650 3075 2739 3129 καὶ
2770 3074 2876 3129 ἀπὸ
2906 3078 3041 3128 Θεοῦ
3075 3073 3331 3149 ὑπάρχει.

2189 3184 2381 3260 Ἐρώτ.
2431 3184 2522 3254 ιη’.
2556 3205 2586 3235 ‹‹
2621 3182 2815 3244 Πιστὸς
2847 3181 2874 3235 6
2907 3178 3071 3256 λόγος
3112 3181 3203 3235 καί
3255 3179 3431 3248 πάσης
3482 3175 3770 3252 ἀποδοχῆς

357 3269 554 3341 ptione
586 3271 798 3346 dignus
827 3274 892 3330 ⁸⁶.
928 3295 958 3324 ››
989 3276 1198 3331 Verum
1231 3292 1513 3348 quonam,
1565 3293 1784 3350 quasso,
1835 3279 2009 3335 modo

2127 3273 2291 3346 ἄξιος.
2330 3298 2357 3324 ››
2389 3272 2541 3345 Ποίῳ
2573 3269 2630 3327 δὲ
2661 3271 2763 3346 ἄρα
2789 3269 2978 3347 τρόπῳ
3025 3273 3060 3339 ἡ
3111 3271 3265 3346 ψυχὴ
3316 3267 3612 3344 χωρίζεται
3666 3266 3772 3320 ἀπὸ

356 3361 557 3416 anima
585 3370 895 3435 separatur
923 3381 957 3420 a
987 3381 1227 3438 corpore
1251 3365 1280 3419 ?

427 3468 595 3524 Itssr.
632 3469 900 3527 Hominis
928 3487 1143 3544 corpus
1174 3477 1441 3529 constare
1463 3474 1759 3530 credimus
1781 3491 1848 3530 ex
1870 3491 2011 3546 qua-

355 3560 489 3612 tuor
539 3557 865 3628 elementis,
923 3577 1130 3633 nempe
1175 3579 1241 3618 ex
1289 3563 1596 3634 sanguine,
1651 3563 2008 3636 phlegmata,

354 3645 600 3703 humore
634 3654 692 3703 et
721 3648 821 3703 bili
858 3666 870 3704 :
903 3650 1046 3717 sive,
1094 3667 1163 3706 ex
1211 3651 1419 3721 calido,
1472 3653 1704 3723 frigido,
1754 3654 1907 3710 sicco
1955 3657 2013 3710 et

353 3735 622 3804 humido,
675 3738 731 3793 id
782 3744 895 3808 est,
944 3757 1014 3795 ex
1065 3742 1218 3813 igne,
1273 3759 1452 3813 aqua,
1506 3759 1665 3811 aere,
1714 3748 1770 3798 et
1834 3747 2008 3799 terra.

355 3825 618 3899 Namque
648 3829 934 3901 (sanguis,
977 3829 1154 3885 veluti
1186 3830 1442 3887 calidum
1475 3838 1531 3887 et
1560 3831 1731 3888 vitale
1761 3831 2014 3888 elemen-

351 3919 501 3989 tum,
535 3933 604 3972 ex
635 3916 770 3990 igne
801 3920 1006 3990 utique
1037 3922 1125 3975 est
1158 3936 1170 3974 :
1205 3919 1420 3976 humor
1446 3936 1602 3990 vero,
1631 3925 1696 3977 ut
1727 3922 1874 3979 221
1907 3921 2011 3978 hu~

358 4005 576 4073 midus,
610 4012 701 4062 est
731 4008 802 4062 ab
840 4025 970 4063 aere
1002 4027 1015 4064 :
1049 4008 1184 4064 bilis
1234 4027 1386 4078 vero,
1441 4015 1503 4066 ut
1555 4011 1728 4078 sicca,
1781 4028 1814 4067 a
1862 4015 2014 4067 terra

352 4099 442 4150 est
492 4112 504 4150 :
553 4095 830 4168 phlegma
875 4097 1124 4169 denique
1170 4103 1230 4153 ut
1280 4100 1580 4171 frigidum,
1614 4106 1703 4156 est
1731 4101 1804 4156 ab
1838 4119 2006 4174 aqua-

356 4182 458 4238 His
488 4189 760 4255 quatuor,
797 4203 912 4242 non
944 4203 1116 4243 secus
1145 4205 1212 4244 ac
1243 4195 1494 4260 quatuor
1525 4191 1733 4259 muris,
1791 4192 2012 4258 anima,

352 4277 541 4329 instar
588 4274 899 4344 columbae,
947 4277 1006 4332 in
1057 4278 1227 4333 domo
1276 4281 1536 4351 corporis
1591 4280 1871 4338 conclusa
1900 4285 2010 4337 est.

355 4364 540 4432 Igitur
569 4366 776 4421 mortis
806 4372 1088 4438 tempore,
1127 4368 1220 4423 Dei
1249 4369 1445 4437 jussu,
1473 4375 1726 4441 quatuor
1755 4370 2010 4427 elemen-

352 4454 429 4508 tis
460 4455 532 4510 ab
564 4455 810 4511 invicem
845 4457 1578 4530 discedentibus,quatuor
1601 4460 1755 4514 muri
1777 4461 2012 4541 domus,

359 4547 423 4598 ut
453 4544 534 4599 ita
563 4544 802 4614 dixeris,
833 4545 1254 4616 dissolvuntur,
1292 4549 1624 4619 receditque
1657 4549 1818 4606 intus
1867 4568 2009 4609 con-

2117 3369 2215 3419 τοῦ
2245 3364 2501 3436 σώματος
2526 3383 2539 3432 ;

2192 3469 2385 3527 Ἀπόκ.
2447 3471 2542 3524 Ἐκ
2613 3467 2882 3544 τεσσάρων
2957 3466 3244 3543 στοιχείων
3323 3463 3648 3537 πιστεύομεν
3706 3464 3769 3517 τὸ

2121 3564 2280 3632 σῶμα
2334 3564 2432 3614 τοῦ
2488 3558 2778 3633 ἀνθρώπου
2837 3557 3197 3611 συνίστασθαι·
3233 3554 3380 3630 λέγω
3412 3551 3478 3622 δὴ
3513 3553 3565 3625 ἐξ
3606 3551 3770 3627 αἶ’μα-

2118 3671 2234 3719 τος,
2264 3648 2352 3704 καὶ
2385 3647 2723 3726 φλὲγματος,
2752 3646 2842 3702 καὶ
2882 3650 3090 3722 χυμοῦ,
3121 3644 3210 3700 καὶ
3259 3642 3464 3721 χολῆς·
3496 3641 3665 3718 ἤγουν
3715 3642 3775 3697 ἐκ

2121 3741 2345 3814 θερμοῦ,
2375 3737 2466 3793 καὶ
2517 3741 2756 3813 ψυχροῦ,
2787 3735 2877 3792 καὶ
2926 3736 3114 3811 ξηροῦ,
3144 3735 3230 3790 καὶ
3279 3735 3465 3809 ὑγροῦ,
3495 3733 3772 3788 τουτέστιν

2122 3829 2183 3884 ἐκ
2228 3827 2422 3904 πυρὸς,
2471 3826 2560 3882 καὶ
2606 3826 2822 3897 ὕδατος,
2868 3825 2958 3880 καὶ
3016 3824 3195 3900 ἀέρος,
3243 3822 3328 3877 καὶ
3388 3828 3514 3897 γῆς.
3548 3822 3619 3876 Τὸ
3677 3821 3770 3893 μὲν

2120 3919 2220 3995 γὰρ
2252 3920 2388 3991 αἷμα
2420 3916 2599 3992 ὥσπερ
2635 3915 2831 3992 θερμὸν
2865 3915 2952 3970 καὶ
2988 3913 3218 3983 ζωαικὸν
3268 3915 3566 3986 στοιχεῖον,
3600 3908 3771 3980 δῆλον

2121 4009 2204 4064 ὅτι
2259 4007 2318 4063 ἐκ
2361 4011 2458 4062 τοῦ
2507 4005 2699 4082 πυρός·
2735 4005 2764 4059 6
2815 4001 2872 4058 δὶ
2919 4004 3120 4078 χυμὸς,
3153 4002 3226 4062 ὡς
3277 4000 3457 4077 ὑγρὸς,
3488 3997 3772 4076 πρόδηλον

2122 4098 2203 4154 ὅτι
2237 4098 2287 4169 ἐξ
2318 4097 2494 4173 ἀέρος·
2530 4099 2565 4165 ἡ
2599 4093 2656 4151 δὲ
2686 4093 2836 4171 χολή
2871 4093 2944 4155 ὡς
2978 4093 3114 4166 ξηρά
3143 4088 3423 4166 πρόδηλον
3483 4089 3589 4142 ἀπὸ
3646 4090 3770 4162 γῆς·

2117 4189 2180 4244 τὸ
2213 4186 2271 4243 δὶ
2301 4185 2520 4266 φλέγμα
2551 4186 2623 4248 ὡς
2656 4183 2893 4258 ψυχρὸν,
2927 4179 3157 4252 εὔδηλον
3192 4179 3242 4250 ἐξ
3270 4176 3485 4241 ὕδατος.
3521 4177 3621 4234 Καὶ
3655 4177 3776 4266 τού-

2118 4301 2233 4341 τοις
2266 4282 2380 4339 τοῖς
2427 4276 2706 4349 τέσσαρσιν
2766 4271 2948 4347 ὥσπερ
3005 4270 3095 4326 καὶ
3146 4271 3396 4343 τέσσαρσι
3448 4267 3663 4343 τοίχοις
3718 4265 3770 4322 ἰν

2122 4367 2257 4441 οἷ’κῳ
2287 4371 2383 4421 τοῦ
2415 4367 2666 4437 σώματος
2701 4359 2854 4432 δίκην
2885 4360 3031 4422 τινὸς
3076 4363 3392 4434 περιστερᾶς
3446 4355 3773 4412 ἀποκεκλει-

2121 4478 2239 4512 σται
2269 4459 2304 4524 ἠ
2337 4457 2512 4531 ψυχή.
2543 4453 2630 4525 Τῷ
2661 4455 2789 4526 γοῦν
2841 4453 3014 4526 καιρῷ
3070 4453 3164 4503 τοῦ
3215 4447 3442 4501 θανάτου
3501 4445 3771 4521 ἐπιτροπῇ

2118 4551 2216 4602 τοῦ
2247 4549 2403 4616 Θεοῦ,
2439 4541 2881 4618 ὑποχωρούντων
2929 4538 2980 4608 ἐξ
3029 4535 3294 4608 ἀλλήλων
3343 4539 3449 4590 τῶν
3494 4536 3768 4611 τεσσάρων

352 4631 518 4688 clusa
567 4633 842 4689 columba
886 4636 1006 4690 sive
1049 4636 1268 4702 anima,
1302 4653 1369 4692 ac
1402 4637 1590 4709 primo
1621 4639 1837 4695 recedit
1867 4659 2009 4698 san-

2127 4632 2435 4708 ττοιγείων,
2467 4633 2538 4692 ὡς
2571 4631 2630 4686 ἂν
2673 4627 2871 4699 εἷ’ποις,
2903 4625 3221 4683 διαλύονται
3271 4625 3324 4679 οἱ
3369 4625 3620 4700 τεσσαρες
3671 4628 3768 4679 τοῦ

353 4721 486 4793 guis
517 4722 636 4778 sive
667 4723 922 4778 calidum
955 4731 1011 4780 et
1036 4725 1206 4780 vitale
1236 4724 1616 4781 elementum.
1651 4727 1794 4783 Hinc
1849 4745 2005 4786 mor-

352 4817 449 4866 tua
497 4828 742 4884 corpora
797 4812 972 4868 bilem
1023 4818 1080 4868 et
1126 4812 1403 4886 pblegma
1434 4832 1500 4870 ac
1533 4816 1840 4873 humorem
1875 4825 2006 4891 post

349 4905 596 4956 mortem
628 4908 883 4973 servant,
917 4911 977 4957 at
1007 4904 1357 4976 sanguinem
1391 4905 1620 4960 nullum
1653 4905 1892 4964 habent.

412 5236 458 5270 “
484 5237 506 5290 Ι
533 5235 662 5292 Cor.
695 5253 786 5305 xv,
819 5236 908 5293 44.
985 5235 1029 5270 ⁸⁸
1058 5235 1265 5292 Matth.
1297 5253 1354 5308 ι,
1385 5238 1478 5294 28.
1553 5237 1598 5272 ⁸⁸
1627 5241 1651 5292 Ι
1680 5239 1825 5297 Tim.
1859 5258 1899 5312 1,
1930 5240 2020 5299 45.

415 5389 527 5466 (1.5)
579 5389 714 5443 Post
747 5432 782 5466 ,_
821 5388 1082 5466 ἀθάνατος
1118 5433 1131 5454 ,
1186 5391 1427 5466 quidam
1503 5391 1721 5466 habent
1797 5389 1991 5466 σχεδὸν

343 5459 510 5538 ἰδμοία
567 5464 826 5538 τῆς.ᾙῶ
884 5460 1129 5534 ἀγγέλων
1190 5460 1546 5530 λεπτότητος.
1586 5465 1710 5520 Mox
1769 5459 1908 5538 Ριόῐέ.
1937 5468 1990 5531 2.

345 5529 434 5602 Ὠρ
445 5551 548 5603 ιγεν
560 5529 718 5586 ισταί.

415 5605 454 5678 (_1
470 5606 522 5678 ti)
563 5605 643 5656 Ita
676 5604 915 5678 quidam
950 5605 1336 5678 manuscripti
1373 5607 1587 5661 rectius
1618 5622 1794 5678 quam
1827 5609 1990 5676 editi,

346 5675 442 5746 qui
480 5675 717 5734 habent.
753 5674 1090 5737 συνίστασθαι
1122 5674 1352 5729 κελεύει.

417 5747 526 5818 (17)
559 5755 818 5815 Quatuor
850 5764 1015 5820 11138.,
1047 5749 1075 5802 ὁ
1105 5752 1200 5802 τοῦ
1231 5751 1460 5820 Χριστοῦ
1491 5748 1579 5803 καὶ
1638 5753 1771 5804 Θεοῦ
1828 5751 1988 5826 ἡμῶν

2117 4721 2270 4780 οἴκου
2323 4727 2529 4798 τοῖχοι,
2561 4719 2648 4775 καὶ
2700 4721 2976 4794 ἀναχωρεῖ
3013 4719 3048 4785 ἡ
3101 4712 3251 4771 ἔνδον
3297 4711 3765 4787 ἀποκεκλεισμένη

2114 4815 2424 4887 περιστερὰ,
2456 4809 2627 4885 ⁴ἤγουν
2659 4812 2694 4878 ἡ
2725 4809 2900 4882 ψυχή’
2934 4806 3022 4861 καὶ
3071 4809 3288 4880 πρῶτον
3337 4804 3431 4877 μὲν
3480 4803 3770 4879 ἀποχωρεῖ

2112 4905 2175 4960 τὸ
2206 4905 2362 4976 αἷμα,
2395 4901 2562 4978 ἤγουν
2593 4901 2654 4954 τὸ
2686 4898 2884 4974 θερμὸν
2930 4896 3020 4950 καὶ
3072 4894 3316 4964 ζωτικόν.
3349 4896 3509 4957 ’Όθεν
3557 4893 3624 4947 τὰ
3677 4914 3768 4947 νε-

2111 4994 2217 5070 κρὰ
2272 4994 2500 5066 σώματα
2557 4986 2738 5065 χολὴν
2803 4987 2896 5060 μὲν
2957 4983 3148 5061 ἔχουσι
3209 4981 3345 5057 μετᾶ
3399 4982 3622 5038 θάνατον
3674 4982 3766 5038 καὶ

2114 5083 2336 5164 φλέγμα
2365 5081 2456 5138 καὶ
2489 5078 2695 5156 χυμὸν,
2729 5077 2864 5150 αἷμα
2895 5071 2953 5131 δὶ
2982 5073 3082 5131 οὑκ
3111 5070 3355 5149 ἔχουσιν.

2343 5466 2462 5516 Duo
2515 5476 2689 5533 mss”
2750 5453 3009 5533 ἀβάζιατον
3079 5451 3175 5533 καὶ,
3239 5451 3416 5533 fingi
3471 5450 3759 5533 bréexou-

2104 5523 2220 5588 σαν,
2275 5523 2434 5589 fidit.
2493 5523 2742 5599 Comm.,
2773 5527 3035 5610 ἀθάνατος
3089 5524 3180 5610 καὶ
3231 5523 3754 5610 ἀπαθῆςΊὺπάρξχεξ

2103 5607 2256 5664 Edit.
2318 5605 2499 5660 Paris.
2535 5618 2668 5659 cum
2702 5593 2883 5656 Palat.
2919 5601 2974 5665 2,
3006 5596 3267 5658 ἀθάνατος
3327 5595 3416 5649 καὶ
3465 5593 3570 5649 ἀπὸ
3611 5593 3755 5649 ’Θεοῦ

2104 5678 2360 5727 ﬁndant.
2395 5677 2568 5727 Porro
2619 5677 2824 5727 ausast.
2879 5671 2969 5727 19.
3016 5671 3106 5727 20.
3155 5671 3248 5727 21.
3272 5670 3364 5727 22.
3395 5669 3489 5727 23.
3520 5668 3610 5724 24.
3645 5667 3751 5724 ab-

2104 5678 2360 5752 ὑπάρχει.
2395 5677 2568 5732 Porro
2619 5677 2824 5746 quaast.
2879 5677 2969 5755 alii,
3016 5677 3106 5735 20,
3155 5677 3364 5752 @522,
3395 5677 3489 5752 g3,
3520 5677 3610 5724 24.

2101 5756 2240 5809 sunt
2269 5767 2304 5805 a
2333 5748 2514 5807 Palat.
2545 5751 2598 5818 2,
2623 5752 2679 5804 et
2705 5763 2739 5803 a
2768 5744 3059 5803 veteribus
3088 5741 3266 5800 editis
3294 5739 3535 5798 Latinis.
3615 5815 3623 5824 .
