4132 6372
372 426 497 484 609

1332 414 1844 488 QUIESTIONES
1894 416 1997 475 AD
2043 413 2499 478 ANTIOCHUM
2554 413 2843 478 DUCEM.

3676 424 3799 488 610

447 555 637 631 Ἐρώτ.
674 553 759 609 ιϐ’.
796 556 909 607 Ποῦ
940 548 997 604 δὲ
1044 546 1145 625 ἄρα
1190 546 1420 620 θέλομεν
1464 549 1661 620 λέγειν,
1695 544 1777 599 ὅτι
1812 544 1941 599 εἰσὶν
1970 545 2023 598 αἱ

2210 548 2435 611 QUEST.
2463 548 2601 601 XIX.
2630 548 2878 603 Ubinam
2914 565 3079 619 porro
3108 566 3238 606 esse
3267 551 3531 609 dicemus
3560 556 3792 612 animas

370 638 749 720 προλαϐοῦσαι
780 645 888 695 τῶν
918 637 1220 714 ἀνθρώπων
1253 636 1426 711 ψυχαί
1461 655 1473 705 ;

440 732 635 789 Ἀπόκ.
695 732 868 785 Ξένον
934 728 1027 802 μὲν
1087 726 1174 781 καὶ
1226 720 1453 803 φοϐερὸν
1505 725 1567 779 τὸ
1598 724 1859 798 ἐρώτημα
1891 726 2025 797 (19),

366 823 456 878 καὶ
507 822 655 897 παρὰ
697 820 1007 895 ἀνθρώποις
1056 813 1573 889 ἀποκεκρυμμένον.
1624 813 1699 871 Οὑ
1755 814 1857 887 γὰρ
1908 835 2029 866 συν-

369 915 652 988 εχώρησεν
686 911 713 965 6
745 910 875 969 Θεὸς
930 903 1263 962 ⁴ἐπαναλῦσαί
1294 925 1414 958 τινα
1455 904 1592 979 πρὸς
1624 906 1770 976 ἡμᾶς
1806 901 2028 971 ἐκεῖθεν,

367 1003 457 1056 καὶ
490 999 853 1076 διηγήσασθαι
884 1001 992 1051 ποῦ
1036 996 1070 1063 ἢ
1105 998 1222 1057 πῶς
1268 994 1399 1048 εἰσιν
1434 995 1486 1047 αἱ
1536 994 1623 1070 ἀφ’
1655 995 1813 1063 ἡμῶν
1861 991 2026 1045 ἀπελ-

368 1094 556 1146 θοῦσαι
613 1087 806 1164 ψυχαί.
860 1088 1055 1157 ’Όμως
1108 1083 1167 1137 ἐκ
1224 1088 1329 1137 τῶν
1385 1088 1609 1158 Γραφῶν
1672 1083 2027 1154 μανθάνομεν,

374 1180 457 1234 ὃτι
488 1180 542 1233 αἱ
579 1179 671 1251 μὲν
700 1182 806 1231 τῶν
844 1172 1193 1251 ἁμαρτωλῶν
1228 1171 1400 1246 ψυχαὶ
1424 1170 1474 1225 ἔν
1508 1175 1588 1243 τῷ
1620 1164 1721 1243 ᾅδῃ
1757 1171 2031 1246 ὑπάρχου-

377 1289 460 1321 σιν
495 1268 746 1322 ὑποκάτω
792 1265 971 1334 πάσης
1022 1269 1121 1331 τῆς
1169 1268 1275 1337 γῆς
1303 1260 1393 1314 καὶ
1441 1267 1539 1329 τῆς
1573 1258 1841 1329 θαλάττης
1872 1260 2026 1326 εἰσὶν,

380 1355 455 1419 ὥς
488 1377 650 1433 φησιν
680 1357 707 1409 6
736 1353 973 1428 ψαλμὸς,
1011 1374 1037 1405 ι
1067 1353 1154 1406 Ἐν
1206 1354 1502 1410 σκοτεινοῖς
1549 1348 1637 1403 καὶ
1672 1348 1723 1402 ἐν
1778 1352 1900 1417 σκεᾷ
1932 1360 2022 1411 θα-

378 1447 545 1499 νάτου
574 1444 660 1499 καὶ
711 1443 762 1499 ἂν
813 1442 997 1514 λάκκῳ
1044 1441 1362 1512 κατωτάτῳ,
1410 1463 1437 1489 ››
1469 1438 1558 1493 καὶ
1606 1438 1679 1499 ὡς
1726 1439 2026 1513 γέγραπται

381 1533 434 1589 ἐν
464 1539 543 1606 τῷ
575 1529 716 1591 Ἰώϐο
753 1556 777 1587 α
811 1532 919 1592 Ἐἰς
946 1537 1042 1607 γῆν
1077 1530 1360 1597 σκοτεινὴν
1395 1528 1483 1582 καὶ
1514 1527 1798 1605 γνοφερὰν,
1821 1527 1897 1589 εἰς
1922 1534 2026 1603 γῆν

376 1621 602 1683 σκότους
634 1620 874 1687 αἰωνίου,
908 1620 969 1673 οὗ
1020 1618 1119 1673 οὐκ
1166 1616 1277 1672 ἔστι
1310 1616 1527 1695 φέγγος,
1556 1614 1679 1670 οὐδὲ
1722 1616 1849 1692 ὁρᾷν
1886 1616 2029 1685 ζωήν

375 1711 595 1787 βροτοῖς
627 1712 758 1782 (20),
790 1732 817 1761 ››
864 1709 920 1762 αἱ
972 1706 1030 1762 δὶ
1078 1712 1186 1761 τῶν
1240 1704 1461 1761 δικαίων
1520 1706 1693 1780 ψυχαὶ
1748 1704 1881 1778 μετὰ
1925 1706 2022 1773 τήν

370 1801 604 1872 Χριστοῦ
661 1796 978 1868 παρουσίαν,
1040 1796 1113 1857 ὡς
1169 1795 1229 1849 ἐκ
1283 1799 1380 1849 τοῦ
1438 1792 1646 1868 λῃστοῦ
1695 1797 1792 1849 τοῦ
1845 1792 1895 1849 ἐν
1945 1798 2024 1866 τῷ

364 1892 581 1963 σταυρῷ
633 1886 991 1960 μανθάνομεν,
1024 1884 1107 1940 ὅτι
1158 1884 1210 1940 ἐν
1259 1889 1337 1956 τῷ
1384 1881 1695 1960 παραδείσῳ
1747 1882 2023 1959 ὑπάρχου·
2057 1922 2104 1988 Β

369 1998 475 2033 σιν.
507 1975 583 2033 Οὐ
613 1978 712 2052 γάρ
745 1972 835 2030 διά
869 1976 1041 2047 μόνην
1091 1975 1189 2044 τὴν
1236 1976 1422 2049 ψυχὴν
1475 1978 1574 2028 τοῦ
1622 1972 1779 2048 ἁγίου
1825 1972 2025 2046 λῃστοῦ

370 2066 602 2142 Χριστὸς
636 2066 663 2118 ὁ
694 2065 823 2127 Θεὸς
856 2066 1017 2136 ἡμῶν
1050 2061 1234 2133 ἤνοιξε
1260 2063 1352 2117 τὸν
1386 2060 1733 2137 παράδεισον,
1767 2060 1913 2117 ἀλλὰ
1936 2061 2025 2116 καὶ

370 2153 463 2209 διὰ
490 2155 662 2216 πάσας
692 2154 888 2209 λοιπὸν
919 2153 1014 2214 τὰς
1044 2157 1151 2207 τῶν
1185 2152 1349 2227 ἁγίων
1382 2153 1589 2227 ψυχάς.

446 2243 641 2319 Ἐρώτ.
675 2249 740 2298 κ’.
771 2241 833 2295 Τί
866 2240 981 2313 οὖν,
1034 2236 1306 2296 ἀπέλαϐον
1362 2241 1414 2295 οἱ
1464 2238 1664 2295 δίκαιοι
1710 2240 1778 2295 τά
1828 2239 2023 2315 ἀγαθὰ,

368 2334 461 2389 καὶ
495 2334 545 2387 οἱ
579 2330 901 2405 ἁμαρτωλοὶ
930 2331 1032 2399 τὴν
1059 2329 1284 2385 κόλασιν
1321 2348 1334 2398 ;

446 2419 637 2478 Ἀπόκ.
696 2417 1005 2493 οὐδαμῶς.
1063 2420 1256 2492 ’Ὀμως
1317 2415 1375 2472 δὲ
1429 2419 1528 2487 τήν
1588 2419 1763 2494 χαράν
1821 2416 2022 2487 ταύτην

370 2508 599 2586 ἔχουσιν
650 2510 706 2563 αἱ
748 2512 856 2563 τῶν
904 2508 1074 2582 ἁγίων
1126 2506 1299 2582 ψυχαί
1343 2510 1499 2581 (21)·
1551 2508 1640 2561 καὶ
1689 2503 1830 2563 ἔστιν
1888 2506 2023 2577 αὕτη

373 2600 573 2676 μερικὴ
624 2596 941 2667 ἀπόλαυσις,
989 2595 1170 2670 ὥσπερ
1218 2597 1309 2650 καὶ
1339 2599 1375 2667 ἡ
1427 2596 1603 2665 λύπη,
1636 2594 1703 2665 ἤν
1758 2598 1808 2651 oi.
1850 2598 2026 2672 ἁμαρ-

365 2688 543 2743 τωλοὶ
574 2686 785 2762 ἔχουσι,
822 2686 1018 2761 μερική
1049 2682 1296 2757 κόλασις,
1327 2706 1415 2739 και
1471 2683 1650 2762 ὥσπερ
1682 2687 1796 2759 (22)
1831 2706 2025 2759 μετασ-

366 2776 625 2833 τέλλεται
679 2775 934 2852 βασιλεὺς
989 2774 1186 2853 φίλους
1235 2774 1398 2829 αὐτοῦ
1442 2774 1530 2829 ἐπὶ
1575 2779 1654 2846 τῷ
1705 2780 2026 2844 συναριστῆ-

370 2888 459 2921 σαι
513 2864 657 2935 αὑτῷ
706 2862 964 2925 ὡσαύτως
1013 2864 1103 2918 καὶ
1162 2860 1485 2924 καταδίκους
1546 2862 1633 2917 ἐπὶ
1687 2862 1749 2917 τὸ
1797 2861 2026 2917 κολάσαι

371 2954 594 3017 αὐτούς.
628 2954 723 3007 Καὶ
756 2953 808 3007 οἱ
845 2952 939 3026 μὲν
986 2953 1060 3014 εἷς
1106 2953 1169 3006 τὸ
1218 2953 1433 3027 ἄριστον
1479 2950 1768 3022 κληθέντες
1800 2950 1849 3005 ἐν
1883 2956 2030 3026 χαρᾷ

375 3046 514 3100 εἶσιν
568 3042 874 3119 ἔμπροσθεν
931 3046 1029 3096 τοῦ
1085 3040 1237 3096 οἷ’κοο
1291 3045 1387 3095 τοῦ
1449 3040 1716 3116 βασιλέως
1764 3038 1870 3103 ἕως
1928 3047 2029 3109 τῆς

383 3130 531 3209 ὥρας
563 3131 660 3188 τοῦ
692 3132 933 3206 ἀρίστου·
987 3132 1038 3187 οῖ
1088 3130 1145 3186 δὲ
1190 3129 1473 3187 κατάδικοι
1522 3130 1573 3186 ἐν
1625 3129 1842 3210 φυλακῆ
1892 3132 2031 3187 ἀπο-

377 3222 775 3296 κεκλεισμένοι,
837 3221 889 3276 ἐν
947 3220 1094 3292 λόπᾳ
1149 3222 1509 3298 ὑπάρχουσιν,
1557 3218 1661 3284 ἓως
1713 3222 1775 3278 οὗ
1821 3217 1953 3297 ἔλθῃ
2001 3222 2030 3277 6

2140 634 2448 691 hominum
2473 654 2599 718 quae
2622 638 2747 707 jam
2778 638 3223 694 discesserunt?

2213 724 2381 780 Rssr.
2410 726 2551 782 Mira
2584 743 2724 782 sane
2764 730 2821 781 et
2868 729 3180 783 metuenda
3231 731 3493 799 quaastio,
3540 732 3791 789 homini-

2140 814 2369 887 busque
2399 815 2644 871 occulta.
2680 816 2794 871 Nec
2822 816 2979 871 enim
3015 818 3163 872 Deus
3192 835 3545 888 quemquam
3577 824 3648 877 ad
3684 841 3789 879 nos

2139 902 2276 958 inde
2306 904 2492 960 redire
2543 906 2833 975 permisit,
2882 922 3269 978 enarrareque
3314 909 3548 964 ubinam
3603 928 3789 982 quove

2140 995 2313 1048 modo
2358 994 2476 1050 sint
2522 996 2735 1050 animze
2785 1014 2817 1051 a
2850 996 3017 1050 nobis
3053 999 3336 1067 profectae.
3371 999 3787 1056 Verumtamen

2141 1084 2425 1139 discimus
2474 1102 2543 1140 ex
2589 1085 2803 1140 divinis
2864 1085 3078 1141 litteris
3128 1093 3496 1158 peccatorum
3563 1091 3790 1147 animas

2142 1173 2196 1226 in
2234 1173 2433 1229 inferis
2459 1189 2589 1229 esse
2618 1173 2771 1229 infra
2800 1190 3034 1230 omnem
3064 1179 3277 1230 terram
3310 1181 3367 1231 et
3398 1194 3793 1249 mare,quem-

2139 1262 2453 1317 admodum
2501 1263 2582 1317 ait
2630 1262 2941 1319 Psalmista
2997 1282 3008 1318 :
3061 1287 3089 1314 ‹‹
3144 1266 3205 1318 In
3256 1267 3581 1322 tenebrosis
3626 1273 3683 1323 et
3728 1269 3788 1324 in

2139 1352 2351 1406 umbra
2380 1352 2586 1407 mortis
2618 1357 2673 1407 et
2702 1353 2758 1406 in
2795 1352 2922 1408 lacu
2956 1352 3156 1408 inﬁmo
3185 1356 3247 1421 ⁸⁷,
3276 1376 3304 1403 υ
3327 1365 3383 1410 et
3406 1361 3467 1410 ut
3496 1359 3652 1427 apud
3683 1359 3789 1414 Job

2139 1440 2426 1511 scriptum
2459 1445 2547 1496 est
2582 1458 2593 1495 :
2629 1464 2656 1491 «
2692 1442 2752 1495 In
2788 1445 2999 1496 terram
3034 1443 3403 1499 tenebrosam
3429 1449 3485 1499 et
3505 1445 3789 1518 caligino-

2139 1546 2288 1593 sam,
2314 1529 2371 1583 in
2404 1534 2621 1585 terram
2655 1530 3029 1586 tenebrarum
3062 1538 3432 1601 aeternarum,
3458 1534 3556 1589 ubi
3590 1535 3791 1592 nullus

2138 1618 2439 1689 splendor,
2470 1635 2575 1674 nec
2601 1619 2717 1674 vita
2756 1624 2844 1674 est
2896 1619 3233 1675 hominibus
3286 1622 3348 1675 ⁸⁸.
3399 1644 3427 1672 ››
3479 1623 3786 1681 Justorum

2137 1712 2333 1763 autem
2384 1709 2613 1776 animm,
2666 1713 2731 1763 ut
2761 1724 2830 1763 ex
2862 1709 3082 1764 latrone
3110 1708 3167 1763 in
3201 1727 3372 1766 eruce
3401 1712 3687 1768 discimus
3717 1716 3785 1779 3°,

2137 1798 2361 1853 suntin
2394 1798 2684 1870 paradiso.
2717 1798 2830 1853 Nec
2870 1799 3026 1853 enim
3081 1804 3315 1871 propter
3363 1801 3547 1858 solam
3598 1807 3790 1861 sancti

2136 1886 2382 1942 latronis
2429 1887 2684 1943 animam
2732 1887 2997 1942 Christus
3029 1889 3368 1959 paradisum
3402 1894 3649 1962 aperuit,
3684 1896 3787 1950 sed

2135 1976 2309 2031 etiam
2344 1980 2580 2049 propter
2609 1992 2813 2032 omnes
2846 1980 3185 2033 sanctorum
3218 1979 3464 2036 animas.

2208 2243 2433 2307 Qua-:s'r.
2465 2244 2575 2299 XX.
2618 2245 2764 2309 Quid
2814 2244 3036 2317 igitur?
3088 2247 3316 2303 Bonane
3359 2250 3511 2319 justi
3558 2266 3789 2324 recepe-

2136 2336 2294 2402 runt,
2328 2338 2383 2387 et
2417 2338 2747 2403 peceatores
2779 2333 3133 2406 supplicium
3162 2338 3185 2390 Ρ

2208 2420 2379 2476 Rssr.
2430 2420 2827 2492 Nequaquam.
2880 2422 2995 2476 Hoc
3038 2427 3234 2477 tamen
3266 2424 3543 2481 fruuntur
3572 2430 3786 2499 gaudio

2137 2513 2474 2564 sanctorum
2507 2511 2737 2574 animae,
2759 2527 2886 2581 quae
2919 2527 3052 2581 pars
3084 2517 3173 2566 est
3202 2512 3436 2569 illorum
3471 2516 3785 2587 felicitatis,

2138 2602 2202 2653 ut
2232 2598 2492 2666 tristitia,
2525 2615 2699 2669 quam
2734 2599 2952 2655 habent
2984 2605 3333 2671 peceatores,
3371 2621 3507 2676 pars
3537 2612 3627 2662 est
3654 2607 3787 2664 illo-

2138 2704 2267 2742 rum
2302 2687 2597 2759 supplieii.
2631 2688 3129 2750 Quemadmodum
3164 2692 3359 2763 itaque
3390 2711 3528 2749 suos
3567 2697 3787 2753 amicos

2138 2776 2384 2831 accersit
2431 2777 2785 2847 imperator,
2838 2782 2900 2832 ut
2949 2794 3149 2835 secum
3206 2783 3551 2851 prandeant,
3602 2786 3685 2841 sic
3733 2793 3791 2842 et

2139 2866 2446 2920 damnatos
2478 2870 2542 2920 ut
2573 2865 2914 2935 puniantur.
2959 2866 3045 2922 Illi
3103 2874 3297 2925 autem
3349 2872 3419 2925 ad
3471 2876 3787 2943 prandium

2137 2954 2326 3009 vocati
2378 2954 2648 3009 laetantur
2696 2961 2831 3009 ante
2881 2956 3118 3009 domum
3170 2958 3563 3030 imperatoris,
3606 2965 3790 3021 donee

2137 3043 2360 3100 venerit
2407 3044 2549 3098 bora
2581 3044 2830 3115 prandii.
2866 3046 3130 3100 Damnati
3162 3047 3218 3101 in
3253 3050 3519 3104 custodia
3556 3052 3793 3123 inclusi,

2140 3132 2201 3187 in
2249 3148 2494 3187 moerere
2551 3132 2791 3202 degunt,
2826 3148 3011 3203 usque
3041 3134 3179 3189 dum
3215 3137 3407 3191 veniat
3445 3139 3647 3209 judex.
3698 3142 3793 3199 Sic

2142 3222 2513 3278 sentiendum
2544 3226 2631 3276 est
2660 3222 2732 3276 de
2762 3223 3073 3278 animabus
3096 3225 3395 3295 justorum
3427 3232 3484 3284 et
3528 3236 3793 3302 peccato-

374 3315 595 3389 κριτής.
649 3312 808 3370 Οὕτω
852 3309 934 3366 δεῖ
978 3309 1170 3366 λοιπὸν
1228 3316 1367 3365 νοεῖν
1426 3310 1516 3366 καὶ
1573 3310 1662 3367 ἐπὶ
1710 3316 1817 3367 τῶν
1864 3312 2027 3367 ἐκεῖσε

2152 3328 2276 3367 rum
2312 3328 2439 3384 quae
2467 3315 2599 3367 ante
2630 3328 2738 3366 nos
2768 3310 2908 3368 illuc
2938 3314 3302 3370 dicesserint.

368 3407 461 3457 νῦν
495 3402 585 3479 ἀφ’
616 3402 776 3473 ἡμῶν
810 3394 1205 3475 προλαϐουσῶν
1250 3402 1466 3475 ψυχῶν,
1496 3400 1644 3476 λέγω
1688 3398 1754 3470 δὴ
1808 3398 2030 3457 δικαίων

360 3494 458 3546 καί
489 3489 854 3564 ἁμαρτωλῶν.

440 3580 641 3654 Ἐρώτ.
674 3585 775 3635 κα’.
811 3578 875 3635 Εἰ
927 3575 1018 3632 οὖν
1070 3574 1248 3640 οὐδεὶς
1298 3578 1413 3633 καθ’
1461 3576 1495 3632 ἃ
1541 3576 1784 3653 εἷ’ρηκας,
1826 3575 1948 3633 οὕτε
1978 3578 2029 3633 ἐν

364 3667 639 3745 βασιλείᾳ,
692 3665 815 3723 οὕτε
863 3666 914 3722 ἐν
964 3669 1152 3741 γεέννῃ
1204 3665 1545 3737 εἰσελήλυθε·
1596 3672 1715 3730 πῶς
1759 3668 1883 3741 περὶ
1932 3672 2028 3723 τοῦ

362 3757 635 3814 πλουσίου
665 3762 765 3812 τοῦ
796 3758 931 3812 κατὰ
971 3758 1063 3811 τὸν
1115 3758 1358 3833 Λάζαρον
1390 3756 1684 3831 ἀκούομεν,
1719 3756 1823 3827 ὅτι,
1858 3757 1908 3813 ἐν
1950 3756 2028 3830 τῷ

366 3847 494 3923 πυρὶ
542 3846 633 3901 καὶ
690 3845 946 3923 βασάνοις
998 3846 1285 3922 ὑπάρχων,
1334 3847 1472 3922 πρὸς
1520 3848 1612 3901 τὸν
1668 3842 1915 3923 Ἀϐραὰμ
1947 3845 2027 3902 δι-

376 3936 591 4013 ελέγετο
626 3957 640 4007 ;
883 3996 891 4007 ,

445 4025 632 4082 Ἀπόκ.
664 4027 725 4084 Ὁ
775 4023 981 4101 Κύριος
1029 4020 1421 4101 παραϐολικῶς
1471 4022 1575 4079 ὅλα
1623 4025 1689 4079 τά
1747 4027 1883 4080 κατὰ
1934 4027 2023 4081 τὸν

366 4115 613 4189 Λάζαρον
663 4114 753 4169 καὶ
804 4115 898 4168 τὸν
949 4113 1219 4169 πλούσιον
1265 4110 1501 4188 εἷ’ρηκεν,
1551 4112 1731 4185 ὥσπερ
1780 4114 1867 4168 καὶ
1900 4115 2024 4191 περὶ

363 4208 475 4258 τῶν
508 4201 633 4259 δέκα
674 4205 975 4281 παρθένων,
1005 4203 1094 4257 καὶ
1142 4207 1250 4257 τῶν
1304 4200 1515 4257 λοιπῶν
1560 4197 1914 4277 παραϐολῶν,
1948 4203 2025 4261 Οὐ

364 4293 469 4367 γάρ
521 4292 574 4348 ἐν
614 4295 899 4369 πράγματι
954 4293 1164 4369 γέγονεν
1194 4294 1229 4361 ἡ
1281 4296 1379 4345 τοῦ
1430 4292 1677 4363 Λαζάρου
1708 4286 2021 4367 παραϐολή·

362 4382 510 4437 Διότι
543 4383 652 4459 οὐχ
700 4384 901 4459 ὁρῶσιν
953 4383 1004 4437 οἱ
1055 4378 1377 4457 ἁμαρτωλοὶ
1430 4380 1482 4435 ἐν
1532 4380 1721 4456 γεέννῃ
1768 4380 1896 4443 τοὺς
1940 4378 2026 4436 δι-

356 4472 549 4533 καίους
605 4472 735 4534 τοὺς
799 4472 932 4544 μετὰ
990 4465 1239 4546 Ἀϐραάμ
1296 4465 1454 4531 ὄντας
1514 4469 1566 4524 ἐν
1620 4474 1690 4543 τῇ
1754 4470 2023 4545 βασιλείᾳ.

356 4562 369 4581 ,
505 4562 516 4580 ,
586 4556 613 4575 ,ρ
856 4560 866 4577 ,
1221 4558 1231 4577 ν
1564 4559 1577 4577 κ
1824 4558 1833 4578 ι
1974 4559 1986 4577 ,

375 4559 499 4617 Αλλ
550 4581 676 4614 ουτε
708 4558 765 4615 δὲ
797 4558 962 4615 παλιν
1018 4558 1363 4634 ἐπιγινωσκει
1410 4578 1494 4620 τις
1523 4579 1617 4613 τον
1660 4558 1895 4630 πλησιον
1928 4580 2023 4614 αυ-

356 4653 480 4719 τοῦ,
513 4648 685 4703 ἐκεῖσε
716 4648 768 4703 ἐν
799 4648 975 4703 σκότει
1011 4646 1296 4723 ὑπάρχων.

433 4738 629 4811 Ἐρώτ.
662 4732 767 4794 κδ’.
801 4742 926 4799 Πῶς
974 4741 1135 4791 τοῦτο
1170 4754 1183 4803 ;
1218 4736 1319 4791 Καὶ
1368 4736 1468 4813 γάρ
1519 4732 1751 4813 φοϐερὸς
1783 4738 1811 4792 6
1854 4737 2017 4814 λόγος

356 4829 450 4883 καὶ
482 4826 650 4898 ξένος,
685 4827 768 4882 ὅτι
802 4825 896 4881 οὐκ
930 4825 1359 4902 ἐπιγινώσκομεν
1393 4825 1683 4897 ἀλλήλους
1717 4827 1848 4897 ἐκεῖ,
1872 4826 2019 4883 ἀλλὰ

358 4918 686 4991 ἀγνώριστοι
721 4913 947 4993 ἀδελφοὶ
980 4912 1262 4990 ἀδελφοῖς,
1314 4914 1403 4968 καὶ
1452 4916 1675 4991 πατέρες
1729 4917 1891 4986 υἱοῖς,
1925 4916 2015 4970 καὶ

356 5005 515 5083 φίλοι
548 5004 734 5083 φίλοις
912 5007 1337 5078 καθεστήκαμεν.

428 5152 472 5186 ⁸⁷
505 5152 659 5208 Psal.
696 5168 940 5218 LXXXVII,
966 5152 1020 5206 7.
1097 5152 1140 5185 ⁸⁸
1170 5150 1303 5206 Job.
1334 5168 1393 5220 x,
1419 5152 1509 5207 22.
1588 5150 1632 5186 ⁸9
1664 5152 1804 5209 Luc.
1839 5169 1999 5222 xxm,
2030 5152 2120 5207 43.

435 5298 550 5371 (49(
581 5297 721 5369 Reg.
755 5298 809 5362 3,
842 5295 1193 5371 ἐπερώτημα.
1248 5295 1429 5371 Paulo
1481 5301 1611 5367 post
1643 5297 1783 5371 Reg.
1818 5301 1843 5353 1
1879 5306 1937 5356 et
1968 5302 2021 5370 3,

360 5366 696 5442 ἐπαναλὺσαῖ
725 5372 834 5422 τῶν
856 5366 1042 5442 Δἐκεῖσὲ.
1069 5388 1191 5421 τινα
1220 5368 1355 5442 πρὸς
1386 5366 1699 5442 ἡμᾶςζκαί.

436 5441 723 5523 (ἳοὶβοε.
755 5442 811 5505 2,
849 5439 1108 5523 βροτῶν,.
1135 5439 1272 5523 post
1300 5439 1512 5523 ψυχάς.
1558 5441 1698 5523 Reg.
1732 5442 2026 5523 2,‘adj_icit

358 5510 595 5604 hzeo,:0
645 5510 804 5604 ἁᾷιος
840 5510 1037 5604 Ηατήρ
1300 5510 1583 5604 Basili-:05
1633 5510 1709 5604 εἷς
1768 5511 1857 5566 τὸν
1894 5510 2022 5604 ἰξνερὶ

357 5579 613 5656 νηστείας
642 5579 808 5656 αὑτοῦ
840 5579 1027 5656 λόγον,
1053 5579 1181 5656 οὗξὴ
1217 5583 1387 5656 ἀρχήο
1413 5608 1441 5636 ‹‹
1472 5580 1801 5656 Σαλπίσατε,
1828 5610 1855 5637 ››
1880 5579 2023 5644 οὕτω

401 5651 547 5729 ῄσίν·
589 5676 609 5729 ς
636 5655 759 5729 Οὑχ
781 5651 1020 5729 ὁρᾷςξτὸν
1062 5651 1331 5729 Λάζαρον,
1353 5651 1473 5729 πῶς
1515 5651 1603 5708 διὰ
1632 5656 1883 5729 νηστείας
1916 5662 2023 5716 εἶσ-

358 5721 529 5803 ἣλθεν
564 5725 638 5787 εἷς
667 5721 759 5781 τδῦ
788 5721 1112 5803 παράδεισον
1136 5721 1223 5794 ςῖ
1244 5721 1419 5784 Porro
1452 5727 1615 5783 locus
1647 5721 1743 5785 hic
1773 5731 2025 5791 habetur

2211 3580 2434 3643 Qums'r.
2467 3582 2619 3634 XXI.
2656 3578 2714 3635 Si
2748 3579 2928 3651 igitur
2957 3596 3150 3649 nemo,
3198 3587 3371 3655 prout
3419 3586 3642 3658 dixisti,
3692 3605 3794 3645 ne-

2138 3686 2251 3739 que
2281 3668 2339 3724 in
2374 3684 2621 3740 regnum
2656 3684 2845 3740 neque
2875 3668 2932 3723 in
2966 3670 3291 3741 gehennam
3314 3673 3572 3731 introivit
3608 3694 3620 3731 :
3654 3678 3793 3747 quid

2139 3758 2283 3813 illud
2315 3774 2452 3830 ergo
2485 3762 2574 3812 est
2605 3758 2757 3829 quod
2794 3759 2866 3813 de
2897 3759 3073 3815 divite
3105 3765 3162 3815 et
3195 3762 3266 3816 de
3315 3762 3529 3819 Lazaro
3573 3766 3797 3821 audivi-

2138 3865 2292 3914 mus,
2345 3848 2512 3902 illum
2567 3862 2775 3918 nempe
2826 3846 3064 3904 divitem
3116 3850 3173 3904 in
3227 3852 3359 3923 igne
3403 3859 3459 3907 et
3489 3856 3798 3912 tormentis

2137 3936 2517 3992 exsistentem
2550 3934 2708 4007 loqui
2743 3936 2812 3991 ad
2846 3936 3246 3994 Abrahamum
3272 3940 3299 3995 ‘?

2208 4024 2380 4079 Rssr.
2416 4025 2789 4095 Quaecunque
2818 4024 3059 4081 divitem
3091 4033 3148 4082 et
3180 4033 3456 4085 Lazarum
3505 4037 3793 4103 spectant,

2136 4112 2470 4183 parabolice
2516 4112 2751 4168 locutus
2798 4118 2887 4167 est
2918 4112 3226 4185 Dominus,
3258 4124 3319 4173 ut
3350 4125 3405 4174 et
3436 4137 3561 4190 qua:
3594 4122 3664 4175 de
3694 4122 3793 4176 de-

2137 4217 2262 4256 cem
2331 4200 2661 4272 virginibus
2710 4206 2768 4256 et
2813 4202 3036 4257 creteris
3101 4207 3396 4275 parabolis
3464 4210 3629 4265 dixit.
3679 4210 3795 4267 Nec

2136 4289 2292 4345 enim
2327 4290 2520 4361 reipsa
2563 4288 2808 4361 contigit
2858 4290 3057 4346 Lazari
3109 4295 3404 4363 parabola.
3460 4300 3685 4370 Quippe
3733 4302 3791 4355 in

2136 4377 2405 4451 gehenna
2454 4383 2786 4449 peccatores
2834 4395 2949 4433 non
3002 4380 3204 4435 vident
3243 4383 3462 4452 justos,
3516 4388 3614 4457 qui
3659 4405 3791 4443 cum

2136 4467 2473 4523 Abrahamo
2502 4466 2561 4521 in
2594 4481 2772 4538 regno
2800 4467 3110 4523 exsistunt.
3147 4470 3264 4525 [mo
3320 4489 3423 4527 nec
3473 4476 3793 4546 quisquam

2136 4556 2257 4613 illic
2289 4558 2347 4611 in
2380 4555 2635 4612 tenebris
2665 4556 2977 4622 exsistens,
3008 4558 3339 4629 proximum
3382 4578 3554 4618 suum
3607 4580 3791 4637 agno-

2052 4661 2100 4725 D
2135 4647 2264 4702 scit.

2202 4736 2431 4801 QUEST.
2463 4734 2634 4789 XXII.
2663 4735 2768 4800 Qui
2801 4735 2859 4789 id
2891 4735 3032 4791 ﬁat?
3062 4738 3341 4795 Terribile
3380 4743 3536 4796 enim
3589 4743 3794 4799 admo-

2129 4828 2273 4881 dum
2323 4829 2379 4879 et
2428 4823 2644 4879 mirum
2675 4828 2766 4879 est
2796 4826 2951 4895 quod
2984 4826 3092 4893 ais,
3126 4828 3351 4885 scilicet
3386 4830 3504 4885 illic
3539 4848 3645 4887 nos
3676 4848 3792 4887 non

2129 4914 2376 4970 invicem
2412 4928 2781 4984 cognoscere,
2815 4915 2915 4968 sed
2952 4916 3157 4972 fratres
3188 4918 3487 4987 fratribus,
3524 4920 3665 4976 filiis
3696 4938 3801 4993 pa-

2127 5011 2266 5073 tres,
2301 5008 2358 5057 et
2388 5002 2611 5057 amicos
2644 5002 2851 5056 amicis
2882 5020 3011 5059 esse
3043 5006 3294 5075 ignotos.

2134 5296 2287 5367 apud
2325 5293 2726 5367 Basiliensem.

2206 5368 2316 5459 (21‘)
2352 5366 2497 5451 Piegz
2542 5365 2592 5451 ί,
2643 5364 2698 5459 3',
2729 5365 2916 5451 Ὅμξως
2965 5361 3021 5417 δὲ
3072 5365 3274 5459 αὕτηνῂ
3310 5370 3562 5459 χαρᾶηῆν
3598 5390 3787 5446 εχουσι

2133 5432 2223 5490 νῦν
2249 5432 2308 5490 αἵ
2333 5432 2643 5526 τῶγνὰγίωχ
2666 5432 2861 5521 ψυχαὶ,
2901 5438 3096 5526 μερικὴ
3131 5432 3431 5503 ἀπόλαῦσίς
3461 5432 3622 5498 ἐστιν.

2210 5512 2316 5526 ,ΑΜ
2353 5510 2390 5526 η
3076 5518 3105 5526 ..
3165 5512 3178 5526 ι
3272 5511 3296 5526 ν
3399 5516 3412 5526 .
3528 5515 3588 5526 ..

2205 5501 3180 5582 (22)Ε‹1ἰιίζκαὶ’ὥετιερόὗιι,5θᾱ
3236 5511 3326 5565 οὖν
3382 5501 3541 5569 deest
3574 5515 3633 5571 in
3664 5531 3787 5573 ma.

2132 5579 2293 5636 xima
2324 5586 2488 5651 parte
2520 5579 3082 5650 manuscriptorum.

2206 5670 2317 5742 (23)
2344 5667 2645 5751 Palatinus
2668 5666 2942 5751 "primus,
2991 5664 3217 5743 ἀδελφοὶ
3273 5670 3546 5751 ἀδελφῶν,
3574 5673 3665 5728 καὶ
3692 5695 3796 5729 πα.

2132 5735 2470 5819 τὲῥεςύἱῶν,
2500 5738 2589 5791 καὶ
2622 5735 2775 5815 φίλοι
2807 5735 3003 5817 φίλων.
