4132 6364
385 401 496 461 6H

460 535 631 590 Esse.
669 533 900 606 Agnitio
930 550 996 588 ex
1027 532 1320 604 corporeis
1350 531 1537 604 signis
1568 532 1717 587 solet
1768 530 1912 586 ﬁeri.
1962 533 2033 584 At
2061 530 2115 596 Α

390 624 600 680 animae
651 622 1003 692 incorporea;
1051 621 1304 677 invicem
1353 625 1493 677 sunt
1521 620 1762 677 omnino
1793 618 2039 686 similes,

1550 397 1614 457 S.
1662 393 2185 458 A'I‘HANASIUS.
2217 430 2293 439 —
2325 396 2632 459 SPURIA.

2231 528 2401 583 ’Λπόκ
2433 571 2444 583 .
2490 529 2551 585 Ὀ
2613 526 3012 603 ἐπιγνωρισμὸς
3061 525 3121 582 ἐκ
3176 531 3501 599 σωματικῶν
3559 528 3802 601 σημείων

2149 616 2387 692 γίνεσθαι
2417 618 2638 694 πέφυκε,
2690 616 2758 673 Ai
2806 613 2864 671 δὲ
2908 616 3191 688 ἀσώματοι
3238 616 3411 692 ψυχαὶ
3461 615 3650 691 ὅμοιαι
3699 618 3802 675 ἀλ-

386 730 502 769 non
533 728 706 768 secus
737 728 803 767 ac
833 710 1150 765 multitudo
1196 710 1394 781 aliqua
1444 709 1935 765 nitidissimarum
1982 724 2020 764 e1

2150 703 2354 776 λήλαις
2382 707 2519 761 κατά
2568 706 2743 761 πάντα
2788 704 2991 781 τρόπον
3042 707 3155 778 (24)
3203 704 3564 782 ὑπάρχουσιν,
3615 701 3799 783 ὥσπερ

385 800 669 858 similium
725 799 1131 857 columbarum
1185 804 1284 854 aut
1334 816 1533 871 apum,
1583 814 1836 871 quarum
1876 795 2020 853 nulli

2148 793 2237 849 ἐπὶ
2285 794 2533 867 πλήθους
2581 798 2743 851 τινῶν
2790 791 3028 849 ἀσπίδων
3074 793 3163 849 καὶ
3213 793 3422 867 ὁμοίων
3470 800 3803 873 περιστερῶν

383 891 617 947 differat
643 889 730 946 vel
761 890 1041 962 gravitate
1069 887 1155 943 vel
1189 888 1616 958 magnitudine,
1649 887 1750 969 sed
1800 903 1928 958 quae
1976 885 2020 941 ir

2146 885 2181 954 ἢ
2218 884 2510 958 μελισσῶν,
2556 883 2618 939 οὐ
2667 881 3037 961 διαφερουσῶν
3091 882 3187 956 μία
3230 890 3331 954 τῆς
3372 889 3523 958 μιᾶς,
3555 881 3679 942 οὔτε
3708 906 3797 941 σε-

381 981 656 1037 omnibus
705 980 961 1051 aequales
1010 980 1131 1033 sint
1174 978 1444 1033 invicem.
1496 977 1674 1031 Porro
1722 976 1929 1046 loquor
1963 976 2037 1031 de

2151 973 2401 1048 μνότητι,
2430 971 2554 1029 οὔτε
2585 971 2994 1048 μεγαλειότητι,
3023 972 3171 1028 ἀλλὰ
3217 974 3352 1029 κατά
3398 974 3571 1029 πάντα
3599 974 3651 1029 ἐν
3680 973 3798 1029 ἶσό-

380 1068 677 1125 damnatis
705 1073 1076 1140 peccatorum
1111 1066 1424 1122 animabus
1451 1067 1605 1137 apud
1632 1065 2020 1136 inferos,ipsal

2143 1085 2267 1134 τητι
2300 1060 2576 1133 ἀλλήλαις
2609 1059 2815 1124 οὔσαις.
2847 1067 3016 1117 Τοῦτο
3063 1060 3123 1118 δὲ
3171 1061 3313 1138 λέγω
3362 1062 3452 1118 ἰπὶ
3476 1067 3583 1119 τῶν
3629 1063 3683 1118 ἂν
3715 1069 3801 1136 τῷ

381 1175 593 1229 nempe
626 1157 851 1229 seipsas
882 1172 998 1212 non
1029 1172 1397 1228 cognoscere.
1451 1156 1595 1211 Nam
1644 1156 1797 1212 222
1839 1154 2034 1225 justo-

379 1263 510 1302 rum
562 1246 879 1301 animabus
920 1245 975 1300 id
1009 1245 1230 1300 bonum
1262 1244 1552 1300 concessit
1586 1245 1757 1311 Deus,
1792 1248 1856 1298 ut
1884 1241 2031 1299 invi-

378 1353 504 1392 cem
537 1352 599 1392 se
630 1342 928 1407 agnoscat.

448 1516 688 1581 Quans'r.
741 1513 932 1569 XXIII.
980 1512 1198 1569 Demus
1246 1512 1453 1581 igitur,
1495 1512 1668 1581 juxta
1717 1510 1872 1583 quod
1919 1508 2028 1578 ais,

372 1605 603 1659 animas
635 1619 789 1657 nunc
813 1602 1059 1657 invicem
1083 1618 1146 1657 se
1168 1617 1280 1656 non
1304 1607 1741 1673 cognoscerezat
1759 1598 2029 1671 nunquid

372 1709 480 1749 nec
510 1693 570 1748 in
603 1692 1025 1747 resurrectione
1057 1694 1263 1747 mutuo
1294 1707 1356 1746 se
1385 1694 1741 1761 cognoscent
1769 1692 2032 1760 peccato-

2145 1149 2246 1227 ᾅδῃ
2299 1150 2789 1208 καταδικασθεισῶν
2847 1154 3043 1227 ψυχῶν
3099 1156 3206 1207 τῶν
3265 1150 3610 1228 ἁμαρτωλῶν
3636 1196 3652 1223 ,
3709 1153 3797 1208 δτι

2144 1243 2332 1304 ἑαυτὰς
2385 1242 2484 1296 οὐκ
2540 1241 2959 1317 ἐπιγινώσκωσι
2991 1284 3003 1297 .
3060 1246 3188 1304 Ταῖς
3243 1241 3343 1316 γὰρ
3401 1245 3510 1297 τῶν
3570 1238 3796 1298 δικαίων

2141 1334 2349 1406 ψυχαῖς
2377 1329 2468 1385 καὶ
2492 1328 2655 1385 τοῦτο
2686 1331 2714 1385 ὁ
2743 1331 2873 1394 Θεὸς
2902 1331 2967 1385 τὸ
2995 1329 3216 1406 ἀγαθὸν,
3249 1328 3394 1407 λέγω
3439 1327 3507 1400 δὴ
3550 1331 3642 1386 τὸν
3673 1330 3794 1387 ἐπι-

2140 1420 2476 1494 γνωρισμὸν,
2509 1416 2844 1495 ἐδωρήσατο.

2209 1509 2403 1582 Ἐρώτ.
2434 1510 2539 1583 κγ’.
2592 1505 2838 1572 Δεδόσθω
2886 1508 3063 1563 τοίνυν
3274 1508 3411 1564 κατὰ
3437 1509 3529 1564 τὸν
3556 1509 3645 1564 σὸν
3695 1507 3794 1565 λό-

2136 1619 2255 1672 γον,
2287 1599 2342 1652 αἱ
2371 1596 2545 1673 ψυχαὶ
2599 1594 2851 1668 ἀλλήλας
2906 1597 3005 1652 οὐκ
3053 1596 3468 1673 ὲπιγινώσκουσι
3517 1601 3634 1652 νῦν·
3675 1599 3796 1654 εἶτα

2139 1689 2240 1761 ἆρα
2271 1683 2395 1741 οὕτε
2423 1684 2475 1741 ἰν
2521 1690 2590 1759 τῇ
2640 1684 2919 1741 ἀναστάσει
2968 1685 3363 1760 ἰπιγνώσονται
3417 1685 3702 1757 ἀλλήλους
3736 1689 3792 1742 οἱ

373 1798 488 1847 res,
539 1782 639 1853 qui
687 1796 898 1852 nempe
945 1796 1015 1834 ex
1061 1796 1180 1835 una
1228 1780 1488 1851 regione,
1527 1779 1702 1835 domo
1731 1783 1789 1834 et
1817 1794 2020 1847 genere

2136 1774 2480 1853 ἁμαρτωλοὶ,
2513 1773 2661 1850 λέγω
2692 1771 2750 1829 δὲ
2779 1775 2832 1829 οἱ
2881 1773 2941 1830 ἐκ
2991 1781 3116 1849 μιᾶς
3159 1776 3348 1851 χώρας
3375 1776 3466 1831 καὶ
3510 1774 3665 1832 οἷ’κου
3693 1776 3791 1832 καὶ

373 1869 713 1926 exsisterint
729 1868 757 1924 τ

446 1959 619 2015 Resp.
653 1958 851 2029 Neque
882 1958 942 2013 in
974 1956 1420 2013 resurrectione.

444 2050 672 2114 Qums'r.
707 2048 908 2103 XXIV.
939 2046 1172 2114 Quare?

443 2137 616 2193 Βεερ.
649 2138 798 2201 Quia
828 2138 1049 2208 figuris,
1082 2135 1275 2207 signa,
1308 2140 1367 2190 et
1398 2136 1733 2191 affectiones
1762 2151 1893 2206 quae
1924 2150 2026 2190 no-

369 2225 510 2283 stris
538 2225 884 2298 corporibus
912 2242 981 2280 ex
1010 2225 1381 2296 corruptione
1400 2230 1458 2280 et
1474 2226 1700 2280 satione
1728 2225 2024 2293 accidunt,

368 2333 472 2388 per
502 2332 646 2387 quas
676 2332 783 2371 nos
814 2315 1063 2370 invicem
1096 2314 1189 2369 hic
1235 2314 1666 2386 cognoscimus,
1718 2313 1777 2369 in
1826 2330 2025 2369 resur-

367 2404 624 2461 rectione
672 2409 1038 2460 mortuorum
1089 2420 1222 2459 cum
1276 2403 1498 2459 satione
1545 2406 1604 2459 et
1651 2404 2024 2475 corruptione

367 2494 777 2550 destruuntur.
830 2493 898 2548 Et
963 2493 1463 2565 quemadmodum
1532 2496 1684 2548 Deus
1729 2494 1802 2547 ab
1850 2491 2022 2548 initio

369 2599 553 2638 unum
621 2582 759 2637 facit
824 2581 1164 2649 hominem;
1216 2582 1301 2636 sic
1349 2587 1406 2637 et
1452 2581 1513 2636 in
1582 2580 2025 2653 regeneratione

374 2686 605 2737 omnes,
647 2668 807 2725 velut
859 2686 1013 2725 unus
1072 2668 1269 2739 homo,
1321 2685 1750 2742 resurgemus:
1806 2669 1862 2724 id
1912 2672 2020 2739 est,

368 2761 560 2818 omnis
608 2761 803 2833 imago
828 2758 1085 2817 hominis
1113 2759 1327 2815 similis
1359 2762 1469 2816 erit
1498 2759 1765 2831 imagini,
1798 2760 2020 2827 formae,

368 2849 796 2923 magnitudinis
827 2857 887 2905 et
915 2849 1116 2921 ﬁgurae
1167 2849 1395 2905 Adami.
1446 2848 1610 2905 Unde
1652 2850 1711 2904 in
1759 2863 2020 2905 resurre-

364 2940 556 2996 ctione
588 2956 703 2995 non
736 2943 825 2995 est
858 2956 1072 3011 parvus
1102 2944 1206 2994 aut
1236 2938 1690 3011 magnus,niger
1712 2939 1797 2994 vel
1830 2937 2018 3005 albus,

363 3028 548 3084 ﬂavus
579 3027 669 3084 vel
707 3028 898 3098 rufus,
932 3028 1121 3083 simus
1152 3032 1254 3083 aut
1281 3027 1507 3083 adunco
1540 3043 1818 3095 naso,nec
1848 3027 2020 3083 varies

364 3118 586 3190 ﬁguras,
620 3118 819 3173 forma:
858 3123 917 3173 et
967 3116 1213 3172 colores.
1264 3116 1394 3172 Haec
1436 3117 1593 3170 enim
1647 3114 1845 3171 omnia
1891 3132 2019 3188 quas

360 3223 430 3262 ex
473 3207 698 3263 satione
743 3211 800 3262 et
832 3204 1207 3277 corruptione
1239 3205 1609 3277 proveniunt,
1642 3204 2022 3261 destruentur

2057 1899 2104 1965 D
2134 1867 2323 1942 γένους
2358 1865 2693 1965 ὑπάρχοντες
2727 1883 2742 1933 ;

2208 1956 2403 2016 Ἀπόκ.
2443 1954 2581 2012 Οὔτε
2610 1953 2663 2009 ἦν
2693 1958 2761 2029 τῇ
2792 1952 3095 2012 ἀναστάσει.

2210 2046 2402 2122 Ἑρώτ.
2436 2043 2534 2101 κδ’.
2568 2044 2731 2106 Τίνος
2763 2043 2925 2120 χάριν
2960 2063 2975 2113 ;

2210 2134 2399 2192 Ἀπόκ.
2434 2136 2662 2209 ’Ὁτιπερ
2710 2134 2921 2189 ἅπαντα
2967 2134 3036 2188 τὰ
3086 2132 3148 2189 ἐκ
3193 2140 3397 2210 φθορᾶς
3444 2134 3536 2190 καὶ
3581 2155 3787 2212 σπορας

2136 2220 2507 2298 ἐπιωμόάντα
2561 2229 2679 2286 τοῖς
2737 2223 3027 2297 ἡμετέροις
3084 2224 3298 2296 σώμασι
3370 2226 3633 2299 σχήματα
3694 2225 3787 2281 καὶ

2135 2320 2358 2388 σημεῖα,
2390 2314 2480 2369 καὶ
2512 2314 2825 2386 παθήματα,
2878 2310 2948 2368 δι’
2992 2313 3065 2367 ὧν
3122 2310 3406 2383 ἀλλήλους
3436 2312 3788 2389 ἐπιγινώσκο-

2136 2425 2231 2476 μεν
2266 2405 2380 2476 (26)
2423 2400 2551 2473 ὦδε,
2601 2402 2654 2457 ἐν
2704 2405 2773 2477 τῇ
2824 2401 3105 2458 ἀναστάσει
3153 2406 3260 2457 τῶν
3316 2406 3520 2479 νεκρῶν
3568 2403 3661 2458 σὺν
3713 2406 3783 2479 τῇ

2133 2498 2310 2568 σπορᾷ
2364 2492 2454 2547 καὶ
2510 2497 2686 2570 φθορᾷ
2731 2489 3143 2568 καταργοῦνται.
3204 2492 3303 2545 Καὶ
3349 2485 3533 2569 ὥσπερ
3568 2491 3659 2548 ἀπ’
3688 2492 3784 2570 ἀρα

2132 2588 2241 2658 χῆς
2273 2581 2452 2642 ὁΘεὸς
2478 2577 2571 2636 ἕνα
2621 2581 2904 2655 ἀνθρωπον
2950 2578 3228 2650 ἐποίησεν,
3276 2579 3418 2636 οὕτω
3476 2582 3568 2636 καὶ
3613 2580 3666 2636 ἐν
3712 2587 3781 2658 τῇ

2130 2669 2515 2747 παλιγγενεσία
2565 2670 2761 2732 πάντες
2838 2670 2911 2732 ὡς
2989 2669 3063 2731 είς
3144 2667 3430 2745 ἄνθρωπος
3499 2668 3781 2728 ἐπανιστά-

2134 2772 2289 2835 μεθα·
2321 2761 2564 2815 τουτέστι
2607 2764 2751 2815 πᾶσα
2799 2759 3090 2833 ἀνθρώπου
3138 2757 3296 2813 εἲκὼν
3346 2758 3514 2833 ὁμοία
3554 2767 3653 2830 τῆς
3683 2766 3781 2817 τοῦ

2127 2847 2312 2922 Ἀδὰμ
2358 2848 2567 2912 εἶκόνος
2616 2847 2705 2903 καὶ
2745 2846 3017 2917 πλάσεως,
3065 2846 3155 2903 καὶ
3207 2846 3469 2923 μεγεθους
3515 2848 3602 2903 καί
3633 2851 3771 2923 cxx-4-

2133 2959 2323 3011 ματος.
2357 2939 2449 2993 Διὸ
2480 2937 2579 2993 οὐκ
2607 2933 2747 2992 ἔστιν
2781 2934 2833 2991 ἐν
2878 2939 2947 3009 τῇ
2997 2936 3275 2991 ἀναστάσει
3326 2933 3476 3013 ἄρσεν
3523 2936 3609 2990 καί
3654 2939 3768 3009 (27)

2129 3027 2291 3097 θῆλυ,
2323 3024 2448 3081 οὐδὲ
2478 3024 2735 3097 ξανθότης
2781 3024 2873 3079 καὶ
2924 3025 3111 3100 μὲγας,
3147 3022 3274 3080 οὐδὲ
3325 3021 3486 3098 μέλας
3523 3024 3614 3079 καὶ
3647 3023 3774 3080 λευ-

2127 3118 2244 3189 κὸς,
2296 3113 2420 3171 οὐδὲ
2468 3114 2726 3186 ξανθότης
2770 3114 2861 3170 καὶ
2913 3113 3214 3190 πυρῥότης,
3246 3115 3280 3183 ἢ
3322 3112 3550 3187 σιμότης
3578 3114 3616 3184 ἢ
3646 3133 3778 3190 γρυ-

2128 3206 2322 3277 πότης,
2384 3203 2508 3261 οὐδὲ
2566 3201 2801 3283 διάφορα
2856 3205 3136 3280 σχήματα,
3195 3203 3285 3258 καὶ
3343 3202 3630 3280 πρόσωπα,
3690 3203 3780 3257 καὶ

361 3295 538 3352 simul
571 3311 704 3352 cum
739 3295 1135 3366 corruptione.
1162 3293 1467 3349 Enimvero
1494 3293 1789 3365 quomodo
1821 3298 2020 3365 posset

2134 3297 2421 3373 χρώματα,
2481 3294 2571 3350 καὶ
2618 3295 2917 3367 παθήματα
2953 3337 2966 3361 ,
3024 3293 3113 3347 καὶ
3171 3293 3505 3366 σκηνώματα
3539 3337 3550 3348 .
3606 3297 3781 3347 Ταῦτα

362 3401 679 3456 agnoscere
711 3390 876 3456 pater
906 3382 1207 3456 proprium
1239 3382 1451 3450 ﬁliuni,
1484 3384 1582 3456 qui
1624 3382 1819 3438 infans
1871 3401 2019 3439 mor-

362 3480 507 3530 tuus
533 3473 727 3541 fuerit,
760 3471 1000 3545 triginta
1023 3474 1149 3543 jam
1202 3488 1491 3527 annorum
1539 3470 1836 3528 hominem
1889 3489 2018 3545 per-

364 3563 579 3619 fectum
628 3567 1052 3633 resurgentem,
1105 3561 1604 3633 quemadmodum
1652 3568 1708 3617 et
1751 3562 2017 3619 Christus

360 3652 606 3726 triginta
635 3668 822 3707 annos
851 3655 1026 3706 natus
1056 3650 1392 3722 baptizatus
1420 3655 1510 3706 est
1536 3654 1559 3705 ?
1584 3653 1884 3718 Quomodo
1927 3653 2019 3708 di-

360 3741 567 3814 gnosci
599 3740 785 3813 possit
813 3739 1092 3812 Ethiops,
1124 3740 1222 3811 qui
1256 3738 1426 3796 albus
1459 3746 1724 3813 resurget
1756 3758 1768 3795 :
1802 3740 1886 3797 vel
1912 3741 2015 3814 qui

362 3829 601 3886 saucius
630 3829 861 3896 obierit,
883 3845 1064 3884 sanus
1096 3833 1451 3901 resurgens?
1480 3830 1640 3894 Quod
1675 3830 1723 3886 si
1757 3829 1878 3887 haec
1906 3829 2016 3886 tibi

361 3919 629 3974 videntur
650 3919 740 3973 vix
757 3916 1222 3985 credibilia,audi
1246 3917 1558 3974 Dominum
1575 3919 1644 3974 ad
1661 3919 2015 3976 Sadduczeos

360 4009 648 4064 aientem:
679 4032 699 4056 ι
738 4007 799 4062 In
833 4006 1257 4063 resurrectione
1288 4013 1656 4064 mortuorum
1690 4025 1878 4080 neque
1909 4026 2018 4065 nu-

359 4096 502 4153 bent
545 4113 736 4168 neque
780 4096 1070 4152 nubenlur
1103 4111 1115 4152 :
1149 4096 1249 4152 sed
1279 4100 1453 4152 erunt
1481 4098 1634 4154 sicut
1663 4097 1857 4171 angeli
1883 4098 1946 4156 9°.
1981 4121 2012 4151 ››

361 4186 542 4257 Igitur
589 4187 1088 4257 quemadmodum
1138 4203 1253 4241 una
1305 4189 1397 4242 est
1445 4186 1670 4259 species
1717 4193 1776 4242 et
1825 4187 2016 4261 figura

358 4273 698 4346 angelorum
755 4291 770 4330 :
821 4274 903 4329 ita
955 4274 1109 4331 idem
1162 4278 1374 4331 nostrae
1408 4280 1629 4331 natura:
1661 4277 1716 4331 in
1752 4293 2012 4334 resurre-

357 4365 549 4419 ctione
580 4380 679 4435 per
708 4363 1211 4420 immortalitatem
1261 4364 1528 4420 Iuturum
1580 4365 1889 4421 credimus.
1944 4366 2015 4422 Et

356 4453 860 4524 quemadmodum
894 4452 953 4507 in
987 4453 1280 4508 frumento
1311 4453 1534 4525 spicam
1568 4454 1703 4509 fecit
1741 4458 1891 4511 Deus
1938 4455 2011 4510 ab

356 4541 545 4611 initio,
596 4546 653 4597 et
700 4557 769 4597 ex
816 4541 980 4613 spica
1029 4557 1280 4613 granum
1334 4542 1570 4613 prodiit,
1615 4543 1767 4613 quod
1801 4544 2012 4600 deinde

2127 3387 2228 3462 γὰρ
2260 3385 2433 3440 πάντα
2481 3383 2589 3439 ἀπὸ
2637 3388 2841 3455 σπορᾶς
2891 3381 2981 3436 καὶ
3024 3387 3229 3459 φθορᾶς
3279 3381 3543 3457 γινόμενα
3590 3380 3776 3455 σὺντῇ

2128 3480 2303 3553 φθορᾷ
2357 3477 2747 3549 καταργοῦνται
2798 3474 2924 3543 (28).
2977 3471 3080 3526 Καὶ
3133 3475 3249 3532 πῶς
3298 3469 3493 3525 λοιπὺν
3546 3470 3779 3546 ἐπιγνώ-

2128 3584 2295 3633 σεται,
2328 3562 2445 3617 εἶπέ
2479 3583 2594 3635 μοι,
2628 3560 2808 3635 πατὴρ
2849 3560 2913 3614 τὸ
2966 3556 3101 3615 ἴδιον
3150 3558 3330 3614 τέκνον
3356 3560 3554 3629 νήπιον
3586 3558 3776 3614 τελε)-

2124 3658 2316 3723 τῆσαν,
2368 3652 2460 3706 καὶ
2506 3655 2892 3725 τριακονταετῆ
2937 3646 3146 3704 τέλειον
3202 3647 3491 3723 ἄνθρωπον
3540 3650 3655 3721 (29)
3683 3650 3775 3703 ἀν-

2128 3742 2435 3814 ιστάμενον,
2482 3740 2661 3804 καθὼς
2711 3738 2801 3793 καὶ
2847 3739 2875 3793 ὁ
2925 3739 3154 3814 Χριστὸς
3200 3739 3617 3812 τριακονταετής
3647 3732 3772 3792 ἐϐα-

2125 3830 2321 3901 πτίσθη
2354 3848 2367 3899 ;
2400 3834 2466 3884 ‘Il
2524 3833 2645 3890 πῶς
2702 3828 3068 3902 γνωσθήσεται
3129 3825 3517 3897 ὁτελευτήσας
3582 3825 3785 3900 Δῗθίοψ

2125 3916 2320 3981 λευκὸς
2371 3917 2749 3990 ἀνιστάμενος·
2809 3914 2844 3984 ἢ
2907 3916 2936 3969 ὁ
2994 3914 3278 3991 ἀποθανὼν
3338 3910 3779 3987 λελωϐημένος,

2126 4008 2281 4084 ὑγιὴς
2327 4008 2683 4080 ἀνιστάμενος
2722 4025 2735 4076 ;
2768 4004 2833 4059 Ei
2888 4002 2945 4059 δὲ
2994 4001 3261 4059 δύσπιστά
3309 4025 3392 4059 σοι
3439 4008 3607 4060 ταῦτα
3654 4003 3778 4082 φαί-

2121 4118 2321 4167 νονται,
2377 4095 2605 4152 ἄκουσον
2654 4098 2751 4149 τοῦ
2804 4092 3000 4169 Κυρίου
3030 4093 3169 4169 πρὸς
3216 4091 3345 4155 τοὺς
3378 4090 3780 4154 Σαδδουκαίους

2124 4186 2406 4262 λέγοντος,
2456 4184 2540 4241 ὅτι
2572 4209 2599 4236 ‹‹
2655 4186 2740 4239 Ἐν
2789 4186 2858 4256 τῇ
2905 4182 3189 4237 ἀναστάσει
3238 4186 3347 4236 τῶν
3395 4187 3599 4258 νεκρῶν
3655 4181 3779 4237 οὕτε

2119 4280 2407 4351 γαμοῦσιν,
2441 4270 2564 4329 οὔτε
2612 4272 2934 4349 γαμίζονται
2983 4274 3117 4344 (30)·
3149 4269 3278 4327 ἀλλ’
3322 4269 3533 4327 ἔσονται
3565 4272 3642 4334 ὡς
3675 4272 3777 4346 ἂγ-

2118 4364 2292 4441 γελοι.
2329 4390 2351 4418 ι
2388 4362 2597 4421 Οὐκοῦν
2628 4360 2809 4435 ὥσπερ
2841 4362 2893 4416 οἱ
2926 4359 3147 4436 ἄγγελοι
3183 4366 3309 4433 μιᾶς
3341 4357 3482 4422 ἰδέας
3512 4360 3601 4415 καὶ
3639 4362 3779 4435 σχή-

2125 4474 2292 4527 ματος
2352 4452 2688 4529 ὑπάρχουσιν
2721 4470 2733 4483 ·
2797 4449 2944 4505 οὕτω
3000 4448 3324 4523 πιστεύομεν
3379 4449 3469 4505 καὶ
3525 4448 3614 4505 ἰπὶ
3670 4456 3773 4519 τῆς

2121 4543 2388 4616 ἡμετέρας
2418 4540 2626 4619 φύσεως
2660 4538 2713 4595 ἐν
2743 4543 2812 4614 τῇ
2863 4538 3140 4595 ἀναστάσει
3188 4536 3279 4594 διὰ
3323 4545 3423 4609 τῆς
3471 4538 3772 4617 ἀφθαρσίας

357 4635 553 4686 satum
588 4647 797 4685 rursus
826 4630 1117 4701 germinat
1146 4630 1311 4702 spica
1345 4647 1357 4686 :
1393 4630 1478 4686 sic
1509 4636 1569 4687 et
1598 4630 1774 4686 homo
1823 4634 2012 4689 Iactus

2134 4632 2317 4687 λοιπὸν
2372 4629 2632 4707 γίνεσθαι.
2686 4629 2785 4684 Καὶ
2843 4624 3025 4705 ὥσπερ
3082 4627 3170 4684 ἐπὶ
3222 4632 3320 4684 τοῦ
3367 4628 3519 4684 σίτου
3567 4634 3771 4705 στάχυν

354 4727 445 4776 est
472 4738 508 4777 a
536 4720 653 4776 Deo
683 4720 1094 4792 inccorruptus
1125 4726 1363 4794 propter
1393 4727 1779 4794 praeceptum:
1802 4724 2012 4782 deinde

354 4807 825 4880 transgressione
855 4808 1140 4865 contritus
1166 4814 1257 4866 est
1280 4825 1349 4865 ac
1376 4813 1688 4881 corruptus
1719 4811 2010 4871 redditus:

424 4943 469 4979 ⁹⁰
497 4940 701 4999 Matth.
734 4958 872 5013 xm,
905 4944 995 4998 30.

418 5088 532 5163 (25)
566 5085 1061 5163 Tpdn‘ov‘deost‘in
1092 5087 1231 5159 Reg.
1256 5088 1314 5163 Δ1,
1346 5089 1400 5163 2.
1437 5090 1593 5144 Infra
1625 5086 1719 5160 μία
1749 5092 1913 5149 deest
1935 5093 1994 5150 in

349 5158 545 5231 editis,
579 5158 678 5216 sed
712 5159 964 5215 habetur
992 5159 1049 5214 in
1081 5158 1482 5229 compluribus
1515 5158 1658 5217 mss.

416 5233 534 5359 (25)
568 5237 651 5287 Ita
685 5232 822 5303 Reg.
855 5232 909 5298 3,
944 5236 1115 5287 recte.
1168 5231 1316 5312 _Editi
1341 5249 1501 5313 “vero
1553 5233 1727 5302 mole,
1780 5232 1861 5288 ὅτι
1909 5230 2002 5289 νῦν

442 5321 507 5359 ra
532 5303 584 5356 οἱ
614 5299 938 5359 ἁμαρτωλοί
970 5303 1135 5357 deest
1164 5319 1223 5357 in
1256 5304 1612 5359 quibusdam
1646 5322 1787 5359 mss.

348 5303 507 5360 Infra
532 5303 584 5356 οἱ
614 5303 938 5377 ἁμαρτωλοί
970 5303 1135 5357 deest
1164 5303 1223 5357 in
1256 5303 1612 5372 quibusdam
1646 5322 1787 5361 mss.

419 5376 531 5456 (ἐξ)
561 5375 705 5456 Troa
735 5390 880 5430 ms-
912 5372 1274 5456 γνυέρίξοιάςι-
1529 5444 1551 5456 ..
1785 5448 1787 5455 ,

418 5448 531 5516 (27)
563 5447 649 5520 ita
681 5453 799 5520 tres
831 5444 975 5520 mss.
1007 5444 1065 5520 1n
1114 5445 1287 5520 editis
1335 5461 1489 5520 vero,
1523 5444 1679 5520 ἄρσεν
1711 5446 1800 5501 καὶ
1834 5445 2000 5518 θῆλυ,

347 5517 791 5592 desunt:_lnl‘ra,
823 5517 856 5585 ἣ
884 5515 1162 5592 γρυπότης
1191 5518 1439 5587 deest,in
1462 5515 1819 5589 quibusdam
1854 5515 2000 5591 mea;

419 5589 535 5659 (28)
564 5589 708 5644 Tres
740 5585 1322 5659 ῐῄεε.ξ’καταλόονται.

572 5661 693 5715 Duo
723 5677 892 5735 mss.,
942 5658 1151 5714 τέλειον
1196 5659 1509 5735 ἄνθρωπον.
1565 5660 1752 5732 Alius,
1790 5659 1999 5716 τέλειον

345 5730 409 5787 τὸ
445 5731 664 5811 βρέφος.
700 5731 878 5790 Paulo
909 5738 1042 5806 post
1086 5732 1261 5789 multi
1301 5730 1478 5805 "mea,
1509 5737 1574 5788 Ἢ
1603 5730 2005 5812 πῶςγνωσθή-

2124 4721 2376 4791 ἐποίησεν
2409 4722 2437 4775 ὁ
2467 4720 2597 4783 Θεὸς
2645 4719 2736 4775 ἀπ’
2782 4718 2984 4795 ἀρχῆς,
3016 4716 3105 4773 καί
3154 4716 3213 4773 ἐκ
3253 4722 3351 4773 τοῦ
3400 4718 3637 4793 στάχυος
3683 4716 3771 4792 γὲ-

2119 4832 2271 4886 γονεν
2305 4812 2333 4866 ὁ
2361 4809 2581 4884 κόκκος,
2623 4808 2712 4865 καὶ
2755 4810 2920 4863 πάλιν
2976 4806 3332 4885 σπειρόμενος
3382 4800 3773 4863 ἀναϐλαστάνει

2107 5112 2274 5146 σεται.
2332 5092 2509 5158 Editi,
2562 5089 2597 5157 ἢ
2659 5088 3207 5165 ἔπιγνωρισθήσεται.
3259 5086 3424 5144 Unus
3472 5090 3674 5159 codex,
3724 5085 3759 5156 ἢ

2110 5164 2466 5240 Υνίιζῗήσῖταιτ

2184 5229 2294 5317 (ἓο)
2340 5232 2542 5317 Basil.,
2594 5229 2998 5317 ἐκγαμίζονται.
3058 5231 3173 5317 Δρ*
3197 5232 3525 5317 marginem
3567 5230 3765 5317 'hujus‘

2110 5299 2330 5377 codicis
2363 5299 2600 5377 not_a_ti1r
2630 5299 2772 5377 ibid.
2809 5301 3201 5377 Xxdliov._T1',c
3231 5299 3356 5377 τότέ
3385 5302 3641 5377 ἀπαθείας
3664 5299 3764 5377 ’καὶ

2112 5376 2399 5451 ἀγιότηᾼτος
2460 5374 2628 5451 λέγει-
2656 5374 2697 5451 ὁ-
2743 5368 2992 5451 ξριᾶῖςρς,
3038 5368 3167 5451 ’ὅτις
3196 5372 3259 5451 οὐ
3306 5371 3598 5451 γαμοῦσιν,
3641 5368 3764 5451 uiuite

2112 5442 2513 5541 ξγγαμίςρνται.
2539 5442 2702 5534 ’ρύχὶ
2750 5442 2856 5541 ἔτι,
2883 5442 3095 5541 δὲλούἔι
3142 5442 3468 5541 avidior-viai,
3518 5442 3765 5541 061:5:-

2112 5515 2256 5593 δρὲςξ
2291 5515 2414 5575 οὕτε
2440 5515 2709 5593 γυναῖκές.
2760 5515 2859 5573 Καὶ
2905 5515 3006 5592 γὰρ
3055 5515 3107 5572 ἐν
3155 5520 3225 5591 τῇ
3264 5516 3545 5573 ἀναστάσει
3580 5516 3631 5571 οἱ
3665 5515 3765 5589 μὲν

2112 5589 2300 5665 ἄνδρες
2330 5584 2997 5665 ἀναστήσιονταιμᾶνδρες,
3026 5589 3083 5643 αἱ
3115 5585 3171 5665 δῇ
3200 5594 3447 5665 γυναῖκες
3490 5593 3762 5665 γυναῖκες,

2113 5663 2188 5725 ὡς
2208 5661 2404 5748 ἢάγίά
2435 5661 2637 5748 eeo-nix
2652 5661 2968 5748 _oc.Horum
2991 5678 3127 5737 pars
3144 5661 3447 5721 intextum
3478 5661 3659 5720 relata
3678 5665 3769 5720 est

2118 5753 2153 5796 ο.
2181 5737 2362 5797 veteri
2387 5737 2722 5812 interprete.
