4132 6364
307 408 431 470 613

1270 394 1784 474 ΟΠΕΒΊΊΟΝΕὸ
1829 401 1931 459 AD
1975 398 2435 462 AN'I‘lOCIiUM
2485 399 2781 463 DUCEM.

3613 408 3733 468 614

303 540 529 616 στάχυς·
568 536 718 593 οὕτω
751 535 840 592 καὶ
873 536 901 590 ὁ
932 535 1217 611 ἅνθρωπος
1261 533 1475 610 γέγονεν
1525 534 1627 587 ὑπὸ
1675 536 1773 586 τοῦ
1831 535 1964 586 Θεοῦ

2115 538 2245 589 atus
2277 552 2409 590 vero
2444 553 2545 607 per
2568 541 2812 591 mortem
2839 541 2892 591 et
2925 541 3077 592 terra
3108 536 3375 607 obrutus,
3409 541 3621 595 iterum
3649 542 3735 595 in-

298 629 589 709 φυλάττων
621 629 721 696 τήν
758 624 985 693 ἐντολὴν
1021 624 1311 700 ἄφθαρτος·
1366 624 1477 678 εἶτα
1534 619 1622 676 διὰ
1679 626 1777 690 τῆς
1831 642 1963 697 παρ-

2073 630 2384 695 corruptus
2418 624 2751 697 repullulat,
2786 625 2979 697 qualis
3006 627 3076 681 ab
3108 625 3275 681 initio
3300 634 3444 683 erat.

302 707 477 788 ακοῆς
505 710 820 793 συνετρίϐη,
847 714 937 769 καὶ
970 711 1154 788 γέγονε
1186 710 1437 789 φθαρτός’
1472 709 1826 786 σπειρόμενος
1859 708 1914 765 δὲ
1949 707 2038 765 διὰ
2066 716 2162 765 τοῦ
2194 713 2421 767 θανάτου
2447 713 2535 767 καὶ
2566 712 2911 788 χωννύμενος
2956 712 3006 766 ἐν
3066 717 3134 786 τῇ
3192 718 3284 789 γῇ,
3345 711 3732 773 ἀναϐλαστάνει

315 806 499 882 ὥσπερ
530 808 597 876 ἦν
629 806 720 860 ἀπ’
751 802 932 880 ἀρχῆς
965 799 1256 879 ἄφθαρτος.

374 897 571 973 Ἐρώτ.
603 902 695 953 κε’.
729 897 873 967 Ἀρα
902 890 1314 946 έπισκέπτονται
1344 889 1436 945 τὸν
1485 890 1600 965 βίον
1654 890 1706 944 αἱ
1754 887 1962 965 προλα-

301 981 497 1041 ϐοῦσαι
522 986 636 1059 (31)
664 988 774 1038 τῶν
806 982 1110 1057 ἀνθρώπων
1142 978 1338 1055 ψυχαὶ,
1369 979 1404 1048 ἢ
1438 976 1498 1033 οὕ
1525 998 1537 1047 ;

383 1074 579 1131 Ἀπόκ.
641 1070 939 1145 Οὐδαμῶς.
1001 1074 1264 1127 ’Ἄκουσον
1342 1071 1445 1144 γὰρ
1520 1068 1615 1122 τοῦ
1688 1070 1972 1145 προφήτου

312 1160 483 1220 Δαὸὶὸ
541 1164 662 1239 περὶ
723 1166 833 1216 τῶν
886 1160 1269 1216 τελευτώντων
1333 1158 1634 1234 ἀνθρώπων
1699 1156 1971 1233 λέγοντος·

316 1279 346 1306 (ι
379 1256 728 1328 ’¹Δνθρωπος,
797 1250 925 1304 ὡσεὶ
983 1244 1186 1324 χόρτος
1246 1249 1299 1302 αἱ
1359 1246 1559 1324 ἡμέραι
1615 1246 1801 1319 αὐτοῦ,
1847 1247 1974 1301 ὡσεὶ

321 1344 482 1404 ἄνθος
557 1345 653 1396 τοῦ
731 1342 900 1415 ἀγροῦ
976 1338 1151 1400 οὕτως
1228 1337 1522 1410 έξανθήσει.
1586 1338 1711 1394 ’Ότι
1763 1340 1977 1409 πνεῦμα

325 1429 549 1501 διῆλθεν
600 1428 651 1484 έν
706 1428 871 1499 αὐτῷ,
917 1426 1006 1482 καὶ
1058 1426 1166 1501 οὐχ
1216 1426 1458 1501 ὑπάρξει,
1490 1425 1579 1480 καὶ
1613 1425 1711 1480 οὐκ
1742 1424 1977 1501 ἐπιγνώ-

327 1541 476 1575 σεται
505 1519 586 1574 ’ὲτι
616 1519 709 1574 τὸν
737 1517 900 1573 τόπον
930 1516 1113 1571 αὐτοῦ.
1152 1540 1179 1567 ›)
1212 1515 1341 1592 Περὶ
1376 1512 1433 1570 δὲ
1477 1520 1585 1570 τῶν
1627 1518 1818 1590 ψυχῶν
1874 1518 1980 1569 τῶν

328 1609 497 1684 ἁγίων
532 1607 592 1662 οὐ
625 1608 735 1682 χρή
767 1602 1133 1685 ἀμφιϐάλλειν
1163 1607 1295 1679 (32).

402 1698 593 1773 Ἐρώτ.
628 1698 725 1760 κς’.
760 1695 859 1749 Καὶ
892 1695 937 1749 εἷ
966 1699 1131 1750 ταῦτα
1165 1694 1329 1766 οὕτω,
1365 1696 1483 1755 πῶς
1524 1692 1893 1771 ἐπιφαίνονται
1928 1693 1980 1749 οἳ

324 1786 469 1861 ἅγιοι
504 1782 773 1846 πολλάκις
806 1783 857 1838 έν
889 1789 1007 1846 τοῖς
1041 1785 1245 1838 ἑαυτῶν
1272 1787 1423 1845 ναοῖς
1454 1782 1545 1838 καὶ
1574 1788 1812 1859 σωροῖς;

397 1874 592 1931 Ἀπόκ.
641 1874 810 1928 Ξένον
872 1874 962 1928 καὶ
1010 1870 1313 1949 παράδοξον
1370 1873 1432 1927 τὸ
1482 1870 1833 1948 ἐπερώτημα,
1893 1871 1981 1926 καὶ

327 1961 659 2030 πιστοτάτης
690 1965 875 2038 ψυχῆς
924 1958 1180 2033 δεόμενον
1232 1962 1307 2023 εἰς
1358 1960 1664 2036 ἀπόκρισιν,
1713 1963 1903 2033 Ὅμως
1936 1960 1981 2014 εἷ

329 2056 558 2126 χωρεῖς,
592 2050 821 2105 ἄκουσον
859 2052 934 2123 μὴ
974 2049 1222 2119 ὀκλάζων
1253 2054 1332 2122 τῷ
1363 2049 1636 2124 λογισμῷ.
1691 2050 1759 2105 Αἱ
1791 2049 1842 2104 ἐν
1866 2054 1982 2112 τοῖς

329 2146 480 2201 ναοῖς
548 2139 637 2194 καὶ
696 2145 898 2213 σωροῖς
953 2144 1061 2193 τῶν
1122 2139 1288 2214 ἁγίων
1333 2138 1612 2213 γινόμεναι
1657 2138 1985 2201 ἐπισκιάσεις

330 2229 422 2284 καὶ
458 2228 709 2283 ὐπτασίαι
743 2227 805 2281 οὐ
837 2225 925 2282 διὰ
951 2232 1059 2282 τῶν
1110 2226 1303 2303 ψυχῶν
1353 2231 1460 2281 τῶν
1515 2227 1684 2301 ἁγίων
1730 2227 1985 2301 γίνονται,

330 2316 484 2373 ἀλλὰ
540 2320 651 2389 (33)
698 2313 767 2371 δι’
818 2316 1069 2391 ἀγγέλων
1124 2315 1293 2391 ἁγίων
1352 2316 1984 2392 μετασχηματιζομένων

332 2407 410 2468 εἷς
438 2408 502 2461 τὸ
560 2403 702 2468 εἶδος
759 2411 865 2460 τῶν
923 2404 1112 2481 ἁγίων,
1174 2410 1298 2467 Πῶς
1357 2406 1480 2482 γὰρ,
1550 2405 1665 2460 εἶπέ
1718 2428 1833 2479 μοι,
1894 2404 1992 2478 μία

334 2496 473 2551 οὐσα
502 2495 657 2570 ψυχὴ
686 2499 785 2549 τοῦ
820 2494 1086 2569 μακαρίου
1136 2496 1341 2570 Πέτρου
1399 2494 1433 2563 ἢ
1497 2494 1715 2550 Παύλου
1771 2492 1992 2549 δύναται

334 2585 456 2639 κατ’
486 2583 653 2653 αὐτὴν
687 2584 785 2653 τὴν
820 2584 993 2659 ῥοπὴν
1027 2582 1078 2639 ἰν
1109 2587 1177 2657 τῇ
1215 2586 1404 2657 μνήμῃ
1450 2583 1615 2639 αὐτοῦ
1666 2584 1990 2662 ἐπιφανῆναι

336 2673 391 2729 ἐν
426 2672 641 2749 χιλίοις
672 2678 818 2734 ναοῖς
848 2672 1035 2741 αὐτοῦ,
1066 2672 1116 2727 έν
1152 2671 1268 2746 ὅλῳ
1297 2671 1378 2746 τῷ
1405 2672 1598 2748 κόσμῳ
1624 2696 1637 2745 ς
1682 2678 1840 2728 τοῦτο
1889 2674 1991 2749 γὰρ

334 2760 463 2819 οὕτε
494 2760 725 2838 ἄγγελος
777 2763 851 2824 εἷς
902 2759 1120 2816 δύναται
1188 2762 1413 2832 ποιῆσαί
1466 2784 1617 2818 ποτε.
1675 2762 1861 2819 Μόνου
1890 2764 1992 2839 γὰρ

332 2857 435 2909 τοῦ
487 2856 620 2907 Θεοῦ
652 2851 791 2905 ἐστιν
826 2851 876 2905 έν
911 2849 1029 2906 δυσὶ
1058 2851 1248 2913 τόποις
1277 2851 1367 2906 καὶ
1400 2850 1451 2906 έν
1499 2851 1616 2924 ὅλῳ
1668 2857 1750 2924 τῷ
1800 2848 1995 2925 κόσμῳ

336 2942 393 2997 έν
428 2939 566 3005 αὐτῆ
753 2938 896 3016 ῥοπῇ
954 2939 1312 3014 εὑρίσκεσθαι.
1371 2940 1519 2995 Ἐπεὶ
1576 2940 1665 2995 καὶ
1727 2941 1881 2995 αὑταὶ
1941 2942 1998 2995 αἱ

339 3029 528 3106 νοεραὶ
562 3025 817 3101 δυνάμεις
844 3027 1318 3101 ἆπολιμπάνονται
1368 3031 1483 3100 (34)
1530 3030 1745 3092 πάντως
1793 3036 1894 3100 τῆς
1943 3028 1995 3085 ἐν

344 3119 600 3195 οὐρανοῖς
641 3115 980 3194 δοξολογίας,
1032 3117 1188 3188 ἡνίκα
1236 3115 1284 3172 δ’
1332 3118 1391 3173 ἂν
1437 3118 1881 3175 ἀποστέλλωνται
1924 3118 1999 3181 εἷς

347 3206 626 3263 διακονίαν
660 3206 746 3262 έπί
776 3214 875 3277 τῆς
903 3214 1027 3283 γῆς.

424 3296 620 3370 Ἐρώτο
652 3298 750 3366 *3:-
784 3297 849 3353 Τί
889 3294 1127 3374 διαφέρει
1174 3297 1208 3366 ἡ
1243 3296 1396 3351 οὐσία
1450 3302 1547 3352 τοῦ
1611 3296 1849 3373 ἀγγέλου
1902 3300 2000 3366 τῆς

345 3384 536 3447 οὐσίας
564 3393 666 3455 τῆς
695 3388 881 3460 ψυχῆς
912 3390 1008 3440 τοῦ
1041 3386 1327 3462 ἀνθρώπου
1351 3405 1365 3457 ;

417 3475 610 3533 Ἀπόκ.
672 3476 833 3551 Τρεῖς
891 3473 1075 3538 οὐσίας
1131 3474 1549 3546 ἀκαταλήπτους
1598 3475 1744 3552 παρὰ
1791 3477 1996 3553 ἀνθρώ-

338 3586 467 3626 ποις
502 3563 843 3639 εὑρίσκομεν,
879 3563 938 3625 ἃς
971 3561 1148 3626 οὐδεὶς
1181 3562 1436 3638 οὐδαμῶς
1486 3562 1608 3621 οὔτε
1655 3563 1813 3637 εἶδεν,
1874 3566 1999 3623 οὐτε

341 3652 553 3718 ἰδέσθαι
586 3651 675 3706 ἐπὶ
706 3659 811 3727 γῆς
846 3650 1087 3722 δύναται,
1119 3653 1192 3715 ὡς
1228 3653 1349 3721 εἰσὶ,
1402 3652 1549 3729 λέγω
1599 3652 1665 3723 δὴ
1719 3661 1852 3711 Θεοῦ
1903 3657 1994 3711 καὶ

336 3742 585 3819 ἀγγέλων
618 3741 708 3795 καὶ
740 3745 953 3816 ψυχῶν·
989 3740 1141 3815 ὅμως
1176 3743 1576 3819 στοχαζόμεθα,
1628 3742 1816 3818 ὅτιπερ
1870 3745 1994 3801 ὅσον

342 3829 584 3909 διαφέρει
611 3836 713 3899 τῆς
742 3827 975 3901 σελήνης
1007 3831 1034 3884 ὁ
1065 3828 1250 3900 ἥλιος,
1298 3837 1554 3887 τοσοῦτον
1600 3832 1857 3909 ὐπιρέχει
1903 3834 1993 3914 καὶ

339 3916 732 3995 λαμπροφορεῖ
760 3922 874 3993 (35)
905 3920 940 3989 ἠ
980 3924 1088 3974 τῶν
1138 3918 1379 3997 ἀγγέλων
1441 3921 1594 3975 οὐσία
1647 3929 1746 3991 τῆς
1807 3922 1991 3987 οὐσίας

340 4013 421 4062 τῶ
433 4030 448 4061 δ
480 4012 668 4084 ψυχῶν
702 4008 999 4083 ἀνθρώπων
1010 4052 1021 4063 .

421 4097 611 4172 Ἐρώτ.
644 4104 749 4167 κη’.
785 4097 882 4152 Καὶ
912 4102 1028 4159 πῶς
1060 4099 1110 4153 οἱ
1139 4104 1415 4175 προφῆται
1465 4098 1740 4176 φαίνονται
1773 4099 1992 4155 πολλά-

344 4206 435 4247 κις
464 4183 663 4248 ἰδόντες
687 4187 776 4241 τὸν
810 4188 1005 4263 Κύριον
1039 4189 1153 4261 (36)
1179 4207 1193 4258 ;

423 4274 610 4333 Ἀπόκ.
640 4275 788 4331 Μετὰ
825 4277 1022 4339 πάντας
1069 4275 1196 4338 τοὺς
1247 4279 1530 4353 προφήτας
1582 4276 1673 4331 καὲ
1730 4278 1843 4352 μετ’
1902 4277 1994 4333 αὐ-

340 4365 443 4433 τὴν
493 4365 592 4433 τὴν
645 4364 952 4443 ἐπιφάνειαν
1002 4370 1099 4421 τοῦ
1147 4364 1381 4438 Χριστοῦ
1413 4366 1553 4421 εἶπεν
1589 4369 1616 4422 ὁ
1670 4369 1824 4443 ἅγιος
1857 4363 1994 4423 ἀπό-

340 4451 542 4515 στολος
572 4455 664 4508 καὶ
698 4452 1094 4529 εὑαγγελιστής
1141 4454 1231 4509 καὶ
1278 4453 1537 4531 θεολόγος
1584 4456 1859 4530 Ἰωάννης,
1908 4457 1991 4512 ὅτι

338 4568 367 4595 a
404 4543 535 4598 Θεὸν
569 4540 749 4605 οὐδεὶς
808 4544 1013 4619 ἑώρακε
1066 4545 1310 4601 πώποτε.
1370 4568 1398 4595 ››

335 4653 427 4687 ται
460 4633 535 4694 ὡς
587 4627 818 4711 φοϐερὸν
878 4632 968 4687 καὶ
1027 4632 1171 4703 ξένον
1229 4633 1293 4687 τὸ
1352 4633 1524 4710 ῥῆμα,
1578 4633 1851 4711 ἐπήγαγεν
1902 4636 1990 4691 ’ὅτι

341 4744 372 4773 ι(
404 4722 465 4778 Ὁ
498 4721 816 4796 Μονογενής
874 4722 901 4775 ὁ
960 4719 1033 4776 ὥν
1093 4720 1146 4776 ἐν
1203 4727 1319 4784 τοῖς
1371 4721 1601 4786 κόλποις
1631 4730 1727 4779 τοῦ
1761 4727 1992 4800 Πατρὸς,

340 4808 550 4871 ἐκεῖνος
583 4808 942 4886 ἰξηγήσατο.»
975 4811 1135 4873 ’Όθεν
1167 4810 1255 4865 καὶ
1289 4812 1316 4865 ὁ
1340 4812 1488 4887 ἅγιος
1518 4811 1824 4876 ἀπόστολος
1858 4818 1997 4869 Παῦ-

342 4897 444 4960 λός
475 4918 659 4976 φησιν.
698 4922 726 4949 ιι
754 4900 854 4956 "Ov
888 4896 1020 4953 εἶδεν
1055 4896 1231 4961 οὐδεὶς
1265 4900 1714 4973 ἀνθρώπων,οὕτε
1736 4901 1867 4957 ἴδεῖν
1903 4901 1996 4957 8'5-

343 5008 524 5043 ναται.
562 5012 583 5038 n
619 4989 781 5042 ’Ὡστε
812 4984 990 5049 οὐδεὶς
1022 4989 1323 5063 ἀνθρώπων
1359 4986 1573 5045 δύναται
1629 4996 1763 5045 Θεοῦ
1812 4990 1994 5047 οὐσίαν

344 5077 560 5150 γυμνὴν
627 5073 757 5130 ἰδεῖν
810 5074 1073 5150 οὐδαμοῦο
1126 5075 1292 5148 ἀλλὰ,
1339 5078 1474 5152 πρὸς
1521 5080 1619 5148 τὴν
1650 5084 1757 5135 τῶν
1788 5080 1995 5157 ἀνθρώ-

417 5223 462 5258 ⁹¹
495 5221 648 5277 Psal.
680 5239 778 5289 cn,
812 5222 899 5287 15,
935 5223 1018 5277 16.
1095 5221 1141 5257 ⁰²
1172 5224 1381 5279 Joann.
1416 5242 1454 5294 ι,
1490 5226 1575 5280 18.
1654 5227 1697 5263 ⁸³
1730 5226 1874 5284 Ibid.
1952 5229 2023 5263 93'
2055 5230 2076 5284 ῐ

568 5363 1002 5440 Ωμίάἃφ-ῐξ]88;
1033 5363 1088 5440 αἱ
1121 5361 1233 5417 ἐκεῖ
1259 5358 1656 5440 προλαϐοῦσαι.

423 5434 540 5513 (32)
569 5435 672 5513 Hi8
720 5434 924 5513 adjicit
969 5434 1185 5513 Palat“
1214 5440 1268 5492 2.
1306 5434 1584 5513 Τνωρίζει
1643 5436 1758 5513 γὰρ.
1805 5438 2009 5513 ἅπαντα

349 5507 492 5578 μετᾶ
520 5506 749 5583 θανάτου
767 5504 867 5583 ⁸καὶ
899 5504 1046 5583 135?;
1065 5505 1263 5583 ,ἡμέρᾳ
1291 5515 1389 5583 τῇς
1414 5504 1667 5583 κρίσεωςξ
1719 5504 2008 5573 Quaestio-

346 5595 456 5634 nes
491 5596 662 5649 porro
716 5580 789 5632 26
840 5583 897 5634 et
924 5579 993 5631 27
1026 5579 1242 5636 absunt
1272 5599 1306 5636 a
1336 5579 1518 5637 Palat.
1569 5584 1624 5645 2,
1653 5584 1710 5636 et
1739 5598 1773 5637 a
1800 5584 2007 5639 veteri-

347 5650 467 5706 bus
493 5648 672 5707 editis
703 5648 942 5706 Latinis.

424 5722 540 5795 (33)
570 5722 666 5779 Sic
698 5722 838 5794 Reg.
874 5722 924 5789 1,
958 5722 1010 5775 3.
1043 5721 1106 5778 In
1138 5721 1310 5780 editis
1339 5720 1485 5776 ἀλλὰ
1513 5723 1697 5781 deest.

2149 892 2381 956 Qums'r.
2415 892 2583 949 XXV.
2618 893 2770 948 Num
2817 892 3124 949 hominum
3172 894 3402 963 animae,
3456 898 3555 967 qui
3606 902 3742 955 ante

2085 998 2193 1037 nos
2216 983 2529 1051 decedunt,
2562 983 2744 1038 vitam
2776 983 2989 1037 iterum
3022 983 3301 1051 invisunt,
3337 986 3561 1040 necne?

2065 1098 2079 1123 ες
2156 1071 2326 1127 Βεερ.
2361 1072 2762 1145 Nequaquam.
2797 1072 2947 1127 Audi
2981 1071 3134 1127 enim
3172 1073 3516 1145 prophetam
3567 1075 3743 1129 Davi-

2086 1161 2219 1216 dem
2253 1161 2322 1216 de
2355 1160 2698 1217 hominibus
2732 1161 3120 1217 morientibus
3146 1162 3397 1217 aientem
3432 1180 3442 1216 :
3481 1186 3501 1211 α
3541 1164 3744 1232 Homo,

2087 1251 2241 1305 sicut
2272 1251 2471 1306 fenum
2504 1251 2630 1307 dies
2661 1252 2811 1323 ejus,
2846 1256 3129 1321 tanquam
3164 1250 3266 1306 ﬂos
3296 1251 3419 1323 agri
3452 1252 3537 1306 sic
3585 1251 3745 1308 efﬂo-

2088 1339 2256 1394 rebit.
2292 1339 2580 1403 Quoniam
2614 1341 2858 1411 spiritus
2891 1340 3265 1411 pertransivit
3298 1340 3355 1394 in
3390 1340 3508 1406 illo,
3542 1347 3597 1397 et
3632 1359 3745 1398 non

2088 1427 2410 1499 exsistet,et
2444 1446 2557 1484 non
2591 1433 2903 1501 cognoscet
2933 1428 3188 1500 amplius
3223 1427 3416 1484 locum
3450 1431 3743 1485 suum“.»

2088 1516 2169 1573 De
2199 1517 2513 1573 animabus
2547 1523 2740 1573 autem
2774 1519 3064 1589 iustorum
3113 1517 3259 1573 nihil
3311 1523 3400 1574 est
3444 1519 3749 1591 ambigen-

2089 1606 2251 1661 dum.

2167 1697 2396 1761 Qums'r.
2430 1694 2622 1750 XXVI.
2656 1696 2713 1751 Si
2762 1695 2881 1750 haec
2932 1696 3011 1750 ita
3061 1712 3123 1751 se
3167 1696 3406 1764 habent,
3454 1698 3749 1768 quomodo

2094 1802 2245 1857 saepe
2280 1785 2464 1841 sancti
2497 1785 2624 1840 suis
2657 1784 2713 1839 in
2744 1783 2980 1856 templis
3013 1789 3069 1839 et
3099 1785 3347 1839 tumulis
3380 1791 3707 1857 apparent?

2165 1875 2335 1929 RESP.
2369 1873 2696 1946 Singularis
2728 1878 2784 1928 et
2815 1874 3105 1946 paradoxa
3137 1891 3276 1929 sane
3309 1876 3575 1946 quiestio,
3608 1876 3754 1932 fide-

2092 1962 2438 2034 lissimaque
2470 1964 2741 2034 indigens
2775 1962 2972 2017 anima
3004 1963 3073 2016 ad
3107 1965 3601 2034 respondendum.
3636 1967 3754 2021 Ta—

2093 2066 2227 2107 men
2262 2052 2311 2106 si
2344 2052 2528 2123 capis,
2584 2052 2721 2107 audi
2772 2069 2877 2107 nec
2928 2051 3151 2107 ratione
3200 2053 3454 2107 vacilles.
3507 2054 3639 2117 Quae
3689 2054 3752 2109 in

2096 2142 2332 2213 templis
2382 2146 2437 2197 et
2484 2140 2733 2196 tumulis
2784 2145 3121 2196 sanctorum
3182 2142 3663 2198 adumbrationes
3694 2147 3755 2199 et

2097 2231 2352 2286 visiones
2386 2232 2553 2293 fiunt,
2595 2248 2711 2286 non
2762 2248 2863 2302 per
2910 2231 3138 2285 animas
3188 2236 3528 2286 sanctorum
3580 2233 3751 2302 fiunt,

2100 2321 2198 2375 sed
2236 2337 2338 2391 per
2367 2320 2606 2392 angelos
2638 2321 2735 2390 qui
2771 2320 3018 2374 formam
3055 2324 3393 2375 sanctorum
3418 2327 3751 2377 assumunt.

2101 2410 2402 2474 Quomodo
2455 2410 2635 2471 enim.
2691 2408 2783 2463 dic
2830 2408 2996 2471 mihi,
3049 2408 3199 2463 beati
3254 2409 3400 2464 Petri
3457 2409 3539 2464 vel
3590 2411 3757 2467 Pauli

2102 2498 2300 2554 anima
2333 2516 2447 2553 una
2479 2498 2666 2569 possit
2695 2515 2761 2552 eo
2787 2500 2895 2551 lem
2928 2504 3223 2553 momento
3246 2497 3301 2552 in
3334 2500 3617 2554 memoria
3637 2501 3759 2557 sive

2102 2592 2484 2645 monumento
2536 2587 2664 2657 ejus
2715 2603 2993 2658 apparere
3044 2587 3098 2641 in
3156 2587 3313 2641 mille
3364 2590 3490 2658 ejus
3525 2590 3759 2660 templis

2105 2693 2207 2749 per
2236 2681 2425 2731 totum
2458 2676 2688 2731 orbem?
2716 2675 2773 2730 id
2807 2676 2962 2730 enim
2995 2692 3100 2731 nec
3132 2694 3282 2731 unus
3308 2677 3554 2750 angelus
3586 2681 3763 2749 queat

2109 2782 2370 2837 unquam
2405 2770 2700 2836 praestare.
2739 2764 2933 2819 Solius
2968 2765 3259 2836 siquidem
3288 2765 3385 2820 Dei
3410 2772 3499 2821 est
3528 2768 3761 2825 duobus

2105 2853 2162 2908 in
2182 2853 2324 2908 locis
2349 2857 2404 2907 et
2425 2857 2545 2907 toto
2570 2852 2624 2905 in
2652 2853 2871 2906 mundo
2903 2853 3104 2907 eodem
3141 2858 3437 2908 momento
3469 2856 3710 2926 reperiri
3743 2874 3757 2912 :

2107 2942 2579 3012 quandoquidem
2614 2941 2832 3011 etipsze
2880 2941 3270 3012 intelligentes
3320 2942 3563 2997 virtutes
3613 2946 3760 3000 deti-

2109 3032 2273 3087 ciunt
2324 3029 2521 3086 omino
2575 3047 2609 3084 a
2640 3029 2948 3100 doxologia
3001 3047 3129 3100 quas
3161 3031 3219 3083 in
3254 3030 3414 3085 cmlis
3462 3036 3572 3101 est,
3622 3049 3758 3090 cum

2107 3120 2164 3175 in
2199 3118 2589 3174 ministerium
2624 3119 2683 3173 in
2713 3123 2928 3174 terram
2958 3118 3294 3173 mittuntur.

2183 3298 2336 3355 223
2366 3299 2591 3361 Quaas'r.
2628 3296 2841 3352 XXVII.
2875 3296 3020 3361 Quid
3051 3298 3243 3353 differt
3300 3298 3633 3355 substantia
3662 3317 3764 3356 an-

2109 3387 2219 3459 geli
2253 3388 2324 3441 ab
2356 3386 2615 3441 hominis
2648 3386 3021 3442 substantia?

2180 3477 2497 3533 Resp/Fres
2530 3474 2857 3531 invenimus
2890 3477 3250 3533 substantias
3281 3494 3427 3549 quas
3458 3477 3633 3534 homo
3654 3493 3762 3534 ne-

2107 3568 2234 3641 quit
2265 3568 2777 3639 comprehendere,
2812 3584 3100 3639 nemoque
3133 3585 3394 3640 unquam
3426 3569 3588 3636 vidit,
3630 3585 3758 3641 quae

2107 3678 2210 3716 nec
2242 3661 2299 3715 in
2334 3664 2487 3715 terra
2521 3662 2769 3731 possunt
2815 3659 3018 3728 videri,
3071 3663 3136 3713 ut
3183 3664 3323 3715 sunt
3373 3676 3581 3731 nempe
3635 3660 3759 3732 Dei,

2105 3748 2445 3822 angelorum
2480 3755 2537 3803 et
2568 3747 3203 3804 animarum.Attamen
3229 3749 3577 3819 conjicimus
3600 3748 3758 3821 quod

2106 3844 2393 3912 quantum
2422 3838 2613 3893 differt
2656 3838 2741 3893 sol
2790 3855 2823 3893 a
2870 3836 3031 3903 luna,
3082 3842 3314 3893 tantum
3365 3837 3660 3893 antecellit
3706 3840 3766 3893 et

2105 3927 2293 4000 magis
2326 3926 2585 3999 splendet
2618 3925 2964 3998 angelorum
2998 3928 3277 3996 essentia,
3309 3944 3486 3998 quam
3534 3927 3762 3983 anima-

2102 4034 2232 4072 rum
2269 4016 2576 4071 hominum
2607 4014 2884 4071 essentia.

2175 4109 2402 4171 Qums'r.
2423 4104 2710 4161 XXXVIII.
2732 4104 3032 4169 Quomodo
3067 4106 3360 4176 prophetia
3392 4123 3544 4178 sape
3575 4105 3761 4162 Deum

2102 4194 2365 4249 videntes
2396 4194 2727 4266 apparent?

2172 4281 2342 4338 RESP.
2375 4281 2516 4338 Post
2562 4280 2876 4354 prephetas
2926 4296 3130 4335 omnes
3181 4283 3497 4354 ipsumque
3546 4282 3767 4339 Christi

2103 4373 2415 4428 adventum
2468 4369 2613 4425 dixit
2645 4368 2968 4441 apostolus,
3001 4370 3475 4442 evangelistaque
3510 4376 3567 4424 et
3602 4370 3764 4425 theo-

2103 4461 2272 4533 logus
2324 4462 2601 4526 Joannes,
2653 4459 2802 4530 quod
2857 4476 2869 4513 :
2928 4480 2953 4509 ‹‹
3006 4458 3189 4513 Deum
3243 4475 3413 4514 nemo
3467 4458 3612 4513 vidit
3653 4475 3766 4512 un-

1456 4544 1555 4600 Καὶ
1600 4542 1691 4600 *ίνα
1720 4547 1991 4619 πιστώση-

2115 4568 2277 4624 ]uam
2308 4551 2376 4606 ⁹².
2413 4572 2440 4600 ››
2489 4550 2651 4614 Quod
2705 4552 2767 4604 ut
2815 4546 3091 4603 credibile
3144 4548 3431 4614 redderet,
3482 4552 3763 4620 tanquam

2105 4641 2324 4712 aliquid
2361 4638 2731 4694 tremendum
2756 4642 2814 4692 et
2846 4636 3163 4708 singulare,
3200 4636 3456 4691 addidit:
3482 4660 3508 4687 «
3548 4637 3771 4709 Unige-

2106 4730 2265 4785 nitus
2296 4729 2395 4800 qui
2434 4733 2521 4784 est
2553 4727 2609 4781 in
2660 4727 2793 4782 sinu
2846 4727 3054 4791 Patris,
3107 4726 3231 4797 ipse
3279 4726 3565 4781 enarravit
3617 4728 3683 4782 '3.
3738 4746 3760 4777 ι

2107 4817 2270 4873 Unde
2301 4822 2357 4871 et
2389 4821 2636 4871 sanctus
2686 4815 2987 4888 apostolus
3036 4815 3254 4872 Paulus
3306 4816 3387 4871 ait
3439 4834 3451 4872 :
3506 4840 3533 4867 ‹‹
3584 4815 3767 4879 Quem

2108 4922 2279 4961 nemo
2311 4905 2622 4960 hominum
2661 4904 2805 4959 vidit
2836 4904 2922 4959 vel
2955 4904 3147 4961 videre
3182 4911 3375 4977 potest
3396 4907 3464 4941 93‘
3490 4909 3768 4975 :«Itaque

2108 4994 2309 5051 nullus
2343 4994 2518 5049 homo
2550 4993 2771 5048 nudam
2804 4992 2903 5047 Dei
2935 4994 3252 5049 essentiam
3288 4994 3477 5065 potuit
3518 5008 3765 5061 usquam

2106 5083 2323 5151 videre,
2375 5083 2476 5139 sed
2529 5098 2655 5137 sese
2705 5082 2860 5137 Deus
2908 5083 2978 5137 ad
3022 5082 3420 5137 infirmitatem
3456 5080 3763 5135 hominum

2109 5228 2261 5283 Tim.
2287 5245 2362 5298 v1,
2399 5228 2483 5281 16.

2188 5366 2416 5438 (311)1ta
2468 5368 2503 5421 2
2535 5384 2704 5438 gms.
2768 5368 2939 5438 Editi,
2988 5360 3484 5438 ἀπολαμϐάνονται.
3544 5366 3766 5423 Ibidem

2119 5436 2348 5513 Regii,
2377 5442 2497 5513 ταῖς
2530 5436 2580 5513 ἐν
2612 5437 2861 5513 οὐρανοῖς
2894 5436 3249 5513 δοξολογίαις.

2189 5510 2302 5585 (ἓξ)
2334 5512 2516 5585 ἕειὲειι-
2554 5512 2603 5585 1,
2638 5508 3031 5585 λᾲμπρφτερέῖ-

2190 5582 2304 5648 (36)
2335 5582 2518 5637 Palat.
2551 5584 2607 5651 2,
2640 5582 2730 5634 τὸν
2755 5582 2901 5651 Θεόν.

2193 5653 2556 5715 Quaastioues
2591 5650 2789 5709 autem
2818 5656 2909 5723 29,
2941 5655 3030 5719 30,
3062 5652 3150 5705 31.
3181 5652 3279 5721 32,
3307 5655 3397 5720 33,
3431 5652 3624 5723 et34,
3670 5650 3773 5707 ab-

2126 5729 2267 5780 sunt
2298 5741 2329 5779 a
2364 5724 2543 5783 Palat.
2575 5729 2631 5799 2,
2663 5730 2721 5781 et
2749 5742 2782 5780 a
2812 5725 3106 5783 veteribus
3130 5723 3305 5780 editis
3339 5722 3573 5782 Latinis.
