  <div class='ocr_page' id='page_1' title='image "/cluster/home/n/w/nwhite01/storage/ocr_20150623/28:no.4/coo.31924054873090/321.png"; bbox 0 0 4132 6372; ppageno 0'>
   <div class='ocr_carea' id='block_1_1' title="bbox 372 369 490 432">
    <p class='ocr_par' dir='ltr' id='par_1_1' title="bbox 372 369 490 432">
     <span class='ocr_line' id='line_1_1' title="bbox 372 369 490 432; baseline -0.025 0"><span class='ocrx_word' id='word_1_1' title='bbox 372 369 490 432; x_wconf 77' lang='grc'>615</span> 
     </span>
    </p>
   </div>
   <div class='ocr_carea' id='block_1_2' title="bbox 1535 356 2627 428">
    <p class='ocr_par' dir='ltr' id='par_1_2' title="bbox 1535 356 2627 428">
     <span class='ocr_line' id='line_1_2' title="bbox 1535 356 2627 428; baseline 0.002 -7"><span class='ocrx_word' id='word_1_2' title='bbox 1535 363 1601 421; x_wconf 92' lang='lat' dir='ltr'>S.</span> <span class='ocrx_word' id='word_1_3' title='bbox 1649 356 2179 423; x_wconf 77' lang='lat' dir='ltr'>ATHANASIUS.</span> <span class='ocrx_word' id='word_1_4' title='bbox 2203 392 2285 409; x_wconf 96' lang='lat'><em>—</em></span> <span class='ocrx_word' id='word_1_5' title='bbox 2317 363 2627 428; x_wconf 78' lang='lat' dir='ltr'>SPURIA.</span> 
     </span>
    </p>
   </div>
   <div class='ocr_carea' id='block_1_3' title="bbox 3671 368 3797 432">
    <p class='ocr_par' dir='ltr' id='par_1_3' title="bbox 3671 368 3797 432">
     <span class='ocr_line' id='line_1_3' title="bbox 3671 368 3797 432; baseline -0.008 -1"><span class='ocrx_word' id='word_1_6' title='bbox 3671 368 3797 432; x_wconf 79' lang='lat' dir='ltr'>6l6</span> 
     </span>
    </p>
   </div>
   <div class='ocr_carea' id='block_1_4' title="bbox 374 491 2019 575">
    <p class='ocr_par' dir='ltr' id='par_1_4' title="bbox 374 498 2019 569">
     <span class='ocr_line' id='line_1_4' title="bbox 374 498 2019 569; baseline -0.009 -9"><span class='ocrx_word' id='word_1_7' title='bbox 374 498 1223 569; x_wconf 74' lang='lat' dir='ltr'>accommodans,formamque</span> <span class='ocrx_word' id='word_1_8' title='bbox 1253 499 1670 567; x_wconf 82' lang='lat' dir='ltr'>congruentem</span> <span class='ocrx_word' id='word_1_9' title='bbox 1696 508 2019 559; x_wconf 76' lang='lat' dir='ltr'>assumens,</span> 
     </span>
    </p>
   </div>
   <div class='ocr_carea' id='block_1_5' title="bbox 2143 491 3801 575">
    <p class='ocr_par' dir='ltr' id='par_1_5' title="bbox 2146 491 3801 575">
     <span class='ocr_line' id='line_1_5' title="bbox 2146 491 3801 575; baseline 0.006 -29"><span class='ocrx_word' id='word_1_10' title='bbox 2146 513 2262 548; x_wconf 88' lang='grc' dir='ltr'>πων</span> <span class='ocrx_word' id='word_1_11' title='bbox 2316 495 2587 551; x_wconf 73' lang='grc' dir='ltr'>ἀσθένειαν</span> <span class='ocrx_word' id='word_1_12' title='bbox 2646 491 3121 570; x_wconf 81' lang='grc' dir='ltr'>συγκαταϐατικῶς</span> <span class='ocrx_word' id='word_1_13' title='bbox 3182 499 3210 552; x_wconf 85' lang='grc' dir='ltr'>ὁ</span> <span class='ocrx_word' id='word_1_14' title='bbox 3266 498 3401 563; x_wconf 83' lang='grc' dir='ltr'>Θεὸς</span> <span class='ocrx_word' id='word_1_15' title='bbox 3459 500 3801 575; x_wconf 83' lang='grc' dir='ltr'>σχηματιζό-</span> 
     </span>
    </p>
   </div>
   <div class='ocr_carea' id='block_1_6' title="bbox 376 583 2037 666">
    <p class='ocr_par' dir='ltr' id='par_1_6' title="bbox 376 583 2037 666">
     <span class='ocr_line' id='line_1_6' title="bbox 376 583 2037 666; baseline -0.007 -18"><span class='ocrx_word' id='word_1_16' title='bbox 376 591 678 666; x_wconf 86' lang='lat' dir='ltr'>pr0phetis</span> <span class='ocrx_word' id='word_1_17' title='bbox 709 589 1047 661; x_wconf 82' lang='lat' dir='ltr'>apparebat.</span> <span class='ocrx_word' id='word_1_18' title='bbox 1080 586 1248 641; x_wconf 83' lang='lat' dir='ltr'>Certe</span> <span class='ocrx_word' id='word_1_19' title='bbox 1279 595 1419 641; x_wconf 86' lang='lat' dir='ltr'>tunc</span> <span class='ocrx_word' id='word_1_20' title='bbox 1453 583 1549 640; x_wconf 90' lang='lat' dir='ltr'>ille</span> <span class='ocrx_word' id='word_1_21' title='bbox 1581 584 1776 639; x_wconf 87' lang='lat' dir='ltr'>carnis</span> <span class='ocrx_word' id='word_1_22' title='bbox 1807 598 2037 653; x_wconf 79' lang='lat' dir='ltr'>expers,</span> 
     </span>
    </p>
   </div>
   <div class='ocr_carea' id='block_1_7' title="bbox 2155 584 3802 665">
    <p class='ocr_par' dir='ltr' id='par_1_7' title="bbox 2155 584 3802 665">
     <span class='ocr_line' id='line_1_7' title="bbox 2155 584 3802 665; baseline 0.004 -27"><span class='ocrx_word' id='word_1_23' title='bbox 2155 605 2334 657; x_wconf 86' lang='grc' dir='ltr'>μενος,</span> <span class='ocrx_word' id='word_1_24' title='bbox 2363 591 2480 648; x_wconf 81' lang='grc' dir='ltr'>τοῖς</span> <span class='ocrx_word' id='word_1_25' title='bbox 2520 588 2827 663; x_wconf 72' lang='grc' dir='ltr'>προφήταις</span> <span class='ocrx_word' id='word_1_26' title='bbox 2885 584 3146 664; x_wconf 74' lang='grc' dir='ltr'>ἐφαίνετο.</span> <span class='ocrx_word' id='word_1_27' title='bbox 3208 587 3429 661; x_wconf 72' lang='grc' dir='ltr'>Ἀμέλει</span> <span class='ocrx_word' id='word_1_28' title='bbox 3485 589 3577 644; x_wconf 85' lang='grc' dir='ltr'>καὶ</span> <span class='ocrx_word' id='word_1_29' title='bbox 3633 589 3802 665; x_wconf 81' lang='grc' dir='ltr'>ἄσαρ-</span> 
     </span>
    </p>
   </div>
   <div class='ocr_carea' id='block_1_8' title="bbox 405 672 2019 755">
    <p class='ocr_par' dir='ltr' id='par_1_8' title="bbox 405 672 2019 755">
     <span class='ocr_line' id='line_1_8' title="bbox 405 672 2019 755; baseline -0.009 -16"><span class='ocrx_word' id='word_1_30' title='bbox 405 700 525 755; x_wconf 69' lang='grc' dir='ltr'>ωρο</span> <span class='ocrx_word' id='word_1_31' title='bbox 570 680 688 735; x_wconf 84' lang='lat' dir='ltr'>illis</span> <span class='ocrx_word' id='word_1_32' title='bbox 742 683 807 733; x_wconf 91' lang='lat' dir='ltr'>ut</span> <span class='ocrx_word' id='word_1_33' title='bbox 858 678 1030 733; x_wconf 89' lang='lat' dir='ltr'>homo</span> <span class='ocrx_word' id='word_1_34' title='bbox 1081 676 1425 731; x_wconf 80' lang='lat' dir='ltr'>incarnatus</span> <span class='ocrx_word' id='word_1_35' title='bbox 1483 674 1820 746; x_wconf 78' lang='lat' dir='ltr'>apparebat.</span> <span class='ocrx_word' id='word_1_36' title='bbox 1876 672 2019 727; x_wconf 70' lang='lat' dir='ltr'>Undi</span> 
     </span>
    </p>
   </div>
   <div class='ocr_carea' id='block_1_9' title="bbox 2143 672 3801 755">
    <p class='ocr_par' dir='ltr' id='par_1_9' title="bbox 2149 674 3801 752">
     <span class='ocr_line' id='line_1_9' title="bbox 2149 674 3801 752; baseline 0.002 -23"><span class='ocrx_word' id='word_1_37' title='bbox 2149 695 2244 736; x_wconf 88' lang='grc' dir='ltr'>κος</span> <span class='ocrx_word' id='word_1_38' title='bbox 2298 674 2418 730; x_wconf 71' lang='grc' dir='ltr'>τότε</span> <span class='ocrx_word' id='word_1_39' title='bbox 2457 674 2740 751; x_wconf 87' lang='grc' dir='ltr'>ὐπάρχων,</span> <span class='ocrx_word' id='word_1_40' title='bbox 2801 675 2874 736; x_wconf 84' lang='grc' dir='ltr'>ὡς</span> <span class='ocrx_word' id='word_1_41' title='bbox 2932 676 3214 752; x_wconf 81' lang='grc' dir='ltr'>ἄνθρωπος</span> <span class='ocrx_word' id='word_1_42' title='bbox 3279 676 3465 740; x_wconf 81' lang='grc' dir='ltr'>αὐτοῖς</span> <span class='ocrx_word' id='word_1_43' title='bbox 3521 677 3801 741; x_wconf 80' lang='grc' dir='ltr'>πολλάκις</span> 
     </span>
    </p>
   </div>
   <div class='ocr_carea' id='block_1_10' title="bbox 370 760 2039 845">
    <p class='ocr_par' dir='ltr' id='par_1_10' title="bbox 370 760 2039 845">
     <span class='ocr_line' id='line_1_10' title="bbox 370 760 2039 845; baseline -0.008 -16"><span class='ocrx_word' id='word_1_44' title='bbox 370 770 754 845; x_wconf 89' lang='lat' dir='ltr'>perspicuum</span> <span class='ocrx_word' id='word_1_45' title='bbox 806 772 895 822; x_wconf 90' lang='lat' dir='ltr'>est</span> <span class='ocrx_word' id='word_1_46' title='bbox 940 768 1102 838; x_wconf 88' lang='lat' dir='ltr'>ipsos</span> <span class='ocrx_word' id='word_1_47' title='bbox 1154 780 1265 819; x_wconf 89' lang='lat' dir='ltr'>non</span> <span class='ocrx_word' id='word_1_48' title='bbox 1315 763 1414 818; x_wconf 90' lang='lat' dir='ltr'>Dei</span> <span class='ocrx_word' id='word_1_49' title='bbox 1441 763 1763 819; x_wconf 89' lang='lat' dir='ltr'>essentiam</span> <span class='ocrx_word' id='word_1_50' title='bbox 1797 760 2039 831; x_wconf 83' lang='lat' dir='ltr'>vidisse,</span> 
     </span>
    </p>
   </div>
   <div class='ocr_carea' id='block_1_11' title="bbox 371 850 2042 932">
    <p class='ocr_par' dir='ltr' id='par_1_11' title="bbox 371 850 2042 932">
     <span class='ocr_line' id='line_1_11' title="bbox 371 850 2042 932; baseline -0.008 -13"><span class='ocrx_word' id='word_1_51' title='bbox 371 863 474 919; x_wconf 87' lang='lat' dir='ltr'>sed</span> <span class='ocrx_word' id='word_1_52' title='bbox 507 855 945 932; x_wconf 67' lang='grc' dir='ltr'>εισι-ἰᾶτο.ουοᾱ</span> <span class='ocrx_word' id='word_1_53' title='bbox 974 855 1127 909; x_wconf 89' lang='lat' dir='ltr'>idem</span> <span class='ocrx_word' id='word_1_54' title='bbox 1162 854 1233 907; x_wconf 89' lang='lat' dir='ltr'>de</span> <span class='ocrx_word' id='word_1_55' title='bbox 1263 852 1486 924; x_wconf 78' lang='lat' dir='ltr'>angelis</span> <span class='ocrx_word' id='word_1_56' title='bbox 1518 856 1576 907; x_wconf 90' lang='lat' dir='ltr'>et</span> <span class='ocrx_word' id='word_1_57' title='bbox 1607 850 1782 907; x_wconf 91' lang='lat' dir='ltr'>nudis</span> <span class='ocrx_word' id='word_1_58' title='bbox 1816 851 2042 906; x_wconf 86' lang='lat' dir='ltr'>anima-</span> 
     </span>
    </p>
   </div>
   <div class='ocr_carea' id='block_1_12' title="bbox 2152 762 3800 841">
    <p class='ocr_par' dir='ltr' id='par_1_12' title="bbox 2152 762 3800 841">
     <span class='ocr_line' id='line_1_12' title="bbox 2152 762 3800 841; baseline 0.002 -24"><span class='ocrx_word' id='word_1_59' title='bbox 2152 762 2391 840; x_wconf 75' lang='grc' dir='ltr'>ἐφαίνετο</span> <span class='ocrx_word' id='word_1_60' title='bbox 2423 765 2851 839; x_wconf 82' lang='grc' dir='ltr'>σεσαρκωμὲνος.</span> <span class='ocrx_word' id='word_1_61' title='bbox 2880 766 3039 829; x_wconf 78' lang='grc' dir='ltr'>Ὅθεν</span> <span class='ocrx_word' id='word_1_62' title='bbox 3073 762 3357 841; x_wconf 84' lang='grc' dir='ltr'>πρόδηλον</span> <span class='ocrx_word' id='word_1_63' title='bbox 3418 765 3524 837; x_wconf 79' lang='grc' dir='ltr'>δτι,</span> <span class='ocrx_word' id='word_1_64' title='bbox 3587 768 3649 823; x_wconf 93' lang='grc' dir='ltr'>οὐ</span> <span class='ocrx_word' id='word_1_65' title='bbox 3696 768 3800 836; x_wconf 85' lang='grc' dir='ltr'>τήν</span> 
     </span>
    </p>
   </div>
   <div class='ocr_carea' id='block_1_13' title="bbox 2150 848 3803 934">
    <p class='ocr_par' dir='ltr' id='par_1_13' title="bbox 2150 848 3803 934">
     <span class='ocr_line' id='line_1_13' title="bbox 2150 848 3803 934; baseline 0.005 -31"><span class='ocrx_word' id='word_1_66' title='bbox 2150 852 2332 908; x_wconf 63' lang='grc' dir='ltr'>οὐσίαν</span> <span class='ocrx_word' id='word_1_67' title='bbox 2360 858 2457 908; x_wconf 78' lang='grc' dir='ltr'>τοῦ</span> <span class='ocrx_word' id='word_1_68' title='bbox 2488 858 2621 909; x_wconf 79' lang='grc' dir='ltr'>Θεοῦ</span> <span class='ocrx_word' id='word_1_69' title='bbox 2652 848 2907 923; x_wconf 77' lang='grc' dir='ltr'>ἔϐλεπον,</span> <span class='ocrx_word' id='word_1_70' title='bbox 2935 852 3081 910; x_wconf 74' lang='grc' dir='ltr'>ἀλλὰ</span> <span class='ocrx_word' id='word_1_71' title='bbox 3107 855 3204 924; x_wconf 76' lang='grc' dir='ltr'>τὴν</span> <span class='ocrx_word' id='word_1_72' title='bbox 3240 852 3417 926; x_wconf 82' lang='grc' dir='ltr'>δόξαν.</span> <span class='ocrx_word' id='word_1_73' title='bbox 3479 858 3651 934; x_wconf 87' lang='grc' dir='ltr'>Ὅπερ</span> <span class='ocrx_word' id='word_1_74' title='bbox 3707 857 3803 912; x_wconf 81' lang='grc' dir='ltr'>καὶ</span> 
     </span>
    </p>
   </div>
   <div class='ocr_carea' id='block_1_14' title="bbox 368 940 2019 1021">
    <p class='ocr_par' dir='ltr' id='par_1_14' title="bbox 368 940 2019 1015">
     <span class='ocr_line' id='line_1_14' title="bbox 368 940 2019 1015; baseline -0.008 -7"><span class='ocrx_word' id='word_1_75' title='bbox 368 952 483 1008; x_wconf 88' lang='lat' dir='ltr'>bus</span> <span class='ocrx_word' id='word_1_76' title='bbox 513 955 603 1005; x_wconf 90' lang='lat' dir='ltr'>est</span> <span class='ocrx_word' id='word_1_77' title='bbox 634 944 1108 1015; x_wconf 82' lang='lat' dir='ltr'>intelligendum.</span> <span class='ocrx_word' id='word_1_78' title='bbox 1160 942 1293 997; x_wconf 86' lang='lat' dir='ltr'>Sola</span> <span class='ocrx_word' id='word_1_79' title='bbox 1349 950 1478 997; x_wconf 82' lang='lat' dir='ltr'>vero</span> <span class='ocrx_word' id='word_1_80' title='bbox 1531 947 1735 996; x_wconf 89' lang='lat' dir='ltr'>sancta</span> <span class='ocrx_word' id='word_1_81' title='bbox 1786 940 2019 1010; x_wconf 70' lang='lat' dir='ltr'>Deipare</span> 
     </span>
    </p>
   </div>
   <div class='ocr_carea' id='block_1_15' title="bbox 2143 940 3801 1021">
    <p class='ocr_par' dir='ltr' id='par_1_15' title="bbox 2150 942 3801 1021">
     <span class='ocr_line' id='line_1_15' title="bbox 2150 942 3801 1021; baseline 0.002 -23"><span class='ocrx_word' id='word_1_82' title='bbox 2150 942 2237 998; x_wconf 71' lang='grc' dir='ltr'>ἐπὶ</span> <span class='ocrx_word' id='word_1_83' title='bbox 2266 947 2371 997; x_wconf 88' lang='grc' dir='ltr'>τῶν</span> <span class='ocrx_word' id='word_1_84' title='bbox 2402 942 2646 1019; x_wconf 71' lang='grc' dir='ltr'>ἀγγέλων</span> <span class='ocrx_word' id='word_1_85' title='bbox 2677 942 2765 997; x_wconf 82' lang='grc' dir='ltr'>καὶ</span> <span class='ocrx_word' id='word_1_86' title='bbox 2796 947 2903 997; x_wconf 85' lang='grc' dir='ltr'>τῶν</span> <span class='ocrx_word' id='word_1_87' title='bbox 2937 944 3158 1016; x_wconf 79' lang='grc' dir='ltr'>γυμνῶν</span> <span class='ocrx_word' id='word_1_88' title='bbox 3208 947 3400 1021; x_wconf 80' lang='grc' dir='ltr'>ψυχῶν</span> <span class='ocrx_word' id='word_1_89' title='bbox 3434 947 3546 1021; x_wconf 70' lang='grc' dir='ltr'>χρὴ</span> <span class='ocrx_word' id='word_1_90' title='bbox 3579 945 3801 1001; x_wconf 85' lang='grc' dir='ltr'>ἐννοεῖν.</span> 
     </span>
    </p>
   </div>
   <div class='ocr_carea' id='block_1_16' title="bbox 372 1027 2042 1114">
    <p class='ocr_par' dir='ltr' id='par_1_16' title="bbox 372 1027 2042 1114">
     <span class='ocr_line' id='line_1_16' title="bbox 372 1027 2042 1114; baseline -0.009 -19"><span class='ocrx_word' id='word_1_91' title='bbox 372 1040 593 1096; x_wconf 87' lang='lat' dir='ltr'>nudam</span> <span class='ocrx_word' id='word_1_92' title='bbox 648 1033 965 1091; x_wconf 79' lang='lat' dir='ltr'>essentiam</span> <span class='ocrx_word' id='word_1_93' title='bbox 1016 1029 1347 1099; x_wconf 77' lang='lat' dir='ltr'>archangeli</span> <span class='ocrx_word' id='word_1_94' title='bbox 1398 1028 1712 1097; x_wconf 87' lang='lat' dir='ltr'>Gabrielis,</span> <span class='ocrx_word' id='word_1_95' title='bbox 1765 1027 1853 1082; x_wconf 87' lang='lat' dir='ltr'>uti</span> <span class='ocrx_word' id='word_1_96' title='bbox 1887 1030 2042 1114; x_wconf 58' lang='lat' dir='ltr'>erat,</span> 
     </span>
    </p>
   </div>
   <div class='ocr_carea' id='block_1_17' title="bbox 373 1124 911 1198">
    <p class='ocr_par' dir='ltr' id='par_1_17' title="bbox 373 1124 911 1198">
     <span class='ocr_line' id='line_1_17' title="bbox 373 1124 911 1198; baseline -0.019 -12"><span class='ocrx_word' id='word_1_97' title='bbox 373 1124 775 1198; x_wconf 79' lang='lat' dir='ltr'>contemplata</span> <span class='ocrx_word' id='word_1_98' title='bbox 802 1126 911 1178; x_wconf 84' lang='lat' dir='ltr'>est.</span> 
     </span>
    </p>
   </div>
   <div class='ocr_carea' id='block_1_18' title="bbox 437 1203 2034 1283">
    <p class='ocr_par' dir='ltr' id='par_1_18' title="bbox 437 1203 2034 1283">
     <span class='ocr_line' id='line_1_18' title="bbox 437 1203 2034 1283; baseline -0.009 -10"><span class='ocrx_word' id='word_1_99' title='bbox 437 1220 667 1283; x_wconf 66' lang='grc' dir='ltr'>Ουλεετ.</span> <span class='ocrx_word' id='word_1_100' title='bbox 699 1212 885 1269; x_wconf 83' lang='grc' dir='ltr'>ΧΧΙΧ.</span> <span class='ocrx_word' id='word_1_101' title='bbox 921 1210 1066 1276; x_wconf 89' lang='lat' dir='ltr'>Quid</span> <span class='ocrx_word' id='word_1_102' title='bbox 1104 1224 1241 1280; x_wconf 89' lang='lat' dir='ltr'>ergo</span> <span class='ocrx_word' id='word_1_103' title='bbox 1267 1206 1290 1261; x_wconf 73' lang='grc' dir='ltr'>Ρ</span> <span class='ocrx_word' id='word_1_104' title='bbox 1315 1210 1522 1262; x_wconf 87' lang='lat' dir='ltr'>Annon</span> <span class='ocrx_word' id='word_1_105' title='bbox 1573 1212 1630 1261; x_wconf 88' lang='lat' dir='ltr'>et</span> <span class='ocrx_word' id='word_1_106' title='bbox 1676 1203 1789 1278; x_wconf 88' lang='lat' dir='ltr'>ipsi</span> <span class='ocrx_word' id='word_1_107' title='bbox 1840 1203 2034 1276; x_wconf 80' lang='lat' dir='ltr'>angeli</span> 
     </span>
    </p>
   </div>
   <div class='ocr_carea' id='block_1_19' title="bbox 2148 1030 3801 1106">
    <p class='ocr_par' dir='ltr' id='par_1_19' title="bbox 2148 1030 3801 1106">
     <span class='ocr_line' id='line_1_19' title="bbox 2148 1030 3801 1106; baseline 0 -18"><span class='ocrx_word' id='word_1_108' title='bbox 2148 1032 2300 1102; x_wconf 83' lang='grc' dir='ltr'>Μόνη</span> <span class='ocrx_word' id='word_1_109' title='bbox 2334 1030 2392 1086; x_wconf 72' lang='grc' dir='ltr'>δὲ</span> <span class='ocrx_word' id='word_1_110' title='bbox 2421 1035 2455 1101; x_wconf 78' lang='grc' dir='ltr'>ἡ</span> <span class='ocrx_word' id='word_1_111' title='bbox 2490 1031 2618 1106; x_wconf 77' lang='grc' dir='ltr'>ἁγία</span> <span class='ocrx_word' id='word_1_112' title='bbox 2646 1031 2930 1102; x_wconf 82' lang='grc' dir='ltr'>Θεοτὸκος,</span> <span class='ocrx_word' id='word_1_113' title='bbox 2985 1034 3199 1106; x_wconf 72' lang='grc' dir='ltr'>γυμνήν</span> <span class='ocrx_word' id='word_1_114' title='bbox 3261 1032 3469 1103; x_wconf 88' lang='grc' dir='ltr'>οὐσίαν,</span> <span class='ocrx_word' id='word_1_115' title='bbox 3528 1035 3601 1097; x_wconf 83' lang='grc' dir='ltr'>ὡς</span> <span class='ocrx_word' id='word_1_116' title='bbox 3659 1034 3801 1104; x_wconf 71' lang='grc' dir='ltr'>ἔστι,</span> 
     </span>
    </p>
   </div>
   <div class='ocr_carea' id='block_1_20' title="bbox 2144 1115 3195 1197">
    <p class='ocr_par' dir='ltr' id='par_1_20' title="bbox 2144 1115 3195 1197">
     <span class='ocr_line' id='line_1_20' title="bbox 2144 1115 3195 1197; baseline 0.003 -22"><span class='ocrx_word' id='word_1_117' title='bbox 2144 1126 2241 1175; x_wconf 79' lang='grc' dir='ltr'>τοῦ</span> <span class='ocrx_word' id='word_1_118' title='bbox 2274 1120 2616 1197; x_wconf 69' lang='grc' dir='ltr'>ἀρχαγγέλου</span> <span class='ocrx_word' id='word_1_119' title='bbox 2646 1115 2892 1197; x_wconf 73' lang='grc' dir='ltr'>Γαϐριὴλ</span> <span class='ocrx_word' id='word_1_120' title='bbox 2921 1120 3195 1179; x_wconf 78' lang='grc' dir='ltr'>ἐθεάσατο.</span> 
     </span>
    </p>
   </div>
   <div class='ocr_carea' id='block_1_21' title="bbox 2215 1207 3798 1288">
    <p class='ocr_par' dir='ltr' id='par_1_21' title="bbox 2215 1207 3798 1288">
     <span class='ocr_line' id='line_1_21' title="bbox 2215 1207 3798 1288; baseline 0.002 -22"><span class='ocrx_word' id='word_1_121' title='bbox 2215 1211 2409 1287; x_wconf 86' lang='grc' dir='ltr'>Ἐρώτ.</span> <span class='ocrx_word' id='word_1_122' title='bbox 2440 1212 2540 1267; x_wconf 70' lang='grc' dir='ltr'>κδ’.</span> <span class='ocrx_word' id='word_1_123' title='bbox 2574 1210 2642 1268; x_wconf 88' lang='grc' dir='ltr'>Τί</span> <span class='ocrx_word' id='word_1_124' title='bbox 2692 1210 2824 1281; x_wconf 86' lang='grc' dir='ltr'>οὗν;</span> <span class='ocrx_word' id='word_1_125' title='bbox 2876 1207 3017 1269; x_wconf 77' lang='grc' dir='ltr'>Οὐδὶ</span> <span class='ocrx_word' id='word_1_126' title='bbox 3065 1212 3119 1266; x_wconf 71' lang='grc' dir='ltr'>οἳ</span> <span class='ocrx_word' id='word_1_127' title='bbox 3162 1210 3382 1288; x_wconf 81' lang='grc' dir='ltr'>ἄγγελοι</span> <span class='ocrx_word' id='word_1_128' title='bbox 3438 1214 3555 1269; x_wconf 84' lang='grc' dir='ltr'>κατ’</span> <span class='ocrx_word' id='word_1_129' title='bbox 3609 1213 3798 1269; x_wconf 88' lang='grc' dir='ltr'>οὐσίαν</span> 
     </span>
    </p>
   </div>
   <div class='ocr_carea' id='block_1_22' title="bbox 364 1294 2019 1377">
    <p class='ocr_par' dir='ltr' id='par_1_22' title="bbox 364 1294 2019 1365">
     <span class='ocr_line' id='line_1_22' title="bbox 364 1294 2019 1365; baseline -0.01 0"><span class='ocrx_word' id='word_1_130' title='bbox 364 1305 696 1365; x_wconf 88' lang='lat' dir='ltr'>secundum</span> <span class='ocrx_word' id='word_1_131' title='bbox 748 1298 1144 1357; x_wconf 85' lang='lat' dir='ltr'>substantiam</span> <span class='ocrx_word' id='word_1_132' title='bbox 1192 1296 1533 1351; x_wconf 89' lang='lat' dir='ltr'>hominibus</span> <span class='ocrx_word' id='word_1_133' title='bbox 1566 1294 1624 1350; x_wconf 90' lang='lat' dir='ltr'>in</span> <span class='ocrx_word' id='word_1_134' title='bbox 1656 1298 1814 1351; x_wconf 89' lang='lat' dir='ltr'>terra</span> <span class='ocrx_word' id='word_1_135' title='bbox 1847 1309 2019 1365; x_wconf 89' lang='lat' dir='ltr'>appa-</span> 
     </span>
    </p>
   </div>
   <div class='ocr_carea' id='block_1_23' title="bbox 2143 1294 3326 1377">
    <p class='ocr_par' dir='ltr' id='par_1_23' title="bbox 2143 1298 3326 1377">
     <span class='ocr_line' id='line_1_23' title="bbox 2143 1298 3326 1377; baseline 0.003 -23"><span class='ocrx_word' id='word_1_136' title='bbox 2143 1298 2422 1377; x_wconf 80' lang='grc' dir='ltr'>φαίνονται</span> <span class='ocrx_word' id='word_1_137' title='bbox 2456 1298 2542 1355; x_wconf 76' lang='grc' dir='ltr'>ἐπὶ</span> <span class='ocrx_word' id='word_1_138' title='bbox 2572 1306 2674 1370; x_wconf 81' lang='grc' dir='ltr'>τῆς</span> <span class='ocrx_word' id='word_1_139' title='bbox 2701 1306 2805 1376; x_wconf 82' lang='grc' dir='ltr'>γῆς</span> <span class='ocrx_word' id='word_1_140' title='bbox 2834 1304 2950 1363; x_wconf 82' lang='grc' dir='ltr'>τοῖς</span> <span class='ocrx_word' id='word_1_141' title='bbox 2979 1299 3287 1377; x_wconf 83' lang='grc' dir='ltr'>ἀνθρώποις</span> <span class='ocrx_word' id='word_1_142' title='bbox 3311 1321 3326 1372; x_wconf 86' lang='grc'>;</span> 
     </span>
    </p>
   </div>
   <div class='ocr_carea' id='block_1_24' title="bbox 364 1393 543 1454">
    <p class='ocr_par' dir='ltr' id='par_1_24' title="bbox 364 1393 543 1454">
     <span class='ocr_line' id='line_1_24' title="bbox 364 1393 543 1454; baseline -0.028 0"><span class='ocrx_word' id='word_1_143' title='bbox 364 1393 543 1454; x_wconf 85' lang='lat' dir='ltr'>rect?</span> 
     </span>
    </p>
   </div>
   <div class='ocr_carea' id='block_1_25' title="bbox 437 1470 2027 1545">
    <p class='ocr_par' dir='ltr' id='par_1_25' title="bbox 437 1470 2027 1545">
     <span class='ocr_line' id='line_1_25' title="bbox 437 1470 2027 1545; baseline -0.011 -2"><span class='ocrx_word' id='word_1_144' title='bbox 437 1488 623 1543; x_wconf 76' lang='lat' dir='ltr'>Resp.</span> <span class='ocrx_word' id='word_1_145' title='bbox 675 1478 951 1537; x_wconf 87' lang='lat' dir='ltr'>Minime.</span> <span class='ocrx_word' id='word_1_146' title='bbox 1002 1476 1117 1531; x_wconf 89' lang='lat' dir='ltr'>Nec</span> <span class='ocrx_word' id='word_1_147' title='bbox 1161 1475 1319 1530; x_wconf 91' lang='lat' dir='ltr'>enim</span> <span class='ocrx_word' id='word_1_148' title='bbox 1371 1472 1771 1545; x_wconf 86' lang='lat' dir='ltr'>corruptibilis</span> <span class='ocrx_word' id='word_1_149' title='bbox 1820 1470 2027 1527; x_wconf 88' lang='lat' dir='ltr'>oculus</span> 
     </span>
    </p>
   </div>
   <div class='ocr_carea' id='block_1_26' title="bbox 368 1559 2021 1637">
    <p class='ocr_par' dir='ltr' id='par_1_26' title="bbox 368 1559 2021 1637">
     <span class='ocr_line' id='line_1_26' title="bbox 368 1559 2021 1637; baseline -0.01 -5"><span class='ocrx_word' id='word_1_150' title='bbox 368 1572 762 1632; x_wconf 79' lang='lat' dir='ltr'>substantiam</span> <span class='ocrx_word' id='word_1_151' title='bbox 798 1563 1337 1637; x_wconf 89' lang='lat' dir='ltr'>inccorruptibilem</span> <span class='ocrx_word' id='word_1_152' title='bbox 1373 1568 1567 1635; x_wconf 85' lang='lat' dir='ltr'>potest</span> <span class='ocrx_word' id='word_1_153' title='bbox 1614 1559 2021 1633; x_wconf 89' lang='lat' dir='ltr'>contemplari.</span> 
     </span>
    </p>
   </div>
   <div class='ocr_carea' id='block_1_27' title="bbox 362 1650 2021 1731">
    <p class='ocr_par' dir='ltr' id='par_1_27' title="bbox 362 1650 2021 1731">
     <span class='ocr_line' id='line_1_27' title="bbox 362 1650 2021 1731; baseline -0.011 -9"><span class='ocrx_word' id='word_1_154' title='bbox 362 1665 505 1721; x_wconf 86' lang='lat' dir='ltr'>Inde</span> <span class='ocrx_word' id='word_1_155' title='bbox 533 1678 667 1717; x_wconf 87' lang='lat' dir='ltr'>vero</span> <span class='ocrx_word' id='word_1_156' title='bbox 702 1662 900 1731; x_wconf 89' lang='lat' dir='ltr'>aperte</span> <span class='ocrx_word' id='word_1_157' title='bbox 930 1654 1063 1711; x_wconf 92' lang='lat' dir='ltr'>licet</span> <span class='ocrx_word' id='word_1_158' title='bbox 1093 1668 1440 1726; x_wconf 84' lang='lat' dir='ltr'>cognoscere</span> <span class='ocrx_word' id='word_1_159' title='bbox 1472 1650 1712 1724; x_wconf 87' lang='lat' dir='ltr'>angelos</span> <span class='ocrx_word' id='word_1_160' title='bbox 1767 1667 1880 1706; x_wconf 89' lang='lat' dir='ltr'>non</span> <span class='ocrx_word' id='word_1_161' title='bbox 1928 1665 2021 1706; x_wconf 86' lang='lat' dir='ltr'>se-</span> 
     </span>
    </p>
   </div>
   <div class='ocr_carea' id='block_1_28' title="bbox 357 1740 2017 1814">
    <p class='ocr_par' dir='ltr' id='par_1_28' title="bbox 357 1740 2017 1814">
     <span class='ocr_line' id='line_1_28' title="bbox 357 1740 2017 1814; baseline -0.01 -4"><span class='ocrx_word' id='word_1_162' title='bbox 357 1753 621 1810; x_wconf 89' lang='lat' dir='ltr'>cundum</span> <span class='ocrx_word' id='word_1_163' title='bbox 668 1744 1066 1805; x_wconf 86' lang='lat' dir='ltr'>substantiam</span> <span class='ocrx_word' id='word_1_164' title='bbox 1119 1743 1284 1798; x_wconf 91' lang='lat' dir='ltr'>nobis</span> <span class='ocrx_word' id='word_1_165' title='bbox 1336 1757 1649 1814; x_wconf 88' lang='lat' dir='ltr'>apparere,</span> <span class='ocrx_word' id='word_1_166' title='bbox 1693 1740 1847 1812; x_wconf 75' lang='lat' dir='ltr'>quod</span> <span class='ocrx_word' id='word_1_167' title='bbox 1902 1756 2017 1795; x_wconf 90' lang='lat' dir='ltr'>non</span> 
     </span>
    </p>
   </div>
   <div class='ocr_carea' id='block_1_29' title="bbox 356 1829 2016 1914">
    <p class='ocr_par' dir='ltr' id='par_1_29' title="bbox 356 1829 2016 1914">
     <span class='ocr_line' id='line_1_29' title="bbox 356 1829 2016 1914; baseline -0.01 -15"><span class='ocrx_word' id='word_1_168' title='bbox 356 1859 478 1899; x_wconf 89' lang='lat' dir='ltr'>una</span> <span class='ocrx_word' id='word_1_169' title='bbox 525 1842 715 1914; x_wconf 83' lang='lat' dir='ltr'>ﬁgura</span> <span class='ocrx_word' id='word_1_170' title='bbox 763 1837 821 1891; x_wconf 90' lang='lat' dir='ltr'>in</span> <span class='ocrx_word' id='word_1_171' title='bbox 855 1834 1028 1891; x_wconf 89' lang='lat' dir='ltr'>terris</span> <span class='ocrx_word' id='word_1_172' title='bbox 1060 1836 1397 1904; x_wconf 89' lang='lat' dir='ltr'>appareant.</span> <span class='ocrx_word' id='word_1_173' title='bbox 1431 1831 1576 1886; x_wconf 89' lang='lat' dir='ltr'>Nam</span> <span class='ocrx_word' id='word_1_174' title='bbox 1606 1829 1703 1885; x_wconf 89' lang='lat' dir='ltr'>alii</span> <span class='ocrx_word' id='word_1_175' title='bbox 1727 1831 2016 1901; x_wconf 85' lang='lat' dir='ltr'>juvenum</span> 
     </span>
    </p>
   </div>
   <div class='ocr_carea' id='block_1_30' title="bbox 356 1917 2020 2003">
    <p class='ocr_par' dir='ltr' id='par_1_30' title="bbox 356 1917 2020 2003">
     <span class='ocr_line' id='line_1_30' title="bbox 356 1917 2020 2003; baseline -0.01 -14"><span class='ocrx_word' id='word_1_176' title='bbox 356 1932 609 1988; x_wconf 79' lang='lat' dir='ltr'>formam</span> <span class='ocrx_word' id='word_1_177' title='bbox 641 1927 995 1992; x_wconf 90' lang='lat' dir='ltr'>assumunt;</span> <span class='ocrx_word' id='word_1_178' title='bbox 1018 1921 1127 2003; x_wconf 49' lang='lat' dir='ltr'>alii</span> <span class='ocrx_word' id='word_1_179' title='bbox 1177 1919 1453 1976; x_wconf 81' lang='lat' dir='ltr'>militum.</span> <span class='ocrx_word' id='word_1_180' title='bbox 1502 1918 1764 1991; x_wconf 90' lang='lat' dir='ltr'>Denique</span> <span class='ocrx_word' id='word_1_181' title='bbox 1803 1917 2020 1973; x_wconf 90' lang='lat' dir='ltr'>multas</span> 
     </span>
    </p>
   </div>
   <div class='ocr_carea' id='block_1_31' title="bbox 350 2007 2025 2082">
    <p class='ocr_par' dir='ltr' id='par_1_31' title="bbox 350 2007 2025 2082">
     <span class='ocr_line' id='line_1_31' title="bbox 350 2007 2025 2082; baseline -0.007 -4"><span class='ocrx_word' id='word_1_182' title='bbox 350 2021 439 2077; x_wconf 89' lang='lat' dir='ltr'>illi</span> <span class='ocrx_word' id='word_1_183' title='bbox 467 2020 687 2077; x_wconf 85' lang='lat' dir='ltr'>formas</span> <span class='ocrx_word' id='word_1_184' title='bbox 718 2015 978 2072; x_wconf 88' lang='lat' dir='ltr'>induunt</span> <span class='ocrx_word' id='word_1_185' title='bbox 1011 2029 1024 2068; x_wconf 90' lang='lat'><strong>:</strong></span> <span class='ocrx_word' id='word_1_186' title='bbox 1059 2015 1118 2067; x_wconf 92' lang='lat' dir='ltr'>at</span> <span class='ocrx_word' id='word_1_187' title='bbox 1149 2028 1267 2067; x_wconf 91' lang='lat' dir='ltr'>una</span> <span class='ocrx_word' id='word_1_188' title='bbox 1297 2010 1562 2082; x_wconf 88' lang='lat' dir='ltr'>ipsorum</span> <span class='ocrx_word' id='word_1_189' title='bbox 1594 2012 1684 2064; x_wconf 91' lang='lat' dir='ltr'>est</span> <span class='ocrx_word' id='word_1_190' title='bbox 1733 2007 2025 2067; x_wconf 87' lang='lat' dir='ltr'>substan.</span> 
     </span>
    </p>
   </div>
   <div class='ocr_carea' id='block_1_32' title="bbox 353 2108 460 2168">
    <p class='ocr_par' dir='ltr' id='par_1_32' title="bbox 353 2108 460 2168">
     <span class='ocr_line' id='line_1_32' title="bbox 353 2108 460 2168; baseline -0.019 0"><span class='ocrx_word' id='word_1_191' title='bbox 353 2108 460 2168; x_wconf 84' lang='lat' dir='ltr'>tia.</span> 
     </span>
    </p>
   </div>
   <div class='ocr_carea' id='block_1_33' title="bbox 432 2186 2024 2266">
    <p class='ocr_par' dir='ltr' id='par_1_33' title="bbox 432 2186 2024 2266">
     <span class='ocr_line' id='line_1_33' title="bbox 432 2186 2024 2266; baseline -0.008 -11"><span class='ocrx_word' id='word_1_192' title='bbox 432 2201 652 2266; x_wconf 60' lang='lat' dir='ltr'>Qnms&#39;r.</span> <span class='ocrx_word' id='word_1_193' title='bbox 686 2194 850 2252; x_wconf 85' lang='lat' dir='ltr'>XXX.</span> <span class='ocrx_word' id='word_1_194' title='bbox 896 2193 1175 2258; x_wconf 68' lang='lat' dir='ltr'>Quianam</span> <span class='ocrx_word' id='word_1_195' title='bbox 1225 2193 1316 2246; x_wconf 90' lang='lat' dir='ltr'>est</span> <span class='ocrx_word' id='word_1_196' title='bbox 1366 2187 1627 2245; x_wconf 80' lang='lat' dir='ltr'>deﬁnitio</span> <span class='ocrx_word' id='word_1_197' title='bbox 1680 2186 2024 2243; x_wconf 72' lang='lat' dir='ltr'>substantiae</span> 
     </span>
    </p>
   </div>
   <div class='ocr_carea' id='block_1_34' title="bbox 357 2286 748 2364">
    <p class='ocr_par' dir='ltr' id='par_1_34' title="bbox 357 2286 748 2364">
     <span class='ocr_line' id='line_1_34' title="bbox 357 2286 748 2364; baseline -0.015 -17"><span class='ocrx_word' id='word_1_198' title='bbox 357 2288 702 2364; x_wconf 81' lang='lat' dir='ltr'>angelorum</span> <span class='ocrx_word' id='word_1_199' title='bbox 719 2286 748 2341; x_wconf 80' lang='lat' dir='ltr'>‘I</span> 
     </span>
    </p>
   </div>
   <div class='ocr_carea' id='block_1_35' title="bbox 423 2365 2017 2447">
    <p class='ocr_par' dir='ltr' id='par_1_35' title="bbox 423 2365 2017 2447">
     <span class='ocr_line' id='line_1_35' title="bbox 423 2365 2017 2447; baseline -0.008 -12"><span class='ocrx_word' id='word_1_200' title='bbox 423 2372 864 2447; x_wconf 60' lang='lat' dir='ltr'>Rasmtngelus</span> <span class='ocrx_word' id='word_1_201' title='bbox 895 2376 985 2428; x_wconf 90' lang='lat' dir='ltr'>est</span> <span class='ocrx_word' id='word_1_202' title='bbox 1014 2370 1251 2427; x_wconf 87' lang='lat' dir='ltr'>animal</span> <span class='ocrx_word' id='word_1_203' title='bbox 1282 2367 1588 2435; x_wconf 83' lang='lat' dir='ltr'>rationale,</span> <span class='ocrx_word' id='word_1_204' title='bbox 1614 2365 2017 2435; x_wconf 89' lang='lat' dir='ltr'>immateriale,</span> 
     </span>
    </p>
   </div>
   <div class='ocr_carea' id='block_1_36' title="bbox 351 2459 1204 2542">
    <p class='ocr_par' dir='ltr' id='par_1_36' title="bbox 351 2459 1204 2542">
     <span class='ocr_line' id='line_1_36' title="bbox 351 2459 1204 2542; baseline -0.015 -15"><span class='ocrx_word' id='word_1_205' title='bbox 351 2467 807 2542; x_wconf 79' lang='lat' dir='ltr'>hymnisonum,</span> <span class='ocrx_word' id='word_1_206' title='bbox 853 2459 1204 2517; x_wconf 84' lang='lat' dir='ltr'>immortale.</span> 
     </span>
    </p>
   </div>
   <div class='ocr_carea' id='block_1_37' title="bbox 430 2545 2018 2623">
    <p class='ocr_par' dir='ltr' id='par_1_37' title="bbox 430 2545 2018 2623">
     <span class='ocr_line' id='line_1_37' title="bbox 430 2545 2018 2623; baseline -0.008 -9"><span class='ocrx_word' id='word_1_207' title='bbox 430 2560 668 2623; x_wconf 66' lang='lat' dir='ltr'>Qus-:s&#39;r.</span> <span class='ocrx_word' id='word_1_208' title='bbox 719 2551 932 2608; x_wconf 78' lang='grc' dir='ltr'><strong>ΧΧΧΙ.</strong></span> <span class='ocrx_word' id='word_1_209' title='bbox 983 2549 1289 2614; x_wconf 85' lang='lat' dir='ltr'>Quodnam</span> <span class='ocrx_word' id='word_1_210' title='bbox 1339 2563 1485 2620; x_wconf 87' lang='lat' dir='ltr'>opus</span> <span class='ocrx_word' id='word_1_211' title='bbox 1534 2550 1624 2603; x_wconf 91' lang='lat' dir='ltr'>est</span> <span class='ocrx_word' id='word_1_212' title='bbox 1691 2545 2018 2602; x_wconf 80' lang='lat' dir='ltr'>caelestium</span> 
     </span>
    </p>
   </div>
   <div class='ocr_carea' id='block_1_38' title="bbox 355 2636 979 2703">
    <p class='ocr_par' dir='ltr' id='par_1_38' title="bbox 355 2636 979 2703">
     <span class='ocr_line' id='line_1_38' title="bbox 355 2636 979 2703; baseline -0.014 0"><span class='ocrx_word' id='word_1_213' title='bbox 355 2647 641 2703; x_wconf 83' lang='lat' dir='ltr'>virtutum</span> <span class='ocrx_word' id='word_1_214' title='bbox 674 2643 735 2698; x_wconf 90' lang='lat' dir='ltr'>in</span> <span class='ocrx_word' id='word_1_215' title='bbox 767 2636 979 2696; x_wconf 62' lang='lat' dir='ltr'>caelis?</span> 
     </span>
    </p>
   </div>
   <div class='ocr_carea' id='block_1_39' title="bbox 430 2725 2017 2805">
    <p class='ocr_par' dir='ltr' id='par_1_39' title="bbox 430 2725 2017 2805">
     <span class='ocr_line' id='line_1_39' title="bbox 430 2725 2017 2805; baseline -0.006 -14"><span class='ocrx_word' id='word_1_216' title='bbox 430 2735 599 2791; x_wconf 72' lang='lat' dir='ltr'>Rssr.</span> <span class='ocrx_word' id='word_1_217' title='bbox 653 2733 916 2805; x_wconf 80' lang='lat' dir='ltr'>Hymnus</span> <span class='ocrx_word' id='word_1_218' title='bbox 970 2744 1273 2799; x_wconf 89' lang='lat' dir='ltr'>nunquam</span> <span class='ocrx_word' id='word_1_219' title='bbox 1324 2725 1720 2797; x_wconf 88' lang='lat' dir='ltr'>intermissus,</span> <span class='ocrx_word' id='word_1_220' title='bbox 1770 2725 2017 2797; x_wconf 90' lang='lat' dir='ltr'>lausque</span> 
     </span>
    </p>
   </div>
   <div class='ocr_carea' id='block_1_40' title="bbox 357 2816 2017 2899">
    <p class='ocr_par' dir='ltr' id='par_1_40' title="bbox 357 2816 2017 2899">
     <span class='ocr_line' id='line_1_40' title="bbox 357 2816 2017 2899; baseline -0.007 -17"><span class='ocrx_word' id='word_1_221' title='bbox 357 2822 635 2899; x_wconf 89' lang='lat' dir='ltr'>perennis</span> <span class='ocrx_word' id='word_1_222' title='bbox 663 2817 1107 2894; x_wconf 69' lang='lat' dir='ltr'>magniﬁcentia:</span> <span class='ocrx_word' id='word_1_223' title='bbox 1139 2816 1238 2873; x_wconf 89' lang='lat' dir='ltr'>Dei</span> <span class='ocrx_word' id='word_1_224' title='bbox 1275 2834 1288 2872; x_wconf 90' lang='lat'>:</span> <span class='ocrx_word' id='word_1_225' title='bbox 1324 2817 1469 2871; x_wconf 86' lang='lat' dir='ltr'>forte</span> <span class='ocrx_word' id='word_1_226' title='bbox 1501 2816 1677 2872; x_wconf 89' lang='lat' dir='ltr'>etiam</span> <span class='ocrx_word' id='word_1_227' title='bbox 1711 2816 1897 2872; x_wconf 84' lang='lat' dir='ltr'>oratio</span> <span class='ocrx_word' id='word_1_228' title='bbox 1928 2832 2017 2872; x_wconf 86' lang='lat' dir='ltr'>as-</span> 
     </span>
    </p>
   </div>
   <div class='ocr_carea' id='block_1_41' title="bbox 358 2904 2016 2985">
    <p class='ocr_par' dir='ltr' id='par_1_41' title="bbox 358 2904 2016 2985">
     <span class='ocr_line' id='line_1_41' title="bbox 358 2904 2016 2985; baseline -0.006 -15"><span class='ocrx_word' id='word_1_229' title='bbox 358 2914 531 2969; x_wconf 85' lang='lat' dir='ltr'>sidua</span> <span class='ocrx_word' id='word_1_230' title='bbox 564 2928 667 2985; x_wconf 91' lang='lat' dir='ltr'>pro</span> <span class='ocrx_word' id='word_1_231' title='bbox 701 2913 902 2966; x_wconf 87' lang='lat' dir='ltr'>nostra</span> <span class='ocrx_word' id='word_1_232' title='bbox 933 2905 1139 2963; x_wconf 90' lang='lat' dir='ltr'>salute.</span> <span class='ocrx_word' id='word_1_233' title='bbox 1191 2904 1434 2969; x_wconf 88' lang='lat' dir='ltr'>Quando</span> <span class='ocrx_word' id='word_1_234' title='bbox 1486 2922 1618 2960; x_wconf 84' lang='lat' dir='ltr'>vero</span> <span class='ocrx_word' id='word_1_235' title='bbox 1668 2905 1904 2961; x_wconf 87' lang='lat' dir='ltr'>ordines</span> <span class='ocrx_word' id='word_1_236' title='bbox 1958 2909 2016 2961; x_wconf 90' lang='lat' dir='ltr'>et</span> 
     </span>
    </p>
   </div>
   <div class='ocr_carea' id='block_1_42' title="bbox 356 2993 2015 3068">
    <p class='ocr_par' dir='ltr' id='par_1_42' title="bbox 356 2993 2015 3068">
     <span class='ocr_line' id='line_1_42' title="bbox 356 2993 2015 3068; baseline -0.006 -9"><span class='ocrx_word' id='word_1_237' title='bbox 356 3002 578 3059; x_wconf 72' lang='lat' dir='ltr'>militiis</span> <span class='ocrx_word' id='word_1_238' title='bbox 627 2999 926 3068; x_wconf 89' lang='lat' dir='ltr'>dicuntur,</span> <span class='ocrx_word' id='word_1_239' title='bbox 979 2994 1428 3067; x_wconf 88' lang='lat' dir='ltr'>intelligendum</span> <span class='ocrx_word' id='word_1_240' title='bbox 1470 2999 1559 3050; x_wconf 91' lang='lat' dir='ltr'>est</span> <span class='ocrx_word' id='word_1_241' title='bbox 1588 2993 1856 3050; x_wconf 89' lang='lat' dir='ltr'>ordinem</span> <span class='ocrx_word' id='word_1_242' title='bbox 1886 3010 2015 3050; x_wconf 88' lang='lat' dir='ltr'>esse</span> 
     </span>
    </p>
   </div>
   <div class='ocr_carea' id='block_1_43' title="bbox 354 3083 2012 3164">
    <p class='ocr_par' dir='ltr' id='par_1_43' title="bbox 354 3083 2012 3164">
     <span class='ocr_line' id='line_1_43' title="bbox 354 3083 2012 3164; baseline -0.006 -17"><span class='ocrx_word' id='word_1_243' title='bbox 354 3089 701 3164; x_wconf 85' lang='lat' dir='ltr'>magisterii,</span> <span class='ocrx_word' id='word_1_244' title='bbox 731 3086 999 3144; x_wconf 87' lang='lat' dir='ltr'>ordinem</span> <span class='ocrx_word' id='word_1_245' title='bbox 1030 3084 1245 3151; x_wconf 82' lang='lat' dir='ltr'>tutelae,</span> <span class='ocrx_word' id='word_1_246' title='bbox 1300 3083 1566 3140; x_wconf 87' lang='lat' dir='ltr'>ordinem</span> <span class='ocrx_word' id='word_1_247' title='bbox 1620 3084 2012 3157; x_wconf 66' lang='lat' dir='ltr'>providentiae,</span> 
     </span>
    </p>
   </div>
   <div class='ocr_carea' id='block_1_44' title="bbox 353 3173 2009 3245">
    <p class='ocr_par' dir='ltr' id='par_1_44' title="bbox 353 3173 2009 3245">
     <span class='ocr_line' id='line_1_44' title="bbox 353 3173 2009 3245; baseline -0.004 -8"><span class='ocrx_word' id='word_1_248' title='bbox 353 3181 621 3237; x_wconf 79' lang='lat' dir='ltr'>ordinem</span> <span class='ocrx_word' id='word_1_249' title='bbox 673 3173 1004 3244; x_wconf 89' lang='lat' dir='ltr'>ministerii,</span> <span class='ocrx_word' id='word_1_250' title='bbox 1042 3174 1317 3242; x_wconf 79' lang='lat' dir='ltr'>ordinem</span> <span class='ocrx_word' id='word_1_251' title='bbox 1349 3174 1713 3245; x_wconf 87' lang='lat' dir='ltr'>punientem,</span> <span class='ocrx_word' id='word_1_252' title='bbox 1745 3174 2009 3230; x_wconf 90' lang='lat' dir='ltr'>ordinem</span> 
     </span>
    </p>
   </div>
   <div class='ocr_carea' id='block_1_45' title="bbox 355 3238 2085 3347">
    <p class='ocr_par' dir='ltr' id='par_1_45' title="bbox 355 3238 2085 3347">
     <span class='ocr_line' id='line_1_45' title="bbox 355 3238 2085 3347; baseline -0.005 -19"><span class='ocrx_word' id='word_1_253' title='bbox 355 3270 455 3347; x_wconf 90' lang='lat' dir='ltr'>qui</span> <span class='ocrx_word' id='word_1_254' title='bbox 486 3270 714 3327; x_wconf 87' lang='lat' dir='ltr'>animas</span> <span class='ocrx_word' id='word_1_255' title='bbox 746 3263 1270 3339; x_wconf 89' lang='lat' dir='ltr'>separet,ordinem</span> <span class='ocrx_word' id='word_1_256' title='bbox 1301 3262 1360 3318; x_wconf 89' lang='lat' dir='ltr'>in</span> <span class='ocrx_word' id='word_1_257' title='bbox 1393 3262 1524 3319; x_wconf 90' lang='lat' dir='ltr'>aliis</span> <span class='ocrx_word' id='word_1_258' title='bbox 1544 3268 2009 3336; x_wconf 84' lang='lat' dir='ltr'>permanentem.</span> <span class='ocrx_word' id='word_1_259' title='bbox 2041 3238 2085 3307; x_wconf 64' lang='grc' dir='ltr'><strong>θ</strong></span> 
     </span>
    </p>
   </div>
   <div class='ocr_carea' id='block_1_46' title="bbox 360 3351 2019 3426">
    <p class='ocr_par' dir='ltr' id='par_1_46' title="bbox 360 3351 2019 3426">
     <span class='ocr_line' id='line_1_46' title="bbox 360 3351 2019 3426; baseline -0.003 -12"><span class='ocrx_word' id='word_1_260' title='bbox 360 3364 539 3415; x_wconf 91' lang='lat' dir='ltr'>Porro</span> <span class='ocrx_word' id='word_1_261' title='bbox 572 3362 637 3413; x_wconf 91' lang='lat' dir='ltr'>ut</span> <span class='ocrx_word' id='word_1_262' title='bbox 665 3355 859 3412; x_wconf 87' lang='lat' dir='ltr'>varios</span> <span class='ocrx_word' id='word_1_263' title='bbox 887 3367 1277 3426; x_wconf 89' lang='lat' dir='ltr'>supernarum</span> <span class='ocrx_word' id='word_1_264' title='bbox 1310 3351 1593 3407; x_wconf 83' lang='lat' dir='ltr'>virtutum</span> <span class='ocrx_word' id='word_1_265' title='bbox 1626 3352 1861 3409; x_wconf 90' lang='lat' dir='ltr'>ordines</span> <span class='ocrx_word' id='word_1_266' title='bbox 1891 3369 2019 3410; x_wconf 90' lang='lat' dir='ltr'>esse</span> 
     </span>
    </p>
   </div>
   <div class='ocr_carea' id='block_1_47' title="bbox 355 3441 2016 3514">
    <p class='ocr_par' dir='ltr' id='par_1_47' title="bbox 355 3441 2016 3514">
     <span class='ocr_line' id='line_1_47' title="bbox 355 3441 2016 3514; baseline -0.007 -9"><span class='ocrx_word' id='word_1_267' title='bbox 355 3448 648 3514; x_wconf 87' lang='lat' dir='ltr'>novimus,</span> <span class='ocrx_word' id='word_1_268' title='bbox 676 3445 761 3501; x_wconf 91' lang='lat' dir='ltr'>sic</span> <span class='ocrx_word' id='word_1_269' title='bbox 792 3449 933 3500; x_wconf 90' lang='lat' dir='ltr'>sunt</span> <span class='ocrx_word' id='word_1_270' title='bbox 960 3441 1249 3498; x_wconf 87' lang='lat' dir='ltr'>stationes</span> <span class='ocrx_word' id='word_1_271' title='bbox 1279 3444 1337 3496; x_wconf 91' lang='lat' dir='ltr'>et</span> <span class='ocrx_word' id='word_1_272' title='bbox 1366 3441 1727 3513; x_wconf 86' lang='lat' dir='ltr'>cognitiones</span> <span class='ocrx_word' id='word_1_273' title='bbox 1754 3441 2016 3499; x_wconf 67' lang='lat' dir='ltr'>diverse.</span> 
     </span>
    </p>
   </div>
   <div class='ocr_carea' id='block_1_48' title="bbox 353 3529 2017 3608">
    <p class='ocr_par' dir='ltr' id='par_1_48' title="bbox 353 3529 2017 3608">
     <span class='ocr_line' id='line_1_48' title="bbox 353 3529 2017 3608; baseline -0.004 -14"><span class='ocrx_word' id='word_1_274' title='bbox 353 3536 623 3608; x_wconf 88' lang='lat' dir='ltr'>Namque</span> <span class='ocrx_word' id='word_1_275' title='bbox 644 3533 864 3599; x_wconf 87' lang='lat' dir='ltr'>throni,</span> <span class='ocrx_word' id='word_1_276' title='bbox 897 3529 1200 3587; x_wconf 89' lang='lat' dir='ltr'>cherubim</span> <span class='ocrx_word' id='word_1_277' title='bbox 1233 3535 1291 3585; x_wconf 91' lang='lat' dir='ltr'>et</span> <span class='ocrx_word' id='word_1_278' title='bbox 1324 3530 1622 3603; x_wconf 87' lang='lat' dir='ltr'>seraphim</span> <span class='ocrx_word' id='word_1_279' title='bbox 1654 3530 1783 3587; x_wconf 88' lang='lat' dir='ltr'>sine</span> <span class='ocrx_word' id='word_1_280' title='bbox 1824 3532 2017 3588; x_wconf 88' lang='lat' dir='ltr'>medio</span> 
     </span>
    </p>
   </div>
   <div class='ocr_carea' id='block_1_49' title="bbox 356 3618 2018 3692">
    <p class='ocr_par' dir='ltr' id='par_1_49' title="bbox 356 3618 2018 3692">
     <span class='ocr_line' id='line_1_49' title="bbox 356 3618 2018 3692; baseline -0.002 -10"><span class='ocrx_word' id='word_1_281' title='bbox 356 3643 391 3681; x_wconf 88' lang='lat' dir='ltr'>a</span> <span class='ocrx_word' id='word_1_282' title='bbox 421 3624 540 3681; x_wconf 92' lang='lat' dir='ltr'>Deo</span> <span class='ocrx_word' id='word_1_283' title='bbox 573 3625 878 3687; x_wconf 89' lang='lat' dir='ltr'>docentur,</span> <span class='ocrx_word' id='word_1_284' title='bbox 913 3625 978 3676; x_wconf 89' lang='lat' dir='ltr'>ut</span> <span class='ocrx_word' id='word_1_285' title='bbox 1009 3618 1109 3692; x_wconf 90' lang='lat' dir='ltr'>qui</span> <span class='ocrx_word' id='word_1_286' title='bbox 1142 3618 1368 3675; x_wconf 69' lang='lat' dir='ltr'>cazteris</span> <span class='ocrx_word' id='word_1_287' title='bbox 1399 3621 1518 3675; x_wconf 88' lang='lat' dir='ltr'>sint</span> <span class='ocrx_word' id='word_1_288' title='bbox 1558 3619 1912 3692; x_wconf 87' lang='lat' dir='ltr'>superiores,</span> <span class='ocrx_word' id='word_1_289' title='bbox 1958 3625 2018 3678; x_wconf 91' lang='lat' dir='ltr'>et</span> 
     </span>
    </p>
   </div>
   <div class='ocr_carea' id='block_1_50' title="bbox 366 3708 2016 3787">
    <p class='ocr_par' dir='ltr' id='par_1_50' title="bbox 366 3708 2016 3787">
     <span class='ocr_line' id='line_1_50' title="bbox 366 3708 2016 3787; baseline -0.003 -15"><span class='ocrx_word' id='word_1_290' title='bbox 366 3714 485 3772; x_wconf 88' lang='lat' dir='ltr'>Deo</span> <span class='ocrx_word' id='word_1_291' title='bbox 534 3712 804 3787; x_wconf 84' lang='lat' dir='ltr'>proximi.</span> <span class='ocrx_word' id='word_1_292' title='bbox 857 3711 925 3767; x_wconf 84' lang='lat' dir='ltr'>Hi</span> <span class='ocrx_word' id='word_1_293' title='bbox 956 3713 1152 3766; x_wconf 85' lang='lat' dir='ltr'>autem</span> <span class='ocrx_word' id='word_1_294' title='bbox 1185 3709 1394 3764; x_wconf 88' lang='lat' dir='ltr'>doccnt</span> <span class='ocrx_word' id='word_1_295' title='bbox 1423 3708 1724 3765; x_wconf 68' lang='lat' dir='ltr'>inferiores</span> <span class='ocrx_word' id='word_1_296' title='bbox 1757 3711 2016 3780; x_wconf 90' lang='lat' dir='ltr'>ordines,</span> 
     </span>
    </p>
   </div>
   <div class='ocr_carea' id='block_1_51' title="bbox 358 3798 2017 3875">
    <p class='ocr_par' dir='ltr' id='par_1_51' title="bbox 358 3798 2017 3875">
     <span class='ocr_line' id='line_1_51' title="bbox 358 3798 2017 3875; baseline -0.002 -15"><span class='ocrx_word' id='word_1_297' title='bbox 358 3818 549 3875; x_wconf 91' lang='lat' dir='ltr'>eaque</span> <span class='ocrx_word' id='word_1_298' title='bbox 579 3802 852 3873; x_wconf 88' lang='lat' dir='ltr'>deinceps</span> <span class='ocrx_word' id='word_1_299' title='bbox 905 3799 1130 3856; x_wconf 88' lang='lat' dir='ltr'>ratione</span> <span class='ocrx_word' id='word_1_300' title='bbox 1179 3798 1484 3855; x_wconf 82' lang='lat' dir='ltr'>inferiores</span> <span class='ocrx_word' id='word_1_301' title='bbox 1531 3816 1565 3854; x_wconf 86' lang='lat' dir='ltr'>a</span> <span class='ocrx_word' id='word_1_302' title='bbox 1613 3798 2017 3871; x_wconf 90' lang='lat' dir='ltr'>superioribus</span> 
     </span>
    </p>
   </div>
   <div class='ocr_carea' id='block_1_52' title="bbox 360 3885 2016 3949">
    <p class='ocr_par' dir='ltr' id='par_1_52' title="bbox 360 3885 2016 3949">
     <span class='ocr_line' id='line_1_52' title="bbox 360 3885 2016 3949; baseline -0.003 0"><span class='ocrx_word' id='word_1_303' title='bbox 360 3894 669 3949; x_wconf 89' lang='lat' dir='ltr'>docentur.</span> <span class='ocrx_word' id='word_1_304' title='bbox 701 3890 950 3946; x_wconf 82' lang='lat' dir='ltr'>Inﬁmus</span> <span class='ocrx_word' id='word_1_305' title='bbox 981 3892 1175 3944; x_wconf 88' lang='lat' dir='ltr'>autem</span> <span class='ocrx_word' id='word_1_306' title='bbox 1210 3885 1471 3943; x_wconf 84' lang='lat' dir='ltr'>omnium</span> <span class='ocrx_word' id='word_1_307' title='bbox 1496 3889 1634 3944; x_wconf 93' lang='lat' dir='ltr'>ordo</span> <span class='ocrx_word' id='word_1_308' title='bbox 1662 3893 1801 3944; x_wconf 90' lang='lat' dir='ltr'>sunt</span> <span class='ocrx_word' id='word_1_309' title='bbox 1830 3889 2016 3944; x_wconf 90' lang='lat' dir='ltr'>sancti</span> 
     </span>
    </p>
   </div>
   <div class='ocr_carea' id='block_1_53' title="bbox 358 3977 1769 4054">
    <p class='ocr_par' dir='ltr' id='par_1_53' title="bbox 358 3977 1769 4054">
     <span class='ocr_line' id='line_1_53' title="bbox 358 3977 1769 4054; baseline -0.004 -15"><span class='ocrx_word' id='word_1_310' title='bbox 358 3980 572 4054; x_wconf 89' lang='lat' dir='ltr'>angeli,</span> <span class='ocrx_word' id='word_1_311' title='bbox 607 3978 705 4053; x_wconf 91' lang='lat' dir='ltr'>qui</span> <span class='ocrx_word' id='word_1_312' title='bbox 737 3984 795 4035; x_wconf 92' lang='lat' dir='ltr'>et</span> <span class='ocrx_word' id='word_1_313' title='bbox 823 3978 936 4050; x_wconf 92' lang='lat' dir='ltr'>ipsi</span> <span class='ocrx_word' id='word_1_314' title='bbox 968 3977 1278 4033; x_wconf 89' lang='lat' dir='ltr'>hominum</span> <span class='ocrx_word' id='word_1_315' title='bbox 1311 3982 1449 4032; x_wconf 87' lang='lat' dir='ltr'>sunt</span> <span class='ocrx_word' id='word_1_316' title='bbox 1481 3977 1769 4050; x_wconf 88' lang='lat' dir='ltr'>magistri.</span> 
     </span>
    </p>
   </div>
   <div class='ocr_carea' id='block_1_54' title="bbox 428 4154 2017 4224">
    <p class='ocr_par' dir='ltr' id='par_1_54' title="bbox 428 4154 2017 4224">
     <span class='ocr_line' id='line_1_54' title="bbox 428 4154 2017 4224; baseline 0 -9"><span class='ocrx_word' id='word_1_317' title='bbox 428 4159 657 4224; x_wconf 66' lang='lat' dir='ltr'>Qums&#39;r.</span> <span class='ocrx_word' id='word_1_318' title='bbox 689 4156 909 4213; x_wconf 82' lang='lat' dir='ltr'>XXXII.</span> <span class='ocrx_word' id='word_1_319' title='bbox 940 4160 1028 4211; x_wconf 82' lang='lat' dir='ltr'>An</span> <span class='ocrx_word' id='word_1_320' title='bbox 1061 4154 1244 4212; x_wconf 90' lang='lat' dir='ltr'>nostri</span> <span class='ocrx_word' id='word_1_321' title='bbox 1283 4160 1422 4212; x_wconf 92' lang='lat' dir='ltr'>sunt</span> <span class='ocrx_word' id='word_1_322' title='bbox 1470 4172 1761 4213; x_wconf 90' lang='lat' dir='ltr'>memores</span> <span class='ocrx_word' id='word_1_323' title='bbox 1809 4158 2017 4215; x_wconf 69' lang='lat' dir='ltr'>animm</span> 
     </span>
    </p>
   </div>
   <div class='ocr_carea' id='block_1_55' title="bbox 356 4245 2018 4322">
    <p class='ocr_par' dir='ltr' id='par_1_55' title="bbox 356 4245 2018 4322">
     <span class='ocr_line' id='line_1_55' title="bbox 356 4245 2018 4322; baseline 0 -18"><span class='ocrx_word' id='word_1_324' title='bbox 356 4265 487 4322; x_wconf 63' lang='lat' dir='ltr'>qua;</span> <span class='ocrx_word' id='word_1_325' title='bbox 536 4247 956 4314; x_wconf 90' lang='lat' dir='ltr'>discesserunt,</span> <span class='ocrx_word' id='word_1_326' title='bbox 1007 4245 1507 4319; x_wconf 89' lang='lat' dir='ltr'>quemadmodum</span> <span class='ocrx_word' id='word_1_327' title='bbox 1558 4250 1614 4301; x_wconf 90' lang='lat' dir='ltr'>et</span> <span class='ocrx_word' id='word_1_328' title='bbox 1654 4246 1843 4318; x_wconf 79' lang='lat' dir='ltr'>angeli</span> <span class='ocrx_word' id='word_1_329' title='bbox 1875 4252 2018 4304; x_wconf 87' lang='lat' dir='ltr'>sunt</span> 
     </span>
    </p>
   </div>
   <div class='ocr_carea' id='block_1_56' title="bbox 364 4332 909 4392">
    <p class='ocr_par' dir='ltr' id='par_1_56' title="bbox 364 4332 909 4392">
     <span class='ocr_line' id='line_1_56' title="bbox 364 4332 909 4392; baseline -0.006 0"><span class='ocrx_word' id='word_1_330' title='bbox 364 4336 548 4392; x_wconf 89' lang='lat' dir='ltr'>nostri</span> <span class='ocrx_word' id='word_1_331' title='bbox 579 4350 865 4392; x_wconf 89' lang='lat' dir='ltr'>memores</span> <span class='ocrx_word' id='word_1_332' title='bbox 881 4332 909 4389; x_wconf 85' lang='lat'><strong>?</strong></span> 
     </span>
    </p>
   </div>
   <div class='ocr_carea' id='block_1_57' title="bbox 433 4422 2016 4493">
    <p class='ocr_par' dir='ltr' id='par_1_57' title="bbox 433 4422 2016 4493">
     <span class='ocr_line' id='line_1_57' title="bbox 433 4422 2016 4493; baseline 0 -12"><span class='ocrx_word' id='word_1_333' title='bbox 433 4426 606 4481; x_wconf 74' lang='lat' dir='ltr'>Rssr.</span> <span class='ocrx_word' id='word_1_334' title='bbox 642 4424 990 4480; x_wconf 87' lang='lat' dir='ltr'>Sanctorum</span> <span class='ocrx_word' id='word_1_335' title='bbox 1022 4422 1255 4493; x_wconf 91' lang='lat' dir='ltr'>quidem</span> <span class='ocrx_word' id='word_1_336' title='bbox 1288 4422 1497 4478; x_wconf 66' lang='lat' dir='ltr'>anima:</span> <span class='ocrx_word' id='word_1_337' title='bbox 1542 4422 1723 4478; x_wconf 90' lang='lat' dir='ltr'>nostri</span> <span class='ocrx_word' id='word_1_338' title='bbox 1778 4424 2016 4481; x_wconf 91' lang='lat' dir='ltr'>omnino</span> 
     </span>
    </p>
   </div>
   <div class='ocr_carea' id='block_1_58' title="bbox 359 4510 2017 4585">
    <p class='ocr_par' dir='ltr' id='par_1_58' title="bbox 359 4510 2017 4585">
     <span class='ocr_line' id='line_1_58' title="bbox 359 4510 2017 4585; baseline -0.001 -14"><span class='ocrx_word' id='word_1_339' title='bbox 359 4514 778 4578; x_wconf 88' lang='lat' dir='ltr'>meminerunt,</span> <span class='ocrx_word' id='word_1_340' title='bbox 814 4510 1058 4567; x_wconf 89' lang='lat' dir='ltr'>minime</span> <span class='ocrx_word' id='word_1_341' title='bbox 1087 4526 1222 4566; x_wconf 88' lang='lat' dir='ltr'>vero</span> <span class='ocrx_word' id='word_1_342' title='bbox 1253 4515 1625 4583; x_wconf 90' lang='lat' dir='ltr'>peccatorum</span> <span class='ocrx_word' id='word_1_343' title='bbox 1657 4511 1865 4567; x_wconf 61' lang='lat' dir='ltr'>animae</span> <span class='ocrx_word' id='word_1_344' title='bbox 1890 4520 2017 4585; x_wconf 71' lang='lat' dir='ltr'>quia</span> 
     </span>
    </p>
   </div>
   <div class='ocr_carea' id='block_1_59' title="bbox 2208 1476 3796 1560">
    <p class='ocr_par' dir='ltr' id='par_1_59' title="bbox 2208 1476 3796 1560">
     <span class='ocr_line' id='line_1_59' title="bbox 2208 1476 3796 1560; baseline 0.004 -26"><span class='ocrx_word' id='word_1_345' title='bbox 2208 1478 2399 1534; x_wconf 82' lang='grc' dir='ltr'>Ἀπόκ.</span> <span class='ocrx_word' id='word_1_346' title='bbox 2464 1476 2759 1551; x_wconf 82' lang='grc' dir='ltr'>Οὐδαμῶς-</span> <span class='ocrx_word' id='word_1_347' title='bbox 2842 1476 2965 1534; x_wconf 76' lang='grc' dir='ltr'>οὐτε</span> <span class='ocrx_word' id='word_1_348' title='bbox 3040 1499 3143 1556; x_wconf 90' lang='grc' dir='ltr'>γαρ</span> <span class='ocrx_word' id='word_1_349' title='bbox 3198 1477 3420 1537; x_wconf 71' lang='grc' dir='ltr'>δύναται</span> <span class='ocrx_word' id='word_1_350' title='bbox 3475 1483 3710 1560; x_wconf 81' lang='grc' dir='ltr'>φθαρτὸς</span> <span class='ocrx_word' id='word_1_351' title='bbox 3765 1486 3796 1540; x_wconf 80' lang='grc' dir='ltr'>ὁ</span> 
     </span>
    </p>
   </div>
   <div class='ocr_carea' id='block_1_60' title="bbox 2136 1564 3796 1647">
    <p class='ocr_par' dir='ltr' id='par_1_60' title="bbox 2136 1564 3796 1647">
     <span class='ocr_line' id='line_1_60' title="bbox 2136 1564 3796 1647; baseline 0.005 -26"><span class='ocrx_word' id='word_1_352' title='bbox 2136 1564 2418 1645; x_wconf 73' lang='grc' dir='ltr'>ὀφθαλμὸς</span> <span class='ocrx_word' id='word_1_353' title='bbox 2477 1570 2750 1643; x_wconf 73' lang='grc' dir='ltr'>θεωρῆσαι</span> <span class='ocrx_word' id='word_1_354' title='bbox 2810 1567 2993 1623; x_wconf 86' lang='grc' dir='ltr'>οὐσίαν</span> <span class='ocrx_word' id='word_1_355' title='bbox 3050 1567 3340 1647; x_wconf 80' lang='grc' dir='ltr'>ἄφθαρτον.</span> <span class='ocrx_word' id='word_1_356' title='bbox 3404 1572 3672 1636; x_wconf 80' lang='grc' dir='ltr'>Ἐντεῦθεν</span> <span class='ocrx_word' id='word_1_357' title='bbox 3730 1571 3796 1629; x_wconf 59' lang='lat' dir='ltr'>3k</span> 
     </span>
    </p>
   </div>
   <div class='ocr_carea' id='block_1_61' title="bbox 2131 1652 3793 1739">
    <p class='ocr_par' dir='ltr' id='par_1_61' title="bbox 2131 1652 3793 1739">
     <span class='ocr_line' id='line_1_61' title="bbox 2131 1652 3793 1739; baseline 0.004 -28"><span class='ocrx_word' id='word_1_358' title='bbox 2131 1652 2244 1712; x_wconf 80' lang='grc' dir='ltr'>ἔστι</span> <span class='ocrx_word' id='word_1_359' title='bbox 2276 1661 2456 1734; x_wconf 71' lang='grc' dir='ltr'>σαφῶς</span> <span class='ocrx_word' id='word_1_360' title='bbox 2490 1656 2807 1731; x_wconf 77' lang='grc' dir='ltr'>ἐπιγνῶναι,</span> <span class='ocrx_word' id='word_1_361' title='bbox 2842 1656 2925 1713; x_wconf 80' lang='grc' dir='ltr'>δτι</span> <span class='ocrx_word' id='word_1_362' title='bbox 2957 1659 3020 1713; x_wconf 80' lang='grc' dir='ltr'>οὐ</span> <span class='ocrx_word' id='word_1_363' title='bbox 3060 1660 3177 1713; x_wconf 87' lang='grc' dir='ltr'>κατ’</span> <span class='ocrx_word' id='word_1_364' title='bbox 3236 1658 3447 1730; x_wconf 86' lang='grc' dir='ltr'>οὐσίαν,</span> <span class='ocrx_word' id='word_1_365' title='bbox 3505 1661 3793 1739; x_wconf 75' lang='grc' dir='ltr'>φαίνονται</span> 
     </span>
    </p>
   </div>
   <div class='ocr_carea' id='block_1_62' title="bbox 2128 1743 3791 1827">
    <p class='ocr_par' dir='ltr' id='par_1_62' title="bbox 2128 1743 3791 1827">
     <span class='ocr_line' id='line_1_62' title="bbox 2128 1743 3791 1827; baseline 0.005 -29"><span class='ocrx_word' id='word_1_366' title='bbox 2128 1747 2263 1818; x_wconf 82' lang='grc' dir='ltr'>ἡμῖν</span> <span class='ocrx_word' id='word_1_367' title='bbox 2296 1747 2347 1800; x_wconf 75' lang='grc' dir='ltr'>οἱ</span> <span class='ocrx_word' id='word_1_368' title='bbox 2379 1743 2620 1822; x_wconf 70' lang='grc' dir='ltr'>ἄγγελον</span> <span class='ocrx_word' id='word_1_369' title='bbox 2676 1743 2865 1816; x_wconf 73' lang='grc' dir='ltr'>ἐπειδή</span> <span class='ocrx_word' id='word_1_370' title='bbox 2902 1745 3007 1823; x_wconf 78' lang='grc' dir='ltr'>οὐχ</span> <span class='ocrx_word' id='word_1_371' title='bbox 3039 1746 3113 1802; x_wconf 71' lang='grc' dir='ltr'>ἑνὶ</span> <span class='ocrx_word' id='word_1_372' title='bbox 3145 1751 3396 1823; x_wconf 79' lang='grc' dir='ltr'>σχήματι</span> <span class='ocrx_word' id='word_1_373' title='bbox 3433 1747 3520 1805; x_wconf 84' lang='grc' dir='ltr'>ἐπὶ</span> <span class='ocrx_word' id='word_1_374' title='bbox 3550 1756 3652 1820; x_wconf 84' lang='grc' dir='ltr'>τῆς</span> <span class='ocrx_word' id='word_1_375' title='bbox 3682 1759 3791 1827; x_wconf 82' lang='grc' dir='ltr'>γῆς</span> 
     </span>
    </p>
   </div>
   <div class='ocr_carea' id='block_1_63' title="bbox 2127 1833 3787 1914">
    <p class='ocr_par' dir='ltr' id='par_1_63' title="bbox 2127 1833 3787 1914">
     <span class='ocr_line' id='line_1_63' title="bbox 2127 1833 3787 1914; baseline 0.004 -25"><span class='ocrx_word' id='word_1_376' title='bbox 2127 1834 2533 1913; x_wconf 70' lang='grc' dir='ltr'>ἐμφανίζονται,</span> <span class='ocrx_word' id='word_1_377' title='bbox 2567 1833 2693 1891; x_wconf 82' lang='grc' dir='ltr'>ἀλλ’</span> <span class='ocrx_word' id='word_1_378' title='bbox 2727 1836 2779 1890; x_wconf 77' lang='grc' dir='ltr'>οἱ</span> <span class='ocrx_word' id='word_1_379' title='bbox 2813 1835 2909 1909; x_wconf 77' lang='grc' dir='ltr'>μὲν</span> <span class='ocrx_word' id='word_1_380' title='bbox 2953 1835 3006 1892; x_wconf 72' lang='grc' dir='ltr'>ἰν</span> <span class='ocrx_word' id='word_1_381' title='bbox 3052 1838 3300 1913; x_wconf 76' lang='grc' dir='ltr'>σχήματι</span> <span class='ocrx_word' id='word_1_382' title='bbox 3347 1838 3636 1895; x_wconf 80' lang='grc' dir='ltr'>νεανίσκων</span> <span class='ocrx_word' id='word_1_383' title='bbox 3689 1862 3787 1914; x_wconf 81' lang='grc' dir='ltr'>με-</span> 
     </span>
    </p>
   </div>
   <div class='ocr_carea' id='block_1_64' title="bbox 2133 1921 3790 2004">
    <p class='ocr_par' dir='ltr' id='par_1_64' title="bbox 2133 1921 3790 2004">
     <span class='ocr_line' id='line_1_64' title="bbox 2133 1921 3790 2004; baseline 0.005 -25"><span class='ocrx_word' id='word_1_384' title='bbox 2133 1923 2693 1999; x_wconf 77' lang='grc' dir='ltr'>τασχηματιζόμενοι·</span> <span class='ocrx_word' id='word_1_385' title='bbox 2774 1924 2825 1978; x_wconf 75' lang='grc' dir='ltr'>οἱ</span> <span class='ocrx_word' id='word_1_386' title='bbox 2912 1921 2970 1980; x_wconf 73' lang='grc' dir='ltr'>δὲ</span> <span class='ocrx_word' id='word_1_387' title='bbox 3053 1924 3104 1979; x_wconf 78' lang='grc' dir='ltr'>ἐν</span> <span class='ocrx_word' id='word_1_388' title='bbox 3192 1923 3322 1982; x_wconf 77' lang='grc' dir='ltr'>εἷ’δει</span> <span class='ocrx_word' id='word_1_389' title='bbox 3408 1930 3790 2004; x_wconf 68' lang='grc' dir='ltr'>στρατιωτῶν.</span> 
     </span>
    </p>
   </div>
   <div class='ocr_carea' id='block_1_65' title="bbox 2136 2011 3788 2093">
    <p class='ocr_par' dir='ltr' id='par_1_65' title="bbox 2136 2011 3788 2093">
     <span class='ocr_line' id='line_1_65' title="bbox 2136 2011 3788 2093; baseline 0.003 -23"><span class='ocrx_word' id='word_1_390' title='bbox 2136 2013 2239 2070; x_wconf 82' lang='grc' dir='ltr'>Καὶ</span> <span class='ocrx_word' id='word_1_391' title='bbox 2268 2011 2455 2076; x_wconf 75' lang='grc' dir='ltr'>ἁπλῶς</span> <span class='ocrx_word' id='word_1_392' title='bbox 2485 2012 2693 2069; x_wconf 89' lang='grc' dir='ltr'>πολλαὶ</span> <span class='ocrx_word' id='word_1_393' title='bbox 2722 2013 2897 2069; x_wconf 88' lang='grc' dir='ltr'>αὐτῶν</span> <span class='ocrx_word' id='word_1_394' title='bbox 2954 2015 3010 2069; x_wconf 72' lang='grc' dir='ltr'>αἱ</span> <span class='ocrx_word' id='word_1_395' title='bbox 3045 2015 3271 2093; x_wconf 75' lang='grc' dir='ltr'>μορφαὶ,</span> <span class='ocrx_word' id='word_1_396' title='bbox 3335 2016 3433 2090; x_wconf 88' lang='grc' dir='ltr'>μία</span> <span class='ocrx_word' id='word_1_397' title='bbox 3484 2014 3543 2073; x_wconf 74' lang='grc' dir='ltr'>δὲ</span> <span class='ocrx_word' id='word_1_398' title='bbox 3597 2019 3633 2088; x_wconf 73' lang='grc' dir='ltr'><strong>ἡ</strong></span> <span class='ocrx_word' id='word_1_399' title='bbox 3693 2018 3788 2074; x_wconf 83' lang='grc' dir='ltr'>οὐ·</span> 
     </span>
    </p>
   </div>
   <div class='ocr_carea' id='block_1_66' title="bbox 2135 2102 2389 2176">
    <p class='ocr_par' dir='ltr' id='par_1_66' title="bbox 2135 2102 2389 2176">
     <span class='ocr_line' id='line_1_66' title="bbox 2135 2102 2389 2176; baseline 0 -17"><span class='ocrx_word' id='word_1_400' title='bbox 2135 2102 2225 2159; x_wconf 85' lang='grc' dir='ltr'>σία</span> <span class='ocrx_word' id='word_1_401' title='bbox 2256 2106 2389 2176; x_wconf 86' lang='lat'>(37).</span> 
     </span>
    </p>
   </div>
   <div class='ocr_carea' id='block_1_67' title="bbox 2205 2188 3571 2271">
    <p class='ocr_par' dir='ltr' id='par_1_67' title="bbox 2205 2188 3571 2271">
     <span class='ocr_line' id='line_1_67' title="bbox 2205 2188 3571 2271; baseline 0.002 -22"><span class='ocrx_word' id='word_1_402' title='bbox 2205 2192 2399 2267; x_wconf 86' lang='grc' dir='ltr'>Ἐρώτ.</span> <span class='ocrx_word' id='word_1_403' title='bbox 2436 2190 2504 2250; x_wconf 89' lang='grc' dir='ltr'>λ’.</span> <span class='ocrx_word' id='word_1_404' title='bbox 2538 2191 2606 2250; x_wconf 89' lang='grc' dir='ltr'>Τί</span> <span class='ocrx_word' id='word_1_405' title='bbox 2635 2188 2694 2247; x_wconf 76' lang='grc' dir='ltr'>δὲ</span> <span class='ocrx_word' id='word_1_406' title='bbox 2722 2189 2861 2249; x_wconf 77' lang='grc' dir='ltr'>ἐστιν</span> <span class='ocrx_word' id='word_1_407' title='bbox 2896 2193 3023 2268; x_wconf 82' lang='grc' dir='ltr'>ὃρος</span> <span class='ocrx_word' id='word_1_408' title='bbox 3051 2192 3234 2256; x_wconf 83' lang='grc' dir='ltr'>οὐσίας</span> <span class='ocrx_word' id='word_1_409' title='bbox 3281 2193 3530 2271; x_wconf 71' lang='grc' dir='ltr'>ἀγγέλων</span> <span class='ocrx_word' id='word_1_410' title='bbox 3556 2216 3571 2267; x_wconf 89' lang='lat'><strong>;</strong></span> 
     </span>
    </p>
   </div>
   <div class='ocr_carea' id='block_1_68' title="bbox 2204 2369 3785 2452">
    <p class='ocr_par' dir='ltr' id='par_1_68' title="bbox 2204 2369 3785 2452">
     <span class='ocr_line' id='line_1_68' title="bbox 2204 2369 3785 2452; baseline 0.006 -26"><span class='ocrx_word' id='word_1_411' title='bbox 2204 2370 2393 2427; x_wconf 80' lang='grc' dir='ltr'>Ἀπόκ.</span> <span class='ocrx_word' id='word_1_412' title='bbox 2426 2369 2693 2447; x_wconf 82' lang='grc' dir='ltr'>’Ἀγγελός</span> <span class='ocrx_word' id='word_1_413' title='bbox 2750 2370 2860 2426; x_wconf 82' lang='grc' dir='ltr'>ἐστι</span> <span class='ocrx_word' id='word_1_414' title='bbox 2918 2370 3054 2443; x_wconf 76' lang='grc' dir='ltr'>ξῶον</span> <span class='ocrx_word' id='word_1_415' title='bbox 3116 2373 3359 2449; x_wconf 79' lang='grc' dir='ltr'>Αογικὸν,</span> <span class='ocrx_word' id='word_1_416' title='bbox 3419 2370 3587 2432; x_wconf 74' lang='grc' dir='ltr'>ἄῦλον</span> <span class='ocrx_word' id='word_1_417' title='bbox 3648 2379 3785 2452; x_wconf 87' lang='lat'>(38),</span> 
     </span>
    </p>
   </div>
   <div class='ocr_carea' id='block_1_69' title="bbox 2132 2458 2841 2534">
    <p class='ocr_par' dir='ltr' id='par_1_69' title="bbox 2132 2458 2841 2534">
     <span class='ocr_line' id='line_1_69' title="bbox 2132 2458 2841 2534; baseline 0.004 -19"><span class='ocrx_word' id='word_1_418' title='bbox 2132 2458 2518 2534; x_wconf 82' lang='grc' dir='ltr'>ὑμνολογικὸν,</span> <span class='ocrx_word' id='word_1_419' title='bbox 2556 2458 2841 2524; x_wconf 84' lang='grc' dir='ltr'>ἀθάνατον.</span> 
     </span>
    </p>
   </div>
   <div class='ocr_carea' id='block_1_70' title="bbox 2202 2545 3783 2630">
    <p class='ocr_par' dir='ltr' id='par_1_70' title="bbox 2202 2545 3783 2630">
     <span class='ocr_line' id='line_1_70' title="bbox 2202 2545 3783 2630; baseline 0.005 -26"><span class='ocrx_word' id='word_1_420' title='bbox 2202 2548 2397 2625; x_wconf 84' lang='grc' dir='ltr'>’Δρώτ.</span> <span class='ocrx_word' id='word_1_421' title='bbox 2433 2551 2536 2605; x_wconf 84' lang='grc' dir='ltr'>Αα’.</span> <span class='ocrx_word' id='word_1_422' title='bbox 2568 2550 2627 2604; x_wconf 86' lang='grc' dir='ltr'>Τί</span> <span class='ocrx_word' id='word_1_423' title='bbox 2658 2547 2715 2605; x_wconf 74' lang='grc' dir='ltr'>δὲ</span> <span class='ocrx_word' id='word_1_424' title='bbox 2743 2550 2805 2606; x_wconf 88' lang='grc' dir='ltr'>τὸ</span> <span class='ocrx_word' id='word_1_425' title='bbox 2846 2545 2997 2627; x_wconf 80' lang='grc' dir='ltr'>ἔργον</span> <span class='ocrx_word' id='word_1_426' title='bbox 3057 2555 3166 2606; x_wconf 83' lang='grc' dir='ltr'>τῶν</span> <span class='ocrx_word' id='word_1_427' title='bbox 3229 2551 3566 2630; x_wconf 68' lang='grc' dir='ltr'>ἐπουρανίων</span> <span class='ocrx_word' id='word_1_428' title='bbox 3618 2554 3783 2612; x_wconf 84' lang='grc' dir='ltr'>δυνά-</span> 
     </span>
    </p>
   </div>
   <div class='ocr_carea' id='block_1_71' title="bbox 2131 2637 2939 2715">
    <p class='ocr_par' dir='ltr' id='par_1_71' title="bbox 2131 2637 2939 2715">
     <span class='ocr_line' id='line_1_71' title="bbox 2131 2637 2939 2715; baseline 0.004 -23"><span class='ocrx_word' id='word_1_429' title='bbox 2131 2658 2274 2711; x_wconf 86' lang='grc' dir='ltr'>μεων</span> <span class='ocrx_word' id='word_1_430' title='bbox 2304 2637 2356 2692; x_wconf 83' lang='grc' dir='ltr'>ἐν</span> <span class='ocrx_word' id='word_1_431' title='bbox 2386 2638 2633 2711; x_wconf 81' lang='grc' dir='ltr'>οὐρανοῖς</span> <span class='ocrx_word' id='word_1_432' title='bbox 2668 2639 2900 2715; x_wconf 78' lang='grc' dir='ltr'>ὑπάρχει</span> <span class='ocrx_word' id='word_1_433' title='bbox 2925 2660 2939 2710; x_wconf 89' lang='lat'><strong>;</strong></span> 
     </span>
    </p>
   </div>
   <div class='ocr_carea' id='block_1_72' title="bbox 2200 2724 3779 2806">
    <p class='ocr_par' dir='ltr' id='par_1_72' title="bbox 2200 2724 3779 2806">
     <span class='ocr_line' id='line_1_72' title="bbox 2200 2724 3779 2806; baseline 0.006 -24"><span class='ocrx_word' id='word_1_434' title='bbox 2200 2727 2390 2783; x_wconf 83' lang='grc' dir='ltr'>Ἀπόκ·</span> <span class='ocrx_word' id='word_1_435' title='bbox 2424 2730 2625 2800; x_wconf 84' lang='grc' dir='ltr'>Ὕμνος</span> <span class='ocrx_word' id='word_1_436' title='bbox 2671 2724 2932 2800; x_wconf 77' lang='grc' dir='ltr'>ἅληκτὸς,</span> <span class='ocrx_word' id='word_1_437' title='bbox 2989 2729 3078 2784; x_wconf 77' lang='grc' dir='ltr'>καὶ</span> <span class='ocrx_word' id='word_1_438' title='bbox 3137 2732 3287 2793; x_wconf 83' lang='grc' dir='ltr'>αἶνος</span> <span class='ocrx_word' id='word_1_439' title='bbox 3350 2728 3620 2797; x_wconf 72' lang='grc' dir='ltr'>ἄπαυστος</span> <span class='ocrx_word' id='word_1_440' title='bbox 3678 2742 3779 2806; x_wconf 82' lang='grc' dir='ltr'>τῆς</span> 
     </span>
    </p>
   </div>
   <div class='ocr_carea' id='block_1_73' title="bbox 2130 2815 3773 2898">
    <p class='ocr_par' dir='ltr' id='par_1_73' title="bbox 2130 2815 3773 2898">
     <span class='ocr_line' id='line_1_73' title="bbox 2130 2815 3773 2898; baseline 0.005 -27"><span class='ocrx_word' id='word_1_441' title='bbox 2130 2815 2596 2893; x_wconf 81' lang='grc' dir='ltr'>μεγαλοπρεπείας</span> <span class='ocrx_word' id='word_1_442' title='bbox 2643 2822 2741 2872; x_wconf 77' lang='grc' dir='ltr'>τοῦ</span> <span class='ocrx_word' id='word_1_443' title='bbox 2794 2822 2948 2873; x_wconf 79' lang='grc' dir='ltr'>Θεοῦ·</span> <span class='ocrx_word' id='word_1_444' title='bbox 3004 2819 3149 2895; x_wconf 80' lang='grc' dir='ltr'>τάχα</span> <span class='ocrx_word' id='word_1_445' title='bbox 3195 2816 3254 2874; x_wconf 73' lang='grc' dir='ltr'>δὲ</span> <span class='ocrx_word' id='word_1_446' title='bbox 3300 2823 3393 2876; x_wconf 84' lang='grc' dir='ltr'>καὶ</span> <span class='ocrx_word' id='word_1_447' title='bbox 3432 2823 3567 2898; x_wconf 84' lang='grc' dir='ltr'>εὐχὴ</span> <span class='ocrx_word' id='word_1_448' title='bbox 3601 2821 3773 2896; x_wconf 79' lang='grc' dir='ltr'>ἔμμο-</span> 
     </span>
    </p>
   </div>
   <div class='ocr_carea' id='block_1_74' title="bbox 2123 2906 3766 2981">
    <p class='ocr_par' dir='ltr' id='par_1_74' title="bbox 2123 2906 3766 2981">
     <span class='ocr_line' id='line_1_74' title="bbox 2123 2906 3766 2981; baseline 0.004 -22"><span class='ocrx_word' id='word_1_449' title='bbox 2123 2926 2215 2968; x_wconf 88' lang='grc' dir='ltr'>νος</span> <span class='ocrx_word' id='word_1_450' title='bbox 2249 2906 2378 2981; x_wconf 76' lang='grc' dir='ltr'>ὑπὲρ</span> <span class='ocrx_word' id='word_1_451' title='bbox 2408 2913 2506 2976; x_wconf 82' lang='grc' dir='ltr'>τῆς</span> <span class='ocrx_word' id='word_1_452' title='bbox 2538 2906 2810 2979; x_wconf 88' lang='grc' dir='ltr'>σωτηρίας</span> <span class='ocrx_word' id='word_1_453' title='bbox 2857 2907 3041 2980; x_wconf 80' lang='grc' dir='ltr'>ἡμῶν.</span> <span class='ocrx_word' id='word_1_454' title='bbox 3089 2906 3310 2979; x_wconf 81' lang='grc' dir='ltr'>Ἐπειδὴ</span> <span class='ocrx_word' id='word_1_455' title='bbox 3369 2907 3427 2965; x_wconf 77' lang='grc' dir='ltr'>δὲ</span> <span class='ocrx_word' id='word_1_456' title='bbox 3472 2911 3557 2965; x_wconf 83' lang='grc' dir='ltr'>καί</span> <span class='ocrx_word' id='word_1_457' title='bbox 3613 2909 3766 2965; x_wconf 83' lang='grc' dir='ltr'>αὗται</span> 
     </span>
    </p>
   </div>
   <div class='ocr_carea' id='block_1_75' title="bbox 2125 2994 3767 3073">
    <p class='ocr_par' dir='ltr' id='par_1_75' title="bbox 2125 2994 3767 3073">
     <span class='ocr_line' id='line_1_75' title="bbox 2125 2994 3767 3073; baseline 0.002 -23"><span class='ocrx_word' id='word_1_458' title='bbox 2125 2996 2178 3051; x_wconf 77' lang='grc' dir='ltr'>αἱ</span> <span class='ocrx_word' id='word_1_459' title='bbox 2209 2997 2380 3066; x_wconf 76' lang='grc' dir='ltr'>τάξεις</span> <span class='ocrx_word' id='word_1_460' title='bbox 2410 2997 2501 3050; x_wconf 80' lang='grc' dir='ltr'>καὶ</span> <span class='ocrx_word' id='word_1_461' title='bbox 2549 2996 2793 3063; x_wconf 79' lang='grc' dir='ltr'>στρατιαὶ</span> <span class='ocrx_word' id='word_1_462' title='bbox 2845 2994 3117 3073; x_wconf 67' lang='grc' dir='ltr'>λέγονται,</span> <span class='ocrx_word' id='word_1_463' title='bbox 3176 2994 3259 3053; x_wconf 85' lang='grc' dir='ltr'>δεῖ</span> <span class='ocrx_word' id='word_1_464' title='bbox 3317 2997 3503 3055; x_wconf 80' lang='grc' dir='ltr'>λοιπὸν</span> <span class='ocrx_word' id='word_1_465' title='bbox 3561 2998 3767 3054; x_wconf 80' lang='grc' dir='ltr'>ἐννοεῖν</span> 
     </span>
    </p>
   </div>
   <div class='ocr_carea' id='block_1_76' title="bbox 2121 3082 3773 3164">
    <p class='ocr_par' dir='ltr' id='par_1_76' title="bbox 2121 3082 3773 3164">
     <span class='ocr_line' id='line_1_76' title="bbox 2121 3082 3773 3164; baseline 0.002 -25"><span class='ocrx_word' id='word_1_466' title='bbox 2121 3085 2266 3156; x_wconf 80' lang='grc' dir='ltr'>τάξιν</span> <span class='ocrx_word' id='word_1_467' title='bbox 2316 3082 2728 3155; x_wconf 77' lang='grc' dir='ltr'>διδασκαλικὴν,</span> <span class='ocrx_word' id='word_1_468' title='bbox 2779 3084 2926 3156; x_wconf 81' lang='grc' dir='ltr'>τάξιν</span> <span class='ocrx_word' id='word_1_469' title='bbox 2978 3085 3386 3163; x_wconf 72' lang='grc' dir='ltr'>ἂπιτρεπτικὴν,</span> <span class='ocrx_word' id='word_1_470' title='bbox 3432 3086 3576 3159; x_wconf 77' lang='grc' dir='ltr'>τάξιν</span> <span class='ocrx_word' id='word_1_471' title='bbox 3632 3108 3773 3164; x_wconf 90' lang='grc' dir='ltr'>προ-</span> 
     </span>
    </p>
   </div>
   <div class='ocr_carea' id='block_1_77' title="bbox 2122 3171 3779 3253">
    <p class='ocr_par' dir='ltr' id='par_1_77' title="bbox 2122 3171 3779 3253">
     <span class='ocr_line' id='line_1_77' title="bbox 2122 3171 3779 3253; baseline 0.001 -24"><span class='ocrx_word' id='word_1_472' title='bbox 2122 3175 2403 3247; x_wconf 78' lang='grc' dir='ltr'>νοητικὴν,</span> <span class='ocrx_word' id='word_1_473' title='bbox 2435 3173 2580 3245; x_wconf 80' lang='grc' dir='ltr'>τάξιν</span> <span class='ocrx_word' id='word_1_474' title='bbox 2624 3171 2936 3243; x_wconf 79' lang='grc' dir='ltr'>διακονικὴν</span> <span class='ocrx_word' id='word_1_475' title='bbox 2988 3176 3127 3249; x_wconf 78' lang='grc'>(30),</span> <span class='ocrx_word' id='word_1_476' title='bbox 3174 3174 3321 3246; x_wconf 82' lang='grc' dir='ltr'>τάξιν</span> <span class='ocrx_word' id='word_1_477' title='bbox 3373 3178 3779 3253; x_wconf 77' lang='grc' dir='ltr'>τιμωρητικήν,</span> 
     </span>
    </p>
   </div>
   <div class='ocr_carea' id='block_1_78' title="bbox 2123 3261 3784 3340">
    <p class='ocr_par' dir='ltr' id='par_1_78' title="bbox 2123 3261 3784 3340">
     <span class='ocr_line' id='line_1_78' title="bbox 2123 3261 3784 3340; baseline 0.001 -22"><span class='ocrx_word' id='word_1_478' title='bbox 2123 3266 2267 3337; x_wconf 78' lang='grc' dir='ltr'>τάξιν</span> <span class='ocrx_word' id='word_1_479' title='bbox 2301 3264 2817 3339; x_wconf 79' lang='grc' dir='ltr'>ψυχοχωριστικήν,</span> <span class='ocrx_word' id='word_1_480' title='bbox 2849 3262 2992 3334; x_wconf 76' lang='grc' dir='ltr'>τάξιν</span> <span class='ocrx_word' id='word_1_481' title='bbox 3042 3262 3093 3318; x_wconf 78' lang='grc' dir='ltr'>ἐν</span> <span class='ocrx_word' id='word_1_482' title='bbox 3154 3261 3349 3327; x_wconf 79' lang='grc' dir='ltr'>ἄλλοις</span> <span class='ocrx_word' id='word_1_483' title='bbox 3408 3285 3784 3340; x_wconf 84' lang='grc' dir='ltr'>παραμονητι-</span> 
     </span>
    </p>
   </div>
   <div class='ocr_carea' id='block_1_79' title="bbox 2125 3350 3786 3432">
    <p class='ocr_par' dir='ltr' id='par_1_79' title="bbox 2125 3350 3786 3432">
     <span class='ocr_line' id='line_1_79' title="bbox 2125 3350 3786 3432; baseline -0.001 -23"><span class='ocrx_word' id='word_1_484' title='bbox 2125 3356 2250 3425; x_wconf 78' lang='grc' dir='ltr'>κήν.</span> <span class='ocrx_word' id='word_1_485' title='bbox 2283 3357 2485 3428; x_wconf 79' lang='grc' dir='ltr'>’Ὠσπερ</span> <span class='ocrx_word' id='word_1_486' title='bbox 2518 3350 2576 3408; x_wconf 74' lang='grc' dir='ltr'>δὲ</span> <span class='ocrx_word' id='word_1_487' title='bbox 2603 3353 2802 3424; x_wconf 79' lang='grc' dir='ltr'>τάξεων</span> <span class='ocrx_word' id='word_1_488' title='bbox 2858 3351 3120 3432; x_wconf 77' lang='grc' dir='ltr'>διαφοράς</span> <span class='ocrx_word' id='word_1_489' title='bbox 3178 3351 3230 3407; x_wconf 87' lang='grc' dir='ltr'>ἐν</span> <span class='ocrx_word' id='word_1_490' title='bbox 3287 3359 3407 3416; x_wconf 87' lang='grc' dir='ltr'>ταῖς</span> <span class='ocrx_word' id='word_1_491' title='bbox 3464 3352 3576 3410; x_wconf 78' lang='grc' dir='ltr'>ἅνω</span> <span class='ocrx_word' id='word_1_492' title='bbox 3632 3352 3786 3410; x_wconf 83' lang='grc' dir='ltr'>δυνά-</span> 
     </span>
    </p>
   </div>
   <div class='ocr_carea' id='block_1_80' title="bbox 2130 3439 3786 3521">
    <p class='ocr_par' dir='ltr' id='par_1_80' title="bbox 2130 3439 3786 3521">
     <span class='ocr_line' id='line_1_80' title="bbox 2130 3439 3786 3521; baseline 0.002 -24"><span class='ocrx_word' id='word_1_493' title='bbox 2130 3463 2281 3516; x_wconf 87' lang='grc' dir='ltr'>μεσιν</span> <span class='ocrx_word' id='word_1_494' title='bbox 2313 3439 2573 3518; x_wconf 79' lang='grc' dir='ltr'>ἔγνωμεν,</span> <span class='ocrx_word' id='word_1_495' title='bbox 2607 3442 2753 3497; x_wconf 76' lang='grc' dir='ltr'>οὓτω</span> <span class='ocrx_word' id='word_1_496' title='bbox 2801 3444 2892 3499; x_wconf 84' lang='grc' dir='ltr'>καὶ</span> <span class='ocrx_word' id='word_1_497' title='bbox 2952 3441 3188 3507; x_wconf 87' lang='grc' dir='ltr'>στάσεως</span> <span class='ocrx_word' id='word_1_498' title='bbox 3243 3444 3335 3500; x_wconf 85' lang='grc' dir='ltr'>καὶ</span> <span class='ocrx_word' id='word_1_499' title='bbox 3383 3446 3660 3521; x_wconf 85' lang='grc' dir='ltr'>γνώσεως.</span> <span class='ocrx_word' id='word_1_500' title='bbox 3717 3446 3786 3503; x_wconf 75' lang='grc' dir='ltr'>Οἱ</span> 
     </span>
    </p>
   </div>
   <div class='ocr_carea' id='block_1_81' title="bbox 2130 3528 3785 3610">
    <p class='ocr_par' dir='ltr' id='par_1_81' title="bbox 2130 3528 3785 3610">
     <span class='ocr_line' id='line_1_81' title="bbox 2130 3528 3785 3610; baseline 0.002 -24"><span class='ocrx_word' id='word_1_501' title='bbox 2130 3533 2223 3606; x_wconf 75' lang='grc' dir='ltr'>μὲν</span> <span class='ocrx_word' id='word_1_502' title='bbox 2278 3530 2369 3588; x_wconf 76' lang='grc' dir='ltr'>οὗν</span> <span class='ocrx_word' id='word_1_503' title='bbox 2421 3531 2605 3608; x_wconf 85' lang='grc' dir='ltr'>θρόνοι</span> <span class='ocrx_word' id='word_1_504' title='bbox 2650 3533 2739 3587; x_wconf 89' lang='grc' dir='ltr'>καὶ</span> <span class='ocrx_word' id='word_1_505' title='bbox 2804 3534 2870 3588; x_wconf 66' lang='grc' dir='ltr'>τὰ</span> <span class='ocrx_word' id='word_1_506' title='bbox 2938 3528 3218 3609; x_wconf 79' lang='grc' dir='ltr'>χερουϐἰμ</span> <span class='ocrx_word' id='word_1_507' title='bbox 3273 3534 3363 3589; x_wconf 84' lang='grc' dir='ltr'>καὶ</span> <span class='ocrx_word' id='word_1_508' title='bbox 3416 3534 3482 3589; x_wconf 76' lang='grc' dir='ltr'>τὰ</span> <span class='ocrx_word' id='word_1_509' title='bbox 3549 3534 3785 3610; x_wconf 75' lang='grc' dir='ltr'>σεραφὶμ</span> 
     </span>
    </p>
   </div>
   <div class='ocr_carea' id='block_1_82' title="bbox 2128 3620 3779 3698">
    <p class='ocr_par' dir='ltr' id='par_1_82' title="bbox 2128 3620 3779 3698">
     <span class='ocr_line' id='line_1_82' title="bbox 2128 3620 3779 3698; baseline 0 -22"><span class='ocrx_word' id='word_1_510' title='bbox 2128 3620 2340 3695; x_wconf 77' lang='grc' dir='ltr'>ἀμέσως</span> <span class='ocrx_word' id='word_1_511' title='bbox 2392 3621 2539 3698; x_wconf 87' lang='grc' dir='ltr'>παρᾶ</span> <span class='ocrx_word' id='word_1_512' title='bbox 2588 3625 2686 3676; x_wconf 69' lang='grc' dir='ltr'>τοῦ</span> <span class='ocrx_word' id='word_1_513' title='bbox 2758 3626 2892 3677; x_wconf 76' lang='grc' dir='ltr'>Θεοῦ</span> <span class='ocrx_word' id='word_1_514' title='bbox 2956 3623 3335 3695; x_wconf 78' lang='grc' dir='ltr'>μανθάνουσιν,</span> <span class='ocrx_word' id='word_1_515' title='bbox 3411 3622 3487 3685; x_wconf 85' lang='grc' dir='ltr'>ὡς</span> <span class='ocrx_word' id='word_1_516' title='bbox 3564 3622 3779 3678; x_wconf 86' lang='grc' dir='ltr'>πάντων</span> 
     </span>
    </p>
   </div>
   <div class='ocr_carea' id='block_1_83' title="bbox 2126 3708 3777 3786">
    <p class='ocr_par' dir='ltr' id='par_1_83' title="bbox 2126 3708 3777 3786">
     <span class='ocr_line' id='line_1_83' title="bbox 2126 3708 3777 3786; baseline 0 -20"><span class='ocrx_word' id='word_1_517' title='bbox 2126 3710 2363 3786; x_wconf 85' lang='grc' dir='ltr'>ἀνώτερα</span> <span class='ocrx_word' id='word_1_518' title='bbox 2419 3710 2509 3765; x_wconf 85' lang='grc' dir='ltr'>καὶ</span> <span class='ocrx_word' id='word_1_519' title='bbox 2547 3715 2662 3783; x_wconf 85' lang='grc' dir='ltr'>Θεῷ</span> <span class='ocrx_word' id='word_1_520' title='bbox 2707 3709 3081 3781; x_wconf 84' lang='grc' dir='ltr'>πλησιάζοντα</span> <span class='ocrx_word' id='word_1_521' title='bbox 3112 3713 3243 3784; x_wconf 82' lang='grc'>(40)·</span> <span class='ocrx_word' id='word_1_522' title='bbox 3295 3715 3462 3766; x_wconf 62' lang='grc' dir='ltr'>ταῦτα</span> <span class='ocrx_word' id='word_1_523' title='bbox 3512 3708 3569 3766; x_wconf 81' lang='grc' dir='ltr'>δὶ</span> <span class='ocrx_word' id='word_1_524' title='bbox 3628 3708 3777 3767; x_wconf 78' lang='grc' dir='ltr'>διδά-</span> 
     </span>
    </p>
   </div>
   <div class='ocr_carea' id='block_1_84' title="bbox 2126 3798 3779 3878">
    <p class='ocr_par' dir='ltr' id='par_1_84' title="bbox 2126 3798 3779 3878">
     <span class='ocr_line' id='line_1_84' title="bbox 2126 3798 3779 3878; baseline 0.001 -23"><span class='ocrx_word' id='word_1_525' title='bbox 2126 3820 2239 3855; x_wconf 89' lang='grc' dir='ltr'>σκει</span> <span class='ocrx_word' id='word_1_526' title='bbox 2292 3798 2361 3855; x_wconf 78' lang='grc' dir='ltr'>τὰ</span> <span class='ocrx_word' id='word_1_527' title='bbox 2414 3800 2694 3875; x_wconf 80' lang='grc' dir='ltr'>κατώτερα</span> <span class='ocrx_word' id='word_1_528' title='bbox 2747 3798 3016 3876; x_wconf 80' lang='grc' dir='ltr'>τάγματα,</span> <span class='ocrx_word' id='word_1_529' title='bbox 3073 3800 3163 3855; x_wconf 83' lang='grc' dir='ltr'>καὶ</span> <span class='ocrx_word' id='word_1_530' title='bbox 3235 3798 3408 3862; x_wconf 75' lang='grc' dir='ltr'>οὕτως</span> <span class='ocrx_word' id='word_1_531' title='bbox 3464 3799 3657 3878; x_wconf 70' lang='grc' dir='ltr'>ἑφεξῆς</span> <span class='ocrx_word' id='word_1_532' title='bbox 3708 3802 3779 3856; x_wconf 81' lang='grc' dir='ltr'>τὰ</span> 
     </span>
    </p>
   </div>
   <div class='ocr_carea' id='block_1_85' title="bbox 2126 3886 3774 3965">
    <p class='ocr_par' dir='ltr' id='par_1_85' title="bbox 2126 3886 3774 3965">
     <span class='ocr_line' id='line_1_85' title="bbox 2126 3886 3774 3965; baseline 0 -20"><span class='ocrx_word' id='word_1_533' title='bbox 2126 3890 2367 3964; x_wconf 83' lang='grc' dir='ltr'>ἀνώτερα</span> <span class='ocrx_word' id='word_1_534' title='bbox 2443 3886 2681 3944; x_wconf 87' lang='grc' dir='ltr'>διδάσκει</span> <span class='ocrx_word' id='word_1_535' title='bbox 2739 3889 2806 3943; x_wconf 80' lang='grc' dir='ltr'>τὰ</span> <span class='ocrx_word' id='word_1_536' title='bbox 2858 3890 3139 3965; x_wconf 87' lang='grc' dir='ltr'>κατώτερα</span> <span class='ocrx_word' id='word_1_537' title='bbox 3167 3908 3179 3921; x_wconf 84' lang='lat'><strong><em>°</em></strong></span> <span class='ocrx_word' id='word_1_538' title='bbox 3237 3889 3300 3944; x_wconf 88' lang='grc' dir='ltr'>τὸ</span> <span class='ocrx_word' id='word_1_539' title='bbox 3359 3886 3416 3944; x_wconf 74' lang='grc' dir='ltr'>δὲ</span> <span class='ocrx_word' id='word_1_540' title='bbox 3467 3889 3774 3965; x_wconf 88' lang='grc' dir='ltr'>κατώτερον</span> 
     </span>
    </p>
   </div>
   <div class='ocr_carea' id='block_1_86' title="bbox 2124 3975 3777 4054">
    <p class='ocr_par' dir='ltr' id='par_1_86' title="bbox 2124 3975 3777 4054">
     <span class='ocr_line' id='line_1_86' title="bbox 2124 3975 3777 4054; baseline 0 -20"><span class='ocrx_word' id='word_1_541' title='bbox 2124 3981 2334 4034; x_wconf 87' lang='grc' dir='ltr'>πάντων</span> <span class='ocrx_word' id='word_1_542' title='bbox 2366 3978 2546 4054; x_wconf 84' lang='grc' dir='ltr'>τάγμα</span> <span class='ocrx_word' id='word_1_543' title='bbox 2575 3978 2706 4033; x_wconf 81' lang='grc' dir='ltr'>εἰσὶν</span> <span class='ocrx_word' id='word_1_544' title='bbox 2742 3978 2793 4032; x_wconf 76' lang='lat' dir='ltr'>oi.</span> <span class='ocrx_word' id='word_1_545' title='bbox 2828 3980 2969 4052; x_wconf 81' lang='grc' dir='ltr'>ἅγιοι</span> <span class='ocrx_word' id='word_1_546' title='bbox 3020 3975 3261 4054; x_wconf 79' lang='grc' dir='ltr'>ἄγγελοι,</span> <span class='ocrx_word' id='word_1_547' title='bbox 3294 3978 3347 4033; x_wconf 74' lang='grc' dir='ltr'>οἱ</span> <span class='ocrx_word' id='word_1_548' title='bbox 3394 3978 3484 4034; x_wconf 80' lang='grc' dir='ltr'>καὶ</span> <span class='ocrx_word' id='word_1_549' title='bbox 3530 3982 3641 4034; x_wconf 88' lang='grc' dir='ltr'>τῶν</span> <span class='ocrx_word' id='word_1_550' title='bbox 3692 3980 3777 4034; x_wconf 84' lang='grc' dir='ltr'>ἀν-</span> 
     </span>
    </p>
   </div>
   <div class='ocr_carea' id='block_1_87' title="bbox 2126 4064 2915 4143">
    <p class='ocr_par' dir='ltr' id='par_1_87' title="bbox 2126 4064 2915 4143">
     <span class='ocr_line' id='line_1_87' title="bbox 2126 4064 2915 4143; baseline -0.001 -20"><span class='ocrx_word' id='word_1_551' title='bbox 2126 4071 2359 4143; x_wconf 79' lang='grc' dir='ltr'>θρώπων</span> <span class='ocrx_word' id='word_1_552' title='bbox 2391 4064 2539 4130; x_wconf 78' lang='grc' dir='ltr'>ὄντες</span> <span class='ocrx_word' id='word_1_553' title='bbox 2572 4064 2915 4126; x_wconf 85' lang='grc' dir='ltr'>διδάσκαλοι.</span> 
     </span>
    </p>
   </div>
   <div class='ocr_carea' id='block_1_88' title="bbox 2197 4154 3778 4233">
    <p class='ocr_par' dir='ltr' id='par_1_88' title="bbox 2197 4154 3778 4233">
     <span class='ocr_line' id='line_1_88' title="bbox 2197 4154 3778 4233; baseline 0.001 -20"><span class='ocrx_word' id='word_1_554' title='bbox 2197 4158 2391 4233; x_wconf 90' lang='grc' dir='ltr'>Ἐρώτ.</span> <span class='ocrx_word' id='word_1_555' title='bbox 2608 4163 2748 4231; x_wconf 80' lang='grc' dir='ltr'>Ἀρα</span> <span class='ocrx_word' id='word_1_556' title='bbox 2800 4154 2858 4211; x_wconf 71' lang='grc' dir='ltr'>δὲ</span> <span class='ocrx_word' id='word_1_557' title='bbox 2918 4159 3223 4231; x_wconf 71' lang='grc' dir='ltr'>μέμνηνται</span> <span class='ocrx_word' id='word_1_558' title='bbox 3277 4158 3440 4229; x_wconf 74' lang='grc' dir='ltr'>ἡμῶν</span> <span class='ocrx_word' id='word_1_559' title='bbox 3496 4157 3553 4212; x_wconf 73' lang='grc' dir='ltr'>αἱ</span> <span class='ocrx_word' id='word_1_560' title='bbox 3610 4156 3778 4214; x_wconf 81' lang='grc' dir='ltr'>ἀπελ-</span> 
     </span>
    </p>
   </div>
   <div class='ocr_carea' id='block_1_89' title="bbox 2126 4242 3779 4321">
    <p class='ocr_par' dir='ltr' id='par_1_89' title="bbox 2126 4242 3779 4321">
     <span class='ocr_line' id='line_1_89' title="bbox 2126 4242 3779 4321; baseline 0.001 -20"><span class='ocrx_word' id='word_1_561' title='bbox 2126 4248 2315 4303; x_wconf 83' lang='grc' dir='ltr'>Θοῦσαι</span> <span class='ocrx_word' id='word_1_562' title='bbox 2344 4248 2455 4321; x_wconf 82' lang='grc'>(41)</span> <span class='ocrx_word' id='word_1_563' title='bbox 2488 4246 2685 4321; x_wconf 78' lang='grc' dir='ltr'>ψυχαὶ,</span> <span class='ocrx_word' id='word_1_564' title='bbox 2718 4244 2897 4320; x_wconf 78' lang='grc' dir='ltr'>ὥσπερ</span> <span class='ocrx_word' id='word_1_565' title='bbox 2947 4245 3037 4301; x_wconf 87' lang='grc' dir='ltr'>καὶ</span> <span class='ocrx_word' id='word_1_566' title='bbox 3087 4246 3141 4300; x_wconf 75' lang='grc' dir='ltr'>οἱ</span> <span class='ocrx_word' id='word_1_567' title='bbox 3187 4242 3417 4321; x_wconf 78' lang='grc' dir='ltr'>ἄγγελοι</span> <span class='ocrx_word' id='word_1_568' title='bbox 3446 4247 3606 4320; x_wconf 80' lang='grc' dir='ltr'>ἡμῶν</span> <span class='ocrx_word' id='word_1_569' title='bbox 3643 4268 3779 4321; x_wconf 84' lang='grc' dir='ltr'>μνη-</span> 
     </span>
    </p>
   </div>
   <div class='ocr_carea' id='block_1_90' title="bbox 2130 4336 2485 4411">
    <p class='ocr_par' dir='ltr' id='par_1_90' title="bbox 2130 4336 2485 4411">
     <span class='ocr_line' id='line_1_90' title="bbox 2130 4336 2485 4411; baseline -0.011 -18"><span class='ocrx_word' id='word_1_570' title='bbox 2130 4336 2446 4411; x_wconf 74' lang='grc' dir='ltr'>μονεύουσιν</span> <span class='ocrx_word' id='word_1_571' title='bbox 2473 4355 2485 4405; x_wconf 89' lang='grc'><strong>;</strong></span> 
     </span>
    </p>
   </div>
   <div class='ocr_carea' id='block_1_91' title="bbox 2199 4421 3783 4499">
    <p class='ocr_par' dir='ltr' id='par_1_91' title="bbox 2199 4421 3783 4499">
     <span class='ocr_line' id='line_1_91' title="bbox 2199 4421 3783 4499; baseline -0.001 -18"><span class='ocrx_word' id='word_1_572' title='bbox 2199 4424 2392 4481; x_wconf 85' lang='grc' dir='ltr'>’Δπόκ.</span> <span class='ocrx_word' id='word_1_573' title='bbox 2425 4424 2495 4480; x_wconf 76' lang='grc' dir='ltr'>Αἱ</span> <span class='ocrx_word' id='word_1_574' title='bbox 2556 4424 2651 4497; x_wconf 73' lang='grc' dir='ltr'>μὲν</span> <span class='ocrx_word' id='word_1_575' title='bbox 2705 4427 2815 4480; x_wconf 88' lang='grc' dir='ltr'>τῶν</span> <span class='ocrx_word' id='word_1_576' title='bbox 2872 4423 3034 4499; x_wconf 83' lang='grc' dir='ltr'>ἁγίων</span> <span class='ocrx_word' id='word_1_577' title='bbox 3095 4422 3270 4499; x_wconf 81' lang='grc' dir='ltr'>ψυχαὶ</span> <span class='ocrx_word' id='word_1_578' title='bbox 3327 4423 3565 4494; x_wconf 75' lang='grc' dir='ltr'>πάντως,</span> <span class='ocrx_word' id='word_1_579' title='bbox 3615 4424 3670 4480; x_wconf 77' lang='grc' dir='ltr'>αἱ</span> <span class='ocrx_word' id='word_1_580' title='bbox 3722 4421 3783 4480; x_wconf 77' lang='grc' dir='ltr'>δὶ</span> 
     </span>
    </p>
   </div>
   <div class='ocr_carea' id='block_1_92' title="bbox 2124 4510 3779 4589">
    <p class='ocr_par' dir='ltr' id='par_1_92' title="bbox 2124 4510 3779 4589">
     <span class='ocr_line' id='line_1_92' title="bbox 2124 4510 3779 4589; baseline -0.001 -20"><span class='ocrx_word' id='word_1_581' title='bbox 2124 4520 2232 4570; x_wconf 82' lang='grc' dir='ltr'>τῶν</span> <span class='ocrx_word' id='word_1_582' title='bbox 2267 4511 2608 4589; x_wconf 81' lang='grc' dir='ltr'>ἁμαρτωλῶν</span> <span class='ocrx_word' id='word_1_583' title='bbox 2640 4510 2691 4567; x_wconf 88' lang='grc' dir='ltr'>ἐν</span> <span class='ocrx_word' id='word_1_584' title='bbox 2723 4517 2802 4584; x_wconf 82' lang='grc' dir='ltr'>τῷ</span> <span class='ocrx_word' id='word_1_585' title='bbox 2833 4510 2936 4588; x_wconf 64' lang='grc' dir='ltr'>ᾅδῃ</span> <span class='ocrx_word' id='word_1_586' title='bbox 2983 4510 3160 4586; x_wconf 77' lang='grc' dir='ltr'>οὖσαι,</span> <span class='ocrx_word' id='word_1_587' title='bbox 3208 4511 3466 4587; x_wconf 83' lang='grc' dir='ltr'>οὐδαμῶς</span> <span class='ocrx_word' id='word_1_588' title='bbox 3512 4516 3649 4588; x_wconf 75' lang='grc'>(42).</span> <span class='ocrx_word' id='word_1_589' title='bbox 3671 4515 3779 4584; x_wconf 80' lang='grc' dir='ltr'>Τὴν</span> 
     </span>
    </p>
   </div>
   <div class='ocr_carea' id='block_1_93' title="bbox 359 4597 2019 4681">
    <p class='ocr_par' dir='ltr' id='par_1_93' title="bbox 359 4597 2011 4671">
     <span class='ocr_line' id='line_1_93' title="bbox 359 4597 2011 4671; baseline -0.001 -14"><span class='ocrx_word' id='word_1_590' title='bbox 359 4603 418 4657; x_wconf 90' lang='lat' dir='ltr'>in</span> <span class='ocrx_word' id='word_1_591' title='bbox 448 4601 654 4657; x_wconf 79' lang='lat' dir='ltr'>inferis</span> <span class='ocrx_word' id='word_1_592' title='bbox 677 4601 896 4671; x_wconf 88' lang='lat' dir='ltr'>jacent.</span> <span class='ocrx_word' id='word_1_593' title='bbox 932 4600 1076 4655; x_wconf 83' lang='lat' dir='ltr'>Cum</span> <span class='ocrx_word' id='word_1_594' title='bbox 1109 4598 1267 4654; x_wconf 90' lang='lat' dir='ltr'>enim</span> <span class='ocrx_word' id='word_1_595' title='bbox 1290 4597 1651 4670; x_wconf 88' lang='lat' dir='ltr'>supplicium</span> <span class='ocrx_word' id='word_1_596' title='bbox 1683 4599 1795 4655; x_wconf 89' lang='lat' dir='ltr'>sibi</span> <span class='ocrx_word' id='word_1_597' title='bbox 1845 4602 2011 4657; x_wconf 79' lang='lat' dir='ltr'>debi—</span> 
     </span>
    </p>
   </div>
   <div class='ocr_carea' id='block_1_94' title="bbox 2143 4597 3777 4681">
    <p class='ocr_par' dir='ltr' id='par_1_94' title="bbox 2143 4599 3777 4680">
     <span class='ocr_line' id='line_1_94' title="bbox 2143 4599 3777 4680; baseline -0.001 -21"><span class='ocrx_word' id='word_1_598' title='bbox 2143 4604 2225 4680; x_wconf 60' lang='grc' dir='ltr'>ςᾶρ</span> <span class='ocrx_word' id='word_1_599' title='bbox 2286 4599 2547 4677; x_wconf 84' lang='grc' dir='ltr'>μένουσαν</span> <span class='ocrx_word' id='word_1_600' title='bbox 2606 4601 2790 4665; x_wconf 86' lang='grc' dir='ltr'>αὐτοῖς</span> <span class='ocrx_word' id='word_1_601' title='bbox 2842 4599 3197 4679; x_wconf 78' lang='grc' dir='ltr'>ἐκδεχόμενοι</span> <span class='ocrx_word' id='word_1_602' title='bbox 3246 4601 3497 4675; x_wconf 81' lang='grc' dir='ltr'>κόλασιν,</span> <span class='ocrx_word' id='word_1_603' title='bbox 3548 4602 3777 4667; x_wconf 71' lang='grc' dir='ltr'>εἰκότως</span> 
     </span>
    </p>
   </div>
   <div class='ocr_carea' id='block_1_95' title="bbox 359 4684 2017 4761">
    <p class='ocr_par' dir='ltr' id='par_1_95' title="bbox 359 4684 2017 4761">
     <span class='ocr_line' id='line_1_95' title="bbox 359 4684 2017 4761; baseline 0.002 -16"><span class='ocrx_word' id='word_1_604' title='bbox 359 4694 488 4745; x_wconf 91' lang='lat' dir='ltr'>tum</span> <span class='ocrx_word' id='word_1_605' title='bbox 519 4693 875 4761; x_wconf 84' lang='lat' dir='ltr'>exspectent,</span> <span class='ocrx_word' id='word_1_606' title='bbox 908 4687 1121 4744; x_wconf 87' lang='lat' dir='ltr'>merito</span> <span class='ocrx_word' id='word_1_607' title='bbox 1159 4691 1313 4743; x_wconf 88' lang='lat' dir='ltr'>certe</span> <span class='ocrx_word' id='word_1_608' title='bbox 1366 4687 1436 4742; x_wconf 92' lang='lat' dir='ltr'>de</span> <span class='ocrx_word' id='word_1_609' title='bbox 1484 4684 1585 4740; x_wconf 92' lang='lat' dir='ltr'>illo</span> <span class='ocrx_word' id='word_1_610' title='bbox 1632 4685 1825 4745; x_wconf 89' lang='lat' dir='ltr'>solum</span> <span class='ocrx_word' id='word_1_611' title='bbox 1875 4697 2017 4749; x_wconf 85' lang='lat' dir='ltr'>sunt</span> 
     </span>
    </p>
   </div>
   <div class='ocr_carea' id='block_1_96' title="bbox 360 4776 1312 4847">
    <p class='ocr_par' dir='ltr' id='par_1_96' title="bbox 360 4776 1312 4847">
     <span class='ocr_line' id='line_1_96' title="bbox 360 4776 1312 4847; baseline -0.005 -12"><span class='ocrx_word' id='word_1_612' title='bbox 360 4778 618 4847; x_wconf 84' lang='lat' dir='ltr'>solliciti,</span> <span class='ocrx_word' id='word_1_613' title='bbox 646 4776 791 4832; x_wconf 91' lang='lat' dir='ltr'>nihil</span> <span class='ocrx_word' id='word_1_614' title='bbox 822 4777 981 4833; x_wconf 89' lang='lat' dir='ltr'>aliud</span> <span class='ocrx_word' id='word_1_615' title='bbox 1018 4780 1312 4833; x_wconf 85' lang='lat' dir='ltr'>curantes.</span> 
     </span>
    </p>
   </div>
   <div class='ocr_carea' id='block_1_97' title="bbox 432 4969 2013 5051">
    <p class='ocr_par' dir='ltr' id='par_1_97' title="bbox 432 4969 2013 5051">
     <span class='ocr_line' id='line_1_97' title="bbox 432 4969 2013 5051; baseline 0 -22"><span class='ocrx_word' id='word_1_616' title='bbox 432 4974 543 5051; x_wconf 80' lang='lat'>(37)</span> <span class='ocrx_word' id='word_1_617' title='bbox 576 4975 665 5030; x_wconf 91' lang='lat' dir='ltr'>Ita</span> <span class='ocrx_word' id='word_1_618' title='bbox 712 4973 851 5044; x_wconf 83' lang='lat' dir='ltr'>Reg.</span> <span class='ocrx_word' id='word_1_619' title='bbox 885 4971 1039 5051; x_wconf 22' lang='lat' dir='ltr'>3,Aet</span> <span class='ocrx_word' id='word_1_620' title='bbox 1087 4970 1367 5051; x_wconf 41' lang='lat' dir='ltr'>Palat_.‘_l.</span> <span class='ocrx_word' id='word_1_621' title='bbox 1403 4969 1555 5051; x_wconf 75' lang='lat' dir='ltr'>Editi</span> <span class='ocrx_word' id='word_1_622' title='bbox 1601 4973 2013 5051; x_wconf 61' lang='lat' dir='ltr'>vgro,_ai_1rp§q</span> 
     </span>
    </p>
   </div>
   <div class='ocr_carea' id='block_1_98' title="bbox 358 5038 2012 5132">
    <p class='ocr_par' dir='ltr' id='par_1_98' title="bbox 358 5038 2012 5119">
     <span class='ocr_line' id='line_1_98' title="bbox 358 5038 2012 5119; baseline 0.001 -19"><span class='ocrx_word' id='word_1_623' title='bbox 358 5038 1173 5119; x_wconf 62' lang='grc' dir='ltr'>ἡμίς’μεταοχη”ματίζόμεναι</span> <span class='ocrx_word' id='word_1_624' title='bbox 1222 5038 1440 5112; x_wconf 67' lang='grc' dir='ltr'>εἰδέναι,</span> <span class='ocrx_word' id='word_1_625' title='bbox 1478 5040 1575 5114; x_wconf 87' lang='grc' dir='ltr'>μία</span> <span class='ocrx_word' id='word_1_626' title='bbox 1626 5039 1684 5097; x_wconf 73' lang='grc' dir='ltr'>δὲ</span> <span class='ocrx_word' id='word_1_627' title='bbox 1733 5038 1888 5100; x_wconf 85' lang='grc' dir='ltr'>οὐσία</span> <span class='ocrx_word' id='word_1_628' title='bbox 1918 5038 2012 5102; x_wconf 60' lang='grc' dir='ltr'>ὰύέ</span> 
     </span>
    </p>
   </div>
   <div class='ocr_carea' id='block_1_99' title="bbox 363 5137 495 5174">
    <p class='ocr_par' dir='ltr' id='par_1_99' title="bbox 363 5137 495 5174">
     <span class='ocr_line' id='line_1_99' title="bbox 363 5137 495 5174; baseline 0.023 -3"><span class='ocrx_word' id='word_1_629' title='bbox 363 5137 495 5174; x_wconf 85' lang='grc' dir='ltr'>των.</span> 
     </span>
    </p>
   </div>
   <div class='ocr_carea' id='block_1_100' title="bbox 428 5185 2016 5261">
    <p class='ocr_par' dir='ltr' id='par_1_100' title="bbox 428 5185 2016 5261">
     <span class='ocr_line' id='line_1_100' title="bbox 428 5185 2016 5261; baseline -0.006 -16"><span class='ocrx_word' id='word_1_630' title='bbox 428 5190 761 5261; x_wconf 88' lang='lat' dir='ltr'>Sequentes</span> <span class='ocrx_word' id='word_1_631' title='bbox 785 5203 955 5257; x_wconf 90' lang='lat' dir='ltr'>porro</span> <span class='ocrx_word' id='word_1_632' title='bbox 984 5187 1113 5261; x_wconf 64' lang='lat' dir='ltr'>dua:</span> <span class='ocrx_word' id='word_1_633' title='bbox 1139 5185 1493 5261; x_wconf 60' lang='lat' dir='ltr'>quaestiones</span> <span class='ocrx_word' id='word_1_634' title='bbox 1514 5185 1585 5239; x_wconf 89' lang='lat'>30</span> <span class='ocrx_word' id='word_1_635' title='bbox 1603 5190 1661 5241; x_wconf 89' lang='lat' dir='ltr'>et</span> <span class='ocrx_word' id='word_1_636' title='bbox 1689 5188 1777 5256; x_wconf 88' lang='grc'>31,</span> <span class='ocrx_word' id='word_1_637' title='bbox 1799 5189 2016 5248; x_wconf 89' lang='lat' dir='ltr'>haben.</span> 
     </span>
    </p>
   </div>
   <div class='ocr_carea' id='block_1_101' title="bbox 356 5257 2013 5338">
    <p class='ocr_par' dir='ltr' id='par_1_101' title="bbox 356 5257 2013 5338">
     <span class='ocr_line' id='line_1_101' title="bbox 356 5257 2013 5338; baseline 0.002 -21"><span class='ocrx_word' id='word_1_638' title='bbox 356 5267 456 5317; x_wconf 87' lang='lat' dir='ltr'>tur</span> <span class='ocrx_word' id='word_1_639' title='bbox 509 5257 693 5338; x_wconf 77' lang='lat' dir='ltr'>supra</span> <span class='ocrx_word' id='word_1_640' title='bbox 749 5260 806 5338; x_wconf 74' lang='lat' dir='ltr'>in</span> <span class='ocrx_word' id='word_1_641' title='bbox 850 5259 1218 5338; x_wconf 76' lang='lat' dir='ltr'>testimoniis</span> <span class='ocrx_word' id='word_1_642' title='bbox 1276 5257 1588 5338; x_wconf 63' lang='lat' dir='ltr'>Scriptura:</span> <span class='ocrx_word' id='word_1_643' title='bbox 1636 5275 1833 5315; x_wconf 68' lang='lat' dir='ltr'>sacrae.</span> <span class='ocrx_word' id='word_1_644' title='bbox 1870 5263 2013 5321; x_wconf 90' lang='lat' dir='ltr'>Vide</span> 
     </span>
    </p>
   </div>
   <div class='ocr_carea' id='block_1_102' title="bbox 361 5329 1554 5406">
    <p class='ocr_par' dir='ltr' id='par_1_102' title="bbox 361 5329 1554 5406">
     <span class='ocr_line' id='line_1_102' title="bbox 361 5329 1554 5406; baseline -0.003 -18"><span class='ocrx_word' id='word_1_645' title='bbox 361 5349 493 5406; x_wconf 54' lang='lat' dir='ltr'>qua:</span> <span class='ocrx_word' id='word_1_646' title='bbox 525 5329 604 5388; x_wconf 78' lang='lat' dir='ltr'>de</span> <span class='ocrx_word' id='word_1_647' title='bbox 624 5332 716 5406; x_wconf 70' lang='lat' dir='ltr'>bis</span> <span class='ocrx_word' id='word_1_648' title='bbox 744 5331 1094 5406; x_wconf 75' lang='lat' dir='ltr'>diximusin</span> <span class='ocrx_word' id='word_1_649' title='bbox 1125 5329 1554 5406; x_wconf 59' lang='lat' dir='ltr'>Admonitione.</span> 
     </span>
    </p>
   </div>
   <div class='ocr_carea' id='block_1_103' title="bbox 434 5399 2016 5476">
    <p class='ocr_par' dir='ltr' id='par_1_103' title="bbox 434 5399 2016 5476">
     <span class='ocr_line' id='line_1_103' title="bbox 434 5399 2016 5476; baseline 0.002 -16"><span class='ocrx_word' id='word_1_650' title='bbox 434 5405 546 5476; x_wconf 89' lang='lat'>(38)</span> <span class='ocrx_word' id='word_1_651' title='bbox 579 5399 780 5476; x_wconf 38' lang='lat' dir='ltr'>:IAUAOV</span> <span class='ocrx_word' id='word_1_652' title='bbox 815 5404 979 5459; x_wconf 87' lang='lat' dir='ltr'>deest</span> <span class='ocrx_word' id='word_1_653' title='bbox 1004 5400 1063 5457; x_wconf 90' lang='lat' dir='ltr'>in</span> <span class='ocrx_word' id='word_1_654' title='bbox 1091 5401 1264 5457; x_wconf 88' lang='lat' dir='ltr'>editis</span> <span class='ocrx_word' id='word_1_655' title='bbox 1295 5407 1351 5456; x_wconf 91' lang='lat' dir='ltr'>et</span> <span class='ocrx_word' id='word_1_656' title='bbox 1380 5400 1735 5472; x_wconf 89' lang='lat' dir='ltr'>quibusdam</span> <span class='ocrx_word' id='word_1_657' title='bbox 1780 5420 1923 5461; x_wconf 90' lang='lat' dir='ltr'>mss.</span> <span class='ocrx_word' id='word_1_658' title='bbox 1957 5411 2016 5464; x_wconf 86' lang='lat' dir='ltr'>et</span> 
     </span>
    </p>
   </div>
   <div class='ocr_carea' id='block_1_104' title="bbox 366 5475 810 5546">
    <p class='ocr_par' dir='ltr' id='par_1_104' title="bbox 366 5475 810 5546">
     <span class='ocr_line' id='line_1_104' title="bbox 366 5475 810 5546; baseline -0.005 -15"><span class='ocrx_word' id='word_1_659' title='bbox 366 5475 546 5546; x_wconf 90' lang='lat' dir='ltr'>supra</span> <span class='ocrx_word' id='word_1_660' title='bbox 578 5475 810 5546; x_wconf 87' lang='lat' dir='ltr'>legitur.</span> 
     </span>
    </p>
   </div>
   <div class='ocr_carea' id='block_1_105' title="bbox 456 5542 2011 5619">
    <p class='ocr_par' dir='ltr' id='par_1_105' title="bbox 456 5542 2011 5619">
     <span class='ocr_line' id='line_1_105' title="bbox 456 5542 2011 5619; baseline -0.001 -18"><span class='ocrx_word' id='word_1_661' title='bbox 456 5542 554 5615; x_wconf 80' lang='lat'>39)</span> <span class='ocrx_word' id='word_1_662' title='bbox 601 5542 737 5619; x_wconf 51' lang='lat' dir='ltr'>lj—eg.</span> <span class='ocrx_word' id='word_1_663' title='bbox 797 5546 852 5619; x_wconf 81' lang='lat'>3,</span> <span class='ocrx_word' id='word_1_664' title='bbox 911 5542 1351 5619; x_wconf 48' lang='grc' dir='ltr'>ἐπ-ιστρεπτικὴν,</span> <span class='ocrx_word' id='word_1_665' title='bbox 1409 5542 1554 5613; x_wconf 81' lang='grc' dir='ltr'>τάξιν</span> <span class='ocrx_word' id='word_1_666' title='bbox 1614 5547 2011 5619; x_wconf 72' lang='grc' dir='ltr'>προνοητικὴν,</span> 
     </span>
    </p>
   </div>
   <div class='ocr_carea' id='block_1_106' title="bbox 360 5614 2010 5745">
    <p class='ocr_par' dir='ltr' id='par_1_106' title="bbox 360 5614 2010 5745">
     <span class='ocr_line' id='line_1_106' title="bbox 360 5614 2010 5745; baseline 0.003 -74"><span class='ocrx_word' id='word_1_667' title='bbox 360 5614 507 5745; x_wconf 46' lang='lat' dir='ltr'>ratam</span> <span class='ocrx_word' id='word_1_668' title='bbox 532 5614 900 5694; x_wconf 67' lang='grc' dir='ltr'>φυλακτικήν.</span> <span class='ocrx_word' id='word_1_669' title='bbox 935 5614 1078 5672; x_wconf 68' lang='grc' dir='ltr'>ΜοΧ⁷</span> <span class='ocrx_word' id='word_1_670' title='bbox 1094 5616 1279 5673; x_wconf 87' lang='lat' dir='ltr'>Palat.</span> <span class='ocrx_word' id='word_1_671' title='bbox 1322 5614 1375 5684; x_wconf 74' lang='grc'>4,</span> <span class='ocrx_word' id='word_1_672' title='bbox 1424 5614 1831 5690; x_wconf 79' lang='grc' dir='ltr'>τιμωρητικήν,</span> <span class='ocrx_word' id='word_1_673' title='bbox 1865 5614 2010 5693; x_wconf 79' lang='grc' dir='ltr'>τάξιν</span> 
     </span>
     <span class='ocr_line' id='line_1_107' title="bbox 362 5685 1538 5745; baseline -0.004 -2"><span class='ocrx_word' id='word_1_674' title='bbox 362 5709 436 5745; x_wconf 90' lang='grc' dir='ltr'>πο</span> <span class='ocrx_word' id='word_1_675' title='bbox 481 5689 703 5745; x_wconf 75' lang='grc' dir='ltr'>εμικήν,</span> <span class='ocrx_word' id='word_1_676' title='bbox 731 5686 876 5745; x_wconf 77' lang='grc' dir='ltr'>τάξιν</span> <span class='ocrx_word' id='word_1_677' title='bbox 908 5685 960 5741; x_wconf 79' lang='grc' dir='ltr'>ἐν</span> <span class='ocrx_word' id='word_1_678' title='bbox 992 5685 1297 5745; x_wconf 79' lang='grc' dir='ltr'>ἅνθρώποις</span> <span class='ocrx_word' id='word_1_679' title='bbox 1328 5703 1538 5745; x_wconf 80' lang='grc' dir='ltr'>παραμ.</span> 
     </span>
    </p>
   </div>
   <div class='ocr_carea' id='block_1_107' title="bbox 362 5685 1538 5762">
    <p class='ocr_par' dir='ltr' id='par_1_107' title="bbox 362 5685 1538 5762">
     <span class='ocr_line' id='line_1_108' title="bbox 362 5685 1538 5762; baseline -0.004 -15"><span class='ocrx_word' id='word_1_680' title='bbox 362 5685 703 5762; x_wconf 74' lang='grc' dir='ltr'>πολεμικήν,</span> <span class='ocrx_word' id='word_1_681' title='bbox 731 5685 876 5757; x_wconf 82' lang='grc' dir='ltr'>τάξιν</span> <span class='ocrx_word' id='word_1_682' title='bbox 908 5685 960 5741; x_wconf 79' lang='grc' dir='ltr'>ἐν</span> <span class='ocrx_word' id='word_1_683' title='bbox 992 5685 1297 5760; x_wconf 81' lang='grc' dir='ltr'>ἅνθρώποις</span> <span class='ocrx_word' id='word_1_684' title='bbox 1328 5685 1538 5760; x_wconf 84' lang='grc' dir='ltr'>παραμ.</span> 
     </span>
    </p>
   </div>
   <div class='ocr_carea' id='block_1_108' title="bbox 2124 4690 3780 4769">
    <p class='ocr_par' dir='ltr' id='par_1_108' title="bbox 2124 4690 3780 4769">
     <span class='ocr_line' id='line_1_109' title="bbox 2124 4690 3780 4769; baseline -0.001 -20"><span class='ocrx_word' id='word_1_685' title='bbox 2124 4693 2249 4769; x_wconf 87' lang='grc' dir='ltr'>περὶ</span> <span class='ocrx_word' id='word_1_686' title='bbox 2293 4691 2494 4762; x_wconf 78' lang='grc' dir='ltr'>ταύτης</span> <span class='ocrx_word' id='word_1_687' title='bbox 2546 4691 2635 4747; x_wconf 84' lang='grc' dir='ltr'>καὶ</span> <span class='ocrx_word' id='word_1_688' title='bbox 2702 4691 2867 4766; x_wconf 87' lang='grc' dir='ltr'>μόνον</span> <span class='ocrx_word' id='word_1_689' title='bbox 2921 4696 3246 4769; x_wconf 86' lang='grc' dir='ltr'>μεριμνῶσι,</span> <span class='ocrx_word' id='word_1_690' title='bbox 3305 4690 3535 4767; x_wconf 86' lang='grc' dir='ltr'>μηδενὸς</span> <span class='ocrx_word' id='word_1_691' title='bbox 3594 4692 3780 4769; x_wconf 71' lang='grc' dir='ltr'>ἑτέρου</span> 
     </span>
    </p>
   </div>
   <div class='ocr_carea' id='block_1_109' title="bbox 2127 4782 2523 4862">
    <p class='ocr_par' dir='ltr' id='par_1_109' title="bbox 2127 4782 2523 4862">
     <span class='ocr_line' id='line_1_110' title="bbox 2127 4782 2523 4862; baseline 0 -24"><span class='ocrx_word' id='word_1_692' title='bbox 2127 4782 2523 4862; x_wconf 72' lang='grc' dir='ltr'>φροντίζοντες.</span> 
     </span>
    </p>
   </div>
   <div class='ocr_carea' id='block_1_110' title="bbox 2164 4973 3783 5073">
    <p class='ocr_par' dir='ltr' id='par_1_110' title="bbox 2164 4973 3783 5073">
     <span class='ocr_line' id='line_1_111' title="bbox 2164 4973 3783 5073; baseline -0.006 -36"><span class='ocrx_word' id='word_1_693' title='bbox 2164 4981 2474 5073; x_wconf 26' lang='grc' dir='ltr'>χῶρηβθε.</span> <span class='ocrx_word' id='word_1_694' title='bbox 2509 4980 2566 5047; x_wconf 92' lang='lat'>3,</span> <span class='ocrx_word' id='word_1_695' title='bbox 2595 4976 2965 5052; x_wconf 78' lang='grc' dir='ltr'>πλησιὲστερα</span> <span class='ocrx_word' id='word_1_696' title='bbox 2992 4974 3351 5053; x_wconf 79' lang='grc' dir='ltr'>τυγχάνοντα’</span> <span class='ocrx_word' id='word_1_697' title='bbox 3397 4977 3465 5032; x_wconf 78' lang='grc' dir='ltr'>τὰ</span> <span class='ocrx_word' id='word_1_698' title='bbox 3516 4973 3573 5031; x_wconf 73' lang='grc' dir='ltr'>δὲ</span> <span class='ocrx_word' id='word_1_699' title='bbox 3632 4994 3783 5052; x_wconf 88' lang='grc' dir='ltr'>σερα-</span> 
     </span>
    </p>
   </div>
   <div class='ocr_carea' id='block_1_111' title="bbox 2123 5047 3069 5248">
    <p class='ocr_par' dir='ltr' id='par_1_111' title="bbox 2123 5047 3069 5248">
     <span class='ocr_line' id='line_1_112' title="bbox 2123 5047 3069 5248; baseline -0.002 -70"><span class='ocrx_word' id='word_1_700' title='bbox 2123 5047 2567 5248; x_wconf 43' lang='grc' dir='ltr'>φίξιῗξδιῖῗξιέ,</span> <span class='ocrx_word' id='word_1_701' title='bbox 2599 5116 3069 5192; x_wconf 81' lang='grc' dir='ltr'>προαπελθοῦσαι.</span> 
     </span>
     <span class='ocr_line' id='line_1_113' title="bbox 2217 5192 3059 5248; baseline 0 0"><span class='ocrx_word' id='word_1_702' title='bbox 2217 5197 2308 5248; x_wconf 70' lang='grc'>42)</span> <span class='ocrx_word' id='word_1_703' title='bbox 2342 5197 2402 5248; x_wconf 89' lang='lat' dir='ltr'>ln</span> <span class='ocrx_word' id='word_1_704' title='bbox 2456 5193 2585 5248; x_wconf 72' lang='lat' dir='ltr'>‘elc.</span> <span class='ocrx_word' id='word_1_705' title='bbox 2618 5192 2744 5248; x_wconf 92' lang='lat' dir='ltr'>cod.</span> <span class='ocrx_word' id='word_1_706' title='bbox 2780 5193 3059 5248; x_wconf 88' lang='lat' dir='ltr'>auodam.</span> 
     </span>
    </p>
   </div>
   <div class='ocr_carea' id='block_1_112' title="bbox 2193 5126 3778 5267">
    <p class='ocr_par' dir='ltr' id='par_1_112' title="bbox 2193 5126 3778 5267">
     <span class='ocr_line' id='line_1_114' title="bbox 2218 5126 3069 5248; baseline -0.002 -70"><span class='ocrx_word' id='word_1_707' title='bbox 2218 5126 2308 5195; x_wconf 72' lang='grc'>41)</span> <span class='ocrx_word' id='word_1_708' title='bbox 2342 5126 2479 5248; x_wconf 43' lang='lat' dir='ltr'>Reg:</span> <span class='ocrx_word' id='word_1_709' title='bbox 2512 5126 2567 5190; x_wconf 86' lang='lat'>3,</span> <span class='ocrx_word' id='word_1_710' title='bbox 2599 5126 3069 5192; x_wconf 80' lang='grc' dir='ltr'>προαπελθοῦσαι.</span> 
     </span>
     <span class='ocr_line' id='line_1_115' title="bbox 2193 5126 3778 5267; baseline -0.005 -17"><span class='ocrx_word' id='word_1_711' title='bbox 2193 5126 2308 5267; x_wconf 62' lang='lat' dir='ltr'>ili?)</span> <span class='ocrx_word' id='word_1_712' title='bbox 2342 5197 2416 5267; x_wconf 89' lang='lat' dir='ltr'>ln_</span> <span class='ocrx_word' id='word_1_713' title='bbox 2456 5193 2585 5267; x_wconf 73' lang='lat' dir='ltr'>‘elc.</span> <span class='ocrx_word' id='word_1_714' title='bbox 2618 5192 2744 5267; x_wconf 73' lang='lat' dir='ltr'>cod.</span> <span class='ocrx_word' id='word_1_715' title='bbox 2780 5193 3059 5267; x_wconf 76' lang='lat' dir='ltr'>quodam,</span> <span class='ocrx_word' id='word_1_716' title='bbox 3093 5207 3267 5264; x_wconf 89' lang='lat' dir='ltr'>quem</span> <span class='ocrx_word' id='word_1_717' title='bbox 3302 5191 3568 5267; x_wconf 43' lang='lat' dir='ltr'>illehnon</span> <span class='ocrx_word' id='word_1_718' title='bbox 3614 5196 3778 5267; x_wconf 55' lang='lat' dir='ltr'>nuta:</span> 
     </span>
    </p>
   </div>
   <div class='ocr_carea' id='block_1_113' title="bbox 2120 5259 3783 5337">
    <p class='ocr_par' dir='ltr' id='par_1_113' title="bbox 2120 5259 3783 5337">
     <span class='ocr_line' id='line_1_116' title="bbox 2120 5259 3783 5337; baseline -0.001 -19"><span class='ocrx_word' id='word_1_719' title='bbox 2120 5259 2222 5333; x_wconf 68' lang='lat' dir='ltr'>vit,</span> <span class='ocrx_word' id='word_1_720' title='bbox 2264 5259 2348 5321; x_wconf 77' lang='lat' dir='ltr'>sic</span> <span class='ocrx_word' id='word_1_721' title='bbox 2403 5265 2635 5337; x_wconf 80' lang='lat' dir='ltr'>legitur,</span> <span class='ocrx_word' id='word_1_722' title='bbox 2669 5264 2755 5319; x_wconf 82' lang='lat' dir='ltr'>’Ev</span> <span class='ocrx_word' id='word_1_723' title='bbox 2799 5259 2914 5337; x_wconf 32' lang='grc' dir='ltr'>τῳ-</span> <span class='ocrx_word' id='word_1_724' title='bbox 2950 5260 3051 5337; x_wconf 67' lang='grc' dir='ltr'>αδῃ</span> <span class='ocrx_word' id='word_1_725' title='bbox 3112 5259 3288 5329; x_wconf 77' lang='grc' dir='ltr'>ουσαι,</span> <span class='ocrx_word' id='word_1_726' title='bbox 3321 5259 3783 5337; x_wconf 26' lang='grc' dir='ltr'>οὐδὲᾼρεορμούδὶ</span> 
     </span>
    </p>
   </div>
   <div class='ocr_carea' id='block_1_114' title="bbox 2122 5329 3779 5409">
    <p class='ocr_par' dir='ltr' id='par_1_114' title="bbox 2122 5329 3779 5409">
     <span class='ocr_line' id='line_1_117' title="bbox 2122 5329 3779 5409; baseline -0.002 -19"><span class='ocrx_word' id='word_1_727' title='bbox 2122 5329 2283 5409; x_wconf 75' lang='grc' dir='ltr'>ἡμῶν</span> <span class='ocrx_word' id='word_1_728' title='bbox 2340 5329 2921 5409; x_wconf 37' lang='grc' dir='ltr'>μνημονεύονταιηξίαὶ</span> <span class='ocrx_word' id='word_1_729' title='bbox 2956 5329 3198 5409; x_wconf 32' lang='grc' dir='ltr'>ζάκουσον</span> <span class='ocrx_word' id='word_1_730' title='bbox 3230 5338 3331 5409; x_wconf 52' lang='lat' dir='ltr'>toi”)</span> <span class='ocrx_word' id='word_1_731' title='bbox 3375 5329 3543 5388; x_wconf 75' lang='lat' dir='ltr'>A16i8</span> <span class='ocrx_word' id='word_1_732' title='bbox 3593 5332 3779 5409; x_wconf 59' lang='grc' dir='ltr'>λίγοντ</span> 
     </span>
    </p>
   </div>
   <div class='ocr_carea' id='block_1_115' title="bbox 2120 5404 3782 5478">
    <p class='ocr_par' dir='ltr' id='par_1_115' title="bbox 2120 5404 3782 5478">
     <span class='ocr_line' id='line_1_118' title="bbox 2120 5404 3782 5478; baseline -0.002 -14"><span class='ocrx_word' id='word_1_733' title='bbox 2120 5404 2216 5471; x_wconf 81' lang='grc' dir='ltr'>τος</span> <span class='ocrx_word' id='word_1_734' title='bbox 2272 5404 2407 5477; x_wconf 76' lang='grc' dir='ltr'>πρὸς</span> <span class='ocrx_word' id='word_1_735' title='bbox 2438 5404 2555 5462; x_wconf 59' lang='grc' dir='ltr'>τὸν</span> <span class='ocrx_word' id='word_1_736' title='bbox 2612 5406 2765 5473; x_wconf 85' lang='grc' dir='ltr'>Θεὸν,</span> <span class='ocrx_word' id='word_1_737' title='bbox 2808 5404 2890 5478; x_wconf 71' lang='grc' dir='ltr'>δτι</span> <span class='ocrx_word' id='word_1_738' title='bbox 2941 5404 3243 5478; x_wconf 44' lang='grc' dir='ltr'>Οὐκ-ἔστιν</span> <span class='ocrx_word' id='word_1_739' title='bbox 3290 5404 3343 5478; x_wconf 80' lang='grc' dir='ltr'>ἐν</span> <span class='ocrx_word' id='word_1_740' title='bbox 3387 5410 3467 5478; x_wconf 81' lang='grc' dir='ltr'>τῷ</span> <span class='ocrx_word' id='word_1_741' title='bbox 3493 5404 3706 5477; x_wconf 76' lang='grc' dir='ltr'>Θανάτῴ</span> 
     </span>
    </p>
   </div>
   <div class='ocr_carea' id='block_1_116' title="bbox 2128 5474 3782 5554">
    <p class='ocr_par' dir='ltr' id='par_1_116' title="bbox 2128 5474 3782 5554">
     <span class='ocr_line' id='line_1_119' title="bbox 2128 5474 3782 5554; baseline -0.002 -20"><span class='ocrx_word' id='word_1_742' title='bbox 2128 5474 2633 5554; x_wconf 40' lang='grc' dir='ltr'>μνημονεύων-σου.</span> <span class='ocrx_word' id='word_1_743' title='bbox 2666 5479 2754 5554; x_wconf 66' lang='grc' dir='ltr'>Ἐν</span> <span class='ocrx_word' id='word_1_744' title='bbox 2805 5474 2862 5554; x_wconf 56' lang='grc' dir='ltr'><em>δῇ</em></span> <span class='ocrx_word' id='word_1_745' title='bbox 2902 5482 2981 5551; x_wconf 83' lang='grc' dir='ltr'>τῷ</span> <span class='ocrx_word' id='word_1_746' title='bbox 3186 5476 3269 5554; x_wconf 72' lang='grc' dir='ltr'>τίς</span> <span class='ocrx_word' id='word_1_747' title='bbox 3318 5474 3782 5554; x_wconf 72' lang='grc' dir='ltr'>ἐξομολογήσεταί</span> 
     </span>
    </p>
   </div>
   <div class='ocr_carea' id='block_1_117' title="bbox 2123 5546 3780 5677">
    <p class='ocr_par' dir='ltr' id='par_1_117' title="bbox 2123 5546 3780 5677">
     <span class='ocr_line' id='line_1_120' title="bbox 2123 5546 3780 5626; baseline -0.003 -19"><span class='ocrx_word' id='word_1_748' title='bbox 2123 5546 2256 5620; x_wconf 47' lang='grc' dir='ltr'>σοι,</span> <span class='ocrx_word' id='word_1_749' title='bbox 2279 5550 2367 5606; x_wconf 85' lang='grc' dir='ltr'>καὶ</span> <span class='ocrx_word' id='word_1_750' title='bbox 2420 5549 2607 5606; x_wconf 71' lang='grc' dir='ltr'>πάλιν*</span> <span class='ocrx_word' id='word_1_751' title='bbox 2638 5548 2716 5607; x_wconf 92' lang='grc' dir='ltr'>Οὐ</span> <span class='ocrx_word' id='word_1_752' title='bbox 2803 5550 2857 5603; x_wconf 72' lang='grc' dir='ltr'>οἱ</span> <span class='ocrx_word' id='word_1_753' title='bbox 2912 5546 3423 5624; x_wconf 75' lang='grc' dir='ltr'>νεκροὶάίνὲσουσί</span> <span class='ocrx_word' id='word_1_754' title='bbox 3482 5546 3780 5626; x_wconf 62' lang='grc' dir='ltr'>σε,’Κύριε,</span> 
     </span>
     <span class='ocr_line' id='line_1_121' title="bbox 2123 5568 3779 5677; baseline 0 0"><span class='ocrx_word' id='word_1_755' title='bbox 2123 5620 2249 5677; x_wconf 68' lang='grc' dir='ltr'>οὐδὲ</span> <span class='ocrx_word' id='word_1_756' title='bbox 2270 5621 2463 5677; x_wconf 79' lang='grc' dir='ltr'>πάντες</span> <span class='ocrx_word' id='word_1_757' title='bbox 2496 5624 2548 5677; x_wconf 75' lang='grc' dir='ltr'>οἱ</span> <span class='ocrx_word' id='word_1_758' title='bbox 2579 5568 2907 5677; x_wconf 55' lang='grc' dir='ltr'>καταξαίντες</span> <span class='ocrx_word' id='word_1_759' title='bbox 2950 5622 3025 5677; x_wconf 81' lang='grc' dir='ltr'>είς</span> <span class='ocrx_word' id='word_1_760' title='bbox 3059 5616 3213 5677; x_wconf 74' lang='grc' dir='ltr'>ἃδου.</span> <span class='ocrx_word' id='word_1_761' title='bbox 3245 5628 3303 5677; x_wconf 85' lang='lat' dir='ltr'>et</span> <span class='ocrx_word' id='word_1_762' title='bbox 3358 5624 3456 5677; x_wconf 88' lang='lat' dir='ltr'>hic</span> <span class='ocrx_word' id='word_1_763' title='bbox 3513 5623 3648 5677; x_wconf 82' lang='lat' dir='ltr'>ﬁnit</span> <span class='ocrx_word' id='word_1_764' title='bbox 3688 5639 3779 5677; x_wconf 84' lang='lat' dir='ltr'>re-</span> 
     </span>
    </p>
   </div>
   <div class='ocr_carea' id='block_1_118' title="bbox 2122 5620 3779 5774">
    <p class='ocr_par' dir='ltr' id='par_1_118' title="bbox 2122 5620 3779 5774">
     <span class='ocr_line' id='line_1_122' title="bbox 2123 5620 3779 5693; baseline 0.002 -15"><span class='ocrx_word' id='word_1_765' title='bbox 2123 5620 2249 5678; x_wconf 71' lang='grc' dir='ltr'>οὐδὶ</span> <span class='ocrx_word' id='word_1_766' title='bbox 2270 5621 2463 5687; x_wconf 90' lang='grc' dir='ltr'>πάντες</span> <span class='ocrx_word' id='word_1_767' title='bbox 2496 5624 2548 5678; x_wconf 74' lang='grc' dir='ltr'>οἱ</span> <span class='ocrx_word' id='word_1_768' title='bbox 2579 5620 2907 5683; x_wconf 64' lang='grc' dir='ltr'>καταϐάντες</span> <span class='ocrx_word' id='word_1_769' title='bbox 2950 5620 3025 5684; x_wconf 83' lang='grc' dir='ltr'>είς</span> <span class='ocrx_word' id='word_1_770' title='bbox 3059 5620 3213 5693; x_wconf 71' lang='grc' dir='ltr'>ᾅδου,</span> <span class='ocrx_word' id='word_1_771' title='bbox 3245 5628 3303 5679; x_wconf 80' lang='lat' dir='ltr'>et</span> <span class='ocrx_word' id='word_1_772' title='bbox 3358 5624 3456 5681; x_wconf 89' lang='lat' dir='ltr'>hic</span> <span class='ocrx_word' id='word_1_773' title='bbox 3513 5620 3648 5681; x_wconf 82' lang='lat' dir='ltr'>finit</span> <span class='ocrx_word' id='word_1_774' title='bbox 3677 5620 3779 5681; x_wconf 69' lang='grc' dir='ltr'>ἰσο-</span> 
     </span>
     <span class='ocr_line' id='line_1_123' title="bbox 2122 5712 2434 5774; baseline -0.006 -19"><span class='ocrx_word' id='word_1_775' title='bbox 2122 5712 2434 5774; x_wconf 87' lang='lat' dir='ltr'>sponsum.</span> 
     </span>
    </p>
   </div>
  </div>
