  <div class='ocr_page' id='page_1' title='image "/cluster/home/n/w/nwhite01/storage/ocr_20150623/28:no.4/coo.31924054873090/322.png"; bbox 0 0 4132 6380; ppageno 0'>
   <div class='ocr_carea' id='block_1_1' title="bbox 321 394 443 454">
    <p class='ocr_par' dir='ltr' id='par_1_1' title="bbox 321 394 443 454">
     <span class='ocr_line' id='line_1_1' title="bbox 321 394 443 454; baseline -0.016 0"><span class='ocrx_word' id='word_1_1' title='bbox 321 394 443 454; x_wconf 81' lang='grc' dir='ltr'>61Ἷ</span> 
     </span>
    </p>
   </div>
   <div class='ocr_carea' id='block_1_2' title="bbox 1284 379 2805 452">
    <p class='ocr_par' dir='ltr' id='par_1_2' title="bbox 1284 379 2805 452">
     <span class='ocr_line' id='line_1_2' title="bbox 1284 379 2805 452; baseline -0.003 -8"><span class='ocrx_word' id='word_1_2' title='bbox 1284 381 1800 452; x_wconf 68' lang='grc' dir='ltr'>ΟΠλΕΞΤΙΟΝΕΒ</span> <span class='ocrx_word' id='word_1_3' title='bbox 1848 383 1953 441; x_wconf 84' lang='lat' dir='ltr'>AD</span> <span class='ocrx_word' id='word_1_4' title='bbox 1999 381 2466 442; x_wconf 84' lang='lat' dir='ltr'>ANTIOCHUM</span> <span class='ocrx_word' id='word_1_5' title='bbox 2511 379 2805 443; x_wconf 81' lang='lat' dir='ltr'>DUCEM.</span> 
     </span>
    </p>
   </div>
   <div class='ocr_carea' id='block_1_3' title="bbox 3629 385 3754 444">
    <p class='ocr_par' dir='ltr' id='par_1_3' title="bbox 3629 385 3754 444">
     <span class='ocr_line' id='line_1_3' title="bbox 3629 385 3754 444; baseline 0.016 -3"><span class='ocrx_word' id='word_1_6' title='bbox 3629 385 3754 444; x_wconf 80' lang='grc'>618</span> 
     </span>
    </p>
   </div>
   <div class='ocr_carea' id='block_1_4' title="bbox 397 493 2000 598">
    <p class='ocr_par' dir='ltr' id='par_1_4' title="bbox 397 509 1985 598">
     <span class='ocr_line' id='line_1_4' title="bbox 397 509 1985 598; baseline -0.006 -23"><span class='ocrx_word' id='word_1_7' title='bbox 397 522 594 598; x_wconf 81' lang='grc' dir='ltr'>Ἐρώτ.</span> <span class='ocrx_word' id='word_1_8' title='bbox 631 518 734 593; x_wconf 91' lang='grc' dir='ltr'>λγ’.</span> <span class='ocrx_word' id='word_1_9' title='bbox 769 515 838 573; x_wconf 90' lang='grc' dir='ltr'>Τί</span> <span class='ocrx_word' id='word_1_10' title='bbox 870 512 928 569; x_wconf 73' lang='grc' dir='ltr'>δὲ</span> <span class='ocrx_word' id='word_1_11' title='bbox 958 516 1049 569; x_wconf 78' lang='grc' dir='ltr'>νῦν</span> <span class='ocrx_word' id='word_1_12' title='bbox 1095 509 1197 588; x_wconf 79' lang='grc' dir='ltr'>ἄρα</span> <span class='ocrx_word' id='word_1_13' title='bbox 1236 512 1299 567; x_wconf 88' lang='grc' dir='ltr'>τὸ</span> <span class='ocrx_word' id='word_1_14' title='bbox 1346 509 1499 589; x_wconf 78' lang='grc' dir='ltr'>ἔργον</span> <span class='ocrx_word' id='word_1_15' title='bbox 1551 511 1663 568; x_wconf 78' lang='grc' dir='ltr'>ἐκεῖ</span> <span class='ocrx_word' id='word_1_16' title='bbox 1705 517 1813 568; x_wconf 88' lang='grc' dir='ltr'>τῶν</span> <span class='ocrx_word' id='word_1_17' title='bbox 1845 531 1985 584; x_wconf 86' lang='grc' dir='ltr'>προ-</span> 
     </span>
    </p>
   </div>
   <div class='ocr_carea' id='block_1_5' title="bbox 2128 493 3759 598">
    <p class='ocr_par' dir='ltr' id='par_1_5' title="bbox 2173 513 3759 589">
     <span class='ocr_line' id='line_1_5' title="bbox 2173 513 3759 589; baseline 0.001 -20"><span class='ocrx_word' id='word_1_18' title='bbox 2173 513 2327 569; x_wconf 72' lang='lat'><strong>224</strong></span> <span class='ocrx_word' id='word_1_19' title='bbox 2358 513 2584 578; x_wconf 60' lang='lat' dir='ltr'>Quas&#39;r.</span> <span class='ocrx_word' id='word_1_20' title='bbox 2617 513 2809 569; x_wconf 83' lang='lat' dir='ltr'>XXIII.</span> <span class='ocrx_word' id='word_1_21' title='bbox 2844 513 2992 579; x_wconf 89' lang='lat' dir='ltr'>Quid</span> <span class='ocrx_word' id='word_1_22' title='bbox 3025 531 3179 570; x_wconf 89' lang='lat' dir='ltr'>nunc</span> <span class='ocrx_word' id='word_1_23' title='bbox 3211 515 3392 588; x_wconf 82' lang='lat' dir='ltr'>igitur</span> <span class='ocrx_word' id='word_1_24' title='bbox 3419 515 3541 573; x_wconf 91' lang='lat' dir='ltr'>illic</span> <span class='ocrx_word' id='word_1_25' title='bbox 3573 521 3759 589; x_wconf 88' lang='lat' dir='ltr'>agunt</span> 
     </span>
    </p>
   </div>
   <div class='ocr_carea' id='block_1_6' title="bbox 321 609 951 681">
    <p class='ocr_par' dir='ltr' id='par_1_6' title="bbox 321 609 951 681">
     <span class='ocr_line' id='line_1_6' title="bbox 321 609 951 681; baseline -0.019 -11"><span class='ocrx_word' id='word_1_26' title='bbox 321 612 684 676; x_wconf 80' lang='grc' dir='ltr'>απελθουσῶν</span> <span class='ocrx_word' id='word_1_27' title='bbox 713 609 908 681; x_wconf 81' lang='grc' dir='ltr'>ψυχῶν</span> <span class='ocrx_word' id='word_1_28' title='bbox 937 621 951 672; x_wconf 91' lang='lat'><strong>;</strong></span> 
     </span>
    </p>
   </div>
   <div class='ocr_carea' id='block_1_7' title="bbox 399 688 1985 771">
    <p class='ocr_par' dir='ltr' id='par_1_7' title="bbox 399 688 1985 771">
     <span class='ocr_line' id='line_1_7' title="bbox 399 688 1985 771; baseline -0.007 -15"><span class='ocrx_word' id='word_1_29' title='bbox 399 699 594 760; x_wconf 85' lang='grc' dir='ltr'>Ἀπόκ.</span> <span class='ocrx_word' id='word_1_30' title='bbox 628 697 801 771; x_wconf 80' lang='grc' dir='ltr'>Ψυχὴ</span> <span class='ocrx_word' id='word_1_31' title='bbox 837 695 1094 766; x_wconf 86' lang='grc' dir='ltr'>σώματος</span> <span class='ocrx_word' id='word_1_32' title='bbox 1148 688 1549 767; x_wconf 72' lang='grc' dir='ltr'>ἀπηλλαγμένη</span> <span class='ocrx_word' id='word_1_33' title='bbox 1613 689 1735 746; x_wconf 66' lang='grc' dir='ltr'>οὔτε</span> <span class='ocrx_word' id='word_1_34' title='bbox 1788 689 1985 765; x_wconf 79' lang='grc' dir='ltr'>ἀγαθόν</span> 
     </span>
    </p>
   </div>
   <div class='ocr_carea' id='block_1_8' title="bbox 321 778 1986 863">
    <p class='ocr_par' dir='ltr' id='par_1_8' title="bbox 321 778 1986 863">
     <span class='ocr_line' id='line_1_8' title="bbox 321 778 1986 863; baseline -0.007 -17"><span class='ocrx_word' id='word_1_35' title='bbox 321 813 377 846; x_wconf 90' lang='grc' dir='ltr'>τι</span> <span class='ocrx_word' id='word_1_36' title='bbox 412 787 536 846; x_wconf 69' lang='grc' dir='ltr'>οὕτε</span> <span class='ocrx_word' id='word_1_37' title='bbox 564 787 808 863; x_wconf 87' lang='grc' dir='ltr'>πονηρὸν</span> <span class='ocrx_word' id='word_1_38' title='bbox 845 781 1234 859; x_wconf 76' lang='grc' dir='ltr'>διαπράξασθαι</span> <span class='ocrx_word' id='word_1_39' title='bbox 1268 778 1511 840; x_wconf 72' lang='grc' dir='ltr'>δύναται.</span> <span class='ocrx_word' id='word_1_40' title='bbox 1543 783 1607 839; x_wconf 71' lang='grc' dir='ltr'><strong>Αἱ</strong></span> <span class='ocrx_word' id='word_1_41' title='bbox 1655 781 1759 857; x_wconf 76' lang='grc' dir='ltr'>γὰρ</span> <span class='ocrx_word' id='word_1_42' title='bbox 1819 781 1986 835; x_wconf 85' lang='grc' dir='ltr'>ὀπτα-</span> 
     </span>
    </p>
   </div>
   <div class='ocr_carea' id='block_1_9' title="bbox 327 869 1989 952">
    <p class='ocr_par' dir='ltr' id='par_1_9' title="bbox 327 869 1989 952">
     <span class='ocr_line' id='line_1_9' title="bbox 327 869 1989 952; baseline -0.007 -17"><span class='ocrx_word' id='word_1_43' title='bbox 327 879 460 952; x_wconf 87' lang='grc' dir='ltr'>σίαι,</span> <span class='ocrx_word' id='word_1_44' title='bbox 492 878 556 941; x_wconf 84' lang='grc' dir='ltr'>’ἀς</span> <span class='ocrx_word' id='word_1_45' title='bbox 617 871 883 952; x_wconf 70' lang='grc' dir='ltr'>βλέπουσί</span> <span class='ocrx_word' id='word_1_46' title='bbox 932 873 1044 946; x_wconf 82' lang='grc'>(43)</span> <span class='ocrx_word' id='word_1_47' title='bbox 1070 891 1213 932; x_wconf 86' lang='grc' dir='ltr'>τινες</span> <span class='ocrx_word' id='word_1_48' title='bbox 1271 870 1394 946; x_wconf 78' lang='grc' dir='ltr'>περὶ</span> <span class='ocrx_word' id='word_1_49' title='bbox 1449 875 1556 925; x_wconf 87' lang='grc' dir='ltr'>τῶν</span> <span class='ocrx_word' id='word_1_50' title='bbox 1617 870 1807 942; x_wconf 81' lang='grc' dir='ltr'>ἐκεῖσε,</span> <span class='ocrx_word' id='word_1_51' title='bbox 1841 869 1989 924; x_wconf 82' lang='grc' dir='ltr'>οἰκο-</span> 
     </span>
    </p>
   </div>
   <div class='ocr_carea' id='block_1_10' title="bbox 325 957 1984 1042">
    <p class='ocr_par' dir='ltr' id='par_1_10' title="bbox 325 957 1984 1042">
     <span class='ocr_line' id='line_1_10' title="bbox 325 957 1984 1042; baseline -0.004 -22"><span class='ocrx_word' id='word_1_52' title='bbox 325 973 573 1042; x_wconf 77' lang='grc' dir='ltr'>νομικῶς</span> <span class='ocrx_word' id='word_1_53' title='bbox 630 967 658 1020; x_wconf 88' lang='grc' dir='ltr'>ὁ</span> <span class='ocrx_word' id='word_1_54' title='bbox 718 964 848 1024; x_wconf 84' lang='grc' dir='ltr'>Θεὸς</span> <span class='ocrx_word' id='word_1_55' title='bbox 905 961 1102 1021; x_wconf 72' lang='grc' dir='ltr'>ταύτας</span> <span class='ocrx_word' id='word_1_56' title='bbox 1177 957 1411 1014; x_wconf 75' lang='grc' dir='ltr'>δείκνυσι</span> <span class='ocrx_word' id='word_1_57' title='bbox 1492 960 1628 1033; x_wconf 85' lang='grc' dir='ltr'>πρὸς</span> <span class='ocrx_word' id='word_1_58' title='bbox 1696 957 1984 1038; x_wconf 76' lang='grc' dir='ltr'>ὠφέλειαν.</span> 
     </span>
    </p>
   </div>
   <div class='ocr_carea' id='block_1_11' title="bbox 327 1045 1988 1132">
    <p class='ocr_par' dir='ltr' id='par_1_11' title="bbox 327 1045 1988 1132">
     <span class='ocr_line' id='line_1_11' title="bbox 327 1045 1988 1132; baseline -0.007 -20"><span class='ocrx_word' id='word_1_59' title='bbox 327 1061 534 1132; x_wconf 78' lang='grc' dir='ltr'>’Ὠσπερ</span> <span class='ocrx_word' id='word_1_60' title='bbox 579 1055 683 1130; x_wconf 72' lang='grc' dir='ltr'>γὰρ</span> <span class='ocrx_word' id='word_1_61' title='bbox 737 1055 772 1121; x_wconf 79' lang='grc' dir='ltr'>ἡ</span> <span class='ocrx_word' id='word_1_62' title='bbox 821 1049 983 1124; x_wconf 70' lang='grc' dir='ltr'>λύρα,</span> <span class='ocrx_word' id='word_1_63' title='bbox 1016 1049 1100 1102; x_wconf 73' lang='grc' dir='ltr'>ἐὰν</span> <span class='ocrx_word' id='word_1_64' title='bbox 1153 1048 1227 1121; x_wconf 81' lang='grc' dir='ltr'>μή</span> <span class='ocrx_word' id='word_1_65' title='bbox 1278 1045 1379 1122; x_wconf 81' lang='grc' dir='ltr'>ἔχῃ</span> <span class='ocrx_word' id='word_1_66' title='bbox 1412 1048 1502 1102; x_wconf 88' lang='grc' dir='ltr'>τὸν</span> <span class='ocrx_word' id='word_1_67' title='bbox 1534 1045 1818 1124; x_wconf 74' lang='grc' dir='ltr'>κρούοντα,</span> <span class='ocrx_word' id='word_1_68' title='bbox 1852 1047 1988 1122; x_wconf 76' lang='grc' dir='ltr'>ἀργὴ</span> 
     </span>
    </p>
   </div>
   <div class='ocr_carea' id='block_1_12' title="bbox 335 1136 1988 1224">
    <p class='ocr_par' dir='ltr' id='par_1_12' title="bbox 335 1136 1988 1224">
     <span class='ocr_line' id='line_1_12' title="bbox 335 1136 1988 1224; baseline -0.007 -22"><span class='ocrx_word' id='word_1_69' title='bbox 335 1149 521 1224; x_wconf 73' lang='grc' dir='ltr'>ὁρᾶται</span> <span class='ocrx_word' id='word_1_70' title='bbox 554 1144 644 1199; x_wconf 81' lang='grc' dir='ltr'>καὶ</span> <span class='ocrx_word' id='word_1_71' title='bbox 676 1140 973 1215; x_wconf 76' lang='grc' dir='ltr'>ἄπρακτος·</span> <span class='ocrx_word' id='word_1_72' title='bbox 1008 1136 1151 1192; x_wconf 80' lang='grc' dir='ltr'>οὕτω</span> <span class='ocrx_word' id='word_1_73' title='bbox 1181 1137 1270 1192; x_wconf 81' lang='grc' dir='ltr'>καὶ</span> <span class='ocrx_word' id='word_1_74' title='bbox 1302 1139 1335 1206; x_wconf 79' lang='grc' dir='ltr'><strong>ἡ</strong></span> <span class='ocrx_word' id='word_1_75' title='bbox 1369 1138 1521 1212; x_wconf 77' lang='grc' dir='ltr'>ψυχὴ</span> <span class='ocrx_word' id='word_1_76' title='bbox 1558 1136 1648 1191; x_wconf 83' lang='grc' dir='ltr'>καὶ</span> <span class='ocrx_word' id='word_1_77' title='bbox 1693 1136 1755 1192; x_wconf 89' lang='grc' dir='ltr'>τὸ</span> <span class='ocrx_word' id='word_1_78' title='bbox 1809 1141 1988 1210; x_wconf 86' lang='grc' dir='ltr'>σῶμα,</span> 
     </span>
    </p>
   </div>
   <div class='ocr_carea' id='block_1_13' title="bbox 339 1224 1988 1308">
    <p class='ocr_par' dir='ltr' id='par_1_13' title="bbox 339 1224 1988 1308">
     <span class='ocr_line' id='line_1_13' title="bbox 339 1224 1988 1308; baseline -0.003 -19"><span class='ocrx_word' id='word_1_79' title='bbox 339 1237 391 1308; x_wconf 77' lang='grc' dir='ltr'>ἐξ</span> <span class='ocrx_word' id='word_1_80' title='bbox 439 1231 704 1304; x_wconf 78' lang='grc' dir='ltr'>ἀλλήλων</span> <span class='ocrx_word' id='word_1_81' title='bbox 747 1228 1115 1306; x_wconf 64' lang='grc' dir='ltr'>χωρισθέντα,</span> <span class='ocrx_word' id='word_1_82' title='bbox 1172 1225 1323 1281; x_wconf 71' lang='grc' dir='ltr'>οὐδὲν</span> <span class='ocrx_word' id='word_1_83' title='bbox 1375 1226 1660 1302; x_wconf 78' lang='grc' dir='ltr'>ἐνεργῆσαι</span> <span class='ocrx_word' id='word_1_84' title='bbox 1720 1224 1988 1284; x_wconf 69' lang='grc' dir='ltr'>δύνανται.</span> 
     </span>
    </p>
   </div>
   <div class='ocr_carea' id='block_1_14' title="bbox 344 1314 1990 1400">
    <p class='ocr_par' dir='ltr' id='par_1_14' title="bbox 344 1314 1990 1400">
     <span class='ocr_line' id='line_1_14' title="bbox 344 1314 1990 1400; baseline -0.007 -20"><span class='ocrx_word' id='word_1_85' title='bbox 344 1327 409 1382; x_wconf 66' lang='grc' dir='ltr'><strong>Αἱ</strong></span> <span class='ocrx_word' id='word_1_86' title='bbox 440 1329 572 1400; x_wconf 68' lang='grc' dir='ltr'>γοῦν</span> <span class='ocrx_word' id='word_1_87' title='bbox 603 1326 710 1377; x_wconf 87' lang='grc' dir='ltr'>τῶν</span> <span class='ocrx_word' id='word_1_88' title='bbox 744 1320 908 1397; x_wconf 78' lang='grc' dir='ltr'>ἁγίων</span> <span class='ocrx_word' id='word_1_89' title='bbox 947 1317 1144 1393; x_wconf 75' lang='grc' dir='ltr'>ψυχαὶ,</span> <span class='ocrx_word' id='word_1_90' title='bbox 1178 1315 1280 1370; x_wconf 86' lang='grc' dir='ltr'>ὑπὸ</span> <span class='ocrx_word' id='word_1_91' title='bbox 1329 1320 1424 1370; x_wconf 73' lang='grc' dir='ltr'>τοῦ</span> <span class='ocrx_word' id='word_1_92' title='bbox 1470 1315 1625 1391; x_wconf 79' lang='grc' dir='ltr'>ἁγίου</span> <span class='ocrx_word' id='word_1_93' title='bbox 1674 1314 1990 1390; x_wconf 77' lang='grc' dir='ltr'>Πνεύματος</span> 
     </span>
    </p>
   </div>
   <div class='ocr_carea' id='block_1_15' title="bbox 350 1403 1990 1488">
    <p class='ocr_par' dir='ltr' id='par_1_15' title="bbox 350 1403 1990 1488">
     <span class='ocr_line' id='line_1_15' title="bbox 350 1403 1990 1488; baseline -0.005 -20"><span class='ocrx_word' id='word_1_94' title='bbox 350 1412 746 1488; x_wconf 68' lang='grc' dir='ltr'>ἐνεργούμεναι,</span> <span class='ocrx_word' id='word_1_95' title='bbox 783 1408 913 1482; x_wconf 85' lang='grc' dir='ltr'>μετά</span> <span class='ocrx_word' id='word_1_96' title='bbox 959 1404 1205 1483; x_wconf 73' lang='grc' dir='ltr'>ἀγγέλων</span> <span class='ocrx_word' id='word_1_97' title='bbox 1259 1403 1310 1460; x_wconf 79' lang='grc' dir='ltr'>ἐν</span> <span class='ocrx_word' id='word_1_98' title='bbox 1369 1406 1530 1481; x_wconf 82' lang='grc' dir='ltr'>χώρᾳ</span> <span class='ocrx_word' id='word_1_99' title='bbox 1584 1405 1798 1475; x_wconf 82' lang='grc' dir='ltr'>ζώντων</span> <span class='ocrx_word' id='word_1_100' title='bbox 1861 1405 1990 1460; x_wconf 85' lang='grc' dir='ltr'>Θεὸν</span> 
     </span>
    </p>
   </div>
   <div class='ocr_carea' id='block_1_16' title="bbox 355 1496 1081 1575">
    <p class='ocr_par' dir='ltr' id='par_1_16' title="bbox 355 1496 1081 1575">
     <span class='ocr_line' id='line_1_16' title="bbox 355 1496 1081 1575; baseline -0.006 -19"><span class='ocrx_word' id='word_1_101' title='bbox 355 1498 582 1575; x_wconf 72' lang='grc' dir='ltr'>ὑμνοῦσι</span> <span class='ocrx_word' id='word_1_102' title='bbox 613 1499 704 1555; x_wconf 84' lang='grc' dir='ltr'>καὶ</span> <span class='ocrx_word' id='word_1_103' title='bbox 735 1496 1081 1572; x_wconf 83' lang='grc' dir='ltr'>ἀγάλλονται.</span> 
     </span>
    </p>
   </div>
   <div class='ocr_carea' id='block_1_17' title="bbox 427 1583 1996 1666">
    <p class='ocr_par' dir='ltr' id='par_1_17' title="bbox 427 1583 1996 1666">
     <span class='ocr_line' id='line_1_17' title="bbox 427 1583 1996 1666; baseline -0.003 -21"><span class='ocrx_word' id='word_1_104' title='bbox 427 1591 618 1666; x_wconf 83' lang='grc' dir='ltr'>Ἐρώτ.</span> <span class='ocrx_word' id='word_1_105' title='bbox 653 1585 751 1645; x_wconf 84' lang='grc' dir='ltr'>λδ.</span> <span class='ocrx_word' id='word_1_106' title='bbox 785 1587 851 1644; x_wconf 88' lang='grc' dir='ltr'>Τί</span> <span class='ocrx_word' id='word_1_107' title='bbox 888 1584 1018 1655; x_wconf 77' lang='grc' dir='ltr'>οὗν;</span> <span class='ocrx_word' id='word_1_108' title='bbox 1053 1584 1151 1640; x_wconf 80' lang='grc' dir='ltr'>οὐκ</span> <span class='ocrx_word' id='word_1_109' title='bbox 1202 1583 1546 1640; x_wconf 80' lang='grc' dir='ltr'>αἰσθάνονταί</span> <span class='ocrx_word' id='word_1_110' title='bbox 1594 1606 1738 1646; x_wconf 91' lang='grc' dir='ltr'>τινος</span> <span class='ocrx_word' id='word_1_111' title='bbox 1784 1584 1996 1660; x_wconf 82' lang='grc' dir='ltr'>εὐεργε-</span> 
     </span>
    </p>
   </div>
   <div class='ocr_carea' id='block_1_18' title="bbox 353 1672 1995 1751">
    <p class='ocr_par' dir='ltr' id='par_1_18' title="bbox 353 1672 1995 1751">
     <span class='ocr_line' id='line_1_18' title="bbox 353 1672 1995 1751; baseline -0.004 -16"><span class='ocrx_word' id='word_1_112' title='bbox 353 1681 471 1742; x_wconf 88' lang='grc' dir='ltr'>σίας</span> <span class='ocrx_word' id='word_1_113' title='bbox 521 1680 611 1734; x_wconf 83' lang='grc' dir='ltr'>καὶ</span> <span class='ocrx_word' id='word_1_114' title='bbox 653 1679 706 1732; x_wconf 79' lang='grc' dir='ltr'>αἱ</span> <span class='ocrx_word' id='word_1_115' title='bbox 749 1681 857 1732; x_wconf 89' lang='grc' dir='ltr'>τῶν</span> <span class='ocrx_word' id='word_1_116' title='bbox 908 1672 1254 1751; x_wconf 78' lang='grc' dir='ltr'>ἁμαρτωλῶν</span> <span class='ocrx_word' id='word_1_117' title='bbox 1305 1674 1503 1750; x_wconf 76' lang='grc' dir='ltr'>ψυχαὶ,</span> <span class='ocrx_word' id='word_1_118' title='bbox 1532 1674 1829 1748; x_wconf 71' lang='grc' dir='ltr'>γινομένων</span> <span class='ocrx_word' id='word_1_119' title='bbox 1863 1675 1995 1750; x_wconf 77' lang='grc' dir='ltr'>ὑπὲρ</span> 
     </span>
    </p>
   </div>
   <div class='ocr_carea' id='block_1_19' title="bbox 347 1763 1728 1842">
    <p class='ocr_par' dir='ltr' id='par_1_19' title="bbox 347 1763 1728 1842">
     <span class='ocr_line' id='line_1_19' title="bbox 347 1763 1728 1842; baseline -0.004 -19"><span class='ocrx_word' id='word_1_120' title='bbox 347 1769 524 1824; x_wconf 80' lang='grc' dir='ltr'>αὐτῶν</span> <span class='ocrx_word' id='word_1_121' title='bbox 551 1767 808 1838; x_wconf 79' lang='grc' dir='ltr'>συνάξεων</span> <span class='ocrx_word' id='word_1_122' title='bbox 841 1765 932 1820; x_wconf 75' lang='grc' dir='ltr'>καὶ</span> <span class='ocrx_word' id='word_1_123' title='bbox 965 1764 1199 1819; x_wconf 77' lang='grc' dir='ltr'>εὖποιῶν</span> <span class='ocrx_word' id='word_1_124' title='bbox 1233 1763 1321 1818; x_wconf 83' lang='grc' dir='ltr'>καὶ</span> <span class='ocrx_word' id='word_1_125' title='bbox 1353 1767 1679 1842; x_wconf 84' lang='grc' dir='ltr'>προσφορῶν</span> <span class='ocrx_word' id='word_1_126' title='bbox 1714 1783 1728 1834; x_wconf 85' lang='grc'><strong>;</strong></span> 
     </span>
    </p>
   </div>
   <div class='ocr_carea' id='block_1_20' title="bbox 415 1851 2078 1956">
    <p class='ocr_par' dir='ltr' id='par_1_20' title="bbox 415 1851 2078 1956">
     <span class='ocr_line' id='line_1_20' title="bbox 415 1851 2078 1956; baseline -0.002 -44"><span class='ocrx_word' id='word_1_127' title='bbox 415 1857 606 1913; x_wconf 82' lang='grc' dir='ltr'>⁸Λπόκ.</span> <span class='ocrx_word' id='word_1_128' title='bbox 640 1855 705 1911; x_wconf 80' lang='lat' dir='ltr'>Ei</span> <span class='ocrx_word' id='word_1_129' title='bbox 742 1857 816 1929; x_wconf 74' lang='grc' dir='ltr'>μή</span> <span class='ocrx_word' id='word_1_130' title='bbox 846 1875 988 1916; x_wconf 85' lang='grc' dir='ltr'>τινες</span> <span class='ocrx_word' id='word_1_131' title='bbox 1022 1853 1320 1930; x_wconf 76' lang='grc' dir='ltr'>εὐεργεσίας</span> <span class='ocrx_word' id='word_1_132' title='bbox 1357 1859 1610 1929; x_wconf 81' lang='grc' dir='ltr'>μετεῖχον</span> <span class='ocrx_word' id='word_1_133' title='bbox 1669 1851 1729 1907; x_wconf 78' lang='grc' dir='ltr'>ἐκ</span> <span class='ocrx_word' id='word_1_134' title='bbox 1774 1851 1996 1924; x_wconf 80' lang='grc' dir='ltr'>τούτου,</span> <span class='ocrx_word' id='word_1_135' title='bbox 2029 1891 2078 1956; x_wconf 81' lang='grc' dir='ltr'><strong>Β</strong></span> 
     </span>
    </p>
   </div>
   <div class='ocr_carea' id='block_1_21' title="bbox 343 1940 1996 2020">
    <p class='ocr_par' dir='ltr' id='par_1_21' title="bbox 343 1940 1996 2020">
     <span class='ocr_line' id='line_1_21' title="bbox 343 1940 1996 2020; baseline -0.003 -19"><span class='ocrx_word' id='word_1_136' title='bbox 343 1946 445 2002; x_wconf 74' lang='grc' dir='ltr'>οὐκ</span> <span class='ocrx_word' id='word_1_137' title='bbox 481 1945 540 2001; x_wconf 76' lang='grc' dir='ltr'>ἂν</span> <span class='ocrx_word' id='word_1_138' title='bbox 575 1947 626 1999; x_wconf 83' lang='grc' dir='ltr'>ἐν</span> <span class='ocrx_word' id='word_1_139' title='bbox 657 1946 728 2018; x_wconf 74' lang='grc' dir='ltr'>τῇ</span> <span class='ocrx_word' id='word_1_140' title='bbox 754 1940 1107 2020; x_wconf 80' lang='grc' dir='ltr'>προσκομιδῇ</span> <span class='ocrx_word' id='word_1_141' title='bbox 1138 1941 1272 2015; x_wconf 84' lang='grc' dir='ltr'>ἐμνη</span> <span class='ocrx_word' id='word_1_142' title='bbox 1289 1942 1602 2016; x_wconf 74' lang='grc' dir='ltr'>μονεῦοντο.</span> <span class='ocrx_word' id='word_1_143' title='bbox 1627 1942 1786 1998; x_wconf 88' lang='grc' dir='ltr'>Ἀλλ’</span> <span class='ocrx_word' id='word_1_144' title='bbox 1815 1941 1996 2019; x_wconf 85' lang='grc' dir='ltr'>ὥσπερ</span> 
     </span>
    </p>
   </div>
   <div class='ocr_carea' id='block_1_22' title="bbox 343 2031 1996 2108">
    <p class='ocr_par' dir='ltr' id='par_1_22' title="bbox 343 2031 1996 2108">
     <span class='ocr_line' id='line_1_22' title="bbox 343 2031 1996 2108; baseline -0.003 -17"><span class='ocrx_word' id='word_1_145' title='bbox 343 2037 469 2092; x_wconf 82' lang='grc' dir='ltr'>ὅταν</span> <span class='ocrx_word' id='word_1_146' title='bbox 509 2037 537 2104; x_wconf 80' lang='grc' dir='ltr'>ἠ</span> <span class='ocrx_word' id='word_1_147' title='bbox 571 2031 819 2108; x_wconf 76' lang='grc' dir='ltr'>ἄμπελος</span> <span class='ocrx_word' id='word_1_148' title='bbox 877 2033 1029 2088; x_wconf 78' lang='grc' dir='ltr'>ἀνθεῖ</span> <span class='ocrx_word' id='word_1_149' title='bbox 1086 2031 1186 2103; x_wconf 79' lang='grc' dir='ltr'>ἔξω</span> <span class='ocrx_word' id='word_1_150' title='bbox 1245 2033 1295 2087; x_wconf 79' lang='grc' dir='ltr'>ἐν</span> <span class='ocrx_word' id='word_1_151' title='bbox 1349 2037 1428 2104; x_wconf 78' lang='grc' dir='ltr'>τῷ</span> <span class='ocrx_word' id='word_1_152' title='bbox 1485 2032 1656 2108; x_wconf 81' lang='grc' dir='ltr'>ἀγρῷ,</span> <span class='ocrx_word' id='word_1_153' title='bbox 1690 2031 1996 2096; x_wconf 73' lang='grc' dir='ltr'>αῗσθάνεται</span> 
     </span>
    </p>
   </div>
   <div class='ocr_carea' id='block_1_23' title="bbox 345 2120 1997 2210">
    <p class='ocr_par' dir='ltr' id='par_1_23' title="bbox 345 2120 1997 2210">
     <span class='ocr_line' id='line_1_23' title="bbox 345 2120 1997 2210; baseline -0.002 -30"><span class='ocrx_word' id='word_1_154' title='bbox 345 2123 404 2180; x_wconf 80' lang='grc' dir='ltr'>δὲ</span> <span class='ocrx_word' id='word_1_155' title='bbox 459 2132 561 2194; x_wconf 88' lang='grc' dir='ltr'>τῆς</span> <span class='ocrx_word' id='word_1_156' title='bbox 621 2123 799 2198; x_wconf 81' lang='grc' dir='ltr'>ὀσμῆς</span> <span class='ocrx_word' id='word_1_157' title='bbox 853 2122 1020 2191; x_wconf 76' lang='grc' dir='ltr'>αὐτῆς</span> <span class='ocrx_word' id='word_1_158' title='bbox 1079 2123 1107 2176; x_wconf 99' lang='lat'>6</span> <span class='ocrx_word' id='word_1_159' title='bbox 1165 2120 1658 2210; x_wconf 65' lang='grc' dir='ltr'>ἁποκεκλεισμένρς</span> <span class='ocrx_word' id='word_1_160' title='bbox 1709 2121 1876 2193; x_wconf 79' lang='grc' dir='ltr'>οἶνος,</span> <span class='ocrx_word' id='word_1_161' title='bbox 1907 2121 1997 2177; x_wconf 83' lang='grc' dir='ltr'>καὶ</span> 
     </span>
    </p>
   </div>
   <div class='ocr_carea' id='block_1_24' title="bbox 341 2211 1996 2287">
    <p class='ocr_par' dir='ltr' id='par_1_24' title="bbox 341 2211 1996 2287">
     <span class='ocr_line' id='line_1_24' title="bbox 341 2211 1996 2287; baseline -0.003 -16"><span class='ocrx_word' id='word_1_162' title='bbox 341 2220 594 2280; x_wconf 81' lang='grc' dir='ltr'>συνανθεῖ</span> <span class='ocrx_word' id='word_1_163' title='bbox 638 2215 727 2269; x_wconf 77' lang='grc' dir='ltr'>καὶ</span> <span class='ocrx_word' id='word_1_164' title='bbox 786 2212 966 2275; x_wconf 75' lang='grc' dir='ltr'>αὐτός’</span> <span class='ocrx_word' id='word_1_165' title='bbox 1003 2211 1146 2267; x_wconf 68' lang='grc' dir='ltr'>οὕτω</span> <span class='ocrx_word' id='word_1_166' title='bbox 1203 2211 1311 2267; x_wconf 89' lang='grc' dir='ltr'>νόει</span> <span class='ocrx_word' id='word_1_167' title='bbox 1365 2213 1458 2266; x_wconf 73' lang='grc' dir='ltr'>καὶ</span> <span class='ocrx_word' id='word_1_168' title='bbox 1511 2213 1607 2275; x_wconf 79' lang='grc' dir='ltr'>τὰς</span> <span class='ocrx_word' id='word_1_169' title='bbox 1663 2216 1768 2267; x_wconf 88' lang='grc' dir='ltr'>τῶν</span> <span class='ocrx_word' id='word_1_170' title='bbox 1823 2214 1996 2287; x_wconf 85' lang='grc' dir='ltr'>ἁμαρ-</span> 
     </span>
    </p>
   </div>
   <div class='ocr_carea' id='block_1_25' title="bbox 338 2300 1998 2380">
    <p class='ocr_par' dir='ltr' id='par_1_25' title="bbox 338 2300 1998 2380">
     <span class='ocr_line' id='line_1_25' title="bbox 338 2300 1998 2380; baseline -0.004 -18"><span class='ocrx_word' id='word_1_171' title='bbox 338 2306 539 2362; x_wconf 84' lang='grc' dir='ltr'>τωλῶν</span> <span class='ocrx_word' id='word_1_172' title='bbox 570 2305 751 2380; x_wconf 77' lang='grc' dir='ltr'>ψυχὰς</span> <span class='ocrx_word' id='word_1_173' title='bbox 786 2303 1031 2378; x_wconf 71' lang='grc' dir='ltr'>μετέχειν</span> <span class='ocrx_word' id='word_1_174' title='bbox 1063 2301 1364 2378; x_wconf 76' lang='grc' dir='ltr'>εὐεργεσίας</span> <span class='ocrx_word' id='word_1_175' title='bbox 1420 2303 1566 2364; x_wconf 89' lang='grc' dir='ltr'>τινὸς</span> <span class='ocrx_word' id='word_1_176' title='bbox 1618 2300 1677 2357; x_wconf 79' lang='grc' dir='ltr'>ἐκ</span> <span class='ocrx_word' id='word_1_177' title='bbox 1721 2308 1820 2372; x_wconf 85' lang='grc' dir='ltr'>τῆς</span> <span class='ocrx_word' id='word_1_178' title='bbox 1865 2302 1998 2377; x_wconf 68' lang='grc' dir='ltr'>ὑπὲρ</span> 
     </span>
    </p>
   </div>
   <div class='ocr_carea' id='block_1_26' title="bbox 341 2391 1998 2470">
    <p class='ocr_par' dir='ltr' id='par_1_26' title="bbox 341 2391 1998 2470">
     <span class='ocr_line' id='line_1_26' title="bbox 341 2391 1998 2470; baseline -0.004 -18"><span class='ocrx_word' id='word_1_179' title='bbox 341 2396 522 2452; x_wconf 78' lang='grc' dir='ltr'>αὐτῶν</span> <span class='ocrx_word' id='word_1_180' title='bbox 581 2392 880 2470; x_wconf 71' lang='grc' dir='ltr'>γενομένης</span> <span class='ocrx_word' id='word_1_181' title='bbox 940 2392 1268 2466; x_wconf 83' lang='grc' dir='ltr'>ἆναιμάκτον</span> <span class='ocrx_word' id='word_1_182' title='bbox 1319 2392 1502 2456; x_wconf 79' lang='grc' dir='ltr'>θυσίας</span> <span class='ocrx_word' id='word_1_183' title='bbox 1575 2392 1664 2448; x_wconf 74' lang='grc' dir='ltr'>καὶ</span> <span class='ocrx_word' id='word_1_184' title='bbox 1732 2391 1998 2465; x_wconf 77' lang='grc' dir='ltr'>εὐποιίας,</span> 
     </span>
    </p>
   </div>
   <div class='ocr_carea' id='block_1_27' title="bbox 343 2480 1996 2559">
    <p class='ocr_par' dir='ltr' id='par_1_27' title="bbox 343 2480 1996 2559">
     <span class='ocr_line' id='line_1_27' title="bbox 343 2480 1996 2559; baseline -0.003 -18"><span class='ocrx_word' id='word_1_185' title='bbox 343 2487 421 2549; x_wconf 87' lang='grc' dir='ltr'>ὡς</span> <span class='ocrx_word' id='word_1_186' title='bbox 460 2485 623 2559; x_wconf 81' lang='grc' dir='ltr'>μόνος</span> <span class='ocrx_word' id='word_1_187' title='bbox 655 2483 932 2539; x_wconf 78' lang='grc' dir='ltr'>ἐπίσταται</span> <span class='ocrx_word' id='word_1_188' title='bbox 963 2481 1051 2537; x_wconf 83' lang='grc' dir='ltr'>καὶ</span> <span class='ocrx_word' id='word_1_189' title='bbox 1083 2480 1295 2537; x_wconf 79' lang='grc' dir='ltr'>κελεύει</span> <span class='ocrx_word' id='word_1_190' title='bbox 1326 2482 1354 2536; x_wconf 92' lang='lat'>6</span> <span class='ocrx_word' id='word_1_191' title='bbox 1385 2480 1601 2551; x_wconf 86' lang='grc' dir='ltr'>ζώντων</span> <span class='ocrx_word' id='word_1_192' title='bbox 1655 2482 1746 2536; x_wconf 84' lang='grc' dir='ltr'>καὶ</span> <span class='ocrx_word' id='word_1_193' title='bbox 1794 2485 1996 2557; x_wconf 80' lang='grc' dir='ltr'>νεκρῶν</span> 
     </span>
    </p>
   </div>
   <div class='ocr_carea' id='block_1_28' title="bbox 345 2571 1195 2648">
    <p class='ocr_par' dir='ltr' id='par_1_28' title="bbox 345 2571 1195 2648">
     <span class='ocr_line' id='line_1_28' title="bbox 345 2571 1195 2648; baseline -0.008 -16"><span class='ocrx_word' id='word_1_194' title='bbox 345 2573 698 2648; x_wconf 76' lang='grc' dir='ltr'>ἐξουσιαστὴς</span> <span class='ocrx_word' id='word_1_195' title='bbox 729 2573 817 2628; x_wconf 82' lang='grc' dir='ltr'>καὶ</span> <span class='ocrx_word' id='word_1_196' title='bbox 851 2571 982 2635; x_wconf 82' lang='grc' dir='ltr'>Θεὸς</span> <span class='ocrx_word' id='word_1_197' title='bbox 1011 2573 1195 2645; x_wconf 79' lang='grc' dir='ltr'>ἡμῶν.</span> 
     </span>
    </p>
   </div>
   <div class='ocr_carea' id='block_1_29' title="bbox 422 2658 2003 2743">
    <p class='ocr_par' dir='ltr' id='par_1_29' title="bbox 422 2658 2003 2743">
     <span class='ocr_line' id='line_1_29' title="bbox 422 2658 2003 2743; baseline -0.004 -23"><span class='ocrx_word' id='word_1_198' title='bbox 422 2664 616 2743; x_wconf 88' lang='grc' dir='ltr'>Ἐρώτ.</span> <span class='ocrx_word' id='word_1_199' title='bbox 661 2662 756 2719; x_wconf 86' lang='grc' dir='ltr'>λε’.</span> <span class='ocrx_word' id='word_1_200' title='bbox 787 2664 928 2738; x_wconf 78' lang='grc' dir='ltr'>Ἆρα</span> <span class='ocrx_word' id='word_1_201' title='bbox 987 2659 1209 2716; x_wconf 86' lang='grc' dir='ltr'>δυνατὸν</span> <span class='ocrx_word' id='word_1_202' title='bbox 1265 2664 1488 2736; x_wconf 89' lang='grc' dir='ltr'>γνῶναι,</span> <span class='ocrx_word' id='word_1_203' title='bbox 1518 2659 1667 2722; x_wconf 90' lang='grc' dir='ltr'>τίνος</span> <span class='ocrx_word' id='word_1_204' title='bbox 1726 2658 1886 2737; x_wconf 89' lang='grc' dir='ltr'>χάριν</span> <span class='ocrx_word' id='word_1_205' title='bbox 1935 2659 2003 2714; x_wconf 80' lang='grc' dir='ltr'>οὐ</span> 
     </span>
    </p>
   </div>
   <div class='ocr_carea' id='block_1_30' title="bbox 346 2747 2001 2830">
    <p class='ocr_par' dir='ltr' id='par_1_30' title="bbox 346 2747 2001 2830">
     <span class='ocr_line' id='line_1_30' title="bbox 346 2747 2001 2830; baseline -0.005 -19"><span class='ocrx_word' id='word_1_206' title='bbox 346 2755 733 2830; x_wconf 80' lang='grc' dir='ltr'>συνεχώρησεν</span> <span class='ocrx_word' id='word_1_207' title='bbox 767 2753 796 2806; x_wconf 89' lang='lat'>6</span> <span class='ocrx_word' id='word_1_208' title='bbox 829 2751 960 2813; x_wconf 89' lang='grc' dir='ltr'>Θεὸς</span> <span class='ocrx_word' id='word_1_209' title='bbox 992 2752 1175 2825; x_wconf 76' lang='grc' dir='ltr'>ψυχήν</span> <span class='ocrx_word' id='word_1_210' title='bbox 1225 2771 1371 2812; x_wconf 87' lang='grc' dir='ltr'>τινος</span> <span class='ocrx_word' id='word_1_211' title='bbox 1415 2753 1522 2805; x_wconf 87' lang='grc' dir='ltr'>τῶν</span> <span class='ocrx_word' id='word_1_212' title='bbox 1573 2747 1684 2804; x_wconf 80' lang='grc' dir='ltr'>ἐκεῖ</span> <span class='ocrx_word' id='word_1_213' title='bbox 1735 2748 2001 2813; x_wconf 84' lang='grc' dir='ltr'>ἀπελθόν-</span> 
     </span>
    </p>
   </div>
   <div class='ocr_carea' id='block_1_31' title="bbox 344 2835 2004 2915">
    <p class='ocr_par' dir='ltr' id='par_1_31' title="bbox 344 2835 2004 2915">
     <span class='ocr_line' id='line_1_31' title="bbox 344 2835 2004 2915; baseline -0.004 -16"><span class='ocrx_word' id='word_1_214' title='bbox 344 2865 456 2899; x_wconf 86' lang='grc' dir='ltr'>των</span> <span class='ocrx_word' id='word_1_215' title='bbox 515 2841 828 2898; x_wconf 79' lang='grc' dir='ltr'>ἐπανελθεῖν</span> <span class='ocrx_word' id='word_1_216' title='bbox 886 2840 1024 2915; x_wconf 85' lang='grc' dir='ltr'>πρὸς</span> <span class='ocrx_word' id='word_1_217' title='bbox 1080 2841 1251 2911; x_wconf 77' lang='grc' dir='ltr'>ἡμᾶς,</span> <span class='ocrx_word' id='word_1_218' title='bbox 1301 2840 1392 2893; x_wconf 88' lang='grc' dir='ltr'>καὶ</span> <span class='ocrx_word' id='word_1_219' title='bbox 1450 2835 1837 2913; x_wconf 69' lang='grc' dir='ltr'>διηγήσασθαι,</span> <span class='ocrx_word' id='word_1_220' title='bbox 1885 2844 2004 2902; x_wconf 82' lang='grc' dir='ltr'>πῶς</span> 
     </span>
    </p>
   </div>
   <div class='ocr_carea' id='block_1_32' title="bbox 349 2926 2002 3006">
    <p class='ocr_par' dir='ltr' id='par_1_32' title="bbox 349 2926 2002 3006">
     <span class='ocr_line' id='line_1_32' title="bbox 349 2926 2002 3006; baseline -0.002 -18"><span class='ocrx_word' id='word_1_221' title='bbox 349 2934 455 2989; x_wconf 69' lang='grc' dir='ltr'>εῗσι</span> <span class='ocrx_word' id='word_1_222' title='bbox 500 2932 570 2987; x_wconf 77' lang='grc' dir='ltr'>τὰ</span> <span class='ocrx_word' id='word_1_223' title='bbox 616 2929 915 3006; x_wconf 85' lang='grc' dir='ltr'>πράγματα</span> <span class='ocrx_word' id='word_1_224' title='bbox 962 2928 1015 2984; x_wconf 85' lang='grc' dir='ltr'>ἐν</span> <span class='ocrx_word' id='word_1_225' title='bbox 1059 2933 1138 3000; x_wconf 83' lang='grc' dir='ltr'>τῷ</span> <span class='ocrx_word' id='word_1_226' title='bbox 1186 2926 1288 3002; x_wconf 68' lang='grc' dir='ltr'>ᾄδῃ</span> <span class='ocrx_word' id='word_1_227' title='bbox 1343 2930 1471 3001; x_wconf 77' lang='grc'>(44),</span> <span class='ocrx_word' id='word_1_228' title='bbox 1503 2928 1592 2982; x_wconf 82' lang='grc' dir='ltr'>καὶ</span> <span class='ocrx_word' id='word_1_229' title='bbox 1622 2927 1764 2998; x_wconf 87' lang='grc' dir='ltr'>τίςὴ</span> <span class='ocrx_word' id='word_1_230' title='bbox 1797 2928 2002 3004; x_wconf 79' lang='grc' dir='ltr'>ἀνάγκη</span> 
     </span>
    </p>
   </div>
   <div class='ocr_carea' id='block_1_33' title="bbox 349 3020 926 3096">
    <p class='ocr_par' dir='ltr' id='par_1_33' title="bbox 349 3020 926 3096">
     <span class='ocr_line' id='line_1_33' title="bbox 349 3020 926 3096; baseline -0.009 -18"><span class='ocrx_word' id='word_1_231' title='bbox 349 3025 388 3093; x_wconf 80' lang='grc' dir='ltr'>ἠ</span> <span class='ocrx_word' id='word_1_232' title='bbox 421 3023 532 3077; x_wconf 75' lang='grc' dir='ltr'>ἐκεῖ</span> <span class='ocrx_word' id='word_1_233' title='bbox 564 3020 926 3096; x_wconf 80' lang='grc' dir='ltr'>ὑπάρχουσα;</span> 
     </span>
    </p>
   </div>
   <div class='ocr_carea' id='block_1_34' title="bbox 420 3106 2007 3183">
    <p class='ocr_par' dir='ltr' id='par_1_34' title="bbox 420 3106 2007 3183">
     <span class='ocr_line' id='line_1_34' title="bbox 420 3106 2007 3183; baseline -0.003 -14"><span class='ocrx_word' id='word_1_234' title='bbox 420 3111 612 3169; x_wconf 87' lang='grc' dir='ltr'>Ἀπόκ.</span> <span class='ocrx_word' id='word_1_235' title='bbox 647 3108 840 3178; x_wconf 85' lang='grc' dir='ltr'>Πολλή</span> <span class='ocrx_word' id='word_1_236' title='bbox 875 3107 1113 3171; x_wconf 72' lang='grc' dir='ltr'>ἐντεῦθεν</span> <span class='ocrx_word' id='word_1_237' title='bbox 1145 3109 1328 3177; x_wconf 82' lang='grc' dir='ltr'>πλάνη</span> <span class='ocrx_word' id='word_1_238' title='bbox 1364 3106 1416 3161; x_wconf 81' lang='grc' dir='ltr'>ἐν</span> <span class='ocrx_word' id='word_1_239' title='bbox 1456 3112 1538 3180; x_wconf 80' lang='grc' dir='ltr'>τῷ</span> <span class='ocrx_word' id='word_1_240' title='bbox 1584 3107 1690 3183; x_wconf 85' lang='grc' dir='ltr'>βίῳ</span> <span class='ocrx_word' id='word_1_241' title='bbox 1737 3109 2007 3164; x_wconf 83' lang='grc' dir='ltr'>τίκτεσθαι</span> 
     </span>
    </p>
   </div>
   <div class='ocr_carea' id='block_1_35' title="bbox 347 3194 2006 3277">
    <p class='ocr_par' dir='ltr' id='par_1_35' title="bbox 347 3194 2006 3277">
     <span class='ocr_line' id='line_1_35' title="bbox 347 3194 2006 3277; baseline -0.003 -20"><span class='ocrx_word' id='word_1_242' title='bbox 347 3197 573 3277; x_wconf 76' lang='grc' dir='ltr'>ἔμελλε.</span> <span class='ocrx_word' id='word_1_243' title='bbox 607 3197 821 3255; x_wconf 79' lang='grc' dir='ltr'>Πολλοὶ</span> <span class='ocrx_word' id='word_1_244' title='bbox 849 3199 951 3274; x_wconf 81' lang='grc' dir='ltr'>γὰρ</span> <span class='ocrx_word' id='word_1_245' title='bbox 995 3202 1102 3252; x_wconf 90' lang='grc' dir='ltr'>τῶν</span> <span class='ocrx_word' id='word_1_246' title='bbox 1155 3194 1430 3269; x_wconf 78' lang='grc' dir='ltr'>δαιμόνων</span> <span class='ocrx_word' id='word_1_247' title='bbox 1481 3195 1532 3251; x_wconf 81' lang='grc' dir='ltr'>ἐν</span> <span class='ocrx_word' id='word_1_248' title='bbox 1585 3198 1862 3272; x_wconf 80' lang='grc' dir='ltr'>σχήμασιν</span> <span class='ocrx_word' id='word_1_249' title='bbox 1915 3198 2006 3252; x_wconf 85' lang='grc' dir='ltr'>ἀν-</span> 
     </span>
    </p>
   </div>
   <div class='ocr_carea' id='block_1_36' title="bbox 2099 602 3068 674">
    <p class='ocr_par' dir='ltr' id='par_1_36' title="bbox 2099 602 3068 674">
     <span class='ocr_line' id='line_1_36' title="bbox 2099 602 3068 674; baseline -0.001 -16"><span class='ocrx_word' id='word_1_250' title='bbox 2099 602 2310 658; x_wconf 83' lang='lat' dir='ltr'>animae</span> <span class='ocrx_word' id='word_1_251' title='bbox 2341 619 2473 674; x_wconf 83' lang='lat' dir='ltr'>quae</span> <span class='ocrx_word' id='word_1_252' title='bbox 2499 604 2620 674; x_wconf 89' lang='lat' dir='ltr'>jam</span> <span class='ocrx_word' id='word_1_253' title='bbox 2651 603 3068 660; x_wconf 84' lang='lat' dir='ltr'>decesserunt?</span> 
     </span>
    </p>
   </div>
   <div class='ocr_carea' id='block_1_37' title="bbox 2172 692 3754 766">
    <p class='ocr_par' dir='ltr' id='par_1_37' title="bbox 2172 692 3754 766">
     <span class='ocr_line' id='line_1_37' title="bbox 2172 692 3754 766; baseline 0.001 -18"><span class='ocrx_word' id='word_1_254' title='bbox 2172 693 2344 748; x_wconf 77' lang='lat' dir='ltr'>Resp.</span> <span class='ocrx_word' id='word_1_255' title='bbox 2376 692 2587 748; x_wconf 88' lang='lat' dir='ltr'>Anima</span> <span class='ocrx_word' id='word_1_256' title='bbox 2613 709 2852 766; x_wconf 89' lang='lat' dir='ltr'>corpore</span> <span class='ocrx_word' id='word_1_257' title='bbox 2909 692 3157 750; x_wconf 89' lang='lat' dir='ltr'>liberata</span> <span class='ocrx_word' id='word_1_258' title='bbox 3213 711 3317 750; x_wconf 90' lang='lat' dir='ltr'>nec</span> <span class='ocrx_word' id='word_1_259' title='bbox 3366 695 3586 751; x_wconf 90' lang='lat' dir='ltr'>bonum</span> <span class='ocrx_word' id='word_1_260' title='bbox 3647 710 3754 750; x_wconf 89' lang='lat' dir='ltr'>nec</span> 
     </span>
    </p>
   </div>
   <div class='ocr_carea' id='block_1_38' title="bbox 2099 781 3752 857">
    <p class='ocr_par' dir='ltr' id='par_1_38' title="bbox 2099 781 3752 857">
     <span class='ocr_line' id='line_1_38' title="bbox 2099 781 3752 857; baseline 0.001 -21"><span class='ocrx_word' id='word_1_261' title='bbox 2099 781 2322 837; x_wconf 88' lang='lat' dir='ltr'>malum</span> <span class='ocrx_word' id='word_1_262' title='bbox 2367 785 2559 854; x_wconf 81' lang='lat' dir='ltr'>potest</span> <span class='ocrx_word' id='word_1_263' title='bbox 2605 782 2829 839; x_wconf 89' lang='lat' dir='ltr'>eﬁcere.</span> <span class='ocrx_word' id='word_1_264' title='bbox 2885 782 3032 838; x_wconf 89' lang='lat' dir='ltr'>Nam</span> <span class='ocrx_word' id='word_1_265' title='bbox 3074 781 3326 841; x_wconf 82' lang='lat' dir='ltr'>visiones</span> <span class='ocrx_word' id='word_1_266' title='bbox 3358 801 3506 857; x_wconf 87' lang='lat' dir='ltr'>quas</span> <span class='ocrx_word' id='word_1_267' title='bbox 3537 784 3607 840; x_wconf 89' lang='lat' dir='ltr'>de</span> <span class='ocrx_word' id='word_1_268' title='bbox 3637 783 3752 838; x_wconf 90' lang='lat' dir='ltr'>illis</span> 
     </span>
    </p>
   </div>
   <div class='ocr_carea' id='block_1_39' title="bbox 2100 870 3755 942">
    <p class='ocr_par' dir='ltr' id='par_1_39' title="bbox 2100 870 3755 942">
     <span class='ocr_line' id='line_1_39' title="bbox 2100 870 3755 942; baseline 0.002 -17"><span class='ocrx_word' id='word_1_269' title='bbox 2100 870 2341 942; x_wconf 89' lang='lat' dir='ltr'>quidam</span> <span class='ocrx_word' id='word_1_270' title='bbox 2375 871 2806 938; x_wconf 89' lang='lat' dir='ltr'>cernunt,Deus</span> <span class='ocrx_word' id='word_1_271' title='bbox 2839 872 2910 927; x_wconf 89' lang='lat' dir='ltr'>ad</span> <span class='ocrx_word' id='word_1_272' title='bbox 2942 876 3210 928; x_wconf 88' lang='lat' dir='ltr'>nostrum</span> <span class='ocrx_word' id='word_1_273' title='bbox 3240 873 3617 929; x_wconf 91' lang='lat' dir='ltr'>commodum</span> <span class='ocrx_word' id='word_1_274' title='bbox 3639 872 3755 928; x_wconf 88' lang='lat' dir='ltr'>dis-</span> 
     </span>
    </p>
   </div>
   <div class='ocr_carea' id='block_1_40' title="bbox 2101 960 3752 1035">
    <p class='ocr_par' dir='ltr' id='par_1_40' title="bbox 2101 960 3752 1035">
     <span class='ocr_line' id='line_1_40' title="bbox 2101 960 3752 1035; baseline 0.001 -20"><span class='ocrx_word' id='word_1_275' title='bbox 2101 964 2324 1032; x_wconf 82' lang='lat' dir='ltr'>pensat.</span> <span class='ocrx_word' id='word_1_276' title='bbox 2358 960 2866 1027; x_wconf 80' lang='lat' dir='ltr'>Quemadmodum</span> <span class='ocrx_word' id='word_1_277' title='bbox 2899 960 3056 1016; x_wconf 90' lang='lat' dir='ltr'>enim</span> <span class='ocrx_word' id='word_1_278' title='bbox 3087 961 3230 1034; x_wconf 78' lang='lat' dir='ltr'>lyra,</span> <span class='ocrx_word' id='word_1_279' title='bbox 3266 962 3379 1018; x_wconf 87' lang='lat' dir='ltr'>nisi</span> <span class='ocrx_word' id='word_1_280' title='bbox 3418 961 3752 1035; x_wconf 80' lang='lat' dir='ltr'>pulsantem</span> 
     </span>
    </p>
   </div>
   <div class='ocr_carea' id='block_1_41' title="bbox 2100 1048 3752 1121">
    <p class='ocr_par' dir='ltr' id='par_1_41' title="bbox 2100 1048 3752 1121">
     <span class='ocr_line' id='line_1_41' title="bbox 2100 1048 3752 1121; baseline 0.001 -16"><span class='ocrx_word' id='word_1_281' title='bbox 2100 1048 2359 1121; x_wconf 83' lang='lat' dir='ltr'>aliquem</span> <span class='ocrx_word' id='word_1_282' title='bbox 2426 1054 2597 1106; x_wconf 89' lang='lat' dir='ltr'>nacta</span> <span class='ocrx_word' id='word_1_283' title='bbox 2655 1049 2851 1120; x_wconf 90' lang='lat' dir='ltr'>fuerit,</span> <span class='ocrx_word' id='word_1_284' title='bbox 2900 1067 3048 1107; x_wconf 88' lang='lat' dir='ltr'>vana</span> <span class='ocrx_word' id='word_1_285' title='bbox 3096 1055 3154 1107; x_wconf 87' lang='lat' dir='ltr'>et</span> <span class='ocrx_word' id='word_1_286' title='bbox 3201 1051 3427 1106; x_wconf 86' lang='lat' dir='ltr'>inutilis</span> <span class='ocrx_word' id='word_1_287' title='bbox 3473 1051 3752 1108; x_wconf 83' lang='lat' dir='ltr'>videtur:</span> 
     </span>
    </p>
   </div>
   <div class='ocr_carea' id='block_1_42' title="bbox 2101 1139 3755 1213">
    <p class='ocr_par' dir='ltr' id='par_1_42' title="bbox 2101 1139 3755 1213">
     <span class='ocr_line' id='line_1_42' title="bbox 2101 1139 3755 1213; baseline 0.001 -20"><span class='ocrx_word' id='word_1_288' title='bbox 2101 1140 2184 1194; x_wconf 91' lang='lat' dir='ltr'>sic</span> <span class='ocrx_word' id='word_1_289' title='bbox 2215 1139 2412 1195; x_wconf 87' lang='lat' dir='ltr'>anima</span> <span class='ocrx_word' id='word_1_290' title='bbox 2457 1143 2513 1195; x_wconf 91' lang='lat' dir='ltr'>et</span> <span class='ocrx_word' id='word_1_291' title='bbox 2559 1156 2774 1212; x_wconf 90' lang='lat' dir='ltr'>corpus</span> <span class='ocrx_word' id='word_1_292' title='bbox 2821 1144 2955 1211; x_wconf 88' lang='lat' dir='ltr'>post</span> <span class='ocrx_word' id='word_1_293' title='bbox 3001 1144 3269 1196; x_wconf 86' lang='lat' dir='ltr'>mutuam</span> <span class='ocrx_word' id='word_1_294' title='bbox 3323 1140 3755 1213; x_wconf 87' lang='lat' dir='ltr'>separationem</span> 
     </span>
    </p>
   </div>
   <div class='ocr_carea' id='block_1_43' title="bbox 2102 1227 3759 1302">
    <p class='ocr_par' dir='ltr' id='par_1_43' title="bbox 2102 1227 3759 1302">
     <span class='ocr_line' id='line_1_43' title="bbox 2102 1227 3759 1302; baseline 0.002 -20"><span class='ocrx_word' id='word_1_295' title='bbox 2102 1227 2251 1282; x_wconf 88' lang='lat' dir='ltr'>nihil</span> <span class='ocrx_word' id='word_1_296' title='bbox 2290 1233 2539 1300; x_wconf 90' lang='lat' dir='ltr'>possunt</span> <span class='ocrx_word' id='word_1_297' title='bbox 2581 1245 2772 1302; x_wconf 89' lang='lat' dir='ltr'>agere.</span> <span class='ocrx_word' id='word_1_298' title='bbox 2826 1233 3030 1302; x_wconf 87' lang='lat' dir='ltr'>Itaque</span> <span class='ocrx_word' id='word_1_299' title='bbox 3078 1234 3417 1286; x_wconf 86' lang='lat' dir='ltr'>sanctorum</span> <span class='ocrx_word' id='word_1_300' title='bbox 3467 1230 3678 1285; x_wconf 61' lang='lat' dir='ltr'>anima:</span> <span class='ocrx_word' id='word_1_301' title='bbox 3725 1249 3759 1286; x_wconf 87' lang='lat' dir='ltr'>a</span> 
     </span>
    </p>
   </div>
   <div class='ocr_carea' id='block_1_44' title="bbox 2103 1317 3757 1393">
    <p class='ocr_par' dir='ltr' id='par_1_44' title="bbox 2103 1317 3757 1393">
     <span class='ocr_line' id='line_1_44' title="bbox 2103 1317 3757 1393; baseline 0.001 -19"><span class='ocrx_word' id='word_1_302' title='bbox 2103 1322 2306 1374; x_wconf 83' lang='lat' dir='ltr'>sancto</span> <span class='ocrx_word' id='word_1_303' title='bbox 2341 1317 2562 1390; x_wconf 87' lang='lat' dir='ltr'>Spiritu</span> <span class='ocrx_word' id='word_1_304' title='bbox 2595 1318 2847 1391; x_wconf 80' lang='lat' dir='ltr'>agitatae,</span> <span class='ocrx_word' id='word_1_305' title='bbox 2881 1336 3017 1375; x_wconf 90' lang='lat' dir='ltr'>cum</span> <span class='ocrx_word' id='word_1_306' title='bbox 3049 1319 3275 1392; x_wconf 86' lang='lat' dir='ltr'>angelis</span> <span class='ocrx_word' id='word_1_307' title='bbox 3304 1320 3362 1375; x_wconf 90' lang='lat' dir='ltr'>in</span> <span class='ocrx_word' id='word_1_308' title='bbox 3397 1321 3631 1393; x_wconf 83' lang='lat' dir='ltr'>regione</span> <span class='ocrx_word' id='word_1_309' title='bbox 3671 1321 3757 1376; x_wconf 92' lang='lat' dir='ltr'>vi-</span> 
     </span>
    </p>
   </div>
   <div class='ocr_carea' id='block_1_45' title="bbox 2101 1408 3550 1481">
    <p class='ocr_par' dir='ltr' id='par_1_45' title="bbox 2101 1408 3550 1481">
     <span class='ocr_line' id='line_1_45' title="bbox 2101 1408 3550 1481; baseline 0.001 -17"><span class='ocrx_word' id='word_1_310' title='bbox 2101 1408 2363 1464; x_wconf 90' lang='lat' dir='ltr'>ventium</span> <span class='ocrx_word' id='word_1_311' title='bbox 2393 1413 2576 1464; x_wconf 82' lang='lat' dir='ltr'>Deum</span> <span class='ocrx_word' id='word_1_312' title='bbox 2607 1408 2845 1481; x_wconf 82' lang='lat' dir='ltr'>hymnis</span> <span class='ocrx_word' id='word_1_313' title='bbox 2876 1408 3122 1466; x_wconf 88' lang='lat' dir='ltr'>laudant</span> <span class='ocrx_word' id='word_1_314' title='bbox 3151 1414 3206 1465; x_wconf 89' lang='lat' dir='ltr'>et</span> <span class='ocrx_word' id='word_1_315' title='bbox 3236 1411 3550 1466; x_wconf 82' lang='lat' dir='ltr'>exsultant.</span> 
     </span>
    </p>
   </div>
   <div class='ocr_carea' id='block_1_46' title="bbox 2178 1587 3762 1661">
    <p class='ocr_par' dir='ltr' id='par_1_46' title="bbox 2178 1587 3762 1661">
     <span class='ocr_line' id='line_1_46' title="bbox 2178 1587 3762 1661; baseline 0.002 -17"><span class='ocrx_word' id='word_1_316' title='bbox 2178 1587 2647 1652; x_wconf 60' lang='lat' dir='ltr'><strong>QumsrXXXIV.</strong></span> <span class='ocrx_word' id='word_1_317' title='bbox 2667 1588 2819 1655; x_wconf 82' lang='lat' dir='ltr'>Quid</span> <span class='ocrx_word' id='word_1_318' title='bbox 2849 1589 3031 1661; x_wconf 89' lang='lat' dir='ltr'>ergo?</span> <span class='ocrx_word' id='word_1_319' title='bbox 3061 1588 3378 1647; x_wconf 90' lang='lat' dir='ltr'>Nullumne</span> <span class='ocrx_word' id='word_1_320' title='bbox 3410 1590 3762 1647; x_wconf 90' lang='lat' dir='ltr'>beneﬁcium</span> 
     </span>
    </p>
   </div>
   <div class='ocr_carea' id='block_1_47' title="bbox 2109 1677 3766 1752">
    <p class='ocr_par' dir='ltr' id='par_1_47' title="bbox 2109 1677 3766 1752">
     <span class='ocr_line' id='line_1_47' title="bbox 2109 1677 3766 1752; baseline 0.002 -20"><span class='ocrx_word' id='word_1_321' title='bbox 2109 1677 2439 1750; x_wconf 88' lang='lat' dir='ltr'>percipiunt</span> <span class='ocrx_word' id='word_1_322' title='bbox 2469 1681 2839 1749; x_wconf 85' lang='lat' dir='ltr'>peccatorum</span> <span class='ocrx_word' id='word_1_323' title='bbox 2871 1679 3104 1747; x_wconf 80' lang='lat' dir='ltr'>animae,</span> <span class='ocrx_word' id='word_1_324' title='bbox 3137 1695 3270 1735; x_wconf 92' lang='lat' dir='ltr'>cum</span> <span class='ocrx_word' id='word_1_325' title='bbox 3303 1697 3406 1752; x_wconf 91' lang='lat' dir='ltr'>pro</span> <span class='ocrx_word' id='word_1_326' title='bbox 3437 1680 3584 1752; x_wconf 86' lang='lat' dir='ltr'>ipsis</span> <span class='ocrx_word' id='word_1_327' title='bbox 3614 1680 3766 1736; x_wconf 91' lang='lat' dir='ltr'>ﬁunt</span> 
     </span>
    </p>
   </div>
   <div class='ocr_carea' id='block_1_48' title="bbox 2110 1766 3288 1839">
    <p class='ocr_par' dir='ltr' id='par_1_48' title="bbox 2110 1766 3288 1839">
     <span class='ocr_line' id='line_1_48' title="bbox 2110 1766 3288 1839; baseline 0 -16"><span class='ocrx_word' id='word_1_328' title='bbox 2110 1783 2379 1839; x_wconf 79' lang='lat' dir='ltr'>synaxes,</span> <span class='ocrx_word' id='word_1_329' title='bbox 2410 1766 2805 1823; x_wconf 62' lang='lat' dir='ltr'>beneﬁcentia</span> <span class='ocrx_word' id='word_1_330' title='bbox 2837 1771 2894 1824; x_wconf 89' lang='lat' dir='ltr'>et</span> <span class='ocrx_word' id='word_1_331' title='bbox 2923 1767 3288 1824; x_wconf 84' lang='lat' dir='ltr'>oblationes?</span> 
     </span>
    </p>
   </div>
   <div class='ocr_carea' id='block_1_49' title="bbox 2182 1855 3764 1930">
    <p class='ocr_par' dir='ltr' id='par_1_49' title="bbox 2182 1855 3764 1930">
     <span class='ocr_line' id='line_1_49' title="bbox 2182 1855 3764 1930; baseline 0.003 -18"><span class='ocrx_word' id='word_1_332' title='bbox 2182 1857 2353 1912; x_wconf 75' lang='lat' dir='ltr'>Rssr.</span> <span class='ocrx_word' id='word_1_333' title='bbox 2388 1855 2514 1912; x_wconf 87' lang='lat' dir='ltr'>Nisi</span> <span class='ocrx_word' id='word_1_334' title='bbox 2545 1856 2681 1912; x_wconf 90' lang='lat' dir='ltr'>inde</span> <span class='ocrx_word' id='word_1_335' title='bbox 2708 1856 2958 1927; x_wconf 88' lang='lat' dir='ltr'>alicujus</span> <span class='ocrx_word' id='word_1_336' title='bbox 2990 1857 3305 1930; x_wconf 85' lang='lat' dir='ltr'>participes</span> <span class='ocrx_word' id='word_1_337' title='bbox 3345 1863 3544 1915; x_wconf 88' lang='lat' dir='ltr'>essent</span> <span class='ocrx_word' id='word_1_338' title='bbox 3589 1860 3764 1916; x_wconf 86' lang='lat' dir='ltr'>bene-</span> 
     </span>
    </p>
   </div>
   <div class='ocr_carea' id='block_1_50' title="bbox 2109 1944 3764 2014">
    <p class='ocr_par' dir='ltr' id='par_1_50' title="bbox 2109 1944 3764 2014">
     <span class='ocr_line' id='line_1_50' title="bbox 2109 1944 3764 2014; baseline 0.002 -14"><span class='ocrx_word' id='word_1_339' title='bbox 2109 1944 2248 2014; x_wconf 87' lang='lat' dir='ltr'>ﬁcii,</span> <span class='ocrx_word' id='word_1_340' title='bbox 2279 1961 2396 2001; x_wconf 90' lang='lat' dir='ltr'>non</span> <span class='ocrx_word' id='word_1_341' title='bbox 2428 1961 2631 2001; x_wconf 91' lang='lat' dir='ltr'>eorum</span> <span class='ocrx_word' id='word_1_342' title='bbox 2664 1945 2885 2001; x_wconf 86' lang='lat' dir='ltr'>mentio</span> <span class='ocrx_word' id='word_1_343' title='bbox 2918 1946 3083 2002; x_wconf 88' lang='lat' dir='ltr'>ﬁeret</span> <span class='ocrx_word' id='word_1_344' title='bbox 3113 1947 3170 2001; x_wconf 88' lang='lat' dir='ltr'>in</span> <span class='ocrx_word' id='word_1_345' title='bbox 3204 1947 3516 2005; x_wconf 88' lang='lat' dir='ltr'>oblatione.</span> <span class='ocrx_word' id='word_1_346' title='bbox 3553 1948 3764 2005; x_wconf 90' lang='lat' dir='ltr'>Verum</span> 
     </span>
    </p>
   </div>
   <div class='ocr_carea' id='block_1_51' title="bbox 2109 2034 3766 2110">
    <p class='ocr_par' dir='ltr' id='par_1_51' title="bbox 2109 2034 3766 2110">
     <span class='ocr_line' id='line_1_51' title="bbox 2109 2034 3766 2110; baseline 0.002 -20"><span class='ocrx_word' id='word_1_347' title='bbox 2109 2034 2612 2106; x_wconf 85' lang='lat' dir='ltr'>quemadmodum</span> <span class='ocrx_word' id='word_1_348' title='bbox 2640 2034 2760 2090; x_wconf 89' lang='lat' dir='ltr'>vite</span> <span class='ocrx_word' id='word_1_349' title='bbox 2789 2034 2932 2091; x_wconf 84' lang='lat' dir='ltr'>foris</span> <span class='ocrx_word' id='word_1_350' title='bbox 2963 2035 3023 2090; x_wconf 91' lang='lat' dir='ltr'>in</span> <span class='ocrx_word' id='word_1_351' title='bbox 3055 2052 3193 2108; x_wconf 88' lang='lat' dir='ltr'>agro</span> <span class='ocrx_word' id='word_1_352' title='bbox 3225 2036 3586 2110; x_wconf 86' lang='lat' dir='ltr'>florescente,</span> <span class='ocrx_word' id='word_1_353' title='bbox 3637 2038 3766 2108; x_wconf 87' lang='lat' dir='ltr'>ejus</span> 
     </span>
    </p>
   </div>
   <div class='ocr_carea' id='block_1_52' title="bbox 2109 2124 3768 2199">
    <p class='ocr_par' dir='ltr' id='par_1_52' title="bbox 2109 2124 3768 2199">
     <span class='ocr_line' id='line_1_52' title="bbox 2109 2124 3768 2199; baseline 0.002 -19"><span class='ocrx_word' id='word_1_354' title='bbox 2109 2124 2358 2197; x_wconf 88' lang='lat' dir='ltr'>percipit</span> <span class='ocrx_word' id='word_1_355' title='bbox 2387 2125 2623 2180; x_wconf 90' lang='lat' dir='ltr'>odorem</span> <span class='ocrx_word' id='word_1_356' title='bbox 2653 2124 2854 2180; x_wconf 91' lang='lat' dir='ltr'>vinum</span> <span class='ocrx_word' id='word_1_357' title='bbox 2891 2125 3256 2194; x_wconf 90' lang='lat' dir='ltr'>conclusum,</span> <span class='ocrx_word' id='word_1_358' title='bbox 3282 2125 3580 2199; x_wconf 90' lang='lat' dir='ltr'>simulque</span> <span class='ocrx_word' id='word_1_359' title='bbox 3601 2127 3768 2183; x_wconf 83' lang='lat' dir='ltr'>etflo-</span> 
     </span>
    </p>
   </div>
   <div class='ocr_carea' id='block_1_53' title="bbox 2109 2213 3770 2288">
    <p class='ocr_par' dir='ltr' id='par_1_53' title="bbox 2109 2213 3770 2288">
     <span class='ocr_line' id='line_1_53' title="bbox 2109 2213 3770 2288; baseline 0.003 -20"><span class='ocrx_word' id='word_1_360' title='bbox 2109 2214 2288 2269; x_wconf 90' lang='lat' dir='ltr'>rescit</span> <span class='ocrx_word' id='word_1_361' title='bbox 2319 2229 2331 2268; x_wconf 91' lang='lat'>:</span> <span class='ocrx_word' id='word_1_362' title='bbox 2366 2213 2451 2269; x_wconf 90' lang='lat' dir='ltr'>sic</span> <span class='ocrx_word' id='word_1_363' title='bbox 2502 2213 2764 2285; x_wconf 79' lang='lat' dir='ltr'>intelligo</span> <span class='ocrx_word' id='word_1_364' title='bbox 2813 2218 3185 2286; x_wconf 86' lang='lat' dir='ltr'>peccatorum</span> <span class='ocrx_word' id='word_1_365' title='bbox 3237 2215 3465 2271; x_wconf 85' lang='lat' dir='ltr'>animas</span> <span class='ocrx_word' id='word_1_366' title='bbox 3514 2215 3770 2288; x_wconf 85' lang='lat' dir='ltr'>alicujus</span> 
     </span>
    </p>
   </div>
   <div class='ocr_carea' id='block_1_54' title="bbox 2110 2301 3770 2374">
    <p class='ocr_par' dir='ltr' id='par_1_54' title="bbox 2110 2301 3770 2374">
     <span class='ocr_line' id='line_1_54' title="bbox 2110 2301 3770 2374; baseline 0.002 -16"><span class='ocrx_word' id='word_1_367' title='bbox 2110 2301 2422 2374; x_wconf 87' lang='lat' dir='ltr'>participes</span> <span class='ocrx_word' id='word_1_368' title='bbox 2485 2319 2615 2359; x_wconf 88' lang='lat' dir='ltr'>esse</span> <span class='ocrx_word' id='word_1_369' title='bbox 2679 2303 2968 2372; x_wconf 80' lang='lat' dir='ltr'>beneficii,</span> <span class='ocrx_word' id='word_1_370' title='bbox 3020 2321 3090 2360; x_wconf 85' lang='lat' dir='ltr'>ex</span> <span class='ocrx_word' id='word_1_371' title='bbox 3131 2304 3437 2361; x_wconf 91' lang='lat' dir='ltr'>incruento</span> <span class='ocrx_word' id='word_1_372' title='bbox 3483 2305 3770 2362; x_wconf 87' lang='lat' dir='ltr'>sacriﬁcio</span> 
     </span>
    </p>
   </div>
   <div class='ocr_carea' id='block_1_55' title="bbox 2112 2391 3771 2466">
    <p class='ocr_par' dir='ltr' id='par_1_55' title="bbox 2112 2391 3771 2466">
     <span class='ocr_line' id='line_1_55' title="bbox 2112 2391 3771 2466; baseline 0.001 -18"><span class='ocrx_word' id='word_1_373' title='bbox 2112 2397 2170 2448; x_wconf 92' lang='lat' dir='ltr'>et</span> <span class='ocrx_word' id='word_1_374' title='bbox 2199 2391 2583 2448; x_wconf 84' lang='lat' dir='ltr'>beneﬁcentia</span> <span class='ocrx_word' id='word_1_375' title='bbox 2612 2409 2714 2464; x_wconf 89' lang='lat' dir='ltr'>pro</span> <span class='ocrx_word' id='word_1_376' title='bbox 2746 2392 2890 2465; x_wconf 91' lang='lat' dir='ltr'>ipsis</span> <span class='ocrx_word' id='word_1_377' title='bbox 2921 2395 3095 2464; x_wconf 80' lang='lat' dir='ltr'>facta,</span> <span class='ocrx_word' id='word_1_378' title='bbox 3119 2399 3183 2449; x_wconf 90' lang='lat' dir='ltr'>ut</span> <span class='ocrx_word' id='word_1_379' title='bbox 3211 2394 3374 2450; x_wconf 91' lang='lat' dir='ltr'>solus</span> <span class='ocrx_word' id='word_1_380' title='bbox 3405 2396 3565 2450; x_wconf 89' lang='lat' dir='ltr'>novit</span> <span class='ocrx_word' id='word_1_381' title='bbox 3594 2398 3651 2450; x_wconf 88' lang='lat' dir='ltr'>et</span> <span class='ocrx_word' id='word_1_382' title='bbox 3671 2395 3771 2466; x_wconf 89' lang='lat' dir='ltr'>ju-</span> 
     </span>
    </p>
   </div>
   <div class='ocr_carea' id='block_1_56' title="bbox 2115 2481 3771 2555">
    <p class='ocr_par' dir='ltr' id='par_1_56' title="bbox 2115 2481 3771 2555">
     <span class='ocr_line' id='line_1_56' title="bbox 2115 2481 3771 2555; baseline 0.001 -17"><span class='ocrx_word' id='word_1_383' title='bbox 2115 2482 2213 2538; x_wconf 91' lang='lat' dir='ltr'>bet</span> <span class='ocrx_word' id='word_1_384' title='bbox 2241 2481 2503 2537; x_wconf 91' lang='lat' dir='ltr'>vivorum</span> <span class='ocrx_word' id='word_1_385' title='bbox 2531 2485 2591 2537; x_wconf 91' lang='lat' dir='ltr'>et</span> <span class='ocrx_word' id='word_1_386' title='bbox 2641 2487 3009 2540; x_wconf 89' lang='lat' dir='ltr'>mortuorum</span> <span class='ocrx_word' id='word_1_387' title='bbox 3058 2484 3410 2555; x_wconf 85' lang='lat' dir='ltr'>dominator,</span> <span class='ocrx_word' id='word_1_388' title='bbox 3463 2483 3617 2541; x_wconf 91' lang='lat' dir='ltr'>Deus</span> <span class='ocrx_word' id='word_1_389' title='bbox 3667 2501 3771 2540; x_wconf 83' lang='lat' dir='ltr'>no-</span> 
     </span>
    </p>
   </div>
   <div class='ocr_carea' id='block_1_57' title="bbox 2114 2576 2254 2628">
    <p class='ocr_par' dir='ltr' id='par_1_57' title="bbox 2114 2576 2254 2628">
     <span class='ocr_line' id='line_1_57' title="bbox 2114 2576 2254 2628; baseline -0.007 -1"><span class='ocrx_word' id='word_1_390' title='bbox 2114 2576 2254 2628; x_wconf 89' lang='lat' dir='ltr'>ster.</span> 
     </span>
    </p>
   </div>
   <div class='ocr_carea' id='block_1_58' title="bbox 2187 2660 3772 2736">
    <p class='ocr_par' dir='ltr' id='par_1_58' title="bbox 2187 2660 3772 2736">
     <span class='ocr_line' id='line_1_58' title="bbox 2187 2660 3772 2736; baseline 0.001 -19"><span class='ocrx_word' id='word_1_391' title='bbox 2187 2663 2414 2727; x_wconf 57' lang='lat' dir='ltr'>Qums&#39;r.</span> <span class='ocrx_word' id='word_1_392' title='bbox 2448 2660 2658 2716; x_wconf 83' lang='lat' dir='ltr'><strong>XXXV.</strong></span> <span class='ocrx_word' id='word_1_393' title='bbox 2694 2660 2843 2719; x_wconf 87' lang='lat' dir='ltr'>Num</span> <span class='ocrx_word' id='word_1_394' title='bbox 2877 2661 3059 2734; x_wconf 89' lang='lat' dir='ltr'>igitur</span> <span class='ocrx_word' id='word_1_395' title='bbox 3090 2663 3277 2735; x_wconf 87' lang='lat' dir='ltr'>possit</span> <span class='ocrx_word' id='word_1_396' title='bbox 3301 2664 3437 2720; x_wconf 90' lang='lat' dir='ltr'>sciri</span> <span class='ocrx_word' id='word_1_397' title='bbox 3471 2680 3648 2736; x_wconf 90' lang='lat' dir='ltr'>quam</span> <span class='ocrx_word' id='word_1_398' title='bbox 3699 2664 3772 2720; x_wconf 93' lang='lat' dir='ltr'>ob</span> 
     </span>
    </p>
   </div>
   <div class='ocr_carea' id='block_1_59' title="bbox 2115 2750 3770 2825">
    <p class='ocr_par' dir='ltr' id='par_1_59' title="bbox 2115 2750 3770 2825">
     <span class='ocr_line' id='line_1_59' title="bbox 2115 2750 3770 2825; baseline 0.001 -19"><span class='ocrx_word' id='word_1_399' title='bbox 2115 2767 2355 2807; x_wconf 87' lang='lat' dir='ltr'>causam</span> <span class='ocrx_word' id='word_1_400' title='bbox 2383 2767 2498 2805; x_wconf 89' lang='lat' dir='ltr'>non</span> <span class='ocrx_word' id='word_1_401' title='bbox 2527 2751 2796 2822; x_wconf 88' lang='lat' dir='ltr'>permisit</span> <span class='ocrx_word' id='word_1_402' title='bbox 2812 2750 2966 2806; x_wconf 90' lang='lat' dir='ltr'>Deus</span> <span class='ocrx_word' id='word_1_403' title='bbox 2982 2752 3239 2808; x_wconf 86' lang='lat' dir='ltr'>animam</span> <span class='ocrx_word' id='word_1_404' title='bbox 3265 2753 3514 2825; x_wconf 85' lang='lat' dir='ltr'>alicujus</span> <span class='ocrx_word' id='word_1_405' title='bbox 3545 2771 3770 2820; x_wconf 89' lang='lat' dir='ltr'>eorum,</span> 
     </span>
    </p>
   </div>
   <div class='ocr_carea' id='block_1_60' title="bbox 2115 2839 3776 2914">
    <p class='ocr_par' dir='ltr' id='par_1_60' title="bbox 2115 2839 3776 2914">
     <span class='ocr_line' id='line_1_60' title="bbox 2115 2839 3776 2914; baseline 0.001 -19"><span class='ocrx_word' id='word_1_406' title='bbox 2115 2841 2218 2912; x_wconf 92' lang='lat' dir='ltr'>qui</span> <span class='ocrx_word' id='word_1_407' title='bbox 2284 2839 2424 2895; x_wconf 90' lang='lat' dir='ltr'>illuc</span> <span class='ocrx_word' id='word_1_408' title='bbox 2473 2839 2894 2907; x_wconf 88' lang='lat' dir='ltr'>discesserunt,</span> <span class='ocrx_word' id='word_1_409' title='bbox 2954 2841 3143 2898; x_wconf 90' lang='lat' dir='ltr'>redire</span> <span class='ocrx_word' id='word_1_410' title='bbox 3187 2842 3260 2897; x_wconf 89' lang='lat' dir='ltr'>ad</span> <span class='ocrx_word' id='word_1_411' title='bbox 3309 2859 3438 2908; x_wconf 91' lang='lat' dir='ltr'>nos,</span> <span class='ocrx_word' id='word_1_412' title='bbox 3488 2843 3776 2914; x_wconf 84' lang='lat' dir='ltr'>nobisque</span> 
     </span>
    </p>
   </div>
   <div class='ocr_carea' id='block_1_61' title="bbox 2117 2929 3773 3005">
    <p class='ocr_par' dir='ltr' id='par_1_61' title="bbox 2117 2929 3773 3005">
     <span class='ocr_line' id='line_1_61' title="bbox 2117 2929 3773 3005; baseline 0.002 -21"><span class='ocrx_word' id='word_1_413' title='bbox 2117 2946 2391 2985; x_wconf 85' lang='lat' dir='ltr'>enarrare</span> <span class='ocrx_word' id='word_1_414' title='bbox 2422 2929 2715 3001; x_wconf 91' lang='lat' dir='ltr'>quomodo</span> <span class='ocrx_word' id='word_1_415' title='bbox 2763 2944 2825 2984; x_wconf 91' lang='lat' dir='ltr'>se</span> <span class='ocrx_word' id='word_1_416' title='bbox 2874 2945 2967 2984; x_wconf 90' lang='lat' dir='ltr'>res</span> <span class='ocrx_word' id='word_1_417' title='bbox 3011 2929 3267 2986; x_wconf 89' lang='lat' dir='ltr'>habeant</span> <span class='ocrx_word' id='word_1_418' title='bbox 3323 2931 3480 3005; x_wconf 90' lang='lat' dir='ltr'>apud</span> <span class='ocrx_word' id='word_1_419' title='bbox 3532 2932 3773 3000; x_wconf 82' lang='lat' dir='ltr'>inferos,</span> 
     </span>
    </p>
   </div>
   <div class='ocr_carea' id='block_1_62' title="bbox 2119 3017 2892 3091">
    <p class='ocr_par' dir='ltr' id='par_1_62' title="bbox 2119 3017 2892 3091">
     <span class='ocr_line' id='line_1_62' title="bbox 2119 3017 2892 3091; baseline -0.001 -18"><span class='ocrx_word' id='word_1_420' title='bbox 2119 3035 2316 3090; x_wconf 73' lang='lat' dir='ltr'>quaeve</span> <span class='ocrx_word' id='word_1_421' title='bbox 2349 3018 2425 3074; x_wconf 90' lang='lat' dir='ltr'>sit</span> <span class='ocrx_word' id='word_1_422' title='bbox 2457 3018 2537 3074; x_wconf 92' lang='lat' dir='ltr'>ibi</span> <span class='ocrx_word' id='word_1_423' title='bbox 2571 3017 2892 3091; x_wconf 84' lang='lat' dir='ltr'>angustia?</span> 
     </span>
    </p>
   </div>
   <div class='ocr_carea' id='block_1_63' title="bbox 2193 3107 3778 3166">
    <p class='ocr_par' dir='ltr' id='par_1_63' title="bbox 2193 3107 3778 3166">
     <span class='ocr_line' id='line_1_63' title="bbox 2193 3107 3778 3166; baseline 0.003 -4"><span class='ocrx_word' id='word_1_424' title='bbox 2193 3109 2364 3163; x_wconf 76' lang='lat' dir='ltr'>Resp.</span> <span class='ocrx_word' id='word_1_425' title='bbox 2399 3107 2620 3163; x_wconf 90' lang='lat' dir='ltr'>Multus</span> <span class='ocrx_word' id='word_1_426' title='bbox 2653 3109 2790 3164; x_wconf 90' lang='lat' dir='ltr'>inde</span> <span class='ocrx_word' id='word_1_427' title='bbox 2818 3125 2978 3164; x_wconf 90' lang='lat' dir='ltr'>error</span> <span class='ocrx_word' id='word_1_428' title='bbox 3008 3108 3065 3163; x_wconf 93' lang='lat' dir='ltr'>in</span> <span class='ocrx_word' id='word_1_429' title='bbox 3108 3109 3228 3165; x_wconf 88' lang='lat' dir='ltr'>vita</span> <span class='ocrx_word' id='word_1_430' title='bbox 3281 3110 3550 3166; x_wconf 88' lang='lat' dir='ltr'>oriretur.</span> <span class='ocrx_word' id='word_1_431' title='bbox 3599 3110 3778 3166; x_wconf 87' lang='lat' dir='ltr'>Nam-</span> 
     </span>
    </p>
   </div>
   <div class='ocr_carea' id='block_1_64' title="bbox 2120 3197 3780 3270">
    <p class='ocr_par' dir='ltr' id='par_1_64' title="bbox 2120 3197 3780 3270">
     <span class='ocr_line' id='line_1_64' title="bbox 2120 3197 3780 3270; baseline 0.002 -17"><span class='ocrx_word' id='word_1_432' title='bbox 2120 3215 2234 3270; x_wconf 89' lang='lat' dir='ltr'>que</span> <span class='ocrx_word' id='word_1_433' title='bbox 2265 3197 2434 3253; x_wconf 85' lang='lat' dir='ltr'>multi</span> <span class='ocrx_word' id='word_1_434' title='bbox 2469 3198 2767 3253; x_wconf 66' lang='lat' dir='ltr'>daemones</span> <span class='ocrx_word' id='word_1_435' title='bbox 2797 3202 3038 3268; x_wconf 87' lang='lat' dir='ltr'>possent</span> <span class='ocrx_word' id='word_1_436' title='bbox 3066 3203 3436 3255; x_wconf 84' lang='lat' dir='ltr'>mortuorum</span> <span class='ocrx_word' id='word_1_437' title='bbox 3470 3200 3780 3256; x_wconf 90' lang='lat' dir='ltr'>hominum</span> 
     </span>
    </p>
   </div>
   <div class='ocr_carea' id='block_1_65' title="bbox 351 3267 2000 3368">
    <p class='ocr_par' dir='ltr' id='par_1_65' title="bbox 351 3286 2000 3368">
     <span class='ocr_line' id='line_1_65' title="bbox 351 3286 2000 3368; baseline -0.002 -23"><span class='ocrx_word' id='word_1_438' title='bbox 351 3291 590 3368; x_wconf 77' lang='grc' dir='ltr'>θρώπων</span> <span class='ocrx_word' id='word_1_439' title='bbox 621 3293 730 3343; x_wconf 86' lang='grc' dir='ltr'>τῶν</span> <span class='ocrx_word' id='word_1_440' title='bbox 761 3287 1139 3360; x_wconf 69' lang='grc' dir='ltr'>κοιμηθέντων</span> <span class='ocrx_word' id='word_1_441' title='bbox 1197 3286 1347 3360; x_wconf 77' lang='grc' dir='ltr'>εἶχον</span> <span class='ocrx_word' id='word_1_442' title='bbox 1411 3286 2000 3361; x_wconf 83' lang='grc' dir='ltr'>μετασχηματίζεσθαι,</span> 
     </span>
    </p>
   </div>
   <div class='ocr_carea' id='block_1_66' title="bbox 2128 3267 3780 3368">
    <p class='ocr_par' dir='ltr' id='par_1_66' title="bbox 2128 3289 3780 3358">
     <span class='ocr_line' id='line_1_66' title="bbox 2128 3289 3780 3358; baseline 0.002 -15"><span class='ocrx_word' id='word_1_443' title='bbox 2128 3289 2339 3344; x_wconf 76' lang='lat' dir='ltr'>formas</span> <span class='ocrx_word' id='word_1_444' title='bbox 2371 3303 2697 3355; x_wconf 86' lang='lat' dir='ltr'>assumere,</span> <span class='ocrx_word' id='word_1_445' title='bbox 2731 3304 2910 3358; x_wconf 89' lang='lat' dir='ltr'>seque</span> <span class='ocrx_word' id='word_1_446' title='bbox 2940 3304 3009 3343; x_wconf 84' lang='lat' dir='ltr'>ex</span> <span class='ocrx_word' id='word_1_447' title='bbox 3041 3289 3289 3346; x_wconf 89' lang='lat' dir='ltr'>mortuis</span> <span class='ocrx_word' id='word_1_448' title='bbox 3311 3289 3589 3346; x_wconf 81' lang='lat' dir='ltr'>excitatos</span> <span class='ocrx_word' id='word_1_449' title='bbox 3619 3307 3780 3346; x_wconf 88' lang='lat' dir='ltr'>asse-</span> 
     </span>
    </p>
   </div>
   <div class='ocr_carea' id='block_1_67' title="bbox 343 3373 2008 3452">
    <p class='ocr_par' dir='ltr' id='par_1_67' title="bbox 343 3373 2008 3452">
     <span class='ocr_line' id='line_1_67' title="bbox 343 3373 2008 3452; baseline -0.003 -17"><span class='ocrx_word' id='word_1_450' title='bbox 343 3380 438 3436; x_wconf 80' lang='grc' dir='ltr'>καί</span> <span class='ocrx_word' id='word_1_451' title='bbox 501 3375 738 3452; x_wconf 79' lang='grc' dir='ltr'>ἔμελλον</span> <span class='ocrx_word' id='word_1_452' title='bbox 795 3375 856 3431; x_wconf 77' lang='grc' dir='ltr'>ἐκ</span> <span class='ocrx_word' id='word_1_453' title='bbox 904 3380 1109 3452; x_wconf 79' lang='grc' dir='ltr'>νεκρῶν</span> <span class='ocrx_word' id='word_1_454' title='bbox 1168 3373 1458 3450; x_wconf 78' lang='grc' dir='ltr'>ἐγηγέρθαι</span> <span class='ocrx_word' id='word_1_455' title='bbox 1535 3375 1730 3437; x_wconf 80' lang='grc' dir='ltr'>αὐτοὺς</span> <span class='ocrx_word' id='word_1_456' title='bbox 1810 3375 2008 3450; x_wconf 69' lang='grc' dir='ltr'>λέγειν,</span> 
     </span>
    </p>
   </div>
   <div class='ocr_carea' id='block_1_68' title="bbox 345 3461 2006 3540">
    <p class='ocr_par' dir='ltr' id='par_1_68' title="bbox 345 3461 2006 3540">
     <span class='ocr_line' id='line_1_68' title="bbox 345 3461 2006 3540; baseline -0.003 -16"><span class='ocrx_word' id='word_1_457' title='bbox 345 3469 440 3525; x_wconf 80' lang='grc' dir='ltr'>καὶ</span> <span class='ocrx_word' id='word_1_458' title='bbox 499 3466 686 3522; x_wconf 82' lang='grc' dir='ltr'>πολλά</span> <span class='ocrx_word' id='word_1_459' title='bbox 740 3462 912 3540; x_wconf 78' lang='grc' dir='ltr'>ψευδῆ</span> <span class='ocrx_word' id='word_1_460' title='bbox 976 3464 1267 3540; x_wconf 86' lang='grc' dir='ltr'>πράγματα</span> <span class='ocrx_word' id='word_1_461' title='bbox 1324 3463 1413 3518; x_wconf 80' lang='grc' dir='ltr'>καὶ</span> <span class='ocrx_word' id='word_1_462' title='bbox 1464 3461 1713 3536; x_wconf 81' lang='grc' dir='ltr'>δόγματα</span> <span class='ocrx_word' id='word_1_463' title='bbox 1744 3463 2006 3538; x_wconf 77' lang='grc' dir='ltr'>περὶτῶν</span> 
     </span>
    </p>
   </div>
   <div class='ocr_carea' id='block_1_69' title="bbox 346 3550 2010 3632">
    <p class='ocr_par' dir='ltr' id='par_1_69' title="bbox 346 3550 2010 3632">
     <span class='ocr_line' id='line_1_69' title="bbox 346 3550 2010 3632; baseline -0.004 -18"><span class='ocrx_word' id='word_1_464' title='bbox 346 3559 463 3614; x_wconf 79' lang='grc' dir='ltr'>ἐκεῖ</span> <span class='ocrx_word' id='word_1_465' title='bbox 494 3556 649 3632; x_wconf 81' lang='grc' dir='ltr'>εἶχον</span> <span class='ocrx_word' id='word_1_466' title='bbox 679 3556 816 3628; x_wconf 80' lang='grc' dir='ltr'>ἡμῖν</span> <span class='ocrx_word' id='word_1_467' title='bbox 863 3553 1275 3630; x_wconf 78' lang='grc' dir='ltr'>ἐγκατασπεῖραι</span> <span class='ocrx_word' id='word_1_468' title='bbox 1323 3553 1461 3628; x_wconf 82' lang='grc' dir='ltr'>πρὸς</span> <span class='ocrx_word' id='word_1_469' title='bbox 1509 3553 1606 3621; x_wconf 77' lang='grc' dir='ltr'>τὴν</span> <span class='ocrx_word' id='word_1_470' title='bbox 1654 3555 1812 3625; x_wconf 82' lang='grc' dir='ltr'>ἡμῶν</span> <span class='ocrx_word' id='word_1_471' title='bbox 1870 3550 2010 3608; x_wconf 85' lang='grc' dir='ltr'>πλά-</span> 
     </span>
    </p>
   </div>
   <div class='ocr_carea' id='block_1_70' title="bbox 348 3643 905 3718">
    <p class='ocr_par' dir='ltr' id='par_1_70' title="bbox 348 3643 905 3718">
     <span class='ocr_line' id='line_1_70' title="bbox 348 3643 905 3718; baseline -0.005 -15"><span class='ocrx_word' id='word_1_472' title='bbox 348 3669 446 3718; x_wconf 89' lang='grc' dir='ltr'>νην</span> <span class='ocrx_word' id='word_1_473' title='bbox 480 3645 572 3701; x_wconf 83' lang='grc' dir='ltr'>καὶ</span> <span class='ocrx_word' id='word_1_474' title='bbox 605 3643 905 3700; x_wconf 82' lang='grc' dir='ltr'>ἀπώλειαν.</span> 
     </span>
    </p>
   </div>
   <div class='ocr_carea' id='block_1_71' title="bbox 425 3729 2007 3811">
    <p class='ocr_par' dir='ltr' id='par_1_71' title="bbox 425 3729 2007 3811">
     <span class='ocr_line' id='line_1_71' title="bbox 425 3729 2007 3811; baseline -0.003 -18"><span class='ocrx_word' id='word_1_475' title='bbox 425 3738 540 3811; x_wconf 72' lang='grc'>(45)</span> <span class='ocrx_word' id='word_1_476' title='bbox 599 3734 796 3808; x_wconf 83' lang='grc' dir='ltr'>Ἐρώτ.</span> <span class='ocrx_word' id='word_1_477' title='bbox 858 3733 961 3796; x_wconf 80' lang='grc' dir='ltr'>λς’.</span> <span class='ocrx_word' id='word_1_478' title='bbox 1021 3729 1232 3787; x_wconf 80' lang='grc' dir='ltr'>Πολλοὶ</span> <span class='ocrx_word' id='word_1_479' title='bbox 1305 3729 1556 3807; x_wconf 75' lang='grc' dir='ltr'>λέγουσιν</span> <span class='ocrx_word' id='word_1_480' title='bbox 1617 3731 1698 3786; x_wconf 73' lang='grc' dir='ltr'>ὅτι</span> <span class='ocrx_word' id='word_1_481' title='bbox 1757 3733 2007 3810; x_wconf 74' lang='grc' dir='ltr'>συνέφερε</span> 
     </span>
    </p>
   </div>
   <div class='ocr_carea' id='block_1_72' title="bbox 337 3819 2002 3900">
    <p class='ocr_par' dir='ltr' id='par_1_72' title="bbox 337 3819 2002 3900">
     <span class='ocr_line' id='line_1_72' title="bbox 337 3819 2002 3900; baseline -0.003 -19"><span class='ocrx_word' id='word_1_482' title='bbox 337 3831 419 3898; x_wconf 77' lang='grc' dir='ltr'>τῷ</span> <span class='ocrx_word' id='word_1_483' title='bbox 468 3823 740 3900; x_wconf 81' lang='grc' dir='ltr'>ἀνθρώπῳ</span> <span class='ocrx_word' id='word_1_484' title='bbox 807 3821 1194 3898; x_wconf 80' lang='grc' dir='ltr'>προγινώσκειν</span> <span class='ocrx_word' id='word_1_485' title='bbox 1252 3820 1351 3890; x_wconf 73' lang='grc' dir='ltr'>τὴν</span> <span class='ocrx_word' id='word_1_486' title='bbox 1411 3819 1620 3896; x_wconf 70' lang='grc' dir='ltr'>ἡμέραν</span> <span class='ocrx_word' id='word_1_487' title='bbox 1679 3828 1780 3891; x_wconf 87' lang='grc' dir='ltr'>τῆς</span> <span class='ocrx_word' id='word_1_488' title='bbox 1839 3820 2002 3877; x_wconf 80' lang='grc' dir='ltr'>αὐτοῦ</span> 
     </span>
    </p>
   </div>
   <div class='ocr_carea' id='block_1_73' title="bbox 343 3914 626 3985">
    <p class='ocr_par' dir='ltr' id='par_1_73' title="bbox 343 3914 626 3985">
     <span class='ocr_line' id='line_1_73' title="bbox 343 3914 626 3985; baseline 0.007 -15"><span class='ocrx_word' id='word_1_489' title='bbox 343 3914 626 3985; x_wconf 79' lang='grc' dir='ltr'>τελευτῆς.</span> 
     </span>
    </p>
   </div>
   <div class='ocr_carea' id='block_1_74' title="bbox 422 3998 1998 4077">
    <p class='ocr_par' dir='ltr' id='par_1_74' title="bbox 422 3998 1998 4077">
     <span class='ocr_line' id='line_1_74' title="bbox 422 3998 1998 4077; baseline -0.003 -18"><span class='ocrx_word' id='word_1_490' title='bbox 422 4005 611 4062; x_wconf 77' lang='grc' dir='ltr'>’Δπόκ.</span> <span class='ocrx_word' id='word_1_491' title='bbox 659 4003 781 4057; x_wconf 72' lang='grc' dir='ltr'>Ἐάν</span> <span class='ocrx_word' id='word_1_492' title='bbox 842 4000 1017 4055; x_wconf 86' lang='grc' dir='ltr'>πάντα</span> <span class='ocrx_word' id='word_1_493' title='bbox 1055 3999 1193 4077; x_wconf 86' lang='grc' dir='ltr'>πρὸς</span> <span class='ocrx_word' id='word_1_494' title='bbox 1250 3999 1314 4054; x_wconf 85' lang='grc' dir='ltr'>τὸ</span> <span class='ocrx_word' id='word_1_495' title='bbox 1361 3999 1634 4074; x_wconf 73' lang='grc' dir='ltr'>συμφέρον</span> <span class='ocrx_word' id='word_1_496' title='bbox 1685 3999 1713 4055; x_wconf 89' lang='grc' dir='ltr'>ὁ</span> <span class='ocrx_word' id='word_1_497' title='bbox 1768 4001 1899 4062; x_wconf 83' lang='grc' dir='ltr'>Θεὸς</span> <span class='ocrx_word' id='word_1_498' title='bbox 1947 3998 1998 4055; x_wconf 83' lang='grc' dir='ltr'>ἐν</span> 
     </span>
    </p>
   </div>
   <div class='ocr_carea' id='block_1_75' title="bbox 348 4085 1998 4171">
    <p class='ocr_par' dir='ltr' id='par_1_75' title="bbox 348 4085 1998 4171">
     <span class='ocr_line' id='line_1_75' title="bbox 348 4085 1998 4171; baseline -0.001 -23"><span class='ocrx_word' id='word_1_499' title='bbox 348 4092 514 4171; x_wconf 72' lang='grc' dir='ltr'>σοφίᾳ</span> <span class='ocrx_word' id='word_1_500' title='bbox 539 4090 810 4163; x_wconf 71' lang='grc' dir='ltr'>ἐποίησεν,</span> <span class='ocrx_word' id='word_1_501' title='bbox 843 4087 970 4145; x_wconf 68' lang='grc' dir='ltr'>οὐδὲ</span> <span class='ocrx_word' id='word_1_502' title='bbox 999 4093 1160 4145; x_wconf 85' lang='grc' dir='ltr'>τοῦνο</span> <span class='ocrx_word' id='word_1_503' title='bbox 1191 4085 1446 4150; x_wconf 81' lang='grc' dir='ltr'>ἀσκόπως</span> <span class='ocrx_word' id='word_1_504' title='bbox 1481 4089 1617 4161; x_wconf 79' lang='grc' dir='ltr'>ἡμῖν</span> <span class='ocrx_word' id='word_1_505' title='bbox 1671 4087 1998 4163; x_wconf 66' lang='grc' dir='ltr'>ἀπέκρυψεν.</span> 
     </span>
    </p>
   </div>
   <div class='ocr_carea' id='block_1_76' title="bbox 343 4176 2000 4258">
    <p class='ocr_par' dir='ltr' id='par_1_76' title="bbox 343 4176 2000 4258">
     <span class='ocr_line' id='line_1_76' title="bbox 343 4176 2000 4258; baseline -0.004 -20"><span class='ocrx_word' id='word_1_506' title='bbox 343 4181 412 4238; x_wconf 84' lang='grc' dir='ltr'>Εἰ</span> <span class='ocrx_word' id='word_1_507' title='bbox 473 4182 573 4258; x_wconf 72' lang='grc' dir='ltr'>γὰρ</span> <span class='ocrx_word' id='word_1_508' title='bbox 602 4180 995 4258; x_wconf 78' lang='grc' dir='ltr'>προεγίνωσκεν</span> <span class='ocrx_word' id='word_1_509' title='bbox 1057 4179 1085 4233; x_wconf 90' lang='lat'>6</span> <span class='ocrx_word' id='word_1_510' title='bbox 1139 4179 1426 4254; x_wconf 80' lang='grc' dir='ltr'>ἄνθρωπος</span> <span class='ocrx_word' id='word_1_511' title='bbox 1479 4178 1580 4246; x_wconf 74' lang='grc' dir='ltr'>τὴν</span> <span class='ocrx_word' id='word_1_512' title='bbox 1637 4176 1846 4251; x_wconf 75' lang='grc' dir='ltr'>ἡμέραν</span> <span class='ocrx_word' id='word_1_513' title='bbox 1901 4181 2000 4244; x_wconf 82' lang='grc' dir='ltr'>τῆς</span> 
     </span>
    </p>
   </div>
   <div class='ocr_carea' id='block_1_77' title="bbox 344 4262 2000 4343">
    <p class='ocr_par' dir='ltr' id='par_1_77' title="bbox 344 4262 2000 4343">
     <span class='ocr_line' id='line_1_77' title="bbox 344 4262 2000 4343; baseline -0.005 -15"><span class='ocrx_word' id='word_1_514' title='bbox 344 4273 541 4328; x_wconf 74' lang='grc' dir='ltr'>ἑαυτοῦ</span> <span class='ocrx_word' id='word_1_515' title='bbox 585 4271 864 4340; x_wconf 82' lang='grc' dir='ltr'>τελευτῆς,</span> <span class='ocrx_word' id='word_1_516' title='bbox 899 4267 1030 4323; x_wconf 81' lang='grc' dir='ltr'>ὅλον</span> <span class='ocrx_word' id='word_1_517' title='bbox 1076 4269 1168 4324; x_wconf 72' lang='grc' dir='ltr'>τόν</span> <span class='ocrx_word' id='word_1_518' title='bbox 1224 4265 1340 4343; x_wconf 87' lang='grc' dir='ltr'>βίον</span> <span class='ocrx_word' id='word_1_519' title='bbox 1375 4265 1540 4321; x_wconf 76' lang='grc' dir='ltr'>αὐτοῦ</span> <span class='ocrx_word' id='word_1_520' title='bbox 1571 4262 1798 4339; x_wconf 78' lang='grc' dir='ltr'>ἔμελλεν</span> <span class='ocrx_word' id='word_1_521' title='bbox 1829 4263 2000 4330; x_wconf 84' lang='grc' dir='ltr'>ἀδεῶς</span> 
     </span>
    </p>
   </div>
   <div class='ocr_carea' id='block_1_78' title="bbox 341 4354 1998 4437">
    <p class='ocr_par' dir='ltr' id='par_1_78' title="bbox 341 4354 1998 4437">
     <span class='ocr_line' id='line_1_78' title="bbox 341 4354 1998 4437; baseline -0.004 -21"><span class='ocrx_word' id='word_1_522' title='bbox 341 4357 752 4437; x_wconf 80' lang='grc' dir='ltr'>ἐξαμαρτάνειν,</span> <span class='ocrx_word' id='word_1_523' title='bbox 781 4359 872 4414; x_wconf 78' lang='grc' dir='ltr'>καὶ</span> <span class='ocrx_word' id='word_1_524' title='bbox 904 4359 1010 4434; x_wconf 87' lang='grc' dir='ltr'>πρὸ</span> <span class='ocrx_word' id='word_1_525' title='bbox 1038 4355 1134 4413; x_wconf 76' lang='grc' dir='ltr'>δύο</span> <span class='ocrx_word' id='word_1_526' title='bbox 1163 4354 1436 4418; x_wconf 81' lang='grc' dir='ltr'>πολλάκις</span> <span class='ocrx_word' id='word_1_527' title='bbox 1475 4356 1510 4426; x_wconf 69' lang='grc' dir='ltr'><strong>ἢ</strong></span> <span class='ocrx_word' id='word_1_528' title='bbox 1559 4360 1725 4432; x_wconf 91' lang='grc' dir='ltr'>τριῶν</span> <span class='ocrx_word' id='word_1_529' title='bbox 1776 4358 1998 4431; x_wconf 82' lang='grc' dir='ltr'>ἡμερῶν</span> 
     </span>
    </p>
   </div>
   <div class='ocr_carea' id='block_1_79' title="bbox 337 4443 1999 4520">
    <p class='ocr_par' dir='ltr' id='par_1_79' title="bbox 337 4443 1999 4520">
     <span class='ocr_line' id='line_1_79' title="bbox 337 4443 1999 4520; baseline -0.004 -14"><span class='ocrx_word' id='word_1_530' title='bbox 337 4455 442 4520; x_wconf 88' lang='grc' dir='ltr'>τῆς</span> <span class='ocrx_word' id='word_1_531' title='bbox 473 4447 666 4505; x_wconf 74' lang='grc' dir='ltr'>ἑαυτοῦ</span> <span class='ocrx_word' id='word_1_532' title='bbox 712 4447 975 4517; x_wconf 84' lang='grc' dir='ltr'>τελευτῆς</span> <span class='ocrx_word' id='word_1_533' title='bbox 1025 4443 1301 4502; x_wconf 79' lang='grc' dir='ltr'>ἐπιδοῦναι</span> <span class='ocrx_word' id='word_1_534' title='bbox 1353 4444 1512 4500; x_wconf 80' lang='grc' dir='ltr'>αὐτὸν</span> <span class='ocrx_word' id='word_1_535' title='bbox 1564 4445 1641 4508; x_wconf 77' lang='grc' dir='ltr'>εἷς</span> <span class='ocrx_word' id='word_1_536' title='bbox 1693 4445 1999 4519; x_wconf 88' lang='grc' dir='ltr'>μετάνοιαν,</span> 
     </span>
    </p>
   </div>
   <div class='ocr_carea' id='block_1_80' title="bbox 340 4533 1999 4614">
    <p class='ocr_par' dir='ltr' id='par_1_80' title="bbox 340 4533 1999 4614">
     <span class='ocr_line' id='line_1_80' title="bbox 340 4533 1999 4614; baseline -0.002 -19"><span class='ocrx_word' id='word_1_537' title='bbox 340 4537 577 4601; x_wconf 77' lang='grc' dir='ltr'>ἀκούσας</span> <span class='ocrx_word' id='word_1_538' title='bbox 605 4543 704 4593; x_wconf 81' lang='grc' dir='ltr'>τοῦ</span> <span class='ocrx_word' id='word_1_539' title='bbox 755 4542 888 4594; x_wconf 84' lang='grc' dir='ltr'>Θεοῦ</span> <span class='ocrx_word' id='word_1_540' title='bbox 946 4533 1036 4591; x_wconf 79' lang='grc' dir='ltr'>διὰ</span> <span class='ocrx_word' id='word_1_541' title='bbox 1090 4539 1188 4590; x_wconf 80' lang='grc' dir='ltr'>τοῦ</span> <span class='ocrx_word' id='word_1_542' title='bbox 1244 4537 1531 4614; x_wconf 76' lang='grc' dir='ltr'>προφήτου</span> <span class='ocrx_word' id='word_1_543' title='bbox 1589 4535 1860 4610; x_wconf 85' lang='grc' dir='ltr'>εἰπόντος,</span> <span class='ocrx_word' id='word_1_544' title='bbox 1917 4535 1999 4591; x_wconf 81' lang='grc' dir='ltr'>ὅτι</span> 
     </span>
    </p>
   </div>
   <div class='ocr_carea' id='block_1_81' title="bbox 2119 3376 3777 3450">
    <p class='ocr_par' dir='ltr' id='par_1_81' title="bbox 2119 3376 3777 3450">
     <span class='ocr_line' id='line_1_81' title="bbox 2119 3376 3777 3450; baseline 0.001 -17"><span class='ocrx_word' id='word_1_545' title='bbox 2119 3394 2337 3443; x_wconf 81' lang='lat' dir='ltr'>vorare,</span> <span class='ocrx_word' id='word_1_546' title='bbox 2375 3376 2636 3447; x_wconf 83' lang='lat' dir='ltr'>falsaque</span> <span class='ocrx_word' id='word_1_547' title='bbox 2664 3376 2851 3432; x_wconf 89' lang='lat' dir='ltr'>multa</span> <span class='ocrx_word' id='word_1_548' title='bbox 2881 3378 3160 3449; x_wconf 86' lang='lat' dir='ltr'>dogmata</span> <span class='ocrx_word' id='word_1_549' title='bbox 3187 3383 3246 3434; x_wconf 89' lang='lat' dir='ltr'>et</span> <span class='ocrx_word' id='word_1_550' title='bbox 3276 3395 3368 3434; x_wconf 89' lang='lat' dir='ltr'>res</span> <span class='ocrx_word' id='word_1_551' title='bbox 3399 3379 3470 3435; x_wconf 90' lang='lat' dir='ltr'>de</span> <span class='ocrx_word' id='word_1_552' title='bbox 3503 3379 3597 3436; x_wconf 90' lang='lat' dir='ltr'>his</span> <span class='ocrx_word' id='word_1_553' title='bbox 3648 3396 3777 3450; x_wconf 62' lang='lat' dir='ltr'>quas</span> 
     </span>
    </p>
   </div>
   <div class='ocr_carea' id='block_1_82' title="bbox 2118 3466 3776 3542">
    <p class='ocr_par' dir='ltr' id='par_1_82' title="bbox 2118 3466 3776 3542">
     <span class='ocr_line' id='line_1_82' title="bbox 2118 3466 3776 3542; baseline 0.001 -22"><span class='ocrx_word' id='word_1_554' title='bbox 2118 3466 2199 3522; x_wconf 89' lang='lat' dir='ltr'>ibi</span> <span class='ocrx_word' id='word_1_555' title='bbox 2230 3467 2402 3532; x_wconf 89' lang='lat' dir='ltr'>ﬁunt,</span> <span class='ocrx_word' id='word_1_556' title='bbox 2434 3466 2605 3522; x_wconf 87' lang='lat' dir='ltr'>nobis</span> <span class='ocrx_word' id='word_1_557' title='bbox 2636 3482 2934 3539; x_wconf 85' lang='lat' dir='ltr'>spargere,</span> <span class='ocrx_word' id='word_1_558' title='bbox 2964 3485 3092 3540; x_wconf 68' lang='lat' dir='ltr'>quas</span> <span class='ocrx_word' id='word_1_559' title='bbox 3124 3469 3360 3524; x_wconf 90' lang='lat' dir='ltr'>errandi</span> <span class='ocrx_word' id='word_1_560' title='bbox 3390 3474 3446 3524; x_wconf 90' lang='lat' dir='ltr'>et</span> <span class='ocrx_word' id='word_1_561' title='bbox 3493 3469 3776 3542; x_wconf 88' lang='lat' dir='ltr'>pereundi</span> 
     </span>
    </p>
   </div>
   <div class='ocr_carea' id='block_1_83' title="bbox 2119 3555 3345 3612">
    <p class='ocr_par' dir='ltr' id='par_1_83' title="bbox 2119 3555 3345 3612">
     <span class='ocr_line' id='line_1_83' title="bbox 2119 3555 3345 3612; baseline 0 -2"><span class='ocrx_word' id='word_1_562' title='bbox 2119 3555 2291 3612; x_wconf 89' lang='lat' dir='ltr'>nobis</span> <span class='ocrx_word' id='word_1_563' title='bbox 2319 3572 2498 3611; x_wconf 85' lang='lat' dir='ltr'>causa</span> <span class='ocrx_word' id='word_1_564' title='bbox 2529 3557 2738 3612; x_wconf 86' lang='lat' dir='ltr'>forent.</span> <span class='ocrx_word' id='word_1_565' title='bbox 3338 3556 3345 3564; x_wconf 83' lang='lat'>&#39;</span> 
     </span>
    </p>
   </div>
   <div class='ocr_carea' id='block_1_84' title="bbox 2187 3733 3771 3797">
    <p class='ocr_par' dir='ltr' id='par_1_84' title="bbox 2187 3733 3771 3797">
     <span class='ocr_line' id='line_1_84' title="bbox 2187 3733 3771 3797; baseline 0.003 -8"><span class='ocrx_word' id='word_1_566' title='bbox 2187 3733 2414 3797; x_wconf 70' lang='grc' dir='ltr'>Ουίεετ.</span> <span class='ocrx_word' id='word_1_567' title='bbox 2444 3733 2686 3789; x_wconf 87' lang='lat' dir='ltr'><strong>XXXVI.</strong></span> <span class='ocrx_word' id='word_1_568' title='bbox 2723 3733 2892 3790; x_wconf 92' lang='lat' dir='ltr'>Multi</span> <span class='ocrx_word' id='word_1_569' title='bbox 2925 3735 3130 3792; x_wconf 89' lang='lat' dir='ltr'>dicunt</span> <span class='ocrx_word' id='word_1_570' title='bbox 3174 3736 3316 3793; x_wconf 89' lang='lat' dir='ltr'>utile</span> <span class='ocrx_word' id='word_1_571' title='bbox 3362 3735 3589 3793; x_wconf 89' lang='lat' dir='ltr'>homini</span> <span class='ocrx_word' id='word_1_572' title='bbox 3641 3752 3771 3793; x_wconf 80' lang='lat' dir='ltr'>esse</span> 
     </span>
    </p>
   </div>
   <div class='ocr_carea' id='block_1_85' title="bbox 2113 3822 2962 3895">
    <p class='ocr_par' dir='ltr' id='par_1_85' title="bbox 2113 3822 2962 3895">
     <span class='ocr_line' id='line_1_85' title="bbox 2113 3822 2962 3895; baseline 0.004 -17"><span class='ocrx_word' id='word_1_573' title='bbox 2113 3839 2405 3895; x_wconf 65' lang='lat' dir='ltr'>praenosse</span> <span class='ocrx_word' id='word_1_574' title='bbox 2435 3823 2590 3880; x_wconf 90' lang='lat' dir='ltr'>diem</span> <span class='ocrx_word' id='word_1_575' title='bbox 2621 3822 2714 3880; x_wconf 90' lang='lat' dir='ltr'>sui</span> <span class='ocrx_word' id='word_1_576' title='bbox 2745 3823 2962 3881; x_wconf 88' lang='lat' dir='ltr'>obitus.</span> 
     </span>
    </p>
   </div>
   <div class='ocr_carea' id='block_1_86' title="bbox 2182 4002 3767 4076">
    <p class='ocr_par' dir='ltr' id='par_1_86' title="bbox 2182 4002 3767 4076">
     <span class='ocr_line' id='line_1_86' title="bbox 2182 4002 3767 4076; baseline 0.001 -18"><span class='ocrx_word' id='word_1_577' title='bbox 2182 4007 2352 4058; x_wconf 79' lang='lat' dir='ltr'>RESP.</span> <span class='ocrx_word' id='word_1_578' title='bbox 2388 4002 2448 4058; x_wconf 90' lang='lat' dir='ltr'>Si</span> <span class='ocrx_word' id='word_1_579' title='bbox 2477 4002 2630 4058; x_wconf 90' lang='lat' dir='ltr'>Deus</span> <span class='ocrx_word' id='word_1_580' title='bbox 2679 4002 2876 4059; x_wconf 92' lang='lat' dir='ltr'>omnia</span> <span class='ocrx_word' id='word_1_581' title='bbox 2924 4002 2984 4058; x_wconf 90' lang='lat' dir='ltr'>in</span> <span class='ocrx_word' id='word_1_582' title='bbox 3037 4003 3329 4076; x_wconf 88' lang='lat' dir='ltr'>sapientia</span> <span class='ocrx_word' id='word_1_583' title='bbox 3375 4004 3446 4059; x_wconf 89' lang='lat' dir='ltr'>ad</span> <span class='ocrx_word' id='word_1_584' title='bbox 3495 4007 3767 4061; x_wconf 91' lang='lat' dir='ltr'>nostrum</span> 
     </span>
    </p>
   </div>
   <div class='ocr_carea' id='block_1_87' title="bbox 2111 4091 3768 4164">
    <p class='ocr_par' dir='ltr' id='par_1_87' title="bbox 2111 4091 3768 4164">
     <span class='ocr_line' id='line_1_87' title="bbox 2111 4091 3768 4164; baseline 0.002 -18"><span class='ocrx_word' id='word_1_585' title='bbox 2111 4091 2491 4147; x_wconf 91' lang='lat' dir='ltr'>commodum</span> <span class='ocrx_word' id='word_1_586' title='bbox 2541 4091 2696 4158; x_wconf 86' lang='lat' dir='ltr'>fecit,</span> <span class='ocrx_word' id='word_1_587' title='bbox 2749 4095 2904 4148; x_wconf 90' lang='lat' dir='ltr'>certe</span> <span class='ocrx_word' id='word_1_588' title='bbox 2954 4109 3144 4164; x_wconf 91' lang='lat' dir='ltr'>neque</span> <span class='ocrx_word' id='word_1_589' title='bbox 3194 4093 3417 4164; x_wconf 88' lang='lat' dir='ltr'>absque</span> <span class='ocrx_word' id='word_1_590' title='bbox 3455 4093 3678 4150; x_wconf 90' lang='lat' dir='ltr'>ratione</span> <span class='ocrx_word' id='word_1_591' title='bbox 3709 4093 3768 4150; x_wconf 89' lang='lat' dir='ltr'>id</span> 
     </span>
    </p>
   </div>
   <div class='ocr_carea' id='block_1_88' title="bbox 2111 4179 3770 4240">
    <p class='ocr_par' dir='ltr' id='par_1_88' title="bbox 2111 4179 3770 4240">
     <span class='ocr_line' id='line_1_88' title="bbox 2111 4179 3770 4240; baseline 0.002 -3"><span class='ocrx_word' id='word_1_592' title='bbox 2111 4180 2280 4237; x_wconf 88' lang='lat' dir='ltr'>nobis</span> <span class='ocrx_word' id='word_1_593' title='bbox 2301 4179 2633 4236; x_wconf 86' lang='lat' dir='ltr'>occultavit.</span> <span class='ocrx_word' id='word_1_594' title='bbox 2670 4181 2816 4239; x_wconf 89' lang='lat' dir='ltr'>Nam</span> <span class='ocrx_word' id='word_1_595' title='bbox 2858 4181 2908 4237; x_wconf 89' lang='lat' dir='ltr'>si</span> <span class='ocrx_word' id='word_1_596' title='bbox 2956 4181 3341 4238; x_wconf 88' lang='lat' dir='ltr'>homo-diem</span> <span class='ocrx_word' id='word_1_597' title='bbox 3390 4200 3509 4240; x_wconf 67' lang='lat' dir='ltr'>sua:</span> <span class='ocrx_word' id='word_1_598' title='bbox 3562 4183 3770 4240; x_wconf 89' lang='lat' dir='ltr'>mortis</span> 
     </span>
    </p>
   </div>
   <div class='ocr_carea' id='block_1_89' title="bbox 2110 4270 3772 4342">
    <p class='ocr_par' dir='ltr' id='par_1_89' title="bbox 2110 4270 3772 4342">
     <span class='ocr_line' id='line_1_89' title="bbox 2110 4270 3772 4342; baseline 0.002 -18"><span class='ocrx_word' id='word_1_599' title='bbox 2110 4273 2449 4342; x_wconf 68' lang='lat' dir='ltr'>praenosset,</span> <span class='ocrx_word' id='word_1_600' title='bbox 2482 4285 2685 4325; x_wconf 89' lang='lat' dir='ltr'>secure</span> <span class='ocrx_word' id='word_1_601' title='bbox 2715 4286 2819 4341; x_wconf 89' lang='lat' dir='ltr'>per</span> <span class='ocrx_word' id='word_1_602' title='bbox 2854 4274 3038 4326; x_wconf 89' lang='lat' dir='ltr'>totam</span> <span class='ocrx_word' id='word_1_603' title='bbox 3092 4270 3270 4326; x_wconf 88' lang='lat' dir='ltr'>vitam</span> <span class='ocrx_word' id='word_1_604' title='bbox 3321 4278 3606 4342; x_wconf 80' lang='lat' dir='ltr'>peccaret,</span> <span class='ocrx_word' id='word_1_605' title='bbox 3659 4289 3772 4328; x_wconf 64' lang='lat' dir='ltr'>sw-</span> 
     </span>
    </p>
   </div>
   <div class='ocr_carea' id='block_1_90' title="bbox 2110 4357 3772 4433">
    <p class='ocr_par' dir='ltr' id='par_1_90' title="bbox 2110 4357 3772 4433">
     <span class='ocr_line' id='line_1_90' title="bbox 2110 4357 3772 4433; baseline 0.001 -19"><span class='ocrx_word' id='word_1_606' title='bbox 2110 4359 2362 4431; x_wconf 91' lang='lat' dir='ltr'>piusque</span> <span class='ocrx_word' id='word_1_607' title='bbox 2384 4359 2615 4414; x_wconf 90' lang='lat' dir='ltr'>duobus</span> <span class='ocrx_word' id='word_1_608' title='bbox 2641 4357 2730 4415; x_wconf 90' lang='lat' dir='ltr'>vel</span> <span class='ocrx_word' id='word_1_609' title='bbox 2754 4359 2944 4414; x_wconf 87' lang='lat' dir='ltr'>tribus</span> <span class='ocrx_word' id='word_1_610' title='bbox 2976 4363 3110 4415; x_wconf 86' lang='lat' dir='ltr'>ante</span> <span class='ocrx_word' id='word_1_611' title='bbox 3138 4362 3385 4415; x_wconf 89' lang='lat' dir='ltr'>mortem</span> <span class='ocrx_word' id='word_1_612' title='bbox 3417 4360 3625 4416; x_wconf 87' lang='lat' dir='ltr'>diebus</span> <span class='ocrx_word' id='word_1_613' title='bbox 3655 4377 3772 4433; x_wconf 72' lang='lat' dir='ltr'>pca-</span> 
     </span>
    </p>
   </div>
   <div class='ocr_carea' id='block_1_91' title="bbox 2109 4447 3775 4521">
    <p class='ocr_par' dir='ltr' id='par_1_91' title="bbox 2109 4447 3775 4521">
     <span class='ocr_line' id='line_1_91' title="bbox 2109 4447 3775 4521; baseline 0.001 -18"><span class='ocrx_word' id='word_1_614' title='bbox 2109 4447 2422 4504; x_wconf 88' lang='lat' dir='ltr'>nitentiam</span> <span class='ocrx_word' id='word_1_615' title='bbox 2453 4447 3171 4520; x_wconf 87' lang='lat' dir='ltr'>amplecteretur,propter</span> <span class='ocrx_word' id='word_1_616' title='bbox 3201 4447 3326 4504; x_wconf 79' lang='lat' dir='ltr'>hth</span> <span class='ocrx_word' id='word_1_617' title='bbox 3349 4449 3451 4504; x_wconf 89' lang='lat' dir='ltr'>Dei</span> <span class='ocrx_word' id='word_1_618' title='bbox 3471 4449 3650 4504; x_wconf 90' lang='lat' dir='ltr'>verba</span> <span class='ocrx_word' id='word_1_619' title='bbox 3674 4465 3775 4521; x_wconf 91' lang='lat' dir='ltr'>per</span> 
     </span>
    </p>
   </div>
   <div class='ocr_carea' id='block_1_92' title="bbox 2111 4536 3774 4611">
    <p class='ocr_par' dir='ltr' id='par_1_92' title="bbox 2111 4536 3774 4611">
     <span class='ocr_line' id='line_1_92' title="bbox 2111 4536 3774 4611; baseline 0 -18"><span class='ocrx_word' id='word_1_620' title='bbox 2111 4537 2456 4611; x_wconf 87' lang='lat' dir='ltr'>prophetam</span> <span class='ocrx_word' id='word_1_621' title='bbox 2489 4537 2701 4594; x_wconf 88' lang='lat' dir='ltr'>aientis</span> <span class='ocrx_word' id='word_1_622' title='bbox 2733 4555 2746 4594; x_wconf 91' lang='lat'><strong>:</strong></span> <span class='ocrx_word' id='word_1_623' title='bbox 2782 4559 2803 4587; x_wconf 77' lang='grc' dir='ltr'>α</span> <span class='ocrx_word' id='word_1_624' title='bbox 2840 4545 2903 4593; x_wconf 82' lang='lat' dir='ltr'>1n</span> <span class='ocrx_word' id='word_1_625' title='bbox 2935 4554 3047 4609; x_wconf 88' lang='lat' dir='ltr'>quo</span> <span class='ocrx_word' id='word_1_626' title='bbox 3080 4543 3136 4593; x_wconf 90' lang='lat' dir='ltr'>te</span> <span class='ocrx_word' id='word_1_627' title='bbox 3164 4536 3460 4609; x_wconf 87' lang='lat' dir='ltr'>invenero,</span> <span class='ocrx_word' id='word_1_628' title='bbox 3493 4537 3554 4593; x_wconf 91' lang='lat' dir='ltr'>in</span> <span class='ocrx_word' id='word_1_629' title='bbox 3577 4537 3686 4594; x_wconf 92' lang='lat' dir='ltr'>hoc</span> <span class='ocrx_word' id='word_1_630' title='bbox 3715 4543 3774 4594; x_wconf 89' lang='lat' dir='ltr'>te</span> 
     </span>
    </p>
   </div>
   <div class='ocr_carea' id='block_1_93' title="bbox 345 4624 2000 4710">
    <p class='ocr_par' dir='ltr' id='par_1_93' title="bbox 345 4624 2000 4704">
     <span class='ocr_line' id='line_1_93' title="bbox 345 4624 2000 4704; baseline 0.001 -24"><span class='ocrx_word' id='word_1_631' title='bbox 345 4653 368 4680; x_wconf 69' lang='grc' dir='ltr'><strong>ε</strong></span> <span class='ocrx_word' id='word_1_632' title='bbox 408 4629 494 4685; x_wconf 86' lang='grc' dir='ltr'>Ἐν</span> <span class='ocrx_word' id='word_1_633' title='bbox 555 4629 602 4700; x_wconf 82' lang='grc' dir='ltr'>ᾧ</span> <span class='ocrx_word' id='word_1_634' title='bbox 658 4626 799 4704; x_wconf 79' lang='grc' dir='ltr'>εὕρω</span> <span class='ocrx_word' id='word_1_635' title='bbox 852 4647 930 4697; x_wconf 82' lang='grc' dir='ltr'>σε,</span> <span class='ocrx_word' id='word_1_636' title='bbox 961 4624 1013 4680; x_wconf 82' lang='grc' dir='ltr'>ἐν</span> <span class='ocrx_word' id='word_1_637' title='bbox 1073 4624 1262 4698; x_wconf 78' lang='grc' dir='ltr'>ἐκείνῳ</span> <span class='ocrx_word' id='word_1_638' title='bbox 1314 4627 1406 4679; x_wconf 83' lang='grc' dir='ltr'>καὶ</span> <span class='ocrx_word' id='word_1_639' title='bbox 1458 4629 1629 4699; x_wconf 86' lang='grc' dir='ltr'>κρινῶ</span> <span class='ocrx_word' id='word_1_640' title='bbox 1689 4645 1767 4682; x_wconf 88' lang='grc' dir='ltr'>σε.</span> <span class='ocrx_word' id='word_1_641' title='bbox 1811 4650 1839 4677; x_wconf 87' lang='grc'><strong>››</strong></span> <span class='ocrx_word' id='word_1_642' title='bbox 1900 4625 2000 4681; x_wconf 83' lang='grc' dir='ltr'>Καὶ</span> 
     </span>
    </p>
   </div>
   <div class='ocr_carea' id='block_1_94' title="bbox 2128 4624 3774 4710">
    <p class='ocr_par' dir='ltr' id='par_1_94' title="bbox 2136 4626 3774 4700">
     <span class='ocr_line' id='line_1_94' title="bbox 2136 4626 3774 4700; baseline 0.001 -18"><span class='ocrx_word' id='word_1_643' title='bbox 2136 4627 2404 4684; x_wconf 90' lang='lat' dir='ltr'>udicabo.</span> <span class='ocrx_word' id='word_1_644' title='bbox 2439 4652 2461 4680; x_wconf 77' lang='grc' dir='ltr'>ι</span> <span class='ocrx_word' id='word_1_645' title='bbox 2498 4627 2571 4683; x_wconf 91' lang='lat' dir='ltr'>Et</span> <span class='ocrx_word' id='word_1_646' title='bbox 2601 4643 2734 4683; x_wconf 90' lang='lat' dir='ltr'>vero</span> <span class='ocrx_word' id='word_1_647' title='bbox 2766 4643 2894 4699; x_wconf 64' lang='lat' dir='ltr'>qua</span> <span class='ocrx_word' id='word_1_648' title='bbox 2919 4627 3069 4699; x_wconf 90' lang='lat' dir='ltr'>jam,</span> <span class='ocrx_word' id='word_1_649' title='bbox 3121 4643 3339 4700; x_wconf 67' lang='lat' dir='ltr'>quaeso,</span> <span class='ocrx_word' id='word_1_650' title='bbox 3391 4626 3615 4684; x_wconf 90' lang='lat' dir='ltr'>homini</span> <span class='ocrx_word' id='word_1_651' title='bbox 3667 4644 3774 4684; x_wconf 87' lang='lat' dir='ltr'>su-</span> 
     </span>
    </p>
   </div>
   <div class='ocr_carea' id='block_1_95' title="bbox 340 4712 2004 4793">
    <p class='ocr_par' dir='ltr' id='par_1_95' title="bbox 340 4712 2004 4793">
     <span class='ocr_line' id='line_1_95' title="bbox 340 4712 2004 4793; baseline -0.001 -20"><span class='ocrx_word' id='word_1_652' title='bbox 340 4716 479 4773; x_wconf 79' lang='grc' dir='ltr'>ποία</span> <span class='ocrx_word' id='word_1_653' title='bbox 512 4717 732 4791; x_wconf 88' lang='grc' dir='ltr'>λοιπὸν,</span> <span class='ocrx_word' id='word_1_654' title='bbox 765 4716 882 4772; x_wconf 77' lang='grc' dir='ltr'>εἶπέ</span> <span class='ocrx_word' id='word_1_655' title='bbox 917 4737 1032 4791; x_wconf 84' lang='grc' dir='ltr'>μοι,</span> <span class='ocrx_word' id='word_1_656' title='bbox 1066 4717 1253 4792; x_wconf 88' lang='grc' dir='ltr'>χάρις,</span> <span class='ocrx_word' id='word_1_657' title='bbox 1279 4712 1374 4769; x_wconf 72' lang='grc' dir='ltr'>’ίνα</span> <span class='ocrx_word' id='word_1_658' title='bbox 1404 4715 1590 4770; x_wconf 74' lang='grc' dir='ltr'>ἑκατὸν</span> <span class='ocrx_word' id='word_1_659' title='bbox 1632 4715 1828 4793; x_wconf 86' lang='grc' dir='ltr'>φόνους</span> <span class='ocrx_word' id='word_1_660' title='bbox 1879 4737 2004 4771; x_wconf 89' lang='grc' dir='ltr'>ποι-</span> 
     </span>
    </p>
   </div>
   <div class='ocr_carea' id='block_1_96' title="bbox 343 4801 2003 4882">
    <p class='ocr_par' dir='ltr' id='par_1_96' title="bbox 343 4801 2003 4882">
     <span class='ocr_line' id='line_1_96' title="bbox 343 4801 2003 4882; baseline 0 -21"><span class='ocrx_word' id='word_1_661' title='bbox 343 4809 484 4881; x_wconf 77' lang='grc' dir='ltr'>ήσῃς</span> <span class='ocrx_word' id='word_1_662' title='bbox 527 4810 881 4882; x_wconf 85' lang='grc' dir='ltr'>καταφρονῶν</span> <span class='ocrx_word' id='word_1_663' title='bbox 935 4810 1032 4860; x_wconf 81' lang='grc' dir='ltr'>τοῦ</span> <span class='ocrx_word' id='word_1_664' title='bbox 1081 4809 1238 4876; x_wconf 80' lang='grc' dir='ltr'>Θεοῦ,</span> <span class='ocrx_word' id='word_1_665' title='bbox 1263 4804 1354 4859; x_wconf 82' lang='grc' dir='ltr'>καὶ</span> <span class='ocrx_word' id='word_1_666' title='bbox 1414 4801 1508 4859; x_wconf 72' lang='grc' dir='ltr'>δύο</span> <span class='ocrx_word' id='word_1_667' title='bbox 1568 4805 1778 4878; x_wconf 68' lang='grc' dir='ltr'>ἡμερας</span> <span class='ocrx_word' id='word_1_668' title='bbox 1839 4805 2003 4878; x_wconf 91' lang='grc' dir='ltr'>μόνον</span> 
     </span>
    </p>
   </div>
   <div class='ocr_carea' id='block_1_97' title="bbox 342 4895 1027 4972">
    <p class='ocr_par' dir='ltr' id='par_1_97' title="bbox 342 4895 1027 4972">
     <span class='ocr_line' id='line_1_97' title="bbox 342 4895 1027 4972; baseline -0.003 -20"><span class='ocrx_word' id='word_1_669' title='bbox 342 4901 454 4952; x_wconf 84' lang='grc' dir='ltr'>τῶν</span> <span class='ocrx_word' id='word_1_670' title='bbox 488 4900 669 4952; x_wconf 86' lang='grc' dir='ltr'>κακῶν</span> <span class='ocrx_word' id='word_1_671' title='bbox 703 4895 1027 4972; x_wconf 80' lang='grc' dir='ltr'>ήσυχάσῃς;</span> 
     </span>
    </p>
   </div>
   <div class='ocr_carea' id='block_1_98' title="bbox 423 4981 2006 5061">
    <p class='ocr_par' dir='ltr' id='par_1_98' title="bbox 423 4981 2006 5061">
     <span class='ocr_line' id='line_1_98' title="bbox 423 4981 2006 5061; baseline -0.002 -21"><span class='ocrx_word' id='word_1_672' title='bbox 423 4987 619 5061; x_wconf 86' lang='grc' dir='ltr'>Ἐρώτ.</span> <span class='ocrx_word' id='word_1_673' title='bbox 681 4983 784 5054; x_wconf 87' lang='grc' dir='ltr'>λζ’.</span> <span class='ocrx_word' id='word_1_674' title='bbox 842 4985 997 5047; x_wconf 88' lang='grc' dir='ltr'>Τίνος</span> <span class='ocrx_word' id='word_1_675' title='bbox 1056 4983 1219 5061; x_wconf 83' lang='grc' dir='ltr'>χάριν</span> <span class='ocrx_word' id='word_1_676' title='bbox 1278 4984 1328 5038; x_wconf 73' lang='grc' dir='ltr'>οἱ</span> <span class='ocrx_word' id='word_1_677' title='bbox 1387 4981 1696 5059; x_wconf 78' lang='grc' dir='ltr'>Χριστιανοὶ</span> <span class='ocrx_word' id='word_1_678' title='bbox 1768 5002 2006 5057; x_wconf 87' lang='grc' dir='ltr'>προσκυ-</span> 
     </span>
    </p>
   </div>
   <div class='ocr_carea' id='block_1_99' title="bbox 346 5069 2006 5148">
    <p class='ocr_par' dir='ltr' id='par_1_99' title="bbox 346 5069 2006 5148">
     <span class='ocr_line' id='line_1_99' title="bbox 346 5069 2006 5148; baseline -0.002 -18"><span class='ocrx_word' id='word_1_679' title='bbox 346 5080 548 5148; x_wconf 78' lang='grc' dir='ltr'>νοῦμεν</span> <span class='ocrx_word' id='word_1_680' title='bbox 605 5074 743 5130; x_wconf 82' lang='grc' dir='ltr'>κατὰ</span> <span class='ocrx_word' id='word_1_681' title='bbox 799 5073 1210 5144; x_wconf 79' lang='grc' dir='ltr'>ἀνατολὰς,καὶ</span> <span class='ocrx_word' id='word_1_682' title='bbox 1265 5073 1318 5126; x_wconf 88' lang='grc' dir='ltr'>τί</span> <span class='ocrx_word' id='word_1_683' title='bbox 1377 5069 1580 5142; x_wconf 77' lang='grc' dir='ltr'>δήποτε</span> <span class='ocrx_word' id='word_1_684' title='bbox 1632 5073 1745 5146; x_wconf 81' lang='grc'>(46)</span> <span class='ocrx_word' id='word_1_685' title='bbox 1789 5071 1840 5126; x_wconf 77' lang='grc' dir='ltr'>οἱ</span> <span class='ocrx_word' id='word_1_686' title='bbox 1873 5073 2006 5129; x_wconf 90' lang='grc' dir='ltr'>Ἰου-</span> 
     </span>
    </p>
   </div>
   <div class='ocr_carea' id='block_1_100' title="bbox 350 5162 902 5234">
    <p class='ocr_par' dir='ltr' id='par_1_100' title="bbox 350 5162 902 5234">
     <span class='ocr_line' id='line_1_100' title="bbox 350 5162 902 5234; baseline -0.004 -15"><span class='ocrx_word' id='word_1_687' title='bbox 350 5162 501 5220; x_wconf 85' lang='grc' dir='ltr'>δαῖοι</span> <span class='ocrx_word' id='word_1_688' title='bbox 532 5165 669 5220; x_wconf 80' lang='grc' dir='ltr'>κατὰ</span> <span class='ocrx_word' id='word_1_689' title='bbox 697 5163 858 5220; x_wconf 88' lang='grc' dir='ltr'>νότον</span> <span class='ocrx_word' id='word_1_690' title='bbox 887 5183 902 5234; x_wconf 84' lang='grc'>;</span> 
     </span>
    </p>
   </div>
   <div class='ocr_carea' id='block_1_101' title="bbox 424 5247 2005 5328">
    <p class='ocr_par' dir='ltr' id='par_1_101' title="bbox 424 5247 2005 5328">
     <span class='ocr_line' id='line_1_101' title="bbox 424 5247 2005 5328; baseline -0.003 -19"><span class='ocrx_word' id='word_1_691' title='bbox 424 5253 617 5312; x_wconf 84' lang='grc' dir='ltr'>Ἀπόκ.</span> <span class='ocrx_word' id='word_1_692' title='bbox 652 5251 730 5311; x_wconf 72' lang='grc' dir='ltr'>Οὔ</span> <span class='ocrx_word' id='word_1_693' title='bbox 766 5251 863 5327; x_wconf 87' lang='grc' dir='ltr'>μία</span> <span class='ocrx_word' id='word_1_694' title='bbox 895 5251 1060 5326; x_wconf 85' lang='grc' dir='ltr'>ὁμοία</span> <span class='ocrx_word' id='word_1_695' title='bbox 1089 5252 1124 5322; x_wconf 79' lang='grc' dir='ltr'>ἠ</span> <span class='ocrx_word' id='word_1_696' title='bbox 1165 5250 1289 5328; x_wconf 86' lang='grc' dir='ltr'>περὶ</span> <span class='ocrx_word' id='word_1_697' title='bbox 1344 5249 1543 5306; x_wconf 79' lang='grc' dir='ltr'>τούτου</span> <span class='ocrx_word' id='word_1_698' title='bbox 1590 5247 1858 5322; x_wconf 80' lang='grc' dir='ltr'>ἀπόδειξις</span> <span class='ocrx_word' id='word_1_699' title='bbox 1916 5249 2005 5304; x_wconf 75' lang='grc' dir='ltr'>καὶ</span> 
     </span>
    </p>
   </div>
   <div class='ocr_carea' id='block_1_102' title="bbox 351 5337 2004 5418">
    <p class='ocr_par' dir='ltr' id='par_1_102' title="bbox 351 5337 2004 5418">
     <span class='ocr_line' id='line_1_102' title="bbox 351 5337 2004 5418; baseline -0.002 -20"><span class='ocrx_word' id='word_1_700' title='bbox 351 5338 666 5418; x_wconf 84' lang='grc' dir='ltr'>ἀπόκρισις.</span> <span class='ocrx_word' id='word_1_701' title='bbox 724 5341 956 5418; x_wconf 78' lang='grc' dir='ltr'>Ἐτὲρως</span> <span class='ocrx_word' id='word_1_702' title='bbox 1003 5341 1103 5416; x_wconf 79' lang='grc' dir='ltr'>γὰρ</span> <span class='ocrx_word' id='word_1_703' title='bbox 1149 5337 1433 5404; x_wconf 83' lang='grc' dir='ltr'>Ἰουδαίοις</span> <span class='ocrx_word' id='word_1_704' title='bbox 1491 5337 1888 5415; x_wconf 69' lang='grc' dir='ltr'>ἀπολογητέον,</span> <span class='ocrx_word' id='word_1_705' title='bbox 1914 5339 2004 5395; x_wconf 84' lang='grc' dir='ltr'>καὶ</span> 
     </span>
    </p>
   </div>
   <div class='ocr_carea' id='block_1_103' title="bbox 452 5516 1920 5646">
    <p class='ocr_par' dir='ltr' id='par_1_103' title="bbox 452 5516 1920 5646">
     <span class='ocr_line' id='line_1_103' title="bbox 452 5516 1920 5646; baseline -0.001 -70"><span class='ocrx_word' id='word_1_706' title='bbox 452 5520 543 5595; x_wconf 74' lang='grc'>43)</span> <span class='ocrx_word' id='word_1_707' title='bbox 575 5523 660 5578; x_wconf 87' lang='lat' dir='ltr'>Ita</span> <span class='ocrx_word' id='word_1_708' title='bbox 690 5520 935 5595; x_wconf 87' lang='lat' dir='ltr'>quidam</span> <span class='ocrx_word' id='word_1_709' title='bbox 968 5535 1112 5603; x_wconf 70' lang='lat' dir='ltr'>mss.</span> <span class='ocrx_word' id='word_1_710' title='bbox 1147 5519 1299 5576; x_wconf 86' lang='lat' dir='ltr'>Editi</span> <span class='ocrx_word' id='word_1_711' title='bbox 1330 5537 1488 5604; x_wconf 66' lang='lat' dir='ltr'>vero,</span> <span class='ocrx_word' id='word_1_712' title='bbox 1520 5517 1583 5581; x_wconf 74' lang='grc' dir='ltr'>ἃς</span> <span class='ocrx_word' id='word_1_713' title='bbox 1613 5516 1920 5646; x_wconf 58' lang='grc' dir='ltr'>ξλὲπομεν.</span> 
     </span>
     <span class='ocr_line' id='line_1_104' title="bbox 455 5589 1897 5646; baseline 0 0"><span class='ocrx_word' id='word_1_714' title='bbox 455 5593 522 5646; x_wconf 72' lang='grc'>44</span> <span class='ocrx_word' id='word_1_715' title='bbox 555 5599 679 5646; x_wconf 88' lang='lat' dir='ltr'>Duo</span> <span class='ocrx_word' id='word_1_716' title='bbox 712 5596 1124 5646; x_wconf 77' lang='lat' dir='ltr'>manuscrlntl.</span> <span class='ocrx_word' id='word_1_717' title='bbox 1156 5589 1487 5646; x_wconf 67' lang='grc' dir='ltr'>ἐπαναλυσαι</span> <span class='ocrx_word' id='word_1_718' title='bbox 1534 5610 1606 5646; x_wconf 79' lang='grc' dir='ltr'>πο</span> <span class='ocrx_word' id='word_1_719' title='bbox 1647 5611 1672 5646; x_wconf 85' lang='grc' dir='ltr'>ς</span> <span class='ocrx_word' id='word_1_720' title='bbox 1725 5590 1897 5646; x_wconf 72' lang='grc' dir='ltr'>ἡμας.</span> 
     </span>
    </p>
   </div>
   <div class='ocr_carea' id='block_1_104' title="bbox 455 5587 2018 5665">
    <p class='ocr_par' dir='ltr' id='par_1_104' title="bbox 455 5587 2018 5665">
     <span class='ocr_line' id='line_1_105' title="bbox 455 5587 2018 5665; baseline -0.004 -16"><span class='ocrx_word' id='word_1_721' title='bbox 455 5587 679 5650; x_wconf 72' lang='grc' dir='ltr'>44ὀῠο</span> <span class='ocrx_word' id='word_1_722' title='bbox 707 5587 1124 5665; x_wconf 63' lang='grc' dir='ltr'>ἶηαηιλεοζὶρίξὶ,</span> <span class='ocrx_word' id='word_1_723' title='bbox 1156 5587 1487 5665; x_wconf 68' lang='grc' dir='ltr'>ἐπαναλῢσαι</span> <span class='ocrx_word' id='word_1_724' title='bbox 1534 5587 1672 5665; x_wconf 76' lang='grc' dir='ltr'>πρὸς</span> <span class='ocrx_word' id='word_1_725' title='bbox 1725 5587 1897 5665; x_wconf 81' lang='grc' dir='ltr'>ἡμᾶς,</span> <span class='ocrx_word' id='word_1_726' title='bbox 1929 5587 2018 5644; x_wconf 83' lang='grc' dir='ltr'>καὶ</span> 
     </span>
    </p>
   </div>
   <div class='ocr_carea' id='block_1_105' title="bbox 358 5660 1434 5740">
    <p class='ocr_par' dir='ltr' id='par_1_105' title="bbox 358 5660 1434 5740">
     <span class='ocr_line' id='line_1_106' title="bbox 358 5660 1434 5740; baseline 0 -20"><span class='ocrx_word' id='word_1_727' title='bbox 358 5660 733 5740; x_wconf 71' lang='grc' dir='ltr'>διηγήσασθαι</span> <span class='ocrx_word' id='word_1_728' title='bbox 781 5663 918 5740; x_wconf 79' lang='grc' dir='ltr'>πρὸς</span> <span class='ocrx_word' id='word_1_729' title='bbox 937 5660 1230 5740; x_wconf 24' lang='grc' dir='ltr'>’ὠφελειαν-</span> <span class='ocrx_word' id='word_1_730' title='bbox 1247 5664 1434 5740; x_wconf 60' lang='grc' dir='ltr'>ἡμῶν.</span> 
     </span>
    </p>
   </div>
   <div class='ocr_carea' id='block_1_106' title="bbox 433 5685 1578 5813">
    <p class='ocr_par' dir='ltr' id='par_1_106' title="bbox 433 5685 1578 5813">
     <span class='ocr_line' id='line_1_107' title="bbox 433 5685 1434 5740; baseline 0.001 -21"><span class='ocrx_word' id='word_1_731' title='bbox 433 5687 456 5736; x_wconf 76' lang='grc' dir='ltr'>η</span> <span class='ocrx_word' id='word_1_732' title='bbox 500 5685 733 5734; x_wconf 79' lang='grc' dir='ltr'>ησασυαι</span> <span class='ocrx_word' id='word_1_733' title='bbox 781 5685 918 5740; x_wconf 83' lang='grc' dir='ltr'>προς</span> <span class='ocrx_word' id='word_1_734' title='bbox 952 5685 1220 5740; x_wconf 83' lang='grc' dir='ltr'>ωφεΛειαν</span> <span class='ocrx_word' id='word_1_735' title='bbox 1247 5685 1434 5737; x_wconf 80' lang='grc' dir='ltr'>ημων.</span> 
     </span>
     <span class='ocr_line' id='line_1_108' title="bbox 433 5685 1578 5813; baseline -0.003 -19"><span class='ocrx_word' id='word_1_736' title='bbox 433 5685 550 5813; x_wconf 58' lang='lat' dir='ltr'>(Z5)</span> <span class='ocrx_word' id='word_1_737' title='bbox 582 5741 716 5796; x_wconf 64' lang='lat' dir='ltr'>Hinc</span> <span class='ocrx_word' id='word_1_738' title='bbox 743 5737 989 5810; x_wconf 70' lang='lat' dir='ltr'>quaestio</span> <span class='ocrx_word' id='word_1_739' title='bbox 1020 5738 1184 5795; x_wconf 86' lang='lat' dir='ltr'>deest</span> <span class='ocrx_word' id='word_1_740' title='bbox 1214 5737 1277 5794; x_wconf 91' lang='lat' dir='ltr'>in</span> <span class='ocrx_word' id='word_1_741' title='bbox 1309 5736 1491 5794; x_wconf 83' lang='lat' dir='ltr'>Palat.</span> <span class='ocrx_word' id='word_1_742' title='bbox 1522 5737 1578 5790; x_wconf 86' lang='lat'>2.</span> 
     </span>
    </p>
   </div>
   <div class='ocr_carea' id='block_1_107' title="bbox 687 5864 1444 5930">
    <p class='ocr_par' dir='ltr' id='par_1_107' title="bbox 687 5864 1444 5930">
     <span class='ocr_line' id='line_1_109' title="bbox 687 5864 1444 5930; baseline -0.005 -1"><span class='ocrx_word' id='word_1_743' title='bbox 687 5867 957 5929; x_wconf 74' lang='grc' dir='ltr'>ΡΑι-ιιοι..</span> <span class='ocrx_word' id='word_1_744' title='bbox 1005 5867 1116 5928; x_wconf 76' lang='lat' dir='ltr'>Gn.</span> <span class='ocrx_word' id='word_1_745' title='bbox 1166 5864 1444 5930; x_wconf 82' lang='lat' dir='ltr'><strong>XXVIII.</strong></span> 
     </span>
    </p>
   </div>
   <div class='ocr_carea' id='block_1_108' title="bbox 2116 4715 3778 4791">
    <p class='ocr_par' dir='ltr' id='par_1_108' title="bbox 2116 4715 3778 4791">
     <span class='ocr_line' id='line_1_110' title="bbox 2116 4715 3778 4791; baseline 0.001 -18"><span class='ocrx_word' id='word_1_746' title='bbox 2116 4721 2379 4789; x_wconf 86' lang='lat' dir='ltr'>peresset</span> <span class='ocrx_word' id='word_1_747' title='bbox 2425 4715 2632 4790; x_wconf 89' lang='lat' dir='ltr'>gratia,</span> <span class='ocrx_word' id='word_1_748' title='bbox 2683 4716 2730 4773; x_wconf 92' lang='lat' dir='ltr'>si</span> <span class='ocrx_word' id='word_1_749' title='bbox 2782 4720 3115 4789; x_wconf 89' lang='lat' dir='ltr'>contempto</span> <span class='ocrx_word' id='word_1_750' title='bbox 3153 4721 3265 4773; x_wconf 86' lang='lat' dir='ltr'>Deo</span> <span class='ocrx_word' id='word_1_751' title='bbox 3295 4721 3532 4774; x_wconf 89' lang='lat' dir='ltr'>centum</span> <span class='ocrx_word' id='word_1_752' title='bbox 3566 4734 3778 4791; x_wconf 85' lang='lat' dir='ltr'>perpe-</span> 
     </span>
    </p>
   </div>
   <div class='ocr_carea' id='block_1_109' title="bbox 2115 4805 3778 4880">
    <p class='ocr_par' dir='ltr' id='par_1_109' title="bbox 2115 4805 3778 4880">
     <span class='ocr_line' id='line_1_111' title="bbox 2115 4805 3778 4880; baseline 0.002 -19"><span class='ocrx_word' id='word_1_753' title='bbox 2115 4811 2303 4862; x_wconf 86' lang='lat' dir='ltr'>trares</span> <span class='ocrx_word' id='word_1_754' title='bbox 2335 4805 2675 4877; x_wconf 86' lang='lat' dir='ltr'>homicidia,</span> <span class='ocrx_word' id='word_1_755' title='bbox 2698 4806 2968 4878; x_wconf 89' lang='lat' dir='ltr'>duosque</span> <span class='ocrx_word' id='word_1_756' title='bbox 2997 4811 3228 4863; x_wconf 91' lang='lat' dir='ltr'>tantum</span> <span class='ocrx_word' id='word_1_757' title='bbox 3261 4823 3364 4880; x_wconf 89' lang='lat' dir='ltr'>per</span> <span class='ocrx_word' id='word_1_758' title='bbox 3392 4808 3518 4865; x_wconf 84' lang='lat' dir='ltr'>dies</span> <span class='ocrx_word' id='word_1_759' title='bbox 3549 4825 3583 4863; x_wconf 90' lang='lat' dir='ltr'>a</span> <span class='ocrx_word' id='word_1_760' title='bbox 3604 4807 3778 4865; x_wconf 89' lang='lat' dir='ltr'>malis</span> 
     </span>
    </p>
   </div>
   <div class='ocr_carea' id='block_1_110' title="bbox 2118 4895 2431 4952">
    <p class='ocr_par' dir='ltr' id='par_1_110' title="bbox 2118 4895 2431 4952">
     <span class='ocr_line' id='line_1_112' title="bbox 2118 4895 2431 4952; baseline 0 -2"><span class='ocrx_word' id='word_1_761' title='bbox 2118 4912 2381 4952; x_wconf 87' lang='lat' dir='ltr'>cessares</span> <span class='ocrx_word' id='word_1_762' title='bbox 2403 4895 2431 4949; x_wconf 85' lang='lat'><strong>?</strong></span> 
     </span>
    </p>
   </div>
   <div class='ocr_carea' id='block_1_111' title="bbox 2189 4984 3778 5057">
    <p class='ocr_par' dir='ltr' id='par_1_111' title="bbox 2189 4984 3778 5057">
     <span class='ocr_line' id='line_1_113' title="bbox 2189 4984 3778 5057; baseline 0.001 -15"><span class='ocrx_word' id='word_1_763' title='bbox 2189 4987 2418 5051; x_wconf 66' lang='lat' dir='ltr'>Quass&#39;r.</span> <span class='ocrx_word' id='word_1_764' title='bbox 2443 4984 2703 5042; x_wconf 86' lang='lat' dir='ltr'><strong>XXXVII.</strong></span> <span class='ocrx_word' id='word_1_765' title='bbox 2729 4984 2909 5057; x_wconf 86' lang='lat' dir='ltr'>Cujus</span> <span class='ocrx_word' id='word_1_766' title='bbox 2939 4987 3128 5057; x_wconf 87' lang='lat' dir='ltr'>gratia</span> <span class='ocrx_word' id='word_1_767' title='bbox 3174 5003 3280 5043; x_wconf 90' lang='lat' dir='ltr'>nos</span> <span class='ocrx_word' id='word_1_768' title='bbox 3311 4985 3627 5043; x_wconf 83' lang='lat' dir='ltr'>Christiani</span> <span class='ocrx_word' id='word_1_769' title='bbox 3656 5001 3778 5043; x_wconf 89' lang='lat' dir='ltr'>ver-</span> 
     </span>
    </p>
   </div>
   <div class='ocr_carea' id='block_1_112' title="bbox 2119 5074 3778 5142">
    <p class='ocr_par' dir='ltr' id='par_1_112' title="bbox 2119 5074 3778 5142">
     <span class='ocr_line' id='line_1_114' title="bbox 2119 5074 3778 5142; baseline -0.001 -11"><span class='ocrx_word' id='word_1_770' title='bbox 2119 5091 2220 5131; x_wconf 77' lang='lat' dir='ltr'>sus</span> <span class='ocrx_word' id='word_1_771' title='bbox 2289 5074 2575 5130; x_wconf 87' lang='lat' dir='ltr'>orientem</span> <span class='ocrx_word' id='word_1_772' title='bbox 2644 5075 2982 5142; x_wconf 85' lang='lat' dir='ltr'>adoramus,</span> <span class='ocrx_word' id='word_1_773' title='bbox 3047 5079 3104 5130; x_wconf 91' lang='lat' dir='ltr'>et</span> <span class='ocrx_word' id='word_1_774' title='bbox 3165 5075 3352 5131; x_wconf 76' lang='lat' dir='ltr'>Judaei</span> <span class='ocrx_word' id='word_1_775' title='bbox 3418 5092 3620 5132; x_wconf 86' lang='lat' dir='ltr'>versus</span> <span class='ocrx_word' id='word_1_776' title='bbox 3669 5091 3778 5131; x_wconf 85' lang='lat' dir='ltr'>au-</span> 
     </span>
    </p>
   </div>
   <div class='ocr_carea' id='block_1_113' title="bbox 2122 5163 2363 5219">
    <p class='ocr_par' dir='ltr' id='par_1_113' title="bbox 2122 5163 2363 5219">
     <span class='ocr_line' id='line_1_115' title="bbox 2122 5163 2363 5219; baseline -0.004 -1"><span class='ocrx_word' id='word_1_777' title='bbox 2122 5169 2314 5219; x_wconf 89' lang='lat' dir='ltr'>strum</span> <span class='ocrx_word' id='word_1_778' title='bbox 2338 5163 2363 5217; x_wconf 78' lang='lat' dir='ltr'>‘I</span> 
     </span>
    </p>
   </div>
   <div class='ocr_carea' id='block_1_114' title="bbox 2189 5251 3787 5323">
    <p class='ocr_par' dir='ltr' id='par_1_114' title="bbox 2189 5251 3787 5323">
     <span class='ocr_line' id='line_1_116' title="bbox 2189 5251 3787 5323; baseline 0.002 -15"><span class='ocrx_word' id='word_1_779' title='bbox 2189 5253 2361 5308; x_wconf 67' lang='lat' dir='ltr'>Reae.</span> <span class='ocrx_word' id='word_1_780' title='bbox 2396 5252 2520 5309; x_wconf 88' lang='lat' dir='ltr'>Non</span> <span class='ocrx_word' id='word_1_781' title='bbox 2550 5252 2754 5308; x_wconf 89' lang='lat' dir='ltr'>eadem</span> <span class='ocrx_word' id='word_1_782' title='bbox 2787 5252 3070 5309; x_wconf 89' lang='lat' dir='ltr'>similisve</span> <span class='ocrx_word' id='word_1_783' title='bbox 3101 5251 3208 5309; x_wconf 90' lang='lat' dir='ltr'>hac</span> <span class='ocrx_word' id='word_1_784' title='bbox 3239 5253 3309 5310; x_wconf 92' lang='lat' dir='ltr'>de</span> <span class='ocrx_word' id='word_1_785' title='bbox 3342 5270 3403 5310; x_wconf 89' lang='lat' dir='ltr'>re</span> <span class='ocrx_word' id='word_1_786' title='bbox 3445 5255 3640 5310; x_wconf 89' lang='lat' dir='ltr'>danda</span> <span class='ocrx_word' id='word_1_787' title='bbox 3691 5270 3787 5323; x_wconf 69' lang='lat' dir='ltr'>est</span> 
     </span>
    </p>
   </div>
   <div class='ocr_carea' id='block_1_115' title="bbox 2119 5340 3780 5414">
    <p class='ocr_par' dir='ltr' id='par_1_115' title="bbox 2119 5340 3780 5414">
     <span class='ocr_line' id='line_1_117' title="bbox 2119 5340 3780 5414; baseline 0.001 -16"><span class='ocrx_word' id='word_1_788' title='bbox 2119 5341 2384 5414; x_wconf 86' lang='lat' dir='ltr'>probatio</span> <span class='ocrx_word' id='word_1_789' title='bbox 2432 5347 2488 5397; x_wconf 89' lang='lat' dir='ltr'>et</span> <span class='ocrx_word' id='word_1_790' title='bbox 2534 5341 2863 5413; x_wconf 86' lang='lat' dir='ltr'>responsio.</span> <span class='ocrx_word' id='word_1_791' title='bbox 2896 5341 3081 5398; x_wconf 76' lang='lat' dir='ltr'>Aliter</span> <span class='ocrx_word' id='word_1_792' title='bbox 3104 5340 3262 5397; x_wconf 91' lang='lat' dir='ltr'>enim</span> <span class='ocrx_word' id='word_1_793' title='bbox 3293 5347 3386 5401; x_wconf 89' lang='lat' dir='ltr'>est</span> <span class='ocrx_word' id='word_1_794' title='bbox 3413 5341 3780 5401; x_wconf 79' lang='lat' dir='ltr'>satisfacien-</span> 
     </span>
    </p>
   </div>
   <div class='ocr_carea' id='block_1_116' title="bbox 2199 5514 3778 5590">
    <p class='ocr_par' dir='ltr' id='par_1_116' title="bbox 2199 5514 3778 5590">
     <span class='ocr_line' id='line_1_118' title="bbox 2199 5514 3778 5590; baseline 0 -17"><span class='ocrx_word' id='word_1_795' title='bbox 2199 5518 2311 5590; x_wconf 79' lang='grc'>(46)</span> <span class='ocrx_word' id='word_1_796' title='bbox 2341 5516 2431 5590; x_wconf 77' lang='lat' dir='ltr'>Sic</span> <span class='ocrx_word' id='word_1_797' title='bbox 2463 5519 2496 5572; x_wconf 88' lang='grc'>4</span> <span class='ocrx_word' id='word_1_798' title='bbox 2527 5535 2670 5590; x_wconf 70' lang='lat' dir='ltr'>mss.</span> <span class='ocrx_word' id='word_1_799' title='bbox 2707 5519 2776 5590; x_wconf 72' lang='lat' dir='ltr'><strong>In</strong></span> <span class='ocrx_word' id='word_1_800' title='bbox 2815 5517 2992 5590; x_wconf 79' lang='lat' dir='ltr'>editis</span> <span class='ocrx_word' id='word_1_801' title='bbox 3012 5532 3194 5590; x_wconf 89' lang='lat' dir='ltr'>_vero,</span> <span class='ocrx_word' id='word_1_802' title='bbox 3225 5515 3278 5571; x_wconf 85' lang='grc' dir='ltr'>τί</span> <span class='ocrx_word' id='word_1_803' title='bbox 3333 5514 3538 5589; x_wconf 80' lang='grc' dir='ltr'>δήποτε</span> <span class='ocrx_word' id='word_1_804' title='bbox 3593 5519 3778 5576; x_wconf 85' lang='lat' dir='ltr'>deest.</span> 
     </span>
    </p>
   </div>
   <div class='ocr_carea' id='block_1_117' title="bbox 2131 5585 3782 5663">
    <p class='ocr_par' dir='ltr' id='par_1_117' title="bbox 2131 5585 3782 5663">
     <span class='ocr_line' id='line_1_119' title="bbox 2131 5585 3782 5663; baseline 0.001 -20"><span class='ocrx_word' id='word_1_805' title='bbox 2131 5585 2258 5646; x_wconf 80' lang='lat' dir='ltr'>Mox</span> <span class='ocrx_word' id='word_1_806' title='bbox 2285 5585 2450 5659; x_wconf 84' lang='lat' dir='ltr'>editi,</span> <span class='ocrx_word' id='word_1_807' title='bbox 2483 5589 2561 5646; x_wconf 83' lang='grc' dir='ltr'>Οὐ</span> <span class='ocrx_word' id='word_1_808' title='bbox 2597 5587 2693 5662; x_wconf 89' lang='grc' dir='ltr'>μία</span> <span class='ocrx_word' id='word_1_809' title='bbox 2725 5585 2802 5660; x_wconf 74' lang='grc' dir='ltr'>δὲ,</span> <span class='ocrx_word' id='word_1_810' title='bbox 2837 5591 2940 5648; x_wconf 87' lang='lat' dir='ltr'>sed</span> <span class='ocrx_word' id='word_1_811' title='bbox 2973 5585 3028 5643; x_wconf 74' lang='grc' dir='ltr'>δέ</span> <span class='ocrx_word' id='word_1_812' title='bbox 3058 5590 3223 5646; x_wconf 84' lang='lat' dir='ltr'>deest</span> <span class='ocrx_word' id='word_1_813' title='bbox 3251 5590 3311 5647; x_wconf 91' lang='lat' dir='ltr'>in</span> <span class='ocrx_word' id='word_1_814' title='bbox 3345 5585 3601 5650; x_wconf 80' lang='lat' dir='ltr'>maxima</span> <span class='ocrx_word' id='word_1_815' title='bbox 3619 5594 3782 5663; x_wconf 87' lang='lat' dir='ltr'>parte</span> 
     </span>
    </p>
   </div>
   <div class='ocr_carea' id='block_1_118' title="bbox 2134 5678 2279 5719">
    <p class='ocr_par' dir='ltr' id='par_1_118' title="bbox 2134 5678 2279 5719">
     <span class='ocr_line' id='line_1_120' title="bbox 2134 5678 2279 5719; baseline -0.028 0"><span class='ocrx_word' id='word_1_816' title='bbox 2134 5678 2279 5719; x_wconf 86' lang='lat' dir='ltr'>mss.</span> 
     </span>
    </p>
   </div>
   <div class='ocr_carea' id='block_1_119' title="bbox 3387 5863 3468 5924">
    <p class='ocr_par' dir='ltr' id='par_1_119' title="bbox 3387 5863 3468 5924">
     <span class='ocr_line' id='line_1_121' title="bbox 3387 5863 3468 5924; baseline 0.025 -2"><span class='ocrx_word' id='word_1_817' title='bbox 3387 5863 3468 5924; x_wconf 80' lang='grc'>20</span> 
     </span>
    </p>
   </div>
  </div>
