4132 6370
431 333 548 393 619

1602 334 1664 394 S.
1714 331 2239 392 A’I‘HANASIUS.
2261 366 2336 376 —
2369 333 2682 395 SPUItIA.

3737 338 3868 400 620

432 468 571 523 dum
601 465 820 522 Judaeis
850 481 864 523 :
897 465 1065 522 aliter
1096 480 1189 522 res
1218 470 1309 521 est
1339 464 1684 539 explicanda
1712 465 2032 539 gentilibus
2064 480 2077 519 :

2198 462 2393 540 ἑτέρως
2421 464 2692 537 Ἕλλησιν
2726 466 3107 540 ὲρμηνευτέονυ
3142 467 3234 523 καὶ
3285 464 3473 532 ἄλλως
3508 471 3674 526 πάλιν
3725 471 3864 548 περὶ

431 557 603 614 aliter
632 556 886 630 denique
916 556 973 611 id
1007 560 1097 612 est
1126 555 1477 613 Christianis
1501 555 1931 629 explicandum.
1981 554 2086 611 Ju-

431 647 572 704 daais
620 646 799 718 igitur
845 646 1099 702 dicimus
1143 645 1346 703 fideles
1394 645 1613 702 idcirco
1662 662 1868 702 versus
1895 644 2085 701 orien-

434 742 550 793 tem
582 737 846 806 adorare,
879 737 1032 808 quod
1064 735 1143 790 ita
1172 736 1340 791 nobis
1362 736 1613 807 jusserit
1641 734 1898 807 Spiritus
1944 750 2086 789 san-

434 831 563 882 ctus
594 843 698 899 per
730 826 1000 882 Davidem
1032 825 1376 898 prophetam
1411 825 1531 880 haec
1556 824 1804 897 loquens
1835 840 1849 880 :
1879 844 1901 873 α
1933 824 2085 879 Ado-

434 934 634 973 remus
658 916 717 971 iu
753 915 899 987 loco,
949 915 1048 972 ubi
1100 918 1386 971 steterunt
1436 915 1613 988 pedes
1665 913 1892 971 Domini
1942 914 2008 969 ".
2051 937 2080 966 ››

435 1006 597 1071 Quod
648 1005 698 1063 si
749 1005 907 1062 dicat
950 1005 1213 1071 Judaeus,
1266 1004 1365 1060 ubi
1419 1008 1710 1061 steterunt
1758 1003 1935 1076 pedes
1966 1001 2085 1059 D0-

434 1096 627 1154 mini?
668 1097 828 1170 ipsos
857 1095 951 1151 his
981 1094 1173 1152 verbis
1204 1095 1369 1151 docet
1413 1093 1700 1167 propheta
1729 1092 2038 1149 Zacharias
2067 1109 2081 1149 :

435 1208 463 1237 ‹‹
511 1186 580 1243 Et
628 1186 871 1243 stabunt
915 1186 1094 1259 pedes
1143 1183 1376 1241 Domini
1422 1183 1482 1239 in
1531 1187 1729 1241 monte
1784 1182 2083 1240 Olivarum

431 1278 504 1333 ad
535 1277 819 1333 orientem
850 1280 1053 1332 contra
1081 1274 1404 1331 Jerusalem
1432 1275 1496 1330 ’⁵.
1517 1272 1727 1329 »Πυᾶο
1746 1276 1803 1330 et
1833 1273 1944 1346 ipsi
1977 1273 2083 1329 Ju-

430 1366 536 1422 daei
566 1364 949 1441 Jerosolymis
977 1369 1211 1421 orantes
1239 1379 1442 1420 versus
1471 1362 1778 1433 orientem,
1813 1366 1983 1420 orant
2010 1362 2082 1419 ad

433 1460 688 1513 montem
720 1454 1040 1511 Olivarum.
1071 1455 1141 1510 Et
1169 1453 1226 1508 id
1280 1454 1518 1525 quidem
1566 1454 1819 1510 breviter
1865 1453 2085 1509 Judzeis

432 1563 781 1620 responsum
811 1548 956 1601 esto.
980 1545 1063 1600 Ad
1096 1541 1343 1616 gentiles
1375 1546 1571 1598 autem
1599 1541 1745 1598 illud
1778 1545 1868 1598 est
1887 1542 2105 1612 dicen:

434 1638 601 1706 dum,
635 1654 742 1693 nos
790 1633 1017 1692 scilicet
1060 1649 1268 1690 versus
1316 1631 1602 1689 orientem
1651 1632 1917 1702 adorare,
1967 1648 2085 1688 non

436 1726 605 1800 quasi
635 1726 808 1800 plaga
851 1722 1117 1781 orientali
1168 1721 1690 1779 circumscribatur
1739 1721 1937 1792 Deus;
1981 1722 2083 1779 sed

435 1818 573 1891 quia
603 1817 757 1873 Deus
777 1820 886 1887 est,
917 1817 974 1870 et
1002 1813 1218 1870 dicitur
1241 1811 1347 1904 lux;
1368 1828 1519 1868 vera.
1541 1810 1858 1904 Idcircoad
1891 1811 2083 1869 lucem
2113 1838 2164 1904 B

434 1909 690 1964 creatam
723 1904 1123 1978 respicientes,
1171 1919 1285 1958 non
1335 1901 1547 1974 ipsam,
1597 1902 1697 1957 sed
1750 1902 2082 1958 Creatorem

431 2000 560 2069 ejus
593 1997 928 2061 adoramus,
955 2010 1024 2050 ex
1056 1991 1537 2065 splendidissimo
1571 1990 1881 2059 elemento,
1926 1993 2076 2050 225

434 2094 614 2143 Deum
660 2084 924 2141 omnium
958 2083 1385 2137 elementorum
1415 2085 1471 2135 et
1502 2082 1849 2135 saeculorum
1882 2082 2083 2153 splen-

428 2176 809 2233 didissimum
842 2170 1472 2242 venerantes.Denique
1504 2170 1749 2225 audiant
1776 2174 1834 2226 et
1854 2169 2086 2227 discant

428 2266 628 2323 fideles
658 2266 784 2337 ejus
818 2264 898 2319 rei
922 2279 1101 2319 causa
1120 2260 1495 2317 beatissimos
1517 2259 1814 2332 apostolos
1828 2260 2086 2332 jussisse

426 2363 491 2413 ut
518 2354 785 2413 Ecclesiae
816 2352 1285 2410 Christianorum
1320 2350 1602 2406 orientem
1634 2353 1988 2421 spectarent;
2023 2355 2085 2407 ut

425 2448 498 2504 ad
532 2445 895 2519 paradisum,
927 2441 1086 2498 unde
1115 2439 1796 2512 excidimus,antequam
1829 2439 2080 2514 patriam

425 2536 721 2609 regionem
755 2538 1015 2589 nostram
1049 2529 1434 2602 respiciamus
1464 2547 1478 2585 :
1512 2545 1865 2602 oremusque
1899 2531 2080 2586 Deum

427 2630 485 2682 et
512 2624 854 2693 Dominum,
888 2625 952 2676 ut
979 2620 1051 2676 ad
1081 2619 1299 2688 locum,
1333 2619 1486 2675 unde
1514 2617 1748 2675 exsules
1777 2619 1945 2691 ejecti
1978 2636 2078 2675 su-

430 2731 587 2786 mus,
619 2729 727 2769 nos
755 2710 893 2768 velit
939 2708 1269 2766 restituere.
1321 2707 1619 2780 Prophetas
1665 2725 1797 2766 vero
1845 2709 2078 2767 Judaaos

427 2804 500 2860 ad
533 2801 832 2859 meridiem
862 2798 1158 2856 attendere
1179 2798 1743 2872 praeceperunt,quia
1766 2799 2079 2857 Dominum

427 2908 496 2946 ex
526 2888 767 2945 meridie
796 2886 1125 2943 Jerusalem
1154 2887 1278 2941 sive
1307 2902 1375 2941 ex
1406 2886 1745 2943 Bethlehem
1777 2888 1937 2944 nasci
1975 2890 2078 2945 de-

423 2981 587 3036 beret
620 2996 632 3035 :
666 2977 804 3034 hinc
833 2976 1026 3034 aiebat
1054 2975 1340 3049 propheta
1368 2976 1438 3045 9’,
1465 2998 1493 3027 «
1526 2981 1681 3033 Deus
1712 2995 1746 3034 a
1795 2978 2077 3035 Themam

419 3068 631 3127 veniet.
666 3089 695 3118 »
727 3067 785 3123 id
814 3070 925 3139 est,
960 3088 989 3118 ι(
1021 3065 1094 3122 ab
1124 3070 1345 3122 austro.
1384 3087 1411 3115 ››

417 3158 692 3222 τίκτεσθαι
749 3155 983 3231 Κύριον*
1043 3153 1130 3209 διὸ
1186 3153 1275 3209 καὶ
1334 3149 1486 3230 ἔλεγε
1542 3157 1868 3233 προφήτης·
1931 3183 1959 3210 (ί
2016 3160 2062 3217 Ο
2109 3160 2240 3224 Θεὸς
2296 3158 2403 3214 ἀπὸ
2462 3160 2670 3230 Θαιμᾶν
2729 3155 2845 3227 (50)
2896 3152 3033 3224 ἥξει,
3095 3176 3125 3206 ››
3178 3152 3477 3223 τουτέστιν,
3533 3177 3562 3205 ‹‹

417 3271 536 3306 του.
572 3270 596 3301 1

496 3341 727 3405 Ουιεετ.
758 3337 1055 3394 XXXVIII.
1106 3335 1295 3400 Quare
1340 3353 1475 3392 eum
1517 3335 1783 3394 Christus
1835 3338 1914 3395 sit
1960 3340 2073 3398 cir-
2107 3340 2152 3412 α

342 3465 352 3473 -
426 3429 746 3494 cumcisus,
774 3444 880 3483 nos
911 3424 1187 3482 similiter
1215 3442 1332 3482 non
1364 3425 1886 3483 circumeidimur?

500 3519 672 3574 Resp.
705 3515 973 3573 Christus
1006 3513 1188 3572 Filius
1218 3513 1320 3571 Dei
1349 3515 1510 3570 venit
1535 3518 1598 3569 ut
1638 3514 1827 3589 legem
1870 3517 2079 3592 imple-

427 3610 537 3677 ret,
570 3622 642 3663 ne
669 3606 784 3662 Deo
813 3604 1120 3679 oppositus
1146 3620 1275 3660 esse
1306 3607 1631 3675 putaretur,
1680 3607 2081 3665 adversarius-

433 3715 546 3773 que
597 3696 690 3752 Dei
739 3694 843 3767 qui
882 3692 1071 3767 legem
1122 3693 1381 3749 dederat.
1416 3693 1476 3747 Id
1509 3693 1665 3749 enim
1699 3695 1811 3767 ipsi
1841 3713 2079 3754 sursum

427 3789 824 3857 deorsumque
852 3782 1302 3857 exprobrabant.
1325 3784 1467 3838 Cum
1492 3787 1689 3840 autem
1712 3784 1839 3857 ipse
1859 3802 1962 3858 pro
1984 3803 2083 3844 no-

424 3877 516 3933 bis
547 3893 616 3932 ea
642 3892 769 3947 quae
801 3873 895 3930 lex
942 3871 1198 3928 continet
1247 3870 1596 3944 impleverit,
1645 3873 1762 3944 jam
1810 3891 1917 3931 nos
1967 3875 2080 3933 sub

424 3965 551 4038 lege
601 3981 713 4021 non
747 3978 955 4020 sumus
986 3960 1086 4017 sed
1120 3960 1231 4016 sub
1260 3960 1466 4033 gratia.
1500 3961 1647 4019 Hinc
1675 3962 1944 4022 Christus
1974 3980 2081 4039 per

419 4054 669 4111 Paulum
701 4053 823 4109 haec
852 4052 922 4108 ad
958 4069 1063 4108 nos
1094 4050 1235 4106 dicit
1267 4068 1279 4106 :
1315 4074 1342 4101 «
1375 4050 1662 4116 Quoniam
1695 4053 1742 4111 si
1776 4054 2080 4113 circumci-

421 4144 670 4213 damini,
703 4143 973 4198 Christus
1000 4140 1165 4198 vobis
1206 4141 1352 4196 nihil
1397 4142 1661 4214 proderit
1713 4145 1776 4201 97.
1834 4169 1853 4195 ο
1912 4145 2078 4204 Unde

419 4231 732 4288 manifesto
762 4228 1175 4304 cognoscimus
1204 4229 1321 4285 Deo
1353 4229 1574 4287 alienos
1595 4248 1724 4288 esse
1744 4249 1951 4290 omnes
1974 4235 2076 4307 qui

419 4320 943 4392 circumciduntur,
976 4320 1100 4377 sive
1130 4319 1329 4376 ﬁdeles
1373 4318 1458 4375 illi
1507 4320 1648 4392 sint,
1697 4321 1818 4379 sive
1865 4323 2073 4381 inﬁde-

418 4412 524 4482 les,
593 4410 713 4467 sive
777 4409 988 4477 Judaei,
1057 4409 1178 4465 sive
1239 4407 1509 4481 gentiles,
1578 4410 1798 4482 quippe
1865 4412 1967 4483 qui
2014 4412 2073 4468 in

416 4501 541 4574 lege
590 4500 845 4557 Mosaica
875 4498 1226 4571 glorientur,
1259 4513 1365 4553 nec
1396 4495 1694 4552 Christum
1727 4505 2071 4571 sequantur.

418 4589 929 4655 Quemadmodum
961 4586 1118 4643 enim
1149 4585 1409 4642 universi
1442 4585 1544 4658 qui
1575 4602 1676 4659 per
1720 4589 2073 4662 sanguinem

2192 552 2388 609 10'3‘100
2433 555 2777 629 Χριστιανοῖς
2833 555 3217 635 σαφηνιστέον.
3265 554 3552 621 Ἰουδαίοις
3606 561 3701 635 μὶν
3760 558 3867 616 οὖν

2196 638 2446 716 εἴπομεν,
2481 642 2564 698 ὅτι
2611 642 2809 700 τούτου
2866 645 3029 723 χάριν
3088 646 3140 702 οἱ
3188 652 3377 703 πιστοῖ
3430 653 3857 726 προσκυνοῦμεν

2195 734 2329 787 κατὰ
2368 733 2656 807 ἀνατολὰς,
2690 739 2786 790 τοῦ
2813 735 2967 812 ἁγίου
3016 737 3328 810 Πνεῦματος
3376 741 3862 813 νομοθετήσαντος

2193 824 2328 896 ἡμῖν
2391 821 2480 879 διὰ
2534 828 2631 879 τοῦ
2689 827 2975 901 προφήτου
3020 821 3186 881 Δαϐὶδ
3244 827 3517 892 εἰπόντος’
3551 850 3574 880 ι
3608 834 3859 906 Προσκυ-

2193 916 2447 987 νήσωμεν
2512 915 2587 977 εἷς
2650 916 2740 970 τὸν
2790 915 2957 971 τόπον
3008 916 3071 971 οὗ
3116 912 3342 988 ἔστησαν
3402 918 3455 973 οἱ
3514 913 3677 981 πόδες
3738 922 3857 976 Κυ-

2194 1002 2314 1077 ρίου
2345 1005 2476 1080 (47).
2512 1028 2538 1057 ι)
2576 1003 2673 1059 Καὶ
2728 1004 2812 1059 ἐὰν
2863 1003 2995 1082 λέγῃ
3051 1007 3081 1060 6
3136 1004 3424 1081 Ἰουδαῖος,
3454 1012 3560 1063 ποῦ
3619 1003 3858 1079 ἔστησαν

2193 1093 2245 1148 οἱ
2275 1090 2438 1157 πόδες
2465 1097 2563 1149 τοῦ
2594 1093 2840 1172 Κυρίου;
2873 1095 2901 1149 6
2940 1096 3233 1172 προφήτης
3280 1096 3554 1173 Ζαχαρίας
3603 1094 3855 1154 διδάσκει

2194 1181 2390 1246 αὐτοὺς
2440 1181 2639 1259 λέγων·
2676 1208 2705 1236 (ι
2739 1182 2839 1239 Kc?
2884 1186 3174 1256 στήσονται
3218 1183 3273 1241 οἲ
3319 1182 3487 1251 πόδες
3534 1186 3737 1263 Κυρίου
3769 1187 3857 1250 εἰς

2190 1272 2252 1327 τὸ
2284 1270 2409 1347 ὅρος
2439 1277 2547 1328 τῶν
2581 1273 2812 1329 Ἐλαιῶν
2861 1276 2979 1329 κατ’
3026 1271 3294 1338 ἀνατολὰς
3337 1274 3614 1333 κατέναντι
3644 1277 3855 1353 Ἰερου-

2193 1361 2403 1436 σαλήμ.
2436 1386 2464 1415 (ι
2496 1364 2650 1417 Ὅθεν
2702 1362 2791 1417 καὶ
2846 1361 2999 1418 αὐτοὶ
3057 1364 3109 1418 οἳ
3160 1361 3415 1422 Ἰουδαῖοι
3473 1363 3526 1420 έν
3582 1368 3855 1443 Ἰερουσα-

2194 1450 2317 1540 HW.
2345 1447 2781 1530 προσευχὸμενοι
2812 1452 2947 1508 κατὰ
2995 1451 3285 1525 ἀνατολὰς,
3319 1454 3717 1531 προσεύχονται
3771 1456 3856 1519 εἷς

2179 1538 2279 1606 ,τὸ“
2303 1538 2431 1618 ὅρος
2485 1547 2593 1597 τῶν
2625 1540 2879 1599 Ἐλαιῶν.
2913 1541 3009 1596 Καὶ
3067 1541 3201 1614 αὕτη
3255 1542 3350 1616 μὲν
3401 1545 3437 1614 ἡ
3469 1540 3558 1599 διὰ
3593 1545 3851 1621 βραχέων

2192 1633 2329 1706 πρὸς
2360 1629 2659 1695 Ἰουδαίους
2708 1630 3002 1707 ἀπολογία·
3035 1630 3173 1707 πρὸς
3232 1629 3291 1687 δὲ
3331 1629 3612 1704 Ἕλληνας
3668 1632 3851 1690 ἐκεῖνό

2193 1743 2392 1796 φαμεν,
2426 1720 2509 1777 ὅτι
2540 1722 2649 1798 οὐχ
2677 1721 2752 1784 ὡς
2792 1720 2844 1777 ἐν
2888 1720 3180 1785 ἀνατολαῖς
3221 1722 3698 1801 περιγραφομένου
3746 1728 3851 1780 τοῦ

2194 1816 2327 1867 Θεοῦ
2384 1813 2519 1867 κατᾶ
2573 1810 2845 1874 ἀνατολὰς
2903 1814 3340 1887 προσκυνοῦμεν·
3392 1808 3520 1866 ἀλλ’
3575 1810 3766 1883 ἐπειδὴ
3814 1816 3849 1869 6

2192 1903 2320 1964 Θεὸς
2379 1905 2494 1980 φῶς
2545 1899 2803 1972 ἀληθινόν
2854 1897 2967 1955 ἐστί
3013 1920 3073 1955 τε
3116 1899 3207 1955 καὶ
3259 1898 3616 1973 ὄνομάζεται’
3646 1901 3848 1958 τούτου

2191 1991 2352 2067 χάριν
2386 1991 2523 2065 πρὸς
2555 1992 2617 2046 τὸ
2648 1994 2760 2068 φῶς
2792 1989 2854 2045 τὸ
2900 1988 3116 2045 κτιστὸν
3168 1988 3500 2068 ἀφορῶντες,
3544 1988 3644 2045 οὐκ
3688 1990 3845 2066 αὐτὸ,

2193 2078 2341 2135 ἀλλά
2366 2080 2457 2135 τὸν
2490 2080 2727 2151 ποιητὴν
2772 2078 2934 2133 αὐτοῦ
2983 2082 3414 2154 προσκυνοῦμεν,
3446 2078 3505 2134 ἐκ
3549 2083 3649 2135 τοῦ
3695 2079 3849 2155 λαμ·-

2192 2170 2461 2245 προτέρου
2492 2168 2771 2243 στοιχείου
2800 2170 2934 2242 (48),
2964 2167 3057 2223 τὸν
3117 2169 3222 2243 πρὸ
3280 2168 3498 2224 πάντων
3550 2170 3844 2246 στοιχείων

2191 2259 2424 2314 καὶτῶν
2475 2258 2688 2314 αἰώνων
2738 2256 3131 2334 ὑπέρλαμπρον
3182 2258 3312 2313 Θεὸν
3360 2256 3731 2335 γεραίροντες.
3773 2262 3845 2319 Οἱ

2193 2348 2250 2405 δὲ
2279 2349 2461 2405 πιστοὶ
2492 2347 2833 2404 ἀκουέτωσαν
2872 2347 2961 2402 καὶ
3014 2348 3449 2421 μανθανέτωσαν,
3480 2347 3670 2426 ὅτιπερ
3714 2350 3846 2406 τοῦ-

2188 2462 2285 2496 του
2317 2441 2479 2517 χάριν
2507 2439 2558 2494 οἱ
2610 2437 3014 2513 μακαριώτατοι
3062 2435 3362 2493 ἀπόστολοι
3392 2439 3505 2513 (49)
3533 2438 3669 2495 κατά
3718 2441 3846 2496 ἀνα-

2188 2530 2356 2593 τολὰς
2420 2531 2516 2591 τὰς
2589 2532 2699 2583 τῶν
2784 2528 3119 2604 Χριστιανῶν
3192 2524 3487 2598 ἐκκλησίας
3543 2531 3843 2606 προσέχειν

2188 2621 2471 2694 ἐποίησαν,
2524 2616 2617 2673 ’ίνα
2662 2617 2798 2694 πρὸς
2845 2617 2938 2672 τὸν
2982 2612 3307 2691 παράδεισον
3351 2616 3668 2695 ἀφορῶμεν·
3719 2618 3842 2683 ὅθεν

2188 2710 2277 2766 καὶ
2308 2708 2625 2784 έξεπέσαμεν
2657 2708 2792 2785 πρὸς
2833 2707 2932 2775 τὴν
2985 2704 3216 2781 ἀρχαίαν
3261 2707 3423 2779 ἡμῶν
3473 2705 3709 2784 πατρίδα
3748 2710 3842 2765 καὶ

2187 2801 2401 2878 χώραν,
2434 2796 2747 2872 αἰτούμενοι
2775 2796 2866 2851 τὸν
2907 2795 3037 2851 Θεὸν
3086 2794 3177 2849 καὶ
3233 2794 3509 2867 Δεσπότην
3568 2796 3839 2853 ἀποκατα-

2187 2896 2381 2960 στῆσαι
2429 2890 2598 2961 ἡμᾶς,
2631 2886 2749 2941 ὅθεν
2802 2882 3192 2960 ἐξωρίσθημεν.
3226 2884 3322 2948 Εἰς
3370 2884 3523 2940 νότον
3564 2882 3620 2939 δὲ
3665 2905 3833 2959 προσ-

2187 2981 2332 3057 έχειν
2363 2975 2647 3039 Ἰουδαίοις
2682 2976 2733 3031 οἱ
2761 2980 3040 3052 προφῆται
3070 2970 3458 3047 ἐνομοθέτησαν
3490 2970 3577 3028 διὰ
3619 2973 3711 3028 τὸν
3768 2973 3832 3029 lx.

2188 3069 2349 3125 νότου
2377 3074 2477 3138 τῆς
2506 3062 2819 3142 Ἰερουσαλή
2831 3085 2889 3137 μ,
2919 3060 3091 3138 ἤγουν
3141 3059 3201 3118 ἐκ
3252 3061 3522 3136 Βηθλεὲμ,
3557 3061 3840 3135 μέλλοντα

2188 3160 2240 3207 ἧς
2296 3158 2403 3207 ἀπὸ
2462 3160 2670 3207 salua»
2729 3155 2845 3207 (5οὶ
2896 3152 3033 3207 ἥξει.
3095 3176 3125 3206 ››
3178 3152 3477 3207 τουτέστιν.
3533 3177 3562 3205 ιι
3624 3151 3685 3207 ἐκ
3738 3153 3840 3207 νό-

3648 3174 3685 3208 κ
3738 3153 3842 3209 νό-

2263 3339 2457 3414 Ἐρώτ.
2492 3335 2601 3408 λη’.
2633 3333 2798 3397 Τίνος
2850 3331 3012 3410 χάριν
3055 3336 3153 3389 τοῦ
3197 3335 3434 3410 Χριστοῦ
3472 3332 3845 3408 περιτμηθὲν-

2186 3449 2304 3500 τος,
2337 3428 2402 3483 οὐ
2430 3424 2865 3501 περιτεμνόμεθα
2894 3422 2984 3477 καὶ
3014 3424 3204 3496 ἡμεῖς,
3235 3421 3311 3485 ὡς
3350 3422 3514 3485 αὐτός
3539 3450 3553 3494 ;

2262 3517 2455 3575 ’Δπόκ.
2485 3517 2547 3574 Ὁ
2609 3514 2702 3588 μὲν
2758 3512 3011 3589 Χριστὸς,
3044 3515 3179 3569 Θεοῦ
3237 3511 3361 3575 Υἱὸς
3415 3510 3514 3584 ὢν,
3543 3510 3839 3590 πληρῶσαι

2188 3607 2329 3680 ἦλθε
2382 3606 2475 3662 τὸν
2531 3606 2722 3678 νόμον,
2748 3600 2840 3657 ’ίνα
2903 3603 2979 3675 μὴ
3022 3602 3257 3676 νομισθῇ
3289 3599 3529 3665 ἀντίθεος
3562 3603 3699 3658 εἶναι
3748 3604 3840 3659 καὶ

2190 3695 2462 3760 ἀντίδικος
2505 3698 2604 3751 τοῦ
2647 3697 2782 3749 Θεοῦ
2827 3695 2924 3747 τοῦ
2973 3688 3277 3753 δεδωκότος
3313 3692 3405 3746 τὸν
3438 3693 3628 3766 νόμον.
3660 3695 3839 3751 Τοῦτο

2187 3789 2288 3864 γὰρ
2321 3784 2432 3842 ἄνω
2461 3784 2550 3841 καὶ
2600 3782 2746 3839 κάτω
2797 3779 3083 3838 ἐνεκάλουν
3136 3778 3283 3853 αὐτῷ
3331 3781 3383 3835 οἱ
3419 3779 3698 3839 Ἰουδαῖοι.
3734 3781 3847 3839 Δῦο

2186 3879 2283 3932 τοῦ
2343 3871 2400 3930 δὲ
2457 3874 2589 3950 ὑπὲρ
2634 3874 2796 3945 ἡμῶν
2840 3866 3236 3947 πληρώσαντας
3270 3869 3338 3925 τὰ
3365 3868 3418 3925 ἐν
3448 3869 3628 3945 νόμῳ,
3662 3870 3844 3928 οὐκέτι

2189 3965 2382 4022 λοιπὸν
2415 3967 2579 4038 ἡμεῖς
2605 3962 2764 4036 έσμεν
2817 3959 2921 4015 ὑπὸ
2968 3960 3162 4034 νόμον,
3194 3957 3321 4017 ἀλλ’
3372 3959 3474 4014 ὑπὸ
3525 3959 3712 4036 χάριν.
3745 3960 3844 4017 Διό

2187 4077 2319 4134 φησι
2363 4055 2500 4131 πρὸς
2545 4055 2693 4126 ἡμᾶς
2743 4048 2833 4106 διὰ
2877 4048 3101 4107 Παύλου
3149 4049 3178 4104 6
3216 4047 3468 4127 Χριστός·
3506 4074 3529 4102 α
3570 4052 3718 4122 ⁵Οτι,
3751 4050 3842 4107 ἰὰν

2186 4145 2603 4222 περιτέμνησθε,
2637 4140 2871 4218 Χριστὸς
2902 4140 3043 4215 ὑμᾶς
3090 4135 3243 4194 οὐδὲν
3289 4137 3593 4217 ὠφελήσει.
3624 4165 3646 4192 ›;
3676 4144 3843 4198 Ὥστε

2186 4235 2423 4291 ἐντεῦθεν
2454 4237 2634 4311 σαφῶς
2681 4230 3047 4307 γινώσκομεν,
3080 4228 3163 4283 ὅτι
3216 4223 3506 4304 ἀλλότριοι
3558 4233 3657 4284 τοῦ
3715 4235 3843 4307 Χρι.

2185 4326 2314 4378 στοῦ
2344 4323 2457 4395 (51)
2489 4318 2590 4375 εἷ’σι
2617 4318 2813 4381 πάντες
2857 4318 2908 4372 οἱ
2956 4316 3435 4392 περιτεμνόμενοι,
3468 4313 3576 4372 εἴτε
3630 4318 3838 4388 πιστοὶ,

2185 4408 2292 4467 εἴτε
2322 4406 2563 4483 ἄπιστοι,
2596 4406 2704 4464 εἴτε
2734 4404 3010 4480 Ἰουδαῖοι,
3045 4404 3151 4462 εἴτε
3191 4403 3494 4479 ’Έλληνες,
3524 4408 3599 4470 ὡς
3646 4406 3699 4463 ἐν
3745 4407 3838 4463 νό-

2187 4522 2275 4574 μῳ
2304 4501 2579 4571 Μωσαϊκῷ
2610 4498 2986 4572 καυχώμενοι,
3016 4494 3108 4551 καὶ
3137 4494 3201 4550 οὗ
3237 4498 3317 4568 τῷ
3363 4496 3582 4573 Χριστῷ
3635 4495 3836 4569 ἑπόμε-

2183 4611 2292 4647 νοι.
2319 4591 2524 4665 ’Ὠσπερ
2576 4588 2681 4664 γὰρ
2728 4587 2959 4649 ἅπαντες
3008 4586 3061 4641 οἱ
3088 4585 3188 4654 τήν
3240 4581 3310 4640 δι’
3340 4582 3571 4661 αἵματος
3604 4587 3715 4661 (52)
3744 4586 3836 4642 καὶ

3826 4696 3831 4731 l

485 4750 531 4785 ⁵⁸
559 4748 714 4805 Psal.
742 4765 931 4816 cxxxz,
960 4749 1016 4817 7,
1094 4747 1139 4783 ⁸⁵
1168 4745 1406 4803 Zachar.
1438 4763 1553 4816 xxv,
1587 4748 1639 4802 4.
1714 4747 1760 4783 π
1792 4749 2007 4810 Habac.
2042 4764 2079 4809 η

2202 4752 2247 4787 ⁵⁷
2278 4749 2467 4809 Galat.
2498 4766 2553 4821 ν,
2581 4750 2637 4805 2.

479 4911 940 4998 (47)"Tres\ms‘st.
975 4909 1327 4998 sic(li,abe“nt_,
1354 4904 1577 4998 €01.19ch
1602 4907 1687 4997 ,μοὶ
1733 4905 1922 4998 πόδες.
1956 4913 2063 4998 Ku'-

2193 4913 2324 4998 Esic
2354 4912 2534 4998 habet
2567 4928 2581 4968 :
2616 4907 3223 4998 Iipoéxstvméxtlsucav,
3251 4903 3364 4998 τίνα,
3396 4904 3535 4981 πρὸς
3581 4904 3674 4997 16v
3723 4925 3833 4998 πα-

450 4974 553 5038 ίου.
578 4974 685 5036 ’Καὶ
734 4978 823 5055 ἐάν
874 4977 1019 5055 λέγει
1052 4980 1081 5033 6
1113 4974 1395 5055 Ἰουδαῖος’
1435 4974 1547 5055 ΙΙξοῦ
1592 4974 1824 5055 ἔστησαν
1861 4984 1928 5055 _0l
1966 4984 2065 5041 πό-

450 4998 553 5038 ιου.
587 4998 685 5036 καί
734 4998 823 5036 εαν
876 4998 1019 5055 Λεγει
1052 4998 1081 5033 ο
1114 4998 1395 5039 ίιουοαιοψ
1435 4998 1547 5035 ιιου
1599 5000 1824 5049 εστησαν
1876 4998 1928 5037 οὶ
1966 4998 2060 5041 πο.

408 4998 495 5116 gs:
512 5058 616 5131 106
640 5052 860 5128 Κυρίου,
894 5053 921 5107 ὁ
953 5053 1241 5128 προφήτης
1275 5049 1547 5125 Ζαχαρίας
1588 5049 1827 5108 διδάσκει
1861 5053 2060 5131 λέγων·

410 5128 731 5197 Στήσονται.

481 5191 1331 5279 (1.8)ροὶ-ᾱιιωᾺΠιεῐιυεςνξριὶ,
1383 5191 1442 5247 ἐκ
1488 5195 1584 5247 τοῦ
1627 5195 1883 5279 ,πρώτουι
1915 5218 2062 5279 στοις

406 5337 984 5417 πάντωνίστοιχείωνῖ
1001 5340 1171 5409 Editi,
1204 5337 1677 5417 τὸνίτῶν-πάντῳν
1707 5359 1790 5417 στ’.

477 5416 584 5487 (49)
628 5416 712 5487 ita
743 5410 942 5471 omnes
982 5410 1404 5487 manuscripti.
1438 5411 1501 5487 ip
1533 5411 1727 5487 editis,
1760 5410 2056 5487 ἀπόστολοι

404 5479 589 5556 deest.
624 5486 754 5542 Mox
810 5486 1129 5556 Palatinus
1159 5479 1409 5556 primus,
1442 5479 1734 5556 Ἐποίησαν
1780 5484 1915 5539 κατὰ
1964 5486 2059 5556 τὸν

403 5555 727 5632 παράδεισον
771 5556 918 5632 ἡμᾶς
963 5551 1285 5632 προσέχειν,
1317 5551 1436 5632 δθεν
1483 5551 1802 5632 ἐξεπέσαμεν
1858 5554 2059 5632 βουλο-

407 5624 585 5704 μενοι,
605 5626 717 5696 ἵνα,
752 5624 887 5704 πρὸς
916 5624 1023 5704 τήν
1047 5624 1277 5704 ἀρχαίαν
1309 5626 1472 5704 ἡμῶν
1518 5624 1751 5704 πατρίδια
1789 5624 1886 5704 καὶ
1935 5629 2055 5704 χώ-

404 5693 499 5775 ραν
561 5693 890 5777 ἀφορῶντες,
922 5693 1176 5772 αἶ”ῖοῦξλὶῖδ
1221 5697 1313 5753 τὸν
1338 5693 1664 5769 δεσπότην.
1706 5700 1890 5757 Palat.
1921 5693 2056 5760 vero

2175 4981 2425 5060 ράδεισον
2472 4978 2804 5060 ’ἀφορῶντες
2837 4980 2977 5060 ’ἕθεν
3038 4978 3486 5060 ᾆκπεπτώκαμεν,
3520 4980 3671 5060 ,πρὸς
3727 4978 3829 5060 τῂν

2174 5050 2407 5145 ἀρχαίαν
2460 5050 2623 5181 ήέἱῶν
2683 5050 2917 5129 πατρίδα
2971 5052 3062 5107 καὶ
3119 5052 3334 5129 χώραν,
3368 5050 3680 5139 αἰτούμεθα
3733 5050 3829 5106 τὸν

2174 5135 2303 5181 Θεον
2354 5125 2445 5181 καὶ
2523 5124 2756 5181 εσπότην
2808 5126 3313 5181 ἀποκατασταθῆναι
3370 5124 3520 5181 ἡμας
3573 5121 3693 5177 ὅθεν
3742 5120 3827 5181 ἔε-

2174 5135 2303 5183 Θεὸν
2354 5135 2445 5181 καί
2490 5135 2756 5196 δεσπότην
2808 5135 3313 5195 ἀποκατασταθῆναι
3370 5135 3520 5196 ἡμᾶς
3573 5135 3693 5177 ὅθεν
3742 5135 3827 5192 εξ-

2173 5198 2461 5273 επέσαμεν.
2492 5199 2621 5273 Ηίσ
2646 5197 3092 5273 responsionem
3147 5197 3371 5256 claudit
3418 5196 3608 5255 Palat.
3649 5197 3707 5269 2,
3762 5197 3827 5251 in

406 5267 584 5355 χείουζ
619 5269 1162 5355 Ibidem'RegLZ‘et
1189 5267 1258 5355 3,κ
1280 5282 1428 5351 quos
1473 5267 1800 5355 sequimur,
1830 5268 1922 5324 16v
1954 5271 2061 5344 πρὸ

2193 5289 2290 5355 lue

2551 5124 2756 5196 σπὸτην
2793 5120 3326 5195 ’ἀποκατασταθῆναι
3370 5120 3693 5196 ἡμᾶς’ὅθεν
3742 5120 3827 5192 ἐε-

2363 5275 2532 5327 uaast.
2563 5271 2634 5327 38
2663 5276 2723 5328 et

2241 5289 2290 5329 ιο
2363 5287 2532 5327 uasat.
2563 5287 2634 5327 δδ
2663 5287 2723 5328 οι
2752 5287 2843 5340 δυ,
2873 5287 3105 5329 desunt.

2241 5287 2360 5486 (5οἷ
2393 5343 2533 5426 ῌθε.
2564 5344 2620 5413 2,
2644 5341 2897 5471 Gangem.
3210 5415 3238 5427 η
3375 5413 3404 5425 _

2241 5417 2328 5485 (51
2387 5415 2489 5486 διο
2510 5416 2546 5470 2
2570 5433 2713 5486 mss.
2792 5417 2928 5486 dit1_
2958 5430 3243 5486 ver0,_1ou
3272 5417 3404 5467 Θεου

2241 5410 2358 5485 (51)
2387 5410 2546 5485 Sie'2
2570 5410 2713 5485 mss.
2746 5410 2927 5485 Editi
2958 5415 3243 5485 vero,106
3272 5413 3428 5467 Θεοῦ.
3462 5410 3645 5468 Paulo
3693 5413 3829 5484 post

2828 5312 2843 5340 ,
2873 5272 3105 5329 desunt.

2166 5488 2202 5542 2
2232 5482 2411 5560 insi,
2435 5483 2540 5542 εἷ’τε
2562 5483 2840 5560 Ἰουδαῖοι,
2863 5483 2979 5560 ἐἴτε
3007 5482 3356 5560 ἀλλόπιστρι.

2240 5559 2351 5631 (52)
2383 5551 2523 5633 Reg.
2553 5560 2611 5630 2,
2629 5559 2696 5633 et
2724 5551 2836 5629 τῆν’
2859 5556 3117 5633 διαίρεσιν
3147 5557 3237 5613 καὶ
3269 5554 3340 5611 δι’
3378 5551 3632 5628 α’ίματος.
3665 5554 3819 5614 Pau-

2165 5630 2220 5689 lo
2249 5630 2384 5706 post
2409 5630 2586 5703 idem,
2616 5630 3025 5711 ἀνατρέπονται.
