4132 6378
264 433 389 490 621

1239 421 1756 494 ΟΠᾸΕΒΤῙΟΝΕΞ
1801 420 1903 480 ΑΙ)
1950 417 2416 482 ANTIOCHUM
2460 421 2758 482 DUCEM.

3584 429 3703 490 622

260 560 494 636 κλόγων
526 556 710 623 θυσίαν
755 560 872 628 Θεῷ
900 559 1255 629 προσαγαγεῖν
1287 552 1624 626 νομίζοντες,
1653 554 1754 621 τήν
1788 550 1935 606 ἀναί-

2054 556 2110 607 et
2137 552 2498 608 irrationalia
2525 554 2807 609 animalia
2837 560 2949 612 Deo
2979 573 3041 612 se
3089 557 3443 615 sacriﬁcium
3488 562 3696 618 offerre

268 671 477 724 μακτον
527 647 711 703 Θυσίαν
767 647 1011 720 Χριστοῦ
1059 642 1410 718 ἀνατρέπουσι
1460 641 1548 696 καὶ
1603 638 1936 717 βδελύσσον-

261 759 380 795 ται·
424 737 568 792 οὕτω
617 736 814 798 πάντες
868 735 920 788 οἱ
967 736 1066 801 τὴν
1120 733 1289 808 σάρκα
1335 730 1784 806 περιτεμνόμενοι
1833 729 1932 796 τὴν

266 828 646 902 πνευματικὴν
697 825 1031 900 περιτομὴν,
1080 819 1252 897 ἤγουν
1301 822 1365 876 τὸ
1423 821 1577 895 ἅγιον
1633 818 1933 894 βάπτισμα,

269 916 593 992 λοιδοροῦσι
667 915 760 969 καὶ
838 910 1311 988 ἀποστρέφονται·
1373 909 1463 964 καὶ
1550 906 1714 963 πάλιν
1794 906 1934 962 ἄλλο

270 1006 492 1079 ὅμοιον.
526 1003 641 1062 Οὐκ
670 1003 721 1058 έν
752 1007 833 1075 τῷ
861 1001 1019 1074 νόμῳ
1049 1001 1076 1054 ὂ
1100 999 1331 1075 Χριστὸς
1369 999 1461 1052 τὸν
1497 992 1753 1052 διάϐολον
1806 1016 1934 1050 κατ-

272 1097 490 1171 ήργησε
531 1093 619 1148 καὶ
663 1096 793 1153 τοὺς
843 1087 1127 1162 δαίμονας,
1162 1085 1286 1142 οὐδὲ
1327 1087 1378 1140 έν
1426 1085 1574 1158 αὐτῷ
1618 1086 1717 1152 τὴν
1753 1105 1932 1153 σωτη-

278 1185 394 1259 ρίαν
428 1184 734 1260 εἰργάσατο·
769 1178 897 1235 ἀλλ’
931 1177 984 1233 ἐν
1032 1181 1112 1249 τῷ
1159 1180 1395 1268 σταυρῷ.
1634 1173 1803 1268 νόμον
1841 1172 1936 1244 μὲν

281 1256 537 1349 δρῶντες-
566 1273 618 1326 οἱ
665 1269 916 1342 δαίμονες
969 1266 1032 1322 οὐ
1081 1265 1372 1340 τρέμουσιν
1434 1261 1563 1318 οὐδὲ
1615 1256 1929 1339 φοϐοῦνταγ

286 1362 511 1435 σταυρὸν
546 1357 604 1414 δὲ
631 1358 901 1418 πολλάκις
933 1357 1168 1430 ὁρῶντες
1223 1354 1484 1431 τρέμουσι
1532 1353 1621 1406 καὶ
1672 1349 1932 1427 φεύγουσι

287 1452 378 1504 καὶ
409 1453 796 1526 καταργοῦνται
825 1447 912 1502 καὶ
943 1443 1254 1500 διώκονται.

364 1540 557 1615 Ἐρώτ.
597 1525 714 1601 λθᾍ
764 1539 872 1594 Τοῦ
919 1537 1050 1590 Θεοῦ
1095 1531 1186 1588 διὰ
1229 1537 1334 1587 τῶν
1380 1533 1675 1610 προφητῶν
1727 1525 1935 1602 ἐπιτρέ-

290 1648 510 1700 ποντος,
547 1627 623 1700 μή
672 1629 980 1700 προσκυνεῖν
1037 1621 1420 1699 χειροποίητα,
1481 1617 1568 1674 διὰ
1608 1617 1662 1673 τί
1691 1637 1936 1692 προσκυ-

287 1721 483 1789 νοῦμεν
533 1714 741 1776 εἰκόνας
798 1714 886 1768 καὶ
947 1713 1198 1788 σταυρὸν,
1257 1709 1384 1788 ἔργα
1439 1708 1702 1764 τεκτόνων
1761 1707 1930 1782 ὑπάρ-

285 1825 476 1880 χοντα,
507 1804 685 1865 καθὼς
713 1802 802 1857 καὶ
831 1805 900 1856 τὰ
931 1799 1135 1857 εἷ’δωλα
1162 1800 1522 1877 τυγχάνουσιν
1557 1800 1669 1871 (53)
1704 1815 1718 1865 ;

2046 641 2428 709 arbitrantur,
2462 643 2837 700 incruentum
2877 645 3094 702 Christi
3141 647 3500 705 sacriﬁcium
3532 667 3692 706 ever-

2047 735 2178 784 tunt
2206 735 2263 785 et
2311 731 2730 788 abominantur
2780 751 2791 786 :
2840 734 2922 789 ita
2964 752 3170 792 omnes
3223 736 3324 808 qui
3371 754 3546 794 carne
3579 741 3691 796 cir-

2045 818 2856 890 cumciduntur,spiritualem
2890 823 3396 882 circumeisionem
3428 827 3547 882 sive
3569 845 3699 884 san-

2046 912 2204 963 ctum
2237 909 2530 979 baptisma
2561 911 2920 966 contumelia
2949 913 3217 970 afﬁciunt
3243 921 3301 970 et
3330 922 3694 973 aversantur.

2046 995 2218 1051 Aliud
2249 1013 2456 1052 rursus
2487 997 2833 1054 simile.Non
2865 1001 2924 1054 in
2950 1000 3076 1072 lege
3095 1001 3366 1058 Christus
3396 1004 3700 1060 diabolum

2043 1089 2100 1140 et
2124 1086 2418 1141 daemones
2447 1087 2783 1157 prostravit,
2837 1104 3026 1159 neque
3071 1091 3128 1145 in
3179 1107 3249 1146 ea
3299 1091 3553 1149 salutem
3606 1097 3697 1150 est

2043 1178 2355 1245 operatus;
2389 1175 2490 1230 sed
2514 1175 2572 1229 in
2604 1192 2794 1231 cruce.
2828 1176 2993 1233 Unde
3039 1178 3228 1251 legem
3271 1182 3565 1238 daemones
3613 1184 3696 1238 vi-

2044 1264 2268 1333 dentes,
2298 1280 2414 1319 non
2464 1268 2727 1319 tremunt
2767 1281 2872 1321 nec
2926 1268 3178 1336 timent;
3213 1286 3446 1326 crucem
3496 1275 3695 1327 autem

2045 1369 2197 1423 saepe
2227 1357 2530 1408 cernentes
2560 1357 2822 1410 tremunt
2859 1356 3213 1428 abeuntque,
3247 1364 3698 1430 prosternuntur

2043 1447 2101 1497 et
2131 1443 2429 1513 iugantur.

2115 1533 2330 1595 Quzsr.
2364 1530 2607 1588 XXXIX.
2642 1533 2788 1588 Cum
2837 1534 3007 1590 Deus.
3040 1551 3144 1606 per
3187 1536 3501 1609 prophetas
3549 1555 3694 1610 prai-

2045 1620 2224 1692 cipiat
2253 1636 2322 1676 ne
2356 1637 2531 1693 opera
2563 1638 2742 1677 manu
2782 1622 2934 1678 facta
2965 1624 3298 1697 adoremus,
3348 1643 3451 1683 cur
3480 1627 3695 1700 imagi-

2045 1725 2148 1764 nes
2179 1715 2234 1764 et
2264 1725 2496 1765 crucem
2529 1711 2867 1778 adoramus,
2919 1729 3048 1783 qua)
3093 1721 3235 1770 sunt
3282 1732 3460 1787 opera
3509 1718 3696 1772 artiﬁ-

2043 1813 2200 1866 cum,
2231 1815 2348 1854 non
2381 1815 2550 1854 secus
2581 1816 2646 1854 ac
2679 1800 2809 1871 ipsa
2837 1801 3043 1857 idola?

355 1893 549 1950 Ἀπόκ.
585 1891 708 1968 Οὐχ
756 1893 830 1953 ὡς
878 1890 1030 1952 θεοὺς
1071 1893 1482 1965 προσκυνοῦμεν
1510 1886 1605 1948 τὰς
1639 1885 1849 1946 εἰκόνας
1882 1883 1933 1938 οἰ

453 1982 464 1996 1
602 1982 615 1996 ε
727 1979 738 1996 ι
925 1981 936 1996 ι
987 1979 1000 1996 ε
1119 1979 1132 1996 ε
1196 1975 1326 1996 ηι-ΊἿῚ
1489 1994 1498 1996 _
1571 1972 1657 1996 ’ΚΝ
1683 1975 1704 1996 ,\_
1770 1972 1931 1996 d1“-..

2123 1888 2296 1943 Rasr.
2329 1888 2446 1944 Nos
2485 1888 2688 1945 ﬁdeles
2734 1889 2978 1946 minime
3021 1893 3334 1950 adoramus
3381 1895 3694 1967 imagines,

275 1982 485 2037 πιστοί·
551 1982 625 2054 μὴ
685 1979 936 2056 γένοιτοί
971 1979 1046 2042 ὡς
1087 1979 1139 2033 οἱ
1196 1975 1499 2047 ’Έλληνεςο
1561 1972 1707 2031 ἀλλὰ
1766 1972 1932 2045 μόνον

272 2073 378 2140 τήν
412 2069 596 2146 σχέσιν
649 2067 739 2124 καί
788 2069 886 2138 τὴν
946 2067 1160 2144 ἀγάπην
1219 2073 1319 2135 τῆς
1377 2069 1565 2140 ψυχῆς
1613 2065 1773 2135 ἡμῶν
1831 2067 1934 2130 τῆς

274 2162 416 2238 πρὸς
461 2160 552 2215 τὸν
605 2165 930 2235 χαρακτῆρα
975 2164 1074 2227 τῆς
1123 2155 1329 2218 εἰκόνος
1382 2153 1744 2232 ἐμφανίζομεν
1800 2152 1929 2223 (54)·

275 2237 398 2314 ὅθεν
436 2247 708 2310 πολλάκις
738 2252 837 2303 τοῦ
867 2253 1216 2323 χαρακτῆρος
1254 2243 1614 2311 λειανθέντος,
1648 2243 1722 2302 ὡς
1772 2237 1930 2310 ξύλον

275 2339 445 2415 ἀργὸν
507 2337 703 2392 λοιπὸν
763 2338 865 2406 τήν
924 2358 1057 2391 ποτε
1104 2333 1285 2390 εἰκόνα
1330 2333 1573 2406 καίομεν.
1616 2330 1719 2415 Καὶ
1752 2329 1932 2402 ὥσπερ

275 2422 474 2482 Ἰακὼϐ
510 2424 732 2500 μέλλων
761 2425 1014 2496 τελευτᾷν
1051 2424 1138 2479 ἐπὶ
1168 2422 1229 2480 τὸ
1261 2425 1425 2496 ἄκρον
1451 2428 1550 2492 τῆς
1599 2414 1822 2497 ῥάϐδου,
1856 2421 1934 2489 τῷ

274 2517 482 2594 Ἰωσὴφ
539 2514 960 2592 προσεκύνησεν,
1021 2513 1083 2568 ού
1138 2514 1237 2582 τήν
1300 2506 1499 2588 ῥάϐδον
1545 2513 1749 2582 τιμῶν,
1787 2505 1934 2594 ἀλλὰ

272 2607 368 2660 τὸν
424 2593 626 2675 ταύτην
682 2603 1003 2679 κατέχοντα’
1063 2601 1207 2658 οὕτω
1262 2602 1352 2657 καὶ
1411 2601 1463 2656 o't
1519 2597 1702 2654 πιστοί
1753 2596 1814 2650 ού
1862 2593 1932 2649 δι’

272 2693 460 2771 ἕτερόν
492 2715 612 2748 τινα
640 2693 842 2769 τρόπον
873 2692 966 2755 τὰς
1001 2691 1210 2754 εἰκόνας
1242 2689 1611 2763 ἀσπαζόμεθα,
1646 2686 1692 2742 εἰ
1726 2686 1802 2759 μὴ
1844 2682 1933 2739 διὰ

275 2784 448 2848 πόθον
483 2781 559 2838 ὧν
590 2782 976 2861 έμφανίζομεν·
1020 2785 1182 2836 τοῦτο
1231 2785 1513 2841 ποιοῦντες
1558 2780 1694 2850 (55),
1726 2776 1800 2837 ὡς
1839 2773 1929 2829 καὶ

274 2874 514 2946 πατέρας
556 2872 645 2926 καὶ
696 2870 890 2948 φίλους
939 2869 1306 2942 ἀσπαζόμεθα·
1361 2869 1539 2934 καθὼς
1584 2866 1675 2922 καὶ
1719 2866 1772 2920 οὶ
1800 2871 1949 2920 Ἴου-ε

273 2960 424 3017 δαῖοί
454 2982 587 3016 ποτε
614 2960 709 3022 τὰς
736 2963 833 3014 τοῦ
861 2959 1034 3032 νόμου
1081 2956 1316 3032 πλάκας,
1349 2959 1439 3013 καί
1483 2957 1550 3012 τὰ
1581 2954 1675 3010 δύο
1726 2973 1928 3030 χερου-

273 3047 385 3125 ὗίμ
412 3051 479 3105 τὰ
508 3055 689 3126 χρυσᾶ
715 3049 804 3103 καὶ
848 3051 916 3103 τὰ
965 3048 1183 3125 γλυπτὰ
1211 3047 1594 3125 προσεκύνουν,
1629 3043 1691 3100 οὐ
1719 3047 1927 3117 τιμῶν-

267 3161 364 3203 τες
395 3141 493 3209 τήν
524 3137 622 3194 τοῦ
653 3138 811 3202 λίθου
840 3138 929 3193 καὶ
960 3137 1196 3214 χρυσίου
1229 3137 1408 3209 φύσιν,
1441 3135 1587 3192 ἀλλὰ
1633 3135 1723 3190 τὸν
1763 3137 1930 3188 ταῦτα

269 3229 637 3305 ἐπιτρέψαντα
693 3226 937 3303 γενέσθαι
998 3226 1215 3302 Κύριον.
1271 3228 1339 3284 Οἱ
1397 3225 1454 3281 δὲ
1503 3225 1554 3296 ἐξ
1611 3221 1929 3292 ἀλαζονείας

2050 1982 2332 2050 tanquam
2378 1979 2536 2046 deos,
2590 1985 2654 2034 ut
2700 1981 2950 2051 gentiles
2984 1997 2997 2036 :
3030 1982 3226 2038 absitl
3281 1985 3383 2040 sed
3434 1990 3696 2040 tantum-

2045 2067 2219 2124 modo
2251 2068 2522 2123 aﬁ'ectum
2555 2073 2612 2122 et
2636 2084 2897 2125 amorem
2929 2071 3137 2126 animas
3169 2078 3379 2129 nostrae
3408 2090 3547 2146 erga
3577 2075 3698 2131 ima

2044 2157 2198 2229 ginis
2230 2157 2478 2212 formam
2527 2157 2954 2228 signiﬁcamus.
3005 2163 3394 2226 Quamobrem
3444 2162 3700 2235 plerum-

2045 2262 2177 2317 que,
2212 2245 2410 2302 ablata
2440 2252 2498 2302 et
2529 2247 2720 2304 deleta
2765 2248 2973 2320 ﬁgura,
3013 2251 3072 2306 id
3121 2253 3275 2322 quod
3309 2251 3448 2307 olim
3497 2253 3693 2325 imago

2044 2334 2175 2400 fuit,
2211 2339 2277 2389 ut
2307 2334 2513 2389 inutile
2543 2334 2772 2406 lignum
2807 2338 3234 2395 comburimus.
3287 2348 3366 2396 Ac
3414 2341 3699 2413 quemad-

2045 2423 2285 2478 modum
2315 2423 2495 2478 Jaoob
2537 2424 2880 2494 moriturus,
2922 2427 2982 2482 in
3040 2433 3300 2485 extrema
3344 2430 3509 2501 virga
3535 2434 3697 2486 Jose-

2044 2512 2226 2584 phum
2278 2512 2557 2580 adoravit,
2610 2530 2726 2568 non
2776 2515 3000 2586 virgam
3052 2517 3372 2590 honorans,
3422 2521 3524 2575 sed
3554 2535 3692 2576 eum

2043 2601 2141 2672 qui
2172 2601 2397 2673 virgam
2420 2601 2658 2656 tenebat
2691 2619 2704 2671 ;
2739 2603 2820 2658 ita
2850 2609 2907 2659 et
2955 2605 3154 2662 lideles
3204 2625 3320 2664 non
3369 2609 3484 2665 alio
3517 2610 3691 2665 modo

2039 2689 2328 2763 imagines
2358 2692 2850 2759 veneramur,nisi
2882 2695 2955 2750 ob
2989 2700 3257 2752 nostrum
3291 2715 3431 2772 erga
3458 2715 3558 2755 eos
3591 2699 3690 2755 de-

2041 2780 2346 2847 siderium,
2379 2795 2630 2850 quorum
2661 2781 2915 2853 efﬁgiem
2947 2785 3332 2856 exprimimus
3365 2804 3377 2842 :
3413 2789 3471 2842 id
3505 2805 3572 2844 ea
3593 2806 3691 2845 ra-

2038 2870 2195 2924 tione
2227 2873 2486 2939 agentes,
2521 2883 2639 2939 qua
2666 2870 2751 2924 vel
2781 2870 3018 2940 liberos,
3047 2873 3136 2930 vel
3167 2883 3439 2946 parentes
3466 2885 3524 2935 et
3542 2882 3688 2937 ami-

2039 2975 2136 3013 cos
2168 2957 2498 3012 salutamus
2533 2974 2545 3012 :
2579 2960 3078 3028 quemadmodum
3110 2963 3296 3021 Judaei
3345 2967 3484 3024 olim
3535 2970 3685 3027 duas

2040 3047 2184 3118 legis
2212 3046 2736 3119 tabulas,duosque
2766 3048 3068 3106 cherubim
3103 3070 3310 3111 aureos
3339 3060 3397 3112 et
3428 3060 3689 3132 sculptos

2041 3135 2383 3205 adorabant,
2433 3151 2550 3190 non
2599 3135 2789 3207 ipsam
2835 3136 3049 3210 lapidis
3096 3141 3185 3198 vel
3233 3145 3362 3200 auri
3413 3151 3688 3206 naturam

2042 3224 2418 3293 honorantes,
2451 3225 2550 3280 sed
2581 3225 2897 3281 Dominum
2931 3228 3031 3300 qui
3063 3230 3178 3286 ista
3199 3234 3380 3304 jussit
3409 3236 3555 3293 ﬁeri.
3580 3239 3691 3302 Qui

269 3316 747 3394 ἀποστρεφόμενοι
825 3322 1144 3393 προσκυνεῖν
1230 3318 1322 3372 τὸν
1399 3316 1624 3388 σταυρὸν
1695 3313 1783 3367 καὶ
1840 3311 1934 3372 τὰς

2054 3330 2176 3369 vero
2211 3330 2324 3384 prae
2355 3314 2633 3385 superbia
2663 3331 2895 3370 crucem
2925 3325 2984 3373 et
3031 3327 3368 3380 sanctorum
3401 3325 3692 3399 imagines

272 3408 483 3468 εἰκόνας
514 3409 651 3480 (56),
703 3404 1001 3482 λεγέτωσαν
1054 3405 1106 3460 οἰ
1156 3405 1380 3476 ἀνόητοι
1427 3409 1544 3466 πῶς
1599 3406 1742 3478 μῦρα
1792 3398 1933 3454 πολ-

275 3498 435 3560 λάκις
470 3490 702 3557 ἕϐλυσαν
736 3496 790 3548 αἱ
823 3495 968 3571 ἅγιαι
1018 3491 1240 3562 εἰκόνες,
1276 3495 1496 3568 δυνάμει
1543 3491 1740 3566 Κυρίου
1775 3509 1788 3559 ;
1818 3492 1936 3550 πῶς

282 3587 446 3663 βέλος
506 3583 766 3658 δεξαμένη
828 3584 1040 3660 ἄψυχος
1098 3585 1301 3655 στήλη,
1334 3585 1408 3646 ὡς
1466 3581 1776 3655 ένσώματος
1834 3578 1936 3655 φύ-

280 3698 363 3739 σις
414 3677 528 3750 (57)
590 3675 727 3746 αἷμα
775 3671 1091 3749 παραδόξως
1141 3674 1391 3751 ἐξήγαγεν
1428 3694 1440 3744 ;
1473 3677 1592 3736 πῶς
1641 3671 1700 3726 ἐκ
1745 3672 1936 3744 σωρῶν

284 3766 376 3821 καί
408 3763 682 3838 λειψάνων
713 3763 801 3817 καὶ
835 3762 1057 3818 εἰκόνων
1103 3763 1373 3826 πολλάκις
1421 3761 1672 3835 δαίμονες
1708 3762 1940 3835 βοῶντες

293 3853 681 3909 ἀπελαύνονται
715 3849 846 3921 ;⁹ίνα
895 3850 953 3907 δὲ
997 3852 1124 3915 τοὺς
1167 3851 1398 3930 ἄφρονας
1452 3850 1789 3926 ἐντρέψωμεν
1851 3845 1940 3902 ἐπὶ

295 3941 506 4010 πλεῖον,
555 3941 783 3997 ἄκουσον
819 3937 982 4017 λόγον
1029 3941 1088 3996 έκ
1133 3943 1378 4020 πατέρων
1421 3945 1583 4015 ἡμῶν
1614 3936 1943 4014 διηγηθέντα

294 4031 424 4105 περί
452 4029 676 4092 εἰκόνος.
711 4031 834 4087 ’Ότι
868 4029 919 4085 ἰν
953 4030 1359 4108 Ἱεροσολύμοις
1387 4031 1494 4085 τινὶ
1536 4034 1642 4084 τῶν
1691 4028 1940 4096 ἀσκητῶν

291 4117 568 4174 ἐπετίθετο
613 4119 700 4174 καὶ
754 4116 1058 4196 διηνώχλει
1090 4122 1117 4175 ὁ
1148 4121 1388 4196 πονηρὸς
1445 4116 1655 4192 δαίμων
1690 4118 1821 4189 (58).
1856 4117 1940 4169 Ἐν

295 4214 400 4283 μιᾷ
430 4205 525 4264 οὖν
576 4207 810 4287 φαίνεται
861 4207 1009 4283 αύτῷ
1059 4210 1245 4272 αίταῖς
1294 4207 1447 4284 ὄψεσι
1495 4209 1557 4263 τὸ
1595 4212 1827 4280 πνεῦμα,
1861 4205 1948 4260 λέ-

292 4321 431 4374 γων,
466 4297 568 4365 ὅτι,
603 4297 688 4354 ἐὰν
716 4296 876 4373 θέλῃς
903 4296 993 4354 ἵνα
1027 4302 1102 4373 μή
1137 4321 1194 4355 σε
1221 4300 1474 4373 πολεμῶ,
1513 4301 1587 4368 μὴ
1635 4297 1950 4374 προσκυνή-

293 4410 390 4463 σῃς
415 4390 515 4459 τήν
548 4388 731 4444 εἰκόνα
777 4388 1002 4460 ταύτην,
1053 4391 1142 4444 καὶ
1187 4389 1482 4468 ἀφίσταμαι
1529 4389 1635 4444 ἀπὸ
1685 4391 1801 4442 σοῦ.
1851 4387 1951 4442 Ἦν

294 4477 353 4534 δὲ
400 4481 435 4549 ἡ
486 4478 648 4532 εἰκὼν
696 4484 796 4547 τῆς
846 4477 997 4554 ἀγίας
1052 4478 1319 4535 Θεοτόκου
1366 4481 1500 4554 (59).
1552 4478 1683 4533 Εἶτα
1727 4477 1780 4531 τί
1825 4497 1951 4553 φασι

291 4568 432 4643 πρὸς
462 4572 632 4622 ταῦτα
685 4567 737 4621 οἱ
787 4565 1165 4642 ἐπιτρέποντες
1218 4569 1294 4641 μὴ
1345 4572 1664 4644 προσκυνεῖν
1694 4566 1821 4628 τοὺς
1855 4585 1955 4641 χα-

295 4664 572 4732 ρακτῆρας
649 4660 758 4711 τῶν
830 4655 1051 4732 ἁγίων,

296 4746 465 4820 μόνον
499 4746 862 4820 έκτυποῦμεν,
893 4747 983 4802 καὶ
1015 4747 1076 4802 οὐ
1107 4745 1175 4802 δι’
1207 4744 1389 4823 ἕτερον
1438 4742 1642 4824 τρόπον
1679 4765 1691 4812 ;
1723 4746 1812 4800 καὶ
1859 4744 1951 4798 οῦ-

291 4856 376 4888 τω
439 4835 536 4908 μὲν
593 4835 717 4910 περί
775 4834 994 4890 εἰκόνων
1056 4834 1146 4892 διὰ
1205 4838 1456 4913 βραχέων
1517 4837 1700 4912 λόγος.
1749 4837 1849 4889 Τὸν
1901 4832 1959 4889 δὲ

297 4925 531 4999 σταυρὸν
563 4922 874 4999 πρόδηλον,
909 4924 991 4980 ὅτι
1041 4922 1129 4981 διὰ
1175 4928 1265 4982 τὸν
1317 4926 1687 5003 σταυρωθέντα
1727 4925 1777 4980 ἐν
1811 4923 1958 4995 αὐτῷ

295 5013 535 5089 Χριστὸν
567 5018 979 5089 προσκυνοῦμεν
1009 5017 1062 5070 οἱ
1092 5016 1276 5072 πιστοὶ
1307 5017 1394 5072 καί
1428 5015 1797 5090 ἀσπαζόμεθα.

379 5194 576 5270 Ἐρώτ.
614 5195 688 5267 μ’.
739 5193 967 5264 Οὐκοῦν,
1008 5192 1196 5264 ἐπειδὴ
1251 5196 1338 5252 καὶ
1391 5195 1467 5258 εἰς
1519 5191 1640 5250 ὄνον
1672 5195 1700 5249 ὁ
1733 5191 1964 5266 Χριστὸς

530 5319 672 5395 Beg.
694 5323 750 5387 2,
782 5322 838 5389 3,
868 5321 1146 5395 τυγχάνει.

382 5391 498 5462 (54)
530 5390 1032 5476 Ιιθίιῃειουεοιιὶῥζί
1063 5393 1328 5476 quidam.
1360 5395 1514 5476 Editi
1548 5413 1701 5466 vero,
1736 5390 1965 5472 ἐμφανίη

307 5461 500 5540 (alter
533 5465 624 5540 καὶ
656 5461 860 5540 ὥσπερ,
893 5461 1134 5540 omissis
1163 5465 1431 5540 reliquis.

384 5533 499 5607 (55)
530 5535 624 5614 S_ic
655 5533 921 5614 manusc.
973 5537 1235 5610 quidam.
1281 5533 1432 5594 Editi
1479 5556 1633 5606 vero,
1687 5533 1970 5614 έμφανιζό-

311 5616 470 5681 μεθ-α,
483 5610 647 5681 τοῦτο
679 5612 983 5670 ποιοῦντες.

387 5679 502 5770 (56)
538 5680 679 5770 I363.
705 5682 740 5735 2
765 5686 823 5738 et
854 5682 909 5751 3,
959 5679 1170 5741 εἰκόνας
1212 5682 1320 5734 τῶν
1357 5679 1545 5757 ἁγίων.
1578 5682 1647 5738 Et
1692 5682 1867 5755 in-fra,
1915 5679 1972 5732 αὶ

311 5748 491 5825 ἁγίων
521 5748 740 5814 εἰκῶες.

2045 3404 2286 3458 adorare
2317 3403 2638 3474 refugiunt,
2670 3403 2872 3460 dicant
2902 3407 3070 3462 stulti
3099 3414 3392 3481 quomodo
3416 3431 3530 3471 non
3563 3433 3693 3473 raro

2045 3509 2075 3548 e
2126 3493 2309 3548 sacris
2358 3491 2740 3563 imaginibus,
2811 3495 2904 3548 Dei
2955 3497 3192 3570 virtute,
3248 3504 3544 3560 manarint
3594 3523 3696 3561 un-

2047 3580 2309 3655 guenta?
2340 3582 2634 3650 quomodo
2666 3582 2994 3640 inanimata
3039 3592 3237 3645 statua
3279 3591 3392 3647 telo
3425 3595 3698 3652 confossa

2048 3670 2423 3743 sanguinem,
2456 3668 2616 3725 velut
2646 3686 2923 3744 corporea
2952 3679 3543 3744 natura,mirabiliter
3562 3700 3696 3756 pro-

2048 3758 2311 3816 fuderit?
2336 3759 2624 3828 quomode
2654 3761 2922 3829 tumulis,
2955 3763 3218 3836 reliquiis
3249 3772 3308 3824 et
3340 3769 3698 3842 imaginibus

2050 3865 2201 3920 saepe
2230 3849 2527 3903 daemones
2566 3847 2889 3906 clamantes
2937 3855 3351 3925 expellantur?
3383 3864 3455 3916 Ut
3499 3868 3698 3920 autem

2049 3939 2292 3993 insanos
2323 3937 2509 4006 magis
2537 3939 3136 4012 conl’undamus,audi
3157 3961 3489 4005 sermonem
3522 3967 3700 4024 quem

2054 4030 2248 4099 patres
2277 4024 2458 4080 nostri
2488 4024 2560 4080 de
2591 4028 2845 4096 quadam
2879 4027 3136 4102 imagine
3168 4043 3569 4095 narraverunt.
3601 4041 3700 4098 Je-

2055 4114 2366 4186 rosolymis
2397 4114 2631 4169 cuidam
2665 4122 2869 4172 ascetae
2909 4118 3303 4180 insidiabatur
3330 4131 3388 4182 et
3417 4128 3705 4187 molestus

2057 4209 2181 4260 erat
2211 4201 2404 4257 malus
2430 4202 2951 4267 daemon.Quodam
2977 4208 3130 4264 236
3161 4211 3342 4282 igitur
3372 4216 3465 4272 die
3487 4219 3538 4273 ei
3557 4218 3708 4291 ipsis

2059 4291 2247 4349 oculis
2275 4292 2567 4346 videndus
2598 4297 2840 4364 apparet
2869 4295 3115 4365 spiritus
3138 4301 3300 4355 aiens
3335 4318 3348 4356 :
3383 4303 3442 4358 Si
3476 4306 3617 4362 velis
3642 4311 3708 4365 ut

2060 4386 2117 4437 te
2148 4397 2262 4436 non
2292 4379 2659 4452 impugnem,
2694 4381 2812 4436 noli
2862 4383 3013 4439 hanc
3063 4387 3303 4444 adorare
3360 4390 3706 4468 imaginem,

2063 4475 2120 4526 et
2150 4488 2181 4525 a
2211 4474 2267 4525 te
2285 4468 2605 4524 discedam.
2621 4469 2759 4525 Erat
2770 4475 2964 4527 autem
2984 4480 3199 4530 sanctae
3215 4477 3315 4532 Dei
3325 4495 3475 4550 paras
3498 4482 3710 4555 imago.

2065 4558 2212 4626 Quid
2264 4557 2335 4613 ad
2386 4556 2506 4612 haec
2540 4556 2854 4614 dicendum
2889 4560 3108 4618 habent
3147 4563 3185 4619 ii
3226 4567 3327 4637 qui
3374 4575 3716 4630 sanctorum

1114 4657 1311 4733 οὕσπερ
1373 4655 1442 4712 δι’
1501 4658 1808 4730 ὑπόμνησιν
1861 4655 1939 4710 κα⁴

2064 4647 2290 4720 efﬁgies
2321 4651 2520 4702 vetant
2567 4647 2832 4714 adorare,
2883 4666 3034 4721 quas
3087 4655 3381 4712 memorias
3427 4659 3716 4717 duntaxat

2065 4753 2389 4807 causa,non
2421 4734 2596 4791 aliam
2610 4736 2683 4792 ob
2715 4738 3006 4795 rationem
3027 4741 3318 4801 efﬁcimus
3338 4744 3365 4800 ?
3383 4753 3576 4820 Atque
3597 4751 3720 4808 haec

2068 4826 2304 4898 quidem
2340 4825 2589 4880 breviter
2637 4825 2708 4881 de
2751 4826 3115 4900 imaginibus
3165 4835 3321 4890 dicta
3368 4838 3508 4894 sint.
3555 4840 3720 4903 Quod

2070 4921 2267 4972 autem
2300 4931 2407 4970 nos
2431 4913 2634 4970 ﬁdeles
2665 4932 2898 4972 crucem
2927 4919 3248 4980 adoramus
3277 4929 3334 4980 et
3364 4927 3718 4998 salutamus,

2073 5003 2453 5060 manifestum
2482 5007 2572 5059 est
2599 5000 2660 5058 id
2689 5021 2798 5062 nos
2827 5021 2999 5077 agere
3027 5016 3266 5083 prepter
3285 5013 3586 5072 Christum
3617 5017 3722 5089 qui

2074 5096 2135 5150 in
2165 5110 2234 5149 ea
2261 5093 2474 5148 afﬁxus
2504 5098 2613 5148 est.

2149 5185 2373 5248 Qunam.
2407 5181 2519 5236 XL.
2555 5181 2741 5252 Igitur
2772 5201 2906 5240 cum
2956 5186 3225 5246 Christus
3275 5207 3511 5264 quoque
3557 5194 3723 5252 asino

2131 5309 2263 5401 '(57)
2322 5309 2406 5363 Ita
2455 5297 2695 5378 quidam
2753 5326 2896 5366 mss.
2959 5312 3110 5367 Editi
3169 5329 3300 5371 vero
3334 5357 3348 5384 ,
3405 5312 3458 5369 ἐν
3513 5317 3726 5392 σώματι

2296 5449 2436 5522 Reg.
2469 5451 2522 5520 3,
2557 5448 2584 5502 ὁ
2616 5451 2878 5526 πορνικὸς
2909 5448 3140 5526 δαίμων.

2153 5541 2261 5611 (59)
2285 5539 2431 5613 ΗΕΒ..
2473 5543 2527 5593 2.
2574 5537 2730 5613 Εἶχε,
2759 5537 2816 5594 δὲ
2867 5543 2901 5610 ἡ
2952 5541 3111 5596 εἰκὼν
3138 5542 3229 5597 τὸν

2081 5605 2531 5690 ἁγίαςβεοῖόκου
2568 5605 2901 5684 βαστάζοντά
2926 5615 3015 5667 τὸν
3065 5615 3258 5690 Κύριον

2080 5682 2335 5762 Χριστόν.

3323 5549 3602 5622 αρακτῆρα
3628 5556 3730 5620 τῆς

3350 5621 3466 5688 μῶν
3519 5621 3732 5692 Ἰησοῦν
