4132 6386
445 418 566 478 623

1624 419 1688 477 S.
1736 414 2255 477 ATHANASIUS.
2279 449 2351 459 —-
2386 417 2693 479 SPUBIA.

3759 425 3890 484 624

452 548 753 610 insederit,
786 548 1071 607 debemus
1102 549 1281 606 etiam
1313 548 1510 606 asinos
1542 548 1800 606 salutare
1832 565 1900 606 ac
1926 564 2077 605 vene

2210 545 2538 622 ἐπεκάθισεν,
2575 545 2868 627 ὀφείλομεν
2922 548 3117 606 λοιπὸν
3165 550 3257 607 καὶ
3286 549 3416 614 τοὺς
3455 545 3614 616 ὅνους
3640 552 3882 624 ἀσπάζεο

451 638 567 695 rari
600 642 624 694 ξ’
652 642 783 697 Hec
812 639 970 697 enim
1003 641 1174 698 nobis
1205 640 1491 713 objiciunt
1520 640 1707 698 Judaei
1739 645 1797 696 et
1828 637 2097 713 gentiles.

521 819 693 877 Rssr.
722 824 850 878 Non
880 821 940 878 in
971 822 1138 879 asino
1168 820 1434 878 Christus
1464 818 1766 878 diabolum
1797 822 1855 876 et
1881 820 2100 875 daemo-

451 924 558 966 nes
587 909 818 980 devicit,
850 927 1043 983 neque
1071 911 1131 968 in
1161 927 1228 969 eo
1259 910 1512 968 salutem
1542 914 1633 967 est
1670 914 1972 982 operatus,
1997 907 2099 964 sed

450 997 515 1053 in
542 1014 735 1057 cruce.
760 1000 922 1058 Unde
950 1018 1087 1057 cum
1141 1002 1340 1058 asinos
1381 1001 1584 1058 vident
1635 1000 1951 1069 daemones,
1982 1014 2099 1055 non

448 1091 715 1146 tremunt
744 1107 849 1147 nec
900 1092 1222 1148 formidant
1255 1108 1267 1144 :
1300 1095 1360 1146 at
1417 1107 1553 1145 cum
1593 1107 1827 1145 crucem
1875 1088 2098 1159 vident,

449 1192 603 1250 saepe
629 1184 913 1251 tremunt,
943 1180 1205 1249 horrent,
1235 1184 1585 1237 sternuntur
1614 1195 1680 1235 ao
1712 1180 2010 1251 fugantur.

516 1358 743 1423 Qums'r.
776 1360 908 1416 XLI.
941 1362 1067 1427 Qua
1112 1360 1185 1416 de
1226 1375 1409 1416 causa
1451 1374 1558 1415 nos
1615 1356 1820 1416 ﬁdeles
1869 1371 2093 1427 omnes,

446 1463 668 1515 cruces,
699 1449 913 1506 Christi
943 1448 1136 1505 crucis
1175 1447 1485 1520 imagines,
1538 1446 1879 1521 efﬁngimus
1911 1462 1923 1501 :
1958 1462 2095 1503 san-

445 1541 550 1592 cta
596 1542 793 1595 autem
836 1539 964 1610 ejus
1010 1538 1243 1608 lanceas,
1293 1537 1606 1594 arundinis
1650 1535 1910 1609 spongiae
1952 1536 2096 1593 ima-

441 1624 610 1697 gines
640 1642 755 1685 non
783 1627 1077 1685 efﬁcimus
1097 1627 1125 1683 ?
1156 1627 1288 1685 Haec
1315 1626 1475 1684 enim
1506 1641 1671 1699 seque
1702 1630 1843 1683 sunt
1890 1629 2095 1683 sancta

445 1732 513 1772 ac
541 1732 682 1773 crux
710 1717 861 1790 ipsa.

514 1810 686 1863 Rsss.
719 1807 923 1864 Crucis
953 1808 1204 1880 ﬁguram
1246 1823 1313 1863 ex
1340 1806 1574 1864 duobus
1609 1806 1790 1880 lignis
1821 1806 2092 1879 compin-

2210 637 2328 692 σθαι
2360 639 2473 711 (60)
2506 656 2522 707 ;
2548 643 2718 693 Τοῦτο
2746 638 2848 716 γάρ
2874 640 3012 715 πρὸς
3038 642 3189 715 ἡμᾶς
3221 639 3470 720 λέγουσιν
3503 642 3556 699 οἱ
3588 640 3875 701 Ἰουδαίων

2210 726 2300 782 καὶ
2330 725 2616 799 Ἑλλήνων
2649 727 2865 792 παῖδες.

2282 813 2475 874 Ἀπόκ.
2508 818 2624 876 Οὐκ
2652 817 2704 874 ἐν
2738 824 2816 892 τῷ
2844 814 2953 894 ὄνῳ
2979 821 3073 876 τὸν
3115 816 3379 879 διάϐολον
3412 824 3442 879 ὁ
3471 823 3707 901 Χριστὸς
3734 845 3877 881 κατ-

2208 907 2423 983 ήργησε
2447 908 2537 963 καὶ
2567 909 2695 971 τοὺς
2740 906 3021 984 δαίμονας,
3072 908 3198 967 οὐδὶ
3239 910 3292 967 ἐν
3340 911 3489 986 αύτῷ
3538 914 3638 983 τὴν
3684 935 3877 986 σωτη-

2210 994 2325 1069 ρίαν
2359 996 2667 1072 εἰργάσατο,
2715 996 2846 1055 ἀλλ’
2890 998 2944 1055 ἐν
2990 1004 3073 1073 τῷ
3116 1006 3351 1078 σταυρῷ.
3384 1004 3539 1066 Ὅθεν
3570 997 3729 1067 ὄνους
3766 1005 3873 1078 μὲν

2208 1086 2442 1160 ὁρῶντες
2487 1087 2539 1141 οἱ
2587 1085 2841 1161 δαίμονες
2892 1087 2955 1144 οὐ
3002 1089 3316 1166 τρέμουσιν,
3367 1089 3494 1148 οὐδὲ
3542 1087 3870 1172 φοϐοῦνται·

2209 1175 2436 1251 σταυρὸν
2464 1172 2521 1231 δὲ
2550 1176 2826 1242 πολλάκις
2880 1180 3111 1255 ὁρῶντες
3159 1181 3421 1256 τρέμουσι
3469 1182 3562 1238 καὶ
3609 1183 3872 1262 φρίττου-

2207 1284 2259 1318 σι
2288 1266 2424 1338 (61),
2455 1264 2547 1321 καὶ
2576 1271 2965 1344 καταργοῦνται
2996 1268 3088 1325 καὶ
3119 1266 3431 1330 διώκονται.

2276 1355 2473 1431 Ἐρώτ.
2509 1357 2616 1429 μα’.
2646 1356 2801 1419 Τίνος
2834 1354 2892 1413 δὲ
2920 1359 3085 1436 χάριν
3118 1360 3171 1414 οἱ
3201 1361 3389 1416 πιστοὶ
3440 1362 3670 1426 ἅπαντες
3699 1384 3869 1419 σταυ-

2205 1442 2333 1518 ροὺς
2368 1444 2464 1518 μὲν
2493 1445 2815 1510 ἀντιτύπους
2861 1452 2961 1503 τοῦ
3010 1453 3245 1527 σταυροῦ
3272 1454 3371 1506 τοῦ
3399 1451 3637 1527 Χριστοῦ
3666 1456 3868 1508 ποιοῦ-

2208 1553 2326 1607 μεν,
2355 1535 2456 1603 τῆς
2489 1531 2548 1589 δὶ
2589 1535 2742 1612 ἁγίας
2790 1535 2957 1593 αὐτοῦ
3007 1532 3249 1614 λόγχης,
3280 1540 3317 1609 ἢ
3362 1544 3464 1595 τοῦ
3513 1538 3794 1614 καλάμου,
3824 1543 3865 1611 ἢ

2201 1626 2300 1678 τοῦ
2330 1621 2594 1700 σπόγγου.
2626 1625 2885 1681 ἀντίτυπα
2914 1624 2977 1682 οὐ
3008 1626 3476 1703 κατασκευάζομεν
3505 1648 3520 1701 ;
3554 1633 3725 1707 ’Ἅγια
3753 1630 3866 1708 γὰρ

2202 1713 2305 1769 εἶσι
2333 1715 2424 1770 καὶ
2454 1718 2624 1771 ταῦτα
2650 1716 2787 1772 καθὰ
2814 1717 2906 1773 καὶ
2936 1718 2965 1773 ὁ
2996 1720 3246 1796 σταυρός.

2272 1804 2461 1862 Ἀπόκ.
2521 1805 2628 1863 Τὸν
2688 1806 2785 1880 μὲν
2826 1811 2925 1862 τοῦ
2984 1813 3219 1884 σταυροῦ
3266 1808 3435 1865 τύπον
3463 1809 3524 1866 ἐκ
3552 1807 3648 1866 δύο
3679 1809 3863 1884 ξύλων
3908 1804 3913 1809 ’

440 1895 658 1967 gimus,
692 1912 873 1969 quam
901 1898 1239 1954 adoramus.
1267 1901 1410 1953 Cum
1441 1913 1576 1953 vero
1606 1897 1739 1968 quis
1759 1895 2077 1953 inﬁdelium

2202 1893 2555 1958 συνάπτοντες
2602 1901 3038 1971 προσκυνοῦμεν.
3072 1897 3261 1954 Ἠνίκα
3315 1896 3371 1953 δέ
3425 1920 3510 1963 τις
3556 1902 3694 1974 ἡμῖν
3747 1906 3862 1956 τῶν

440 1984 613 2041 nobis
637 1986 984 2057 exprobrare
1004 1985 1326 2059 velit,quod
1358 1986 1587 2059 lignum
1610 1987 2088 2058 adoremus,pos-

442 2089 652 2130 sumus
697 2075 813 2131 duo
863 2075 1023 2149 ligna
1066 2076 1429 2148 disjungere,
1473 2075 1784 2147 crucisque
1835 2076 2088 2148 ﬁguram

437 2162 775 2231 dissolvere,
807 2169 985 2238 atque
1015 2170 1080 2222 ut
1108 2182 1271 2221 mera
1302 2165 1462 2238 ligna
1489 2170 1759 2236 reputare
1792 2180 1805 2219 :
1835 2165 2090 2236 indeque

437 2252 662 2308 infideli
693 2256 1047 2327 persuadere
1084 2274 1194 2311 nos
1223 2272 1339 2311 non
1388 2254 1619 2327 lignum
1667 2254 1952 2322 venerari,
1985 2255 2087 2311 sed

437 2342 629 2399 crucis
660 2344 935 2417 ﬁguram.
970 2346 1129 2401 Idem
1159 2350 1360 2401 autem
1390 2360 1557 2415 agere
1602 2361 1718 2400 non
1767 2360 2088 2417 possumus

438 2431 499 2487 in
530 2432 751 2506 lancea,
780 2434 1072 2491 arundine
1103 2440 1206 2493 aut
1237 2432 1505 2507 spongia.

510 2614 735 2678 Qwss'r.
768 2613 934 2670 XLII.
968 2614 1271 2671 Uudenam
1313 2617 1538 2669 certum
1585 2616 1676 2669 est
1718 2612 2087 2670 Christiano-

438 2717 571 2757 rum
611 2703 789 2760 ﬁdem
822 2708 1099 2777 praestare
1145 2703 1276 2760 aliis
1307 2703 1583 2761 omnibus
1626 2719 1754 2774 quae
1783 2703 1895 2759 sub
1942 2702 2086 2759 coelo

436 2792 623 2847 sunt?
650 2792 954 2864 Siquidem
986 2795 1133 2851 ﬁdes
1162 2795 1357 2851 omnis
1386 2808 1449 2850 se
1478 2792 1701 2849 caeteris
1716 2793 1905 2865 magis
1925 2792 2085 2865 piam

435 2896 566 2937 esse
593 2881 908 2938 existimat.

505 2970 679 3028 Rssr.
713 2971 898 3028 Multa
925 2971 1035 3029 hac
1063 2972 1136 3028 de
1163 2988 1225 3029 re
1253 2971 1455 3029 liceret
1483 2971 1693 3037 dicere,
1742 2970 2085 3044 prolixaque

435 3064 527 3116 est
573 3059 1040 3119 Christianorum
1105 3061 1241 3117 ﬁdei
1308 3061 1595 3134 probatio.
1643 3064 1920 3118 Attamen
1967 3061 2084 3119 du'o

432 3151 701 3221 quaedam
731 3151 903 3225 signa
931 3152 1088 3224 apud
1133 3167 1242 3207 nos
1293 3150 1590 3217 videntur,
1640 3167 1768 3222 quae
1818 3155 2082 3208 nostram

2199 1984 2437 2039 ἀπίστων
2489 1983 2848 2060 ἐγκαλέσειεν,
2899 1986 2975 2049 ὡς
3034 1986 3195 2059 ξύλον
3250 1992 3713 2065 προσκυνοῦντας,
3765 1986 3860 2044 δυ-

2196 2075 2403 2147 νάμεθα
2453 2075 2521 2129 τά
2566 2072 2661 2130 δύο
2712 2074 2846 2145 ξύλα
2896 2076 3249 2151 χωρίσαντες,
3285 2078 3376 2132 καὶ
3423 2078 3517 2132 τὸν
3566 2078 3737 2134 τύπον
3762 2084 3863 2135 τοῦ

2198 2168 2428 2238 σταυροῦ
2459 2162 2832 2233 διαλύσαντες,
2879 2166 2955 2227 ὡς
3004 2166 3144 2242 ἀργὰ
3188 2170 3357 2221 ταῦτα
3401 2168 3651 2243 ἡγεῖσθαι
3702 2167 3863 2239 ξύλα,

2196 2254 2403 2309 καὶτὸν
2457 2251 2680 2309 ἄπιστον
2732 2258 2848 2325 (62)
2898 2260 3107 2327 πεῖσαι,
3158 2254 3240 2311 ὅτι
3292 2254 3355 2310 ού
3402 2256 3467 2311 τὸ
3516 2255 3678 2330 ξύλον
3709 2253 3864 2313 σεϐό-

2200 2354 2355 2415 μεθα,
2387 2341 2533 2397 ἀλλὰ
2558 2343 2651 2399 τὸν
2681 2348 2780 2398 τοῦ
2810 2348 3042 2420 σταυροῦ
3089 2343 3281 2399 τύπον.
3315 2344 3440 2400 Ἐπὶ
3470 2342 3529 2400 δὲ
3573 2344 3793 2423 λόγχης
3823 2348 3861 2418 ἢ

2194 2430 2470 2507 καλάμου,
2524 2433 2559 2502 ἢ
2618 2432 2911 2510 σπόγγου,
2965 2437 3129 2489 τοῦτο
3183 2441 3413 2505 ποιῆσαι
3474 2436 3510 2504 ἢ
3570 2432 3739 2508 δεῖξαι
3796 2437 3860 2493 οὐ

2197 2519 2490 2596 δυνάμεθα.

2264 2615 2379 2685 (63)
2408 2611 2601 2688 Ἐρώτ.
2637 2614 2750 2687 μβ’.
2782 2613 2958 2677 Πύθεν
3006 2609 3201 2686 δῆλον,
3247 2612 3331 2669 ὅτι
3380 2618 3628 2691 κρεῖττον
3677 2616 3859 2689 πάσης

2192 2707 2294 2771 τῆς
2329 2701 2417 2756 ὑπ’
2457 2701 2686 2778 οὐρανὸν
2734 2700 2967 2765 πίστεως
3016 2702 3069 2757 οἱ
3116 2702 3430 2777 Χριστιανοὶ
3476 2705 3801 2779 πιστεύομεν
3837 2724 3852 2776 ;

2194 2796 2347 2846 Πᾶσα
2365 2790 2469 2867 γὰρ
2491 2792 2673 2854 πίστις
2700 2786 3077 2866 εὐσεϐεστέραν
3106 2791 3300 2863 ἑαυτὴν
3333 2791 3471 2849 εἶναι
3497 2793 3707 2868 νομίζει
3737 2799 3850 2850 τῶν

2194 2878 2405 2936 λοιπῶν
2435 2879 2691 2938 πίστεων.

2264 2969 2459 3027 Ἀπόκ.
2510 2968 2694 3033 Πολὺς
2741 2971 2770 3025 ὁ
2814 2969 2937 3044 περὶ
2979 2968 3178 3025 τούτου
3229 2967 3415 3047 λόγος,
3459 2969 3544 3025 καί
3592 2971 3834 3046 μακράὴ

2192 3064 2528 3133 Χριστιανῶν
2561 3062 2673 3135 (64)
2702 3059 2937 3121 πίστεως
2965 3056 3251 3122 ἀπόδοσις.
3285 3061 3471 3133 Ὅμως
3502 3055 3558 3113 δέ
3588 3054 3689 3113 δύο
3714 3059 3845 3114 τινὰ

2192 3149 2424 3224 ὁρῶντες
2454 3154 2659 3223 σημεῖα
2684 3149 2814 3225 παρ’
2854 3150 3014 3222 ἡμῖν,
3061 3149 3163 3217 τὴν
3217 3148 3383 3222 ἡμῶν
3433 3142 3699 3203 εύσέϐειαν
3750 3148 3847 3204 καὶ

432 3239 778 3311 religionem
810 3241 1030 3315 Deique
1059 3256 1199 3314 erga
1224 3257 1331 3296 nos
1363 3256 1623 3296 amorem
1655 3243 1714 3295 et
1737 3240 2077 3313 praesidium

2202 3240 2289 3309 τὴν
2318 3243 2417 3294 τοῦ
2447 3243 2581 3295 Θεοῦ
2611 3239 2746 3316 πρὸς
2777 3241 2927 3311 ἡμᾶς
2975 3238 3191 3314 ἀγάπην
3241 3237 3333 3293 καὶ
3383 3237 3585 3308 σκέπην
3618 3235 3850 3315 ἐμφανί-

428 3305 750 3386 ᾱοοῖαιιεῐιι.
784 3305 1050 3387 Primum
1080 3305 1192 3401 est,
1224 3329 1381 3402 quod
1411 3330 1485 3385 ab
1513 3328 1683 3385 initio
1714 3305 1910 3386 sisculi
1940 3331 2077 3387 nul-

2202 3305 2372 3398 ζοντα·
2420 3305 2938 3405 πρῶτον1μὲνξὸτι
2999 3305 3106 3405 οὐχ
3149 3305 3477 3403 εὑρίσκομεν
3526 3305 3618 3382 άπ⁹
3652 3305 3849 3404 ’ἀρχῆς

430 3416 549 3473 iam
580 3424 815 3491 gentem
847 3420 1119 3476 novimus
1150 3419 1222 3476 ab
1250 3419 1529 3476 omnibus
1569 3418 1703 3475 aliis
1731 3421 1937 3476 tandiu
1969 3421 2082 3477 im-

431 3512 755 3579 pugnatam
804 3509 1078 3582 gentibus
1126 3524 1233 3565 nec
1288 3507 1559 3577 deletam,
1624 3513 1836 3581 praeter
1892 3509 2080 3567 solam

433 3594 649 3651 Christi
677 3598 877 3666 ﬁdem,
911 3615 1038 3670 quae
1068 3613 1211 3654 sane
1241 3612 1357 3652 non
1396 3595 1577 3652 deleri
1621 3612 1737 3652 non
1768 3597 2078 3669 potuisset,

432 3685 506 3741 ab
536 3685 811 3743 omnibus
835 3689 980 3744 adeo
1010 3687 1356 3760 impugnata
1382 3684 1677 3758 gentibus,
1711 3685 1826 3740 nisi
1868 3703 2081 3743 manus

431 3774 665 3832 Domini
694 3794 823 3833 eam
853 3782 1143 3834 servasset
1169 3782 1228 3833 et
1256 3780 1514 3832 servaret
1550 3775 1872 3846 quominus
1922 3776 2081 3833 dele-

428 3872 610 3926 retur.
644 3868 910 3925 Alterum
936 3873 1044 3937 est,
1096 3867 1252 3940 quod
1304 3864 1503 3921 nullus
1552 3864 1868 3936 imperator
1909 3865 2082 3921 Chri-

428 3959 757 4015 stianorum
788 3957 1055 4014 barbaris
1102 3972 1366 4028 unquam
1411 3959 1661 4010 mortem
1708 3954 1961 4011 traditus
1992 3964 2081 4012 est

427 4048 699 4121 quamvis
748 4051 840 4104 tot
880 4052 1082 4119 gentes
1126 4045 1441 4117 imperium
1494 4048 1923 4115 oppugnarent.
1953 4043 2076 4101 Imo

422 4154 541 4194 non
572 4138 763 4194 solum
795 4137 1207 4209 imperatorem
1241 4133 1572 4206 Opprimere
1592 4149 1710 4188 non
1740 4134 2074 4204 valuerunt,

420 4228 524 4285 sed
556 4243 661 4284 nec
691 4228 821 4299 ejus
850 4226 1170 4299 imaginem
1197 4242 1265 4281 ex
1293 4223 1579 4293 nummis,
1613 4238 1747 4278 cum
1780 4240 1950 4280 cruce
1975 4225 2071 4281 de-

418 4316 557 4388 lere,
609 4316 745 4373 licet
789 4315 1058 4373 nonnulli
1106 4313 1344 4388 tyranni
1388 4313 1446 4368 id
1513 4313 1885 4369 tentaverint.
1953 4318 2071 4370 Nec

417 4408 572 4463 enim
604 4406 904 4463 existimes
934 4413 1170 4461 tenuem
1219 4409 1277 4460 et
1321 4402 1496 4459 vilem
1541 4418 1665 4457 rem
1697 4401 1872 4457 istam
1916 4418 2068 4458 esse.

413 4496 536 4553 Nisi
570 4494 728 4552 enim
754 4495 932 4551 ﬁdem
962 4499 1229 4550 nostram
1262 4508 1379 4564 prae
1415 4490 1547 4547 aliis
1566 4490 1844 4545 omnibus
1866 4489 2072 4562 elegis-

412 4591 503 4643 set
529 4586 684 4642 Deus
713 4589 773 4641 et
802 4581 1319 4654 dilexisset,ipsam
1341 4580 1586 4635 minime
1609 4580 1831 4665 absque
1853 4579 2068 4637 damno

2192 3418 2389 3482 αἰῶνος
2420 3417 2568 3483 ἔθνος
2607 3418 2710 3473 ὑπὸ
2757 3416 2973 3473 πάντων
3022 3416 3189 3472 ἐθνῶν
3237 3414 3556 3491 πολεμηθὲν
3587 3416 3675 3472 ἰπὶ
3707 3417 3852 3493 χρό-

2189 3528 2314 3571 νους
2343 3508 2779 3582 τοσούτους
2826 3506 2916 3562 καὶ
2967 3507 3043 3581 μὴ
3098 3504 3429 3586 ἑξαλειφθὲν,
3462 3506 3508 3561 εί
3561 3509 3637 3581 μὴ
3674 3508 3845 3582 μόνον

2187 3606 2289 3665 την
2320 3601 2415 3652 τοῦ
2470 3599 2707 3672 Χριστοῦ
2764 3596 2963 3669 πίστιν,
2995 3595 3118 3666 ἥτις
3175 3594 3275 3651 οὐκ
3326 3602 3391 3651 ἄν
3417 3594 3627 3670 ἔμεινεν
3659 3598 3844 3670 ἀνεξά-

2191 3683 2439 3754 λειπτος,
2472 3686 2645 3750 οὕτως
2676 3686 2780 3742 ὑπὸ
2826 3688 3043 3741 πάντων
3084 3690 3193 3741 τῶν
3239 3684 3406 3741 ἐθνῶν
3437 3686 3840 3761 πολεμηθεῖσα,

2190 3775 2234 3830 εἷ
2288 3776 2364 3848 μὴ
2414 3775 2538 3851 χεὶρ
2587 3775 2790 3852 Κυρίου
2838 3772 3161 3855 διεφύλαττε
3204 3774 3295 3830 καὶ
3353 3773 3612 3854 φυλάττει
3670 3777 3844 3849 αὐτὴν

2188 3864 2609 3937 ἆνεξάλειπτον·
2662 3863 2911 3940 δεύτερον
2961 3861 3058 3939 δὲ,
3112 3863 3300 3941 ὅτιπερ
3353 3861 3531 3929 οὐδεὶς
3584 3866 3847 3943 βασιλεὺς

2185 3955 2522 4031 Χριστιανῶν
2577 3948 2872 4031 βαρϐάροις
2921 3952 3056 4009 ποτὶ
3112 3949 3387 4028 παρεδόθη
3448 3952 3529 4016 εἰς
3589 3953 3846 4030 θάνατον,

2185 4044 2364 4100 καίτοι
2411 4045 2684 4100 τοσούτων
2731 4042 2897 4109 ἐθνῶν
2946 4043 3010 4099 τὸ
3053 4040 3336 4118 βασίλειον
3382 4042 3844 4118 πολεμησάντων.

2184 4133 2260 4191 Οὐ
2292 4129 2453 4208 μόνον
2488 4131 2546 4189 δὲ
2571 4134 2663 4189 τὸν
2702 4130 2946 4209 βασιλέα,
2972 4130 3120 4188 ἀλλὰ
3150 4128 3276 4188 οὐδὲ
3301 4131 3404 4203 τήν
3432 4130 3630 4188 ἑαυτοῦ
3660 4131 3849 4190 εἰκόνα

2182 4223 2243 4278 ἐκ
2267 4228 2367 4279 τοῦ
2396 4224 2733 4297 νομίσματος
2786 4224 3123 4297 καταργῆσαι
3175 4220 3268 4277 σὺν
3297 4226 3378 4296 τῷ
3427 4227 3643 4300 σταυρῷ
3685 4220 3851 4300 ἴσχυ-

2180 4334 2298 4384 σαν,
2350 4314 2544 4388 καίπερ
2600 4316 2763 4367 τινῶν
2819 4312 3094 4385 τυράννων
3166 4315 3330 4367 τοῦτο
3396 4307 3842 4387 δοκιμασάντων.

2178 4403 2269 4470 Μὴ
2299 4403 2401 4479 γὰρ
2429 4400 2594 4476 ψιλόν
2622 4422 2683 4456 τε
2709 4401 2800 4457 καὶ
2848 4400 3063 4465 εὐτελές
3114 4421 3201 4457 σοι
3246 4406 3477 4477 πρᾶγμα
3504 4405 3668 4458 τοῦτο
3700 4401 3841 4459 εἶναι

2177 4493 2435 4565 νομισθῇ.
2497 4490 2558 4546 Ei
2621 4492 2697 4565 μὴ
2755 4490 2857 4568 γάρ
2919 4491 3052 4565 ὑπὲρ
3108 4492 3282 4555 πάσας
3336 4489 3433 4555 τὰς
3481 4491 3691 4555 πίστεις
3736 4493 3843 4563 τήν

2177 4580 2445 4656 ἡμετέραν
2494 4581 2522 4635 ὁ
2581 4580 2709 4643 Θεὸς
2782 4579 3057 4652 ἐξελέξατο
3117 4581 3206 4637 καὶ
3265 4581 3505 4658 ἠγάπσεν
3538 4625 3555 4654 ,
3615 4582 3716 4638 οὐκ
3773 4583 3835 4639 ἃν

411 4682 470 4733 et
498 4674 761 4741 vulnere,
788 4674 1015 4729 medias
1044 4673 1199 4728 inter
1224 4675 1431 4743 gentes
1487 4668 1761 4739 luporum
1811 4667 2058 4739 similes,

2207 4668 2336 4738 ύτήν
2368 4669 2468 4725 ἀνὰ
2502 4668 2661 4744 μέσον
2689 4674 2798 4725 τῶν
2846 4668 3011 4726 ἐθνῶν
3044 4670 3119 4732 ὡς
3167 4667 3348 4726 λύκων
3395 4667 3568 4727 ὄντων
3596 4669 3839 4749 ἰφύλατ-

409 4771 717 4826 servasset.
768 4765 1053 4821 Praeterea
1100 4778 1217 4818 non
1266 4760 1471 4817 debuit
1517 4758 1856 4832 permittere
1905 4764 2059 4818 Deus

2202 4777 2253 4812 εν
2280 4752 2501 4829 ἀϐλαϐῆ
2526 4779 2587 4814 τε
2615 4758 2704 4814 καὶ
2753 4760 3017 4835 ἄτρωτον.
3065 4758 3221 4828 Πλὴν
3277 4756 3405 4815 οὐδὲ
3454 4757 3660 4834 ἔμελλε
3708 4781 3837 4838 συγ-

406 4858 615 4914 falsam
645 4855 844 4923 ﬁdem,
877 4859 1010 4926 post
1033 4851 1498 4909 incarnationem
1545 4847 1675 4905 Filii
1705 4849 1799 4905 sui
1851 4855 1909 4905 et
1955 4849 2052 4906 Dei

2202 4852 2369 4923 mpeiv
2430 4847 2459 4902 ὁ
2517 4848 2643 4911 Θεὸς
2690 4846 3119 4923 πεπλανημένην
3173 4848 3355 4905 πίστιν
3415 4847 3828 4927 κατακυριεύειν

403 4947 590 5004 nostri
620 4944 856 5002 Domini
879 4944 1019 4999 Jesu
1049 4941 1286 5009 Christi,
1318 4957 1422 5013 per
1472 4954 1678 4996 omnes
1708 4944 1875 4995 terrae
1906 4939 2057 4998 ﬁnes

2202 4938 2303 4992 ,ετά
2329 4939 2430 5007 τήν
2462 4939 2733 5013 σάρκωσιν
2780 4942 2879 4993 τοῦ
2926 4939 3055 4994 Υἱοῦ
3107 4938 3273 4995 αὐτοῦ
3317 4938 3411 4994 καί
3463 4944 3600 4996 Θεοῦ
3638 4941 3833 5012 ἡμῶν,

400 5033 886 5093 dominari.Unde
915 5033 1025 5089 hoc
1055 5032 1253 5103 ipsum
1287 5030 1443 5102 quod
1476 5030 1536 5083 in
1558 5026 1835 5084 omnibus
1865 5028 2052 5101 genti-

2158 5030 2258 5082 τοῦ
2314 5027 2515 5103 Κυρίου
2567 5031 2751 5097 Ἰησοῦ
2806 5032 3049 5101 Χριστοῦ
3104 5027 3194 5083 ἐπὶ
3263 5029 3440 5084 πάντα
3494 5029 3563 5085 τὰ
3618 5027 3831 5104 πέρατα

398 5125 511 5181 bus
539 5123 830 5180 creditum
861 5121 939 5177 sit
980 5119 1196 5176 Christi
1243 5116 1647 5189 Evangelium,
1689 5122 1914 5173 certum
1962 5123 2053 5175 est

2202 5121 2259 5185 ῆς
2288 5122 2408 5190 γῆς.
2442 5117 2601 5181 Ὅθεν
2633 5117 2723 5171 καὶ
2755 5115 2885 5172 αὐτὸ
2914 5121 3099 5188 τοῦτο,
3129 5118 3192 5173 τὸ
3241 5117 3295 5173 ἐν
3341 5123 3473 5174 πᾶσι
3502 5122 3620 5181 τοῖς
3648 5113 3831 5173 ἔθνεσι

397 5216 813 5287 argumentum
840 5226 957 5266 non
988 5207 1160 5265 aliam
1195 5207 1352 5279 piam
1384 5222 1512 5263 esse
1537 5205 1713 5261 ﬁdem
1746 5206 1856 5262 sub
1883 5206 2046 5263 coelo.

2157 5206 2508 5274 πιστευθῆναι
2563 5203 2629 5260 τὸ
2680 5205 3019 5284 Εὐαγγέλιον
3074 5210 3175 5262 τοῦ
3228 5212 3487 5285 Χριστοῦ,
3548 5205 3835 5283 μαρτυρία

394 5302 534 5359 ίστὶν
567 5297 827 5376 ἀψευδής,
859 5294 943 5351 ὅτι
993 5295 1092 5351 οὐκ
1137 5291 1278 5350 ἔστιν
1332 5292 1478 5364 ὀιλλη
1526 5291 1707 5355 πίστις
1734 5288 1959 5363 εὐσεϐὴς
1991 5294 2044 5350 ἐν
2079 5296 2151 5367 τῇ
2186 5294 2274 5348 ὑπ’
2305 5293 2556 5370 οὐρανόν.

464 5429 574 5499 (60)
605 5424 1012 5499 Htecgquaestio
1062 5423 1224 5499 d_ee_s_t
1271 5420 1341 5499 in_
1381 5418 1559 5499 Basil:
1591 5418 1956 5499 lbid._Pa_lat.
1987 5421 2044 5488 2,

392 5480 884 5568 Λοὶιπὸν-Ῑπεὶῖεἷς
914 5480 1113 5568 ovoin
1155 5492 1385 5568 Χριστὸς
1434 5490 1699 5563 ἐκάθισεν,
1748 5480 2043 5568 ὀφείλομεν

391 5571 480 5625 καὶ
510 5570 637 5631 τοὺς
670 5566 826 5630 ὅνους
856 5562 1213 5635 ἀσπάζεσθαι.’
1232 5562 1426 5635 Ἀπόκ.

463 5631 1069 5733 (61}’Quidam‘mss.,
1119 5636 1348 5711 σταυρὸν
1402 5632 1459 5690 δὲ
1506 5635 1737 5705 ὁρῶντες
1783 5631 2043 5711 τρέμουσι

392 5710 481 5768 καὶ
512 5710 770 5768 φεύγουσι
793 5710 880 5766 καὶ
913 5731 1032 5767 κατ.

608 5775 785 5844 Palat.
823 5787 873 5851 1,
926 5779 1276 5841 διαλύσαντες
1320 5781 1486 5833 ταῦτα
1537 5775 1711 5855 ῥίψαι·
1740 5776 1831 5831 καὶ
1879 5796 2043 5831 κατα-

2158 5424 2419 5489 πατῆσαι,
2450 5417 2540 5473 καὶ
2569 5419 2661 5475 τὸν
2695 5417 2789 5476 ἅπ.

2230 5492 2343 5573 (θβ)
2368 5494 2625 5573 Quaestio
2665 5493 2785 5551 haec
2833 5493 3002 5552 abest
3030 5511 3066 5553 a
3094 5492 3277 5552 Palat.
3309 5495 3347 5550 2
3376 5497 3433 5552 et
3458 5511 3492 5551 a
3521 5494 3820 5553 veteribus

2157 5562 2333 5618 editis
2366 5564 2603 5621 Latinis.

2225 5634 2339 5780 $653
2370 5636 2466 5718 Sic
2485 5638 2728 5722 quidam
2760 5655 2905 5696 mss.
2939 5637 3115 5711 Editi,
3144 5638 3179 5707 ἡ
3211 5635 3335 5723 περὶ
3380 5634 3735 5727 ξριστιανῶν.

2233 5708 2316 5780 ﬁo
2365 5711 2460 5766 διο
2491 5724 2750 5771 mamma
2777 5727 2914 5780 pars
2946 5726 3091 5769 mss.
3121 5712 3297 5780 Edm,
3339 5707 3428 5766 ἐπι
3458 5708 3685 5780 χρόνοις
3714 5729 3735 5765 ιι

2365 5707 2460 5766 Sic
2491 5707 2750 5771 maxime.
2777 5727 2914 5784 pars
2946 5707 3297 5785 mssCEditi;
3339 5707 3439 5766 ἐπῖ
3458 5708 3685 5786 χρόνοις
3714 5729 3809 5765 το.

2151 5775 2386 5843 σούτοις.
