4132 6358
255 421 397 482 625

1234 414 1749 487 ΟΗίΕΞΤΙΟΝΕΞ
1794 414 1899 471 AD
1944 413 2409 474 ANTIOCHUM
2458 416 2751 477 DUCEM.

3582 422 3698 482 626

511 550 707 626 Ἐρώτ.
748 550 857 626 μγ’.
890 548 989 603 Καὶ
1037 545 1083 601 εί
1130 543 1299 602 ταῦτα
1356 544 1529 608 οὕτως
1581 541 1718 620 ἔχει,
1754 546 1901 604 πῶςη

2116 545 2343 608 Οωεετ.
2375 547 2577 604 XLIII.
2611 549 2671 602 Si
2702 548 2782 605 ita
2812 565 2905 604 res
2934 548 3132 616 habet,
3173 566 3275 605 cur
3299 552 3547 608 Satanas
3579 570 3694 609 non

261 645 509 703 Σατανᾶς
551 639 615 695 οὐ
648 637 853 695 διεῖλεν
886 635 1064 707 ἄλλην
1107 637 1285 691 πίστιν
1338 635 1425 691 ἐπὶ
1467 639 1569 712 γῆς
1618 634 1694 697 είς
1742 632 1933 688 τοσαύ-

253 750 364 793 τας
396 730 653 806 αἱρέσεις,
688 727 733 782 εἷ
770 729 847 801 μὴ
879 728 978 796 τὴν
1009 730 1118 781 τῶν
1152 728 1485 799 Χριστιανῶν
1511 746 1523 795 ;

340 819 530 877 Ἀπόκ.
564 820 653 881 Ὡς
682 811 1064 890 ἀντικειμένην
1097 814 1244 888 αὐτῴ
1284 812 1545 886 δηλονότι
1592 815 1683 867 καὶ
1732 832 1929 888 καταρ-

260 914 464 984 γοῦσαν
518 906 704 965 αὐτόν.
742 906 878 964 Ποία
925 906 1049 982 γὰρ,
1100 904 1217 959 εἰπέ
1270 926 1383 977 μοι,
1422 903 1641 980 φροντῖς
1686 903 1721 971 ἢ
1777 904 1929 978 μέρι-

267 1018 379 1069 μνα
424 1003 504 1070 τῷ
553 1001 788 1068 Σατανᾷ,
822 992 1135 1061 Ἰουδαίους,
1168 994 1202 1062 ἢ
1252 992 1609 1068 Σαμαρείτας,
1642 993 1676 1061 ἢ
1711 990 1928 1062 Ἕλληο

261 1106 359 1149 νας
409 1085 749 1160 πολεμῆσαι,
799 1086 836 1155 ἢ
903 1082 1116 1159 μερίσαι
1166 1082 1240 1145 εἷς
1291 1081 1523 1158 αἱρέσεις
1580 1082 1671 1136 καὶ
1718 1080 1926 1142 πίστεις

265 1173 601 1254 διαφόρους;
648 1182 820 1232 Πᾶσαι
871 1174 973 1250 γὰρ
1024 1172 1177 1228 αὗται
1218 1171 1382 1226 αὐτοῦ
1441 1172 1565 1241 εἱσι,
1617 1173 1705 1226 καὶ
1760 1168 1926 1225 οὐδα-

273 1269 390 1337 μῶς
423 1268 451 1320 6
481 1271 719 1329 Σατανᾶς
747 1266 812 1321 τὸ
842 1266 1033 1320 ἑαυτοῦ
1065 1263 1321 1335 πολεμεῖ,
1356 1261 1502 1317 ἀλλὰ
1530 1261 1597 1317 τὰ
1622 1266 1719 1317 τοῦ
1768 1264 1921 1316 Θεοῦ.

271 1355 432 1409 ’Ώστε
488 1361 568 1427 τῶ
619 1353 942 1431 βουλομένῳ
990 1352 1079 1407 καὶ
1136 1351 1376 1408 ἐντεῦθέν
1425 1351 1535 1406 ἐστι
1586 1355 1795 1423 μαθεῖν,
1840 1350 1922 1405 ὅτι

276 1441 374 1497 οὐκ
402 1441 544 1498 ἔστιν
578 1444 730 1520 ἒτέρα
759 1444 932 1505 πίστις
960 1437 1183 1511 εὐσεϐὴς
1230 1440 1318 1496 ἐπὶ
1366 1444 1464 1509 τῆς
1516 1442 1619 1515 γῆς
1668 1436 1842 1510 ἄλλη,
1875 1439 1919 1494 εί

275 1533 353 1604 μὴ
385 1532 526 1605 μόνη
560 1536 594 1602 ἡ
629 1532 702 1595 εἷς
733 1532 981 1608 Χριστόν.

341 1623 456 1694 (67)
511 1623 700 1698 Ἑρώτ.
762 1619 866 1693 μδ’.
930 1620 1079 1693 Ποίῳ
1135 1618 1192 1674 δὲ
1246 1620 1435 1695 τρόπῳ
1507 1618 1764 1691 πείσομεν
1824 1619 1916 1673 τὸν

269 1708 493 1781 ἰδιώτην
544 1712 632 1766 καὶ
682 1706 973 1787 βάρϐαρον,
1008 1710 1090 1765 ὅτι
1144 1709 1275 1785 ὑπὲρ
1325 1708 1495 1771 πάσας
1544 1708 1637 1771 τὰς
1686 1707 1915 1783 αἱρέσεις

260 1799 294 1867 ἠ
327 1798 595 1869 καθολική
629 1799 926 1871 Ἐκκλησία
971 1803 1069 1883 τήν
1121 1797 1287 1874 ὀρθὴν
1330 1796 1506 1852 πίστιν
1541 1794 1680 1873 ἔχει,
1714 1798 1802 1852 καὶ
1852 1796 1914 1852 οὐ

255 1885 557 1965 σφάλλεται
582 1908 595 1958 ;

323 1976 523 2036 Ἀπὸκ.
565 1978 632 2035 Οἱ
669 1979 744 2052 μὴ
780 1976 1069 2051 δυνάμενοι
1102 1980 1326 2053 Γραφῶν
1370 1997 1430 2031 τε
1476 1978 1566 2031 καὶ
1624 1974 1913 2052 δογμάτων

250 2060 532 2139 ἀκρίϐειαν
593 2069 684 2123 καὶ
749 2068 911 2144 βάθος
969 2070 1193 2122 ἀκοῦσαι
1244 2066 1484 2122 ἐντεῦθεν
1528 2067 1591 2121 τὸ
1626 2067 1788 2138 μόνον
1820 2067 1911 2121 καὶ

247 2152 470 2218 εὐσεϐὲς
545 2160 661 2230 (68)
727 2164 831 2227 τῆς
906 2156 1209 2226 καθολικῆς
1284 2158 1522 2230 Χριστοῦ
1586 2154 1911 2227 Ἐκκλησίας

246 2247 592 2315 πιστωθῆναι
628 2246 929 2325 ὀφείλουσιο
966 2244 1115 2322 λέγω
1173 2242 1240 2315 δὴ
1289 2244 1349 2300 ἐκ
1406 2248 1506 2300 τοῦ
1564 2244 1739 2300 πάντα
1783 2246 1910 2308 τοὺς

246 2334 559 2412 σωτηρίους
610 2337 699 2391 καὶ
745 2336 963 2410 τιμίους
1003 2340 1111 2392 τῶν
1163 2336 1400 2412 Χριστοῦ
1430 2334 1766 2408 παθημάτων
1816 2336 1909 2390 τό·

243 2444 387 2486 πους
436 2427 506 2499 τῇ
556 2424 828 2499 καθολικῇ
880 2425 971 2480 καὶ
1033 2421 1313 2501 ὀρθοδόξῳ
1370 2426 1532 2497 ἡμῶν
1584 2423 1759 2479 πίστει
1816 2424 1908 2479 καί

243 2511 551 2585 Ἐκκλησία
609 2514 713 2569 ὑπὸ
772 2519 903 2569 Θεοῦ
978 2512 1289 2590 δωρηθῆναι
1364 2513 1453 2568 καὶ
1512 2522 1902 2585 πιστευθῆναι’

243 2600 399 2677 λέγω
431 2600 497 2672 δὴ
529 2606 629 2672 τὴν
660 2604 924 2679 Ναζαρὲθ,
967 2602 1091 2658 ἔνθα
1140 2604 1167 2658 6
1218 2604 1449 2679 Χριστὸς
1498 2601 1548 2657 ἐν
1578 2606 1713 2676 ἡμῖν
1748 2602 1904 2675 ἐσκή-

236 2709 405 2746 νωσε
454 2692 555 2760 τὴν
617 2690 895 2766 Βηθλεὲμ,
943 2690 1068 2757 ἔνθα
1112 2692 1249 2748 κατά
1294 2692 1464 2770 σάρκα
1519 2692 1740 2767 ἐτέχθη·
1800 2696 1899 2763 τήν

240 2779 416 2852 Σιὼν,
449 2776 573 2836 ἔνθα
617 2783 720 2851 τὴν
771 2780 1042 2859 σωτηρίαν
1095 2787 1174 2855 τῷ
1229 2781 1424 2855 κόσμῳ
1470 2782 1772 2857 εἰργάσατο·
1805 2783 1898 2838 τὸν

237 2867 549 2942 Ἰορδάνην,
609 2868 733 2935 ἔνθα
789 2871 882 2925 τὸν
939 2868 1119 2945 Ἀδὰμ
1171 2870 1504 2926 ἀνεκαίνισε·
1563 2872 1626 2925 τὸ
1680 2867 1895 2947 Θαϐὼρ,

231 2956 371 3023 ἔνθα
428 2961 526 3029 τήν
585 2964 692 3015 τῶν
753 2960 994 3037 οὐρανῶν
1059 2959 1343 3036 βασιλείαν.
1392 2959 1774 3037 προετύπωσε*
1835 2964 1897 3016 τὸ

229 3052 350 3102 τῶν
386 3047 617 3105 Ἐλαιῶν
679 3046 829 3125 ὅρος,
862 3049 980 3114 ὅθεν
1040 3051 1175 3125 πρὸς
1224 3051 1316 3105 τὸν
1369 3052 1581 3126 Πατέρα
1640 3050 1690 3106 ἐν
1739 3051 1897 3128 οὐρα-

230 3143 359 3202 νοῖς
414 3137 504 3216 ἀφ’
559 3142 718 3213 ἡμῶν
780 3139 1133 3211 ἀνελήλυθεν.
1185 3140 1394 3215 Οὕσπερ
1464 3141 1700 3203 ἅπαντας
1765 3143 1893 3205 τοὺς

229 3227 409 3283 αὐτοῦ
457 3228 642 3304 ἁγίους
692 3229 782 3284 καὶ
832 3226 1160 3302 σεϐασμίους
1207 3229 1409 3293 τόπους
1461 3229 1561 3285 οὐκ
1590 3230 1708 3296 εἷ’κῆ
1768 3229 1893 3287 οὐδὲ

235 3316 417 3391 μάτην
488 3321 557 3392 τῇ
628 3315 896 3393 καθολικῇ
956 3318 1253 3389 Ἐκκλησία
1329 3318 1689 3375 ἐνεπίστευσεν
1739 3323 1890 3395 (69)’

232 3404 365 3462 ἀλλ’
398 3408 473 3470 ὡς
500 3402 851 3483 εὖσεϐεστέρᾳ
881 3407 1135 3479 δηλονότι
1194 3409 1283 3463 καὶ
1340 3408 1643 3481 τιμιωτέρᾳ
1685 3410 1893 3467 πάντων

232 3495 326 3552 ἐπὶ
373 3501 481 3552 τῶν
525 3496 690 3574 ἁγίων
740 3499 888 3573 παρά
932 3504 1276 3575 Χριστιανοῖς
1331 3498 1752 3572 ὀνομαζομένων
1812 3502 1898 3556 πί-

232 3607 403 3642 στεων
450 3586 542 3642 καὶ
594 3585 921 3659 ἐκκλησιῶν.
964 3587 1062 3643 Καὶ
1108 3586 1288 3662 ὥσπερ
1343 3588 1596 3662 βασιλεὺς
1632 3589 1759 3653 τοὺς
1810 3613 1897 3646 τι-

236 3676 399 3747 μίους
431 3675 597 3732 αὐτοῦ
654 3674 750 3732 τοῦ
806 3675 1076 3732 παλατίου
1133 3698 1397 3739 κοιτωνας
1450 3678 1538 3733 καὶ
1590 3680 1897 3757 θησαυροὺς

228 3770 347 3827 τοῖς
380 3766 725 3840 πιστοτέροις
758 3765 972 3822 πάντων
1012 3772 1119 3822 τῶν
1166 3768 1449 3852 ὑπουργῶν
1499 3768 1664 3825 αὐτοῦ
1716 3770 1894 3847 ἐγχει-

240 3852 375 3928 ρίζει
427 3877 487 3910 τε
533 3855 625 3910 καὶ
675 3856 935 3911 mentiar
972 3854 1115 3912 οὕτω
1162 3855 1250 3911 καί
1297 3858 1325 3912 ὁ
1374 3859 1610 3931 Χριστὸς
1661 3858 1751 3914 ἀπ’
1800 3861 1895 3936 ἀρ-

238 3949 355 4017 χῆς
404 3951 501 4014 τῆς
556 3946 859 4021 παρουσίας
919 3945 1083 4002 αὐτοῦ
1140 3949 1210 4020 τῇ
1267 3945 1537 4021 καθολικῇ
1599 3946 1897 4020 Ἐκκλησία

234 4030 368 4093 τοὺς
400 4027 722 4107 σεϐασμίους
771 4034 937 4091 αὐτοῦ
983 4032 1185 4098 τὸπους
1235 4035 1559 4093 ἐπίστευσεν.
1591 4037 1655 4091 Εἰ
1705 4034 1763 4091 δὲ
1810 4035 1897 4093 λέ-

228 4141 318 4196 γει
374 4122 402 4175 6
462 4119 531 4176 δι’
562 4123 791 4187 ἐναντίας
821 4127 955 4199 (70),
993 4124 1075 4181 ὅτι
1124 4124 1384 4201 βασιλικῇ
1434 4123 1711 4200 τυραννίδι
1764 4127 1892 4181 τού-

226 4232 362 4273 τους
424 4214 747 4289 κατέχομεν,
784 4214 1099 4288 μανθανέτω
1157 4215 1184 4269 6
1238 4219 1510 4282 τοιοῦτος,
1558 4214 1769 4290 ὅτιπερ,
1802 4216 1890 4271 καὶ

233 4294 532 4375 βαρϐάρων
558 4301 830 4367 πολλάκις
860 4305 959 4374 τήν
1012 4302 1381 4374 Παλαιστίνην
1432 4300 1888 4381 παραλαϐόντων,

226 4388 293 4444 οὗ
346 4391 701 4468 συνεχώρησε
741 4394 973 4470 Χριστὸς
1024 4393 1152 4457 τοὺς
1203 4395 1395 4450 ἑαυτοῦ
1441 4394 1643 4457 τόπους
1688 4395 1888 4473 αἱρετι-

221 4485 345 4542 κοῖς
375 4482 489 4555 (71)
522 4480 921 4556 παραδοθῆναι.
956 4482 1148 4554 Ἀλλὰ,
1181 4484 1276 4539 κᾶν
1309 4484 1445 4561 πρὸς
1500 4483 1678 4562 βραχὺ
1727 4490 1888 4541 τοῦτο

2044 633 2220 690 aliam
2253 635 2428 691 ﬁdem
2458 636 2518 692 in
2551 640 2704 692 terra
2733 638 2933 693 divisit
2970 638 3030 693 in
3062 642 3148 694 tot
3180 639 3452 709 haereses,
3486 646 3698 714 praeter

2042 724 2227 779 solam
2261 724 2727 783 Christianorum
2762 728 2936 783 ﬁdem
2968 731 2989 782 P

2114 814 2283 869 Rsse.
2318 815 2463 878 Quia
2495 816 2720 871 scilicet
2751 817 2865 888 ipsi
2897 817 3262 885 adversatur,
3295 819 3535 892 vimque
3565 822 3691 893 ejus

2039 901 2265 958 irritam
2299 904 2471 976 plane
2517 906 2733 962 reddit.
2796 911 2993 979 Ecqua
3040 907 3199 962 enim
3248 925 3408 975 cura,
3458 912 3690 979 amabo,

2040 993 2189 1048 227
2222 996 2446 1049 Satanae
2478 1000 2633 1050 esset
2660 995 2912 1066 Judccos,
2944 998 3265 1052 Samaritas
3296 1001 3397 1053 aut
3444 1000 3691 1068 gentiles

2038 1082 2338 1138 adoriendi
2375 1088 2476 1139 aut
2515 1084 2574 1139 in
2625 1085 2876 1141 haereses
2929 1091 2985 1141 et
3032 1086 3222 1142 varias
3274 1088 3419 1143 fides
3469 1089 3689 1144 discin-

2037 1171 2259 1227 dendi?
2287 1174 2382 1228 Hae
2415 1174 2573 1230 enim
2607 1176 2678 1229 ad
2711 1174 2908 1247 ipsum
2940 1176 3253 1245 pertinent,
3286 1193 3392 1233 nec
3423 1194 3688 1249 unquam

2033 1264 2278 1317 Satanas
2310 1278 2377 1317 ea
2408 1279 2533 1334 quae
2566 1268 2703 1319 sunt
2733 1266 2860 1335 ejus
2894 1264 3224 1337 impugnat,
3260 1268 3360 1321 sed
3411 1284 3534 1337 qua:
3584 1268 3687 1323 Dci

2034 1355 2190 1406 sunt.
2226 1354 2507 1418 Quocirca
2538 1354 2674 1408 inde
2704 1354 2955 1425 quisque
2987 1355 3175 1426 possit
3203 1356 3445 1427 discere,
3509 1356 3684 1413 aliam

2033 1441 2190 1511 piam
2225 1442 2399 1497 ﬁdem
2431 1441 2491 1497 in
2522 1442 2697 1498 terris
2726 1442 2947 1499 nullam
2982 1460 3131 1513 esse,
3166 1449 3379 1517 praeter
3408 1462 3540 1503 eam
3565 1464 3682 1519 qua

2030 1529 2089 1583 in
2121 1530 2420 1586 Christum
2452 1533 2769 1587 credimus.

2101 1619 2325 1681 Qums'r.
2378 1622 2570 1678 XLIV.
2623 1622 2887 1685 Quanam
2960 1623 3183 1679 ratione
3254 1624 3387 1679 rudi
3454 1624 3680 1682 homini

2027 1711 2086 1763 et
2132 1709 2379 1765 barbaro
2436 1713 2861 1783 persuademus
2936 1712 3288 1768 catholicam
3358 1714 3676 1771 Ecclesiam

2026 1814 2141 1869 prec
2174 1799 2451 1857 omnibus
2483 1800 2802 1858 haeresibus
2835 1805 3055 1858 rectam
3090 1803 3259 1859 [idem
3292 1803 3529 1872 habere,
3566 1823 3673 1862 nec

1945 1915 1993 1981 Β
2023 1902 2219 1981 errare
2237 1888 2266 1943 ‘2

2096 1978 2267 2034 Rsse.
2314 1978 2423 2042 Qui
2476 1979 2915 2051 Scripturarum
2967 1984 3023 2036 et
3079 1981 3425 2053 dogmatum
3495 2000 3669 2041 accu-

2022 2071 2212 2123 ratam
2258 2074 2315 2123 et
2362 2069 2713 2138 profundam
2762 2069 3234 2141 explanationem
3281 2072 3488 2129 audire
3552 2092 3670 2131 non

2022 2161 2290 2228 possunt,
2346 2157 2485 2213 inde
2544 2159 2812 2230 persuasi
2865 2160 3079 2216 debent
3128 2176 3256 2217 esse
3306 2163 3377 2218 de
3431 2162 3670 2237 integri-

2020 2249 2137 2301 tate
2167 2250 2224 2303 et
2251 2247 2491 2303 veritate
2520 2248 2817 2305 catholicae
2848 2249 3065 2305 Christi
3112 2250 3407 2321 Ecclesiae,
3460 2269 3671 2325 nempe

2018 2335 2127 2392 hoc
2195 2354 2263 2392 ex
2328 2338 2541 2409 capite,
2616 2339 2776 2410 quod
2854 2338 3135 2395 salutaria
3196 2344 3253 2395 et
3337 2344 3671 2398 veneranda

2016 2425 2232 2482 Christi
2286 2426 2631 2498 passionum
2681 2428 2829 2497 loca,
2883 2429 3181 2486 catholicae
3234 2434 3291 2487 et
3333 2432 3666 2488 orthodoxae

2016 2519 2225 2572 nostrae
2282 2516 2417 2573 ﬁdei
2472 2521 2528 2573 et
2578 2518 2845 2575 Ecclesia:
2896 2537 2931 2575 a
2979 2524 3092 2577 Deo
3143 2520 3359 2576 donata
3428 2522 3545 2577 sint
3610 2528 3668 2578 et

2013 2604 2271 2662 credita:
2307 2623 2518 2679 nempe
2550 2607 2841 2664 Nazareth
2895 2610 2995 2666 ubi
3044 2610 3312 2666 Christus
3370 2633 3398 2661 ‹‹
3432 2610 3663 2667 habita-

2009 2693 2092 2748 vit
2122 2695 2179 2749 in
2214 2696 2382 2750 nobis
2413 2696 2455 2730 99
2483 2718 2503 2745 ι
2533 2712 2545 2763 ;
2596 2696 2962 2765 Bethlehem,
3011 2699 3112 2754 ubi
3164 2700 3489 2756 secundum
3538 2717 3660 2756 car-

2009 2799 2140 2838 nem
2170 2788 2344 2840 natus
2375 2788 2498 2853 est;
2560 2785 2719 2851 Sion,
2784 2786 2882 2841 ubi
2932 2786 3185 2843 salutem
3241 2790 3462 2845 mundo
3512 2806 3655 2862 ope-

2008 2876 2169 2927 ratus
2228 2878 2356 2941 est;
2423 2875 2719 2945 Jordanis,
2794 2875 2895 2929 ubi
2958 2877 3249 2932 Adamum
3321 2880 3652 2949 renovavit;

2005 2962 2257 3031 Thabor,
2284 2963 2384 3019 ubi
2407 2964 2687 3019 sociorum
2730 2980 2973 3037 regnum
3009 2967 3444 3038 praeﬁguravit;
3480 2986 3651 3025 mons

2007 3052 2327 3121 Olivarum,
2381 3055 2537 3109 unde
2581 3053 2638 3109 in
2708 3053 2881 3109 cmlos
2951 3056 3023 3110 ad
3100 3059 3356 3127 Patrem,
3408 3076 3441 3113 a
3482 3058 3654 3114 nobis

2005 3129 2284 3198 ascendit.
2339 3145 2473 3208 Quae
2525 3143 2726 3198 omnia
2776 3147 2980 3199 sancta
3030 3149 3087 3199 et
3137 3148 3469 3203 veneranda
3524 3149 3654 3219 ejus

2005 3231 2134 3287 loca
2174 3249 2291 3287 non
2341 3236 2554 3288 temere
2602 3249 2705 3289 nec
2761 3233 2979 3289 frustra
3027 3235 3325 3290 catholicae
3386 3237 3654 3293 Ecclesiaa

2009 3321 2388 3389 concredidit,
2440 3322 2541 3377 sed
2588 3328 2670 3389 ut,
2722 3323 2883 3377 omni
2933 3322 3047 3378 alia
3093 3323 3205 3378 ﬁde
3255 3328 3312 3380 et
3377 3326 3657 3396 Ecclesia,

2008 3411 2164 3467 inter
2194 3411 2555 3467 Christianos
2588 3416 2952 3483 nuncupata,
2988 3412 3093 3484 pia:
3149 3413 3338 3486 magis
3378 3419 3435 3469 et
3483 3416 3660 3471 hono-

2010 3501 2231 3557 ratiori.
2265 3506 2343 3556 Ac
2376 3501 2879 3572 quemadmodum
2912 3501 3236 3571 imperator
3266 3505 3525 3574 pretiosa
3556 3523 3661 3577 pa-

2008 3590 2133 3646 latii
2161 3590 2253 3646 sui
2285 3589 2557 3645 cubicula
2585 3590 3015 3662 thesaurosque
3044 3593 3357 3647 committit
3390 3598 3447 3648 et
3476 3596 3662 3652 credit

2009 3678 2272 3735 omnium
2304 3695 2543 3735 suorum
2575 3679 2988 3736 ministrorum
3022 3680 3388 3737 ﬁdelioribus
3417 3699 3429 3738 :
3466 3682 3547 3738 ita
3604 3689 3664 3740 et

2007 3768 2274 3825 Christus
2306 3769 2377 3823 ab
2428 3768 2592 3824 initio
2642 3770 2733 3825 sui
2788 3770 3097 3841 adventus,
3148 3773 3480 3827 veneranda
3531 3774 3659 3844 ejus

2007 3858 2233 3914 scilicet
2260 3857 2405 3925 loca,
2431 3857 2729 3913 catholicae
2754 3858 3021 3915 Ecclesia:
3071 3860 3450 3916 concredidit.
3494 3864 3659 3928 Quod

2005 3948 2053 4003 si
2087 3947 2460 4004 adversarius
2491 3949 2843 4019 respondeat
2872 3965 2978 4005 nos
3011 3952 3297 4019 potestate
3353 3952 3658 4021 tyrannica

2004 4037 2105 4092 illa
2126 4035 2450 4108 possidere,
2473 4037 2661 4093 discat
2684 4036 2778 4093 ille
2802 4039 2981 4109 quod,
3008 4038 3243 4095 etiamsi
3286 4039 3652 4097 Palaestinam

2003 4142 2157 4198 saepe
2177 4125 2411 4181 barbari
2443 4126 2877 4196 occupaverint,
2911 4144 3024 4181 non
3057 4127 3327 4199 permisit
3353 4128 3655 4200 {Christus

2002 4233 2110 4273 sua
2141 4214 2267 4271 loca
2320 4214 2469 4269 tradi
2522 4214 2834 4269 haereticis.
2886 4215 3045 4277 Quod
3097 4215 3209 4272 etsi
3252 4215 3308 4271 id
3360 4218 3431 4272 ad
3480 4218 3653 4274 breve

2001 4311 2235 4377 tempus
2257 4306 2650 4369 tentaverunt,
2690 4304 2804 4359 cito
2834 4320 3042 4359 rursus
3077 4303 3364 4360 catholica
3394 4305 3654 4364 Ecclesia

1998 4396 2161 4468 ipsos
2191 4394 2405 4466 abegit,
2439 4409 2555 4448 non
2587 4408 2761 4449 secus
2792 4409 2859 4449 ac
2891 4409 3099 4466 porcos
3128 4411 3161 4449 a
3192 4394 3413 4451 sanctis
3436 4396 3652 4452 Christi

2000 4485 2099 4543 Dei
2129 4485 2316 4541 nostri
2350 4483 2575 4539 aedibus
2609 4487 2667 4539 et
2695 4483 2863 4539 locis.

223 4569 612 4645 ἐπεχείρησαν,
646 4571 926 4645 συντόμως
983 4570 1147 4628 πάλιν
1208 4576 1243 4644 ἡ
1301 4572 1570 4643 καθολικὴ
1603 4573 1903 4647 Ἐκκλησία
1956 4574 2183 4637 τούτους
2243 4569 2556 4643 ἀπεδίωξεν,
2605 4573 2681 4633 ὡς
2734 4569 2959 4648 χοίρους
3016 4576 3124 4626 τῶν
3184 4572 3353 4648 ἁγίων
3411 4576 3649 4649 Χριστοῦ

220 4663 322 4714 τοῦ
354 4665 490 4715 Θεοῦ
520 4663 685 4734 ἡμῶν
716 4659 897 4717 αὐλῶν
928 4662 1018 4717 καὶ
1047 4661 1252 4720 τόπων.

298 4751 494 4825 Ἐρώτ.
562 4758 667 4823 με’.
718 4756 830 4806 Ποῦ
876 4752 1160 4827 ἐπέτρεψεν
1214 4754 1242 4808 6
1300 4754 1428 4808 Θεὸς
1476 4759 1593 4817 τοῖς
1654 4755 1891 4811 ἀποστό-

2072 4758 2300 4822 Qua-:s'r.
2337 4754 2496 4809 XLV.
2549 4754 2799 4809 Ubinam
2841 4756 3117 4827 praecepit
3165 4755 3320 4811 Deus
3369 4756 3651 4829 apostolis

220 4837 347 4899 λαις
404 4839 757 4914 Χριστιανοὺς
840 4840 1126 4913 ὀνομάζειν
1205 4841 1331 4904 τοὺς
1400 4843 1751 4906 πιστεύοντας
1807 4850 1888 4917 τῷ

220 4930 447 5001 Χριοτῷ
472 4949 486 4997 ;

299 5018 490 5074 Ἀπόκ.
537 5019 621 5073 Ἐν
677 5022 796 5081 ταῖς
856 5017 1083 5093 Πράξεσι
1140 5023 1247 5075 τῶν
1300 5020 1618 5078 ἀποστόλων
1681 5020 1879 5077 ἀκούο-

224 5125 350 5179 μεν,
410 5105 492 5162 ὅτι
558 5105 609 5162 ἐν
668 5106 982 5183 Ἀντιοχείᾳ
1051 5108 1240 5186 γέγονε
1314 5114 1531 5187 πρῶτος
1606 5130 1884 5188 χρηματι-

295 5268 339 5303 ⁹³
367 5267 536 5324 Joan.
573 5286 613 5341 ι,
647 5268 737 5323 14.
814 5269 858 5304 9°
886 5269 1007 5325 Act.
1039 5284 1117 5339 x1,
1147 5270 1237 5327 26.

296 5418 806 5493 (66)7Quaestiones
850 5420 1061 5493 473,_44,
1115 5423 1203 5492 45,
1244 5423 1331 5477 46.
1381 5423 1468 5490 47,
1510 5424 1599 5490 48,
1650 5425 1739 5491 49,
1787 5424 1878 5493 50,

213 5491 286 5569 ξ1
316 5495 381 5569 et
405 5492 513 5569 _52,
560 5491 779 5569 absunt
810 5507 844 5545 a
871 5491 1054 5549 Palat.
1096 5496 1149 5558 2,
1186 5491 1253 5548 et
1289 5511 1322 5549 a
1365 5495 1659 5551 veteribus
1708 5491 1881 5552 editis

218 5564 848 5729 Litigséu‘aestioohaaec
897 5634 1059 5729 abest
1089 5652 1121 5690 a
1151 5636 1338 5729 Palati
1370 5638 1400 5729 1‘
1425 5655 1437 5703 ;
1464 5642 1532 5729 at
1578 5638 1880 5729 responsio

218 5698 491 5763 minime.
524 5709 661 5763 Post
694 5698 967 5779 βάρϐαρον
1010 5707 1153 5780 Reg.
1200 5710 1255 5775 2,
1308 5698 1504 5778 habet,
1534 5709 1623 5762 καὶ
1671 5698 1877 5785 άγράμ-

223 5797 397 5852 ματον
409 5822 422 5835 ο

1999 4847 2364 4903 Christianos
2395 4844 2690 4916 appellare
2721 4861 2821 4900 eos
2852 4844 2952 4916 qui
2984 4844 3212 4902 Christo
3243 4847 3544 4903 credunt?

2066 5025 2238 5080 RESP.
2275 5023 2549 5095 Legimus
2580 5023 2637 5079 in
2671 5023 2907 5079 Aclibus
2952 5024 3353 5096 apostolorum
3401 5026 3466 5092 99,
3511 5042 3645 5080 ora-

1992 5113 2191 5171 culum
2217 5112 2406 5185 primo
2439 5113 2659 5169 editum
2681 5127 2810 5170 esse
2844 5113 3185 5184 Antiochiae,
3206 5114 3327 5170 sive
3348 5114 3449 5171 Dei
3487 5130 3643 5171 reve-

2067 5427 2174 5497 (68)
2196 5425 2431 5497 ,Reg.r‘2,
2461 5423 2524 5476 τὸ
2558 5420 2789 5497 ᾅμωμον
2839 5424 2929 5497 καὶ
2975 5419 3212 5494 ἀκριϐές.
3277 5426 3429 5497 Infro
3488 5426 3644 5482 idem

1992 5494 2167 5569 quem
2204 5494 2531 5568 sequimur,
2565 5495 2622 5569 ἐκ
2650 5494 2746 5569 τοῦ
2778 5494 2995 5556 πάντας.
3029 5496 3201 5567 Editi,
3242 5495 3367 5557 τοὺς
3418 5498 3640 5559 πάντας.

2064 5569 2178 5641 (69)
2207 5564 2346 5641 Tres
2379 5584 2546 5641 11185.,
2577 5564 2902 5641 ἐπίστευσεν.

2063 5636 2178 5711 (70)
2210 5640 2390 5695 Palat.
2428 5641 2479 5708 1,
2513 5639 2540 5692 ὁ
2573 5636 2831 5698 ἐναντίος.

2062 5709 2174 5784 (71)
2210 5713 2292 5786 Ita
2344 5711 2655 5786 Reg.-2,p3,
2685 5709 2973 5786 ethasil.
3010 5709 3109 5786 qui
3146 5710 3206 5765 in
3252 5710 3361 5767 hac
3402 5728 3638 5786 respon-

1991 5781 2165 5843 sione
2184 5784 2355 5856 plane
2386 5781 2621 5839 desinit.
2656 5781 2830 5854 Edit.,
2859 5781 2946 5835 καὶ
2977 5781 3145 5857 αἱρετ.
