4132 6354
405 402 521 462 627

1554 400 1616 460 S.
1665 395 2190 461 A'I‘HANASIUS.
2227 427 2304 440 —
2332 396 2645 458 SPURIA.

3710 395 3832 454 628

406 533 685 589 lationem
717 531 1000 604 apostolis
1034 531 1488 604 praecipientem,
1513 536 1578 587 ut
1602 548 1708 587 nos
1744 527 2063 586 Christiani

2195 527 2314 598 τμὸς
2348 529 2484 600 (72),
2513 523 2680 602 ἤγουν
2739 526 3080 600 ἀποκάλυψις
3138 529 3293 595 Θεοῦ,
3324 529 3441 588 τοῖς
3498 524 3834 588 ἀποστόλοις

414 621 881 678 nominaremur.
930 621 1213 684 Quocirca
1260 621 1572 693 diligenter
1618 622 1884 676 advertat
1933 617 2062 689 qui-

415 727 649 781 cunque
679 711 748 765 ad
784 709 1231 781 Christum§vult
1262 711 1556 777 accedere,
1605 726 1837 766 omnem
1888 709 2063 763 fidem

413 801 474 856 in
497 800 668 855 terris
698 799 936 854 nomine
963 799 1217 870 alicujus
1240 799 1498 854 hominis
1521 797 2066 871 appellari.Scilicet

413 889 703 945 aSimone
725 888 1046 943 Simoniani
1083 890 1382 956 dicuntur,
1428 906 1461 944 a
1496 888 1786 943 Marcione
1821 885 2065 942 Marcio-

413 979 572 1048 nitaa,
607 979 677 1032 ab
706 976 842 1032 Ario
873 977 1094 1044 Ariani,
1128 983 1184 1032 et
1216 977 1566 1032 Eunomiani
1596 980 1833 1049 prapter
1871 976 2064 1030 Euno-

415 1069 624 1123 mium.
657 1071 754 1120 Hae
787 1083 994 1122 omnes
1026 1070 1354 1137 caeteraeque
1384 1067 1550 1136 ﬁdes,
1583 1083 1708 1137 quae
1758 1064 2067 1120 hominum

417 1154 661 1213 nomina
691 1156 905 1227 ferunt,
938 1159 1113 1227 atque
1143 1155 1227 1210 ita
1257 1160 1493 1228 propter
1520 1155 1652 1210 illos
1673 1153 2066 1227 appellantur,

418 1261 537 1301 non
569 1249 710 1300 sunt
738 1243 866 1310 Dei,
899 1261 1087 1316 neque
1119 1249 1270 1301 Deus
1303 1244 1359 1299 in
1390 1244 1507 1300 illis
1537 1247 1645 1300 est.
1682 1244 1828 1301 Nam
1861 1243 1909 1299 si
1969 1240 2071 1297 Dei

419 1338 580 1403 sunt,
606 1350 710 1388 cur
736 1333 1043 1389 hominum
1077 1333 1415 1390 nominibus
1447 1332 1819 1406 appellantur
1848 1338 1906 1388 et
1932 1332 2072 1387 insi-

419 1421 754 1497 gniuntur?
783 1422 1060 1479 Gloriatio
1091 1424 1274 1496 igitur
1301 1423 1718 1495 gloriationum
1751 1423 1863 1478 erit
1904 1421 2074 1478 nobis

421 1512 710 1569 catholica
739 1511 1020 1582 Ecclesia,
1056 1517 1118 1568 ut
1146 1516 1204 1568 et
1253 1513 1409 1586 quod
1455 1511 1770 1568 Christiani
1821 1510 2075 1566 dicimur

423 1606 480 1659 et
506 1602 899 1670 nominamur,
933 1606 997 1657 ut
1025 1603 1126 1674 qui
1159 1619 1272 1658 non
1308 1602 1382 1658 ab
1413 1601 1756 1659 hominibus
1808 1600 2075 1658 nomine-

425 1708 583 1760 mur,
615 1691 716 1748 sed
748 1708 782 1747 a
810 1691 928 1747 Deo
959 1689 1391 1748 illuminemur.

498 1873 722 1968 Quass'r.
750 1870 940 1968 X_LVI.
973 1872 1116 1968 Quis
1147 1876 1282 1930 ante
1321 1887 1525 1929 omnes
1564 1874 1750 1928 Deum
1799 1869 1859 1925 in
1909 1870 2080 1927 terris
2110 1899 2160 1968 Β

428 1959 755 2017 nominavit
783 1961 969 2017 Deum
992 1961 1020 2016 ?

503 2049 676 2106 Rese.
710 2050 1020 2107 Diabolum
1053 2067 1183 2107 esse
1215 2050 1594 2108 manifestum
1635 2056 1743 2121 est,
1796 2070 1931 2110 cum
1975 2051 2082 2108 sci-

427 2137 566 2194 licet
597 2140 669 2195 ad
701 2140 879 2195 Evam
903 2140 1046 2195 dixit
1075 2156 1088 2195 :
1125 2162 1152 2190 «
1183 2140 1333 2204 Quid
1365 2140 1513 2195 dixit
1541 2141 1706 2198 vobis
1740 2147 1892 2198 Deus
1921 2146 1990 2197 ut
2017 2157 2085 2197 ex

433 2228 594 2284 omni
615 2227 798 2300 ligno,
821 2229 977 2301 quod
1003 2233 1093 2286 est
1111 2229 1169 2284 in
1193 2230 1487 2301 paradiso,
1509 2233 1861 2288 comedetis1
1878 2233 1906 2287 ?
1923 2255 1952 2283 »
1972 2232 2086 2287 Nec

433 2333 569 2374 vero
601 2319 659 2373 id
692 2318 960 2374 mireris:
997 2336 1251 2390 namque
1281 2335 1414 2373 cum
1447 2319 1716 2376 diabolus
1749 2322 1925 2377 fuerit
1944 2321 2085 2377 olim

438 2405 708 2479 angelus,
740 2411 882 2463 tunc
913 2424 1092 2478 supra
1121 2407 1417 2463 hominem
1451 2408 1756 2464 scientiam
1788 2409 2013 2465 habuit.

510 2515 738 2577 Qums'r.
771 2514 984 2570 XLVII.
1014 2514 1266 2570 Ubinam
1295 2530 1428 2570 vero
1461 2516 1800 2588 paradisum
1824 2517 2088 2572 dicemus

437 2602 609 2657 esse?
641 2599 754 2658 Alii
783 2602 942 2657 enim
971 2603 1378 2676 Jerosolymis,
1410 2604 1510 2659 alii
1533 2605 1592 2659 in
1615 2605 1776 2661 ccnlis
1797 2622 1933 2661 eum
1959 2623 2090 2661 esse

437 2692 626 2748 aiunt.

510 2782 682 2838 ﬁsse.
714 2784 896 2840 Nemo
927 2784 1138 2839 horum
1171 2801 1302 2840 vere
1333 2785 1529 2840 sentit.
1564 2785 1709 2840 Nam
1743 2786 1898 2857 quod
1926 2786 2088 2841 Jero-

435 2869 681 2943 solymis
712 2873 1023 2943 paradisus
1055 2890 1170 2928 non
1203 2873 1298 2940 sit,
1347 2878 1594 2929 testatur
1642 2874 1829 2928 Adam
1881 2874 1981 2944 qui
2028 2874 2087 2928 in

439 2961 593 3018 228
653 2961 913 3017 Calvario
953 2963 1128 3031 jacet.
1174 2963 1409 3018 Certum
1456 2966 1656 3018 autem
1709 2967 1798 3018 est
1843 2979 1978 3019 eum
2029 2963 2088 3017 in

430 3050 707 3122 paradiso
739 3051 1039 3123 sepultum
1073 3070 1186 3107 non
1218 3053 1420 3120 fuisse,
1456 3052 1557 3107 sed
1589 3057 1750 3108 extra
1790 3068 1924 3107 eum
1973 3053 2088 3122 eje-

429 3147 590 3195 ctum
624 3156 773 3196 esse.
807 3142 972 3208 Quod
1005 3146 1200 3196 autem
1233 3141 1543 3212 paradisus
1574 3156 1690 3195 non
1715 3140 1794 3195 sit
1823 3141 1881 3195 in
1904 3140 2086 3208 caelis,

420 3231 676 3284 testatur
693 3229 996 3299 Scriptura
1014 3245 1140 3301 quae
1165 3230 1269 3296 ait,
1292 3251 1320 3278 «
1346 3230 1415 3284 Et
1437 3229 1722 3300 plantavit
1744 3233 1897 3284 Deus
1919 3246 2083 3300 para-
2109 3269 2154 3339 C

425 3316 623 3372 disum
648 3317 709 3372 in
738 3318 898 3373 Eden
931 3319 1001 3372 ad
1035 3319 1319 3374 orientem
1343 3318 1385 3372 ³.
1421 3340 1448 3367 ››
1482 3318 1987 3386 ῡοοθῐῐιυιιὶιιρυο
2005 3318 2078 3372 ab

424 3405 649 3461 oriente
680 3406 963 3462 universae
993 3411 1158 3461 terrae
1189 3423 1318 3461 esse
1345 3406 1708 3477 paradisum.
1745 3405 1889 3461 Hinc
1932 3406 2078 3461 scri-

427 3493 579 3549 bunt
607 3495 868 3550 accurati
899 3495 1163 3550 historici
1194 3496 1374 3566 hujus
1407 3496 1488 3550 rei
1521 3511 1702 3550 causa
1758 3496 2082 3567 fragrantia

427 3587 693 3640 aromata
721 3601 923 3640 versus
953 3584 1264 3640 orientales
1299 3586 1418 3640 sive
1451 3584 1683 3640 Indicas
1715 3589 1910 3657 partes
1929 3587 2080 3641 exsi-

425 3677 601 3745 stere,
636 3679 836 3745 utpote
868 3690 999 3746 qua:
1031 3675 1304 3745 paradiso
1335 3675 1458 3728 sint
1507 3674 1836 3731 viciniores.
1890 3677 2080 3745 Atque

423 3771 487 3816 ut
517 3762 724 3833 palmae
757 3779 951 3819 mares
983 3763 1213 3834 palmas
1246 3763 1494 3818 feminas
1526 3764 1844 3834 proximas,
1878 3767 2077 3820 vento-

423 3867 558 3906 rum
591 3851 970 3923 aspiratione,
1005 3851 1432 3923 contingentes,
1465 3868 1564 3907 eas
1614 3851 1896 3908 fecundas
1948 3854 2078 3908 red-

427 3940 615 3997 dunt:
649 3941 734 3997 sic
766 3941 1088 4012 fragrantia
1133 3956 1262 4011 quas
1305 3957 1374 3996 ex
1419 3941 1714 4012 paradiso,
1765 3945 2074 3996 ventorum

427 4029 655 4096 afﬂatu,
703 4029 840 4096 exit,
887 4031 1124 4085 arbores
1168 4029 1430 4087 locorum
1481 4030 1716 4087 illorum
1769 4031 2077 4088 viciniores

426 4118 756 4189 fragrantes
787 4119 982 4174 efficit.

499 4387 724 4450 Qomsr.
757 4388 998 4444 XLVIII.
1047 4390 1384 4444 Dicimusne
1435 4388 1782 4460 paradisum
1833 4405 2078 4462 corrup-

2172 614 2533 690 ἐπιτρέπουσα
2573 613 2854 671 καλεῖσθαι
2911 619 3057 690 ἡμᾶς
3117 617 3492 689 Χριστιανοὺς.
3529 618 3621 671 Διὸ
3675 616 3829 691 ἀκρι-

2173 699 2286 766 ϐῶς
2315 707 2628 780 γινωσκέτω
2661 707 2689 760 6
2718 710 2797 777 τῷ
2829 707 3045 780 Χριστῷ
3091 703 3412 780 προσελθεῖν
3465 704 3826 780 βουλόμενος,

2175 791 2258 848 ὅτι
2306 800 2451 848 πᾶσα
2497 794 2676 857 πίστις
2727 794 2814 849 ἐπὶ
2849 802 2953 869 γῆς
2987 793 3062 849 εἰς
3095 790 3269 867 ὄνομα
3300 795 3590 870 ἀνθρώπου
3624 795 3831 869 ὀνομα-

2179 883 2396 953 ζομένη·
2436 883 2577 957 λέγω
2609 882 2676 952 δὴ
2710 883 2814 938 ἀπὸ
2857 882 3110 956 Σίμωνος
3163 883 3520 956 Σιμωνιανοὶ,
3575 885 3662 938 καὶ
3723 886 3832 940 ἀπὸ

2177 971 2500 1047 Μαρκίωνος
2558 974 2956 1048 Μαρκιωνιταὶ,
3015 974 3104 1027 καὶ
3181 974 3286 1028 ἀπὸ
3344 973 3563 1049 Ἀρείου
3623 976 3833 1050 ’Δρεια-

2175 1061 2283 1130 voi,
2315 1061 2404 1115 καὶ
2438 1059 2507 1115 δι’
2539 1061 2804 1136 Εὐνόμιον
2837 1061 3184 1136 Εὐνομιανοί·
3219 1063 3375 1118 αὗται
3422 1069 3589 1118 πᾶσαι
3637 1063 3724 1120 καὶ
3777 1066 3834 1119 αἱ

2179 1148 2390 1222 λοιπαὶ,
2438 1149 2491 1205 αἳ
2538 1151 2668 1206 εἷ’σιν
2721 1152 3018 1229 ἀνθρώπων
3074 1151 3333 1226 ὀνοματα,
3383 1152 3472 1208 καὶ
3517 1151 3591 1208 δι’
3638 1153 3838 1218 αὐτοὺς

2180 1238 2354 1302 οὕτως
2388 1239 2787 1314 ὀνομαζόμεναι
2819 1240 3051 1312 πίστεις,
3087 1241 3184 1296 οὐκ
3227 1240 3330 1296 eici
3377 1247 3474 1298 τοῦ
3519 1248 3675 1316 Θεοῦ,
3708 1242 3840 1300 οὐδὲ

2182 1331 2210 1384 6
2241 1331 2369 1392 Θεὸς
2403 1328 2452 1384 ἐν
2483 1330 2689 1393 αὐταῖς.
2725 1330 2786 1386 Εἰ
2824 1330 2926 1407 γὰρ
2975 1335 3070 1385 τοῦ
3114 1335 3248 1386 Θεοῦ
3300 1333 3423 1404 εἶσι,
3474 1333 3620 1395 τίνος
3671 1334 3838 1411 χάριν

2182 1419 2482 1495 ἀνθρώπων
2512 1419 2770 1493 ὀνόμασιν
2803 1421 3164 1494 ὀνομάζονταί
3206 1442 3265 1476 τε
3303 1420 3392 1476 καί
3438 1421 3793 1495 σεμνύνονται
3824 1443 3838 1492 ;

2184 1507 2462 1584 Καύχημα
2499 1510 2679 1564 τοίνυν
2723 1512 2858 1584 ἡμῖν
2906 1510 3016 1565 ἐστι
3066 1511 3440 1586 καυχημάτων
3482 1513 3516 1582 ἡ
3568 1510 3840 1580 καθολικὴ

2186 1597 2504 1670 Ἐκκλησία,
2577 1601 2663 1654 οιαὶ
2737 1601 2799 1656 τὸ
2874 1599 3232 1674 κηρύττεσθαι
3309 1601 3399 1656 καὶ
3477 1601 3842 1676 ὀνομάζεσθαι

2187 1688 2524 1764 Χριστιανοὶ,
2586 1688 2659 1750 ὡς
2722 1691 2797 1762 μὴ
2857 1689 3003 1765 παρὰ
3060 1688 3350 1765 ἀνθρώπου
3430 1689 3840 1764 ὀνομασθέντες,

2189 1775 2314 1832 ἀλλ’
2346 1776 2449 1832 ὑπὸ
2479 1782 2576 1832 τοῦ
2607 1781 2740 1833 Θεοῦ
2771 1777 3143 1856 φωτισθέντες.

2261 1868 2373 1941 (73)
2406 1868 2599 1941 Ἐρώτ.
2660 1852 2912 1941 μς’.⁷Τίς
2969 1852 3099 1944 πρὸ⁹
3142 1866 3355 1924 πάντων
3403 1867 3655 1943 ὠνόμασε
3709 1871 3842 1926 Θεὸν

2190 1955 2281 2011 τὸν
2315 1957 2443 2011 Θεὸν
2476 1955 2563 2012 ἐπὶ
2592 1964 2693 2034 γῆς
2721 1977 2733 2028 ;

2266 2045 2460 2102 Ἀπόκ.
2513 2045 2820 2123 Πρόδηλον,
2880 2044 2964 2101 δτι
3011 2047 3040 2101 ὁ
3093 2041 3374 2119 διάϐολος,
3423 2045 3513 2102 ὅτε
3560 2049 3696 2125 πρὸς
3743 2052 3846 2120 τήν

2193 2131 2334 2192 Εὕαν
2395 2132 2568 2210 ἔλεγε’
2603 2135 2721 2190 «Τί
2777 2135 2859 2190 ὅτι
2910 2135 3053 2191 εἶπεν
3103 2137 3229 2208 ὑμῖν
3277 2137 3304 2190 6
3349 2136 3497 2203 Θεὸς,
3544 2137 3650 2192 ἀπὸ
3712 2161 3851 2194 παν-

2193 2223 2284 2285 τὸς
2347 2223 2510 2294 ξύλου
2562 2229 2658 2279 τοῦ
2713 2224 2764 2279 ἐν
2821 2229 2901 2296 τῷ
2955 2221 3265 2299 παραδείσῳ
3309 2230 3524 2302 φαγεῖν,
3556 2250 3584 2278 ››
3628 2229 3715 2281 καὶ
3772 2230 3848 2301 μὴ

2195 2314 2470 2388 θαυμάσῃς
2532 2319 2711 2369 τοῦτο’
2747 2315 2983 2389 ἅγγελος
3039 2314 3140 2390 γὰρ
3200 2310 3273 2368 ὤν
3334 2335 3466 2370 ποτε
3505 2316 3533 2371 6
3567 2312 3849 2389 διάϐολος,

2198 2403 2314 2478 εἶχε
2345 2407 2544 2477 γνῶσιν
2581 2405 2711 2479 ὑπὲρ
2744 2403 2835 2459 τὸν
2864 2401 3146 2479 ἄνθρωπον
3178 2403 3316 2460 τότε.

2271 2511 2464 2583 Ἐρώτ.
2501 2513 2606 2583 μζ’.
2642 2514 2750 2568 ΙΙοῦ
2784 2511 3014 2584 θέλομεν
3049 2509 3249 2584 λέγειν,
3280 2511 3360 2566 ὅτι
3409 2510 3547 2566 ἔστιν
3601 2515 3628 2568 6
3678 2514 3850 2590 παρά-

2199 2597 2374 2664 δεισος
2407 2621 2419 2670 ;
2453 2602 2519 2658 Οἱ
2551 2602 2645 2674 μὲν
2677 2601 2776 2676 γάρ
2829 2623 3008 2676 φασιν,
3042 2600 3124 2655 ὅτι
3174 2601 3226 2656 ἐν
3276 2601 3662 2677 Ἰερουσαλὴμ,
3696 2607 3748 2659 οἱ
3795 2602 3852 2660 δὲ

2198 2689 2248 2743 ἐν
2283 2690 2556 2766 οὐρανοῖς.

2271 2778 2461 2838 Ἀπόκ.
2496 2783 2608 2852 (74)
2666 2776 2809 2836 Οὐδὲ
2867 2782 2945 2842 εἷς
3000 2782 3107 2834 τῶν
3171 2777 3266 2833 δύο
3322 2778 3550 2851 ἀληθής.
3603 2783 3706 2838 Καὶ
3765 2782 3850 2838 ὅτι

2204 2869 2298 2940 μὲν
2333 2869 2432 2923 οὐκ
2491 2868 2542 2923 ἐν
2591 2867 2954 2944 Ἰερουσαλήμ
3001 2868 3143 2924 ἔστιν
3193 2871 3220 2924 6
3263 2867 3581 2944 παράδεισος
3640 2891 3844 2946 μαρτυ-

2201 2963 2283 3032 ρεῖ
2322 2959 2349 3012 6
2380 2955 2556 3030 Ἀδὰμ
2594 2959 2623 3012 ὁ
2669 2958 2719 3012 ἐν
2772 2962 2850 3029 τῷ
2905 2957 3116 3032 Κρανίῳ
3157 2957 3422 3032 κείμενος.
3471 2956 3715 3028 Εὔδηλον
3761 2957 3842 3031 δὲ,

2199 3046 2283 3102 ὅτι
2317 3046 2414 3101 οὐκ
2459 3046 2510 3102 ἐν
2560 3051 2638 3118 τῷ
2679 3044 2991 3121 παραδείσῳ
3023 3046 3215 3124 ἐτάφη,
3249 3046 3374 3104 ἀλλ’
3402 3042 3687 3118 ἐξεϐλήθη.
3720 3051 3848 3105 ’Ότι

2200 3134 2258 3191 δὲ
2290 3135 2389 3190 οὐκ
2419 3136 2514 3208 (ἐν)
2549 3137 2803 3212 οὐρανοῖς
2851 3135 2992 3190 ἐστιν
3053 3138 3080 3191 6
3139 3134 3463 3210 παράδεισος
3523 3143 3784 3213 μαρτυρεῖ
3814 3141 3850 3208 ἡ

2200 3227 2385 3303 Γραφὴ
2448 3225 2704 3299 λέγουσα.
2731 3250 2757 3278 ‹‹
2794 3225 2895 3283 Καὶ
2956 3224 3234 3304 ἐφύτευσεν
3269 3227 3296 3280 ὁ
3339 3227 3467 3289 Θεὸς
3524 3224 3850 3302 παράδεισον

2195 3312 2247 3367 ἐν
2280 3311 2448 3385 Ἑδὲμ
2477 3313 2613 3367 κατά
2643 3311 2929 3376 ἀνατολάς.
2966 3337 2994 3365 ιο
3026 3311 3274 3368 Διδάσκεῖ
3324 3313 3416 3369 οὖν
3465 3317 3636 3387 ἡμᾶς,
3671 3313 3753 3369 δτι
3801 3315 3852 3386 ἐξ

2192 3401 2474 3458 ἀνατολῶν
2531 3402 2711 3473 πάσης
2767 3406 2866 3467 τῆς
2921 3409 3023 3479 γῆς
3075 3402 3216 3458 ἐστιν
3247 3405 3274 3458 6
3305 3401 3660 3480 παράδεισος.
3693 3405 3850 3461 Ὅθεν

2189 3491 2344 3569 φασὶν
2390 3491 2657 3566 ἱστορικοί
2703 3513 2843 3553 τινες
2892 3488 3135 3569 ἀκριϐεῖς
3193 3489 3384 3554 παῖδες
3417 3496 3552 3567 (75),
3588 3494 3673 3548 ὅτι
3723 3495 3849 3548 τού-

2187 3601 2284 3635 του
2328 3580 2490 3656 χάριν
2541 3582 2714 3636 πάντα
2765 3582 2832 3636 τὰ
2880 3579 3056 3653 εὐώδη
3089 3585 3195 3636 τῶν
3230 3581 3536 3656 ἀρωμάτων
3597 3583 3722 3658 περὶ
3786 3583 3853 3637 τὰ

2189 3669 2648 3746 ἀνατολικώτερα,
2701 3668 2867 3746 ἤγουν
2911 3671 2977 3725 τὰ
3026 3668 3223 3728 Ἰνδικὰ
3281 3673 3444 3747 μὲρη,
3509 3673 3844 3749 ὑπάρχουσιν

2191 3760 2264 3820 ὡς
2306 3759 2676 3835 πλησιόχωρα
2733 3759 3077 3836 τυγχάνοντα
3149 3765 3246 3815 τοῦ
3330 3759 3681 3836 παραδείσου.
3744 3762 3842 3816 Καὶ

2189 3847 2369 3925 ὥσπερ
2401 3849 2639 3926 φοίνικες
2675 3851 2891 3926 ἄρσενες
2948 3849 3075 3912 τοὺς
3135 3847 3539 3919 πλησιάζοντας
3595 3852 3842 3929 φοίνικας

2191 3937 2463 4007 θηλυκοὺς
2493 3942 2561 4012 τῇ
2603 3941 2740 4011 πνοῇ
2790 3942 2896 3992 τῶν
2949 3938 3161 4011 ἀνέμων
3223 3934 3676 4012 συμϐιόάζοντες,
3708 3961 3845 4016 καρ-

2187 4027 2463 4105 ποφόρους
2511 4029 2629 4102 (76)
2659 4031 2929 4082 ποιοῦσιν·
2983 4027 3127 4082 οὕτω
3178 4025 3244 4097 δὴ
3291 4028 3380 4082 καὶ
3426 4027 3484 4083 ἐκ
3533 4034 3630 4084 τοῦ
3678 4050 3847 4106 παρα-

2188 4113 2368 4172 δείσου
2415 4122 2482 4190 τῇ
2529 4122 2637 4172 τῶν
2688 4117 2902 4189 ἀνέμων
2952 4121 3094 4190 πνοῇ
3146 4115 3346 4172 εὐωδία
3392 4116 3721 4194 ἐξερχομένη
3777 4120 3845 4174 τὰ

2186 4205 2542 4282 πλησιώτερα
2599 4208 2712 4261 τῗλν
2769 4207 2941 4261 ἐκεῖσε
2995 4206 3178 4261 τόπων
3231 4204 3421 4283 δένδρα
3477 4207 3840 4282 ἀρωματίζειν

2187 4316 2354 4351 ποιιι.

2259 4384 2453 4460 Ἐρώτ.
2491 4386 2603 4456 μη’.
2657 4385 2900 4458 Φθαρτὸν
2965 4383 3060 4456 μὲν
3121 4405 3293 4462 φαμεν
3350 4386 3442 4440 τὸν
3491 4383 3842 4463 παράδεισον,

427 4476 573 4532 tioni
607 4477 924 4533 obnoxium
957 4495 1110 4546 esse,
1144 4495 1216 4532 an
1248 4477 1655 4549 incorruptum
1678 4479 1706 4532 ‘?

2195 4475 2222 4542 ἢ
2257 4471 2526 4549 ἄφθαρτον
2556 4494 2569 4538 ;

498 4565 670 4622 Βεερ.
702 4567 903 4637 Neque
930 4567 1295 4638 corruptioni
1315 4567 1634 4621 obnoxium
1661 4567 1936 4633 dicimus,
1961 4584 2076 4638 quo

2261 4561 2454 4618 Ἀπόκ.
2487 4560 2621 4616 Οὔτε
2651 4561 2882 4640 φθαρτὸν
2914 4562 3072 4618 αὐτὸν
3117 4562 3351 4637 λὲγομεν
3403 4565 3538 4620 κατὰ
3586 4567 3686 4635 τήν
3733 4571 3840 4621 τῶν

427 4655 602 4710 modo
634 4661 848 4710 nostrae
870 4657 1107 4711 arbores
1121 4663 1178 4710 et
1196 4655 1419 4710 fructus
1451 4655 1758 4727 putredine
1778 4661 1837 4711 et
1864 4657 2076 4710 vermi-

2195 4653 2311 4727 παρ’
2360 4653 2521 4724 ἡμῶν
2569 4655 2746 4729 φυτῶν
2798 4672 2857 4705 τε
2903 4651 2993 4706 καὶ
3034 4658 3255 4728 καρπῶν
3290 4657 3452 4727 σῆψιν
3504 4655 3594 4709 καὶ
3627 4655 3846 4726 σκωλη-

431 4744 544 4798 bus
570 4749 1048 4815 corrumpuntur.
1094 4745 1209 4799 Nec
1256 4743 1393 4799 item
1443 4761 1649 4800 rursus
1697 4745 2075 4816 incorruptus

429 4831 602 4903 plane
623 4838 731 4897 est,
767 4835 948 4888 futuri
981 4832 1177 4888 saeculi
1211 4850 1325 4888 non
1359 4832 1612 4906 amplius
1661 4835 2075 4891 veterascentis

420 4922 880 4992 incorruptione.
916 4921 1131 4978 Verum
1165 4923 1213 4976 si
1245 4938 1378 4977 cum
1416 4923 1631 4978 nostris
1683 4923 1971 4978 fructibus
2019 4929 2076 4981 et

423 5011 614 5068 hortis
645 5017 1038 5083 comparatur,
1071 5011 1229 5066 omni
1263 5011 1634 5084 corruptione
1665 5013 1934 5084 superior
1953 5019 2071 5072 est:

423 5107 483 5158 at
513 5102 563 5158 si
595 5117 731 5158 cum
764 5100 952 5174 gloria
992 5102 1324 5157 futurorum
1376 5101 1664 5158 bonorum
1716 5103 2070 5176 conferatur,

2185 4762 2294 4795 κων
2354 4741 2621 4811 ποιότητα
2655 4761 2667 4774 ⁶
2721 4738 2845 4796 οὔτε
2925 4743 3031 4814 μὴν
3115 4744 3289 4814 πάντη
3348 4741 3512 4798 πάλιν
3569 4743 3838 4822 ἄφθαρτον

2184 4833 2319 4886 κατό⁴
2373 4833 2470 4901 τὴν
2534 4836 2629 4886 τοῦ
2691 4829 2995 4904 μέλλοντος
3046 4832 3246 4894 αἰῶνος
3278 4833 3595 4910 ἀφθαρσίαν,
3629 4835 3720 4889 καὶ
3778 4834 3842 4890 οὐ

2184 4923 2479 4995 γινομένην
2539 4920 2867 4978 παλαίωσιν.
2929 4920 3105 4977 Ἀλλὰ
3171 4922 3310 4998 πρὸς
3372 4924 3465 4996 μὲν
3525 4923 3655 4987 τοὺς
3713 4928 3842 5002 παρ’

2182 5013 2318 5084 ἡμῖν
2371 5011 2616 5086 καρπούς
2670 5031 2729 5066 τε
2788 5012 2876 5065 καὶ
2955 5009 3312 5085 παραδείσους
3388 5013 3565 5084 πάσης
3633 5015 3840 5091 φθορᾶς

2181 5100 2321 5156 ἐστιν
2358 5099 2721 5176 ὑψηλότερος·
2756 5102 2889 5172 πρὸς
2921 5097 3103 5169 δὲτὴν
3139 5098 3293 5171 δόξαν
3351 5105 3458 5157 τῶν
3519 5101 3839 5177 μελλόντων

495 5285 510 5318 ¹
546 5283 688 5339 Gen.
723 5298 807 5351 III,
842 5283 892 5337 1.
969 5281 992 5316 ²
1021 5280 1163 5338 Gen.
1199 5297 1262 5352 II,
1293 5281 1347 5335 8.

495 5462 605 5534 (72)
635 5465 724 5517 Ita
769 5461 1010 5534 quidam
1061 5475 1204 5534 mss.
1230 5457 1393 5534 _Edi_li
1434 5475 1592 5534 vero,
1622 5459 2066 5534 Χριστιανισμός.

495 5529 605 5603 (73)
640 5533 771 5620 llaec
787 5529 1046 5620 quaestio
1073 5531 1318 5620 inferius
1339 5529 1598 5620 habetur
1619 5529 1769 5620 inn't‘er
1799 5529 2070 5620 quastio-

423 5619 528 5659 nes
561 5607 932 5674 posteriores.
967 5605 1111 5659 Ibid.
1145 5620 1289 5675 mss.
1326 5605 1587 5673 quidam,
1622 5605 1748 5659 Θεὸν
1780 5605 1869 5659 τὸν
1916 5605 2066 5675 Θεόν,

424 5673 594 5730 recte.
634 5681 693 5729 In
727 5677 920 5742 editis,
942 5675 1033 5730 τὸν
1066 5673 1217 5740 Θεόν,
1250 5675 1452 5730 semel.

494 5748 608 5818 (74)
643 5747 769 5803 Haec
799 5749 1123 5814 atteruntur
1154 5749 1224 5807 ab
1273 5751 1577 5820 Anonymo
1604 5747 1936 5808 Ravennate
1965 5765 2069 5821 per

2178 5459 2247 5516 D.
2280 5456 2584 5513 Placidum
2619 5457 2942 5515 Porcheron
2977 5459 3154 5527 edito,
3188 5474 3244 5529 p.
3282 5458 3367 5514 14.

2248 5531 2360 5602 (75)
2394 5534 2482 5584 Ita
2514 5530 2752 5596 quidam
2787 5547 2929 5586 mss.
2960 5530 3112 5586 Editi
3144 5547 3302 5599 vero,
3333 5529 3620 5604 ἱστορικῶν
3679 5533 3835 5605 ἀκρι-

2178 5597 2287 5655 ϐῶν
2320 5598 2528 5660 παῖδες.
3859 5598 3874 5610 ’

2251 5675 2365 5746 (76)
2397 5674 2532 5746 Reg.
2565 5675 2626 5744 2,
2655 5676 3113 5748 καρποφοροῦσιν.
