4132 6366
270 466 406 529 629

1247 462 1763 535 QUESTIONES
1809 459 1912 519 AD
1958 459 2414 520 ANTIOCHUM
2466 458 2760 520 DUCEM.

3593 458 3713 518 630

272 598 528 674 ἀγαθῶν,
561 599 638 653 ὧν
674 595 964 677 ὀφθαλμὸς
994 594 1093 651 οὐκ
1124 591 1252 665 εἶδε,
1304 594 1391 649 καὶ
1426 592 1518 656 οὖς
1572 591 1671 649 ούκ
1725 588 1922 661 ἥκουσι

2063 608 2188 665 quae
2210 591 2415 648 oculus
2441 608 2555 647 non
2574 591 2627 646 vi
2644 591 2850 659 iit,nec
2865 590 3022 646 auris
3038 589 3387 659 audivit,nec
3412 590 3471 646 in
3493 589 3709 646 corho-

273 690 427 743 πάνυ
460 686 666 763 ἐλαχύς
698 687 807 744 ἐστι
840 686 931 741 καὶ
961 684 1289 741 πιστεύεται.

356 779 553 854 Ἐρώτ.
593 780 700 851 μθ’.
736 778 852 852 (77)
885 774 1060 832 Πόσον
1095 774 1295 850 χρόνον
1330 774 1379 829 ἐν
1412 770 1723 849 παραδείσῳ
1753 770 1947 841 ἐποίη-

280 886 374 922 σεν
410 869 437 922 6
470 865 654 941 Ἀδάμ
676 887 689 937 ;

359 956 551 1015 Ἀπόκ.
607 950 1131 1035 Ἀμφιϐαλλόμενον
1175 958 1291 1015 τοῖς
1338 953 1599 1029 πατράσιν
1652 952 1943 1027 ἠρώτησας

277 1040 613 1119 πρόϐλημα.
675 1045 738 1099 Οἱ
798 1046 893 1118 μὲν
928 1042 1029 1119 γάρ
1089 1064 1243 1121 φασιν
1301 1042 1653 1115 ἑξαμηνιαῖον
1715 1040 1942 1116 χρόνον,

282 1134 343 1188 ol
374 1131 428 1189 δὶ
485 1132 732 1190 πλείονα·
795 1131 962 1188 ἄλλοι
1016 1129 1074 1187 δὲ
1129 1131 1388 1194 τοσαύτας
1450 1130 1593 1207 ὥρας
1626 1129 1716 1185 καὶ
1753 1130 1940 1203 μόνον,

286 1222 416 1285 ὅσας
448 1225 475 1277 6
535 1223 732 1300 Κύριος
782 1224 834 1277 ἐν
884 1225 963 1293 τῷ
1010 1219 1164 1294 ξύλῳ
1203 1224 1301 1275 τοῦ
1352 1226 1585 1293 σταυροῦ
1619 1218 1940 1288 πεποίηκεν,

288 1312 420 1387 ὅπερ
470 1312 627 1385 οἶμαι
676 1311 1037 1387 ἀληθὲστιρον
1093 1312 1252 1365 εἶναι’
1310 1307 1484 1387 ἕτεροι
1541 1308 1598 1364 δὲ
1647 1308 1793 1364 ἐννέα
1850 1306 1939 1363 καὶ

303 1402 463 1475 μόνον
495 1401 639 1479 ὥρας
669 1410 914 1473 ποιῆσαι.

371 1491 565 1567 Ἑρώτ.
598 1493 661 1546 ν’.
696 1497 805 1566 (78)
835 1492 893 1545 Τί
925 1488 979 1546 δὲ
1026 1491 1093 1560 ἦν
1142 1492 1243 1567 ἄρα
1290 1491 1353 1545 τὸ
1406 1488 1588 1562 ξύλον,
1638 1489 1689 1560 ἐξ
1737 1488 1800 1543 οὗ
1846 1488 1938 1542 τὸν

300 1581 501 1656 καρπὸν
534 1576 727 1657 ἔφαγεν
760 1583 787 1635 6
818 1578 1025 1653 Ἀδάμ;

369 1669 557 1727 Ἀπόκ.
606 1668 743 1727 Οὐδὲ
797 1669 848 1725 ἐν
906 1670 1086 1743 τούτῳ
1157 1671 1460 1747 συμφώνως
1538 1668 1814 1743 εἰρήκασιν
1887 1670 1939 1723 οἱ

299 1758 545 1832 Πατέρες·
608 1758 695 1813 καὶ
756 1757 1001 1822 δικαίως.
1081 1761 1252 1836 ’Όπερ
1323 1760 1423 1836 γὰρ
1483 1761 1516 1829 ἡ
1578 1757 1695 1813 θεία
1752 1760 1937 1836 Γραφη

288 1846 541 1909 ἑκουσίως
598 1847 946 1924 ἀπέκρυψεν,
1007 1846 1182 1911 οὐδεὶς
1242 1848 1379 1903 κατά
1433 1842 1709 1922 ἀκρίϐειαν
1771 1846 1935 1902 εἰπεῖν

2056 682 2235 739 minis
2270 683 2686 748 accenderunt,
2705 680 2870 736 valde
2902 680 3141 736 inferior
3160 684 3215 735 et
3236 684 3325 736 est
3345 685 3401 736 et
3430 680 3707 736 creditur.

2126 773 2352 837 Qumsr.
2408 771 2591 826 XLIX.
2644 771 2941 835 Quantum
2986 770 3264 842 temporis
3322 770 3380 824 in
3430 771 3706 841 paradiso

2054 862 2275 918 mansit
2305 862 2491 917 Adam
2510 861 2537 915 ?

2124 953 2292 1007 lisse.
2328 952 2470 1006 Rem
2505 951 2575 1005 de
2608 967 2723 1022 qua
2754 966 2869 1005 non
2902 948 3281 1004 consentiunt
3327 948 3528 1004 Patres
3579 966 3709 1021 pro-

2052 1043 2243 1113 ponis.
2276 1040 2386 1096 Alii
2418 1040 2573 1095 enim
2608 1056 2707 1095 sex
2738 1056 2995 1107 menses,
3029 1037 3123 1093 alii
3157 1036 3382 1094 diutius
3422 1038 3710 1094 mansisse

2049 1129 2531 1198 existimant,alii
2563 1132 2648 1184 tot
2679 1129 3001 1201 horas(nec
3024 1127 3305 1200 amplius)
3338 1131 3481 1199 quot
3512 1128 3703 1183 Domi-

2048 1237 2163 1275 nus
2214 1221 2273 1275 in
2324 1220 2481 1292 ligno
2527 1219 2718 1275 crucis
2760 1218 2999 1284 mansit,
3034 1218 3187 1289 quod
3228 1218 3481 1273 arbitror
3511 1219 3705 1275 verius

2048 1326 2198 1366 esse.
2234 1314 2306 1365 At
2338 1308 2434 1365 alii
2467 1326 2602 1364 vero
2635 1324 2839 1363 novem
2874 1311 3105 1363 tantum
3136 1308 3331 1363 horas.

2118 1489 2345 1553 Ouzssr.
2380 1488 2441 1543 L.
2478 1486 2656 1553 Quale
2688 1486 2915 1559 lignum
2940 1486 3069 1553 fuit,
3096 1487 3267 1557 cujus
3301 1487 3530 1544 fruetus
3561 1488 3709 1543 Ada-

2048 1594 2181 1633 mus
2215 1577 2512 1634 comedit?

2116 1672 2287 1724 Rsse.
2322 1667 2437 1722 Nec
2468 1668 2576 1723 hac
2607 1667 2663 1722 iu
2694 1684 2755 1721 re
2785 1665 3159 1722 consentiunt
3206 1666 3426 1737 Patres,
3479 1672 3537 1723 et
3581 1685 3701 1725 me-

2045 1757 2177 1814 rito.
2197 1758 2358 1823 Quod
2391 1757 2547 1812 enim
2582 1756 2779 1811 divina
2810 1756 3114 1827 Scriptura
3136 1760 3343 1827 sponte
3366 1756 3702 1827 occultavit,

2045 1864 2216 1903 nemo
2247 1846 2535 1919 exquisite
2565 1846 2756 1919 potuit
2785 1845 2997 1902 dicere.
3019 1846 3181 1901 Unde
3203 1844 3301 1901 alii
3322 1846 3500 1903 ﬁcum
3522 1848 3702 1905 fuisse

282 1933 520 2011 ἴσχυσεν.
579 1938 741 2001 ’Ὀοεν
799 1938 851 1993 οἱ
911 1938 1005 2011 μὲν
1036 1942 1197 1993 σῦκον
1248 1936 1383 1992 εἶναί
1426 1958 1557 2015 φασι
1584 1936 1675 1991 τὸν
1709 1936 1912 2011 καρπὸν

2051 1936 2216 1994 illum
2252 1937 2508 1992 fructum
2528 1939 2772 2008 putant:
2794 1935 2892 1991 alii
2917 1936 3173 1990 fructum
3195 1935 3520 2006 spiritalem
3545 1937 3703 2010 (78‘),

280 2022 447 2080 ἄλλοι
478 2022 537 2080 δὲ
564 2029 665 2095 τήν
696 2034 797 2096 τῆς
831 2027 969 2090 Εὔας
1004 2027 1252 2103 θεωρίαν.
1297 2032 1454 2082 Δοκεῖ
1497 2025 1554 2081 δέ
1599 2047 1707 2080 τισι
1766 2023 1936 2097 μηδα-

281 2119 403 2185 μῶς
439 2110 773 2191 βεϐρωκέναι
827 2118 916 2171 τὸν
968 2115 1149 2189 Ἀδὰμ
1195 2116 1247 2171 ἐν
1293 2121 1373 2189 τῷ
1410 2113 1742 2192 παραδείσῳ.
1777 2121 1933 2177 ’Ίσως

275 2198 335 2257 δὲ
366 2203 395 2257 6
426 2209 642 2276 πρῶτος
668 2206 1032 2281 ἀΑηθὲστερος
1068 2204 1321 2281 ὑπάρχει,
1358 2207 1386 2261 6
1430 2210 1527 2260 τοῦ
1582 2203 1769 2277 σύκου,
1818 2206 1932 2278 (79)

270 2288 370 2347 διὰ
396 2294 459 2347 τὸ
486 2300 603 2357 τοῖς
636 2293 874 2364 φύλλοις
905 2296 1070 2351 αὑτοῦ
1103 2295 1177 2357 εἷς
1210 2297 1411 2366 σκέπην
1468 2296 1772 2372 χρήσασθαι
1802 2292 1930 2355 τοὺς

264 2383 649 2459 προπάτορας,
681 2384 771 2438 καὶ
796 2381 885 2439 διὰ
912 2385 973 2440 τὸ
1004 2387 1102 2453 την
1149 2392 1315 2454 συκῆν
1366 2383 1583 2461 ὕστερον
1644 2384 1746 2439 ὑπὸ
1803 2385 1931 2459 Χρι-

263 2474 405 2524 στοῦ
461 2478 869 2546 καταραθεῖσαν.
930 2475 1016 2547 ('0
1069 2470 1126 2528 δὲ
1185 2472 1236 2529 ἐν
1292 2472 1468 2549 ἀγῖοις
1545 2470 1820 2548 Ἰσίδωρος
1902 2474 1929 2527 ὁ

260 2557 673 2629 Πηλουσιώτης
705 2562 758 2617 ἐν
786 2566 857 2636 τῇ
889 2566 1231 2636 πεντηκοστῇ
1265 2561 1429 2617 αὐτοῦ
1477 2563 1668 2637 πρώτῃ
1720 2561 1929 2617 ἐπιστο-

260 2644 349 2719 λῇ
381 2669 566 2725 φησιν,
600 2650 682 2704 ’ὁτι
716 2655 877 2706 σῦκον
932 2653 1023 2724 ἧν,
1050 2651 1100 2722 ἐξ
1134 2649 1196 2705 οὗ
1236 2651 1290 2706 οἱ
1336 2652 1676 2725 προπάτορες
1730 2648 1928 2728 ἔφαγον

255 2736 498 2811 καρπόν·
534 2739 624 2792 καὶ
654 2737 740 2794 ὅτι
774 2741 879 2795 ἀπὸ
912 2740 1157 2817 ἀρχαίων
1188 2739 1455 2817 γερόντων
1498 2740 1736 2817 ἐγνώσθη
1781 2738 1927 2813 αύτῷ

255 2830 481 2896 τοῦτο.)

345 2916 539 2992 Ἐρώτ.
600 2919 698 2974 να’.
762 2917 860 2973 Καὶ
918 2918 965 2975 εἱ
1037 2921 1113 2992 μή
1192 2915 1403 2995 παρέϐη
1464 2920 1491 2974 6
1552 2916 1745 2993 Ἀδὰμ,
1807 2924 1923 2982 πῶς

255 3000 505 3078 ἔμελλεν
559 3006 802 3082 γενέσθαι
853 3010 880 3063 6
934 3008 1051 3085 βίος
1082 3014 1188 3064 τῶν
1220 3010 1520 3087 ἀνθρώπων
1553 3010 1642 3065 καὶ
1692 3010 1754 3066 τὸ
1784 3009 1926 3080 πλῆ-

253 3096 363 3157 θος
390 3140 404 3164 ,

344 3184 534 3243 Ἀπόκ,
568 3183 829 3244 Ἦδύνατο
878 3189 907 3244 6
957 3186 1107 3265 λόγῳ
1155 3190 1560 3263 συστησάμενος
1615 3188 1679 3244 τὸ
1708 3188 1922 3254 πλῆθος

249 3278 375 3330 τῶν
408 3273 680 3350 ἀγγέλων,
724 3276 897 3350 τιμίῳ
943 3278 1050 3333 τινὶ
1099 3279 1188 3333 καὶ
1235 3283 1456 3355 καθαρῷ
1486 3277 1672 3353 τρόπῳ
1726 3280 1923 3349 συστή-

2046 2025 2145 2082 alii
2166 2030 2291 2082 Eva:
2315 2024 2893 2096 contemplationem.
2918 2023 3433 2094 Nonnullisletiam
3475 2024 3703 2083 videtur

2044 2115 2193 2171 nihil
2237 2116 2295 2170 in
2328 2115 2599 2188 paradiso
2631 2114 2957 2171 comedisse
2986 2114 3267 2169 Adamus.
3302 2114 3469 2171 Forte
3499 2118 3697 2173 tamen

2042 2206 2233 2261 verior
2257 2210 2347 2261 est
2379 2205 2571 2277 prima
2599 2203 2890 2260 sententia
2920 2220 3045 2273 quae
3071 2203 3247 2258 ﬁcum
3280 2204 3464 2260 fuisse
3494 2206 3695 2261 defen-

2046 2296 2305 2367 dit,quia
2327 2295 2552 2350 scilicet
2582 2294 2762 2366 hujus
2795 2292 2951 2350 foliis
2982 2294 3072 2349 usi
3106 2298 3246 2349 sunt
3275 2295 3449 2366 primi
3482 2312 3692 2367 paren-

2040 2388 2130 2441 tes
2160 2384 2232 2440 ad
2265 2401 2326 2440 se
2359 2385 2694 2456 tegendum,
2718 2388 2773 2439 et
2804 2384 2958 2455 quod
2993 2386 3194 2455 postea
3225 2384 3371 2440 ﬁcus
3400 2402 3433 2439 a
3461 2385 3691 2442 Christo

2040 2474 2351 2531 maledicta
2381 2475 2572 2530 fuerit.
2598 2475 2866 2544 (Sanctus
2900 2478 3094 2529 autem
3116 2472 3377 2530 Isidorus
3398 2475 3696 2531 Pelusiota

2038 2563 2098 2618 in
2129 2563 2620 2635 quinquagesima
2650 2563 2841 2634 prima
2868 2562 3056 2636 ipsius
3087 2563 3355 2636 epistola,
3390 2564 3469 2618 ait
3512 2565 3691 2621 ficum

2037 2652 2239 2721 fuisse,
2273 2654 2443 2725 cujus
2474 2653 2727 2708 fructum
2760 2652 2935 2724 primi
2967 2658 3238 2725 parentes
3286 2654 3686 2723 comederunt,

2035 2743 2309 2815 quodque
2339 2742 2396 2797 id
2429 2744 2501 2798 ab
2532 2742 2797 2814 antiquis
2825 2742 3067 2799 senibus
3094 2743 3428 2814 audiverit.)

2107 2919 2334 2983 Qua-:31.
2368 2920 2641 2977 LI.Porro
2660 2918 2708 2976 si
2724 2921 2908 2975 Adam
2941 2936 3056 2977 non
3075 2920 3488 2991 prazvaricatus
3510 2926 3688 2990 esset,

2036 3009 2241 3082 quales
2271 3010 2520 3066 debebat
2551 3027 2679 3067 esse
2708 3008 3017 3065 hominum
3050 3010 3163 3067 vita
3192 3014 3250 3066 et
3280 3009 3644 3067 multitudo?

2108 3189 2276 3245 lisse.
2329 3190 2558 3245 Poterat
2605 3194 2788 3255 Deus,
2838 3188 2938 3261 qui
3005 3189 3178 3245 verbo
3245 3187 3689 3246 multitudinem

2038 3278 2380 3350 angelorum
2412 3284 2724 3345 creaverat,
2757 3279 3087 3334 venerando
3136 3279 3392 3350 quodam
3440 3283 3498 3333 et
3542 3296 3688 3350 puro

254 3337 729 3435 σασθαιηπλῆθος
785 3337 977 3441 γένους
1033 3337 1574 3443 ἀνθρώπων.¹¹ί”ινξς
1635 3337 1693 3422 δέ
1740 3337 1920 3445 φασιν,

2051 3369 2210 3424 nodo
2233 3369 2675 3425 multitudinem
2702 3368 2948 3425 humani
2962 3367 3193 3441 generis
3215 3368 3688 3432 creare.Quidam

253 3452 371 3521 ὅτι,
401 3458 501 3509 τοῦ
530 3460 663 3510 Θεοῦ
712 3453 868 3531 ἄρσεν
926 3456 1013 3512 καὶ
1065 3456 1206 3527 θῆλυ
1256 3458 1609 3527 ποιήσαντος,
1662 3455 1919 3528 εὔδηλον,

256 3542 347 3599 ὅτι
378 3545 469 3619 γιά
500 3545 899 3621 σπερμογονίας
934 3542 1213 3616 ἐϐουλήθη
1255 3548 1282 3602 6
1332 3552 1463 3608 Θεὸς
1505 3546 1568 3601 τὸ
1614 3545 1761 3621 γένος
1811 3551 1917 3601 τῶν

257 3632 568 3708 ἀνθρώπων
634 3636 1018 3705 συστήσασθαι.
1068 3638 1265 3708 ’Όμως
1315 3633 1373 3690 δὲ
1404 3636 1503 3691 οὐκ
1527 3632 1799 3705 ἠϐούλετο
1833 3634 1922 3691 διὰ

262 3729 565 3797 παρακοῆς,
600 3721 745 3779 ἀλλὰ
777 3725 911 3797 μετὰ
937 3733 1106 3798 τιμῆς
1139 3726 1381 3798 γενέσθαι
1410 3728 1594 3783 τοῦτο.

338 3812 533 3885 Ἐρώτ.
560 3806 663 3870 νϐ’.
697 3814 795 3868 Διά
817 3813 868 3869 τί
900 3811 958 3869 δὲ
986 3818 1055 3888 τῇ
1107 3809 1315 3889 ἐϐδόμῃ
1347 3815 1375 3869 ὁ
1424 3812 1554 3876 Θεὸς
1596 3816 1695 3883 τὴν
1744 3814 1915 3870 κτίσιν

274 3897 501 3955 ὲτίλεσεν
526 3921 541 3972 ;

346 3990 532 4048 ’Δπόκ.
591 3993 677 4047 Ἐν
734 3996 813 4065 τῷ
867 3992 1087 4067 ἀριθμῷ
1155 3994 1255 4061 τήν
1328 3989 1525 4048 δεκάδα
1598 3992 1914 4067 εὑρίσκομεν

268 4078 550 4152 πλήρωμα
592 4082 791 4144 παντὸς
847 4082 1105 4159 ἀριθμοῦ.
1159 4082 1278 4138 Ἐὰν
1326 4082 1426 4158 γὰρ
1477 4081 1551 4144 εἰς
1582 4082 1680 4150 τὴν
1721 4079 1917 4137 δεκάδα

265 4164 605 4242 κακαλάϐῃς,
658 4170 826 4226 πάλιν
873 4170 1070 4235 εὐθέως
1122 4170 1197 4233 εἰς
1247 4172 1344 4240 τὴν
1399 4167 1607 4244 μονάδα
1655 4171 1914 4247 ὑποστρὲ-

263 4278 407 4335 φεις.
442 4259 605 4314 Ἑπτά
637 4258 726 4315 οὖν
758 4260 848 4315 καὶ
878 4267 1024 4336 τρεῖς
1056 4260 1197 4315 ἐστιν
1247 4261 1275 4315 6
1325 4257 1699 4335 πληρεστατος
1761 4262 1913 4337 ἀριθ-

263 4346 388 4418 μός.
424 4348 519 4402 Καὶ
548 4350 745 4403 τούτου
777 4350 938 4425 χάριν
972 4350 1026 4404 αἱ
1057 4349 1191 4405 ἑπτά
1216 4348 1316 4405 εἰσι
1347 4352 1443 4419 τῆς
1488 4348 1735 4413 κτίσεως·
1857 4347 1915 4405 δὲ

255 4435 382 4510 ἁγία
407 4436 567 4510 Τριάς
598 4437 866 4499 ἄκτιστος.

328 4523 523 4600 Ἐρώτ.
556 4532 653 4601 νγ’.
688 4524 881 4596 Πολλή
911 4546 992 4587 τις
1019 4528 1166 4603 παρὰ
1192 4531 1300 4582 τῶν
1343 4525 1568 4582 πολλῶν
1620 4529 1916 4599 καθέστηκε

254 4634 511 4684 σητησις,
544 4613 665 4669 τίνα
695 4612 778 4669 δεῖ
823 4616 1236 4687 προτάττεσθαι,
1268 4615 1416 4691 λέγω
1471 4613 1537 4685 δὴ
1570 4618 1668 4685 τὴν
1702 4618 1909 4691 ἡμέραν

2030 3474 2164 3514 vero
2196 3460 2381 3529 aiunt,
2414 3476 2548 3514 cum
2580 3464 2730 3515 Deus
2758 3458 3056 3514 hominem
3089 3458 3418 3515 masculum
3441 3464 3498 3513 et
3522 3459 3685 3514 femi-

2032 3564 2169 3604 nam
2206 3548 2568 3619 l'ecerit,inde
2599 3548 2823 3605 clarum
2854 3564 2983 3604 esse
3018 3550 3199 3603 Deum
3221 3548 3479 3604 voluisse
3501 3548 3688 3603 homi-

2030 3654 2172 3692 num
2189 3654 2376 3710 genus
2398 3637 2773 3709 generatione
2794 3640 3390 3710 procreare.Attamen
3416 3638 3470 3693 id
3496 3637 3687 3694 noluit

2028 3743 2131 3799 per
2161 3727 2620 3782 inobedientiam
2654 3728 2800 3797 ﬁeri,
2835 3729 2933 3784 sed
2968 3744 3099 3783 cum
3134 3728 3373 3783 honore.

2100 3816 2327 3879 Qums'r.
2362 3816 2481 3871 LlI.
2515 3818 2699 3882 Quare
2729 3817 2823 3872 die
2848 3817 3100 3889 septima
3129 3822 3281 3872 Deus
3325 3816 3681 3873 creationem

2027 3905 2311 3976 perfecit?

2098 3994 2273 4049 Rsse.
2310 3994 2466 4051 Inter
2496 4011 2773 4051 numeros
2805 3995 3113 4052 denarium
3156 4011 3464 4050 numerum
3518 4010 3680 4065 repe-

2025 4082 2214 4138 rimus
2245 4098 2372 4139 esse
2403 4084 2596 4139 omnis
2624 4085 2854 4139 numeri
2884 4083 3400 4155 complementum.
3433 4083 3492 4139 Si
3523 4083 3679 4139 enim

2024 4172 2095 4227 ad
2129 4171 2438 4227 denarium
2471 4189 2784 4227 numerum
2816 4173 3139 4241 deveneris,
3163 4173 3365 4229 statim
3396 4190 3603 4229 rursus
3623 4173 3683 4228 in

2024 4260 2309 4317 unitatem
2343 4261 2732 4333 redis.ltaque
2762 4262 3131 4333 septenarius
3162 4268 3219 4318 et
3248 4268 3450 4318 ternus
3484 4279 3688 4319 nume-

2024 4367 2147 4421 rus,
2202 4350 2669 4421 perfectissimus
2725 4356 2830 4405 est.
2894 4351 3112 4406 Idcirco
3169 4350 3538 4422 septenarius
3595 4358 3687 4408 est

2023 4439 2359 4496 creationis.
2390 4443 2457 4495 At
2487 4443 2691 4496 sancta
2722 4440 2979 4495 Trinitas
3011 4444 3100 4495 est
3130 4439 3408 4495 incrcata.

2097 4530 2248 4585 229
2266 4528 2834 4596 QuasrlllLValde
2848 4528 3228 4584 intermultos
3242 4527 3486 4600 quaestio
3500 4529 3678 4602 agite.

2022 4621 2463 4689 tur,quemnam
2497 4618 2686 4690 priore
2718 4618 2842 4674 loco
2874 4617 3156 4674 collocare
3179 4622 3680 4691 oporteat,nempe

250 4703 359 4777 πρὸ
387 4710 490 4772 τῆς
522 4704 733 4773 νυκτὸς,
792 4705 826 4772 ἢ
870 4706 969 4774 τήν
1018 4704 1185 4759 νύκτα
1230 4706 1338 4780 πρὸ
1375 4708 1473 4770 τῆς
1506 4704 1754 4780 ἡμέραςς
1789 4708 1906 4762 Ἐὰν

2051 4707 2175 4763 .iem
2207 4712 2340 4763 ante
2372 4712 2626 4774 noctem,
2654 4713 2757 4764 aut
2788 4712 3018 4765 noctem
3049 4711 3185 4765 ante
3216 4708 3417 4764 diem?
3445 4709 3593 4765 Nam
3625 4708 3678 4766 si

246 4793 353 4866 γάρ
408 4790 648 4865 εἷ’πωμεν
679 4794 780 4862 τὴν
813 4794 1021 4868 ἡμέραν
1051 4794 1421 4870 προτιρεύειν,
1462 4793 1760 4869 εὑρίσκεται
1795 4794 1909 4849 λοι-

243 4882 351 4935 πὸν
385 4881 413 4935 ὁ
444 4883 676 4952 Χριστὸς
710 4881 762 4936 ἐν
792 4877 1047 4955 σαϐϐάτῳ
1078 4884 1327 4946 ἀναστάς.
1361 4884 1423 4939 ἹΙ
1450 4882 1553 4959 γάρ
1590 4881 1681 4953 νὺξ
1729 4882 1904 4954 ἐκείνη

243 4975 347 5026 τοῦ
378 4966 651 5028 σαϐϐάτου
678 4973 765 5041 ἦν,
799 4972 935 5027 κατά
951 4972 1041 5027 τὸν
1074 4971 1239 5048 λόγον
1274 4973 1518 5036 Μωσέως
1548 4976 1645 5027 τοῦ
1677 4993 1907 5049 συγγρα-

248 5064 395 5140 φέως
427 5069 528 5130 τῆς
561 5062 949 5135 κοσμοποιίας.

320 5152 511 5210 Ἀπόκ.
545 5155 690 5208 Κατὰ
724 5153 817 5226 μὶν
854 5154 943 5208 τὸν
980 5156 1178 5208 σκοπὸν
1227 5154 1317 5209 καὶ
1368 5151 1534 5229 λόγον
1579 5153 1670 5208 τὸν
1719 5153 1904 5227 λεγον-

242 5264 333 5315 τα,
367 5241 451 5297 ὅτι
486 5244 631 5298 εἶπεν
666 5244 694 5298 ὁ
720 5241 850 5305 Θεὸς
881 5244 988 5312 πρὸ
1018 5242 1255 5312 πάντων,
1290 5266 1318 5295 «
1362 5244 1652 5315 Γενηθήτω
1702 5245 1841 5321 φῶς,
1874 5266 1903 5295 ››

238 5329 555 5407 πρόδηλον,
588 5329 671 5387 ὅτι
721 5334 755 5401 ἠ
802 5330 985 5408 ἡμέρα
1027 5334 1341 5408 προτερεύει
1386 5335 1500 5407 (80)
1548 5340 1650 5403 τῆς
1686 5333 1901 5396 νυκτός.

315 5441 431 5514 (77)
464 5440 594 5514 Haec
627 5438 871 5514 quaestio
901 5439 1066 5496 deest
1097 5442 1155 5496 in
1187 5440 1353 5513 prius
1383 5440 1589 5510 editis;
1625 5441 1727 5497 sed
1760 5440 1905 5513 legi-

238 5512 342 5570 tur
370 5512 431 5567 in
464 5513 821 5584 quihusdam
853 5528 998 5566 mss.

316 5585 432 5657 (78)
464 5583 613 5642 Huic
643 5583 856 5639 similis
905 5587 994 5639 est
1037 5583 1282 5656 quaestio
1328 5585 1401 5639 26
1449 5583 1797 5640 Theodoreti
1847 5585 1908 5640 in

244 5656 456 5801 ϐοῗξέςί)
488 5728 783 5801 Interpres
812 5726 1041 5801 videtur
1088 5726 1338 5801 legisse:
1385 5722 1549 5801 59.10:
1596 5721 1681 5801 δὲ-
1698 5725 1902 5799 καρπὸν

252 5797 668 5873 πνὲυμὸιτικόνί
696 5815 826 5872 quas
857 5798 1072 5857 desunt
1100 5797 1170 5856 in
1191 5802 1351 5856 textu
1381 5798 1599 5856 Graeco.
1642 5797 1797 5855 Enrr.

2019 4798 2271 4855 dicimus
2304 4800 2454 4854 diem
2491 4799 2709 4870 primas
2734 4816 3039 4869 occupare,
3062 4800 3383 4873 reperietur
3407 4800 3675 4857 Christus

2017 4889 2261 4945 sabbato
2302 4887 2711 4944 resurrexisse.
2762 4888 2883 4943 Nox
2929 4890 3087 4944 enim
3136 4889 3236 4945 illa
3286 4890 3515 4945 sabbati
3562 4894 3670 4961 est,

2015 4978 2179 5048 iuxta
2207 4977 2386 5033 verba
2415 4977 2632 5050 Moysis
2663 4977 2975 5034 creationis
3006 4979 3214 5035 mundi
3244 4980 3570 5052 scriptoris.

2088 5158 2258 5212 lisse.
2292 5158 2374 5211 Ex
2401 5174 2577 5229 scopo
2608 5163 2664 5213 et
2692 5157 2885 5213 verbis
2918 5158 3135 5229 quibus
3164 5164 3438 5214 narratur
3485 5160 3671 5215 Deum

2015 5249 2149 5302 ante
2198 5247 2398 5303 omnia
2445 5246 2683 5317 dixisse,
2719 5246 2897 5302 «Fiat
2939 5247 3057 5315 lux,
3093 5269 3120 5299 »
3153 5248 3531 5320 perspicuum
3564 5252 3669 5319 est,

2013 5335 2169 5393 diem
2201 5340 2335 5392 ante
2366 5340 2593 5393 noctem
2626 5351 2775 5392 esse.
2800 5336 2948 5394 Nam
2979 5338 3229 5394 tenebrae
3260 5336 3394 5407 illae,
3418 5355 3544 5410 quas
3577 5356 3674 5395 su-

2091 5443 2202 5515 (79)
2230 5444 2359 5498 Haec
2394 5444 2463 5498 ad
2498 5445 2671 5519 ﬁnem
2706 5460 2895 5515 usque
2927 5446 3326 5519 responsionis
3358 5462 3423 5519 ex
3448 5447 3584 5519 Reg.
3610 5464 3671 5516 ιι,

2017 5515 2332 5588 desumpta
2363 5520 2522 5570 sunt.
2566 5515 2698 5588 Quae
2755 5532 2924 5588 porro
2980 5515 3050 5571 de
3100 5517 3321 5572 Isidoro
3371 5515 3667 5587 dicun'tur,

2016 5587 2317 5663 noluimus
2368 5604 2399 5643 a
2446 5587 2670 5663 caeteris
2706 5587 3028 5663 seiungere
3076 5592 3132 5643 et
3179 5590 3467 5663 adimum
3502 5608 3671 5663 repo-

2016 5675 2173 5726 nere,
2210 5661 2309 5715 sed
2344 5660 2576 5715 uncinis
2609 5658 2979 5731 inclusimus,
3012 5677 3146 5715 nam
3179 5661 3477 5730 adjeclitia
3506 5658 3668 5720 su'nt.

2097 5732 2207 5804 (80)
2241 5732 2379 5803 Reg.
2412 5736 2467 5801 2,
2508 5728 2796 5804 πρωτεύει,
2829 5731 2923 5787 hic
2955 5728 3011 5790 et
3042 5731 3211 5788 intra.
