4132 6380
326 439 441 500 631

1495 444 1560 504 S.
1608 438 2226 504 ATHANASIUS.—
2256 438 2573 502 SPURIA.

3632 440 3763 500 632

330 587 436 643 pra
465 572 745 644 abyssum
775 576 962 644 erant,
995 590 1107 630 nox
1135 574 1398 631 nondum
1443 573 1748 648 appellatae
1795 574 1983 639 erant,
2012 630 2014 636 ,

2147 569 2166 623 5
2197 568 2299 644 γὰρ
2331 567 2520 631 στότος
2547 568 2719 624 ἐκεῖνο
2747 568 2810 625 τὸ
2842 567 3019 624 ἐπάνω
3047 574 3148 639 τῆς
3187 563 3428 624 ἀϐύσσου
3476 566 3635 625 οὔπω
3685 569 3758 639 ἧν

332 677 439 718 nec
470 679 504 719 a
529 661 670 718 luna
697 665 757 718 et
785 662 1080 719 sideribus
1108 663 1491 721 duodecimve
1507 664 1667 721 boris
1684 663 1986 719 dimensis.

333 752 502 808 Haud
533 751 711 808 dubie
742 767 879 824 ergo
909 751 1011 808 lux
1040 753 1310 809 tenebras
1337 754 1648 811 antecedit.
1680 754 1989 809 Verumta-

336 857 471 898 men
504 856 579 897 ne
607 841 837 914 possint
865 842 1049 897 Judaei
1081 842 1252 899 nobis
1281 842 1473 900 dicere
1501 843 1800 900 Christum
1848 839 1992 897 Sab-

335 932 475 988 bato
525 930 916 987 resurrexisse
944 948 956 986 :
991 932 1209 988 idcirco
1258 949 1463 989 eorum
1491 949 1595 989 ora
1622 932 1787 1006 prius
1816 931 1993 988 obtu-

336 1020 507 1089 ravit,
538 1019 662 1091 lege
686 1019 805 1077 illis
836 1021 975 1077 data
1004 1026 1069 1078 ut
1097 1037 1391 1095 avespera
1419 1022 1575 1079 diem
1612 1021 1854 1079 Sabbati
1902 1019 1992 1075 in-

337 1110 638 1168 choarent.

414 1290 643 1355 QUEST.
677 1288 810 1345 LIV.
844 1289 961 1345 Cur
988 1306 1127 1363 ergo
1156 1305 1285 1347 eam
1325 1290 1398 1347 ob
1449 1304 1573 1346 rem
1624 1288 1793 1345 nobis
1840 1288 1998 1345 Deus

339 1377 523 1453 jussit
552 1378 920 1435 Dominicam
952 1396 987 1435 a
1013 1395 1257 1453 vespera
1285 1380 1513 1436 sabbati
1542 1378 1765 1437 ordiri?

422 1558 728 1614 Rasr.Non
760 1572 889 1614 eam
915 1557 988 1614 ob
1018 1574 1190 1615 rem:
1222 1560 1325 1615 sed
1355 1557 1496 1631 quia
1523 1559 1680 1616 Deus
1704 1560 1911 1631 gentes
1926 1562 2004 1613 ἐκ

349 1646 693 1722 ignorantis:
722 1647 981 1704 tenebris
1001 1652 1060 1704 et
1088 1665 1158 1704 ex
1186 1649 1397 1705 umbra
1426 1647 1575 1723 legis
1604 1648 1665 1704 in
1691 1646 1882 1704 lucem
1915 1663 2005 1704 co-

352 1736 634 1811 gnitionis
664 1736 855 1806 Dei,et
878 1736 1176 1809 Evangelii
1204 1738 1447 1794 vocavit.
1460 1738 1794 1795 Admodum
1824 1736 2007 1810 igitur

350 1831 743 1900 congruenter
798 1842 921 1883 suae
976 1828 1424 1885 resurrectionis
1481 1828 1636 1884 diem
1684 1844 1719 1884 a
1763 1842 2008 1900 vespera

2100 657 2399 732 ὀνομασθὲν
2428 657 2539 729 νὺξ,
2599 654 2722 714 οὕτε
2773 658 2878 714 ὑπὸ
2926 657 3166 729 σελήνης
3214 657 3304 713 καὶ
3352 657 3617 734 ἀστέρων,
3663 659 3762 715 καὶ

2100 743 2312 803 δώδεκα
2339 747 2495 824 ὡρῶν
2533 746 2926 825 μετρούμενον.
2973 742 3399 826 Ἀναμφιϐόλως
3429 746 3521 803 οὖν
3548 749 3611 806 τὸ
3641 752 3764 827 φῶς

2099 837 2414 913 προτερεύει
2445 841 2543 892 τοῦ
2575 836 2823 899 σκότους.
2856 837 3057 911 ’Όμῶς
3102 834 3192 892 ἵνα
3242 837 3319 910 μή
3375 835 3571 913 εὕρωσι
3625 840 3769 914 πρὸς

2100 927 2250 1000 ἡμᾶς
2285 925 2465 1002 λέγειν
2496 924 2773 982 Ἰουδαίων
2804 923 3017 999 παῖδες,
3046 923 3129 981 δτι
3160 925 3213 981 ἐν
3264 919 3519 1000 σαϐϐάτῳ
3566 926 3763 998 ἀνέστη

2103 1018 2133 1072 6
2185 1017 2440 1093 Χριστὸς,
2495 1014 2695 1072 τούτου
2760 1016 2924 1093 χάριν
2970 1014 3435 1094 προαπεφίμωσεν
3487 1016 3684 1081 αὐτοὺς
3735 1019 3767 1073 6

2104 1108 2255 1177 Θεὸς,
2316 1107 2686 1179 νομοθετήσας
2731 1105 2823 1161 καὶ
2869 1105 3055 1170 αὐτοῖς
3100 1106 3190 1183 ἀφ’
3241 1104 3468 1181 ἐσπέρας
3498 1105 3767 1184 ἔργεσθαι

2104 1203 2205 1267 τῆς
2238 1196 2454 1273 ἡμέρας
2476 1199 2575 1251 τοῦ
2606 1189 2880 1251 σαϐϐάτου
2910 1198 3045 1270 (81).

2180 1285 2372 1361 Ἐρώτ.
2404 1281 2498 1341 νδ’.
2546 1282 2606 1338 Τί
2659 1284 2752 1339 οὗν
2801 1283 2998 1340 τούτου
3041 1282 3203 1360 χάριν
3246 1284 3340 1340 καὶ
3389 1283 3526 1357 ἡμῖν
3572 1284 3601 1339 ὁ
3630 1285 3767 1348 Θεὸς

2108 1373 2428 1452 προσέταξεν
2461 1372 2550 1452 ἀφ’
2578 1372 2803 1448 έσπέρας
2831 1376 2929 1429 τοῦ
2973 1367 3244 1429 σαϐϐάτου
3292 1373 3633 1449 ἀπάρχεσθαι
3660 1380 3770 1445 τῆς

2108 1469 2403 1541 Κυριακῆς.

2184 1552 2377 1609 ’Δπόκ.
2408 1554 2520 1627 (82)
2554 1552 2633 1610 Οὐ
2661 1551 2858 1608 τούτου
2911 1551 3095 1629 χάριν·
3142 1549 3271 1608 ἀλλ’
3312 1550 3503 1620 ἐπειδή
3554 1553 3584 1606 6
3633 1553 3768 1615 Θεὸς

2109 1641 2177 1698 τὰ
2206 1638 2333 1713 ἔθνη
2365 1641 2426 1697 ἐκ
2452 1644 2550 1695 τοῦ
2581 1640 2806 1703 σκότους
2832 1642 2930 1711 τῆς
2978 1639 3268 1717 άγνωσὶασ,
3326 1640 3417 1696 καὶ
3463 1646 3566 1710 τῆς
3610 1647 3766 1703 σκιᾶς

2110 1738 2209 1789 τοῦ
2239 1732 2412 1806 νόμοτ
2441 1731 2518 1795 εἷς
2546 1732 2610 1786 τὸ
2642 1737 2756 1810 φῶς
2800 1734 2897 1801 τῆς
2927 1731 3251 1807 θεογνωσίας
3281 1732 3372 1788 καὶ
3402 1736 3499 1787 τοῦ
3528 1731 3768 1808 Εὐαγγέ-

2116 1822 2239 1879 λίου
2270 1820 2511 1880 ἐκάλεσε.
2544 1820 2892 1898 Πρεπόττως,
2925 1822 3029 1897 ἄρα
3072 1822 3209 1895 ἡμῖν
3253 1822 3353 1891 τήν
3399 1821 3770 1894 ἀναστάσιμον

351 1915 628 1990 praecepit
651 1915 908 1988 incipere
929 1919 987 1972 et
1016 1916 1088 1972 ad
1118 1916 1309 1974 lucem
1341 1914 1818 1974 desinere.Valde
1846 1914 2004 1972 enim

2151 1912 2278 1968 ὐτοῦ
2309 1910 2520 1988 ἡμέρας
2547 1910 2636 1990 ἀφ’
2667 1910 2894 1988 ἐσπέρας
2924 1912 3184 1987 ἄρχεσθαι
3233 1912 3324 1967 καὶ
3380 1910 3455 1973 εἰς
3508 1914 3627 1989 φῶς
3677 1931 3769 1966 τε·

353 2004 671 2063 dedecebat
699 2005 1060 2078 minimeque
1088 2006 1440 2065 conveniens
1465 2010 1613 2077 erat,
1644 2005 1771 2062 dies
1794 2002 2010 2061 Christi

2147 1999 2393 2058 ,ειοῦσθαι
2423 1999 2770 2077 προσέταξεν.
2802 2001 3069 2074 Ἀπρεπὶς
3113 2001 3215 2077 γὰρ
3258 1999 3327 2069 ἧν
3377 1998 3468 2056 καὶ
3525 2001 3769 2075 ἀνάρμο-

351 2095 472 2152 veri
507 2094 752 2151 luminis
784 2113 817 2151 a
841 2095 972 2153 luce
1000 2095 1257 2169 incipere
1286 2099 1345 2153 et
1373 2096 1434 2152 in
1465 2098 1695 2152 noctem
1727 2111 1792 2152 ac
1844 2098 2009 2151 tene-

354 2187 494 2242 bras
524 2184 816 2243 desinere.

428 2365 657 2430 Qus-:s'r.
693 2363 801 2420 LV.
834 2364 1025 2428 Quare
1053 2363 1331 2420 vicesima
1358 2364 1564 2436 quinta
1590 2362 1814 2420 mensis
1859 2363 2011 2419 Mar-

358 2455 449 2527 tii,
483 2458 552 2511 ut
578 2456 790 2511 vocant
818 2453 1089 2524 Romani,
1111 2453 1382 2511 Christus
1402 2453 1460 2508 in
1487 2458 1649 2510 utero
1671 2451 1933 2525 Virginis
1953 2453 2012 2509 in

360 2544 539 2602 terris
568 2542 899 2599 habitavit?

427 2635 599 2690 Resp.
633 2631 780 2698 Quia
807 2630 1035 2687 scilicet
1066 2631 1172 2687 hac
1202 2631 1333 2704 ipsa
1373 2632 1466 2688 die
1514 2633 1667 2690 Deus
1720 2634 1793 2688 ab
1843 2632 2014 2687 initio

355 2724 649 2780 Adamum
701 2721 991 2779 formavit.
1044 2720 1207 2777 Unde
1244 2725 1301 2778 et
1330 2738 1530 2779 mense
1559 2722 1659 2779 illo
1687 2722 1926 2778 arbores
1957 2725 2016 2776 et

357 2811 575 2885 plantas
604 2825 809 2866 omnes
840 2826 946 2866 nec
977 2826 1091 2867 non
1136 2810 1437 2878 animalia,
1485 2812 1556 2868 ad
1608 2812 1907 2867 fructuum
1958 2813 2015 2866 et

357 2901 542 2976 prolis
570 2899 1051 2973 :procreationem
1102 2905 1538 2973 permoventur,
1569 2905 1855 2974 tanquam
1886 2915 2015 2973 quis

358 3010 393 3049 a
422 2991 540 3048 Deo
568 2993 710 3045 tunc
737 2987 1023 3061 temporis
1052 2989 1213 3046 fuere
1242 2994 1458 3048 creata.

426 3083 660 3148 QUEST.
695 3077 836 3135 LVI.
870 3078 1217 3150 Cujusmodi
1255 3083 1425 3136 erant
1472 3078 1727 3152 pelliceas
1778 3077 2013 3148 tunicae,

361 3187 508 3245 quas
539 3174 694 3227 Deus
722 3168 946 3226 Adamo
974 3170 1034 3224 et
1061 3170 1186 3223 Eva:
1215 3168 1393 3225 fecit?

432 3261 603 3317 Rssr.
658 3256 773 3313 Alii
819 3255 1025 3313 volunt
1070 3273 1141 3313 ex
1187 3255 1343 3314 foliis
1391 3258 1666 3314 arborum
1717 3259 2016 3314 contextas

2117 2112 2240 2148 στον
2272 2090 2380 2148 ἀπὸ
2409 2091 2588 2170 φωτὸς
2619 2087 2906 2167 ἄρχεσθαι,
2935 2088 3025 2144 καὶ
3056 2089 3131 2152 εἰς
3163 2088 3350 2159 νύκτα,
3375 2088 3465 2144 καὶ
3515 2088 3592 2151 εἷς
3641 2089 3769 2144 σκό-

2117 2201 2213 2237 τος
2272 2178 2604 2257 καταλήγειν
2661 2180 2758 2243 τὰς
2816 2180 3053 2256 Χριστοῦ
3108 2182 3205 2235 τοῦ
3268 2175 3537 2249 ἀληθινοῦ
3594 2178 3773 2256 φωτὸς

2117 2271 2354 2346 ἡμέρας·

2193 2291 2389 2438 ξέῶτ.
2420 2367 2507 2418 νε’.
2542 2358 2701 2422 Τίνος
2747 2357 2908 2434 χάριν
2957 2362 3027 2433 τῇ
3078 2355 3251 2414 εἰκάδι
3298 2358 3523 2432 πέμπτῃ
3560 2360 3658 2414 τοῦ
3687 2355 3773 2413 λε-

2120 2453 2355 2528 γομένου
2382 2449 2529 2525 παρὰ
2556 2448 2839 2521 Ῥωμαίων
2868 2448 3113 2522 Μαρτίου
3168 2448 3338 2521 μηνὸς
3371 2448 3400 2502 ὁ
3444 2448 3677 2524 Χριστὸς
3721 2446 3772 2502 έν

2120 2544 2189 2616 τῇ
2225 2542 2408 2615 μήτρᾳ
2442 2546 2543 2607 τῆς
2578 2538 2852 2614 Παρθένου
2883 2537 2971 2593 ἐπὶ
3001 2545 3104 2612 γῆς
3135 2535 3438 2608 ἐσκήνωσεν
3469 2556 3484 2604 ;

2195 2629 2387 2687 Ἀπόκ.
2442 2625 2665 2698 Ἐπειδὴ
2696 2627 2750 2683 ἐν
2784 2627 2920 2701 αὐτῇ
2945 2630 3014 2700 τῇ
3045 2626 3229 2701 ἡμέρᾳ
3253 2626 3340 2681 ἇπ⁴
3369 2625 3549 2700 ἀρχῆς
3581 2627 3609 2680 6
3638 2625 3766 2686 Θεὸς

2120 2720 2210 2775 τὸν
2245 2716 2425 2794 Ἀδὰμ
2453 2715 2706 2775 ἔπλασεν.
2759 2719 2915 2781 Ὅθεν
2960 2715 3051 2771 καὶ
3098 2720 3177 2788 τῷ
3217 2714 3349 2788 μηνὶ
3381 2714 3569 2788 ἐκείνῳ
3598 2716 3769 2770 πάντα

2119 2808 2188 2865 τὰ
2216 2805 2428 2883 δένδρα,
2458 2807 2549 2862 καὶ
2579 2808 2635 2861 ai
2671 2805 2913 2881 βοτάναι,
2942 2805 3123 2861 καὶτὰ
3153 2808 3263 2875 ζῶα
3294 2804 3369 2867 εἰς
3398 2803 3760 2880 καρποφορίαν

2121 2898 2211 2954 καὶ
2240 2895 2584 2972 τεκνογονίαν
2610 2898 2911 2965 κινοῦνται,
2954 2894 3029 2957 ὡς
3087 2898 3168 2967 τῶ
3210 2897 3385 2969 καιρῷ
3437 2892 3615 2964 ἐκείνῳ
3655 2891 3755 2946 ὑπὸ

2120 2992 2219 3044 τοῦ
2248 2990 2384 3044 Θεοῦ
2414 2984 2702 3061 γενόμενα.

2197 3075 2390 3152 Ἐρώτ.
2418 3074 2514 3139 νς’.
2545 3074 2659 3148 (83)
2690 3073 2909 3131 Ὁποῖοι
2937 3072 3075 3141 ἦσαν
3100 3072 3152 3127 oi
3174 3068 3482 3148 δερμάτινοι
3509 3072 3765 3146 χιτῶνες,

2125 3165 2220 3229 οὕς
2249 3165 2278 3220 6
2308 3164 2437 3226 Θεὸς
2465 3167 2546 3234 τῷ
2569 3160 2748 3236 ’Δδὰμ
2775 3162 2867 3216 καὶ
2896 3165 2967 3236 τῇ
3000 3158 3111 3219 Εὔα
3136 3159 3469 3232 πεποίηκενς

2200 3252 2393 3311 Ἀπόκ.
2429 3253 2637 3328 (84)οἱ
2670 3250 2766 3325 μέν
2813 3271 2971 3330 φασιν
3022 3249 3083 3306 ἐκ
3131 3248 3359 3329 φύλλων
3408 3245 3659 3326 δένδρωνο
3723 3248 3778 3303 0i

359 3349 575 3407 fuisse:
597 3345 697 3404 alii
727 3361 963 3403 carnem
996 3349 1260 3403 nostram
1290 3344 1400 3402 has
1429 3360 1560 3403 esse
1588 3345 1822 3403 tunicas
1849 3346 2013 3403 dixe-

2147 3345 2188 3400 ἲὶ
2216 3342 2379 3401 πάλιν
2411 3343 2511 3412 τὴν
2544 3343 2716 3417 σάρκα
2740 3342 2903 3414 ἡμῶν
2932 3338 3158 3404 τούτους
3187 3338 3315 3402 τοὺς
3355 3344 3593 3415 χιτῶνας
3642 3339 3778 3394 εἶναι

362 3455 424 3496 re
455 3454 469 3494 :
500 3436 635 3493 aliis
659 3439 856 3493 autem
884 3435 1078 3492 visum
1113 3440 1223 3504 est,
1256 3435 1359 3506 qui
1388 3438 1447 3491 et
1485 3434 1679 3493 verius
1727 3435 2013 3505 sentiunt,

362 3541 562 3584 revera
590 3524 864 3598 pelliceas
889 3523 1071 3581 fuisse
1102 3523 1337 3581 illorum
1368 3522 1622 3581 tunicas.

434 3704 660 3770 Qums'r.
691 3703 859 3761 LVII.
892 3704 1039 3761 Cum
1070 3702 1271 3760 nullus
1301 3702 1611 3761 hominum
1636 3708 1906 3763 mortuus
1935 3721 2022 3762 es-

367 3799 478 3863 set,
508 3794 808 3851 undenam
840 3792 1056 3850 Cainus
1085 3791 1292 3849 didicit
1312 3791 1553 3850 Abelem
1585 3794 1888 3851 occidere?

440 3882 919 3955 Rssr.{Diabolus
948 3881 1062 3955 ipsi
1082 3882 1142 3938 in
1164 3881 1411 3939 sommis
1441 3883 2022 3954 ostendit,quomodo

370 3975 608 4031 fratrem
643 3976 833 4029 morte
861 3971 1136 4030 afﬁceret.

443 4060 1127 4127 Qumsr.LVIII.Quinam
1159 4064 1327 4117 erant
1357 4059 1461 4117 ﬁlii
1488 4060 1722 4134 Dei,qui
1757 4062 2030 4120 viderunt

374 4170 442 4211 ac
472 4155 857 4226 sumpserunt
882 4151 1035 4208 ﬁlias
1064 4150 1416 4208 hominum?

447 4243 618 4299 Rssr.
637 4240 768 4298 Filii
800 4240 961 4299 Seth.
980 4241 1127 4298 Nam
1158 4241 1504 4315 incorporea
1533 4245 1746 4299 natura
1772 4258 1880 4300 nec
1910 4259 2030 4300 cor-

375 4349 520 4407 pora
548 4335 727 4398 amat,
761 4347 867 4388 nec
895 4347 1031 4387 cum
1064 4330 1414 4388 mulieribus
1442 4331 1874 4388 commiscelur.

447 4422 675 4487 Qums'r.
706 4420 846 4478 LIX.
880 4420 993 4476 Cur
1020 4420 1177 4478 Deus
1205 4420 1388 4493 Moysi
1433 4421 1495 4476 in
1542 4420 1689 4478 rubo
1737 4421 2031 4494 apparuit,

377 4529 494 4570 non
526 4511 639 4568 alio
668 4510 730 4568 in
760 4509 1044 4567 arbusto?

450 4600 777 4667 Rsanuid
788 4616 881 4655 am
913 4600 1276 4671 respondent
1307 4615 1550 4656 causam
1570 4602 1795 4666 esse,ut
1818 4612 1887 4654 ex
1905 4599 2035 4670 eius

2126 3436 2429 3513 εἰρήκασιν
2473 3430 2621 3503 ἔδοξε
2672 3428 2730 3487 δε
2778 3431 3004 3506 ἑτέροις,
3051 3437 3167 3494 τοῖς
3223 3429 3313 3485 καὶ
3370 3428 3779 3504 ἀληθεστέρως,

2128 3525 2181 3583 ἐν
2215 3522 2448 3596 ἀληθείᾳ
2474 3522 2716 3600 χιτῶνας
2746 3518 3099 3596 δερματίνους
3128 3519 3262 3577 εἶναι
3303 3518 3435 3582 τοὺς
3483 3522 3592 3575 τῶν
3647 3538 3781 3595 προ-
3857 3537 3869 3547 ⁸

2126 3613 2380 3691 πατόρων
2410 3615 2671 3689 χιτῶνας.

2198 3704 2393 3778 Ἐρώτ.
2423 3704 2519 3772 νζ.
2695 3699 2857 3762 Τινὸς
2887 3698 3040 3756 οὔπω
3066 3695 3190 3756 τότε
3236 3698 3627 3769 ἀποθανάντος,
3685 3693 3784 3753 1:6-

2132 3806 2219 3861 θεν
2247 3791 2441 3868 ἔμαθεν
2475 3793 2503 3847 ὁ
2534 3792 2670 3849 Κάϊν
2702 3793 2959 3869 φονεῦσαι
2985 3790 3077 3846 τὸν
3109 3783 3281 3846 Ἅϐελ
3309 3806 3324 3857 ;

2206 3881 2401 3939 Ἀπόκ.
2433 3881 2496 3939 Ὁ
2527 3875 2788 3942 διάϐολος
2818 3878 2965 3952 αύτῷ
2993 3879 3111 3934 κατ’
3140 3878 3271 3955 ύναρ
3328 3873 3594 3949 ὑπέδειξε,
3639 3874 3787 3949 ποίῳ

2132 3972 2324 4050 τρόπῳ
2355 3973 2661 4036 θανατῶσαι
2688 3967 2782 4025 τὸν
2809 3964 3042 4044 ἀδελφόν

2207 4061 2403 4136 Ἐρώτ.
2434 4061 2538 4130 νη’.
2573 4060 2684 4133 (87)
2713 4056 2862 4119 Τίνες
2889 4058 3026 4126 ἦσαν
3057 4057 3111 4112 0i
3142 4055 3251 4111 υἱοὶ
3477 4051 3575 4110 τοῦ
3631 4058 3792 4121 Θεοῦ,

2140 4153 2192 4208 oi
2225 4149 2434 4213 ἰδόντες
2463 4148 2555 4205 καὶ
2585 4142 2847 4209 λαϐόντες
2874 4145 2972 4209 τὰς
3004 4145 3295 4221 θυγατέρας
3325 4146 3434 4200 τῶν
3466 4143 3792 4219 ἀνθρώπων;

2209 4239 2403 4298 Ἀπόκ.
2436 4239 2505 4297 Oi
2552 4238 2662 4294 υἱοὶ
2725 4240 2823 4293 τοῦ
2881 4236 3011 4307 Ζήθ.
3054 4234 3267 4304 Ἐπεὶή
3302 4234 3590 4306 ἀσώματος
3638 4233 3797 4311 φύσις

2142 4329 2267 4387 οὔτε
2297 4325 2566 4401 σωμάτων
2595 4326 2711 4403 ἐρᾷ,
2744 4322 2868 4382 ο³ύτε
2892 4324 3101 4401 γυναιξὶ
3130 4321 3523 4397 συμπλέκεται.

2214 4418 2413 4493 ’Δρώτ.
2445 4416 2539 4473 νθ’.
2574 4414 2672 4470 Διά
2697 4412 2751 4469 τί
2782 4412 2832 4469 ἐν
2870 4412 3017 4489 βάτω
3068 4411 3223 4493 ὤφθη
3273 4413 3403 4476 Θεὸς
3453 4415 3534 4485 τῷ
3589 4411 3796 4485 Mucii,

2143 4508 2232 4564 καὶ
2266 4507 2365 4564 οὐκ
2392 4506 2446 4562 ἐν
2473 4507 2640 4582 ἑτέρῳ
2670 4508 2860 4585 φυτῷς

2218 4596 2414 4654 Ἀπόκ.
2450 4596 2519 4654 Oi
2552 4595 2649 4669 μέν
2682 4615 2864 4673 φασιν,
2903 4591 2996 4650 ἵνα
3029 4595 3104 4669 μή
3165 4591 3469 4665 δυνηθῶσιν
3530 4587 3796 4669 Ἐϐραίων

381 4691 542 4765 ligno
573 4688 957 4748 simulacrum
992 4705 1107 4745 non
1138 4691 1382 4761 possent
1398 4685 2014 4745 HebraaiemcereAlii:

2147 4683 2333 4749 παῖδες
2393 4682 2622 4742 εἴδωλον
2672 4691 2900 4755 ποιῆσαι
2959 4682 3020 4739 ἐκ
3072 4687 3171 4739 τοῦ
3228 4681 3392 4757 ξύλου
3451 4680 3619 4753 αὐτῆς

382 4785 576 4837 autem
598 4779 832 4836 videtur
856 4778 1037 4836 Deum
1058 4778 1169 4835 hoc
1191 4778 1341 4834 facto
1365 4776 1853 4850 praesigniﬁcasse
1885 4792 1948 4833 se
1976 4775 2014 4831 ii

2151 4772 2346 4838 ἄλλοις
2375 4772 2433 4830 δὲ
2463 4772 2632 4843 δοκεῖ,
2688 4774 2773 4828 ’ὁτι
2826 4768 3250 4849 προδιαγράφων
3307 4772 3337 4826 6
3366 4772 3519 4842 Θεὸς,
3548 4769 3632 4826 ὅτι
3667 4767 3801 4843 μέλ-

385 4869 628 4944 spinosa
654 4885 828 4925 carne
857 4872 1058 4924 nostra
1085 4884 1214 4925 esse
1234 4866 1945 4938 incarnandum,eamque
1965 4864 2014 4924 ο]

2148 4865 2232 4922 λει
2289 4864 2342 4921 έν
2399 4869 2468 4940 τῇ
2544 4861 2944 4936 ἐξακανθησάσῃ
3010 4863 3172 4935 ἡμῶν
3236 4861 3563 4936 σαρκοῦσθαι
3623 4858 3805 4936 φύσει,

387 4975 511 5017 rem
542 4959 603 5015 in
635 4957 975 5030 hujusmodi
1009 4957 1252 5014 arbusto
1283 4954 1469 5029 Moysi
1495 4954 1867 5029 apparuisse.
1922 4971 1935 4982 '

2147 4953 2341 5013 τούτου
2374 4953 2535 5031 χάριν
2569 4952 2623 5009 ἐν
2652 4950 2735 5025 τῷ
2760 4949 2999 5024 τοιούτῳ
3047 4954 3198 5029 φυτῷ
3244 4944 3402 5029 ὤφθη
3460 4949 3541 5023 τῷ
3598 4950 3801 5014 Mariis.

423 5139 574 5229 ~(81)
604 5138 745 5211 Reg.
778 5139 835 5204 2,
868 5135 960 5213 ἀφ’
1016 5131 1241 5209 ἐσπέρας
1272 5139 1372 5203 τῆς
1401 5138 1746 5208 παρασκευῆς
1777 5129 2039 5210 ἄρχεσθαι

385 5232 486 5282 της

2151 5136 2335 5194 Cenes.
2373 5133 2571 5206 iisque
2592 5130 2783 5189 multa
2810 5132 3034 5206 adjicit.

500 5252 574 5327 im
604 5281 752 5327 Huic
781 5278 1085 5327 nnmstinni
1111 5277 1327 5327 similia
1347 5277 1615 5327 numdam
1638 5276 1928 5327 habentur
1957 5277 2014 5327 in

2223 5209 2335 5277 (85)
2364 5199 2532 5263 Hunc
2560 5204 2755 5261 locum
2786 5199 2928 5261 citat
2956 5199 3198 5260 Michael
3227 5202 3460 5276 Glycas,
3573 5202 3695 5259 119.

2223 5280 2337 5327 (am
2370 5277 2559 5327 Palat.
2599 5278 2658 5327 2-
2682 5274 2830 5327 ποῖω
2858 5296 3048 5327 τοοπω
3090 5273 3332 5327 φονεύσει
3361 5274 3454 5327 τὸν
3523 5270 3572 5327 6.

462 5270 574 5353 (82)
604 5281 752 5337 Huic
781 5278 1087 5353 quaestioni
1111 5277 1327 5353 similia
1347 5277 1617 5353 quaedam
1632 5276 1928 5353 habentur
1957 5277 2014 5333 in

2223 5270 2337 5353 (86)
2367 5277 2658 5353 ξξιξαιᾲ-ἓ,
2682 5274 2830 5353 ποίῳ
2854 5296 3048 5353 τροπῳ
3090 5270 3332 5353 φονὲϐσεί
3361 5270 3457 5353 τὸν
3485 5270 3572 5330 ἆδ.

2223 5273 2337 5353 (86)
2367 5277 2658 5353 ξξιξαιᾲ-ἓ,
2682 5274 2830 5353 ποίῳ
2854 5296 3048 5353 τροπῳ
3090 5273 3332 5353 φονὲϐσεί
3361 5273 3454 5353 τὸν

392 5348 480 5412 fra
507 5348 567 5410 in
598 5348 1181 5425 interpretationibus
1209 5348 1475 5425 Parabol.
1522 5349 1833 5421 Scriptum
1864 5366 2041 5425 sacrm

2223 5281 2314 5353 (86
2370 5280 2560 5334 Palat.
2599 5280 2658 5344 2,
2682 5280 2830 5349 ποίῳ
2858 5296 3048 5351 τροπῳ
3090 5280 3332 5350 φονεύσει
3361 5280 3454 5328 τὸν
3485 5280 3540 5330 cii

2221 5280 2337 5421 (87)
2366 5348 2510 5405 Vide
2539 5349 2895 5421 Theodorei.
2921 5351 3130 5421 quaest.
3164 5345 3234 5399 47
3266 5348 3327 5403 in
3352 5346 3540 5403 Cenes.

392 5426 719 5499 quaestione
748 5415 863 5499 _'57.
920 5422 1099 5499 Baulo
1146 5427 1279 5492 post
1331 5421 1569 5499 quidam
1619 5415 1764 5499 mss.
1824 5421 1913 5476 καὶ
1940 5423 2009 5499 τῇ

2223 5415 2335 5499 (€38)
2367 5421 2618 5499 9°.“an
2649 5436 2819 5499 ωεεςρ
2852 5420 2904 5473 οῖ
2933 5415 3187 5499 Mle

393 5426 719 5499 quaestione
760 5424 863 5480 ⁷57.
920 5424 1099 5479 Paulo
1146 5427 1279 5492 post
1331 5424 1569 5492 quidam
1619 5438 1764 5478 mss.
1824 5424 1913 5476 καὶ
1940 5424 2009 5489 τῆ

393 5501 546 5559 σκιᾶς
575 5499 674 5551 τοῦ
702 5492 893 5569 νόμου.
925 5494 1071 5552 Editi
1100 5509 1254 5562 vero,
1314 5492 1403 5547 καὶ
1464 5490 1525 5546 ἐκ
1552 5496 1648 5547 τοῦ
1677 5492 1870 5566 νόμου,
1927 5493 2007 5550 mi

2244 5424 2335 5493 88)
2367 5424 2618 5487 Quidam
2649 5436 2819 5487 mss.,
2852 5424 2904 5473 oi
2933 5424 3187 5496 ἄγγελοι.

2155 5563 2181 5577 ﬂ
2222 5424 2336 5577 (89)
2367 5491 2550 5577 l’alat:
2584 5495 2637 5577 εἰ,
2671 5497 2980 5577 ποιῇσακικνκ
3034 5490 3211 5577 ξύλων
3261 5489 3479 5577 αὑτ.ἧς.’
3505 5484 3701 5577 ’Ἄλλη
3747 5482 3806 5540 6‘s

394 5587 510 5626 nus
542 5573 719 5626 recte.
769 5559 779 5569 ’
944 5638 969 5639 η
1031 5638 1039 5639 7
1176 5636 1185 5639 Α
1224 5559 1248 5639 ξ
1333 5635 1346 5639 Α
1640 5637 1652 5639 _
1748 5559 1758 5566 ’
1857 5559 1863 5561 ’
2150 5559 2238 5639 ὅτι
2267 5559 2498 5639 ἔμελ-λεν
2530 5564 2558 5619 ὁ
2590 5559 2821 5639 Χριστὸς
2856 5559 3160 5639 βλάστῆσαι
3192 5559 3251 5615 ἐκ
3300 5568 3402 5639 τῆς
3454 5559 3802 5639 ᾀκανθώδους

468 5640 579 5713 (83)
613 5639 868 5713 Quaestio
903 5638 996 5713 55,
1020 5638 1144 5713 jam
1174 5636 1265 5705 56,
1296 5635 1464 5694 abest
1493 5652 1527 5693 θ.
1555 5637 1678 5693 Pal.
1709 5639 1765 5709 2,
1796 5640 1854 5694 et
1883 5654 1916 5693 a
1942 5653 2040 5694 ve-

396 5710 623 5769 teribus
654 5711 877 5768 Latinis
905 5710 1098 5767 editis.

469 5784 584 5856 (84)
614 5785 743 5842 Haec
773 5782 890 5841 fere
921 5782 1095 5840 habet
1121 5778 1535 5853 Theodoretus,
1568 5784 1774 5854 quaest.
1832 5780 1922 5853 39,
1978 5781 2038 5836 in

2151 5630 2325 5726 ipim:
2344 5633 2573 5726 φύρεως,
2631 5630 2866 5726 136102)"-
2883 5634 3065 5726 χάρινῆ
3094 5630 3251 5726 ὢιρθη
3310 5630 3372 5689 ἐκ
3414 5637 3483 5707 τῇ
3521 5633 3669 5707 βάτῳ
3719 5634 3803 5702 τῷ

2152 5707 2367 5782 Μωσῇ.’
2389 5709 2611 5767 Ibidem
2644 5708 2786 5782 Reg.
2817 5709 2871 5780 3,
2889 5707 3264 5779 ’ἀκανθησάσῃ
