4132 6360
315 586 477 639 esse;
514 577 615 629 sed
649 579 751 648 qui
777 586 1096 645 comederit
1127 608 1269 650 uvas
1299 600 1556 670 acerbas,
1590 605 1794 663 dentes
1842 610 1970 680 ejus

319 662 556 732 stupore
606 667 947 730 afficiendos
978 677 1017 731 ⁴.
1052 678 1182 736 Haac
1215 701 1421 744 rursus
1441 662 1736 751 Christum

314 746 472 805 dzeos
502 751 792 814 dicentem
820 764 1098 823 audimus
1133 789 1146 825 :
1180 796 1204 822 ι(
1241 779 1424 832 Amen
1457 780 1586 837 dico
1635 786 1818 853 vobis,
1868 805 1967 843 ve-

314 835 476 892 nient
529 841 873 915 iniquitates
921 861 1155 924 patrum
1189 869 1514 924 vestrorum
1562 888 1740 944 super
1786 892 1968 944 vos,a

309 929 597 998 sanguine
623 933 766 990 Abel
791 939 962 1011 justi,
993 961 1177 1017 usque
1202 953 1271 1006 ad
1304 959 1652 1028 sanguinem
1674 963 1963 1021 Zacharias

307 1013 411 1069 filii
446 1018 940 1097 Barachiae,quem
974 1013 1270 1096 occidistis
1302 1013 1451 1098 inter
1480 1013 1766 1121 templum
1799 1059 1854 1108 et
1881 1053 1962 1109 al-

301 1105 425 1159 tare
455 1107 490 1160 δ.
529 1131 557 1157 ››
596 1109 752 1169 Unde
783 1115 917 1172 licet
948 1125 1255 1197 conjicere,
1307 1135 1462 1203 apud
1514 1105 1780 1196 infideles

301 1199 431 1248 cata
460 1205 769 1266 parentum
800 1205 1119 1279 impiorum
1149 1217 1205 1271 in
1239 1219 1391 1276 filios
1413 1241 1716 1295 perversos
1738 1230 1958 1301 induci,

300 1297 413 1337 non
448 1285 504 1340 in
548 1287 733 1347 bonos
784 1312 794 1348 :
851 1302 909 1352 at
957 1305 1109 1372 apud
1169 1285 1710 1378 fideles,.sanctum
1763 1285 1956 1393 bapti:

298 1387 427 1428 sma
475 1393 656 1446 puros
705 1400 813 1439 nos
863 1389 1055 1447 reddit
1104 1395 1174 1450 ab
1207 1400 1366 1455 omni
1399 1401 1711 1476 iniquitate
1741 1426 1954 1482 paren-

364 1641 586 1704 vasr.
613 1647 847 1708 LXVIII.
875 1657 1124 1722 Quidam
1155 1664 1322 1723 aiunt
1355 1686 1505 1742 saepe
1533 1672 1789 1733 infantes
1817 1696 1950 1752 pro-

288 1733 417 1799 pter
445 1742 759 1805 parentum
789 1754 1025 1815 peccata
1057 1755 1206 1809 mori
1240 1773 1254 1813 :
1288 1775 1431 1816 num
1464 1761 1520 1817 id
1549 1781 1752 1822 verum
1785 1769 1912 1825 est?

364 1821 537 1878 lisse.
569 1827 736 1884 Absit
761 1831 819 1887 id
849 1833 932 1891 ita
960 1842 1123 1896 esse!

285 1996 383 2054 alii
415 2018 546 2060 vero
573 2017 1149 2076 consenescunt?Cur
1169 2023 1308 2082 item
1331 2029 1571 2100 quidam
1590 2034 1755 2104 justo
1775 2053 1946 2110 agen-

285 2088 369 2110 ιιι-
453 2091 465 2110 ι
534 2108 545 2110 κ
657 2102 665 2110 ¹
962 2106 971 2110 “

1346 2088 1366 2100 ο
1590 2088 1614 2104 υ
1675 2088 1686 2090 ‘
1706 2088 1749 2092 "
1780 2088 1921 2110 "0'—

279 2088 391 2148 tes.
452 2091 621 2151 breve
654 2102 887 2173 tempus
921 2106 1123 2166 vivunt
1157 2131 1170 2169 :
1205 2114 1303 2170 alii
1333 2133 1467 2174 vero
1500 2122 1650 2179 male
1681 2132 1942 2196 agentes,

1382 2173 1389 2174 ,
1446 2173 1457 2174 ,
1501 2173 1648 2179 τπ--
1683 2173 1942 2196 Tw.-."

281 2173 528 2251 longaevi
561 2187 936 2250 moriuntur?
965 2201 1078 2253 Cur
1110 2201 1248 2260 item
1280 2205 1378 2261 alii
1411 2208 1548 2265 boni
1601 2212 1824 2286 absque
1871 2216 1943 2272 li-

281 2262 433 2286 ι.-μικν
525 2274 535 2286 ι
587 2273 596 2282 ·

278 2262 437 2370 beris
487 2274 543 2325 et
582 2273 786 2348 inOpes
814 2287 956 2339 sunt
988 2303 1000 2341 :
1036 2286 1134 2343 alii
1166 2262 1558 2370 autem
1592 2262 1810 2359 mulios
1841 2303 1942 2361 ba-

275 2352 417 2411 bent
445 2357 681 2430 liberos,
717 2372 774 2424 et
803 2371 1050 2431 feliciter
1081 2379 1344 2451 degunt?

351 2447 709 2510 Resp.Multa
734 2457 805 2514 de
836 2461 929 2518 his
961 2464 1063 2521 Dei
1085 2447 1331 2538 judiciis
1355 2483 1596 2546 possent
1621 2480 1937 2554 disputari,

277 2549 530 2604 quorum
557 2543 758 2616 utique
780 2551 930 2607 ratio
952 2556 1156 2626 nequit
1177 2564 1940 2647 comprehendi.Tamen,ut

277 2639 346 2678 ex
375 2631 598 2687 sanctis
629 2633 944 2708 Scripturis
971 2631 1353 2723 percipimus,
1387 2659 1816 2728 respondemus
1866 2665 1934 2718 Ii-

275 2712 498 2771 delium
550 2719 806 2782 infantes
840 2745 955 2786 non
972 2712 1062 2789 iob
1094 2712 1404 2807 parentum
1435 2712 1823 2822 peccataTs—ed
1858 2755 1930 2810 ad

275 2819 479 2862 eorum
512 2815 984 2877 emendationem
1015 2840 1169 2898 saepe
1199 2832 1348 2886 mori
1383 2849 1397 2889 :
1433 2815 1552 2907 qua
1595 2837 1655 2894 in
1705 2858 1766 2897 re
1814 2843 1929 2901 duo

273 3073 412 3143 quia
460 3077 788 3149 improbam
840 3091 1079 3148 omnino
1129 3095 1308 3154 vitam
1365 3103 1553 3159 acturi
1604 3114 1791 3176 erant,
1822 3127 1923 3168 eos

268 3167 421 3220 Deus
449 3166 888 3241 dispensatione
919 3183 1174 3252 quadam
1199 3192 1367 3246 antea
1387 3166 1788 3266 eripuit;aliud
1815 3166 1920 3256 au-

1478 377 1541 440 S.
1591 383 2119 452 ATHANASIUS.
2146 425 2224 438 —
2255 393 2566 460 SPURIA.

3621 421 3744 483 636

2490 535 2588 586 τοῦ
2644 538 2930 614 προφήτου
2984 539 3149 597 πάλιν
3209 542 3445 620 εἴρηκεν,
3491 547 3574 605 ὅτι
3636 550 3740 607 οὐκ

2082 608 2226 668 ἔσται
2257 621 2353 671 τοῦ
2386 616 2586 676 λοιποῦ
2617 608 2814 688 οὕτως’
2847 627 2974 684 ἀλλ’
3005 629 3153 695 ὅστις
3183 608 3328 711 φάγτ)
3375 608 3502 701 τοὺς
3553 635 3740 719 ὄμφα-

2078 721 2195 776 κας,
2228 704 2392 762 αὐτοῦ
2449 711 2499 763 οἱ
2559 709 2771 776 ὀδόντες
2827 715 3252 790 ὠμοδιάσουσιν.
3317 726 3616 802 ’Δκούομεν
3674 729 3736 786 δὲ

2075 789 2243 847 πάλιν
2299 800 2396 851 τοῦ
2446 805 2684 876 Χριστοῦ
2741 789 2888 881 πρὸς
2937 806 3234 874 Ἰουδαίους
3293 811 3577 892 λέγοντος,
3625 819 3734 892 ὅτι,

2079 881 2258 954 Ἀμὴν
2331 885 2476 962 λέγω
2553 891 2720 964 ὑμῖν,
2781 893 3160 954 έπελεύσονται
3217 902 3272 956 αῚ
3338 881 3575 979 ἀνομίαι,
3614 881 3734 983 (98)

2074 975 2182 1024 τῶν
2242 975 2486 1050 πατέρων
2542 979 2693 1052 ὑμῶν
2771 981 2852 1062 ἐφ’
2911 986 3088 1059 ὑμᾶς,
3152 990 3256 1045 ἀπὸ
3328 998 3425 1048 τοῦ
3496 994 3730 1070 αἳματος

2073 1056 2240 1116 Ἀϐελ
2299 1069 2395 1119 τοῦ
2450 1064 2661 1124 δικαίου
2711 1067 2814 1135 ἕως
2870 1079 2967 1130 τοῦ
3017 1075 3246 1151 α’ίματος
3300 1083 3574 1159 Ζαχαρίου
3625 1093 3729 1144 τοῦ

2071 1149 2194 1204 υἱοῦ
2267 1155 2586 1231 Βαραχίου,
2641 1160 2699 1214 ὃν
2760 1160 3074 1240 ἐφονεύσατε
3153 1169 3351 1243 μεταξὺ
3425 1178 3522 1228 τοῦ
3596 1182 3732 1232 ναοῦ

2068 1237 2157 1292 καὶ
2212 1244 2310 1295 τοῦ
2370 1237 2986 1324 θυσιαστηρίου.”’οθιν
3044 1237 3402 1334 στοχάζεσθαι
3460 1265 3595 1339 χρὴ,
3641 1266 3728 1322 ὅτι

2068 1323 2155 1380 ἐπὶ
2207 1329 2302 1400 μὲν
2361 1337 2468 1387 τῶν
2529 1323 2770 1393 ἀπίστων
2799 1342 2914 1414 (99)
2946 1323 3248 1421 ἐπάγον-ται⁷
3293 1323 3724 1424 ἁμαρτίαιηπα-

2062 1417 2234 1492 τέρων
2288 1415 2497 1477 ἀσεϐῶν
2547 1423 2633 1479 ἐπὶ
2666 1427 2816 1490 υἱοὺς
2847 1415 3126 1507 πονηρούς
3182 1435 3246 1489 οὐ
3304 1415 3418 1512 γὰρ·
3456 1439 3714 1516 ἀγαθούς·

2064 1504 2151 1560 ἐπὶ
2186 1503 2244 1562 δὲ
2271 1513 2378 1564 τῶν
2413 1518 2617 1568 πιστῶν
2648 1516 2711 1570 τὸ
2742 1516 2891 1594 ἅγιον
2929 1503 3208 1598 βάπτισμα
3260 1503 3536 1604 κάθαρίζέι
3569 1503 3721 1606 ήμάς

2061 1593 2168 1651 ἀπὸ
2197 1596 2374 1668 πάσης
2405 1593 2819 1680 προπατορικῆς
2853 1593 3139 1684 ἁμαρτίας.

2133 1686 2324 1762 Ἐρώτ.
2357 1689 2457 1760 ξη’.
2492 1691 2650 1756 Τινές
2681 1717 2807 1770 φασι
2840 1695 3112 1764 πολλάκις
3151 1701 3406 1778 τελευτᾷν
3440 1709 3609 1779 νήπια
3639 1713 3716 1786 (1)

2059 1770 2149 1828 διὰ
2177 1775 2377 1851 γονέων
2412 1781 2696 1854 ἁμαρτίας·
2732 1784 2834 1861 ἆρα
2865 1786 3036 1852 οὕτως
3071 1788 3250 1862 ἐστίνς

2127 1863 2321 1922 Ἀπόκ.
2355 1868 2442 1937 Μή
2476 1868 2687 1944 γένοιτο
2718 1873 2852 1929 εἶναι
2882 1881 3043 1932 τοῦτο
3077 1878 3253 1944 οὕτως
3279 1885 3292 1939 l

2129 1952 2324 2028 Ἐρώτ.
2357 1955 2450 2026 ἔθ’.
2485 1957 2641 2022 Γίνος
2697 1961 2859 2038 χάριν
2908 1968 3079 2037 νήπια
3136 1975 3484 2028 τελευτῶσιν
3533 1973 3711 2052 ἕτεροι

2055 2037 2113 2095 δὲ
2163 2041 2543 2120 ὑπεργηρῶσι;
2575 2049 2664 2104 καὶ
2713 2047 2874 2117 πόθιν
2925 2057 3069 2120 τινὲς
3123 2060 3218 2130 μὲν
3259 2057 3709 2140 δικαιοπραγοῦν-

2050 2148 2138 2192 τες
2186 2131 2421 2207 γίνονται
2472 2134 2744 2212 ὀλιγόϐιοι
2933 2146 3077 2208 τινὲς
3135 2145 3192 2202 δὲ
3237 2131 3710 2227 κακοπραγοῦντες

2051 2217 2414 2296 πολυχρόνιοι
2444 2224 2790 2283 τελευτῶσιψ
2812 2229 2975 2288 ἄλλοι
3010 2231 3068 2291 δὲ
3095 2235 3289 2312 ἀγαθοί
3323 2240 3562 2316 γίνονται
3595 2245 3710 2301 ἅτε-

2049 2328 2168 2364 κνοι
2198 2311 2286 2365 καὶ
2317 2312 2566 2384 πένητες·
2596 2313 2774 2393 ’ἕτεροι
2805 2317 2862 2375 δὲ
2907 2317 3115 2388 ἀσεϐεῖς
3165 2325 3472 2385 εύτεκνοῦσί
3515 2351 3574 2388 τι
3616 2319 3707 2388 διαἒ

2051 2395 2182 2474 εὖπρ
2191 2405 2410 2474 αγοῦσιν
2439 2422 2454 2473 ;

2122 2489 2308 2547 Ἀπόκ.
2347 2491 2531 2556 Πολὺς
2563 2495 2592 2549 ὁ
2623 2498 2746 2568 περὶ
2777 2497 2985 2556 τούτων
3022 2506 3130 2558 τῶν
3179 2510 3276 2561 τοῦ
3320 2513 3456 2563 Θεοῦ
3504 2512 3702 2587 κριμά-

2044 2581 2152 2631 των
2188 2577 2353 2655 λόγος
2383 2582 2473 2637 καὶ
2505 2583 2910 2658 ἀκατάληπτος.
2945 2593 3139 2664 ’Ὁμως
3170 2593 3242 2656 ὡς
3274 2595 3333 2651 ἐκ
3377 2602 3486 2652 τῶν
3539 2601 3704 2678 ἁγίων

2043 2671 2270 2746 Γραφῶν
2327 2671 2876 2750 καταλαμϐανόμεθα,
2912 2677 3167 2755 λέγομεν,
3219 2682 3406 2760 ὅτιπερ
3463 2690 3532 2744 τὰ
3586 2671 3699 2746 τῶν

2040 2763 2245 2813 πιστῶν
2295 2762 2468 2831 νήπια
2498 2763 2596 2818 οὐκ
2625 2763 2676 2837 ἐξ
2707 2768 3013 2845 ἁμαρτιῶν,
3045 2768 3191 2827 ἀλλά
3235 2773 3510 2841 πολλάκις
3561 2781 3697 2856 πρὸς

2038 2851 2420 2924 σωφρονισμὸν
2451 2856 2558 2907 τῶν
2610 2857 2809 2930 γονέων
2862 2857 3176 2916 τελευτῶσι·
3211 2860 3308 2919 δύο
3363 2863 3538 2940 ἀγαθὰ
3591 2869 3686 2923 τοῦ

2510 2949 3050 3020 πραγματευομένου,
3080 2949 3137 3004 ’ἐν
3196 2953 3318 3025 μὶν,
3371 2953 3532 3025 ὅπως,
3585 2977 3679 3011 κα-

2035 3025 2172 3103 θαρᾶ
2203 3027 2527 3101 ἀπελθόντα,
2560 3037 2831 3107 σωτηρίας
2873 3035 2984 3093 ἐκεῖ
3031 3038 3348 3116 ἐντύχωσιν·
3395 3042 3521 3106 ἴσως
3576 3046 3679 3123 γὰρ

2030 3112 2114 3170 ὅτι
2145 3116 2282 3172 πάνυ
2311 3121 2547 3197 πονηρὸν
2602 3121 2720 3198 βίον
2769 3127 2924 3194 ζῆσαι
2972 3112 3268 3200 μέλλοντα,
3316 3112 3682 3206 οίκονομικῶς

2031 3204 2059 3259 ὁ
2093 3205 2220 3269 Θεὸς
2253 3209 2602 3284 προήρπασεν
2635 3212 2786 3268 αὐτάο
2804 3211 3049 3292 δεύτερον
3084 3215 3332 3290 δὲ,ὅπως
3360 3222 3449 3276 καὶ
3483 3222 3535 3277 οἱ
3565 3223 3687 3278 τού·
3747 3232 3752 3239 ’

267 3256 383 3308 tem
411 3256 631 3316 bonum
665 3268 774 3333 est.
803 3271 868 3322 ut
892 3268 1004 3340 ipsi
1036 3279 1307 3344 parentes
1336 3281 1722 3354 sapientiores
1750 3288 1914 3348 ﬁant:

267 3341 414 3381 Γῆν-ἕο
445 3362 575 3381 unnn
605 3354 663 3381 ιιι
714 3357 1010 3381 nm..-_:-__
1325 3374 1332 3381 .
1415 3374 1423 3381 .
1718 3377 1774 3381 __,

2042 3256 2055 3259 _
2102 3256 2220 3269 ---ν
2260 3256 2598 3284 --Γ,-,Γ.-..-ν-
2635 3256 2768 3268 νη...
2805 3256 3048 3292 ννυιηιυν
3085 3256 3329 3290 νυννσιυυη
3363 3256 3449 3276 σιυιι
3483 3256 3535 3277 υι
3565 3256 3687 3278 νιυυ·

2042 3314 2136 3350 των
2195 3302 2374 3373 γονεῖς
2445 3303 2872 3380 σωφρονέστεροι
2929 3303 3186 3381 γίνωνται
3221 3326 3234 3340 ·
3300 3308 3429 3373 ἴσως
3486 3309 3545 3367 δὲ
3595 3311 3688 3370 ἵνα

266 3341 416 3399 forte
445 3362 575 3403 vero
605 3354 666 3405 ut
711 3341 1053 3429 pecuniam,
1091 3381 1270 3435 quam
1319 3341 1917 3437 testamentowliberis

267 3431 459 3489 daturi
492 3444 683 3506 erant,
715 3442 774 3497 in
805 3463 1092 3520 pauperes
1123 3455 1398 3530 deinceps
1427 3461 1754 3522 iusumant.
1808 3470 1914 3525 De-

265 3521 442 3594 nique
464 3526 578 3582 alia
599 3530 772 3599 plane
794 3536 863 3591 de
884 3554 1061 3596 causa
1086 3544 1254 3602 nobis
1277 3521 1526 3607 occulta.
1548 3558 1615 3610 Et
1635 3521 1757 3613 haec
1778 3559 1913 3630 qui-

262 3611 395 3668 dem
415 3617 564 3685 quod
581 3619 652 3673 ad
668 3620 926 3681 fidelium
943 3628 1197 3689 infantes
1210 3643 1450 3707 spectat.
1463 3611 1913 3715 Improbiaujtem

260 3699 528 3761 homines
554 3707 702 3764 forte
728 3711 942 3770 idcirco
967 3699 1427 3797 fortunati-sunt,
1444 3699 1690 3791 feliciter
1708 3749 1910 3811 agunt,

259 3795 318 3846 et
346 3792 560 3851 liberos
592 3796 840 3871 habent;
878 3809 1031 3876 quod
1066 3813 1332 3882 quaedam
1363 3792 1543 3890 parva
1575 3792 1908 3902 bonaoege:

257 3881 393 3950 rint,
430 3902 681 3956 quorum
715 3895 1044 3952 mercedem
1076 3899 1172 3957 hic
1204 3881 1909 3984 23l-recipiant,ut1di-

253 3986 355 4028 ves
385 3973 482 4031 ille
513 3977 585 4033 ad
619 3995 791 4049 quem
825 3982 945 4038 haec
974 3986 1132 4044 dicta
1159 4001 1301 4050 sunt
1331 4014 1343 4052 :
1371 3973 1731 4062 «Reticrdare
1753 3973 1904 4078 quod

254 4065 542 4134 receperis
573 4067 727 4124 bona
760 4077 858 4126 tua
888 4073 947 4129 in
978 4076 1094 4134 vita
1123 4085 1225 4138 tua
1252 4086 1290 4137 ⁸.
1327 4109 1355 4136 ››
1388 4087 1506 4146 Hoc
1536 4099 1643 4164 est,
1667 4065 1903 4167 plenam

253 4156 584 4211 mercedem
613 4159 900 4218 bonorum
932 4181 1060 4236 quae
1092 4171 1284 4243 egisti,
1315 4181 1646 4252 percepisti.
1677 4185 1902 4245 rErum-

250 4242 378 4296 nosi
408 4249 604 4302 autem
634 4247 726 4304 hic
760 4259 900 4308 sunt
927 4257 1007 4327 pii
1040 4264 1097 4314 et
1125 4242 1590 4339 sancti—viriut,
1625 4291 1728 4346 per
1757 4279 1902 4334 afﬂi-

250 4332 501 4389 ctionem
534 4341 805 4408 peccatis,
839 4349 903 4400 ut
933 4346 1207 4420 Lazarus,
1233 4332 1488 4427 purgati,
1511 4332 1900 4425 illiddemum

252 4437 386 4477 cum
415 4425 542 4496 ipso
573 4430 966 4491 consolatione
996 4439 1460 4508 perfruantur.Si
1491 4451 1647 4508 enim
1669 4477 1695 4504 ‹‹
1721 4473 1898 4526 quem

249 4510 441 4585 diligit
471 4517 770 4587 Dominus,
803 4524 1038 4596 corripit
1066 4528 1085 4561 ⁷
1116 4547 1127 4584 :
1162 4553 1188 4579 ››
1211 4534 1351 4603 quid
1383 4536 1564 4609 igitur
1595 4510 1898 4613 perturba:

247 4600 352 4670 ris,
385 4604 486 4674 qui
511 4613 744 4665 sanctos
776 4610 934 4668 vides
965 4617 1177 4674 misere
1209 4621 1506 4697 degentes,
1558 4630 1746 4688 malos
1795 4652 1897 4690 au-
1932 4647 1978 4713 ι)

247 4694 359 4713 ιη,
399 4692 568 4713 μμ..
827 4705 835 4713 .
1131 4707 1144 4713 -

245 4694 364 4746 tem
397 4692 641 4751 feliciter
668 4705 928 4771 agentes,
963 4722 1028 4759 ac
1061 4707 1215 4766 velut
1247 4692 1454 4783 porcos
1483 4692 1556 4773 ad
1588 4723 1894 4780 mactatio-

249 4797 384 4835 nem
417 4782 539 4855 igni
580 4791 793 4844 esterno
839 4793 1138 4865 saginatas
1185 4782 1679 4874 etipraeparatosP
1742 4811 1899 4869 Nihil

244 4885 381 4942 ergo
429 4875 486 4928 te
535 4876 768 4948 amplus
817 4885 1144 4942 conturbet.
1195 4889 1310 4945 Nec
1353 4893 1510 4950 enim
1540 4895 1636 4953 hic
1665 4903 1896 4959 tantum

241 4960 574 5019 consistunt
593 4980 723 5037 quae
744 4970 815 5025 ad
839 4987 946 5027 nos
968 4981 1256 5048 spectant,
1271 4983 1372 5037 sed
1399 4984 1638 5043 omnino
1660 5006 1897 5050 necesse

241 5055 330 5106 est
359 5068 458 5109 eos
489 5055 588 5126 qui
620 5056 939 5132 salvantur,
972 5079 1074 5135 per
1104 5067 1325 5126 multas
1357 5071 1763 5136 tribulationes
1802 5081 1892 5140 in-

238 5140 400 5210 gredi
435 5140 494 5197 in
529 5160 776 5216 regnum
803 5147 1214 5210 caalorumllic
1235 5156 1391 5214 enim
1412 5159 1528 5219 Deo
1545 5167 1633 5221 est
1655 5181 1891 5240 scopus,

2024 3383 2195 3459 181(3)
2226 3391 2342 3449 τοῖς
2388 3389 2594 3452 τέκνοις
2648 3390 2918 3464 μέλλοντα
2965 3396 3102 3452 κατᾶ
3152 3394 3414 3469 διαθήκας
3461 3399 3685 3472 δοθῆναι

2024 3475 2288 3548 χρήματα
2339 3475 2416 3538 εἷς
2475 3479 2734 3555 πτωχοὺς
2795 3479 2988 3537 λοιπὸν
3042 3481 3411 3556 δαπανηθῶσι.
3461 3488 3683 3554 Πάντως

2025 3557 2199 3616 δὲκαὶ
2231 3563 2366 3619 κατᾶ
2397 3564 2537 3621 ἄλλο
2595 3573 2766 3643 κρῖμα
2824 3571 2958 3644 ἡμῖν
3023 3572 3268 3650 ὑπάρχον
3314 3573 3546 3648 ἄδηλον.
3583 3580 3679 3634 Καὶ

2023 3648 2166 3706 οὕτω
2199 3652 2294 3724 μὶν
2328 3654 2451 3726 περὶ
2503 3660 2704 3710 πιστῶν
2751 3658 2963 3728 νηπίων
2997 3648 3574 3740 λόγο-ςξ-Εὐπραγοῦσι
3621 3666 3678 3724 δὶ

2018 3739 2110 3794 καὶ
2157 3740 2434 3797 εὐθυνοῦσι
2478 3745 2567 3798 καὶ
2618 3744 2949 3802 εύτεκνοῦσιν
2995 3748 3183 3826 ἄνδρες
3231 3756 3489 3831 πονηροὶ,
3545 3755 3674 3821 ἴσως

2017 3830 2139 3886 τινὰ
2172 3831 2336 3906 μικρὰ
2365 3833 2534 3909 ἀγαθά
2558 3830 2685 3911 ἔργα
2715 3838 2794 3912 (4)
2821 3841 3168 3911 ποιήσαντες,
3201 3843 3289 3900 καὶ
3324 3843 3550 3912 ἐνταῦθα
3578 3850 3670 3905 τὸν

2021 3921 2209 3993 μισθὸν
2238 3921 2412 3978 αὐτῶν
2443 3921 2949 4001 ἀπολαμϐάνοντες,
2984 3931 3057 3994 ὡς
3092 3933 3120 3988 ὁ
3151 3933 3418 3998 πλούσιος
3465 3936 3672 4002 ἐκεῖνος

2016 4010 2045 4064 ὁ
2075 4009 2327 4074 ἀκούσας’
2362 4038 2389 4065 ‹‹
2439 4018 2725 4086 Μνήσθητι
2778 4015 2859 4072 ὅτι
2905 4016 3175 4085 ἀπέλαϐες
3222 4025 3289 4078 τὰ
3337 4024 3512 4100 ἀγαθά
3573 4049 3670 4083 σου

2014 4098 2066 4152 ἐν
2110 4104 2178 4174 τῇ
2231 4101 2344 4176 ζωῇ
2387 4121 2501 4158 σου·
2543 4128 2572 4155 ››
2600 4105 2899 4177 τουτέστιν,
2935 4107 3266 4187 ἐπληρώθης
3326 4098 3418 4169 τὸν
3477 4119 3667 4188 μισθὸν

2009 4192 2117 4243 τῶν
2151 4191 2366 4266 ἀγαθῶν
2412 4189 2608 4268 ἔργων,
2642 4195 2716 4249 ῶν
2767 4193 3018 4272 ἔπραξας.
3063 4207 3436 4278 Δυσπραγοῦσι
3493 4201 3549 4260 δὲ
3581 4205 3665 4260 εύ-

2011 4273 2200 4340 λαϐεῖς
2232 4280 2321 4334 καὶ
2352 4279 2495 4336 ὅσιοι
2531 4281 2776 4356 ἐνταῦθα,
2808 4283 2980 4356 ὅπως,
3015 4283 3103 4342 διὰ
3148 4296 3248 4359 τῆς
3309 4291 3548 4366 θλίψεως
3579 4317 3668 4351 κα-

2011 4367 2370 4442 θαρισθέντις,
2404 4370 2479 4433 ὡς
2511 4373 2538 4425 ὁ
2570 4371 2814 4448 Λάζαρος
2857 4379 2962 4429 τῶν
3019 4373 3166 4432 ἰδίων
3219 4380 3522 4455 ἁμαρτιῶν,
3555 4383 3665 4440 ἐκεῖ

2010 4455 2204 4512 λοιπὸν
2259 4455 2481 4521 τελείως
2535 4459 2626 4514 σὺν
2669 4461 2814 4535 αὐτῷ
2862 4465 3312 4541 παρακληθῶσιν.
3346 4470 3409 4525 Εἰ
3457 4473 3560 4549 γὰρ
3605 4474 3663 4529 ’ὀν

2009 4546 2188 4621 ἀγαπᾷ
2248 4546 2444 4622 Κύριος
2497 4547 2758 4619 παιδεύει,
2818 4553 2869 4607 τί
2929 4553 3124 4610 λοιπὸν
3187 4553 3458 4634 θορυϐεῖς,
3519 4561 3659 4637 ὀρῶν

2007 4634 2193 4710 ἁγίους
2243 4634 2294 4691 ἐν
2349 4634 2676 4728 δυσπραγίᾳ,
2708 4635 2920 4706 ἀσεϐεῖς
2972 4640 3030 4698 δὲ
3080 4644 3130 4700 ἐν
3183 4645 3451 4726 εὐπραγίᾳ
3497 4634 3660 4728 ὑπάρ-

2005 4743 2228 4799 χοντας,
2257 4727 2347 4780 καὶ
2379 4727 2454 4790 ὡς
2486 4727 2713 4804 χοίρους
2763 4731 2838 4794 είς
2881 4736 3091 4810 σφαγὴν
3145 4733 3224 4808 τῷ
3277 4736 3485 4814 αἰωνίῳ
3527 4743 3656 4816 πυρὶ

2008 4813 2384 4888 σιτιζομένους
2414 4816 2504 4872 καὶ
2535 4817 3028 4894 ἐτοιμαζομένους;
3063 4823 3256 4880 λοιπὸν
3289 4827 3382 4882 οῦν
3436 4830 3512 4902 μὴ
3563 4831 3656 4886 θο-

2007 4897 2197 4980 ρυϐοῦ’
2252 4907 2326 4979 (5)
2379 4905 2440 4961 οὐ
2498 4909 2598 4984 γὰρ
2658 4910 2826 4984 μέχρι
2883 4915 2990 4967 τῶν
3051 4911 3272 4970 ἐνταῦθα
3319 4897 3536 4974 ἵσταται
3592 4921 3658 4975 τὰ

2003 4992 2264 5072 ἡμέτερα,
2299 4994 2444 5052 ἀλλά
2478 4994 2562 5052 δεῖ
2589 4999 2803 5062 πάντως
2831 4999 2958 5064 τοὺς
2990 5007 3334 5078 σωζομένους
3380 5004 3471 5064 διὰ
3519 5007 3655 5065 πολ-

2004 5078 2115 5137 λῶν
2146 5082 2381 5159 θλίψεων
2425 5085 2684 5151 εἰσελθεῖν
2737 5087 2812 5151 εἷς
2859 5090 2956 5159 τήν
3011 5091 3286 5168 βασιλείαν
3334 5099 3443 5152 τῶν
3495 5098 3655 5176 ούρα-

2001 5175 2130 5231 νῶν.
2165 5175 2379 5237 Σκοπὸς
2423 5175 2524 5252 γὰρ
2575 5176 2730 5239 οὗτός
2772 5175 2881 5234 ἐστι
2927 5185 3009 5254 τῷ
3055 5186 3194 5256 Θεῷ,
3219 5185 3283 5240 τὸ
3312 5184 3513 5251 πάντας
3561 5175 3657 5244 ἇν-

308 5286 328 5320 ⁴
356 5286 569 5344 Jerem.
603 5307 756 5359 xxxr,
787 5293 877 5349 30.
955 5296 976 5331 ⁵
1006 5296 1210 5356 Matth.
1243 5317 1408 5374 xxm,
1437 5306 1526 5364 35.
1604 5312 1626 5348 ⁶
1655 5311 1794 5370 Luc.
1827 5331 1942 5389 xvi,
1973 5317 2064 5374 25.
2141 5321 2161 5355 "
2193 5320 2356 5377 Prov.
2391 5339 2474 5388 ιιι,
2510 5323 2595 5379 12.
2677 5381 2683 5388 ,

450 5431 572 5512 ρυο
604 5437 1082 5512 [τιθείη-ἁμαρτίαι.

327 5501 588 5580 99)}363.
615 5509 670 5574 2,
704 5501 971 5578 ἀπίστων,
1002 5513 1123 5580 alii,
1155 5507 1518 5578 ἀϐαπτίστων.

327 5502 416 5569 99)
449 5502 588 5574 Reg.
615 5509 670 5574 2,
704 5502 971 5578 ἀπίστων,
1002 5513 1123 5580 alii,
1155 5507 1518 5578 ἀϐαπτίστων.

411 5573 510 5659 §jc
543 5575 681 5647 Reg.
791 5582 973 5659 _Editi,
1005 5586 1189 5659 πιστᾲ,
1222 5589 1413 5659 νήπια,
1463 5595 1660 5654 minus
1701 5605 1877 5659 recte.

303 5645 380 5731 ('2)
410 5645 502 5701 Sic
535 5645 705 5738 mss.~
730 5654 876 5710 Editi
937 5645 1086 5738 vero,
1138 5645 1660 5738 Sixai'onpiqeﬁvu;
1702 5645 1881 5730 ῖποῖυ-

233 5713 452 5787 χρόνιοι
480 5719 826 5796 τελευτῶσιν,
860 5713 1100 5787 omissis
1134 5713 1513 5803 quibusdam.

2063 5462 2266 5548 (3)~Sie
2298 5466 2540 5548 mss;_ln
2589 5466 2765 5548 editis
2809 5485 2913 5540 pro
2955 5466 3068 5540 ἵνα,
3119 5471 3231 5542 καί,
3273 5477 3330 5531 et
3381 5477 3647 5548 inferius,

1991 5530 2380 5613 ριὀῃδοθῆναι,
2404 5536 2590 5613 βῆναι,
2622 5530 2855 5613 legitur.

2085 5607 2138 5703 ἑ)
2167 5611 2253 5703 lita
2282 5609 2523 5703 quidam
2555 5606 2738 5703 mss},
2753 5606 2890 5703 ἔργα
2915 5613 3082 5703 deest
3110 5614 3395 5703 in‘editis.
3436 5692 3471 5703 __

2085 5607 2136 5673 1t)
2167 5611 2253 5663 lta
2282 5609 2523 5680 quidam
2555 5606 2725 5680 mssf,
2757 5606 2890 5739 ἔργα
2915 5613 3082 5670 deest
3110 5614 3169 5671 in
3200 5615 3395 5676 editis.
3460 5692 3471 5703 '

2063 5606 2139 5749 (5)
2169 5679 2338 5737 Joan.
2369 5680 2573 5756 Chrys.
2607 5683 2768 5740 homi
2801 5726 2812 5739 .
2851 5685 2989 5756 t,ad
3019 5687 3306 5761 populum
3335 5692 3648 5751 Antioche-

1994 5765 2156 5807 num.
