4132 6360
385 415 513 475 637

1351 410 1865 481 QUESTIONES
1909 411 2010 470 AD
2057 407 2519 471 ANTIOCHUM
2566 409 2861 472 DUGICM.

3690 397 3812 458 638

386 550 650 625 θρώπους
683 557 949 617 σωθηναι,
981 545 1071 599 καὶ
1102 543 1178 606 εἱς
1236 543 1519 619 ἐπίγνωσιν
1549 541 1808 613 ἀληθείας
1850 542 2048 607 ἐλθεῖν.

2184 561 2372 600 )mnes
2404 545 2670 600 homines
2703 543 2891 600 salvos
2925 541 3047 596 ﬁeri
3079 545 3134 596 et
3162 540 3220 594 in
3271 537 3628 610 agnitionem
3661 531 3812 588 veri-

389 637 593 714 Διόπερ
625 634 716 691 καί
765 639 885 696 τοῖς
949 636 1042 706 μὲν
1099 633 1450 707 ἁμαρτωλοῖς
1509 632 1779 695 πολλάκις
1843 653 2049 707 μακρο-

394 725 625 804 χρονίαν
661 725 947 802 χαρίζεται
979 726 1074 795 (6),
1109 722 1360 800 ἀφορμὴν
1421 723 1603 785 αὐτοῖς
1664 720 1846 784 διδοὺς
1912 722 2047 795 πρὸς

398 819 711 891 μετάνοιαν,
774 813 924 875 ὅπως
985 812 1083 867 κᾶι
1144 813 1217 873 ὡς
1268 812 1318 866 οἱ
1366 812 1486 888 περὶ
1517 813 1614 880 τὴν
1652 809 1938 882 ἑνδεκάτην
1997 810 2048 865 έν

400 905 558 982 βάλει
592 907 783 980 γήρως
817 900 1200 976 ἐπιστρέψωσι·
1232 901 1359 963 τοὺς
1401 899 1458 956 δὲ
1497 900 1736 965 δικαίους
1782 901 2054 963 πολλάκις

397 993 818 1070 ὀλιγοχρονίους
852 991 1100 1068 ἁρπάζει·
1130 988 1219 1044 ἵνα
1255 991 1353 1063 μή,
1387 991 1460 1052 ὥς
1493 1012 1654 1069 φησιν
1680 993 1706 1045 6
1760 990 2053 1063 Σολομὼν,

399 1087 436 1154 ἡ
464 1083 624 1138 κακία
653 1080 863 1154 ἀλλάξῃ
897 1083 972 1152 (7)
1025 1079 1232 1134 σύνεσιν
1280 1079 1478 1150 αὐτῶν,
1511 1082 1545 1149 ἣ
1593 1078 1754 1144 δόλος
1806 1080 2056 1153 ἀπατήσῃ

403 1174 590 1249 ψυχὴν
621 1170 820 1239 αὐτῶν,
849 1167 1226 1230 τελειωθέντες
1258 1168 1309 1223 ἐν
1343 1169 1518 1244 ὀλίγῳ
1548 1169 1871 1244 ἐπλήρωσαν
1920 1170 2056 1245 χρό-

410 1283 534 1323 νους
576 1260 836 1336 μακρούς.
870 1259 1096 1333 Ἀρεστή
1129 1259 1230 1332 γὰρ
1263 1260 1332 1327 ἢν
1364 1257 1544 1332 Κυρίῳ
1576 1260 1608 1328 ἠ
1643 1260 1797 1333 ψυχὴ
1859 1259 2054 1314 αὐτῶν.

492 1440 687 1516 Ἐρώτ.
718 1447 782 1495 κ’.
812 1438 878 1496 Τί
933 1437 1066 1506 οὗν;
1119 1435 1311 1499 Οὐδεὶς
1367 1440 1475 1492 τῶν
1534 1436 1584 1492 ἐν
1617 1434 1759 1510 τῶδε
1815 1443 1892 1510 τῷ
1957 1437 2062 1512 βίῳ

420 1525 942 1603 ταλαιπωρησάντων
999 1525 1300 1602 εἰσέρχεται
1368 1524 1478 1581 ἐκεῖ
1535 1525 1609 1588 εἷς
1665 1527 1762 1595 τήν
1825 1526 2059 1601 γέενναν,

421 1616 543 1672 οὔτε
575 1618 680 1690 μην
714 1616 872 1671 πάλιν
903 1637 984 1678 τις
1012 1620 1120 1670 τῶν
1155 1615 1603 1691 εὐημερησάντων
1657 1614 1763 1671 ὧδε
1821 1615 2061 1692 εἰσέρχε-

417 1727 506 1762 ται
538 1705 650 1761 ἐκεῖ
677 1705 753 1768 είς
782 1707 880 1774 τὴν
917 1705 1195 1780 βασιλείαν
1228 1710 1336 1760 τῶν
1370 1703 1612 1780 οὐρανῶν
1645 1708 1756 1779 (8);

493 1795 679 1851 Ἀπόκ.
714 1794 835 1851 Ναί.
869 1795 935 1852 Oi
990 1796 1083 1868 μὶν
1133 1795 1232 1871 γὰρ
1291 1799 1398 1849 τῶν
1458 1794 1759 1871 ἀνθρώπων
1817 1795 2062 1872 ἥμαρτον

415 1883 647 1960 μεγάλα,
679 1884 769 1940 καὶ
823 1883 1214 1954 ἐπαιδεύθησαν
1265 1881 1372 1939 ὦδε
1423 1885 1609 1959 μικρὰ,
1668 1887 1758 1940 καὶ
1812 1885 2066 1940 ὐπόκειν-
2097 1925 2145 1991 Β

591 1974 602 1991 ι
785 1972 798 1991 ς
869 1977 892 1989 ..
1153 1979 1214 1991 ,..
1379 1973 1392 1988 .
1485 1973 1498 1991 τ
1553 1973 1567 1991 ς
1673 1975 1696 1991 ν
1798 1974 1811 1991 ,
1897 1981 1931 1991 ..
1978 1972 2034 1991 θ’

412 1994 501 2029 ται
533 1974 748 2035 πάντως
782 1972 892 2028 ἐκεῖ
919 1979 1329 2049 τιμωρηθῆναι,
1363 1973 1438 2035 ὡς
1481 1973 1569 2028 ἐπὶ
1627 1975 1732 2028 τῶν
1794 1974 1845 2029 ἐν
1894 1972 2064 2029 Σοδό-

416 2084 542 2137 μοις
603 2061 944 2136 εὐρίσκομεν·
1007 2063 1059 2116 οἱ
1123 2059 1180 2117 δὲ
1236 2060 1401 2118 πάλιν
1463 2065 1810 2138 προσήγαγον
1844 2063 1924 2136 τῷ
1954 2069 2068 2136 Θεῷ

410 2153 692 2225 καμάτους
748 2150 1018 2224 πολλοὺς,
1092 2150 1357 2226 μετέσχον
1413 2149 1469 2206 δὲ
1519 2150 1742 2207 ἐνταῦθα
1781 2151 2070 2226 εὐημερίας

415 2248 617 2317 μικρᾶς
651 2244 750 2315 (9),
783 2241 873 2296 καὶ
922 2241 1201 2296 ἀπόκειται
1242 2240 1424 2302 αὐτοῖς
1482 2239 1676 2296 λοιπὸν
1728 2244 1762 2311 ἡ
1822 2241 2073 2317 βασιλεία

408 2329 522 2386 τῶν
575 2330 848 2406 οὐρανῶν,
908 2331 981 2391 ὡς
1031 2330 1083 2384 οἱ
1140 2330 1264 2402 περὶ
1322 2324 1573 2403 Ἀϐραὰμ
1627 2331 1716 2384 καὶ
1776 2335 1924 2398 Νῶε,
1981 2331 2070 2385 καὶ

414 2416 782 2493 Μελχισεδέκ·
817 2416 980 2473 ἄλλοι
1013 2415 1260 2492 ἥμαρτον
1285 2416 1494 2486 πολλὰ,
1525 2418 1613 2473 καὶ
1675 2414 1866 2473 ἔπαθον
1916 2417 2067 2474 οὐδὲν

416 2506 602 2572 ἕνθάδε
631 2509 896 2583 πονηρὸν,
931 2507 1005 2561 ὡς
1039 2508 1066 2560 6
1098 2509 1362 2568 πλούσιος
1397 2508 1423 2560 6
1481 2508 1616 2562 κατά
1666 2507 1756 2563 τὸν
1802 2508 2072 2584 Λάζαρον,

413 2599 510 2654 καὶ
544 2597 854 2652 ὑπόκεινται
888 2596 997 2651 ἐκεῖ
1024 2599 1093 2660 τῆ
1142 2597 1356 2651 πάντων
1410 2596 1774 2673 χαλεπωτέρᾳ
1826 2596 2070 2652 κολάσει·

418 2689 602 2762 ἕτεροι
633 2685 690 2742 δὲ
721 2685 946 2757 ἐξῆλθον
999 2685 1088 2740 διὰ
1136 2688 1263 2741 Θεὸν
1316 2685 1366 2740 ἐν
1403 2685 1520 2759 ὅλῳ
1552 2693 1629 2758 τῷ
1659 2686 1846 2763 χρόνῳ
1876 2686 1927 2742 ἐν
1965 2710 2072 2760 μη-

333 2829 339 2833 .
420 2776 631 2837 λωταῖς
708 2775 797 2830 καὶ
873 2774 1101 2851 αἰγείοις
1172 2772 1423 2851 δέρμασι,
1482 2777 1661 2847 πάσης
1721 2776 2073 2839 ἀπολαύσεως

417 2866 662 2942 ἐπιγείου
712 2865 1132 2938 ἀποταξάμενοι,
1187 2863 1240 2919 o'i
1294 2865 1384 2919 καὶ
1438 2864 1695 2938 μειζόνων
1739 2868 1884 2941 παρὰ
1941 2870 2074 2920 Θεοῦ

418 2954 644 3030 δωρεῶν
710 2955 840 3030 ὑπὲρ
900 2954 1098 3017 πάντας
1157 2954 1449 3025 ἀξιοῦνται·
1514 2953 1678 3010 ἁλλοι
1737 2953 2072 3030 δὲῆμαρτον

410 3051 497 3118 τῷ
529 3050 645 3117 Θεῷ
680 3049 914 3120 μερικῶς
964 3047 1096 3117 (10),
1147 3043 1236 3098 καὶ
1286 3043 1677 3114 ἐπαιδεύθησαν
1727 3044 1886 3115 ἀξίως
1944 3046 2074 3119 ὑπὲρ

417 3138 497 3190 ὧν
527 3132 800 3209 ἥμαρτον,
833 3134 923 3188 καὶ
956 3131 1336 3208 έλυτρώθησαν
1389 3132 1498 3190 ἐκεῖ
1543 3141 1645 3203 τῆς
1703 3134 1925 3190 αἰωνίου
1983 3155 2075 3190 κο-

419 3223 655 3296 λάσεως,
690 3224 765 3285 ὡς
798 3223 826 3278 6
855 3223 1082 3297 πτωχὸς
1115 3224 1383 3298 Λάζαρος.
1423 3226 1582 3278 Ὥστε
1631 3219 1718 3278 διὰ
1758 3229 1866 3279 τῶν
1923 3224 2073 3299 εἰρη-

2157 635 2297 689 tatis
2325 635 2541 690 venire.
2577 634 2721 690 Hinc
2752 649 2904 705 saepe
2944 629 3347 702 peccatoribus
3392 627 3636 696 longum
3667 638 3808 677 con-

2158 724 2312 778 cedit
2345 731 2598 794 tempus,
2627 725 2990 780 occasionem
3022 720 3139 774 illis
3167 720 3237 773 ad
3269 715 3669 789 pmnitentiam
3703 712 3804 765 tri-

2160 813 2368 882 buens,
2405 819 2467 868 ut
2499 813 2730 879 saltem,
2762 811 2921 867 velut
2951 810 3050 882 qui
3083 810 3153 863 ad
3188 809 3385 862 horam
3433 801 3807 858 undecimam

2159 908 2466 968 venerunt,
2500 904 2557 957 in
2589 908 2850 958 extrema
2883 903 3182 956 senectute
3230 895 3665 952 convertantur.
3699 889 3806 944 Ju-

2163 996 2286 1048 stos
2319 1010 2488 1062 porro
2519 1010 2671 1064 szepe
2704 997 2832 1064 post
2856 993 3028 1046 breve
3060 988 3185 1042 vita:
3209 991 3443 1056 tempus
3473 979 3811 1051 abripit,ne,

2165 1087 2230 1136 ut
2260 1083 2340 1136 ait
2369 1081 2897 1148 Salomon,malitia
2919 1082 3108 1134 mutet
3135 1075 3501 1130 intellectum
3527 1071 3810 1141 ipsorum,

2167 1175 2269 1226 aut
2297 1171 2466 1226 dolus
2499 1171 2750 1242 decipiat
2781 1186 2983 1225 eorum
3017 1167 3298 1222 animam.
3335 1187 3362 1212 ‹‹
3407 1154 3812 1216 Consummati

2168 1259 2226 1313 in
2261 1260 2441 1331 brevi,
2474 1259 2850 1330 expleverunt
2901 1263 3166 1328 tempore
3215 1253 3388 1323 longa
3427 1251 3465 1304 ⁸.
3523 1271 3550 1300 ››
3603 1245 3820 1302 Placita

2169 1348 2327 1405 enim
2359 1357 2482 1404 erat
2510 1349 2758 1405 Domino
2791 1349 2988 1404 anima
3020 1347 3301 1418 ipsorum.

2242 1442 2456 1503 QUEST.
2506 1438 2664 1493 LXX.
2722 1438 2870 1504 Quid
2922 1434 3318 1507 ergo?Ncmo
3368 1446 3569 1486 eorum
3615 1425 3715 1498 qui
3761 1424 3819 1478 in

2171 1527 2281 1583 hac
2311 1529 2427 1583 vita
2456 1527 2860 1584 calamitosam
2889 1528 3112 1581 ducunt
3132 1523 3310 1578 vitam
3344 1519 3482 1575 illuc
3513 1518 3572 1572 in
3605 1515 3824 1588 gehen-

2173 1635 2310 1674 nam
2343 1618 2694 1688 ingreditur?
2725 1617 2983 1672 Nemone
3012 1616 3151 1670 item
3186 1612 3421 1668 illorum
3453 1607 3556 1679 qui
3586 1605 3682 1660 hic
3705 1604 3822 1658 for-

2173 1711 2376 1763 tunate
2409 1707 2628 1766 vivunt.
2659 1705 2985 1777 ingreditur
3016 1704 3073 1758 in
3106 1718 3352 1773 regnum
3386 1697 3664 1754 cmlorum
3685 1693 3713 1747 ‘2

2252 1802 2422 1853 HESP.
2453 1797 2551 1851 Est
2582 1813 2720 1852 sane
2753 1796 2853 1850 ita.
2887 1795 2992 1850 Alii
3028 1794 3182 1848 enim
3217 1789 3470 1863 graviter
3500 1784 3824 1842 admodum

2176 1891 2586 1959 peccaverunt,
2613 1889 2668 1940 et
2700 1901 2909 1957 parum
2944 1883 3038 1938 hic
3069 1887 3208 1937 sunt
3258 1876 3552 1949 castigati,
3585 1874 3826 1930 debent-

2176 1993 2287 2048 que
2318 1976 2556 2031 omnino
2588 1974 2705 2029 illic
2729 1975 2923 2046 puniri
2956 1977 3019 2026 ut
3049 1971 3107 2026 in
3140 1968 3460 2026 Sodomitis
3490 1965 3686 2020 videre
3716 1964 3828 2017 est.

2177 2066 2288 2120 Alii
2325 2082 2531 2120 rursus
2565 2064 2781 2119 multos
2815 2063 3042 2118 labores
3078 2066 3188 2115 Deo
3219 2058 3576 2122 obtulerunt,
3614 2070 3828 2125 parvae-

2179 2170 2291 2227 que
2323 2153 2617 2210 felicitatis
2649 2153 2740 2208 hic
2784 2154 2944 2208 fuere
2991 2150 3326 2223 participes,
3379 2148 3594 2220 quibus
3627 2142 3828 2214 utique

2180 2261 2428 2316 regnum
2479 2243 2756 2299 caelorum
2809 2246 3167 2297 reservatum
3236 2243 3344 2305 est,
3395 2241 3460 2291 ut
3504 2232 3822 2298 Abraham,

2179 2334 2299 2389 Noe
2328 2339 2386 2389 et
2416 2332 2816 2388 Melchisedec.
2850 2331 2961 2387 Alii
2992 2331 3245 2385 multum
3301 2327 3702 2400 peccaverunt,
3738 2322 3825 2376 ni-

2180 2423 2382 2494 hilque
2414 2422 2508 2477 hic
2541 2422 2980 2477 incommodum
3015 2418 3274 2491 perpessi
3301 2419 3526 2471 suntut
3548 2413 3708 2468 dives
3730 2409 3829 2465 ille

2183 2514 2282 2584 qui
2316 2513 2376 2568 in
2408 2512 2653 2568 historia
2681 2511 2879 2566 Lazari
2929 2513 3288 2565 memoratur
3316 2509 3356 2572 9,
3389 2505 3627 2573 illicque
3665 2499 3830 2555 subi-

2183 2601 2303 2657 turi
2334 2606 2474 2656 sunt
2505 2605 2897 2672 asperrimum
2921 2600 3185 2656 omnium
3203 2589 3703 2668 supplicium.Alii
3729 2606 3831 2644 au-

2183 2695 2300 2746 tem
2337 2707 2435 2762 per
2466 2695 2648 2745 totam
2682 2690 2860 2744 vitam
2895 2693 3131 2760 propter
3161 2687 3346 2742 Deum
3387 2683 3747 2738 circuierunt
3773 2678 3833 2733 in

2185 2779 2418 2835 melotis
2449 2783 2504 2833 et
2536 2777 2786 2850 pellibus
2834 2778 3090 2848 caprinis
3126 2778 3188 2842 ιο,
3219 2775 3378 2830 omni
3414 2778 3645 2827 terrena
3673 2767 3834 2823 volu-

2186 2872 2342 2941 ptate
2374 2868 2760 2938 rejecta,quos
2791 2866 3178 2938 amplioribus
3199 2865 3371 2919 donis
3401 2861 3519 2916 illic
3541 2865 3693 2915 Deus
3716 2873 3831 2929 pra:

2185 2957 2406 3014 caeteris
2437 2959 2714 3012 omnibus
2745 2956 3103 3027 dignabitur.
3136 2953 3248 3008 Alii
3277 2968 3411 3007 vero
3441 2951 3499 3005 in
3553 2955 3734 3003 Deum
3767 2963 3837 3001 ex

2187 3054 2349 3120 parte
2381 3051 2785 3118 peccaverunt,
2821 3052 2897 3112 et,
2934 3050 2996 3099 ut
3027 3043 3426 3109 merebantur,
3448 3057 3551 3111 pro
3582 3035 3837 3110 peccatis

2187 3137 2481 3193 emendati
2512 3140 2670 3203 sunt,
2705 3140 2878 3206 atque
2907 3133 3140 3189 aeternis
3165 3131 3474 3188 tormentis
3521 3130 3661 3184 sunt
3688 3125 3836 3181 libe-

2187 3225 2320 3292 rati,
2355 3224 2439 3280 uti
2499 3241 2718 3296 pauper
2750 3225 3021 3279 Lazarus.
3048 3222 3203 3279 Unde
3235 3236 3302 3275 ex
3333 3216 3624 3292 praedictis
3657 3213 3837 3270 disci-

423 3315 605 3388 μένων
665 3311 959 3385 ἐμάθομεν,
1011 3311 1094 3366 ὅτι
1154 3313 1205 3365 οἱ
1259 3313 1351 3385 μὲν
1412 3317 1518 3366 τῶν
1568 3311 1868 3387 ἀνθρώπων
1923 3298 2068 3367 κάκεῑ

2190 3332 2323 3370 mus
2368 3315 2513 3370 alios
2565 3319 2622 3368 et
2674 3313 2791 3368 illic
2821 3318 2879 3368 et
2926 3313 3020 3367 hic
3071 3309 3311 3383 puniri:
3346 3307 3492 3364 alios
3559 3321 3692 3360 vero
3743 3303 3838 3358 hic

415 3403 512 3458 καὶ
541 3399 648 3457 ὧδε
675 3399 1022 3471 κολάζονται·
1058 3401 1110 3455 οἱ
1165 3398 1222 3455 δὲ
1268 3399 1373 3455 ὧδε
1433 3401 1520 3456 καὶ
1583 3401 1764 3473 μόνον,
1825 3400 1990 3457 ἄλλοι
2023 3400 2080 3456 δὲ

421 3489 534 3547 ῶδε
570 3493 665 3564 μὲν
700 3488 979 3564 οὐδαμῶς,
1038 3489 1147 3544 ἐκεῖ
1204 3487 1262 3544 δὲ
1300 3487 1603 3563 ὀδυνηρῶς.
1637 3494 1840 3565 Ὥσπερ
1898 3490 2078 3546 καὶτὸ

424 3580 672 3636 ἐναντίον
702 3582 836 3653 (11)·
871 3579 953 3634 ὅτι
983 3580 1034 3632 οἱ
1069 3579 1162 3651 μὲν
1207 3579 1297 3633 καὶ
1355 3579 1575 3634 ἐνταῦθα
1633 3579 1722 3634 καὶ
1780 3579 1891 3635 ἐκεῖ
1942 3582 2077 3635 ἀπο-

425 3669 710 3725 λαύουσιν·
773 3669 825 3722 οἱ
883 3665 940 3722 δὲ
994 3667 1216 3722 ἐνταῦθα
1275 3669 1367 3742 μὶν
1429 3666 1706 3742 οὐδαμῶς,
1768 3668 1894 3724 ἀλλ’
1947 3670 2078 3739 ἐκεῖ,

419 3763 580 3820 Ἴσως
609 3757 666 3813 δέ
694 3778 832 3820 τινες
881 3758 971 3812 καί
1027 3762 1135 3812 τῶν
1195 3757 1416 3812 ἐνταῦθα
1472 3758 1560 3812 καὶ
1615 3762 1721 3812 τῶν
1773 3758 1884 3814 ἐκεῖ
1940 3758 2076 3814 ἀπο-

427 3850 741 3904 πίπτουσιν·
803 3846 912 3902 ὧδε
975 3847 1067 3920 μὲν
1129 3845 1198 3901 δι’
1258 3846 1757 3921 άνθρωπαρέσκειαν
1833 3870 2074 3903 κακοπα-

428 3941 706 4009 Θήσαντες,
738 3935 826 3991 καὶ
859 3935 948 3991 διὰ
1001 3941 1161 3991 τοῦτο
1221 3940 1327 3990 τῶν
1393 3935 1503 3991 ἐκεῖ
1560 3937 1770 4010 ἀγαθῶν
1830 3937 2082 3992 ἐκπεσόν-

428 4047 532 4088 τες.
583 4033 670 4082 Δεῖ
736 4025 918 4082 τοίνυν
986 4025 1184 4087 πάντας
1256 4025 1388 4087 τοὺς
1463 4021 1696 4088 εὐσεϐεῖς
1777 4034 2077 4098 συμπαθεῖς

427 4115 734 4180 ἐπίστασθαι
821 4110 1080 4190 ἀκριϐῶς,
1158 4113 1345 4188 ὅτιπερ
1433 4113 1498 4168 οὐ
1579 4114 1738 4183 μόνον
1810 4115 1941 4191 ὑπὲρ
2001 4115 2072 4171 ὧν

427 4202 649 4278 ἔπραξαν
715 4205 1023 4260 ὑπόκεινται
1083 4202 1416 4276 συμπάθειαν
1476 4203 1551 4266 είς
1594 4203 1721 4266 τοὺς
1782 4202 2076 4276 δεομένους

421 4291 803 4367 ἐπιδείξασθαι,
854 4293 1000 4350 ἀλλὰ
1056 4293 1146 4347 καὶ
1207 4291 1336 4366 ὑπὲρ
1396 4292 1610 4348 πάντων
1671 4294 1743 4347 ὧν
1807 4293 1993 4356 αὐτοῖς
2047 4296 2074 4349 6

416 4385 549 4446 Θεὸς
584 4382 898 4460 ἐδωρήσατο
931 4384 1162 4458 ἀγαθῶν.
1195 4381 1272 4440 Οὐ
1324 4383 1428 4457 γὰρ
1475 4379 1558 4438 δεῖ
1603 4387 1814 4459 μετρεῖν
1873 4385 1941 4438 τά
1997 4381 2075 4438 δι-

415 4472 646 4548 δόμενα,
679 4471 827 4528 ἀλλὰ
881 4472 949 4527 τὰ
1011 4471 1114 4526 ὐπὸ
1173 4476 1268 4526 τοῦ
1326 4476 1460 4526 Θεοῦ
1517 4474 1652 4545 ἡμῖν
1713 4473 2071 4548 χαριζόμενα·

419 4565 624 4636 μήπως
657 4563 746 4617 καὶ
780 4562 914 4633 ὓπερ
941 4561 1118 4615 αὐτῶν
1166 4565 1274 4614 τῶν
1334 4566 1430 4615 τοῦ
1490 4565 1624 4616 Θεοῦ
1683 4561 1899 4638 δωρεῶν
1957 4563 2076 4635 κρίο

418 4673 548 4724 ματι
638 4645 856 4729 φοϐερῷ
949 4649 1333 4723 ὑποτέσωμεν.
1423 4648 1704 4712 Πολλάκις
1784 4651 1884 4728 γάρ

413 4741 648 4812 ἀναξίοις
678 4739 767 4795 καὶ
811 4741 1163 4816 ἁμαρτωλοῖς
1216 4740 1244 4793 6
1293 4739 1422 4801 Θεὸς
1473 4737 1709 4793 πλοῦτον
1770 4741 2070 4816 χαρίζεται,

407 4829 504 4884 ’ίνα
536 4829 606 4885 δι’
637 4831 802 4885 αὐτοῦ
853 4829 903 4884 ἐν
961 4827 1361 4899 ἐλεημοσύναις
1403 4827 1500 4890 τὰς
1549 4826 1750 4884 ἑαυτῶν
1810 4831 2072 4906 ἁμαρτίας

412 4919 810 4989 ἀποπλύνωσι,
869 4918 957 4973 καὶ
1017 4916 1410 4991 ἐξαλείψωσιν.
1463 4915 1894 4990 Ἐλεημοσύναις
1947 4920 2072 4996 γὰρ,

416 5009 580 5089 φησὶν
609 5012 644 5078 ἡ
679 5008 792 5064 Θεία
824 5008 1031 5085 Γραφή,
1065 5006 1517 5083 ἀποκαθαίρονται
1543 5006 1822 5083 ἁμαρτίαι.

494 5100 668 5174 Ερώτ.
704 5099 804 5156 οα’.
835 5097 894 5150 Τί
927 5095 1157 5168 θέλομεν
1193 5094 1372 5170 λέγειν
1401 5095 1523 5172 περὶ
1555 5099 1662 5150 τῶν
1714 5095 1964 5174 ἐξαίφνης
1991 5119 2074 5152 τε·

417 5187 763 5249 λευτώντων,
794 5187 827 5254 ἣ
856 5205 958 5260 κρη
972 5185 1334 5258 μνιζομένων,
1432 5185 1534 5239 ὑπὸ
1583 5183 1769 5240 ἄλλων
1812 5186 2075 5241 τοιούτων

418 5275 664 5341 θανάτων
696 5275 844 5332 τέλει
875 5277 976 5329 τοῦ
1013 5272 1137 5348 βίου
1169 5275 1474 5350 χρωμένων
1501 5293 1514 5344 ;

993 5445 1015 5479 ⁹
1043 5443 1180 5500 Luc.
1211 5461 1328 5511 ενι,
1359 5445 1447 5500 20.
1529 5445 1572 5479 ¹⁰
1603 5443 1778 5502 Hebr.
1809 5459 1889 5516 x1,
1920 5443 2006 5500 37.

491 5449 511 5483 ⁸
543 5449 679 5521 Sap.
716 5462 794 5517 Iv,
828 5446 916 5501 11.

493 5619 571 5690 (6)
604 5619 743 5691 Res-
776 5621 834 5685 2,
861 5619 917 5686 3,
953 5611 1197 5691 μαλεροὺς
1228 5614 1483 5691 m6.va-

496 5683 574 5762 (7)
604 5683 877 5747 ὃὶιῖῐηεε.
903 5683 1076 5744 Ἐόἱῐῖ
1098 5683 1526 5762 νριιοζίάλλάζῃ.

500 5757 574 5836 (8)
606 5765 695 5822 lta
725 5779 870 5821 mss.
901 5786 916 5836 ς
943 5763 1052 5816 τῶν
1087 5757 1331 5830 οὐρανῶν
1364 5757 1528 5818 deest
1556 5759 1617 5817 in
1648 5759 1846 5819 editis.

2189 3405 2512 3460 duntaxat:
2547 3403 2694 3458 alios
2726 3406 2922 3458 autem
2954 3401 3045 3456 hic
3067 3400 3307 3455 minime
3340 3395 3557 3470 puniri,
3593 3395 3694 3451 sed
3719 3393 3837 3448 illic

2185 3494 2458 3567 graviter.
2493 3493 2565 3549 Ut
2607 3500 2664 3548 et
2693 3511 2723 3548 e
2771 3492 3094 3557 contrario,
3122 3489 3219 3545 alii
3253 3489 3346 3543 hic
3391 3493 3447 3542 et
3499 3485 3617 3540 illic
3668 3482 3836 3538 bonis

2190 3585 2594 3657 perfruuntur,
2627 3581 2724 3637 alii
2759 3581 2854 3636 hic
2887 3581 3150 3646 minime,
3177 3579 3275 3634 sed
3311 3576 3626 3632 illic.Forte
3657 3573 3832 3629 etiam

2190 3673 2456 3730 nonnulli
2484 3678 2539 3726 et
2569 3673 2665 3726 hic
2693 3677 2750 3726 et
2791 3671 2911 3725 illic
2959 3671 3117 3726 omni
3169 3668 3462 3738 voluptate
3507 3666 3834 3737 privantur,

2191 3763 2290 3835 qui
2326 3778 2533 3833 nempe
2565 3761 2657 3816 hic
2689 3765 2753 3816 ut
2784 3761 3079 3832 placerent
3111 3757 3471 3825 hominibus,
3519 3753 3673 3808 mala
3702 3758 3839 3808 sunt

2190 3852 2472 3924 perpessi,
2525 3857 2577 3906 et
2623 3850 2696 3905 ob
2745 3850 2896 3905 hanc
2939 3865 3175 3903 causam
3227 3846 3344 3900 illic
3391 3859 3624 3916 quoque
3673 3841 3839 3897 bonis

2189 3943 2548 3998 exciderunt.
2583 3941 2788 4010 Itaque
2829 3954 3032 3993 omnes
3087 3937 3213 4007 pios
3269 3932 3646 3990 condolentes
3691 3930 3841 3985 scire

2189 4046 2430 4086 necesse
2460 4034 2568 4092 est,
2604 4046 2716 4084 non
2763 4033 2955 4083 solum
3012 4027 3220 4082 debere
3272 4042 3372 4094 pro
3406 4023 3499 4076 bis
3548 4039 3673 4092 qua:
3705 4036 3834 4088 ege-

2187 4127 2325 4174 runt
2355 4136 2416 4174 se
2448 4119 2822 4173 condolentes
2853 4134 2990 4186 erga
3020 4115 3352 4186 indigentes
3401 4111 3694 4176 exhibere,
3729 4109 3830 4164 sed

2187 4214 2243 4264 et
2277 4223 2376 4279 pro
2409 4207 2685 4262 omnibus
2717 4206 2884 4261 bonis
2917 4221 3044 4275 quae
3076 4204 3194 4258 illis
3226 4201 3462 4257 donavit
3517 4205 3685 4256 Deus.
3719 4199 3834 4254 Nec

2185 4297 2341 4353 enim
2379 4295 2569 4350 metiri
2619 4299 2844 4365 oportet
2878 4310 3003 4364 qua:
3057 4292 3112 4346 in
3161 4308 3446 4362 pauperes
3496 4293 3831 4359 erogantur,

2186 4387 2286 4443 sed
2317 4385 2616 4442 attendere
2644 4401 2710 4439 ea
2733 4401 2766 4438 a
2798 4383 2910 4438 Deo
2956 4381 3125 4436 nobis
3173 4378 3398 4445 donari,
3455 4395 3526 4433 ne
3558 4379 3702 4432 forte
3735 4393 3837 4447 pro

2186 4477 2332 4548 ipsis
2381 4475 2481 4529 Dei
2531 4474 2702 4528 donis
2771 4471 3127 4527 horrendum
3181 4469 3501 4523 subeamus
3543 4466 3834 4534 judicium

2186 4568 2346 4637 Serpe
2399 4564 2554 4620 enim
2613 4569 2662 4616 et
2720 4562 2916 4632 dignis
2969 4565 3024 4615 et
3075 4558 3436 4631 peceatoribs
3481 4556 3634 4610 Deus
3684 4555 3836 4608 divi-

1984 4652 2074 4706 καὶ
2104 4671 2151 4736 D
2183 4655 2294 4711 tias
2329 4655 2606 4722 impertit,
2641 4657 2705 4707 ut
2735 4652 2964 4705 illarum
3014 4666 3122 4721 ope
3173 4652 3405 4721 peccata
3453 4663 3560 4702 sua
3588 4646 3831 4699 eleemo-

2183 4745 2345 4818 synis
2376 4743 2637 4798 abluant.
2675 4740 3069 4812 Elccmosynis
3088 4739 3268 4804 enim,
3305 4736 3496 4810 inquit
3525 4736 3829 4808 Scriptura

2183 4834 2398 4899 divina,
2432 4835 2667 4902 peccata
2700 4838 3025 4900 purgantur
3058 4832 3072 4862 ί

2261 5099 2488 5162 ΟυΑεετ.
2539 5098 2721 5154 LXXI.
2757 5097 2904 5161 Quid
2937 5097 3252 5152 dicendum
3284 5099 3368 5150 est
3403 5095 3471 5148 de
3504 5092 3574 5147 iis
3606 5091 3704 5159 qui
3738 5105 3838 5143 su-

2192 5188 2311 5244 bito
2347 5189 2701 5254 moriuntur,
2736 5192 2837 5243 aut
2861 5183 3415 5258 praecipitantur,vel
3444 5179 3622 5238 simili
3658 5182 3845 5234 morte

2193 5278 2536 5333 intereunt?

2088 5445 2128 5481 ¹¹
2161 5444 2314 5501 Eccl.
2350 5447 2434 5513 ui,
2467 5445 2556 5501 33.

2285 5618 2342 5688 9)
2375 5617 2514 5688 Reg.
2546 5617 2604 5681 2,
2639 5618 2868 5688 μακρᾶς.
2904 5613 3056 5668 Editi
3088 5628 3219 5667 vero
3256 5616 3474 5688 μικρᾶς.

2293 5686 2372 5757 10)
2408 5686 2495 5742 Ita
2525 5704 2670 5742 mss.
2706 5686 2855 5742 Editi
2886 5700 3040 5751 vero,
3076 5686 3366 5757 μετρικῶς.

2263 5752 2381 5832 (11)
2411 5762 2504 5816 Sic
2535 5760 2675 5830 Reg.
2711 5761 2766 5816 3.
2798 5758 2950 5815 Editi
2981 5752 3134 5825 vero,
3164 5758 3271 5810 τῶν
3301 5752 3577 5810 ίναθτίων.
