4132 6364
295 374 414 432 639

1464 375 1528 434 S.
1581 371 2109 432 ATHANASIUS.
2133 403 2207 413 —
2237 369 2549 432 SPURIA.

3603 372 3729 432 640

368 507 538 562 RESP.
569 507 729 571 Quod
761 506 883 562 haec
931 507 1155 564 incerta
1207 507 1326 563 sint
1355 511 1412 563 et
1461 507 1571 561 soli
1625 511 1736 561 Deo
1787 508 1948 571 nota,

2136 502 2326 560 Ἀπόκ.
2359 504 2482 562 ’Ότι
2520 505 2614 577 μὶν
2649 502 2831 575 ἄδηλα
2852 501 2920 560 τά
2961 507 3184 559 τοιαῦτα
3231 501 3321 559 καὶ
3379 503 3501 576 θεῷ
3567 504 3725 579 μόνῳ

297 613 411 652 non
444 601 534 652 est
564 596 1008 669 ambigendum.
1057 598 1329 653 Attamen
1382 612 1517 651 cum
1568 596 1722 650 dicat
1754 594 1951 650 Domi-

298 703 411 741 nus
445 702 459 741 :
494 709 522 735 cr
556 686 705 750 Quid
740 687 899 740 enim
923 686 950 740 ἰ)
978 688 1065 741 An
1119 687 1320 741 decem
1367 685 1452 740 illi
1499 689 1557 741 et
1605 688 1733 740 octo
1772 700 1954 756 supra

299 792 446 848 quos
473 775 684 831 cecidit
721 776 904 831 turris
937 775 1179 843 Siloam,
1211 775 1401 846 magis
1432 778 1768 846 peccatores
1786 776 1954 828 erant

298 869 506 937 przeter
535 881 739 920 omnes
770 865 1104 919 habitantes
1147 865 1205 919 in
1260 863 1587 920 Jerusalem
1607 863 1635 906 9
1664 862 1789 917 Non
1825 862 1952 917 dico

297 953 511 1009 vobis“
548 972 559 1008 :
595 975 622 1003 ››
655 952 792 1008 inde
824 953 1112 1008 discimus
1134 970 1248 1008 non
1273 969 1478 1008 omnes
1499 952 1597 1024 qui
1623 951 1788 1023 impii
1815 955 1956 1006 sunt

302 1049 360 1099 et
405 1043 616 1113 iniqui,
673 1043 940 1098 acerbam
993 1047 1240 1097 mortem
1294 1044 1446 1098 232
1492 1043 1674 1098 obire.
1725 1040 1953 1096 Etenim

297 1133 426 1189 .lobi
461 1133 742 1197 filiorum,
777 1133 874 1202 qui
901 1132 1049 1201 justi
1084 1132 1483 1201 erant,acerba
1514 1146 1674 1187 mors
1704 1129 1952 1201 fuit.lgi-

298 1226 397 1276 tur
426 1221 547 1276 haec
581 1222 696 1275 duo
746 1221 1030 1276 debemus
1062 1221 1436 1288 concludere,
1488 1221 1616 1291 pios
1663 1219 1954 1286 homines,

301 1309 402 1382 qui
435 1311 642 1365 acerba
675 1314 858 1365 morte
889 1309 1258 1378 interierunt,
1293 1309 1413 1364 leve
1462 1308 1699 1379 aliquod
1747 1308 1956 1363 vitium

301 1399 600 1465 habuisse,
634 1414 820 1470 eoque
846 1399 1123 1454 liberatos
1156 1413 1306 1465 esse,
1335 1397 1489 1454 malo
1507 1397 1956 1467 hujusmodiin-

301 1489 500 1556 teritu,
533 1491 599 1543 ut
630 1487 954 1558 majoribus
983 1503 1116 1544 vere
1158 1488 1484 1543 honoribus
1533 1487 1696 1559 digni
1737 1491 1955 1543 essent-

301 1579 360 1634 Id
395 1578 571 1634 etiam
604 1577 816 1642 evenit,
852 1583 916 1632 ut
949 1595 1076 1646 nos,
1111 1577 1232 1632 hec
1260 1578 1548 1647 videntes,
1581 1575 1856 1632 meliores
1881 1576 1959 1632 ef-

298 1669 586 1731 ﬁciamur,
611 1667 784 1737 juxta
811 1667 928 1722 haec
964 1668 1143 1722 verba
1180 1684 1192 1721 ε
1230 1689 1258 1715 ‹‹
1294 1667 1352 1722 Si
1387 1667 1592 1737 justus
1632 1666 1726 1721 vix
1768 1665 1958 1721 salva-

299 1757 642 1830 tur,impius
673 1761 730 1811 et
762 1761 1034 1828 peccator
1054 1755 1154 1811 ubi
1186 1756 1480 1828 parebunt
1513 1755 1598 1810 ‘3?
1628 1778 1648 1804 ι
1675 1754 1960 1810 Similiter

297 1864 431 1904 vero
463 1853 519 1903 et
551 1851 886 1920 peccatores
919 1863 1053 1902 cum
1085 1847 1379 1916 ejusmodi
1424 1849 1671 1901 mortem
1722 1845 1956 1918 patiun-

299 1944 415 2006 tur,
449 1935 689 1992 omnino
722 1935 860 1991 inde
907 1935 1170 2007 aliquam
1228 1935 1691 1990 misericordiam
1750 1951 1952 1991 conse-

299 2030 584 2100 quuntur.
619 2025 724 2091 Qui
757 2025 896 2081 item
929 2025 1050 2080 haec
1079 2024 1566 2097 vident,aliquam
1599 2024 1736 2080 inde
1765 2025 1950 2096 perci-

300 2117 473 2189 piunt
519 2114 848 2182 utilitatem,
903 2119 1137 2186 raptum
1199 2118 1437 2186 repente
1495 2117 1800 2170 cernentes
1848 2129 1954 2170 nec

299 2205 637 2278 opinantem
671 2203 994 2260 ohminem.
1027 2203 1190 2270 Quod
1239 2203 1289 2259 si
1322 2203 1578 2259 infantes
1607 2219 1674 2258 eo
1725 2218 1956 2275 quoque

303 2295 474 2352 modo
523 2293 879 2364 moriuntur,
929 2309 1003 2349 ne
1051 2296 1394 2364 ostupescas
1437 2309 1451 2350 :
1503 2308 1759 2364 namque
1807 2291 1955 2347 nihil

302 2384 388 2440 illi
421 2384 704 2440 damnum
736 2382 874 2438 inde
903 2383 1332 2455 perpetiuntur,
1365 2399 1470 2440 nec
1510 2382 1567 2437 id
1597 2381 1716 2438 illis
1746 2380 1958 2438 accidit

303 2474 607 2546 proprium
640 2472 714 2528 ob
753 2475 1082 2544 peccatum,
1115 2472 1218 2526 sed
1252 2476 1317 2526 ut
1364 2472 1631 2545 ipsorum
1682 2474 1956 2544 parentes

303 2562 574 2619 meliores
623 2566 681 2617 et
731 2561 1092 2634 religiosiore
1128 2561 1431 2627 sevadant,
1483 2576 1691 2632 nempe
1742 2559 1958 2616 intelli-

303 2655 507 2724 gentes
539 2668 647 2707 sua
672 2659 906 2724 propter
931 2655 1168 2723 peccata
1198 2651 1345 2707 mori
1377 2651 1643 2724 ipsorum
1676 2649 1954 2704 infantes.

306 2742 587 2796 Caeterum
621 2739 678 2796 in
712 2740 804 2795 his
838 2739 1114 2797 omnibus
1147 2740 1488 2797 meminisse
1520 2743 1747 2813 oportet
1776 2738 1957 2810 hujus

308 2831 537 2886 Domini
589 2829 797 2886 vocis:
849 2853 869 2879 ι
921 2831 1048 2886 Duo
1096 2847 1362 2902 passeres
1405 2847 1536 2887 asse
1580 2833 1857 2896 veneunt,
1903 2830 1961 2883 et

312 2936 464 2975 unus
494 2936 561 2975 ex
588 2917 705 2974 illis
756 2935 870 2975 non
916 2921 1086 2975 cadet
1122 2936 1300 2993 super
1346 2923 1563 2976 terram
1621 2919 1752 2974 sius
1790 2921 1960 2974 Patre

310 3026 438 3065 meo
470 3010 570 3082 qui
602 3009 660 3064 in
693 3008 855 3069 coalis
885 3013 975 3066 est
1006 3011 1051 3045 9‘
1086 3028 1100 3078 ;
1136 3033 1163 3058 ιν
1195 3014 1252 3066 et
1280 3010 1436 3082 quod
1468 3008 1677 3078 nostri,
1703 3007 1803 3080 qui
1825 3007 1962 3063 ﬁde-

306 3099 392 3156 les
417 3115 649 3169 sumus,
681 3116 888 3156 omnes
918 3099 1113 3172 capilli
1145 3100 1324 3172 capiti
1356 3099 1650 3156 numerati
1681 3101 1842 3153 sunt.

2059 592 2292 666 γνωστὰ,
2321 591 2382 648 οὐ
2417 591 2499 648 δεῖ
2530 589 2920 673 ἁμφιϐἁλλειν.
2960 597 3152 666 ’Όμως
3207 598 3305 648 τοῦ
3363 592 3572 669 Κυρίου
3633 594 3726 650 λέ-

2061 701 2273 757 γοντος·
2305 705 2334 733 ‹‹
2363 683 2423 736 Τί
2452 683 2553 758 γὰρ
2587 685 2637 739 οἱ
2669 682 2799 739 δέκα
2837 682 2927 738 καὶ
2980 683 3146 755 ὀκτὼ,
3205 683 3284 760 ἐφ’
3342 679 3433 745 οὕς
3493 685 3524 737 6
3586 685 3727 758 πύρ-

2060 792 2154 847 γος
2179 775 2276 826 τοῦ
2309 771 2546 846 Σιλωὰμ
2600 770 2806 840 ἔπεσεν,
2857 771 3310 850 ἁμαρτωλότεροι
3367 774 3509 842 ἦσαν
3578 773 3729 848 παρὰ

2061 863 2260 923 πάντας
2316 861 2442 925 τοὺς
2496 867 2880 926 κατοικοῦντας
2953 862 3005 917 ἐν
3087 861 3491 938 ¹Ιερουσαλήμ;
3559 861 3727 937 Οὐχὶ,

2065 950 2211 1025 λέγω
2245 952 2390 1025 ὑμῖν·
2428 976 2454 1004 ››
2490 952 2851 1026 μανθάνομεν,
2910 951 2994 1008 ὅτι
3052 951 3114 1006 ού
3173 950 3366 1014 πάντες
3427 950 3553 1007 ὅσοι
3606 951 3732 1006 ἀσε-

2064 1035 2178 1102 ϐεῖς
2211 1043 2244 1111 ἢ
2297 1039 2474 1097 ἄδικοι
2524 1043 2874 1118 τυγχάνουσι,
2922 1046 3104 1116 πικρῷ
3165 1043 3374 1114 θανάτῳ
3429 1040 3729 1097 τελευτῶν-

2062 1151 2150 1192 τες
2179 1130 2603 1202 ἀποθνήσκουσι.
2637 1132 2739 1189 Καὶ
2772 1133 2876 1207 γὰρ
2926 1132 2978 1186 οἳ
3033 1129 3224 1195 παῖδες
3277 1135 3380 1186 τοῦ
3435 1125 3589 1199 Ἰὼϐ,
3648 1127 3727 1184 δί-

2066 1240 2208 1274 καιοι
2243 1217 2415 1289 ὄντες,
2470 1219 2700 1277 ἐλεεινὸν
2728 1222 3013 1294 ὑπέμειναν
3052 1220 3299 1286 θάνατον.
3350 1219 3566 1278 Οὐκοῦν
3629 1217 3725 1274 δύο

2063 1313 2230 1364 ταῦτα
2260 1313 2372 1381 (12)
2430 1312 2577 1383 ἡμᾶς
2638 1310 2724 1365 ἐπὶ
2767 1310 2975 1366 τούτων
3026 1312 3138 1386 χρὴ
3191 1309 3576 1386 στοχάζεσθαι·
3641 1308 3726 1364 ὅτι

2066 1399 2118 1453 οἱ
2153 1399 2248 1471 μὲν
2293 1394 2563 1471 εὐλαϐεῖς,
2597 1401 2789 1473 πικρὸν
2829 1399 3265 1470 ἀποθνήσκοντες
3316 1399 3569 1471 θάνατον,
3635 1419 3725 1470 μι-

2064 1489 2192 1562 κρόν
2223 1510 2277 1543 τι
2308 1487 2598 1562 ἐλάττωμα
2626 1489 2934 1561 ἐκέκτηντο,
2969 1490 3058 1544 καὶ
3090 1488 3271 1562 τούτῳ
3330 1488 3728 1564 ἐλυτρώθησαν

2067 1577 2126 1632 ἐκ
2182 1584 2280 1647 τῆς
2339 1578 2597 1648 τοιαύτης
2656 1584 2898 1654 πονηρᾶς
2968 1578 3252 1648 τελευτῆς,
3303 1576 3395 1633 ’ἱνα
3451 1577 3726 1650 μειζόνων

2067 1665 2288 1735 ἀληθῶς
2315 1672 2494 1740 τιμῶν
2527 1669 2815 1739 ἀξιωθῶσι.
2849 1669 3053 1724 Λοιπὸν
3089 1667 3146 1724 δὲ
3176 1663 3349 1733 ὅπως,
3403 1668 3496 1722 καὶ
3560 1668 3731 1740 ἡμεῖς

2066 1755 2296 1831 ὁρῶντες
2353 1759 2809 1835 σωφρονισθῶμεν
2865 1757 3003 1812 κατὰ
3054 1759 3146 1812 τὸν
3207 1755 3494 1832 εἰρημένον
3535 1755 3725 1832 λόγον·

2073 1868 2102 1897 ‹‹
2133 1845 2197 1902 Εἰ
2229 1846 2257 1900 6
2289 1842 2496 1908 δίκαιος
2531 1845 2693 1919 μόλις
2733 1849 2984 1916 σώζεται,
3036 1847 3064 1901 6
3111 1841 3336 1916 ἀσεϐὴς,
3393 1846 3486 1900 καὶ
3548 1845 3723 1920 ἀμαρ-

2061 1933 2243 1996 τωλὸς
2319 1939 2425 1989 ποῦ
2492 1941 2774 2013 (pavet-cat;
2849 1935 3124 1998 Ὡσαύτως
3185 1933 3243 1990 δὲ
3296 1934 3386 1989 καὶ
3446 1954 3495 1990 0:
3560 1935 3734 2010 ἁμαρ-

2062 2023 2260 2091 τωλοὶ,
2289 2023 2566 2088 τοιούτοις
2612 2024 2858 2088 θανάτοις
2908 2027 3353 2095 ἀποθνήσκοντες,
3401 2024 3628 2086 πάντως
3677 2023 3728 2077 ἐν

2060 2111 2241 2186 τούτῳ
2301 2119 2528 2189 μερικοῦ
2583 2117 2700 2184 (1ἡ)
2761 2113 2951 2177 ἐλέους
3008 2114 3393 2190 τυγχάνουσιν.
3457 2115 3618 2186 Ἅμα
3672 2110 3728 2167 δὲ

2064 2199 2231 2257 πάλιν
2268 2202 2355 2257 καὶ
2388 2203 2439 2258 o't
2469 2203 2698 2279 ὁρῶντες
2729 2202 2996 2282 ὠφὲλειάν
3044 2224 3163 2258 τινα
3192 2202 3547 2276 κομίζονται,
3603 2200 3724 2278 βλέ-

2070 2312 2258 2354 ποντες
2286 2289 2432 2369 ἄφνω
2491 2293 2884 2369 ἁρπαζόμενον,
2938 2292 3012 2356 ὡς
3062 2291 3162 2348 οὐκ
3205 2289 3343 2363 οἶδε,
3369 2291 3461 2348 τὸν
3521 2289 3726 2366 ἄνθρω-

2067 2401 2192 2435 πον.
2228 2381 2292 2438 Εἰ
2327 2379 2385 2436 δὲ
2413 2383 2503 2436 καὶ
2552 2385 2723 2454 νήπια
2769 2382 2912 2438 οὕτω
2960 2386 3300 2452 θανατοῦται,
3363 2382 3440 2455 μὴ
3499 2375 3723 2454 θαμϐη-

2066 2471 2188 2544 θῇς.
2216 2470 2364 2526 Αύτὰ
2397 2473 2490 2544 μὲν
2523 2474 2627 2546 γὰρ
2659 2470 2719 2526 ἐκ
2747 2471 2942 2527 τούτου
2992 2469 3145 2527 οὐδὲν
3208 2465 3543 2541 ἐϐλάϐησαν.
3602 2470 3722 2525 οὐτε

2067 2555 2137 2614 δι’
2169 2559 2370 2614 οἰκείαν
2434 2560 2700 2638 ἁμαρτίαν
2758 2565 2920 2616 τοῦτο
2978 2561 3325 2616 πεπόνθασιν·
3382 2557 3510 2615 ἀλλ’
3573 2558 3717 2620 ὅπως

2065 2648 2157 2703 καὶ
2216 2649 2267 2704 οἱ
2325 2648 2500 2704 αὐτῶν
2556 2657 2735 2726 γονεῖς
2795 2649 3246 2729 σωφρονέστεροι,
3321 2651 3356 2718 ἢ
3431 2647 3524 2704 καὶ
3583 2649 3718 2704 εὗσε-

2069 2733 2314 2815 ϐἐστεροι
2358 2740 2634 2814 γίνωνταιο
2689 2739 3061 2813 ἐννοούμενοι,
3113 2739 3298 2811 ὅτιπερ
3341 2735 3431 2793 διά
3479 2738 3575 2800 τὰς
3631 2736 3716 2792 αύ-

2068 2831 2174 2882 τῶν
2234 2827 2462 2901 ἀνομίας
2522 2831 2634 2904 (14)
2685 2829 2828 2884 οὕτω
2883 2831 2951 2884 τὰ
3006 2828 3181 2885 αὐτῶν
3240 2829 3468 2899 τέθνηκε
3530 2829 3704 2897 νήπια·

2070 2917 2262 2991 Ὅμως
2291 2916 2379 2973 ἐπὶ
2437 2925 2567 2974 πᾶσι
2632 2920 2850 2982 τούτοις
2899 2918 2982 2974 δεῖ
3030 2918 3228 2974 ἐννοεῖν
3259 2919 3360 2986 τὴν
3390 2921 3485 2972 τοῦ
3515 2913 3701 2991 Κυρίου

2070 3008 2257 3084 φωνὴν
2309 3008 2407 3076 τήν
2471 3007 2758 3083 λέγουσαν⁸
2817 3007 2900 3064 ὅτι
2955 3029 2985 3062 α
3033 3007 3138 3064 Δύο
3184 3007 3435 3082 στρουθία
3461 3002 3704 3080 ἀσσαρίου

2071 3095 2362 3168 πωλεῖται,
2415 3097 2504 3152 καὶ
2550 3095 2606 3153 ἓν
2659 3097 2710 3169 ἐξ
2759 3098 2933 3153 αὐτῶν
2984 3097 3046 3153 οὐ
3077 3101 3318 3153 πεσεῖται
3349 3096 3437 3152 ἐπὶ
3490 3100 3589 3164 τῆς
3613 3099 3709 3168 γῆς

310 3183 429 3242 ἄνευ
459 3190 555 3241 τοῦ
589 3186 796 3260 Πατρός
834 3207 940 3259 μου
987 3191 1084 3242 τοῦ
1116 3185 1168 3242 ἐν
1199 3185 1470 3260 οὐρανοῖς
1503 3186 1593 3241 καὶ
1625 3185 1706 3240 ὅτι
1738 3187 1900 3258 ἡμῶν
1927 3187 2036 3240 τῶν
2085 3189 2291 3240 πιστῶν
2324 3186 2414 3241 καὶ
2445 3186 2499 3241 αἱ
2528 3187 2714 3264 τρίχες
2744 3191 2843 3257 τῆς
2873 3185 3120 3263 κεφαλῆς
3149 3192 3315 3242 πᾶσαι
3347 3183 3715 3261 ἠριθμημέναι

308 3278 665 3354 ὑπάρχουσιν.

378 3369 606 3432 ΟυΑ-ΖΒΤ.
642 3367 858 3423 LXXII.
904 3367 1108 3424 Multis
1139 3369 1196 3423 in
1229 3372 1386 3423 terra
1443 3366 1796 3440 degentibus
1843 3369 1960 3422 tre-
1991 3363 2036 3432 C

309 3459 524 3514 menda
551 3458 677 3514 visa
707 3460 847 3512 sunt
876 3456 998 3513 haec
1029 3457 1258 3514 Domini
1288 3458 1465 3514 verba
1500 3475 1513 3513 :
1548 3481 1568 3507 ι
1605 3456 1788 3512 Omne
1827 3471 1960 3528 pec-

309 3551 503 3603 catum
537 3551 594 3602 et
623 3545 995 3618 blasphemia
1023 3547 1354 3604 remittetur
1373 3547 1810 3604 hominibus.Et
1839 3547 1963 3618 qui-

313 3653 543 3709 cunque
575 3636 786 3692 dixerit
815 3636 1057 3692 verbum
1091 3641 1294 3693 contra
1345 3637 1581 3703 Filium,
1633 3638 1964 3693 remittetur

311 3726 361 3782 ei
398 3743 410 3782 :
446 3725 545 3797 qui
581 3728 777 3781 autem
796 3724 1271 3781 dixeritvcrbum
1296 3729 1497 3782 contra
1517 3726 1798 3799 Spiritum
1833 3743 1965 3782 san-

311 3821 614 3884 otum,non
649 3813 980 3870 remittetur
1007 3815 1059 3870 ei
1092 3816 1359 3888 nequein
1392 3816 1502 3873 hoc
1532 3817 1743 3872 saeculo
1774 3831 1965 3888 neque

312 3907 370 3962 in
405 3906 601 3961 futuro
634 3905 698 3959 ¹⁶.
737 3925 758 3955 ιι

389 3997 557 4052 Resp.
591 3996 932 4066 Eapropter,
984 4008 1190 4050 omnes
1241 3994 1473 4050 divinus
1511 3996 1826 4068 Apostolus
1876 3996 1966 4052 his

320 4087 595 4144 admonet
623 4083 827 4140 verbis
851 4101 864 4138 :
904 4103 932 4136 α
961 4083 1184 4140 Littera
1211 4085 1443 4156 occidit,
1486 4085 1740 4158 Spiritus
1767 4090 1966 4142 autem

317 4176 570 4233 vivificat
607 4175 670 4230 ίδ.
694 4194 721 4228 ιι
749 4173 929 4229 Multa
959 4173 1252 4246 siquidem
1284 4174 1620 4232 divinarum
1637 4177 1966 4249 Scriptura-

319 4282 452 4323 rum
484 4265 613 4320 loca
643 4265 692 4320 si
725 4264 1050 4320 secundum
1076 4281 1311 4321 carnem
1344 4264 1768 4338 intelligamus,
1789 4267 1849 4323 in
1876 4283 1972 4324 ne-

323 4355 530 4412 fandas
597 4353 998 4427 blasphemias
1066 4354 1404 4427 incidimus,
1457 4357 1793 4427 cujusmodi
1832 4361 1972 4414 sunt

325 4445 497 4502 nobis
529 4460 684 4500 nunc
707 4447 1119 4517 proponuntur
1146 4443 1380 4500 Domini
1410 4446 1607 4514 verba,
1640 4462 1768 4518 quas
1799 4446 1849 4503 si
1882 4462 1971 4502 se-

321 4535 581 4591 cundum
611 4534 805 4590 nudas
833 4533 1120 4590 dictiones
1140 4534 1522 4607 excipiamus,
1553 4552 1668 4591 non
1698 4535 1890 4592 solum
1913 4536 1973 4592 in

323 4625 607 4681 nefandas
637 4623 967 4680 dilabemur
997 4622 1401 4696 cogitationes,
1435 4625 1536 4681 sed
1569 4625 1749 4682 etiam
1779 4627 1972 4698 ipsum

2147 3365 2340 3442 Ἐρώτ.
2373 3368 2476 3442 οβ’.
2529 3365 2775 3430 Πολλοῖς
2827 3369 2936 3440 (15)
2984 3370 3092 3421 τῶν
3145 3363 3233 3419 ἐπὶ
3263 3369 3368 3440 γῆς
3426 3357 3660 3440 φοϐερὸς
3695 3360 3723 3415 6

2068 3457 2166 3509 τοῦ
2225 3455 2422 3531 Κυρίου
2483 3455 2644 3532 λόγος
2699 3453 3068 3527 καθέστηκεν,
3122 3453 3180 3510 ὅν
3254 3470 3408 3531 φησι·
3470 3475 3498 3504 ‹‹
3577 3457 3725 3506 Πᾶσα

2073 3547 2310 3622 ἁμαρτία
2380 3550 2468 3604 καὶ
2551 3547 2876 3626 βλασφημία
2949 3547 3270 3624 ἀφεθήσεται
3348 3549 3469 3606 τοῖς
3526 3543 3729 3618 ἀνθρώ-

2070 3657 2218 3699 ποις’
2249 3657 2280 3690 ιι
2311 3637 2424 3710 καὶ,
2457 3662 2485 3688 ‹‹
2516 3640 2614 3700 Ὃς
2647 3635 2694 3693 δ’
2749 3637 2809 3692 ἃν
2857 3635 2982 3711 εἴπῃ
3028 3635 3194 3711 λόγον
3251 3635 3389 3690 κατὰ
3442 3637 3540 3687 τοῦ
3599 3631 3726 3686 Υἱοῦ

2072 3726 2397 3805 ἀφεθήσεται
2456 3726 2622 3800 αὐτῷ’
2674 3727 2732 3790 ὃς
2792 3723 2838 3781 δ’
2897 3727 2957 3782 ἂν
3031 3721 3159 3799 εἴπῃ
3219 3722 3381 3798 λόγον
3441 3723 3577 3778 κατὰ
3633 3724 3730 3776 τοῦ

2074 3817 2388 3890 Πνεύματος
2435 3821 2532 3872 τοῦ
2593 3815 2776 3891 ἁγίου,
2825 3815 2925 3871 οὐκ
2968 3814 3292 3892 ἀφεθήσεται
3343 3813 3490 3868 αὐτῶ
3521 3807 3652 3866 οὐδὲ
3681 3810 3732 3865 ἐν

2073 3911 2153 3979 τῷ
2184 3910 2276 3960 νῦν
2310 3907 2489 3980 αἰῶνι,
2523 3903 2648 3961 οὐδὲ
2679 3905 2731 3960 ἐν
2760 3908 2840 3977 τῷ
2874 3903 3159 3978 μέλλοντι.
3197 3926 3224 3953 ν)

2148 3996 2338 4054 Ἀπόκ.
2373 3995 2471 4052 Διὰ
2490 4000 2652 4052 τοῦτο
2682 4000 2933 4070 παραινεῖ
2983 3999 3143 4048 πᾶσιν
3194 3993 3222 4048 ὁ
3263 3993 3412 4052 θεῖος
3467 3991 3732 4047 Ἀπόστο-

2078 4086 2174 4150 λος
2226 4085 2421 4161 λέγων,
2504 4086 2590 4141 ’ὁτι
2661 4109 2690 4137 ‹‹
2748 4083 2820 4139 Τὸ
2879 4084 3113 4159 γράμμα
3169 4079 3492 4149 ἀποστείνει,
3548 4079 3612 4135 τὸ
3675 4077 3732 4134 δὲ

2077 4181 2298 4250 Πνεῦμα
2341 4180 2620 4246 ζωοποιεῖ.
2677 4198 2705 4226 ι)
2750 4171 2944 4230 Πολλὰ
2988 4171 3092 4247 γὰρ
3140 4175 3246 4226 τῶν
3295 4169 3451 4225 θείων
3503 4173 3730 4246 Γραφῶν

2079 4266 2166 4324 ἐὰν
2199 4267 2335 4323 κατὰ
2361 4267 2424 4322 τὸ
2471 4263 2700 4342 γράμμα
2745 4264 3057 4336 νοήσωμεν,
3107 4260 3182 4323 εἷς
3241 4259 3509 4333 ἀθέσμους
3569 4257 3738 4334 βλασ-

2079 4357 2290 4435 φημίας
2348 4354 2690 4428 ἐμπίπτομεν
2752 4354 2885 4427 (16)·
2946 4351 3074 4435 οἷόν,
3123 4349 3236 4406 ἐστι
3287 4346 3470 4404 καὶτὸ
3518 4346 3738 4422 προκεί.

2084 4434 2243 4518 μενον
2279 4443 2414 4517 ἡμῖν
2472 4445 2564 4496 νῦν
2612 4446 2709 4496 τοῦ
2757 4441 2958 4516 Κυρίου
3009 4434 3220 4516 λὸγιον,
3271 4435 3426 4514 ὅπερ,
3459 4435 3546 4492 ἐὰν
3601 4435 3742 4490 κατὰ

2083 4535 2250 4610 ξηροῦ
2279 4535 2392 4607 (Π)
2421 4533 2515 4594 τάξ
2544 4532 2714 4604 λέξεις
2755 4526 3096 4604 ἐκλὰὄωμεν,
3147 4528 3210 4585 ού
3263 4527 3427 4603 μόνον
3481 4528 3558 4590 εἷς
3615 4525 3739 4590 ἀθε-

2087 4622 2276 4698 μίτους
2334 4621 2542 4684 ἐννοίας
2598 4621 3022 4698 περιπίπτομεν,
3077 4616 3224 4674 ἀλλὰ
3276 4617 3366 4674 καὶ
3424 4615 3583 4672 αὐτὸν
3641 4617 3735 4670 τὸν

324 4714 638 4771 Dominum
673 4712 1030 4786 reperiemus
1059 4713 1169 4768 sibi
1203 4713 1316 4786 ipsi
1367 4715 1684 4772 adversari.
1710 4715 1963 4789 Namquc

2086 4713 2282 4788 Κύριον
2344 4711 2747 4785 ἐναντιούμενον
2809 4712 2982 4782 ἑαυτῷ
3048 4707 3394 4786 εὑρίσκομεν.
3450 4708 3576 4764 Ἐὰν
3634 4707 3738 4782 γὰρ

328 4806 374 4860 si
413 4823 435 4852 ι
469 4804 808 4875 quicunque
831 4802 1040 4858 dixerit
1061 4803 1304 4859 verbum
1329 4809 1532 4861 contra
1550 4805 1760 4861 Filium
1785 4806 1977 4862 homi-

325 4895 440 4964 nis,
474 4893 810 4949 remittetur
838 4893 912 4959 ei,
967 4915 994 4942 »
1027 4894 1320 4965 quomodo
1371 4894 1527 4950 idem
1577 4895 1758 4951 Filius
1808 4897 1974 4968 dixit,

325 5008 354 5036 «
389 4984 498 5052 Qui
534 5000 626 5039 me
656 4982 954 5056 negaverit
983 4999 1178 5039 coram
1211 4983 1571 5057 hominibus,
1587 4986 1811 5058 negabo
1839 5004 1976 5046 eum

327 5091 522 5132 coram
557 5073 784 5147 angelis
812 5072 912 5130 Dei
942 5074 983 5108 ¹⁷
1004 5074 1031 5128 ‘I
1063 5095 1092 5122 »
1124 5073 1190 5128 Et
1219 5090 1446 5146 rursus,
1482 5075 1532 5133 si
1576 5093 1750 5135 omne
1780 5095 1980 5152 pecca-

969 5192 1012 5228 ¹³
1044 5193 1065 5247 l
1097 5192 1248 5248 Petr.
1281 5208 1356 5265 ιν,
1385 5192 1472 5250 18.
1552 5195 1598 5232 ¹⁴
1627 5195 1834 5267 Matth,
1867 5215 1926 5267 ι,
1956 5197 2047 5255 39.

399 5194 446 5228 ¹²
480 5193 618 5248 Luc.
650 5208 777 5258 xm,
808 5191 862 5263 4,

323 5282 424 5333 χιι,
456 5267 511 5321 9.

401 5384 514 5454 (12)
546 5382 639 5437 Sic
671 5396 815 5454 mss.
860 5378 1012 5454 Editi
1043 5395 1219 5454 vero,
1260 5377 1364 5434 Διὰ
1409 5384 1596 5439 ταῦτα.
1649 5385 1807 5442 Infra
1864 5387 1979 5444 duo

331 5449 507 5520 més.,’
537 5451 729 5528 πικρὸν
767 5449 1126 5522 ὑπομένοντες
1162 5449 1408 5528 θάνατον.

403 5523 783 5612 ι13>ιια⁷ἀυι
814 5525 952 5612 Res-
989 5528 1076 5612 Αι
1101 5523 1379 5612 edam
1699 5534 1979 5605 μετρικοδο

338 5592 722 5662 Ιῐὶῗτάἱίὀθῐῐι,
756 5595 828 5669 ὡς
861 5592 959 5648 ούκ
991 5592 1159 5669 οἶδεν.
1191 5596 1360 5669 Editi,
1393 5597 1466 5660 ὡς
1501 5597 1666 5656 οἶδεν.

407 5672 519 5742 (lli)
550 5675 683 5740 lteg-
716 5669 768 5737 2,
805 5665 1088 5742 ἁμαρτίας.

410 5740 522 5816 (15)
554 5742 684 5798 Haec
707 5740 950 5813 quaestio
963 5740 1212 5797 habetur
1231 5742 1506 5815 superius
1527 5745 1586 5803 in
1605 5745 1984 5804 Testimoniis

2092 4831 2113 4859 ι
2147 4808 2245 4866 “Ος
2277 4802 2323 4858 δ’
2373 4803 2431 4857 ἃν
2488 4801 2610 4876 siam
2667 4799 2829 4877 λόγον
2889 4799 3024 4856 κατὰ
3077 4804 3180 4854 τοῦ
3236 4799 3363 4853 ι’ἱοῦ
3412 4797 3736 4875 ἀφεθήσεται

2085 4896 2252 4967 αὐτῷ,
2289 4898 2464 4956 »πῶς
2515 4891 2674 4954 αὐτὸς
2724 4893 2753 4946 ὁ
2799 4891 2920 4952 Υἱὸς
2963 4892 3128 4945 εἶπεν·
3159 4914 3187 4942 ‹‹
3237 4890 3300 4945 Ὀ
3329 4886 3741 4962 ἀπαρνούμενός

2091 5007 2158 5062 με
2227 4984 2530 5060 ἔμπροσθεν
2590 4981 2915 5056 ἀνθρώπιον,
2974 4979 3360 5055 ἀπαρνήσομαι
3417 4975 3579 5033 αὐτὸν
3637 4972 3742 5048 Ep.-

2087 5076 2314 5156 προσθεν
2371 5078 2478 5130 τῶν
2536 5070 2780 5149 ἀγγέλων
2823 5073 2922 5125 τοῦ
2969 5073 3142 5143 Θεοῦ;
3196 5091 3226 5122 »
3274 5065 3366 5123 καὶ
3403 5065 3593 5139 πάλιν,
3653 5063 3741 5120 ἐὰν

2154 5195 2198 5232 ιδ
2229 5192 2436 5249 Matth.
2477 5207 2580 5262 xu,
2611 5189 2703 5260 31,
2733 5188 2825 5244 32.
2904 5187 2948 5224 ¹⁶
2978 5185 3027 5244 II
3090 5189 3218 5242 Cor.
3268 5200 3354 5254 ιιι,
3384 5186 3443 5242 6.
3521 5184 3567 5222 ¹⁷
3598 5183 3736 5240 Luc.

2090 5383 2300 5455 Script.
2336 5396 2536 5455 sacrae,
2571 5393 2731 5455 uuln.
2766 5375 3082 5455 €9,ds‘q_ua
3114 5389 3173 5429 re
3202 5371 3331 5455 vids
3371 5369 3740 5455 Admonitio-

2092 5440 2248 5513 πιθωῖ
2313 5452 2468 5508 Infra
2522 5440 2694 5521 editi,
2754 5440 2894 5521 e'irr'n
2940 5440 3102 5521 λόγον
3161 5444 3320 5521 κατὰ-
3351 5447 3448 5521 του
3497 5440 3744 5521 Ιξνεύῇμα·

2089 5548 2206 5595 τος,
2240 5530 2373 5595 etc.,
2427 5515 2690 5579 omissis'
2729 5515 2953 5590 multis,
3013 5515 3142 5590 Quae
3189 5533 3258 5574 ex
3287 5517 3482 5589 Regiis
3514 5515 3744 5571 duobus

2093 5618 2161 5657 su
2171 5597 2524 5673 pplevjmus,

2165 5659 2280 5741 (T6)
2331 5670 2468 5741 Reg.
2502 5668 2526 5722 1
2564 5669 2623 5741 9t
2649 5665 2705 5737 2,
2735 5659 3166 5741 περιπίπτομεν.

2165 5671 2259 5740 (16
2331 5671 2468 5741 Reg.
2502 5671 2526 5722 1
2564 5671 2623 5723 et
2649 5671 2705 5737 2,
2737 5671 3166 5738 περιπίπτομεν.

2165 5671 2280 5815 (ne
2307 5741 2395 5800 Ita
2424 5740 2540 5798 duo
2565 5739 2702 5811 Reg.
2733 5736 2887 5794 Editi
2917 5751 3071 5806 vero,
3101 5729 3240 5787 κατά
3265 5730 3438 5804 ἀξίαν.
