4132 6356
388 410 507 470 641

1344 398 1860 473 ΟΠΑΞΞΊῚΟΝΕΞ
1906 400 2010 460 AD
2056 398 2521 463 ANTIOCHUM
2573 404 2868 463 DUCEM.

3697 410 3819 468 642

394 546 545 596 πᾶσα
592 535 836 614 ἁμαρτία
884 534 973 589 καὶ
1040 532 1361 610 βλασφημία
1414 532 1737 609 ἀφεθήσεται
1792 535 1909 591 τοῖς
1967 531 2056 584 άν-

2184 535 2302 587 tum
2331 537 2387 588 et
2414 534 2783 606 blasphemia
2805 538 3138 592 remittetur
3159 537 3820 611 hominibus,quomodo

394 630 664 706 θρώποις,
697 632 817 688 πῶς
848 624 938 680 καὶ
973 624 1107 699 ὑπὲρ
1144 624 1316 698 ἀργοῦ
1370 621 1541 697 λόγου
1588 618 1888 697 ἀπολογίαν
1948 617 2060 673 δώ-

396 737 603 792 σομεν;
637 714 757 777 πῶς
791 716 818 769 6
851 711 1029 789 λέγων
1057 717 1139 784 τῷ
1168 709 1390 788 ἀδελφῷ
1436 711 1621 783 αὐτοῦ,
1653 711 1835 783 Μωρὲ,
1868 708 2061 783 ἔνοχος

401 806 549 863 ἔσται
582 806 657 869 εἰς
685 806 787 873 τὴν
833 804 1051 879 γέενναν
1100 805 1197 855 τοῦ
1255 800 1462 874 πυρός;
1496 804 1613 861 πῶς
1674 801 1701 853 6
1758 797 2061 858 ἀπόστολος

403 896 623 958 Παῦλός
686 914 839 972 φησι·
896 917 924 944 ι(
987 892 1075 959 Μὴ
1135 888 1433 960 πλανᾶσθε,
1484 886 1606 943 οὔτε
1663 889 1877 961 πόρνοι,
1941 884 2062 940 οὔτε

409 986 625 1061 μοιχοὶ,
659 980 783 1038 οὔτε
828 979 1092 1055 μαλακοὶ,
1144 976 1265 1034 οὔτε
1317 978 1559 1052 μέθυσοι,
1609 974 1731 1031 οὔτε
1790 974 2059 1051 λοίδοροι,

410 1074 688 1152 βασιλείαν
717 1076 854 1128 Θεοῦ
884 1068 1375 1144 κληρονομήσουσι
1403 1087 1416 1137 ;
1451 1090 1479 1119 ››
1513 1068 1615 1125 Καὶ
1661 1067 1706 1121 εἰ
1751 1071 1918 1121 ταῦτα
1969 1064 2059 1119 οὕ-

407 1187 513 1228 τως
568 1164 710 1239 ἔχει,
740 1167 861 1223 πῶς
922 1159 1140 1229 λοιπὸν,
1174 1157 1289 1213 είπέ
1342 1179 1457 1231 μοι,
1490 1164 1633 1211 πᾶσα
1681 1156 1914 1231 ἁμαρτία
1972 1154 2060 1209 καὶ

416 1253 738 1332 βλασφημία
766 1252 1095 1328 ἀφεθήσεται
1124 1253 1244 1310 τοῖς
1274 1247 1581 1341 ἀνθρώποις
1607 1265 1622 1316 ;
1648 1247 1746 1301 Καὶ
1776 1243 2059 1341 εὰν

416 1342 575 1398 τοῦτο
631 1342 853 1413 ἀληθὲς,
915 1337 1004 1394 διὰ
1057 1338 1110 1393 τί
1160 1337 1354 1393 λοιπὸν
1415 1334 1725 1413 ἐγκαλεῖται
1785 1336 1812 1389 6
1873 1333 2064 1397 ἄθλιός

422 1430 907 1508 Ὠριγὲνης,τὲλος
950 1427 1236 1500 κηρύττων
1293 1433 1396 1495 τῆς
1454 1424 1733 1486 κολάσεως
1784 1423 1915 1478 εἶναι
1973 1422 2063 1477 καὶ

424 1520 775 1597 συγχώρησιν
807 1520 979 1588 πάσης
1036 1515 1305 1592 ἁμαρτίας
1349 1513 1616 1591 γενέσθαι,
1647 1514 1739 1569 καί
1780 1518 1897 1575 τοῖς
1948 1508 2062 1567 δαί-

427 1632 552 1685 μοσι
602 1609 692 1665 καὶ
747 1613 861 1669 τοῖς
889 1607 1199 1683 ἀνθρώποις
1254 1606 1401 1679 παρὰ
1458 1607 1591 1659 Θεοῦ
1616 1622 1630 1675 ;
1658 1600 1831 1658 Πάλιν
1873 1600 1931 1657 δὶ
1972 1601 2064 1657 καὶ

422 1699 507 1754 ἐὰν
539 1702 573 1768 ἡ
609 1699 686 1760 εἷς
732 1698 794 1752 τὸ
842 1700 1058 1769 Πνεῦμα
1103 1695 1167 1750 τὸ
1211 1696 1363 1769 ἅγιον
1428 1690 1753 1770 βλασφημία
1800 1691 1900 1747 οὐκ
1948 1688 2065 1765 ἔχεὶ

420 1790 768 1863 συγχώρησιν
818 1783 908 1840 διὰ
965 1783 1271 1858 μετανοίας,
1300 1782 1352 1838 τί
1405 1782 1671 1860 μέμφεται
1702 1783 1737 1852 ἠ
1770 1779 2068 1850 Ἐκκλησία

2170 626 2226 677 et
2259 622 2327 677 de
2359 623 2545 679 otioso
2580 625 2754 680 verbo
2804 625 3088 680 rationem
3138 643 3345 683 sumus
3395 629 3681 684 reddituri
3736 629 3821 684 18?

2171 713 2463 781 quomodo
2496 714 2595 785 qui
2628 714 2770 769 dicit
2800 714 2964 769 fratri
2994 716 3405 784 suo,¢Fatue,»
3421 736 3553 774 reus
3584 719 3695 773 erit
3726 736 3820 789 ge-

2170 800 2377 856 hennzs
2408 800 2562 874 ignis
2596 804 2680 858 1οὲ
2710 805 3002 875 quomodo
3034 806 3174 859 item
3206 806 3515 876 Apostolus
3546 807 3646 878 ait,
3664 831 3690 856 ‹‹
3712 807 3825 861 No-

2169 889 2269 945 lite
2301 908 2496 949 errare
2530 910 2542 949 :
2577 911 2766 965 neque
2799 894 3318 967 fornicarii,neque
3353 896 3827 968 adulteri,ncque

2173 980 2404 1048 molles,
2437 999 2627 1055 neque
2656 984 2893 1052 ebriosi,
2928 1001 3112 1054 neque
3146 984 3416 1040 maledici
3444 1002 3687 1057 regnum
3723 987 3824 1042 Dei

2172 1071 2559 1142 possidebunt
2588 1073 2677 1128 2‘l?
2706 1095 2735 1124 ››
2766 1076 2900 1140 Qua:
2932 1074 2981 1129 si
3014 1074 3093 1128 ita
3125 1090 3185 1128 se
3218 1074 3456 1145 habent,
3508 1078 3823 1146 quomodo,

2173 1175 2392 1231 quaeso,
2445 1178 2619 1217 omne
2668 1168 2972 1234 peccatum
3017 1167 3074 1218 et
3107 1163 3470 1234 blasphemia
3502 1166 3830 1221 remittetur

2173 1248 2559 1307 hominibus?
2585 1254 2748 1316 Quod
2781 1252 2831 1308 si
2860 1269 3061 1308 verum
3095 1258 3204 1321 est,
3238 1270 3343 1307 cur
3364 1254 3489 1322 jam
3522 1255 3831 1325 reprehen-

2174 1338 2332 1394 ditur
2396 1339 2597 1396 infelix
2652 1342 2928 1414 Origenes
2997 1344 3347 1413 praedicasse
3392 1344 3661 1399 luturum
3720 1344 3827 1398 ali-

2173 1428 2406 1499 quando
2464 1430 2741 1502 supplicii
2774 1431 2977 1499 ﬁnem,
3007 1432 3357 1501 veniamque
3389 1432 3582 1488 omnis
3612 1434 3833 1504 peccati

2173 1521 2301 1572 tum
2335 1517 2677 1575 hominibus
2710 1524 2837 1575 tum
2870 1520 3237 1576 dmmonibus
3281 1520 3463 1576 Deum
3514 1539 3831 1579 concessu-

2174 1606 2349 1661 rum?
2406 1608 2466 1663 Si
2514 1608 2655 1663 item
2701 1608 3071 1680 blasphemia
3118 1609 3178 1665 in
3228 1610 3510 1682 Spiritum
3559 1617 3831 1668 sanctum

2173 1698 2403 1753 veniam
2438 1697 2661 1754 nullam
2692 1700 3035 1770 pmnitentia
3081 1700 3327 1771 obtinet,
3379 1701 3518 1773 quid
3568 1703 3837 1773 queritur

2177 1785 2436 1841 Ecclesia
2465 1786 2756 1843 Novatum
2789 1788 3191 1858 pcenitentiam
3225 1789 3537 1859 rejecisse?
3559 1790 3709 1846 Illud
3738 1808 3839 1847 au-

418 1876 659 1932 Na~511ov
690 1878 803 1949 (18)
846 1868 1300 1947 ἀποϐαλλόμενον
1350 1873 1449 1941 τὴν
1512 1871 1835 1945 μετάνοιαν;
1883 1870 1961 1927 Τὸ
2008 1866 2069 1973 δὲ

2184 1878 2297 1930 tem
2329 1876 2639 1932 obscurius
2668 1883 2725 1932 et
2753 1878 3056 1933 difﬁcilius
3089 1878 3384 1935 intellectu
3416 1882 3834 1954 est,quod,qui

415 1964 813 2040 σκοτεινότερον
870 1964 961 2019 καὶ
1021 1960 1469 2032 δυσκατάληπτον
1533 1961 1705 2015 ἐκεῖνό
1764 1959 1945 2015 ἐστιν’
1986 1958 2069 2014 ὅτι

415 2056 476 2117 ’ὸς
508 2053 553 2108 δ’
586 2055 645 2108 ἂν
672 2052 795 2127 εἷ’πῃ
826 2052 992 2127 λόγον
1028 2053 1161 2107 κατὰ
1188 2056 1286 2106 τοῦ
1338 2052 1464 2105 Υἱοῦ
1516 2052 1836 2127 ἀφεθήσεται
1900 2048 2066 2121 αὐτῷ·

416 2144 555 2199 ὥστε
587 2142 825 2200 ἐλάττων
855 2142 996 2197 ἐστὶν
1026 2144 1055 2196 6
1095 2142 1217 2203 Υἱὸς
1248 2141 1392 2217 παρὰ
1433 2141 1497 2196 τὸ
1540 2144 1759 2212 Πνεῦμα
1802 2138 1865 2194 τὸ
1917 2140 2069 2212 ἅγιον

412 2236 505 2289 καὶ
536 2235 625 2288 τὸν
660 2233 872 2309 Πατέρα
897 2235 1029 2304 (19).
1050 2232 1147 2285 Καὶ
1175 2231 1229 2285 τί
1260 2228 1454 2284 λοιπὸν
1482 2225 1915 2302 ἀποϐαλλόμεοα
1943 2227 2073 2290 τοῦς

420 2322 697 2400 μυσαροὺς
731 2320 1063 2396 Ἀρειανοὺς,
1094 2320 1220 2383 τοὺς
1269 2319 1682 2396 σμικρύνοντας,
1711 2319 1800 2373 καὶ
1850 2314 2073 2373 καταϐι-

416 2409 680 2483 ϐάζοντας
709 2413 800 2467 τὸν
836 2411 959 2466 Υίὸν
999 2411 1139 2487 παρὰ
1172 2411 1236 2465 τὸ
1292 2415 1550 2483 Πνεῦμα;
1583 2413 1709 2471 Πῶς
1768 2406 1859 2463 οὖν
1890 2410 1917 2463 6
1948 2409 2072 2470 Υἱὸς

419 2504 592 2578 Λέγει·
654 2500 762 2573 ὅτι,
817 2526 846 2554 ι(
906 2502 1051 2577 Ἐγὼ
1108 2500 1197 2555 καὶ
1251 2501 1279 2554 ὁ
1341 2500 1524 2575 Πατὴρ
1580 2495 1635 2554 ἓν
1684 2498 1864 2572 ἐσμενο
1901 2497 2072 2569 ››καὶ,

419 2617 451 2645 ‹‹
482 2596 541 2650 Ὁ
577 2593 652 2667 μὴ
682 2595 860 2665 τιμῶν
886 2592 977 2646 τὸν
1033 2590 1155 2645 Υἱὸν
1209 2589 1272 2644 οὐ
1318 2594 1456 2663 τιμᾷ
1489 2588 1583 2644 τὸν
1634 2587 1881 2665 Πατέρα;
1916 2612 1945 2640 ››
1976 2587 2075 2642 Καὶ

415 2682 586 2739 πάλιν
644 2686 736 2737 νῦν
797 2702 979 2757 φησιν,
1012 2678 1093 2735 ὅτι
1129 2684 1281 2741 «Ὃς
1316 2677 1360 2734 δ’
1411 2678 1469 2735 ἂν
1532 2676 1657 2753 εἷ’πῃ
1714 2676 1877 2753 λόγον
1938 2677 2076 2733 κατὰ

417 2777 520 2829 τοῦ
578 2772 722 2827 Υίοῦ.
783 2771 1104 2848 αφεθήσεται
1160 2767 1307 2840 αὐτῷ
1358 2792 1386 2819 ››
1416 2773 1559 2844 Ἀρα
1606 2765 1721 2836 οὖν,
1777 2767 1894 2822 εἶπέ
1956 2789 2075 2840 μοι,

422 2861 784 2936 συνεχωρήθη
834 2860 870 2929 ή
919 2858 994 2921 εἰς
1038 2859 1127 2913 τὸν
1182 2857 1306 2913 Υἱὸν
1364 2856 1691 2935 βλασφημία
1745 2857 2075 2933 Ἀρειανοῖς,

420 2952 514 3007 καὶ
573 2955 959 3025 Σιμωνιανοῖς,
1008 2952 1099 3005 καὶ
1155 2954 1566 3019 Φωτεινιανοῖς,
1625 2949 1715 3004 καὶ
1776 2944 2077 3005 Σαϐελλια-

421 3046 557 3111 νοῖς,
589 3040 678 3095 καὶ
733 3044 849 3102 τοῖς
908 3036 1129 3101 λοιποῖς
1186 3045 1317 3094 πᾶσι
1364 3044 1481 3101 τοῖς
1531 3037 1608 3101 εἷς
1636 3039 1734 3107 τὴν
1792 3042 1890 3094 τοῦ
1946 3036 2077 3094 Tia;

422 3132 695 3207 σάρκωσιν
761 3127 1263 3207 βλασφημήσασινς
1296 3129 1511 3205 Ἀπαγε
1555 3130 1657 3198 τῆς
1714 3129 1977 3192 ἀτοπίαςί
2030 3129 2076 3184 εἰ

417 3220 522 3296 γάρ
555 3220 583 3274 6
616 3218 789 3295 λὲγων
818 3219 909 3273 τὸν
939 3215 1172 3296 ἀδελφὸν
1227 3217 1415 3288 αὐτοῦ,
1446 3218 1631 3294 Μωρὲ,
1684 3216 1876 3294 ἔνοχός
1934 3217 2074 3274 ἐστιν

2180 1964 2388 2020 dixerit
2420 1967 2659 2021 verbum
2690 1973 2895 2022 contra
2926 1967 3158 2035 Filium,
3193 1970 3513 2024 remittitur
3538 1972 3609 2041 ei,
3642 1971 3723 2026 ita
3772 1976 3839 2026 ut

2180 2054 2361 2110 Filius
2407 2054 2649 2110 inferior
2678 2057 2944 2111 videatur
2974 2074 3101 2112 esse
3128 2057 3372 2129 Spiritui
3405 2068 3608 2115 sancto
3642 2066 3698 2116 ct
3734 2062 3835 2116 Pa-

2179 2143 2275 2198 tri.
2326 2144 2475 2208 Quid
2520 2162 2656 2216 ergo
2710 2146 2962 2201 nefarios
3010 2146 3254 2202 Arianos
3306 2150 3690 2217 detestamur,
3736 2152 3837 2221 qui

2181 2231 2394 2287 Filium
2424 2234 2631 2289 volunt
2659 2251 2787 2290 esse
2818 2236 3104 2290 minorem
3137 2240 3194 2290 et
3227 2236 3558 2293 interiorem
3590 2240 3840 2309 Spiritu?

2182 2322 2296 2378 Cur
2326 2322 2507 2379 Filius
2536 2324 2662 2395 ipse
2698 2324 2960 2396 ait,«Ego
2991 2330 3049 2380 et
3077 2325 3249 2380 Pater
3279 2343 3462 2382 unum
3496 2345 3704 2385 sumus
3727 2330 3834 2386 9’2»

2182 2417 2258 2480 et,
2296 2413 2461 2478 «Qui
2492 2429 2607 2468 non
2642 2413 2989 2469 honorificat
3038 2412 3272 2485 Filium,
3327 2432 3442 2471 non
3496 2417 3841 2474 honoriﬁcat

2182 2505 2414 2557 Patrem
2449 2503 2538 2557 “P
2568 2524 2596 2553 »
2629 2502 2931 2566 Quomodo
2961 2519 3097 2575 ergo
3126 2503 3283 2559 idem
3313 2509 3509 2561 tamen
3542 2523 3695 2562 nunc
3735 2509 3834 2575 ait,

2190 2610 2212 2639 ι
2264 2590 2373 2655 Qui
2423 2590 2634 2647 dixerit
2679 2593 2921 2647 verbum
2974 2597 3178 2648 contra
3225 2592 3458 2665 Filium,
3510 2598 3840 2653 remittetur

2184 2680 2284 2737 ei?
2331 2702 2359 2729 »
2408 2680 2575 2748 Nam,
2627 2681 2857 2752 amabo,
2910 2681 3280 2753 blasphemia
3328 2683 3388 2738 in
3437 2684 3651 2741 Filium
3701 2704 3839 2742 con-

2184 2771 2401 2826 donata
2449 2774 2540 2825 est
2584 2770 2839 2837 Arianis,
2888 2770 3266 2838 Simonianis,
3314 2772 3704 2845 Photinianis,
3737 2777 3840 2833 Sa-

2184 2858 2476 2928 bellianis,
2510 2859 2852 2930 czeterisque
2883 2860 3157 2916 omnibus
3203 2862 3301 2932 qui
3336 2863 3736 2935 blasphemias
3781 2867 3841 2923 in

2188 2950 2341 3006 283
2383 2949 2598 3005 Christi
2664 2948 3128 3005 incarnationem
3160 2952 3573 3020 protulerunt?
3617 2956 3840 3027 Apage,

2185 3039 2243 3095 id
2285 3040 2630 3095 absurdum.
2681 3039 2828 3094 Nam
2880 3040 2930 3094 si
2984 3040 3034 3095 is
3101 3040 3203 3112 qui
3270 3030 3437 3097 fratri
3502 3061 3610 3100 suo
3677 3045 3840 3114 dicit,

2186 3150 2215 3179 «
2248 3129 2444 3198 Fatue,
2490 3152 2519 3180 »
2568 3146 2705 3185 reus
2748 3133 2837 3185 est
2884 3129 3162 3202 gehennae
3221 3130 3376 3203 ignis
3412 3147 3425 3188 :
3459 3133 3716 3204 qualem,
3749 3135 3843 3191 dic

2186 3218 2333 3273 mihi
2385 3219 2443 3273 in
2502 3218 2830 3291 gehennam
2890 3218 3169 3291 gehennae
3225 3220 3565 3291 projicietur
3614 3224 3684 3293 is,
3737 3225 3839 3297 qui

420 3310 502 3372 εἷς
558 3309 656 3378 τὴν
717 3307 929 3384 γέενναν
982 3312 1081 3362 τοῦ
1130 3308 1325 3383 πυρὸς,
1378 3306 1453 3370 εἷς
1502 3307 1659 3362 ποίαν
1707 3305 1926 3380 λοιπὸν,
1960 3309 2074 3364 εἷ’πέ

2186 3308 2302 3364 Deo
2352 3324 2459 3364 suo
2509 3308 2669 3377 dicit,
2721 3307 2943 3379 Create,
2993 3314 3049 3363 et
3080 3325 3196 3364 non
3227 3308 3336 3364 Fili
3366 3310 3489 3378 Dei,
3523 3314 3625 3367 sed
3656 3330 3842 3383 serve,

428 3421 548 3474 μοι,
587 3398 796 3475 γέενναν
853 3397 1073 3472 γεὲννης
1138 3396 1470 3473 βληθήσεται
1531 3398 1560 3451 6
1602 3394 1779 3473 λέγων
1828 3402 1907 3470 τῷ
1966 3404 2082 3471 Θεῷ

424 3488 614 3545 αὐτοῦ’
650 3488 843 3545 Κτιστὶ
891 3490 1025 3561 (20),
1083 3486 1172 3541 καὶ
1229 3485 1381 3561 οὐχὶ,
1430 3486 1520 3541 Υἱὲ
1574 3490 1672 3541 τοῦ
1723 3490 1878 3558 Θεοῦ,
1940 3486 2084 3543 άλλᾶ

428 3579 617 3649 δοῦλε,
648 3576 737 3632 καί
797 3576 1054 3652 ὑπουργὲ,
1102 3575 1192 3630 καὶ
1250 3574 1442 3651 μικρὲς
1474 3575 1573 3630 Καὶ
1631 3575 1699 3645 εἰ,
1748 3575 1896 3639 ὅστις
1956 3576 2081 3653 εἴπῃ

431 3670 600 3745 λόγον
653 3666 790 3722 κατὰ
817 3671 914 3721 τοῦ
972 3666 1120 3731 Υἱοῦ,
1167 3665 1488 3743 ἀφεθήσεται
1544 3664 1713 3736 αὐτῷ,
1746 3670 1865 3728 πῶς
1923 3665 2084 3729 αὐτὸς

423 3761 452 3815 6
486 3760 611 3821 Υἱὸς
654 3757 819 3824 εἶπεν,
852 3754 935 3810 ὅτι
964 3756 1024 3812 Ὀ
1060 3756 1134 3828 μὴ
1186 3756 1415 3829 τρώγων
1473 3775 1577 3827 μου
1618 3755 1718 3822 τὴν
1772 3754 1960 3829 σάρκα,
1993 3756 2084 3809 καὶ

424 3849 597 3904 πίνων
634 3868 739 3921 μου
768 3846 831 3901 τὸ
862 3846 1023 3919 αἷμα,
1056 3843 1154 3898 οὐκ
1203 3841 1319 3919 ἔχει
1377 3845 1521 3913 ζωὴν
1570 3843 1831 3911 αἰώνιον;
1865 3849 1981 3906 πῶς
2028 3843 2085 3900 δὲ

429 3937 646 3994 δύναταί
675 3956 759 3998 τις
788 3934 1067 4009 ἀτιμάζων
1114 3934 1206 3989 τὸν
1250 3934 1400 4001 Υἱὸν,
1429 3938 1594 4006 τιμᾷν
1638 3935 1701 3988 τὸ
1750 3932 1971 4007 Ηνεῦμα
2020 3935 2084 3989 τὸ

433 4030 618 4103 ἅγιον;
679 4028 706 4081 6
754 4026 858 4101 γὰρ
916 4024 1199 4097 ἀτιμάζων
1257 4026 1369 4094 (21)
1419 4022 1511 4077 τὸν
1567 4022 1690 4077 Υἱὸν
1773 4020 1942 4091 δῆλον
2000 4023 2082 4078 ὅτι

431 4118 739 4193 ἀπαρνεῖται
796 4115 860 4169 τὸ
925 4114 1224 4190 βάπτισμα’
1259 4113 1287 4166 6
1328 4108 1386 4166 δὲ
1442 4112 1504 4165 τὸ
1568 4111 1847 4187 βάπτισμα
1904 4113 2081 4187 ἀπαρ-

429 4206 687 4279 νούμενος
747 4202 918 4274 δῆλον
976 4202 1059 4258 ὅτι
1106 4202 1168 4256 τὸ
1224 4206 1444 4274 Πνεῦμα
1471 4202 1533 4255 τὸ
1565 4202 1713 4277 ἅγιον
1765 4198 2079 4258 ἀποδύεται.

428 4296 533 4352 Καὶ
563 4295 744 4371 ὥσπερ
779 4293 866 4349 ἐπὶ
896 4297 994 4348 τοῦ
1054 4292 1316 4362 αἰσθητοῦ
1374 4290 1564 4361 ἡλίου,
1595 4290 1682 4345 ἐὰν
1726 4290 1825 4360 τὴν
1875 4292 2082 4365 θερμὴν

422 4386 459 4456 ἢ
490 4394 592 4455 την
625 4384 815 4441 ἀκτῖνα
842 4382 1007 4438 αὐτοῦ
1064 4376 1421 4457 καθυϐρίσῃς,
1454 4380 1531 4442 εἷς
1586 4378 1721 4451 ὅλην
1771 4382 1871 4450 τὴν
1924 4380 2079 4458 φύσιν

418 4480 520 4531 τοῦ
551 4473 720 4545 ἡλίου
753 4474 787 4544 ἡ
821 4468 977 4549 ὕϐρις
1010 4470 1311 4547 ἀνατρέχει·
1347 4470 1490 4525 οὕτω
1518 4468 1609 4525 καὶ
1643 4470 1730 4524 ἐπὶ
1778 4474 1876 4525 τοῦ
1929 4490 2081 4546 τρισ-

422 4566 593 4638 ηλίου
650 4571 749 4634 τῆς
806 4562 956 4639 ἁγίας
1012 4558 1248 4637 Τριάδος
1307 4560 1485 4636 φωτὸς
1542 4559 1631 4614 καὶ
1701 4566 1989 4636 φωστῆρος
2044 4561 2078 4629 ή

2194 3396 2465 3453 minister
2492 3402 2549 3453 et
2578 3400 2794 3469 parve?
2823 3399 2889 3452 Et
2920 3397 2966 3453 si
3002 3397 3101 3469 qui
3134 3398 3346 3455 dixerit
3376 3402 3617 3458 verbum
3642 3408 3845 3459 contra

2195 3487 2430 3555 Filium,
2465 3487 2795 3543 remittetur
2823 3487 2895 3553 ei,
2931 3488 3226 3558 quomodo
3274 3488 3399 3561 ipse
3445 3490 3626 3548 Filius
3678 3494 3844 3563 dixit,

2198 3576 2339 3644 «Qui
2371 3594 2489 3632 non
2517 3577 2835 3633 manducat
2865 3593 3055 3632 meam
3083 3593 3451 3645 carnem,nec
3473 3580 3622 3636 bibit
3646 3599 3844 3638 meum

2195 3667 2689 3737 sanguinem,non
2721 3666 2959 3721 habebit
2986 3666 3164 3722 vitam
3193 3672 3469 3725 aeternam
3483 3670 3731 3735 23?»Quis
3752 3689 3849 3728 ve-

2195 3774 2258 3811 ro
2282 3756 2492 3811 Filium
2518 3755 3115 3828 spernens,Spiritum
3141 3762 3411 3812 sanctum
3436 3761 3649 3829 poterit
3672 3761 3851 3816 hono-

2194 3844 2454 3918 rare?qui
2478 3850 2673 3901 autem
2696 3844 2907 3900 Filium
2930 3846 3335 3917 spernit,certe
3363 3847 3655 3919 baptisma
3677 3854 3853 3922 negat

2193 3935 2338 3991 ille:
2386 3940 2446 3990 at
2487 3935 2588 4006 qui
2638 3934 2935 4006 baptisma
2998 3938 3189 4007 negat,
3246 3936 3501 4006 profecto
3565 3940 3849 4011 Spiritum

2194 4030 2465 4081 sanctum
2516 4023 2697 4079 exuit.
2746 4029 2828 4080 Ac
2875 4025 3377 4095 quemadmodum
3421 4026 3475 4080 in
3511 4026 3631 4082 sole
3662 4028 3852 4083 sensi-

2192 4113 2320 4179 bili,
2352 4112 2402 4168 si
2434 4113 2561 4183 ejus
2594 4111 2847 4168 calorem
2880 4113 2968 4168 vel
3002 4113 3200 4169 radios
3232 4115 3509 4169 conviciis
3544 4116 3719 4171 velles
3767 4116 3853 4173 la-

2193 4219 2441 4273 cessere,
2494 4201 2834 4273 bujusmodi
2866 4202 3084 4272 injuria
3110 4203 3169 4256 in
3202 4207 3387 4258 totum
3418 4204 3599 4259 solem
3630 4206 3849 4261 recide-

2192 4296 2299 4363 ret,
2333 4292 2415 4347 ita
2443 4290 2505 4346 in
2536 4288 2751 4361 triplici
2782 4290 2883 4346 illo
2915 4290 3037 4346 sole
3071 4298 3285 4345 sanctae
3318 4292 3650 4361 Trinitatis,
3676 4294 3851 4350 lumi-

2191 4383 2282 4438 nis
2312 4387 2370 4437 et
2398 4379 2732 4445 luminaria,
2766 4380 2815 4433 si
2848 4379 2981 4450 quis
3014 4396 3191 4434 unam
3224 4380 3569 4451 hypostasin
3605 4384 3859 4455 ignomi-

2190 4474 2290 4528 nia
2313 4470 2548 4541 afﬁciat,
2580 4485 2649 4524 ea
2675 4468 2947 4539 impietas
2973 4472 3152 4523 totam
3186 4468 3611 4540 plenitudinem
3647 4471 3857 4527 divini-

2192 4562 2338 4618 tatis
2370 4558 2633 4614 offendit.
2676 4557 2822 4623 Quid
2878 4557 3055 4627 igitur
3097 4562 3187 4612 est
3238 4560 3391 4630 quod
3444 4559 3732 4618 Dominus
3779 4564 3851 4617 ad

418 4661 523 4723 τῆς
555 4656 666 4728 (22)
704 4659 829 4726 μιᾶς
881 4652 1226 4712 ὑποστάσεως
1278 4650 1469 4722 ἀτιμία
1525 4649 1723 4711 παντὸς
1776 4654 1874 4704 τοῦ
1930 4648 2074 4722 πλη-

2184 4652 2417 4709 ἆυάωοει
2469 4648 2568 4715 ait,
2621 4647 2778 4718 quod
2829 4663 3003 4702 omne
3056 4654 3362 4718 peccatum
3397 4654 3452 4705 et
3483 4650 3854 4725 blasphemia

424 4746 681 4820 ρώματος
712 4748 813 4813 τῆς
856 4740 1115 4812 θεότητός
1172 4740 1281 4794 ἐστι
1346 4738 1690 4817 βλασφημία.
1723 4739 1782 4793 Τί
1842 4738 1933 4794 οὖν
1968 4739 2078 4795 ἐστι

420 4836 484 4890 τὸ
544 4833 647 4889 ὑπὸ
694 4837 793 4888 τοῦ
851 4830 1051 4902 Κυρίου
1107 4830 1244 4906 πρὸς
1292 4826 1585 4889 Ἰουδαίους
1642 4825 1965 4903 λεγόμενον,
1997 4828 2081 4884 ὅτι

421 4931 570 4978 πᾶσα
619 4920 858 4996 ἁμαρτία
912 4921 1004 4975 κὶα
1065 4915 1390 4997 βλασφημία
1448 4917 1769 4993 ἀφεθήσεται
1820 4923 1937 4979 τοῖς
1998 4918 2085 4972 άν-

426 5015 693 5088 θρώποις,
724 5012 813 5067 καὶ
872 5011 953 5073 ὃς.
991 5006 1037 5064 δ’
1069 5008 1127 5063 ἂν
1186 5008 1310 5082 εἴπῃ
1369 5006 1532 5083 λόγον
1588 5006 1724 5060 κατὰ
1778 5005 1875 5061 τοῦ
1932 5007 2082 5080 Υἱοῦ,

422 5100 747 5177 ἀφεθήσεται
806 5098 972 5173 αὐτῷ·
1001 5098 1062 5160 ’ὸς
1096 5095 1141 5151 δ’
1190 5097 1249 5151 ἃν
1311 5094 1435 5171 εἷ’πῃ
1488 5094 1624 5150 κατὰ
1681 5099 1779 5150 τοῦ
1841 5094 2088 5169 Πνεῦμα-

430 5257 548 5383 54¹⁸
578 5254 788 5313 Matth.
820 5269 926 5319 xu,
956 5252 1047 5307 36.

1163 5252 1206 5287 ¹⁹
1238 5250 1447 5306 Matth.
1478 5268 1531 5320 ν,
1558 5252 1651 5307 20.

501 5477 614 5550 (48)
648 5478 789 5550 Reg.
819 5477 875 5548 2,
905 5465 1176 5550 meum.

526 5478 591 5535 18
648 5478 789 5550 Reg.
819 5478 875 5548 2,
908 5478 1176 5531 Νάόατον.

525 5478 616 5676 Ι9ξ
648 5552 802 5616 Post,
832 5546 922 5602 καὶ
978 5548 1069 5602 τὸν
1130 5545 1361 5620 Πατέρα,
1403 5550 1540 5618 Reg.
1575 5546 1611 5599 2
1659 5548 1717 5601 et
1844 5543 2084 5613 habent,

558 5642 589 5676 1
658 5620 854 5676 λοιπὸν
904 5613 1335 5676 ἀποϐαλλόμεθα
1380 5616 1509 5676 τοὺς
1564 5635 1834 5676 μυσαρους
1866 5615 2084 5676 Ἀρεια-

428 5558 589 5677 κανὲ

432 5693 583 5766 νοὺς,
637 5692 766 5755 τοὺς
843 5680 1238 5766 σμικρύνοντας
1284 5680 1405 5744 καὶ
1459 5680 1947 5766 -κῌαταϐιϐξάζοντας
1994 5686 2086 5766 16v

433 5759 735 5843 ι”ιὸν’παρὰ
762 5759 1110 5839 τὸιΗνεῦμα;
1144 5763 1243 5819 Καὶ
1300 5766 1420 5825 πῶς
1450 5762 1478 5815 ὁ
1510 5759 1656 5821 Υἱός.
1678 5763 1819 5831 -Ουίε
1875 5775 1983 5816 nec
2028 5759 2091 5815 in

1746 5250 1791 5285 ²⁰
1822 5252 1847 5303 Ι
1876 5248 2006 5306 Cor.
2037 5265 2116 5319 vr,
2150 5248 2238 5302 10.

658 5613 854 5677 λοιπὸν
904 5613 1354 5691 ἀποϐαλλόμεὺαν
1380 5613 1519 5691 τοὺς
1564 5615 1834 5691 μυΛσοιροῦς
1866 5615 2088 5691 Ἀρεια-

2193 4740 2524 4797 remittetur
2553 4735 2918 4803 hominibus,
2953 4740 3029 4803 et,
3065 4736 3165 4806 qui
3197 4738 3410 4794 dixerit
3442 4741 3684 4797 verbum
3715 4759 3854 4798 con-

2190 4834 2283 4885 tra
2313 4824 2888 4892 Filium,remittetur
2919 4825 2968 4880 ei
3002 4842 3013 4880 :
3045 4826 3153 4895 qui
3188 4832 3384 4883 autem
3418 4830 3627 4885 dixerit
3658 4831 3859 4887 adver-

2192 4936 2297 4974 sus
2325 4915 2608 4988 Spiritum
2640 4919 2911 4969 sanctum
2945 4931 3062 4968 non
3095 4916 3427 4972 remittetur
3454 4919 3525 4987 ei,
3562 4936 3751 4991 neque
3794 4919 3853 4973 in

2194 5003 2467 5078 praesenti
2515 5002 2726 5059 saeculo
2778 5018 2963 5075 neque
3013 5002 3071 5057 in
3120 5003 3365 5060 futuro?
3394 5010 3629 5062 Attenta
3660 5012 3855 5062 mente

2194 5094 2527 5161 audiamus,
2562 5108 2667 5147 nec
2699 5108 2984 5147 erremus.
3019 5092 3336 5163 Christum,
3371 5101 3504 5167 post
3534 5096 3855 5168 inexplica-

2352 5246 2397 5281 ²¹
2428 5244 2600 5300 Joan.
2632 5260 2690 5311 x,
2721 5244 2811 5297 30.
2925 5244 2972 5277 ²²
3000 5242 3170 5300 Joan.
3202 5262 3260 5313 v,
3290 5247 3381 5301 23.
3495 5249 3539 5285 ⁵³
3569 5248 3739 5303 Joan.
3772 5262 3853 5313 νι,

2197 5467 2369 5525 editis
2400 5470 2763 5538 comparent,
2811 5483 2914 5522 nec
2964 5482 3138 5536 supra
3184 5466 3243 5522 in
3293 5468 3655 5527 Testimonia
3703 5470 3855 5528 Scri-

2198 5547 2403 5613 ptura,
2437 5540 2537 5594 ubi
2572 5539 2691 5592 ιιωο
2724 5544 3003 5613 leguntur
3032 5554 3196 5613 num.
3229 5540 3316 5595 49.

2271 5607 2396 5679 (20)-
2420 5613 2540 5666 Duo
2570 5626 2740 5677 3188.,
2772 5607 3055 5665 κτιστὸν...
3099 5607 3283 5679 υἱρνη,
3319 5607 3515 5664 δοῦλον
3548 5616 3657 5669 etc,

2293 5676 2381 5756 21)
2416 5684 2514 5756 Sic
2545 5698 2689 5756 mss.
2725 5682 2863 5756 duo.
2896 5680 3070 5756 Editi,
3103 5679 3130 5732 6
3159 5676 3335 5756 666:7.

2293 5688 2381 5747 21)
2416 5688 2514 5737 Sic
2545 5698 2689 5737 mss.
2725 5688 2863 5737 duo.
2896 5688 3070 5746 Editi,
3103 5688 3130 5732 ὸ
3159 5688 3216 5732 δὲ
3246 5688 3335 5756 ἀγ.

2415 5754 2557 5826 Reg.
2590 5753 2645 5823 2,
2681 5752 2861 5828 φωτὸς
2888 5752 2977 5806 καὶ
3008 5751 3329 5827 μυστηρίου,
3364 5752 3397 5822 ἠ
3429 5756 3554 5821 τῆς,
