  <div class='ocr_page' id='page_1' title='image "/cluster/home/n/w/nwhite01/storage/ocr_20150623/28:no.4/coo.31924054873090/335.png"; bbox 0 0 4132 6364; ppageno 0'>
   <div class='ocr_carea' id='block_1_1' title="bbox 328 373 444 432">
    <p class='ocr_par' dir='ltr' id='par_1_1' title="bbox 328 373 444 432">
     <span class='ocr_line' id='line_1_1' title="bbox 328 373 444 432; baseline 0.017 -2"><span class='ocrx_word' id='word_1_1' title='bbox 328 373 444 432; x_wconf 68' lang='grc'><strong>643</strong></span> 
     </span>
    </p>
   </div>
   <div class='ocr_carea' id='block_1_2' title="bbox 1496 360 2584 427">
    <p class='ocr_par' dir='ltr' id='par_1_2' title="bbox 1496 360 2584 427">
     <span class='ocr_line' id='line_1_2' title="bbox 1496 360 2584 427; baseline 0 -2"><span class='ocrx_word' id='word_1_2' title='bbox 1496 364 1557 425; x_wconf 91' lang='lat' dir='ltr'><strong>S.</strong></span> <span class='ocrx_word' id='word_1_3' title='bbox 1605 360 2129 424; x_wconf 81' lang='lat' dir='ltr'><strong>ATHANASIUS.</strong></span> <span class='ocrx_word' id='word_1_4' title='bbox 2154 396 2231 406; x_wconf 98' lang='lat'><strong>—</strong></span> <span class='ocrx_word' id='word_1_5' title='bbox 2271 363 2584 427; x_wconf 78' lang='lat' dir='ltr'><strong>SPURIA.</strong></span> 
     </span>
    </p>
   </div>
   <div class='ocr_carea' id='block_1_3' title="bbox 3627 374 3750 435">
    <p class='ocr_par' dir='ltr' id='par_1_3' title="bbox 3627 374 3750 435">
     <span class='ocr_line' id='line_1_3' title="bbox 3627 374 3750 435; baseline 0 -2"><span class='ocrx_word' id='word_1_6' title='bbox 3627 374 3750 435; x_wconf 70' lang='lat'><strong>644</strong></span> 
     </span>
    </p>
   </div>
   <div class='ocr_carea' id='block_1_4' title="bbox 328 494 1967 582">
    <p class='ocr_par' dir='ltr' id='par_1_4' title="bbox 328 495 1967 582">
     <span class='ocr_line' id='line_1_4' title="bbox 328 495 1967 582; baseline -0.007 -22"><span class='ocrx_word' id='word_1_7' title='bbox 328 504 504 560; x_wconf 80' lang='lat' dir='ltr'><strong>bilem</strong></span> <span class='ocrx_word' id='word_1_8' title='bbox 536 500 1138 574; x_wconf 90' lang='lat' dir='ltr'><strong>unionem,duplicem</strong></span> <span class='ocrx_word' id='word_1_9' title='bbox 1169 513 1565 582; x_wconf 33' lang='lat' dir='ltr'><strong>essehnempe</strong></span> <span class='ocrx_word' id='word_1_10' title='bbox 1594 512 1663 552; x_wconf 83' lang='lat' dir='ltr'><strong>ex</strong></span> <span class='ocrx_word' id='word_1_11' title='bbox 1679 495 1967 551; x_wconf 66' lang='lat' dir='ltr'><strong>divinitati</strong></span> 
     </span>
    </p>
   </div>
   <div class='ocr_carea' id='block_1_5' title="bbox 2079 494 3746 582">
    <p class='ocr_par' dir='ltr' id='par_1_5' title="bbox 2092 494 3746 576">
     <span class='ocr_line' id='line_1_5' title="bbox 2092 494 3746 576; baseline 0.006 -28"><span class='ocrx_word' id='word_1_12' title='bbox 2092 512 2187 554; x_wconf 89' lang='grc' dir='ltr'><strong>τος</strong></span> <span class='ocrx_word' id='word_1_13' title='bbox 2232 499 2329 549; x_wconf 90' lang='grc' dir='ltr'><strong>τοῦ</strong></span> <span class='ocrx_word' id='word_1_14' title='bbox 2379 494 2560 571; x_wconf 80' lang='grc' dir='ltr'>ἁγίου,</span> <span class='ocrx_word' id='word_1_15' title='bbox 2594 496 2695 552; x_wconf 85' lang='grc' dir='ltr'>οὐκ</span> <span class='ocrx_word' id='word_1_16' title='bbox 2731 497 3053 576; x_wconf 79' lang='grc' dir='ltr'>ἀφεθησεται</span> <span class='ocrx_word' id='word_1_17' title='bbox 3095 499 3244 571; x_wconf 86' lang='grc' dir='ltr'>αύτῷ</span> <span class='ocrx_word' id='word_1_18' title='bbox 3290 497 3415 555; x_wconf 75' lang='grc' dir='ltr'>οὕτε</span> <span class='ocrx_word' id='word_1_19' title='bbox 3460 500 3512 556; x_wconf 80' lang='grc' dir='ltr'>ἐν</span> <span class='ocrx_word' id='word_1_20' title='bbox 3541 503 3621 575; x_wconf 80' lang='grc' dir='ltr'><strong>τῷ</strong></span> <span class='ocrx_word' id='word_1_21' title='bbox 3649 506 3746 558; x_wconf 89' lang='grc' dir='ltr'><strong>νῦν</strong></span> 
     </span>
    </p>
   </div>
   <div class='ocr_carea' id='block_1_6' title="bbox 328 583 1984 656">
    <p class='ocr_par' dir='ltr' id='par_1_6' title="bbox 328 583 1984 656">
     <span class='ocr_line' id='line_1_6' title="bbox 328 583 1984 656; baseline -0.007 -8"><span class='ocrx_word' id='word_1_22' title='bbox 328 599 386 648; x_wconf 87' lang='lat' dir='ltr'><strong>et</strong></span> <span class='ocrx_word' id='word_1_23' title='bbox 417 592 787 647; x_wconf 78' lang='lat' dir='ltr'><strong>humanitate</strong></span> <span class='ocrx_word' id='word_1_24' title='bbox 817 594 1106 656; x_wconf 82' lang='lat' dir='ltr'><strong>constare,</strong></span> <span class='ocrx_word' id='word_1_25' title='bbox 1141 604 1319 644; x_wconf 66' lang='lat' dir='ltr'><strong>sacras</strong></span> <span class='ocrx_word' id='word_1_26' title='bbox 1351 586 1521 643; x_wconf 89' lang='lat' dir='ltr'><strong>nobis</strong></span> <span class='ocrx_word' id='word_1_27' title='bbox 1548 585 1807 640; x_wconf 90' lang='lat' dir='ltr'><strong>clamant</strong></span> <span class='ocrx_word' id='word_1_28' title='bbox 1830 583 1984 638; x_wconf 82' lang='lat' dir='ltr'><strong>Scri-</strong></span> 
     </span>
    </p>
   </div>
   <div class='ocr_carea' id='block_1_7' title="bbox 2093 580 3748 666">
    <p class='ocr_par' dir='ltr' id='par_1_7' title="bbox 2093 580 3748 666">
     <span class='ocr_line' id='line_1_7' title="bbox 2093 580 3748 666; baseline 0.007 -31"><span class='ocrx_word' id='word_1_29' title='bbox 2093 581 2249 637; x_wconf 76' lang='grc' dir='ltr'>αίῶνι</span> <span class='ocrx_word' id='word_1_30' title='bbox 2312 580 2435 640; x_wconf 71' lang='grc' dir='ltr'>οὔτε</span> <span class='ocrx_word' id='word_1_31' title='bbox 2491 584 2544 639; x_wconf 86' lang='grc' dir='ltr'>ἐν</span> <span class='ocrx_word' id='word_1_32' title='bbox 2600 590 2681 657; x_wconf 79' lang='grc' dir='ltr'>τῷ</span> <span class='ocrx_word' id='word_1_33' title='bbox 2732 585 3030 659; x_wconf 74' lang='grc' dir='ltr'>μέλλοντι;</span> <span class='ocrx_word' id='word_1_34' title='bbox 3066 593 3354 666; x_wconf 83' lang='grc' dir='ltr'>Νουνεχῶς</span> <span class='ocrx_word' id='word_1_35' title='bbox 3399 590 3748 662; x_wconf 87' lang='grc' dir='ltr'>ἀκούσωμεν,</span> 
     </span>
    </p>
   </div>
   <div class='ocr_carea' id='block_1_8' title="bbox 327 670 1967 754">
    <p class='ocr_par' dir='ltr' id='par_1_8' title="bbox 327 672 1967 754">
     <span class='ocr_line' id='line_1_8' title="bbox 327 672 1967 754; baseline -0.006 -17"><span class='ocrx_word' id='word_1_36' title='bbox 327 688 513 754; x_wconf 71' lang='lat' dir='ltr'><strong>pturaa</strong></span> <span class='ocrx_word' id='word_1_37' title='bbox 547 698 559 735; x_wconf 89' lang='lat'>:</span> <span class='ocrx_word' id='word_1_38' title='bbox 597 698 734 737; x_wconf 87' lang='lat' dir='ltr'><strong>nam</strong></span> <span class='ocrx_word' id='word_1_39' title='bbox 772 703 794 730; x_wconf 77' lang='grc' dir='ltr'><strong>α</strong></span> <span class='ocrx_word' id='word_1_40' title='bbox 829 681 1087 734; x_wconf 79' lang='lat' dir='ltr'><strong>Verbum</strong></span> <span class='ocrx_word' id='word_1_41' title='bbox 1120 694 1254 733; x_wconf 89' lang='lat' dir='ltr'><strong>caro</strong></span> <span class='ocrx_word' id='word_1_42' title='bbox 1287 678 1503 731; x_wconf 76' lang='lat' dir='ltr'><strong>factum</strong></span> <span class='ocrx_word' id='word_1_43' title='bbox 1534 679 1625 730; x_wconf 90' lang='lat' dir='ltr'><strong>est</strong></span> <span class='ocrx_word' id='word_1_44' title='bbox 1672 676 1737 727; x_wconf 78' lang='grc'><strong>¹⁴.</strong></span> <span class='ocrx_word' id='word_1_45' title='bbox 1789 694 1817 723; x_wconf 76' lang='grc' dir='ltr'>ι)</span> <span class='ocrx_word' id='word_1_46' title='bbox 1867 672 1967 727; x_wconf 88' lang='lat' dir='ltr'><strong>Ita-</strong></span> 
     </span>
    </p>
   </div>
   <div class='ocr_carea' id='block_1_9' title="bbox 2079 670 3749 754">
    <p class='ocr_par' dir='ltr' id='par_1_9' title="bbox 2091 670 3749 752">
     <span class='ocr_line' id='line_1_9' title="bbox 2091 670 3749 752; baseline 0.007 -28"><span class='ocrx_word' id='word_1_47' title='bbox 2091 670 2292 743; x_wconf 84' lang='grc' dir='ltr'>καὶμή</span> <span class='ocrx_word' id='word_1_48' title='bbox 2346 671 2735 747; x_wconf 79' lang='grc' dir='ltr'>πλανηοῶμεν.</span> <span class='ocrx_word' id='word_1_49' title='bbox 2772 676 2955 731; x_wconf 85' lang='grc' dir='ltr'>Διττὸν</span> <span class='ocrx_word' id='word_1_50' title='bbox 3010 677 3145 731; x_wconf 79' lang='grc' dir='ltr'>εἶναι</span> <span class='ocrx_word' id='word_1_51' title='bbox 3184 677 3276 732; x_wconf 86' lang='grc' dir='ltr'>τὸν</span> <span class='ocrx_word' id='word_1_52' title='bbox 3323 680 3553 752; x_wconf 86' lang='grc' dir='ltr'>Χριστὸν</span> <span class='ocrx_word' id='word_1_53' title='bbox 3612 684 3749 752; x_wconf 83' lang='grc' dir='ltr'><strong>μετά</strong></span> 
     </span>
    </p>
   </div>
   <div class='ocr_carea' id='block_1_10' title="bbox 325 763 1984 844">
    <p class='ocr_par' dir='ltr' id='par_1_10' title="bbox 325 763 1984 844">
     <span class='ocr_line' id='line_1_10' title="bbox 325 763 1984 844; baseline -0.005 -19"><span class='ocrx_word' id='word_1_54' title='bbox 325 788 439 844; x_wconf 88' lang='lat' dir='ltr'><strong>que</strong></span> <span class='ocrx_word' id='word_1_55' title='bbox 467 771 642 827; x_wconf 84' lang='lat' dir='ltr'>Verbi</span> <span class='ocrx_word' id='word_1_56' title='bbox 675 768 1043 825; x_wconf 82' lang='lat' dir='ltr'><strong>divinitatem</strong></span> <span class='ocrx_word' id='word_1_57' title='bbox 1075 767 1346 822; x_wconf 81' lang='lat' dir='ltr'><strong>Christus</strong></span> <span class='ocrx_word' id='word_1_58' title='bbox 1376 765 1503 837; x_wconf 90' lang='lat' dir='ltr'><strong>ipse</strong></span> <span class='ocrx_word' id='word_1_59' title='bbox 1531 763 1813 835; x_wconf 84' lang='lat' dir='ltr'><strong>Spiritum</strong></span> <span class='ocrx_word' id='word_1_60' title='bbox 1847 777 1984 818; x_wconf 86' lang='lat' dir='ltr'><strong>san-</strong></span> 
     </span>
    </p>
   </div>
   <div class='ocr_carea' id='block_1_11' title="bbox 324 850 1980 931">
    <p class='ocr_par' dir='ltr' id='par_1_11' title="bbox 324 850 1980 931">
     <span class='ocr_line' id='line_1_11' title="bbox 324 850 1980 931; baseline -0.007 -14"><span class='ocrx_word' id='word_1_61' title='bbox 324 868 482 917; x_wconf 90' lang='lat' dir='ltr'><strong>ctum</strong></span> <span class='ocrx_word' id='word_1_62' title='bbox 518 857 1298 931; x_wconf 83' lang='lat' dir='ltr'><strong>appellat,quemadmodum</strong></span> <span class='ocrx_word' id='word_1_63' title='bbox 1326 855 1398 911; x_wconf 90' lang='lat' dir='ltr'><strong>ad</strong></span> <span class='ocrx_word' id='word_1_64' title='bbox 1415 854 1845 910; x_wconf 86' lang='lat' dir='ltr'><strong>Samaritanam</strong></span> <span class='ocrx_word' id='word_1_65' title='bbox 1877 850 1980 907; x_wconf 88' lang='lat' dir='ltr'><strong>ait:</strong></span> 
     </span>
    </p>
   </div>
   <div class='ocr_carea' id='block_1_12' title="bbox 327 942 1981 1021">
    <p class='ocr_par' dir='ltr' id='par_1_12' title="bbox 327 942 1981 1021">
     <span class='ocr_line' id='line_1_12' title="bbox 327 942 1981 1021; baseline -0.008 -14"><span class='ocrx_word' id='word_1_66' title='bbox 327 975 353 1001; x_wconf 87' lang='grc'><strong>‹‹</strong></span> <span class='ocrx_word' id='word_1_67' title='bbox 389 952 543 1007; x_wconf 87' lang='lat' dir='ltr'><strong>Deus</strong></span> <span class='ocrx_word' id='word_1_68' title='bbox 570 950 826 1021; x_wconf 83' lang='lat' dir='ltr'><strong>Spiritus</strong></span> <span class='ocrx_word' id='word_1_69' title='bbox 854 954 975 1004; x_wconf 86' lang='lat' dir='ltr'><strong>est:</strong></span> <span class='ocrx_word' id='word_1_70' title='bbox 998 948 1040 981; x_wconf 73' lang='grc'><strong>³⁵</strong></span> <span class='ocrx_word' id='word_1_71' title='bbox 1060 970 1086 994; x_wconf 84' lang='grc'><strong>››</strong></span> <span class='ocrx_word' id='word_1_72' title='bbox 1119 962 1288 1001; x_wconf 90' lang='lat' dir='ltr'><strong>suam</strong></span> <span class='ocrx_word' id='word_1_73' title='bbox 1308 951 1504 1000; x_wconf 90' lang='lat' dir='ltr'><strong>autem</strong></span> <span class='ocrx_word' id='word_1_74' title='bbox 1532 942 1981 1006; x_wconf 81' lang='lat' dir='ltr'><strong>humanitatem,</strong></span> 
     </span>
    </p>
   </div>
   <div class='ocr_carea' id='block_1_13' title="bbox 323 1031 1979 1106">
    <p class='ocr_par' dir='ltr' id='par_1_13' title="bbox 323 1031 1979 1106">
     <span class='ocr_line' id='line_1_13' title="bbox 323 1031 1979 1106; baseline -0.007 -11"><span class='ocrx_word' id='word_1_75' title='bbox 323 1041 532 1095; x_wconf 86' lang='lat' dir='ltr'><strong>Filium</strong></span> <span class='ocrx_word' id='word_1_76' title='bbox 585 1039 843 1094; x_wconf 84' lang='lat' dir='ltr'><strong>hominis</strong></span> <span class='ocrx_word' id='word_1_77' title='bbox 892 1052 1100 1092; x_wconf 80' lang='lat' dir='ltr'><strong>rursus</strong></span> <span class='ocrx_word' id='word_1_78' title='bbox 1149 1033 1430 1106; x_wconf 84' lang='lat' dir='ltr'><strong>appellat,</strong></span> <span class='ocrx_word' id='word_1_79' title='bbox 1475 1031 1979 1103; x_wconf 86' lang='lat' dir='ltr'><strong>quemadmodum</strong></span> 
     </span>
    </p>
   </div>
   <div class='ocr_carea' id='block_1_14' title="bbox 321 1120 1983 1199">
    <p class='ocr_par' dir='ltr' id='par_1_14' title="bbox 321 1120 1983 1199">
     <span class='ocr_line' id='line_1_14' title="bbox 321 1120 1983 1199; baseline -0.007 -15"><span class='ocrx_word' id='word_1_80' title='bbox 321 1129 459 1184; x_wconf 89' lang='lat' dir='ltr'><strong>alibi</strong></span> <span class='ocrx_word' id='word_1_81' title='bbox 487 1129 559 1183; x_wconf 92' lang='lat' dir='ltr'><strong>de</strong></span> <span class='ocrx_word' id='word_1_82' title='bbox 591 1129 822 1199; x_wconf 91' lang='lat' dir='ltr'><strong>propria</strong></span> <span class='ocrx_word' id='word_1_83' title='bbox 851 1141 1025 1181; x_wconf 83' lang='lat' dir='ltr'><strong>carne</strong></span> <span class='ocrx_word' id='word_1_84' title='bbox 1055 1125 1137 1180; x_wconf 89' lang='lat' dir='ltr'><strong>ait</strong></span> <span class='ocrx_word' id='word_1_85' title='bbox 1169 1141 1181 1178; x_wconf 92' lang='lat'>:</span> <span class='ocrx_word' id='word_1_86' title='bbox 1217 1146 1245 1173; x_wconf 90' lang='lat'><strong>«</strong></span> <span class='ocrx_word' id='word_1_87' title='bbox 1279 1123 1445 1178; x_wconf 90' lang='lat' dir='ltr'><strong>Nunc</strong></span> <span class='ocrx_word' id='word_1_88' title='bbox 1478 1120 1843 1192; x_wconf 80' lang='lat' dir='ltr'><strong>giorificatus</strong></span> <span class='ocrx_word' id='word_1_89' title='bbox 1892 1122 1983 1173; x_wconf 83' lang='lat' dir='ltr'><strong>est</strong></span> 
     </span>
    </p>
   </div>
   <div class='ocr_carea' id='block_1_15' title="bbox 321 1210 1982 1286">
    <p class='ocr_par' dir='ltr' id='par_1_15' title="bbox 321 1210 1982 1286">
     <span class='ocr_line' id='line_1_15' title="bbox 321 1210 1982 1286; baseline -0.007 -13"><span class='ocrx_word' id='word_1_90' title='bbox 321 1218 504 1273; x_wconf 85' lang='lat' dir='ltr'><strong>Filius</strong></span> <span class='ocrx_word' id='word_1_91' title='bbox 536 1216 790 1272; x_wconf 84' lang='lat' dir='ltr'><strong>hominis</strong></span> <span class='ocrx_word' id='word_1_92' title='bbox 816 1216 880 1270; x_wconf 75' lang='grc'><strong>³⁸.</strong></span> <span class='ocrx_word' id='word_1_93' title='bbox 905 1234 933 1265; x_wconf 75' lang='grc' dir='ltr'><strong>ιι</strong></span> <span class='ocrx_word' id='word_1_94' title='bbox 955 1214 1140 1286; x_wconf 80' lang='lat' dir='ltr'><strong>igitur</strong></span> <span class='ocrx_word' id='word_1_95' title='bbox 1168 1212 1377 1276; x_wconf 66' lang='lat' dir='ltr'><strong>Judei,</strong></span> <span class='ocrx_word' id='word_1_96' title='bbox 1397 1212 1498 1282; x_wconf 90' lang='lat' dir='ltr'><strong>qui</strong></span> <span class='ocrx_word' id='word_1_97' title='bbox 1530 1210 1717 1266; x_wconf 92' lang='lat' dir='ltr'><strong>Deum</strong></span> <span class='ocrx_word' id='word_1_98' title='bbox 1748 1224 1982 1278; x_wconf 89' lang='lat' dir='ltr'><strong>semper</strong></span> 
     </span>
    </p>
   </div>
   <div class='ocr_carea' id='block_1_16' title="bbox 314 1297 1978 1375">
    <p class='ocr_par' dir='ltr' id='par_1_16' title="bbox 314 1297 1978 1375">
     <span class='ocr_line' id='line_1_16' title="bbox 314 1297 1978 1375; baseline -0.006 -12"><span class='ocrx_word' id='word_1_99' title='bbox 314 1308 690 1363; x_wconf 83' lang='lat' dir='ltr'><strong>oifendebant</strong></span> <span class='ocrx_word' id='word_1_100' title='bbox 718 1311 776 1360; x_wconf 87' lang='lat' dir='ltr'><strong>et</strong></span> <span class='ocrx_word' id='word_1_101' title='bbox 804 1302 1189 1375; x_wconf 86' lang='lat' dir='ltr'><strong>blasphemiis</strong></span> <span class='ocrx_word' id='word_1_102' title='bbox 1210 1297 1978 1370; x_wconf 85' lang='lat' dir='ltr'><strong>insectabantur,dupiicem</strong></span> 
     </span>
    </p>
   </div>
   <div class='ocr_carea' id='block_1_17' title="bbox 311 1386 1976 1460">
    <p class='ocr_par' dir='ltr' id='par_1_17' title="bbox 311 1386 1976 1460">
     <span class='ocr_line' id='line_1_17' title="bbox 311 1386 1976 1460; baseline -0.007 -7"><span class='ocrx_word' id='word_1_103' title='bbox 311 1398 382 1453; x_wconf 91' lang='lat' dir='ltr'><strong>ad</strong></span> <span class='ocrx_word' id='word_1_104' title='bbox 394 1412 593 1453; x_wconf 88' lang='lat' dir='ltr'><strong>versus</strong></span> <span class='ocrx_word' id='word_1_105' title='bbox 614 1395 910 1450; x_wconf 87' lang='lat' dir='ltr'><strong>Christum</strong></span> <span class='ocrx_word' id='word_1_106' title='bbox 937 1393 1361 1448; x_wconf 90' lang='lat' dir='ltr'><strong>commiserunt</strong></span> <span class='ocrx_word' id='word_1_107' title='bbox 1382 1388 1812 1460; x_wconf 82' lang='lat' dir='ltr'><strong>blasphemiam</strong></span> <span class='ocrx_word' id='word_1_108' title='bbox 1837 1403 1852 1441; x_wconf 88' lang='lat'><strong>:</strong></span> <span class='ocrx_word' id='word_1_109' title='bbox 1875 1386 1976 1442; x_wconf 85' lang='lat' dir='ltr'><strong>alii</strong></span> 
     </span>
    </p>
   </div>
   <div class='ocr_carea' id='block_1_18' title="bbox 307 1476 1977 1555">
    <p class='ocr_par' dir='ltr' id='par_1_18' title="bbox 307 1476 1977 1555">
     <span class='ocr_line' id='line_1_18' title="bbox 307 1476 1977 1555; baseline -0.007 -13"><span class='ocrx_word' id='word_1_110' title='bbox 307 1487 461 1542; x_wconf 89' lang='lat' dir='ltr'><strong>enim</strong></span> <span class='ocrx_word' id='word_1_111' title='bbox 496 1501 731 1540; x_wconf 89' lang='lat' dir='ltr'><strong>carnem</strong></span> <span class='ocrx_word' id='word_1_112' title='bbox 762 1485 889 1555; x_wconf 85' lang='lat' dir='ltr'><strong>ejus</strong></span> <span class='ocrx_word' id='word_1_113' title='bbox 920 1482 1042 1537; x_wconf 84' lang='lat' dir='ltr'><strong>sive</strong></span> <span class='ocrx_word' id='word_1_114' title='bbox 1062 1480 1274 1536; x_wconf 89' lang='lat' dir='ltr'><strong>Filium</strong></span> <span class='ocrx_word' id='word_1_115' title='bbox 1295 1476 1977 1542; x_wconf 81' lang='lat' dir='ltr'><strong>bominisoﬂ‘endebant,</strong></span> 
     </span>
    </p>
   </div>
   <div class='ocr_carea' id='block_1_19' title="bbox 311 1564 1976 1646">
    <p class='ocr_par' dir='ltr' id='par_1_19' title="bbox 311 1564 1976 1646">
     <span class='ocr_line' id='line_1_19' title="bbox 311 1564 1976 1646; baseline -0.007 -16"><span class='ocrx_word' id='word_1_116' title='bbox 311 1576 424 1631; x_wconf 91' lang='lat' dir='ltr'><strong>rati</strong></span> <span class='ocrx_word' id='word_1_117' title='bbox 455 1574 797 1646; x_wconf 89' lang='lat' dir='ltr'><strong>prophetam</strong></span> <span class='ocrx_word' id='word_1_118' title='bbox 826 1571 1025 1644; x_wconf 89' lang='lat' dir='ltr'><strong>ipsum</strong></span> <span class='ocrx_word' id='word_1_119' title='bbox 1057 1584 1186 1625; x_wconf 92' lang='lat' dir='ltr'><strong>esse</strong></span> <span class='ocrx_word' id='word_1_120' title='bbox 1219 1584 1334 1623; x_wconf 91' lang='lat' dir='ltr'><strong>non</strong></span> <span class='ocrx_word' id='word_1_121' title='bbox 1368 1570 1566 1622; x_wconf 89' lang='lat' dir='ltr'><strong>autem</strong></span> <span class='ocrx_word' id='word_1_122' title='bbox 1598 1566 1785 1621; x_wconf 89' lang='lat' dir='ltr'><strong>Deum</strong></span> <span class='ocrx_word' id='word_1_123' title='bbox 1811 1581 1824 1618; x_wconf 89' lang='lat'><strong>:</strong></span> <span class='ocrx_word' id='word_1_124' title='bbox 1848 1564 1976 1635; x_wconf 86' lang='lat' dir='ltr'><strong>qui-</strong></span> 
     </span>
    </p>
   </div>
   <div class='ocr_carea' id='block_1_20' title="bbox 313 1652 1975 1731">
    <p class='ocr_par' dir='ltr' id='par_1_20' title="bbox 313 1652 1975 1731">
     <span class='ocr_line' id='line_1_20' title="bbox 313 1652 1975 1731; baseline -0.006 -12"><span class='ocrx_word' id='word_1_125' title='bbox 313 1673 425 1719; x_wconf 89' lang='lat' dir='ltr'><strong>bus</strong></span> <span class='ocrx_word' id='word_1_126' title='bbox 457 1662 688 1718; x_wconf 85' lang='lat' dir='ltr'><strong>veniam</strong></span> <span class='ocrx_word' id='word_1_127' title='bbox 720 1660 901 1716; x_wconf 89' lang='lat' dir='ltr'><strong>dedit.</strong></span> <span class='ocrx_word' id='word_1_128' title='bbox 935 1658 1241 1731; x_wconf 89' lang='lat' dir='ltr'><strong>Siquidem</strong></span> <span class='ocrx_word' id='word_1_129' title='bbox 1272 1655 1506 1712; x_wconf 89' lang='lat' dir='ltr'><strong>initium</strong></span> <span class='ocrx_word' id='word_1_130' title='bbox 1540 1652 1975 1727; x_wconf 66' lang='lat' dir='ltr'><strong>praedicationis</strong></span> 
     </span>
    </p>
   </div>
   <div class='ocr_carea' id='block_1_21' title="bbox 315 1741 1973 1820">
    <p class='ocr_par' dir='ltr' id='par_1_21' title="bbox 315 1741 1973 1820">
     <span class='ocr_line' id='line_1_21' title="bbox 315 1741 1973 1820; baseline -0.008 -12"><span class='ocrx_word' id='word_1_131' title='bbox 315 1750 850 1820; x_wconf 87' lang='lat' dir='ltr'><strong>erat,nondumque</strong></span> <span class='ocrx_word' id='word_1_132' title='bbox 878 1751 1109 1819; x_wconf 88' lang='lat' dir='ltr'><strong>poterat</strong></span> <span class='ocrx_word' id='word_1_133' title='bbox 1142 1746 1403 1800; x_wconf 91' lang='lat' dir='ltr'><strong>mundus</strong></span> <span class='ocrx_word' id='word_1_134' title='bbox 1434 1743 1618 1799; x_wconf 91' lang='lat' dir='ltr'><strong>Deum</strong></span> <span class='ocrx_word' id='word_1_135' title='bbox 1648 1741 1817 1797; x_wconf 90' lang='lat' dir='ltr'><strong>ilium</strong></span> <span class='ocrx_word' id='word_1_136' title='bbox 1850 1756 1973 1796; x_wconf 88' lang='lat' dir='ltr'><strong>cre-</strong></span> 
     </span>
    </p>
   </div>
   <div class='ocr_carea' id='block_1_22' title="bbox 314 1830 1973 1912">
    <p class='ocr_par' dir='ltr' id='par_1_22' title="bbox 314 1830 1973 1912">
     <span class='ocr_line' id='line_1_22' title="bbox 314 1830 1973 1912; baseline -0.008 -15"><span class='ocrx_word' id='word_1_137' title='bbox 314 1841 449 1897; x_wconf 89' lang='lat' dir='ltr'><strong>dere</strong></span> <span class='ocrx_word' id='word_1_138' title='bbox 478 1839 580 1912; x_wconf 90' lang='lat' dir='ltr'><strong>qui</strong></span> <span class='ocrx_word' id='word_1_139' title='bbox 612 1839 786 1895; x_wconf 90' lang='lat' dir='ltr'><strong>homo</strong></span> <span class='ocrx_word' id='word_1_140' title='bbox 818 1836 1156 1910; x_wconf 85' lang='lat' dir='ltr'><strong>apparebat.</strong></span> <span class='ocrx_word' id='word_1_141' title='bbox 1192 1836 1334 1889; x_wconf 85' lang='lat' dir='ltr'><strong>Hine</strong></span> <span class='ocrx_word' id='word_1_142' title='bbox 1363 1833 1633 1889; x_wconf 87' lang='lat' dir='ltr'><strong>Christus</strong></span> <span class='ocrx_word' id='word_1_143' title='bbox 1677 1832 1780 1897; x_wconf 91' lang='lat' dir='ltr'><strong>ait,</strong></span> <span class='ocrx_word' id='word_1_144' title='bbox 1831 1830 1973 1896; x_wconf 83' lang='lat' dir='ltr'><strong>Qui-</strong></span> 
     </span>
    </p>
   </div>
   <div class='ocr_carea' id='block_1_23' title="bbox 310 1917 1973 2002">
    <p class='ocr_par' dir='ltr' id='par_1_23' title="bbox 310 1917 1973 2002">
     <span class='ocr_line' id='line_1_23' title="bbox 310 1917 1973 2002; baseline -0.007 -16"><span class='ocrx_word' id='word_1_145' title='bbox 310 1945 546 2002; x_wconf 90' lang='lat' dir='ltr'><strong>cunque</strong></span> <span class='ocrx_word' id='word_1_146' title='bbox 576 1926 787 1984; x_wconf 81' lang='lat' dir='ltr'><strong>dixerit</strong></span> <span class='ocrx_word' id='word_1_147' title='bbox 814 1925 1057 1982; x_wconf 87' lang='lat' dir='ltr'><strong>verbum</strong></span> <span class='ocrx_word' id='word_1_148' title='bbox 1088 1926 1292 1980; x_wconf 81' lang='lat' dir='ltr'><strong>contra</strong></span> <span class='ocrx_word' id='word_1_149' title='bbox 1320 1920 1532 1977; x_wconf 89' lang='lat' dir='ltr'><strong>Filium</strong></span> <span class='ocrx_word' id='word_1_150' title='bbox 1564 1917 1973 1990; x_wconf 85' lang='lat' dir='ltr'><strong>hominis,sive</strong></span> 
     </span>
    </p>
   </div>
   <div class='ocr_carea' id='block_1_24' title="bbox 309 2008 1974 2089">
    <p class='ocr_par' dir='ltr' id='par_1_24' title="bbox 309 2008 1974 2089">
     <span class='ocr_line' id='line_1_24' title="bbox 309 2008 1974 2089; baseline -0.008 -12"><span class='ocrx_word' id='word_1_151' title='bbox 309 2024 511 2077; x_wconf 83' lang='lat' dir='ltr'><strong>contra</strong></span> <span class='ocrx_word' id='word_1_152' title='bbox 542 2033 777 2089; x_wconf 84' lang='lat' dir='ltr'><strong>corpus,</strong></span> <span class='ocrx_word' id='word_1_153' title='bbox 827 2015 1161 2070; x_wconf 86' lang='lat' dir='ltr'><strong>remittetur</strong></span> <span class='ocrx_word' id='word_1_154' title='bbox 1206 2012 1277 2068; x_wconf 87' lang='lat' dir='ltr'><strong>ei.</strong></span> <span class='ocrx_word' id='word_1_155' title='bbox 1328 2012 1527 2067; x_wconf 82' lang='lat' dir='ltr'><strong>Auden</strong></span> <span class='ocrx_word' id='word_1_156' title='bbox 1575 2009 1734 2065; x_wconf 91' lang='lat' dir='ltr'><strong>enim</strong></span> <span class='ocrx_word' id='word_1_157' title='bbox 1782 2008 1974 2064; x_wconf 84' lang='lat' dir='ltr'><strong>dicere</strong></span> 
     </span>
    </p>
   </div>
   <div class='ocr_carea' id='block_1_25' title="bbox 311 2096 1973 2181">
    <p class='ocr_par' dir='ltr' id='par_1_25' title="bbox 311 2096 1973 2181">
     <span class='ocr_line' id='line_1_25' title="bbox 311 2096 1973 2181; baseline -0.007 -16"><span class='ocrx_word' id='word_1_158' title='bbox 311 2124 502 2181; x_wconf 89' lang='lat' dir='ltr'><strong>neque</strong></span> <span class='ocrx_word' id='word_1_159' title='bbox 534 2108 695 2179; x_wconf 90' lang='lat' dir='ltr'><strong>ipsos</strong></span> <span class='ocrx_word' id='word_1_160' title='bbox 725 2107 924 2162; x_wconf 90' lang='lat' dir='ltr'><strong>beatos</strong></span> <span class='ocrx_word' id='word_1_161' title='bbox 954 2106 1081 2175; x_wconf 83' lang='lat' dir='ltr'><strong>ejus</strong></span> <span class='ocrx_word' id='word_1_162' title='bbox 1103 2100 1428 2173; x_wconf 85' lang='lat' dir='ltr'><strong>discipulos</strong></span> <span class='ocrx_word' id='word_1_163' title='bbox 1448 2100 1760 2172; x_wconf 85' lang='lat' dir='ltr'><strong>perfectam</strong></span> <span class='ocrx_word' id='word_1_164' title='bbox 1782 2096 1973 2169; x_wconf 88' lang='lat' dir='ltr'><strong>ipsius</strong></span> 
     </span>
    </p>
   </div>
   <div class='ocr_carea' id='block_1_26' title="bbox 315 2188 1970 2264">
    <p class='ocr_par' dir='ltr' id='par_1_26' title="bbox 315 2188 1970 2264">
     <span class='ocr_line' id='line_1_26' title="bbox 315 2188 1970 2264; baseline -0.007 -11"><span class='ocrx_word' id='word_1_165' title='bbox 315 2196 642 2254; x_wconf 88' lang='lat' dir='ltr'><strong>divinitatis</strong></span> <span class='ocrx_word' id='word_1_166' title='bbox 691 2195 972 2250; x_wconf 84' lang='lat' dir='ltr'><strong>habuisse</strong></span> <span class='ocrx_word' id='word_1_167' title='bbox 1020 2191 1436 2264; x_wconf 81' lang='lat' dir='ltr'><strong>cognitionem,</strong></span> <span class='ocrx_word' id='word_1_168' title='bbox 1483 2190 1668 2244; x_wconf 91' lang='lat' dir='ltr'><strong>donec</strong></span> <span class='ocrx_word' id='word_1_169' title='bbox 1716 2188 1970 2257; x_wconf 86' lang='lat' dir='ltr'><strong>Spiritus</strong></span> 
     </span>
    </p>
   </div>
   <div class='ocr_carea' id='block_1_27' title="bbox 313 2276 1971 2350">
    <p class='ocr_par' dir='ltr' id='par_1_27' title="bbox 313 2276 1971 2350">
     <span class='ocr_line' id='line_1_27' title="bbox 313 2276 1971 2350; baseline -0.009 -7"><span class='ocrx_word' id='word_1_170' title='bbox 313 2291 556 2344; x_wconf 90' lang='lat' dir='ltr'><strong>sanctus</strong></span> <span class='ocrx_word' id='word_1_171' title='bbox 586 2285 679 2340; x_wconf 92' lang='lat' dir='ltr'><strong>die</strong></span> <span class='ocrx_word' id='word_1_172' title='bbox 711 2282 1155 2340; x_wconf 85' lang='lat' dir='ltr'><strong>Pentecostesin</strong></span> <span class='ocrx_word' id='word_1_173' title='bbox 1173 2296 1271 2336; x_wconf 89' lang='lat' dir='ltr'><strong>eos</strong></span> <span class='ocrx_word' id='word_1_174' title='bbox 1304 2278 1553 2350; x_wconf 87' lang='lat' dir='ltr'><strong>iliapsus</strong></span> <span class='ocrx_word' id='word_1_175' title='bbox 1580 2276 1971 2333; x_wconf 84' lang='lat' dir='ltr'><strong>essset.Nam-</strong></span> 
     </span>
    </p>
   </div>
   <div class='ocr_carea' id='block_1_28' title="bbox 314 2363 1973 2449">
    <p class='ocr_par' dir='ltr' id='par_1_28' title="bbox 314 2363 1973 2449">
     <span class='ocr_line' id='line_1_28' title="bbox 314 2363 1973 2449; baseline -0.008 -16"><span class='ocrx_word' id='word_1_176' title='bbox 314 2393 429 2449; x_wconf 90' lang='lat' dir='ltr'><strong>que</strong></span> <span class='ocrx_word' id='word_1_177' title='bbox 457 2375 638 2432; x_wconf 88' lang='lat' dir='ltr'><strong>etiam</strong></span> <span class='ocrx_word' id='word_1_178' title='bbox 668 2376 802 2445; x_wconf 90' lang='lat' dir='ltr'><strong>post</strong></span> <span class='ocrx_word' id='word_1_179' title='bbox 831 2368 1321 2427; x_wconf 88' lang='lat' dir='ltr'><strong>resurrectionem</strong></span> <span class='ocrx_word' id='word_1_180' title='bbox 1352 2367 1453 2425; x_wconf 86' lang='lat' dir='ltr'><strong>alii</strong></span> <span class='ocrx_word' id='word_1_181' title='bbox 1483 2365 1651 2422; x_wconf 91' lang='lat' dir='ltr'><strong>illum</strong></span> <span class='ocrx_word' id='word_1_182' title='bbox 1698 2363 1973 2420; x_wconf 91' lang='lat' dir='ltr'><strong>viderunt</strong></span> 
     </span>
    </p>
   </div>
   <div class='ocr_carea' id='block_1_29' title="bbox 315 2457 1969 2534">
    <p class='ocr_par' dir='ltr' id='par_1_29' title="bbox 315 2457 1969 2534">
     <span class='ocr_line' id='line_1_29' title="bbox 315 2457 1969 2534; baseline -0.008 -13"><span class='ocrx_word' id='word_1_183' title='bbox 315 2472 373 2521; x_wconf 89' lang='lat' dir='ltr'><strong>et</strong></span> <span class='ocrx_word' id='word_1_184' title='bbox 406 2465 759 2530; x_wconf 77' lang='lat' dir='ltr'><strong>adorarunt;</strong></span> <span class='ocrx_word' id='word_1_185' title='bbox 793 2460 1037 2534; x_wconf 90' lang='lat' dir='ltr'><strong>quidam</strong></span> <span class='ocrx_word' id='word_1_186' title='bbox 1070 2464 1266 2515; x_wconf 89' lang='lat' dir='ltr'><strong>autem</strong></span> <span class='ocrx_word' id='word_1_187' title='bbox 1299 2457 1738 2520; x_wconf 85' lang='lat' dir='ltr'><strong>dubitaverunt,</strong></span> <span class='ocrx_word' id='word_1_188' title='bbox 1770 2458 1828 2510; x_wconf 91' lang='lat' dir='ltr'><strong>at</strong></span> <span class='ocrx_word' id='word_1_189' title='bbox 1854 2470 1969 2509; x_wconf 92' lang='lat' dir='ltr'><strong>non</strong></span> 
     </span>
    </p>
   </div>
   <div class='ocr_carea' id='block_1_30' title="bbox 314 2544 1970 2613">
    <p class='ocr_par' dir='ltr' id='par_1_30' title="bbox 314 2544 1970 2613">
     <span class='ocr_line' id='line_1_30' title="bbox 314 2544 1970 2613; baseline -0.008 -3"><span class='ocrx_word' id='word_1_190' title='bbox 314 2553 531 2610; x_wconf 89' lang='lat' dir='ltr'><strong>idcirco</strong></span> <span class='ocrx_word' id='word_1_191' title='bbox 599 2552 759 2608; x_wconf 89' lang='lat' dir='ltr'><strong>fuere</strong></span> <span class='ocrx_word' id='word_1_192' title='bbox 807 2548 1205 2606; x_wconf 88' lang='lat' dir='ltr'><strong>condemnati.</strong></span> <span class='ocrx_word' id='word_1_193' title='bbox 1258 2546 1364 2613; x_wconf 88' lang='lat' dir='ltr'><strong>Qui</strong></span> <span class='ocrx_word' id='word_1_194' title='bbox 1428 2550 1623 2602; x_wconf 87' lang='lat' dir='ltr'><strong>autem</strong></span> <span class='ocrx_word' id='word_1_195' title='bbox 1692 2544 1970 2600; x_wconf 87' lang='lat' dir='ltr'><strong>adversus</strong></span> 
     </span>
    </p>
   </div>
   <div class='ocr_carea' id='block_1_31' title="bbox 313 2632 1971 2715">
    <p class='ocr_par' dir='ltr' id='par_1_31' title="bbox 313 2632 1971 2715">
     <span class='ocr_line' id='line_1_31' title="bbox 313 2632 1971 2715; baseline -0.006 -17"><span class='ocrx_word' id='word_1_196' title='bbox 313 2642 604 2715; x_wconf 89' lang='lat' dir='ltr'><strong>Spiritum</strong></span> <span class='ocrx_word' id='word_1_197' title='bbox 639 2643 910 2697; x_wconf 87' lang='lat' dir='ltr'><strong>sanctum</strong></span> <span class='ocrx_word' id='word_1_198' title='bbox 953 2638 1321 2710; x_wconf 82' lang='lat' dir='ltr'><strong>proferebant</strong></span> <span class='ocrx_word' id='word_1_199' title='bbox 1369 2632 1799 2707; x_wconf 80' lang='lat' dir='ltr'><strong>blasphemiam</strong></span> <span class='ocrx_word' id='word_1_200' title='bbox 1850 2632 1971 2688; x_wconf 82' lang='lat' dir='ltr'><strong>sive</strong></span> 
     </span>
    </p>
   </div>
   <div class='ocr_carea' id='block_1_32' title="bbox 316 2722 1966 2796">
    <p class='ocr_par' dir='ltr' id='par_1_32' title="bbox 316 2722 1966 2796">
     <span class='ocr_line' id='line_1_32' title="bbox 316 2722 1966 2796; baseline -0.007 -8"><span class='ocrx_word' id='word_1_201' title='bbox 316 2734 603 2788; x_wconf 87' lang='lat' dir='ltr'><strong>adversus</strong></span> <span class='ocrx_word' id='word_1_202' title='bbox 638 2727 852 2785; x_wconf 89' lang='lat' dir='ltr'><strong>Christi</strong></span> <span class='ocrx_word' id='word_1_203' title='bbox 884 2728 1271 2795; x_wconf 84' lang='lat' dir='ltr'><strong>divinitatem,</strong></span> <span class='ocrx_word' id='word_1_204' title='bbox 1306 2742 1439 2781; x_wconf 92' lang='lat' dir='ltr'><strong>cum</strong></span> <span class='ocrx_word' id='word_1_205' title='bbox 1472 2739 1680 2796; x_wconf 87' lang='lat' dir='ltr'><strong>nempe</strong></span> <span class='ocrx_word' id='word_1_206' title='bbox 1709 2722 1832 2779; x_wconf 68' lang='lat' dir='ltr'><strong>haec</strong></span> <span class='ocrx_word' id='word_1_207' title='bbox 1880 2722 1966 2778; x_wconf 93' lang='lat' dir='ltr'><strong>di-</strong></span> 
     </span>
    </p>
   </div>
   <div class='ocr_carea' id='block_1_33' title="bbox 311 2811 1971 2889">
    <p class='ocr_par' dir='ltr' id='par_1_33' title="bbox 311 2811 1971 2889">
     <span class='ocr_line' id='line_1_33' title="bbox 311 2811 1971 2889; baseline -0.007 -12"><span class='ocrx_word' id='word_1_208' title='bbox 311 2823 513 2878; x_wconf 88' lang='lat' dir='ltr'><strong>cerent</strong></span> <span class='ocrx_word' id='word_1_209' title='bbox 547 2838 559 2876; x_wconf 86' lang='lat'><strong>:</strong></span> <span class='ocrx_word' id='word_1_210' title='bbox 594 2843 621 2869; x_wconf 85' lang='lat'><strong>«</strong></span> <span class='ocrx_word' id='word_1_211' title='bbox 658 2820 718 2874; x_wconf 89' lang='lat' dir='ltr'><strong>In</strong></span> <span class='ocrx_word' id='word_1_212' title='bbox 769 2816 1070 2874; x_wconf 88' lang='lat' dir='ltr'><strong>Beelzebul</strong></span> <span class='ocrx_word' id='word_1_213' title='bbox 1120 2816 1383 2889; x_wconf 88' lang='lat' dir='ltr'><strong>principe</strong></span> <span class='ocrx_word' id='word_1_214' title='bbox 1431 2814 1763 2869; x_wconf 66' lang='lat' dir='ltr'><strong>daamonum</strong></span> <span class='ocrx_word' id='word_1_215' title='bbox 1808 2811 1971 2884; x_wconf 88' lang='lat' dir='ltr'><strong>ejicit</strong></span> 
     </span>
    </p>
   </div>
   <div class='ocr_carea' id='block_1_34' title="bbox 313 2900 1967 2973">
    <p class='ocr_par' dir='ltr' id='par_1_34' title="bbox 313 2900 1967 2973">
     <span class='ocr_line' id='line_1_34' title="bbox 313 2900 1967 2973; baseline -0.007 -6"><span class='ocrx_word' id='word_1_216' title='bbox 313 2908 603 2967; x_wconf 67' lang='lat' dir='ltr'><strong>daemonia</strong></span> <span class='ocrx_word' id='word_1_217' title='bbox 630 2906 675 2942; x_wconf 77' lang='grc'><strong>³⁷</strong></span> <span class='ocrx_word' id='word_1_218' title='bbox 709 2925 722 2964; x_wconf 92' lang='lat'><strong>:</strong></span> <span class='ocrx_word' id='word_1_219' title='bbox 754 2929 781 2956; x_wconf 71' lang='grc' dir='ltr'>ι)</span> <span class='ocrx_word' id='word_1_220' title='bbox 815 2906 907 2963; x_wconf 90' lang='lat' dir='ltr'><strong>his</strong></span> <span class='ocrx_word' id='word_1_221' title='bbox 937 2905 1019 2962; x_wconf 89' lang='lat' dir='ltr'><strong>ait</strong></span> <span class='ocrx_word' id='word_1_222' title='bbox 1050 2924 1063 2961; x_wconf 89' lang='lat'><strong>:</strong></span> <span class='ocrx_word' id='word_1_223' title='bbox 1101 2926 1128 2956; x_wconf 76' lang='grc' dir='ltr'>ι(</span> <span class='ocrx_word' id='word_1_224' title='bbox 1163 2904 1287 2962; x_wconf 88' lang='lat' dir='ltr'><strong>Non</strong></span> <span class='ocrx_word' id='word_1_225' title='bbox 1320 2906 1649 2960; x_wconf 85' lang='lat' dir='ltr'><strong>remittetur</strong></span> <span class='ocrx_word' id='word_1_226' title='bbox 1690 2917 1880 2973; x_wconf 90' lang='lat' dir='ltr'><strong>neque</strong></span> <span class='ocrx_word' id='word_1_227' title='bbox 1906 2900 1967 2956; x_wconf 91' lang='lat' dir='ltr'><strong>in</strong></span> 
     </span>
    </p>
   </div>
   <div class='ocr_carea' id='block_1_35' title="bbox 311 2991 1967 3072">
    <p class='ocr_par' dir='ltr' id='par_1_35' title="bbox 311 2991 1967 3072">
     <span class='ocr_line' id='line_1_35' title="bbox 311 2991 1967 3072; baseline -0.005 -19"><span class='ocrx_word' id='word_1_228' title='bbox 311 2996 585 3072; x_wconf 73' lang='lat' dir='ltr'><strong>prmsenti</strong></span> <span class='ocrx_word' id='word_1_229' title='bbox 620 2995 830 3053; x_wconf 67' lang='lat' dir='ltr'><strong>sazculo</strong></span> <span class='ocrx_word' id='word_1_230' title='bbox 864 3012 1049 3067; x_wconf 90' lang='lat' dir='ltr'><strong>neque</strong></span> <span class='ocrx_word' id='word_1_231' title='bbox 1094 2994 1152 3049; x_wconf 92' lang='lat' dir='ltr'><strong>in</strong></span> <span class='ocrx_word' id='word_1_232' title='bbox 1202 2995 1417 3050; x_wconf 87' lang='lat' dir='ltr'><strong>futuro.</strong></span> <span class='ocrx_word' id='word_1_233' title='bbox 1472 3016 1493 3044; x_wconf 76' lang='grc' dir='ltr'><strong>ι</strong></span> <span class='ocrx_word' id='word_1_234' title='bbox 1546 2991 1967 3047; x_wconf 87' lang='lat' dir='ltr'><strong>Verumtamen</strong></span> 
     </span>
    </p>
   </div>
   <div class='ocr_carea' id='block_1_36' title="bbox 312 3081 1967 3154">
    <p class='ocr_par' dir='ltr' id='par_1_36' title="bbox 312 3081 1967 3154">
     <span class='ocr_line' id='line_1_36' title="bbox 312 3081 1967 3154; baseline -0.006 -8"><span class='ocrx_word' id='word_1_235' title='bbox 312 3088 744 3146; x_wconf 85' lang='lat' dir='ltr'><strong>observandum</strong></span> <span class='ocrx_word' id='word_1_236' title='bbox 794 3091 885 3143; x_wconf 90' lang='lat' dir='ltr'><strong>est</strong></span> <span class='ocrx_word' id='word_1_237' title='bbox 933 3087 1227 3141; x_wconf 89' lang='lat' dir='ltr'><strong>Christum</strong></span> <span class='ocrx_word' id='word_1_238' title='bbox 1263 3101 1378 3141; x_wconf 90' lang='lat' dir='ltr'><strong>non</strong></span> <span class='ocrx_word' id='word_1_239' title='bbox 1409 3083 1642 3152; x_wconf 85' lang='lat' dir='ltr'><strong>dixisse,</strong></span> <span class='ocrx_word' id='word_1_240' title='bbox 1676 3083 1777 3154; x_wconf 90' lang='lat' dir='ltr'><strong>qui</strong></span> <span class='ocrx_word' id='word_1_241' title='bbox 1810 3081 1967 3137; x_wconf 84' lang='lat' dir='ltr'><strong>blas-</strong></span> 
     </span>
    </p>
   </div>
   <div class='ocr_carea' id='block_1_37' title="bbox 2090 758 3746 843">
    <p class='ocr_par' dir='ltr' id='par_1_37' title="bbox 2090 758 3746 843">
     <span class='ocr_line' id='line_1_37' title="bbox 2090 758 3746 843; baseline 0.006 -30"><span class='ocrx_word' id='word_1_242' title='bbox 2090 761 2188 828; x_wconf 83' lang='grc' dir='ltr'>τήν</span> <span class='ocrx_word' id='word_1_243' title='bbox 2223 758 2492 838; x_wconf 63' lang='grc' dir='ltr'>ἅιρραστον</span> <span class='ocrx_word' id='word_1_244' title='bbox 2550 759 2766 830; x_wconf 62' lang='grc' dir='ltr'>ἕνωσιν,</span> <span class='ocrx_word' id='word_1_245' title='bbox 2798 765 2941 841; x_wconf 78' lang='grc' dir='ltr'>φημὶ</span> <span class='ocrx_word' id='word_1_246' title='bbox 2996 766 3062 835; x_wconf 78' lang='grc' dir='ltr'>δὴ</span> <span class='ocrx_word' id='word_1_247' title='bbox 3123 764 3183 820; x_wconf 66' lang='grc' dir='ltr'>ἐκ</span> <span class='ocrx_word' id='word_1_248' title='bbox 3239 765 3497 838; x_wconf 82' lang='grc' dir='ltr'><strong>θεότητος</strong></span> <span class='ocrx_word' id='word_1_249' title='bbox 3555 769 3645 824; x_wconf 88' lang='grc' dir='ltr'><strong>καὶ</strong></span> <span class='ocrx_word' id='word_1_250' title='bbox 3694 769 3746 843; x_wconf 75' lang='grc' dir='ltr'><strong>ἐξ</strong></span> 
     </span>
    </p>
   </div>
   <div class='ocr_carea' id='block_1_38' title="bbox 2093 847 3745 933">
    <p class='ocr_par' dir='ltr' id='par_1_38' title="bbox 2093 847 3745 933">
     <span class='ocr_line' id='line_1_38' title="bbox 2093 847 3745 933; baseline 0.009 -32"><span class='ocrx_word' id='word_1_251' title='bbox 2093 847 2532 923; x_wconf 85' lang='grc' dir='ltr'>ἀνθρωπότητος,</span> <span class='ocrx_word' id='word_1_252' title='bbox 2563 853 2617 906; x_wconf 80' lang='grc' dir='ltr'><strong>αἱ</strong></span> <span class='ocrx_word' id='word_1_253' title='bbox 2648 852 2787 926; x_wconf 76' lang='grc' dir='ltr'>ἱεραὶ</span> <span class='ocrx_word' id='word_1_254' title='bbox 2818 854 2955 927; x_wconf 71' lang='grc' dir='ltr'>ἡμῖν</span> <span class='ocrx_word' id='word_1_255' title='bbox 2998 849 3261 911; x_wconf 77' lang='grc' dir='ltr'>διαϐοῶσι</span> <span class='ocrx_word' id='word_1_256' title='bbox 3290 855 3521 933; x_wconf 82' lang='grc' dir='ltr'>Γραφαί’</span> <span class='ocrx_word' id='word_1_257' title='bbox 3556 882 3586 912; x_wconf 85' lang='grc'>‹‹</span> <span class='ocrx_word' id='word_1_258' title='bbox 3620 858 3681 915; x_wconf 90' lang='grc' dir='ltr'>Ὁ</span> <span class='ocrx_word' id='word_1_259' title='bbox 3715 883 3745 910; x_wconf 72' lang='grc' dir='ltr'>ι)</span> 
     </span>
    </p>
   </div>
   <div class='ocr_carea' id='block_1_39' title="bbox 2088 937 3745 1023">
    <p class='ocr_par' dir='ltr' id='par_1_39' title="bbox 2088 937 3745 1023">
     <span class='ocr_line' id='line_1_39' title="bbox 2088 937 3745 1023; baseline 0.008 -34"><span class='ocrx_word' id='word_1_260' title='bbox 2088 937 2189 1012; x_wconf 78' lang='grc' dir='ltr'><strong>γὰρ</strong></span> <span class='ocrx_word' id='word_1_261' title='bbox 2222 962 2249 989; x_wconf 86' lang='grc'><strong>‹‹</strong></span> <span class='ocrx_word' id='word_1_262' title='bbox 2284 938 2461 1013; x_wconf 81' lang='grc' dir='ltr'><strong>Λόγος</strong></span> <span class='ocrx_word' id='word_1_263' title='bbox 2523 941 2649 1014; x_wconf 72' lang='grc' dir='ltr'>σὰρξ</span> <span class='ocrx_word' id='word_1_264' title='bbox 2708 941 2935 1017; x_wconf 72' lang='grc' dir='ltr'>ἐγένετο.</span> <span class='ocrx_word' id='word_1_265' title='bbox 2982 966 3011 993; x_wconf 87' lang='grc'><strong>››</strong></span> <span class='ocrx_word' id='word_1_266' title='bbox 3056 945 3162 1013; x_wconf 77' lang='grc' dir='ltr'><strong>Τὴν</strong></span> <span class='ocrx_word' id='word_1_267' title='bbox 3222 949 3352 1020; x_wconf 86' lang='grc' dir='ltr'>γοῦν</span> <span class='ocrx_word' id='word_1_268' title='bbox 3411 950 3510 1001; x_wconf 89' lang='grc' dir='ltr'><strong>τοῦ</strong></span> <span class='ocrx_word' id='word_1_269' title='bbox 3565 945 3745 1023; x_wconf 81' lang='grc' dir='ltr'>Λόγου</span> 
     </span>
    </p>
   </div>
   <div class='ocr_carea' id='block_1_40' title="bbox 2091 1025 3746 1110">
    <p class='ocr_par' dir='ltr' id='par_1_40' title="bbox 2091 1025 3746 1110">
     <span class='ocr_line' id='line_1_40' title="bbox 2091 1025 3746 1110; baseline 0.008 -31"><span class='ocrx_word' id='word_1_270' title='bbox 2091 1025 2321 1096; x_wconf 83' lang='grc' dir='ltr'>θεότητα</span> <span class='ocrx_word' id='word_1_271' title='bbox 2377 1029 2405 1082; x_wconf 93' lang='lat'><strong>6</strong></span> <span class='ocrx_word' id='word_1_272' title='bbox 2463 1028 2623 1091; x_wconf 82' lang='grc' dir='ltr'>αὐτὸς</span> <span class='ocrx_word' id='word_1_273' title='bbox 2677 1033 2908 1105; x_wconf 74' lang='grc' dir='ltr'>Χριστὸς</span> <span class='ocrx_word' id='word_1_274' title='bbox 2967 1037 3187 1106; x_wconf 81' lang='grc' dir='ltr'>Πνεῦμα</span> <span class='ocrx_word' id='word_1_275' title='bbox 3246 1035 3400 1109; x_wconf 76' lang='grc' dir='ltr'>ἅγιον</span> <span class='ocrx_word' id='word_1_276' title='bbox 3462 1034 3746 1110; x_wconf 80' lang='grc' dir='ltr'><strong>ὀνομάζει,</strong></span> 
     </span>
    </p>
   </div>
   <div class='ocr_carea' id='block_1_41' title="bbox 2087 1115 3745 1198">
    <p class='ocr_par' dir='ltr' id='par_1_41' title="bbox 2087 1115 3745 1198">
     <span class='ocr_line' id='line_1_41' title="bbox 2087 1115 3745 1198; baseline 0.008 -31"><span class='ocrx_word' id='word_1_277' title='bbox 2087 1115 2227 1169; x_wconf 81' lang='grc' dir='ltr'><strong>καοά</strong></span> <span class='ocrx_word' id='word_1_278' title='bbox 2275 1116 2364 1171; x_wconf 85' lang='grc' dir='ltr'>καὶ</span> <span class='ocrx_word' id='word_1_279' title='bbox 2417 1119 2553 1191; x_wconf 85' lang='grc' dir='ltr'>πρὸς</span> <span class='ocrx_word' id='word_1_280' title='bbox 2601 1121 2701 1187; x_wconf 76' lang='grc' dir='ltr'>τὴν</span> <span class='ocrx_word' id='word_1_281' title='bbox 2754 1126 3080 1193; x_wconf 82' lang='grc' dir='ltr'><strong>Σαμαρεῖτιν</strong></span> <span class='ocrx_word' id='word_1_282' title='bbox 3115 1118 3322 1198; x_wconf 86' lang='grc' dir='ltr'>ἔλεγεν,</span> <span class='ocrx_word' id='word_1_283' title='bbox 3355 1122 3437 1178; x_wconf 76' lang='grc' dir='ltr'><strong>ὅτι</strong></span> <span class='ocrx_word' id='word_1_284' title='bbox 3466 1129 3687 1198; x_wconf 77' lang='grc' dir='ltr'><strong>Πνεῦμα</strong></span> <span class='ocrx_word' id='word_1_285' title='bbox 3715 1128 3745 1180; x_wconf 83' lang='lat'><strong>6</strong></span> 
     </span>
    </p>
   </div>
   <div class='ocr_carea' id='block_1_42' title="bbox 2088 1203 3746 1287">
    <p class='ocr_par' dir='ltr' id='par_1_42' title="bbox 2088 1203 3746 1287">
     <span class='ocr_line' id='line_1_42' title="bbox 2088 1203 3746 1287; baseline 0.007 -30"><span class='ocrx_word' id='word_1_286' title='bbox 2088 1204 2253 1265; x_wconf 89' lang='grc' dir='ltr'>Θεός·</span> <span class='ocrx_word' id='word_1_287' title='bbox 2313 1207 2411 1274; x_wconf 81' lang='grc' dir='ltr'>τὴν</span> <span class='ocrx_word' id='word_1_288' title='bbox 2468 1203 2527 1261; x_wconf 70' lang='grc' dir='ltr'>δὲ</span> <span class='ocrx_word' id='word_1_289' title='bbox 2583 1208 2977 1281; x_wconf 83' lang='grc' dir='ltr'>ἀνθρωπότητα</span> <span class='ocrx_word' id='word_1_290' title='bbox 3041 1210 3208 1266; x_wconf 81' lang='grc' dir='ltr'>αὐτοῦ</span> <span class='ocrx_word' id='word_1_291' title='bbox 3268 1212 3391 1267; x_wconf 78' lang='grc' dir='ltr'>Υίὸν</span> <span class='ocrx_word' id='word_1_292' title='bbox 3430 1212 3746 1287; x_wconf 73' lang='grc' dir='ltr'>’ἀνθρώπου</span> 
     </span>
    </p>
   </div>
   <div class='ocr_carea' id='block_1_43' title="bbox 2085 1291 3747 1380">
    <p class='ocr_par' dir='ltr' id='par_1_43' title="bbox 2085 1291 3747 1380">
     <span class='ocr_line' id='line_1_43' title="bbox 2085 1291 3747 1380; baseline 0.008 -34"><span class='ocrx_word' id='word_1_293' title='bbox 2085 1291 2270 1348; x_wconf 82' lang='grc' dir='ltr'>πάλιν·</span> <span class='ocrx_word' id='word_1_294' title='bbox 2305 1297 2485 1359; x_wconf 85' lang='grc' dir='ltr'>καθὼς</span> <span class='ocrx_word' id='word_1_295' title='bbox 2515 1296 2605 1351; x_wconf 88' lang='grc' dir='ltr'>καὶ</span> <span class='ocrx_word' id='word_1_296' title='bbox 2634 1296 2890 1373; x_wconf 79' lang='grc' dir='ltr'><strong>ἀλλαχοῦ</strong></span> <span class='ocrx_word' id='word_1_297' title='bbox 2919 1300 3166 1373; x_wconf 75' lang='grc' dir='ltr'>περὶτῆς</span> <span class='ocrx_word' id='word_1_298' title='bbox 3198 1297 3342 1363; x_wconf 71' lang='grc' dir='ltr'>ἰδίας</span> <span class='ocrx_word' id='word_1_299' title='bbox 3389 1302 3555 1358; x_wconf 85' lang='grc' dir='ltr'>αὐτοῦ</span> <span class='ocrx_word' id='word_1_300' title='bbox 3615 1324 3747 1380; x_wconf 84' lang='grc' dir='ltr'>σαρ-</span> 
     </span>
    </p>
   </div>
   <div class='ocr_carea' id='block_1_44' title="bbox 2086 1383 3739 1468">
    <p class='ocr_par' dir='ltr' id='par_1_44' title="bbox 2086 1383 3739 1468">
     <span class='ocr_line' id='line_1_44' title="bbox 2086 1383 3739 1468; baseline 0.006 -33"><span class='ocrx_word' id='word_1_301' title='bbox 2086 1383 2182 1444; x_wconf 84' lang='grc' dir='ltr'><strong>κός</strong></span> <span class='ocrx_word' id='word_1_302' title='bbox 2232 1404 2385 1460; x_wconf 80' lang='grc' dir='ltr'>φησι·</span> <span class='ocrx_word' id='word_1_303' title='bbox 2421 1410 2449 1437; x_wconf 88' lang='grc'><strong>‹‹</strong></span> <span class='ocrx_word' id='word_1_304' title='bbox 2494 1390 2599 1440; x_wconf 85' lang='grc' dir='ltr'>Νῦν</span> <span class='ocrx_word' id='word_1_305' title='bbox 2650 1383 2910 1459; x_wconf 79' lang='grc' dir='ltr'><strong>ἐδοξάσθη</strong></span> <span class='ocrx_word' id='word_1_306' title='bbox 2962 1390 2991 1444; x_wconf 94' lang='lat'><strong>6</strong></span> <span class='ocrx_word' id='word_1_307' title='bbox 3043 1390 3166 1452; x_wconf 77' lang='grc' dir='ltr'>Υἱὸς</span> <span class='ocrx_word' id='word_1_308' title='bbox 3208 1394 3306 1445; x_wconf 91' lang='grc' dir='ltr'><strong>τοῦ</strong></span> <span class='ocrx_word' id='word_1_309' title='bbox 3362 1390 3669 1468; x_wconf 85' lang='grc' dir='ltr'>ἀνθρώπου.</span> <span class='ocrx_word' id='word_1_310' title='bbox 3707 1417 3739 1445; x_wconf 83' lang='grc'><strong>››</strong></span> 
     </span>
    </p>
   </div>
   <div class='ocr_carea' id='block_1_45' title="bbox 2085 1471 3731 1558">
    <p class='ocr_par' dir='ltr' id='par_1_45' title="bbox 2085 1471 3731 1558">
     <span class='ocr_line' id='line_1_45' title="bbox 2085 1471 3731 1558; baseline 0.006 -31"><span class='ocrx_word' id='word_1_311' title='bbox 2085 1472 2154 1527; x_wconf 77' lang='grc' dir='ltr'><strong>Οἱ</strong></span> <span class='ocrx_word' id='word_1_312' title='bbox 2186 1471 2280 1526; x_wconf 85' lang='grc' dir='ltr'><strong>οῦν</strong></span> <span class='ocrx_word' id='word_1_313' title='bbox 2304 1473 2386 1529; x_wconf 78' lang='grc' dir='ltr'><strong>ἀεὶ</strong></span> <span class='ocrx_word' id='word_1_314' title='bbox 2417 1475 2497 1548; x_wconf 82' lang='grc' dir='ltr'><strong>τῷ</strong></span> <span class='ocrx_word' id='word_1_315' title='bbox 2527 1480 2642 1548; x_wconf 82' lang='grc' dir='ltr'><strong>Θεῷ</strong></span> <span class='ocrx_word' id='word_1_316' title='bbox 2670 1478 3103 1551; x_wconf 79' lang='grc' dir='ltr'>προσκρούοντες</span> <span class='ocrx_word' id='word_1_317' title='bbox 3132 1480 3222 1534; x_wconf 83' lang='grc' dir='ltr'>καὶ</span> <span class='ocrx_word' id='word_1_318' title='bbox 3271 1479 3731 1558; x_wconf 79' lang='grc' dir='ltr'><strong>βλασφημοῦντες</strong></span> 
     </span>
    </p>
   </div>
   <div class='ocr_carea' id='block_1_46' title="bbox 2086 1558 3737 1649">
    <p class='ocr_par' dir='ltr' id='par_1_46' title="bbox 2086 1558 3737 1649">
     <span class='ocr_line' id='line_1_46' title="bbox 2086 1558 3737 1649; baseline 0.006 -33"><span class='ocrx_word' id='word_1_319' title='bbox 2086 1558 2342 1649; x_wconf 62' lang='grc' dir='ltr'>Ἰουδαῖοι</span> <span class='ocrx_word' id='word_1_320' title='bbox 2401 1560 2587 1634; x_wconf 74' lang='grc' dir='ltr'>διττὴν</span> <span class='ocrx_word' id='word_1_321' title='bbox 2642 1566 2779 1639; x_wconf 87' lang='grc' dir='ltr'>πρὸς</span> <span class='ocrx_word' id='word_1_322' title='bbox 2834 1567 2926 1621; x_wconf 88' lang='grc' dir='ltr'>τὸν</span> <span class='ocrx_word' id='word_1_323' title='bbox 2985 1567 3215 1642; x_wconf 85' lang='grc' dir='ltr'>Χριστὸν</span> <span class='ocrx_word' id='word_1_324' title='bbox 3246 1570 3345 1638; x_wconf 73' lang='grc' dir='ltr'>τὴν</span> <span class='ocrx_word' id='word_1_325' title='bbox 3383 1569 3737 1649; x_wconf 76' lang='grc' dir='ltr'>βλασφημίαν</span> 
     </span>
    </p>
   </div>
   <div class='ocr_carea' id='block_1_47' title="bbox 2083 1648 3742 1734">
    <p class='ocr_par' dir='ltr' id='par_1_47' title="bbox 2083 1648 3742 1734">
     <span class='ocr_line' id='line_1_47' title="bbox 2083 1648 3742 1734; baseline 0.006 -29"><span class='ocrx_word' id='word_1_326' title='bbox 2083 1648 2390 1720; x_wconf 72' lang='grc' dir='ltr'>ἐκέκτηντο·</span> <span class='ocrx_word' id='word_1_327' title='bbox 2426 1654 2479 1707; x_wconf 73' lang='grc' dir='ltr'>οἱ</span> <span class='ocrx_word' id='word_1_328' title='bbox 2543 1655 2637 1727; x_wconf 78' lang='grc' dir='ltr'>μὶν</span> <span class='ocrx_word' id='word_1_329' title='bbox 2693 1659 2764 1728; x_wconf 77' lang='grc' dir='ltr'><strong>τῇ</strong></span> <span class='ocrx_word' id='word_1_330' title='bbox 2823 1657 2980 1731; x_wconf 86' lang='grc' dir='ltr'>σαρκὶ</span> <span class='ocrx_word' id='word_1_331' title='bbox 3029 1656 3218 1731; x_wconf 74' lang='grc' dir='ltr'>αὐτοῦ,</span> <span class='ocrx_word' id='word_1_332' title='bbox 3262 1656 3433 1733; x_wconf 77' lang='grc' dir='ltr'>ἤγουν</span> <span class='ocrx_word' id='word_1_333' title='bbox 3487 1648 3569 1731; x_wconf 76' lang='grc' dir='ltr'><strong>τῷ</strong></span> <span class='ocrx_word' id='word_1_334' title='bbox 3628 1662 3742 1734; x_wconf 78' lang='grc' dir='ltr'><strong>Υἱῷ</strong></span> 
     </span>
    </p>
   </div>
   <div class='ocr_carea' id='block_1_48' title="bbox 2080 1740 3736 1826">
    <p class='ocr_par' dir='ltr' id='par_1_48' title="bbox 2080 1740 3736 1826">
     <span class='ocr_line' id='line_1_48' title="bbox 2080 1740 3736 1826; baseline 0.008 -34"><span class='ocrx_word' id='word_1_335' title='bbox 2080 1744 2178 1826; x_wconf 89' lang='grc' dir='ltr'><strong>τοῦ</strong></span> <span class='ocrx_word' id='word_1_336' title='bbox 2221 1740 2533 1815; x_wconf 83' lang='grc' dir='ltr'>ἀνθρώπου,</span> <span class='ocrx_word' id='word_1_337' title='bbox 2578 1743 3010 1818; x_wconf 82' lang='grc' dir='ltr'>προσκόπτοντες</span> <span class='ocrx_word' id='word_1_338' title='bbox 3041 1748 3154 1819; x_wconf 83' lang='grc'>(23)</span> <span class='ocrx_word' id='word_1_339' title='bbox 3201 1750 3491 1826; x_wconf 79' lang='grc' dir='ltr'>προφήτην</span> <span class='ocrx_word' id='word_1_340' title='bbox 3550 1748 3736 1820; x_wconf 82' lang='grc' dir='ltr'>αὐτὸν,</span> 
     </span>
    </p>
   </div>
   <div class='ocr_carea' id='block_1_49' title="bbox 2084 1825 3734 1914">
    <p class='ocr_par' dir='ltr' id='par_1_49' title="bbox 2084 1825 3734 1914">
     <span class='ocr_line' id='line_1_49' title="bbox 2084 1825 3734 1914; baseline 0.008 -32"><span class='ocrx_word' id='word_1_341' title='bbox 2084 1825 2211 1914; x_wconf 86' lang='grc' dir='ltr'>ἀλλ’</span> <span class='ocrx_word' id='word_1_342' title='bbox 2240 1829 2302 1884; x_wconf 83' lang='grc' dir='ltr'><strong>ού</strong></span> <span class='ocrx_word' id='word_1_343' title='bbox 2351 1831 2479 1886; x_wconf 84' lang='grc' dir='ltr'><strong>Θεὸν</strong></span> <span class='ocrx_word' id='word_1_344' title='bbox 2531 1832 2664 1887; x_wconf 81' lang='grc' dir='ltr'>εἶναι</span> <span class='ocrx_word' id='word_1_345' title='bbox 2720 1833 3058 1907; x_wconf 82' lang='grc' dir='ltr'>νομίζοντες,</span> <span class='ocrx_word' id='word_1_346' title='bbox 3112 1837 3196 1898; x_wconf 83' lang='grc' dir='ltr'>οἷς</span> <span class='ocrx_word' id='word_1_347' title='bbox 3250 1825 3341 1892; x_wconf 80' lang='grc' dir='ltr'><strong>καὶ</strong></span> <span class='ocrx_word' id='word_1_348' title='bbox 3401 1839 3734 1914; x_wconf 83' lang='grc' dir='ltr'>συγγνώμην</span> 
     </span>
    </p>
   </div>
   <div class='ocr_carea' id='block_1_50' title="bbox 2085 1913 3734 2001">
    <p class='ocr_par' dir='ltr' id='par_1_50' title="bbox 2085 1913 3734 2001">
     <span class='ocr_line' id='line_1_50' title="bbox 2085 1913 3734 2001; baseline 0.008 -30"><span class='ocrx_word' id='word_1_349' title='bbox 2085 1913 2300 1975; x_wconf 81' lang='grc' dir='ltr'>ἔδωκεν.</span> <span class='ocrx_word' id='word_1_350' title='bbox 2335 1920 2513 1995; x_wconf 85' lang='grc' dir='ltr'>Ἀρχή</span> <span class='ocrx_word' id='word_1_351' title='bbox 2572 1921 2674 1997; x_wconf 75' lang='grc' dir='ltr'><strong>γὰρ</strong></span> <span class='ocrx_word' id='word_1_352' title='bbox 2728 1921 2796 1992; x_wconf 75' lang='grc' dir='ltr'>ἦν</span> <span class='ocrx_word' id='word_1_353' title='bbox 2852 1927 2951 1977; x_wconf 90' lang='grc' dir='ltr'><strong>τοῦ</strong></span> <span class='ocrx_word' id='word_1_354' title='bbox 3005 1922 3382 2001; x_wconf 82' lang='grc' dir='ltr'>κηρύγματος,</span> <span class='ocrx_word' id='word_1_355' title='bbox 3431 1928 3522 1982; x_wconf 85' lang='grc' dir='ltr'><strong>καὶ</strong></span> <span class='ocrx_word' id='word_1_356' title='bbox 3579 1925 3734 1984; x_wconf 75' lang='grc' dir='ltr'>οὔπω</span> 
     </span>
    </p>
   </div>
   <div class='ocr_carea' id='block_1_51' title="bbox 2083 2005 3735 2093">
    <p class='ocr_par' dir='ltr' id='par_1_51' title="bbox 2083 2005 3735 2093">
     <span class='ocr_line' id='line_1_51' title="bbox 2083 2005 3735 2093; baseline 0.008 -33"><span class='ocrx_word' id='word_1_357' title='bbox 2083 2005 2284 2083; x_wconf 81' lang='grc' dir='ltr'>ἐχώρει</span> <span class='ocrx_word' id='word_1_358' title='bbox 2314 2009 2343 2063; x_wconf 92' lang='lat'><strong>6</strong></span> <span class='ocrx_word' id='word_1_359' title='bbox 2374 2010 2581 2082; x_wconf 88' lang='grc' dir='ltr'>κόσμος</span> <span class='ocrx_word' id='word_1_360' title='bbox 2631 2010 2761 2066; x_wconf 83' lang='grc' dir='ltr'>Θεὸν</span> <span class='ocrx_word' id='word_1_361' title='bbox 2820 2013 3090 2068; x_wconf 76' lang='grc' dir='ltr'>πιστεύειν</span> <span class='ocrx_word' id='word_1_362' title='bbox 3147 2015 3476 2089; x_wconf 82' lang='grc' dir='ltr'>φαινόμενον</span> <span class='ocrx_word' id='word_1_363' title='bbox 3524 2016 3735 2093; x_wconf 81' lang='grc' dir='ltr'>ἅνθρω-</span> 
     </span>
    </p>
   </div>
   <div class='ocr_carea' id='block_1_52' title="bbox 2081 2097 3735 2180">
    <p class='ocr_par' dir='ltr' id='par_1_52' title="bbox 2081 2097 3735 2180">
     <span class='ocr_line' id='line_1_52' title="bbox 2081 2097 3735 2180; baseline 0.007 -29"><span class='ocrx_word' id='word_1_364' title='bbox 2081 2116 2203 2153; x_wconf 90' lang='grc' dir='ltr'>πον.</span> <span class='ocrx_word' id='word_1_365' title='bbox 2237 2099 2331 2152; x_wconf 87' lang='grc' dir='ltr'><strong>Διὸ</strong></span> <span class='ocrx_word' id='word_1_366' title='bbox 2361 2097 2451 2153; x_wconf 88' lang='grc' dir='ltr'><strong>καί</strong></span> <span class='ocrx_word' id='word_1_367' title='bbox 2482 2121 2642 2177; x_wconf 75' lang='grc' dir='ltr'>φησιν</span> <span class='ocrx_word' id='word_1_368' title='bbox 2675 2102 2704 2154; x_wconf 87' lang='grc' dir='ltr'>ὁ</span> <span class='ocrx_word' id='word_1_369' title='bbox 2734 2102 2989 2176; x_wconf 87' lang='grc' dir='ltr'>Χριστὸς,</span> <span class='ocrx_word' id='word_1_370' title='bbox 3021 2101 3106 2158; x_wconf 80' lang='grc' dir='ltr'><strong>ὅτι</strong></span> <span class='ocrx_word' id='word_1_371' title='bbox 3135 2105 3233 2166; x_wconf 88' lang='grc' dir='ltr'>Ὃς</span> <span class='ocrx_word' id='word_1_372' title='bbox 3267 2101 3313 2158; x_wconf 86' lang='grc' dir='ltr'>δ’</span> <span class='ocrx_word' id='word_1_373' title='bbox 3346 2106 3406 2160; x_wconf 74' lang='grc' dir='ltr'>ἂν</span> <span class='ocrx_word' id='word_1_374' title='bbox 3461 2105 3588 2180; x_wconf 74' lang='grc' dir='ltr'>εἴπῃ</span> <span class='ocrx_word' id='word_1_375' title='bbox 3639 2106 3735 2162; x_wconf 88' lang='grc' dir='ltr'>λό-</span> 
     </span>
    </p>
   </div>
   <div class='ocr_carea' id='block_1_53' title="bbox 2077 2188 3732 2269">
    <p class='ocr_par' dir='ltr' id='par_1_53' title="bbox 2077 2188 3732 2269">
     <span class='ocr_line' id='line_1_53' title="bbox 2077 2188 3732 2269; baseline 0.008 -30"><span class='ocrx_word' id='word_1_376' title='bbox 2077 2207 2171 2261; x_wconf 91' lang='grc' dir='ltr'><strong>γον</strong></span> <span class='ocrx_word' id='word_1_377' title='bbox 2200 2188 2335 2242; x_wconf 78' lang='grc' dir='ltr'>κατὰ</span> <span class='ocrx_word' id='word_1_378' title='bbox 2353 2193 2449 2243; x_wconf 92' lang='grc' dir='ltr'><strong>τοῦ</strong></span> <span class='ocrx_word' id='word_1_379' title='bbox 2482 2190 2609 2243; x_wconf 77' lang='grc' dir='ltr'>Υἱοῦ</span> <span class='ocrx_word' id='word_1_380' title='bbox 2638 2194 2734 2244; x_wconf 89' lang='grc' dir='ltr'><strong>τοῦ</strong></span> <span class='ocrx_word' id='word_1_381' title='bbox 2762 2190 3075 2266; x_wconf 85' lang='grc' dir='ltr'>ἀνθρώπου.</span> <span class='ocrx_word' id='word_1_382' title='bbox 3105 2190 3271 2267; x_wconf 70' lang='grc' dir='ltr'>ἤγουν</span> <span class='ocrx_word' id='word_1_383' title='bbox 3303 2198 3403 2249; x_wconf 89' lang='grc' dir='ltr'><strong>τοῦ</strong></span> <span class='ocrx_word' id='word_1_384' title='bbox 3457 2196 3732 2269; x_wconf 86' lang='grc' dir='ltr'>σώματος,</span> 
     </span>
    </p>
   </div>
   <div class='ocr_carea' id='block_1_54' title="bbox 2080 2276 3733 2358">
    <p class='ocr_par' dir='ltr' id='par_1_54' title="bbox 2080 2276 3733 2358">
     <span class='ocr_line' id='line_1_54' title="bbox 2080 2276 3733 2358; baseline 0.008 -29"><span class='ocrx_word' id='word_1_385' title='bbox 2080 2276 2402 2352; x_wconf 70' lang='grc' dir='ltr'>ἀφεθήσεται</span> <span class='ocrx_word' id='word_1_386' title='bbox 2460 2278 2606 2351; x_wconf 82' lang='grc' dir='ltr'>αύτῷ</span> <span class='ocrx_word' id='word_1_387' title='bbox 2637 2282 2769 2353; x_wconf 80' lang='grc'>(24).</span> <span class='ocrx_word' id='word_1_388' title='bbox 2803 2278 3015 2354; x_wconf 86' lang='grc' dir='ltr'>Τολμῶ</span> <span class='ocrx_word' id='word_1_389' title='bbox 3072 2282 3175 2358; x_wconf 78' lang='grc' dir='ltr'>γὰρ</span> <span class='ocrx_word' id='word_1_390' title='bbox 3235 2280 3436 2357; x_wconf 76' lang='grc' dir='ltr'>λέγειν,</span> <span class='ocrx_word' id='word_1_391' title='bbox 3467 2283 3553 2340; x_wconf 81' lang='grc' dir='ltr'><strong>ὅτι</strong></span> <span class='ocrx_word' id='word_1_392' title='bbox 3607 2284 3733 2342; x_wconf 73' lang='grc' dir='ltr'>ούδὶ</span> 
     </span>
    </p>
   </div>
   <div class='ocr_carea' id='block_1_55' title="bbox 2079 2364 3729 2450">
    <p class='ocr_par' dir='ltr' id='par_1_55' title="bbox 2079 2364 3729 2450">
     <span class='ocr_line' id='line_1_55' title="bbox 2079 2364 3729 2450; baseline 0.008 -31"><span class='ocrx_word' id='word_1_393' title='bbox 2079 2364 2232 2420; x_wconf 77' lang='grc' dir='ltr'>αὐτοὶ</span> <span class='ocrx_word' id='word_1_394' title='bbox 2265 2367 2317 2421; x_wconf 80' lang='grc' dir='ltr'>οἱ</span> <span class='ocrx_word' id='word_1_395' title='bbox 2351 2367 2607 2444; x_wconf 82' lang='grc' dir='ltr'>μακάριοι</span> <span class='ocrx_word' id='word_1_396' title='bbox 2636 2368 2801 2424; x_wconf 81' lang='grc' dir='ltr'>αὐτοῦ</span> <span class='ocrx_word' id='word_1_397' title='bbox 2834 2371 3075 2443; x_wconf 80' lang='grc' dir='ltr'>μαθηταὶ</span> <span class='ocrx_word' id='word_1_398' title='bbox 3104 2372 3167 2427; x_wconf 89' lang='grc' dir='ltr'>τὸ</span> <span class='ocrx_word' id='word_1_399' title='bbox 3205 2371 3415 2429; x_wconf 69' lang='grc' dir='ltr'>τέλειον</span> <span class='ocrx_word' id='word_1_400' title='bbox 3463 2376 3589 2450; x_wconf 77' lang='grc' dir='ltr'>περὶ</span> <span class='ocrx_word' id='word_1_401' title='bbox 3630 2383 3729 2447; x_wconf 80' lang='grc' dir='ltr'>τῆς</span> 
     </span>
    </p>
   </div>
   <div class='ocr_carea' id='block_1_56' title="bbox 2078 2454 3730 2538">
    <p class='ocr_par' dir='ltr' id='par_1_56' title="bbox 2078 2454 3730 2538">
     <span class='ocr_line' id='line_1_56' title="bbox 2078 2454 3730 2538; baseline 0.007 -30"><span class='ocrx_word' id='word_1_402' title='bbox 2078 2454 2242 2510; x_wconf 77' lang='grc' dir='ltr'>αὐτοῦ</span> <span class='ocrx_word' id='word_1_403' title='bbox 2285 2457 2541 2528; x_wconf 78' lang='grc' dir='ltr'>θεότητος</span> <span class='ocrx_word' id='word_1_404' title='bbox 2594 2458 2742 2534; x_wconf 74' lang='grc' dir='ltr'>εἶχον</span> <span class='ocrx_word' id='word_1_405' title='bbox 2803 2458 3079 2537; x_wconf 70' lang='grc' dir='ltr'>φρόνημα,</span> <span class='ocrx_word' id='word_1_406' title='bbox 3110 2457 3218 2523; x_wconf 70' lang='grc' dir='ltr'>ἕως</span> <span class='ocrx_word' id='word_1_407' title='bbox 3271 2461 3335 2516; x_wconf 83' lang='grc' dir='ltr'>τὸ</span> <span class='ocrx_word' id='word_1_408' title='bbox 3393 2466 3614 2538; x_wconf 80' lang='grc' dir='ltr'>Πνεῦμα</span> <span class='ocrx_word' id='word_1_409' title='bbox 3668 2466 3730 2520; x_wconf 84' lang='grc' dir='ltr'>τὸ</span> 
     </span>
    </p>
   </div>
   <div class='ocr_carea' id='block_1_57' title="bbox 2080 2544 3729 2629">
    <p class='ocr_par' dir='ltr' id='par_1_57' title="bbox 2080 2544 3729 2629">
     <span class='ocr_line' id='line_1_57' title="bbox 2080 2544 3729 2629; baseline 0.007 -30"><span class='ocrx_word' id='word_1_410' title='bbox 2080 2545 2232 2620; x_wconf 77' lang='grc' dir='ltr'>ἅγιον</span> <span class='ocrx_word' id='word_1_411' title='bbox 2266 2544 2447 2609; x_wconf 74' lang='grc' dir='ltr'>τύτοῖς</span> <span class='ocrx_word' id='word_1_412' title='bbox 2494 2551 2563 2621; x_wconf 80' lang='grc' dir='ltr'><strong>τῇ</strong></span> <span class='ocrx_word' id='word_1_413' title='bbox 2624 2553 2971 2623; x_wconf 82' lang='grc' dir='ltr'>Πεντηκοστῇ</span> <span class='ocrx_word' id='word_1_414' title='bbox 3028 2548 3400 2629; x_wconf 76' lang='grc' dir='ltr'>ἐπεφοίτησεν.</span> <span class='ocrx_word' id='word_1_415' title='bbox 3433 2553 3585 2609; x_wconf 83' lang='grc' dir='ltr'>Ἐπεὶ</span> <span class='ocrx_word' id='word_1_416' title='bbox 3641 2553 3729 2610; x_wconf 83' lang='grc' dir='ltr'>καὶ</span> 
     </span>
    </p>
   </div>
   <div class='ocr_carea' id='block_1_58' title="bbox 2082 2636 3727 2718">
    <p class='ocr_par' dir='ltr' id='par_1_58' title="bbox 2082 2636 3727 2718">
     <span class='ocr_line' id='line_1_58' title="bbox 2082 2636 3727 2718; baseline 0.006 -30"><span class='ocrx_word' id='word_1_417' title='bbox 2082 2636 2215 2706; x_wconf 83' lang='grc' dir='ltr'><strong>μετά</strong></span> <span class='ocrx_word' id='word_1_418' title='bbox 2243 2636 2340 2705; x_wconf 79' lang='grc' dir='ltr'>τὴν</span> <span class='ocrx_word' id='word_1_419' title='bbox 2374 2636 2660 2692; x_wconf 74' lang='grc' dir='ltr'>ἀνάστασιν</span> <span class='ocrx_word' id='word_1_420' title='bbox 2694 2639 2746 2693; x_wconf 76' lang='grc' dir='ltr'>οἱ</span> <span class='ocrx_word' id='word_1_421' title='bbox 2781 2639 2874 2711; x_wconf 73' lang='grc' dir='ltr'><strong>μὶν</strong></span> <span class='ocrx_word' id='word_1_422' title='bbox 2920 2636 3126 2702; x_wconf 82' lang='grc' dir='ltr'>ἰδόντες</span> <span class='ocrx_word' id='word_1_423' title='bbox 3174 2638 3334 2695; x_wconf 82' lang='grc' dir='ltr'>αύτὸν</span> <span class='ocrx_word' id='word_1_424' title='bbox 3393 2642 3727 2718; x_wconf 80' lang='grc' dir='ltr'>προσεκύνη-</span> 
     </span>
    </p>
   </div>
   <div class='ocr_carea' id='block_1_59' title="bbox 2078 2722 3730 2808">
    <p class='ocr_par' dir='ltr' id='par_1_59' title="bbox 2078 2722 3730 2808">
     <span class='ocr_line' id='line_1_59' title="bbox 2078 2722 3730 2808; baseline 0.006 -31"><span class='ocrx_word' id='word_1_425' title='bbox 2078 2745 2196 2797; x_wconf 66' lang='grc' dir='ltr'>σειν,</span> <span class='ocrx_word' id='word_1_426' title='bbox 2226 2726 2278 2778; x_wconf 81' lang='grc' dir='ltr'>οἱ</span> <span class='ocrx_word' id='word_1_427' title='bbox 2336 2722 2394 2780; x_wconf 76' lang='grc' dir='ltr'>δὲ</span> <span class='ocrx_word' id='word_1_428' title='bbox 2457 2723 2759 2796; x_wconf 69' lang='grc' dir='ltr'>ἐδίστασαν,</span> <span class='ocrx_word' id='word_1_429' title='bbox 2790 2726 2917 2784; x_wconf 82' lang='grc' dir='ltr'>ἀλλ’</span> <span class='ocrx_word' id='word_1_430' title='bbox 2948 2727 3047 2783; x_wconf 82' lang='grc' dir='ltr'>οὐκ</span> <span class='ocrx_word' id='word_1_431' title='bbox 3093 2727 3153 2784; x_wconf 75' lang='grc' dir='ltr'>ἐκ</span> <span class='ocrx_word' id='word_1_432' title='bbox 3191 2729 3388 2785; x_wconf 88' lang='grc' dir='ltr'>τούτου</span> <span class='ocrx_word' id='word_1_433' title='bbox 3417 2732 3730 2808; x_wconf 84' lang='grc' dir='ltr'>κατεκρίθη-</span> 
     </span>
    </p>
   </div>
   <div class='ocr_carea' id='block_1_60' title="bbox 2078 2811 3719 2893">
    <p class='ocr_par' dir='ltr' id='par_1_60' title="bbox 2078 2811 3719 2893">
     <span class='ocr_line' id='line_1_60' title="bbox 2078 2811 3719 2893; baseline 0.005 -26"><span class='ocrx_word' id='word_1_434' title='bbox 2078 2834 2193 2868; x_wconf 79' lang='grc' dir='ltr'>σαν’</span> <span class='ocrx_word' id='word_1_435' title='bbox 2228 2815 2279 2868; x_wconf 72' lang='grc' dir='ltr'>οἱ</span> <span class='ocrx_word' id='word_1_436' title='bbox 2313 2811 2369 2870; x_wconf 72' lang='grc' dir='ltr'>δὲ</span> <span class='ocrx_word' id='word_1_437' title='bbox 2402 2815 2476 2878; x_wconf 79' lang='grc' dir='ltr'><strong>εἰς</strong></span> <span class='ocrx_word' id='word_1_438' title='bbox 2504 2817 2567 2870; x_wconf 87' lang='grc' dir='ltr'>τὸ</span> <span class='ocrx_word' id='word_1_439' title='bbox 2600 2820 2814 2890; x_wconf 82' lang='grc' dir='ltr'>Πνεῦμα</span> <span class='ocrx_word' id='word_1_440' title='bbox 2842 2815 2904 2871; x_wconf 84' lang='grc' dir='ltr'>τὸ</span> <span class='ocrx_word' id='word_1_441' title='bbox 2935 2818 3109 2892; x_wconf 77' lang='grc' dir='ltr'>ἅγιον,</span> <span class='ocrx_word' id='word_1_442' title='bbox 3140 2816 3312 2893; x_wconf 67' lang='grc' dir='ltr'><strong>⁴ἤγουν</strong></span> <span class='ocrx_word' id='word_1_443' title='bbox 3344 2819 3422 2882; x_wconf 79' lang='grc' dir='ltr'>εἷς</span> <span class='ocrx_word' id='word_1_444' title='bbox 3479 2821 3577 2890; x_wconf 75' lang='grc' dir='ltr'>τὴν</span> <span class='ocrx_word' id='word_1_445' title='bbox 3626 2825 3719 2875; x_wconf 90' lang='grc' dir='ltr'><strong>τοῦ</strong></span> 
     </span>
    </p>
   </div>
   <div class='ocr_carea' id='block_1_61' title="bbox 2077 2904 3714 2986">
    <p class='ocr_par' dir='ltr' id='par_1_61' title="bbox 2077 2904 3714 2986">
     <span class='ocr_line' id='line_1_61' title="bbox 2077 2904 3714 2986; baseline 0.002 -27"><span class='ocrx_word' id='word_1_446' title='bbox 2077 2904 2312 2979; x_wconf 81' lang='grc' dir='ltr'>Χριττοῦ</span> <span class='ocrx_word' id='word_1_447' title='bbox 2371 2904 2620 2975; x_wconf 73' lang='grc' dir='ltr'>ϐιότητα,</span> <span class='ocrx_word' id='word_1_448' title='bbox 2659 2905 3110 2983; x_wconf 69' lang='grc' dir='ltr'>βλασφημοῦντες</span> <span class='ocrx_word' id='word_1_449' title='bbox 3170 2908 3259 2962; x_wconf 78' lang='grc' dir='ltr'>καὶ</span> <span class='ocrx_word' id='word_1_450' title='bbox 3324 2905 3586 2986; x_wconf 68' lang='grc' dir='ltr'>λέγοντες,</span> <span class='ocrx_word' id='word_1_451' title='bbox 3634 2908 3714 2963; x_wconf 64' lang='lat'><strong>6&#39;1:</strong></span> 
     </span>
    </p>
   </div>
   <div class='ocr_carea' id='block_1_62' title="bbox 2077 2989 3714 3071">
    <p class='ocr_par' dir='ltr' id='par_1_62' title="bbox 2077 2989 3714 3071">
     <span class='ocr_line' id='line_1_62' title="bbox 2077 2989 3714 3071; baseline 0.005 -27"><span class='ocrx_word' id='word_1_452' title='bbox 2077 3018 2103 3044; x_wconf 78' lang='grc' dir='ltr'>(ι</span> <span class='ocrx_word' id='word_1_453' title='bbox 2140 2994 2225 3050; x_wconf 82' lang='grc' dir='ltr'>Ἐν</span> <span class='ocrx_word' id='word_1_454' title='bbox 2262 2989 2594 3064; x_wconf 72' lang='grc' dir='ltr'>Βεελζεϐοὺλ</span> <span class='ocrx_word' id='word_1_455' title='bbox 2623 2993 2702 3066; x_wconf 78' lang='grc' dir='ltr'><strong>τῷ</strong></span> <span class='ocrx_word' id='word_1_456' title='bbox 2733 2993 2961 3071; x_wconf 79' lang='grc' dir='ltr'>ἄρχοντι</span> <span class='ocrx_word' id='word_1_457' title='bbox 2990 3001 3098 3051; x_wconf 82' lang='grc' dir='ltr'>τῶν</span> <span class='ocrx_word' id='word_1_458' title='bbox 3134 2994 3405 3070; x_wconf 81' lang='grc' dir='ltr'>δαιμόνων</span> <span class='ocrx_word' id='word_1_459' title='bbox 3460 2992 3714 3053; x_wconf 74' lang='grc' dir='ltr'>ἐκϐάλλει</span> 
     </span>
    </p>
   </div>
   <div class='ocr_carea' id='block_1_63' title="bbox 2073 3080 3718 3164">
    <p class='ocr_par' dir='ltr' id='par_1_63' title="bbox 2073 3080 3718 3164">
     <span class='ocr_line' id='line_1_63' title="bbox 2073 3080 3718 3164; baseline 0.004 -29"><span class='ocrx_word' id='word_1_460' title='bbox 2073 3081 2140 3136; x_wconf 75' lang='grc' dir='ltr'><strong>τὰ</strong></span> <span class='ocrx_word' id='word_1_461' title='bbox 2197 3080 2476 3155; x_wconf 79' lang='grc' dir='ltr'>δαιμόνια,</span> <span class='ocrx_word' id='word_1_462' title='bbox 2523 3108 2551 3134; x_wconf 83' lang='grc'><strong>››</strong></span> <span class='ocrx_word' id='word_1_463' title='bbox 2600 3082 2839 3154; x_wconf 81' lang='grc' dir='ltr'>τούτοις,</span> <span class='ocrx_word' id='word_1_464' title='bbox 2898 3086 3083 3162; x_wconf 66' lang='grc' dir='ltr'>φησὶν,</span> <span class='ocrx_word' id='word_1_465' title='bbox 3142 3111 3167 3137; x_wconf 87' lang='grc'><strong>‹‹</strong></span> <span class='ocrx_word' id='word_1_466' title='bbox 3229 3086 3344 3141; x_wconf 73' lang='grc' dir='ltr'><strong>Οὐκ</strong></span> <span class='ocrx_word' id='word_1_467' title='bbox 3399 3087 3718 3164; x_wconf 70' lang='grc' dir='ltr'>ἀφεθήσεται</span> 
     </span>
    </p>
   </div>
   <div class='ocr_carea' id='block_1_64' title="bbox 311 3168 1967 3252">
    <p class='ocr_par' dir='ltr' id='par_1_64' title="bbox 311 3170 1965 3252">
     <span class='ocr_line' id='line_1_64' title="bbox 311 3170 1965 3252; baseline -0.005 -18"><span class='ocrx_word' id='word_1_468' title='bbox 311 3177 578 3252; x_wconf 87' lang='lat' dir='ltr'><strong>phemias</strong></span> <span class='ocrx_word' id='word_1_469' title='bbox 612 3175 944 3250; x_wconf 88' lang='lat' dir='ltr'><strong>protulerit,</strong></span> <span class='ocrx_word' id='word_1_470' title='bbox 978 3177 1034 3231; x_wconf 87' lang='lat' dir='ltr'><strong>et</strong></span> <span class='ocrx_word' id='word_1_471' title='bbox 1058 3174 1241 3247; x_wconf 89' lang='lat' dir='ltr'><strong>egerit</strong></span> <span class='ocrx_word' id='word_1_472' title='bbox 1270 3172 1698 3246; x_wconf 86' lang='lat' dir='ltr'><strong>pcnnitentiam,</strong></span> <span class='ocrx_word' id='word_1_473' title='bbox 1729 3170 1816 3226; x_wconf 91' lang='lat' dir='ltr'><strong>illi</strong></span> <span class='ocrx_word' id='word_1_474' title='bbox 1851 3187 1965 3227; x_wconf 89' lang='lat' dir='ltr'><strong>non</strong></span> 
     </span>
    </p>
   </div>
   <div class='ocr_carea' id='block_1_65' title="bbox 2079 3168 3721 3252">
    <p class='ocr_par' dir='ltr' id='par_1_65' title="bbox 2079 3168 3721 3249">
     <span class='ocr_line' id='line_1_65' title="bbox 2079 3168 3721 3249; baseline 0.004 -24"><span class='ocrx_word' id='word_1_475' title='bbox 2079 3168 2200 3226; x_wconf 75' lang='grc' dir='ltr'>οὐδὲ</span> <span class='ocrx_word' id='word_1_476' title='bbox 2230 3171 2281 3225; x_wconf 81' lang='grc' dir='ltr'>ὲν</span> <span class='ocrx_word' id='word_1_477' title='bbox 2308 3172 2388 3244; x_wconf 78' lang='grc' dir='ltr'>τῷ</span> <span class='ocrx_word' id='word_1_478' title='bbox 2418 3176 2509 3226; x_wconf 91' lang='grc' dir='ltr'><strong>νῦν</strong></span> <span class='ocrx_word' id='word_1_479' title='bbox 2542 3172 2696 3227; x_wconf 75' lang='grc' dir='ltr'>αῗῶνι</span> <span class='ocrx_word' id='word_1_480' title='bbox 2755 3170 2881 3229; x_wconf 69' lang='grc' dir='ltr'>οὐδὲ</span> <span class='ocrx_word' id='word_1_481' title='bbox 2934 3173 2983 3230; x_wconf 76' lang='grc' dir='ltr'>ἐν</span> <span class='ocrx_word' id='word_1_482' title='bbox 3045 3179 3123 3246; x_wconf 84' lang='grc' dir='ltr'>τῷ</span> <span class='ocrx_word' id='word_1_483' title='bbox 3182 3173 3463 3249; x_wconf 65' lang='grc' dir='ltr'>μέλλοντι.</span> <span class='ocrx_word' id='word_1_484' title='bbox 3498 3199 3524 3228; x_wconf 78' lang='grc' dir='ltr'>ι)</span> <span class='ocrx_word' id='word_1_485' title='bbox 3565 3174 3721 3245; x_wconf 78' lang='grc' dir='ltr'>Πλήν</span> 
     </span>
    </p>
   </div>
   <div class='ocr_carea' id='block_1_66' title="bbox 310 3250 1967 3340">
    <p class='ocr_par' dir='ltr' id='par_1_66' title="bbox 310 3250 1962 3337">
     <span class='ocr_line' id='line_1_66' title="bbox 310 3250 1962 3337; baseline -0.007 -12"><span class='ocrx_word' id='word_1_486' title='bbox 310 3250 671 3336; x_wconf 78' lang='lat' dir='ltr'><strong>remittetur,</strong></span> <span class='ocrx_word' id='word_1_487' title='bbox 729 3265 830 3322; x_wconf 88' lang='lat' dir='ltr'><strong>sed</strong></span> <span class='ocrx_word' id='word_1_488' title='bbox 876 3264 977 3336; x_wconf 89' lang='lat' dir='ltr'><strong>qui</strong></span> <span class='ocrx_word' id='word_1_489' title='bbox 1008 3262 1408 3337; x_wconf 84' lang='lat' dir='ltr'><strong>blasphemiae</strong></span> <span class='ocrx_word' id='word_1_490' title='bbox 1441 3262 1681 3335; x_wconf 79' lang='lat' dir='ltr'><strong>profert,</strong></span> <span class='ocrx_word' id='word_1_491' title='bbox 1715 3259 1835 3317; x_wconf 88' lang='lat' dir='ltr'><strong>sive</strong></span> <span class='ocrx_word' id='word_1_492' title='bbox 1865 3259 1962 3333; x_wconf 93' lang='lat' dir='ltr'><strong>qui</strong></span> 
     </span>
    </p>
   </div>
   <div class='ocr_carea' id='block_1_67' title="bbox 2079 3250 3725 3340">
    <p class='ocr_par' dir='ltr' id='par_1_67' title="bbox 2079 3260 3725 3340">
     <span class='ocr_line' id='line_1_67' title="bbox 2079 3260 3725 3340; baseline 0.004 -25"><span class='ocrx_word' id='word_1_493' title='bbox 2079 3260 2483 3334; x_wconf 71' lang='grc' dir='ltr'>σημειώσασθαι</span> <span class='ocrx_word' id='word_1_494' title='bbox 2539 3263 2675 3337; x_wconf 77' lang='grc' dir='ltr'>χρὴ,</span> <span class='ocrx_word' id='word_1_495' title='bbox 2704 3261 2786 3317; x_wconf 75' lang='grc' dir='ltr'><strong>ὅτι</strong></span> <span class='ocrx_word' id='word_1_496' title='bbox 2846 3263 2945 3319; x_wconf 81' lang='grc' dir='ltr'><strong>οῦκ</strong></span> <span class='ocrx_word' id='word_1_497' title='bbox 2993 3265 3137 3319; x_wconf 81' lang='grc' dir='ltr'>εἶπεν</span> <span class='ocrx_word' id='word_1_498' title='bbox 3169 3265 3196 3319; x_wconf 89' lang='grc' dir='ltr'>ὁ</span> <span class='ocrx_word' id='word_1_499' title='bbox 3246 3265 3476 3340; x_wconf 81' lang='grc' dir='ltr'>Χριστὸς</span> <span class='ocrx_word' id='word_1_500' title='bbox 3507 3267 3615 3339; x_wconf 78' lang='grc'>(25)</span> <span class='ocrx_word' id='word_1_501' title='bbox 3643 3269 3725 3338; x_wconf 76' lang='grc' dir='ltr'>τῷ</span> 
     </span>
    </p>
   </div>
   <div class='ocr_carea' id='block_1_68' title="bbox 305 3349 1960 3427">
    <p class='ocr_par' dir='ltr' id='par_1_68' title="bbox 305 3349 1960 3427">
     <span class='ocr_line' id='line_1_68' title="bbox 305 3349 1960 3427; baseline -0.005 -14"><span class='ocrx_word' id='word_1_502' title='bbox 305 3359 364 3415; x_wconf 92' lang='lat' dir='ltr'><strong>in</strong></span> <span class='ocrx_word' id='word_1_503' title='bbox 400 3354 785 3427; x_wconf 86' lang='lat' dir='ltr'><strong>blasphemiis</strong></span> <span class='ocrx_word' id='word_1_504' title='bbox 826 3358 1179 3427; x_wconf 83' lang='lat' dir='ltr'><strong>perseverat.</strong></span> <span class='ocrx_word' id='word_1_505' title='bbox 1214 3350 1454 3407; x_wconf 90' lang='lat' dir='ltr'><strong>Nullum</strong></span> <span class='ocrx_word' id='word_1_506' title='bbox 1498 3349 1654 3406; x_wconf 91' lang='lat' dir='ltr'><strong>enim</strong></span> <span class='ocrx_word' id='word_1_507' title='bbox 1689 3353 1778 3404; x_wconf 90' lang='lat' dir='ltr'><strong>est</strong></span> <span class='ocrx_word' id='word_1_508' title='bbox 1827 3365 1960 3421; x_wconf 88' lang='lat' dir='ltr'><strong>peo-</strong></span> 
     </span>
    </p>
   </div>
   <div class='ocr_carea' id='block_1_69' title="bbox 306 3439 1964 3517">
    <p class='ocr_par' dir='ltr' id='par_1_69' title="bbox 306 3439 1964 3517">
     <span class='ocr_line' id='line_1_69' title="bbox 306 3439 1964 3517; baseline -0.004 -14"><span class='ocrx_word' id='word_1_509' title='bbox 306 3451 501 3505; x_wconf 83' lang='lat' dir='ltr'><strong>catum</strong></span> <span class='ocrx_word' id='word_1_510' title='bbox 532 3445 686 3517; x_wconf 92' lang='lat' dir='ltr'><strong>quod</strong></span> <span class='ocrx_word' id='word_1_511' title='bbox 720 3460 834 3499; x_wconf 93' lang='lat' dir='ltr'><strong>non</strong></span> <span class='ocrx_word' id='word_1_512' title='bbox 866 3443 1154 3498; x_wconf 90' lang='lat' dir='ltr'><strong>condonet</strong></span> <span class='ocrx_word' id='word_1_513' title='bbox 1185 3440 1339 3497; x_wconf 88' lang='lat' dir='ltr'><strong>Deus</strong></span> <span class='ocrx_word' id='word_1_514' title='bbox 1367 3440 1441 3496; x_wconf 89' lang='lat' dir='ltr'><strong>iis</strong></span> <span class='ocrx_word' id='word_1_515' title='bbox 1470 3440 1566 3510; x_wconf 89' lang='lat' dir='ltr'><strong>qui</strong></span> <span class='ocrx_word' id='word_1_516' title='bbox 1592 3439 1882 3496; x_wconf 87' lang='lat' dir='ltr'><strong>sinceram</strong></span> <span class='ocrx_word' id='word_1_517' title='bbox 1905 3441 1964 3496; x_wconf 86' lang='lat' dir='ltr'><strong>et</strong></span> 
     </span>
    </p>
   </div>
   <div class='ocr_carea' id='block_1_70' title="bbox 308 3530 1218 3608">
    <p class='ocr_par' dir='ltr' id='par_1_70' title="bbox 308 3530 1218 3608">
     <span class='ocr_line' id='line_1_70' title="bbox 308 3530 1218 3608; baseline -0.009 -16"><span class='ocrx_word' id='word_1_518' title='bbox 308 3536 545 3608; x_wconf 80' lang='lat' dir='ltr'><strong>dignam</strong></span> <span class='ocrx_word' id='word_1_519' title='bbox 580 3536 761 3605; x_wconf 85' lang='lat' dir='ltr'><strong>agunt</strong></span> <span class='ocrx_word' id='word_1_520' title='bbox 792 3530 1218 3605; x_wconf 68' lang='lat' dir='ltr'><strong>paenitentiam.</strong></span> 
     </span>
    </p>
   </div>
   <div class='ocr_carea' id='block_1_71' title="bbox 382 3797 1961 3870">
    <p class='ocr_par' dir='ltr' id='par_1_71' title="bbox 382 3797 1961 3870">
     <span class='ocr_line' id='line_1_71' title="bbox 382 3797 1961 3870; baseline -0.004 -11"><span class='ocrx_word' id='word_1_521' title='bbox 382 3804 610 3869; x_wconf 64' lang='lat' dir='ltr'><strong>QUIEST.</strong></span> <span class='ocrx_word' id='word_1_522' title='bbox 648 3798 931 3857; x_wconf 84' lang='lat' dir='ltr'><strong>LXXXIII.</strong></span> <span class='ocrx_word' id='word_1_523' title='bbox 964 3798 1111 3863; x_wconf 89' lang='lat' dir='ltr'><strong>Quid</strong></span> <span class='ocrx_word' id='word_1_524' title='bbox 1135 3814 1271 3870; x_wconf 87' lang='lat' dir='ltr'><strong>ergo</strong></span> <span class='ocrx_word' id='word_1_525' title='bbox 1290 3798 1318 3853; x_wconf 82' lang='lat'><strong>?</strong></span> <span class='ocrx_word' id='word_1_526' title='bbox 1343 3797 1655 3856; x_wconf 90' lang='lat' dir='ltr'><strong>Veniamne</strong></span> <span class='ocrx_word' id='word_1_527' title='bbox 1682 3797 1961 3869; x_wconf 78' lang='lat' dir='ltr'><strong>poeniten-</strong></span> 
     </span>
    </p>
   </div>
   <div class='ocr_carea' id='block_1_72' title="bbox 306 3885 1958 3962">
    <p class='ocr_par' dir='ltr' id='par_1_72' title="bbox 306 3885 1958 3962">
     <span class='ocr_line' id='line_1_72' title="bbox 306 3885 1958 3962; baseline -0.002 -16"><span class='ocrx_word' id='word_1_528' title='bbox 306 3891 391 3948; x_wconf 91' lang='lat' dir='ltr'><strong>tia</strong></span> <span class='ocrx_word' id='word_1_529' title='bbox 419 3891 471 3948; x_wconf 91' lang='lat' dir='ltr'><strong>is</strong></span> <span class='ocrx_word' id='word_1_530' title='bbox 502 3890 884 3962; x_wconf 87' lang='lat' dir='ltr'><strong>consequitur</strong></span> <span class='ocrx_word' id='word_1_531' title='bbox 916 3887 1013 3959; x_wconf 89' lang='lat' dir='ltr'><strong>qui</strong></span> <span class='ocrx_word' id='word_1_532' title='bbox 1047 3886 1345 3943; x_wconf 90' lang='lat' dir='ltr'><strong>Christum</strong></span> <span class='ocrx_word' id='word_1_533' title='bbox 1377 3891 1572 3960; x_wconf 86' lang='lat' dir='ltr'><strong>negat,</strong></span> <span class='ocrx_word' id='word_1_534' title='bbox 1608 3891 1659 3943; x_wconf 88' lang='lat' dir='ltr'><strong>et</strong></span> <span class='ocrx_word' id='word_1_535' title='bbox 1686 3885 1958 3959; x_wconf 79' lang='lat' dir='ltr'><strong>blasphe-</strong></span> 
     </span>
    </p>
   </div>
   <div class='ocr_carea' id='block_1_73' title="bbox 307 3975 1494 4051">
    <p class='ocr_par' dir='ltr' id='par_1_73' title="bbox 307 3975 1494 4051">
     <span class='ocr_line' id='line_1_73' title="bbox 307 3975 1494 4051; baseline -0.004 -15"><span class='ocrx_word' id='word_1_536' title='bbox 307 3981 490 4037; x_wconf 89' lang='lat' dir='ltr'><strong>miam</strong></span> <span class='ocrx_word' id='word_1_537' title='bbox 522 3979 581 4035; x_wconf 91' lang='lat' dir='ltr'><strong>in</strong></span> <span class='ocrx_word' id='word_1_538' title='bbox 615 3978 896 4051; x_wconf 88' lang='lat' dir='ltr'><strong>Spiritum</strong></span> <span class='ocrx_word' id='word_1_539' title='bbox 931 3980 1203 4032; x_wconf 88' lang='lat' dir='ltr'><strong>sanctum</strong></span> <span class='ocrx_word' id='word_1_540' title='bbox 1237 3975 1494 4049; x_wconf 78' lang='lat' dir='ltr'><strong>profert?</strong></span> 
     </span>
    </p>
   </div>
   <div class='ocr_carea' id='block_1_74' title="bbox 377 4064 1956 4139">
    <p class='ocr_par' dir='ltr' id='par_1_74' title="bbox 377 4064 1956 4139">
     <span class='ocr_line' id='line_1_74' title="bbox 377 4064 1956 4139; baseline -0.003 -13"><span class='ocrx_word' id='word_1_541' title='bbox 377 4069 550 4125; x_wconf 70' lang='grc' dir='ltr'>ἢπερ.</span> <span class='ocrx_word' id='word_1_542' title='bbox 581 4066 718 4122; x_wconf 90' lang='lat' dir='ltr'><strong>Tria</strong></span> <span class='ocrx_word' id='word_1_543' title='bbox 741 4066 1122 4138; x_wconf 81' lang='lat' dir='ltr'><strong>baptismata,</strong></span> <span class='ocrx_word' id='word_1_544' title='bbox 1170 4082 1301 4137; x_wconf 60' lang='lat' dir='ltr'><strong>quis</strong></span> <span class='ocrx_word' id='word_1_545' title='bbox 1356 4064 1601 4139; x_wconf 84' lang='lat' dir='ltr'><strong>quodvis</strong></span> <span class='ocrx_word' id='word_1_546' title='bbox 1649 4069 1956 4138; x_wconf 88' lang='lat' dir='ltr'><strong>peccatum</strong></span> 
     </span>
    </p>
   </div>
   <div class='ocr_carea' id='block_1_75' title="bbox 302 4155 1953 4230">
    <p class='ocr_par' dir='ltr' id='par_1_75' title="bbox 302 4155 1953 4230">
     <span class='ocr_line' id='line_1_75' title="bbox 302 4155 1953 4230; baseline -0.002 -16"><span class='ocrx_word' id='word_1_547' title='bbox 302 4157 534 4230; x_wconf 84' lang='lat' dir='ltr'><strong>expiare</strong></span> <span class='ocrx_word' id='word_1_548' title='bbox 562 4156 810 4228; x_wconf 87' lang='lat' dir='ltr'><strong>possint,</strong></span> <span class='ocrx_word' id='word_1_549' title='bbox 841 4155 995 4211; x_wconf 89' lang='lat' dir='ltr'><strong>Deus</strong></span> <span class='ocrx_word' id='word_1_550' title='bbox 1025 4159 1246 4211; x_wconf 76' lang='lat' dir='ltr'><strong>natura:</strong></span> <span class='ocrx_word' id='word_1_551' title='bbox 1276 4155 1584 4211; x_wconf 90' lang='lat' dir='ltr'><strong>hominum</strong></span> <span class='ocrx_word' id='word_1_552' title='bbox 1618 4155 1909 4212; x_wconf 88' lang='lat' dir='ltr'><strong>concessit</strong></span> <span class='ocrx_word' id='word_1_553' title='bbox 1940 4173 1953 4211; x_wconf 90' lang='lat'>:</span> 
     </span>
    </p>
   </div>
   <div class='ocr_carea' id='block_1_76' title="bbox 305 4246 1959 4319">
    <p class='ocr_par' dir='ltr' id='par_1_76' title="bbox 305 4246 1959 4319">
     <span class='ocr_line' id='line_1_76' title="bbox 305 4246 1959 4319; baseline -0.001 -16"><span class='ocrx_word' id='word_1_554' title='bbox 305 4262 517 4319; x_wconf 89' lang='lat' dir='ltr'><strong>nempe</strong></span> <span class='ocrx_word' id='word_1_555' title='bbox 547 4263 733 4319; x_wconf 70' lang='lat' dir='ltr'><strong>aquae,</strong></span> <span class='ocrx_word' id='word_1_556' title='bbox 766 4246 988 4319; x_wconf 89' lang='lat' dir='ltr'><strong>proprii</strong></span> <span class='ocrx_word' id='word_1_557' title='bbox 1018 4246 1324 4319; x_wconf 82' lang='lat' dir='ltr'><strong>sanguinis</strong></span> <span class='ocrx_word' id='word_1_558' title='bbox 1355 4263 1456 4318; x_wconf 89' lang='lat' dir='ltr'><strong>per</strong></span> <span class='ocrx_word' id='word_1_559' title='bbox 1487 4248 1854 4319; x_wconf 81' lang='lat' dir='ltr'><strong>martyrium,</strong></span> <span class='ocrx_word' id='word_1_560' title='bbox 1900 4250 1959 4307; x_wconf 86' lang='lat' dir='ltr'><strong>et</strong></span> 
     </span>
    </p>
   </div>
   <div class='ocr_carea' id='block_1_77' title="bbox 303 4336 1956 4409">
    <p class='ocr_par' dir='ltr' id='par_1_77' title="bbox 303 4336 1956 4409">
     <span class='ocr_line' id='line_1_77' title="bbox 303 4336 1956 4409; baseline -0.001 -17"><span class='ocrx_word' id='word_1_561' title='bbox 303 4337 543 4392; x_wconf 89' lang='lat' dir='ltr'><strong>tertium</strong></span> <span class='ocrx_word' id='word_1_562' title='bbox 579 4353 680 4409; x_wconf 92' lang='lat' dir='ltr'><strong>per</strong></span> <span class='ocrx_word' id='word_1_563' title='bbox 707 4336 1014 4409; x_wconf 82' lang='lat' dir='ltr'><strong>iacrymas,</strong></span> <span class='ocrx_word' id='word_1_564' title='bbox 1057 4352 1160 4407; x_wconf 91' lang='lat' dir='ltr'><strong>per</strong></span> <span class='ocrx_word' id='word_1_565' title='bbox 1204 4337 1358 4407; x_wconf 89' lang='lat' dir='ltr'><strong>quod</strong></span> <span class='ocrx_word' id='word_1_566' title='bbox 1408 4340 1655 4408; x_wconf 89' lang='lat' dir='ltr'><strong>purgata</strong></span> <span class='ocrx_word' id='word_1_567' title='bbox 1703 4341 1792 4391; x_wconf 87' lang='lat' dir='ltr'><strong>est</strong></span> <span class='ocrx_word' id='word_1_568' title='bbox 1837 4351 1956 4391; x_wconf 89' lang='lat' dir='ltr'><strong>me-</strong></span> 
     </span>
    </p>
   </div>
   <div class='ocr_carea' id='block_1_78' title="bbox 302 4424 1954 4498">
    <p class='ocr_par' dir='ltr' id='par_1_78' title="bbox 302 4424 1954 4498">
     <span class='ocr_line' id='line_1_78' title="bbox 302 4424 1954 4498; baseline -0.001 -17"><span class='ocrx_word' id='word_1_569' title='bbox 302 4426 484 4497; x_wconf 84' lang='lat' dir='ltr'><strong>retrix</strong></span> <span class='ocrx_word' id='word_1_570' title='bbox 511 4426 576 4481; x_wconf 74' lang='grc'><strong>³⁸.</strong></span> <span class='ocrx_word' id='word_1_571' title='bbox 610 4430 739 4498; x_wconf 87' lang='lat' dir='ltr'><strong>Ipse</strong></span> <span class='ocrx_word' id='word_1_572' title='bbox 770 4428 910 4482; x_wconf 89' lang='lat' dir='ltr'><strong>item</strong></span> <span class='ocrx_word' id='word_1_573' title='bbox 951 4428 1288 4481; x_wconf 86' lang='lat' dir='ltr'><strong>sanctorum</strong></span> <span class='ocrx_word' id='word_1_574' title='bbox 1340 4424 1739 4496; x_wconf 89' lang='lat' dir='ltr'><strong>apostolorum</strong></span> <span class='ocrx_word' id='word_1_575' title='bbox 1790 4440 1954 4498; x_wconf 79' lang='lat' dir='ltr'><strong>cory-</strong></span> 
     </span>
    </p>
   </div>
   <div class='ocr_carea' id='block_1_79' title="bbox 302 4512 1956 4586">
    <p class='ocr_par' dir='ltr' id='par_1_79' title="bbox 302 4512 1956 4586">
     <span class='ocr_line' id='line_1_79' title="bbox 302 4512 1956 4586; baseline -0.001 -16"><span class='ocrx_word' id='word_1_576' title='bbox 302 4514 503 4583; x_wconf 72' lang='lat' dir='ltr'><strong>pbzeus</strong></span> <span class='ocrx_word' id='word_1_577' title='bbox 551 4519 758 4571; x_wconf 88' lang='lat' dir='ltr'><strong>Petrus</strong></span> <span class='ocrx_word' id='word_1_578' title='bbox 803 4515 949 4570; x_wconf 87' lang='lat' dir='ltr'><strong>fusis</strong></span> <span class='ocrx_word' id='word_1_579' title='bbox 987 4517 1120 4586; x_wconf 88' lang='lat' dir='ltr'><strong>post</strong></span> <span class='ocrx_word' id='word_1_580' title='bbox 1150 4512 1520 4585; x_wconf 83' lang='lat' dir='ltr'><strong>negationem</strong></span> <span class='ocrx_word' id='word_1_581' title='bbox 1553 4513 1829 4585; x_wconf 83' lang='lat' dir='ltr'><strong>lacrymis</strong></span> <span class='ocrx_word' id='word_1_582' title='bbox 1861 4530 1956 4569; x_wconf 88' lang='lat' dir='ltr'><strong>ac-</strong></span> 
     </span>
    </p>
   </div>
   <div class='ocr_carea' id='block_1_80' title="bbox 302 4599 1956 4673">
    <p class='ocr_par' dir='ltr' id='par_1_80' title="bbox 302 4599 1956 4673">
     <span class='ocr_line' id='line_1_80' title="bbox 302 4599 1956 4673; baseline 0.001 -17"><span class='ocrx_word' id='word_1_583' title='bbox 302 4609 508 4673; x_wconf 90' lang='lat' dir='ltr'><strong>ceptus</strong></span> <span class='ocrx_word' id='word_1_584' title='bbox 540 4608 628 4657; x_wconf 90' lang='lat' dir='ltr'><strong>est</strong></span> <span class='ocrx_word' id='word_1_585' title='bbox 654 4606 711 4657; x_wconf 91' lang='lat' dir='ltr'><strong>et</strong></span> <span class='ocrx_word' id='word_1_586' title='bbox 739 4607 1024 4657; x_wconf 90' lang='lat' dir='ltr'><strong>servatus.</strong></span> <span class='ocrx_word' id='word_1_587' title='bbox 1058 4600 1222 4663; x_wconf 87' lang='lat' dir='ltr'><strong>Quod</strong></span> <span class='ocrx_word' id='word_1_588' title='bbox 1255 4601 1302 4656; x_wconf 90' lang='lat' dir='ltr'><strong>si</strong></span> <span class='ocrx_word' id='word_1_589' title='bbox 1334 4599 1546 4655; x_wconf 91' lang='lat' dir='ltr'><strong>Christi</strong></span> <span class='ocrx_word' id='word_1_590' title='bbox 1590 4601 1825 4671; x_wconf 81' lang='lat' dir='ltr'><strong>negatio</strong></span> <span class='ocrx_word' id='word_1_591' title='bbox 1868 4617 1956 4657; x_wconf 85' lang='lat' dir='ltr'><strong>re-</strong></span> 
     </span>
    </p>
   </div>
   <div class='ocr_carea' id='block_1_81' title="bbox 304 4688 1960 4761">
    <p class='ocr_par' dir='ltr' id='par_1_81' title="bbox 304 4688 1960 4761">
     <span class='ocr_line' id='line_1_81' title="bbox 304 4688 1960 4761; baseline 0 -17"><span class='ocrx_word' id='word_1_592' title='bbox 304 4690 577 4757; x_wconf 90' lang='lat' dir='ltr'><strong>mittitur,</strong></span> <span class='ocrx_word' id='word_1_593' title='bbox 609 4708 723 4745; x_wconf 92' lang='lat' dir='ltr'><strong>non</strong></span> <span class='ocrx_word' id='word_1_594' title='bbox 756 4696 954 4745; x_wconf 89' lang='lat' dir='ltr'><strong>autem</strong></span> <span class='ocrx_word' id='word_1_595' title='bbox 982 4690 1239 4761; x_wconf 88' lang='lat' dir='ltr'><strong>Spiritus</strong></span> <span class='ocrx_word' id='word_1_596' title='bbox 1269 4688 1459 4745; x_wconf 87' lang='lat' dir='ltr'><strong>sancti</strong></span> <span class='ocrx_word' id='word_1_597' title='bbox 1492 4689 1743 4761; x_wconf 89' lang='lat' dir='ltr'><strong>negatio,</strong></span> <span class='ocrx_word' id='word_1_598' title='bbox 1767 4689 1960 4761; x_wconf 88' lang='lat' dir='ltr'><strong>sequi-</strong></span> 
     </span>
    </p>
   </div>
   <div class='ocr_carea' id='block_1_82' title="bbox 301 4777 1958 4852">
    <p class='ocr_par' dir='ltr' id='par_1_82' title="bbox 301 4777 1958 4852">
     <span class='ocr_line' id='line_1_82' title="bbox 301 4777 1958 4852; baseline 0.001 -19"><span class='ocrx_word' id='word_1_599' title='bbox 301 4783 400 4834; x_wconf 88' lang='lat' dir='ltr'><strong>tur</strong></span> <span class='ocrx_word' id='word_1_600' title='bbox 425 4782 491 4835; x_wconf 91' lang='lat' dir='ltr'><strong>ut</strong></span> <span class='ocrx_word' id='word_1_601' title='bbox 517 4778 699 4834; x_wconf 89' lang='lat' dir='ltr'><strong>Filius</strong></span> <span class='ocrx_word' id='word_1_602' title='bbox 731 4778 973 4834; x_wconf 91' lang='lat' dir='ltr'><strong>inferior</strong></span> <span class='ocrx_word' id='word_1_603' title='bbox 1002 4779 1080 4834; x_wconf 91' lang='lat' dir='ltr'><strong>sit</strong></span> <span class='ocrx_word' id='word_1_604' title='bbox 1097 4777 1314 4850; x_wconf 90' lang='lat' dir='ltr'><strong>Spiritu</strong></span> <span class='ocrx_word' id='word_1_605' title='bbox 1345 4781 1568 4834; x_wconf 86' lang='lat' dir='ltr'><strong>sancto.</strong></span> <span class='ocrx_word' id='word_1_606' title='bbox 1602 4778 1755 4834; x_wconf 82' lang='lat' dir='ltr'><strong>Audi</strong></span> <span class='ocrx_word' id='word_1_607' title='bbox 1786 4795 1958 4852; x_wconf 88' lang='lat' dir='ltr'><strong>porro</strong></span> 
     </span>
    </p>
   </div>
   <div class='ocr_carea' id='block_1_83' title="bbox 300 4866 1959 4939">
    <p class='ocr_par' dir='ltr' id='par_1_83' title="bbox 300 4866 1959 4939">
     <span class='ocr_line' id='line_1_83' title="bbox 300 4866 1959 4939; baseline 0.002 -17"><span class='ocrx_word' id='word_1_608' title='bbox 300 4867 615 4939; x_wconf 73' lang='lat' dir='ltr'><strong>Scriptum</strong></span> <span class='ocrx_word' id='word_1_609' title='bbox 647 4866 1078 4936; x_wconf 89' lang='lat' dir='ltr'><strong>testimonium,</strong></span> <span class='ocrx_word' id='word_1_610' title='bbox 1112 4883 1218 4923; x_wconf 90' lang='lat' dir='ltr'><strong>nec</strong></span> <span class='ocrx_word' id='word_1_611' title='bbox 1266 4868 1497 4924; x_wconf 87' lang='lat' dir='ltr'><strong>credere</strong></span> <span class='ocrx_word' id='word_1_612' title='bbox 1546 4868 1777 4924; x_wconf 83' lang='lat' dir='ltr'><strong>dubites</strong></span> <span class='ocrx_word' id='word_1_613' title='bbox 1827 4866 1959 4925; x_wconf 90' lang='lat' dir='ltr'><strong>nul-</strong></span> 
     </span>
    </p>
   </div>
   <div class='ocr_carea' id='block_1_84' title="bbox 300 4955 1959 5029">
    <p class='ocr_par' dir='ltr' id='par_1_84' title="bbox 300 4955 1959 5029">
     <span class='ocr_line' id='line_1_84' title="bbox 300 4955 1959 5029; baseline 0.001 -18"><span class='ocrx_word' id='word_1_614' title='bbox 300 4955 427 5012; x_wconf 89' lang='lat' dir='ltr'><strong>lum</strong></span> <span class='ocrx_word' id='word_1_615' title='bbox 459 4956 709 5029; x_wconf 81' lang='lat' dir='ltr'><strong>quodvis</strong></span> <span class='ocrx_word' id='word_1_616' title='bbox 743 4962 1047 5028; x_wconf 87' lang='lat' dir='ltr'><strong>peccatum</strong></span> <span class='ocrx_word' id='word_1_617' title='bbox 1076 4974 1229 5028; x_wconf 89' lang='lat' dir='ltr'><strong>esse,</strong></span> <span class='ocrx_word' id='word_1_618' title='bbox 1259 4958 1415 5028; x_wconf 89' lang='lat' dir='ltr'><strong>quod</strong></span> <span class='ocrx_word' id='word_1_619' title='bbox 1451 4957 1549 5012; x_wconf 86' lang='lat' dir='ltr'><strong>Dei</strong></span> <span class='ocrx_word' id='word_1_620' title='bbox 1583 4956 1959 5015; x_wconf 87' lang='lat' dir='ltr'><strong>clementiam</strong></span> 
     </span>
    </p>
   </div>
   <div class='ocr_carea' id='block_1_85' title="bbox 304 5046 1959 5118">
    <p class='ocr_par' dir='ltr' id='par_1_85' title="bbox 304 5046 1959 5118">
     <span class='ocr_line' id='line_1_85' title="bbox 304 5046 1959 5118; baseline 0.002 -17"><span class='ocrx_word' id='word_1_621' title='bbox 304 5046 518 5103; x_wconf 90' lang='lat' dir='ltr'><strong>vincat.</strong></span> <span class='ocrx_word' id='word_1_622' title='bbox 555 5047 709 5103; x_wconf 73' lang='lat'><strong>234</strong></span> <span class='ocrx_word' id='word_1_623' title='bbox 743 5046 836 5101; x_wconf 91' lang='lat' dir='ltr'><strong>Sic</strong></span> <span class='ocrx_word' id='word_1_624' title='bbox 870 5046 1046 5118; x_wconf 88' lang='lat' dir='ltr'><strong>igitur</strong></span> <span class='ocrx_word' id='word_1_625' title='bbox 1074 5046 1231 5103; x_wconf 90' lang='lat' dir='ltr'><strong>Deus</strong></span> <span class='ocrx_word' id='word_1_626' title='bbox 1260 5046 1520 5118; x_wconf 87' lang='lat' dir='ltr'><strong>loquitur</strong></span> <span class='ocrx_word' id='word_1_627' title='bbox 1552 5064 1652 5118; x_wconf 88' lang='lat' dir='ltr'><strong>per</strong></span> <span class='ocrx_word' id='word_1_628' title='bbox 1692 5048 1959 5105; x_wconf 86' lang='lat' dir='ltr'><strong>Ezechie-</strong></span> 
     </span>
    </p>
   </div>
   <div class='ocr_carea' id='block_1_86' title="bbox 301 5133 1963 5208">
    <p class='ocr_par' dir='ltr' id='par_1_86' title="bbox 301 5133 1963 5208">
     <span class='ocr_line' id='line_1_86' title="bbox 301 5133 1963 5208; baseline 0.003 -19"><span class='ocrx_word' id='word_1_629' title='bbox 301 5133 418 5192; x_wconf 88' lang='lat' dir='ltr'><strong>Iem</strong></span> <span class='ocrx_word' id='word_1_630' title='bbox 453 5134 801 5208; x_wconf 89' lang='lat' dir='ltr'><strong>prophetam</strong></span> <span class='ocrx_word' id='word_1_631' title='bbox 846 5152 860 5190; x_wconf 90' lang='lat'>:</span> <span class='ocrx_word' id='word_1_632' title='bbox 913 5159 941 5185; x_wconf 87' lang='grc'><strong>‹‹</strong></span> <span class='ocrx_word' id='word_1_633' title='bbox 993 5135 1133 5192; x_wconf 80' lang='lat' dir='ltr'><strong>Vivo</strong></span> <span class='ocrx_word' id='word_1_634' title='bbox 1183 5152 1312 5207; x_wconf 86' lang='lat' dir='ltr'><strong>ego,</strong></span> <span class='ocrx_word' id='word_1_635' title='bbox 1363 5135 1506 5190; x_wconf 86' lang='lat' dir='ltr'><strong>dicit</strong></span> <span class='ocrx_word' id='word_1_636' title='bbox 1556 5136 1859 5203; x_wconf 81' lang='lat' dir='ltr'><strong>Dominus,</strong></span> <span class='ocrx_word' id='word_1_637' title='bbox 1910 5137 1963 5194; x_wconf 86' lang='lat' dir='ltr'><strong>si</strong></span> 
     </span>
    </p>
   </div>
   <div class='ocr_carea' id='block_1_87' title="bbox 302 5224 1962 5300">
    <p class='ocr_par' dir='ltr' id='par_1_87' title="bbox 302 5224 1962 5300">
     <span class='ocr_line' id='line_1_87' title="bbox 302 5224 1962 5300; baseline 0.002 -20"><span class='ocrx_word' id='word_1_638' title='bbox 302 5225 436 5297; x_wconf 89' lang='lat' dir='ltr'><strong>quis</strong></span> <span class='ocrx_word' id='word_1_639' title='bbox 486 5224 663 5282; x_wconf 92' lang='lat' dir='ltr'><strong>homo</strong></span> <span class='ocrx_word' id='word_1_640' title='bbox 690 5225 891 5283; x_wconf 87' lang='lat' dir='ltr'><strong>omnia</strong></span> <span class='ocrx_word' id='word_1_641' title='bbox 917 5225 1113 5282; x_wconf 83' lang='lat' dir='ltr'><strong>fecerit</strong></span> <span class='ocrx_word' id='word_1_642' title='bbox 1142 5231 1406 5297; x_wconf 87' lang='lat' dir='ltr'><strong>peccata,</strong></span> <span class='ocrx_word' id='word_1_643' title='bbox 1436 5225 1751 5297; x_wconf 88' lang='lat' dir='ltr'><strong>ipsumque</strong></span> <span class='ocrx_word' id='word_1_644' title='bbox 1781 5226 1840 5282; x_wconf 91' lang='lat' dir='ltr'><strong>in</strong></span> <span class='ocrx_word' id='word_1_645' title='bbox 1862 5228 1962 5300; x_wconf 87' lang='lat' dir='ltr'><strong>ju-</strong></span> 
     </span>
    </p>
   </div>
   <div class='ocr_carea' id='block_1_88' title="bbox 2077 3348 3722 3432">
    <p class='ocr_par' dir='ltr' id='par_1_88' title="bbox 2077 3348 3722 3432">
     <span class='ocr_line' id='line_1_88' title="bbox 2077 3348 3722 3432; baseline 0.002 -27"><span class='ocrx_word' id='word_1_646' title='bbox 2077 3348 2532 3430; x_wconf 70' lang='grc' dir='ltr'>βλασφημήσαντι</span> <span class='ocrx_word' id='word_1_647' title='bbox 2599 3353 2690 3407; x_wconf 84' lang='grc' dir='ltr'><strong>καὶ</strong></span> <span class='ocrx_word' id='word_1_648' title='bbox 2752 3354 3161 3426; x_wconf 73' lang='grc' dir='ltr'>μετανοήσαντι,</span> <span class='ocrx_word' id='word_1_649' title='bbox 3219 3352 3318 3409; x_wconf 83' lang='grc' dir='ltr'>οὐκ</span> <span class='ocrx_word' id='word_1_650' title='bbox 3374 3353 3722 3432; x_wconf 68' lang='grc' dir='ltr'>ἀφεθήσεται,</span> 
     </span>
    </p>
   </div>
   <div class='ocr_carea' id='block_1_89' title="bbox 2072 3439 3727 3521">
    <p class='ocr_par' dir='ltr' id='par_1_89' title="bbox 2072 3439 3727 3521">
     <span class='ocr_line' id='line_1_89' title="bbox 2072 3439 3727 3521; baseline 0.002 -26"><span class='ocrx_word' id='word_1_651' title='bbox 2072 3439 2218 3495; x_wconf 82' lang='grc' dir='ltr'>ἀλλὰ</span> <span class='ocrx_word' id='word_1_652' title='bbox 2269 3445 2348 3513; x_wconf 81' lang='grc' dir='ltr'>τῷ</span> <span class='ocrx_word' id='word_1_653' title='bbox 2397 3439 2837 3517; x_wconf 74' lang='grc' dir='ltr'>βλασφημοῦντι,</span> <span class='ocrx_word' id='word_1_654' title='bbox 2868 3439 3041 3517; x_wconf 76' lang='grc' dir='ltr'>ἤγουν</span> <span class='ocrx_word' id='word_1_655' title='bbox 3087 3448 3168 3515; x_wconf 80' lang='grc' dir='ltr'>τῷ</span> <span class='ocrx_word' id='word_1_656' title='bbox 3211 3443 3262 3496; x_wconf 80' lang='grc' dir='ltr'>ἐν</span> <span class='ocrx_word' id='word_1_657' title='bbox 3291 3446 3359 3508; x_wconf 81' lang='grc' dir='ltr'>τῆ</span> <span class='ocrx_word' id='word_1_658' title='bbox 3399 3443 3727 3521; x_wconf 76' lang='grc' dir='ltr'>βλασφημίᾳ</span> 
     </span>
    </p>
   </div>
   <div class='ocr_carea' id='block_1_90' title="bbox 2071 3527 3719 3608">
    <p class='ocr_par' dir='ltr' id='par_1_90' title="bbox 2071 3527 3719 3608">
     <span class='ocr_line' id='line_1_90' title="bbox 2071 3527 3719 3608; baseline 0.002 -25"><span class='ocrx_word' id='word_1_659' title='bbox 2071 3528 2405 3601; x_wconf 68' lang='grc' dir='ltr'>ἐπιμένοντι.</span> <span class='ocrx_word' id='word_1_660' title='bbox 2448 3527 2775 3607; x_wconf 76' lang='grc' dir='ltr'>Ἐπειδήπερ</span> <span class='ocrx_word' id='word_1_661' title='bbox 2822 3530 2919 3586; x_wconf 72' lang='grc' dir='ltr'>οὐκ</span> <span class='ocrx_word' id='word_1_662' title='bbox 2965 3528 3104 3587; x_wconf 79' lang='grc' dir='ltr'>ἔστιν</span> <span class='ocrx_word' id='word_1_663' title='bbox 3169 3530 3405 3605; x_wconf 65' lang='grc' dir='ltr'>ἁμαρτία</span> <span class='ocrx_word' id='word_1_664' title='bbox 3459 3532 3719 3608; x_wconf 87' lang='grc' dir='ltr'>ἀσυγχώ-</span> 
     </span>
    </p>
   </div>
   <div class='ocr_carea' id='block_1_91' title="bbox 2071 3619 3717 3695">
    <p class='ocr_par' dir='ltr' id='par_1_91' title="bbox 2071 3619 3717 3695">
     <span class='ocr_line' id='line_1_91' title="bbox 2071 3619 3717 3695; baseline 0.002 -21"><span class='ocrx_word' id='word_1_665' title='bbox 2071 3640 2234 3695; x_wconf 89' lang='grc' dir='ltr'>ρητος</span> <span class='ocrx_word' id='word_1_666' title='bbox 2266 3620 2411 3695; x_wconf 83' lang='grc' dir='ltr'>παρὰ</span> <span class='ocrx_word' id='word_1_667' title='bbox 2439 3625 2553 3675; x_wconf 83' lang='grc' dir='ltr'>Θεῶ</span> <span class='ocrx_word' id='word_1_668' title='bbox 2584 3619 2635 3675; x_wconf 70' lang='grc' dir='ltr'>ἐν</span> <span class='ocrx_word' id='word_1_669' title='bbox 2668 3626 2784 3682; x_wconf 82' lang='grc' dir='ltr'>τοῖς</span> <span class='ocrx_word' id='word_1_670' title='bbox 2836 3620 2996 3683; x_wconf 78' lang='grc' dir='ltr'>ὁσίως</span> <span class='ocrx_word' id='word_1_671' title='bbox 3046 3621 3135 3676; x_wconf 84' lang='grc' dir='ltr'><strong>καὶ</strong></span> <span class='ocrx_word' id='word_1_672' title='bbox 3183 3622 3300 3677; x_wconf 89' lang='grc' dir='ltr'>κατ’</span> <span class='ocrx_word' id='word_1_673' title='bbox 3347 3620 3493 3692; x_wconf 74' lang='grc' dir='ltr'>ἀξίαν</span> <span class='ocrx_word' id='word_1_674' title='bbox 3557 3643 3717 3695; x_wconf 84' lang='grc' dir='ltr'>μετα-</span> 
     </span>
    </p>
   </div>
   <div class='ocr_carea' id='block_1_92' title="bbox 2067 3730 2301 3765">
    <p class='ocr_par' dir='ltr' id='par_1_92' title="bbox 2067 3730 2301 3765">
     <span class='ocr_line' id='line_1_92' title="bbox 2067 3730 2301 3765; baseline 0.004 -1"><span class='ocrx_word' id='word_1_675' title='bbox 2067 3730 2301 3765; x_wconf 77' lang='grc' dir='ltr'>νοουσιν.</span> 
     </span>
    </p>
   </div>
   <div class='ocr_carea' id='block_1_93' title="bbox 2140 3793 3720 3877">
    <p class='ocr_par' dir='ltr' id='par_1_93' title="bbox 2140 3793 3720 3877">
     <span class='ocr_line' id='line_1_93' title="bbox 2140 3793 3720 3877; baseline 0.001 -25"><span class='ocrx_word' id='word_1_676' title='bbox 2140 3798 2438 3873; x_wconf 87' lang='grc' dir='ltr'>Ἐρώτησις</span> <span class='ocrx_word' id='word_1_677' title='bbox 2485 3804 2579 3873; x_wconf 88' lang='grc' dir='ltr'>ογ’.</span> <span class='ocrx_word' id='word_1_678' title='bbox 2611 3794 2679 3854; x_wconf 86' lang='grc' dir='ltr'>Τί</span> <span class='ocrx_word' id='word_1_679' title='bbox 2727 3795 2859 3869; x_wconf 85' lang='grc' dir='ltr'>οῦν;</span> <span class='ocrx_word' id='word_1_680' title='bbox 2894 3793 3007 3873; x_wconf 80' lang='grc' dir='ltr'>ἔχει</span> <span class='ocrx_word' id='word_1_681' title='bbox 3061 3799 3245 3877; x_wconf 78' lang='grc' dir='ltr'>ἄφεσιν</span> <span class='ocrx_word' id='word_1_682' title='bbox 3289 3795 3378 3852; x_wconf 78' lang='grc' dir='ltr'><strong>διὰ</strong></span> <span class='ocrx_word' id='word_1_683' title='bbox 3435 3796 3720 3871; x_wconf 85' lang='grc' dir='ltr'>μετανοίας</span> 
     </span>
    </p>
   </div>
   <div class='ocr_carea' id='block_1_94' title="bbox 2068 3886 3718 3967">
    <p class='ocr_par' dir='ltr' id='par_1_94' title="bbox 2068 3886 3718 3967">
     <span class='ocr_line' id='line_1_94' title="bbox 2068 3886 3718 3967; baseline 0 -25"><span class='ocrx_word' id='word_1_684' title='bbox 2068 3887 2217 3942; x_wconf 84' lang='grc' dir='ltr'>ὁτὸν</span> <span class='ocrx_word' id='word_1_685' title='bbox 2278 3886 2514 3962; x_wconf 86' lang='grc' dir='ltr'>Χριστὸν</span> <span class='ocrx_word' id='word_1_686' title='bbox 2573 3886 2924 3963; x_wconf 89' lang='grc' dir='ltr'>ἀρνούμενος,</span> <span class='ocrx_word' id='word_1_687' title='bbox 2981 3889 3070 3943; x_wconf 81' lang='grc' dir='ltr'><strong>καὶ</strong></span> <span class='ocrx_word' id='word_1_688' title='bbox 3134 3887 3480 3967; x_wconf 76' lang='grc' dir='ltr'>βλασφημῶν</span> <span class='ocrx_word' id='word_1_689' title='bbox 3531 3888 3607 3951; x_wconf 80' lang='grc' dir='ltr'>εἰς</span> <span class='ocrx_word' id='word_1_690' title='bbox 3653 3888 3718 3943; x_wconf 89' lang='grc' dir='ltr'>τὸ</span> 
     </span>
    </p>
   </div>
   <div class='ocr_carea' id='block_1_95' title="bbox 2067 3976 2598 4051">
    <p class='ocr_par' dir='ltr' id='par_1_95' title="bbox 2067 3976 2598 4051">
     <span class='ocr_line' id='line_1_95' title="bbox 2067 3976 2598 4051; baseline -0.008 -16"><span class='ocrx_word' id='word_1_691' title='bbox 2067 3979 2287 4050; x_wconf 84' lang='grc' dir='ltr'>Πνεῦμα</span> <span class='ocrx_word' id='word_1_692' title='bbox 2314 3976 2375 4031; x_wconf 88' lang='grc' dir='ltr'>τὸ</span> <span class='ocrx_word' id='word_1_693' title='bbox 2408 3977 2556 4051; x_wconf 78' lang='grc' dir='ltr'>ἅγιον</span> <span class='ocrx_word' id='word_1_694' title='bbox 2582 3996 2598 4046; x_wconf 82' lang='grc'><strong>;</strong></span> 
     </span>
    </p>
   </div>
   <div class='ocr_carea' id='block_1_96' title="bbox 2138 4066 3718 4144">
    <p class='ocr_par' dir='ltr' id='par_1_96' title="bbox 2138 4066 3718 4144">
     <span class='ocr_line' id='line_1_96' title="bbox 2138 4066 3718 4144; baseline 0.004 -23"><span class='ocrx_word' id='word_1_695' title='bbox 2138 4066 2487 4143; x_wconf 85' lang='grc' dir='ltr'>Ἀπόκρισις.</span> <span class='ocrx_word' id='word_1_696' title='bbox 2550 4067 2688 4142; x_wconf 88' lang='grc' dir='ltr'>Τρία</span> <span class='ocrx_word' id='word_1_697' title='bbox 2766 4068 3111 4143; x_wconf 84' lang='grc' dir='ltr'>βαπτίσματα</span> <span class='ocrx_word' id='word_1_698' title='bbox 3175 4071 3471 4144; x_wconf 77' lang='grc' dir='ltr'>καθαρτικὰ</span> <span class='ocrx_word' id='word_1_699' title='bbox 3540 4070 3718 4141; x_wconf 77' lang='grc' dir='ltr'>πάσης</span> 
     </span>
    </p>
   </div>
   <div class='ocr_carea' id='block_1_97' title="bbox 2066 4154 3715 4235">
    <p class='ocr_par' dir='ltr' id='par_1_97' title="bbox 2066 4154 3715 4235">
     <span class='ocr_line' id='line_1_97' title="bbox 2066 4154 3715 4235; baseline 0.002 -24"><span class='ocrx_word' id='word_1_700' title='bbox 2066 4154 2182 4219; x_wconf 68' lang='grc' dir='ltr'>οἵας</span> <span class='ocrx_word' id='word_1_701' title='bbox 2215 4154 2419 4227; x_wconf 76' lang='grc' dir='ltr'>δήποτε</span> <span class='ocrx_word' id='word_1_702' title='bbox 2451 4156 2717 4230; x_wconf 79' lang='grc' dir='ltr'>ἁμαρτίας</span> <span class='ocrx_word' id='word_1_703' title='bbox 2746 4158 2773 4212; x_wconf 98' lang='lat'><strong>6</strong></span> <span class='ocrx_word' id='word_1_704' title='bbox 2806 4158 2933 4220; x_wconf 85' lang='grc' dir='ltr'>Θεὸς</span> <span class='ocrx_word' id='word_1_705' title='bbox 2965 4160 3033 4231; x_wconf 76' lang='grc' dir='ltr'><strong>τῇ</strong></span> <span class='ocrx_word' id='word_1_706' title='bbox 3064 4157 3217 4235; x_wconf 73' lang='grc' dir='ltr'>φύσει</span> <span class='ocrx_word' id='word_1_707' title='bbox 3242 4163 3352 4213; x_wconf 82' lang='grc' dir='ltr'><strong>τῶν</strong></span> <span class='ocrx_word' id='word_1_708' title='bbox 3409 4160 3715 4235; x_wconf 83' lang='grc' dir='ltr'>ἀνθρώπων</span> 
     </span>
    </p>
   </div>
   <div class='ocr_carea' id='block_1_98' title="bbox 2066 4243 3718 4325">
    <p class='ocr_par' dir='ltr' id='par_1_98' title="bbox 2066 4243 3718 4325">
     <span class='ocr_line' id='line_1_98' title="bbox 2066 4243 3718 4325; baseline 0.002 -25"><span class='ocrx_word' id='word_1_709' title='bbox 2066 4243 2399 4321; x_wconf 64' lang='grc' dir='ltr'>ἐδωρήσατοο</span> <span class='ocrx_word' id='word_1_710' title='bbox 2436 4244 2579 4321; x_wconf 73' lang='grc' dir='ltr'>λέγω</span> <span class='ocrx_word' id='word_1_711' title='bbox 2613 4243 2670 4300; x_wconf 77' lang='grc' dir='ltr'>δὶ</span> <span class='ocrx_word' id='word_1_712' title='bbox 2698 4247 2759 4300; x_wconf 89' lang='grc' dir='ltr'>τὸ</span> <span class='ocrx_word' id='word_1_713' title='bbox 2791 4244 3006 4316; x_wconf 77' lang='grc' dir='ltr'>ὕδατος,</span> <span class='ocrx_word' id='word_1_714' title='bbox 3040 4246 3127 4302; x_wconf 83' lang='grc' dir='ltr'><strong>καὶ</strong></span> <span class='ocrx_word' id='word_1_715' title='bbox 3160 4246 3323 4303; x_wconf 80' lang='grc' dir='ltr'>πάλιν</span> <span class='ocrx_word' id='word_1_716' title='bbox 3353 4248 3417 4303; x_wconf 87' lang='grc' dir='ltr'>τὸ</span> <span class='ocrx_word' id='word_1_717' title='bbox 3448 4246 3538 4304; x_wconf 78' lang='grc' dir='ltr'><strong>διὰ</strong></span> <span class='ocrx_word' id='word_1_718' title='bbox 3583 4268 3718 4325; x_wconf 88' lang='grc' dir='ltr'>μαρ-</span> 
     </span>
    </p>
   </div>
   <div class='ocr_carea' id='block_1_99' title="bbox 2062 4331 3721 4413">
    <p class='ocr_par' dir='ltr' id='par_1_99' title="bbox 2062 4331 3721 4413">
     <span class='ocr_line' id='line_1_99' title="bbox 2062 4331 3721 4413; baseline 0.003 -25"><span class='ocrx_word' id='word_1_719' title='bbox 2062 4334 2249 4410; x_wconf 86' lang='grc' dir='ltr'>τυρίου</span> <span class='ocrx_word' id='word_1_720' title='bbox 2282 4337 2395 4408; x_wconf 84' lang='grc'>(26)</span> <span class='ocrx_word' id='word_1_721' title='bbox 2425 4338 2523 4389; x_wconf 88' lang='grc' dir='ltr'><strong>τοῦ</strong></span> <span class='ocrx_word' id='word_1_722' title='bbox 2556 4331 2697 4389; x_wconf 79' lang='grc' dir='ltr'>ἰδίου</span> <span class='ocrx_word' id='word_1_723' title='bbox 2725 4333 2982 4409; x_wconf 66' lang='grc' dir='ltr'>αἳματος,</span> <span class='ocrx_word' id='word_1_724' title='bbox 3013 4336 3103 4391; x_wconf 76' lang='grc' dir='ltr'>καὶ</span> <span class='ocrx_word' id='word_1_725' title='bbox 3150 4336 3331 4413; x_wconf 88' lang='grc' dir='ltr'>τρίτον</span> <span class='ocrx_word' id='word_1_726' title='bbox 3362 4338 3430 4403; x_wconf 70' lang='grc' dir='ltr'>τὰ</span> <span class='ocrx_word' id='word_1_727' title='bbox 3484 4336 3572 4392; x_wconf 75' lang='grc' dir='ltr'><strong>διὰ</strong></span> <span class='ocrx_word' id='word_1_728' title='bbox 3629 4335 3721 4393; x_wconf 84' lang='grc' dir='ltr'>δα-</span> 
     </span>
    </p>
   </div>
   <div class='ocr_carea' id='block_1_100' title="bbox 2063 4421 3720 4501">
    <p class='ocr_par' dir='ltr' id='par_1_100' title="bbox 2063 4421 3720 4501">
     <span class='ocr_line' id='line_1_100' title="bbox 2063 4421 3720 4501; baseline 0.003 -25"><span class='ocrx_word' id='word_1_729' title='bbox 2063 4421 2269 4496; x_wconf 89' lang='grc' dir='ltr'>κρύων,</span> <span class='ocrx_word' id='word_1_730' title='bbox 2319 4422 2395 4483; x_wconf 76' lang='grc' dir='ltr'><strong>εἰς</strong></span> <span class='ocrx_word' id='word_1_731' title='bbox 2440 4421 2571 4496; x_wconf 78' lang='grc' dir='ltr'>ὅπερ</span> <span class='ocrx_word' id='word_1_732' title='bbox 2624 4423 2713 4477; x_wconf 78' lang='grc' dir='ltr'><strong>καὶ</strong></span> <span class='ocrx_word' id='word_1_733' title='bbox 2761 4425 2795 4494; x_wconf 78' lang='grc' dir='ltr'>ἠ</span> <span class='ocrx_word' id='word_1_734' title='bbox 2846 4424 3020 4499; x_wconf 89' lang='grc' dir='ltr'>πόρνη</span> <span class='ocrx_word' id='word_1_735' title='bbox 3073 4425 3417 4501; x_wconf 81' lang='grc' dir='ltr'>ἐκαθαρίσθη.</span> <span class='ocrx_word' id='word_1_736' title='bbox 3460 4426 3618 4497; x_wconf 82' lang='grc' dir='ltr'><strong>Ηλήν</strong></span> <span class='ocrx_word' id='word_1_737' title='bbox 3661 4423 3720 4482; x_wconf 65' lang='grc' dir='ltr'>δὲ</span> 
     </span>
    </p>
   </div>
   <div class='ocr_carea' id='block_1_101' title="bbox 2062 4509 3720 4591">
    <p class='ocr_par' dir='ltr' id='par_1_101' title="bbox 2062 4509 3720 4591">
     <span class='ocr_line' id='line_1_101' title="bbox 2062 4509 3720 4591; baseline 0.004 -25"><span class='ocrx_word' id='word_1_738' title='bbox 2062 4511 2154 4566; x_wconf 84' lang='grc' dir='ltr'><strong>καὶ</strong></span> <span class='ocrx_word' id='word_1_739' title='bbox 2184 4509 2345 4573; x_wconf 79' lang='grc' dir='ltr'>αὐτὸς</span> <span class='ocrx_word' id='word_1_740' title='bbox 2377 4513 2405 4566; x_wconf 89' lang='lat'><strong>6</strong></span> <span class='ocrx_word' id='word_1_741' title='bbox 2437 4518 2732 4590; x_wconf 78' lang='grc' dir='ltr'>κορυφαῖος</span> <span class='ocrx_word' id='word_1_742' title='bbox 2759 4518 2867 4568; x_wconf 83' lang='grc' dir='ltr'><strong>τῶν</strong></span> <span class='ocrx_word' id='word_1_743' title='bbox 2919 4515 3089 4589; x_wconf 83' lang='grc' dir='ltr'>ἁγίων</span> <span class='ocrx_word' id='word_1_744' title='bbox 3140 4514 3461 4571; x_wconf 86' lang='grc' dir='ltr'>ἀποστόλων</span> <span class='ocrx_word' id='word_1_745' title='bbox 3518 4517 3720 4591; x_wconf 82' lang='grc' dir='ltr'>Πέτρος</span> 
     </span>
    </p>
   </div>
   <div class='ocr_carea' id='block_1_102' title="bbox 2070 4598 3717 4678">
    <p class='ocr_par' dir='ltr' id='par_1_102' title="bbox 2070 4598 3717 4678">
     <span class='ocr_line' id='line_1_102' title="bbox 2070 4598 3717 4678; baseline 0.005 -25"><span class='ocrx_word' id='word_1_746' title='bbox 2070 4601 2203 4673; x_wconf 86' lang='grc' dir='ltr'><strong>μετά</strong></span> <span class='ocrx_word' id='word_1_747' title='bbox 2250 4600 2353 4667; x_wconf 82' lang='grc' dir='ltr'>τὴν</span> <span class='ocrx_word' id='word_1_748' title='bbox 2401 4598 2644 4676; x_wconf 80' lang='grc' dir='ltr'>ἄρνησιν,</span> <span class='ocrx_word' id='word_1_749' title='bbox 2676 4601 2916 4663; x_wconf 78' lang='grc' dir='ltr'>κλαύσας</span> <span class='ocrx_word' id='word_1_750' title='bbox 2965 4600 3307 4678; x_wconf 78' lang='grc' dir='ltr'>προσεδίχθη</span> <span class='ocrx_word' id='word_1_751' title='bbox 3368 4607 3459 4661; x_wconf 78' lang='grc' dir='ltr'>καί</span> <span class='ocrx_word' id='word_1_752' title='bbox 3518 4605 3717 4677; x_wconf 81' lang='grc' dir='ltr'>ἐσώθη.</span> 
     </span>
    </p>
   </div>
   <div class='ocr_carea' id='block_1_103' title="bbox 2067 4685 3719 4770">
    <p class='ocr_par' dir='ltr' id='par_1_103' title="bbox 2067 4685 3719 4770">
     <span class='ocr_line' id='line_1_103' title="bbox 2067 4685 3719 4770; baseline 0.003 -26"><span class='ocrx_word' id='word_1_753' title='bbox 2067 4688 2189 4744; x_wconf 75' lang='grc' dir='ltr'>Ἐὰν</span> <span class='ocrx_word' id='word_1_754' title='bbox 2227 4685 2284 4742; x_wconf 76' lang='grc' dir='ltr'>δὲ</span> <span class='ocrx_word' id='word_1_755' title='bbox 2314 4689 2348 4757; x_wconf 80' lang='grc' dir='ltr'>ἠ</span> <span class='ocrx_word' id='word_1_756' title='bbox 2383 4693 2478 4741; x_wconf 91' lang='grc' dir='ltr'><strong>τοῦ</strong></span> <span class='ocrx_word' id='word_1_757' title='bbox 2525 4691 2762 4763; x_wconf 81' lang='grc' dir='ltr'>Χριστοῦ</span> <span class='ocrx_word' id='word_1_758' title='bbox 2819 4688 3043 4765; x_wconf 81' lang='grc' dir='ltr'>ἄρνησις</span> <span class='ocrx_word' id='word_1_759' title='bbox 3099 4689 3216 4767; x_wconf 80' lang='grc' dir='ltr'>ἔχει</span> <span class='ocrx_word' id='word_1_760' title='bbox 3273 4694 3654 4770; x_wconf 84' lang='grc' dir='ltr'>συγχώρησιν,</span> <span class='ocrx_word' id='word_1_761' title='bbox 3684 4695 3719 4764; x_wconf 79' lang='grc' dir='ltr'>ἠ</span> 
     </span>
    </p>
   </div>
   <div class='ocr_carea' id='block_1_104' title="bbox 2068 4774 3718 4859">
    <p class='ocr_par' dir='ltr' id='par_1_104' title="bbox 2068 4774 3718 4859">
     <span class='ocr_line' id='line_1_104' title="bbox 2068 4774 3718 4859; baseline 0.003 -27"><span class='ocrx_word' id='word_1_762' title='bbox 2068 4774 2125 4832; x_wconf 82' lang='grc' dir='ltr'>δὶ</span> <span class='ocrx_word' id='word_1_763' title='bbox 2153 4782 2250 4831; x_wconf 89' lang='grc' dir='ltr'><strong>τοῦ</strong></span> <span class='ocrx_word' id='word_1_764' title='bbox 2281 4777 2437 4852; x_wconf 79' lang='grc' dir='ltr'>ἁγίου</span> <span class='ocrx_word' id='word_1_765' title='bbox 2469 4778 2786 4852; x_wconf 84' lang='grc' dir='ltr'>Ηνεύματος</span> <span class='ocrx_word' id='word_1_766' title='bbox 2826 4778 2924 4835; x_wconf 87' lang='grc' dir='ltr'><strong>ούκ</strong></span> <span class='ocrx_word' id='word_1_767' title='bbox 2972 4776 3109 4855; x_wconf 80' lang='grc' dir='ltr'>ἔχει·</span> <span class='ocrx_word' id='word_1_768' title='bbox 3162 4781 3462 4859; x_wconf 83' lang='grc' dir='ltr'>εὑρίσκεται</span> <span class='ocrx_word' id='word_1_769' title='bbox 3524 4782 3718 4839; x_wconf 85' lang='grc' dir='ltr'>λοιπὸν</span> 
     </span>
    </p>
   </div>
   <div class='ocr_carea' id='block_1_105' title="bbox 2069 4866 3724 4944">
    <p class='ocr_par' dir='ltr' id='par_1_105' title="bbox 2069 4866 3724 4944">
     <span class='ocr_line' id='line_1_105' title="bbox 2069 4866 3724 4944; baseline 0.004 -24"><span class='ocrx_word' id='word_1_770' title='bbox 2069 4867 2097 4920; x_wconf 90' lang='lat'><strong>6</strong></span> <span class='ocrx_word' id='word_1_771' title='bbox 2146 4866 2265 4928; x_wconf 75' lang='grc' dir='ltr'><strong>Υἱὸς</strong></span> <span class='ocrx_word' id='word_1_772' title='bbox 2322 4866 2559 4923; x_wconf 76' lang='grc' dir='ltr'>ἐλάττων</span> <span class='ocrx_word' id='word_1_773' title='bbox 2613 4873 2710 4924; x_wconf 89' lang='grc' dir='ltr'><strong>τοῦ</strong></span> <span class='ocrx_word' id='word_1_774' title='bbox 2772 4869 2923 4944; x_wconf 85' lang='grc' dir='ltr'>ἁγίου</span> <span class='ocrx_word' id='word_1_775' title='bbox 2981 4872 3315 4944; x_wconf 83' lang='grc' dir='ltr'>ΙΙνιύματος.</span> <span class='ocrx_word' id='word_1_776' title='bbox 3347 4873 3613 4929; x_wconf 84' lang='grc' dir='ltr'>Ἀκουσον</span> <span class='ocrx_word' id='word_1_777' title='bbox 3665 4870 3724 4927; x_wconf 76' lang='grc' dir='ltr'>δὶ</span> 
     </span>
    </p>
   </div>
   <div class='ocr_carea' id='block_1_106' title="bbox 2069 4957 3723 5037">
    <p class='ocr_par' dir='ltr' id='par_1_106' title="bbox 2069 4957 3723 5037">
     <span class='ocr_line' id='line_1_106' title="bbox 2069 4957 3723 5037; baseline 0.002 -26"><span class='ocrx_word' id='word_1_778' title='bbox 2069 4957 2158 5011; x_wconf 76' lang='grc' dir='ltr'>καὶ</span> <span class='ocrx_word' id='word_1_779' title='bbox 2200 4963 2466 5035; x_wconf 74' lang='grc' dir='ltr'>γραφικῆς</span> <span class='ocrx_word' id='word_1_780' title='bbox 2499 4957 2822 5032; x_wconf 82' lang='grc' dir='ltr'>μαρτυρίας,</span> <span class='ocrx_word' id='word_1_781' title='bbox 2853 4960 2943 5014; x_wconf 85' lang='grc' dir='ltr'><strong>καὶ</strong></span> <span class='ocrx_word' id='word_1_782' title='bbox 3002 4960 3252 5037; x_wconf 80' lang='grc' dir='ltr'>πείσθητι</span> <span class='ocrx_word' id='word_1_783' title='bbox 3302 4962 3379 5033; x_wconf 80' lang='grc' dir='ltr'>μή</span> <span class='ocrx_word' id='word_1_784' title='bbox 3430 4964 3565 5016; x_wconf 79' lang='grc' dir='ltr'>εἶναι</span> <span class='ocrx_word' id='word_1_785' title='bbox 3624 4962 3723 5030; x_wconf 78' lang='grc' dir='ltr'>τὴν</span> 
     </span>
    </p>
   </div>
   <div class='ocr_carea' id='block_1_107' title="bbox 2071 5043 3720 5128">
    <p class='ocr_par' dir='ltr' id='par_1_107' title="bbox 2071 5043 3720 5128">
     <span class='ocr_line' id='line_1_107' title="bbox 2071 5043 3720 5128; baseline 0.004 -29"><span class='ocrx_word' id='word_1_786' title='bbox 2071 5043 2184 5100; x_wconf 70' lang='grc' dir='ltr'>θ’ίαν</span> <span class='ocrx_word' id='word_1_787' title='bbox 2219 5044 2423 5115; x_wconf 76' lang='grc' dir='ltr'>δήποτε</span> <span class='ocrx_word' id='word_1_788' title='bbox 2453 5046 2716 5122; x_wconf 79' lang='grc' dir='ltr'>ἁμαρτίαν</span> <span class='ocrx_word' id='word_1_789' title='bbox 2766 5053 2997 5105; x_wconf 82' lang='grc' dir='ltr'>νικῶσαν</span> <span class='ocrx_word' id='word_1_790' title='bbox 3052 5049 3149 5117; x_wconf 74' lang='grc' dir='ltr'>τὴν</span> <span class='ocrx_word' id='word_1_791' title='bbox 3200 5054 3296 5104; x_wconf 88' lang='grc' dir='ltr'><strong>τοῦ</strong></span> <span class='ocrx_word' id='word_1_792' title='bbox 3345 5055 3480 5104; x_wconf 87' lang='grc' dir='ltr'>Θεοῦ</span> <span class='ocrx_word' id='word_1_793' title='bbox 3528 5050 3720 5128; x_wconf 81' lang='grc' dir='ltr'>φιλαν-</span> 
     </span>
    </p>
   </div>
   <div class='ocr_carea' id='block_1_108' title="bbox 2072 5134 3720 5216">
    <p class='ocr_par' dir='ltr' id='par_1_108' title="bbox 2072 5134 3720 5216">
     <span class='ocr_line' id='line_1_108' title="bbox 2072 5134 3720 5216; baseline 0.003 -27"><span class='ocrx_word' id='word_1_794' title='bbox 2072 5136 2311 5209; x_wconf 79' lang='grc' dir='ltr'>θρωπίαν</span> <span class='ocrx_word' id='word_1_795' title='bbox 2366 5134 2524 5209; x_wconf 74' lang='grc' dir='ltr'>Λέγει</span> <span class='ocrx_word' id='word_1_796' title='bbox 2558 5134 2648 5190; x_wconf 78' lang='grc' dir='ltr'><strong>οῦν</strong></span> <span class='ocrx_word' id='word_1_797' title='bbox 2683 5138 2710 5191; x_wconf 92' lang='lat'><strong>6</strong></span> <span class='ocrx_word' id='word_1_798' title='bbox 2744 5138 2871 5199; x_wconf 86' lang='grc' dir='ltr'>Θεὸς</span> <span class='ocrx_word' id='word_1_799' title='bbox 2922 5135 3010 5192; x_wconf 81' lang='grc' dir='ltr'><strong>διὰ</strong></span> <span class='ocrx_word' id='word_1_800' title='bbox 3068 5143 3163 5193; x_wconf 88' lang='grc' dir='ltr'><strong>τοῦ</strong></span> <span class='ocrx_word' id='word_1_801' title='bbox 3220 5142 3509 5216; x_wconf 72' lang='grc' dir='ltr'>προφήτου</span> <span class='ocrx_word' id='word_1_802' title='bbox 3569 5141 3720 5209; x_wconf 80' lang='grc' dir='ltr'>Ἰεζε-</span> 
     </span>
    </p>
   </div>
   <div class='ocr_carea' id='block_1_109' title="bbox 2070 5224 3721 5303">
    <p class='ocr_par' dir='ltr' id='par_1_109' title="bbox 2070 5224 3721 5303">
     <span class='ocr_line' id='line_1_109' title="bbox 2070 5224 3721 5303; baseline 0.001 -24"><span class='ocrx_word' id='word_1_803' title='bbox 2070 5226 2202 5294; x_wconf 79' lang='grc' dir='ltr'>κιήΛ</span> <span class='ocrx_word' id='word_1_804' title='bbox 2262 5224 2456 5285; x_wconf 69' lang='grc' dir='ltr'>οὕτως*</span> <span class='ocrx_word' id='word_1_805' title='bbox 2492 5246 2521 5277; x_wconf 74' lang='grc' dir='ltr'>ι(</span> <span class='ocrx_word' id='word_1_806' title='bbox 2550 5229 2636 5279; x_wconf 85' lang='grc' dir='ltr'><strong>Ζῶ</strong></span> <span class='ocrx_word' id='word_1_807' title='bbox 2694 5224 2819 5300; x_wconf 79' lang='grc' dir='ltr'>ἐγὼ,</span> <span class='ocrx_word' id='word_1_808' title='bbox 2884 5225 3031 5302; x_wconf 76' lang='grc' dir='ltr'>λέγει</span> <span class='ocrx_word' id='word_1_809' title='bbox 3087 5231 3307 5303; x_wconf 76' lang='grc' dir='ltr'>Κύριος,</span> <span class='ocrx_word' id='word_1_810' title='bbox 3356 5227 3582 5299; x_wconf 80' lang='grc' dir='ltr'>ὅτι,ἐάν</span> <span class='ocrx_word' id='word_1_811' title='bbox 3638 5248 3721 5290; x_wconf 86' lang='grc' dir='ltr'><strong>τις</strong></span> 
     </span>
    </p>
   </div>
   <div class='ocr_carea' id='block_1_110' title="bbox 375 5394 1967 5467">
    <p class='ocr_par' dir='ltr' id='par_1_110' title="bbox 375 5394 1958 5467">
     <span class='ocr_line' id='line_1_110' title="bbox 375 5394 1958 5467; baseline 0.001 -15"><span class='ocrx_word' id='word_1_812' title='bbox 375 5395 421 5430; x_wconf 77' lang='grc'><strong>⁹⁴</strong></span> <span class='ocrx_word' id='word_1_813' title='bbox 443 5394 612 5453; x_wconf 83' lang='lat' dir='ltr'><strong>Joan.</strong></span> <span class='ocrx_word' id='word_1_814' title='bbox 648 5413 688 5466; x_wconf 85' lang='lat'><strong>1,</strong></span> <span class='ocrx_word' id='word_1_815' title='bbox 722 5396 809 5452; x_wconf 80' lang='grc'>14.</span> <span class='ocrx_word' id='word_1_816' title='bbox 886 5397 932 5432; x_wconf 79' lang='grc'><strong>²⁵</strong></span> <span class='ocrx_word' id='word_1_817' title='bbox 961 5395 1132 5453; x_wconf 85' lang='lat' dir='ltr'><strong>Joan.</strong></span> <span class='ocrx_word' id='word_1_818' title='bbox 1165 5412 1242 5465; x_wconf 81' lang='lat' dir='ltr'><strong>xv,</strong></span> <span class='ocrx_word' id='word_1_819' title='bbox 1272 5395 1364 5452; x_wconf 86' lang='grc'>24.</span> <span class='ocrx_word' id='word_1_820' title='bbox 1441 5397 1484 5431; x_wconf 84' lang='grc'><strong>²⁶</strong></span> <span class='ocrx_word' id='word_1_821' title='bbox 1511 5395 1680 5453; x_wconf 86' lang='lat' dir='ltr'><strong>Joan.</strong></span> <span class='ocrx_word' id='word_1_822' title='bbox 1711 5413 1837 5467; x_wconf 77' lang='lat' dir='ltr'><strong>xm,</strong></span> <span class='ocrx_word' id='word_1_823' title='bbox 1868 5398 1958 5455; x_wconf 90' lang='grc'><strong>31.</strong></span> 
     </span>
    </p>
   </div>
   <div class='ocr_carea' id='block_1_111' title="bbox 2079 5394 3123 5467">
    <p class='ocr_par' dir='ltr' id='par_1_111' title="bbox 2112 5397 3123 5467">
     <span class='ocr_line' id='line_1_111' title="bbox 2112 5397 3123 5467; baseline 0.001 -13"><span class='ocrx_word' id='word_1_824' title='bbox 2112 5397 2320 5455; x_wconf 87' lang='lat' dir='ltr'><strong>Matth.</strong></span> <span class='ocrx_word' id='word_1_825' title='bbox 2352 5415 2456 5467; x_wconf 82' lang='lat' dir='ltr'><strong>xu,</strong></span> <span class='ocrx_word' id='word_1_826' title='bbox 2487 5399 2579 5455; x_wconf 75' lang='grc'>24.</span> <span class='ocrx_word' id='word_1_827' title='bbox 2657 5398 2702 5433; x_wconf 68' lang='grc'><strong>⁵⁸⁸</strong></span> <span class='ocrx_word' id='word_1_828' title='bbox 2733 5402 2869 5455; x_wconf 84' lang='lat' dir='ltr'><strong>Luc.</strong></span> <span class='ocrx_word' id='word_1_829' title='bbox 2901 5415 3003 5466; x_wconf 84' lang='lat' dir='ltr'><strong>vn,</strong></span> <span class='ocrx_word' id='word_1_830' title='bbox 3035 5399 3123 5455; x_wconf 88' lang='lat'><strong>37.</strong></span> 
     </span>
    </p>
   </div>
   <div class='ocr_carea' id='block_1_112' title="bbox 380 5565 1955 5648">
    <p class='ocr_par' dir='ltr' id='par_1_112' title="bbox 380 5565 1955 5648">
     <span class='ocr_line' id='line_1_112' title="bbox 380 5565 1955 5648; baseline 0.004 -27"><span class='ocrx_word' id='word_1_831' title='bbox 380 5565 612 5648; x_wconf 44' lang='lat' dir='ltr'><strong>(23).I_ta</strong></span> <span class='ocrx_word' id='word_1_832' title='bbox 669 5567 790 5648; x_wconf 71' lang='lat' dir='ltr'><strong>due</strong></span> <span class='ocrx_word' id='word_1_833' title='bbox 842 5566 1242 5648; x_wconf 48' lang='lat' dir='ltr'><strong>ftegiiLideiti</strong></span> <span class='ocrx_word' id='word_1_834' title='bbox 1296 5583 1452 5648; x_wconf 72' lang='lat' dir='ltr'><strong>vero,</strong></span> <span class='ocrx_word' id='word_1_835' title='bbox 1510 5566 1955 5643; x_wconf 79' lang='grc' dir='ltr'>προσπίπτοντες.</span> 
     </span>
    </p>
   </div>
   <div class='ocr_carea' id='block_1_113' title="bbox 306 5636 1552 5711">
    <p class='ocr_par' dir='ltr' id='par_1_113' title="bbox 306 5636 1552 5711">
     <span class='ocr_line' id='line_1_113' title="bbox 306 5636 1552 5711; baseline 0.002 -16"><span class='ocrx_word' id='word_1_836' title='bbox 306 5636 673 5711; x_wconf 21' lang='grc' dir='ltr'>Μοκᾼῇἰᾴθιιι,</span> <span class='ocrx_word' id='word_1_837' title='bbox 706 5636 979 5711; x_wconf 64' lang='grc' dir='ltr'>ἐνόμιζον.</span> <span class='ocrx_word' id='word_1_838' title='bbox 1012 5639 1191 5709; x_wconf 83' lang='lat' dir='ltr'><strong>Edlti,</strong></span> <span class='ocrx_word' id='word_1_839' title='bbox 1216 5636 1552 5711; x_wconf 85' lang='grc' dir='ltr'>νομίζοντες.</span> 
     </span>
    </p>
   </div>
   <div class='ocr_carea' id='block_1_114' title="bbox 376 5708 1956 5789">
    <p class='ocr_par' dir='ltr' id='par_1_114' title="bbox 376 5708 1956 5789">
     <span class='ocr_line' id='line_1_114' title="bbox 376 5708 1956 5789; baseline 0.001 -23"><span class='ocrx_word' id='word_1_840' title='bbox 376 5708 491 5785; x_wconf 80' lang='grc'>(24)</span> <span class='ocrx_word' id='word_1_841' title='bbox 524 5709 607 5767; x_wconf 89' lang='lat' dir='ltr'><strong>ita</strong></span> <span class='ocrx_word' id='word_1_842' title='bbox 637 5708 812 5767; x_wconf 76' lang='lat' dir='ltr'><strong>iidem</strong></span> <span class='ocrx_word' id='word_1_843' title='bbox 847 5712 1012 5786; x_wconf 83' lang='lat' dir='ltr'><strong>Regii</strong></span> <span class='ocrx_word' id='word_1_844' title='bbox 1041 5712 1077 5766; x_wconf 85' lang='lat'><strong><em>2</em></strong></span> <span class='ocrx_word' id='word_1_845' title='bbox 1106 5708 1246 5768; x_wconf 66' lang='grc' dir='ltr'>διδ.</span> <span class='ocrx_word' id='word_1_846' title='bbox 1282 5708 1346 5768; x_wconf 85' lang='lat' dir='ltr'><strong>In</strong></span> <span class='ocrx_word' id='word_1_847' title='bbox 1393 5712 1566 5770; x_wconf 80' lang='lat' dir='ltr'><strong>editis</strong></span> <span class='ocrx_word' id='word_1_848' title='bbox 1613 5714 1757 5785; x_wconf 57' lang='lat' dir='ltr'><strong>hac,</strong></span> <span class='ocrx_word' id='word_1_849' title='bbox 1788 5710 1956 5789; x_wconf 68' lang='grc' dir='ltr'>ἤγουν</span> 
     </span>
    </p>
   </div>
   <div class='ocr_carea' id='block_1_115' title="bbox 2137 5566 2974 5631">
    <p class='ocr_par' dir='ltr' id='par_1_115' title="bbox 2137 5566 2974 5631">
     <span class='ocr_line' id='line_1_115' title="bbox 2137 5566 2974 5631; baseline 0.004 -9"><span class='ocrx_word' id='word_1_850' title='bbox 2137 5570 2234 5623; x_wconf 83' lang='grc' dir='ltr'><strong>τοῦ</strong></span> <span class='ocrx_word' id='word_1_851' title='bbox 2266 5569 2520 5631; x_wconf 86' lang='grc' dir='ltr'>σώματος</span> <span class='ocrx_word' id='word_1_852' title='bbox 2550 5566 2714 5623; x_wconf 81' lang='grc' dir='ltr'>αὐτοῦ</span> <span class='ocrx_word' id='word_1_853' title='bbox 2740 5569 2974 5627; x_wconf 82' lang='lat' dir='ltr'><strong>desunt.</strong></span> 
     </span>
    </p>
   </div>
   <div class='ocr_carea' id='block_1_116' title="bbox 2070 5638 3293 5716">
    <p class='ocr_par' dir='ltr' id='par_1_116' title="bbox 2070 5638 3293 5716">
     <span class='ocr_line' id='line_1_116' title="bbox 2070 5638 3293 5716; baseline -0.002 -17"><span class='ocrx_word' id='word_1_854' title='bbox 2070 5641 2185 5716; x_wconf 65' lang='lat'><strong>(25)</strong></span> <span class='ocrx_word' id='word_1_855' title='bbox 2215 5642 2303 5716; x_wconf 65' lang='lat' dir='ltr'><strong>Ita</strong></span> <span class='ocrx_word' id='word_1_856' title='bbox 2332 5638 2447 5716; x_wconf 86' lang='lat' dir='ltr'><strong>duo</strong></span> <span class='ocrx_word' id='word_1_857' title='bbox 2480 5641 2666 5716; x_wconf 87' lang='lat' dir='ltr'><strong>Regii.</strong></span> <span class='ocrx_word' id='word_1_858' title='bbox 2689 5640 2857 5716; x_wconf 89' lang='lat' dir='ltr'><strong>_Edit_i</strong></span> <span class='ocrx_word' id='word_1_859' title='bbox 2884 5658 3045 5716; x_wconf 76' lang='lat' dir='ltr'><strong>vero,</strong></span> <span class='ocrx_word' id='word_1_860' title='bbox 3079 5641 3107 5696; x_wconf 86' lang='grc' dir='ltr'><strong>ὁ</strong></span> <span class='ocrx_word' id='word_1_861' title='bbox 3138 5638 3293 5716; x_wconf 85' lang='grc' dir='ltr'>Θεός.</span> 
     </span>
    </p>
   </div>
   <div class='ocr_carea' id='block_1_117' title="bbox 2068 5711 3344 5793">
    <p class='ocr_par' dir='ltr' id='par_1_117' title="bbox 2068 5711 3344 5793">
     <span class='ocr_line' id='line_1_117' title="bbox 2068 5711 3344 5793; baseline 0.002 -23"><span class='ocrx_word' id='word_1_862' title='bbox 2214 5713 2355 5789; x_wconf 83' lang='lat' dir='ltr'><strong>Reg.</strong></span> <span class='ocrx_word' id='word_1_863' title='bbox 2383 5714 2438 5788; x_wconf 88' lang='lat'><strong>3,</strong></span> <span class='ocrx_word' id='word_1_864' title='bbox 2468 5711 2786 5792; x_wconf 52' lang='grc' dir='ltr'>μαρτυρίου.</span> <span class='ocrx_word' id='word_1_865' title='bbox 2818 5713 2993 5783; x_wconf 80' lang='lat' dir='ltr'><strong>Editi,</strong></span> <span class='ocrx_word' id='word_1_866' title='bbox 3028 5711 3344 5793; x_wconf 82' lang='grc' dir='ltr'>μαρτυρίας.</span> 
     </span>
    </p>
   </div>
  </div>
