4132 6392
348 391 475 452 645
1312 382 1827 454 QUAESTIONES
1875 384 1979 442 AD
2025 382 2489 444 ANTIOCHUM
2543 385 2835 445 DUCEM.
3659 401 3778 458 646

348 526 564 598 ποιήσῃ
608 522 894 596 ἅνθρωπος
942 519 1114 579 πάσας
1167 515 1263 579 τὰς
1310 517 1599 593 ἁμαρτίας,
1645 517 1736 572 καὶ
1786 516 1925 590 εὕρω
1958 512 2053 584 δὲ,

2181 516 2290 572 itia
2323 517 2666 590 invenerim,
2699 538 2815 576 non
2856 526 3206 582 recordabor
3254 533 3512 588 omnium
3568 534 3785 605 iniqui-

351 615 515 671 αὐτὸν
551 612 603 667 ἐν
652 607 989 681 δικαιοσύνῃ,
1037 607 1098 662 ού
1157 607 1233 680 μὴ
1272 607 1497 678 μνησθῶ
1528 611 1715 660 πασῶν
1749 610 1854 660 σῶν
1890 606 2018 659 ἀνο-

2181 608 2318 660 ιίυῐῐι
2370 606 2498 677 ejus
2549 607 2616 661 99.
2667 631 2696 659 ››
2749 613 2927 666 Porro
2977 615 3129 684 quod
3179 617 3279 686 ait,
3312 642 3339 667 «
3374 621 3720 694 invenerim,
3756 647 3784 676 »

360 709 502 780 μιῶν
536 701 724 757 αὐτοῦ.
764 725 784 750 ι
829 721 854 754 α
887 694 1045 772 Εῧρω
1079 719 1105 745 δ)
1139 693 1196 750 δὶ
1225 694 1408 783 αὐτὸν,
1442 693 1613 764 δῆλον
1647 694 1730 749 ὅτι
1779 697 1846 768 τῇ
1907 688 2024 769 ὥρᾳ

2191 711 2357 750 arum
2391 699 2480 750 est
2511 696 2580 752 de
2610 696 2754 753 hora
2786 701 2992 756 mortis
3023 705 3151 774 ejus
3182 705 3237 759 id
3273 707 3538 783 intelligi.
3586 688 3787 771 Scien-

355 798 458 849 τοῦ
490 792 721 856 θανάτου
772 787 958 842 αὐτοῦ.
1017 788 1107 848 Δεῖ
1156 784 1258 860 γὰρ
1314 781 1534 851 εἲδὲναι,
1567 783 1647 838 ὅτι
1682 783 1890 857 ὁμοίως
1925 785 2022 836 τοῦ

2181 799 2277 838 um
2327 783 2480 839 enim
2531 789 2618 841 est
2667 786 2826 842 fonte
2871 788 3285 862 Iacrymarum,
3321 781 3556 869 perinde
3588 822 3652 857 ac
3685 806 3787 859 ba-

364 881 748 960 βαπτίσματος
780 880 816 946 ἡ
847 881 955 930 τῶν
991 871 1238 950 δακρύων
1463 874 1735 947 καθαρίζει
1785 873 1876 927 τὸν
1935 869 2025 924 ἅν-

2181 872 2371 940 tismo,
2406 876 2749 946 perpurgari
2786 869 3106 936 heminem.
3144 883 3288 938 Hinc
3312 888 3474 942 mulli
3510 892 3608 961 qui
3657 910 3790 965 pec-

361 959 603 1048 θρωπον·
641 967 831 1039 διόπερ
863 961 1095 1032 πολλοὶ,
1139 959 1232 1054 διὸ
1285 961 1636 1054 πταισμάτων
1691 961 2023 1054 μολύναντες

2181 961 2281 1015 itis
2324 961 2448 1017 suis
2501 969 2769 1018 sanctum
2823 967 3118 1038 baptisma
3171 959 3792 1054 inquinaverant,_pcr

363 1063 426 1115 τὸ
457 1063 605 1136 ἅγιον
639 1059 754 1131 (27)
806 1054 1108 1132 βάπτισμα,
1158 1049 1248 1106 διὰ
1297 1050 1541 1128 δακρύων
1602 1051 2023 1127 ἐκαθαρίσθησαν

2181 1066 2423 1123 Lorymas
2455 1054 2683 1124 purgati
2720 1059 2859 1110 sunt
2888 1058 3109 1129 etjusti
3141 1063 3350 1120 effecti.

367 1149 456 1205 καὶ
488 1147 688 1204 δίκαιοι
729 1141 1154 1218 ἀπεδείχθησαν.

440 1255 630 1332 Ἐρώτ.
663 1251 758 1310 οδ’.
794 1251 934 1308 Ποία
976 1249 1213 1326 ἁμαρτία
1259 1252 1409 1304 ποιεῖ
1453 1249 1552 1318 τὴν
1585 1249 1898 1324 προσευχὴν
1931 1250 2030 1302 τοῦ

380 1331 662 1423 ἀνδρώπου
692 1339 1055 1418 ἀπρόσδεκτον
1091 1339 1236 1415 παρὰ
1266 1343 1419 1411 Θεῷ;

457 1453 648 1511 Ἀπόκ.
694 1453 757 1507 Ἢ
807 1447 1158 1524 μνησικακία,
1215 1447 1351 1502 κατὰ
1406 1447 1498 1501 τὸν
1560 1444 1723 1522 λογον
1780 1450 1878 1501 τοῦ
1925 1447 2032 1503 Κυ-

393 1542 512 1621 ρίου
542 1543 630 1597 τὸν
685 1539 924 1616 λέγοντω
978 1562 1005 1588 ι(
1053 1539 1218 1594 ’Όταν
1269 1535 1354 1590 ἐὰν
1406 1536 1712 1614 προσφέρῃς
1761 1535 1825 1590 τὸ
1857 1533 2031 1611 δῶρόν

391 1654 487 1687 σου
519 1631 603 1686 ἐπὶ
633 1630 696 1684 τὸ
727 1628 1125 1703 θυσιαστήριον,
1164 1625 1320 1680 κάκεῖ
1353 1627 1599 1699 μνησθῇς
1654 1626 1737 1680 ὅτι
1787 1626 1816 1678 6
1872 1622 2033 1680 ἀδελ-

389 1721 487 1799 φός
517 1741 612 1775 σου
667 1714 782 1792 ἔχει
834 1738 885 1772 τι
936 1715 1070 1771 κατὰ
1117 1720 1234 1784 σοῦ,
1278 1715 1404 1792 ἄφες
1452 1714 1563 1770 ἐκεῖ
1606 1715 1670 1769 τὸ
1702 1711 1876 1789 δῶρόν
1939 1735 2036 1769 σου

384 1807 684 1883 ἔμπροσθεν
715 1811 812 1860 τοῦ
843 1804 1248 1880 θυσιαστηρίου,
1278 1805 1368 1858 καὶ
1411 1803 1597 1880 ὕπαγεο
1634 1808 1847 1880 πρῶτον
1885 1801 2039 1860 διαλ-

2211 1247 2435 1310 Οωεετ.
2474 1248 2713 1305 LXXIV.
2749 1251 2926 1318 Quale
2956 1261 3260 1326 peccatum
3313 1262 3450 1320 facit
3500 1273 3562 1323 ut
3612 1271 3797 1328 oratio

2139 1335 2398 1394 hominis
2432 1343 2540 1395 Deo
2575 1357 2688 1396 non
2721 1340 2798 1396 sit
2826 1351 3062 1416 accepta
3084 1347 3110 1400 ?

2215 1444 2387 1500 Resp.
2422 1444 2790 1503 Oﬂ‘ensarum
2823 1452 3146 1509 recordatio
3183 1456 3356 1525 juxta
3401 1459 3521 1517 haec
3570 1463 3802 1521 Domini

2143 1535 2318 1588 verba
2351 1549 2364 1589 :
2399 1556 2427 1584 «
2458 1535 2516 1588 Si
2548 1535 2721 1592 offers
2755 1556 2971 1620 munus
3004 1548 3172 1598 tuum
3205 1547 3275 1600 ad
3311 1547 3578 1618 altare,et
3610 1554 3690 1608 ibi
3721 1571 3808 1610 re-

2145 1623 2422 1679 cordatus
2453 1625 2632 1680 fueris
2666 1627 2807 1697 quia
2841 1633 3017 1685 l'rater
3047 1637 3184 1688 tuus
3215 1635 3390 1692 habet
3434 1639 3650 1712 aliquid
3703 1645 3808 1700 ad-

2142 1729 2378 1768 versum
2415 1719 2487 1781 te,
2522 1713 2789 1788 relinque
2816 1717 2895 1772 ibi
2927 1736 3146 1777 munus
3175 1728 3339 1780 tuum
3368 1735 3501 1784 ante
3530 1731 3810 1804 altare,et

2147 1801 2322 1870 vade;
2357 1801 2520 1873 prius
2553 1805 2928 1863 reconciliare
2960 1809 3124 1865 fratri
3156 1818 3277 1884 tuo,
3309 1821 3367 1871 et
3396 1823 3534 1874 tunc
3568 1801 3808 1880 veniens

383 1898 580 1974 λάγηθι
609 1900 690 1969 τῷ
719 1893 943 1973 ἀδελφῷ
973 1915 1090 1965 σου,
1123 1894 1214 1949 καὶ
1264 1894 1387 1948 τότε
1443 1893 1620 1948 ἐλθὼν
1668 1893 1939 1972 πρόσφερε
1975 1894 2038 1948 τὸ

2184 1890 2289 1945 ﬂ'er
2318 1907 2538 1947 munus
2580 1897 2750 1950 tuum
2781 1896 2844 1951 ³ο.
2905 1921 2925 1946 ο
2979 1901 3126 1962 Quia
3173 1905 3400 1961 scilicet
3447 1912 3806 1970 offensarum

382 1985 559 2062 δῶρόν
592 2005 712 2040 σου·
757 2010 786 2036 »
817 1985 893 2048 ὡς
922 1988 1022 2049 τῆς
1058 1982 1418 2057 μνησικακίας
1450 1980 1624 2052 δῆλον
1659 1982 1740 2037 ὅτι
1773 1983 2040 2054 ποιούσης

383 2073 749 2149 ἀπρόσδεκτον
779 2074 844 2128 τὸ
875 2071 1050 2148 δῶρον
1081 2080 1180 2143 τῆς
1212 2080 1546 2148 προσευχῆς.

456 2182 653 2255 Ἐρώτ.
686 2183 778 2238 οε’.
816 2179 955 2236 Ποία
986 2178 1226 2255 ἁμαρτία
1257 2179 1320 2234 οὐ
1352 2177 1570 2235 δύναται
1606 2186 1932 2253 μετανοῆσαι
1963 2183 2042 2252 τῷ

383 2277 551 2343 Θιῷς

463 2295 653 2420 auida.
688 2361 890 2431 Δῆλον,
922 2361 1072 2431 δτιάδ
1115 2360 1450 2436 ἀπόγνωσις,
1506 2360 1593 2439 ὑφ’
1641 2361 1710 2430 ἦς
1758 2361 2044 2437 κρατηθεὶς

385 2450 596 2514 Ἰούδας
629 2451 927 2529 ἀπήγξατο.

465 2543 660 2618 Ἐρώτ.
695 2542 792 2604 οςῖ
823 2540 957 2596 Ποία
987 2539 1225 2616 ἁμαρτία
1254 2539 1365 2595 ἐστὶ
1401 2537 1667 2616 βαρυτέρα
1689 2539 1905 2595 πάντων
1936 2541 2042 2593 τῶν

387 2633 750 2703 πταισμάτων
773 2650 787 2700 ;

465 2720 657 2778 Ἀπόκ.
689 2719 832 2792 Ἐὰν,
865 2717 938 2781 ὥς
979 2740 1142 2797 φησιν
1185 2719 1213 2774 6
1259 2716 1622 2787 Ἀπόστολος,
1676 2723 1858 2791 μεῖζον
1918 2717 2050 2772 πάν-

387 2835 502 2868 των
532 2815 642 2867 τῶν
676 2810 888 2884 ἀγαθῶν
921 2810 956 2878 ἡ
991 2809 1194 2884 ἀγάπη,
1236 2804 1542 2881 πρόδηλον,
1577 2805 1659 2862 ὅτι
1696 2812 1880 2880 μεῖζον
1908 2808 2050 2862 πάν-

387 2922 503 2958 των
531 2904 638 2956 τῶν
672 2903 851 2954 κακῶν
883 2900 918 2967 ἡ
965 2894 1314 2975 μισαδελφία,
1345 2896 1436 2951 καὶ
1467 2899 1501 2967 ἡ
1552 2895 1926 2972 ἀσπλαγχνία,
1959 2897 2049 2952 καὶ

391 2993 431 3061 ἡ
467 2987 662 3059 ἀνελεη
673 2988 881 3062 μοσύνη
899 3031 910 3045 .

469 3077 665 3153 Ἑρώτ.
702 3076 798 3148 οζ’.
832 3074 968 3130 Ποία
996 3078 1104 3129 τῶν
1138 3071 1374 3130 ἐντολῶν
1401 3079 1679 3151 συγχωρεῖ
1704 3079 1786 3148 τῷ
1842 3073 2051 3151 ἀνθρώ-

393 3189 489 3240 πῳ
517 3165 690 3226 πάσας
721 3165 818 3226 τὰς
845 3163 1111 3238 ἁμαρτίας
1138 3181 1152 3232 ;

2151 1981 2472 2038 recordatio
2496 1983 2637 2038 facit
2671 1990 2732 2039 ut
2762 1987 3042 2044 orationis
3071 2007 3289 2048 munus
3341 2003 3640 2069 acceptum
3691 2003 3809 2060 Deo

2152 2087 2268 2125 non
2301 2070 2398 2126 sit.

2222 2180 2444 2242 Qumsr.
2480 2179 2695 2234 LXXV.
2730 2181 3048 2253 Cujusnam
3084 2191 3307 2260 peccati
3342 2193 3565 2250 nullam
3597 2199 3812 2256 admit-

2152 2267 2226 2322 tit
2255 2266 2409 2322 Deus
2444 2270 2846 2338 pmnitentiam
2871 2273 2898 2327 ?

2229 2355 2396 2410 Busa.
2431 2356 2807 2414 Manifestum
2841 2367 2930 2417 est
2971 2381 3101 2421 esse
3151 2369 3641 2442 desperationem,
3693 2395 3810 2450 qua

2153 2449 2477 2516 occupatus
2505 2446 2692 2502 Judas
2724 2466 2786 2504 se
2815 2451 2941 2520 ipse
2971 2459 3378 2528 strangulavit.

2225 2533 2452 2595 Qums'r.
2502 2535 2753 2592 LXXVI.
2803 2541 3106 2602 Quodnam
3176 2559 3474 2617 peccatum
3535 2556 3813 2613 omnibus

2157 2621 2289 2678 aliis
2319 2628 2409 2678 est
2441 2626 2678 2695 gravius
2699 2627 2726 2680 ‘I
3795 2629 3803 2638 ’

2230 2711 2401 2766 RESP.
2448 2713 2530 2778 Si,
2582 2719 2644 2769 ut
2691 2716 2771 2772 ait
2818 2720 3154 2790 Apostolus,
3206 2729 3471 2785 omnium
3526 2734 3816 2791 bonorum

2161 2801 2651 2872 praestantissima
2680 2810 2770 2860 est
2799 2807 3056 2866 cbaritas
3085 2813 3390 2878 3‘,clarum
3426 2826 3516 2874 est
3547 2826 3816 2881 omnium

2131 2889 2453 2946 'malorum
2485 2893 2901 2962 gravissimum
2933 2914 3063 2954 esse
3098 2902 3304 2960 fratres
3334 2909 3467 2964 odio
3521 2915 3819 2986 prosequi,

2161 2981 2686 3037 immisericordem
2719 3001 2867 3052 esse,
2897 3004 3002 3042 nec
3032 2991 3462 3066 eleemosynam
3495 2981 3712 3058 amare.

2235 3072 2455 3136 Quam.
2490 3070 2748 3127 LXXVII.
2779 3076 2942 3138 Quod
2983 3081 3327 3138 mandatum
3371 3089 3664 3145 condonat
3713 3091 3820 3148 ho-

2165 3159 2311 3214 mini
2343 3162 2542 3215 omnia
2573 3165 2858 3231 peccata?

469 3254 664 3313 Ἀπόκ.
696 3257 802 3308 Τοῦ
860 3251 1060 3328 Κυρίου
1113 3253 1389 3329 λεγοντος·
1441 3276 1470 3304 ‹‹
1530 3253 1620 3321 Μὴ
1679 3251 1910 3328 κρίνετε,
1959 3251 2052 3308 καὶ

2235 3247 2408 3304 Resp.
2460 3250 2947 3323 Quandoquidem
2997 3258 3139 3313 dicit
3186 3260 3516 3323 Dominus:
3555 3290 3583 3318 «
3632 3269 3826 3328 Nolite

399 3344 464 3401 οὗ
500 3346 576 3418 μὴ
608 3349 850 3420 κριθῆτε·
887 3364 916 3394 ››
945 3341 1036 3396 καί
1082 3341 1269 3397 πάλιν·
1323 3364 1352 3393 ‹‹
1408 3344 1570 3418 ’Ἄφες
1620 3344 1782 3416 ἡμῖν,
1837 3343 1912 3405 ὡς
1964 3343 2056 3399 καὶ

399 3437 569 3509 ἡμεῖς
600 3431 822 3510 ἀφίεμεν
882 3436 999 3494 τοῖς
1060 3431 1367 3509 ὀφειλέταις
1426 3433 1611 3502 ἡμῶν·
1665 3454 1695 3483 ››
1752 3430 2059 3508 πρόδηλον,

405 3523 491 3580 ὅτι
536 3523 627 3577 καὶ
680 3521 744 3576 τὸ
803 3522 879 3595 μὴ
939 3520 1136 3596 κρίνειν
1192 3521 1285 3576 τὸν
1340 3518 1577 3591 πλησίον
1637 3527 1914 3598 συγχωρεῖ
1966 3523 2062 3585 τὰς

406 3611 695 3688 ἀμαρτίας’
776 3608 1035 3672 ὡσαύτως
1091 3610 1182 3664 καὶ
1255 3610 1318 3664 τὸ
1378 3611 1454 3683 μὴ
1515 3618 1915 3684 μνησικακῆσαι
1969 3613 2062 3668 ἆν-

408 3701 640 3774 ορώπῳ.
689 3723 717 3751 α
769 3700 968 3777 Ἄφετε
1030 3722 1052 3751 ι
1115 3697 1240 3772 γὰρ,
1301 3697 1455 3776 φησὶ,
1517 3722 1544 3751 ‹‹
1603 3699 1692 3754 καὶ
1737 3699 2062 3777 ἀφεθήσεται

409 3791 564 3866 ὑμῖν.
598 3813 629 3841 ››

480 3967 676 4045 Ἐρώτ.
711 3967 815 4037 οη’.
849 3966 969 4020 Ἐάν
1001 3986 1083 4028 τις
1135 3967 1340 4040 ποιήσῃ
1387 3966 1685 4041 βαρύτατον
1736 3965 2060 4044 ἁμάρτημα,

400 4059 496 4114 καὶ
530 4057 854 4132 μετανοήσῃ,
887 4054 1048 4118 πόθεν
1088 4053 1297 4132 ὀφείλει
1358 4055 1544 4127 μαθεῖν
1592 4054 1637 4110 εἰ
1697 4058 2057 4130 συνεχωρήθη

409 4148 558 4221 αὖτῷ
585 4148 691 4202 ἀπὸ
719 4149 818 4200 τοῦ
848 4149 1007 4214 Θεοῦ,
1040 4144 1074 4214 ἢ
1110 4141 1172 4199 οὔ
1199 4164 1212 4214 ;

482 4254 668 4311 Ἀπόκ.
699 4256 870 4308 Τοῦτο
917 4252 1010 4326 μὲν
1059 4251 1271 4326 ὀλίγοις
1320 4255 1429 4306 τῶν
1473 4251 1773 4325 ἀνθρώπων
1825 4250 1914 4307 ἐπὶ
1959 4259 2063 4329 γῆς

411 4342 716 4414 κατάδηλον
749 4341 972 4418 γίνεται.
1007 4342 1199 4414 ’Όμως
1236 4339 1418 4416 ὥσπερ
1470 4339 1734 4412 δεσπότης
1793 4342 1883 4396 καὶ
1932 4339 2062 4397 δοῦ-

413 4432 534 4502 λος,
567 4431 742 4495 οῧτως
777 4432 1010 4507 ὑπάρχει
1037 4431 1100 4485 τὸ
1133 4427 1376 4492 συνειδὸς
1405 4435 1503 4486 τοῦ
1559 4432 1850 4506 ἀνθρώπου
1893 4432 1985 4487 καὶ
2033 4433 2061 4487 6

406 4523 559 4585 Θεός.
591 4525 796 4595 ’Ὠσπερ
849 4519 940 4576 οὖν
997 4521 1024 4574 6
1057 4518 1254 4582 δοῦλος
1281 4521 1308 4574 6
1339 4519 1568 4583 πταίσας
1600 4518 1944 4595 ἐπιγινώσκει
2004 4519 2065 4576 ἐκ

2163 3337 2452 3407 judicare,
2485 3343 2543 3394 et
2571 3356 2684 3395 non
2712 3341 3130 3410 judicabimini
3159 3349 3227 3418 ³³,
3262 3372 3288 3400 ›τ
3322 3356 3380 3407 et
3407 3371 3632 3413 rursus.
3673 3378 3698 3410 ιι
3730 3359 3828 3414 Di-

2172 3426 2338 3482 mitte
2370 3427 2721 3494 nobis,sicut
2736 3435 2790 3486 et
2812 3449 2918 3488 nos
2951 3435 3307 3496 dimittimus
3336 3443 3701 3503 debitoribus
3725 3465 3828 3504 no-

2171 3517 2312 3573 stris
2327 3517 2407 3584 3’;
2440 3539 2469 3566 ››
2501 3519 2877 3590 perspicuum
2911 3529 3017 3588 est,
3037 3541 3104 3581 eo
3136 3530 3292 3599 quod
3326 3532 3462 3602 quis
3489 3537 3821 3606 proximum

2171 3621 2288 3660 non
2311 3605 2558 3676 judicet,
2588 3609 2818 3664 veniam
2850 3619 3222 3682 peccatorum
3262 3605 3558 3690 obtinere;
3614 3625 3827 3681 simili-

2170 3699 2260 3749 ter
2293 3711 2359 3750 eo
2408 3697 2566 3768 quod
2614 3699 2745 3768 quis
2793 3700 3071 3771 injuriam
3115 3707 3227 3761 sibi
3277 3708 3576 3768 illatarum
3623 3715 3828 3772 oblivi-

2173 3790 2391 3841 scatur.
2433 3785 2578 3841 Nam
2633 3807 2661 3839 α
2693 3788 3002 3859 Dimittite,
3047 3817 3069 3842 ι
3107 3795 3317 3867 inquit,
3351 3821 3378 3848 «
3413 3804 3472 3855 et
3499 3802 3831 3861 dimittetur

2170 3874 2337 3930 vobis
2369 3875 2433 3930 3‘.
2467 3896 2498 3925 »

2244 3964 2473 4054 Qums'r.
2509 3964 2791 4021 LXXVIII.
2825 3968 2880 4022 Si
2913 3971 3050 4040 quis
3081 3981 3217 4044 post
3265 3979 3648 4036 commissum
3699 3999 3835 4054 gra-

2172 4052 2482 4108 vissimum
2516 4058 2820 4121 peccatum
2855 4060 3262 4128 paenitentiam
3297 4069 3500 4138 egerit,
3535 4052 3832 4127 undenam

2172 4140 2360 4212 possit
2388 4143 2704 4213 rescire,an
2732 4144 2891 4200 aliud
2921 4148 3035 4203 sibi
3067 4150 3218 4207 Deus
3251 4157 3836 4224 condonarit,necne?

2245 4249 2423 4304 RESP.
2454 4249 2511 4304 Id
2543 4251 2780 4321 quidem
2815 4255 3018 4325 paucis
3051 4256 3393 4316 hominibus
3435 4264 3493 4320 in
3542 4268 3715 4323 terris
3769 4269 3836 4323 fit

2173 4340 2576 4394 manifestum.
2628 4343 3046 4400 Verumtamen
3099 4350 3456 4406 conscientia
3486 4354 3746 4412 hominis
3777 4361 3837 4412 et

2173 4425 2328 4483 Deus
2359 4429 2602 4500 perinde
2632 4447 2694 4484 se
2726 4430 2944 4486 habent
2976 4450 3042 4490 ac
3070 4434 3248 4491 herus
3279 4448 3329 4493 et
3362 4456 3584 4497 servus.
3621 4444 3833 4506 Quem-

2173 4517 2491 4573 admodum
2551 4517 2731 4588 igitur
2783 4537 2984 4577 servus
3031 4526 3137 4596 qui
3188 4526 3397 4582 herum
3447 4531 3727 4603 offendit,
3780 4538 3840 4590 et

401 4617 515 4670 τῶν
548 4613 875 4688 σχημάτων,
906 4609 998 4665 καὶ
1052 4614 1159 4664 τῶν
1221 4608 1482 4686 ῥημάτων
1523 4614 1621 4665 τοῦ
1652 4606 1916 4666 δεσπότου
1972 4610 2053 4666 αύ-

2181 4611 2339 4678 gestu
2372 4611 2431 4663 et
2459 4608 2650 4662 verbis
2682 4609 2803 4664 heri
2846 4611 3124 4686 intelligit
3155 4615 3351 4686 ipsum
3389 4635 3504 4675 non
3545 4638 3673 4678 esse
3723 4623 3840 4679 sibi

402 4707 527 4773 τοῦ,
560 4701 644 4757 ὅτι
675 4701 774 4755 οὐκ
803 4697 913 4755 ἔστι
946 4701 1083 4776 πρὸς
1117 4698 1274 4754 αὐτὸν
1308 4699 1555 4772 εὐμενὴς,
1589 4699 1667 4762 ὡς
1714 4702 1780 4768 ἦν
1827 4702 1934 4774 πρὸ
1963 4705 2062 4756 τοῦ

406 4790 774 4865 πταίσματος’
803 4789 946 4845 οὕτω
975 4792 1068 4844 καῖ
1110 4789 1138 4843 6
1185 4785 1470 4864 ἅνθρωπος
1515 4787 1836 4865 ἁμαρτάνων
1886 4789 2062 4845 ἄπολ-

415 4880 537 4937 λύει
567 4881 668 4949 τήν
700 4877 1026 4956 παρρησίαν,
1057 4878 1119 4947 ἣν
1149 4879 1267 4953 εἶχε
1309 4879 1371 4932 τὸ
1422 4874 1665 4940 συνειδὸς
1712 4877 1876 4933 αὐτοῦ
1932 4879 2069 4953 πρὸς

405 4969 506 5025 τὸν
539 4969 668 5024 Θεὸν
719 4966 771 5022 ἐν
821 4967 892 5043 τῇ
952 4967 1090 5042 εὐχῇ
1151 4965 1335 5023 αὐτοῦ.
1383 4971 1783 5029 Μιτανυοῢντος
1831 4965 1924 5022 οὖν
1974 4971 2072 5022 τοῦ

413 5061 707 5135 ἀνθρώπου
732 5059 850 5113 κατ’
906 5056 1078 5128 ἀξίαν,
1129 5054 1293 5110 πάλιν
1354 5055 1632 5131 χαρίζεται
1682 5055 1826 5128 αὐτῷ
1876 5057 1904 5110 ὁ
1943 5057 2074 5117 Θεὸς

410 5149 514 5217 τήν
543 5145 868 5224 παρρησίαν,
900 5147 962 5215 ἣν
996 5143 1114 5220 εἶχε
1142 5145 1282 5221 πρὸς
1314 5143 1473 5199 αὐτὸν
1505 5145 1612 5221 πρὸ
1657 5143 1756 5200 τοῦ
1808 5144 2077 5218 πταίσμα-

411 5256 532 5300 τος·
565 5236 655 5292 καὶ
687 5235 920 5290 ἐντεῦθεν
955 5230 1013 5289 δὲ
1038 5233 1291 5308 γινώσκει
1323 5235 1351 5288 ὁ
1381 5234 1685 5310 ἄνθρωπος,
1717 5235 1800 5292 ὃτι
1831 5236 2073 5312 συνεχώ-

418 5347 581 5404 ρησεν
611 5325 760 5399 αὐτῷ
789 5325 817 5380 6
849 5322 979 5387 Θεὸς
1009 5324 1072 5379 τὸ
1104 5323 1317 5399 ἀμάρτη
1330 5344 1422 5396 μα.

491 5496 538 5533 ²⁹
566 5496 769 5554 Ezech.
801 5513 1006 5568 χχχιιι,
1040 5496 1128 5565 14,
1160 5494 1248 5552 16.

1359 5493 1404 5530 ³ο
1433 5495 1638 5553 Matth.
1669 5513 1725 5566 ν,
1755 5498 1846 5567 23,
1877 5497 1969 5553 24.

414 5567 462 5604 ³*
496 5569 637 5626 Luc.
668 5586 746 5639 v1,
775 5571 832 5624 7.

491 5738 607 5814 (27)
639 5739 758 5796 Duo
791 5754 963 5811 mss.,
998 5734 1326 5812 μολύναντες
1356 5733 1577 5798 ἑαυτοὺς
1611 5737 1746 5812 μετὰ
1773 5736 1834 5793 τὸ
1866 5739 2044 5817 ἅγιον.

2081 5497 2124 5533 ⁴¹
2155 5497 2175 5551 I
2207 5496 2335 5552 Cor:
2370 5510 2492 5564 XIII,
2531 5496 2615 5550 13.

2174 4697 2541 4762 benevolum,
2593 4701 2659 4752 ut
2705 4704 2832 4754 erat
2879 4705 3013 4756 ante
3044 4703 3327 4760 offensam
3366 4723 3378 4760 :
3415 4708 3497 4763 ita
3527 4709 3703 4767 homo
3735 4716 3841 4785 qui

2173 4789 2398 4855 peccat,
2443 4785 2721 4842 fiduciam
2755 4789 2993 4856 amittit,
3029 4808 3144 4863 qua
3175 4799 3346 4850 antea
3379 4799 3508 4867 eius
3539 4800 3840 4857 conscien-

2177 4873 2262 4928 tia
2294 4875 2613 4941 fruebatur,
2647 4893 2779 4931 cum
2814 4882 2994 4934 Deum
3045 4889 3255 4939 oraret.
3305 4885 3449 4941 Cum
3499 4893 3698 4945 autem
3749 4890 3839 4945 di-

2182 4977 2359 5032 gnam
2409 4962 2562 5018 idem
2614 4965 2795 5036 egerit
2839 4968 3263 5042 paenitentiam,
3299 4973 3379 5028 illi
3413 4991 3650 5032 rursum
3685 4977 3838 5034 Deus

2184 5050 2457 5106 fiduciam
2492 5053 2705 5117 reddit,
2736 5072 2850 5125 qua
2879 5061 3014 5113 ante
3045 5067 3345 5129 peccatum
3374 5065 3699 5135 gaudebat;
3741 5067 3837 5122 in-

2185 5141 2373 5212 deque
2405 5142 2568 5198 novit
2590 5142 2764 5200 homo
2787 5150 2967 5202 Deum
2991 5148 3102 5203 sibi
3124 5157 3427 5220 peccatum
3451 5156 3836 5213 condonasse.

2730 5496 2775 5530 32
2809 5495 3009 5552 Matth.
3042 5513 3142 5560 vn,
3178 5499 3227 5568 1,
3317 5499 3361 5534 ³³
3391 5501 3598 5560 Matth.
3633 5519 3708 5573 v1,
3744 5505 3831 5564 12.
