4132 6362
417 378 536 436 647

420 597 683 670 seipsum
728 595 1103 660 condemnet,
1158 589 1518 662 incipiatque
1567 604 1738 661 agere
1787 587 2074 660 poeniten-

416 687 583 756 tiam,
637 701 704 743 ac
753 689 888 758 post
932 690 1046 738 tres
1079 680 1204 736 dies
1233 678 1544 748 moriatur,
1575 678 1716 749 quid
1747 678 1820 734 de
1850 676 1950 733 illo
1980 692 2074 732 co-

414 776 730 849 gitandum
754 773 889 831 est?

487 884 656 940 Rssr.
692 881 772 948 Si,
818 879 1050 950 incepta
1099 874 1466 949 poenitentia,
1515 873 1775 929 animam
1822 888 1993 929 suam
2043 888 2078 927 a

422 973 599 1030 malis
645 969 1009 1042 compescuit
1054 962 1533 1038 cogitationibus,
1586 967 1911 1035 pactusque
1939 977 2074 1018 cum

421 1066 532 1120 Deo
563 1066 653 1119 est
690 1078 753 1118 se
805 1076 921 1115 non
971 1055 1228 1129 amplius
1276 1054 1475 1109 eadem
1525 1069 1654 1124 quae
1703 1057 1876 1107 antea
1922 1066 2077 1106 com-

412 1153 740 1210 missurum
774 1153 1033 1221 peccata,
1067 1162 1134 1202 ac
1164 1148 1397 1217 postero
1427 1142 1522 1198 die
1553 1141 1872 1198 moriatur:
1922 1141 2074 1196 Deus

410 1247 640 1314 gratam
689 1238 899 1295 habuit
946 1238 1073 1309 ejus
1121 1233 1547 1307 paenitentiam,
1600 1236 1666 1286 ut
1713 1230 1852 1286 olim
1892 1229 2077 1285 latro-

412 1331 530 1400 nis,
578 1329 874 1403 siquidem
921 1325 1181 1398 incipere
1229 1320 1631 1395 pmnitentiam
1681 1336 1852 1393 agere
1895 1335 2073 1392 penes

412 1422 710 1479 hominem
741 1424 832 1476 est
864 1435 877 1475 :
911 1424 970 1475 at
997 1417 1190 1473 vivere
1218 1414 1305 1472 vel
1338 1414 1507 1484 mori,
1532 1428 1712 1485 penes
1745 1419 1928 1470 Deum
1958 1416 2069 1468 est.

404 1513 672 1583 Namque
703 1508 944 1574 multos,
976 1524 1111 1564 cum
1144 1502 1550 1579 paenitentiam
1599 1519 1771 1576 agere
1818 1501 2072 1574 incepis-

409 1607 560 1670 sent,
592 1600 795 1657 statim
822 1597 994 1671 eripit
1024 1601 1214 1665 Deus;
1248 1596 1466 1668 quippe
1496 1593 1620 1665 qui,
1652 1597 1719 1649 ut
1747 1594 2073 1661 bonus,eo-

405 1708 539 1747 rum
569 1689 880 1748 commodo
911 1685 1297 1759 prospiciens,
1322 1686 1646 1756 prsenoscat
1676 1680 1833 1751 illos,
1857 1681 1908 1738 si
1940 1681 2071 1737 diu-

401 1781 520 1838 tius
549 1779 829 1848 viverent,
858 1776 1133 1849 lapsuros
1170 1774 1389 1831 iterum
1419 1788 1551 1829 esse
1583 1788 1650 1828 ac
1679 1771 1993 1843 perituros.

476 1979 705 2044 Qums'r.
754 1971 982 2030 LXXX.
1032 1972 1221 2036 Quare
1270 1968 1512 2042 quidam
1560 1982 1629 2023 ex
1673 1965 1783 2022 levi
1830 1970 2065 2024 tantum

407 2083 609 2136 causa,
642 2063 852 2120 ﬂuvios
884 2078 1064 2134 prope
1093 2059 1491 2130 lacrymarum
1525 2056 1891 2129 profundunt
1922 2074 1935 2111 :
1966 2055 2065 2112 alii

404 2152 802 2224 vero,etiamsi
830 2151 890 2207 in
923 2149 1084 2205 mille
1113 2149 1381 2204 incidant
1409 2146 1778 2204 calamitates
1806 2151 1865 2202 et
1888 2146 2064 2202 mise-

407 2247 546 2317 rias,
570 2249 673 2301 aut
702 2241 849 2299 alios
880 2237 1163 2296 incidisse
1190 2238 1449 2305 videant,
1482 2251 1787 2307 nunquam
1819 2239 2067 2307 possunt

402 2334 737 2408 lacrymari.

475 2441 626 2500 235
662 2440 831 2497 Rus».
865 2436 1033 2494 Talia
1061 2438 1203 2492 sunt
1256 2432 1592 2490 animarum
1640 2436 1700 2489 et
1750 2448 2064 2505 corporum

408 2532 897 2604 temperamenta,
931 2543 1059 2599 qua:
1084 2542 1154 2581 ex
1184 2527 1396 2579 natura
1424 2521 1594 2578 facile
1640 2520 1731 2576 vel
1780 2536 1930 2594 aegre
1981 2520 2064 2578 la-

405 2623 765 2692 crymantur.
817 2615 925 2679 Qui
978 2613 1135 2669 enim
1175 2611 1374 2668 calidae
1404 2615 1462 2667 et
1487 2616 1697 2667 tenerae
1727 2616 1869 2667 sunt
1896 2610 2064 2667 habi-

400 2708 648 2775 tudinis,
683 2705 885 2763 statim
916 2701 1429 2761 commiseratione
1461 2700 1868 2774 laorymantur
1907 2701 2062 2773 quod

399 2799 460 2854 in
508 2797 786 2854 omnibus
834 2795 1019 2850 ferme
1086 2790 1438 2847 mulieribus
1507 2791 2061 2848 animadvertimus.

394 2887 508 2945 Alii
555 2891 755 2944 autem
804 2888 1041 2957 propter
1082 2886 1373 2953 agrestem
1406 2884 1688 2948 mentem,
1725 2885 1783 2935 et
1811 2879 2067 2938 siccissi-

395 2995 556 3035 mam
605 2982 901 3041 naturam,
955 2978 1012 3029 et
1058 2971 1255 3027 cordis
1306 2970 1706 3042 arrogantiam
1760 2970 1896 3025 ﬂere
1944 2988 2063 3027 non

395 3074 666 3142 possunt.
716 3068 852 3125 Haec
897 3080 1069 3138 porro
1098 3061 1402 3135 loquimur
1432 3062 1504 3116 de
1534 3060 1609 3116 iis
1640 3059 1744 3132 qui
1773 3061 1833 3115 in
1864 3062 2059 3117 medio

390 3159 613 3215 mundo
669 3160 1001 3213 versantur.
1059 3157 1210 3209 Nam
1268 3152 1372 3223 qui
1432 3151 1824 3206 monasticam
1873 3150 2053 3208 vitam

1580 368 1645 427 S.
1697 362 2220 426 ATHANASIUS.
2253 401 2332 412 ——
2359 368 2667 435 SPURIA.

489 511 705 575 Qumsr.
765 502 999 561 LXXIX.
1065 500 1127 558 Si
1191 499 1328 571 quis
1375 502 1509 572 post
1553 514 1727 571 grave
1775 499 2081 570 peccatum
2107 498 2163 564 Α

3723 376 3848 444 648

2267 502 2460 578 Ἐρώτ.
2506 512 2601 570 σθ’.
2635 506 2757 562 Ἐάν
2804 528 2909 577 τις,
2960 509 3196 579 ποιήσας
3244 509 3510 584 ἁμαρτίαν
3573 509 3848 588 μεγάλην,

2190 591 2301 645 εἶτα
2346 599 2599 670 καταγνῷ
2659 597 2869 667 ἑαυτοῦ,
2941 597 3031 652 καὶ
3104 595 3328 672 ἄρξηται
3390 606 3689 675 μετανοεῖν,
3749 601 3846 659 καὶ

2190 680 2324 753 μετὰ
2378 689 2524 759 τρεῖς
2584 685 2796 759 ἡμέρας
2853 686 3125 760 ἀποθάνῃ,
3181 686 3234 742 τί
3291 689 3405 763 χρὴ
3460 688 3702 763 νομίζειν
3756 689 3846 747 ἐπ’

2185 768 2350 823 αὐτοῦ
2375 789 2387 841 ;

2260 878 2449 935 Ἀπόκ.
2484 880 2630 953 Ἐὰν,
2679 881 2977 957 ἀρξάμενος
3018 887 3116 952 τῆς
3175 886 3484 959 μετανοίας,
3527 884 3841 943 συνέστειλε

2182 967 2281 1035 τήν
2323 966 2514 1023 ἑαυτοῦ
2567 972 2753 1046 ψυχὴν
2802 971 2906 1027 ἀπὸ
2954 978 3059 1027 τῶν
3107 978 3363 1050 πονηρῶν
3418 973 3842 1051 βουλευμάτων,

2183 1057 2272 1109 καὶ
2304 1053 2507 1113 διέθετο
2539 1059 2675 1135 πρὸς
2705 1060 2797 1115 τὸν
2831 1060 2959 1116 Θεὸν
2990 1062 3274 1137 συνταγὰς,
3306 1061 3391 1118 ὅτι
3422 1064 3521 1119 οὐκ
3567 1061 3645 1121 ἔτι
3694 1085 3845 1137 παρ-

2184 1144 2401 1221 ἑρχεται
2481 1145 2571 1202 διὰ
2642 1154 2749 1203 τῶν
2825 1148 3104 1225 προτέρων
3163 1150 3329 1207 αὐτοῦ
3389 1153 3692 1228 ἁμαρτιῶν,
3759 1153 3839 1208 ὧν

2184 1232 2413 1311 ἔπραξε,
2465 1236 2555 1292 καὶ
2606 1236 2694 1293 ἐπὶ
2748 1239 2849 1308 τὴν
2910 1235 3094 1314 αὔριον
3148 1237 3473 1317 τελευτήσῃ·
3535 1239 3750 1313 ἐδέξαο
3810 1244 3841 1298 ὁ

2183 1325 2309 1387 Θεὸς
2353 1326 2450 1395 τὴν
2497 1328 2780 1400 μετάνοιαν
2829 1328 3016 1402 αὐτοῦ,
3065 1329 3139 1391 ὡς
3190 1329 3283 1385 καὶ
3327 1334 3425 1386 τοῦ
3476 1330 3702 1407 λῃστοῦ.
3763 1333 3840 1388 Τὸ

2186 1414 2280 1487 μὶν
2336 1416 2440 1492 γὰρ
2512 1413 2765 1492 ἄρξασθαι
2819 1420 2919 1487 τῆς
2977 1419 3260 1492 μετανοίας
3319 1419 3371 1475 ἐν
3424 1424 3505 1493 τῷ
3561 1421 3841 1498 ἀνθρώπῳ

2182 1503 2315 1559 ἐστί’
2367 1505 2430 1560 τὸ
2488 1502 2547 1560 δὲ
2605 1512 2761 1576 ζῆσαι
2818 1508 2853 1577 ἢ
2911 1508 3229 1578 τελευτῆσαι
3287 1507 3339 1565 ἐν
3394 1513 3475 1581 τῷ
3522 1515 3639 1583 Θεῷ
3690 1509 3831 1570 ἐστι.

2183 1591 2437 1657 Πολλοὺς
2466 1594 2571 1670 γὰρ
2602 1595 2934 1670 ἀρξαμένους
2984 1603 3262 1670 μετανοεῖν
3308 1598 3506 1662 εὐθέως
3538 1598 3770 1677 ἁρπάζει
3804 1602 3834 1655 ὁ

2180 1683 2312 1745 Θεὸς
2355 1684 2430 1745 ὡς
2487 1683 2702 1759 ἀγαθὸς
2739 1687 2878 1761 πρός
2931 1707 2985 1741 τι
3042 1686 3358 1766 συμφέρον,
3412 1689 3837 1765 προγινώσκων,

2181 1770 2286 1841 ὅτι,
2335 1771 2396 1827 ἂν
2434 1771 2923 1850 πολυχρονήσωσι,
2969 1774 3135 1832 πάλιν
3184 1782 3367 1833 πεσεῖν
3405 1776 3496 1833 καί
3526 1776 3835 1845 ἀπολέσθαι

2084 1871 2134 1938 Β
2164 1861 2404 1937 ἔμελλον
2417 1908 2429 1920 .

2248 1972 2442 2048 Ἐρώτ.
2474 1973 2547 2028 π’.
2572 1976 2695 2033 Πῶς
2749 1991 2891 2034 τινες
2946 1971 3007 2027 ἐκ
3047 1971 3218 2047 ψιλῆς
3257 1974 3347 2029 καὶ
3403 1973 3583 2048 μόνης
3622 1976 3841 2055 προφά-

2176 2082 2309 2123 σεως
2356 2062 2643 2134 ποταμοὺς
2700 2058 2896 2136 σχεδὸν
2950 2058 3196 2138 δακρύων
3241 2063 3669 2141 καταφέρουσιν
3718 2062 3837 2122 ἕτε-

2176 2172 2263 2227 ροι
2293 2147 2371 2222 δὲ,
2403 2148 2490 2204 ἐὰν
2527 2149 2744 2224 μυρίαις
2769 2155 3076 2228 συμφοραῖς
3114 2151 3204 2205 καὶ
3255 2149 3473 2225 θλίψεσι
3519 2154 3838 2228 περιπέσω-

2175 2262 2276 2310 σιν,
2310 2239 2345 2309 ἢ
2383 2239 2474 2294 καὶ
2523 2237 2727 2301 ἄλλους
2773 2240 3160 2316 περιπεσόντας
3207 2240 3521 2317 θεάσωνται,
3574 2241 3837 2319 οὐδαμῶς

2175 2328 2432 2405 δακρῦσαι
2467 2325 2716 2383 δύνανται
2742 2346 2757 2397 ;

2248 2436 2440 2494 Ἀπὸκ’
2474 2436 2593 2495 Εῗσὶ
2628 2438 2723 2511 μὲν
2780 2437 2869 2493 καὶ
2922 2440 3139 2514 κράσεις
3193 2443 3437 2495 τοιαῦται
3490 2442 3688 2517 ψυχῶν
3738 2443 3831 2499 καὶ

2175 2527 2469 2601 σωμάτων,
2524 2526 2584 2582 ἐκ
2631 2526 2881 2605 φύσεως,
2928 2528 2992 2582 τὸ
3043 2525 3271 2604 δάκρυον
3322 2527 3550 2606 ἔχουσαι
3597 2532 3688 2587 καὶ
3751 2534 3831 2607 μή

2174 2616 2421 2693 ἔχουσαι.
2455 2617 2522 2674 Οἱ
2572 2617 2666 2689 μὲν
2711 2616 2837 2693 γὰρ,
2887 2618 3093 2693 θερμῆς
3139 2618 3229 2672 καὶ
3278 2617 3497 2689 ἁπαλῆς
3544 2616 3705 2692 ἕξεως
3738 2620 3828 2678 ὅν-

2171 2726 2280 2775 τες,
2330 2704 2524 2767 εύθὲως
2586 2702 2876 2779 δακρύουσι
2937 2707 3256 2779 συμπαθῶς,
3307 2707 3419 2762 οἷόν
3478 2730 3531 2763 τι
3588 2709 3677 2765 καὶ
3736 2710 3827 2767 ἐπὶ

2172 2800 2357 2851 πασῶν
2388 2799 2496 2850 τῶν
2543 2798 2812 2869 γυναικῶν
2867 2795 3083 2870 ὁρῶμεν
3132 2794 3446 2872 γενόμενον·
3486 2799 3540 2852 οἱ
3570 2796 3625 2853 δὲ
3654 2796 3819 2855 πάλιν

2171 2885 2261 2940 καὶ
2318 2883 2369 2955 ἐξ
2427 2883 2614 2959 ἀγρίας
2666 2882 2899 2957 γνώμης
2956 2884 3047 2937 καὶ
3090 2883 3394 2957 ξηροτάτης
3446 2886 3663 2963 φύσεως,
3721 2888 3811 2941 καὶ

2175 2972 2515 3051 ὑπερηφάνου
2574 2968 2819 3047 καρδίας,
2881 2968 3140 3044 δακρῦσαι
3207 2971 3268 3027 οὐ
3327 2970 3585 3031 δύνανται.
3634 2978 3810 3030 Ταῦτα

2176 3064 2270 3137 μὲν
2304 3083 2477 3141 φαμεν
2527 3060 2616 3115 ἐπὶ
2657 3064 2765 3115 τῶν
2818 3060 2869 3115 ἐν
2925 3059 3074 3133 μέσῳ
3122 3066 3218 3116 τοῦ
3255 3062 3465 3137 κόσμου
3494 3061 3813 3140 διαγόντων.

2171 3153 2234 3205 Οἱ
2263 3151 2367 3227 γὰρ
2396 3152 2487 3206 τὸν
2541 3151 2756 3225 μονήρη
2808 3148 2925 3225 βίον
2979 3150 3376 3227 μετερχόμενοι
3425 3149 3696 3216 πολλάκις
3726 3154 3818 3209 καὶ

390 3253 595 3322 agunt,
627 3247 851 3303 donum
881 3244 1277 3316 lacrymarum
1309 3257 1377 3296 ex
1417 3240 1616 3295 divina
1664 3241 1854 3310 gratia
1900 3257 2055 3312 szepe

2179 3241 2227 3296 ἑκ
2256 3240 2399 3302 θείας
2430 3238 2659 3315 χάριτος
2705 3239 2768 3293 τὸ
2801 3236 2977 3314 δῶρον
3014 3244 3123 3294 τῶν
3175 3237 3424 3317 δακρύων
3474 3241 3815 3316 κομίζονται.

389 3341 855 3409 consequuntur.
907 3333 1093 3390 Multa
1139 3336 1337 3387 autem
1371 3330 1430 3383 in
1457 3328 1733 3400 lacrymis
1764 3330 2054 3401 reperitur

388 3425 740 3483 differentia.
771 3423 1022 3489 Quidam
1069 3421 1227 3477 enim
1287 3435 1440 3490 saepe
1496 3432 1566 3473 ex
1620 3418 1903 3474 ebrietate
1959 3418 2047 3476 la-

385 3518 730 3586 orymantur
779 3529 793 3568 :
846 3511 1089 3584 quidam
1138 3524 1296 3576 vero,
1351 3513 1415 3563 ut
1455 3506 1703 3580 gloriam
1734 3507 2045 3565 hominum

383 3608 770 3677 aucupentur.
821 3600 1103 3668 Quocirca
1148 3597 1341 3654 bonus
1388 3595 1490 3652 ille
1545 3601 1635 3653 est
1691 3597 1884 3667 ﬂetus,
1943 3599 2045 3671 qui

382 3691 611 3750 occulte
639 3693 755 3748 Deo
787 3691 1031 3747 oil‘ertur
1060 3686 1563 3760 quemadmodum
1596 3686 1767 3743 nobis
1797 3687 1867 3743 de
1894 3686 2043 3744 elec-

381 3798 627 3856 mosyna
655 3795 891 3853 quoque
920 3778 1282 3851 pracipitur.

449 3893 671 3955 Quam.
706 3887 941 3944 LXXXI.
971 3884 1031 3941 Si
1060 3884 1196 3957 quis
1223 3900 1257 3939 a
1308 3882 1594 3939 mendicis
1643 3897 1813 3939 secus
1860 3881 2039 3951 viam,

378 3979 586 4036 multis
616 3976 1031 4051 praesentibus,
1064 3977 1322 4047 rogetur,
1366 3971 1508 4044 quid
1558 3972 1855 4044 agendum
1907 3970 2041 4029 est?

374 4071 582 4124 Annon
615 4070 807 4140 potest
834 4065 1268 4135 eleemosynam
1299 4060 1600 4133 praebere?

447 4174 611 4231 Rssr.
643 4171 1066 4246 Cogitationem
1097 4175 1155 4226 et
1196 4173 1458 4224 mentem
1510 4167 1766 4224 hominis
1807 4168 2039 4240 judicat

372 4261 528 4319 Deus
580 4278 593 4318 :
646 4262 696 4318 si
746 4262 881 4335 quis
930 4260 1113 4333 igitur
1140 4274 1338 4314 coram
1369 4256 1660 4313 sexcentis
1690 4256 2034 4314 hominibus

369 4357 611 4424 propter
640 4351 847 4423 Deum,
881 4367 998 4405 non
1031 4352 1228 4405 autem
1279 4351 1342 4402 ut
1386 4345 1733 4401 hominibus
1783 4345 2035 4417 placeat.

369 4442 594 4498 bonum
623 4440 828 4514 egerit,
863 4438 962 4495 ille
993 4452 1372 4509 nequaquam
1405 4434 1913 4492 condemnabitur.

441 4548 659 4613 Qums'r.
692 4547 954 4603 LXXXII.
990 4545 1296 4601 Undenam
1327 4542 1395 4597 ﬁt
1424 4546 1489 4598 ut
1520 4540 1720 4597 anima
1765 4540 2034 4612 aliquan-

2160 3330 2313 3399 Πλὴν
2346 3327 2534 3398 πολλή
2561 3350 2646 3390 τις
2678 3327 2729 3382 ἐν
2762 3334 2878 3391 τοῖς
2912 3326 3169 3403 δακρύοις
3216 3327 3452 3408 διαφορᾶ
3500 3333 3814 3403 καθέστηκε.

2158 3420 2315 3481 Τινὲς
2343 3420 2448 3494 γὰρ
2479 3416 2752 3479 πολλάκις
2785 3419 2874 3472 καὶ
2925 3418 3033 3472 ἀπὸ
3084 3418 3251 3491 μέθης
3299 3417 3451 3474 οἷ’νου
3501 3418 3815 3498 δακρύουσι’

2156 3509 2298 3571 τινὲς
2357 3506 2415 3563 δὲ
2472 3510 2563 3562 καὶ
2621 3504 2776 3577 δόξαν
2841 3506 3138 3582 ἀνθρώπων
3219 3509 3557 3584 θηρώμενοι.
3616 3509 3815 3586 Διόπερ

2156 3597 2329 3653 ἐκεῖνο
2378 3597 2572 3673 ἀγαθὸν
2625 3596 2919 3666 καθέστηκε
2972 3593 3226 3672 δάκρυον,
3280 3598 3343 3652 τὸ
3394 3602 3652 3670 κρδπτῶς
3694 3602 3813 3672 Θεῷ

2153 3687 2587 3763 προσαγόμενον,
2612 3684 2793 3762 ὥσπερ
2824 3685 2913 3740 καὶ
2947 3685 3033 3740 ἐπὶ
3063 3692 3162 3757 τῆς
3192 3685 3317 3757 ἐλεη
3330 3685 3572 3761 μοσύνης
3603 3708 3812 3765 παραγ-

2153 3775 2490 3854 γελλόμεθα.

2231 3886 2426 3961 Ἐρώτ.
2459 3885 2568 3940 πα’.
2603 3884 2726 3941 Ἐάν
2783 3882 2864 3944 τίς
2921 3881 3024 3937 ὑπὸ
3080 3887 3322 3959 πτωχῶν
3383 3882 3704 3959 αἰτούμενος
3758 3882 3815 3940 ἐν

2152 3969 2283 4044 ὁδῷ,
2315 3972 2403 4026 καὶ
2436 3972 2636 4047 ἑτέρων
2696 3968 2926 4025 πολλῶν
2980 3967 3189 4047 ἀνδρῶν
3235 3971 3543 4046 παρόντων,
3590 3972 3644 4027 τί
3696 3974 3814 4049 χρὴ

2148 4067 2326 4117 ποιεῖν
2352 4081 2366 4132 ;
2402 4063 2471 4117 Ἥ
2498 4060 2561 4116 ού
2595 4058 2819 4115 δυνατὸν
2851 4058 2941 4115 καὶ
2972 4060 3069 4128 τήν
3100 4054 3477 4134 ἐλεημοσύνην
3511 4066 3688 4117 ποιεῖν
3714 4082 3730 4133 ;

2218 4169 2409 4228 Ἀπόκ.
2441 4169 2541 4223 Τὸν
2577 4166 2842 4246 λογισμὸν
2872 4168 2969 4222 τοῦ
3002 4167 3291 4239 ἀνθρώπου
3343 4168 3515 4243 κρίνει
3565 4170 3593 4223 ὁ
3654 4168 3811 4231 Θεός.

2145 4260 2269 4317 Ἐὰν
2330 4257 2421 4314 οὖν
2478 4257 2707 4312 ἐνώπιον
2772 4253 3049 4332 μυριάδων
3107 4253 3197 4311 διὰ
3254 4256 3406 4327 Θεὸν,
3465 4256 3556 4313 καὶ
3615 4257 3678 4312 ού
3736 4255 3814 4313 δι’

2146 4350 2648 4425 ἀνθρωπαρέσκειαν
2710 4349 2931 4418 ποιήσει
2982 4347 3045 4403 τὸ
3105 4344 3325 4425 ἀγαθὰν,
3385 4348 3448 4403 ού
3479 4349 3803 4425 κατακέκρι-

2141 4458 2252 4495 ται.

2215 4543 2518 4618 Ἐρώτησις
2580 4543 2691 4618 πβ’.
2750 4541 2922 4605 Πόθεν
2971 4542 3106 4598 ποτὲ
3167 4543 3263 4616 μὲν
3294 4542 3468 4618 ἀγαθή
3499 4545 3701 4619 γίνεται
3762 4545 3800 4599 ἢ

369 4637 445 4693 do
494 4653 679 4708 prona
725 4638 803 4694 sit
850 4636 923 4691 ad
953 4632 1517 4701 commiserandum,
1551 4629 1871 4702 aliquando
1896 4647 2031 4687 vero

2182 4632 2291 4708 υχὴ
2342 4632 2479 4709 πρὸς
2525 4630 2881 4705 συμπάθειαν,
2933 4632 3065 4687 ποτε
3118 4628 3175 4687 δὲ
3219 4631 3385 4688 πάλιν
3438 4631 3656 4711 σκληρὰ
3707 4634 3803 4690 καὶ

374 4724 524 4782 dura
550 4731 608 4782 et
637 4723 933 4782 immitis?

441 4832 615 4891 RESP.
641 4834 839 4891 Solam
870 4833 1132 4891 divinam
1164 4835 1437 4887 naturam
1463 4827 1735 4885 novimus
1765 4845 1894 4886 esse
1924 4830 2032 4886 im-

2139 4719 2497 4798 ἄσπλαγχνος
2521 4738 2535 4791 ;

2208 4828 2398 4886 Ἀπόκ.
2432 4827 2616 4899 Μόνην
2678 4829 2943 4903 ἄτρεπτον
2995 4829 3088 4883 καὶ
3145 4827 3227 4883 ἀεὶ
3285 4827 3547 4892 ὡσαύτως
3606 4829 3807 4903 μένου-

2135 4939 2229 4973 σαν
2259 4920 2357 4987 τήν
2391 4915 2533 4982 θείαν
2574 4916 2731 4996 φύσιν
2790 4916 3156 4991 γινώσκομεν.
3211 4917 3360 4972 Ἐπεὶ
3409 4918 3501 4973 καὶ
3548 4916 3601 4989 ἐξ
3635 4918 3808 4996 ἆγγὲ-

2137 5007 2248 5063 λων
2279 5007 2421 5070 τινες
2453 5006 2780 5080 ἐτράπησαν.
2815 5006 2910 5061 Διὸ
2940 5006 3084 5062 οὕτω
3125 5008 3239 5083 χρὴ
3288 5004 3484 5062 λοιπὸν
3536 5010 3650 5082 (28)
3706 5008 3807 5065 ἐπὶ

2132 5104 2233 5168 τῆς
2261 5103 2499 5173 τρεπτῆς
2533 5094 2742 5175 φύσεως
2798 5100 2906 5151 τῶν
2958 5096 3259 5171 ἀνθρώπων
3309 5102 3477 5151 νοεῖν·
3531 5095 3612 5152 ὅτι
3664 5097 3806 5153 ποτε

2137 5186 2230 5261 μὲν
2290 5185 2631 5261 ἀγαθύνεται,
2687 5185 2763 5248 ὡς
2820 5186 2938 5240 κατ’
2998 5183 3177 5240 εἰκόνα
3234 5190 3369 5242 Θεοῦ
3448 5186 3802 5261 ὑπάρχουσαο

2131 5275 2265 5331 ποτέ
2340 5274 2398 5331 δὶ
2471 5273 2849 5351 σκληρύνεται,
2919 5274 2995 5337 ὡς
3068 5272 3465 5348 πολεμουμὲνη
3538 5275 3642 5330 ὑπὸ
3696 5278 3803 5331 τοῦ

370 4922 713 4980 mutabilem
761 4940 828 4979 ac
874 4939 1107 4995 semper
1172 4920 1379 4977 eodem
1447 4917 1619 4974 modo
1669 4934 1732 4975 se
1789 4918 2027 4976 habere.

367 5014 514 5072 Nam
563 5019 620 5071 et
668 5030 737 5069 ex
786 5012 1011 5085 angelis
1062 5010 1306 5084 quidam
1354 5007 1653 5064 immutati
1679 5013 1840 5064 sunt.
1874 5011 2027 5076 Quo-

364 5102 518 5160 circa
544 5102 629 5159 ita
657 5103 729 5159 de
760 5101 1029 5159 mutabili
1059 5100 1369 5156 hominum
1402 5100 1616 5152 natura
1664 5098 2024 5155 censendum

364 5198 493 5263 est;
543 5191 857 5264 aliquando
907 5206 1120 5262 nempe
1160 5186 1395 5244 facilem
1427 5191 1485 5241 et
1514 5185 1718 5242 mitem
1749 5204 1900 5257 esse,
1933 5192 2024 5245 ut-

357 5288 493 5355 pote
542 5298 672 5354 quae
722 5281 1053 5338 secundum
1104 5277 1427 5350 imaginem
1477 5275 1578 5331 Dei
1608 5275 1688 5332 sit
1716 5276 2026 5349 facta,ali-

358 5372 593 5443 quando
625 5375 823 5428 autem
853 5370 1067 5426 duram
1098 5373 1158 5424 et
1184 5365 1479 5422 immitem
1509 5381 1660 5435 esse,
1695 5371 1900 5438 utpote
1949 5368 2021 5423 ab

2179 5367 2358 5441 ίθροῦ,
2386 5363 2480 5420 καὶ
2510 5363 2875 5441 προσκειμένη
2906 5368 3024 5425 τοῖς
3052 5366 3151 5419 τοῦ
3197 5363 3317 5439 βίου
3364 5364 3579 5428 πάθεσι.
3633 5360 3794 5433 Πλὴν

338 5459 526 5541 hoste
554 5464 982 5534 oppugnatam,
1013 5465 1073 5515 et
1101 5457 1231 5513 vitm
1262 5452 1673 5512 ati'ectionibus
1720 5455 2023 5512 adhaeren-

2179 5473 2217 5509 ιν
2252 5456 2281 5510 ὁ
2312 5456 2596 5529 ἅνθρωπος
2627 5453 2816 5509 ἑαυτὸν
2862 5453 3001 5529 πρὸς
3058 5453 3158 5521 τὴν
3218 5452 3553 5527 συμπάθειαν
3617 5453 3801 5528 βιάζε-

359 5553 499 5605 tem.
531 5548 949 5606 Verumtamen
982 5548 1032 5605 si
1066 5547 1242 5603 homo
1274 5543 1386 5601 sibi
1416 5542 1542 5615 ipse
1574 5541 1694 5598 vim
1732 5543 1912 5602 faciat
1957 5550 2024 5602 ut

2179 5564 2239 5614 ιι,
2269 5547 2368 5599 τοῦ
2398 5541 2613 5607 πάντως
2644 5548 2875 5613 ποιῆσαι
2903 5542 2969 5598 τὸ
3027 5542 3248 5619 ἀγαθὸν,
3305 5542 3604 5619 προκόπτει
3665 5539 3797 5598 λοι-

437 5707 549 5785 (28)
578 5707 668 5767 Ita
697 5708 939 5783 quidam
970 5724 1139 5778 mss.,
1171 5706 1343 5778 Editi,
1377 5702 1536 5765 Οὕτω
1568 5701 1637 5774 δὴ
1670 5700 1760 5759 οὖν
1790 5700 2008 5764 λοιπόν.
