4132 6382
267 399 405 464 649

1267 391 1778 466 ΟΗΛΞΞΤΙΟΝΕΞ
1820 397 1923 455 AD
1971 392 2428 456 ANTIOCHUM
2482 392 2779 459 DUCEM.

3589 399 3710 462 650

269 535 383 589 πὸν
444 537 512 606 τῇ
565 531 747 606 ἀγαθῇ
805 527 1076 598 συνηθεία,
1133 525 1210 589 είς
1268 529 1338 581 τὸυ
1379 528 1604 582 πάντοτε
1653 526 1949 601 προθύμως

2099 529 2469 585 Jisericordia
2499 535 2925 603 permoveatur.
2959 532 3223 604 beneque
3253 534 3497 590 omnino
3555 543 3712 607 agat,

276 619 524 680 διδόναι.

363 800 562 878 Ἐρώτ.
597 801 705 875 πγ’.
738 801 844 852 Τοῦ
879 795 1217 854 Ἀποστὸλου
1268 793 1540 872 λέγοντος·
1582 819 1604 848 ι
1643 795 1736 863 Μὴ
1769 794 1828 850 ἐκ
1859 793 1955 850 λύ-

285 914 428 963 πης,
492 891 526 959 ἢ
585 890 636 960 ἐξ
697 888 940 962 ἀνάγκης
976 904 989 916 ⁸
1048 885 1237 959 ἱλαρὸν
1294 885 1398 960 γὰρ
1486 882 1648 954 δότην
1697 884 1877 960 ἀγαπᾷ
1929 883 1956 936 6

289 983 445 1043 Θεὸς·
485 1005 512 1031 υ
546 979 608 1034 οὗ
639 979 752 1053 χρὴ
798 975 993 1031 λοιπὸν
1050 975 1321 1050 βιάζεσθαι
1369 973 1459 1028 τὸν
1513 971 1775 1049 λογισμὸν
1832 973 1958 1026 ἐαυ-

289 1076 392 1126 τοῦ
420 1070 511 1124 τὸν
549 1069 858 1143 ἄνθρωπον,
893 1064 984 1119 καὶ
1016 1069 1242 1132 ποιῆσαι
1276 1061 1650 1135 ἐλεημοσύνην
1679 1090 1694 1132 ε

373 1160 566 1216 Ἀπόκ.
599 1161 722 1214 Τῶν
755 1153 976 1209 τελείων
1019 1151 1129 1206 ἐστὶ
1158 1152 1220 1206 τὸ
1246 1151 1475 1206 πάντοτε
1521 1149 1731 1228 ἱλαρῶς
1781 1155 1956 1205 ποιεῖν

301 1252 364 1305 τὸ
423 1247 640 1323 ἀγαθόν’
692 1245 783 1300 καὶ
845 1245 896 1298 οἱ
960 1241 1276 1318 βιαζόμενοι
1334 1238 1391 1295 δὲ
1447 1240 1668 1302 ἑαυτοὺς
1727 1239 1802 1302 είς
1857 1241 1956 1308 τήν

307 1343 403 1393 τοῦ
460 1340 686 1410 πτωχοῦ
745 1332 976 1400 ἐντολὴν
1035 1327 1418 1406 εύπρόσδεκτοί
1477 1329 1576 1384 εἰσι
1645 1330 1788 1405 παρὰ
1845 1333 1960 1400 Θεῷ

312 1432 391 1498 τῷ
442 1422 660 1480 ε”πὸντι-
701 1451 726 1475 u
760 1422 978 1476 Βιασταὶ
1026 1422 1323 1495 ἁρπάζουσι
1371 1420 1469 1487 τὴν
1518 1415 1793 1494 βασιλείαν
1851 1422 1958 1471 τῶν

323 1515 587 1590 οὐρανῶν.
625 1537 650 1564 ››

392 1604 585 1680 Ἐρώτ.
618 1599 719 1656 πδ’.
773 1599 886 1655 Ἐάν
943 1621 1028 1661 τις
1086 1598 1209 1673 περὶ
1263 1602 1371 1653 τῶν
1432 1598 1624 1652 ἐαυτοῦ
1681 1597 1958 1670 ἁμαρτιῶν

321 1696 649 1768 μετανοήσῃ,
707 1689 984 1768 πρόδηλον
1056 1690 1142 1745 δτι
1209 1688 1478 1767 ἐξαλείφει
1544 1689 1642 1751 τὰς
1695 1686 1960 1762 ἁμαρτίας

313 1783 496 1838 αὐτοῦ·
535 1782 632 1855 ἆρα
679 1779 872 1835 λοιπὸν
924 1779 1014 1834 καὶ
1065 1777 1152 1834 ἐάν
1189 1801 1269 1841 τις
1304 1780 1538 1848 ποιήσας
1571 1777 1813 1831 εὐποιίαν
1874 1797 1964 1848 με·

2069 621 2194 672 tum
2222 620 2374 675 bona
2403 620 2828 675 consuetudine
2857 621 3002 676 adeo
3043 621 3326 693 proﬁciet,
3378 629 3444 678 ut
3487 641 3718 696 semper

2067 707 2146 761 sit
2174 725 2394 778 pronus
2426 709 2498 764 ad
2533 709 2818 764 dandum.

2136 795 2360 860 Qua-:s'r.
2400 797 2692 854 LXXXIII.
2723 798 2870 854 Cum
2901 800 3059 855 dicat
3088 800 3430 871 Apostolus,
3451 802 3623 858 «Non
3649 819 3719 859 ex

2067 885 2305 940 tristitia
2335 890 2438 941 aut
2468 903 2537 942 ex
2567 888 2913 942 necessitate
2940 929 2953 955 ,
2979 887 3226 944 hilarem
3259 889 3415 944 enim
3456 892 3718 947 datorem

2067 972 2262 1044 diligit
2290 975 2444 1030 Deus
2475 976 2540 1043 ³⁵,
2575 998 2604 1024 ››
2639 993 3006 1047 nequaquam
3042 976 3156 1032 vim
3188 978 3301 1032 sibi
3335 979 3522 1036 facere
3551 981 3726 1036 debet

2068 1061 2266 1131 homo,
2301 1064 2815 1137 uteleemosynam
2847 1065 3113 1120 tribuat?

2143 1151 2313 1206 RESP.
2348 1153 2742 1208 Perfectorum
2776 1160 2866 1209 est
2897 1155 3116 1210 bonum
3136 1155 3320 1212 hilare
3341 1173 3573 1227 semper
3593 1173 3723 1230 age-

2070 1256 2167 1307 re;
2203 1245 2459 1296 attamen
2491 1243 2587 1313 qui
2627 1245 2740 1296 vim
2773 1242 2881 1298 sibi
2917 1243 3160 1311 faciunt,
3195 1252 3259 1300 ut
3295 1251 3584 1317 prmoepto
3616 1249 3722 1302 ob-

2071 1333 2481 1399 temperantes,
2518 1347 2834 1402 pauperem
2867 1333 3148 1402 adjuvent
3179 1334 3296 1388 Deo
3331 1336 3531 1406 utique
3564 1352 3724 1390 acce-

2071 1417 2153 1489 pti
2186 1424 2328 1473 sunt
2356 1419 2571 1474 dicenti
2598 1436 2610 1475 :
2640 1443 2667 1470 (ι
2699 1420 2947 1475 Violenti
2984 1423 3222 1492 rapiunt
3252 1440 3500 1495 regnum
3550 1425 3726 1482 ccelo-

2069 1523 2202 1562 rum
2236 1507 2300 1562 ³⁸.
2325 1530 2353 1558 ››

2143 1597 2368 1661 Ουλεετ.
2405 1596 2685 1655 LXXXIV.
2721 1599 2780 1654 Si
2812 1600 2946 1670 quis
2976 1617 3079 1671 pro
3122 1602 3376 1673 peccatis
3410 1608 3546 1676 agat
3597 1621 3722 1676 pm-

2072 1685 2403 1753 nitentiam,
2458 1687 2642 1758 liquet
2690 1688 2886 1760 ipsum
2934 1705 3039 1744 sua
3087 1689 3279 1746 delere
3326 1696 3602 1763 peccata:
3651 1711 3726 1749 an

2071 1774 2252 1848 igitur
2282 1777 2575 1845 similiter,
2611 1779 2658 1833 si
2705 1794 2880 1848 quem
2930 1779 3209 1850 poeniteat
3255 1783 3723 1850 benefactorum,

306 1870 620 1943 ταμεληθῇ,
652 1867 916 1948 ἐξαλείφει
947 1871 1037 1923 τὸν
1088 1867 1274 1942 μισθὸν
1325 1868 1382 1922 ’ὸν
1434 1864 1658 1936 ἐποίησε
1716 1863 1804 1919 διὰ
1860 1870 1962 1933 τῆς

524 1956 541 1974 η
597 1959 608 1974 .

2099 1865 2417 1936 iujusmodi
2448 1867 2814 1938 poenitentia,
2853 1869 3183 1924 mercedem
3215 1870 3368 1927 delet
3388 1888 3565 1942 quam
3594 1888 3727 1944 pro-

310 1956 673 2033 μεταμελείας
697 1977 711 2026 ;

381 2042 577 2104 Ἀπὸκ.
637 2049 728 2116 Μή
791 2049 1039 2122 γένοιτοί
1101 2047 1281 2123 ὥσπερ
1341 2047 1444 2121 γὰρ
1513 2045 1599 2100 ἐπὶ
1647 2052 1747 2114 τῆς
1808 2063 1965 2116 μετα-

302 2138 457 2200 νοίας
487 2142 595 2191 τῶν
631 2138 908 2213 ἁμαρτιῶν
944 2138 969 2191 ὁ
1003 2137 1132 2198 Θεός
1165 2135 1303 2191 ἐστιν
1353 2136 1380 2190 6
1429 2133 1627 2205 ταύτης
1683 2133 1964 2209 πρόξενος,

303 2229 482 2290 οὕτως
516 2226 604 2281 ἐπὶ
636 2233 735 2296 τῆς
785 2225 1066 2299 μετανοίας
1114 2233 1213 2294 τῆς
1271 2224 1392 2301 περὶ
1444 2226 1541 2294 τὴν
1589 2221 1966 2295 ἐλεημοσύνην

299 2319 332 2370 ὁ
367 2312 632 2378 διάϐολός
666 2316 775 2371 ἐστι
802 2317 1040 2386 ποιητὴς
1092 2315 1281 2384 αὐτῆς,
1314 2313 1404 2369 καὶ
1453 2313 1561 2388 οὐχ
1599 2315 1633 2382 ἡ
1667 2313 1821 2387 ψυχὴ
1870 2314 1965 2364 τοῦ

300 2406 621 2481 ἀνθρώπου.
658 2405 752 2459 Διὸ
802 2402 929 2460 οὐδὲ
975 2403 1262 2459 ἀναλύεται
1313 2405 1342 2458 ὁ
1394 2398 1684 2477 γινόμενος
1748 2398 1961 2473 μισθός.

298 2497 504 2568 ⁸Ὀμως
537 2494 598 2549 οὐ
649 2494 817 2548 καλὸν
866 2494 929 2549 τὸ
979 2494 1397 2569 μεταγινώσκειν
1446 2491 1527 2546 ἐπ’
1577 2490 1761 2567 ἀγαθῷ
1811 2509 1965 2562 γινο-

304 2584 482 2658 μένῳ,
517 2585 577 2641 Ὀ
625 2583 726 2659 γὰρ
775 2588 1020 2658 συνεχῶς
1077 2580 1556 2656 μεταμελούμενος
1608 2577 1967 2654 ὀκνηρότερος

298 2675 386 2734 εἷς
417 2673 481 2728 τὸ
511 2673 707 2748 ἀγαθὸν
741 2672 967 2748 γίνεται.

382 2764 579 2837 Ἐρώτ.
642 2764 742 2818 πέ.
795 2762 942 2823 Τινές
1001 2783 1181 2838 φασιν,
1227 2759 1310 2815 ὅτι
1370 2760 1432 2814 οὐ
1489 2757 1569 2814 δεῖ
1625 2758 1964 2828 ἀνεξέταστον

298 2854 575 2928 παρέχειν
619 2850 1020 2922 ἐλεημοσύνην,
1053 2848 1180 2905 ἀλΛ⁹
1223 2849 1426 2925 ἐρωτᾷν
1477 2849 1610 2923 μετὰ
1668 2842 1964 2922 ἀκριϐείας,

299 2943 353 2997 εἰ
416 2941 466 2996 ἐν
522 2939 754 3011 ἀληθείᾳ
805 2937 989 3009 ἐνδεής
1038 2939 1176 2994 ἐστιν
1228 2941 1256 2993 ὁ
1313 2941 1450 3011 ἡμῖν
1498 2937 1964 3014 προσερχόμενος.

306 3031 474 3104 Λέγει
501 3030 628 3105 γὰρ,
661 3029 821 3107 φησὶν
859 3029 886 3082 6
935 3027 1224 3101 Σολομὼν,
1258 3027 1364 3098 ὅτι,
1405 3052 1430 3082 ιι
1457 3029 1579 3084 Ἐὰν
1622 3029 1788 3098 ποιῇς
1843 3024 1967 3100 ἀγα-

309 3121 426 3186 θὸν,
466 3118 634 3194 βλέπε
661 3118 764 3172 τίνι
797 3123 993 3179 ποιεῖς.
1030 3141 1059 3169 ››

389 3207 613 3281 Ἀπόκρ.
664 3207 823 3264 Οὕτω
868 3205 957 3261 καὶ
1005 3207 1102 3268 τὰς
1151 3203 1349 3268 λοιπὰς
1413 3205 1627 3283 Γραφὰς
1688 3204 1740 3258 o't
1788 3206 1967 3263 κακῶς

2073 1960 2368 2010 meruerat
2389 1955 2416 2010 7

2143 2047 2316 2100 Resp.
2348 2045 2551 2100 Absit!
2589 2063 2726 2102 nam
2757 2048 3258 2116 quemadmodum
3293 2048 3352 2105 in
3387 2051 3728 2122 poenitentia

2077 2141 2469 2206 peccatorum,
2503 2134 2656 2190 Deus
2688 2137 2815 2206 ejus
2840 2143 3047 2191 auctor
3084 2143 3173 2192 est
3220 2139 3300 2193 ita
3333 2140 3392 2193 in
3445 2142 3727 2211 poeniten-

2076 2223 2157 2278 tia
2187 2239 2303 2294 qua
2333 2239 2506 2294 quem
2540 2225 2686 2278 dats:
2718 2225 3099 2297 eleemosynaa
3130 2228 3388 2297 poenitet,
3453 2229 3724 2286 diabolus

2075 2312 2311 2367 effector
2339 2312 2467 2382 ejus
2497 2317 2604 2376 est,
2631 2329 2746 2368 non
2777 2318 2973 2368 autem
3005 2313 3265 2370 hominis
3297 2316 3512 2372 anima.
3567 2319 3725 2382 Quo-

2076 2401 2228 2456 circa
2259 2417 2373 2455 non
2408 2401 2559 2472 perit
2588 2417 2814 2457 merces
2845 2403 3178 2474 promerita.
3232 2405 3452 2460 Tamen
3504 2407 3726 2463 bonum

2079 2507 2192 2545 non
2244 2494 2334 2544 est
2385 2491 2660 2558 poenitere
2711 2491 2864 2562 quod
2908 2492 3055 2547 bene
3095 2494 3304 2565 egeris.
3359 2494 3503 2550 Nam
3552 2512 3728 2566 quem

2078 2579 2413 2649 frequenter
2445 2577 2703 2649 poenitet,
2736 2579 3128 2652 negligentior
3158 2581 3410 2638 efficitur
3459 2584 3531 2638 ad
3581 2585 3732 2640 bene

2078 2669 2393 2737 agendum.

2149 2757 2332 2820 ans'r.
2395 2756 2654 2813 LXXXV.
2709 2758 2958 2822 Quidam
3030 2761 3198 2816 aiunt
3267 2779 3383 2817 non
3461 2767 3730 2835 oportere

2077 2844 2508 2914 eleemosynam
2539 2846 2763 2918 absque
2793 2848 3060 2904 examine
3083 2849 3501 2922 impertiri,sed
3531 2852 3726 2924 inqui-
3815 2889 3818 2892 -

2077 2935 2325 2991 rendum
2359 2935 2673 3006 diligenter
2703 2954 2844 2991 num
2889 2955 3016 2992 vere
3050 2939 3318 3009 indigens
3362 2941 3459 3010 sit,
3510 2959 3612 3012 qui
3660 2943 3731 2997 ad

2078 3042 2185 3081 nos
2211 3027 2451 3080 accedit.
2487 3026 2774 3096 Namque,
2805 3027 3106 3097 inquiunt,
3141 3028 3224 3082 ait
3270 3028 3573 3098 Salomon,
3612 3052 3633 3079 α
3667 3031 3728 3086 Si

2077 3115 2225 3170 bene
2257 3115 2484 3184 feceris,
2517 3116 2644 3170 vide
2677 3117 2766 3169 cui
2802 3116 3006 3170 feceris
3036 3116 3100 3169 ³⁷.
3139 3139 3165 3165 ››

2152 3204 2321 3258 Resr.
2354 3205 2436 3258 [ta
2467 3202 2692 3258 scilicet
2721 3210 2778 3258 et
2807 3211 3012 3259 caetera
3044 3205 3356 3276 Scriptum
3389 3208 3725 3263 testimonia

303 3300 560 3356 νοοῦντες
619 3291 1048 3371 διαστρέφουσιν·
1102 3292 1164 3346 οὐ
1212 3293 1316 3367 γὰρ
1364 3281 1487 3368 περὶ
1535 3295 1635 3346 τοῦ
1675 3290 1962 3361 ἀνθρώπου

2099 3298 2418 3347 )ει·νοι·ιιιοι
2449 3293 2548 3362 qui
2591 3310 2763 3363 prave
2785 3296 3069 3349 sentiunt.
3102 3295 3217 3350 Nec
3249 3295 3406 3350 enim
3452 3297 3522 3352 de
3571 3313 3718 3368 pau-

307 3390 410 3441 τοῦ
457 3388 688 3458 πτδιχοῦ
733 3387 895 3437 τοῦτο
947 3381 1087 3436 εἶπεν
1140 3382 1167 3435 6
1211 3380 1502 3453 Σολομὼν·
1535 3380 1681 3435 ἀλλὰ
1712 3405 1738 3430 ‹‹
1773 3378 1962 3454 βλέπε,

303 3476 415 3530 τίνι
446 3478 648 3538 ποιεῖς,
681 3499 708 3524 ››
739 3471 1038 3538 τουτέστιν,
1066 3472 1150 3526 ὅτι
1207 3475 1285 3542 τῷ
1343 3474 1460 3542 Θεῷ
1519 3474 1716 3530 ποιεῖς.
1750 3468 1814 3523 Εἰ
1863 3467 1964 3543 γὰρ

306 3565 421 3640 πρὸ
473 3566 570 3616 τοῦ
621 3559 919 3636 ἀνακρίνειν
970 3559 1096 3622 τοὺς
1145 3559 1426 3621 αἰτοῦντας
1468 3559 1631 3613 τοῦτό
1662 3579 1818 3636 φησι,
1849 3561 1966 3617 πῶς

309 3656 340 3709 6
377 3652 573 3724 Κύριος
608 3649 774 3725 λέγει·
812 3676 838 3702 ι(
877 3649 1038 3706 Παντὶ
1067 3653 1147 3721 τῷ
1176 3648 1411 3703 αἰτοῦντί
1449 3669 1506 3703 σε
1537 3645 1726 3717 δίδου;
1764 3671 1792 3698 υ

393 3740 588 3815 Ἑρώτ.
640 3740 744 3802 πς’.
777 3742 913 3809 Ἀρα
964 3735 1021 3792 δὲ
1067 3737 1127 3792 τὸ
1175 3737 1224 3791 ἐν
1278 3736 1592 3807 ἐκκλησίαις
1648 3735 1970 3814 προσφέρειν

2076 3397 2210 3453 pere
2244 3381 2479 3436 homine
2513 3382 2633 3436 haec
2673 3383 2820 3436 dixit
2866 3383 3162 3453 Salomon,
3216 3386 3340 3451 sed,
3375 3407 3402 3434 «
3438 3385 3578 3442 Vide
3627 3388 3725 3442 cui

2078 3471 2304 3541 feceris,
2339 3492 2366 3521 »
2400 3471 2456 3525 id
2489 3475 2598 3536 est,
2632 3471 2749 3525 Deo
2783 3472 2945 3526 facis.
2977 3474 3030 3526 Si
3063 3475 3220 3528 enim
3255 3475 3555 3530 mendicos
3579 3475 3725 3530 indi-

2079 3565 2173 3617 cat
2217 3577 2347 3615 esse
2400 3559 2836 3626 discernendos,
2883 3577 2988 3616 cur
3029 3561 3210 3633 igitur
3265 3563 3347 3618 ait
3417 3566 3722 3632 Dominus,

2082 3673 2109 3699 «
2144 3649 2341 3704 Cuivis
2372 3650 2592 3721 petenti
2622 3650 2697 3704 da
2725 3649 2810 3703 3°?
2845 3674 2865 3699 ι
3360 3666 3366 3670 ’

2155 3739 2380 3802 ΟυιΕΒΤ.
2418 3737 2708 3794 LXXXVI.
2739 3739 3017 3812 Nunquid
3045 3742 3155 3797 Deo
3179 3743 3406 3814 gratius
3427 3749 3515 3799 est
3531 3745 3736 3800 etferre

319 3830 558 3904 ὑπάρχει
614 3827 760 3901 παρὰ
803 3831 920 3899 Θεῴ
968 3826 1319 3903 τιμιώτερον,
1350 3827 1386 3895 ἢ
1433 3827 1496 3880 τὸ
1541 3831 1658 3888 τοῖς
1700 3823 1968 3898 δεομένοις

2099 3845 2146 3882 in
2181 3826 2466 3897 ecclesiis,
2502 3842 2680 3898 quam
2713 3827 3117 3900 indigentibus
3149 3830 3555 3889 distribuere?

312 3917 628 3990 διανέμειι;

391 4005 582 4064 Ἀπὸκ.
618 4006 695 4062 Τὸ
756 4005 922 4059 ε”πεῖν
981 4005 1072 4060 τὸν
1131 4003 1326 4079 Κύριον
1381 4010 1498 4066 τοῖς
1558 4003 1619 4058 ἐκ
1658 4001 1844 4073 δεξιῶν
1895 4002 1979 4056 ὅτι

315 4125 346 4149 (ι
384 4096 696 4165 Ἐπείνασα,
727 4093 818 4148 καὶ
877 4091 1109 4149 ἐδώκατέ
1170 4114 1266 4166 μοι
1323 4099 1534 4171 φαγεῖν·
1588 4090 1840 4166 ἐδίψησα,
1889 4091 1978 4145 καὶ

319 4183 608 4240 ἐποτίσατέ
670 4205 757 4256 με,
815 4207 840 4233 ››
892 4179 1058 4253 ἔδειξε
1103 4182 1505 4257 προτιμοτέραν
1555 4182 1689 4235 εἶναι
1743 4181 1841 4248 τὴν
1903 4180 1980 4241 εἰς

322 4273 455 4332 τοῦς
486 4269 594 4326 κᾶτ’
626 4271 809 4326 εἰκόνα
839 4269 925 4325 καὶ
961 4268 1227 4343 ὁμοίωσιν
1256 4268 1421 4324 αὐτοῦ
1469 4268 1778 4332 κτισθέντας
1826 4266 1982 4329 ναοὺς

323 4359 677 4432 συμπάθειαν.
719 4357 869 4427 Πλὴν
903 4356 1198 4432 πολλάκις,
1233 4357 1285 4412 ἐν
1317 4363 1493 4434 καιρῷ
1537 4355 1788 4431 διωγμοῦ
1844 4353 1981 4428 μέλ-

319 4450 519 4512 λοντος
597 4453 726 4504 ναοῦ
801 4452 936 4503 Θεοῦ
1011 4445 1397 4518 ἀπόλλυσθαι,
1455 4445 1720 4522 ἀναγκαία
1795 4447 1884 4500 καὶ
1947 4446 1968 4498 ὖ

2099 4451 2420 4506 exhibetur.
2453 4449 2869 4504 Verumtamen
2912 4451 3214 4506 multoties
3254 4453 3408 4508 236
3439 4470 3571 4508 cum
3615 4471 3748 4526 per-

315 4538 372 4595 ἐν
431 4538 612 4610 τούτῳ
667 4536 993 4610 συμπάθεια.
1027 4535 1128 4590 Καὶ
1178 4535 1364 4603 πάλιν,
1402 4541 1559 4590 τινῶν
1609 4532 1698 4590 διὰ
1745 4536 1968 4610 Χριστοῐ

2099 4539 2416 4596 secutionis
2463 4545 2726 4610 tempore
2777 4538 3065 4610 templum
3117 4539 3216 4595 Dei
3264 4543 3588 4613 periturum
3636 4549 3746 4614 est,

313 4629 501 4684 πίστιν
575 4626 1040 4702 βασανιζομένων,
1084 4625 1387 4700 τιμιωτέρα
1435 4627 1648 4680 πάντων
1693 4627 1728 4694 ἡ
1773 4625 1968 4679 τούτωι

2099 4627 2429 4684 necessaria
2460 4633 2600 4683 tunc
2631 4631 2719 4683 est
2745 4644 2881 4699 erga
2913 4627 3058 4683 illud
3089 4630 3543 4687 commiseratio.
3570 4631 3754 4688 Deni-

310 4715 638 4793 ἀνάῤῥυσις.

2099 4734 2208 4790 que
2238 4732 2371 4772 cum
2407 4715 2647 4788 quidam
2681 4721 2918 4788 propter
2945 4716 3165 4773 Christi
3215 4718 3391 4776 ﬁdem
3439 4721 3749 4778 tormentis

2095 4805 2515 4878 subjiciuntur,
2548 4821 2751 4861 eorum
2785 4805 3051 4862 liberatio
3080 4808 3358 4864 omnibus
3386 4815 3478 4865 est
3533 4810 3750 4882 pretio-

2095 4895 2241 4952 sior.

2167 4989 2395 5051 Qwas'r.
2430 4983 2743 5039 LXXXVII.
2776 4983 2832 5038 Si
2864 4985 2999 5055 quis
3022 4984 3276 5040 infidelis
3302 4987 3607 5057 pecuniam
3633 5001 3754 5041 cre-

2095 5074 2314 5129 diderit
2343 5073 2525 5138 ﬁdeli,
2560 5073 2723 5142 isque
2756 5073 2924 5128 illum
2958 5073 3287 5142 defraudet,
3333 5091 3472 5130 num
3523 5075 3582 5130 id
3622 5075 3752 5132 sine

2099 5163 2274 5234 culpa
2303 5167 2394 5218 est
2424 5162 2577 5232 apud
2613 5161 2842 5217 Deum?

2171 5251 2343 5307 Rssr.
2367 5251 2511 5306 Cum
2544 5249 2830 5306 Dominus
2863 5250 3040 5321 dicat,
3077 5275 3104 5301 «
3136 5251 3381 5308 Reddite
3437 5268 3566 5325 qua
3614 5255 3756 5311 sunt

2098 5340 2364 5404 Caesaris,
2398 5339 2605 5395 Caesari
2628 5340 2710 5392 ‘0:
2751 5360 2773 5388 ν
2805 5340 3285 5411 quandoquidem
3316 5345 3459 5396 tunc
3517 5340 3755 5412 gentilis

2097 5436 2288 5488 Caesar
2339 5436 2484 5498 erat,
2537 5430 2673 5484 inde
2716 5428 3001 5484 discimus
3048 5427 3408 5485 laudabilem
3457 5446 3574 5486 non
3624 5446 3755 5486 esse

2101 5521 2366 5576 fraudem
2400 5517 2830 5588 hujuscemodi.
2863 5517 3082 5573 Tamen
3115 5517 3162 5573 si
3196 5516 3306 5572 illa;
3330 5518 3590 5590 pecunia
3612 5535 3755 5590 pau-

3427 5663 3472 5698 ⁴⁰
3547 5660 3756 5716 Matth.

2162 4006 2333 4060 Rasr.
2372 4005 2446 4059 Iis
2472 4021 2601 4075 quae
2633 4005 2921 4061 Dominus
2951 4007 3023 4062 ad
3059 4007 3190 4063 illes
3223 4009 3488 4064 dicturus
3520 4015 3610 4066 est
3640 4011 3742 4082 qui

2089 4112 2124 4149 a
2152 4094 2371 4148 dextris
2404 4098 2596 4163 erunt,
2619 4115 2658 4143 ›‹‹
2694 4094 2920 4148 Esurivi
2955 4098 3011 4148 et
3040 4097 3287 4152 dedistis
3321 4098 3465 4153 mihi
3489 4100 3744 4154 mandu-

2090 4199 2257 4238 care:
2293 4182 2475 4250 sitivi,
2507 4187 2565 4236 et
2594 4183 2844 4238 dedistis
2877 4185 3021 4238 mihi
3057 4185 3254 4241 bibere
3272 4187 3340 4251 3°,
3367 4210 3394 4237 υ
3418 4191 3750 4244 ostenditur

2091 4272 2408 4344 gratiorem
2446 4275 2558 4326 Deo
2602 4286 2731 4326 esse
2781 4274 3381 4341 commiserationem,
3432 4294 3560 4346 quae
3609 4294 3748 4350 erga

2095 4359 2313 4431 templa
2343 4361 2411 4415 ad
2446 4359 2574 4429 eius
2609 4359 2927 4432 imaginem
2959 4367 3017 4416 et
3065 4363 3518 4419 similitudinem
3570 4367 3746 4432 facta,

393 4983 592 5060 Ἐρώτ.
623 4983 728 5051 πζ’.
765 4981 886 5038 Ἐάν
914 5001 996 5044 τις
1026 4980 1226 5044 πίστὸς
1255 4981 1402 5058 παρὰ
1452 4978 1664 5054 ἀπίστῳ
1722 4981 1986 5056 χρήματα

313 5073 626 5134 πιστευθεὶς
669 5071 875 5126 τούτων
927 5071 1268 5147 παράψηται,
1306 5070 1406 5146 ἆρα
1439 5070 1808 5145 εύσύγνωστον
1842 5069 1986 5143 παρᾶ

317 5165 440 5232 Θεῷ
471 5165 631 5215 τοῦτο
661 5159 986 5231 καθέστηκεν
1016 5181 1029 5231 ;

399 5245 593 5306 Ἀπόκ.
625 5252 736 5307 Τοῦ
787 5249 987 5327 Κυρίου
1034 5247 1319 5326 λέγοντος,
1352 5273 1381 5302 ‹‹
1432 5246 1698 5304 ’Δπόδοτε
1742 5247 1809 5302 τὰ
1856 5247 1986 5303 Καί-

319 5359 494 5414 σαρος
527 5339 779 5416 Καίσαρι,
816 5364 838 5394 ι
877 5337 1046 5408 δῆλον
1089 5338 1197 5409 ὅτι,
1227 5337 1500 5408 Ἑλληνος
1537 5338 1634 5393 τοῦ
1681 5337 1805 5393 τότε
1856 5337 1986 5394 Καί-

318 5449 487 5504 σαρος
525 5424 704 5496 ὄντος,
741 5429 1104 5503 μανθάνομεν,
1137 5428 1222 5484 ὅτι
1255 5429 1359 5484 οὐκ
1410 5427 1685 5484 ἐπαινετὸν
1734 5429 1798 5482 τὸ
1843 5447 1987 5502 παρ-

321 5521 584 5592 άψασθαι.
636 5518 854 5590 ”Ομως,
907 5517 993 5572 ἐὰν
1058 5519 1133 5580 εἷς
1183 5519 1418 5588 πένητας
1469 5519 1534 5571 τὰ
1583 5516 1806 5572 τοιαῦτα
1860 5519 1985 5573 ἀνα-

406 5663 452 5698 ³⁵
485 5663 532 5717 It
564 5662 694 5718 Cor.
728 5679 808 5733 Ix,
836 5663 890 5716 7.
998 5664 1041 5698 ³⁶
1075 5663 1281 5719 Matth.
1304 5679 1386 5730 ιι,
1419 5661 1506 5716 12.

331 5751 480 5801 xxn,
510 5736 603 5791 21.
640 5744 675 5766 κ

627 5862 896 5921 Persen.
928 5861 1039 5923 Gn.
1083 5860 1356 5927 XXVIII.

2792 5927 2794 5931 _
3402 5857 3476 5920 31

2733 5660 2780 5695 ³9
2813 5659 3022 5717 Matth.
3068 5677 3200 5730 xxv,
3233 5661 3322 5716 42.

1612 5663 1656 5697 ³⁷
1688 5662 1864 5721 Eccli.
1896 5665 2085 5737 x11,1.
2185 5665 2228 5698 ³⁸
2263 5664 2400 5720 Luc.
2435 5679 2511 5736 vx,
2544 5661 2630 5715 30.
