4132 6412
275 455 421 520 353

1273 454 1789 531 QUIESTIONES
1836 456 1939 517 AD
1983 451 2449 514 AN'I‘IOC'HUM
2499 450 2793 516 DUCEM.

3600 462 3722 520 654

283 597 420 665 μῶν
454 593 754 667 ἐκπέμπων
785 591 861 654 εἷς
892 593 954 646 τὸ
984 592 1176 652 σκότος
1205 591 1264 645 τὸ
1296 591 1538 659 αἰώνιον,
1583 591 1682 659 τήν
1734 586 1962 657 ἀνελεη-

2082 589 2157 642 mi
2189 587 2462 643 duritiem
2515 590 2842 660 exprobrat.
2904 590 3048 646 Nam
3100 591 3270 664 signa
3315 592 3505 660 edere,
3538 593 3726 650 solius

285 682 546 753 μοσύνην
575 681 667 736 καὶ
696 683 797 751 τήν
830 678 1210 755 ἀσπλαγχνίαν
1269 679 1440 734 αύτῶν
1502 676 1801 734 ἐνεκάλεσε.
1859 677 1956 732 Καὶ

282 773 402 845 γὰρ
436 771 500 825 τὸ
529 778 758 840 ποιῆσαι
788 775 992 842 σημεῖα
1015 776 1113 839 τῆς
1159 773 1255 824 τοῦ
1299 774 1432 824 Θεοῦ
1479 768 1567 822 καὶ
1623 768 1790 841 μόνης
1846 766 1956 822 ἐστὶ

287 856 608 932 δυνάμεως·
637 861 699 914 τὸ
729 856 786 913 δὲ
819 860 1033 934 ἀγάπην
1067 861 1156 912 καὶ
1189 857 1521 932 συμπάθειαν
1555 858 1628 920 εἰς
1675 857 1766 912 τὸν
1811 855 1958 925 πλη-

289 949 416 1003 σίον
452 948 801 1020 ἐνδείξασθαι,
864 945 1148 1023 πρόδηλον
1209 947 1292 1002 ὅτι
1350 948 1438 1002 καὶ
1483 949 1582 1016 τῆς
1621 950 1716 1000 τοῦ
1750 945 1959 1019 ἀνθρώ-

291 1061 408 1093 που
443 1039 553 1094 ἐστὶ
585 1040 982 1114 προαιρέσεως.
1049 1038 1324 1093 Ἀκοασον
1382 1035 1440 1091 δὲ
1491 1038 1579 1091 καὶ
1621 1034 1958 1110 τρανωτὲρας

296 1130 427 1204 περὶ
454 1134 563 1184 τῶν
594 1130 662 1184 τὰ
691 1134 895 1201 σημεῖα
926 1126 1230 1182 ποιούντων
1260 1126 1348 1182 καὶ
1400 1125 1774 1199 ἐλεημοσύνας
1828 1143 1965 1198 μαρ-

298 1218 489 1294 τυρίας
519 1218 608 1272 καὶ
641 1221 847 1296 ψήφου·
885 1241 914 1268 α
949 1216 1093 1284 Ἐὰν,
1127 1240 1157 1268 ››
1189 1217 1353 1294 φησὶν
1403 1217 1431 1270 6
1482 1220 1718 1284 Παῦλος,
1770 1238 1797 1265 ‹‹
1847 1218 1964 1274 ταῖς

301 1306 578 1382 γλώσσαις
607 1313 710 1361 τῶν
745 1307 1048 1380 ἀνθρώπων
1082 1303 1238 1362 λαλῶ
1281 1306 1371 1361 καὶ
1401 1310 1508 1360 τῶν
1561 1305 1825 1382 ἀγγέλων,
1875 1303 1964 1358 καὶ

311 1396 400 1451 ἐὰν
455 1396 568 1472 ἔχω
623 1403 791 1451 πᾶσαν
849 1397 948 1464 τὴν
1009 1394 1213 1466 πίστιν,
1275 1394 1413 1450 ὣστε
1472 1389 1572 1467 ὅρη
1627 1394 1959 1466 μεθιστάνειν

315 1486 410 1538 κᾶν
447 1483 673 1557 παραδῶ
701 1486 762 1540 τὸ
793 1485 948 1557 σῶμά
999 1505 1126 1556 μου,
1175 1481 1264 1537 ’ίνα
1312 1485 1698 1556 καυθήσωμαι,
1748 1483 1962 1558 ἀγάπην

323 1571 376 1627 δὲ
411 1575 488 1646 μὴ
523 1572 658 1650 ἔχω,
687 1571 835 1628 οὐδὲν
870 1570 1208 1650 ὠφελοῦμαι.
1266 1596 1295 1624 ›)
1356 1571 1458 1630 Καὶ
1517 1570 1679 1627 πάλιν
1741 1572 1960 1648 Κύριος,

319 1682 474 1740 φησγ

317 1757 448 1814 νοῖς.
488 1779 515 1802 υ

384 1842 576 1916 Ἐρώτ.
639 1841 704 1918 L_'.
758 1843 926 1896 Πόσον
1007 1842 1168 1918 μέρος
1226 1839 1335 1897 τῶν
1398 1842 1588 1896 ἑαυτοῦ
1647 1841 1952 1917 χρημάτων

306 1930 610 1984 ἀπαιτεῖτςιι
644 1937 746 1992 πᾶς
806 1931 1092 2007 ἄνθρωπος
1143 1932 1290 2006 παρὰ
1347 1935 1481 1986 Θεοῦ
1540 1928 1724 1986 δοῦναι
1774 1931 1848 1992 εἰς
1880 1929 1963 1985 εὐ-

303 2018 487 2073 ποιίαν
514 2039 527 2088 ;

2069 677 2277 732 divinss
2310 681 2399 733 est
2430 679 2738 750 potestatis
2773 696 2786 734 :
2821 683 2880 734 at
2917 679 3265 736 charitatem
3311 687 3368 737 et
3407 684 3719 741 commise-

2070 768 2354 822 rationem
2385 784 2522 839 erga
2553 767 2882 839 proximum
2916 769 3205 836 exhibere,
3233 772 3488 842 profecto
3511 772 3724 829 huma-

2072 873 2159 911 nze
2189 861 2278 911 est
2307 857 2644 912 voluntatis.
2673 859 2824 912 Audi
2869 876 3037 930 porro
3070 859 3425 914 luculentius
3458 862 3725 916 testimo-

2074 946 2240 1002 nium
2272 946 2342 1000 de
2374 945 2446 1000 iis
2479 947 2576 1016 qui
2611 947 2896 1003 miracula
2933 953 2990 1003 et
3034 948 3433 1021 eleemosynas
3467 950 3723 1006 faciunt:

2073 1060 2100 1086 ‹‹
2137 1037 2219 1100 Si,
2256 1059 2277 1086 ι»
2316 1035 2508 1107 inquit
2539 1038 2812 1104 Paulus,«
2850 1036 3065 1108 linguis
3099 1037 3408 1093 hominum
3441 1038 3646 1110 loquar
3667 1043 3725 1094 et

2076 1125 2421 1197 angelorum
2455 1141 2466 1178 :
2502 1129 2559 1180 et
2606 1125 2654 1179 si
2706 1125 2965 1180 habuero
3029 1143 3265 1182 omnem
3301 1128 3501 1195 ﬁdem,
3551 1128 3634 1184 ita
3665 1132 3730 1183 ut

2077 1220 2306 1270 montes
2339 1215 2686 1270 transferam
2722 1233 2734 1270 :
2769 1219 2824 1270 et
2856 1214 2906 1270 si
2937 1216 3234 1271 tradidero
3267 1233 3480 1289 corpus
3528 1234 3722 1274 meum

2074 1305 2152 1359 ita
2187 1309 2250 1359 ut
2279 1303 2889 1372 ardeam,charitatem
2920 1309 3117 1360 autem
3145 1323 3258 1360 non
3275 1305 3556 1374 habuero,
3579 1305 3728 1362 nihil

2075 1392 2221 1448 mihi
2255 1393 2493 1464 prodest
2517 1393 2617 1448 ‘7.»
2637 1391 2923 1448 Dominus
2955 1395 3103 1450 237
3137 1395 3276 1450 item
3309 1395 3446 1450 ait:«
3475 1396 3729 1463 Estote,»

2074 1500 2188 1538 non
2222 1483 2392 1554 signa
2425 1481 2725 1548 facientes,
2757 1482 2856 1538 sed
2891 1505 2918 1531 ‹‹
2953 1483 3383 1551 misericordes,
3417 1507 3445 1535 »
3479 1489 3538 1541 et
3569 1485 3728 1555 boni,

2074 1597 2101 1623 ι(
2135 1572 2289 1627 sicut
2318 1571 2484 1626 Pater
2513 1575 2722 1638 vester,
2755 1571 2858 1642 qui
2889 1571 2947 1626 in
2979 1571 3139 1627 cmlis
3161 1577 3251 1628 est
3278 1575 3342 1630 ‘3.
3378 1597 3406 1624 ››

535 1689 561 1714 ‹‹
619 1662 822 1718 Γίνεσθε
879 1687 906 1714 η
937 1661 1067 1737 οὐχὶ
1127 1661 1508 1739 σημειοφόσοι,
1543 1659 1666 1717 ἀλλ’
1699 1686 1726 1713 ‹‹
1761 1661 2132 1738 οἰκτίρμονες,
2164 1661 2252 1716 καὶ
2283 1660 2496 1737 ἀγαθοὶ,
2531 1684 2557 1713 ‹‹
2592 1659 2665 1714 ὡς
2699 1660 2726 1713 ὁ
2769 1661 2954 1736 Πατὴρ
3003 1661 3153 1734 ὑμῶν
3203 1662 3230 1715 6
3290 1662 3342 1716 ἐν
3402 1667 3516 1724 νοῖς
3568 1661 3730 1739 οὐρα-

2137 1843 2362 1907 Qumsr.
2416 1841 2522 1898 XC.
2605 1842 2851 1906 Quotam
2919 1846 3144 1914 partem
3212 1850 3501 1900 bonorum
3561 1845 3734 1917 jubet

2078 1933 2233 1989 Deus
2260 1931 2565 1988 hominem
2600 1931 2660 1987 in
2691 1931 3137 1988 beneficentiam
3168 1932 3511 1991 insumere?

375 2079 571 2164 Ἀπόκ.
605 2108 682 2165 Οὐ
728 2115 920 2165 σκοπεῖ
973 2110 1001 2164 ὁ
1059 2109 1187 2171 Θεὸς
1232 2109 1299 2165 τὰ
1355 2107 1636 2184 διδόμενα,
1698 2108 1844 2165 ἀλλά
1900 2110 1963 2164 τὰ

2148 2113 2322 2169 Resp.
2354 2112 2480 2167 Non
2520 2114 2745 2184 spectat
2773 2111 2928 2168 Deus
2979 2128 3107 2184 quas
3151 2113 3391 2180 dantur,
3441 2115 3542 2170 sed
3595 2131 3723 2187 quas

299 2197 636 2269 ἀποκείμενα
690 2202 798 2252 τὼν
848 2198 1148 2275 ἀνθρώπων
1210 2201 1348 2273 (30).
1412 2200 1675 2274 Λέγοντος
1735 2198 1824 2254 οὖν
1866 2203 1962 2254 τοῦ

297 2285 666 2358 Ἀποστόλου,
720 2285 803 2342 ὅτι
837 2288 914 2345 Τὸ
949 2289 1097 2360 ὑμῶν
1130 2287 1467 2362 περίσσευμα
1501 2286 1718 2360 δοθήτω
1766 2288 1840 2351 εἷς
1900 2289 1963 2343 τὸ

290 2380 407 2430 τῶν
471 2381 709 2451 πεωχῶν
773 2377 1070 2454 ὑστέρημα·
1144 2375 1380 2449 εὔδηλον
1433 2377 1515 2433 ὅτι
1595 2377 1694 2433 ὅσα
1777 2375 1964 2433 ἐνθάδε

291 2464 670 2538 ἀποθήσωμεν
710 2466 840 2541 ὑπὲρ
885 2467 983 2535 τὴν
1045 2467 1312 2542 ἡμετέραν
1378 2468 1579 2543 βρῶσιν
1637 2467 1727 2522 καὶ
1784 2467 1962 2535 πόσιν,

294 2554 390 2608 καὶ
423 2551 656 2610 ἔνδυσιν.
717 2561 891 2630 κρῖμα
949 2556 1081 2632 ὑπὲρ
1142 2555 1315 2611 αὐτῶν
1377 2555 1633 2630 δύσομεν,
1696 2555 1746 2611 ἐν
1780 2557 1964 2631 ἡμέρᾳ

296 2642 557 2720 κρίσεως,
606 2649 854 2700 τοιοῦτον
914 2650 1106 2718 κρῖμα,
1166 2646 1277 2700 οἷον
1338 2648 1391 2700 οἱ
1440 2643 1764 2724 ἀνδροφόνοι
1821 2665 1963 2720 παρ-

298 2735 517 2809 έχουσι·
555 2731 693 2788 διότι
724 2731 905 2789 ἐνθάδε
935 2733 1181 2797 πολλοὺς
1219 2734 1279 2790 ἐκ
1309 2735 1537 2791 Θανάτου
1569 2733 1658 2790 διὰ
1686 2739 1792 2789 τῶν
1821 2737 1960 2807 ἡμε-

295 2823 478 2896 τέρων
540 2824 845 2898 χρημάτων
909 2820 1194 2896 δυνάμενοι
1255 2829 1445 2896 σῶσαι,
1505 2823 1603 2879 οὐκ
1661 2824 1958 2897 ἐσώσαμεν,

298 2910 453 2967 ἀλλὰ
483 2910 832 2986 παρείδομεν.

374 3002 573 3076 Ἐρώτ.
609 3000 710 3078 ιμ’.
746 3001 816 3057 Αἱ
847 3003 920 3063 εἷς
952 3000 1212 3078 πτωχοὺς
1257 3002 1805 3076 καταλεμπανόμεναι
1860 3002 1961 3057 ὑπὸ

293 3095 408 3144 τῶν
442 3089 882 3161 τελευτησάντων
916 3089 1282 3165 ἐλεημοσύναι
1312 3091 1364 3146 τί
1396 3091 1649 3168 λέγονται
1677 3112 1690 3161 ;

375 3179 568 3236 Ἀπὸκ.
602 3180 804 3254 Νεκραὶ
836 3180 1033 3235 Θυσίαι.
1095 3182 1290 3254 ’Όμως
1351 3181 1438 3236 ἐὰν
1492 3182 1580 3237 καὶ
1639 3181 1691 3236 ἐν
1746 3185 1814 3254 τῇ
1850 3180 1962 3255 ζωῇ

292 3269 468 3325 αὐτοῦ
497 3268 750 3342 ἐλεήμων
779 3270 846 3339 ἦν
880 3271 908 3324 6
952 3273 1222 3342 τοιοῦτος,
1277 3268 1458 3325 δεκταί
1509 3274 1621 3346 (31)
1653 3271 1753 3326 εἰσι
1784 3272 1873 3326 καὶ
1907 3271 1957 3325 ἐν

287 3365 379 3432 τῷ
413 3359 625 3431 θανάτῳ
656 3359 820 3414 αὐτοῦ
853 3358 1088 3414 εὐποιίαι
1119 3361 1266 3436 παρὰ
1292 3363 1373 3432 τῷ
1403 3364 1538 3432 Θεῷ.

2074 2201 2340 2259 homines
2372 2202 2590 2258 habent
2621 2202 2938 2258 recondita.
2974 2203 3116 2258 Cum
3144 2203 3342 2274 itaque
3363 2205 3446 2259 ait
3478 2211 3727 2276 Aposto-

2073 2292 2188 2360 lus,
2222 2291 2428 2348 Vestra
2458 2292 2824 2347 abundantia
2853 2293 3027 2346 detur
3059 2293 3130 2347 ad
3163 2291 3562 2364 supplendum
3593 2293 3723 2349 ino-

2077 2381 2229 2454 piam
2264 2398 2589 2454 pauperum
2623 2382 2688 2449 9°,
2725 2381 3100 2453 perspicuum
3141 2385 3227 2437 est
3277 2399 3406 2448 nos,
3440 2381 3727 2454 quidquid

2075 2470 2566 2527 reservaverimus
2599 2469 2752 2526 ultra
2782 2472 3024 2537 victum,
3062 2475 3266 2542 potum
3317 2475 3375 2526 et
3423 2472 3729 2545 vestitum,

2066 2559 2360 2630 judicium
2392 2558 2486 2613 his
2514 2558 2586 2613 de
2607 2559 2783 2614 rebus
2813 2557 2872 2614 in
2900 2559 3226 2629 diejudicii
3255 2560 3724 2632 subituros,tale,

2074 2647 2247 2720 quale
2277 2647 2584 2703 homicida:
2604 2652 2742 2704 sunt
2771 2648 3068 2716 subituri;
3101 2648 3319 2721 quippe
3355 2649 3609 2720 quicum
3633 2649 3726 2706 hic

2076 2737 2291 2792 multos
2321 2753 2390 2792 ex
2421 2742 2605 2792 morte
2636 2736 2853 2793 nostris
2876 2737 3044 2793 bouis
3073 2738 3440 2809 potuerimus
3471 2755 3724 2810 servare,

2075 2843 2189 2882 non
2225 2831 2419 2883 tamen
2451 2826 2903 2892 servaverimus,
2937 2827 3037 2882 sed
3072 2827 3539 2899 despexerimus.

2142 3005 2369 3068 Qums'r.
2399 3003 2535 3059 XCI.
2570 3002 2719 3067 Quid
2749 3003 3064 3059 dicendum
3097 3010 3188 3061 est
3218 3006 3289 3062 de
3334 3007 3723 3082 eleemosynis

2072 3109 2218 3164 quas
2252 3092 2514 3148 defuncti
2549 3092 2905 3164 pauperibus
2937 3093 3332 3166 relinquunt?

2146 3183 2316 3238 lisse.
2352 3188 2575 3238 Mortua
2603 3186 2744 3237 sunt
2761 3182 3347 3240 sacriﬁcia.Attamen
3379 3186 3429 3241 si
3461 3186 3558 3243 ille
3580 3187 3720 3244 dum

2070 3273 2305 3342 viveret,
2339 3271 2719 3344 eleemosynas
2751 3272 2983 3328 deditus
3015 3277 3160 3341 erat,
3192 3273 3314 3331 haec
3348 3277 3476 3347 ejus
3505 3275 3722 3334 libera-

2071 3361 2209 3417 litas
2243 3362 2302 3416 in
2335 3368 2517 3416 morte
2547 3365 2783 3431 accepta
2813 3360 2929 3417 Deo
2960 3369 3065 3417 est.

370 3448 568 3521 Ἐρώτ.
602 3447 709 3524 ιβ’.
760 3447 882 3504 Ἐάν
931 3469 1035 3521 τις,
1091 3447 1142 3502 ὲν
1204 3448 1492 3524 ἁμαρτίαις
1551 3447 1952 3525 καταγηράσας,

2142 3453 2369 3517 Ουκεετ.
2402 3450 2564 3505 XCII.
2600 3450 2658 3505 Si
2691 3451 2824 3521 quis
2857 3450 2916 3504 in
2959 3451 3213 3523 peccatis
3262 3457 3586 3525 consenuit,
3618 3473 3723 3513 nec

301 3540 446 3611 μήτε
478 3540 764 3606 νηστεῦσαι
794 3534 1032 3605 δύναται,
1084 3539 1222 3610 μήτε
1276 3541 1642 3613 χαμευνῆσαι,
1698 3539 1732 3606 ἤ
1796 3539 1962 3614 ἀγρυ-

296 3633 525 3696 πνῆσαι,
627 3623 804 3695 ἄλλην
831 3627 953 3680 τινὰ
981 3623 1206 3696 ἄσκησιν
1240 3634 1490 3697 ποιῆσαι,
1547 3630 1685 3700 μήτε
1733 3630 1964 3703 χρημά-

303 3739 416 3772 των
477 3714 698 3791 εύπορεῐ
754 3716 890 3790 πρὸς
951 3712 1213 3784 διάδοσιν,
1267 3717 1404 3788 μήτε
1458 3722 1555 3771 τοῦ
1618 3716 1736 3793 βίου
1782 3717 1962 3793 ἲσχύει

310 3803 700 3874 ἀποτάξασθαι,
732 3803 878 3875 ποίῳ
909 3801 1010 3879 ἄρα
1038 3804 1228 3877 τρόπῳ
1259 3802 1452 3859 λοιπὸν
1487 3806 1514 3860 6
1564 3811 1810 3868 τοιοῦτος
1863 3828 1964 3860 σω-

312 3897 471 3962 θῆναι
504 3891 788 3963 δυνήσεται
816 3913 830 3962 ;
1843 3952 1847 3956 _

382 3983 575 4039 Ἀπόκ.
613 3979 729 4054 Ο’ίῳ
757 3981 947 4056 τρόπῳ
1005 3979 1182 4053 ἐσώθη
1234 3983 1262 4036 ὁ
1309 3984 1576 4054 τελώνης,
1607 3984 1742 4038 κατά
1771 3985 1860 4039 τὸν
1895 3984 1964 4039 εἷ-

308 4072 478 4127 πόντα
530 4073 820 4149 προφήτην
875 4074 1006 4145 (32)·
1061 4095 1088 4124 α
1151 4073 1568 4144 Ἐταπεινώθην,
1649 4074 1737 4128 καὶ
1797 4070 1965 4129 ἔσωσε

311 4183 381 4234 με
412 4163 442 4215 6
475 4161 694 4236 Κύριος.
744 4182 770 4213 ιο
829 4162 1033 4235 Ὥσπερ
1083 4161 1182 4238 γὰρ
1215 4163 1250 4231 ἡ
1282 4159 1612 4233 ἀναίμακτος
1642 4162 1815 4231 Θυσία,
1875 4163 1964 4217 καὶ

307 4253 346 4318 ἠ
392 4247 734 4321 ἐλεημοσύνη
798 4249 872 4310 εἰς
930 4248 1114 4327 ἄφεσιν
1177 4250 1455 4324 ἁμαρτιῶν
1511 4252 1669 4322 ἡμῶν
1729 4253 1964 4329 προσφέ-

316 4358 506 4414 ρονται
555 4342 631 4410 τῷ
689 4335 824 4410 Θεῷ·
886 4337 1166 4412 οὕτωριαὶ
1224 4341 1258 4408 ἡ
1343 4340 1808 4418 ταπεινοφροσύνῃ
1867 4348 1967 4411 τῆς

311 4423 555 4502 καρδίας.
590 4453 616 4477 ‹‹
656 4426 820 4481 Θυσία
851 4427 978 4501 γὰρ,
1031 4451 1058 4477 ››
1099 4427 1252 4504 φησὶ,
1288 4452 1316 4480 (ς
1347 4433 1426 4501 τῷ
1455 4433 1570 4501 Θεῷ
1600 4433 1811 4503 πνεῦμα
1840 4451 1967 4485 συν-

304 4516 689 4592 τετριμμένον·
749 4513 972 4589 καρδίαν
1037 4516 1497 4591 συντετριμμένην
1560 4517 1648 4573 καὶ
1717 4539 1969 4574 τεταπειιο

305 4607 563 4678 νωμένην
627 4606 655 4659 ὁ
713 4605 842 4666 Θεὸς
901 4603 1000 4660 οὐκ
1059 4603 1423 4676 ἐξουδενώσει.
1499 4631 1526 4660 ››
1611 4607 1708 4662 Καὶ
1782 4607 1966 4663 πάλιν·

313 4720 338 4745 ‹‹
395 4694 589 4770 Ἐγγὺς
651 4692 844 4767 Κύριος
902 4698 1017 4756 τοῖς
1092 4694 1572 4769 συντενριμμὲνοις
1626 4701 1694 4771 τῇ
1753 4695 1967 4772 καρδίᾳ,

307 4783 400 4838 καὶ
431 4781 560 4844 τοὺς
591 4780 881 4844 ταπεινοὺς
908 4782 988 4853 τῷ
1037 4781 1298 4855 πνεύματι
1345 4784 1528 4841 σώσει.
1562 4808 1590 4837 ››
1625 4787 1722 4840 Καὶ
1779 4785 1966 4853 πάλιν,

2074 3541 2578 3614 potestjejunare,
2614 3555 2718 3593 nec
2749 3538 2915 3593 humi
2947 3540 3183 3612 cubare,
3209 3546 3311 3597 aut
3339 3544 3602 3616 vigilare,
3635 3547 3724 3603 vel

2074 3630 2333 3702 aliquem
2368 3626 2712 3698 hujusmodi
2744 3626 3002 3683 laborem
3029 3645 3426 3698 exercere,nec
3456 3635 3723 3704 pecuniis

2074 3736 2220 3790 quas
2242 3718 2557 3773 distribuat
2587 3717 2982 3784 abundet,nec
3000 3718 3211 3774 saeculo
3235 3726 3424 3791 quaeat
3447 3726 3720 3780 nuntium

2074 3808 2392 3877 remittere,
2428 3823 2708 3880 quonam,
2742 3822 2961 3877 quaeso,
2995 3808 3187 3876 modo,
3242 3808 3341 3864 ille
3391 3817 3580 3882 potest
3608 3813 3722 3869 sal-

2077 3897 2193 3952 vari
2223 3897 2250 3950 ?

2147 3985 2314 4040 Resp.
2350 3985 2428 4039 Eo
2462 3983 2632 4038 modo
2664 4000 2778 4054 quo
2826 3983 3180 4056 publicanus
3229 3987 3488 4045 salvatus
3529 3995 3620 4047 est
3667 3998 3724 4048 et

2067 4075 2239 4145 juxta
2272 4073 2614 4145 prophetam
2664 4072 2916 4128 aientem
2955 4090 2968 4131 :
3006 4097 3032 4122 «ι
3084 4075 3436 4134 Humilietus
3485 4097 3615 4136 sum
3669 4086 3726 4136 et

2075 4163 2320 4219 salvavit
2367 4178 2459 4216 me
2506 4161 2793 4217 Dominus
2836 4163 2900 4218 ⁸ο.
2951 4187 2976 4213 ››
3029 4163 3534 4227 Quemadmodum
3565 4171 3724 4227 enim

2075 4253 2449 4307 incruentum
2482 4250 2838 4306 sacriﬁcium
2871 4252 3244 4326 eleemosyna
3268 4260 3382 4312 Deo
3404 4258 3644 4315 offertur
3666 4262 3724 4316 in

2076 4340 2485 4397 remissionem
2516 4345 2889 4411 peccatorum
2908 4346 3242 4398 nostrorum
3268 4360 3281 4398 :
3307 4345 3389 4400 ita
3416 4351 3474 4402 et
3491 4347 3730 4403 humili-

2076 4437 2170 4486 tas
2199 4430 2392 4484 cordis
2429 4445 2441 4484 :
2478 4451 2505 4478 ‹‹
2537 4427 2899 4482 Sacriﬁcium
2931 4430 3110 4497 enim,
3158 4431 3372 4504 inquit,
3408 4439 3520 4490 Deo
3551 4437 3726 4507 spiri-

2076 4525 2174 4576 tus
2218 4516 2647 4574 contribulatus
2682 4532 2694 4570 ε
2728 4533 2827 4572 cor
2876 4518 3196 4575 contritum
3246 4527 3304 4577 et
3351 4522 3725 4581 humiliatum

2078 4609 2232 4664 Deus
2285 4625 2399 4663 non
2450 4606 2729 4678 despiciet
2777 4606 2845 4661 δί.
2882 4628 2910 4657 η
2962 4608 3032 4662 Et
3073 4625 3326 4666 rursus:
3363 4613 3594 4670 «Juxta
3639 4620 3730 4672 est

2081 4699 2361 4754 Dominus
2384 4697 2456 4752 iis
2490 4696 2590 4768 qui
2621 4695 2897 4751 tribuialo
2931 4701 3071 4752 sunt
3119 4701 3312 4766 corde,
3366 4707 3425 4757 et
3475 4703 3731 4762 humiles

2083 4788 2297 4860 spiritu
2323 4785 2576 4842 salvabit
2598 4786 2774 4841 5".»Et
2806 4785 3019 4842 iterum
3051 4791 3554 4859 quemadmodum
3579 4793 3735 4851 beati

309 4870 494 4945 ὣσπερ
530 4868 914 4945 μακαρίζονται
962 4851 1019 4923 οἱ
1079 4851 1394 4943 ἐλεημονες,
1443 4871 1532 4926 καὶ
1565 4873 1617 4926 οἱ
1647 4872 1871 4946 καθαροὶ
1899 4851 1963 4947 τῇ

2085 4877 2482 4949 ριιεάίοαιιιιιι·
2511 4874 2917 4930 misericordes
2947 4881 3006 4932 et
3036 4877 3243 4933 mundi
3282 4882 3475 4951 corde,
3507 4883 3588 4938 ita
3617 4900 3734 4955 prs)

308 4956 530 5036 καρδίᾳ·
563 4958 707 5013 οὕτω
760 4959 1148 5034 μακαρίζονται
1207 4960 1314 5036 πρὸ
1373 4960 1587 5015 πάντων
1644 4962 1694 5015 οἱ
1752 4963 1972 5037 πτωχοὶ

309 5054 393 5121 τῷ
421 5048 712 5120 πνεύματι,
747 5072 774 5099 ιι
809 5047 892 5101 ὅτι
923 5048 1097 5103 αὐτῶν
1127 5046 1266 5104 ἐστιν
1299 5051 1334 5118 ἡ
1371 5049 1619 5125 βασιλεία
1667 5055 1772 5105 τῶν
1807 5050 1970 5126 οὐρα-

310 5143 444 5194 νῶν.
482 5161 510 5189 ››
553 5137 770 5208 Ταύτην
805 5135 894 5190 οὖν
927 5138 1027 5206 τὴν
1058 5134 1181 5192 ὁδὸν
1212 5140 1314 5207 τῆς
1345 5139 1616 5213 σωτηρίας
1659 5138 1851 5211 πένης,
1884 5142 1973 5195 καὶ

311 5227 570 5296 ἀσθενὴς,
601 5225 691 5280 καὶ
723 5226 918 5302 γέρων,
951 5225 1042 5281 καὶ
1078 5224 1304 5298 ἰδιώτης
1339 5225 1553 5284 ὁδεῦσαι
1581 5229 1666 5285 καὶ
1699 5232 1973 5307 κατορθῶ-

313 5337 404 5371 σαι
440 5313 684 5374 δύναται.

388 5487 434 5523 ⁴⁷
467 5487 639 5544 ICor.
669 5503 795 5550 xm,
829 5488 950 5542 1-3.
1015 5523 1018 5526 -
1062 5488 1106 5528 ’σε
1138 5489 1278 5546 Luc.
1311 5506 1388 5558 vr,
1420 5491 1510 5546 36.

311 5576 520 5628 xxxm,
554 5562 639 5616 19.
754 5559 800 5594 ⁵⁸
827 5558 1034 5616 Matth.
1067 5576 1124 5628 v,
1157 5562 1210 5616 3.

391 5728 510 5802 (30)
539 5728 680 5802 1368-
711 5727 768 5802 ἓν
797 5723 877 5802 si»
909 5726 1202 5802 ἀνθρώπῳ.

394 5796 510 5876 (31)
543 5796 684 5872 Ριθξ.
716 5799 772 5868 2,
807 5796 1007 5858 δεκτοί.

1623 5491 1669 5528 ⁴⁰
1701 5494 1749 5548 ΙΙ
1780 5498 1909 5551 Cor.
1941 5511 2066 5568 νιιι,
2101 5495 2186 5550 14.

2084 4966 2308 5021 casteria
2341 4965 2490 5019 beati
2527 4965 2921 5036 praedicantur
2952 4982 3235 5038 pauperes
3267 4970 3500 5042 spiritu,
3535 4993 3564 5023 «
3597 4972 3738 5044 quia

2084 5056 2348 5126 ipsorum
2381 5058 2470 5108 est
2500 5070 2745 5125 regnum
2778 5053 3059 5110 caelorum
3091 5056 3154 5110 ⁸³.
3193 5079 3221 5108 ››
3253 5057 3413 5114 Hanc
3445 5059 3622 5130 igitur
3642 5076 3737 5116 sa-

2086 5142 2229 5198 lutis
2258 5143 2414 5198 viam
2450 5142 2599 5197 inire
2630 5149 2688 5199 et
2718 5145 2990 5215 persequi
3024 5152 3272 5216 possunt
3303 5164 3546 5219 pauper,
3581 5149 3738 5205 infir-

2090 5250 2243 5300 mus,
2277 5249 2452 5289 senex
2483 5236 2539 5288 et
2568 5231 2768 5288 idiota.

2301 5492 2346 5527 ‘0
2375 5491 2529 5547 Psal.
2563 5507 2710 5560 CXIV,
2741 5491 2795 5545 6.
2909 5491 2949 5526 ⁸¹
3000 5489 3148 5548 Psal.
3205 5508 3257 5562 L,
3311 5493 3396 5549 19.

3510 5495 3558 5531 ⁵³
3585 5496 3743 5555 Psal.

2155 5736 2265 5809 (32)
2297 5734 2385 5791 Ita
2416 5733 2555 5806 Reg.
2586 5733 2641 5790 2.
2672 5731 2847 5807 Editi,
2880 5729 2924 5785 εἷ
2956 5729 3044 5787 καὶ
3079 5731 3211 5806 μετὰ
3237 5731 3328 5786 τὸν
3364 5730 3608 5796 εἰπόντα.
