4132 6378
420 432 541 499 655

497 570 724 634 Quasr.
755 562 942 622 XCIII.
976 557 1123 626 Quid
1157 560 1243 613 est
1275 551 1623 611 humilitas?

498 658 668 714 Resp.
719 650 1033 709 Humilitas
1077 648 1278 705 anima
1326 650 1415 701 est
1469 659 1595 716 qum
1644 656 1751 696 nec
1818 640 2084 694 observat

427 763 535 805 nec
580 745 810 818 judicat
858 739 1107 796 aliorum
1157 735 1462 791 hominum
1518 735 1774 804 peccata,
1823 728 1925 783 sed
1975 743 2083 782 sua

427 816 715 894 duntaxat
736 829 1221 906 perspicit,seque
1244 823 1441 879 mterni
1458 818 1729 893 supplicii
1754 834 1909 873 ream
1934 816 2084 873 aesti-

430 932 573 994 mat,
601 929 656 981 et
685 904 804 979 haec
837 921 907 976 ad
939 918 1123 973 Deum
1158 913 1299 970 dicit
1334 931 1346 968 :
1380 910 1550 967 Salva
1582 926 1677 964 me
1707 911 1943 979 propter
1973 904 2082 959 mi-

431 992 811 1070 sericOrdiam
843 1013 1029 1075 tuam,
1081 1022 1198 1061 non
1248 1005 1486 1075 propter
1533 997 1743 1054 merita
1792 1011 1942 1051 mea.
1973 992 2082 1058 Qui

430 1120 603 1176 porro
635 1117 697 1157 se
730 1100 812 1156 ita
844 1099 1010 1153 reu'm
1042 1109 1172 1151 esse
1203 1090 1410 1157 credit,
1446 1089 1497 1144 is
1540 1086 1782 1142 minime
1830 1082 2082 1139 offensa-

429 1174 584 1257 rum,
621 1207 764 1262 quas
793 1188 866 1244 ab
894 1184 1136 1241 homine
1166 1178 1478 1252 acceperit,
1517 1174 1945 1241 recordabitur,
1977 1188 2083 1229 nec

430 1261 737 1339 damnabit
775 1280 1111 1350 peccantem
1161 1269 1483 1334 hominem,
1534 1264 1842 1332 tribusque
1890 1261 2083 1317 modis

430 1368 839 1427 remissionem
878 1367 1253 1437 peccatorum
1303 1354 1702 1428 consequitur.
1753 1350 1899 1407 Nam
1945 1350 2086 1421 quia

435 1460 582 1518 alios
616 1474 730 1513 non
760 1454 1120 1526 judicat,nec
1151 1445 1633 1521 ipsejndicatur;
1670 1440 1808 1513 quia
1837 1439 2084 1495 humilis

428 1554 540 1620 est,
565 1546 929 1621 iustiﬁcetur
954 1559 969 1609 ;
1002 1545 1059 1596 et
1083 1539 1224 1612 quia
1252 1536 1545 1593 condonat
1574 1530 1728 1601 aliis,
1764 1536 1912 1586 Deus
1941 1545 2082 1601 quo-

429 1656 540 1711 que
569 1636 682 1710 ipsi
714 1636 951 1709 peccata
980 1629 1293 1686 condonat.

500 1707 741 1792 QUDEST:
773 1721 965 1779 XCIV.
996 1721 1052 1775 Si
1083 1717 1216 1791 quis
1250 1731 1402 1789 saepe
1433 1711 1855 1787 peccaverit,ac
1875 1707 2084 1765 deinde

430 1833 583 1890 saepe
611 1811 1014 1888 paenitentiam
1047 1822 1217 1881 agere
1250 1818 1567 1877 aggressus
1600 1798 1798 1865 fuerit,
1841 1813 2085 1854 rursus-

1602 414 1667 478 S.
1704 406 2328 475 'ATHANASIUS.—
2363 405 2672 478 SPURIA.

2107 550 2161 615 Α

3736 404 3851 473 656

2265 547 2456 622 Ἐρώτ.
2491 547 2598 625 ια’.
2629 546 2691 602 Τί
2724 546 2834 602 εστι
2865 541 3332 625 ταπεινοφροσύνῃ
3359 562 3374 614 ;

2262 636 2455 691 ’Δποκ·
2487 635 2966 715 Ταπεινοφροσύνη
3003 634 3115 690 ἐστὶ
3155 637 3310 712 ψυχὴ
3366 636 3444 708 μή
3500 634 3853 711 προσέχουσα

2195 722 2338 798 μηδὲ
2387 724 2642 799 κρίνουσα
2695 723 2881 780 ἄλλων
2952 723 3253 801 ἀνθρώπων
3313 723 3649 797 πταίσματα’
3712 722 3854 779 ἀλλὰ

2194 813 2364 887 μόνον
2409 814 2477 869 τὰ
2530 815 2726 883 ἑαυτῆς
2780 813 3059 889 βλέπουσα
3108 812 3199 868 καὶ
3251 812 3539 868 ὑπεύθυνον
3572 818 3677 880 τῆς
3720 813 3850 867 αἰω-

2191 902 2310 957 νίου
2358 902 2639 966 κολάσεως
2678 903 2872 971 ἑαυτὴν
2905 898 3131 978 ἔχουσα,
3163 901 3249 956 καὶ
3306 906 3472 957 τοῦτο
3528 902 3671 978 πρὸς
3723 903 3847 957 Θεὸν

2192 988 2442 1068 λέγουσα.
2502 992 2687 1048 Σῶσόν
2723 1015 2789 1066 με
2817 988 2989 1047 ’ἕνεκεν
3049 996 3150 1047 τοῦ
3200 989 3387 1054 ὶλὲους
3438 1012 3534 1045 σου
3586 994 3725 1062 (33),
3764 991 3850 1045 καὶ

2191 1079 2301 1156 οὐχ
2353 1077 2527 1137 ἕνεκεν
2586 1086 2694 1137 τῶν
2754 1080 3197 1157 κατορθωμάτων
3260 1101 3386 1154 μου.
3445 1081 3508 1137 Ὀ
3560 1076 3621 1135 δὶ
3681 1079 3848 1141 οὕτως

2192 1169 2378 1225 ἑαυτὸν
2436 1170 2731 1235 ὑπεύθυνον
2805 1168 3177 1245 λογιζόμενος
3253 1166 3379 1224 οὐδὲ
3456 1170 3848 1242 μνησικακήσει

2193 1258 2460 1336 ἂνθρώπῳ
2486 1260 2640 1331 ποτὶ,
2675 1257 2803 1315 ούδὶ
2830 1263 3143 1336 κατακρινεῖ
3185 1255 3467 1333 ἄνθρωπον
3518 1258 3851 1333 ἁμαρτάνον-

2189 1368 2278 1414 τα,
2310 1348 2401 1403 καὶ
2433 1346 2627 1403 λοιπὸν
2659 1347 2719 1403 ἐκ
2746 1352 2912 1420 τριῶν
2944 1346 3186 1422 τρόπων,
3245 1347 3345 1417 τὴν
3403 1350 3514 1402 τῶν
3572 1348 3847 1422 ἁμαρτιῶν

2192 1436 2378 1516 ἄφεσιν
2407 1437 2713 1512 κομίζεται.
2744 1442 2830 1500 Ὠς
2862 1438 2962 1514 γὰρ
2998 1438 3075 1512 μὴ
3106 1436 3327 1512 κρίνων,
3362 1436 3425 1492 ού
3467 1436 3733 1513 κρίνεται·
3766 1437 3848 1492 καὶ

2193 1526 2269 1590 ὡς
2298 1530 2758 1605 ταπεινοφρονῶν,
2791 1523 3114 1582 δικαιοῦται·
3151 1525 3240 1581 καὶ
3273 1526 3349 1589 ὡς
3382 1530 3847 1603 συγχωρῶν,συγ-

2192 1621 2478 1691 χωρεῖται.

2265 1706 2459 1782 Ἐρὼτ.
2494 1701 2596 1784 [ιδ’.
2631 1705 2756 1762 Ἐάν
2784 1726 2868 1768 τις
2900 1704 3173 1768 πολλάκις
3207 1705 3548 1780 ἁμαρτήσας,
3583 1702 3847 1767 πολλάκις

2197 1798 2473 1869 μετανοεῖν
2506 1793 2849 1870 ἐπεχείρησε,
2882 1794 2971 1849 καῖ
3004 1791 3171 1850 πάλιν
3220 1792 3300 1855 εἷς
3354 1791 3629 1870 ἁμαρτίαν
3681 1789 3845 1849 ἔπεσε·

432 1882 546 1980 que
575 1882 847 1961 inciderit
876 1900 934 1955 in
955 1901 1260 1972 peccatum
1291 1911 1304 1949 :
1339 1894 1407 1950 ad
1434 1894 1575 1964 quot
1609 1905 1791 1961 usque
1822 1890 2082 1960 peccata,

2213 1883 2578 1992 Léxpi'rrdowv
2606 1882 2960 1957 πταισμάτων
2999 1882 3164 1938 πάλιν
3222 1887 3597 1956 μετανοοῦντα
3646 1884 3674 1938 ὁ
3730 1883 3849 1944 Θεὸς

434 1995 809 2070 poenitentem
841 1990 997 2045 Deus
1029 2003 1237 2043 rursus
1269 1980 1591 2040 admittet?

504 2086 671 2141 Rasr.
710 2083 860 2137 Licet
885 2078 1076 2135 decies
1121 2072 1334 2130 millies
1376 2072 1553 2127 homo
1605 2065 1898 2134 ceciderit,
1948 2064 2087 2120 licet

435 2175 627 2231 decies
654 2170 868 2227 millies
900 2164 1302 2241 paenitentiam
1335 2160 1519 2234 egerit
1550 2176 1563 2214 :
1599 2172 1973 2230 nequaquam
2004 2158 2089 2209 ta-

436 2279 567 2321 men
601 2262 796 2333 ipsum
827 2257 1093 2330 projiciet
1121 2251 1431 2316 Dominus,
1463 2249 1681 2321 quippe
1710 2245 1801 2301 cui
1832 2243 2087 2300 maxime

326 2354 331 2358 ’
436 2357 576 2408 nota
602 2332 680 2406 sit
714 2349 983 2405 humana
1015 2352 1235 2399 natura:
1269 2338 1651 2395 mutabilitas.
1686 2335 1830 2391 Nam
1866 2334 1965 2405 qui
1993 2332 2090 2389 Pe-

437 2447 529 2498 tro
563 2438 835 2513 praecepit
866 2440 928 2491 ut
957 2429 1292 2506 septuagies
1314 2428 1530 2501 septies
1556 2426 1714 2481 fratri
1734 2426 2085 2497 ignosceret,

439 2512 626 2589 multo
676 2526 865 2600 magis
913 2525 1040 2594 ipse
1092 2521 1285 2577 decies
1334 2517 1552 2574 millies
1597 2515 1814 2586 septies
1863 2512 2088 2568 homini

443 2620 730 2693 ignoscet,
758 2617 807 2671 si
842 2614 1014 2670 modo
1043 2608 1440 2684 pcenitentiam
1477 2604 1747 2679 egerit.id
1770 2605 1963 2659 autem
1990 2618 2091 2658 ac—

441 2714 640 2765 curate
673 2704 975 2763 sciendum
1009 2700 1382 2767 est,animam
1402 2713 1528 2768 qua
1561 2693 1776 2766 saepius
1808 2689 2089 2764 peccandi

441 2798 774 2870 saepiusque
807 2790 1121 2866 pmnitendi
1155 2784 1572 2844 contraxererit
1601 2780 2091 2838 consuetudinem

444 2903 579 2944 cum
630 2885 815 2942 Deum
865 2882 1201 2938 contemnat
1262 2876 1579 2946 redeatque
1627 2873 1700 2928 ad
1763 2874 2090 2943 peccatum,

444 2979 600 3034 certe
631 2971 944 3029 difﬁculter
970 2966 1315 3041 hujusmodi
1346 2964 1546 3020 anima
1578 2978 1612 3016 a
1638 2964 1873 3034 peccato
1904 2956 2090 3014 disce-

444 3066 551 3132 dit,
600 3061 777 3120 veluti
805 3059 970 3118 canis
1017 3053 1389 3113 macellarius
1439 3049 1606 3107 fetori
1650 3052 1941 3104 assuetus.
1980 3046 2090 3101 De-

442 3155 623 3226 nique
652 3169 786 3209 cum
815 3151 1076 3205 incertus
1106 3145 1181 3200 sit
1207 3146 1334 3200 vitae
1367 3145 1579 3197 nostris
1632 3139 1788 3205 finis,
1822 3154 1929 3191 nos
1960 3152 2092 3190 mu-

441 3244 553 3301 niri
586 3244 830 3315 Oportet,
863 3254 936 3294 ne
966 3238 1111 3291 forte
1139 3235 1197 3289 in
1231 3236 1467 3306 peccato
1500 3242 1998 3302 praeoccupemur,
2031 3228 2090 3281 et

2196 1970 2556 2050 προσδέχεται
2586 1976 2779 2028 τοῦτον
2805 1991 2820 2041 ;

2268 2062 2461 2118 Ἀπόκ.
2511 2062 2574 2119 Ὀ
2621 2061 2684 2116 τὸ
2740 2057 3029 2138 εὔτρεπτον
3083 2067 3182 2130 τῆς
3240 2058 3591 2136 ἀνθρωπίνης
3650 2061 3846 2139 φύσεως

2198 2151 2553 2224 ἐπιστάμενος
2596 2150 2813 2226 Κύριος,
2861 2148 2959 2206 κᾶν
3014 2151 3269 2227 μυριάκις
3311 2150 3341 2205 6
3373 2151 3665 2226 ἄνθρωπος
3695 2150 3844 2226 πέσῃ,

2195 2240 2292 2296 κᾶν
2331 2242 2584 2317 μυριάκις
2632 2242 2968 2315 μετανοήσῃ,
3019 2236 3278 2313 οὐδαμῶς
3326 2238 3485 2295 αὐτὸν
3536 2235 3844 2296 ἀποϐάλλεο

2197 2348 2302 2385 ται.
2340 2328 2402 2385 Ὀ
2429 2330 2531 2405 γὰρ
2563 2325 2944 2402 ἐντειλάμενος
2973 2329 3089 2401 (34)
3136 2332 3216 2401 τῷ
3270 2327 3459 2404 Πέτρῳ
3518 2322 3844 2401 ἐϐδομηκον·

2197 2416 2351 2479 τάκις
2381 2416 2516 2471 ἑπτὰ
2542 2421 2620 2489 τῷ
2648 2414 2870 2495 ἀδελφῷ
2900 2422 3234 2493 συγχωρεῖν,
3267 2416 3466 2490 πολλῷ
3515 2416 3708 2473 πλεῖον
3758 2417 3841 2472 αύ-

2197 2506 2291 2568 τὸς
2339 2507 2692 2582 συγχωρήσει
2762 2506 3109 2581 μυριοντάκις
3185 2505 3322 2561 ἑπτὰ
3394 2510 3474 2578 τῷ
3560 2507 3839 2581 ἀνθρώπῳ,

2205 2599 2553 2669 μετανοοῦντι
2618 2594 2886 2672 μέντοιγε.
2917 2596 3014 2650 Καὶ
3043 2598 3206 2650 τοῦτο
3238 2592 3320 2650 δεῖ
3358 2591 3598 2672 ἀκριϐῶς
3638 2597 3838 2651 ἐπίστα-

2201 2695 2343 2750 σθαι’
2375 2684 2640 2760 ’ὁτιψυχή
2673 2683 2749 2747 είς
2800 2685 3083 2755 συνήθειαν
3139 2682 3372 2749 ἐλθοῦσα
3427 2690 3526 2741 τοῦ
3583 2684 3836 2747 πολλάκις

2203 2773 2552 2849 ἁμαρτάνειν,
2601 2772 2691 2829 καὶ
2748 2772 3022 2836 πολλάκις
3082 2779 3386 2847 μετανοεῖν,
3446 2780 3833 2854 καταφρονοῦσα

2199 2868 2298 2918 τοῦ
2354 2867 2488 2918 Θεοῦ
2535 2863 2672 2939 πρὸς
2714 2865 2815 2932 τήν
2862 2862 3126 2935 ἁμαρτίαν
3178 2862 3599 2942 ὑποστρέφουσα,
3646 2862 3824 2937 δυσχε-

2205 2956 2314 3027 ρῶς
2342 2948 2511 3014 ὅντως
2540 2953 2575 3021 ἦ
2606 2951 2832 3021 τοιαύτη
2861 2953 3016 3027 ψυχὴ
3066 2959 3168 3023 τῆς
3226 2953 3492 3028 ἁμαρτίας
3541 2953 3818 3030 ἇςρὲσταται,

2205 3038 2387 3116 ὣσπερ
2443 3038 2588 3094 κύων
2653 3037 2987 3112 μακελλικὸς
3049 3038 3101 3093 ἐν
3159 3043 3239 3111 τῷ
3302 3039 3489 3115 βρόμῳ
3546 3037 3825 3099 συνεθίσας.

2204 3130 2403 3185 Δοιπὸν
2435 3126 2514 3195 δὶ,
2546 3129 2629 3183 ’ὁτι
2660 3127 2722 3183 τὸ
2744 3125 2903 3189 τέλος
2931 3134 3029 3197 τῆς
3063 3132 3208 3197 ζωῆς
3250 3129 3402 3201 ἦμῶν
3456 3127 3678 3202 ὑπάρχει
3706 3123 3831 3197 ἄδη-

2206 3218 2328 3289 λον,
2360 3218 2475 3295 χρὴ
2507 3219 2657 3290 ἡμᾶς
2687 3214 3098 3296 ἀσφαλίζεσοαι,
3129 3218 3205 3289 μή
3239 3238 3357 3280 πως
3407 3216 3460 3273 ἰν
3507 3220 3575 3292 τῇ
3621 3215 3838 3290 ἁμαρτίᾳ

445 3334 669 3405 absque
715 3325 1055 3403 poenitentia
1103 3301 1509 3383 inveniamur,
1553 3317 1978 3386 tradamurque
2027 3314 2087 3369 in

2213 3306 2493 3385 ρθάσωμεν
2522 3304 2614 3361 καὶ
2646 3304 2954 3381 εὖρεθῶμεν
2986 3305 3375 3379 ἀμετανόητοι,
3407 3306 3497 3362 καὶ
3540 3301 3839 3382 παραδοθῶ-

446 3419 805 3495 supplicium
836 3415 1180 3486 sempiterni
1203 3427 1283 3467 m.

518 3490 671 3568 sas
705 3508 935 3573 Qumsr.
968 3500 1126 3558 xcv.
1177 3494 1503 3569 Quotuplex
1552 3498 1643 3551 est
1688 3490 2101 3549 adulterium?

520 3599 702 3655 Resp.
727 3595 973 3667 Duplex.
1006 3591 1154 3648 Nam
1189 3589 1235 3644 si
1271 3585 1485 3642 mulier
1513 3584 1633 3639 viro
1666 3587 1851 3656 nupta
1880 3585 2099 3638 scorte-

448 3695 568 3760 tur,
601 3684 953 3744 adulterium
981 3685 1090 3739 est.
1120 3679 1463 3747 Rursusque
1495 3674 1545 3730 si
1576 3673 1683 3739 vir,
1729 3670 1829 3744 qui
1860 3686 2098 3727 uxorem

450 3778 687 3848 habeat,
720 3777 1029 3839 scortetur,
1074 3766 1432 3825 adulterium
1481 3768 1571 3820 est
1614 3778 1754 3834 erga
1801 3760 2099 3834 propriam

457 3882 694 3925 uxorem
705 3907 718 3921 .

527 3959 753 4024 Qums'r.
788 3952 969 4008 XCVI.
1011 3948 1187 4006 Aiunt
1215 3944 1397 4017 aliqui
1422 3945 1721 4016 peccatum
1757 3953 2102 4011 corporeum

455 4063 572 4121 pra:
621 4043 898 4102 omnibus
947 4038 1082 4095 aliis
1133 4034 1388 4110 peccatis
1458 4030 1693 4088 facilius
1759 4027 2101 4094 condonari,

453 4115 669 4207 quippe
701 4145 836 4187 cum
864 4125 1152 4183 naturalis
1183 4126 1382 4178 motus
1412 4120 1486 4175 sit
1515 4118 1573 4173 in
1607 4115 1866 4172 homine.

526 4204 699 4278 Ptssp.
733 4216 1104 4275 Contrarium
1135 4213 1303 4269 docet
1334 4217 1369 4264 Α
1383 4207 1666 4282 postolus,
1699 4205 1798 4278 qui
1830 4204 1937 4260 hoc
1969 4219 2100 4273 pec-

451 4320 647 4370 catum
680 4308 916 4383 gravius
945 4304 1223 4363 omnibus
1255 4300 1386 4357 aliis
1419 4296 1679 4372 peccatis
1716 4299 1904 4363 vocat,
1940 4294 2101 4350 hisce

446 4402 639 4459 verbis
669 4382 703 4455 εί
723 4422 744 4450 σι
779 4398 963 4454 Omne
992 4396 1293 4467 peccatum
1328 4390 1721 4462 quodcunque
1767 4384 1965 4439 fecerit
1993 4382 2103 4437 bo-

450 4507 568 4563 mo,
600 4493 763 4547 extra
805 4501 1016 4556 corpus
1063 4486 1154 4539 est
1208 4498 1221 4536 :
1273 4479 1373 4551 qui
1417 4481 1611 4533 autem
1665 4474 2007 4538 fornicatur,
2039 4471 2098 4526 in

449 4561 662 4652 corpus
691 4591 867 4634 suum
894 4575 1094 4647 peccat
1122 4572 1169 4606 “
1202 4587 1215 4627 :
1248 4592 1276 4620 n
1326 4564 1805 4640 quandoquidem
1855 4578 1924 4616 ex
1973 4561 2103 4633 ipsa

2210 3416 2304 3471 μεν
2338 3396 2417 3458 εἷς
2444 3395 2668 3451 κόλασιν
2700 3391 3074 3461 ἀτελεύτητον.

2280 3486 2473 3560 Ἑρώτ.
2506 3484 2604 3562 ιιέ,
2639 3482 2805 3538 Πόσαι
2843 3483 3096 3559 μοιχεῖαί
3126 3483 3296 3553 εἴσιν;

2282 3573 2476 3630 Ἀπόκ.
2509 3571 2632 3629 Δύο.
2662 3571 2760 3627 Καὶ
2789 3571 2888 3647 γὰρ
2919 3572 2955 3643 ἧ
2986 3573 3121 3649 γυνή
3171 3575 3207 3643 ἡ
3258 3569 3529 3650 ὕπανδρος
3582 3573 3718 3628 ὅπου
3757 3570 3843 3627 κᾶν

2209 3663 2500 3735 πορνεύσῃ,
2561 3660 2783 3736 μοιχεία
2837 3660 2967 3717 ἐστί.
3029 3660 3128 3718 Καῖ
3185 3660 3374 3734 πάλιν,
3426 3659 3845 3738 ὁᾶνήρὸἕχων

2210 3758 2442 3830 γυναῖκα
2472 3750 2610 3806 ὅπου
2639 3749 2736 3806 κᾶν
2786 3749 3083 3826 πορνεύσῃ,
3136 3752 3359 3829 μοιχεία
3404 3751 3513 3807 ἐστὶ
3562 3755 3663 3822 τῆς
3721 3749 3850 3811 ἰδίας

2209 3841 2488 3919 γυναικός.

2281 3931 2474 4004 Ἐρώτ.
2524 3928 2626 4007 ίιςκ
2680 3927 2909 4004 Λὲγουσί
2942 3948 3106 4002 τινες,
3159 3927 3241 3985 ὅτι
3294 3930 3624 4005 συγγνώμην
3655 3928 3768 4006 ἔχει
3817 3928 3849 3998 ἡ

2212 4019 2498 4094 σωματικὴ
2532 4017 2772 4092 ἁμαρτία
2802 4018 2932 4093 ὑπὲρ
2964 4018 3137 4081 πάσας
3166 4018 3261 4081 τὰς
3291 4018 3583 4095 ἁμαρτίας,
3646 4020 3719 4083 ὡς
3768 4039 3855 4097 φυ-

2212 4119 2368 4181 σικῆς
2400 4110 2754 4186 ὑπαρχούσης
2785 4115 2884 4179 τῆς
2913 4111 3182 4180 κινήσεως
3214 4108 3265 4164 ἐν
3296 4112 3376 4182 τῷ
3405 4110 3700 4184 ἀνθρώπῳ.

2282 4196 2470 4258 Ἀπόκ.
2501 4197 2825 4257 Τούναντίον
2876 4198 2905 4252 ὁ
2950 4195 3288 4260 Ἀπόστολος
3340 4198 3642 4275 βαρυτέραν
3678 4201 3852 4254 πασῶν

2206 4293 2316 4345 τῶν
2351 4290 2631 4365 ἁμαρτιῶν
2664 4286 2834 4356 αὐτὴν
2868 4285 3153 4360 ὀνομάζει,⁹
3177 4285 3373 4364 λέγων’
3407 4312 3436 4339 ‹‹
3491 4293 3646 4345 Πᾶσα
3695 4289 3857 4363 ἁμαρ·

2208 4379 2317 4448 τία,
2346 4380 2408 4447 ἣν
2442 4376 2501 4432 ἂν
2527 4378 2732 4451 ποῑήσῃ
2762 4375 3072 4451 ἅνθρωπος,
3104 4375 3257 4439 ἐκτὸς
3286 4381 3385 4432 τοῦ
3411 4377 3671 4452 σώματός
3700 4376 3851 4434 ἔστιν·

2210 4469 2239 4523 6
2274 4465 2331 4522 δὲ
2361 4465 2638 4541 πορνεύων
2668 4465 2743 4527 είς
2766 4465 2830 4520 τὸ
2860 4462 3000 4520 ἴδιον
3033 4466 3539 4541 σῶμα’άμαρτάνει·
3599 4491 3629 4520 n
3676 4463 3854 4534 ἔπειδή

2209 4555 2260 4628 ἐξ
2291 4556 2459 4625 αὐτῆς
2489 4560 2588 4625 τῆς
2620 4552 2760 4617 ἰδίας
2789 4554 3019 4631 Σαρκὸς,
3040 4552 3222 4631 ὥσπερ
3246 4555 3426 4610 θυσίαν
3457 4555 3600 4625 τινὶ,
3633 4556 3856 4633 παρέχει

449 4686 559 4727 sua
586 4663 963 4733 carne,veluti
993 4659 1288 4733 quoddam
1320 4654 1903 4718 sacriﬁcium,semcn
1923 4667 2091 4706 suum

2213 4650 2287 4719 τῷ
2323 4649 2533 4735 Σατανᾷ
2561 4644 2659 4713 τήν
2693 4642 3140 4735 εαυτοῦᾲσποράν.
3190 4642 3290 4700 Καὶ
3337 4643 3502 4699 πάλιν
3553 4645 3616 4700 τὸ
3674 4646 3852 4723 φαγεῖν

449 4757 677 4814 Satanaa
716 4754 901 4811 offert.
956 4752 1235 4808 Praeterea
1283 4743 1552 4801 naturale
1600 4743 1740 4797 item
1802 4745 1892 4796 est
1938 4756 2098 4795 com-

446 4847 902 4915 edere,attamen
927 4838 1398 4913 przevaricantem
1424 4833 1712 4889 Adamum
1743 4831 2097 4886 condemna-

450 4934 745 5091 “nam:
779 5018 941 5076 XCVI
952 5019 994 5077 i.
1027 5018 1179 5083 Quot
1209 5017 1350 5071 sunt
1373 5009 1602 5085 judicia
1632 5013 1689 5065 et
1716 5012 1952 5082 peccata
1983 5007 2095 5065 for-

445 5113 763 5174 nicationis
786 5110 814 5167 ?

516 5204 692 5262 Resp.
725 5197 912 5256 Multa
941 5199 1000 5252 et
1030 5192 1209 5249 varia.
1245 5188 1508 5247 Graviori
1539 5187 1697 5243 enim
1736 5185 1966 5258 judicio
1996 5186 2099 5242 ob-

444 5292 654 5352 noxius
685 5291 775 5346 est
803 5286 904 5361 qui
939 5298 1179 5341 uxorem
1209 5279 1435 5336 habens
1465 5280 1972 5347 scortatur,quam
1996 5272 2099 5346 qui

447 5395 685 5442 uxorem
717 5394 834 5434 non
864 5374 1062 5431 habet.
1097 5368 1357 5427 Graviori
1387 5367 1528 5423 item
1569 5363 1858 5422 obnoxius
1886 5368 1977 5421 est
1995 5365 2096 5435 ju-

516 5547 563 5584 “
591 5546 613 5603 Ι
643 5546 775 5602 Cor.
807 5557 882 5611 v1,
916 5539 1005 5594 18.

519 5708 632 5780 (33)
658 5707 812 5780 Βθε..
854 5705 909 5770 2,
966 5698 1143 5780 ἕνεκεν
1201 5693 1541 5780 τοῦ-..ἐλέους
1603 5711 1724 5780 σοι)ἒ
1780 5690 1949 5775 Edili,
2010 5684 2100 5780 διὰ

445 5763 845 5852 τοῦνόνόμαῖἔός
878 5763 993 5830 σου.
1030 5774 1158 5830 Mox
1193 5768 1465 5827 mutilum
1501 5769 1838 5825 contextum
1879 5763 1939 5819 in
1999 5763 2091 5819 ed.

2210 4732 2431 4879 φυδσικόν
2466 4732 2597 4805 ἐστι,
2624 4732 2715 4789 καὶ
2745 4730 2866 4788 ἲδοὺ
2894 4733 2921 4787 6
2954 4733 3083 4794 Θεὸς
3107 4733 3198 4788 τὸν
3229 4730 3407 4807 Ἀδὰμ
3427 4728 3744 4809 παραϐάντα
3768 4750 3853 4789 κα·

2210 4843 2265 4878 τε
2305 4822 2503 4879 ίκασεν.
3478 4810 3487 4818 ’

2206 4820 2479 4879 τεδίκασεν
2491 4868 2503 4881 .
3478 4810 3487 4818 ’

2237 5092 2256 5114 λ
2278 5002 2475 5079 Ἐρώτ.
2508 5001 2608 5079 ιιζν.
2641 4999 2789 5059 Πόσα
2818 5000 3058 5076 κρίματα
3083 4999 3173 5055 καὶ
3214 5000 3583 5078 ἁμαρτήματα
3630 4995 3855 5077 πορνικά

2209 5111 2340 5148 εῖσιν
2367 5111 2381 5163 ;

2281 5180 2472 5239 ’Δπόκ.
2515 5178 2711 5239 Πολλά
2762 5180 2851 5235 καὶ
2902 5177 3152 5259 διάφορα.
3209 5178 3434 5249 Μείζονι
3482 5180 3587 5256 γὰρ
3636 5178 3853 5256 κρίματι

2211 5272 2491 5328 ὑπόκειται
2520 5270 2549 5324 6
2579 5274 2810 5345 γυναῖκα
2839 5265 2986 5345 ἔχων
3016 5268 3106 5324 καὶ
3147 5268 3426 5347 πορνεύων
3462 5269 3610 5343 παρὰ
3657 5269 3747 5325 τὸν
3781 5266 3851 5341 μή

2210 5358 2425 5436 ἔχοντα·
2460 5358 2549 5415 καὶ
2585 5357 2792 5434 μείζονι
2825 5358 2853 5412 6
2883 5356 3091 5434 ἀγαθὴν
3120 5362 3349 5432 γυναῖκα
3394 5352 3539 5435 ἔχων
3593 5358 3723 5435 ὑπὲρ
3768 5356 3854 5411 τὸν

2209 5705 2277 5745 ex
2309 5704 2452 5744 mss.
2486 5686 2840 5758 quibusdam
2862 5685 3269 5758 restituimus.

2276 5762 2393 5832 (34)
2421 5752 2520 5817 Sic
2545 5775 2688 5817 mla.
2722 5757 2874 5816 Editi
2904 5774 3059 5832 vero,
3092 5752 3571 5836 ἐπαγγειλάμενος.
