4132 6362
271 412 415 473 65⁵7

1260 405 1774 482 οωΕεΤιυΝΕΒ
1818 407 1923 465 an
1968 403 2432 466 ANTIOCHUM
2479 405 2784 480 DUCEM.

3611 404 3730 463 6318

272 546 540 622 πονηρὰν
598 540 819 621 ἔχοντα·
882 544 972 598 καὶ
1032 543 1243 617 μείζονι
1299 544 1326 598 6
1380 541 1431 596 ἂν
1493 543 1640 616 γήρᾳ
1685 539 1959 615 πορνεύων

2077 539 2224 596 dicio
2257 541 2354 612 qui
2399 539 2612 595 bonam
2645 539 2823 596 habet
2877 541 3210 612 coujugem,
3243 556 3420 611 quam
3465 539 3566 611 qui
3601 556 3724 594 ma-

273 637 436 712 παρὰ
495 636 590 689 τὸν
652 633 703 688 ἐν
763 633 1025 711 νεότητι·
1090 633 1178 688 καὶ
1242 631 1448 704 μείζονι
1507 632 1534 685 6
1592 626 1955 690 ἀδιαλείπτως

280 724 430 798 ὑπὲρ
461 725 551 778 τὸν
583 721 673 778 διὰ
703 719 928 799 χρόνουο
963 721 1054 776 καὶ
1091 721 1295 794 μείζονι
1329 722 1356 776 6
1405 721 1480 793 μή
1529 721 1736 795 θερμῆς
1787 717 1957 792 ὑπάρ·

281 833 414 889 Ἱων
448 813 712 889 κράσεως,
744 808 892 866 ἀλλὰ
922 813 1166 887 ψυχρᾶς,
1198 811 1384 865 ἑαυτὸν
1416 807 1474 864 δὲ
1513 806 1602 863 διὰ
1653 806 1960 883 βρωμάτων

289 899 625 976 θερμαίνων,
666 900 759 956 καὶ
792 901 870 962 εἰς
912 897 1117 970 ἠδονήν
1164 899 1627 975 προτρεπόμενος.
1663 896 1766 954 Καὶ
1815 894 1962 951 ἄλλα

293 989 358 1046 δὲ
415 989 600 1046 πολλά
657 991 798 1044 ἐστιν
857 989 1026 1045 εἰπεῖν
1087 989 1179 1043 καὶ
1239 986 1472 1066 διάφορα
1527 987 1652 1063 περὶ
1703 986 1959 1062 πορνείας

296 1080 449 1153 παρὰ
494 1084 610 1152 Θεῴ
659 1079 921 1154 κρίματα.
974 1077 1153 1135 ’Άλλο
1200 1077 1301 1154 γὰρ
1349 1083 1521 1153 κρῖμα
1566 1081 1645 1148 τῷ
1701 1075 1776 1137 εἷς
1835 1073 1962 1147 μίαν

297 1174 525 1244 γυναῖκα
575 1167 937 1243 ἁμαρτάνοντι
1004 1166 1133 1240 ὑπὲρ
1172 1167 1262 1221 τὸν
1319 1166 1392 1229 εἷς
1432 1163 1646 1227 πολλᾶς
1705 1162 1794 1219 καί
1843 1161 1959 1217 δια-

308 1259 508 1336 φόρους
562 1255 990 1333 κατατρέχοντα,
1021 1251 1110 1310 καί
1169 1253 1384 1318 πολλὰς
1445 1254 1626 1330 ψυχὰς
1678 1253 1812 1325 μετὰ
1859 1254 1958 1320 τῆς

311 1347 501 1402 ὶαυτοῦ
530 1343 900 1401 ἀπολλύοντα·
933 1343 1024 1399 καὶ
1057 1341 1198 1400 ἄλλο
1230 1342 1394 1399 πάλιν
1443 1350 1614 1418 κρῖμα
1666 1345 1764 1396 τοῦ
1826 1342 1962 1415 μετὰ

316 1437 742 1512 παρατηρήσεως
794 1434 1190 1510 ἁμαρτάνοντος
1239 1434 1378 1509 παρά
1434 1435 1524 1488 τὸν
1584 1429 1958 1507 ἀναισχύντως

317 1525 504 1580 ἑαυτὸν
557 1531 627 1599 τῇ
690 1525 922 1602 ἁμαρτίᾳ
973 1521 1253 1580 ἐκδιδόντα
1302 1527 1436 1599 (35),
1481 1523 1570 1579 καὶ
1628 1520 1810 1597 ἕτερον
1863 1525 1961 1576 τοῦ

313 1609 546 1686 σύμϐιον
605 1611 825 1690 ἔχοντος
881 1616 995 1688 (36)
1041 1615 1131 1669 καὶ
1191 1613 1266 1676 εἰς
1324 1611 1588 1690 ὕπανδρον
1645 1611 1959 1674 πταίοντος·

309 1701 446 1777 ὅπερ
477 1703 564 1757 καὶ
597 1700 766 1772 διπλῆ
803 1703 1030 1779 μοιχεία
1053 1708 1134 1776 τῷ
1165 1703 1514 1779 ἐργαζομενῳ
1563 1704 1661 1773 τὴν
1696 1701 1961 1777 ἁμαρτίαν

311 1790 607 1867 λογίζεται.
641 1793 873 1868 Φρικτὸν
933 1790 991 1848 δὲ
1046 1792 1210 1849 πάλιν
1270 1794 1331 1848 τὸ
1384 1799 1557 1867 κρῖμα
1613 1791 1676 1846 τὸ
1706 1789 1965 1866 κανονικῇ

2065 628 2182 685 lam
2216 629 2503 701 :graviori
2529 629 2629 702 qui
2653 630 2711 685 in
2745 634 3048 685 senectute
3071 634 3383 699 scortntur,
3423 645 3599 700 quam
3625 629 3726 700 qui

2069 719 2126 772 in
2152 720 2463 789 juventute
2498 737 2510 774 :
2545 718 2797 790 graviori
2848 718 2947 790 qui
2980 718 3236 788 assidue,
3273 736 3451 791 quam
3503 719 3604 791 qui
3636 721 3724 774 in-

2067 808 2298 864 terdum
2346 825 2357 862 :
2391 809 2662 880 graviori,
2713 809 2812 880 qui
2844 825 2979 864 cum
3029 808 3204 863 calidi
3235 825 3349 864 non
3394 807 3473 863 sit
3504 811 3724 880 tempe-

2069 898 2340 965 ramenti,
2376 899 2476 952 scd
2512 897 2808 969 frigidi,se
2842 898 3037 970 ipsum
3067 897 3214 954 cibis
3243 897 3528 966 calefacit,
3563 902 3618 953 et
3649 899 3720 954 ad

2069 986 2426 1058 voluptatem
2459 988 2744 1043 accendit.
2773 986 2956 1042 Multa
2975 1003 3208 1060 quoque
3228 987 3345 1043 alia
3366 991 3423 1043 et
3447 987 3605 1042 varia
3636 987 3724 1042 af-

2069 1075 2205 1132 ferri
2232 1080 2482 1148 possunt
2508 1076 2601 1131 Dei
2617 1077 2846 1147 judicia
2867 1077 2937 1131 de
2968 1077 3340 1132 scortatione.
3373 1076 3544 1132 Aliud
3568 1077 3725 1132 enim

2069 1164 2476 1235 estjudicium
2510 1165 2639 1236 ejus
2685 1166 2786 1238 qui
2820 1167 2881 1220 in
2932 1183 3109 1221 unam
3143 1171 3345 1238 peccat
3393 1165 3725 1233 mulierem,

2069 1271 2243 1324 quam
2276 1254 2374 1325 qui
2432 1255 2491 1309 in
2524 1254 2721 1325 plures
2750 1259 2806 1309 et
2858 1256 3118 1311 diversas
3149 1255 3339 1320 irruit,
3390 1255 3726 1325 multasque

2070 1342 2298 1399 animas
2327 1358 2461 1398 cum
2493 1361 2602 1399 sua
2629 1343 2835 1416 perdit.
2853 1343 3017 1398 Aliud
3043 1344 3559 1415 rursusjudiciun
3595 1345 3724 1414 ejus

2069 1436 2178 1500 est,
2203 1431 2305 1503 qui
2337 1449 2471 1487 cum
2505 1432 2703 1504 aliqua
2732 1432 3135 1488 observatione
3165 1436 3387 1504 peccat,
3413 1449 3591 1505 quam
3624 1432 3725 1503 qui

2070 1519 2446 1592 impudenter
2466 1537 2528 1576 se
2552 1520 2676 1592 ipse
2707 1525 2941 1592 peccato
2965 1522 3281 1593 mancipat.
3315 1522 3484 1577 Aliud
3512 1522 3725 1578 iterum

2063 1608 2354 1681 judicium
2389 1610 2517 1680 ejus
2566 1615 2655 1666 est
2684 1611 2785 1682 qui
2817 1627 3052 1666 uxorem
3094 1610 3270 1666 habet
3297 1615 3355 1667 et
3382 1611 3441 1666 in
3483 1615 3729 1683 nuptum

2074 1702 2295 1771 peccat,
2331 1699 2487 1770 quod
2522 1703 2585 1754 ut
2614 1698 2830 1771 duplex
2877 1698 3232 1755 adulterium
3263 1699 3589 1771 imputatur
3618 1698 3729 1754 hu-

2064 1788 2332 1860 jusmodi
2365 1792 2666 1860 peccatum
2699 1788 3110 1844 committenti.
3136 1789 3506 1845 Horrendum
3531 1794 3727 1844 autem

306 1879 523 1956 γυναικὶ
578 1881 1005 1958 κατεπέρχεσθαι
1041 1902 1052 1914 ·
1112 1883 1201 1938 καὶ
1277 1880 1440 1938 πάλιν
1517 1880 1579 1937 τὸ
1636 1878 1965 1955 ἀδικουμένῃ

2077 1876 2363 1949 judicium
2387 1878 2514 1949 ejus
2541 1878 2639 1948 qui
2669 1878 2742 1933 ad
2765 1878 3104 1934 canonicam
3132 1878 3353 1934 accedit
3384 1878 3688 1934 mulierem
3716 1895 3728 1943 ;

307 1970 523 2046 γυναικὶ
585 1971 807 2046 βοηθεῖν
875 1972 964 2027 καὶ
1045 1971 1233 2046 μισθὸν
1293 1979 1392 2042 τῆς
1445 1971 1770 2048 προστασίας
1827 1971 1966 2047 πρὸς

315 2058 584 2134 ἁμαρτίαν
618 2057 754 2134 αὐτῇ
800 2060 1160 2136 συγγενέσθαι.
1194 2060 1272 2116 Ού
1325 2058 1487 2133 μόνον
1548 2056 1626 2126 δὲ,
1679 2055 1826 2112 ἀλλά
1876 2057 1966 2112 καὶ

311 2149 482 2210 τόπος
515 2147 652 2224 πρὸς
683 2149 946 2223 ἁμαρτίαν
992 2148 1101 2204 ἐστὶ
1152 2147 1410 2226 διάφορος
1440 2150 1574 2222 (37).
1613 2145 1823 2203 Πολλοὶ
1866 2147 1967 2222 γὰρ

308 2235 404 2292 καὶ
437 2236 489 2291 ἐν
548 2235 812 2309 ἐκκλησίᾳ
864 2239 964 2307 τὴν
1020 2238 1282 2314 ἁμαρτίαν
1343 2237 1679 2314 ἐργάζονται,
1707 2235 1795 2292 καὶ
1853 2233 1966 2290 διτ-

305 2326 405 2381 τὸν
463 2331 635 2403 κρῖμα
691 2326 1079 2404 ἀποφέρονται.
1135 2324 1412 2388 Πολλάκις
1474 2325 1578 2403 γὰρ
1651 2324 1740 2381 καὶ
1791 2322 1966 2402 φίλων

308 2421 572 2491 γυναῖκας
625 2413 952 2490 μολύνουσιν
991 2413 1191 2490 ἕτεροι,
1224 2412 1524 2484 Ἰουδαϊκήν
1575 2414 1782 2491 ἀγάπην
1835 2415 1968 2470 ὑπο-

307 2505 644 2582 κρινόμενοι.
706 2508 880 2578 "Amp
942 2507 1144 2560 ἅπαντα
1220 2504 1489 2580 ἀνακρίνει
1552 2504 1640 2559 καὶ
1700 2509 1893 2560 σκοπεῖ
1939 2505 1968 2559 6

307 2593 520 2658 δίκαιος
563 2599 661 2650 τοῦ
711 2599 844 2650 θεοῦ
890 2594 1198 2673 ὀφθαλμὸς,
1232 2593 1367 2649 κατά
1413 2594 1475 2649 τὸ
1507 2593 1739 2671 ἅρῥητον
1765 2649 1774 2660 ,
1803 2593 1968 2650 αὐτοῦ

305 2691 486 2761 κρῖμα
513 2685 574 2739 τὸ
605 2682 1144 2760 ἀπροσωπόληπτον,
1178 2684 1268 2739 καὶ
1315 2683 1406 2739 τὸν
1460 2684 1617 2760 ζυγὸν
1665 2681 1831 2738 αὐτοῦ
1875 2685 1965 2740 τὸν

307 2769 512 2850 ἀκριϐῆ
546 2773 636 2830 καὶ
669 2772 1030 2850 ἀχλεύαστον.

384 2877 580 2957 Ἐρώτ.
615 2881 724 2958 ιιηῖ
770 2880 1004 2937 Πολλῶν
1065 2878 1291 2935 δικαίων
1347 2878 1441 2935 δύο
1493 2885 1748 2955 γυναῖκας
1799 2879 1852 2935 ἐν
1898 2884 1968 2955 τῇ

310 2969 529 3041 Παλαιᾷ
552 2969 644 3026 καὶ
690 2976 840 3046 τρεῖς
887 2969 1154 3046 ἐχόντων,
1187 2973 1304 3031 πῶς
1355 2971 1490 3042 ἡμῖν
1542 2967 1641 3025 οὐκ
1689 2967 1968 3044 ἐπιτέτρα-

309 3079 442 3114 πται
493 3056 588 3114 δύο
637 3063 894 3135 γυναῖκας
943 3057 1112 3135 ἔχειν,
1144 3057 1271 3114 ἀλλ’
1319 3057 1445 3114 οὐδὲ
1500 3056 1787 3121 παλλακὰς
1833 3061 1965 3130 κτή-

311 3158 504 3211 σασθαι
531 3167 545 3218 ;

2079 1969 2144 2019 ut
2173 1969 2230 2021 et
2259 1966 2356 2036 qui
2390 1966 2624 2022 mulieri
2657 1966 2883 2022 afﬂictae
2915 1984 3085 2040 opem
3116 1969 3247 2035 fert,
3279 1969 3521 2040 ejusque
3551 1984 3730 2023 causa

2081 2053 2334 2124 praesidii
2368 2060 2567 2127 peccat
2597 2073 2731 2111 cum
2765 2073 2852 2112 ea.
2887 2057 3009 2112 Imo
3041 2074 3174 2112 vero
3207 2057 3430 2112 ratione
3461 2056 3592 2125 loci,
3628 2075 3729 2111 va-

2078 2142 2202 2200 rius
2231 2159 2464 2216 quoque
2510 2151 2600 2200 est
2648 2147 2868 2217 peccati
2921 2147 3153 2202 modus.
3185 2145 3350 2201 Multi
3397 2147 3552 2202 enim
3602 2163 3733 2216 pec-

2079 2239 2214 2288 cant
2243 2233 2304 2288 in
2335 2232 2603 2302 ecclesia,
2630 2235 2958 2307 duplexque
2980 2234 3272 2305 judicium
3306 2236 3582 2290 subeunt.
3619 2237 3734 2290 Sa:-

2081 2339 2150 2394 pe
2177 2322 2335 2378 enim
2367 2323 2464 2378 alii
2494 2323 2803 2379 Judaicam
2834 2324 3183 2380 simulantes
3214 2324 3560 2380 charitateiu
3593 2324 3739 2380 ami-

2078 2428 2282 2467 corum
2331 2416 2614 2485 conjuges
2647 2413 3071 2469 contaminant.
3102 2414 3236 2478 Quae
3269 2414 3506 2485 quidem
3534 2416 3735 2468 omnia

2078 2500 2364 2572 dijudicat
2393 2505 2450 2557 et
2480 2503 2635 2557 videt
2655 2503 2861 2571 justus
2881 2502 2974 2558 Dei
2997 2504 3225 2571 oculus,
3250 2503 3415 2572 juxta
3440 2501 3730 2558 inetIabile

2078 2589 2518 2662 ejusjudicium
2571 2593 2672 2663 qui
2704 2608 3016 2664 personam
3048 2609 3163 2648 non
3212 2594 3441 2664 accipit,
3479 2598 3536 2647 et
3559 2593 3732 2663 juxta

2080 2683 2416 2736 accuratam
2443 2681 2572 2750 ejus
2601 2685 2661 2736 et
2691 2680 2936 2736 minime
2965 2680 3265 2738 ridendam
3303 2681 3606 2737 trutinam.

2151 2878 2376 2943 QUESL.
2408 2876 2639 2932 XCVIII.
2672 2881 2814 2931 Cum
2849 2877 3021 2932 multi
3065 2879 3213 2949 justi
3247 2879 3394 2934 duas
3423 2877 3510 2933 vel
3559 2878 3738 2934 etiam

2079 2971 2198 3021 tres
2225 2981 2435 3021 uxores
2466 2965 2524 3020 in
2557 2965 2751 3021 Veteri
2781 2967 3155 3021 Testamento
3186 2967 3520 3030 habuerint,
3552 2984 3733 3038 quare

2079 3055 2250 3110 nobis
2276 3072 2392 3110 non
2419 3054 2552 3109 licet
2583 3056 2732 3109 duas
2764 3055 2978 3110 habere
3009 3071 3354 3120 uxores,nec
3377 3055 3552 3111 etiam
3582 3071 3726 3109 con-

2075 3143 2322 3200 cubinas
2354 3144 2654 3215 possidere
2674 3144 2702 3198 ?

381 3262 572 3320 Ἀπόκ.
605 3261 683 3321 Ού
718 3263 882 3335 μόνον
911 3264 974 3319 τὸ
1007 3261 1103 3318 δύο
1133 3268 1390 3339 γυναῖκας
1420 3262 1567 3339 ἔχειν
1611 3261 1739 3326 τοὺς
1784 3273 1963 3326 θεοσε-

2150 3259 2322 3315 Ριεερ.
2353 3258 2475 3315 Non
2511 3260 2684 3314 modo
2716 3258 2842 3330 pios
2873 3259 3022 3314 duas
3065 3257 3280 3314 habere
3312 3276 3520 3314 uxores
3549 3259 3736 3315 vetuit

305 3347 424 3413 ϐεῖς
454 3353 482 3407 6
514 3353 742 3428 Χριστὸς
774 3350 1124 3421 διεκώλυσεν,
1159 3351 1306 3408 ἀλλά
1335 3352 1423 3407 καὶ
1477 3351 1644 3422 αὐτῆς
1688 3359 1789 3422 τῆς
1840 3358 1965 3424 μιᾶς

304 3439 610 3516 ἀπέχεσθαι
667 3440 1058 3517 προετρέψατο,
1104 3440 1298 3516 λέγων’
1334 3441 1568 3514 «Ἀμὴν
1621 3439 1769 3515 λέγω
1815 3441 1967 3513 ὑμῖν,

306 3530 458 3593 ὅστις
509 3529 572 3586 ού
635 3536 785 3602 μισεῖ
840 3531 1046 3606 πατέρα
1092 3531 1180 3586 καὶ
1233 3529 1444 3607 μητέρα
1473 3529 1564 3585 καὶ
1595 3535 1846 3606 γυναῖκα,
1879 3531 1968 3586 καὶ

307 3621 604 3683 ἀκολουθεῖ
633 3619 806 3675 ὀπίσω
843 3641 967 3694 μου,
1002 3619 1100 3675 ούκ
1133 3619 1241 3674 ἔστι
1278 3641 1382 3695 μου
1413 3619 1625 3690 ἄξιος.»
1658 3619 1722 3675 Ei.
1754 3617 1812 3675 δὲ
1837 3620 1968 3697 βού-

309 3707 399 3764 λει
454 3710 516 3764 τὸ
597 3709 952 3783 μειζότερον,
1012 3707 1284 3764 ἄκουσον
1345 3734 1374 3761 ‹‹
1433 3708 1673 3785 Ἐῥρήθη
1711 3754 1724 3778 ,
1783 3731 1914 3789 φησι
1952 3754 1967 3781 ,

307 3805 430 3861 τοῖς
485 3797 868 3874 ἀρχαίοις,ού
933 3797 1267 3873 μοιχεύσεις*
1330 3797 1438 3874 ἐγὼ
1497 3796 1555 3853 δὲ
1615 3797 1758 3874 λέγω
1815 3799 1966 3872 ὑμῖν,

312 3888 398 3944 ὅτι
429 3893 534 3950 πᾶς
565 3889 593 3942 6
625 3883 904 3959 ἐμϐλέψας
932 3893 1160 3963 γυναῖκα
1189 3889 1325 3964 πρὸς
1355 3888 1419 3943 τὸ
1467 3886 1820 3961 ἐπιθυμῆσαι,
1853 3885 1963 3958 ἤδη

311 3977 637 4053 ἐμοίχευσεν
694 3976 860 4046 αὐτὴν
914 3975 966 4031 ἐν
1015 3982 1081 4052 τῇ
1134 3974 1331 4054 καρδίᾳ
1375 3976 1560 4034 αὐτοῦ.
1593 4000 1620 4029 »
1654 3976 1719 4032 Ei
1748 3975 1841 4031 οῦν
1869 3979 1966 4045 τήν

308 4071 412 4121 τοῦ
477 4065 763 4144 ὀφθαλμοῦ
822 4065 1108 4138 ἐπιθυμίαν
1174 4066 1423 4141 μοιχείαν
1483 4066 1511 4120 6
1560 4067 1791 4140 Χριστὸς
1848 4071 1970 4128 τοῖς

312 4160 532 4217 πιστοῖς
567 4154 862 4230 λογίζεται,
894 4155 1052 4210 ποίαν
1108 4153 1304 4210 λοιπὸν
1345 4153 1669 4232 φιλοσοφίαν
1723 4154 1814 4209 καὶ
1863 4175 1972 4209 πο-

315 4241 524 4298 λιτείαν
579 4244 629 4298 οἱ
683 4244 867 4298 πιστοὶ
921 4244 1068 4320 παρά
1103 4243 1230 4306 τοὺς
1259 4242 1309 4297 ἐν
1343 4245 1411 4317 τῇ
1446 4241 1662 4314 Παλαιᾷ
1710 4242 1969 4298 ἀπαιτού-

321 4331 496 4404 patiar;
559 4331 620 4388 Ei
678 4332 780 4407 γὰρ
840 4329 954 4401 ἐξὸν
1015 4330 1108 4385 τὸν
1183 4331 1469 4407 ἄνθρωπον
1539 4327 1635 4385 δύο
1711 4333 1971 4405 γυναῖκας

311 4417 487 4496 ἔχειν,
543 4417 826 4494 πρόδηλον
886 4419 969 4475 ὅτι
1025 4419 1114 4474 καὶ
1170 4423 1238 4493 τῇ
1297 4419 1512 4494 γυναικὶ
1588 4415 1683 4473 δύο
1752 4415 1968 4495 ἄνδρας.

309 4513 584 4564 ’Ἄκουσον
619 4514 750 4584 γοῦν
779 4513 874 4564 τοῦ
906 4513 1040 4565 Θεοῦ
1069 4508 1193 4586 περὶ
1224 4513 1320 4563 τοῦ
1353 4506 1548 4584 ἀνδρὸς
1595 4509 1684 4563 καὶ
1728 4514 1830 4578 τῆς
1879 4529 1973 4583 γυ-

308 4599 504 4660 ναικὸς
561 4598 836 4674 λέγοντος,
872 4597 954 4653 ὅτι
1005 4623 1034 4649 ‹‹
1089 4599 1344 4655 Ἔσονται
1402 4599 1454 4652 οἱ
1513 4595 1610 4652 δύο
1670 4597 1746 4660 είς
1804 4595 1972 4672 σάρκα

314 4687 468 4760 μίαν.
505 4710 532 4737 »
566 4685 666 4741 Καὶ
699 4685 798 4741 ούκ
828 4685 992 4752 εἶπεν,
1023 4710 1052 4737 ‹‹
1094 4691 1347 4740 Ἔσονται
1375 4686 1428 4739 οἱ
1478 4689 1625 4761 τρεῖς
1677 4683 1754 4746 είς
1803 4685 1974 4758 σάρκα

307 4775 445 4851 μίαν
509 4777 640 4846 (38).
704 4776 958 4848 »⁸Όμως
1017 4774 1114 4847 μία
1168 4775 1326 4849 γυνὴ,
1385 4771 1601 4828 δοθεῖσα
1655 4778 1735 4846 τῷ
1792 4771 1972 4850 ἀνδρὶ,

309 4865 462 4936 αὐτῷ
510 4883 570 4919 τε
624 4867 714 4918 καί
771 4868 851 4935 τῷ
901 4863 1094 4936 κόσμῳ
1153 4858 1530 4918 ἐπεϐούλευσε·
1562 4863 1615 4917 τί
1663 4858 1893 4935 ἔμελλεν
1943 4865 1972 4918 6

307 4954 522 5026 κόσμος
564 4957 772 5019 παθεῖν,
815 4951 863 5007 εἰ
909 4950 1134 5023 ἐποίησε
1167 4952 1196 5005 6
1226 4952 1355 5013 Θεὸς
1415 4949 1511 5006 δύο
1568 4955 1824 5027 γυναῖκας
1881 4952 1972 5006 ἀπ’

308 5043 494 5118 ἀρχῆς
525 5035 712 5095 λαϐεῖν
745 5041 835 5095 τὸν
870 5037 1151 5117 ἄνθρωπον
1179 5058 1192 5109 ;
1228 5039 1292 5097 Ei
1324 5037 1383 5094 δὶ
1434 5045 1614 5110 ζητεῖς
1661 5038 1810 5101 τίνος
1869 5039 1972 5114 χά-

308 5152 396 5204 ριν
452 5132 506 5185 οἱ
551 5131 778 5204 ἀρχαῖοι
826 5130 916 5184 καὶ
973 5127 1069 5184 δύο
1134 5129 1222 5184 καὶ
1282 5135 1426 5197 τρεῖς
1485 5133 1740 5202 γυναῖκας
1797 5128 1970 5203 εἶχον,

313 5220 549 5294 μάνθανε
575 5214 841 5292 ἀκριϐῶς,
872 5217 955 5273 ὅτι
987 5216 1174 5285 πολλή
1209 5219 1274 5287 ἦν
1326 5217 1450 5272 τότε
1496 5222 1598 5272 τοῦ
1638 5212 1906 5274 διαϐόλου
1936 5220 1970 5287 ἠ

306 5308 584 5382 τυραννὶς,
616 5309 676 5376 ἣν
710 5310 738 5363 6
780 5308 1010 5383 Χριστὸς
1064 5304 1414 5380 ἐπιδημήσας
1461 5310 1795 5383 κατήργησε,
1829 5306 1974 5362 πολ-

388 5499 432 5534 "
475 5500 610 5556 Luc.
653 5514 771 5565 xxv,
811 5498 903 5552 26.
1014 5497 1060 5532 ⁵⁸
1099 5497 1306 5553 Matth.
1348 5512 1402 5568 ν,
1441 5497 1534 5567 27,
1573 5497 1664 5552 28.

391 5670 507 5742 (35)
536 5670 632 5726 Sic
661 5686 808 5742 mss.
843 5668 993 5742 Εᾷὶῐί
1023 5684 1178 5737 vero,
1213 5663 1540 5742 ἐκδώσανεα.

538 5743 618 5798 Ita
652 5741 814 5798 editi.
850 5740 992 5798 Mss.
1027 5733 1180 5810 vero,
1211 5739 1303 5795 τὸν
1336 5733 1566 5813 σύμϐιον
1601 5735 1818 5814 ἔχοντα.

2077 3348 2473 3415 Christus,sed
2498 3348 2671 3404 etiam
2697 3348 2966 3403 hortatus
2990 3352 3159 3403 estut
3182 3349 3253 3403 ab
3271 3349 3397 3420 ipsa
3421 3367 3536 3403 una
3559 3349 3736 3404 absti-

2079 3442 2277 3494 neant.
2311 3460 2340 3488 ‹‹
2378 3443 2585 3505 Amen,
2625 3437 2840 3511 inquit,
2871 3438 3000 3493 dico
3043 3437 3232 3504 vobis,
3287 3439 3384 3510 qui
3440 3456 3553 3493 non
3608 3439 3734 3493 odit

2079 3531 2303 3599 patrem
2336 3532 2393 3582 et
2423 3530 2666 3583 matrem
2701 3531 2757 3581 et
2787 3543 3024 3582 uxorem
3056 3543 3163 3582 nec
3192 3528 3460 3599 sequitur
3489 3542 3735 3595 me,non

2078 3619 2168 3671 est
2197 3632 2291 3672 me
2321 3615 2536 3688 dignus
2559 3615 2664 3668 ⁵⁵.»
2683 3616 2844 3681 Quod
2869 3615 2918 3670 si
2943 3616 3136 3685 majus
3159 3615 3377 3687 aliquid
3404 3619 3594 3686 aptas,
3613 3615 3738 3670 haec

2079 3704 2214 3760 audi
2253 3721 2264 3760 :
2299 3726 2322 3756 tl
2359 3705 2588 3760 Dictum
2623 3703 2948 3776 est,inquit,
2979 3705 3239 3775 antiquis
3275 3721 3286 3759 :
3325 3705 3444 3759 Non
3483 3704 3735 3758 mmchu-

2077 3794 2234 3848 beris
2269 3811 2282 3849 :
2316 3810 2421 3865 ego
2453 3798 2646 3849 autem
2677 3794 2806 3848 diro
2837 3794 3004 3849 vobis
3035 3795 3174 3865 quia
3222 3795 3415 3850 omnis
3447 3793 3546 3865 qui
3579 3793 3738 3848 vide-

2078 3885 2156 3939 rit
2176 3883 2483 3939 mulierem
2507 3884 2578 3938 ad
2603 3883 3142 3954 concupiscendum
3164 3885 3457 3954 eam,jam
3484 3883 3738 3939 moecha-

2077 3978 2173 4028 tus
2204 3977 2296 4027 est
2327 3989 2452 4027 eam
2506 3972 2563 4026 in
2597 3973 2767 4028 corde
2799 3989 2906 4027 suo
2935 3973 2997 4026 ⁸⁵.
3033 3992 3060 4025 n
3094 3973 3151 4028 Si
3203 3972 3385 4045 igitur
3414 3971 3562 4027 oculi
3599 3988 3736 4026 con-

2078 4061 2503 4132 cupiscentiam
2567 4062 2839 4116 Christus
2900 4061 2958 4116 in
3034 4061 3310 4117 ﬁdelibus
3363 4067 3558 4116 censet
3610 4078 3739 4116 esse

2079 4149 2456 4220 adulterium,
2489 4167 2783 4221 quaenam,
2817 4167 3035 4221 quasso,
3058 4151 3450 4223 philosophia,
3471 4151 3739 4223 quinam-

2076 4254 2144 4294 ve
2174 4239 2405 4293 vivendi
2459 4240 2673 4294 modus
2707 4256 2739 4293 a
2770 4239 2941 4294 nobis
2991 4239 3266 4294 fidelibus
3316 4257 3431 4312 prae
3477 4240 3737 4312 antiquis

2078 4328 2331 4399 exigitur
2350 4327 2378 4382 ?
2407 4327 2465 4383 Si
2488 4327 2644 4383 enim
2671 4327 2803 4382 licet
2842 4327 3064 4382 homini
3090 4329 3239 4384 duas
3268 4328 3481 4384 habere
3505 4346 3736 4396 uxores,

2079 4422 2235 4473 certe
2261 4422 2319 4473 et
2350 4416 2514 4472 uxori
2563 4418 2713 4473 duos
2744 4417 3010 4472 maritos.
3043 4417 3192 4472 Audi
3225 4433 3361 4489 ergo
3409 4418 3549 4488 quid
3584 4419 3741 4473 dicat

2079 4506 2232 4562 Deus
2261 4507 2332 4561 de
2381 4507 2504 4562 viro
2559 4511 2615 4561 et
2662 4508 2731 4561 de
2780 4520 2978 4570 uxore,
3012 4527 3038 4556 «
3073 4506 3261 4562 Erunt
3307 4506 3423 4561 duo
3455 4507 3515 4562 in
3563 4522 3737 4561 carne

2083 4613 2201 4652 una
2231 4597 2294 4653 ⁵⁷.
2333 4616 2356 4647 n
2392 4596 2517 4652 Non
2568 4595 2735 4661 dixit,
2771 4617 2796 4647 ‹‹
2832 4595 3014 4651 Erunt
3062 4599 3182 4652 tres
3211 4595 3271 4650 in
3325 4611 3502 4652 carne
3535 4611 3674 4650 una.
3709 4618 3738 4646 »

2083 4684 2499 4740 Verumtamen
2527 4701 2642 4739 una
2666 4683 2878 4740 mulier
2899 4687 3023 4739 viro
3042 4685 3281 4754 tradita,
3306 4684 3418 4757 ipsi
3442 4689 3500 4739 et
3519 4685 3740 4740 mundo

2083 4774 2359 4829 insidiata
2382 4779 2471 4828 est
2493 4791 2505 4829 :
2530 4775 2667 4845 quid
2693 4773 2874 4846 igitur
2904 4789 3190 4844 passurus
3221 4777 3346 4829 erat
3381 4775 3663 4843 mundus,
3691 4773 3740 4827 si

2085 4869 2232 4919 Deus
2255 4864 2326 4918 ab
2349 4862 2515 4918 initio
2532 4864 2680 4917 duas
2705 4862 2983 4917 mulieres
3004 4863 3228 4918 homini
3258 4863 3554 4918 dedisset?
3575 4863 3739 4926 Quod

2082 4953 2129 5007 si
2157 4952 2368 5023 quaeris
2389 4953 2560 5024 cujus
2583 4949 2664 5007 rei
2679 4951 2869 5024 gratia
2890 4951 3282 5025 antiquiduas
3296 4952 3386 5010 vel
3400 4957 3518 5009 tres
3535 4968 3744 5007 uxores

2081 5041 2413 5109 habuerint,
2442 5040 2602 5096 disce
2629 5044 2898 5096 accurate
2921 5057 3159 5096 causam
3187 5056 3336 5107 esse,
3371 5040 3524 5112 quod
3556 5040 3742 5094 multa

2081 5133 2221 5185 tunc
2252 5129 2466 5184 diaboli
2517 5131 2738 5201 vigeret
2784 5132 3074 5202 tyrannis,
3110 5147 3286 5201 quam
3337 5130 3606 5184 Christus
3638 5129 3738 5182 ad-

2080 5224 2257 5275 ventu
2289 5235 2396 5276 suo
2423 5219 2842 5291 destruxit,qui
2859 5223 2917 5275 et
2937 5219 3154 5275 multos
3175 5220 3474 5276 damones
3496 5234 3526 5275 θ
3546 5217 3740 5274 medio

2083 5309 2346 5377 sustulit,
2371 5307 2708 5379 aliosquein
2737 5309 3016 5382 abyssum
3042 5308 3473 5378 exterminavit,
3506 5307 3652 5364 alios
3682 5307 3739 5362 in

1777 5497 1820 5533 ⁸⁷
1860 5497 2064 5555 Cenes.
2107 5515 2168 5567 ιι,
2211 5499 2298 5553 24.

2163 5670 2274 5740 (37)
2308 5670 2473 5744 Mss.,
2506 5664 2622 5744 ἔστι
2645 5648 3144 5744 κρῖμαδιάςρορονξ

2164 5736 2277 5813 (38)
2314 5743 2394 5797 Ita
2428 5759 2570 5800 mss.
2599 5736 2899 5813 invaditis,
2934 5736 3021 5801 εἰς’
3039 5737 3206 5810 σάρκα
3243 5736 3368 5808 μίαν
3401 5737 3634 5793 desunt.
