4132 6360
392 416 512 475 659
1577 408 1641 472 S.
1689 410 2211 473 ATHANASIUS.
2241 441 2317 456 —-
2348 412 2657 473 SPUltlA.
3319 408 3328 415 ’
3701 411 3832 470 660

399 550 630 603 deserta
671 546 821 612 loca,
855 545 1002 603 alios
1034 546 1091 602 in
1126 550 1311 603 terras
1358 546 1776 603 inhabitabiles
1807 549 1865 603 et
1891 546 2053 601 inac-

2208 541 2302 605 οῦς
2330 547 2436 598 τῶν
2471 542 2747 617 δαιμόνων
2782 543 2842 600 ἐκ
2876 545 3041 618 μέσου
3072 544 3336 620 ἱξορίσας·
3371 542 3497 605 τοὺς
3530 543 3624 616 μὶν
3667 544 3722 601 ἐν
3751 547 3832 618 τῇ

405 653 625 694 cessas.
2165 628 2407 704 ἀϐύσσῳ,
2437 634 2566 695 τοὺς
2598 631 2655 688 δὶ
2693 632 2744 689 ἐν
2794 632 3051 706 ἐρήμοις,
3081 635 3173 689 καὶ
3225 633 3509 704 ἀοικήτοις
3553 633 3645 688 xui
3695 628 3840 689 ἀϐά-

2165 742 2283 783 τοις
2310 717 2523 785 τόποις.

2243 810 2435 885 Ἐρώτ.
2487 811 2589 889 ῌΥ.
2623 812 2746 874 Πῶς
2804 809 3077 874 πολλάκις
3121 812 3190 866 τά
3246 811 3340 886 μὶν
3392 811 3501 867 τῶν
3561 810 3838 867 ἐνυπνίων

2173 898 2535 970 ἀληθεύουσιν
2559 922 2575 969 ;
3436 964 3446 973 .

2248 988 2436 1044 Ἀπόκ.
2469 994 2639 1044 Τοῦτο
2689 988 2964 1052 πολλάκις
3018 990 3222 1067 γίνεται
3268 989 3359 1044 καὶ
3409 989 3471 1044 ἑκ
3499 993 3654 1044 Θεοῦ·
3687 989 3845 1045 πολ-

2181 1073 2338 1139 Λάκις
2395 1075 2453 1133 δὲ
2500 1078 2589 1133 xui
2639 1078 2699 1134 ἐκ
2724 1083 2823 1134 τοῦ
2854 1073 3288 1152 συμϐεϐηκότος.
3331 1079 3485 1135 Ἐστι
3519 1075 3567 1133 δ’
3595 1078 3687 1133 ὅτε
3742 1079 3847 1134 καὶ

2183 1166 2259 1228 ὡς
2287 1168 2449 1242 νοερὰ
2491 1166 2624 1222 οὖσα
2653 1170 2687 1238 ή
2938 1170 3327 1244 προγινώσκει·
3360 1167 3482 1223 τινὰ
3527 1164 3587 1222 δὲ
3639 1168 3731 1223 xui
3785 1169 3849 1223 οἱ

2185 1253 2438 1328 δαίμονες
2469 1255 2879 1332 προδεικνύουσι
2914 1255 2986 1312 δι’
3017 1256 3299 1313 ἐνυπνίων.

2259 1346 2452 1420 Ἐρώτ.
2485 1347 2549 1422 ρ’.
2598 1347 2659 1401 Τί
2702 1346 2829 1415 οὗνς
2860 1348 3221 1422 προγνώοτης
3436 1345 3581 1402 ἔστὶν
3630 1348 3659 1400 ὁ
3720 1344 3849 1401 διά-

2187 1427 2353 1494 ϐολος
2384 1432 2475 1487 καὶ
2522 1435 2575 1488 αἱ
2623 1431 2902 1507 δαίμονες,
2933 1435 3023 1489 καὶ
3085 1431 3333 1489 δύνανται
3385 1434 3555 1489 εἰπεῖν
3600 1433 3669 1487 τά
3712 1432 3854 1505 μιλ-

479 815 633 871 289
667 814 894 879 Qums'r.
928 813 1114 868 XCIX.
1148 814 1255 881 Qui
1291 815 1356 869 ﬁt
1387 820 1453 871 ut
1490 831 1638 887 saepe
1670 814 1898 871 somnia
1926 828 2063 868 vera

408 902 573 960 sint?

485 993 659 1048 Resp.
696 992 755 1048 Id
791 1008 945 1064 saepe
994 1009 1060 1047 ex
1091 992 1206 1047 Deo
1231 992 1387 1048 venit
1417 1011 1430 1048 :
1463 1009 1615 1064 saepe
1662 993 1838 1048 etiam
1872 1008 2013 1047 casu
2048 1007 2062 1046 :

412 1098 840 1153 nonnunquam
873 1082 1087 1147 anima,
1124 1087 1326 1154 utpote
1361 1082 1761 1154 “intelligentia
1806 1081 2067 1154 praedita,

414 1174 615 1228 futura
648 1171 986 1244 praenoscit:
1014 1172 1280 1243 qumdam
1316 1173 1488 1226 etiam
1524 1171 1896 1227 dmmonesin
1921 1187 2073 1227 som-

417 1261 512 1317 nis
545 1261 889 1333 praedicunt.

494 1352 723 1416 Quass'r.
756 1348 816 1404 Ο.
850 1350 997 1413 Quid
1032 1349 1259 1421 igitur?
1290 1367 1431 1406 num
1464 1352 1759 1407 daemones
1785 1357 1843 1407 et
1870 1350 2076 1405 diabo-

420 1439 515 1495 lus
578 1438 802 1511 priescii
855 1455 1047 1493 rerum
1099 1444 1259 1507 sunt,
1305 1444 1363 1495 et.
1409 1440 1675 1495 cordium
1724 1440 2077 1513 cognitores,

428 1544 619 1599 eaque
648 1545 773 1599 quis
807 1528 1001 1582 futura
1032 1528 1152 1583 sint
1181 1544 1499 1599 possumus
1529 1528 1887 1601 praedicere?
2191 1521 2356 1578 λοντα
2385 1521 2667 1597 γενέσθαι;

508 1616 679 1672 Ηεερ.
707 1615 878 1671 Solus
910 1620 1061 1671 Deus
1089 1634 1179 1672 res
1210 1618 1458 1689 przescit,
1491 1622 1548 1673 et
1576 1618 1842 1673 cordium
1876 1620 2080 1690 cogni-

2263 1610 2457 1667 Ἀπόκ.
2518 1613 2883 1687 Προγνώστης
2940 1612 3030 1667 xui
3083 1609 3528 1688 καρδιογνώστης
3599 1610 3769 1684 μόνος
3820 1614 3852 1667 ὁ

428 1710 520 1762 tor
549 1704 863 1776 est.Neque
894 1705 1050 1760 enim
1082 1706 1191 1776 ipsi
1224 1706 1412 1773 angeli
1447 1711 1661 1762 norunt
1690 1724 1757 1763 ea
1786 1724 1913 1779 quae
1944 1712 2080 1763 sunt

2201 1701 2322 1761 Θεὸς
2384 1700 2616 1776 ὑπάρχει
2651 1717 2679 1734 ··
2723 1701 2837 1756 ἐπεὶ
2892 1699 3017 1757 οὐδὲ
3072 1701 3225 1756 αὐτοῖ
3284 1702 3336 1756 oi
3394 1699 3615 1776 ἄγγελοι
3669 1700 3739 1755 τά
3795 1700 3850 1756 ἐν

433 1796 493 1850 in
525 1793 720 1861 corde,
752 1810 858 1849 nec
911 1810 1039 1865 quis
1071 1794 1271 1849 futura
1319 1800 1486 1851 sunt.
1528 1798 1599 1850 At
1625 1796 1924 1851 daemones
1953 1813 2080 1868 quae

2201 1789 2407 1865 καρδίᾳ.
2439 1791 2474 1860 ἢ
2525 1792 2592 1846 τά
2645 1790 2920 1864 μέλλοντα
2969 1791 3298 1848 ἐπίστανται.
3329 1792 3397 1849 Oi
3451 1788 3508 1846 δὲ
3566 1788 3852 1864 δαίμονες,

437 1883 749 1956 praedicere
795 1883 1177 1953 arbitrantur,
1229 1899 1298 1939 ea
1345 1900 1413 1940 ex
1470 1884 1688 1940 astutia
1736 1885 2076 1955 conjiciunt.

2201 1878 2292 1934 ὅσα
2337 1876 2708 1955 προδεικνύειν
2756 1881 3092 1953 νομίζουσιν,
3144 1880 3204 1936 ἐκ
3250 1879 3582 1956 πανουργίας
3643 1900 3853 1955 στοχα-

435 1972 613 2027 Verbi
645 1970 856 2044 gratia,
887 1987 1044 2041 cum,
1078 1976 1142 2025 ut
1170 1972 1436 2043 spiritus,
1470 1973 1689 2029 multos
1726 1974 1878 2046 apud
1912 1973 2080 2030 Indos

2201 1966 2420 2040 ζόμενοι
2449 1973 2616 2023 ταῦτα
2664 1966 2933 2045 λέγουσιν.
2966 1969 3094 2025 υἱόν
3141 1990 3195 2023 τι
3245 1968 3518 2031 πολλάκις
3565 1969 3644 2031 ὡς
3685 1969 3854 2023 πνεύο

437 2065 657 2121 imbres
704 2063 923 2130 vident,
957 2062 1040 2118 illi
1072 2063 1132 2119 in
1181 2063 1425 2137 Egypto
1473 2066 1857 2137 praeveniunt,
1891 2083 1958 2122 ac
1985 2082 2080 2140 per

2201 2077 2340 2128 ματα
2387 2058 2554 2134 ὁρῶσι
2610 2057 2740 2120 τοὺς
2805 2053 3047 2135 ὄμϐρους
3092 2058 3220 2121 τοὺς
3274 2056 3531 2120 Ἰνδικοὺς
3596 2055 3850 2120 πολλοὺς

434 2154 864 2211 incantationes
885 2152 1248 2208 etinsomnia
1261 2169 1536 2225 magnam
1561 2155 1681 2209 fore
1700 2154 1811 2210 Nili
1833 2154 2080 2210 inunda-

2201 2146 2534 2220 γινομένους,
2566 2148 2657 2201 καὶ
2688 2142 3169 2222 προλαμϐάνουσιν
3196 2148 3250 2202 ἐν
3298 2146 3583 2221 Αἰγύπτῳ,
3622 2147 3714 2202 xui
3761 2143 3853 2201 διὰ

431 2245 653 2299 tionem
684 2241 1112 2298 vaticinantur:
1147 2241 1377 2314 aliaque
1408 2242 1499 2298 bis
1526 2243 1746 2299 similia
1777 2249 2080 2318 peragunt.

2201 2242 2546 2314 φαρμακειῶν
2576 2241 2685 2309 (40)
2717 2239 2752 2306 ἢ
2795 2237 3110 2313 ὀνειράτων,
3155 2236 3397 2314 μεγάλην
3444 2232 3701 2293 ἀνάϐασιν
3753 2242 3851 2292 τοῦ

435 2337 598 2404 Sapo
628 2334 827 2387 autem
880 2330 1057 2385 etiam
1113 2331 1497 2387 mentiuntur.
1530 2332 1677 2387 Hinc
1707 2332 1757 2388 si
1789 2334 1923 2406 quis
1953 2332 2080 2390 illos

2201 2324 2393 2380 Νείλου
2422 2330 2675 2397 ποταμοῦ
2717 2326 3067 2400 μαντεύονται
3099 2330 3233 2397 (41)·
3266 2326 3356 2381 καὶ
3418 2324 3564 2382 ἄλλα
3620 2323 3680 2381 δὲ
3733 2348 3852 2382 τινα

427 2420 568 2476 velit
611 2419 972 2488 convincam,
1005 2435 1206 2476 secum
1255 2420 1628 2490 determinet,
1674 2438 1741 2477 ac
1794 2426 2080 2495 supponat

2201 2413 2362 2487 δμοια
2389 2412 2605 2477 τούτοις
2660 2412 3096 2490 διαπράττονται.
3129 2413 3410 2477 Πολλάκις
3457 2412 3517 2470 δὶ
3571 2415 3661 2469 καὶ
3716 2416 3851 2489 ψεύ-

427 2513 573 2583 qunt
618 2525 900 2565 nummos
946 2509 1208 2565 crastina
1259 2510 1352 2565 die
1417 2510 1772 2567 distribuere
1819 2514 2018 2584 cupiat
2068 2529 2080 2568 :

2201 2501 2398 2561 δονται.
2436 2506 2532 2561 Καὶ
2565 2506 2593 2560 ὁ
2629 2501 2968 2581 βουλόμενος
2996 2504 3223 2567 τούτους
3256 2504 3469 2580 ἐλέγξαι
3517 2504 3752 2580 ὁρισάτω
3798 2505 3849 2559 ἐν

427 2602 551 2665 Quo
584 2600 733 2654 facto
766 2597 1016 2653 accitum
1051 2615 1290 2671 magum
1322 2598 1408 2654 vel
1438 2604 1630 2655 vatem
1670 2600 1989 2674 interroget
2018 2618 2080 2657 ea

2201 2594 2263 2664 τῇ
2294 2592 2485 2648 ἑαυτοῦ
2515 2597 2693 2670 ψυχῇ,
2737 2590 2964 2659 ὑπόθου·
3014 2593 3156 2649 πόσα
3197 2592 3512 2667 νομίσματα
3568 2591 3843 2649 διαδοῦναι

428 2688 499 2744 de
526 2703 587 2744 re
617 2689 688 2743 de
722 2703 839 2759 qua
886 2687 1312 2757 determinavit,
1345 2687 1613 2761 nihilque
1661 2690 1902 2745 omnino
1952 2690 2080 2747 illos

2201 2680 2269 2743 εἲς
2309 2684 2408 2752 τήν
2460 2680 2670 2759 αὔριον·
2708 2683 2812 2737 ’καὶ
2861 2682 3374 2759 προσκαλεσάμενος
3418 2682 3511 2737 τὸν
3561 2683 3841 2760 φαρμακὸν

428 2793 603 2850 posse
630 2776 845 2833 rescire
875 2777 1215 2849 comperiet.

2201 2771 2227 2840 ﬁ
2272 2772 2365 2826 τὸν
2418 2773 2629 2844 μάντιν,
2662 2772 2988 2847 ἐρωτησάτω
3048 2771 3232 2843 αὐτὸν,
3262 2770 3388 2847 περὶ
3439 2771 3502 2826 οὗ
3541 2771 3723 2846 ὥρισε·
3750 2772 3837 2826 xui

501 2958 728 3022 Qua-251'.
760 2955 1005 3011 CLCum
1039 2955 1281 3027 quidam
1310 2960 1367 3012 et
1396 2956 1582 3012 ,ιυὰωί
1617 2963 1674 3013 et
1703 2958 1951 3030 gentiles
1983 2959 2081 3012 be-

427 3045 638 3103 neﬁcia
668 3060 819 3117 sepe
847 3044 1131 3110 tribuant,
1168 3045 1435 3116 nunquid
1484 3046 1702 3101 idcirco
1735 3047 1792 3101 in
1833 3063 2079 3119 regnum

426 3136 706 3191 caelorum
737 3133 1177 3203 ingrediuntur?
1198 3134 1459 3206 autquid
1492 3135 1663 3191 nobis
1692 3137 1763 3191 de
1794 3136 2084 3208 illisjudi-

423 3225 678 3282 cundum
712 3220 846 3279 est?

500 3312 826 3368 Rssr.Cum
850 3311 1135 3367 Dominus
1161 3311 1229 3365 ad
1256 3311 1639 3367 Nicodemum
1662 3314 1816 3369 dicat
1838 3320 2080 3370 :«Amen
2109 3283 2155 3351 θ

429 3401 561 3457 dico
591 3400 720 3467 tibi,
753 3399 866 3455 nisi
902 3399 1037 3471 quis
1066 3405 1241 3455 natus
1274 3400 1448 3456 fuerit
1495 3417 1597 3472 per
1625 3419 1838 3474 aquam
1872 3408 1928 3460 et
1958 3405 2082 3476 Spi-

320 3480 329 3487 ’
428 3490 762 3559 ritum,non
796 3488 1041 3543 intrabit
1069 3488 1127 3542 in
1164 3504 1410 3559 regnum
1443 3489 1719 3546 caelorum
1754 3492 1817 3547 "z
1850 3515 1877 3542 υ
1901 3495 2084 3548 mani-

427 3579 641 3635 festum
695 3582 785 3633 est
813 3576 1107 3633 neminem
1159 3594 1273 3633 non
1322 3577 1678 3650 baptizatum
1732 3581 1791 3636 in
1822 3581 1965 3637 illud
2000 3583 2084 3638 in-

428 3683 796 3742 gressurum.
829 3666 890 3721 Id
923 3670 1119 3721 autem
1152 3666 1223 3721 de
1255 3665 1424 3723 bonis
1453 3668 1779 3725 infidelium
1806 3672 2081 3743 operibus

432 3762 523 3813 est
548 3754 950 3825 sentiendum,
980 3754 1067 3811 vel
1101 3770 1380 3827 prospera
1408 3773 1527 3827 qua
1556 3758 1649 3813 hic
1684 3763 1931 3815 utuntur
1964 3761 2080 3815 for-

431 3850 598 3907 tuna.
631 3844 929 3917 propriam
961 3843 1257 3916 percipere
1288 3846 1636 3912 mercedem,
1673 3846 1759 3904 vel
1794 3848 1851 3904 in
1883 3848 2081 3905 futuro

433 3935 647 3992 saeculo
678 3933 867 3989 levius
898 3950 1028 3989 esse
1077 3933 1405 4005 puniendos
1435 3952 1611 4006 quam
1658 3941 1899 3993 caeteros
1942 3937 2080 3993 inti-

430 4023 722 4095 deles,qui
755 4022 900 4078 nihil
935 4022 1069 4078 boni
1104 4027 1366 4093 egerunt.
1387 4026 1546 4090 Quod
1580 4026 1627 4081 si
1660 4026 1944 4098 scriptum
1981 4026 2078 4095 sit,

435 4133 459 4163 α
493 4113 691 4170 Gloria
714 4117 773 4168 et
804 4112 988 4168 honor
1018 4116 1072 4167 et
1104 4128 1212 4183 pax
1243 4113 1403 4168 omni
1424 4114 1685 4186 operanti
1714 4115 1955 4185 bonum,
1975 4117 2079 4173 Jun

427 4204 549 4258 daeo
580 4202 836 4275 primum
890 4205 947 4258 et
972 4201 1170 4257 Graeco
1201 4202 1265 4268 ⁸ο,
1302 4224 1322 4251 ι
1360 4219 1433 4258 ne
1475 4204 1725 4260 mireris.
1761 4205 1892 4262 Haec
1920 4206 2078 4262 enim

427 4291 575 4349 dixit
603 4290 917 4364 Apostolus
947 4291 1018 4346 de
1048 4290 1120 4346 iis
1151 4292 1249 4362 qui
1275 4296 1408 4348 ante
1424 4291 1635 4349 Christi
1659 4294 2080 4351 adventnmex-

424 4382 722 4438 stiterunt.

497 4473 718 4538 Quam.
774 4469 888 4526 Cll.
944 4470 1201 4526 Habctne
1249 4469 1425 4526 finem
1478 4476 1843 4542 peccatorum
1909 4489 2079 4544 piens

427 4577 611 4617 necne
632 4560 661 4615 ?

2190 2859 2406 2924 πάντως
2435 2863 2681 2938 εὑρήσεις
2710 2862 2868 2917 αὐτὸν
2903 2860 3073 2935 μηδὲν
3105 2862 3458 2933 ἐπιστάμενον
3489 2860 3670 2917 εἷπεῖν.

2263 2952 2460 3027 Ἐρώτ.
2496 2953 2595 3025 ρα’.
2628 2951 2849 3023 Ἐπειδή
2882 2972 3026 3014 τινες
3073 2952 3163 3007 καὶ
3212 2949 3480 3019 Ἰουδαῖοι,
3511 2949 3596 3003 xui
3625 2947 3828 3019 Ἐλλη-

2188 3063 2292 3114 νες,
2325 3040 2597 3104 πολλάκις
2630 3040 2873 3104 εὐποιίας
2905 3041 3239 3117 ἐργάζονται,
3270 3041 3373 3117 ἆρα
3418 3037 3503 3094 διὰ
3544 3042 3707 3093 τοῦτο
3756 3038 3832 3099 εἰς

2187 3132 2286 3200 τὴν
2350 3129 2624 3207 βασιλείαν
2669 3135 2777 3185 τῶν
2829 3130 3068 3208 οὐρανῶν
3121 3131 3501 3206 είσὲρχυνταις
3543 3129 3580 3196 ἢ
3622 3128 3677 3183 τί
3722 3128 3835 3203 χρὴ

2191 3220 2315 3296 περὶ
2347 3219 2521 3275 αὐτῶν
2556 3219 2909 3295 λογίζεσθαι;

2265 3309 2460 3366 Ἀπόκ.
2519 3315 2628 3366 Τοῦ
2688 3308 2885 3385 Κυρίου
2941 3308 3198 3384 λὲγοντος
3273 3309 3413 3386 πρὸς
3487 3304 3839 3381 Νικόδημον·

2194 3424 2222 3452 ι(
2254 3401 2309 3456 ’Δ
2323 3401 2430 3474 μὴν
2464 3400 2609 3477 γὲγω
2643 3421 2749 3471 σοι,
2778 3399 2865 3454 ἐάν
2897 3401 2973 3472 μή
3005 3421 3087 3462 τις
3135 3403 3371 3475 γεννηθῇ
3413 3396 3483 3454 δι’
3515 3396 3709 3460 ὕδατος
3756 3398 3844 3452 καὶ

2192 3488 2528 3561 Πνεύματος,
2580 3488 2641 3542 οὐ
2717 3490 2793 3560 μὴ
2855 3487 3071 3561 είσὲλθῃ
3127 3488 3201 3550 εἷς
3259 3489 3359 3557 τήν
3415 3486 3691 3563 βασιλείαν
3735 3491 3844 3542 τῶν

2190 3576 2451 3650 οὐρανῶν·
2488 3600 2517 3628 ››
2551 3573 2781 3647 εὔδηλον
2815 3576 2897 3631 ὅτι
2929 3574 3107 3639 οὐδεὶς
3157 3571 3487 3639 ἁϐάπτιστος
3543 3575 3620 3638 είς
3676 3575 3844 3644 αότὴν

2191 3664 2568 3721 εἴσελεύσεται.
2603 3668 2781 3723 Τοῦτο
2814 3662 2871 3721 δὲ
2899 3666 3012 3741 χρὴ
3044 3665 3165 3739 περὶ
3208 3664 3447 3720 ἀπίστων
3498 3665 3844 3741 ἀγαθοποιῶν

2191 3753 2519 3831 λογίζεσθαι·
2551 3756 2587 3823 ἢ
2630 3754 2714 3809 ὅτι
2764 3752 2853 3810 διὰ
2898 3762 2998 3824 τῆς
3045 3754 3268 3818 ἐνταῦθα
3310 3753 3488 3809 αὐτῶν
3550 3754 3847 3830 εὐημερίας

2188 3844 2280 3899 τὸν
2315 3840 2451 3899 ἴδιον
2489 3844 2676 3916 μισθὸν
2708 3838 3102 3916 λαμϐάνουσιν·
3214 3841 3295 3898 ὅτι
3348 3842 3402 3897 ἐν
3453 3841 3533 3916 τῷ
3586 3842 3848 3915 μέλλοντι

2190 3933 2346 3988 αἰῶνι
2406 3932 2784 4010 ἐλαφροτέρως
2851 3931 3176 4001 κολάζονται
3238 3932 3385 4009 παρὰ
3432 3932 3560 3996 τοὺς
3612 3931 3848 3996 λοιποὺς

2189 4022 2470 4091 ἀπίστους,
2514 4022 2641 4084 τοὺς
2692 4019 2833 4095 μηδὲ
2879 4021 3076 4097 ἀγαθὸν
3127 4025 3481 4093 ποιήσαντας.
3534 4022 3597 4077 Ei
3648 4019 3707 4078 δὲ
3755 4024 3849 4078 xui

2186 4112 2499 4188 γέγραπται·
2537 4137 2564 4165 ι(
2612 4110 2747 4184 Δόξα
2802 4111 2892 4166 καὶ
2949 4112 3111 4184 τιμή,
3151 4111 3242 4165 xui
3301 4111 3494 4187 εἲρήνη
3547 4112 3708 4167 παντὶ
3764 4113 3850 4184 τῷ

2189 4200 2538 4278 ἐργαζομένῳ
2610 4201 2674 4256 τὸ
2750 4201 2945 4276 ἀγαθὸν
2974 4245 2988 4272 ,
3048 4197 3297 4275 Ἰουδαίῳ
3353 4221 3413 4256 τε
3467 4205 3685 4277 πρῶτον
3755 4203 3850 4257 xui

2186 4289 2448 4362 ’¹Ελληνι,
2481 4314 2510 4343 »
2573 4292 2649 4363 μή
2708 4291 3006 4363 θαυμάσῃς.
3070 4288 3200 4366 Περὶ
3255 4289 3358 4366 γάρ
3414 4290 3522 4344 τῶν
3581 4289 3688 4360 πρὸ
3741 4295 3849 4359 τῆς

2188 4383 2422 4452 Χριστοῦ
2452 4377 2752 4455 παρουσίας
2780 4383 2947 4433 ταῦτα
2978 4378 3123 4433 εἶπεν
3153 4378 3182 4433 ὁ
3213 4377 3572 4442 ’Δπόοτολος.

2260 4470 2453 4543 Ἐρώτ.
2490 4470 2595 4544 ρβ’.
2630 4470 2773 4542 Ἄρα
2804 4466 2861 4524 δὲ
2891 4464 3007 4544 ἔχει
3058 4466 3220 4530 τέλος
3269 4473 3378 4524 τῶν
3428 4467 3775 4545 ἁμαρτωλῶν
3807 4472 3848 4538 ἡ

2184 4557 2432 4626 κόλασις,
2464 4558 2500 4627 ἢ
2534 4554 2634 4628 cii;

500 4649 673 4704 Rssp.
707 4648 851 4703 Cum
887 4648 1170 4703 Dominus
1191 4646 1351 4702 dicat
1388 4648 1459 4702 de
1481 4647 1575 4713 iis,
1606 4647 1705 4719 qui
1727 4652 1867 4703 sunt
1891 4649 1947 4704 in
1981 4666 2079 4721 ge-

2262 4646 2450 4703 Ἀπόκ.
2480 4650 2586 4701 Τοῦ
2617 4645 2816 4722 Κυρίου
2860 4644 3113 4721 λέγοντος
3155 4647 3279 4718 περὶ
3309 4650 3415 4701 τῶν
3448 4646 3501 4701 ὲν
3541 4650 3612 4721 τῇ
3659 4645 3850 4721 γεέννῃ

427 4737 625 4793 henna
658 4753 670 4792 :
708 4760 735 4786 «
767 4737 995 4793 Vermis
1025 4752 1227 4792 eorum
1262 4753 1377 4792 non
1413 4737 1779 4801 morietur,et
1807 4738 1962 4808 ignis
1991 4755 2082 4794 eo-

429 4842 561 4881 rum
586 4841 700 4882 non
723 4826 1127 4897 exstinguetur
1147 4825 1311 4894 ‘0;»et
1332 4840 1536 4880 rursus
1561 4842 1610 4878 ;‹‹
1636 4825 2081 4884 Peccatoresau-

422 4918 544 4971 tem
566 4913 739 4969 ibunt
762 4914 818 4968 in
846 4932 1042 4985 pmnas
1081 4919 1366 4981 trternas;
1398 4934 1425 4961 υ
1449 4930 1582 4968 cum
1606 4913 1747 4970 item
1767 4916 2081 4986 Apostolus

425 5003 580 5060 dicat
613 5019 626 5058 :
661 5026 687 5053 ι(
718 5003 907 5058 Nolite
939 5018 1154 5071 errare,
1182 5018 1372 5073 neque
1398 5001 1674 5067 adulteri,
1700 5020 1889 5075 neque
1919 5021 2076 5061 scor-

420 5096 664 5157 tatores,
694 5108 884 5163 neque
906 5090 1134 5157 molles,
1163 5107 1353 5161 neque
1379 5089 1778 5147 masculorum
1807 5093 2081 5150 concubi-

418 5186 596 5251 tores,
631 5198 819 5253 neque
847 5180 1083 5245 ebriosi,
1119 5195 1302 5250 neque
1347 5178 1640 5248 maledici,
1686 5197 1878 5254 neque
1909 5200 2078 5255 rapa-

417 5287 512 5328 ces
534 5286 778 5342 regnum
804 5270 903 5325 Dei
926 5268 1313 5341 possidebunt
1332 5269 1373 5304 ⁸³
1398 5284 1411 5323 :
1441 5290 1469 5318 »
1493 5284 1561 5324 ex
1583 5269 1676 5326 his
1706 5269 2081 5344 liquetjusto-

415 5375 547 5417 rum
602 5365 881 5417 aternam
931 5373 1062 5414 esse
1109 5356 1553 5426 beatitudinem,
1605 5363 1663 5415 et
1706 5370 2076 5431 peccatorum

492 5506 536 5541 ⁸⁸
573 5506 739 5562 Joan.
785 5522 869 5574 ιιι,
910 5506 964 5560 5.
1078 5504 1124 5540 ⁵⁹
1161 5503 1326 5560 Rom.
1369 5484 1432 5574 ιι,
1476 5505 1560 5559 10.

498 5669 608 5739 (39)
642 5665 1002 5741 Προγνώστης
1029 5666 1119 5720 xui
1149 5659 1596 5797 καρδιογνώστης
1636 5668 1876 5740 quidam
1931 5684 2079 5725 mss.

500 5741 611 5797 (4οι
645 5740 785 5797 Reiz.
818 5742 875 5797 2.
907 5738 1204 5797 φαρμακῶν
1237 5736 1326 5794 καὶ
1385 5737 1638 5796 νυπνίων.

500 5736 611 5814 (40)
645 5736 785 5813 ἣδε.
818 5742 875 5811 2,
907 5738 1204 5828 cpuppuxdiv
1224 5736 1326 5794 ’καὶ
1358 5736 1638 5797 ἐνυπνίων.

1674 5506 1719 5542 ⁶⁰
1759 5505 1936 5563 Marc.
1979 5524 2057 5579 Ix,
2098 5507 2186 5564 47.

2191 4733 2273 4790 ὅτι
2305 4760 2333 4787 ‹‹
2363 4736 2423 4793 Ὀ
2474 4734 2694 4806 σκώληξ
2751 4734 2924 4789 αὐτῶν
2985 4736 3047 4790 οὐ
3092 4733 3429 4807 τελευτήσει,
3478 4735 3568 4790 xui
3623 4736 3688 4790 τὸ
3734 4740 3846 4812 πῦρ

2189 4823 2364 4881 αὐτῶν
2426 4825 2487 4880 οὐ
2546 4820 2923 4895 σϐεσθήσεται·
2953 4847 2983 4876 ››
3012 4824 3100 4880 καὶ
3155 4822 3343 4879 πάλιν·
3374 4850 3402 4877 ι(
3437 4826 3501 4880 Οἱ
3556 4822 3617 4880 δὲ
3672 4827 3849 4901 ἁμαρ-

2187 4914 2359 4971 τωλοὶ
2392 4914 2468 4977 είς
2499 4913 2724 4970 κόλασιν
2769 4912 2988 4969 αἰώνιον
3039 4912 3446 4970 ἀπελεύσονται·
3481 4938 3511 4968 ››
3541 4913 3632 4969 καὶ
3673 4913 3845 4970 πάλιν

2187 5008 2284 5059 τοῦ
2316 5003 2654 5060 ἈποστόΛου
2687 5000 2958 5079 λὲγοντος·
2999 5027 3020 5054 ι
3076 5004 3169 5072 Μὴ
3218 5001 3515 5075 πλανᾶσθε,
3543 5000 3667 5058 οὔτε
3716 5024 3845 5076 μοι-

2187 5094 2305 5169 χοὶ,
2358 5091 2482 5148 οὔτε
2523 5091 2737 5167 πόρνοι,
2790 5088 2915 5145 οὔτε
2962 5090 3223 5164 μαλακοὶ,
3273 5088 3397 5148 οὕτε
3448 5093 3843 5167 ἀρσενοκοῖται,

2188 5180 2310 5237 οὔτε
2353 5183 2597 5255 μέθυσοι,
2647 5179 2710 5235 οὐ
2762 5178 3033 5256 λοίδοροι,
3083 5179 3192 5256 οὐχ
3255 5181 3516 5256 ἅρπαγες,
3567 5179 3850 5257 βασιλείαν

2187 5275 2322 5326 Θεοῦ
2379 5270 2440 5326 οὐ
2499 5270 3039 5346 κληρονομήσουσιν·
3105 5291 3133 5320 ››
3192 5265 3425 5340 εὔδηλον
3483 5269 3568 5326 ὅτι
3625 5270 3846 5332 αἰώνιος

2186 5360 2277 5415 καὶ
2308 5362 2343 5429 ἡ
2375 5363 2482 5414 τῶν
2517 5355 2738 5414 δικαίων
2771 5357 3094 5429 ἀπόλαυσις,
3129 5358 3218 5414 καὶ
3248 5360 3284 5428 ἡ
3336 5363 3445 5415 τῶν
3496 5356 3842 5436 ἁμαρτωλῶν

2300 5508 2341 5543 δι
2386 5507 2409 5563 Ι
2446 5506 2576 5562 Cor.
2616 5523 2693 5578 v1,
2738 5507 2823 5562 10.

2186 5667 2377 5795 82:41)
2411 5668 2538 5723 Hec
2584 5667 2716 5723 vide
2765 5667 2821 5722 in
2878 5667 2998 5724 Vita
3058 5666 3302 5738 Antonii,
3353 5670 3497 5724 tom.
3554 5670 3574 5724 l
3617 5669 3734 5743 [II],
3782 5686 3839 5743 p.
