4132 6412
341 453 472 516 661

1317 449 1834 525 ΟΠιΕὸΤΙΟΝΕΞ
1878 453 1979 510 AD
2026 450 2485 512 ANTIOCHUM
2533 452 2827 514 DUCEM.

3663 458 3782 516 662

343 585 589 662 ὑπάρχει
618 582 871 646 κολασις.
929 583 1027 638 Καὶ
1089 584 1253 639 πάλιν
1317 581 1374 638 δέ
1403 604 1564 660 φησιν
1595 584 1622 636 ὁ
1655 583 1851 658 Κύριος
1882 582 2003 655 περὶ

2127 598 2372 654 pennam.
2410 583 2635 638 Rursus
2667 584 2738 638 de
2780 584 2934 639 Juda
2963 584 3044 639 ait
3086 583 3364 641 Dominus
3401 604 3413 642 :
3468 609 3495 635 ‹‹
3548 587 3775 644 Bonum

341 679 451 730 τοῦ
479 672 681 733 Ἰούδα.
717 673 800 729 ὅτι
838 699 860 724 ι
895 673 1073 729 Καλὸν
1105 674 1172 741 ἦν
1207 672 1376 745 αὐτῷ,
1418 673 1463 728 εἰ
1512 671 1611 727 ούκ
1661 670 1920 746 ἐγεννήθη
1983 672 2010 724 ὁ

347 761 638 841 ἄνθρωπος
669 765 897 826 ἐκεῖνος.
933 788 961 814 ››
994 762 1060 818 Ei
1093 760 1150 817 δὲ
1178 763 1336 825 τέλος
1370 759 1486 838 ἔχει
1529 760 1816 830 ήκόλασις,
1873 782 2009 833 συμ-

348 860 524 934 φέρει,
554 853 638 910 ὅτι
669 855 928 930 ἐγεννήθη
962 852 1051 907 καὶ
1105 854 1134 906 ὁ
1177 849 1404 920 Ἰούδας,
1457 851 1541 906 ἐὰν
1596 850 1696 924 ὀψέ
1742 871 1874 905 ποτε
1932 849 2008 912 εἷς

344 947 448 1014 τήν
515 943 796 1020 βασιλείαν
841 947 950 997 τῶν
1004 941 1246 1015 οὐρανῶν
1283 940 1472 1014 μέλλει
1502 943 2007 1009 ἀποκατασταθῆναι

355 1035 489 1108 μετὰ
514 1035 614 1103 τήν
680 1033 933 1104 κόλασιν,
995 1029 1175 1107 ὣσπερ
1235 1031 1286 1086 oi
1345 1031 1606 1107 αἱρετικοὶ
1654 1028 2006 1101 πλανώμενοι

346 1128 510 1179 τοῦτο
545 1122 888 1196 μυθεύονται.

427 1213 622 1290 Ἑρών.
665 1219 761 1288 ργ¹,
808 1210 979 1274 Πόθεν
1022 1208 1258 1286 γίνονται
1290 1209 1546 1264 θανατικοὶ
1574 1229 1586 1276 ;
1620 1207 1717 1263 Καὶ
1751 1205 1839 1263 διὰ
1866 1208 1918 1261 τί
1948 1205 2002 1262 ἓν

359 1324 459 1357 τισι
491 1310 703 1378 χώραις
735 1300 1028 1374 ἐρημικαῖς
1076 1298 1242 1362 ἐθνῶν
1293 1296 1565 1360 πολλάκις
1617 1297 1677 1352 οὐ
1739 1297 2001 1373 γίνονται,

365 1390 484 1447 ἀλλ’
515 1392 586 1452 ὡς
620 1389 707 1444 ἐπὶ
734 1390 796 1444 τὸ
827 1389 1082 1445 πλεῖστον
1117 1387 1168 1442 ἐν
1199 1393 1316 1450 ταῖς
1359 1387 1706 1460 οἰκουμέναις
1758 1387 1848 1440 καὶ
1901 1407 2001 1440 πο-

370 1478 632 1555 Αυόχλοις
660 1478 852 1534 πόλεσι
879 1477 966 1532 καὶ
997 1476 1374 1551 πολυκόπροις
1402 1479 1516 1550 (42)
1542 1495 1554 1544 ;

433 1568 621 1625 Ἀπόκ.
656 1573 845 1631 Βαθεῖα
899 1565 1064 1628 ὅντως
1123 1569 1156 1634 ἡ
1215 1571 1312 1620 τοῦ
1371 1567 1723 1640 ἐρωτήματος
1771 1565 1999 1640 ἀπόκρι-

360 1679 459 1723 σις,
491 1659 580 1712 καὶ
615 1656 826 1731 ὀλίγοις
853 1661 958 1712 τῶν
991 1655 1080 1711 ἐπὶ
1127 1662 1227 1732 γῆς
1275 1657 1530 1731 χωρητή·
1588 1654 1762 1728 ὅμως,
1819 1655 1999 1718 καθώς

354 1766 514 1822 φησιν
565 1746 593 1799 ὁ
645 1745 863 1820 Κύριος,
913 1767 938 1798 α
985 1746 1046 1802 Ὀ
1085 1749 1283 1821 χωρῶν
1328 1743 1604 1820 χωρείτω,
1656 1765 1684 1795 ››
1734 1745 1856 1800 Ἐὰν
1897 1744 1998 1819 γὰρ

359 1831 614 1906 ε’ίπωμεν,
650 1833 734 1888 ὅτι
765 1833 1038 1896 πολλάκις
1068 1834 1159 1888 καὶ
1192 1833 1242 1905 ἐξ
1266 1835 1436 1910 ἀέρων
1466 1836 1602 1908 (42⁷)
1624 1835 1998 1911 φθοροποιῶν,

2124 676 2248 728 erat
2277 673 2348 739 ei,
2374 673 2421 728 si
2457 677 2631 728 natus
2660 690 2776 728 non
2809 673 3017 729 fuisset
3047 674 3222 730 homo
3247 675 3343 730 ille
3371 677 3438 730 5’.
3469 699 3490 725 ι
3529 678 3691 740 Quod
3726 679 3778 734 si

2122 761 2297 817 finem
2331 761 2506 817 habet
2535 779 2724 835 poena,
2759 767 2913 818 certe
2946 764 3187 834 prodest
3213 765 3376 819 Judae
3407 767 3559 835 quod
3605 773 3781 825 natus

2121 849 2217 920 sit,
2266 851 2315 905 si
2355 868 2484 906 sero
2509 853 2745 907 tandem
2779 856 2913 924 post
2944 853 3299 924 supplicium
3329 870 3572 922 regnum
3605 857 3776 912 cmlo-

2120 956 2250 995 rum
2281 947 2371 996 est
2398 941 2798 1014 ingressurus,
2833 943 3332 1014 quemadmodum
3383 947 3644 1001 errantes
3694 946 3777 1001 fa-

2118 1028 2404 1085 bulantur
2432 1031 2712 1086 heretici.

2187 1209 2414 1272 Qums'r.
2448 1208 2590 1263 CIII.
2624 1208 2788 1262 Unde
2814 1208 3084 1264 oriuntur
3114 1209 3436 1276 mortifera,
3485 1215 3544 1266 et
3595 1228 3775 1284 quare

2117 1297 2176 1352 in
2195 1299 2548 1368 quibusdam
2569 1298 2816 1352 desertis
2833 1298 3096 1368 gentium
3125 1299 3462 1370 regionibus
3487 1317 3637 1373 saepe
3661 1319 3773 1357 non

2114 1387 2407 1453 eveniunt,
2444 1387 2544 1441 sed
2578 1390 2643 1440 ut
2669 1386 2992 1458 plurimum
3026 1388 3082 1442 in
3118 1387 3423 1460 populosis
3455 1393 3512 1446 et
3543 1391 3775 1462 magnis

2115 1475 2381 1544 urbibus,
2413 1476 2668 1545 limoque
2699 1474 2981 1547 repletis?

2184 1565 2354 1620 Reae.
2390 1563 2656 1619 Difﬁcilis
2687 1572 2841 1620 certe
2871 1568 2961 1620 est
3010 1565 3188 1637 hujus
3228 1567 3571 1638 quaestionis
3617 1569 3772 1625 solu-

2112 1654 2218 1721 tio,
2250 1653 2541 1725 paucique
2565 1670 2693 1709 eam
2725 1657 2976 1725 possunt
3005 1670 3244 1726 capere;
3299 1661 3520 1723 tamen,
3573 1663 3640 1712 ut
3689 1659 3770 1714 ait

2113 1742 2417 1809 Dominus,
2441 1741 2586 1813 «qui
2639 1747 2828 1814 potest
2852 1759 3057 1814 capere
3083 1745 3273 1816 capiat
3290 1745 3356 1800 ⁸³.
3382 1768 3409 1794 ››
3429 1746 3487 1801 Si
3511 1746 3667 1803 enim
3691 1748 3793 1802 di»

2111 1847 2315 1888 camus
2347 1849 2498 1904 saepe
2529 1849 2596 1886 ex
2627 1847 2759 1888 aere
2790 1837 3085 1905 corrupto,
3119 1839 3176 1889 et
3207 1835 3571 1907 pulveribus,
3605 1840 3661 1892 et
3691 1837 3768 1892 fe-

345 1923 431 1976 καὶ
463 1927 784 1998 κονιορτῶν,
814 1923 905 1978 καὶ
933 1921 1198 1986 δυσωδίας
1229 1923 1585 1996 θνησιμαίων,
1627 1923 1716 1978 καὶ
1770 1918 1992 1998 ὄμϐρων

351 2022 365 2025 _
497 2014 524 2025 ..
696 2011 709 2025 .
776 2013 788 2025 .
869 2013 892 2025 λ
1020 2013 1029 2025 ,
1327 2011 1339 2025 ς
1415 2010 1426 2025 ,
1525 2013 1535 2025 .
1629 2014 1655 2025 ..
1789 2016 1818 2025 ..
1982 2009 1994 2025 ς

2127 1937 2232 1976 ,ore
2263 1923 2635 1985 cadaverum,
2666 1921 3075 1995 imbribusque
3104 1923 3322 1979 aestivis
3355 1941 3419 1980 ac
3449 1924 3767 1981 exhalatio-

345 2014 588 2086 θερινῶν,
621 2011 712 2066 καὶ
765 2013 1195 2085 ἀναθυμιάσεων,
1255 2011 1343 2065 καὶ
1403 2010 1696 2086 άποψορῶν
1750 2016 1852 2085 γῆς
1911 2009 1999 2064 καὶ

346 2098 649 2171 θαλάσσης,
710 2099 859 2155 νόσοι
920 2101 1187 2173 σωμάτων
1247 2098 1337 2154 καί
1393 2101 1588 2178 φθοραὶ
1646 2099 1735 2154 καὶ
1781 2098 1999 2162 θάναται

343 2188 608 2263 γίνονται,
643 2189 840 2252 εὐθέως
873 2190 1114 2262 ἀμύητοί
1143 2211 1284 2252 τινες
1339 2185 1803 2262 ἐπιλαμϐάνονται
1850 2191 1998 2261 ἡμᾶς

339 2278 422 2342 ὡς
473 2279 788 2353 ἀπρονόητα
831 2280 898 2333 τὰ
949 2281 1066 2343 καθ’
1113 2282 1260 2352 ἡμᾶς
1307 2277 1584 2354 λέγοντας.
1617 2277 1877 2339 Οὕστινας
1909 2277 1999 2332 καὶ

338 2367 617 2442 ἐρωτῆσαι
676 2367 1009 2444 βουλόμεθα’
1061 2366 1262 2426 Εἴπατε
1307 2371 1465 2438 ἡμῖν,
1515 2365 1559 2420 ὦ
1591 2367 1762 2438 οῦτοι,
1795 2371 1912 2429 πῶς
1945 2367 1996 2422 ἂν

333 2453 506 2512 πόλει
537 2459 644 2512 τινὶ
678 2460 959 2513 θανατικὸν
986 2457 1227 2534 γίνεταις
1261 2457 1321 2512 ἐκ
1350 2456 1408 2513 δὲ
1449 2466 1548 2527 τῆς
1599 2453 1816 2519 πόλεως
1867 2455 2001 2512 ὲκεί-

329 2568 438 2615 νης
474 2547 808 2624 ὑπάρχουσιν
847 2548 898 2602 ἐν
947 2549 1150 2623 ἑτέραις
1198 2549 1408 2623 χώραις
1456 2545 1552 2602 δύο
1609 2547 1642 2614 ἢ
1702 2551 1850 2618 τρεῖς
1907 2565 1999 2621 χι-

335 2633 532 2698 λιάδες
608 2638 1142 2712 πραγματευομένων
1220 2633 1453 2711 ἀνδρῶν,
1531 2637 1620 2690 καὶ
1692 2632 1868 2696 οὐδεὶς
1947 2634 1997 2705 ἐξ

330 2725 520 2780 αὐτῶν
581 2725 966 2798 έτελεύτησεν;
1001 2726 1078 2800 ,Εἴ
1135 2726 1239 2802 γὰρ
1295 2727 1446 2795 θεϊκή
1503 2725 1638 2801 ὀργὴ
1698 2725 1834 2779 κατά
1889 2732 1990 2794 τῆς

328 2813 564 2877 πόλεως
623 2814 832 2886 ἐκείνης
891 2812 1134 2894 ἔφθασεν,
1193 2815 1362 2891 ἐχρῆν
1421 2814 1638 2877 πάντως
1708 2814 1799 2870 καὶ
1873 2813 1997 2876 τοὺς

331 2904 628 2980 πόρρωθεν
679 2899 836 2966 ὄντας
879 2912 976 2975 τῆς
1029 2905 1198 2981 ὀργῆς
1245 2904 1553 2979 γεύσασθαυ
1605 2902 1650 2958 εἰ
1701 2901 1758 2958 δε
1794 2903 1883 2958 καὶ
1921 2903 1995 2976 μή

337 2995 573 3062 πάντας,
635 2992 781 3048 ἀλλὰ
844 2994 939 3048 κᾶν
987 3015 1136 3056 τινας
1196 2992 1246 3064 ἐξ
1304 2993 1500 3048 αὐτῶν.
1571 2992 1722 3061 Πλὴν
1777 2991 1870 3046 ’ίνα
1920 2993 1996 3065 μή

343 3081 619 3155 δὼσωμεν
675 3082 930 3161 ἀφορμὴν
987 3089 1104 3146 τοῖς
1164 3087 1330 3137 ταῦτα
1381 3087 1625 3153 ζητοῦσι,
1685 3082 1860 3158 φαμὲν
1917 3082 1999 3136 ὅτι

337 3171 624 3234 πολλάκις
670 3172 737 3226 τὰ
806 3173 900 3245 μὲν
951 3177 1058 3227 τῶν
1137 3175 1434 3226 θανατικῶν
1508 3172 1597 3226 καὶ
1677 3171 1813 3226 κατὰ
1869 3175 2002 3226 Θεοῦ

340 3261 585 3331 ἀπειλὴν
644 3263 902 3337 γίνονται·
963 3263 1031 3318 τὰ
1089 3260 1147 3317 δὲ
1204 3262 1292 3316 καὶ
1349 3263 1485 3317 κατά
1515 3261 1685 3338 ἀέρων
1745 3261 1835 3316 καὶ
1891 3265 1998 3317 τῶν

2110 2009 2286 2066 nibus
2317 2015 2373 2066 et
2400 2009 2714 2082 vaporibus
2746 2015 2909 2065 terrae
2941 2016 2998 2066 et
3029 2011 3230 2079 maris,
3277 2015 3514 2069 morbos
3561 2030 3765 2087 corpo-

2110 2116 2264 2167 rum,
2318 2099 2879 2171 corruptionemque
2927 2105 2985 2155 et
3016 2107 3264 2157 mortem
3293 2102 3528 2170 exoriri,
3561 2104 3763 2160 statim

2109 2188 2460 2259 inauspicati
2491 2189 2730 2260 quidam
2764 2188 3032 2245 homines
3063 2207 3172 2246 nos
3203 2191 3554 2247 adoriuntur
3595 2194 3762 2263 quasi

2109 2294 2392 2350 negemus
2422 2277 2787 2349 providentia
2818 2279 2938 2351 regi
2967 2295 3097 2351 qua:
3131 2297 3235 2336 nos
3265 2283 3633 2353 spectant.At
3658 2299 3764 2353 ego

2108 2367 2215 2422 hos
2245 2367 2417 2422 velim
2449 2368 2528 2421 ita
2574 2367 2928 2440 interrogare
2980 2385 2992 2423 :
3047 2369 3254 2435 Dicite,
3302 2387 3518 2441 quaeso,
3570 2373 3761 2441 nobis,

2109 2473 2368 2528 quonam
2401 2458 2574 2512 modo
2595 2457 2653 2510 in
2676 2456 2874 2527 aliqua
2893 2457 3126 2514 civitate
3148 2460 3443 2530 corruptio
3468 2461 3767 2516 mortifera

2109 2546 2341 2602 oritur?
2372 2546 2449 2600 Ex
2478 2545 2584 2601 illa
2615 2555 2810 2601 autem
2842 2547 3074 2603 civitate
3122 2549 3237 2604 duo
3285 2549 3372 2604 vel
3423 2551 3533 2603 tria
3583 2549 3768 2604 millia

2109 2635 2542 2708 negotiatorum
2595 2637 2748 2691 240
2797 2636 3107 2692 hominum
3159 2639 3218 2692 in
3264 2638 3394 2693 aliis
3428 2637 3764 2709 regionibus

2109 2726 2350 2797 degunt,
2378 2741 2670 2796 nemoque
2698 2724 2935 2781 illorum
2968 2726 3293 2783 moriatur?
3315 2728 3458 2781 Nam
3492 2728 3540 2782 si
3575 2728 3772 2782 divina

2109 2815 2196 2868 ira
2225 2813 2517 2868 civitatem
2552 2812 2713 2868 illam
2746 2814 3131 2886 impugnavit,
3155 2817 3414 2887 profecto
3439 2816 3569 2872 illos
3591 2817 3770 2872 etiam

2111 2902 2211 2974 qui
2263 2901 2465 2974 procul
2516 2908 2840 2972 morantur,
2895 2902 3042 2958 iram
3111 2904 3456 2976 hujusmodi
3522 2905 3769 2978 experiri

2110 3008 2342 3063 aequum
2392 2995 2535 3056 erat,
2585 2991 2670 3047 vel
2725 2992 2774 3047 si
2824 3008 2940 3047 non
2993 3009 3219 3062 omnes,
3273 2993 3480 3050 saltem
3515 3011 3591 3050 .ex
3620 2994 3767 3066 ipsis

2111 3080 2449 3136 nonnullos.
2473 3079 2685 3136 Verum
2720 3098 2793 3136 ne
2823 3081 2896 3136 iis
2927 3082 3027 3154 qui
3051 3083 3165 3138 ista
3196 3088 3486 3154 quaerunt,
3511 3085 3769 3140 occasio-

2113 3186 2247 3225 nem
2277 3169 2676 3242 :praabeamus,
2728 3172 3157 3242 respondemus
3206 3189 3358 3244 saepe
3408 3174 3768 3229 mortiferam

2113 3259 2545 3332 corruptionem
2581 3276 2649 3314 ex
2678 3261 2772 3316 Dei
2808 3261 3268 3317 comminatione
3298 3263 3458 3330 oriri,
3492 3279 3770 3319 nonnun-

336 3326 561 3408 λοιπῶν
596 3326 807 3421 αἰτιῶν,
841 3353 914 3406 ὢν
973 3353 1378 3426 προειρήκαμεν
1436 3326 1588 3424 (43),“
1621 3353 1756 3426 ἅπερ
1806 3351 1880 3413 ὡς
1912 3351 2000 3406 ἐπὶ

2127 3367 2291 3421 quam
2323 3366 2455 3404 vero
2487 3365 2678 3405 aerem
2711 3350 2978 3422 aliasque
3012 3367 3222 3408 causas
3252 3352 3488 3412 habere.
3524 3369 3673 3424 quae,
3705 3357 3772 3407 ut

335 3443 409 3496 τὸ
465 3440 722 3496 πλεῖστον
790 3441 878 3496 καὶ
937 3440 1282 3519 καταφθείρει
1340 3442 1406 3494 τὰ
1461 3443 1651 3511 νήπια,
1711 3440 1786 3503 ὡς
1846 3441 2000 3494 ἀσθε-

334 3529 588 3605 νέστερα.
641 3530 796 3600 Πλὴν
856 3530 946 3586 καὶ
1002 3535 1110 3585 τῶν
1168 3529 1338 3604 ἀέρων
1399 3530 1488 3585 καὶ
1543 3535 1650 3585 τῶν
1706 3529 2002 3603 ἀναθυμιά-

339 3640 488 3674 σεων
535 3621 774 3690 ποιητής
825 3619 966 3674 ἐστιν
1018 3621 1046 3675 ὁ
1095 3620 1222 3681 Θεὸς
1280 3620 1308 3672 ὁ
1368 3618 1556 3674 εἰπών’
1616 3643 1644 3672 ‹‹
1705 3619 1848 3694 Οὐχὶ
1906 3616 2002 3673 δύο

342 3707 608 3784 στρουθία
665 3708 924 3784 ἀσσαρίου
981 3707 1289 3776 πωλεῖται,
1347 3710 1437 3762 καὶ
1493 3707 1544 3763 ἔν
1606 3708 1655 3781 ἐξ
1710 3708 1882 3763 αὐτῶν
1940 3707 2002 3762 οὐ

343 3804 589 3853 πεσεῖται
643 3797 730 3852 ἐπὶ
778 3804 878 3867 τῆς
924 3804 1024 3874 γῆς
1069 3794 1192 3852 ἄνευ
1248 3801 1344 3852 τοῦ
1399 3797 1606 3874 Πατρός
1659 3819 1763 3869 μου
1810 3802 1906 3852 τοῦ
1949 3796 2002 3851 ἐν

342 3889 642 3964 οὐρανοῖς;
677 3887 829 3960 ὑμῶν
865 3885 922 3941 δὲ
949 3887 1039 3941 καὶ
1072 3887 1124 3941 αἱ
1156 3885 1344 3963 τρίχες
1389 3894 1489 3957 τῆς
1541 3885 1784 3965 κεφαλῆς
1839 3891 2005 3941 πᾶσαι

343 3978 565 4052 ἡριθμη
577 3974 730 4048 μέναι
764 3976 884 4031 εἶσί.
920 3999 948 4029 ››

424 4066 618 4140 Ἕρώτ.
657 4062 754 4140 ρδ’.
787 4070 926 4140 Ἀρα
957 4062 1016 4120 δὲ
1040 4063 1342 4144 ἀφελεῖται,
1375 4066 1410 4134 ἢ
1465 4063 1755 4142 λυτροῦται
1807 4065 1866 4119 ἐκ
1912 4065 2005 4118 θα-

343 4159 573 4210 νατικοῦ
603 4155 709 4209 ἀπὸ
740 4153 956 4217 πόλεως
989 4154 1064 4217 εἷς
1094 4153 1272 4224 ἄλλην
1306 4154 1518 4233 φεύγων
1551 4155 1770 4231 χώραν;

428 4245 611 4301 Ἀπόκ.
646 4249 750 4298 Τοῦ
801 4246 1097 4322 Προφήτου
1143 4245 1277 4315 πρὸς
1320 4245 1445 4300 Θεὸν
1500 4242 1776 4319 λέγοντος·
1839 4265 1866 4298 α
1894 4247 2007 4297 Ποῦ

353 4336 601 4408 πορευθῶ
633 4333 740 4388 ἀπὸ
789 4338 888 4388 τοῦ
933 4333 1238 4406 πνεύματός
1290 4356 1388 4388 σου
1415 4354 1427 4401 ;
1460 4333 1550 4388 καὶ
1575 4333 1681 4388 ἀπὸ
1710 4337 1808 4388 τοῦ
1838 4353 2006 4408 προσ-

351 4422 510 4478 ώπου
568 4444 662 4477 σου
723 4427 828 4478 ποῦ
857 4423 1048 4501 φύγω;
1114 4447 1142 4474 ››
1201 4421 1432 4494 εὔδηλον
1500 4423 1594 4496 μὶν
1644 4421 1726 4478 ὅτι
1757 4423 1848 4478 τὸν
1878 4423 2004 4477 Θεὸν

348 4511 600 4590 ἐκφυγεῖν
631 4509 808 4574 οὐδεὶς
861 4509 1101 4570 δύναται.
1136 4513 1199 4569 Εἰ
1235 4510 1291 4567 δὲ
1323 4515 1428 4589 ἀήρ
1473 4534 1578 4579 τοις,
1611 4513 1645 4582 ἢ
1693 4512 1838 4584 ἄλλη
1895 4511 2008 4567 κτί-

350 4622 559 4673 σματος
615 4601 762 4657 αἰτία
817 4601 957 4656 ἐστὶν
1008 4604 1042 4671 ἡ
1100 4602 1163 4656 τὸ
1223 4601 1476 4675 λοιμικὸν
1534 4605 1829 4674 ποιήσασα,
1880 4599 2008 4665 ἴσως

351 4690 607 4767 ἐκφεύγει
639 4689 828 4762 αύτήν,
882 4690 957 4752 εἰς
989 4692 1170 4766 ἑτέραν
1206 4691 1392 4766 χώραν
1432 4687 1687 4763 μεταϐάς·

431 4780 624 4853 Ἐρὼτ.
660 4787 749 4853 ρε’.
785 4779 950 4835 Πόθεν
1010 4780 1225 4854 ὁρῶμέν
1273 4801 1420 4842 τινας
1473 4782 1564 4854 μὲν
1610 4779 1851 4843 δικαίους
1908 4785 2012 4854 ψυ-

352 4873 750 4944 χομαχοῦντας
810 4869 898 4923 ἐπὶ
948 4871 1156 4942 ἡμέρας
1205 4869 1293 4923 καὶ
1342 4867 1724 4946 κρινομένους·
1770 4871 1920 4933 τινὰς
1955 4867 2013 4924 δὲ

351 4958 723 5034 ἁμαρτωλοὺς
781 4957 1072 5034 εἷ’ρηνικῶς
1140 4959 1228 5013 καὶ
1307 4958 1585 5030 συντόμως
1640 4959 2011 5030 ἀποθνήσκον-

347 5069 448 5108 τας
480 5050 593 5118 (44)
621 5068 634 5116 ;

428 5135 619 5193 Ἀπόκ.
683 5137 862 5191 Πάντα
933 5137 1000 5191 τὰ
1053 5137 1292 5211 κρίματα
1365 5141 1462 5192 τοῦ
1538 5135 1671 5193 Θεοῦ
1729 5139 2014 5214 γινώσκειν

355 5227 456 5299 μὲν
518 5223 776 5281 ἀδύνατόν
838 5225 969 5296 ἐστι,
1006 5227 1094 5282 καὶ
1137 5224 1225 5282 διὰ
1250 5232 1412 5282 τοῦτο
1440 5226 1607 5284 καλὸν
1639 5227 1873 5304 ῧπάρχει
1935 5229 2012 5301 μὴ

427 5409 474 5444 ⁸³
502 5410 704 5466 Matth.
733 5427 885 5476 xxvr,
915 5411 1006 5465 24.
1083 5410 1127 5445 ⁸³
1162 5410 1368 5466 Matth.
1403 5429 1519 5478 xxx,
1555 5413 1640 5466 12.

432 5579 545 5657 (42)
580 5582 663 5636 Ita
694 5595 839 5634 mss.
875 5579 1022 5634 Editi
1057 5595 1213 5646 vero,
1259 5577 1664 5657 πολλοιόχλοις
1714 5551 1801 5635 xui
1844 5579 2016 5636 πολυ-

364 5650 448 5705 κώ
457 5650 550 5722 μοι
557 5672 581 5712 ς
591 5694 604 5706 .

439 5721 551 5801 (42)
587 5726 670 5780 Ita
702 5721 1122 5801 manuscripti:
1146 5723 1299 5801 Editi
1328 5741 1482 5794 vero,
1517 5723 1568 5796 ἐξ
1600 5723 1828 5801 ἄστρων.
1865 5727 2021 5782 Infra

364 5792 564 5862 iidem,
598 5792 815 5871 φθοραί.
851 5792 1027 5862 Εάἱιὶ,
1060 5793 1252 5871 φθορά.

2044 4699 2091 4763 D

1717 5412 1764 5447 ⁶⁴
1794 5411 2000 5468 Matth.
2033 5429 2090 5480 Χ,
2121 5411 2212 5480 29,
2245 5412 2334 5466 30.

2112 3438 2718 3511 plurimum,infantes
2732 3444 2930 3512 utpote
2943 3440 3348 3496 imbecilliores
3363 3441 3769 3513 exstinguunt.

2111 3529 2534 3585 Verumtamen
2567 3534 2624 3585 et
2652 3529 2804 3585 aeris
2836 3534 2894 3585 et
2941 3529 3380 3586 exhalationum
3431 3536 3634 3586 auctor
3684 3535 3776 3586 est

2116 3620 2268 3674 Deus
2318 3619 2419 3690 qui
2455 3618 2556 3683 ait,
2599 3642 2618 3667 ιι
2655 3620 2858 3674 Nonne
2889 3620 3006 3675 duo
3038 3637 3306 3692 passeres
3338 3638 3468 3676 asse
3499 3625 3773 3690 veneunt,

2113 3712 2171 3764 et
2202 3725 2355 3763 unus
2387 3724 2455 3763 ex
2486 3708 2604 3763 illis
2636 3725 2751 3764 non
2785 3710 2956 3764 cadet
2986 3727 3168 3782 super
3199 3716 3414 3765 terram
3451 3710 3577 3764 sine
3612 3711 3776 3766 Patre

2114 3801 2307 3853 vestro
2341 3799 2442 3868 qui
2472 3797 2528 3852 in
2562 3797 2720 3853 caelis
2752 3799 3080 3856 est?vestri
3113 3803 3308 3855 autem
3343 3797 3540 3871 capilli
3567 3797 3777 3870 capitis

2115 3902 2320 3942 omnes
2351 3888 2644 3944 numerati
2681 3892 2821 3943 sunt
2851 3890 2920 3944 “.
2957 3911 2984 3938 ››

2187 4066 2413 4129 Qua-:51.
2449 4065 2587 4121 CIV.
2621 4066 2773 4121 Num
2807 4067 2907 4138 qui
2942 4083 3009 4123 ex
3038 4067 3268 4123 civitate
3299 4068 3360 4123 in
3404 4069 3576 4127 aliam
3625 4069 3776 4141 fugit

2117 4153 2437 4225 regionem,
2471 4155 2750 4209 eximitur
2779 4172 2846 4210 ex
2879 4157 3177 4212 mortifera
3206 4159 3616 4230 corruptione?

2188 4243 2357 4298 BESP.
2390 4247 2531 4298 Cum
2564 4245 2853 4316 Propheta
2885 4246 2956 4300 ad
2990 4245 3175 4301 Deum
3207 4248 3383 4315 dicat,
3411 4270 3438 4298 ‹‹
3461 4250 3583 4314 Quo
3614 4249 3709 4304 ibo
3740 4265 3775 4304 a

2119 4332 2329 4404 spiritu
2362 4338 2486 4402 tuo,
2520 4339 2576 4386 et
2609 4350 2722 4404 quo
2755 4351 2789 4388 a
2821 4334 2970 4389 facte
3000 4338 3103 4389 tua
3135 4335 3357 4405 fugiam
3390 4337 3478 4391 ‘5?
3511 4359 3539 4386 »
3591 4337 3777 4408 liquet

2120 4422 2416 4479 neminem
2453 4425 2630 4479 Deum
2663 4439 2835 4494 posse
2865 4423 3136 4495 effugere.
3170 4427 3239 4479 At
3285 4425 3333 4480 si
3383 4443 3482 4480 aer
3527 4425 3614 4480 vel
3664 4425 3779 4481 alia

2120 4531 2212 4569 res
2245 4517 2439 4568 creata
2469 4529 2647 4568 causa
2677 4517 2768 4568 est
2798 4513 3220 4586 corruptionis,
3256 4513 3402 4570 forte
3427 4514 3615 4586 ipsam
3638 4515 3777 4570 etfu-

2119 4602 2256 4675 giet,
2293 4603 2341 4659 si
2372 4603 2431 4657 in
2465 4601 2640 4658 aliam
2676 4607 2935 4658 transeat
2969 4603 3314 4676 regionem.;

2193 4781 2848 4845 QUIEST.CV.UndODam
2871 4782 3140 4839 videmus
3164 4783 3360 4855 justos
3393 4783 3625 4856 aliquos
3657 4785 3781 4842 diu-

2121 4871 2241 4927 tius
2272 4872 2329 4925 in
2358 4876 2616 4927 extremo
2633 4869 2762 4927 vitae
2794 4871 2980 4927 halitu
3012 4871 3210 4928 anima
3239 4889 3504 4947 pugnare
3535 4879 3593 4930 et
3613 4874 3778 4945 judi-

2123 4961 2240 5016 cari
2268 4979 2281 5029 ;
2315 4965 2517 5016 contra
2547 4964 2763 5029 autem,
2799 4965 3132 5034 peccatores
3162 4962 3459 5020 interdum
3495 4963 3690 5036 quiete
3721 4968 3780 5020 et

2122 5051 2237 5107 cito
2272 5049 2470 5105 mori?

2196 5140 2366 5195 RESp.
2401 5139 2609 5196 Omnia
2639 5139 2875 5212 quidem
2921 5141 3015 5197 Dei
3058 5141 3290 5213 judicia
3337 5141 3610 5213 cognosci
3659 5159 3774 5197 non

2124 5232 2398 5302 possunt,
2448 5229 2696 5301 ideoque
2745 5247 2850 5285 nec
2898 5247 3003 5286 nos
3050 5230 3170 5286 haec
3215 5230 3445 5286 curiose
3477 5228 3776 5301 inquirere

2412 5410 2457 5445 ⁸⁸
2486 5411 2638 5467 Psal.
2671 5427 2907 5482 CXXXIII,
2931 5413 2985 5466 6.

2199 5583 2311 5653 (-53)
2347 5581 2430 5636 Ita
2464 5597 2605 5635 mss.
2667 5579 2821 5653 Editi
2875 5596 3028 5653 vero,
3069 5577 3193 5653 κατ’
3248 5575 3784 5653 ἀστέρωνῌκαὶ-τῶν

2131 5647 2339 5705 λοιπῶν
2373 5652 2559 5726 αἰτιῶν
2589 5651 2906 5726 προφάσεις,
2941 5651 3030 5703 ὧν.
3069 5649 3224 5703 Infra
3267 5647 3405 5705 item
3439 5649 3602 5717 editi,
3639 5647 3787 5700 ἀστέ-

2133 5744 2260 5797 ρων,
2297 5742 2465 5791 mss.,
2498 5722 2692 5797 ἀέρων.

2202 5799 2315 5867 (Ui)
2357 5798 2494 5866 Reg.
2528 5791 2583 5860 ‘3,
2616 5791 2960 5854 ἐκπνέοντας.
