4132 6402
329 417 447 477 663

1506 422 1572 483 Β.
1620 424 1827 484 ATHA
1844 422 2148 484 NASIUS.
2174 452 2252 466 -—
2271 420 2582 484 SPURIA.

3642 417 3771 479 664

337 551 503 606 docet
535 567 548 605 :
582 553 631 607 si
664 553 805 624 quid
868 560 1063 609 tamen
1097 556 1421 625 conjectare
1453 557 1738 624 valemus,
1759 568 1997 625 respon-

2124 550 2587 625 τολυπραγμονεῖν
2638 552 2789 623 ἡμᾶς
2836 549 2988 604 αὐτά·
3040 548 3197 623 ὅμως
3241 546 3299 605 δὲ
3346 546 3437 604 καὶ
3495 549 3771 631 στοχαζότ

339 640 545 695 demus
577 641 703 711 pios
732 642 886 697 viros
913 642 1001 698 vel
1033 650 1169 699 ante
1200 650 1445 699 mortem
1466 643 1554 698 vel
1577 645 1633 698 in
1668 648 1854 697 morte
1870 659 1996 697 cru-

337 728 502 795 ciari,
535 737 599 785 ut
629 748 755 799 nos,
790 732 889 802 qui
920 749 988 787 ea
1017 732 1343 803 videamus,
1366 733 1682 789 timeamus
1711 736 1768 788 et
1797 747 1996 792 emen-

224 864 229 868 .
335 816 565 872 demur.
601 819 890 874 Fortassis
923 826 1117 875 autem
1167 822 1379 887 sancti,
1432 825 1496 875 ut
1540 821 1832 885 homines,
1887 819 1991 873 levi

336 903 534 977 aliquo
582 908 811 963 defectu
845 910 1158 979 inquinati,
1191 910 1531 981 hujusmodi
1563 908 1850 974 cruciatu,
1879 924 1996 980 quo

336 993 398 1049 in
431 1000 618 1051 morte
644 997 1007 1064 afficiuntur,
1032 998 1281 1069 perfecte
1310 998 1566 1071 purgati,
1593 997 1722 1069 puri
1753 997 1996 1052 demum

336 1084 645 1140 decedunt.

412 1264 642 1328 Quass'r.
677 1264 813 1321 CVI.
838 1266 1026 1329 Quare
1056 1265 1348 1333 homines,
1382 1271 1447 1322 ut
1473 1265 1797 1339 plurimum
1831 1268 2002 1322 nocte

345 1358 693 1421 nascuntur,
727 1359 783 1409 et
815 1359 984 1411 nocte
1016 1355 1395 1411 moriuntur?

416 1442 588 1497 Rsse.
625 1442 766 1498 Mihi
796 1443 1027 1498 videtur
1057 1443 1113 1498 id
1146 1443 1277 1499 ideo
1311 1445 1433 1500 fieri
1462 1450 1526 1499 ut
1574 1444 1684 1499 hoc
1733 1441 2000 1514 exemplo

343 1530 614 1587 dicamus
644 1532 1015 1588 tenebrosam
1046 1549 1177 1589 esse
1210 1534 1508 1604 praesentis
1553 1531 1679 1587 vita:
1729 1531 1999 1587 nativita-

342 1623 464 1674 tem
497 1624 555 1675 et
585 1619 1021 1691 dormitionem,
1044 1621 1163 1677 sive
1184 1622 1244 1677 in
1272 1622 1423 1678 hanc
1452 1622 1630 1677 vitam
1662 1621 1998 1693 ingressum

347 1711 406 1764 et
433 1709 651 1765 exitum
685 1726 753 1765 ex
782 1711 1009 1766 eadem.

426 1798 653 1865 Quas'r.
684 1798 847 1855 CVII.
871 1798 988 1854 Cur
1016 1799 1199 1871 aliqui
1229 1799 1547 1856 difficulter
1593 1804 1799 1856 contra
1826 1799 2002 1854 forni-

349 1888 598 1943 cationis
628 1888 832 1943 vitium
866 1889 1168 1944 decertant
1199 1907 1211 1944 :
1246 1888 1428 1960 aliqui
1460 1893 1655 1944 autem
1688 1888 1804 1943 fere
1830 1892 2000 1944 natu-

345 1975 546 2031 raliter
575 1976 647 2031 ab
680 1976 1023 2048 hujusmodi
1055 1978 1355 2035 abstinent
1396 1977 1715 2050 voluptate,
1766 1976 2003 2033 tametsi

345 2064 523 2121 obeso
552 2081 704 2137 saepe
733 2071 876 2121 sunt
904 2067 1183 2139 corpore?

418 2154 592 2210 lisse.
618 2154 1020 2211 Humanorum
1045 2174 1356 2229 corporum
1387 2157 1568 2212 libido
1598 2157 1787 2212 oritur
1818 2155 1905 2210 vel
1936 2172 2006 2211 ex

344 2242 533 2299 calido
563 2244 824 2315 corporis
850 2250 1332 2316 temperamento,
1364 2246 1451 2301 vel
1481 2263 1550 2301 ex
1587 2243 2003 2302 abundantiori

348 2333 501 2398 cibo,
534 2348 744 2389 somno
774 2338 831 2389 et
861 2334 1075 2404 quiete,
1113 2336 1259 2390 forte
1288 2335 1464 2403 etiam
1494 2351 1562 2390 ex
1589 2334 1861 2389 Satanica
1882 2333 2003 2388 ins-

344 2421 647 2494 tigatione.
680 2425 897 2487 Quarta
929 2440 1058 2479 vero
1088 2440 1240 2496 saepe
1268 2440 1447 2479 causa
1493 2428 1601 2490 est,
1653 2424 1807 2495 quod
1858 2421 2005 2478 alios

348 2511 831 2567 condemnemus.
852 2512 1064 2577 Quinta
1086 2529 1153 2567 ex
1176 2512 1453 2585 superbia
1481 2512 1686 2580 oritur,
1705 2528 1839 2567 cum
1870 2510 2006 2582 quis

352 2598 582 2655 scilicet
609 2599 957 2655 insolentius
988 2617 1050 2655 se
1078 2601 1245 2656 effert
1274 2604 1346 2656 ob
1378 2602 1728 2656 castitatem.
1763 2605 1816 2656 Is
1847 2600 2004 2656 enim

352 2689 559 2744 cadere
589 2688 967 2759 permittitur.
989 2694 1052 2744 ut
1070 2707 1171 2762 per
1193 2690 1634 2747 fornicationem
1668 2688 2003 2761 superbiam

355 2777 629 2848 deponat,
648 2783 705 2832 et
734 2779 803 2833 ad
832 2778 1219 2835 humilitatem
1246 2780 1563 2851 perductus
1588 2779 1840 2835 salutem
1872 2794 2005 2834 con-

352 2872 649 2938 sequatur.
702 2866 762 2923 Si
814 2869 971 2923 enim
1023 2870 1138 2924 duo
1191 2869 1293 2925 illa
1329 2886 1635 2942 compares
1664 2868 1804 2924 vitia
1833 2874 2004 2923 uatu-

351 2956 492 3014 ralis
521 2956 701 3012 libido
732 2957 993 3029 corporis
1024 2956 1203 3013 levior
1235 2964 1324 3014 est
1354 2958 1557 3030 lapsus
1585 2975 1760 3030 quam
1797 2974 2001 3029 super-

346 3047 462 3104 bia.
488 3045 761 3102 Nonnulli
794 3051 992 3102 autem
1025 3048 1168 3104 casti
1202 3052 1343 3102 sunt
1361 3047 1446 3104 vel
1478 3048 1632 3121 quod
1658 3064 1690 3102 a
1722 3047 1837 3102 Deo
1870 3063 2000 3118 pro-

347 3140 643 3209 tegantur,
674 3135 765 3191 vel
798 3137 950 3207 quod
988 3136 1183 3207 frigidi
1218 3137 1339 3192 sint
1391 3136 1863 3207 temperamenti.
1911 3136 2000 3191 vel

343 3226 500 3297 quod
552 3224 740 3281 multa
786 3224 1197 3281 exercitatione
1249 3224 1362 3281 sibi
1410 3225 1559 3297 ipsis
1590 3225 1705 3281 vim
1740 3225 1999 3292 fecerint,

344 3332 452 3371 nec
495 3329 853 3386 quemquam
904 3313 1399 3369 condemnaverit.
1449 3314 1613 3380 Quod
1662 3314 1710 3369 si
1763 3313 2000 3384 superbi
2031 3288 2073 3356 (ἶ

351 3403 534 3474 aliqui
584 3402 708 3457 sint
737 3402 904 3466 casti,
940 3401 1244 3457 sciendum
1275 3406 1365 3457 est
1409 3401 1540 3457 illos
1570 3420 1605 3457 a
1632 3400 1865 3457 diabolo
1898 3418 2003 3457 ne-

343 3493 487 3567 gligi
521 3493 699 3563 quod,
734 3491 859 3546 sola
889 3491 1161 3561 superbia
1195 3508 1308 3562 prin
1341 3491 1473 3546 aliis
1517 3491 1796 3546 omnibus
1847 3492 2001 3546 vitiis

345 3581 600 3639 sufﬁciat
622 3581 690 3636 ad
718 3579 852 3635 illos
873 3579 1073 3634 aeterni
1096 3579 1365 3651 supplicii
1387 3597 1516 3636 reos
1537 3580 1999 3635 constituendos.

419 3854 648 3918 Ουιιεετ.
683 3849 874 3905 CVIII.
907 3846 1089 3911 Quale
1118 3848 1353 3919 signum
1382 3847 1721 3921 habendum
1762 3852 1851 3901 est
1900 3846 2003 3901 ho-

349 3942 516 4007 mini,
568 3958 638 3997 ne
682 3941 961 4011 deceptus
1014 3937 1302 4009 suscipiat
1347 3936 1797 4003 Antichristnm,
1844 3941 2004 3991 ratus

346 4033 641 4089 Christum
676 4030 871 4101 ipsum
903 4044 1034 4083 csse
1048 4028 1076 4082 ‘I

419 4123 595 4177 Resp.
624 4121 737 4174 Hoc
770 4119 963 4189 ipsum
995 4118 1147 4189 quod
1184 4116 1351 4171 nobis
1374 4114 1660 4171 Dominus
1693 4115 1783 4171 bis
1812 4116 2003 4170 verbis

347 4210 529 4279 dedit,
563 4207 786 4264 scilicet
817 4206 967 4278 quod
995 4228 1021 4255 ‹‹
1051 4205 1201 4260 sicut
1229 4204 1428 4277 fulgur
1455 4205 1572 4259 exit
1601 4206 1672 4259 ab
1704 4205 1926 4261 oriente
1948 4209 2006 4259 et

347 4304 513 4374 paret
542 4313 729 4368 usque
758 4298 815 4351 in
850 4296 1233 4364 occidentem,
1257 4295 1334 4350 ita
1365 4294 1475 4349 erit
1504 4298 1561 4349 et
1591 4295 1887 4350 secundus
1909 4294 2005 4347 ad-

346 4395 557 4446 ventus
586 4386 711 4443 Filii
744 4386 845 4442 Dei
872 4386 934 4440 “.
970 4410 994 4436 ››
1041 4386 1187 4441 241
1244 4383 1385 4440 Inde
1430 4383 1718 4439 discimus
1766 4398 2001 4438 omnem

346 4482 659 4535 venturum
694 4475 1013 4537 Christum,
1046 4474 1141 4541 qui
1175 4489 1292 4529 non
1326 4472 1548 4537 statim,
1581 4472 1783 4527 eadem
1836 4470 2000 4536 hora,

349 4569 407 4623 in
444 4568 717 4623 universo
751 4565 972 4620 mundo
996 4563 1341 4635 reperiatur,
1364 4560 1538 4616 talem
1572 4562 1795 4632 absque
1824 4558 2004 4616 dubio

2108 660 2258 712 μενοι
2318 639 2573 714 λὲγομεν·
2629 637 2716 694 δτι
2772 636 3051 700 πολλάλις
3110 637 3200 693 καὶ
3257 634 3445 713 ἄνδρες
3523 633 3774 701 εὐσεϐεῖς

2109 728 2481 805 βασανίζονται
2512 730 2619 803 πρὸ
2674 726 2903 782 θανάτου
2961 727 3014 783 ἐν
3072 732 3153 800 τῷ
3203 728 3437 800 θανάτῳ·
3480 725 3572 782 ἵνα
3595 729 3775 800 ἡμεῖς

2105 819 2157 873 οἳ
2189 820 2421 892 ὁρῶντες
2455 813 2786 895 φοϐηθῶμεν
2841 817 2931 871 καὶ
2982 817 3466 896 σωφρονισθῶμεν.
3510 818 3670 879 Ἴσως
3704 814 3771 872 δὲ

2106 907 2195 962 καὶ
2256 907 2332 970 ὡς
2394 904 2685 995 ,ἅνθρωποι
2743 908 2796 961 οἱ
2856 908 3027 995 ἅγιοι,
3101 904 3296 982 μικρόν
3352 927 3412 995 τε
3468 903 3777 979 ἐλάττωμα

2106 996 2351 1073 ἔχοντες,
2384 994 2474 1052 διὰ
2501 998 2600 1065 τῆς
2629 997 2889 1066 τοιαύτης
2921 993 3153 1071 βασάνου
3203 1001 3305 1065 τῆς
3354 993 3405 1049 ἐν
3453 1000 3533 1068 τῷ
3589 1000 3775 1069 καιρῷ

2105 1091 2203 1143 τοῦ
2260 1088 2491 1142 Θανάτου
2545 1084 2772 1147 τελείως
2833 1086 3183 1140 καθαίρονται
3265 1083 3481 1159 ἄρωμοι
3562 1084 3770 1141 λοιπὸν

2109 1174 2482 1250 ἀπερχόμενοι
2497 1223 2505 1230 .

2180 1264 2373 1340 Ἐρώτ.
2409 1265 2506 1339 pq’.
2537 1263 2688 1325 Τίνος
2738 1262 2900 1338 χάριν
2951 1263 3003 1317 οἱ
3054 1260 3276 1325 πλείους
3314 1266 3423 1317 τῶν
3457 1263 3768 1339 ἀνθρώπων

2109 1351 2162 1408 ὲν
2192 1354 2344 1407 νυκτὶ
2372 1351 2669 1423 τίκτονται,
2702 1353 2792 1407 καὶ
2823 1351 2876 1405 ἰν
2907 1350 3056 1407 νυκτὶ
3085 1350 3414 1406 τελευτῶσιν
3443 1368 3457 1420 ;

2179 1442 2372 1498 Ἀπόκ.
2426 1442 2586 1515 ¹Ἐμοὶ
2620 1439 2790 1508 δοκεῖ,
2820 1439 2913 1496 ’ἱνα
2941 1442 3198 1514 μάθωμεν
3254 1438 3344 1495 διὰ
3373 1445 3469 1495 τοῦ
3510 1443 3773 1497 τοιούτου

2112 1529 2528 1606 ὑποδείγματος,
2561 1529 2643 1585 δτι
2676 1529 2925 1599 σκοτεινή
2958 1529 3195 1606 ὑπάρχει
3213 1534 3311 1584 τοῦ
3336 1528 3607 1604 παρόντος
3637 1529 3771 1605 βίου

2108 1620 2198 1675 καὶ
2229 1622 2264 1690 ἡ
2287 1620 2537 1695 γέννησις
2566 1619 2657 1673 καὶ
2688 1621 2722 1689 ἠ
2754 1617 3037 1692 κοίμησις,
3086 1616 3256 1695 ¹ἤγουν
3289 1619 3323 1689 ἡ
3359 1616 3411 1674 ἕν
3439 1618 3587 1691 αὐτῷ
3616 1617 3767 1674 εἴσο-

2111 1706 2202 1772 δος
2234 1709 2324 1764 καὶ
2354 1707 2405 1780 ἐξ
2438 1706 2833 1782 αὖτοῦηέξοδος.

2182 1800 2295 1873 (45)
2326 1799 2520 1874 Ἐρώτ.
2552 1798 2649 1873 ρξ’.
2683 1797 2851 1853 Πόθεν
2902 1797 3039 1859 τινὲς
3094 1797 3190 1870 μὶν
3249 1796 3511 1872 χαλεπῶς
3576 1796 3653 1859 εἰς
3703 1799 3772 1853 τὸ

2110 1889 2281 1953 πάθος
2314 1895 2412 1957 τῆς
2465 1886 2719 1962 πορνείας
2777 1886 3170 1959 πολεμοῦνταν
3228 1886 3370 1948 τινὲς
3417 1884 3476 1941 δὶ
3521 1892 3768 1964 φυσικῶς

2114 1974 2308 2053 σχεδὸν
2341 1984 2442 2047 τῆς
2470 1978 2728 2047 τοιαύτης
2758 1973 2959 2045 ἡδονῆς
2983 1975 3305 2050 ἀπέχονται,
3326 1975 3518 2052 καίπερ
3548 1973 3766 2031 πολλά-

2111 2088 2196 2129 κις
2230 2065 2567 2141 περιπληθὶς
2600 2071 2759 2138 σῶμα
2788 2064 3192 2140 περικείμενοις

2185 2155 2375 2213 Ἀπόκ.
2408 2157 2471 2213 Ἦ
2502 2160 2608 2211 τῶν
2670 2155 2937 2228 σωμάτων
2998 2159 3107 2210 τῶν
3167 2155 3466 2231 ἀνθρώπων
3502 2153 3768 2228 ἐπιθυμία

2113 2244 2317 2319 γίνεται
2366 2246 2401 2314 ἦ
2463 2243 2523 2299 ἐκ
2570 2250 2778 2319 θερμῆς
2827 2245 3069 2320 κράσεως
3116 2248 3214 2298 τοῦ
3283 2244 3561 2316 σώματος,
3610 2245 3647 2313 ἢ
3708 2243 3771 2299 ἐκ

2112 2332 2436 2409 τελειοτέρας
2486 2340 2695 2411 τροφῆς
2752 2333 2841 2388 καὶ
2896 2332 3066 2387 ὕπνου
3113 2333 3202 2387 καὶ
3235 2333 3485 2394 άνὲσεως·
3514 2330 3651 2395 ’ίσως
3710 2330 3773 2388 δὶ

2112 2423 2203 2477 καί
2261 2421 2313 2493 ἐξ
2371 2421 2636 2499 ἐνεργείας
2688 2428 3000 2491 σατανιιιιῆς⁹
3058 2423 3313 2496 τέταρτον
3380 2418 3439 2476 δὲ
3494 2419 3770 2484 πολλάκις

2111 2512 2202 2565 καὶ
2274 2510 2334 2566 ὲκ
2401 2516 2496 2567 τοῦ
2560 2509 2896 2588 κατακρίνειν
2963 2510 3197 2585 ἑτέρους·
3262 2509 3516 2583 πέμπτον
3565 2511 3657 2565 καὶ
3716 2510 3770 2581 ἐξ

2116 2599 2596 2677 ὑψηλοφροσύνης,
2683 2599 2807 2655 ὅταν
2890 2620 2974 2660 τις
3064 2597 3455 2676 μεγαλοφρονῇ
3531 2598 3617 2653 ἐπὶ
3699 2603 3767 2674 τῇ

2114 2690 2306 2744 ἑαυτοῦ
2337 2690 2539 2765 ἀγνείᾳ’
2573 2690 2602 2744 6
2646 2690 2751 2764 γὰρ
2802 2692 3050 2750 τοιοῦτος
3098 2693 3512 2764 παραχωρεῖται
3562 2693 3763 2758 πεσεῖν,

2114 2777 2265 2840 ὅπως
2325 2776 2413 2832 διὰ
2448 2784 2549 2847 τῆς
2602 2777 2854 2851 πορνείας
2904 2778 3200 2831 ἀπωθεῖται
3239 2777 3338 2844 τήν
3374 2776 3755 2854 ὑπερηφανίαν,

2113 2866 2201 2920 καὶ
2278 2863 2572 2941 ὁδηγηθεὶς
2648 2866 2723 2928 εἰς
2812 2865 3245 2943 ταπειφροσύνην
3323 2865 3569 2939 τεύξηται
3650 2870 3748 2933 τῆς

2113 2956 2402 3028 σωτηρίας·
2464 2956 2516 3011 ἐν
2575 2956 2677 3031 γάρ
2723 2954 2994 3031 συγκρίσει
3064 2952 3163 3010 δύο
3208 2959 3386 3010 κακῶν
3431 2954 3742 3031 κουφότερον

2114 3043 2347 3120 ὑπάρχει
2422 3045 2567 3119 παρὰ
2630 3045 2729 3113 τήν
2810 3044 3174 3122 ὑπερηφανίαν
3235 3049 3472 3116 πταῖσμα
3523 3043 3560 3112 ἠ
3615 3043 3753 3097 κατὰ

2111 3138 2271 3207 σῶμα
2328 3134 2525 3211 φύσική
2586 3132 2868 3206 ἐπιθυμία.
2927 3132 3240 3208 Ἀγνεύουσι
3301 3130 3361 3188 δὲ
3406 3153 3540 3194 τινες
3584 3131 3621 3201 ἢ
3653 3131 3758 3186 ὑπὸ

2111 3227 2246 3279 Θεοῦ
2298 3222 2648 3295 σκεπόμενοι,
2693 3223 2727 3291 ἢ
2778 3226 2995 3298 ψυχρᾶς
3040 3243 3185 3284 τινος
3238 3221 3575 3298 ὑπάρχοντες
3629 3221 3761 3295 κρά-

2110 3333 2268 3382 σεως,
2300 3312 2335 3381 ἢ
2379 3308 2468 3367 διὰ
2518 3310 2737 3382 πολλῆς
2789 3312 3090 3383 ἀσκήσεως,
3150 3310 3373 3373 ἑαυτοὺς
3425 3310 3764 3387 βιαζόμενοι,

2110 3401 2200 3456 καί
2251 3422 2370 3457 τινα
2404 3402 2479 3474 μή
2507 3401 2938 3477 κατακρίνοντες.
2973 3400 3037 3457 El
3071 3398 3129 3456 δὲ
3157 3399 3246 3454 καί
3291 3421 3435 3463 τινες
3485 3400 3765 3478 ὑπερηφα-

2110 3489 2223 3544 νίαν
2258 3489 2476 3565 ἔχοντες
2508 3490 2809 3566 ἁγνεύουσι,
2839 3489 2953 3564 χρὴ
2983 3489 3269 3566 γινώσκειν
3295 3489 3425 3552 τοὺς
3455 3488 3766 3559 τοιούτους,

2111 3579 2195 3634 ’ὁτι
2244 3599 2344 3655 περ
2404 3578 2507 3634 ὑπὸ
2538 3583 2634 3633 τοῦ
2694 3572 2956 3633 διαϐόλου
3013 3580 3518 3653 κατεφρονήθησαν,
3575 3577 3767 3647 ίκανῆς

2114 3666 2284 3736 οὔσης
2313 3675 2415 3736 τῆς
2465 3667 2833 3744 ὑπερηφανίας
2884 3667 3013 3742 ὑπὲρ
3064 3665 3166 3722 ὅλα
3211 3667 3280 3722 τὰ
3324 3668 3473 3736 πάθη
3535 3666 3769 3742 ἐνόχους

2114 3756 2307 3819 αὐτοὺς
2335 3763 2560 3825 ποιῆσαι
2590 3764 2689 3827 τῆς
2720 3755 2945 3811 αἰωνίου
2975 3753 3275 3818 κολάσεως.

2183 3848 2376 3922 Ἐρώτ.
2414 3847 2518 3922 ρη’.
2551 3851 2712 3901 Ποῖον
2748 3850 2975 3919 σημεῖον
3010 3844 3217 3923 ὀφείλει
3248 3864 3464 3920 κρατειν
3495 3846 3525 3900 6
3558 3841 3770 3919 ἄνθρω-

2112 3957 2236 4006 πος,
2275 3933 2355 3990 i'va
2389 3937 2464 4008 μὴ
2500 3935 2752 4009 πλανηθῇ
2802 3934 2890 3989 καὶ
2952 3933 3166 4006 δέξηται
3210 3935 3301 3988 τὸν
3359 3933 3769 4011 ’Δντίχριστον,

2112 4026 2352 4097 νομίζων
2386 4025 2468 4080 ὅτι
2528 4027 2556 4080 6
2591 4023 2817 4099 Χριστός
2851 4023 3028 4093 ἐστιν;

2182 4119 2368 4171 Ἀποκ.
2401 4118 2569 4188 Ὅπερ
2603 4114 2631 4167 ὁ
2665 4112 2861 4189 Κύριος
2909 4114 3045 4185 ὖμῖν
3096 4109 3408 4189 παρέδωκεν
3440 4112 3633 4183 εἰπὼν,
3682 4112 3773 4170 ὅτι

2113 4229 2141 4256 ‹‹
2188 4201 2370 4280 ὣσπερ
2429 4206 2463 4272 ἡ
2525 4203 2769 4278 ἀστραπή
2820 4200 3095 4277 ἐξερχεται
3155 4202 3260 4257 ἀπὸ
3317 4201 3618 4274 ἀνατολῶν,
3675 4203 3776 4258 καὶ

2113 4295 2356 4371 φαίνεται
2410 4289 2517 4354 ἕως
2574 4289 2817 4363 δυσμῶν,
2878 4290 3053 4353 οὕτως
3113 4288 3258 4346 ἔσται
3317 4291 3408 4346 καὶ
3468 4293 3504 4362 ἡ
3547 4288 3779 4369 δευτέρα

2112 4382 2380 4456 παρουσία
2433 4385 2531 4435 τοῦ
2587 4381 2716 4434 Tini}
2764 4383 2861 4434 τοῦ
2909 4384 3064 4436 Θεοῦ.
3118 4405 3143 4429 η
3194 4381 3347 4434 Ὅθεν
3403 4380 3774 4455 μανθάνομεν,

2113 4469 2197 4525 ὅτι
2238 4476 2340 4531 πᾶς
2372 4470 2601 4546 Χρισιὸς
2635 4468 2959 4544 ἐρχόμενος,
2992 4469 3081 4523 καὶ
3118 4470 3192 4540 μὴ
3239 4468 3485 4547 ἐξαίφνης
3537 4469 3589 4525 ἐν
3648 4467 3775 4544 ὅλῳ

2110 4563 2190 4629 τῷ
2244 4558 2437 4630 κόσμῳ
2490 4558 2540 4612 ἐν
2591 4564 2689 4630 μιᾷ
2739 4555 2853 4633 ὣρᾳ
2902 4557 3283 4632 εὑρισκόμενος
3332 4561 3468 4633 (46),
3514 4564 3773 4623 τοιοῦτος

349 4655 771 4711 Antichristum
820 4669 969 4709 esse.
1021 4652 1167 4707 Nam
1219 4651 1276 4705 in
1331 4648 1589 4705 secundo
1637 4649 1850 4704 Christi
1904 4651 2001 4705 ad-

2124 4642 2508 4725 ἧναμφεϐὄλως
2542 4646 2916 4723 Ἀντίχριστός
2962 4645 3125 4702 ἐστιν.
3178 4646 3299 4704 Ἐπὶ
3348 4648 3453 4724 γὰρ
3498 4655 3600 4717 τῆς
3647 4645 3772 4704 δευ-

350 4748 527 4799 ventu
573 4759 745 4798 omne
793 4758 981 4811 genus
1033 4740 1339 4796 hominum
1374 4737 1549 4792 simul
1584 4739 1909 4805 conveniet,
1942 4740 2001 4793 in

356 4833 531 4903 cujus
554 4831 745 4886 medio
776 4830 1042 4885 Christus
1081 4829 1152 4885 ab
1184 4827 1458 4883 omnibus
1490 4826 1905 4899 conspicietur.

424 5010 648 5075 Ουιεετ.
682 5010 815 5065 CIX.
850 5009 1145 5063 Verumne
1192 5012 1279 5062 est
1329 5023 1397 5061 ex
1452 5006 1694 5078 (Egypto
1740 5007 2005 5077 proditu-

351 5116 483 5157 rum
503 5097 1314 5169 Antichristum,signumque
1332 5094 1562 5165 aliquod
1585 5095 1643 5149 in
1666 5111 1780 5150 una
1804 5112 2004 5162 manu,

349 5206 536 5247 unove
565 5188 734 5245 oculo
767 5186 1105 5243 habiturum
1129 5185 1155 5240 ‘I

417 5284 590 5336 Resp.
641 5278 770 5334 Haec
818 5275 1019 5333 omnia
1086 5272 1272 5330 aniles
1341 5278 1482 5330 sunt
1549 5273 1779 5331 fabulae.
1840 5274 2007 5331 Anti-

415 5449 461 5489 “
490 5448 695 5507 Matth.
730 5463 886 5517 χειν,
914 5445 1007 5501 27.

416 5608 866 5694 (ζῷλοιιεερὶίο.
899 5606 999 5694 106
1056 5605 1222 5694 σαψ,
1247 5602 1588 5694 l97)‘na‘best
1624 5621 1658 5661 a
1705 5606 2000 5662 veterinus

347 5677 520 5736 editis
552 5679 796 5748 Latinis,
829 5679 1089 5748 itemque
1120 5680 1325 5748 quaest.
1363 5677 1483 5731 108.

425 5752 540 5825 (46)
586 5755 709 5808 Duo
758 5744 926 5820 mss,
972 5744 1031 5803 ἶν
1095 5744 1192 5821 μὶᾷ
1238 5744 1354 5823 ὥρᾳ
1402 5766 1515 5823 φαι.
1565 5747 1737 5817 Editi,
1790 5744 1841 5801 ἐν
1904 5746 2003 5823 μίᾷ

2111 4736 2267 4813 τέρας
2314 4736 2612 4812 παρουσίας
2662 4740 2760 4791 τοῦ
2807 4738 3043 4809 Χριστοῦ
3082 4742 3225 4791 πᾶσα
3253 4737 3287 4805 ἠ
3318 4736 3678 4813 ἀνθρωπότης
3711 4736 3770 4792 ἐν

2114 4829 2193 4897 τῷ
2224 4827 2336 4898 ἅμα
2363 4825 2685 4900 εύρίτκεται,
2715 4825 2804 4880 καὶ
2837 4824 2889 4879 ἐν
2925 4824 3073 4897 μέσῳ
3102 4824 3272 4894 αὐτῆς
3304 4825 3332 4881 ὁ
3383 4828 3613 4902 Χριστὸς
3660 4827 3771 4881 ὕπὸ

2114 4916 2327 4970 πάντων
2362 4915 2473 4991 ὀρώ
2481 4936 2658 4989 μενος.

2188 5006 2379 5079 Ἐρώτ.
2417 5016 2500 5078 ρθ.
2530 5003 2763 5073 Ἀληθές
2795 5002 2873 5072 δὲ,
2907 5001 2988 5058 ὅτι
3021 5002 3070 5076 ἐξ
3102 5003 3385 5080 Αἰγύπτου
3430 5003 3701 5082 ἐξέρχεται
3735 5007 3769 5060 6

2117 5094 2520 5171 Ἀντίχριστος,
2552 5092 2641 5148 καὶ
2672 5092 2894 5165 σημεῖόν
2928 5113 2980 5146 τι
3012 5090 3064 5146 ἐν
3090 5096 3159 5166 τῇ
3190 5092 3339 5169 χειρὶ
3367 5096 3480 5168 (47)
3529 5098 3597 5170 τῇ
3645 5098 3766 5169 μιᾷ,

2116 5183 2203 5237 καὶ
2238 5182 2288 5237 ἐν
2320 5187 2398 5254 τῷ
2431 5180 2702 5259 ὀφθαλμῷ
2727 5180 2808 5254 τῷ
2838 5181 2915 5236 ἑνὶ
2946 5182 3200 5251 κέκτηται
3228 5201 3240 5249 ;

2189 5272 2382 5329 Ἀπὸκ.
2436 5269 2616 5326 Πάντα
2659 5275 2827 5326 ταῦτα
2873 5267 3142 5347 γραώδεις
3195 5270 3356 5345 μῦθοί
3386 5271 3540 5330 εἰσιν.
3570 5274 3631 5331 Ὁ
3660 5273 3769 5349 γάρ

2497 5694 2672 5745 unus,
2708 5673 2860 5732 ούδὶν
2893 5681 3122 5751 σημεῖον
3155 5675 3207 5731 ἐν
3238 5681 3319 5750 τῷ
3350 5680 3612 5752 μετώπῳ,
3634 5677 3762 5736 ἀλλ’

2134 5770 2159 5802 ν
2193 5768 2260 5805 τη
2288 5766 2412 5805 me
2449 5792 2461 5805 .

2134 5770 2159 5802 ν
2193 5768 2260 5823 τῃ
2288 5766 2461 5827 χειρί.

3724 6164 3733 6169 -
3748 6138 3941 6169 εἱτεῶῗκκ
3964 6148 3989 6169 ‘_-
4014 6162 4021 6167 .

3690 6184 3731 6211 (ἓν

3678 6216 3737 6231 Val-7

3726 6242 3775 6261 IL
3864 6264 3867 6265 ν
3910 6266 3935 6269 ΔΗ

3770 6268 3963 6292 ν-ΐιξιειὲ
3986 6274 4045 6291 -’““⁶

3862 6298 3927 6331 ἕνα
3970 6320 3977 6327 .
