4132 6368
350 425 477 484 665

1315 419 1828 510 ΟΠΛΞΞΤΙΟΝΕΒ
1873 416 1978 492 AD
2021 418 2485 478 AN'l‘lOUllUM
2532 417 2820 478 DUCEM.

3665 417 3784 475 666

353 556 737 629 Ἀντίχριστος
774 549 927 606 οὐδὲν
980 553 1208 622 σημεῖσν
1260 553 1506 603 τοιοῦτον
1559 549 1834 616 κέκτηται·
1871 543 2008 602 ἄλλᾶ

2130 546 2388 603 christus
2420 547 2576 604 enim
2605 547 2834 603 nullum
2866 546 3208 620 huiusmodi
3240 546 3466 619 signum
3497 552 3585 603 est
3615 546 3780 602 habi-

349 635 442 702 καὶ
475 645 533 699 ἐκ
562 650 665 712 τῆς
719 638 1038 707 Γαλιλαίας,
1075 638 1190 693 ὅθεν
1241 638 1267 692 6
1318 639 1542 711 Χριστὸς
1597 635 1839 706 ἐξῆλθεν,
1881 635 2020 710 ἐξέρ-

351 755 535 812 χεται,
570 732 646 795 ὥς
700 752 858 809 φησιν
891 732 926 798 ἡ
965 730 1174 803 Γραφή·
1226 749 1247 776 ε
1301 727 1552 801 Σκύμνος
1613 726 1831 787 λέοντος
1892 725 2018 793 Δάν,

354 825 444 880 καὶ
504 817 804 890 ἐκπηδήσει
865 817 924 872 ἐκ
982 816 1233 875 Βασάν.»
1287 816 1432 887 Αὕτη
1493 813 1550 870 δὲ
1608 814 1748 870 ἐστιν
1813 813 2018 868 Σκυθό-

359 913 544 975 πολις.
1157 897 1172 909 ’

428 1004 624 1078 Ἐρώτ.
662 1007 748 1076 ρι’.
784 997 1016 1073 Αὲγουσί
1070 1018 1229 1067 τινες,
1263 995 1344 1050 ὅτι
1397 994 1458 1048 οὐ
1509 993 1726 1048 δύναται
1777 993 1804 1046 ὁ
1845 991 2018 1048 Ἀντί·

363 1111 586 1169 χριστος
619 1090 804 1164 νεκρὸν
867 1088 1154 1161 ἄνθρωπον
1213 1085 1530 1154 ἀναστῆσαι·
1563 1081 1674 1137 ἐπεὶ
1735 1083 1908 1137 πάντα
1952 1080 2019 1135 τὰ

364 1179 534 1236 λοιπά
562 1201 629 1248 ση
642 1184 766 1250 μεῖα
795 1180 963 1233 ποιεῖ.

435 1268 626 1324 Ἀπὸκ.
660 1267 731 1322 Τὸ
778 1267 949 1320 εἰπεῖν
993 1265 1084 1319 τὸν
1133 1261 1466 1320 Ἀπόστολον
1519 1261 1640 1331 περὶ
1698 1265 1795 1315 τοῦ
1841 1266 2016 1316 Ἀντι-

373 1359 619 1434 χρίστου,
652 1355 733 1411 ὅτι
766 1355 817 1410 ἐν
849 1359 978 1408 πᾶσι
1026 1352 1278 1424 σημείοις
1335 1352 1424 1406 καὶ
1475 1349 1732 1423 δυνάμεσι
1784 1348 2015 1420 πλάνης,

377 1445 603 1513 εὔδηλον
637 1448 747 1518 (48)
795 1443 874 1499 ὅτι
930 1443 1019 1496 καὶ
1077 1442 1264 1516 νεκρὸν
1327 1438 1588 1496 δείκνυσιν
1650 1439 2013 1515 ἐγειρόμενον,

375 1535 474 1591 οὐκ
504 1535 556 1590 ἐν
588 1533 836 1604 ἀληθείᾳ,
869 1529 989 1588 ἀλλ’
1023 1530 1073 1585 ἐν
1109 1531 1389 1608 φαντασίᾳ.

441 1713 632 1788 Ἐρώτ.
667 1713 787 1787 ρια’.
822 1714 944 1773 Πῶς
971 1710 1061 1766 καί
1103 1731 1242 1772 τινες
1294 1709 1555 1784 αἱρετικοὶ
1599 1711 1814 1763 ποιοῦσι
1877 1706 2014 1762 πολ-

365 1801 523 1864 λάκις
551 1807 752 1874 σημεῖα
778 1821 791 1870 ;

433 1891 621 1947 Ἀπόκ.
671 1895 841 1944 Τοῦτο
899 1892 1047 1963 ἡμᾶς
1110 1889 1208 1944 οὐκ
1264 1888 1468 1967 ὀφείλει
1530 1889 1764 1961 ξενίζειν.
1815 1886 2015 1943 Ἠκού-

358 1999 527 2052 σαμεν
585 1980 688 2055 γὰρ
765 1983 867 2034 τοῦ
945 1980 1141 2054 Κυρίου
1193 1977 1444 2054 λέγοντος
1481 1997 1492 2010 '
1556 1977 1638 2032 ὅτι
1698 1976 1902 2032 πολλοὶ
1961 1976 2012 2030 ἐν

366 2066 545 2144 ἐκείνῃ
604 2071 674 2141 τῇ
729 2069 912 2143 ἡμέρᾳ
967 2068 1168 2144 ἐροῦσι·
1219 2094 1244 2118 (ι
1300 2066 1480 2142 Κύριε,
1541 2065 1638 2122 οὐκ
1695 2066 1746 2121 ἐν
1805 2070 1882 2137 τῷ
1939 2066 2016 2137 σῷ

365 2157 596 2230 ὀνόματι
657 2155 913 2232 δαιμόνια
958 2152 1307 2230 ἐξεϐάλομεν,
1364 2156 1454 2211 καὶ
1495 2153 1746 2227 δυνάμεις
1805 2151 2018 2217 πολλὰς

367 2246 746 2321 ἐποιήσαμεν;
784 2273 811 2298 ››
855 2248 946 2302 καὶ
997 2248 1105 2322 ἐρεῖ
1152 2246 1336 2303 αὐτοῖς
1384 2249 1494 2315 (49)
1529 2265 1540 2276 ·
1579 2270 1605 2296 ‹‹
1641 2245 1813 2317 Ἀμήν
1869 2242 2016 2318 λέγω

365 2336 519 2409 ὑμῖν,
554 2334 813 2392 οὐδέποτε
872 2334 1040 2411 ἔγνων
1105 2337 1274 2408 ὑμᾶς·
1337 2335 1680 2411 ἀποχωρεῖτε
1739 2335 1828 2388 ἀπ’
1858 2333 2013 2406 ἐμοῦ,

362 2425 587 2501 ἐργάται
647 2434 745 2496 τῆς
808 2427 1056 2499 ἀνομίας.
1089 2449 1112 2478 υ
1145 2424 1421 2487 Πολλάκις
1478 2426 1578 2499 γάρ
1629 2424 1737 2498 οὐχ
1785 2426 1818 2492 ἡ
1853 2422 2013 2478 πολι-

359 2516 482 2570 τεία
508 2521 606 2570 τοῦ
637 2515 1174 2592 θαυματουργοῦντὸς
1219 2514 1357 2569 ἐστιν
1409 2517 1443 2584 ἡ
1497 2516 1595 2583 τήν
1659 2512 1798 2568 ἷάσιν
1859 2512 2016 2588 ἐργα-

362 2603 592 2677 ζομένη,
628 2603 751 2660 ἀλλ’
783 2607 817 2673 ἡ
851 2605 985 2679 πρὸς
1015 2604 1174 2659 αὐτὸν
1206 2603 1383 2666 πίστις
1423 2608 1518 2658 τοῦ
1567 2603 2012 2679 προσερχομένου

354 2693 671 2768 ἀνθρώπου.
706 2695 1004 2769 Γέγραπται
1054 2693 1177 2769 γάρ·
1228 2718 1254 2744 ‹‹
1305 2695 1363 2750 'H
1421 2691 1599 2754 πίστις
1659 2714 1754 2746 σου
1812 2691 2014 2747 σέσωκὲ

355 2803 439 2840 σε.
480 2807 506 2832 ››
539 2781 691 2852 Πλὴν
747 2780 830 2837 δεῖ
883 2782 971 2838 καὶ
1028 2787 1192 2837 τοῦτο
1249 2784 1552 2857 γινώσκειν,
1610 2781 1692 2836 ὅτι
1741 2779 2012 2843 πολλάκις

349 2873 501 2934 τινὶς
563 2871 881 2927 κακόπιστοι
951 2872 1231 2945 καμάτους
1302 2870 1547 2934 πολλοὺς
1605 2869 1674 2926 δι’
1730 2871 2010 2942 ἀσκήσεως

348 2964 436 3031 τῷ
491 2965 608 3032 Θεῷ
664 2963 1046 3037 προσήγαγον,
1105 2961 1194 3015 καὶ
1247 2963 1346 3030 τήν
1425 2960 1763 3033 ἀντιμισθίαν
1834 2959 2009 3014 αὐτῶν

355 3043 559 3102 ἔλαϐον
620 3047 669 3102 ἐν
720 3053 800 3120 τῷ
846 3053 935 3102 νῦν
993 3047 1148 3103 αἰῶνι
1195 3047 1254 3103 ἐκ
1300 3052 1454 3118 Θεοῦ,
1500 3049 1562 3102 τὸ
1613 3051 1717 3100 τῶν
1767 3046 2008 3120 ἰαμάτων

353 3137 450 3192 καὶ
483 3136 838 3214 προρρήσεων
892 3139 1158 3214 χάρισμα’
1189 3135 1280 3192 ἵνα
1332 3136 1383 3193 ἐν
1432 3141 1510 3209 τῷ
1557 3135 1713 3192 αἶ’ῶνι
1753 3141 1831 3209 τῷ
1878 3136 2010 3210 μὲλ-

351 3223 512 3281 λοντι
546 3227 864 3281 ἀκούσωσιν·
897 3222 1228 3282 Ἀπελάϐετε
1256 3227 1322 3281 τὰ
1351 3226 1527 3301 ἀγαθὰ
1558 3227 1706 3299 ὑμῶν
1754 3226 1842 3281 καὶ
1881 3225 2008 3290 τοὺς

345 3315 630 3390 καμάτους
665 3317 838 3390 ὑμῶν·
872 3321 964 3372 νῦν
995 3315 1053 3373 δὲ
1080 3317 1271 3373 λοιπὸν
1307 3314 1457 3372 οὐδὲν
1490 3317 1617 3389 ὑμῖν
1657 3318 2009 3394 κεχρεώστη-
2041 3297 2084 3363 C

343 3427 464 3462 ται.

427 3495 620 3571 Ἐρώτ.
679 3497 804 3571 ριβ’.
867 3496 987 3552 Ἐὰν
1049 3494 1100 3550 ἐν
1159 3500 1333 3572 καιρῷ
1420 3497 1612 3567 ἑορτῆς
1683 3494 2007 3574 καταληφθῇ

343 3581 640 3659 ἄνθρωπος
689 3583 739 3638 ἐν
799 3585 980 3659 χώρᾳ,
1015 3584 1066 3638 ἰν
1173 3587 1206 3654 ἠ
1239 3584 1496 3640 κοινωνία
1551 3591 1649 3654 τῆς
1707 3584 2007 3654 καθολικῆς

343 3673 683 3744 Ἐκκλησίας
714 3675 820 3751 οὐχ
852 3675 1170 3750 εὑρίσκεται,
1203 3675 1258 3731 τί
1290 3675 1496 3754 ὀφείλει
1531 3673 1619 3730 διὰ
1675 3677 1774 3745 τήν
1817 3677 2007 3750 ἑορτὴν

343 3762 689 3836 σκέψασθαι,
749 3771 1078 3834 κοινωνῆσαι
1154 3770 1269 3828 τοῖς
1339 3766 1671 3839 αἱρετικοῖς,
1729 3765 1764 3834 ἢ
1828 3772 2005 3838 μεῖναι

342 3854 720 3924 ἀκοινώνητος
745 3874 758 3923 ;

423 3941 617 3998 Ἀπόκ.
661 3943 722 3997 Εἰ
755 3943 928 4005 πολὺς
974 3944 1060 3998 καὶ
1111 3941 1358 4019 χαλεπὸς
1407 3945 1434 3998 ὁ
1489 3940 1753 4011 κῖνδυνος,
1786 3945 1846 3997 τὸ
1902 3945 2002 4012 τήν

347 4029 491 4086 ἰδίαν
539 4037 769 4107 γυναῖκα
829 4037 1142 4108 μοιχεῦσαι,
1175 4034 1264 4088 καὶ
1307 4032 1452 4107 ἄλλῃ
1487 4036 1600 4105 (50)
1635 4034 2001 4109 συγγενέσθαι,

341 4120 447 4175 κᾶν
483 4120 533 4174 ἐν
564 4119 851 4195 ἀποδημίᾳ
879 4124 1127 4198 τυγχάνῃ
1173 4123 1201 4176 6
1249 4121 1403 4197 ἀνήρ·
1460 4122 1613 4194 πόσῳ
1669 4143 1729 4197 γε
1789 4119 2002 4194 μᾶλλον

344 4211 450 4278 τὴν
509 4210 672 4286 ὀρθὴν
725 4212 906 4266 πίστιν
960 4208 1257 4288 προδοῦναι
1305 4209 1392 4266 διὰ
1435 4212 1497 4266 τὸ
1544 4216 1661 4273 τοῖς
1707 4211 2000 4286 αἱρετικοῖς

348 4307 783 4374 συγκοινωνῆσαι
811 4321 824 4371 ;
855 4303 1060 4376 ’Ὠσπερ
1095 4299 1184 4355 οὖν
1237 4301 1289 4356 οἱ
1335 4301 1434 4369 τήν
1493 4301 1695 4354 ἑαυτῶν
1745 4320 1998 4376 πραγμα-

341 4387 492 4442 τείαν
525 4387 785 4459 πωλῆσαι
820 4389 1174 4466 βουλόμενοι,
1207 4388 1330 4445 ὅσον
1365 4390 1422 4444 ἃν
1465 4389 1662 4465 χρόνον
1715 4389 1799 4444 ἐπὶ
1850 4388 2000 4460 ξὲνης

345 4475 712 4552 βραδύνωσιν,
747 4478 808 4534 οὐ
851 4477 1241 4556 καταδεχονται
1291 4475 1473 4535 λαϐεῖν
1525 4479 1642 4534 ἀντὶ
1697 4483 1793 4534 τοῦ
1855 4480 2002 4556 βασι-

341 4567 510 4623 λικοῦ
567 4569 927 4644 χαράγματος
979 4568 1039 4624 τὸ
1089 4565 1189 4640 ἔξω
1238 4571 1520 4646 χάραγονυ
1564 4569 1706 4624 οὕτω
1763 4568 1850 4623 καὶ
1913 4569 2001 4622 ἐπὶ

2129 639 2338 692 turus:
2409 639 2509 692 sed
2584 655 2651 693 ex
2715 636 2972 703 Galilaaa,
3046 638 3200 692 unde
3269 637 3444 692 exivit
3515 637 3786 693 Christus

2129 726 2471 796 proditurus
2522 726 2648 799 ipse
2690 730 2799 796 est,
2845 732 2908 780 ut
2957 727 3037 781 ait
3079 725 3416 796 Scriptura:
3461 749 3487 775 «
3541 725 3782 780 Catulus

2128 814 2317 869 leonis
2350 815 2500 882 Dan,
2540 819 2596 871 et
2625 813 2856 871 exsiliet
2888 831 2957 870 ex
2988 815 3179 871 Basan
3209 815 3274 885 ⁸⁸,
3301 837 3328 863 ››
3374 832 3501 885 quae
3530 814 3661 887 ipsa
3692 819 3782 872 est

2129 902 2518 975 Scythopolis.

2203 995 2434 1058 Quam.
2470 993 2578 1048 CX.
2633 993 2810 1049 Aiunt
2867 993 3133 1049 nonnulli
3183 991 3609 1048 Autichristum
3660 1012 3775 1050 non

2129 1099 2297 1154 posse
2327 1081 2584 1154 aliquem
2619 1083 2959 1138 defunctum
2996 1083 3294 1138 hominem
3327 1102 3360 1139 a
3393 1083 3641 1140 mortuis
3681 1100 3776 1139 ex-

2128 1171 2326 1241 citare,
2359 1172 2590 1228 etiamsi
2623 1177 2826 1228 caetera
2857 1174 3055 1228 omnia
3085 1173 3219 1229 edat
3251 1173 3439 1244 signa.

2202 1262 2376 1316 RESP.
2408 1261 2599 1317 Verba
2634 1261 2892 1334 Apostoli
2955 1262 3174 1334 quibus
3222 1261 3301 1317 ait
3347 1261 3777 1317 Antichristum

2127 1350 2187 1406 in
2215 1351 2494 1406 omnibus
2534 1351 2719 1422 signis
2765 1356 2823 1407 et
2873 1351 3186 1407 virtutibus
3233 1352 3599 1423 deceptorcm
3635 1355 3779 1422 lore,

2131 1440 2442 1495 manifeste
2491 1441 2811 1496 ostendunt
2859 1440 3027 1496 illum
3099 1448 3362 1497 mortuos
3429 1458 3658 1513 quoque
3706 1444 3778 1497 ad

2125 1528 2304 1585 vitam
2354 1535 2780 1598 revocaturum,
2816 1529 2951 1586 licet
2997 1547 3110 1586 non
3163 1546 3384 1599 revera,
3433 1531 3535 1587 sed
3586 1532 3779 1603 specie

2127 1619 2436 1674 duntaxat.
2885 1677 2889 1681 .

2199 1708 2425 1772 Qumsr.
2479 1708 2614 1764 CXI.
2666 1709 2967 1775 Quomodo
3018 1709 3258 1781 quidam
3309 1708 3566 1766 haeretici
3611 1710 3783 1782 signa

2126 1813 2280 1869 sepe
2311 1798 2539 1853 edunt?

2198 1886 2371 1942 Rssr.
2407 1886 2464 1942 Id
2501 1887 2714 1942 mirum
2751 1888 2918 1944 nobis
2966 1905 3093 1944 esse
3141 1905 3254 1944 non
3301 1888 3490 1944 debet.
3544 1887 3777 1944 Audivi-

2131 1991 2265 2031 mus
2297 1977 2451 2032 enim
2485 1978 2770 2032 dicentem
2804 1977 3146 2046 Dominum,
3181 1977 3398 2034 multos
3429 1977 3530 2033 illa
3560 1979 3651 2034 die
3683 1979 3778 2034 di-

2132 2071 2364 2122 cturos:
2399 2090 2424 2116 ‹‹
2458 2066 2724 2135 Domine,
2751 2083 2942 2122 nonne
2971 2067 3028 2122 in
3077 2067 3310 2123 nomine
3344 2071 3444 2124 tuo
3487 2067 3778 2124 daemonia

2129 2155 2411 2227 ejecimus
2439 2160 2495 2211 et
2514 2155 2760 2212 virtutes
2775 2155 2992 2212 multas
3016 2157 3298 2212 fecimus?
3318 2178 3339 2207 ι
3371 2157 3684 2228 ipsumque
3704 2158 3777 2212 ad

2129 2260 2227 2299 eos
2271 2261 2695 2316 responsurum
2727 2263 2738 2300 :
2777 2267 2803 2292 ‹‹
2838 2250 3020 2302 Amen
3068 2246 3198 2302 dico
3246 2246 3430 2317 vobis,
3467 2263 3774 2317 nunquam

2128 2333 2258 2388 novi
2300 2349 2438 2388 vos:
2469 2333 2751 2390 discedite
2781 2351 2814 2389 a
2853 2351 2962 2403 me,
2997 2335 3095 2406 qui
3129 2334 3454 2408 operamini
3498 2335 3776 2406 iniquita-

2124 2426 2243 2478 tem
2274 2422 2339 2478 ⁸⁷.
2375 2445 2403 2472 ››
2435 2423 2591 2496 Saepe
2647 2424 2803 2480 enim
2858 2441 2971 2480 non
3027 2424 3143 2480 vita
3191 2425 3418 2480 edentis
3468 2423 3771 2491 miracula,

2124 2512 2438 2568 sanitatem
2471 2518 2764 2584 operatur,
2791 2515 2891 2570 sed
2924 2515 3066 2570 fides
3081 2513 3339 2570 hominis
3357 2514 3456 2586 qui
3479 2514 3549 2569 ad
3575 2514 3769 2585 ipsum

2124 2601 2389 2657 accedit:
2441 2603 2726 2675 scriptum
2780 2603 3070 2675 siquidem
3123 2608 3293 2672 est,»
3347 2603 3515 2659 Fides
3569 2606 3670 2658 tua
3714 2605 3771 2657 te

2121 2690 2350 2746 salvum
2381 2691 2514 2746 fecit
2541 2692 2606 2746 ⁸⁸.
2643 2713 2669 2740 ››
2697 2691 2758 2748 Id
2791 2692 2965 2747 etiam
2995 2692 3442 2764 intelligendum
3473 2695 3585 2757 est,
3618 2707 3770 2762 saepe

2123 2781 2436 2836 nonnullos
2466 2798 2656 2853 prava:
2687 2781 2820 2837 ﬁdei
2851 2781 3067 2838 multos
3085 2781 3517 2838 exercitationis
3545 2779 3772 2836 labores

2121 2870 2238 2926 Deo
2270 2869 2578 2941 obtulisse,
2603 2887 2855 2941 quorum
2891 2871 3216 2926 mercedem
3251 2871 3308 2925 in
3344 2871 3618 2943 praesenti
3654 2887 3766 2925 saa-

2122 2959 2252 3016 culo
2280 2961 2530 3032 gratiam
2565 2959 2884 3015 sanitatum
2919 2967 2974 3015 et
3005 2961 3450 3032 praedictionum
3497 2975 3766 3031 percepe-

2122 3053 2297 3116 runt;
2355 3052 2420 3104 ut
2478 3047 2758 3103 nimirum
2806 3048 2864 3102 in
2925 3049 3120 3104 futuro
3187 3047 3398 3104 saecqu
3478 3047 3766 3104 audiant:

2121 3137 2442 3211 Recepistis
2473 3137 2626 3193 bona
2647 3141 2836 3194 vestra
2864 3141 2918 3194 et
2937 3138 3168 3194 labores
3186 3142 3430 3206 vestros,
3456 3154 3613 3194 nunc
3636 3153 3768 3194 vero

2119 3227 2266 3284 nihil
2296 3227 2462 3284 vobis
2493 3225 2750 3299 amplius
2779 3227 3044 3284 debitum
3071 3232 3181 3284 est.

2191 3500 2416 3564 Quasr.
2452 3495 2613 3553 CXII.
2645 3496 2700 3550 Si
2730 3497 2956 3553 accidat
2997 3502 3059 3554 ut
3091 3501 3263 3556 homo
3293 3500 3386 3556 die
3418 3501 3564 3558 festo
3600 3503 3676 3559 sit
3711 3503 3766 3560 in

2118 3587 2373 3661 regione,
2407 3587 2465 3643 in
2497 3603 2615 3659 qua
2644 3605 2758 3643 non
2793 3588 3118 3660 reperiatur
3138 3591 3473 3648 communio
3499 3593 3767 3649 Ecclesiae

2117 3677 2437 3748 catholicas,
2469 3677 2607 3750 quid
2642 3682 2879 3750 propter
2911 3678 3124 3736 festum
3160 3680 3273 3752 ipsi
3304 3683 3597 3754 agendum
3627 3685 3769 3740 est?

2118 3767 2270 3826 Num
2321 3783 2458 3823 cum
2510 3767 2802 3824 haereticis
2849 3771 3332 3839 communicabit,
3383 3789 3456 3828 an
3506 3774 3770 3828 manebit

2115 3857 2339 3928 absque
2367 3857 2782 3914 communione
2803 3858 2830 3913 ?

2185 3946 2358 4002 Resp.
2391 3945 2446 4002 Si
2476 3963 2758 4019 magnum
2791 3952 2847 4004 et
2893 3965 3070 4020 grave
3115 3954 3205 4006 est
3245 3951 3592 4023 periculum,
3640 3970 3769 4023 pro'

2113 4035 2302 4107 priam
2336 4052 2575 4092 uxorem
2609 4037 2877 4108 scortari,
2911 4044 2968 4094 et
2998 4055 3134 4095 cum
3168 4039 3280 4097 alio
3307 4059 3428 4097 rem
3453 4042 3689 4109 habere,
3715 4044 3764 4099 si

2111 4122 2197 4177 vir
2226 4122 2302 4178 sit
2335 4124 2392 4178 in
2425 4125 2733 4196 peregrina
2762 4126 3028 4198 regione:
3062 4133 3282 4199 quanto
3314 4129 3509 4199 majus
3540 4134 3628 4185 est
3659 4145 3758 4201 pe-

2111 4212 2365 4268 riculum
2399 4218 2615 4268 rectam
2653 4213 2822 4269 fidem
2858 4217 3101 4286 prodere
3133 4226 3370 4290 propter
3391 4222 3761 4275 communio-

2111 4317 2244 4357 nem
2276 4317 2409 4356 cum
2441 4300 2726 4359 haereticis
2759 4301 3020 4360 habitam
3043 4303 3070 4358 ?
3095 4304 3602 4369 Quemadmodum
3623 4325 3760 4382 ergo

2113 4391 2213 4463 qui
2244 4408 2382 4446 suas
2417 4408 2636 4448 merces
2667 4392 2912 4464 cupiunt
2942 4395 3211 4464 vendere,
3245 4397 3504 4465 quandiu
3557 4398 3614 4452 in
3660 4415 3761 4454 ex-

2112 4484 2277 4535 terna
2307 4486 2609 4536 morantur
2637 4481 2890 4553 regione,
2925 4483 3186 4556 accipere
3215 4491 3489 4540 recusant
3521 4503 3622 4558 pro
3667 4478 3761 4543 re-

2111 4569 2208 4642 gio
2258 4571 2617 4626 numismate
2667 4577 2970 4628 externum
3023 4573 3364 4630 numisma:
3417 4575 3498 4631 ita
3559 4582 3618 4632 et
3691 4577 3764 4633 de

333 4663 446 4726 τῆς
480 4659 714 4733 Χριστοῦ
745 4661 1027 4721 κοινωνίας
1060 4661 1172 4735 χρή
1205 4657 1540 4734 λογίζεσθαι.
1570 4660 1641 4714 T6
1698 4661 1801 4735 γὰρ
1833 4658 2001 4713 εἰπεῖν

2130 4658 2324 4715 3hristi
2356 4660 2770 4718 communione
2801 4664 3160 4719 censendum
3192 4671 3297 4721 est.
3347 4665 3494 4721 Nam
3547 4666 3761 4725 Paulus

335 4738 453 4801 τον-
493 4747 853 4819 Ἀπόστολον,
885 4748 968 4804 ὅτι
1001 4773 1028 4800 ‹‹
1078 4749 1170 4811 Εἷς
1225 4747 1440 4824 Κύριος,
1489 4747 1579 4803 καὶ
1643 4747 1738 4820 μία
1797 4745 1998 4819 πίστις,

335 4835 434 4891 καὶ
492 4836 546 4891 ἓν
604 4838 902 4913 βάπτισμα,
941 4836 1265 4910 »ἐσήμανεν
1323 4833 1582 4912 ἀκριϐῶς,
1615 4835 1696 4891 ὅτι
1759 4837 1855 4909 μία
1911 4835 2000 4890 καὶ

339 4924 490 4998 μόνη
525 4925 576 4981 ἰν
605 4926 799 5001 κόσμῳ
841 4925 1079 5002 ἀψευδὴς
1133 4925 1364 5004 ὑπάρχει
1425 4925 1622 4997 πίστις,
1657 4927 1723 4994 ἣν
1774 4926 1807 4994 ἠ
1873 4923 2000 4996 ἁγία

333 5016 458 5087 (51)
487 5015 576 5069 καὶ
611 5014 752 5088 μόνη
785 5021 970 5090 κρατεῖ
1026 5013 1295 5084 καθολική
1352 5015 1441 5070 καὶ
1493 5011 1831 5082 ἀποστολική
1880 5014 1998 5067 Ἐκο

331 5101 565 5174 κλησία·
601 5105 692 5159 καὶ
747 5103 802 5158 ’ἐν
855 5105 1136 5180 βάπτισμα
1193 5103 1512 5176 καθαρτικὸν
1570 5103 1659 5158 καὶ
1720 5103 1996 5176 ἁμαρτιῶν

332 5190 702 5269 λυτρωτικὸν·
737 5193 825 5248 καὶ
860 5195 937 5256 εἷς
973 5192 1186 5270 Κύριος,
1217 5194 1244 5248 ὁ
1277 5194 1464 5267 Πατὴρ
1514 5191 1603 5246 καὶ
1650 5191 1677 5246 ὁ
1728 5190 1848 5253 Υἱὸς
1907 5192 1994 5245 καὶ

405 5373 452 5409 ⁸⁸
483 5373 652 5430 Deut.
685 5389 886 5442 xxnu,
917 5374 1010 5430 22.
1086 5373 1130 5410 ⁸⁷
1161 5373 1370 5431 Matth.
1405 5389 1503 5441 vn,
1535 5372 1628 5428 22.

413 5544 524 5617 (48)
555 5545 737 5600 Palat.
783 5546 838 5611 2,
888 5544 977 5598 καὶ
1036 5541 1292 5617 δυνάμεσι
1349 5540 1599 5617 ψεύδους,
1659 5539 1994 5617 δῆλονλ-ὅτι

330 5616 426 5671 καῖ
488 5635 632 5689 νεκρ.
687 5616 937 5682 Quaestio
989 5617 1110 5686 110,
1159 5615 1283 5684 111,
1335 5615 1998 5688 1’12,113,114,115θι

335 5691 466 5752 116,
501 5689 720 5745 absunt
748 5705 781 5743 a
813 5689 995 5744 Palat.
1027 5689 1080 5742 2.

415 5761 529 5833 (49)
558 5761 693 5833 Reg.
731 5761 782 5831 1,
815 5757 904 5814 καὶ
937 5759 1047 5835 ἐρεῖ
1075 5757 1280 5822 αὐτοῖς.
1310 5759 1483 5832 Editi,
1516 5757 1604 5814 καὶ
1636 5755 1808 5836 λέγω,

1702 5372 1746 5406 ⁸³
1774 5370 1952 5428 Marc.
1985 5387 2042 5442 x,
2071 5370 2162 5427 52.

2109 4747 2273 4804 hisce
2324 4747 2535 4820 verbis,
2591 4773 2617 4800 «
2654 4749 2816 4806 Unus
2866 4752 3168 4821 Dominus,
3222 4761 3279 4809 et
3319 4771 3437 4810 una
3488 4755 3656 4821 fides,
3705 4761 3764 4812 et

2111 4855 2296 4893 unum
2332 4837 2629 4909 baptisma
2657 4840 2720 4908 ⁸ο,
2748 4863 2775 4889 ι»
2798 4839 2952 4897 clare
2976 4841 3270 4914 significat
3295 4861 3469 4899 unam
3494 4851 3552 4900 et
3573 4844 3762 4900 solam

2111 4927 2173 4982 in
2205 4927 2426 4983 mundo
2455 4928 2743 4985 sinceram
2799 4947 2928 4986 esse
2977 4931 3176 5000 ﬁdem,
3229 4949 3403 5002 quam
3456 4939 3660 4990 sancta
3705 4939 3765 4990 et

2111 5015 2237 5071 sola
2271 5021 2429 5071 tenet
2462 5016 2749 5074 catholica
2778 5025 2835 5074 et
2863 5019 3190 5092 apostolica
3229 5021 3520 5078 Ecclesia:
3573 5038 3760 5078 unum

2109 5103 2251 5160 item
2305 5122 2434 5161 esse
2483 5107 2801 5178 baptisma,
2857 5127 2972 5181 quo
3031 5117 3270 5182 peccata
3320 5115 3651 5184 purgantur
3705 5119 3765 5167 et

2109 5193 2460 5265 expiantur:
2499 5213 2683 5252 unum
2729 5197 2983 5278 denique
3035 5198 3369 5272 Dominum,
3418 5201 3652 5256 Patrem
3703 5204 3762 5256 et

2238 5371 2284 5408 ⁶⁰
2314 5371 2527 5444 Ephes.
2563 5390 2638 5442 xv,
2670 5375 2725 5430 5.

2178 5543 2291 5686 (5οἐ
2320 5539 2519 5615 "Ann.
2556 5543 2730 5610 Editi,
2792 5541 2991 5613 ἄλλην.
3027 5545 3165 5615 Reg.
3195 5547 3252 5609 '2,
3288 5543 3448 5616 ἄλλῃ.

2178 5615 2260 5685 (51
2322 5614 2407 5670 Ita
2439 5615 2578 5686 Reg.
2609 5616 2666 5673 2.
2712 5617 2773 5671 In
2821 5615 2993 5672 editis
3023 5632 3177 5680 vero.
3208 5619 3301 5674 hic
3343 5634 3442 5673 mu

2104 5689 2128 5740 ι
2178 5614 2290 5741 (ῗ1)
2322 5614 2407 5670 Ita
2439 5614 2578 5687 Reg.
2609 5616 2666 5673 2.
2712 5617 2773 5671 In
2821 5615 2993 5672 editis
3023 5614 3177 5680 vero.
3208 5619 3301 5674 hic
3343 5614 3531 5673 multa
3579 5619 3754 5674 omit-

2133 5701 2209 5741 un
2242 5704 2329 5742 ur.
