4132 6376
322 436 436 497 667

1497 442 1560 501 S.
1612 439 2132 502 ATHANASIUS.
2167 474 2244 485 —
2270 439 2582 505 SPURIA.

3622 437 3749 499 668

323 569 535 627 Filium
567 576 624 627 et
652 570 933 644 Spiritum
966 577 1235 628 sanctum
1272 589 1421 629 esse.
1456 572 1564 639 Qui
1597 571 1680 629 ita
1699 589 1814 628 non
1839 587 1971 627 sen«

2104 570 2148 626 :6
2198 573 2351 648 ἅγιον
2406 575 2625 647 Πνεῦμα
2673 571 2925 649 ὑπάρχει.
2962 570 3064 629 Καὶ
3118 570 3147 626 6
3200 570 3277 645 μὴ
3335 568 3482 626 οὕτω
3527 574 3744 650 φρονῶν

323 660 397 717 tit
424 664 578 717 errat
606 661 868 717 omnino.

399 752 623 816 Qums'r.
658 749 851 806 CXIII.
882 750 1092 823 Magna
1120 754 1177 807 et
1207 750 1452 807 celebris
1494 754 1672 824 atque
1702 750 1979 807 omnibus

330 840 449 896 fere
477 838 719 913 vulgata
747 840 994 911 quaestio
1023 843 1132 909 est,
1159 846 1356 896 utrum
1391 840 1704 896 dicendum
1738 839 1818 896 sit
1862 844 1979 895 ter-

326 927 557 984 minum
589 928 805 984 habere
834 928 1011 983 vitam
1032 927 1312 995 hominis,
1346 945 1525 985 necne
1556 930 1690 999 (52).
1722 929 1871 984 Nam
1927 927 1977 983 si

319 1018 611 1074 terminus
660 1022 769 1083 est,
822 1018 1117 1089 quomodo
1171 1018 1351 1072 David
1402 1019 1502 1083 ait,
1541 1041 1568 1067 ‹‹
1599 1019 1681 1073 Ne
1729 1019 1978 1074 reducas

320 1123 414 1163 me
451 1108 508 1162 in
541 1106 786 1161 dimidio
817 1107 1040 1161 dierum
1077 1124 1343 1163 meorum
1368 1108 1413 1147 ⁷⁸
1437 1110 1460 1162 Ρ
1486 1130 1513 1157 ››
1538 1107 1595 1161 Si
1614 1124 1747 1162 vero
1776 1106 1976 1162 nullus

319 1199 410 1253 est
438 1196 752 1263 terminus,
787 1195 1081 1268 quomodo
1136 1212 1343 1252 rursus
1396 1196 1570 1251 David
1622 1196 1724 1265 ait,
1767 1220 1802 1250 .‹‹
1837 1196 1976 1253 Ecce

317 1286 745 1343 mensurabiles
778 1285 1023 1357 posuisti
1074 1286 1199 1341 dies
1252 1302 1414 1342 meos
1446 1287 1485 1320 ⁷¹
1515 1286 1544 1340 ?
1574 1308 1602 1336 »
1652 1287 1878 1342 Rursus
1925 1286 1976 1341 si

316 1376 609 1431 terminus
639 1374 852 1447 aliquis
884 1381 991 1445 est,
1024 1376 1163 1446 quid
1198 1375 1289 1431 bis
1322 1376 1512 1431 verbis
1534 1375 1657 1430 vult
1678 1375 1974 1443 Salomon,

314 1488 342 1516 «
376 1470 460 1520 Ne
490 1465 574 1520 sis
604 1463 881 1529 crudelis,
914 1481 1104 1536 neque
1148 1463 1330 1537 impie
1380 1482 1522 1536 agas
1575 1463 1853 1534 multum,
1904 1482 1976 1521 ne

320 1554 593 1611 moriaris
615 1554 671 1607 in
702 1557 964 1625 tempore
994 1570 1108 1609 non
1142 1560 1244 1609 tuo
1274 1553 1320 1588 ⁷²
1344 1553 1371 1608 ?
1402 1577 1423 1605 ι
1462 1553 1519 1609 Si
1551 1554 1736 1625 igitur
1785 1558 1977 1627 potest

323 1643 457 1717 quis
480 1642 627 1699 mori
656 1643 713 1697 in
737 1647 1001 1714 tempore
1022 1659 1133 1697 non
1160 1643 1594 1715 suo,quomodo
1615 1643 1973 1716 quibusdam

322 1732 513 1806 placet
541 1731 734 1787 dicere
764 1733 1012 1787 mortem
1045 1731 1388 1787 hominibus
1416 1732 1641 1797 induci,
1681 1749 1813 1787 cum
1864 1732 1974 1787 im-

316 1820 453 1894 pleti
489 1820 706 1877 fuerint
734 1820 867 1875 vitae
916 1819 1206 1875 termini?
1251 1821 1554 1885 Quomodo
1607 1820 1880 1877 similiter
1919 1825 1978 1877 et

318 1910 580 1968 Ezechiae
798 1913 855 1965 et
884 1908 1162 1965 Ninivitis
1200 1908 1382 1964 vitam
1434 1908 1591 1965 Deus
1642 1909 1975 1982 petentibus
2006 1938 2056 2002 B

321 1998 657 2074 prorogavit
676 1998 705 2054 ?

397 2089 568 2144 Rssr.
603 2088 754 2143 Fons
782 2086 883 2143 ille
904 2086 1206 2160 sapientiae
1231 2103 1637 2160 magnumque
1654 2104 1756 2143 vas
1772 2087 1978 2159 cogni-

322 2177 504 2234 tionis
524 2176 745 2233 Paulus
763 2175 1066 2249 apostolus
1105 2176 1227 2232 haec
1263 2177 1334 2233 ad
1372 2176 1703 2234 Corinthios
1733 2177 1975 2233 scribit:

328 2290 358 2319 (ι
391 2265 499 2332 Qui
530 2265 685 2322 enim
718 2265 961 2339 indigne
992 2264 1311 2321 manducet
1340 2281 1551 2339 panem
1575 2268 1632 2321 et
1659 2265 1808 2322 bibit
1837 2283 1978 2323 san-

333 2355 573 2430 guinem
606 2354 863 2422 Domini,
885 2353 1183 2427 judicium
1216 2353 1328 2409 sibi
1361 2355 1681 2410 manducat
1711 2359 1767 2411 et
1795 2354 1977 2411 bibit:

328 2444 578 2518 ideoque
607 2444 763 2499 inter
791 2460 894 2500 vos
924 2442 1096 2499 multi
1125 2442 1756 2499 inﬁrmietimbecilles
1773 2447 1831 2499 et
1852 2445 1983 2500 dor-

324 2534 523 2591 miunt
552 2532 723 2590 multi
751 2534 818 2588 ’²³.
849 2552 876 2585 ι
932 2533 1228 2589 Attendite
1278 2532 1613 2605 diligenter.
1663 2533 1810 2597 Quia
1854 2549 1980 2602 vos,

324 2625 540 2696 inquit,
572 2625 812 2697 indigne
844 2627 913 2681 ad
935 2625 1414 2682 communionem
1440 2624 1742 2694 acceditis,
1764 2624 1981 2681 idcirco

333 2714 634 2772 morimini
667 2714 871 2784 multi;
905 2719 1079 2787 atque
1109 2717 1253 2772 adeo
1284 2715 1331 2771 si
1357 2715 1531 2788 digne
1552 2715 1983 2770 cemmunicas-

331 2808 483 2873 sent,
514 2808 656 2860 tunc
687 2819 802 2860 non
834 2802 1089 2860 fuissent
1119 2800 1428 2860 horituri.
1477 2802 1625 2868 Quid
1667 2804 1794 2874 jam
1843 2817 1983 2875 ergo

331 2893 588 2967 amplius
635 2894 955 2950 terminum
1006 2894 1136 2949 vita:
1181 2893 1523 2966 quaerimus,
1575 2910 1752 2966 quem
1810 2893 1983 2949 nobis

334 2982 505 3040 multi
539 2983 867 3055 objiciunt?
896 3007 923 3035 ‹‹
959 2984 1186 3040 Rursus
1216 2983 1287 3039 ad
1313 2982 1552 3057 Eliphaz
1571 2983 1982 3039 Themanitem

326 3070 480 3129 dixit
512 3073 688 3129 Deus:
724 3094 755 3124 «
786 3071 1046 3129 Peccasti
1072 3076 1159 3143 tu,
1193 3075 1250 3128 et
1278 3071 1393 3128 duo
1426 3072 1598 3128 amici
1629 3072 1741 3140 tui,
1772 3077 1828 3129 et
1856 3072 1984 3128 sine

332 3162 445 3220 Job
500 3177 667 3220 servo
721 3178 851 3219 meo
901 3179 1006 3218 vos
1074 3161 1507 3218 interemissem
1577 3163 1641 3217 π.
1678 3183 1708 3213 ››
1783 3162 1987 3234 Itaque

337 3256 577 3325 propter
603 3251 715 3308 Job
744 3252 1022 3307 virtutem
1053 3250 1167 3307 Deo
1201 3253 1498 3323 acceptam
1532 3267 1646 3306 non
1669 3255 1809 3307 sunt
1831 3267 1986 3308 mor-

341 3339 449 3409 tui,
481 3343 827 3396 nonautem
875 3340 1028 3410 quod
1079 3354 1195 3394 non
1240 3338 1547 3395 absolutus
1593 3342 1749 3395 esset
1788 3339 1989 3395 termi-

343 3444 456 3485 nus
484 3428 614 3485 vitm
645 3428 931 3499 ipsorum.
962 3426 1064 3482 Sin
1095 3431 1316 3495 autem,
1349 3431 1414 3483 ut
1442 3426 1797 3499 quibusdam
1830 3429 1994 3485 vide-

342 3523 461 3585 tur,
494 3517 710 3588 praefixi
743 3520 885 3572 sunt
913 3520 971 3571 et
997 3515 1223 3572 deﬁniti
1247 3516 1373 3574 dies
1388 3516 1848 3588 hominis,nemo
1869 3518 1992 3590 jam

342 3607 407 3663 in
429 3606 684 3679 peccatis
704 3605 1029 3662 moriturus
1059 3607 1130 3662 ad
1156 3610 1391 3664 sanctos
1412 3607 1567 3664 viros
1588 3608 1905 3677 accederet,
1931 3610 1997 3662 ut

345 3696 529 3752 vitam
580 3700 639 3751 et
666 3694 1104 3753 conversionem
1137 3695 1251 3752 sibi
1280 3712 1315 3751 a
1357 3700 1473 3752 Deo
1516 3699 1772 3768 peteret:
1820 3712 1993 3752 nemo

344 3786 530 3841 Deum
562 3800 665 3857 pro
694 3783 1016 3841 liberorum
1065 3784 1184 3840 vita
1224 3788 1476 3858 rogaret.
1524 3784 1749 3857 Quippe
1789 3783 1993 3840 termi-

346 3891 481 3943 nus,
515 3873 808 3931 terminus
837 3878 946 3945 est,
1007 3872 1293 3946 nihilque,
1343 3874 1670 3930 secundum
1723 3873 1856 3930 illos
1909 3872 1995 3929 illi

348 3968 543 4037 potest
572 3963 728 4020 addi.
762 3967 876 4019 Cur
904 3979 1041 4037 ergo
1070 3963 1371 4037 Scriptura
1401 3963 1688 4036 praecipit,
1712 3986 1742 4014 ‹‹
1765 3963 1997 4019 Honora

346 4056 572 4126 patrem
593 4056 764 4108 tuum
787 4055 844 4108 et
864 4060 1109 4108 matrem
1134 4059 1315 4122 tuam,
1340 4057 1405 4109 ut
1434 4052 1516 4109 sis
1536 4053 1835 4125 longaevus
1854 4054 1899 4088 ⁷⁸
1917 4052 1945 4108 ?
1966 4074 1995 4104 υ

346 4141 551 4212 Itaque
583 4140 873 4196 terminus
903 4140 1032 4196 vita:
1077 4140 1357 4212 hominis,
1417 4145 1508 4197 est
1549 4140 1821 4199 voluntas
1875 4141 1995 4210 Dei,

348 4229 449 4302 qui
481 4230 607 4286 dies
638 4228 801 4286 addit
820 4230 914 4286 cui
944 4229 1215 4297 voluerit,
1256 4231 1447 4286 aufert
1501 4247 1636 4287 vero
1668 4248 1702 4287 a
1736 4248 1852 4305 quo
1900 4248 2000 4287 au-

346 4318 487 4378 ferri
518 4318 776 4387 libuerit,
812 4320 1010 4375 omnia
1049 4320 1119 4375 ad
1172 4319 1641 4393 uniuscujusque
1678 4320 1997 4378 utilitatem

353 4425 553 4489 ageps.
582 4410 663 4464 Ac
683 4409 1182 4481 quemadmodum
1207 4408 1400 4482 gregis
1420 4410 1868 4481 dominus,cum
1898 4427 2001 4467 vo-

354 4499 551 4566 luerit,
584 4498 770 4554 mittit
797 4503 858 4555 et
886 4501 1131 4556 accersit
1160 4515 1307 4571 quas
1345 4498 1597 4555 voluerit
1624 4516 1759 4556 oves
1784 4516 1798 4569 ;
1831 4500 1910 4556 ita
1947 4505 2005 4557 et

358 4592 512 4644 Deus
542 4603 605 4644 se
634 4603 772 4661 erga
799 4588 1071 4645 homines
1102 4587 1272 4661 gerit,
1300 4591 1557 4660 tuncque
1589 4605 1749 4645 mors
1780 4588 2004 4645 homini

2088 662 2451 734 πεπλάνηται.

2160 752 2347 826 Ἐρώτ.
2384 753 2506 830 ριγ’.
2535 752 2606 808 Τὸ
2640 752 2781 828 μέγα
2816 751 2905 807 καὶ
2954 748 3439 827 πολυθρῦλλητον,
3469 750 3560 806 καὶ
3611 769 3748 826 σχε-

2089 838 2180 897 δὸν
2230 843 2375 915 παρά
2419 844 2634 898 πάντων
2695 841 3026 915 ζητούμενον
3088 840 3215 916 ὅρον
3273 839 3503 912 θέλομεν
3562 839 3744 916 λέγειν

2088 927 2231 1007 ἔχειν
2264 933 2363 1001 τὴν
2395 936 2491 987 τοῦ
2516 931 2806 1008 ἀνθρώπου
2840 932 3008 1002 ζωὴν,
3039 932 3073 1000 ἢ
3108 928 3170 986 οὗ
3202 932 3355 1005 (52);
3388 930 3450 986 Εἰ
3486 929 3581 1003 μὲν
3631 928 3743 1004 γὰρ

2087 1021 2214 1097 ὅρος
2248 1020 2379 1093 ἐστὶ,
2409 1026 2525 1084 πῶς
2575 1040 2734 1099 φησιν
2770 1020 2798 1075 6
2835 1015 3000 1075 Δαϐὶδ
3040 1024 3119 1092 τῷ
3166 1024 3304 1091 Θεῷ.
3339 1043 3366 1071 α
3399 1020 3492 1088 Μὴ
3549 1017 3749 1094 ἀναγά-

2086 1132 2185 1186 γῃς
2222 1133 2287 1185 με
2312 1109 2363 1166 ἐν
2392 1110 2578 1183 ἡμίσει
2608 1110 2829 1185 ἡμερῶν
2857 1128 3001 1183 μους
3036 1133 3062 1161 ››
3095 1108 3141 1164 εί
3172 1105 3229 1163 δὲ
3259 1108 3360 1162 οὐκ
3388 1105 3528 1163 ἔστιν
3587 1106 3748 1183 ὅρος,

2085 1206 2201 1263 πῶς
2233 1200 2398 1255 πάλιν
2431 1201 2459 1256 6
2507 1199 2669 1261 αὐτὸς
2719 1197 2870 1274 λέγει
2904 1218 2917 1231 ο
2974 1221 3003 1250 ‹‹

2084 1291 2181 1352 τὰς
2212 1290 2423 1365 ἡμέρας
2458 1310 2583 1363 μου.
2622 1313 2643 1340 ι
2678 1288 2743 1346 Εἰ
2776 1285 2833 1343 δὲ
2863 1286 3027 1343 πάλιν
3058 1285 3186 1362 ὅρος
3236 1284 3370 1353 ἐστὶ,
3399 1289 3515 1347 πῶς
3564 1286 3593 1341 6
3635 1292 3748 1340 Σο-

3064 1195 3205 1255 Ίδοὺ
3257 1195 3559 1260 παλαιστὰς
3618 1193 3753 1261 ἔθου

2087 1377 2277 1451 λομών
2311 1398 2461 1458 φησι·
2501 1402 2529 1431 ι(
2561 1379 2651 1447 Μή
2684 1377 2836 1453 γίνου
2887 1376 3152 1448 σκληρὸς,
3196 1373 3337 1449 μηδὲ
3396 1370 3593 1443 ἀσεϐὴς
3652 1373 3749 1429 ἐπὶ

2085 1466 2372 1535 πολῦ,’ίνα
2425 1468 2501 1540 μὴ
2552 1465 2823 1541 ἀποθάνῃς
2855 1465 2907 1521 ἐν
2959 1465 3020 1521 οὐ
3072 1470 3249 1541 καιρῷ
3304 1485 3425 1521 σου.
3460 1491 3487 1516 ››
3525 1464 3585 1521 Εἰ
3647 1462 3747 1519 οὖν

2084 1554 2223 1612 ἐστιν
2253 1556 2304 1612 ἐν
2342 1556 2403 1612 οὐ
2434 1561 2609 1633 καιρῷ
2640 1557 2945 1623 ἀποθανεῖν,
2972 1559 3089 1617 πῶς
3138 1575 3277 1609 τισιν
3327 1550 3476 1626 ἔδοξε
3534 1551 3743 1628 λέγειν,

2085 1644 2167 1701 ὅτι
2199 1645 2416 1701 θάνατοι
2466 1645 2779 1721 ἐπάγονται,
2826 1649 2933 1699 τῶν
2978 1642 3118 1720 ὅρων
3167 1649 3269 1712 τῆς
3322 1648 3468 1712 ζωῆς
3515 1641 3751 1718 πληρω-

2086 1736 2324 1803 θὲντωνς
2360 1738 2482 1797 Πῶς
2516 1732 2573 1790 δὶ
2615 1735 2704 1789 καὶ
2757 1738 2835 1802 τῷ
2863 1732 3090 1805 .Ἐζεκίᾳ
3137 1731 3229 1787 καὶ
3274 1736 3391 1795 τοῖς
3439 1730 3751 1795 Νινευῗταις

2090 1826 2234 1895 ζωὴν
2268 1825 2296 1880 6
2323 1824 2453 1887 Θεὸς
2485 1822 2872 1897 αἰτησαμένοις
2899 1823 3234 1899 προσέθηκεν
3263 1840 3277 1892 ;

2157 2092 2351 2150 Ἀπόκ.
2384 2094 2446 2151 Ἣ
2476 2095 2576 2162 τὴς
2627 2091 2816 2171 σοφίας
2863 2090 3042 2167 πηγὴ,
3070 2089 3134 2145 τὸ
3181 2090 3319 2165 μέγα
3370 2085 3589 2164 δοχεῖον
3640 2095 3743 2157 τῆς

2087 2185 2360 2259 γνώσεως,
2395 2181 2607 2245 Παῦλος
2637 2184 2665 2237 6
2697 2179 3026 2250 ἀπόστολος,
3059 2179 3195 2253 πρὸς
3245 2177 3562 2253 Κορινθίους
3609 2179 3742 2254 γρά-

2088 2293 2203 2350 φων
2238 2271 2421 2350 φησίν·
2459 2295 2487 2323 ‹‹
2519 2272 2575 2325 '0
2604 2272 2704 2347 γὰρ
2751 2268 2977 2340 ἀναξίως
3035 2266 3226 2332 ἐσθίων
3278 2267 3371 2323 τὸν
3431 2268 3592 2340 ἄρτον
3652 2268 3744 2322 καὶ

2089 2361 2261 2417 πίνων
2290 2361 2353 2416 τὸ
2384 2362 2522 2433 αἷμα
2576 2364 2671 2415 τοῦ
2726 2358 2949 2435 Κυρίου,
2982 2361 3153 2432 κρῖμα
3212 2357 3386 2428 δαυτῷ
3435 2353 3596 2412 ἐσθίει
3653 2356 3743 2411 καὶ

2089 2450 2255 2506 πίνειο
2286 2450 2376 2506 καὶ
2408 2447 2498 2505 8ιά
2523 2453 2686 2505 τοῦτο
2717 2447 2768 2504 ἐν
2805 2448 2934 2522 ὑμῖν
2975 2444 3182 2502 πολλοὶ
3228 2446 3466 2509 ἀσθενεῖς
3516 2444 3608 2500 καὶ
3656 2444 3746 2522 ἆῤ-

2093 2540 2291 2618 ῥωστοι
2355 2541 2445 2595 καὶ
2514 2539 2811 2613 κοιμῶνται
2883 2535 3105 2594 ἱκανοί.
3159 2559 3187 2587 ››
3236 2533 3548 2611 Προσέχετε
3614 2533 3745 2608 μετὰ

2091 2624 2408 2707 ἀκριϐείας.
2470 2628 2567 2684 Διά
2620 2628 2683 2683 τὸ
2753 2625 2999 2697 ἀναξίους
3075 2624 3218 2697 ὑμᾶς
3291 2619 3743 2699 μεταλαμϐάνειν,

2092 2718 2275 2798 φησὶν,
2308 2718 2677 2789 ἀποθνήσκετε
2734 2716 2785 2772 οἱ
2843 2711 3069 2771 πολλοί.
3100 2716 3261 2769 Ὥστε
3318 2711 3365 2768 εἶ
3406 2712 3571 2784 ἀξίως
3622 2733 3744 2785 μετ-

2091 2803 2424 2882 ελάμϐανον,
2457 2806 2557 2863 οὐκ
2587 2805 2646 2861 ἂν
2682 2805 3017 2875 ἀπέθνησκον
3056 2802 3199 2858 τότε.
3235 2802 3332 2858 Καὶ
3390 2805 3499 2857 ποῦ
3553 2800 3739 2857 λοιπὸν

2095 2902 2361 2972 ζητοῦμεν
2392 2898 2483 2953 τὸν
2518 2895 2642 2973 ὅρον
2673 2902 2774 2965 τῆς
2806 2896 2950 2964 ζωῆς
2995 2894 3085 2948 τὸν
3130 2892 3277 2967 παρά
3321 2888 3555 2952 πολλοῖς
3606 2891 3737 2961 ἡμῖν

2091 2982 2548 3062 προϐαλλόμενον
2575 3005 2590 3054 ;
2621 2983 2794 3041 Πάλιν
2841 2984 2976 3059 πρὸς
3020 2982 3111 3037 τὸν
3144 2979 3375 3058 Ἐλιιράζ
3422 2979 3510 3034 τὸν
3561 2985 3732 3050 Θεμα-

2092 3076 2246 3148 τίνην
2282 3076 2444 3155 φησὶν
2477 3076 2505 3130 6
2532 3072 2682 3136 Θεός·
2723 3098 2743 3124 ι
2776 3073 3055 3147 ’Ἠμαρτες
3102 3068 3164 3125 σὺ
3209 3069 3300 3125 καὶ
3350 3068 3399 3124 οἱ
3445 3065 3539 3123 δύο
3588 3064 3739 3155 φίλοι

2096 3187 2214 3238 σου,
2247 3166 2338 3221 καὶ
2371 3164 2416 3219 εί
2452 3164 2528 3238 μή
2580 3161 2668 3219 διὰ
2717 3155 2843 3220 Ἰὼϐ
2890 3161 2981 3216 τὸν
3030 3159 3334 3236 θεράποντα
3380 3178 3508 3232 μου,
3539 3154 3743 3231 ἒξωλό-

2101 3267 2296 3332 θρευσα
2354 3253 2413 3309 ἃν
2472 3254 2634 3326 ὑμᾶς.
2687 3275 2716 3303 ››
2764 3254 2925 3306 ’Ὠστε
3003 3247 3191 3318 διάτὴν
3274 3252 3373 3303 τοῦ
3433 3241 3556 3305 Ἰὼϐ
3614 3245 3748 3320 πρὸς

2101 3344 2228 3401 Θεὸν
2262 3343 2456 3418 ἀρετήν
2485 3342 2584 3399 οὐκ
2612 3341 2896 3409 ἀπέθανον,
2928 3338 3018 3394 καὶ
3046 3336 3108 3394 οὗ
3141 3335 3231 3393 διὰ
3281 3335 3345 3392 τὸ
3398 3337 3475 3409 μὴ
3526 3333 3753 3410 πληρω-

2098 3436 2256 3505 θῆναι
2271 3435 2383 3507 (53)
2398 3432 2489 3487 τὸν
2525 3429 2652 3506 ὅρον
2672 3432 2770 3500 τῆς
2794 3434 2937 3499 ζωῆς
2955 3426 3155 3484 αὐτῶν.
3170 3425 3233 3482 El
3257 3424 3336 3494 δὶ,
3353 3424 3431 3489 ὥς
3453 3446 3563 3480 τισι
3588 3421 3755 3491 δοκεῖ,

2100 3523 2448 3598 πεπηγμέναι
2483 3520 2587 3575 εἶσὶ
2633 3520 2723 3574 καὶ
2770 3518 3071 3595 ὡρισμέναι
3100 3517 3155 3572 αἱ
3186 3517 3392 3591 ἡμέραι
3422 3518 3520 3570 τοῦ
3552 3512 3755 3589 ἀνθρώ-

2103 3634 2231 3681 που,
2294 3607 2486 3685 μηδεὶς
2545 3606 2741 3664 λοιπὸν
2795 3606 2845 3663 ὲν
2905 3605 3157 3680 ἀνομίαις
3192 3602 3452 3678 ιμέλλων
3503 3602 3754 3672 τελευτᾷν

2104 3698 2276 3775 ἁγίοις
2353 3694 2577 3770 ἀνδράσι
2661 3692 2997 3771 προσδράμῇ
3076 3693 3220 3763 ζωήν
3280 3693 3372 3748 καὶ
3430 3691 3758 3769 ὲπιστροιρῆν

2104 3787 2268 3844 αὐτοῦ
2328 3785 2388 3842 ἐκ
2437 3789 2573 3842 Θεοῦ
2630 3783 2973 3855 αῗτήσασθαι·
3032 3779 3227 3857 μηδεὶς
3285 3781 3409 3859 περὶ
3454 3785 3599 3851 ζωῆς
3652 3784 3761 3835 τῶν

2104 3879 2296 3934 ἑαυτοῦ
2317 3877 2521 3931 τὲκνων
2546 3875 2637 3930 τὸν
2671 3873 2799 3929 Θεὸν
2833 3870 3149 3947 δυσωπήσῃ.
3183 3873 3242 3929 Ὀ
3282 3871 3385 3947 γὰρ
3431 3869 3581 3945 ὅρος,
3632 3868 3758 3946 ὅρος

2105 3966 2237 4036 ἐστὶ,
2267 3965 2360 4021 καὶ
2413 3966 2734 4040 προσθήκην
2789 3959 3049 4018 ἀδύνατον
3108 3958 3224 4016 κατ’
3255 3959 3452 4022 αὐτοὺς
3498 3960 3757 4035 γενέσθαι.

2105 4056 2204 4112 Καὶ
2263 4059 2381 4118 πῶς
2441 4074 2604 4133 φησιν
2655 4054 2690 4123 ἠ
2724 4053 2936 4130 Γραφὴ,
2971 4075 2998 4103 ‹‹
3054 4050 3201 4124 Τίμα
3255 4050 3346 4104 τὸν
3406 4047 3611 4124 πατέρα
3667 4069 3761 4102 σου

2106 4143 2195 4200 καὶ
2241 4145 2340 4214 τήν
2395 4144 2607 4217 μητερα
2655 4161 2772 4210 σου,
2808 4138 2959 4201 ὅπως
2991 4136 3085 4212 ἔσῃ
3119 4136 3495 4212 πολυχρόνιος
3529 4154 3543 4203 ;
3576 4159 3604 4187 »
3640 4134 3763 4208 ὅρος

2106 4232 2287 4290 τοίνυν
2323 4232 2435 4288 ἐστὶ
2449 4234 2518 4307 τῇ
2544 4233 2658 4305 ζωῇ
2672 4231 2789 4301 (54)
2799 4232 2897 4285 τοῦ
2917 4228 3207 4303 ἀνθρώπου
3228 4227 3263 4295 ἠ
3291 4223 3468 4303 βουλή
3490 4229 3588 4279 τοῦ
3609 4228 3764 4289 Θεοῦ,

2108 4322 2200 4379 καὶ
2249 4324 2403 4396 ᾧτινι
2458 4318 2739 4397 βούλεται,
2783 4317 3127 4394 προστίθησι,
3176 4315 3268 4371 καὶ
3314 4311 3439 4370 ἔνθα
3496 4316 3763 4388 σκοπῆσῃ,

2115 4409 2412 4490 ὑφελεῖται,
2444 4408 2614 4464 πάντα
2668 4412 2841 4463 ποιῶν
2892 4407 3031 4482 πρὸς
3074 4404 3137 4461 τὸ
3187 4404 3415 4460 ἑκάστου
3468 4403 3764 4480 συμφέρον.

2114 4500 2212 4556 Καὶ
2263 4497 2444 4573 ὥσπερ
2504 4498 2532 4552 6
2575 4494 2843 4567 δεσπότης
2892 4501 2992 4564 τῆς
3053 4492 3312 4566 ποίμνης»
3342 4490 3432 4548 ὅτε
3493 4490 3767 4567 βουληθῇε

2114 4585 2440 4645 ἀποστέλλει
2489 4586 2580 4641 καὶ
2624 4585 2797 4664 φέρει,
2844 4585 2932 4640 οἷα
2983 4582 3263 4659 βούλεται,
3305 4576 3574 4656 πρόϐατα·
3629 4578 3772 4636 οὕτω

360 4676 614 4745 advenit,
646 4692 781 4732 cum
813 4676 1100 4733 terminus
1131 4676 1261 4748 ejus
1291 4677 1419 4732 vita:
1452 4676 1778 4749 completus
1810 4678 1985 4734 fuerit

2113 4678 2203 4735 καὶ
2235 4677 2263 4732 6
2310 4677 2439 4739 Θεὸς
2487 4675 2575 4730 ἐπὶ
2630 4681 2738 4731 τῶν
2799 4673 3100 4751 ἀνθρώπων
3157 4677 3330 4739 ποιεῖ,
3361 4670 3452 4725 καὶ
3498 4669 3620 4725 τότε
3678 4669 3770 4725 ἐπ-

355 4767 524 4834 Nam,
554 4769 620 4821 ut
648 4768 821 4822 antea
849 4765 1070 4823 dictum
1102 4770 1209 4835 est,
1241 4768 1523 4823 terminus
1540 4766 2008 4840 uniuscujusque

352 4856 483 4911 vitis
509 4857 598 4911 est
616 4855 829 4926 jussus
857 4859 915 4911 et
941 4855 1214 4913 voluntas
1245 4854 1362 4913 Dei.

434 5129 665 5194 Qums'r.
748 5123 936 5182 CXIV.
1017 5124 1267 5192 Quidam
1374 5124 1713 5181 existimant
1813 5143 2012 5183 corru-

360 5220 598 5288 ptorum
660 5230 972 5288 corporum
1032 5215 1524 5271 resurrectionem
1583 5214 2013 5288 impossibilem

358 5305 599 5362 omnino
632 5320 782 5361 esse.
814 5303 1117 5370 Quomodo
1148 5304 1329 5376 enim,
1363 5303 1660 5377 inquiunt,
1696 5309 1799 5362 aut
1829 5306 2016 5362 unde-

358 5411 499 5451 nam
542 5397 808 5467 resurget
862 5409 1019 5464 caro,
1064 5408 1242 5465 quam
1300 5410 1454 5466 saepe
1512 5393 1819 5467 naufragio
1882 5394 2018 5450 sub-

2120 4770 2299 4845 άγεται
2349 4767 2377 4821 6
2424 4764 2648 4827 θάνατος
2680 4766 2759 4837 τῷ
2808 4762 3104 4839 ἀνθρώπῳ,
3148 4764 3243 4816 τοῦ
3291 4759 3443 4835 ὅρου,
3475 4756 3644 4837 ἤγουν
3676 4764 3773 4814 τοῦ

2118 4858 2323 4934 χρόνου
2369 4862 2469 4926 τῆς
2501 4860 2646 4925 ζωῆς
2680 4852 2867 4927 αὐτοῦ,
2900 4851 3309 4925 πληρωθέντος.
3341 4852 3504 4924 Ὅρος
3552 4869 3774 4925 τοιγαρ-

2119 4951 2239 5019 οῦν,
2298 4945 2375 5008 ὡς
2432 4941 2821 5021 προλὲλεκται,
2877 4944 2977 5011 τῆς
3037 4940 3263 4995 ἑκάστου
3333 4942 3482 5009 ζωῆς
3558 4937 3772 5009 ἐστινή

2119 5035 2367 5098 κέλευσις
2398 5033 2487 5089 καὶ
2520 5035 2554 5105 ἠ
2591 5032 2767 5109 βουλή
2798 5035 2896 5087 τοῦ
2928 5033 3083 5088 Θεοῦ.

2194 5125 2390 5200 Ἐρώτ.
2426 5120 2549 5201 ριδ’.
2582 5120 2911 5198 Ἀμήχανόν
2971 5140 3022 5175 τι
3080 5122 3311 5196 πρᾶγμα
3367 5122 3487 5181 τοῖς
3547 5116 3779 5181 πολλοῖς

2122 5215 2211 5271 καὶ
2265 5211 2521 5269 ἀδύνατον
2581 5212 2863 5285 νομίζεται
2918 5213 3024 5265 τῶν
3084 5206 3533 5285 καταφθαρὲντων
3592 5208 3785 5280 σωμά-

2121 5322 2228 5359 των
2282 5304 2317 5373 il;
2367 5303 2671 5363 ἀνάστασις.
2706 5304 2829 5362 Πῶς
2878 5300 3001 5377 γὰρ,
3037 5294 3224 5375 φησὶν,
3255 5294 3291 5364 ἢ
3341 5294 3502 5350 πόθεν
3553 5295 3785 5367 ἀναστή-

2126 5391 2336 5461 σεταιή
2389 5389 2540 5464 σὰρξ,
2571 5390 2638 5460 ἣν
2688 5387 2962 5451 πολλάκις
3016 5384 3395 5459 ναυαγήσασαν
3450 5382 3644 5462 ἔφαγον
3696 5386 3785 5461 χί-

436 5520 481 5555 το
512 5519 665 5576 Psal.
697 5537 772 5588 cx,
804 5520 895 5575 25.
970 5520 1015 5556 τι
1041 5517 1194 5576 Psal.
1217 5536 1453 5588 xxxvm,
1475 5520 1530 5575 6.
1605 5520 1651 5554 7’
1682 5519 1985 5587 Eccle.vn,

2163 5519 2208 5554 ’⁷³
2240 5518 2261 5572 Ι
2282 5520 2409 5572 Cor.
2430 5534 2506 5582 xi,
2527 5516 2729 5584 29,30.
2806 5516 2853 5551 ⁷⁸
2878 5513 3012 5570 Joh.
3035 5528 3172 5581 xm,
3194 5511 3250 5566 7.
3300 5511 3346 5546 ⁷⁸
3376 5511 3554 5567 Exod.
3578 5527 3672 5581 xx,
3699 5513 3785 5569 12.

443 5642 717 5717 (52)ᾉΗωο
773 5660 1052 5717 expressa
1108 5648 1250 5701 sunt
1303 5660 1372 5700 ex
1428 5643 1690 5717 Apologia
1747 5644 1811 5700 de
1848 5646 2018 5715 Fuga.

374 5720 517 5772 tom.
539 5715 594 5770 ⁷Ι.

2131 5644 2317 5786 ᾳθῗξέλ
2343 5711 2482 5786 Ριθεα
2513 5717 2614 5782 τῆς
2650 5715 2819 5783 ζωῆς.
2853 5711 3031 5781 Infra,
3064 5709 3242 5780 Idem,
3273 5704 3366 5762 καὶ
3395 5701 3521 5772 ἔνθα
3579 5704 3789 5766 κελεύει

441 5788 553 5861 (53)
594 5789 675 5844 Ita
720 5788 1126 5860 manuscripts.
1184 5791 1359 5845 recte.
1393 5787 1457 5843 In
1517 5786 1689 5845 editis
1746 5804 1878 5845 vero
1942 5807 1988 5860 μ·

2133 5784 2458 5862 ὑφαιρεῖταιῖ
