4132 6354
381 418 504 480 669

1342 401 1860 489 QUESTlONES
1907 416 2012 474 AD
2056 413 2517 474 ANTIOCHUM
2568 409 2858 473 DUCEM.

3686 404 3805 461 6Ἶο

387 553 500 610 λιοι
535 551 728 628 ἰχθύες
900 547 988 604 καί
1021 548 1182 606 πάλιν
1215 549 1340 612 τοὺς
1371 549 1591 625 χιλίους
1624 548 1814 624 ἰχθύας
1862 546 2040 624 χίλιοι

2175 563 2412 604 nersam
2477 545 2812 602 dovorarint
2888 542 3048 599 mille
3122 541 3332 615 pisces,
3402 558 3517 614 quo
3595 554 3804 593 rursus

387 640 601 716 ἄνδρες,
635 639 726 696 καί
757 639 884 701 τοὺς
913 638 1137 716 χιλίους
1169 637 1364 715 ἄνδρας
1397 637 1573 715 χίλιοι
1603 637 1814 700 λέοντες
1844 658 1856 708 ;

467 1000 661 1057 Ἀπόκ,
741 995 1121 1072 Ὁμολογεῖτε,
1198 998 1242 1050 ὦ
1320 996 1563 1069 ἀνόητοι,
1641 992 2048 1067 παντοδύναμον

396 1090 532 1145 εἶναι
563 1091 662 1158 τὴν
697 1093 793 1144 τοῦ
827 1086 1174 1161 δημιουργοῦ
1209 1093 1342 1142 Θεοῦ
1376 1086 1596 1154 οὐσίαν;
1634 1087 1853 1148 Πάντως
1887 1085 2055 1158 ἐρεῖτε

401 1179 482 1235 ὅτι
514 1179 619 1236 ναί.
654 1181 816 1233 ’Ὡστε
851 1178 1048 1249 μάθετε
1078 1171 1342 1251 ἀκριϐῶς,
1387 1177 1431 1230 ὦ
1464 1174 1709 1253 ἄφρονες,
1742 1174 1824 1230 ὅτι
1878 1194 1976 1248 περ
2028 1175 2055 1228 6

406 1269 464 1323 ἐκ
500 1273 596 1322 τοῦ
650 1268 724 1340 μὴ
777 1263 932 1328 ὄντος
985 1266 1058 1327 εἷς
1104 1265 1164 1320 τὸ
1224 1266 1355 1320 εἶναι
1409 1263 1735 1340 παρενέγκας
1785 1263 1914 1324 Θεὸς
1963 1263 2054 1317 τὸν

411 1357 711 1431 ἄνθρωπον,
765 1356 926 1418 αὐτὸς
987 1355 1209 1431 ἀρρήτῳ
1259 1354 1364 1409 τινὶ
1414 1354 1567 1430 Λόγῳ
1614 1355 1702 1409 καὶ
1753 1351 2056 1408 ἀναπλάσαι

417 1442 576 1501 αὐτον
613 1443 846 1502 δύναται.
879 1444 937 1499 Τί
988 1443 1089 1521 γάρ
1135 1443 1296 1513 ἐστιν,
1350 1443 1467 1498 εἶπέ
1521 1465 1636 1516 μοι,
1685 1443 2056 1516 εὐκοπώτερον

415 1540 494 1607 τῷ
543 1541 784 1611 κεραμεῖ,
831 1536 891 1589 τὸ
938 1533 997 1589 ἐκ
1051 1539 1146 1588 τοῦ
1201 1535 1275 1606 μὴ
1329 1531 1450 1595 ὄτος
1504 1533 1579 1595 εἷς
1630 1534 1691 1588 τὸ
1732 1532 1865 1587 εἶναι
1923 1552 2060 1604 παρ-

414 1630 652 1700 αγαγεῖν,
684 1625 743 1678 τὸ
774 1628 982 1692 σκεῦος,
1114 1624 1175 1678 τὸ
1225 1618 1502 1696 συντριῦέν
1555 1620 1729 1676 πάλιν
1788 1621 2062 1676 ἀνακαινί-

411 1731 538 1779 σαι;
574 1711 855 1786 Πρόδηλον
890 1711 1064 1768 ὅτιτὸ
1113 1711 1414 1768 ἀναπλάσαι
1463 1713 1524 1766 τὸ
1583 1712 1873 1786 γενόμενον
1927 1708 2062 1779 ἤδη,

411 1801 508 1854 κᾶν
543 1799 619 1862 είς
668 1799 854 1857 πολλά
905 1803 1043 1875 μέρη
1097 1799 1482 1876 δεεσκορπίσθη
1538 1802 1670 1874 (56).
1725 1802 1836 1857 Ἵνα
1887 1798 1943 1854 δῖε
1975 1799 2062 1854 καὶ

412 1893 613 1966 φυσικῇ
662 1911 769 1944 τινι
819 1889 1115 1962 ἀκολουθίᾳ
1163 1893 1483 1966 χρήσωμαι,
1531 1890 1621 1943 καὶ
1681 1886 2062 1962 ὑποδείγματι,

413 1977 596 2054 ὥσπερ
654 1979 857 2042 παντὸς
901 1985 999 2035 τοῦ
1050 1979 1137 2035 ἐπὶ
1186 1983 1290 2054 γῆς
1335 1979 1504 2054 πυρὸς
1552 1979 1641 2032 καὶ
1707 1981 1804 2046 τῆς
1856 1977 2061 2052 θέρμης

413 2069 565 2142 πηγὴ
625 2068 713 2122 καὶ
766 2068 888 2144 ῥίζα
937 2070 964 2124 6
1014 2067 1176 2139 ἥλιος
1239 2064 1494 2145 ὑπάρχει,
1552 2068 1641 2123 καὶ
1703 2063 2060 2141 σϐεννυμένης

416 2157 513 2228 μὲν
567 2156 821 2230 καμίνου,
873 2156 1104 2228 εὔδηλον
1155 2157 1240 2212 ὅτι
1282 2159 1316 2227 ἡ
1370 2156 1542 2233 θέρμη
1599 2156 1764 2227 αὐτῆς
1804 2157 1938 2233 πρὸς
1969 2158 2058 2211 τὸν

412 2244 577 2314 ἥλιον
607 2245 853 2322 ἀοράτως
886 2244 1170 2321 ἀνέδραμε·
1203 2245 1290 2301 καί
1339 2245 1503 2300 πάλιν
1553 2245 1864 2319 ἁπτομένης
1895 2246 2060 2315 αὐτῆς

412 2333 477 2389 ἐκ
527 2339 622 2389 τοῦ
658 2335 844 2406 ἡλίου,
897 2333 1065 2406 δῆλον
1119 2335 1199 2391 ὅτι
1249 2336 1310 2391 τὸ
1363 2340 1469 2412 πῦρ
1512 2335 1886 2412 παραγίνεται,
1917 2335 1978 2390 τὸ
2012 2334 2062 2406 ἐξ

411 2423 581 2494 αὐτῆς
613 2425 1003 2502 ἀναχωρῆσαν’
1043 2425 1186 2481 οὕτω
1212 2426 1301 2480 καὶ
1347 2425 1434 2480 ἐπὶ
1482 2431 1588 2480 τῶν
1638 2424 2063 2504 καταφθειρὸμέ-

409 2533 519 2566 νων
555 2515 824 2586 σωμάτων
859 2515 1213 2590 ἀνθρωπίνων
1242 2514 1330 2569 καὶ
1363 2513 1738 2586 διαλυομένων
1795 2535 1886 2587 μοι
1933 2513 2062 2584 νόη-

409 2623 529 2670 σον,
563 2603 645 2657 ’ὁτι
675 2623 775 2675 περ
803 2603 877 2666 είς
910 2603 1036 2666 ὅσας
1070 2604 1128 2658 ἂν
1163 2603 1386 2679 θηρίων,
1418 2605 1452 2673 ἢ
1501 2603 1731 2680 ἰχθύων,
1781 2606 1815 2673 ἢ
1863 2603 2062 2678 ὀρνέων

407 2693 676 2766 γαστέρας
736 2689 1062 2768 διαμερισθῇ
1125 2695 1152 2748 6
1211 2691 1516 2768 ἅνθρωπος,
1579 2693 1653 2755 εἷς
1713 2695 1780 2748 τά
1835 2695 2064 2766 τέσσαρα

409 2781 631 2843 πάντως
662 2788 910 2858 στοιχεῖα
939 2782 1247 2849 ἀναλύεται,
1280 2783 1368 2837 καὶ
1402 2783 1718 2858 ἀπέρχεται,
1751 2783 1802 2853 ἐξ
1851 2785 1923 2837 ὧν
1975 2782 2063 2837 καὶ

410 2871 704 2940 συνέστηκε
759 2872 895 2925 κατά
949 2871 1010 2926 τὸ
1074 2871 1169 2925 τοῦ
1219 2870 1384 2940 ⁸ἡλίου
1444 2869 1764 2948 ὑπόδειγμα.
1833 2871 1929 2927 Καὶ
1988 2871 2063 2934 εἰς

415 2960 514 3032 μέν
562 2961 627 3014 τά
677 2957 842 3014 ὕδατα
890 2960 1184 3036 ἀπέρχεται
1231 2961 1294 3015 τὸ
1347 2961 1525 3037 ὑγρόν·
1580 2963 1655 3024 εἰς
1707 2959 1765 3016 δέ
1811 2961 1901 3016 τὸν
1938 2961 2067 3035 ἀέρα

409 3049 477 3104 τὸ
527 3049 738 3124 ψυχρόν
790 3051 924 3124 (57)·
978 3050 1053 3112 είς
1110 3047 1168 3104 δὲ
1213 3051 1275 3104 τὸ
1305 3055 1412 3126 πῦρ
1448 3048 1729 3126 πρόδηλον
1761 3052 1820 3105 τὸ
1845 3045 2062 3124 θερμὸν⁶

415 3137 496 3199 εἷς
532 3135 589 3192 δὲ
619 3139 716 3207 τήν
771 3145 874 3214 γῆν
924 3137 1118 3194 λοιπὸν
1170 3140 1232 3194 τὸ
1281 3140 1460 3214 ξηρόν.
1513 3143 1607 3212 Τῷ
1643 3138 1731 3193 οῦν
1761 3145 1936 3217 καιρῷ
1966 3147 2066 3209 τῆς

413 3228 755 3289 ἀναστάσεως
791 3225 1032 3282 κελεύσει
1081 3233 1215 3282 Θεοῦ
1261 3229 1504 3302 ἀοράτως
1554 3226 1883 3284 ἀποδίδωσιν
1941 3229 2065 3284 ’ἐκα-

411 3336 540 3370 στον
584 3321 692 3371 τῶν
744 3316 1056 3392 στοιχείων,
1104 3315 1235 3391 ὅπερ
1313 3312 1505 3371 ἔλαϐεν
1553 3313 1919 3381 ἀποθανόντος
1967 3323 2064 3373 τοῦ
2092 3290 2134 3357 C

409 3406 704 3480 ἀνθρώπου
737 3409 870 3480 (58),
905 3407 993 3460 καὶ
1025 3407 1352 3481 προστρέχει
1384 3409 1418 3476 ἡ
1453 3408 1604 3482 ψυχὴ
1648 3406 1736 3461 καὶ
1789 3407 2061 3463 ἀνίσταται

409 3495 440 3548 6
475 3495 782 3568 ἄνθρωπος,
815 3495 889 3555 ὡς
941 3492 1054 3549 οἶδε
1089 3496 1254 3568 μόνος
1286 3496 1314 3549 6
1344 3494 1554 3556 πλάσας
1605 3496 1696 3550 τὸν
1753 3493 2061 3571 ἄνθρωπον,

410 3583 640 3657 σπαρείς
676 3585 771 3657 μὲν
802 3584 876 3646 εἰς
909 3590 1011 3658 γῆν
1046 3590 1240 3660 φθορᾷ,
1275 3579 1617 3660 ἐγειρόμενος
1649 3582 1706 3640 δὲ
1754 3584 1806 3640 ἐν
1858 3586 2061 3663 ἀφθαρ-

409 3672 522 3743 σίᾳ.
609 3673 766 3736 ’Ὸθεν
854 3672 941 3726 καὶ
1028 3672 1368 3747 Σαμαρείτας
1469 3672 1702 3728 ἐντεῦθεν
1792 3671 2063 3746 δυνάμεθα

409 3761 652 3837 ἐλέγξαι,
715 3760 798 3816 ὅτι
854 3765 1015 3816 τοῦτο
1065 3763 1126 3816 τὸ
1179 3767 1338 3834 σῶμα
1387 3761 1681 3833 ἀνίσταται,
1743 3763 1801 3817 ἐκ
1846 3769 1943 3817 τοῦ
1972 3763 2060 3818 καὶ

408 3850 608 3911 αὐτοὺς
661 3847 842 3924 ὣσπερ
891 3850 1011 3905 τινά
1057 3850 1251 3905 κόκκον
1301 3849 1389 3904 ἐπὶ
1418 3857 1519 3925 γῆς
1552 3850 1940 3926 κατακρύπτειν
1996 3853 2062 3907 τὰ

413 3941 667 4013 σώματα.
699 3939 902 3994 Τούτου
934 3940 1037 4016 γὰρ
1069 3940 1230 4016 χάριν
1263 3940 1290 3994 ό
1322 3941 1450 4001 Θεὸς
1496 3941 1585 3994 καὶ
1643 3940 1731 3995 ἀπ’
1763 3941 1943 4016 ἀρχῆς
1974 3939 2062 3996 διὰ

407 4032 521 4082 τῶν
580 4029 826 4103 πατέρων
903 4025 1266 4101 ένδμοθέτησε
1315 4027 1642 4088 σκάπτοντας
1700 4029 1847 4100 ἡμᾶς
1903 4049 2062 4083 κατα-

408 4117 666 4193 κρύπτειν
719 4118 787 4172 τά
841 4122 1110 4181 τεθνεῶτα
1157 4118 1387 4188 σώματα
1442 4115 1614 4182 ὅπως,
1681 4117 1772 4170 καὶ
1830 4114 1972 4172 ἄκων
2031 4119 2058 4172 ὂ

410 4206 693 4283 ἅνθρωπος
727 4206 981 4281 ὁμολογῇ
1013 4207 1114 4274 τὴθ
1144 4204 1448 4261 ἀνάστασιν.
1484 4211 1591 4259 Πᾶν
1632 4205 1734 4280 γὰρ
1783 4206 1844 4260 τὸ
1894 4205 1946 4260 έν
1992 4210 2058 4281 τῇ

409 4300 479 4373 γῇ
531 4297 616 4375 ὑφ’
664 4299 825 4369 ἡμῶν
885 4296 1234 4372 χωννύμενον
1308 4292 1538 4366 εὔδηλον
1594 4296 1676 4349 ὅτι
1738 4293 1820 4349 ἐπ’
1877 4294 2058 4350 έλπίδι

410 4388 750 4449 ἀναστάσεως
808 4387 1121 4462 κρύπτεται.
1181 4385 1249 4440 E7}
1305 4383 1362 4440 δὲ
1419 4385 1517 4440 οὐκ
1546 4382 1657 4440 ἔστι
1686 4390 1886 4463 νεκρῶν
1943 4385 2060 4440 ἀνά-

405 4497 617 4545 στασις,
675 4475 853 4537 καθὼς
910 4471 1172 4550 αἱρετικοὶ
1231 4473 1506 4550 λέγουσιν,
1568 4472 1752 4537 ἄδικος
1806 4475 1996 4531 λοιπὸν
2031 4477 2059 4531 6

405 4567 540 4627 Θεὸς
600 4565 967 4641 εὑρεθήσεται,
1028 4563 1275 4626 πολλοὺς
1347 4566 1440 4638 μὲν
1521 4563 1761 4627 δικαίους
1839 4565 2060 4621 ἐνταῦθα

2157 636 2318 692 mille
2350 636 2540 709 pisces
2573 634 2932 690 comederint
2965 633 3120 688 mille
3167 632 3454 697 homines,
3502 629 3600 701 qui
3645 628 3804 682 mille

2157 726 2428 781 homines
2481 729 2680 796 postea
2732 741 2766 779 a
2823 722 2982 778 mille
3031 721 3302 778 leonibus
3353 720 3569 776 fuerint
3626 718 3803 772 devo-

2159 816 2268 871 rati
2297 816 2344 870 ?.

2234 997 2409 1051 RESP.
2465 995 2617 1050 Num
2664 990 2952 1056 fatemini,
3005 1006 3036 1044 ο
3086 985 3302 1057 insani,
3355 985 3814 1056 omnipotentem

2164 1103 2294 1142 esse
2343 1085 2443 1140 Dei
2497 1082 2722 1156 opificis
2773 1079 3145 1136 essentiam?
3184 1076 3436 1132 Omnino
3486 1073 3819 1130 concedetis

2167 1181 2368 1248 Itaque
2403 1173 2633 1238 discite,
2667 1189 2698 1226 o
2731 1171 3102 1242 insipientes.
3137 1172 3316 1222 Deum
3343 1165 3440 1237 qui
3471 1162 3771 1218 hominem
3794 1178 3826 1216 e

2167 1264 2353 1321 nihilo
2387 1263 2524 1318 fecit
2557 1267 2618 1316 ut
2647 1264 2824 1325 esset,
2857 1261 3052 1331 ipsum
3085 1254 3365 1312 ineffabili
3422 1252 3678 1326 quadam
3731 1267 3821 1305 ra-

2171 1355 2328 1411 tione
2362 1352 2597 1408 reﬁcere
2649 1367 2843 1422 posse,
2889 1348 3036 1412 Quid
3091 1347 3270 1412 enim,
3323 1343 3555 1413 amabo,
3595 1339 3820 1395 facilius

2170 1449 2261 1500 est
2293 1444 2494 1516 ﬁgulo,
2526 1458 2627 1496 vas
2675 1457 2743 1494 ex
2773 1437 2960 1493 nihilo
3011 1437 3200 1492 facere
3255 1439 3320 1489 ut
3379 1431 3477 1503 sit,
3509 1448 3582 1487 an
3615 1428 3822 1484 contri-

2170 1538 2295 1590 tum
2330 1547 2566 1588 rursum
2617 1527 2901 1584 reﬁcere?
2932 1526 3091 1582 Cerie
3145 1523 3374 1579 facilius
3432 1525 3522 1576 est
3565 1537 3667 1575 vas
3692 1521 3816 1589 jam

2173 1626 2413 1687 factum,
2449 1621 2584 1676 licet
2617 1620 2675 1674 in
2709 1616 2930 1673 multas
2963 1619 3156 1689 partes
3187 1613 3542 1685 dispersum,
3564 1610 3823 1665 reﬁcere.

2173 1713 2248 1768 Ut
2279 1716 2472 1767 autem
2506 1707 2757 1764 naturali
2801 1706 2998 1778 aliquo
3040 1703 3242 1760 ordine
3273 1706 3330 1757 et
3376 1697 3643 1772 exemplo
3674 1701 3824 1768 utar,

2175 1799 2677 1875 quemadmodum
2710 1797 2868 1870 ignis
2907 1800 2963 1850 et
2993 1793 3224 1862 caloris,
3261 1791 3361 1864 qui
3410 1791 3469 1845 in
3517 1793 3672 1845 terra
3715 1789 3826 1854 est,

2095 1926 2142 1990 Β
2179 1894 2306 1948 fons
2336 1894 2392 1946 et
2419 1889 2584 1945 radix
2615 1891 2704 1943 est
2737 1885 2844 1957 sol,
2887 1888 3233 1956 constatque
3285 1879 3556 1938 exstincti
3607 1875 3826 1932 camini

2173 1982 2425 2038 calorem
2485 1979 2556 2033 ad
2628 1977 2810 2034 solem
2874 1972 3250 2030 invisibiliter
3324 1969 3551 2038 reverti,
3636 1981 3823 2038 eoque

2172 2087 2381 2127 rursus
2412 2084 2676 2132 accenso,
2711 2066 2906 2138 ignem
2941 2062 3040 2134 qui
3071 2063 3408 2126 recesserat,
3441 2075 3508 2115 ex
3539 2055 3660 2111 sole
3690 2061 3824 2110 rur-'

2173 2178 2276 2217 sus
2329 2157 2516 2214 redire
2571 2173 2583 2212 :
2643 2156 2724 2211 ita
2783 2159 2840 2209 et
2915 2153 2974 2208 in
3035 2151 3325 2222 corruptis
3392 2145 3818 2215 dissolutisque

2171 2249 2481 2306 hominum
2515 2245 2857 2318 corporibus
2888 2241 3147 2312 intellige
3179 2257 3192 2294 :
3226 2241 3281 2294 in
3316 2236 3659 2310 quorumvis
3693 2233 3818 2290 ani-

2174 2338 2443 2407 malium,
2497 2334 2745 2408 piscium
2799 2333 2886 2388 vel
2955 2331 3150 2387 avium
3220 2333 3451 2384 ventres
3519 2325 3823 2396 dispersus

2174 2429 2252 2484 sit
2281 2428 2480 2493 homo,
2513 2430 2708 2480 tamen
2742 2425 2802 2479 in
2833 2427 3083 2494 quatuor
3134 2419 3374 2474 omnino
3414 2416 3724 2483 elementa,
3757 2428 3827 2468 ex

2175 2517 2391 2589 quibus
2423 2519 2480 2571 et
2510 2518 2740 2570 constat
2769 2511 3010 2568 dissolvi
3041 2514 3097 2566 et
3126 2509 3309 2572 abire,
3351 2508 3524 2578 juxta
3578 2503 3823 2558 allatum

2175 2606 2318 2663 solis
2370 2603 2745 2674 exemplum;
2796 2601 2878 2656 ita
2927 2604 2990 2655 ut
3038 2598 3191 2670 quod
3247 2595 3557 2651 humidum
3607 2595 3716 2660 est,
3764 2592 3823 2645 in

2176 2711 2360 2767 aquas
2394 2694 2562 2748 abeat
2594 2709 2606 2747 :
2641 2691 2795 2762 quod
2827 2685 3196 2760 frigidum,in
3229 2700 3455 2752 aerem;
3490 2682 3644 2754 quod
3677 2679 3822 2736 cali-

2175 2784 2341 2849 dum,
2373 2784 2432 2838 in
2465 2783 2660 2854 ignem
2689 2797 2701 2834 :
2736 2780 2988 2850 denique
3019 2778 3174 2848 quod
3208 2775 3431 2830 siccum
3472 2777 3580 2842 est,
3615 2771 3672 2826 in
3704 2775 3822 2826 ter-

2175 2875 2534 2943 ram.ltaque
2563 2867 3008 2925 resurrectionis
3038 2868 3444 2936 tempore,Deo
3475 2862 3825 2932 imperante,

2177 2963 2413 3034 singula
2468 2960 2758 3014 elementa
2807 2955 3182 3010 invisibiliter
3241 2954 3488 3008 reddent
3537 2950 3822 3022 quidquid

2177 3069 2245 3107 ex
2293 3049 2571 3106 humanis
2628 3047 2973 3118 corporibus
3042 3042 3391 3116 acceperint,
3443 3043 3826 3109 accurretque

2179 3141 2394 3210 anima,
2429 3145 2600 3210 atque
2631 3137 2714 3193 ita
2740 3141 3006 3208 resurget
3054 3134 3251 3202 homo,
3285 3133 3458 3204 prout
3508 3128 3669 3186 solus
3700 3129 3828 3199 ipse

2178 3230 2338 3286 novit
2367 3229 2467 3301 qui
2500 3225 2772 3284 formavit
2817 3225 3139 3294 hominem,
3190 3220 3548 3278 seminatum
3581 3217 3820 3288 quidem

2171 3320 2230 3376 in
2262 3325 2420 3376 terra
2450 3319 2506 3374 in
2541 3316 3342 3389 corruptione,resurgentcm
3373 3327 3508 3368 vero
3540 3312 3597 3365 in
3633 3310 3822 3364 incor-

2171 3411 2462 3483 ruptione.
2491 3409 2854 3480 Quapropter
2883 3405 3019 3460 hinc
3063 3419 3295 3476 quoque
3341 3416 3660 3474 possumus
3689 3415 3823 3454 con-

2169 3500 2400 3556 vincere
2428 3496 2930 3567 Samaritas,quod
2964 3495 3072 3550 hoc
3103 3493 3256 3550 243
3289 3507 3502 3563 corpus
3533 3492 3824 3561 resurgat,

2172 3606 2242 3644 ex
2270 3605 2336 3644 eo
2369 3588 2521 3659 quod
2556 3587 2668 3659 ipsi
2701 3602 2965 3657 corpora,
3005 3583 3184 3638 veluti
3233 3582 3530 3654 quoddam
3572 3595 3821 3652 granum

2173 3679 2232 3734 in
2267 3682 2424 3734 terra
2454 3675 2840 3732 abscondant.
2877 3675 3064 3743 Hujus
3095 3672 3253 3727 enim
3305 3670 3385 3726 rei
3431 3668 3623 3743 gratia
3671 3669 3828 3724 Deus

2173 3767 2340 3822 initio
2370 3783 2472 3838 per
2503 3769 2733 3821 nostros
2762 3767 2958 3836 patres
2989 3763 3114 3833 lege
3165 3759 3432 3827 sancivit,
3484 3762 3550 3812 ut
3597 3760 3832 3812 mortua

2175 3873 2423 3928 corpora
2472 3859 2627 3912 terra
2675 3854 2888 3910 effossa
2933 3851 3306 3916 abderemus,
3359 3853 3422 3904 ut
3465 3847 3554 3904 vel
3609 3846 3830 3902 invitus

2174 3945 2349 4001 homo
2400 3944 2887 4001 resurrectionem
2954 3942 3223 3997 fateatur.
3300 3937 3594 4010 Quidquid
3666 3936 3824 3991 enim

2170 4033 2682 4100 teriaohruimus,
2734 4032 2793 4088 in
2845 4048 3010 4104 spem
3061 4026 3508 4085 resurrectionis
3566 4023 3821 4098 contegi-

2171 4141 2325 4179 mus.
2359 4125 2465 4178 Sed
2501 4123 2549 4178 si
2604 4121 2763 4178 nulla
2807 4130 2893 4177 est
2940 4124 3306 4176 mortuorum
3353 4115 3723 4184 resurrectio,
3757 4119 3824 4170 ut

2171 4211 2374 4267 volunt
2416 4211 2698 4279 hmretici,
2755 4216 2910 4266 certe
2958 4209 3219 4282 injustus
3282 4210 3430 4263 Deus
3477 4208 3820 4278 reperietur,

2171 4301 2388 4374 quippe
2420 4302 2520 4373 qui
2560 4299 2774 4356 multos
2815 4301 3012 4370 justos
3067 4297 3162 4352 hic
3211 4313 3505 4351 aerumnas
3558 4295 3676 4367 pati
3708 4298 3765 4350 et
3794 4311 3824 4349 e

2172 4391 2362 4446 medio
2388 4390 2514 4447 tolli
2549 4390 2725 4458 sinat,
2760 4388 2964 4444 multis
2999 4391 3193 4442 autem
3222 4385 3420 4457 impiis
3473 4389 3529 4440 et
3560 4388 3822 4456 peccato-

2171 4479 2334 4535 ribus
2366 4479 2593 4535 felicem
2621 4479 2826 4546 vitam,
2861 4477 3182 4532 liberorum
3214 4474 3465 4547 copiam,
3497 4478 3552 4529 et
3585 4489 3820 4545 prospe-

2171 4585 2296 4624 ram
2348 4569 2640 4624 fortunam
2693 4567 2992 4623 concedat.
3059 4565 3278 4620 Verum
3330 4579 3400 4618 ne
3451 4561 3820 4634 decipiantur

401 4651 826 4740 ταλαιπωρῆσαι
884 4651 979 4740 καί
1030 4653 1372 4728 ἀναιρεθῆναι
1432 4658 1612 4715 κακῶς
1667 4657 2055 4730 συγχωρήσας,

2175 4659 2465 4714 Samaritae
2500 4677 2512 4714 :
2554 4658 2664 4713 erit
2708 4657 2865 4713 enim
2919 4654 3235 4727 aliquando
3288 4651 3728 4708 resurrectionis
3760 4655 3820 4707 et

403 4741 650 4805 πολλοῖς
719 4739 776 4796 δὲ
852 4736 1063 4796 ἀσεϐέσι
1131 4741 1220 4796 καὶ
1279 4741 1630 4816 ἁμαρτωλοῖς
1683 4741 1908 4811 εὐζω’ίαν
1967 4743 2057 4799 καὶ

404 4831 675 4888 εὐτεκνίαν
756 4831 846 4885 καὶ
922 4829 1215 4905 εὐπραγίαν
1281 4827 1688 4905 δωρησάμενος,
1750 4830 1924 4886 Ἀλλά
1980 4851 2056 4904 μη

403 4920 798 4978 πλανάσθωσαν
859 4924 1210 4996 Σαμαρειτῶν
1282 4917 1470 4981 παῖδες
1547 4923 1678 4994 (59)·
1755 4916 1901 4975 ἔσται
1955 4923 2058 4997 γάρ

408 5032 550 5066 ποτε
576 5008 914 5071 ἀναστάσεως
964 5009 1054 5064 καὶ
1109 5008 1337 5084 κρίσεως
1395 5009 1604 5083 καιρὸς,
1665 5005 1813 5072 ὅπως
1871 5011 1961 5064 καὶ
2008 5012 2058 5065 οἱ

2162 4748 2375 4820 judicii
2405 4752 2663 4820 tempus,
2715 4751 2777 4801 ut
2827 4751 2885 4801 et
2931 4745 3011 4817 pii
3061 4743 3159 4816 qui
3208 4743 3302 4799 hic
3353 4743 3510 4799 mala
3553 4742 3818 4816 perpessi

2169 4841 2328 4904 sunt,
2362 4836 2594 4892 coronis
2632 4837 2926 4892 donentur
2957 4854 2970 4904 ;
3005 4835 3106 4906 qui
3139 4839 3334 4890 autem
3387 4831 3664 4889 fortunati
3697 4831 3819 4887 fue-

2169 4925 2290 4980 rint
2317 4925 2507 4997 impii.
2541 4930 2755 4982 esterno
2784 4926 2916 4998 igne
2949 4925 3008 4979 in
3041 4922 3256 4980 saecula
3285 4921 3636 4980 saeculorum
3661 4921 3820 4976 dam-

2170 5018 2406 5086 nentur,
2433 5016 2600 5086 juxta
2621 5016 2854 5087 justum
2887 5013 2988 5069 Dei
3011 5013 3329 5086 judicium.

408 5101 636 5156 ἐνταῦθα
666 5100 1140 5169 κακοπαθήσαντες
1172 5093 1406 5161 εὐσεϐεῖς
1441 5101 1845 5176 συεφανωθωσι,
1871 5101 1961 5155 καὶ
1993 5101 2045 5156 0i.
2075 5099 2240 5157 πάλιν
2272 5102 2704 5178 εὐημερήσαντες
2738 5098 2947 5164 ἀσεϐεῖς
2975 5106 3055 5174 τῷ
3085 5100 3290 5173 αἰωνίῳ
3321 5098 3450 5176 πυρὶ
3503 5098 3581 5160 εἷς
3632 5095 3827 5162 αἰῶνας

404 5189 620 5245 αἰώνων
651 5186 1102 5256 καταδικασθῶσι,
1134 5189 1270 5242 κατά
1296 5188 1359 5243 τὸ
1391 5185 1598 5243 δίκαιον
1630 5194 1801 5266 κρῖμα
1828 5194 1926 5245 τοῦ
1964 5195 2117 5247 Θεοῦ.

921 5298 1032 5350 Ποῦ
1111 5294 1377 5370 ὑπάγουσι
1447 5296 1516 5351 τὰ
1567 5295 1905 5352 τελευτωντα
1961 5319 2050 5353 πι-

475 5297 668 5370 Ἐρώτ,
730 5304 843 5370 pte"

477 5550 710 5633 (asins
739 5550 879 5633 flag.
913 5549 1180 5633 2,.recte.
1220 5548 1369 5604 Editi
1402 5563 1557 5620 vero,
1607 5547 1783 5623 χίλιοι
1833 5548 2052 5626 ἱχθύας,

401 5621 648 5679 omissis
677 5621 1068 5677 intermediis.

478 5693 877 5840 ἓῗὲιξὲἳνῆθε.
909 5695 964 5748 2.
1011 5691 1159 5747 Editi
1207 5707 1362 5757 vero,
1410 5689 1502 5745 καὶ
1551 5690 1628 5754 εἷς
1675 5689 1862 5748 πολλά
1919 5693 2056 5766 μέρη

2233 5303 2460 5368 Ωωεετ.
2495 5301 2650 5358 CXV.
2684 5302 2808 5368 Quo
2839 5301 3061 5357 vadunt
3109 5297 3426 5355 morientes
3474 5296 3674 5354 ﬁdeles
3725 5296 3816 5352 in-

2237 5554 2350 5623 (57)
2383 5553 2478 5610 Sic
2509 5571 2652 5608 mss.
2691 5559 2753 5609 In
2801 5552 2974 5608 editis
3021 5553 3136 5606 haec
3185 5551 3420 5619 desunt,
3476 5547 3551 5610 εἷς
3614 5545 3672 5602 δὲ
3727 5545 3817 5600 τὸν

2172 5622 2302 5698 ἀέρα
2333 5624 2542 5699 1660)!“
2547 5623 2659 5699 ρόν.

2242 5691 2356 5770 (68)
2386 5691 2481 5770 Sic
2505 5691 2654 5770 'Reg.
2775 5693 2948 5761 Editi,
2976 5695 3073 5747 106
3102 5691 3377 5770 σωματος.

2243 5756 2358 5839 (59)
2390 5769 2524 5841 Reg.
2557 5756 2632 5838 2:
2646 5767 2696 5822 οἱ
2733 5756 3063 5841 Σαμαρεῖται
3090 5756 3263 5818 καὶόῖ
3297 5761 3470 5817 αὐτῶν
3503 5756 3714 5821 παῖδες.
