4132 6356
353 427 474 492 673

1320 423 1834 501 QUzES'l‘lUNES
1881 429 1980 486 AD
2025 425 2482 492 ANTIOCHUM
2539 429 2828 496 unum.

3658 449 3774 511 6‘14

351 562 546 621 Ἀπόκ.
599 560 720 617 Ἐἀν
791 559 927 634 ἀνὴρ
981 560 1134 632 ἅγιός
1185 560 1326 615 ἐστιν
1371 562 1400 614 6
1447 561 1548 630 τὴν
1593 561 1860 633 τιμωρίαν
1924 560 2014 613 αν-

2199 563 2370 618 Ηεερ.
2421 566 2477 619 Si
2529 568 2615 622 vir
2663 577 2904 628 sanctus
2966 579 3056 630 est
3103 579 3203 648 qui
3256 583 3615 655 supplicium
3667 587 3770 641 ho-

350 654 558 727 θρώπῳ
590 647 944 720 ἀποστείλας,
989 646 1310 720 εὕδηλονὸτι
1347 647 1523 724 βουλῇ
1557 650 1669 722 (65)
1693 653 1825 703 Θεοῦ
1855 653 2015 702 τοῦτο

351 739 645 811 πεποίηκε.
701 739 800 793 Καὶ
851 737 933 798 τίς
993 732 1139 792 ἔσται
1195 736 1386 793 λοιπὸν
1433 738 1461 791 ὁ
1511 739 1607 806 τὴν
1660 737 1866 812 βουλήν
1920 741 2018 791 τοῦ

357 834 492 887 Θεοῧ
523 827 791 884 ἀναλῦσαι
828 825 1164 895 δυνάμενος;
1201 825 1353 895 Πλὴν
1396 825 1520 881 οὔτε
1568 826 1719 881 αὐτοὶ
1771 828 1822 880 οἱ
1872 828 2018 902 ἅγιοι

360 918 637 988 ἀλλήλοις
693 916 826 971 ποτε
869 913 1297 987 ἀντιπολεμοῦσι
1356 916 1712 992 γινώσκοντες
1771 913 1863 969 τὸν
1921 921 2020 983 τῆς

363 1008 577 1084 ἀγάπης
620 1004 718 1060 τοῦ
769 1005 1076 1076 πνεύματος
1128 1002 1447 1076 σύνδεσμον,
1478 1005 1567 1059 καὶ
1618 1004 1700 1058 ὅτι
1760 1003 1858 1058 οὐκ
1913 1004 2018 1057 εἷσ-

363 1097 646 1151 ακοῦσεται
680 1094 882 1170 Κύριος
917 1093 1096 1168 ἁγίου,
1128 1099 1225 1148 τοῦ
1275 1091 1344 1148 δι’
1376 1094 1546 1169 εὐχῆς
1594 1094 1853 1149 ἀναλῦσαι
1901 1094 2022 1166 βου-

367 1186 605 1259 λομένου
655 1183 832 1240 ἄλλου
884 1181 1038 1257 ἁγίου
1088 1182 1279 1258 εὐχήν.
1315 1179 1452 1240 Οὔτε
1507 1185 1608 1258 γὰρ
1654 1183 1857 1257 πρέπον
1909 1185 2023 1253 Θεῷ

370 1281 551 1342 τοῦτο,
580 1272 673 1328 ἕνα
737 1274 829 1345 μὲν
865 1272 1081 1345 θλίψαι,
1112 1271 1203 1326 ἕνα
1251 1271 1308 1326 δὲ
1356 1273 1656 1326 ἀναπαῦσαι
1702 1273 1892 1327 ἑαυτοῦ
1943 1284 2024 1334 θε-

380 1364 636 1440 ράποντα.
665 1363 816 1416 Ὅθεν
864 1361 957 1414 τὸν
1001 1361 1051 1414 ἐν
1107 1362 1350 1435 Κορίνθῳ
1397 1362 1762 1435 πορνε·3σαντα
1812 1359 2023 1420 Παῦλος

381 1454 408 1506 6
441 1450 606 1520 δήσας
635 1449 789 1509 αὐτὸς
819 1448 906 1503 καὶ
940 1446 1118 1503 ἔλυσε·
1152 1449 1240 1503 καὶ
1271 1449 1363 1503 τὸν
1415 1448 1642 1522 οὐρανὸν
1696 1449 1746 1503 ἐν
1799 1453 1866 1522 τῇ
1914 1450 2020 1504 Πα-

381 1539 508 1610 λαιᾷ
554 1541 689 1616 πρὸς
737 1534 996 1613 ἀϐροχίαν
1030 1536 1220 1600 Ἠλίας
1280 1535 1458 1608 ἔδησε,
1492 1539 1578 1592 καὶ
1620 1535 1810 1599 Ἠλίας
1854 1537 2022 1591 πάλιν

374 1627 554 1695 ἔλυσε,
586 1627 778 1701 καίπερ
809 1621 1034 1701 ἔχοντος
1078 1625 1200 1682 τότε
1247 1631 1343 1682 τοῦ
1394 1631 1528 1681 Θεοῦ
1577 1624 2024 1701 ἑπτακισχιλίους

643 1714 667 1733 η
881 1715 893 1735 3
987 1711 1010 1732 ν
1487 1720 1512 1729 ιι·
1626 1717 1634 1733 .0
1860 1716 1872 1734 \
1986 1716 1995 1731 1

374 1717 579 1792 ἁγίους,
614 1737 806 1778 οιτινες
840 1737 939 1770 ουκ
985 1719 1228 1788 εκαμψαν
1277 1716 1402 1790 γόνυ
1448 1738 1516 1789 τῃ
1563 1713 1733 1772 Βααλ.
1779 1723 1875 1769 Και
1928 1736 2026 1770 πα-

372 1804 484 1873 λιν,
521 1800 858 1878 ὑϐρισθέντος
913 1809 1011 1860 τοῦ
1067 1800 1190 1862 Ἰὼϐ
1252 1807 1352 1860 ὑπὸ
1407 1810 1516 1860 τῶν
1577 1806 1767 1860 ἑαυτοῦ
1823 1805 2026 1872 φίλων,

365 1893 528 1948 αὐτὸν
561 1893 857 1964 πεποίηκεν
892 1895 919 1949 ὁ
951 1894 1080 1956 Θεὸς
1112 1902 1466 1970 συγχωρῆσαι
1507 1894 1691 1956 αὐτοῖς
1738 1895 1800 1948 τὸ
1851 1895 2025 1969 ἁμάρ-

366 2003 541 2055 τημα,
575 1981 752 2058 λέγων
801 1983 1010 2050 αὐτοῖς,
1059 1982 1141 2038 ὅτι
1196 2008 1217 2034 ι
1275 1983 1573 2057 Πορεύεσθε
1618 1984 1752 2059 πρὸς
1800 1984 1889 2038 τὸν
1941 1987 2026 2037 θε-

373 2072 614 2148 ράποντά
667 2094 772 2144 μου
819 2067 966 2140 Ἰὼϐ,
1012 2072 1100 2126 καὶ
1157 2072 1500 2146 προσεύξεται
1577 2073 1701 2148 περὶ
1762 2074 1935 2145 ὑμῶν.
1995 2096 2022 2124 ››

370 2162 470 2215 Καὶ
522 2161 704 2237 ὥσπερ
754 2161 840 2216 ἐπὶ
888 2166 997 2216 τῶν
1041 2160 1204 2237 ἁγίων
1265 2161 1506 2238 ἀγγέλων
1580 2163 1680 2216 οὐκ
1738 2161 2024 2234 ἀντιπράτ-

367 2271 452 2304 τει
509 2247 695 2326 ἕτερος
752 2250 940 2326 ἑτέρῳ,
975 2250 1118 2305 οὕτω
1175 2252 1263 2305 καὶ
1323 2251 1410 2306 ἐπὶ
1467 2257 1574 2307 τῶν
1617 2251 1780 2327 ἁγίων
1811 2254 2022 2321 νοήσω-

369 2360 469 2413 μεν
480 2384 492 2397 .
1655 2352 1660 2356 ”

442 2426 639 2504 Ἐρώτ,
702 2429 823 2502 ριθ’.
874 2427 1039 2482 Πόθεν
1098 2429 1241 2491 τινες
1309 2429 1462 2506 φύσει
1520 2425 1792 2492 ἀϐιάστως
1851 2431 2023 2503 ὑπάρ-

367 2539 566 2595 χουσιν
601 2517 918 2591 ἐλεήμονες’
950 2520 1088 2581 τινὲς
1122 2517 1178 2574 δὲ
1208 2519 1372 2575 πάλιν
1407 2527 1644 2596 φυσικῶς
1697 2522 1826 2576 εἰσιν
1878 2520 2026 2594 ὠμοί

367 2630 430 2662 τε
462 2607 551 2663 καὶ
584 2607 923 2684 ἅσπλαγχνοι
956 2607 1030 2670 είς
1065 2609 1384 2682 μετάδοσιν,

451 2787 642 2842 Ἀπόκ.
692 2781 880 2848 Οὐδεὶς
941 2787 1042 2841 ὑπὸ
1101 2791 1232 2841 Θεοῦ
1286 2786 1567 2863 ἅνθρωπος
1631 2790 1817 2864 γέγονε
1873 2787 2026 2867 φύσει

374 2875 702 2948 ἀσυμπαθὴς
748 2875 836 2929 καὶ
887 2871 1255 2951 ἄσπλαγχνος·
1289 2877 1441 2954 φύσει
1490 2875 1546 2932 δὲ
1597 2877 1809 2950 μᾶλλον
1840 2879 1867 2931 ὁ
1900 2879 2028 2939 Θεὸς

368 2969 434 3020 τὸ
470 2964 821 3044 φιλάλληλον
851 2965 924 3028 εἰς
955 2967 1054 3034 τὴν
1097 2972 1191 3022 τοῦ
1242 2968 1529 3042 ἀνθρώπου
1578 2969 1762 3023 οὐσίαν
1815 2967 2025 3039 ἔθηκεν

373 3055 477 3110 οὐκ
525 3055 574 3110 ἐν
624 3059 693 3128 τῇ
740 3059 838 3108 τοῦ
887 3054 1174 3130 ἀνθρώπου
1225 3054 1281 3112 δὲ
1333 3057 1516 3130 μόνον,
1549 3057 1695 3112 ἀλλὰ
1741 3059 1831 3112 καὶ
1873 3058 1924 3113 ἐν
1957 3062 2024 3132 τῇ

372 3151 486 3201 τῶν
519 3143 737 3219 ἀλόγων
771 3146 861 3199 καὶ
893 3151 1166 3202 πετεινῶν.
1199 3150 1356 3210 "005v
1389 3147 1659 3211 πολλάκις
1692 3150 1778 3204 καὶ
1830 3149 1880 3218 ἐξ
1929 3148 2027 3203 ἁλ-

375 3233 568 3304 λήλων
604 3235 977 3308 χωριζόμενα,
1026 3235 1396 3309 στυγνάζουσι,
1427 3237 1518 3290 καὶ
1567 3238 1760 3312 βοῶσι,
1793 3237 1882 3292 καί
1928 3259 2026 3308 νη-

376 3323 646 3377 στεύουσι·
680 3324 800 3377 τινὰ
842 3322 898 3377 δὲ
941 3323 1030 3377 καὶ
1074 3321 1382 3397 δακρύουσι.
1419 3332 1688 3402 Κορωνῶν
1743 3325 1800 3382 δὲ
1853 3333 2024 3402 γένος,
2056 3305 2100 3372 C

372 3412 466 3465 καὶ
501 3413 700 3486 βρῶμα
731 3412 1000 3484 εὑροῦσαι,
1035 3412 1231 3474 εὐθέως
1262 3413 1516 3484 ἀλλήλας
1567 3419 1636 3489 τῇ
1689 3420 1842 3493 φωνῇ
1892 3415 2028 3492 κρά-

375 3507 530 3570 ζουσι
577 3503 711 3576 πρὸς
771 3499 1100 3574 μετάληψιν.
1155 3503 1251 3556 Καὶ
1302 3508 1418 3566 πῶς
1472 3504 1688 3577 λοιπὸν,
1744 3505 1859 3560 εἷπὲ
1910 3528 2025 3581 μοι⁹

373 3589 437 3644 οὔ
475 3587 739 3661 μέλλουσι
773 3588 959 3645 πολλᾶ
987 3591 1074 3645 καὶ
1104 3596 1210 3645 τῶν
1243 3591 1462 3667 ἀλόγων
1495 3597 1643 3667 ἡμᾶς
1667 3595 2026 3673 κατακρίνειν,

370 3679 502 3740 τοὺς
556 3680 671 3734 κατ’
705 3679 885 3734 εἰκόνα
917 3684 1048 3734 Θεοῦ
1097 3682 1427 3750 κτισθέντας,
1463 3683 1524 3738 οὗ
1580 3683 1738 3756 μόνον
1792 3683 1880 3740 διὰ
1929 3689 2028 3756 τὴν

374 3767 759 3842 ἀσπλαγχνίαν
811 3770 992 3840 ἡμῶν,
1024 3767 1170 3824 ἀλλᾶ
1220 3771 1307 3825 καὶ
1358 3770 1447 3827 διὰ
1493 3775 1592 3843 τήν
1653 3774 1864 3850 ἄγνοιαν
1915 3779 2030 3846 (66)

373 3856 468 3912 καὶ
498 3855 817 3920 ἀκολασίαν,
850 3859 910 3926 ἣν
946 3854 1145 3932 ἔχομεν
1176 3880 1189 3927 ;
1225 3862 1432 3917 Ἐκεῖνα
1481 3863 1584 3937 γὰρ
1635 3864 1695 3918 οῦ
1742 3865 1907 3937 μόνον
1941 3865 2030 3941 ἄρ-

375 3967 464 4000 σεν
500 3946 721 4021 ἄρσενος
752 3946 826 4008 εἷς
857 3948 1137 4002 συνουσίαν
1167 3949 1277 4026 οὐχ
1326 3953 1567 4020 ἅπτεται,
1602 3951 1747 4009 ἀλλὰ
1796 3959 1885 4009 καὶ
1936 3955 2028 4010 αὗ-

372 4041 478 4104 τῆς
506 4040 606 4104 τῆς
637 4032 861 4105 θηλείας
892 4036 1025 4099 πρὸς
1062 4035 1248 4110 ὀλίγας
1277 4040 1366 4093 καὶ
1416 4041 1576 4112 μόνον
1631 4041 1837 4116 ἡμέρας
1888 4043 2030 4121 ἐφίε-

370 4144 484 4177 ται·
546 4123 668 4178 τινὰ
725 4121 782 4178 δὲ
838 4124 926 4179 καὶ
985 4126 1306 4202 χηρεύουσι.
1363 4128 1676 4202 Πλεονεξίαν
1737 4131 1836 4185 οὐκ
1894 4130 2028 4205 οἶδε,

375 4210 660 4287 λοιδορίαν
723 4215 783 4269 οὐ
839 4216 1199 4291 μετέρχεται.
1253 4217 1332 4274 Τὸ
1382 4215 1438 4272 δὲ
1484 4221 1895 4295 χαλεπώτερον,
1946 4221 2028 4278 ὅτι

373 4321 480 4377 περ
529 4303 646 4357 κατ’
694 4302 874 4358 εἶ’κόνα
920 4304 1010 4358 καὶ
1058 4306 1321 4378 ὁμοίωσιν
1392 4313 1526 4362 Θεοῦ
1588 4308 1889 4383 γενόμενοι,
1939 4311 2029 4367 καὶ

374 4391 570 4468 ἄρχειν
619 4392 834 4469 ἀλόγων
904 4395 1243 4472 τεταγμένοι,
1292 4394 1849 4475 παρασυνεϐλήθημεν
1913 4409 2030 4467 τοῖς

373 4485 595 4554 κτήνεσι
625 4490 742 4545 τοῖς
775 4485 1028 4554 ἀνοήτοις
1057 4487 1146 4540 καὶ
1180 4489 1552 4563 ὡμοιώθημεν
1586 4489 1794 4552 αὐτοῖς.

446 4571 640 4646 Ἐρώτ.
675 4575 773 4647 ρκ’.
811 4579 968 4628 Ποῖαι
1001 4573 1256 4630 πλεῖστον
1288 4576 1502 4633 πάντων
1539 4580 1720 4655 ἀρεταὶ
1768 4587 1890 4644 τοῖς
1940 4583 2030 4659 ἄρ-

370 4680 536 4738 χουσι
566 4663 834 4738 πρέπουσί
863 4685 923 4719 τε
955 4665 1044 4720 καὶ
1079 4666 1408 4742 ἁρμόζουσιν
1433 4689 1445 4740 ;

454 4841 644 4900 Ἀπόκ.
699 4845 808 4916 (67)
861 4845 1295 4921 Προηγουμὲνως
1352 4848 1415 4902 τὸ
1472 4849 1883 4921 συμπαθήτικὸν
1941 4852 2031 4908 καὶ

375 4927 791 5009 φιλάνθρωπον,
823 4934 890 4987 τὰ
920 4934 1008 4988 καὶ
1057 4933 1173 5006 Θεῷ
1219 4935 1554 5011 ὑπάρχοντα·
1585 4940 1695 4993 εἶτα
1744 4941 1806 4993 τὸ
1856 4941 2032 5013 ἀμνη-

379 5019 597 5075 σίκακον
654 5022 742 5075 καὶ
804 5023 1118 5096 ἀόργητον,
1178 5025 1268 5078 καὶ
1337 5023 1888 5102 ἀπροσωπὸληπτον,
1943 5031 2032 5085 καὶ

373 5103 821 5185 ἀδωροδόκητον,
854 5111 943 5165 καὶ
975 5112 1082 5186 πρὸ
1111 5113 1324 5169 πάντων
1357 5117 1419 5170 τὸ
1463 5116 1538 5189 μὴ
1591 5116 1857 5194 εὐχερῶς,
1893 5117 2034 5192 μηδὲ

450 5287 497 5324 ⁸ο
522 5287 631 5345 Job
663 5306 798 5356 xm,
828 5292 884 5347 8.
961 5292 1005 5329 ’ί
1039 5292 1190 5349 Psal.
1225 5311 1418 5361 XLVIII,
1452 5298 1537 5351 13.

455 5470 566 5541 (65)
610 5469 750 5597 Reg.
797 5469 1170 5557 2,.βουλὴσει.
1201 5477 1247 5531 Α
1290 5475 1552 5534 Palatino
1580 5477 1637 5545 2,
1677 5483 1735 5535 et
1764 5495 1798 5535 ο,
1827 5478 2038 5535 veteri-

455 5559 495 5596 IS
530 5542 694 5596 Latin
728 5559 756 5597 s
787 5546 960 5597 editis
991 5547 1207 5597 absunt
1235 5553 1443 5597 ausast-
1479 5550 1602 5597 118-
1641 5551 1869 5597 119-120
1910 5551 2034 5597 121-

381 5541 495 5619 bus
530 5541 960 5619 Latinls‘editis
991 5541 1207 5619 absunt
1235 5553 1443 5619 quaest.
1479 5550 1602 5616 118,
1622 5541 2034 5618 119,120,121,

375 5612 505 5692 122,
538 5615 660 5680 121,
695 5615 819 5684 125,
855 5617 978 5684 128,
1010 5618 1134 5690 129,
1172 5612 1292 5691 130,
1344 5612 1628 5692 131,132,
1661 5612 1785 5690 133,
1819 5612 1921 5680 134
1979 5612 2036 5680 et

379 5685 569 5834 13(566)
601 5754 851 5834 Ἀγνοιαν
901 5760 1064 5819 deest
1095 5763 1153 5818 in
1204 5761 1342 5838 Reg.
1373 5764 1427 5820 2.
1479 5764 1654 5839 Infra,
1699 5765 1854 5822 idem
1903 5770 2036 5841 post

2129 652 2272 706 mini
2306 655 2461 709 244
2491 655 2757 722 immisit,
2793 664 3170 721 manifestum
3215 674 3305 725 est
3332 652 3430 728 Dei
3479 675 3780 733 voluntate

2129 740 2186 795 id
2213 742 2436 799 fecisse.
2470 746 2610 810 Quis
2633 764 2768 820 ergo
2821 753 3004 820 possit
3031 755 3127 810 Dei
3160 758 3516 816 voluntatem
3549 763 3774 820 irritam

2130 829 2316 886 facere
2333 833 2359 886 Ῥ
2392 833 2599 888 Verum
2635 853 2738 891 nec
2768 838 2878 906 ipsi
2910 845 3095 897 sancti
3129 847 3238 899 sibi
3293 849 3539 906 invicem
3570 855 3777 908 adver-

2130 926 2340 974 santur
2372 939 2504 975 cum
2541 940 2650 976 non
2690 927 2956 996 ignorent
2988 933 3280 988 vinculum
3315 932 3617 996 charitatis
3658 942 3780 1012 spi-

2131 1007 2300 1076 ritus,
2353 1027 2541 1081 neque
2572 1030 2604 1066 a
2636 1014 2882 1070 Domino
2926 1023 3262 1078 exauditam
3308 1025 3376 1079 iri
3425 1045 3780 1099 quemquam

2132 1103 2422 1166 sanctum,
2459 1103 2555 1170 qui
2581 1119 2690 1157 sua
2716 1108 2977 1162 oratione
3011 1110 3146 1163 velit
3165 1113 3314 1168 alius
3338 1119 3522 1170 sancti
3557 1120 3781 1175 irritam

2132 1187 2374 1242 reddere
2417 1190 2761 1246 orationem.
2795 1193 2908 1250 Nec
2957 1199 3113 1252 enim
3157 1201 3271 1257 Deo
3324 1207 3614 1271 convenit,
3650 1225 3786 1263 suo-

2134 1292 2263 1330 rum
2298 1293 2599 1333 servorum
2638 1298 2816 1336 unum
2849 1285 3312 1356 aliligere,alium
3342 1310 3472 1349 vero
3503 1313 3784 1352 recreare.

2134 1365 2280 1420 Hinc
2311 1369 2674 1423 Corinthium
2726 1371 2888 1426 illum
2942 1376 3352 1435 i'urnicatorem
3409 1385 3562 1438 idem
3614 1387 3788 1441 solvit

2133 1453 2350 1509 Paulus
2386 1457 2508 1526 ipse
2540 1459 2640 1527 qui
2673 1468 2726 1513 et
2758 1461 3019 1518 vinxerat
3053 1483 3064 1518 :
3104 1467 3360 1539 itemque
3390 1472 3548 1528 Elias
3582 1474 3637 1529 in
3674 1475 3780 1530 Ve-

2135 1726 2362 1777 ctorum
2417 1725 2603 1780 millia
2649 1726 2904 1794 haberet,
2955 1734 3052 1801 qui
3104 1751 3292 1804 genua
3348 1755 3460 1794 non
3510 1745 3791 1798 ﬂexerant

2135 1811 2289 1866 idolo
2321 1813 2479 1867 Baal.
2515 1815 2659 1869 item
2693 1834 2822 1872 cum
2854 1820 2964 1874 Job
2997 1825 3069 1876 ab
3100 1826 3304 1881 amicis
3337 1828 3550 1899 injuria
3580 1832 3790 1888 fuisset

2136 1901 2399 1966 allectus,
2432 1904 2616 1959 voluit
2646 1904 2796 1961 Deus
2826 1907 3022 1978 ipsum
3059 1911 3174 1968 illis
3206 1918 3536 1974 condonare
3565 1921 3621 1976 id
3655 1938 3786 1994 pec-

2136 1991 2270 2058 cati,
2305 1993 2458 2047 unde
2505 1995 2590 2048 eis
2623 1995 2704 2049 ait
2736 2013 2748 2049 :
2785 2019 2810 2044 «
2848 1999 2929 2052 Ite
2959 2001 3028 2054 ad
3064 2018 3294 2059 servum
3344 2023 3537 2064 meum
3568 1991 3698 2080 Job,
3732 2019 3819 2069 et.

2136 2082 2325 2134 orabit
2371 2098 2474 2152 pro
2526 2085 2685 2138 vobis
2729 2085 2791 2138 ⁸ο.
2829 2109 2855 2135 ››
2911 2090 3166 2161 Denique
3220 2100 3282 2148 ut
3329 2097 3480 2152 inter
3525 2102 3788 2173 angelos,

2137 2168 2336 2223 nullus
2367 2169 2535 2225 alteri
2586 2182 2873 2245 repugnat
2907 2193 2918 2232 :
2955 2179 3108 2234 idem
3160 2183 3435 2241 similiter
3464 2189 3534 2244 de
3565 2168 3786 2248 sanctis

2135 2262 2225 2313 est
2251 2259 2646 2316 sentiendum.

2206 2436 2432 2499 Qumsr.
2465 2439 2652 2496 CXIX.
2707 2443 2866 2500 Unde
2899 2447 3134 2517 quidam
3189 2456 3397 2510 natura
3427 2464 3565 2514 sunt
3611 2461 3788 2519 invite

2135 2531 2192 2581 et
2223 2535 2618 2598 repugnanter
2660 2534 3068 2593 misericordes
3102 2556 3113 2595 :
3150 2543 3388 2612 quidam
3438 2547 3576 2604 item
3611 2557 3784 2606 natu-

2137 2614 2338 2670 raliter
2366 2618 2631 2674 crudeles
2680 2621 3077 2698 immitesque,
3115 2647 3218 2685 nec
3254 2634 3418 2691 facile
3464 2639 3595 2695 aliis
3644 2641 3785 2713 quid

2135 2705 2484 2776 impertiant
2501 2706 2528 2761 ?

2209 2793 2384 2849 Rssr.
2419 2795 2598 2851 Nemo
2647 2799 2823 2856 homo
2855 2820 2887 2857 a
2920 2809 3032 2860 Deo
3064 2808 3253 2865 factus
3302 2821 3392 2868 est
3442 2823 3652 2874 natura
3678 2821 3786 2876 im-

2140 2883 2300 2938 mitis
2332 2893 2388 2939 et
2416 2885 2872 2958 immisericors;
2910 2895 3047 2964 quin
3081 2903 3275 2967 potius
3310 2911 3581 2962 mutuum
3624 2926 3784 2965 amo-

2138 2989 2260 3026 rem
2300 2976 2445 3028 Deus
2492 2976 2798 3034 hominum
2854 2991 3072 3038 naturae
3118 2988 3348 3058 indidit,
3401 3010 3506 3050 nec
3551 3003 3784 3056 tantum

2137 3061 2445 3117 hominum
2479 3069 2840 3136 naturae,sed
2876 3071 3047 3126 etiam
3085 3075 3508 3138 irrationalium
3542 3091 3597 3141 et
3626 3087 3788 3143 voln-

2139 3167 2328 3218 crum,
2359 3151 2495 3207 inde
2543 3171 2692 3226 saepe
2724 3158 2795 3212 ab
2829 3159 3074 3218 invicem
3123 3175 3404 3238 separatae
3456 3174 3787 3234 animantes

2140 3247 2513 3311 congemunt,
2562 3246 2818 3302 clamant
2849 3255 2906 3302 et
2945 3251 3244 3324 jejunant,
3292 3262 3556 3329 quasdam
3610 3267 3786 3322 etiam

2139 3328 2878 3402 lacrymanturﬂornicum
2915 3347 3106 3397 autem
3132 3328 3340 3417 genus,
3375 3349 3501 3406 cibo
3532 3353 3787 3422 invento,

2138 3419 2335 3474 statim
2369 3421 2612 3477 invicem
2667 3441 2802 3480 voce
2833 3429 3092 3485 clamant
3143 3438 3206 3489 ut
3237 3452 3442 3494 omnes
3489 3443 3616 3512 ejus
3670 3419 3788 3501 sint

2139 3510 2474 3580 participes.
2522 3519 2724 3567 Annon
2774 3531 2911 3587 ergo
2964 3521 3150 3576 multa
3202 3526 3376 3581 etiam
3429 3510 3792 3589 irrationalia

2140 3614 2267 3664 nos,
2303 3599 2400 3670 qui
2452 3599 2521 3654 ad
2577 3601 2675 3656 Dei
2727 3603 3043 3676 imaginem
3097 3614 3313 3668 conditi
3370 3633 3599 3687 sumus,
3651 3639 3790 3678 con-

2137 3687 2488 3742 demnatum
2536 3696 2674 3744 sunt
2705 3709 2817 3748 non
2853 3696 3044 3752 solum
3086 3702 3241 3771 quod
3294 3702 3794 3768 immisericordes

2141 3777 2353 3844 simus,
2386 3795 2584 3834 verum
2635 3781 2809 3838 etiam
2864 3792 3124 3844 nostram
3173 3793 3246 3846 ob
3293 3793 3686 3866 ignorantiam
3736 3808 3793 3856 et

2141 3864 2673 3924 incontinentiam?
2709 3870 2808 3926 Illa
2856 3874 3012 3930 enim
3067 3895 3180 3933 non
3233 3864 3425 3938 solum
3477 3903 3604 3944 mas
3655 3905 3789 3945 cum

2141 3970 2302 4010 mare
2334 3973 2446 4010 non
2497 3960 2974 4032 commiscentur,
3008 3969 3107 4020 sed
3139 3970 3208 4023 ad
3262 3987 3479 4042 paucos
3509 3976 3795 4033 duntaxat

2140 4044 2264 4098 dies
2295 4043 2574 4100 feminam
2607 4054 2909 4118 appetunt.
2931 4053 3201 4116 Quaedam
3235 4061 3411 4116 etiam
3443 4065 3788 4123 viduitatem

2141 4139 2392 4187 servant.
2429 4135 2743 4190 Avaritiam
2801 4145 2994 4196 autem
3050 4161 3162 4200 non
3225 4157 3459 4206 norunt.
3511 4157 3573 4209 At
3632 4158 3785 4227 quod

2138 4221 2374 4292 gravius
2408 4228 2630 4289 est,nos
2662 4229 2761 4296 qui
2798 4230 2865 4282 ad
2903 4229 3217 4304 imaginem
3251 4243 3307 4291 et
3338 4221 3787 4302 similitudinem

2139 4309 2240 4366 Dei
2273 4311 2402 4366 tacti
2434 4328 2664 4379 sumus,
2697 4323 2755 4370 et
2785 4319 2853 4371 ad
2904 4319 3317 4391 imperandum
3351 4328 3790 4391 irrationalibus

2140 4402 2466 4468 constituti,
2499 4407 2822 4476 comparati
2873 4425 3083 4466 sumus
3123 4415 3412 4483 jumentis
3461 4420 3792 4496 insipienti-

2141 4492 2270 4562 bus,
2304 4497 2362 4547 et
2390 4493 2614 4548 similes
2649 4495 2782 4550 facti
2815 4514 3020 4556 sumus
3051 4503 3168 4558 illis
3198 4505 3260 4561 ⁸¹,

2213 4584 2436 4648 Ουιιεετ.
2469 4582 2626 4676 CXX.
2653 4585 2821 4676 Quae.
2846 4603 2913 4642 ex
2943 4591 3219 4651 omnibus
3263 4596 3578 4659 virtutibus
3611 4605 3792 4676 potis-
3837 4625 3840 4628 λ

2061 4671 2359 4746 Dsimum
2420 4673 2779 4746 principibus
2845 4681 3201 4738 conveniunt
3266 4690 3320 4741 et
3387 4671 3793 4752 consentanea

2141 4760 2326 4817 sunt?

2215 4853 2385 4908 Rasr.
2446 4853 2743 4926 Praecipue
2813 4858 3244 4919 commiseratio
3302 4871 3358 4921 et
3429 4868 3794 4943 humanitas,

2143 4960 2271 5015 qua
2303 4947 2358 4998 et
2393 4944 2502 4998 Deo
2552 4944 2773 5000 insunt.
2831 4947 3050 5003 Deinde
3103 4952 3453 5023 injuriarum
3507 4960 3793 5034 oblivisci,

2145 5049 2259 5088 non
2289 5033 2504 5087 moveri
2538 5033 2862 5106 iracundia,
2892 5054 3174 5109 personas
3206 5060 3318 5098 non
3370 5047 3654 5120 accipere,
3687 5033 3794 5107 nec

2145 5121 2490 5177 muneribus
2521 5125 2839 5196 corrumpi,
2874 5126 2970 5180 sed
3021 5127 3080 5182 in
3124 5130 3326 5200 primis
3355 5150 3468 5189 non
3503 5136 3670 5193 facile
3701 5157 3798 5197 ne-

2146 5478 2355 5573 ⁵ξιιὲρας
2396 5479 2621 5573 ἐφίεται.
2655 5486 2835 5555 addit,
2885 5485 3004 5541 τινά
3053 5484 3109 5542 δὲ
3154 5490 3242 5544 καὶ
3292 5490 3613 5568 χηρεύουσι,
3664 5517 3795 5573 qua

2147 5554 2361 5611 desunt
2393 5554 2452 5610 in
2483 5556 2676 5611 editis.

2217 5626 2514 5702 (67)_Hano
2545 5627 2724 5702 Re_sp._
2772 5629 2830 5683 in
2875 5632 3037 5702 prius
3087 5631 3177 5686 ed.
3228 5633 3395 5692 valde
3424 5637 3692 5698 mutilam
3724 5661 3796 5702 ex

2145 5713 2289 5754 mss.
2325 5699 2463 5773 Reg.
2498 5699 2885 5758 restituimusi
