4132 6358
354 386 471 451 673

1523 392 1583 450 ς.
1635 386 2156 453 ATHANASIUS.
2189 424 2262 438 -ο-
2300 386 2608 455 SPURIA.

3654 394 3775 457 676

351 544 463 598 que
496 525 716 596 absque
748 522 1013 579 examine
1060 524 1374 581 calumniis
1405 531 1462 581 et
1503 524 1805 581 convioliis
1832 526 1977 580 [ideo

2121 523 2476 593 ἀνεξετάστως
2507 519 2790 586 διαϐολαῖς
2821 526 2913 579 καὶ
2962 521 3267 601 λοιδορίαις
3308 525 3600 585 πείθεσθαι.
3632 532 3774 586 Ἀπὸ

352 615 587 672 habere.
639 614 804 678 Quod
838 613 996 670 enim
1043 612 1293 669 aliorum
1349 616 1723 671 sermonibus
1771 615 2011 670 credant

354 704 547 772 multi,
580 704 766 759 caedes
814 702 1069 772 injustas
1118 709 1552 774 perpetrarunt,
1585 720 1808 760 necnon
1849 702 2007 774 quod

350 791 847 849 immisericordes
877 792 1615 864 fuerint,mcuzinerintque
1632 792 2003 864 injuriarum,

348 887 407 939 et
437 882 607 938 donis
655 885 1192 953 corrumperentur.
1226 881 1330 937 llle
1382 883 1562 954 igitur
1610 882 1884 954 princeps
1908 897 2003 936 ac-

349 976 558 1045 ceptus
580 976 695 1027 Deo
716 970 932 1042 est,qui
961 969 1107 1025 nihil
1132 970 1475 1040 hujusmodi
1495 972 1770 1028 vitiorum
1802 970 2000 1026 habet.

422 1063 647 1128 Qums'r.
693 1059 881 1117 CXXI.
925 1059 1089 1115 Unde
1140 1059 1406 1116 videmus
1455 1060 1641 1117 malos
1684 1059 2003 1129 nonnullos

349 1154 408 1205 et
437 1150 714 1223 indignos
762 1150 837 1205 ad
869 1165 1173 1205 summum
1204 1150 1597 1205 sacerdotium
1651 1147 1999 1222 promoveri,

344 1244 695 1311 potestatem
732 1239 790 1293 in
805 1237 1089 1312 papulum
1112 1239 1392 1311 consequi
1419 1239 1721 1312 multaque
1742 1240 2000 1295 absurda

342 1328 714 1385 committere
736 1328 764 1381 ?

414 1418 584 1474 Rssr.
617 1417 741 1472 Non
792 1418 946 1489 quod
982 1416 1093 1488 ipsi
1142 1417 1304 1489 digni
1349 1417 1469 1474 sint
1518 1417 1861 1488 hujusmodi
1892 1435 1992 1490 po-

334 1507 696 1578 testate,illis
718 1506 918 1580 pOpuli
946 1506 1434 1578 gubernationem
1459 1506 1773 1563 committit
1792 1512 1944 1563 Deus
1975 1524 1989 1562 :

334 1597 437 1653 sed
473 1597 612 1669 quia
660 1612 969 1662 perversus
1000 1600 1091 1652 est
1138 1593 1416 1668 populus,
1448 1595 1596 1652 tales
1646 1596 1792 1669 ipsis
1839 1601 1993 1654 Deus

334 1687 438 1743 dat
466 1702 732 1743 summos
764 1684 1099 1740 sacerdotes
1129 1690 1186 1739 et
1233 1685 1551 1757 principes.
1587 1707 1612 1733 ‹‹
1647 1686 1803 1742 Dabo
1833 1686 1991 1743 enim

336 1775 522 1845 vobis,
558 1797 586 1825 ››
633 1774 827 1848 inquit
874 1774 1049 1842 Deus,
1103 1797 1130 1824 ‹‹
1166 1773 1461 1846 principes
1512 1776 1842 1832 secundum
1894 1791 1993 1833 cor

332 1871 600 1922 vestrum
629 1865 698 1920 ³³.
734 1886 762 1914 ››

402 1954 623 2018 Ουιεετ.
671 1953 887 2011 CXXII.
939 1952 1244 2009 Undenam
1289 1954 1635 2026 cogniturus
1682 1958 1791 2023 est,
1825 1954 1991 2027 quia

336 2046 448 2100 Deo
479 2043 703 2117 aliquid
736 2041 1017 2115 postulat,
1049 2048 1345 2116 acceptam
1379 2043 1562 2100 fuisse
1595 2045 1723 2115 ejus
1774 2045 1988 2101 oratio-

328 2149 467 2190 nem
497 2133 526 2189 ?

398 2222 571 2278 Resp.
607 2221 810 2278 Paucis
841 2220 897 2277 id
930 2220 1172 2293 quidem
1209 2230 1265 2276 et
1296 2222 1410 2293 piis
1434 2221 1577 2278 viris
1610 2222 1675 2277 ﬁt
1707 2222 1987 2280 manifes-

328 2316 480 2380 tum,
514 2327 767 2384 quorum
799 2328 899 2366 cor
927 2308 1375 2382 intelligihiliter
1416 2311 1521 2367 hac
1551 2312 1621 2366 de
1653 2329 1713 2367 re
1744 2329 1985 2383 persua-

332 2403 522 2461 detur.

403 2493 631 2557 Qwss'r.
680 2489 933 2547 CXXIII.
989 2488 1278 2545 Mundum
1319 2488 1572 2546 dicimus
1622 2505 1691 2546 ex
1735 2495 1986 2562 quatuor

333 2579 601 2637 terminis
630 2585 918 2647 constare,
949 2594 1275 2650 rursusque
1306 2577 1606 2634 hominem
1632 2595 1702 2636 ex
1731 2585 1985 2651 quatuor

329 2669 640 2725 elementis
689 2685 818 2724 esse
867 2667 1307 2740 compositum:
1361 2667 1603 2740 planum
1661 2668 1838 2741 Igitur
1895 2674 1984 2726 est

327 2759 485 2831 quod
520 2762 775 2831 quatuor
821 2756 1079 2825 termini,
1116 2758 1173 2813 id
1218 2763 1328 2825 est,
1357 2758 1553 2813 oriens
1601 2762 1659 2813 et
1685 2758 1978 2828 occidens,

324 2846 646 2921 septentrio
676 2852 734 2903 et
764 2846 1059 2916 meridies,
1084 2852 1335 2918 quatuor
1363 2853 1643 2920 generent
1671 2846 1979 2917 elementa,

325 2954 534 3010 nempe
565 2936 821 2993 calidum
854 2940 912 2992 et
954 2936 1256 3007 frigidum,
1300 2936 1615 2992 humidum
1646 2941 1703 2994 et
1733 2936 1977 2994 siccum.

326 3027 717 3095 Querendum
766 3026 964 3097 itaque
995 3026 1144 3082 245
1181 3030 1381 3092 restat,
1414 3025 1585 3096 quale
1624 3028 1978 3084 elementum

323 3134 388 3173 ex
425 3116 582 3188 quali
616 3120 776 3187 parte
808 3114 1015 3170 mundi
1046 3114 1308 3170 oriatur?

395 3205 565 3261 Resp.
600 3201 674 3259 Ut
704 3220 901 3259 rerum
951 3208 1163 3259 natura
1210 3208 1466 3260 testatur
1496 3209 1553 3260 et
1602 3205 1790 3273 docet,
1824 3205 1980 3262 vide-

2021 1900 2070 1966 B

2118 613 2222 686 γάρ
2254 610 2632 688 λογοπειθείας
2680 612 2925 677 πολλοὺς
2972 615 3173 693 φόνους
3224 613 3445 678 ἀδίκους
3492 622 3767 673 ποιοῦσιν·

2116 700 2372 763 ὡσαύτως
2400 702 2488 756 καὶ
2522 701 2573 773 ἐξ
2603 701 2979 779 ἀσπλαγχνίας
3013 704 3221 777 ὁμοίως
3270 705 3358 760 καὶ
3408 705 3514 761 ἀπὸ
3566 729 3766 779 μνησι-

2113 789 2302 853 κακίας
2359 790 2654 869 ἀπέχεσθαι
2697 794 2785 847 καὶ
2836 793 2939 848 ἀπὸ
2984 790 3337 868 δωροδοκίας.
3372 796 3603 859 Ἐκεῖνος
3646 796 3765 851 τοί-

2112 901 2202 933 νυν
2236 879 2377 935 ἐστὶν
2410 881 2596 956 ἅρχων
2641 886 2756 954 Θεῷ
2799 882 3102 958 εὐάρεστος,
3135 885 3164 939 ὁ
3200 881 3368 955 μηδὲν
3416 890 3524 939 τῶν
3572 886 3762 941 τοιού-

2110 988 2217 1024 των
2250 975 2435 1035 παθῶν
2466 972 2769 1043 κτώμενος.

2185 1058 2379 1132 Ἐρώτ.
2438 1062 2571 1133 ρκα’.
2623 1060 2792 1116 Πόθεν
2862 1061 3075 1134 ὁρῶμέν
3134 1082 3283 1116 τινας
3343 1063 3621 1138 πονηροὺς
3669 1064 3761 1118 καὶ

2111 1144 2357 1215 ἀναξίους
2414 1146 2492 1208 εἰς
2548 1145 2980 1224 ἀρχιερωσύνην,
3035 1149 3125 1204 καὶ
3185 1149 3260 1212 εἰς
3322 1148 3562 1221 ἐξουσίαν
3620 1156 3760 1206 λαοῦ

2107 1237 2653 1311 προχειριζομένους,
2712 1236 2801 1291 καὶ
2868 1235 3055 1293 πολλὰ
3119 1239 3294 1295 ἄτοπα
3357 1241 3758 1316 κατεργαζομέ-

2105 1343 2269 1392 νους;

2179 1415 2369 1472 Ἀποκ.
2404 1415 2481 1473 Οὑ
2530 1412 2621 1470 διά
2666 1416 2728 1471 τὸ
2780 1416 2974 1480 αὑτοὺς
3033 1439 3166 1473 ειναι
3212 1418 3393 1491 ἀξίους
3448 1425 3546 1489 τῆς
3604 1418 3759 1489 ἐξου-

2105 1502 2222 1566 σίας
2269 1504 2398 1566 Θεὸς
2450 1503 2643 1568 αὑτοὺς
2706 1506 3115 1583 προχειρίζεται
3173 1507 3251 1570 εἰς
3306 1508 3370 1563 τὸ
3430 1506 3760 1581 ἑξουσιάζειν

2104 1591 2260 1649 λαοῦ·
2297 1592 2443 1648 ἀλλὰ
2473 1591 2562 1649 διὰ
2589 1595 2650 1650 τὸ
2683 1594 2816 1650 εἶναι
2863 1597 2954 1650 τὸν
3006 1595 3135 1652 λαὸν
3187 1597 3424 1674 πονηρὸν
3467 1598 3761 1661 τοιούτους

2100 1683 2377 1759 ἀρχιερεῖς
2408 1683 2499 1738 καὶ
2531 1681 2799 1760 ἄρχοντας
2828 1685 3079 1760 παρέχει.
3114 1710 3142 1738 ‹‹
3176 1686 3345 1740 Δώσω
3397 1686 3497 1762 γὰρ
3533 1686 3685 1759 ὑμῖν,
3726 1712 3757 1737 »ι

2101 1772 2263 1851 φησὶν
2298 1774 2326 1828 ὸ
2358 1773 2509 1846 Θεὸς,
2539 1798 2566 1825 ‹‹
2601 1771 2868 1849 ἄρχοντας
2895 1774 3032 1830 κατά
3077 1774 3172 1837 τὰς
3222 1771 3447 1848 καρδίας
3506 1775 3681 1848 ὑμῶν.
3720 1800 3749 1827 ι)

2167 1951 2368 2027 Ἐρώτ.
2428 1952 2565 2028 ρκβ’.
2626 1951 2791 2008 Πόθεν
2852 1952 3060 2032 ὀφείλει
3135 1957 3335 2031 γνῶναι
3392 1956 3421 2010 ὁ
3482 1950 3751 2009 δυσωπῶν

2096 2040 2189 2095 τὸν
2250 2040 2380 2096 Θεὸν
2426 2041 2548 2117 περὶ
2593 2041 2918 2115 αἰτήματος,
2965 2042 3049 2098 ὅτι
3099 2041 3446 2119 προσεδέχθη
3495 2045 3530 2114 ἡ
3563 2040 3750 2115 δέησις

2099 2129 2263 2186 αὑτοῦ
2290 2151 2302 2200 ;

2171 2218 2360 2276 Ἀπόκ.
2395 2220 2654 2282 Σπανίοις
2679 2220 2788 2275 τισὶ
2817 2220 2906 2275 καὶ
2938 2216 3241 2285 θεοσεϐἐσιν
3274 2219 3525 2298 ἀνδράσιν
3582 2227 3747 2278 τοῦτο

2095 2305 2405 2377 κατάδηλον
2436 2308 2660 2383 γίνεται,
2690 2316 2791 2378 τῆς
2824 2310 3024 2365 ἑαυτῶν
3074 2307 3299 2385 καρδίας
3345 2316 3550 2385 νοερῶς
3600 2310 3747 2383 πληο

2097 2397 2527 2474 ροφορουμὲντ,ς.

2166 2486 2360 2561 Ἑρώτ.
2410 2487 2546 2562 ρκγ’.
2608 2487 2704 2543 Ἐκ
2749 2486 3020 2563 τεσσάρων
3069 2487 3313 2563 περάτων
3366 2486 3599 2563 λὲγομεν
3651 2488 3744 2544 τὸν

2093 2574 2298 2648 κόσμον
2359 2576 2742 2630 συνίστασθαι·
2801 2576 2890 2630 καὶ
2944 2574 3108 2631 πάλιν
3169 2577 3229 2632 ἐκ
3280 2575 3553 2653 τεσσάρων
3596 2597 3742 2632 στοι-

2092 2663 2258 2739 χείων
2315 2665 2407 2719 τὸν
2459 2664 2739 2740 ἄνθρωπον
2799 2667 3126 2741 συγκεῖσθαι.
3162 2663 3451 2742 Πρόδηλον
3509 2663 3598 2720 οὖν
3658 2667 3743 2721 ὅτι

2088 2752 2319 2827 τὲσσαρα
2362 2753 2588 2830 πέρατα,
2637 2756 2910 2809 τουτέστιν
2970 2753 3209 2823 ἀνατολὴ
3268 2755 3358 2810 καὶ
3415 2752 3585 2822 δύσις,
3641 2752 3738 2829 ἆρ-

2088 2863 2215 2906 κτος
2245 2864 2303 2898 τε
2350 2843 2438 2898 καὶ
2494 2838 2829 2919 μεσημϐρία,
2860 2844 2928 2898 τὰ
2969 2842 3198 2919 τέσσαρα
3246 2849 3493 2919 στοιχεῖα
3540 2841 3734 2918 γεννῶο

2090 2953 2195 3005 σιν,
2221 2931 2389 3008 ἤγουν
2420 2933 2483 2988 τὸ
2514 2932 2712 3009 θερμὸν
2772 2932 2862 2987 καὶ
2917 2934 2980 2988 τὸ
3037 2932 3272 3009 ψυχρὸν,
3303 2934 3395 2989 καὶ
3448 2934 3508 2987 τὸ
3564 2932 3724 3007 ὑγρὸν

2088 3021 2177 3077 καὶ
2225 3022 2289 3076 τὸ
2346 3022 2534 3099 ξηρόν.
2585 3020 2854 3092 Ζητητὲον
2916 3020 3111 3077 λοιπὸν
3157 3028 3317 3078 ποῖον
3350 3025 3638 3097 στοιχεῖον,
3671 3019 3732 3076 ἐκ

2087 3110 2247 3166 ποίου
2282 3110 2478 3186 μέρους
2507 3108 2605 3166 τοῦ
2636 3106 2847 3185 κόσμου
2875 3110 3114 3166 τίκτεται
3140 3131 3152 3180 ;

2160 3199 2350 3257 Ἀπόκ.
2382 3200 2469 3261 Ὠς
2510 3200 2543 3269 ἡ
2592 3204 2701 3254 τῶν
2745 3201 3076 3276 πραγμάτων
3128 3200 3284 3278 φύσις
3338 3204 3599 3276 μαρτυρεῖ
3646 3198 3736 3254 καὶ

320 3311 455 3349 mus
505 3293 764 3349 calidum
810 3291 1165 3349 elementum
1215 3309 1283 3348 ex
1330 3293 1549 3349 oriente
1597 3293 1755 3361 oriri,
1800 3295 1975 3367 idque

2095 3286 2350 3362 διδάσκει,
2385 3288 2717 3365 θεωροῦμεν,
2750 3288 2925 3343 ὅτιτὸ
2961 3290 3055 3362 μὲν
3107 3289 3307 3362 θερμὸν
3359 3294 3635 3363 στοιχεῖον
3681 3286 3741 3343 ἐκ

316 3388 612 3441 testantur
643 3381 945 3446 Indorum,
978 3381 1076 3452 qui
1109 3382 1334 3438 ceteris
1372 3383 1649 3438 omnibus
1678 3382 1867 3455 magis
1897 3384 1970 3439 ad

316 3471 600 3529 orientem
659 3472 964 3538 accedunt,
998 3487 1244 3542 corpora
1298 3488 1425 3542 quae
1483 3488 1756 3548 summus
1813 3471 1973 3529 calor

319 3563 481 3632 nigra
510 3560 707 3616 efficit.
738 3566 887 3615 Deus
918 3559 1075 3614 enim
1103 3561 1176 3615 ab
1206 3559 1371 3615 initio
1402 3560 1700 3616 hominem
1733 3561 1967 3634 nigrum

317 3666 433 3705 non
468 3649 619 3705 fecit.
679 3648 819 3704 Uinc
869 3653 1234 3704 mortuorum
1283 3649 1586 3717 cadavera,
1639 3649 1748 3705 soli
1791 3668 1967 3724 expo-

318 3739 451 3805 sita,
486 3738 654 3810 nigra
685 3739 918 3806 ﬁunt,et
950 3736 1396 3793 uruntur.Unde
1429 3737 1685 3793 multum
1718 3744 1775 3795 et
1799 3757 1968 3797 sum-

320 3843 484 3883 mum
516 3826 588 3882 ob
619 3824 869 3882 calorem
902 3825 1153 3881 multum
1168 3826 1370 3882 vinum
1404 3843 1520 3882 non
1545 3827 1741 3883 valent
1770 3828 1969 3886 bibere

317 3916 667 3988 Ethiopes:
726 3915 829 3971 sed
886 3932 985 3971 eos
1040 3915 1351 3971 vehemens
1409 3917 1596 3972 fervor
1654 3917 1967 3975 iracundos

314 4006 479 4062 valde
509 4011 567 4061 et
602 4005 845 4061 acerbos
893 4004 1101 4068 reddit,
1156 4021 1380 4061 necnon
1432 4007 1502 4061 ad
1556 4007 1964 4064 fornicandum

308 4094 704 4167 procliviores.
725 4094 1233 4158 Quemadmodum
1266 4100 1460 4150 autem
1494 4094 1613 4151 haec
1647 4097 1715 4153 de
1744 4098 1965 4154 oriente

307 4184 588 4254 diximus,
620 4186 705 4240 sic
736 4183 1028 4240 contraria
1058 4183 1128 4239 de
1181 4183 1482 4240 occidente
1513 4186 1801 4244 dicemus.
1832 4187 1963 4244 Haec

306 4273 463 4328 enim
499 4290 634 4345 pars
665 4272 877 4344 frigida
906 4272 1346 4345 est,trigidique
1376 4272 1651 4329 elementi
1684 4284 1742 4330 et
1771 4276 1962 4332 noctis

309 4362 561 4435 genitrix
590 4366 648 4418 et
693 4362 975 4419 effectrix.
1017 4361 1161 4417 Hinc
1205 4368 1262 4418 et
1291 4362 1421 4433 ejus
1467 4361 1671 4418 incolas
1719 4380 1964 4436 corpora

311 4452 531 4508 habent
577 4451 710 4508 aliis
741 4450 1021 4507 omnibus
1069 4451 1430 4522 candidiora,
1472 4451 1847 4525 multumque
1875 4453 1959 4509 vi-

306 4558 448 4596 num
480 4540 647 4595 facile
679 4539 908 4595 bibunt.
933 4540 1133 4596 Restat
1163 4539 1344 4611 igitur
1370 4544 1435 4595 ut
1463 4541 1730 4596 dicamus
1761 4542 1961 4599 deser-

2078 3386 2178 3449 τῆς
2236 3378 2510 3448 ἀνατολῆς
2565 3380 2834 3433 τίκτεται·
2894 3377 2985 3432 καὶ
3044 3382 3382 3454 μαρτυροῦσι
3435 3379 3504 3433 τὰ
3558 3379 3739 3449 πάσης

2077 3475 2180 3539 τῆς
2230 3475 2332 3544 γῆς
2392 3467 2835 3543 ἀνατολικώτερα
2894 3464 3095 3522 Ἰνδικᾶ
3164 3468 3392 3540 σώματα
3465 3467 3569 3521 ὑπὸ
3635 3474 3736 3537 τῆς

2080 3555 2246 3634 ἄκρας
2303 3556 2508 3632 θέρμης
2582 3556 2791 3629 μέλανα
2843 3556 3120 3631 γινόμενα.
3181 3558 3242 3613 Ὁ
3298 3558 3425 3619 Θεὸς
3480 3556 3582 3633 γὰρ
3639 3557 3732 3611 ἀπ’

2078 3647 2259 3722 ἀρχῆς
2292 3644 2457 3722 ἄνδρα
2503 3645 2706 3719 μέλανα
2754 3645 2853 3701 οὑκ
2902 3645 3144 3716 ἐποίησε.
3180 3645 3273 3701 Διὸ
3321 3646 3410 3700 καὶ
3456 3647 3524 3701 τὰ
3570 3647 3732 3719 νεκρά

2078 3738 2325 3809 σώματα,
2358 3735 2409 3790 ἐν
2437 3740 2514 3807 τῷ
2544 3733 2691 3808 ἡλίῳ
2740 3735 3023 3812 γενόμενα,
3060 3734 3411 3808 μελανοῦνται
3470 3735 3560 3790 καὶ
3605 3736 3731 3791 καί-

2077 3847 2247 3884 ονται.
2279 3827 2434 3883 "003v
2494 3824 2552 3880 ἐκ
2600 3832 2702 3894 τῆς
2759 3822 2979 3894 πολλῆς
3036 3824 3124 3879 καὶ
3172 3822 3337 3897 ἄκρας
3389 3825 3727 3899 Θερμότητος

2076 3915 2248 3972 πολὺν
2284 3916 2423 3970 οἶνον
2459 3916 2509 3969 οἱ
2543 3914 2799 3979 Αἰθίοπες
2850 3920 2990 3969 πιεῖν
3047 3914 3156 3989 οὑχ
3205 3913 3583 3991 ὑποφέρουσιψ
3623 3915 3727 3969 ὑπὸ

2077 4002 2133 4061 δὲ
2161 4012 2260 4075 τῆς
2295 4004 2457 4081 ἄκρας
2492 4003 2683 4073 ζέσεως
2714 4003 2801 4058 καὶ
2834 4000 3108 4076 θυμώδεις
3164 4002 3265 4059 εἶσὶ
3307 4000 3451 4074 λίαν,
3481 4004 3571 4058 καὶ
3628 4024 3725 4058 κα-

2072 4094 2348 4170 τάπικροι,
2377 4091 2522 4148 ἀλλὰ
2550 4093 2639 4147 καὶ
2680 4093 2817 4165 πρὸς
2848 4093 3099 4169 πορνείαν
3148 4093 3492 4167 θερμοτέρως
3543 4092 3724 4147 κινού-

2076 4204 2223 4256 μενοι
2278 4185 2482 4257 ’Ώσπερ
2515 4178 2571 4236 δὲ
2604 4180 2690 4236 ἐπὶ
2720 4188 2822 4250 τῆς
2852 4180 3121 4251 ἀνατολῆς
3179 4186 3277 4236 τοῦ
3334 4180 3499 4251 ἡλίου
3555 4186 3722 4238 ταῦτα

2072 4271 2391 4348 εἰρήκαμεν,
2422 4271 2566 4326 οὕτω
2625 4270 2791 4326 πάλιν
2819 4270 2884 4325 τά
2930 4268 3141 4326 ἐναντία
3192 4270 3419 4345 ἐροῦμεν
3477 4270 3565 4326 ἐπὶ
3622 4278 3723 4341 τῆς

2072 4357 2295 4422 δύσεως⁸
2327 4361 2527 4435 Ψυχρά
2581 4359 2682 4435 γάρ
2736 4359 2871 4431 αὕτη
2936 4359 3192 4436 ὑπάρχει,
3221 4360 3311 4414 καὶ
3357 4364 3455 4415 τοῦ
3503 4363 3723 4437 ψυχροῦ

2069 4448 2349 4523 στοιχείου
2404 4448 2492 4503 καὶ
2550 4455 2651 4519 τῆς
2691 4449 2882 4513 νυκτὸς
2942 4450 3233 4523 γεννητική
3292 4449 3382 4504 καὶ
3432 4451 3720 4520 ποιητική·

2071 4534 2156 4593 διὸ
2214 4537 2302 4593 καὶ
2362 4535 2655 4613 λευκότερα
2713 4538 2892 4607 πάσης
2948 4546 3048 4609 τῆς
3098 4545 3202 4614 γῆς
3249 4528 3456 4608 τάτςῆς
3516 4536 3717 4602 δύσεως

302 4635 426 4686 tam
460 4628 787 4696 meridiem,
840 4629 973 4683 sicci
1023 4627 1295 4685 elementi
1349 4636 1653 4702 parentem
1703 4647 1852 4701 esse,
1898 4637 1962 4686 ut

2095 4626 2376 4702 ›πάρχουσι
2409 4626 2656 4701 σώματα,
2676 4627 2763 4682 καὶ
2788 4627 2935 4682 οἶνον
2961 4626 3134 4684 πολὺν
3159 4627 3330 4682 πίνειν
3355 4628 3714 4701 ὑπομένοντα.

302 4720 433 4788 ejus
464 4715 665 4773 incolae
696 4717 913 4771 Arabes
945 4723 1291 4789 argumento
1325 4722 1486 4784 sunt,
1519 4734 1770 4789 quorum
1798 4719 1958 4775 scili-

300 4811 392 4863 cet
421 4823 665 4877 corpora
698 4804 888 4877 magis
911 4805 1066 4861 sicca
1096 4810 1153 4861 et
1182 4806 1370 4861 calida
1399 4814 1559 4877 sunt,
1595 4812 1796 4879 utpote
1828 4824 1960 4880 quae

300 4897 358 4952 in
393 4901 546 4951 terra
577 4895 818 4951 minime
851 4894 1096 4951 humida
1124 4896 1433 4952 exsistunt.
1464 4896 1674 4967 Aquilo
1705 4897 1960 4970 denique

302 4986 459 5041 haud
510 4985 687 5039 dubie
738 4983 1054 5056 frigidioris
1103 4991 1192 5041 est
1239 4986 1711 5057 temperamenti.
1774 4986 1959 5043 Maria

303 5075 459 5130 enim
494 5079 550 5129 et
583 5074 829 5129 flumina
857 5090 1265 5146 aquarumque
1306 5073 1720 5131 multitudines
1768 5075 1958 5132 humi-

302 5166 445 5220 dum
477 5163 619 5219 illud
646 5163 911 5219 efficiunt
935 5162 1425 5219 elementum.His
1446 5168 1641 5218 autem
1666 5180 1792 5235 quas
1815 5164 1959 5220 dixi-

301 5270 458 5321 mus,
492 5270 606 5308 non
653 5254 725 5309 ab
756 5252 1005 5308 invicem
1058 5267 1406 5323 separamus
1446 5252 1738 5308 elementa
1769 5271 1783 5309 :
1819 5271 1955 5310 nam

298 5341 570 5416 colligata
610 5347 751 5398 sunt
773 5341 833 5397 in
868 5340 1132 5412 qualibet
1159 5345 1446 5397 creatura.
1475 5340 1687 5397 Verum
1720 5342 1779 5398 in
1810 5359 1956 5415 qua-

297 5436 434 5486 tuor
456 5430 573 5502 his,
596 5447 724 5504 quis
755 5428 1241 5502 memoravimus,
1271 5428 1417 5487 locis
1438 5428 1601 5487 aliud
1624 5430 1741 5488 alio
1764 5432 1956 5507 magis

367 5590 413 5625 ”
442 5589 658 5649 Jerem.
690 5607 778 5664 III,
812 5592 898 5649 15.

368 5734 479 5813 (68)
509 5732 604 5792 Sic
630 5751 773 5791 mss.
804 5733 954 5793 Editi
985 5749 1143 5807 vero,
1174 5730 1507 5808 συνδεθέντα,

2069 4715 2255 4771 Λείπει
2288 4713 2478 4771 λοιπὸν
2512 4719 2659 4789 ἡμᾶς
2693 4714 2869 4791 λέγειν
2896 4718 2998 4784 τὴν
3050 4715 3322 4790 ἐρημικήν
3374 4712 3717 4790 μεσημϐρίαν

2072 4805 2279 4879 μητὲρα
2308 4805 2439 4860 εἶναι
2470 4810 2566 4860 τοῦ
2598 4806 2764 4881 ξηροῦ
2792 4805 3092 4880 στοιχείου,
3126 4806 3199 4868 ὡς
3230 4805 3318 4861 καὶ
3360 4806 3428 4860 τά
3473 4806 3526 4860 ἐν
3582 4806 3718 4880 αὐτῇ

2065 4899 2172 4949 τῶν
2234 4888 2475 4969 Ἀράϐων
2534 4896 2761 4968 σώματα
2828 4889 3092 4970 ξηρότερα
3148 4893 3511 4970 τυγχάνοντα,
3571 4893 3718 4964 πλὴν

2066 4982 2155 5039 καὶ
2215 4984 2537 5059 θερμότερα,
2589 4985 2663 5045 ὡς
2720 4983 2772 5039 ἐν
2829 4988 2902 5059 γῇ
2960 4980 3177 5058 ἀνύδρῳ
3233 4982 3516 5060 γενόμενα.
3560 4985 3622 5042 Ὁ
3663 4980 3721 5039 δὲ

2072 5071 2293 5148 βορρᾶς,
2347 5070 2579 5143 εὔδηλον
2639 5072 2722 5127 ὅτι
2782 5071 3125 5148 ψυχροτέρας
3184 5070 3293 5127 ἐστὶ
3353 5073 3615 5148 κράσεως.
3650 5074 3717 5130 Al

2066 5162 2169 5238 γὰρ
2202 5159 2465 5226 θάλασσαι
2494 5161 2585 5216 καῖ
2621 5162 2674 5216 οἱ
2706 5161 2945 5235 ποταμοὶ
2976 5162 3065 5216 καὶ
3094 5162 3162 5215 τὰ
3203 5160 3389 5232 πλήθη
3440 5166 3547 5216 τῶν
3597 5159 3717 5217 ὑδάα

2063 5271 2172 5307 των
2203 5255 2299 5305 τοῦ
2332 5251 2501 5326 ὑγροῦ
2531 5249 2738 5305 ἐκείνου
2771 5249 3049 5325 στοιχείου
3079 5249 3183 5305 εἰσὶ
3232 5250 3512 5321 ποιητικά,
3545 5256 3719 5308 Ταῦτα

2067 5338 2125 5397 δὲ
2155 5336 2402 5413 εἷ’παμεν,
2437 5339 2536 5394 οὑκ
2583 5339 2931 5417 ἀφορίζοντες
2988 5340 3054 5394 τὰ
3109 5346 3358 5415 στοιχεῖα
3415 5341 3503 5395 ἀπ’
3533 5339 3717 5412 ἀλλή-

2066 5429 2201 5488 λωνο
2236 5424 2569 5485 συνδίδενται
2628 5431 2743 5504 (68)
2794 5429 2895 5507 γὰρ
2952 5427 3003 5485 ἐν
3065 5427 3211 5505 πάσῃ
3256 5432 3325 5504 τῇ
3354 5428 3545 5485 κτίσεν
3587 5427 3722 5487 ἀλλ’
