4132 6384
341 393 461 456 677

1304 377 1822 458 ΟΗιΕΞἹῚΟΝΕΒ
1868 384 1970 444 ΑΙ]
2017 375 2486 444 ANTIOCHUM
2536 378 2823 442 DUCEM.

3650 381 3769 442 6'78

340 532 430 586 ὃτι
489 547 591 603 περ
666 521 718 579 ἐν
780 541 898 584 τοις
949 540 1199 595 τεσσαρσι
1254 518 1470 588 τόποις,
1542 516 1622 578 οἷς
1684 514 2005 590 εἶρ-ήκαμεν,

2145 515 2402 579 ὼυηιίιιι,
2435 516 2761 571 secundum
2795 519 2966 570 antea
3014 515 3376 587 propositam
3421 517 3640 572 naturas
3677 533 3766 572 ra-

342 617 632 684 πλεονάζει
664 612 849 685 ἕτερον
899 615 996 666 τοῦ
1054 608 1237 682 ἑτερου
1293 608 1428 662 κατὰ
1481 607 1582 674 τήν
1639 605 2002 680 προκειμένην

344 703 706 787 φυσιολογίαν
719 746 730 759 .

420 795 614 866 Ἐρώτ.
651 789 784 869 ρκὸ’.
820 791 948 850 Πῶς
978 788 1068 842 καὶ
1101 784 1376 865 φαρμακοί
1405 805 1541 846 τινες
1576 782 1926 838 ἐκδιώκουσιν
1955 781 2006 851 ἐξ

348 883 652 959 ἀνθρώπων
688 878 978 952 δαίμονας.

420 971 615 1029 Ἀπόκ.
666 973 774 1024 Τοῦ
831 962 1064 1042 Χριστοῦ
1125 965 1177 1019 ἐν
1248 964 1362 1024 τοῖς
1418 961 1590 1038 ἁγίοις
1647 958 2004 1036 Εὐαγγελίοις

353 1061 636 1136 λεγοντος,
668 1059 753 1112 ὅτι
783 1080 808 1106 ι(
842 1055 907 1112 Εἴ
940 1056 967 1108 ὁ
1002 1058 1242 1116 Σατανᾶς
1292 1053 1382 1107 τὸν
1435 1056 1673 1106 Σατανᾶν
1725 1044 2005 1118 ἐκϐάλλει,

625 1147 635 1166 ο
747 1145 760 1165 9
841 1149 864 1159 ν
946 1143 958 1163 ν
1033 1140 1058 1163 τι
1164 1163 1192 1174 _
1260 1161 1271 1172 ο
1402 1137 1460 1156 ’με
1579 1163 1589 1177 ‘
1680 1137 1687 1153 ι
1849 1137 1860 1178 'y
1914 1159 1928 1178 Γ

351 1153 386 1220 ἡ
423 1147 672 1226 βασιλεια
703 1166 869 1200 αυτου
904 1163 1013 1219 ουχ
1046 1162 1250 1197 ισταιαι
1313 1166 1332 1193 ι
1372 1138 1626 1210 ευοηλο),
1658 1141 1740 1194 ὅτι
1762 1135 2007 1226 Δδα.μ›να

355 1224 636 1316 φα-ρμακὸς
665 1237 726 1291 οὐ
763 1231 972 1304 διώκει,
1006 1230 1130 1287 ἀλλ’
1164 1231 1191 1284 6
1225 1227 1433 1303 δαίμων
1470 1231 1496 1282 6
1528 1227 1580 1282 ἐν
1627 1232 1705 1299 τῷ
1758 1224 2007 1297 δαιμονι-

363 1329 573 1401 ζομένῳ
602 1325 876 1400 ἀνθρώπῳ
908 1321 1070 1376 οἰκῶν
1119 1320 1377 1380 ἑκουσίως
1426 1317 1710 1393 ὖποχωρεῖ
1761 1318 1895 1390 πρὸς
1945 1317 2006 1370 τὸ

366 1418 691 1486 ἀπατηθῆναι
736 1411 862 1474 τοὺς
896 1410 1242 1485 ἀνθρώπους,
1288 1407 1378 1462 καὶ
1430 1406 1545 1462 ἀντί
1594 1411 1691 1460 τοῦ
1748 1405 2009 1480 προστρὲυ

369 1526 486 1582 χειν
538 1505 665 1581 πρὸς
711 1503 861 1571 Θεὸν,
911 1500 1082 1555 πείθει
1132 1499 1268 1575 πρὸς
1313 1498 1440 1560 τοὺς
1518 1495 1836 1575 φαρμακοὺς
1886 1493 2004 1569 τρέ-

368 1615 512 1671 χειν.

436 1683 627 1757 Ἐρώτ.
674 1681 795 1756 ρκε’.
833 1685 958 1741 [Ιῶς
1008 1676 1094 1733 ἐπὶ
1143 1681 1402 1733 τοσοῦτον
1462 1674 1639 1751 ἰσχύει
1698 1675 2006 1751 φαρμακός,

358 1771 499 1826 ὥστε
555 1769 641 1824 καὶ
692 1769 764 1830 εἰς
825 1765 1027 1843 ἀλόγου
1073 1765 1227 1843 φύσιν
1288 1768 1600 1840 μετενεγκαι
1655 1763 1744 1818 τὸν
1799 1763 2006 1836 ἅνθρω-

356 1881 458 1914 πον
493 1879 506 1929 ;

428 1948 625 2006 Ἀπόκ.
659 1948 725 2004 Εἰ
776 1946 1012 2016 ἠδύνατο
1064 1946 1114 2016 ἐξ
1164 1945 1449 2021 ἀνθρώπου
1512 1948 1646 2012 ζῶον
1704 1942 2009 2018 ἀπεργάσα-

360 2049 501 2103 σθαι,
534 2037 754 2098 πάντως
787 2033 976 2111 ἴσχυσε
1005 2035 1096 2089 καὶ
1130 2034 1180 2104 ἐξ
1220 2033 1428 2108 ἀλόγου
1477 2031 1756 2108 ἄνθρωπον
1815 2032 2011 2100 συστή-

358 2128 545 2180 σασθαι
605 2123 854 2200 λογικόν.
908 2123 1064 2181 Ἀλλ’
1112 2123 1210 2178 οὐκ
1254 2122 1364 2177 ἔστι
1407 2127 1589 2176 τοῦτο·
1648 2122 1723 2193 μὴ
1755 2121 2008 2196 γὲνοιτοί

356 2214 520 2272 Ἀλλ’
551 2212 734 2291 ὣσπερ
760 2215 810 2270 οἱ
843 2213 1135 2288 λεγόμενος
1171 2209 1451 2289 Ψηφάδες,
1492 2211 1581 2266 καὶ
1636 2209 1797 2265 πάλιν
1852 2208 2012 2271 αὐτὸς

357 2305 387 2358 ὁ
449 2304 824 2380 Ἀντίχριστος
878 2302 1180 2379 ἐρχόμενος
1229 2301 1278 2355 ἐν
1341 2300 1597 2379 φαντασίᾳ
1647 2299 1826 2369 πλανᾷ
1885 2298 2014 2360 τοὺς

359 2393 680 2471 ὀφθαλμοὺς
735 2397 842 2447 τῶν
875 2392 1175 2467 ἀνθρώπων
1227 2390 1454 2466 χρυσίον
1507 2390 1692 2452 αὐτοῖς
1741 2386 2013 2450 πολλάκις

356 2484 392 2552 ἢ
425 2482 652 2558 ἄργυρον
690 2479 1025 2543 ὑποδεικνῦς·
1086 2481 1228 2535 οὕτω
1267 2481 1357 2534 καὶ
1409 2480 1458 2533 οἱ
1519 2477 1771 2554 λέγοντες
1823 2478 1873 2549 ἐξ
1921 2477 2014 2532 ἀι-

359 2573 587 2646 θρώπου
621 2575 757 2640 ζῶον
790 2575 963 2626 ποιεῖν
997 2570 1124 2631 τοὺς
1155 2569 1394 2644 ὁρῶντας
1437 2569 1528 2622 καὶ
1581 2567 1742 2640 μόνον
1797 2568 2015 2621 ἀπατῶ-

359 2680 468 2714 σιν·
503 2659 617 2714 ἐπεὶ
647 2661 738 2714 τὸν
771 2661 895 2726 κατ’¹
919 2658 1098 2713 εἰκόνα
1125 2659 1216 2713 καὶ
1250 2658 1514 2730 ὁμοίωσιν
1559 2662 1692 2711 Θεοῦ
1724 2657 2013 2731 γενόμενον

359 2747 647 2824 ἄνθρωπον
681 2755 875 2818 κτῆνος
907 2755 1132 2818 ποιῆσαι
1165 2747 1226 2802 οὐ
1261 2746 1531 2803 δύνανται.

438 2838 629 2912 Ἐρώτ.
689 2844 821 2913 ρκς’.
879 2839 1021 2913 Ἀρα
1078 2843 1250 2913 κρῖμα
1323 2837 1610 2907 κέκτηνται
1674 2837 1725 2889 οἱ
1802 2834 2014 2904 κλοπὴν

362 2926 743 2999 ὑπομένοντες,
776 2926 864 2981 καὶ
898 2926 972 2989 εἷς
1027 2927 1154 2989 τοὺς
1210 2925 1541 3002 λεγομένους
1605 2925 1820 2997 μάντεις
1881 2922 2018 2978 ὑπά-

362 3035 554 3088 γοντες
582 3033 596 3082 ;

438 3103 636 3159 Ἀπόκ.
684 3102 781 3158 Καὶ
844 3104 1002 3178 μέγα·
1068 3101 1301 3174 ἐδίδαξεν
1371 3105 1471 3180 γὰρ
1531 3106 1680 3176 ἡμᾶς
1736 3105 1771 3172 ἦ
1832 3103 2017 3179 Γραφὴ

2115 604 2357 659 tionem.

2189 783 2404 847 Qua-351'.
2464 783 2693 838 CXXlV.
2729 784 3028 849 Quomodo
3078 784 3322 855 quidam
3376 785 3770 844 incantatores

2117 872 2412 929 damones
2442 889 2508 928 ex
2537 872 2880 928 hominibus
2912 873 3152 944 ejiciunt
3173 874 3200 928 ‘?

2191 962 2363 1016 Rssr.
2399 965 2541 1016 Cum
2573 961 2832 1016 Christus
2867 962 2922 1016 in
2956 963 3176 1018 sanctis
3228 964 3559 1037 Evangeliis
3591 965 3766 1034 dicat,

2117 1074 2144 1102 «
2182 1051 2240 1106 Si
2273 1056 2514 1106 Satanas
2546 1052 2819 1106 Satanam
2855 1051 3033 1122 ejicit,
3059 1068 3306 1124 regnum
3339 1054 3467 1124 ejus
3501 1071 3617 1109 non
3650 1061 3768 1109 sta-

2115 1142 2203 1196 bit
2232 1141 2275 1175 ³³
2304 1158 2367 1195 ;››
2390 1140 2525 1196 inde
2568 1140 2754 1212 liquet
2776 1159 2889 1196 non
2915 1143 2985 1197 ab
3010 1142 3375 1198 ineantatore
3408 1143 3620 1216 expelli
3651 1144 3768 1200 daa-

2119 1247 2376 1296 monem,
2411 1231 2510 1284 sed
2565 1231 2889 1286 dazmonem
2924 1231 2983 1284 in
3034 1231 3271 1287 obsesso
3321 1232 3556 1293 homine
3587 1232 3770 1288 exsis-

2122 1324 2338 1374 tentem
2370 1324 2576 1391 sponte
2609 1320 2875 1374 recedere
2909 1337 3025 1391 quo
3063 1321 3328 1377 homines
3360 1321 3636 1393 decipiat,
3670 1321 3771 1394 qui

2120 1425 2191 1463 ne
2219 1409 2296 1486 ad
2334 1410 2512 1464 Deum
2546 1408 2910 1479 confugiant,
2940 1411 3147 1464 suadet
3179 1409 3323 1481 ipsis
3373 1416 3435 1465 ut
3466 1411 3538 1466 ad
3572 1410 3772 1466 incan-

2118 1502 2335 1554 tatores
2368 1499 2600 1554 abeant.

2189 1679 2411 1744 Qoms'r.
2453 1676 2657 1732 CXXV.
2712 1677 3012 1740 Quomodo
3059 1681 3224 1733 tanta
3269 1677 3358 1734 vis
3407 1683 3463 1734 et
3513 1679 3776 1752 potentia

2118 1766 2503 1824 incantatoris
2534 1765 3028 1836 esl,uthominem
3053 1766 3111 1821 in
3144 1766 3473 1823 belluarum
3497 1773 3769 1824 naturam

2042 1840 2089 1904 Β
2123 1857 2490 1913 commutet?

2195 1947 2364 2002 RESP.
2398 1945 2456 2000 Si
2488 1950 2686 2017 posset
2717 1962 2785 2000 ex
2815 1944 3050 2000 homine
3075 1945 3328 2002 belluam
3354 1948 3615 2015 reddere,
3650 1965 3783 2020 pos-

2123 2041 2212 2091 set
2243 2040 2300 2090 et
2347 2051 2417 2090 ex
2466 2033 2662 2089 bellua
2704 2033 3000 2089 hominem
3035 2036 3264 2090 efﬁcere
3314 2036 3677 2092 rationalem.
3709 2042 3783 2094 At

2124 2143 2238 2180 non
2263 2125 2344 2180 ita
2367 2128 2491 2180 est:
2518 2122 2702 2178 absit!
2729 2124 2835 2178 Sed
2865 2125 3368 2194 quemadmodum
3391 2125 3781 2195 quidicuntur

2127 2214 2477 2286 Psephades,
2514 2217 2577 2268 ut
2622 2213 2761 2267 item
2795 2211 2919 2284 ipse
2961 2213 3380 2280 Antichristus,
3415 2215 3562 2270 falsa
3595 2216 3775 2272 amic-

2125 2310 2222 2360 tus
2253 2304 2446 2376 specie
2477 2309 2756 2358 venturus
2789 2308 2900 2371 est,
2934 2319 3049 2374 qua
3079 2302 3280 2358 oculos
3331 2303 3640 2360 hominum
3673 2307 3778 2362 de-

2124 2393 2308 2459 ludat,
2335 2393 2549 2465 quibus
2582 2409 2793 2447 aurum
2825 2408 2976 2462 saepe
3007 2396 3062 2445 et
3091 2397 3396 2464 argentum
3432 2399 3779 2451 ostensurus

2125 2489 2214 2538 est
2247 2499 2258 2538 :
2295 2483 2378 2539 sic
2409 2481 2509 2554 qui
2558 2483 2744 2552 aiunt,
2778 2497 2839 2537 se
2871 2498 2937 2536 ex
2979 2480 3216 2536 homine
3256 2482 3514 2538 belluam
3564 2485 3775 2555 facere,

2125 2572 2384 2627 videntes
2445 2571 2853 2627 tantummodo
2907 2570 3252 2639 decipiunt:
3301 2573 3777 2645 quandoquidem

2128 2662 2428 2717 hominem
2478 2662 2550 2716 ad
2599 2659 2918 2731 imaginem
2946 2665 3002 2714 et
3043 2660 3497 2718 similitudinem
3534 2663 3628 2718 Dei
3660 2665 3778 2719 fae-

2128 2757 2253 2806 tum
2287 2766 2402 2805 non
2456 2753 2706 2820 possunt
2737 2749 2793 2802 in
2845 2749 3087 2803 brutum
3147 2750 3366 2805 animal
3399 2758 3782 2809 commutare.

2201 2845 2427 2906 ρυίεετ.
2463 2837 2694 2893 CXXVI.
2747 2837 2898 2892 Num
2949 2835 3234 2908 judicium
3288 2840 3402 2894 sibi
3452 2847 3783 2911 accersunt,

2130 2930 2227 3002 qui
2264 2929 2485 2983 furtum
2519 2926 2698 2999 passi,
2732 2926 2803 2981 ad
2836 2925 3022 2980 dictos
3074 2927 3467 2986 incantatores
3497 2947 3560 2986 se
3589 2933 3783 2986 conl'e-

2130 3018 2312 3074 runt?

2204 3109 2374 3162 Resp.
2424 3109 2606 3160 Grave
2652 3104 2908 3176 profecto
2957 3103 3066 3160 sibi
3117 3109 3423 3161 accersunt
3459 3107 3782 3178 judicium.

364 3193 456 3247 ἐπὶ
495 3194 673 3262 πάσης
730 3199 1012 3270 συμῳορᾶς
1069 3195 1205 3265 ἡμῖν
1267 3191 1643 3266 ἐπερχομένης
1700 3191 1872 3266 λέγειν
1931 3190 2013 3246 τό⁸

2145 3197 2433 3268 Siquidem
2469 3212 2574 3250 nos
2597 3195 2795 3249 docuit
2830 3193 3130 3266 Scriptura
3164 3194 3222 3249 in
3253 3194 3514 3266 qualibet
3543 3196 3784 3253 calami-

366 3305 394 3330 ί(
429 3282 490 3338 Ὁ
521 3280 721 3356 Κύριος
754 3278 971 3348 ἔδωκεν,
1005 3283 1032 3335 ὁ
1083 3281 1278 3353 Κύριος
1322 3281 1602 3359 ἀφείλατοο
1655 3282 1729 3342 ὡς
1782 3285 1861 3352 τῷ
1910 3283 2019 3336 Κυ-

367 3370 471 3445 ρίῳ
521 3367 718 3440 ἔδοξεν,
753 3370 895 3424 οὕτω
925 3371 1012 3424 καί
1061 3369 1288 3446 ἐγένετοο
1348 3368 1431 3441 εἷή
1477 3370 1538 3424 τὸ
1592 3366 1766 3442 ὄνομα
1816 3368 2016 3446 Κυρίου

366 3458 568 3533 εὐλογη
582 3459 760 3532 μενον.
798 3485 823 3511 ››

442 3549 636 3624 Ἐρώτ.
674 3549 806 3624 ρκζ’.
839 3549 963 3620 Πῶς
995 3569 1135 3609 τινες
1166 3546 1216 3602 ἐν
1244 3552 1361 3609 τοῖς
1393 3553 1698 3612 θανατικοῖς
1750 3546 2020 3618 ἀποθνήσ-

364 3659 547 3704 κουσι,
577 3638 667 3692 καὶ
700 3637 962 3714 Θεωροῦσί
988 3659 1135 3700 τινας
1193 3637 1475 3709 ὀπτασίας,
1508 3637 1597 3693 καί
1653 3638 1784 3712 μετά
1837 3635 1932 3692 δύο
1980 3639 2014 3707 ἣ

361 3733 512 3802 τρεῖς
547 3726 689 3802 ὥρας
718 3726 1021 3781 ἀνίστανται
1055 3723 1410 3803 διηγούμενοι
1440 3745 1453 3795 ;

439 3815 632 3872 Ἀπόκ.
666 3815 788 3872 Ἐπὶ
818 3820 923 3870 τῶν
957 3815 1219 3870 τοιούτων
1253 3815 1313 3869 οὐ
1344 3814 1568 3878 τελείως
1605 3815 1728 3870 τότε
1775 3817 1810 3885 ἡ
1861 3816 2016 3889 ψυχὴ

366 3904 590 3977 ἐξῆλθεν
642 3903 702 3959 ἐκ
747 3903 843 3959 τοῦ
893 3909 1166 3978 σώματος·
1220 3902 1347 3960 ἀλλ’
1373 3903 1422 3960 ἐν
1457 3906 1696 3960 ἐκστάσει
1754 3904 2018 3978 γίνονται,

364 3995 463 4050 κᾶν
512 3996 647 4066 ἡμῖν
708 3992 1084 4056 ἐκπνεύσαντες
1142 3994 1492 4066 νομίζωνται·
1553 3994 1687 4070 ἅπερ
1746 3991 1803 4048 δὲ
1852 3995 2020 4070 ὁρῶσι

367 4081 462 4138 καί
524 4079 837 4158 διηγοῦνται
897 4077 1122 4159 φοϐερὰ,
1179 4082 1317 4156 πρὸς
1367 4082 1428 4136 τὸ
1476 4083 1612 4154 ἡμῖν
1668 4084 1940 4159 συμφέρον
1993 4083 2020 4137 6

370 4172 504 4234 Θεὸς
562 4171 696 4226 αὐτά
756 4169 1046 4242 ὑπὲδειξεψ
1100 4174 1212 4245 (69)
1255 4169 1348 4226 ἵνα
1399 4168 1724 4249 φοϐηθέντες
1786 4169 2022 4248 διορθω-

369 4261 591 4335 σώμεθα
664 4261 908 4331 ἑαυτοὺς,
992 4260 1328 4336 ἀπεχόμενοι
1396 4265 1503 4316 των
1581 4266 1833 4333 πονηρῶν
1894 4263 2024 4340 πρά-

369 4353 502 4424 ξεων
513 4394 526 4407 .

443 4439 634 4514 Ἐρώτ.
672 4441 809 4512 ρκη’.
845 4438 1012 4503 Πόθεν
1064 4438 1406 4515 ἐπιγινώσκει
1456 4441 1489 4509 ἡ
1542 4441 1695 4516 ψυχὴ
1749 4430 2059 4511 ἀπλανῶς,’

367 4529 430 4584 τὸ
464 4525 601 4583 ἴδιον
639 4532 797 4601 σῶμα
830 4527 880 4582 ἐν
931 4532 999 4602 τῇ
1030 4528 1334 4599 ἀναστάσει,
1368 4529 1457 4584 καὶ
1491 4529 1589 4584 οὐκ
1621 4529 1696 4591 είς
1728 4529 2026 4606 ἀλλότριον

370 4617 674 4694 εἰσέρχεται
705 4637 718 4687 ;

445 4708 637 4763 Ἀποκ.
703 4709 914 4780 Φυσικῇ
958 4705 1276 4779 ἀκολουσίᾳ,
1331 4711 1534 4783 ⁸Ώσπερ
1582 4709 1681 4782 γὰρ
1732 4708 1889 4785 ἀρνία
1934 4709 2025 4787 ἀφ’

372 4795 600 4872 ἑσπέρας
633 4794 693 4850 ἐκ
726 4794 973 4869 μητέρων
1008 4797 1366 4872 χωρισθέντα,
1403 4797 1534 4868 εἶτα,
1570 4795 1779 4872 πρωίας
1812 4795 2023 4852 ἀπολο-

370 4885 547 4953 θὲντα,
611 4883 864 4946 ἀπλανῶς
915 4883 1136 4939 ἕκαστον
1185 4885 1290 4940 ὐπὸ
1338 4893 1439 4955 τῆς
1483 4884 1692 4963 φύσεως
1735 4887 1872 4961 πρὸς
1923 4887 2021 4957 τὴν

374 4973 512 5030 ἰδίαν
568 4973 776 5049 μητέρα
808 4969 1046 5049 ἔρχεταιν
1082 4975 1223 5030 οὕτω
1254 4975 1342 5030 καὶ
1373 4975 1460 5030 ἐπὶ
1501 4979 1604 5029 τῶν
1657 4979 1848 5051 ψυχῶν
1896 4978 2024 5047 νοή-

375 5085 557 5136 σωμεν
590 5062 641 5118 ἐν
675 5068 743 5137 τῇ
776 5063 1057 5119 ἀναστάσει
1087 5065 1346 5140 γενέσθαι.

444 5154 640 5228 Ἐρώτ.
720 5155 850 5228 ρκθ“.
925 5152 1048 5210 Ἐἀι
1112 5175 1193 5216 τις
1267 5152 1503 5228 λῃστὴς,
1571 5153 1756 5209 ἑκατὸν
1825 5155 2022 5232 φόνους

367 5243 606 5314 ποιήσας
640 5288 655 5311 ,
739 5243 1029 5318 κρατηθεὶς
1109 5243 1521 5321 ἀποκεφαλισθῇ
1557 5288 1570 5313 ,
1657 5241 1710 5297 τί
1795 5242 2024 5320 λέγομεν

370 5331 497 5407 περὶ
529 5331 728 5401 αὐτοῦ;
777 5334 912 5408 Ἀρα
941 5331 1293 5406 ἠλευθερώθη
1351 5338 1459 5388 τῶν
1507 5332 1709 5410 φόνων,
1743 5335 1816 5387 ὡν
1877 5333 2023 5389 ἐποί-

374 5441 506 5492 ησεν
530 5439 543 5489 ;

442 5581 488 5618 ⁸³
517 5581 696 5640 Mare.
729 5599 814 5655 ιιι,
842 5587 932 5641 26.
1009 5584 1055 5621 ⁸⁸
1082 5585 1192 5642 Job
1225 5601 1264 5655 ι,
1295 5586 1384 5641 21.

2125 3295 2243 3349 tate
2274 3304 2401 3358 quae
2434 3283 2604 3340 nobis
2637 3284 2870 3354 accidit,
2904 3284 3024 3338 haec
3055 3283 3270 3350 dicere,
3307 3307 3334 3336 ι(
3369 3286 3650 3341 Dominus
3683 3287 3788 3342 de-

2126 3381 2235 3444 dit,
2266 3374 2552 3433 Dominus
2598 3373 2844 3428 abstulit
2877 3389 2888 3427 :
2927 3372 3081 3428 sicut
3131 3375 3380 3431 Domino
3437 3374 3678 3447 placuit,
3712 3377 3793 3432 ita

2128 3468 2350 3526 factum
2382 3469 2508 3529 est;
2543 3462 2621 3518 sit
2651 3479 2864 3517 nomen
2901 3463 3130 3517 Domini
3160 3463 3536 3520 benedictum
3566 3466 3632 3520 3‘.
3666 3490 3694 3516 ››

2199 3560 2413 3624 Ουλειετ.
2447 3551 2703 3607 CXXVII.
2737 3553 3000 3616 Quonam
3038 3553 3206 3607 modo
3230 3553 3596 3625 temporibus
3628 3571 3785 3610 mor-

2128 3646 2314 3703 tiferis
2375 3641 2716 3697 moriuntur
2771 3640 3033 3710 quidem,
3084 3647 3450 3712 cernuntque
3507 3642 3788 3712 visiones,

2128 3742 2304 3807 atque
2337 3735 2466 3804 post
2497 3731 2644 3786 duas
2675 3728 2761 3785 vel
2794 3735 2912 3786 tres
2941 3730 3117 3785 horas
3151 3736 3589 3803 resurgunt,eas
3611 3749 3781 3788 enar-

2130 3829 2328 3879 rantes
2351 3822 2378 3876 ?

2203 3914 2375 3968 Resp.
2409 3911 2473 3966 In
2505 3909 2634 3966 istis
2683 3908 2882 3964 anima
2933 3927 3048 3964 non
3087 3910 3318 3981 penitus
3380 3915 3520 3965 tunc
3550 3928 3793 3984 corpore

2130 4002 2350 4057 exivit:
2386 4001 2489 4056 sed
2538 3999 2599 4054 in
2651 3998 2907 4054 eastasin
2960 3999 3289 4069 rapiuntur,
3341 4000 3572 4056 etiamsi
3622 4002 3796 4057 nobis

2130 4092 2438 4146 videantur
2469 4089 2966 4160 exspirasse,quae
2999 4093 3198 4144 autem
3231 4089 3434 4145 vident
3466 4094 3521 4145 et
3555 4095 3797 4146 narrant

2133 4179 2468 4246 metuenda,
2503 4178 2574 4232 ad
2629 4180 2890 4231 nostram
2946 4175 3258 4232 utilitatem
3308 4178 3465 4234 Deus
3511 4179 3633 4236 haec
3677 4179 3795 4236 illis

2133 4267 2424 4334 ostendit;
2466 4269 2525 4320 ut
2557 4265 2766 4320 timore
2798 4265 3048 4336 correpti
3083 4266 3479 4339 nosmetipsos
3512 4268 3790 4324 emende-

2135 4374 2288 4426 mus,
2322 4355 2849 4425 abstineamusque
2883 4354 2954 4408 ab
2985 4355 3263 4425 operibus
3293 4355 3487 4410 malis.

2207 4447 2436 4510 Quass'r.
2471 4443 2766 4499 CXXVIII.
2819 4443 3117 4507 Quomodo
3149 4443 3350 4498 anima
3397 4443 3459 4499 in
3491 4460 3793 4500 resurrec-

2133 4537 2291 4592 tione
2321 4540 2477 4592 certo
2522 4550 2698 4590 suum
2730 4549 2942 4604 corpus
2975 4533 3261 4604 agnoscit,
3297 4549 3402 4588 nec
3442 4532 3498 4590 in
3533 4533 3793 4590 alienum

2135 4622 2508 4697 ingreditur?

2207 4714 2360 4770 246
2395 4712 2565 4766 RESP.
2599 4710 2864 4766 Naturali
2913 4712 3159 4766 ratione.
3199 4710 3264 4767 Ut
3314 4710 3471 4766 enim
3501 4711 3639 4784 agni
3672 4730 3796 4771 ves-

2137 4821 2268 4875 pere
2300 4819 2333 4856 a
2363 4803 2652 4857 matribus
2700 4799 2973 4872 separati,
3009 4805 3067 4854 et
3098 4816 3269 4855 mane
3314 4801 3566 4871 dimissi,
3604 4803 3656 4856 vi
3689 4820 3796 4861 na-

2134 4898 2277 4947 tura:
2312 4890 2528 4963 singuli
2563 4890 2630 4944 ad
2667 4907 2833 4944 suam
2868 4895 3113 4943 matrem
3148 4896 3305 4944 certo
3338 4899 3683 4947 accurrunt:
3709 4894 3794 4949 ita

2134 4983 2288 5036 idem
2322 4981 2379 5035 in
2414 4979 2839 5035 resurrectione
2873 4978 3184 5034 animabus
3214 4980 3475 5035 accidere
3499 4984 3589 5035 est
3620 4980 3791 5035 intel-

2135 5070 2458 5140 ligendum.

2205 5159 2428 5222 Qums'r.
2465 5155 2696 5211 CXXIX.
2730 5156 2789 5211 Si
2838 5158 2970 5227 quis
3021 5155 3166 5211 latro
3213 5158 3346 5226 post
3401 5160 3636 5213 centum
3683 5155 3791 5212 ho-

2136 5247 2375 5304 micidia
2405 5245 2723 5302 commissa
2753 5252 2964 5317 captus
2995 5245 3394 5310 obtruneetur,
3417 5244 3558 5314 quid
3591 5245 3662 5300 de
3693 5243 3792 5302 illo

2133 5336 2510 5393 sentiendum
2543 5334 2678 5389 est?
2723 5339 2872 5389 Num
2917 5335 2988 5389 ab
3020 5331 3295 5388 omnibus
3343 5332 3598 5388 caedibus
3645 5350 3792 5405 quas

2135 5421 2507 5497 perpetravit,
2540 5420 2850 5478 absolutus
2881 5419 3019 5478 est?

446 5733 560 5809 (69)
591 5735 678 5793 Ita
708 5737 1094 5812 manuscripti
1128 5737 1386 5812 quidam.
1423 5736 1650 5793 Ηωοιαᾶ
1682 5736 1858 5798 ﬁnem
1888 5755 2077 5814 usque
2106 5734 2528 5811 Responsionis
2558 5734 2800 5790 deerant
2829 5734 2889 5790 in
2922 5733 3114 5791 editis.
