4132 6402
373 418 491 482 679

1542 418 1603 479 Ξ.
1654 413 2172 479 ATHANASlUS.
2202 451 2279 462 —-
2308 414 2618 483 SPURIA.

3673 416 3794 483 680

452 556 618 610 lisse.
653 552 837 610 Unius
869 559 926 608 et
974 546 1160 609 solius
1194 553 1489 610 homicidii
1532 569 1732 626 poenas
1763 551 1874 606 luit
1908 567 1920 604 ε
1955 550 2006 604 d4

2212 548 2401 604 Ἀπόκο
2435 551 2587 614 Ἐνὸς
2631 552 2720 606 καὶ
2784 551 2949 623 μόνου
2998 550 3165 630 φόνου
3215 547 3385 609 ἔδωκε
3442 551 3620 625 δίκην·
3680 560 3791 610 τῶν

376 644 506 698 aliis
539 643 859 716 nonaginta
891 658 1094 699 novem
1132 641 1463 698 homicidiis
1505 642 1795 698 rationem
1826 640 2029 695 reddet

374 732 432 788 in
496 733 693 787 futuro
751 729 964 787 saeculo
1007 731 1141 803 (70).
1202 731 1516 786 Sciendum
1576 734 1666 786 est
1721 732 1941 796 autem,
1977 728 2025 784 si

373 822 548 878 homo
580 819 755 877 unius
786 821 960 875 cedis
994 837 1148 888 reus,
1172 819 1653 892 comprehensus,
1685 818 1874 890 capite
1902 816 2024 890 ple-

371 916 583 979 ctatur,
616 927 767 983 saepe
804 918 997 966 tamen
1045 926 1159 965 non
1192 910 1350 965 omni
1376 908 1602 980 judicio
1650 923 1778 964 esse
1808 906 2022 962 libera-

370 1005 519 1057 tum.
554 1000 735 1068 Quale
766 1003 854 1056 est
886 1000 1039 1071 quod
1075 1000 1145 1054 de
1177 1005 1379 1054 sancto
1425 997 1649 1053 Joanne
1680 996 1940 1069 Baptista
1968 998 2026 1052 et

370 1090 597 1147 Herode
628 1090 902 1146 dicimus.
936 1087 1043 1152 Qui
1078 1088 1128 1142 si
1160 1087 1482 1144 dccollatus
1514 1091 1692 1151 esset,
1715 1090 2024 1158 propterea

370 1180 522 1250 quod
556 1179 877 1251 Baptistam
908 1177 1219 1244 occiderat,
1253 1193 1365 1233 non
1400 1180 1595 1231 tamen
1629 1175 1769 1247 quid
1804 1172 2024 1246 aequale

370 1273 458 1324 est
479 1268 548 1323 ad
571 1268 818 1324 salutem
844 1267 1046 1322 mundi
1070 1266 1330 1321 Joannes
1351 1268 1407 1319 et
1429 1264 1704 1320 Herodes.
1742 1262 1842 1318 llle
1863 1263 2020 1319 enim

368 1357 646 1413 salutaris
693 1361 816 1412 erat
846 1357 1021 1412 homo
1046 1373 1059 1424 ;
1087 1355 1182 1410 hic
1212 1371 1370 1419 vero,
1404 1353 1729 1410 insidiator.
1758 1352 1919 1407 Idem
1950 1351 2022 1408 de

366 1446 496 1502 aliis
526 1444 1130 1516 homicidis,etjustis
1151 1444 1291 1500 viris
1331 1442 1540 1498 occisis
1574 1441 2016 1514 intelligendum

364 1540 427 1595 et
450 1535 896 1608 dijudicandum
928 1539 1037 1605 est,
1071 1533 1570 1606 quemadmodum
1603 1531 1883 1587 diximus.

434 1715 658 1779 Quass'r.
693 1712 905 1768 CXXX.
939 1711 999 1768 Si
1048 1711 1183 1783 quis
1231 1711 1501 1783 princeps
1553 1709 1640 1766 ira
1687 1712 2018 1765 commotus

363 1818 485 1858 rem
519 1802 777 1875 aliquam
829 1818 962 1857 cum
991 1799 1378 1872 jurejurando
1432 1798 1772 1863 decreverit,
1808 1796 2017 1853 deinde

360 1898 489 1965 post
502 1890 927 1964 jusjurandum
950 1890 1021 1946 ad
1045 1888 1309 1961 seipsum
1334 1886 1590 1955 redierit,
1614 1886 1870 1959 factique
1895 1902 2013 1959 pte-

362 1982 566 2049 niteat,
600 1998 732 2036 cum
767 1996 977 2052 nempe
1008 1979 1271 2035 advertat
1313 1993 1376 2033 se
1406 1975 1558 2033 malo
1587 1977 1839 2049 jurasse,
1873 1975 2013 2048 quid

357 2069 472 2144 ipsi
504 2071 796 2143 agendum
829 2079 911 2125 est
934 2069 962 2124 ?

434 2161 605 2216 Rsss.
636 2160 752 2215 Deo
783 2157 1048 2215 confiteri
1078 2158 1269 2223 debet,
1303 2171 1591 2228 suamque
1621 2156 2014 2211 condemnem

356 2248 938 2313 inconsiderantiam,
967 2249 1453 2319 etjuramentum
1485 2245 1726 2301 solvere.
1747 2245 2011 2317 Namque

356 2338 562 2394 Petrus
596 2336 898 2410 apostolus
933 2336 1037 2408 qui
1070 2336 1316 2402 dixerat,
1351 2358 1377 2385 ‹‹
1409 2334 1532 2390 Non
1565 2333 1787 2390 lavabis
1834 2334 2011 2406 pedes

355 2442 519 2483 meos
550 2427 609 2482 in
642 2431 925 2482 aeternum
957 2424 1050 2493 εν,
1086 2446 1114 2475 ››
1145 2424 1398 2481 rescisso
1439 2424 1545 2480 hoc
1573 2423 1729 2496 quod
1761 2422 2010 2491 dixerat,

352 2532 422 2573 ea
468 2516 538 2572 de
570 2531 750 2571 causa
781 2515 1077 2570 laudatur.
1123 2513 1378 2570 Herodes
1427 2516 1629 2568 contra
1668 2512 2008 2583 juramento

352 2602 723 2668 confirmato,
740 2605 977 2673 propter
1004 2604 1372 2673 amputatum
1406 2601 1780 2673 praecursoria
1808 2603 2006 2672 caput,

354 2707 558 2763 poenas
586 2694 833 2745 aeternas
863 2688 994 2745 luit.

422 2779 642 2844 Qua-331'.
681 2778 912 2836 CXXXI.
947 2779 1004 2835 Si
1038 2778 1171 2851 quis
1204 2778 1311 2835 sibi
1348 2795 1467 2835 rem
1509 2778 1764 2850 aliquam
1800 2777 2001 2832 utilem

350 2884 483 2926 esse
526 2868 861 2940 arbitretur,
895 2869 1188 2941 quomodo
1236 2885 1365 2925 eam
1399 2886 1431 2923 ιι
1470 2868 1587 2926 Deo
1635 2869 1691 2923 in
1743 2866 2007 2924 oratione

351 2965 546 3032 petere
575 2956 794 3013 debet?

424 3047 592 3103 Resp.
627 3047 1136 3112 Quemadmodum
1170 3048 1442 3105 Christus
1462 3065 1566 3104 nos
1588 3064 1752 3103 orare
1784 3046 2000 3119 docuit,

348 3136 588 3209 hecque
612 3138 681 3192 ad
734 3136 914 3193 Deum
949 3137 1162 3209 dicere,
1197 3162 1222 3189 ‹‹
1257 3137 1384 3193 Fiat
1423 3135 1694 3193 voluntas
1740 3141 1844 3193 tua
1871 3137 1936 3192 ⁸⁵.
1973 3158 2001 3187 ››

2139 634 2198 691 δὲ
2229 637 2439 694 λοιπῶν
2475 640 2786 712 ἐνενήκοντα
2817 641 2967 697 ἐννέα
3020 641 3071 697 ἐν
3102 646 3180 715 τῷ
3212 640 3367 697 αῗ¹ῶνι
3398 649 3479 715 τῷ
3530 643 3662 716 μέλ)
3677 666 3794 700 οντι

2137 725 2564 802 ἀπολογήσεται.
2599 732 2884 786 Γινώσκειν
2936 728 2992 785 δὲ
3036 733 3171 807 χρὴ,
3229 731 3312 788 ὅτι
3362 733 3634 796 πολλάκις
3699 735 3793 791 καὶ

2133 810 2228 870 ἕνα
2295 818 2457 895 φόνον
2516 822 2752 891 ποιήσας
2804 821 3105 895 ἄνθρωπος,
3151 820 3246 876 κᾶν
3304 822 3595 898 κρατηθεὶς
3652 823 3792 878 ἀπο-

2135 904 2457 982 κεφαλισθῇ,
2517 908 2580 963 οὐ
2647 906 2864 971 πάντως
2914 909 2994 964 ὅτι
3045 908 3178 965 ὅλου
3227 915 3322 964 τοῦ
3379 912 3641 987 κρίματος
3688 917 3789 968 τοῦ

2134 998 2298 1072 φόνου
2354 995 2723 1072 ἡλευθέρωται
2800 998 2926 1054 Οτόν
2974 1020 3024 1052 τι
3076 998 3304 1073 λὲγομεν
3356 999 3443 1054 ἐπὶ
3492 1006 3587 1056 τοῦ
3631 1003 3787 1079 ἁγίου

2132 1083 2380 1139 Ἰωάννου
2436 1089 2532 1139 τοῦ
2589 1085 2894 1143 Βαπτιστδῦ
2941 1087 3030 1141 καὶ
3086 1085 3357 1163 Ἡρώδου·
3406 1088 3494 1145 ὅτε
3541 1093 3644 1168 γὰρ
3693 1094 3788 1146 καὶ

2131 1171 2538 1244 ἀπεκεφαλίσθη
2585 1172 2855 1251 Ἡρώδης,
2909 1176 3039 1252 ὑπὲρ
3094 1175 3156 1231 οὗ
3206 1177 3478 1255 ἐφόνευσεν
3527 1180 3618 1234 τὸν
3677 1187 3786 1235 Βα-

2130 1262 2383 1335 πτιστὴν,
2418 1259 2547 1317 ἀλλ’
2576 1263 2675 1318 οὐκ
2704 1260 2844 1319 ἔστιν
2872 1263 2987 1319 ἴσον
3020 1265 3157 1342 πρὸς
3215 1267 3493 1344 φωτηρίαν
3543 1273 3640 1324 τοῦ
3689 1269 3786 1323 καί·

2132 1371 2272 1423 σμου
2303 1350 2560 1422 Ἰωάννης
2587 1352 2677 1408 καὶ
2707 1352 2981 1431 Ἡρώδης.
3016 1355 3077 1412 Ὁ
3110 1356 3204 1428 μὲν
3235 1356 3336 1432 γάρ
3370 1359 3641 1431 σωτήριος
3686 1357 3784 1412 ἄν-

2131 1450 2373 1514 θρωπος,
2404 1442 2432 1497 6
2464 1440 2521 1497 δὲ
2569 1437 2883 1506 ἐπίϐουλος.
2931 1442 3174 1517 Ὁμοίως
3227 1441 3285 1499 δὲ
3315 1445 3403 1500 καὶ
3446 1444 3534 1501 ἐπὶ
3593 1446 3784 1503 ἄλλων

2131 1532 2358 1607 φονέων,
2388 1530 2476 1586 καὶ
2508 1531 2881 1610 φονευομένων
2916 1529 3135 1588 δικαίων
3168 1530 3397 1609 ἀνδρῶν.
3428 1534 3539 1590 ἐστῖ
3563 1545 3783 1608 νοῆσαι,

2128 1616 2219 1672 καί
2249 1615 2544 1695 διακρῖναι,
2575 1621 2752 1683 καθὼς
2806 1624 3235 1697 προειρήκαμεν.

2200 1708 2390 1783 Ἐρώτ.
2427 1707 2528 1785 ρλ’.
2564 1709 2685 1766 Ἐάν
2716 1731 2797 1773 τις
2831 1708 3017 1787 ἅρχων
3073 1712 3177 1767 ἀπὸ
3229 1716 3404 1786 θυμοῦ
3438 1714 3554 1786 μεθ’
3602 1714 3780 1790 ὅρκων

2127 1798 2243 1867 (71)
2272 1796 2498 1853 πολλῶν
2532 1797 2687 1874 ὁρίσῃ
2718 1804 2965 1875 πρᾶγμα,
3018 1800 3131 1855 εῗτα
3168 1802 3303 1871 μετὰ
3330 1802 3422 1856 τὸν
3473 1800 3633 1874 ὅρκον
3687 1803 3782 1860 ἐλ-

2124 1885 2231 1939 θὼν
2264 1885 2340 1949 είς
2373 1887 2557 1942 ἑαυτὸν
2594 1887 2975 1963 μεταμεληθῇ,
3009 1888 3170 1965 γνοὺς
3204 1889 3286 1946 ὅτι
3326 1895 3506 1955 κακῶς
3556 1890 3777 1969 ὥρκισε,

2121 1974 2176 2029 τί
2204 1972 2409 2030 ἀσείλει
2442 1983 2667 2046 ποιῆσαι
2695 1996 2708 2047 ;

2196 2153 2388 2212 ’Δπόκ.
2421 2155 2956 2232 Ἐξομολογήσασθαι
3005 2161 3083 2230 τῷ
3125 2163 3242 2231 Θεῷ
3290 2158 3383 2214 καὶ
3431 2166 3773 2236 καταγνῶναι

2118 2242 2214 2305 τὰς
2266 2244 2456 2298 ἑαυτοῦ
2484 2246 2830 2320 προπετείας,
2861 2246 2950 2301 καὶ
2984 2246 3243 2303 ἀναλῦσαι
3285 2249 3376 2304 τὸν
3428 2250 3612 2325 ὅρκον.
3675 2252 3774 2307 Καὶ

2121 2331 2226 2408 γὰρ
2247 2333 2336 2387 καὶ
2370 2331 2569 2408 Πέτρος
2602 2334 2630 2388 6
2662 2332 2968 2398 ἀπόστολος
2997 2336 3185 2405 εἰπὼν,
3218 2336 3300 2393 ὅτι
3334 2361 3363 2390 α
3414 2339 3494 2395 Οὐ
3536 2341 3612 2412 μή
3667 2362 3773 2413 μου

2119 2420 2294 2494 νίψεις
2325 2422 2452 2485 τοὺς
2482 2421 2653 2486 πόδας
2690 2425 2766 2486 είς
2793 2425 2886 2479 τὸν
2916 2425 3105 2482 αἰῶνα.
3143 2450 3171 2477 ››
3198 2425 3288 2481 καὶ
3320 2426 3588 2491 ἀναλύσας
3639 2429 3771 2506 ὅπερ

2119 2509 2287 2578 εἶπεν,
2320 2510 2610 2567 ἐπαινεῖται
2642 2518 2803 2569 τοῦτο
2835 2515 3170 2585 πεποιηκώς.
3204 2512 3479 2592 Ἡρώδης,
3531 2515 3588 2573 δὲ
3640 2522 3768 2590 στή-

2119 2620 2214 2661 σας
2243 2601 2333 2655 τὸν
2368 2600 2557 2656 ἑαυτοῦ
2585 2601 2767 2676 ὅρκον,
2803 2600 2890 2659 διὰ
2918 2609 3016 2673 τὴν
3050 2609 3145 2659 τοῦ
3174 2602 3502 2682 προδρόμου
3523 2608 3764 2685 κεφαλὴν

2118 2689 2193 2752 εἱς
2225 2690 2425 2752 αὶῶνας
2456 2688 2769 2760 κολάζεται.

2188 2781 2382 2853 Ἐρώτ.
2419 2776 2554 2855 ρλα’.
2591 2781 2712 2836 Ἐάν
2745 2802 2827 2843 τις
2856 2779 3148 2857 λογίσηταί
3178 2804 3230 2837 τι
3278 2790 3509 2859 πρᾶγμα
3557 2787 3629 2848 ὡς
3670 2809 3762 2842 νο-

2118 2865 2263 2942 μίζει
2293 2869 2466 2941 ἑαυτῷ
2498 2868 2793 2946 συμφέρον,
2828 2874 2943 2932 πῶς
2972 2871 3179 2948 ὀφείλει
3212 2872 3333 2949 περὶ
3384 2872 3545 2930 αὐτοῦ
3602 2876 3754 2945 ain:-

2114 2968 2326 3022 σασθαι,
2349 2956 2439 3011 καὶ
2469 2963 2584 3030 Θεῷ
2616 2958 3006 3032 προσεύξασθαι
3034 2978 3047 3028 ;

2183 3046 2378 3102 ’Δπόκ.
2412 3048 2598 3111 Καθὼς
2646 3050 2792 3120 ἡμᾶς
2831 3048 2859 3103 ὁ
2909 3049 3139 3125 Χριστὸς
3196 3048 3399 3121 ἐδίδαξε
3451 3052 3753 3129 προσεύχε-

2112 3136 2255 3206 σθαι,
2287 3135 2375 3190 καῖ
2411 3133 2583 3212 λέγειν
2617 3137 2752 3211 πρὸς
2798 3135 2948 3192 Θεόν·
3003 3162 3031 3189 ι(
3082 3141 3369 3210 Γενηθήτω
3423 3140 3483 3194 τὸ
3542 3140 3761 3215 θέλημά

345 3224 492 3281 Nam
523 3230 579 3282 et
608 3227 733 3298 ipse
766 3226 1067 3296 Dominus,
1101 3227 1198 3299 qui
1232 3227 1311 3282 ita
1342 3242 1449 3282 nos
1479 3226 1792 3297 erudierat,
1835 3226 1915 3281 sic
1946 3230 2003 3283 et

2129 3246 2229 3281 που.
2267 3250 2294 3277 ›ι
2331 3224 2426 3279 Καὶ
2457 3225 2559 3300 γάρ
2590 3230 2751 3280 τοῦτο
2797 3225 3067 3281 παιδεύων
3102 3230 3248 3299 ἡμᾶς
3299 3230 3327 3282 6
3377 3228 3571 3303 Κύριος
3619 3230 3762 3286 οὕτω

346 3314 475 3387 ipse
499 3290 732 3372 Patr-em
784 3290 1153 3389 precabatur,
1186 3339 1214 3367 «
1246 3316 1368 3372 Non
1401 3332 1529 3371 mea
1567 3290 1841 3371 voluntas
1877 3316 1999 3383 fiat,

2129 3315 2202 3369 ιαὶ
2262 3314 2418 3375 οὗτὸς
2465 3314 2811 3391 προσηύχετο
2872 3313 3042 3391 λέγων
3104 3321 3181 3389 τῷ
3210 3318 3402 3388 ΙῘατρί·
3467 3344 3493 3370 ‹‹

346 3405 450 3461 sed
481 3408 585 3460 tua
603 3405 716 3460 ⁸⁸.»
742 3405 857 3463 Nos
889 3411 1081 3463 autem
1118 3406 1387 3463 homines
1418 3423 1531 3463 non
1566 3423 1696 3462 raro
1729 3407 1995 3478 quaedam

347 3510 381 3548 a
423 3498 533 3550 Deo
564 3495 845 3567 petimus,
880 3512 1006 3567 quas
1038 3495 1206 3551 nobis
1239 3495 1514 3567 prodesse
1546 3495 1859 3567 credimus,
1888 3486 1995 3551 ‘ob-

343 3587 626 3656 tentaque
654 3584 954 3656 petitione,
978 3586 1034 3640 id
1065 3583 1233 3641 nobis
1260 3601 1471 3657 magno
1497 3601 1625 3641 esse
1646 3584 1997 3640 detrimento

341 3672 758 3744 comperimus.
811 3674 955 3728 Hinc
995 3672 1301 3740 Dominus,
1337 3679 1401 3729 ut
1449 3689 1644 3729 rerum
1694 3674 1994 3745 praescius,

344 3766 577 3818 nostras
608 3779 759 3835 saepe
791 3779 902 3819 non
937 3764 1174 3818 exaudit
1201 3764 1513 3833 orationes,
1549 3763 1744 3836 idque,
1776 3762 1859 3818 uti
1894 3763 1995 3819 bo-

341 3867 475 3922 nus,
507 3854 568 3907 in
618 3856 884 3907 nostrum
917 3852 1088 3907 vertit
1134 3853 1530 3910 commodum.
1567 3851 1730 3909 Unde
1771 3860 1994 3908 rectum

338 3957 453 3995 non
487 3945 576 3997 est
606 3941 721 3996 vim
756 3941 873 3997 Deo
916 3941 1153 4012 inferre,
1186 3959 1316 3998 cum
1372 3942 1446 3998 ab
1474 3959 1540 3999 eo
1590 3941 1811 4013 aliquid
1845 3942 1993 4013 peti-

338 4046 495 4098 mus,
526 4030 626 4086 sed
659 4032 723 4085 ut
751 4030 942 4086 edocti
974 4047 1202 4096 sumus,
1224 4032 1510 4088 orandum
1547 4030 1715 4086 nobis
1746 4036 1856 4098 est,
1891 4046 1995 4087 nec

337 4122 719 4192 quaerendum
768 4126 830 4177 ut
879 4127 1098 4192 nostra,
1128 4124 1225 4179 sed
1282 4128 1346 4179 ut
1398 4124 1497 4179 Dei
1550 4124 1649 4177 fiat
1696 4121 1989 4179 voluntas.

333 4207 476 4264 Vult
507 4211 663 4266 enim
696 4226 901 4267 omnes
932 4212 1172 4268 omnino
1205 4212 1397 4268 salvos
1429 4212 1574 4281 ﬁeri,
1609 4228 1790 4283 eaque
1824 4211 1991 4267 nobis

335 4299 572 4372 praebet,
606 4315 733 4373 quae
763 4299 936 4357 saluti
971 4307 1186 4358 nostra;
1216 4303 1574 4357 conducunt.

406 4569 633 4634 Qums'r.
677 4567 934 4624 CXXXII.
974 4569 1030 4625 Si
1086 4570 1221 4641 quis
1278 4586 1399 4625 rem
1459 4570 1797 4642 quampiam
1855 4567 1994 4625 velit

3555 3320 3643 3388 Μὴ
3699 3320 3763 3374 τὸ

2108 3402 2238 3477 ἐμὸν
2269 3402 2399 3474 θὲλη
2413 3424 2485 3476 μα
2514 3404 2769 3480 γενέσθω,
2804 3402 2949 3460 ἀλλὰ
2977 3405 3038 3460 τὸ
3070 3404 3182 3463 σόν.
3219 3429 3247 3460 ι(
3304 3409 3492 3480 Ἡμεῖς
3527 3406 3584 3463 δὲ
3633 3407 3766 3464 πολι

2109 3491 2264 3555 λάκις
2296 3493 2345 3546 οὶ
2378 3494 2653 3569 ἄνθρωποι
2682 3494 2978 3566 αἱτοόμεθά
3020 3515 3141 3549 τινα
3196 3496 3341 3569 παρᾶ
3388 3503 3545 3566 Θεοῦ,
3613 3499 3760 3571 ιομί-

2110 3586 2293 3650 ζοντες
2321 3586 2485 3636 ταῦτα
2534 3582 2668 3655 ἡμῖν
2721 3580 3034 3661 συμφέρειν,
3075 3584 3164 3638 καὶ
3200 3587 3586 3662 -τυγχάνοντες
3644 3590 3759 3660 (72)

2108 3675 2207 3725 τοῦ
2237 3670 2561 3742 αἷτήματος,
2596 3669 2914 3747 εὑρίσκομεν
2960 3674 3060 3742 τήν
3108 3673 3304 3729 τούτου
3356 3670 3571 3730 ἔκϐασιν
3618 3678 3757 3731 πάνυ

2104 3763 2254 3833 ἡμᾶς
2286 3755 2727 3834 καταϐλάψασαν.
2761 3762 2919 3818 ’Όθεν
2950 3762 3024 3824 ὡς
3057 3763 3418 3838 προγνώστης
3449 3766 3478 3819 ὁ
3528 3766 3753 3839 Κύριος,

2103 3848 2170 3903 τά
2233 3848 2367 3920 τέλη
2424 3853 2533 3904 τῶν
2600 3850 2936 3926 πραγμάτων
3009 3849 3388 3924 ἐπιστάμενος,
3456 3853 3753 3925 παρακούει

2103 3936 2375 4000 πολλάκις
2406 3944 2507 4007 τῆς
2538 3945 2851 4013 προσευχῆς
2883 3941 3044 4011 ἡμῶν
3070 3940 3143 4002 ὡς
3189 3940 3388 4016 ἀγαθὸς
3433 3940 3497 3996 τὸ
3552 3943 3756 4022 συμφέ-

2104 4047 2197 4103 ρον
2230 4030 2365 4101 ὗμῖν
2399 4031 2511 4101 (73)
2544 4028 3077 4103 πραγματευόμενος.
3111 4032 3266 4093 Ὅθεν
3305 4031 3366 4086 οὐ
3415 4029 3583 4086 καλὸν
3639 4033 3756 4107 βιά-

2106 4120 2281 4186 ζεσθαι
2332 4117 2425 4172 τὸν
2479 4117 2606 4173 Θεὸν
2659 4117 2712 4172 ἐν
2760 4122 2877 4178 ταῖς
2931 4118 3225 4190 αἱτγςμασιν
3276 4121 3454 4193 ἡμῶν.
3502 4119 3629 4176 ἀλλ’
3682 4122 3757 4184 ὡς

2103 4203 2470 4282 ἐδιδάχθημεν
2532 4205 2806 4282 εὔχεσθαι,
2853 4209 2941 4261 καὶ
3000 4213 3175 4278 ζητεῖν
3232 4209 3309 4279 μή
3362 4210 3424 4263 τὸ
3471 4212 3761 4286 ἡμέτερον,

2101 4293 2248 4351 ἀλλὰ
2274 4295 2337 4349 τὸ
2367 4299 2465 4349 τοῦ
2498 4298 2633 4349 Θεοῦ
2681 4293 2897 4367 θὲλημα
2926 4294 3192 4370 γενέσθαι.
3216 4293 3373 4351 Θὲλει
3403 4296 3508 4372 γάρ
3540 4299 3757 4360 πάντως

2101 4384 2305 4445 πάντας
2338 4391 2599 4453 σωθῆναι,
2630 4384 2721 4438 καὶ
2762 4383 2991 4458 παρέχει
3046 4386 3181 4457 ἡμῖν
3240 4386 3306 4440 τὰ
3359 4386 3437 4449 εἱς
3489 4386 3758 4464 ἡμετέραν

2102 4471 2374 4548 σωτηρίαν
2408 4471 2766 4531 συντείνοντα.

2176 4563 2371 4636 Ἐρώτ.
2407 4560 2550 4638 ρλβ’.
2602 4564 2723 4620 Ἐάν
2773 4584 2853 4626 τις
2906 4562 3270 4641 βουλεύσηται
3318 4571 3540 4642 πρᾶγμα
3593 4574 3758 4637 ποιῆ-

333 4658 829 4729 agere,uudenam
853 4675 1028 4715 nosse
1049 4660 1258 4731 possit,
1282 4664 1517 4733 gratum
1540 4658 1660 4716 fore
1696 4664 1806 4715 Deo
1839 4657 1993 4730 quod

2129 4673 2212 4721 ται,
2246 4652 2407 4707 πόθεν
2441 4650 2653 4728 ὀφείλει
2704 4651 3001 4729 ἐπιγνῶναι
3052 4653 3134 4709 ὅτι
3184 4655 3470 4730 θεάρεστόν
3528 4654 3696 4724 ἐστιν,
3728 4656 3757 4711 ὁ

335 4747 539 4802 statuit
570 4762 740 4819 agere
765 4748 775 4802 !

404 4835 573 4891 Resp.
613 4836 933 4892 Paucorum
959 4836 1126 4893 valde
1152 4837 1456 4894 hominum
1479 4843 1589 4908 est,
1623 4837 1682 4892 in
1714 4834 1994 4893 omnibus

334 4941 465 4997 quas
496 4940 667 4997 agere
718 4924 1068 4994 deliberant,
1104 4936 1262 4984 certo
1315 4943 1489 4983 nosse
1538 4942 1679 4982 num
1730 4924 1846 4981 Deo
1877 4923 1998 4997 pla-

333 5018 461 5069 ceat
490 5015 642 5086 quod
680 5014 894 5085 agitur.
934 5020 1209 5073 Attamen
1242 5033 1312 5073 ex
1343 5016 1413 5072 iis
1444 5032 1573 5088 quas
1616 5015 1906 5071 habentur
1933 5013 1991 5069 in

336 5101 552 5158 divinis
582 5102 924 5175 Scripturis,
956 5110 1015 5160 et
1045 5122 1174 5177 qua:
1207 5110 1453 5178 egerunt
1473 5103 1685 5175 sancti,
1719 5102 1996 5177 pleraque

335 5208 463 5263 qua
496 5208 602 5248 nos
654 5196 945 5264 spectant,
982 5211 1304 5265 possumus
1353 5193 1640 5265 conjicere
1688 5209 1827 5248 num
1882 5198 1993 5249 Deo

400 5360 468 5396 δν
496 5360 664 5417 Joan.
695 5376 823 5433 xm,
854 5362 908 5416 8.

808 5535 1120 5602 rysostom.
1154 5534 1215 5588 in
1248 5532 1431 5589 Matth.

423 5528 516 5585 70)
548 5528 686 5583 Vide
715 5527 799 5585 Cb

403 5528 516 5673 E70;
548 5528 686 5583 Vide
715 5528 1120 5611 C'brysostom.
1154 5534 1215 5588 in
1248 5532 1431 5589 Matth.

425 5600 490 5653 71
552 5604 633 5654 lta
665 5601 907 5672 qmdam
943 5619 1088 5661 mss.
1124 5605 1273 5660 Editi
1322 5620 1475 5675 vero,
1527 5606 1704 5680 θυμοῦ
1750 5612 1840 5667 καὶ
1891 5606 1985 5679 δρ-

425 5600 490 5653 71

334 5689 442 5724 κων
453 5714 466 5726 .

404 5742 518 5816 (72)
550 5741 636 5798 Ita
666 5742 806 5817 Reg.
840 5745 893 5799 2.
929 5746 1100 5817 Editi,
1132 5744 1569 5826 ἐντυγχάνοντες.

988 5363 1034 5405 ⁸⁵
1063 5362 1269 5420 Matth.
1303 5381 1387 5434 v1,
1420 5364 1506 5419 10.
1584 5362 1629 5398 ³⁸
1655 5363 1791 5419 Luc.
1824 5378 1963 5433 xm,
1992 5361 2075 5418 42.

2102 4749 2331 4811 ποιῆσαι
2364 4739 2625 4815 ἐσκέψατο
2655 4762 2668 4811 ;

2176 4830 2369 4888 Ἀπόκ.
2402 4830 2636 4909 Ὀλίγων
2670 4830 2780 4887 ἐστὶ
2812 4830 2932 4887 λίαν
2968 4830 3176 4906 ἀνδρῶν
3231 4834 3293 4888 τὸ
3338 4836 3452 4908 (74)
3502 4833 3555 4889 ἐν
3598 4841 3761 4891 πᾶσιν

2103 4918 2359 4983 ἀπλανῶς
2413 4925 2532 4983 τοῖς
2592 4922 2793 4977 ἑαυτῶν
2879 4921 3244 4997 βουλεύμασιν
3322 4921 3655 4994 ἐπίστασθαι,
3715 4925 3763 4979 εἱ

2105 5009 2386 5082 θεάρεστόν
2436 5008 2546 5065 ἐστι
2603 5009 2667 5065 τὸ
2719 5010 3029 5084 γινόμενον,
3094 5012 3358 5087 Μὲντοιγε
3421 5012 3480 5068 ἐκ
3534 5018 3642 5069 τῶν
3708 5012 3762 5069 ἐν

2100 5105 2218 5161 ταῖς
2253 5098 2420 5163 θείαις
2471 5103 2704 5175 1“ραφαῖς
2757 5100 3085 5174 εἱρημένων,
3136 5102 3225 5155 καὶ
3269 5107 3388 5164 τοῖς
3436 5101 3614 5176 ἁγίοις
3664 5122 3761 5157 πε-

2101 5187 2453 5264 πραγμένων,
2486 5189 2552 5242 τὰ
2581 5186 2768 5244 πολλὰ
2796 5193 2903 5244 τῶν
2936 5190 3052 5244 καθ’
3083 5190 3232 5263 ἡμᾶς
3281 5191 3661 5266 στοχαζόμεθα
3713 5191 3759 5246 εἱ

2178 5525 2289 5602 (ἶᾷ)
2321 5525 2416 5602 Sic
2449 5527 2834 5602 manuscripti
2870 5529 3129 5602 quidam.
3160 5529 3225 5587 In
3258 5529 3431 5586 editis
3481 5529 3627 5596 hanc,
3680 5526 3757 5589 ὡς

2096 5595 2298 5672 ἀγαθὸς
2328 5597 2393 5651 τὸ
2424 5599 2697 5677 συμφέρον
2729 5595 2904 5672 ἠ’μῖν,’
2922 5602 3154 5658 desunt.

2168 5687 2284 5766 ςΊῤ)
2316 5688 2402 5766 Ita
2433 5687 2650 5764 Regius
2678 5693 2733 5744 2.
2785 5689 2938 5747 Editi
2989 5707 3145 5764 vero,
3201 5688 3413 5766 ὀλίγοις
3455 5687 3566 5744 ἐστὶ
3630 5685 3753 5744 λίαν

2093 5754 2306 5833 ἀνδρῶν
2333 5762 2463 5817 τῶν.
