4132 6364
354 401 468 465 681

1314 398 1829 476 ΟΠᾸΕΒΤΙΟΝΕΞ
1877 400 1978 460 AD
2028 398 2487 462 ANTIDCIIUM
2538 396 2830 462 DUCEM.

3663 404 3780 462 682

356 533 460 588 εἰσί
521 531 775 607 θεάρεστα
800 535 933 605 (75).
970 531 1071 588 Καὶ
1129 538 1290 588 τοῦτο
1340 532 1396 590 δέ
1450 556 1588 595 τινες
1650 532 1986 607 ἑπετήρησαν

2127 532 2246 588 sint
2273 536 2530 604 accepta.
2566 533 2625 587 Id
2660 550 2790 589 vero
2846 532 3109 588 nonnulli
3160 533 3566 602 observarunt,
3599 535 3670 589 ad
3716 551 3785 590 ea

354 624 544 698 ὅτιπερ
577 622 677 677 ὅσα
707 622 838 677 εἰσὶν
874 619 1207 678 εύαπόδεκτα
1235 628 1314 694 τῷ
1348 628 1487 696 Θεῷ,
1515 624 1577 677 ού
1612 623 1777 696 μόνον
1813 624 1841 675 6
1867 621 2016 690 Θεὸς,

351 712 502 769 ἀλλά
531 712 621 767 καὶ
654 719 799 767 πᾶσα
829 714 863 781 ἡ
915 712 1088 773 κτίσις
1141 718 1402 787 συνεργεῖ,
1435 713 1523 767 καὶ
1578 713 1896 788 συνέρχεται
1945 710 2019 771 εἷς

352 802 509 858 αύτά’
544 802 726 878 ὥσπερ
788 802 863 864 εἷς
922 802 989 857 τά
1043 807 1123 874 τῷ
1184 808 1298 873 Θεῷ
1352 803 1727 878 ἀπαρέσκοντα
1777 801 1839 855 ού
1899 798 2020 854 δου-

355 892 526 961 λεύει,
560 891 707 947 ἀλλὰ
750 891 1141 949 ἀντιτάσσεται.
1174 897 1341 947 Τοῦτο
1403 890 1460 947 δὶ
1505 892 1720 953 πάντως
1770 891 2019 945 ἀπαιτεῖ-

350 1004 439 1038 ται
472 984 500 1037 6
552 979 865 1056 ἅνθρωπος,
897 978 990 1035 ’ίνα
1027 982 1162 1057 πρὸς
1221 986 1355 1037 Θεοῦ
1414 982 1760 1058 εὐαρέστησιν
1820 978 2015 1048 πάντα,

353 1070 455 1126 ὅσα
485 1072 733 1145 πράττει,
772 1068 1163 1145 βουλεύσηται.

429 1160 623 1235 Ἐρώτ.
686 1159 829 1234 ρλγ’.
892 1162 1303 1233 Προειρήκαμεν
1363 1160 1414 1214 ἐν
1487 1166 1606 1222 τοῖς
1687 1157 2014 1234 ἔμπροσθεν,

359 1248 544 1325 ὅτιπερ
578 1248 651 1310 εἷς
684 1250 713 1303 ὃ
748 1246 1230 1325 καταληφθήσεται
1264 1246 1549 1325 ἅνθρωπος
1583 1249 1634 1304 ἐν
1678 1253 1757 1319 τῷ
1806 1246 2015 1319 θανάτῳ

362 1338 544 1407 αὐτοῦ,
579 1338 649 1399 εἷς
684 1336 813 1391 αὖτεὸ
844 1338 934 1392 καὶ
969 1338 1288 1413 ἀπέρχεται,
1323 1337 1429 1393 si“
1459 1340 1643 1413 ἀγαθῷ
1681 1334 1787 1392 εἰᾶτε
1841 1340 2011 1408 κακέ-μ

366 1428 468 1483 Etim
502 1425 588 1480 οὖν
650 1448 731 1488 τις
788 1426 877 1481 καὶ
938 1427 1156 1501 πονηρὰ
1202 1427 1292 1482 καὶ
1333 1428 1504 1503 ἀγαθὰ
1534 1430 1769 1498 ποιήσας
1825 1424 2012 1482 τελευ-

363 1518 524 1590 τήσῃ,
554 1516 606 1571 τί
638 1518 748 1592 χρὴ
780 1516 899 1589 περὶ
932 1515 1096 1571 αὐτοῦ
1130 1514 1443 1591 λογίζεσθαι
1469 1537 1482 1586 ;

437 1606 625 1662 Ἀπόκ.
663 1603 826 1677 Μόνῳ
874 1610 989 1676 Θεῴ
1047 1603 1307 1680 ἔγνωσται
1366 1611 1550 1661 τοῦτο·
1583 1606 1697 1661 ἐπεὶ
1748 1601 1871 1659 οὕτε
1926 1604 2014 1659 άν-

355 1696 564 1767 θρώπῳ
605 1691 726 1748 οὔτε
757 1692 991 1769 ἀγγέλῳ.
1030 1694 1147 1748 Εἰσὶ
1178 1696 1282 1771 γάρ
1321 1717 1441 1750 τινα
1487 1695 1624 1750 κακά
1667 1693 2013 1749 καλύπτοντα

353 1783 523 1857 μικρά
572 1784 767 1855 ἀγαθά·
815 1784 905 1838 καί
965 1783 1064 1837 εἰσί
1120 1805 1241 1838 τινα
1293 1784 1461 1858 ἀγαθά
1518 1784 1864 1839 καλύπτοντα
1920 1783 2009 1837 καὶ

349 1870 703 1949 ἐξαλείφοντα
762 1872 974 1946 μεγάλα
1032 1873 1264 1949 πονηρά.
1313 1874 1390 1929 Τά
1446 1871 1503 1927 δὲ
1558 1874 1797 1949 κρίματα
1842 1876 2088 1970 ταῦταΒ

354 1984 381 2013 ι(
415 1955 649 2023 ἄϐυσσος
680 1960 892 2032 πολλή.
932 1987 958 2013 ››

424 2051 615 2126 Ἐρώτ.
670 2049 808 2127 ρλδ’.
871 2049 1059 2122 Ἔδοξέ
1102 2073 1210 2107 τισι
1274 2053 1634 2131 ματαιόφροσι
1691 2050 1864 2128 λέγειν
1925 2050 2006 2106 ὅτι

353 2137 502 2194 οὐδὲν
557 2137 799 2219 διαφέρει
857 2146 958 2195 106
1016 2143 1247 2212 κτήνους
1298 2143 1327 2197 6
1376 2139 1680 2218 ἅνθρωπος,
1712 2140 1838 2197 ἀλλ’
1871 2142 1944 2203 ὡς
1979 2142 2006 2194 ὁ

349 2232 574 2291 θάνατος
602 2235 699 2285 106
730 2232 987 2301 κτήνους,
1023 2231 1195 2294 οὕτως
1229 2231 1339 2286 ἐστὶ
1392 2232 1480 2286 καὶ
1540 2234 1567 2286 6
1629 2234 1853 2295 θάνατος
1912 2235 2006 2285 106

347 2319 640 2395 ἀνθρώπου
677 2321 751 2391 μὴ
785 2318 1006 2395 ἔχοντός
1054 2342 1175 2375 τινα
1230 2324 1418 2397 ψυχῆς
1469 2321 1652 2375 οὐσίαν
1713 2320 2004 2377 ἀθάνατον.

346 2409 455 2464 Καὶ
506 2410 630 2485 γὰρ,
664 2410 850 2487 φησὶν,
884 2410 911 2464 6
944 2407 1227 2484 ἄνθρωπος
1288 2409 1376 2464 καὶ
1434 2411 1496 2464 τὸ
1543 2417 1736 2479 κτῆνος
1798 2409 2004 2481 ὁμοίως

347 2501 698 2571 Θνήσκουσιν,
736 2497 1098 2573 έξερχομένου
1128 2499 1218 2554 καὶ
1249 2498 1578 2572 κενουμένου
1624 2503 1721 2554 106
1770 2498 2001 2571 α’ίματος

344 2588 522 2643 αὐτῶν
535 2632 547 2644 .

420 2677 616 2734 Ἀπύκ.
647 2681 755 2735 T06
814 2676 1044 2750 αἵματος
1094 2681 1128 2747 ἡ
1164 2679 1321 2757 φύσις
1380 2680 1526 2755 παρά
1588 2680 1680 2752 μὶν
1726 2684 1841 2740 τοῖς
1877 2677 2004 2734 ἀλό-

341 2791 465 2845 γοις
505 2770 658 2824 οὐσία
698 2770 780 2831 τίς
824 2769 932 2824 ἐστι
987 2772 1212 2839 ζωτικὴ,
1245 2771 1334 2825 καὶ
1380 2776 1487 2825 τῶν
1542 2769 1751 2825 λοιπῶν
1802 2775 1998 2844 τριτῶν

342 2860 635 2935 στοιχείων
693 2862 982 2929 συστατική
1012 2879 1024 2891 ·
1087 2861 1296 2922 οὗτινος
1344 2862 1405 2914 τὸ
1457 2864 1593 2928 ζῶον
1643 2860 1999 2935 στερούμενον

342 2951 591 3019 θνήσκει,
626 2946 794 3020 μηδὲν
831 2947 1021 3003 λοιπὸν
1057 2949 1116 3003 ἔκ
1143 2947 1251 3003 τῶν
1300 2954 1464 3024 τριῶν
1520 2949 1806 3023 στοιχείων
1860 2949 2001 3025 ὠφε-

342 3035 640 3109 λούμενον,
675 3038 819 3112 παρά
850 3035 906 3091 δὲ
950 3040 1018 3110 τῇ
1068 3038 1186 3091 καθ’
1225 3040 1372 3109 ἡμᾶς
1424 3038 1575 3113 φύσει
1620 3042 1687 3109 τῇ
1736 3036 1931 3112 λογικῇ
1965 3040 1998 3107 ἡ

336 3132 440 3182 106
472 3126 702 3199 α’ίματος
736 3126 891 3201 φύσις
920 3123 1216 3199 σύνδεσμός
1250 3126 1358 3181 ἐστι
1400 3134 1498 3195 τῆς
1547 3130 1729 3202 ψυχῆς
1767 3127 1856 3181 καὶ
1902 3127 2000 3181 106

337 3217 621 3289 σώματος,
679 3216 767 3270 καὶ
826 3214 1227 3293 ἀφαιρουμένου
1283 3220 1380 3270 106
1438 3213 1760 3289 συνδέσμου,
1793 3216 1990 3291 ἀνάγκη

334 3312 483 3360 πᾶσα
510 3305 599 3359 καὶ
631 3306 697 3359 τὰ
731 3302 1087 3377 συνδεδεμένα
1118 3304 1471 3378 χωρίζεσθαι.

412 3395 604 3470 Ἐρώτ.
667 3392 795 3470 ρλε’.
860 3392 1097 3455 Καλῶς’
1160 3395 1358 3470 φυσική
1434 3395 1534 3469 γὰρ
1595 3396 1628 3463 ἠ
1693 3393 1987 3465 ἀπόδειξις.

330 3485 532 3557 ’Ὁμως
572 3480 760 3551 ἐπειδή
814 3487 925 3551 ζῶα
977 3482 1064 3537 καὶ
1115 3481 1385 3558 ἅνθρωποι
1436 3482 1749 3551 τελευτῶσι,
1783 3483 1992 3539 πολλά-

329 3593 420 3633 κις
453 3572 541 3626 καὶ
574 3572 693 3626 ἄνευ
724 3571 1002 3632 κενώσεως
1033 3568 1283 3643 α’ίματος,
1316 3570 1366 3624 τί
1399 3569 1507 3625 ἐστι
1546 3571 1607 3625 τό
1654 3574 1779 3648 παρ’
1812 3571 1986 3627 αὐτῶν

333 3660 694 3737 έξερχὸμενον
724 3662 812 3715 καὶ
844 3664 1035 3714 ποιοῦν
1066 3660 1159 3714 τὸν
1193 3666 1412 3723 θάνατον
1441 3680 1453 3729 ;

410 3750 602 3805 Ἀπόκ.
640 3751 789 3825 Ιιαρὰ
824 3751 917 3823 μὲν
979 3754 1094 3812 τοῖς
1148 3748 1370 3825 ἀλόγοις
1493 3752 1717 3819 ζωτικὴ,
1749 3752 1837 3804 καὶ
1870 3753 1988 3824 Θρε-

332 3840 529 3907 πτικὴ,
561 3838 651 3893 καὶ
711 3840 1060 3913 θερμαντικὴ,
1111 3838 1199 3892 καὶ
1256 3841 1532 3909 κινητική,
1583 3839 1670 3894 καὶ
1726 3838 1988 3912 αὐξητικὴ

329 3933 435 3984 τοῦ
467 3925 718 4000 α’ίματος,
752 3928 785 3996 ἡ
820 3926 879 3980 ἐκ
922 3927 1091 4001 πυρὸς
1142 3926 1374 4002 ὑπάρχει
1426 3928 1685 4002 ἐνεργεια,
1718 3929 1751 3997 ἠ
1785 3928 1871 3983 κα)
1930 3930 1991 3983 τὸ

323 4020 582 4073 ἀναπνεῖν
620 4015 806 4078 αὐτοῖς
840 4016 1179 4090 παρέχουσα.
1213 4018 1414 4090 ’Ὠσπερ
1465 4018 1568 4091 γὰρ
1602 4017 1629 4071 ὁ
1664 4011 1832 4088 λέϐης
1887 4017 1990 4071 ὑπὸ

318 4105 499 4177 πυρὸς
532 4105 828 4177 καιόμενος
858 4105 921 4159 τὸ
954 4104 1005 4159 ἐν
1039 4104 1187 4177 αὐτῷ
1236 4102 1383 4181 ὕδωρ
1440 4111 1579 4160 κινεῖ
1635 4106 1725 4160 καὶ
1782 4104 1985 4180 βράζει·

324 4196 642 4267 παυομένου
675 4192 731 4249 δὲ
758 4199 857 4249 106
884 4194 1074 4270 πυρὸς,
1107 4194 1293 4269 νεκρὸν
1327 4195 1521 4248 λοιπὸν
1574 4194 1661 4249 καὶ
1712 4194 1988 4267 ἀκίνητον,

320 4285 418 4340 καὶ
450 4285 661 4360 ψυχρὸν
694 4284 757 4338 τὸ
791 4280 937 4358 ὕδωρ
987 4283 1208 4359 γίνεται’
1244 4282 1386 4337 οὕτω
1434 4283 1521 4338 καὶ
1583 4282 1669 4337 ἐπὶ
1727 4287 1825 4353 τῆς
1881 4288 1987 4338 τῶν

320 4374 541 4450 ἀλόγων
575 4373 783 4452 φύσεως
813 4372 901 4427 καὶ
936 4379 1036 4442 τῆς
1072 4373 1265 4441 ζέσεως
1320 4377 1416 4427 106
1466 4371 1695 4445 α’ίματος
1751 4374 1990 4447 γίνεσθαι

320 4462 534 4536 νόμιζε,
567 4462 657 4517 καὶ
686 4460 888 4531 ταύτην
925 4460 1188 4530 εἶναιτὴν
1242 4461 1416 4516 αἰτίαν
1464 4465 1563 4527 τῆς
1615 4460 1788 4516 αὐτῶν
1844 4467 1989 4532 ζωῆς

321 4552 417 4606 καὶ
478 4553 765 4621 κινήσεως.
826 4550 1266 4621 Ἐξασθενοῦντος
1324 4548 1415 4605 οὖν
1464 4557 1562 4606 106
1620 4549 1871 4624 αἳματος,
1914 4573 1990 4606 νε-

2130 623 2374 693 agenda,
2409 639 2535 693 quas
2564 624 2674 677 Deo
2708 626 2847 677 sunt
2895 626 3152 694 accepta,
3187 639 3301 677 non
3359 623 3548 679 solum
3587 624 3774 679 Deum

2130 713 2428 782 adjuvare,
2452 712 2552 766 sed
2581 713 2913 766 universam
2938 712 3113 767 etiam
3148 729 3498 768 concurrere
3530 719 3587 768 et
3618 731 3786 769 cons-

2132 800 2320 871 pirare
2354 806 2647 871 naturam,
2680 801 3184 872 quemadmodum
3234 800 3295 855 in
3348 800 3440 868 iis,
3493 818 3619 872 quae
3666 807 3780 858 Deo

2129 888 2462 960 displicent,
2500 907 2611 945 non
2639 890 2902 945 serviunt
2934 891 3036 946 sed
3088 894 3441 963 repugnant.
3473 892 3534 945 Id
3581 896 3775 947 autem

2128 978 2368 1034 omnino
2402 980 2473 1034 ab
2506 980 2745 1035 homine
2803 980 3076 1052 exigitur,
3113 986 3175 1035 ut
3219 996 3605 1052 quaecumque
3640 981 3780 1053 agit,

2129 1068 2199 1121 ad
2234 1072 2346 1123 Deo
2370 1068 2721 1140 placendum
2754 1070 2980 1141 agenda
3011 1069 3348 1141 prospiciat.

2199 1160 2424 1223 Qums'r.
2460 1159 2746 1214 CXXXIII.
2779 1160 2969 1231 Supra
3000 1159 3259 1214 diximus
3290 1158 3482 1230 qualis
3514 1160 3687 1215 homo
3721 1160 3778 1215 in

2128 1251 2313 1301 morte
2364 1248 2763 1319 deprehensus
2810 1248 3002 1314 fuerit,
3073 1246 3249 1303 talem
3311 1249 3607 1316 decedere,
3660 1248 3779 1305 sive

2126 1338 2345 1393 bonum
2380 1338 2497 1394 sive
2535 1338 2855 1393 malum.Si
2887 1338 3021 1409 quis
3053 1355 3189 1410 ergo
3222 1343 3351 1409 post
3381 1344 3511 1394 acta
3540 1343 3596 1393 et
3629 1338 3777 1394 bona

2124 1432 2179 1482 et
2210 1427 2365 1483 mala
2396 1427 2701 1499 moriatur,
2734 1428 2871 1498 quid
2906 1429 2974 1482 de
3008 1427 3107 1482 illo
3140 1428 3514 1483 sentiendum
3545 1426 3681 1484 est?

2196 1611 2342 1667 247
2383 1610 2553 1664 Rasr.
2581 1608 2640 1663 Id
2674 1608 2781 1664 soli
2819 1614 2929 1664 Deo
2954 1612 3155 1663 notum
3191 1612 3315 1664 est:
3344 1626 3479 1664 nam
3514 1614 3570 1665 et
3596 1610 3770 1665 homo

2123 1704 2180 1755 et
2214 1698 2456 1771 angelus
2493 1700 2746 1771 ignorat.
2778 1699 3051 1764 Quaidam
3099 1698 3255 1753 enim
3291 1702 3427 1753 sunt
3459 1698 3615 1754 mala
3647 1699 3775 1771 qui-

2122 1790 2234 1845 bus
2266 1807 2443 1862 parva
2476 1791 2627 1845 bona
2676 1788 3143 1844 absconduntur.
3178 1788 3462 1844 Similiter
3505 1790 3774 1861 quaedam

2122 1884 2263 1934 sunt
2292 1878 2446 1933 bona
2476 1879 2694 1949 quibus
2729 1894 2939 1949 magna
2987 1877 3141 1933 mala
3190 1878 3550 1949 obtcguntur
3579 1882 3637 1934 et
3668 1879 3772 1935 de-

2121 1969 2336 2023 lentur.
2369 1968 2501 2023 Haac
2534 1972 2730 2023 autem
2754 1966 2998 2037 judicia,
3040 1990 3058 2015 ι
3095 1966 3343 2038 abyssus
3376 1967 3583 2023 multa.
3620 1991 3646 2017 ››

2191 2059 2411 2122 Ουέιετ.
2450 2056 2740 2111 CXXXIV.
2797 2056 2976 2111 Vanis
3025 2056 3375 2127 quibusdam
3429 2056 3773 2115 hominibus

2118 2146 2309 2202 dicere
2338 2148 2532 2201 visum
2565 2152 2651 2201 est
2684 2144 2830 2199 nihil
2884 2145 3183 2199 hominem
3234 2146 3386 2200 inter
3425 2152 3482 2201 et
3511 2146 3769 2203 belluam

2115 2235 2527 2303 interesse,sed
2560 2233 2753 2306 qualis
2782 2239 2870 2289 est
2894 2234 3161 2289 interitus
3194 2232 3604 2304 belluas,talem
3638 2252 3769 2291 esse

2116 2324 2373 2379 hominis
2404 2323 2729 2394 interitum,
2762 2323 2979 2394 quippe
3020 2321 3116 2394 qui
3168 2339 3281 2377 non
3335 2323 3549 2379 habeat
3593 2325 3764 2379 subs-

2115 2413 2361 2468 tantiam
2396 2413 2605 2467 anima:
2637 2410 3029 2467 immortalem
3059 2429 3071 2479 ;
3097 2410 3644 2482 scilicet,inquiunt,
3665 2413 3764 2468 ho-

2116 2519 2211 2557 mo
2241 2508 2297 2558 et
2327 2501 2519 2557 bellua
2551 2502 2753 2557 eodem
2788 2502 2960 2556 modo
2993 2501 3446 2566 intereunt,cum
3484 2502 3763 2558 nimirum

2114 2594 2405 2649 effluxerit
2432 2598 2489 2649 et
2518 2597 2830 2649 evacuatus
2864 2591 3038 2647 fuerit
3060 2591 3323 2663 ipsorum
3356 2593 3617 2665 sanguis.

2190 2684 2355 2739 Rasr.
2388 2682 2641 2754 Sanguis
2675 2686 2883 2736 natura
2916 2682 2971 2735 in
3009 2680 3215 2736 belluis
3250 2682 3584 2739 substantia
3615 2701 3769 2755 quai-

2117 2774 2250 2828 dam
2284 2772 2475 2827 vitalis
2507 2778 2563 2827 et
2594 2769 2865 2826 animalis
2915 2774 3023 2835 est,
3057 2786 3183 2839 quae
3233 2776 3441 2825 caetera
3490 2772 3603 2826 tria
3647 2772 3768 2828 ele-

2117 2867 2315 2918 menta
2346 2862 2662 2931 contineat,
2696 2877 2810 2931 quo
2852 2859 2898 2914 si
2950 2858 3169 2914 animal
3221 2860 3506 2931 privatur,
3543 2862 3765 2930 interit,

2114 2952 2377 3022 nihilque
2402 2952 2526 3022 jam
2562 2950 2763 3005 auxilii
2818 2948 3061 3020 percipit
3120 2949 3191 3003 ab
3223 2948 3356 3004 aliis
3404 2950 3595 3006 tribus
3650 2952 3767 3007 ele-

2116 3043 2350 3098 mentis.
2387 3042 2447 3096 In
2482 3040 2649 3095 nobis
2682 3044 2901 3108 autem,
2936 3054 3183 3109 quorum
3223 3043 3432 3093 natura
3462 3040 3766 3097 rationalis

2113 3138 2221 3197 est,
2255 3131 2561 3203 sanguinis
2589 3134 2800 3184 natura
2829 3126 3127 3182 vinculum
3159 3132 3246 3182 est
3276 3126 3485 3182 animae
3536 3134 3592 3184 et
3634 3146 3762 3185 cor-

2112 3224 2289 3292 poris,
2326 3236 2438 3293 quo
2484 3218 2768 3275 dissoluto
2800 3214 3054 3285 vinculo,
3088 3231 3326 3272 necesse
3377 3222 3465 3272 est
3513 3233 3579 3273 ea
3628 3234 3756 3288 quae

2098 3312 2307 3381 juncta
2336 3314 2475 3365 sunt
2505 3307 2785 3379 separari.

2173 3402 2399 3466 Qumsr.
2433 3398 2687 3455 CXXXV.
2724 3397 2930 3451 Recte:
2984 3394 3105 3450 haec
3152 3395 3306 3450 enim
3357 3395 3599 3467 physica
3649 3397 3749 3451 de-

2101 3488 2451 3545 monstratio
2483 3493 2591 3543 est.
2631 3489 2893 3541 Attamen
2927 3500 3061 3539 cum
3094 3484 3375 3540 animalia
3397 3490 3451 3539 et
3480 3485 3748 3543 homines

2101 3597 2253 3651 saepe
2304 3580 2591 3633 intereant
2639 3578 2861 3647 absque
2910 3573 3218 3646 sanguinis
3267 3574 3571 3643 effusione,
3605 3576 3746 3646 quid

2101 3674 2190 3725 est
2216 3669 2371 3740 quod
2404 3668 2476 3722 ab
2509 3666 2625 3720 illis
2657 3666 2774 3719 exit
2801 3669 2857 3719 et
2884 3662 3089 3718 mortis
3118 3679 3299 3718 causa
3320 3664 3455 3719 est?

2176 3759 2346 3813 RESP.
2380 3756 2442 3811 In
2470 3756 2683 3819 brutis,
2717 3752 2964 3808 facultas
2994 3752 3216 3818 vitalis,
3258 3753 3560 3822 nutritiva,
3595 3752 3750 3809 calo-

2103 3848 2206 3918 ris,
2243 3852 2458 3915 motus,
2492 3843 2817 3916 augmenti,
2851 3860 2973 3913 quae
3004 3843 3063 3896 in
3119 3841 3409 3914 sanguine
3452 3846 3560 3913 est,
3596 3860 3753 3915 qum-

2103 3953 2216 4009 que
2248 3952 2316 3991 ex
2341 3936 2473 4007 igne
2506 3934 2619 3988 vim
2675 3932 2884 4005 agendi
2924 3931 3117 3996 habet,
3152 3948 3277 4001 qua:
3327 3936 3383 3986 et
3432 3948 3605 3987 causa
3638 3931 3759 3987 illis

2102 4030 2192 4080 est
2224 4021 2646 4095 respirandi.Ut
2682 4021 2837 4076 enim
2865 4021 3023 4075 iebes
3054 4020 3188 4091 igne
3212 4036 3495 4076 accensus
3516 4037 3755 4091 aquam,

2103 4131 2279 4186 quam
2312 4113 2594 4180 continet,
2630 4114 2822 4165 movet
2857 4110 2936 4164 ita
2970 4114 3032 4163 ut
3062 4108 3290 4177 bulliat,
3324 4109 3609 4165 exstincto
3651 4128 3755 4166 au-

2100 4209 2218 4259 tem
2253 4202 2407 4274 igne,
2442 4203 2671 4255 mortua
2693 4200 2844 4270 jam,
2878 4198 3123 4253 immota
3154 4202 3210 4251 et
3240 4198 3451 4269 frigida
3484 4199 3547 4253 fit
3576 4216 3751 4271 aqua.

2103 4293 2259 4348 Idem
2293 4290 2485 4362 cogita
2531 4289 2602 4343 de
2653 4291 2960 4342 brutarum
3010 4285 3405 4341 animantium
3456 4291 3667 4343 natura
3697 4293 3755 4345 et

2101 4381 2409 4453 sanguinis
2440 4376 2958 4445 t‘ervore,hancque
2989 4390 3118 4429 esse
3150 4390 3390 4429 causam
3423 4391 3624 4430 eorum
3657 4375 3750 4431 vi-

2099 4476 2169 4527 tae
2200 4475 2253 4526 et
2286 4465 2821 4524 motus.[)eﬁciente
2846 4464 3023 4535 igitur
3050 4462 3337 4534 sanguine
3371 4466 3601 4519 mortua
3624 4481 3746 4519 ma-

2100 4565 2241 4616 nent
2272 4574 2501 4630 pecora,
2524 4556 2789 4610 volucres
2820 4560 2875 4609 et
2906 4553 3205 4625 pisces.At
3236 4552 3387 4623 quod
3422 4552 3743 4607 humanam

314 4643 450 4716 κρὸν
486 4639 685 4695 λοιπὸν
718 4639 806 4695 καὶ
839 4639 1095 4708 ἀκίνητον
1128 4640 1189 4695 τὸ
1220 4643 1421 4704 κτῆνος
1467 4642 1501 4709 ἢ
1545 4641 1606 4694 τὸ
1655 4642 1919 4713 πετεινὸν,
1950 4641 1984 4711 ἢ

2133 4654 2323 4723 pectat
2355 4654 2647 4711 naturam,
2682 4661 2797 4699 non
2848 4642 3038 4698 solum
3091 4643 3277 4697 fervor
3325 4646 3382 4696 et
3421 4640 3578 4697 calor
3610 4659 3746 4698 san-

321 4732 351 4785 6
390 4728 549 4805 ἷχθὺς
582 4728 920 4795 καθίσταται,
955 4726 1075 4783 Ἐπί
1121 4725 1178 4781 δὲ
1224 4732 1325 4793 τῆς
1376 4729 1719 4804 ἀνθρωπίνης
1776 4730 1985 4807 φύσεως

320 4818 389 4874 o6
424 4816 589 4893 μὸνον
622 4820 657 4888 ἠ
694 4819 831 4887 ζέσις
865 4818 954 4872 καὶ
988 4819 1022 4887 ἠ
1060 4818 1234 4893 θέρμη
1266 4822 1363 4872 106
1406 4816 1634 4890 a'ipcnoc;
1681 4824 1761 4891 τῷ
1811 4821 1985 4895 καιρῷ

316 4912 423 4964 106
456 4909 685 4972 θανάτου
738 4907 1095 4983 χωρίζονται,
1130 4905 1275 4962 ἀλλὰ
1313 4905 1403 4960 σὺν
1446 4906 1629 4969 αὐτοῖς
1688 4908 1777 4961 καὶ
1830 4911 1980 4983 ψυχή

318 5019 410 5059 τις
446 4996 641 5073 λογική
673 5018 731 5051 τε
761 4998 849 5051 καὶ
884 4998 1198 5067 συπατική,
1233 4994 1495 5059 ἀθάνατός
1543 5017 1602 5050 τε
1658 4996 1747 5050 καὶ
1803 4996 1980 5071 νοερά.

402 5096 596 5169 Ἐρώτ.
633 5093 769 5169 ρλς’.
802 5093 943 5155 Τοὺς
994 5098 1073 5165 τῶ
1123 5093 1440 5169 Εὐαγγελίῳ
1501 5094 1576 5166 μὴ
1635 5095 1985 5158 πιστεύοντας

315 5182 629 5253 ἽΞλληνας,
663 5184 877 5245 καὶτὰς
908 5182 1049 5246 θείας
1099 5184 1271 5245 πάσας
1326 5184 1539 5261 Γραφὰς
1590 5183 1984 5259 εύτελίζοντας,

316 5278 441 5334 πῶς
471 5271 667 5334 αὐτοὺς
700 5278 882 5326 πεῖσαι
920 5270 1230 5348 ὀφείλομεν,
1266 5271 1349 5326 ὅτι
1384 5271 1492 5327 ἔστι
1547 5274 1667 5335 θεὸς
1716 5274 1986 5346 ἄκτιστος,

319 5363 567 5431 ποιητὴς
600 5360 827 5436 ούρανοῦ
857 5362 947 5414 καὶ
980 5364 1108 5435 γῆς,
1143 5363 1219 5423 εἴς
1250 5363 1339 5415 καὶ
1376 5362 1564 5435 μόνος,
1595 5363 1685 5419 καὶ
1729 5363 1790 5417 οὐ
1850 5364 1988 5418 πολ-

320 5451 419 5509 λοὶ
450 5450 583 5519 θεοὶ,
618 5451 691 5512 ὡς
729 5449 882 5505 αὐτοὶ
913 5447 1267 5522 πλανώμενοι
1298 5452 1608 5524 νομίζουσιν
1637 5473 1650 5522 ;

400 5540 595 5599 ’Δπὸκ.
636 5539 773 5602 Τοὺς
826 5539 919 5601 τὰς
966 5538 1111 5603 θείας
1161 5538 1373 5618 Γραφάς
1424 5540 1499 5613 μὴ
1559 5538 1889 5617 δεχομένους
1938 5541 1987 5616 ἐξ

2099 4739 2317 4813 guinis,
2352 4737 2556 4791 mortis
2588 4739 2869 4806 tempore,
2903 4736 3293 4803 separantur;
3326 4732 3426 4787 sed
3470 4736 3749 4805 praeterea

2099 4826 2401 4884 rationalis
2426 4825 2692 4897 quaedam
2726 4823 2923 4878 anima
2976 4826 3032 4876 et
3065 4822 3466 4893 constitutiva,
3500 4822 3748 4879 immor-

2098 4918 2233 4973 talis
2265 4921 2321 4971 et
2352 4913 2705 4985 intelligens.

2170 5095 2391 5157 00.1331.
2426 5090 2712 5146 CXXXVI.
2749 5089 3049 5157 Quomodo
3080 5087 3527 5159 gentilibus,qui
3560 5087 3742 5143 Evan-

2098 5183 2249 5256 gelio
2282 5199 2395 5238 non
2454 5181 2703 5237 credunt
2752 5179 3101 5249 divinaeque
3147 5194 3354 5233 omnes
3410 5175 3743 5248 Scripturas

2099 5270 2509 5336 ﬂoccifaciunt,
2547 5268 2731 5341 possit
2760 5266 3093 5338 persuaderi
3142 5266 3326 5320 Deum
3358 5282 3485 5322 esse
3513 5265 3745 5320 increa-

2098 5366 2246 5429 tum,
2280 5358 2404 5415 cozli
2438 5364 2493 5413 et
2538 5363 2699 5413 terrae
2749 5356 3039 5428 opificem,
3075 5371 3256 5407 unum
3291 5359 3347 5409 et
3378 5354 3593 5424 solum,
3626 5370 3741 5409 non

2097 5452 2317 5507 multos
2347 5452 2506 5516 deos,
2542 5453 2605 5503 ut
2634 5452 2895 5505 errantes
2925 5446 3038 5518 ipsi
3069 5446 3480 5502 arbitrantur?

2169 5544 2339 5599 Rssr.
2369 5543 2479 5597 Eos
2512 5539 2611 5612 qui
2646 5538 2873 5594 divinas
2907 5554 3020 5592 non
3070 5535 3390 5593 admittunt
3419 5537 3748 5609 Scripturas

398 5740 514 5811 (75)
547 5739 641 5794 Sic
672 5738 913 5811 quidam
949 5754 1095 5796 mss.
1128 5736 1281 5794 Editi
1312 5755 1465 5808 vero,
1495 5736 1659 5801 θείως
1701 5739 1833 5793 εἶναι
1866 5737 2144 5812 θεάρεστα.

649 5868 909 5929 Pyram"
962 5868 1069 5930 Gn.
1120 5866 1395 5929 XXVIII.

3355 5860 3436 5918 22
