4132 6368
402 336 519 395 683

1564 332 1627 394 S.
1678 326 2202 395 ATHANASIUS.
2227 361 2301 376 -—
2337 323 2645 391 SPURIA.

3701 329 3825 393 684

401 487 470 525 ex
497 469 630 540 ipsa
658 484 854 525 rerum
888 472 1119 539 natura,
1155 468 1295 539 quid
1330 469 1399 524 de
1433 468 1548 524 Deo
1581 468 1952 525 sentiendum
1976 465 2041 522 Sil

2168 460 2338 527 αὐτῆς
2371 459 2566 515 λοιπὸν
2597 464 2697 525 τῆς
2729 463 2837 515 τῶν
2869 457 3205 537 πραγμάτων
3248 460 3458 538 φύσεως
3511 462 3637 539 περὶ
3698 475 3823 529 θεο-

400 559 607 615 docere
636 559 940 615 debemus.
979 557 1123 613 Nam
1158 557 1312 614 inter
1350 574 1443 614 res
1475 562 1723 624 creatas,
1755 557 2047 629 quasdam

396 648 665 704 videmus
695 647 1004 718 essentias,
1038 664 1168 719 quae
1217 663 1330 702 non
1385 649 1710 703 secundum
1749 652 2045 711 naturam,

397 737 498 793 sed
523 754 702 810 supra
724 743 995 793 naturam
1016 738 1234 809 pariter
1250 735 1831 807 exsistunt.Exempli
1849 751 2045 790 causa.

399 832 699 899 Aquarum
723 828 984 885 essentia
1008 834 1219 884 natura
1238 834 1326 884 est
1343 828 1500 884 ﬂuxa
1515 834 1570 884 et
1596 827 1868 884 declivis:
1904 843 2048 899 quo-

400 916 572 971 modo
604 932 740 988 ergo
773 916 1054 988 siphonas
1087 916 1191 988 (sic
1242 921 1470 987 vocant)
1501 916 1769 972 videmus
1791 932 1859 971 ex
1889 931 2050 970 mare

400 1021 614 1077 aquam
647 1007 717 1061 ad
752 1007 936 1061 nubes
962 1006 1254 1062 attrahere
1274 1006 1302 1060 ?
1322 1007 1483 1071 Quod
1508 1011 1703 1062 autem
1736 1005 2051 1062 admirabi-

397 1094 513 1150 lius
535 1100 643 1164 est,
671 1113 794 1168 qua
825 1097 982 1151 salsa
1011 1098 1361 1160 ascendunt,
1395 1097 1590 1153 dulcia
1623 1102 1825 1169 postea
1854 1096 1914 1151 in
1936 1100 2047 1151 ter-

400 1201 525 1240 ram
561 1202 664 1258 per
686 1186 905 1241 imbres
936 1186 1652 1252 descendunt?Quomodo
1685 1203 1891 1241 rursus
1913 1201 2048 1239 cum

399 1290 710 1347 corporum
748 1275 954 1348 possit,
990 1275 1187 1330 bolide
1236 1277 1417 1346 jacla,
1475 1281 1685 1332 natura
1740 1272 2047 1347 explorari,

397 1363 458 1418 in
488 1364 666 1420 undis
695 1364 1049 1420 Marmaricis
1095 1365 1476 1437 Pentapoleos
1518 1382 1620 1420 nec
1656 1364 1943 1437 penetrari
1974 1364 2048 1419 ad

394 1452 603 1521 imum,
640 1470 745 1510 nec
797 1453 991 1510 bolide
1041 1457 1233 1527 potest
1264 1454 1603 1526 investigari
1628 1454 1655 1509 7
1686 1453 1839 1520 Quin
1870 1453 2046 1509 etiam

396 1558 532 1598 cum
566 1560 719 1615 aqua
747 1548 804 1599 et
833 1541 990 1616 ignis
1020 1544 1314 1599 contraria
1343 1544 1463 1600 sint
1494 1548 1724 1611 natura,
1745 1542 1925 1600 simul
1957 1546 2048 1598 ta-

397 1646 531 1686 men
552 1631 802 1689 invicem
830 1632 1078 1689 erantin
1107 1633 1289 1705 Lyciae
1308 1637 1709 1705 monte,quem
1734 1632 2046 1705 Olympum

395 1722 1122 1792 vocant,quemadmodum
1157 1722 1622 1778 innumerabiles
1656 1721 2048 1778 videruntho-

399 1808 588 1866 mines
613 1810 872 1866 Plnﬁnita
905 1809 1021 1866 alia
1042 1816 1183 1867 sunt
1203 1811 1295 1866 his
1318 1810 1538 1867 similia
1559 1813 1613 1867 in
1652 1827 1844 1867 rerum
1878 1815 2046 1866 natu-

399 1914 465 1953 ra
494 1915 618 1968 quae
646 1898 914 1956 videmus
965 1903 1022 1956 et
1068 1899 1470 1956 admiramur:
1507 1918 1632 1973 quae
1680 1917 1821 1956 sane
1852 1899 2051 1955 omnia

400 2005 581 2060 supra
614 1993 883 2045 naturam
919 2007 1032 2045 non
1064 1990 1149 2045 ita
1181 1994 1420 2063 possent
1452 1989 1727 2060 ﬁeri,nisi
1761 1994 1912 2045 esset
1944 1989 2048 2043 ali-

400 2093 515 2149 qua
550 2078 646 2133 Dei
680 2082 1047 2151 natura,quze
1078 2078 1241 2133 hisce
1272 2078 2049 2149 dominaretur,imperaret-

399 2182 511 2237 que
541 2165 787 2223 invicem
817 2184 927 2224 non
964 2168 1591 2231 adversari.Quomodo
1615 2168 2050 2234 rursus,dicant

398 2256 569 2312 nobis
600 2256 1071 2329 gentiles,valido
1104 2258 1254 2312 facto
1285 2257 1822 2320 tonitru,universa
1854 2255 2049 2310 homi-

397 2361 541 2400 num
574 2351 783 2402 natura
832 2346 1050 2413 tremit,
1100 2346 1406 2415 horrescit,
1455 2345 1865 2417 obstupescit?
1912 2345 2051 2412 Qui-

397 2434 513 2490 bus
545 2436 748 2507 utique
769 2434 1005 2491 indiciis
1036 2434 1293 2490 ostendit
1325 2451 1387 2491 se
1418 2434 1502 2489 illi
1534 2436 1744 2507 subjici
1782 2435 2049 2501 Domino,

399 2524 502 2595 qui
532 2524 775 2579 tonitrui
810 2529 901 2579 est
927 2524 1224 2579 auctor.Et
1256 2523 1377 2579 haec
1411 2524 1650 2596 quidem
1683 2529 1822 2579 sunt
1851 2539 2050 2580 exem-

400 2612 740 2685 pla,quibus
763 2612 861 2669 Dei
886 2613 1277 2686 cognitionem
1292 2614 1486 2669 doceri
1502 2612 2050 2685 possintgentilium

402 2702 812 2773 simpliciores.
837 2701 983 2757 Nam
1009 2706 1142 2758 ante
1163 2702 1322 2774 ipsos
1345 2718 1547 2757 eorum
1571 2702 1887 2774 sapientes,
1920 2700 2051 2772 qui-

401 2792 539 2847 dam
571 2792 866 2864 sapientes
914 2791 1161 2864 gentiles
1210 2807 1279 2846 ex
1324 2791 1586 2863 antiquis
1636 2791 2052 2864 praestantibus

402 2880 793 2954 philosophis,
827 2881 1015 2936 multa
1044 2882 1114 2936 de
1144 2880 1244 2937 Dei
1277 2880 1438 2936 cultu
1483 2881 1820 2938 testimonia
1849 2885 2049 2953 protu-

397 2967 545 3025 lere:
571 2970 712 3042 quin
736 2970 911 3026 etiam
936 2972 1125 3041 ipsam
1152 2970 1369 3026 Christi
1394 2971 1777 3026 mconomiam
1806 2971 2051 3026 obscure

396 3059 856 3131 praesigniﬁcaru
869 3064 950 3115 nt.
967 3059 1061 3115 Sic
1088 3059 1270 3131 igitur
1289 3060 1531 3131 quidam
1553 3059 1790 3115 illorum
1814 3059 2051 3131 sapiens

397 3147 601 3205 multis
624 3152 758 3205 ante
780 3148 998 3205 Christi
1029 3151 1343 3204 adventum
1377 3149 1531 3205 248
1554 3149 1725 3205 annis
1755 3149 1931 3204 verba
1962 3148 2047 3203 fa-

2160 550 2349 628 λογίας
2379 555 2558 604 πεῖσαι
2593 549 2911 627 ὀφείλομεν.
2944 552 3188 626 Ὁρῶμεν
3247 551 3351 627 γάρ
3406 572 3553 615 τινας
3613 552 3819 616 οὐσίας·

2160 639 2212 695 ἐν
2270 644 2339 715 τῇ
2397 639 2567 695 κτίσει
2628 639 2689 694 οὐ
2751 640 2887 695 κατὰ
2937 640 3114 718 φύσιν,
3145 638 3272 695 ἀλλ’
3305 640 3438 717 ὑπὲρ
3488 641 3642 720 φύσιν
3707 645 3826 715 μετ’

2159 729 2426 803 ἀλλήλων
2475 731 2852 807 ὑπαρχούσας.
2911 729 3042 788 Οἶόν
3090 753 3143 785 τι
3194 728 3359 807 λέγω.
3402 732 3569 788 Φύσει
3619 735 3654 804 ἡ
3710 737 3821 789 τῶν

2162 817 2368 875 ὑδάτων
2430 819 2582 875 οὐσία
2641 820 2893 896 ῥευστικὴ
2977 820 3066 874 καὶ
3140 822 3447 898 καταφερὴς
3527 822 3765 899 ὑπάρχει
3803 842 3816 855 ⁸

2159 913 2278 971 πῶς
2308 908 2397 964 οὖν
2425 911 2639 984 ὁρῶμεν
2672 909 2798 973 τοὺς
2833 908 3168 985 λεγομένους
3199 909 3436 989 σίφωνας
3488 910 3546 966 ἐκ
3574 919 3675 981 τῆς
3726 924 3821 977 θα-

2160 995 2367 1068 λάσσης
2399 997 2545 1075 ὕδωρ
2577 1000 2671 1062 τὰς
2705 998 2931 1077 νεφέλας
2983 998 3345 1069 ἀνέλκοντας;
3378 1001 3455 1057 Τὸ
3506 997 3564 1055 δὲ
3611 1003 3821 1075 Θαυμα-

2161 1088 2431 1165 στότερον,
2483 1088 2587 1157 ὅτι,
2641 1088 2862 1164 ἁλμυρὰ
2928 1088 3291 1165 ἀνερχόμενα,
3352 1088 3554 1165 γλυκὲα
3623 1090 3819 1147 λοιπὸν

2157 1180 2324 1230 ταῦτα
2354 1177 2439 1231 ἐπὶ
2474 1178 2578 1252 γῆς
2618 1174 2705 1231 διὰ
2751 1182 2861 1231 τῶν
2911 1172 3135 1253 ὄμϐρων
3183 1178 3559 1253 κατέρχονται.
3596 1184 3717 1241 Πῶς
3765 1177 3823 1235 δὲ

2158 1265 2323 1321 πάλιν
2356 1267 2508 1336 καὶὴ
2539 1268 2647 1321 τῶν
2693 1265 2958 1340 σωμάτων
3003 1265 3260 1340 [ὑδάτων]
3312 1267 3493 1339 φύσις,
3529 1267 3817 1345 βολιστική

2160 1355 2295 1410 κατὰ
2326 1355 2481 1426 φύσιν
2516 1356 2859 1433 ὑπάρχουσα,
2893 1358 3103 1429 ὁρᾶται,
3138 1354 3331 1420 ἄδυτος
3383 1358 3474 1412 καὶ
3523 1353 3821 1422 ἆϐόλιστος

2162 1443 2213 1499 ἐν
2246 1450 2361 1507 τοῖς
2390 1443 2543 1501 ὕδασι
2575 1453 2674 1515 τῆς
2705 1448 3075 1522 Μαρμαρικῆς
3118 1446 3507 1510 Πενταπόλεως
3539 1468 3551 1517 ;
3587 1449 3665 1506 Οὐ
3720 1450 3819 1522 μό-

2161 1555 2249 1588 νον
2284 1531 2360 1603 66,
2397 1533 2541 1589 ἀλλὰ
2578 1536 2679 1610 γὰρ
2710 1536 2800 1589 καὶ
2833 1533 3026 1597 ὕδατος
3054 1536 3145 1589 καὶ
3176 1536 3345 1611 πυρὸς
3381 1534 3587 1591 ἐναντία
3634 1539 3669 1607 ἡ
3717 1536 3817 1616 φύ-

2162 1643 2242 1685 σις
2290 1624 2631 1699 ὑπάρχουσα,
2666 1623 2717 1678 ἐν
2769 1625 2849 1696 τῷ
2900 1625 3011 1696 ἅμα
3055 1625 3146 1694 ἦν,
3178 1624 3268 1680 ὅτε
3309 1624 3359 1678 ἐν
3396 1625 3566 1697 Λυκίᾳ
3594 1631 3672 1699 τῷ
3703 1623 3819 1703 ὄρει

2157 1716 2238 1783 τῷ
2272 1713 2553 1789 Αεγομένῳ
2587 1711 2881 1785 Ὀλύμπῳ,
2923 1715 3100 1776 καθὼς
3158 1712 3413 1789 μυριάδες
3464 1712 3669 1789 ἀνδρῶν
3711 1717 3817 1770 ὲωο

2163 1801 2351 1875 ράκασι
2383 1821 2395 1869 ;
2428 1802 2527 1855 Καὶ
2559 1799 2703 1857 ἄλλα
2731 1799 2787 1857 δὲ
2822 1803 2988 1878 μυρία
3025 1802 3239 1864 τούτοις
3289 1802 3457 1876 ὅμοια
3505 1805 3594 1858 καὶ
3638 1806 3819 1880 παρά-

2162 1888 2290 1960 δοξά
2346 1890 2485 1945 ἐστιν
2520 1889 2569 1945 ἐν
2602 1894 2670 1964 τῇ
2719 1892 2886 1946 κτίσει
2947 1892 3199 1966 ὁρώμενα
3258 1893 3346 1947 καὶ
3408 1893 3814 1967 θαυμαζόμεναο

2161 1980 2295 2054 ἅπερ
2327 1980 2533 2035 ἅπαντα
2564 1979 2662 2036 οὐκ
2692 1979 2749 2034 ἂν
2784 1980 2955 2042 οὕτως
2988 1982 3120 2058 ὑπὲρ
3165 1980 3321 2059 φύσιν
3368 1982 3603 2058 γίνεσθαι
3652 1979 3817 2056 ἔμελ-

2162 2067 2280 2141 λον,
2316 2068 2360 2123 εἰ
2396 2071 2472 2141 μὴ
2510 2070 2665 2124 οὐσία
2691 2091 2773 2132 τις
2805 2068 2939 2125 Θεοῦ
2969 2071 3035 2139 ἧν
3078 2070 3288 2125 τούτων
3341 2068 3697 2144 δεσπόζουσα,
3726 2071 3819 2128 καί

2157 2160 2372 2223 τούτοις
2406 2160 2769 2237 ἐπιτρέπουσα
2799 2160 3073 2232 ἀλλήλοις
3111 2169 3186 2235 μὴ
3237 2163 3658 2220 ἀντιτάττεσθαι.
3692 2168 3817 2228 Πῶς

2162 2245 2220 2303 δὲ
2260 2247 2423 2303 πάλιν
2487 2248 2737 2327 λέγουσιν
2800 2253 2935 2324 ἡμῖν
2988 2250 3274 2322 Ἑλλήνων
3334 2250 3547 2325 παῖδες,
3584 2254 3816 2329 βροντῆς

2162 2338 2382 2413 περῥᾶς
2438 2341 2753 2415 γινομένης,
2787 2341 2963 2395 ἅπασα
3022 2343 3056 2409 ἡ
3118 2340 3274 2418 φύσις
3335 2347 3443 2395 τῶν
3515 2342 3815 2417 ἀνθρώπων

2158 2427 2367 2504 τρέμει,
2402 2429 2607 2506 φρίττει
2654 2450 2711 2484 τε
2759 2430 2849 2485 καὶ
2896 2429 3180 2501 ἐξίσταται,
3237 2430 3518 2503 μηνύουσα
3577 2430 3667 2487 διὰ
3718 2438 3816 2488 τοῦ

2160 2520 2471 2591 σχήματος,
2503 2520 2577 2581 ὡς
2632 2519 2733 2573 ὑπὸ
2792 2518 3060 2591 δεσπότην
3117 2518 3227 2574 ἐστὶ
3284 2520 3376 2575 τὸν
3437 2521 3531 2583 τὰς
3589 2522 3817 2596 βροντὰς

2162 2604 2561 2681 ἐργαζόμενον;
2613 2608 2711 2663 Καὶ
2758 2614 2926 2664 ταῦτα
2995 2610 3090 2682 μὲν
3144 2610 3278 2684 πρὸς
3334 2609 3461 2672 τοὺς
3520 2610 3813 2688 ἀφελεστὲ-

2163 2715 2288 2768 ρους
2322 2695 2604 2766 Ἑλλήνων
2639 2697 2713 2760 εἰς
2765 2697 3090 2773 θεογνωσίαν
3143 2699 3370 2773 φέροντα
3421 2697 3812 2775 ὑποδείγματα.

2161 2786 2273 2861 Πρὸ
2347 2786 2446 2863 γὰρ
2530 2792 2637 2842 τῶν
2714 2789 2842 2861 παρ’
2900 2788 3082 2851 αὐτοῖς
3143 2793 3324 2867 σοφῶν
3385 2787 3444 2844 ἐκ
3499 2790 3809 2867 φιλοσόφων

2160 2874 2404 2952 ἀρχαίων
2467 2873 2705 2932 δυνατῶν
2769 2878 3036 2951 μαρτύρια
3092 2876 3278 2933 πολλά
3327 2879 3450 2954 περὶ
3507 2873 3804 2940 θεοσεϐείας

2158 2965 2301 3027 τινες
2331 2962 2612 3036 Ἑλλήνων
2648 2966 2805 3044 σοφοὶ
2858 2963 3109 3045 ἔφρασαν·
3143 2966 3289 3023 ἀλλά
3334 2967 3420 3022 καὶ
3477 2969 3588 3037 τήν·
3633 2969 3801 3043 Χρισ-

2159 3060 2287 3110 στοῦ
2340 3056 2657 3130 οἰκονομίαν
2727 3056 2986 3134 ἀμυδρῶς
3066 3061 3462 3135 προεμήνυσαν.
3524 3058 3621 3113 Καὶ
3675 3061 3807 3133 γοῦν

2156 3166 2239 3205 τις
2270 3149 2377 3199 τῶν
2406 3146 2532 3220 παρ’
2564 3146 2751 3209 αὐτοῖς
2784 3152 2962 3225 σοφῶν
2995 3148 3100 3222 πρὸ
3141 3146 3367 3203 πολλῶν
3416 3152 3515 3215 τῆς
3564 3150 3807 3218 Χριστοῦ

393 3237 510 3293 cit:
540 3236 738 3294 Puella
763 3238 958 3293 veniet
990 3255 1112 3308 quae
1160 3236 1452 3293 ccelestem
1488 3237 1655 3293 nobis
1697 3238 1924 3293 editura
1954 3241 2041 3292 est

2157 3230 2451 3306 ἐπιδημίας
2486 3234 2700 3310 χρόνων
2758 3222 2943 3314 φησὶν,
2976 3235 3058 3291 ὅτι
3099 3238 3248 3306 Ἥξει
3297 3238 3332 3306 ἡ
3382 3241 3557 3297 νεᾶνις
3606 3234 3809 3312 ἔχουσα

391 3326 828 3399 partum.Alius
851 3327 989 3383 item
1015 3327 1100 3383 sic
1129 3326 1419 3398 loquitur:
1445 3326 1704 3382 Tandem
1728 3326 2044 3397 aliquando

393 3414 549 3471 Deus
581 3416 641 3470 in
672 3414 1027 3472 multiﬁdam
1060 3415 1213 3471 hanc
1247 3420 1460 3471 terram
1492 3416 1890 3486 descendet,et
1916 3417 2045 3474 sine

391 3504 521 3560 labe
572 3505 669 3561 ﬁet
715 3522 888 3562 caro:
920 3510 987 3561 ut
1042 3506 1385 3577 damnatus,
1416 3504 1692 3577 pendebit
1749 3506 1808 3561 in
1860 3506 2038 3580 ligno,

392 3593 746 3667 morbosque
777 3594 1010 3650 curabit
1039 3592 1419 3650 insanabiles.

462 3774 684 3839 Qua-331'.
716 3771 1029 3829 CXXXVII.
1060 3772 1174 3843 (76)
1205 3777 1346 3828 Cum
1393 3771 1707 3829 Christiani
1754 3778 1812 3830 et
1851 3775 2040 3833 Judaei

392 3862 690 3920 Christum
726 3863 1138 3929 confiteantur,
1172 3862 1421 3933 ejusque
1470 3862 1541 3917 de
1589 3863 1836 3918 adventu
1869 3864 2037 3920 dubi-

390 3957 517 4008 tent
544 3952 755 4018 Judaei,
790 3949 1088 4022 velintque
1119 3950 1381 4006 nondum
1417 3951 1610 4023 ipsum
1649 3953 1900 4021 venisse,
1935 3956 2037 4012 sed

388 4046 705 4099 venturum
738 4057 887 4110 esse,
922 4057 1040 4113 qua
1092 4041 1317 4097 ratione
1364 4042 1510 4113 ipsis
1550 4043 1873 4113 poterimus
1905 4061 2035 4117 per-

389 4131 637 4188 suadere
671 4131 849 4186 Deum
908 4145 1038 4186 esse
1095 4129 1415 4196 Christum,
1468 4146 1873 4205 veracemque,
1918 4152 2034 4191 non

385 4222 768 4292 impostorem
800 4234 948 4287 esse,
984 4223 1048 4275 ut
1076 4219 1188 4292 ipsi
1216 4220 1622 4276 arbitrantur?

456 4308 988 4367 Resp.l.Christum
1013 4307 1253 4381 quidem
1283 4315 1463 4365 Deum
1487 4314 1545 4365 et
1564 4310 1879 4368 Dominum
1904 4330 2034 4372 esse

381 4403 675 4456 testantur
705 4398 1022 4471 prophetae,
1055 4402 1112 4454 et
1143 4399 1383 4470 quidem
1417 4400 1500 4455 sic
1529 4400 1610 4455 ait
1637 4400 1817 4456 David
1844 4418 1857 4455 :
1884 4403 2032 4460 «Do-

380 4490 577 4547 minus
635 4494 810 4556 Deus,
857 4493 914 4543 et
971 4489 1244 4560 apparuit
1296 4488 1465 4544 nobis
1495 4489 1559 4544 3".
1616 4511 1645 4539 »
1676 4490 1747 4545 Et
1776 4508 2022 4548 rursus:

2153 3324 2288 3395 ἡμῖν
2344 3322 2592 3399 οὐράνιον
2652 3324 2828 3400 γόνον.
2863 3325 2965 3381 Καὶ
3024 3324 3194 3387 ἄλλος
3250 3324 3415 3381 πάλιν
3464 3324 3688 3404 ἔφρασεν
3720 3323 3808 3380 οὕ-

2150 3433 2281 3475 τως·
2319 3410 2450 3487 Ὀψέ
2478 3435 2612 3471 ποτε
2637 3415 2726 3470 ἐπὶ
2774 3417 2872 3485 τὴν
2925 3414 3246 3493 ποΑυσχεδῆ
3290 3415 3493 3488 ταύτην
3544 3416 3803 3492 κατέρχε-

2150 3524 2237 3557 ται
2270 3503 2299 3558 6
2331 3505 2462 3567 Θεὸς
2508 3512 2635 3581 γῆν,
2664 3506 2754 3560 καὶ
2814 3503 2945 3582 δίχα
3000 3505 3339 3580 πταίσματος
3400 3506 3527 3583 σὰρξ
3586 3507 3804 3581 γενήσε-

2149 3612 2284 3646 ται·
2348 3593 2422 3655 ὡς
2477 3593 2798 3671 κατάκριτος
2878 3594 2929 3649 ἐν
3000 3593 3148 3669 ξύλῳ
3200 3597 3656 3671 κρεμασθήσεται,
3714 3595 3804 3651 καὶ

2150 3679 2337 3736 ἀνίατα
2366 3683 2510 3753 πάθη
2544 3683 2879 3761 θεραπεύσει.

2222 3771 2414 3846 Ἐρώτ.
2468 3770 2597 3847 ρλζῖ
2648 3776 2982 3850 Χριστιανῶν
3038 3795 3097 3829 τε
3172 3773 3261 3829 καὶ
3316 3771 3591 3832 Ἰουδαίων
3670 3779 3802 3851 Χρι-

2150 3859 2270 3914 στὸν
2305 3861 2752 3937 ὁμολογούντων,
2787 3858 3249 3939 ἀμφιϐαλλόντων
3280 3860 3337 3918 δὲ
3381 3865 3489 3919 τῶν
3520 3861 3797 3920 Ἰουδαίων

2148 3946 2302 4005 οὔπω
2334 3950 2491 4006 αὐτὸν
2544 3950 2894 4022 ἐληλυθέναι,
2928 3952 3074 4009 ἀλλά
3126 3951 3417 4029 λεγόντων,
3462 3951 3544 4008 ὅτι
3603 3951 3797 4027 μέλλει

2147 4033 2420 4115 ἔρχεσθαι·
2470 4040 2631 4106 πόθεν
2682 4041 2875 4104 αὐτοὺς
2939 4048 3119 4097 πεῖσαι
3181 4041 3496 4120 ὀφείλομεν,
3554 4041 3636 4097 ὅτι
3705 4041 3797 4097 καὶ

2145 4127 2274 4192 Θεός
2330 4129 2469 4185 ἐστιν
2522 4132 2549 4186 ὁ
2600 4130 2854 4208 Χριστὸς,
2885 4132 2975 4187 καὶ
3024 4131 3107 4187 ὅτι
3156 4131 3370 4203 ἀληθής
3424 4131 3559 4204 ἐστι,
3588 4131 3678 4187 καὶ
3731 4130 3796 4187 οὗ

2142 4215 2374 4285 πλάνος,
2402 4219 2478 4282 ὡς
2507 4218 2660 4274 αὐτοὶ
2690 4221 3002 4294 νομίζουσιν
3030 4242 3043 4291 ;

2214 4308 2409 4367 Ἀπόκ.
2446 4311 2495 4365 1.
2519 4311 2638 4364 Ὅτι
2673 4310 2766 4383 μὲν
2796 4312 2923 4372 Θεὸς
2952 4311 3041 4366 καὶ
3074 4310 3271 4387 Κύριος
3303 4312 3330 4367 6
3363 4310 3597 4385 Χριστός
3627 4310 3793 4382 ἐστιν,

2142 4399 2192 4451 οἱ
2224 4405 2499 4476 προφῆται
2536 4405 2922 4476 μαρτυροῦσιν·
2957 4402 2984 4455 ὁ
3019 4401 3113 4475 μὲν
3149 4395 3314 4457 Δαϐὶδ
3368 4399 3565 4475 λέγων’
3601 4428 3629 4454 ‹‹
3664 4402 3795 4465 Θεὸς

2140 4487 2359 4562 Κύριος,
2391 4487 2481 4542 καὶ
2528 4487 2778 4567 ἐπέφανεν
2822 4493 2982 4564 ἡμῖν·
3017 4515 3045 4542 ››
3089 4491 3179 4546 καὶ
3228 4488 3412 4547 πάλιν·
3460 4516 3488 4543 ‹‹
3542 4491 3791 4548 ’Έκλινεν

379 4602 407 4630 ‹‹
444 4577 753 4634 ιιιοιίιιιινίι
782 4577 956 4633 coelos
1005 4585 1062 4633 et
1118 4577 1427 4633 descendit
1455 4578 1520 4632 ⁸⁸.
1559 4600 1588 4628 ››
1646 4583 1715 4633 Et
1771 4579 1979 4636 iterum
2012 4599 2025 4638 :

2155 4576 2401 4652 ›ὖρανοῖ›ς
2460 4578 2550 4633 καὶ
2608 4575 2832 4650 κατέϐη·
2868 4605 2896 4633 ››
2928 4580 3016 4635 καὶ
3075 4580 3261 4636 πάλιν*
3292 4605 3321 4633 ‹‹
3369 4581 3430 4638 Ὀ
3477 4582 3791 4655 καθήμενος

380 4692 407 4719 ‹‹
442 4668 548 4735 Qui
583 4668 752 4723 sedes
782 4683 956 4739 super
984 4666 1316 4735 cherubim,
1359 4684 1574 4739 appare
1599 4668 1662 4723 ⁸ο.
1697 4668 2025 4726 nHaecitem

378 4762 521 4814 sunt
551 4756 722 4813 verba
747 4757 1050 4812 Habacuc:
1087 4781 1106 4805 ι
1146 4759 1296 4812 Deus
1329 4774 1362 4811 ιι
1393 4758 1669 4812 Τὴωιιιοιι
1702 4759 1892 4814 veniet
1916 4760 1976 4815 ⁹⁰.
1997 4784 2023 4809 υ

376 4846 447 4903 Et
478 4845 696 4901 Baruch
723 4862 735 4900 :
769 4866 795 4896 «
824 4845 930 4902 Hic
955 4850 1044 4902 est
1076 4846 1229 4902 Deus
1281 4851 1499 4912 noster,
1534 4851 1590 4901 et
1615 4863 1731 4901 non
1763 4847 2022 4903 mstima-

376 4937 537 4992 bitur
565 4934 716 4991 alius
747 4936 1031 4991 adversus
1078 4952 1258 4991 eum:
1314 4936 1538 4990 invenit
1586 4952 1820 4991 omnem
1869 4937 2021 4993 viam

374 5026 649 5094 scientiae,
682 5032 738 5082 et
770 5026 1011 5081 tradidit
1040 5025 1202 5080 illam
1235 5024 1414 5080 Jacob
1465 5042 1647 5096 puero
1678 5043 1805 5097 suo,
1839 5031 1896 5081 et
1937 5032 2020 5083 Is-

370 5116 491 5172 rael
523 5114 735 5171 dilecto
766 5133 893 5172 suo.
926 5116 1065 5170 Post
1114 5115 1234 5168 haec
1284 5114 1343 5167 in
1395 5114 1564 5169 terris
1615 5116 1777 5170 visus
1825 5120 1934 5184 est,
1966 5121 2023 5172 et

369 5220 504 5261 cum
540 5205 877 5262 hominibus
924 5207 1306 5261 conversatus
1353 5208 1442 5258 est
1471 5204 1535 5258 θί.
1573 5227 1601 5253 ››
1632 5203 1808 5261 Vides
1840 5222 2018 5277 quam

366 5291 694 5351 luculenter
722 5294 1020 5368 prophetae
1050 5292 1344 5348 Christum
1377 5292 1562 5349 Deum
1595 5294 1909 5366 appellent.

2138 4664 2225 4721 ἐπὶ
2282 4671 2389 4722 τῶν
2452 4663 2746 4744 χερουϐὶμ,
2812 4669 3111 4748 ἐμφοὶνηθι⁸
3175 4694 3203 4723 ››
3266 4670 3293 4724 6
3345 4666 3402 4724 δὲ
3461 4665 3794 4747 Ἀμϐακοὺμ

2135 4752 2300 4810 πάλιν
2333 4757 2516 4834 φησίν
2551 4782 2579 4809 (ι
2612 4759 2673 4815 Ὀ
2714 4760 2842 4821 Θεὸς
2889 4759 2996 4813 ἀπὸ
3045 4758 3253 4832 Θαιμὰν
3304 4757 3440 4829 ἥξει·
3477 4782 3504 4810 ››
3540 4762 3568 4814 6
3599 4757 3658 4815 δὲ
3687 4766 3791 4816 Βα-

2135 4844 2296 4921 ρούχ·
2334 4869 2361 4899 ‹‹
2392 4846 2564 4909 Οὗτος
2596 4848 2624 4902 6
2656 4848 2786 4910 Θεὸς
2839 4850 3021 4921 ἡμῶν,
3052 4848 3115 4903 οὐ
3166 4847 3553 4923 λογισθήσεται
3606 4846 3789 4925 ἕτερος

2132 4935 2267 5010 πρὸς
2299 4934 2479 4991 αὐτόν’
2516 4934 2690 5010 ἔξευρε
2718 4943 2890 4992 πᾶσαν
2944 4934 3068 4992 ὁδὸν
3121 4936 3453 5011 ἐπιστήμης,
3507 4937 3599 4993 καὶ
3657 4934 3787 4994 ἔδω-

2130 5047 2218 5080 κεν
2279 5026 2443 5096 αὐτὴν
2475 5023 2674 5085 Ἰακὼϐ
2722 5033 2802 5101 τῷ
2850 5026 3003 5083 παιδὶ
3055 5028 3239 5099 αὐτοῦ,
3286 5028 3375 5085 καὶ
3426 5029 3649 5105 Ἰσραὴλ
3708 5029 3786 5105 τῷ

2130 5116 2471 5192 ἠγαπημένῳ
2534 5118 2621 5172 ὑπ’
2668 5117 2850 5175 αὐτοῦ.
2913 5120 3064 5176 Μετὰ
3134 5123 3297 5175 τοῦτο
3371 5118 3459 5174 ἐπὶ
3522 5125 3623 5190 τῆς
3682 5127 3786 5196 γῆς

2130 5200 2308 5282 ὤφθη,
2340 5206 2429 5261 καὶ
2459 5212 2576 5270 τοῖς
2608 5208 2918 5284 ἀνθρώποις
2950 5208 3376 5285 συνανεστράφη.
3410 5235 3438 5261 υ
3475 5205 3617 5263 Ἰδοὺ
3665 5215 3784 5272 πῶς

2129 5300 2423 5372 προφανῶς
2480 5296 2531 5350 οἱ
2586 5304 2861 5378 προφῆται
2922 5297 3049 5353 Θεὸν
3105 5297 3327 5375 λέγουσι
3383 5298 3474 5353 τὸν
3529 5300 3781 5375 Χριστόν.

430 5473 475 5509 ⁸⁷
513 5472 665 5532 Psal.
697 5486 871 5543 cxvn,
902 5474 993 5529 27.
1069 5473 1112 5510 ⁸⁸
1154 5473 1309 5530 Psal.
1342 5486 1480 5545 xvn,
1514 5474 1601 5530 10.
1677 5473 1723 5510 ⁸³
1760 5476 1914 5534 Psal.
1949 5494 2041 5534 ω

2173 5479 2228 5535 2.
2305 5480 2350 5516 ⁹⁰
2387 5479 2601 5536 Hebae.
2635 5495 2722 5550 ιιι,
2755 5480 2809 5536 3.
2887 5480 2930 5517 ἰ
2979 5478 3225 5537 Baruch.
3258 5497 3344 5551 ιιι,
3375 5481 3466 5537 38.

426 5668 542 5743 (76)
573 5669 703 5726 Haec
734 5687 853 5728 non
884 5674 1026 5729 sunt
1050 5670 1374 5730 Athanasio
1405 5671 1669 5744 indigna,
1703 5677 1760 5730 et
1790 5673 1849 5732 in
1884 5674 2192 5735 nonnullis
2222 5675 2527 5735 codicibus
2556 5675 2877 5750 separatim
2907 5683 3231 5751 ponuntur.
