4132 6356
299 367 418 425 685
1262 357 1774 432 QU/ESTIONES
1821 356 1924 420 AD
1972 363 2436 424 ANTIOCHUM
2490 358 2785 426 DI’CEM.
3608 364 3728 425 686

362 500 414 550 2.
450 497 570 548 ’Ότι
604 490 661 548 δὲ
693 491 960 562 ἐλήλυθεν
990 488 1100 560 ἤδη
1137 492 1164 545 6
1195 492 1452 565 Χριστὸς,
1485 491 1690 560 Δανιὴλ
1743 493 1770 544 ὁ
1819 511 1953 566 προ·
1986 543 1994 561 γ

2140 499 2194 550 2.
2228 493 2528 550 Christum
2561 498 2754 550 autem
2783 495 2904 566 jam
2941 495 3170 550 venisse
3200 494 3486 552 habemus
3516 511 3584 551 ex
3613 495 3725 550 Da-

293 585 473 661 ιρήτης
531 584 626 637 τὸν
677 583 874 657 χρόνον
924 582 1026 648 τῆς
1082 581 1379 654 παρουσίας
1432 580 1596 635 αὐτοῦ
1671 580 1925 652 σημαίνω

2091 585 2219 640 iiele
2251 585 2554 656 propheta,
2584 585 2683 655 qui
2721 590 2956 654 tempus
2987 585 3115 654 ejus
3147 584 3428 640 adventus
3462 584 3547 639 sic
3577 584 3723 656 ipse,

294 673 437 728 οὕτω
471 673 628 749 φησὶ,
666 669 880 744 μᾶλλον
916 668 972 724 δὲ
1002 670 1138 741 πρὸς
1163 668 1322 723 αὐτὸν
1374 670 1400 722 ὁ
1451 669 1794 745 ἀρχάγγελος
1852 676 1923 723 Γα

2093 675 2152 730 'el
2177 673 2370 744 potius
2403 673 2788 744 archazigelus
2814 672 3045 728 Gabriel
3079 672 3537 744 ipsi,indieavit:
3580 693 3600 721 α
3627 679 3725 728 Se-

295 759 486 837 ϐριήλ·
525 787 551 814 ‹‹
587 756 1007 833 Ἐϐδομήκοντα
1055 754 1354 831 ἐϐδομάδες
1409 760 1817 831 συνετμήθησαν
1870 759 1927 812 ἐπ

2089 761 2370 832 ituaginta
2401 759 2800 814 hebdomades
2819 760 3164 815 abbreviataa
3186 765 3327 816 sunt
3348 777 3525 832 super
3543 778 3721 833 popu-

293 854 384 907 τὸν
419 851 550 906 λαόν
586 873 708 914 σου,
740 849 829 904 καὶ
861 849 947 904 ἐπὶ
978 849 1075 916 τὴν
1110 847 1272 903 πόλιν
1319 848 1416 916 τὴν
1473 848 1647 920 ἁγίαν,
1696 852 1793 902 τοῦ
1841 870 1925 902 συν

2095 867 2189 904 um
2226 856 2390 904 tuum
2422 857 2474 904 et
2507 866 2685 920 super
2709 850 2913 904 urbem
2948 853 3313 918 sanctam,ut
3343 850 3721 922 perﬁciantur

293 940 614 1009 τελεσθῆναι
659 939 947 1014 ἁμαρτίας,
980 938 1068 992 καὶ
1115 942 1213 992 τοῦ
1259 942 1544 1015 σφραγῖσαι
1599 937 1888 1012 ἁμαρτίας’

2083 945 2326 1012 peccata,
2359 948 2415 994 et
2445 939 2833 1011 obsignentur
2864 944 3100 1010 peccata
3129 940 3227 993 9’.»
3252 940 3320 993 Et
3352 938 3527 1010 paulo
3551 947 3715 1012 post:

295 1031 386 1087 καὶ
447 1032 583 1104 μετά
621 1028 829 1105 βραχύ’
881 1054 907 1080 ‹‹
969 1028 1064 1082 Καὶ
1113 1031 1210 1081 τοῦ
1270 1032 1560 1104 σφραγῖσαι
1630 1025 1814 1101 ὅρασιν
1865 1047 1927 1080 κα

2086 1051 2096 1078 ι
2134 1031 2199 1084 Et
2227 1031 2573 1101 obsignetur
2609 1027 2752 1084 visio
2786 1033 2842 1083 et
2868 1027 3190 1099 prophetia,
3227 1031 3283 1083 et
3305 1032 3560 1100 ungatur
3579 1030 3718 1084 San-

296 1120 656 1199 προφητείαν,
687 1118 777 1173 καὶ
807 1122 904 1172 τοῦ
936 1122 1148 1192 χρῖσαι.
1179 1119 1372 1192 ’Ἅγιον
1406 1117 1590 1190 ἁγίων·
1640 1136 1666 1167 ⁵
1723 1114 1815 1176 Τίς
1864 1113 1924 1168 οὗ

2087 1122 2200 1173 itus
2232 1124 2570 1173 sanctorum
2619 1119 2681 1173 93.
2718 1140 2735 1170 ι
2782 1118 2923 1183 Quis
2980 1134 3115 1189 ergo
3167 1117 3318 1173 alius
3369 1124 3458 1173 est
3509 1121 3719 1174 unctus

299 1210 438 1265 ἐστιν
469 1207 652 1283 ἕτερος
684 1207 1151 1282 χρισθεῖς”Αγιος
1200 1205 1368 1280 ἁγίων
1419 1205 1462 1258 εἰ
1517 1205 1592 1278 μὴ
1649 1205 1676 1258 ὁ
1727 1205 1928 1280 Χριστὸ

2091 1208 2321 1263 Sanetus
2371 1214 2734 1274 sanctorum,
2783 1212 2994 1278 praeter
3050 1206 3242 1262 solum
3290 1207 3612 1273 Christum,
3660 1212 3723 1262 ut

307 1299 491 1372 μόνος,
525 1300 598 1360 ὡς
628 1302 724 1352 τοῦ
756 1299 890 1350 Θεοῦ
918 1299 1015 1349 τοῦ
1049 1299 1248 1363 ζῶντος
1275 1313 1286 1362 ;
1323 1295 1391 1348 Αἱ
1421 1294 1524 1368 γάρ
1573 1288 1939 1366 ἐϐδομήκοντα

2089 1297 2170 1351 )ei
2203 1296 2448 1352 viventis
2469 1297 2496 1351 ‘?
2525 1297 2907 1368 Septuaginta
2947 1296 3103 1351 enim
3151 1296 3547 1351 hebdomades
3579 1313 3721 1368 qua-

306 1384 602 1460 ὲϐδομάὸες
655 1385 972 1461 τετρακόσια
1034 1383 1354 1453 ἐνενήκοντα
1419 1378 1510 1452 ἔτη
1574 1383 1929 1456 σημαίνουσιν

2094 1386 2411 1458 lringentos
2445 1388 2769 1457 nonaginta
2799 1403 2986 1441 annos
3018 1385 3370 1457 significant.
3396 1385 3660 1457 Namque
3693 1402 3726 1440 ει

307 1477 446 1533 Ἀπὸ
475 1475 530 1531 δὲ
556 1481 646 1531 τοῦ
679 1473 876 1543 Δανιὴλ
907 1471 1010 1534 ἕως
1042 1476 1138 1527 τοῦ
1169 1477 1258 1526 νῦν
1314 1471 1648 1546 ὑπάρχουσιν
1701 1469 1793 1540 ἔτη
1847 1475 1939 1524 τῶι

2089 1476 2306 1530 )aniele
2337 1477 2407 1530 ad
2442 1476 2549 1530 hoc
2581 1483 2818 1546 tempus
2852 1480 2992 1529 sunt
3019 1475 3156 1529 anni
3189 1474 3506 1545 plusquam
3538 1475 3721 1531 octin-

306 1565 642 1621 ὀκτακοσίων
696 1563 885 1618 πλείω.
935 1562 1209 1632 Λείξουσιν
1264 1561 1354 1615 οῦν
1407 1564 1542 1633 ἡμῖν
1595 1559 1787 1615 λοιπὸν
1822 1561 1938 1614 Ἰουη

2090 1566 2246 1636 genti.
2281 1566 2606 1621 Ostendant
2639 1565 2819 1637 igitur
2865 1564 3032 1620 nobis
3070 1565 3260 1619 Judaei
3295 1566 3532 1636 quinam
3567 1565 3722 1636 apud

302 1651 472 1721 δαῖοι,
506 1655 587 1714 τίς
618 1655 742 1728 παρ’
771 1650 954 1712 αὐτοῖς
1000 1650 1249 1726 ἐχρίσϐη.
1284 1653 1476 1724 ’Ἄγιος
1512 1650 1674 1725 ἁγίων
1713 1650 1846 1722 μετὰ
1875 1670 1932 1703 τε

2093 1671 2229 1726 psos
2261 1659 2474 1710 unctus
2509 1654 2586 1709 sit
2617 1655 2870 1710 Sanetus
2905 1657 3243 1709 sanctorum
3277 1658 3410 1726 post
3439 1655 3722 1728 quadrin-

296 1743 564 1818 τρακόσια
595 1743 913 1812 ἐνενήκοντα
945 1737 1037 1809 ἔτη
1089 1745 1186 1794 τοῦ
1233 1738 1458 1808 Δανιὴλ,
1507 1739 1595 1793 καὶ
1643 1741 1928 1814 κατηργησ

2088 1750 2276 1815 gentos
2327 1744 2648 1816 nonaginta
2700 1761 2888 1799 annos
2935 1742 3209 1815 Danielis,
3260 1744 3360 1814 qui
3412 1748 3468 1798 et
3498 1745 3720 1800 sacrifi-

292 1834 394 1900 τήν
430 1832 610 1895 θυσίαν
644 1831 732 1885 καὶ
765 1833 862 1898 τήν
898 1829 1137 1898 σπονδὴν
1167 1831 1268 1898 τὴν
1314 1831 1547 1901 νομικήν
1579 1852 1592 1893 ς
1646 1828 1802 1884 Ἀλλ’
1860 1827 1920 1882 οὐ

292 1919 316 1938 f'
528 1919 552 1938 Ἇ
587 1923 632 1938 αν
808 1921 817 1936 Ι
962 1924 986 1934 ~
1256 1919 1266 1938 Ι
1506 1918 1518 1938 ⁷
1630 1919 1645 1938 \
1685 1919 1720 1938 ἰ’
1839 1922 1858 1930 "

2090 1833 2224 1887 :ium
2257 1832 2718 1905 libationemque
2744 1833 2989 1905 legalem
3015 1833 3421 1904 abrogaverit?
3444 1835 3594 1889 Sane
3624 1849 3722 1890 ne-

292 1919 489 1998 ἓχουσι
526 1919 714 1992 δεῖξαι,
766 1921 846 1981 τίς
893 1924 1056 1975 τοῦτο
1103 1919 1423 1989 πεποίηκεν,
1476 1918 1521 1972 εἰ
1575 1919 1651 1991 μὴ
1685 1919 1894 1988 Ἰησοῦς

2086 1922 2284 1977 ninem
2319 1922 2571 1994 poterint
2621 1922 2878 1977 indicare
2919 1921 3019 1994 qui
3051 1921 3172 1978 haec
3223 1922 3578 1994 prestiterit,
3604 1923 3718 1978 nisi

300 2012 535 2087 Χριστὸς
570 2012 597 2066 6
630 2011 752 2072 Υἱὸς
788 2013 885 2064 τοῦ
917 2013 1068 2065 Θεοῦ.

2064 2011 2264 2066 Jesum
2295 2011 2589 2066 Christum
2623 2010 2834 2066 Filium
2869 2013 2983 2067 Dei.

368 2103 420 2157 3.
453 2104 572 2155 *Ότι
630 2097 686 2154 δὲ
721 2097 934 2170 ἀληθής
968 2097 1100 2170 ἐστι,
1133 2097 1220 2152 καὶ
1255 2097 1316 2152 οὐ
1367 2097 1597 2165 πλάνος,
1645 2099 1673 2151 6
1725 2099 1952 2164 Χριστὸς

2138 2102 2189 2155 3.
2224 2101 2385 2164 Quod
2419 2105 2614 2156 autem
2646 2117 2816 2156 verus
2837 2101 2944 2166 ‘sit,
2969 2117 3082 2156 non
3116 2101 3402 2172 impostor
3430 2102 3719 2169 Christus,

297 2191 372 2250 ὡς
405 2189 560 2261 ὑμεῖς
612 2187 879 2260 νομίζετε,
936 2188 980 2240 ὦ
1031 2184 1308 2254 Ἰουδαῖοι,
1357 2188 1774 2260 παρασττςσομεν
1829 2187 1927 2260 ὑμῖ

2085 2195 2132 2245 1t
2160 2207 2284 2256 vos,
2314 2190 2522 2258 Judaei,
2548 2189 2942 2256 arbitramini,
2967 2190 3023 2245 id
3057 2191 3219 2246 vobis
3251 2207 3363 2246 non
3395 2190 3586 2246 verbis
3617 2191 3717 2247 sed

295 2283 459 2334 10610
493 2278 556 2332 οὐ
588 2277 678 2332 διὰ
709 2276 994 2352 ῥημάτων,
1043 2273 1188 2331 ἀλλὰ
1238 2274 1327 2330 διὰ
1375 2277 1735 2350 πραγμάτων,
1792 2277 1927 2352 μὲχρ

2094 2281 2235 2335 actis
2267 2297 2474 2334 sumus
2501 2279 3004 2350 probaturi;quas,
3039 2280 3466 2351 inquam,faeta
3499 2281 3554 2334 id
3588 2280 3726 2334 hac-

292 2373 396 2422 τοῦ
453 2371 544 2421 νῦν
602 2365 911 2441 κραςὸντων
963 2365 1051 2419 καὶ
1106 2365 1521 2440 μαρτυρούντων
1577 2364 1628 2419 ἐν
1689 2364 1830 2439 πάσῃ
1886 2387 1924 2419 τε

2097 2387 2239 2425 enus
2275 2386 2373 2441 per
2399 2374 2584 2425 totum
2619 2371 2816 2424 orbem
2853 2369 3112 2424 clamant
3143 2375 3200 2424 et
3228 2373 3542 2436 testantur,
3575 2374 3640 2423 ut
3669 2373 3729 2425 et

296 2458 620 2530 οἰκουμένῃ’
657 2455 744 2510 καὶ
778 2455 861 2509 ὅτι
892 2456 1068 2508 πάντα
1113 2455 1180 2508 τὰ
1231 2455 1316 2508 ὑπ’
1364 2452 1526 2508 αὐτοῦ
1570 2453 1832 2530 κεχΟέντα
1874 2476 1928 2530 γε

2093 2458 2421 2530 ιῐῙΠ]Ῐ8,[ίΙ]ἱὲ
2455 2458 2579 2530 ipse
2613 2457 2779 2523 dixit,
2816 2458 2966 2512 facta
2998 2474 3146 2523 esse,
3174 2458 3319 2513 dixit
3349 2457 3505 2512 enim
3535 2459 3725 2513 :«Caa—

292 2548 538 2624 γόνασιν.
576 2548 711 2600 Εἷπε
750 2544 876 2620 γὰρ,
936 2543 1018 2598 ὅτι
1072 2567 1098 2595 ‹‹
1149 2544 1211 2600 Ὁ
1259 2543 1482 2618 οὐρανὸς
1533 2543 1624 2598 καὶ
1656 2547 1690 2612 ἡ
1720 2551 1790 2619 γῆ
1824 2565 1924 2619 παρ

2093 2565 2189 2602 um
2213 2552 2267 2602 et
2288 2553 2442 2602 terra
2465 2548 3006 2615 transibunt,verba
3029 2552 3224 2603 autem
3251 2564 3380 2602 mea
3397 2564 3512 2603 non
3537 2551 3725 2602 trans-

297 2635 598 2707 ελεῦσεται,
633 2636 683 2688 οἱ
716 2631 773 2688 δὲ
805 2633 960 2709 λόγοι
997 2654 1100 2705 μου
1133 2632 1194 2686 οὐ
1223 2633 1300 2705 μὴ
1331 2631 1695 2706 παρέλθωσιν,
1735 2656 1762 2683 ››
1797 2639 1929 2687 Ποῖο

2089 2637 2232 2691 bunt
2253 2638 2633 2702 “montanam
2658 2641 2852 2692 autem
2887 2637 3061 2692 verba
3083 2636 3717 2704 dixerit,attendamus.

295 2723 354 2780 δὲ
386 2725 567 2800 λόγοι,
599 2728 874 2799 νουνεχῶς
942 2722 1286 2795 ἀκούσωμεν.
1345 2723 1479 2776 Εἴπε
1525 2722 1648 2798 περὶ
1698 2726 1793 2776 τοῦ
1829 2723 1927 2796 ὑμε

2084 2726 2219 2780 )ixit
2249 2727 2319 2781 de
2365 2730 2553 2780 vestro
2598 2725 2856 2797 templo:
2894 2747 2921 2775 «
2957 2731 3164 2792 Amen,
3199 2726 3330 2781 dico
3384 2726 3565 2793 vobis,
3599 2741 3716 2781 non

292 2817 460 2892 τὲρου
489 2818 640 2884 ναοῦ,
675 2812 754 2867 ὅτι
793 2839 818 2864 ‹‹
854 2811 1030 2884 Ἀμὴν
1065 2808 1210 2885 λέγω
1253 2811 1400 2883 ὑμῖν,
1435 2811 1495 2865 οὗ
1532 2812 1606 2883 μὴ
1661 2811 1816 2885 μείνῃ
1867 2809 1922 2866 λί

2085 2814 2390 2870 'emanebit
2409 2813 2558 2885 lapis
2582 2831 2756 2886 super
2777 2813 3030 2886 lapidem
3056 2813 3117 2869 in
3158 2814 3287 2886 ipso
3309 2815 3409 2886 qui
3437 2831 3550 2870 non
3585 2814 3717 2871 des-

295 2917 389 2968 θος
421 2903 510 2958 ἐπὶ
545 2903 697 2966 λίθον
729 2903 811 2956 ἐπ’
843 2900 1011 2972 αὐτῷ,
1046 2900 1104 2962 ὅς
1137 2899 1198 2954 οὐ
1243 2901 1318 2972 μὴ
1373 2897 1674 2973 καταλυθῇ·
1737 2926 1762 2951 n
1813 2903 1927 2974 τΑρι

2081 2909 2294 2958 ,ruatur
2313 2905 2413 2958 95.»
2450 2904 2508 2958 Id
2531 2904 2657 2973 ejus
2681 2903 2921 2958 verbum
2950 2903 3245 2958 factumne
3269 2904 3595 2970 est,necne‘?
3619 2905 3713 2959 Di-

290 2995 513 3069 γὲγονεν
571 2991 736 3047 αὐτοῦ
793 2993 820 3044 6
872 2990 1060 3066 λόγος,
1103 2991 1138 3058 ἢ
1185 2989 1246 3044 οὐ
1292 2988 1552 3064 γέγονεν;
1629 2991 1812 3056 Εἶπεν,
1870 2990 1922 3045 6'1

2082 2994 2144 3048 Lit
2174 2999 2448 3048 venturos
2476 2993 3169 3064 Romanos,vestramque
3201 2991 3540 3048 sublaturos
3572 3009 3714 3065 gen-

293 3083 608 3138 ἐλεῦσονται
669 3083 720 3135 οἱ
771 3084 1056 3152 Ῥωμαῖοι,
1107 3077 1196 3132 καὶ
1245 3078 1462 3152 ἀροῦσιν
1503 3079 1653 3150 ὑμῶν
1684 3079 1746 3133 τὸ
1776 3078 1925 3142 ἔθνος

2089 3099 2176 3137 em
2213 3083 2535 3154 urbemque
2557 3086 2614 3136 et
2636 3083 3113 3153 regnum.Annon
3144 3083 3252 3137 sub
3275 3081 3637 3153 Vespasiano
3661 3086 3717 3138 et

291 3173 385 3226 καὶ
418 3172 516 3240 τὴν
550 3167 710 3225 πόλιν
754 3169 843 3224 καὶ
895 3169 958 3222 τὸ
1011 3165 1308 3243 βασίλειον⁴
1361 3169 1499 3243 τΑρα
1544 3167 1734 3243 γέγονε
1789 3172 1917 3222 τοῦτ

2084 3173 2187 3227 [‘ito
2211 3171 2268 3225 id
2294 3172 2510 3226 factum
2535 3176 2641 3239 est,
2670 3186 2849 3225 necne
2871 3170 2898 3223 ?
2924 3169 3072 3224 Dixit
3095 3169 3283 3242 legem
3316 3176 3370 3226 et
3402 3171 3716 3242 prophetas

291 3261 382 3316 ἐπὶ
440 3261 841 3318 Οὐεσπασιανοῦ
893 3257 981 3312 καὶ
1030 3257 1209 3325 Τίτου,
1260 3256 1294 3326 ἢ
1347 3255 1408 3310 οὐ
1452 3257 1668 3332 γέγονεν
1699 3303 1711 3327 ,
1763 3259 1923 3312 Εἶπεν

2079 3278 2252 3332 isque
2273 3261 2342 3315 ad
2359 3261 2641 3315 Joannem
2665 3257 2986 3329 Baptistam
3007 3239 3711 3331 futuros,tuncqueﬁnem

288 3351 376 3406 ὅτι
411 3353 438 3404 6
499 3350 668 3423 νόμος
720 3348 811 3404 καὶ
859 3349 911 3402 οἱ
962 3353 1238 3423 προφῆται
1285 3342 1386 3408 ἕως
1433 3347 1678 3402 Ἰωάννου
1709 3351 1803 3400 τοῦ
1841 3353 1920 3402 Βαι

2079 3352 2365 3406 labituros
2396 3349 2476 3401 9°:
2510 3365 2705 3403 annon
2739 3347 2796 3402 id
2831 3349 3046 3402 faelum
3080 3348 3198 3403 est?
3216 3349 3358 3413 Quis
3390 3351 3545 3405 enim
3580 3366 3711 3420 pro-

289 3443 545 3505 πτιστοῦ,
593 3439 685 3492 καὶ
734 3438 1016 3492 πάυονται’
1070 3437 1215 3511 Ἀρα
1264 3434 1326 3488 οὐ
1374 3435 1562 3511 γὲγονε
1602 3439 1802 3504 τοῦτο;
1859 3435 1918 3488 Τί

2082 3440 2234 3494 iheta
2264 3439 2418 3510 apud
2449 3454 2551 3492 vos
2602 3437 2827 3492 exstitit
2855 3440 2988 3507 post
3017 3440 3302 3493 Joannem
3337 3438 3663 3510 Baptistam
3686 3439 3714 3493 ?

289 3531 580 3606 προφήτης
609 3529 736 3604 παρ’
791 3528 916 3599 ὑμῖν
973 3524 1106 3598 μετὰ
1149 3525 1402 3595 Ἰωάννην
1459 3525 1547 3579 τὸν
1603 3527 1905 3596 Βαπτιστήν

2078 3528 2265 3583 iullus
2302 3527 2576 3598 profecto.
2613 3525 2762 3580 Dixit
2795 3542 3000 3581 rursus
3032 3525 3187 3582 idem
3223 3527 3508 3583 Dominus
3536 3528 3710 3584 Jesus

292 3616 571 3689 Εὔδηλον,
607 3617 689 3672 ὅτι
722 3613 916 3678 οὐδείς’
953 3617 1086 3672 Eine
1119 3613 1283 3669 πάλιν
1336 3616 1362 3669 ὁ
1395 3612 1554 3694 αὐτὸς
1589 3614 1784 3691 Κύριος
1836 3617 1912 3686 ’1η

2074 3617 2324 3671 3hristus
2373 3632 2543 3670 verus
2597 3616 2745 3669 Deus
2790 3621 3004 3683 noster,
3039 3615 3418 3688 Evangelium
3478 3616 3536 3672 in
3587 3621 3706 3672 toto

295 3712 423 3770 σοῦς
458 3708 689 3783 Χριστὸς
723 3706 750 3759 ὁ
782 3704 1043 3774 ἀληθινὸς
1076 3704 1204 3766 Θεὸς
1239 3706 1421 3776 ἡμῶν,
1469 3705 1551 3758 ὃτι
1598 3705 1927 3780 κηρυχθήσεη

2075 3706 2278 3760 nundo
2310 3705 2687 3776 praedicatum
2719 3705 2786 3758 iri
2811 3705 2853 3738 97
2877 3704 3115 3760 :faetum
3138 3721 3274 3776 ergo
3293 3703 3349 3760 id
3381 3703 3707 3772 est,necne?

289 3819 382 3852 ται
425 3797 490 3853 τὸ
540 3793 872 3870 Εὐαγγὲλιον
924 3793 976 3847 ἐν
1023 3790 1140 3866 ὅλῳ
1182 3797 1261 3864 τῷ
1317 3789 1530 3866 κὸσμῳ·
1588 3795 1688 3868 ἆρα
1727 3795 1921 3870 γὲγονε·

2073 3797 2211 3851 )ixit
2239 3796 2377 3850 item
2413 3797 2609 3866 portas
2642 3793 2809 3848 inferi
2843 3811 2956 3849 non
2990 3793 3390 3866 praevalituras
3423 3795 3705 3851 adversus

289 3890 479 3954 10610,
511 3886 545 3954 ἣ
579 3883 640 3938 οὐ
667 3883 884 3958 γέγονεν
913 3901 926 3952 ;
960 3878 1134 3938 Πάλιν
1167 3882 1336 3952 εἶπεν,
1369 3881 1452 3936 ὅτι
1501 3880 1671 3936 πύλαι
1703 3880 1832 3952 ᾅδου
1884 3904 1921 3937 0i

2071 3882 2372 3938 Ecclesiam
2402 3881 2689 3953 :nunquid
2713 3882 2995 3937 mentitus
3024 3887 3113 3938 est
3137 3884 3156 3935 ἐ
3189 3883 3353 3938 Absit
3378 3882 3390 3937 l
3429 3882 3578 3938 Dixit
3599 3901 3703 3938 no-

283 3974 678 4049 κατισχύσουσι
733 3975 832 4041 τῆς
893 3969 1242 4041 Ἐκκλησίας’
1300 3975 1442 4045 ’Δρα
1496 3969 1793 4043 ἐψεύσατο;
1857 3979 1915 4026 Μ·

2073 3973 2146 4027 ais
2180 3971 2280 4043 qui
2322 3971 2380 4025 in
2415 3971 2606 4043 ipsum
2641 3971 2937 4027 credimus
2964 3989 2974 4026 :
3005 3993 3030 4021 ι(
3065 3972 3235 4026 Eritis
3267 3972 3398 4028 odio
3429 3971 3705 4028 omnibus

284 4063 542 4141 γὲνοιτοί
597 4063 758 4120 Εἶπεν
814 4064 948 4135 ἡμῖν
999 4066 1116 4122 τοῖς
1169 4059 1246 4122 εἷς
1275 4059 1433 4114 αὐτὸν
1467 4060 1829 4128 πιστεύουσιν,
1861 4063 1916 4116 ’ὀτ

2071 4067 2294 4133 erepter
2317 4077 2531 4115 nomen
2562 4076 2758 4114 meum
2793 4061 2851 4114 νε.
2893 4083 2919 4109 ››
2955 4060 3137 4116 Dicite
3165 4061 3363 4133 itaque
3396 4062 3580 4129 nobis,
3601 4079 3703 4116 an-

289 4179 316 4205 ‹‹
348 4153 568 4207 Ἐσεσθε
603 4149 925 4224 μισούμενοι
959 4149 1062 4204 ὑπὸ
1093 4148 1306 4202 πάντων
1343 4145 1432 4202 διὰ
1459 4148 1522 4202 16
1555 4144 1730 4221 ὄνομά
1764 4169 1888 4222 μου·
1920 4176 1921 4200 ς

2075 4167 2172 4205 1οη
2207 4165 2411 4204 omnes
2443 4153 2646 4220 gentes
2679 4153 2916 4220 propter
2945 4148 3157 4203 Christi
3191 4167 3401 4205 nomen
3435 4151 3567 4206 odio
3601 4168 3707 4206 nos

285 4244 447 4317 ’Ἄρτι
506 4239 690 4296 εἶίπατε
739 4242 899 4311 ἡμῖν,
953 4236 1042 4294 διὰ
1087 4239 1150 4292 τὸ
1197 4233 1376 4310 ὄνομα
1437 4243 1533 4292 106
1597 4244 1832 4312 Χριστοῦ
1885 4261 1912 4294 0

2074 4239 2277 4294 tabent
2314 4242 2370 4292 et
2400 4239 2824 4291 exsecrantur?
2852 4235 3094 4292 Etiamsi
3141 4254 3246 4293 vos
3295 4240 3558 4310 taeeatis,
3590 4239 3706 4312 ipsi

287 4331 463 4386 πάντα
520 4331 587 4384 τὰ
629 4327 754 4400 ἔθνη
804 4332 952 4401 ἡμᾶς
1025 4333 1173 4400 μισεῖ
1241 4327 1330 4381 καὶ
1401 4324 1786 4403 βδελύττεταις
1841 4329 1919 4385 KH

2075 4329 2398 4387 :lamabunt
2429 4327 2673 4399 lapides,
2706 4326 2951 4398 ipsaque
2982 4343 3175 4382 rerum
3222 4328 3436 4384 veritas
3469 4346 3567 4385 vos
3599 4345 3707 4400 pu-

290 4422 451 4494 ὑμεῖς
483 4421 821 4489 σιωπήσητε,
855 4416 983 4474 ἀλλ’
1011 4417 1065 4472 οἳ
1124 4415 1270 4480 λίθοι
1317 4417 1622 4493 κράξονται,
1675 4417 1765 4472 καὶ
1811 4417 1922 4473 αὐτη

2072 4422 2198 4477 lore
2231 4418 2374 4473 satis
2407 4416 2618 4489 poterit
2647 4417 2898 4482 afﬁcere,
2919 4421 3201 4488 cogetque
3233 4415 3319 4471 vel
3351 4417 3565 4474 invitos
3582 4435 3704 4474 cre-

287 4508 348 4565 δὲ
377 4515 488 4565 τῶν
548 4508 887 4583 πραγμάτων
938 4509 972 4576 ἡ
1025 4506 1256 4577 ἀλήθεια
1309 4505 1506 4569 ἱκανῶς
1562 4506 1811 4582 ἐντρέψαι
1859 4529 1919 4562 κα

2072 4510 2195 4564 lere
2225 4506 2520 4562 Christum
2583 4510 2759 4561 Deum
2812 4505 3119 4561 manifeste
3162 4505 3411 4571 venisse,
3439 4505 3498 4560 in
3530 4507 3704 4563 terris

285 4603 622 4674 κατασχῦναι
661 4597 798 4669 ὑμᾶς
829 4593 1074 4666 δύναται,
1104 4596 1194 4650 καὶ
1226 4600 1407 4650 πεῖσαι
1463 4595 1551 4649 γαὶ
1587 4598 1832 4668 ἄκοντας,
1866 4598 1917 4652 δτ

2074 4598 2250 4653 risum
2281 4613 2432 4663 esse,
2464 4594 2637 4651 ccelos
2686 4593 3004 4651 inclinasse
3051 4601 3109 4650 et
3139 4595 3532 4664 descendisse,
3576 4613 3706 4652 rur-

290 4688 522 4765 Χριστὸς
555 4688 582 4741 ὁ
613 4687 741 4749 Θεὸς
775 4685 1029 4764 ἐμφανῶς
1068 4684 1207 4754 ἦλθε
1233 4685 1324 4739 καὶ
1357 4683 1443 4738 ἐπὶ
1474 4692 1572 4754 τῆς
1612 4692 1716 4759 γῆς
1766 4683 1922 4763 ὣφθη

2071 4701 2309 4756 sumque
2338 4702 2516 4756 super
2563 4683 2864 4739 cherubim
2906 4686 3241 4741 ascendisse
3271 4691 3328 4742 et
3355 4685 3602 4755 volasse,
3635 4688 3703 4742 ad

289 4778 383 4832 καὶ
416 4773 623 4832 ἔκλινεν
657 4775 918 4848 οὐρανοὺς
948 4774 1037 4829 καὶ
1069 4769 1295 4844 κατέϐη,
1326 4774 1416 4828 καὶ
1442 4773 1606 4828 πάλιν
1641 4769 1806 4845 ἐπέϐη
1864 4775 1921 4830 ἐτι

1793 4798 1806 4845 η
1864 4775 1950 4830 ἐπὶ
2062 4776 2354 4845 ecelosque
2383 4773 2440 4827 in
2467 4773 2821 4844 jubilatione
2853 4779 2918 4828 ut
2954 4776 3130 4830 Deum
3162 4775 3425 4832 rediisse.

290 4862 590 4944 χερουϐἱμ,
643 4866 731 4920 καὶ
785 4865 1074 4938 ἐπετάσθη,
1121 4863 1210 4919 καὶ
1262 4859 1425 4932 ἀνέϐη
1479 4862 1556 4926 εἷς
1586 4862 1845 4940 οὐρανοὺς
1899 4865 1948 4920 ἐν

293 4954 604 5032 ἀλαλαγμῷ
635 4955 708 5017 ὡς
743 4953 898 5017 Θεός.

369 5048 419 5100 4.
483 5048 595 5102 ’Ίνα
653 5043 711 5100 δὲ
784 5043 1011 5106 τελείως
1087 5049 1185 5113 τῆς
1244 5039 1545 5112 Ἰουδαϊκῆς
1603 5046 1954 5116 καταγνῶμεν

2139 5043 2188 5095 4.
2226 5040 2297 5095 Ut
2326 5044 2520 5096 autem
2550 5039 2858 5094 Judaicam
2892 5041 3209 5097 caecitatem
3238 5041 3410 5113 plane
3439 5044 3717 5098 condem-

294 5135 632 5210 πωρώσεως,
668 5132 861 5188 λοιπὸν
897 5130 954 5186 δὲ
982 5133 1072 5187 καὶ
1105 5135 1268 5205 ἡμεῖς
1303 5132 1354 5186 οἱ
1386 5130 1567 5186 πιστοὶ
1619 5125 1926 5205 βεϐαιότερα

2087 5149 2296 5198 nemus,
2333 5146 2578 5200 nosque,
2613 5130 2714 5201 qui
2750 5128 2954 5186 fideles
3005 5147 3236 5199 sumus,
3271 5131 3329 5185 in
3364 5130 3572 5186 Christi
3607 5132 3719 5188 ﬁde

295 5220 346 5277 ἐν
409 5227 476 5296 τῇ
527 5227 761 5296 Χριστοῦ
813 5221 986 5276 πίστει
1041 5223 1346 5296 γενώμεθα·
1403 5219 1528 5297 ιρέρε
1579 5217 1668 5273 διὰ
1704 5221 1924 5295 βραχὲῶ

2089 5219 2355 5274 irmiores
2388 5219 2712 5274 efficiamur
2745 5236 2756 5286 ;
2792 5220 3176 5291 age,breviter
3205 5221 3274 5274 de
3305 5221 3456 5276 249
3490 5221 3721 5277 univer-

295 5311 422 5388 πιρί
454 5313 630 5383 πάσης
681 5319 777 5381 τῆς
829 5313 1064 5388 Χριστοῦ
1106 5309 1422 5383 οἷ’κονομίας
1465 5308 1554 5363 καὶ
1586 5309 1707 5384 περὶ
1735 5317 1833 5379 τῆς
1861 5331 1922 5364 το

2086 5327 2135 5364 ia
2163 5308 2374 5364 Christi
2407 5308 2733 5363 oeconomia
2765 5311 2816 5362 et
2869 5325 2970 5379 pro
3013 5307 3311 5379 Evangelii
3361 5309 3718 5380 defensione,

299 5399 640 5477 Εὐαγγελίου
671 5399 972 5476 ἀπολογίας
1002 5399 1061 5454 ἐκ
1092 5407 1192 5470 τῆς
1242 5397 1486 5460 Παλαιᾶς
1534 5399 1812 5470 Διαθήκης
1862 5399 1928 5454 τὰ

2090 5397 2424 5454 estimoniis
2473 5413 2541 5452 ex
2592 5397 2795 5452 Vetere
2844 5396 3214 5453 Testamento
3263 5397 3568 5470 exeerptis,
3601 5400 3722 5457 dis-

298 5709 342 5745 ”
371 5635 599 5782 ﬁliai.
631 5651 711 5704 1x,
743 5635 835 5761 249.
911 5634 954 5668 93
983 5633 1126 5690 ibid.
1159 5634 1251 5690 26.
1328 5633 1373 5668 9‘
1404 5632 1541 5689 Luc.
1572 5649 1693 5703 xxx,
1742 5631 1832 5689 33.
1910 5632 1954 5669 ⁸⁵
1999 5631 2206 5690 Matth.
2241 5647 2392 5701 xxiv,
2425 5629 2478 5685 2.
2557 5630 2600 5663 9°
2635 5630 2772 5686 Luc.
2805 5647 2919 5703 xv1,
2956 5632 3042 5687 16.
3121 5633 3163 5667 97
3196 5632 3402 5689 Matth.
3433 5649 3592 5705 xxvx,
3632 5633 3722 5694 42.

434 5725 466 5765 a
613 5723 768 5778 xxxv,
842 5747 854 5760 .

434 5723 586 5778 ann.
613 5723 768 5778 xxxv,
800 5723 854 5761 υ.
