4132 6352
402 397 523 461 687

1570 393 1633 455 S.
1685 393 2212 456 ATHANASIUS.
2242 424 2317 437 -—
2347 390 2657 457 SPURIA.

3708 392 3829 459 688

404 530 760 586 seramus.Id
780 530 935 585 enim
956 528 1352 585 emolumento
1367 528 1630 584 futurum
1644 531 1732 584 est
1753 526 2031 583 omnibus

2170 525 2469 600 μαρτυρίας
2528 526 2907 598 ποιησώμεθα.
2961 526 3150 583 Ἔσται
3205 526 3309 602 γὰρ
3357 531 3488 582 πᾶσι
3533 531 3651 589 τοῖς
3680 526 3832 604 ἐγκύ-

403 621 505 690 qui
538 636 659 675 rem
684 620 1046 691 perpendere
1067 618 1436 675 volent.Ante
1457 619 1671 674 saecula
1692 634 1820 673 esse
1846 616 2054 671 Filium

400 715 455 764 et
476 708 731 764 Verbum
758 708 881 778 Dei,
906 708 1294 780 quiextremis
1320 708 1685 779 temporibus
1716 705 2058 761 incarnatus

400 800 510 869 est,
544 800 703 870 patet
730 814 800 852 ex
831 797 1059 870 psalmo
1112 797 1435 852 centesimo
1485 812 1678 852 nono:
1712 818 1741 845 «
1784 795 1861 849 Ex
1891 799 2056 849 utero

401 891 536 942 ante
565 886 877 943 luciferum
911 885 1086 959 genui
1114 889 1173 942 te
1191 886 1253 939 9°.
1291 906 1318 934 »
1369 885 1604 940 Certum
1649 883 1803 940 enim
1838 888 1929 940 est
1961 899 2057 939 ne-

401 975 620 1032 minem
671 976 979 1031 hominum
1029 979 1163 1031 ante
1207 974 1519 1029 luciferum
1571 989 1698 1030 esse
1748 972 2051 1045 genitum:

401 1082 537 1121 nam
570 1065 777 1131 lucifer
806 1070 1017 1138 quarta
1047 1064 1139 1119 die
1172 1064 1360 1119 factus
1401 1068 1510 1132 est,
1543 1064 1725 1118 Adam
1757 1079 1890 1117 vero
1924 1078 2052 1118 sex-

401 1158 463 1209 ta
494 1154 586 1209 die
616 1155 906 1210 formatus
936 1158 1045 1210 est.
1077 1153 1361 1209 Similiter
1409 1169 1543 1208 vero
1590 1158 1649 1207 et
1677 1152 1952 1208 Salomon
1982 1150 2053 1207 de

400 1242 694 1315 Unigeniti
726 1243 853 1298 Filii
882 1247 939 1298 et
978 1242 1151 1299 Verbi
1184 1241 1415 1297 Domini
1448 1242 1631 1299 nostri
1659 1242 1801 1297 Jesu
1837 1239 2052 1296 Christi

396 1332 771 1407 generatione
801 1338 935 1388 ante
963 1333 1175 1388 saecula
1218 1348 1288 1387 ex
1338 1336 1449 1386 Deo
1499 1336 1557 1386 et
1587 1330 1754 1385 Patre
1782 1330 1864 1386 sic
1894 1328 2052 1384 velut

395 1421 675 1493 exipsius
707 1421 831 1476 Filii
862 1437 1112 1492 persona
1139 1419 1430 1491 loquitur:
1462 1442 1482 1468 α
1519 1422 1845 1491 Antequam
1880 1434 2050 1473 mon-

394 1512 483 1567 tes
514 1510 737 1578 ﬁerent,
757 1511 1099 1583 priusquam
1134 1512 1510 1580 erumperent
1542 1510 1891 1574 fontes,ante
1920 1522 2050 1563 om-

394 1615 499 1655 nes
527 1616 662 1656 vero
694 1600 873 1656 colles
920 1599 1111 1672 gignit
1154 1615 1247 1654 me
1280 1602 1320 1654 ¹.
1366 1621 1393 1648 ››
1445 1597 1927 1668 Interrogandum
1960 1601 2052 1653 est

391 1688 575 1761 igitur
602 1688 859 1755 Judaeos,
891 1705 1066 1761 quem
1118 1688 1272 1743 Deus
1304 1692 1439 1743 ante
1468 1702 1703 1742 omnem
1731 1702 1853 1742 rem
1888 1702 2047 1742 orea-

391 1781 508 1834 tam
541 1778 859 1851 genuerit?
887 1779 1032 1834 Item
1064 1794 1199 1834 vero
1226 1793 1360 1833 cum
1394 1776 1551 1832 Deus
1579 1777 1648 1830 de
1683 1776 1900 1831 Adamo
1932 1774 2045 1831 ait:

399 1886 427 1922 ιι
459 1868 601 1923 Ecce
628 1869 814 1924 Adam
872 1868 1060 1923 factus
1111 1871 1200 1923 est
1246 1865 1402 1921 velut
1452 1882 1608 1921 unus
1647 1880 1715 1920 ex
1747 1864 1916 1920 nobis
1947 1864 1993 1932 ³,
2021 1885 2041 1913 ι

394 1960 627 2012 Patrem
667 1961 725 2013 et
768 1955 977 2012 Filium
1032 1961 1090 2011 et
1137 1955 1422 2028 Spiritum
1474 1959 1747 2010 sanctum
1802 1952 2042 2009 indicat.

392 2046 537 2103 Cum
570 2046 790 2118 pariter
842 2045 1093 2102 dicitur:
1131 2068 1157 2095 ‹‹
1191 2044 1346 2100 Pluit
1391 2043 1678 2100 Dominus
1726 2060 1761 2098 a
1797 2042 2046 2099 Domino

389 2134 590 2208 ignem
620 2152 799 2208 super
826 2134 1167 2202 Sodomam,
1196 2135 1217 2168 ³
1249 2155 1277 2183 ››
1309 2134 1479 2189 Pater
1524 2136 1581 2189 et
1633 2132 1815 2188 Filius
1848 2137 2046 2203 aperte

393 2225 547 2297 signi
556 2226 784 2281 licetur.

460 2314 685 2380 5.0uod
714 2318 914 2369 autem
963 2313 1117 2368 Deus
1165 2312 1415 2367 Verbum
1448 2310 1623 2366 homo
1655 2314 1713 2365 et
1745 2326 1878 2365 caro
1911 2308 2043 2364 ulti-

390 2402 504 2459 mis
534 2404 901 2476 temporibus
936 2402 1060 2458 ﬂeri
1091 2401 1377 2468 debuerit,
1411 2400 1722 2456 audiamus
1751 2400 1810 2454 id
1842 2415 1876 2454 a
1907 2415 2042 2470 pro-

388 2492 583 2565 phetis
609 2494 855 2548 dictum.
890 2492 1092 2563 Itaque
1124 2492 1208 2546 sic
1233 2489 1313 2545 ait
1344 2490 1626 2561 propheta
1649 2488 1851 2555 David,
1886 2509 1913 2538 ‹‹
1940 2489 2041 2543 Be-

389 2582 661 2638 nedictus
688 2581 785 2654 qui
815 2580 976 2637 venit
1004 2580 1062 2636 in
1098 2578 1592 2644 nomine,Domini
1619 2595 1633 2645 ;
1672 2580 1819 2633 Deus
1851 2576 2042 2632 Domi-

390 2675 588 2737 nus,et
616 2670 891 2743 apparuit
911 2669 1233 2725 nobis‘.»Et
1262 2685 1527 2735 rursus,«
1552 2670 1700 2724 Deus
1735 2667 2042 2723 manifeste

390 2758 581 2814 veniet
601 2759 642 2814 ⁵.
672 2781 700 2810 »
737 2758 917 2815 Isaias
946 2758 1086 2814 item
1131 2758 1214 2813 ita
1250 2756 1546 2829 loquitur:
1582 2778 1609 2806 «
1640 2756 1763 2811 Non
1796 2756 2040 2827 angelus

387 2863 577 2920 neque
607 2847 857 2921 legatus,
886 2848 987 2904 sed
1019 2848 1144 2919 ipse
1199 2846 1482 2902 Dominus
1530 2845 1722 2901 veniet
1748 2850 1807 2900 et
1849 2844 2041 2902 salvos

387 2953 495 2994 nos
534 2937 725 2993 faciet.
759 2938 925 2993 Tunc
956 2936 1293 3009 aperientur
1321 2935 1476 2992 oculi
1522 2950 1832 3001 caecorum,
1862 2941 1920 2990 et
1949 2950 2041 2990 ex-

386 3027 585 3100 pedita
609 3027 720 3083 erit
747 3025 948 3099 lingua
977 3025 1289 3082 balborum
1316 3041 1329 3078 :
1362 3029 1504 3079 tunc
1535 3022 1783 3079 claudus
1816 3029 1883 3079 ut
1912 3040 2041 3081 cer-

384 3106 494 3173 vus
523 3116 696 3173 saliet
713 3118 797 3172 θ.»
832 3115 1132 3173 Christum
1167 3116 1307 3170 item
1334 3130 1403 3169 ex
1435 3114 1653 3169 femina
1680 3112 1904 3185 virgine
1935 3131 2038 3187 ge-

382 3207 712 3263 nerandum
735 3221 867 3262 esse
886 3204 1198 3260 audiamus
1217 3220 1288 3259 ex
1310 3202 1402 3258 bis
1425 3202 1584 3259 lsaize
1605 3203 1897 3274 propheta:
1910 3220 2036 3259 ver-

382 3296 477 3352 bis
502 3312 516 3353 :
545 3319 565 3345 ·
602 3296 743 3351 Ecce
791 3294 947 3366 virgo
969 3293 1280 3362 concipiet,
1311 3298 1370 3347 et
1391 3293 1577 3363 pariet
1607 3272 1816 3360 filium,
1850 3299 1906 3349 et
1937 3312 2035 3352 vo-
2066 3272 2110 3339 (ἶ

385 3385 604 3441 cabunt
623 3401 836 3442 nomen
857 3386 987 3456 ejus
1008 3381 1601 3439 Emmanuel".»ldem
1621 3383 2039 3452 rursus,-Puer

386 3478 565 3531 natus
597 3479 687 3531 est
740 3473 931 3540 nobis,
963 3479 1021 3529 et
1068 3473 1227 3528 filius
1270 3472 1444 3528 datus
1496 3476 1585 3527 est
1615 3472 1823 3543 nobis;
1852 3479 1908 3530 et
1936 3491 2032 3530 vo-

386 3564 619 3621 cabitur
648 3579 860 3619 nomen
891 3564 1020 3635 ejus
1046 3561 1241 3633 Magni
1281 3559 1511 3617 consilii
1543 3560 1811 3633 angelus,
1843 3562 2037 3619 admi-

384 3652 613 3724 rabilis,
644 3652 1037 3721 consiliarius,
1069 3652 1227 3708 Deus
1274 3650 1459 3721 fortis,
1500 3656 1728 3722 potens,
1761 3653 2037 3725 princeps

387 3742 745 3816 pacis,pater
773 3741 955 3797 futuri
988 3740 1278 3797 seaculi‘a
1318 3740 1537 3796 Deinde
1570 3741 1725 3796 idem
1755 3741 2038 3813 propheta

385 3831 583 3888 locum
606 3832 802 3904 ipsum
831 3830 1071 3898 indicat,
1107 3830 1205 3885 ubi
1249 3830 1307 3884 in
1341 3829 1512 3884 terris
1541 3828 1810 3885 Christus
1840 3829 2035 3886 incar-

386 3922 624 3979 nandus
651 3925 797 3991 erat,
819 3936 1030 3993 nempe
1059 3917 1364 3975 Nazareth.
1399 3941 1427 3969 «
1460 3918 1639 3973 Terra
1666 3912 1946 3986 Zabiilon,
1981 3925 2039 3977 et

386 4017 545 4068 terra
567 4008 965 4083 Nephthalim,
993 4010 1086 4065 via
1114 4007 1315 4078 maris,
1348 4012 1511 4064 trans
1551 4007 1889 4080 Jordanem,
1924 4009 2034 4067 Ga-

383 4100 538 4158 lilaea
583 4100 885 4173 gentium:
935 4099 1187 4172 populus
1240 4098 1340 4170 qui
1396 4098 1456 4153 in
1488 4098 1743 4154 tenebris
1773 4100 2033 4169 sedebat,

382 4191 532 4247 vidit
562 4191 754 4246 lucem
785 4204 1061 4262 magnam
1084 4189 1335 4244 9.»Patet
1363 4192 1558 4243 autem
1591 4186 1875 4260 populum
1897 4205 2034 4261 gen-

380 4280 554 4349 tium,
586 4281 647 4336 in
677 4280 936 4336 tenebris
965 4277 1326 4349 ignorantiae,
1360 4277 1575 4333 erroris
1604 4283 1661 4333 et
1690 4277 2031 4334 idololatria

377 4370 793 4428 sedisse.Unde
813 4369 992 4425 David
1017 4369 1233 4424 docens
1249 4368 1434 4422 Deum
1454 4366 1880 4422 incarnandum
1903 4383 2031 4424 esse

376 4465 612 4533 propter
643 4457 1309 4534 gentes,ait,«Regnavit
1331 4461 1482 4512 Deus
1504 4471 1684 4527 super
1703 4457 1975 4528 gentes”.
1994 4475 2021 4507 ι

377 4550 536 4606 Idem
561 4554 839 4622 praterea
862 4546 1145 4619 propheta
1164 4550 1447 4618 tanquam
1469 4562 1537 4599 ex
1558 4561 1809 4615 persona
1839 4545 2029 4601 Patris

2166 634 2387 675 πτουςιν
2445 613 2681 670 ἐντεῦθεν
2735 614 2997 692 ὠφέλεια.
3049 621 3167 672 Ὅτι
3224 617 3554 690 προαιώνιος
3613 619 3641 671 6
3697 618 3826 681 Υἱὸς

2165 702 2255 759 καὶ
2287 702 2462 779 Λόγος
2490 708 2588 759 τοῦ
2633 709 2767 760 Θεοῦ
2817 704 2898 759 ἐπ’
2950 704 3197 782 ἐσχάτων
3256 706 3553 782 σαρκωθεὶς
3615 705 3675 763 ἐκ
3727 712 3826 762 τοῦ

2167 793 2247 866 ρθ’
2276 790 2521 866 ψαλμοῦο
2574 818 2601 846 ‹‹
2660 795 2751 851 Ἐκ
2795 795 3023 870 γαστρὸς
3071 795 3178 871 πρὸ
3228 794 3508 874 ἐωσφόρου
3561 794 3827 871 ἐγέννησά

2166 901 2244 938 σε.
2282 878 2590 953 »Εὔδηλον
2632 880 2710 951 δὶ,
2761 882 2845 938 ὅτι
2892 880 3072 946 οὐδεὶς
3117 884 3413 960 ἀνθρώπων
3462 884 3569 960 πρὸ
3613 884 3824 964 ἐωσφό-

2167 989 2262 1046 ρου
2294 969 2579 1046 ἐγεννήθη.
2614 973 2675 1029 Ὁ
2706 972 2809 1048 γὰρ
2843 972 3119 1052 ἑωσφόρος
3150 975 3218 1047 τῇ
3269 969 3310 1029 δ’
3352 973 3538 1049 ἡμέρᾳ
3586 972 3821 1049 ἐγένετο·

2165 1058 2193 1113 6
2226 1056 2284 1114 δὲ
2336 1057 2508 1133 Ἀδὰμ
2560 1064 2628 1135 τῇ
2680 1063 2723 1125 ς’
2776 1062 2961 1138 ἡμέρᾳ
3010 1061 3281 1132 ἐπλάσθη.
3312 1061 3588 1125 Ὡσαύτως
3644 1060 3823 1119 δὲκαὶ

2166 1146 2437 1223 Σολομὼν
2491 1150 2616 1227 περὶ
2663 1158 2764 1221 τῆς
2814 1151 2922 1227 πρὸ
2971 1151 3185 1206 αἰώνων
3237 1151 3298 1207 ἐκ
3327 1156 3462 1208 Θεοῦ
3492 1153 3580 1208 καὶ
3608 1154 3822 1226 Πατρὸς

2162 1239 2465 1312 γεννήσεως
2514 1243 2613 1294 τοῦ
2665 1246 2996 1315 μονογενοῦς
3056 1241 3184 1295 Υἱοῦ
3236 1242 3325 1296 καὶ
3390 1241 3567 1317 Λόγου
3618 1242 3822 1319 Κυρίου
3908 1292 3917 1298 .

2161 1328 2323 1399 ἡμῶν
2372 1328 2553 1398 Ἰησοῦ
2603 1330 2839 1404 Χριστοῦ
2888 1329 3032 1385 οὕτω
3080 1334 3265 1409 φησὶν,
3317 1331 3393 1394 ὡς
3426 1330 3486 1387 ἐκ
3514 1331 3818 1408 προσώπου

2158 1420 2255 1470 τοῦ
2286 1416 2413 1471 Υἱοῦ
2460 1416 2645 1472 αὐτοῦ’
2700 1443 2727 1470 ‹‹
2781 1419 2893 1494 Πρὸ
2939 1423 3037 1474 τοῦ
3085 1416 3185 1496 ὅρη
3230 1422 3549 1495 γενηθῆναι,
3581 1422 3687 1497 πρὸ
3714 1427 3817 1477 τοῦ

2158 1505 2253 1567 τὰς
2295 1506 2477 1581 πηγὰς
2532 1506 2843 1579 προελθεῖν,
2900 1509 3007 1585 πρὸ
3062 1506 3121 1563 δὲ
3167 1510 3382 1565 πάντων
3420 1511 3627 1586 βουνῶν
3659 1517 3817 1586 γεννᾷ

2162 1616 2249 1668 με.
2285 1620 2313 1646 n
2345 1596 2680 1670 Ἐρωτητέον
2742 1597 2834 1652 οὖν
2886 1598 3077 1653 λοιπὸν
3121 1598 3213 1654 τὸν
3272 1597 3559 1670 Ἰουδαῖον,
3616 1601 3740 1655 τίνα
3787 1602 3815 1656 6

2158 1684 2287 1746 Θεὸς
2319 1685 2424 1760 πρὸ
2454 1684 2631 1755 πάσης
2685 1685 2910 1749 κτίσεως
2959 1685 3240 1762 ἐγέννησεν
3273 1708 3287 1758 ;
3336 1688 3581 1761 Ὁμοίως
3635 1687 3694 1744 δὲ
3722 1690 3815 1746 καὶ

2156 1773 2218 1828 τὸ
2250 1772 2417 1828 εἰπεῖν
2448 1774 2539 1829 τὸν
2569 1776 2696 1830 Θεὸν
2725 1773 2971 1851 περὶτοῦ
3004 1773 3199 1849 ’Δδᾶμ,
3233 1776 3316 1832 ὅτι
3363 1802 3389 1829 ‹‹
3444 1775 3586 1834 Ἰδοὺ
3637 1777 3816 1853 ’Δδὰμ

2155 1860 2368 1939 γέγονεν
2400 1863 2474 1925 ὡς
2510 1864 2586 1926 εἷς
2617 1863 2668 1935 ἐξ
2699 1866 2877 1937 ἡμῶν,
2913 1887 2938 1917 ιι
2975 1865 3186 1942 Πατέρα
3206 1867 3295 1921 καὶ
3330 1868 3449 1922 Υἱὸν
3478 1868 3567 1922 καὶ
3592 1873 3814 1942 Πνεῦμα

2157 1954 2307 2027 ἅγιον
2342 1949 2527 2023 δηλοῖ.
2559 1952 2658 2008 Καὶ
2690 1951 2854 2008 πάλιν
2881 1954 2943 2009 τὸ
2968 1954 3159 2028 εἰπεῖν,
3192 1955 3275 2011 ὅτι
3306 1981 3335 2009 «
3364 1950 3585 2033 Ἐὅρεξε
3608 1957 3810 2035 Κύριος

2154 2041 2303 2113 παρὰ
2332 2041 2528 2113 Κυρίου
2557 2047 2665 2118 πῦρ
2695 2042 2782 2098 ἐπὶ
2815 2041 3059 2117 Σόδομα,
3097 2070 3118 2098 ι

2155 2128 2278 2185 Υἱὸν
2315 2134 2592 2205 σημαίνει.

3154 2050 3443 2123 προφανῶς
3476 2041 3690 2122 Πατέρα
3718 2050 3810 2104 καὶ

2221 2312 2277 2366 5.
2311 2311 2435 2367 Ὅτι
2483 2306 2541 2365 δὲ
2600 2310 3010 2389 ἐνανθρωπῆσαι
3062 2313 3154 2369 καὶ
3205 2317 3530 2391 σαρκοῦσθαι
3588 2315 3673 2372 ἐπ’
3721 2316 3813 2372 ἐσ-

2153 2397 2336 2473 χάτων
2367 2402 2475 2454 τῶν
2530 2401 2753 2475 ἡμερῶν
2807 2396 3038 2475 ἔμελλεν
3091 2403 3119 2457 6
3168 2404 3297 2465 Θεὸς
3329 2399 3531 2479 Λὸγος,
3567 2404 3811 2461 ἀκούσω-

2156 2507 2250 2560 μεν
2278 2492 2384 2541 τῶν
2436 2493 2732 2566 προφητῶν
2781 2491 2876 2552 τὰς
2925 2491 3105 2567 φωνὰς
3156 2488 3447 2567 λεγόντων,
3491 2498 3588 2549 τοῦ
3624 2497 3807 2569 μέντοι

2151 2578 2437 2655 προφήτου
2496 2572 2683 2633 Δαϐίδ’
2748 2602 2777 2631 ‹‹
2843 2576 3233 2654 Εὐλογημένος
3299 2582 3329 2636 6
3398 2580 3702 2660 ἐρχόμενος
3752 2585 3804 2640 ἐν

2153 2664 2377 2739 ὀνόματι
2423 2667 2640 2744 Κυρίου·
2687 2668 2817 2730 Θεὸς
2868 2669 3085 2741 Κύριος,
3136 2669 3223 2725 καὶ
3274 2669 3531 2749 ἐπέφανεν
3579 2674 3737 2746 ἡμῖν·
3773 2700 3801 2727 ››

2150 2754 2239 2809 καὶ
2287 2754 2475 2811 πάλιν
2532 2780 2561 2809 α
2610 2758 2671 2814 Ὁ
2716 2757 2843 2820 Θεὸς
2893 2757 3145 2835 ἐμφανῶς
3195 2758 3332 2830 ἥξειθ
3386 2766 3542 2816 »τοῦ
3573 2759 3629 2818 δὲ
3659 2784 3797 2837 προ-

2150 2846 2325 2922 φήτου
2370 2844 2609 2901 Ἠσαίου·
2672 2870 2693 2897 α
2749 2846 2865 2905 Οὐκ
2907 2845 3133 2923 ἄγγελος
3179 2845 3305 2903 οὐδὲ
3354 2848 3607 2925 πρέσϐυς.
3665 2849 3792 2905 ἀλλ’

2149 2933 2310 2996 αὐτὸς
2344 2934 2372 2989 6
2405 2934 2603 3009 Κύριος
2635 2934 2751 3008 ἥξει
2782 2934 2871 2990 καὶ
2903 2936 3064 2991 σώσει
3113 2937 3284 3010 ἡμᾶς,
3335 2939 3461 2994 Τότε
3508 2937 3784 3016 ὀφθαλμοὶ

2147 3019 2368 3098 τυφλῶν
2410 3020 2856 3097 ἀνοιχθήσονται,
2904 3023 2994 3077 καὶ
3043 3026 3212 3099 τρανή
3246 3024 3389 3081 ἔσται
3434 3025 3654 3102 γλῶσσα
3690 3047 3788 3099 μο-

2149 3107 2396 3185 γιλάλων
2425 3111 2547 3166 τότε
2577 3112 2605 3166 6
2635 3110 2827 3188 χωλὸς
2857 3112 2929 3175 ὡς
2961 3109 3159 3192 ἔλαφος
3194 3113 3457 3172 ἀλεῖται.»
3491 3117 3614 3173 ’Ὁτι
3647 3114 3705 3171 δὲ
3736 3114 3794 3172 ἐκ

2148 3200 2405 3274 γυναικὸς
2460 3200 2726 3276 παρθένου
2777 3204 3101 3278 γεννηθῆναι
3162 3205 3190 3259 6
3260 3206 3492 3281 Χριστὸς
3541 3202 3794 3278 ἔμελλεν,

2148 3286 2368 3343 Ἠσαίου
2422 3294 2519 3344 τοῦ
2577 3292 2863 3369 προφήτου
2910 3290 3075 3347 πάλιν
3125 3293 3444 3368 ἀκούσωμεν
3517 3292 3794 3370 λέγοντος’

2148 3402 2175 3431 ‹‹
2210 3376 2349 3434 Ἰδοὺ
2377 3380 2411 3449 ή
2446 3377 2709 3453 παρθένος
2760 3379 2811 3436 ἐν
2865 3381 3054 3458 γαστρὶ
3100 3380 3224 3453 ἔξει,
3269 3383 3359 3439 καὶ⁵
3397 3383 3601 3455 τέξεται
3661 3386 3798 3452 υἱὸν,

2144 3468 2233 3522 καὶ
2265 3466 2553 3523 καλέσουσι
2610 3470 2672 3524 τὸ
2730 3466 2905 3543 ὄνομα
2958 3470 3122 3526 αὐτοῦ
3182 3471 3566 3547 Ἐμμανουήλ’
3632 3498 3661 3526 ››
3709 3475 3798 3530 καὶ

2146 3555 2311 3611 πάλιν
2345 3558 2373 3612 6
2412 3556 2591 3619 αὐτός·
2651 3583 2680 3611 ‹‹
2740 3557 2963 3615 Παιδίον
3010 3559 3265 3636 ἐγεννήθη
3316 3563 3477 3636 ἡμῖν,
3536 3564 3653 3626 υἱὸς
3708 3566 3800 3619 καὶ

2146 3642 2303 3713 ἐδόθη
2358 3647 2517 3719 ἡμῖν,
2575 3647 2664 3703 καὶ
2711 3646 2959 3704 καλεῖται
3000 3650 3063 3705 τὸ
3112 3648 3287 3724 ὄνομα
3333 3650 3498 3707 αὐτοῦ
3538 3651 3797 3729 Μεγάλης

2150 3734 2355 3812 βουλῆς
2412 3734 2658 3812 ἄγγελος,
2708 3738 3037 3812 θαυμαστὸς,
3089 3735 3427 3814 σύμϐουλος,
3479 3742 3610 3805 Θεὸς
3644 3742 3801 3819 ἰσχυ-

2122 3817 2259 3900 ’ρὸς,
2310 3824 2678 3897 ἐξουσιαστὴς,
2737 3825 2924 3905 ἅρχων
2975 3828 3223 3905 εἰρήνης,
3271 3831 3453 3906 πατὴρ
3508 3829 3605 3887 τοῦ
3667 3817 3803 3906 μέλ-

2145 3912 2337 3976 λοντος
2387 3913 2607 3977 αἷῶνος.
2657 3938 2684 3966 ››
2733 3917 2867 3973 Εἶτα
2921 3916 2947 3970 6
2992 3914 3150 3979 αὐτὸς
3192 3920 3482 3997 προφήτης
3530 3917 3673 3996 λέγει
3705 3919 3806 3975 καὶ

2141 4003 2204 4058 τὸ
2233 4008 2339 4058 ποῦ
2373 4002 2565 4077 μέλλει
2611 4002 2700 4058 ἐπὶ
2744 4010 2847 4081 γῆς
2902 4004 3229 4082 σαρκοῦσθαι
3269 4007 3296 4062 6
3345 4007 3598 4083 Χριστὸς,
3628 4027 3804 4064 τουτο

2142 4093 2282 4148 ἐστιν
2343 4092 2394 4147 ἐν
2446 4094 2708 4170 Ναζαρέθ.
2767 4118 2796 4148 ‹‹
2852 4100 2926 4164 Γῆ
2976 4090 3263 4151 Ζαϐουλὼν
3319 4096 3409 4151 καὶ
3463 4103 3532 4173 γῆ
3580 4103 3803 4175 Νεφθα-

2143 4180 2293 4257 λείμ,
2343 4180 2467 4244 ὁδὸς
2518 4180 2796 4254 θαλάσσης
2844 4185 3010 4259 πέραν
3062 4188 3157 4240 τοῦ
3190 4182 3492 4255 Ἰορδάνου,
3528 4183 3810 4244 Γαλιλαία

2138 4276 2247 4327 τῶν
2307 4270 2491 4336 ἐθνῶν·
2543 4273 2572 4327 6
2620 4271 2750 4335 λαὸς
2800 4273 2827 4327 ὁ
2876 4275 3185 4347 καθήμενος
3222 4273 3272 4329 ἐν
3309 4275 3487 4331 σκότει
3519 4279 3633 4355 φῶς
3689 4274 3810 4333 εἶδε

2145 4360 2303 4436 μέγα.
2336 4385 2363 4413 ››
2416 4358 2706 4436 Πρόδηλον
2747 4359 2825 4431 δὲ,
2883 4361 2965 4418 ὅτι
3016 4368 3122 4419 τῶν
3170 4361 3333 4419 ἐθνῶν
3382 4363 3513 4427 λαὸς
3563 4364 3806 4434 ἐκάθητο

2137 4448 2190 4505 ἐν
2224 4448 2401 4505 σκότει
2432 4457 2531 4520 τῆς
2561 4451 2856 4526 ἀγνωσίας,
2884 4452 3122 4524 πλάνης,
3164 4453 3254 4509 καὶ
3306 4450 3803 4532 είδωλολατρείας.

2139 4539 2233 4594 Διὸ
2291 4538 2380 4593 καὶ
2440 4540 2468 4593 6
2522 4536 2711 4611 Δαϐὶδ,
2764 4537 2997 4615 δεικνὺς,
3043 4540 3125 4597 ὅτι
3170 4539 3258 4597 διὰ
3304 4543 3371 4598 τὰ
3419 4541 3546 4616 ἔθνη
3601 4544 3629 4599 ὁ
3661 4546 3804 4611 Θεὸς

374 4639 446 4694 ad
478 4638 693 4694 Filium
724 4637 843 4692 ait:
885 4655 906 4684 ι
940 4634 1177 4690 Postula
1201 4652 1236 4690 a
1271 4650 1384 4702 me,
1418 4638 1475 4689 et
1504 4634 1654 4688 dabo
1686 4632 1791 4688 tibi
1823 4640 2025 4706 gentes

2150 4630 2464 4705 ταρκοῦσθαι
2498 4625 2751 4703 ἔμελλεν,
2782 4626 2985 4708 ἔλεγεν
3011 4656 3039 4684 ‹‹
3077 4626 3450 4689 Ἐϐασίλευσεν
3483 4634 3512 4688 6
3538 4634 3667 4697 Θεὸς
3702 4634 3801 4692 ἐπὶ

372 4727 772 4783 beereditatem
797 4731 960 4782 tuam
986 4727 1089 4780 ¹¹.››
1113 4724 1259 4780 Hinc
1289 4724 1524 4791 etiam,«
1546 4721 1763 4777 Omnes
1795 4727 2021 4793 gentes,

371 4815 632 4888 plaudite
660 4814 936 4871 manibus
961 4815 1027 4869 1’.
1060 4835 1088 4864 »
1122 4814 1193 4868 Et
1219 4829 1449 4880 rursus,
1482 4836 1510 4861 «
1546 4810 1763 4865 Omnes
1793 4815 2022 4884 gentes,

369 4920 754 4977 quascunque
784 4903 1249 4973 fecisti,venient
1269 4910 1326 4957 et
1354 4901 1685 4956 adorabunt
1715 4916 1909 4955 coram
1944 4905 2019 4973 te,

364 4995 693 5065 Domine,et
707 4993 1123 5067 gloriﬁcabunt
1136 5008 1347 5047 nomen
1364 4997 1531 5047 tuum
1551 4989 1610 5045 in
1629 4990 2019 5045 seculumis.»

2131 4720 2198 4774 τὰ
2228 4717 2376 4790 ἔθνη.
2411 4744 2440 4773 ‹‹
2473 4719 2571 4775 Καὶ
2602 4718 2767 4775 πάλιν
2802 4722 2831 4776 6
2863 4721 3023 4785 αὐτὸς
3055 4723 3344 4799 προφήτης
3388 4723 3463 4785 ὡς
3516 4722 3575 4779 ἐκ
3618 4744 3801 4801 ηροσ-

2132 4809 2286 4863 ώπου
2344 4812 2441 4864 τοῦ
2488 4810 2699 4886 Πασρὸς
2746 4811 2881 4884 πρὸς
2929 4813 3020 4866 τὸν
3069 4810 3191 4866 Υἱόν
3246 4830 3429 4891 φησιν·
3488 4836 3516 4865 ιι
3549 4810 3797 4884 Δ⁹ίτησον

2130 4918 2238 4975 παρ
2294 4900 2451 4971 ἐμοῦ,
2499 4898 2589 4954 καὶ
2656 4897 2814 4954 δώσω
2887 4921 2972 4954 σοι
3048 4898 3171 4972 ἔθνη
3244 4902 3343 4971 τήν
3401 4900 3798 4978 κληρονομίαν

2132 5006 2247 5043 σουο
2284 5012 2312 5041 ››
2346 4986 2431 5043 διὸ
2461 4987 2552 5043 καὶ
2585 5014 2613 5041 ‹‹
2648 4987 2827 5044 Πάντα
2854 4990 2921 5045 τὰ
2967 4985 3110 5063 ἔθνη,
3158 4992 3463 5067 κροτήσατε
3509 4998 3723 5068 χεῖρας·
3766 5020 3793 5050 ι

359 5084 449 5139 καὶ
479 5082 667 5140 πάλιν·
702 5108 731 5136 α
764 5083 942 5138 Πάντα
965 5081 1032 5135 τὰ
1061 5077 1205 5152 ἔθνη,
1238 5079 1335 5135 ὅσα
1366 5078 1645 5151 ἐποίησας,
1676 5075 1888 5150 ἥξουσι,
1920 5078 2009 5133 καὶ
2040 5078 2506 5153 προσκύνησουσιν
2551 5078 2782 5135 ἐνώπιόν
2841 5101 2959 5152 σου,
3010 5079 3196 5156 Κύριε,
3245 5079 3335 5135 καὶ
3382 5077 3667 5151 δοξάσουσι
3720 5083 3794 5140 τὸ

355 5168 532 5247 ὄνομά
557 5194 652 5228 σου
683 5172 759 5235 εἷς
789 5173 881 5227 τὸν
915 5171 1104 5228 αἷῶνα.

426 5267 481 5320 6.
513 5266 676 5331 Quod
709 5269 906 5321 autem
939 5263 999 5318 in
1030 5260 1368 5318 Bethlehem
1399 5260 1578 5332 (quod
1611 5273 1718 5325 est,
1752 5260 1802 5315 si
1833 5260 2011 5315 inter-

356 5354 628 5428 proteris,
659 5354 859 5411 Domus
887 5352 1078 5425 panis)
1109 5350 1452 5407 nasciturus
1500 5354 1626 5406 erat
1654 5348 1827 5420 panis
1857 5350 2008 5418 vitae,

422 5597 466 5633 9’
496 5595 647 5653 Psal.
679 5613 793 5667 CIX,
822 5597 875 5652 3.
957 5597 972 5631 ⁸
1010 5596 1173 5667 Prov.
1206 5593 1479 5667 vm,25._
1516 5592 1555 5667 _’
1607 5590 1750 5647 Gen.
1782 5590 2032 5667 AIII,‘2__2.

350 5667 373 5703 ⁸
402 5668 511 5725 Isa.
546 5685 716 5740 xxxv,
751 5662 804 5740 4⁷,
834 5669 891 5722 5.
967 5666 1129 5740 "AIsa.
1161 5682 1260 5735 vn,
1294 5662 1383 5723 lli.
1462 5664 1483 5697 ⁸
1515 5665 1626 5722 Isa.
1664 5680 1739 5733 Ix,
1771 5663 1826 5721 6.
1904 5663 1925 5698 ⁰
1954 5662 2097 5719 ibid.
2131 5663 2185 5719 1.

352 5741 404 5799 1.
486 5742 531 5778 ³³
560 5739 711 5798 Psal.
748 5738 950 5809 πάλιν,
976 5738 1033 5795 9.

2193 5260 2247 5317 6.
2297 5259 2423 5316 ’Ότι
2486 5255 2544 5312 δὲ
2589 5256 2641 5312 ἐν
2706 5256 2964 5332 Βηθλεὲμ
3009 5257 3154 5331 (ἥτις
3208 5258 3562 5334 ἑρμηνεύεται
3612 5260 3792 5328 Οἶκος

2119 5351 2217 5403 τοῦ
2270 5345 2481 5424 ἄρτου),
2532 5344 2736 5421 ἔμελλε
2781 5347 3022 5422 γενέσθαι
3074 5349 3103 5402 6
3152 5349 3313 5427 ἄρτος
3352 5356 3453 5420 τῆς
3489 5356 3658 5424 ζωῆς,
3690 5352 3794 5406 καὶ

2110 5591 2329 5665 ἴϐειῐι.Δ
2351 5606 2491 5665 κα,-
2522 5591 2613 5646 24.
2692 5591 2715 5629 ⁸
2746 5590 2898 5665 Psal.
2925 5609 3097 5665 cxvn,
3124 5594 3216 5651 26.
3293 5595 3315 5630 ⁸
3343 5593 3499 5651 Psal.
3531 5610 3684 5663 XLIX,
3718 5598 3783 5654 3.

2292 5662 2335 5697 ¹⁰
2366 5662 2516 5719 Psal.
2547 5678 2700 5735 τινι,
2733 5664 2785 5719 8.
2867 5667 2910 5703 ιι
2946 5662 3098 5723 Psal.
3133 5681 3196 5737 ii,
3227 5666 3282 5722 8.
3363 5668 3409 5704 ¹¹
3438 5665 3593 5750 Psal.
3621 5662 3785 5739 ιινι,
