4132 6362
321 423 448 485 689

1284 419 1803 493 QUESTIONES
1850 421 1954 479 AD
2001 419 2466 482 ANTIOCHUM
2517 419 2812 482 DUCEM.

3642 419 3763 478 690

319 551 405 608 ὅτι
437 550 773 626 προαιώνιός
807 549 947 606 ἐστιν
997 553 1031 620 ἡ
1077 551 1136 605 ἐκ
1182 555 1280 605 106
1330 551 1538 623 Πατρὸς
1591 549 1756 604 αὐτοῦ
1799 549 1956 625 γέννη

2110 552 2383 623 quodque
2414 556 2548 606 ante
2597 550 2811 606 saecula
2841 550 2918 606 sit
2948 551 3074 622 ejus
3112 566 3181 606 ex
3226 551 3393 606 Patre
3434 550 3758 622 generatio,

323 663 426 712 σις,
485 642 808 714 ἀκούσωμεν
874 644 970 695 106
1043 642 1329 718 προφήτου
1382 637 1626 715 Μιχαίου
1685 637 1986 713 λὲγοντοςο

325 759 353 783 ‹‹
389 731 487 786 Καὶ
550 730 636 802 σὺ,
672 727 954 802 Βηθλεὲμ,
1009 731 1159 791 οἶκος
1215 734 1311 783 106
1369 729 1629 807 Ἐφραθὰ,
1671 730 1745 801 μὴ
1808 727 1991 803 ὀλιγο-

324 821 449 882 στὸς
513 820 560 875 εἶ
613 824 711 874 106
763 819 894 873 εἶναι
946 818 997 873 ἐν
1050 818 1296 894 χιλιάσιν
1346 816 1542 874 Ἰούδα·
1581 819 1673 872 Ἐκ
1729 822 1825 872 σοῦ
1884 819 1985 892 γάρ

329 932 423 984 μοι
456 909 789 982 ἐξελεύσεται
823 913 918 963 τοῦ
951 909 1080 963 εἶναι
1115 908 1189 970 εἷς
1233 909 1474 984 ἄρχοντα
1520 907 1570 960 ἐν
1617 913 1696 980 τῷ
1741 907 1986 983 Ἰσραὴλ,

322 999 415 1052 καὶ
473 997 658 1069 ἔξοδος
717 998 884 1051 αὐτοῦ
944 998 1034 1051 ἀπ’
1080 997 1260 1072 ἀρχῆς
1320 997 1371 1067 ἐξ
1429 999 1652 1070 ἡμερῶν
1701 996 1918 1058 αἰῶνος.
1954 1018 1981 1051 ι)

318 1089 447 1145 ’Ότι
483 1085 540 1142 δὲ
587 1085 640 1141 ἐν
694 1087 837 1141 Σιὼν
895 1084 1087 1159 μέλλει
1137 1090 1494 1162 φανεροῦσθαι
1536 1087 1563 1141 6
1612 1085 1864 1159 Χριστὸς,
1895 1085 1985 1140 καὶ

321 1176 406 1232 δτι
438 1176 695 1250 Ὕψιστὸς
743 1175 881 1239 ἐστι,
917 1169 1080 1229 Δαϐἰδ
1110 1176 1137 1229 6
1168 1177 1457 1253 προφήτης
1509 1174 1560 1228 ἐν
1607 1179 1687 1246 τῷ
1732 1175 1818 1238 πς¹
1848 1172 1984 1246 ψαλ-

243 1296 260 1308 ο
324 1272 416 1339 μῶ
473 1264 615 1320 οὕτω
672 1264 1006 1342 προφητεύει
1067 1263 1263 1338 λέγων·
1303 1289 1330 1316 ‹‹
1392 1266 1588 1340 Μήτηρ
1649 1264 1791 1318 Σιὼν
1852 1263 1979 1336 ἐρεῖ,

321 1359 648 1428 Ἀνθρωπος
681 1355 1092 1428 καὶᾶνθρωπος
1144 1353 1404 1429 ἐγεννήθη
1457 1354 1506 1407 ἐν
1557 1352 1715 1426 αὐτῇ,
1749 1352 1836 1406 καὶ
1894 1351 1984 1406 αὐ-

328 1443 423 1505 τὸς
484 1441 830 1516 ὲθεμελίωσεν
915 1442 1081 1510 αὐτὴν
1143 1445 1170 1497 6
1227 1445 1518 1515 Ὕψιστος.
1584 1466 1610 1492 ›)
1668 1444 1829 1496 ’Ώστε
1887 1439 1978 1496 06v

330 1532 558 1605 ὕψιστός
615 1532 752 1588 ἐστιν
804 1533 829 1586 6
879 1532 1114 1607 Χριστὸς
1167 1534 1194 1586 6
1244 1533 1365 1594 Υἱὸς
1415 1537 1512 1586 106
1553 1536 1707 1588 Θεοῦ.
1740 1533 1864 1588 ’Ότι
1924 1528 1981 1585 δὶ

318 1622 540 1696 τεχθεὶς
587 1622 615 1675 6
669 1622 896 1697 Χριστὸς
948 1616 1153 1694 ἔμελλε
1217 1623 1349 1694 μετά
1405 1624 1502 1689 τῆς
1568 1619 1707 1683 ἰδίας
1770 1620 1976 1697 μητρὸς

314 1712 421 1777 τῆς
483 1716 851 1782 πνευματικῆς
922 1709 1154 1789 νεφέλης
1227 1709 1481 1784 ἔρχεσθαι
1545 1710 1620 1772 είς
1683 1709 1976 1786 Αἴγυπτον,

311 1796 543 1854 Ἠσαίου
592 1803 685 1852 τοῦ
729 1801 1018 1878 προφήτου
1071 1799 1384 1873 ἀκούσωμεν
1439 1797 1712 1876 λέγοντος·
1760 1824 1788 1851 ‹‹
1837 1797 1976 1855 Ἰδοὺ

313 1888 515 1964 Κύριος
571 1887 804 1959 κάθηται
862 1888 948 1943 ἐπὶ
1006 1888 1238 1966 νεφέλης
1299 1889 1524 1966 κούφης,
1576 1889 1665 1944 καὶ
1724 1886 1840 1960 ἥξει
1901 1887 1976 1950 εἷς

315 1975 615 2052 Αἴγυπτον,
657 1977 747 2031 καὶ
801 1980 1174 2048 σεισθήσονται
1219 1979 1285 2032 τὰ
1334 1978 1698 2053 χειροποίητα
1756 1977 1968 2052 Αἰγυπ-

315 2087 431 2121 του.
467 2091 492 2116 ››
523 2067 646 2120 ’Ὁτι
677 2064 735 2120 δὲ
771 2067 1174 2140 βαπτιζομένου
1203 2072 1299 2122 τοῦ
1349 2072 1606 2142 Χριστοῦ,
1658 2063 1887 2141 ἔμελλεν
1941 2068 1969 2122 6

315 2156 499 2226 Πατὴρ
549 2151 750 2218 ἄνωθεν
812 2155 961 2228 αὐτῷ
1023 2162 1336 2232 μαρτυρεῖν,
1387 2156 1438 2212 ἐν
1493 2161 1572 2229 τῷ
1629 2158 1714 2227 κη’
1762 2156 1968 2231 ψαλμῷ

306 2244 608 2320 γέγραπται
669 2243 834 2298 0610)’
876 2267 898 2294 ι
944 2247 1109 2314 Φωνή
1168 2245 1365 2320 Κυρίου
1423 2245 1510 2301 ἐπὶ
1567 2251 1673 2300 τῶν
1737 2244 1967 2316 ὑδάτων,

307 2332 338 2386 6
377 2334 509 2394 Θεὸς
566 2335 666 2402 τῆς
728 2331 890 2406 δόξης
946 2329 1293 2408 ἐϐρόντησεν,
1356 2333 1552 2410 Κύριος
1609 2333 1695 2389 ἐπὶ
1759 2333 1965 2389 ὑδάτων

307 2421 626 2478 πολλῶν.»
681 2423 814 2476 Εἶτα
869 2422 994 2496 περὶ
1049 2427 1157 2477 τῶν
1201 2423 1490 2496 θαυμάτων
1551 2425 1640 2478 καὶ
1697 2423 1967 2496 ἰαμάτων,

307 2512 387 2565 ὧν
448 2513 475 2566 6
537 2511 766 2582 Χριστὸς
848 2512 937 2566 καὶ
1014 2513 1142 2573 Θεὸς
1218 2515 1376 2585 ἡμῶν
1439 2512 1690 2582 ἐποίησεν
1749 2511 1968 2575 Ἠσαίας

305 2602 462 2672 ἡμᾶς
511 2598 747 2655 διδάσκει
799 2599 992 2676 λέγων’
1029 2600 1262 2663 «Αὐτὸς
1321 2602 1415 2664 τὰς
1477 2602 1746 2664 ἀσθενείας
1804 2605 1964 2675 ἡμῶν

304 2693 433 2765 ἦρε,
466 2689 682 2752 καὶτὰς
742 2689 932 2752 νόσους
991 2685 1381 2758 ἐϐάστασε,κα’
1439 2692 1560 2768 περὶ
1620 2693 1783 2764 ἡμῶν
1842 2690 1968 2747 ὀδυ-

304 2785 486 2836 νᾶται.
551 2803 578 2830 ››
631 2781 755 2837 ’Ότι
816 2777 874 2834 δὲ
932 2779 1231 2853 εἷρηνεῦσαι
1290 2783 1382 2836 τὸν
1452 2781 1658 2855 κὸσμον
1717 2781 1884 2850 ἦλθεν
1938 2783 1966 2836 6

306 2867 571 2942 Χριστὸς,
606 2869 922 2941 ἀκούσωμεν
968 2873 1066 2922 τοῦ
1117 2871 1193 2923 οα¹
1247 2869 1491 2943 ψαλμοῦ·
1530 2894 1558 2923 ‹‹
1595 2865 1967 2941 Καταϐήσεται

303 2958 386 3019 ὡς
445 2957 594 3020 ὑετὸς
654 2957 742 3012 επὶ
799 2957 992 3026 πόκον,
1025 2958 1114 3013 καὶ
1172 2958 1302 3014 ὡσεί
1359 2961 1569 3034 σταγὼν
1616 2962 1650 3029 ἠ
1703 2961 1968 3029 στάζουσα

302 3045 396 3101 ἐπὶ
453 3048 551 3115 τὴν
605 3054 726 3123 γῆν.
761 3045 1041 3104 Ἀνατελεῖ
1100 3048 1151 3102 ἐν
1199 3054 1320 3111 ταῖς
1369 3049 1601 3124 ἡμέραις
1658 3049 1822 3104 αὑτοῦ
1881 3046 1966 3104 δι-

298 3135 589 3207 καιοσύνη,
647 3136 735 3191 καὶ
784 3135 998 3206 πλῆθος
1050 3137 1297 3212 εἰρήνης,
1345 3135 1450 3201 ἕως
1498 3140 1560 3194 o6
1608 3139 1963 3215 ἀνταναιρεθῇ

300 3226 340 3294 ἠ
377 3223 605 3296 σελήνη,
637 3225 727 3280 καὶ
773 3226 1177 3302 κατακυριεύσει
1234 3229 1338 3283 ἀπὸ
1398 3229 1672 3300 θαλάσσης
1720 3227 1826 3292 ἕως
1872 3231 1964 3283 θα-

2001 1938 2050 2002 Β

2100 639 2414 696 audiamus
2447 640 2751 696 Michaaam
2788 639 3133 711 prophetam
3165 639 3476 705 dicentem,
3509 663 3536 689 ‹‹
3567 640 3639 695 Et
3671 643 3758 702 tu.

2101 728 2460 794 Bethlehem,
2495 730 2708 784 domus
2766 728 3086 799 Ephratha,
3121 745 3236 784 non
3289 728 3533 784 minima
3583 745 3646 783 es
3695 729 3756 783 in

2101 817 2365 874 millibus
2397 819 2553 874 Juda
2577 836 2589 872 :
2611 836 2679 874 ex
2709 823 2765 872 te
2794 819 2952 874 enim
2985 817 3129 872 mihi
3161 819 3512 889 egredietur,
3547 817 3646 890 qui
3679 818 3759 872 sit

2100 908 2435 963 dominator
2465 907 2524 962 in
2561 907 2760 973 Israel,
2796 913 2852 961 et
2901 923 3172 978 egressus
3202 908 3330 976 ejus
3362 907 3433 962 ab
3467 907 3657 972 initio,
3688 924 3757 962 ex

2099 997 2306 1052 diebus
2330 997 2806 1062 saaculi“.»Quod
2829 997 2969 1051 item
2990 997 3047 1050 in
3071 996 3206 1050 Sion
3233 995 3499 1051 Christus
3522 997 3756 1068 appari-

2095 1092 2265 1141 turus
2297 1091 2470 1152 esset,
2505 1091 2561 1140 et
2592 1087 2747 1157 quod
2771 1087 2896 1156 ipse
2918 1086 2995 1140 sit
3021 1085 3382 1155 Altissimus,
3403 1085 3584 1140 David
3617 1103 3749 1157 pro-

2096 1176 2272 1247 pheta
2305 1175 2530 1246 psalmo
2561 1176 2919 1246 octogesimo
2963 1179 3125 1229 sexto
3158 1175 3248 1228 his
3277 1175 3466 1229 verbis
3499 1174 3750 1246 prophe-

2095 1268 2215 1318 tat:
2241 1286 2268 1314 «
2293 1263 2476 1318 Mater
2495 1265 2630 1318 Sion
2663 1264 2834 1328 dicet,
2857 1264 3040 1318 Homo
3072 1269 3129 1318 et
3161 1264 3331 1318 homo
3365 1268 3538 1318 natus
3569 1267 3658 1318 est
3690 1264 3749 1319 in

2093 1371 2182 1420 ea,
2214 1358 2269 1408 et
2300 1354 2426 1424 ipse
2459 1353 2722 1408 fundavit
2753 1370 2881 1408 eam
2916 1353 3251 1408 Altissimus
3283 1354 3384 1409 1⁵.»
3418 1354 3618 1425 Itaque
3647 1353 3749 1408 Al-

2092 1442 2362 1497 tissimus
2395 1447 2484 1497 est
2514 1442 2782 1498 Christus
2830 1441 3012 1497 Filius
3047 1443 3166 1497 Dei.
3201 1445 3364 1509 Quod
3411 1460 3544 1498 vero
3575 1447 3750 1499 natus

2091 1531 2358 1586 Christus
2408 1548 2542 1586 cum
2594 1531 2830 1603 propria
2881 1536 3083 1602 matre,
3132 1532 3425 1603 spirituali
3479 1534 3654 1600 nube,
3688 1531 3748 1587 in

2089 1623 2403 1692 Egyptum
2459 1623 2584 1675 erat
2633 1624 2940 1690 venturus,
2985 1620 3296 1675 audiamus
3348 1621 3559 1677 Isaiam
3613 1639 3746 1693 pro-

2087 1710 2322 1782 phetam
2377 1710 2692 1778 dicentem,
2728 1732 2748 1758 α
2786 1711 2929 1764 Ecce
2989 1711 3269 1766 Dominus
3301 1712 3466 1766 sedet
3495 1712 3554 1766 in
3590 1713 3747 1768 nube

2087 1799 2218 1870 levi,
2251 1798 2558 1870 venietque
2608 1800 2665 1853 in
2715 1803 3052 1872 ngyptum,
3103 1803 3160 1855 et
3215 1801 3744 1856 commovebuntur

2088 1888 2406 1944 simulacra
2435 1888 2937 1961 [EgyptiNmQuod
2961 1893 3321 1956 autem,cum
3345 1888 3744 1962 baptizaretur

2079 1979 2368 2046 Christus,
2395 1978 2564 2033 Pater
2586 1978 2655 2033 de
2673 1994 2738 2032 eo
2762 1981 3086 2034 testaturus
3127 1982 3300 2046 esset,
3337 1979 3418 2034 ita
3447 1979 3736 2051 scriptum

2079 2067 2367 2123 habemus
2399 2067 2458 2121 in
2491 2066 2717 2138 psalmo
2749 2067 3026 2122 vicesimo
3058 2073 3313 2133 octavo,«
3347 2067 3470 2124 Vox
3504 2069 3734 2124 Domini

2081 2172 2258 2228 super
2290 2172 2475 2228 aquas
2510 2171 2522 2211 :
2559 2160 2710 2211 Deus
2761 2155 3089 2224 majestatis
3139 2156 3414 2227 intonuit,
3452 2158 3730 2213 Dominus

2079 2261 2258 2317 super
2286 2262 2466 2316 aquas
2499 2245 2716 2300 multas
2741 2245 2840 2300 ‘7.»
2868 2245 3081 2301 Deinde
3103 2247 3257 2318 quod
3283 2247 3350 2301 ad
3374 2247 3656 2303 miracula
3680 2255 3737 2304 et

2079 2334 2414 2389 sanationes
2463 2337 2706 2405 spectat,
2742 2351 2889 2406 quas
2921 2335 3188 2391 Christus
3236 2339 3291 2390 et
3333 2335 3485 2391 Deus
3536 2343 3736 2394 noster

2080 2424 2296 2494 effecit,
2333 2423 2417 2479 sic
2451 2425 2520 2479 de
2549 2424 2640 2478 his
2673 2441 2778 2479 nos
2810 2425 2979 2479 docet
3023 2424 3227 2496 Isaias,
3262 2448 3289 2475 «
3324 2426 3451 2497 Ipse
3482 2425 3736 2481 inﬁrmi-

2080 2517 2231 2569 tates
2269 2518 2505 2568 nostras
2531 2515 2685 2570 250
2711 2513 2868 2582 tulit,
2902 2518 2956 2569 et
2980 2514 3215 2570 morbos
3238 2515 3508 2586 portavit,
3544 2521 3599 2570 et
3631 2533 3735 2588 pro

2081 2603 2250 2659 nobis
2282 2603 2578 2658 cruciatur
2611 2604 2710 2658 1⁸.»
2743 2604 2901 2667 Quod
2937 2604 3209 2660 similiter
3238 2605 3502 2660 Christus
3535 2623 3736 2677 pacem

2080 2694 2298 2748 mundo
2321 2693 2541 2748 venerit
2563 2692 3169 2760 allaturus,discimus
3201 2709 3264 2748 ex
3299 2696 3734 2767 septuagesimo

2078 2782 2268 2855 primo
2299 2783 2549 2854 psalmo,
2586 2804 2609 2833 «
2646 2783 2968 2838 Descendet
3016 2782 3168 2838 sicut
3200 2782 3396 2854 pluvia
3436 2783 3494 2838 in
3525 2784 3732 2852 vellus,

2078 2876 2134 2926 et
2165 2872 2318 2927 sicut
2349 2871 2508 2927 stilla
2540 2871 2770 2927 stillans
2802 2871 2860 2926 in
2892 2875 3130 2926 terram.
3159 2872 3393 2928 Orietur
3432 2872 3489 2927 in
3525 2873 3735 2931 diebus

2071 2959 2304 3030 justitia
2332 2963 2388 3014 et
2419 2960 2780 3014 abundantia
2810 2959 2992 3030 pacis,
3026 2960 3210 3014 donec
3241 2961 3542 3014 auferatur
3570 2960 3732 3033 luna,

2078 3053 2134 3104 et
2163 3048 2566 3104 dominabitur
2597 3066 2629 3103 a
2661 3048 2806 3102 mari
2842 3065 3030 3119 usque
3064 3049 3134 3104 ad
3171 3065 3352 3117 mare,
3389 3054 3443 3103 et
3474 3067 3507 3104 a
3538 3051 3733 3105 ﬂumi-

2077 3138 2256 3193 nibus
2289 3154 2472 3211 usque
2504 3139 2572 3193 ad
2607 3139 2892 3194 terminos
2925 3138 3082 3194 orbis
3115 3142 3403 3193 terrarum
3440 3140 3538 3194 ’9.»
3569 3138 3733 3203 Quod

2079 3228 2125 3282 si
2155 3228 2310 3283 dicat
2340 3229 2580 3284 Judaeus
2614 3227 2909 3300 psalmum
2943 3229 3013 3282 de
3043 3227 3351 3283 Salomone
3379 3227 3559 3300 loqui,
3590 3228 3736 3284 falli-

302 3312 534 3385 λάσσης,
566 3315 656 3369 καὶ
707 3315 812 3370 ἀπὸ
860 3321 1122 3388 ποταμῶν
1171 3313 1276 3378 ἕως
1322 3317 1567 3392 περάτων
1625 3321 1722 3387 τῆς
1781 3317 1962 3372 οἰκου-

2080 3326 2189 3373 tur.
2223 3318 2370 3372 Nam
2425 3318 2546 3372 hmo
2577 3319 2704 3389 ejus
2757 3321 2895 3372 sunt
2939 3317 3114 3372 verba
3145 3335 3157 3372 :
3191 3319 3337 3373 Ante
3386 3317 3567 3373 solem
3601 3336 3734 3390 per-

303 3404 495 3475 μένης.
533 3425 554 3455 ι
593 3403 699 3458 Κᾶν
753 3401 877 3478 εἷ’πῃ
929 3403 1216 3477 Ἰουδαῖος,
1267 3405 1349 3460 ὅτι
1414 3408 1537 3481 περί
1601 3407 1965 3480 Σολομῶντος

300 3489 451 3565 λέγει
485 3492 512 3545 6
543 3490 785 3566 ψαλμὸς,
837 3490 1112 3567 ψεύδεται.
1147 3495 1305 3570 Λέγει
1357 3495 1458 3571 γάρ
1519 3519 1546 3549 ‹‹
1592 3498 1704 3571 Πρὸ
1752 3500 1850 3550 106
1908 3497 1970 3566 ἡ·

296 3578 426 3636 λίου
486 3579 727 3654 διαμένει
774 3582 836 3637 τὸ
891 3579 1066 3656 ὄνομα
1125 3583 1308 3639 αὐτοῦ’
1343 3585 1433 3640 καὶ
1492 3584 1667 3641 πάντα
1719 3588 1785 3639 τὰ
1838 3581 1964 3655 ἔθνη

305 3667 668 3744 μακαριοῦσιν
730 3670 913 3738 αὐτὸν,
961 3671 1051 3726 καὶ
1111 3676 1580 3748 προσκυνήσουσιν
1633 3675 1778 3747 αὖτῴ
1831 3675 1967 3728 πάν-

294 3779 393 3820 τες
469 3759 522 3813 οἱ
605 3758 848 3836 βασιλεῖς
916 3768 1015 3831 τῆς
1090 3770 1215 3838 γῆς.
1269 3787 1295 3816 ››
1355 3767 1529 3819 Ταῦτα
1589 3761 1645 3819 δὲ
1706 3764 1768 3819 06
1829 3763 2047 3820 δυνατὸν
2109 3763 2184 3825 εἷς
2246 3761 2586 3837 Σολομῶντα
2643 3761 2891 3840 λέγεσθαι
2926 3783 2939 3796 ⁸

299 3845 494 3916 ἡλίου.

370 3941 427 3993 7.
460 3939 584 3994 ’Ότι
618 3934 675 3992 δὲ
705 3938 794 3992 καὶ
845 3937 934 3994 διὰ
981 3941 1354 4016 βαπτίσματος
1406 3939 1638 4015 ἔμελλεν
1673 3944 1700 3998 6
1731 3949 1960 4018 Χριστος

294 4027 326 4080 6
363 4025 496 4087 Θεὸς
543 4026 705 4100 ἡμῶν
755 4035 1042 4104 καταργεῖν
1094 4031 1186 4085 τὸν
1239 4026 1519 4100 διάϐολον,
1553 4034 1580 4087 ὁ
1630 4034 1709 4107 ογ⁰
1740 4031 1959 4106 ψαλμὸς

301 4121 572 4191 μαρτυρεῖ
623 4112 800 4192 λέγων
848 4119 984 4194 πρὸς
1023 4121 1150 4174 Θεὸν
1199 4119 1390 4183 οὕτως’
1428 4145 1456 4173 ‹‹
1509 4123 1584 4175 Σὺ
1643 4123 1961 4197 συνέτριψας

294 4203 398 4266 τὰς
428 4204 667 4282 κεφαλὰς
697 4211 806 4260 τῶν
841 4205 1145 4282 δρακόντων
1192 4208 1280 4264 ἐπὶ
1327 4214 1423 4264 106
1466 4208 1680 4273 ὕδατος⁸
1732 4210 1795 4265 σὺ
1840 4231 1960 4264 συν-

298 4291 534 4355 ἑθλασας
565 4295 664 4362 τὴν
697 4295 940 4371 κεφαλὴν
988 4303 1084 4352 106
1136 4296 1448 4374 δράκοντος.
1485 4324 1513 4352 ››
1544 4302 1666 4357 ’Ότι
1719 4297 1777 4355 δὲ
1834 4321 1957 4354 ποι-

294 4381 443 4450 ητὴς
503 4381 732 4456 οὐρανοῦ
764 4384 1053 4459 ὁΧριστός
1115 4386 1280 4457 ἐστιν,
1315 4389 1342 4442 6
1402 4388 1452 4443 ἐν
1506 4389 1744 4464 Θαλάσσῃ
1801 4410 1956 4464 περι-

299 4471 696 4540 πατήσας,τοῦ
749 4468 875 4530 Ἰὼϐ
932 4474 1251 4549 ἀκούσωμεν
1303 4475 1558 4554 λέγοντος
1605 4478 1798 4540 οὕτως·
1835 4502 1862 4531 ‹‹
1894 4480 1956 4535 Ὁ

293 4559 533 4624 τανύσας
564 4561 655 4615 τὸν
709 4561 934 4635 οὐρανὸν
989 4565 1178 4638 μόνος,
1228 4566 1316 4622 καὶ
1346 4572 1675 4642 ῖπεριπατῶν
1727 4568 1815 4622 ἐπὶ
1869 4569 1958 4622 θα-

301 4649 514 4719 λάσσης
546 4650 618 4713 ὡς
648 4649 730 4706 ἐπ’
761 4650 1008 4730 ἐδάφους.
1046 4678 1072 4706 ››
1109 4656 1236 4730 Περὶ
1268 4654 1324 4710 δὲ
1354 4662 1450 4711 106
1481 4657 1674 4713 πώλου
1721 4658 1811 4713 καὶ
1857 4662 1956 4724 τῆς

298 4733 454 4804 ὄνου,
487 4737 569 4817 ἐφ’
599 4741 672 4794 ὧν
733 4743 760 4796 6
820 4743 1050 4818 Χριστὸς
1110 4744 1440 4815 ἐπεκάθισεν,
1486 4746 1801 4819 ἀκούσωμεν
1859 4751 1958 4802 106

298 4831 590 4904 προφήτου
648 4832 923 4907 Ζαχαρίου
985 4831 1264 4907 λεγοντος·
1302 4859 1326 4886 ί‹
1366 4840 1534 4910 Χαῖρε
1580 4833 1807 4912 σφόδρα,
1863 4837 1954 4899 θό-

291 4937 460 4993 γατερ
521 4920 705 4972 Σιών’
765 4922 1022 4994 κήρυσσε,
1084 4922 1312 4998 θύγατερ
1371 4921 1772 4998 Ἰερουσαλήμ·
1837 4921 1956 4978 ἰδοὺ

297 5007 329 5060 6
367 5005 624 5081 βασιλεύς
659 5028 754 5062 σου
785 5005 1005 5084 ἔρχεταί
1037 5031 1122 5064 σοι
1157 5008 1363 5074 δίκαιος
1415 5012 1502 5067 καῖ
1551 5013 1761 5085 σώζων,
1795 5012 1954 5075 αὐτὸς

295 5094 500 5170 πραῢς,
557 5100 646 5151 καί
706 5093 1050 5169 ἐπιϐεϐηκὼς
1125 5097 1212 5154 ἐπὶ
1272 5100 1561 5178 ὑποζύγιον
1617 5103 1706 5156 καὶ
1765 5101 1954 5157 πῶλον

296 5185 444 5242 νέον.
481 5208 508 5237 ››
563 5187 632 5243 Τί
687 5187 864 5242 τοίνυν
923 5193 1031 5242 τῶν
1088 5195 1440 5265 προφητικῶν
1494 5191 1699 5246 τούτων
1762 5198 1954 5270 φωνῶν

295 5273 780 5350 τηλαυγέστερονς
831 5274 984 5333 Ἀλλ’
1041 5275 1218 5350 ὅμως,
1263 5277 1454 5356 καίπερ
1517 5280 1691 5343 οὕτως
1745 5285 1955 5357 τρανῶς

301 5363 430 5436 περὶ
489 5369 585 5418 τοῦ
645 5371 884 5439 Χριστοῦ
950 5367 1425 5445 προφητευόντων,
1487 5370 1871 5449 ἀπετύφλωσεν
1930 5373 1957 5427 6

303 5458 550 5516 Σατανᾶς
581 5454 648 5510 τὰ
674 5459 779 5510 τῶν
809 5452 1082 5513 Ἰουδαίων
1134 5451 1376 5530 ὄμματα,
1407 5459 1498 5514 καὶ
1557 5459 1809 5534 ἐπήρωσε
1861 5461 1957 5524 τὰς

376 5686 417 5720 ¹⁴
454 5683 630 5742 Mich.
663 5703 720 5752 ν,
746 5690 802 5742 2.

299 5758 422 5813 6-8.
503 5757 550 5793 ²⁰
578 5757 722 5814 ibid.
756 5759 843 5816 47.

881 5688 925 5724 ιι
956 5687 1108 5744 Psal.
1142 5703 1367 5757 Lxxxw,
1396 5690 1451 5744 5.

921 5760 967 5796 ²¹
1000 5758 1154 5817 Psal.
1189 5777 1381 5829 LXXIII,
1417 5761 1500 5818 13.

1986 4700 2034 4764 D

1531 5691 1881 5820 “alsfbnx,

1692 5782 1722 5822 ο
1773 5782 1893 5822 .Ix.
1966 5808 1979 5822 .

2079 3411 2276 3463 manet
2308 3425 2522 3463 nomen
2555 3409 2787 3479 ejus:et
2817 3423 3022 3463 omnes
3054 3411 3257 3480 gentes
3278 3407 3512 3461 beatum
3539 3407 3735 3464 dicent

2079 3501 2299 3567 eum,et
2330 3497 2660 3552 adorabunt
2681 3513 2812 3550 eum
2848 3512 3054 3551 omnes
3087 3512 3249 3568 reges
3278 3496 3733 3568 terras‘mmAtqui

2078 3585 2200 3642 hzec
2231 3586 2288 3640 in
2323 3585 2696 3642 Salomonem
2748 3587 3036 3657 quadrare
3068 3602 3182 3640 non
3235 3589 3480 3657 queunt,
3514 3585 3733 3658 quippe

2080 3675 2180 3747 qui
2213 3680 2346 3731 ante
2378 3675 2559 3731 solem
2594 3693 2710 3730 non
2743 3675 3044 3731 exstiterit.

3001 3761 3063 3817 οὐ
3123 3765 3225 3839 γὰρ
3284 3763 3351 3832 ἦν
3410 3761 3570 3825 αὐτὸς
3622 3751 3732 3840 πρὸ

2144 3945 2198 3998 7.
2233 3945 2393 4010 Quod
2421 3949 2616 4001 autem
2649 3945 2915 4000 Christus
2947 3945 3102 3999 Deus
3141 3947 3343 4000 noster
3371 3959 3474 4014 per
3505 3942 3730 4014 baptis-

2071 4050 2231 4088 mum
2267 4033 2622 4089 contriturus
2651 4039 2808 4088 esset
2842 4033 3432 4100 diabolum,testatur
3462 4032 3726 4104 psalmus

2072 4122 2545 4194 septuagesimus
2574 4121 2780 4177 tertius
2815 4121 2909 4177 his
2951 4120 3145 4176 verbis
3179 4139 3191 4176 :
3228 4144 3255 4171 «
3285 4122 3369 4176 Tu
3403 4120 3726 4178 contrivisti

2070 4212 2264 4283 capita
2311 4211 2631 4266 draconum
2683 4211 2742 4266 in
2794 4227 2993 4282 aqua:
3029 4214 3089 4264 tu
3144 4210 3479 4282 confregisti
3532 4210 3726 4283 capita

2069 4301 2339 4356 draconis
2367 4302 2410 4336 5”
2450 4319 2462 4356 :
2500 4322 2528 4349 »
2557 4300 2851 4355 Christum
2904 4303 3182 4372 praeterea
3212 4298 3339 4353 cceli
3390 4300 3723 4356 effectorem

2067 4406 2194 4447 esse
2229 4391 2323 4464 qui
2358 4393 2414 4446 et
2442 4389 2501 4445 in
2535 4391 2682 4445 mari
2732 4387 3140 4455 ambulaverit,
3177 4387 3491 4442 audiamus
3533 4404 3601 4442 ex
3630 4387 3724 4445 his

2065 4481 2197 4537 Jobi
2229 4479 2476 4549 verbis,«
2493 4481 2597 4544 Qui
2632 4480 2909 4551 expandit
2938 4477 3148 4533 caelum
3183 4475 3426 4542 solus,et
3455 4477 3722 4533 ambulat

2065 4571 2122 4626 in
2160 4570 2304 4626 mari
2337 4570 2492 4625 velut
2525 4571 2580 4625 in
2615 4569 2738 4625 solo
2772 4569 2873 4623 2’.»
2911 4569 2989 4623 De
3022 4566 3182 4640 pullo
3215 4571 3407 4622 autem
3443 4571 3500 4622 et
3530 4567 3718 4639 asina,

2067 4661 2125 4714 in
2179 4660 2394 4731 quibus
2443 4659 2707 4713 Christus
2751 4657 2988 4724 insedit,
3023 4657 3336 4712 audiamus
3375 4655 3716 4713 Zachariam

2068 4749 2412 4822 prophetam
2440 4749 2690 4804 alentem
2728 4766 2739 4803 :
2774 4771 2800 4797 ‹‹
2836 4747 3075 4803 Exsulta
3105 4745 3510 4813 multum,ﬁlia
3539 4745 3715 4802 Sion:

2067 4839 2340 4910 praedica,
2378 4839 2496 4893 ﬁlia
2539 4837 2864 4894 Jerusalem
2895 4855 2908 4905 ;
2941 4854 3072 4893 ecce
3125 4854 3222 4892 rex
3255 4841 3392 4892 tuus
3424 4837 3580 4892 venit
3610 4837 3716 4892 tibi

2059 4930 2259 4999 justus
2293 4938 2349 4983 et
2381 4928 2658 4994 salvator,
2691 4927 2817 4999 ipse
2850 4927 3007 4982 mitis
3039 4927 3252 4983 sedens
3283 4944 3462 4998 super
3508 4927 3716 4996 subju-

2067 5017 2258 5089 galem
2289 5023 2347 5072 et
2375 5017 2602 5088 pullum
2632 5017 3044 5086 juniorem”.»
3077 5015 3223 5079 Quid
3243 5015 3335 5070 his
3358 5015 3716 5086 propheticis

2066 5107 2306 5162 vocibus
2340 5106 2692 5162 loculentius
2715 5107 2741 5161 '?
2771 5107 2882 5161 Sed
2916 5110 3111 5161 tamen
3144 5105 3280 5160 licet
3308 5116 3427 5159 tam
3459 5103 3618 5158 clara
3648 5104 3719 5159 de

2068 5196 2294 5252 Christo
2325 5201 2522 5251 essent
2576 5195 2867 5263 vaticinia,
2902 5194 3100 5250 oculos
3151 5194 3487 5249 Judaaorum
3541 5209 3719 5247 excas-

2068 5285 2216 5340 cavit
2265 5289 2530 5349 Satana,
2564 5299 2888 5356 eorumque
2919 5282 3136 5338 mentis
3183 5280 3438 5353 pupillas
3467 5281 3719 5352 obtudit,

2072 5382 2135 5430 ut
2165 5380 2246 5430 tot
2290 5374 2629 5430 testimonia
2659 5390 2834 5446 prave
2859 5372 3237 5444 explicarent.
3267 5370 3483 5425 Verum
3517 5371 3722 5425 audias

2069 5481 2204 5520 mus
2236 5465 2478 5536 insuper
2508 5465 2579 5519 de
2612 5462 2809 5535 pueris
2841 5461 2940 5532 qui
2972 5460 3200 5515 Christo
3231 5459 3511 5516 Hosanna
3540 5458 3723 5514 accla-

2686 5693 2727 5729 ¹⁸
2760 5692 2869 5748 Isa.
2927 5705 3044 5756 LIII,
3079 5689 3131 5756 4,
3176 5689 3230 5744 5.
3310 5691 3356 5725 ¹⁰
3383 5689 3539 5746 Psal.
3572 5705 3719 5762 ιιχι,

2063 5700 2107 5735 17
2138 5694 2290 5750 Psal.
2323 5711 2518 5763 xxvm,
2551 5694 2606 5748 3.

2059 5765 2104 5799 ²⁸
2135 5767 2370 5824 Zachar.
2404 5783 2482 5835 1x,
2513 5767 2567 5822 9.
