4132 6366
392 464 505 524 691

1561 464 1626 526 S.
1675 458 2205 524 ATHANASIUS.
2226 490 2301 502 —
2331 461 2643 525 SPURIA.

3706 464 3829 527 692

400 600 653 662 marunt,
688 600 746 650 et
775 604 969 667 aperte
1000 595 1298 652 Christum
1330 599 1681 652 vocaverunt
1709 593 2047 661 Dominum,

2186 593 2265 657 τῆς
2296 592 2483 666 ψυχῆς
2514 592 2690 647 αὐτῶν
2723 592 2910 667 κόρας,
2936 589 3029 646 ἵνα
3056 592 3153 655 τὰς
3210 592 3467 656 τοιαύτας
3528 597 3829 672 μαρτυρίας

402 686 520 741 haec
545 684 759 757 psalmi
788 684 975 740 octavi
996 685 1172 740 verba
1195 685 1498 740 :«Domine
1524 684 1805 740 Dominus
1832 688 2052 749 noster,

403 792 581 847 quam
605 774 950 830 admirabile
964 781 1052 829 est
1076 792 1283 830 nomen
1310 779 1478 829 tuum
1505 775 1562 829 in
1589 774 1860 828 universa
1879 778 2050 827 terra:

404 864 679 936 quoniam
708 863 928 919 elevata
952 870 1041 918 est
1073 863 1509 935 magnificentia
1531 868 1629 918 tua
1654 880 1830 934 super
1861 860 2053 915 ccslos.

405 955 487 1011 Ex
501 954 925 1009 oreinfantium
954 953 1368 1008 etlactentium
1393 951 1684 1024 pert'ecisti
1711 951 2055 1007 laudem“.»

402 1043 568 1099 Judw
616 1058 848 1114 quoque
897 1043 1285 1113 proditionem
1331 1041 1747 1113 prmsignificat
1792 1039 2058 1111 psalmus

407 1131 900 1204 quadragesimus
926 1132 1152 1203 primus
1176 1131 1283 1186 hoc
1305 1132 1516 1186 modo:
1547 1153 1573 1179 ‹‹
1598 1129 1705 1196 Qui
1728 1130 1929 1185 edebat
1957 1145 2058 1200 pa-

409 1237 512 1276 nes
528 1220 1187 1293 meos,magniﬁcavitsu
1201 1237 1300 1291 per
1314 1237 1405 1275 me
1418 1218 2060 1292 supplantationem".»

409 1309 686 1367 Gentium
719 1326 851 1365 vero
880 1315 936 1364 et
990 1310 1329 1364 Judzeorum
1365 1308 1611 1364 insidias
1642 1308 1873 1365 Christo
1905 1313 2059 1362 stru-

407 1404 535 1455 ctas
564 1406 798 1454 enarrat
831 1399 1091 1471 psalmus
1117 1399 1411 1455 secundus
1434 1398 1525 1454 bis
1556 1399 1787 1454 verbis:
1823 1398 2063 1462 «Quare

411 1490 780 1545 fremuerunt
807 1492 1095 1559 gentes,et
1127 1487 1327 1560 populi
1355 1488 1616 1543 meditati
1650 1493 1789 1542 sunt
1822 1486 2065 1541 inania?

410 1579 738 1635 Astiterunt
763 1594 926 1649 reges
959 1582 1218 1643 terras,et
1250 1576 1543 1649 principes
1576 1580 1970 1633 convenerunt
2003 1576 2061 1630 in

413 1684 623 1733 unum,
656 1690 684 1718 »
716 1667 940 1722 scilicet
990 1669 1157 1722 Anna
1187 1672 1244 1722 et
1273 1666 1525 1738 Caiphas
1572 1673 1628 1721 et
1674 1666 1967 1738 principes
1998 1682 2065 1720 ac

414 1757 685 1827 Scribe,«
712 1757 994 1813 adversus
1024 1756 1339 1812 Dominum
1373 1762 1430 1812 et
1460 1757 1739 1812 adversus
1766 1756 2063 1811 Christum

414 1848 545 1918 ejus
573 1847 636 1901 ³⁸.
664 1866 689 1897 υ
718 1846 823 1909 Qui
848 1846 1005 1902 enim
1038 1850 1261 1919 pugnat
1290 1846 1567 1902 adversus
1594 1844 1827 1912 Filium,
1848 1844 2068 1916 injuria

413 1934 646 1991 Patrem
679 1933 879 1990 afﬁcit.

488 2203 541 2257 8.
574 2202 653 2259 De
682 2202 929 2259 vinculis
960 2220 1153 2275 porro,
1204 2204 1420 2275 quibus
1471 2193 1707 2260 vinxere
1755 2203 2074 2272 Christum,

420 2291 504 2347 sic
533 2291 795 2363 loquitur
826 2293 1008 2349 Isaias
1039 2293 1346 2365 propheta,
1378 2293 1714 2349 Judaaorum
1764 2291 2078 2363 deplorans

424 2381 692 2437 miserias
727 2398 739 2435 :
773 2402 797 2433 α
832 2380 928 2436 Vas
960 2382 1168 2437 animae
1191 2381 1572 2453 eorum,quia
1603 2398 1842 2454 pravum
1874 2381 2076 2436 adver-

425 2487 536 2528 sus
566 2471 795 2543 seipsos
820 2471 1082 2527 inierunt
1111 2470 1422 2527 consilium
1457 2471 2081 2538 dicentes,Vinciamus

422 2561 656 2631 justum
688 2561 754 2615 ²’¹.
788 2579 818 2612 ι)
858 2560 989 2615 Jam
1039 2576 1173 2616 vero
1219 2561 1492 2616 Judaeum
1544 2560 1857 2632 interroga,
1890 2572 1947 2615 et
1989 2560 2084 2615 dic

433 2648 551 2721 ipsi
584 2664 597 2704 :
630 2647 771 2712 Quis
800 2649 974 2705 homo
994 2648 1052 2704 in
1080 2656 1232 2705 terra
1254 2649 1475 2722 peccati
1494 2650 1732 2721 expers?
1751 2654 1913 2705 Certe
1946 2666 2084 2705 con-

434 2741 554 2794 stat
575 2737 867 2794 neminem
896 2756 1104 2811 purum
1130 2756 1163 2795 a
1194 2740 1321 2794 labe
1352 2756 1613 2804 esse,nec
1637 2740 1686 2794 si
1719 2757 1836 2794 una
1855 2743 2085 2794 tantum

434 2826 611 2883 fuerit
645 2828 770 2884 dies
792 2828 918 2883 vita:
941 2830 1065 2900 ejus
1102 2827 1162 2883 in
1183 2833 1356 2884 terra.
1376 2829 1657 2885 Praeterea
1688 2830 1773 2885 sic
1802 2829 2088 2900 propheta

436 2921 615 2972 Deum
641 2922 912 2989 precatur
935 2935 983 2971 ;‹‹
1014 2918 1135 2973 Non
1162 2919 1346 2973 intres
1369 2918 1426 2973 in
1444 2918 1737 2989 judicium
1762 2935 1895 2973 cum
1921 2934 2085 2973 servo

432 3006 712 3076 tuo,quia
744 3007 1301 3076 nonjustilicabitur
1331 3011 1387 3063 in
1420 3012 1735 3078 conspectu
1766 3012 1865 3062 tuo
1892 3007 2085 3063 omnis

426 3094 629 3153 vivens
650 3096 753 3150 ⁸⁸.»
777 3096 854 3151 Ex
877 3096 1095 3167 quibus
1115 3101 1313 3168 aperte
1335 3096 1617 3152 docemur
1637 3098 1931 3153 neminem
1957 3097 2086 3153 abs-

431 3199 546 3255 que
573 3190 809 3254 peccato
856 3201 985 3240 esse
1016 3193 1221 3256 praeter
1250 3184 1439 3241 solum
1491 3185 1698 3241 Deum.
1730 3185 1860 3241 Jam
1903 3185 2049 3258 igitu
2078 3206 2083 3212 ·

428 3273 735 3328 videamus
755 3273 895 3344 quid
923 3278 1119 3330 narret
1143 3272 1309 3330 nobis
1340 3275 1515 3330 Isaias
1540 3274 1822 3345 propheta
1853 3275 1923 3330 de
1946 3292 2080 3346 pas-

2164 682 2642 759 παραγράφωνται.
2714 680 3067 754 Ἀκούσωμεν
3149 680 3244 735 οὗν
3328 682 3417 737 καὶ
3506 683 3633 760 περὶ
3716 686 3828 741 τὼν

2165 766 2398 837 παίδων,
2458 774 2565 825 τῶν
2624 775 2702 843 τῷ
2771 772 2990 847 Χριστῷ
3048 772 3273 825 Ὡσαννά
3335 772 3678 849 βοησάντων,
3735 776 3829 830 καὶ

2168 857 2363 934 Κύριον
2426 859 2695 934 λεγόντων
2756 864 3047 937 προφανῶς
3103 861 3195 915 τὸν
3248 861 3481 937 Χριστὸν
3513 862 3722 937 ψαλμῷ
3755 871 3825 936 η’·

2168 970 2197 999 ‹‹
2232 947 2393 1022 Κύριε
2423 951 2450 1003 ὁ
2483 950 2677 1023 Κύριος
2710 951 2891 1021 ἡμῶν,
2924 948 2998 1011 ὡς
3038 951 3345 1022 θαυμαστὸν
3394 952 3457 1006 τὸ
3505 948 3680 1025 ὄνομά
3733 976 3830 1010 σου

2168 1034 2220 1090 ἐν
2281 1036 2422 1112 πάσῃ
2475 1042 2544 1112 τῇ
2599 1039 2672 1114 γῇ
2701 1041 2711 1095 !
2747 1037 2829 1093 ὅτι
2870 1038 3082 1114 ἐπήρθη
3148 1040 3182 1109 ἠ
3233 1040 3676 1117 μεγαλοπρέπειά
3735 1066 3833 1099 σου

2169 1125 2419 1197 ὑπεράνω
2476 1133 2584 1183 τῶν
2649 1127 2915 1203 οὐρανῶν.
2981 1131 3076 1185 Ἐκ
3132 1128 3402 1201 στόματος
3463 1132 3674 1201 νηπίων
3740 1134 3831 1189 καὶ

2171 1215 2519 1286 θηλαζόντων
2579 1217 2888 1293 κατηρνίσω
2960 1217 3127 1274 αἶνον.
3181 1242 3209 1269 ››
3270 1219 3400 1292 Περὶ
3460 1216 3518 1275 δέ
3575 1228 3675 1291 τῆς
3728 1228 3830 1278 τοῦ

2168 1304 2349 1362 Ἰούδα
2386 1305 2700 1383 προδόσεως
2733 1307 2954 1381 ψαλμὸς
2992 1311 3078 1381 μα’
3112 1308 3282 1383 λέγει·
3324 1331 3346 1360 ι
3376 1316 3430 1364 Ὁ
3489 1310 3680 1376 ἐσθίων
3742 1314 3836 1388 ἄρ·
3873 1296 3879 1303 ’

2169 1416 2297 1457 τους
2351 1417 2456 1469 μου
2508 1396 2836 1472 ἐμεγάλυνεν
2896 1397 2979 1451 ἐπ’
3011 1396 3108 1469 ἐμὲ
3158 1399 3508 1471 πτερνισμόν.
3546 1423 3574 1452 ››
3615 1402 3722 1469 Τὴν
3775 1399 3836 1457 δὲ

2170 1489 2275 1539 τῶν
2336 1483 2501 1540 ἐθνῶν
2562 1486 2650 1540 καὶ
2707 1483 2985 1542 Ἰουδαίων
3037 1481 3341 1555 ἐπιϐουλὴν
3383 1488 3482 1556 τὴν
3538 1490 3675 1545 κατά
3736 1495 3834 1545 τοῦ

2173 1579 2406 1649 Χριστοῦ
2437 1576 2464 1630 6
2575 1573 2796 1649 ψαλμὸς
2839 1574 3004 1650 λέγει·
3041 1600 3069 1627 ‹‹
3101 1577 3214 1631 Ἵνα
3259 1576 3313 1630 τί
3365 1575 3626 1655 ἐφρύαξαν
3680 1576 3831 1650 ἔθνη,

2172 1664 2262 1717 καὶ
2318 1661 2443 1718 λαοὶ
2492 1663 2827 1736 ἐμελέτησαν
2876 1665 3425 1740 κενά;11αρέστησαν
3482 1667 3533 1720 o't
3590 1669 3836 1743 βασιλεῖς

2172 1756 2272 1817 τῆς
2304 1760 2432 1828 γῆς,
2465 1754 2553 1809 καὶ
2587 1756 2637 1809 οἱ
2670 1752 2934 1830 ἄρχοντες
2968 1756 3320 1830 συνήχθησαν
3379 1753 3467 1810 ἐπὶ
3524 1757 3586 1811 τὸ
3617 1757 3767 1828 αὐτὸ,
3808 1784 3835 1810 υ

2174 1840 2344 1918 ἤγουν
2380 1848 2575 1906 ’Ἅννας
2632 1844 2723 1898 καὶ
2782 1845 3043 1921 Καϊάφας,
3074 1844 3164 1898 καὶ
3197 1845 3249 1899 οἱ
3301 1845 3578 1922 ἀρχιερεῖς
3634 1847 3724 1902 καὶ
3785 1849 3838 1903 οἱ

2092 1968 2142 2032 Β
2174 1937 2542 2008 γραμματεῖς·
2582 1957 2602 1984 ι
2638 1932 2775 1987 κατὰ
2822 1937 2921 1987 τοῦ
2974 1932 3197 2008 Κυρίου,
3227 1932 3317 1987 καὶ
3376 1935 3514 1989 κατᾶ
3554 1939 3655 1990 τοῦ
3703 1941 3838 2012 Χρι-

2181 2024 2311 2076 στοῦ
2341 2021 2527 2078 αὐτοῦ.
2565 2046 2591 2073 ››
2617 2024 2676 2079 Ὀ
2714 2022 2814 2099 γὰρ
2867 2019 3133 2095 πολεμῶν
3184 2021 3276 2077 τὸν
3318 2023 3463 2094 Υἱὸν,
3494 2019 3699 2100 ὑϐρίζει
3750 2025 3841 2079 καὶ

2182 2110 2271 2165 τὸν
2308 2109 2539 2185 Πατέρα.

2255 2202 2310 2257 8.
2346 2199 2475 2275 Περὶ
2509 2196 2566 2254 δέ
2624 2204 2731 2254 τῶν
2792 2197 3027 2272 δεσμῶν,
3059 2200 3133 2254 ὧν
3188 2198 3382 2271 ἔδησαν
3440 2203 3531 2258 τὸν
3587 2204 3842 2277 Χριστὸν,

2187 2286 2335 2364 λέγει
2390 2286 2696 2357 ταλανίζων
2753 2288 2879 2352 τοὺς
2942 2286 3240 2353 Ἰουδαίους
3294 2289 3515 2355 Ἡσαΐας
3562 2292 3589 2348 ὁ
3628 2295 3845 2370 προφή-

2186 2397 2309 2449 της·
2343 2402 2371 2429 ‹‹
2404 2376 2538 2435 Οὐαὶ
2570 2382 2638 2452 τῇ
2671 2381 2825 2454 ψυχῇ
2854 2377 3052 2449 αὐτῶν,
3087 2376 3227 2434 διότι
3279 2375 3669 2437 ἐϐουλεύσαντο
3724 2383 3846 2458 βου-

2192 2466 2295 2535 λὴν
2353 2467 2594 2543 πονηρὰν
2650 2468 2768 2522 καθ’
2828 2467 3029 2522 ἑαυτῶν
3094 2467 3368 2544 λέγοντες·
3431 2473 3695 2543 Δῆσωμεν
3754 2473 3847 2527 τὸν

2194 2553 2428 2612 δίκαιον,
2461 2581 2489 2609 ››
2542 2556 2850 2633 Ἐρώτησόν
2897 2578 2993 2631 μοι
3050 2556 3246 2613 λοιπὸν
3302 2560 3393 2614 τὸν
3441 2557 3725 2629 Ἰουδαῖον,
3757 2559 3848 2615 καὶ

2195 2644 2311 2700 εἰπὲ
2344 2647 2505 2717 αὐτῷ,
2540 2644 2623 2700 ὅτι
2652 2646 2740 2708 Τίς
2789 2646 3087 2722 ἀνθρώπων
3141 2646 3229 2702 ἐπὶ
3277 2655 3377 2723 γῆς
3429 2648 3845 2724 ἆναμάρτητος;

2196 2732 2465 2807 Εὔδηλον,
2498 2735 2580 2790 ὅτι
2613 2734 2788 2797 οὐδεὶς
2818 2736 3049 2807 καθαρὸς
3092 2735 3198 2791 ἀπὸ
3252 2736 3444 2812 ῥύπου,
3474 2735 3594 2792 οὐδ’
3630 2736 3688 2792 ἃν
3744 2737 3846 2811 μία

2195 2825 2376 2899 ἡμέρα
2404 2832 2504 2894 τῆς
2539 2830 2683 2894 ζωῆς
2715 2825 2880 2879 αὐτοῦ
2912 2825 2999 2879 ἐπὶ
3053 2832 3155 2894 τῆς
3211 2829 3331 2901 γῆς.
3366 2826 3462 2879 Καὶ
3511 2824 3675 2879 πάλιν
3733 2847 3841 2903 φη-

2196 2914 2274 2967 σὶν
2309 2915 2336 2968 6
2368 2916 2656 2991 προφήτης
2689 2913 2827 2989 πρὸς
2873 2912 3020 2968 Θεόν·
3055 2938 3081 2965 ‹‹
3117 2914 3209 2981 Μή
3251 2912 3493 2986 εἰσέλθῃς
3544 2913 3619 2975 εἰς
3666 2912 3842 2988 κρίσιν

2198 3003 2332 3076 μετά
2360 3008 2455 3057 τοῦ
2509 2999 2711 3057 δούλου
2743 3023 2859 3072 σου,
2893 3002 2973 3058 ὅτι
3024 3001 3085 3056 οὐ
3136 3000 3547 3072 δικαιωθήσεται
3607 3001 3840 3057 ἐνώπιόν

2194 3113 2289 3146 σου
2320 3098 2421 3155 πᾶς
2459 3095 2585 3161 ζῶν.
2619 3116 2647 3144 ››
2682 3094 2842 3148 ’Ώστε
2890 3093 3130 3171 φανερῶς
3191 3088 3576 3163 διδασκόμεθα,
3608 3089 3690 3145 ὅτι
3750 3090 3845 3146 ού-

2194 3178 2302 3243 δεῖς
2364 3181 2741 3257 ἀναμάρτητος
2798 3182 2842 3236 εἰ
2904 3182 2981 3254 μὴ
3017 3180 3178 3254 μόνος
3212 3182 3241 3235 ’ὸ
3273 3180 3422 3242 Θεός·
3457 3177 3692 3253 Ἵδωμεν
3750 3178 3843 3234 οὖν

2193 3269 2387 3326 λοιπὸν
2432 3270 2484 3326 τί
2515 3272 2542 3326 ὁ
2575 3273 2865 3347 προφήτης
2895 3268 3115 3333 Ἠσαίας
3167 3267 3473 3345 διαλέγεται
3523 3270 3659 3342 ἡμῖν
3720 3269 3844 3345 περὶ

430 3361 594 3418 sione
616 3334 1015 3434 impeccabilis
1037 3363 1250 3419 Christi
1272 3363 1369 3419 Dei
1396 3334 1600 3431 nostri,
1628 3334 1752 3418 riiii
1782 3334 2072 3420 Dei.«.Sic-

2188 3365 2286 3417 τοῦ
2344 3360 2546 3422 πάθους
2602 3366 2696 3416 τοῦ
2750 3361 3132 3436 ἀναμαρτήτου
3190 3362 3424 3435 Χριστοῦ
3476 3363 3572 3414 τοῦ
3618 3364 3753 3414 Θεοῦ
3783 3360 3846 3430 ή-

430 3455 497 3506 ut
552 3451 695 3519 ovis,
746 3451 958 3524 inquit,
1007 3454 1079 3508 ad
1140 3453 1551 3509 mactrtionem
1610 3452 1823 3508 ductus
1881 3458 1990 3523 est,
2022 3461 2081 3511 et

433 3540 601 3612 quasi
620 3558 807 3613 agnus
832 3558 1030 3598 coram
1055 3544 1330 3598 tondente
1352 3542 1477 3598 sine
1496 3558 1653 3607 voce,
1679 3542 1762 3598 sic
1796 3560 1907 3599 non
1943 3560 2079 3616 ape-

430 3630 548 3687 ruit
568 3647 631 3686 os
655 3632 934 3687 suum”.»
956 3632 1170 3687 Notum
1195 3635 1391 3686 autem
1411 3635 1501 3686 est
1523 3629 1753 3687 siluisse
1778 3631 2079 3688 Christum

424 3723 687 3790 tempore
717 3737 837 3775 suae
872 3719 1185 3791 passionis,
1219 3736 1352 3775 cum
1386 3718 1568 3775 Pilato
1598 3719 1924 3776 sisteretur.
1954 3746 1978 3769 υ
2017 3722 2077 3776 ln

425 3808 759 3865 humilitate
779 3808 907 3880 ejus
929 3809 1224 3879 judicium
1259 3809 1388 3880 ejus
1419 3809 1714 3864 sublatum
1748 3815 1835 3864 est
1861 3829 1873 3875 ;
1902 3826 2075 3882 gene-

425 3897 708 3955 rationem
743 3899 872 3968 ejus
902 3897 1033 3967 quis
1058 3898 1354 3953 enarrabit
1376 3896 1473 3952 3°?»
1503 3897 1723 3969 Nempe
1747 3915 1915 3953 nemo
1941 3898 2081 3954 divi-

424 3987 627 4045 nitatis
651 3987 1084 4061 generationem
1114 3987 1726 4059 potestnarrare.Nam
1750 3990 2078 4044 secundum

428 4094 664 4134 carnem
686 4076 985 4148 generatio
1010 4076 1221 4131 Christi
1249 4076 1348 4132 Dei
1374 4078 1554 4133 nostri
1580 4078 1952 4134 describitur.
1984 4079 2075 4134 Si~

427 4167 662 4240 quidem
689 4189 717 4217 «
744 4166 815 4221 ab
838 4166 1249 4238 iniquitatibus
1274 4166 1468 4238 populi
1489 4168 1701 4224 ductus
1723 4178 1805 4224 est
1828 4170 1895 4224 ad
1922 4186 2075 4225 mor-

424 4260 545 4311 tem
574 4257 644 4309 ³1.
680 4278 708 4305 ››
742 4255 1117 4312 Manifestum
1145 4256 1299 4312 enim
1329 4261 1413 4313 est
1445 4257 1739 4313 Christum
1776 4262 2075 4314 mortuum

424 4362 553 4401 esse
584 4362 687 4417 pro
719 4346 971 4417 peccatis
995 4346 1258 4401 mundi.«
1281 4347 1349 4402 Et
1373 4347 1524 4403 dabo
1549 4346 1732 4403 malos
1754 4364 1857 4419 pro
1878 4347 2075 4420 sepul-

423 4438 556 4490 tura
576 4434 704 4506 ejus
724 4434 1066 4490 3’.»Judasos
1087 4434 1354 4491 videlicet
1374 4435 1615 4491 tradidit
1635 4435 1929 4491 Romanis.
1948 4459 1975 4485 ‹‹
2010 4437 2077 4491 Et

422 4523 630 4579 divites
662 4541 763 4595 pro
798 4527 983 4579 morte
1016 4525 1145 4595 ejus
1174 4524 1275 4579 33.»
1311 4523 1425 4579 Cur
1455 4540 1715 4595 quaeso,o
1748 4523 2075 4596 propheta?

419 4611 522 4669 Dic
551 4613 721 4669 nobis
752 4617 969 4684 aperte,
1003 4614 1174 4684 cujus
1205 4614 1393 4686 gratia
1413 4612 1467 4667 ?«
1504 4613 1579 4670 Eo
1610 4614 1762 4685 quod
1795 4612 2074 4685 iniquita-

2193 3458 2331 3526 μῶν,
2363 3457 2459 3507 τοῦ
2486 3453 2614 3506 1⁸⁷ιοῦ
2643 3457 2740 3507 τοῦ
2770 3456 2925 3506 Θεοῦ’
2963 3478 2989 3503 ‹‹
3024 3453 3111 3514 Ὠς
3152 3446 3424 3527 πρόϐατον
3487 3448 3575 3505 ἐπὶ
3633 3452 3845 3527 σφαγὴν

2188 3539 2486 3616 ἤχθη,καὶ
2547 3541 2619 3601 ὡς
2677 3540 2846 3613 ἀμνὸς
2905 3540 3138 3595 ἐναντίον
3197 3544 3295 3595 τοῦ
3350 3539 3625 3613 κείραντος
3687 3538 3847 3593 αὐτὸν

2190 3628 2430 3707 ἄφωνος,
2458 3629 2630 3691 οὕτως
2664 3629 2762 3684 οὐκ
2792 3628 2998 3703 ἀνοίγει
3047 3629 3109 3684 τὸ
3160 3628 3335 3701 στόμα
3378 3630 3564 3685 αὑτοῦ.
3600 3653 3627 3680 ››
3661 3628 3843 3698 Δῆλον

2190 3716 2268 3792 δὲ,
2302 3718 2383 3774 ὅτι
2416 3718 2622 3774 ἐσιώπα
2661 3720 2688 3774 6
2730 3718 2957 3794 Χριστὸς
3018 3716 3241 3793 Πιλάτῳ
3296 3719 3698 3792 παριστάμενος
3757 3717 3846 3773 ἐπὶ

2187 3813 2283 3863 τοῦ
2331 3810 2532 3871 πάθους
2593 3808 2779 3864 αὐτοῦ.
2845 3833 2871 3859 ‹‹
2930 3813 3015 3862 Ἐν
3077 3811 3146 3880 τῇ
3198 3812 3516 3862 ταπεινώσει
3579 3806 3745 3863 αὐτοῦ
3806 3808 3841 3877 ἠ

2187 3899 2361 3974 κρίσις
2393 3898 2556 3953 αὐτοῦ
2587 3893 2753 3973 ᾔρθηο
2794 3898 2893 3966 τὴν
2949 3894 3007 3951 δέ
3055 3896 3235 3971 γενεάν
3288 3896 3451 3951 αξιτοῦ
3501 3897 3584 3958 τίς
3642 3893 3844 3973 διηγή-

2188 4008 2333 4042 σεται
2362 4007 2375 4058 ;
2413 4011 2441 4039 ››
2473 3988 2671 4064 Ἥγυυν
2699 3986 2799 4055 τὴν
2830 3993 2930 4056 τῆς
2963 3983 3221 4055 θεότητος
3269 3981 3446 4047 οὐδεὶς
3498 3982 3840 4061 διηγήσεται·

2185 4078 2321 4132 κατά
2378 4076 2547 4153 σάρκα
2599 4077 2703 4153 γὰρ
2760 4075 3166 4152 γενεαλογεῖται
3226 4074 3459 4151 Χριστὸς
3520 4075 3548 4129 ὸ
3608 4074 3735 4137 Θεὸς
3771 4076 3841 4144 ἠν

2192 4168 2324 4240 μῶν.
2361 4192 2388 4218 ‹‹
2420 4166 2552 4223 Ἀπὸ
2589 4190 2615 4217 ››
2644 4167 2745 4242 γὰρ
2785 4190 2809 4220 ι
2837 4169 2945 4221 τῶν
2980 4165 3223 4237 ἀνομιῶν
3260 4167 3358 4218 τοῦ
3390 4161 3529 4218 λαοῦ
3562 4160 3714 4239 ἤχθη
3764 4162 3844 4227 είς
3928 4164 3931 4165 ν

2187 4257 2434 4319 θάνατον.
2470 4280 2497 4307 ››
2533 4252 2819 4327 Πρόδηλον
2854 4250 2930 4325 δὲ,
2964 4251 3046 4307 ὅτι
3080 4252 3212 4327 ὑπὲρ
3255 4256 3364 4305 τῶν
3416 4252 3695 4326 ἁμαρτιῶν
3745 4257 3844 4306 τοῦ

2184 4343 2393 4417 κόσμου
2426 4343 2657 4419 Χριστὸς
2689 4342 2935 4405 ἀπέθανε.
2967 4365 2994 4393 ‹‹
3032 4339 3129 4397 Καὶ
3180 4337 3341 4395 δωσω
3383 4339 3510 4402 τοὺς
3561 4339 3843 4417 πονηροὺς

2185 4434 2297 4489 ἀντὶ
2356 4440 2455 4502 τῆς
2510 4440 2683 4512 ταφῆς
2717 4431 2900 4487 αὐτοῦ.
2935 4454 2962 4483 ι)
2999 4428 3194 4501 Δῆλον,
3229 4430 3311 4486 ὅτι
3361 4430 3489 4494 τοὺς
3544 4429 3841 4496 Ἰουδαίους

2184 4521 2465 4600 παρέδωκε
2492 4526 2610 4584 τοῖς
2656 4520 2951 4594 Ρωμαίοις.
2989 4544 3017 4572 ι(
3048 4518 3147 4576 Καὶ
3193 4519 3319 4583 τοὺς
3371 4519 3670 4584 πλουσίους
3720 4521 3843 4577 ἀντὶ

2182 4617 2278 4668 τοῦ
2308 4612 2537 4666 θανάτου
2566 4610 2750 4666 αὐτοῦ.
2788 4634 2815 4659 ››
2849 4609 2945 4664 Διά
3001 4609 3076 4677 τί,
3109 4608 3153 4663 ὦ
3184 4612 3474 4687 προφῆτα;
3508 4610 3643 4666 Εἰπὲ
3700 4613 3838 4684 ἡμῖν

419 4707 539 4756 tem
574 4718 689 4756 non
723 4702 942 4770 fecerit,
978 4720 1165 4774 neque
1212 4702 1383 4758 dolus
1415 4701 1472 4757 in
1505 4720 1602 4757 ore
1651 4701 1837 4772 ipsius
1871 4702 2065 4757 inven-

2186 4705 2494 4780 προφανῶς,
2545 4700 2687 4761 τίνος
2732 4700 2936 4775 χάριν;
2976 4725 2995 4750 ιι
3029 4700 3151 4755 "Ott
3204 4698 3471 4774 ἁμαρτίαν
3531 4699 3632 4755 οὐκ
3688 4699 3837 4756 ἐποί-

418 4795 516 4845 tus
538 4795 628 4845 est
647 4791 749 4846 3‘.»
782 4792 929 4848 251
960 4792 1103 4858 Quid
1132 4793 1200 4847 ad
1227 4792 1350 4848 haec
1372 4791 1811 4861 respondebunt
1838 4791 2072 4846 Judaei?

423 4879 566 4946 Quis
595 4878 790 4949 homo,
825 4882 979 4937 sicut
1031 4881 1174 4949 ovis,
1210 4881 1281 4937 ad
1332 4879 1681 4935 occisionem
1716 4880 1928 4935 ductus
1959 4886 2069 4948 est,

421 4968 518 5041 qui
555 4974 854 5040 peccatum
910 4988 1021 5025 non
1059 4970 1305 5025 fecerit?
1336 4969 1488 5024 Sane
1528 4969 1816 5025 neminem
1854 4970 2071 5041 peccati

420 5063 715 5131 expertem
772 5066 1047 5130 poterunt
1079 5059 1355 5129 indicare,
1391 5064 1597 5130 praster
1644 5058 1833 5114 solum
1886 5059 2069 5115 Deum

418 5148 716 5205 hominem
751 5149 990 5205 factum.

485 5240 539 5293 9.
573 5239 902 5294 Audiamus
950 5238 1125 5293 etiam
1160 5255 1285 5309 qum
1317 5238 1495 5295 habet
1543 5237 1811 5311 psalmus
1842 5239 2070 5295 tricesi-

415 5346 548 5385 mus
581 5334 827 5401 quartus
859 5330 929 5385 de
958 5328 1031 5384 iis
1064 5346 1191 5399 quae
1224 5329 1354 5384 falsi
1391 5325 1568 5385 testes
1591 5330 2071 5386 adversumChri-

414 5422 574 5473 stum
606 5418 907 5474 testificati
957 5424 1099 5474 sunt
1132 5435 1143 5472 :
1183 5441 1204 5470 α
1242 5419 1349 5482 Qui
1401 5419 1848 5475 insurrexerunt
1886 5419 1942 5473 in
1977 5435 2070 5475 me

409 5512 590 5564 testes
640 5507 848 5581 iniqui,
883 5525 1009 5580 quae
1059 5502 1401 5581 ignorabam
1452 5509 2063 5581 interrogabantme:

484 5739 530 5773 υ
562 5737 713 5795 Psal.
736 5755 859 5803 vm,
888 5741 943 5807 2,
975 5740 1028 5795 3.

413 5810 457 5845 ⁸ο
487 5810 631 5867 ibid.
664 5812 717 5867 8.
795 5812 835 5847 3‘
872 5813 1012 5868 ibid.

1108 5741 1152 5775 ’⁵
1184 5739 1334 5797 Psal.
1368 5759 1457 5797 xc.
1494 5741 1579 5796 10.

1089 5812 1135 5848 ³³
1166 5812 1309 5869 ibid.
1342 5813 1395 5869 9.
1474 5814 1518 5849 ‘3
1547 5812 1690 5869 ibid.
1728 5814 1811 5869 10.

1656 5741 1700 5775 τι
1731 5739 1882 5797 Psal.
1918 5756 1980 5806 ιι,
2015 5742 2065 5811 ι,
2097 5741 2152 5796 2.

1656 5814 1690 5869 ι.
1728 5814 1811 5869 ιο.
1889 5812 1934 5847 ει
1963 5813 2109 5869 ibid.

1963 5830 2109 5871 1010.

2182 4812 2330 4863 ησεν,
2363 4787 2488 4845 οὐδὲ
2540 4786 2704 4852 δόλος
2764 4789 2953 4865 εὑρέθη
3004 4787 3055 4843 ἐν
3100 4793 3179 4860 τῷ
3210 4787 3437 4860 στόματι
3494 4787 3676 4845 αὐτοῦ.
3716 4812 3742 4839 ι)
3774 4789 3837 4845 Τί

2180 4881 2318 4956 πρὸς
2368 4883 2535 4935 ταῦτα
2584 4878 2793 4953 ἐροῦσιν
2848 4879 2899 4933 οἱ
2932 4874 3356 4946 Ἰουδαῖοι;Τίς
3414 4873 3702 4955 ἅνθρωπος
3761 4879 3835 4941 ὡς

2181 4966 2453 5044 πρόϐατον
2488 4968 2574 5024 ἐπὶ
2609 4969 2818 5047 σφαγὴν
2869 4965 3046 5042 ἤχθη,
3080 4965 3346 5042 ἁμαρτίαν
3413 4967 3488 5040 μή
3550 4970 3787 5039 ποιήσας
3821 4987 3834 5037 ;

2180 5061 2306 5118 ἀλλ’
2338 5067 2436 5117 οὐκ
2467 5059 2657 5136 ἔχουσι
2690 5056 2858 5130 δεῖξαι
2889 5059 3173 5132 ἄνθρωπον
3226 5057 3603 5135 ἀναμάρτητον
3664 5059 3709 5114 εί
3758 5059 3834 5133 μή

2185 5150 2346 5225 μόνον
2373 5151 2463 5205 τὸν
2495 5150 2622 5204 Θεὸν
2645 5147 2934 5223 γενόμενον
2969 5148 3269 5220 ἄνθρωπον.

2250 5244 2303 5298 9.
2339 5238 2689 5311 Ἀκούσωμεν
2749 5235 2806 5292 δὲ
2863 5234 2953 5291 καὶ
3010 5236 3135 5311 περὶ
3185 5241 3293 5291 τῶν
3346 5234 3835 5314 ψευδομαρτύρων,

2179 5334 2285 5384 τῶν
2343 5329 2478 5384 κατὰ
2536 5331 2633 5382 τοῦ
2690 5328 2926 5399 Χριστοῦ
2982 5322 3638 5401 ψευδομαρτυρησάντων,
3692 5325 3835 5402 ψαλ-

2182 5423 2292 5491 μοῦ
2345 5415 2445 5474 λδ’·
2488 5440 2513 5471 ιι
2544 5416 2890 5478 Ἀναστάντες
2944 5436 3039 5486 μοι
3094 5412 3361 5492 μάρτυρες
3424 5411 3624 5487 ἄδικοι,
3656 5413 3691 5470 ἆ
3738 5418 3838 5473 οὐκ

2180 5506 2469 5583 ἐγίνωσκον
2502 5505 2731 5581 ἠρώτων
2788 5524 2901 5578 μοι·
2936 5498 3411 5558 ἀνταποδεδώκασί
3470 5524 3563 5576 μοι
3620 5505 3838 5580 πονηρά

2231 5741 2273 5776 '7
2308 5746 2416 5797 lea.
2451 5757 2535 5809 Ill,
2568 5740 2729 5809 9,10.
2808 5740 2851 5775 ³⁸
2881 5737 3036 5795 Psal.
3069 5754 3239 5806 CXLII,
3270 5740 3327 5794 2.
3404 5738 3451 5773 ²⁹
3479 5737 3589 5795 Isa.
3622 5754 3745 5809 un,
3774 5741 3833 5797 7.
