  <div class='ocr_page' id='page_1' title='image "/cluster/home/n/w/nwhite01/storage/ocr_20150623/28:no.4/coo.31924054873090/360.png"; bbox 0 0 4132 6370; ppageno 0'>
   <div class='ocr_carea' id='block_1_1' title="bbox 314 479 430 540">
    <p class='ocr_par' dir='ltr' id='par_1_1' title="bbox 314 479 430 540">
     <span class='ocr_line' id='line_1_1' title="bbox 314 479 430 540; baseline -0.017 0"><span class='ocrx_word' id='word_1_1' title='bbox 314 479 430 540; x_wconf 88' lang='grc'><strong>693</strong></span> 
     </span>
    </p>
   </div>
   <div class='ocr_carea' id='block_1_2' title="bbox 1267 469 2779 540">
    <p class='ocr_par' dir='ltr' id='par_1_2' title="bbox 1267 469 2779 540">
     <span class='ocr_line' id='line_1_2' title="bbox 1267 469 2779 540; baseline -0.001 -6"><span class='ocrx_word' id='word_1_2' title='bbox 1267 469 1782 540; x_wconf 70' lang='grc' dir='ltr'><strong>ΟΗᾸΞΞΤΙΟΝΕΞ</strong></span> <span class='ocrx_word' id='word_1_3' title='bbox 1826 469 1930 528; x_wconf 87' lang='lat' dir='ltr'><strong>AD</strong></span> <span class='ocrx_word' id='word_1_4' title='bbox 1973 469 2439 531; x_wconf 86' lang='lat' dir='ltr'><strong>ANTIOCHUM</strong></span> <span class='ocrx_word' id='word_1_5' title='bbox 2486 471 2779 532; x_wconf 84' lang='lat' dir='ltr'><strong>DUCEM.</strong></span> 
     </span>
    </p>
   </div>
   <div class='ocr_carea' id='block_1_3' title="bbox 3613 475 3732 535">
    <p class='ocr_par' dir='ltr' id='par_1_3' title="bbox 3613 475 3732 535">
     <span class='ocr_line' id='line_1_3' title="bbox 3613 475 3732 535; baseline -0.008 -1"><span class='ocrx_word' id='word_1_6' title='bbox 3613 475 3732 535; x_wconf 71' lang='grc'><strong>694</strong></span> 
     </span>
    </p>
   </div>
   <div class='ocr_carea' id='block_1_4' title="bbox 317 599 1961 680">
    <p class='ocr_par' dir='ltr' id='par_1_4' title="bbox 317 599 1961 680">
     <span class='ocr_line' id='line_1_4' title="bbox 317 599 1961 680; baseline -0.005 -17"><span class='ocrx_word' id='word_1_7' title='bbox 317 608 429 663; x_wconf 82' lang='grc' dir='ltr'>ἀντὶ</span> <span class='ocrx_word' id='word_1_8' title='bbox 461 608 699 680; x_wconf 80' lang='grc' dir='ltr'>ἀγαθῶν.</span> <span class='ocrx_word' id='word_1_9' title='bbox 738 629 765 656; x_wconf 76' lang='grc' dir='ltr'><strong>υ</strong></span> <span class='ocrx_word' id='word_1_10' title='bbox 798 603 1002 674; x_wconf 83' lang='grc' dir='ltr'>Δῆλον,</span> <span class='ocrx_word' id='word_1_11' title='bbox 1035 602 1117 658; x_wconf 77' lang='grc' dir='ltr'>ὅτι</span> <span class='ocrx_word' id='word_1_12' title='bbox 1149 603 1221 656; x_wconf 82' lang='grc' dir='ltr'>ὧν</span> <span class='ocrx_word' id='word_1_13' title='bbox 1258 603 1284 655; x_wconf 99' lang='lat'><strong>6</strong></span> <span class='ocrx_word' id='word_1_14' title='bbox 1336 603 1566 676; x_wconf 87' lang='grc' dir='ltr'>Χριστὸς</span> <span class='ocrx_word' id='word_1_15' title='bbox 1616 601 1665 655; x_wconf 86' lang='grc' dir='ltr'><strong>έν</strong></span> <span class='ocrx_word' id='word_1_16' title='bbox 1715 599 1795 672; x_wconf 81' lang='grc' dir='ltr'>τῷ</span> <span class='ocrx_word' id='word_1_17' title='bbox 1846 599 1961 671; x_wconf 88' lang='grc' dir='ltr'>λαῷ</span> 
     </span>
    </p>
   </div>
   <div class='ocr_carea' id='block_1_5' title="bbox 2074 599 3726 680">
    <p class='ocr_par' dir='ltr' id='par_1_5' title="bbox 2081 603 3726 677">
     <span class='ocr_line' id='line_1_5' title="bbox 2081 603 3726 677; baseline 0.004 -21"><span class='ocrx_word' id='word_1_18' title='bbox 2081 603 2486 659; x_wconf 87' lang='lat' dir='ltr'><strong>retribuebant</strong></span> <span class='ocrx_word' id='word_1_19' title='bbox 2518 604 2661 658; x_wconf 91' lang='lat' dir='ltr'><strong>mihi</strong></span> <span class='ocrx_word' id='word_1_20' title='bbox 2695 604 2850 660; x_wconf 88' lang='lat' dir='ltr'><strong>mala</strong></span> <span class='ocrx_word' id='word_1_21' title='bbox 2875 622 2977 677; x_wconf 89' lang='lat' dir='ltr'><strong>pro</strong></span> <span class='ocrx_word' id='word_1_22' title='bbox 3009 606 3176 661; x_wconf 89' lang='lat' dir='ltr'><strong>bonis</strong></span> <span class='ocrx_word' id='word_1_23' title='bbox 3196 606 3261 660; x_wconf 79' lang='grc'><strong>³⁸.</strong></span> <span class='ocrx_word' id='word_1_24' title='bbox 3295 626 3322 657; x_wconf 72' lang='grc' dir='ltr'>ι</span> <span class='ocrx_word' id='word_1_25' title='bbox 3366 607 3580 665; x_wconf 88' lang='lat' dir='ltr'><strong>Notum</strong></span> <span class='ocrx_word' id='word_1_26' title='bbox 3614 609 3726 664; x_wconf 88' lang='lat' dir='ltr'><strong>uti-</strong></span> 
     </span>
    </p>
   </div>
   <div class='ocr_carea' id='block_1_6' title="bbox 316 688 1964 770">
    <p class='ocr_par' dir='ltr' id='par_1_6' title="bbox 316 688 1964 770">
     <span class='ocr_line' id='line_1_6' title="bbox 316 688 1964 770; baseline -0.006 -18"><span class='ocrx_word' id='word_1_27' title='bbox 316 697 456 769; x_wconf 82' lang='grc' dir='ltr'>αύτῷ</span> <span class='ocrx_word' id='word_1_28' title='bbox 485 695 773 766; x_wconf 86' lang='grc' dir='ltr'>πεποίηκε·</span> <span class='ocrx_word' id='word_1_29' title='bbox 836 699 1051 770; x_wconf 80' lang='grc' dir='ltr'>πρῶτον</span> <span class='ocrx_word' id='word_1_30' title='bbox 1108 692 1200 764; x_wconf 81' lang='grc' dir='ltr'><strong>μὶν</strong></span> <span class='ocrx_word' id='word_1_31' title='bbox 1262 692 1360 760; x_wconf 79' lang='grc' dir='ltr'>τὴν</span> <span class='ocrx_word' id='word_1_32' title='bbox 1411 688 1590 761; x_wconf 75' lang='grc' dir='ltr'>ἔξοδον</span> <span class='ocrx_word' id='word_1_33' title='bbox 1643 689 1816 744; x_wconf 81' lang='grc' dir='ltr'>αὐτῶν</span> <span class='ocrx_word' id='word_1_34' title='bbox 1866 690 1964 758; x_wconf 76' lang='grc' dir='ltr'>τὴν</span> 
     </span>
    </p>
   </div>
   <div class='ocr_carea' id='block_1_7' title="bbox 316 777 1964 860">
    <p class='ocr_par' dir='ltr' id='par_1_7' title="bbox 316 777 1964 860">
     <span class='ocr_line' id='line_1_7' title="bbox 316 777 1964 860; baseline -0.006 -19"><span class='ocrx_word' id='word_1_35' title='bbox 316 786 365 857; x_wconf 76' lang='grc' dir='ltr'><strong>ἐξ</strong></span> <span class='ocrx_word' id='word_1_36' title='bbox 395 785 695 860; x_wconf 77' lang='grc' dir='ltr'>Αἰγύπτου,</span> <span class='ocrx_word' id='word_1_37' title='bbox 729 784 819 839; x_wconf 75' lang='grc' dir='ltr'><strong>καὶ</strong></span> <span class='ocrx_word' id='word_1_38' title='bbox 886 783 952 837; x_wconf 73' lang='grc' dir='ltr'>τὰ</span> <span class='ocrx_word' id='word_1_39' title='bbox 998 783 1167 837; x_wconf 75' lang='grc' dir='ltr'>λοιπὰ</span> <span class='ocrx_word' id='word_1_40' title='bbox 1219 781 1385 857; x_wconf 82' lang='grc' dir='ltr'>μύρια</span> <span class='ocrx_word' id='word_1_41' title='bbox 1433 779 1627 854; x_wconf 72' lang='grc' dir='ltr'>ἀγαθά,</span> <span class='ocrx_word' id='word_1_42' title='bbox 1682 779 1712 832; x_wconf 73' lang='grc' dir='ltr'>ἃ</span> <span class='ocrx_word' id='word_1_43' title='bbox 1766 778 1840 839; x_wconf 67' lang='grc' dir='ltr'><strong>εἷς</strong></span> <span class='ocrx_word' id='word_1_44' title='bbox 1873 777 1964 832; x_wconf 84' lang='grc' dir='ltr'>αύ-</span> 
     </span>
    </p>
   </div>
   <div class='ocr_carea' id='block_1_8' title="bbox 314 866 1967 952">
    <p class='ocr_par' dir='ltr' id='par_1_8' title="bbox 314 866 1967 952">
     <span class='ocr_line' id='line_1_8' title="bbox 314 866 1967 952; baseline -0.006 -22"><span class='ocrx_word' id='word_1_45' title='bbox 314 877 436 938; x_wconf 70' lang='lat'>106:</span> <span class='ocrx_word' id='word_1_46' title='bbox 469 875 774 952; x_wconf 74' lang='grc' dir='ltr'>εἰργάσατο,</span> <span class='ocrx_word' id='word_1_47' title='bbox 811 872 994 928; x_wconf 78' lang='grc' dir='ltr'>ἔπειτα</span> <span class='ocrx_word' id='word_1_48' title='bbox 1045 869 1102 926; x_wconf 74' lang='grc' dir='ltr'><strong>δὲ</strong></span> <span class='ocrx_word' id='word_1_49' title='bbox 1144 870 1271 933; x_wconf 77' lang='grc' dir='ltr'>τοῦς</span> <span class='ocrx_word' id='word_1_50' title='bbox 1318 876 1608 930; x_wconf 76' lang='grc' dir='ltr'>νοσοῦντας</span> <span class='ocrx_word' id='word_1_51' title='bbox 1657 868 1832 923; x_wconf 74' lang='grc' dir='ltr'>αὐτῶν</span> <span class='ocrx_word' id='word_1_52' title='bbox 1892 866 1967 921; x_wconf 76' lang='grc' dir='ltr'><strong>ἰάο</strong></span> 
     </span>
    </p>
   </div>
   <div class='ocr_carea' id='block_1_9' title="bbox 319 959 1962 1040">
    <p class='ocr_par' dir='ltr' id='par_1_9' title="bbox 319 959 1962 1040">
     <span class='ocr_line' id='line_1_9' title="bbox 319 959 1962 1040; baseline -0.006 -20"><span class='ocrx_word' id='word_1_53' title='bbox 319 987 466 1022; x_wconf 86' lang='grc' dir='ltr'>αατο.</span> <span class='ocrx_word' id='word_1_54' title='bbox 501 966 630 1040; x_wconf 84' lang='grc' dir='ltr'>Περὶ</span> <span class='ocrx_word' id='word_1_55' title='bbox 691 961 749 1018; x_wconf 73' lang='grc' dir='ltr'>δὲ</span> <span class='ocrx_word' id='word_1_56' title='bbox 805 968 913 1018; x_wconf 82' lang='grc' dir='ltr'><strong>τῶν</strong></span> <span class='ocrx_word' id='word_1_57' title='bbox 971 961 1427 1036; x_wconf 83' lang='grc' dir='ltr'>μαστιγωσάντων</span> <span class='ocrx_word' id='word_1_58' title='bbox 1482 959 1570 1013; x_wconf 78' lang='grc' dir='ltr'><strong>καὶ</strong></span> <span class='ocrx_word' id='word_1_59' title='bbox 1624 959 1962 1034; x_wconf 75' lang='grc' dir='ltr'>ραπισάντων</span> 
     </span>
    </p>
   </div>
   <div class='ocr_carea' id='block_1_10' title="bbox 318 1048 1965 1129">
    <p class='ocr_par' dir='ltr' id='par_1_10' title="bbox 318 1048 1965 1129">
     <span class='ocr_line' id='line_1_10' title="bbox 318 1048 1965 1129; baseline -0.007 -19"><span class='ocrx_word' id='word_1_60' title='bbox 318 1058 403 1110; x_wconf 85' lang='grc' dir='ltr'>τὸν</span> <span class='ocrx_word' id='word_1_61' title='bbox 439 1055 666 1129; x_wconf 83' lang='grc' dir='ltr'>Χριστὸν</span> <span class='ocrx_word' id='word_1_62' title='bbox 700 1051 925 1114; x_wconf 66' lang='grc' dir='ltr'>Ἡσαΐας</span> <span class='ocrx_word' id='word_1_63' title='bbox 973 1053 1000 1105; x_wconf 98' lang='lat'><strong>6</strong></span> <span class='ocrx_word' id='word_1_64' title='bbox 1030 1053 1320 1127; x_wconf 74' lang='grc' dir='ltr'>προφήτης</span> <span class='ocrx_word' id='word_1_65' title='bbox 1352 1050 1424 1111; x_wconf 82' lang='grc' dir='ltr'>ὡς</span> <span class='ocrx_word' id='word_1_66' title='bbox 1459 1049 1516 1103; x_wconf 78' lang='grc' dir='ltr'>ἐκ</span> <span class='ocrx_word' id='word_1_67' title='bbox 1542 1048 1843 1123; x_wconf 83' lang='grc' dir='ltr'>προσώπου</span> <span class='ocrx_word' id='word_1_68' title='bbox 1869 1050 1965 1100; x_wconf 90' lang='grc' dir='ltr'><strong>τοῦ</strong></span> 
     </span>
    </p>
   </div>
   <div class='ocr_carea' id='block_1_11' title="bbox 315 1135 1963 1220">
    <p class='ocr_par' dir='ltr' id='par_1_11' title="bbox 315 1135 1963 1220">
     <span class='ocr_line' id='line_1_11' title="bbox 315 1135 1963 1220; baseline -0.007 -21"><span class='ocrx_word' id='word_1_69' title='bbox 315 1149 543 1220; x_wconf 84' lang='grc' dir='ltr'>Χριστοῦ</span> <span class='ocrx_word' id='word_1_70' title='bbox 570 1143 744 1204; x_wconf 68' lang='grc' dir='ltr'>οὕτως</span> <span class='ocrx_word' id='word_1_71' title='bbox 779 1141 931 1219; x_wconf 74' lang='grc' dir='ltr'>φησί’</span> <span class='ocrx_word' id='word_1_72' title='bbox 968 1166 994 1193; x_wconf 84' lang='grc'><strong>‹‹</strong></span> <span class='ocrx_word' id='word_1_73' title='bbox 1028 1141 1134 1196; x_wconf 85' lang='grc' dir='ltr'>Τὸν</span> <span class='ocrx_word' id='word_1_74' title='bbox 1169 1139 1337 1194; x_wconf 80' lang='grc' dir='ltr'>νῶτόν</span> <span class='ocrx_word' id='word_1_75' title='bbox 1376 1160 1479 1212; x_wconf 91' lang='grc' dir='ltr'><strong>μου</strong></span> <span class='ocrx_word' id='word_1_76' title='bbox 1514 1135 1720 1192; x_wconf 83' lang='grc' dir='ltr'>δέδωκα</span> <span class='ocrx_word' id='word_1_77' title='bbox 1752 1136 1826 1196; x_wconf 81' lang='grc' dir='ltr'><strong>εἷς</strong></span> <span class='ocrx_word' id='word_1_78' title='bbox 1862 1136 1963 1207; x_wconf 88' lang='grc' dir='ltr'>μά-</span> 
     </span>
    </p>
   </div>
   <div class='ocr_carea' id='block_1_12' title="bbox 317 1221 1964 1309">
    <p class='ocr_par' dir='ltr' id='par_1_12' title="bbox 317 1221 1964 1309">
     <span class='ocr_line' id='line_1_12' title="bbox 317 1221 1964 1309; baseline -0.006 -20"><span class='ocrx_word' id='word_1_79' title='bbox 317 1255 517 1309; x_wconf 88' lang='grc' dir='ltr'>στιγας,</span> <span class='ocrx_word' id='word_1_80' title='bbox 572 1234 666 1294; x_wconf 73' lang='grc' dir='ltr'>τὰς</span> <span class='ocrx_word' id='word_1_81' title='bbox 719 1229 776 1286; x_wconf 73' lang='grc' dir='ltr'><strong>δὲ</strong></span> <span class='ocrx_word' id='word_1_82' title='bbox 830 1230 1080 1305; x_wconf 81' lang='grc' dir='ltr'>σιαγόνας</span> <span class='ocrx_word' id='word_1_83' title='bbox 1145 1251 1249 1302; x_wconf 90' lang='grc' dir='ltr'><strong>μου</strong></span> <span class='ocrx_word' id='word_1_84' title='bbox 1297 1229 1369 1289; x_wconf 77' lang='grc' dir='ltr'>εἷς</span> <span class='ocrx_word' id='word_1_85' title='bbox 1430 1227 1759 1304; x_wconf 70' lang='grc' dir='ltr'>ῥαπίσματα,</span> <span class='ocrx_word' id='word_1_86' title='bbox 1815 1227 1876 1278; x_wconf 89' lang='grc' dir='ltr'>τὸ</span> <span class='ocrx_word' id='word_1_87' title='bbox 1909 1221 1964 1279; x_wconf 81' lang='grc' dir='ltr'><strong>δέ</strong></span> 
     </span>
    </p>
   </div>
   <div class='ocr_carea' id='block_1_13' title="bbox 319 1314 1961 1397">
    <p class='ocr_par' dir='ltr' id='par_1_13' title="bbox 319 1314 1961 1397">
     <span class='ocr_line' id='line_1_13' title="bbox 319 1314 1961 1397; baseline -0.007 -20"><span class='ocrx_word' id='word_1_88' title='bbox 319 1323 599 1397; x_wconf 87' lang='grc' dir='ltr'>πρόσωπόν</span> <span class='ocrx_word' id='word_1_89' title='bbox 642 1343 746 1394; x_wconf 91' lang='grc' dir='ltr'><strong>μου</strong></span> <span class='ocrx_word' id='word_1_90' title='bbox 799 1320 897 1374; x_wconf 85' lang='grc' dir='ltr'><strong>ούκ</strong></span> <span class='ocrx_word' id='word_1_91' title='bbox 946 1320 1254 1392; x_wconf 74' lang='grc' dir='ltr'>ἀπέστρεψα</span> <span class='ocrx_word' id='word_1_92' title='bbox 1303 1318 1408 1371; x_wconf 84' lang='grc' dir='ltr'><strong>ἀπὸ</strong></span> <span class='ocrx_word' id='word_1_93' title='bbox 1462 1316 1726 1391; x_wconf 76' lang='grc' dir='ltr'>αἰσχύνης</span> <span class='ocrx_word' id='word_1_94' title='bbox 1760 1314 1961 1386; x_wconf 80' lang='grc' dir='ltr'>ἐμπτυ-</span> 
     </span>
    </p>
   </div>
   <div class='ocr_carea' id='block_1_14' title="bbox 323 1400 1965 1485">
    <p class='ocr_par' dir='ltr' id='par_1_14' title="bbox 323 1400 1965 1485">
     <span class='ocr_line' id='line_1_14' title="bbox 323 1400 1965 1485; baseline -0.007 -18"><span class='ocrx_word' id='word_1_95' title='bbox 323 1411 554 1485; x_wconf 79' lang='grc' dir='ltr'>σμάτων.</span> <span class='ocrx_word' id='word_1_96' title='bbox 615 1435 642 1462; x_wconf 76' lang='grc' dir='ltr'>(ι</span> <span class='ocrx_word' id='word_1_97' title='bbox 699 1409 938 1482; x_wconf 80' lang='grc' dir='ltr'>Ὁμοίως</span> <span class='ocrx_word' id='word_1_98' title='bbox 997 1407 1054 1462; x_wconf 71' lang='grc' dir='ltr'><strong>δὲ</strong></span> <span class='ocrx_word' id='word_1_99' title='bbox 1101 1408 1191 1462; x_wconf 85' lang='grc' dir='ltr'><strong>καὶ</strong></span> <span class='ocrx_word' id='word_1_100' title='bbox 1247 1409 1274 1460; x_wconf 75' lang='lat'><strong>6</strong></span> <span class='ocrx_word' id='word_1_101' title='bbox 1328 1409 1619 1480; x_wconf 78' lang='grc' dir='ltr'>προφήτης</span> <span class='ocrx_word' id='word_1_102' title='bbox 1685 1400 1850 1458; x_wconf 71' lang='grc' dir='ltr'>Δαϐὶδ</span> <span class='ocrx_word' id='word_1_103' title='bbox 1907 1402 1965 1456; x_wconf 81' lang='grc' dir='ltr'>ἐκ</span> 
     </span>
    </p>
   </div>
   <div class='ocr_carea' id='block_1_15' title="bbox 324 1494 1962 1575">
    <p class='ocr_par' dir='ltr' id='par_1_15' title="bbox 324 1494 1962 1575">
     <span class='ocr_line' id='line_1_15' title="bbox 324 1494 1962 1575; baseline -0.005 -21"><span class='ocrx_word' id='word_1_104' title='bbox 324 1503 612 1575; x_wconf 81' lang='grc' dir='ltr'>προσώπου</span> <span class='ocrx_word' id='word_1_105' title='bbox 641 1505 739 1554; x_wconf 88' lang='grc' dir='ltr'><strong>τοῦ</strong></span> <span class='ocrx_word' id='word_1_106' title='bbox 771 1501 1005 1574; x_wconf 75' lang='grc' dir='ltr'>Χριστοῦ</span> <span class='ocrx_word' id='word_1_107' title='bbox 1053 1497 1104 1552; x_wconf 84' lang='grc' dir='ltr'><strong>ἐν</strong></span> <span class='ocrx_word' id='word_1_108' title='bbox 1159 1496 1238 1566; x_wconf 84' lang='grc' dir='ltr'><strong>λζ’</strong></span> <span class='ocrx_word' id='word_1_109' title='bbox 1287 1496 1493 1569; x_wconf 68' lang='grc' dir='ltr'>ψαλμῷ</span> <span class='ocrx_word' id='word_1_110' title='bbox 1543 1494 1711 1569; x_wconf 79' lang='grc' dir='ltr'>λέγει’</span> <span class='ocrx_word' id='word_1_111' title='bbox 1766 1518 1792 1544; x_wconf 83' lang='grc'><strong>‹‹</strong></span> <span class='ocrx_word' id='word_1_112' title='bbox 1842 1495 1962 1546; x_wconf 88' lang='grc' dir='ltr'><strong>Ὅτι</strong></span> 
     </span>
    </p>
   </div>
   <div class='ocr_carea' id='block_1_16' title="bbox 323 1580 1961 1665">
    <p class='ocr_par' dir='ltr' id='par_1_16' title="bbox 323 1580 1961 1665">
     <span class='ocr_line' id='line_1_16' title="bbox 323 1580 1961 1665; baseline -0.006 -21"><span class='ocrx_word' id='word_1_113' title='bbox 323 1590 430 1665; x_wconf 81' lang='grc' dir='ltr'>ἐγὼ</span> <span class='ocrx_word' id='word_1_114' title='bbox 480 1589 551 1651; x_wconf 83' lang='grc' dir='ltr'><strong>είς</strong></span> <span class='ocrx_word' id='word_1_115' title='bbox 606 1591 866 1664; x_wconf 84' lang='grc' dir='ltr'>μάστιγας</span> <span class='ocrx_word' id='word_1_116' title='bbox 920 1588 1162 1660; x_wconf 81' lang='grc' dir='ltr'>ἕτοιμος,</span> <span class='ocrx_word' id='word_1_117' title='bbox 1212 1585 1303 1640; x_wconf 79' lang='grc' dir='ltr'><strong>καὶ</strong></span> <span class='ocrx_word' id='word_1_118' title='bbox 1439 1582 1660 1654; x_wconf 77' lang='grc' dir='ltr'>ἀληδών</span> <span class='ocrx_word' id='word_1_119' title='bbox 1728 1605 1832 1656; x_wconf 83' lang='grc' dir='ltr'><strong>μου</strong></span> <span class='ocrx_word' id='word_1_120' title='bbox 1879 1580 1961 1636; x_wconf 84' lang='grc' dir='ltr'>ἐν·</span> 
     </span>
    </p>
   </div>
   <div class='ocr_carea' id='block_1_17' title="bbox 317 1670 1959 1752">
    <p class='ocr_par' dir='ltr' id='par_1_17' title="bbox 317 1670 1959 1752">
     <span class='ocr_line' id='line_1_17' title="bbox 317 1670 1959 1752; baseline -0.005 -19"><span class='ocrx_word' id='word_1_121' title='bbox 317 1679 484 1733; x_wconf 88' lang='grc' dir='ltr'>ώπιόν</span> <span class='ocrx_word' id='word_1_122' title='bbox 519 1680 623 1752; x_wconf 86' lang='grc' dir='ltr'><strong>μού</strong></span> <span class='ocrx_word' id='word_1_123' title='bbox 653 1677 759 1732; x_wconf 82' lang='grc' dir='ltr'>ἐστι</span> <span class='ocrx_word' id='word_1_124' title='bbox 796 1675 882 1732; x_wconf 76' lang='grc' dir='ltr'>διὰ</span> <span class='ocrx_word' id='word_1_125' title='bbox 911 1677 1186 1740; x_wconf 80' lang='grc' dir='ltr'>παντός.»</span> <span class='ocrx_word' id='word_1_126' title='bbox 1221 1675 1350 1751; x_wconf 82' lang='grc' dir='ltr'>Περὶ</span> <span class='ocrx_word' id='word_1_127' title='bbox 1402 1673 1459 1730; x_wconf 74' lang='grc' dir='ltr'><strong>δὲ</strong></span> <span class='ocrx_word' id='word_1_128' title='bbox 1502 1678 1614 1747; x_wconf 87' lang='grc'>(77)</span> <span class='ocrx_word' id='word_1_129' title='bbox 1664 1677 1762 1738; x_wconf 77' lang='grc' dir='ltr'>τῆς</span> <span class='ocrx_word' id='word_1_130' title='bbox 1821 1670 1959 1745; x_wconf 83' lang='grc' dir='ltr'>πρά-</span> 
     </span>
    </p>
   </div>
   <div class='ocr_carea' id='block_1_18' title="bbox 315 1759 1959 1843">
    <p class='ocr_par' dir='ltr' id='par_1_18' title="bbox 315 1759 1959 1843">
     <span class='ocr_line' id='line_1_18' title="bbox 315 1759 1959 1843; baseline -0.006 -21"><span class='ocrx_word' id='word_1_131' title='bbox 315 1789 446 1829; x_wconf 87' lang='grc' dir='ltr'>σεως</span> <span class='ocrx_word' id='word_1_132' title='bbox 470 1772 566 1822; x_wconf 87' lang='grc' dir='ltr'><strong>τοῦ</strong></span> <span class='ocrx_word' id='word_1_133' title='bbox 596 1772 830 1840; x_wconf 77' lang='grc' dir='ltr'>Χριστοῦ</span> <span class='ocrx_word' id='word_1_134' title='bbox 881 1765 1024 1843; x_wconf 92' lang='grc' dir='ltr'>λέγει</span> <span class='ocrx_word' id='word_1_135' title='bbox 1074 1766 1334 1840; x_wconf 79' lang='grc' dir='ltr'>Ἱερεμίας</span> <span class='ocrx_word' id='word_1_136' title='bbox 1391 1767 1416 1818; x_wconf 90' lang='lat'><strong>6</strong></span> <span class='ocrx_word' id='word_1_137' title='bbox 1459 1765 1770 1841; x_wconf 54' lang='grc' dir='ltr'>προφήτης</span> <span class='ocrx_word' id='word_1_138' title='bbox 1799 1786 1824 1813; x_wconf 92' lang='grc'><strong>‹‹</strong></span> <span class='ocrx_word' id='word_1_139' title='bbox 1863 1759 1959 1814; x_wconf 81' lang='grc' dir='ltr'><strong>Καὶ</strong></span> 
     </span>
    </p>
   </div>
   <div class='ocr_carea' id='block_1_19' title="bbox 309 1851 1962 1932">
    <p class='ocr_par' dir='ltr' id='par_1_19' title="bbox 309 1851 1962 1932">
     <span class='ocr_line' id='line_1_19' title="bbox 309 1851 1962 1932; baseline -0.004 -22"><span class='ocrx_word' id='word_1_140' title='bbox 309 1851 502 1911; x_wconf 69' lang='grc' dir='ltr'>ἔλαϐον</span> <span class='ocrx_word' id='word_1_141' title='bbox 531 1857 598 1912; x_wconf 79' lang='grc' dir='ltr'>τὰ</span> <span class='ocrx_word' id='word_1_142' title='bbox 625 1856 918 1932; x_wconf 82' lang='grc' dir='ltr'>τριάκοντα</span> <span class='ocrx_word' id='word_1_143' title='bbox 944 1855 1193 1932; x_wconf 80' lang='grc' dir='ltr'>ἀργύρια,</span> <span class='ocrx_word' id='word_1_144' title='bbox 1225 1857 1322 1922; x_wconf 75' lang='grc' dir='ltr'>τὴν</span> <span class='ocrx_word' id='word_1_145' title='bbox 1367 1855 1535 1927; x_wconf 72' lang='grc' dir='ltr'>τιμὴν</span> <span class='ocrx_word' id='word_1_146' title='bbox 1592 1857 1688 1906; x_wconf 91' lang='grc' dir='ltr'><strong>τοῦ</strong></span> <span class='ocrx_word' id='word_1_147' title='bbox 1736 1871 1962 1922; x_wconf 85' lang='grc' dir='ltr'>τετιμη-</span> 
     </span>
    </p>
   </div>
   <div class='ocr_carea' id='block_1_20' title="bbox 313 1939 2040 2048">
    <p class='ocr_par' dir='ltr' id='par_1_20' title="bbox 313 1939 2040 2048">
     <span class='ocr_line' id='line_1_20' title="bbox 313 1939 2040 2048; baseline -0.005 -48"><span class='ocrx_word' id='word_1_148' title='bbox 313 1947 496 2019; x_wconf 84' lang='grc' dir='ltr'>μένου,</span> <span class='ocrx_word' id='word_1_149' title='bbox 530 1945 587 2001; x_wconf 76' lang='grc' dir='ltr'>ὅν</span> <span class='ocrx_word' id='word_1_150' title='bbox 629 1945 956 2018; x_wconf 76' lang='grc' dir='ltr'>ἐτιμήσαντο</span> <span class='ocrx_word' id='word_1_151' title='bbox 990 1945 1095 1999; x_wconf 85' lang='grc' dir='ltr'><strong>ἀπὸ</strong></span> <span class='ocrx_word' id='word_1_152' title='bbox 1137 1946 1266 1998; x_wconf 74' lang='grc' dir='ltr'>υἱῶν</span> <span class='ocrx_word' id='word_1_153' title='bbox 1319 1943 1562 2019; x_wconf 76' lang='grc' dir='ltr'>Ἰσραὴλ,</span> <span class='ocrx_word' id='word_1_154' title='bbox 1615 1941 1703 1996; x_wconf 86' lang='grc' dir='ltr'><strong>καὶ</strong></span> <span class='ocrx_word' id='word_1_155' title='bbox 1754 1939 1957 1996; x_wconf 81' lang='grc' dir='ltr'>ἔδωκαν</span> <span class='ocrx_word' id='word_1_156' title='bbox 1993 1983 2040 2048; x_wconf 85' lang='grc' dir='ltr'>Β</span> 
     </span>
     <span class='ocr_line' id='line_1_21' title="bbox 351 2031 1823 2048; baseline 0 0"><span class='ocrx_word' id='word_1_157' title='bbox 351 2034 362 2048; x_wconf 91' lang='grc'><strong>.</strong></span> <span class='ocrx_word' id='word_1_158' title='bbox 416 2036 428 2048; x_wconf 78' lang='lat'><strong>.</strong></span> <span class='ocrx_word' id='word_1_159' title='bbox 493 2037 506 2048; x_wconf 93' lang='lat'><strong>.</strong></span> <span class='ocrx_word' id='word_1_160' title='bbox 610 2037 621 2048; x_wconf 86' lang='lat'><strong>.</strong></span> <span class='ocrx_word' id='word_1_161' title='bbox 706 2037 717 2048; x_wconf 91' lang='lat'><strong>.</strong></span> <span class='ocrx_word' id='word_1_162' title='bbox 803 2037 815 2048; x_wconf 56' lang='grc' dir='ltr'><strong>ι</strong></span> <span class='ocrx_word' id='word_1_163' title='bbox 975 2039 1000 2048; x_wconf 74' lang='grc'><strong>-</strong></span> <span class='ocrx_word' id='word_1_164' title='bbox 1222 2033 1231 2048; x_wconf 91' lang='grc'><strong><em>,</em></strong></span> <span class='ocrx_word' id='word_1_165' title='bbox 1450 2034 1501 2048; x_wconf 60' lang='grc' dir='ltr'>,ι</span> <span class='ocrx_word' id='word_1_166' title='bbox 1692 2032 1700 2046; x_wconf 71' lang='grc' dir='ltr'><strong>ι</strong></span> <span class='ocrx_word' id='word_1_167' title='bbox 1781 2031 1823 2048; x_wconf 75' lang='grc' dir='ltr'>,ι</span> 
     </span>
    </p>
   </div>
   <div class='ocr_carea' id='block_1_21' title="bbox 306 2031 1959 2112">
    <p class='ocr_par' dir='ltr' id='par_1_21' title="bbox 306 2031 1959 2112">
     <span class='ocr_line' id='line_1_22' title="bbox 306 2031 1959 2112; baseline -0.005 -22"><span class='ocrx_word' id='word_1_168' title='bbox 306 2034 438 2090; x_wconf 77' lang='grc' dir='ltr'>αὐτὰ</span> <span class='ocrx_word' id='word_1_169' title='bbox 464 2037 539 2098; x_wconf 82' lang='grc' dir='ltr'>εἰς</span> <span class='ocrx_word' id='word_1_170' title='bbox 569 2037 660 2091; x_wconf 85' lang='grc' dir='ltr'>τὸν</span> <span class='ocrx_word' id='word_1_171' title='bbox 695 2037 855 2112; x_wconf 74' lang='grc' dir='ltr'>ἀγρὸν</span> <span class='ocrx_word' id='word_1_172' title='bbox 908 2039 1004 2090; x_wconf 88' lang='grc' dir='ltr'><strong>τυῦ</strong></span> <span class='ocrx_word' id='word_1_173' title='bbox 1036 2033 1340 2109; x_wconf 87' lang='grc' dir='ltr'>κεραμέως,</span> <span class='ocrx_word' id='word_1_174' title='bbox 1373 2034 1550 2096; x_wconf 84' lang='grc' dir='ltr'>καθὼς</span> <span class='ocrx_word' id='word_1_175' title='bbox 1591 2031 1831 2100; x_wconf 81' lang='grc' dir='ltr'>συνέταξέ</span> <span class='ocrx_word' id='word_1_176' title='bbox 1867 2050 1959 2101; x_wconf 94' lang='grc' dir='ltr'><strong>μοι</strong></span> 
     </span>
    </p>
   </div>
   <div class='ocr_carea' id='block_1_22' title="bbox 317 2117 1960 2200">
    <p class='ocr_par' dir='ltr' id='par_1_22' title="bbox 317 2117 1960 2200">
     <span class='ocr_line' id='line_1_23' title="bbox 317 2117 1960 2200; baseline -0.004 -23"><span class='ocrx_word' id='word_1_177' title='bbox 317 2123 532 2200; x_wconf 85' lang='grc' dir='ltr'>Κύριος.</span> <span class='ocrx_word' id='word_1_178' title='bbox 589 2148 616 2175; x_wconf 87' lang='grc'><strong>››</strong></span> <span class='ocrx_word' id='word_1_179' title='bbox 672 2126 814 2199; x_wconf 83' lang='grc' dir='ltr'><strong>Ἀρα</strong></span> <span class='ocrx_word' id='word_1_180' title='bbox 870 2121 1030 2178; x_wconf 81' lang='grc' dir='ltr'>τοῦτο</span> <span class='ocrx_word' id='word_1_181' title='bbox 1092 2123 1542 2198; x_wconf 73' lang='grc' dir='ltr'>παραγράψασθαι</span> <span class='ocrx_word' id='word_1_182' title='bbox 1612 2117 1855 2188; x_wconf 76' lang='grc' dir='ltr'>δύνασθε,</span> <span class='ocrx_word' id='word_1_183' title='bbox 1917 2118 1960 2170; x_wconf 83' lang='grc' dir='ltr'><em>ὦ</em></span> 
     </span>
    </p>
   </div>
   <div class='ocr_carea' id='block_1_23' title="bbox 315 2206 1964 2291">
    <p class='ocr_par' dir='ltr' id='par_1_23' title="bbox 315 2206 1964 2291">
     <span class='ocr_line' id='line_1_24' title="bbox 315 2206 1964 2291; baseline -0.007 -19"><span class='ocrx_word' id='word_1_184' title='bbox 315 2213 738 2289; x_wconf 79' lang='grc' dir='ltr'>Ἰουδαῖοι,ὅπερ</span> <span class='ocrx_word' id='word_1_185' title='bbox 771 2214 877 2290; x_wconf 84' lang='grc' dir='ltr'><strong>πρὸ</strong></span> <span class='ocrx_word' id='word_1_186' title='bbox 911 2212 1210 2291; x_wconf 78' lang='grc' dir='ltr'>ὀφθαλμῶν</span> <span class='ocrx_word' id='word_1_187' title='bbox 1244 2212 1439 2273; x_wconf 87' lang='grc' dir='ltr'>παντὸς</span> <span class='ocrx_word' id='word_1_188' title='bbox 1469 2215 1566 2265; x_wconf 89' lang='grc' dir='ltr'><strong>τοῦ</strong></span> <span class='ocrx_word' id='word_1_189' title='bbox 1595 2209 1806 2280; x_wconf 84' lang='grc' dir='ltr'>κόσμου</span> <span class='ocrx_word' id='word_1_190' title='bbox 1835 2206 1964 2280; x_wconf 83' lang='grc' dir='ltr'>πρό-</span> 
     </span>
    </p>
   </div>
   <div class='ocr_carea' id='block_1_24' title="bbox 312 2297 1961 2378">
    <p class='ocr_par' dir='ltr' id='par_1_24' title="bbox 312 2297 1961 2378">
     <span class='ocr_line' id='line_1_25' title="bbox 312 2297 1961 2378; baseline -0.006 -18"><span class='ocrx_word' id='word_1_191' title='bbox 312 2326 492 2360; x_wconf 89' lang='grc' dir='ltr'>πειται</span> <span class='ocrx_word' id='word_1_192' title='bbox 547 2300 730 2359; x_wconf 81' lang='grc' dir='ltr'>ἔκτοτε</span> <span class='ocrx_word' id='word_1_193' title='bbox 776 2303 864 2358; x_wconf 79' lang='grc' dir='ltr'><strong>καὶ</strong></span> <span class='ocrx_word' id='word_1_194' title='bbox 930 2301 1094 2378; x_wconf 84' lang='grc' dir='ltr'>μέχρι</span> <span class='ocrx_word' id='word_1_195' title='bbox 1152 2306 1248 2356; x_wconf 92' lang='grc' dir='ltr'><strong>τοῦ</strong></span> <span class='ocrx_word' id='word_1_196' title='bbox 1299 2306 1388 2355; x_wconf 90' lang='grc' dir='ltr'><strong>νῦν</strong></span> <span class='ocrx_word' id='word_1_197' title='bbox 1418 2320 1430 2370; x_wconf 87' lang='grc'>;</span> <span class='ocrx_word' id='word_1_198' title='bbox 1463 2299 1604 2375; x_wconf 81' lang='grc' dir='ltr'>λέγω</span> <span class='ocrx_word' id='word_1_199' title='bbox 1638 2297 1704 2368; x_wconf 79' lang='grc' dir='ltr'>δὴ</span> <span class='ocrx_word' id='word_1_200' title='bbox 1739 2300 1766 2352; x_wconf 88' lang='lat'><strong>6</strong></span> <span class='ocrx_word' id='word_1_201' title='bbox 1799 2297 1961 2373; x_wconf 84' lang='grc' dir='ltr'>ἀγρὸς</span> 
     </span>
    </p>
   </div>
   <div class='ocr_carea' id='block_1_25' title="bbox 310 2385 1962 2469">
    <p class='ocr_par' dir='ltr' id='par_1_25' title="bbox 310 2385 1962 2469">
     <span class='ocr_line' id='line_1_26' title="bbox 310 2385 1962 2469; baseline -0.005 -21"><span class='ocrx_word' id='word_1_202' title='bbox 310 2399 406 2448; x_wconf 90' lang='grc' dir='ltr'><strong>τοῦ</strong></span> <span class='ocrx_word' id='word_1_203' title='bbox 438 2395 718 2467; x_wconf 83' lang='grc' dir='ltr'>κεραμέως</span> <span class='ocrx_word' id='word_1_204' title='bbox 767 2392 844 2454; x_wconf 83' lang='grc' dir='ltr'><strong>είς</strong></span> <span class='ocrx_word' id='word_1_205' title='bbox 885 2393 1061 2469; x_wconf 71' lang='grc' dir='ltr'>ταφὴν</span> <span class='ocrx_word' id='word_1_206' title='bbox 1106 2396 1221 2451; x_wconf 84' lang='grc' dir='ltr'>τοῖς</span> <span class='ocrx_word' id='word_1_207' title='bbox 1252 2389 1442 2462; x_wconf 83' lang='grc' dir='ltr'>ξένοις.</span> <span class='ocrx_word' id='word_1_208' title='bbox 1481 2389 1753 2450; x_wconf 72' lang='grc' dir='ltr'>Ὡσαύτως</span> <span class='ocrx_word' id='word_1_209' title='bbox 1787 2385 1844 2442; x_wconf 73' lang='grc' dir='ltr'><strong>δὲ</strong></span> <span class='ocrx_word' id='word_1_210' title='bbox 1873 2387 1962 2441; x_wconf 83' lang='grc' dir='ltr'><strong>καὶ</strong></span> 
     </span>
    </p>
   </div>
   <div class='ocr_carea' id='block_1_26' title="bbox 310 2477 1964 2559">
    <p class='ocr_par' dir='ltr' id='par_1_26' title="bbox 310 2477 1964 2559">
     <span class='ocr_line' id='line_1_27' title="bbox 310 2477 1964 2559; baseline -0.004 -22"><span class='ocrx_word' id='word_1_211' title='bbox 310 2482 586 2558; x_wconf 78' lang='grc' dir='ltr'>Ζαχαρίας</span> <span class='ocrx_word' id='word_1_212' title='bbox 617 2484 645 2536; x_wconf 91' lang='lat'><strong>6</strong></span> <span class='ocrx_word' id='word_1_213' title='bbox 675 2483 968 2559; x_wconf 69' lang='grc' dir='ltr'>προφήτης</span> <span class='ocrx_word' id='word_1_214' title='bbox 1005 2479 1147 2555; x_wconf 82' lang='grc' dir='ltr'>λέγει</span> <span class='ocrx_word' id='word_1_215' title='bbox 1201 2480 1324 2554; x_wconf 86' lang='grc' dir='ltr'>περὶ</span> <span class='ocrx_word' id='word_1_216' title='bbox 1371 2485 1478 2532; x_wconf 82' lang='grc' dir='ltr'><strong>τῶν</strong></span> <span class='ocrx_word' id='word_1_217' title='bbox 1523 2477 1812 2552; x_wconf 82' lang='grc' dir='ltr'>τριάκοντα</span> <span class='ocrx_word' id='word_1_218' title='bbox 1869 2477 1964 2552; x_wconf 86' lang='grc' dir='ltr'><strong>ἀρ-</strong></span> 
     </span>
    </p>
   </div>
   <div class='ocr_carea' id='block_1_27' title="bbox 311 2563 1960 2646">
    <p class='ocr_par' dir='ltr' id='par_1_27' title="bbox 311 2563 1960 2646">
     <span class='ocr_line' id='line_1_28' title="bbox 311 2563 1960 2646; baseline -0.004 -23"><span class='ocrx_word' id='word_1_219' title='bbox 311 2569 518 2646; x_wconf 87' lang='grc' dir='ltr'>γυρίων</span> <span class='ocrx_word' id='word_1_220' title='bbox 553 2570 626 2631; x_wconf 87' lang='grc' dir='ltr'>ὡς</span> <span class='ocrx_word' id='word_1_221' title='bbox 657 2569 716 2624; x_wconf 86' lang='grc' dir='ltr'><strong>έκ</strong></span> <span class='ocrx_word' id='word_1_222' title='bbox 745 2569 1044 2642; x_wconf 82' lang='grc' dir='ltr'>προσώπου</span> <span class='ocrx_word' id='word_1_223' title='bbox 1074 2565 1170 2621; x_wconf 84' lang='grc' dir='ltr'><strong>τοῦ</strong></span> <span class='ocrx_word' id='word_1_224' title='bbox 1201 2569 1456 2641; x_wconf 75' lang='grc' dir='ltr'>Χριστοῦ·</span> <span class='ocrx_word' id='word_1_225' title='bbox 1511 2590 1537 2617; x_wconf 89' lang='grc'><strong>‹‹</strong></span> <span class='ocrx_word' id='word_1_226' title='bbox 1583 2565 1684 2622; x_wconf 82' lang='grc' dir='ltr'>Καὶ</span> <span class='ocrx_word' id='word_1_227' title='bbox 1735 2563 1960 2633; x_wconf 78' lang='grc' dir='ltr'>ἔστησαν</span> 
     </span>
    </p>
   </div>
   <div class='ocr_carea' id='block_1_28' title="bbox 307 2651 1966 2731">
    <p class='ocr_par' dir='ltr' id='par_1_28' title="bbox 307 2651 1966 2731">
     <span class='ocr_line' id='line_1_29' title="bbox 307 2651 1966 2731; baseline -0.006 -16"><span class='ocrx_word' id='word_1_228' title='bbox 307 2681 401 2715; x_wconf 89' lang='grc' dir='ltr'><strong>τον</strong></span> <span class='ocrx_word' id='word_1_229' title='bbox 440 2659 632 2731; x_wconf 85' lang='grc' dir='ltr'>μισθόν</span> <span class='ocrx_word' id='word_1_230' title='bbox 669 2681 777 2731; x_wconf 85' lang='grc' dir='ltr'><strong>μου</strong></span> <span class='ocrx_word' id='word_1_231' title='bbox 805 2658 1092 2731; x_wconf 88' lang='grc' dir='ltr'>τριάκοντα</span> <span class='ocrx_word' id='word_1_232' title='bbox 1124 2655 1374 2731; x_wconf 81' lang='grc' dir='ltr'>ἀργύρια.</span> <span class='ocrx_word' id='word_1_233' title='bbox 1412 2679 1438 2705; x_wconf 91' lang='grc'><strong>››</strong></span> <span class='ocrx_word' id='word_1_234' title='bbox 1489 2657 1612 2711; x_wconf 82' lang='grc' dir='ltr'>’Ότι</span> <span class='ocrx_word' id='word_1_235' title='bbox 1664 2651 1720 2707; x_wconf 76' lang='grc' dir='ltr'>δὲ</span> <span class='ocrx_word' id='word_1_236' title='bbox 1747 2654 1845 2721; x_wconf 74' lang='grc' dir='ltr'>τὴν</span> <span class='ocrx_word' id='word_1_237' title='bbox 1876 2653 1966 2728; x_wconf 86' lang='grc' dir='ltr'><strong>ἀρ-</strong></span> 
     </span>
    </p>
   </div>
   <div class='ocr_carea' id='block_1_29' title="bbox 309 2743 1966 2826">
    <p class='ocr_par' dir='ltr' id='par_1_29' title="bbox 309 2743 1966 2826">
     <span class='ocr_line' id='line_1_30' title="bbox 309 2743 1966 2826; baseline -0.004 -25"><span class='ocrx_word' id='word_1_238' title='bbox 309 2750 421 2824; x_wconf 77' lang='grc' dir='ltr'><strong>χὴν</strong></span> <span class='ocrx_word' id='word_1_239' title='bbox 449 2756 550 2817; x_wconf 77' lang='grc' dir='ltr'>τῆς</span> <span class='ocrx_word' id='word_1_240' title='bbox 581 2747 854 2824; x_wconf 83' lang='grc' dir='ltr'>σωτηρίας</span> <span class='ocrx_word' id='word_1_241' title='bbox 885 2750 1068 2819; x_wconf 79' lang='grc' dir='ltr'>ἡμῶν,</span> <span class='ocrx_word' id='word_1_242' title='bbox 1129 2743 1299 2826; x_wconf 74' lang='grc' dir='ltr'>ἤγουν</span> <span class='ocrx_word' id='word_1_243' title='bbox 1351 2743 1442 2798; x_wconf 79' lang='grc' dir='ltr'>τὸν</span> <span class='ocrx_word' id='word_1_244' title='bbox 1490 2744 1672 2816; x_wconf 89' lang='grc' dir='ltr'>τίμιον</span> <span class='ocrx_word' id='word_1_245' title='bbox 1719 2743 1966 2815; x_wconf 84' lang='grc' dir='ltr'>σταυρὸν,</span> 
     </span>
    </p>
   </div>
   <div class='ocr_carea' id='block_1_30' title="bbox 307 2831 1966 2908">
    <p class='ocr_par' dir='ltr' id='par_1_30' title="bbox 307 2831 1966 2908">
     <span class='ocr_line' id='line_1_31' title="bbox 307 2831 1966 2908; baseline -0.005 -16"><span class='ocrx_word' id='word_1_246' title='bbox 307 2838 358 2893; x_wconf 83' lang='grc' dir='ltr'><strong>έν</strong></span> <span class='ocrx_word' id='word_1_247' title='bbox 387 2843 508 2899; x_wconf 84' lang='grc' dir='ltr'>τοῖς</span> <span class='ocrx_word' id='word_1_248' title='bbox 541 2835 698 2898; x_wconf 79' lang='grc' dir='ltr'>ἰδίοις</span> <span class='ocrx_word' id='word_1_249' title='bbox 735 2835 910 2908; x_wconf 80' lang='grc' dir='ltr'>ὤμοις</span> <span class='ocrx_word' id='word_1_250' title='bbox 941 2834 1105 2889; x_wconf 78' lang='grc' dir='ltr'>αὐτοῦ</span> <span class='ocrx_word' id='word_1_251' title='bbox 1139 2831 1422 2889; x_wconf 74' lang='grc' dir='ltr'>ἐϐάστασεν</span> <span class='ocrx_word' id='word_1_252' title='bbox 1458 2835 1485 2887; x_wconf 90' lang='lat'><strong>6</strong></span> <span class='ocrx_word' id='word_1_253' title='bbox 1529 2833 1759 2907; x_wconf 87' lang='grc' dir='ltr'>Χριστὸς</span> <span class='ocrx_word' id='word_1_254' title='bbox 1813 2831 1966 2904; x_wconf 84' lang='grc' dir='ltr'>ὑψω-</span> 
     </span>
    </p>
   </div>
   <div class='ocr_carea' id='block_1_31' title="bbox 307 2920 1967 3001">
    <p class='ocr_par' dir='ltr' id='par_1_31' title="bbox 307 2920 1967 3001">
     <span class='ocr_line' id='line_1_32' title="bbox 307 2920 1967 3001; baseline -0.004 -20"><span class='ocrx_word' id='word_1_255' title='bbox 307 2928 415 2981; x_wconf 81' lang='grc' dir='ltr'><strong>θεῖν</strong></span> <span class='ocrx_word' id='word_1_256' title='bbox 479 2925 530 2981; x_wconf 83' lang='grc' dir='ltr'><strong>έν</strong></span> <span class='ocrx_word' id='word_1_257' title='bbox 591 2925 758 2998; x_wconf 75' lang='grc' dir='ltr'>αὐτῷ,</span> <span class='ocrx_word' id='word_1_258' title='bbox 809 2923 1025 2986; x_wconf 73' lang='grc' dir='ltr'>Ἡσαΐας</span> <span class='ocrx_word' id='word_1_259' title='bbox 1078 2925 1105 2978; x_wconf 93' lang='lat'><strong>6</strong></span> <span class='ocrx_word' id='word_1_260' title='bbox 1171 2927 1461 3001; x_wconf 69' lang='grc' dir='ltr'>προφήτης</span> <span class='ocrx_word' id='word_1_261' title='bbox 1534 2921 1594 2976; x_wconf 80' lang='grc' dir='ltr'><strong>ἐκ</strong></span> <span class='ocrx_word' id='word_1_262' title='bbox 1661 2920 1967 2994; x_wconf 83' lang='grc' dir='ltr'>Πνεύματος</span> 
     </span>
    </p>
   </div>
   <div class='ocr_carea' id='block_1_32' title="bbox 308 3009 1963 3092">
    <p class='ocr_par' dir='ltr' id='par_1_32' title="bbox 308 3009 1963 3092">
     <span class='ocr_line' id='line_1_33' title="bbox 308 3009 1963 3092; baseline -0.005 -22"><span class='ocrx_word' id='word_1_263' title='bbox 308 3016 470 3090; x_wconf 76' lang='grc' dir='ltr'>ἁγίου</span> <span class='ocrx_word' id='word_1_264' title='bbox 528 3015 874 3092; x_wconf 85' lang='grc' dir='ltr'>ποφητεύσας</span> <span class='ocrx_word' id='word_1_265' title='bbox 932 3016 1098 3078; x_wconf 76' lang='grc' dir='ltr'>εἶπεν,</span> <span class='ocrx_word' id='word_1_266' title='bbox 1171 3013 1252 3067; x_wconf 74' lang='grc' dir='ltr'><strong>ὅτι</strong></span> <span class='ocrx_word' id='word_1_267' title='bbox 1325 3037 1351 3064; x_wconf 88' lang='grc'><strong>‹‹</strong></span> <span class='ocrx_word' id='word_1_268' title='bbox 1422 3010 1640 3067; x_wconf 77' lang='grc' dir='ltr'>Παιδίον</span> <span class='ocrx_word' id='word_1_269' title='bbox 1706 3009 1963 3087; x_wconf 81' lang='grc' dir='ltr'>ἐγεννήθη</span> 
     </span>
    </p>
   </div>
   <div class='ocr_carea' id='block_1_33' title="bbox 305 3099 1965 3178">
    <p class='ocr_par' dir='ltr' id='par_1_33' title="bbox 305 3099 1965 3178">
     <span class='ocr_line' id='line_1_34' title="bbox 305 3099 1965 3178; baseline -0.004 -18"><span class='ocrx_word' id='word_1_270' title='bbox 305 3107 472 3178; x_wconf 79' lang='grc' dir='ltr'>ἡμῖν,</span> <span class='ocrx_word' id='word_1_271' title='bbox 508 3106 621 3167; x_wconf 73' lang='grc' dir='ltr'>υἱὸς</span> <span class='ocrx_word' id='word_1_272' title='bbox 654 3105 743 3159; x_wconf 81' lang='grc' dir='ltr'><strong>καὶ</strong></span> <span class='ocrx_word' id='word_1_273' title='bbox 776 3101 936 3174; x_wconf 81' lang='grc' dir='ltr'>ἐδόθη</span> <span class='ocrx_word' id='word_1_274' title='bbox 969 3105 1127 3176; x_wconf 78' lang='grc' dir='ltr'>ἡμῖν,</span> <span class='ocrx_word' id='word_1_275' title='bbox 1163 3102 1223 3156; x_wconf 81' lang='grc' dir='ltr'><strong>οῦ</strong></span> <span class='ocrx_word' id='word_1_276' title='bbox 1255 3104 1288 3172; x_wconf 82' lang='grc' dir='ltr'>ἠ</span> <span class='ocrx_word' id='word_1_277' title='bbox 1331 3103 1475 3177; x_wconf 72' lang='grc' dir='ltr'>ἀρχὴ</span> <span class='ocrx_word' id='word_1_278' title='bbox 1528 3101 1613 3155; x_wconf 78' lang='grc' dir='ltr'><strong>ἐπὶ</strong></span> <span class='ocrx_word' id='word_1_279' title='bbox 1663 3105 1759 3154; x_wconf 88' lang='grc' dir='ltr'><strong>τοῦ</strong></span> <span class='ocrx_word' id='word_1_280' title='bbox 1810 3099 1965 3172; x_wconf 83' lang='grc' dir='ltr'>ὤμου</span> 
     </span>
    </p>
   </div>
   <div class='ocr_carea' id='block_1_34' title="bbox 302 3187 1966 3266">
    <p class='ocr_par' dir='ltr' id='par_1_34' title="bbox 302 3187 1966 3266">
     <span class='ocr_line' id='line_1_35' title="bbox 302 3187 1966 3266; baseline -0.004 -18"><span class='ocrx_word' id='word_1_281' title='bbox 302 3194 492 3249; x_wconf 79' lang='grc' dir='ltr'>αὐτοῦ·</span> <span class='ocrx_word' id='word_1_282' title='bbox 546 3218 566 3247; x_wconf 75' lang='grc' dir='ltr'><strong><em>ι</em></strong></span> <span class='ocrx_word' id='word_1_283' title='bbox 615 3195 889 3250; x_wconf 71' lang='grc' dir='ltr'>τουτέστιν</span> <span class='ocrx_word' id='word_1_284' title='bbox 941 3194 968 3247; x_wconf 91' lang='lat'><strong>6</strong></span> <span class='ocrx_word' id='word_1_285' title='bbox 1018 3193 1286 3262; x_wconf 81' lang='grc' dir='ltr'>ζωοποιὸς</span> <span class='ocrx_word' id='word_1_286' title='bbox 1319 3190 1565 3265; x_wconf 82' lang='grc' dir='ltr'>σταυρός.</span> <span class='ocrx_word' id='word_1_287' title='bbox 1604 3190 1730 3266; x_wconf 85' lang='grc' dir='ltr'><strong>Περί</strong></span> <span class='ocrx_word' id='word_1_288' title='bbox 1765 3187 1822 3244; x_wconf 69' lang='grc' dir='ltr'>δὲ</span> <span class='ocrx_word' id='word_1_289' title='bbox 1870 3193 1966 3243; x_wconf 90' lang='grc' dir='ltr'><strong>τοῦ</strong></span> 
     </span>
    </p>
   </div>
   <div class='ocr_carea' id='block_1_35' title="bbox 301 3281 1964 3362">
    <p class='ocr_par' dir='ltr' id='par_1_35' title="bbox 301 3281 1964 3362">
     <span class='ocr_line' id='line_1_36' title="bbox 301 3281 1964 3362; baseline -0.004 -24"><span class='ocrx_word' id='word_1_290' title='bbox 301 3284 592 3348; x_wconf 82' lang='grc' dir='ltr'>ἀκανθίνου</span> <span class='ocrx_word' id='word_1_291' title='bbox 644 3283 902 3362; x_wconf 77' lang='grc' dir='ltr'>στεφάνου</span> <span class='ocrx_word' id='word_1_292' title='bbox 969 3283 1268 3358; x_wconf 89' lang='grc' dir='ltr'>γέγραπται</span> <span class='ocrx_word' id='word_1_293' title='bbox 1319 3281 1369 3336; x_wconf 85' lang='grc' dir='ltr'><strong>έν</strong></span> <span class='ocrx_word' id='word_1_294' title='bbox 1418 3285 1534 3342; x_wconf 89' lang='grc' dir='ltr'>τοῖς</span> <span class='ocrx_word' id='word_1_295' title='bbox 1585 3281 1825 3352; x_wconf 79' lang='grc' dir='ltr'>Ἀσμασι</span> <span class='ocrx_word' id='word_1_296' title='bbox 1857 3282 1964 3334; x_wconf 75' lang='grc' dir='ltr'>τῶν</span> 
     </span>
    </p>
   </div>
   <div class='ocr_carea' id='block_1_36' title="bbox 2076 693 3726 770">
    <p class='ocr_par' dir='ltr' id='par_1_36' title="bbox 2076 693 3726 770">
     <span class='ocr_line' id='line_1_37' title="bbox 2076 693 3726 770; baseline 0.005 -23"><span class='ocrx_word' id='word_1_297' title='bbox 2076 709 2189 764; x_wconf 87' lang='lat' dir='ltr'><strong>que</strong></span> <span class='ocrx_word' id='word_1_298' title='bbox 2221 697 2309 747; x_wconf 90' lang='lat' dir='ltr'><strong>est</strong></span> <span class='ocrx_word' id='word_1_299' title='bbox 2338 693 2552 748; x_wconf 87' lang='lat' dir='ltr'><strong>Christi</strong></span> <span class='ocrx_word' id='word_1_300' title='bbox 2588 694 2991 764; x_wconf 84' lang='lat' dir='ltr'><strong>beneﬁcentia,</strong></span> <span class='ocrx_word' id='word_1_301' title='bbox 3024 694 3214 766; x_wconf 92' lang='lat' dir='ltr'><strong>primo</strong></span> <span class='ocrx_word' id='word_1_302' title='bbox 3245 697 3508 768; x_wconf 86' lang='lat' dir='ltr'><strong>ipsorum</strong></span> <span class='ocrx_word' id='word_1_303' title='bbox 3540 715 3726 770; x_wconf 82' lang='lat' dir='ltr'><strong>popu-</strong></span> 
     </span>
    </p>
   </div>
   <div class='ocr_carea' id='block_1_37' title="bbox 2077 781 3728 860">
    <p class='ocr_par' dir='ltr' id='par_1_37' title="bbox 2077 781 3728 860">
     <span class='ocr_line' id='line_1_38' title="bbox 2077 781 3728 860; baseline 0.004 -24"><span class='ocrx_word' id='word_1_304' title='bbox 2077 781 2199 836; x_wconf 88' lang='lat' dir='ltr'><strong>lum</strong></span> <span class='ocrx_word' id='word_1_305' title='bbox 2231 800 2300 837; x_wconf 80' lang='lat' dir='ltr'><strong>ex</strong></span> <span class='ocrx_word' id='word_1_306' title='bbox 2331 787 2574 854; x_wconf 61' lang='lat' dir='ltr'><strong>[Egypto</strong></span> <span class='ocrx_word' id='word_1_307' title='bbox 2607 784 2971 852; x_wconf 82' lang='lat' dir='ltr'><strong>discessisse,</strong></span> <span class='ocrx_word' id='word_1_308' title='bbox 2998 790 3322 856; x_wconf 85' lang='lat' dir='ltr'><strong>caeteraque</strong></span> <span class='ocrx_word' id='word_1_309' title='bbox 3344 803 3523 856; x_wconf 88' lang='lat' dir='ltr'><strong>quam</strong></span> <span class='ocrx_word' id='word_1_310' title='bbox 3548 787 3728 860; x_wconf 85' lang='lat' dir='ltr'><strong>pluri-</strong></span> 
     </span>
    </p>
   </div>
   <div class='ocr_carea' id='block_1_38' title="bbox 2078 873 3728 948">
    <p class='ocr_par' dir='ltr' id='par_1_38' title="bbox 2078 873 3728 948">
     <span class='ocr_line' id='line_1_39' title="bbox 2078 873 3728 948; baseline 0.004 -22"><span class='ocrx_word' id='word_1_311' title='bbox 2078 889 2173 926; x_wconf 85' lang='lat' dir='ltr'><strong>ma</strong></span> <span class='ocrx_word' id='word_1_312' title='bbox 2223 873 2280 927; x_wconf 91' lang='lat' dir='ltr'><strong>in</strong></span> <span class='ocrx_word' id='word_1_313' title='bbox 2333 873 2464 927; x_wconf 91' lang='lat' dir='ltr'><strong>illos</strong></span> <span class='ocrx_word' id='word_1_314' title='bbox 2508 875 2662 928; x_wconf 89' lang='lat' dir='ltr'><strong>bona</strong></span> <span class='ocrx_word' id='word_1_315' title='bbox 2692 890 2826 928; x_wconf 90' lang='lat' dir='ltr'><strong>eum</strong></span> <span class='ocrx_word' id='word_1_316' title='bbox 2859 873 3181 929; x_wconf 77' lang='lat' dir='ltr'><strong>contulisse</strong></span> <span class='ocrx_word' id='word_1_317' title='bbox 3213 891 3226 928; x_wconf 90' lang='lat'><strong>:</strong></span> <span class='ocrx_word' id='word_1_318' title='bbox 3261 890 3462 930; x_wconf 89' lang='lat' dir='ltr'><strong>eorum</strong></span> <span class='ocrx_word' id='word_1_319' title='bbox 3495 893 3728 948; x_wconf 90' lang='lat' dir='ltr'><strong>quoque</strong></span> 
     </span>
    </p>
   </div>
   <div class='ocr_carea' id='block_1_39' title="bbox 2077 962 3730 1035">
    <p class='ocr_par' dir='ltr' id='par_1_39' title="bbox 2077 962 3730 1035">
     <span class='ocr_line' id='line_1_40' title="bbox 2077 962 3730 1035; baseline 0.003 -20"><span class='ocrx_word' id='word_1_320' title='bbox 2077 963 2307 1016; x_wconf 81' lang='lat' dir='ltr'><strong>sanavit</strong></span> <span class='ocrx_word' id='word_1_321' title='bbox 2337 963 2621 1016; x_wconf 75' lang='lat' dir='ltr'><strong>infirmos.</strong></span> <span class='ocrx_word' id='word_1_322' title='bbox 2658 967 2733 1017; x_wconf 91' lang='lat' dir='ltr'><strong>De</strong></span> <span class='ocrx_word' id='word_1_323' title='bbox 2767 963 2838 1017; x_wconf 90' lang='lat' dir='ltr'><strong>iis</strong></span> <span class='ocrx_word' id='word_1_324' title='bbox 2887 969 3084 1017; x_wconf 88' lang='lat' dir='ltr'><strong>autem</strong></span> <span class='ocrx_word' id='word_1_325' title='bbox 3119 962 3219 1034; x_wconf 89' lang='lat' dir='ltr'><strong>qui</strong></span> <span class='ocrx_word' id='word_1_326' title='bbox 3273 963 3644 1035; x_wconf 86' lang='lat' dir='ltr'><strong>ﬂagellarunt</strong></span> <span class='ocrx_word' id='word_1_327' title='bbox 3672 971 3730 1022; x_wconf 87' lang='lat' dir='ltr'><strong>et</strong></span> 
     </span>
    </p>
   </div>
   <div class='ocr_carea' id='block_1_40' title="bbox 2077 1051 3730 1125">
    <p class='ocr_par' dir='ltr' id='par_1_40' title="bbox 2077 1051 3730 1125">
     <span class='ocr_line' id='line_1_41' title="bbox 2077 1051 3730 1125; baseline 0.003 -21"><span class='ocrx_word' id='word_1_328' title='bbox 2077 1056 2491 1122; x_wconf 87' lang='lat' dir='ltr'><strong>percusserunt</strong></span> <span class='ocrx_word' id='word_1_329' title='bbox 2520 1052 2841 1117; x_wconf 78' lang='lat' dir='ltr'><strong>Christum,</strong></span> <span class='ocrx_word' id='word_1_330' title='bbox 2877 1051 2960 1106; x_wconf 90' lang='lat' dir='ltr'><strong>sic</strong></span> <span class='ocrx_word' id='word_1_331' title='bbox 2991 1068 3061 1106; x_wconf 80' lang='lat' dir='ltr'><strong>ex</strong></span> <span class='ocrx_word' id='word_1_332' title='bbox 3110 1052 3323 1107; x_wconf 78' lang='lat' dir='ltr'><strong>Christi</strong></span> <span class='ocrx_word' id='word_1_333' title='bbox 3372 1071 3624 1125; x_wconf 81' lang='lat' dir='ltr'><strong>persona</strong></span> <span class='ocrx_word' id='word_1_334' title='bbox 3653 1054 3730 1110; x_wconf 92' lang='lat' dir='ltr'><strong>lo-</strong></span> 
     </span>
    </p>
   </div>
   <div class='ocr_carea' id='block_1_41' title="bbox 2078 1140 3728 1214">
    <p class='ocr_par' dir='ltr' id='par_1_41' title="bbox 2078 1140 3728 1214">
     <span class='ocr_line' id='line_1_42' title="bbox 2078 1140 3728 1214; baseline 0.002 -21"><span class='ocrx_word' id='word_1_335' title='bbox 2078 1141 2276 1210; x_wconf 81' lang='lat' dir='ltr'><strong>quitur</strong></span> <span class='ocrx_word' id='word_1_336' title='bbox 2305 1140 2484 1194; x_wconf 87' lang='lat' dir='ltr'><strong>lsaias</strong></span> <span class='ocrx_word' id='word_1_337' title='bbox 2519 1157 2530 1193; x_wconf 92' lang='lat'>:</span> <span class='ocrx_word' id='word_1_338' title='bbox 2568 1163 2593 1188; x_wconf 85' lang='grc'><strong>‹‹</strong></span> <span class='ocrx_word' id='word_1_339' title='bbox 2634 1145 2880 1195; x_wconf 89' lang='lat' dir='ltr'><strong>Dorsum</strong></span> <span class='ocrx_word' id='word_1_340' title='bbox 2928 1157 3124 1195; x_wconf 89' lang='lat' dir='ltr'><strong>meum</strong></span> <span class='ocrx_word' id='word_1_341' title='bbox 3179 1142 3314 1196; x_wconf 90' lang='lat' dir='ltr'><strong>dedi</strong></span> <span class='ocrx_word' id='word_1_342' title='bbox 3367 1144 3438 1197; x_wconf 90' lang='lat' dir='ltr'><strong>ad</strong></span> <span class='ocrx_word' id='word_1_343' title='bbox 3473 1142 3728 1214; x_wconf 80' lang='lat' dir='ltr'><strong>ﬂagella,</strong></span> 
     </span>
    </p>
   </div>
   <div class='ocr_carea' id='block_1_42' title="bbox 2076 1229 3728 1300">
    <p class='ocr_par' dir='ltr' id='par_1_42' title="bbox 2076 1229 3728 1300">
     <span class='ocr_line' id='line_1_43' title="bbox 2076 1229 3728 1300; baseline 0.002 -18"><span class='ocrx_word' id='word_1_344' title='bbox 2076 1234 2132 1282; x_wconf 90' lang='lat' dir='ltr'><strong>et</strong></span> <span class='ocrx_word' id='word_1_345' title='bbox 2161 1245 2342 1299; x_wconf 89' lang='lat' dir='ltr'><strong>genas</strong></span> <span class='ocrx_word' id='word_1_346' title='bbox 2377 1246 2534 1283; x_wconf 87' lang='lat' dir='ltr'><strong>meas</strong></span> <span class='ocrx_word' id='word_1_347' title='bbox 2562 1229 2634 1283; x_wconf 88' lang='lat' dir='ltr'><strong>ad</strong></span> <span class='ocrx_word' id='word_1_348' title='bbox 2667 1229 2866 1300; x_wconf 81' lang='lat' dir='ltr'><strong>alapas</strong></span> <span class='ocrx_word' id='word_1_349' title='bbox 2895 1255 2908 1285; x_wconf 84' lang='lat'><strong>:</strong></span> <span class='ocrx_word' id='word_1_350' title='bbox 2935 1229 3140 1284; x_wconf 81' lang='lat' dir='ltr'><strong>faciem</strong></span> <span class='ocrx_word' id='word_1_351' title='bbox 3165 1235 3362 1285; x_wconf 88' lang='lat' dir='ltr'><strong>autem</strong></span> <span class='ocrx_word' id='word_1_352' title='bbox 3397 1248 3586 1286; x_wconf 88' lang='lat' dir='ltr'><strong>meam</strong></span> <span class='ocrx_word' id='word_1_353' title='bbox 3614 1249 3728 1286; x_wconf 90' lang='lat' dir='ltr'><strong>non</strong></span> 
     </span>
    </p>
   </div>
   <div class='ocr_carea' id='block_1_43' title="bbox 2075 1318 3724 1390">
    <p class='ocr_par' dir='ltr' id='par_1_43' title="bbox 2075 1318 3724 1390">
     <span class='ocr_line' id='line_1_44' title="bbox 2075 1318 3724 1390; baseline 0.002 -19"><span class='ocrx_word' id='word_1_354' title='bbox 2075 1319 2257 1372; x_wconf 80' lang='lat' dir='ltr'><strong>averti</strong></span> <span class='ocrx_word' id='word_1_355' title='bbox 2289 1319 2360 1372; x_wconf 89' lang='lat' dir='ltr'><strong>ab</strong></span> <span class='ocrx_word' id='word_1_356' title='bbox 2397 1318 2716 1389; x_wconf 79' lang='lat' dir='ltr'><strong>ignominia</strong></span> <span class='ocrx_word' id='word_1_357' title='bbox 2750 1323 3060 1390; x_wconf 89' lang='lat' dir='ltr'><strong>sputorum</strong></span> <span class='ocrx_word' id='word_1_358' title='bbox 3093 1320 3157 1373; x_wconf 70' lang='grc'><strong>³⁸.</strong></span> <span class='ocrx_word' id='word_1_359' title='bbox 3196 1343 3222 1368; x_wconf 91' lang='grc'><strong>››</strong></span> <span class='ocrx_word' id='word_1_360' title='bbox 3255 1319 3536 1374; x_wconf 82' lang='lat' dir='ltr'><strong>Similiter</strong></span> <span class='ocrx_word' id='word_1_361' title='bbox 3587 1320 3724 1375; x_wconf 84' lang='lat' dir='ltr'><strong>item</strong></span> 
     </span>
    </p>
   </div>
   <div class='ocr_carea' id='block_1_44' title="bbox 2076 1407 3725 1480">
    <p class='ocr_par' dir='ltr' id='par_1_44' title="bbox 2076 1407 3725 1480">
     <span class='ocr_line' id='line_1_45' title="bbox 2076 1407 3725 1480; baseline 0.002 -20"><span class='ocrx_word' id='word_1_362' title='bbox 2076 1407 2250 1461; x_wconf 86' lang='lat' dir='ltr'><strong>David</strong></span> <span class='ocrx_word' id='word_1_363' title='bbox 2285 1407 2569 1478; x_wconf 86' lang='lat' dir='ltr'><strong>propheta</strong></span> <span class='ocrx_word' id='word_1_364' title='bbox 2598 1425 2666 1461; x_wconf 77' lang='lat' dir='ltr'><strong>ex</strong></span> <span class='ocrx_word' id='word_1_365' title='bbox 2695 1407 2904 1462; x_wconf 90' lang='lat' dir='ltr'><strong>Christi</strong></span> <span class='ocrx_word' id='word_1_366' title='bbox 2937 1425 3188 1479; x_wconf 86' lang='lat' dir='ltr'><strong>persona</strong></span> <span class='ocrx_word' id='word_1_367' title='bbox 3235 1409 3292 1463; x_wconf 91' lang='lat' dir='ltr'><strong>in</strong></span> <span class='ocrx_word' id='word_1_368' title='bbox 3343 1409 3572 1480; x_wconf 87' lang='lat' dir='ltr'><strong>psalmo</strong></span> <span class='ocrx_word' id='word_1_369' title='bbox 3619 1410 3725 1464; x_wconf 92' lang='lat' dir='ltr'><strong>tri-</strong></span> 
     </span>
    </p>
   </div>
   <div class='ocr_carea' id='block_1_45' title="bbox 2074 1496 3727 1572">
    <p class='ocr_par' dir='ltr' id='par_1_45' title="bbox 2074 1496 3727 1572">
     <span class='ocr_line' id='line_1_46' title="bbox 2074 1496 3727 1572; baseline 0.003 -23"><span class='ocrx_word' id='word_1_370' title='bbox 2074 1496 2290 1550; x_wconf 89' lang='lat' dir='ltr'><strong>cesimo</strong></span> <span class='ocrx_word' id='word_1_371' title='bbox 2320 1497 2567 1566; x_wconf 86' lang='lat' dir='ltr'><strong>septimo</strong></span> <span class='ocrx_word' id='word_1_372' title='bbox 2599 1497 2680 1550; x_wconf 89' lang='lat' dir='ltr'><strong>ait</strong></span> <span class='ocrx_word' id='word_1_373' title='bbox 2715 1513 2726 1550; x_wconf 92' lang='lat'><strong>:</strong></span> <span class='ocrx_word' id='word_1_374' title='bbox 2764 1519 2789 1546; x_wconf 86' lang='lat'><strong>«</strong></span> <span class='ocrx_word' id='word_1_375' title='bbox 2823 1498 3109 1562; x_wconf 88' lang='lat' dir='ltr'><strong>Quoniam</strong></span> <span class='ocrx_word' id='word_1_376' title='bbox 3141 1515 3247 1570; x_wconf 86' lang='lat' dir='ltr'><strong>ego</strong></span> <span class='ocrx_word' id='word_1_377' title='bbox 3281 1499 3339 1554; x_wconf 92' lang='lat' dir='ltr'><strong>in</strong></span> <span class='ocrx_word' id='word_1_378' title='bbox 3374 1498 3602 1572; x_wconf 84' lang='lat' dir='ltr'><strong>ﬂagella</strong></span> <span class='ocrx_word' id='word_1_379' title='bbox 3630 1516 3727 1571; x_wconf 90' lang='lat' dir='ltr'><strong>pa-</strong></span> 
     </span>
    </p>
   </div>
   <div class='ocr_carea' id='block_1_46' title="bbox 2073 1585 3724 1661">
    <p class='ocr_par' dir='ltr' id='par_1_46' title="bbox 2073 1585 3724 1661">
     <span class='ocr_line' id='line_1_47' title="bbox 2073 1585 3724 1661; baseline 0.002 -22"><span class='ocrx_word' id='word_1_380' title='bbox 2073 1589 2236 1640; x_wconf 89' lang='lat' dir='ltr'><strong>ratus</strong></span> <span class='ocrx_word' id='word_1_381' title='bbox 2268 1603 2419 1655; x_wconf 90' lang='lat' dir='ltr'><strong>sum,</strong></span> <span class='ocrx_word' id='word_1_382' title='bbox 2454 1591 2510 1640; x_wconf 91' lang='lat' dir='ltr'><strong>et</strong></span> <span class='ocrx_word' id='word_1_383' title='bbox 2539 1585 2705 1641; x_wconf 91' lang='lat' dir='ltr'><strong>dolor</strong></span> <span class='ocrx_word' id='word_1_384' title='bbox 2737 1603 2904 1641; x_wconf 89' lang='lat' dir='ltr'><strong>meus</strong></span> <span class='ocrx_word' id='word_1_385' title='bbox 2937 1588 2993 1641; x_wconf 90' lang='lat' dir='ltr'><strong>in</strong></span> <span class='ocrx_word' id='word_1_386' title='bbox 3045 1593 3359 1661; x_wconf 87' lang='lat' dir='ltr'><strong>conspectu</strong></span> <span class='ocrx_word' id='word_1_387' title='bbox 3405 1605 3534 1644; x_wconf 90' lang='lat' dir='ltr'><strong>meo</strong></span> <span class='ocrx_word' id='word_1_388' title='bbox 3566 1606 3724 1645; x_wconf 85' lang='lat' dir='ltr'><strong>sem-</strong></span> 
     </span>
    </p>
   </div>
   <div class='ocr_carea' id='block_1_47' title="bbox 2074 1675 3729 1747">
    <p class='ocr_par' dir='ltr' id='par_1_47' title="bbox 2074 1675 3729 1747">
     <span class='ocr_line' id='line_1_48' title="bbox 2074 1675 3729 1747; baseline 0.004 -19"><span class='ocrx_word' id='word_1_389' title='bbox 2074 1691 2176 1747; x_wconf 91' lang='lat' dir='ltr'><strong>per</strong></span> <span class='ocrx_word' id='word_1_390' title='bbox 2210 1676 2272 1729; x_wconf 70' lang='lat'><strong>37.</strong></span> <span class='ocrx_word' id='word_1_391' title='bbox 2309 1698 2335 1723; x_wconf 88' lang='grc'><strong>››</strong></span> <span class='ocrx_word' id='word_1_392' title='bbox 2372 1675 2500 1729; x_wconf 84' lang='lat' dir='ltr'><strong>Haec</strong></span> <span class='ocrx_word' id='word_1_393' title='bbox 2556 1692 2787 1747; x_wconf 90' lang='lat' dir='ltr'><strong>quoque</strong></span> <span class='ocrx_word' id='word_1_394' title='bbox 2820 1677 2889 1731; x_wconf 91' lang='lat' dir='ltr'><strong>de</strong></span> <span class='ocrx_word' id='word_1_395' title='bbox 2937 1676 3152 1732; x_wconf 88' lang='lat' dir='ltr'><strong>Christi</strong></span> <span class='ocrx_word' id='word_1_396' title='bbox 3201 1678 3538 1734; x_wconf 89' lang='lat' dir='ltr'><strong>venditione</strong></span> <span class='ocrx_word' id='word_1_397' title='bbox 3587 1678 3729 1734; x_wconf 88' lang='lat' dir='ltr'><strong>dicit</strong></span> 
     </span>
    </p>
   </div>
   <div class='ocr_carea' id='block_1_48' title="bbox 2070 1763 3728 1841">
    <p class='ocr_par' dir='ltr' id='par_1_48' title="bbox 2070 1763 3728 1841">
     <span class='ocr_line' id='line_1_49' title="bbox 2070 1763 3728 1841; baseline 0.004 -22"><span class='ocrx_word' id='word_1_398' title='bbox 2070 1763 2356 1819; x_wconf 87' lang='lat' dir='ltr'><strong>Jeremias</strong></span> <span class='ocrx_word' id='word_1_399' title='bbox 2390 1782 2402 1832; x_wconf 91' lang='lat'>;</span> <span class='ocrx_word' id='word_1_400' title='bbox 2441 1786 2468 1814; x_wconf 86' lang='grc'><strong>‹‹</strong></span> <span class='ocrx_word' id='word_1_401' title='bbox 2501 1765 2567 1818; x_wconf 88' lang='lat' dir='ltr'><strong>Et</strong></span> <span class='ocrx_word' id='word_1_402' title='bbox 2597 1769 2946 1836; x_wconf 80' lang='lat' dir='ltr'><strong>acceperunt</strong></span> <span class='ocrx_word' id='word_1_403' title='bbox 2973 1766 3212 1838; x_wconf 81' lang='lat' dir='ltr'><strong>triginta</strong></span> <span class='ocrx_word' id='word_1_404' title='bbox 3241 1773 3566 1839; x_wconf 85' lang='lat' dir='ltr'><strong>argenteos,</strong></span> <span class='ocrx_word' id='word_1_405' title='bbox 3602 1785 3728 1841; x_wconf 89' lang='lat' dir='ltr'><strong>pre-</strong></span> 
     </span>
    </p>
   </div>
   <div class='ocr_carea' id='block_1_49' title="bbox 2071 1853 3722 1927">
    <p class='ocr_par' dir='ltr' id='par_1_49' title="bbox 2071 1853 3722 1927">
     <span class='ocr_line' id='line_1_50' title="bbox 2071 1853 3722 1927; baseline 0.003 -20"><span class='ocrx_word' id='word_1_406' title='bbox 2071 1854 2216 1908; x_wconf 89' lang='lat' dir='ltr'><strong>tium</strong></span> <span class='ocrx_word' id='word_1_407' title='bbox 2252 1853 2766 1926; x_wconf 87' lang='lat' dir='ltr'><strong>appretiati,quem</strong></span> <span class='ocrx_word' id='word_1_408' title='bbox 2801 1856 3278 1927; x_wconf 87' lang='lat' dir='ltr'><strong>appretiaverunt</strong></span> <span class='ocrx_word' id='word_1_409' title='bbox 3300 1874 3332 1912; x_wconf 93' lang='lat' dir='ltr'><strong>a</strong></span> <span class='ocrx_word' id='word_1_410' title='bbox 3364 1857 3501 1913; x_wconf 80' lang='lat' dir='ltr'><strong>ﬁliis</strong></span> <span class='ocrx_word' id='word_1_411' title='bbox 3523 1858 3722 1926; x_wconf 78' lang='lat' dir='ltr'><strong>Israel,</strong></span> 
     </span>
    </p>
   </div>
   <div class='ocr_carea' id='block_1_50' title="bbox 2071 1945 3724 2019">
    <p class='ocr_par' dir='ltr' id='par_1_50' title="bbox 2071 1945 3724 2019">
     <span class='ocr_line' id='line_1_51' title="bbox 2071 1945 3724 2019; baseline 0.004 -21"><span class='ocrx_word' id='word_1_412' title='bbox 2071 1948 2127 1999; x_wconf 91' lang='lat' dir='ltr'><strong>et</strong></span> <span class='ocrx_word' id='word_1_413' title='bbox 2158 1945 2446 1999; x_wconf 86' lang='lat' dir='ltr'><strong>dederunt</strong></span> <span class='ocrx_word' id='word_1_414' title='bbox 2490 1961 2588 2000; x_wconf 90' lang='lat' dir='ltr'><strong>eos</strong></span> <span class='ocrx_word' id='word_1_415' title='bbox 2619 1945 2678 2000; x_wconf 90' lang='lat' dir='ltr'><strong>in</strong></span> <span class='ocrx_word' id='word_1_416' title='bbox 2725 1961 2932 2017; x_wconf 89' lang='lat' dir='ltr'><strong>agrum</strong></span> <span class='ocrx_word' id='word_1_417' title='bbox 2988 1945 3170 2019; x_wconf 82' lang='lat' dir='ltr'><strong>ﬁguli,</strong></span> <span class='ocrx_word' id='word_1_418' title='bbox 3225 1947 3378 2003; x_wconf 84' lang='lat' dir='ltr'><strong>sicut</strong></span> <span class='ocrx_word' id='word_1_419' title='bbox 3421 1949 3724 2005; x_wconf 76' lang='lat' dir='ltr'><strong>constituit</strong></span> 
     </span>
    </p>
   </div>
   <div class='ocr_carea' id='block_1_51' title="bbox 2074 2033 3721 2108">
    <p class='ocr_par' dir='ltr' id='par_1_51' title="bbox 2074 2033 3721 2108">
     <span class='ocr_line' id='line_1_52' title="bbox 2074 2033 3721 2108; baseline 0.005 -21"><span class='ocrx_word' id='word_1_420' title='bbox 2074 2033 2217 2087; x_wconf 92' lang='lat' dir='ltr'><strong>mihi</strong></span> <span class='ocrx_word' id='word_1_421' title='bbox 2248 2033 2532 2088; x_wconf 90' lang='lat' dir='ltr'><strong>Dominus</strong></span> <span class='ocrx_word' id='word_1_422' title='bbox 2553 2035 2618 2088; x_wconf 79' lang='grc'><strong>³³.</strong></span> <span class='ocrx_word' id='word_1_423' title='bbox 2643 2056 2670 2084; x_wconf 85' lang='grc'><strong>››</strong></span> <span class='ocrx_word' id='word_1_424' title='bbox 2706 2038 2793 2088; x_wconf 80' lang='lat' dir='ltr'><strong>An</strong></span> <span class='ocrx_word' id='word_1_425' title='bbox 2840 2034 2996 2089; x_wconf 83' lang='lat' dir='ltr'><strong>istud</strong></span> <span class='ocrx_word' id='word_1_426' title='bbox 3048 2035 3361 2107; x_wconf 88' lang='lat' dir='ltr'><strong>depravare</strong></span> <span class='ocrx_word' id='word_1_427' title='bbox 3391 2039 3656 2108; x_wconf 88' lang='lat' dir='ltr'><strong>potestis,</strong></span> <span class='ocrx_word' id='word_1_428' title='bbox 3689 2058 3721 2096; x_wconf 87' lang='grc' dir='ltr'><strong>ο</strong></span> 
     </span>
    </p>
   </div>
   <div class='ocr_carea' id='block_1_52' title="bbox 2071 2123 3726 2194">
    <p class='ocr_par' dir='ltr' id='par_1_52' title="bbox 2071 2123 3726 2194">
     <span class='ocr_line' id='line_1_53' title="bbox 2071 2123 3726 2194; baseline 0.004 -17"><span class='ocrx_word' id='word_1_429' title='bbox 2071 2123 2442 2194; x_wconf 71' lang='lat' dir='ltr'><strong>Judaei,quod</strong></span> <span class='ocrx_word' id='word_1_430' title='bbox 2476 2131 2609 2178; x_wconf 88' lang='lat' dir='ltr'><strong>ante</strong></span> <span class='ocrx_word' id='word_1_431' title='bbox 2631 2123 2830 2178; x_wconf 90' lang='lat' dir='ltr'><strong>oculos</strong></span> <span class='ocrx_word' id='word_1_432' title='bbox 2857 2124 3038 2180; x_wconf 88' lang='lat' dir='ltr'><strong>totius</strong></span> <span class='ocrx_word' id='word_1_433' title='bbox 3063 2127 3270 2182; x_wconf 89' lang='lat' dir='ltr'><strong>mundi</strong></span> <span class='ocrx_word' id='word_1_434' title='bbox 3291 2144 3357 2182; x_wconf 85' lang='lat' dir='ltr'><strong>ex</strong></span> <span class='ocrx_word' id='word_1_435' title='bbox 3387 2126 3486 2182; x_wconf 90' lang='lat' dir='ltr'><strong>illo</strong></span> <span class='ocrx_word' id='word_1_436' title='bbox 3519 2129 3590 2183; x_wconf 90' lang='lat' dir='ltr'><strong>ad</strong></span> <span class='ocrx_word' id='word_1_437' title='bbox 3616 2129 3726 2184; x_wconf 88' lang='lat' dir='ltr'><strong>hoc</strong></span> 
     </span>
    </p>
   </div>
   <div class='ocr_carea' id='block_1_53' title="bbox 2075 2213 3724 2286">
    <p class='ocr_par' dir='ltr' id='par_1_53' title="bbox 2075 2213 3724 2286">
     <span class='ocr_line' id='line_1_54' title="bbox 2075 2213 3724 2286; baseline 0.005 -20"><span class='ocrx_word' id='word_1_438' title='bbox 2075 2229 2264 2284; x_wconf 90' lang='lat' dir='ltr'><strong>usque</strong></span> <span class='ocrx_word' id='word_1_439' title='bbox 2294 2217 2526 2284; x_wconf 88' lang='lat' dir='ltr'><strong>tempus</strong></span> <span class='ocrx_word' id='word_1_440' title='bbox 2558 2213 2888 2283; x_wconf 86' lang='lat' dir='ltr'><strong>expositum</strong></span> <span class='ocrx_word' id='word_1_441' title='bbox 2925 2214 3057 2269; x_wconf 87' lang='lat' dir='ltr'><strong>est?</strong></span> <span class='ocrx_word' id='word_1_442' title='bbox 3090 2215 3320 2286; x_wconf 90' lang='lat' dir='ltr'><strong>Loquor</strong></span> <span class='ocrx_word' id='word_1_443' title='bbox 3351 2217 3628 2272; x_wconf 89' lang='lat' dir='ltr'><strong>nimirum</strong></span> <span class='ocrx_word' id='word_1_444' title='bbox 3655 2220 3724 2274; x_wconf 85' lang='lat' dir='ltr'><strong>de</strong></span> 
     </span>
    </p>
   </div>
   <div class='ocr_carea' id='block_1_54' title="bbox 2075 2301 3724 2380">
    <p class='ocr_par' dir='ltr' id='par_1_54' title="bbox 2075 2301 3724 2380">
     <span class='ocr_line' id='line_1_55' title="bbox 2075 2301 3724 2380; baseline 0.004 -23"><span class='ocrx_word' id='word_1_445' title='bbox 2075 2319 2213 2375; x_wconf 89' lang='lat' dir='ltr'><strong>agro</strong></span> <span class='ocrx_word' id='word_1_446' title='bbox 2234 2301 2392 2373; x_wconf 83' lang='lat' dir='ltr'><strong>ﬁguli</strong></span> <span class='ocrx_word' id='word_1_447' title='bbox 2419 2303 2489 2356; x_wconf 89' lang='lat' dir='ltr'><strong>ad</strong></span> <span class='ocrx_word' id='word_1_448' title='bbox 2523 2301 2887 2373; x_wconf 84' lang='lat' dir='ltr'><strong>sepulturam</strong></span> <span class='ocrx_word' id='word_1_449' title='bbox 2912 2305 3352 2376; x_wconf 89' lang='lat' dir='ltr'><strong>peregrinorum</strong></span> <span class='ocrx_word' id='word_1_450' title='bbox 3379 2309 3724 2380; x_wconf 85' lang='lat' dir='ltr'><strong>comparati.</strong></span> 
     </span>
    </p>
   </div>
   <div class='ocr_carea' id='block_1_55' title="bbox 2075 2391 3728 2470">
    <p class='ocr_par' dir='ltr' id='par_1_55' title="bbox 2075 2391 3728 2470">
     <span class='ocr_line' id='line_1_56' title="bbox 2075 2391 3728 2470; baseline 0.004 -24"><span class='ocrx_word' id='word_1_451' title='bbox 2075 2392 2288 2446; x_wconf 90' lang='lat' dir='ltr'><strong>Eodem</strong></span> <span class='ocrx_word' id='word_1_452' title='bbox 2325 2392 2496 2446; x_wconf 90' lang='lat' dir='ltr'><strong>modo</strong></span> <span class='ocrx_word' id='word_1_453' title='bbox 2519 2391 2828 2446; x_wconf 87' lang='lat' dir='ltr'><strong>Zacharias</strong></span> <span class='ocrx_word' id='word_1_454' title='bbox 2849 2393 3139 2464; x_wconf 89' lang='lat' dir='ltr'><strong>propheta</strong></span> <span class='ocrx_word' id='word_1_455' title='bbox 3154 2395 3225 2449; x_wconf 90' lang='lat' dir='ltr'><strong>de</strong></span> <span class='ocrx_word' id='word_1_456' title='bbox 3246 2393 3490 2468; x_wconf 87' lang='lat' dir='ltr'><strong>triginta</strong></span> <span class='ocrx_word' id='word_1_457' title='bbox 3519 2414 3728 2470; x_wconf 85' lang='lat' dir='ltr'><strong>argen-</strong></span> 
     </span>
    </p>
   </div>
   <div class='ocr_carea' id='block_1_56' title="bbox 2074 2481 3734 2554">
    <p class='ocr_par' dir='ltr' id='par_1_56' title="bbox 2074 2481 3734 2554">
     <span class='ocr_line' id='line_1_57' title="bbox 2074 2481 3734 2554; baseline 0.004 -19"><span class='ocrx_word' id='word_1_458' title='bbox 2074 2481 2186 2536; x_wconf 88' lang='lat' dir='ltr'><strong>teis</strong></span> <span class='ocrx_word' id='word_1_459' title='bbox 2217 2481 2572 2536; x_wconf 87' lang='lat' dir='ltr'><strong>mentionem</strong></span> <span class='ocrx_word' id='word_1_460' title='bbox 2599 2481 2929 2551; x_wconf 87' lang='lat' dir='ltr'><strong>facit,velut</strong></span> <span class='ocrx_word' id='word_1_461' title='bbox 2951 2498 3016 2536; x_wconf 85' lang='lat' dir='ltr'><strong>ex</strong></span> <span class='ocrx_word' id='word_1_462' title='bbox 3049 2499 3299 2554; x_wconf 91' lang='lat' dir='ltr'><strong>persona</strong></span> <span class='ocrx_word' id='word_1_463' title='bbox 3329 2485 3541 2541; x_wconf 84' lang='lat' dir='ltr'><strong>Christi</strong></span> <span class='ocrx_word' id='word_1_464' title='bbox 3570 2504 3583 2542; x_wconf 87' lang='lat'><strong>:</strong></span> <span class='ocrx_word' id='word_1_465' title='bbox 3611 2511 3637 2536; x_wconf 85' lang='lat'><strong>«</strong></span> <span class='ocrx_word' id='word_1_466' title='bbox 3666 2488 3734 2542; x_wconf 87' lang='lat' dir='ltr'><strong>Et</strong></span> 
     </span>
    </p>
   </div>
   <div class='ocr_carea' id='block_1_57' title="bbox 2075 2571 3732 2646">
    <p class='ocr_par' dir='ltr' id='par_1_57' title="bbox 2075 2571 3732 2646">
     <span class='ocr_line' id='line_1_58' title="bbox 2075 2571 3732 2646; baseline 0.004 -21"><span class='ocrx_word' id='word_1_467' title='bbox 2075 2571 2824 2642; x_wconf 86' lang='lat' dir='ltr'><strong>appenderuntmercedem</strong></span> <span class='ocrx_word' id='word_1_468' title='bbox 2842 2588 3029 2626; x_wconf 89' lang='lat' dir='ltr'><strong>meam</strong></span> <span class='ocrx_word' id='word_1_469' title='bbox 3050 2571 3292 2645; x_wconf 87' lang='lat' dir='ltr'><strong>triginta</strong></span> <span class='ocrx_word' id='word_1_470' title='bbox 3317 2576 3608 2646; x_wconf 87' lang='lat' dir='ltr'><strong>argenteis</strong></span> <span class='ocrx_word' id='word_1_471' title='bbox 3630 2576 3732 2631; x_wconf 70' lang='lat'><strong>3°.»</strong></span> 
     </span>
    </p>
   </div>
   <div class='ocr_carea' id='block_1_58' title="bbox 2077 2660 3733 2735">
    <p class='ocr_par' dir='ltr' id='par_1_58' title="bbox 2077 2660 3733 2735">
     <span class='ocr_line' id='line_1_59' title="bbox 2077 2660 3733 2735; baseline 0.002 -19"><span class='ocrx_word' id='word_1_472' title='bbox 2077 2661 2237 2725; x_wconf 89' lang='lat' dir='ltr'><strong>Quod</strong></span> <span class='ocrx_word' id='word_1_473' title='bbox 2257 2660 2396 2715; x_wconf 87' lang='lat' dir='ltr'><strong>item</strong></span> <span class='ocrx_word' id='word_1_474' title='bbox 2418 2660 2624 2715; x_wconf 86' lang='lat' dir='ltr'><strong>salutis</strong></span> <span class='ocrx_word' id='word_1_475' title='bbox 2647 2663 2856 2715; x_wconf 61' lang='lat' dir='ltr'><strong>nostra;</strong></span> <span class='ocrx_word' id='word_1_476' title='bbox 2873 2661 3575 2735; x_wconf 86' lang='lat' dir='ltr'><strong>principium,pretiosam</strong></span> <span class='ocrx_word' id='word_1_477' title='bbox 3602 2666 3733 2721; x_wconf 90' lang='lat' dir='ltr'><strong>vide</strong></span> 
     </span>
    </p>
   </div>
   <div class='ocr_carea' id='block_1_59' title="bbox 2077 2749 3736 2821">
    <p class='ocr_par' dir='ltr' id='par_1_59' title="bbox 2077 2749 3736 2821">
     <span class='ocr_line' id='line_1_60' title="bbox 2077 2749 3736 2821; baseline 0.004 -17"><span class='ocrx_word' id='word_1_478' title='bbox 2077 2750 2212 2804; x_wconf 85' lang='lat' dir='ltr'><strong>licet</strong></span> <span class='ocrx_word' id='word_1_479' title='bbox 2244 2749 2598 2816; x_wconf 89' lang='lat' dir='ltr'><strong>crucem,sui</strong></span> <span class='ocrx_word' id='word_1_480' title='bbox 2625 2750 2748 2821; x_wconf 91' lang='lat' dir='ltr'><strong>ipse</strong></span> <span class='ocrx_word' id='word_1_481' title='bbox 2781 2749 3260 2807; x_wconf 89' lang='lat' dir='ltr'><strong>humeristulerit</strong></span> <span class='ocrx_word' id='word_1_482' title='bbox 3287 2753 3644 2819; x_wconf 78' lang='lat' dir='ltr'><strong>Christus,in</strong></span> <span class='ocrx_word' id='word_1_483' title='bbox 3671 2771 3736 2811; x_wconf 89' lang='lat' dir='ltr'><strong>ea</strong></span> 
     </span>
    </p>
   </div>
   <div class='ocr_carea' id='block_1_60' title="bbox 2077 2839 3736 2912">
    <p class='ocr_par' dir='ltr' id='par_1_60' title="bbox 2077 2839 3736 2912">
     <span class='ocr_line' id='line_1_61' title="bbox 2077 2839 3736 2912; baseline 0.003 -18"><span class='ocrx_word' id='word_1_484' title='bbox 2077 2839 2575 2908; x_wconf 85' lang='lat' dir='ltr'><strong>exaltatus,lsaias</strong></span> <span class='ocrx_word' id='word_1_485' title='bbox 2590 2839 2873 2910; x_wconf 89' lang='lat' dir='ltr'><strong>propheta</strong></span> <span class='ocrx_word' id='word_1_486' title='bbox 2887 2856 2955 2894; x_wconf 86' lang='lat' dir='ltr'><strong>ex</strong></span> <span class='ocrx_word' id='word_1_487' title='bbox 2971 2841 3186 2912; x_wconf 88' lang='lat' dir='ltr'><strong>Spiritu</strong></span> <span class='ocrx_word' id='word_1_488' title='bbox 3207 2848 3406 2897; x_wconf 88' lang='lat' dir='ltr'><strong>sancto</strong></span> <span class='ocrx_word' id='word_1_489' title='bbox 3430 2842 3736 2900; x_wconf 90' lang='lat' dir='ltr'><strong>hisverbis</strong></span> 
     </span>
    </p>
   </div>
   <div class='ocr_carea' id='block_1_61' title="bbox 2077 2928 3736 3000">
    <p class='ocr_par' dir='ltr' id='par_1_61' title="bbox 2077 2928 3736 3000">
     <span class='ocr_line' id='line_1_62' title="bbox 2077 2928 3736 3000; baseline 0.004 -18"><span class='ocrx_word' id='word_1_490' title='bbox 2077 2928 2472 3000; x_wconf 84' lang='lat' dir='ltr'><strong>prophetavit:</strong></span> <span class='ocrx_word' id='word_1_491' title='bbox 2509 2949 2532 2977; x_wconf 83' lang='grc' dir='ltr'>(ι</span> <span class='ocrx_word' id='word_1_492' title='bbox 2568 2929 2718 2982; x_wconf 86' lang='lat' dir='ltr'><strong>Puer</strong></span> <span class='ocrx_word' id='word_1_493' title='bbox 2741 2933 2917 2983; x_wconf 89' lang='lat' dir='ltr'><strong>natus</strong></span> <span class='ocrx_word' id='word_1_494' title='bbox 2941 2933 3028 2984; x_wconf 86' lang='lat' dir='ltr'><strong>est</strong></span> <span class='ocrx_word' id='word_1_495' title='bbox 3061 2930 3415 2996; x_wconf 68' lang='lat' dir='ltr'><strong>nobisﬁlius</strong></span> <span class='ocrx_word' id='word_1_496' title='bbox 3449 2936 3622 2988; x_wconf 86' lang='lat' dir='ltr'><strong>natus</strong></span> <span class='ocrx_word' id='word_1_497' title='bbox 3645 2937 3736 2989; x_wconf 82' lang='lat' dir='ltr'><strong>est</strong></span> 
     </span>
    </p>
   </div>
   <div class='ocr_carea' id='block_1_62' title="bbox 2079 3016 3730 3092">
    <p class='ocr_par' dir='ltr' id='par_1_62' title="bbox 2079 3016 3730 3092">
     <span class='ocr_line' id='line_1_63' title="bbox 2079 3016 3730 3092; baseline 0.004 -21"><span class='ocrx_word' id='word_1_498' title='bbox 2079 3016 2268 3083; x_wconf 90' lang='lat' dir='ltr'><strong>nobis,</strong></span> <span class='ocrx_word' id='word_1_499' title='bbox 2302 3017 2472 3088; x_wconf 87' lang='lat' dir='ltr'><strong>cujus</strong></span> <span class='ocrx_word' id='word_1_500' title='bbox 2505 3016 2873 3088; x_wconf 89' lang='lat' dir='ltr'><strong>principatus</strong></span> <span class='ocrx_word' id='word_1_501' title='bbox 2901 3034 3078 3089; x_wconf 88' lang='lat' dir='ltr'><strong>super</strong></span> <span class='ocrx_word' id='word_1_502' title='bbox 3104 3018 3416 3075; x_wconf 90' lang='lat' dir='ltr'><strong>humerum</strong></span> <span class='ocrx_word' id='word_1_503' title='bbox 3446 3022 3574 3092; x_wconf 90' lang='lat' dir='ltr'><strong>ejus</strong></span> <span class='ocrx_word' id='word_1_504' title='bbox 3609 3023 3670 3085; x_wconf 73' lang='lat'><strong>‘°,</strong></span> <span class='ocrx_word' id='word_1_505' title='bbox 3705 3044 3730 3069; x_wconf 83' lang='lat'>»</span> 
     </span>
    </p>
   </div>
   <div class='ocr_carea' id='block_1_63' title="bbox 2078 3105 3731 3179">
    <p class='ocr_par' dir='ltr' id='par_1_63' title="bbox 2078 3105 3731 3179">
     <span class='ocr_line' id='line_1_64' title="bbox 2078 3105 3731 3179; baseline 0.002 -18"><span class='ocrx_word' id='word_1_506' title='bbox 2078 3105 2299 3162; x_wconf 88' lang='lat' dir='ltr'><strong>scilicet</strong></span> <span class='ocrx_word' id='word_1_507' title='bbox 2321 3123 2462 3160; x_wconf 86' lang='lat' dir='ltr'><strong>crux</strong></span> <span class='ocrx_word' id='word_1_508' title='bbox 2493 3107 2738 3161; x_wconf 85' lang='lat' dir='ltr'><strong>viviﬁca.</strong></span> <span class='ocrx_word' id='word_1_509' title='bbox 2775 3111 2847 3161; x_wconf 90' lang='lat' dir='ltr'><strong>De</strong></span> <span class='ocrx_word' id='word_1_510' title='bbox 2895 3106 3100 3179; x_wconf 89' lang='lat' dir='ltr'><strong>spinea</strong></span> <span class='ocrx_word' id='word_1_511' title='bbox 3131 3125 3262 3163; x_wconf 92' lang='lat' dir='ltr'><strong>vero</strong></span> <span class='ocrx_word' id='word_1_512' title='bbox 3314 3126 3531 3165; x_wconf 91' lang='lat' dir='ltr'><strong>corona</strong></span> <span class='ocrx_word' id='word_1_513' title='bbox 3579 3111 3731 3165; x_wconf 87' lang='lat' dir='ltr'><strong>scri-</strong></span> 
     </span>
    </p>
   </div>
   <div class='ocr_carea' id='block_1_64' title="bbox 2077 3195 3732 3268">
    <p class='ocr_par' dir='ltr' id='par_1_64' title="bbox 2077 3195 3732 3268">
     <span class='ocr_line' id='line_1_65' title="bbox 2077 3195 3732 3268; baseline 0.004 -19"><span class='ocrx_word' id='word_1_514' title='bbox 2077 3200 2241 3268; x_wconf 86' lang='lat' dir='ltr'><strong>ptum</strong></span> <span class='ocrx_word' id='word_1_515' title='bbox 2277 3200 2364 3250; x_wconf 89' lang='lat' dir='ltr'><strong>est</strong></span> <span class='ocrx_word' id='word_1_516' title='bbox 2389 3195 2446 3250; x_wconf 92' lang='lat' dir='ltr'><strong>in</strong></span> <span class='ocrx_word' id='word_1_517' title='bbox 2479 3195 2736 3251; x_wconf 85' lang='lat' dir='ltr'><strong>Canticis</strong></span> <span class='ocrx_word' id='word_1_518' title='bbox 2784 3198 3141 3252; x_wconf 88' lang='lat' dir='ltr'><strong>canticorum</strong></span> <span class='ocrx_word' id='word_1_519' title='bbox 3179 3214 3191 3251; x_wconf 87' lang='lat'>:</span> <span class='ocrx_word' id='word_1_520' title='bbox 3228 3221 3255 3247; x_wconf 85' lang='grc'><strong>‹‹</strong></span> <span class='ocrx_word' id='word_1_521' title='bbox 3291 3197 3445 3253; x_wconf 76' lang='lat' dir='ltr'><strong>Filize</strong></span> <span class='ocrx_word' id='word_1_522' title='bbox 3494 3200 3732 3255; x_wconf 84' lang='lat' dir='ltr'><strong>Jerusa-</strong></span> 
     </span>
    </p>
   </div>
   <div class='ocr_carea' id='block_1_65' title="bbox 2076 3283 3734 3359">
    <p class='ocr_par' dir='ltr' id='par_1_65' title="bbox 2076 3283 3734 3359">
     <span class='ocr_line' id='line_1_66' title="bbox 2076 3283 3734 3359; baseline 0.004 -21"><span class='ocrx_word' id='word_1_523' title='bbox 2076 3283 2214 3351; x_wconf 89' lang='lat' dir='ltr'><strong>lem,</strong></span> <span class='ocrx_word' id='word_1_524' title='bbox 2248 3285 2594 3356; x_wconf 80' lang='lat' dir='ltr'><strong>egredimini</strong></span> <span class='ocrx_word' id='word_1_525' title='bbox 2629 3289 2685 3340; x_wconf 89' lang='lat' dir='ltr'><strong>et</strong></span> <span class='ocrx_word' id='word_1_526' title='bbox 2714 3285 2902 3340; x_wconf 85' lang='lat' dir='ltr'><strong>videte</strong></span> <span class='ocrx_word' id='word_1_527' title='bbox 2934 3303 3233 3354; x_wconf 85' lang='lat' dir='ltr'><strong>coronam,</strong></span> <span class='ocrx_word' id='word_1_528' title='bbox 3289 3305 3402 3359; x_wconf 87' lang='lat' dir='ltr'><strong>qua</strong></span> <span class='ocrx_word' id='word_1_529' title='bbox 3433 3290 3734 3345; x_wconf 88' lang='lat' dir='ltr'><strong>coronavit</strong></span> 
     </span>
    </p>
   </div>
   <div class='ocr_carea' id='block_1_66' title="bbox 302 3359 1961 3450">
    <p class='ocr_par' dir='ltr' id='par_1_66' title="bbox 302 3359 1959 3448">
     <span class='ocr_line' id='line_1_67' title="bbox 302 3359 1959 3448; baseline -0.004 -21"><span class='ocrx_word' id='word_1_530' title='bbox 302 3374 584 3447; x_wconf 76' lang='grc' dir='ltr'>ᾀσμάτων·</span> <span class='ocrx_word' id='word_1_531' title='bbox 655 3397 681 3423; x_wconf 90' lang='grc'><strong>‹‹</strong></span> <span class='ocrx_word' id='word_1_532' title='bbox 737 3359 1032 3448; x_wconf 69' lang='grc' dir='ltr'>Θυγατέρες</span> <span class='ocrx_word' id='word_1_533' title='bbox 1089 3369 1473 3447; x_wconf 76' lang='grc' dir='ltr'>Ἰερουσαλὴμ,</span> <span class='ocrx_word' id='word_1_534' title='bbox 1550 3368 1810 3439; x_wconf 76' lang='grc' dir='ltr'>έξέλθετε,</span> <span class='ocrx_word' id='word_1_535' title='bbox 1870 3367 1959 3421; x_wconf 82' lang='grc' dir='ltr'><strong>καὶ</strong></span> 
     </span>
    </p>
   </div>
   <div class='ocr_carea' id='block_1_67' title="bbox 2074 3359 3734 3450">
    <p class='ocr_par' dir='ltr' id='par_1_67' title="bbox 2076 3375 3734 3450">
     <span class='ocr_line' id='line_1_68' title="bbox 2076 3375 3734 3450; baseline 0.003 -21"><span class='ocrx_word' id='word_1_536' title='bbox 2076 3390 2210 3429; x_wconf 89' lang='lat' dir='ltr'><strong>eum</strong></span> <span class='ocrx_word' id='word_1_537' title='bbox 2249 3378 2578 3441; x_wconf 84' lang='lat' dir='ltr'><strong>matersua,</strong></span> <span class='ocrx_word' id='word_1_538' title='bbox 2600 3397 2626 3422; x_wconf 93' lang='grc'><strong>››</strong></span> <span class='ocrx_word' id='word_1_539' title='bbox 2660 3391 2870 3446; x_wconf 88' lang='lat' dir='ltr'><strong>nempe</strong></span> <span class='ocrx_word' id='word_1_540' title='bbox 2900 3375 3235 3430; x_wconf 66' lang='lat' dir='ltr'><strong>Judazorum</strong></span> <span class='ocrx_word' id='word_1_541' title='bbox 3253 3377 3734 3450; x_wconf 65' lang='lat' dir='ltr'><strong>Synagogaﬁpsa</strong></span> 
     </span>
    </p>
   </div>
   <div class='ocr_carea' id='block_1_68' title="bbox 306 3458 1966 3540">
    <p class='ocr_par' dir='ltr' id='par_1_68' title="bbox 306 3458 1966 3540">
     <span class='ocr_line' id='line_1_69' title="bbox 306 3458 1966 3540; baseline -0.004 -23"><span class='ocrx_word' id='word_1_542' title='bbox 306 3459 446 3518; x_wconf 66' lang='grc' dir='ltr'>ἴδετε</span> <span class='ocrx_word' id='word_1_543' title='bbox 506 3463 598 3518; x_wconf 88' lang='grc' dir='ltr'>τὸν</span> <span class='ocrx_word' id='word_1_544' title='bbox 659 3460 916 3540; x_wconf 75' lang='grc' dir='ltr'>στέφανον</span> <span class='ocrx_word' id='word_1_545' title='bbox 973 3460 1029 3515; x_wconf 78' lang='grc' dir='ltr'>ὅν</span> <span class='ocrx_word' id='word_1_546' title='bbox 1081 3460 1437 3539; x_wconf 71' lang='grc' dir='ltr'>ἐστεφάνωσεν</span> <span class='ocrx_word' id='word_1_547' title='bbox 1488 3458 1647 3513; x_wconf 84' lang='grc' dir='ltr'>αὐτὸν</span> <span class='ocrx_word' id='word_1_548' title='bbox 1702 3459 1736 3528; x_wconf 81' lang='grc' dir='ltr'>ἡ</span> <span class='ocrx_word' id='word_1_549' title='bbox 1782 3459 1966 3532; x_wconf 86' lang='grc' dir='ltr'>μήτηρ</span> 
     </span>
    </p>
   </div>
   <div class='ocr_carea' id='block_1_69' title="bbox 298 3545 1962 3627">
    <p class='ocr_par' dir='ltr' id='par_1_69' title="bbox 298 3545 1962 3627">
     <span class='ocr_line' id='line_1_70' title="bbox 298 3545 1962 3627; baseline -0.003 -20"><span class='ocrx_word' id='word_1_550' title='bbox 298 3553 491 3608; x_wconf 80' lang='grc' dir='ltr'>αὐτοῦ’</span> <span class='ocrx_word' id='word_1_551' title='bbox 527 3575 554 3605; x_wconf 85' lang='lat'><strong>»</strong></span> <span class='ocrx_word' id='word_1_552' title='bbox 587 3553 860 3607; x_wconf 89' lang='grc' dir='ltr'>τουτέστιν</span> <span class='ocrx_word' id='word_1_553' title='bbox 895 3553 929 3621; x_wconf 77' lang='grc' dir='ltr'>ἡ</span> <span class='ocrx_word' id='word_1_554' title='bbox 965 3553 1245 3627; x_wconf 79' lang='grc' dir='ltr'>συναγωγὴ</span> <span class='ocrx_word' id='word_1_555' title='bbox 1279 3555 1385 3604; x_wconf 83' lang='grc' dir='ltr'><strong>τῶν</strong></span> <span class='ocrx_word' id='word_1_556' title='bbox 1421 3545 1696 3605; x_wconf 79' lang='grc' dir='ltr'>Ἰουδαίων</span> <span class='ocrx_word' id='word_1_557' title='bbox 1748 3549 1962 3622; x_wconf 83' lang='grc' dir='ltr'>(μήτηρ</span> 
     </span>
    </p>
   </div>
   <div class='ocr_carea' id='block_1_70' title="bbox 299 3637 1969 3717">
    <p class='ocr_par' dir='ltr' id='par_1_70' title="bbox 299 3637 1969 3717">
     <span class='ocr_line' id='line_1_71' title="bbox 299 3637 1969 3717; baseline -0.006 -20"><span class='ocrx_word' id='word_1_558' title='bbox 299 3643 400 3717; x_wconf 75' lang='grc' dir='ltr'>γὰρ</span> <span class='ocrx_word' id='word_1_559' title='bbox 467 3644 704 3717; x_wconf 81' lang='grc' dir='ltr'>Χριστοῦ</span> <span class='ocrx_word' id='word_1_560' title='bbox 762 3639 896 3711; x_wconf 73' lang='grc' dir='ltr'>αὕτη</span> <span class='ocrx_word' id='word_1_561' title='bbox 958 3641 1092 3694; x_wconf 75' lang='grc' dir='ltr'>κατα</span> <span class='ocrx_word' id='word_1_562' title='bbox 1145 3642 1315 3714; x_wconf 78' lang='grc' dir='ltr'>σάρκα</span> <span class='ocrx_word' id='word_1_563' title='bbox 1373 3643 1620 3708; x_wconf 85' lang='grc' dir='ltr'>νοεῖται),</span> <span class='ocrx_word' id='word_1_564' title='bbox 1682 3637 1731 3692; x_wconf 81' lang='grc' dir='ltr'>ἐν</span> <span class='ocrx_word' id='word_1_565' title='bbox 1787 3637 1969 3710; x_wconf 72' lang='grc' dir='ltr'>ἡμέρᾳ</span> 
     </span>
    </p>
   </div>
   <div class='ocr_carea' id='block_1_71' title="bbox 301 3725 1969 3810">
    <p class='ocr_par' dir='ltr' id='par_1_71' title="bbox 301 3725 1969 3810">
     <span class='ocr_line' id='line_1_72' title="bbox 301 3725 1969 3810; baseline -0.003 -26"><span class='ocrx_word' id='word_1_566' title='bbox 301 3731 661 3810; x_wconf 76' lang='grc' dir='ltr'>νυμφεύσεως</span> <span class='ocrx_word' id='word_1_567' title='bbox 719 3729 907 3799; x_wconf 80' lang='grc' dir='ltr'>αὐτοῦ,</span> <span class='ocrx_word' id='word_1_568' title='bbox 955 3730 1045 3784; x_wconf 84' lang='grc' dir='ltr'><strong>καὶ</strong></span> <span class='ocrx_word' id='word_1_569' title='bbox 1098 3729 1148 3784; x_wconf 86' lang='grc' dir='ltr'><strong>έν</strong></span> <span class='ocrx_word' id='word_1_570' title='bbox 1195 3729 1377 3802; x_wconf 74' lang='grc' dir='ltr'>ἡμέρᾳ</span> <span class='ocrx_word' id='word_1_571' title='bbox 1449 3725 1780 3803; x_wconf 73' lang='grc' dir='ltr'>εὐφροσύνης</span> <span class='ocrx_word' id='word_1_572' title='bbox 1842 3746 1969 3801; x_wconf 86' lang='grc' dir='ltr'>καρ-</span> 
     </span>
    </p>
   </div>
   <div class='ocr_carea' id='block_1_72' title="bbox 303 3815 1965 3896">
    <p class='ocr_par' dir='ltr' id='par_1_72' title="bbox 303 3815 1965 3896">
     <span class='ocr_line' id='line_1_73' title="bbox 303 3815 1965 3896; baseline -0.004 -21"><span class='ocrx_word' id='word_1_573' title='bbox 303 3819 419 3884; x_wconf 83' lang='grc' dir='ltr'>δίας</span> <span class='ocrx_word' id='word_1_574' title='bbox 457 3820 644 3876; x_wconf 84' lang='grc' dir='ltr'>αύτοῦ.</span> <span class='ocrx_word' id='word_1_575' title='bbox 685 3846 705 3871; x_wconf 75' lang='grc' dir='ltr'><strong>ι</strong></span> <span class='ocrx_word' id='word_1_576' title='bbox 744 3817 1032 3896; x_wconf 84' lang='grc' dir='ltr'>Πρόδηλον</span> <span class='ocrx_word' id='word_1_577' title='bbox 1069 3816 1146 3888; x_wconf 72' lang='grc' dir='ltr'>δῖε,</span> <span class='ocrx_word' id='word_1_578' title='bbox 1182 3818 1266 3873; x_wconf 75' lang='grc' dir='ltr'>ὅτι</span> <span class='ocrx_word' id='word_1_579' title='bbox 1379 3818 1561 3893; x_wconf 77' lang='grc' dir='ltr'>ἡμέρα</span> <span class='ocrx_word' id='word_1_580' title='bbox 1607 3821 1705 3870; x_wconf 86' lang='grc' dir='ltr'><strong>τοῦ</strong></span> <span class='ocrx_word' id='word_1_581' title='bbox 1763 3815 1965 3878; x_wconf 78' lang='grc' dir='ltr'>πάθους</span> 
     </span>
    </p>
   </div>
   <div class='ocr_carea' id='block_1_73' title="bbox 304 3903 1968 3987">
    <p class='ocr_par' dir='ltr' id='par_1_73' title="bbox 304 3903 1968 3987">
     <span class='ocr_line' id='line_1_74' title="bbox 304 3903 1968 3987; baseline -0.004 -22"><span class='ocrx_word' id='word_1_582' title='bbox 304 3916 401 3966; x_wconf 87' lang='grc' dir='ltr'><strong>τοῦ</strong></span> <span class='ocrx_word' id='word_1_583' title='bbox 431 3913 674 3987; x_wconf 82' lang='grc' dir='ltr'>Χριστοῦ</span> <span class='ocrx_word' id='word_1_584' title='bbox 705 3911 771 3978; x_wconf 79' lang='grc' dir='ltr'>ἦν</span> <span class='ocrx_word' id='word_1_585' title='bbox 800 3910 983 3986; x_wconf 75' lang='grc' dir='ltr'>ἡμέρα</span> <span class='ocrx_word' id='word_1_586' title='bbox 1012 3907 1343 3987; x_wconf 79' lang='grc' dir='ltr'>εὐφροσύνης</span> <span class='ocrx_word' id='word_1_587' title='bbox 1376 3907 1541 3961; x_wconf 85' lang='grc' dir='ltr'>αὐτοῦ</span> <span class='ocrx_word' id='word_1_588' title='bbox 1588 3903 1676 3960; x_wconf 78' lang='grc' dir='ltr'><strong>διὰ</strong></span> <span class='ocrx_word' id='word_1_589' title='bbox 1705 3906 1803 3973; x_wconf 78' lang='grc' dir='ltr'>τὴν</span> <span class='ocrx_word' id='word_1_590' title='bbox 1856 3926 1968 3959; x_wconf 86' lang='grc' dir='ltr'>σω-</span> 
     </span>
    </p>
   </div>
   <div class='ocr_carea' id='block_1_74' title="bbox 300 3993 1970 4077">
    <p class='ocr_par' dir='ltr' id='par_1_74' title="bbox 300 3993 1970 4077">
     <span class='ocr_line' id='line_1_75' title="bbox 300 3993 1970 4077; baseline -0.005 -21"><span class='ocrx_word' id='word_1_591' title='bbox 300 4002 499 4077; x_wconf 88' lang='grc' dir='ltr'>τηρίαν</span> <span class='ocrx_word' id='word_1_592' title='bbox 552 4002 734 4074; x_wconf 73' lang='grc' dir='ltr'>ἡμῶν.</span> <span class='ocrx_word' id='word_1_593' title='bbox 788 4003 994 4075; x_wconf 86' lang='grc' dir='ltr'>Ὥσπερ</span> <span class='ocrx_word' id='word_1_594' title='bbox 1040 3999 1138 4074; x_wconf 75' lang='grc' dir='ltr'>γὰρ</span> <span class='ocrx_word' id='word_1_595' title='bbox 1189 3995 1410 4060; x_wconf 74' lang='grc' dir='ltr'>ἅκανθαί</span> <span class='ocrx_word' id='word_1_596' title='bbox 1457 4016 1620 4064; x_wconf 66' lang='grc' dir='ltr'>τινες,</span> <span class='ocrx_word' id='word_1_597' title='bbox 1671 3994 1842 4056; x_wconf 69' lang='grc' dir='ltr'>οὕτως</span> <span class='ocrx_word' id='word_1_598' title='bbox 1873 3993 1970 4048; x_wconf 83' lang='grc' dir='ltr'><strong>ὑπ-</strong></span> 
     </span>
    </p>
   </div>
   <div class='ocr_carea' id='block_1_75' title="bbox 303 4083 1964 4166">
    <p class='ocr_par' dir='ltr' id='par_1_75' title="bbox 303 4083 1964 4166">
     <span class='ocr_line' id='line_1_76' title="bbox 303 4083 1964 4166; baseline -0.005 -21"><span class='ocrx_word' id='word_1_599' title='bbox 303 4098 484 4166; x_wconf 82' lang='grc' dir='ltr'>ῆρχον</span> <span class='ocrx_word' id='word_1_600' title='bbox 518 4091 572 4144; x_wconf 73' lang='grc' dir='ltr'>αἱ</span> <span class='ocrx_word' id='word_1_601' title='bbox 607 4089 865 4163; x_wconf 81' lang='grc' dir='ltr'>ἁμαρτίαι</span> <span class='ocrx_word' id='word_1_602' title='bbox 890 4092 986 4142; x_wconf 91' lang='grc' dir='ltr'><strong>τοῦ</strong></span> <span class='ocrx_word' id='word_1_603' title='bbox 1017 4087 1252 4159; x_wconf 85' lang='grc' dir='ltr'>κόσμου,</span> <span class='ocrx_word' id='word_1_604' title='bbox 1286 4087 1524 4153; x_wconf 75' lang='grc' dir='ltr'>ἅστινας,</span> <span class='ocrx_word' id='word_1_605' title='bbox 1560 4083 1733 4148; x_wconf 84' lang='grc' dir='ltr'>ἐλθὼν</span> <span class='ocrx_word' id='word_1_606' title='bbox 1773 4084 1800 4136; x_wconf 92' lang='lat'><strong>6</strong></span> <span class='ocrx_word' id='word_1_607' title='bbox 1833 4085 1964 4157; x_wconf 89' lang='grc' dir='ltr'>Χρι-</span> 
     </span>
    </p>
   </div>
   <div class='ocr_carea' id='block_1_76' title="bbox 304 4171 1966 4252">
    <p class='ocr_par' dir='ltr' id='par_1_76' title="bbox 304 4171 1966 4252">
     <span class='ocr_line' id='line_1_77' title="bbox 304 4171 1966 4252; baseline -0.007 -17"><span class='ocrx_word' id='word_1_608' title='bbox 304 4181 429 4242; x_wconf 88' lang='grc' dir='ltr'>στὸς</span> <span class='ocrx_word' id='word_1_609' title='bbox 466 4181 493 4234; x_wconf 87' lang='lat'><strong>6</strong></span> <span class='ocrx_word' id='word_1_610' title='bbox 550 4181 742 4251; x_wconf 87' lang='grc' dir='ltr'>Ἀμνὸς</span> <span class='ocrx_word' id='word_1_611' title='bbox 788 4176 885 4233; x_wconf 82' lang='grc' dir='ltr'><strong>τοῦ</strong></span> <span class='ocrx_word' id='word_1_612' title='bbox 936 4181 1068 4232; x_wconf 87' lang='grc' dir='ltr'>Θεοῦ</span> <span class='ocrx_word' id='word_1_613' title='bbox 1119 4178 1146 4230; x_wconf 84' lang='lat'><strong>6</strong></span> <span class='ocrx_word' id='word_1_614' title='bbox 1196 4173 1362 4252; x_wconf 59' lang='grc' dir='ltr'>αἴρων</span> <span class='ocrx_word' id='word_1_615' title='bbox 1396 4175 1494 4244; x_wconf 73' lang='grc' dir='ltr'>τὴν</span> <span class='ocrx_word' id='word_1_616' title='bbox 1544 4171 1806 4247; x_wconf 78' lang='grc' dir='ltr'>ἁμαρτίαν</span> <span class='ocrx_word' id='word_1_617' title='bbox 1870 4175 1966 4226; x_wconf 90' lang='grc' dir='ltr'><strong>τοῦ</strong></span> 
     </span>
    </p>
   </div>
   <div class='ocr_carea' id='block_1_77' title="bbox 304 4262 1965 4342">
    <p class='ocr_par' dir='ltr' id='par_1_77' title="bbox 304 4262 1965 4342">
     <span class='ocr_line' id='line_1_78' title="bbox 304 4262 1965 4342; baseline -0.005 -18"><span class='ocrx_word' id='word_1_618' title='bbox 304 4269 540 4342; x_wconf 88' lang='grc' dir='ltr'>κόσμου,</span> <span class='ocrx_word' id='word_1_619' title='bbox 591 4267 858 4341; x_wconf 76' lang='grc' dir='ltr'>ἐξήλειψε.</span> <span class='ocrx_word' id='word_1_620' title='bbox 911 4266 1008 4320; x_wconf 85' lang='grc' dir='ltr'>Καὶ</span> <span class='ocrx_word' id='word_1_621' title='bbox 1059 4267 1297 4340; x_wconf 89' lang='grc' dir='ltr'>καθάπερ</span> <span class='ocrx_word' id='word_1_622' title='bbox 1349 4262 1436 4318; x_wconf 76' lang='grc' dir='ltr'>διὰ</span> <span class='ocrx_word' id='word_1_623' title='bbox 1480 4267 1577 4317; x_wconf 90' lang='grc' dir='ltr'><strong>τοῦ</strong></span> <span class='ocrx_word' id='word_1_624' title='bbox 1628 4266 1839 4337; x_wconf 87' lang='grc' dir='ltr'>καρποῦ</span> <span class='ocrx_word' id='word_1_625' title='bbox 1869 4266 1965 4316; x_wconf 89' lang='grc' dir='ltr'><strong>τοῦ</strong></span> 
     </span>
    </p>
   </div>
   <div class='ocr_carea' id='block_1_78' title="bbox 306 4351 1962 4431">
    <p class='ocr_par' dir='ltr' id='par_1_78' title="bbox 306 4351 1962 4431">
     <span class='ocr_line' id='line_1_79' title="bbox 306 4351 1962 4431; baseline -0.005 -19"><span class='ocrx_word' id='word_1_626' title='bbox 306 4357 474 4429; x_wconf 78' lang='grc' dir='ltr'>ξύλου</span> <span class='ocrx_word' id='word_1_627' title='bbox 507 4359 539 4426; x_wconf 78' lang='grc' dir='ltr'>ἡ</span> <span class='ocrx_word' id='word_1_628' title='bbox 589 4357 845 4431; x_wconf 82' lang='grc' dir='ltr'>ἁμαρτία,</span> <span class='ocrx_word' id='word_1_629' title='bbox 895 4351 1038 4409; x_wconf 70' lang='grc' dir='ltr'>οὕτω</span> <span class='ocrx_word' id='word_1_630' title='bbox 1082 4352 1170 4408; x_wconf 76' lang='grc' dir='ltr'>διὰ</span> <span class='ocrx_word' id='word_1_631' title='bbox 1217 4357 1314 4407; x_wconf 90' lang='grc' dir='ltr'><strong>τοῦ</strong></span> <span class='ocrx_word' id='word_1_632' title='bbox 1346 4352 1510 4423; x_wconf 85' lang='grc' dir='ltr'>ξύλου</span> <span class='ocrx_word' id='word_1_633' title='bbox 1540 4356 1636 4405; x_wconf 91' lang='grc' dir='ltr'><strong>τοῦ</strong></span> <span class='ocrx_word' id='word_1_634' title='bbox 1668 4355 1898 4425; x_wconf 87' lang='grc' dir='ltr'>σταυροῦ</span> <span class='ocrx_word' id='word_1_635' title='bbox 1929 4351 1962 4420; x_wconf 77' lang='grc' dir='ltr'>ἡ</span> 
     </span>
    </p>
   </div>
   <div class='ocr_carea' id='block_1_79' title="bbox 304 4443 1962 4521">
    <p class='ocr_par' dir='ltr' id='par_1_79' title="bbox 304 4443 1962 4521">
     <span class='ocr_line' id='line_1_80' title="bbox 304 4443 1962 4521; baseline -0.005 -19"><span class='ocrx_word' id='word_1_636' title='bbox 304 4443 569 4521; x_wconf 48' lang='grc' dir='ltr'>σωτηρίαι</span> <span class='ocrx_word' id='word_1_637' title='bbox 607 4447 704 4502; x_wconf 82' lang='grc' dir='ltr'>Καὶ</span> <span class='ocrx_word' id='word_1_638' title='bbox 739 4443 827 4500; x_wconf 72' lang='grc' dir='ltr'>διὸ.</span> <span class='ocrx_word' id='word_1_639' title='bbox 851 4450 1013 4500; x_wconf 89' lang='grc' dir='ltr'>τοῦτο</span> <span class='ocrx_word' id='word_1_640' title='bbox 1046 4443 1096 4497; x_wconf 85' lang='grc' dir='ltr'><strong>ἐν</strong></span> <span class='ocrx_word' id='word_1_641' title='bbox 1132 4445 1296 4515; x_wconf 85' lang='grc' dir='ltr'>κήπῳ</span> <span class='ocrx_word' id='word_1_642' title='bbox 1325 4443 1388 4496; x_wconf 83' lang='grc' dir='ltr'>τὸ</span> <span class='ocrx_word' id='word_1_643' title='bbox 1440 4443 1612 4504; x_wconf 81' lang='grc' dir='ltr'>πάθος</span> <span class='ocrx_word' id='word_1_644' title='bbox 1671 4445 1769 4495; x_wconf 85' lang='grc' dir='ltr'><strong>τοῦ</strong></span> <span class='ocrx_word' id='word_1_645' title='bbox 1828 4444 1962 4516; x_wconf 85' lang='grc' dir='ltr'>Χρι-</span> 
     </span>
    </p>
   </div>
   <div class='ocr_carea' id='block_1_80' title="bbox 301 4526 1958 4612">
    <p class='ocr_par' dir='ltr' id='par_1_80' title="bbox 301 4526 1958 4612">
     <span class='ocr_line' id='line_1_81' title="bbox 301 4526 1958 4612; baseline -0.003 -20"><span class='ocrx_word' id='word_1_646' title='bbox 301 4542 432 4592; x_wconf 80' lang='grc' dir='ltr'>στοῦ</span> <span class='ocrx_word' id='word_1_647' title='bbox 483 4539 727 4612; x_wconf 85' lang='grc' dir='ltr'>γέγονεν,</span> <span class='ocrx_word' id='word_1_648' title='bbox 774 4532 961 4603; x_wconf 80' lang='grc' dir='ltr'>ἐπειδή</span> <span class='ocrx_word' id='word_1_649' title='bbox 1015 4533 1065 4588; x_wconf 88' lang='grc' dir='ltr'><strong>έν</strong></span> <span class='ocrx_word' id='word_1_650' title='bbox 1109 4529 1418 4607; x_wconf 86' lang='grc' dir='ltr'>παραδείσῳ</span> <span class='ocrx_word' id='word_1_651' title='bbox 1449 4526 1661 4607; x_wconf 76' lang='grc' dir='ltr'>παρέϐη</span> <span class='ocrx_word' id='word_1_652' title='bbox 1699 4531 1726 4585; x_wconf 92' lang='lat'><strong>6</strong></span> <span class='ocrx_word' id='word_1_653' title='bbox 1761 4527 1958 4604; x_wconf 85' lang='grc' dir='ltr'>Ἀδάμ.</span> 
     </span>
    </p>
   </div>
   <div class='ocr_carea' id='block_1_81' title="bbox 301 4619 1963 4700">
    <p class='ocr_par' dir='ltr' id='par_1_81' title="bbox 301 4619 1963 4700">
     <span class='ocr_line' id='line_1_82' title="bbox 301 4619 1963 4700; baseline -0.006 -17"><span class='ocrx_word' id='word_1_654' title='bbox 301 4635 401 4683; x_wconf 71' lang='lat' dir='ltr'><strong>ma</strong></span> <span class='ocrx_word' id='word_1_655' title='bbox 428 4631 591 4682; x_wconf 88' lang='grc' dir='ltr'>τοῦτο</span> <span class='ocrx_word' id='word_1_656' title='bbox 637 4626 726 4680; x_wconf 84' lang='grc' dir='ltr'><strong>καὶ</strong></span> <span class='ocrx_word' id='word_1_657' title='bbox 778 4622 957 4700; x_wconf 73' lang='grc' dir='ltr'>λῃστῇ</span> <span class='ocrx_word' id='word_1_658' title='bbox 1018 4620 1341 4698; x_wconf 86' lang='grc' dir='ltr'>παράδεισος</span> <span class='ocrx_word' id='word_1_659' title='bbox 1389 4621 1494 4676; x_wconf 82' lang='grc' dir='ltr'><strong>ἀπὸ</strong></span> <span class='ocrx_word' id='word_1_660' title='bbox 1543 4625 1773 4695; x_wconf 86' lang='grc' dir='ltr'>σταυροῦ</span> <span class='ocrx_word' id='word_1_661' title='bbox 1821 4619 1963 4674; x_wconf 82' lang='grc' dir='ltr'>ἀνοί-</span> 
     </span>
    </p>
   </div>
   <div class='ocr_carea' id='block_1_82' title="bbox 297 4709 1961 4793">
    <p class='ocr_par' dir='ltr' id='par_1_82' title="bbox 297 4709 1956 4793">
     <span class='ocr_line' id='line_1_83' title="bbox 297 4709 1956 4793; baseline -0.005 -20"><span class='ocrx_word' id='word_1_662' title='bbox 297 4736 473 4793; x_wconf 86' lang='grc' dir='ltr'>γεται·</span> <span class='ocrx_word' id='word_1_663' title='bbox 505 4713 594 4770; x_wconf 74' lang='grc' dir='ltr'>διὰ</span> <span class='ocrx_word' id='word_1_664' title='bbox 629 4719 792 4770; x_wconf 88' lang='grc' dir='ltr'>τοῦτο</span> <span class='ocrx_word' id='word_1_665' title='bbox 853 4711 909 4768; x_wconf 75' lang='grc' dir='ltr'><strong>δε</strong></span> <span class='ocrx_word' id='word_1_666' title='bbox 954 4713 1042 4766; x_wconf 83' lang='grc' dir='ltr'><strong>καὶ</strong></span> <span class='ocrx_word' id='word_1_667' title='bbox 1093 4711 1208 4786; x_wconf 73' lang='grc' dir='ltr'>ὥρᾳ</span> <span class='ocrx_word' id='word_1_668' title='bbox 1258 4709 1383 4784; x_wconf 64' lang='grc' dir='ltr'><strong>ἔκτγΙ</strong></span> <span class='ocrx_word' id='word_1_669' title='bbox 1432 4712 1459 4764; x_wconf 92' lang='lat'><strong>6</strong></span> <span class='ocrx_word' id='word_1_670' title='bbox 1510 4709 1740 4785; x_wconf 82' lang='grc' dir='ltr'>Χριστὸς</span> <span class='ocrx_word' id='word_1_671' title='bbox 1801 4731 1956 4764; x_wconf 88' lang='grc' dir='ltr'>σταυ-</span> 
     </span>
    </p>
   </div>
   <div class='ocr_carea' id='block_1_83' title="bbox 2074 4709 2900 4793">
    <p class='ocr_par' dir='ltr' id='par_1_83' title="bbox 2074 4712 2900 4768">
     <span class='ocr_line' id='line_1_84' title="bbox 2074 4712 2900 4768; baseline -0.001 -1"><span class='ocrx_word' id='word_1_672' title='bbox 2074 4718 2135 4767; x_wconf 88' lang='lat' dir='ltr'><strong>ut</strong></span> <span class='ocrx_word' id='word_1_673' title='bbox 2163 4712 2489 4768; x_wconf 85' lang='lat' dir='ltr'><strong>libertatem</strong></span> <span class='ocrx_word' id='word_1_674' title='bbox 2525 4713 2693 4767; x_wconf 89' lang='lat' dir='ltr'><strong>nobis</strong></span> <span class='ocrx_word' id='word_1_675' title='bbox 2724 4714 2900 4767; x_wconf 84' lang='lat' dir='ltr'><strong>donet</strong></span> 
     </span>
    </p>
   </div>
   <div class='ocr_carea' id='block_1_84' title="bbox 298 4797 1954 4881">
    <p class='ocr_par' dir='ltr' id='par_1_84' title="bbox 298 4797 1954 4881">
     <span class='ocr_line' id='line_1_85' title="bbox 298 4797 1954 4881; baseline -0.006 -20"><span class='ocrx_word' id='word_1_676' title='bbox 298 4811 511 4881; x_wconf 84' lang='grc' dir='ltr'><strong>ροῦται⁹</strong></span> <span class='ocrx_word' id='word_1_677' title='bbox 545 4801 732 4872; x_wconf 79' lang='grc' dir='ltr'>ἐπειδή</span> <span class='ocrx_word' id='word_1_678' title='bbox 765 4804 826 4857; x_wconf 85' lang='grc' dir='ltr'>τὸ</span> <span class='ocrx_word' id='word_1_679' title='bbox 859 4801 1091 4858; x_wconf 87' lang='grc' dir='ltr'>δειλινὸν</span> <span class='ocrx_word' id='word_1_680' title='bbox 1135 4803 1162 4855; x_wconf 91' lang='grc' dir='ltr'>ὁ</span> <span class='ocrx_word' id='word_1_681' title='bbox 1213 4797 1392 4872; x_wconf 70' lang='grc' dir='ltr'>Ἀδὰμ</span> <span class='ocrx_word' id='word_1_682' title='bbox 1424 4799 1710 4874; x_wconf 80' lang='grc' dir='ltr'>ἐξωρισθη.</span> <span class='ocrx_word' id='word_1_683' title='bbox 1763 4797 1954 4868; x_wconf 78' lang='grc' dir='ltr'>Χολῆς</span> 
     </span>
    </p>
   </div>
   <div class='ocr_carea' id='block_1_85' title="bbox 295 4885 1955 4972">
    <p class='ocr_par' dir='ltr' id='par_1_85' title="bbox 295 4885 1955 4972">
     <span class='ocr_line' id='line_1_86' title="bbox 295 4885 1955 4972; baseline -0.005 -22"><span class='ocrx_word' id='word_1_684' title='bbox 295 4897 531 4972; x_wconf 81' lang='grc' dir='ltr'>γεύεται,</span> <span class='ocrx_word' id='word_1_685' title='bbox 579 4895 670 4949; x_wconf 83' lang='grc' dir='ltr'>ἳνα</span> <span class='ocrx_word' id='word_1_686' title='bbox 713 4894 813 4962; x_wconf 78' lang='grc' dir='ltr'>τήν</span> <span class='ocrx_word' id='word_1_687' title='bbox 864 4891 1179 4968; x_wconf 86' lang='grc' dir='ltr'>γλυκύτητα</span> <span class='ocrx_word' id='word_1_688' title='bbox 1221 4892 1317 4958; x_wconf 73' lang='grc' dir='ltr'>τῆς</span> <span class='ocrx_word' id='word_1_689' title='bbox 1368 4895 1564 4962; x_wconf 80' lang='grc' dir='ltr'>πικρᾶς</span> <span class='ocrx_word' id='word_1_690' title='bbox 1613 4885 1812 4956; x_wconf 74' lang='grc' dir='ltr'>ἡδονῆς</span> <span class='ocrx_word' id='word_1_691' title='bbox 1859 4891 1955 4941; x_wconf 91' lang='grc' dir='ltr'><strong>τοῦ</strong></span> 
     </span>
    </p>
   </div>
   <div class='ocr_carea' id='block_1_86' title="bbox 293 4974 1951 5058">
    <p class='ocr_par' dir='ltr' id='par_1_86' title="bbox 293 4974 1951 5058">
     <span class='ocr_line' id='line_1_87' title="bbox 293 4974 1951 5058; baseline -0.008 -17"><span class='ocrx_word' id='word_1_692' title='bbox 293 4983 472 5058; x_wconf 72' lang='grc' dir='ltr'>Ἀδὰμ</span> <span class='ocrx_word' id='word_1_693' title='bbox 523 4984 761 5052; x_wconf 80' lang='grc' dir='ltr'>ἰάσηται’</span> <span class='ocrx_word' id='word_1_694' title='bbox 816 4981 1112 5056; x_wconf 66' lang='grc' dir='ltr'>ῥαπίζεται,</span> <span class='ocrx_word' id='word_1_695' title='bbox 1161 4977 1252 5032; x_wconf 73' lang='grc' dir='ltr'>’ίνα</span> <span class='ocrx_word' id='word_1_696' title='bbox 1296 4978 1418 5051; x_wconf 80' lang='grc' dir='ltr'>ἐμοὶ</span> <span class='ocrx_word' id='word_1_697' title='bbox 1484 4978 1581 5045; x_wconf 80' lang='grc' dir='ltr'>τήν</span> <span class='ocrx_word' id='word_1_698' title='bbox 1648 4974 1951 5051; x_wconf 73' lang='grc' dir='ltr'>ἐλευθερίαν</span> 
     </span>
    </p>
   </div>
   <div class='ocr_carea' id='block_1_87' title="bbox 295 5065 1952 5150">
    <p class='ocr_par' dir='ltr' id='par_1_87' title="bbox 295 5065 1952 5150">
     <span class='ocr_line' id='line_1_88' title="bbox 295 5065 1952 5150; baseline -0.007 -21"><span class='ocrx_word' id='word_1_699' title='bbox 295 5073 619 5150; x_wconf 85' lang='grc' dir='ltr'>χαρίσηται·</span> <span class='ocrx_word' id='word_1_700' title='bbox 675 5071 992 5145; x_wconf 84' lang='grc' dir='ltr'>έμπτύεται,</span> <span class='ocrx_word' id='word_1_701' title='bbox 1036 5067 1127 5122; x_wconf 65' lang='grc' dir='ltr'>’ίνα</span> <span class='ocrx_word' id='word_1_702' title='bbox 1174 5071 1235 5122; x_wconf 86' lang='grc' dir='ltr'><strong>τὸ</strong></span> <span class='ocrx_word' id='word_1_703' title='bbox 1314 5066 1611 5144; x_wconf 65' lang='grc' dir='ltr'>ἐμφύσημα</span> <span class='ocrx_word' id='word_1_704' title='bbox 1657 5070 1754 5120; x_wconf 82' lang='grc' dir='ltr'><strong>τοῦ</strong></span> <span class='ocrx_word' id='word_1_705' title='bbox 1802 5065 1952 5139; x_wconf 81' lang='grc' dir='ltr'>ἁγίου</span> 
     </span>
    </p>
   </div>
   <div class='ocr_carea' id='block_1_88' title="bbox 295 5152 1951 5235">
    <p class='ocr_par' dir='ltr' id='par_1_88' title="bbox 295 5152 1951 5235">
     <span class='ocr_line' id='line_1_89' title="bbox 295 5152 1951 5235; baseline -0.007 -17"><span class='ocrx_word' id='word_1_706' title='bbox 295 5163 611 5234; x_wconf 85' lang='grc' dir='ltr'>Πνεύματος</span> <span class='ocrx_word' id='word_1_707' title='bbox 688 5163 822 5234; x_wconf 73' lang='grc' dir='ltr'>ἡμῖν</span> <span class='ocrx_word' id='word_1_708' title='bbox 902 5157 1218 5235; x_wconf 82' lang='grc' dir='ltr'>χαρίσηται·</span> <span class='ocrx_word' id='word_1_709' title='bbox 1282 5155 1700 5233; x_wconf 73' lang='grc' dir='ltr'>φραγγελοῦται,</span> <span class='ocrx_word' id='word_1_710' title='bbox 1747 5152 1834 5207; x_wconf 74' lang='grc' dir='ltr'>’ίνα</span> <span class='ocrx_word' id='word_1_711' title='bbox 1891 5153 1951 5207; x_wconf 86' lang='grc' dir='ltr'>τὸ</span> 
     </span>
    </p>
   </div>
   <div class='ocr_carea' id='block_1_89' title="bbox 293 5244 1948 5327">
    <p class='ocr_par' dir='ltr' id='par_1_89' title="bbox 293 5244 1948 5327">
     <span class='ocr_line' id='line_1_90' title="bbox 293 5244 1948 5327; baseline -0.007 -18"><span class='ocrx_word' id='word_1_712' title='bbox 293 5253 382 5309; x_wconf 73' lang='grc' dir='ltr'><strong>έπῖ</strong></span> <span class='ocrx_word' id='word_1_713' title='bbox 413 5258 511 5308; x_wconf 87' lang='grc' dir='ltr'><strong>τοῦ</strong></span> <span class='ocrx_word' id='word_1_714' title='bbox 541 5254 719 5307; x_wconf 88' lang='grc' dir='ltr'>νώτου</span> <span class='ocrx_word' id='word_1_715' title='bbox 753 5251 911 5323; x_wconf 78' lang='grc' dir='ltr'>ἡμῶν</span> <span class='ocrx_word' id='word_1_716' title='bbox 945 5269 1166 5327; x_wconf 75' lang='grc' dir='ltr'>φορτιον</span> <span class='ocrx_word' id='word_1_717' title='bbox 1201 5252 1305 5301; x_wconf 81' lang='grc' dir='ltr'><strong>τῶν</strong></span> <span class='ocrx_word' id='word_1_718' title='bbox 1342 5248 1621 5319; x_wconf 77' lang='grc' dir='ltr'>ἁμαρτιῶν</span> <span class='ocrx_word' id='word_1_719' title='bbox 1654 5244 1948 5320; x_wconf 72' lang='grc' dir='ltr'>σκορπίσῃο</span> 
     </span>
    </p>
   </div>
   <div class='ocr_carea' id='block_1_90' title="bbox 289 5334 1946 5420">
    <p class='ocr_par' dir='ltr' id='par_1_90' title="bbox 289 5334 1946 5420">
     <span class='ocr_line' id='line_1_91' title="bbox 289 5334 1946 5420; baseline -0.006 -23"><span class='ocrx_word' id='word_1_720' title='bbox 289 5346 592 5420; x_wconf 87' lang='grc' dir='ltr'>γυμνοῦται</span> <span class='ocrx_word' id='word_1_721' title='bbox 626 5339 677 5395; x_wconf 75' lang='grc' dir='ltr'>ἐν</span> <span class='ocrx_word' id='word_1_722' title='bbox 717 5339 885 5411; x_wconf 80' lang='grc' dir='ltr'>ξύλῳ,</span> <span class='ocrx_word' id='word_1_723' title='bbox 937 5336 1028 5392; x_wconf 72' lang='grc' dir='ltr'>’ίνα</span> <span class='ocrx_word' id='word_1_724' title='bbox 1074 5339 1172 5406; x_wconf 69' lang='grc' dir='ltr'>τὴν</span> <span class='ocrx_word' id='word_1_725' title='bbox 1215 5336 1353 5408; x_wconf 69' lang='grc' dir='ltr'>ἐμὴν</span> <span class='ocrx_word' id='word_1_726' title='bbox 1384 5334 1650 5410; x_wconf 82' lang='grc' dir='ltr'>αἰσχύνην</span> <span class='ocrx_word' id='word_1_727' title='bbox 1684 5335 1946 5408; x_wconf 81' lang='grc' dir='ltr'>σκεπάσῃ·</span> 
     </span>
    </p>
   </div>
   <div class='ocr_carea' id='block_1_91' title="bbox 291 5421 1950 5501">
    <p class='ocr_par' dir='ltr' id='par_1_91' title="bbox 291 5421 1950 5501">
     <span class='ocr_line' id='line_1_92' title="bbox 291 5421 1950 5501; baseline -0.005 -14"><span class='ocrx_word' id='word_1_728' title='bbox 291 5435 636 5501; x_wconf 84' lang='grc' dir='ltr'>θανατοῦται,</span> <span class='ocrx_word' id='word_1_729' title='bbox 716 5429 801 5482; x_wconf 84' lang='grc' dir='ltr'>’ίνα</span> <span class='ocrx_word' id='word_1_730' title='bbox 866 5427 966 5500; x_wconf 76' lang='grc' dir='ltr'>ἐμὲ</span> <span class='ocrx_word' id='word_1_731' title='bbox 1020 5427 1352 5499; x_wconf 75' lang='grc' dir='ltr'>ζωοποιήσῃ’</span> <span class='ocrx_word' id='word_1_732' title='bbox 1415 5424 1808 5499; x_wconf 83' lang='grc' dir='ltr'>κατακρίνεται,</span> <span class='ocrx_word' id='word_1_733' title='bbox 1859 5421 1950 5478; x_wconf 71' lang='grc' dir='ltr'>’ίνα</span> 
     </span>
    </p>
   </div>
   <div class='ocr_carea' id='block_1_92' title="bbox 364 5590 1531 5663">
    <p class='ocr_par' dir='ltr' id='par_1_92' title="bbox 364 5590 1531 5663">
     <span class='ocr_line' id='line_1_93' title="bbox 364 5590 1531 5663; baseline -0.012 -7"><span class='ocrx_word' id='word_1_734' title='bbox 364 5597 412 5634; x_wconf 81' lang='grc'><strong>⁸⁸</strong></span> <span class='ocrx_word' id='word_1_735' title='bbox 441 5597 592 5654; x_wconf 88' lang='lat' dir='ltr'><strong>Psal.</strong></span> <span class='ocrx_word' id='word_1_736' title='bbox 624 5611 815 5663; x_wconf 71' lang='lat' dir='ltr'><strong>xxxxv,</strong></span> <span class='ocrx_word' id='word_1_737' title='bbox 849 5594 935 5661; x_wconf 90' lang='grc'><strong>11,</strong></span> <span class='ocrx_word' id='word_1_738' title='bbox 971 5593 1056 5646; x_wconf 87' lang='grc'><strong>12.</strong></span> <span class='ocrx_word' id='word_1_739' title='bbox 1171 5591 1216 5626; x_wconf 76' lang='grc'><strong>³⁵</strong></span> <span class='ocrx_word' id='word_1_740' title='bbox 1250 5591 1358 5646; x_wconf 86' lang='lat' dir='ltr'><strong>lsa.</strong></span> <span class='ocrx_word' id='word_1_741' title='bbox 1393 5607 1443 5657; x_wconf 88' lang='lat' dir='ltr'><strong>L,</strong></span> <span class='ocrx_word' id='word_1_742' title='bbox 1477 5590 1531 5642; x_wconf 89' lang='lat'>6.</span> 
     </span>
    </p>
   </div>
   <div class='ocr_carea' id='block_1_93' title="bbox 295 5664 1050 5739">
    <p class='ocr_par' dir='ltr' id='par_1_93' title="bbox 295 5664 1050 5739">
     <span class='ocr_line' id='line_1_94' title="bbox 295 5664 1050 5739; baseline -0.012 -12"><span class='ocrx_word' id='word_1_743' title='bbox 295 5688 376 5739; x_wconf 79' lang='lat' dir='ltr'><strong>ix,</strong></span> <span class='ocrx_word' id='word_1_744' title='bbox 406 5671 460 5726; x_wconf 89' lang='lat'><strong>6.</strong></span> <span class='ocrx_word' id='word_1_745' title='bbox 573 5668 619 5704; x_wconf 74' lang='grc'><strong>⁴⁰</strong></span> <span class='ocrx_word' id='word_1_746' title='bbox 647 5667 812 5725; x_wconf 85' lang='lat' dir='ltr'><strong>Cant.</strong></span> <span class='ocrx_word' id='word_1_747' title='bbox 844 5681 930 5732; x_wconf 82' lang='lat' dir='ltr'><strong>In,</strong></span> <span class='ocrx_word' id='word_1_748' title='bbox 963 5664 1050 5719; x_wconf 90' lang='grc'><strong>11.</strong></span> 
     </span>
    </p>
   </div>
   <div class='ocr_carea' id='block_1_94' title="bbox 371 5804 1750 5895">
    <p class='ocr_par' dir='ltr' id='par_1_94' title="bbox 371 5804 1750 5895">
     <span class='ocr_line' id='line_1_95' title="bbox 371 5804 1750 5895; baseline -0.012 -15"><span class='ocrx_word' id='word_1_749' title='bbox 371 5821 484 5894; x_wconf 81' lang='grc'><strong>(77)</strong></span> <span class='ocrx_word' id='word_1_750' title='bbox 516 5825 654 5893; x_wconf 81' lang='lat' dir='ltr'><strong>Reg.</strong></span> <span class='ocrx_word' id='word_1_751' title='bbox 685 5820 742 5892; x_wconf 84' lang='lat'><strong>3,</strong></span> <span class='ocrx_word' id='word_1_752' title='bbox 774 5823 873 5890; x_wconf 86' lang='grc' dir='ltr'>τῆς</span> <span class='ocrx_word' id='word_1_753' title='bbox 903 5815 1172 5895; x_wconf 81' lang='grc' dir='ltr'>πράσεως.</span> <span class='ocrx_word' id='word_1_754' title='bbox 1207 5813 1382 5883; x_wconf 83' lang='lat' dir='ltr'><strong>Editi,</strong></span> <span class='ocrx_word' id='word_1_755' title='bbox 1414 5804 1750 5888; x_wconf 70' lang='grc' dir='ltr'>προδόσεως.</span> 
     </span>
    </p>
   </div>
   <div class='ocr_carea' id='block_1_95' title="bbox 1643 5587 2230 5658">
    <p class='ocr_par' dir='ltr' id='par_1_95' title="bbox 1643 5587 2230 5658">
     <span class='ocr_line' id='line_1_96' title="bbox 1643 5587 2230 5658; baseline -0.002 -13"><span class='ocrx_word' id='word_1_756' title='bbox 1643 5589 1687 5624; x_wconf 81' lang='grc'>⁸⁷</span> <span class='ocrx_word' id='word_1_757' title='bbox 1721 5587 1871 5658; x_wconf 86' lang='lat' dir='ltr'><strong>Psal,</strong></span> <span class='ocrx_word' id='word_1_758' title='bbox 1899 5605 2111 5658; x_wconf 80' lang='lat' dir='ltr'><strong>xxxvu,</strong></span> <span class='ocrx_word' id='word_1_759' title='bbox 2153 5589 2230 5644; x_wconf 70' lang='lat' dir='ltr'><strong>li.</strong></span> 
     </span>
    </p>
   </div>
   <div class='ocr_carea' id='block_1_96' title="bbox 2082 3461 3731 3539">
    <p class='ocr_par' dir='ltr' id='par_1_96' title="bbox 2082 3461 3731 3539">
     <span class='ocr_line' id='line_1_97' title="bbox 2082 3461 3731 3539; baseline 0.002 -21"><span class='ocrx_word' id='word_1_760' title='bbox 2082 3463 2238 3518; x_wconf 88' lang='lat' dir='ltr'><strong>enim</strong></span> <span class='ocrx_word' id='word_1_761' title='bbox 2265 3467 2452 3518; x_wconf 81' lang='lat' dir='ltr'><strong>mater</strong></span> <span class='ocrx_word' id='word_1_762' title='bbox 2476 3461 2694 3518; x_wconf 84' lang='lat' dir='ltr'><strong>Christi</strong></span> <span class='ocrx_word' id='word_1_763' title='bbox 2729 3465 3054 3519; x_wconf 90' lang='lat' dir='ltr'><strong>secundum</strong></span> <span class='ocrx_word' id='word_1_764' title='bbox 3084 3467 3650 3539; x_wconf 86' lang='lat' dir='ltr'><strong>carnemintelligitu</strong></span> <span class='ocrx_word' id='word_1_765' title='bbox 3664 3471 3731 3538; x_wconf 89' lang='lat' dir='ltr'><strong>r),</strong></span> 
     </span>
    </p>
   </div>
   <div class='ocr_carea' id='block_1_97' title="bbox 2084 3552 3733 3624">
    <p class='ocr_par' dir='ltr' id='par_1_97' title="bbox 2084 3552 3733 3624">
     <span class='ocr_line' id='line_1_98' title="bbox 2084 3552 3733 3624; baseline 0.006 -21"><span class='ocrx_word' id='word_1_766' title='bbox 2084 3575 2109 3603; x_wconf 93' lang='grc'><em>‹‹</em></span> <span class='ocrx_word' id='word_1_767' title='bbox 2142 3553 2198 3606; x_wconf 83' lang='grc' dir='ltr'>ἱη</span> <span class='ocrx_word' id='word_1_768' title='bbox 2233 3552 2324 3608; x_wconf 91' lang='lat' dir='ltr'><strong>die</strong></span> <span class='ocrx_word' id='word_1_769' title='bbox 2355 3553 2832 3624; x_wconf 88' lang='lat' dir='ltr'><strong>desponsationis</strong></span> <span class='ocrx_word' id='word_1_770' title='bbox 2861 3554 3074 3624; x_wconf 86' lang='lat' dir='ltr'><strong>ejus,et</strong></span> <span class='ocrx_word' id='word_1_771' title='bbox 3105 3555 3163 3608; x_wconf 92' lang='lat' dir='ltr'><strong>in</strong></span> <span class='ocrx_word' id='word_1_772' title='bbox 3195 3555 3288 3610; x_wconf 92' lang='lat' dir='ltr'><strong>die</strong></span> <span class='ocrx_word' id='word_1_773' title='bbox 3321 3556 3733 3614; x_wconf 79' lang='lat' dir='ltr'><strong>exsultationis</strong></span> 
     </span>
    </p>
   </div>
   <div class='ocr_carea' id='block_1_98' title="bbox 2080 3641 3733 3716">
    <p class='ocr_par' dir='ltr' id='par_1_98' title="bbox 2080 3641 3733 3716">
     <span class='ocr_line' id='line_1_99' title="bbox 2080 3641 3733 3716; baseline 0.003 -18"><span class='ocrx_word' id='word_1_774' title='bbox 2080 3642 2272 3698; x_wconf 85' lang='lat' dir='ltr'><strong>cordis</strong></span> <span class='ocrx_word' id='word_1_775' title='bbox 2305 3641 2483 3697; x_wconf 90' lang='lat' dir='ltr'><strong>illius.</strong></span> <span class='ocrx_word' id='word_1_776' title='bbox 2528 3665 2556 3692; x_wconf 89' lang='lat'><strong>»</strong></span> <span class='ocrx_word' id='word_1_777' title='bbox 2594 3642 2965 3699; x_wconf 80' lang='lat' dir='ltr'><strong>Manifestum</strong></span> <span class='ocrx_word' id='word_1_778' title='bbox 3019 3648 3215 3700; x_wconf 87' lang='lat' dir='ltr'><strong>autem</strong></span> <span class='ocrx_word' id='word_1_779' title='bbox 3264 3650 3353 3701; x_wconf 90' lang='lat' dir='ltr'><strong>est</strong></span> <span class='ocrx_word' id='word_1_780' title='bbox 3385 3646 3563 3712; x_wconf 88' lang='lat' dir='ltr'><strong>diem,</strong></span> <span class='ocrx_word' id='word_1_781' title='bbox 3615 3664 3733 3716; x_wconf 89' lang='lat' dir='ltr'><strong>qua</strong></span> 
     </span>
    </p>
   </div>
   <div class='ocr_carea' id='block_1_99' title="bbox 2080 3731 3733 3805">
    <p class='ocr_par' dir='ltr' id='par_1_99' title="bbox 2080 3731 3733 3805">
     <span class='ocr_line' id='line_1_100' title="bbox 2080 3731 3733 3805; baseline 0.003 -18"><span class='ocrx_word' id='word_1_782' title='bbox 2080 3749 2293 3805; x_wconf 86' lang='lat' dir='ltr'><strong>passus</strong></span> <span class='ocrx_word' id='word_1_783' title='bbox 2324 3737 2413 3786; x_wconf 88' lang='lat' dir='ltr'><strong>est</strong></span> <span class='ocrx_word' id='word_1_784' title='bbox 2443 3731 2733 3802; x_wconf 87' lang='lat' dir='ltr'><strong>Christus,</strong></span> <span class='ocrx_word' id='word_1_785' title='bbox 2767 3733 2921 3788; x_wconf 89' lang='lat' dir='ltr'><strong>diem</strong></span> <span class='ocrx_word' id='word_1_786' title='bbox 2957 3734 3086 3803; x_wconf 84' lang='lat' dir='ltr'><strong>ejus</strong></span> <span class='ocrx_word' id='word_1_787' title='bbox 3111 3733 3520 3791; x_wconf 85' lang='lat' dir='ltr'><strong>exsultationis</strong></span> <span class='ocrx_word' id='word_1_788' title='bbox 3551 3735 3733 3793; x_wconf 82' lang='lat' dir='ltr'><strong>fuisse</strong></span> 
     </span>
    </p>
   </div>
   <div class='ocr_carea' id='block_1_100' title="bbox 2080 3821 3729 3896">
    <p class='ocr_par' dir='ltr' id='par_1_100' title="bbox 2080 3821 3729 3896">
     <span class='ocr_line' id='line_1_101' title="bbox 2080 3821 3729 3896; baseline 0.003 -20"><span class='ocrx_word' id='word_1_789' title='bbox 2080 3826 2315 3893; x_wconf 86' lang='lat' dir='ltr'><strong>propter</strong></span> <span class='ocrx_word' id='word_1_790' title='bbox 2345 3821 2590 3877; x_wconf 87' lang='lat' dir='ltr'><strong>salutem</strong></span> <span class='ocrx_word' id='word_1_791' title='bbox 2634 3826 2918 3878; x_wconf 70' lang='lat' dir='ltr'><strong>nostram.</strong></span> <span class='ocrx_word' id='word_1_792' title='bbox 2973 3824 3165 3878; x_wconf 89' lang='lat' dir='ltr'><strong>lnstar</strong></span> <span class='ocrx_word' id='word_1_793' title='bbox 3215 3823 3368 3879; x_wconf 88' lang='lat' dir='ltr'><strong>enim</strong></span> <span class='ocrx_word' id='word_1_794' title='bbox 3420 3825 3729 3896; x_wconf 80' lang='lat' dir='ltr'><strong>Spinarum</strong></span> 
     </span>
    </p>
   </div>
   <div class='ocr_carea' id='block_1_101' title="bbox 2081 3910 3725 3984">
    <p class='ocr_par' dir='ltr' id='par_1_101' title="bbox 2081 3910 3725 3984">
     <span class='ocr_line' id='line_1_102' title="bbox 2081 3910 3725 3984; baseline 0.003 -19"><span class='ocrx_word' id='word_1_795' title='bbox 2081 3911 2239 3966; x_wconf 79' lang='lat' dir='ltr'><strong>fuere</strong></span> <span class='ocrx_word' id='word_1_796' title='bbox 2271 3910 2478 3965; x_wconf 89' lang='lat' dir='ltr'><strong>mundi</strong></span> <span class='ocrx_word' id='word_1_797' title='bbox 2511 3916 2767 3982; x_wconf 87' lang='lat' dir='ltr'><strong>peccata,</strong></span> <span class='ocrx_word' id='word_1_798' title='bbox 2817 3929 2940 3980; x_wconf 73' lang='lat' dir='ltr'><strong>quze</strong></span> <span class='ocrx_word' id='word_1_799' title='bbox 2973 3929 3080 3968; x_wconf 91' lang='lat' dir='ltr'><strong>suo</strong></span> <span class='ocrx_word' id='word_1_800' title='bbox 3129 3913 3377 3968; x_wconf 89' lang='lat' dir='ltr'><strong>adventu</strong></span> <span class='ocrx_word' id='word_1_801' title='bbox 3437 3913 3725 3984; x_wconf 77' lang='lat' dir='ltr'><strong>Christus,</strong></span> 
     </span>
    </p>
   </div>
   <div class='ocr_carea' id='block_1_102' title="bbox 2077 4000 3727 4073">
    <p class='ocr_par' dir='ltr' id='par_1_102' title="bbox 2077 4000 3727 4073">
     <span class='ocr_line' id='line_1_103' title="bbox 2077 4000 3727 4073; baseline 0.004 -19"><span class='ocrx_word' id='word_1_802' title='bbox 2077 4001 2279 4071; x_wconf 88' lang='lat' dir='ltr'><strong>Agnus</strong></span> <span class='ocrx_word' id='word_1_803' title='bbox 2314 4000 2431 4064; x_wconf 89' lang='lat' dir='ltr'><strong>Dei,</strong></span> <span class='ocrx_word' id='word_1_804' title='bbox 2483 4005 2787 4071; x_wconf 85' lang='lat' dir='ltr'><strong>peccatum</strong></span> <span class='ocrx_word' id='word_1_805' title='bbox 2842 4001 3049 4056; x_wconf 89' lang='lat' dir='ltr'><strong>mundi</strong></span> <span class='ocrx_word' id='word_1_806' title='bbox 3101 4001 3330 4073; x_wconf 91' lang='lat' dir='ltr'><strong>tollens,</strong></span> <span class='ocrx_word' id='word_1_807' title='bbox 3381 4003 3612 4059; x_wconf 86' lang='lat' dir='ltr'><strong>delevit.</strong></span> <span class='ocrx_word' id='word_1_808' title='bbox 3648 4007 3727 4060; x_wconf 86' lang='lat' dir='ltr'><strong>Ac</strong></span> 
     </span>
    </p>
   </div>
   <div class='ocr_carea' id='block_1_103' title="bbox 2079 4088 3729 4163">
    <p class='ocr_par' dir='ltr' id='par_1_103' title="bbox 2079 4088 3729 4163">
     <span class='ocr_line' id='line_1_104' title="bbox 2079 4088 3729 4163; baseline 0.004 -21"><span class='ocrx_word' id='word_1_809' title='bbox 2079 4088 2578 4152; x_wconf 87' lang='lat' dir='ltr'><strong>quemadmodum</strong></span> <span class='ocrx_word' id='word_1_810' title='bbox 2615 4106 2716 4160; x_wconf 91' lang='lat' dir='ltr'><strong>per</strong></span> <span class='ocrx_word' id='word_1_811' title='bbox 2747 4090 3000 4144; x_wconf 85' lang='lat' dir='ltr'><strong>fructum</strong></span> <span class='ocrx_word' id='word_1_812' title='bbox 3046 4089 3211 4161; x_wconf 88' lang='lat' dir='ltr'><strong>ligni,</strong></span> <span class='ocrx_word' id='word_1_813' title='bbox 3263 4096 3565 4163; x_wconf 90' lang='lat' dir='ltr'><strong>peccatum</strong></span> <span class='ocrx_word' id='word_1_814' title='bbox 3596 4110 3608 4159; x_wconf 90' lang='lat'>;</span> <span class='ocrx_word' id='word_1_815' title='bbox 3645 4093 3729 4148; x_wconf 90' lang='lat' dir='ltr'><strong>sic</strong></span> 
     </span>
    </p>
   </div>
   <div class='ocr_carea' id='block_1_104' title="bbox 2080 4175 3730 4252">
    <p class='ocr_par' dir='ltr' id='par_1_104' title="bbox 2080 4175 3730 4252">
     <span class='ocr_line' id='line_1_105' title="bbox 2080 4175 3730 4252; baseline 0.004 -21"><span class='ocrx_word' id='word_1_816' title='bbox 2080 4193 2181 4248; x_wconf 90' lang='lat' dir='ltr'><strong>per</strong></span> <span class='ocrx_word' id='word_1_817' title='bbox 2211 4175 2438 4248; x_wconf 89' lang='lat' dir='ltr'><strong>lignum</strong></span> <span class='ocrx_word' id='word_1_818' title='bbox 2471 4177 2684 4243; x_wconf 80' lang='lat' dir='ltr'><strong>crucis,</strong></span> <span class='ocrx_word' id='word_1_819' title='bbox 2720 4177 3074 4232; x_wconf 89' lang='lat' dir='ltr'><strong>salus.Unde</strong></span> <span class='ocrx_word' id='word_1_820' title='bbox 3106 4178 3165 4232; x_wconf 92' lang='lat' dir='ltr'><strong>in</strong></span> <span class='ocrx_word' id='word_1_821' title='bbox 3199 4178 3368 4236; x_wconf 90' lang='lat' dir='ltr'><strong>horto</strong></span> <span class='ocrx_word' id='word_1_822' title='bbox 3403 4197 3616 4252; x_wconf 87' lang='lat' dir='ltr'><strong>passus</strong></span> <span class='ocrx_word' id='word_1_823' title='bbox 3639 4184 3730 4237; x_wconf 81' lang='lat' dir='ltr'><strong>est</strong></span> 
     </span>
    </p>
   </div>
   <div class='ocr_carea' id='block_1_105' title="bbox 2077 4264 3731 4338">
    <p class='ocr_par' dir='ltr' id='par_1_105' title="bbox 2077 4264 3731 4338">
     <span class='ocr_line' id='line_1_106' title="bbox 2077 4264 3731 4338; baseline 0.004 -18"><span class='ocrx_word' id='word_1_824' title='bbox 2077 4265 2367 4335; x_wconf 88' lang='lat' dir='ltr'><strong>Christus,</strong></span> <span class='ocrx_word' id='word_1_825' title='bbox 2398 4264 2536 4336; x_wconf 88' lang='lat' dir='ltr'><strong>quia</strong></span> <span class='ocrx_word' id='word_1_826' title='bbox 2567 4266 2624 4318; x_wconf 90' lang='lat' dir='ltr'><strong>in</strong></span> <span class='ocrx_word' id='word_1_827' title='bbox 2658 4265 2932 4336; x_wconf 85' lang='lat' dir='ltr'><strong>paradiso</strong></span> <span class='ocrx_word' id='word_1_828' title='bbox 2962 4267 3148 4322; x_wconf 89' lang='lat' dir='ltr'><strong>Adam</strong></span> <span class='ocrx_word' id='word_1_829' title='bbox 3190 4274 3549 4338; x_wconf 85' lang='lat' dir='ltr'><strong>peccaverat.</strong></span> <span class='ocrx_word' id='word_1_830' title='bbox 3585 4270 3731 4326; x_wconf 90' lang='lat' dir='ltr'><strong>Hinc</strong></span> 
     </span>
    </p>
   </div>
   <div class='ocr_carea' id='block_1_106' title="bbox 2077 4354 3734 4428">
    <p class='ocr_par' dir='ltr' id='par_1_106' title="bbox 2077 4354 3734 4428">
     <span class='ocr_line' id='line_1_107' title="bbox 2077 4354 3734 4428; baseline 0.004 -19"><span class='ocrx_word' id='word_1_831' title='bbox 2077 4359 2133 4409; x_wconf 90' lang='lat' dir='ltr'><strong>et</strong></span> <span class='ocrx_word' id='word_1_832' title='bbox 2164 4354 2371 4409; x_wconf 89' lang='lat' dir='ltr'><strong>latroni</strong></span> <span class='ocrx_word' id='word_1_833' title='bbox 2407 4354 2718 4426; x_wconf 89' lang='lat' dir='ltr'><strong>paradisus</strong></span> <span class='ocrx_word' id='word_1_834' title='bbox 2765 4372 2795 4408; x_wconf 90' lang='lat' dir='ltr'><strong>a</strong></span> <span class='ocrx_word' id='word_1_835' title='bbox 2838 4371 3008 4410; x_wconf 91' lang='lat' dir='ltr'><strong>cruce</strong></span> <span class='ocrx_word' id='word_1_836' title='bbox 3063 4356 3323 4428; x_wconf 89' lang='lat' dir='ltr'><strong>aperitur</strong></span> <span class='ocrx_word' id='word_1_837' title='bbox 3355 4375 3367 4413; x_wconf 93' lang='lat'><strong>:</strong></span> <span class='ocrx_word' id='word_1_838' title='bbox 3401 4357 3539 4413; x_wconf 91' lang='lat' dir='ltr'><strong>hinc</strong></span> <span class='ocrx_word' id='word_1_839' title='bbox 3570 4365 3734 4416; x_wconf 86' lang='lat' dir='ltr'><strong>sexta</strong></span> 
     </span>
    </p>
   </div>
   <div class='ocr_carea' id='block_1_107' title="bbox 2075 4443 3730 4516">
    <p class='ocr_par' dir='ltr' id='par_1_107' title="bbox 2075 4443 3730 4516">
     <span class='ocr_line' id='line_1_108' title="bbox 2075 4443 3730 4516; baseline 0.004 -18"><span class='ocrx_word' id='word_1_840' title='bbox 2075 4443 2219 4499; x_wconf 91' lang='lat' dir='ltr'><strong>hora</strong></span> <span class='ocrx_word' id='word_1_841' title='bbox 2250 4445 2562 4499; x_wconf 81' lang='lat' dir='ltr'><strong>cruciﬁxus</strong></span> <span class='ocrx_word' id='word_1_842' title='bbox 2593 4443 2857 4500; x_wconf 91' lang='lat' dir='ltr'><strong>Christus</strong></span> <span class='ocrx_word' id='word_1_843' title='bbox 2883 4444 3139 4516; x_wconf 87' lang='lat' dir='ltr'><strong>est,quia</strong></span> <span class='ocrx_word' id='word_1_844' title='bbox 3161 4445 3565 4516; x_wconf 88' lang='lat' dir='ltr'><strong>pomeridiano</strong></span> <span class='ocrx_word' id='word_1_845' title='bbox 3583 4454 3730 4504; x_wconf 90' lang='lat' dir='ltr'><strong>tem-</strong></span> 
     </span>
    </p>
   </div>
   <div class='ocr_carea' id='block_1_108' title="bbox 2075 4529 3725 4606">
    <p class='ocr_par' dir='ltr' id='par_1_108' title="bbox 2075 4529 3725 4606">
     <span class='ocr_line' id='line_1_109' title="bbox 2075 4529 3725 4606; baseline 0.003 -19"><span class='ocrx_word' id='word_1_846' title='bbox 2075 4550 2211 4605; x_wconf 87' lang='lat' dir='ltr'><strong>pore</strong></span> <span class='ocrx_word' id='word_1_847' title='bbox 2240 4535 2423 4590; x_wconf 86' lang='lat' dir='ltr'><strong>Adam</strong></span> <span class='ocrx_word' id='word_1_848' title='bbox 2457 4533 2736 4604; x_wconf 86' lang='lat' dir='ltr'><strong>expulsus</strong></span> <span class='ocrx_word' id='word_1_849' title='bbox 2768 4538 2877 4588; x_wconf 90' lang='lat' dir='ltr'><strong>est.</strong></span> <span class='ocrx_word' id='word_1_850' title='bbox 2913 4529 3004 4588; x_wconf 89' lang='lat' dir='ltr'><strong>Fel</strong></span> <span class='ocrx_word' id='word_1_851' title='bbox 3032 4539 3325 4606; x_wconf 84' lang='lat' dir='ltr'><strong>gustat,ut</strong></span> <span class='ocrx_word' id='word_1_852' title='bbox 3353 4535 3725 4592; x_wconf 88' lang='lat' dir='ltr'><strong>dulcedinem</strong></span> 
     </span>
    </p>
   </div>
   <div class='ocr_carea' id='block_1_109' title="bbox 2073 4622 3724 4696">
    <p class='ocr_par' dir='ltr' id='par_1_109' title="bbox 2073 4622 3724 4696">
     <span class='ocr_line' id='line_1_110' title="bbox 2073 4622 3724 4696; baseline 0.002 -18"><span class='ocrx_word' id='word_1_853' title='bbox 2073 4639 2282 4678; x_wconf 65' lang='lat' dir='ltr'><strong>amara</strong></span> <span class='ocrx_word' id='word_1_854' title='bbox 2315 4622 2630 4696; x_wconf 87' lang='lat' dir='ltr'><strong>voluptatis</strong></span> <span class='ocrx_word' id='word_1_855' title='bbox 2665 4623 2870 4678; x_wconf 76' lang='lat' dir='ltr'><strong>Adarui</strong></span> <span class='ocrx_word' id='word_1_856' title='bbox 2903 4629 3071 4679; x_wconf 84' lang='lat' dir='ltr'><strong>sanet</strong></span> <span class='ocrx_word' id='word_1_857' title='bbox 3103 4641 3116 4677; x_wconf 75' lang='grc' dir='ltr'><strong>ι</strong></span> <span class='ocrx_word' id='word_1_858' title='bbox 3151 4623 3340 4695; x_wconf 88' lang='lat' dir='ltr'><strong>alapis</strong></span> <span class='ocrx_word' id='word_1_859' title='bbox 3375 4626 3724 4696; x_wconf 88' lang='lat' dir='ltr'><strong>percutitur,</strong></span> 
     </span>
    </p>
   </div>
   <div class='ocr_carea' id='block_1_110' title="bbox 2953 4715 3722 4786">
    <p class='ocr_par' dir='ltr' id='par_1_110' title="bbox 2953 4715 3722 4786">
     <span class='ocr_line' id='line_1_111' title="bbox 2953 4715 3722 4786; baseline 0.007 -18"><span class='ocrx_word' id='word_1_860' title='bbox 2953 4731 2966 4768; x_wconf 89' lang='lat'><strong>:</strong></span> <span class='ocrx_word' id='word_1_861' title='bbox 3015 4715 3385 4786; x_wconf 91' lang='lat' dir='ltr'><strong>conspuitur,</strong></span> <span class='ocrx_word' id='word_1_862' title='bbox 3438 4720 3504 4771; x_wconf 91' lang='lat' dir='ltr'><strong>ut</strong></span> <span class='ocrx_word' id='word_1_863' title='bbox 3532 4717 3722 4772; x_wconf 88' lang='lat' dir='ltr'><strong>sancti</strong></span> 
     </span>
    </p>
   </div>
   <div class='ocr_carea' id='block_1_111' title="bbox 2067 4801 3722 4878">
    <p class='ocr_par' dir='ltr' id='par_1_111' title="bbox 2067 4801 3722 4878">
     <span class='ocr_line' id='line_1_112' title="bbox 2067 4801 3722 4878; baseline 0.005 -24"><span class='ocrx_word' id='word_1_864' title='bbox 2067 4801 2318 4872; x_wconf 91' lang='lat' dir='ltr'><strong>Spiritus</strong></span> <span class='ocrx_word' id='word_1_865' title='bbox 2348 4802 2613 4856; x_wconf 79' lang='lat' dir='ltr'><strong>afflatum</strong></span> <span class='ocrx_word' id='word_1_866' title='bbox 2662 4801 2833 4858; x_wconf 90' lang='lat' dir='ltr'><strong>nobis</strong></span> <span class='ocrx_word' id='word_1_867' title='bbox 2885 4802 3184 4874; x_wconf 79' lang='lat' dir='ltr'><strong>impertiat</strong></span> <span class='ocrx_word' id='word_1_868' title='bbox 3222 4821 3234 4858; x_wconf 90' lang='lat'>:</span> <span class='ocrx_word' id='word_1_869' title='bbox 3269 4803 3622 4878; x_wconf 86' lang='lat' dir='ltr'><strong>ﬂagellatur,</strong></span> <span class='ocrx_word' id='word_1_870' title='bbox 3657 4811 3722 4862; x_wconf 87' lang='lat' dir='ltr'><strong>ut</strong></span> 
     </span>
    </p>
   </div>
   <div class='ocr_carea' id='block_1_112' title="bbox 2069 4892 3712 4962">
    <p class='ocr_par' dir='ltr' id='par_1_112' title="bbox 2069 4892 3712 4962">
     <span class='ocr_line' id='line_1_113' title="bbox 2069 4892 3712 4962; baseline 0.004 -18"><span class='ocrx_word' id='word_1_871' title='bbox 2069 4896 2328 4945; x_wconf 81' lang='lat' dir='ltr'><strong>nostram</strong></span> <span class='ocrx_word' id='word_1_872' title='bbox 2362 4897 2736 4962; x_wconf 88' lang='lat' dir='ltr'><strong>peccatorum</strong></span> <span class='ocrx_word' id='word_1_873' title='bbox 2769 4892 3064 4947; x_wconf 86' lang='lat' dir='ltr'><strong>sarcinam</strong></span> <span class='ocrx_word' id='word_1_874' title='bbox 3099 4894 3272 4948; x_wconf 89' lang='lat' dir='ltr'><strong>dorso</strong></span> <span class='ocrx_word' id='word_1_875' title='bbox 3303 4911 3411 4949; x_wconf 89' lang='lat' dir='ltr'><strong>suo</strong></span> <span class='ocrx_word' id='word_1_876' title='bbox 3442 4895 3712 4950; x_wconf 89' lang='lat' dir='ltr'><strong>ventilet:</strong></span> 
     </span>
    </p>
   </div>
   <div class='ocr_carea' id='block_1_113' title="bbox 2067 4978 3712 5054">
    <p class='ocr_par' dir='ltr' id='par_1_113' title="bbox 2067 4978 3712 5054">
     <span class='ocr_line' id='line_1_114' title="bbox 2067 4978 3712 5054; baseline 0.004 -22"><span class='ocrx_word' id='word_1_877' title='bbox 2067 4978 2124 5032; x_wconf 91' lang='lat' dir='ltr'><strong>in</strong></span> <span class='ocrx_word' id='word_1_878' title='bbox 2159 4979 2318 5052; x_wconf 85' lang='lat' dir='ltr'><strong>ligno</strong></span> <span class='ocrx_word' id='word_1_879' title='bbox 2351 4981 2630 5048; x_wconf 87' lang='lat' dir='ltr'><strong>nudatur,</strong></span> <span class='ocrx_word' id='word_1_880' title='bbox 2666 4985 2730 5034; x_wconf 90' lang='lat' dir='ltr'><strong>ut</strong></span> <span class='ocrx_word' id='word_1_881' title='bbox 2761 4998 2948 5036; x_wconf 88' lang='lat' dir='ltr'><strong>meam</strong></span> <span class='ocrx_word' id='word_1_882' title='bbox 2983 4983 3207 5054; x_wconf 88' lang='lat' dir='ltr'><strong>operiat</strong></span> <span class='ocrx_word' id='word_1_883' title='bbox 3258 4982 3663 5054; x_wconf 84' lang='lat' dir='ltr'><strong>ignomimiam</strong></span> <span class='ocrx_word' id='word_1_884' title='bbox 3699 5001 3712 5038; x_wconf 92' lang='lat'><strong>:</strong></span> 
     </span>
    </p>
   </div>
   <div class='ocr_carea' id='block_1_114' title="bbox 2067 5070 3720 5138">
    <p class='ocr_par' dir='ltr' id='par_1_114' title="bbox 2067 5070 3720 5138">
     <span class='ocr_line' id='line_1_115' title="bbox 2067 5070 3720 5138; baseline 0.003 -15"><span class='ocrx_word' id='word_1_885' title='bbox 2067 5070 2336 5124; x_wconf 89' lang='lat' dir='ltr'><strong>moritur.</strong></span> <span class='ocrx_word' id='word_1_886' title='bbox 2373 5075 2437 5124; x_wconf 93' lang='lat' dir='ltr'><strong>ut</strong></span> <span class='ocrx_word' id='word_1_887' title='bbox 2465 5087 2558 5125; x_wconf 88' lang='lat' dir='ltr'><strong>me</strong></span> <span class='ocrx_word' id='word_1_888' title='bbox 2607 5070 2852 5125; x_wconf 80' lang='lat' dir='ltr'><strong>viviﬁcet</strong></span> <span class='ocrx_word' id='word_1_889' title='bbox 2905 5087 2916 5124; x_wconf 93' lang='lat'><strong>:</strong></span> <span class='ocrx_word' id='word_1_890' title='bbox 2971 5073 3416 5138; x_wconf 88' lang='lat' dir='ltr'><strong>condemnatur,</strong></span> <span class='ocrx_word' id='word_1_891' title='bbox 3468 5077 3533 5126; x_wconf 90' lang='lat' dir='ltr'><strong>ut</strong></span> <span class='ocrx_word' id='word_1_892' title='bbox 3563 5089 3656 5127; x_wconf 90' lang='lat' dir='ltr'><strong>me</strong></span> <span class='ocrx_word' id='word_1_893' title='bbox 3687 5089 3720 5128; x_wconf 77' lang='grc' dir='ltr'>ο.</span> 
     </span>
    </p>
   </div>
   <div class='ocr_carea' id='block_1_115' title="bbox 2066 5157 3722 5231">
    <p class='ocr_par' dir='ltr' id='par_1_115' title="bbox 2066 5157 3722 5231">
     <span class='ocr_line' id='line_1_116' title="bbox 2066 5157 3722 5231; baseline 0.001 -18"><span class='ocrx_word' id='word_1_894' title='bbox 2066 5157 2474 5214; x_wconf 85' lang='lat' dir='ltr'><strong>maledictione</strong></span> <span class='ocrx_word' id='word_1_895' title='bbox 2508 5159 2713 5214; x_wconf 88' lang='lat' dir='ltr'><strong>liberet</strong></span> <span class='ocrx_word' id='word_1_896' title='bbox 2747 5178 2758 5214; x_wconf 92' lang='lat'>:</span> <span class='ocrx_word' id='word_1_897' title='bbox 2793 5164 2967 5231; x_wconf 83' lang='lat' dir='ltr'><strong>caput</strong></span> <span class='ocrx_word' id='word_1_898' title='bbox 2996 5162 3125 5231; x_wconf 87' lang='lat' dir='ltr'><strong>ejus</strong></span> <span class='ocrx_word' id='word_1_899' title='bbox 3155 5160 3443 5215; x_wconf 88' lang='lat' dir='ltr'><strong>arundine</strong></span> <span class='ocrx_word' id='word_1_900' title='bbox 3473 5162 3722 5231; x_wconf 88' lang='lat' dir='ltr'><strong>percuti-</strong></span> 
     </span>
    </p>
   </div>
   <div class='ocr_carea' id='block_1_116' title="bbox 2065 5248 3725 5322">
    <p class='ocr_par' dir='ltr' id='par_1_116' title="bbox 2065 5248 3725 5322">
     <span class='ocr_line' id='line_1_117' title="bbox 2065 5248 3725 5322; baseline 0.002 -20"><span class='ocrx_word' id='word_1_901' title='bbox 2065 5254 2180 5316; x_wconf 89' lang='lat' dir='ltr'><strong>tur,</strong></span> <span class='ocrx_word' id='word_1_902' title='bbox 2217 5253 2280 5302; x_wconf 92' lang='lat' dir='ltr'><strong>ut</strong></span> <span class='ocrx_word' id='word_1_903' title='bbox 2313 5248 2602 5320; x_wconf 87' lang='lat' dir='ltr'><strong>serpentis</strong></span> <span class='ocrx_word' id='word_1_904' title='bbox 2635 5253 2810 5320; x_wconf 88' lang='lat' dir='ltr'><strong>caput</strong></span> <span class='ocrx_word' id='word_1_905' title='bbox 2841 5253 3104 5304; x_wconf 88' lang='lat' dir='ltr'><strong>conterat</strong></span> <span class='ocrx_word' id='word_1_906' title='bbox 3137 5266 3149 5303; x_wconf 91' lang='lat'><strong>:</strong></span> <span class='ocrx_word' id='word_1_907' title='bbox 3187 5248 3386 5303; x_wconf 87' lang='lat' dir='ltr'><strong>lancea</strong></span> <span class='ocrx_word' id='word_1_908' title='bbox 3434 5249 3725 5322; x_wconf 87' lang='lat' dir='ltr'><strong>pungitur</strong></span> 
     </span>
    </p>
   </div>
   <div class='ocr_carea' id='block_1_117' title="bbox 2063 5336 3720 5407">
    <p class='ocr_par' dir='ltr' id='par_1_117' title="bbox 2063 5336 3720 5407">
     <span class='ocr_line' id='line_1_118' title="bbox 2063 5336 3720 5407; baseline 0.002 -17"><span class='ocrx_word' id='word_1_909' title='bbox 2063 5337 2218 5392; x_wconf 89' lang='lat' dir='ltr'><strong>latus</strong></span> <span class='ocrx_word' id='word_1_910' title='bbox 2241 5338 2390 5407; x_wconf 87' lang='lat' dir='ltr'><strong>ejus,</strong></span> <span class='ocrx_word' id='word_1_911' title='bbox 2424 5342 2487 5391; x_wconf 89' lang='lat' dir='ltr'><strong>ut</strong></span> <span class='ocrx_word' id='word_1_912' title='bbox 2509 5354 2578 5392; x_wconf 87' lang='lat' dir='ltr'><strong>ex</strong></span> <span class='ocrx_word' id='word_1_913' title='bbox 2607 5338 2821 5392; x_wconf 85' lang='lat' dir='ltr'><strong>Adami</strong></span> <span class='ocrx_word' id='word_1_914' title='bbox 2874 5336 3052 5392; x_wconf 89' lang='lat' dir='ltr'><strong>latere</strong></span> <span class='ocrx_word' id='word_1_915' title='bbox 3105 5343 3359 5393; x_wconf 87' lang='lat' dir='ltr'><strong>creatam</strong></span> <span class='ocrx_word' id='word_1_916' title='bbox 3414 5337 3720 5394; x_wconf 88' lang='lat' dir='ltr'><strong>mulierem</strong></span> 
     </span>
    </p>
   </div>
   <div class='ocr_carea' id='block_1_118' title="bbox 2063 5425 3724 5498">
    <p class='ocr_par' dir='ltr' id='par_1_118' title="bbox 2063 5425 3724 5498">
     <span class='ocr_line' id='line_1_119' title="bbox 2063 5425 3724 5498; baseline 0.002 -18"><span class='ocrx_word' id='word_1_917' title='bbox 2063 5430 2250 5496; x_wconf 89' lang='lat' dir='ltr'><strong>sanet,</strong></span> <span class='ocrx_word' id='word_1_918' title='bbox 2285 5427 2738 5498; x_wconf 84' lang='lat' dir='ltr'><strong>ﬂammeamque</strong></span> <span class='ocrx_word' id='word_1_919' title='bbox 2769 5425 3192 5496; x_wconf 68' lang='lat' dir='ltr'><strong>rhomphzeam,</strong></span> <span class='ocrx_word' id='word_1_920' title='bbox 3233 5443 3361 5496; x_wconf 76' lang='lat' dir='ltr'><strong>quae</strong></span> <span class='ocrx_word' id='word_1_921' title='bbox 3412 5427 3724 5484; x_wconf 87' lang='lat' dir='ltr'><strong>adversum</strong></span> 
     </span>
    </p>
   </div>
   <div class='ocr_carea' id='block_1_119' title="bbox 2348 5585 3723 5658">
    <p class='ocr_par' dir='ltr' id='par_1_119' title="bbox 2348 5585 3723 5658">
     <span class='ocr_line' id='line_1_120' title="bbox 2348 5585 3723 5658; baseline 0.004 -16"><span class='ocrx_word' id='word_1_922' title='bbox 2348 5588 2390 5623; x_wconf 78' lang='grc'><strong>³³</strong></span> <span class='ocrx_word' id='word_1_923' title='bbox 2419 5589 2637 5643; x_wconf 89' lang='lat' dir='ltr'><strong>Jerem.</strong></span> <span class='ocrx_word' id='word_1_924' title='bbox 2670 5604 2845 5656; x_wconf 67' lang='grc' dir='ltr'>χχχιι,</span> <span class='ocrx_word' id='word_1_925' title='bbox 2880 5589 2950 5656; x_wconf 89' lang='grc'><strong>9;</strong></span> <span class='ocrx_word' id='word_1_926' title='bbox 2979 5585 3427 5658; x_wconf 84' lang='lat' dir='ltr'><strong>Matth.xxvn,9.</strong></span> <span class='ocrx_word' id='word_1_927' title='bbox 3541 5591 3587 5626; x_wconf 81' lang='grc'>⁸⁹</span> <span class='ocrx_word' id='word_1_928' title='bbox 3609 5593 3723 5651; x_wconf 81' lang='lat' dir='ltr'><strong>Isa.</strong></span> 
     </span>
    </p>
   </div>
  </div>
