4132 6364
359 397 480 458 695
1536 395 1598 457 S.
1646 392 2171 457 ATHANASIUS.
2202 425 2280 438 —
2310 394 2623 457 SPURIA.
3677 391 3799 453 696

364 550 473 589 nos
522 533 805 600 vibratur,
855 530 1148 599 inhibeat,
1215 548 1281 586 ac
1332 532 1502 587 nobis
1554 532 1708 586 viam
1761 527 2021 603 paradisi

2146 523 2234 599 έμὶ
2261 532 2363 596 τῆς
2392 529 2627 599 κατάρας
2666 526 2944 601 ἀπολύσῃ·
2977 523 3215 599 καλάμῳ
3259 527 3359 594 τήν
3406 525 3651 603 κεφαλὴν
3700 524 3800 581 τύ-

365 620 608 695 aperiat.
2126 635 2338 686 πτιται,
2382 614 2474 671 ’ἱνα
2520 618 2620 685 τὴν
2672 620 2768 670 τοῦ
2819 610 2993 693 ὄφεως
3046 613 3290 693 κεφαλὴν
3338 614 3628 690 συντρίψῃ·
3665 614 3800 690 λόγ-

371 729 448 783 χῃ
479 709 580 777 τὴν
609 706 847 782 πλευρὰν
876 706 1114 761 νόττεται
1149 709 1260 780 (78)
1284 704 1377 761 ’ίνα
1405 708 1502 776 τήν
1535 708 1593 761 ἐκ
1621 712 1720 777 τῆς
1749 705 1988 777 πλευρᾶς
2016 708 2114 758 τοῦ
2144 700 2322 777 Ἀδὰμ
2349 710 2653 769 κτισθεῖσαν
2698 703 3018 781 θεραπεύσῃ,
3049 703 3138 759 καὶ
3185 705 3284 773 τήν
3337 700 3602 782 φλογίνην
3653 703 3796 781 ῥομ-

371 799 529 876 φαίαν
563 799 662 865 τήν
694 798 812 851 καθ’
837 798 997 869 ἡμῶν
1030 797 1396 873 στρεφομένην
1431 798 1635 871 παύσῃ,
1665 794 1754 850 καὶ
1784 796 1883 863 τὴν
1918 791 2042 848 ὁδὸν
2075 794 2211 866 ἡμῖν
2244 798 2341 848 τοῦ
2372 791 2699 869 παραδείσου
2725 793 2926 867 ἀνοίξῃ.

443 893 530 947 10.
563 890 697 946 Jam
728 891 884 961 quod
920 889 978 943 in
1015 890 1207 945 medio
1258 895 1424 944 terra:
1469 889 1741 945 Christus
1791 888 2023 942 crucifi-

367 980 599 1052 gendus
628 986 805 1043 esset,
840 979 899 1033 in
935 980 1161 1049 psalmo
1195 978 1625 1049 septuagesimo
1679 977 1848 1032 tertio
1881 974 2024 1029 scri-

369 1074 537 1142 ptum
570 1073 678 1134 est,
709 1090 736 1117 ‹‹
773 1068 929 1123 Deus
961 1085 1055 1123 rex
1090 1073 1289 1123 noster
1319 1073 1453 1123 ante
1485 1066 1702 1122 saecula
1751 1070 2027 1137 operatus

370 1164 463 1215 est
511 1156 758 1213 salutem
808 1157 867 1211 in
901 1157 1092 1211 medio
1144 1163 1310 1211 terrae
1339 1158 1406 1211 ιι.
1444 1179 1469 1205 ››
1506 1155 1667 1222 Quod
1722 1156 1860 1209 item
1892 1169 2026 1208 cum

371 1247 701 1304 latronibus
734 1252 887 1302 esset
918 1246 1187 1301 Christus
1216 1246 1671 1317 cruciﬁgendus,
1706 1244 1886 1299 Isaias
1912 1242 2026 1297 ait:

377 1360 399 1386 ι
438 1336 505 1391 Et
534 1352 666 1391 cum
702 1334 920 1405 iniquis
955 1338 1259 1406 reputatus
1291 1341 1379 1390 est
1407 1336 1473 1388 ‘9.
1497 1356 1523 1385 »
1560 1339 1637 1390 De
1666 1333 1847 1389 clavis
1877 1347 2028 1403 quo-

375 1441 489 1496 que
526 1429 584 1479 et
633 1425 945 1494 partitione
993 1423 1478 1479 vestimentorum
1546 1424 1676 1494 ejus
1727 1422 1808 1476 sic
1858 1421 2035 1476 habet

375 1512 642 1588 psalmus
672 1512 988 1568 vicesimus
1020 1512 1247 1584 primus
1279 1530 1291 1567 :
1328 1535 1356 1563 «
1390 1513 1685 1568 Foderunt
1717 1511 1873 1568 252
1906 1526 2029 1565 ma-

376 1620 488 1659 nus
523 1619 652 1657 mea
714 1606 771 1656 et
803 1602 979 1673 pedes
1022 1617 1204 1671 meos,
1260 1602 1782 1657 dinumeraverunt
1834 1598 2036 1655 omnia

378 1709 514 1748 ossa
544 1707 674 1746 mea
707 1706 721 1746 :
788 1690 1116 1746 diviserunt
1144 1691 1255 1745 sibi
1289 1690 1637 1747 vestimenta
1669 1706 1819 1755 mea,
1852 1693 1910 1745 et
1934 1705 2033 1743 su-

379 1797 484 1855 per
508 1784 726 1837 vestem
762 1797 952 1835 meam
1004 1780 1296 1836 miserunt
1344 1785 1559 1836 sortem
1591 1780 1656 1833 ‘3.
1695 1802 1723 1828 »
1750 1777 2033 1834 Similiter

378 1886 511 1926 vero
542 1873 600 1925 et
628 1867 938 1924 Zacharias
979 1870 1261 1941 propheta
1305 1869 1376 1925 de
1405 1868 1583 1925 clavis
1615 1869 1699 1923 sic
1735 1868 1819 1924 ait
1852 1884 1864 1923 :
1902 1889 1927 1916 κ
1964 1867 2033 1921 Et

378 1959 574 2015 dicent
602 1957 846 2022 ei:Quid
871 1956 1056 2028 plaga
1085 1958 1213 2013 ista:
1248 1958 1307 2012 in
1343 1957 1534 2013 medio
1581 1973 1864 2013 manuum
1898 1961 2028 2011 tua-

378 2047 561 2103 rum?
591 2046 659 2102 Et
702 2047 854 2101 dicet
887 2062 900 2101 :
937 2047 1051 2102 Has
1103 2048 1300 2119 accepi
1350 2047 1410 2102 in
1461 2048 1633 2103 domo
1684 2045 2028 2102 dilectarum

377 2152 644 2193 meorum
674 2136 739 2190 ιδ.
776 2158 803 2185 ››
842 2136 923 2191 [ta
954 2152 1189 2207 quoque
1217 2137 1289 2192 de
1309 2137 1566 2192 tenebris
1588 2135 2029 2207 loquituridem

373 2225 685 2281 Zacharias
716 2225 1000 2298 propheta
1033 2242 1046 2280 :
1085 2248 1111 2271 ‹‹
1146 2226 1213 2280 Et
1242 2226 1353 2281 erit
1384 2226 1443 2281 in
1476 2225 1571 2281 die
1603 2225 1725 2289 illa,
1774 2241 1888 2279 non
1920 2224 2032 2279 erit

373 2314 494 2383 lux,
527 2317 583 2370 et
616 2314 801 2384 frigus
832 2317 891 2369 et
919 2313 1050 2386 gelu
1085 2315 1197 2369 erit
1228 2332 1339 2369 una
1368 2314 1579 2382 dies,et
1608 2313 1733 2370 dies
1766 2312 1864 2369 illa
1893 2318 2031 2368 nota

375 2403 624 2460 Domino
659 2420 672 2458 :
706 2408 762 2458 et
794 2420 908 2458 non
943 2402 1070 2459 dies
1095 2406 1152 2458 et
1181 2419 1296 2458 non
1333 2421 1463 2469 nox,
1506 2409 1561 2457 et
1606 2403 1674 2458 ad
1729 2418 2029 2471 vesperam

374 2492 486 2549 erit
514 2494 612 2547 lux
644 2492 707 2546 “.
746 2514 773 2540 »
807 2496 976 2548 Amos
1010 2492 1229 2563 pariter
1276 2493 1561 2564 propheta
1608 2492 1690 2546 ait
1721 2510 1733 2548 :
1772 2514 1798 2541 ‹‹
1828 2493 1894 2547 Et
1923 2491 2035 2545 erit

377 2581 438 2637 in
472 2581 566 2636 die
597 2580 715 2647 illa,
754 2580 895 2635 dicit
935 2580 1236 2645 Dominus,
1270 2587 1327 2636 et
1356 2582 1579 2636 occidet
1629 2581 1713 2636 sol
1766 2582 1823 2635 in
1861 2582 2032 2636 meri-

383 2670 500 2735 die,
552 2674 610 2724 et
658 2667 757 2723 lux
815 2686 918 2740 per
970 2669 1128 2724 diem
1177 2670 1233 2725 in
1286 2675 1443 2725 terra
1488 2671 1855 2725 tenebrescet
1902 2671 1965 2723 ‘5.
2005 2694 2025 2721 ι

389 2758 520 2814 Haec
568 2758 709 2813 item
759 2763 899 2813 sunt
940 2757 1121 2813 Joelis
1172 2758 1468 2831 prophetas
1519 2761 1693 2815 verba
1730 2777 1742 2815 :
1777 2782 1804 2808 ‹‹
1838 2759 1930 2814 Sol
1980 2764 2038 2813 et

389 2848 531 2903 luna
561 2848 1060 2910 obscurabuntur,
1093 2852 1149 2903 et
1196 2848 1375 2903 stella
1427 2848 1727 2904 retrahent
1769 2848 2041 2920 splendo-

390 2952 515 2992 rem
548 2952 723 2991 suum
758 2952 771 2991 :
810 2936 1089 2992 Dominus
1120 2941 1317 2993 autem
1342 2954 1410 2993 ex
1441 2938 1579 2992 Sion
1602 2937 2036 3003 vocil'erabilur,

391 3031 449 3081 et
477 3042 546 3081 ex
573 3026 899 3082 Jerusalem
935 3026 1100 3081 dabit
1119 3043 1319 3082 vocem
1354 3032 1611 3093 suam,et
1642 3026 2040 3083 commovebi—

2212 887 2295 940 10.
2329 886 2447 938 ’Ότι
2499 882 2556 939 δὲ
2606 884 2657 939 έν
2720 884 2870 957 μέσῳ
2911 886 3013 952 τῆς
3060 886 3163 957 γῆς
3218 881 3452 958 ἔμελλεν
3499 884 3527 939 6
3560 885 3800 958 Χριστὸς

2136 975 2515 1049 σταυροῦσθαι,
2570 973 2622 1029 ἐν
2676 975 2750 1050 ογ¹
2798 971 3005 1047 ψαλμῷ
3064 973 3391 1049 γέγραπται.
3430 998 3458 1024 ‹‹
3493 975 3551 1028 '0
3585 971 3645 1028 δὲ
3675 975 3806 1036 Θεὸς

2142 1061 2398 1138 βασιλεὺς
2445 1064 2605 1136 ἡμῶν
2655 1064 2763 1139 πρὸ
2810 1063 3025 1117 αἰώνων
3079 1062 3367 1137 εἷ’ργάσατο
3426 1063 3701 1139 σωτηρίαν
3748 1063 3802 1119 ἐν

2143 1149 2293 1225 μέσῳ
2320 1158 2419 1221 τῆς
2448 1159 2569 1227 γῆς.
2608 1176 2636 1203 ››
2670 1152 2767 1207 Καὶ
2803 1150 2885 1206 ὅτι
2921 1152 3054 1225 μετά
3087 1150 3296 1226 λῃστῶν
3333 1150 3563 1224 ἔμελλεν
3601 1151 3629 1206 ό
3662 1153 3805 1229 Χρι-

2142 1241 2266 1303 στὸς
2316 1246 2700 1316 σταυροῦσθαι,
2748 1239 2970 1303 Ἡσαΐας
3027 1241 3178 1319 φησί’
3234 1266 3262 1294 ‹‹
3330 1240 3435 1298 Καὶ
3489 1242 3625 1314 μετά
3672 1241 3811 1298 ἀνό-

2145 1351 2261 1403 μων
2295 1328 2578 1405 ἐλογίσθη.
2617 1355 2637 1381 ι
2674 1329 2805 1406 Περὶ
2838 1328 2895 1385 δὲ
2923 1334 3031 1385 τῶν
3065 1328 3215 1399 ἣλων
3264 1332 3356 1386 καὶ
3404 1335 3502 1385 τοῦ
3551 1328 3801 1406 διαμερι-

2142 1417 2283 1492 σμοῦ
2340 1424 2448 1474 τῶν
2494 1419 2731 1493 ἱματίων
2782 1418 2970 1488 αὐτοῦ,
3024 1417 3246 1493 ψαλμὸς
3295 1421 3376 1475 κα¹
3440 1419 3585 1476 οὕτω
3634 1418 3804 1496 λέγει·

2144 1532 2172 1559 ‹‹
2224 1508 2451 1582 Ὠρυξαν
2503 1507 2695 1584 χεῖράς
2745 1528 2851 1581 μου
2900 1508 2989 1563 καὶ
3034 1505 3205 1571 πόδας
3256 1528 3384 1581 μου,
3432 1507 3802 1583 ἐξηρίθμησαν

2143 1596 2318 1652 πάντα
2373 1598 2441 1651 τὰ
2502 1597 2633 1652 ὀστᾶ
2685 1615 2810 1670 μου·
2881 1594 3258 1673 διεμερίσαντο
3316 1597 3383 1653 τὰ
3444 1597 3637 1670 ἱμάτιά
3698 1619 3802 1673 μου

2144 1688 2380 1756 ἑαυτοῖς,
2410 1687 2501 1741 καὶ
2535 1685 2621 1741 ἐπὶ
2650 1688 2741 1742 τὸν
2774 1686 3073 1760 ἱματισμόν
3112 1707 3217 1760 μου
3249 1682 3448 1743 ἔϐαλον
3503 1685 3732 1763 κλῆρον.
3775 1714 3801 1736 »ι

2142 1776 2388 1848 Ὁμοίως
2421 1774 2479 1831 ὃὶ
2505 1776 2596 1830 καὶ
2628 1776 2897 1851 Ζαχαρίας
2929 1777 2956 1830 6
2987 1777 3281 1854 προφήτης
3314 1776 3437 1853 περὶ
3485 1781 3595 1832 τῶι
3639 1776 3797 1846 ἥλων

2140 1863 2315 1927 οὕτως
2367 1861 2491 1943 ἔφη·
2545 1890 2573 1917 ‹‹
2626 1867 2723 1920 Kal
2772 1865 2952 1939 ἐροῦσι
3003 1866 3141 1941 πρὸς
3191 1865 3373 1921 αὐτόν*
3404 1865 3467 1921 Τί
3496 1867 3551 1921 al
3580 1865 3797 1943 πληγαὶ

2140 1954 2295 2010 αὗται
2344 1956 2400 2009 al
2447 1955 2546 2009 ἄνά
2600 1956 2759 2028 μέσον
2808 1960 2914 2009 τῶν
2968 1959 3171 2031 χειρῶν
3222 1974 3359 2025 σου;
3393 1955 3493 2010 Καὶ
3526 1955 3656 2032 ἐρεῖ·
3688 1958 3793 2019 "Ac

2141 2043 2392 2119 ἐπλήγην
2444 2043 2495 2099 ὲν
2536 2048 2613 2115 τῷ
2661 2042 2798 2116 οἷ’κῳ
2845 2049 2953 2099 τῶν
3000 2044 3289 2119 ἀγαπητῶν
3341 2065 3467 2116 μου.
3506 2068 3535 2097 »
3566 2043 3698 2121 Περὶ
3731 2042 3789 2101 δὲ

2136 2137 2235 2188 τοῦ
2313 2137 2623 2204 σκοτασμοῦ
2684 2134 2711 2186 6
2779 2134 3070 2210 προφήτης
3143 2133 3418 2209 Ζαχαρίας
3491 2132 3640 2209 λέγει
3695 2132 3786 2188 οῦ-

2138 2241 2237 2276 τω’
2291 2246 2320 2273 ‹‹
2366 2221 2464 2276 Καὶ
2512 2220 2659 2275 ἔσται
2708 2220 2759 2275 ἐν
2811 2219 2986 2296 ἐκείνῃ
3015 2225 3083 2296 τῇ
3114 2221 3317 2297 ἡμέρᾳ,
3349 2222 3447 2277 οὐκ
3473 2220 3623 2278 ἔσται
3654 2227 3788 2300 φῶς·

2139 2310 2227 2365 καὶ
2284 2312 2462 2385 ψῦχος
2519 2310 2608 2364 καὶ
2666 2310 2834 2386 πάγος
2883 2307 3030 2365 ἔσται
3082 2310 3177 2383 μία
3224 2310 3427 2387 ἡμέρα,
3478 2311 3566 2366 καὶ
3611 2312 3794 2388 ἡμέρα

2142 2397 2317 2468 ἐκείνη
2350 2399 2566 2472 γνωστὴ
2614 2403 2694 2470 τῷ
2740 2398 2945 2473 Κυρίῳ·
2980 2399 3068 2453 καὶ
3103 2398 3210 2475 οὐχ
3240 2398 3424 2474 ἡμέρα
3461 2400 3553 2455 καὶ
3586 2400 3647 2456 οὐ
3679 2400 3793 2471 νὺξ,

2140 2487 2230 2542 καὶ
2260 2487 2396 2562 πρὸς
2431 2486 2656 2561 ἑσπέραν
2689 2484 2836 2543 ἔσται
2870 2492 3003 2564 φῶς.
3042 2511 3069 2539 n
3109 2487 3350 2560 Ὁμοίως
3384 2486 3441 2544 δὲ
3469 2489 3558 2545 καὶ
3608 2490 3799 2564 ’Δμὼς

2143 2578 2171 2632 6
2202 2578 2491 2652 προφήτης
2545 2576 2679 2631 εἷπε·
2734 2599 2762 2625 ‹‹
2814 2576 2911 2631 Καὶ
2966 2575 3111 2631 ἔσται
3164 2576 3215 2632 έν
3245 2577 3423 2653 ἰκείνῃ
3469 2582 3537 2652 τῇ
3594 2578 3796 2655 ἡμέρᾳ,

2145 2663 2293 2739 λέγει
2324 2665 2542 2740 Κύριος.
2577 2664 2666 2719 καὶ
2701 2662 2915 2719 δύσεται
2970 2666 2998 2719 6
3048 2665 3211 2735 ἣλιος
3276 2663 3646 2743 μεσημϐρίας,
3708 2667 3797 2723 καὶ

2146 2753 2460 2808 συσκοτάσει
2492 2752 2579 2808 ἐπὶ
2607 2756 2706 2823 τῆς
2739 2760 2843 2828 γῆς
2876 2754 2928 2809 ἐν
2962 2753 3144 2829 ἡμέρᾳ
3172 2755 3235 2809 τὸ
3265 2760 3400 2834 φῶς.
3438 2780 3465 2808 ››
3499 2757 3598 2814 Καὶ
3631 2755 3795 2825 Ἰωήλ

2147 2841 2205 2898 δὲ
2235 2845 2263 2899 6
2313 2845 2603 2921 προφήτης
2654 2842 2819 2919 λέγει·
2869 2868 2896 2896 ι(
2945 2849 3003 2901 '0
3049 2842 3210 2915 ᾖλιος
3242 2845 3330 2900 καὶ
3360 2848 3395 2915 ἡ
3429 2844 3628 2915 σελήνη
3665 2866 3790 2899 σκο-

2144 2932 2365 2988 τάσουσι
2398 2935 2533 3004 (79),
2564 2932 2653 2987 καὶ
2687 2932 2738 2986 ol
2769 2930 2991 3008 ἀστάρες
3026 2930 3246 2989 δῦσουσι
3275 2935 3338 2989 τὸ
3366 2933 3561 3012 φέγγος
3591 2932 3788 3001 αὐτῶν,

2147 3024 2211 3080 Ὀ
2242 3019 2299 3077 δὲ
2347 3022 2542 3093 Κύριος
2581 3022 2641 3077 ἐκ
2696 3022 2838 3077 Σιὼν
2885 3023 3253 3098 ἀνακράξεται,
3292 3024 3382 3078 καὶ
3432 3021 3484 3094 ἐξ
3525 3024 3794 3097 Ἰερουσα-

387 3119 487 3170 tur
515 3114 728 3170 cmlum
762 3120 820 3170 et
848 3119 1005 3171 terra
1028 3115 1091 3171 ³⁷.
1126 3138 1155 3166 ››
1190 3115 1352 3180 Quod
1385 3119 1579 3170 autem
1611 3118 1770 3171 aceto
1818 3120 1874 3171 et
1905 3113 2033 3170 felle

2150 3109 2274 3185 λήμ
2321 3108 2481 3166 δώσει
2534 3112 2714 3189 φωνην
2768 3110 2955 3179 αὐτοῦ,
3010 3112 3100 3167 καὶ
3142 3114 3476 3183 σεισθήσεται
3506 3113 3535 3167 6
3567 3111 3795 3187 οὐρανὸς

384 3204 683 3275 potandus
714 3205 861 3259 foret
890 3203 1500 3283 Qhristus,audiamus
1520 3220 1586 3259 ex
1614 3204 1840 3276 psalmo
1865 3221 2034 3260 sexa-

382 3292 607 3363 gesimo
637 3296 837 3349 octavo
873 3310 886 3348 :
923 3314 951 3343 ‹‹
983 3293 1281 3349 Dederunt
1303 3293 1361 3347 in
1393 3309 1586 3349 escam
1621 3311 1813 3350 meam
1846 3294 1943 3360 fel,
1974 3299 2033 3349 et

381 3381 441 3437 in
474 3381 570 3438 siti
626 3397 757 3437 mea
807 3385 1153 3453 potaverunt
1196 3399 1289 3437 me
1338 3388 1500 3438 aceto
1525 3383 1588 3437 ιθ.
1628 3406 1653 3431 ››
1687 3383 1830 3438 Hine
1886 3384 2034 3455 ipsis

381 3470 744 3541 imprecatur
763 3470 873 3526 hoc
894 3472 1066 3527 modo
1100 3487 1113 3526 :
1148 3494 1175 3520 «
1213 3471 1337 3527 Fiat
1369 3488 1572 3528 mensa
1603 3488 2029 3541 eorum,coram

378 3559 527 3631 ipsis
556 3559 615 3614 in
650 3559 946 3631 laqueum,
978 3564 1035 3615 et
1075 3560 1134 3615 in
1187 3559 1622 3627 retributiones,
1655 3566 1713 3617 et
1768 3562 1825 3617 in
1862 3580 2031 3619 scan-

379 3647 602 3703 dalum.
663 3648 1071 3704 Obscurentur
1117 3648 1270 3703 oculi
1316 3665 1516 3705 eorum
1569 3667 1641 3705 ne
1669 3650 1942 3720 videant;
1977 3656 2034 3707 et

383 3738 626 3793 dorsum
656 3753 859 3792 eorum
891 3753 1125 3808 semper
1166 3736 1429 3793 incurva.
1454 3739 1697 3795 Etfunde
1727 3757 1905 3813 super
1934 3757 2033 3797 eos

381 3826 530 3883 iram
556 3830 805 3893 tuam,et
837 3828 997 3881 furor
1025 3825 1122 3881 irae
1154 3830 1267 3882 tute
1298 3827 1755 3900 comprehendat
1776 3830 2036 3885 eos.Fiat

382 3914 665 3972 habitatio
695 3931 897 3971 eorum
932 3916 1185 3986 deserta,
1216 3921 1275 3972 et
1304 3916 1361 3971 in
1402 3918 1801 3975 tabernaculis
1832 3935 2033 3975 eorum

383 4021 497 4061 non
530 4005 608 4061 sit
636 4005 734 4074 qui
767 4004 1057 4061 inhabitet
1085 4006 1129 4040 ‘9
1162 4022 1174 4061 :
1212 4025 1234 4057 ο
1274 4023 1482 4079 nempe
1524 4008 1576 4062 in
1626 4008 1842 4080 templo
1874 4009 2036 4081 ipso-

383 4111 515 4150 rum
547 4093 1053 4167 Jerosolymitano,
1088 4096 1241 4167 quod
1272 4100 1330 4151 et
1360 4096 1591 4153 accidit.
1622 4099 1836 4155 Caetera
1865 4116 2036 4172 porro

386 4200 513 4256 quae
543 4183 603 4238 in
637 4182 865 4255 psalmo
897 4191 1245 4256 sequuntur,
1278 4186 1467 4241 instar
1495 4186 1923 4245 maledictionis
1954 4189 2038 4244 di-

386 4278 498 4340 cta,
530 4273 591 4327 in
621 4272 855 4329 Judaeos
878 4274 1192 4346 quadrent,
1217 4292 1367 4347 quos
1389 4279 1447 4331 et
1469 4276 1699 4350 Moyses
1727 4277 1823 4334 his
1846 4279 2037 4335 verbis

385 4362 717 4434 objurgavit
748 4379 761 4417 :
799 4386 828 4413 ‹‹
863 4364 930 4419 Et
960 4364 1070 4419 erit
1097 4365 1219 4420 vita
1251 4369 1353 4420 tua
1384 4366 1648 4437 pendens
1673 4371 1805 4423 ante
1837 4367 2037 4424 oculos

381 4456 535 4519 tuos,
585 4455 644 4507 et
690 4451 928 4508 timebis
988 4451 1081 4507 die
1131 4469 1199 4509 ac
1250 4460 1441 4523 nocte,
1511 4470 1617 4510 nec
1659 4456 1862 4513 credes
1906 4457 2036 4513 vita;
2069 4485 2116 4550 Β
2149 4453 2337 4509 εἰπών·
2404 4477 2432 4504 ‹‹

384 4544 498 4596 tum
528 4541 592 4595 ⁸ο.
633 4563 652 4590 ι

456 4631 544 4685 11.
578 4630 657 4685 De
689 4629 894 4685 lancea
940 4647 1073 4686 vero
1105 4632 1185 4687 ita
1230 4630 1494 4705 loquitur
1541 4633 1852 4689 Zacharias
1904 4652 2037 4706 pro-

385 4719 563 4791 pheta
593 4721 762 4791 quasi
797 4736 865 4774 ex
904 4736 1153 4792 persona
1182 4720 1397 4777 Christi
1430 4738 1442 4777 :
1478 4745 1505 4773 ‹‹
1537 4722 1607 4777 Et
1645 4723 1933 4797 aspicient
1965 4724 2036 4779 ad

385 4824 481 4864 me
512 4824 681 4879 quem
720 4808 1085 4864 conﬁxerunt
1114 4810 1219 4865 εί.»
1251 4810 1331 4866 De
1376 4827 1529 4881 aqua
1557 4817 1775 4880 autem,
1810 4829 1937 4884 quas
1969 4831 2039 4869 ex

385 4902 589 4952 sancto
621 4896 749 4967 ejus
785 4898 963 4951 latore
996 4898 1190 4965 exivit,
1224 4898 1306 4953 ait
1336 4899 1620 4971 propheta
1671 4900 1826 4955 idem
1864 4917 1876 4956 :
1910 4923 1939 4953 ‹‹
1975 4902 2035 4956 In

384 4985 478 5042 die
507 4985 604 5041 illa
639 4986 819 5042 exibit
851 5003 1003 5058 aqua
1033 4988 1160 5042 viva
1190 5004 1258 5042 ex
1294 4986 1621 5044 Jerusalem
1653 4988 1717 5044 ⁸³.
1753 5012 1780 5039 ››
1820 4990 2039 5046 Audia-

386 5092 521 5133 mus
552 5081 749 5131 autem
781 5080 838 5131 et
870 5076 1079 5131 Isaiam
1116 5076 1457 5147 prophetam
1491 5077 1562 5133 de
1594 5078 1897 5150 sepultura
1933 5080 2039 5135 Do-

386 5164 529 5220 mini
583 5164 705 5220 bsec
756 5164 1071 5231 dicentem,
1120 5165 1434 5221 elJudaeos
1482 5165 1793 5223 iridentem
1829 5185 1840 5223 :
1876 5190 1903 5219 (ι
1946 5169 2041 5225 Vi-

450 5344 495 5379 “
527 5340 681 5396 Psal.
716 5347 905 5414 uxm,
939 5344 1026 5397 12.
1066 5412 1085 5414 ξ
1163 5343 1213 5414 Α⁴²
1243 5342 1354 5398 Isa.
1390 5358 1509 5409 Lm,
1544 5345 1629 5400 12.

378 5412 427 5485 “_
452 5416 633 5469 Amos
661 5430 784 5480 vm,
814 5412 897 5469 9.‘
982 5415 1024 5448 ‘7
1053 5412 1178 5469 Joel
1209 5431 1270 5485 ιι,
1304 5414 1391 5471 10.
1424 5415 1513 5483 Η,

381 5482 542 5540 char.
573 5500 678 5551 χιι,
718 5487 799 5542 ιο.
911 5486 957 5521 ⁸³
988 5485 1227 5543 Zachar.
1253 5482 1376 5552 'xxv,
1402 5488 1456 5542 8.

888 5656 943 5724 3,
995 5657 1149 5714 Editi
1196 5676 1353 5728 vero,
1398 5658 1490 5715 'lva
1535 5662 1635 5728 τήν
1668 5658 1906 5734 πλευρὰν
1938 5664 2035 5715 τοῦ

402 5724 568 5797 Λδὰμ
596 5724 914 5798 θεραπεῦσῃ.

1741 5346 1786 5381 ⁴³
1814 5345 1966 5418 Psal.
2000 5364 2115 5418 xxx,
2164 5348 2250 5404 18.
2286 5348 2371 5403 19.

1626 5416 1671 5452 ⁴⁸
1701 5416 1851 5473 Psal.
1888 5434 2083 5491 vam,
2099 5416 2205 5476 ‘22.

2141 3202 2230 3256 καὶ
2262 3202 2295 3270 ἡ
2328 3207 2420 3277 γῆ.
2458 3225 2485 3252 ››
2516 3202 2641 3258 ’Ότι
2673 3197 2730 3256 δὲ
2763 3196 2991 3273 ἔμελλεν
3034 3200 3154 3275 ὅξος
3204 3202 3293 3256 καὶ
3347 3202 3526 3278 χολὴν
3576 3200 3793 3271 ποτίζε-

2142 3290 2260 3345 σθαι
2290 3290 2546 3365 Χριστὸς,
2578 3288 2804 3363 ψαλμοῦ
2831 3290 2910 3360 ξη⁷
2947 3289 3288 3364 ἀκούσωμεν
3338 3316 3365 3343 ‹‹
3417 3288 3663 3347 Ἐδωκαν
3722 3290 3800 3352 εἲς

2139 3380 2202 3434 τὸ
2235 3377 2433 3455 βρῶμά
2468 3399 2571 3452 μου
2602 3376 2822 3454 χωλὴν,
2855 3378 2942 3434 καὶ
2976 3379 3052 3442 εἷς
3083 3380 3180 3448 τήν
3216 3377 3375 3454 δίψαν
3411 3400 3516 3454 μου
3550 3378 3800 3436 ὶπόσισάν

2145 3489 2213 3542 με
2241 3462 2388 3542 ὅξος.
2427 3493 2454 3520 ››
2486 3468 2580 3523 Διὸ
2607 3469 2696 3523 καὶ
2728 3468 2918 3544 ἀρᾶται
2950 3468 3143 3532 αὐτοὺς
3177 3467 3378 3545 λέγων·
3426 3495 3455 3521 ‹‹
3508 3471 3799 3541 Γενηθήτω

2142 3558 2176 3627 ἡ
2208 3557 2444 3633 τράπεζα
2501 3558 2673 3612 αὐτῶν
2722 3557 2949 3613 ἐνώπιον
3001 3557 3166 3613 αὐτοῦ
3211 3558 3286 3621 εἰς
3330 3556 3535 3635 παγίδα
3581 3559 3671 3614 καὶ
3722 3556 3797 3621 εἲς

2143 3644 2526 3713 ἀνταπόδοσιν,
2577 3647 2665 3702 καὶ
2726 3646 2802 3709 είς
2861 3644 3183 3704 σκάνδαλον.
3244 3650 3694 3718 Σκοτισθήτωσαν
3746 3648 3835 3701 οἱΔ

2145 3736 2426 3810 ὀφθαλμοῖ
2461 3736 2658 3809 αὐτῶν,
2689 3741 2788 3792 τοῦ
2824 3738 2899 3809 μὴ
2937 3736 3181 3814 βλέπειν,
3212 3739 3302 3792 καὶ
3332 3738 3425 3792 τὸν
3474 3741 3647 3792 νῶτον
3699 3736 3799 3792 a6-

2142 3829 2248 3881 τῶν
2306 3824 2395 3881 διὰ
2450 3826 2649 3889 παντὸς
2709 3826 3005 3902 σῦγκυψον.
3066 3829 3299 3902 ’Έκχεον
3352 3826 3436 3882 ἐπ’
3474 3826 3672 3889 αὐτοὺς
3698 3827 3798 3894 τὴν

2149 3915 2323 3991 ὀργήν
2353 3936 2470 3987 σου,
2503 3917 2592 3970 καὶ
2624 3917 2652 3970 6
2683 3916 2857 3988 θυμὸς
2886 3921 2987 3985 τῆς
3018 3915 3191 3991 ὀργῆς
3223 3937 3317 3972 σου
3355 3911 3657 3972 καταλάϐοι
3705 3914 3801 3971 αὐ-

2146 4004 2292 4067 τούς.
2325 4007 2618 4077 Γενηθήτω
2649 4006 2683 4075 ἡ
2736 4003 2963 4067 ἔπαυλις
2995 4004 3173 4060 αὐτῶν
3217 4006 3596 4081 ἡρημωμένη,
3624 4005 3715 4060 καὶ
3748 4003 3799 4059 ἰν

2144 4101 2259 4157 τοῖς
2294 4095 2644 4167 σνηνώμασιν
2676 4092 2852 4149 αὐτῶν
2889 4094 2965 4167 μή
2998 4092 3137 4149 ἔστω
3167 4095 3196 4149 6
3239 4097 3531 4149 κατοικῶν⁹
3569 4117 3597 4145 »
3628 4093 3800 4170 ἤγουν

2147 4186 2175 4240 6
2209 4183 2259 4239 ἐν
2292 4182 2702 4259 Ἱεροσολύμοις
2731 4184 2860 4245 ναὸς
2891 4182 3093 4251 αὐτῶν,
3125 4180 3157 4237 6'
3206 4180 3274 4252 δὴ
3321 4184 3413 4238 καὶ
3452 4185 3659 4259 γέγονε.
3705 4182 3809 4238 Καὶ

2144 4275 2211 4331 τὰ
2241 4273 2413 4331 λοιπὰ
2465 4270 2523 4328 δὲ
2570 4271 2666 4327 τοῦ
2714 4271 2962 4346 ψαλμοῦ,
3013 4273 3087 4335 ὡς
3133 4271 3221 4328 ἐπὶ
3250 4272 3485 4349 κατάρας
3517 4271 3812 4348 λεγόμενα,

2146 4369 2265 4425 τοῖς
2320 4360 2606 4424 Ἰουδαίοις
2658 4362 2903 4436 ἁρμόζει,
2960 4360 3053 4424 οὕς
3121 4360 3210 4416 καὶ
3271 4363 3482 4432 Μωσῆς
3533 4358 3810 4418 ὠνείδισεν

2487 4449 2584 4506 Καὶ
2637 4446 2781 4505 ἔσται
2839 4452 2874 4521 ἡ
2920 4451 3033 4521 ζωή
3069 4470 3167 4505 σου
3195 4449 3510 4528 κρεμαμένη
3553 4450 3811 4507 ἀπέναντι

2145 4547 2253 4598 τῶν
2288 4539 2587 4619 ὅφθαλμῶν
2619 4560 2735 4612 σου,
2768 4541 2858 4595 καὶ
2907 4534 3199 4619 φοϐηθήσῃ
3231 4541 3442 4615 ἡμέρας
3472 4539 3562 4595 καὶ
3590 4541 3812 4616 νυκτὸς,

2146 4632 2236 4686 καὶ
2268 4631 2329 4685 οὐ
2361 4629 2666 4692 πιστεύσεις
2695 4633 2763 4695 τῆ
2798 4633 2911 4703 ζωῇ
2946 4650 3062 4684 σου.
3096 4653 3125 4682 ››

2222 4723 2308 4777 11.
2345 4719 2473 4795 Περὶ
2507 4717 2565 4774 δὲ
2593 4724 2693 4788 τῆς
2725 4716 2944 4794 λόγχης
2973 4716 3122 4793 λέγει
3158 4717 3428 4794 Ζαχαρίας
3459 4719 3488 4773 6
3521 4721 3815 4798 προφήτης

2149 4811 2226 4872 ὡς
2275 4808 2326 4864 ἐν
2381 4808 2680 4885 προσώπου
2728 4808 2827 4863 τοῦ
2873 4811 3127 4882 Χριστοῦ·
3184 4831 3211 4859 ‹‹
3267 4807 3369 4865 Καὶ
3416 4803 3814 4883 ἐπιὸλὲψονται

2149 4900 2284 4976 πρὸς
2341 4900 2427 4972 με,
2479 4898 2553 4961 εἷς
2601 4897 2657 4953 ὅν
2693 4897 3055 4969 ἐξεκέντησαν.
3103 4921 3133 4948 ιι
3179 4896 3311 4974 Περὶ
3363 4895 3421 4953 δὲ
3466 4901 3563 4953 τοῦ
3611 4895 3812 4962 ὕδατος

2147 4995 2249 5059 τῆς
2291 4988 2446 5063 ἁγίας
2505 4987 2669 5043 αὐτοῦ
2717 4986 2957 5062 πλευρᾶς
3007 4987 3036 5040 ὁ
3086 4985 3247 5048 αὐτὸς
3296 4989 3586 5065 προφήτης
3638 4987 3809 5042 εἶπενο

2151 5106 2177 5132 ‹‹
2213 5080 2299 5136 Ἐν
2328 5082 2395 5153 τῇ
2430 5078 2613 5154 ήμέρᾳ
2661 5077 2837 5153 ἐκείνῃ
2899 5074 3231 5147 ἐξελεύσεται
3280 5073 3429 5154 ὕδωρ
3474 5080 3577 5145 ζῶν
3631 5075 3680 5150 ἐξ
3711 5078 3815 5133 Ἱε-

2152 5168 2465 5243 ρουσαλήμ’
2500 5192 2527 5220 ››
2561 5167 2905 5240 Ἀκούσωμεν
2935 5164 2992 5221 δὲ
3021 5163 3112 5220 καὶ
3141 5169 3239 5221 τοῦ
3270 5167 3560 5243 προφήτου
3588 5164 3814 5222 Ἡσαΐου

2483 5347 2529 5381 ⁴⁴
2559 5346 2799 5402 Zachar.
2832 5363 2953 5415 xm,

3147 5348 3193 5382 ⁴³
3246 5346 3483 5421 Zachar.
3511 5363 3630 5421 xxv,
3659 5349 3812 5421 6,77.

2318 5422 2364 5455 ⁴⁰
2395 5419 2536 5475 ibid.
2568 5419 2757 5474 23-26.

2874 5418 2921 5454 ⁵ο
2967 5419 3138 5478 Deut.
3189 5435 3391 5490 xxvm,
3422 5420 3513 5477 66.
3613 5418 3677 5458 ’⁸⁸
3706 5420 3817 5479 Za-
3856 5462 3863 5470 ο

2216 5664 2330 5736 (79)
2362 5663 2610 5730 Quidam
2643 5678 2811 5730 mis”
2853 5662 3269 5717 ωσκοτάσουσιν
