4132 6366
367 422 484 483 697

1328 408 1847 482 QUIESTIONES
1895 408 1999 468 AD
2042 408 2510 474 ANTIOCHUM
2554 415 2849 476 DUCEM.

3676 413 3796 473 698

363 551 487 628 περὶ
520 556 620 618 τῆς
651 553 830 625 ταφῆς
861 548 960 599 τοῦ
994 543 1193 618 Κυρίου
1250 540 1526 616 λέγοντος,
1553 538 1642 594 καὶ
1693 539 1842 600 ὅπως
1902 535 2023 592 δια-

2141 541 2269 597 dete
2300 547 2365 600 ut
2395 545 2603 601 Justus
2652 545 2840 618 periit.
2876 550 2934 601 et
2983 562 3156 602 nemo
3200 547 3371 602 corde
3423 547 3640 620 cogitat
3669 546 3732 600 ⁸⁸.
3770 568 3797 595 ››

365 627 505 718 γελᾷ
554 637 686 700 τοὺς
743 631 1062 694 Ἰουδαίους·
1101 656 1127 682 ‹‹
1160 629 1330 687 Ἴδετε
1380 633 1453 691 ὡς
1512 627 1722 690 δίκαιος
1754 627 2028 695 ἀπώλετο,

366 716 459 786 καὶ
492 727 676 789 οὐδεὶς
710 722 989 799 ἐκδέχεται
1020 725 1087 794 τῇ
1119 717 1333 795 καρδίᾳ.
1370 745 1396 770 ››
1429 719 1588 773 Εἶπεν
1642 716 1732 772 οὗν
1784 717 1872 772 καὶ
1929 718 2026 785 τὴν

370 819 535 877 αὐτοῦ
563 817 874 872 ἀνάστασιν·
907 812 996 867 καὶ
1029 808 1216 864 πάλιν⁸
1251 834 1277 860 ‹‹
1317 809 1450 866 Ἀπὸ
1480 809 1778 883 προσώπου
1819 804 2029 867 ἀδικίας

371 911 533 984 ἦρται
568 908 596 961 6
631 904 864 973 δίκαιος,
896 901 985 956 καὶ
1018 899 1163 956 ἔσται
1197 899 1247 952 ἐν
1284 898 1471 972 εἰρήνῃ
1505 901 1536 966 ἡ
1580 899 1724 974 ταφή
1780 897 1966 951 αὐτοῦ.
2004 919 2024 946 ι

371 1023 396 1050 ‹‹
431 1001 518 1055 Ἐν
554 996 746 1069 εἰρήνῃ
783 1018 809 1044 ‹‹
847 990 903 1046 δὲ
945 990 1112 1066 λέγει,
1156 988 1237 1042 ὅτι
1292 989 1319 1042 6
1372 987 1610 1049 Πιλᾶτος
1663 988 1776 1058 μετ’
1811 986 2031 1061 εἰρήνης

373 1085 620 1142 ἀπέδωκε
648 1085 711 1137 τὸ
745 1085 905 1152 σῶμα
933 1083 1030 1134 τοῦ
1074 1079 1254 1148 Ἰησοῦ
1304 1081 1382 1148 τῷ
1430 1077 1650 1153 Ἰωσήφ.
1683 1074 1923 1147 Ὁμοίως
1974 1071 2030 1128 δὲ

370 1176 459 1231 καὶ
494 1169 659 1229 Δαϐἰδ
691 1170 815 1245 περὶ
845 1176 946 1237 τῆς
975 1174 1151 1244 ταφῆς
1185 1165 1348 1221 αὐτοῦ
1398 1166 1447 1219 ἐν
1498 1167 1583 1234 πζ¹
1631 1163 1838 1239 ψαλμῷ
1886 1161 2030 1238 λέγει

371 1265 446 1327 ὡς
480 1263 540 1319 ἐκ
566 1261 867 1338 προσώπου
896 1262 994 1312 τοῦ
1020 1259 1282 1332 Χριστοῦ⁸
1317 1280 1344 1307 ι(
1377 1256 1598 1310 Ἔθεντό
1636 1275 1700 1326 με
1749 1253 1800 1307 ἐν
1840 1251 2028 1324 λάκκῳ

373 1352 690 1424 κατωτάτω,
722 1350 773 1404 ἐν
808 1351 1107 1407 σκοτεινοῖς
1165 1344 1254 1399 καὶ
1315 1344 1367 1399 ἐν
1423 1350 1546 1414 σκιᾷ
1593 1345 1842 1398 θανάτουο
1876 1363 1901 1393 n
1939 1341 2027 1395 καὶ

375 1443 481 1517 πρὸ
511 1441 733 1496 τούτων·
765 1461 792 1489 ‹‹
829 1438 927 1492 Καὶ
961 1436 1222 1510 ἐγενήθην
1261 1433 1384 1488 ὡσεῖ
1438 1435 1723 1508 ἅνθρωπος
1787 1426 2030 1501 ἀϐοήθη-

373 1553 468 1593 τος
499 1530 551 1585 ἐν
600 1533 803 1604 νεκροῖς
851 1525 1157 1598 ἐλεύθερος,
1193 1546 1220 1574 ››
1252 1521 1426 1599 ἤγουν
1477 1522 1859 1598 ἀναμάρτητος
1893 1523 2026 1591 (80).

375 1620 676 1695 Γέγραπται
709 1615 762 1672 δὲ
791 1615 879 1670 καὶ
911 1614 962 1669 ἐν
995 1617 1064 1688 τῇ
1099 1609 1222 1670 Ἰὼϐ
1256 1613 1452 1675 οὕτως’
1493 1636 1518 1663 ‹‹
1547 1611 1890 1686 Ἀνοίγονταί
1941 1631 2024 1664 σοι

371 1703 529 1785 φόϐῳ
559 1706 724 1762 πύλαι
756 1703 1006 1760 θανάτοω
1041 1701 1294 1779 πυλωροὶ
1327 1700 1384 1757 δὶ
1428 1698 1558 1771 ᾅδου
1611 1699 1816 1762 ἰδόντες
1869 1696 2029 1768 ἔπτη-

367 1801 477 1870 ξαν·
515 1821 543 1849 ››
577 1793 862 1869 πρόδηλον
893 1791 970 1861 δὲ,
1004 1792 1086 1848 ὅτι
1118 1794 1170 1848 αἱ
1221 1792 1452 1847 ἐναντίαι
1484 1798 1591 1846 τῶν
1627 1790 1900 1865 δαιμόνων
1937 1788 2026 1845 δυ-

365 1886 579 1959 νάμεις.
609 1885 856 1957 Ὁμοίως
917 1882 974 1938 δὲ
1017 1884 1104 1938 καὶ
1166 1883 1217 1938 ἐν
1248 1888 1327 1955 τῷ
1361 1885 1430 1955 ᾖξ’
1470 1882 1695 1957 ψαλμῶ·
1731 1907 1757 1933 ‹‹
1793 1881 2027 1955 Ἐξάγων
2057 1917 2104 1982 Β

366 1971 780 2046 πεπεδημένους
828 1971 879 2026 ἐν
933 1970 1168 2045 ἀνδρείᾳ,
1223 1971 1432 2043 ὁμοίιος
1485 1970 1612 2032 τοὺς
1658 1969 2022 2046 παραπικραί-

372 2084 562 2125 νοντας
592 2062 722 2123 τοὺς
771 2065 1158 2122 κατοικοῦντας
1205 2059 1256 2114 ἐν
1287 2059 1501 2137 τάφοις.
1541 2084 1566 2110 ››
1600 2061 1722 2115 Ὅτι
1755 2055 1811 2112 δὲ
1843 2059 1869 2111 6
1902 2061 2026 2133 Χρι-

372 2153 495 2213 στὸς
529 2153 580 2206 ἐν
611 2156 691 2223 τῷ
719 2146 820 2224 ᾅδῃ
850 2150 1139 2221 ἀπομένειν
1177 2148 1276 2203 οὐκ
1324 2145 1574 2221 ἔμελλεν,
1604 2147 1750 2203 ἀλλά
1796 2149 1917 2222 τριή
1932 2168 2023 2218 με·

373 2261 466 2316 ρος
500 2239 834 2306 ἀνίστασθαι,
867 2239 1090 2313 ψαλμοῦ
1126 2239 1182 2293 ιε’
1213 2237 1550 2310 ἀκούσωμενο
1587 2262 1613 2287 ‹‹
1647 2239 1772 2293 ’Ότι
1804 2235 1903 2290 οὐκ
1941 2235 2027 2312 ἐγο

369 2330 717 2404 καταλείψεις
746 2331 846 2398 τὴν
867 2330 1051 2404 ψυχήν
1091 2349 1196 2400 μου
1229 2327 1303 2388 εἰς
1334 2325 1491 2398 ᾇδην,
1526 2324 1650 2380 οὐδὲ
1695 2323 1884 2386 δώσεις
1933 2327 2023 2379 τὸν

371 2419 520 2474 ὅσιόν
574 2440 670 2474 σου
725 2415 855 2472 ἰδεῖν
913 2415 1232 2494 διαφθοράνο
1271 2440 1298 2467 ››
1337 2415 1424 2470 καὶ
1474 2414 1637 2469 πάλιν
1670 2416 1746 2477 νς¹
1777 2413 2023 2487 ψαλμοῦ·

375 2531 403 2557 ‹‹
437 2509 894 2583 Ἐξεγερθήσομαι
927 2503 1146 2582 ὄρθρου.
1183 2530 1211 2556 ››
1247 2505 1344 2559 Καὶ
1377 2507 1404 2558 6
1436 2506 1726 2581 προφήτης
1779 2501 1834 2557 δὲ
1868 2504 2026 2571 Ὠσηὲ

373 2596 545 2659 οὕτως
597 2595 722 2673 ἔφη·
779 2620 806 2648 ι(
859 2600 1244 2672 Πορευθῶμεν,
1293 2595 1382 2648 καὶ
1427 2593 1834 2669 ἐπιστρέψωμεν
1891 2593 2026 2668 πρὸς

371 2687 568 2760 Κύριον
598 2688 691 2741 τὸν
724 2687 852 2741 Θεὸν
883 2688 1061 2757 ἡμῶν,
1096 2685 1177 2739 ὅτι
1209 2684 1369 2746 αὐτὸς
1401 2684 1696 2752 πεποίηκεν
1726 2685 1895 2754 ἡμᾶς,
1936 2682 2023 2737 καὶ

371 2777 576 2832 ἰάσεται
635 2778 803 2849 ἡμᾶς’
839 2775 1042 2850 ὑγιάσει
1101 2777 1250 2846 ἡμᾶς
1304 2774 1439 2846 μετὰ
1479 2771 1573 2827 δύο
1614 2774 1843 2847 ἡμέρας,
1879 2771 1929 2826 ἐν
1957 2776 2024 2846 τῇ

371 2865 556 2942 ἡμέρᾳ
583 2869 654 2938 τῇ
699 2864 856 2940 τρίτῃ
906 2863 1318 2935 ἀναστησόμεθα
1363 2862 1453 2916 καὶ
1507 2862 1800 2934 ζησόμεθα.
1836 2885 1861 2911 ›)
1897 2862 2024 2935 Περί

374 2954 434 3012 δὲ
487 2960 594 3010 τῶν
661 2954 992 3031 μυροφόρων
1052 2958 1320 3028 γυναικῶν
1377 2952 1596 3013 Ἠσαίας
1659 2954 1686 3006 ὁ
1735 2954 2024 3028 προφήτης

376 3045 510 3100 εἶπε·
544 3068 571 3096 ‹‹
608 3049 857 3104 Γυναῖκες
896 3042 1192 3118 ἐρχόμεναι
1243 3041 1349 3096 ἀπὸ
1403 3041 1546 3114 θέας,
1584 3039 1754 3096 δεῦτε·
1808 3040 1870 3096 οὐ
1920 3043 2024 3117 γὰρ

373 3133 484 3190 ἐστι
517 3131 651 3195 λαός
683 3128 826 3208 ἔχων
857 3131 1087 3189 σύνεσιν.
1121 3154 1149 3183 ιο

445 3315 531 3369 12.
568 3311 699 3387 Περὶ
732 3308 789 3366 δὲ
815 3316 916 3380 τῆς
949 3308 1276 3384 ἀναλήψεως
1307 3330 1402 3364 του
1435 3314 1672 3382 Χριστοῦ
1715 3308 1766 3364 ἐν
1803 3312 1840 3378 ζ’
1870 3309 1958 3365 καὶ
1993 3318 2022 3365 ι’
2055 3281 2098 3348 C

370 3398 578 3474 ψαλμῷ
631 3401 953 3478 γέγραπται’
989 3399 1147 3454 «Καὶ
1207 3393 1371 3467 ἐπέϐη
1435 3397 1521 3453 ἐπὶ
1580 3395 1876 3474 χερουϐἰμ,
1935 3401 2024 3454 καὶ

369 3489 633 3559 ἐπετάσθη
661 3508 674 3522 ⁸
736 3489 999 3558 ἐπετάσθη
1054 3487 1140 3543 ἐπὶ
1200 3487 1477 3563 πτερύγων
1540 3489 1774 3561 ἀνέμων.
1838 3512 1865 3538 ››
1926 3489 2023 3544 Καὶ

367 3578 532 3634 πάλιν
567 3578 619 3634 ἐν
657 3580 742 3651 μς¹
771 3578 1001 3652 ψαλμῷ⁶
1039 3602 1065 3629 α
1097 3571 1294 3646 Ἀνέϐη
1328 3579 1356 3632 6
1401 3577 1531 3639 Θεὸς
1590 3576 1642 3632 ἐν
1693 3577 2023 3654 ἀλαλαγμῷ,

366 3667 565 3743 Κύριος
625 3666 677 3722 ἐν
735 3671 887 3746 φωνῇ
946 3666 1271 3742 σάλπιγγος’
1311 3691 1330 3716 ι
1384 3667 1473 3721 καὶ
1533 3665 1584 3720 ἐν
1647 3666 1891 3742 Ζαχαρία
1945 3673 2025 3740 τῷ

367 3759 651 3836 προφήτῃσ
691 3782 711 3808 α
752 3759 835 3812 Ἐν
864 3759 932 3830 τῇ
966 3757 1150 3831 ἡμέρᾳ
1188 3755 1363 3830 ἐκείνη
1415 3757 1707 3826 στήσονσαι
1761 3758 1813 3808 οἱ
1861 3754 2024 3818 πόδες

371 3847 570 3922 Κυρίου
602 3847 676 3908 εἰς
704 3847 766 3901 τὸ
807 3842 933 3920 ὅρος
977 3850 1085 3900 τῶν
1121 3843 1372 3912 Ἐλαιῶν,
1403 3845 1466 3899 τὸ
1501 3845 1776 3899 κατέναντι
1825 3847 2028 3920 Ἰερου-

369 3935 562 4009 σαλὴμ
589 3935 640 4008 ἐξ
673 3935 972 3992 ἀνατολῶν.
1008 3957 1036 3986 ››
1069 3935 1199 4009 Περὶ
1232 3932 1289 3988 δὲ
1343 3941 1444 4002 τῆς
1498 3931 1713 4005 ἐνδόξου
1772 3932 2022 4010 δευτέρας

368 4026 668 4100 παρουσίας
692 4029 790 4080 τοῦ
821 4026 950 4080 Υἱοῦ
981 4029 1077 4080 τοῦ
1109 4028 1241 4080 Θεοῦ
1274 4022 1422 4098 λέγει
1477 4023 1681 4091 Δανιὴλ
1730 4025 1758 4079 ὁ
1807 4026 2022 4102 προφή-

366 4133 490 4185 της*
525 4140 552 4167 ‹‹
589 4115 884 4192 Ἐθεώρουν
944 4113 996 4169 ἐν
1057 4111 1289 4187 ὁράματι
1346 4119 1447 4182 τῆς
1491 4113 1706 4184 νυκτὸς,
1755 4113 1843 4167 καὶ
1906 4111 2022 4168 ἰδοὺ

376 4203 512 4275 μετὰ
561 4207 668 4259 τῶν
727 4203 964 4281 νεφελῶν
1010 4207 1107 4258 τοῦ
1153 4202 1385 4279 οὗρανοῦ
1435 4203 1508 4264 ὡς
1555 4203 1676 4263 Υἱὸς
1733 4201 2023 4276 ἀνθρώπου

371 4291 687 4369 ἐρχόμενος,
719 4293 810 4348 καὶ
839 4290 945 4355 ἕως
972 4295 1070 4348 τοῦ
1099 4291 1344 4347 Παλαιοῦ
1373 4297 1482 4346 τῶν
1533 4294 1756 4366 ἡμερῶν
1807 4287 2022 4369 ἔφθασε.

371 4381 467 4436 Καὶ
498 4383 853 4458 προσηνέχθη
888 4380 1052 4452 αὐτῷ.
1086 4381 1190 4436 Καὶ
1237 4379 1384 4454 αὐτῷ
1442 4377 1602 4450 ἐδόθη
1657 4380 1805 4456 ἀρχὴ
1866 4380 1954 4436 καὶ
1987 4383 2021 4450 ἡ

363 4472 525 4543 τιμή,
558 4471 649 4525 καὶ
706 4474 741 4540 ἡ
807 4469 1072 4547 βασιλεία’
1123 4470 1212 4524 καὶ
1271 4469 1464 4532 πάντες
1523 4471 1575 4525 οἱ
1630 4468 1776 4542 λαοὶ,
1833 4467 2020 4540 φυλαὶ,

366 4559 612 4635 γλῶσσαι
662 4557 1044 4616 δουλεύσουσιν
1091 4559 1253 4630 αὐτῷ.
1288 4560 1350 4616 Ἦ
1397 4559 1611 4630 ἐξουσία
1657 4559 1820 4614 αὐτοῦ
1881 4559 2023 4630 ἐξου-

2142 631 2281 704 Ejus
2315 652 2521 691 rursus
2577 637 3070 692 resurrectionem
3123 637 3214 692 his
3267 638 3527 709 praedicit
3557 637 3796 692 verbis:

2147 744 2166 770 ι
2206 727 2244 774 Α
2283 723 2427 780 facie
2456 726 2788 798 iniquitatis
2840 727 3109 780 sublatus
3139 731 3223 780 est
3259 727 3476 796 justus,
3511 732 3565 782 et
3597 725 3707 781 erit
3740 726 3798 782 in

2142 828 2282 882 pace
2317 815 2623 886 sepultura
2647 817 2774 886 ejus
2805 816 2939 881 ⁵⁴,››‹‹
2977 816 3035 869 In
3071 831 3267 886 pace,»
3302 819 3494 869 autem
3531 815 3631 882 ait,
3662 815 3802 886 quia

2141 902 2369 957 Pilatus
2391 921 2522 959 cum
2550 922 2686 976 pace
2708 904 2962 976 Josepho
2988 904 3243 958 reddidit
3267 920 3480 976 corpus
3499 905 3662 958 Jesu.
3701 904 3797 960 Sic

2139 995 2197 1047 et
2228 992 2401 1047 David
2437 995 2506 1049 de
2560 995 2688 1065 ejus
2716 994 3020 1066 sepultura
3051 993 3277 1065 psalmo
3323 994 3676 1064 octogesimo
3711 1011 3798 1048 se-

2141 1083 2323 1154 ptimo
2357 1086 2518 1155 quasi
2549 1103 2616 1141 ex
2649 1102 2902 1158 persona
2937 1085 3149 1140 Christi
3182 1085 3443 1154 loquitur
3475 1101 3488 1140 :
3525 1106 3547 1134 (ι
3586 1085 3797 1138 Posue-

2140 1177 2277 1227 runt
2306 1191 2397 1229 me
2447 1174 2505 1228 in
2539 1175 2666 1230 lacu
2703 1175 2986 1239 inferiori,
3020 1174 3076 1228 in
3132 1173 3459 1228 tenebrosis
3489 1173 3634 1228 etin
3669 1190 3800 1228 um-

2141 1262 2242 1317 bra
2293 1265 2499 1319 mortis
2531 1265 2574 1299 ⁵⁸
2607 1282 2618 1320 ;
2653 1288 2679 1314 ››
2713 1269 2767 1319 et
2819 1273 3011 1331 antea,
3052 1286 3072 1313 ε
3109 1265 3175 1318 Et
3228 1265 3416 1318 factus
3467 1280 3598 1318 sum
3648 1261 3801 1317 sicut

2138 1351 2313 1407 homo
2363 1354 2491 1409 sine
2541 1353 2834 1422 adjutorio
2890 1355 3043 1408 inter
3093 1359 3354 1408 mortuos
3404 1351 3642 1422 liber“,
3681 1376 3698 1399 ιι
3738 1353 3795 1406 id

2138 1446 2246 1508 est,
2278 1441 2702 1513 impeccabilis.
2739 1443 2830 1497 Sic
2856 1459 3091 1515 quoque
3115 1442 3172 1497 in
3199 1441 3348 1496 libro
3375 1441 3485 1497 Job
3513 1441 3796 1512 scriptum

2138 1535 2225 1585 est
2260 1549 2271 1586 :
2307 1553 2333 1580 ‹‹
2371 1533 2728 1604 Aperiuntur
2778 1533 2881 1587 tibi
2917 1549 3032 1603 prae
3064 1532 3272 1586 timore
3319 1535 3497 1603 portae
3538 1530 3745 1586 mortis
3781 1546 3795 1585 :

2136 1619 2401 1675 videntes
2421 1625 2614 1676 autem
2638 1621 2962 1677 inferorum
2979 1622 3264 1691 janitores
3289 1623 3661 1676 tremuerunt
3681 1620 3746 1687 ετ,
3768 1642 3797 1669 ››

2137 1725 2370 1780 nempe.
2422 1710 2787 1776 adversariis,
2825 1715 2889 1765 ut
2922 1713 3104 1782 patet,
3157 1709 3490 1764 daemonum
3522 1709 3795 1765 virtutes.

2137 1797 2421 1853 Similiter
2449 1798 2570 1854 haec
2602 1799 2658 1852 in
2694 1799 2921 1866 psalmo
2953 1797 3317 1870 sexagesimo
3363 1796 3616 1868 septimo
3647 1796 3796 1868 legi-

2139 1905 2271 1943 mus
2305 1906 2318 1943 :
2353 1910 2379 1936 «
2417 1887 2522 1954 Qui
2572 1889 2772 1944 educit
2798 1887 3022 1943 vinctos
3073 1887 3130 1942 in
3173 1886 3486 1955 fortudine,
3521 1885 3797 1941 similiter

2135 1994 2234 2033 eos
2265 1975 2363 2050 qui
2414 1983 2763 2049 exasperant
2812 1977 2911 2049 qui
2945 1977 3216 2032 habitant
3245 1976 3305 2031 in
3352 1975 3638 2047 sepulcris
3666 1976 3728 2030 ⁸⁸.
3764 1998 3793 2027 ››

2137 2067 2298 2132 Quod
2332 2083 2464 2122 vero
2512 2066 2776 2122 Christus
2807 2065 2863 2122 in
2897 2063 3100 2120 inferis
3141 2079 3525 2118 remansurus
3558 2079 3671 2118 non
3705 2079 3797 2118 es-

2136 2162 2246 2222 set,
2301 2157 2400 2211 sed
2451 2157 2622 2212 tertia
2686 2155 2778 2210 die
2846 2159 3304 2219 resurrecturus,
3378 2152 3680 2208 discamus
3730 2169 3800 2208 ex

2137 2245 2365 2316 psalmo
2418 2244 2622 2317 quinto
2677 2253 2734 2300 et
2779 2245 3006 2300 decimo
3040 2260 3051 2299 :
3088 2267 3114 2292 ‹‹
3150 2242 3437 2308 Quoniam
3485 2257 3599 2296 non
3632 2241 3796 2296 dere-

2137 2335 2365 2406 linques
2397 2336 2654 2390 animam
2709 2351 2899 2389 meam
2934 2333 2992 2388 in
3041 2332 3286 2400 inferno,
3324 2348 3429 2385 nec
3459 2330 3628 2386 dabis
3659 2348 3794 2386 san-

2136 2429 2295 2480 ctum
2328 2430 2495 2479 tuum
2528 2425 2722 2480 videre
2766 2422 3194 2495 corruptionem
3229 2422 3290 2475 ⁵ο.
3326 2443 3354 2470 ι»
3389 2421 3455 2474 Et
3486 2437 3693 2474 rursus
3725 2437 3794 2475 ex

2137 2513 2364 2586 psalmo
2415 2513 2908 2586 quinquagesimo
2959 2517 3117 2567 sexto
3153 2529 3165 2566 :
3202 2535 3226 2559 ‹‹
3265 2511 3583 2580 Exsurgam
3635 2508 3789 2564 dilu-

2136 2604 2268 2658 culo
2298 2604 2361 2656 ⁸ο.
2400 2625 2426 2651 ››
2453 2603 2583 2658 Haec
2617 2604 2833 2674 pariter
2863 2602 3035 2657 verba
3084 2609 3221 2656 sunt
3250 2599 3408 2656 Oscae
3443 2598 3737 2670 prophetae
3775 2616 3788 2653 ι

2137 2716 2164 2742 κ
2201 2692 2646 2746 Proﬁciscamur
2666 2697 2721 2747 et
2742 2696 3154 2746 convertamur
3174 2690 3244 2744 ad
3277 2689 3585 2745 Dominum
3605 2687 3788 2743 Deum

2137 2787 2428 2847 nostrum,
2463 2780 2748 2852 quiaipse
2780 2780 2913 2835 fecit
2936 2797 3062 2846 nos,
3096 2784 3152 2833 et
3172 2778 3403 2834 sanabit
3424 2794 3530 2832 nos
3565 2792 3577 2831 :
3612 2793 3788 2833 sanos

2136 2888 2243 2926 nos
2275 2857 2475 2926 reddet
2505 2874 2638 2941 post
2667 2871 2813 2924 duos
2837 2868 3049 2933 dies,in
3083 2867 3177 2923 die
3209 2867 3378 2922 tertia
3409 2882 3788 2938 resurgemus

2136 2964 2192 3014 et
2219 2961 2480 3014 vivemus
2506 2961 2569 3012 δ’,
2608 2981 2634 3008 ››
2671 2961 2744 3014 De
2778 2957 3125 3012 mulieribus
3174 2963 3370 3013 autem
3417 2959 3784 3027 unguentum

2136 3049 2458 3105 ferentibus
2489 3048 2573 3104 sic
2605 3048 2865 3120 loquitur
2889 3046 3069 3102 Isaias
3103 3045 3384 3118 propheta
3418 3063 3480 3100 :«
3518 3043 3790 3100 Mulieres

2133 3137 2433 3194 venientes
2464 3155 2496 3194 a
2527 3136 3018 3209 contemplatione
3049 3135 3329 3192 accedite:
3365 3151 3481 3190 non
3512 3137 3602 3190 est
3630 3133 3789 3188 enim

2136 3227 2390 3300 populus
2426 3226 2760 3298 intelligens
2784 3227 2850 3280 69.
2890 3248 2916 3274 ››

2210 3318 2300 3373 12.
2343 3317 2421 3372 De
2451 3316 2664 3372 Christi
2714 3333 2846 3371 vero
2901 3313 3306 3386 assumptione
3341 3313 3462 3368 hanc
3501 3311 3798 3367 habentur

2138 3406 2365 3480 psalmo
2415 3405 2664 3478 septimo
2712 3409 2769 3460 et
2813 3405 3039 3460 decimo
3075 3422 3087 3459 :
3127 3427 3152 3454 ‹‹
3187 3407 3255 3458 Et
3301 3402 3565 3458 ascendit
3615 3417 3794 3473 super

2136 3495 2441 3552 cherubim
2475 3501 2534 3551 et
2562 3494 2776 3552 volavit
2806 3511 2982 3566 super
3016 3511 3238 3565 pennas
3264 3498 3570 3548 ventorum
3594 3491 3698 3547 ⁸³.»
3721 3489 3791 3544 Et

2136 3587 2350 3642 iterum
2401 3583 2628 3656 psalmo
2679 3584 3132 3656 quadragesimo
3184 3586 3342 3638 sexto
3391 3599 3465 3636 :«
3517 3578 3797 3636 Ascendit

2136 3675 2290 3731 Deus
2323 3675 2379 3730 in
2407 3673 2780 3745 jubilatione,
2814 3678 2871 3728 et
2907 3672 3185 3729 Dominus
3217 3672 3273 3726 in
3313 3687 3449 3727 voce
3482 3672 3635 3726 tuba
3666 3671 3730 3723 ⁸⁵.
3766 3692 3793 3718 ››

2136 3765 2204 3818 Et
2233 3765 2292 3820 in
2325 3763 2604 3819 Zacharia
2638 3762 2921 3836 propheta
2957 3779 3002 3818 :u
3041 3767 3104 3816 1n
3138 3761 3229 3816 die
3253 3761 3407 3818 253
3430 3758 3527 3815 illa
3549 3759 3794 3815 stabunt

2137 3854 2315 3925 pedes
2337 3853 2568 3908 Domini
2595 3869 2774 3924 super
2800 3858 3058 3907 montem
3083 3849 3509 3920 Olivarum,qui
3539 3852 3628 3904 est
3659 3865 3797 3903 con-

2136 3947 2227 3997 tra
2272 3940 2603 3996 Jerusalem
2655 3941 2724 3995 ad
2778 3939 3074 3996 Orientem
3106 3940 3171 3994 ⁸⁸.
3211 3961 3238 3989 ››
3273 3943 3348 3994 De
3398 3937 3652 4011 glorioso
3697 3954 3800 3992 au-

2135 4034 2252 4085 tem
2287 4031 2541 4086 secundo
2569 4029 2700 4086 Filii
2725 4029 2828 4086 Dei
2851 4031 3100 4086 adventu
3133 4029 3215 4084 ait
3240 4027 3440 4085 Daniel
3466 4026 3750 4100 propheta
3783 4040 3799 4081 :

2135 4144 2162 4171 ‹‹
2196 4119 2566 4192 Aspiciebam
2600 4119 2658 4174 in
2692 4119 2919 4174 visione
2951 4118 3160 4186 noctis,
3193 4124 3250 4173 et
3280 4134 3412 4173 ecce
3458 4134 3594 4172 cum
3625 4115 3797 4171 nubi-

2135 4211 2246 4265 bus
2279 4208 2404 4263 coeli
2431 4208 2597 4278 quasi
2625 4206 2780 4262 {ilius
2805 4207 3064 4262 hominis
3103 4207 3390 4273 veniebat,
3424 4211 3479 4261 et
3507 4221 3696 4277 usque
3725 4205 3796 4260 ad

2135 4305 2172 4352 A
2186 4298 2453 4370 ntiquum
2473 4297 2699 4352 dierum
2718 4297 3064 4368 pervenit,et
3076 4297 3366 4350 adductus
3379 4300 3468 4350 est
3481 4296 3550 4350 ad
3565 4310 3694 4350 eum
3707 4294 3799 4350 .Et

2132 4387 2243 4459 ipsi
2269 4388 2475 4442 datum
2503 4390 2592 4441 est
2613 4385 2924 4457 imperium
2949 4390 3007 4439 et
3031 4385 3217 4440 honor
3239 4390 3295 4438 et
3319 4389 3651 4455 regnumzet
3673 4400 3797 4438 om-

2135 4493 2238 4532 nes
2270 4475 2491 4549 populi,
2520 4475 2709 4530 tribus
2739 4479 2796 4528 et
2827 4473 3044 4545 linguae
3073 4473 3183 4544 ipsi
3218 4472 3493 4528 servient.
3528 4475 3795 4529 Potesta

2135 4567 2262 4635 ejus
2286 4570 2541 4638 potestas
2566 4569 2935 4636 wterna,quze
2959 4579 3075 4618 non
3097 4561 3436 4634 presteribit:
3466 4567 3523 4618 et
3545 4577 3792 4632 regnum

365 4648 455 4704 σία
511 4649 756 4717 αἰώνιος,
790 4649 912 4719 ἥτις
967 4648 1030 4702 οὐ
1088 4647 1494 4723 παρελεύσεται·
1525 4650 1614 4704 καὶ
1672 4651 1707 4718 ἡ
1774 4648 2020 4724 βασιλεία

2138 4657 2262 4726 ejus
2293 4672 2405 4710 non
2460 4658 2873 4725 corrumpetur
2901 4654 2964 4707 ⁵⁵.
3006 4674 3033 4701 ››
3069 4653 3208 4707 Ecce
3258 4655 3457 4724 aperte
3498 4667 3565 4707 ex
3617 4651 3793 4708 dictis

367 4736 534 4793 αὐτοῦ
575 4737 636 4793 οὗ
678 4735 1124 4814 διαφθαρήσεται.
1162 4761 1190 4788 ››
1222 4735 1362 4794 Ἰδοὺ
1410 4742 1594 4812 σαφῶς
1643 4735 1732 4792 διὰ
1785 4743 1893 4793 τῶν
1955 4739 2022 4793 εί-

369 4829 626 4903 ρημένων
660 4825 958 4900 ἐμάθομεν,
991 4825 1076 4881 ὅτι
1106 4825 1266 4888 αὐτός
1317 4824 1456 4881 ἐστιν
1489 4826 1516 4879 6
1548 4826 1672 4887 Υἱὸς
1721 4831 1817 4881 τοῦ
1866 4825 2024 4896 Θεοῦ,

367 4919 397 4973 6
456 4917 756 4993 σαρκωθεὶς
813 4916 904 4972 καὶ
962 4916 1146 4980 παθὼν
1209 4912 1278 4970 δι’
1331 4918 1502 4987 ἡμᾶς,
1535 4915 1624 4969 καὶ
1680 4915 1908 4979 ἀναστὰς
1966 4917 2025 4972 ἐκ

366 5007 596 5082 νεκρῶν,
630 5007 720 5062 καὶ
752 5006 1080 5083 ἀναληφθεὶς
1115 5005 1166 5060 ἐν
1203 5002 1328 5080 δόξῃ
1357 5007 1492 5081 πρὸς
1539 5005 1630 5060 τὸν
1679 5006 1869 5060 ἑαυτοῦ
1922 5013 2027 5061 Πα-

363 5097 494 5172 τέρα
523 5096 614 5152 καὶ
644 5096 810 5154 πάλιν
850 5095 1072 5168 μέλλων
1116 5092 1373 5171 ἔρχεσθαι
1423 5096 1558 5167 μετὰ
1615 5099 1722 5149 τῶν
1782 5096 2020 5174 νεφελῶν

362 5191 462 5240 τοῦ
511 5185 767 5262 οὐρανοῦ,
807 5185 938 5259 μετὰ
972 5183 1132 5258 δόξης
1182 5184 1405 5240 αἰωνίου
1449 5190 1627 5261 κρῖναι
1678 5190 1878 5254 ζῶντας
1934 5188 2023 5241 καὶ

433 5403 479 5439 ⁵³
511 5408 622 5459 Isa.
658 5419 794 5467 Lvn,
838 5403 889 5459 1.

363 5476 410 5513 ⁵ο
445 5475 599 5531 Psal.
640 5491 732 5545 xv,
775 5475 863 5530 10.
943 5473 989 5510 ⁸ο
1028 5473 1182 5530 Psal.
1225 5473 1336 5541 LVI,
1375 5476 1431 5530 9.
1505 5477 1550 5512 ⁶¹
1593 5476 1725 5532 Ose.
1765 5491 1844 5545 v1,
1887 5473 2006 5532 1-3.

364 5550 419 5604 6.
497 5548 544 5584 “
580 5547 821 5604 Zachar.
862 5561 980 5616 11v,
1021 5546 1076 5604 4.
1150 5547 1196 5584 ³⁵
1232 5545 1378 5603 Dan.
1420 5563 1525 5616 vn,
1568 5547 1656 5618 13,
1700 5547 1785 5604 14.

2134 4745 2424 4801 discimus
2457 4743 2650 4814 ipsum
2681 4759 2809 4798 esse
2844 4741 3051 4796 Filium
3094 4741 3210 4802 Dei,
3237 4741 3334 4812 qui
3369 4741 3709 4796 incarnatus
3739 4745 3797 4796 et

2135 4851 2346 4905 passus
2367 4837 2455 4888 est
2479 4850 2578 4904 pro
2603 4831 2771 4887 nobis
2793 4848 2862 4886 ex
2886 4830 3247 4901 mortuisque
3273 4829 3794 4900 resurrexit,atquo

2135 4926 2479 4992 assumptus
2501 4921 2666 4977 estin
2693 4920 2878 4993 gloria
2919 4921 2988 4975 ad
3015 4936 3188 4976 suum
3215 4919 3464 4985 Patrem,
3499 4933 3563 4973 ac
3587 4934 3795 4974 rursus

2134 5016 2419 5066 venturus
2441 5014 2532 5066 est
2551 5027 2683 5065 cum
2718 4995 2978 5064 nubibus
3000 5009 3150 5076 cmli,
3184 5025 3318 5063 cum
3341 5007 3526 5079 gloria
3555 5011 3790 5079 aeterna,

2136 5104 2201 5156 ut
2229 5101 2390 5155 vivos
2421 5104 2477 5154 et
2507 5103 2766 5155 mortuos
2810 5099 3054 5170 judicet.
3092 5098 3221 5153 Haec
3272 5099 3424 5152 enim
3455 5095 3610 5150 idem
3653 5111 3790 5167 pro-

2135 5191 2310 5262 pheta
2355 5189 2560 5244 Daniel
2603 5189 2796 5244 verbis
2846 5187 3159 5260 praedixit:
3215 5210 3240 5235 ‹‹
3274 5183 3638 5257 Aspiciebam
3687 5185 3789 5240 do-

966 5402 1012 5438 “
1054 5401 1166 5474 Isa.
1208 5419 1286 5474 xi,
1330 5403 1415 5458 10.
1494 5403 1538 5438 ⁸⁵
1566 5402 1719 5459 Psal.
1765 5420 2011 5474 Lxxxvn,

2184 5404 2228 5440 ⁸⁸
2271 5403 2411 5458 ibid.
2453 5404 2507 5458 5.
2585 5405 2628 5438 ⁵⁷
2666 5404 2774 5460 Job
2815 5418 3047 5468 xxxvm,
3092 5400 3215 5474 i7,
3255 5401 3298 5436 ⁸⁸
3331 5401 3480 5474 Psal.
3523 5415 3693 5474 L_XVII,
3732 5402 3788 5455 7.

1996 5447 2011 5532 ἷ
2063 5447 2142 5512 ’δ’
2183 5447 2512 5545 πεδ’.ᾟῖνῆ
2557 5447 2782 5532 11.-ῌᾶ
2816 5447 3284 5541 ἷὲὲἱῗὲνὶιζίι.
3331 5447 3796 5541 ’ἴίἓεὲῑξξὶνὶζ

445 5755 554 5830 (80)
585 5754 682 5814 Sic
712 5752 931 5826 Regius
966 5752 1194 5812 tertius.
1231 5752 1298 5812 In
1327 5753 1500 5812 editis
1531 5752 1675 5830 hmo,
1705 5751 1757 5811 ἐν
1787 5757 1994 5832 νεκροῖς

2138 5751 2327 5831 ἱθερος,
2358 5751 2526 5831 ἤγουν
2558 5752 2957 5830 ἀναμάρτητος,
2990 5753 3222 5808 desunt.
