4132 6412
282 476 399 538 699

1448 478 1510 541 S.
1556 481 2081 545 ATHANASIUS.
2109 515 2186 527 —
2214 482 2531 546 SPUBIA.

3596 476 3715 539 700

281 625 388 666 nec
418 610 613 665 throni
646 608 819 682 positi
870 617 1028 675 sunt,
1063 616 1117 667 et
1146 612 1442 684 Antiquus
1471 613 1702 669 dierum
1733 615 1883 669 sedit
1920 633 1932 671 :

2085 614 2291 689 εκροός.
2324 617 2560 689 Προεῖπε
2589 612 2693 690 γὰρ
2724 613 2850 687 περὶ
2901 611 3097 667 τούτου
3128 611 3157 666 ὁ
3195 610 3356 672 αὐτὸς
3428 611 3718 687 προφήτης

284 699 711 755 vestimentum
735 700 865 770 ejus
897 701 1217 756 candidum
1243 702 1414 772 quasi
1435 702 1553 774 nix,
1581 703 1833 775 etcapilli
1860 720 1951 759 ca-

291 789 433 861 pitis
464 788 593 858 ejus
616 788 783 858 quasi
818 788 953 842 lana
986 790 1506 847 munda.’I‘hronus
1539 794 1689 863 ejus,
1715 792 1952 848 ﬂamma

290 876 450 949 ignis
485 893 496 930 :
531 880 667 931 rotas
718 877 867 947 ejus,
902 876 1057 948 ignis
1105 895 1409 936 accensus.
1468 881 1706 936 Fluvius
1740 881 1951 953 igneus

302 965 522 1021 ﬂuebat
552 971 684 1021 ante
725 983 881 1020 eum.
918 965 1098 1022 Millia
1129 967 1378 1023 millium
1432 970 1845 1026 ministrabant
1874 972 1948 1044 ei,

301 1059 360 1111 et
390 1054 577 1111 decies
610 1055 824 1111 millies
871 1056 1021 1111 dena
1052 1056 1237 1112 millia
1281 1059 1639 1115 assistebant
1668 1062 1745 1116 ei.
1784 1061 1949 1115 Judi-

300 1145 457 1200 cium
510 1145 684 1209 sedit,
714 1149 771 1199 et
819 1145 947 1199 libri
982 1146 1162 1215 aperti
1204 1152 1361 1203 sunt.
1416 1149 1777 1221 Aspiciebam
1811 1156 1948 1206 tunc

302 1237 539 1305 propter
580 1249 776 1288 vocem
828 1250 1168 1290 sermonum
1219 1238 1554 1308 grandium,
1589 1256 1737 1311 quos
1768 1256 1945 1296 cornu

294 1321 443 1378 illud
492 1323 861 1394 loquebatur,
890 1325 1073 1379 donec
1120 1324 1424 1382 interfecta
1471 1332 1626 1384 esset
1653 1329 1860 1399 bestia,
1895 1335 1953 1385 et

296 1413 569 1484 periisset
601 1429 613 1467 :
646 1417 703 1467 et
732 1429 943 1485 corpus
972 1415 1100 1484 ejus
1132 1415 1409 1471 traditum
1433 1422 1524 1472 est
1544 1422 1609 1472 ut
1631 1418 1761 1491 igne
1790 1436 1946 1474 com-

301 1503 610 1557 bureretur
636 1502 740 1554 ⁸⁷.»
772 1502 1007 1558 Clarum
1043 1506 1237 1559 autem
1270 1509 1358 1559 est
1388 1507 1634 1562 bestiam
1668 1525 1799 1563 esse
1829 1514 1949 1563 An-

302 1590 850 1646 tichristum.Filius
882 1592 1096 1663 quippe
1130 1593 1226 1649 Dei
1261 1610 1392 1650 cum
1428 1596 1666 1666 venerit,
1699 1613 1825 1653 eam
1860 1598 1949 1652 in-

301 1680 551 1736 terﬁciat
599 1680 812 1752 spiritu
843 1682 960 1736 oris
989 1681 1103 1747 sui,
1137 1682 1275 1754 quia
1317 1683 1428 1756 ipsi
1461 1684 1646 1757 gloria
1676 1690 1732 1742 et
1761 1687 1952 1759 impe-

304 1769 458 1825 rium
491 1770 547 1825 in
581 1770 796 1826 saecula
826 1771 1198 1828 saeculorum.
1227 1778 1435 1830 Amen.

375 2040 460 2096 13.
494 2039 624 2096 Haec
654 2044 852 2096 autem
906 2056 976 2097 ex
1004 2041 1209 2098 multis
1240 2059 1432 2115 pauca
1463 2060 1533 2099 ex
1586 2043 1772 2100 sacris
1800 2044 1960 2100 Scri-

309 2129 503 2202 pturis
554 2130 993 2202 proposuimus,
1025 2147 1160 2186 cum
1212 2133 1282 2187 ad
1335 2138 1619 2200 nostram,
1654 2134 1754 2205 qui
1797 2133 1961 2190 Chri-

310 2219 487 2275 stiani
535 2235 745 2274 sumus
792 2219 1138 2292 ampliorem
1189 2222 1388 2286 ﬁdem,
1420 2226 1547 2276 tum
1598 2222 1667 2277 ad
1712 2223 1969 2296 pertina-

308 2307 460 2365 ciam
494 2314 553 2364 et
582 2309 900 2364 amentiam
931 2309 1269 2365 Judaaorum
1324 2311 1762 2368 confutandam.
1794 2313 1960 2369 Scili-

313 2400 405 2453 cet
436 2414 593 2453 unus
626 2402 842 2454 sanctas
872 2397 1113 2453 viviﬁcaa
1140 2398 1466 2468 Trinitatis,
1499 2404 1650 2456 Deus
1677 2401 1963 2469 Verbum,

307 2489 365 2542 et
393 2486 493 2543 Dei
527 2485 730 2553 Filius,
766 2492 823 2542 et
872 2488 1153 2544 Dominus
1200 2493 1401 2544 noster
1445 2490 1619 2546 Jesus
1671 2491 1963 2560 Christus,

306 2574 434 2647 ipse
482 2580 720 2648 propter
772 2580 1034 2632 nostram
1107 2576 1357 2634 salutem
1431 2580 1708 2635 extremis
1757 2581 1964 2638 diebus

302 2664 482 2720 homo
511 2666 697 2721 factus
749 2669 839 2723 est
868 2681 936 2721 ex
984 2668 1374 2733 sanctissima,
1419 2668 1819 2739 immaculata,
1856 2676 1960 2727 Do-

308 2753 470 2809 mina
537 2758 737 2810 nostra
801 2756 1046 2827 Beipara
1087 2761 1143 2811 et
1181 2774 1413 2829 semper
1468 2758 1691 2830 virgine
1746 2760 1952 2816 Maria.

310 2843 592 2915 Idemque
614 2844 888 2899 omnibus
911 2845 1102 2901 divine
1125 2849 1966 2921 peractis.passusque,quem-

311 2931 630 2987 admodum
684 2931 978 3005 prophetae
1033 2934 1437 3005 praedixerant,
1468 2952 1655 3008 genus
1695 2942 1964 3007 nostrum

314 3037 383 3077 ex
429 3020 676 3078 fallaciis
725 3027 781 3077 et
829 3023 1106 3079 servitute
1148 3024 1369 3080 inimici
1421 3026 1657 3098 eripuit.
1712 3027 1821 3082 Pro
1877 3033 1966 3083 tot

310 3111 491 3183 igitur
519 3111 818 3181 tantisque
872 3113 1171 3169 beneﬁciis
1204 3114 1422 3186 quibus
1454 3133 1563 3171 sua
1614 3116 1846 3171 bonitas
1878 3116 1964 3172 di-

307 3206 483 3269 gnata
513 3217 620 3256 nos
648 3206 756 3272 est,
790 3203 1133 3258 studeamus
1165 3204 1315 3276 grati
1347 3204 1396 3259 ei
1440 3220 1588 3271 esse,
1625 3213 1964 3261 sanctorum

311 3288 584 3345 videlicet
638 3291 1048 3348 mandatorum
1097 3293 1524 3360 observatione,
1561 3299 1625 3350 ut
1662 3298 1879 3351 αξιοι-[ιο
1909 3299 1968 3351 et

2067 702 2289 774 Δανιήλο
2324 728 2352 755 ι(
2387 704 2686 779 Ἐθεώρουν
2713 699 2816 765 ἕως
2847 701 2907 757 οὗ
2940 701 3123 772 θρόνοι
3155 699 3430 771 ἐτέθησαν,
3462 699 3552 754 καὶ
3606 704 3716 755 Πα-

2066 788 2221 854 λαιὸς
2252 794 2474 869 ἡμερῶν
2509 791 2759 863 ἐκάθητο·
2793 790 2884 846 καὶ
2940 792 3003 847 τὸ
3055 785 3256 863 ἔνδυμα
3299 790 3464 844 αὐτοῦ
3522 787 3714 845 λευκὸν

2068 880 2195 936 ὡσεὶ
2225 883 2386 958 χιὼν,
2420 882 2509 937 καὶ
2540 883 2574 952 ἡ
2604 882 2718 957 θρὶξ
2747 888 2848 951 τῆς
2879 879 3124 958 κεφαλῆς
3170 879 3334 934 αὐτοῦ
3391 877 3520 933 ὡσεὶ
3570 873 3716 954 ἔριον

2065 972 2317 1044 καθαρόν.
2348 973 2408 1028 Ὀ
2441 972 2631 1047 θρόνος
2660 971 2823 1026 αὐτοῦ
2872 971 3007 1049 φλὸξ
3058 971 3246 1046 πυρὸς,
3281 971 3331 1024 οἱ
3378 969 3576 1045 τροχοὶ
3622 967 3721 1023 αὐ-

2064 1064 2162 1113 τοῦ
2214 1065 2319 1136 πῦρ
2373 1060 2591 1139 φλέγον.
2655 1062 2908 1134 Ποταμὸς
2968 1061 3136 1132 πυρὸς
3185 1058 3358 1115 εἷλκεν
3415 1056 3719 1135 ἔμπροσθεν

2069 1148 2252 1223 αὐτοῦ,
2308 1147 2487 1226 χίλιαι
2534 1146 2785 1225 χιλιάδες
2831 1147 3208 1223 ἐλειτούργουν
3266 1146 3433 1219 αὐτῷ,
3476 1146 3564 1202 καὶ
3619 1146 3720 1219 μό-

2070 1259 2179 1314 ριαι
2216 1236 2471 1312 μυριάδες
2524 1238 2887 1315 παρείστηκαν
2941 1237 3109 1309 αὐτῷ.
3142 1239 3436 1313 Κριτήριον
3488 1234 3720 1306 ἐκάθισε,

2067 1329 2156 1385 καὶ
2194 1324 2381 1403 βίϐλοι
2420 1329 2805 1405 ἠνεῴχθησαν.
2838 1327 3136 1402 Ἐθεώρουν
3195 1327 3319 1381 τότε
3368 1326 3475 1381 ἀπὸ
3534 1332 3720 1403 φωνῆς

2066 1422 2171 1473 τῶν
2205 1416 2386 1493 λόγων
2417 1422 2523 1472 τῶν
2557 1416 2833 1493 μεγάλων,
2865 1418 2941 1471 ὧν
2971 1416 3035 1472 τὸ
3063 1417 3225 1489 κέρας
3274 1414 3447 1471 ἐκεῖνο
3507 1413 3721 1483 ἐλάλει,

2066 1506 2169 1569 ἓως
2203 1508 2430 1582 ἀνῃρέθη
2475 1506 2538 1562 τὸ
2589 1505 2777 1579 θηρίον
2837 1505 2928 1561 καὶ
2986 1504 3261 1577 ἀπώλετο,
3296 1504 3385 1559 καὶ
3442 1503 3505 1558 τὸ
3563 1507 3726 1576 σῶμα

2070 1596 2233 1652 αὐτοῦ
2291 1595 2453 1667 ἐδόθη
2513 1596 2591 1658 είς
2651 1599 2837 1650 καῦσιν
2898 1594 3088 1669 πυρός.
3127 1618 3155 1645 ››
3188 1590 3479 1670 Πρόδηλον
3528 1589 3607 1662 δὲ,
3641 1591 3724 1647 ὅτι

2064 1688 2128 1741 τὸ
2160 1686 2348 1762 θηρίον
2381 1687 2409 1742 ὁ
2443 1684 2836 1762 ἈντίχριστόςΔ
2857 1683 3021 1740 ἐστιν.
3057 1685 3119 1740 Ὀ
3148 1682 3249 1759 γὰρ
3283 1683 3402 1744 Υἱὸς
3445 1687 3543 1737 τοῦ
3591 1686 3726 1737 εοεοῦ

2069 1773 2392 1851 ἐρχόμενος,
2422 1773 2603 1830 ἀνελεῖ
2634 1774 2794 1829 αὐτὸν
2844 1778 2923 1846 τῷ
2970 1774 3239 1844 πνεύματι
3295 1776 3394 1828 τοῦ
3453 1770 3724 1844 πόματος

2068 1863 2255 1932 αὐτοῦ,
2290 1863 2374 1918 ὅτι
2399 1862 2546 1935 αὐτῷ
2578 1863 2612 1933 ἡ
2639 1860 2766 1933 δόξα
2790 1861 2881 1917 καὶ
2911 1861 2972 1917 τὸ
3016 1860 3213 1937 κράτος
3245 1860 3320 1924 εἷς
3357 1860 3487 1925 τοὺς
3518 1860 3720 1923 αἰῶνας

2065 1957 2175 2009 τῶν
2209 1953 2446 2009 αἰώνων.
2480 1953 2683 2024 Ἀμήν.

2146 2045 2231 2100 13.
2260 2045 2445 2099 Ταῦτα
2473 2039 2532 2097 δὲ
2560 2040 2620 2096 ἐκ
2647 2039 2875 2097 πολλῶν
2909 2040 3070 2117 ὀλίγα
3098 2038 3158 2095 ἐκ
3202 2043 3309 2095 τῶν
3361 2038 3533 2115 ἁγίων
3588 2045 3725 2116 Γρα-

2073 2136 2186 2210 φῶν
2231 2131 2573 2204 παρεθέμεθα
2617 2130 2755 2205 πρὸς
2818 2131 2910 2203 μὲν
2971 2130 3240 2202 ἡμετέραν
3297 2133 3404 2184 τῶν
3466 2134 3727 2205 Χριστια-

2072 2225 2178 2275 νῶν
2215 2218 2438 2293 μείζονα
2483 2219 2684 2291 πίστιν,
2715 2219 2853 2295 πρὸς
2897 2216 3131 2295 ἔλεγχον
3181 2215 3240 2273 δὲ
3290 2220 3390 2286 τῆς
3423 2215 3728 2288 Ἰουδαϊκῆς

2076 2307 2504 2386 σκληροκαρδίας
2559 2308 2647 2364 καὶ
2707 2302 3159 2385 φρενοϐλαϐείας*
3217 2309 3344 2363 ’Ότι
3405 2308 3433 2361 ὁ
3492 2307 3568 2370 εἷς
3627 2313 3728 2377 τῆς

2075 2400 2228 2474 ἁγίας
2265 2403 2537 2468 ζωοποιοῦ
2566 2395 2812 2471 Τριάδος,
2846 2398 2978 2459 Θεὸς
3022 2396 3196 2472 Λόγος
3248 2396 3340 2451 καὶ
3397 2400 3533 2452 Θεοῦ
3581 2397 3730 2467 Υἱὸς,

2073 2489 2222 2543 καὶὸ
2269 2489 2467 2565 Κύριος
2510 2490 2671 2560 ἡμῶν
2723 2488 2932 2557 Ἰησοῦς
2976 2485 3229 2562 Χριστὸς,
3263 2484 3423 2548 αὐτὸς
3486 2483 3575 2541 διὰ
3628 2487 3731 2555 τήν

2076 2579 2344 2654 ἡμετὲραν
2385 2576 2655 2652 σωτηρίαν
2718 2575 2799 2630 ἐπ’
2852 2573 3095 2651 ἐσχάτων
3144 2579 3251 2630 τῶν
3305 2575 3529 2651 ἡμερῶν
3578 2573 3733 2646 ἐνην-

2075 2669 2360 2744 θρώπησεν
2393 2666 2453 2722 ἐκ
2479 2673 2581 2736 τῆς
2610 2664 2879 2741 παναγίας
2908 2664 3187 2740 ἀχράντου
3220 2661 3512 2735 δεσποίνης
3570 2665 3604 2735 ἡ
3615 2670 3731 2737 μῶν

2075 2757 2363 2829 Θεοτόκου,
2392 2758 2482 2811 καὶ
2513 2756 2595 2811 ἀεὶ
2644 2754 2914 2831 παρθένου
2968 2753 3202 2828 Μαρίας.
3234 2752 3333 2809 Καὶ
3391 2752 3565 2810 πάντα
3616 2756 3729 2810 θεο-

2074 2851 2296 2919 πρεπῶς
2355 2844 2816 2923 ἀπεργασάμενος,
2848 2842 2938 2898 καὶ
2993 2843 3205 2911 παθὼν,
3246 2843 3426 2907 καθὼς
3480 2843 3534 2898 οἱ
3581 2844 3724 2915 ἅγιοι

2075 2941 2338 3012 προεῖπον
2369 2938 2669 3011 προφῆται,
2702 2929 2896 2988 ἔσωσεν
2935 2930 2995 2987 ἐκ
3037 2938 3137 3002 τῆς
3186 2936 3282 2987 τοῦ
3335 2929 3533 3007 ἐχθροῦ
3582 2930 3722 2986 πλά-

2074 3048 2173 3097 νης
2204 3025 2293 3081 καὶ
2327 3022 2578 3085 δουλείας
2616 3023 2678 3078 τὸ
2734 3023 2886 3097 γένος
2945 3022 3128 3094 ἡμῶν.
3159 3021 3307 3093 Ὑπὲρ
3364 3024 3468 3075 τῶν
3522 3019 3721 3074 τοσού-

2073 3137 2179 3171 των
2237 3113 2327 3169 οὖν
2408 3113 2751 3188 εὐεργεσιῶν,
2814 3112 2887 3166 ὧν
2946 3116 3133 3187 τυχεῖν
3188 3110 3333 3184 παρὰ
3398 3115 3498 3179 τῆς
3563 3107 3729 3164 αὐτοῦ

2075 3206 2415 3281 ἀγαθότητος
2448 3204 2789 3276 ἠξιώθημεν,
2822 3199 3214 3275 σπουδάσωμεν
3250 3199 3525 3275 εὐάρεστοι
3582 3198 3730 3270 αὖτῷ

2074 3293 2459 3371 ἀναδειχθῆναι
2493 3291 2582 3348 διὰ
2609 3299 2711 3362 τῆς
2758 3296 2868 3347 τῶν
2915 3290 3086 3366 ἀγίων
3138 3290 3303 3345 αὐτοῦ
3352 3288 3586 3346 ἐντολῶν
3637 3287 3730 3343 ὲκ-

314 3377 550 3433 infinita
576 3378 732 3434 bona
778 3380 1057 3452 consequi
1107 3381 1426 3452 possimus,
1459 3382 1517 3437 in
1558 3383 1688 3455 ipso
1736 3384 1962 3443 Christo

2085 3369 2443 3459 πληρώσεως,
2477 3381 2626 3445 ὅπως
2659 3381 2749 3437 καὶ
2776 3384 2886 3437 τῶν
2938 3379 3169 3435 αἰωνίων
3217 3378 3309 3435 καὶ
3358 3377 3734 3448 ἀτελευτήτων

317 3471 431 3522 Deo
464 3471 685 3533 nostro,
718 3467 811 3522 cui
842 3468 1029 3541 gloria
1060 3473 1116 3524 et
1164 3469 1478 3542 imperium
1530 3489 1665 3529 eum
1697 3475 1964 3547 omnipo-

314 3557 459 3611 tenti
510 3557 640 3627 ejus
690 3556 877 3627 Patre,
927 3561 984 3613 et
1021 3559 1399 3616 sanctissimo
1442 3577 1508 3616 ac
1556 3561 1779 3619 viviﬁco
1831 3564 1965 3638 Spi-

315 3645 453 3712 ritu,
522 3661 678 3701 nunc
729 3651 786 3701 et
833 3664 1065 3719 semper
1111 3653 1169 3705 et
1218 3649 1276 3704 in
1327 3651 1542 3707 saecula
1591 3653 1963 3710 saeculorum.

311 3736 520 3791 Amen.

2074 3474 2286 3550 ἀγαθῶν
2321 3471 2671 3547 ἐπιτύχωμεν
2723 3469 2773 3525 ἐν
2834 3470 2982 3542 αὐτῷ
3012 3471 3228 3540 Χριστῷ
3254 3473 3335 3540 τῷ
3382 3472 3502 3541 Θεῷ
3548 3467 3736 3538 ¹ἡμῶν,

2075 3565 2120 3636 ᾧ
2149 3565 2183 3633 ἡ
2219 3563 2347 3635 δόξα
2375 3561 2465 3617 καὶ
2494 3562 2557 3616 τὸ
2605 3559 2802 3633 κράτος
2850 3558 2943 3614 σὺν
2990 3562 3070 3630 τῷ
3116 3558 3514 3632 παντοκράτορι
3567 3555 3738 3630 Πατρὶ

2075 3652 2262 3723 αὐτοῦ,
2297 3652 2386 3706 καὶ
2425 3654 2504 3721 τῷ
2556 3648 2802 3725 παναγίῳ
2853 3648 2943 3704 καὶ
3000 3652 3255 3721 ζωοποιῷ
3311 3647 3613 3719 Πνεύματι,
3640 3648 3735 3700 νῦν

2076 3742 2165 3797 καὶ
2198 3741 2301 3813 ἀεὶ,
2333 3739 2423 3796 καὶ
2454 3739 2531 3801 εἰς
2561 3738 2687 3801 τοὺς
2718 3738 2921 3800 αἰῶνας
2950 3742 3056 3793 τῶν
3088 3737 3328 3794 αἰώνων.
3358 3738 3560 3810 ’Δμήν.

317 4048 706 4149 Oumstiones
738 4055 1089 4149 sequentes
1138 4051 1201 4111 in
1253 4052 1619 4149 Evangelia,
1668 4053 2010 4149 exncodic‘e
2058 4054 2211 4149 Iteg.
2262 4053 2444 4149 2331,
2480 4068 2665 4149 .nunc
2702 4046 3354 4149 lprlimugnllinllusem
3394 4046 3734 4127 prodeunt.

659 4127 1063 4210 Adjiciuntur
1092 4150 1283 4210 porro
1314 4134 1376 4194 in
1406 4127 1627 4194 eodem
1660 4134 1875 4195 codice
1906 4135 1988 4195 ad
2017 4127 2254 4195 calcem
2288 4131 2664 4205 Quaestionis
2696 4130 2836 4207 136,
2868 4128 2951 4189 ad
2978 4127 3385 4190 Antiochum.

397 4280 728 4347 QUIESTIO
763 4286 804 4338 ι.
838 4305 867 4333 ‹‹
900 4283 1118 4340 Christi
1156 4290 1350 4342 autem
1382 4285 1680 4359 generatio
1711 4286 1796 4342 sic
1824 4289 1968 4342 erat.

320 4371 464 4426 Cum
496 4371 655 4427 enim
704 4377 859 4429 esset
889 4374 1245 4445 desponsata
1291 4381 1477 4431 mater
1505 4375 1636 4447 ejus
1668 4375 1849 4431 Maria
1877 4377 1970 4431 Jo-

317 4459 463 4533 seph
491 4461 555 4515 ⁸⁸.
593 4484 615 4513 ι
652 4462 840 4527 Quare
871 4479 988 4518 non
1018 4463 1163 4519 dixit
1193 4481 1205 4519 :
1243 4463 1388 4520 Cum
1433 4469 1590 4521 esset
1621 4464 1974 4536 desponsata

319 4550 504 4622 virgo,
538 4551 636 4606 sed
672 4572 700 4600 «
734 4551 918 4607 Mater
945 4552 1074 4623 ejus
1094 4552 1122 4607 ?
1146 4575 1174 4603 ››

395 4639 739 4697 Βεεροινειο.
774 4640 849 4696 Ut
896 4641 1194 4698 credibilis
1226 4658 1420 4699 sermo
1470 4643 1638 4713 foret,
1672 4645 1728 4699 et
1758 4646 1825 4697 ut
1869 4659 1971 4699 au-

2155 4287 2493 4341 ΕΡΩΤΠΣΙΣ
2525 4281 2591 4337 α’.
2626 4304 2653 4333 ι(
2686 4283 2791 4335 Τοῦ
2822 4276 2880 4334 δὲ
2912 4280 3094 4349 Ἰησοῦ
3140 4279 3378 4354 Χριποῦ
3425 4277 3459 4346 ἠ
3490 4276 3741 4352 γέννησις

2084 4372 2258 4434 οὕτως
2289 4371 2379 4439 ἦν.
2412 4368 2847 4440 Μνηστευθείσης
2878 4367 2980 4444 γὰρ
3009 4374 3112 4437 τῆς
3148 4366 3356 4442 μητρὸς
3408 4362 3573 4421 αὐτοῦ
3622 4367 3742 4423 Μα-

2084 4461 2200 4537 ρίας
2255 4458 2335 4532 τῷ
2379 4460 2603 4536 Ἰωσήφ.
2638 4457 2797 4514 »Διὰ
2851 4457 2905 4512 τί
2962 4456 3063 4512 οὐκ
3110 4456 3245 4511 εἴπεο
3298 4453 3738 4526 Μνηστευθείσης

2080 4553 2180 4613 τῆς
2210 4548 2495 4624 παρθένον,
2526 4546 2673 4603 ἀλλὰ
2702 4572 2730 4598 ‹‹
2762 4550 2862 4613 τῆς
2900 4547 3109 4621 μητρὸς
3142 4545 3328 4602 αὐτοῦ.
3362 4569 3391 4597 ››

2156 4640 2556 4696 ΔΠΟΚΡΙΣΙΣ.
2617 4638 2776 4691 Ὥστε
2863 4631 3259 4711 εὐπαράδεκτον
3344 4631 3592 4710 γενέσθαι
3648 4633 3743 4688 τὸν

326 4729 886 4801 ditorem,paratum
918 4730 990 4786 ad
1023 4730 1327 4804 quidpiam
1350 4732 1712 4788 audiendum
1745 4748 1860 4787 non
1891 4731 1962 4785 in-

2089 4727 2276 4805 λόγον,
2309 4727 2397 4782 καὶ
2428 4723 2821 4803 προσδοκῶντά
2847 4746 2898 4780 τι
2944 4729 3049 4779 τῶν
3105 4725 3352 4794 συνήθων
3410 4722 3743 4786 ἁκούσασθαι

328 4822 585 4889 suetum,
607 4818 854 4874 insolita
880 4820 957 4875 rei
981 4821 1279 4876 additione
1300 4820 1656 4893 percelleret,
1683 4820 1929 4876 dicendo
1963 4838 1976 4876 :

331 4931 360 4960 (ι
398 4909 729 4980 Antequam
770 4909 1168 4978 convenirent,
1201 4910 1435 4967 inventa
1463 4914 1555 4967 est
1586 4911 1643 4965 in
1681 4914 1844 4967 utero
1873 4909 1977 4965 ba—

328 4998 474 5054 bens
504 4998 576 5054 de
604 4996 822 5071 Spiritu
850 5004 1052 5055 sancto
1081 5000 1145 5055 5°.
1180 5022 1203 5052 ι

403 5090 468 5154 Q.
498 5091 590 5144 2.«
622 5090 915 5161 Apparuit
945 5093 1143 5146 autem
1174 5090 1226 5147 ei
1259 5089 1503 5163 angelus
1534 5088 1762 5145 Domini
1798 5090 1853 5145 in
1887 5106 1977 5145 so-

328 5176 484 5233 mnis
514 5177 715 5235 dicens
744 5178 808 5235 7°.
827 5202 853 5227 ››
885 5182 1074 5243 Quare
1105 5197 1217 5236 non
1251 5178 1447 5252 palam
1470 5185 1713 5252 apparet
1735 5178 1982 5251 angelus

323 5265 601 5339 Josepbo,
634 5268 1134 5339 quemadmodum
1187 5269 1527 5341 pastoribus
1558 5272 1613 5323 et
1641 5267 1930 5324 Zacharias
1954 5267 1982 5321 ‘I

398 5356 465 5414 Β.
498 5357 643 5421 Quia
668 5357 987 5413 admodum
1041 5357 1228 5415 ﬁdelis
1256 5363 1380 5415 erat
1412 5358 1495 5413 vir
1536 5356 1653 5416 ille.
1688 5357 1802 5414 Nec
1835 5374 1982 5430 opus

328 5444 413 5500 illi
444 5448 568 5502 erat
593 5447 885 5518 ejusmodi
918 5446 1161 5503 visione.

398 5537 462 5599 Q.
496 5536 548 5590 3.
603 5559 629 5585 ‹‹
677 5536 760 5592 Ne
804 5536 1016 5593 timeas
1064 5537 1325 5610 accipere
1380 5538 1620 5595 Mariam
1671 5537 1982 5610 conjugem

331 5628 494 5681 tuam
523 5625 589 5681 τί.
625 5646 655 5675 ››
684 5627 873 5692 Quare
902 5627 1051 5683 dixit
1082 5643 1095 5684 :
1130 5650 1158 5679 «
1190 5625 1272 5684 Ne
1302 5628 1513 5685 timeas
1535 5627 1563 5682 ?
1591 5645 1619 5679 ι

2088 4821 2177 4874 τὸν
2208 4818 2500 4894 ἀκροστὴν,
2531 4814 2851 4888 καταπλήξ-ῃ
2879 4817 2947 4888 τῇ
2989 4817 3086 4868 τοῦ
3133 4810 3441 4886 παραδόξου
3486 4809 3741 4886 πράγμα-

2087 4931 2182 4972 τος
2220 4908 2507 4984 ἐπαγωγῇ,
2570 4904 2771 4983 λέγωγ·
2824 4928 2854 4957 ι(
2907 4903 3038 4979 Πρὶν
3088 4903 3123 4972 ἢ
3187 4900 3463 4958 συνελθεῖν
3522 4899 3746 4966 αὐτοὺς,

2090 4996 2279 5072 εὑρέθη
2316 4995 2367 5050 ἐν
2399 4994 2592 5071 γαστρῖ
2623 4991 2829 5069 ἔχουσα
2859 4990 2920 5046 ἐκ
2948 4989 3262 5064 Πνεύματος
3293 4989 3475 5064 ἁγίου.
3509 5011 3540 5041 ››

2164 5086 2358 5164 Ἐρώτ.
2384 5087 2491 5160 β’.‹‹
2514 5085 2691 5161 Ὠφθη
2727 5079 2785 5137 δε
2814 5080 2961 5153 αὐτῷ
2992 5075 3224 5156 ἅγγελος
3248 5077 3451 5164 Κυρίου
3479 5079 3597 5164 κατ’
3617 5073 3749 5153 ὄναρ

2092 5163 2287 5251 λὲγων*
2323 5198 2354 5227 ››
2384 5174 2482 5229 Διὰ
2507 5172 2560 5229 τί
2592 5172 2669 5245 μὴ
2702 5172 2947 5250 φανερῶς
2993 5167 3238 5247 φαίνεται
3297 5168 3325 5221 ὁ
3382 5163 3614 5242 ἅγγελος
3667 5169 3749 5238 τῷ

2091 5266 2317 5335 Ἰωσὴφ,
2349 5262 2588 5339 καθάπερ
2617 5266 2735 5323 τοῖς
2765 5258 2995 5332 ποιμέσι
3024 5256 3114 5313 καὶ
3143 5260 3223 5328 τῷ
3253 5254 3502 5333 Ζαχαρία
3526 5276 3541 5310 ι

2162 5354 2349 5411 ’Λπόκ.
2405 5354 2531 5410 ’Ότι
2590 5347 2797 5430 σφόδρα
2871 5346 3062 5409 πιστὸς
3119 5347 3186 5415 ἦν
3240 5346 3269 5400 ὁ
3326 5345 3489 5421 ἀνὴρ,
3542 5345 3633 5401 καὶ
3686 5343 3749 5400 οὐ

2094 5442 2350 5517 δεόμενος
2380 5449 2480 5513 τῆς
2510 5440 2770 5511 τοιαύτης
2800 5434 2997 5512 ὅψεως.

2166 5533 2361 5608 Ἐρώτ.
2396 5540 2462 5608 γ’.
2492 5555 2522 5585 ‹‹
2556 5532 2644 5600 Μὴ
2694 5523 2945 5607 φοϐηθῇς
2992 5520 3330 5603 παραλαϐεῖν
3380 5525 3609 5600 Μαριὰμ
3647 5525 3748 5595 τὴν

2094 5624 2323 5700 γυναῖκά
2352 5643 2468 5679 σου.
2504 5645 2535 5675 ››
2565 5621 2665 5678 Διὰ
2690 5620 2745 5675 τί
2777 5617 2911 5674 εἶπε*
2945 5616 3034 5688 Μὴ
3069 5610 3343 5696 φοϐηθῇς.

398 5824 443 5859 ⁸⁷
472 5823 626 5883 Psal.
658 5842 758 5898 vu,
787 5824 943 5882 9-11.
1020 5827 1065 5863 ⁸⁸
1094 5824 1295 5884 Matth.
1333 5842 1372 5897 ι,
1408 5812 1595 5883 16-18.
1673 5825 1718 5863 ⁸³
1748 5826 1893 5884 ibid.

2085 5823 2191 5882 bid.
2224 5821 2314 5880 20.
2390 5824 2433 5861 ⁸¹¹
2468 5821 2611 5879 ibid.
