4132 6400
419 487 528 544 Ἷῡί

1375 486 1890 558 QUIESTIONES
1935 487 2038 547 AD
2086 485 2556 548 ANTIOCHUM
2604 485 2900 547 DUCEM.

3729 484 3848 541 ’702

493 617 722 690 Ἀπόκρ.
780 615 996 679 Δεικνὺς
1052 616 1210 672 αὐτὸν
1267 615 1547 673 δεδοικότα
1610 621 1683 691 μή
1731 617 2076 696 προσκρούσῃ

2264 619 2328 674 Bx
2364 618 2628 674 Declarat
2657 635 2789 674 eum
2823 617 3116 686 timuisse,
3168 633 3241 672 ne
3289 616 3472 670 Deum
3506 615 3847 684 offenderet,

417 710 496 776 τῷ
526 710 667 777 Θεῷ,
701 705 777 766 ὡς
814 703 1121 781 μοιχαλίδα
1150 702 1321 782 ἔχων.

493 795 688 870 Ἐρώτ.
724 791 786 851 δ’.
823 795 921 848 Διὰ
948 794 999 848 τί
1032 795 1168 861 εἶπε,
1207 820 1232 846 ››
1262 797 1360 864 τήν
1393 800 1620 872 γυναικά
1650 819 1745 852 σου
1773 818 1785 866 ;
1820 822 1840 848 υ

492 883 688 940 Ἀπόκ.
722 890 809 945 Ὠς
873 885 948 956 μὴ
1011 882 1407 963 διεφθαρμένης
1467 886 1632 957 αὐτῆς
1690 885 1879 957 οὔσης.
1915 884 2081 940 Καλεῖ

421 971 478 1028 δὲ
508 973 676 1041 αὐτὴν
717 979 941 1047 γυναῖκα
971 973 1076 1028 ἀπὸ
1127 982 1226 1043 τῆς
1280 976 1588 1048 μνηστείας⁸
1641 975 1820 1049 ὥσπερ
1881 976 2078 1038 εἰώθα-

423 1085 516 1136 μεν
550 1057 836 1137 γαμϐροὺς
873 1061 1051 1135 λέγειν
1084 1064 1174 1118 καὶ
1205 1065 1524 1140 προγάμους
1555 1066 1683 1128 τοὺς
1739 1072 2079 1139 μνηστῆρας.

495 1153 690 1227 Ἐρώτ.
725 1153 781 1209 ε’.
821 1175 846 1203 ι(
879 1153 1088 1222 Τέξεται
1143 1151 1201 1207 δὲ
1259 1155 1403 1211 Υἱόν.
1453 1179 1480 1207 ››
1533 1157 1630 1209 Διὰ
1684 1155 1735 1210 τί
1787 1155 1884 1209 οὐκ
1944 1154 2078 1209 εἶπε·

424 1241 642 1311 Τέξεται
678 1239 734 1295 δέ
767 1262 849 1294 σοι
881 1261 894 1309 ;

497 1331 685 1387 Ἀπόκ.
743 1333 865 1386 ’Ότι
925 1330 1025 1385 οὐκ
1081 1330 1226 1402 αύτῷ
1283 1331 1486 1404 ἔμελλε

432 1417 578 1473 ἀλλᾶ
603 1424 670 1492 τῇ
705 1419 998 1493 οἷκουμένῃ
1029 1421 1195 1494 πάσῃ.

508 1509 699 1583 Ἐρώτ.
734 1510 794 1577 ζ’.
833 1530 854 1560 ι
891 1511 975 1562 Ἐν
1009 1509 1242 1584 ἡμέραις
1275 1508 1521 1586 Ἡρώδου
1563 1517 1658 1566 τοῦ
1715 1511 2007 1587 βασιλέως.
2054 1536 2080 1562 »

434 1597 532 1650 Διὰ
583 1596 634 1650 τί
691 1597 990 1673 προσέθηκε
1047 1599 1106 1652 τὸ
1167 1599 1399 1672 ἀξίωμα,
1434 1599 1623 1673 εἰπὼν,
1688 1625 1715 1653 ‹‹
1775 1606 1876 1656 τοῦ
1940 1602 2086 1677 βασι-

432 1683 573 1746 λέως
600 1705 612 1753 ;
649 1710 676 1736 ››

503 1773 692 1829 Ἀπόκ.
727 1772 949 1843 Ἐπειδὴ
1000 1775 1088 1830 καὶ
1139 1773 1321 1852 ἕτερος
1373 1779 1586 1852 γέγονεν
1638 1776 1890 1855 Ἡρώδης
1933 1781 1960 1834 ὁ
1989 1779 2080 1834 τὸν

427 1859 751 1938 Πρόδρομον
784 1862 1015 1922 ἀνελών.
1049 1864 1200 1922 Ἀλλ’
1231 1865 1434 1927 ἐκεῖνος
1463 1866 1773 1943 τετράρχης
1806 1871 1890 1937 ἦν,
1925 1869 2084 1931 οὗτος

428 1949 486 2006 δὲ
521 1951 798 2027 βασιλεύς.

503 2041 695 2118 Ἐρώτ.
733 2043 791 2111 ζ’.
831 2068 851 2094 ι
888 2044 1158 2119 Ἐγερθεὶς
1187 2040 1473 2121 παράλαϐε
1502 2046 1563 2100 τὸ
1600 2043 1814 2101 παιδίον
1849 2047 1938 2101 καὶ
1987 2049 2084 2116 τὴν

440 2131 650 2206 μητέρα
702 2132 886 2188 αὐτοῦ.
924 2158 953 2184 ››
985 2134 1082 2188 Διὰ
1135 2134 1186 2188 τί
1241 2134 1343 2189 οὐκ
1396 2137 1530 2207 εἷπε,
1563 2137 1669 2204 Τὴν
1710 2139 1940 2210 γυναῖκά
1970 2159 2086 2211 σου,

435 2218 582 2275 ἀλλὰ
614 2246 640 2272 ‹‹
673 2221 780 2288 Τὴν
817 2222 1026 2298 μητέρα
1054 2223 1260 2294 animi};
1299 2249 1326 2275 »

509 2310 701 2366 ’Δπόκ.
737 2308 982 2383 Ἐπειδὴ,
1014 2310 1114 2366 τοῦ
1158 2313 1323 2367 τόκου
1371 2316 1540 2390 πέρας
1589 2309 1872 2387 λαϐόντος,
1917 2315 2083 2386 ἐλύθη

428 2419 488 2454 τε
516 2401 550 2468 ἡ
587 2398 811 2473 ὑποψία,
851 2400 939 2455 καὶ
973 2402 1000 2456 ὁ
1033 2402 1233 2480 Ἰωσὴιρ
1285 2401 1584 2473 ἐπιστώθη.
1629 2404 1726 2458 Διά
1770 2409 1932 2460 τοῦτο
1990 2405 2083 2460 οὖν

430 2486 620 2542 λοιπὸν
667 2489 802 2561 μετὰ
831 2488 1146 2565 παρρησίας,
1171 2488 1474 2567 διαλέγεται
1508 2493 1534 2546 ὁ
1580 2492 1836 2568 ἅγγελος,
1867 2495 1955 2550 καὶ
1990 2495 2088 2551 οὐκ

432 2577 507 2631 έτι
534 2579 630 2646 τὴν
664 2583 891 2654 γυναῖκα
921 2579 1086 2634 αὐτοῦ
1117 2578 1292 2636 καλεῖ.

502 2667 694 2741 Ἐρώτ.
731 2668 800 2736 η’.
837 2691 865 2719 ‹‹
901 2669 997 2722 Καὶ
1030 2673 1190 2744 φεῦγε
1219 2669 1294 2732 εἷς
1328 2668 1626 2746 Αἴγυπτον.
1653 2695 1680 2724 ››
1717 2674 1815 2727 Διὰ
1844 2672 1893 2726 τί
1924 2672 2084 2727 ἁκού-

433 2775 548 2817 σας·
579 2781 606 2809 (ι
641 2761 817 2831 Φεῢγε
849 2756 926 2818 εἰς
961 2755 1256 2832 Αἴγυπτον,
1291 2787 1316 2810 ››
1353 2759 1451 2814 οὒκ
1480 2760 1756 2837 ἐταράχθη
1785 2782 1797 2830 ;

1565 1334 1714 1405 μόνῳ
1789 1334 2078 1402 τίκτεσθαι,

504 2934 693 2990 ’Δπόκ.
731 2933 948 3005 Ἐπειδὴ
1015 2938 1202 2999 πιστὸς
1259 2941 1322 3006 ἦν
1383 2939 1408 2992 ὁ
1468 2939 1627 3011 ἀνὴρ,
1678 2937 1762 2995 διὸ
1825 2942 2081 2998 ὑπακούει

431 3024 518 3078 καὶ
550 3026 809 3081 πείθεται.

505 3115 691 3188 Ἐρώτ.
727 3116 788 3171 θ’.
824 3117 921 3169 Διὰ
949 3116 1002 3169 τί
1037 3115 1135 3170 οὐκ
1183 3116 1258 3178 εἷς
1310 3114 1486 3186 ἄλλην
1543 3119 1729 3196 χώραν
1788 3122 2079 3194 πέμπεται,

431 3202 559 3260 ἀλλ’
591 3203 666 3266 εἰς
699 3202 1010 3278 Αἷ’γυπτον;

501 3293 689 3350 Ἀπόκ.
724 3297 840 3350 Ἵνα
871 3293 1146 3369 πληρωθῇ
1189 3297 1222 3363 ἡ
1273 3296 1578 3374 προφητεία
1625 3301 1659 3368 ἡ
1713 3298 1963 3374 λέγουσα,
1998 3299 2082 3356 ὅτι

429 3406 456 3433 ι(
493 3384 574 3455 Ἐξ
607 3382 886 3458 Αἰγύπτου
920 3382 1147 3439 ἐκάλεσα
1175 3384 1265 3438 τὸν
1301 3385 1424 3440 Υἱόν
1456 3408 1582 3458 μου.
1618 3412 1644 3437 ››

498 3471 689 3547 Ἐρώτ.
724 3474 771 3529 ι’.
811 3495 838 3526 α
869 3473 1134 3536 Ἀκούσπς
1169 3471 1225 3528 δὲ
1265 3477 1497 3547 Ἰησοῦς,
1531 3475 1611 3530 ὅτι
1646 3477 1900 3549 Ἰωάννης
1933 3501 2075 3556 παρ-

424 3555 608 3632 εδόθη,
642 3562 986 3638 ἀνεχώρησεν
1023 3562 1098 3623 εἰς
1143 3564 1240 3632 τὴν
1302 3562 1626 3624 Γαλιλαίαν,
1673 3590 1699 3616 ››
1749 3567 1845 3622 Διὰ
1890 3569 1944 3622 τί
1993 3555 2078 3624 civ-

425 3649 706 3727 ἐχώρησεν
726 3671 739 3720 ;

495 3739 686 3796 Ἀπόκ.
725 3737 1001 3795 Παιδεύων
1053 3742 1201 3814 ἡμᾶς
1259 3741 1474 3819 φεύγειν
1532 3744 1658 3806 τοὺς
1715 3747 2076 3821 πειρασμούς.

349 3861 353 3866 -
425 3828 501 3887 Οὐ
534 3829 636 3904 γὰρ
667 3825 923 3903 ἔγκλημα
951 3834 1013 3884 τὸ
1049 3831 1124 3902 μὴ
1161 3829 1366 3906 ῥίπτειν
1429 3833 1612 3888 ἑαυτὸν
1675 3835 1750 3896 εἷς
1807 3834 2076 3909 κίνδυνον,

427 3916 571 3974 ἀλλὰ
599 3918 662 3973 τὸ
694 3917 998 3991 ἐμπεσόντα
1032 3920 1107 3992 μὴ
1144 3927 1332 3989 στῆναι
1365 3920 1644 3995 γενναίως·

494 4098 686 4173 Ἐρώτ.
724 4099 808 4154 ια’.
843 4122 870 4150 ‹‹
905 4096 1054 4152 Ἰδὼν
1090 4095 1146 4152 δὲ
1177 4099 1203 4152 ὁ
1237 4099 1445 4167 Ἰησοῦς
1475 4101 1604 4162 τοὺς
1653 4099 1860 4176 ὄχλους
1911 4103 2074 4174 ἀνέϐη

429 4185 502 4248 εἷς
531 4188 593 4241 τὸ
622 4185 770 4261 ὅρος.
811 4215 832 4237 ιι
869 4188 966 4242 Διά
995 4187 1045 4241 τί
1076 4182 1240 4258 ἀνέϐη
1276 4189 1352 4250 εἰς
1384 4190 1445 4243 τὸ
1477 4183 1605 4265 ὅρος
1634 4216 1649 4260 ς

499 4277 683 4333 ’Δπόκ.
740 4277 836 4331 Διὰ
893 4276 954 4330 τὸ
1014 4275 1341 4353 ἀφιλότιμον
1400 4278 1489 4332 καὶ
1551 4279 1948 4352 ἀκόμπαστονε
2013 4283 2074 4338 οὗ

423 4365 521 4440 γὰρ
553 4373 812 4442 περιῆγεν
845 4365 1040 4428 αὐτοὺς
1099 4368 1216 4439 μεθ’
1247 4367 1459 4425 ἑαυτοῦ.
1493 4367 1654 4424 Ἀλλ’
1686 4367 1775 4424 ὅτε
1827 4372 1920 4444 μὲν
1980 4394 2075 4428 πε-

388 4459 716 4530 ·ριπατῆσαι
777 4453 906 4520 ἔδει,
961 4455 1121 4517 αὐτὸς
1179 4456 1344 4528 μόνος
1400 4459 1616 4531 περιῄει
1649 4461 1954 4536 πανταχοῦ,
1985 4463 2073 4518 καὶ

420 4543 610 4606 πόλεις
668 4545 758 4599 καὶ
819 4544 1006 4621 χώρας
1065 4545 1567 4619 ἐπισκοπούμενος’
1632 4547 1720 4603 ὅτε
1783 4547 1839 4604 δὲ
1896 4549 2070 4615 πολὺς

420 4629 595 4710 ὄχλος
627 4636 874 4709 γέγονεν,
909 4635 961 4689 ἐν
987 4634 1063 4689 ἐνὶ
1097 4635 1327 4705 ἐκάθητο
1359 4637 1534 4708 τόπῳ.

2120 1999 2167 2063 Β

2193 713 2393 780 utpote
2425 709 2752 763 adulteram
2785 707 3009 763 habens
3040 723 3298 762 uxorem.

2263 798 2326 860 Ο.
2363 799 2414 851 4.
2451 797 2637 860 Quare
2667 797 2832 867 dixit,
2867 798 3175 868 conjugem
3210 795 3414 850 tuam?
3447 815 3474 842 ››

2266 888 2420 944 254
2442 887 2507 941 R.
2534 886 2739 958 Utpote
2771 903 2886 941 non
2920 883 3462 957 corruptam.Vocat
3492 886 3687 937 autem
3713 898 3852 937 con-

2183 978 2412 1048 jugem,
2450 977 2587 1046 quia
2619 975 2977 1047 desponsata
3008 979 3149 1030 erat.
3186 974 3280 1029 Uti
3313 972 3572 1028 solemus
3604 988 3853 1044 generos

2192 1069 2249 1120 et
2280 1065 2596 1136 pronubos,
2631 1079 2834 1119 vocare
2868 1080 3094 1136 procos.

2263 1155 2326 1218 Q.
2355 1154 2408 1208 5.
2431 1176 2457 1203 (ί
2493 1154 2682 1208 Pariet
2713 1159 2906 1207 autem
2945 1151 3128 1206 ﬁlium
3161 1152 3225 1206 ⁷⁷.
3252 1175 3271 1199 ι»
3297 1153 3484 1217 Quare
3515 1166 3627 1204 non
3662 1148 3846 1203 dixit:

2192 1242 2382 1297 Pariet
2412 1246 2607 1296 autem
2643 1241 2743 1295 tibi
2767 1242 2794 1295 ?

2265 1332 2332 1386 R.
2366 1330 2511 1395 Quia
2545 1348 2658 1386 non
2689 1329 2801 1401 ipsi
2833 1330 3024 1386 solum
3057 1335 3307 1402 pareret,
3343 1329 3442 1383 sed
3477 1331 3600 1382 toto
3631 1326 3778 1383 orbi.

2265 1511 2327 1575 Ο.
2363 1511 2416 1564 6.
2449 1533 2475 1559 «
2511 1510 2573 1565 In
2606 1511 2814 1565 diebus
2848 1509 3090 1565 Herodis
3124 1508 3276 1581 regis
3308 1509 3373 1562 ⁷³.
3438 1530 3464 1557 ››
3517 1509 3705 1571 Quare
3764 1505 3851 1560 di-

2193 1599 2473 1672 gnitatem
2504 1599 2747 1667 addidit,
2783 1616 2916 1654 cum
2949 1598 3116 1663 dixit,
3156 1618 3177 1644 α
3213 1597 3415 1670 regis?
3443 1620 3471 1647 »

2269 1779 2332 1833 Η.
2368 1778 2512 1842 Quia
2545 1777 2695 1834 alius
2730 1777 2840 1833 fuit
2869 1777 3124 1834 Herodes
3154 1776 3252 1849 qui
3281 1777 3700 1832 Prmcursorem
3752 1792 3852 1831 oc-

2196 1867 2356 1924 cidit.
2390 1869 2497 1924 Sed
2532 1867 2629 1924 ille
2661 1866 2976 1938 tetrarcba,
3012 1866 3103 1922 hic
3135 1883 3234 1922 rex
3263 1870 3404 1923 erat.

2271 2047 2333 2112 Ο.
2368 2048 2422 2102 7.
2472 2069 2500 2097 ‹‹
2555 2047 2816 2119 Surgens
2884 2046 3081 2118 accipe
3147 2061 3414 2118 puerum,
3483 2049 3539 2100 et
3605 2049 3854 2100 matrem

2199 2137 2327 2207 ejus
2381 2137 2444 2190 ⁷⁴.
2509 2158 2537 2185 ››
2597 2139 2783 2203 Quare
2841 2152 2956 2191 non
2990 2134 3181 2191 dixit:
3216 2134 3458 2191 Uxorem
3503 2138 3685 2201 tuam,
3720 2134 3846 2201 sed,

2200 2248 2227 2275 «
2263 2230 2506 2282 matrem
2539 2227 2666 2296 ejus
2689 2224 2718 2278 ‘?
2747 2244 2772 2275 ιι

2270 2315 2336 2370 R.
2372 2315 2517 2381 Quia
2547 2320 2718 2387 partu
2754 2315 3116 2382 adveniente,
3168 2312 3355 2369 levata
3407 2312 3662 2384 suspicio
3716 2312 3848 2381 fuit,

2198 2407 2254 2458 et
2282 2402 2500 2474 Joseph
2535 2403 2746 2458 certior
2777 2403 2966 2458 iactus
2997 2402 3246 2458 est.ldeo
3281 2418 3414 2457 cum
3451 2401 3722 2457 libertate
3753 2417 3857 2473 pa-

2197 2492 2311 2548 lam
2347 2493 2606 2564 loquitur
2635 2492 2917 2565 angelus;
2945 2508 3047 2547 nec
3084 2491 3236 2547 ultra
3267 2508 3504 2547 uxorem
3535 2491 3664 2562 ejus
3693 2494 3860 2546 vocat

2197 2581 2382 2638 illam.

2266 2676 2329 2740 Q.
2365 2675 2420 2730 8.
2455 2696 2482 2724 ‹‹
2517 2674 2584 2728 Et
2615 2673 2748 2745 fuge
2783 2678 2837 2728 in
2871 2676 3172 2747 Egyptum
3205 2673 3269 2728 ⁷⁵.
3306 2695 3334 2721 ››
3367 2674 3554 2738 Quare
3585 2687 3720 2727 cum
3749 2688 3852 2726 au-

2195 2763 2378 2819 disset
2411 2780 2423 2818 :
2460 2787 2485 2812 «
2522 2763 2675 2835 Fuge
2732 2763 2790 2818 in
2841 2763 3180 2836 Egyptum,
3227 2786 3248 2816 ι
3307 2761 3685 2832 perturbatus
3734 2778 3844 2816 non

2195 2852 2353 2907 fuit?

2267 2941 2332 2996 Β.
2364 2941 2510 3005 Quia
2543 2940 2731 2996 fidelis
2759 2942 2842 2996 vir
2873 2945 3016 3008 erat,
3049 2941 3178 2996 ideo
3223 2940 3589 3012 obsequitur,
3639 2943 3697 2994 et
3744 2939 3847 2993 ob-

2193 3033 2500 3101 temperat.

2265 3120 2328 3183 Q.
2362 3121 2415 3174 θ.
2451 3119 2639 3183 Quare
2673 3119 2730 3174 in
2764 3119 3096 3192 Egyptum,
3125 3127 3181 3174 et
3214 3136 3325 3173 non
3362 3118 3420 3174 in
3455 3118 3632 3174 aliam
3667 3118 3855 3173 mitti-

2194 3212 2294 3263 tur
2326 3209 2624 3280 regionem
2646 3210 2672 3262 ?

2265 3297 2331 3353 R.
2366 3298 2438 3353 Ut
2468 3298 2814 3370 impleretur
2845 3298 3150 3370 prophetia
3181 3315 3310 3370 qua:
3342 3297 3517 3352 dicit:
3543 3319 3570 3347 «
3595 3297 3672 3352 Ex
3692 3300 3854 3368 Egy-

2196 3391 2294 3458 pto
2329 3387 2528 3443 vocavi
2561 3387 2770 3443 Filium
2805 3404 2999 3443 meum
3029 3388 3094 3442 ⁷⁵.
3129 3409 3155 3437 ››

2260 3477 2324 3541 Q.
2365 3478 2449 3532 10.
2489 3500 2513 3526 ‹‹
2549 3477 2692 3532 Cum
2725 3477 2989 3532 audisset
3016 3477 3191 3533 Jesus
3228 3476 3383 3548 quod
3432 3475 3689 3531 Joannes
3740 3479 3856 3530 tra-

2190 3566 2354 3622 ditus
2386 3571 2562 3636 esset,
2597 3566 2840 3623 secessit
2873 3566 2928 3621 in
2962 3565 3262 3623 Galilaeam
3292 3567 3357 3620 ⁷⁷.
3386 3588 3414 3616 ››
3447 3565 3635 3630 Quare
3661 3581 3860 3622 seces-

2192 3655 2319 3712 sit?

2263 3746 2326 3801 Β.
2370 3745 2710 3801 Admonens
2770 3761 2878 3801 nos
2931 3745 3240 3816 fugiendas
3288 3761 3419 3802 esse
3479 3744 3861 3801 tentationes.

2193 3835 2392 3907 Neque
2444 3835 2503 3890 id
2553 3834 2789 3890 crimini
2822 3836 3023 3901 datur,
3052 3836 3207 3907 quod
3244 3852 3356 3890 non
3393 3851 3498 3890 nos
3531 3834 3592 3889 in
3628 3833 3856 3904 pericu-

2193 3925 2314 3979 lum
2365 3923 2790 3995 conjiciamus;
2846 3924 2946 3979 sed
2997 3941 3130 3980 cum
3182 3923 3586 3992 incidet-imus,
3636 3923 3686 3979 si
3738 3940 3854 3979 non

2194 4014 2540 4070 resistamus
2576 4029 2879 4085 generose.

2262 4105 2325 4168 Ο.
2363 4103 2447 4156 11.
2483 4123 2510 4151 ‹‹
2545 4103 2762 4158 Videns
2795 4106 2990 4157 autem
3043 4104 3172 4172 ejus
3221 4104 3424 4158 turbas
3474 4103 3741 4159 ascendit
3788 4103 3847 4158 in

2189 4195 2447 4248 montem
2480 4191 2544 4243 ⁷⁸.
2584 4213 2610 4240 ››
2651 4191 2840 4256 Quare
2871 4193 3136 4247 ascendit
3162 4192 3220 4246 in
3255 4196 3513 4248 montem
3539 4193 3566 4247 ‘I

2259 4281 2325 4335 R.
2359 4279 2521 4345 Quod
2556 4279 2934 4334 ambitionem
2969 4280 3196 4350 fugeret
3227 4285 3284 4335 et
3312 4297 3521 4337 vanam
3570 4280 3845 4353 gloriam.

2187 4369 2311 4425 Non
2341 4370 2496 4425 enim
2552 4369 2684 4425 illas
2735 4385 2936 4425 secum
2983 4369 3444 4441 circumquaque
3493 4371 3846 4426 abducebat.

2188 4460 2298 4515 Sed
2357 4459 2592 4531 quando
2653 4459 3041 4514 incedendum
3084 4463 3227 4528 erat,
3278 4459 3404 4530 ipse
3434 4457 3596 4514 solus
3630 4459 3847 4530 ubique

2186 4549 2490 4620 circuibat,
2525 4553 2581 4604 et
2616 4549 2791 4604 urbes
2821 4553 2877 4602 et
2908 4547 3069 4602 vicos
3110 4545 3498 4618 perlustrans.
3543 4549 3688 4604 Cum
3740 4564 3846 4603 au-

2185 4643 2300 4694 tem
2336 4642 2523 4694 multa
2553 4638 2753 4693 aderat
2786 4639 2982 4704 turba,
3013 4637 3069 4692 in
3104 4654 3219 4693 uno
3251 4636 3495 4692 sedebat
3523 4636 3669 4692 loco.

489 4725 684 4800 Ἐρώτ.
721 4719 808 4782 ιϐ’.
845 4749 872 4778 ‹‹
907 4723 1148 4793 Ἀνοίζας
1182 4722 1239 4780 δὲ
1267 4725 1331 4779 τὸ
1367 4725 1543 4798 στόμα
1590 4726 1754 4781 αὐτοῦ
1800 4726 2075 4785 ἐδίδασκεν

2259 4730 2462 4792 Ο.12.‹‹
2490 4728 2771 4800 Aperiens
2803 4734 2999 4782 autem
3034 4744 3098 4783 os
3124 4745 3296 4783 suum
3335 4727 3574 4784 docebat
3595 4726 3841 4782 illos79.»

419 4812 634 4875 αὐτούς.
674 4837 700 4865 ››
733 4813 829 4867 Διὰ
857 4812 908 4866 τί
941 4813 1104 4868 εἶπεν·
1141 4837 1169 4864 ‹‹
1204 4813 1447 4884 Ἀνοίξας
1477 4815 1541 4869 τὸ
1583 4815 1758 4887 στόμα
1807 4817 1972 4871 αὐτοῦ
2002 4839 2015 4888 ;
2049 4843 2076 4870 ››

490 4898 682 4960 ’Δπόκ.
743 4905 856 4959 Ἵνα
915 4902 1194 4974 μάθωμεν,
1256 4901 1338 4957 ὅτι
1398 4903 1486 4958 καὶ
1545 4908 1711 4978 σιγῶν
1775 4903 2073 4980 ἐπαίδευεν,

418 4993 547 5068 οὐχὶ
585 4992 748 5066 μόνον
774 4993 1162 5070 φθεγγόμενος.

489 5083 686 5157 Ἐρώτ.
726 5083 807 5156 ιγ’.
847 5105 874 5133 ι(
907 5080 1235 5157 Προσέχετε,
1268 5081 1423 5157 φησὶ,
1452 5083 1551 5150 τὴν
1583 5079 1961 5154 ἐλεημοσύνην
1995 5087 2072 5158 μὴ

415 5177 593 5228 ποιεῖν
654 5170 957 5244 ἔμπροσθεν
1018 5174 1126 5225 τῶν
1185 5171 1484 5241 ἀνθρώπων
1536 5172 1671 5248 πρὸς
1718 5173 1781 5226 τὸ
1815 5174 2072 5240 θεαθῆναι

411 5261 617 5323 αὐτοῖς,
651 5286 677 5313 ›)
714 5260 810 5314 Διά
837 5259 891 5314 τί
922 5258 1008 5329 ἐηὶ
1044 5260 1137 5332 μὲν
1171 5263 1270 5324 τῆς
1311 5258 1435 5331 ἐλεη
1450 5261 1689 5333 μοσύνης
1739 5264 2070 5338 ηροσέθηκεν

413 5351 608 5423 εἰπὼν,
641 5349 730 5405 ἐπὶ
760 5347 818 5404 δὲ
847 5352 946 5415 τῆς
973 5353 1290 5426 προσευχῆς
1322 5350 1412 5404 καὶ
1452 5355 1552 5416 τῆς
1603 5351 1849 5421 νηστείας
1912 5351 2072 5410 οὐδα-

420 5445 535 5515 μῶς
558 5460 572 5510 ;

482 5530 676 5590 Ἀπόσι.
737 5525 960 5597 Ἐπειδὴ
1012 5528 1110 5597 τήν
1173 5526 1555 5600 ἐλεημοσύνην
1638 5531 1731 5602 μὲν
1813 5527 2067 5588 ἂδύνατον

412 5617 584 5690 πάντη
615 5618 818 5688 λαθεῖν,
849 5617 1019 5693 εὐχὴν
1054 5613 1110 5672 δὲ
1139 5616 1229 5670 καὶ
1260 5616 1510 5686 νηστείαν
1544 5615 1782 5675 δυνατόν.

483 5753 529 5788 ⁷³
561 5751 760 5810 Matth.
795 5752 946 5819 1,21.
1023 5751 1069 5786 ⁷⁸
1098 5749 1302 5808 Matth.
1339 5768 1400 5822 ιι,
1436 5753 1488 5809 1.
1587 5753 1632 5790 ⁷⁸
1662 5753 1810 5811 Ibid.
1845 5753 1934 5811 13.

414 5825 460 5860 ⁷⁷
488 5825 636 5882 Ibid.
713 5824 758 5860 ⁸ο
791 5822 996 5881 Matth.
1033 5839 1108 5895 vr,
1145 5824 1195 5879 1.

2012 5754 2055 5790 ⁷⁸
2086 5755 2234 5813 Ibid.

2189 4819 2378 4884 Quare
2411 4817 2556 4873 dixit
2591 4836 2604 4875 z
2637 4841 2664 4868 ‹‹
2700 4818 2982 4890 Aperiens
3012 4835 3076 4873 os
3109 4817 3329 4874 suum?
3360 4837 3385 4870 ι

2261 4908 2329 4964 R.
2364 4907 2435 4964 Ut
2466 4907 2801 4964 ediscamus
2832 4907 2996 4963 illum
3031 4925 3148 4962 non
3181 4907 3373 4964 solum
3404 4907 3717 4980 loquendo,
3742 4906 3842 4962 sed

2187 4997 2361 5052 etiam
2398 4997 2622 5052 silendo
2654 4997 2946 5054 docuisse.

2258 5088 2322 5152 Q.
2383 5089 2465 5141 12.
2524 5111 2551 5139 ‹‹
2604 5086 2921 5154 Attendite,
2993 5088 3204 5158 inquit,
3276 5105 3345 5141 ne
3413 5087 3840 5156 eleemosynam

2185 5179 2440 5231 vestram
2475 5176 2704 5232 faciatis
2763 5193 2956 5233 coram
2998 5177 3359 5244 hominibus,
3413 5181 3477 5230 ut
3523 5173 3840 5229 videamini

2185 5265 2256 5321 ab
2288 5265 2371 5320 eis
2400 5266 2463 5319 ⁸ο.
2487 5267 2716 5330 »Quare
2745 5267 2816 5322 de
2848 5266 3217 5338 eleemosyna
3249 5266 3304 5319 id
3340 5263 3588 5330 addidit,
3613 5263 3684 5319 de
3714 5279 3846 5319 ora-

2183 5356 2342 5412 tione
2374 5359 2568 5412 autem
2600 5359 2659 5412 et
2679 5357 2931 5427 jejunio,
2967 5354 3303 5412 nullatenus
3329 5355 3356 5408 ‘2

2254 5535 2320 5590 Β..
2373 5535 2519 5602 Quia
2567 5535 2996 5608 eleemosynam
3051 5533 3415 5605 imposmbile
3464 5537 3553 5589 est
3601 5533 3838 5605 penitus

2181 5623 2361 5680 latere
2396 5642 2406 5680 :
2445 5625 2766 5682 orationem
2803 5640 2933 5678 vero
2965 5629 3022 5678 et
3045 5622 3343 5695 jejunium
3392 5623 3674 5696 possibile
3723 5627 3830 5678 est.

2348 5760 2392 5794 ⁷⁸
2421 5759 2552 5827 Ose,
2587 5775 2665 5825 x1,
2697 5759 2747 5813 1.
2825 5757 2869 5792 ⁷⁷
2899 5757 3068 5814 Joan.
3103 5774 3182 5825 Iv,
3216 5757 3302 5812 12.
3379 5759 3422 5794 ⁷⁸
3454 5758 3666 5818 Matth.
3696 5774 3756 5823 ν,
3787 5763 3840 5818 1·
