4132 6396
350 446 466 509 705

1301 432 1818 510 QUIESTIONES
1866 435 1968 494 AD
2017 428 2479 498 ANTIOCHUM
2528 435 2819 500 DUCEM.

3648 450 3768 510 706

422 575 616 652 Ἑρώτ.
648 567 752 629 κε’·
785 596 814 624 ιι
857 572 991 646 Πρὶν
1021 569 1290 645 ἀλέκτορα
1329 571 1598 646 φωνησαι,
1651 565 1772 642 τρὶς
1825 565 1998 641 ἀπαρ-

2183 569 2245 632 Q.
2279 570 2368 624 22.
2404 592 2432 620 «
2465 575 2794 643 Antequam
2828 573 3019 644 gallus
3046 581 3260 646 cantet,
3309 582 3398 634 ter
3443 596 3537 636 me
3585 598 3762 655 nega-

345 668 490 740 νήσῃ
527 684 613 737 με.
649 689 676 716 ››
715 665 837 723 Πῶς
872 661 900 714 6
936 661 1029 732 μέν
1063 661 1356 726 Ματθαῖος,
1393 656 1474 712 ὅτι
1512 658 1652 712 εἶπεν
1701 657 1728 709 ὁ
1778 655 2008 730 Χριστὸς

345 760 426 827 τῷ
460 749 672 828 Πέτρῳ·
710 776 736 802 ‹‹
770 749 903 823 Πρὶν
947 747 1214 822 ἀλέκτορα
1244 749 1510 824 ιφωνῆσαι
1559 743 1677 817 τρίς
1727 745 2011 819 ἀπαρνήσῃ

351 865 437 920 με’
473 869 500 896 ››
534 845 562 898 ὁ
596 841 653 898 δὲ
696 844 916 917 Μάρκος
979 839 1145 914 λέγει,
1204 837 1311 908 ὅτι,
1361 838 1450 893 ὅτε
1503 838 1594 911 μὲν
1647 836 1782 906 ἅπαξ
1833 837 2012 910 ἠρνή-

349 956 502 1003 σατο,
557 933 681 988 τότε
720 935 937 1006 πρῶτον
1003 929 1277 1007 ἐφώνησεν
1347 929 1374 983 6
1425 926 1756 1000 ἀλεκτρυώνο
1818 924 1907 979 ὅτε
1956 922 2013 978 δέ

347 1024 555 1099 τρίτον,
586 1022 712 1077 τότε
744 1018 1037 1094 δεότερον;
1075 1022 1200 1080 Πῶς
1254 1015 1344 1071 οὖν
1396 1016 1777 1092 εὑρεθήσονται
1826 1012 2008 1085 ἀληθῆ

355 1114 636 1192 ἀμφότερα
662 1130 676 1180 ;

423 1201 612 1259 Ἀπόκ.
668 1195 892 1266 Ἐπειδὴ
942 1197 1061 1259 καθ’
1111 1195 1334 1265 ἑκάστην
1407 1195 1626 1270 ἀγωγήν
1689 1193 1778 1249 καὶ
1831 1194 2009 1268 τρίτον

355 1293 445 1346 καὶ
474 1289 724 1365 τέταρτον
760 1291 953 1365 φωνεῖν
989 1281 1174 1349 εἷ’ωθεν
1210 1283 1543 1358 ἀλεκτρυὼν,
1593 1281 1778 1352 δηλῶν
1809 1285 1836 1337 ὁ
1868 1282 2015 1356 Μάρ-

357 1401 477 1449 κος,
523 1379 604 1434 ὅτι
664 1374 790 1432 οὐδὲ
839 1377 874 1445 ἡ
923 1376 1074 1453 φωνή
1115 1374 1273 1429 αὐτὸν
1304 1374 1522 1448 ὶπέσχε,
1554 1373 1643 1427 καὶ
1677 1373 1752 1434 εἱς
1787 1374 2012 1445 μνήμην

362 1468 552 1544 ἤγαγε,
606 1465 764 1522 τοῦτό
824 1485 1009 1543 φησιν.
1069 1466 1231 1517 ’Ὡστε
1287 1463 1568 1541 ἀμφότερα
1648 1461 1829 1530 ἀληθῆ
1889 1462 2011 1517 εἱσι.

366 1559 538 1632 Πρινή
595 1556 698 1632 γάρ
748 1558 844 1624 τὴν
912 1553 1035 1627 μίαν
1098 1554 1313 1629 ἀγωγὴν
1377 1552 1663 1627 ἀπαρτίσαι
1741 1551 1831 1606 τὸν
1888 1550 2012 1605 ἀλε-

361 1646 614 1719 κτρυόνα,
664 1645 842 1721 τρίτον
902 1644 1201 1718 ἠρνήσατο.
1263 1641 1420 1699 Οὕτω
1494 1639 1551 1695 δὲ
1625 1638 1879 1717 περιδεὴς
1946 1641 2017 1708 ἦν

358 1736 448 1790 καὶ
510 1733 714 1812 σφόδρα
773 1733 1157 1803 ἀποτεθνηκὼς
1209 1736 1288 1804 τῷ
1347 1729 1475 1802 δέει,
1549 1729 1631 1784 ὅτι
1709 1729 1768 1785 οὐ
1850 1729 2012 1802 μόνον

359 1827 659 1898 ἠρνήσατο,
703 1821 827 1879 ἀλλ’
880 1820 1006 1877 οὐδὲ
1055 1823 1358 1896 ἀνεμνήσθη
1414 1819 1652 1886 οῗκοθεν,
1706 1818 1794 1873 καὶ
1852 1822 2018 1873 ταῦτα

357 1919 453 1968 τοῦ
485 1911 844 1988 ἀλεκτρυόνος
871 1914 1236 1982 σωνησαντος,
1268 1907 1371 1971 ἕως
1424 1907 1484 1964 οὗ
1532 1909 1596 1963 τὸ
1653 1907 1878 1983 βλέμμα
1918 1910 2014 2004 τος)
2046 1937 2094 2004 Β

358 2001 689 2059 διδασκάλου
745 2002 963 2078 γέγονεν
1019 1999 1166 2072 αὐτῷ
1216 1999 1332 2054 ἀντὶ
1381 2001 1562 2076 φωνῆς
1617 1997 1712 2052 Καὶ
1760 2001 1922 2051 τοῦτο
1984 1997 2011 2050 ὁ

359 2098 571 2154 Λουκᾶς
628 2089 815 2161 δηλῶν
873 2111 1058 2169 φησιν,
1113 2088 1196 2143 δτι
1267 2082 1550 2160 ἐνέϐλεψεν
1631 2087 1707 2148 εὶς
1767 2085 1923 2140 αὐτὸν
1987 2086 2014 2139 6

360 2180 614 2258 Χριστός.

430 2271 626 2346 Ἐρώτ,
657 2270 758 2346 κγ’.
795 2293 822 2321 ‹‹
857 2267 959 2325 Καὶ
1013 2266 1242 2338 ἐξελθὼν
1295 2261 1394 2336 ἔξω
1444 2262 1670 2320 ἔκλαυσε
1717 2269 1950 2340 πικρῶς.
1985 2287 2013 2316 ››

358 2359 457 2414 Διά
484 2359 536 2414 τί
569 2356 798 2429 ἐξελθὼν
832 2353 932 2430 ἔξω
960 2354 1214 2412 ἔκλαυσεν
1250 2375 1264 2424 ;

433 2448 629 2504 Ἀπόκ.
683 2444 908 2514 Ἐπειδὴ
967 2445 1066 2501 οὐκ
1141 2443 1349 2518 ἐτόλμα
1414 2445 1656 2523 φανερῶς
1717 2442 2015 2519 ἔμπροσθεν

359 2537 600 2607 πάντων,
645 2535 737 2591 ’ίνα
787 2537 863 2608 μὴ
913 2536 1270 2609 κατηγορηθῇ
1325 2531 1414 2588 διὰ
1463 2539 1567 2588 τῶν
1622 2532 1892 2608 δακρύων,
1928 2532 2016 2586 καὶ

361 2627 582 2702 γνωσθῇ
621 2626 870 2698 μαθητὴς
901 2623 1064 2679 αὐτοῦ
1097 2624 1251 2679 εἶναι.

440 2715 634 2789 Ἐρώτ.
667 2711 767 2771 κδ’.
807 2738 833 2766 ι‹
863 2712 1190 2771 Ἐσθιόντων
1222 2709 1278 2766 δὲ
1312 2713 1454 2766 εἶπεν
1488 2711 1672 2773 αὐτοῖς
1705 2710 1731 2764 ὁ
1762 2710 2016 2785 Χριστὸς,

363 2805 446 2860 ὅτι
485 2805 573 2865 Εἷς
605 2803 655 2874 ἐξ
709 2805 860 2876 ὑμῶν
920 2799 1230 2878 παραδώσει
1293 2822 1377 2874 με.
1428 2826 1456 2854 ι)
1501 2801 1598 2855 Διά
1627 2801 1697 2870 τί,
1729 2799 2017 2853 ἐσθιόντων

367 2895 568 2959 αὐτῶν,
593 2891 715 2969 περὶ
746 2899 844 2961 τῆς
875 2888 1168 2966 προδοσίας
1201 2889 1386 2952 αὐτοῖς
1419 2888 1759 2965 διαλέγεται;

437 2983 625 3040 Ἀπόκ.
659 2985 775 3036 Ἵνα
829 2982 920 3036 καὶ
967 2981 1071 3036 ἀπὸ
1118 2985 1215 3034 τοῦ
1261 2985 1452 3054 καιροῦ
1503 2978 1595 3034 καὶ
1623 2986 1720 3048 τῆς
1750 2978 2020 3052 τραπέζης

369 3070 514 3147 δείξῃ
546 3075 645 3140 τὴν
678 3071 942 3145 πονηρίαν
973 3076 1070 3125 τοῦ
1101 3067 1393 3144 προδότου·
1428 3069 1526 3124 Καὶ
1572 3068 1673 3144 γὰρ
1722 3066 1811 3122 καί
1863 3067 2021 3128 αὒτὸς

367 3160 480 3215 ἐκεῖ
501 3167 703 3236 παρῆν.

439 3251 632 3326 Ἐρώτ.
666 3250 761 3306 κε’.
796 3273 823 3299 ‹‹
855 3247 949 3311 Εἷς
982 3248 1032 3318 ἐξ
1065 3249 1216 3320 ὑμῶν
1249 3245 1558 3323 παραδώσει
1597 3267 1679 3321 με.
1747 3271 1774 3297 ››
1825 3245 1922 3300 Διά
1966 3245 2019 3300 τί

366 3339 466 3394 οὒκ
498 3339 664 3393 εἶπεν·
698 3338 760 3394 Ὀ
792 3335 940 3392 δεῖνά
973 3357 1038 3410 με
1068 3333 1399 3411 παραδώσει·
1437 3335 1562 3391 ἀλλ’
1597 3357 1624 3390 α
1655 3336 1749 3396 Εἷς
1781 3333 1832 3404 ἐξ
1866 3335 2018 3408 ὑμῶν

363 3425 676 3502 παραδώσει
716 3447 802 3500 με,
839 3451 860 3480 ι
899 3423 1220 3504 φειδόμενος
1253 3426 1341 3480 καὶ
1374 3427 1425 3480 έν
1454 3425 1672 3498 τούτῳ;

442 3533 634 3590 Ἀπόκ.
697 3531 1025 3606 Φειδόμενος
1073 3533 1162 3587 καὶ
1216 3533 1267 3587 ἐν
1313 3532 1493 3604 τούτῳ
1557 3536 1654 3587 τοῦ
1725 3527 2021 3607 προδότου⁶

373 3621 511 3679 ὣστε
539 3623 703 3678 πάλιν
757 3620 942 3677 δοῦναι
995 3622 1142 3694 αὐτῷ
1196 3623 1480 3695 μετανοίας
1520 3621 1758 3695 ἐξουσίαν
1805 3626 1903 3677 τοῦ
1935 3621 2027 3678 λα-

373 3719 504 3778 θεῖν.
540 3712 638 3766 Καὶ
673 3712 904 3788 αἱρεῖται
936 3707 1175 3790 φοϐῆσαι
1208 3712 1444 3774 ἅπαντας
1478 3711 1609 3788 ὑπὲρ
1641 3717 1735 3766 τοῦ
1763 3709 2024 3767 διασῶσαι

370 3806 587 3858 τοῦτον.

449 3892 644 3968 Ἐρώτ.
676 3898 776 3955 κς’.
810 3893 1034 3945 «Ἦσαν
1068 3888 1126 3945 δὲ
1177 3890 1266 3946 καὶ
1307 3891 1362 3945 αἱ
1410 3895 1657 3966 γυναῖκες
1703 3890 2029 3947 συνακολου-

370 3983 599 4053 θήσασαι
650 3983 756 4037 ἀπὸ
803 3989 902 4052 τῆς
958 3981 1274 4043 Γαλιλαίας.
1329 4008 1348 4034 ιι
1385 3983 1482 4036 Διά
1528 3981 1580 4036 τί
1617 3983 1888 4056 μέμνηται
1917 3987 2027 4038 τῶν

373 4073 646 4149 γυναικῶν
677 4076 784 4128 τῶν
817 4071 1373 4142 συνακολουθησασῶν
1407 4071 1555 4143 αὐτῷ
1581 4091 1593 4140 ;

449 4160 641 4217 Ἀπόκ.
675 4162 864 4224 Ὅπως
899 4158 1042 4235 δείξῃ
1073 4161 1174 4230 τήν
1207 4159 1425 4229 πολλὴν
1455 4160 1632 4215 αὐτῶν
1673 4158 2023 4236 προσεδρίαν,

369 4249 463 4304 καὶ
494 4248 575 4304 δτι
612 4249 775 4326 μέχρι
807 4254 913 4305 τῶν
945 4247 1200 4306 κινδύνων
1233 4252 1502 4324 παρῆσαν.
1545 4251 1671 4305 Ὅτε
1699 4249 1802 4325 γὰρ
1836 4251 1886 4304 οἱ
1923 4271 2023 4323 μα-

375 4337 535 4409 θηταὶ
567 4337 782 4417 ἔφυγον,
816 4339 970 4394 αὗται
1001 4339 1486 4416 προσεκαρτέρουν.

443 4446 636 4522 Ἐρώτ.
667 4448 766 4516 κζ’.
802 4470 829 4498 (‹
873 4450 995 4509 Πῶς
1044 4446 1127 4512 σὺ,
1180 4447 1365 4523 φησὶν,
1409 4443 1672 4508 Ἰουδαῖος
1717 4443 1787 4500 ὢν
1844 4450 2024 4517 ζητεῖς

367 4537 497 4609 παρ’
529 4536 670 4610 ἐμοῦ
700 4540 844 4591 πιεῖν
879 4533 1048 4612 ὕδωρ,
1085 4532 1482 4612 Σαμαρείτιδος
1539 4534 1742 4607 etiam;
1777 4559 1805 4586 »
1856 4532 2022 4599 Πόθεν

370 4624 532 4680 αὐτὸν
586 4625 917 4703 γνωρίσασα,
970 4623 1231 4681 Ἰουδαῖον
1279 4625 1434 4697 εἶναι,
1485 4625 1639 4702 φησί,
1671 4625 1809 4701 πρὸς
1839 4623 2020 4680 αὐτόν·

374 4736 402 4769 α
433 4717 556 4777 Πῶς
587 4714 650 4769 σὺ
683 4712 946 4777 Ἰουδαῖος
980 4712 1052 4770 ὤν
1080 4733 1094 4784 ;
1130 4739 1158 4766 ››

442 4821 640 4879 ’Δπόκ.
689 4822 822 4879 Ἀπὸ
869 4826 966 4877 τοῦ
1013 4824 1320 4897 σχήματος,
1373 4819 1503 4882 ἴσως
1555 4820 1644 4875 καὶ
1686 4823 1784 4890 τῆς
1843 4817 2026 4875 διαλέ-

373 4910 527 4981 ξεως.

442 4999 636 5073 Ἐρώτ.
669 5001 776 5071 κη’.
808 5026 834 5053 ‹‹
868 4999 968 5054 Καὶ
997 5000 1244 5077 ἐγέννησε
1272 5000 1364 5054 τὸν
1406 5000 1520 5054 υἱὸν
1555 4998 1723 5068 αὐτῆς
1748 4998 1842 5052 τὸν
1875 5019 2026 5074 πρω-

366 5087 618 5146 τότοκον.
653 5112 682 5140 ››
732 5089 829 5143 Διά
875 5090 927 5144 τί
974 5091 1110 5159 εἷπε,
1170 5113 1197 5142 ‹‹
1245 5087 1633 5166 πρωτότοκον;
1682 5111 1709 5139 ››
1757 5083 1893 5142 Οὐδὲ
1922 5089 2024 5162 γὰρ

369 5176 532 5254 ἔσχεν
563 5177 733 5234 ἄλλον
768 5178 883 5233 οἷὸν
911 5180 945 5250 ἠ
982 5179 1240 5256 Παναγία.

446 5286 636 5342 Ἀπόκ.
673 5283 894 5354 Ἐπειδή
927 5287 1054 5341 Θεὸς
1090 5286 1351 5364 ὑπάρχων
1384 5286 1642 5357 ἀληθινὸς
1690 5287 1718 5341 ὁ
1760 5284 1811 5356 ἐξ
1859 5283 2024 5350 αὐτῆς

376 5376 676 5450 σαρκωθείς
749 5375 945 5450 Κύριος
1005 5378 1167 5450 ἡμῶν
1232 5380 1444 5447 Ἰησοῦς
1497 5375 1752 5452 Χριστὸς,
1809 5376 2022 5450 γέγονεν

370 5465 534 5537 ἡμῶν
566 5462 654 5521 διδ»⁴
682 5466 781 5536 τὴν
829 5466 1094 5541 σάρκωσιν
1145 5464 1403 5545 ἀδελφὸς,
1445 5465 1640 5522 τούτου
1687 5466 1850 5540 χάριν
1887 5464 2025 5519 ὠνο-

447 5708 493 5744 ⁹²
521 5708 730 5766 Matth.
753 5724 909 5780 xxvx,
940 5709 1030 5766 34.
1125 5710 1169 5746 ⁸³
1208 5709 1383 5766 Marc.
1416 5725 1531 5777 xiv,
1563 5708 1652 5763 31.

374 5795 556 5851 xxvu,
586 5781 676 5838 55.
752 5781 796 5818 ⁸⁷
828 5782 964 5838 Luc.
998 5797 1060 5852 ιι,
1091 5782 1145 5836 7.
1224 5781 1266 5817 θ’
1296 5781 1464 5838 Joan.
1498 5795 1575 5850 Iv,
1608 5782 1660 5836 5.

1749 5707 1816 5742 ⁵³·
1847 5709 1986 5764 Luc.
2017 5722 2161 5774 χιιι,
2191 5709 2280 5764 61.

2121 657 2212 712 bis
2261 660 2327 712 ³⁵³.
2382 681 2409 707 ››
2458 660 2646 723 Quare
2677 661 2983 718 Matthaaus
3014 664 3094 719 ait
3123 665 3372 724 dixissse
3402 675 3571 726 Petro
3599 672 3769 727 Chri-

2121 751 2312 801 stum:
2341 767 2362 796 α
2382 750 2709 820 Antequam
2743 751 2933 821 gallus
2964 758 3161 810 cantet
3187 761 3275 810 ter
3291 774 3384 812 me
3400 761 3642 830 negabis
3661 761 3770 816 93?»

2123 835 2353 891 Marcus
2385 842 2602 905 autem,
2625 841 2779 909 quod
2813 857 2944 895 cum
2979 844 3159 898 semel
3183 853 3475 917 negasset,
3498 855 3637 904 tunc
3660 851 3774 921 pri-

2122 941 2288 979 mum
2320 928 2642 982 cantavcrit
2673 928 2867 1000 gallus
2901 947 2913 984 ε
2949 947 3081 986 cum
3115 940 3308 988 autem
3344 941 3430 990 ter
3479 945 3768 1009 negasset,

2121 1017 2262 1068 tunc
2291 1017 2551 1071 secundo
2585 1019 2904 1073 cantavcrit
2926 1020 2952 1073 ?
2985 1022 3286 1086 Quomodo
3321 1030 3635 1097 utrumque
3682 1045 3774 1084 ve-

2124 1119 2256 1157 rum
2288 1103 2439 1158 erit?

2196 1191 2423 1254 R.Quia
2454 1211 2808 1267 unaquaque
2832 1197 2952 1253 vice
2981 1203 3071 1254 ter
3099 1206 3158 1255 et
3189 1207 3397 1272 quater
3425 1203 3615 1275 gallus
3646 1222 3776 1261 can-

2124 1285 2247 1336 tare
2278 1281 2446 1349 solet,
2482 1287 2546 1336 ut
2575 1285 2906 1340 ostenderet
2939 1287 3171 1344 Marcus
3221 1308 3586 1362 nequaquam
3637 1295 3776 1367 galli

2123 1386 2321 1425 vocem
2354 1371 2688 1428 cohibuisse
2720 1373 2974 1443 Petrum,
3008 1384 3064 1432 et
3094 1380 3164 1433 ad
3199 1384 3543 1438 memoriam
3577 1385 3776 1440 Domi-

2125 1458 2270 1513 nicaa
2335 1461 2490 1515 vocis
2557 1478 2878 1528 revocasse,
2949 1465 3029 1520 ita
3095 1467 3324 1524 locutus
3387 1477 3488 1527 est.
3562 1473 3648 1529 Ita
3712 1481 3780 1530 ut

2126 1551 2445 1618 utrumque
2477 1547 2552 1603 sit
2583 1567 2804 1606 verum.
2849 1555 3177 1624 Antequam
3229 1558 3384 1615 enim
3435 1577 3539 1632 pro
3590 1562 3782 1634 prima

2124 1635 2248 1690 vice
2270 1636 2594 1692 absolveret
2618 1644 2854 1695 cantum
2876 1642 3089 1714 gallus,
3114 1648 3202 1700 ter
3225 1649 3474 1720 negavit.
3501 1651 3585 1706 lta
3606 1668 3779 1723 porro

2127 1725 2501 1792 formidabat,
2542 1726 2623 1782 ita
2668 1735 2889 1784 terrore
2941 1739 3147 1802 captus
3195 1741 3252 1789 et
3291 1739 3459 1807 quasi
3509 1747 3780 1798 mortuus

2127 1819 2273 1882 erat,
2310 1819 2371 1869 ut
2403 1832 2516 1870 non
2551 1819 2724 1872 modo
2775 1827 3035 1892 negaret,
3085 1825 3182 1877 sed
3237 1829 3548 1898 nequidem
3599 1846 3668 1886 ex
3715 1848 3781 1888 se

2127 1903 2288 1958 illius
2339 1904 2482 1959 dicti
2535 1908 2962 1975 recordaretur,
3011 1912 3241 1968 etiamsi
3274 1923 3535 1973 cantaret
3562 1920 3779 1990 gallus,

2125 1993 2308 2048 donec
2358 1993 2476 2048 illic
2533 1996 2689 2052 vocis
2748 1996 2872 2052 loco
2932 2001 3121 2055 adfuit
3177 2006 3443 2075 magistri
3499 2008 3818 2067 intuitus.‘

2126 2083 2288 2147 Quod
2348 2083 2652 2140 declarans
2702 2087 2885 2142 Lucas
2933 2089 3033 2157 ait,
3085 2093 3239 2161 quod
3289 2098 3610 2168 reapexerit
3639 2115 3773 2155 eum

2126 2170 2395 2226 Christus
2426 2174 2513 2228 93'.

2198 2260 2263 2323 Q.
2295 2262 2384 2315 23.
2419 2285 2445 2312 ‹‹
2476 2263 2543 2317 Et
2572 2280 2844 2336 egressus
2877 2267 3029 2324 foras
3062 2269 3218 2324 flevit
3245 2289 3442 2329 amare
3472 2278 3570 2331 9i.»
3591 2279 3781 2342 Quare

2129 2351 2285 2405 foras
2316 2366 2592 2422 egressus
2625 2354 2782 2409 ﬂevit
2803 2355 2830 2408 ‘2

2202 2440 2266 2495 Β.
2302 2439 2448 2503 Quia
2473 2440 2528 2495 id
2565 2460 2680 2497 non
2713 2445 2966 2500 audebat
2999 2448 3190 2518 palam
3241 2456 3298 2506 et
3344 2469 3540 2510 coram
3589 2459 3786 2512 omni-

2129 2528 2261 2595 bus,
2317 2546 2389 2584 ne
2437 2530 2562 2586 suis
2611 2531 2887 2605 lacrymis
2937 2547 3334 2609 accusaretur,
3364 2548 3420 2598 et
3450 2544 3781 2618 discipulus

2127 2616 2288 2672 illius
2320 2635 2448 2673 esse
2478 2619 3028 2691 deprehenderetur.

2201 2710 2264 2772 Ο.
2297 2709 2385 2762 24.
2413 2731 2440 2758 ‹‹
2466 2709 2789 2766 Edentibus
2822 2714 2970 2781 istis,
2996 2717 3142 2773 dixit
3170 2718 3253 2774 eis
3284 2721 3590 2781 Christus:
3619 2725 3781 2784 Unus

2128 2802 2386 2852 vestrum
2421 2815 2512 2854 me
2541 2800 2866 2857 traditurus
2897 2809 2985 2859 est
3033 2807 3094 2861 9⁵.
3148 2829 3176 2856 ››
3228 2810 3416 2873 Quare
3469 2815 3784 2872 edentibus

2129 2885 2248 2941 illis
2281 2887 2351 2942 de
2383 2887 2712 2958 proditione
2742 2889 3051 2961 loquitur?

2205 2973 2269 3028 Η.
2306 2973 2378 3028 Ut
2427 2992 2460 3028 a
2505 2981 2767 3047 tempore
2816 2995 3030 3036 mensae
3082 2986 3417 3043 ostenderet
3463 2992 3782 3062 proditoris

2131 3061 2478 3133 nequitiam.
2512 3064 2657 3119 Nam
2688 3067 2891 3122 aderat
2921 3069 3038 3126 ille.

2204 3243 2268 3307 Ο.
2291 3243 2380 3296 25.
2413 3263 2439 3294 σι
2464 3246 2625 3299 Unus
2657 3251 2912 3301 vestrum
2947 3266 3041 3306 me
3071 3254 3395 3311 traditurus
3427 3263 3535 3314 est.
3553 3263 3784 3327 nQuare

2133 3347 2249 3385 non
2276 3331 2423 3386 dixit
2455 3348 2467 3386 :
2503 3332 2602 3388 Ille
2635 3350 2727 3388 me
2757 3339 2982 3405 tradet;
3017 3342 3118 3395 sed
3151 3365 3179 3392 «
3207 3343 3368 3400 Unus
3398 3353 3657 3406 vestrum
3692 3368 3786 3407 me

2133 3421 2346 3488 tradet,
2384 3442 2413 3470 »
2446 3425 2508 3475 ut
2537 3427 2593 3476 et
2622 3421 2681 3477 in
2714 3422 2824 3480 hoc
2857 3425 2938 3480 illi
2969 3434 3279 3499 parceret?

2208 3527 2274 3583 Β.
2309 3527 2380 3582 Ut
2410 3528 2469 3583 in
2501 3528 2608 3584 hoc
2641 3538 2905 3602 parceret
2934 3537 3237 3611 proditori,
3272 3543 3552 3617 daretque
3581 3547 3666 3602 illi
3699 3549 3783 3605 lo-

2135 3634 2266 3673 cum
2301 3619 2620 3690 pcenitendi
2649 3626 2707 3676 et
2737 3622 3304 3702 latendi.Voluitque
3335 3651 3540 3692 omnes
3573 3643 3790 3710 perter-

2135 3710 2410 3780 refecere,
2444 3713 2508 3764 ut
2540 3707 2695 3767 hunc
2719 3712 2944 3768 salvum
2979 3717 3209 3775 faceret.

2207 3892 2392 3955 0.26.
2428 3915 2456 3944 ‹‹
2489 3894 2666 3950 Erant
2713 3900 2911 3953 autem
2960 3902 3017 3954 et
3066 3901 3344 3960 mulieres
3391 3923 3520 3980 qua!
3572 3915 3789 3969 secuta

2136 3980 2368 4036 fuerant
2415 3997 2549 4038 eum
2601 4001 2634 4039 a
2682 3984 2919 4042 Galilzea
2949 3989 3011 4043 σθ.
3052 4012 3070 4036 α
3109 3992 3295 4056 Quare
3328 4004 3614 4056 memorat
3649 4018 3784 4057 mu-

2134 4069 2310 4125 lieres
2341 4087 2466 4141 quas
2499 4077 2709 4128 secutis
2740 4074 2968 4132 fuerant
2996 4080 3178 4138 eum?

2209 4159 2276 4214 Β.
2312 4159 2386 4214 Ut
2419 4177 2691 4232 magnam
2725 4167 3059 4223 ostenderet
3103 4187 3305 4229 earum
3357 4178 3788 4251 assiduitatem,

2136 4249 2410 4321 quodque
2441 4250 2512 4304 ad
2545 4251 3023 4342 pericula‘usque
3054 4259 3402 4320 adfuissent.
3437 4266 3580 4323 Cum
3616 4249 3783 4342 fuge;

2134 4342 2266 4393 rent
2293 4355 2549 4410 namque
2580 4339 2872 4413 discipuli,
2911 4343 3020 4398 illa;
3053 4352 3521 4418 perseverabant.

2207 4446 2271 4512 Q.
2303 4447 2393 4502 27.
2427 4469 2454 4496 «
2489 4449 2675 4513 Quare
2707 4452 2792 4517 tu,
2826 4449 3066 4508 Judazus
3099 4471 3232 4511 cum
3264 4458 3368 4526 sis,
3401 4461 3602 4519 bibere
3633 4482 3666 4520 a
3698 4481 3792 4521 me

2135 4534 2330 4606 poscis
2363 4552 2598 4606 aquam,
2631 4554 2758 4608 qua:
2812 4556 2942 4595 sum
2997 4543 3368 4604 Samaritana
3415 4551 3505 4605 '7?
3552 4575 3581 4604 «
3629 4553 3794 4610 Unde

2135 4640 2318 4696 gnara
2367 4626 2635 4682 Judaeum
2685 4626 2853 4684 illum
2887 4647 3035 4701 esse,
3069 4634 3152 4690 ait
3185 4635 3268 4691 illi
3306 4655 3318 4692 :
3355 4642 3544 4706 Quare
3571 4647 3657 4716 tu,
3689 4645 3793 4701 Ju-

2136 4714 2297 4770 dzsus
2329 4731 2462 4770 cum
2494 4717 2576 4772 sis
2600 4716 2628 4771 ?
2657 4740 2683 4768 »

2211 4821 2364 4878 256
2394 4822 2459 4877 Η.
2496 4822 2575 4878 Ex
2603 4823 2830 4896 habitu,
2864 4832 2922 4883 et
2944 4830 3190 4887 fortasse
3221 4849 3288 4890 ex
3318 4836 3586 4896 dialecto.

2210 5001 2272 5064 Q.
2293 5000 2381 5055 28.
2403 5022 2430 5050 ‹‹
2454 5001 2522 5056 Et
2556 5003 2771 5073 peperit
2800 5003 2987 5061 lilium
3016 5025 3190 5065 suum
3214 5012 3672 5085 primogenitum
3692 5016 3791 5070 οε.»

2137 5089 2323 5153 Quare
2355 5090 2520 5157 dixit,
2558 5113 2585 5140 «
2617 5093 3167 5165 primogenitum?»
3193 5099 3392 5172 Neque
3421 5103 3577 5158 enim
3610 5104 3794 5160 alium

2135 5176 2345 5233 habuit
2369 5179 2556 5234 filium
2590 5183 2970 5240 sanctissima
2998 5185 3242 5259 (Virgo).

2207 5291 2272 5342 R.
2308 5286 2453 5352 Quia
2485 5293 2635 5343 Deus
2667 5307 2801 5345 cum
2833 5298 2988 5348 esset
3017 5310 3187 5349 verus
3219 5298 3319 5366 qui
3351 5315 3418 5354 ex
3450 5299 3550 5354 illa
3598 5299 3788 5354 incar-

2135 5381 2310 5431 natus
2359 5381 2449 5431 est
2496 5377 2782 5435 Dominus
2833 5388 3030 5436 noster
3074 5383 3247 5439 Jesus
3278 5385 3570 5457 Christus,
3603 5389 3792 5444 factus

2135 5469 2224 5522 est
2255 5481 2358 5538 per
2397 5465 2862 5524 incarnationem
2915 5471 3091 5526 frater
3138 5475 3356 5542 noster,
3408 5477 3789 5548 quamobrem

2377 5708 2421 5743 9‘
2451 5707 2665 5765 Matth.
2695 5725 2846 5781 xxvr,
2877 5713 2966 5770 75.
3061 5715 3103 5751 ⁸⁸
3134 5711 3280 5773 Ibid.
3311 5716 3406 5772 21.
3502 5718 3546 5756 ⁰⁸
3576 5717 3783 5777 Matth.
