4132 6356
325 344 441 403 7m

1484 333 1549 394 S.
1596 321 2123 395 ATHANASIUS.
2157 364 2234 375 —
2264 324 2575 395 SPURIA.

3627 337 3747 398 ’108

319 482 559 534 vocatus
590 479 680 530 est
707 471 1159 544 primogenitae,
1186 474 1383 540 utpote
1416 469 1515 540 qui
1552 468 1774 540 primas
1804 466 1975 522 habe-

2114 463 2274 534 ιάσθη
2355 464 2728 539 πρωτότοκος,
2806 465 2880 527 ὡς
2949 465 3247 540 πρωτεύων
3316 465 3368 522 έν
3429 474 3589 525 πᾶσιν
3652 468 3750 525 αὖ·

325 572 417 625 ret
444 567 508 623 in
540 564 845 623 omnibus.

393 660 458 725 Q.
488 657 579 711 29.
603 676 630 707 «
651 658 721 710 Et
748 652 1053 711 reclinavit
1084 668 1220 708 eum
1250 651 1308 705 in
1341 649 1627 723 praesepio
1655 650 1720 703 π.
1755 670 1776 696 ι
1799 648 1988 711 Quare

329 748 390 804 in
423 745 703 820 praesepio
733 742 1053 799 reclinatus
1086 739 1240 796 fuit?

400 837 468 893 Β..
490 835 564 891 Ut
594 850 701 890 nos
722 833 794 889 ab
825 830 1335 888 irrationabilitate
1364 828 1658 896 liberaret,
1680 827 1985 883 brutorum

330 925 534 984 relicta
562 923 716 991 vita;
747 921 1147 992 tribueretque
1177 918 1516 975 hominibus
1565 920 1986 989 congruentem

330 1013 729 1088 prudentiam.

405 1106 470 1170 Ο.
503 1103 591 1158 30.
627 1125 655 1152 ‹‹
690 1101 872 1157 Homo
903 1098 1295 1155 descendebat
1323 1096 1397 1153 ab
1427 1095 1753 1152 Jerusalem
1786 1095 1843 1149 in
1888 1095 1984 1150 Je-

330 1192 516 1264 richo,
548 1196 605 1248 et
636 1190 843 1246 incidit
873 1190 930 1244 in
964 1188 1218 1243 latrones
1254 1189 1294 1242 ¹.
1330 1208 1356 1237 ι)
1391 1186 1532 1250 Quis
1583 1183 1801 1240 homo?
1849 1186 1982 1248 Quae

323 1280 655 1338 Jerusalem
675 1280 703 1335 ?
735 1281 871 1345 Quae
902 1276 1178 1333 Jericho?
1210 1276 1316 1339 Qui
1347 1274 1605 1330 latrones
1623 1274 1649 1327 Ἰ

400 1461 468 1518 R.
504 1460 687 1517 Homo
718 1463 808 1515 est
836 1459 1057 1523 Adam;
1089 1454 1439 1520 Jerusalem,
1472 1453 1815 1526 paradisus;
1838 1451 1983 1508 Jeri-

320 1552 452 1623 cbo,
483 1551 579 1606 hic
610 1549 903 1616 mundus;
938 1546 1218 1612 latrones,
1251 1546 1568 1601 daemones.

395 1727 710 1795 Q.3l.Casu
744 1730 940 1783 autem
975 1723 1250 1779 sacerdos
1281 1721 1522 1794 quidam
1546 1720 1751 1775 videns
1774 1721 1796 1755 ²
1818 1736 1974 1787 eum,

2095 549 2208 616 τός·

2169 643 2362 719 Ἐρώτ.
2395 645 2496 699 κθ’.
2531 668 2558 695 ‹‹
2595 644 2692 698 Καὶ
2733 642 3003 700 ἀνέκλινεν
3057 645 3215 701 αὐτὸν
3268 646 3319 701 ἐν
3372 651 3441 721 τῇ
3495 649 3684 726 φάτνῃ.
3720 672 3748 700 ››

2097 732 2196 786 Διά
2222 732 2275 786 τί
2307 730 2357 787 έν
2389 736 2457 807 τῇ
2492 732 2657 810 φάτνῃ
2688 733 2945 803 ἀνεκλίθη
2972 754 2985 803 ;

2169 822 2361 879 Ἀπόκ.
2393 824 2508 877 Ἵνα
2536 825 2683 896 ἡμᾶς
2711 830 2810 894 τῆς
2844 821 3067 900 ἀλογίας
3098 824 3461 902 ἐλευθερώσῃ,
3493 827 3585 881 τὸν
3613 848 3750 898 κτη-

2094 932 2335 987 ντπρεπη
2374 912 2804 986 μεταμείψαντας
2840 912 2980 989 βίον,
3013 914 3101 969 καὶ
3132 916 3229 985 τήν
3287 916 3592 992 ἀνθρώποις
3621 916 3749 992 πρέ-

2094 1022 2295 1056 πουσαν
2329 1003 2584 1078 παράσχῃ
2615 1002 2822 1057 σύνεσιν
2833 1046 2845 1059 .

2164 1093 2358 1167 Ἐρώτ.
2393 1090 2461 1149 λ’.
2495 1117 2522 1144 ‹‹
2556 1094 2879 1165 ’Ἀνθρωπος
2909 1088 3217 1149 κατέϐαινεν
3251 1094 3356 1150 ἀπὸ
3384 1096 3747 1171 Ἰερουσαλὴμ

2095 1180 2170 1243 εἷς
2202 1182 2439 1257 Ἰεριγὼ,
2468 1182 2557 1236 καὶ
2587 1180 2809 1255 λῃσταῖς
2839 1183 3145 1256 περιέπεσε.
3182 1208 3209 1235 ››
3241 1184 3339 1247 Τίς
3380 1186 3407 1240 6
3440 1184 3744 1261 ἄνθρωπος,

2092 1270 2179 1325 καὶ
2211 1270 2291 1333 τίς
2325 1273 2358 1341 ἡ
2389 1269 2772 1347 Ἰερουσαλὴμ,
2802 1271 2891 1326 καὶ
2920 1272 3001 1335 τίς
3028 1275 3063 1343 ἠ
3092 1274 3330 1350 Ἱεριχὼ,
3364 1274 3455 1329 καὶ
3498 1275 3639 1338 τίνες
3691 1276 3743 1331 οἱ

2092 1358 2288 1435 λῃσταί
2313 1380 2326 1431 ;

2161 1450 2355 1506 Ἀπόκ.
2386 1451 2706 1527 ’Ἄνθρωπος
2760 1450 2853 1524 μὲν
2912 1451 2940 1505 6
2993 1449 3194 1525 Ἀδάμ.
3235 1452 3603 1528 Ἰερουσαλὴμ
3632 1452 3690 1511 δὶ
3715 1458 3744 1510 6

2088 1537 2434 1614 παράδεισος·
2468 1540 2687 1616 Ἱεριλὼ
2719 1537 2777 1595 δὲ
2814 1540 2973 1602 οὗτος
3005 1541 3033 1595 6
3082 1541 3311 1614 κόσμος,
3341 1542 3430 1598 καὶ
3463 1541 3656 1617 λῃσταὶ
3690 1547 3743 1600 οἱ

2090 1626 2345 1701 δαίμονες
2360 1673 2371 1686 .

2157 1718 2348 1793 Ἐρώτ.
2385 1717 2485 1773 λα’.
2524 1719 2665 1773 Κατᾶ
2696 1711 2981 1794 συγκυρίαν
3017 1716 3075 1774 δὲ
3106 1718 3280 1796 ἱερεύς
3310 1742 3394 1785 τις
3426 1719 3556 1776 ῗδὼν
3581 1722 3740 1779 αὐτὸν

320 1816 721 1889 pertransivit.
762 1816 950 1871 Levita
979 1811 1270 1868 similiter.
1324 1809 1731 1866 Samaritanus
1778 1814 1975 1864 autem

2114 1807 2483 1906 ιγτιπαρῆλθει
2535 1808 2625 1863 καὶ
2693 1806 2916 1877 λευίτης
2983 1808 3214 1881 ὁμοίως.
3287 1811 3631 1883 Σαμαόείτης
3685 1809 3744 1867 δὲ

318 1906 524 1960 videns
555 1920 711 1969 eum,
745 1901 1149 1958 misericordia
1181 1903 1377 1955 motus
1410 1904 1518 1965 est,
1553 1896 1831 1969 etligavit
1861 1896 1982 1952 vul-

316 2011 459 2051 nera
507 1994 657 2064 ejus.
708 1991 856 2058 Quid
909 1989 1078 2057 illud,
1140 2011 1164 2041 ι
1207 1991 1399 2044 Casu?
1428 2009 1456 2038 «
1489 1987 1629 2050 Quis
1663 1984 1980 2042 sacerdos?

320 2085 461 2149 Quis
495 2084 688 2140 Levita
707 2084 735 2137 ?
765 2082 907 2149 Quis
935 2080 1339 2136 Samaritanus
1359 2078 1386 2133 ‘I

394 2172 461 2230 Β.
498 2171 671 2241 Illud,
704 2193 733 2221 ‹‹
762 2170 937 2236 Casu,
971 2191 999 2217 υ
1028 2169 1085 2223 id
1117 2173 1228 2235 est,
1259 2184 1326 2223 ex
1356 2166 1554 2221 divina
1594 2165 1975 2238 providentia.

319 2262 604 2319 Sacerdos
633 2266 724 2317 est
739 2259 861 2328 lex;
886 2258 1101 2326 Levita,
1135 2256 1400 2330 magistri
1429 2273 1496 2312 ex
1519 2255 1761 2312 Levitico
1792 2271 1981 2310 sacer-

323 2353 519 2420 dotio;
551 2350 981 2419 Samaritanus,
1011 2347 1299 2403 Christus.

392 2530 458 2594 Ο.
489 2529 578 2585 32.
613 2530 804 2594 Quare
833 2526 1049 2583 dicitur
1077 2526 1506 2593 Samaritanus,
1536 2522 1845 2579 Christus?

390 2712 460 2763 R.
511 2707 657 2771 Quia
702 2706 890 2762 Judaai
923 2704 1090 2781 illum
1126 2704 1208 2759 ita
1238 2708 1651 2781 nuncuparant
1680 2702 1926 2758 dicendo
1957 2719 1971 2758 :

320 2820 348 2848 «
386 2795 795 2852 Samaritanus
828 2810 912 2864 es,
934 2778 1002 2849 et
1025 2793 1379 2848 daemonium
1414 2778 1596 2847 habes
1625 2791 1666 2846 ³.
1704 2813 1731 2840 ››

388 2886 454 2951 Q.
487 2885 576 2940 33.
609 2907 637 2935 «
674 2884 913 2939 Factum
947 2887 1035 2938 est
1067 2886 1285 2947 autem,
1321 2881 1532 2952 inquit,
1556 2884 1621 2935 ut
1650 2886 1976 2936 moreretur

321 2975 600 3042 Lazarus,
630 2976 689 3028 et
721 2977 1053 3045 portaretur
1078 2972 1150 3025 ab
1182 2969 1408 3042 angelis
1458 2969 1516 3024 in
1570 2970 1737 3026 sinus
1791 2971 1972 3026 Abra-

320 3063 410 3120 hae
438 3063 477 3118 ³.
513 3086 540 3113 ››
571 3065 760 3127 Quare
788 3060 1038 3117 moritur
1067 3059 1320 3115 Lazarus
1346 3059 1691 3131 priusquam
1724 3058 1921 3115 dives?

388 3241 456 3296 R.
489 3240 562 3297 Ut
591 3238 791 3306 nullus
822 3237 988 3294 diviti
1021 3234 1384 3293 excusationi
1416 3234 1578 3292 locus
1611 3237 1970 3308 relinquere-
2001 3211 2046 3279 Ο

313 3334 412 3386 tur
444 3347 458 3387 :
492 3329 648 3401 quod
675 3328 898 3385 scilicet
929 3326 1150 3398 aliquid
1179 3331 1526 3398 erogaturus
1564 3332 1721 3382 esset
1763 3326 1847 3380 illi
1898 3327 1971 3395 (si

316 3418 605 3486 vixisset.)

391 3504 839 3571 Q.34.«Elevans
870 3509 1066 3560 autem
1093 3505 1256 3560 dives
1287 3502 1488 3559 oculos
1510 3520 1649 3559 suos
1668 3520 1802 3559 cum
1821 3508 1976 3559 esset

321 3596 381 3652 in
414 3594 743 3663 tormentis,
776 3594 923 3649 vidit
956 3595 1231 3649 Lazarum
1267 3594 1321 3648 in
1355 3591 1584 3648 sinibus
1612 3591 1855 3648 Abrahai
1879 3594 1919 3646 ⁸.
1943 3614 1972 3642 ››

319 3684 510 3749 Quare
540 3700 655 3741 non
688 3682 853 3754 alibi,
887 3683 984 3738 sed
1021 3682 1079 3737 in
1114 3681 1345 3738 sinibus
1375 3682 1616 3737 Abrahae
1667 3681 1819 3739 videt
1864 3683 1971 3737 La-

316 3790 519 3830 zarum
538 3770 561 3827 ?

390 3863 457 3919 R.
491 3862 640 3929 Quia
669 3861 825 3918 sicut
854 3861 1145 3916 Adamum
1197 3860 1352 3916 Deus
1400 3859 1639 3932 ejiciens
1686 3878 1753 3916 ex
1802 3877 1971 3933 para-

312 3953 467 4020 diso,
516 3952 709 4024 posuit
760 3949 929 4005 illum
981 3965 1011 4005 e
1060 3949 1314 4021 regione,
1368 3954 1431 4003 ut
1476 3950 1754 4006 assiduus
1802 3965 1970 4022 aspe-

316 4047 444 4098 ctus
477 4041 604 4112 ejus
638 4055 948 4095 maerorem
998 4056 1308 4105 renovans,
1360 4040 1642 4110 majorem
1692 4037 1777 4093 illi
1826 4056 1969 4111 prae-

312 4131 479 4187 beret
528 4129 621 4186 sui
654 4147 686 4184 a
713 4128 884 4185 bonis
913 4126 1030 4183 illis
1061 4126 1266 4199 lapsus
1297 4144 1569 4196 sensum;
1603 4127 1688 4183 ita
1715 4133 1772 4183 et
1800 4127 1967 4184 illum

310 4236 342 4275 e
374 4218 609 4291 regione
642 4217 840 4274 Lazari
871 4216 1198 4286 constituit,
1224 4221 1290 4272 ut
1310 4216 1714 4273 vehementius
1743 4218 1971 4274 morde-

314 4312 497 4364 retur.

382 4399 447 4465 Q.
480 4397 569 4453 35.
611 4397 799 4462 Quare
845 4413 960 4453 non
1010 4395 1071 4450 in
1119 4393 1234 4450 alio
1278 4394 1443 4466 justo
1490 4394 1638 4453 vidit
1687 4396 1969 4453 Lazarum

311 4487 474 4544 dives
506 4486 639 4556 ille;
672 4486 774 4543 sed
806 4485 866 4541 in
899 4485 1130 4541 sinibus
1159 4483 1401 4541 Abrahae
1422 4484 1450 4540 ?

387 4576 455 4633 R.
490 4574 635 4643 Quia
679 4573 993 4647 hospitalis
1044 4574 1341 4629 Abraham
1395 4574 1617 4642 fuerat;
1674 4581 1735 4629 ut
1774 4575 1972 4645 itaque
2000 4578 2048 4645 D

312 4668 657 4737 argueretur
703 4665 775 4719 ob
828 4679 996 4718 suam
1046 4677 1185 4735 erga
1233 4661 1496 4735 hospites
1528 4662 1836 4731 saevitiam,
1869 4665 1971 4719 La-

310 4769 516 4809 zarum
549 4768 682 4807 cum
715 4752 815 4807 illo
847 4751 1021 4807 videt.
1058 4750 1158 4807 llle
1191 4768 1446 4823 namque
1494 4752 1746 4807 viatores
1794 4753 1971 4808 etiam

309 4841 635 4913 excipiebat
678 4841 699 4875 ⁶
725 4858 738 4909 ;
786 4840 881 4896 hic
911 4856 1043 4896 vero
1073 4855 1208 4897 eum
1241 4840 1343 4913 qui
1366 4840 1526 4896 intus
1554 4844 1678 4897 erat
1709 4845 1968 4898 contem-

315 4931 563 4988 nebat7.

385 5024 452 5089 Q.
511 5021 599 5076 36.
665 5042 692 5070 ‹‹
755 5019 923 5075 Pater
974 5018 1292 5088 Abraham,
1348 5018 1627 5075 miserere
1676 5020 1790 5076 mei
1847 5021 1887 5076 ⁸.
1939 5043 1968 5071 ››

311 5113 500 5177 Quare
558 5126 672 5166 non
727 5109 940 5166 Lazaro
1000 5125 1333 5165 sermonem
1393 5109 1593 5183 dirigit
1649 5108 1832 5179 dives,
1867 5111 1969 5166 sed

307 5200 642 5255 Abrahamo
662 5197 690 5252 7

382 5288 447 5344 Ρι.
480 5288 641 5354 Quod
674 5288 1067 5353 erubesceret,
1089 5292 1146 5341 et
1178 5288 1397 5359 pudore
1431 5292 1727 5344 teneretur
1758 5306 1770 5344 :
1807 5294 1970 5360 puta-

308 5377 410 5434 bat
437 5378 596 5434 enim
626 5393 761 5432 eum
787 5375 1017 5448 injuria
1049 5374 1224 5432 illatae
1259 5377 1605 5433 memoriam
1639 5382 1911 5436 retinere.

2092 1893 2221 1951 ἰδὼν
2255 1896 2431 1965 αὐτὸν,
2467 1896 2900 1973 ἐσπλαγχνίσθη,
2933 1898 3024 1953 καὶ
3054 1896 3319 1971 κατέδησε
3346 1900 3415 1955 τὰ
3458 1901 3743 1976 τραύματα

2090 1989 2274 2044 αὐτοῦ.
2298 1989 2358 2043 Τί
2386 1990 2451 2057 ἦν
2484 1990 2567 2054 τὸ,
2610 2012 2637 2040 ‹‹
2667 1991 2804 2044 κατά
2835 1991 3125 2066 συγκυρίαν
3153 2011 3165 2061 ;
3201 2015 3228 2042 η
3259 1991 3348 2047 καὶ
3379 1992 3462 2054 τίς
3493 1993 3520 2047 6
3543 1992 3739 2068 ἱερεύςς

2088 2078 2176 2133 καὶ
2204 2078 2289 2132 τίτ
2320 2080 2348 2134 6
2379 2077 2635 2148 λευ’ίτης;
2663 2078 2751 2134 καὶ
2780 2079 2862 2142 τίς
2895 2080 2923 2134 6
2957 2079 3304 2156 Σαμαρείτης
3328 2107 3343 2151 ς

2160 2167 2351 2225 Ἀπόκ.
2381 2168 2459 2224 Τὸ
2511 2168 2603 2239 μὲν
2659 2194 2687 2219 ‹‹
2739 2169 2873 2223 κατὰ
2920 2168 3206 2244 συγκυρίαν
3269 2194 3295 2221 υ
3344 2167 3531 2241 δηλοῖ·
3580 2168 3644 2225 τὸ
3678 2169 3738 2227 έκ

2086 2257 2227 2320 θείας
2262 2257 2591 2330 οἰκονομίας·
2619 2256 2791 2333 ἱερεὺς
2826 2255 2883 2312 δέ
2914 2256 3056 2313 ἐστιν
3085 2259 3113 2313 ὁ
3163 2258 3355 2331 νόμος.
3406 2257 3628 2331 λευίτης
3683 2258 3742 2317 δὲ

2087 2347 2139 2401 οἳ
2170 2346 2276 2401 ἀπὸ
2304 2354 2404 2416 τῆς
2437 2344 2714 2416 λευϊτικῆς
2746 2346 3046 2422 ἱερωσύνης
3080 2345 3421 2403 διδάσκαλοι·
3458 2349 3740 2426 Σαμαρεί-

2085 2456 2185 2506 της
2210 2433 2267 2491 δε
2296 2435 2323 2490 ὁ
2345 2434 2597 2507 Χριστός.

2159 2525 2353 2601 Ἐρώτ.
2387 2522 2491 2580 λϐ’.
2526 2525 2622 2579 Καὶ
2673 2521 2763 2579 διὰ
2814 2524 2867 2581 τί
2911 2522 3120 2601 λέγεται
3163 2527 3511 2600 Σαμαρείτης
3544 2530 3571 2583 6
3602 2530 3736 2605 Χρι-

2086 2613 2247 2679 στόςς
2296 2658 2297 2661 η

2156 2702 2347 2758 Ἀπόκ.
2383 2702 2479 2757 Διά
2502 2703 2563 2756 τὸ
2591 2701 2718 2764 τοὺς
2751 2699 3045 2765 Ἰουδαίους
3094 2703 3251 2757 αὐτὸν
3305 2701 3478 2766 οὕτως
3528 2703 3727 2760 ἀποκα-

2086 2791 2200 2848 λεῖν
2233 2793 2313 2847 ὃτι
2351 2814 2378 2847 α
2413 2791 2757 2867 Σαμαρείτης
2790 2791 2859 2859 εί,
2891 2792 2981 2846 καὶ
3014 2789 3296 2861 δαιμόνιον
3332 2789 3497 2868 ἔχεις.
3537 2818 3564 2845 ››

2155 2882 2346 2957 Ἐρώτ.
2385 2878 2484 2957 λγ.
2519 2906 2545 2931 (ι
2580 2880 2819 2956 Ἐγένετο
2852 2878 2929 2953 δὲ,
2963 2882 3142 2959 φησὶν,
3188 2882 3473 2937 ἀποθανεῖν
3505 2882 3594 2937 τὸν
3628 2882 3727 2936 Λά-

2085 2976 2242 3046 ζαρον
2297 2970 2387 3025 καὶ
2431 2971 2793 3046 ἀπενεχθῆναι
2862 2970 2964 3024 ὑπὸ
3013 2976 3121 3025 αῶν
3169 2969 3411 3046 ἀγγέλων
3473 2970 3548 3031 είς
3595 2968 3722 3031 τοὺς

2079 3059 2322 3121 κόλπους
2351 3063 2447 3114 τοῦ
2478 3053 2741 3134 Ἀϐραάμ.
2779 3081 2807 3111 ››
2840 3060 2937 3114 Διά
2978 3059 3030 3115 τί
3074 3060 3397 3130 ἀποθνήσκει
3445 3062 3663 3133 πρῶτον
3699 3059 3729 3112 6

2084 3149 2328 3224 Λάζαρος
2358 3148 2504 3221 παρά
2531 3148 2622 3202 τὸν
2651 3146 2914 3203 πλούσιον
2940 3168 2953 3218 ;

2155 3236 2346 3293 Ἀπόκ.
2395 3240 2514 3293 Ἵνα
2563 3234 2837 3310 μηδεμιᾶς
2903 3235 3208 3312 ἀπολογίας
3275 3238 3541 3315 πρόφασις
3605 3235 3736 3291 ὑπο-

2083 3323 2340 3397 λείπηται
2384 3330 2482 3381 τοῦ
2528 3325 2819 3397 πλουσίου,
2869 3326 2943 3388 ὡς
2998 3324 3300 3400 μέλλοντος
3362 3325 3597 3381 εὐποιεῖν
3657 3322 3733 3385 εἰς

2083 3411 2261 3472 αὐτόν.

2154 3505 2346 3580 Ἐρώτ.
2382 3500 2484 3562 λδ’.
2520 3527 2549 3556 ‹‹
2580 3498 2912 3577 Ἀναϐλέψας
2944 3500 3000 3558 δὲ
3046 3509 3162 3566 τοῖς
3216 3501 3526 3582 ὀφθαλμοῖς
3571 3501 3736 3557 αὐτοῦ

2083 3594 2110 3647 6
2167 3591 2454 3660 πλούσιος,
2514 3594 2614 3666 ὁρᾷ
2659 3592 2750 3647 τὸν
2806 3591 3051 3668 Λάζαρον
3097 3591 3149 3647 έν
3192 3597 3309 3654 τοῖς
3354 3591 3586 3653 κόλποις
3634 3594 3732 3645 τοῦ

2081 3676 2349 3758 Ἀϐραάμ,
2385 3706 2411 3733 ››
2444 3681 2539 3735 Διά
2567 3680 2618 3735 τί
2650 3680 2749 3735 οὐκ
2778 3680 3054 3756 ἀλλαχοῦ,
3089 3680 3215 3737 ἀλλ’
3247 3681 3297 3736 έν
3335 3686 3452 3742 τοῖς
3498 3678 3734 3742 κόλποις

2077 3775 2175 3826 τοῦ
2203 3766 2452 3847 Ἀϐραὰμ
2481 3772 2582 3846 ὁρᾷ
2608 3770 2698 3825 τὸν
2733 3771 2977 3846 Λάζαρον
3003 3789 3017 3840 ;

2152 3860 2343 3916 ’Λπόκ.
2379 3857 2622 3932 Ἐπειδὴ,
2655 3857 2837 3935 ὣσπερ
2867 3859 2959 3914 τὸν
2996 3856 3173 3932 Ἀδὰμ
3225 3854 3473 3914 ἐκϐαλὼν
3524 3859 3552 3912 6
3599 3855 3729 3919 Θεὸς

2079 3950 2139 4005 έκ
2164 3955 2261 4005 τοῦ
2292 3947 2639 4026 παραδείσου,
2683 3947 3006 4025 καταντικρὺ
3035 3953 3227 4004 τοῦτον
3272 3948 3593 4020 κατῴκισεν,
3637 3945 3730 4001 ἵνα

2077 4043 2113 4109 ἡ
2142 4040 2375 4115 σννεχής
2424 4034 2568 4112 ὄψις,
2620 4039 2945 4093 ἀνανευοῦσα
2991 4039 3053 4093 τὸ
3105 4038 3298 4106 πάθος,
3343 4031 3732 4110 ἀκριϐεστέραν

2078 4129 2226 4202 αὐτῷ
2255 4128 2511 4203 παράσχῃ
2538 4129 2637 4196 τῆς
2668 4126 2986 4188 ἐκπτώσεως
3017 4131 3125 4181 τῶν
3160 4123 3376 4201 ἀγαθῶν
3403 4126 3505 4193 τὴν
3538 4122 3731 4194 αἴσθη-

2077 4238 2182 4274 σιν*
2216 4216 2359 4273 οὕτω
2391 4214 2449 4272 δὲ
2486 4216 2575 4271 καὶ
2604 4220 2794 4271 τοῦτον
2826 4216 3106 4271 κατέναντι
3141 4219 3240 4271 τοῦ
3272 4214 3524 4288 Λαζάρου
3553 4213 3733 4286 κατῴ-

2077 4328 2247 4378 κισεν,
2275 4305 2366 4361 ’ίνα
2397 4304 2659 4379 μειζόνως
2689 4303 3121 4380 κατατρύχηται.

2151 4396 2346 4472 Ἐρώτ.
2381 4391 2474 4449 λε’.
2510 4392 2609 4447 Καὶ
2632 4389 2721 4448 διὰ
2748 4392 2801 4448 τί
2834 4391 2933 4447 οὐκ
2960 4392 3013 4447 ll
3047 4389 3205 4465 ἄλλῳ
3232 4390 3426 4463 δικαίῳ
3448 4390 3540 4446 τὸν
3564 4389 3741 4459 Λάζα-

2080 4505 2173 4562 ρον
2202 4485 2303 4560 ὁρᾷ
2331 4482 2360 4536 ὁ
2390 4480 2675 4553 πλούσιος,
2709 4480 2835 4537 ἀλλ’
2856 4480 2907 4536 έν
2928 4486 3046 4544 τοῖς
3066 4480 3297 4544 κόλποις
3320 4484 3420 4535 τοῦ
3439 4473 3697 4551 Ἀϐραάμ
3718 4497 3736 4548 ;

2150 4572 2343 4629 Ἀπόκ,
2395 4569 2615 4641 Ἐπειδὴ
2675 4569 2956 4649 φιλόξενος
3004 4573 3070 4640 ἦν
3118 4572 3147 4625 ὁ
3194 4564 3462 4643 Ἀϐραάμ.
3513 4568 3607 4623 ‘Iv’
3640 4564 3734 4620 οὖν

2079 4659 2308 4737 ἔλεγχος
2375 4658 2537 4715 αὐτοῦ
2598 4658 2820 4734 γένηται
2884 4666 2984 4730 τῆς
3052 4659 3371 4733 μισοξενίας,
3437 4653 3526 4711 διὰ
3573 4659 3736 4710 τοῦτο

2083 4750 2239 4806 αὐτὸν
2300 4750 2413 4823 μετ’
2471 4748 2676 4803 ἐκείνου
2730 4747 2942 4824 βλέπει·
3010 4750 3247 4811 ἰίίκεῖνος
3296 4748 3396 4822 γὰρ
3468 4743 3557 4800 καὶ
3605 4743 3735 4807 τοὺς

2080 4837 2373 4915 παροδίτας
2406 4834 2733 4914 έξενοδόχει’
2767 4836 2924 4900 οὗτος
2956 4834 3014 4893 δὲ
3043 4839 3133 4893 καὶ
3180 4838 3272 4894 τὸν
3323 4834 3429 4891 ἔσω
3483 4832 3735 4907 κείμενον

2079 4930 2355 5007 παρεώρα·
2938 4980 2945 4987 ,

2153 5017 2349 5095 Ἐρώτ.
2383 5017 2484 5089 λς’,
2519 5042 2546 5069 ι(
2594 5016 2767 5091 Πάτερ
2821 5011 3091 5092 Ἀϐραὰμ,
3147 5016 3370 5087 ἐλέησόν
3422 5039 3508 5092 με.
3544 5020 3641 5075 Διά
3682 5018 3738 5075 τί

2081 5108 2140 5162 οὐ
2172 5109 2309 5182 πρὸς
2338 5107 2429 5161 τὸν
2460 5106 2700 5182 Λάζαρον
2727 5107 2818 5161 τὸν
2854 5104 3022 5181 λόγον
3055 5105 3326 5162 άπέτεινεν
3370 5108 3398 5163 6
3446 5106 3736 5176 πλούσιος,

2080 5197 2224 5254 ἀλλά
2256 5197 2389 5274 πρὸς
2416 5195 2508 5250 τὸν
2544 5191 2827 5271 Ἀϐραάμ;

2149 5285 2345 5343 Ἀπὸκ.
2380 5282 2599 5354 Ἐπειδή
2633 5282 2900 5360 ᾐσχύνετο
2950 5285 3039 5339 καί
3069 5286 3319 5362 ἠρυθρία·
3372 5284 3588 5361 ἐνόμιζε
3630 5287 3735 5363 γὰρ

2078 5376 2235 5432 αὐτὸν
2273 5378 2621 5450 μνησικακεῖν
2655 5370 2725 5428 δι’
2754 5373 2827 5427 ὧν
2861 5368 3080 5450 ἔπραξεν
3114 5372 3189 5437 εἷς
3220 5373 3403 5431 αὐτόν.

381 5599 427 5635 9’
456 5599 594 5675 Luc.
626 5614 692 5669 ιι,
720 5598 776 5655 7.
854 5598 1049 5675 ξᾼῙΑΙΞφ,
1081 5599 1269 5675 κλὸζφ.
1294 5672 1309 5675 _
1340 5599 1541 5675 9_lbid.
1573 5601 1770 5659 34-35.
1848 5603 1870 5639 ³
1900 5601 2070 5664 Joan.
2099 5618 2228 5675 vm,
2260 5601 2349 5657 48.
2428 5602 2450 5637 ⁴
2483 5600 2616 5657 Luc.
2649 5616 2762 5670 xvx,
2794 5600 2885 5655 22.
2963 5600 2984 5636 ⁸
3013 5601 3161 5658 Ibid.
3192 5600 3285 5656 23.
3364 5597 3385 5632 ⁸
3415 5600 3735 5673 Gen.xvin,

309 5673 403 5751 28.
479 5672 500 5707 ⁷
530 5671 670 5729 Luc.
700 5687 815 5744 ενι,
845 5671 938 5739 20,
966 5672 1057 5729 21.
1135 5672 1156 5707 ⁸
1188 5671 1332 5730 Ibid.
1368 5673 1459 5731 24.
