4132 6388
349 375 470 434 ’709

1291 363 1809 438 ΟΠιΕΒΤΙΟΝΕΞ
1853 363 1930 422 ΙΝ
1976 359 2477 423 SCRIPTURAM
2528 361 2873 424 SACRAM.

3668 375 3788 433 710

353 557 511 614 πω
549 553 682 611 Hoc
712 551 1138 627 fragmentum
1174 547 1506 630 adjicimus
1535 545 1998 630 Quaestionibus
2028 543 2118 630 ad
2144 542 2548 630 Antiochum,
2586 544 2739 630 quia
2767 563 2910 622 pars
2942 544 3077 622 ejus
3119 547 3297 630 prior
3348 555 3646 630 excerpta
3698 558 3792 612 est

435 652 510 694 ex
562 624 916 711 quaestione
957 632 1060 695 42,
1114 624 1266 711 non
1291 628 1547 711 quidem
1582 627 1661 686 ad
1693 626 1980 697 verbum,
2016 624 2121 684 sed
2157 624 2234 683 ad
2270 624 2670 683 sententiam.
2712 628 2860 684 Pars
2894 645 3038 686 vero
3071 629 3403 705 posterior,
3436 651 3510 692 ex
3540 624 3719 692 Orat.
3754 636 3789 693 3

436 708 662 775 contra
690 711 977 783 Arianos,
1014 708 1206 788 paulo
1240 714 1382 787 post
1411 708 1680 768 initium.

346 973 458 1027 Τοῦ
511 966 668 1044 ἀγίου
713 964 1046 1044 ξΑθανασίου
1104 960 1520 1044 Ἀλεξανδρεξας
1595 967 1653 1016 ἐκ
1709 964 2047 1036 περικοπῆς,

2178 962 2369 1016 Sancti
2396 961 2701 1017 Athanasii
2731 964 3105 1044 Alexandrini
3124 971 3420 1044 caccrptus
3449 984 3626 1026 sermo
3656 973 3721 1026 de

713 1037 882 1113 λόγος
915 1036 1037 1113 περὶ
1069 1041 1175 1090 τῶν
1209 1035 1381 1110 ἁγίων
1411 1035 1653 1090 εἰκόνων.

421 1148 546 1222 υὺχ
603 1146 677 1208 ὡς
730 1145 902 1212 θεοὺς,
954 1143 1079 1219 φασὶ
1114 1189 1128 1215 ,
1180 1143 1278 1204 τὰς
1339 1143 1548 1203 εἰκόνας
1610 1144 2015 1217 προσκυνοῦμεν

354 1239 405 1293 οἱ
446 1236 650 1292 πιστοί·
711 1236 786 1307 μὴ
844 1233 1094 1308 γένοιτοῑ
1131 1231 1273 1288 ἀλλὰ
1326 1233 1492 1304 μόνον
1544 1233 1641 1299 τὴν
1695 1229 1876 1304 σχέσιν
1927 1229 2015 1282 καὶ

354 1329 455 1396 τὴν
500 1325 712 1400 ἀγάπην
768 1321 1180 1400 ἐμφανίζοντες.
1226 1324 1386 1378 ”Οθεν
1438 1320 1737 1386 πολλάκις,
1765 1323 1862 1373 τοὺ
1913 1339 2013 1393 χα-

362 1417 625 1490 ρακτῆρος
675 1413 1034 1478 λειανθὲντος,
1082 1411 1156 1471 ὡς
1204 1409 1364 1480 ξύλον
1422 1411 1568 1482 μένει
1614 1403 1802 1482 ἀργόν.
1847 1412 2015 1462 Τοῦτο

365 1503 425 1558 δὲ
453 1504 543 1558 καὶ
589 1502 674 1556 ἐπὶ
721 1507 816 1556 τοῦ
862 1501 1036 1555 τύπου
1087 1499 1290 1574 γίνεται
1339 1505 1436 1554 τοῦ
1490 1503 1744 1572 σταυροῦ.
1778 1500 1920 1558 Ἕως
1955 1498 2014 1550 ἄν

370 1594 467 1664 μὲν
523 1590 623 1645 εἰσὶ
673 1587 1056 1665 συνεζευγμένα
1101 1588 1168 1642 τὰ
1219 1585 1313 1642 δύο
1365 1587 1532 1658 ξύλα,
1577 1587 1668 1641 καὶ
1720 1587 1867 1660 σώζῃ
1920 1589 2016 1640 τοῦ

366 1684 601 1756 σταυροῦ
654 1681 743 1734 τὸν
792 1677 981 1749 τόπον,
1036 1677 1213 1752 ὀρθῶς
1254 1678 1343 1731 καὶ
1394 1672 1794 1752 ἡκριϐωμὲνως
1844 1695 2018 1744 προσ-

360 1773 509 1822 κυνῶ
539 1768 630 1822 τὸν
667 1767 918 1842 σταυρόνο
956 1766 1082 1820 ἐπὰν
1115 1763 1172 1820 δὲ
1205 1763 1546 1840 διαιρεθῶσιν
1587 1763 1676 1818 ἀπ’
1726 1762 2016 1832 ἀλλήλων,

358 1858 448 1911 καὶ
496 1857 586 1910 τὸν
635 1855 805 1910 τόπον
862 1860 931 1928 τῇ
991 1853 1248 1930 διαιρέσει
1301 1854 1576 1924 λόσωσιν,
1629 1853 1807 1906 οὐκετι
1856 1872 2018 1927 προσ-

354 1951 503 2000 κυνῶ
549 1946 616 2000 τὰ
664 1945 716 2015 ἐξ
766 1943 1033 2014 ἀλλήλων
1089 1942 1390 2018 διῃρημένα
1439 1941 1591 2013 ξύλα.
1626 1942 1783 1998 Οὕτω
1824 1941 2015 1996 λοιπὸν

359 2035 449 2089 καὶ
499 2032 589 2089 διὰ
635 2036 727 2089 τὸν
776 2035 1008 2108 Χριστὸν
1060 2039 1348 2109 προσκυνῶ
1394 2033 1493 2101 τήν
1548 2031 1745 2098 εἰκόνα,
1794 2031 1883 2084 καὶ
1933 2028 2020 2083 διὰ

357 2128 457 2188 τῆς
511 2123 721 2185 εἰκόνος
777 2127 874 2177 τοῦ
933 2125 1167 2199 Χριστοῦ
1228 2121 1384 2176 αὐτὸν
1431 2125 1722 2197 προσκυνῶ
1768 2121 1858 2174 τὸν
1893 2122 2022 2193 Χρι-

358 2213 503 2269 στόν.
540 2213 609 2270 Εἰ
636 2214 736 2288 γὰρ
770 2213 1006 2274 καὶτοῖς
1059 2211 1270 2287 χείλεσί
1307 2232 1410 2284 μου
1462 2210 1522 2264 οὐ
1574 2210 1794 2286 πάρεστι
1826 2230 2019 2281 σωμα-

358 2307 524 2364 τικῶς
577 2302 830 2378 Χριστὸς,
892 2299 1018 2356 ἀλλ’
1081 2300 1234 2374 ὅμως
1288 2304 1357 2374 τῇ
1413 2298 1606 2376 καρδίᾳ
1663 2300 1756 2354 καὶ
1811 2303 1890 2370 τῷ
1945 2299 2020 2371 νῴ

360 2392 593 2465 πάρειμι
653 2391 764 2466 ἐγὼ
823 2395 1210 2464 πνευματικῶς
1270 2390 1407 2465 πρὸς
1467 2390 1559 2443 τὸν
1614 2389 1864 2464 Χριστόν.
1928 2388 2024 2442 Καὶ

364 2481 448 2537 ὅτι
481 2486 647 2536 ταῦτα
678 2480 857 2542 οὕτως
891 2479 1032 2556 ἔχει,
1068 2480 1128 2535 ἐκ
1177 2485 1274 2535 τοῦ
1324 2478 1727 2554 ὑποδείγματος
1775 2483 1870 2532 τοῦ
1900 2477 2023 2552 περὶ

361 2573 455 2626 τὸν
521 2572 751 2645 σταυρὸν
809 2568 998 2639 δῆλον.
1059 2570 1157 2624 Καὶ
1222 2571 1336 2642 μετ’
1393 2567 1604 2644 ὀλίγον’
1657 2569 1720 2623 Ὁ
1768 2567 1869 2642 γὰρ
1929 2565 2024 2621 οὕ-

363 2681 472 2723 τως
502 2660 782 2734 ἐγνωκὼς,
819 2660 901 2714 δτι
930 2656 985 2714 ἓν
1037 2660 1168 2714 εἰσιν
1203 2660 1229 2713 6
1262 2659 1386 2720 Υἱὸς
1433 2659 1522 2712 καὶ
1556 2658 1583 2711 6
1615 2659 1823 2732 Πατὴρ,
1859 2654 2024 2724 οἶδεν,

364 2749 639 2812 δτιαῦτὸς
675 2749 726 2804 ὲν
784 2753 866 2820 τῷ
924 2749 1119 2824 Πατρὶ,
1177 2748 1328 2802 καὶὸ
1385 2748 1574 2822 Πατήρ
1633 2747 1683 2800 ἐν
1746 2746 1911 2817 αὐτῷ.
1962 2747 2026 2802 Ἡ

362 2840 467 2914 γὰρ
498 2843 594 2892 τοῦ
644 2835 773 2892 Υὶοῦ
823 2837 1013 2908 θεότης
1060 2842 1157 2892 τοῖ’)
1209 2832 1418 2910 Πατρός
1469 2835 1600 2900 ἐστι,
1651 2835 1740 2889 καὶ
1789 2835 1921 2904 αὕτη
1975 2834 2027 2888 ἐν

360 2932 442 3000 τῷ
473 2929 586 2999 Tit];
613 2926 744 2982 ἐστι.
800 2926 901 2982 Καὶ
933 2927 960 2980 6
1008 2930 1171 2980 τοῦτο
1218 2920 1543 2981 καταλαϐὼν
1589 2926 1890 2996 πέπεισται,
1944 2923 2026 2978 ὅτι

366 3019 394 3071 6
450 3017 707 3091 ἑωρακὼς
751 3016 842 3069 τὸν
900 3016 1024 3070 Υἱὸν
1083 3015 1290 3089 ἑώρακε
1343 3015 1434 3069 τὸν
1493 3015 1719 3086 Πατέρα.
1785 3015 1868 3067 Ἐν
1925 3013 2026 3088 γὰρ

364 3109 446 3177 τῷ
500 3106 611 3176 Υἱῷ
661 3106 696 3173 ἡ
727 3109 825 3158 τοῦ
880 3104 1089 3180 Πατρὸς
1138 3104 1327 3175 Θεότης
1377 3105 1677 3179 θεωρεῖται.
1741 3105 1916 3158 Τοῦτο
1971 3099 2028 3156 δὶ

366 3195 457 3249 καὶ
492 3194 596 3248 ἀπὸ
657 3198 754 3248 τοῦ
811 3190 1254 3270 παραδείγματος
1311 3199 1410 3262 τῆς
1470 3189 1676 3253 εἰκόνος
1725 3196 1822 3246 τοῦ
1873 3193 2026 3266 βασι-

365 3281 508 3344 λέως
565 3282 994 3359 προσεχὲστερόν
1053 3304 1137 3344 τις
1193 3288 1525 3351 κατανοῆσαι
1579 3279 1866 3352 δυνήσεται
1901 3301 1912 3314 ⁸
1976 3280 2027 3335 ἐν

361 3373 463 3447 γὰρ
507 3371 575 3441 τῇ
625 3371 792 3425 εἰκόνι
844 3375 939 3424 τοῦ
995 3368 1261 3444 βασιλέως
1311 3371 1372 3424 τὸ
1425 3367 1568 3432 εἶδος
1614 3371 1704 3424 καὶ
1755 3371 1787 3438 ἠ
1843 3371 2024 3447 μορφή

362 3460 494 3516 ἐστι’
522 3459 613 3515 καὶ
649 3460 702 3514 ἐν
730 3459 810 3532 τῷ
840 3458 1057 3535 βασιλεῖ
1088 3457 1154 3528 δὴ
1187 3460 1250 3514 τὸ
1279 3458 1332 3514 ἐν
1364 3463 1432 3533 τῇ
1467 3458 1634 3514 εἰκόνι
1669 3456 1811 3521 εἶδός
1863 3457 2024 3515 ἐστιν.

366 3547 826 3625 Ἀπαράλλακτός
885 3548 1024 3604 ἐστιν
1057 3551 1092 3618 ἡ
1141 3547 1194 3603 ἐν
1244 3550 1316 3620 τῇ
1373 3548 1540 3603 εἰκόνι
1598 3553 1695 3602 τοῦ
1759 3546 2028 3622 βασιλέως

366 3638 660 3712 ὁμοιότης·
717 3637 854 3693 ὥστε
909 3639 998 3692 τὸν
1061 3636 1329 3710 ἐνορῶντα
1383 3639 1483 3707 τήν
1544 3637 1726 3692 εἰκόνα
1784 3639 1910 3714 ὁρᾷν
1973 3636 2024 3691 ἐν

362 3728 500 3802 αὐτῇ
529 3729 620 3783 τὸν
674 3727 922 3802 βασιλέα,
971 3727 1060 3782 καὶ
1113 3725 1514 3802 ἐπιγινώσκειν,
1565 3726 1647 3781 ὅτι
1681 3727 1838 3788 οὗτός
1887 3727 2026 3782 ἐστιν

2144 3728 2322 3784 luerit
2371 3725 2778 3797 contemplari,
2840 3726 3051 3781 dixerit
3106 3727 3300 3800 imago

363 3819 391 3872 6
425 3817 476 3871 ἐν
509 3820 578 3891 τῇ
612 3816 798 3871 εἰκόνι.
835 3818 929 3872 Ἐκ
959 3813 1017 3870 δὲ
1047 3820 1142 3870 τοῦ
1177 3817 1251 3888 μή
1288 3813 1651 3891 διαλλαγῆναι
1702 3817 1801 3884 τὴν
1836 3817 2028 3889 ὁμοιό-

363 3927 527 3976 τητα,
558 3909 640 3977 τῷ
670 3905 878 3960 θέλοντι
915 3905 1050 3978 μετὰ
1095 3907 1192 3974 τήν
1245 3905 1428 3960 εἰκόνα
1481 3907 1749 3981 θεωρῆσαι
1794 3906 1884 3960 τὸν
1943 3907 2032 3980 βα·

374 3993 533 4050 σιλέα
592 3993 735 4048 εἰ¹ποι
791 3994 851 4048 ἃν
905 3997 940 4063 ἡ
1003 3994 1191 4048 εἰκών·
1253 3994 1398 4068 Ἐγὼ
1455 3993 1546 4049 καὶ
1581 3995 1608 4047 ὁ
1661 3993 1916 4068 βασιλεὺς
1973 3991 2026 4048 ἓν

2681 1037 2852 1089 sacris
2893 1037 3253 1104 imaginibus;

2198 1144 2587 1210 Nequaquam
2626 1147 2686 1194 ut
2720 1142 2858 1196 deos
2890 1141 3026 1196 olim
3065 1142 3324 1213 (ethnici)
3359 1144 3436 1199 ita
3481 1163 3588 1202 nos
3642 1147 3788 1202 ima-

2125 1230 2291 1301 gines
2323 1229 2640 1284 adoramus
2678 1247 2688 1283 :
2716 1231 2907 1286 absit!
2945 1233 3045 1286 sed
3078 1233 3388 1300 duntaxat,
3425 1240 3486 1289 ut
3515 1236 3786 1292 affectum

2126 1325 2182 1373 et
2212 1318 2555 1374 charitatem
2590 1328 2851 1374 nostram
2887 1321 3492 1386 exhibeamus.Quare
3525 1325 3784 1396 plerum-

2128 1426 2240 1481 que
2271 1409 2556 1482 contingit
2589 1417 2668 1478 ut,
2705 1412 2896 1466 deleto
2929 1413 3264 1467 charactere
3295 1431 3399 1469 seu
3453 1416 3661 1488 figura,
3716 1417 3786 1471 li-

2127 1516 2310 1571 gnum
2337 1517 2583 1554 vacuum
2619 1506 2934 1556 remaneat.
2957 1501 3072 1556 Hoc
3103 1509 3297 1557 autem
3331 1503 3390 1558 in
3426 1505 3617 1561 crucis
3649 1510 3784 1578 typo

2129 1589 2564 1659 deprehendere
2595 1594 2702 1644 est.
2739 1590 2887 1644 Dum
2924 1592 3082 1646 enim
3113 1592 3226 1646 duo
3267 1591 3426 1664 ligna
3472 1596 3789 1666 conjuncta

2129 1684 2288 1744 sunt,
2366 1684 2747 1748 servaturque
2778 1680 2970 1734 crucis
3004 1681 3214 1751 ﬁgura,
3249 1687 3402 1736 recte
3435 1689 3492 1737 et
3522 1689 3793 1740 accurate

2129 1784 2358 1823 crucem
2395 1769 2572 1822 adoro
2609 1786 2621 1822 :
2655 1768 2860 1823 divisis
2895 1774 3090 1823 autem
3144 1769 3324 1842 lignis
3373 1778 3549 1842 atque
3596 1773 3791 1829 ablato

2130 1872 2232 1927 per
2253 1856 2600 1910 divisionem
2623 1861 2780 1927 typo,
2801 1856 2958 1928 ligna
2979 1865 3251 1929 separata
3279 1875 3388 1914 non
3416 1860 3570 1916 ultra
3592 1863 3791 1918 adoro.

2128 1947 2314 2015 Atque
2334 1945 2411 1999 ita
2431 1945 2495 1998 tit
2520 1951 2582 1998 ut
2606 1953 2842 2016 propter
2863 1946 3161 2001 Christum
3191 1947 3506 2020 imaginem
3532 1951 3789 2021 adorem,

2129 2039 2186 2087 et
2221 2050 2320 2104 per
2349 2034 2564 2088 Christi
2599 2035 2914 2105 imaginem
2949 2035 3141 2106 ipsum
3176 2038 3411 2093 adorem
3465 2039 3783 2096 Christum.

2131 2123 2372 2177 Etiamsi
2396 2123 2549 2177 enim
2579 2124 2749 2177 labiis
2771 2125 2915 2178 meis
2937 2125 3208 2180 Christus
3229 2126 3470 2182 minime
3494 2130 3646 2184 adsit
3664 2146 3792 2185 cor-

2132 2211 2604 2283 poraliter,corde
2638 2216 2829 2268 tamen
2860 2231 2923 2268 ac
2950 2218 3145 2268 mente
3177 2216 3385 2270 adsum
3419 2233 3524 2289 ego
3554 2218 3786 2275 Christo

2057 2339 2104 2404 B
2132 2300 2532 2404 spiritualiter.
2572 2303 2695 2356 Hac
2726 2306 2919 2356 autem
2956 2303 3036 2357 ita
3084 2321 3146 2359 se
3195 2304 3429 2372 habere,
3486 2324 3553 2361 ex
3599 2310 3794 2365 crucis

2138 2391 2400 2462 exemplo
2460 2393 2654 2462 palam
2713 2399 2820 2447 est.
2880 2394 2943 2446 Et
2998 2396 3189 2464 paucis
3247 2396 3547 2465 interiectis
3607 2416 3626 2452 :
3683 2399 3791 2462 Qui

2136 2481 2292 2534 enim
2325 2480 2405 2534 ita
2436 2481 2614 2550 novit,
2643 2497 2825 2535 unum
2855 2497 2982 2536 esse
3015 2483 3226 2537 Filium
3259 2489 3316 2538 et
3346 2484 3599 2557 Patrem,
3633 2489 3792 2542 novit

2135 2569 2334 2633 etiam,
2369 2570 2560 2639 ipsum
2598 2567 2654 2623 in
2693 2570 2854 2625 Patre
2885 2575 2942 2624 et
2971 2571 3199 2626 Patrem
3234 2573 3292 2626 in
3327 2574 3455 2644 ipso
3485 2576 3790 2633 esse.Nam

2139 2658 2267 2713 Filii
2299 2659 2507 2723 deitas,
2539 2658 2730 2713 Patris
2760 2665 2848 2713 est
2877 2659 3122 2732 ipsaque
3156 2662 3214 2716 in
3251 2662 3390 2718 Filio
3421 2668 3532 2735 est,
3585 2670 3643 2720 et
3691 2668 3794 2738 qui

2137 2747 2247 2802 hoc
2292 2747 2570 2819 intelligit
2617 2765 2962 2819 persuasum
3015 2751 3207 2819 habet,
3239 2768 3373 2806 eum
3427 2755 3525 2824 qui
3580 2755 3786 2811 Filium

2135 2838 2311 2904 videt,
2337 2838 2529 2892 videre
2562 2837 2814 2892 Patrem.
2842 2839 2903 2891 In
2935 2837 3077 2894 Filio
3111 2856 3363 2912 namque
3394 2843 3582 2898 Patris
3613 2845 3796 2901 deitas

2140 2927 2518 2997 conspicitur.
2555 2926 2614 2980 Id
2651 2943 2821 2996 porro
2853 2928 3117 2998 exemplo
3151 2929 3320 2999 regiae
3352 2931 3648 3003 imaginis,
3705 2950 3796 2989 ac-

2139 3015 2401 3070 curatius
2467 3014 2658 3085 quivis
2724 3013 3050 3085 intelligere
3099 3019 3312 3087 poterit
3362 3037 3376 3074 :
3428 3021 3484 3074 in
3537 3021 3796 3092 imagine

2145 3105 2384 3176 quippe,
2419 3102 2572 3175 regis
2604 3103 2828 3174 species
2859 3108 2917 3157 et
2950 3104 3137 3160 forma
3166 3112 3377 3174 exstat,
3402 3107 3461 3164 in
3494 3125 3628 3182 rege
3657 3111 3797 3168 item

2139 3193 2382 3264 species,
2415 3209 2542 3263 quae
2574 3198 2664 3247 est
2695 3191 2755 3247 in
2798 3193 3078 3264 imagine,
3132 3194 3400 3251 habetur.
3461 3197 3798 3256 Similitudo

2139 3288 2330 3337 autem
2365 3282 2524 3353 regia
2554 3281 2612 3336 in
2649 3281 2906 3352 imagine
2937 3283 3062 3337 sine
3095 3283 3215 3339 ulla
3247 3286 3644 3358 discrepantia
3673 3294 3792 3358 est;

2137 3371 2217 3426 ita
2249 3375 2313 3426 ut
2345 3372 2446 3442 qui
2475 3371 2628 3426 videt
2657 3370 2996 3443 imaginem,
3031 3373 3089 3426 in
3120 3373 3250 3444 ipsa
3282 3390 3475 3446 regem
3514 3377 3708 3433 videat
3735 3385 3794 3434 et

2140 3465 2440 3533 agnoscat,
2460 3459 2598 3531 quia
2629 3460 2680 3514 is
2713 3460 2839 3530 ipse
2867 3465 2957 3514 est
2983 3461 3159 3531 quiin
3186 3462 3442 3535 imagine
3471 3473 3790 3538 comparet.

2141 3550 2302 3617 Quod
2333 3554 2528 3603 autem
2561 3547 2890 3603 similitudo
2921 3547 3025 3603 illa
3057 3549 3279 3606 nullam
3313 3551 3527 3608 habeat
3576 3555 3796 3613 discre-

2142 3637 2435 3710 pantiam;
2479 3637 2527 3692 si
2560 3637 2692 3708 quis
2723 3642 2849 3707 post
2877 3637 3062 3693 visam
3095 3638 3432 3711 imaginem,
3467 3659 3663 3716 regem
3696 3663 3798 3702 vo-

3359 3746 3373 3784 :
3438 3731 3552 3803 Ego
3601 3740 3658 3790 et
3705 3752 3804 3792 rex

2145 3833 2328 3872 unum
2364 3815 2718 3886 sumus.Ego
2751 3815 2948 3885 itaque
2979 3816 3036 3870 in
3071 3815 3169 3872 illo
3207 3824 3428 3886 sum,et
3452 3820 3549 3876 ille
3580 3822 3638 3877 in
3673 3840 3803 3881 me:

2141 3912 2197 3961 et
2226 3905 2381 3977 quod
2415 3905 2470 3958 in
2503 3919 2614 3969 me,
2646 3903 2704 3957 id
2734 3903 2790 3957 in
2819 3902 2919 3959 illo
2952 3921 3184 3976 quoque
3214 3906 3400 3974 vides,
3433 3915 3490 3962 et
3537 3914 3687 3979 quod
3739 3914 3800 3968 in

2139 3995 2262 4064 illo,
2312 3994 2371 4049 id
2421 3994 2481 4048 in
2531 4009 2624 4047 me
2654 3993 2836 4048 vides.
2870 3993 2975 4056 Qui
3009 3995 3191 4064 igitur
3219 3996 3537 4069 imaginem
3570 4001 3799 4071 adorat,

369 4084 554 4158 ἐσμεν·
609 4083 717 4159 ἐγὼ
758 4088 886 4158 γοῦν
939 4083 989 4137 ἐν
1041 4082 1227 4155 ἐκείνῳ
1279 4081 1393 4155 εἰμί
1427 4131 1440 4155 ,
1493 4083 1739 4144 κάκεῖνος
1787 4081 1837 4137 ἐν
1884 4084 2026 4156 ἐμοί·

2141 4084 2200 4138 in
2233 4083 2336 4138 illa
2365 4097 2561 4153 regem
2595 4082 2798 4136 adorat
2831 4097 2844 4135 :
2879 4083 3007 4152 ejus
3040 4083 3195 4137 enim
3229 4084 3416 4141 forma
3446 4092 3622 4158 atque
3662 4107 3800 4162 spe-

367 4174 460 4227 καὶ
493 4175 523 4227 ὃ
573 4171 793 4248 βλέπεις
841 4173 892 4227 ἐν
937 4171 1084 4246 ἐμοὶ,
1131 4177 1292 4226 τοῦτο
1347 4170 1566 4247 βλέπεις
1618 4171 1669 4226 ἐν
1704 4171 1908 4245 ἐκείνῳ,
1939 4173 2028 4228 καὶ

2141 4175 2258 4228 cies
2289 4177 2380 4226 est
2409 4171 2623 4242 imago.

371 4263 400 4316 6
435 4261 672 4337 ἑώρακας
705 4262 757 4317 ἐν
790 4261 993 4335 ἐκείνῳ,
1024 4267 1184 4318 τοῦτο
1217 4261 1348 4336 ὁρᾷς
1380 4261 1430 4316 ἐν
1466 4260 1612 4334 ἐμοί.
1639 4263 1698 4320 Ὁ
1727 4266 1854 4339 γοῦν
1883 4266 2199 4340 προσκυνῶν
2225 4261 2324 4330 τήν
2359 4258 2540 4314 εἰκόνα
2571 4257 2623 4312 ἐν
2671 4257 2808 4330 αὐτῇ
2857 4265 3146 4332 προσκυνεῖ
3191 4260 3282 4315 τὸν
3329 4263 3574 4337 βασιλέα·
3607 4269 3642 4338 ἡ
3693 4271 3798 4348 γὰρ

371 4358 581 4417 ἐκείνου
616 4363 800 4438 μορφὴ
833 4361 922 4416 καὶ
951 4361 1013 4416 τὸ
1045 4359 1187 4424 εἶδός
1218 4360 1358 4416 ἐστιν
1390 4363 1424 4431 ἡ
1460 4361 1641 4417 εἰκών.

1975 4500 2217 4509 ..-.-ι-

2237 4500 2515 4509 _._——__--.__.
2553 4498 2762 4507 ..οι-ορ..-

900 4599 970 4656 ΙΝ
1014 4598 1429 4665 SEQUENTES
1469 4599 1936 4664 QUIESTIONES
1977 4599 2049 4653 IN
2089 4597 2552 4654 SCRIPTURAM
2593 4595 2882 4652 SACRAM
2926 4595 3286 4654 MONITUM.

449 4712 617 4769 Libet
668 4713 757 4770 hic
804 4714 1004 4786 a/Terre
1058 4729 1182 4785 quae
1234 4714 1632 4770 Felckmannus
1679 4716 1740 4769 in
1795 4716 1952 4771 hasce
1983 4715 2320 4783 Quaestiones
2350 4715 2651 4768 annotavit.
2688 4712 2777 4766 Ait
2807 4713 2906 4766 ille
2931 4712 2990 4766 in
3019 4714 3194 4768 variis
3224 4715 3566 4788 lectionibus,
3598 4735 3647 4789 p.
3684 4721 3753 4775 90
3786 4739 3800 4778 :

378 4803 795 4874 Subjiciuntur
827 4803 950 4858 haec
979 4803 1321 4858 immediate
1346 4804 1778 4867 Quaestionibus
1813 4806 1881 4859 ad
1916 4803 2267 4859 Antiochum
2316 4804 2372 4857 in
2418 4802 2682 4858 Palatino
2731 4801 2948 4867 codice,
2999 4818 3175 4873 quem
3225 4821 3380 4860 nunc
3427 4807 3475 4861 II
3527 4808 3802 4878 dicimus,

371 4894 601 4966 absque
651 4895 908 4950 auctoris
959 4894 1214 4950 nomine.
1267 4894 1429 4950 Unda
1481 4894 1695 4949 factum
1747 4899 1837 4949 est
1870 4900 1932 4949 ut
1961 4895 2032 4950 ab
2062 4894 2380 4966 interprete
2409 4893 2583 4948 veteri
2619 4892 3049 4956 Quaestionibus
3071 4893 3483 4967 jungerentur.
3517 4900 3799 4958 Caeterum

374 4984 560 5039 codex
591 4983 924 5040 nonnullibi
955 4989 1014 5040 et
1042 4985 1360 5039 lacunosus
1391 4988 1450 5039 et
1479 5000 1592 5039 nou
1627 4984 1772 5039 sotis
1802 4984 2152 5039 emendatus
2184 4988 2274 5038 est
2304 4999 2316 5036 :
2352 4999 2529 5053 quare
2562 4983 2651 5037 cui
2682 4982 2890 5037 melior
2927 4982 3218 5053 obtigerit,
3270 5001 3398 5056 quae
3448 4985 3806 5046 videbuntur

372 5071 650 5143 supplere
701 5079 802 5128 aut
853 5075 1165 5129 emendare
1206 5073 1439 5144 poterit.
1465 5075 1603 5128 Hinc
1637 5073 1810 5142 liquet
1840 5077 1998 5127 hasce
2026 5074 2388 5141 Quwstiones,
2421 5073 2630 5126 nedum
2661 5071 2951 5125 Athanasii
2980 5073 3110 5134 sint,
3141 5088 3240 5127 nec
3269 5075 3557 5129 Athanasii
3583 5080 3804 5147 quidem

370 5176 574 5216 nomen
604 5163 878 5232 praeferre
907 5163 967 5216 in
997 5163 1286 5217 codicibus.
1313 5163 1378 5217 Et
1411 5177 1536 5216 vero
1583 5163 1862 5217 tricesima
1907 5165 2067 5216 sexta
2111 5176 2309 5216 nomen
2361 5165 2587 5230 prae/ert
2639 5160 3027 5231 (Ihrysostomi,
3078 5162 3355 5216 tricesima
3401 5178 3526 5218 vero
3572 5169 3804 5238 septima

369 5248 621 5320 Cyritti;
672 5253 935 5306 vicesima
979 5256 1166 5306 octava
1211 5261 1291 5307 est
1346 5251 1687 5316 Theodoreti,
1720 5254 1888 5306 tacito
1944 5257 2133 5306 tamen
2166 5251 2283 5321 ejus
2313 5255 2538 5304 nomine
2593 5249 2921 5316 Quwstiones
2952 5265 3076 5302 vero
3107 5249 3161 5301 in
3191 5250 3644 5308 Pentateuchum
3678 5271 3805 5327 quae

370 5340 658 5410 incipiunt
687 5356 721 5394 a
750 5341 818 5393 47
848 5357 1052 5410 magna
1081 5356 1152 5395 ea:
1179 5350 1334 5412 parte
1361 5349 1487 5395 sunt
1513 5339 1842 5407 Theodoreti,
1871 5343 1932 5394 ut
1957 5341 2071 5394 suis
2104 5341 2237 5395 locis
2267 5342 2620 5393 annotamus.
2655 5339 2796 5392 Hinc
2822 5353 2946 5392 vero
2974 5339 3324 5408 perspicuum
3365 5348 3446 5393 est
3492 5356 3562 5395 ea:
3607 5347 3803 5401 multis

371 5427 700 5483 auctoribus
745 5434 1040 5501 excerptas
1087 5434 1138 5485 et
1177 5431 1237 5485 in
1287 5446 1462 5484 unum
1508 5433 1717 5486 coactas
1764 5445 1877 5484 esse
1907 5431 2006 5484 has
2037 5429 2390 5498 Quaestiones.
2425 5428 2595 5498 Atque
2623 5444 2696 5482 ea:
2725 5428 2795 5482 iis
2824 5442 2945 5496 qua:
2974 5427 3040 5481 de
3070 5427 3298 5482 Francis
3327 5429 3582 5499 leguntur
3611 5444 3800 5503 quaest.

367 5516 464 5582 76,
497 5515 755 5572 videntur
783 5517 846 5572 in
873 5534 1052 5574 unum
1080 5533 1276 5590 corpus
1303 5517 1562 5590 redactae,
1591 5525 1708 5590 post
1737 5517 2111 5589 expeditiones
2140 5519 2475 5571 Francorum
2505 5517 2567 5571 iu
2599 5515 2890 5571 Orientem.
2921 5515 3046 5571 Nisi
3074 5515 3214 5586 forte
3240 5515 3576 5575 Francorum
3601 5537 3803 5580 nomen

367 5605 459 5662 ibi
487 5606 841 5678 adjectitium
868 5609 963 5663 sit.
