4132 6370
363 403 478 463 7H

1537 392 1603 457 S.
1649 384 2177 458 ATHANASIUS.
2206 421 2284 437 --
2313 384 2623 455 SPURIA.

3680 385 3796 455 ἨΞ

1545 556 1681 614 ΤΟΥ
1717 556 1805 611 ΕΝ
1846 551 2079 610 ΛΓΙΟΙΣ
2121 551 2395 609 ΙΙΔΤΡΟΣ
2438 552 2635 608 ΗΜΩΝ

1716 702 2449 800 ΑΘΑΝΑΣΙΟΥ

986 876 1237 927 ΡΗΣΕΙΣ
1280 875 1394 925 ΚΑΙ
1437 866 1819 926 EPMHNEIAI
1858 865 2281 922 ΠΑΡΑΒΟΛΩΝ
2318 863 2451 921 ΤΟΥ
2487 866 2688 920 ΑΥΙΟΥ
2726 864 3167 922 ΕΥΑΓΓΕᾹΙΟΥ.

1506 1123 1597 1217 S.
1652 1122 1750 1216 P.
1813 1120 1925 1214 N.
1989 1117 2670 1213 ATHANASII

1101 1295 1286 1351 DICTA
1330 1296 1415 1351 ET
1445 1288 2100 1350 INTERPRETATIONES
2137 1288 2639 1346 PARABOLARUM
2676 1287 3057 1345 EVANGELII.

433 1563 686 1628 Quaastio
719 1562 762 1619 Ι.
793 1585 820 1613 α
857 1563 936 1617 Ite
965 1562 1025 1617 in
1061 1561 1399 1633 oppositum
1426 1559 1643 1625 vicum,
1675 1560 1734 1612 et
1766 1553 2018 1611 invenic-
2048 1557 2105 1623 Α

359 1655 439 1710 tis
472 1654 766 1709 hominem
800 1651 1069 1723 lagenam
1103 1666 1269 1722 aquae
1301 1647 1670 1719 hajulantem
1702 1647 1742 1702 ³.
1782 1669 1802 1694 ιι

431 1743 707 1807 Quaenam
748 1741 954 1796 civitas
986 1742 1103 1795 est?
1126 1737 1401 1793 Ecclesia.
1424 1741 1559 1804 Quae
1591 1752 1755 1807 aquae
1790 1732 2022 1807 lagena?

2204 1551 2506 1624 Ἐρώτησις
2538 1553 2603 1607 α’.
2633 1575 2660 1602 ‹‹
2691 1550 2992 1615 Ἀπέλθατε
3041 1550 3115 1614 εἷς
3141 1553 3241 1621 τὴν
3275 1551 3525 1609 ἀπέναντι
3565 1554 3785 1628 κώμην,

2128 1640 2217 1695 καὶ
2250 1640 2504 1717 εὑρήσετε
2534 1639 2817 1715 ἄνθρωπον
2852 1640 3108 1717 κεράμιον
3136 1639 3332 1704 ὕδατος
3367 1642 3719 1717 βαστάζοντα.
3757 1669 3785 1696 υ

2202 1730 2300 1792 Τίς
2332 1732 2367 1799 ἡ
2400 1728 2564 1792 πόλις
2599 1750 2612 1799 ;
2648 1721 2965 1801 Ἐκκλησία.
3008 1731 3069 1785 Τί
3116 1731 3179 1786 τὸ
3225 1732 3485 1808 κεράμιον
3534 1737 3633 1788 τοῦ
3662 1730 3786 1789 ὕδα-

359 1832 640 1888 Sanctum
698 1830 1010 1901 baptisma.
1061 1829 1204 1892 Quis
1255 1826 1353 1881 ille
1403 1825 1620 1881 homo?
1669 1825 1992 1880 Praecursor

2134 1839 2261 1889 :04;
2296 1820 2367 1874 T6
2408 1820 2558 1895 ἅγιον
2614 1819 2914 1893 βάπτἰσμα.
2962 1819 3050 1882 Τίς
3085 1820 3113 1874 6
3163 1818 3445 1894 ἄνθρωπος
3480 1839 3495 1891 ;
3528 1822 3590 1879 '0
3642 1822 3782 1900 Πρό-

356 1921 520 1985 Quod
554 1917 964 1974 coanaculum?
996 1917 1263 1988 Regnum
1298 1914 1602 1971 caelorum.

427 2008 492 2072 Ο.
521 2009 591 2063 ιι.
618 2029 645 2057 ‹‹
676 2005 881 2062 Simile
901 2010 993 2061 est
1025 2021 1272 2075 regnum
1304 2002 1587 2060 caelorum
1623 2000 1845 2057 homini
1870 2000 2016 2072 regi,

355 2098 456 2170 qui
488 2098 675 2153 voluit
704 2096 994 2153 rationem
1032 2111 1245 2167 ponere
1275 2110 1409 2149 cum
1441 2093 1625 2149 servis
1656 2092 1781 2148 suis
1806 2092 1869 2146 ίο.
1905 2113 1934 2141 ››

422 2276 566 2341 Quis
612 2279 703 2332 est
751 2274 850 2331 ille
899 2274 1045 2330 rex?
1099 2274 1272 2329 Deus.
1323 2270 1469 2335 Quis
1526 2270 1755 2326 debitor
1810 2269 2013 2324 decem

350 2364 513 2421 mille
568 2363 978 2421 talentorum?
1047 2364 1251 2427 Homo,
1318 2360 1422 2431 qui
1490 2358 1694 2414 multis
1758 2357 2012 2429 peccatis

346 2453 872 2520 obnoxius,divinze
888 2457 1088 2507 tamen
1108 2455 1197 2507 est
1210 2448 1680 2521 longanimitatis
1697 2447 2008 2519 particeps.

347 2543 489 2606 Quis
520 2547 757 2597 centum
787 2540 1158 2597 denariorum
1188 2538 1457 2594 debitor?
1482 2536 1767 2593 Subditus
1804 2552 2010 2592 servus

347 2632 500 2702 ejus,
533 2630 636 2703 qui
662 2631 1016 2686 talentorum
1051 2630 1248 2685 decem
1282 2628 1531 2683 debebat
1562 2625 1768 2692 millia,
1801 2625 1902 2697 qui
1953 2630 2011 2680 et

346 2718 474 2791 ipse
507 2720 744 2791 quidem
771 2719 872 2774 Dei
897 2719 1405 2789 longanimitatem
1430 2719 1727 2787 expertus,
1752 2713 2009 2770 crudelis

346 2812 546 2864 tamen
579 2824 646 2864 ac
678 2808 865 2862 durus
893 2822 1033 2878 erga
1064 2819 1410 2860 conservum
1443 2820 1616 2858 suum
1650 2802 1811 2857 visus
1840 2807 1948 2856 est.

423 2899 557 2951 Ama
587 2912 884 2952 ransom
916 2894 1010 2950 III.
1046 2916 1075 2945 ‹‹
1112 2896 1292 2949 Homo
1332 2892 1576 2964 quidam
1625 2892 1773 2946 duos
1822 2891 2001 2946 habs-

345 2984 447 3041 bat
473 2986 670 3047 iﬁlios,
720 2989 777 3039 ct
830 2984 932 3039 uni
980 2984 1124 3038 dixit
1159 3001 1171 3037 :
1206 2983 1363 3037 Vade
1399 2982 1460 3036 in
1492 2979 1740 3035 vineam.
1774 2979 1879 3044 Qui
1915 2994 2001 3034 re-

344 3074 585 3147 spondit
615 3091 630 3129 :
664 3074 787 3129 Non
820 3073 935 3143 ibo,
960 3077 1017 3128 et
1037 3072 1199 3127 abiit.
1226 3072 1296 3125 Et
1325 3070 1611 3125 accedens
1640 3068 1713 3123 ad
1747 3066 1999 3122 alterum

343 3162 491 3217 dixit
550 3161 865 3227 similiter;
933 3161 1034 3232 qui
1116 3159 1481 3230 respondit:
1532 3157 1696 3212 Vado
1762 3160 1818 3211 et
1883 3173 1998 3211 non

344 3250 491 3306 abiit
522 3253 589 3304 “.
623 3271 653 3303 »

415 3339 558 3405 Quis
589 3337 687 3394 ille
717 3337 934 3393 homo?
965 3336 1139 3392 Deus.
1172 3334 1315 3400 Quis
1342 3334 1462 3405 ille,
1512 3334 1610 3407 qui
1657 3333 1822 3401 dixit,
1874 3334 1996 3403 Ibo,

339 3432 398 3483 et
425 3444 541 3483 non
573 3426 755 3483 abiit?
786 3426 993 3482 Judaei.
1025 3425 1165 3491 Quis
1196 3425 1292 3480 ille
1322 3425 1423 3496 qui
1455 3424 1619 3490 dixit,
1643 3423 1767 3478 Non
1799 3424 1915 3489 ibo,
1941 3428 1998 3477 et

337 3520 535 3571 tamen
568 3513 754 3572 abiit?
786 3514 1064 3587 Papulus,
1099 3513 1199 3585 qui
1230 3523 1318 3569 est
1349 3528 1418 3567 ex
1448 3512 1741 3582 gentibus.

409 3606 549 3659 Am
582 3620 876 3659 massam
910 3601 1001 3657 IV.
1044 3625 1072 3654 «
1122 3603 1390 3658 Hominis
1435 3601 1745 3669 cujusdam
1798 3600 1994 3656 divitis

337 3708 476 3765 ager
507 3693 715 3748 uberes
749 3692 977 3748 fructus
1006 3691 1143 3746 tulit
1163 3690 1409 3755 “mQuis
1439 3689 1537 3745 ille
1568 3688 1990 3758 homO?Judas,

334 3789 394 3837 et
426 3781 528 3854 qui
558 3782 712 3836 sicut
740 3782 867 3853 ipse
897 3781 1057 3837 avari
1088 3786 1228 3836 sunt
1255 3784 1313 3835 et
1341 3783 1607 3834 amantes
1638 3779 1916 3851 pecuniae.

404 3875 550 3925 ALIA
577 3870 645 3924 V.
680 3893 708 3921 (ι
746 3870 830 3925 Ite
861 3871 920 3926 in
952 3869 1143 3925 vicum
1176 3868 1275 3940 qui
1310 3873 1514 3923 contra
1541 3884 1643 3922 vos
1674 3871 1780 3933 est,
1813 3870 1871 3921 et
1900 3867 1988 3921 in-

329 3959 568 4015 vinietis
598 3959 827 4015 asinam
860 3958 1160 4031 alligatam
1194 3961 1252 4012 et
1280 3956 1504 4028 pullum
1539 3956 1598 4011 ¹³.
1624 3955 1773 4020 nQui
1797 3954 1989 4011 vicus?

329 4049 609 4113 Mundus;
632 4048 798 4104 asina
829 4064 982 4116 vero,
1007 4046 1216 4113 Judaei;
1244 4046 1460 4119 pullus,
1485 4045 1822 4101 Christiani.
1848 4045 1990 4110 Quis

328 4136 574 4207 ligavit?
605 4137 861 4193 Mosaica
891 4136 1003 4192 lex.
1031 4136 1173 4200 Quis
1203 4135 1419 4192 solvit?
1450 4134 1739 4191 Christus.
1780 4134 1987 4189 Pullus

328 4225 486 4281 enim
517 4230 607 4282 est
636 4227 812 4282 bruta
839 4226 1209 4283 ethnicorum
1241 4224 1724 4280 irrationabilitas
1745 4229 1804 4280 et
1825 4224 1987 4295 igno-

330 4317 542 4374 rantis.

398 4410 538 4462 Anu.
568 4406 661 4463 IV.
699 4428 721 4457 α
758 4411 840 4462 Ite
869 4406 930 4462 in
960 4405 1157 4462 vicum
1189 4403 1290 4478 qui
1323 4409 1531 4460 contra
1591 4420 1693 4458 vos
1757 4406 1848 4458 est
1911 4402 1985 4456 ad

323 4497 666 4568 quemdam,
721 4503 781 4552 et
810 4497 985 4552 dicite
1015 4495 1064 4550 ei
1123 4512 1136 4551 :
1191 4495 1473 4565 Magister
1519 4493 1682 4559 dicit,
1726 4491 1896 4563 Apud
1934 4495 1987 4547 te

325 4585 475 4640 facio
524 4585 747 4641 Pascha
797 4600 932 4640 cum
983 4583 1293 4655 discipulis
1341 4583 1489 4637 meis
1541 4583 1609 4635 η.
1646 4602 1674 4631 ››
1706 4582 1841 4645 Quae
1872 4580 1988 4635 ista

323 4673 576 4729 civitas?
609 4675 900 4729 Infernus.
922 4673 1064 4739 Quis
1096 4672 1192 4728 ille
1222 4672 1459 4742 quidam
1480 4670 1508 4724 ?
1537 4669 1741 4725 Adam.
1762 4671 1807 4723 A
1839 4684 1990 4723 mor-

325 4761 448 4818 tuis
474 4761 633 4818 enim
664 4763 860 4834 ipsum
894 4761 1256 4817 excitaturus
1285 4764 1433 4816 erat.

397 4851 545 4906 ALu
571 4867 789 4915 numer.
821 4850 943 4907 VII.
980 4873 1001 4901 ι
1036 4850 1169 4906 Jam
1210 4865 1344 4905 vero
1394 4853 1453 4905 et
1500 4846 1725 4904 securis
1773 4847 1845 4901 ad
1894 4862 1985 4902 ar-

322 4941 534 4997 borum
565 4940 821 4996 radicem
854 4943 944 4996 est
977 4939 1166 5010 posita
1197 4939 1258 4995 ¹⁶.
1294 4961 1323 4988 ››

395 5030 569 5086 Resp.
601 5029 786 5085 Radix
815 5034 905 5085 est
933 5029 1079 5084 ﬁdes
1131 5044 1144 5084 :
1194 5029 1389 5094 arbor,
1442 5026 1618 5082 homo
1670 5041 1684 5080 :

319 5119 457 5176 ﬁnis
490 5117 774 5174 hominis.

392 5214 535 5264 ALIA
565 5206 714 5263 VIII.
749 5230 776 5257 «
811 5206 993 5263 Homo
1021 5205 1257 5275 quidam
1291 5206 1532 5260 domum
1580 5220 1748 5259 suam
1802 5204 1981 5258 aedili-

322 5298 469 5354 cavit
516 5313 696 5368 supra
743 5302 968 5367 petram
1020 5295 1087 5350 ίθ.
1118 5317 1143 5344 ››
1174 5293 1317 5358 Quis
1350 5293 1445 5349 ille
1476 5293 1652 5349 homo
1673 5291 1701 5348 ?
1730 5292 1981 5349 Sanctus

321 5390 550 5455 Petrus;
583 5390 766 5457 petra,
788 5383 1077 5451 Christus;
1111 5384 1346 5449 domus,
1371 5383 1545 5450 ﬁdes;
1580 5385 1812 5450 ventus,
1855 5383 1980 5439 dia-

1737 5025 1980 5095 securis,

2129 1905 2354 1983 δρομος.
2386 1908 2452 1965 Τί
2480 1910 2543 1964 τὸ
2573 1908 2813 1983 ἀνώγεον
2844 1927 2858 1977 ;
2889 1914 2949 1964 'H
2985 1907 3236 1985 βασιλεία
3265 1913 3373 1965 τῶν
3408 1910 3672 1986 οὐρανῶν.

2200 1996 2394 2071 Ἐρώτ,
2534 1998 2869 2070 «Ὡμοιώθη
2903 2000 2937 2067 ἡ
2976 1997 3227 2074 βασιλεία
3252 2003 3361 2054 τῶν
3396 1998 3639 2075 οὐρανῶν
3685 2000 3782 2056 ἆν-

2125 2085 2330 2160 θρώπῳ
2379 2085 2615 2163 βασιλεῖ,
2666 2086 2812 2148 ὅστις
2858 2086 3100 2159 ἠθέλησε
3156 2094 3379 2164 συνᾶραι
3430 2087 3593 2166 λόγον
3648 2091 3785 2164 μετὰ

2122 2179 2231 2231 τῶν
2264 2173 2477 2231 δούλων
2501 2175 2687 2233 αὐτοῦ.
2726 2201 2748 2229 ι

2194 2263 2285 2327 Τίς
2315 2266 2343 2320 6
2381 2263 2637 2339 βασιλεύς
2672 2286 2684 2334 ;
2719 2266 2774 2318 '0
2805 2264 2957 2327 Θεός.
3004 2265 3097 2328 Τίς
3127 2267 3155 2321 6
3187 2266 3476 2345 ὀφειλέτης
3530 2273 3638 2325 τῶν
3676 2292 3782 2344 μυ-

2126 2354 2254 2429 ρίων
2313 2353 2593 2409 ταλάντων
2630 2374 2643 2424 ;
2677 2356 2738 2412 Ὁ
2791 2354 3074 2432 ἄνθρωπος
3106 2356 3135 2411 6
3192 2356 3245 2411 ἐν
3303 2356 3547 2421 πολλαῖς
3605 2361 3781 2435 ἀμαρ-

2121 2443 2261 2507 τίαις
2291 2446 2391 2513 τῆς
2420 2449 2517 2499 τοῦ
2566 2448 2699 2500 Θεοῦ
2752 2444 3132 2519 μακροθυμίας
3177 2440 3499 2506 ἀπολαϐών.
3532 2447 3623 2511 Τίς
3656 2451 3685 2505 6
3714 2450 3782 2505 τὰ

2121 2533 2308 2589 ἑκατὸν
2345 2531 2575 2609 δηνάρια
2606 2537 2783 2605 (8Ο⁶);
2818 2535 2877 2592 Ὀ
2904 2534 3222 2611 ὑποχείριος
3241 2540 3338 2590 τοῦ
3369 2542 3779 2612 χρεωστοῦντος

2116 2624 2185 2678 τὰ
2219 2622 2384 2699 μυρία
2410 2620 2667 2678 τάλαντα·
2702 2622 2790 2678 καὶ
2822 2622 2982 2685 αὐτὸς
3036 2625 3130 2697 μὲν
3159 2620 3320 2701 ἔτυχε
3374 2627 3775 2702 μακροθυμίας,

2119 2711 2275 2775 οὗτος
2309 2710 2366 2768 δὲ
2397 2713 2564 2790 ἐφάνη
2599 2712 2754 2785 ὠμὸς
2773 2713 2862 2767 καὶ
2897 2711 3136 2787 σκληρὸς
3167 2714 3303 2790 πρὸς
3334 2714 3431 2769 τὸν
3463 2715 3770 2789 ὁμόδουλον

2115 2823 2299 2859 αυτου.

2185 2890 2374 2967 Ἑτέρα
2416 2886 2707 2967 παραϐολὴ
2758 2898 2824 2965 γ’.
2879 2916 2909 2944 ‹‹
2971 2892 3299 2965 ’Ἄνθρωπός
3354 2914 3439 2955 τις
3495 2894 3609 2969 εἶχε
3665 2890 3762 2948 δύο

2109 2980 2289 3052 τέκνα,
2338 2980 2425 3035 καί
2485 2980 2601 3035 εἶπε
2646 2984 2725 3051 τῷ
2774 2978 2874 3037 ἑνί.
2909 2980 3147 3037 ’Ἀπελθε
3200 2981 3276 3044 εἰς
3304 2981 3394 3037 τὸν
3439 2980 3757 3054 ἀμπελῶνα·

2109 3069 2200 3125 καὶ
2232 3070 2349 3124 εἶπε
2395 3069 2483 3125 καὶ
2526 3074 2608 3141 τῷ
2657 3067 2842 3145 ἑτέρῳ·
2889 3070 2978 3124 καὶ
3028 3071 3191 3125 εἶπεν·
3244 3070 3477 3144 Ὑπάγω,
3526 3070 3617 3125 καὶ
3663 3070 3766 3127 οὐκ

2108 3156 2378 3230 ἀπῆλθεν.
2415 3182 2442 3209 ››

2180 3248 2274 3309 Τίς
2327 3249 2355 3302 6
2410 3245 2738 3323 ἅνθρωπος;
2798 3248 2855 3301 '0
2901 3244 3053 3308 Θεός.
3099 3247 3189 3310 Τίς
3259 3249 3287 3302 6
3363 3248 3552 3319 εἰπὼν,
3601 3249 3771 3304 Ὑπά-

2104 3358 2206 3412 γω,
2237 3335 2327 3391 καὶ
2380 3336 2480 3391 οὐκ
2535 3335 2828 3405 ἀπῆλθεν;
2887 3337 2941 3390 οἱ
3012 3333 3287 3392 Ἰουδαῖοι.
3349 3336 3439 3399 Τίς
3491 3338 3519 3392 6
3576 3336 3766 3407 εἰπὼν,

2106 3427 2203 3488 Τίς
2261 3427 2289 3482 6
2348 3425 2536 3494 εἰπὼν,
2590 3425 2715 3501 Οὐχ
2772 3424 2988 3502 ὑπάγω,
3045 3424 3135 3481 καὶ
3216 3424 3460 3491 ἀπῆλθεν
3523 3444 3537 3496 ;
3595 3427 3656 3483 Ὁ
3715 3426 3768 3499 ἐξ

2106 3511 2274 3577 ἐθνῶν
2305 3508 2456 3574 λαὸς.

2179 3600 2365 3672 ’Ἄλλη
2401 3596 2603 3677 παραό.
2638 3599 2680 3656 δ’
2687 3646 2698 3659 .
2733 3627 2761 3654 ‹‹
2816 3603 3134 3677 Ἀνθρώπου
3182 3604 3330 3665 τινὸς
3376 3601 3645 3658 πλουσίου
3675 3602 3762 3658 εὖο

2104 3690 2339 3767 φόρησεν
2370 3694 2404 3761 ἡ
2456 3690 2633 3765 χώρα.
2666 3712 2693 3743 ι
2728 3694 2821 3755 Τίς
2870 3693 2899 3747 6
2952 3692 3237 3768 ἅνθρωπος
3272 3712 3286 3761 ;
3318 3692 3380 3749 Ὁ
3413 3690 3642 3765 Ἰούδας,
3670 3694 3761 3748 καὶ

2103 3781 2155 3834 οἱ
2184 3782 2300 3835 κατ’
2333 3779 2489 3836 αὐτὸν
2521 3780 2844 3837 πλεονέκται
2874 3782 2963 3837 καὶ
2997 3780 3343 3859 φιλάργυροι.

2171 3870 2357 3946 Ἑτέρα
2401 3872 2437 3925 ε’
2465 3915 2476 3927 .
2520 3894 2549 3923 ‹‹
2607 3869 2903 3927 Ἀπέλθατε
2944 3870 3020 3933 εἰς
3069 3871 3169 3940 τὴν
3229 3871 3479 3926 ἀπέναντι
3534 3870 3757 3943 κώμην,

2097 3960 2187 4014 καὶ
2248 3959 2501 4034 εὑρήσετε
2558 3956 2681 4015 ὄνον
2742 3960 2832 4015 καὶ
2893 3958 3080 4015 πῶλον
3141 3956 3453 4033 δεδεμένην.
3491 3983 3519 4011 ››
3567 3959 3665 4021 Τίς
3717 3960 3754 4029 ἡ

2097 4050 2260 4123 κώμη
2296 4051 2397 4119 ;Ὁ
2432 4048 2659 4121 κόσμος.
2709 4051 2876 4111 ’Ὀνος
2925 4047 2983 4105 δὲ
3031 4052 3085 4105 οἱ
3144 4047 3424 4105 Ἰουδαῖοι·
3478 4048 3671 4111 πῶλος
3703 4050 3757 4104 ol.

2096 4137 2431 4211 Χριστιανοί.
2465 4139 2522 4191 '0
2554 4135 2722 4208 δήσας
2758 4157 2771 4207 ;
2806 4137 2993 4210 Νόμος
3026 4139 3052 4192 6
3086 4137 3404 4201 Μωσαϊκός.
3438 4138 3500 4195 '0
3543 4136 3709 4201 λύσας
3742 4157 3757 4207 ;

2097 4226 2126 4279 6
2156 4226 2406 4301 Χριστός.
2443 4226 2639 4288 Πῶλος
2687 4227 2790 4303 γάρ
2841 4226 2953 4283 ἐστι
2998 4232 3109 4283 τῶν
3161 4228 3327 4293 ἐθνῶν
3356 4231 3391 4299 ἡ
3423 4226 3622 4305 ἀλογία
3668 4227 3760 4283 καὶ

2018 4298 2062 4367 C
2099 4315 2135 4384 ἠ
2168 4298 2425 4390 ἀγνωσία.

2170 4402 2356 4473 Ἀλλη
2392 4405 2456 4467 ς’.
2509 4428 2537 4457 ‹‹
2600 4403 2897 4469 Ἀπέλθατε
2957 4405 3035 4468 είς
3089 4406 3190 4474 τὴν
3246 4404 3503 4461 ἀπέναντι
3560 4405 3759 4479 κώμην

2099 4492 2234 4567 πρὸς
2263 4492 2354 4546 τὸν
2403 4489 2571 4560 δεῖνα,
2621 4494 2711 4549 καὶ
2761 4490 2948 4550 εἷ’πατε
2996 4494 3164 4567 αὐτῷ·
3197 4496 3254 4549 'O
3304 4493 3639 4557 Διδάσκαλος
3669 4492 3764 4551 λέ-

2098 4600 2200 4656 γει*
2248 4582 2391 4654 Πρὸς
2451 4581 2508 4636 σὲ
2563 4586 2709 4637 ποιῶ
2760 4584 2824 4638 τὸ
2882 4583 3074 4661 Πάσχα
3137 4584 3271 4657 μετὰ
3326 4589 3434 4640 τῶν
3499 4586 3757 4659 μαθητῶν

2103 4689 2227 4741 μου.
2261 4669 2412 4733 »Τίς
2461 4672 2496 4740 ἡ
2545 4669 2708 4734 πόλις
2741 4692 2754 4741 ;
2783 4673 2846 4730 '0
2897 4668 3055 4743 ᾅδης.
3100 4674 3162 4731 Ὁ
3210 4670 3358 4729 διῖια
3390 4693 3402 4744 ;
3438 4674 3501 4731 '0
3551 4671 3753 4747 Ἀδάμ’

2098 4752 2301 4830 ἔμελλε
2328 4758 2433 4833 γὰρ
2464 4759 2664 4836 ἐγεῖραι
2695 4760 2856 4816 αὐτὸν
2891 4760 2951 4816 ἐκ
2978 4765 3207 4836 νεκρῶν,

2169 4846 2354 4921 Ἑτέρα
2399 4845 2558 4922 ἐρώτ.
2613 4850 2653 4918 ζ’
2663 4892 2675 4905 .
2715 4873 2734 4900 ι
2789 4846 2931 4920 Ἤδη
2985 4846 3044 4904 δὶ
3081 4850 3173 4904 καὶ
3205 4851 3240 4920 ἠ
3291 4849 3442 4921 ἀξίνη
3487 4849 3626 4926 πρὸς
3655 4852 3756 4920 τήν

2098 4933 2249 5011 ῥίζαν
2281 4939 2389 4989 τῶν
2423 4932 2657 5012 δένδρων
2689 4942 2886 4994 κεῖται.
2922 4961 2951 4989 ››

2167 5024 2360 5079 Ἀπόκ.
2391 5025 2537 5094 Ῥίζοι
2587 5023 2730 5081 ἐστὶν
2760 5027 2794 5096 ἠ
2847 5026 3047 5089 πίστις’
3089 5028 3153 5083 τὸ
3205 5024 3444 5104 δένδρον,
3478 5028 3507 5082 6
3538 5024 3755 5103 ἄνθρω-

2093 5133 2213 5175 πος·
2249 5116 2283 5183 ἡ
2317 5113 2493 5186 ἀξίνη,
2516 5115 2580 5169 τὸ
2608 5119 2707 5170 τοῦ
2739 5116 3030 5190 ἀνθρώπου
3060 5115 3239 5179 τέλος.

2162 5201 2348 5277 Ἑτέρα
2397 5203 2467 5273 η’.
2502 5229 2523 5255 α
2559 5204 2887 5278 ’Ἄνθρωπός
2917 5226 3000 5268 τις
3050 5200 3381 5279 ᾠκοδόμησε
3424 5205 3524 5275 τὴν
3580 5204 3752 5260 οἰκίαν

2091 5290 2256 5347 αὐτοῦ
2306 5290 2394 5345 ἐπὶ
2437 5292 2538 5360 τὴν
2588 5292 2811 5369 πέτραν.
2851 5317 2872 5344 ιι
2906 5293 2996 5356 Τίς
3040 5296 3067 5349 6
3111 5293 3400 5371 ἄνθρωπος
3434 5312 3447 5363 ;
3481 5294 3539 5348 '0
3595 5291 3752 5370 ἅγιος

2091 5381 2314 5458 Πέτρος·
2368 5379 2558 5455 πέτρα,
2617 5384 2645 5436 ὁ
2696 5382 2950 5459 Χριστός·
3003 5383 3168 5453 οἰκία,
3216 5385 3250 5454 ἠ
3301 5383 3503 5447 πίστις’
3550 5380 3753 5458 ἄνεμος

389 5513 412 5548 ⁸
433 5515 607 5584 Marc.
637 5527 718 5579 x1,
748 5515 837 5584 2.,
872 5511 929 5584 7"}
959 5509 1164 5584 Matth.
1196 5526 1357 5584 xvm,
1389 5509 1519 5584 23._
1560 5507 1997 5584 “_Matth._xm,
2026 5511 2119 5583 28,
2144 5509 2237 5566 29.
2315 5509 2363 5546 ¹³
2394 5509 2533 5568 Luc.
2557 5527 2658 5584 xu,
2694 5513 2781 5570 16.
2862 5513 2905 5548 ¹⁸
2925 5511 3131 5572 Matth.
3156 5529 3274 5583 xxi,
3294 5512 3386 5569 20.
3466 5514 3513 5549 “
3540 5512 3748 5571 Matth.

320 5600 474 5655 xxvr,
508 5583 595 5650 18,
629 5584 715 5639 19.
794 5582 841 5620 η
870 5583 1075 5641 Matth.
1107 5598 1195 5653 ιιι,
1227 5582 1315 5636 10.
1341 5580 1349 5583 ⁷
1395 5582 1439 5617 ¹⁶
1466 5580 1672 5637 Matth.
1705 5597 1810 5654 vn,
1841 5582 1932 5638 24.

388 5727 528 5803 (80')
553 5724 645 5787 Τίς
677 5726 705 5780 6
733 5726 800 5779 τὰ
819 5722 1005 5780 ἕκατον
1039 5721 1286 5802 δηνάρια,
1320 5725 1540 5800 Supple
1572 5723 1827 5805 ὀφείλων.
1860 5726 1992 5784 EDI'I

2134 5742 2298 5783 TROL.
