4132 6360
330 400 448 458 713

1606 392 2125 467 QUES'IIONES
2171 394 2248 454 IN
2296 398 2369 455 N.
2416 396 2489 455 Τ.

3627 400 3747 458 7H

332 532 360 585 6
394 522 677 589 διάϐολος.
711 529 771 584 Ὀ
814 524 872 580 δὲ
917 524 1002 580 ἐπὶ
1052 526 1148 594 τὴν
1197 526 1382 599 ἄμμον
1434 524 1801 599 οἰκοδομήσας
1852 526 1981 583 Ἰού-

2118 527 2273 583 )οιυε
2304 535 2410 584 est.
2445 529 2551 593 Qui
2584 545 2714 583 vero
2736 546 2913 601 super
2942 546 3179 585 arenam
3200 530 3526 595 aediﬁcavit,
3559 531 3745 586 Judas

333 616 448 680 δας·
479 615 668 689 ἄμμος
700 616 799 691 γάρ
835 614 975 669 ἐστιν
1074 614 1331 688 ἀκαρπία.

404 705 591 776 Ἀλλη
626 708 690 769 θ’.
732 730 751 756 α
789 704 1069 777 Ὡμοιώθη
1104 706 1137 773 ἡ
1176 704 1423 779 βασιλεία
1468 711 1573 759 τῶν
1623 704 1862 778 ούρανῶν
1896 705 1987 757 ἀν-

334 797 540 871 θρώπῳ
596 793 833 870 βασιλεῖ,
886 792 1033 855 ὅστις
1086 792 1309 864 ἐποίησε
1354 798 1561 870 γάμους
1605 793 1685 866 τῷ
1737 795 1839 865 υἱῷ
1893 792 1987 847 αὖ·

334 890 450 943 τοῦ.
487 910 515 936 ››
547 884 637 945 Τίς
684 885 712 937 6
758 881 1013 958 βασιλεύς
1046 902 1059 951 ;
1094 883 1121 936 6
1172 882 1321 944 Θεός.
1368 884 1463 944 Τίς
1514 884 1540 937 6
1591 883 1705 944 υἱός
1740 901 1753 951 ;
1788 883 1816 937 6
1864 888 1989 954 Χριο

336 974 479 1036 στός.
511 974 668 1034 Τίνες
720 974 773 1027 οἱ
814 970 1147 1043 κεκλημένοι
1181 990 1195 1041 ;
1227 980 1501 1049 προφῆται
1545 972 1633 1026 καὶ
1667 970 1985 1026 ἀπόστολοι.

338 1064 492 1125 Τίνες
544 1064 594 1117 οἱ
654 1063 1051 1132 ἀπαντήσαντες
1086 1080 1098 1129 ;
1134 1062 1184 1114 οἱ
1244 1059 1522 1117 Ἰουδαῖοι.
1576 1061 1721 1123 Τίνες
1781 1061 1834 1113 oi.
1883 1080 1985 1113 πα-

340 1156 691 1231 ραγινόμενοι
728 1171 741 1220 ;
777 1152 827 1205 οἱ
861 1149 910 1223 ἐξ
943 1150 1132 1207 ἐθνῶν.
1164 1150 1251 1212 Τίς
1285 1152 1312 1204 6
1349 1152 1422 1223 μὴ
1458 1148 1602 1225 ἔχων
1651 1147 1851 1222 ἔνδυμα
1887 1150 1989 1224 γά-

345 1265 448 1316 μου
478 1262 492 1311 ;
526 1244 553 1297 ὁ
592 1239 817 1309 Ἰούδας,
869 1240 958 1294 καὶ
1009 1240 1060 1293 οἱ
1117 1241 1231 1294 κατ’
1292 1240 1449 1294 αὐτὸν
1506 1239 1732 1309 ἀναξίως
1786 1238 1990 1308 ἐπιπη-

345 1331 541 1394 δῶντες
573 1332 645 1393 εἰς
674 1332 741 1386 τά
772 1328 920 1405 ἅγια.

416 1420 600 1491 ’Ἄλλη
662 1422 712 1476 ι’.
773 1444 801 1471 ι(
859 1418 1021 1473 Εἶπεν
1078 1419 1106 1472 ὁ
1166 1418 1361 1494 Κύριος
1417 1419 1551 1493 πρὸς
1606 1419 1696 1473 τὸν
1762 1418 1986 1492 Πέτρον·

346 1509 584 1568 ’Ἀπελθε
628 1510 701 1571 εἷς
746 1511 844 1577 τὴν
896 1507 1190 1575 θάλασσαν,
1239 1508 1329 1562 καὶ
1382 1507 1515 1583 βάλε
1563 1507 1868 1583 ἄγκιστρον,
1900 1504 1991 1561 καί

345 1601 437 1654 τὸν
498 1593 761 1654 ἀναϐάντα
816 1602 1027 1671 πρῶτον
1086 1596 1242 1673 ἰχθὺν
1304 1598 1454 1671 ἆρον,
1511 1598 1601 1650 καὶ
1662 1597 1873 1668 ἀνοίξας
1929 1596 1991 1649 τὸ

344 1690 523 1760 στόμα
578 1687 761 1753 αὐτοῦ,
819 1686 1064 1761 εὖρήσεις
1125 1693 1397 1759 στατῆρα.
1460 1687 1664 1740 Τοῦτον
1724 1682 1815 1747 δὸς
1874 1684 1994 1739 ἀντὶ

341 1780 479 1852 ἐμοῦ
536 1780 623 1834 καὶ
683 1783 798 1835 σοῦ.
834 1779 980 1839 »Τίς
1039 1781 1073 1847 ἡ
1133 1777 1420 1845 θάλασσα;
1472 1779 1499 1831 6
1538 1777 1768 1849 κόσμος.
1824 1777 1883 1831 Τί
1930 1778 1993 1831 τὸ

2097 622 2187 672 est
2219 634 2232 684 ;
2266 634 2444 673 arena
2477 618 2771 687 siquidem
2802 624 2893 673 est
2924 618 3225 674 sterilitas.

2167 708 2307 761 ALIA
2338 707 2423 762 IX.
2461 729 2479 754 ι
2515 706 2714 761 Simile
2746 709 2963 762 factum
3021 715 3110 762 est
3154 724 3400 779 regnum
3453 708 3735 763 caelorum

2098 794 2322 849 homini
2354 795 2499 865 regi,
2532 795 2633 865 qui
2692 795 2933 866 nuptias
2965 796 3267 867 apparavit
3299 796 3416 850 ﬁlio
3474 812 3580 851 suo
3616 798 3676 850 Π.
3711 817 3739 846 ››

2099 885 2240 948 Quis
2270 883 2368 939 ille
2398 884 2540 939 rex?
2572 885 2745 939 Deus.
2779 884 2921 947 Quis
2948 884 3149 939 filius?
3178 884 3464 939 Christus.
3498 884 3748 949 Quinam

2098 978 2264 1028 erant
2292 974 2475 1028 vocati
2501 983 2521 1027 ι’
2554 974 2847 1045 prOphetze
2878 978 2934 1028 et
2960 974 3229 1044 apostoli.
3253 973 3500 1038 Quinam
3534 974 3751 1028 abnue-

2099 1062 2286 1117 bant?
2314 1063 2523 1118 Judaei.
2556 1064 2664 1127 Qui
2721 1079 2853 1118 vero
2884 1063 3209 1118 venerunt?
3238 1062 3295 1116 hi
3327 1063 3423 1133 qui
3485 1067 3654 1117 erant
3681 1078 3751 1117 ex

2098 1153 2392 1222 gentibus.
2428 1151 2569 1215 Quis
2618 1168 2732 1206 non
2790 1152 3047 1207 habebat
3095 1151 3413 1222 nuptialem
3475 1148 3748 1206 vestem?

2097 1239 2305 1307 Judas,
2337 1246 2393 1295 et
2423 1240 2544 1311 qui,
2577 1242 3079 1311 quemadmodum
3112 1243 3257 1312 ipse,
3293 1242 3366 1296 ad
3412 1244 3615 1297 sancta
3654 1238 3751 1293 in-

2100 1332 2276 1401 digne
2307 1330 2642 1401 prosiliunt.

2172 1428 2311 1473 Am
2341 1419 2407 1474 X.
2447 1442 2467 1468 α
2501 1419 2652 1474 Dixit
2692 1419 2977 1475 Dominus
3037 1420 3110 1475 ad
3171 1421 3409 1475 Petrum
3445 1435 3457 1475 :
3491 1418 3649 1473 Vade
3679 1416 3753 1472 ad

2101 1514 2346 1577 mare,et
2368 1510 2611 1564 hamum
2644 1510 2881 1581 projice,
2918 1509 3294 1581 primumque
3336 1510 3437 1581 qui
3468 1522 3756 1579 egressus

2102 1598 2278 1653 fuerit
2309 1598 2526 1668 piscem
2558 1602 2720 1669 cape,
2753 1598 2882 1667 ejus
2912 1603 3110 1669 aperto
3144 1616 3261 1665 ore,
3292 1604 3568 1654 stateram
3592 1597 3757 1651 inve-

2104 1686 2252 1756 nies,
2284 1686 2441 1741 hunc
2472 1703 2577 1757 pro
2610 1704 2703 1742 me
2731 1686 2866 1741 dato
2903 1694 2959 1741 et
2991 1704 3093 1758 pro
3126 1692 3181 1742 te
3215 1688 3275 1741 ‘3.
3312 1710 3341 1737 ››
3375 1688 3539 1754 Quod
3596 1700 3759 1740 mare

2103 1775 2247 1830 illud
2306 1774 2433 1831 est?
2465 1775 2763 1843 mundus;
2797 1775 3031 1842 hamus,
3087 1777 3327 1832 verbum
3373 1777 3475 1832 Dei
3506 1802 3519 1843 ;
3554 1772 3757 1847 piscis,

342 1870 673 1945 ἀγκιστρον;
737 1870 764 1922 6
818 1867 986 1942 λόγος
1046 1872 1140 1922 τοῦ
1200 1872 1353 1922 Θεοῦ.
1418 1866 1596 1942 Ἰχθὺς
1656 1868 1682 1921 6
1743 1865 1993 1940 Χριστός.

2118 1866 2374 1921 Jbristus
2403 1882 2415 1931 ;
2445 1870 2794 1931 stater,crux
2821 1864 3079 1933 Domini,
3103 1866 3161 1920 in
3193 1883 3311 1937 qua
3342 1872 3398 1922 et
3421 1866 3547 1936 ipse
3570 1862 3757 1921 cruci-

343 1960 559 2033 Στατὴρ
594 1958 621 2012 6
662 1958 888 2032 σταυρὸς
938 1962 1035 2011 τοῦ
1085 1956 1304 2030 Κυρίου,
1338 1955 1388 2010 ἐν
1422 1957 1467 2027 ᾧ
1499 1954 1700 2027 ἔμελλε
1747 1956 1994 2016 κάκεῖνος

342 2049 743 2123 σταυρωθῆναι,
774 2046 866 2100 καὶ
900 2047 924 2100 6
961 2045 1185 2119 [Ιὲτρος.

412 2134 601 2209 Ἑτέρα
635 2138 719 2190 ια’.
786 2162 809 2189 «
850 2133 1172 2208 ’Ἄνθρωπός
1224 2155 1305 2196 τις
1369 2134 1486 2209 εἶχε
1537 2132 1631 2189 δύο
1684 2132 1856 2205 υἱοὺς,
1906 2131 1996 2187 καὶ

342 2227 487 2280 εἶπεν
520 2226 548 2280 6
579 2223 840 2299 νεώτερος
878 2223 1053 2278 αὐτῶν
1094 2228 1172 2294 τῷ
1221 2223 1403 2296 πατρί·
1445 2224 1636 2296 Πάτερ,
1671 2218 1763 2284 δός
1817 2243 1930 2294 μοι.
1968 2244 1996 2272 ››

341 2315 440 2376 Τίς
472 2316 499 2369 6
530 2312 813 2387 ἄνθρωπος
849 2332 862 2381 ;
898 2314 925 2367 6
958 2314 1105 2373 Θεός.
1141 2313 1208 2369 Οἱ
1252 2310 1347 2366 δύο
1398 2312 1505 2366 υἱοί
1544 2331 1557 2381 ;
1592 2312 1642 2366 οἱ
1676 2308 1875 2366 δίκαιοι
1910 2310 1998 2365 καὶ

340 2404 395 2457 οἱ
427 2400 768 2479 ἁμαρτωλοί.
805 2403 1082 2477 Νεώτερος
1135 2402 1246 2463 υἱὸς
1298 2403 1325 2456 ὁ
1362 2402 1461 2469 τὴν
1512 2402 1739 2475 γνώμην
1773 2396 1998 2455 ἄστατον

342 2488 513 2568 ἔχων.
545 2492 616 2546 Τὸ
648 2486 947 2546 ἐπιϐάλλον
990 2492 1176 2564 μέρος,
1211 2493 1277 2545 τά
1326 2490 1489 2564 λόγια
1518 2494 1613 2543 τοῦ
1662 2494 1796 2544 Θεοῦ
1826 2489 1914 2543 καὶ
1945 2490 1999 2543 αἱ

342 2581 559 2637 ἐντολαὶ
591 2580 777 2635 αὐτοῦ.
1075 2614 1083 2618 -

415 2668 599 2738 ’ᾍλλη
638 2670 726 2745 ιβ’.
774 2694 801 2721 ‹‹
840 2668 1162 2740 Ἀνθρωπος
1208 2689 1291 2729 τις
1341 2667 1560 2742 εύγενῆς
1612 2666 1875 2742 ἐπορεύθη
1927 2665 2001 2727 εἷς

344 2760 534 2836 χώραν
572 2759 803 2833 μακρὰν,
834 2762 929 2811 τοῦ
962 2752 1149 2811 λαϐεῖν
1200 2755 1497 2833 βασιλείαν.
1534 2781 1561 2807 n
1596 2759 1939 2827 "AvOpumoc,
1973 2757 2001 2809 6

345 2850 499 2911 Θεός·
534 2849 695 2924 χώρα
746 2848 984 2923 μακράἡ
1030 2846 1118 2901 ἐπὶ
1160 2855 1261 2922 γῆς
1310 2848 1579 2922 παρουσία
1629 2844 1811 2900 αυτοῦ·
1851 2847 2000 2918 βασι·

347 2938 471 2994 λεία
518 2940 551 3007 ἡ
603 2934 825 3011 δευτέρα
870 2936 1156 3009 παρουσία·
1202 2937 1253 2990 οἱ
1287 2933 1476 2991 δοῦλοι
1531 2936 1581 2989 οἱ
1615 2942 1913 3012 προφῆται,
1950 2934 2003 2987 o't

352 3026 677 3094 ἀπόστολοι,
708 3026 795 3079 καὶ
830 3026 882 3079 οἱ
917 3026 1204 3099 μάρτυρες.
1235 3030 1296 3080 'H
1331 3022 1387 3079 δὲ
1421 3032 1526 3097 μνᾶ
1574 3025 1712 3079 ἐστιν
1746 3026 1780 3093 ἡ
1816 3024 2000 3098 χάρις,

347 3119 410 3187 ἣν
444 3112 634 3173 ἔλαϐεν
664 3112 893 3184 Ἰούδας,
926 3113 1134 3187 ὁμοίως
1167 3115 1255 3169 καὶ
1287 3116 1347 3168 τὸ
1375 3116 1659 3169 τάλαντον.

2107 1955 2379 2025 ﬁgendus
2401 1959 2545 2021 erat,
2579 1958 2635 2010 et
2665 1958 2891 2009 Petrus.

2180 2136 2331 2192 259
2389 2136 2529 2189 Ama
2580 2133 2675 2189 XI.
2714 2155 2735 2182 κ
2771 2134 2955 2189 Homo
3014 2133 3255 2204 quidam
3300 2135 3449 2191 duos
3509 2136 3763 2195 habebat

2110 2223 2285 2294 ﬁlios,
2318 2222 2475 2279 Dixit
2506 2223 2698 2279 minor
2747 2228 2891 2279 natu
2923 2224 2995 2279 ad
3060 2228 3283 2294 patrem
3317 2242 3493 2281 suum
3524 2245 3536 2282 :
3571 2227 3759 2299 Pater,

2110 2314 2186 2368 da
2243 2312 2525 2367 mihi‘°.s
2578 2313 2714 2376 Quis
2763 2311 2859 2367 ille
2914 2312 3135 2368 homo?
3178 2313 3351 2369 Deus.
3412 2315 3537 2371 Duo
3591 2316 3765 2370 ﬁlii?

2102 2401 2253 2472 justi
2284 2406 2341 2456 et
2371 2404 2725 2472 peccatores.
2759 2400 2945 2456 Filius
2996 2401 3189 2457 minor
3219 2407 3383 2468 natu,
3414 2405 3515 2475 qui
3565 2410 3763 2460 mente

2110 2497 2199 2546 est
2228 2490 2509 2546 instabili.
2544 2491 2689 2545 Pars
2720 2489 2889 2545 illum
2947 2507 3326 2560 concernens,
3356 2498 3495 2548 sunt
3523 2493 3761 2565 eloquia

2112 2583 2170 2632 et
2201 2577 2480 2632 mandata
2505 2578 2625 2632 Dei.

2181 2668 2321 2722 ALIA
2350 2665 2471 2721 XII.
2508 2689 2535 2716 ‹‹
2570 2665 2755 2721 Homo
2786 2666 3029 2737 quidam
3054 2668 3197 2723 abiit
3226 2670 3284 2723 in
3316 2671 3611 2742 regionem
3638 2672 3765 2727 lon-

2112 2756 2394 2826 ginquam
2429 2756 2498 2810 ad
2542 2754 2949 2825 accipiendum
2994 2772 3241 2827 regnum
3275 2760 3339 2814 9°.
3375 2782 3403 2808 ››
3436 2764 3620 2817 Homo
3668 2762 3767 2817 ille

2112 2844 2266 2899 Deus
2324 2850 2431 2899 est.
2485 2843 2831 2915 Longinqua
2859 2846 3017 2915 regio
3049 2853 3139 2900 est
3193 2848 3479 2904 adventus
3536 2851 3665 2921 ejus
3705 2851 3766 2905 in

2113 2938 2350 2989 terram.
2386 2934 2675 3005 Regnum,
2720 2935 3017 2989 secundus
3075 2935 3205 3004 ejus
3263 2938 3573 2994 adventus.
3608 2941 3770 2995 Servi

2113 3028 2253 3078 sunt
2283 3023 2601 3096 prephetaa,
2635 3021 2886 3094 apostoli
2925 3028 2981 3077 et
3031 3036 3338 3095 martyres.
3375 3026 3511 3083 Mna
3569 3034 3767 3084 autem

2112 3118 2201 3168 est
2219 3113 2428 3182 gratia,
2461 3129 2639 3183 quam
2671 3117 2974 3182 acceperat
3001 3112 3186 3168 Judas
3221 3130 3232 3169 :
3270 3115 3544 3171 similiter
3590 3117 3768 3172 etiam

2115 3201 2425 3257 talentum.

421 3291 602 3364 ’Ἄλλη
661 3294 748 3368 ιγ’.
785 3318 813 3345 ‹‹
844 3291 1161 3368 Ἄνθρωπός
1209 3314 1291 3355 τις
1342 3292 1625 3371 ἐφύτευσεν
1677 3290 1997 3365 ἀμπελῶνα,

2185 3297 2328 3346 ALIA
2346 3291 2493 3346 XIII.
2530 3312 2558 3341 «
2584 3289 2767 3345 Homo
2797 3289 3041 3360 quidam
3090 3293 3375 3363 plantavit
3422 3293 3675 3365 vineam,
3708 3300 3767 3351 et

346 3384 437 3439 καὶ
470 3383 720 3460 φραγμὸν
768 3382 914 3453 αὐτῷ
962 3382 1365 3452 περιέθηκεν.»
1414 3384 1730 3457 ’Ἄνθρωπος
1781 3382 1809 3435 6
1849 3380 2001 3441 Θεός·

346 3471 609 3545 ἀμπελὼν
644 3472 672 3525 6
720 3472 948 3543 κόσμος·
982 3474 1017 3540 ἡ
1066 3470 1231 3541 ληνὸς
1279 3471 1340 3525 τὸ
1396 3470 1692 3546 βάπτισμα·
1728 3471 1755 3524 6
1799 3470 2003 3545 πύργος

346 3566 383 3632 ἡ
418 3562 615 3622 πίστις·
653 3562 703 3614 οἱ
734 3560 964 3636 γεωργοὶ
1011 3562 1062 3614 o't
1113 3558 1389 3617 Ἰουδαῖοι·
1442 3562 1493 3614 οἱ
1543 3558 1732 3614 δοῦλοι
1782 3567 2002 3636 προφῆ-

345 3673 458 3719 ται,
485 3649 808 3721 ἀπόστολοι,
859 3650 947 3703 καὶ
992 3649 1275 3724 μάρτυρες.
1328 3650 1424 3703 Καὶ
1455 3649 1765 3704 ἀπέστειλεν
1808 3648 2002 3710 αὐτοὺς

349 3740 603 3815 κηρύξαι,
664 3740 753 3793 καὶ
805 3739 1116 3793 ἀπέκτειναν
1172 3738 1387 3800 αὐτούς·
1449 3739 1706 3800 ὡσαύτως
1763 3738 1853 3793 καὶ
1908 3739 1999 3792 τὸν

354 3835 628 3902 μονογενῆ
675 3828 797 3881 Υἱὸν
846 3828 935 3882 καὶ
984 3828 1154 3903 Λόγον
1204 3832 1300 3881 τοῦ
1350 3833 1504 3894 Θεοῦ,
1556 3829 1645 3882 καὶ
1696 3827 1907 3901 ἐπήρθη
1951 3826 2001 3897 ἐξ

343 3918 518 3972 αὐτῶν
552 3920 587 3987 ἡ
626 3915 895 3991 βασιλεία,
950 3917 1039 3971 καὶ
1078 3914 1236 3986 ἐδόθη
1271 3917 1587 3989 Ῥωμαίοις
1636 3922 1751 3977 τοῖς
1781 3921 1999 3970 ποιοῦσι

340 4007 471 4069 τοὺς
529 4004 770 4077 καρποὺς
826 4005 1039 4075 αὐτῆς.
1104 4004 1267 4060 Αὐτοὶ
1328 4002 1384 4060 δὲ
1438 4005 1595 4059 κακοὶ
1652 4010 1832 4067 κακῶς
1895 4007 1997 4060 ἀπ-

344 4096 558 4153 ώλοντο
611 4091 700 4150 διά
744 4095 845 4163 τὴν
897 4094 1144 4149 ἀπιστίαν
1193 4094 1366 4149 αὐτῶν
1400 4093 1489 4149 καί
1536 4094 1992 4170 σκληροκαρδίαν.

418 4182 604 4255 ’Ἄλλη
658 4181 743 4241 ιδ’.
780 4208 808 4236 ‹‹
841 4183 1094 4253 Ἐξῆλθεν
1146 4185 1174 4237 6
1220 4183 1452 4257 σπείρων
1493 4188 1590 4238 τοῦ
1644 4190 1857 4257 σπεῖραι
1903 4184 1994 4237 τὸν

348 4274 551 4347 σπόρον
584 4272 767 4329 αὐτοῦ.
806 4297 834 4323 ››
865 4274 925 4331 'U
955 4272 1158 4348 σπόρος
1208 4271 1347 4327 ἐστὶν
1382 4275 1409 4326 ὁ
1443 4272 1608 4347 λόγος
1656 4277 1753 4327 τοῦ
1782 4278 1935 4328 Θεοῦ·
1969 4275 1997 4327 6

347 4364 650 4435 περιπεσὼν
698 4363 773 4424 εἰς
823 4364 922 4430 τήν
975 4361 1205 4425 ἀκανθαν
1257 4364 1284 4416 6
1340 4359 1562 4424 Ἰούδας·
1618 4360 1868 4427 ἀπελθὼν
1896 4365 1996 4437 γάρ

346 4452 650 4526 ἀπήγξατο,
710 4452 799 4506 καὶ
858 4451 924 4506 τά
980 4451 1197 4507 πετεινά
1244 4456 1341 4507 τοῦ
1399 4452 1637 4527 οὐρανοῦ
1694 4453 1995 4531 κατὲφαγον

345 4542 525 4596 αὐτόν·
558 4543 621 4596 τὸ
667 4539 723 4597 δὲ
771 4541 858 4595 ἐπὶ
905 4542 1004 4610 τὴν
1054 4548 1157 4615 γῆν
1208 4542 1307 4610 τὴν
1360 4542 1561 4616 ἀγαθὴν
1615 4545 1665 4597 o't
1715 4547 1998 4622 προφῆται

344 4631 435 4685 καὶ
468 4629 712 4685 ἀπόστολ
729 4652 792 4686 ιι.

419 4718 601 4789 ’Ἄλλη
640 4722 716 4775 ιε’.
751 4745 778 4773 ‹‹
813 4717 1138 4795 ’Ἄνθρωπός
1183 4742 1266 4782 τις
1312 4716 1621 4776 κατέϐαινεν
1664 4722 1769 4776 ἀπὸ
1798 4724 1999 4796 Ἰερου-

348 4807 539 4881 σαλὴμ
590 4808 667 4870 εἰς
716 4808 955 4884 Ἱεριχὼ,
1014 4808 1104 4862 καὶ
1156 4806 1377 4881 λῃσταῖς
1427 4809 1760 4881 περιέπεσεν.
1800 4832 1827 4860 ››
1870 4811 2001 4864 Ἀν-

348 4910 569 4972 θρωπος
597 4898 624 4951 ὁ
659 4894 852 4970 Ἀδάμ·
908 4896 1271 4971 Ἰερουσαλὴμ
1315 4898 1343 4951 6
1395 4894 1741 4971 παράδεισος·
1785 4899 2001 4973 Ἱεριχὼ

349 4987 627 5059 ὁκόσμος·
667 4986 864 5061 λῃσταὶ
916 4987 967 5041 οἱ
1015 4985 1251 5061 πονηροί
1302 4986 1567 5060 λογισμοὶ
1616 4986 1703 5041 καὶ
1746 4989 1779 5055 ἡ
1831 4991 2001 5061 παρά-

350 5071 530 5137 ϐασις·
584 5075 759 5148 ἱερεὺς
802 5077 854 5129 0".
903 5079 1200 5153 προφῆται·
1254 5076 1483 5143 Λευῖτης
1516 5076 1542 5128 6
1576 5076 1861 5137 Μωσαϊκὸς
1911 5075 2004 5129 νό-

354 5184 475 5239 μος·
532 5164 878 5240 Σαμαρείτης
937 5165 965 5217 6
1024 5158 1295 5239 Χριστός·
1358 5161 1539 5218 ἔλαιον
1600 5164 1689 5218 καὶ
1751 5164 1896 5226 οἶνος
1943 5165 2006 5219 τὸ

350 5253 539 5327 τίμιον
588 5257 747 5325 σῶμα
776 5252 865 5307 καὶ
921 5252 1077 5326 αἷμα,
1110 5252 1199 5306 καὶ
1228 5253 1291 5307 τὸ
1324 5255 1474 5328 ἅγιον
1512 5254 1810 5328 βάπτισμα·
1842 5255 1903 5308 τὸ
1952 5252 2010 5309 δὶ

349 5339 679 5417 πανδοχεῖον
730 5344 765 5411 ἠ
814 5339 1129 5412 Ἐκκλησία·
1164 5342 1192 5395 ὁ
1240 5339 1546 5418 πανδοχεὺς
1598 5344 1626 5397 6
1675 5343 1822 5417 ἅγιος
1864 5348 2010 5398 Παῦ-

353 5430 477 5494 λος⁸
508 5431 575 5487 τά
603 5428 698 5487 δύο
732 5428 985 5507 δηνάρια,
1033 5432 1068 5501 ἡ
1116 5429 1329 5486 Παλαιά
1366 5432 1456 5487 καὶ
1508 5434 1541 5501 ἠ
1590 5431 1695 5487 Νὲα
1744 5435 2008 5504 Διαθήκη.

431 5648 472 5685 ¹’¹
509 5648 714 5704 Matth.
748 5666 888 5715 xvn,
920 5650 971 5703 2.
1171 5649 1213 5686 ¹⁸
1254 5650 1459 5705 Matth.
1496 5666 1633 5719 xvu,
1665 5652 1735 5707 26

357 5720 408 5758 ³³
439 5721 651 5779 Maltli.
688 5738 814 5790 xm,
847 5722 901 5775 3.
1015 5720 1062 5754 ²³
1094 5720 1207 5777 ch
1234 5736 1336 5777 xu.
1370 5723 1457 5779 19.

685 5850 950 5912 Panum.
999 5849 1109 5910 Gn.
1159 5849 1436 5913 XXVIII.

1902 5652 1946 5688 ¹⁹
1976 5652 2111 5708 Luc.
2165 5670 2255 5711 xv.
2300 5654 2376 5709 l2.

2117 3398 2316 3452 sepem
2366 3381 2418 3437 ei
2478 3379 2954 3435 circumdedit“.
2991 3402 3019 3429 ››
3053 3380 3235 3437 Homo
3267 3382 3361 3438 ille
3427 3391 3515 3439 est
3576 3386 3766 3453 Deus;

2112 3472 2304 3540 vinea,
2339 3472 2621 3525 mundus.
2675 3468 2976 3538 Torcular,
3009 3476 3099 3526 est
3158 3473 3532 3543 baptismus;
3564 3474 3766 3541 turris,

2113 3561 2259 3615 ﬁdes
2294 3560 2619 3629 :agricolae,
2654 3563 2795 3613 sunt
2822 3559 3046 3616 Judaei:
3080 3563 3229 3616 servi
3279 3563 3593 3634 pr0phetaa,
3624 3581 3767 3634 apo-

2114 3649 2247 3705 stoli
2280 3655 2336 3704 et
2369 3656 2675 3721 martyres.
2709 3652 2779 3705 Et
2806 3650 2913 3707 hos
2971 3652 3135 3706 misit
3174 3657 3237 3705 ut
3269 3652 3676 3722 praedicarent,
3710 3659 3768 3708 et

2112 3740 2451 3794 occiderunt
2479 3756 2614 3794 eos:
2644 3742 2915 3798 similiter
2935 3742 3112 3797 etiam
3138 3740 3503 3812 unigenitum
3529 3742 3760 3811 Filium,

2113 3829 2211 3897 qui
2245 3832 2335 3882 est
2357 3827 2609 3883 Verbum
2658 3833 2757 3886 Dei
2795 3849 2806 3886 :
2841 3837 2897 3886 et
2930 3830 3190 3885 ablatum
3241 3831 3312 3884 ab
3348 3830 3491 3902 ipsis
3542 3835 3629 3886 est
3669 3849 3760 3887 re-

2110 3934 2294 3987 gnum
2321 3921 2377 3971 et
2406 3918 2611 3972 datum
2659 3925 2749 3974 est
2784 3920 3087 3985 Romanis,
3113 3920 3213 3989 qui
3276 3921 3501 3974 faciunt
3533 3920 3762 3976 fructus

2110 4008 2258 4075 ejus.
2295 4006 2411 4075 Ipsi
2444 4023 2576 4062 vero
2608 4010 2764 4074 mali,
2800 4008 2953 4063 male
2983 4010 3302 4079 perierunt,
3339 4014 3573 4079 propter
3602 4008 3760 4079 ipso-

2110 4113 2241 4149 rum
2272 4095 2740 4151 incredulitatem
2774 4104 2831 4152 et
2861 4098 3135 4152 duritiem
3159 4098 3374 4152 cordis.

2180 4187 2316 4238 ALIA
2346 4182 2490 4239 XIV.
2518 4205 2545 4233 «
2582 4185 2785 4251 Exivit,
2819 4187 2919 4256 qui
2950 4187 3205 4241 seminat
3234 4188 3305 4240 ad
3338 4187 3756 4242 seminandum

2110 4288 2310 4327 semen
2342 4289 2517 4327 suum
2547 4273 2614 4328 9’.
2648 4294 2676 4322 »
2712 4274 2920 4329 Semen
2952 4280 3041 4329 est
3071 4275 3312 4328 verbum
3351 4274 3468 4329 Dei.
3502 4275 3665 4341 Quod
3696 4274 3759 4331 in

2105 4361 2308 4432 spinas
2338 4362 2886 4433 cecidit,Judas,qui
2919 4363 3123 4418 abiens
3153 4364 3533 4434 semetipsum
3560 4370 3755 4419 stran-

2108 4448 2350 4521 gulavit,
2384 4455 2440 4504 et
2493 4451 2756 4505 volucres
2788 4450 2917 4505 coeli
2948 4452 3303 4506 devorarunt
3357 4467 3516 4506 eum.
3547 4456 3758 4505 Semen

2105 4564 2242 4603 vero
2273 4548 2424 4619 quod
2462 4548 2673 4603 cecidit
2698 4549 2758 4603 in
2790 4555 3007 4605 terram
3034 4551 3268 4614 bonam,
3296 4547 3590 4620 pr0phetas
3624 4552 3765 4603 sunt

2033 4637 2079 4700 D
2112 4643 2170 4692 et
2192 4637 2460 4708 apostoli.

2180 4729 2320 4782 ALIA
2350 4726 2465 4782 XV.
2505 4750 2531 4777 ‹‹
2566 4728 2748 4783 Homo
2781 4728 3027 4799 quidam
3061 4730 3132 4783 ab
3163 4729 3490 4784 Jerusalem
3524 4730 3765 4785 descen-

2112 4817 2288 4871 debat
2310 4816 2563 4885 Jericbo,
2598 4822 2654 4871 et
2684 4817 2893 4872 incidit
2922 4819 2982 4873 in
3010 4818 3265 4873 latrones
3290 4820 3354 4872 ³³.
3394 4840 3414 4867 υ
3459 4818 3642 4874 Homo
3673 4818 3771 4873 ille

2113 4913 2201 4960 est
2224 4906 2407 4959 Adam
2430 4930 2442 4971 ;
2466 4905 2820 4970 Jerusalem,
2845 4908 3184 4978 paradisus:
3209 4907 3462 4973 Jericho,
3488 4908 3768 4973 mundus;

2114 4993 2395 5059 latrones,
2421 4999 2561 5048 sunt
2602 4996 2765 5050 malas
2820 4997 3206 5066 cogitationes
3238 5002 3294 5051 et
3334 4995 3722 5065 transgressio
3755 5014 3769 5063 ;

2116 5084 2405 5146 sacerdos,
2441 5084 2734 5153 prephetaa
2763 5101 2775 5147 ;
2812 5085 3036 5151 levites,
3072 5085 3320 5139 Mosaica
3354 5082 3480 5150 lex;
3511 5084 3767 5137 Samari-

2116 5176 2311 5237 tanus,
2345 5171 2651 5237 Christus;
2690 5172 2884 5228 oleum
2918 5180 2976 5227 et
3025 5174 3247 5241 vinum,
3281 5172 3605 5241 pretiosum
3639 5188 3768 5225 cor-

2119 5276 2231 5331 pus
2261 5265 2317 5314 et
2348 5260 2613 5330 sanguis,
2639 5266 2695 5315 et
2717 5267 2989 5316 sanctum
3020 5262 3314 5331 baptisma
3340 5278 3354 5327 ;
3386 5260 3768 5315 diversorium

2121 5352 2317 5404 autem
2368 5352 2459 5402 est
2514 5347 2893 5416 Ecclesia;et
2946 5350 3182 5421 hospes,
3214 5356 3456 5405 sanctus
3514 5347 3768 5415 Paulus;

2127 5436 2243 5492 duo
2274 5436 2500 5493 denarii
2532 5444 2669 5494 sunt
2716 5438 2897 5494 Vetus
2932 5443 2986 5494 et
3025 5438 3249 5494 Novum
3306 5439 3772 5497 Testamentum.

2556 5656 2598 5689 ²⁰
2644 5656 2773 5711 Luc.
2826 5673 2945 5725 xxx,
2974 5655 3064 5712 22.
3236 5653 3279 5692 ¹¹
3308 5656 3513 5713 Matth.
3563 5673 3677 5712 xxx.
3709 5654 3779 5711 33

3379 5858 3459 5920 23
