4132 6376
358 400 476 458 715

426 532 567 585 ΑιίΑ
597 527 742 583 XVI.
776 550 805 577 «
842 526 1028 582 Homo
1060 524 1289 596 quidam
1345 522 1592 579 dilfculo
1625 536 1901 593 egressus
1931 522 2020 573 est
2048 520 2100 584 Α

351 622 423 676 ad
455 618 905 676 conducendum
933 616 1231 688 operarios
1254 615 1319 669 2‘.
1349 636 1375 663 ››
1400 612 1696 669 Homoille
1720 615 1808 667 est
1842 616 2014 676 Deus;

353 711 542 774 vince,
576 708 835 763 mundus
890 711 1017 768 est;
1052 704 1323 777 operarii,
1387 702 1658 776 apostoli.
1721 699 1829 768 Qui
1880 714 2018 754 vero

359 800 510 855 circa
544 799 917 853 undecimam
943 796 1147 851 horam
1181 795 1444 859 veniunt,
1468 791 1741 853 Maltbias
1771 794 1879 857 est,
1914 786 2016 860 qui

358 904 492 944 cum
526 886 768 959 reliquis
802 885 1075 942 undecim
1109 882 1391 955 apostolis
1421 881 2010 937 connumeratusest.

428 983 572 1033 ALIA
602 975 771 1032 XVII.
809 995 830 1022 ι
853 974 1058 1029 Mulier
1078 972 1340 1044 quaedam
1367 970 1709 1026 drachmam
1736 966 2014 1035 habebat,

358 1084 533 1140 quam
572 1065 826 1137 perdidit
854 1064 914 1119 ”.
949 1088 975 1111 η
1001 1066 1135 1129 Quae
1166 1059 1382 1116 mulier
1412 1059 1544 1116 est?
1576 1057 1851 1114 Ecclesia.
1875 1057 2012 1120 Quae

357 1154 683 1213 drachma?
706 1156 906 1210 Adam.

428 1250 565 1301 ALIA
598 1244 795 1300 XVIII.
835 1265 861 1293 ‹‹
900 1241 1102 1298 Simile
1147 1242 1362 1296 factum
1395 1243 1486 1295 est
1533 1253 1779 1312 regnum
1838 1235 2010 1292 coelo-

356 1352 486 1391 rum
518 1336 816 1403 thesauro,
857 1331 1200 1388 abscondito
1259 1330 1318 1385 in
1378 1345 1518 1402 agro
1547 1328 1615 1383 ’⁸.
1650 1348 1677 1376 ››
1715 1327 1854 1392 Quis
1911 1324 2012 1381 ille

354 1422 715 1482 thesaurus?
745 1423 1036 1479 Christus.
1072 1421 1180 1487 Qui
1231 1417 1544 1475 emerunt?
1576 1417 1793 1489 .Ioseph
1823 1420 1880 1471 et
1908 1415 2008 1477 Ni,

354 1516 635 1572 codemus
662 1531 675 1568 :
713 1514 831 1569 imo
864 1511 1060 1585 potius
1090 1515 1293 1566 sancta
1321 1508 1591 1580 Deipara.

431 1606 658 1670 Quass'r.
693 1602 832 1658 XIX.
860 1627 885 1652 (ι
922 1599 1124 1657 Simile
1156 1599 1373 1655 factum
1409 1602 1498 1654 est
1538 1613 1781 1669 regnum
1835 1596 2008 1653 ccelo-

353 1712 485 1751 rum
520 1695 824 1757 fermento,
848 1691 1000 1762 quod
1036 1692 1343 1761 acceptum
1377 1685 1589 1742 mulier
1609 1686 1917 1742 abscondit
1945 1687 2006 1742 in

352 1785 551 1839 farina:
584 1787 711 1837 sata
736 1780 851 1837 tria
879 1781 943 1835 ³⁷.
973 1803 994 1829 ι
1018 1778 1175 1843 Quod
1202 1776 1345 1832 illud
1377 1775 1732 1831 fermentum
1755 1775 1783 1830 ?
1815 1775 2005 1843 Fides,

1505 391 1567 449 S.
1619 384 2146 450 ATHANASIUS.
2183 416 2259 428 —-
2287 384 2598 447 SPURIA.

3670 386 3791 449 ’716

2206 513 2388 585 ’Ἄλλη
2426 517 2508 579 ις’.
2543 542 2569 567 «
2605 516 2930 591 ’Ἄνθρωπός
2979 537 3060 579 τις
3121 514 3312 587 ἐξῆλθε
3366 518 3516 594 πρωῒ
3574 520 3789 591 μισθώ-

2133 605 2321 657 σασθαι
2379 603 2627 679 ἐργάτας.
2693 628 2720 655 ››
2778 606 3103 679 ’Ἄνθρωπος
3144 606 3173 660 6
3219 605 3371 669 Θεόςο
3430 607 3695 681 ἁμπελὼν
3756 610 3786 664 6

2128 693 2356 764 κόσμος·
2406 693 2623 770 ἐργάται
2655 694 2706 749 οἱ
2735 693 3056 751 ἀπόστολοι.
3098 696 3165 752 Οἱ
3217 692 3274 750 δὲ
3322 696 3443 770 περὶ
3490 699 3591 767 τὴν
3642 695 3780 754 ἐνδεο

2124 782 2293 851 κάτην
2352 781 2495 857 ὥραν
2557 781 2802 847 ἐλθόντες
2861 783 3102 847 Ματθίας
3163 782 3329 855 ἐστὶν,
3386 785 3446 849 ὃς
3503 786 3593 841 καὶ
3652 809 3785 844 κατ·-

2126 869 2399 947 εψηφίσθη
2435 872 2570 943 μετὰ
2593 873 2699 926 τῶν
2729 869 2920 927 ἕνδεκα
2950 873 3296 931 ἀποστόλων.

2192 960 2377 1035 Ἑτέρα
2410 962 2492 1029 ιζ’.
2531 984 2553 1013 ι
2590 964 2725 1032 Γυνή
2758 982 2839 1024 τις
2889 961 3005 1038 εἶχε
3053 960 3334 1039 δραχμὴν,
3374 963 3465 1019 καὶ
3495 964 3776 1022 ἀπώλεσεν

2122 1047 2310 1118 αὐτήν.
2349 1050 2495 1111 »Τίς
2542 1052 2576 1120 ἡ
2628 1053 2760 1124 γυνή
2797 1069 2811 1121 ;
2845 1052 2878 1121 ἡ
2914 1052 3228 1123 Ἐκκλησία.
3276 1052 3369 1116 Τίς
3417 1056 3452 1124 ἡ
3503 1051 3729 1132 δραχμή
3761 1076 3776 1128 ;

2123 1137 2151 1189 6
2185 1134 2383 1210 ’Δδάμ.

2196 1224 2382 1298 Ἄλλη
2423 1229 2512 1298 ιη’.
2565 1252 2594 1280 α
2646 1228 2926 1301 Ὡμοιώθη
2977 1232 3011 1300 ἠ
3067 1229 3319 1305 βασιλεία
3364 1235 3472 1287 τῶν
3533 1232 3777 1307 οὐρανῶν

2123 1315 2381 1392 θησαυρῷ
2426 1318 2787 1391 κεκρυμμένῳ
2835 1317 2887 1373 ἐν
2939 1320 3109 1393 ἀγρῷ.
3162 1341 3189 1373 ι
3245 1320 3338 1383 Τίς
3386 1322 3414 1376 6
3459 1323 3774 1400 θησαυρόςς

2122 1405 2150 1458 6
2200 1405 2452 1480 Χριστός.
2501 1406 2650 1468 Τίνες
2694 1408 2745 1461 οἱ
2794 1407 3193 1483 ἀγοράσαντεςς
3228 1410 3255 1464 6
3284 1412 3493 1490 Ἰωσὴφ
3542 1413 3631 1468 καὶ
3680 1420 3776 1469 Νι-

2120 1489 2255 1564 κόδη
2269 1514 2394 1566 μσς,
2431 1493 2642 1567 μᾶλλον
2679 1493 2737 1551 δὶ
2768 1499 2802 1566 ἡ
2836 1497 2959 1572 ἁγία
2987 1500 3272 1561 Θεοτόκος.

2192 1582 2385 1658 Ἐρώτ.
2421 1585 2506 1647 ιϐ’,
2563 1609 2589 1635 ‹‹
2638 1585 2919 1658 Ὡμοιώθη
2970 1588 3005 1657 ἡ
3060 1587 3308 1663 βασιλεία
3359 1594 3467 1645 τῶν
3528 1591 3772 1667 οὐρανῶν

2122 1669 2281 1745 ζύμῃ,
2331 1674 2399 1743 ἣν
2446 1668 2689 1728 λαϐοῦσα
2749 1676 2885 1750 γυνὴ
2938 1674 3162 1754 ἔκρυψεν
3230 1678 3305 1741 εἷς
3351 1678 3586 1757 ἀλεύρου
3640 1683 3775 1737 σάτα

2118 1759 2263 1831 τρία.
2330 1785 2359 1814 ›)
2413 1763 2502 1823 Τίς
2561 1762 2704 1836 ζύμη
2741 1782 2755 1832 ;
2788 1765 2822 1833 ἠ
2857 1764 3055 1828 πίςτις.
3113 1768 3189 1822 Τὰ
3248 1765 3306 1823 δὲ
3360 1769 3484 1844 τρία
3535 1770 3771 1847 ἀλεύρου

350 1874 572 1929 Farina:
606 1872 717 1929 tria
745 1874 874 1927 sata
902 1869 929 1924 ?
957 1866 1278 1925 Salvatoris
1322 1869 1456 1938 post
1494 1865 1757 1920 triduum
1810 1881 1998 1922 resur-

2128 1848 2254 1903 σάτα
2281 1868 2294 1917 ;
2328 1850 2362 1919 ἠ
2397 1854 2693 1928 τριήμερος
2723 1857 2819 1907 τοῦ
2851 1857 3111 1930 Σωτῆρος
3143 1856 3446 1921 ἀνάστασις,

349 1961 549 2020 rectio.

422 2053 648 2116 Qums'r.
681 2049 795 2106 XX.
839 2049 1027 2114 Quare
1079 2046 1341 2120 Baptista
1388 2048 1555 2101 vocat
1598 2044 1832 2101 Judmos
1883 2064 2015 2118 pro-

349 2143 581 2216 geniem
611 2141 947 2211 viperarum
968 2136 1058 2193 1m?

419 2232 592 2287 RESP.
628 2229 774 2295 Quia
802 2228 901 2283 illa
937 2227 1125 2283 bestia
1181 2243 1298 2281 sua;
1329 2224 1539 2280 matris
1595 2229 1857 2282 ventrem
1910 2244 2006 2283 ex-

353 2313 492 2378 edit,
528 2316 584 2366 et
614 2309 698 2365 sic
729 2310 965 2365 demum
1000 2306 1333 2380 egreditur:
1359 2306 1712 2377 quonetiam
1750 2307 1843 2361 isti
1872 2324 2003 2379 par-

353 2401 546 2457 ricidaa
579 2402 981 2471 patraverunt,
1016 2413 1130 2468 prae
1163 2394 1382 2450 invidia
1413 2411 1551 2450 suos
1583 2394 2002 2451 interficientes

349 2490 620 2544 doctores
653 2492 710 2542 et
741 2485 1077 2559 prephetas.
1114 2484 1470 2556 Lapidarunt
1500 2482 1655 2539 enim
1687 2483 1906 2539 Mosem
1931 2485 1996 2551 9°,

344 2578 556 2634 Isaiam
588 2593 725 2632 vero
753 2575 1097 2648 prophetam
1148 2590 1281 2628 cum
1342 2572 1536 2645 lignea
1565 2589 1727 2629 serra
1758 2574 1813 2628 in
1850 2574 1996 2630 duas

349 2673 544 2739 partes
573 2666 917 2723 diviserunt.

416 2849 640 2914 Quss'r.
695 2845 833 2902 XXI.
892 2845 1076 2909 Quam
1131 2846 1203 2901 ob
1262 2862 1498 2901 causam
1550 2862 1683 2902 cum
1737 2847 1993 2905 traditus

346 2940 501 2994 esset
529 2935 808 2999 Joannes,
842 2933 1081 2989 secessit
1108 2937 1282 2989 Jesus
1315 2934 1372 2988 in
1404 2933 1704 2990 Galilaeam
1735 2935 1825 2991 3°?

415 3028 584 3083 Resp.
616 3023 692 3080 Ut
714 3039 820 3079 nos
851 3023 1083 3078 doceret
1114 3022 1423 3095 fugiendas
1452 3040 1583 3080 esse
1611 3026 1989 3084 tentationes.

342 3114 505 3181 Quod
538 3114 585 3169 si
611 3112 670 3167 in
700 3128 797 3167 eas
821 3110 1227 3173 inciderimus.
1259 3117 1324 3166 ut
1351 3116 1587 3168 strenue
1619 3131 1726 3170 nos
1766 3119 1823 3170 et
1872 3116 1989 3171 for-

341 3202 480 3259 titer
508 3217 803 3275 geramus.

926 3279 1076 3345 Quid
1136 3280 1397 3350 peceavit
1448 3282 1596 3338 ﬁcus
1655 3286 1810 3355 quod
1859 3302 1989 3342 eam
2023 3253 2066 3321 θ

342 3371 609 3428 Christus
641 3368 941 3426 arefacerit
978 3370 1019 3403 ³⁸
1043 3368 1071 3423 ?
1106 3384 1365 3441 quonam
1398 3370 1452 3425 id
1490 3373 1786 3444 proposito
1818 3374 1997 3431 fecit?

346 3467 405 3518 et
428 3461 763 3534 quomodo?

419 3550 589 3605 Rssr.
623 3549 908 3613 Quoniam
940 3548 1227 3605 Dominus
1260 3566 1545 3622 passurus
1569 3554 1693 3625 jam
1745 3560 1888 3624 erat,
1922 3573 1995 3614 ne

345 3638 750 3694 existimarent
776 3637 905 3708 ejus
936 3636 1207 3708 discipuli
1235 3638 1536 3696 infirmum
1559 3642 1775 3713 ipsum,
1809 3645 1994 3702 imbe-

348 3724 671 3799 cillumque
701 3742 832 3781 esse
863 3730 1036 3797 atque
1080 3726 1210 3783 ideo
1241 3729 1383 3799 pati,
1416 3729 1475 3784 in
1508 3730 1618 3787 hac
1669 3732 1997 3793 inanimato.

347 3832 408 3871 re
441 3832 610 3872 suam
662 3814 976 3869 declaravit
1034 3818 1399 3886 potentiam:
1435 3825 1499 3874 ut
1544 3823 1879 3880 ostenderet
1932 3842 1995 3883 se

345 3920 551 3959 omnes
609 3904 975 3959 adversarios
1019 3920 1159 3960 suos
1217 3906 1487 3963 ariditate
1544 3917 1843 3980 percutere
1898 3931 1994 3986 po-

341 3992 546 4049 tuisse.
582 3993 692 4048 Sed
752 3992 911 4063 quia,
946 3995 1444 4063 quemadmodum
1493 3997 1640 4054 dixit
1696 4002 1840 4072 ipse,
1876 4021 1990 4060 non

339 4082 500 4137 venit
532 4081 847 4152 utjudicet
874 4082 1029 4137 260
1063 4084 1370 4155 mundum,
1392 4086 1530 4157 quin
1565 4088 1758 4159 potius
1792 4094 1989 4148 utsal-

337 4177 472 4216 vum
506 4159 761 4216 iaciat”:
787 4177 953 4216 suam
977 4161 1210 4230 quidem
1235 4165 1554 4234 potentiam
1582 4168 1637 4222 in
1664 4171 1989 4229 inanimata

336 4240 449 4295 ficu
478 4238 759 4305 declarat,
791 4257 966 4295 suum
999 4253 1194 4297 autem
1241 4260 1377 4316 erga
1410 4246 1676 4305 homines
1726 4268 1983 4310 amorem

334 4328 627 4385 immensa
671 4329 953 4401 patientia
997 4346 1131 4403 erga
1166 4331 1434 4389 homines
1482 4344 1727 4394 exercet.
1762 4341 1985 4399 Dicitur

333 4432 567 4488 quoque
625 4417 770 4474 ﬁcus
828 4423 1154 4490 peccatum,
1186 4422 1340 4492 quod
1393 4432 1728 4483 exsecratus
1784 4437 1871 4486 est
1927 4436 1986 4488 et

330 4505 601 4562 ariditate
648 4509 938 4578 percussit
982 4507 1158 4563 Jesus
1225 4510 1494 4568 Christus
1562 4519 1710 4571 Deus
1759 4524 1977 4576 noster.

2194 2027 2393 2102 Ἐρώτ.
2425 2031 2491 2087 κ’.
2527 2030 2623 2085 Διὰ
2649 2031 2703 2086 τί
2726 2035 3032 2108 γεννήματα
3061 2032 3292 2111 ἐχιδνῶν
3322 2037 3449 2100 τοὺς
3481 2036 3778 2105 Ἰουδαίους

2090 2150 2091 2157 η
2123 2114 2151 2169 ὁ
2182 2119 2486 2186 Βαπτιστής
2516 2119 2676 2175 καλεῖ
2707 2139 2720 2189 ;

2188 2206 2382 2295 ίΑπόκ.
2436 2206 2658 2278 Ἐπειδή
2706 2211 2769 2265 τὸ
2822 2211 3011 2287 θηρίον
3057 2216 3219 2269 τοῦτο
3267 2215 3465 2293 τρώγει
3526 2219 3622 2287 τήν
3676 2240 3775 2295 γα-

2117 2293 2275 2368 στέρα
2304 2300 2405 2361 τῆς
2439 2299 2648 2373 μητρὸς
2680 2300 2865 2373 αὑτοῦ,
2898 2300 2986 2356 καὶ
3030 2302 3205 2365 οὕτως
3259 2303 3553 2382 ἐξέρχεται·
3589 2306 3771 2386 ὥσπερ

2109 2383 2198 2437 καὶ
2232 2384 2381 2439 οὗτοι
2425 2385 2708 2456 ἐποίησαν,
2760 2388 3091 2464 πατραλοῖαι
3147 2388 3455 2467 γενόμενοι,
3491 2396 3579 2451 καὶ
3636 2383 3770 2462 τοὺς

2110 2468 2469 2537 διδασκάλους
2529 2475 2704 2531 αὐτῶν
2748 2478 2838 2532 καὶ
2886 2479 3012 2541 τοὺς
3054 2484 3338 2559 προφήτας
3395 2484 3580 2562 φθόνῳ
3635 2508 3763 2543 κατ-

2106 2561 2506 2626 αναλίσκοντες.
2559 2566 2656 2620 Καὶ
2706 2569 2809 2642 γὰρ
2857 2568 2948 2623 τὸν
2982 2571 3181 2625 Μωσέα
3232 2561 3505 2644 ἐλίθασαν,
3555 2576 3645 2630 τὸν
3701 2574 3761 2633 δὲ

2103 2649 2325 2793 Ἱξσὲιίαν
2362 2654 2496 2725 μετὰ
2525 2652 2743 2724 ξυλίνου
2774 2657 2991 2731 πρίονος
3021 2656 3427 2735 ἐδιχοτόμησαν
3470 2664 3755 2740 πρίσαντες

2103 2759 2201 2793 αυτ
2235 2761 2285 2793 ν.

2102 2759 2201 2794 αυτ
2205 2759 2262 2794 ον
2273 2785 2285 2797 .

2175 2829 2369 2905 Ἐρώτ.
2402 2832 2503 2890 κα’.
2537 2832 2687 2889 Τίνος
2718 2833 3318 2914 χάριν,παραδοθέντος
3346 2845 3441 2897 τοῦ
3474 2842 3743 2913 Ἰωάννου,

2101 2918 2448 2995 ἀνεχώρησεν
2481 2921 2508 2975 6
2542 2922 2755 2992 Ἰησοῦς
2789 2924 2863 2986 εἷς
2892 2926 2991 2994 τὴν
3028 2925 3320 2984 Γαλιλαίαν
3354 2948 3367 2999 ;

2174 3007 2364 3064 Ἀπόκ.
2414 3010 2588 3083 ἹΙμᾶς
2634 3009 2904 3068 παιδεύων
2957 3015 3169 3092 φεύγειν
3211 3017 3336 3080 τοὺς
3382 3019 3739 3093 πειρασμοὺς,

2101 3093 2248 3151 ἀλλὰ
2275 3096 2402 3159 τοὺς
2436 3096 2768 3172 ἐμπεσόντας
2804 3106 2992 3168 στῆναι
3026 3105 3307 3179 γενναίως.

2178 3273 2374 3348 Ἐρώτ.
2407 3276 2511 3351 κβ’.
2548 3276 2616 3335 Τί
2662 3277 2904 3355 ἥμαρτεν
2935 3281 2969 3350 ἡ
3018 3285 3176 3352 συκῆ,
3225 3281 3308 3338 ὅτι
3358 3282 3611 3360 ἐξήρανεν
3664 3284 3759 3340 αὐ-

2103 3363 2204 3430 τὴν
2261 3363 2288 3417 6
2345 3361 2577 3441 Χριστός
2613 3386 2626 3435 ;
2660 3367 2748 3422 καὶ
2808 3364 2898 3423 διὰ
2952 3370 3111 3424 ποίαν
3168 3371 3415 3427 ὑπόθεσιν
3448 3392 3461 3443 ;
3492 3374 3583 3429 καὶ
3634 3374 3757 3430 τίνα

2102 3450 2304 3527 τρόπον
2340 3471 2354 3522 ;

2176 3540 2369 3630 Ἀπόκ.
2402 3543 2552 3599 Ἐπεὶ
2601 3539 2831 3617 ἔμελλεν
2871 3546 2900 3600 6
2940 3546 3138 3618 Κύριος
3186 3548 3249 3605 τὰ
3296 3549 3464 3614 πάθος
3518 3551 3757 3630 ὑφίστα-

2106 3630 2246 3698 σθαι,
2292 3627 2384 3685 ’ίνα
2435 3632 2512 3703 μὴ
2566 3632 2863 3705 νομίσωσιν
2911 3635 2964 3689 οἱ
3015 3638 3269 3709 μαθηταὶ,
3323 3638 3405 3694 ὅτι
3454 3627 3755 3715 ἀδυναμίαν

2104 3715 2221 3794 ἔχει
2280 3719 2368 3773 καὶ
2426 3720 2730 3794 ἀσθένειαν,
2789 3723 2877 3778 καὶ
2940 3721 3029 3779 διὰ
3080 3730 3243 3782 τοῦτο
3290 3730 3510 3806 πάσχει,
3572 3729 3623 3785 ἐν
3675 3736 3757 3804 τῷ

2105 3806 2305 3895 ἀψύχῳ
2354 3806 2586 3864 δείκνυσι
2635 3813 2735 3880 τήν
2786 3808 3012 3886 δύναμιν
3062 3815 3286 3871 ἑαυτοῦ·
3327 3816 3419 3874 ’ίνα
3467 3816 3633 3895 δείξῃ,
3668 3819 3752 3876 ὅτι

2103 3892 2339 3965 ἠδύνατο
2397 3899 2597 3961 πάντας
2657 3901 2879 3976 ξηρᾶναι
2935 3902 3062 3965 τοὺς
3118 3904 3535 3981 ἀντιλέγοντας.
3584 3892 3751 3965 ’Ἀλλ’

2102 3983 2288 4055 ἐπειδὴ
2320 3986 2419 4042 οὐκ
2448 3986 2587 4057 ἦλθε
2617 3996 2795 4066 κρῖναι
2842 3991 2933 4046 τὸν
2982 3993 3211 4067 κόσμον,
3244 3994 3389 4051 ἀλλὰ
3437 3998 3627 4067 σῶσαι,
3672 3999 3750 4061 ὡς

2099 4074 2258 4137 αὐτὸς
2317 4074 2502 4154 ἔφησε,
2559 4079 2657 4147 τὴν
2707 4079 2802 4152 μὲν
2859 4077 3086 4154 δύναμιν
3140 4081 3465 4141 ἐνδείκνυται
3514 4086 3602 4141 ἐπὶ
3648 4088 3749 4159 τῆς

2097 4163 2320 4241 ἀψύχου
2355 4170 2548 4240 συκῆς,
2579 4168 2680 4236 τὴν
2731 4168 3141 4246 φιλανθρωπίαν
3193 4170 3251 4228 δὲ
3294 4173 3605 4247 ταμιεύεται
3636 4181 3752 4238 τοῖς

2096 4253 2404 4328 ἀνθρώποις
2462 4256 2686 4333 ἁμέτρῳ
2744 4258 3050 4331 ἀνεξικακίᾳ
3093 4305 3107 4318 .
3164 4261 3391 4336 Λέγεται
3453 4260 3509 4318 δὲ
3565 4264 3655 4318 καὶ
3714 4265 3749 4334 ἠ

2095 4343 2331 4417 ἁμαρτία
2388 4348 2549 4411 συκῆ,
2601 4347 2662 4414 ἢν
2717 4348 3060 4423 κατηράσατο
3105 4351 3195 4405 καὶ
3244 4350 3467 4428 ἐξήρανε
3515 4354 3750 4429 Χριστὸς

2092 4430 2277 4493 ὁΘεὸς
2308 4433 2672 4504 ἠμῶν.“¹Εστι
2732 4433 2790 4490 δὲ
2841 4435 2929 4491 καί
2987 4442 3170 4510 τοῦτο,
3231 4436 3371 4496 διότι
3431 4437 3593 4497 ἔλαϐε
3647 4446 3748 4509 τῆς

2092 4523 2258 4585 συκῆς
2288 4520 2355 4575 τὰ
2385 4521 2570 4599 φύλλα
2600 4524 2627 4577 ὁ
2673 4521 2870 4598 Ἀδὰμ,
2902 4525 2989 4580 καὶ
3042 4526 3300 4584 ἐσκέπασε
3345 4530 3445 4599 τὴν
3476 4531 3743 4607 ἁμαρτίαν

328 4593 551 4691 Estque
599 4595 724 4651 haec
771 4597 899 4666 ejus
948 4597 1027 4652 rei
1084 4598 1252 4669 ratio,
1284 4600 1423 4671 quia
1472 4608 1605 4674 post
1650 4610 1975 4680 transgres-

2128 4612 2185 4673 ἧς
2246 4608 2511 4686 αἰσχύνης
2571 4613 2704 4684 μετὰ
2742 4615 2842 4683 τήν
2902 4611 3205 4691 παράϐασιν
3243 4637 3256 4650 ⁸
3317 4593 3625 4683 καταλύσας
3679 4621 3745 4676 τὸ

327 4681 552 4738 sionem
578 4682 763 4737 Adam
812 4684 1037 4755 accepit
1068 4685 1204 4741 folia
1233 4687 1381 4743 ﬁcus
1418 4689 1483 4757 ³³,
1512 4690 1730 4761 quibus
1761 4696 1981 4752 obtexit

324 4786 445 4825 suis
473 4771 862 4843 turpitudinis
892 4777 1223 4845 peccatum;
1248 4793 1378 4831 cum
1416 4779 1769 4837 destruxerit
1793 4787 1980 4842 trans-

320 4860 646 4930 gressionis
678 4867 1002 4932 peccatum,
1033 4869 1089 4918 et
1140 4865 1443 4921 conﬁxerit
1491 4868 1884 4944 deleveritque
1916 4875 1971 4931 in

318 4965 509 5017 cruce,
534 4949 772 5005 arefecit
801 4952 1141 5021 operculum
1164 4954 1404 5024 peccati,
1440 4958 1607 5028 quasi
1644 4958 1781 5015 folia
1804 4962 1969 5033 ﬁcus,

315 5037 534 5110 quibus
565 5039 746 5093 Adam
776 5041 1080 5111 tegebatur
1111 5047 1243 5113 post
1271 5047 1824 5116 transgressionem.

385 5127 611 5190 Quaesr.
649 5129 839 5183 XXIII.
875 5130 1021 5193 Quid
1076 5135 1165 5185 est
1220 5134 1373 5203 quod
1407 5135 1721 5211 (Christus)
1779 5141 1919 5198 dicit
1953 5162 1965 5200 :

311 5238 340 5265 «
373 5214 644 5290 Quinque
684 5217 843 5272 viros
894 5217 1176 5287 habuisti,
1208 5225 1265 5275 et
1318 5239 1474 5279 nunc
1523 5242 1698 5296 quem
1762 5228 1965 5302 habes,

308 5320 424 5359 non
456 5311 547 5361 est
575 5310 714 5362 tuus
743 5306 829 5360 vir
847 5306 939 5360 3‘?

379 5393 545 5449 Resp.
599 5395 727 5451 Haec
753 5393 967 5451 mulier
1021 5396 1178 5453 viros
1227 5398 1399 5469 juxta
1456 5402 1963 5468 Samaritanorum

2089 4697 2389 4771 ἁμάρτημα
2443 4704 2545 4765 τῆς
2615 4698 2973 4778 παραϐάσεως
3008 4747 3022 4773 ,
3077 4705 3169 4761 καὶ
3224 4707 3593 4783 προσηλώσας
3651 4710 3742 4765 καὶ

2087 4785 2369 4862 ἐξαλείψας
2417 4789 2467 4843 ἐν
2517 4794 2596 4862 τῷ
2643 4796 2875 4868 σταυρῷ,
2927 4793 3150 4870 ἐξήρανε
3194 4797 3257 4851 τὸ
3314 4796 3583 4871 κάλυμμα
3638 4799 3741 4867 τῆς

2084 4877 2371 4953 ἁμαρτίας,
2404 4878 2478 4940 ὡς
2506 4880 2573 4934 τὰ
2618 4879 2803 4954 φύλλα
2847 4881 2943 4950 τῆς
2994 4888 3162 4950 συκῆς
3215 4884 3248 4939 ἃ
3278 4882 3679 4962 περιεϐέϐλητο
3712 4889 3740 4943 6

2085 4963 2258 5040 Ἀδὰμ
2285 4968 2419 5041 μετὰ
2438 4968 2536 5037 τήν
2566 4972 2871 5045 παρακοήν.

2150 5145 2343 5220 Ἐρώτ.
2376 5148 2482 5220 κγ’.
2513 5146 2574 5199 Τί
2601 5146 2767 5223 λέγει,
2801 5146 2886 5202 ὅτι
2915 5173 2943 5201 ‹‹
2979 5149 3145 5204 Πέντε
3194 5148 3389 5226 ἄνδρας
3437 5149 3617 5230 ἕσγες,
3649 5154 3738 5208 καὶ

2077 5231 2164 5288 νῦν
2192 5234 2249 5289 ὃν
2283 5231 2432 5310 ἔχεις
2462 5233 2561 5290 οὐκ
2585 5234 2696 5291 ἔστι
2728 5257 2824 5292 σου
2855 5238 2993 5315 ἀνήρ
3028 5266 3043 5310 ;
3079 5262 3108 5291 »

2146 5413 2339 5472 ’Δπόκ.
2372 5415 2436 5473 Ἥ
2467 5416 2605 5491 γυνὴ
2652 5410 2808 5492 ἔσχεν
2860 5414 3057 5494 ἄνδρας
3101 5420 3241 5475 κατὰ
3287 5419 3380 5476 τὸν
3425 5420 3592 5493 νόμον
3621 5426 3732 5476 τῶν

372 5606 419 5642 ²⁶
457 5607 661 5662 Matth.
704 5626 797 5678 xx,
840 5611 891 5665 1.
966 5610 1013 5645 ³⁵
1055 5612 1184 5667 Luc.
1227 5630 1319 5684 xv,
1360 5616 1415 5672 8.
1492 5619 1538 5654 ²⁶
1580 5620 1789 5680 Matth.
1830 5642 1931 5683 xm
1995 5661 1998 5670 ι

330 5679 352 5715 ο
394 5678 573 5715 Mnnh
652 5698 746 5715 νιυ
800 5682 864 5715 ευ.
968 5685 1010 5715 al
1058 5688 1208 5715 un-..
1266 5703 1319 5715 υ.
1387 5689 1453 5715 ιε)
1518 5692 1579 5715 ιι
1682 5693 1727 5715 ιο
1774 5697 1825 5715 τ,
1935 5668 1951 5697 ’

2138 5627 2389 5715 ξηρῇ.
2442 5629 2531 5686 33.
2608 5631 2655 5715 ’ξ
2693 5632 2894 5715 litatth.
2928 5649 3014 5702 ιη,
3074 5635 3222 5715 7.__”
3257 5635 3434 5696 Num.
3475 5652 3594 5707 xxv,
3638 5637 3727 5695 10.

393 5678 602 5735 Matth.
651 5682 889 5752 x1v,34.
968 5685 1010 5719 ³¹
1057 5688 1229 5741 Marc.
1263 5678 1341 5755 xi,
1387 5689 1477 5757 13,
1518 5692 1603 5748 14.
1682 5693 1727 5729 ⁸²
1765 5678 1951 5755 Jo’é‘d’.’
1977 5716 1996 5755 ι

2128 5699 2194 5759 ,7.
2226 5678 2299 5737 θ’θ’
2311 5678 2577 5775 ἇόηἷῖἱι,
2615 5706 2673 5759 7.
2693 5678 3097 5779 ῖῖ“ῖι’ὀῖιι’.“ἰν,’
3117 5678 3206 5764 '18.
