4132 6356
409 412 524 472 711

408 628 588 692 οὐδεὶς
619 629 719 706 γάρ
754 629 894 704 πρὸς
925 625 1092 695 αὐτὴν
1127 626 1199 687 ὡς
1234 621 1471 699 νὸμιμον
1514 630 1741 701 γυναῖκα
1786 627 2072 703 προσεγγί-

410 727 515 791 ζειν
549 715 845 789 ἠϐούλετο,
882 716 1093 785 Έκείνη
1129 712 1185 768 δὲ
1220 716 1295 787 μὴ
1334 716 1567 792 φέρουσα
1613 714 1923 789 χαλινῶσαι
1971 718 2067 786 τήν

409 809 723 883 ἐπιθυμίαν,
756 805 1030 881 λαθραίως
1064 804 1181 880 εἶχε
1209 805 1297 858 τὸν
1332 806 1666 879 πορνεύονται
1712 806 1826 877 μετ’
1880 804 2069 876 αὐτῆς,

406 901 494 955 καὶ
528 898 628 955 οὐκ
656 899 724 969 ἦν
757 896 879 951 οὔτε
909 895 1209 972 περιφανὴς
1242 890 1365 948 οὔτε
1396 894 1651 967 νόμιμος.
1688 894 1825 970 Εἶχε
1871 893 1927 949 δὲ
1976 895 2072 951 αὐ-

406 990 497 1045 τὸν
531 986 700 1064 ἄνδρα
732 989 1009 1063 κρυπτῶς.

478 1187 672 1261 Ἐρώτ.
746 1180 847 1239 κδ’.
930 1178 1077 1243 Τίνες
1151 1181 1281 1235 εἰσὶν
1357 1180 1615 1251 ἀληθινοὶ
1674 1182 2066 1257 προσκυνηταὶ,

410 1276 601 1338 οἵτινες
658 1276 798 1348 μήτε
854 1271 905 1327 ἐν
957 1277 1038 1343 τῷ
1086 1266 1198 1345 ὄρει
1252 1270 1459 1342 ἐκείνῳ,
1510 1272 1647 1343 μήτε
1700 1270 1751 1324 ἐν
1803 1272 2069 1346 Ἰερουσα-

414 1364 557 1437 λὴμ,
604 1363 727 1419 ἀλλ’
778 1362 828 1417 ἐν
881 1360 1148 1434 πνεύματι
1178 1360 1268 1414 καὶ
1299 1359 1528 1431 ἀληθείᾳ
1554 1365 1918 1437 προσκυνοῦσι
1974 1362 2066 1417 τὸν

418 1455 547 1510 Θεὸν
572 1474 585 1523 ;

492 1543 681 1600 Ἀπόκ.
722 1540 884 1599 Οὗτοί
911 1539 1042 1594 εἰσιν
1101 1539 1154 1593 οἱ
1205 1537 1255 1592 ἐν
1313 1538 1543 1611 ἐρήμοις
1600 1538 1691 1593 καὶ
1753 1534 1922 1614 ὄρεσι,
1976 1538 2065 1594 καὶ

417 1631 709 1702 σπηλαίοις
760 1630 847 1685 καὶ
894 1634 1013 1691 ταῖς
1076 1628 1235 1689 ὀπαῖς
1311 1630 1411 1696 τῆς
1490 1635 1595 1702 γῆς
1666 1633 2065 1698 κατοικοῦντες,

412 1719 625 1789 οἷ’τινες,
687 1718 863 1795 χωρὶς
922 1718 1185 1788 συνάξεως
1244 1715 1700 1786 ἐκκλησιαστικῆς
1762 1715 1830 1771 δι’
1888 1713 2063 1793 ἔργων

406 1810 616 1885 ἀγαθῶν
649 1809 777 1880 θείῳ
807 1806 1074 1879 πνεύματι
1109 1806 1500 1883 φωτιζόμενοι,
1553 1805 1603 1859 ἐν
1661 1804 1929 1879 πνεύματι
1972 1804 2063 1860 καὶ

409 1896 635 1969 ἀληθείᾳ
682 1900 1046 1973 προσκυνοῦσι
1094 1896 1185 1949 τὸν
1237 1894 1363 1949 Θεὸν
1415 1895 1503 1949 καὶ
1548 1893 1754 1969 Πατέρα
1784 1897 1943 1967 ἡμῶν
1971 1895 2059 1949 τὸν

407 1986 457 2041 ἐν
516 1992 633 2048 τοῖς
691 1985 966 2063 οὐρανοῖς,
1028 1984 1319 2058 ἐμέμπτως
1380 1984 1620 2058 βιοῦντες
1676 1983 1765 2038 καὶ
1816 1988 1894 2055 τῷ
1951 1987 2066 2055 Θεῷ

407 2071 814 2153 εὐσεϐοφρὸνως
896 2072 1271 2149 λατρεύοντες,
1349 2072 1402 2127 ἐν
1478 2074 1622 2147 πάσῃ
1683 2067 1924 2143 εὐσεϐείᾳ
1972 2072 2064 2127 καὶ

406 2164 698 2237 σεμνότητι
729 2169 834 2219 τῶν
880 2164 1082 2238 ἀρετῶν
1132 2160 1555 2235 ὀιαλάμποντες,
1607 2162 1697 2216 καὶ
1744 2162 1842 2216 οὐκ
1873 2159 2063 2237 ἔχουσι

406 2274 594 2329 χρειαν
654 2252 948 2324 ἐκκλησίας
1002 2252 1035 2321 ἢ
1082 2251 1274 2321 τόπου,
1307 2250 1433 2306 ἀλλ’
1466 2250 1619 2305 αὐτοὶ
1651 2250 1870 2313 ἑαυτοὺς
1903 2250 2063 2314 ναοὺς

404 2348 685 2405 ποιοῦντες
717 2348 835 2403 ταῖς
888 2342 1115 2416 ἀγαθαῖς
1166 2340 1461 2417 ἐργασίαις,
1517 2339 1566 2395 ἐν
1599 2340 1757 2395 παντὶ
1789 2341 1944 2413 τόπῳ
1973 2340 2064 2395 καὶ

405 2430 687 2508 πανταχοῦ
719 2431 1058 2505 εὐαρεστοῦσι
1090 2430 1151 2484 τὸ
1180 2436 1355 2502 Θεῖον,
1390 2426 1753 2493 ἀδιαλείπτως
1803 2435 1895 2485 καὶ
1927 2428 2064 2483 εἷ’λι-

400 2526 602 2596 κρινῶς
656 2520 816 2575 αὐτὸν
880 2518 1262 2594 θεραπεύοντες
1320 2517 1489 2581 πάσας
1546 2521 1640 2581 τὰς
1698 2521 1907 2596 ἡμέρας
1963 2526 2064 2588 τῆς

407 2617 554 2681 ζωῆς
585 2610 782 2667 αὐτῶν,

479 2699 671 2774 Ἐρώτ.
705 2707 799 2755 κε’.
859 2699 925 2755 Τί
986 2699 1151 2775 λέγει·
1213 2722 1241 2750 ‹‹
1296 2697 1415 2751 Ἐὰν
1451 2695 1545 2752 δύο
1578 2697 1730 2770 ὐμῶν
1764 2699 2063 2775 συμφωνή-

412 2809 573 2844 σωσιν
609 2787 698 2843 ἐ.πί
749 2794 849 2858 τῆς
904 2795 1029 2863 γῆς,
1080 2787 1167 2842 ἐπὶ
1228 2788 1426 2849 παντὸς
1473 2784 1817 2863 πράγματος,
1872 2784 1933 2841 οὗ
1974 2786 2062 2841 ἐάν

416 2878 767 2949 αἰτήσωνται,
797 2879 1077 2953 γενήσεται
1110 2876 1292 2937 αὐτοῖς
1319 2896 1332 2946 ;
1370 2899 1397 2926 ››

490 2967 683 3023 Ἀπόκ.
716 2966 966 3021 Τουτέστι
1015 2966 1140 3040 περὶ
1200 2967 1399 3027 παντὸς
1448 2965 1793 3041 πράγματος,
1854 2967 1916 3020 οὗ
1975 2965 2061 3020 ἐὰν

418 3059 755 3135 συμφωνήσῃ
798 3059 832 3125 ἡ
889 3055 1043 3130 ψυχή
1096 3055 1230 3129 μετὰ
1261 3060 1357 3109 τοῦ
1390 3056 1665 3128 σώματος,
1695 3050 1945 3116 εὐσεϐοῦς
1974 3055 2064 3109 καὶ

415 3146 661 3220 ἐναρέτου
713 3147 1051 3217 ζητήματος,
1106 3146 1133 3198 ὁ
1182 3146 1309 3205 Θεὸς
1354 3144 1406 3197 ἐν
1443 3145 1591 3217 μέσῳ
1634 3143 1810 3197 αὐτῶν
1837 3144 2063 3219 γίνεται,

412 3235 593 3309 ὥσπερ
644 3239 724 3306 τῷ
783 3233 946 3305 Ἦλίᾳ
1002 3233 1053 3287 ἐν
1103 3238 1186 3305 τῷ
1243 3229 1379 3307 ὄρει,
1441 3234 1530 3287 καὶ
1608 3232 1813 3301 Δανιὴλ
1874 3232 1925 3286 ἐν
1984 3238 2063 3305 τῷ

411 3324 597 3397 λάκκῳ
648 3321 1091 3401 προσομιλήσας,
1138 3324 1227 3377 καὶ
1275 3322 1342 3377 τά
1388 3322 1667 3396 αἰτήματα
1704 3322 1878 3377 αὐτῶν
1914 3321 2060 3393 πλη-

408 3415 610 3489 ρώσας.

481 3504 673 3579 Ἐρώτ.
707 3505 809 3567 κς’.
840 3501 900 3556 Τί
951 3500 1121 3577 λέγει’
1180 3526 1208 3553 ‹‹
1258 3503 1398 3565 Ἱσθι
1449 3500 1646 3555 εὐνοῶν
1695 3505 1775 3573 τῷ
1805 3497 2062 3574 ἀντιδίκῳ

407 3613 526 3662 σου,
557 3592 665 3655 ἓως
688 3590 751 3646 οὗ
784 3591 834 3646 εἴ
861 3591 912 3646 ἐν
944 3595 1013 3665 τῇ
1049 3588 1159 3663 ὑδῷ
1193 3592 1306 3663 μετ’
1339 3589 1553 3646 αὐτοῦῖ
1587 3615 1615 3641 ››

479 3771 673 3827 Ἀπόκ.
710 3766 1003 3826 Ἀντίδικὸν
1066 3767 1183 3824 ἐστε
1228 3768 1291 3823 τὸ
1351 3766 1511 3841 σῶμα
1564 3772 1632 3833 τῆ
1674 3771 1849 3843 ψυχῇ.
1885 3772 2062 3823 Ταῦτα

407 3860 510 3935 γὰρ
589 3857 862 3929 ἀλλήλοις
939 3858 1254 3927 ἀντίκειται,
1313 3855 1386 3919 ὥς
1443 3878 1573 3934 φησι
1638 3854 1873 3919 Παῦλος.
1932 3858 2057 3911 Ὑπ-

409 3949 721 4021 ωπιάζομεν
755 3949 855 4022 γὰρ
886 3946 975 4001 καὶ
1008 3943 1462 4021 δουλαγωγοῦμεν
1498 3945 1561 3999 τὸ
1594 3950 1773 4017 σῶμα,
1808 3945 2056 3999 εὐνοοῦν-

407 4058 493 4099 τες
526 4034 613 4091 διὰ
662 4036 913 4107 νηστείας
967 4035 1055 4090 καὶ
1104 4033 1398 4110 ἀγρυπνίας
1445 4034 1536 4088 καὶ
1588 4042 1687 4103 τῆς
1722 4034 1921 4102 λοιπῆς
1956 4055 2057 4087 κα-

407 4126 719 4191 κοπαθείας,
768 4123 861 4179 ’ίνα
912 4122 1107 4198 μηκέτι
1174 4122 1506 4194 ἐξανίσταται
1564 4129 1663 4192 τῆς
1722 4126 1906 4197 ψυχῆς
1968 4119 2058 4177 διὰ

408 4217 589 4269 παθῶν
645 4223 745 4284 τῆς
798 4214 1042 4287 ἀτιμίας.
1095 4210 1248 4270 Ὀδὸν
1303 4210 1468 4285 λέγει,
1518 4211 1608 4266 τὸν
1663 4210 1887 4284 μάταιον
1941 4211 2057 4287 βίον

404 4308 592 4358 τοῦτον
617 4304 706 4358 καὶ
770 4301 995 4358 πλάνονο
1058 4301 1116 4357 ἂν
1174 4301 1274 4377 γὰρ
1324 4298 1465 4374 λυθῇ
1496 4302 1530 4370 ἡ
1565 4301 1717 4376 ψυχή
1744 4304 1841 4354 τοῦ
1872 4300 2057 4373 σώμα-

400 4414 512 4461 τος,
545 4395 634 4448 καὶ
661 4391 849 4467 ἐξέλθῃ
876 4397 972 4446 τοῦ
1029 4391 1149 4467 βίου
1206 4389 1403 4445 τούτου
1457 4390 1546 4443 καὶ
1594 4397 1695 4460 τῆς
1758 4386 1907 4458 ὁδοῦ,
1957 4388 2057 4445 οὐκ

400 4481 477 4538 ἔτι
509 4484 828 4559 ἐργάζεσθαι
860 4483 1053 4557 ἀγαθὸν
1089 4478 1329 4537 δύναται.
1369 4478 1681 4556 Κοδράντης
1733 4479 1789 4535 δὲ
1837 4480 2051 4556 λέγεται

397 4572 487 4627 καὶ
518 4572 649 4627 αὐτο
678 4573 740 4627 τὸ
790 4570 1207 4645 ἐγκατάλειμμα
1253 4575 1348 4625 τοῦ
1399 4569 1674 4643 ἐνθυμίου.
1722 4568 1948 4645 Λέγεται
1997 4567 2054 4625 δὶ

1688 402 2208 476 QUAES’I‘IONES
2257 410 2333 468 IN
2382 412 2453 469 N.
2503 413 2574 470 T.

407 543 786 617 Σαμαρειτῶν·
825 535 1207 608 ἐτελεύτησαν,
1263 537 1377 609 μετ’
1435 534 1670 598 ἐκείνους
1731 536 2061 612 ἐπόρνευσεν·

2185 540 2372 613 legem
2407 543 2633 613 habuit,
2667 546 2879 599 morlui
2932 546 3030 617 qui
3055 547 3178 615 jam
3220 551 3422 615 erant;

3723 418 3845 477 718

3476 552 3679 619 postea
3711 566 3842 604 vero

2183 631 2595 686 scortabatur:
2657 650 2824 689 nemo
2898 634 3190 705 siquidem
3266 652 3397 690 cum
3461 651 3529 690 ea
3589 642 3649 691 ut
3708 654 3841 693 cum

2182 736 2359 775 uxore
2408 720 2672 793 legitima
2723 724 2874 779 coire
2929 723 3179 779 volebat.
3214 723 3319 779 Illa
3376 742 3510 779 vero
3567 727 3848 798 concupi-

2181 809 2467 865 scentiam
2501 829 2671 867 suam
2728 829 2859 867 cum
2923 813 3213 868 refrenare
3272 829 3386 868 non
3437 818 3654 885 posset,
3689 815 3841 871 clam

2181 900 2333 970 apud
2366 916 2428 955 se
2459 900 2647 955 virum
2696 902 2931 967 habuit,
2963 918 3095 957 cum
3150 918 3261 972 quo
3302 902 3707 973 fornicaretur,
3741 922 3839 959 ne-

2180 1004 2291 1057 que
2321 993 2445 1044 erat
2486 988 2582 1045 hic
2632 990 2982 1047 manifestus
3037 995 3137 1046 aut
3192 990 3490 1061 legitimus
3550 992 3836 1049 maritus:

2181 1077 2281 1133 sed
2315 1093 2449 1134 eum
2479 1079 2665 1135 virum
2702 1096 2902 1136 secum
2928 1080 3182 1136 habebat
3211 1080 3457 1136 occulte.

2253 1187 2479 1251 Qumsr.
2512 1186 2701 1243 XXIV.
2740 1188 2989 1253 Quinam
3022 1192 3162 1243 sunt
3190 1187 3271 1242 illi
3325 1187 3443 1242 veri
3474 1188 3832 1256 adoratores,

2180 1273 2280 1343 qui
2313 1290 2418 1331 nec
2475 1274 2535 1330 in
2567 1275 2677 1331 hoc
2736 1281 2955 1344 monte,
3006 1293 3110 1331 nec
3163 1262 3569 1347 Jerosolymis,
3612 1276 3711 1332 sed
3773 1277 3832 1331 in

2178 1361 2390 1433 spiritu
2424 1364 2672 1420 adorant
2701 1369 2881 1421 Deum
2913 1370 2969 1421 et
2998 1364 3059 1420 in
3090 1364 3327 1421 veritate
3351 1364 3439 1419 ³⁵⁸2

2249 1538 2416 1595 Resp.
2452 1540 2551 1595 Isti
2611 1546 2749 1597 sunt
2777 1542 2874 1613 qui
2906 1541 2967 1597 in
3015 1542 3262 1598 desertis
3293 1545 3351 1597 et
3402 1542 3459 1597 in
3507 1542 3832 1611 montibus,

2178 1628 2276 1698 qui
2309 1628 2368 1683 in
2401 1630 2697 1702 speluncis
2756 1635 2813 1687 et
2869 1631 3134 1687 cavernis
3180 1636 3347 1687 terrae
3408 1631 3697 1700 habitant,
3731 1632 3834 1703 qui

2176 1717 2321 1773 citra
2377 1724 2729 1775 conventum
2788 1720 3066 1787 ecclesiae,
3106 1738 3209 1793 per
3266 1737 3442 1793 opera
3497 1721 3669 1789 bona,
3731 1721 3835 1778 Dei

2176 1807 2389 1878 spiritu
2449 1807 2786 1877 illuminati,
2821 1810 2881 1865 in
2941 1809 3151 1882 spiritu
3191 1814 3247 1865 et
3302 1810 3542 1865 veritate
3585 1811 3835 1866 adorant

2174 1901 2358 1952 Deum
2389 1904 2446 1953 et
2474 1902 2704 1954 Patrem
2738 1904 3007 1954 nostrum
3042 1899 3137 1969 qui
3170 1904 3258 1955 est
3292 1900 3351 1953 in
3385 1898 3565 1954 caelis.
3600 1899 3707 1965 Qui
3740 1899 3830 1954 in-

2176 1986 2406 2058 culpata
2438 1988 2662 2059 vivunt,
2696 1992 2753 2043 et
2809 1993 2987 2043 Deum
3033 1988 3304 2061 religiose
3342 1993 3399 2044 et
3450 1988 3544 2060 pie
3573 1987 3830 2045 colentes

2175 2076 2335 2130 omni
2368 2076 2583 2147 pietate
2615 2082 2673 2134 et
2726 2077 3033 2134 honestate
3091 2078 3375 2133 virtutum
3408 2077 3691 2145 relucent,
3724 2095 3830 2134 nec

2175 2181 2323 2237 Opus
2353 2165 2573 2221 habent
2612 2166 2874 2238 ecclesia,
2905 2173 3007 2223 aut
3056 2166 3181 2223 loco
3213 2166 3350 2222 huic
3380 2166 3460 2221 rei
3511 2167 3827 2233 destinato,

2176 2255 2276 2309 sed
2310 2254 2419 2325 ipsi
2450 2256 2798 2327 semetipsos
2842 2256 3061 2328 templa
3089 2256 3259 2312 bonis
3308 2256 3583 2328 operibus
3613 2256 3828 2312 facien-

2175 2347 2282 2410 tes,
2317 2344 2521 2413 quovis
2556 2344 2679 2399 loco
2736 2350 2794 2400 et
2828 2346 3044 2416 ubique
3102 2344 3216 2400 Deo
3269 2343 3539 2417 placent:
3575 2345 3829 2417 denique

2175 2431 2412 2487 assidue
2442 2437 2498 2488 et
2526 2433 2751 2490 sincere
2808 2434 3085 2490 omnibus
3133 2434 3342 2490 diebus
3378 2433 3506 2489 vitae
3556 2451 3675 2490 suae
3702 2448 3829 2490 ser-

2174 2520 2357 2576 viunt.

2246 2699 2463 2763 Quas'r.
2496 2698 2658 2755 XXV.
2690 2699 2840 2764 Quid
2897 2705 2986 2757 est
3016 2702 3172 2772 quod
3235 2700 3465 2772 inquit:
3536 2720 3562 2752 α
3592 2700 3653 2756 Si
3714 2700 3830 2755 duo

2173 2797 2431 2845 vestrum
2462 2790 2866 2845 consenserint
2912 2806 3091 2861 super
3133 2794 3371 2861 terram,
3413 2806 3831 2861 quamcunque

2176 2895 2295 2934 rem
2329 2877 2618 2950 petierint,
2653 2878 2892 2933 dabitur
2922 2878 3007 2934 eis
3027 2878 3071 2913 ³⁸
3096 2878 3123 2933 ?
3158 2900 3186 2928 ››

2249 2966 2420 3022 RESP.
2455 2966 2573 3022 Hoc
2604 2972 2694 3021 est
2724 2966 2795 3022 de
2828 2984 3195 3039 quacumque
3241 2983 3301 3022 re
3332 2967 3667 3023 convenerit
3696 2967 3829 3021 ani-

2178 3072 2273 3111 ma
2302 3072 2436 3110 cum
2468 3072 2729 3127 corpore,
2761 3056 2831 3111 de
2870 3055 2966 3128 pio
3018 3055 3296 3111 nimirum
3329 3060 3387 3113 et
3434 3056 3614 3128 probo
3644 3072 3827 3128 nego-

2177 3146 2278 3215 tio,
2315 3152 2464 3202 Deus
2494 3147 2603 3202 erit
2632 3148 2690 3201 in
2748 3148 2938 3202 medio
2989 3164 3212 3215 eorum,
3264 3146 3416 3203 sicut
3446 3162 3580 3200 cum
3611 3145 3735 3201 Elia
3766 3148 3822 3201 in

2176 3242 2394 3303 monte,
2419 3240 2473 3290 et
2503 3238 2555 3290 in
2587 3237 2807 3291 foveam
2832 3254 2966 3291 cum
3006 3236 3236 3291 Daniele
3259 3238 3521 3291 versatus
3542 3237 3649 3301 est,
3675 3234 3829 3306 ipso-

2093 3301 2135 3367 (ἶ
2175 3342 2303 3380 rum
2337 3301 2667 3397 adimplens
2696 3325 3028 3397 petitiones.

2245 3503 2472 3566 Quass'r.
2532 3502 2723 3558 XXVI.
2782 3502 2930 3566 Quid
2989 3501 3133 3558 illud
3168 3502 3321 3574 quod
3378 3500 3557 3557 dicit:
3617 3524 3636 3551 α
3694 3501 3831 3557 Esto

2172 3592 2489 3647 benevolus
2518 3609 2653 3647 cum
2703 3591 3035 3648 adversario
3086 3597 3207 3661 tuo,
3258 3592 3397 3647 dum
3454 3590 3647 3646 adhuc
3677 3606 3739 3646 es
3770 3590 3831 3645 in

2171 3682 2261 3737 via
2292 3698 2427 3736 cum
2458 3680 2557 3737 illo
2582 3682 2623 3716 ³⁷
2650 3680 2678 3735 Ῡ
2711 3705 2732 3733 ι

2243 3770 2414 3825 Resp.
2446 3770 2831 3825 Adversarius
2862 3770 3070 3825 animae
3104 3787 3318 3842 corpus
3349 3774 3476 3826 est:
3516 3768 3638 3824 haec
3670 3768 3828 3824 enim

2170 3859 2282 3915 sibi
2316 3860 2702 3915 adversantur
2748 3859 3021 3925 invicem,
3080 3859 3581 3931 quemadmodum
3632 3858 3827 3929 inquit

2168 3948 2386 4004 Paulus
2408 3948 2451 3983 ⁸⁸
2479 3966 2492 4017 ;
2525 3948 2886 4021 castigamus
2918 3950 3076 4004 enim
3108 3954 3164 4004 et
3206 3949 3265 4003 in
3297 3948 3637 4004 servitutem
3670 3946 3826 4001 redi-

2167 4037 2362 4110 gimus
2393 4053 2609 4107 corpus
2638 4054 2740 4108 per
2777 4038 3027 4108 jejunia,
3056 4036 3287 4110 vigilias
3336 4041 3392 4092 et
3426 4052 3529 4108 per
3559 4035 3704 4090 alias
3736 4034 3819 4090 af-

2166 4124 2490 4181 ﬂictiones:
2526 4126 2702 4196 idque
2746 4126 2897 4181 bono
2928 4131 2985 4181 et
3012 4126 3291 4182 benevolo
3342 4126 3559 4193 animo,
3588 4142 3661 4181 ne
3691 4141 3815 4180 am-

2165 4214 2321 4286 plius
2352 4220 2556 4269 contra
2585 4214 2844 4269 animam
2877 4231 2979 4284 per
3022 4215 3529 4287 concupiscentiae
3560 4213 3818 4287 ignomi-

2166 4304 2363 4359 niosas
2396 4304 2681 4375 insurgat.
2715 4303 2880 4358 Viam
2923 4302 3086 4370 dicit,
3116 4322 3323 4359 vanam
3370 4304 3521 4359 hanc
3551 4305 3815 4361 fallacem

2164 4395 2341 4449 vitam
2374 4412 2386 4450 ;
2424 4412 2558 4449 nam
2593 4411 2626 4449 a
2656 4410 2896 4465 corpore
2933 4398 3239 4466 postquam
3295 4393 3489 4449 anima
3522 4400 3814 4466 separata,

2162 4489 2219 4539 et
2250 4501 2319 4540 ex
2350 4484 2456 4539 hac
2487 4484 2603 4538 vita
2645 4483 2853 4554 viaque
2884 4482 3061 4538 fuerit
3109 4500 3362 4556 egressa,
3414 4500 3529 4538 non
3561 4483 3820 4555 amplius

2165 4580 2356 4645 potest
2386 4572 2616 4645 operari
2650 4573 2891 4628 bonum.
2935 4573 3242 4636 Quadrans
3291 4576 3485 4627 autem
3519 4572 3818 4641 dicuntur,

403 4662 491 4716 καὶ
551 4663 585 4730 ἡ
647 4657 949 4730 συνείδησις
1009 4657 1295 4720 ἀντίδικος’
1359 4657 1574 4733 ἐλέγχει
1625 4658 1727 4733 γὰρ
1798 4661 1943 4731 ἡμᾶς
2005 4657 2054 4712 ἐν

2185 4662 2357 4734 ripsae
2390 4661 2649 4733 reliquiae
2692 4661 3067 4734 cogitationis
3084 4662 3148 4717 3°.
3185 4684 3212 4709 ››
3258 4661 3489 4718 Dicitur
3520 4678 3650 4718 vero
3682 4679 3821 4719 con-

400 4754 469 4824 τῇ
502 4747 697 4826 καρδίᾳ
747 4753 1023 4825 κρυπτῶς,
1055 4749 1143 4802 καὶ
1176 4747 1507 4821 ἀναχαιτίζει
1556 4747 1661 4801 ἀπὸ
1709 4751 1806 4801 τοῦ
1864 4751 2053 4817 κακοῦ,

401 4840 491 4894 καὶ
524 4839 609 4893 ἐὰν
649 4840 724 4911 μὴ
786 4838 1101 4909 ἀκούσωμεν
1165 4836 1351 4906 αὐτοῦ,
1411 4832 1639 4910 ἔσχατον
1688 4833 2056 4909 παραδίδωσιν

402 4932 549 5001 ἡμᾶς
582 4928 634 4983 ἐν
662 4933 743 5000 τῷ
771 4927 1040 5003 κριτηρίῳ
1072 4930 1167 4980 τοῦ
1207 4929 1342 4980 Θεοῦ
1390 4927 1479 4978 καί
1531 4922 1776 4997 δώσομεν
1840 4924 2055 4987 εὐθύνας

406 5019 538 5093 ὑπέρ
568 5039 626 5072 τε
654 5022 763 5071 τῶν
801 5015 1055 5092 μεγάλων
1101 5015 1535 5091 ἁμαρτημάτων,
1564 5012 1653 5067 καὶ
1683 5016 1791 5066 τῶν
1821 5012 2052 5068 εὐτελῶν

401 5106 492 5161 καὶ
525 5105 645 5161 λίαν
680 5104 1010 5180 ἐλαχίστων.

474 5214 667 5287 Ἐρώτ.
699 5212 796 5281 κζ’·
828 5210 890 5266 Τί
948 5210 1110 5268 ἐστιν.
1163 5235 1191 5263 ‹‹
1242 5210 1521 5283 Ὡμοιώθη
1574 5212 1608 5279 ἡ
1662 5208 1909 5285 βασιλεία
1944 5214 2054 5264 τῶν

402 5301 643 5377 οὐρανῶν
668 5301 851 5374 κόκκῳ
882 5299 1154 5363 σινάπεως
1182 5320 1195 5369 ;
1231 5323 1259 5351 ››

473 5391 669 5449 Ἀπόκ.
702 5392 799 5445 Διὰ
825 5392 924 5460 τὴν
977 5388 1375 5465 ἁνθρωπότητα
1405 5386 1574 5465 λέγει,
1606 5388 1687 5443 ὅτι
1721 5413 1747 5439 ‹‹
1783 5386 2054 5451 Πλούσιος

400 5478 473 5537 ὥν
527 5479 884 5537 ἐταπείνωσεν
930 5478 1117 5535 ἑαυτὸν
1174 5476 1339 5555 μέχρι
1401 5479 1651 5548 θανάτου,
1707 5479 1937 5533 θανάτου
1996 5475 2053 5532 δὲ

472 5664 518 5700 ³⁸
546 5664 714 5720 Joan.
778 5679 853 5731 ιν,
912 5661 1002 5729 23,
1034 5660 1125 5715 24.

400 5734 445 5770 ⁸⁸⁵
474 5736 678 5792 Matth.
719 5751 850 5804 xm,
882 5735 971 5787 31.

1202 5660 1245 5695 ³⁸
1302 5659 1515 5715 Matth.
1575 5676 1736 5730 xvm,
1799 5660 1887 5715 19.

1965 5660 2008 5693 ³⁷
2065 5658 2270 5716 Matth.
2334 5676 2389 5723 ν,
2448 5658 2537 5711 ‘25.

2165 4751 2412 4807 scientia
2459 4750 2869 4806 adversarius:
2933 4767 3071 4806 nam
3122 4751 3350 4807 occulte
3405 4750 3465 4807 in
3514 4755 3685 4808 corde
3718 4770 3822 4808 no-

2164 4848 2285 4896 stro
2340 4840 2660 4911 redarguit,
2720 4846 2947 4895 coercet
3004 4857 3037 4895 a
3088 4840 3259 4910 malo,
3290 4846 3347 4897 et
3402 4842 3450 4897 si
3509 4842 3698 4897 simus
3730 4842 3819 4898 in-

2165 4930 2525 4993 obedientes,
2567 4930 2771 4983 eadem
2823 4946 2927 4984 nos
2987 4930 3225 4985 demum
3285 4932 3357 4985 ad
3405 4931 3505 4987 Dei
3556 4931 3817 4987 tribunal

2166 5018 2339 5084 sistit,
2376 5018 2474 5072 ubi
2506 5022 2563 5071 et
2595 5034 2794 5088 poenas
2825 5018 3099 5074 dabimus
3133 5024 3259 5074 tum
3315 5019 3647 5075 enormium
3680 5036 3818 5091 pec-

2166 5110 2454 5174 catorum,
2486 5111 2612 5161 tum
2645 5105 2822 5161 etiam
2850 5106 3063 5161 levium
3097 5112 3155 5162 et
3186 5106 3590 5163 minimorum.

2237 5216 2453 5279 Qua-231‘.
2483 5211 2709 5266 XXVII.
2759 5212 2907 5275 Quid
2942 5211 3086 5267 illud
3120 5218 3244 5268 est:
3281 5234 3309 5263 «
3361 5211 3564 5267 Simile
3593 5213 3813 5269 factum

2164 5307 2254 5358 est
2286 5318 2528 5372 regnum
2558 5301 2835 5356 caelorum
2870 5317 3052 5372 grano
3084 5300 3306 5371 sinapis
3327 5301 3415 5355 ‘0?
3448 5323 3476 5350 »

2235 5394 2406 5445 RESP.
2428 5389 2672 5462 Pr0pter
2687 5389 3008 5444 humanam
3032 5405 3199 5443 suam
3222 5393 3497 5445 naturam
3512 5390 3619 5445 hoc
3637 5391 3811 5447 dicit:

2164 5477 2396 5535 «Dives
2427 5477 2583 5534 enim
2642 5495 2776 5534 cum
2836 5481 3010 5543 esset,
3068 5475 3401 5535 humiliavit
3431 5479 3815 5552 semetipsum

2618 5659 2663 5693 τη
2720 5656 2846 5713 Gal.
2905 5675 2959 5723 v,
3020 5657 3107 5712 17.
3190 5657 3238 5692 ³⁰
3292 5660 3445 5717 Psal.
3506 5676 3666 5731 Lxxv,
3724 5661 3813 5718 41.
