4132 6358
303 363 423 420 719

1471 346 1533 404 S.
1582 336 2210 403 ATHANASIUS.—
2243 340 2557 403 SPUBIA.

3607 336 3729 401 720

304 507 494 565 usque
522 491 595 546 ad
653 494 926 554 mortem,
981 485 1231 537 mortem
1289 493 1421 533 vero
1462 476 1655 533 crucis
1674 476 1737 528 υ.
1775 498 1801 524 ιι
1834 475 1939 529 Μαι

2072 477 2322 549 σταυροῦ.
2370 498 2396 525 ››
2431 477 2583 549 Μέγα
2614 470 2672 527 δὲ
2699 472 2787 527 καὶ
2819 474 3009 545 κομῶν
3057 473 3173 534 τοῖς
3220 468 3454 550 φύλλοις
3502 468 3594 527 διὰ
3619 473 3720 541 τὴν

302 558 485 656 gnum
518 584 715 635 autem
746 581 803 631 et
834 573 989 629 foliis
1016 569 1320 625 luxurians
1352 567 1482 656 olus
1522 566 1687 633 dicit,
1724 569 1939 656 proptei

2067 561 2319 632 θεότητα.
2356 560 2578 619 ιΙετεινά
2610 559 2667 617 δὲ
2712 565 2809 617 τοῦ
2856 559 3089 633 οὐρανοῦ
3135 559 3188 615 ἐν
3218 564 3338 623 τοῖς
3365 558 3591 624 κλάδοις
3620 561 3721 616 αύ-

303 653 690 728 divinitatem.
725 663 1002 720 Volucres
1033 665 1230 715 autem
1262 655 1412 723 coeli,
1437 655 1623 711 ramis
1652 656 1780 727 ejus
1810 653 1953 709 insi-

2060 654 2160 704 τοῦ
2191 653 2473 730 προφήτας
2502 673 2592 707 και
2622 650 2988 722 ἀποστόλους,
3020 650 3111 705 καὶ
3141 649 3335 713 αὐτοὺς
3382 650 3509 713 τοὺς
3558 650 3719 728 εὐαγ-

304 762 532 823 dentes,
564 755 905 829 prophetas,
935 748 1234 821 apostolos
1276 752 1334 802 et
1379 743 1766 818 evangelistas
1794 743 1939 816 ipso:

2063 737 2319 813 γελιστάς
2351 739 2769 815 καθεζομένους.

303 848 599 921 intelligit.

376 920 605 1004 ρυεετ.
635 930 882 989 ΧΧνΙιι.
914 928 1059 993 Quid
1093 924 1241 981 illud
1284 923 1614 995 signiﬁcat:
1650 944 1678 972 ‹‹
1712 920 1839 977 Non
1870 921 1953 976 fa-

303 1027 472 1085 cietis
501 1025 697 1080 sisoen
726 1036 797 1077 ex
826 1034 995 1075 coma
1024 1013 1235 1088 capitis
1264 1011 1441 1069 vestri
1462 1012 1507 1046 ⁴¹
1525 1011 1552 1067 ?
1586 1033 1607 1061 ι

375 1116 527 1174 261
563 1113 736 1168 Resp.
768 1110 878 1181 (81)
924 1106 1129 1163 Sisoen
1176 1103 1415 1175 quidam
1449 1102 1620 1157 aliter
1664 1099 1953 1171 interpre-

301 1205 404 1262 tati
438 1208 597 1260 sunt.
630 1202 748 1271 Ego
780 1198 865 1254 sic
894 1195 1083 1252 sentio
1110 1211 1125 1249 :
1160 1191 1454 1265 prohiberi
1486 1191 1595 1246 hac
1623 1189 1748 1262 lege
1779 1189 1954 1260 capil-

298 1296 491 1351 lorum
521 1297 851 1347 tonsuram.
877 1285 1242 1341 Consuevere
1272 1296 1529 1351 namque
1558 1280 1736 1334 Greci
1767 1278 1952 1334 infan-

298 1389 427 1440 tum
460 1381 704 1437 vertices
733 1392 851 1432 non
880 1374 1141 1436 tondere,
1173 1376 1231 1427 et
1251 1369 1495 1441 capillos
1523 1384 1773 1434 servare,
1796 1383 1951 1423 eam-

298 1488 414 1545 que
443 1468 820 1543 postmodum
854 1461 1219 1519 daamonibus
1249 1458 1539 1514 dedicare.

368 1562 592 1625 Quss'r.
626 1554 812 1612 XXIX.
870 1555 1059 1619 Quare
1112 1549 1270 1604 ﬂavit
1324 1548 1385 1602 in
1444 1546 1766 1618 discipulos
1808 1563 1949 1602 suos

296 1650 586 1713 Christus,
611 1646 839 1700 dicens:
865 1640 1168 1711 «Accipite
1189 1639 1484 1709 Scriptum
1508 1642 1778 1691 sanctum
1803 1636 1847 1669 ιδ
1865 1634 1894 1689 ?
1916 1656 1942 1685 ››

369 1740 537 1794 RESP.
570 1730 1077 1800 Quemadmodum
1109 1743 1287 1797 super
1314 1741 1463 1781 caeco
1496 1725 1630 1779 fecit
1659 1723 1871 1790 lutum,
1891 1729 1947 1779 et

2134 917 2331 993 Ἐρώτ.
2358 926 2462 989 κη’.
2498 919 2558 974 Τί
2591 918 2699 975 ἐστι
2731 918 2812 974 τό·
2850 944 2877 973 ιι
2911 917 2983 975 Οὐ
3014 921 3273 991 ποιήσετε
3303 918 3491 991 σισόην
3525 918 3585 976 ἐκ
3610 927 3712 992 τῆς

2060 1003 2239 1078 κόμης
2268 1013 2371 1076 τῆς
2400 1005 2644 1085 κεφαλῆς
2678 1007 2827 1081 ὑμῶν
2855 1027 2869 1078 ;
2907 1032 2933 1059 ››

2133 1096 2325 1153 ’Δπόκ.
2377 1096 2534 1160 Τινὶς
2581 1098 2672 1152 τὸν
2725 1096 2911 1169 σισόην
2963 1096 3149 1160 ἀλλὼς
3198 1100 3569 1175 ἠρμήνευσαψ
3605 1098 3711 1176 ἐγὼ

2061 1181 2120 1239 δὶ
2149 1186 2304 1258 οἴμαι
2333 1186 2433 1255 τὴν
2467 1185 2764 1262 ἀπόκαρσιν
2816 1188 2909 1241 τὸν
2948 1186 3118 1259 νόμον
3151 1187 3525 1262 ἀπαγορεύειν.
3567 1188 3705 1246 Εἰώ-

2058 1274 2178 1328 θασι
2209 1275 2313 1350 γὰρ
2345 1275 2397 1329 οἱ
2427 1275 2700 1345 ’Έλληνες
2736 1277 2811 1349 μή
2843 1276 3148 1352 ἀποκείρειν
3196 1280 3306 1332 τῶν
3352 1275 3560 1333 παίδων
3616 1279 3711 1342 τὰς

2059 1364 2317 1440 κορυφὰς,
2348 1363 2439 1418 καὶ
2467 1366 2594 1426 τοὺς
2630 1363 2839 1438 μαλοὺς
2868 1365 2979 1437 ἐᾷν,
3011 1366 3101 1421 καὶ
3129 1366 3357 1429 τούτους
3393 1367 3528 1440 μειά
3573 1367 3710 1445 χρό-

2055 1472 2146 1505 νον
2180 1451 2481 1508 ἀνατιθέναι
2513 1459 2629 1515 τοῖς
2661 1451 2933 1526 δαίμοσιν.

2129 1542 2321 1614 Ἐρώτ.
2353 1542 2452 1598 κθ’.
2489 1545 2585 1597 Διὰ
2612 1543 2663 1597 τί
2696 1542 3018 1621 ἐνεφύσησεν
3052 1544 3080 1598 6
3111 1544 3342 1618 Χριστὸς
3374 1549 3491 1608 τοῖς
3526 1556 3708 1618 μαθη-

2053 1634 2171 1690 ταῖς
2202 1629 2365 1684 αύτοῦ
2400 1630 2594 1707 λέγων·
2628 1658 2654 1683 «
2702 1626 2904 1686 Λάϐετε
2960 1636 3176 1705 Πνεῦμα
3207 1634 3360 1706 ἅγιον
3386 1652 3400 1700 ;
3430 1658 3451 1685 ι

2124 1719 2320 1778 Ἀπόκ.
2361 1723 2565 1796 Ὥσπερ
2598 1720 2685 1775 ἐπὶ
2716 1718 3051 1798 τοῦτυφλοῦ
3091 1720 3315 1792 ἐποίησε
3360 1719 3566 1792 πηλὸν,
3618 1724 3707 1777 καὶ

295 1829 424 1900 ejus
456 1825 655 1882 oculos
686 1818 941 1887 illinivit,
996 1821 1062 1872 ut
1109 1815 1442 1871 ostenderet
1488 1814 1638 1885 quod
1687 1814 1812 1885 ipse
1842 1819 1939 1881 sit,

2062 1806 2311 1884 ἑπέχρισε
2364 1808 2491 1871 τοὺς
2551 1807 2870 1886 ὀφθαλμοὺς
2930 1809 3115 1883 αὐτοῦ,
3171 1807 3254 1864 ἵνα
3284 1806 3452 1885 δείξῃ,
3496 1810 3579 1865 ὅτι
3609 1811 3705 1867 αὖ-

297 1917 395 1990 qui
428 1918 500 1972 ab
530 1912 698 1970 initio
730 1908 1001 1966 formavit
1040 1904 1337 1961 hominem
1381 1920 1449 1959 ex
1476 1903 1637 1957 luto:
1671 1903 1743 1959 ad
1775 1918 1941 1957 eum-

295 2008 428 2062 dem
462 2003 699 2059 modum
731 1995 1051 2054 insulﬂavit
1079 1994 1258 2050 etiam
1288 1992 1349 2048 in
1380 1991 1724 2063 discipulos,
1755 1992 1945 2047 decla-

294 2112 430 2151 rans
461 2108 524 2148 se
553 2106 703 2157 esse,
735 2087 836 2159 qui
868 2084 1139 2157 spiritum
1172 2083 1269 2137 det
1286 2092 1342 2137 et
1372 2081 1548 2137 vitam
1580 2080 1941 2151 hominibus,

294 2200 396 2254 per
418 2180 776 2255 primitivam
799 2175 958 2231 illam
984 2171 1454 2244 inspirationem,
1474 2186 1650 2241 quam
1676 2171 1736 2225 in
1755 2170 1939 2224 Adam

289 2269 618 2344 inspiravit.
652 2266 816 2334 Quod
874 2268 1070 2318 autem
1114 2260 1339 2331 inquit:
1374 2282 1401 2310 «
1462 2258 1720 2330 Accipite
1757 2258 1943 2330 Spiri-

287 2366 412 2416 tum
444 2362 739 2420 sanctum,
793 2375 821 2403 »
848 2352 1011 2408 dedit
1055 2350 1203 2421 ipsis
1247 2366 1349 2421 per
1393 2348 1571 2403 istam
1604 2347 1944 2419 inspiratio-

291 2466 449 2520 nem,
499 2449 847 2518 potestatem
897 2445 955 2497 et
1000 2438 1249 2511 gratiam
1307 2438 1643 2492 remittendi
1685 2444 1940 2508 peccata.

296 2540 564 2593 Adventu
593 2538 787 2589 autem
812 2534 1025 2601 (sancti
1057 2525 1332 2598 Spiritus)
1361 2525 1421 2579 in
1445 2529 1651 2581 sancta
1673 2526 1944 2581 Penteco-

292 2634 403 2698 ste,
439 2622 717 2696 baptismi
762 2624 820 2676 et
866 2618 1172 2689 signorum
1220 2615 1493 2670 virtutem
1542 2614 1765 2669 tribuit.
1807 2613 1941 2671 Ideo

293 2715 525 2782 inquit:
561 2711 737 2766 «Vos
791 2704 1234 2779 baptizabimini
1266 2704 1321 2757 in
1370 2702 1586 2775 Spiritu
1630 2712 1835 2759 sancto
1883 2710 1943 2760 et

292 2802 590 2875 accipietis
634 2801 909 2854 virtutem
960 2792 1426 2866 supervenientis
1458 2792 1517 2847 in
1559 2809 1659 2848 vos
1689 2792 1940 2864 Spiritus

292 2890 565 2949 sancti“.
601 2910 629 2939 ››
662 2891 806 2941 Nam
838 2889 974 2939 ante
1005 2882 1339 2954 passionem
1371 2882 1499 2949 ejus
1539 2880 1785 2951 apostoli
1820 2899 1934 2937 non

2049 1897 2143 1960 τός
2176 1897 2315 1953 ἐστιν
2351 1898 2379 1953 6
2426 1896 2635 1960 πλάσας
2677 1901 2792 1954 κατ’
2833 1898 3009 1975 ἀρχὰς
3056 1899 3148 1954 τὸν
3181 1897 3466 1975 ἄνθρωπον
3504 1899 3568 1956 ἐκ
3606 1905 3706 1957 τοῦ

2050 1983 2257 2057 πηλοῦ*
2308 1989 2399 2042 τὸν
2444 1988 2603 2043 αὐτὸν
2655 1984 2721 2058 δὴ
2772 1987 2974 2064 τρόπον
3022 1989 3113 2044 καὶ
3158 1993 3280 2051 τοῖς
3313 1995 3580 2062 μαθηταῖς
3618 1989 3705 2046 ἐν·

2054 2076 2304 2153 εφύσησε,
2355 2073 2589 2145 δεικνὺς,
2637 2076 2719 2132 ὅτι
2764 2076 2924 2140 αὐτός
2969 2075 3109 2132 ἐστιν
3162 2079 3191 2132 6
3223 2075 3350 2140 δοὺς
3383 2079 3556 2148 πνοὴν
3613 2079 3703 2135 καὶ

2056 2167 2200 2235 ζωὴν
2254 2172 2371 2228 τοῖς
2418 2165 2725 2243 ἀνθρώποις
2773 2164 2862 2221 διὰ
2904 2171 3002 2222 τοῦ
3041 2164 3280 2223 παλαιοῦ
3310 2166 3704 2245 ἐμφυσήματος

2049 2258 2147 2308 τοῦ
2205 2254 2343 2329 πρὸς
2396 2256 2490 2309 τὸν
2542 2252 2740 2328 Ἀδάμ.
2800 2255 2984 2313 Εἰπὼν
3045 2253 3103 2311 δὲ
3160 2255 3364 2318 αὐτοῖς’
3423 2281 3451 2309 ‹‹
3499 2252 3703 2314 Λάϐετε

2052 2348 2270 2415 Πνεῦμα
2316 2346 2494 2419 ἅγιον·
2556 2368 2582 2395 »ι
2614 2341 2809 2400 ἔδωκεν
2869 2344 3051 2407 αὐτοῖς
3108 2343 3348 2417 ἐξουσίαν
3402 2346 3495 2401 καὶ
3538 2345 3701 2424 χάριν

2053 2430 2143 2486 διὰ
2170 2438 2265 2487 τοῦ
2296 2433 2686 2511 ἐμφυσήματος
2717 2434 2852 2509 πρὸς
2893 2434 2955 2489 τὸ
3003 2434 3213 2511 ἀφιέναι
3265 2435 3555 2508 ἁμαρτίας.
3607 2435 3705 2491 Διά

2048 2528 2150 2589 τῆς
2209 2520 2606 2599 ἆπιφοιτήσεως
2657 2522 2709 2578 ἐν
2763 2527 2832 2597 τῇ
2885 2523 3014 2598 ἁγίᾳ
3062 2526 3407 2598 Πεντηκοστῇ
3458 2524 3559 2592 τήν
3607 2529 3704 2579 τοῦ

2055 2611 2430 2685 βαπτίσματος
2483 2612 2573 2666 καὶ
2630 2613 2728 2682 τήν
2786 2617 2895 2667 τῶν
2953 2612 3196 2685 σημείων
3248 2610 3515 2687 ἐνέργειαν
3563 2634 3700 2687 παρ-

2050 2706 2186 2775 εῖχε.
2269 2703 2360 2756 Διό
2432 2721 2616 2779 φησιν·
2698 2727 2725 2754 ‹‹
2797 2702 2978 2774 Ὑμεῖς
3039 2699 3095 2757 δὲ
3137 2701 3587 2777 ’βαπτισθήσεσθε
3644 2702 3695 2758 ἐν

2047 2789 2321 2862 υνεύματι
2352 2790 2508 2867 ἁγίῳ,
2561 2790 2649 2845 καὶ
2704 2790 2943 2864 λήψεσθε
2983 2787 3210 2864 δύναμιν
3243 2787 3569 2855 ἐπελθόντος
3599 2796 3694 2846 τοῦ

2047 2879 2205 2954 ἁγίου
2249 2879 2560 2952 Πνεύματος
2620 2878 2700 2957 ἐφ’
2759 2880 2919 2951 ὑμὰ.
2969 2903 2997 2930 ››
3052 2881 3164 2954 Πρὸ
3209 2879 3312 2954 γὰρ
3360 2883 3456 2934 τοῦ
3486 2881 3685 2942 πάθους

289 2981 579 3039 sanabant
603 2982 848 3051 mgrotos
889 2989 990 3044 per
1016 2971 1302 3043 Spiritum
1351 2974 1622 3025 sanctum
1653 2986 1666 3024 :
1701 2970 1803 3025 sed
1838 2989 1939 3042 per

2062 2967 2144 3022 ιύκ
2197 2966 2249 3022 ἐν
2310 2968 2582 3041 Πνεύματι
2640 2967 2780 3042 ἁγίῳ
2835 2969 2933 3029 τὰς
2988 2965 3155 3029 ἰάσεις
3204 2966 3415 3023 ἐποίουν
3459 2967 3509 3020 o't
3547 2965 3680 3021 ἀπό-

287 3074 634 3143 potestatem
666 3072 724 3121 et
755 3064 1100 3120 mandatum
1139 3059 1253 3116 sibi
1284 3076 1318 3113 a
1346 3058 1574 3114 Christo
1626 3059 1930 3115 traditum.

286 3184 315 3213 «
345 3160 616 3216 Nondum
648 3155 803 3211 enim
832 3157 959 3209 erat
1000 3149 1257 3222 Spiritus
1296 3154 1558 3219 sanctus,
1590 3149 1729 3220 quia
1756 3149 1932 3205 Jesus

2062 3147 2349 3223 προστάξει.

288 3251 552 3307 nondum
587 3241 1149 3315 fueratgloriﬁcatus
1168 3239 1233 3293 ’⁵.
1250 3257 1277 3289 ιι
1302 3241 1341 3292 Α
1361 3241 1608 3292 mortuis
1632 3254 1765 3293 vero
1784 3244 1935 3309 post-

291 3355 469 3412 quam
515 3331 832 3392 resurrexit
882 3328 1244 3402 gloriiicatus
1299 3330 1411 3381 est.
1489 3326 1772 3397 Spiritum
1833 3344 1939 3382 au-

290 3434 407 3485 tem
440 3429 708 3483 sanctum
741 3436 878 3477 cum
909 3422 1093 3486 vocat,
1123 3434 1239 3472 non
1271 3416 1456 3471 sancti
1500 3416 1753 3487 Spiritus
1786 3416 1942 3471 indi-

298 3524 392 3575 cat
416 3512 760 3588 hypostasin
785 3526 799 3567 :
834 3512 956 3564 haec
980 3507 1136 3562 enim
1170 3511 1295 3561 erat
1318 3509 1472 3572 ante,
1499 3508 1557 3560 et
1587 3509 1692 3569 est,
1727 3510 1784 3560 et
1812 3504 1943 3573 erit,

300 3607 402 3664 sed
432 3603 687 3676 Spiritus
739 3598 926 3655 sancti
987 3597 1229 3663 donum,
1264 3594 1417 3665 quod
1476 3598 1609 3665 post
1651 3594 1947 3649 ascensio-

299 3712 459 3763 nem,
500 3690 749 3755 decimo,
778 3693 910 3761 post
937 3684 1424 3741 resurrectionem
1464 3700 1617 3751 vero,
1648 3683 1949 3754 quinqua-

295 3786 522 3860 gesimo
552 3782 647 3837 die
674 3777 833 3834 venit
862 3792 1039 3848 super
1066 3772 1389 3845 discipulos
1418 3771 1656 3828 Christi.

363 3896 599 3961 Qua-:s'r.
625 3885 787 3943 XXX.
818 3883 960 3949 Quis
991 3886 1082 3937 est
1110 3880 1210 3936 ille
1232 3880 1417 3950 judex
1460 3878 1811 3951 iniquitatis,
1843 3879 1942 3952 qui

290 3999 482 4056 neque
503 3981 689 4037 Deum
719 3974 911 4053 timet,
953 3986 1057 4027 nec
1087 3969 1385 4026 hominem
1408 3966 1681 4025 veretur?

351 4161 518 4217 Resp.
552 4156 747 4211 Deus:
807 4167 910 4208 nec
954 4149 1110 4206 enim
1161 4147 1248 4203 vel
1295 4152 1476 4203 Deum
1525 4146 1721 4217 habet,
1755 4164 1931 4220 quem

271 4250 521 4316 timeat;
548 4245 637 4301 vel
667 4241 990 4306 hominem,
1024 4254 1193 4311 quem
1229 4241 1584 4293 revereatur.
1623 4259 1643 4285 ι
1683 4236 1815 4292 Erat
1832 4254 1933 4293 au.

268 4343 391 4396 tem
422 4337 483 4393 in
511 4352 578 4391 ea
625 4334 861 4389 civitate
916 4328 1091 4384 vidua
1121 4327 1387 4399 quaedam
1410 4327 1472 4379 ‘5.
1506 4328 1641 4391 Quis
1701 4325 1802 4381 illa
1838 4326 1926 4381 vi-

2041 3055 2252 3128 στολοι,
2329 3054 2476 3111 ἀλλά
2546 3060 2614 3129 τῇ
2690 3056 2838 3132 παρά
2888 3060 2987 3111 τοῦ
3041 3059 3275 3131 Χριστοῦ
3330 3054 3537 3127 ἐξουσίᾳ
3588 3054 3680 3109 καὶ

2413 3171 2433 3198 ι
2496 3145 2665 3202 Οὔπω
2721 3145 2823 3221 γὰρ
2872 3145 2939 3214 ἧν
2987 3149 3206 3218 Πνεῦμα
3234 3145 3407 3219 ἅγιον,
3438 3143 3519 3199 δτι
3576 3144 3684 3214 ’1η-

2051 3240 2175 3297 σοῦς
2224 3232 2437 3289 ούδὲπω
2496 3231 2778 3305 ἐδοξάσθη.
2839 3257 2866 3287 ››
2920 3231 3237 3304 Δεδόξασται
3287 3232 3345 3288 δὲ
3374 3232 3605 3308 ἐγερθεὶς
3639 3231 3699 3288 ὲκ

2049 3328 2277 3398 νεκρῶν.
2313 3328 2589 3397 «Πνεῦμα
2618 3321 2676 3378 δὶ
2731 3324 2881 3397 ἅγιον
2940 3322 3223 3396 ὀνομάζων
3283 3321 3346 3377 ού
3400 3326 3499 3378 τοῦ
3544 3321 3699 3396 ἁγίου

2053 3410 2366 3485 Πνεύματος
2419 3413 2518 3481 τήν
2581 3410 2889 3467 ὑπόστασιν·
2950 3410 3079 3466 αὐτὸ
3136 3410 3240 3487 γὰρ
3283 3413 3350 3481 ἢν
3381 3432 3440 3466 τε
3470 3410 3553 3465 ἀεὶ
3611 3410 3699 3465 καὶ

2052 3499 2162 3558 ἔστι
2194 3504 2283 3559 καὶ
2312 3503 2479 3571 ἔσται,
2509 3503 2655 3559 ἀλλὰ
2683 3505 2746 3559 τὸ
2775 3505 2872 3559 τοῦ
2903 3503 3061 3579 ἁγίου
3094 3504 3407 3576 Πνεύματος
3430 3505 3698 3580 χάρισμα,

2053 3590 2186 3667 ὅπερ
2217 3594 2351 3648 κατὰ
2378 3595 2475 3662 τήν
2510 3591 2735 3664 δεκάτην
2768 3592 2976 3668 ἡμέραν
3005 3599 3105 3662 τῆς
3134 3590 3478 3666 ἀναληψεως,
3502 3614 3702 3663 πεντη-

2053 3683 2255 3750 κοστὴν
2289 3680 2347 3737 δὲ
2372 3690 2471 3752 τῆς
2502 3682 2859 3755 ἀναστάσεως,
2893 3680 2980 3737 ἰπὶ
3011 3680 3139 3744 τοὺς
3186 3686 3420 3756 Χριστοῦ
3456 3683 3703 3755 μαθητὰς

2051 3792 2250 3835 κατεφο
2260 3771 2341 3841 ίτη
2350 3792 2434 3826 σεν
2442 3816 2454 3829 .

2121 3880 2317 3954 Ἐρώτ.
2378 3876 2446 3935 λ’.
2495 3879 2585 3941 Τίς
2658 3878 2797 3934 ἐστιν
2866 3878 2895 3932 ὁ
2963 3879 3159 3953 κριτὴς
3225 3885 3329 3947 τῆς
3377 3875 3607 3945 ἀδικίας,
3666 3879 3697 3932 6

2053 3970 2193 4042 μήτε
2218 3969 2309 4023 τὸν
2362 3968 2489 4023 Θεὸν
2547 3962 2911 4046 φοϐούμενος,
2945 3969 3085 4039 μήτε
3115 3967 3401 4043 ἄνθρωπον
3449 3965 3699 4043 ἐντρεπόο

2049 4079 2304 4203 μεξξξτέκ.
2355 4148 2415 4205 Ὁ
2458 4146 2607 4209 θεός·
2664 4143 2788 4202 οὔτε
2834 4146 2938 4222 γὰρ
2988 4146 3116 4201 Θεὸν
3162 4144 3303 4222 ἔχει,
3353 4144 3410 4200 6'v
3434 4140 3693 4223 φοϐηθή-

2040 4259 2207 4311 σεται,
2257 4234 2380 4292 οῦτε
2435 4237 2717 4310 ἄνθρωπον
2777 4235 3189 4309 ἐντραπήσεται.
3242 4259 3272 4289 ι(
3319 4236 3477 4311 Χήρα
3520 4231 3578 4289 δέ
3606 4255 3689 4297 τις

2036 4330 2101 4396 ἧν
2132 4327 2183 4383 ἐν
2212 4326 2280 4402 τῇ
2311 4325 2491 4382 πόλει.
2529 4348 2557 4376 υ
2613 4324 2703 4387 Τίς
2760 4321 2817 4379 δὲ
2860 4327 2895 4394 ἡ
2952 4327 3104 4400 χήρα
3154 4323 3330 4395 ἐκείνη
3365 4350 3379 4393 ;
3418 4326 3453 4393 ἠ
3485 4324 3687 4387 παντὸς

268 4428 385 4484 dua
413 4424 551 4484 est?
579 4423 777 4481 anima
808 4420 1096 4490 cujusque
1151 4416 1428 4483 hominis,
1462 4432 1590 4486 quaa
1621 4413 1924 4471 diabolum

2062 4415 2322 4492 :vau'mou
2353 4417 2530 4488 ψυχὴ,
2563 4414 2599 4483 ἢ
2650 4433 2784 4468 ποτε
2812 4414 2903 4467 τὸν
2937 4407 3199 4468 διάϐολον
3230 4410 3398 4487 ἄνδρα
3457 4411 3682 4488 ἔχουσα,

265 4514 585 4589 aliquando
618 4511 899 4568 maritum
949 4507 1193 4563 habuit:
1224 4521 1339 4577 quo
1392 4504 1718 4576 repudiato,
1750 4503 1919 4558 Chri-

2062 4506 2123 4559 .αὶ
2155 4502 2501 4581 ἀπορρίψασα
2557 4502 2740 4571 αύτὸν,
2799 4503 2889 4558 τὸν
2949 4500 3007 4558 δὶ
3060 4502 3287 4576 Χριστὸν
3347 4503 3679 4578 ὲνστερνισα-

262 4574 423 4662 stum
454 4620 524 4660 ex
552 4602 748 4657 animo
780 4595 1223 4669 complectitur:
1274 4595 1451 4648 vidua
1499 4599 1611 4657 est,
1644 4609 1711 4647 ac
1741 4609 1917 4648 orans

2062 4593 2191 4663 ιὲνη,
2442 4595 2725 4668 τυγχάνει,
2774 4591 2864 4647 καὶ
2915 4574 3250 4647 δὲεταιγκαΨ
3278 4574 3507 4661 εκάστην
3536 4593 3678 4665 ἠμέ-

259 4699 430 4751 noote
459 4692 670 4762 dieque
693 4686 956 4761 judicem
999 4686 1364 4756 deprecatur,
1406 4687 1462 4737 et
1492 4682 1700 4754 lugens
1730 4680 1908 4737 dicit:

2062 4703 2120 4736 αν
2148 4682 2237 4736 καὶ
2270 4681 2450 4751 νύκτα,
2507 4681 2601 4737 τὸν
2652 4681 2843 4758 κριτὴν
2904 4680 3294 4758 παρακαλοῦσα
3339 4681 3429 4736 καὶ
3478 4678 3673 4754 ὀδυρο-

258 4805 287 4835 ιι
319 4782 561 4841 Vindice
594 4796 688 4835 me
718 4779 789 4833 de
818 4774 1149 4832 adversario
1181 4788 1309 4829 meo
1331 4773 1395 4827 ‘7.
1435 4795 1455 4821 ι

2062 4771 2154 4842 ηὲνη
2185 4770 2275 4825 καὶ
2307 4769 2555 4845 λέγουσα·
2596 4795 2616 4822 ι
2671 4767 2987 4840 Ἐκδίκησόν
3032 4791 3100 4843 με
3130 4770 3237 4825 ἀπὸ
3264 4774 3361 4824 τοῦ
3393 4766 3670 4825 ἀντιδίκου

2021 4880 2148 4933 μου.
2185 4884 2206 4911 ι

2088 4949 2281 5022 Ἐρώτο
2316 4947 2418 5003 λα’·
2448 4946 2539 5009 Τίς
2582 4944 2640 5002 δὲ
2670 4945 2812 5003 ἐστιν
2847 4948 2875 5002 ὁ
2907 4944 3214 5017 ἀντίδικος;

2085 5037 2278 5095 Ἀπόκ.
2311 5038 2371 5094 Ὁ
2400 5031 2681 5107 διάϐολος,
2714 5038 2742 5092 6
2775 5062 2802 5089 ‹‹
2827 5037 2903 5100 ὡς
2935 5037 3074 5091 κέων
3104 5036 3415 5110 ὦρυόμενος
3435 5056 3665 5110 περιπα-

2010 5132 2141 5193 τῶν,
2179 5132 2354 5198 ζητῶν
2385 5127 2505 5182 τίνα
2551 5126 2805 5201 καταπίῃ.
2842 5150 2870 5179 ››

2084 5217 2278 5290 Ἐρώτ.
2313 5214 2519 5292 λβ’.Τί
2578 5213 2634 5271 δέ
2685 5214 2830 5271 εἶπεν
2882 5215 2910 5269 6
2954 5217 3170 5291 κριτής·
3232 5239 3263 5268 τ(
3317 5214 3384 5273 Εἴ
3427 5215 3519 5271 καὶ
3565 5215 3659 5270 τὸν

2010 5306 2138 5362 Θεὸν
2198 5306 2260 5361 ού
2319 5300 2619 5384 φοϐοῦμαι,
2677 5304 3104 5381 καῖ’ἃνθρωπον
3161 5303 3260 5360 οὐκ
3306 5304 3659 5381 ἐντράπομαι,

321 4963 542 5028 Qua-231'.
578 4958 774 5015 XXXI.
809 4952 949 5021 Quis
981 4957 1175 5008 autem
1209 4956 1298 5006 est
1321 4948 1730 5006 adversarius?

322 5052 490 5107 RESP.
522 5048 822 5116 Diabolus,
875 5043 974 5116 qui
1022 5048 1302 5113 tanquam
1364 5040 1452 5096 leo
1502 5039 1741 5112 rugiens
1787 5038 1905 5094 cir-

247 5140 387 5209 cuit,
420 5154 685 5212 qumrens
717 5151 891 5209 quem
916 5129 1232 5187 devoret“.
1268 5152 1297 5179 »

319 5231 539 5296 Camer.
637 5225 849 5283 XXXII.
937 5220 1083 5286 Quid
1174 5223 1367 5274 autem
1461 5217 1608 5273 dixit
1684 5218 1897 5287 iudex:

242 5340 272 5372 «
303 5317 549 5377 Etiamsi
582 5332 698 5373 non
730 5313 970 5370 timeam
1002 5309 1212 5377 Deum,
1246 5322 1354 5362 nec
1407 5305 1709 5362 hominem
1741 5296 1900 5363 reve-

306 5467 748 5576 :I‘P‘lzﬁligp.=
788 5461 1206 5576 8.“?D‘I'1e‘vit’.
1250 5476 1381 5576 ἔπι,
1440 5460 1528 5516 47.
1608 5462 1655 5497 ⁸³
1709 5428 1878 5518 Joan.
1934 5478 2029 5534 xx,
2084 5462 2176 5518 22.
2254 5462 2303 5501 “
2356 5463 2484 5519 Aet.
2538 5477 2579 5533 ι,
2640 5460 2697 5520 8.
2776 5460 2823 5497 ⁴⁵
2875 5459 3049 5519 Joan.
3106 5476 3208 5532 vn,
3267 5460 3359 5519 39.
3436 5460 3652 5518 “Luc.

229 5558 324 5602 xvr
352 5560 391 5610 ι,
424 5543 477 5599 3.
538 5533 600 5576 ’⁴¹⁷
631 5540 772 5596 ibid.
849 5536 894 5571 ⁸⁸
926 5537 948 5592 Ι
977 5538 1131 5591 Petr.
1163 5549 1217 5603 v,
1250 5533 1304 5587 8.

301 5685 415 5765 (81)
444 5685 574 5743 Hac
606 5686 695 5743 est
724 5680 971 5757 quaestio
1001 5678 1069 5735 28
1097 5674 1446 5736 Theodoreti
1472 5676 1531 5732 in
1566 5676 1733 5735 Lavit.
1765 5675 1976 5735 iisdem
2003 5676 2126 5737 fore
2158 5674 2371 5735 verbis.
