4132 6430
469 490 581 549 ⁸721
1751 486 2079 556 ΟΗίΕΞΤῙ(

2203 486 2265 546 ΒΞ
2310 486 2387 545 ΙΝ
2437 487 2506 545 Ν.
2556 488 2625 546 Τ.
3774 484 3895 544 ’722

470 619 596 677 ἀλλ’
654 618 745 674 οὖν
809 614 1081 687 ἐκδικήσω
1136 616 1324 685 αὐτὴν,
1377 615 1467 670 ’ίνα
1543 617 1617 689 μὴ
1680 615 1956 693 ἐρχομένη
2021 617 2079 671 ὁτι

2203 678 2207 684 _
2238 634 2384 683 rear,
2421 619 2728 675 vindicabo
2759 624 2954 674 tamen
2990 633 3142 685 eam,
3175 635 3245 673 ne
3275 617 3512 673 veniens
3567 634 3659 673 me
3712 615 3892 688 sugil-

467 710 682 784 ωπιάζῃ
717 728 800 782 με.
839 730 866 758 ›)
901 707 1002 763 Καὶ
1052 705 1291 783 ἐπιφέρει
1325 707 1352 760 ὁ
1397 705 1594 782 Κύριος
1639 705 1829 781 λέγων·
1871 731 1890 756 ει
1928 707 2079 760 ’Λκοιέ

2234 707 2312 762 let
2343 710 2404 763 ‘9.
2444 731 2471 758 ν)
2504 709 2571 763 Et
2599 709 2799 763 subdit
2831 708 3135 775 Dominus,
3171 707 3406 762 dicens:
3443 731 3468 756 «
3505 705 3886 776 Audite,quid

466 820 610 871 σατε,
641 799 695 852 τί
728 795 878 872 λέγει
911 796 939 850 6
969 796 1162 870 κριτὴς
1195 802 1295 864 τῆς
1329 794 1538 858 ἀδικίας
1595 820 1621 845 ‹‹
1657 796 1684 849 ὁ
1735 795 1881 856 θεός·
1933 791 2079 848 ἐπειδ

2232 798 2386 853 dicat
2418 799 2589 866 iudex
2623 797 2954 869 iniquitatis
2985 799 3051 862 ⁵ο,
3086 818 3112 845 ››
3151 796 3302 851 Deus
3352 797 3609 860 scilicet;
3643 797 3881 866 iniquos

462 887 631 961 κρίνει
688 887 778 942 καὶ
838 884 1141 960 κατακρίνει
1200 885 1325 946 τοὺς
1386 883 1624 946 ἀδίκους.
1681 908 1708 936 ‹‹
1761 884 1963 956 Δικαίῳ
2018 884 2079 959 γᾶ

2232 887 2385 941 enim
2412 888 2643 958 judicat
2671 893 2727 941 et
2767 887 3140 942 condemnat.
3176 909 3204 935 ε(
3264 887 3428 941 Justo
3491 902 3738 957 namque
3787 885 3878 940 lex

460 979 631 1051 νόμος
665 975 727 1030 οὐ
759 981 952 1032 κεῖται.
989 998 1019 1024 »

2228 993 2342 1031 non
2377 982 2464 1031 est
2498 978 2685 1047 posita
2716 977 2782 1032 ⁵1.
2822 999 2848 1025 ››

532 1067 727 1143 Ἐρώτ.
762 1064 864 1142 λγ’.
898 1068 1023 1126 Πῶς
1081 1065 1326 1134 νοητέον,
1362 1062 1443 1118 ὅτι
1495 1088 1524 1116 ‹ι
1570 1070 1622 1117 '0
1672 1061 1814 1139 ἔχύν
1872 1062 2079 1136 ἱμάτιον

2297 1067 2520 1130 QU/EST.
2569 1065 2814 1122 XXXIII.
2876 1065 3177 1128 Quomodo
3226 1063 3368 1118 illud
3422 1063 3871 1134 intelligendum

459 1154 775 1227 πωλησάτω
808 1153 958 1226 αὐτὸ,
990 1153 1079 1207 καὶ
1111 1152 1426 1229 ἀγορασάτω
1462 1152 1736 1228 μάχαιραν
1765 1172 1776 1220 ;
1817 1175 1844 1202 ››

2223 1160 2348 1210 est:
2388 1155 2555 1221 nQui
2591 1155 2836 1226 pallium
2896 1154 3092 1220 habet,
3152 1155 3364 1208 vendat
3417 1159 3474 1207 et
3536 1159 3691 1208 emat
3746 1152 3876 1223 gla-

2221 1243 2381 1298 dium
2414 1244 2496 1298 ‘3?
2526 1267 2553 1296 »

2291 1334 2459 1390 Rssr.
2496 1335 2612 1389 Hoc
2645 1335 2774 1390 ideo
2810 1335 2956 1388 dixit
2987 1333 3295 1396 Dominus,
3329 1336 3394 1387 ut
3425 1331 3706 1402 apostolis
3738 1348 3869 1402 pro-

2216 1422 2496 1478 ditionem
2530 1424 2640 1478 sibi
2675 1425 3042 1488 intentatam,
3077 1430 3274 1477 notam
3304 1423 3535 1485 faceret,
3567 1431 3625 1476 et
3651 1422 3866 1475 adven-

2215 1515 2341 1566 tum
2372 1513 2732 1568 Judzeorum.
2760 1514 2906 1584 Ergo
2938 1512 3084 1566 illud
3120 1528 3225 1566 nec
3256 1511 3496 1566 omnino
3553 1510 3861 1574 subticuit,

527 1329 715 1392 Ἀπόκ.
763 1336 935 1387 Τοῦτο
988 1332 1102 1387 εἷπε
1142 1331 1397 1408 γνωρίσαι
1449 1329 1620 1387 Θέλων
1673 1332 1700 1385 6
1741 1330 1941 1403 Κόριος
1990 1335 2107 1391 τοῖς

460 1423 782 1484 ἀποστόλοις
809 1423 907 1490 τήν
940 1419 1229 1496 προδοςίαν
1265 1421 1451 1489 αὐτοῦ,
1483 1420 1572 1474 καὶ
1602 1421 1700 1487 τήν
1752 1417 1942 1496 ἔφοδον
1997 1424 2104 1473 τῶν

464 1515 756 1572 Ἰουδαίων.
807 1510 944 1572 Οὔτε
984 1511 1075 1569 οὖν
1127 1512 1348 1574 τελείως
1397 1512 1832 1584 παρεσιώπησεν,
1885 1509 1976 1565 *ίνα
2027 1513 2100 1583 μὴ

457 1609 525 1680 τῇ
558 1604 724 1681 ἀθρόᾳ
763 1600 936 1682 ἐφόδῳ
981 1606 1353 1678 ταραχθῶσιν,
1388 1599 1512 1656 οὕτε
1559 1600 1722 1656 πάλιν
1771 1599 1992 1660 τελείως
2052 1599 2103 1654 ἐ-

454 1693 732 1770 γνώρισεν,
763 1692 851 1747 ’ίνα
886 1693 962 1765 μὴ
994 1690 1171 1762 δειλίᾳ
1199 1690 1304 1745 τινὶ
1335 1695 1762 1766 κατασχεθῶσιν.

517 1872 710 1946 Ἐρώτ.
745 1868 844 1928 λδ’.
880 1875 1003 1934 Πῶς
1036 1872 1064 1925 ὁ
1097 1869 1270 1949 φιλῶν
1299 1872 1398 1940 τήν
1433 1872 1616 1946 ψυχὴν
1648 1869 1811 1924 αὐτοῦ
1843 1869 2096 1926 ἀπολέσει

442 1961 608 2032 αὐτήν
636 1981 650 2032 ;

513 2051 702 2106 ³Δπόκ.
739 2052 800 2108 Ὁ
834 2051 930 2124 μὲν
963 2051 1138 2128 φιλῶν
1168 2052 1266 2119 τὴν
1313 2051 1496 2125 ψυχὴν
1555 2049 1719 2104 αὐτοῦ
1774 2049 1913 2104 ἐστιν
1944 2051 1970 2104 6
2001 2050 2093 2110 τὰς

441 2140 673 2202 ἀτόπους
724 2139 1011 2212 ἐπιθυμίας
1063 2139 1227 2194 αὐτοῦ
1274 2144 1468 2194 ποιῶν·
1523 2141 1550 2194 6
1595 2137 1653 2193 δὲ
1702 2143 1873 2211 μισῶν
1922 2138 2088 2209 αὐτήν

441 2231 580 2284 ἐστιν
615 2231 643 2285 6
679 2231 754 2304 μὴ
815 2227 974 2284 εἶ’κων
1029 2228 1166 2303 αὐτῇ
1221 2231 1288 2284 τά
1344 2228 1651 2305 βλάπτοντα
1706 2229 2028 2303 γελευοούῃ·
2062 2229 2090 2282 ὁ

442 2318 497 2373 δὲ
531 2317 705 2383 θέλων
737 2319 902 2388 αὐτὴν
937 2317 1199 2375 ἀπολέσαι
1233 2318 1342 2374 ἐστὶ
1374 2321 1520 2394 παρὰ
1574 2319 1638 2374 τὸ
1697 2317 1814 2373 δέον
1874 2317 1931 2373 ἐκ
1981 2323 2086 2373 τῶν

441 2409 828 2485 ἐπερχομένων
879 2408 1014 2483 αὐτῇ
1065 2406 1329 2464 κινδύνων
1395 2406 1485 2463 καῖ
1543 2407 1778 2482 Θλίψεων
1835 2408 1923 2462 καὶ
1973 2429 2088 2463 πει-

440 2504 663 2575 ρασμῶν
725 2496 998 2575 διαφυγεῖν
1046 2497 1349 2576 ἐφιέμενος.
1408 2500 1610 2572 Ὥσπερ
1671 2498 1761 2551 οὖν
1829 2497 1918 2552 καὶ
1987 2497 2086 2565 τήν

440 2587 571 2662 ὑπὲρ
630 2587 793 2642 αὐτοῦ
846 2587 896 2641 ἐν
944 2593 1063 2649 τοῖς
1117 2584 1387 2648 κινδύνοις
1451 2587 1744 2664 γινομένην
1809 2586 2085 2642 ἀπώλειαν

437 2677 709 2754 σωτηρίαν
764 2676 1061 2750 ὠνόμασεν·
1116 2677 1288 2739 οὕτως
1339 2677 1553 2752 εὑρήσει
1598 2675 1763 2746 αὐτὴν
1818 2677 1892 2737 εἷς
1941 2678 2085 2746 ζωὴν

434 2767 533 2836 τὴν
569 2766 700 2821 αίών
713 2787 810 2822 ιον.

510 2855 702 2930 Ἐρώτ.
759 2853 856 2912 λε’.
888 2855 947 2908 Τί
1002 2853 1162 2910 ἐστιν·
1199 2879 1225 2906 ι(
1261 2854 1378 2910 Ἐὰν
1439 2856 1466 2909 6
1517 2852 1686 2924 δεξιός
1743 2876 1841 2908 σου
1886 2854 2086 2932 ὀφθαλ-

441 2945 564 3018 μὸς,
595 2946 629 3014 ἢ
662 2947 698 3014 ἡ
732 2943 854 3021 χείρ
887 2965 981 2999 σου
1030 2942 1370 3013 σκανδαλίζει
1422 2965 1498 3012 σε,
1530 2940 1780 3019 ἔκκοψον,
1810 2945 1897 2998 καὶ
1955 2944 2089 3019 βάλε

439 3033 544 3087 ἀπὸ
577 3037 710 3103 σοῦ;
748 3058 776 3084 ››

510 3122 702 3180 Ἀπόκ.
737 3123 815 3181 Οὐ
874 3125 997 3200 περὶ
1053 3127 1159 3177 τῶν
1223 3121 1406 3196 μελῶν
1465 3127 1562 3177 τοῦ
1622 3122 1873 3196 σώματος
1921 3129 2086 3179 τοῦτο

438 3210 652 3288 εἷ’ρηκεν
713 3214 740 3268 6
803 3212 1020 3289 Κύριος·
1084 3209 1288 3288 ἅπαγεί
1349 3209 1494 3267 ἀλλὰ
1549 3213 1672 3287 περὶ
1751 3212 1928 3290 φίλων
1997 3213 2083 3268 καὶ

437 3306 727 3379 συγγενῶν·
767 3300 908 3376 μέλη
968 3302 1068 3379 γὰρ
1128 3301 1394 3372 ἀλλήλων
1448 3300 1626 3374 ἐσμέν.
1662 3301 1780 3359 Ἐὰν
1837 3305 1952 3370 οὖν,
1986 3326 2085 3382 ιρη-

2213 1617 2285 1654 ne
2321 1602 2620 1672 repentino
2652 1604 2832 1657 turbae
2865 1604 3112 1657 adventu
3146 1605 3525 1666 terrerentur,
3552 1615 3656 1654 nec
3687 1599 3861 1654 etiam

2210 1691 2446 1761 penitus
2478 1691 2594 1746 illis
2625 1690 2903 1746 indicavit
2934 1691 3153 1760 omnia,
3187 1706 3258 1745 ne
3289 1690 3719 1760 corriperentur
3749 1689 3859 1743 ali-

2249 1795 2324 1834 uo
2359 1786 2538 1835 metu.

2249 1795 2324 1834 uo
2359 1797 2412 1834 m
2457 1795 2538 1835 tu.

2208 1795 2242 1850 (Ι
2279 1797 2489 1934 Qua-321'
2518 1871 2756 1926 XXXIV.
2804 1871 3102 1936 Quomodo
3140 1889 3166 1921 α
3225 1868 3324 1940 qui
3383 1874 3545 1925 amat
3595 1869 3854 1924 animam

2128 1996 2171 2060 Β
2207 1973 2398 2028 suam,
2442 1951 2643 2030 pe'rdet
2669 1975 2797 2014 eam
2831 1959 2920 2014 53?
2943 1982 2969 2009 »

2275 2045 2443 2102 Bssr.
2489 2052 2544 2102 ls
2577 2049 2834 2119 quidem,
2868 2048 3167 2120 quisnam
3217 2052 3376 2103 amat
3428 2048 3709 2117 animam,
3759 2053 3848 2104 est

2201 2135 2296 2204 qui
2331 2137 2620 2192 absurdas
2653 2139 3159 2207 concupiscentias
3205 2154 3345 2193 suas
3378 2145 3694 2210 perpetrat.
3736 2143 3842 2207 Qui

2199 2241 2332 2280 vero
2364 2227 2487 2282 odit
2512 2245 2660 2289 eam,
2698 2229 2909 2298 estqui
2951 2228 3060 2298 ipsi
3097 2228 3266 2283 noxia
3307 2230 3538 2296 jubenti
3599 2233 3842 2288 minime

2201 2317 2377 2371 cedit.
2411 2318 2516 2380 Qui
2553 2323 2749 2373 autem
2772 2317 3029 2373 animam
3062 2335 3228 2373 suam
3261 2318 3385 2374 vult
3433 2323 3693 2391 perdere,
3754 2334 3844 2381 est

2200 2406 2296 2476 qui
2333 2406 2701 2461 imminentia
2722 2407 2997 2478 pericula,
3031 2407 3374 2462 afﬂictiones
3401 2415 3458 2463 et
3488 2414 3844 2470 tentationes

2199 2497 2312 2552 alio
2344 2515 2516 2568 quam
2553 2515 2657 2570 par
2686 2499 2762 2553 sit
2791 2500 2963 2555 modo
2993 2501 3246 2571 effugere
3298 2504 3474 2573 cupit.
3539 2505 3612 2560 Ut
3667 2508 3847 2569 igitur

2200 2597 2440 2645 mortem
2467 2590 2522 2643 in
2559 2590 2833 2662 periculis
2863 2591 2953 2647 sui
2993 2609 3172 2647 causa
3202 2600 3560 2665 susceptam,
3595 2599 3844 2656 salutem

2197 2680 2448 2742 vocavit,
2473 2679 2554 2732 ita
2584 2681 2806 2733 certum
2842 2684 2932 2734 est
2979 2695 3109 2734 eum
3143 2679 3305 2737 illam
3343 2681 3401 2736 in
3458 2683 3575 2738 vita
3633 2691 3850 2744 aeterna

2196 2767 2594 2825 inventurum.

2269 2858 2494 2921 Quzss'r.
2530 2859 2740 2914 XXXV.
2773 2860 3062 2926 Quidnam
3111 2865 3200 2915 est
3258 2861 3400 2916 illud
3448 2881 3495 2917 τι
3530 2865 3587 2919 Si
3641 2866 3847 2924 oculus

2199 2951 2335 3003 tuus
2384 2950 2602 3017 dexter,
2635 2953 2735 3003 aut
2792 2966 3004 3004 manus
3045 2953 3147 3004 tua
3204 2953 3560 3009 scandalizat
3616 2961 3690 3022 te,
3742 2959 3843 3012 ab-

2198 3038 2414 3107 scinde,
2448 3042 2504 3092 et
2536 3038 2746 3110 projice
2774 3039 2878 3091 abs
2909 3042 2965 3092 te
2993 3039 3083 3093 5‘?
3118 3061 3144 3087 ››

2270 3128 2422 3182 ἢπερ
2477 3128 2602 3182 Non
2635 3130 2705 3182 de
2743 3127 3025 3182 membris
3074 3129 3332 3199 corporis
3380 3129 3488 3185 hoc
3548 3133 3692 3189 dixit
3740 3141 3838 3191 Do-

2198 3217 2413 3280 minus,
2449 3216 2634 3271 absit!
2671 3217 2773 3272 sed
2805 3217 2876 3271 de
2921 3217 3127 3272 amicis
3159 3221 3214 3271 et
3242 3221 3540 3288 cognatis:
3578 3225 3842 3279 membra

2198 3321 2451 3376 namque
2475 3322 2682 3360 sumus
2710 3305 2978 3360 invicem.
3032 3306 3090 3359 Si
3149 3305 3347 3377 igitur,
3382 3308 3595 3380 inquit,
3657 3312 3839 3369 habes

436 3392 537 3461 σὶν,
569 3391 702 3469 ἔχῃς
735 3391 892 3470 φίλον
925 3391 1013 3446 καὶ
1058 3394 1287 3468 συγγενῆ
1340 3391 1626 3466 ἀναγκαῖόν
1687 3414 1770 3446 σοι
1829 3389 1974 3462 ὄντα,
2007 3394 2079 3456 ὡς

2203 3395 2453 3449 amicum
2487 3399 2945 3465 autcognatum,
2977 3396 3147 3466 cujus
3178 3401 3343 3451 tanta
3372 3399 3476 3451 tibi
3513 3401 3591 3454 sit
3643 3420 3835 3458 neces-

432 3479 601 3552 δεξιὸν
639 3480 922 3558 ὀφθαλμὸν
953 3481 988 3550 ἢ
1022 3485 1201 3557 χεῖρα·
1234 3479 1371 3536 κατᾶ
1393 3480 1454 3535 τὸ
1487 3480 1771 3557 εἰρημένον
1827 3482 1930 3536 ὑπὸ
1985 3487 2083 3537 τοῦ

429 3566 578 3643 Ἰὼϐ,
613 3570 694 3626 ὅτι
732 3593 752 3620 α
808 3570 1125 3648 Ὀφθαλμὸς
1183 3567 1335 3642 ἤμην
1393 3568 1636 3648 τυφλῶν,
1669 3571 1803 3633 ποῦς
1865 3569 1922 3626 δὲ
1971 3593 2083 3647 χω-

430 3663 559 3716 λῶν·
597 3684 623 3710 ››
654 3659 740 3715 καὶ
777 3657 914 3721 ἴδοις
948 3659 1133 3714 ἑαυτὸν
1185 3657 1561 3734 βλαπτόμενον
1610 3661 1708 3729 τήν
1751 3662 1934 3736 ψυχὴν
1994 3662 2081 3715 ὑπ’

425 3749 612 3822 αὑτοῦ,
647 3747 877 3823 ἔκκοψον
940 3748 1097 3804 αὐτὸν
1148 3750 1252 3804 ἀπὸ
1303 3754 1416 3803 σοῦ·
1454 3747 1680 3822 οὐδεμία
1728 3750 1831 3826 γὰρ
1879 3772 2079 3805 κοινω-

423 3835 513 3890 νία
543 3836 681 3914 φωτὶ
713 3837 849 3912 πρὸς
878 3835 1087 3910 σκότος,
1127 3836 1363 3910 μάλιστα
1407 3835 1492 3890 ἐὰν
1546 3837 1878 3913 ὑποκρίσεώς
1936 3860 2080 3901 τινος

425 3927 513 3980 καὶ
545 3923 713 3981 δόλου
747 3926 1070 4002 μετέχωσιν.

497 4019 608 4073 Τοῦ
638 4014 1029 4091 Χρυσοστόμου
1061 4014 1161 4079 λς’.
1201 4021 1380 4084 Συκῆν
1414 4015 1531 4092 εἶχέ
1560 4036 1642 4077 τις
1677 4015 1728 4070 έν
1775 4022 1852 4088 τῷ
1903 4019 2076 4091 ἀμπε-

428 4103 566 4160 λῶνι
625 4105 811 4174 αὐτοῦ,
841 4106 931 4160 καὶ
989 4103 1128 4175 ἦλθε
1188 4109 1363 4174 ζητῶν
1420 4104 1472 4159 ἐν
1529 4105 1665 4180 αὐτῇ
1709 4107 1938 4181 καρπὸν,
1987 4108 2072 4161 καὶ

430 4195 536 4270 οὐχ
565 4196 738 4271 εὗρεν.

499 4285 683 4340 Ἀπόκ.
718 4290 898 4354 Συκῆν
933 4280 1050 4346 ἔθος
1080 4287 1148 4358 τῇ
1182 4287 1367 4361 Γραφῇ
1397 4284 1583 4339 καλεῖν
1641 4285 1740 4353 τήν
1797 4283 1847 4338 ἐν
1899 4286 2074 4361 ἁμαρ-

423 4371 563 4436 τίαις
594 4376 798 4450 ψυχήν·
834 4373 1130 4446 ἀμπελῶνα
1183 4370 1240 4427 δὲ
1285 4375 1384 4443 τὴν
1438 4379 1544 4428 τῶν
1604 4380 1808 4429 πιστῶν
1835 4373 2071 4445 Ἐκκλη-

422 4461 556 4518 σίαν·
595 4461 1012 4539 ἀμπελουργοὺς
1074 4461 1132 4517 δὲ
1189 4461 1316 4524 τοὺς
1375 4462 1662 4539 ἀγγέλους.
1695 4463 1845 4518 Ἐπεὶ
1899 4463 1989 4518 οὖν
2020 4465 2069 4518 ἐν

417 4556 487 4627 τῇ
521 4550 821 4624 Ἐκκλησία
851 4552 1086 4624 ἀναξίαις
1121 4553 1361 4629 βιοῦντες
1393 4555 1536 4627 (81¹)
1564 4559 1663 4623 τῆς
1694 4553 1947 4626 πίστεως,
1974 4553 2074 4610 οὐκ

421 4640 707 4717 ἀμπελὼν,
769 4639 916 4696 ἀλλά
994 4644 1132 4710 συκῆ
1205 4640 1582 4714 ὀνομάζονται.
1647 4644 1741 4699 Ἐκ
1795 4644 1912 4705 νέας
1974 4645 2067 4716 μὲν

419 4730 661 4802 ἡλικίας,
695 4731 768 4790 ὡς
820 4731 987 4801 εἰκὸς,
1019 4728 1068 4784 ἐν
1122 4729 1257 4804 αὐτῇ
1309 4732 1649 4808 φυτευθέντες
1707 4729 1795 4785 διὰ
1823 4736 1918 4786 τοῦ
1972 4735 2067 4808 βα·
2102 4739 2144 4802 D

419 4821 748 4896 πτίσματος,
783 4821 949 4897 μέχρι
983 4817 1040 4875 δὲ
1075 4822 1280 4896 γήρους
1328 4821 1419 4874 τὸν
1466 4820 1667 4896 τρόπον
1717 4818 2065 4894 μεταϐαλλό-

424 4933 597 4984 μενοι·
635 4913 856 4975 εἰκότως
910 4911 1260 4989 μακρόθυμος
1295 4913 1322 4966 6
1354 4913 1480 4975 Θεὸς
1529 4911 1675 4988 λέγει
1726 4918 1804 4986 τῷ
1853 4913 2066 4986 ἀμπελ-

419 5008 618 5080 ουργῷ,
677 5002 802 5073 ἤτοι
850 5007 931 5076 τῶ
989 4999 1208 5078 ἀγγέλῳ
1265 5009 1363 5071 τῆς
1423 5001 1775 5073 Ἐκκλησίας·
1838 5027 1865 5052 ‹‹
1926 5001 2066 5057 Ἰδοὺ

415 5091 539 5168 τρία
568 5088 661 5162 ἔτη
697 5087 934 5166 ἔρχομαι
969 5094 1144 5160 ζητῶν
1175 5091 1381 5166 καρπὸν
1415 5089 1465 5144 έν
1507 5095 1575 5165 τῇ
1629 5093 1785 5164 συκῇ,
1818 5091 1905 5144 καὶ
1961 5089 2068 5166 οὐχ

415 5181 667 5256 εὑρίσκω.
700 5183 969 5254 ’Ἐκκοψον
1031 5179 1219 5251 αὐτήν·
1265 5179 1357 5234 ’ίνα
1403 5179 1454 5234 τί
1504 5180 1592 5235 καὶ
1645 5181 1743 5248 τήν
1802 5187 1904 5255 γῆν
1936 5201 2062 5235 κατ-

412 5276 604 5348 αργεῖ;
635 5272 694 5328 Ὀ
750 5267 808 5324 δέ
855 5287 1012 5346 φησι·
1042 5268 1222 5346 Κύριε,
1267 5268 1392 5347 ἄφες
1445 5269 1612 5340 αὐτὴν
1653 5269 1741 5324 καὶ
1793 5274 1953 5324 τοῦτο
2004 5271 2066 5324 τὸ

411 5358 550 5427 ἔτος,
579 5357 684 5422 ἕως
735 5358 797 5413 οὗ
848 5357 1034 5432 σκάψω
1086 5358 1210 5435 περὶ
1259 5359 1424 5428 αὐτὴν
1471 5360 1559 5414 καὶ
1597 5357 1750 5436 βάλω
1780 5359 2000 5434 κόπρια.
2038 5383 2064 5407 ι)

410 5450 551 5526 Τρία
582 5448 673 5505 οὖν
707 5447 800 5519 ἔτη
835 5447 966 5503 εῗσίν
1010 5446 1060 5502 ἐν
1109 5448 1440 5526 ἀνθρώποις,
1473 5448 1523 5503 ἐν
1576 5451 1658 5512 οἷς
1709 5445 1924 5526 ἔρχεται
1978 5455 2067 5520 ζηο

387 5545 514 5605 ,τῶν
541 5539 746 5617 καρπὸν
785 5538 811 5592 6
845 5537 996 5611 Θεὸς,
1050 5539 1103 5592 αἱ
1151 5544 1298 5614 τρεῖς
1357 5537 1781 5612 μεθηλικιώσεις
1828 5541 1928 5596 τοῦ
1975 5539 2061 5592 ἀν-

480 5660 528 5696 “
548 5660 666 5715 Luc
698 5673 859 5724 xvm,
893 5657 944 5722 4,
989 5656 1046 5710 5.
1122 5655 1167 5690 ⁵ο
1225 5655 1366 5712 ibid.
1397 5658 1454 5710 6.
1548 5657 1588 5692 ⁵⁸
1625 5659 1644 5712 l
1687 5659 1838 5712 Tim.
1903 5675 1940 5722 1,
1994 5658 2044 5709 9.

409 5732 578 5804 v,29.
684 5728 859 5785 “Job
905 5743 1035 5794 xxv,
1099 5727 1170 5783 15
1271 5727 1316 5763 ⁸⁸
1375 5729 1512 5785 Luc.
1545 5745 1674 5798 xm,
1703 5731 1758 5784 6.

484 5829 620 5903 (81')
652 5822 877 5899 ἀναξίως
914 5823 1174 5900 βιοῦνται.

2125 5658 2169 5692 ⁸²
2253 5659 2388 5713 Luc.
2445 5675 2580 5712 χχιι.

1862 5729 1905 5764 ⁵⁷
1938 5727 2080 5783 ibid.
2114 5729 2170 5796 7,
2202 5730 2252 5784 8.

2193 3483 2359 3552 sitas,
2387 3489 2607 3554 quanta
2627 3484 2710 3537 vel
2747 3484 2965 3537 dexteri
2999 3484 3084 3537 tui
3118 3486 3270 3541 262
3305 3487 3456 3540 oculi
3488 3489 3572 3542 vel
3610 3508 3842 3560 manus,

2184 3574 2350 3645 juxta
2383 3574 2603 3628 dictum
2637 3573 2765 3627 Jobi
2799 3591 2809 3626 :
2838 3597 2865 3622 ‹‹
2898 3573 3116 3628 Oculus
3150 3592 3308 3630 eram
3333 3592 3640 3644 caecorum,
3666 3587 3723 3634 et
3743 3601 3842 3654 pes

2192 3662 2534 3716 claudorum
2565 3662 2637 3727 55;
2676 3684 2702 3709 »
2735 3665 2787 3716 ct
2818 3662 3034 3718 videris
3066 3663 3137 3717 ab
3167 3663 3298 3735 ipso
3329 3666 3611 3722 damnum
3639 3667 3840 3726 inferri

2196 3751 2399 3804 animas
2449 3755 2581 3817 tuae,
2618 3751 2892 3806 abscinde
2922 3768 3055 3805 eum
3079 3769 3091 3804 :
3119 3751 3281 3806 nulla
3313 3770 3568 3826 namque
3595 3757 3708 3812 luci
3743 3777 3840 3815 so-

2191 3841 2369 3894 cietas
2402 3857 2535 3894 cum
2568 3839 2821 3895 tenebris
2850 3858 2862 3908 ;
2899 3840 3149 3895 maxime
3181 3842 3226 3894 si
3255 3843 3392 3913 quid
3424 3845 3705 3901 simulent
3752 3851 3837 3903 vel

2191 3929 2594 3984 fraudulenter
2615 3933 2810 4000 agant.

2259 4023 2653 4074 Csavsosrom
2687 4018 2928 4073 XXXVI.
2971 4019 3163 4073 Ficum
3200 4019 3452 4076 habebat
3503 4025 3742 4094 quidam
3778 4027 3834 4081 in

2188 4107 2354 4162 vinea
2387 4124 2514 4176 sua,
2543 4112 2598 4162 et
2629 4106 2784 4162 venit
2816 4125 3084 4180 quaerens
3110 4108 3168 4162 in
3193 4125 3260 4164 ea
3290 4111 3569 4183 fructum,
3623 4117 3680 4169 et
3723 4133 3834 4170 non

2187 4195 2408 4252 invenit
2437 4197 2500 4250 ⁵⁸.

2260 4286 2434 4340 Βεερ.
2493 4284 2691 4340 Ficum
2754 4284 3055 4356 Scriptura
3114 4302 3323 4342 vocare
3383 4289 3532 4344 solet
3585 4293 3837 4363 peccatis

2190 4373 2499 4429 obnoxiam
2547 4373 2837 4439 animam;
2871 4373 3097 4427 vineam
3133 4391 3264 4430 vero
3327 4376 3585 4432 fidelium
3644 4381 3837 4436 Eccle-

2183 4467 2328 4521 siam
2360 4484 2372 4534 ;
2406 4465 2683 4519 vinitores
2715 4472 2932 4531 autem,
2997 4464 3255 4535 angelos.
3289 4467 3529 4530 Quando
3571 4471 3746 4540 igitur
3775 4473 3833 4528 in

2182 4558 2438 4614 Ecclesia
2469 4557 2649 4612 vitam
2682 4556 2904 4611 ducunt
2936 4557 3050 4609 fide
3089 4574 3196 4612 sua
3225 4557 3568 4631 indignam;
3605 4579 3718 4617 non
3748 4563 3833 4618 vi-

2183 4665 2290 4702 nea
2321 4651 2620 4713 vocantur,
2668 4647 2766 4701 sed
2828 4646 2994 4701 ﬁcus.
3052 4648 3197 4712 Quia
3242 4665 3274 4702 a
3331 4652 3533 4705 tenera
3590 4653 3827 4724 quidem

2178 4745 2362 4807 tetate,
2396 4751 2459 4794 ut
2490 4757 2592 4811 par
2620 4743 2727 4808 est,
2762 4739 2816 4792 in
2852 4755 2916 4793 ea
2952 4755 3052 4810 per
3081 4739 3443 4811 baptismum
3469 4741 3740 4814 plantati,
3774 4751 3830 4802 et

2177 4831 2247 4885 ad
2268 4832 2624 4886 senectutem
2645 4843 2831 4899 usque
2855 4828 2923 4883 ad
2940 4827 3095 4882 hunc
3114 4831 3352 4885 modum
3381 4831 3673 4889 immutati
3692 4853 3826 4892 cum

2177 4918 2527 4986 sint,merito
2563 4918 2712 4972 Deus
2735 4917 3118 4988 quantumvis
3143 4921 3515 4990 mquanimis,
3573 4924 3715 4980 dicit
3752 4927 3822 4980 ad

2177 5007 2483 5062 vinitorem
2517 5005 2602 5061 vel
2627 5005 2900 5078 angelum
2933 5006 3203 5062 Ecclesiae
3231 5026 3243 5064 :
3273 5010 3459 5065 «Ecce
3484 5011 3674 5068 tribus
3701 5015 3822 5083 jam

2177 5095 2346 5152 annis
2379 5095 2566 5158 venio,
2603 5096 2855 5150 fructum
2883 5113 3148 5167 quaerens
3183 5097 3238 5152 in
3263 5098 3377 5153 ista
3427 5099 3556 5167 ﬁcu,
3593 5119 3696 5157 nec
3735 5108 3824 5158 ta-

2179 5202 2312 5241 men
2347 5185 2594 5240 invenio.
2629 5185 2911 5239 Exscinde
2943 5202 3069 5240 eam
3103 5205 3115 5253 ;
3150 5204 3330 5258 quare
3363 5192 3576 5246 terram
3611 5192 3832 5250 inutili-

2179 5281 2267 5331 ter
2297 5275 2588 5348 occupat?
2613 5275 2709 5330 lllc
2739 5291 2869 5329 vero
2905 5276 3254 5346 respondet:
3290 5277 3553 5347 Domine,
3589 5282 3714 5338 sine
3748 5285 3827 5340 il-

2176 5364 2288 5418 lam
2327 5364 2517 5419 adhuc
2552 5363 2657 5417 hoc
2689 5367 2916 5416 tantum
2951 5379 3125 5428 anno,
3162 5364 3346 5419 donec
3379 5365 3540 5422 fovea
3600 5369 3823 5430 circum

2177 5469 2304 5508 eam
2343 5452 2489 5506 facta
2523 5450 2735 5507 misero
2767 5450 3082 5505 stercus"?
3104 5472 3130 5499 ι)
3153 5452 3290 5506 Tres
3313 5451 3496 5523 igitur
3527 5462 3823 5518 suntanni

2176 5541 2505 5611 hominum,
2539 5541 2598 5595 in
2631 5540 2846 5613 quibus
2875 5538 3034 5595 venit
3066 5545 3215 5595 Deus
3247 5557 3514 5612 quaerens
3545 5547 3820 5620 fructum,

2658 5657 2748 5713 36.
2824 5656 2869 5692 ⁸³
2925 5655 3094 5712 Joan.
3153 5672 3252 5723 x11,
3336 5659 3426 5713 25.
3506 5662 3550 5698 “
3609 5664 3814 5724 Matth.
