4132 6370
300 388 418 445 723

1467 384 1533 443 S.
1583 379 2117 443 ATHANASIUS.
2141 413 2213 423 —
2245 380 2557 443 SPURIA.

3613 383 3732 442 ’124

304 534 435 592 qum
478 523 617 575 sunt
660 515 920 574 hominis
968 520 1088 572 tres
1117 516 1287 572 variis
1347 519 1568 584 aetates,
1610 519 1811 588 utpote
1863 514 1956 587 qui

2081 513 2326 589 θρώπου,
2357 514 2392 583 ἢ
2457 514 2531 577 ὡς
2589 511 2801 584 παιδία,
2862 513 3140 588 νεώτεροι,
3199 512 3289 568 καὶ
3346 508 3729 591 πρεσϐύτεροι.

305 607 472 682 pueri
504 607 784 680 primum,
820 605 1034 663 deinde
1065 606 1339 678 juvenes,
1398 611 1695 679 postremo
1746 620 1958 661 sumus

303 713 495 755 senes.
543 695 713 752 Multi
744 694 901 750 enim
945 694 1002 751 in
1036 694 1167 767 ipsa
1225 700 1523 751 senectute
1547 695 1784 751 demum
1818 694 1961 749 resi-

303 802 503 860 puere,
536 784 637 858 qui
681 801 782 857 per
828 783 1156 840 afﬂctiones
1190 784 1354 854 fossi,
1388 789 1453 839 et
1476 800 1577 857 per
1607 782 1961 840 tentationes

2072 601 2284 658 Πολλοὶ
2342 603 2468 680 γὰρ,
2501 603 2553 659 ἐν
2609 603 2755 677 αὐτῷ
2810 608 2890 676 τῷ
2938 606 3087 680 γήρᾳ
3146 605 3592 677 μετανοήσαντες,
3640 600 3732 659 διὰ

2072 692 2308 766 θλίψεών
2365 713 2424 748 τε
2482 691 2792 771 παφέντες,
2823 690 2913 748 καὶ
2974 688 3064 747 διὰ
3119 695 3436 767 πειρασμῶν
3499 689 3728 767 δεξάμε-

2070 802 2152 835 νοι
2182 782 2404 858 κόπρια,
2435 783 2533 851 τήν
2566 783 2761 859 άρετήν
2796 780 3266 861 ἐκαρποφόρησαν.

304 879 536 948 recepto
568 878 843 943 stercore,
879 874 1134 929 fructum
1168 890 1367 945 suum,
1400 875 1676 929 virtutem
1697 872 1943 942 scilicet,
1978 871 2293 944 protulere.

374 967 602 1021 CYBILLI
633 962 905 1020 XXXVII.
940 964 1127 1029 Quare
1156 962 1414 1018 Ecclesia
1471 966 1706 1018 vocatur
1761 960 1952 1019 Eccle-

304 1053 416 1121 sia,
448 1058 507 1109 et
527 1067 708 1125 quare
739 1052 955 1109 dicitur
983 1049 1272 1107 catholica
1291 1052 1321 1106 ‘?

377 1170 554 1226 R359.
588 1168 847 1225 Ecclesia
876 1168 1117 1240 quidem
1150 1167 1390 1238 dicitur,
1440 1170 1750 1240 propterea
1804 1166 1959 1238 quod

306 1262 626 1317 evocantur
671 1275 917 1321 omnes;
949 1257 1238 1314 catholica
1257 1274 1412 1328 vero,
1446 1262 1754 1329 prapterea
1802 1257 1959 1328 quod

305 1365 410 1421 per
441 1351 631 1403 totum
667 1347 960 1403 mundum
1005 1346 1217 1402 diliusa
1256 1346 1353 1401 sit.

376 1456 607 1522 Qums'r.
644 1452 967 1519 XXXVIII.,
1016 1452 1180 1509 Unde
1218 1452 1438 1508 dicitur
1467 1451 1756 1509 haeresis?

377 1560 550 1617 Rssr.
584 1560 669 1615 Ab
691 1576 757 1616 eo
801 1561 954 1631 quod
981 1559 1115 1631 quis
1148 1557 1330 1631 eligat
1350 1563 1409 1614 et
1453 1561 1808 1630 exsequatur
1835 1572 1964 1614 sen-

296 1650 546 1706 tentiam
571 1665 742 1706 suam
774 1647 1090 1721 propriam.

378 1755 719 1813 PROPOSI’I‘IO
748 1754 981 1811 XXXIX.
1027 1777 1055 1804 «
1116 1754 1292 1810 Orate
1320 1771 1392 1811 ne
1441 1754 1580 1827 fuga
1608 1758 1803 1809 vestra
1859 1754 1961 1810 ﬁat

307 1845 367 1901 in
400 1844 609 1913 hieme,
643 1844 732 1902 vel
764 1844 824 1899 in
858 1844 1102 1900 sabbato
1133 1843 1177 1888 '8
1212 1865 1238 1892 η

2138 958 2411 1037 Κυρίλλου
2444 959 2545 1030 λζ’.
2579 961 2676 1016 Διᾶ
2703 960 2756 1016 τί
2784 963 2819 1032 ἡ
2866 959 3165 1030 Ἐκκλησία
3212 958 3458 1017 καλεῖται
3490 957 3723 1031 Ἐκκλη-

2070 1048 2177 1117 σία,
2207 1049 2297 1104 καὶ
2330 1047 2420 1105 διὰ
2444 1048 2498 1104 τί
2529 1049 2796 1121 καθολική
2824 1070 2837 1118 ;

2142 1156 2329 1213 Ἀπόκ.
2393 1155 2687 1226 Ἐκκλησία
2747 1157 2862 1229 μὲν,
2924 1154 3013 1212 διὰ
3076 1156 3139 1211 τὸ
3196 1155 3396 1217 πάντας
3469 1154 3722 1212 ἑκκαλεῖ-

2070 1250 2209 1303 σθαι·
2242 1245 2506 1317 καθολική
2560 1245 2639 1318 δὲ,
2672 1246 2811 1302 διότι
2856 1243 3101 1302 καθόλου
3156 1249 3255 1300 τοῦ
3302 1244 3514 1318 κόσμου
3557 1264 3721 1320 κεχυ-

2073 1337 2207 1411 μένη
2243 1336 2496 1412 ὑπάρχει.

2142 1444 2442 1520 Ἐρώτησις
2472 1445 2581 1516 [ιη’.
2616 1443 2786 1509 Ηόθεν
2822 1442 3039 1519 λέγεται
3070 1441 3274 1519 αἵρεσις
3303 1461 3317 1513 ;

2142 1551 2336 1609 Ἀπόκ.
2368 1551 2503 1609 Ἀπὸ
2550 1556 2648 1607 τοῦ
2697 1550 2967 1626 αἱρεῖσθαί
3023 1571 3077 1605 τι
3124 1548 3263 1605 ἴδιον
3296 1548 3387 1605 καὶ
3436 1553 3599 1605 τοῦτο
3648 1548 3728 1621 ιε-

2070 1641 2388 1697 ακολουθεῖν
2398 1682 2414 1698 .

2140 1747 2395 1821 Κείμενον
2431 1746 2530 1805 λθ’.
2569 1771 2597 1799 ‹‹
2639 1744 2894 1822 Εὕχεσθε,
2923 1745 3017 1802 τίνα
3077 1748 3152 1821 μὴ
3211 1765 3434 1821 γενηται
3488 1746 3524 1815 ἡ
3576 1747 3720 1823 φυγὴ

2072 1835 2223 1909 ὑμῶν
2263 1835 2314 1890 ἐν
2347 1839 2608 1912 χειμῶνι,
2640 1836 2676 1905 ἢ
2710 1834 2763 1891 ἐν
2797 1830 3073 1908 σαϐϐάτῳ.

402 1892 609 1913 -..ν-η,
654 1892 732 1902 .--
767 1892 824 1899 -,.
858 1892 1099 1900 -------
1644 1892 1655 1905 ,,

380 1935 739 1991 Εχριιαλτιο.
770 1934 1105 1990 Notandum
1158 1934 1312 2005 quod
1346 1933 1603 1990 hiemem
1635 1933 1787 1989 Deus
1840 1949 1956 1991 non

2108 1892 2455 2001 .'Eppnv:ta.|
2506 1892 2877 1999 Σημείωτὲον,
2928 1892 3087 1980 ὅτιιὸ
3146 1925 3274 1987 Θεὸς
3312 1928 3567 2000 χειμῶνα
3622 1923 3724 1980 οὐκ

308 2023 528 2082 fecerit.
564 2023 862 2096 Scriptum
893 2027 985 2079 est
1012 2022 1202 2078 enim:
1244 2046 1264 2072 ι
1298 2026 1578 2079 Ᾱζειοίοω
1633 2027 1691 2079 et
1740 2039 1840 2079 ver
1894 2026 1957 2079 tu

313 2112 628 2187 plasmasti
651 2128 719 2169 ea
752 2112 818 2169 '9.
848 2134 876 2163 ››
909 2112 1131 2186 Fugere
1159 2129 1294 2168 vero
1317 2112 1459 2169 dicit
1496 2128 1629 2168 cum
1655 2111 1855 2168 anima
1876 2125 1962 2169 σο·

311 2206 554 2276 paratur
583 2219 617 2258 a
644 2216 905 2274 corpore.
930 2202 1193 2258 Hiemem
1248 2207 1443 2258 autem
1479 2206 1713 2275 peccata
1769 2204 1955 2271 vocat,

318 2294 381 2348 et
410 2290 732 2348 Sabbatum
766 2290 1056 2347 incuriam
1084 2308 1097 2360 ;
1129 2308 1209 2347 vae
1240 2296 1438 2347 autem
1471 2290 1769 2364 animmfin
1819 2307 1959 2364 pec-

315 2384 468 2452 cato,
500 2380 770 2438 socordia
793 2383 849 2436 et
879 2379 1233 2454 negligentia
1254 2379 1606 2437 constitutae.

371 2491 517 2545 ΑιιΑ
544 2503 875 2544 Ριιοροειτιο
906 2486 1015 2543 XL.
1053 2508 1081 2537 ί(
1114 2487 1416 2561 Lapidem,
1469 2502 1645 2559 quem
1679 2487 1953 2560 reproba-

311 2580 452 2635 runt
479 2576 837 2633 aediﬁcantes
862 2576 928 2631 ⁸ο.
965 2598 993 2626 ››

375 2666 733 2723 ΕκριιοΑτιο.
759 2665 934 2738 Lapis
966 2663 1063 2721 ille
1094 2663 1363 2720 Christus
1392 2668 1503 2731 est,
1562 2681 1737 2737 quem
1797 2664 1951 2721 Scri-

302 2757 417 2828 be,
458 2754 729 2813 Pharisaei
760 2759 817 2810 et
846 2755 1108 2811 seniores
1145 2753 1373 2810 Judaici
1414 2754 1615 2827 populi
1677 2755 1949 2827 reproba-

306 2848 468 2914 runt,
502 2849 560 2901 et
581 2846 770 2901 factus
802 2849 891 2900 est
937 2848 1115 2916 caput
1164 2844 1435 2901 Ecclesia:
1466 2843 1754 2918 gentium.
1788 2844 1950 2909 Quod

309 2939 547 3010 prapter
569 2933 844 2991 unionem
877 2937 934 2989 et
962 2950 1316 2990 consensum
1350 2932 1506 3004 ﬁdei,
1540 2933 1640 3006 qui
1684 2938 1772 2989 est
1801 2933 1956 2988 inter

309 3029 538 3098 gentes,
564 3023 798 3079 dicitur.
823 3022 969 3088 Quia
1001 3038 1256 3095 namque
1287 3022 1506 3094 posteri
1566 3039 1701 3079 cum
1760 3022 1951 3095 genti-

303 3113 473 3184 lium,
506 3117 630 3168 tum
665 3113 838 3169 etiam
883 3112 1220 3168 Judazorum
1282 3111 1656 3167 crediderunt
1682 3111 1741 3167 in
1791 3110 1951 3167 Chri-

304 3206 486 3271 stum,
520 3201 721 3275 anguli
751 3200 1198 3258 similitudinem
1235 3200 1407 3257 refert
1436 3199 1725 3272 Christus,
1758 3200 1856 3273 qui
1887 3200 1952 3256 il-

300 3289 495 3347 lorum
529 3273 795 3361 posteros
819 3286 1194 3361 copulavitin
1228 3288 1360 3344 ﬁde.
1392 3288 1758 3345 Diciturvero
1776 3289 1951 3345 etiam
1985 3273 2028 3340 C

303 3377 418 3435 alio
434 3379 605 3434 modo
618 3376 887 3433 Christus
907 3376 1699 3450 lapis_angularis.Siquidcm
1722 3380 1956 3451 quando

305 3468 674 3526 construitur
701 3468 914 3523 domus
946 3465 1163 3539 aliqua,
1209 3470 1430 3539 ponunt
1485 3467 1844 3525 aedificantes
1897 3469 1954 3523 in

304 3555 520 3630 angulo
539 3556 691 3611 muri
712 3554 967 3628 lapidem
987 3555 1242 3627 aliquem
1268 3572 1570 3612 summum
1591 3557 1955 3630 angularem,

306 3646 408 3719 qui
439 3643 727 3719 angulum
758 3644 819 3700 in
847 3643 1195 3702 summitate
1224 3644 1544 3702 contineat.
1611 3646 1769 3702 Talis
1825 3664 1959 3705 vero

304 3735 458 3808 lapis
486 3734 549 3790 in
567 3750 803 3791 summo
836 3735 959 3790 loco
988 3735 1140 3790 muri
1172 3735 1550 3807 constitutus,
1585 3753 1702 3792 una
1723 3737 1960 3809 copulat

306 3830 364 3882 et
392 3824 653 3881 continet
682 3824 832 3880 duos
862 3823 1138 3897 parietes.
1175 3824 1293 3879 Hoc
1338 3823 1523 3897 igitur
1575 3826 1747 3881 modo
1793 3826 1956 3883 Chri-

306 3918 435 3971 stus
466 3928 701 3987 quoque
731 3928 1007 3969 summus
1029 3912 1180 3986 lapis
1211 3912 1512 3987 angularia
1542 3913 1779 3983 dicitur,
1823 3915 1961 3987 quia

301 4001 361 4058 in
385 4018 568 4058 unum
602 4000 838 4074 copulat
883 4002 1031 4058 duos
1093 4003 1241 4058 istos
1290 4002 1567 4076 populos:
1620 4004 1958 4061 Judzsorum

301 4090 575 4148 videlicet
603 4095 661 4147 et
691 4090 1004 4163 gentilium
1039 4089 1346 4164 populum,
1373 4095 1548 4165 atque
1568 4110 1694 4150 eam
1726 4096 1799 4151 ob
1822 4111 1957 4151 cau-

304 4197 433 4239 sam
467 4178 772 4254 angularis
805 4179 954 4252 lapis
985 4180 1183 4238 dictus
1213 4185 1323 4239 est.

373 4361 598 4427 Qums'r.
622 4358 770 4427 Quid
803 4362 894 4417 est
924 4360 1080 4434 quod
1111 4360 1259 4417 dixit
1286 4360 1557 4419 Christus
1588 4365 1826 4420 Petro...
1861 4364 1890 4417 ‘I

2070 2014 2308 2086 ἐποίησε.
2342 2013 2645 2091 Γέγραπται
2675 2014 2802 2090 γάρ·
2850 2034 2872 2062 ι
2921 2013 3086 2090 Θέρος
3143 2014 3232 2069 καὶ
3282 2012 3374 2088 ἔαρ
3433 2013 3497 2068 σὺ
3546 2008 3721 2069 ἔπλα-

2069 2126 2162 2167 σας
2194 2103 2348 2162 αὖτά.
2383 2128 2411 2155 ››
2444 2110 2645 2180 Φυγεῖν
2707 2101 2765 2158 δὶ
2812 2102 2979 2179 λέγει,
3014 2103 3212 2159 ὁπόταν
3246 2105 3281 2173 ἡ
3312 2104 3466 2178 ψυχὴ
3517 2102 3578 2157 ἐκ
3621 2107 3721 2157 τοῦ

2068 2198 2321 2269 σώματος
2368 2193 2687 2271 χωρίζεται.
2727 2194 2986 2266 Χειμῶνα
3042 2191 3100 2248 δὲ
3154 2193 3252 2255 τὰς
3306 2191 3575 2269 ἁμαρτίας
3631 2213 3725 2247 κα-

2068 2283 2172 2341 λεῖ·
2235 2279 2503 2340 σάϐϐατον
2561 2281 2619 2339 δὲ
2672 2284 2771 2352 τήν
2831 2281 3129 2356 ἀμέλειαν·
3190 2282 3281 2338 καὶ
3338 2281 3462 2337 οὐαί
3515 2283 3618 2351 τὴν
3667 2280 3721 2336 ἓν

2066 2374 2305 2449 ἁμαρτίᾳ
2334 2372 2425 2429 καὶ
2458 2373 2660 2447 ἀθυμίᾳ
2687 2371 2776 2427 καὶ
2808 2369 3042 2447 ἀμελείᾳ
3069 2374 3276 2448 ψυχήν.

2133 2482 2351 2557 Ἕτερον
2403 2479 2655 2555 κείμενον
2709 2479 2780 2554 μ’.
2817 2503 2845 2531 (ί
2896 2476 3054 2534 Λίθον
3106 2477 3163 2533 ὃν
3209 2473 3618 2551 ἀπεδοκίμασαν
3670 2478 3724 2532 οἱ

2065 2568 2250 2626 οἰκοδο
2258 2575 2506 2644 μοῦντες.
2540 2593 2569 2623 ››

2133 2659 2443 2736 Ἑρμηνεία.
2480 2659 2645 2724 Λίθος
2702 2658 2731 2714 ὁ
2792 2657 3045 2732 Χριστὸς,
3092 2654 3238 2719 ὅστις
3291 2653 3707 2731 ἀπεδοκιμάσθη

2064 2752 2167 2807 ὑπὸ
2224 2755 2329 2805 τῶν
2388 2749 2756 2827 γραμματέων
2811 2748 2900 2802 καὶ
2957 2745 3269 2824 Φαρισαίων
3330 2747 3421 2803 καὶ
3478 2743 3713 2824 πρεσϐυ-

2059 2842 2228 2916 τέρων
2261 2843 2361 2894 τοῦ
2418 2838 2554 2894 λαοῦ
2608 2842 2715 2893 τῶν
2749 2833 3049 2907 Ἰουδαίων,
3079 2835 3170 2891 καὶ
3230 2834 3444 2912 ἐγίνετο
3494 2835 3701 2914 κεφαλὴ

2032 2914 2161 3000 ’τῆς
2190 2926 2517 2999 Ἐκκλησίας
2548 2931 2657 2982 τῶν
2689 2925 2872 2983 ἐθνῶν.
2899 2927 2962 2980 Ὀ
2994 2924 3205 3002 Λέγεται
3239 2922 3328 2980 διὰ
3364 2925 3424 2979 τὸ
3474 2944 3700 3000 συγκρα-

2059 3024 2170 3073 τεῒν
2205 3017 2255 3073 ἑν
2286 3022 2356 3092 τῇ
2389 3017 2565 3072 πίστει
2598 3015 2673 3078 εἷς
2708 3015 2833 3089 μίαν
2878 3013 3138 3087 ὁμόνοιαν
3189 3014 3257 3068 τὰ
3300 3010 3445 3084 ἔθνη.
3478 3010 3700 3084 Ἐπειδή

2058 3110 2160 3185 γὰρ
2189 3107 2256 3162 τά
2286 3106 2522 3183 ἀπόγονα
2548 3109 2655 3160 τῶν
2682 3102 2967 3175 Ἑλλήνων
3000 3103 3088 3158 καὶ
3120 3107 3226 3158 τῶν
3277 3099 3550 3161 Ἰουδαίων
3604 3123 3705 3158 πε-

2060 3194 2374 3253 πιστεύκασι
2427 3199 2507 3269 τῷ
2549 3198 2790 3267 Χριστῷ,
2824 3190 2914 3247 διὰ
2963 3196 3124 3247 τοῦτο
3180 3190 3357 3268 γωνίᾳ
3413 3191 3709 3262 ἀπεικάσθη

2064 3286 2154 3343 καὶ
2187 3287 2215 3341 ὁ
2248 3285 2498 3360 Χριστὸς,
2532 3283 2614 3338 ὅτι
2660 3282 2789 3344 τοὺς
2845 3281 3040 3358 γόνους
3094 3280 3313 3336 ἐκείνων
3371 3284 3603 3355 συνῆψεν
3663 3279 3716 3334 ἐν

2062 3380 2133 3451 τῇ
2165 3375 2360 3431 πίστει.
2397 3374 2617 3451 Λέγεται
2651 3370 2709 3427 δὲ
2736 3371 2827 3427 καὶ
2859 3372 2995 3427 κατᾶ
3042 3368 3212 3426 ἄλλον
3262 3371 3386 3425 τινὰ
3438 3370 3643 3447 τρόπον
3691 3370 3721 3425 ὁ

2065 3466 2296 3543 Χριστὸς
2355 3463 2511 3528 λίθος
2593 3463 3010 3539 ἆκρογωνιαῖος,
3067 3456 3280 3531 ἐπειδὴ,
3346 3458 3438 3515 ὅτε
3489 3459 3729 3530 κτίζεται

2067 3555 2232 3623 οἰκία,
2260 3551 2635 3627 προστιθέασιν
2671 3552 2721 3606 οἱ
2754 3547 3174 3623 οἰκοδομοῦντες
3224 3547 3276 3604 ἐν
3327 3552 3396 3623 τῇ
3428 3547 3604 3624 γωνίᾳ
3628 3544 3726 3603 τοῦ

2066 3643 2294 3721 τοίχους
2326 3641 2480 3700 λίθον
2512 3641 2931 3718 ἀκρογωνιαῖον,
2962 3637 3087 3709 ἤτοι
3126 3639 3217 3695 τὸν
3277 3636 3479 3715 ἔχοντα
3524 3636 3725 3714 γωνίαν

2070 3734 2123 3791 ἐν
2153 3738 2221 3808 τῇ
2257 3730 2394 3807 ἄκρᾳ
2443 3731 2627 3787 αὐτοῦ.
2662 3729 2850 3787 ῐῐεσὼν
2902 3726 2960 3784 δὲ
2988 3730 3017 3784 ὸ
3045 3728 3292 3790 τοιοῦτος
3350 3728 3405 3783 ἐν
3458 3730 3529 3802 τῇ
3588 3723 3728 3801 ἄκρᾳ

2072 3828 2170 3880 τοῦ
2199 3823 2450 3899 τοίχους,
2484 3822 2735 3876 συνάπτει
2765 3819 2855 3875 καὶ
2885 3822 3073 3896 κρατεῖ
3097 3817 3164 3873 τὰ
3196 3814 3293 3873 δύο
3326 3816 3493 3894 τοίχη
3548 3814 3600 3872 ἐν
3650 3819 3730 3887 τῷ

2070 3916 2203 3988 ἅμα.
2237 3912 2388 3970 Κατὰ
2444 3910 2536 3966 οὖν
2595 3913 2843 3966 τοιοῦτον
2898 3906 3101 3985 τρόπον
3151 3904 3367 3983 λέγεται
3413 3904 3504 3962 καὶ
3536 3906 3565 3961 ὁ
3595 3911 3726 3981 Χρι-

2069 4004 2191 4066 στὸς
2223 4002 2372 4064 λίθος
2403 4002 2825 4077 ἇκρογωνιαῖος,
2858 3996 2940 4053 ὅτι
2987 3998 3195 4070 συνῆψε
3238 3994 3369 4058 τοὺς
3411 3992 3508 4050 δύο
3557 3993 3729 4056 λαοὺς

2068 4093 2120 4149 ἐν
2178 4096 2258 4166 τῷ
2303 4091 2436 4165 ἅμα,
2482 4089 2575 4145 τὸν
2618 4110 2677 4144 τε
2727 4086 2859 4143 λαὸν
2907 4090 3015 4142 τῶν
3061 4082 3337 4143 Ἰουδαίων
3382 4084 3473 4140 καὶ
3527 4084 3620 4139 τὸν
3674 4082 3726 4154 ἐξ

2068 4182 2274 4238 ἐθνῶν·
2335 4179 2425 4236 καὶ
2485 4176 2575 4234 διὰ
2628 4181 2791 4233 τοῦτο
2853 4175 3006 4238 λίθος
3064 4175 3462 4252 ᾇκρογωνιαῖος
3518 4171 3733 4246 ὠνόμα-

2068 4292 2208 4328 σται.

2142 4360 2336 4438 Ἐρώτ.
2369 4357 2429 4413 Τί
2461 4358 2601 4415 ἐστιν
2628 4357 2659 4413 *ὁ
2692 4354 2905 4433 εἷ’ρηκεν
2938 4356 2968 4411 ὁ
3000 4353 3232 4430 Χριστὸς
3275 4353 3356 4410 τῶ
3404 4353 3666 4428 Πίτρφοη
3704 4368 3717 4409 ³

1702 4507 1799 4563 Hic
1827 4507 2021 4565 desunt
2046 4507 2300 4582 quaedam

299 4628 510 4698 turba,
542 4631 601 4684 et
628 4630 894 4684 tenentes
924 4627 1221 4685 Christum
1252 4628 1313 4684 in
1346 4629 1539 4685 medio
1571 4630 1685 4698 sui,
1720 4631 1956 4705 incipie-

2081 4635 2291 4692 τοῦντες
2322 4630 2375 4684 οἱ
2407 4624 2598 4704 ὅχλοι,
2630 4625 2719 4681 καὶ
2756 4623 2917 4698 μέσον
2961 4621 3137 4678 αὐτῶν
3187 4619 3410 4697 ἔχοντες
3464 4618 3558 4676 τόν
3603 4621 3737 4696 Χρι-

321 4718 469 4774 bant
497 4716 747 4773 latenter
764 4733 796 4771 a
816 4718 980 4790 tergo
1001 4719 1131 4789 ejus
1161 4717 1358 4791 aliqui,
1377 4724 1434 4774 et
1465 4719 1782 4793 pulsabant
1804 4737 1961 4793 eum,

306 4809 412 4863 aut
432 4804 879 4877 interrogabant
908 4821 1065 4874 eum,
1118 4805 1214 4863 alii
1261 4811 1588 4865 tentantes:
1644 4809 1739 4865 Dic
1770 4810 1959 4881 nobis,

304 4912 338 4951 n
351 4911 505 4951 onne
522 4893 737 4967 aliquis
756 4894 826 4951 de
842 4894 1054 4968 populo
1068 4894 1216 4953 clam
1235 4899 1290 4953 te
1310 4898 1768 4971 percussit?etsi
1785 4901 1957 4968 nosti,

2074 4721 2196 4776 στὸν
2256 4717 2504 4795 ἤρχοντο
2564 4715 2817 4790 κρυπτῶς
2887 4708 3107 4777 ὄπισθεν
3183 4711 3348 4767 αὐτοῦ
3421 4730 3586 4782 τινες,
3643 4709 3735 4765 καὶ

2075 4808 2296 4885 ἔκρουον
2333 4807 2512 4876 αὑτὸν,
2544 4806 2578 4875 ἢ
2613 4806 2846 4880 ἠρώτων
2896 4802 3055 4858 αὐτὸν
3106 4799 3270 4857 ἄλλοι
3320 4797 3731 4873 δοκιμάζοντες,

2070 4898 2207 4955 Εἰπὲ
2248 4900 2403 4973 ἡμῖν,
2439 4898 2539 4973 ἄρα
2588 4894 2670 4957 τίς
2724 4890 2883 4968 ἔτυψέ
2933 4911 2991 4947 σε
3039 4890 3100 4947 ἐκ
3143 4894 3241 4945 τοῦ
3280 4887 3418 4945 λαοῦ
3448 4888 3727 4967 κρυφίωςς

304 4983 731 5058 prophetiza,et
756 4982 1030 5056 loquere:
1059 4989 1324 5043 monstra
1350 4987 1519 5043 nobis
1536 5004 1669 5044 eum
1698 4989 1956 5045 exturba

2081 4989 2159 5045 ιιαὶ
2208 4989 2296 5044 ἐὰν
2358 4985 2527 5055 οἶδας,
2583 4984 2962 5061 προφήτευσον
3019 4979 3108 5035 καὶ
3170 4978 3305 5035 είπὲ·
3367 4976 3540 5052 δεῖξον
3591 4980 3728 5050 ἡμῖν

298 5072 399 5146 qui
430 5077 486 5129 te
511 5071 859 5143 verberavit,
901 5078 959 5129 et
1009 5090 1435 5149 cognoscemus
1484 5076 1767 5150 quoniam
1824 5095 1954 5150 pro-

302 5163 481 5236 pheta
512 5178 574 5218 es
622 5166 708 5217 tu.

372 5252 526 5308 203
567 5252 796 5316 Quass'r.
824 5248 961 5306 XLI.
996 5251 1291 5317 Quidnam
1323 5257 1412 5310 est
1442 5253 1623 5310 illud:
1665 5274 1687 5303 ι
1746 5256 1815 5310 Et
1872 5255 1956 5311 in-

297 5340 512 5398 clinato
545 5339 738 5414 capite
769 5338 1013 5395 tradidit
1035 5341 1311 5414 spiritum
1343 5344 1386 5378 ⁸1
1426 5345 1449 5397 ?
1482 5366 1508 5391 »
1551 5343 1698 5399 Nam
1748 5361 1954 5400 omnes

298 5429 659 5500 moribundi,
696 5428 1032 5487 moriuntur
1053 5430 1335 5503 primum,
1363 5438 1421 5489 et
1442 5436 1570 5488 tum
1594 5434 1830 5490 demum
1864 5435 1953 5491 in-

302 5517 529 5576 clinant
560 5518 771 5591 capita.

369 5733 413 5770 ⁸³
445 5732 650 5789 Matth.
682 5748 835 5802 xxiv,
862 5733 955 5793 20.
1056 5736 1101 5773 "
1126 5733 1281 5793 Psal.
1313 5752 1507 5807 LXXIII,
1545 5738 1631 5795 17.

2070 5077 2131 5134 ἐκ
2184 5082 2280 5133 τοῦ
2337 5071 2515 5152 ὄχλου
2570 5072 2662 5128 τὸν
2721 5070 2963 5147 τύψαντά
3015 5090 3091 5139 σε,
3124 5069 3215 5124 καὶ
3263 5066 3611 5144 γνωσόμεθα,
3643 5065 3732 5121 ὅτι

2067 5169 2355 5245 προφήτης
2388 5165 2437 5220 εἴ
2459 5164 2543 5221 σύ.

2140 5244 2332 5329 Ἐρώτ.
2399 5254 2507 5327 μα’.
2542 5249 2612 5309 Τί
2671 5248 2864 5305 ἐστι·‹‹
2930 5247 3027 5303 Καὶ
3084 5245 3275 5308 κλίνας
3333 5246 3433 5315 τὴν
3486 5244 3734 5323 κεφαλὴν

2064 5340 2348 5419 παρέδωκε
2374 5341 2436 5397 τὸ
2466 5344 2721 5415 πνεῦμα;
2757 5364 2783 5392 ι›
2820 5336 2920 5393 Καὶ
2953 5337 3058 5414 γὰρ
3106 5333 3302 5398 πάντες
3347 5335 3399 5390 οἱ
3458 5335 3725 5405 θνήσκον-

2061 5452 2151 5496 τες
2207 5434 2422 5507 πρῶτον
2463 5428 2780 5501 τελευτῶσι,
2831 5426 2921 5483 καὶ
2975 5426 3119 5484 οὕτω
3164 5424 3260 5489 τὰς
3308 5423 3512 5481 ὶαυτῶν
3553 5443 3724 5499 κεφα-

2065 5521 2162 5585 λὰς
2196 5520 2492 5577 κλίνουσιν.

1734 5738 1779 5775 ⁶⁰
1807 5736 1962 5796 Psal.
1994 5754 2167 5811 cxvn,
2197 5739 2288 5795 22.
2364 5738 2409 5776 ⁸1
2440 5736 2609 5795 Joan.
2644 5751 2759 5805 xix,
2792 5733 2882 5790 30.
