4132 6374
385 411 504 471 ’725

1663 409 2178 480 QUIESTIONES
2226 411 2300 468 IN
2349 411 2421 468 Ν.
2471 411 2542 470 Τ.

3685 407 3804 466 726

460 538 651 595 Ἀπόκ.
691 534 913 605 Ἐπειδὴ
971 539 1143 592 πάντα
1201 537 1437 594 ἐτέλεσεν
1497 540 1524 594 6
1583 539 1781 614 Κύριος
1835 541 1901 595 τὰ
1946 562 2020 615 γε·

2223 542 2394 597 RESP.
2429 542 2710 608 Quoniam
2744 557 2947 596 omnes
2978 541 3308 612 Scripturas
3339 539 3800 595 Christusadim-

385 628 701 705 γραμμένα,
742 628 840 696 τὴν
894 626 1180 702 σάρκωσιν,
1231 629 1329 696 τήν
1380 627 1652 702 γέννησιν,
1693 631 1790 698 τήν
1847 630 2038 706 βάπτι-

383 740 489 790 σιν,
520 718 620 786 τὴν
652 719 761 771 τῶν
797 715 1036 788 σημείων
1090 713 1362 788 ἐπίδειξιν,
1411 724 1510 785 τῆς
1561 715 1906 780 διδασκαλίας
1936 720 2035 786 τὴν

378 807 672 881 ἐνέργειαν,
700 810 810 860 τῶν
849 806 1106 877 μαθητῶν
1135 806 1232 873 τὴν
1285 804 1578 878 οἰκείωσιν,
1612 812 1676 860 τα
1728 807 2039 882 ἀνθρώπινα

376 897 574 964 πάντα,
603 895 666 950 τὸ
723 893 918 965 πάθος,
970 895 1070 962 τὴν
1118 893 1442 969 σταύρωσιν,
1490 895 1620 957 τους
1669 895 2032 970 ἐμπαιγμοὺς,

375 987 470 1048 τὰς
521 985 751 1058 τρώσεις
810 988 916 1038 τῶν
979 980 1156 1051 ἥλων,
1220 984 1352 1056 μετὰ
1397 985 1459 1038 τὸ
1509 982 1798 1056 πληρῶσαι
1845 990 2030 1054 ταῦτα,

378 1077 511 1151 ἅπερ
571 1070 676 1128 ἔδει
736 1074 947 1127 παθεῖν·
1015 1071 1261 1127 ἐλείπετο
1324 1073 1486 1144 μόνον
1549 1075 1576 1128 ὁ
1635 1075 1880 1136 θάνατος.
1934 1076 2030 1128 Καὶ

377 1159 718 1241 φοϐούμενος
749 1161 850 1216 οὐκ
899 1158 1107 1234 ἐτόλμα
1153 1162 1504 1238 προσεγγίσαι
1535 1161 1700 1232 αὐτῷ·
1737 1160 1825 1216 διὰ
1869 1168 2029 1217 τοῦτο

379 1250 580 1309 ἔκλινεν
615 1254 642 1307 ὁ
674 1251 908 1326 Χριστὸς
957 1252 1056 1319 τήν
1113 1251 1380 1328 κεφαλὴν,
1414 1251 1623 1324 κράζων
1673 1251 1850 1308 αὐτόν.
1883 1255 2027 1310 Ἕως

379 1343 482 1417 γὰρ
520 1343 592 1414 μή
622 1339 802 1396 ἔκλινε
829 1341 930 1408 τήν
959 1338 1228 1415 κεφαλὴν,
1264 1339 1362 1393 οὐκ
1414 1336 1622 1413 ἐτόλμα
1671 1340 2026 1415 προσεγγίσαι

382 1430 550 1503 αὐτῷ.
583 1431 677 1485 Διά
724 1428 884 1484 τοῦτό
931 1449 1092 1505 φησιν
1127 1429 1154 1482 6
1187 1427 1596 1504 εύαγγελιστήςο
1636 1454 1662 1480 ‹‹
1696 1429 1793 1486 Καὶ
1837 1429 2025 1488 κλίνας

381 1522 481 1589 τήν
513 1518 748 1598 κεφαλὴν
781 1514 1060 1592 παρέδωκε
1089 1517 1150 1572 τὸ
1181 1522 1407 1590 πνεῦμα.
1445 1542 1473 1568 ››

457 1609 648 1684 Ἐρώτ.
684 1607 792 1684 μβ’.
823 1606 974 1668 Τίνος
1025 1605 1186 1682 χάριν
1236 1606 1551 1682 ἐκραύγασεν
1600 1608 1628 1661 6
1680 1609 1904 1682 Χριστὸς
1936 1609 2024 1664 ἐπὶ

374 1703 473 1752 τοῦ
506 1701 734 1772 σταυροῦ
766 1700 918 1774 φωνῇ
955 1697 1164 1772 μεγάλῃ
1198 1715 1210 1764 ;

448 1783 636 1841 Ἀπόκ.
688 1787 806 1840 Ἵνα
858 1781 1002 1858 δείξῃ
1046 1784 1145 1851 τήν
1205 1780 1430 1857 δύναμιν
1493 1783 1678 1854 αὐτοῦ,
1729 1784 1819 1839 καὶ
1870 1785 2023 1862 ἐκφο-

2151 629 2426 701 pleverat,
2459 632 2941 696 incarnationem,
2988 629 3368 692 nativitatem,
3412 629 3795 700 baptismum,

2150 721 2453 791 signorum
2525 719 3081 784 manifestationem,
3163 717 3454 772 efficacem
3522 718 3796 772 doctrinm

2148 810 2646 880 praedicationem,
2679 807 3137 864 familiaritatem
3169 824 3302 861 cum
3335 806 3657 878 discipulis,
3694 807 3797 860 hu-

2150 915 2322 954 mana
2345 899 2594 969 denique
2613 895 3794 968 omnia,passionem,erucem,illusiones,

2146 987 2385 1043 vulnera
2416 988 2710 1044 clavorum
2738 1005 2750 1053 ;
2785 985 3486 1057 islis,inquam,omnibus
3519 985 3795 1054 impletis,

2144 1094 2270 1149 quae
2306 1079 2421 1148 pati
2457 1076 2892 1142 debuerat,sola
2913 1092 3071 1130 mors
3105 1076 3362 1130 restabat
3387 1073 3793 1146 adhuc.Atque

2143 1165 2263 1221 haec
2295 1167 2532 1238 quidem
2565 1167 2677 1222 sibi
2714 1174 2998 1226 metuens,
3035 1163 3506 1235 appropinquare
3540 1179 3655 1217 non
3689 1180 3788 1217 au-

2141 1258 2334 1323 debat,
2364 1258 2491 1312 ideo
2523 1257 2788 1312 Christus
2816 1256 3097 1310 inclinato
3131 1253 3318 1323 capite
3350 1253 3572 1307 vocavit
3599 1253 3788 1324 ipsam

2139 1346 2281 1401 Nam
2315 1352 2631 1416 antequam
2653 1348 2830 1416 caput
2851 1341 3528 1407 inclinasset,verebatur
3549 1341 3788 1413 propius

2139 1436 2432 1490 accedere.
2467 1435 2620 1503 Ideo,
2656 1434 2848 1505 inquit
2889 1430 3246 1504 evangelista
3280 1448 3292 1486 :
3330 1453 3356 1479 «
3392 1431 3460 1485 Et
3513 1429 3787 1487 inclinato

2137 1525 2326 1596 capite
2358 1523 2598 1578 tradidit
2627 1523 2916 1594 spiritum.
2953 1545 2980 1570 »

2207 1615 2435 1678 Qua-331'.
2471 1612 2634 1668 XLII.
2669 1614 2856 1678 Quare
2890 1627 3103 1683 magna
3145 1625 3283 1664 voce
3314 1609 3589 1664 clamavit
3618 1609 3784 1665 Chri-

2134 1705 2260 1757 stus
2294 1701 2352 1757 in
2386 1701 2604 1757 cruce?

2206 1790 2450 1844 Rssr.Ut
2482 1807 2648 1844 suam
2681 1788 3004 1844 declararet
3038 1787 3631 1859 potentiam,Judaeos
3655 1803 3782 1858 per-

370 1867 515 1946 ϐήσῃ
542 1871 669 1933 τοὺς
702 1870 1020 1938 Ἰουδαίους,
1051 1873 1140 1926 καὶ
1193 1872 1328 1947 πρὸς
1381 1872 1558 1928 πίστιν
1614 1873 1888 1949 εἰσαγάγῃ.
1925 1877 2020 1929 Καὶ

414 1963 426 1980 \
512 1964 526 1981 Ω
706 1962 720 1981 κ
798 1962 824 1978 ΡΙ
971 1962 984 1978 \
1122 1961 1131 1981 Ι
1329 1960 1352 1978 α
1387 1961 1397 1980 Ῐ
1703 1963 1716 1980 ‘
1807 1964 1820 1981 ἱ

2143 1881 2520 1945 terrel'aceret,
2555 1887 2610 1934 et
2642 1881 2710 1933 ad
2749 1879 2921 1932 ﬁdem
2955 1878 3290 1932 adduceret.
3327 1876 3457 1930 Haec
3488 1876 3643 1930 enim
3678 1894 3784 1932 vox

366 1963 470 2038 γὰρ
573 1962 728 2040 φωνὴ
761 1962 895 2032 αὕτη
927 1962 1021 2024 τὰς
1072 1961 1270 2036 πέτρας
1325 1960 1586 2038 διέσχισε,
1631 1963 1719 2017 καὶ
1768 1964 1828 2018 τὸ
1860 1985 2020 2018 κατα-

367 2051 618 2125 πέτασμα
673 2056 771 2105 τοῦ
828 2055 956 2105 ναοῦ
1013 2051 1100 2105 καὶ
1160 2048 1368 2127 ἔρῥηξε,
1420 2053 1516 2121 τὴν
1573 2059 1676 2128 γῆν
1725 2073 1782 2107 τε
1831 2049 2020 2124 ἔσεισε,

367 2140 458 2195 καὶ
487 2141 556 2196 τά
598 2145 842 2212 μνημεῖα
889 2141 1102 2213 ἀνέῳξε.
1139 2141 1240 2197 Καὶ
1295 2139 1419 2196 οὐδὲ
1468 2141 1639 2204 οὕτως
1688 2147 1918 2208 συνῆκαν
1970 2144 2022 2198 οἱ

365 2229 681 2304 ἀγνώμονες
713 2227 989 2286 Ἰουδαῖοι.

438 2317 633 2393 Ἐρώτ.
668 2319 776 2392 μγ’.
830 2323 951 2390 Πῷς
996 2315 1130 2374 εἶδεν
1182 2320 1215 2389 ἡ
1270 2319 1453 2395 Μαρία
1498 2320 1589 2374 τὸν
1643 2319 1834 2394 Κύριον
1869 2365 1881 2389 ,
1933 2321 2021 2376 καὶ

364 2405 510 2479 ποίῳ
538 2407 727 2482 τρόπῳ
763 2427 775 2476 ;
814 2407 909 2460 Καὶ
961 2408 1060 2482 γὰρ
1107 2405 1296 2462 ’ίστατο
1346 2406 1610 2463 κλαίουσα
1663 2407 1713 2464 ἐν
1759 2414 1838 2482 τῷ
1884 2433 2019 2483 μνη-

367 2496 508 2568 μείῳ
560 2494 858 2572 ἔμπροσθεν
911 2501 1018 2551 τῶν
1073 2497 1320 2571 ἀγγέλων
1380 2503 1685 2574 σκυθρωπῴ
1739 2504 1818 2570 τῷ
1874 2497 2021 2568 ἤθει,

361 2587 453 2643 καὶ
503 2593 738 2666 κατηφεῖ
779 2592 846 2662 τῇ
899 2587 1008 2660 θέᾳ.
1064 2594 1188 2651 Πῶς
1235 2589 1326 2644 οὖν
1386 2587 1520 2645 εἶδεν
1582 2590 1738 2646 αὐτὸν
1802 2587 2018 2646 ὄπισθεν

362 2677 532 2746 αὐτῆς
565 2682 965 2754 περιπατοῦντα
995 2678 1083 2733 καὶ
1118 2677 1420 2754 ἐρχόμενον
1453 2700 1466 2749 ;

454 2766 629 2824 Δπόκ,
664 2772 821 2842 Ἔχει
873 2765 929 2822 δὲ
963 2766 1154 2834 οὕτως,
1198 2767 1278 2823 ὅτι
1330 2767 1642 2838 ἐκαθέζοντο
1696 2769 1746 2823 οἳ
1797 2769 2018 2846 ἄγγελοι

367 2853 673 2930 ἔμπροσθεν
707 2855 897 2928 αὐτῆς,
929 2857 1017 2911 καὶ
1051 2851 1278 2911 ἔϐλεπον
1310 2859 1400 2912 τὸν
1451 2859 1677 2933 Χριστὸν
1726 2857 2020 2935 ἐρχόμενον

371 2943 552 3000 ὀπίσω
583 2944 773 3015 αὐτῆς·
829 2944 1003 3016 ἐκείνη
1058 2944 1116 3000 δὲ
1163 2946 1336 3001 ὀπίσω
1375 2946 1542 3017 αὐτῆς
1601 2947 1708 3023 οὐχ
1755 2949 1916 3022 ἐώρα·
1967 2949 2020 3003 οἱ

368 3031 425 3089 δὲ
477 3033 702 3110 ἄγγελοι
764 3034 1118 3106 καθεζόμενοι
1177 3034 1470 3106 ἐξεναντίας
1529 3035 1695 3106 αὐτῆς
1754 3036 2015 3113 ἐθεώρουν

363 3122 457 3177 τὸν
521 3123 748 3198 Χριστὸν
807 3121 1106 3199 ἐρχόμενον
1170 3123 1343 3178 ὀπίσω
1402 3124 1612 3197 αὐτῆς,
1672 3126 1760 3181 καὶ
1821 3125 2016 3188 εύθέως

361 3211 678 3282 ἀνέστησαν.
729 3209 937 3268 Ἰδοῦσα
977 3210 1034 3266 δὲ
1066 3215 1100 3282 ἡ
1135 3214 1272 3288 γυνὴ
1321 3213 1444 3276 τοὺς
1494 3214 1761 3291 ἀγγέλους
1801 3215 2017 3286 ἀποπη-

362 3299 630 3372 δήσαντας
686 3301 977 3377 ἐξεπλάγη,
1027 3302 1113 3356 καὶ
1165 3301 1316 3366 αὖθις
1369 3302 1603 3382 ἐστράφη
1639 3305 1712 3366 εἰς
1745 3307 1810 3359 τά
1843 3303 2018 3359 ὀπίσω

362 3388 494 3445 ἰδεῖν
539 3389 592 3444 τί
643 3389 926 3446 ἐθεάσαντο
988 3392 1039 3445 οἱ
1088 3391 1335 3467 ἄγγελοι,
1381 3393 1469 3446 καὶ
1521 3389 1654 3446 εἶδεν
1717 3392 2019 3468 ἐρχόμενον

357 3479 450 3534 τὸν
486 3479 718 3549 Ἰησοῦν.
773 3478 920 3548 Αὕτη
965 3478 1107 3534 ἐστὶν
1158 3480 1300 3534 αἰτία
1349 3485 1447 3535 τοῦ
1496 3478 1626 3535 ἰδεῖν
1659 3483 1756 3550 τὴν
1807 3481 2017 3557 Μαρίαν

358 3568 452 3622 τὸν
488 3567 682 3643 Κύριον
718 3574 1038 3646 στραφεῖσαν
1075 3568 1151 3632 εἰς
1179 3570 1244 3623 τὰ
1277 3569 1472 3626 ὀπίσω.

438 3657 629 3733 Ἐρώτ.
669 3653 772 3729 μδ’.
809 3658 906 3712 Διά
933 3655 986 3711 τί
1021 3658 1048 3713 ὁ
1084 3659 1319 3733 Χριστὸς
1369 3665 1485 3722 τοῖς
1541 3662 1808 3731 μαθηταῖς
1856 3659 2020 3716 αὐτοῦ

364 3745 596 3817 ἐζήτησε
649 3747 783 3820 μετά
829 3749 928 3816 τὴν
975 3746 1257 3802 ἀνάστασιν
1308 3754 1516 3826 φαγεῖν,
1562 3749 1670 3825 οὐχ
1718 3749 1905 3825 εύρέοη
1964 3747 2021 3804 δὲ

360 3833 549 3910 ἕτερον
589 3833 778 3909 μέρος,
812 3835 1002 3906 ἀλλ’ἢ
1041 3835 1203 3910 μόνον
1251 3837 1440 3914 ἰχθύος
1492 3836 1659 3893 ὀπτοῦ
1713 3839 1896 3915 μέρος,
1931 3840 2019 3894 καὶ

363 3925 471 3980 ἀπὸ
507 3923 793 3998 μελισσίου
824 3925 1016 4000 κηρίον
1056 3946 1069 3996 ;

433 4015 620 4071 Ἀπόκ.
654 4015 806 4076 Τινὲς
837 4015 899 4070 τὸ
933 4015 1038 4070 άπὸ
1073 4014 1356 4089 μελισσίου
1407 4015 1598 4092 κηρίον
1651 4015 1783 4078 ἅλας
1831 4019 2019 4092 ἡρμή-

361 4124 545 4158 νευσαν
582 4103 739 4157 εἰναι·
794 4103 1050 4182 φλυάρων
1103 4103 1409 4177 μυθολογία
1459 4109 1626 4160 ταῦτα
1673 4106 1739 4159 τὰ
1779 4105 2014 4180 ῥήματα.

360 4193 434 4247 Τὸ
457 4193 556 4269 γὰρ
589 4193 694 4248 ἀπὸ
731 4192 1018 4266 μελισσίου
1050 4192 1242 4268 κηρίον
1275 4194 1362 4248 καὶ
1399 4194 1590 4269 ἰχθύος
1636 4195 1803 4250 ὀπτοῦ
1856 4194 2018 4270 μέρος

362 4279 530 4336 ταῦτά
559 4283 690 4337 εἰσιν
745 4283 832 4336 οἶα
881 4280 1098 4358 λέγειὴ
1148 4286 1354 4360 Γραφή.
1389 4287 1548 4360 Ἔχει
1601 4283 1658 4339 δῖε
1715 4281 2014 4356 παράδοξόν

359 4392 480 4425 τινα
528 4370 819 4448 ἑρμηνείαν
866 4373 955 4427 καὶ
1023 4372 1324 4447 βαθυτάτην
1375 4374 1464 4427 καὶ
1528 4375 2014 4449 ἀναγωγικωτάτην

359 4456 637 4534 ἀκρίϐειαν
676 4505 688 4517 .
749 4463 810 4519 Ὀ
867 4466 994 4524 νοῦς
1069 4469 1169 4532 τῆς
1229 4462 1582 4539 ἀναγνώσεως
1650 4462 1816 4538 ταύτῃ
1877 4462 2015 4518 ἐστὶν

359 4550 516 4612 οὗτος
551 4569 564 4582 ⁸
616 4551 643 4605 ὁ
694 4551 787 4624 μὲν
832 4551 988 4627 ἰχθὺς
1035 4551 1412 4626 παριικάζεται
1463 4553 1538 4615 εἰς
1616 4555 1714 4622 τὴν
1775 4552 2014 4629 σκληρὰν

2131 1973 2326 2039 petras
2357 1968 2614 2034 discidit,
2644 1967 2832 2022 velum
2867 1966 3069 2037 templi
3103 1965 3380 2036 disrupit,
3417 1971 3631 2020 terram
3657 1982 3788 2020 suo-

2132 2057 2336 2122 cussit,
2370 2063 2426 2111 et
2458 2065 2822 2112 mortuorum
2854 2055 3125 2127 sepulcra
3152 2055 3399 2126 aperuit.
3447 2061 3527 2110 Ac
3578 2071 3649 2110 ne
3698 2055 3783 2110 sic

2135 2145 2372 2218 quidem
2400 2146 2813 2202 intellexerunt
2846 2145 3058 2217 ingrati
3089 2143 3298 2199 Judaei.

2204 2325 2424 2388 Qums'r.
2458 2323 2651 2379 XLIII.
2685 2323 2985 2387 Quomodo
3016 2322 3160 2377 vidit
3191 2321 3373 2377 Maria
3420 2322 3734 2377 Dominum
3760 2323 3786 2377 ‘I

2134 2414 2306 2470 Flens
2342 2413 2494 2469 enini
2529 2413 2586 2468 in
2621 2417 3003 2468 monumento
3054 2412 3250 2466 stabat
3301 2427 3493 2466 coram
3528 2412 3782 2482 angelis,

2130 2503 2284 2558 tristi
2319 2503 2478 2557 vultu
2535 2508 2590 2557 et
2643 2507 2881 2573 aspectu
2934 2501 3213 2556 demisso.
3269 2502 3568 2564 Quomodo
3603 2501 3785 2571 igitur

2129 2591 2275 2647 vidit
2305 2609 2460 2660 eum,
2495 2591 2593 2661 qui
2628 2607 2661 2645 a
2695 2598 2854 2662 tergo
2882 2591 3146 2646 veniebat
3176 2590 3568 2645 obambulans
3593 2589 3620 2644 ?

2201 2771 2372 2825 Esse.
2403 2771 2494 2824 Sic
2528 2787 2618 2824 res
2647 2768 2839 2824 habet.
2873 2770 3016 2825 Cum
3052 2767 3244 2838 angeli
3277 2769 3547 2823 sederent
3581 2768 3772 2823 Mariae

2129 2875 2197 2914 ex
2227 2860 2490 2928 adverso,
2525 2859 2902 2929 viderentque
2933 2858 3231 2913 Christum
3266 2876 3298 2912 a
3331 2864 3489 2927 tergo
3524 2859 3649 2928 ejus
3685 2874 3779 2911 ac-

2127 2950 2427 3005 cedentem
2461 2966 2472 3002 :
2506 2948 2608 3004 illa
2641 2948 2878 3019 quidem
2911 2953 3233 3003 retrorsum
3269 2964 3384 3002 non
3438 2947 3785 3017 respiciebat

2127 3037 2319 3111 angeli
2353 3055 2480 3094 vero
2511 3038 2780 3093 sedentes
2809 3054 2840 3092 e
2872 3036 3121 3105 regione,
3159 3036 3427 3090 viderunt
3481 3036 3781 3091 Christum

2129 3134 2342 3199 atergo
2375 3128 2728 3194 venientem,
2775 3125 3094 3198 statimque
3125 3132 3524 3180 surrexerunt.
3558 3123 3780 3180 Videas

2129 3234 2261 3271 vero
2293 3216 2506 3272 mulier
2534 3215 2772 3286 angelos
2807 3215 3314 3281 resiliisse,animo
3350 3213 3638 3284 perculsa,
3673 3217 3787 3268 sta-

2050 3287 2092 3354 C
2134 3305 2240 3360 tim
2275 3310 2428 3360 retro
2457 3307 2740 3359 convertit
2789 3322 2850 3359 se
2898 3304 2969 3358 ad
3023 3304 3362 3370 videndum,
3417 3303 3556 3373 quid
3592 3303 3782 3367 angeli

2134 3400 2459 3461 cernerent,
2511 3401 2566 3450 et
2628 3395 2771 3449 vidit
2821 3394 3148 3449 venientem
3203 3393 3433 3449 Jesum.
3501 3392 3628 3447 Henc
3697 3397 3786 3447 est

2133 3502 2311 3540 causa
2359 3487 2511 3555 quod
2581 3484 2783 3552 Maria,
2839 3488 2991 3538 retro
3041 3499 3341 3550 conversa,
3393 3481 3535 3537 vidit
3591 3481 3777 3536 Domi-

2134 3591 2297 3628 DUII).

2203 3663 2428 3727 Ουίεδτ.
2462 3661 2652 3718 XLIV.
2685 3664 2873 3728 Quare
2904 3676 3037 3716 cum
3073 3659 3379 3732 discipulis
3426 3664 3556 3730 post
3589 3676 3782 3714 resur-

2131 3753 2448 3808 rectionem
2499 3768 2667 3806 suam
2717 3750 2984 3806 Christus
3033 3751 3202 3804 edere
3257 3749 3457 3815 voluit,
3515 3766 3615 3804 nec
3666 3747 3780 3803 alia

2131 3841 2318 3913 portio
2349 3847 2437 3896 est
2467 3840 2722 3909 inventa,
2754 3839 2872 3894 ειεεὶ
2907 3839 3100 3910 piscis,
3126 3843 3183 3894 et
3217 3839 3286 3892 de
3310 3839 3435 3893 favo
3470 3837 3708 3892 mellis?

2205 4020 2374 4075 RESP.
2410 4019 2658 4080 Quidam
2689 4017 2834 4073 illud
2867 4019 2939 4072 de
2969 4018 3096 4073 favo
3129 4015 3345 4084 mellis,
3379 4015 3561 4072 saleni
3594 4016 3776 4072 inter-

2130 4109 2306 4181 petati
2365 4112 2524 4171 sunt,
2575 4124 2702 4178 quas
2754 4108 2926 4162 verba
3001 4106 3315 4178 nugacium
3364 4110 3503 4160 sunt
3548 4103 3775 4160 fabulae.

2129 4199 2276 4254 Nam
2311 4199 2470 4252 favus
2505 4195 2694 4251 mellis
2743 4202 2799 4251 et
2846 4213 3018 4250 assus
3068 4195 3246 4261 piscis
3295 4195 3583 4265 ejusmodi
3617 4199 3780 4261 sunt,

2131 4287 2330 4360 qualia
2361 4286 2503 4340 dicit
2532 4286 2853 4354 Scriptura.
2890 4285 3071 4339 Habet
3105 4288 3299 4338 autem
3337 4302 3427 4338 res
3480 4283 3778 4339 admiran-

2129 4379 2264 4433 dam
2301 4373 2864 4446 interpretationem,
2899 4379 2956 4427 et
3008 4373 3356 4444 profundam
3408 4377 3583 4442 atque
3615 4371 3780 4427 valde

2131 4471 2413 4521 remotam
2476 4462 3046 4536 pervestigationem.
3093 4464 3314 4515 Sensus
3365 4466 3560 4514 autem
3607 4459 3779 4515 istius

2127 4554 2394 4612 lectionis
2422 4553 2518 4608 hic
2549 4559 2634 4608 est
2669 4570 2680 4606 :
2717 4552 2896 4606 Piscis
2924 4549 3373 4606 similitudinem
3405 4549 3580 4604 habet
3609 4566 3776 4620 aspe-

363 4637 646 4714 ὃιαγωγῆν
678 4644 786 4695 τῶν
845 4641 1092 4710 ἀσκητῶν
1141 4645 1247 4696 τῶν
1299 4639 1650 4716 ὃαμασάντων
1700 4643 1798 4712 τήν
1851 4643 2020 4719 σάρκα

2143 4663 2203 4700 πίε
2237 4641 2694 4700 conversationis
2728 4645 3082 4704 ascetarum,
3116 4639 3216 4710 qui
3241 4637 3508 4711 jejuniis,
3541 4637 3774 4712 vigiliis,

363 4729 637 4798 νηστείαις
681 4729 770 4783 καὶ
821 4728 1140 4805 ἀγρυπνίαις
1199 4730 1290 4784 καὶ
1336 4736 1453 4792 ταῖς
1508 4730 1728 4793 λοιπαῖς
1777 4753 2016 4794 κακοπι-

365 4817 578 4889 θείαις,
640 4817 729 4872 καὶ
782 4818 1206 4892 σταυρωσάντων
1265 4817 1486 4880 ἑαυτοὺς
1541 4821 1620 4891 τῷ
1679 4820 1872 4893 κόσμῳ
1929 4820 2017 4874 καὶ

361 4912 479 4968 ταῖς
509 4905 759 4979 ἡδοναῖς,
801 4907 891 4962 καί
927 4908 1185 4983 ὑγρότησι
1217 4910 1305 4963 καὶ
1344 4913 1464 4971 ταῖς
1511 4915 1738 4986 τροφαῖς
1768 4914 1864 4963 τοῦ
1900 4909 2019 4984 βίου

361 4995 824 5068 ἀποταξαμένων,
879 4998 970 5051 καὶ
1027 5000 1095 5071 τῇ
1155 4997 1414 5073 ξηρότητι
1477 4996 1698 5059 ἑαυτοὺς
1751 4995 1993 5070 δαμασάν

355 5107 491 5156 των,
543 5084 632 5140 καὶ
681 5089 750 5159 τῇ
801 5084 1070 5160 ἀσκητικῇ
1123 5084 1234 5160 ὁδῷ
1279 5086 1686 5163 πορευομένων,
1719 5087 1898 5149 καθὼς
1940 5087 2021 5141 ἐν·

364 5172 610 5229 ετείλατο
669 5175 696 5228 6
752 5171 1005 5250 Χριστός·
1046 5202 1066 5227 ιι
1107 5177 1168 5233 Ὁ
1228 5175 1401 5231 θέλων
1460 5177 1559 5245 τὴν
1616 5178 1799 5252 ψυχὴν
1859 5175 2022 5231 αὐτοῦ

359 5268 533 5318 σῶσαι
585 5261 848 5319 ἀπολέσει
896 5263 1082 5335 αὐτὴν,
1120 5289 1147 5316 ι)
1176 5264 1228 5320 ἐν
1288 5266 1556 5337 νηστείαις
1617 5263 1876 5337 δηλονότι
1934 5267 2023 5321 καὶ

358 5351 698 5428 ἀγρυπνίαις,
747 5351 835 5407 καὶ
884 5358 1001 5416 ταῖς
1054 5353 1275 5416 λοιπαῖς
1323 5354 1704 5418 κακοπαθείαις
1735 5400 1746 5412 .
1798 5360 1918 5418 Πῶς
1969 5353 2025 5410 δὲ

357 5440 742 5515 παρεικάζεται
788 5443 815 5496 6
861 5441 1020 5517 ἰχθὺς
1072 5443 1146 5505 εἰς
1198 5445 1295 5512 τήν
1348 5444 1598 5518 ἄσκησιν,
1637 5445 1670 5515 ἢ
1717 5447 1814 5514 τήν
1862 5465 2025 5500 κακο-

359 5528 606 5598 πάθειαν,
639 5528 892 5589 ἄκουσον.
921 5533 1242 5607 ’Ἄνθρωπος
1293 5533 1487 5607 ὅμοιός
1518 5533 1627 5589 ἐστι
1677 5541 1774 5590 τοῦ
1808 5533 2019 5611 ἰχθύος·

433 5735 481 5771 ⁸⁸
513 5735 720 5805 Matth,
750 5753 866 5797 XVI.
898 5737 990 5794 25.

2129 4741 2188 4791 et
2237 4733 2371 4789 aliis
2420 4730 2903 4802 castigationibus
2953 4745 3189 4785 carnem
3240 4730 3638 4785 domuerant:
3673 4731 3771 4799 qui

2129 4824 2356 4895 seipsos
2388 4821 2608 4876 mundo
2641 4825 2698 4876 et
2727 4819 3126 4890 voluptatibus
3158 4819 3774 4891 cruciﬁxerunt,etqui

2129 4911 2392 4967 humidis
2424 4910 2570 4966 cibis
2601 4907 3084 4980 voluptuosisque
3108 4911 3539 4977 renuntiarunt,
3575 4907 3777 4962 aridis-

2131 5017 2246 5072 que
2279 5000 2505 5071 seipsos
2536 5001 2865 5068 domantes,
2900 4997 3210 5053 asceticam
3253 4998 3405 5051 viam
3438 4996 3776 5067 ingrediun-

2132 5096 2245 5157 tur,
2280 5089 2782 5160 quemadmodum
2816 5086 3092 5158 prawcpit
3118 5085 3387 5141 Christus
3421 5101 3432 5139 :
3470 5108 3494 5134 ι(
3528 5085 3634 5149 Qui
3657 5083 3782 5140 vult

2134 5178 2392 5234 animam
2428 5194 2596 5232 suam
2651 5191 2902 5244 servare,
2957 5175 3160 5246 perdet.
3191 5191 3319 5228 eam
3367 5173 3450 5239 ⁶²;
3482 5194 3509 5222 ››
3536 5173 3782 5244 jejuniis

2135 5268 2356 5338 atique,
2391 5265 2604 5334 vigiliis
2636 5273 2694 5320 et
2715 5263 2848 5320 aliis
2879 5262 3629 5327 afflictionibus.Quemodo
3653 5278 3784 5318 vero

2135 5355 2315 5428 piscis
2348 5353 2710 5410 assimiletur
2738 5351 2943 5419 ascesi,
2968 5350 3055 5404 vel
3081 5349 3596 5421 macerationibus,
3632 5368 3787 5406 nunc

2137 5445 2389 5501 attende.
2437 5443 2590 5498 Pisci
2624 5440 2838 5498 similis
2870 5443 2959 5495 est
2998 5439 3171 5493 homo
3207 5456 3218 5492 :
3257 5455 3392 5493 nam
3425 5438 3577 5493 sicut
3609 5439 3786 5508 piscis

2137 5535 2276 5589 dum
2311 5533 2502 5588 adhuc
2526 5535 2614 5588 est
2641 5530 2701 5587 in
2726 5528 2872 5586 mari
2891 5543 3126 5586 omnem
3140 5525 3312 5582 habet
3346 5525 3779 5596 humiditatem,
