4132 6352
309 379 429 439 72⁵1

1478 376 1542 435 S.
1589 370 2116 436 ATHANASIUS.
2132 403 2210 416 -
2240 371 2473 435 SPURI
2487 377 2524 433 Α
2542 419 2556 432 .

3612 373 3741 435 738

311 514 368 566 et
399 526 534 566 cum
567 525 676 566 suo
705 509 990 580 sanguine
1020 509 1078 563 in
1114 513 1279 564 vasto
1335 507 1475 562 vivit
1521 506 1644 563 luto
1674 522 1688 561 :
1725 503 1962 577 quando

2098 498 2258 576 ὗσπερ
2287 501 2390 577 γὰρ
2424 503 2453 558 6
2498 501 2681 579 ἰχθὺς,
2729 499 2834 565 ἕως
2884 501 3025 559 ἐστὶν
3078 503 3130 559 ἓν
3175 506 3245 579 τῇ
3302 503 3571 580 θαλάσσῃ,
3621 502 3741 581 ἔχει

309 615 445 655 vero
474 602 681 671 captus
693 602 853 654 extra
883 614 1099 670 aquam
1122 597 1624 665 venerit,moritur
1648 612 1661 650 :
1682 594 1752 650 ad
1775 594 1972 666 ignem

308 704 442 744 vero
490 687 720 759 positus
769 691 1002 743 assatur
1066 690 1125 742 et
1190 687 1380 755 areﬁt,
1446 684 1752 758 perditque
1800 697 1970 739 suam

312 792 548 832 omnem
580 775 1213 831 immunditiam.Talis
1244 775 1420 830 etiam
1454 779 1543 830 est
1572 774 1749 829 homo
1778 788 1791 826 :
1827 773 1968 826 dum

310 866 504 922 adhuc
534 869 624 920 est
652 865 710 920 in
747 864 939 919 medio
970 864 1101 918 vitae
1135 880 1254 919 suae
1299 862 1611 929 curriculo,
1653 860 1972 932 voluptati—

310 954 425 1010 bus
453 952 719 1023 indulget
743 956 801 1007 et
833 952 1241 1007 immoderatis
1261 951 1974 1022 concupiscentiis.0uan-

313 1044 389 1098 do
418 1058 553 1098 vero
584 1041 787 1098 relicto
820 1043 1066 1103 mundo,
1098 1041 1285 1096 ascesi
1315 1045 1372 1096 et
1420 1038 1700 1112 asperiori
1748 1038 1879 1094 vitae
1914 1038 1971 1091 in

315 1132 547 1187 deserto
578 1145 816 1202 operam
849 1130 1096 1197 dederit,
1129 1129 1314 1184 sancti
1361 1129 1610 1201 spiritus
1658 1128 1793 1200 igne
1822 1125 1976 1182 cale-

318 1220 532 1286 factus,
568 1237 602 1275 a
632 1219 761 1275 suis
790 1220 1100 1275 affectibus
1128 1219 1361 1285 arescit,
1386 1222 1445 1273 et
1471 1217 1543 1273 ab
1577 1218 1736 1273 omni
1770 1233 1975 1288 repur-

321 1314 498 1382 gatur
525 1306 928 1375 immunditia,
961 1311 1140 1378 atque
1170 1323 1273 1377 per
1300 1306 1548 1362 virtutes
1581 1310 1821 1377 accepta
1864 1310 1975 1359 Deo

321 1398 576 1454 efficitur
602 1396 816 1453 hostia.
849 1396 997 1451 Nam
1029 1395 1181 1452 sicut
1224 1395 1403 1467 piscis
1451 1396 1523 1450 ad
1568 1396 1853 1450 carbones
1883 1410 1973 1449 as-

321 1491 512 1553 satus,
543 1487 610 1541 ﬁt
636 1485 982 1541 commodus
1012 1489 1068 1540 et
1097 1483 1259 1540 utilis
1289 1484 1460 1540 cibus
1495 1502 1508 1540 :
1538 1484 1624 1540 sic
1655 1483 1833 1539 homo
1873 1498 1978 1554 per

323 1574 574 1631 calorem
606 1573 858 1645 Spiritus
889 1573 1077 1629 sancti
1108 1578 1482 1646 repurgatus,
1505 1571 1700 1628 hostia
1728 1572 1975 1627 Domino

323 1669 561 1735 accepta
591 1663 862 1719 efﬁcitur.

2081 594 2253 644 πᾶσαν
2284 592 2382 660 τήν
2418 591 2717 667 ὑγρότητα,
2749 592 2839 647 καὶ
2889 596 2954 667 ζῇ
3009 594 3144 667 μετά
3172 597 3271 649 τοῦ
3309 590 3543 667 αἵματος
3575 595 3741 650 αὑτοῦ

2078 679 2168 734 καὶ
2201 678 2377 750 πάσης
2428 680 2603 743 ίλύος·
2656 680 2781 737 ὅταν
2832 679 2891 737 δὲ
2935 686 3184 760 κρατηθῇ
3235 681 3336 754 ἔξω
3376 688 3475 738 τοῦ
3521 680 3741 759 ὕδατος,

2078 772 2386 844 νεκροῦται·
2443 769 2728 844 τιθέμενος
2788 768 2847 827 δὶ
2904 770 2955 827 ἐν
3014 776 3095 845 τῷ
3143 772 3275 849 πυρὶ
3326 771 3589 829 ὀπτοῦται
3648 774 3740 829 καὶ

2082 857 2407 929 ξηραίνεται,
2455 859 2544 913 καὶ
2599 858 2872 916 ἀπόλλυσι
2920 867 3092 916 πᾶσαν
3141 860 3306 918 αὐτοῦ
3350 863 3453 932 τήν
3502 861 3741 939 ἀκαθαρ-

2082 946 2221 1000 σίαν
2270 948 2508 1020 τοιούτῳ
2556 950 2747 1025 τρόπῳ
2778 948 2889 1004 ἐστὶ
2938 950 3028 1005 καὶ
3061 950 3089 1005 6
3117 951 3401 1027 ἄνθρωπος
3436 971 3450 985 ’
3482 948 3591 1014 ἕως
3623 952 3743 1007 ἐστὶ

2087 1040 2249 1109 μέσον
2290 1041 2387 1091 τοῦ
2438 1036 2581 1113 βίου,
2627 1042 2693 1112 ζῇ
2753 1037 3012 1111 ἐμπαθῶς
3059 1041 3199 1116 πρὸς
3245 1042 3341 1104 τὰς
3398 1039 3602 1110 ἡδονὰς
3651 1042 3745 1096 καὶ

2084 1125 2422 1189 ἀκολάστους
2449 1126 2763 1200 ἐπιθυμίας.
2816 1130 2980 1186 Ὅταν
3031 1126 3091 1185 δὲ
3137 1129 3348 1205 ἀποστῇ
3376 1135 3473 1185 τοῦ
3500 1130 3737 1203 κόσμου,

2084 1213 2173 1269 καὶ
2209 1215 2383 1290 βιώσῃ
2413 1215 2464 1270 ἐν
2496 1215 2721 1287 ἀσκήσει
2751 1216 2842 1273 καὶ
2891 1216 3286 1296 σκληραγωγίᾳ
3315 1219 3368 1274 ἐν
3415 1222 3486 1293 τῇ
3520 1217 3740 1294 ἐρήμῳ,

2090 1303 2193 1358 ὑπὸ
2219 1305 2391 1379 πυρὸς
2419 1309 2518 1360 τοῦ
2560 1304 2715 1381 ἁγίου
2765 1305 3078 1380 Πνεύματος
3126 1309 3577 1383 θερμαινόμενος,
3617 1307 3745 1364 τότε

2087 1392 2392 1469 ξηραίνεται
2425 1392 2484 1448 ἐκ
2528 1398 2635 1449 τῶν
2680 1396 2892 1465 παθῶν,
2950 1396 3042 1451 καὶ
3083 1396 3395 1474 καθαίρεται
3428 1397 3533 1452 ἀπὸ
3564 1398 3743 1469 πάσης

2085 1479 2413 1554 ἀκαθαρσίας
2447 1527 2460 1553 ,
2514 1482 2604 1536 καὶ
2660 1482 2865 1559 γίνεται
2938 1488 3019 1556 τῷ
3074 1489 3190 1557 Θεῷ
3246 1483 3402 1540 θυσία
3460 1484 3745 1561 εὐάρεστος

2087 1565 2178 1623 διὰ
2204 1572 2310 1623 τῶν
2357 1569 2587 1645 ἀρετῶν.
2639 1573 2843 1648 ’Ὠσπερ
2894 1573 2922 1627 6
2974 1572 3132 1649 ἰχθὺς
3178 1573 3383 1650 γίνεται
3435 1572 3744 1646 ἆπιτήδειος

2090 1657 2165 1719 εἷς
2219 1660 2428 1736 τροφήν
2487 1659 2746 1728 ὀπτηθεὶς
2780 1661 2884 1716 ἐπ’
2943 1662 3220 1737 ἀνθράκων
3257 1684 3271 1698 ·
3331 1663 3508 1728 οὕτως
3564 1665 3655 1720 καὶ
3716 1666 3745 1720 6

328 1750 638 1828 ἅνθρωπος,
669 1748 759 1805 διὰ
786 1756 884 1819 τῆς
913 1751 1120 1826 θέρμης
1148 1754 1247 1806 τοῦ
1278 1749 1437 1825 ἁγίου
1471 1749 1782 1822 Πνεύματδς
1816 1748 2127 1822 καθαρθεὶς,
2157 1746 2360 1823 γίνεται
2393 1749 2550 1804 θυσία
2581 1747 2972 1827 εὐπρόσδεκτος
3000 1756 3079 1824 τῷ
3108 1751 3312 1829 Κυρίῳ.

400 1869 557 1927 264
582 1868 750 1925 Nunc
781 1869 938 1943 quod
969 1869 1041 1925 ad
1084 1869 1279 1925 favum
1315 1866 1507 1925 mellis
1538 1868 1770 1938 attinet,
1801 1866 1980 1922 talem

328 1958 507 2014 habet
544 1958 1107 2031 interpretationem.
1154 1958 1542 2024 Quaerendum
1592 1956 1793 2029 itaque
1836 1972 1979 2028 quo-

333 2047 510 2105 modo
541 2063 656 2103 non
693 2047 868 2104 fuerit
899 2047 1014 2104 mel
1046 2047 1176 2105 sine
1207 2049 1358 2104 favo.
1401 2048 1501 2104 Est
1544 2048 1783 2120 quidem
1820 2046 1982 2102 favus

340 2138 468 2194 sine
497 2136 689 2208 melle,
738 2141 798 2194 et
845 2137 1157 2209 aliquando
1206 2137 1318 2193 mel
1369 2141 1459 2194 est
1506 2135 1632 2193 sine
1680 2137 1807 2192 favo
1842 2154 1856 2194 :
1886 2135 1985 2191 hic

327 2244 463 2284 vero
492 2230 785 2300 repertum
818 2231 909 2283 est
940 2230 1261 2300 utrumque
1288 2245 1300 2293 ;
1333 2243 1449 2299 quo
1481 2243 1614 2283 vero
1630 2230 1797 2299 pacto
1824 2226 1983 2282 audi.

331 2314 447 2372 Mel
481 2315 716 2388 quidem
768 2318 1007 2389 propter
1053 2316 1240 2372 sancti
1290 2315 1546 2388 Spiritus
1590 2314 1983 2387 dulcedinem,

332 2420 506 2478 quam
522 2420 702 2476 super
712 2405 1009 2477 apostolos
1022 2408 1077 2460 et
1093 2421 1296 2461 omnes
1316 2404 1514 2460 fideles
1528 2405 1824 2461 effusuras
1839 2407 1983 2459 erat.

328 2494 545 2551 Favum
575 2510 710 2549 vero
741 2494 972 2563 habuit,
1012 2499 1247 2567 propter
1293 2493 1691 2566 signaculum,
1724 2510 1840 2566 quo
1885 2509 1987 2565 per

325 2582 691 2655 baptismum
721 2599 924 2639 omnes
956 2583 1158 2639 fideles
1190 2582 1540 2655 obsignavit.
1591 2582 1818 2638 Etenim
1853 2582 1983 2638 the~

327 2688 542 2729 saurus
572 2675 794 2744 quanto
827 2673 1015 2745 magis
1036 2671 1306 2728 inclusus
1339 2679 1424 2728 est
1458 2673 1515 2727 in
1548 2672 1865 2739 favo,tanto
1897 2675 1989 2726 est

330 2761 533 2817 tutior.
568 2760 868 2817 Consimili
902 2762 1074 2818 modo
1105 2765 1162 2818 et
1190 2761 1390 2835 gratia;
1421 2762 1629 2817 divinae
1660 2766 1799 2818 tutae
1848 2764 1990 2816 sunt

337 2851 400 2907 in
429 2849 800 2923 homine,qui
829 2850 1107 2924 baptismi
1126 2850 1499 2924 signaculum
1523 2857 1579 2907 et
1608 2851 1842 2925 signum
1863 2868 1989 2907 cru-

339 2940 706 3013 cis,denique
738 2939 911 2997 fidem
935 2956 1170 3015 quoque
1200 2957 1328 3014 quae
1354 2944 1445 2998 est
1473 2942 1534 2997 in
1555 2940 1852 2997 Christum
1884 2940 1987 2996 ha-

338 3030 457 3086 bet.

863 3263 942 3318 De
970 3263 1151 3332 gloria
1179 3262 1434 3333 (Christi.
1442 3263 1460 3333 )

402 3403 632 3469 Qums'r.
666 3402 834 3462 XLV.
866 3402 1185 3461 Sciendum
1214 3420 1347 3461 vero
1379 3404 1536 3477 quod
1557 3403 1844 3461 Dominus
1875 3421 1983 3462 no-

340 3452 661 3550 ste‘eresus
677 3452 945 3550 Christus
969 3452 1286 3566 postquam
1336 3452 1415 3549 e1;l
1434 3492 1656 3567 Spiritu
1686 3499 1887 3552 sancto
1919 3452 1985 3551 et
2013 3452 2057 3522 α

334 3597 405 3638 ex
432 3580 618 3638 Maria
649 3586 927 3655 perpetua
960 3580 1202 3655 Virgine
1224 3581 1597 3655 sumpsisset,
1629 3587 1685 3639 et
1716 3584 1982 3640 incarna-

329 3674 429 3727 tus
458 3669 716 3733 fuisset;
748 3674 1061 3743 postquam
1096 3671 1357 3727 humana
1397 3671 1596 3727 omnia
1627 3672 1987 3745 suscepisset

336 3765 546 3835 prater
567 3764 872 3835 peccatum
904 3767 960 3818 et
990 3762 1418 3829 inﬁrmitatem,
1476 3765 1791 3835 postquam
1825 3768 1989 3819 tanta

334 3850 617 3908 edidisset
651 3850 1231 3924 miracula,essetque
1261 3852 1664 3921 crucifixus,et
1692 3853 1863 3908 tertia
1895 3853 1988 3908 die

336 3940 753 3997 resurrexisset
781 3940 1108 3997 secundum
1130 3941 1869 4015 Scripturas,postmodum
1893 3960 1986 3999 as-

338 4031 614 4099 sumptus
646 4030 758 4095 cst,
790 4030 846 4083 et
877 4027 1144 4083 consedit
1174 4029 1246 4084 ad
1278 4029 1575 4085 dexteram
1624 4028 1744 4086 Dei.
1782 4035 1985 4086 Dexte-

338 4132 465 4171 ram
498 4132 631 4172 vero
659 4116 755 4172 Dei
788 4132 921 4172 cum
953 4116 1146 4187 audis,
1180 4133 1252 4173 ne
1282 4116 1441 4174 locos
1472 4116 1559 4173 vel
1611 4118 1830 4190 figuras
1858 4119 1985 4192 glo-

338 4205 437 4261 riae
487 4203 920 4262 circumscribe.
971 4205 1253 4262 Dextrum
1303 4206 1518 4263 etenim
1574 4211 1632 4264 et
1677 4209 1986 4265 sinistrum

340 4297 483 4350 sunt
512 4292 1167 4366 circumscripturarum
1200 4312 1394 4352 rerum
1431 4314 1444 4353 :
1477 4296 1634 4353 Deus
1663 4302 1863 4354 autem
1895 4298 1985 4354 in-

340 4386 572 4439 creatus
604 4386 693 4439 est
720 4387 778 4439 et
806 4384 1096 4451 infinitus,
1130 4386 1222 4440 cui
1256 4384 1420 4442 nulla
1447 4385 1661 4443 ascribi
1692 4386 1899 4455 forma,
1933 4391 1991 4443 et

338 4472 436 4545 qui
462 4489 566 4529 nec
599 4471 726 4545 ipse
756 4472 1165 4530 circumscribi
1195 4474 1702 4546 queat.Dexteram
1730 4493 1865 4533 vero
1892 4477 1988 4534 Dei

339 4563 576 4636 quando
608 4562 993 4633 audieris,Dei
1024 4562 1267 4636 gloriam
1301 4570 1359 4621 et
1388 4564 1670 4621 honorem
1702 4564 1986 4638 intellige.

340 4650 410 4707 Et
439 4649 538 4706 Dei
574 4649 813 4722 quidem
842 4650 1027 4707 Filius
1067 4656 1125 4708 et
1171 4652 1347 4724 Deus,
1402 4654 1573 4709 sicuti
1624 4654 1847 4709 dictum
1880 4660 1988 4727 est,

342 4743 478 4813 post
523 4738 900 4812 adimpletam
948 4744 1127 4797 totam
1178 4741 1701 4816 dispensationem,
1750 4742 1988 4799 tandem

2162 1865 2240 1922 Τὸ
2273 1861 2331 1920 δὲ
2378 1864 2484 1920 ἀπὸ
2540 1865 2823 1940 μελισσίου
2870 1869 3063 1945 κηρίον
3114 1867 3225 1925 ἐστὶ
3281 1868 3448 1926 πάλιν
3485 1872 3744 1942 τοιαύτην

2010 1976 2060 2043 Β
2090 1948 2217 2029 ἕχον
2250 1955 2348 2023 τὴν
2384 1954 2696 2031 ἑρμηνείαν.
2729 1956 3000 2029 Ζητητέον
3046 1957 3227 2014 τοίνυν
3277 1963 3395 2023 πῶς
3444 1959 3544 2016 οὐκ
3588 1963 3655 2031 ἦν
3683 1960 3748 2017 τὸ

2096 2041 2221 2117 μὲλι
2272 2044 2449 2120 χωρὶς
2500 2046 2718 2120 κηρίου.
2748 2047 2900 2103 Ἐστι
2952 2044 3010 2103 δὲ
3047 2049 3136 2103 καὶ
3184 2047 3378 2125 κηρίον
3431 2049 3607 2126 χωρὶς
3658 2052 3751 2125 μὲ-

2095 2128 2268 2195 λιτοςο
2300 2133 2389 2189 καὶ
2432 2130 2541 2189 ἔστι
2591 2134 2680 2190 καὶ
2736 2134 2861 2209 μέλι
2892 2136 3071 2213 χωρὶς
3119 2136 3337 2212 κηρίου·
3372 2136 3484 2194 ἐκεῖ
3511 2137 3571 2195 δὲ
3600 2138 3748 2217 εύρέ-

2096 2231 2264 2291 θησαν
2322 2223 2388 2277 τὰ
2445 2222 2746 2301 ἀμφότεραο
2805 2226 2945 2280 κατὰ
2970 2225 3091 2281 τίνα
3138 2223 3196 2281 δὲ
3232 2226 3463 2303 τρόπον,
3494 2229 3748 2287 ἄκουσον.

2092 2312 2162 2366 Τὸ
2196 2312 2290 2385 μὲν
2327 2309 2451 2386 μέλι
2486 2311 2575 2369 διὰ
2604 2314 2702 2383 την
2736 2312 3055 2390 γλυκύτητα
3082 2319 3180 2371 τοῦ
3220 2315 3376 2393 ἁγίου
3407 2318 3747 2392 Ηνεύματος,

2093 2403 2154 2470 ἢν
2185 2397 2414 2474 ἔμελλεν
2450 2401 2657 2479 ἐκχὲειν
2692 2405 2829 2481 πρὸς
2858 2403 2985 2468 τοὺς
3034 2404 3375 2468 ἀποστόλους
3423 2407 3513 2461 καὶ
3543 2408 3749 2471 πάντας

2092 2488 2219 2553 τοὺς
2269 2490 2512 2553 πιστούς’
2567 2491 2631 2547 τὸ
2688 2490 2746 2548 δὲ
2804 2493 2995 2570 κηρίον
3057 2491 3146 2550 διὰ
3197 2496 3296 2564 τὴν
3352 2494 3641 2574 σφραγῖδα,
3690 2499 3752 2567 ἣν

2093 2580 2323 2656 παρέχει
2354 2585 2472 2643 τοῖς
2504 2587 2721 2645 πιστοῖς
2771 2588 2899 2637 πᾶσι
2933 2580 3022 2638 διὰ
3065 2587 3162 2639 τοῦ
3211 2584 3606 2659 βαπτίσματος.
3652 2586 3749 2643 Καὶ

2093 2667 2253 2744 γάρὸ
2315 2669 2608 2745 θησαυρὸς,
2653 2669 2777 2726 ὅσον
2838 2669 2947 2727 ἐστὶ
3004 2667 3335 2749 βεϐυσμένος
3386 2670 3475 2729 διὰ
3530 2676 3748 2752 κηρίου,

2094 2758 2352 2812 τοσοῦτόν
2387 2756 2527 2813 ἐστιν
2561 2758 2982 2838 ἀσφαλέστερος.
3015 2760 3259 2836 Τοιούτῳ
3297 2762 3487 2839 τρόπῳ
3537 2764 3628 2819 οὖν
3658 2765 3747 2821 καὶ

2097 2847 2125 2901 ὁ
2154 2853 2256 2916 τῆς
2286 2847 2428 2911 θείας
2461 2849 2688 2925 χάριτος
2726 2846 2966 2913 πλοῦτος
2998 2849 3049 2905 ἐν
3079 2855 3158 2924 τῷ
3206 2852 3476 2929 ἀνθρώπῳ
3509 2853 3743 2929 ὑπάρχει

2100 2933 2327 3008 ἄσυλος,
2362 2934 2506 3012 ἔχων
2554 2937 2652 3006 τῆν
2707 2936 2973 3016 σφραγῖδα
3010 2944 3109 2995 τοῦ
3154 2940 3307 3018 ἁγίου
3351 2939 3742 3018 βαπτίσματος,

2099 3025 2189 3079 καὶ
2244 3026 2308 3080 τὸ
2366 3030 2596 3100 σημεῖον
2653 3030 2750 3082 τοῦ
2806 3032 3076 3105 σταυροῦ,
3131 3030 3223 3085 καὶ
3280 3031 3374 3100 τὴν
3428 3030 3604 3086 πίστιν
3668 3031 3747 3094 εἰς

2100 3110 2347 3185 Χριστόν.

2744 3258 2876 3328 Περὶ
2924 3254 3109 3329 δόξης.

2175 3395 2366 3473 Ἐρώτ.
2563 3397 2799 3454 Γίνωσκε
2856 3395 2934 3470 δὲ,
2967 3398 3052 3455 ὅτι
3112 3401 3140 3456 6
3198 3399 3395 3477 Κύριος
3454 3403 3615 3477 ἡμῶν
3663 3404 3754 3459 καὶ

2096 3486 2226 3548 Θεὸς
2283 3487 2493 3557 Ἰησοῦς
2539 3490 2788 3562 Χριστὸς,
2839 3489 2974 3562 μετὰ
3017 3490 3079 3545 τὸ
3124 3493 3463 3566 σαρκωθῆναι
3498 3491 3558 3548 ἐκ
3589 3492 3753 3549 Πνεύ-

2098 3595 2265 3648 ματος
2298 3574 2451 3651 ἁγίου
2506 3577 2597 3632 καὶ
2656 3575 2717 3632 ἐκ
2771 3584 2871 3649 τῆς
2929 3577 3011 3634 ἀεὶ
3059 3578 3327 3656 παρθένου
3374 3580 3612 3659 Μαρίας,
3661 3583 3753 3637 καὶ

2094 3663 2505 3738 ἐνανθρωπῆσαι
2536 3710 2550 3736 ,
2613 3666 2703 3721 καὶ
2763 3667 2936 3722 πάντα
3013 3667 3322 3743 ἀνθρώπινα
3381 3665 3750 3727 ἀναλαϐέσθαι

2096 3752 2272 3828 χωρὶς
2323 3754 2589 3830 ἁμαρτίας
2630 3755 2719 3810 καὶ
2770 3756 3064 3831 ἀσθενείας,
3114 3757 3202 3813 καὶ
3251 3759 3385 3832 μετά
3430 3759 3494 3815 τὸ
3541 3762 3753 3833 θαυμα-

2092 3849 2388 3917 τουργῆσαι
2444 3843 2534 3899 καὶ
2601 3847 2976 3921 σταυρωθῆναι
3008 3893 3024 3918 ,
3084 3846 3173 3901 καὶ
3228 3851 3296 3922 τῇ
3351 3846 3509 3923 τρίτῃ
3568 3850 3756 3924 ἡμέρᾳ

2096 3930 2389 4003 ἀναστῆναι
2428 3935 2564 3989 κατά
2609 3936 2705 3997 τὰς
2752 3935 2991 4013 Γραφᾶς,
3040 3934 3259 4012 ὕστερον
3311 3936 3620 4015 ἀνελήφθη,
3663 3939 3755 3994 καὶ

2098 4020 2336 4087 ἐκάθισεν
2396 4022 2447 4078 ἐν
2505 4021 2651 4096 δεξιᾷ
2700 4028 2798 4080 τοῦ
2858 4030 3013 4082 Θεοῦ.
3049 4025 3241 4097 Δεξιὰνλ
3285 4024 3343 4082 δὲ
3398 4027 3612 4083 ἀκούων
3657 4033 3755 4084 τοῦ

2095 4116 2251 4181 Θεοῦ,
2287 4113 2362 4185 μή
2410 4114 2611 4176 τόπους
2657 4113 2745 4168 καὶ
2793 4117 3055 4190 σχήματα
3099 4112 3259 4187 δόξης
3311 4114 3635 4196 περίγραφε.
3669 4124 3760 4173 Δε-

2097 4201 2183 4271 ξιά
2226 4201 2330 4277 γάρ
2375 4202 2464 4257 καὶ
2514 4202 2769 4279 ἀριστερά
2814 4208 2922 4258 τῶν
2971 4206 3456 4284 περιγραφομὲνων
3509 4205 3649 4261 ἐστίν
3679 4225 3691 4237 °
3725 4208 3755 4262 6

2098 4285 2156 4345 δὲ
2186 4290 2316 4353 Θεὸς
2376 4290 2650 4355 ἄπλαστος
2698 4291 2789 4347 καὶ
2852 4292 3101 4370 ἀόριστος
3160 4294 3252 4349 καὶ
3313 4294 3755 4372 ἀσχημάτιστος,

2097 4377 2188 4432 καὶ
2244 4378 2645 4456 ἀπερίγραπτός
2701 4380 2811 4436 ἐστι
2846 4421 2859 4436 .
2921 4382 3103 4456 Δεξιὰν
3171 4380 3229 4437 δὲ
3281 4387 3380 4438 τοῦ
3436 4388 3570 4441 Θεοῦ
3628 4383 3753 4440 ὅταν

2098 4466 2354 4542 ἀκούσῃς,
2414 4469 2514 4537 τὴν
2572 4466 2726 4541 δόξαν
2786 4470 2877 4526 καὶ
2932 4472 3033 4541 τήν
3079 4472 3249 4545 τιμὴν
3296 4477 3394 4528 τοῦ
3439 4477 3573 4529 Θεοῦ
3623 4475 3758 4529 εἶναι

2098 4554 2231 4613 νόει.
2289 4556 2386 4611 Καὶ
2446 4556 2474 4611 ὁ
2537 4558 2629 4631 μὲν
2691 4560 2816 4621 Υἱὸς
2872 4563 2971 4615 τοῦ
3030 4564 3165 4616 Θεοῦ
3223 4561 3311 4617 καὶ
3367 4561 3528 4636 Θεὸς,
3577 4564 3756 4625 καθὼς

2101 4643 2333 4722 ε’ίρηται,
2369 4648 2503 4719 μετά
2530 4647 2593 4703 τὸ
2637 4646 2931 4725 πληρῶσαι
2979 4654 3150 4705 πᾶσαν
3201 4649 3552 4726 οἰκονομίαν,
3604 4651 3757 4708 ὕστε-

2101 4756 2192 4812 ρον
2254 4735 2556 4812 ἀνελήφθη·
2616 4739 2677 4793 τὸ
2729 4734 2787 4792 δὲ
2846 4742 3063 4812 Πνεῦμα
3117 4739 3180 4795 τὸ
3239 4742 3435 4816 ἅγιον,
3495 4740 3755 4806 κατελθὸν

341 4830 688 4900 assumptus
719 4827 1087 4901 est.Spiritus
1110 4846 1241 4887 vero
1270 4836 1511 4888 sanctus
1539 4832 1595 4886 in
1616 4836 1815 4887 sancto
1850 4832 1983 4889 festc

2101 4823 2188 4879 ἐπὶ
2244 4824 2370 4888 τοὺς
2428 4825 2614 4901 ἁγίους
2670 4825 2916 4899 μαθητὰς
2972 4830 3041 4902 τῇ
3087 4825 3216 4902 ἁγίᾳ
3263 4832 3636 4904 Πεντηκοστῇ,
3667 4828 3759 4883 καὶ

341 4917 713 4973 Pentecostes
752 4934 928 4990 super
966 4923 1202 4975 sanctos
1232 4919 1797 4992 apostolosveniens,
1818 4924 1874 4976 et
1894 4937 1993 4976 su-

340 5023 446 5080 per
474 5022 709 5062 omnem
742 5022 975 5063 carnem
1009 5008 1375 5078 CEUSUSJIOD
1406 5012 1495 5064 est
1525 5025 1730 5065 I'UPSUS
1762 5025 1992 5065 assum-

340 5100 501 5169 ptus,
531 5097 632 5153 sed
666 5096 725 5153 in
756 5096 1192 5169 generationem
1227 5099 1285 5153 et
1313 5097 1750 5171 generationem
1783 5098 1997 5155 transit

341 5185 401 5241 in
434 5202 658 5259 omnes,
711 5190 767 5243 et
816 5185 987 5243 sicuti
1038 5185 1361 5261 quemlibet
1409 5187 1713 5244 hominum
1775 5186 1995 5244 invenit

340 5275 568 5332 habitat
614 5276 676 5333 in
706 5290 773 5333 eo
794 5293 900 5350 pro
931 5276 1154 5333 ratione
1177 5276 1453 5350 puritatis
1482 5278 1772 5352 cujusque
1802 5276 1992 5334 homi-

343 5365 719 5435 nis,multum
754 5366 813 5422 in
843 5365 1044 5423 anima
1062 5382 1348 5440 superans
1381 5366 1750 5424 dulcedinem
1776 5365 1988 5423 mellis.

416 5543 642 5606 Ουμεδτ.
674 5544 866 5601 XLVI.
891 5545 1040 5609 Quid
1074 5550 1163 5599 est
1190 5546 1346 5614 quod
1380 5546 1522 5601 dicit
1550 5545 1818 5602 Christus
1843 5562 1856 5600 :
1879 5568 1905 5595 ‹‹
1930 5544 1989 5601 Si

346 5630 480 5703 quis
508 5630 741 5689 locutus
773 5633 945 5689 fuerit
977 5632 1199 5706 aliquid
1232 5638 1435 5690 contra
1467 5634 1679 5691 Filium
1708 5632 1987 5705 hominis,

345 5720 675 5777 remittetur
703 5721 753 5778 ei
790 5740 800 5778 :
837 5727 895 5777 at
928 5723 976 5778 si
1010 5723 1142 5795 quis
1171 5722 1406 5782 locutus
1432 5724 1608 5782 fcerit
1636 5727 1839 5781 contra
1861 5722 1989 5795 Spi-

2104 4913 2327 4990 ἐκχυθὶν
2380 4913 2467 4969 ἐπὶ
2520 4921 2690 4970 πᾶσαν
2741 4916 2930 4991 σάρκα,
2964 4916 3064 4973 οὐκ
3111 4915 3414 4992 ἀνελήφθη,
3449 4914 3597 4973 ἁλλὰ
3626 4916 3760 4973 κατά

2102 5004 2287 5078 γενεὰν
2344 5002 2432 5059 καὶ
2488 5004 2670 5081 γενεάν
2734 5000 3009 5081 διέρχεται
3059 5006 3134 5068 εἷς
3181 5005 3408 5079 πάντας,
3454 5005 3545 5061 καὶ
3577 5007 3755 5063 καθὼς

2101 5090 2193 5148 ἕνα
2246 5090 2468 5149 ἕκαστον
2532 5093 2680 5167 εὕροι
2736 5092 2843 5149 τῶν
2903 5096 3230 5169 ἀνθρώπων,
3289 5101 3624 5163 κατασκηνοῖ
3676 5094 3758 5151 ἐπ’

2102 5182 2260 5238 αὐτὸν
2307 5183 2442 5239 κατά
2497 5183 2596 5252 τήν
2649 5183 2941 5261 ἀναλογίαν
2995 5191 3094 5254 τῆς
3146 5184 3371 5240 ἑκάστου
3423 5186 3759 5261 καθάρσεως,

2105 5272 2235 5347 ὑπὲρ
2272 5271 2396 5346 μὲλι
2428 5270 2695 5349 γλυκάζον
2728 5271 2779 5328 ἐν
2812 5276 2881 5345 τῇ
2912 5276 3090 5351 ψυχῇ.

2177 5540 2369 5615 Ἐρώτ.
2409 5542 2513 5615 μς’.
2542 5541 2603 5595 Τί
2654 5540 2793 5597 ἐστιν
2841 5542 2871 5596 ’ὸ
2922 5541 3068 5597 εἶπεν
3102 5542 3130 5597 ὁ
3178 5539 3437 5619 Χριστὸς,
3468 5540 3552 5598 ὅτι
3600 5565 3629 5595 ‹‹
3660 5545 3759 5606 ’Ός

2102 5633 2162 5685 ἂν
2197 5627 2320 5704 εἷ’πῃ
2362 5629 2525 5706 λόγον
2581 5630 2717 5685 κατά
2759 5634 2857 5686 τοῦ
2903 5631 3032 5686 Υίοῦ
3081 5629 3391 5706 ἀνθρώπου,
3439 5631 3759 5711 ἀφεθήσεται

2100 5719 2267 5792 αὐτῷ·
2302 5720 2359 5784 ὃς
2394 5717 2441 5776 δ’
2472 5719 2531 5775 ἂν
2561 5717 2689 5797 εἷ’πῇ
2739 5721 2875 5777 κατά
2919 5725 3018 5777 τοῦ
3068 5719 3229 5800 ἁγίου
3276 5720 3617 5797 Πνεῦματος,
3664 5721 3761 5780 οὐκ
