4132 6360
333 421 453 481 ’729

1461 401 2255 470 INTERPRETATIONES
2302 402 2404 461 EX
2448 401 2519 460 V.
2558 402 2631 461 Τ.

3633 391 3754 455 730

337 550 665 628 ἀφεθήσεται
718 544 843 602 οὔτε
900 545 953 599 ἐν
1004 548 1082 615 τῷ
1128 548 1219 597 νῦν
1271 541 1425 597 αἰῶνι
1477 536 1601 594 οὔτε
1634 536 1687 593 ἐν
1717 539 1797 607 τῷ
1860 531 1998 607 μὲλ-

2121 531 2295 587 ritum
2330 538 2621 595 sanctum,
2658 550 2771 588 non
2799 532 3131 587 remittetur
3160 530 3232 600 ei,
3263 546 3371 585 nec
3401 529 3457 583 in
3508 527 3617 582 hoc
3649 544 3751 581 sm-

337 640 495 695 λοντι
525 658 539 706 ;
578 662 605 688 ››

411 727 728 801 Ἐρμηνεία.
788 727 965 782 Τοῦτο
1024 723 1234 797 εἷ’ρηκεν
1286 723 1314 774 6
1362 719 1613 794 Χριστὸς,
1664 713 1851 783 ἐπειδὴ
1912 711 1993 767 δι-

338 818 513 878 πλοῦς
544 818 661 871 κατ’
720 813 928 885 οὐσίαν,
984 814 1111 873 Θεὸς
1170 811 1258 865 καὶ
1318 807 1621 882 ἅνθρωπος,
1681 811 1784 865 πᾶς
1847 802 1993 865 Son:

338 909 587 977 ἀθετήσει
652 904 997 982 βλασφημῶν
1052 901 1129 961 εἷς
1186 902 1285 969 τήν
1343 899 1512 971 σάρκα
1559 895 1740 965 αὐτοῦ,
1794 893 1995 971 ἀφεθή-

338 1016 483 1049 σεται
520 994 667 1066 αὖτῷ
703 981 1122 1067 μετανοήσαντι,
1173 993 1251 1060 τῷ
1298 985 1356 1042 δὲ
1410 986 1870 1064 βλασφημήσαντι
1918 981 1993 1043 εἰς

336 1107 530 1153 την....

2109 620 2262 691 culo,
2296 637 2401 676 nec
2432 623 2491 677 in
2526 623 2721 677 futuro
2751 622 2796 657 ⁸³
2820 621 2979 689 (82)?

2185 714 2460 769 INTERPR.
2489 713 2606 767 Hoc
2635 712 2765 766 ideo
2797 711 2939 765 dixit
2969 709 3256 773 Christus,
3286 708 3442 777 quod
3475 722 3607 760 cum
3641 706 3753 758 du-

2105 807 2275 880 plicis
2307 805 2383 859 sit
2432 802 2717 858 essentia}.
2753 800 2905 855 Deus
2957 798 3237 853 nimirum
3279 802 3335 852 et
3366 796 3561 860 homo,
3593 792 3752 847 omni

2102 894 2530 967 blasphemiam
2565 897 2768 946 contra
2798 906 3029 945 carnem
3064 887 3257 957 ipsius
3304 884 3587 955 loquenti,
3620 899 3751 950 pec-

2106 992 2301 1042 catum
2337 984 2685 1050 remittatur,
2719 980 2766 1034 si
2799 982 2927 1049 ejus
2953 978 3147 1048 ipsum
3204 974 3480 1047 poeniteat
3503 989 3515 1026 :
3540 972 3626 1026 illi
3654 988 3753 1027 ve-

2106 1092 2191 1142 ro,
2217 1075 2317 1146 qui
2349 1071 2778 1144 blasphemiam
2813 1068 3090 1123 dixerit...

1714 1192 1925 1249 Caetera
1956 1192 2373 1249 desiderantur.

443 1303 667 1376 μφαῖνον
709 1296 771 1351 τὸ
818 1295 999 1372 τρίτον
1047 1290 1341 1369 πρόσωπον
1374 1291 1563 1366 ὅμοιον
1602 1290 1871 1367 ἀνθρώπῳ
1898 1290 1987 1344 τὸν

346 1387 482 1441 κατὰ
541 1386 819 1463 ἄνθρωπον
895 1384 1057 1440 αὐτοῦ
1106 1382 1401 1459 παρουσίαν
1463 1381 1810 1460 φανερώτατα
1865 1379 1994 1455 γρά-

353 1496 466 1554 φον·
500 1477 561 1531 τὸ
595 1474 650 1531 δὶ
678 1476 928 1551 τέταρτον
991 1473 1182 1547 ὅμοιον
1213 1472 1371 1547 ,ἀετῷ
1412 1472 1715 1547 πετομένῳ,
1769 1474 1866 1541 τήν
1898 1474 1993 1526 τοῖ’)

354 1565 663 1639 Πνεόματος
713 1564 798 1619 ἰπὶ
845 1565 943 1633 τήν
999 1563 1325 1635 Ἐκκλησίαν
1387 1563 1776 1643 ἐφιιπταμένην,
1845 1559 1991 1616 δόσιν

352 1653 666 1731 σαφηνίζον,
718 1652 806 1708 καὶ
855 1654 921 1708 τὰ
969 1652 1279 1729 Εὐαγγέλια
1329 1654 1542 1716 τούτοις
1596 1653 1877 1731 σύμφωνα,
1943 1651 1993 1707 ἒν

347 1743 429 1804 οἶς
520 1742 895 1818 συγκαθέζεται
982 1744 1008 1798 6
1081 1743 1335 1819 Χριστός.
1410 1745 1479 1798 Τὸ
1556 1744 1648 1817 μὲν
1700 1741 1999 1818 γὰρκατὰ

348 1832 601 1901 Ἰωάννην
651 1833 751 1901 τήν
807 1833 910 1887 ἀπὸ
958 1836 1056 1887 τοῦ
1105 1834 1316 1909 Πατρὸς
1350 1833 1512 1888 αὐτοῦ
1541 1832 1876 1907 ἡγεμονικὴν
1908 1830 1997 1885 καὶ

2107 1290 2350 1347 ...tertia
2399 1302 2648 1361 persona
2698 1283 2908 1341 similis
2952 1280 3200 1347 homini,
3230 1280 3551 1335 humanam
3598 1276 3756 1333 illius

2104 1378 2494 1453 praesentiam,
2532 1400 2557 1427 ‹‹
2590 1377 2708 1432 sive
2741 1375 3081 1437 adventum,
3117 1394 3143 1421 »
3178 1370 3503 1427 clarissime
3534 1367 3756 1422 descri-

2101 1470 2191 1525 bit
2220 1488 2231 1525 :
2263 1474 2471 1541 quarta
2487 1466 2736 1537 denique
2758 1462 3085 1520 assimilata
3116 1459 3324 1533 aquilis
3354 1456 3593 1527 volanti,
3625 1456 3756 1527 Spi-

2107 1559 2256 1615 ritus
2272 1557 2455 1613 sancti
2471 1557 2783 1629 gratuitam
2800 1554 2961 1609 illam
2977 1551 3351 1608 donationem
3365 1548 3422 1603 in
3446 1546 3757 1603 Ecclesiam

2107 1647 2464 1705 involantem
2494 1646 2771 1701 declarat.
2806 1645 2875 1699 Et
2912 1640 3293 1699 consentiunt
3322 1656 3457 1695 cum
3505 1638 3598 1693 his
3630 1636 3758 1708 ipsa

2111 1739 2291 1795 etiam
2324 1737 2659 1809 Evangelia,
2696 1735 2753 1790 in
2787 1734 3001 1805 quibus
3035 1731 3299 1787 Christus
3324 1746 3442 1784 una
3472 1727 3753 1784 considet.

2110 1827 2261 1883 lllud
2316 1827 2470 1882 enim
2505 1826 2658 1898 quod
2690 1829 2780 1881 est
2824 1822 3149 1879 secundum
3180 1819 3488 1886 Joannem,
3523 1816 3760 1889 exponit

344 1917 561 1991 ἔνδοξον
614 1921 777 1977 αὐτοῦ
828 1924 1007 1999 γενεὰν
1064 1907 1389 1999 ἐκδιηγεῖται
1442 1920 1632 1999 λέγων·
1678 1948 1696 1973 ιι
1735 1923 1815 1976 Ἐν
1850 1922 1998 1997 ἀρχῇ

2121 1916 2279 1973 nobis
2314 1914 2755 1988 imperatoriam
2777 1913 2937 1969 illam
2964 1915 3020 1968 et
3040 1909 3326 1965 illustrem
3350 1907 3538 1979 ipsius
3567 1924 3635 1962 ex
3657 1910 3761 1962 Pa-

343 2011 409 2080 ἦν
445 2012 472 2065 6
504 2010 697 2088 Λόγος·
765 2036 793 2063 ››
850 2010 934 2066 διὸ
982 2012 1068 2067 καὶ
1120 2013 1273 2074 ἀετὸς
1323 2012 1755 2086 μετωνόμασται,
1806 2011 1880 2074 ὡς
1932 2009 1998 2065 τὰ

345 2098 454 2173 ὕψη
522 2143 534 2156 .
583 2143 595 2155 .
643 2143 656 2156 .
706 2145 719 2158 .
764 2144 777 2159 .
826 2145 838 2157 .
887 2144 900 2159 .
946 2145 960 2159 .
1006 2146 1018 2157 .
1067 2145 1079 2157 .
1121 2096 1525 2175 κενεμϐατήσας
1561 2147 1574 2169 ,
1632 2101 1873 2155 κάκεῖθεν
1932 2100 2000 2155 τὰ

346 2188 632 2267 ἀπόρρητα
706 2191 952 2263 μυηθεὶς,
1027 2190 1115 2246 καὶ
1172 2192 1237 2246 τὰ
1294 2193 1505 2265 κρυπτὰ
1560 2198 1659 2261 τῆς
1720 2188 1999 2264 θεολογίας

348 2325 360 2338 .
407 2322 419 2336 .
466 2322 478 2335 .
525 2323 537 2336 .
585 2322 598 2335 .
646 2324 658 2336 .
704 2320 716 2334 .
770 2323 783 2336 .
845 2281 1274 2354 ἀνιμησάμενος,
1334 2282 1422 2335 καὶ
1484 2282 1582 2349 τὴν
1635 2278 1868 2357 ἄρρητον
1910 2278 1999 2334 καὶ

345 2367 730 2438 ἀκατάληπτον
791 2368 1041 2444 γέννησιν
1097 2374 1193 2425 τοῦ
1252 2371 1378 2425 Υἱοῦ
1435 2375 1531 2425 τοῦ
1583 2375 1715 2425 Θεοῦ
1766 2390 1998 2445 συγγρα-

346 2458 608 2531 ψάμενος.
642 2458 712 2512 Τὸ
747 2454 801 2513 δὲ
832 2458 967 2513 κατᾶ
1014 2465 1222 2514 Λουκᾶν
1266 2458 1492 2535 ἄρχεται
1540 2461 1643 2515 ἀπὸ
1673 2464 1769 2515 τοῦ
1819 2466 2001 2534 Ζαχα-

350 2545 470 2622 ρίου
523 2551 619 2601 τοῦ
678 2547 889 2623 ἱερέως·
948 2549 1010 2602 τὸ
1078 2546 1134 2603 δὶ
1186 2549 1322 2603 κατὰ
1378 2551 1653 2606 Ματθαῖον
1712 2550 1810 2617 τὴν
1866 2549 2002 2604 κατὰ

350 2631 634 2709 ἄνθρωπον
696 2636 859 2690 αὐτοῦ
935 2636 1179 2712 γέννησιν
1234 2639 1446 2715 γράφει·
1515 2660 1536 2689 α
1597 2634 1796 2700 Βίϐλος
1853 2639 1999 2713 γενέ-

351 2746 509 2787 σεως.
543 2750 569 2777 ››
601 2726 679 2781 Τὸ
738 2723 794 2780 δὲ
841 2726 977 2781 κατὰ
1021 2728 1260 2801 Μάρκον·
1312 2752 1339 2779 ‹‹
1395 2729 1571 2804 Ἀρχὴ
1624 2732 1718 2782 τοῦ
1766 2726 2002 2804 Εὐάγγε-

350 2811 499 2871 λίου.
535 2837 563 2865 ››
598 2817 694 2869 Διὰ
750 2812 912 2870 τοῦτο
964 2815 1052 2869 καὶ
1104 2816 1355 2893 τέσσαρες
1406 2817 1694 2881 καθολικαὶ
1747 2814 2000 2887 διαθῆκαι

346 2908 467 2965 τοῖς
499 2904 804 2981 ἀνθρώποις
837 2904 1119 2977 ἐδόθησαν·
1157 2907 1255 2979 μία
1288 2908 1382 2980 μὶν
1415 2906 1550 2961 κατὰ
1592 2909 1683 2962 τὸν
1730 2906 2001 2963 κατακλυ-

350 2993 487 3066 σμὸν
514 2998 611 3048 τοῦ
642 2998 764 3049 Νῶε
795 2994 880 3049 ἐπὶ
911 2999 1008 3049 τοῦ
1038 2995 1215 3067 τόξου·
1250 2993 1470 3073 δευτέρα
1502 2995 1589 3051 ἐπὶ
1621 2995 1715 3052 τοῦ
1750 2992 2005 3072 Ἀϐραὰμ

348 3082 440 3137 ἐπὶ
470 3087 566 3139 τοῦ
627 3083 859 3157 σημείου
919 3090 1019 3154 τῆς
1073 3092 1399 3160 περιτομῆς·
1460 3085 1615 3163 τρίτη
1684 3089 1711 3157 ἡ
1773 3085 1860 3143 διὰ
1906 3092 2002 3143 τοῦ

348 3172 594 3235 Μωσέως
652 3172 704 3227 ἐν
753 3177 822 3248 τῇ
877 3174 1188 3247 νομοθεσίᾳ·
1237 3175 1464 3249 τετάρτη
1517 3177 1551 3245 ἠ
1599 3172 1687 3231 διὰ
1716 3181 1810 3232 τοῦ
1844 3176 2002 3252 ἁγίου

348 3259 715 3376 Εὐαγγελίου,
762 3266 860 3317 τοῦ
912 3263 1105 3340 Κυρίου
1137 3263 1297 3337 ἡμῶν
1332 3266 1515 3334 Ἰησοῦ
1546 3266 1780 3341 Χριστοῦ
1837 3266 1998 3343 χάρις
2032 3308 2075 3376 C

350 3350 442 3406 καὶ
475 3348 670 3426 δωρεά.

2113 2013 2198 2065 tre
2230 2004 2616 2073 nativitatem,
2663 2021 2797 2060 cum
2827 2002 2909 2059 ait
2943 2021 2955 2068 ;
2993 2026 3019 2052 (ι
3055 2001 3117 2056 1n
3149 1997 3435 2071 principio
3467 2001 3593 2052 erat
3630 1997 3762 2053 Ver-

2110 2104 2252 2158 bum
2312 2095 2376 2152 “.
2406 2118 2433 2146 ››
2467 2095 2857 2162 Quamobrem
2919 2091 3093 2147 etiam
3124 2114 3149 2139 α
3177 2092 3432 2144 Joannes
3466 2109 3493 2136 »
3552 2084 3761 2157 aquilas

2110 2206 2323 2247 nomen
2346 2186 2568 2259 accepit
2590 2202 2654 2241 eo
2677 2183 2829 2255 quod
2853 2180 3145 2237 altissima
3166 2193 3411 2251 qumque
3433 2174 3762 2249 pervolans,

2111 2283 2247 2339 inde
2276 2275 2776 2351 inexplicabilium
2808 2270 3114 2328 scientiam
3148 2269 3407 2335 edoctus,
3436 2270 3493 2323 et
3536 2264 3765 2322 occulta

2110 2371 2318 2428 divinae
2350 2367 2627 2424 doctrinae
2658 2364 2955 2432 deserens,
2990 2360 3154 2416 illam
3187 2374 3313 2429 qua:
3348 2355 3524 2411 nullis
3568 2354 3761 2410 verbis

2112 2459 2343 2534 exponi,
2377 2457 2656 2527 nulloque
2707 2450 2951 2508 rationis
2997 2447 3291 2504 intellectu
3342 2444 3759 2517 comprehendi

2112 2553 2321 2622 potest,
2356 2545 2485 2603 Filii
2517 2542 2948 2617 generationem
2976 2534 3410 2608 conscripserit.
3436 2534 3596 2600 Quod
3626 2550 3759 2590 vero

2112 2639 2440 2697 secundum
2500 2636 2717 2690 Lucam
2747 2649 2779 2686 a
2810 2630 3110 2686 sacerdote
3168 2625 3444 2682 Zacharia
3484 2623 3710 2680 orditur
3743 2640 3756 2677 :

2119 2733 2174 2786 et
2206 2727 2360 2800 quod
2393 2729 2482 2782 est
2528 2721 2856 2780 secundum
2890 2716 3229 2775 Matthaaum
3263 2716 3413 2786 ejus,
3447 2731 3560 2787 qua
3591 2712 3767 2769 homo

2113 2822 2222 2886 est,
2285 2812 2723 2890 generationem
2784 2807 3066 2879 exponit:
3102 2830 3126 2856 ‹‹
3165 2806 3357 2871 Liber,
3410 2803 3619 2875 inquit,
3666 2819 3768 2875 ge-

2114 2904 2438 2966 nerationis
2468 2904 2532 2957 ⁶⁵.
2566 2924 2592 2952 ››
2626 2903 2698 2956 At
2755 2899 2908 2972 quod
2941 2902 3031 2953 est
3079 2894 3406 2951 secundum
3466 2893 3763 2948 Marcum:

2115 3022 2141 3049 ι(
2197 2993 2579 3066 Principium,
2642 2990 2742 3061 ait,
2802 2985 3090 3057 Evangelii
3145 2984 3215 3039 ⁸⁸.
3287 3006 3314 3032 ››
3372 2981 3437 3036 Et
3491 2981 3626 3036 hinc
3682 2986 3772 3036 est

2114 3089 2269 3162 quod
2322 3088 2472 3143 Deus
2530 3099 2663 3138 cum
2711 3077 3054 3135 hominibus
3117 3078 3369 3147 quatuor
3421 3070 3771 3128 universalia

2113 3160 2331 3235 ftedera
2378 3172 2677 3231 sanxerit:
2714 3170 2969 3242 primum
3021 3164 3257 3238 quidem
3305 3166 3439 3236 post
3484 3160 3769 3217 diluvium

2114 3284 2249 3325 cum
2280 3266 2417 3333 Noe,
2453 3279 2553 3335 per
2602 3274 2842 3317 arcum:
2877 3258 3200 3313 secundum
3231 3269 3364 3309 vero
3416 3268 3551 3307 cum
3581 3250 3769 3307 Abra-

2114 3359 2312 3425 hamo,
2346 3355 2455 3411 sub
2482 3348 2786 3425 signaculo
2830 3343 3339 3403 circumcisionis:
3378 3341 3615 3398 tertium
3667 3356 3770 3411 per

349 3442 594 3514 Mosem,
630 3458 764 3499 cum
789 3443 948 3516 leges
981 3444 1192 3501 ferret:
1230 3449 1505 3517 quartum
1541 3448 1815 3521 denique,
1843 3451 1999 3523 quod
2032 3453 2123 3507 est
2152 3445 2340 3521 gratia
2370 3447 2426 3500 et
2457 3443 2697 3508 donum,
2724 3455 2827 3512 per
2855 3452 3090 3495 sacrum
3121 3431 3503 3507 Evangelium
3535 3428 3769 3486 Domini

352 3532 537 3590 nostri
570 3533 601 3589 J
609 3550 712 3590 esu
743 3533 978 3590 Christi.

554 3659 644 3715 EK
679 3659 816 3715 ΤΟΥ
855 3660 1538 3787 ΠΑΛΑΙὲἒΙέξΑΦΟΡΟΙ
1581 3664 1796 3719 EPMH-

419 3835 600 3931 Ερῴτ.
644 3837 747 3908 μζ.
780 3836 841 3889 Τί
872 3836 1033 3893 ἐστιν.
1072 3861 1098 3888 α
1127 3840 1186 3896 Ὁ
1220 3836 1277 3894 δὲ
1295 3846 1364 3915 γῆ
1388 3841 1454 3908 ἦν
1489 3840 1720 3914 ἀόρατος
1751 3843 1840 3897 καὶ
1870 3844 1999 3898 ἀκα-

344 3938 705 3987 τασκευαστος
730 3947 743 3994 ;
776 3952 804 3978 ››

423 4016 613 4071 Ἀποκ.
647 4017 770 4073 ’Ότι
801 4015 899 4071 οὐκ
949 4019 1015 4086 ἦν
1064 4017 1246 4089 ἀκμὴν
1296 4026 1653 4090 κοσμηθεῖσα.
1706 4024 1998 4094 Επικειμέ-

347 4124 446 4159 νου
473 4104 573 4179 γὰρ
605 4107 701 4158 τοῦ
760 4104 951 4167 ὕδατος
1010 4104 1190 4161 ἐπάνω
1247 4106 1436 4178 αὐτῆς,
1496 4108 1724 4185 ἀόρατος
1775 4111 1842 4179 ἦν
1873 4109 1998 4179 ἤτοι

352 4194 662 4267 ἀθεώρητος
737 4193 826 4248 καὶ
904 4196 1130 4271 ἀφανής·
1208 4196 1667 4260 άκατασκεόαστος
1750 4196 1808 4254 δὲ
1874 4199 1997 4268 ἥτοι

351 4279 796 4352 ἀκαλλώπιστος,
825 4282 1165 4347 ἀτελείωτος·
1194 4286 1374 4357 ἀκμὴν
1408 4286 1511 4362 γὰρ
1538 4286 1636 4342 οὐκ
1684 4290 1827 4364 εἶχεν
1877 4287 1999 4345 οὔτε

352 4368 509 4443 ἄνθη⁹
545 4369 667 4426 οὔτε
698 4371 997 4445 λειμῶνας,
1031 4370 1153 4430 οὔτε
1184 4375 1340 4451 φυτὰ,
1374 4374 1496 4431 οὔτε
1529 4375 1789 4451 βλάστην.

2203 3672 2354 3729 265
2444 3670 2528 3724 EX
2622 3666 2854 3722 VETERI
2927 3661 3351 3719 TESTAMENTO
3445 3658 3675 3714 INTER-

2696 3736 3181 3793 PRETATIONES.

2184 3851 2408 3913 Qums'r.
2445 3847 2657 3903 XLVII.
2699 3844 2990 3911 Quidnam
3017 3845 3106 3898 est
3144 3841 3287 3895 illud
3325 3857 3339 3895 :
3379 3857 3400 3886 α
3435 3839 3616 3894 Terra
3662 3852 3765 3891 au-

2114 3944 2232 3995 tem
2267 3943 2390 3995 erat
2421 3934 2737 3992 invisibilis
2766 3938 2823 3988 et
2853 3930 3242 4003 incomposita
3268 3929 3311 3964 ⁶⁷
3334 3927 3362 3981 ?
3392 3950 3420 3977 η

2186 4029 2361 4083 Resp.
2422 4026 2569 4093 Quia
2627 4024 2889 4078 nondum
2948 4032 3072 4075 erat
3136 4022 3431 4075 exornata.
3467 4016 3763 4071 Insidente

2112 4132 2370 4186 namque
2400 4129 2581 4185 super
2599 4117 2816 4167 terram
2839 4126 3012 4180 aqua,
3034 4108 3216 4162 videri
3248 4123 3362 4162 non
3397 4109 3639 4177 poterat,
3673 4104 3760 4158 in-

2108 4206 2358 4260 visibilis
2410 4204 2683 4259 videlicet
2718 4206 2772 4256 et
2804 4199 3029 4254 occulta
3059 4216 3071 4253 :
3106 4198 3407 4252 incondita
3434 4212 3567 4251 vero
3624 4212 3758 4250 neo-

2109 4296 2251 4350 dum
2282 4298 2577 4355 exornata,
2610 4308 2716 4348 nec
2761 4289 3033 4361 perfecta.
3066 4287 3273 4341 Nullus
3304 4285 3462 4341 enim
3510 4285 3594 4339 illi
3655 4285 3761 4339 ad-

2109 4385 2224 4440 huc
2255 4385 2416 4455 vigor
2442 4386 2582 4447 erat,
2616 4380 2761 4435 nulli
2794 4379 2964 4433 ﬂores
2993 4377 3078 4431 vel
3113 4380 3299 4449 prata,
3332 4391 3518 4445 neque
3549 4375 3759 4446 plantae

2110 4472 2203 4530 vel
2232 4489 2470 4547 germen
2505 4471 2761 4542 aliquod.

425 4548 619 4625 Ἐρώτ.
674 4551 787 4622 μη’.
848 4556 1011 4607 Ποῖον
1072 4556 1283 4626 πνεῦμα
1330 4552 1616 4633 ἐπεφέρετο
1676 4556 1852 4613 ἐπάνω
1906 4563 1998 4614 τοῦ

2127 4527 2685 4629 ἾΟῖιβΕεἸ-.Χ1Νί11.
2718 4558 2917 4622 Qualis
2947 4560 3073 4611 erat
3120 4554 3214 4610 ille
3246 4553 3513 4626 spiritus,
3546 4552 3643 4626 qui
3677 4553 3760 4608 re-

352 4634 549 4700 ὕδατος
570 4657 585 4706 ;

422 4726 617 4783 Ἀπόκ.
650 4728 773 4785 Τισὶ
810 4729 903 4801 μὲν
937 4727 1088 4784 δοκεῖ
1120 4730 1183 4785 τὸ
1213 4733 1473 4807 πανάγιον
1532 4739 1748 4807 Πνεῦμα
1798 4740 2001 4813 ζωογο-

347 4820 473 4871 νοῦν
535 4817 633 4886 τὴν
694 4822 800 4871 τῶν
859 4815 1065 4873 ὑδάτων
1122 4820 1299 4897 φύσιν·
1353 4820 1458 4896 ἐγὼ
1511 4819 1568 4876 δὲ
1607 4822 1886 4897 ἁρμοδίως
1916 4826 2001 4894 τὸ,

348 4930 378 4959 ι(
413 4905 722 4983 ἐπεφέρετο,
748 4931 777 4961 η
805 4909 903 4977 τὴν
935 4909 1222 4979 κινητικὴν
1260 4914 1358 4965 τοῦ
1408 4909 1563 4982 ἀέρος
1621 4911 1801 4967 οὐσίαν
1858 4915 2003 4990 φημὶ

349 4992 731 5071 παραδηλοῡν⁹
789 4998 929 5061 καθὰ
993 4998 1083 5051 καὶ
1144 4993 1308 5052 Δαϐὶδ
1366 5001 1491 5075 περὶ
1545 5004 1642 5055 τοῦ
1700 5000 1832 5056 Θεοῦ
1893 5008 2000 5057 τῶν

350 5083 499 5139 ὅλων
533 5085 666 5161 φησί
699 5110 728 5138 ‹‹
789 5085 1010 5142 Ηνεύσει
1061 5087 1121 5141 τὸ
1166 5092 1380 5161 πνεῦμα
1408 5088 1594 5156 αὐτοῦ,
1627 5089 1716 5144 καὶ
1750 5089 2002 5167 ῥυήσεται

350 5170 601 5232 ὕδατα.»

425 5262 617 5337 Ἐρώτ.
655 5265 760 5337 μθ¹.
796 5265 893 5318 Διά
944 5263 1017 5333 τί,
1071 5263 1197 5337 μίαν
1243 5266 1343 5335 τὴν
1384 5270 1700 5344 συναγωγὴν
1730 5273 1840 5325 τῶν
1876 5268 2002 5325 ὑδά-

424 5391 471 5426 ⁶³
516 5391 650 5448 Luc.
693 5408 796 5460 xu,
837 5391 925 5449 lO.

1038 5392 1086 5429 ”
1121 5394 1287 5450 Joan.
1331 5411 1372 5465 ι,
1412 5396 1464 5451 4.

351 5478 560 5531 CXLVII,
603 5464 691 5521 48.

394 5590 541 5673 ¹(ὃβ)
574 5589 927 5673 Hissimilia
955 5590 1250 5648 habentur
1282 5611 1462 5666 supra
1493 5596 1709 5661 Quast.
1766 5596 1841 5655 ad
1898 5597 2007 5654 An-

355 5662 607 5717 tiochum
633 5664 724 5718 72.

433 5735 548 5803 (83)
577 5733 722 5791 Vide
751 5736 966 5799 Quaest.
997 5736 1032 5790 8
1061 5734 1411 5795 Theodoreti
1440 5739 1502 5795 is
1532 5737 1721 5797 Genu.

1602 5397 1647 5434 ⁸⁵
1684 5397 1889 5455 Matth.
1933 5416 1973 5471 I,
2017 5402 2067 5460 1.

2113 4652 2353 4708 rebatur
2382 4668 2561 4722 super
2590 4666 2774 4722 aquas
2794 4649 2822 4703 ?

2184 4746 2354 4797 Resp.
2380 4741 2630 4795 Videtur
2652 4738 2892 4810 quidem
2924 4735 3276 4803 quibusdam
3310 4733 3461 4805 quod
3505 4733 3604 4789 ille
3636 4748 3767 4789 san-

2116 4835 2246 4886 ctus
2277 4831 2355 4886 sit
2384 4830 2659 4902 Spiritus,
2680 4827 2984 4882 viviﬁcans
3001 4842 3287 4896 aquarum
3322 4828 3592 4880 naturam
3627 4824 3764 4895 (83).

2117 4921 2232 4991 Ego
2264 4936 2398 4975 vero
2453 4919 2606 4974 haud
2669 4918 3120 4987 incongruenter
3152 4931 3252 4986 per
3298 4913 3440 4968 illud
3499 4913 3769 4980 verbum,

2117 5028 2142 5060 ι
2170 5009 2464 5064 ferebatur
2480 5008 2581 5074 ‘3,»
2613 5006 2740 5061 dico
2762 5004 3080 5077 signiﬁcari
3105 5004 3378 5058 motivam
3404 5003 3554 5056 aeris
3575 5016 3771 5057 essen-

2110 5098 2252 5152 tiam
2289 5114 2301 5151 :
2338 5100 2514 5151 etiam
2540 5097 2711 5167 juxta
2754 5094 2930 5149 David
2964 5094 3034 5148 de
3068 5094 3177 5147 Deo
3235 5092 3641 5145 universorum
3675 5090 3768 5143 di-

2112 5191 2338 5241 centem
2376 5202 2388 5241 :
2422 5208 2451 5236 ‹‹
2485 5185 2675 5240 Flabit
2705 5183 2948 5255 spiritus
2981 5183 3107 5250 ejus
3139 5185 3194 5235 et
3224 5180 3407 5234 ﬂuent
3445 5196 3608 5250 aquas
3638 5180 3702 5234 δν.
3739 5200 3767 5227 ››

2184 5276 2415 5339 Οωεετ.
2443 5273 2819 5337 XLIX.Quare
2849 5272 2960 5343 (84)
2991 5286 3123 5324 cum
3159 5285 3337 5323 unam
3370 5268 3768 5338 congregatio-

2178 5402 2222 5437 ⁸⁸
2263 5401 2439 5459 Marc.
2484 5418 2523 5469 ι,
2566 5400 2618 5456 ιΙ.
2750 5399 2795 5433 ⁸⁷
2834 5398 2974 5453 Gen.
3018 5412 3057 5465 ι,
3098 5397 3152 5449 2.
3255 5395 3300 5433 ⁸⁸
3342 5394 3485 5451 ibid.
3527 5396 3571 5431 ⁶⁹
3611 5394 3763 5453 Psal.

2120 5599 2305 5727 “((8:4)
2342 5601 2469 5657 [iam
2500 5599 2631 5671 ipsa
2662 5600 2751 5653 est
2782 5595 2935 5669 apud
2968 5592 3399 5652 Theodoretum
3451 5594 3667 5660 Qumst.
3702 5597 3770 5651 12

2253 5687 2397 5727 ams.

2253 5687 2397 5728 ams.
