4132 6432
341 396 453 459 ’131

1504 395 1564 457 S.
1613 395 2138 457 ATHANASIUS.
2163 428 2241 440 -
2279 396 2593 459 SPURIA.

3655 399 3779 460 732

342 544 475 585 nem
513 542 798 600 aquarum
830 527 1094 600 dixisset,
1140 529 1517 601 postmodum
1578 528 1796 584 multas
1825 544 1993 585 voca-

2129 547 2215 582 των
2249 526 2439 600 εἰπὼν,
2475 528 2609 603 μετᾶ
2635 532 2805 585 ταῦτα
2831 525 3047 592 πολλὰς
3085 529 3517 604 προσωνόμασε;
3555 552 3584 584 α
3633 535 3778 585 Συν-

347 615 477 672 vit?
530 615 728 687 inquit
788 615 992 672 enim:
1032 640 1060 668 α
1108 618 1470 690 Congregata
1526 622 1615 674 est
1667 634 1843 690 aqua,
1868 633 1994 688 quae

340 706 449 763 sub
481 703 624 761 ccelo
655 708 799 773 erat,
826 705 885 760 in
918 706 1404 779 congregationes
1432 707 1654 763 suas”.
1692 725 1718 758 ι

414 795 584 852 Resp.
621 794 749 850 Una
774 801 862 851 est
915 812 1205 868 aquarum
1241 800 1453 852 natura
1482 799 1541 852 et
1596 794 1993 869 congregatio.

343 883 655 941 Pluraliter
696 900 828 940 vero
883 885 1254 942 collectiones
1286 885 1533 954 vocavit,
1558 902 1624 941 eo
1656 885 1811 957 quod
1836 883 1997 940 aliud

344 975 583 1049 quidem
614 976 705 1029 est
737 973 1005 1031 Indicum
1039 974 1485 1049 pelagus,aliud
1511 991 1642 1031 vero
1668 974 1997 1043 Ponticum,

342 1070 402 1123 et
461 1065 620 1120 aliud
676 1063 1058 1132 Atlanticum,
1122 1063 1283 1120 aliud
1366 1065 1696 1137 Propontis,
1737 1065 1996 1132 ngum

338 1157 521 1225 aliud,
554 1166 612 1215 et
641 1156 800 1215 aliud
836 1154 991 1211 Ionis
1040 1155 1228 1211 sinus.
1265 1154 1435 1210 Extra
1464 1170 1622 1222 vero,
1656 1158 1869 1209 terram
1921 1151 2000 1207 al-

341 1247 455 1305 luit
486 1251 809 1306 maximum
834 1244 1097 1319 pelagus,
1124 1246 1278 1319 quod
1309 1250 1604 1301 Oceanum
1637 1244 1881 1316 quidam
1901 1259 1998 1299 vo-

340 1343 494 1395 cant.
530 1339 671 1396 Eam
702 1339 776 1393 ob
808 1352 1069 1404 causam,
1105 1351 1318 1406 aquam
1351 1334 1591 1406 quidem
1629 1340 1693 1388 ut
1742 1338 1832 1389 est
1861 1350 1998 1389 con-

343 1432 605 1501 gregata,
636 1425 1042 1484 collectionem
1075 1441 1088 1491 ;
1125 1426 1190 1478 ut
1222 1428 1420 1480 autem
1462 1423 1537 1480 ab
1588 1422 1703 1479 alia
1732 1424 2001 1494 separata

344 1522 459 1585 est,
489 1516 860 1573 collectiones
891 1512 1138 1570 vocavit.

415 1607 645 1672 Qumsr.
685 1611 740 1661 ιλ,
774 1603 964 1668 Quare
1014 1603 1213 1659 lumen
1246 1601 1558 1673 separabat
1589 1601 1747 1658 diem
1782 1603 1839 1657 et
1896 1617 1998 1657 no-

345 1699 495 1752 ctem
519 1699 836 1767 antequam
861 1692 949 1749 sol
972 1703 1204 1748 creatus
1227 1691 1568 1748 essetPNam
1591 1689 1679 1747 sol
1696 1695 1753 1747 et
1773 1690 2002 1764 reliqua

346 1782 666 1840 luminaria
696 1787 898 1856 postea
917 1782 1153 1838 demum
1176 1786 1315 1837 sunt
1340 1781 1513 1837 facta.
1536 1780 1839 1845 Quomodo
1862 1797 1999 1853 ergo

2109 618 2261 692 ἤχθη
2297 640 2326 669 ››
2354 618 2479 694 γὰρ,
2512 619 2667 696 φησὶ,
2699 643 2727 670 ‹‹
2761 618 2825 674 τὸ
2858 615 3011 695 ὕδωρ
3041 618 3106 674 τὸ
3138 618 3392 674 ὑποκάτω
3420 622 3521 674 τοῦ
3549 617 3782 696 ούρανοῦ

2108 704 2184 768 εἷς
2215 707 2310 769 τὰς
2341 708 2656 784 συναγωγὰς
2689 708 2887 763 αὐτῶν.
2923 732 2953 761 ››

2180 795 2372 852 Ἀπόκ.
2406 796 2522 853 Μία
2553 796 2661 852 ἐστὶ
2692 801 2801 852 τῶν
2836 795 3045 853 ὑδάτων
3077 799 3112 867 ἡ
3144 797 3301 875 φύσις
3329 798 3419 852 καὶ
3443 801 3761 875 συναγωγή·

2106 883 2490 954 πληθυντικῶς
2550 882 2609 941 δὲ
2662 886 2759 948 τὰς
2822 887 3138 962 συναγωγὰς
3196 886 3493 960 ὠνόμασεν,
3583 885 3775 958 ἐπειδὴ

2108 971 2250 1029 ἄλλο
2285 974 2378 1047 μὶν
2408 975 2473 1030 τὸ
2506 972 2730 1032 Ἰνδικὸν
2761 974 3017 1052 πέλαγνς,
3065 972 3205 1032 ἄλλο
3255 973 3314 1031 δὲ
3357 976 3419 1030 τὸ
3480 979 3774 1048 Ποντικὸν,

2107 1063 2198 1118 καὶ
2226 1064 2289 1118 τὸ
2322 1063 2664 1122 Ἀτλαντικὸν
2693 1061 2927 1141 ἔτερνον,
2957 1066 3046 1120 καὶ
3078 1062 3221 1120 ἄλλο
3256 1065 3348 1138 μὲν
3380 1067 3416 1135 ἡ
3435 1066 3770 1142 Προποντὶς,

2106 1154 2196 1209 καὶ
2227 1154 2450 1232 Αἰγαῖον
2483 1151 2688 1232 ἕτερον,
2720 1155 2810 1211 καὶ
2858 1154 3032 1218 ἄλλος
3082 1155 3245 1212 πάλιν
3296 1158 3326 1211 6
3376 1157 3582 1218 Ἰώνιο,
3629 1156 3772 1213 κόλο

2108 1266 2230 1308 πος.
2262 1246 2493 1318 ’Ἐξωθεν
2527 1243 2586 1302 δὲ
2613 1245 2779 1302 πάλιν
2809 1245 3075 1302 ἐπίκειται
3102 1248 3167 1302 τὸ
3201 1246 3458 1323 μέγιστον
3507 1246 3773 1323 πέλαγος,

2111 1334 2141 1390 ὅ
2168 1356 2309 1397 τινες
2367 1336 2614 1391 Ὠκεανὸν
2674 1335 3024 1409 ὀνομάζουσι.
3076 1335 3286 1394 Τούτου
3337 1336 3524 1413 χάριν,
3556 1337 3632 1399 ὡς
3667 1338 3765 1410 μὲν

2110 1425 2475 1501 συνηγμένην,
2508 1426 2830 1501 συναγωγὴν
2868 1424 2992 1498 μίαν
3030 1424 3332 1499 ὠνόμασεν·
3387 1426 3461 1488 ὡς
3510 1423 3568 1481 δὲ
3624 1423 3767 1481 διαι-

2122 1533 2226 1587 ρου
2236 1513 2426 1586 μένην,
2461 1514 2794 1589 συναγωγάς.

2182 1603 2376 1678 Ἐρώτ.
2420 1605 2482 1661 ν’.
2517 1608 2681 1659 Ποῖον
2714 1607 2828 1681 φῶς
2860 1602 3096 1679 ἐχώριζε
3124 1604 3226 1674 τήν
3266 1602 3475 1678 ἡμέραι
3522 1604 3614 1659 καὶ
3663 1605 3763 1674 τήν

2108 1691 2292 1763 νύκτα,
2321 1692 2447 1769 πρὶν
2474 1694 2718 1769 γενέσθαι
2748 1693 2840 1749 τὸν
2865 1690 3065 1763 ἤλίονς
3100 1692 3198 1748 Καὶ
3232 1693 3346 1770 ’γὰρ
3378 1694 3407 1748 ὁ
3452 1691 3617 1763 ἥλιος
3674 1694 3769 1749 καὶ

2111 1783 2164 1837 οἱ
2192 1780 2384 1838 λοιποὶ
2427 1790 2710 1861 φωστῆρες
2741 1782 2960 1858 ὕστερον
2993 1781 3251 1858 ἐγένοντο.
3287 1806 3315 1834 ι(
3348 1782 3448 1838 Καὶ
3477 1782 3688 1858 ἐγένετο
3725 1781 3786 1839 δὶ

344 1871 494 1929 illud
523 1871 973 1945 intelligendum
998 1888 1011 1926 :
1045 1894 1073 1921 ‹‹
1108 1871 1176 1926 Et
1207 1870 1317 1926 fuit
1338 1886 1580 1941 vespera
1607 1873 1664 1924 et
1695 1869 1807 1925 fuit
1831 1886 2002 1925 mane

2129 1871 2335 1947 ἑσπέρα,
2365 1873 2456 1927 καὶ
2491 1872 2703 1948 ἐγένετο
2734 1870 2881 1950 πρωΐ
2912 1874 3114 1950 ἥμερα,
3151 1896 3180 1924 ››
3210 1877 3329 1935 πῶς
3359 1873 3463 1948 γὰρ
3508 1872 3734 1942 νοητέον
3760 1894 3776 1943 ;

350 1961 477 2019 dies
506 1963 575 2034 τί,
606 1983 635 2014 ››
669 1977 804 2017 cum
826 1959 908 2017 sol
942 1961 1204 2017 nondum
1232 1959 1434 2017 esset?

426 2052 595 2109 Rasr.
628 2051 752 2108 Fiat
780 2050 899 2119 lux,
924 2050 1070 2106 dixit
1097 2055 1272 2116 Deus.
1297 2054 1355 2106 et
1379 2050 1532 2106 facta
1560 2053 1669 2105 est.
1705 2047 1808 2106 Illa
1827 2048 2006 2121 igitur

354 2146 498 2210 erat,
531 2157 659 2214 quas
708 2140 1108 2213 distinguebat
1166 2140 1320 2196 diem
1355 2155 1420 2196 ac
1451 2143 1701 2195 noctem.
1734 2139 1805 2194 Et
1860 2138 2007 2195 dixit

352 2233 531 2298 Deus,
554 2252 574 2280 ι
613 2230 738 2286 Fiat
759 2228 879 2297 lux,
902 2235 960 2286 et
983 2230 1135 2285 facta
1164 2235 1273 2286 est.
1298 2250 1325 2277 η
1362 2228 1479 2283 Lux
1499 2227 1603 2283 illa
1634 2245 1748 2284 non
1779 2232 1869 2284 est
1891 2227 2002 2284 sol:

352 2318 546 2391 qualis
578 2335 710 2375 vero
740 2317 841 2374 lux
872 2318 1134 2384 sit,audi.
1162 2319 1262 2374 Est
1289 2317 1412 2375 haec
1440 2317 1539 2374 lux
1568 2316 1671 2373 illa
1692 2316 2004 2384 matutina,

352 2424 485 2481 quas
516 2409 775 2464 exoritur
804 2407 1067 2463 diluculo
1096 2413 1153 2463 et
1204 2408 1493 2464 mundum
1528 2406 1807 2475 illustrat,
1847 2411 2005 2464 ante—

349 2513 529 2571 quam
561 2496 648 2554 sol
677 2496 921 2553 oriatur.
954 2496 1070 2551 Nec
1101 2496 1317 2567 aliquis
1350 2496 1698 2569 putet,quod
1731 2495 1873 2552 solis
1904 2496 1999 2553 hic

351 2586 632 2659 splendor
660 2586 739 2642 sit
766 2587 864 2658 qui
886 2585 1082 2641 {solem
1130 2585 1484 2658 praeveniens
1517 2587 1719 2642 statim
1768 2585 1920 2642 lucet
1948 2592 2006 2642 et

353 2675 644 2731 mundum
678 2673 974 2742 illustrat;
1007 2675 1109 2730 sed
1141 2674 1250 2731 hoc
1292 2674 1435 2730 illud
1488 2674 1682 2747 ipsum
1730 2679 1819 2731 est
1848 2675 2004 2747 quod

353 2764 499 2820 dicit
527 2764 832 2836 Scriptura
862 2781 875 2818 :
913 2784 943 2814 «
973 2764 1043 2820 Et
1087 2763 1234 2820 dixit
1286 2766 1433 2821 Deus
1461 2782 1475 2821 :
1513 2764 1635 2820 Fiat
1680 2763 1801 2831 lux,
1830 2773 1884 2820 et
1914 2765 2004 2819 fa-

354 2858 450 2910 cta
478 2857 569 2910 est
596 2851 698 2909 lux
722 2854 786 2908 ⁷³.
826 2877 847 2903 ι»
888 2854 1014 2909 [lsac
1044 2851 1147 2909 lux
1176 2870 1390 2926 magna
1415 2860 1472 2911 et
1523 2853 2007 2928 splendidissima

355 2960 489 3000 cum
514 2948 692 3010 esset,
723 2942 921 2999 divisit
950 2959 1081 2999 eam
1124 2948 1275 3000 Deus
1308 2944 1363 2999 in
1418 2943 1734 3002 luminaria
1759 2943 1879 3013 illa,
1912 2961 2005 3000 so-

353 3031 470 3089 lem
502 3035 560 3089 et
587 3030 815 3103 lunam,
848 3035 904 3087 et
937 3031 1184 3104 reliqua.

429 3214 542 3287 (85)
571 3216 797 3280 Qum.
832 3215 917 3270 LI.
953 3213 1103 3279 Quid
1135 3219 1223 3271 est
1253 3216 1405 3287 quod
1438 3215 1631 3287 inquit
1662 3232 1674 3270 :
1710 3238 1738 3267 «
1772 3215 1903 3272 Sint
1946 3217 2003 3272 in

362 3304 532 3376 signa
562 3308 620 3360 et
647 3308 933 3376 tempora,
958 3308 1016 3360 et
1043 3304 1170 3360 dies
1200 3308 1257 3359 et
1287 3320 1475 3360 annos
1495 3305 1539 3339 ⁷³
1563 3304 1590 3359 ‘2
1622 3326 1650 3356 »

433 3392 604 3449 RBSP.
637 3392 816 3465 Signa
857 3397 1045 3461 vocat,
1078 3393 1151 3448 ad
1202 3394 1674 3463 cognoscendum
1727 3395 2009 3452 sementis

360 3481 663 3548 facienda,
697 3481 913 3537 messis
941 3486 1000 3538 et
1030 3481 1337 3538 vindemiae
1367 3483 2011 3556 opportunitatem,quo

358 3574 623 3642 tempore
655 3569 1069 3642 plantandum,
1102 3576 1159 3627 et
1198 3571 1359 3644 ligna
1417 3573 1655 3644 quando
1713 3573 2009 3629 caedenda.

358 3658 506 3715 Nam
539 3658 754 3731 quaevis
784 3664 1106 3731 tempestas
1134 3660 1428 3733 peculiare
1450 3660 1626 3717 habet
1655 3678 1825 3733 opus.
1859 3666 2010 3728 Qua-

357 3752 491 3805 tuor
540 3764 798 3819 namque
854 3752 1237 3821 tempestates
1290 3749 1466 3806 habet
1519 3767 1731 3819 annus,
1760 3768 2009 3823 quarum

364 3852 612 3911 quasque
642 3854 817 3893 suum
849 3855 997 3910 opus
1030 3837 1227 3895 habet.

432 3926 897 3996 (86)QuiEs'r.LIl.
925 3927 1113 3991 Quare
1145 3927 1378 4000 plantas
1409 3929 1643 4000 quidem
1676 3935 1810 3986 ante
1838 3929 2014 3986 lumi-

365 4013 532 4072 naria
563 4014 780 4070 creavit
808 4014 982 4083 Deus,
1018 4016 1298 4072 animalia
1317 4035 1449 4074 vero
1482 4018 1659 4092 post?

2114 1960 2267 2017 οὕπω
2294 1963 2394 2038 γάρ
2426 1960 2612 2031 ἥλιος.

2185 2052 2375 2108 Ἀπόκ.
2408 2052 2478 2106 Τὸ
2510 2056 2623 2129 φῶς
2665 2051 2808 2107 εἶπεν
2855 2052 2884 2107 6
2931 2051 3082 2124 Θεὸς,
3131 2050 3219 2106 καὶ
3270 2050 3498 2127 ἐγένετο.
3556 2053 3767 2108 Ἐκεῖνο

2113 2141 2205 2199 οὖν
2233 2142 2298 2211 ἦν
2332 2142 2394 2196 τὸ
2425 2138 2755 2218 διαχωρίζον
2787 2142 2885 2211 τὴν
2918 2141 3127 2217 ἡμέραν
3158 2141 3248 2196 καὶ
3278 2141 3376 2210 τὴν
3424 2141 3611 2197 νύκτα.
3664 2142 3767 2196 Καὶ

2113 2232 2257 2287 εἷπε)
2292 2232 2320 2285 6
2351 2230 2504 2302 Θεὸς,
2533 2229 2615 2285 ὅτι
2646 2254 2672 2279 u
2705 2232 2995 2301 Γενηθήτῶ
3026 2234 3160 2308 φῶς,
3192 2230 3283 2285 καὶ
3324 2229 3532 2306 ἐγένετο
3564 2235 3701 2308 φῶς.
3736 2254 3766 2283 ››

2110 2321 2286 2377 Τοῦτο
2344 2318 2443 2375 οὐκ
2491 2315 2632 2374 ἔστιν
2682 2318 2867 2388 ἥλιος·
2919 2324 3076 2374 ποῖον
3126 2317 3182 2374 δέ
3212 2318 3323 2375 ἐστι
3348 2323 3512 2375 τοῦτο
3535 2320 3599 2375 τὸ
3628 2324 3769 2399 φῶς,

2114 2406 2364 2465 ἄκουσον.
2397 2412 2567 2465 Τοῦτο
2596 2410 2659 2464 τὸ
2690 2412 2805 2486 φῶς
2857 2407 2967 2464 ἐστι
3015 2407 3079 2464 τὸ
3127 2408 3395 2485 πρωῖνὸν,
3451 2408 3583 2485 ὅπερ
3641 2409 3770 2465 ἀνα-

2114 2496 2299 2554 τέλλει
2332 2499 2422 2553 καὶ
2453 2498 2675 2577 φωτίζει
2701 2499 2793 2553 τὸν
2845 2497 3050 2571 κόσμον
3112 2497 3217 2553 ἀπὸ
3263 2499 3414 2573 πρωῒ
3460 2497 3587 2574 πρὶν
3642 2499 3770 2553 ἀνα-

2113 2586 2290 2645 τιῖλαι
2319 2588 2411 2643 τὸν
2461 2586 2643 2658 ἥλιον.
2703 2588 2801 2643 Καὶ
2846 2584 3041 2661 μηδεὶς
3071 2586 3294 2662 νομίσῃ,
3327 2586 3409 2643 δτι
3458 2592 3557 2643 τοῦ
3608 2586 3773 2658 ἡλίου

2114 2677 2225 2734 ἐστὶ
2253 2679 2316 2733 τὸ
2347 2677 2545 2757 φέγγος
2595 2676 2788 2749 έκεῖνο,
2847 2675 2979 2750 ὅπερ
3038 2675 3256 2754 αὐγάζει
3314 2676 3456 2753 ταχὺ
3508 2677 3598 2732 καὶ
3661 2699 3769 2754 ,οω-

2110 2769 2247 2838 τίζει
2278 2769 2367 2824 τὸν
2398 2762 2604 2841 κόσμον
2635 2767 2764 2842 πρὶν
2792 2771 2891 2822 τοῦ
2921 2767 3109 2837 ἡλίοψ
3143 2763 3271 2821 ἀλλ’
3303 2765 3434 2822 αύτό
3464 2765 3604 2822 ἐστιν
3636 2766 3768 2841 ὅπερ

2114 2856 2324 2932 λέγειή
2358 2857 2566 2934 Γραφή·
2624 2880 2652 2908 ‹‹
2700 2854 2802 2912 Καὶ
2848 2855 2993 2911 εἶπεν
3045 2855 3074 2910 6
3105 2854 3256 2917 Θεός·
3308 2856 3591 2925 Γενηθήτω
3623 2858 3760 2928 φῶς,

2113 2945 2204 3002 καὶ
2235 2944 2441 3022 ἐγένετο
2472 2949 2609 3023 φῶς,
2642 2969 2670 2996 ››
2702 2947 2871 2999 Τοῦτο
2901 2944 2963 2999 τὸ
2994 2948 3109 3021 φῶς
3139 2941 3289 2998 πολὺ
3338 2943 3424 2999 καί
3476 2941 3753 3017 ὑπέρλαμ-

2114 3056 2251 3112 προν
2286 3035 2556 3110 ὑπάρχον,
2588 3033 2711 3089 τότε
2740 3030 2939 3088 διεῖλεν
2973 3031 3103 3088 αὐτὸ
3146 3034 3174 3088 6
3206 3032 3332 3095 Θεὸς
3361 3031 3433 3094 εἰς
3460 3030 3585 3093 τοὺς
3642 3052 3758 3109 φω-

2115 3127 2341 3199 στῆρας,
2367 3122 2460 3179 τόν
2490 3143 2551 3179 τε
2574 3121 2706 3193 ἥλιο
2733 3123 2822 3178 καὶ
2850 3123 2949 3192 τὴν
2983 3120 3220 3193 σελήνην
3253 3121 3343 3177 καὶ
3370 3121 3437 3176 τὰ
3463 3120 3654 3178 λοιπά.

2192 3213 2385 3288 Ἐρώτ.
2417 3214 2515 3270 να’.
2547 3211 2607 3267 Τί
2639 3210 2805 3287 λέγει,
2839 3210 2923 3268 ὅτι
2957 3235 2986 3265 ιι
3015 3217 3293 3267 Ἔστωσαν
3327 3211 3402 3273 εἷς
3433 3215 3637 3284 σημεῖα
3678 3209 3770 3264 καὶ

2121 3303 2198 3367 εἷς
2229 3301 2472 3379 καιροὺς,
2500 3301 2590 3357 καὶ
2621 3301 2829 3378 ἡμέρας
2862 3301 2951 3357 καὶ
2978 3299 3256 3363 ἐνιαυτούς
3282 3320 3296 3369 ;
3330 3324 3360 3354 ι»

2192 3394 2386 3449 Ἀποκ.
2422 3396 2637 3465 Σημεῖα
2665 3388 2825 3446 καλεῖ
2852 3389 2915 3446 τὸ
2947 3386 3143 3445 εἰδέναι
3189 3389 3397 3465 σπόρου
3444 3389 3631 3462 καιρὸν
3686 3387 3775 3444 καὶ

2121 3484 2333 3557 θέρους,
2364 3481 2455 3537 καὶ
2486 3484 2779 3557 τρυγητοῦ,
2811 3480 2873 3534 τὸ
2904 3484 3159 3557 φυτεῦσαι
3191 3477 3242 3534 έν
3267 3478 3412 3551 ποίῳ
3440 3482 3639 3551 καιρῷ,
3673 3478 3773 3532 πό-

2118 3592 2178 3626 τε
2215 3569 2373 3642 ξύλον
2404 3574 2609 3642 τεμεῖν.
2645 3575 2909 3631 Ἕκαστος
2940 3569 3042 3645 γὰρ
3074 3568 3262 3643 καιρὸς
3313 3564 3431 3644 ἔχει
3480 3568 3579 3636 τὴν
3638 3563 3775 3621 ἰδίαν

2121 3657 2389 3736 ἐργασίαν.
2422 3657 2687 3733 Τέσσαρας
2718 3657 2820 3733 γὰρ
2855 3655 2971 3733 ἔχει
3001 3658 3224 3734 καιροὺς
3267 3657 3296 3712 6
3344 3655 3564 3733 χρόνος·
3617 3651 3778 3710 ’ἑκασ-

2120 3770 2214 3811 τος
2248 3745 2306 3803 δὲ
2335 3748 2522 3824 καιρὸς
2554 3742 2670 3823 ἔχει
2700 3748 2800 3817 τήν
2835 3743 2974 3802 ἰδίαν
3003 3746 3273 3823 ἐργασίαν.

2196 3926 2389 4003 Ἐρώτ.
2420 3926 2523 4002 νβ’.
2556 3926 2655 3981 Διὰ
2682 3925 2735 3981 τί
2763 3924 2831 3980 τὰ
2863 3924 2957 3997 μὲν
2989 3924 3129 4003 φυτὰ
3156 3924 3263 3999 πρὸ
3310 3924 3418 3978 τῶν
3471 3924 3777 4001 φωστήρων

2126 4016 2377 4087 ἐποίησεν
2412 4017 2440 4071 6
2471 4014 2626 4084 Θεὸς,
2650 4015 2718 4070 τὰ
2747 4011 2806 4070 δὲ
2841 4017 2952 4084 ζῶα
2984 4014 3119 4087 μετὰ
3145 4018 3346 4083 causa;

436 4102 610 4159 itas».
644 4106 956 4176 Propterea
987 4105 1140 4175 quod
1176 4104 1386 4177 planta:
1417 4114 1556 4163 sunt
1585 4108 1941 4177 inanimatw,
1962 4113 2003 4165 el

2199 4103 2389 4162 Ἀπόκ.
2428 4102 2576 4159 Διότι
2606 4101 2673 4157 τὰ
2707 4102 2803 4176 μὲν
2861 4101 3001 4179 φυτά
3056 4099 3188 4156 εἴσιν
3248 4102 3455 4175 ἄψυχα,
3509 4097 3601 4153 καὶ
3658 4093 3782 4152 οὔτε

366 4207 484 4248 non
515 4191 737 4248 habent
767 4192 988 4263 oculos,
1013 4198 1265 4264 suntque
1286 4201 1490 4252 creatae
1522 4203 1655 4254 ante
1676 4197 2003 4256 luminaria.

2129 4192 2448 4273 ὀφθαλμοὺς
2506 4189 2721 4269 ἔχουσι,
2768 4191 2857 4246 καὶ
2905 4189 3218 4261 ἐκτίσθησαν
3270 4190 3376 4266 πρὸ
3421 4192 3527 4244 τῶν
3559 4188 3780 4265 φωστή-

366 4279 748 4354 Splendorem
780 4281 939 4338 enim
974 4282 1123 4340 lucis
1162 4286 1493 4357 portabant,
1541 4294 1671 4359 post
1700 4287 2003 4345 luminaria

2129 4303 2255 4363 ρων·
2320 4279 2611 4352 ἐϐάσταζον
2672 4281 2776 4357 γὰρ
2834 4284 2933 4336 τοῦ
2991 4280 3170 4358 φωτὸς
3225 4280 3326 4348 τὴν
3386 4276 3778 4353 λαμπρότητα·

366 4386 502 4427 vero
533 4371 771 4429 tandem
790 4372 1074 4430 animalia
1101 4381 1296 4431 creata
1314 4376 1834 4434 sunt.Namlucem
1853 4377 2003 4434 illam

2131 4373 2267 4447 μετὰ
2297 4369 2354 4427 8‘s
2408 4370 2538 4434 τοὺς
2598 4376 2889 4448 φωστῆρας
2948 4368 3169 4444 ὕστερον
3229 4367 3475 4445 ἐγένοντο
3529 4367 3599 4421 τὰ
3648 4369 3779 4434 ζῶον

368 4475 647 4532 magnam
679 4478 857 4534 quam
887 4461 1041 4519 Deus
1072 4463 1308 4531 fecerat,
1343 4465 1401 4521 in
1437 4464 1753 4522 luminaria
1780 4466 2003 4522 divisit.

2129 4459 2316 4530 ἐπειδὴ
2348 4460 2593 4536 ἐμέρισεν
2625 4460 2653 4515 6
2689 4459 2818 4522 Θεὸς
2846 4459 2910 4514 τὸ
2941 4462 3053 4537 φῶς
3086 4458 3148 4512 τὸ
3177 4461 3393 4532 πρῶτον
3442 4457 3505 4510 τὸ
3556 4455 3697 4529 μέγα
3753 4454 3783 4509 ’ὸ

369 4566 501 4623 quas
531 4551 630 4606 lux
652 4550 789 4606 hinc
818 4550 956 4607 inde
985 4552 1272 4624 dispersa,
1305 4553 1680 4625 aliquatenus
1710 4560 1799 4611 est
1829 4554 2003 4609 immii

2130 4549 2383 4620 ἐποίησεν
2443 4548 2519 4612 εἷς
2576 4547 2705 4611 τοὺς
2768 4555 3080 4625 φωστῆρας,
3127 4547 3217 4602 καὶ
3251 4544 3660 4622 διεσκορπίσθη,
3689 4542 3782 4599 καὶ

370 4642 551 4695 nuta:
577 4640 733 4711 quod
766 4640 881 4695 nisi
912 4641 1129 4696 factum
1154 4642 1361 4698 fuisset
1391 4660 1506 4699 non
1531 4643 1866 4715 potuissent
1894 4643 2003 4699 ani-

2134 4638 2340 4715 ἐγένετο
2397 4638 2781 4715 ἰλαφρότερον·
2842 4636 2887 4692 εἴ
2949 4638 3025 4710 μή
3053 4636 3156 4711 γὰρ
3190 4635 3361 4697 οὕτως
3391 4634 3625 4711 ἐγένετο,
3686 4630 3785 4688 οὐκ

366 4726 548 4783 malia
602 4727 897 4785 sustinere
950 4746 1229 4802 magnum
1276 4732 1478 4802 jubar,
1536 4737 1594 4788 et
1650 4732 2003 4805 splendoren

2131 4726 2367 4800 ἠδύνατο
2407 4728 2471 4782 τὰ
2503 4730 2615 4797 ζῶα
2646 4726 2929 4806 ὑποφέρειν
2961 4727 3061 4796 τήν
3095 4723 3312 4794 πολλὴν
3365 4724 3644 4798 ἀστραπὴν
3693 4721 3783 4777 καὶ

363 4816 548 4872 totius
609 4815 764 4889 ignis
821 4818 1134 4889 ejusmodi.
1178 4823 1369 4892 Atque
1426 4819 1606 4893 hujus
1665 4822 1905 4893 quidem
1937 4839 1997 4877 re

2129 4820 2225 4887 τὴν
2260 4815 2625 4894 λαμπρότητα
2655 4814 2791 4872 ὅλου
2818 4820 2917 4872 τοῦ
2946 4815 3116 4890 πυρὸς
3154 4813 3381 4871 ἐκείνου.
3402 4813 3505 4870 Kal
3537 4809 3628 4868 διὰ
3654 4815 3783 4867 τοῦ-

364 4907 556 4980 gratia
583 4911 879 4977 postremo
900 4912 1040 4964 sunt
1062 4908 1341 4965 animalia
1361 4914 1648 4975 creata,ut
1678 4909 1838 4967 illius
1866 4910 2003 4983 igni:

2129 4930 2190 4964 το
2222 4907 2469 4983 ἐγένοντο
2501 4906 2720 4983 ὕστερον
2751 4905 2819 4961 τὰ
2849 4909 2981 4977 ζῶα,
3008 4903 3157 4967 ὅπως
3182 4901 3444 4960 δύνωνται
3476 4902 3657 4980 φέρειν
3687 4905 3785 4956 τοῦ

366 4994 738 5067 splendorem
772 4996 1026 5068 perferre
1053 5002 1312 5071 possent.

2130 4999 2301 5073 πυρὸς
2331 4998 2431 5067 τὴν
2462 4993 2849 5072 λαμπρότητα.

438 5087 669 5148 ρυλες-ι’.
705 5085 851 5141 LIII.
887 5087 1075 5152 Quare
1107 5092 1259 5143 Deus
1282 5104 1417 5144 cum
1449 5104 1517 5144 ex
1573 5091 1728 5145 terra
1760 5088 2003 5147 finxisse

2202 5089 2396 5160 Ἐρώτ.
2430 5087 2527 5164 νγ’.
2562 5087 2659 5141 Διά
2688 5084 2743 5140 τί
2772 5086 2801 5140 ὁ
2832 5084 2961 5147 Θεὸς
3014 5081 3230 5147 πλάσας
3275 5084 3366 5138 τὸν
3417 5077 3701 5157 ἄνθρωπον
3729 5078 3787 5135 ἐκ

368 5172 692 5241 hominem,
720 5191 832 5229 non
858 5175 1031 5230 etiam
1058 5175 1226 5232 ﬁnxit
1248 5176 1446 5245 Evam,
1472 5177 1570 5233 sed
1597 5193 1725 5233 eam
1753 5179 2003 5235 formavi

2130 5180 2228 5243 τῆς
2258 5184 2381 5252 γῆς,
2417 5175 2516 5231 οὐκ
2545 5172 2747 5231 ἔπλασε
2775 5173 2865 5230 καὶ
2893 5174 2993 5243 τὴν
3026 5169 3189 5247 Εὕαν,
3219 5170 3347 5229 ἀλλ’
3386 5170 3446 5227 ἐκ
3471 5172 3571 5240 τῆς
3619 5169 3788 5225 πλευ-

366 5276 435 5319 ex
466 5262 592 5332 ejus
631 5268 788 5319 costa
817 5264 843 5319 '?

435 5351 697 5411 Rsere
726 5355 1015 5410 haberent
1043 5355 1407 5412 occasionem
1431 5355 1849 5427 dicendi,aliud
1892 5373 2021 5414 esse

436 5548 481 5583 το
519 5549 661 5607 Gen.
699 5568 740 5619 1,
784 5552 835 5607 9.
915 5553 958 5587 τι
1001 5552 1143 5610 ibid.
1185 5553 1240 5608 5.
1317 5553 1363 5588 τε
1399 5551 1543 5610 ibid.
1574 5555 1634 5613 6.

439 5728 552 5799 (86)
585 5730 729 5785 Vide
758 5732 973 5796 Quaest.
1010 5732 1077 5789 15
1106 5731 1327 5791 Theod.
1358 5733 1421 5789 in
1451 5732 1635 5792 Genet.

1753 5557 1799 5592 ⁷³
1835 5555 1980 5613 ibid.
2014 5556 2103 5614 44.

2134 5272 2228 5342 ρᾶς
2258 5265 2421 5320 αὐτοῦ
2453 5260 2682 5320 ἔπλασεν
2709 5264 2878 5334 αὐτήν
2905 5284 2919 5334 ;

2205 5353 2400 5411 Ἀπόκ.
2433 5356 2549 5409 Ἵνα
2583 5354 2658 5427 μή
2693 5350 2893 5430 ἔχωσιν
2928 5351 3183 5430 ἀφορμὴν
3213 5347 3412 5428 λέγειν,
3444 5345 3529 5404 ὅτι
3559 5343 3701 5403 ἄλλο
3730 5344 3791 5400 τὸ

2203 5734 2310 5808 (87)
2341 5732 2691 5800 Theodoreti
2720 5733 2936 5802 Quaest.
2968 5731 3039 5793 16
3064 5731 3128 5792 in
3158 5730 3350 5793 Glass.
