4132 6362
263 397 383 455 733

1395 381 2190 445 INTERPRETATIONES
2237 385 2341 445 EX
2388 387 2462 446 ν.
2506 389 2575 448 'I‘.

3570 384 3690 443 ’734

265 524 438 602 χῶμά
468 524 582 578 ἑστι
610 524 708 576 τοῦ
740 515 938 591 Ἀδὰμ,
969 517 1060 572 καὶ
1092 515 1232 573 ἄλλο
1261 523 1360 586 τῆς
1392 511 1556 577 Εὔας
1611 514 1701 569 καὶ
1739 518 1917 589 κρεῖσ-

2049 516 2238 572 lutum
2273 521 2432 587 Adae,
2467 525 2524 575 et
2560 519 2717 576 aliud
2769 521 2926 576 Evaa:
2987 523 3044 575 et
3102 517 3294 573 lutum
3342 517 3497 575 266
3554 515 3690 570 Adm

267 636 357 671 σον
389 617 454 682 ἦν
485 613 549 667 τὸ
588 615 756 686 χῶμα
787 609 816 663 '6
867 603 1069 662 ἔπλασε
1111 606 1202 660 τὸν
1246 603 1440 677 Ἀδὰμ,
1487 603 1576 658 καὶ
1628 604 1678 677 ἐξ
1729 602 1931 658 ἐκείνου

268 703 398 760 εἰσὶν
434 703 488 757 οἰ
528 699 691 756 καλοὶ
745 698 836 752 καὶ
896 696 1134 769 ἐνάρετοι
1195 693 1492 769 ἄνθρωποι·
1555 693 1662 748 ἀπὸ
1723 690 1779 746 δὲ
1831 699 1932 762 τῆς

268 792 408 854 Εὔας
441 791 574 847 εἰσὶν
627 789 677 843 οἱ
726 785 883 842 κακοὶ
933 785 1023 839 καὶ
1071 785 1328 858 πονηροὶ,
1359 782 1447 837 καὶ
1497 783 1548 836 οἱ
1597 781 1811 837 σκολιοὶ
1844 779 1930 836 ἅν-

273 893 502 960 θρωποι.
532 880 630 934 Διὰ
657 881 819 932 τοῦτο
851 872 1078 930 ἔπλασεν
1110 871 1306 934 αὐτοὺς
1340 873 1367 927 ὃ
1399 873 1527 935 Θεὸς
1561 871 1612 942 ἐξ
1648 870 1769 932 ἐνὸς
1815 871 1931 946 χώ-

278 993 465 1046 ματος.

343 1059 536 1137 Ἐρώτ.
568 1055 665 1114 νδ’.
701 1054 799 1110 Διὰ
840 1053 912 1126 τί,
960 1054 1033 1115 ὡς
1089 1046 1200 1106 ἔστι
1249 1056 1494 1128 κρεῖσσον
1546 1051 1636 1104 καὶ
1689 1045 1929 1125 παραδο-

277 1151 485 1226 ξότερον
537 1145 756 1219 ποίημα
793 1147 890 1198 τοῦ
939 1146 1073 1197 Θεοῦ
1105 1143 1132 1195 6
1184 1139 1469 1217 ἄνθρωπος
1525 1139 1776 1215 (βασιλέα
1831 1140 1928 1214 γὰρ

277 1240 431 1296 αὐτὸν
487 1235 783 1305 πεποίηκεν
844 1231 930 1286 ἐπὶ
983 1237 1083 1299 τῆς
1131 1237 1256 1306 γῆς,
1289 1230 1379 1284 καὶ
1437 1231 1554 1284 κατ’
1613 1225 1793 1284 εἰκὸνα
1841 1228 1930 1283 καὶ

281 1331 392 1386 καθ’
443 1327 706 1401 ὁμοίωσιν
757 1321 921 1376 αὐτοῦ
973 1320 1222 1391 ἐποίησεν
1277 1319 1483 1394 αὐτὸν),
1523 1323 1639 1382 πῶς
1701 1315 1928 1373 ἔπλασεν

286 1418 440 1474 αὐτὸν
475 1419 502 1471 ὁ
532 1417 658 1477 Θεὸς
698 1412 917 1486 ὕστερον
951 1409 1203 1479 πάντων;

355 1523 548 1581 Ἀπόκ.
581 1517 798 1589 Ἐπειδὴ
835 1517 1016 1594 ὥσπερ
1054 1515 1330 1594 βασιλεὺς,
1363 1515 1487 1572 ὅταν
1542 1514 1731 1590 μέλλει
1764 1513 1929 1571 ἀπελ-

285 1620 391 1680 θεῖν
422 1613 472 1670 ἐν
525 1611 682 1668 πόλει
712 1609 835 1681 τινὶ,
885 1613 1099 1683 πρῶτον
1152 1605 1553 1682 εύτρεπίζουσιν
1612 1604 1776 1660 αὐτοῦ
1829 1605 1928 1674 τήν

282 1701 592 1777 ὲτοιμασίαν
628 1745 641 1770 ,
700 1699 788 1754 καὶ
842 1697 1324 1766 κατασκευάζοντες
1385 1694 1548 1750 αὐτοῦ
1595 1697 1692 1764 τὴν
1757 1692 1929 1770 δωρο-

279 1791 492 1872 φορίαν,
553 1790 640 1845 καὶ
699 1794 870 1844 πᾶσαν
932 1787 1098 1842 αὐτοῦ
1157 1788 1253 1856 τὴν
1323 1784 1615 1862 ὑπηρεσίαν
1657 1784 1746 1840 καὶ
1804 1783 1928 1839 ἀνά-

2043 610 2426 682 praastantius
2504 625 2654 678 esse,
2716 611 2990 682 quodque
3023 625 3092 664 ex
3121 608 3231 663 hoc
3262 606 3400 662 boni
3432 617 3486 662 et
3521 604 3687 677 probi

2042 700 2335 772 homines,
2423 718 2491 756 ex
2556 700 2673 755 Eva
2715 716 2848 754 vero
2903 698 3025 752 sint
3098 695 3256 763 mali,
3318 695 3575 768 perversi
3632 697 3688 748 et

2042 790 2222 863 pravi.
2258 791 2392 846 Ideo
2424 790 2559 845 fecit
2605 806 2705 846 eos
2735 790 2891 845 Dcus
2922 805 2990 842 ex
3022 804 3134 843 uno
3194 785 3517 856 eodemque
3563 782 3688 838 luto

2041 885 2228 937 terrae.

2113 1065 2337 1127 Qsts'r.
2371 1059 2508 1115 LIV.
2542 1059 2686 1115 Cum
2720 1055 3098 1131 priestantius
3124 1057 3181 1110 et
3201 1051 3532 1109 mirabilius
3563 1051 3685 1122 opi-

2042 1153 2241 1209 ﬁcium
2273 1151 2374 1207 Dei
2409 1150 2486 1205 sit
2517 1148 2691 1205 homo
2721 1149 2939 1220 (regem
2971 1146 3128 1201 enim
3151 1143 3528 1216 ipsumterraa
3557 1157 3691 1196 con-

2042 1241 2238 1300 stituit
2275 1245 2332 1296 et
2361 1240 2688 1296 secundum
2742 1235 3061 1309 imaginem
3121 1230 3689 1300 similitudinemque

2043 1349 2213 1397 suam
2245 1331 2459 1386 creavit
2487 1328 2840 1402 ipsum),cur
2863 1325 3129 1382 omnium
3158 1325 3520 1395 postremum
3537 1334 3691 1374 crea-

2039 1413 2123 1468 vit
2159 1409 2348 1467 Deus?

2113 1520 2289 1575 RESP.
2332 1516 2848 1583 Quemadmodum
2888 1531 2983 1570 rex
3022 1511 3257 1585 quando
3315 1508 3377 1563 in
3426 1505 3687 1580 aliquam

2041 1610 2250 1666 urbem
2275 1609 2633 1664 adventurus
2676 1605 2911 1672 dicitur,
2961 1602 3221 1676 primum
3279 1613 3514 1654 omnem
3560 1597 3690 1668 ejus

2042 1703 2393 1774 apparatum
2419 1699 2740 1765 instruunt,
2777 1698 3054 1767 parantes
3113 1692 3264 1746 dona
3318 1704 3446 1760 quae
3492 1685 3686 1742 confe-

2041 1796 2194 1861 rant,
2218 1794 2274 1846 et
2312 1793 2501 1845 totum
2561 1785 2906 1844 satellitium
2937 1787 2994 1839 et
3039 1779 3389 1853 hospitium,
3451 1792 3516 1831 ac
3557 1779 3685 1830 tum

278 1903 492 1951 παυσιν,
528 1881 660 1954 μετὰ
705 1883 868 1935 τοῦτο
920 1875 978 1932 δὲ
1029 1878 1380 1953 παραγίνεται
1415 1878 1442 1931 ὁ
1479 1873 1751 1952 βασιλεὺς,
1786 1872 1928 1929 οὕτω

2049 1883 2281 1938 demum
2327 1878 2557 1936 advenit
2615 1893 2739 1933 rex:
2788 1875 2860 1931 ad
2918 1873 3192 1930 eumdem
3250 1868 3488 1925 modum
3546 1881 3684 1920 cum

278 1974 467 2050 γέγονε
483 1970 572 2026 καὶ
603 1970 692 2024 ἐπὶ
724 1969 817 2024 τοῦ
840 1967 1377 2043 ἀνθρώπου.Πρῶτον
1413 1961 1718 2045 ἐφρόντισεν
1744 1965 1770 2019 6
1794 1963 1924 2026 Θεὸς

275 2062 342 2117 τὰ
397 2069 496 2131 τῆς
547 2058 896 2120 ἀναπαύσεως
941 2058 1126 2129 αὐτοῖν,
1176 2056 1263 2112 καὶ
1316 2055 1601 2132 ε”ργάσατο
1647 2065 1744 2124 τήν
1797 2074 1924 2108 κατ-

276 2151 452 2206 οικίαν
509 2149 672 2204 αὐτοῦ
721 2148 810 2203 καὶ
870 2152 1040 2202 πᾶσαν
1100 2147 1198 2216 τὴν
1255 2145 1443 2222 χρείαν
1490 2145 1578 2200 καὶ
1629 2145 1921 2200 ἀνάπαυσιν

275 2241 463 2312 αὐτοῦ,
497 2240 586 2295 καὶ
623 2240 759 2313 μετὰ
786 2241 953 2294 ταῦτα
983 2232 1209 2292 ἔπλασεν
1243 2235 1425 2291 αὐτόν.

347 2349 542 2424 Ἐρώτ.
576 2349 666 2403 νε’.
700 2346 761 2401 Ti
803 2345 914 2401 ἐστι
944 2344 1027 2401 τό·
1063 2369 1090 2397 ι(
1123 2345 1449 2418 Ποιήσωμεν
1501 2344 1781 2418 ἄνθρωπον
1810 2342 1927 2397 κατ’

269 2437 456 2495 εἰκόνα
502 2436 794 2514 ἡμετέραν,
843 2436 931 2490 καὶ
985 2436 1104 2489 καθ’
1151 2434 1414 2507 ὁμοίωσιν
1451 2453 1465 2503 ;
1501 2457 1529 2484 ››
1561 2432 1625 2490 Τί
1656 2433 1717 2486 τὸ
1752 2455 1778 2485 ‹‹
1810 2433 1926 2487 κατ’

269 2524 459 2584 εἷκὸνα
495 2549 509 2598 ;
548 2553 568 2578 υ
603 2526 694 2582 καὶ
724 2525 777 2580 τί
806 2526 869 2582 τὸ
903 2548 930 2578 ι(
960 2525 1075 2580 καθ’
1107 2523 1370 2598 ὁμοίωσιν
1406 2541 1419 2593 ;
1459 2547 1479 2574 υ

345 2719 539 2780 ’Λπὸκ.
572 2721 696 2797 Οὐχ
724 2715 905 2795 ὥσπερ
955 2720 1008 2774 οἱ
1056 2720 1356 2794 ἄνθρωποι,
1391 2716 1565 2778 οὕτως
1613 2717 1702 2771 καὶ
1735 2719 1762 2772 6
1795 2719 1926 2780 Θεός

270 2814 421 2871 ἐστιν
453 2807 949 2888 ἀνθρωπόμορφος·
1003 2810 1202 2882 ἂπαγεΙ
1237 2805 1414 2864 Ἀλλά
1449 2807 1510 2861 τὸ
1543 2829 1571 2860 ‹‹
1621 2809 1737 2862 κατ’
1784 2807 1927 2863 εἰκό-

267 2925 339 2960 να
373 2927 403 2955 ››
446 2901 607 2958 τοῦτό
667 2901 830 2956 ἐστιν·
890 2895 1072 2972 ὥσπερ
1120 2897 1220 2972 γὰρ
1274 2899 1302 2951 6
1351 2899 1479 2958 Θεὸς
1541 2895 1813 2972 βασιλεύει
1873 2897 1926 2953 ἐν

269 2992 439 3050 παντὶ
487 2991 699 3063 κόσμῳ,
731 2988 820 3044 καὶ
871 2989 1051 3062 ἄρχει,
1100 2987 1190 3041 καὶ
1239 2986 1529 3056 ἐξουσιάζει
1579 2988 1793 3041 πάντων
1823 2991 1929 3041 τῶν

270 3083 328 3139 ἐν
367 3080 576 3154 οὐρανῷ
632 3079 722 3133 καὶ
778 3077 845 3151 τῇ
879 3081 974 3152 γῇ·
1009 3076 1152 3132 οὕτω
1200 3075 1290 3131 καὶ
1341 3076 1369 3128 ὁ
1417 3072 1702 3150 ἅνθρωπος
1736 3073 1925 3152 ἅρχων

258 3173 357 3227 καὶ
397 3168 652 3246 βασιλεὺς
698 3166 996 3236 καθέστηκε
1052 3166 1267 3220 πάντων
1321 3169 1429 3219 τῶν
1478 3163 1726 3239 ἐπιγείων
1786 3186 1929 3238 πρα-

2037 1971 2273 2033 homine
2304 1985 2537 2043 quoque
2568 1967 2787 2022 factum
2819 1968 2927 2021 est.
2959 1962 3155 2017 Primo
3185 1953 3589 2014 habitaculum
3632 1951 3685 2008 ei

2033 2062 2368 2134 procuravit
2398 2059 2574 2126 Deus,
2608 2056 2858 2126 fecitque
2897 2053 3097 2108 sedem
3157 2045 3560 2114 habitationis,
3612 2058 3679 2098 ac

2035 2153 2105 2208 de
2137 2149 2411 2207 omnibus
2443 2145 2789 2204 necessariis
2810 2143 2864 2200 ei
2884 2139 3203 2216 prospexit,
3251 2139 3452 2210 postea
3481 2134 3678 2206 ipsum

2034 2241 2269 2299 creavit.

2106 2349 2214 2418 (87)
2248 2351 2473 2414 Quas'r.
2511 2345 2618 2402 LV.
2653 2340 2960 2409 Quidillud
2978 2343 3098 2395 est:
3121 2335 3474 2392 «Faciamus
3496 2329 3683 2387 hami-

2036 2456 2165 2497 nem
2191 2439 2262 2494 ad
2293 2437 2614 2509 imaginem
2645 2439 2702 2489 et
2727 2430 3177 2488 similitudinem
3239 2428 3502 2480 nostram
3532 2421 3578 2454 ⁷⁸
3599 2419 3627 2473 ‘I
3648 2440 3677 2470 »

2033 2529 2181 2594 Quid
2212 2534 2299 2584 est
2327 2549 2355 2577 ‹‹
2387 2507 2459 2582 διὰ
2476 2523 2796 2596 imaginem
2820 2525 2842 2577 ρ
2863 2521 2974 2576 »Ει
2994 2518 3133 2591 quid
3157 2515 3325 2580 illud,
3343 2536 3363 2563 ι
3390 2511 3462 2568 ad
3511 2507 3680 2565 simi-

2035 2617 2349 2677 litudinem
2370 2614 2398 2670 ?
2427 2635 2455 2666 »

2106 2728 2276 2781 RESP.
2306 2723 2431 2779 Non
2464 2726 2555 2778 est
2588 2723 2758 2789 Deus,
2793 2718 2965 2774 sicuti
3009 2718 3151 2771 sunt
3211 2710 3501 2772 homines,
3560 2706 3677 2760 bu-

2037 2830 2271 2873 manam
2291 2813 2513 2868 habens
2539 2811 2787 2882 figuram
2814 2825 2827 2873 ;
2863 2805 3016 2861 absit
3039 2805 3051 2859 l
3071 2804 3180 2859 Sed
3207 2800 3358 2876 quod
3376 2797 3537 2863 dicit,
3559 2813 3582 2844 ι
3607 2793 3678 2849 ad

2036 2903 2353 2977 imaginem
2383 2920 2394 2957 :
2433 2923 2459 2949 ››
2493 2901 2601 2954 hoc
2633 2903 2740 2963 est,
2770 2897 2922 2951 sicut
2971 2896 3027 2948 in
3061 2897 3180 2948 toto
3239 2889 3459 2946 mundo
3515 2886 3669 2940 Deus

2037 2997 2264 3065 regnat,
2295 2992 2566 3062 imperat,
2599 2991 2656 3042 et
2685 2991 3032 3057 potestatem
3073 2985 3301 3037 exercet
3338 2979 3398 3031 in
3449 2972 3670 3037 omnia,

2037 3055 2164 3146 quvaa
2198 3055 2257 3126 in
2277 3055 2421 3126 coelo
2451 3073 2592 3125 sunt
2618 3055 2827 3138 etque;
2858 3065 2918 3119 in
2941 3069 3113 3127 terra;
3151 3061 3235 3115 sic
3264 3059 3442 3114 etiam
3473 3055 3670 3119 homo,

2036 3165 2311 3237 princeps
2337 3165 2393 3214 et
2421 3174 2519 3214 rex
2547 3155 2904 3212 constitutus
2961 3157 3050 3208 est
3105 3165 3283 3222 super
3324 3160 3530 3201 omnes
3587 3156 3682 3195 res

255 3263 515 3339 γμάτων,
573 3258 663 3312 καὶ
719 3255 1072 3326 αὐτεξουσίως
1101 3255 1130 3309 ὃ
1190 3253 1444 3328 βούλεται
1490 3253 1735 3329 πράττει,
1783 3267 1917 3319 καθ-

2049 3230 2358 3318 :errestres,
2379 3253 2436 3304 et
2456 3247 2637 3303 libera
2666 3261 2776 3299 sua
2812 3241 3110 3299 voluntate
3152 3238 3290 3294 facit
3341 3237 3494 3306 quod
3554 3230 3678 3285 vult

254 3353 405 3425 οἱπερ
433 3348 523 3404 καὶ
557 3350 585 3402 6
617 3347 768 3408 Θεός·
799 3345 889 3400 καὶ
946 3344 1107 3400 τοῦτό
1165 3343 1276 3398 ἐστι
1331 3343 1394 3398 τὸ
1426 3367 1453 3394 ‹‹
1487 3345 1603 3398 κατ’
1662 3343 1862 3402 εἰκόνα.
1899 3369 1927 3398 ››

249 3441 342 3498 Τὸ
376 3437 433 3498 δὲ
463 3462 491 3491 ‹‹
523 3438 641 3492 καθ’
693 3432 958 3508 ὁμοίωσίν
993 3456 1022 3484 ››
1055 3431 1165 3487 ἐστι
1215 3433 1276 3486 τὸ
1309 3431 1503 3508 ἀγαθὸν
1536 3433 1624 3486 καὶ
1657 3431 1924 3506 ἐνάρετον.

250 3534 470 3602 ”Ωσπερ
499 3527 602 3602 γὰρ
637 3526 664 3580 6
697 3524 826 3586 Θεὸς
869 3521 1071 3598 ἀγαθός
1123 3520 1233 3576 ἐστι
1265 3521 1356 3575 καὶ
1393 3520 1669 3593 ἐλεήμων,
1701 3521 1791 3576 καὶ
1841 3521 1928 3576 aiio

249 3618 602 3695 σπλαγχνος,
635 3613 727 3670 καὶ
790 3610 1020 3683 δίκαιος,
1081 3607 1435 3686 μακρὸθυμός
1493 3631 1551 3665 τε
1596 3610 1685 3664 καὶ
1733 3617 1928 3687 πρᾶος,

249 3705 605 3784 ἀγαπητικός
655 3725 715 3759 τε
767 3702 858 3757 καὶ
915 3701 1224 3773 συμπαθὴς,
1278 3699 1548 3774 εἰρηνικός
1593 3721 1652 3755 τε
1689 3700 1779 3755 καὶ
1811 3700 1930 3755 ἐπι-

253 3798 440 3866 εικής,
474 3794 641 3852 ἐλεῶν
690 3792 780 3848 καὶ
825 3789 1036 3869 τρέφων
1089 3788 1291 3852 πάντας
1339 3789 1680 3862 ἀνθρώπους,
1723 3789 1811 3844 καὶ
1843 3789 1929 3844 ἐπὶ

256 3894 398 3944 πᾶσι
454 3886 516 3940 τὸ
573 3883 772 3959 ἀγαθὸν
821 3879 1248 3952 ἐνδεικνύμενος·
1312 3877 1548 3951 τοιούτῳ
1577 3879 1766 3954 τρόπῳ
1821 3879 1932 3955 εἰρ-

261 3997 474 4054 γασατο
531 3974 622 4029 καὶ
680 3971 902 4038 ἔπλασε,
934 3969 1026 4024 καὶ
1081 3967 1225 4023 θέλει
1286 3967 1420 4022 εἶναι
1476 3968 1566 4021 τὸν
1628 3969 1930 4041 ἄνθρωπον,

257 4065 353 4122 ’ἰνα
415 4063 560 4138 πάσῃ
647 4061 813 4136 ἀρετῇ⁸
890 4058 1109 4133 ὑπάρχῃ
1180 4055 1782 4129 κατακεκοσμημένος,
1841 4055 1932 4111 καὶ

268 4158 644 4228 .....μιμεῖται
696 4154 813 4222 Θεῷ
851 4149 987 4204 κατὰ
1013 4148 1076 4202 τὸ
1125 4144 1346 4202 δυνατὸν
1399 4145 1668 4221 ἀνθρώπῳ
1699 4145 1751 4202 ἐν
1783 4145 1930 4220 πάσῃ

269 4244 604 4320 ἁγαθοεργίᾳ
633 4241 722 4296 καὶ
754 4237 1068 4312 σεμνότητι.

340 4423 542 4500 Ἐρώτ.
574 4421 675 4484 νς’.
718 4418 840 4476 Τίνι
892 4417 920 4471 ὁ
971 4416 1100 4479 Θεὸς
1140 4411 1342 4490 εἴρηκε·
1383 4437 1406 4467 ε
1461 4415 1788 4487 Ποιήσωμεν
1839 4414 1930 4467 ἄν·

263 4525 488 4590 θρωπον
545 4510 662 4565 κατ’
723 4507 903 4563 εἰκόνα
932 4505 1222 4579 ἡμετέραν,
1253 4503 1344 4560 καί
1402 4504 1520 4568 καθ’
1552 4502 1816 4576 ὁμοίωσιν
1853 4521 1866 4571 ;
1900 4523 1926 4557 ε

341 4708 538 4764 Ἀπόκ.
570 4705 715 4766 Τινὲς
743 4707 852 4758 τῶν
905 4699 1241 4773 δυσωνύμων
1284 4701 1569 4776 αἱρετικῶν
1614 4699 1752 4774 πρὸς
1800 4697 1931 4761 τοὺς

265 4795 530 4875 ἀγγέλους
561 4793 689 4849 αὐτὸ
743 4790 1011 4868 εἰρηκέναι
1065 4788 1154 4844 καὶ
1191 4790 1319 4851 τοὺς
1349 4786 1625 4862 πονηροὺς
1673 4785 1932 4856 δαίμονας

267 4887 502 4968 ἔφθασαν
540 4904 552 4916 '
587 4883 650 4939 οὐ
711 4881 975 4941 συνιέντες
1020 4879 1072 4933 o't
1129 4873 1493 4954 ἐμϐρόντητοι
1531 4921 1544 4945 ,
1577 4875 1662 4932 ὅτι
1694 4875 1756 4931 ού
1813 4877 1932 4932 κατ’

269 4965 485 5038 εἰκόνας
545 4972 814 5046 ἡμετέρας
876 4967 976 5048 ἔφη
1013 5013 1026 5040 ,
1060 4965 1206 5023 ἁλλὰ
1262 4968 1380 5022 κατ’
1412 4965 1593 5022 εἰκόνα
1637 4966 1931 5040 ἡμετέραν.

269 5071 408 5126 Θεοῦ
467 5062 524 5120 δὶ
581 5061 669 5117 καὶ
717 5057 964 5136 ἀγγέλων
1020 5055 1110 5112 καὶ
1143 5054 1414 5130 δαιμόνων
1449 5051 1572 5110 οὔτε
1602 5053 1758 5109 οὐσία
1811 5050 1936 5110 οὔτε

275 5155 439 5213 εἰκὼν
469 5155 503 5225 ἠ
537 5151 697 5222 αὐτή.
731 5150 875 5224 Ἐγὼ
908 5145 965 5202 δέ
994 5167 1160 5223 φημι,
1196 5145 1300 5214 ὅτι,
1335 5148 1666 5220 προθεωρῶν
1707 5144 1806 5212 τὴν
1837 5147 1934 5198 τοῦ

272 5247 617 5320 Μονογενοῦς
677 5237 947 5313 σάρκωσίν
1005 5257 1064 5290 τε
1115 5236 1206 5290 καὶ
1257 5235 1683 5310 ἐνανθρώπησιν,
1717 5233 1806 5287 καὶ
1862 5233 1936 5295 ὡς

268 5335 476 5405 ταύτην
527 5333 628 5401 τὴν
662 5329 818 5409 φύσιν
876 5326 936 5382 ἐκ
963 5323 1240 5403 Παρθένου
1298 5324 1555 5400 λήψεται,
1610 5322 1701 5378 καὶ
1761 5321 1934 5384 οὕτως

274 5426 455 5496 ἑαυτῴ
508 5420 565 5477 ἓν
627 5421 721 5493 μὲν
751 5415 1042 5491 πρόσωπον
1077 5417 1210 5470 Θεοῦ
1254 5414 1343 5470 καὶ
1393 5413 1676 5490 ἀνθρώπου
1715 5413 1935 5484 νοήσας,

272 5514 367 5568 καὶ
401 5513 527 5584 μίαν
579 5509 726 5581 αὐτῷ
773 5503 1139 5580 προσκύνησιν
1187 5507 1333 5576 παρὰ
1376 5509 1476 5573 τῆς
1525 5502 1750 5564 κτίσεως
1793 5497 1936 5555 ἁπά-

351 5641 399 5677 ⁷⁴
427 5639 573 5696 Gen.
608 5639 648 5704 i,
681 5636 774 5691 26.

356 5746 470 5818 (87)
501 5744 641 5802 Vide
673 5741 886 5809 Quaest.
912 5736 985 5793 20
1013 5733 1234 5794 Theod.
1266 5736 1328 5791 in
1357 5739 1546 5793 ames.

1963 4632 2010 4696 D

2037 3343 2192 3399 sicut
2218 3340 2346 3411 ipse
2371 3339 2540 3393 Deus.
2574 3335 2642 3390 Et
2661 3333 2771 3388 hoc
2802 3338 2892 3388 est
2911 3331 3067 3401 quod
3101 3329 3334 3391 dicitur,
3370 3346 3398 3374 «
3431 3323 3501 3378 ad
3536 3322 3684 3375 ima-

2039 3431 2258 3505 ginem.
2294 3451 2315 3480 ι
2353 3427 2514 3494 Quod
2546 3441 2681 3480 vero
2712 3445 2740 3473 «
2774 3422 2844 3478 ad
2895 3418 3343 3476 similitudinem
3369 3435 3398 3464 »
3447 3411 3685 3472 dicitur,

2038 3503 2129 3578 est
2157 3519 2259 3575 illa
2283 3517 2514 3572 bonitas
2544 3520 2601 3570 et
2623 3511 2876 3583 justitia.
2907 3509 3070 3565 Sicut
3097 3507 3255 3564 enim
3292 3507 3442 3560 Deus
3500 3503 3689 3556 bonus

2040 3615 2144 3678 est,
2205 3609 2534 3673 miserator,
2614 3601 2971 3661 misericors.
3039 3599 3263 3667 justus,
3322 3589 3688 3662 aequauimis,

2041 3701 2411 3760 mansuetus,
2443 3700 2501 3750 et
2529 3693 2626 3764 qui
2661 3707 2767 3746 nos
2799 3695 2978 3752 amat,
3019 3692 3075 3742 et
3098 3686 3267 3740 nobis
3297 3678 3693 3750 condolet,pa-

2041 3788 2265 3854 cificus,
2299 3788 2355 3840 et
2386 3782 2680 3854 placidus.
2713 3778 2812 3850 qui
2864 3777 3049 3833 nostri
3099 3774 3434 3836 miseretur,
3475 3773 3531 3824 et
3589 3765 3693 3822 alit

2040 3892 2246 3934 omnes
2280 3872 2569 3938 homines,
2604 3873 2779 3941 atque
2821 3868 2974 3922 hanc
3030 3863 3357 3920 bonitatem
3415 3856 3692 3913 omnibus

2040 3965 2310 4022 exhibet:
2349 3962 2416 4016 ad
2449 3959 2719 4016 eumdem
2752 3956 2994 4011 modum
3019 3953 3154 4008 fecit
3202 3954 3261 4006 et
3292 3945 3585 4010 formavit,
3635 3947 3693 3998 et

2041 4053 2217 4109 talem
2241 4050 2367 4106 vult
2393 4064 2557 4104 essse
2588 4046 2911 4108 hominem,
2937 4051 3003 4098 ut
3032 4040 3312 4098 omnibus
3366 4035 3684 4092 virtutibus

2041 4142 2355 4197 exornatus
2377 4136 2456 4192 sit
2486 4141 2544 4190 et
2573 4133 2840 4188 imitetur
2869 4131 3078 4192 Deum,
3111 4129 3402 4198 quantum
3457 4123 3692 4194 quidem

2041 4230 2436 4285 humanarum
2467 4230 2558 4279 est
2577 4222 2816 4293 virium,
2849 4220 2907 4274 in
2941 4217 3101 4274 omni
3132 4217 3285 4272 bono
3317 4227 3489 4284 opere
3511 4213 3570 4266 et
3590 4213 3692 4264 ho-

2042 4321 2287 4374 nestate.

2114 4409 2230 4479 (88)
2275 4405 2502 4470 QUEST.
2535 4400 2676 4457 LVI.
2709 4398 2793 4454 Ad
2828 4411 3004 4468 quem
3036 4392 3183 4450 dixit
3210 4391 3364 4447 Deus
3385 4407 3410 4479 :7
3433 4409 3462 4439 ‹‹
3495 4387 3692 4442 Facia-

2043 4478 2177 4553 mus
2210 4494 2510 4550 hominem
2543 4491 2613 4546 ad
2648 4485 2970 4558 imaginem
3017 4488 3075 4538 et
3105 4478 3558 4538 similitudinem
3591 4491 3691 4529 no-

2046 4595 2230 4643 stram
2252 4584 2281 4640 7
2314 4605 2342 4633 »

2113 4699 2278 4750 Resp.
2316 4693 2564 4747 Infames
2587 4687 2832 4761 quidam
2864 4681 3124 4739 heretici
3165 4680 3237 4736 ad
3263 4676 3504 4749 angelos
3527 4679 3585 4730 et
3622 4675 3692 4729 ad

2044 4783 2232 4838 malos
2281 4781 2579 4836 daemones
2637 4776 2862 4831 dictum
2916 4787 3046 4827 esse
3096 4767 3540 4826 contenderunt.
3580 4763 3696 4818 Nec

2041 4871 2381 4943 intelligunt
2410 4868 2495 4923 illi
2527 4864 2775 4938 stupidi,
2808 4879 2942 4918 eum
2977 4877 3092 4915 non
3127 4859 3367 4922 dixisse,
3429 4856 3500 4910 ad
3546 4855 3696 4908 ima-

2041 4962 2208 5036 gines
2240 4957 2610 5026 nostras,sed
2648 4956 2718 5010 ad
2753 4951 3073 5024 imaginem
3107 4952 3390 5005 nostram.
3419 4943 3514 4999 Dei
3534 4941 3690 4997 enim

2047 5034 2104 5108 et
2124 5048 2467 5122 angelorum
2499 5063 2566 5102 ac
2595 5045 2955 5112 daemonum,
2985 5053 3172 5109 neque
3203 5034 3461 5092 essentia
3509 5046 3697 5101 neque

2042 5119 2239 5212 imago
2271 5142 2360 5194 est
2387 5137 2612 5193 eadem.
2644 5134 2764 5205 Ego
2799 5135 2992 5186 autem
3024 5124 3344 5198 dico,quod
3370 5119 3692 5192 praevidens

2043 5229 2331 5305 unigeniti
2381 5227 2506 5283 Filii
2542 5223 3109 5286 incarnationem,et
3151 5217 3424 5270 humanis
3473 5214 3696 5264 natura:

2046 5319 2715 5390 assumptionem,quam
2734 5329 2802 5367 ex
2819 5309 3057 5381 Virgine
3072 5310 3341 5360 naturam
3364 5301 3700 5369 assumptu-

2045 5428 2148 5467 rus
2170 5413 2346 5476 esset,
2376 5423 2510 5463 cum
2533 5406 2617 5459 sic
2649 5418 2828 5458 unam
2862 5397 3199 5455 eteamdem
3229 5392 3323 5448 Dei
3355 5394 3411 5446 et
3441 5387 3698 5444 hominis

2045 5513 2384 5574 personam,
2418 5513 2485 5552 ac
2515 5510 2694 5550 unam
2727 5495 2786 5548 et
2814 5489 3081 5546 eamdem
3131 5483 3244 5556 ipsi
3294 5478 3694 5538 adorationem

2122 5730 2232 5802 (88)
2265 5731 2366 5786 Est
2395 5727 2607 5795 Qumst.
2643 5725 2712 5781 19
2737 5719 2956 5779 Theod.
2987 5718 3049 5775 in
3074 5715 3260 5772 Genes.
