4148 6426
411 433 532 493 735

1574 443 1637 502 S.
1691 443 2212 504 ATBANASIUS.
2245 477 2323 488 —
2351 444 2659 506 SPURIA.

3715 446 3839 505 736

417 567 489 623 ab
511 569 668 623 omni
703 575 968 626 creatura
1001 573 1259 628 oblatum
1290 575 1357 628 iri
1385 575 1754 648 intelligeret,
1779 577 1847 630 ad
1868 576 2061 648 ipsum

2190 596 2278 645 της
2334 578 2766 655 προσφέρεσθαι,
2815 577 2953 653 πρὸς
3015 576 3171 630 αὐτὸν
3230 575 3321 630 τὸν
3385 581 3652 651 μονογενῆ
3714 576 3842 630 Υἱὸν

417 655 786 729 unigenitum
823 660 1032 716 Filium
1068 661 1222 718 hunc
1247 663 1391 718 dixit
1423 681 1775 720 sermonem.

485 747 594 820 (89)
631 749 829 813 Quass'r
887 752 1052 806 LVII.
1089 752 1227 808 Utra
1247 759 1336 808 est
1369 754 1725 827 principium
1757 758 1813 810 et
1843 754 2065 828 primas

413 835 611 904 habet,
646 855 756 893 nox
782 839 869 893 vel
905 841 1072 896 dies?

489 926 664 981 Rese.
698 930 741 982 A
794 929 1089 1000 primitiva
1120 933 1359 1004 quidem
1395 933 1602 988 mundi
1639 935 1959 1000 creatione,
1995 935 2064 988 ab

414 1031 479 1070 eo
505 1021 766 1088 tempore
789 1018 1058 1075 videlicet
1090 1037 1204 1092 quo
1228 1022 1422 1077 factus
1446 1029 1534 1077 est
1562 1025 1740 1078 Adam
1776 1041 1962 1095 usque
1995 1025 2065 1079 ad

415 1106 727 1161 adventum
763 1105 998 1176 Christi,
1036 1111 1190 1180 prior
1223 1111 1330 1165 fuit
1356 1113 1480 1167 dies
1505 1113 1847 1167 sicutetiam
1873 1113 2068 1169 divina

415 1197 715 1267 Scriptura
793 1195 1056 1269 loquitur
1112 1201 1329 1256 dixisse
1399 1202 1619 1257 Deum:
1682 1224 1701 1252 α
1769 1202 1890 1258 Fiat
1943 1202 2065 1271 lux,

415 1289 473 1339 et
505 1287 654 1341 tacta
683 1289 772 1341 est
804 1286 922 1358 lux,
952 1310 978 1336 ››
1010 1293 1066 1342 et
1089 1290 1238 1358 quod
1266 1314 1292 1340 «
1328 1291 1518 1347 lucem
1568 1292 1722 1346 Deus
1782 1293 2069 1348 vocaverit

416 1373 592 1443 diem,
642 1376 915 1430 tenebras
976 1394 1108 1432 vero
1165 1381 1454 1435 vocaverit
1499 1386 1724 1436 noctem
1751 1383 1814 1435 ⁷⁵.
1871 1405 1895 1431 η
1957 1381 2062 1437 Ubi

421 1464 676 1534 primum
728 1465 962 1531 ponitur
983 1467 1212 1539 lux,per
1233 1468 1382 1524 hanc
1403 1470 1557 1524 enim
1596 1471 1813 1526 exstitit
1838 1472 2066 1543 primus

424 1552 572 1607 dies.
609 1553 756 1609 Nam
789 1572 821 1609 a
851 1552 978 1610 lure
1010 1555 1267 1628 primum
1302 1557 1634 1630 inchoante,
1685 1560 1743 1614 in
1795 1560 2066 1616 tenebras

415 1645 618 1714 postea
658 1642 1019 1699 devenimus.
1058 1647 1092 1700 Δ
1117 1651 1271 1701 recta
1299 1664 1558 1720 namque
1587 1648 1677 1703 via
1707 1650 2064 1718 aberrantes,

412 1731 484 1785 ad
546 1731 700 1788 idola
767 1737 822 1788 et
880 1733 1117 1790 fallaces
1182 1738 1455 1793 tenebras
1505 1738 1678 1793 delati
1734 1756 1962 1795 sumus.
2024 1743 2067 1794 A

413 1819 626 1877 Christi
653 1838 789 1877 vero
823 1824 1074 1878 adventu
1110 1824 1316 1898 incipit
1347 1845 1554 1882 rursus
1586 1833 1641 1882 et
1663 1828 1817 1883 diem
1851 1845 2068 1900 praece—

2178 671 2412 720 ποιεῖται
2443 665 2534 721 τὸν
2561 667 2750 742 λόγον.

2251 756 2442 832 Ἐρώτ.
2476 758 2566 826 νζ’.
2603 756 2739 812 Ποία
2767 755 2908 810 ἐστὶν
2938 755 3086 832 ἀρχὴ
3119 754 3207 810 καὶ
3239 753 3574 830 προτερεύιι,
3610 756 3644 824 ἡ
3679 752 3768 825 νὺξ
3800 755 3839 822 ἢ

2176 847 2211 914 ἡ
2244 845 2468 921 ἡμέρας

2246 934 2438 991 Ἀπόκ.
2475 935 2611 990 Ἀπὸ
2645 935 2739 1008 μὲν
2771 941 2872 1004 τῆς
2903 935 3143 1012 ἀρχῆθεν
3171 931 3554 1005 κοσμοποιὶας,
3579 929 3704 1006 ᾔτοι
3732 935 3835 1002 τῆς

2177 1023 2426 1086 πλάσεως
2483 1029 2579 1078 τοῦ
2655 1022 2854 1096 Ἀδὰμ,
2913 1021 3018 1085 ἓως
3076 1029 3176 1092 τῆς
3245 1023 3478 1098 Χριστοῦ
3535 1021 3836 1098 παρουσίας

2177 1116 2369 1190 πρώτη
2423 1114 2668 1189 ὑπῆρχεν
2717 1116 2751 1182 ἡ
2800 1112 3018 1188 ἡμέρα,
3067 1113 3246 1175 καθὼς
3298 1108 3447 1186 λέγει
3496 1110 3584 1164 καὶ
3634 1113 3670 1180 ἡ
3721 1111 3837 1166 θεία

2177 1205 2384 1282 Γραφή·
2437 1203 2526 1257 καὶ
2574 1204 2658 1258 ἀτι
2711 1204 2856 1257 εἴπεν
2893 1204 2920 1258 6
2971 1201 3122 1263 Θεὸς·
3159 1225 3186 1253 ι‹
3219 1201 3510 1271 Γενηθήτω
3560 1204 3696 1278 φῶς,
3743 1199 3835 1254 καὶ

2178 1291 2387 1368 ἐγένετο
2419 1297 2554 1370 φῶς,
2593 1316 2620 1343 ››
2650 1291 2739 1346 καὶ
2773 1291 2854 1346 ὅτι
2889 1317 2915 1342 ‹‹
2949 1289 3196 1346 ἐκάλεσεν
3228 1291 3255 1345 6
3287 1290 3414 1352 Θεὸς
3445 1290 3507 1343 τὸ
3538 1293 3655 1368 φῶς
3685 1290 3832 1362 ἡμέ-

2178 1402 2294 1455 ραν,
2330 1380 2511 1436 καὶτὸ
2564 1381 2756 1443 σκότος
2805 1378 3026 1435 ἐκάλεσε
3073 1379 3254 1433 νύκτα*
3303 1383 3576 1454 »πρῶτον
3624 1385 3835 1442 τιθεῖσα

2176 1473 2236 1526 τὸ
2269 1476 2404 1550 φῶςο
2464 1470 2551 1526 καὶ
2606 1473 2709 1547 γὰρ
2772 1468 2859 1525 διὰ
2912 1475 3072 1525 τοῦτο
3133 1469 3351 1544 ὑπῆρχε
3398 1470 3590 1543 πρώτη
3626 1469 3829 1544 ἡμέρα.

2179 1559 2397 1630 Ἐπειδὴ
2432 1560 2663 1616 ἀπὸτοῦ
2695 1561 2872 1638 φωτὸς
2926 1559 3222 1634 ἠρξάμεθα,
3273 1559 3361 1613 καὶ
3414 1557 3488 1620 ei:
3526 1559 3828 1630 σκοτασμὸν

2176 1652 2593 1725 κατηνέχθημεν
2636 1648 2875 1725 ὕστερον.
2917 1647 3290 1718 Πλανηθὲντες
3336 1647 3435 1722 γὰρ
3470 1647 3575 1701 ἀπὸ
3612 1653 3712 1726 τῆς
3744 1645 3831 1700 εὐ-

2180 1738 2326 1802 θείας
2374 1736 2504 1794 ὁδοῦ
2545 1738 2620 1801 εἷς
2674 1736 2880 1794 εἶ’δωλα
2921 1737 3010 1793 καὶ
3060 1736 3364 1810 σκοτασμὸν
3412 1736 3622 1806 ἀπάτης
3651 1734 3832 1790 ἐνεπὲ-

2182 1848 2370 1900 σαμεν.
2407 1827 2543 1882 Ἀπὸ
2594 1823 2650 1881 δὲ
2704 1829 2802 1896 τῆς
2851 1826 3086 1900 Χριστοῦ
3135 1823 3435 1900 παρουσίας
3470 1824 3694 1900 ἄρχεται
3727 1821 3834 1877 πά-

416 1908 502 1964 dit
532 1926 663 1966 nox.
690 1910 821 1968 Ideo
855 1930 886 1966 a
917 1914 1892 1987 vesperaincipientes.solemniter
1921 1917 2068 1975 cele-

418 1997 660 2020 L____-__
696 1999 809 2020 .12--
848 2017 929 2020 --ι
1073 2008 1081 2020 ι
1232 2004 1288 2020 ιι
1586 2007 1599 2020 1
1692 2006 1716 2020 η
1787 2011 1796 2020 .
2003 2007 2035 2020 ο.

2190 1916 2267 1972 λιν
2318 1917 2405 1972 καὶ
2457 1915 2721 1991 πρωτεύει
2753 1918 2787 1985 ἡ
2820 1914 2912 1985 νύξ
2955 1917 3054 1984 τῆς
3105 1912 3314 1991 ἡμέρας
3344 1960 3354 1971 .
3407 1914 3504 1968 Διά
3551 1917 3713 1968 τοῦτο
3744 1911 3834 1967 καὶ

2190 2007 2203 2020 .
2256 2007 2267 2020 .
2303 2007 2317 2020 .
2409 2007 2418 2020 .
2565 2006 2578 2020 ς
2682 2005 2694 2020 ,
2777 2007 2800 2020 Α
2872 2006 2884 2020 .
3014 2004 3064 2020 ...
3301 2004 3312 2020 ι
3403 2002 3417 2020 ,
3518 2002 3530 2020 ρ
3703 2005 3715 2020 .
3787 2000 3798 2018 1

418 1997 662 2054 bramus
687 1999 812 2056 dies
844 2008 1174 2074 sequentes.
1232 2004 1288 2059 Id
1347 2007 1641 2078 quomodo
1690 2006 1905 2061 factum
1969 2007 2063 2074 sit,

418 2088 646 2144 audias.
680 2089 1165 2162 Quandoquidem
1200 2093 1389 2165 primo
1412 2111 1444 2149 a
1464 2094 1590 2150 luce
1613 2095 1837 2168 delapsi
1859 2113 2066 2151 sumus

421 2177 493 2233 ad
524 2178 826 2247 tenebras;
854 2179 1105 2236 abinitio
1137 2182 1370 2254 quidem
1389 2183 1495 2238 fuit
1520 2183 1638 2253 lux,
1662 2184 1911 2239 tenebras
1935 2202 2066 2240 vero

421 2271 564 2321 sunt
591 2266 891 2324 insecutae.
927 2270 1003 2324 Ex
1036 2287 1099 2325 eo
1128 2275 1323 2326 autem
1350 2276 1612 2345 tempore
1637 2291 1752 2345 quo
1779 2275 1862 2330 sol
1890 2275 2065 2345 justi-

419 2355 512 2410 tiaa
542 2353 811 2412 Christus
848 2359 995 2413 Deus
1027 2364 1226 2414 noster
1260 2362 1480 2416 mundo
1502 2367 1739 2417 exortus
1772 2367 1882 2430 est,
1916 2368 1972 2418 et
2001 2381 2069 2419 ex

418 2445 679 2502 tenebris
709 2447 1006 2504 errorisad
1050 2447 1240 2504 lucem
1279 2451 1629 2522 cognitionis
1683 2451 1778 2507 Dei
1827 2469 1932 2508 nos
1980 2470 2070 2508 re-

425 2534 613 2599 duxit,
647 2552 679 2590 a
717 2537 971 2591 tenebris
1021 2538 1388 2608 inchoamus,
1415 2544 1471 2595 et
1501 2540 1558 2596 in
1589 2540 1717 2596 luce
1747 2542 2066 2597 terminum

425 2624 824 2679 babemus.lbi
847 2643 963 2680 non
997 2628 1192 2696 refert,
1221 2630 1450 2684 etiamsi
1474 2632 1759 2702 prrecedat
1783 2649 1914 2699 nox,
1936 2648 2068 2687 cum

430 2713 552 2769 haec
600 2713 766 2769 nobis
817 2714 1050 2771 initium
1111 2718 1208 2773 det
1245 2718 1416 2789 lucis,
1453 2724 1509 2775 et
1558 2722 1626 2776 ad
1676 2721 1866 2777 lucem
1919 2723 2066 2778 267

431 2803 681 2859 deducat
728 2805 955 2860 Etenim
988 2823 1246 2878 praesens
1269 2814 1468 2865 nostra
1499 2809 1638 2876 vita,
1678 2810 1734 2864 in
1770 2811 2074 2883 Scriptura

428 2893 678 2948 tenebrae
726 2898 985 2962 vocatur,
1052 2899 1551 2968 quemadmodum
1613 2900 1783 2955 divus
1861 2901 2073 2956 Paulus

427 2981 655 3052 inquit:
697 2982 1059 3054 Abjiciamus
1089 3003 1264 3058 opera
1312 2989 1711 3058 tenebrarum,
1765 2994 1822 3045 et
1862 2991 2073 3046 indua-

429 3089 562 3128 mur
581 3088 746 3128 arma
777 3071 925 3129 lucis
971 3075 1051 3131 7°:
1087 3097 1114 3124 »
1139 3076 1248 3131 hoc
1280 3083 1388 3148 est,
1441 3079 1623 3133 futuri
1684 3079 1902 3136 saaculi.
1951 3081 2074 3136 Lux

427 3161 583 3217 enim
617 3161 852 3232 dicitur,
886 3163 1166 3220 saeculum
1200 3167 1485 3222 futurum.
1541 3173 1719 3223 Arma
1750 3186 1882 3225 vero
1914 3169 2074 3224 illius

428 3250 577 3307 lucis
609 3255 748 3306 sunt
775 3250 1043 3308 virtutes.
1095 3254 1226 3309 Ideo
1277 3255 1545 3312 Christus
1603 3274 1838 3328 quoque
1887 3258 2067 3313 dixit:

2179 2007 2267 2083 ἀφ’
2301 2007 2524 2082 ἑσπέρας
2555 2005 2840 2082 ἀρχόμεθα
2872 2004 3214 2078 ἑορτάζοντες
3255 2004 3350 2065 τὰς
3401 2002 3655 2076 ἐπαύριον
3692 2000 3832 2075 ἡμέ-

2180 2117 2295 2173 ρας.
2331 2095 2481 2169 Ποίῳ
2512 2093 2569 2150 δὲ
2600 2097 2787 2172 τρόπῳ
2837 2096 3057 2170 γέγονεν
3101 2092 3293 2164 οὕτως,
3328 2090 3577 2149 ἄκουσον.
3609 2087 3832 2161 Ἐπειδὴ

2177 2186 2240 2241 τὸ
2272 2190 2487 2260 πρῶτον
2521 2185 2627 2240 ἀπὸ
2656 2189 2752 2239 τοῦ
2785 2183 2964 2258 φωτὸς
2997 2183 3134 2258 πρὸς
3165 2182 3226 2236 τὸ
3255 2181 3446 2244 σκότος
3488 2180 3838 2254 ένεπέσαμεν,

2182 2273 2270 2329 διὰ
2299 2279 2460 2329 τοῦτο
2505 2275 2595 2328 καὶ
2644 2275 2707 2329 τὸ
2749 2278 2862 2351 φῶς
2897 2270 3012 2350 ἔχει
3065 2272 3166 2340 τὴν
3209 2271 3405 2347 ἀρχὴν,
3458 2272 3520 2325 τὸ
3561 2267 3619 2325 δὲ
3648 2269 3841 2331 σκότος

2180 2364 2421 2441 ὕστερον.
2457 2367 2570 2442 Ἀφ’
2605 2363 2668 2417 οὗ
2699 2360 2756 2418 δὲ
2806 2364 2833 2417 6
2882 2360 3045 2431 ἥλιος
3093 2366 3193 2430 τῆς
3225 2357 3574 2430 δικαιοσύνης
3604 2358 3838 2435 Χριστὸς

2183 2453 2210 2507 ὀ
2244 2455 2372 2515 Θεὸς
2405 2456 2565 2527 ἡμῶν
2598 2457 2676 2524 τῷ
2705 2450 2898 2524 κόσμῳ
2932 2449 3192 2521 ἀνέτειλε,
3222 2448 3312 2503 καὶ
3346 2447 3452 2502 ἀπὸ
3483 2452 3580 2503 τοῦ
3607 2446 3834 2509 σκότους

2179 2547 2280 2608 τῆς
2314 2538 2528 2610 πλάνης
2579 2539 2715 2614 πρὸς
2765 2537 2829 2592 τὸ
2879 2541 2992 2616 φῶς
3037 2539 3137 2606 τῆς
3188 2534 3510 2611 θεογνωσίας
3557 2536 3706 2607 ἡμᾶς
3740 2534 3836 2588 ἐπ-

2182 2632 2435 2706 ανήγαγε,
2469 2626 2557 2684 διὰ
2584 2633 2745 2683 τοῦτο
2778 2627 2864 2681 καὶ
2893 2629 3058 2700 ἡμεῖς
3090 2626 3196 2680 ἀπὸ
3227 2629 3325 2680 τοῦ
3348 2624 3576 2686 σκότους
3599 2623 3836 2699 ἀρχόμεο

2183 2732 2268 2793 θα,
2300 2719 2388 2774 καὶ
2421 2719 2556 2794 πρὸς
2587 2718 2649 2773 τὸ
2679 2722 2793 2796 φῶς
2823 2715 3226 2792 καταλήγομεν.
3251 2720 3338 2768 Ἐν
3369 2715 3549 2786 τούτῳ
3573 2713 3666 2768 κᾶν
3687 2715 3720 2781 ἡ
3744 2711 3836 2782 νὺξ

2182 2807 2469 2887 πρωτεύει,
2521 2808 2700 2883 ἀρχὴν
2758 2803 2981 2861 διδοῦσα
3033 2807 3205 2878 ἡμᾶς,
3254 2803 3345 2858 καὶ
3401 2801 3835 2877 παραπέμπουσα

2183 2899 2317 2976 πρὸς
2348 2898 2411 2953 τὸ
2445 2901 2581 2975 φῶς,
2625 2895 2724 2950 Καὶ
2772 2895 2871 2970 γὰρ
2907 2895 2934 2949 6
2971 2893 3089 2969 βίος
3142 2891 3300 2954 οὗτος
3352 2890 3541 2952 σκότος
3589 2891 3732 2964 παρὰ
3760 2892 3829 2962 τῇ

2182 2990 2368 3066 Γραῳῇ
2422 2986 2766 3059 ὀνομάζεται,
2816 2984 2998 3045 καθὼς
3052 2983 3079 3036 6
3130 2983 3405 3046 θεσπέσιος
3438 2978 3646 3040 Παῦλος
3687 2976 3830 3032 οὕτω

2185 3077 2366 3156 φησίν·
2399 3100 2427 3127 ‹‹
2462 3075 2830 3146 Ἀποθώμεθα
2874 3072 2941 3128 τὰ
2988 3067 3116 3148 ἔργα
3165 3075 3262 3126 τοῦ
3317 3069 3560 3137 σκότους,
3610 3066 3701 3122 καὶ

2187 3153 2473 3240 δυσώμεθα
2517 3164 2585 3218 τὸ.
2631 3161 2777 3218 ὅπλα
2824 3165 2921 3217 τοῦ
2970 3161 3171 3238 φωτόςο
3211 3185 3232 3210 ι
3279 3157 3523 3214 τουτέστι
3570 3160 3668 3210 τοῦ
3713 3153 3843 3228 μέλ-

2186 3256 2379 3317 λοντος
2433 3255 2644 3315 αἰῶνος.
2696 3255 2822 3314 Φῶς
2874 3253 2977 3326 γὰρ
3009 3251 3037 3304 6
3073 3248 3293 3322 μέλλων
3327 3247 3461 3304 ἐστί.
3491 3247 3569 3301 Τὰ
3609 3243 3667 3300 δὲ
3697 3243 3845 3300 ὅπλα

429 3362 457 3390 ‹‹
491 3339 640 3395 Dum
683 3339 874 3396 lucem
913 3341 1164 3410 habetis,
1199 3345 1516 3416 ambulate,
1569 3321 1913 3402 netenebrm
1971 3364 2072 3402 vos

2190 3351 2280 3401 τοῦ
2312 3344 2489 3422 φωτὸς
2531 3342 2736 3398 ἐκείνου
2787 3340 2916 3395 εἰσὶν
2969 3340 3023 3394 αἱ
3067 3337 3273 3416 ἀρεταί.
3322 3337 3418 3392 Διὰ
3461 3339 3624 3390 τοῦτο
3672 3334 3760 3388 καῖ
3811 3334 3839 3387 6

427 3428 874 3502 apprehendant
919 3431 980 3465 ⁷⁷·
1018 3454 1045 3482 ››
1097 3431 1201 3488 Ubi
1261 3433 1450 3490 lucem
1509 3435 1752 3491 virtutes
1826 3437 2070 3503 vocavit,

426 3533 575 3589 quas
621 3518 869 3576 virtutes
926 3519 1126 3591 homo,
1185 3522 1324 3578 dum
1384 3523 1541 3590 vivit,
1584 3525 1798 3581 habere
1865 3531 2072 3598 potest.

425 3609 565 3664 Post
625 3613 872 3665 mortem
947 3610 1104 3666 enim
1165 3627 1279 3665 non
1361 3613 1571 3684 poterit
1635 3629 1734 3669 eas
1789 3615 2073 3670 invenire.

426 3698 697 3754 Tenebrae
730 3716 866 3755 vero
897 3704 1036 3754 sunt
1069 3717 1322 3771 praesens
1371 3701 1479 3756 hoc
1510 3703 1806 3772 saeculum,
1841 3709 2079 3778 prepter

426 3788 827 3844 tenebricosas
861 3793 919 3844 et
945 3789 1381 3847 nefariasillius
1415 3792 1694 3848 actiones.
1757 3794 1917 3848 Sicut
1949 3811 2076 3848 rur-

430 3877 757 3949 sus'inquit
801 3877 1068 3934 Christus
1094 3897 1106 3934 :
1135 3901 1161 3927 ‹‹
1193 3879 1299 3944 Qui
1333 3882 1601 3954 sequitur
1630 3899 1743 3952 me,
1777 3900 1892 3938 non
1953 3900 2075 3937 am-

430 3965 657 4022 bulabit
689 3967 746 4020 in
782 3967 1058 4033 tenebris,
1091 3970 1188 4024 sed
1237 3969 1477 4026 habebit
1520 3970 1718 4026 lumen
1773 3973 1899 4028 vitae
1956 3974 2018 4028 ⁷⁸.
2043 3993 2069 4024 ιι

431 4055 607 4126 Sequi
643 4073 897 4127 namque
928 4056 1223 4113 Christum
1259 4064 1348 4114 est
1398 4077 1528 4133 quae
1559 4059 1773 4133 placita
1829 4067 1970 4118 sunt
2026 4062 2078 4118 ei

433 4144 649 4210 facere,
681 4149 736 4199 et
766 4145 894 4215 ejus
929 4147 1208 4202 mandata
1240 4164 1491 4204 servare.
1535 4149 1695 4206 Talis
1729 4168 1844 4206 non
1870 4153 2077 4207 ambu-

437 4233 587 4289 labit
617 4233 674 4288 in
709 4234 985 4306 tenebris,
1020 4235 1127 4292 hoc
1157 4242 1246 4293 est
1269 4237 1327 4292 in
1360 4239 1526 4294 vanis
1559 4240 1740 4312 hujus
1771 4243 1897 4298 vitae
1944 4243 2075 4310 viis,

433 4323 534 4378 sed
569 4323 922 4379 inhabitabit
951 4330 1008 4380 et
1038 4327 1283 4398 accipiet
1305 4334 1579 4384 aeternam
1613 4329 1804 4387 lucem
1836 4332 1966 4387 vita:
1999 4332 2082 4386 fu-

433 4414 550 4469 turi
581 4413 800 4480 smculi,
847 4418 904 4468 et
959 4415 1396 4473 interminatam
1432 4435 1560 4490 quae
1590 4419 1669 4474 ibi
1717 4421 1913 4476 futura
1970 4425 2078 4492 est,

432 4502 694 4559 laetitiam
728 4508 786 4558 et
817 4503 1291 4561 exsultationem.

429 4611 543 4660 νος,
575 4591 663 4645 καὶ
695 4592 792 4660 τὴν
827 4589 939 4645 ἐκεῖ
967 4591 1261 4666 ἀπέραντον
1294 4593 1625 4672 εὐφροσύνην
1657 4595 1745 4651 καὶ
1779 4595 2128 4671 ἀγαλλίασιν.

503 4699 617 4772 (90)
645 4700 874 4764 Ουιεετ.
899 4699 1090 4757 LVIII.
1127 4702 1286 4767 Quod
1320 4704 1502 4761 Adam
1536 4709 1592 4761 et
1625 4707 2078 4778 Eva,postquam
2112 4709 2160 4774 1)

435 4789 853 4856 comedissent,
885 4792 1260 4862 cognoverint
1309 4811 1370 4850 se
1394 4795 1583 4851 nudos
1614 4812 1744 4852 esse
1773 4812 1786 4849 :
1814 4795 2080 4867 nunquid

434 4882 751 4951 antequam
775 4881 1188 4952 comedissent,
1223 4883 1333 4938 hoc
1381 4901 1557 4940 sensu
1591 4884 1819 4956 praediti
1869 4885 2081 4941 erant?

504 4987 677 5043 RESP.
707 4990 1215 5054 Quemadmodum
1246 4993 1522 5048 infantuli
1558 5010 1669 5048 non
1701 4993 2079 5060 erubescunt,

431 5077 664 5133 etiamsi
699 5077 881 5134 nullis
923 5079 1186 5136 vestibus
1215 5086 1510 5153 tegantur,
1553 5085 1736 5137 donec
1799 5083 2081 5153 paulatim

428 5168 792 5224 increscente
821 5185 1061 5240 corpore
1091 5176 1147 5225 et
1206 5173 1394 5243 pudor
1449 5173 1720 5227 adveniat
1760 5188 1773 5226 :
1807 5171 1891 5226 sic
1943 5188 2083 5227 sane

429 5264 500 5318 de
532 5263 719 5318 Adam
753 5268 810 5318 et
841 5263 956 5319 Eva
1013 5262 1408 5318 sentiendum.
1444 5261 1588 5316 Nam
1639 5276 1770 5315 cum
1825 5260 2080 5329 primum

427 5353 607 5410 creati
635 5353 1014 5418 essent,sicut
1041 5353 1212 5407 modo
1242 5356 1418 5406 natus
1449 5349 1665 5415 infans,
1693 5349 1914 5420 peccati
1938 5365 2082 5404 non-

1607 5539 1648 5572 ⁷⁷
1679 5538 1848 5594 Joan.
1871 5553 1973 5604 xu,
2007 5538 2094 5592 36.

498 5547 543 5581 ⁷⁵
569 5549 708 5601 Gen.
745 5561 784 5611 ι,
811 5546 866 5614 3,
897 5546 950 5600 5.
1029 5543 1073 5578 ⁷⁸
1099 5546 1240 5597 Rom
1265 5557 1390 5607 xm,
1415 5541 1501 5595 12.

501 5746 789 5829 (89λΗιιὶο
839 5745 1052 5804 similis
1081 5749 1171 5802 est
1221 5745 1438 5810 Quast.
1495 5742 1568 5798 52
1620 5739 1701 5798 Ad
1757 5736 2080 5796 Antiochum

431 5835 723 5894 superius.

2182 3435 2414 3512 Χριστὸς
2467 3431 2669 3509 ἔλεγεν·
2710 3455 2737 3483 ‹‹
2779 3433 2924 3492 Ἕως
2964 3430 3027 3484 τὸ
3077 3433 3193 3507 φῶς
3251 3424 3428 3502 ἔχετε,
3475 3428 3840 3501 περιπατεῖτε,

2179 3524 2269 3580 ’ἱνα
2300 3525 2376 3598 μὴ
2407 3521 2621 3578 σκυτέα
2653 3521 2791 3594 ὑμᾶς
2835 3513 3143 3592 καταλάϐῃ.
3177 3542 3204 3568 ››
3237 3521 3364 3577 Φῶς
3406 3513 3465 3570 δὶ
3511 3515 3605 3577 τὰς
3653 3513 3841 3589 ἀρετὰς

2188 3613 2456 3683 ἐκάλεσεν,
2491 3609 2550 3672 ἃς
2601 3607 2819 3664 δύναται
2873 3604 3018 3683 ἔχειν
3070 3608 3097 3662 6
3149 3604 3433 3678 ἅνθρωπος
3482 3600 3586 3664 ἓως
3638 3600 3701 3656 οὗ
3755 3605 3838 3674 ζῇ·

2190 3703 2325 3778 μετᾶ
2374 3701 2598 3756 θάνατον
2647 3699 2747 3775 γὰρ
2793 3696 2854 3752 οὗ
2906 3696 3123 3752 δύναται
3171 3699 3340 3750 ταῦτα
3387 3694 3586 3770 εὑρεῖν.
3640 3691 3844 3751 Σκότος

2189 3791 2246 3848 δὲ
2276 3793 2304 3846 6
2337 3789 2468 3846 αἰὼν
2499 3790 2657 3850 οὗτος
2692 3785 2782 3842 διὰ
2826 3789 2922 3848 τὰς
2973 3783 3248 3847 σκοτεινὰς
3299 3782 3461 3838 αὖτοῦ
3503 3781 3724 3857 πράξεις
3755 3779 3847 3834 καὶ

2187 3881 2494 3956 ἀθεμίτουςο
2546 3879 2620 3941 ὡς
2671 3874 2836 3932 πάλιν
2886 3873 3098 3945 εἶ’ρηκεν
3151 3874 3178 3928 6
3229 3873 3478 3948 Χριστός·
3527 3895 3556 3921 ‹‹
3606 3871 3668 3926 Ὀ
3718 3869 3847 3923 ἀκο-

2190 3971 2400 4037 λουθῶν
2453 3967 2577 4043 ἐμοὶ
2623 3966 2685 4022 οὗ
2739 3967 2814 4040 μὴ
2856 3966 3213 4040 περιπατήσει
3247 3961 3297 4018 ἐν
3328 3966 3398 4036 τῇ
3449 3959 3686 4029 σκοτείᾳ,
3720 3956 3848 4014 ἀλλ’

2185 4060 2288 4134 ἕξει
2337 4061 2397 4115 τὸ
2449 4062 2564 4139 φῶς
2612 4064 2714 4128 τῆς
2749 4061 2915 4126 ζωῆς.
2952 4078 2978 4107 ιι
3010 4052 3108 4108 Καὶ
3157 4052 3259 4128 γὰρ
3307 4050 3370 4139 τὸ
3414 4048 3732 4139 ἀκολουθεῖν
3763 4049 3847 4139 τῷ

2190 4154 2407 4225 Χριστῷ
2430 4134 2590 4204 τοῦτό
2623 4145 2732 4200 ἐστι
2780 4144 2842 4199 τὸ
2889 4146 3066 4198 ποιεῖν
3117 4142 3184 4195 τὰ
3231 4137 3489 4216 εὐάρεστοι
3531 4135 3722 4204 αὐτοῦ,
3751 4134 3845 4190 καὶ

2190 4239 2480 4319 φυλάσσειν
2519 4237 2613 4299 τὰς
2655 4231 2880 4294 ἐντολὰς
2914 4231 3096 4286 αὐτοῦ.
3128 4232 3188 4287 Ὀ
3227 4233 3479 4289 τοιοῦτος
3527 4227 3631 4302 γὰρ
3669 4225 3732 4280 οὗ
3769 4225 3846 4319 μὴ

2189 4313 2548 4404 περιπατήσει
2593 4325 2644 4379 ἐν
2690 4327 2758 4398 τῇ
2793 4321 3030 4392 σκοτεῖᾳ,
3078 4317 3351 4375 τουτέστιν
3401 4315 3452 4371 ἐν
3495 4321 3616 4376 ταῖς
3651 4313 3850 4386 ματαί-

2190 4403 2275 4480 αις
2303 4415 2452 4478 ὁδοῖς
2483 4419 2579 4469 τοῦ
2606 4413 2728 4489 βίου
2745 4410 2966 4478 τούτου,
3015 4407 3159 4464 ἀλλὰ
3187 4406 3593 4476 κατασκηνώσει
3640 4403 3730 4457 καὶ
3752 4422 3850 4457 κα-

2189 4529 2255 4563 τα
2285 4500 2446 4563 λαϐεῖ
2473 4504 2535 4559 τὸ
2566 4502 2784 4558 αἰώνιον
2809 4505 2923 4580 φῶς
2951 4502 3052 4565 τῆς
3079 4500 3224 4568 ζωῆς
3247 4500 3346 4551 τοῦ
3380 4493 3682 4569 μέλλοντος
3715 4491 3850 4546 σιῗῶ-

2267 4700 2460 4777 Ἐρώτ.
2520 4700 2619 4769 νη’.
2655 4699 2779 4755 ’Ότι
2842 4694 2977 4770 μετὰ
3030 4695 3128 4763 τὴν
3191 4694 3391 4769 βρῶσιν
3452 4687 3705 4766 ἔγνωσαν,
3767 4685 3851 4741 ὅτι

2193 4791 2390 4869 γυμνοὶ
2424 4789 2558 4859 ἦσαν
2592 4786 2623 4844 6'
2668 4809 2726 4842 τε
2773 4783 2954 4859 Ἀδὰμ
2998 4782 3086 4838 καὶ
3120 4784 3154 4852 ἡ
3189 4778 3322 4854 Εὕα,
3375 4780 3409 4849 ἢ
3459 4778 3546 4834 καὶ
3596 4777 3702 4852 πρὸ
3746 4781 3852 4844 τῆς

2196 4881 2450 4958 βρώσεως
2481 4879 2630 4954 εἶχον
2663 4875 2832 4947 ταύτη
2863 4875 2963 4942 τήν
2993 4873 3240 4942 αἴσθησιν
3277 4889 3291 4938 ;

2266 4989 2460 5044 Ἀπόκ.
2493 4990 2696 5059 ’Ὠσπερ
2745 4984 2813 5039 τὰ
2859 4978 3064 5055 κομιδῆ
3127 4981 3299 5049 νήπια
3347 4975 3595 5053 ἐρυθριᾷν
3646 4972 3707 5027 οὐ
3759 4972 3852 5026 πέ-

2193 5082 2444 5160 φυκετῆς
2475 5076 2700 5145 ἐσθῆτος
2732 5069 3102 5150 γυμνούμενα,
3145 5065 3291 5160 ἀλλὰ
3336 5065 3474 5160 κατά
3526 5062 3721 5160 μικρὸν
3752 5065 3852 5115 τοῦ

2194 5151 2446 5240 σώματος
2499 5163 2888 5233 αὐξανομένου,
2937 5156 3026 5212 καὶ
3084 5155 3186 5224 τὴν
3237 5151 3502 5226 ἐντροπὴν
3555 5156 3852 5250 προσλὶαμ-

2193 5252 2466 5311 ϐάνουσινο
2500 5252 2644 5308 οὕτω
2676 5247 2743 5319 δὴ
2773 5254 2863 5304 καὶ
2909 5245 3032 5320 περὶ
3064 5247 3159 5299 τοῦ
3209 5239 3389 5315 ’Δδὰμ
3411 5239 3501 5295 καὶ
3549 5245 3650 5307 τῆς
3683 5239 3852 5297 Εὔας.

2193 5344 2362 5400 Εὐθὺς
2399 5345 2492 5417 μὲν
2525 5338 2877 5405 πλασθέντες,
2913 5335 3000 5391 οἷα
3041 5332 3108 5403 δὴ
3159 5334 3350 5402 νήπιοι
3378 5328 3470 5386 καὶ
3519 5327 3851 5402 εὖθυγενεῖς,

2200 5536 2243 5572 ⁷⁸
2272 5534 2442 5591 Joan.
2475 5547 2598 5599 vm,
2634 5531 2720 5587 i2.

2261 5735 2371 5806 (90)
2402 5733 2501 5791 Est
2531 5731 2748 5798 Quaest.
2779 5727 2852 5784 28
2880 5721 3230 5786 Theodoreti
3259 5722 3320 5780 in
3351 5719 3539 5780 Genu.
