4148 6400
271 362 390 424 737

266 494 357 550 καὶ
388 502 488 565 τῆς
522 496 787 570 ἁμαρτίας
818 493 1112 574 ἀμέτοχοι,
1144 498 1244 555 οὐκ
1294 501 1600 578 ᾐσχύνοντο
1660 503 1789 582 δίχα

267 579 579 660 ριϐολαίου·
617 586 753 659 μετά
787 583 844 641 δὲ
874 588 973 656 τὴν
1005 595 1194 663 πεῖραν
1222 592 1322 660 τῆς
1372 593 1640 670 ἁμαρτίας
1689 596 1924 674 φύλλοις

267 673 641 749 συνεκάλυψαν
676 676 742 730 ’ἠ
771 676 975 732 ἑαυτῶν
1009 677 1194 752 μόρια.

341 765 539 841 Ἐρώτ.
571 766 670 830 νϐ’.
721 764 787 826 Τί
838 765 1004 838 ἐστιν,
1056 766 1138 822 6'1:
1187 792 1215 822 »
1280 768 1420 828 Ἰδοὺ
1481 769 1660 847 Ἀδὰμ
1712 777 1924 852 γέγονεν

270 854 342 916 ὡς
379 855 456 916 εἷς
489 853 540 925 ἐξ
572 856 735 928 ἡμῶν
764 875 777 926 ;
815 879 844 908 ››

341 942 535 1002 Ἀπόκ.
568 943 936 1019 Ἐλεγκτικῶς
983 947 1082 1015 τὴν
1145 944 1346 1004 εἶκασιν
1403 956 1501 1006 τοῦ
1561 950 1738 1026 Ἀδὰμ
1789 976 1926 1027 μεμ-

270 1031 506 1109 φόμενος
553 1033 702 1109 λέγει
754 1035 782 1088 ὁ
832 1035 982 1098 Θεός.
1013 1037 1103 1106 Μή
1156 1038 1185 1092 ’ὀ
1233 1037 1486 1112 ἐνόμισας
1520 1043 1764 1117 γενέσθαι
1817 1043 1924 1118 ἐγέ-

268 1143 422 1194 νετο;
457 1125 546 1193 Μὴ
597 1125 725 1186 Θεὸς
776 1124 985 1199 ἐγένου,
1018 1127 1195 1189 καθὼς
1250 1129 1277 1182 6
1334 1131 1576 1205 πονηρὸς
1636 1132 1758 1188 οἶπέ
1815 1155 1921 1204 σοι,

270 1213 359 1268 καὶ
413 1211 682 1283 ἐπλάνησέ
733 1234 826 1284 σε;
862 1215 1230 1288 Ἐπιθυμήσας
1282 1220 1384 1294 γὰρ
1443 1219 1780 1298 ὑψηλότερος
1840 1246 1924 1299 γε-

271 1300 471 1373 νέσθαι,
505 1303 577 1365 εἷς
609 1303 667 1358 τὸ
697 1306 860 1372 ἧττον
894 1302 1152 1374 ἐξέπεσεν.

348 1480 538 1555 Ἐρώτ.
655 1480 717 1536 Τί
765 1481 874 1536 ἐστι
919 1483 1002 1553 τὸ,
1038 1507 1066 1536 (ι
1100 1483 1241 1558 Πρὸς
1292 1486 1349 1541 cia
1391 1489 1426 1556 ἡ
1474 1487 1791 1569 ἀποστροφή
1825 1492 1917 1546 αύ-

273 1572 390 1636 τοῦ,
427 1569 515 1622 καὶ
559 1569 620 1623 σὺ
653 1569 814 1624 αὐτοῦ
845 1570 1018 1646 ἄρξεις
1047 1591 1060 1640 ;
1094 1597 1122 1623 ››

341 1657 536 1714 Ἀπόκ.
592 1661 701 1714 Τοῦ
759 1667 1208 1736 προσενεχθέντος
1266 1661 1446 1741 δώρου
1507 1667 1650 1722 εἶπεν
1708 1672 1735 1724 6
1786 1673 1916 1733 Θεὸς

267 1748 342 1816 τῷ
401 1747 553 1815 Κάϊν,
609 1745 716 1815 ὅτι,
766 1747 946 1804 Αὐτοῦ
1000 1755 1097 1805 τοῦ
1154 1750 1334 1826 δώρου
1411 1756 1473 1810 οῦ
1550 1761 1912 1836 προσήγαγες,

265 1833 627 1909 προσγένηταί
687 1857 773 1890 σοι
825 1841 860 1907 ἡ
913 1839 1224 1918 ἀποστρεφὴ
1291 1843 1476 1912 αὐτοῦ,
1518 1847 1606 1902 καὶ
1660 1847 1722 1902 σὺ
1775 1848 1915 1920 ἐξου-

308 1899 316 1908 .
421 1899 430 1909 .
524 1899 552 1941 ,ν
714 1926 728 1945 ο
850 1899 860 1907 .
1090 1899 1098 1916 ,
1163 1899 1224 1918 ,.
1465 1899 1476 1912 ,
1667 1899 1715 1902 --
1778 1899 1996 1963 -,--’B

267 1923 465 1985 σιάσεις
495 1929 680 1984 αυτοῦ.
731 1934 802 1987 Ως
852 1927 1026 1992 θέλεις
1074 1931 1324 2002 ποίησον.
1353 1934 1494 2010 Ἐγὼ
1545 1938 1639 2011 γὰρ
1681 1938 1810 1993 αὐτὸ
1856 1960 1918 1994 ου

266 2009 696 2086 προσεδεξάμην.

337 2100 531 2175 Ἐρώτ.
565 2102 658 2172 ξα’.
694 2103 792 2158 Διὰ
819 2105 892 2178 τί,
925 2107 1341 2182 ἁμαρτήσαντος
1387 2117 1484 2168 τοῦ
1515 2112 1712 2189 Ἀδὰμ,
1747 2113 1915 2174 Ἀϐελ

266 2189 294 2243 ὁ
325 2186 533 2252 δίκαιος
566 2190 912 2265 ἐτελεύτησεν
931 2215 944 2264 ;

339 2278 529 2335 Ἀπόκ.
560 2279 781 2352 Ἐπειδὴ
815 2283 914 2338 οὐκ
955 2285 1223 2357 ἠθέλησεν
1274 2291 1302 2344 6
1348 2291 1477 2354 Θεὸς
1524 2295 1767 2369 γενέσθαι
1819 2302 1917 2352 τοῦ

265 2368 497 2422 Θανάτου
526 2370 589 2424 τὸ
620 2371 872 2443 θεμέλιον
904 2374 1152 2452 ἰσχυρόν·
1199 2377 1248 2432 εἴ
1272 2379 1374 2455 γὰρ
1416 2381 1443 2434 ὁ
1474 2368 1651 2456 Ἀδὰμ
1697 2390 1914 2461 πρῶτος

263 2455 637 2527 ἐτελεύτησεν,
672 2460 899 2538 ἰσχυρὰν
943 2463 1146 2528 ἐκεῖνος
1193 2466 1252 2522 ἂν
1299 2471 1398 2538 τὴν
1449 2470 1690 2546 κρηπῖδα
1739 2471 1914 2550 ἔσχεν,

261 2547 338 2607 ὡς
370 2546 587 2620 πρῶτον
621 2553 806 2626 νεκρὸν
839 2553 930 2607 τὸν
964 2557 1325 2627 ἡμαρτηκότα
1358 2556 1666 2632 δεξάμενος.
1694 2546 1914 2633 Ἐπειδή

259 2631 320 2688 δὲ
347 2636 440 2690 τὸν
473 2634 674 2700 ἀδίκως
723 2641 1058 2715 ἀνῃρημένον
1111 2651 1328 2719 πρῶτον
1379 2631 1612 2725 ἐδέξατο,
1645 2651 1914 2730 σφαλερὸν

260 2720 381 2798 ἔχει
413 2723 504 2778 καί
533 2727 729 2800 σαθρὸν
761 2728 926 2784 αὐτοῦ
955 2732 1016 2786 τὸ
1048 2733 1324 2806 θεμέλιον.

337 2814 532 2887 Ἑρώτ.
698 2816 766 2874 Τί
799 2816 964 2892 λέγει,
997 2819 1078 2875 ὅτι
1118 2848 1138 2874 α
1175 2829 1285 2887 Πᾶς
1331 2827 1360 2879 ὁ
1412 2828 1730 2894 ἀποκτείνας
1783 2833 1913 2889 Κάϊν

261 2902 400 2956 ἔπτὰ
431 2901 792 2976 ἐκδικούμενα
820 2909 1117 2983 παραλύσει
1153 2932 1165 2981 ;
1199 2936 1226 2965 υ

340 2991 529 3048 Ἀπόκ.
565 2999 690 3056 Τοῖς
721 2999 867 3071 παρά
907 3003 1004 3052 τοῦ
1047 2999 1170 3055 Κάιν
1214 3002 1650 3079 τετολμημένοις
1698 3015 1912 3086 πρῶτον

262 3079 570 3154 ἁμάρτημα
627 3082 824 3160 φθόνος
901 3085 988 3141 ἐπὶ
1045 3093 1114 3163 τῇ
1171 3095 1501 3165 προτιμήσει
1566 3101 1664 3151 τοῦ
1723 3079 1911 3156 Ἅϐελ·

261 3165 515 3243 δεύτερον
550 3167 738 3240 δόλος,
783 3176 899 3246 μεθ’
942 3177 1005 3230 οὗ
1055 3175 1327 3256 διηλέχθη
1370 3187 1447 3254 τῷ
1475 3182 1696 3264 ἀδελφῷ
1726 3187 1911 3245 εἰπών·

269 3281 298 3308 ει
334 3256 646 3332 Διέλθωμεν
679 3262 753 3325 εἰς
776 3263 838 3317 τὸ
869 3262 1075 3320 πεδίον·
1114 3291 1141 3318 ››
1170 3268 1352 3342 τρίτον
1404 3272 1587 3349 φόνος,
1621 3256 1908 3351 προσθήκη
1945 3265 1985 3331 Ο

258 3349 362 3399 τοῦ
393 3352 584 3401 κακοῦ·
615 3350 890 3425 τέταρτον,
924 3352 1005 3408 ὅτι
1036 3359 1132 3410 τοῦ
1181 3353 1418 3436 ἀδελφοῦ
1462 3362 1658 3434 μείζων
1710 3369 1744 3435 ἡ
1794 3367 1910 3421 ἐπί-

254 3455 433 3496 τασις·
490 3436 762 3510 πέμπτον,
795 3439 876 3496 6'1:
920 3449 1131 3518 γονεῦσι
1182 3448 1372 3512 πένθος
1428 3449 1700 3523 ἐποίησεν·
1731 3452 1908 3529 ἕκτον,

250 3522 343 3578 ὅτι
400 3525 499 3592 τὴν
563 3534 663 3601 γῆν
722 3527 941 3602 α⁹ίμασιν
1001 3531 1211 3605 ἐμίανεν
1243 3554 1254 3566 ·
1317 3522 1582 3614 ἵόδομον,
1637 3542 1720 3598 δτι
1777 3522 1905 3602 Θεὸν

245 3613 535 3688 ἐψεύσατο.
589 3619 914 3694 Ἐρωτηθεὶς
961 3623 1083 3700 γὰρ,
1116 3625 1197 3681 6'1:
1233 3653 1261 3680 ‹‹
1306 3635 1418 3684 Ποῦ
1467 3613 1606 3688 ἐστιν
1656 3631 1822 3693 Ἅϐελ
1877 3641 1904 3694 6

241 3701 489 3782 ἀδελφός
522 3727 654 3777 σου;
691 3735 718 3759 ››
747 3711 908 3766 εἶπεν·
942 3737 971 3764 ‹‹
1005 3714 1117 3771 Οὐκ
1166 3714 1306 3775 οἶδα.
1344 3742 1371 3771 ››
1404 3721 1574 3778 Ἑπτὰ
1621 3723 1711 3779 οὖν
1758 3725 1900 3782 ἐκδι-

239 3792 490 3866 κούμενα
513 3797 813 3870 παρελύετο
846 3799 898 3855 ἰν
930 3806 1008 3873 τῷ
1037 3803 1381 3881 ἀναιρεθῆναι
1406 3811 1499 3865 τὸν
1534 3813 1682 3870 Κάϊν.

317 3972 488 4028 Ἐπτά
543 3971 900 4051 ἐκδικούμενά
958 3981 1057 4036 εἰσι
1111 3988 1303 4040 ταῦτα·
1364 3994 1604 4064 πρῶτον,
1665 3991 1748 4048 6'1:
1807 3997 1898 4051 16v

244 4059 380 4115 Θεὸν
413 4063 748 4139 παρώργισεο
793 4065 1061 4144 δεύτερον,
1112 4071 1197 4126 6'1:
1245 4075 1336 4129 τὸν
1388 4077 1592 4154 πατέρα
1636 4080 1896 4155 ἐλύπησε·

236 4149 455 4222 τρίτον,
491 4153 701 4230 μητέρα
756 4154 970 4213 ἄτεκνον
1027 4159 1287 4233 ἀπέδειξε⁸
1336 4164 1612 4243 τέταρτον,
1664 4169 1895 4251 ἀδελφὸν

240 4237 526 4296 ἀπέκτεινε
561 4264 573 4276 ο
633 4245 903 4318 πέμπτον,
965 4250 1102 4323 αἷμα
1166 4250 1372 4328 ἐξέχεεν
1407 4278 1418 4291 ·
1478 4254 1655 4331 ἕκτον,
1733 4264 1894 4340 φόνον

241 4326 559 4402 εἰργάσατοο
592 4326 853 4406 ἕϐδομον,
887 4331 1022 4408 ᾅδην
1054 4326 1392 4401 ἐνεκαίνισεν.

313 4505 509 4580 Ἐρώτ.
570 4511 663 4584 ξγ’.
716 4513 783 4568 Τί
844 4511 973 4569 ἐστι·
1008 4540 1036 4567 ‹‹
1096 4517 1375 4591 Μείζωνὴ
1430 4523 1576 4580 αῗτία
1637 4550 1741 4601 μου
1796 4536 1894 4586 τοῦ

235 4595 505 4670 ἀφεθῆναί
539 4619 632 4670 μοι
669 4605 787 4675 ζῇν,
819 4604 908 4658 καί
945 4606 1020 4677 μή
1053 4606 1341 4664 ἀποθανεῖν
1370 4631 1383 4680 ;
1422 4636 1450 4664 ››

317 4773 509 4831 Ἀπόκ.
545 4801 570 4828 (ι
608 4777 822 4848 Μείζων
856 4780 1063 4857 ἐγένετο
1095 4786 1129 4855 ἡ
1153 4785 1414 4859 καταδίκη
1452 4812 1576 4863 μου·
1614 4818 1643 4846 ››
1675 4797 1764 4851 καὶ
1797 4799 1899 4874 γὰρ

234 4867 492 4926 τοιοῦτος
548 4866 765 4942 γέγονεν
799 4870 826 4923 6
876 4872 1003 4926 Κάϊν
1057 4872 1114 4928 ἐκ
1161 4882 1261 4945 τῆς
1313 4879 1548 4951 κατάρας
1595 4887 1691 4937 τοῦ
1741 4892 1896 4957 Θεοῦ,

235 4949 326 5004 6'1:
373 4953 400 5006 6
442 4949 653 5028 τρόμος
697 4958 786 5012 καὶ
833 4961 860 5015 6
911 4958 1106 5025 κλόνος
1160 4969 1266 5020 τῶν
1339 4966 1521 5040 μελῶν
1587 4971 1774 5046 αὐτοῦ,
1827 4977 1894 5031 οὗ

235 5041 412 5114 εἶχεν,
445 5039 570 5099 οὐδὲ
605 5047 801 5121 βρῶμα
837 5048 1020 5122 βαλεῖν
1053 5051 1107 5106 ἐν
1153 5055 1232 5128 τῷ
1280 5056 1506 5130 στόματι
1556 5059 1720 5117 αὐτοῦ
1763 5061 1893 5134 ἠδύ-

232 5149 386 5186 νατο.

310 5219 507 5293 Ἐρώτ.
568 5219 660 5292 ξδ’.
721 5225 780 5279 Τί
845 5223 992 5302 λέγει
1052 5231 1268 5308 Λάμεχ,
1325 5232 1408 5288 6'1:
1443 5260 1471 5288 ι(
1530 5237 1736 5316 Ἄνδρα
1789 5243 1888 5300 ἀπ-

1401 369 2192 444 INTERPRE'I‘A'I‘IONES
2239 386 2336 447 EX
2391 388 2458 448 V.
2499 393 2568 451 Τ.

3579 416 3698 478 738

1833 529 1924 564 περ
1958 521 2007 585 Α
2043 515 2178 572 dum
2209 519 2544 593 participes,
2578 541 2694 581 non
2743 530 3003 599 pudebat
3048 534 3174 593 sine
3208 543 3414 599 vestitu
3461 548 3690 618 degere.

2043 608 2177 660 Post
2207 607 2528 666 admissam
2587 631 2719 670 vero
2777 622 3000 689 peccati
3059 630 3476 698 experientiam
3535 638 3691 696 foliis

2040 698 2304 752 membra
2336 716 2444 755 sua
2474 707 2883 776 contegebant.

2110 785 2220 877 (9i)
2249 787 2464 852 Ουίεετ.
2518 792 2652 848 LIX.
2689 795 2836 860 Quid
2861 806 2951 855 est
2983 818 2995 855 :
3034 824 3061 853 «
3093 805 3236 862 Ecce
3289 811 3464 869 Adam
3497 816 3690 877 factus

2037 878 2128 928 est
2158 875 2310 930 sicut
2342 894 2494 934 unus
2528 898 2596 935 ex
2627 885 2794 940 nubis
2825 888 2869 922 7°
2891 888 2917 942 ?
2953 913 2973 938 η

2112 963 2280 1018 RESP.
2298 970 2405 1022 Per
2435 969 2894 1042 increpationem
2927 979 3083 1038 Deus
3111 1001 3322 1044 vanam
3354 996 3688 1063 opinionem

2034 1051 2242 1107 Adami
2274 1057 2730 1133 reprehendens,
2764 1065 2904 1121 dicit
2935 1086 2947 1123 :
2983 1070 3134 1127 Num
3168 1051 3503 1138 laetum.est
3532 1051 3689 1156 quod

2033 1144 2097 1195 tu
2130 1142 2250 1198 fore
2299 1147 2599 1214 putabas?
2628 1151 2924 1225 Numquid
2977 1161 3133 1216 enim
3165 1164 3319 1222 Deus
3362 1186 3424 1225 es
3473 1142 3688 1245 factus,

2033 1228 2185 1284 sicut
2233 1232 2528 1304 malignus
2563 1237 2659 1293 ille
2692 1241 2838 1296 dixit
2889 1246 3012 1314 tibi,
3046 1258 3105 1305 et
3134 1258 3189 1308 te
3237 1255 3512 1330 decepit?

2031 1318 2313 1375 excelsior
2343 1323 2465 1378 ﬁeri
2499 1342 2631 1381 cum
2657 1335 2978 1401 cuperet,in
3006 1339 3291 1400 minorem
3316 1347 3532 1406 decidit
3554 1370 3688 1410 con-

2030 1407 2335 1464 ditionem.

2101 1497 2326 1560 Qums'r.
2363 1501 2473 1558 LX.
2509 1504 2653 1568 Quid
2690 1514 2780 1564 est
2820 1510 2962 1568 illud
3001 1532 3012 1569 :
3049 1549 3075 1567 ιι
3111 1520 3420 1584 Conversio
3449 1530 3578 1600 ejus
3610 1536 3683 1590 ad

2027 1588 2083 1638 te
2115 1587 2241 1653 erit,
2276 1593 2332 1643 et
2363 1595 2423 1644 tu
2458 1593 2856 1655 dominaberis
2889 1603 2938 1657 ci
2973 1605 3060 1661 3°?
3091 1630 3117 1657 ››

2100 1674 2270 1731 Resp.
2309 1677 2512 1736 Oblato
2545 1684 2717 1754 dono,
2753 1688 2896 1744 dixit
2940 1692 3091 1750 Deus
3141 1701 3211 1754 ad
3242 1703 3380 1759 Cain
3416 1725 3428 1762 :
3464 1709 3683 1771 Munus

2026 1762 2170 1818 illud
2204 1771 2393 1837 tuum,
2445 1774 2601 1841 quod
2643 1777 2928 1848 obtulisti,
2959 1785 3030 1837 ad
3083 1794 3137 1841 te
3187 1762 3680 1865 respiciatrewtﬂtu

2027 1852 2421 1912 dominaberis
2469 1860 2540 1927 ei,
2590 1864 2744 1935 agito
2798 1885 2927 1924 cum
2981 1890 3046 1929 co
3096 1880 3250 1947 quod
3282 1852 3456 1941 .voles
3491 1907 3504 1945 :
3538 1909 3676 1950 nam

2028 1940 2174 1998 illud
2209 1961 2315 2016 ego
2349 1964 2463 2003 non
2497 1952 2731 2010 admisi.

2100 2122 2210 2234 (9‘2)
2243 2123 2470 2234 Qua-351‘.
2505 2129 2650 2186 LXI.
2703 2137 2889 2201 Quare
2933 2158 3067 2200 cum
3119 2160 3418 2218 peccasset
3464 2161 3676 2234 Adam,

2025 2210 2188 2278 Abel,
2222 2214 2547 2286 quijustus
2584 2229 2728 2294 erat,
2763 2233 3030 2288 mortuus
3060 2210 3193 2294 est?

2098 2303 2268 2360 Resr.
2289 2307 2434 2372 Quia
2457 2310 2647 2367 noluit
2669 2317 2820 2373 Deus
2846 2327 3053 2381 mortis
3074 2327 3523 2395 fundamentum
3547 2359 3677 2402 esse

2025 2393 2264 2449 ﬁrmum
2293 2411 2304 2450 :
2331 2415 2466 2453 nam
2501 2401 2550 2455 si
2575 2404 2760 2460 Adam
2795 2411 3019 2479 primus
3044 2416 3247 2476 fuisset
3277 2433 3675 2499 mortuus,ﬁr-

2027 2497 2184 2536 mam
2219 2483 2320 2539 illa
2350 2494 2502 2542 certe
2535 2491 2700 2547 basin
2733 2496 3051 2570 habuisset,
3085 2511 3360 2580 tanquam
3394 2483 3674 2592 quas‘pr-i-

2027 2586 2191 2627 mum
2216 2581 2673 2645 mortuum,eum
2701 2587 2801 2655 qui
2828 2581 3679 2676 peccasset,abripuisset.Quia

2025 2675 2158 2716 vero
2189 2679 2324 2718 eum
2353 2665 2451 2735 qui
2483 2667 2702 2739 injuste
2732 2673 2843 2730 fuit
2873 2665 3548 2762 interemptum-primum
3585 2719 3677 2757 re-

2025 2750 2210 2818 cepit;
2243 2749 2537 2811 lubricum
2571 2757 2747 2816 habet
2775 2771 2831 2819 et
2860 2768 3049 2827 debile
3079 2749 3550 2844 ftindamentu—m:

2097 2838 2518 2951 Qqur.nL)'(ll.
2555 2849 2701 2912 Quid
2735 2859 2823 2907 est
2860 2860 3014 2926 quod
3047 2863 3190 2918 dicit
3223 2884 3234 2921 :
3278 2894 3298 2918 ι
3336 2838 3673 2951 qui

2025 2927 2301 2983 occiderit
2332 2932 2465 2986 Cain
2501 2943 2723 3007 septem
2759 2941 3008 3002 ultiones
3041 2954 3295 3012 exsolvet
3321 2960 3361 2996 ⁸¹

2098 3016 2270 3073 RESP.
2307 3021 2368 3075 ln
2423 3023 2494 3078 iis
2545 3043 2672 3097 quae
2723 3039 3148 3104 perpetraverat
3195 3045 3357 3117 Cain,
3411 3055 3669 3124 primum

2027 3113 2325 3178 peccatum
2360 3114 2470 3170 fuit
2493 3115 2973 3196 invidia,propter
2989 3113 3426 3205 praerogativam
3451 3113 3670 3206 Abelis:

2025 3199 2374 3266 secundum,
2407 3204 2577 3260 dolus
2631 3225 2746 3280 quo
2805 3199 3042 3272 fratrem
3101 3199 3391 3286 allocutus
3437 3199 3674 3302 estfdi;

2021 3287 2204 3343 cendo
2230 3304 2284 3344 ζα
2312 3290 2523 3348 Eamus
2554 3296 2610 3350 in
2644 3315 2846 3370 agrum
2879 3304 2959 3373 3’;
2990 3332 3015 3355 ››
3038 3287 3672 3397 tertium,c:edes,prio-

2023 3375 2104 3430 ris
2137 3378 2274 3432 mali
2297 3381 2764 3443 additamentum
2793 3409 2804 3457 ;
2830 3401 3354 3473 quartum,peccati
3385 3375 3668 3485 augmen-

2021 3469 2148 3520 tum
2173 3467 2308 3538 quia
2327 3471 2539 3526 occidit
2558 3475 2816 3547 fratrem;
2843 3467 3299 3563 quintum-quod
3325 3467 3671 3568 parentibus

2017 3551 2242 3611 luctum
2293 3563 2615 3630 pepererit;
2653 3576 2906 3636 sextum,
2937 3578 3088 3644 quod
3137 3551 3352 3641 terram
3385 3594 3674 3664 sanguine

2017 3641 2284 3664 ..-'ll-,,..!l
2355 3663 2362 3664 κ
2460 3651 2493 3664 ⁸⁸
2838 3661 2849 3664 “

2076 4514 2302 4642 QUEM.
2328 4514 2528 4596 LXIII.
2579 4546 2729 4610 Quid
3240 4581 3253 4618 :
3294 4587 3314 4616 ι
3352 4567 3538 4642 Major
3572 4579 3664 4631 est

1927 4632 1974 4695 D
2007 4624 2181 4696 culpa
2209 4644 2338 4684 mea
2380 4646 2554 4701 quam
2590 4639 2654 4689 ut
2700 4643 3053 4700 concedatur
3087 4650 3231 4707 mihi
3281 4655 3422 4730 vita,
3449 4624 3660 4720 ἔιηξιᾷ

2008 4715 2226 4771 moriar
2256 4717 2320 4772 3‘.
2356 4742 2380 4771 ι

2083 4803 2255 4860 Βεερ.
2288 4830 2315 4857 ‹‹
2351 4808 2554 4881 Major,
2588 4811 2798 4886 inquit,
2853 4828 2942 4876 est
2971 4829 3383 4892 condemnatio
3417 4855 3547 4896 mea
3581 4859 3594 4897 :
3630 4865 3660 4894 ››

2008 4893 2224 4949 etenim
2258 4896 2395 4952 talis
2445 4917 2546 4971 per
2578 4903 3045 4968 maledictionem
3099 4917 3197 4975 Dei
3232 4923 3422 4981 factus
3460 4893 3663 4988 fuerat

2004 4983 2162 5050 Cain,
2200 4990 2262 5038 ut
2311 4993 2497 5043 terror
2526 4991 2680 5049 268
2729 5002 2787 5050 et
2835 5002 3232 5064 membrorum
3286 5016 3506 5070 tremor
3541 5035 3656 5074 non

2001 5069 2360 5142 admitteret,
2397 5081 2460 5131 ut
2482 5079 2565 5133 vel
2589 5082 2782 5139 cibum
2810 5086 2919 5143 sibi
2955 5090 3013 5145 in
3045 5110 3108 5148 os
3142 5097 3402 5169 ingerere
3433 5069 3652 5174 posset“.

2068 5248 2178 5322 (93)
2210 5250 2435 5314 Quas'r.
2483 5257 2658 5316 LXIV.
2693 5265 2842 5329 Quid
2871 5273 2960 5323 est
2991 5275 3146 5342 quod
3181 5273 3321 5330 dicit
3356 5278 3599 5339 Lamech
3634 5299 3650 5342 :

302 5422 351 5457 τ’
381 5423 592 5483 Genes.
625 5431 710 5500 ul,
736 5430 827 5486 22.
903 5431 950 5467 ⁸ο
979 5432 1191 5495 Genes.
1221 5455 1300 5509 1v,
1330 5441 1386 5497 7.
1466 5441 1508 5478 ⁸1
1543 5443 1682 5503 ibid.
1719 5449 1804 5507 15.
1881 5451 1910 5488 ⁸⁵

2049 5455 2099 5511 d.
2133 5457 2188 5514 8.
2264 5459 2310 5495 ⁸³
2338 5460 2482 5520 ibid.
2512 5462 2564 5515 9.
2642 5467 2688 5502 ⁸⁴
2717 5467 2860 5526 ibid.
2896 5473 2980 5528 13.

302 5626 418 5704 (9i)
451 5629 835 5704 VideﬁQuast.
870 5637 939 5692 40
963 5637 1252 5697 Theodor.
1284 5643 1347 5698 in
1377 5642 1567 5704 Genet.

305 5698 417 5773 (92;
448 5704 552 5759 Est
579 5698 795 5771 Quast.
851 5707 921 5763 46
963 5709 1183 5768 Theod.
1236 5713 1295 5770 in
1325 5698 1894 5785 umifimmutatis

2004 5661 2310 5731 paululum
2343 5667 2555 5724 verbis.

2075 5733 2187 5808 (93)
2213 5734 2361 5796 Vide
2389 5739 2600 5804 Quaest.
2634 5743 2702 5802 44
2734 5743 3078 5810 Theodoreti
3109 5749 3169 5807 in
3201 5753 3404 5816 Cenes.
