4148 6360
456 413 574 473 739

1629 415 1692 472 Β.
1741 409 2260 472 A'I‘HANASIUS.
2287 443 2358 453 —
2392 407 2699 472 SPURIA.

3766 417 3892 476 ’740

460 571 488 599 ‹‹
521 545 714 602 Occidi
746 545 935 600 virum
991 546 1047 600 in
1080 544 1295 601 vulnus
1349 559 1566 613 meum,
1600 548 1659 600 et
1706 542 2099 599 adolescentu-

2231 539 2437 596 ἑκτεινι
2495 542 2571 604 εἰς
2630 546 2845 617 τραῦμα
2893 541 3038 616 ἐμοὶ,
3071 542 3162 598 καὶ
3201 542 3470 599 νεανίσκον
3519 544 3593 608 εἷς
3630 544 3892 618 μώλωπα

462 635 585 690 lum
620 634 676 689 in
711 634 952 690 livorem
986 651 1183 690 mcum
1213 633 1300 689 3‘?
1336 657 1361 683 »

531 724 833 780 RasmNon
854 723 996 779 dicit
1016 723 1113 778 hic
1139 722 1437 786 duo,sicut
1459 721 1801 778 existimant
1822 720 2061 787 quidam
2098 737 2111 776 :

458 830 644 885 neque
690 813 828 868 Cain
877 811 1172 884 intelligit,
1223 819 1284 866 ut
1333 813 1568 884 quidam
1623 811 1980 874 fabulantur,
2015 809 2114 864 sed

456 905 599 960 dicit
630 903 943 976 quemdam
978 907 1035 957 et
1063 902 1221 956 hunc
1253 901 1706 956 adolescentem.
1736 899 1882 955 Nam
1916 898 2058 954 illud
2098 914 2112 954 :

454 1016 483 1045 ‹‹
515 993 723 1048 Virum
755 991 812 1046 in
847 991 1059 1046 vulnus
1093 1007 1314 1055 meum,
1338 996 1394 1045 et
1413 988 1846 1045 adolescentem
1877 989 1935 1043 in
1968 987 2111 1043 livo-

451 1099 574 1140 rem
610 1097 807 1138 meum
843 1099 856 1139 :
893 1102 920 1130 ·›
951 1079 1060 1136 hoc
1089 1084 1195 1147 est,
1233 1078 1424 1134 virum
1467 1078 1726 1149 junioris
1760 1078 1968 1134 aetatis.
2004 1081 2112 1132 De-

456 1170 695 1226 clinavit
724 1186 860 1225 vero
891 1171 1386 1240 pmnam,propter
1411 1168 1839 1222 confessionem
1869 1166 2114 1238 peccati,

450 1268 508 1318 et
538 1261 666 1334 ipsa
694 1277 802 1315 sua
834 1258 1126 1314 sententia
1155 1257 1511 1313 sententiam
1545 1256 1645 1312 Dei
1679 1256 1968 1312 cohibuit.

525 1439 893 1510 (911)001531'.
953 1437 1122 1492 LXV.
1171 1437 1464 1500 Quosnam
1529 1434 1680 1490 filios
1744 1434 1837 1490 Dei
1897 1435 2119 1490 vocavit

459 1529 673 1598 Moses,
723 1528 924 1582 dicens
959 1543 971 1581 :
1005 1546 1033 1575 «
1067 1526 1337 1582 Videntes
1386 1541 1519 1579 vero
1554 1523 1658 1578 ﬁlii
1692 1523 1789 1580 Dei
1826 1523 1975 1578 filias
2006 1523 2116 1580 ho-

457 1617 708 1686 minum,
741 1619 1092 1688 acceperunt
1121 1630 1220 1670 eas
1252 1613 1363 1669 sibi
1397 1628 1608 1669 uxores
1627 1612 1724 1667 ⁸⁸⁸2
1762 1636 1782 1661 ι

529 1728 698 1780 Resp.
733 1725 813 1778 Ex
834 1723 1016 1778 Adam
1045 1721 1284 1794 quidem
1310 1723 1484 1776 natus
1507 1725 1596 1776 est
1616 1719 1885 1792 Seth,qui
1909 1720 2118 1776 tertius

455 1820 578 1870 erat
612 1819 740 1885 post
773 1812 928 1867 Abel.
962 1811 1042 1866 Ex
1074 1810 1212 1866 Seth
1245 1814 1441 1865 autem
1489 1813 1661 1864 natus
1695 1818 1781 1864 est
1812 1809 1984 1875 Enos,
2017 1823 2120 1880 qui

2227 629 2396 703 ἐμοί;
2433 655 2460 682 »
3465 693 3482 706 .

2298 719 2490 775 Ἀπόκ.
2547 720 2624 777 Οὐ
2687 717 2781 775 δύο
2843 720 3014 796 λέγει,
3057 722 3238 784 καθώς
3294 743 3438 784 τινες
3499 721 3887 801 ὑπειλήφασιν,

2227 805 2351 864 οὐδὲ
2381 810 2470 864 τὸν
2508 808 2657 882 Κάιν,
2693 810 2766 872 ὡς
2796 807 2973 884 ἕτεροι
3030 809 3577 887 μεμυθολογηκασιν,
3610 811 3738 869 ἀλλ’
3767 810 3885 888 ἕνα,

2211 899 2311 952 ,καὶ
2372 903 2561 954 τοῦτον
2621 901 2763 954 νέον·
2801 925 2828 951 ‹‹
2863 898 3028 976 ἄνδρα
3058 922 3082 953 ιι
3121 900 3220 974 γὰρ
3277 927 3295 952 ι
3338 901 3414 963 εἷς
3464 906 3678 974 τραῦμα
3737 901 3894 976 ἐμοὶ,

2225 987 2313 1042 καὶ
2360 986 2635 1043 νεανίσκον
2701 989 2775 1051 εἷς
2839 988 3091 1060 μώλωπα
3140 989 3285 1064 ἐμοί’
3323 1016 3349 1041 ››
3379 992 3678 1062 τουτέστιν,
3713 988 3886 1069 ἄνδρα

2224 1077 2336 1132 νέον
2413 1074 2612 1153 ἔχοντα
2679 1079 2778 1148 την
2853 1077 3095 1148 ἡλικίαν.
3155 1078 3378 1158 Διέφυγε
3431 1078 3488 1135 δέ
3543 1081 3641 1150 τὴν
3702 1103 3885 1155 τιμω-

2227 1167 2340 1230 ρίαν
2400 1165 2488 1220 διὰ
2544 1167 2642 1236 τήν
2715 1165 3019 1243 ὁμολογίαν
3096 1175 3198 1238 τῆς
3277 1170 3564 1242 ἁμαρτίας,
3620 1171 3710 1225 καί
3769 1179 3893 1235 καθ’

2226 1256 2417 1311 ἑαυτοῦ
2473 1257 2573 1325 τήν
2629 1260 2808 1336 ψῆφον
2869 1257 3187 1334 ἐπενεγκὼν,
3247 1259 3348 1327 την
3423 1259 3564 1314 θείαν
3642 1259 3890 1317 ἐκώλυσε

2226 1348 2430 1423 ψῆφον.

2300 1436 2493 1513 Ἐρωτ.
2527 1436 2611 1508 ξε’.
2645 1433 2803 1498 Τίνας
2863 1435 3016 1498 υἱοὺς
3074 1440 3208 1492 Θεοῦ
3264 1433 3527 1508 κέκληκεν
3579 1439 3608 1494 6
3656 1445 3888 1513 Μωσῆς,

2227 1522 2416 1577 εἰπών·
2457 1548 2476 1573 ι
2531 1518 2756 1586 ’ἰδόντες
2815 1522 2869 1579 δὲ
2927 1526 3034 1580 υἱοί
3090 1530 3188 1581 τοῦ
3246 1531 3380 1581 Θεοῦ
3435 1527 3529 1589 τὰς
3579 1529 3877 1606 θυγατέρας

2225 1612 2334 1666 τῶν
2367 1611 2690 1688 ἀνθρώπων,
2725 1609 2921 1668 ἔλαϐον
2956 1615 3166 1678 ἑαυτοῖς
3201 1621 3496 1691 γυναῖκας;
3538 1642 3557 1668 ι

2303 1719 2493 1776 Ἀπόκ.
2529 1721 2621 1774 Ἐκ
2655 1721 2748 1794 μὶν
2781 1725 2880 1775 τοῦ
2915 1718 3094 1794 Ἀδὰμ
3142 1721 3401 1797 ἐγεννήθη
3453 1723 3481 1778 6
3531 1725 3668 1794 Σήθ·
3699 1724 3885 1801 τρίτος

2229 1807 2332 1883 γὰρ
2362 1808 2430 1878 ἦν
2462 1809 2568 1863 ἀπὸ
2593 1814 2688 1864 τοῦ
2719 1804 2914 1865 ’Ἀϐελ-
2952 1809 3012 1864 έκ
3043 1808 3100 1864 δὲ
3127 1815 3224 1865 τοῦ
3275 1812 3387 1881 Σὴθ
3419 1813 3446 1865 ὁ
3481 1812 3671 1876 Ἐνώς.
3704 1814 3882 1877 Οὗτος

453 1903 514 1958 in
552 1903 862 1958 Dominum
897 1901 1082 1957 Deum
1115 1916 1280 1972 spem
1314 1899 1521 1954 habuit
1548 1902 1606 1954 et
1637 1897 1925 1953 invocavit
1956 1915 2090 1954 eum

2228 1895 2461 1966 ἤλπισεν
2519 1897 2889 1954 ἐπικαλεῖσθαι
2954 1900 3045 1954 τὸν
3105 1899 3303 1977 Κύριον
3363 1900 3453 1956 καὶ
3520 1897 3673 1958 Θεόν.
3723 1904 3888 1967 ’Όθιν

457 1992 621 2048 Unde
653 1990 755 2063 qui
807 2007 876 2046 ex
903 1989 1013 2045 hoc
1065 1989 1186 2043 nati
1218 1993 1359 2043 sunt
1405 1987 1594 2056 liberi,
1623 1986 1724 2040 ﬁlii
1778 1987 1875 2041 Dei
1925 1988 2113 2042 vocati

457 2087 616 2147 sunt,
652 2079 1156 2152 quemadmodum
1193 2077 1369 2132 etiam
1405 2093 1509 2131 nos
1540 2094 1608 2132 ex
1637 2075 1850 2131 Christi
1883 2077 2113 2132 Domini

454 2169 639 2227 nostri
673 2167 932 2236 nomine,
964 2166 1280 2224 Christiani
1318 2165 1713 2221 nominamur.
1730 2164 2112 2237 Segregatum

450 2266 540 2317 est
569 2261 724 2316 enim
755 2275 943 2332 genus
972 2257 1128 2324 Seth,
1167 2275 1275 2313 nec
1313 2261 1416 2319 est
1453 2274 1586 2312 cum
1619 2257 1690 2313 iis
1732 2258 2111 2314 commistum

453 2350 553 2423 qui
584 2357 749 2406 erant
771 2366 839 2405 ex
859 2347 1181 2419 Cain,quod
1206 2346 1302 2402 ille
1324 2364 1358 2400 a
1379 2347 1494 2402 Deo
1524 2347 1930 2402 universorum
1955 2350 2112 2403 esset

452 2439 824 2495 maledictus.
876 2438 1080 2492 Postea
1111 2453 1243 2492 vero
1292 2436 1554 2492 videntes
1588 2435 1739 2491 tilias
1792 2453 1860 2490 ex
1891 2452 2107 2507 cogna-

451 2529 610 2584 tione
639 2527 780 2583 Cain
809 2526 1084 2598 pulchras
1115 2542 1262 2592 esse,
1297 2531 1472 2597 atque
1518 2523 1824 2580 blanditiis
1854 2525 2102 2597 decepti,

452 2617 744 2672 duxerunt
775 2632 875 2672 eas
924 2632 1150 2683 uxores,
1182 2619 1241 2670 et
1270 2630 1446 2670 suum
1477 2615 1556 2669 ita
1603 2631 1791 2686 genus
1822 2631 2104 2686 corrupeo

455 2710 615 2762 runt.

524 2798 752 2862 Quass'r.
786 2791 970 2848 LXVI.
1026 2791 1174 2856 Quid
1223 2796 1311 2846 est
1359 2792 1514 2862 quod
1549 2791 1689 2847 dicit
1722 2809 1735 2847 :
1773 2813 1800 2842 «
1831 2794 1975 2846 Cum
2008 2807 2102 2847 re-

451 2883 740 2956 spexisset
785 2882 1098 2948 Abraham,
1131 2880 1275 2935 vidit
1307 2897 1321 2934 :
1354 2885 1409 2936 et
1439 2897 1570 2936 ecce
1601 2881 1752 2937 aries
1784 2897 1938 2936 unus
1968 2897 2100 2936 cor-

450 2974 624 3030 nibus
673 2971 1002 3044 implicitus
1053 2970 1312 3025 haerebat
1342 2971 1413 3024 ad
1448 2969 1706 3041 plantam
1747 2970 1929 3026 Sabec
1954 2970 2039 3024 '7?
2069 2995 2091 3022 ι

521 3080 691 3136 Rssr.
729 3078 930 3135 Planta
974 3079 1154 3132 Sabec
1203 3083 1291 3132 est
1337 3079 1667 3133 veneranda
1715 3095 1855 3132 crux
1891 3095 1902 3133 :
1938 3076 2100 3149 juxta

451 3171 721 3226 Hebraeos
753 3184 885 3224 vero
917 3168 1147 3222 videtur
1174 3167 1355 3222 Sabec
1388 3167 1656 3221 remissio
1687 3183 1815 3222 esse
1862 3173 1919 3222 et
1963 3183 2098 3222 con-

448 3259 704 3314 donatio.
735 3257 898 3312 Aries
929 3272 1061 3312 vero
1105 3258 1204 3326 qui
1238 3257 1294 3309 in
1326 3256 1506 3356 sabec
1537 3255 1892 3356 haerebat‘ad
1931 3259 2094 3326 plan-
2131 3287 2172 3356 ρ

447 3355 591 3416 tam,
617 3348 718 3419 qui
750 3347 926 3402 etiam
962 3363 1062 3414 pro
1098 3349 1257 3399 Isaac
1289 3343 1693 3399 holocaustum
1727 3343 1956 3399 oblatus
1987 3351 2096 3414 est,

447 3436 858 3508 prwﬁgurabat
881 3433 1582 3502 Christum,immolutum
1603 3449 1703 3502 pro
1735 3433 1906 3488 nobis
1924 3434 2098 3488 sacri-

447 3524 644 3580 ﬁcium
675 3523 1150 3590 immaculatum,
1182 3527 1240 3577 et
1290 3522 1390 3592 qui
1443 3537 1545 3592 pro
1596 3521 1766 3576 nobis
1818 3521 1873 3576 in
1927 3539 2099 3578 cruce

450 3617 691 3668 mortem
726 3613 926 3668 subiit.
959 3633 987 3662 «
1017 3611 1161 3666 Nam
1194 3611 1322 3681 ejus
1347 3609 1530 3664 vibice
1556 3627 1663 3665 nos
1679 3626 1885 3666 omnes
1908 3611 2099 3666 sanati

447 3718 679 3770 sumus,
709 3724 736 3750 ››
768 3701 960 3773 inquit
990 3699 1192 3769 Isaias,
1221 3722 1248 3748 «
1283 3703 1340 3754 et
1372 3715 1474 3770 pro
1508 3699 1678 3754 nobis
1709 3699 2098 3764 cruciatur,et

442 3795 682 3864 propter
702 3795 938 3862 peccata
959 3793 1161 3843 nostra
1181 3787 1518 3843 vulneratus
1540 3787 1896 3843 est“.»Sicut
1918 3787 2096 3859 igitur

441 3880 592 3936 aries
623 3880 718 3935 ille
747 3895 850 3951 pro
888 3881 1046 3932 Isaac
1069 3877 1301 3932 oblatus
1334 3882 1443 3945 est,
1470 3879 1552 3932 ita
1582 3876 1847 3933 Christus
1881 3878 2092 3932 immo-

441 3969 596 4025 latus
627 3973 717 4024 est
750 3986 852 4040 pro
884 3967 1055 4022 nobis
1086 3966 1384 4022 omnibus.

511 4146 626 4217 (95)
657 4145 878 4208 Ουιεετ.
914 4143 1124 4198 LXVII.
1157 4143 1302 4208 Quid
1332 4147 1422 4199 est
1452 4145 1608 4213 quod
1654 4144 1845 4215 inquit
1876 4147 2037 4202 Isaac
2071 4165 2085 4203 :

444 4258 466 4285 ι
503 4239 643 4291 Ecce
674 4236 818 4290 odor
840 4234 942 4288 lilii
974 4233 1086 4288 mei
1117 4234 1270 4288 sicut
1299 4234 1442 4288 odor
1471 4234 1594 4305 agri
1627 4232 1955 4303 plenus,cui
1987 4237 2084 4291 be-

442 4324 673 4380 dedieat
701 4323 1089 4380 Dominuszet
1117 4323 1214 4378 det
1245 4323 1349 4376 tibi
1387 4324 1666 4378 Dominus
1697 4324 1766 4378 de
1797 4341 1926 4379 rore
1957 4325 2087 4379 coeli

440 4417 498 4468 et
525 4412 596 4468 de
625 4411 979 4484 pinguedine
1009 4414 1172 4467 terra
1197 4415 1254 4465 et
1283 4410 1706 4465 abundantiam
1731 4410 2009 4467 frumenti
2029 4416 2088 4468 et

441 4501 572 4572 olei,
604 4507 662 4556 et
689 4500 946 4556 serviant
972 4499 1076 4553 tibi
1112 4499 1331 4570 populi,
1368 4520 1396 4547 »
1427 4504 1536 4554 etc.
1570 4499 1615 4533 ⁸9
1635 4499 1663 4554 ?

513 4609 685 4662 RESP.
718 4609 868 4678 Ager
897 4611 987 4660 est
1016 4606 1275 4661 mundus
1308 4621 1320 4660 :
1357 4622 1453 4660 ros
1484 4620 1616 4660 vero
1648 4604 1775 4659 cmli
1809 4605 2086 4664 divinitas

438 4701 530 4752 est
560 4714 572 4750 :
609 4696 897 4768 pinguedo
925 4700 1120 4750 autem
1168 4702 1335 4750 terrae
1364 4699 1454 4749 est
1485 4694 1843 4748 humanitas.
1877 4695 2087 4758 Quem-

435 4785 755 4840 admodum
804 4783 984 4855 igitur
1013 4801 1105 4838 ros
1140 4783 1376 4854 quidem
1427 4782 1802 4838 invisibiliter
1842 4783 2082 4838 descen-

431 4875 520 4930 dit
550 4880 607 4930 et
655 4874 712 4929 in
761 4878 916 4928 terra
961 4873 1291 4928 consistens
1339 4877 1600 4944 apparet,
1652 4872 1854 4926 eodem
1910 4873 2084 4929 modo

430 4969 585 5019 Deus
631 4963 911 5031 Verbum,
944 4963 1044 5033 qui
1093 4960 1403 5016 invisibilis
1442 4966 1551 5028 est,
1586 4975 1688 5031 per
1737 4977 1972 5016 carnem
2021 4963 2082 5017 in

423 5057 581 5109 terra
611 5057 962 5124 conspectus
993 5055 1103 5116 est,
1137 5057 1194 5105 et
1224 5066 1356 5105 eum
1399 5049 1740 5104 hominibus
1772 5067 2082 5106 conversa-

424 5147 542 5198 tus.
579 5143 962 5197 Frumentum
1013 5156 1146 5194 vero
1194 5143 1253 5193 et
1303 5138 1526 5207 vinum,
1576 5145 2080 5195 sacramentorum

424 5231 757 5286 divinorum
790 5234 933 5285 sunt
982 5227 1316 5300 aenigmata.
1351 5227 1417 5282 Et
1466 5242 1675 5283 omnes
1724 5228 1925 5300 populi
1958 5245 2079 5285 ser-

424 5319 590 5376 viunt
615 5319 866 5376 Christo.

2225 1988 2275 2040 oi
2308 1986 2365 2041 ἐκ
2392 1986 2589 2042 τούτου
2617 1987 2954 2064 γεννηθέντες
2985 1986 3172 2051 παῖδες
3226 1989 3335 2044 υἱοὶ
3380 1994 3514 2045 Θεοῦ
3568 1990 3877 2066 ἐχρημάτι-

2226 2097 2338 2147 σαν,
2375 2075 2554 2152 ὥσπερ
2584 2077 2672 2132 καὶ
2705 2080 2868 2150 ἡμεῖς
2917 2076 2978 2132 ἐκ
3030 2081 3129 2147 τῆς
3179 2083 3274 2133 τοῦ
3317 2076 3584 2134 δεσπότου
3641 2083 3876 2156 Χριστοῦ

2221 2166 2595 2242 προσηγορίας
2636 2167 2946 2242 Χριστιανοὶ
2995 2166 3332 2240 καλούμεθκο
3395 2169 3498 2225 Καὶ
3549 2169 3650 2245 γὰρ
3696 2170 3879 2245 “ax-"5'

2222 2275 2376 2323 ριστο
2406 2260 2500 2309 τοῦ
2534 2257 2649 2324 Σήθ
2678 2256 2739 2309 τὸ
2769 2255 2941 2331 γένος,
2969 2256 3058 2310 καὶ
3091 2254 3191 2310 οὐκ
3220 2254 3478 2330 ἐμίγνυτο
3510 2262 3627 2318 τοῖς
3676 2256 3735 2312 ἐκ
3780 2262 3877 2312 τοῦ

2221 2343 2346 2398 Κάϊν
2381 2341 2468 2398 διὰ
2498 2346 2594 2414 τὴν
2629 2344 3004 2420 ἐπενεχθεῖσαν
3063 2345 3213 2417 αὐτῷ
3261 2346 3408 2419 παρὰ
3454 2350 3553 2401 τυῦ
3601 2351 3736 2402 Θεοῦ
3763 2352 3874 2403 τῶν

2218 2432 2364 2488 ὅλων
2393 2433 2545 2510 ἀράν.
2571 2438 2820 2510 Ὕστερον
2853 2435 2943 2489 καὶ
2987 2433 3212 2498 εὐειδεῖς
3260 2435 3578 2508 θεασάμενοι
3626 2437 3723 2498 τὰς
3781 2438 3874 2492 θυ-

2213 2523 2440 2599 γατέρας
2470 2530 2568 2592 τῆς
2615 2528 2712 2578 τοῦ
2763 2523 2895 2580 Κάϊν
2959 2523 3293 2600 συγγενείας,
3326 2524 3416 2579 καὶ
3474 2525 3870 2600 καταθελχθέν-

2211 2633 2321 2681 τες,
2356 2608 2554 2667 ἔλαϐον
2586 2611 2746 2675 αὑτὰς
2797 2615 3007 2675 ἒαυτοῖς
3059 2613 3134 2676 εἰς
3181 2619 3463 2689 γυναῖκας,
3494 2615 3582 2670 καὶ
3636 2613 3869 2693 διέφθει-

2213 2720 2306 2772 ραν
2342 2703 2438 2770 τήν
2472 2701 2672 2756 οἰκείαν
2705 2702 3015 2777 συγγένειαν

2284 2790 2476 2862 Ἐρώτ.
2538 2790 2632 2860 ξς’.
2682 2791 2740 2844 Τί
2794 2792 2822 2846 ’ὀ
2877 2790 3043 2866 λέγει’
3107 2817 3135 2844 ‹‹
3197 2786 3532 2867 Ἀναϐλέψας
3589 2787 3858 2868 Ἀϐραὰμ,

2212 2876 2338 2934 εἶδε·
2371 2879 2460 2934 καὶ
2520 2877 2639 2934 ἰδοὺ
2693 2882 2844 2954 κριὸς
2903 2882 2980 2942 εἷς
3039 2876 3408 2956 κατεχόμενος
3462 2887 3566 2937 τῶν
3612 2882 3853 2954 κεράτων

2210 2968 2374 3023 αὐτοῦ
2406 2969 2456 3024 ἐν
2491 2975 2640 3045 φυτῷ
2672 2965 2887 3040 Σαϐέκ,
2925 2995 2952 3021 ››

2281 3073 2470 3134 Ἀπόκ.
2515 3078 2688 3131 Φυτὸν
2743 3072 2918 3130 Σαϐὲκ
2968 3080 2995 3132 6
3045 3077 3230 3150 τίμιός
3281 3077 3388 3133 ἐστι
3440 3076 3686 3151 σταυρός’
3721 3076 3860 3131 κατὰ

2210 3163 2267 3220 δὲ
2299 3161 2582 3242 Ἐϐραίους
2617 3164 2766 3220 δοκεῖ
2793 3168 2854 3221 τὸ
2897 3162 3078 3222 Σαϐὶκ
3137 3166 3376 3245 ἀφέσεως
3425 3166 3516 3221 καὶ
3568 3168 3866 3241 συγχωρή-

2211 3275 2367 3316 σεως.
2401 3256 2461 3311 Ὁ
2494 3253 2550 3308 δὲ
2582 3254 2633 3309 ἐν
2663 3259 2741 3326 τῷ
2774 3250 2952 3309 Σαϐἒκ
2977 3261 3057 3328 τῷ
3089 3261 3238 3332 φυτῷ
3269 3255 3638 3331 κατεχόμενος
3691 3256 3865 3330 κριὸς,

2211 3342 2357 3405 ὅστις
2389 3343 2477 3397 καὶ
2511 3343 2586 3405 εἷς
2619 3343 2802 3407 θυσίαν
2835 3347 3129 3420 προσήχθη
3187 3345 3303 3399 ἀντὶ
3357 3346 3558 3416 Ἰσαὰκ,
3589 3345 3682 3398 τὸν
3736 3350 3859 3419 Χρι-

2209 3433 2330 3486 στὸν
2363 3433 2692 3507 προετόπου,
2722 3433 2812 3487 τὸν
2844 3434 3271 3510 προσενεχθέντα
3321 3435 3454 3509 ὑπὲρ
3505 3437 3666 3506 ἡμῶν
3710 3435 3862 3506 ἄμω-

2213 3542 2314 3594 μον
2377 3523 2595 3597 ἱερεῖον,
2646 3521 2734 3576 καὶ
2785 3521 2838 3576 ἐν
2891 3527 2969 3593 τῷ
3009 3528 3223 3598 σταυρῷ
3275 3523 3500 3578 θάνατον
3565 3523 3867 3578 ὑποστάντα

2206 3607 2380 3664 ἕνεκεν
2411 3613 2592 3682 ἡμῶν.
2632 3637 2651 3661 ιι
2688 3615 2774 3683 Τῷ
2803 3611 2906 3686 γὰρ
2956 3610 3195 3684 μώλωπι
3247 3611 3410 3666 αὐτοῦ
3459 3615 3621 3684 ἡμεῖς
3669 3613 3858 3667 πάντες

2211 3699 2460 3773 ίάθημεν,
2496 3725 2522 3750 ››
2574 3701 2733 3777 φησὶν
2775 3698 3018 3772 Ἠσαίας,
3053 3727 3080 3752 ι(
3130 3701 3218 3756 καὶ
3267 3701 3392 3775 περὶ
3443 3703 3603 3773 ἡμῶν
3668 3698 3864 3755 ὀδυνᾶ-

2204 3809 2312 3856 ται,
2361 3788 2450 3842 καὶ
2509 3788 2908 3864 έτραυματίσθη
2967 3787 3054 3842 διὰ
3119 3793 3214 3851 τὰς
3274 3789 3540 3864 ἁμαρτίας
3587 3791 3773 3862 ἡμῶν.
3834 3813 3863 3840 ››

2203 3880 2404 3954 Ὥσπερ
2437 3878 2464 3930 6
2511 3877 2665 3953 κριὸς
2725 3877 2927 3940 ἐκεῖνος
2984 3877 3074 3932 οῦν
3134 3880 3430 3954 προσήχθη
3495 3877 3612 3932 ἀντὶ
3665 3878 3865 3952 Ἰσαὰκ,

2202 3967 2346 4021 οὕτω
2390 3966 2479 4021 καὶ
2533 3967 2561 4020 ὁ
2612 3967 2845 4040 Χριστὸς
2900 3968 3196 4042 προσήχθη
3262 3967 3394 4038 ὑπὲρ
3453 3968 3614 4039 ἡμῶν
3685 3967 3858 4021 ἀπάν-

2199 4077 2328 4112 των.

2268 4145 2462 4219 Ἐρώτ.
2494 4144 2583 4213 EC.
2615 4142 2673 4196 Τί
2709 4141 2855 4217 λέγει
2887 4144 2916 4198 6
2959 4144 3160 4210 Ἰσαὰκ,
3192 4143 3274 4198 ὅτι
3309 4171 3337 4196 (ι
3376 4141 3516 4198 Ἰδοὺ
3565 4143 3713 4216 ὀσμή
3758 4147 3858 4198 τοῦ

2197 4234 2317 4286 υἱοῦ
2352 4253 2457 4305 μου
2488 4233 2562 4293 ὡς
2595 4231 2740 4304 ὁσμή
2793 4232 2963 4307 ἀγροῦ
3011 4233 3258 4306 πλήρης,
3293 4233 3351 4287 ὃν
3396 4231 3694 4307 εὐλογῆσαι
3744 4232 3856 4288 Κύ-

2197 4321 2455 4395 ριος,καὶ
2514 4318 2628 4392 δῴη
2692 4341 2775 4374 σοι
2836 4321 3033 4397 Κύριος
3087 4322 3193 4376 ἀπὸ
3238 4323 3338 4390 τῆς
3375 4318 3572 4397 δρόσου
3600 4325 3697 4376 τοῦ
3758 4321 3859 4376 οῦ-

2199 4414 2361 4484 ρανοῦ
2417 4411 2507 4463 καὶ
2566 4409 2670 4463 ἀπὸ
2722 4413 2820 4479 τῆς
2881 4411 3144 4480 πιότητος
3197 4413 3298 4481 τῆς
3332 4416 3455 4486 γῆς,
3485 4410 3575 4465 καὶ
3634 4409 3860 4478 πλῆθος

2197 4499 2346 4553 σίτου
2375 4497 2462 4552 καὶ
2495 4495 2665 4570 οἴνου,
2695 4499 2785 4552 καὶ
2819 4495 3261 4554 δουλευσάτωσάν
3296 4520 3379 4553 σοι
3421 4495 3572 4569 ἔθνη,
3605 4521 3634 4552 ››
3665 4498 3755 4554 καὶ
3786 4499 3861 4553 τὰ

2197 4587 2343 4659 ἒξῆςο

2265 4693 2456 4751 Ἀπόκ.
2493 4693 2679 4768 Ἀγρός
2710 4693 2850 4748 ἐστιν
2886 4696 2914 4748 6
2945 4694 3172 4767 κόσμος·
3209 4692 3404 4770 δρόσος
3444 4692 3501 4748 δὲ
3551 4693 3784 4769 οὐρανοῦ
3818 4697 3857 4764 ἠ

2194 4783 2401 4852 θεότης·
2419 4783 2618 4853 πιότης
2652 4781 2708 4837 δὲ
2735 4790 2836 4852 τῆς
2865 4791 2966 4858 γῆς
2998 4787 3032 4852 ἡ
3059 4784 3653 4858 ἁνθριι›πότης.⁹Ώσπ“ερ
3671 4784 3862 4838 τοίνυν

2193 4875 2227 4942 ἡ
2263 4869 2459 4946 δρόσος
2510 4873 2604 4942 μὶν
2640 4871 2885 4946 ἀοράτως
2917 4874 3139 4945 κάτεισι,
3176 4875 3323 4928 κάτω
3373 4870 3430 4927 δὲ
3487 4874 3857 4946 συνισταμένη

2192 4961 2398 5036 γίνεται
2459 4959 2628 5031 δηλτγ
2665 4962 2838 5024 οὕτως
2889 4961 3118 5036 ἀόρατος
3166 4960 3240 5016 ὣν
3275 4964 3302 5017 6
3353 4963 3482 5023 Θεὸς
3532 4962 3728 5036 Λόγος,
3761 4959 3860 5017 διὸ.

2192 5053 2293 5120 τῆς
2325 5051 2517 5123 σαρκὸς
2547 5050 2634 5104 ἐπὶ
2683 5058 2785 5120 τῆς
2841 5058 2942 5126 γῆς
2985 5048 3168 5128 ὤφθη,
3213 5051 3303 5105 καὶ
3360 5057 3476 5108 τοῖς
3537 5052 3856 5124 ἀνθρώποις

2194 5139 2620 5216 συνανεστράφη.
2654 5139 2751 5193 Καὶ
2779 5141 2807 5193 6
2839 5145 2986 5202 σῖτος
3038 5138 3095 5194 δὲ
3137 5139 3227 5194 καὶ
3261 5141 3289 5194 6
3340 5140 3483 5202 οἶνος
3536 5144 3643 5194 τῶν
3687 5138 3856 5202 θείων

2197 5230 2506 5303 μυστηρίων
2543 5229 2850 5306 αἰνίγματα.
2885 5229 3213 5286 Δουλεόουσι
3263 5233 3434 5286 πάντα
3490 5231 3557 5284 τὰ
3608 5227 3732 5300 ἔθνη
3767 5235 3855 5303 τῷ

2190 5320 2429 5394 Χριστῷ.

495 5497 540 5537 ⁸⁸
567 5504 774 5557 Genes.
811 5516 888 5567 1v,
920 5499 1012 5554 23.
1087 5498 1134 5533 ⁸⁸
1165 5497 1308 5554 Gen.
1343 5513 1420 5567 vr,
1450 5501 1504 5554 2.
1582 5498 1626 5534 ⁸⁷
1658 5497 1865 5556 Genes.
1891 5516 2030 5569 xm,
2066 5500 2154 5556 13.
2230 5501 2278 5539 ⁸⁸
2307 5501 2424 5560 Isa.
2457 5518 2577 5575 Lm,
2608 5502 2664 5560 5.
2739 5502 2786 5539 °°
2815 5503 3023 5562 Genes.
3053 5519 3232 5573 xxvn,
3261 5502 3353 5560 27.

501 5678 612 5750 (94)
647 5679 790 5734 Huic
821 5682 1025 5751 quaest.
1061 5677 1275 5751 similis
1307 5680 1396 5733 est
1438 5678 1507 5731 57
1537 5677 1607 5734 ad
1631 5679 2002 5751 :Antiochum,
2034 5683 2093 5738 et

429 5749 642 5816 Quaest.
676 5752 741 5804 47
772 5749 1116 5806 Theodoreti
1147 5751 1208 5805 in
1241 5749 1492 5806 Genesin.

2276 5682 2384 5756 (95)
2418 5682 2556 5742 Vide
2587 5685 2794 5756 quaest.
2825 5683 2897 5739 82
2924 5681 3272 5742 Theodoreti
3304 5684 3365 5740 in
3389 5687 3588 5741 Genu.
