4148 6380
291 419 402 479 7H

1425 411 2210 476 INTERPRETA'I‘IONES
2261 415 2356 475 EX
2400 419 2475 478 V.
2516 417 2589 479 'l‘.

3601 431 3718 488 742

357 545 556 626 Ἐρώτ.
592 547 690 618 En’.
723 544 783 600 Τί
816 542 1004 617 δηλοῖ,
1040 541 1122 600 ὅτι
1150 537 1341 602 ἔλαϐεν
1371 546 1398 600 6
1433 539 1628 600 Ἰακὼϐ
1648 550 1796 620 τρεῖς
1820 539 1948 620 ῥάϐ-

2137 551 2362 612 Ουλεετ.
2399 550 2637 606 LXVIII.
2671 552 2819 617 Quid
2853 569 2956 625 per
2988 552 3128 608 illud
3165 555 3714 631 significatur,quod

289 638 436 711 δους,
471 637 700 714 χλωρὰν
736 635 1085 710 στυρακίνην,
1117 635 1206 689 καὶ
1256 633 1538 710 καρυΐνην,
1589 635 1678 689 καὶ
1737 633 1947 690 πλατα-

286 728 418 800 νίαν,
448 728 538 782 καὶ
572 728 685 799 (44)
719 723 1003 780 έλέπτυνεν
1039 723 1202 786 αὐτάς
1229 744 1242 794 ;

359 833 548 892 Ἀπόκ.
586 833 654 887 A't
685 836 830 908 τρεῖς
863 824 1052 906 ῥάϐδοι
1105 825 1464 904 συμϐολικῶς
1515 829 1644 885 εἰσιν
1698 829 1752 884 αἱ
1805 833 1950 903 τρεῖς

293 921 546 996 δυνάμεις
595 928 697 991 τῆς
757 923 962 996 ψυχῆς,
1011 920 1072 974 τὸ
1125 919 1372 996 λογικὸν,
1413 918 1594 974 καὶτὸ
1627 917 1950 992 ἐπιθυμητι-

291 1013 406 1083 κὸν,
439 1012 530 1066 καὶ
578 1011 640 1064 τὸ
691 1003 1014 1081 θυμητικόνο
1066 1006 1191 1077 ἤτοι
1243 1009 1298 1062 αὶ
1346 1013 1491 1085 τρεῖς
1539 1007 1780 1084 θεωρίαι,
1842 1011 1949 1061 τῶν

291 1103 582 1175 σωμάτων,
631 1103 739 1154 τῶν
787 1096 1118 1170 ἀσωμάτων,
1172 1097 1260 1152 καὶ
1312 1104 1410 1167 τῆς
1472 1095 1628 1172 ἁγίας
1695 1094 1950 1172 Τριάδος·

292 1188 414 1267 ᾔτοι
448 1194 676 1266 γενικῶς
731 1191 767 1258 ἡ
818 1189 1089 1263 πρακτικὴ
1143 1183 1234 1240 διὰ
1283 1189 1383 1256 τῆς
1433 1184 1716 1260 καρυῖνης,
1749 1187 1783 1255 ἠ
1819 1188 1952 1240 θεω-

294 1281 491 1354 ρητική
552 1277 610 1334 δὲ
660 1275 750 1333 διὰ
797 1283 897 1346 τῆς
945 1275 1295 1352 στυρακίνης·
1350 1273 1438 1330 διὰ
1488 1273 1546 1329 δὲ
1592 1282 1694 1345 τῆς
1741 1272 1951 1330 πλατά-

293 1394 386 1427 νου
423 1373 513 1427 τὸν
572 1369 779 1443 κόσμον
823 1372 1013 1423 τοῦτον
1063 1367 1152 1422 καὶ
1204 1367 1303 1436 τὴν
1357 1367 1583 1443 θεωρίαν
1631 1365 1794 1420 αὑτοῦ
1833 1364 1954 1438 ᾐνί-

299 1461 445 1531 ξατο.
1183 1530 1191 1539 _

374 1549 567 1626 Ἐρώτ.
609 1549 697 1619 ξθ’.
752 1547 911 1609 Τίνος
968 1547 1130 1622 χάριν
1190 1547 1217 1601 6
1280 1541 1477 1603 Ἰακὼϐ
1508 1540 1816 1618 ἀναϐλέψας
1849 1541 1954 1599 εἶδε

300 1633 661 1714 παρεμϐολήν
695 1641 824 1692 Θεοῦ
854 1630 1360 1712 παραϐεϐληκυῖαν,
1391 1635 1481 1690 καὶ
1514 1637 1647 1690 εἶπε·
1683 1659 1710 1686 ‹‹
1745 1640 1956 1709 Παρεμ-

299 1723 443 1795 ϐολη
478 1732 613 1781 Θεοῦ
643 1725 814 1797 αὕτης
851 1749 879 1777 ››

373 1834 564 1890 ’Δπόκ.
597 1833 694 1888 Διά
720 1837 884 1887 τοῦτο
990 1827 1319 1908 παρεμϐολή
1370 1836 1477 1886 τῶν
1527 1832 1776 1908 ἀγγέλων
1834 1829 1952 1906 φαί-

2061 638 2236 693 Jacob
2296 643 2416 694 tres
2473 641 2666 712 virgas
2725 643 2998 714 accepit;
3033 646 3390 715 styracinam
3450 649 3716 718 viridem,

2063 743 2335 800 nuceam,
2369 733 2426 784 et
2457 747 2524 785 ex
2554 731 2834 802 platanis,
2867 738 2923 786 et
2950 732 3325 789 decorticavit
3352 753 3450 791 eas
3481 737 3524 772 9°
3545 738 3572 792 ‘I

2135 835 2306 890 RBSP.
2340 837 2481 892 Tres
2514 837 2705 910 virgae,
2741 839 3229 910 symbolice,sunt
3259 845 3377 896 tres
3411 843 3716 902 facultates

2064 927 2292 994 naimae,
2355 927 2682 997 rationalis,
2723 927 3042 999 appetitiva
3083 936 3140 984 et
3197 930 3513 988 irascibilis
3563 951 3575 989 :
3616 937 3704 992 vel

2063 1023 2178 1068 tres
2210 1016 2770 1088 contemplationes;
2805 1034 3138 1089 corporum,
3194 1036 3387 1074 rerum
3437 1021 3705 1095 incorpo-

2065 1121 2318 1172 rearum,
2352 1110 2410 1160 et
2442 1123 2619 1161 sacrae
2649 1106 2878 1162 Triadis
2913 1125 2925 1161 :
2959 1106 3045 1161 Vel
3073 1107 3424 1179 generaliter
3471 1128 3574 1182 per
3603 1131 3709 1168 nu-

2064 1209 2221 1247 ceam
2256 1195 2498 1266 virgam,
2533 1195 2778 1251 activam
2809 1195 3025 1263 vitam;
3063 1214 3163 1267 per
3183 1199 3708 1269 styracinam,con-

2063 1282 2551 1354 templativam,et
2584 1302 2684 1356 per
2713 1303 2842 1341 eam
2873 1303 2996 1356 qua:
3027 1303 3097 1341 ex
3129 1285 3381 1358 platanis
3411 1294 3711 1356 erat,nun-

2065 1371 2203 1426 dum
2237 1372 2394 1428 hunc
2414 1378 2468 1428 et
2499 1375 2628 1444 ejus
2658 1375 3212 1446 contemplationem
3243 1376 3458 1434 innuit.

2135 1554 2362 1617 QUEST.
2399 1551 2582 1607 LXIX.
2618 1555 2805 1618 Quare
2835 1553 3016 1609 Jacob
3063 1555 3384 1626 respiciens
3438 1556 3583 1612 vidit
3611 1575 3714 1615 ca-

2065 1645 2186 1695 stra
2221 1641 2314 1696 Dei
2349 1641 2620 1712 posita,et
2651 1641 2797 1696 dixit
2830 1659 2841 1697 :
2880 1665 2907 1691 ››
2940 1643 3144 1700 Castra
3165 1644 3264 1700 Dei
3289 1645 3410 1702 haec
3439 1653 3579 1702 sunt
3603 1648 3712 1703 υτ»

2140 1837 2309 1892 Βεερ.
2344 1836 2476 1892 Ideo
2508 1842 2791 1909 apparent
2835 1837 3014 1892 Jacob
3038 1839 3380 1910 angelorum
3411 1847 3620 1910 castra,
3653 1848 3718 1899 ut

296 1927 548 1995 νεταιτῷ
590 1916 810 1989 Ἰακὼϐ,
853 1918 946 1975 ’ἕνα
999 1923 1262 1997 θαρσησῃ,
1311 1921 1400 1974 καὶ
1455 1922 1529 1994 μὴ
1590 1914 1806 1998 φοϐηθῇ
1864 1919 1954 1972 τὸν

2097 1927 2332 1981 onsidat
2362 1931 2551 1981 etnon
2594 1926 2799 1981 timeat
2851 1927 3090 1981 fratrem
3145 1945 3318 1983 suum
3375 1929 3545 1985 Esau.
3579 1932 3718 1988 Erat

297 2009 530 2089 ἀδελφὸν
563 2011 728 2066 αὐτοῦ
787 2011 971 2066 Ἠσαῦ.
1033 2005 1326 2067 Ἐϐούλετο
1379 2009 1478 2086 γὰρ
1539 2011 1567 2064 6
1627 2011 1792 2066 Ἠσαῦ
1825 2009 1955 2062 ἀπο-

295 2107 502 2158 κτεῖναι
554 2101 732 2172 αὐτὸν,
783 2100 873 2154 καὶ
928 2097 1018 2154 διὰ
1062 2103 1222 2154 τοῦτο
1271 2099 1531 2154 ἐπάλαισε
1569 2099 1658 2153 καὶ
1695 2098 1810 2170 μετ’
1857 2097 1954 2170 ἀγ-

295 2190 482 2268 γέλου,
534 2189 624 2245 καὶ
673 2190 818 2244 εἶπεν
870 2189 1018 2262 αὐτῷ
1049 2190 1076 2244 6
1107 2187 1360 2264 ἅγγελοςο
1397 2212 1424 2240 ‹‹
1462 2189 1593 2260 Ἐμὲ
1650 2187 1955 2256 νενίκηκας,

296 2281 387 2335 καὶ
420 2281 709 2356 ἄνθρωπον
744 2276 1034 2346 ὃέδοικας;
1073 2305 1092 2330 ι
1130 2277 1263 2355 ἔγνω
1297 2276 1353 2332 δὲ
1384 2277 1466 2332 ὅτι
1511 2279 1604 2332 τὸν
1653 2277 1783 2333 Θεὸν
1841 2272 1957 2350 ἔχει

303 2368 527 2446 βοηθόν.

370 2459 569 2533 Ἐρώτ.
603 2465 665 2515 0’.
696 2457 756 2512 Τί
799 2457 935 2513 ἐστι·
996 2483 1023 2510 ‹‹
1075 2457 1322 2530 Σκύμνος
1372 2456 1592 2518 λέοντος
1646 2454 1843 2522 Ἰοὸδα,
1903 2454 1963 2509 ἐκ

309 2547 575 2623 βλαστοῦ,
607 2547 688 2602 υἱέ
736 2568 862 2620 μου,
922 2541 1141 2617 ἀνέϐης,
1202 2547 1478 2601 ἀναπεσὼν
1532 2546 1836 2618 ἐκοιμήθης
1886 2544 1960 2603 ὡς

305 2635 468 2708 λέων,
504 2662 532 2688 ››
561 2636 739 2691 καὶτὰ
769 2637 890 2706 ἑξῆς
915 2655 928 2704 ;

385 2742 572 2800 Ἀπόκ.
620 2745 797 2800 Τοῦτο
855 2739 1112 2817 ἁρμόττει
1171 2740 1257 2795 ἐπὶ
1312 2746 1410 2796 τοῦ
1456 2744 1711 2817 Χριστοῦ.
1761 2742 1965 2816 ’Ὠσπερ

312 2831 412 2906 γὰρ
461 2833 490 2886 6
550 2829 690 2886 λέων
740 2830 828 2885 καὶ
886 2828 1161 2894 καθεύδων
1219 2827 1451 2908 φοϐερός
1510 2829 1672 2901 ἐστιν,
1734 2828 1905 2891 οὕτως
1939 2830 1968 2884 6

322 2919 641 2983 δεσποτικὸς
693 2922 918 2982 θάνατος
977 2915 1208 2997 φοϐερὸς
1256 2921 1346 2974 καὶ
1387 2924 1466 2990 τῷ
1508 2919 1718 2991 θανάτῳ
1773 2920 1970 2990 καὶτῷ

313 3006 579 3082 διαϐόλῳ.
615 3009 817 3064 Λέοντα
849 3007 904 3064 δὲ
935 3009 1094 3063 αὐτὸν
1124 3007 1344 3064 ἐκάλεσε
1391 3008 1478 3064 καὶ
1529 3008 1762 3081 σκύμνον
1814 3007 1969 3063 λέον-

310 3120 405 3162 τος
437 3101 511 3161 ὡς
567 3098 795 3175 βασιλέα
852 3099 940 3152 καὶ
985 3098 1060 3160 ὡς
1125 3096 1392 3174 βασιλέως
1432 3094 1566 3155 υἱόν.
1606 3099 1676 3152 Τὸ
1708 3095 1785 3166 δὲ,
1821 3097 1966 3159 «Τίς

311 3189 490 3264 ἐγερεῖ
533 3187 734 3256 αὺτόν;
788 3213 814 3240 ››
868 3188 968 3257 τὴν
1020 3184 1228 3265 ἄφατοκ
1263 3188 1428 3242 αὐτοῦ
1461 3185 1689 3242 δείκνυσι
1718 3185 1964 3258 δύναμιν.

2062 2016 2219 2071 enim
2256 2015 2569 2070 consilium
2607 2016 2754 2070 Esau
2805 2015 3000 2087 ipsum
3055 2017 3338 2072 occidere.
3397 2020 3528 2074 Ideo
3559 2021 3716 2077 enim

2063 2121 2196 2159 cum
2230 2103 2436 2175 angelo
2467 2103 2723 2159 luctatus
2755 2110 2866 2168 est,
2918 2105 3019 2176 qui
3051 2105 3199 2159 dixit
3229 2107 3277 2161 ei
3315 2123 3328 2160 :
3365 2130 3391 2157 ‹‹
3427 2107 3516 2164 Me
3567 2109 3715 2166 victo

2065 2209 2210 2247 num
2243 2192 2542 2248 hominem
2570 2193 2738 2248 times
2768 2193 2795 2248 ‘I
2815 2214 2841 2244 ι)
2875 2195 3260 2265 cognoscebat
3279 2212 3410 2251 vero
3444 2213 3506 2252 se
3537 2203 3716 2256 Deum

2068 2283 2282 2338 habere
2311 2283 2661 2353 adjutorem.

2145 2458 2255 2527 (96}
2287 2458 2684 2523 QUIEST.LXX.
2721 2458 3007 2524 Quidnam
3040 2464 3130 2514 est
3163 2478 3176 2516 :
3213 2486 3239 2509 »
3270 2462 3511 2518 Catulus
3533 2462 3720 2520 leonis

2071 2547 2245 2614 Juda,
2278 2547 2348 2602 de
2378 2545 2747 2618 germine,lili
2783 2546 3596 2619 mi,ascendisti,accumbens
3618 2555 3720 2609 ob-

2075 2635 2429 2706 dormivisti,
2461 2641 2526 2690 ut
2556 2635 2666 2705 leo,
2703 2658 2730 2684 »
2761 2641 2870 2691 etc.
2904 2636 2994 2691 9’?

2148 2743 2300 2798 269
2325 2743 2620 2797 RssmHoc
2648 2741 2879 2797 Christo
2909 2744 3720 2814 congruit.Quemadmodum

2077 2833 2233 2886 enim
2259 2831 2348 2886 leo
2377 2833 2553 2886 etiam
2579 2847 2712 2886 cum
2742 2832 3360 2889 dormitterribilisest
3392 2851 3403 2888 :
3438 2837 3522 2891 sic
3543 2838 3722 2894 etiam

2078 2938 2238 2976 mors
2268 2920 2572 2975 Dominica
2599 2920 2806 2975 terrori
2836 2927 2925 2976 est
2957 2925 3082 2975 tum
3114 2923 3309 2988 morti,
3333 2928 3458 2978 tum
3493 2925 3725 2982 diabolo

2079 3027 2332 3083 quoque.
2365 3011 2608 3065 Leonem
2640 3025 2774 3064 vero
2807 3010 2999 3081 ipsum
3032 3016 3088 3065 et
3118 3011 3376 3067 catulum
3410 3012 3598 3069 leonis
3627 3031 3726 3072 vo-

2080 3100 2229 3155 cavit
2261 3103 2543 3170 tanquam
2573 3114 2764 3170 regem
2798 3103 2854 3153 et
2883 3104 3165 3170 tanquam
3198 3100 3352 3171 regis
3383 3100 3590 3157 filium.
3612 3104 3728 3160 Hoc

2078 3204 2212 3243 vero
2244 3205 2258 3243 :
2293 3211 2319 3236 α
2351 3187 2490 3250 Quis
2522 3185 2798 3242 excitabit
2825 3203 2957 3242 eum
2980 3186 3008 3240 ‘I
3040 3208 3068 3236 »
3098 3188 3452 3244 ineffabilem
3485 3192 3613 3261 ejus
3632 3209 3731 3264 po-

312 3277 485 3340 Αὐτὸς
517 3279 617 3354 γὰρ
650 3277 834 3332 ἑαυτὸν
868 3276 1128 3342 ἀνέστησε
1154 3277 1289 3331 κατὰ
1317 3278 1415 3345 τήν
1451 3277 1616 3331 αὐτοῦ
1659 3275 1958 3352 πρόρρησιν

2091 3276 2320 3331 entiam
2351 3276 2627 3331 declarat.
2663 3275 2807 3331 Nam
2844 3276 2970 3348 ipse
3001 3278 3384 3349 semetipsum
3433 3281 3727 3349 excitavit,

303 3371 440 3444 φησὶ
468 3366 588 3443 γάρ·
627 3391 653 3418 ‹‹
689 3367 894 3421 Λύσατε
921 3367 984 3421 τὸ
1013 3366 1138 3420 ναὸν
1170 3371 1384 3438 τοῦτον,
1414 3366 1503 3421 καὶ
1537 3365 1588 3420 έν
1627 3366 1801 3440 τρισὶν
1829 3365 1966 3437 ἡμέ-

307 3476 428 3532 ραις
479 3457 652 3531 ἐγερῶ
682 3454 864 3510 αὐτόν.
901 3478 928 3506 »

376 3563 574 3637 Ἐρώτ.
609 3563 706 3617 οα’.
742 3561 810 3618 Τί
840 3560 973 3616 ἐστι·
1010 3585 1039 3613 ‹‹
1092 3563 1376 3635 Δεσμεύων
1419 3564 1556 3638 πρὸς
1588 3558 1839 3635 ἄμπελον
1871 3561 1964 3616 τὸν

303 3649 497 3706 πῶλον
530 3649 713 3723 αὐτοῦ,
747 3651 837 3705 καὶ
867 3654 934 3724 τῇ
968 3648 1110 3706 ἕλικι
1141 3652 1231 3706 τὸν
1283 3650 1472 3707 πῶλον
1521 3657 1623 3721 τῆς
1683 3647 1808 3706 ὄνου
1867 3651 1968 3706 αό-

303 3745 406 3795 τοῦ
432 3758 445 3807 ;
485 3764 512 3791 ››

381 3832 575 3885 ³Δποκ.
608 3826 891 3900 Ἄμπελον
944 3830 1040 3901 μὲν
1088 3829 1189 3898 τὴν
1243 3827 1609 3905 Ἰερουσαλὴμ
1653 3829 1819 3906 λέγει·
1852 3835 1966 3884 πῶ-

307 3919 410 3975 λον
445 3916 503 3973 6‘s
530 3919 622 3972 τὸν
658 3917 708 3988 ἐξ
743 3920 907 3972 ἐθνῶν
957 3917 1106 3988 λαὸν,
1157 3919 1234 3981 ὡς
1283 3915 1615 3991 ἀδάμαστον.
1668 3923 1837 3974 Τοῦτο
1866 3919 1967 3995 γὰρ

299 4010 397 4063 καὶ
433 4009 460 4062 ὁ
489 4008 685 4083 Κύριος
715 4007 956 4079 ήνίξατο,
990 4005 1316 4070 ἀποστείλας
1361 4007 1490 4069 τοὺς
1542 4008 1783 4081 μαθητὰς
1831 4008 1968 4083 πρὸς

301 4098 373 4153 τὸ
407 4096 564 4152 λῦσαι
594 4097 693 4166 τήν
725 4092 848 4151 ὄνον
879 4095 969 4150 γαὶ
994 4096 1085 4151 τὸν
1119 4094 1332 4165 πῶλον,
1364 4095 1444 4170 ἐφ’
1485 4097 1530 4168 ᾧ
1561 4093 1737 4158 οὐδεὶς
1766 4096 1973 4172 ἀνθρώ-

299 4206 427 4242 πων
491 4185 756 4242 ἐκάθισεν.
837 4182 974 4243 Οὔτε
1031 4187 1404 4261 πατριάρχης,
1464 4182 1586 4240 οὔτε
1642 4186 1969 4258 νομοθέτης,

300 4273 432 4332 οὔτε
455 4276 744 4352 προφήτης
775 4279 882 4329 τῶν
921 4275 1088 4338 ἐθνῶν
1118 4275 1397 4350 ἐφρόντισε
1429 4274 1970 4350 σωτηρίας·ἀπὸστο-

303 4365 399 4421 λοι
459 4364 891 4439 προσταχθέντες
939 4358 1132 4418 ἔλυσαν
1181 4365 1280 4433 τὴν
1312 4367 1422 4418 τῶν
1459 4362 1756 4439 ἀνθρώπων
1791 4363 1968 4441 φύσιν,

309 4451 606 4526 δεδεμένην
633 4457 752 4514 ταῖς
782 4452 1094 4528 ἁμαρτίαις.

387 4561 580 4635 Ἐρὼτ.
617 4559 719 4635 οβ’.
750 4559 810 4614 Τί
842 4558 981 4614 ἐστιν
1014 4558 1045 4614 6'
1094 4557 1262 4636 λέγει·
1296 4584 1324 4611 ‹‹
1362 4557 1559 4614 Πλυνεῖ
1606 4559 1656 4614 ἐν
1710 4557 1840 4632 οἷ’νῳ
1869 4559 1967 4627 τὴν

2077 3367 2231 3420 sicut
2260 3365 2384 3436 ipse
2417 3365 2840 3437 praedixit,cum
2875 3365 3066 3436 inquit
3099 3382 3112 3420 :
3147 3389 3175 3416 ‹‹
3196 3368 3409 3424 Solvite
3441 3370 3728 3443 templum

2075 3455 2206 3523 hoc,
2241 3459 2299 3508 et
2329 3454 2384 3507 in
2419 3454 2610 3509 tribus
2641 3454 2849 3510 diebus
2883 3454 3147 3510 excitabo
3179 3454 3320 3512 illud
3351 3458 3415 3511 ³³.
3450 3480 3478 3508 »

2148 3561 2374 3625 Ουίεετ.
2407 3560 2586 3615 LXXI.
2627 3560 2772 3626 Quid
2821 3565 2911 3617 est
2941 3561 3084 3618 illud
3121 3579 3133 3618 :
3167 3585 3195 3614 »
3250 3563 3462 3637 Ligans
3521 3566 3592 3621 ad
3641 3567 3732 3622 vi-

2077 3667 2245 3706 neam
2298 3649 2526 3721 pullum
2582 3667 2782 3717 suum,
2839 3655 2898 3706 et
2942 3651 3012 3706 ad
3046 3651 3220 3708 vitem
3270 3653 3503 3726 pullum
3551 3657 3731 3712 asina

2078 3756 2196 3795 sua
2223 3740 2269 3774 9‘
2286 3738 2314 3793 ?

2150 3828 2320 3884 Rasr.
2356 3827 2599 3884 Vineam
2632 3828 2868 3900 quidem
2913 3829 3264 3901 Jerusalem,
3318 3831 3544 3903 pullum
3595 3850 3731 3890 vero

2077 3921 2248 3973 vocat
2277 3917 2562 3989 populum
2597 3917 2698 3988 qui
2729 3924 2819 3972 est
2845 3935 2914 3973 ex
2944 3919 3531 3992 gentibus,tanquam
3564 3921 3733 3977 indo-

2081 4005 2315 4061 mitum.
2349 4006 2467 4061 Hoc
2496 4022 2750 4076 namque
2781 4007 3068 4064 Dominus
3099 4026 3334 4081 quoque
3363 4011 3736 4066 adumbravit

2082 4095 2282 4150 missis
2315 4094 2622 4166 discipulis
2653 4095 2724 4150 ad
2755 4096 3090 4152 solvendam
3127 4097 3354 4154 asinam
3386 4105 3444 4154 et
3479 4100 3732 4171 pullum,

2081 4200 2259 4254 super
2288 4200 2462 4254 quem
2489 4183 2678 4237 adhuc
2703 4183 2904 4238 nullus
2927 4185 3230 4240 hominum
3257 4188 3734 4254 'sedisset,nullus

2081 4272 2350 4328 videlicet
2379 4273 2731 4344 patriarcha,
2766 4289 2870 4327 nec
2904 4273 3204 4344 legislator
3236 4275 3324 4331 vel
3346 4277 3633 4348 propheta
3662 4279 3735 4334 de

2081 4361 2272 4455 salute
2301 4363 2562 4455 gentium
2597 4361 3000 4434 cogitavit,sed
3025 4363 3270 4435 apostoli
3297 4365 3367 4419 ad
3391 4366 3448 4420 id
3478 4365 3733 4422 ordinati

2084 4449 2380 4506 solverunt
2413 4451 2734 4506 humanam
2771 4456 3065 4518 naturam,
3115 4453 3369 4524 peccatis
3407 4453 3728 4526 alligatam.

2155 4561 2381 4622 Qua-:s'r.
2421 4557 2626 4613 LXXII.
2677 4558 2823 4623 Quid
2874 4565 2962 4614 est
2993 4560 3147 4631 quod
3199 4560 3340 4616 dicit
3372 4577 3384 4615 :
3416 4583 3445 4612 «
3503 4561 3735 4618 Lavabit

310 4648 520 4716 στολὴν
553 4649 737 4717 αὐτοῦ,
770 4648 858 4704 καί
890 4649 941 4703 ἐν
975 4647 1163 4722 α’ἰματι
1210 4647 1493 4725 σταφυλῆς
1538 4650 1640 4718 τὴν
1670 4643 1961 4724 περιϐολήι

2091 4646 2142 4702 in
2171 4649 2306 4702 vino
2338 4647 2550 4703 stolam
2583 4664 2774 4712 suam,
2803 4654 2860 4703 et
2894 4649 2948 4703 in
2981 4650 3270 4722 sanguine
3319 4668 3438 4706 uva:
3487 4651 3734 4724 pallium

311 4738 504 4811 αὐτοῦ,
541 4761 569 4790 η
600 4739 690 4793 καὶ
719 4739 786 4793 τὰ
816 4738 939 4809 ἑξῆς
965 4758 978 4807 ;
1203 4739 1226 4771 ⁹

390 4844 580 4902 Ἀπόκ.
614 4847 688 4900 Τὰ
735 4845 871 4900 κατὰ
911 4848 1008 4898 τοῦ
1053 4854 1261 4907 παθους
1285 4847 1382 4897 τοῦ
1414 4843 1646 4920 Χριστοῦ
1680 4842 1849 4918 λέγει·
1883 4844 1972 4898 καὶ

309 4935 379 4989 τὸ
418 4933 510 5006 μὲν
546 4939 704 5008 σῶμα
736 4933 936 5003 στολὴν
968 4933 1247 5006 ὀνομάζει,
1281 4933 1340 4987 τὸ
1376 4930 1432 4987 δὲ
1461 4932 1598 5006 αἷμα
1630 4932 1792 4986 οἶνον·
1827 4930 1971 4986 ἐπει-

315 5021 387 5091 δὴ
421 5022 510 5076 καὶ
540 5023 630 5078 τὸν
668 5023 923 5096 μυστικὸν
958 5022 1101 5076 οἶνον
1158 5023 1297 5094 αἷμα
1323 5019 1588 5091 κέκληκεν
1622 5022 1649 5073 6
1682 5015 1970 5091 δεσπότης.

310 5112 386 5166 Τὸ
420 5108 496 5183 δὲ,
526 5112 787 5188 Χαρωποὶ
818 5113 868 5166 οἱ
902 5109 1179 5189 ὀφθαλμοὶ
1211 5110 1376 5166 αὐτοῦ
1407 5111 1512 5165 ἀπὸ
1547 5107 1718 5170 οἷ’νου.
1750 5111 1850 5178 την
1889 5130 1975 5182 με·

309 5203 382 5256 τὰ
412 5201 474 5254 τὸ
504 5202 671 5262 πάθος
703 5200 1036 5278 εὐφροσύνην
1071 5198 1257 5272 δηλοῖ.

386 5490 432 5524 ⁹⁰
463 5489 672 5547 Genes.
705 5505 835 5558 xxx,
880 5490 968 5546 37.
1081 5490 1126 5525 ⁹¹
1173 5487 1383 5544 Genes.
1427 5504 1605 5557 XXXII,
1647 5488 1701 5542 2.

308 5562 363 5598 ⁸⁵
396 5561 539 5618 ibid.

1816 5488 1860 5522 ³³
1909 5488 2116 5543 Genes.
2169 5503 2320 5556 xux,
2370 5487 2422 5541 9.

2081 4753 2280 4805 suum,
2318 4760 2344 4784 n
2375 4741 2483 4792 etc.
2516 4737 2558 4771 ⁸³
2581 4739 2606 4789 .9

2156 4843 2328 4898 RESP.
2357 4847 2475 4899 Hoc
2524 4844 2592 4897 de
2640 4844 2912 4915 passione
2959 4844 3177 4901 Christi
3221 4845 3384 4914 dicit,
3437 4850 3494 4902 et
3521 4863 3734 4919 corpus

2084 4932 2322 5002 quidem
2369 4931 2580 4988 stolam
2626 4939 2837 4988 vocat:
2873 4935 3225 5006 sanguinem
3277 4951 3412 4990 vero
3481 4937 3733 4992 vinum:

2085 5020 2565 5092 quandoquidem
2599 5021 2773 5076 etiam
2811 5023 3124 5094 mysticum
3181 5023 3327 5078 illud
3361 5024 3564 5078 vinum
3598 5041 3740 5079 san-

2085 5110 2323 5181 guinem
2355 5111 2578 5165 vocavit
2611 5110 2912 5165 Dominus.
2962 5112 3111 5167 Illud
3165 5129 3318 5172 vero,
3371 5112 3737 5168 Pulchriores

2084 5199 2217 5254 vino
2249 5203 2390 5254 sunt
2419 5199 2547 5268 ejus
2580 5198 2756 5264 oculi,
2790 5198 3053 5255 laetitiam
3085 5218 3211 5269 quae
3243 5200 3579 5271 passionem
3611 5201 3738 5271 ejus

2086 5292 2286 5344 secuta
2317 5293 2427 5354 est,
2459 5287 2776 5360 signiﬁcat.

2500 5487 2546 5520 93
2597 5485 2770 5542 Joan.
2818 5504 2881 5558 η,
2931 5488 3018 5542 19.
3095 5489 3142 5522 9‘
3183 5491 3389 5544 Genes.
3449 5507 3598 5561 XLIX,
3652 5490 3739 5548 11.

399 5743 509 5816 (96)
543 5745 762 5800 Horum
795 5744 1060 5817 quedam
1091 5741 1385 5798 habentur
1414 5741 1472 5797 in
1495 5743 1702 5813 quaest.
1740 5741 1844 5796 110
1869 5739 1956 5798 Th

2091 5740 2214 5795 ireli
2249 5743 2312 5796 in
2343 5739 2595 5796 δεηθείη.
