4148 6372
390 398 509 459 743

459 530 572 604 (97)
603 530 826 595 Ουιεειν.
859 529 1242 595 LXXIll.Quis
1261 532 1490 602 primus
1509 528 1833 586 nominavit
1855 528 2040 584 Deum
2069 528 2126 593 Α

388 620 449 676 in
482 625 635 676 terra
660 621 681 674 ἒ

460 709 632 765 Resp.
664 708 968 776 Diabolus,
1001 726 1134 764 cum
1184 710 1255 765 ad
1311 710 1486 766 Evam
1532 709 1753 764 diceret
1783 724 1795 762 :
1828 728 1857 757 «
1891 703 2039 772 Quid

385 800 655 869 est,quod
689 798 835 853 dixit
850 797 1007 854 Deus
1036 814 1108 853 ne
1137 798 1523 855 comederetis
1538 798 1609 853 de
1626 798 1736 853 hoc
1753 797 1911 869 ligno
1931 794 2038 848 9“‘r‘»

456 888 568 959 (98)
600 887 1225 954 QuasnLXXIVQuid
1264 888 1531 943 futurum
1563 892 1653 942 est
1682 888 1753 942 de
1784 885 2038 940 elemen-

381 977 480 1046 tis,
513 976 652 1047 sole,
687 975 830 1032 luna
858 981 917 1031 et
946 976 1134 1032 stellis
1164 975 1225 1032 in
1249 976 1506 1033 secundo
1536 978 1787 1031 adventu
1812 978 1835 1030 Ρ

458 1157 624 1213 Resp.
661 1154 846 1212 Simul
878 1154 1116 1211 dabitur
1147 1155 1292 1227 ipsis
1321 1155 1487 1211 locus
1518 1154 1736 1221 aliquis
1766 1158 1822 1209 et
1852 1150 2038 1209 domi-

383 1247 609 1311 cilium,
643 1247 743 1301 sed
774 1262 888 1300 non
920 1245 978 1299 in
1014 1249 1357 1315 perpetuum
1391 1243 1800 1300 abolebuntur.

454 1338 685 1401 Οωεετ.
736 1333 950 1390 LXXV.
994 1335 1184 1399 Quare
1231 1332 1374 1389 Cain
1443 1333 1682 1405 quidem
1735 1330 2038 1387 maledixit

383 1429 563 1492 Deus,
592 1425 794 1479 dicens
828 1441 841 1478 :
877 1444 905 1472 ‹‹
931 1420 1271 1477 Maledictus
1318 1427 1382 1476 tu
1432 1438 1611 1492 super
1638 1425 1852 1476 terram
1886 1420 1967 1475 '7:
2004 1442 2034 1469 ››

380 1513 604 1569 Adamo
661 1517 856 1567 autem
903 1509 1173 1582 loquens,
1231 1509 1704 1566 maledictionem
1749 1508 2036 1581 imposuit

382 1601 779 1668 terrm,dicens
804 1617 818 1654 :
852 1622 881 1649 «
913 1597 1225 1655 Maledicta
1241 1598 1468 1654 terrain
1486 1596 1762 1670 operibus
1790 1597 1911 1653 tuis
1927 1596 2033 1652 θεῖ»

453 1690 709 1745 ΒεειλΕυ
743 1690 895 1761 quod
928 1687 1068 1744 Cain
1103 1688 1396 1761 negaverit
1426 1687 1609 1744 Deum
1640 1693 1698 1743 et
1728 1690 2031 1758 peccatum

381 1796 558 1836 suum
589 1776 1353 1848 absconderit,quapropter
1387 1777 1669 1847 majorem
1702 1792 1939 1847 quoque
1972 1776 2030 1831 in

380 1885 445 1926 se
477 1885 708 1942 poenam
741 1866 1233 1923 derivavit.Adam
1264 1882 1399 1922 vero
1432 1865 1577 1938 quia
1606 1864 1914 1922 confessus
1943 1869 2033 1921 est

380 1974 665 2031 magnum
696 1955 844 2011 illud
875 1973 909 2011 a
937 1971 1001 2011 se
1040 1954 1398 2026 supplicium
1450 1953 1680 2026 depulit
1712 1970 1724 2009 :
1759 1970 1897 2009 nam
1929 1955 2031 2026 qui

379 2065 490 2105 sua
520 2051 758 2119 peccata
785 2043 1119 2111 confitetur,
1171 2043 1579 2099 remissionem
1627 2044 2026 2114 consequitur.

451 2138 682 2202 Quas'r.
715 2132 953 2190 LXXVI.
980 2132 1272 2196 Quidnam
1304 2137 1394 2188 est
1432 2150 1444 2188 :
1481 2154 1508 2183 ‹‹
1540 2132 1729 2196 Quare
1776 2132 2027 2187 fremue-

378 2230 520 2281 runt
548 2229 772 2296 gentes,
805 2228 863 2279 et
893 2221 1094 2294 populi
1124 2221 1391 2277 meditati
1422 2226 1563 2277 sunt
1595 2221 1792 2276 inania
1810 2219 1896 2275 σοι)
1928 2243 1956 2269 ››

451 2315 626 2385 Βεερ,
656 2316 868 2369 Gentes
896 2311 1039 2367 dicit
1088 2311 1512 2379 Romanorum,
1556 2310 1913 2365 Francorum
1943 2310 2028 2364 vi-

378 2402 591 2459 delicet
618 2418 827 2475 genus,
870 2400 970 2472 qui
1002 2400 1302 2456 Christum
1363 2398 1797 2455 cruciﬁxerunt.
1832 2402 2024 2471 Popu~

376 2491 501 2547 lum
531 2507 665 2547 vero
699 2489 864 2557 dicit,
896 2494 1070 2559 caput
1096 2488 1457 2544 Judazcrum.
1499 2488 1820 2551 Astiterunt
1861 2504 2027 2560 reges

374 2582 563 2645 terra,
595 2576 818 2631 Pilatus
846 2581 904 2631 et
937 2576 1231 2643 Herodes;
1268 2577 1562 2648 principes
1618 2592 1776 2645 vero,
1824 2578 2024 2631 Annae

372 2672 432 2723 et
461 2666 735 2739 Caiphae.

614 2794 618 2797 η
761 2755 1015 2810 Psalmu:
1044 2770 1145 2825 pro
1173 2754 1628 2811 torculaturibus.

442 2845 662 2910 Qums'r.
699 2843 964 2900 LXXVII.
996 2844 1274 2908 Quanam
1305 2844 1447 2900 dicit
1476 2843 1794 2900 toreularia
1814 2843 1843 2899 ‘i

441 2932 910 2991 REsP.Ecclesias
944 2933 1000 2987 in
1035 2932 1251 3003 quibus
1276 2933 1482 2988 vinum
1515 2933 2020 3005 funditur,nempe

368 3028 778 3080 sacrosanctus
809 3022 1039 3078 Domini
1071 3022 1258 3078 nostri
1304 3022 1440 3078 Jesu
1486 3022 1702 3079 Christi
1751 3023 2016 3094 sanguis,

367 3120 426 3168 et
449 3118 720 3168 sanctum
751 3127 965 3183 corpus
988 3111 1118 3181 ejus
1138 3110 1502 3166 immolatur.
1531 3110 1696 3174 Quod
1719 3127 1852 3167 vero
1875 3111 2020 3167 dicit

1550 394 1617 458 S.
1666 386 2191 457 ATHANASIUS.
2218 423 2295 435 --
2328 386 2639 453 SPURIA.

3694 391 3816 454 744

2226 522 2417 597 Ἐρῲτ.
2480 528 2577 599 ογ’.
2638 519 2726 583 Τίς
2785 521 2915 577 Θεὸν
2975 524 3191 597 πρῶτος
3250 519 3529 596 ὠνόμασεν
3575 523 3661 580 ἐπὶ
3709 527 3813 595 τῆς

2150 632 2252 685 γης
2278 629 2293 681 ἱ

2221 699 2413 755 Ἀπόκ.
2444 700 2501 753 ‘0
2532 694 2789 761 διάϐολος
2821 699 2987 754 εἰπὼν
3018 703 3086 774 τῇ
3121 699 3255 772 Εὕα·
3302 726 3324 754 ι
3372 701 3431 757 Τί
3462 701 3545 758 ὅτι
3604 706 3749 760 εἶπεν
3779 707 3810 761 6

2149 790 2278 853 Θεὸς
2314 791 2391 864 μή
2423 795 2608 868 φαγεῖν
2642 791 2747 846 ἀπὸ
2776 793 2872 844 τοῦ
2903 788 3069 858 ξύλου
3095 809 3109 858 ;

2220 881 2415 957 Ἐρώτ.
2448 877 2544 936 οδ’.
2593 878 2653 934 Τί
2713 877 2980 953 μέλλουσι
3028 879 3276 954 γενέσθαι
3326 881 3395 936 τὰ
3443 888 3716 958 στοιχεῖα,
3778 885 3807 940 6

2145 967 2333 1039 ἤλίος,
2391 968 2481 1024 καὶ
2540 971 2576 1039 ἡ
2633 966 2861 1039 σελήνη,
2923 966 3011 1022 καὶ
3060 968 3127 1023 τά
3176 969 3345 1047 ἄστρα
3392 969 3444 1026 έν
3475 973 3544 1045 τῇ
3578 967 3805 1049 δευτέρᾳ

2145 1058 2416 1134 παρουσίᾳ
2440 1078 2454 1128 ;

2215 1147 2405 1204 Ἀπόκ.
2439 1150 2733 1219 Δοθήσεται
2764 1147 2949 1209 αὐτοῖς
2979 1145 3145 1209 τόπος
3177 1148 3454 1211 κατοικίας
3486 1147 3538 1204 ἐν
3591 1147 3669 1204 ἐνὶ
3705 1150 3804 1223 μὲ-

2146 1257 2249 1313 ρει,
2281 1237 2428 1306 πλὴν
2458 1236 2559 1293 οὐκ
2587 1237 2662 1300 εἰς
2692 1235 2850 1299 τέλος
2870 1237 3350 1315 ἆφανισθήσονται.

2217 1325 2409 1401 Ἐρώτ.
2445 1328 2536 1385 σε’.
2569 1327 2668 1381 Διὰ
2694 1326 2747 1382 τί
2776 1330 2854 1399 τῷ
2887 1326 2983 1398 μὲν
3018 1327 3145 1382 Κάϊν
3174 1325 3517 1401 κατηράσατο
3570 1329 3599 1384 6
3644 1329 3801 1401 Θεὸς,

2145 1414 2345 1489 λέγων·
2380 1439 2409 1466 ((
2443 1414 2867 1490 Ἐπικατάρατος
2901 1413 2965 1468 σὺ
2996 1414 3101 1469 άπὸ
3138 1421 3237 1485 τῆς
3270 1422 3397 1492 γῆς·
3433 1442 3461 1470 ››
3495 1415 3583 1472 ἐπὶ
3616 1415 3674 1474 δὲ
3700 1424 3803 1474 τοῦ

2144 1500 2320 1577 Ἀδὰμ
2346 1506 2416 1578 τῇ
2441 1507 2513 1580 γῇ
2544 1502 2762 1568 ἐπέθετο
2800 1504 2899 1572 τὴν
2932 1502 3165 1581 κατάραν
3196 1503 3386 1559 εἰπών·
3447 1528 3468 1558 ι
3524 1510 3799 1564 Επικατά-

2144 1612 2303 1668 ρατος
2335 1596 2369 1663 ἡ
2412 1596 2488 1667 γῆ
2518 1593 2570 1649 ἐν
2599 1599 2715 1656 τοῖς
2748 1592 2931 1669 ἐργοις
2965 1614 3101 1665 eoo;
3134 1622 3164 1647 η

2214 1681 2406 1737 ’Δποκ.
2437 1684 2555 1737 Ὅτι
2589 1682 2617 1736 6
2654 1683 2747 1755 μὲν
2787 1681 2913 1739 Κάϊν
2942 1683 3222 1758 ἠρνήσατο
3252 1681 3345 1739 τὸν
3380 1685 3538 1755 Θεὸν,
3591 1687 3800 1761 κρύψας

2138 1770 2201 1824 τὸ
2233 1771 2552 1847 ἁμάρτημα·
2619 1769 2705 1826 διὸ
2752 1770 2842 1826 καὶ
2895 1772 3114 1845 μείζονα
3155 1774 3256 1843 τήν
3287 1771 3583 1845 καταδίκην
3617 1775 3800 1852 εἰργά-

2141 1878 2289 1913 σατο·
2325 1859 2352 1913 6
2384 1856 2442 1914 δὲ
2472 1856 2650 1933 ’Δδάμ
2700 1858 3074 1937 ὁμολογήσας,
3115 1862 3216 1931 τὴν
3268 1860 3491 1932 πολλὴν
3545 1862 3597 1935 ἐξ
3627 1864 3799 1921 αὐτοῦ

2139 1946 2397 2003 ἀπώσατο
2428 1948 2716 2025 τιμωρίαν·
2753 1950 2780 2004 6
2808 1949 2908 2026 γὰρ
2939 1949 3005 2005 τὰ
3033 1950 3224 2006 ἑαυτοῦ
3256 1950 3568 2025 πταίσματα
3599 1951 3797 2028 ἐξομο-

2142 2035 2514 2111 λογησάμενος
2547 2036 2857 2113 έπιτυχάνει
2887 2036 3150 2117 ἀφέσεως.

2211 2127 2400 2201 Ἐρών.
2436 2134 2529 2191 ος’.
2564 2127 2626 2182 Τί
2689 2126 2849 2183 ἐστιν·
2914 2154 2941 2182 ιι
2993 2129 3104 2186 Ἵνα
3130 2129 3183 2186 τί
3232 2129 3493 2209 ἐφρύαξαν
3526 2126 3676 2203 ἔθνη,
3706 2132 3795 2188 καὶ

2139 2214 2261 2270 λαοὶ
2293 2214 2625 2289 ἐμελέτησαν
2658 2218 2824 2287 κενά;
2863 2242 2891 2270 ››

2210 2306 2402 2363 Ἀποκ.
2462 2307 2629 2378 Ἐθνη
2689 2306 2835 2382 λέγει
2895 2312 3002 2362 τῶν
3066 2308 3381 2382 Ῥωμαίων,
3454 2308 3628 2387 ἤγουν
3684 2316 3792 2367 τῶν

2135 2393 2407 2469 Φράγγων
2438 2394 2703 2472 τὸγένος,
2752 2400 2859 2451 τῶν
2917 2397 3345 2474 σταυρωσάντων
3395 2400 3487 2455 τὸν
3538 2399 3790 2477 Χριστόν.

2134 2482 2275 2537 Λαὸν
2309 2480 2366 2538 δὲ
2397 2480 2546 2559 λέγει
2575 2490 2681 2539 τῶν
2709 2482 2983 2541 Ἰουδαίων
3004 2488 3105 2556 τήν
3135 2485 3403 2566 κεφαλήν.
3438 2490 3792 2564 Παρέστησαν

2134 2572 2185 2625 οἱ
2222 2570 2464 2649 βασιλεῖς
2517 2576 2617 2639 τῆς
2657 2576 2781 2648 γῆς,
2839 2575 2867 2628 6
2920 2572 3156 2638 Πιλᾶτός
3205 2597 3263 2632 τε
3311 2577 3401 2633 καὶ
3455 2576 3787 2655 ὁἩρώδης,

2132 2661 2394 2737 ἄρχοντες
2428 2658 2484 2716 δὲ
2516 2662 2714 2723 Ἀννας
2742 2662 2833 2717 καὶ
2865 2662 3128 2735 Καϊάφας.

2570 2750 2805 2825 Ψαλμὸς
2842 2752 2972 2827 ὑπὲρ
3002 2756 3110 2808 τῶν
3141 2751 3345 2825 ληνῶν.

2201 2839 2396 2915 Ἐρώτ.
2430 2841 2525 2909 οζ’.
2557 2839 2714 2903 Τίνας
2748 2838 2893 2915 λέγει
2924 2840 3129 2913 ληνούς
3157 2870 3171 2911 ;

2200 2928 2392 2985 Ἀπόκ.
2453 2929 2563 2991 Τὰς
2620 2927 2936 3001 ἐκκλησίας,
2989 2930 3040 2985 ἐν
3098 2931 3185 2994 αἷς
3246 2930 3480 3009 ἐκχεῖται
3534 2933 3561 2987 6
3601 2935 3772 3005 οἶνος,

2125 3014 2250 3086 ἤτοι
2276 3017 2337 3071 τὸ
2395 3018 2548 3093 ἅγιον
2609 3019 2743 3093 αῗμα
2788 3023 2886 3073 τοῦ
2930 3019 3129 3096 Κυρίου
3179 3024 3355 3091 Ἰησοῦ
3394 3023 3650 3097 Χριστοῦ,
3682 3022 3773 3078 καὶ

2127 3105 2309 3169 θύεται
2338 3105 2427 3161 καὶ
2455 3106 2518 3161 τὸ
2550 3108 2700 3181 ἅγιον
2729 3112 2888 3179 σῶμα
2919 3108 3105 3163 αὐτοῦ.
3143 3110 3213 3166 "0
3260 3107 3318 3165 δὲ
3360 3106 3507 3184 λέγει
3566 3111 3595 3165 6
3638 3131 3775 3186 προ-

369 3202 549 3258 Isaias
580 3200 910 3273 propheta:
944 3221 975 3250 «
1017 3198 1302 3254 Torcular
1348 3215 1454 3271 ego
1506 3198 1723 3255 calcavi
1772 3218 2016 3272 prorsus

2153 3197 2303 3266 νήτης
2336 3193 2579 3268 Ἡσαΐας,
2640 3194 2722 3251 ὅτι
2782 3221 2809 3249 ι(
2861 3195 3038 3268 Ληνὸν
3088 3197 3332 3269 ἐπάτησα
3385 3198 3720 3272 μονώτατος,
3750 3223 3780 3250 η

368 3290 531 3346 solus
564 3292 606 3357 ι,
639 3311 669 3339 ››
703 3288 859 3343 hunc
889 3287 1066 3343 habet
1104 3303 1345 3343 sensum
1381 3304 1394 3342 :
1428 3288 1607 3342 Sicuti
1640 3288 1897 3344 torcular
1926 3292 2017 3344 est

2159 3289 2286 3340 οὖτο
2316 3284 2627 3359 ἐρμηνεύει.
2652 3288 2854 3362 ’Ὠσπερ
2886 3289 2920 3356 ἡ
2952 3286 3119 3358 ληνὸς
3151 3286 3371 3364 δοχεῖόν
3422 3287 3557 3357 ἐστι,
3601 3288 3689 3344 καὶ
3723 3288 3777 3345 ἐν

368 3377 802 3449 receptaculum
851 3381 909 3432 et
938 3377 998 3431 in
1024 3393 1092 3432 eo
1145 3376 1449 3432 calcantur
1496 3378 1673 3443 butri,
1723 3379 1806 3433 sic
1838 3380 2018 3434 etiam

366 3466 634 3523 Christus
667 3464 1031 3521 conculcavit
1063 3465 1334 3520 inimicos
1366 3481 1527 3534 suos,
1575 3472 1701 3522 tum
1734 3466 2019 3539 intelligi-

365 3555 533 3625 biles,
564 3562 691 3611 tum
719 3554 1048 3611 sensibiles.
1081 3554 1359 3610 Dicamus
1391 3560 1656 3611 autemet
1685 3555 2015 3628 illud,quod

364 3645 572 3701 botrus
600 3651 658 3700 et
686 3661 798 3699 uva
827 3643 1098 3700 Christus
1126 3649 1237 3713 est,
1269 3645 1370 3715 qui
1401 3644 1595 3716 seipso
1653 3661 2013 3718 compresso,

362 3732 695 3790 voluntaria
727 3732 898 3805 plaga
927 3738 985 3788 et
1025 3739 1210 3788 morte
1254 3733 1558 3789 distillavit
1587 3734 1851 3790 divinum
1884 3751 2011 3792 mu-

363 3826 545 3892 stum,
575 3837 801 3892 suoque
830 3822 1092 3894 seipsum
1126 3822 1416 3895 sanguine
1463 3824 1673 3879 rubere
1721 3822 1877 3879 fecit.
1910 3825 2015 3880 Est

361 3927 493 3967 vero
524 3912 768 3967 omnino
798 3912 999 3968 solus:
1034 3926 1173 3966 nam
1223 3910 1386 3967 solus
1428 3913 1554 3984 ipse
1604 3912 1877 3970 Christus
1910 3931 2012 3986 pro

361 4000 533 4056 nobis
555 4005 828 4056 mortuus
847 4007 938 4056 est
962 4016 975 4054 :
1011 4020 1041 4050 α
1072 4004 1196 4056 Non
1221 4001 1376 4055 enim
1401 4000 1645 4072 angelus
1666 4002 1752 4056 vel
1783 4002 2011 4074 legatus

358 4086 598 4159 aliquis,
629 4090 732 4144 sed
780 4088 907 4161 ipse
950 4088 1217 4144 Christus
1266 4088 1517 4144 salvabit
1566 4106 1693 4146 nos.
1744 4113 1764 4139 ι
1801 4091 2010 4148 Petrus

356 4193 611 4247 namque
642 4176 943 4233 Christum
973 4177 1209 4249 negavit
1240 4177 1366 4249 ipso
1393 4179 1684 4249 passionis
1721 4185 2006 4253 tempore,

355 4267 547 4322 caeteri
574 4283 807 4338 quoque
837 4266 1089 4337 apostoli
1120 4266 1332 4323 dedere
1361 4283 1425 4322 se
1456 4267 1517 4323 in
1551 4272 1772 4341 fugam.

426 4355 653 4420 Qua-331‘.
673 4354 975 4448 LXXVIII.
1022 4355 1173 4419 Quid
1222 4356 1310 4412 osi
1345 4372 1358 4412 ;
1395 4379 1424 4406 ιι
1466 4357 2008 4448 Sitientes,.venite

355 4446 428 4502 ad
460 4462 647 4516 aquas
670 4446 692 4481 ²
711 4445 740 4501 ‘I
769 4467 819 4501 ».

425 4535 581 4591 210
629 4534 799 4590 Resp.
845 4536 1011 4605 Aqua
1065 4550 1299 4591 sacrum
1350 4535 1646 4608 baptisma
1690 4537 2007 4607 signiﬁcat,

354 4629 457 4677 aut
505 4623 899 4696 lacrymarum
952 4622 1192 4690 fontem,
1261 4622 1531 4679 videlicet
1580 4625 2003 4696 paenitentiam.
2036 4648 2082 4713 Ι)

350 4711 472 4767 Hoc
502 4728 635 4768 vero
669 4729 681 4768 :
710 4734 739 4763 «
771 4716 987 4767 Euntes
1018 4712 1215 4780 emite,
1249 4713 1404 4768 edite
1452 4721 1511 4769 et
1566 4714 1748 4769 bibite
1779 4714 2003 4786 absque

351 4803 593 4874 argento
641 4801 683 4871 ³,
721 4823 749 4850 ››
800 4809 1071 4856 sanctum
1116 4801 1482 4872 baptismum
1538 4802 1768 4858 Domini
1817 4805 2004 4860 nostri

348 4889 485 4945 Jesu
520 4888 735 4945 Christi
767 4889 1081 4961 signiﬁcat.

418 4977 705 5034 Similiter
732 4977 900 5033 illud.
936 5001 964 5030 «
999 4978 1286 5036 Dominus
1335 4976 1625 5035 diluvium
1674 4978 2005 5040 inhabitare

348 5067 520 5125 faciet
549 5069 625 5135 ’3»
655 5066 950 5140 significat
974 5084 1209 5124 sacrum
1241 5067 1558 5139 baptisma,
1584 5068 1724 5140 quia
1754 5070 2006 5128 inundat

348 5156 549 5213 omnia
576 5162 832 5230 peccata.

416 5247 855 5303 Iarumanno
906 5244 1139 5302 LXXIX.
1197 5246 1368 5316 Quid,
1402 5268 1431 5297 «
1462 5245 1589 5304 Vox
1634 5246 1866 5306 Domini
1910 5250 2002 5307 in-

346 5336 691 5393 tercidentis
718 5336 1021 5392 ﬂammam
1053 5335 1207 5408 ignis
1237 5337 1304 5393 5P
1337 5359 1358 5386 ιι

420 5490 467 5527 ’⁸
489 5490 698 5549 Genes.
725 5509 811 5560 ιιι,
842 5492 898 5549 4.
1009 5493 1052 5528 ⁸⁷
1081 5492 1291 5550 Genes.
1325 5509 1403 5560 ιν,
1430 5494 1518 5549 11.

348 5559 372 5597 ⁸
401 5561 543 5619 ibid.
657 5566 677 5599 ‘
707 5565 863 5622 Psal.
898 5580 1096 5637 xxvm,
1131 5565 1217 5620 10.
1294 5564 1317 5599 ³
1347 5559 1494 5622 Ibid.
1527 5566 1583 5622 7.

421 5718 535 5801 (97)
559 5722 691 5782 Haec
720 5726 964 5798 quastio
995 5731 1084 5786 est
1114 5726 1182 5783 46
1208 5725 1281 5783 ad
1303 5727 1654 5787 Antiochum.

1631 5495 1674 5531 ⁸⁸
1704 5494 1915 5556 Cenes.
1948 5515 2033 5573 ιη,
2070 5499 2158 5571 17,

2124 3373 2294 3449 ταύτῃ
2350 3372 2777 3431 καταπατοῦνται
2844 3377 2901 3430 αἱ
2970 3376 3259 3455 σταφυλαί·
3321 3377 3495 3441 οὕτως
3544 3378 3776 3433 κατεπά-

2123 3485 2257 3535 τησε
2284 3464 2374 3518 καὶ
2407 3466 2434 3519 6
2467 3466 2697 3536 Χριστὸς
2727 3465 2855 3528 τοὺς
2904 3463 3137 3541 ἐχθροὺς
3185 3466 3373 3542 αὐτοῦ,
3431 3468 3663 3538 νοητούς
3719 3488 3779 3524 τε

2125 3553 2214 3607 καὶ
2246 3553 2558 3623 αἰσθητούς.
2619 3552 2875 3627 Εἷ’πωμεν
2936 3552 2995 3610 δὲ
3046 3556 3136 3609 καὶ
3190 3560 3373 3628 τοῦτο,
3436 3556 3519 3612 ὅτι
3555 3557 3776 3632 βότρυς,

2122 3641 2212 3696 καὶ
2244 3641 2488 3721 σταφυλή
2523 3644 2551 3698 6
2582 3644 2829 3719 Χριστὸς,
2879 3643 3027 3706 ὅστις
3066 3643 3374 3719 ἀποθλίψας
3406 3646 3590 3701 ἑαυτὸν
3624 3648 3775 3701 ἑκου-

2123 3731 2213 3802 σίᾳ
2242 3730 2431 3807 πληγῇ
2457 3733 2547 3786 καὶ
2607 3734 2841 3805 θανάτῳ,
2900 3732 3160 3804 ἀπέσταξε
3212 3735 3274 3788 τὸ
3330 3736 3476 3789 θεῖον
3519 3733 3772 3810 γλεῦκος,

2120 3820 2211 3874 καὶ
2242 3820 2500 3899 ἐφοίνιξεν
2534 3822 2720 3876 ἑαυτὸν
2768 3826 2847 3894 τῷ
2895 3819 3019 3895 ἰδίῳ
3067 3820 3279 3896 α’ίματι.
3331 3824 3657 3886 Μονώτατος
3717 3821 3775 3879 δέ

2120 3908 2287 3979 ἐστιν,
2345 3909 2427 3966 ὅτι
2490 3910 2654 3984 μόνος
2712 3911 2872 3974 αὑτὸς
2931 3912 2960 3966 ὁ
3015 3912 3266 3987 Χριστὸς,
3327 3912 3582 3977 ἀπέθανεν
3643 3913 3775 3987 ὑπὲρ

2119 4001 2302 4072 ἡμῶν·
2337 4024 2365 4054 ‹‹
2398 3999 2536 4057 Οὔτε
2563 3999 2668 4076 γὰρ
2698 3997 2951 4075 ἄγγελος,
2984 3997 3108 4055 οὔτε
3150 3996 3409 4077 πρέσϐυς,
3458 3999 3586 4058 ἀλλ’
3614 4000 3776 4062 αὐτὸς

2118 4091 2148 4143 6
2180 4088 2375 4163 Κύριος
2404 4085 2596 4144 ἔσωσεν
2660 4091 2829 4162 ἡμᾶς.
2902 4112 2932 4141 ››
2980 4090 3040 4148 Ὁ
3073 4086 3130 4144 δὲ
3180 4089 3382 4165 Πέτρος
3412 4091 3686 4165 ἠρνήσατο
3718 4089 3771 4146 έν

2115 4182 2197 4250 τῷ
2222 4182 2320 4234 τοῦ
2377 4178 2580 4242 πάθοδς
2630 4182 2824 4254 καιρῷ,
2874 4178 2967 4233 καὶ
3016 4179 3069 4235 οἱ
3119 4178 3307 4234 λοιποὶ
3358 4175 3556 4258 ἔφυγον
3602 4179 3774 4235 ἀπόσ-

2116 4266 2297 4325 τολομ

2191 4356 2385 4431 Ἐρώτ.
2416 4357 2520 4427 οη’.
2552 4356 2619 4413 Τί
2649 4356 2808 4412 ἐστιν·
2845 4381 2874 4409 ι(
2905 4357 2968 4412 Οἱ
3014 4353 3302 4432 διψῶντες,
3346 4356 3633 4432 περιύεσθε
3689 4357 3772 4435 ἐφ’

2116 4443 2265 4521 ὕδωρ
2287 4465 2300 4515 ς
2338 4467 2366 4496 )›

2189 4532 2379 4592 Ἀπόκ.
2410 4530 2590 4609 Ὕδωρ
2649 4535 2710 4590 τὸ
2770 4535 2927 4611 ἅγιον
2991 4536 3277 4613 βάπτισμα
3334 4534 3522 4610 δηλοῖ,
3574 4536 3609 4605 ἢ
3670 4538 3770 4606 τὴν

2113 4627 2222 4678 τῶν
2274 4619 2519 4697 δακρύων
2577 4625 2788 4698 πηγὴν,
2846 4623 2971 4693 ἤτοι
3023 4626 3122 4694 τὴν
3186 4624 3491 4698 μετάνοιαν.
3549 4626 3629 4684 Τὸ
3689 4622 3770 4699 δὲ,

2117 4736 2142 4767 α
2178 4708 2493 4775 Βαδίσαντες
2550 4712 2874 4789 ἀγοράσατε,
2930 4714 3023 4769 καὶ
3083 4715 3281 4792 φάγετε
3328 4716 3420 4770 καὶ
3450 4715 3601 4771 πίετε
3648 4714 3773 4770 ἄνευ

2114 4800 2397 4878 ἀργυρίου,
2432 4825 2460 4852 ι)
2489 4802 2552 4857 τὸ
2584 4799 2736 4878 ἅγιον
2771 4801 3051 4877 βάπτισμα
3079 4808 3177 4859 τοῦ
3205 4803 3402 4881 Κυρίου
3447 4805 3605 4878 ἡμῶν
3659 4805 3773 4874 ’1η-

2114 4896 2210 4946 σοῦ
2243 4894 2500 4967 Χριστοῦ.

2183 4979 2457 5042 Ὡσαύτως
2507 4979 2708 5051 καὶτὸ,
2744 5004 2772 5033 ‹‹
2806 4980 3001 5057 Κύριος
3052 4981 3143 5036 τὸν
3201 4980 3586 5056 κατακλυσμὸν
3638 5002 3769 5038 κατ-

2112 5076 2296 5140 οικιεῖ,
2331 5069 2452 5123 »τὸ
2510 5069 2665 5144 ἅγιον
2717 5068 2963 5143 ἐμφαίνει
3016 5069 3315 5146 βάπτισμα·
3367 5068 3557 5140 έπειδὴ
3609 5092 3771 5127 κατα-

2109 5160 2299 5229 κλύζει
2331 5156 2503 5220 πάσας
2526 5159 2623 5220 τὰς
2656 5159 2943 5234 ἁμαρτίας.

2181 5250 2412 5324 Ἑρμην·
2446 5254 2542 5311 οϐ’.
2575 5246 2664 5320 Τί,
2698 5272 2727 5301 ‹‹
2761 5249 2927 5317 Φωνή
2961 5247 3162 5325 Κυρίου
3195 5245 3581 5311 διακόπτοντος
3629 5247 3769 5327 φλό-

2108 5361 2179 5418 γα
2206 5337 2378 5416 πυρός
2411 5358 2426 5409 ;
2459 5362 2489 5389 »

3392 5497 3415 5533 ³
3445 5496 3558 5557 lea.
3591 5512 3679 5568 ιν,
3711 5496 3766 5555 1.

2269 5498 2315 5535 9’
2343 5495 2504 5558 Psal.
2544 5513 2608 5569 ιι,
2633 5507 2683 5556 1.
2798 5496 2815 5533 ί
2855 5499 2972 5555 Isa.
3016 5512 3178 5566 mn,
3223 5495 3279 5554 3.

2170 5731 2282 5809 (98)
2313 5729 2444 5791 Haec
2473 5728 2726 5805 qumtio
2757 5728 3036 5806 superius
3061 5728 3242 5789 edita.
