4148 6360
339 408 456 466 745

1534 397 2048 472 QU/ESTIUNES
2095 398 2174 458 IN
2219 401 2599 461 PSALMOS.

3647 399 3764 460 ’746

404 505 600 565 Ἀπόκ.
638 508 816 562 Τοῦτο
866 501 1032 574 δηλοῖ
1084 506 1180 574 τήν
1246 502 1552 576 μέλλουσαν
1615 503 1839 558 κόλασιν
1897 507 1993 558 τοῦ

2183 505 2353 560 Resp.
2387 504 2691 576 Signiﬁcat
2721 504 2987 560 futurum
3033 503 3391 576 supplicium
3450 503 3626 577 ignis,
3663 505 3762 576 qui

336 597 529 672 πύρος·
567 592 756 663 ἐπειδὴ
780 597 848 667 τῇ
874 598 971 648 τοῦ
998 598 1231 671 Χριστοῦ
1275 593 1560 669 προστάξει
1614 591 1804 666 μέλλει
1856 590 1996 646 διαι-

338 693 580 762 ρεθῆναι.
631 683 704 738 Τὸ
753 687 861 759 πῦρ
911 685 1014 759 γὰρ
1067 681 1182 758 ἔχει
1234 679 1328 737 δύο
1361 682 1647 759 ἐνεργείας·
1683 683 1864 736 καὶτὸ
1899 683 1991 754 μὲν

337 775 574 856 φωτίζον
611 771 805 848 μέλλει
839 772 1024 829 δοῦναι
1048 779 1164 837 τοῖς
1200 773 1452 845 δικαίοις,
1483 780 1544 828 τὸ
1577 771 1634 828 δὲ
1674 778 1827 828 καῖον
1877 777 1993 834 τοῖς

339 863 718 940 ἁμαρτωλοῖς·

409 953 709 1030 Ἐρμηνεία
739 954 810 1008 π’.
846 976 874 1004 ‹‹
933 953 989 1006 Ὁ
1045 952 1288 1024 ποταμὸς
1345 956 1441 1005 τοῦ
1500 956 1633 1007 Θεοῦ
1692 950 1990 1026 ἐπληρώθη

337 1042 545 1099 ὑδάτων
558 1085 568 1098 .
604 1068 631 1094 )›

406 1131 600 1189 Ἀπόκ.
633 1129 803 1185 Ὑετοί
854 1129 988 1184 εἷ’σιν
1041 1130 1092 1184 οἱ
1125 1127 1423 1184 ἀπόστολοι
1479 1127 1861 1199 Ἐπλήσθησαν
1893 1128 1994 1203 γὰρ

337 1220 608 1276 παντοίων
646 1217 865 1295 δωρεῶν
899 1218 988 1273 καὶ
1015 1218 1395 1294 χαρισμάτων,
1432 1219 1704 1274 Ἐντεῦθεν
1749 1218 1841 1272 καὶ
1889 1222 1993 1279 πᾶς

341 1307 624 1386 ἅνθρωπος
657 1308 894 1384 καθαρὸς
925 1308 1014 1362 καὶ
1045 1307 1292 1383 ἐνάρετος
1335 1312 1582 1369 τοιοῦτος
1618 1307 1871 1382 ὑπάρχει·
1904 1306 1993 1360 καὶ

344 1401 446 1474 γὰρ
476 1401 537 1455 τὸ
567 1398 712 1474 ὕδωρ
743 1397 832 1453 καὶ
866 1400 900 1466 ἡ
936 1395 1128 1470 δρόσος
1179 1398 1229 1453 ἐν
1260 1399 1330 1470 τῇ
1359 1397 1568 1476 Γραφῇ,
1601 1398 1733 1452 ποτέ
1769 1398 1862 1471 μὲν
1895 1394 1991 1466 δη-

349 1489 442 1545 λοῖ
469 1491 530 1545 τὸ
561 1492 802 1565 χάρισμα
830 1492 927 1543 τοῦ
959 1492 1113 1558 Θεοῦ,
1145 1488 1278 1543 ποτὶ
1309 1486 1366 1542 δὲ
1394 1487 1519 1550 τοὺς
1542 1485 1882 1564 πειρασμοὺς
1905 1485 1992 1541 καὶ

345 1578 444 1646 τήν
475 1579 719 1654 ταραχὴν
750 1583 845 1646 τῆς
879 1579 1088 1652 ψυχῆς.

409 1757 571 1808 Ὅταν
605 1751 661 1808 δὲ
693 1752 865 1829 λέγει,
899 1752 980 1808 ὅτι
1017 1776 1044 1804 ‹‹
1078 1755 1138 1810 Ὁ
1187 1753 1455 1810 πιστεύων
1490 1753 1565 1816 εἷς
1598 1752 1715 1826 ἐμὲ,
1749 1753 1990 1828 ποταμοὶ

2107 595 2343 649 tandem
2370 598 2536 662 iussu
2570 595 2786 649 Christi
2819 594 3129 649 dividetur.
3169 594 3328 665 Ignis
3361 611 3617 668 namque
3649 595 3764 649 du—

2107 684 2314 755 plicem
2345 685 2464 738 vim
2499 686 2690 744 habet,
2719 685 2788 738 ad
2824 684 3140 738 lucendum
3164 683 3447 750 videlicet,
3469 685 3623 755 quod
3657 685 3762 738 da-

2109 772 2265 828 bitur
2288 773 2492 844 justis,
2525 781 2579 826 et
2611 775 2682 827 ad
2715 773 3122 838 cremandum,
3156 772 3309 844 quod
3352 772 3758 844 peccatoribus

2106 861 2502 933 deputabitur.

2177 953 2510 1007 lNTERPnET.
2548 952 2754 1007 LXXX.
2789 951 2958 1018 Quid,
3004 971 3031 999 «
3062 950 3304 1006 Flumen
3336 949 3437 1005 Dei
3469 951 3757 1022 repletum

2106 1046 2192 1097 est
2223 1040 2389 1111 aquis
2422 1042 2465 1076 ¹⁸
2493 1041 2520 1095 ?
2554 1062 2581 1089 ››

2179 1133 2352 1188 RISP.
2391 1133 2498 1204 (99)
2531 1137 2638 1188 Per
2668 1149 2882 1203 aquam
2912 1131 3159 1204 apostoli
3191 1130 3610 1201 notantur,qui
3642 1146 3762 1185 om-

2106 1223 2334 1294 nigenis
2374 1223 2544 1278 donis
2567 1227 2623 1277 et
2652 1223 2845 1278 divina
2872 1221 3059 1294 gratia
3083 1219 3307 1291 impleti
3341 1226 3587 1275 sunt.Ac
3628 1219 3760 1290 qui-

2106 1313 2190 1368 vis
2221 1313 2396 1369 homo
2427 1314 2523 1386 qui
2558 1330 2742 1384 purus
2763 1318 2819 1367 et
2842 1314 3288 1384 justusest,non
3322 1310 3560 1365 aliunde
3581 1326 3759 1380 quam

2105 1404 2242 1460 hinc
2272 1403 2406 1460 talis
2435 1404 2720 1458 efﬁcitur:
2753 1421 2888 1459 nam
2949 1420 3103 1474 aqua
3159 1408 3214 1458 et
3269 1419 3385 1466 ros,
3440 1399 3760 1473 aliquando

2106 1493 2341 1565 quidem
2379 1494 2438 1548 in
2473 1493 2774 1562 Scriptura
2832 1494 3053 1548 donum
3087 1493 3209 1558 Dei,
3271 1490 3586 1562 aliquando
3622 1505 3759 1545 vero

2105 1582 2314 1639 animae
2345 1582 2697 1638 tentationes
2728 1585 2784 1637 et
2810 1582 3018 1636 anima:
3043 1580 3544 1652 perturbationem
3575 1579 3761 1650 signi-

2106 1673 2257 1727 ficat.

2173 1761 2415 1825 Quando
2447 1776 2579 1815 vero
2610 1759 2844 1831 inquit:
2885 1782 2904 1808 ι
2940 1759 3049 1822 Qui
3080 1757 3266 1813 credit
3294 1757 3356 1813 in
3388 1758 3762 1825 me,ﬂumina

342 1843 623 1920 ῥεύσουσιν
654 1843 714 1899 ἐκ
740 1852 839 1914 τῆς
871 1843 1085 1906 κοιλίας
1120 1842 1304 1899 αὐτοῦ·
1341 1868 1368 1896 ››
1417 1845 1528 1916 καὶ,
1583 1869 1604 1897 ι
1659 1845 1748 1906 Ὠς
1799 1842 1993 1918 δρόσος

2125 1852 2175 1907 le
2233 1854 2432 1905 ventre
2484 1851 2612 1920 ejus
2673 1850 2856 1904 ﬂuent
2885 1849 3027 1914 ¹⁰;››
3059 1853 3136 1913 et,
3169 1870 3196 1896 ‹‹
3252 1847 3324 1902 Ut
3374 1863 3470 1902 ros
3507 1847 3758 1902 Hermon

340 1935 591 2006 Ἀερμῶν
621 1936 655 2003 ἡ
690 1929 1087 1989 καταϐαίνουσα
1119 1934 1205 1988 ἐπὶ
1236 1935 1302 1990 τὰ
1333 1934 1432 2009 ὅρη
1471 1936 1670 2003 Σιὼν,‹ι
1699 1935 1765 1990 τὰ
1796 1934 1991 2012 χαρίσ-

344 2043 484 2095 ματα
514 2021 664 2098 λέγει
690 2027 787 2078 τοῦ
820 2023 980 2097 ἁγίου
1016 2024 1343 2097 Ηνεύματος.
1377 2027 1517 2102 ’Όρη
1571 2023 1626 2080 δὶ
1663 2025 1802 2080 Σιὼν
1851 2025 1991 2102 λέγει

336 2111 466 2172 τοὺς
492 2112 629 2166 κατὰ
652 2113 778 2167 Θεὸν
817 2116 1014 2181 ζῶντας
1047 2115 1463 2185 πνευματικούς.

415 2198 586 2254 Πάλιν
622 2202 745 2256 ’ὁταν
777 2199 947 2277 λέγει·
989 2227 1009 2252 ι
1049 2203 1234 2257 Σῶσόν
1272 2225 1358 2276 με,
1404 2205 1431 2257 ὁ
1471 2205 1623 2273 Θεὸς,
1675 2204 1757 2260 ὅτι
1811 2204 1992 2275 εἰσήλ-

343 2290 504 2343 Θοσαν
537 2287 703 2344 ὕδατα
729 2287 833 2352 ἕως
865 2293 1050 2366 ψυχῆς
1089 2312 1211 2364 μου·
1251 2317 1271 2343 ιι
1306 2294 1419 2361 καὶ,
1455 2316 1483 2345 ‹‹
1512 2299 1655 2370 ’Ἄρα
1686 2291 1905 2363 διῆλθεν
1955 2297 1990 2364 ἡ

341 2379 495 2454 ψυχὴ
529 2379 691 2448 ἡμῶν
722 2379 786 2434 τὸ
817 2376 962 2454 ὕδωρ
994 2381 1056 2435 τὸ
1085 2381 1475 2450 ἀνυπόστατον,
1511 2407 1538 2433 ››
1594 2383 1721 2446 τοὺς
1772 2404 1992 2458 πειρασ-

345 2466 484 2540 μοὺς
519 2466 669 2543 λάγει
701 2474 802 2537 τῆς
834 2471 1041 2544 ψυχῆς.

414 2555 610 2632 Ἐρώτ.
644 2557 752 2614 πα’.
789 2555 857 2613 Τί
889 2556 1051 2612 ἐστιν·
1092 2582 1113 2610 ιι
1150 2554 1374 2622 Ἀναϐὰς
1407 2560 1481 2622 εἷς
1509 2559 1665 2634 ὕψος,
1716 2561 1992 2637 ᾐχμαλώ-

338 2665 529 2706 τευσας
562 2643 988 2720 αἷχμαλωσίαν;
1022 2670 1042 2696 ιι

413 2733 610 2790 Ἀπόκ.
641 2739 810 2788 Τοῦτο
863 2733 1010 2809 λέγε,
1062 2735 1145 2791 ὅτι
1192 2733 1392 2801 ἀναϐὰς
1433 2738 1459 2792 ὁ
1491 2740 1720 2814 Χριστὸς
1754 2739 1840 2795 ἐπὶ
1897 2746 1993 2796 τοῦ

342 2829 598 2898 σταυροῦ,
628 2824 721 2879 τὸν
750 2823 884 2895 ᾃδην
915 2824 1222 2896 ἐσκύλευσε,
1253 2829 1341 2883 καὶ
1366 2829 1788 2904 ᾐχμαλώτευσε.
1819 2832 1994 2888 Τοῦτό

341 2911 452 2968 ἐστι
507 2912 594 2967 καὶ
642 2913 703 2968 τὸ
764 2912 950 2989 λέγον·
1013 2940 1042 2966 ‹‹
1100 2917 1259 2972 Εἶπεν
1316 2919 1342 2972 ὁ
1404 2919 1621 2995 Κύριος·
1684 2922 1775 2976 Ἐκ
1818 2921 1992 2978 Βασᾶν

343 3000 674 3076 ἐπιστρέψω,
735 3027 762 3054 ›)
810 3005 1084 3058 τουτέστιν
1135 3004 1241 3059 ἀπὸ
1281 3011 1377 3060 τοῦ
1426 3013 1655 3082 σταυροῦ
1689 3008 1994 3085 ἐπιστρέψω

345 3091 422 3152 εἷς
457 3088 614 3161 ᾅδην.
679 3093 850 3146 Βασὰν
908 3094 1009 3169 γὰρ
1065 3093 1418 3167 ἑρμηνεύεται
1477 3097 1735 3173 αἰσχύνη.
1795 3101 1993 3176 Οἱγὲιρ

342 3177 598 3237 Ἰουδαῖοι
630 3180 720 3235 τὸν
783 3182 1006 3257 σταυρὸν
1067 3182 1140 3244 ὡς
1190 3184 1457 3259 αἰσχύνην
1507 3187 1679 3262 εἶχον,
1713 3193 1801 3242 καί
1831 3191 1994 3244 κατά-

345 3289 439 3344 ρας
469 3271 695 3345 ὃργανον
726 3275 886 3325 τοῦτο
919 3270 1224 3344 ὠνόμαζον.
1275 3273 1430 3330 Ἀλλ’
1479 3277 1506 3328 ὃ
1556 3278 1782 3353 Χριστὸς
1827 3279 1992 3354 ἡγία-

344 3379 429 3413 σεν
464 3357 645 3430 αὐτὸν,
678 3358 752 3421 ὡς
786 3358 836 3414 έν
870 3359 1016 3432 αὐτῷ
1044 3361 1141 3429 τήν
1204 3363 1473 3438 σωτηρίαν
1529 3370 1635 3420 τῶν
1694 3367 1994 3444 ἀνθρώπων

343 3468 492 3523 πραγ
502 3449 736 3520 ματευσά
742 3468 835 3520 μεν
844 3469 901 3510 ος
911 3492 924 3505 .

418 3537 594 3610 Ἑρώτ
622 3537 736 3613 πβ’,
778 3537 838 3592 Τί
887 3536 1052 3615 λέγει·
1105 3562 1133 3591 ‹‹
1183 3539 1448 3597 Πλούσιοι
1498 3542 1842 3621 ἐτπώχευσαν
1902 3547 1991 3602 καὶ

342 3623 623 3680 ἐπείνασαν
652 3653 665 3694 ς
699 3646 724 3678 n

417 3713 610 3772 Ἀπόκ.
645 3712 948 3777 Πλουσίους
998 3714 1218 3781 ἐνταῦθα
1272 3719 1399 3782 τοὺς
1458 3720 1752 3787 Ἰουδαίους
1811 3725 1988 3799 καλεῖ·

344 3801 694 3877 ἐπτώχευσαν
730 3800 806 3874 δὲ,
843 3802 1028 3874 ἐπειδὴ
1064 3804 1369 3863 ἀπέκτειναν
1398 3810 1488 3864 τὸν
1524 3807 1681 3888 ἄρτον
1714 3820 1813 3884 τῆς
1847 3818 1990 3884 ζωῆς

343 3891 434 3947 καὶ
465 3890 628 3959 ἦλθεν
658 3891 740 3947 ἐπ’
771 3891 964 3955 αὐτοὺς
999 3895 1026 3948 ὁ
1057 3892 1245 3967 λιμός·

418 3981 612 4057 Ἐρώτ.
645 3989 748 4056 πγ’.
779 3981 840 4035 Τί
871 3979 1037 4058 λέγει,
1073 4007 1099 4034 ‹‹
1134 3983 1224 4046 Εἷς
1279 3986 1374 4048 τὰς
1424 3989 1632 4062 πρωίας
1690 3990 1994 4048 ἀπέκτεινον

346 4069 550 4130 πάντας
579 4069 705 4131 τοὺς
744 4070 1105 4146 ἁμαρτωλοὺς
1153 4076 1251 4142 τῆς
1296 4076 1419 4150 γῆς,
1468 4081 1566 4131 τοῦ
1617 4077 1993 4155 ἐξολοθρεῦσαι

347 4157 408 4213 ἐκ
434 4158 653 4221 πόλεως
678 4159 882 4236 Κυρίου
914 4161 1114 4224 πάντας
1145 4161 1271 4225 τοὺς
1304 4164 1694 4239 ἐργαζομένους
1725 4170 1823 4238 τὴν
1869 4171 1994 4226 ἀνο-

352 4246 476 4320 μίαν
503 4267 515 4316 ;
553 4271 581 4299 ››

421 4335 610 4393 Ἀποκ.
644 4336 714 4393 ’Ὀ
745 4334 909 4425 λέγει,
958 4338 1204 4393 τοιοῦτόν
1268 4339 1430 4396 ἐστιν·
1490 4341 1669 4421 ὥσπερ
1729 4349 1762 4416 ἡ
1818 4350 2001 4425 πρωῒα

348 4422 498 4512 ᾇρχή
540 4430 641 4492 τῆς
699 4423 909 4512 ἡμέρας
967 4425 1130 4498 ἐστὶν,
1183 4427 1326 4483 οὕτω
1373 4431 1462 4485 καὶ
1511 4433 1687 4504 πάσης
1736 4422 2002 4512 ἁμαρτίας

349 4510 491 4567 ἐστὶν
526 4511 674 4589 ἀρχὴ
710 4509 958 4584 ὑποϐολή
989 4520 1086 4570 τοῦ
1136 4517 1357 4594 ἐχθροῦ.
1393 4525 1486 4576 Διὸ
1519 4522 1690 4597 Λέγει·
1721 4550 1749 4577 ‹‹
1786 4509 1876 4590 Εἷς
1906 4528 2002 4592 τὰς

354 4602 568 4677 πρωῒας
628 4603 960 4677 ἀπέκτεινον,

353 4689 638 4766 λογισμῶν
675 4691 956 4760 ἐσκόπουν,
987 4693 1077 4747 καὶ
1130 4691 1356 4751 ἐδίωκον
1406 4699 1503 4758 τὰς
1550 4689 1864 4777 προσϐολὰς
1909 4708 2002 4762 αὖ-

348 4783 481 4849 τῶν,
515 4779 602 4834 καὶ
634 4782 836 4843 πάντας
864 4780 990 4843 τοὺς
1024 4783 1406 4859 ἁμαρτωλοὺς,
1448 4785 1572 4856 ἤτοι
1619 4791 1744 4853 τοὺς
1803 4792 2001 4859 δαίμο-

347 4889 464 4939 νας,
511 4868 645 4932 τοὺς
694 4875 983 4932 ποιοῦντας
1042 4869 1092 4925 ἐν
1146 4870 1268 4945 ἐμοὶ
1315 4875 1414 4943 τὴν
1475 4877 1759 4953 ἁμαρτίαν,
1801 4907 1826 4936 ιι
1856 4847 2004 4949 ὅπως

350 4956 728 5034 ἐξολοθρεῦσαι
784 4959 843 5015 ἐκ
889 4957 1105 5022 πόλεως
1154 4962 1353 5037 Κυρίου
1401 4964 1623 5040 πάντας,
1670 4974 1999 5030 »τουτέστιν

351 5045 403 5102 ἐν
433 5053 530 5117 τῆς
561 5051 767 5124 ψυχῆς.
805 5047 974 5111 Πόλις
1008 5049 1112 5124 γὰρ
1146 5051 1342 5125 Κυρίου
1366 5052 1505 5109 ἐστὶν
1538 5058 1571 5125 ἡ
1606 5061 1780 5135 ψυχή.
1818 5060 2002 5119 Ἐδίω-

345 5157 444 5191 κον
504 5137 629 5212 γὰρ,
683 5137 837 5215 φησὶ,
887 5139 976 5193 καὶ
1027 5139 1342 5196 ἀπέκλεινον
1393 5146 1487 5206 τὰς
1532 5147 1770 5224 κεφαλὰς
1800 5149 1999 5227 αὐτῶν,

2106 1940 2462 1996 descendens
2503 1955 2681 2010 super
2711 1941 2940 1993 montes
2967 1936 3106 1992 Sion
3139 1936 3203 2003 9°,
3238 1958 3266 1986 »
3327 1935 3550 1991 iudicat
3603 1938 3760 1992 dona

2105 2030 2362 2101 Spiritus
2393 2028 2599 2084 sancti.
2620 2028 2850 2084 Montes
2879 2044 3011 2083 vero
3042 2027 3178 2082 Sion
3205 2026 3364 2097 dicit,
3398 2025 3759 2098 spirituales,

2105 2120 2201 2190 qui
2236 2119 2562 2174 secundum
2596 2119 2773 2172 Deum
2806 2115 3328 2181 vivunt,homines.

2176 2209 2404 2264 Rursus
2434 2206 2844 2279 quandodicit,
2879 2205 3162 2260 «Salvum
3199 2221 3290 2260 me
3318 2206 3758 2276 I'ac,Deus,quo—

2104 2299 2261 2353 niam
2278 2297 2554 2369 ingressa
2567 2299 2706 2350 sunt
2719 2312 2881 2367 aqum
2895 2311 3082 2366 usque
3096 2295 3166 2349 ad
3182 2293 3439 2348 animam
3455 2294 3758 2360 meam";»

2103 2393 2180 2456 et,
2214 2411 2243 2437 «
2277 2386 2542 2441 Forsitan
2585 2385 3004 2457 pertransisset
3051 2383 3249 2438 anima
3300 2387 3501 2438 nostra
3543 2397 3756 2454 aquam

2106 2478 2285 2532 fundo
2318 2479 2609 2530 carentem
2637 2475 2703 2540 2*,
2729 2496 2755 2522 »
2789 2473 2996 2528 animae
3019 2471 3371 2528 tentationes
3403 2472 3644 2526 indicat.

2176 2569 2401 2633 Quens'r.
2437 2563 2671 2618 LXXXI.
2707 2563 2852 2628 Quid
2913 2566 3001 2618 est
3057 2562 3211 2633 quod
3268 2561 3440 2616 dicit:
3475 2582 3504 2611 «
3538 2562 3754 2616 Ascen-

2107 2658 2250 2713 dens
2279 2655 2338 2709 in
2370 2654 2577 2719 altum,
2611 2653 2898 2723 captivam
2933 2651 3148 2706 duxisti
3175 2650 3574 2722 captivitatem
3606 2649 3699 2704 28?
3723 2671 3753 2700 »

2176 2746 2347 2800 RESP.
2383 2748 2501 2797 Hoc
2531 2741 2836 2812 dicit,quia
2882 2739 3169 2808 Christus,
3221 2755 3541 2794 conscensa
3560 2753 3754 2808 cruce,

2105 2834 2475 2906 depraedatus
2505 2836 2596 2886 est
2624 2831 2919 2884 infernum
2951 2833 3007 2884 et
3044 2828 3339 2900 captivum
3371 2826 3650 2897 duxit(1).
3685 2827 3756 2881 Et

2106 2923 2214 2978 hoc
2245 2927 2334 2977 est
2373 2925 2429 2976 et
2459 2919 2603 2974 illud
2634 2919 2785 2989 quod
2821 2918 2937 2973 ait:
2974 2939 3000 2966 «
3035 2916 3188 2970 Dixit
3220 2914 3523 2981 Dominus,
3557 2931 3626 2969 ex
3646 2914 3753 2969 Ba-

2106 3029 2210 3068 san
2235 3016 2510 3079 revertar,
2536 3031 2562 3058 »
2597 3009 2705 3063 hoc
2735 3011 2842 3075 est,
2859 3007 3111 3062 decruce
3130 3004 3508 3060 adinfernum
3531 3003 3754 3058 redibo.

2107 3102 2293 3156 Basan
2327 3099 2482 3154 enim
2515 3097 2857 3169 explicatur,
2890 3095 3194 3167 turpitudo.
3227 3093 3372 3148 Nam
3413 3091 3597 3146 Judaei
3630 3105 3758 3146 cru-

2107 3206 2229 3244 cem
2262 3193 2329 3244 ut
2349 3186 2774 3259 turpitudinem
2808 3187 3099 3256 reputant,
3133 3187 3190 3238 et
3236 3181 3366 3236 ideo
3397 3179 3760 3236 maledictio-

2109 3278 2202 3334 nis
2269 3292 2554 3350 organum
2617 3274 2904 3330 vocabant
2959 3289 3110 3328 eam.
3170 3271 3283 3326 Sed
3330 3269 3597 3325 Christus
3628 3283 3759 3324 eam

2104 3366 2596 3434 sanctiﬁcavit,eo
2625 3364 2778 3437 quod
2811 3363 2871 3418 in
2902 3379 2970 3418 ea
3001 3362 3252 3418 salutem
3284 3359 3594 3416 hominum
3625 3373 3758 3431 per-

2103 3457 2320 3515 fecerit.

2175 3551 2400 3612 Qums'r.
2428 3543 2691 3600 LXXXII.
2724 3542 2869 3608 Quid
2922 3545 3010 3598 est
3057 3540 3212 3613 quod
3253 3539 3428 3596 dicit:
3467 3559 3495 3588 «
3534 3536 3754 3593 Divites

2104 3639 2394 3712 eguerunt
2420 3639 2476 3690 et
2505 3631 2900 3688 esurierunt"
2918 3630 2946 3685 ?
2979 3651 3006 3679 »

2178 3728 2347 3783 Resp.
2383 3726 2456 3793 (2)
2488 3722 2706 3778 Divites
2737 3721 2844 3776 hoc
2875 3718 3000 3775 loco
3030 3721 3197 3774 vocat
3224 3715 3592 3787 Judaaos,qui
3622 3715 3747 3770 ino-

2108 3833 2208 3888 pes
2244 3815 2374 3871 lacti
2420 3815 2580 3878 sunt,
2612 3828 2678 3866 eo
2711 3810 2865 3882 quod
2900 3808 3220 3865 occiderint
3248 3823 3459 3880 panem
3509 3805 3661 3872 vitae,
3695 3807 3752 3859 et

2102 3906 2261 3961 venit
2289 3919 2466 3975 super
2493 3919 2591 3957 eos
2623 3901 2826 3954 fames.

2176 3994 2400 4058 Qums'r.
2439 3989 2717 4046 LXXXIII.
2748 3987 2895 4051 Quid
2923 3991 3014 4042 est
3045 3987 3198 4058 quod
3236 3986 3468 4057 inquit:
3504 4007 3530 4034 «
3557 3985 3619 4040 In
3639 4000 3759 4040 ma-

2107 4083 2296 4138 tutino
2328 4077 2748 4136 interﬁciebam
2775 4093 2979 4133 omnes
3012 4079 3345 4147 peccatores
3365 4073 3760 4145 terras,utdis-

2108 4173 2408 4246 perderem
2443 4169 2513 4223 de
2544 4167 2774 4223 civitate
2810 4165 3037 4220 Domini
3069 4180 3276 4220 omnes
3307 4166 3619 4235 operantes
3642 4159 3760 4218 ini-

2113 4262 2398 4335 quitatem
2431 4259 2477 4293 93
2507 4258 2534 4312 ?
2560 4279 2588 4307 ››

2183 4351 2354 4406 Ηιιξιρ.
2382 4347 2570 4418 Hujus
2592 4343 2728 4399 dicti
2766 4342 2888 4397 haec
2945 4347 3036 4398 est
3079 4341 3408 4397 sententia:
3440 4341 3596 4397 sicut
3643 4356 3765 4396 ma-

2109 4441 2370 4498 tutinum
2399 4445 2648 4507 tempus,
2683 4432 2898 4488 dieiest
2926 4430 3185 4497 initium,
3221 4429 3511 4486 sicomnis
3539 4427 3763 4500 peccati

2111 4530 2348 4586 initium
2399 4530 2489 4582 est
2532 4521 2758 4579 inimici
2792 4519 3167 4576 fraudulenta
3225 4517 3544 4591 suggestio.
3604 4518 3760 4588 Ideo,

1024 4629 1044 4655 ι
1107 4605 1382 4662 τουτέστιν
1443 4610 1516 4673 εἷς
1564 4614 1658 4675 τὰς
1689 4613 1862 4691 ἀρχὰς
1890 4623 1994 4673 τῶν

2125 4619 2339 4692 .nquit:
2376 4639 2403 4668 «
2432 4617 2495 4670 In
2529 4612 2819 4669 matutino
2866 4609 3312 4672 interﬁciebam,
3347 4629 3374 4659 ι)
3410 4607 3520 4663 hoc
3542 4612 3650 4679 est,
3674 4623 3762 4663 re-

2118 4709 2437 4782 spiciebam
2454 4704 2525 4760 ad
2551 4700 2838 4775 principia
2850 4698 3355 4770 cogitationum,et
3378 4696 3770 4770 persequebar

2118 4815 2318 4856 earum
2379 4797 2659 4867 impetus,
2718 4794 2891 4860 atque
2945 4789 3089 4843 adeo
3138 4793 3470 4861 peccatores
3540 4803 3768 4856 omnes,

2119 4903 2330 4960 nempe
2359 4887 2676 4946 daemones,
2702 4881 2799 4950 qui
2837 4876 3059 4934 iaciunt
3088 4878 3146 4932 in
3180 4895 3274 4933 me
3303 4882 3626 4950 peccatum,
3651 4898 3672 4925 ιι
3707 4879 3773 4931 ut

2118 4977 2514 5049 disperderem
2549 4972 2619 5026 de
2641 4970 2872 5024 civitate
2901 4966 3128 5022 Domini
3162 4984 3386 5034 omnes,
3415 4988 3442 5016 »
3467 4966 3575 5020 hoc
3596 4967 3774 5020 estex

2117 5067 2334 5123 anima.
2373 5063 2584 5118 Anima
2614 5072 2892 5128 namque,
2929 5055 3156 5111 Domini
3193 5055 3398 5111 civitas
3428 5058 3537 5108 est.
3565 5057 3774 5107 Perse-

2118 5157 2340 5230 quebar
2369 5153 2548 5219 enim,
2582 5145 2793 5219 inquit,
2826 5149 2884 5200 et
2913 5143 3330 5199 abscindebam
3385 5142 3648 5214 ipsorum
3682 5155 3774 5196 ca-

429 5351 471 5441 :
501 5350 654 5441 P.89‘1'
679 5370 825 5422 Lm:
963 5354 1207 5441 fioap.
1233 5373 1334 5441 vn,
1366 5360 1454 5418 38.
1487 5363 1532 5398 ²⁰
1561 5364 1716 5422 Psal.
1741 5383 1954 5441 cxxxn,
1989 5372 2043 5428 3.
2081 5373 2125 5408 ει
2157 5369 2313 5427 Psal.
2349 5382 2541 5432 vam,
2571 5364 2626 5416 2.
2662 5362 2708 5396 ²²
2738 5358 2890 5416 Psal.
2921 5354 3185 5424 cxxm,5.
3218 5354 3264 5390 ‘3
3294 5351 3448 5408 Psal.
3481 5365 3651 5419 van,
3687 5351 3776 5408 19.

352 5422 400 5457 ²⁴
426 5422 577 5480 Psal.
611 5441 809 5497 χχχιιι,
843 5427 929 5481 11.
963 5427 1007 5461 ³⁵
1038 5425 1189 5482 Psal.
1225 5445 1278 5497 α,
1301 5422 1354 5486 8.

434 5648 663 5734 (Etim-Ex
695 5649 1056 5734 Theodoreto
1097 5656 1158 5710 in
1184 5657 1478 5734 psalmum;
1492 5678 1640 5734 LXIV,
1671 5685 1724 5725 ν.
1759 5671 1845 5728 10.

437 5720 509 5792 (1)
531 5720 893 5781 'Theodoret.
928 5726 1091 5798 inps.
1130 5720 1304 5800 Lixn,
1332 5745 1388 5788 v.
1419 5732 1509 5790 23.

681 5849 944 5916 ΡΑπιοῐ..
994 5854 1106 5916 GI.
1156 5854 1432 5922 XXVIII.

2208 5671 2285 5745 (2)
2317 5667 2667 5727 Theodoret.
2700 5663 2760 5719 in
2799 5661 2956 5717 hunc
2986 5671 3242 5713 versum.

3361 5853 3432 5919 24
