4148 6354
395 400 432 456 7
437 401 512 458 4⁸7

1572 395 1634 454 S.
1683 390 2306 453 ATHANASIUS.—
2339 390 2652 453 SPURIA.

3711 389 3826 455 748

401 531 544 604 pita,
577 530 798 587 scilicet
830 529 1139 604 principia,
1202 528 1270 584 ad
1341 527 1801 599 disperdendum
1860 543 1958 581 eos
1985 541 2048 579 ex

2167 518 2289 590 ἤτοι
2321 523 2417 585 τὰς
2458 523 2657 600 ἀρχὰς,
2718 523 2870 587 ὅπως
2928 523 3296 601 ἐξολοθρεῦσω
3354 524 3550 588 αὐτοὺς
3605 524 3665 582 ἰκ
3719 533 3822 596 τῆς

406 621 623 687 anima,
659 638 730 676 ne
762 624 1148 692 operarentur
1186 634 1419 674 omnem
1452 615 1820 689 iniquitatem
1851 620 1907 671 et
1925 631 2053 686 pec-

399 713 617 764 catum.
1187 714 1191 718 '

464 798 695 862 Quass'r.
735 796 1019 852 LXXXIV.
1055 797 1202 862 Quid
1236 801 1324 851 est
1355 797 1510 868 quod
1537 795 1764 866 inquit:
1801 819 1828 843 ‹‹
1864 791 2053 848 Catuli

400 885 638 943 leonum
698 887 995 958 rugientes
1028 891 1092 940 ut
1131 886 1382 956 rapiant,
1437 891 1494 940 et
1535 889 1798 956 quaerant
1851 903 1882 938 a
1943 889 2053 939 Deo

396 993 592 1033 escam
625 976 758 1032 sibi.
791 979 968 1031 Ortus
1001 980 1089 1030 est
1122 974 1230 1042 sol,
1263 980 1320 1028 et
1349 974 1686 1046 congregati
1725 977 1885 1039 sunt,
1906 976 1962 1028 et
1995 972 2051 1026 in

397 1065 696 1138 speluncis
730 1065 855 1120 suis
892 1064 1194 1119 cubabunt
1222 1065 1265 1098 ²⁶
1299 1067 1321 1119 ?
1349 1085 1376 1112 ››

469 1154 641 1209 Βεερ.
674 1154 911 1209 Catulos
938 1153 1344 1220 leonum,dicit
1378 1151 2054 1225 prophetasBugiebant

393 1259 528 1298 vero
562 1243 880 1299 clamantes
937 1248 994 1298 et
1024 1242 1351 1312 loquentes,
1412 1258 1478 1296 ac
1510 1242 1926 1313 prophetantes
1961 1241 2048 1295 in-

393 1332 789 1388 carnationem
850 1330 976 1385 Filii
1039 1331 1160 1386 Dei.
1223 1332 1471 1386 Exortus
1503 1347 1635 1384 vero
1668 1335 1756 1385 est
1801 1330 1908 1395 sol,
1939 1329 2048 1385 hoc

391 1421 665 1491 est,venit
692 1420 959 1475 Christus
989 1425 1045 1474 et
1075 1418 1726 1489 tacuerunt.Propheta:
1758 1435 1943 1488 usque
1975 1417 2047 1472 ad

391 1510 676 1566 Joannem
707 1509 1156 1581 prophetarunt.
1193 1509 1309 1564 Hoc
1340 1514 1450 1577 est,
1514 1510 1669 1579 quod
1699 1508 1872 1562 etiam
1909 1505 2048 1562 alibi

393 1599 534 1654 dicit
579 1598 916 1670 Scriptura:
977 1619 1004 1650 α
1043 1598 1378 1653 Tenebrosa
1433 1614 1608 1668 aqua,
1671 1598 1729 1651 in
1789 1595 2047 1651 nubibus

393 1688 568 1744 aeris.
597 1689 711 1743 Prae
745 1687 970 1758 fulgore
989 1688 1134 1742 271
1175 1687 1304 1757 ejus
1336 1686 1522 1741 nubes
1555 1684 1913 1740 lransierunt
1933 1685 1998 1739 ³⁷.
2020 1706 2040 1732 ι

392 1777 1012 1846 Tenebrosamaquam
1045 1775 1188 1829 dicit
1221 1775 1480 1830 divinam
1505 1774 2042 1845 Scripturam,quo-

391 1867 549 1921 niam
619 1865 679 1920 in
738 1864 987 1936 caligine
1046 1867 1236 1919 Moses
1291 1863 1480 1934 legem
1530 1863 1742 1935 accipit
1774 1863 1951 1918 aDeo
1983 1863 2042 1917 in
2079 1899 2124 1963 Β

393 1958 591 2009 monte
620 1952 778 2009 Sina.
803 1953 953 2017 Quin
981 1952 1092 2024 ipsi
1128 1951 1422 2024 propheta:
1454 1969 1687 2024 quoque
1721 1969 1831 2007 non
1867 1952 2046 2007 mani-

394 2045 561 2114 feste,
596 2044 696 2099 sed
730 2044 977 2098 obscure
1020 2047 1078 2096 et
1111 2042 1364 2097 tenuiter
1420 2042 1852 2112 quodammodo
1884 2041 2045 2096 vide-

397 2137 536 2188 runt
593 2133 909 2187 adventum
961 2131 1195 2199 Christi,
1229 2136 1284 2186 et
1348 2132 1814 2186 manifestarunt.
1851 2131 2046 2186 Nubes

395 2222 553 2279 enim
585 2226 745 2277 vocat
778 2219 1113 2292 prophetas,
1169 2219 1264 2291 qui
1328 2220 1738 2291 praedicarunt,
1791 2225 1847 2274 et
1877 2223 2046 2292 quasi

395 2327 611 2384 aquam
643 2310 994 2378 effuderunt,
1029 2308 1446 2380 spiraruntque
1479 2309 1656 2363 veluti
1707 2309 1858 2364 venti
1900 2311 2044 2365 divi-

397 2417 540 2454 num
591 2415 924 2454 sermonem
957 2403 1014 2453 et
1069 2397 1257 2470 legem
1290 2415 1467 2468 super
1517 2403 1748 2467 terram,
1781 2416 1912 2471 qua:
1960 2406 2049 2456 est

393 2489 497 2543 illa
527 2489 839 2543 tenebrosa
893 2503 1066 2558 aqua.
1101 2492 1148 2539 A
1212 2485 1435 2558 fulgore
1469 2504 1599 2541 vero
1650 2489 1779 2557 ejus
1814 2489 1871 2543 in
1905 2506 2048 2544 con-

399 2582 603 2648 spectu
634 2577 852 2647 ejus,ut
887 2576 957 2630 ab
989 2576 1116 2646 ejus
1164 2575 1222 2629 in
1273 2592 1446 2631 carne
1475 2577 1724 2632 adventu
1759 2594 1954 2633 coram
1983 2596 2048 2634 eo

399 2667 609 2732 nubes,
642 2665 934 2737 praphetae
974 2663 1257 2733 videlicet,
1301 2671 1680 2721 cessaverunt
1725 2671 1782 2722 et
1815 2668 2048 2723 absces-

400 2760 623 2812 serunt.

471 2846 695 2910 Qums'r.
724 2843 978 2900 LXXXV.
1029 2845 1176 2910 Quid
1198 2849 1308 2914 est,
1343 2868 1370 2896 ‹‹
1431 2846 1598 2902 Mons
1656 2845 1793 2902 Sion
1827 2847 1958 2916 iste,
1990 2846 2051 2903 in

398 2952 510 3008 quo
541 2934 821 2992 habitasti
854 2934 912 2989 in
944 2950 1009 2989 eo
1041 2935 1084 2969 ³⁸
1105 2935 1132 2988 ‘I
1165 2956 1192 2984 »

471 3025 641 3081 Rssr.
668 3024 873 3080 Divina
903 3023 1204 3096 Scriptura
1236 3024 1441 3080 multis
1462 3025 1652 3080 modis
1683 3041 1878 3080 vocem
1897 3043 2055 3082 mon-

397 3113 475 3170 tis
505 3114 942 3185 interpretatur.
980 3117 1047 3168 Et
1097 3113 1190 3168 hic
1249 3114 1488 3185 quidem
1545 3131 1715 3169 mons
1774 3114 1933 3182 Sion,
1967 3121 2056 3172 est

403 3203 567 3260 locus
595 3203 1013 3269 Jerusalem,in
1045 3219 1160 3273 quo
1187 3202 1468 3258 habitavit
1491 3203 1769 3259 Dominus
1804 3222 1869 3260 ac
1902 3210 2054 3262 Deus

406 3298 605 3350 noster
656 3293 833 3348 Jesus
885 3292 1156 3348 Christus
1215 3293 1556 3349 incarnatus
1608 3310 1781 3365 super
1810 3299 2052 3352 terram.
2085 3269 2127 3338 C

406 3385 660 3440 Montem
694 3398 903 3437 rursus
935 3382 1167 3454 proprie
1211 3387 1375 3436 vocat
1434 3383 1870 3439 sanctissimam
1925 3385 2054 3440 Dei-

400 3477 700 3546 param,ut
727 3488 862 3527 cum
895 3471 1123 3544 inquit:
1151 3494 1178 3523 «
1213 3472 1379 3528 Mons
1410 3473 1468 3526 in
1488 3489 1603 3544 quo
1625 3474 2053 3545 beneplacitum

398 3567 488 3618 est
518 3566 632 3618 Deo
664 3560 930 3616 habitare
987 3561 1044 3615 in
1079 3577 1165 3625 eo,
1201 3561 1414 3617 etenim
1449 3561 1733 3618 Dominus
1763 3563 2055 3620 habitabit

394 3652 454 3706 in
489 3651 663 3707 ﬁnem
689 3651 750 3706 ²⁹.
789 3675 810 3703 ιι
847 3651 918 3706 Ει
949 3649 1089 3705 alibi
1138 3649 1428 3707 habetur:
1477 3674 1505 3702 ‹‹
1537 3651 1692 3707 Deus
1724 3669 1757 3707 a
1788 3653 2050 3709 Theman

396 3740 588 3796 veniet
633 3744 690 3796 et
746 3739 996 3796 Sanctus
1053 3756 1122 3795 ex
1179 3745 1372 3796 monte
1404 3758 1582 3813 opaco
1633 3747 1685 3797 et
1713 3742 1894 3799 denso
1922 3744 1986 3798 ³ο.
2021 3766 2049 3793 ››

398 3829 567 3885 Mons
597 3833 797 3884 autem
832 3828 1047 3884 dicitur
1076 3832 1283 3884 sancta
1342 3829 1603 3902 Deipara.
1662 3832 1809 3896 Quia
1840 3848 2048 3903 quem-

399 3918 716 3974 admodum
779 3916 818 3972 ii
876 3916 976 3989 qui
1028 3917 1086 3972 in
1147 3934 1352 3990 campo
1401 3919 1730 3992 ambulant,
1777 3925 1835 3976 et
1865 3920 2052 3976 calore

399 4011 672 4078 aestuant,
703 4007 752 4062 si
785 4011 1045 4063 montem
1079 4008 1352 4078 subeunt,
1387 4009 1542 4065 velut
1592 4027 1721 4065 rore
1751 4011 2047 4083 conspersi

403 4099 614 4152 umbra
643 4096 918 4152 arborum
970 4098 1208 4164 montis,
1243 4097 1329 4152 vel
1381 4115 1535 4170 aqua
1575 4100 1783 4155 sedant
1839 4105 2047 4156 aestum

400 4186 681 4242 ﬂammae:
707 4186 911 4241 eodem
945 4187 1117 4242 modo
1150 4202 1211 4242 se
1234 4186 1444 4243 habuit
1473 4205 1608 4260 erga
1637 4188 1906 4245 homines
1938 4192 2047 4245 im-

400 4276 696 4334 maculata
719 4277 913 4349 Virgo,
947 4294 1074 4350 quia
1109 4295 1236 4334 rore
1283 4279 1540 4349 quodam
1575 4279 1666 4335 sui
1688 4287 1888 4351 partus
1922 4283 2046 4336 ani-

398 4382 526 4423 mas
547 4366 854 4422 hominum
889 4371 1029 4421 aestu
1062 4367 1283 4439 peccati
1314 4368 1608 4424 confectas
1647 4367 1706 4423 in
1747 4370 1926 4425 vitam
1957 4387 2044 4426 re-

392 4455 636 4527 vocavit,
671 4460 728 4512 et
753 4455 814 4511 in
845 4456 1054 4511 umbra
1073 4456 1299 4511 alarum
1338 4457 1429 4512 sui
1460 4457 1586 4512 Filii
1619 4458 1782 4513 fovit.
1819 4459 2047 4515 Montes

389 4562 524 4602 vero
545 4547 821 4602 dicuntur
863 4545 1042 4601 etiam
1093 4546 1408 4616 daemones,
1470 4551 1706 4619 propter
1753 4553 2043 4604 tumorem

2166 614 2372 688 ψυχῆς,
2404 616 2502 667 τοῦ
2533 614 2608 683 μή
2640 611 2951 689 ἐργάζέσθαι
3001 620 3174 670 πᾶσαν
3220 613 3448 689 ἀνομίαν
3501 613 3592 670 καὶ
3643 615 3822 692 ἁμαρ-

2163 700 2300 758 τίαν.

2237 790 2430 866 Ἐρώτ.
2491 789 2595 846 πδί.
2646 791 2708 846 Τί
2768 791 2936 867 λέγει’
3001 817 3029 846 ‹‹
3076 793 3318 868 Σκύμνοι
3362 792 3672 869 ὠρυόμενοι
3721 796 3820 849 τοῦ

2164 879 2419 955 ἁρπάσαι,
2453 881 2538 936 καὶ
2577 883 2801 950 ζητῆσαι
2835 883 2982 958 παρὰ
3035 887 3113 955 τῷ
3170 888 3286 956 Θεῷ
3347 881 3546 959 βρῶσιν
3606 883 3817 946 αὐτοῖς.

2165 967 2463 1024 Ἀνέτειλεν
2495 971 2522 1023 6
2557 967 2743 1042 ἥλιος,
2775 970 2864 1025 καὶ
2897 973 3271 1048 συνήχθησαν,
3311 972 3400 1028 καὶ
3434 972 3508 1034 είς
3535 973 3630 1035 τὰς
3685 975 3819 1046 μάν-

2164 1054 2292 1134 δραις
2324 1057 2497 1113 αὐτῶν
2532 1061 2788 1130 κοιτασθή
2801 1081 2979 1116 σονται
3007 1080 3020 1132 ;
3056 1085 3084 1112 ››

2234 1147 2421 1204 Ἀπόκ.
2459 1147 2744 1221 Σκῦμνους
2805 1147 2950 1225 λέγει
3009 1148 3137 1213 τοὺς
3198 1153 3506 1229 προφήτας.
3558 1152 3818 1224 Ὠρύοντο

2162 1234 2219 1292 δὲ
2265 1238 2552 1309 κράζοντες
2611 1238 2701 1292 καὶ
2751 1237 3027 1313 λέγοντες,
3082 1239 3172 1295 καὶ
3229 1239 3665 1320 προφητεύοντες
3713 1241 3815 1309 τὴν

2160 1326 2427 1403 σάρκωσιν
2485 1332 2582 1382 τοῦ
2642 1328 2770 1382 Υἱοῦ
2817 1333 2913 1382 τοῦ
2945 1333 3097 1385 Θεοῦ.
3154 1328 3449 1386 Ἀνέτειλεν
3478 1327 3537 1385 δὲ
3567 1332 3595 1386 6
3625 1328 3814 1402 ἥλιος,

2157 1415 2450 1486 τοττέστιν,
2482 1416 2647 1486 ἦλθεν
2682 1418 2710 1471 6
2742 1418 2994 1492 Χριστὸς,
3043 1418 3134 1472 καὶ
3183 1418 3512 1488 ἐσιώπησαν.
3557 1421 3625 1478 Οἱ
3681 1440 3818 1496 προ·

2159 1513 2322 1583 φῆται
2351 1504 2456 1568 ἕως
2488 1507 2740 1563 Ἰωάννου
2785 1509 3215 1584 προεφήτευσαν.
3270 1507 3444 1563 Τοῦτό
3493 1508 3606 1563 ἐστι
3662 1509 3752 1564 καὶ
3784 1507 3816 1564 δ

2160 1595 2302 1670 λέγει
2334 1599 2368 1666 ἡ
2404 1596 2588 1671 Γραφή
2621 1593 2896 1671 ἀλλαχοῦ
2934 1620 2962 1648 ‹‹
2994 1597 3273 1652 Σκοτεινὸν
3308 1595 3454 1675 ὕδωρ
3487 1597 3539 1654 ἐν
3559 1596 3813 1677 νεφέλαις

2156 1684 2357 1762 ἀέρωνσ
2413 1684 2553 1740 Ἀπὸ
2600 1691 2700 1753 τῆς
2750 1683 3142 1762 τηλαυγήίσεως
3216 1686 3382 1742 αὐτοῦ
3459 1688 3516 1742 αἱ
3589 1685 3811 1765 νεφέλαι

2156 1771 2405 1843 διῆλθον.
2439 1798 2467 1826 ››
2524 1774 2806 1828 Σκοτεινὸν
2858 1771 3003 1849 ὕδωρ
3055 1774 3197 1850 λέγει
3245 1776 3345 1844 τήν
3393 1775 3536 1831 θείαν
3573 1777 3809 1854 Γραφήν,

2155 1860 2342 1932 ἐπειδὴ
2377 1863 2428 1918 ἐν
2481 1863 2666 1941 γνόφῳ
2710 1860 2923 1933 ἐδέξατο
2973 1864 3001 1918 6
3049 1870 3253 1935 Μωσῆς
3301 1865 3392 1920 τὸν
3424 1864 3590 1939 νόμον
3621 1865 3672 1920 ἐν
3729 1870 3814 1938 τῷ

2159 1961 2291 2008 Σινᾶ
2339 1953 2484 2028 παρὰ
2527 1957 2680 2008 Θεοῦ.
2732 1954 2848 2006 ’Έτι
2901 1949 2959 2008 δὲ
3010 1953 3096 2008 καὶ
3155 1955 3204 2008 οἱ
3236 1962 3513 2032 προφῆται
3545 1952 3808 2031 ἀμυδρῶς

2157 2065 2271 2105 πως
2304 2043 2391 2097 καὶ
2427 2047 2712 2104 σκοτεινῶς
2770 2041 2859 2096 καὶ
2918 2041 3132 2104 λεπτῶς
3185 2064 3304 2106 πως
3353 2045 3452 2112 τήν
3504 2043 3805 2120 παρουσίαν

2154 2137 2250 2187 τοῦ
2280 2133 2514 2207 Χριστοῦ
2545 2126 2796 2200 ἔϐλεπον,
2830 2131 2918 2185 καὶ
2953 2128 3204 2202 ἐδήλουν.
3241 2131 3485 2211 Νεφέλας
3531 2133 3631 2208 γὰρ
3677 2132 3809 2197 τοὺς

2156 2223 2438 2298 προφήτας
2499 2219 2662 2296 λέγει,
2715 2218 2901 2288 ἐπειδὴ
2952 2220 3230 2298 ἐκήρυξαν,
3283 2222 3372 2276 καὶ
3423 2223 3498 2284 ὡς
3537 2219 3683 2297 ὕδωρ
3725 2221 3806 2294 ἐξ-

2157 2310 2335 2386 έχεον,
2368 2310 2686 2370 πνεύσαντες
2718 2310 2792 2371 ὡς
2826 2308 2976 2385 ἀέρες
3004 2309 3096 2365 τὸν
3144 2312 3284 2364 θεῖον
3320 2310 3483 2387 λόγον
3516 2310 3606 2366 καὶ
3636 2311 3808 2384 νόμον

2158 2398 2243 2455 ἐπὲ
2276 2408 2374 2469 τῆς
2405 2408 2524 2475 γῆς,
2573 2399 2704 2474 ὅπερ
2755 2399 2865 2454 ἐστὶ
2912 2400 2973 2454 τὸ
3013 2399 3281 2454 σκοτεινὸν
3334 2397 3501 2477 ὕδωρ.
3561 2401 3694 2458 Ἀπὸ
3753 2398 3811 2455 δὲ

2156 2497 2255 2558 τῆς
2287 2488 2678 2563 τηλαυγήσεως
2733 2488 2897 2542 αὐτοῦ
2955 2487 3189 2542 ἐνώπιον
3249 2488 3440 2562 αὐτοῦ,
3498 2489 3532 2560 ἢ
3595 2490 3673 2552 ὡς
3705 2489 3812 2545 ἀπὸ

2157 2585 2257 2648 τῆς
2292 2575 2380 2633 διὰ
2409 2579 2603 2652 σαρκὸς
2637 2574 2930 2650 ἐπιδημίας
2976 2576 3141 2632 αὐτοῦ
3190 2575 3492 2651 ἔμπροσθεν
3543 2579 3710 2634 αὐτοῦ
3756 2578 3811 2633 αἱ

2158 2667 2398 2747 νεφέλαι,
2460 2665 2631 2742 ἤγουν
2692 2668 2745 2722 οἱ
2797 2674 3094 2745 προφῆται,
3145 2662 3378 2722 ἔπαυσαν
3429 2668 3520 2724 καὶ
3603 2668 3815 2746 ὑπεχώ-

2163 2779 2228 2835 ρη
2238 2779 2328 2813 σαν
2342 2802 2354 2814 .

2236 2849 2430 2924 Ἐρώτ.
2453 2847 2553 2903 πί.
2585 2845 2645 2900 Τί
2677 2845 2835 2901 ἐστιν’
2871 2868 2900 2897 ‹‹
2949 2847 3114 2922 Ὄρος
3150 2847 3292 2901 Σιὼν
3325 2851 3506 2922 τοῦτο,
3548 2845 3580 2903 6'
3620 2868 3806 2902 κατεσ-

2161 2940 2411 3008 κήνωσας
2440 2936 2493 2992 ἐν
2523 2935 2707 3008 αὖτῷ;
2743 2959 2770 2986 ι)

2236 3026 2429 3083 Ἀπόκ.
2479 3027 2540 3081 ’Π
2598 3024 2712 3080 θεία
2787 3025 2972 3102 Γραφῆ
3042 3023 3346 3101 πολλαχῶς
3403 3025 3684 3099 έρμηνεύει
3740 3025 3804 3080 τὸ

2166 3117 2313 3193 ὅρος.
2349 3117 2450 3173 Καὶ
2482 3119 2641 3170 τοῦτο
2679 3115 2771 3188 μὲν
2807 3111 2930 3190 ὄρος
2970 3115 3110 3168 Σιών
3145 3113 3285 3170 ἐστιν
3321 3115 3347 3169 ὁ
3393 3113 3560 3176 τόπος
3607 3115 3810 3190 Ἱερου-

2166 3205 2374 3279 σαλήμ,
2407 3205 2457 3259 ἐν
2487 3205 2531 3276 ᾧ
2564 3203 2871 3276 κατῴκησεν
2905 3203 2933 3256 6
2965 3203 3165 3278 Κύριος
3197 3205 3357 3278 ἡμῶν
3397 3203 3487 3258 καὶ
3536 3203 3664 3265 Θεὸς
3696 3205 3815 3273 ⁷1η-

2164 3301 2289 3358 σοῦς
2333 3293 2560 3369 Χριστὸς
2618 3291 2912 3368 σαρκωθεὶς
2961 3291 3048 3348 ἐπὶ
3093 3298 3194 3362 τῆς
3245 3298 3370 3369 γῆς.
3421 3293 3589 3368 ’Όρος
3648 3290 3814 3348 πάλιν

2166 3384 2223 3442 δὲ
2273 3386 2476 3461 κυρίως
2535 3383 2791 3456 ὀνομάζει
2865 3383 2964 3452 τὴν
3041 3382 3331 3458 ὑπεραγίαν
3392 3382 3680 3454 Θεοτόκον,
3741 3383 3816 3446 ὡς

2163 3475 2288 3531 ὅταν
2323 3475 2491 3550 λέγει·
2523 3499 2544 3524 «ι
2579 3473 2648 3526 Τὸ
2679 3467 2827 3548 ὅρος,
2857 3470 2886 3526 6'
2931 3467 3218 3542 εὐδόκησεν
3271 3472 3299 3526 6
3350 3471 3481 3534 Θεὸς
3540 3477 3814 3528 κατοικεῖν

2164 3565 2215 3621 ἐν
2248 3565 2412 3637 αὐτῷ·
2447 3563 2535 3618 καὶ
2565 3562 2663 3639 γὰρ
2699 3563 2724 3616 6
2760 3559 2958 3637 Κύριος
2987 3562 3391 3632 κατασκηνώσει
3437 3561 3513 3624 είς
3565 3559 3748 3624 τέλος·
3789 3586 3817 3614 ››

2161 3655 2249 3711 καὶ
2281 3653 2554 3729 ἀλλαχοῦ
2595 3677 2620 3702 ‹‹
2651 3653 2713 3708 Ὁ
2743 3650 2871 3712 Θεὸς
2904 3651 3009 3705 ἀπὸ
3041 3651 3216 3724 Θεμᾶν
3271 3647 3411 3721 ἥξει,
3447 3650 3538 3707 καὶ
3587 3653 3615 3706 6
3665 3652 3818 3726 ἅγιος

2163 3745 2212 3818 ἐξ
2245 3744 2404 3821 ὅρους
2459 3740 2749 3798 κατασκίου
2803 3739 2892 3794 καὶ
2948 3736 3172 3803 δασέως.
3236 3765 3256 3792 ι
3313 3741 3480 3818 Ὅρος
3511 3739 3570 3795 δὲ
3600 3739 3817 3816 λέγεται

2161 3837 2195 3904 ἡ
2229 3833 2349 3908 ἁγία
2379 3830 2664 3892 Θεοτόκος.
2723 3829 2875 3887 Ἐπεὶ
2925 3824 3108 3906 ὥσπερ
3161 3829 3212 3884 οῖ
3264 3827 3314 3883 ἐν
3364 3833 3445 3901 τῷ
3485 3830 3692 3904 κάμπῳ
3721 3850 3818 3885 πε-

2162 3927 2533 4000 ριπατοῦντες,
2611 3920 2700 3974 καὶ
2779 3918 3099 3998 φλεγόγενοι
3179 3918 3282 3973 61:6
3348 3923 3445 3973 τοῦ
3514 3918 3818 3992 καύματος,

2159 4011 2607 4089 προσεγγίζοντες
2683 4006 2735 4062 έν
2793 4013 2874 4081 τῷ
2931 4002 3068 4083 ὄρει,
3144 4004 3482 4083 δροσίζονται
3559 4008 3663 4063 61:6
3719 4009 3820 4077 τήν

2161 4104 2308 4157 σκιὰν
2343 4105 2449 4156 τῶν
2502 4095 2735 4175 δένδρων
2784 4102 2882 4152 τοῦ
2932 4092 3115 4172 ὅρους,
3166 4096 3200 4166 ἢ
3254 4094 3594 4153 καὶδιὰτοῦ
3624 4094 3820 4159 ὕδατος

2158 4192 2600 4266 παραμ)θοῦνται
2655 4187 2746 4242 τὸν
2817 4185 3070 4241 καύσωνα
3127 4192 3226 4257 τῆς
3287 4185 3514 4265 φλογός·
3577 4186 3818 4259 τοιούτῳ

2155 4281 2346 4356 τρόπῳ
2393 4279 2576 4355 γέγονε
2623 4278 2712 4332 καὶ
2760 4281 2877 4339 τοῖς
2927 4275 3238 4352 ἀνθρώποις
3269 4277 3303 4346 ἡ
3339 4275 3477 4351 ἁγνὴ
3511 4274 3808 4352 ΙΙαρθὲνος,

2154 4375 2236 4442 τῷ
2270 4366 2553 4444 δροσισμῷ
2606 4373 2706 4437 τῆς
2765 4365 3058 4444 κυοφορίας
3106 4363 3272 4435 αὐτῆς
3326 4364 3421 4427 τὰς
3470 4365 3658 4442 ψυχὰς
3711 4368 3821 4419 τῶν

2159 4458 2458 4532 ἀνθρώπων
2516 4454 2994 4534 καταφλεγομένας
3057 4455 3160 4509 ὑπὸ
3216 4460 3320 4525 τῆς
3380 4454 3652 4530 ἁμαρτίας
3702 4453 3822 4509 ἀνε-

2161 4546 2364 4616 ζώωσε,
2417 4546 2505 4600 καὶ
2555 4549 2624 4619 τῇ
2673 4549 2796 4616 σκιᾷ
2849 4548 2957 4599 τῶν
3009 4543 3292 4619 πτερύγων
3343 4547 3443 4598 τοῦ
3485 4543 3616 4599 Υἱοῦ
3647 4542 3820 4613 αὐτῆς

393 4635 702 4707 superbiae.
738 4658 765 4685 «
803 4634 911 4700 Qui
935 4635 1124 4707 tangit
1148 4641 1464 4701 montes,et
1486 4635 1772 4708 fumigant
1803 4637 1867 4702 3‘,
1893 4659 1920 4687 »
1948 4637 2048 4694 hoc

2167 4633 2543 4712 περιέθαλψεν.
2603 4635 2766 4710 Ὅρος
2815 4631 2872 4688 δὲ
2921 4631 3172 4710 λέγονται
3222 4631 3310 4687 καὶ
3356 4632 3409 4688 οἳ
3441 4629 3695 4705 δαίμονες
3731 4628 3822 4687 διὰ

392 4729 503 4790 est,
535 4723 636 4795 qui
680 4724 1047 4780 daemonibus
1091 4725 1546 4797 appropinquat,
1609 4725 1708 4797 qui
1767 4730 2049 4798 tanquam

391 4813 591 4868 fumus
623 4813 990 4885 dissipantur
1021 4817 1076 4868 et
1096 4818 1471 4869 evanescunt.
1500 4815 1666 4870 Mons
1698 4815 1837 4870 item
1864 4815 2049 4872 virtus

392 4901 626 4970 dicitur,
659 4902 1156 4974 quemadmodum
1216 4909 1456 4958 sanctus
1481 4903 1798 4975 Gregorius
1836 4905 2045 4976 inquit.

392 4993 698 5067 Siquidem
731 4995 906 5050 etiam
939 4994 997 5049 in
1023 4995 1131 5050 hoc
1163 5001 1362 5050 monte
1395 4996 1548 5051 Deus
1580 5001 1821 5068 apparet
1859 4996 2049 5052 homi-

392 5084 588 5154 nibus,
619 5085 744 5156 ipse
778 5085 1018 5157 quidem
1052 5102 1084 5140 a
1116 5085 1208 5140 sui
1233 5085 1511 5140 domicilii
1546 5085 1784 5156 specula
1815 5087 2052 5142 descen-

393 5173 562 5242 dens,
587 5191 694 5230 nos
723 5191 857 5231 vero
908 5190 976 5230 ex
1035 5174 1155 5229 ima
1186 5174 1520 5229 humilitate
1555 5180 1756 5230 nostra
1788 5174 1846 5230 in
1879 5174 2050 5230 subli-

399 5278 492 5319 me
523 5263 759 5320 tollens.

467 5443 694 5508 Qua-131'.
730 5440 1012 5498 LXXXVI.
1037 5442 1226 5506 Quare
1258 5440 1446 5498 virtus
1471 5442 1685 5498 dicitur
1709 5443 1916 5499 mons?

467 5529 634 5586 Resp.
669 5529 811 5594 Quia
864 5531 1016 5587 sicut
1069 5547 1240 5587 mons
1288 5531 1393 5587 etsi
1427 5530 1691 5588 excelsus
1735 5536 1824 5588 est
1871 5548 2052 5605 supra

2159 4726 2250 4780 τὸν
2299 4721 2456 4800 ὄγκον
2533 4725 2631 4792 τῆς
2701 4721 3088 4800 ὑπερηφανίας.
3147 4746 3175 4774 ι(
3225 4722 3286 4779 Ὁ
3347 4720 3655 4794 ἁπτόμενος
3709 4724 3818 4776 τῶν

2163 4813 2354 4889 ὀρέων,
2420 4812 2508 4868 καὶ
2571 4811 2961 4880 καπνίζονται⁸
3019 4811 3295 4867 τουτέστιν
3356 4811 3385 4865 6
3442 4809 3815 4887 προσεγγίζων

2158 4909 2274 4965 τοῖς
2308 4900 2550 4974 δαίμοσι,
2600 4901 2688 4956 καὶ
2740 4901 2812 4962 ὡς
2861 4901 3062 4963 καπνὸς
3115 4898 3430 4955 διαλύονται
3478 4900 3567 4954 καὶ
3627 4898 3821 4978 ἀφανί-

2164 4999 2362 5062 ζονται.
2424 4990 2588 5066 Ὄρος
2641 4989 2698 5044 δὲ
2745 4987 2978 5064 λέγεται,
3028 4990 3116 5044 καὶ
3166 4992 3200 5059 ἡ
3254 4989 3444 5064 ἁρετὴ,
3492 4987 3672 5052 καθώς
3705 4990 3733 5043 6
3764 4987 3816 5042 έν

2162 5083 2332 5156 ἁγίοις
2389 5079 2688 5157 Γρηγὸριός
2750 5097 2933 5157 φησιν·
2991 5077 3107 5134 ἐπεὶ
3165 5078 3255 5134 καὶ
3304 5077 3354 5133 ἐν
3386 5082 3464 5152 τῷ
3495 5079 3608 5154 ὄρει
3638 5077 3821 5151 τούτῳ

2161 5171 2288 5233 Θεὸς
2347 5169 2655 5244 ἀνθρώποις
2715 5170 3053 5246 φαντάζεται,
3111 5169 3175 5222 τὸ
3247 5167 3432 5242 μέντοι
3478 5163 3819 5224 καταϐαίνων

2159 5260 2264 5314 ἀπὸ
2313 5267 2412 5330 τῆς
2456 5257 2656 5320 οἰκείας
2685 5259 2994 5333 περιωπῆς,
3024 5257 3086 5313 τὸ
3120 5255 3178 5313 δὲ
3207 5259 3355 5331 ἡμᾶς
3384 5256 3599 5333 ἀνάγων
3633 5257 3694 5313 ὲκ
3720 5262 3822 5327 τῆς

2159 5350 2396 5414 κάτωθεν
2427 5347 2825 5409 ταπεινώσεως.

2237 5439 2434 5514 Ἐρώτ,
2469 5438 2579 5502 πςκ
2613 5437 2710 5494 Διᾶ
2738 5435 2791 5491 τί
2821 5434 3037 5513 λέγεται
3068 5435 3197 5512 ὅρος
3227 5437 3263 5506 ἦ
3304 5435 3468 5512 ἀρετή
3500 5456 3513 5506 ἶ

2230 5527 2423 5585 Ἀπόκ.
2453 5524 2674 5597 Ἐπειδὴ
2737 5520 2918 5603 ὥσπερ
2975 5527 3037 5582 τὸ
3092 5521 3219 5600 ὅρος
3280 5524 3492 5601 ὑψηλὸν
3546 5527 3648 5592 τῆς
3692 5531 3821 5601 γῆς,

470 5674 516 5712 ¹⁶
548 5675 702 5749 Psal.
734 5693 853 5747 cm,
885 5677 976 5745 21,
1015 5679 1106 5748 22,
1139 5679 1182 5713 ³⁷
1213 5676 1367 5736 Psal.
1399 5679 1761 5749 xvn,12,13.
1788 5680 1831 5721 *3
1874 5677 2031 5736 Psal.
2087 5693 2280 5745 Lxxm,
2338 5676 2391 5732 3.
2425 5675 2473 5713 ³⁸
2521 5674 2674 5748 Psal,
2733 5691 2906 5736 van.
2943 5676 3029 5732 17.
3074 5676 3121 5712 ⁸ο
3152 5675 3352 5735 Habac
3383 5690 3469 5748 ιιι,
3501 5675 3556 5733 3.
3586 5675 3632 5715 δι
3663 5672 3824 5734 Psal.

399 5761 518 5822 cm,
542 5748 631 5805 32.
