4148 6358
358 424 476 486 749
1522 423 1986 494 ΟΠΕΞΤΙΟΝΕ

2114 423 2151 481 Ν
2200 424 2342 484 PSA
2356 426 2579 488 LMOS.
3664 433 3783 493 750

361 553 755 631 χαμηλότερον
787 549 844 607 δὲ
872 555 967 606 τοῦ
1016 550 1265 626 οὐρανοῦ,
1313 550 1487 613 οὕτως
1540 551 1649 606 ἐστὶ
1676 552 1763 606 καὶ
1798 552 1825 605 ὁ
1859 551 1987 627 ἐργα

2138 558 2373 621 terram,
2408 557 2549 614 ccelo
2601 562 2791 614 tamen
2844 564 2931 614 est
2978 560 3281 628 humilior,
3310 561 3389 616 ita
3438 562 3538 634 qui
3570 564 3630 619 in
3664 565 3784 626 vita

358 645 589 717 ζόμενος
636 644 738 711 τὴν
792 643 1006 716 ἀρετήν·
1064 638 1400 715 ὑψηλότερος
1454 642 1545 713 μέν
1600 642 1707 696 ἔστι
1758 649 1857 710 τῆς
1888 649 1990 716 γῆς

2130 663 2237 700 sua
2263 646 2537 701 virtutem
2588 654 2809 702 exercet
2847 667 2857 704 :
2894 653 3048 703 terra
3076 650 3313 721 quidem
3363 656 3451 705 est
3477 654 3775 725 excelsior,

353 732 493 789 διότι
528 733 801 807 ἀνώτερος
836 730 1067 807 ὑπάρχει
1115 734 1223 784 τῶν
1260 732 1529 805 βιωτικῶν
1573 728 1893 807 φροντίδων,
1926 752 1990 784 κα

2127 751 2193 790 eo
2217 737 2369 807 quod
2397 736 2574 807 hujus
2599 740 2728 791 vitae
2750 755 2921 793 curas
2944 744 3001 793 et
3028 740 3232 793 mundi
3258 741 3487 812 negotia
3508 751 3773 815 superet;

342 828 452 878 τῶν
485 826 584 878 τοῦ
628 821 843 893 κόσμου
896 820 1058 875 ὑλῶν·
1114 818 1502 896 χαμηλότερος
1551 817 1607 875 δὲ
1654 821 1886 895 ὑπάρχει
1918 842 1990 874 τοι

2126 825 2513 881 nihilominus
2571 832 2765 881 tamen
2824 834 2909 881 est
2967 828 3206 883 inferior
3256 829 3420 895 ccelo,
3469 838 3776 904 propterea

346 914 601 990 οὐρανοῦ,
658 909 847 979 ἐπειδή
902 912 1081 982 ἀκμὴν
1136 909 1185 963 ἐν
1234 914 1312 981 τῷ
1369 909 1473 983 βίῳ
1521 910 1699 981 τούτῳ
1745 910 1876 977 ἐστὶ,
1922 931 1990 963 κα

2124 916 2279 985 quod
2330 916 2519 971 adhuc
2578 916 2633 970 in
2696 917 2803 969 hac
2854 918 2969 971 vita
3016 918 3261 984 exsistit,
3294 924 3345 973 et
3394 922 3653 976 nondum
3686 928 3775 979 est

344 1001 443 1055 οὐκ
491 1001 744 1067 ἀπέθανε,
790 996 883 1053 ’ίνα
938 996 1277 1071 ἐλευθερωθῇ
1328 997 1611 1059 παντελῶς
1656 1004 1753 1052 τοῦ
1801 998 1989 1070 κόσμο-

2124 1010 2414 1073 mortuus,
2451 1010 2514 1059 ut
2564 1008 2797 1076 penitus
2829 1006 2935 1061 hoc
2983 1008 3202 1060 mundo
3254 1007 3551 1063 liberetur.
3584 1013 3772 1082 Atque

338 1091 553 1145 τούτου·
598 1088 689 1144 καὶ
721 1088 771 1141 ἐν
814 1087 995 1159 τούτῳ
1049 1086 1253 1141 ἵσταται
1293 1086 1455 1160 μέσον
1503 1086 1733 1159 οὖρανοῦ
1763 1088 1853 1141 καὶ
1882 1095 1984 1163 γῆς

2122 1092 2193 1147 ob
2226 1092 2282 1147 id
2316 1093 2470 1149 inter
2500 1094 2710 1149 caelum
2747 1099 3081 1166 terramque
3113 1100 3272 1151 tenet
3307 1096 3587 1165 medium,
3621 1099 3773 1155 sicut

338 1184 578 1257 καθάπερ
611 1203 663 1236 τι
714 1176 866 1257 ὅρος,
921 1179 993 1241 ὡς
1044 1176 1277 1253 εἷ’ρηται·
1330 1176 1515 1247 ἐπειδὴ
1564 1179 1675 1241 καὶ,
1711 1205 1737 1231 ‹‹
1772 1182 1911 1254 Ὀρη
1943 1179 2009 1233 τὰ

347 1270 531 1344 ὑψηλὰ
580 1276 700 1331 ταῖς
749 1268 997 1346 ἐλάφοις,
1032 1292 1058 1318 ››
1093 1268 1217 1322 ὅταν
1266 1266 1436 1343 λέγει,
1489 1268 1583 1329 τὰς
1639 1267 1852 1341 ὑψηλάς
1884 1267 2008 1342 ἀρε-

342 1360 437 1422 τας
499 1358 789 1432 ὀνομάζει·
853 1357 1095 1430 ἐμάφους
1152 1355 1209 1411 δὲ
1260 1358 1356 1418 τὰς
1415 1358 1595 1432 ψυχάς
1651 1361 1757 1411 τῶν
1818 1356 2002 1431 ἁγίων·

348 1446 535 1517 ἐπειδὴ
570 1448 619 1503 ἐν
651 1454 767 1510 ταῖς
802 1446 1042 1521 ὑψηλαῖς
1088 1452 1196 1502 τῶν
1248 1448 1451 1520 ἀρετῶν
1487 1445 1786 1521 ἐργασίαις,
1822 1445 2002 1522 ὥσπερ

348 1534 543 1615 ἔλαφοι
600 1537 651 1593 ἐν
711 1537 788 1611 τῷ
843 1533 978 1609 ὅρει,
1055 1532 1472 1612 τριὸοϐατοῦσιν
1544 1538 1597 1591 αἱ
1658 1538 1831 1612 ψυχαὶ
1889 1543 1999 1593 τῶν

340 1628 535 1701 ἁγίων.
596 1628 771 1703 Πέτρα
825 1625 882 1681 δὲ
938 1629 1221 1705 καταφυγὴ
1287 1632 1404 1689 τοῖς
1465 1625 1708 1701 λαγωοῖς
1767 1626 1906 1683 ἐστιν
1969 1630 1998 1684 ὁ

334 1718 583 1792 Χριστός.
638 1718 896 1793 Ὑπάρχει
952 1715 1008 1772 δὲ
1056 1718 1339 1795 καταφυγὴ
1388 1721 1496 1773 τῶν
1549 1715 1599 1771 ἐν
1631 1716 1824 1792 ἐρήμῳ
1865 1728 1995 1782 καθ-

340 1810 428 1874 εζο
438 1808 635 1878 μένων.

2122 1198 2310 1250 mons,
2346 1185 2846 1254 quemadmodum
2878 1185 3098 1239 dictum
3132 1190 3240 1240 est.
3278 1186 3491 1241 Deinde
3522 1202 3653 1242 cum
3686 1187 3773 1242 di-

2119 1272 2197 1325 cit
2232 1288 2245 1327 :
2282 1294 2308 1321 ‹‹
2343 1272 2568 1328 Montes
2601 1272 2811 1328 excelsi
2843 1273 3029 1329 cervis
3053 1274 3122 1344 3’,
3150 1296 3174 1322 »
3210 1274 3359 1329 altos
3391 1280 3637 1342 montes,
3672 1293 3771 1332 ex-

2117 1360 2301 1416 celsas
2354 1361 2641 1429 virtutes;
2679 1379 2875 1418 cervas
2933 1379 3089 1428 vero,
3149 1367 3488 1418 sanctorum
3535 1364 3771 1423 animas

2115 1458 2275 1507 vocat
2309 1468 2321 1504 :
2361 1452 2839 1523 quandoquidem
2870 1452 2927 1506 in
2960 1450 3205 1507 excelsis
3237 1452 3571 1508 actionibus
3591 1454 3771 1510 virtu-

2111 1543 2261 1606 tum,
2296 1540 2450 1595 sicut
2504 1540 2560 1594 in
2613 1542 2913 1597 montibus
2961 1558 3157 1607 cervae,
3194 1546 3507 1597 versantur
3556 1543 3768 1602 animas

2111 1633 2471 1685 sanctorum.
2531 1633 2702 1685 Petra
2756 1646 2887 1685 vero
2945 1631 3235 1703 refugium
3295 1631 3618 1704 leporibus,
3677 1637 3769 1690 est

2108 1717 2395 1774 Christus.
2431 1719 2646 1790 Estque
2695 1719 2987 1792 refugium
3038 1736 3264 1790 eorum,
3297 1720 3395 1792 qui
3449 1721 3654 1779 sedent
3701 1723 3761 1779 in

2107 1809 2355 1864 deserto.

405 1894 598 1968 Ἐρώτ.
631 1896 738 1965 πζ’.
771 1895 829 1950 Τί
863 1894 1009 1971 λέγει
1043 1900 1140 1951 τοῦ
1173 1893 1404 1971 ἐρωδιοῦ
1433 1898 1465 1949 ’ὃν
1493 1897 1739 1952 κατοικία
1774 1916 1787 1967 ;

2175 1899 2403 1963 Qus-351'.
2440 1898 2755 1955 LXXXVII.
2790 1899 2937 1966 Quid
2986 1899 3302 1971 signiﬁcat,
3333 1899 3617 1956 habitatio
3655 1900 3761 1957 he-

2102 1987 2250 2042 rodii
2269 1987 2297 2041 ?

2170 2077 2346 2132 Rssr.
2384 2078 2693 2145 Herodius,
2729 2082 2792 2133 ut
2844 2077 3026 2149 aliqui
3058 2078 3281 2148 dicunt,
3319 2082 3408 2134 est
3453 2078 3595 2148 avis,
3630 2096 3757 2151 qua:

2100 2167 2304 2222 nidum
2330 2167 2387 2222 in
2406 2168 2636 2224 deserto
2663 2166 2808 2236 loco,
2838 2168 2897 2222 in
2920 2168 3148 2224 arboris
3170 2168 3421 2239 alicujus
3450 2169 3760 2225 cacumine

2099 2255 2364 2313 collocat.
2396 2257 2650 2313 Veniunt
2690 2274 2822 2313 vero
2855 2256 3195 2330 passerculi,
3228 2262 3283 2314 et
3332 2258 3536 2314 subter
3565 2258 3755 2330 ipsam

2098 2346 2554 2417 circumquaque
2612 2346 2669 2401 iu
2732 2347 2938 2402 arbore
2996 2346 3321 2402 nidificant.
3379 2351 3499 2402 Dux
3558 2351 3755 2403 autem

2097 2435 2360 2507 ipsorum
2407 2440 2513 2503 est,
2548 2434 2747 2507 eisque
2796 2436 3212 2507 superponitur
3254 2436 3467 2492 domus
3498 2435 3754 2505 herodii,

2099 2541 2225 2596 quae
2276 2536 2374 2579 eos
2424 2542 2457 2579 a
2506 2523 2722 2579 nocivis
2781 2524 3087 2596 reptilibus
3142 2542 3268 2597 quaa
3325 2526 3485 2597 ipsos
3543 2524 3752 2581 laedere

2096 2613 2319 2679 volunt,
2354 2613 2631 2668 custodit.

2166 2703 2393 2765 Qums'r.
2429 2702 2768 2757 LXXXVIII.
2803 2702 2949 2768 Quid
2998 2702 3123 2758 vult
3152 2703 3443 2775 Propheta
3487 2720 3622 2760 cum
3655 2704 3751 2760 in-

2097 2792 2225 2864 quit
2258 2811 2268 2845 :
2306 2814 2332 2841 «
2370 2793 2428 2846 In
2462 2792 2638 2847 ﬁnem
2672 2808 2745 2847 ne
2776 2792 2985 2863 perdas
3016 2792 3196 2847 David
3229 2794 3274 2827 ³³
3296 2793 3322 2847 ?

2172 2882 2341 2937 Resp.
2404 2881 2603 2937 Finem
2663 2898 2781 2935 suae
2836 2881 2983 2948 vitm,
3045 2881 3185 2937 dicit
3242 2881 3551 2954 Propheta.
3611 2882 3752 2939 Orat

2098 2971 2292 3042 itaque
2335 2970 2622 3042 Pr0pheta
2672 2986 2743 3024 ne
2800 2970 2925 3025 vitae
2986 2987 3103 3026 suae
3165 2971 3300 3026 linis
3358 2970 3573 3036 veniat,
3607 2986 3751 3027 neve

2098 3060 2318 3115 incidat
2357 3059 2417 3115 in
2472 3059 2707 3130 aliquod
2767 3060 3073 3114 damnum.
3106 3063 3251 3114 Nam
3314 3064 3433 3116 tota
3492 3059 3749 3116 hominis

2093 3149 2212 3203 vita
2266 3150 2314 3203 si
2363 3148 2514 3205 male
2573 3153 2891 3217 transacta,
2928 3149 3059 3205 linis
3120 3153 3312 3205 autem
3371 3149 3499 3220 ejus
3557 3150 3749 3206 bonus

2098 3238 2295 3307 fuerit,
2330 3238 2520 3311 gratia
2569 3243 2657 3293 est
2688 3243 2744 3293 et
2789 3238 2994 3311 gloria.
3030 3238 3086 3293 Si
3121 3255 3255 3294 vero
3308 3238 3443 3294 ﬁnis
3476 3239 3748 3295 funestus

2098 3328 2294 3397 fuerit,
2334 3328 2442 3383 hoc
2478 3329 2717 3383 demum
2766 3332 2855 3383 est
2903 3326 3206 3383 miserum.
3244 3326 3382 3383 Orat
3422 3344 3559 3400 ergo
3610 3328 3747 3384 Pro-

2094 3417 2290 3490 pheta,
2326 3422 2393 3473 ut
2423 3435 2541 3473 suae
2574 3418 2703 3472 vitae
2736 3416 2868 3473 ﬁnis
2898 3417 3088 3473 bonus
3121 3416 3197 3473 sit
3230 3434 3242 3472 :
3274 3434 3408 3473 nam
3441 3417 3570 3473 ideo
3601 3433 3742 3473 con-

2094 3506 2333 3580 scripsit
2362 3507 2519 3563 hunc
2551 3505 2869 3579 psalmum.

403 2072 592 2129 Ἀπόκ.
627 2074 688 2131 Ὁ
722 2072 947 2148 ἐρωδιὸς
993 2074 1176 2150 ὅρνεὸν
1228 2074 1387 2145 ἐστιν,
1439 2077 1513 2137 ὡς
1563 2074 1787 2151 λέγουσί
1826 2097 1985 2139 τινες·

329 2160 392 2216 τὸ
426 2159 483 2216 δὲ
514 2158 699 2239 ὄρνεον
748 2161 982 2241 φωλεῦει
1042 2163 1092 2218 ἐν
1145 2164 1338 2237 ἐρήμῳ
1384 2164 1539 2237 τόπῳ
1573 2164 1623 2219 ἐν
1657 2169 1870 2244 κορυφῇ
1903 2188 1987 2220 τι-

331 2272 422 2313 νος
454 2249 699 2326 δένδρου.
761 2255 1055 2329 Ἔρχονται
1109 2250 1167 2307 δὲ
1219 2255 1284 2307 τὰ
1345 2256 1513 2330 μικρὰ
1565 2254 1838 2331 στρουθία,
1898 2256 1986 2311 καὶ

339 2338 678 2416 φωλεύουσιν
728 2341 982 2397 ὑποκάτω
1037 2342 1200 2397 αἱ)τοῦ
1249 2341 1488 2418 γῦρωθεν
1539 2343 1589 2397 ἐν
1641 2350 1718 2416 τῷ
1760 2342 1985 2421 δένδρῳ.

330 2431 570 2506 ’Πγεῖται
605 2428 662 2485 δὲ
721 2430 896 2485 αὐτῶν
952 2431 1040 2486 καὶ
1102 2431 1473 2502 ἐπικαθέζεται
1530 2436 1564 2503 ἡ
1597 2435 1843 2489 κατοικία
1892 2440 1987 2489 τοῦ

330 2517 607 2594 ἐρωδιοῦ,
664 2520 918 2599 φῦλάττει
980 2518 1037 2576 δὲ
1092 2526 1259 2576 ταῦτα
1314 2522 1420 2577 ἀπὸ
1470 2527 1576 2577 τῶν
1638 2530 1983 2601 φθοροποιῶν

330 2608 597 2684 ἑρπετῶν,
630 2614 737 2664 τῶν
773 2608 1042 2665 θελόντων
1074 2615 1314 2666 κακῶσαι
1348 2610 1497 2671 αὐτά.

402 2699 597 2773 Ἐρώτ.
632 2706 741 2769 πη’.
778 2698 839 2753 Τί
872 2698 1021 2775 λέγει
1052 2702 1080 2753 ὁ
1112 2703 1427 2779 Προφήτης,
1458 2701 1583 2756 ὅταν
1613 2701 1778 2779 λέγει·
1812 2728 1840 2754 ‹‹
1893 2704 1985 2767 Εἰς

332 2787 394 2842 τὸ
424 2786 584 2850 τέλος
620 2790 694 2861 μὴ
728 2788 1040 2866 διαφθείρῃς
1068 2794 1146 2861 τῷ
1176 2785 1345 2845 Λαϐίδ
1376 2809 1389 2860 ;
1425 2817 1451 2843 ››

402 2876 595 2933 Ἀπόκ.
629 2876 797 2940 Τέλος
847 2875 993 2951 λέγει
1029 2880 1056 2932 6
1090 2882 1385 2956 Προφήτης
1429 2887 1530 2949 τῆς
1581 2883 1771 2936 έαυτοῦ
1816 2887 1983 2951 ζωῆς.

329 2965 642 3037 Ἐπεύξεται
698 2966 875 3021 τοίνυν
911 2969 937 3021 ὁ
998 2970 1316 3044 Προφήτης,
1371 2967 1463 3023 ’ίνα
1518 2971 1594 3042 μή
1652 2972 1870 3046 γένηται
1925 2973 1985 3026 τὸ

332 3054 493 3117 τέλος
524 3063 625 3125 τῆς
659 3061 805 3126 ζωῆς
835 3056 927 3111 καὶ
958 3058 1221 3132 περιπέσῃ
1276 3058 1349 3120 εἰς
1402 3056 1614 3134 βλάϐην
1662 3061 1798 3115 τινά.
1833 3067 1984 3117 Πᾶσα

331 3146 435 3222 γὰρ
470 3148 503 3214 ἡ
542 3145 654 3214 ζωὴ
691 3150 788 3201 τοῦ
819 3146 1130 3221 ἀνθρώπνυ,
1183 3145 1267 3201 ἐὰν
1312 3145 1594 3223 δαπανηθῇ
1641 3155 1842 3223 κακῶς,
1894 3153 1983 3206 καὶ

328 3235 393 3289 τὸ
448 3232 611 3296 τέλος
671 3234 833 3289 αὐτοῦ
892 3234 1113 3310 γένηται
1175 3236 1436 3310 χρηστὸν,
1495 3237 1654 3314 χάρις
1709 3240 1798 3294 καὶ
1858 3238 1984 3314 δόξα

332 3322 496 3379 ἐστίν.
532 3324 652 3378 Ἐάν
687 3319 836 3377 δὲτὸ
881 3322 1040 3385 τέλος
1090 3330 1461 3403 καταστραφῇ,
1509 3325 1669 3383 τοῦτο
1699 3328 1981 3400 ἀθλιότης.

332 3412 430 3467 Διά
475 3417 635 3467 τοῦτο
680 3412 965 3488 ἐπεύχεται
1012 3414 1039 3467 6
1093 3416 1388 3493 Προφήτης
1438 3417 1676 3491 γενέσθαι
1724 3418 1786 3473 τὸ
1825 3417 1981 3481 τέλος

328 3505 427 3571 τῆς
486 3508 629 3572 ζωῆς
688 3502 849 3557 αὑτοῦ
897 3501 1087 3558 καλόν·
1140 3502 1227 3558 ἐπὶ
1274 3503 1434 3559 τοῦτο
1484 3507 1571 3560 καὶ
1622 3507 1724 3583 γάρ
1765 3508 1984 3582 ψαλμὸν

332 3590 721 3666 συνεγράψατο.

401 3681 598 3757 Ἐρώτ.
632 3680 738 3735 πθ’.
789 3678 855 3737 Τί
900 3677 1071 3756 λέγει’
1105 3706 1131 3733 (‹
1168 3684 1546 3758 Καυχήσονται
1598 3684 1735 3739 ὅσιοι
1789 3685 1840 3740 ἐν
1889 3684 1980 3742 δό-

328 3771 418 3844 ξῃ,
452 3768 541 3824 καὶ
573 3767 995 3845 ἀγαλλιάσονται
1027 3768 1114 3825 ἐπὶ
1142 3775 1249 3825 τῶν
1283 3776 1481 3827 κοιτῶν
1514 3772 1687 3829 αὐτῶν
1726 3795 1737 3843 ;
1775 3800 1800 3825 ››

2164 3687 2317 3743 272
2350 3686 2571 3749 Quaas'r.
2624 3682 2907 3739 LXXXIX.
2958 3682 3106 3748 Quid
3155 3686 3245 3738 est
3291 3684 3446 3755 quod
3498 3683 3735 3755 inquit:

2091 3798 2119 3827 ‹‹
2155 3775 2571 3831 Gloriabuntur
2618 3773 2803 3829 sancti
2836 3772 2893 3827 in
2926 3772 3134 3846 gloria,
3167 3777 3224 3828 et
3269 3771 3647 3828 exsultabunt
3675 3772 3739 3828 in

2091 3865 2384 3923 cubilibus
2418 3864 2543 3919 suis
2574 3863 2661 3917 3‘?
2694 3885 2722 3913 ››

2163 3955 2329 4010 Rssr.
2365 3955 2604 4009 Sanctos
2637 3951 2777 4007 dicit
2825 3949 3162 4024 spirituales
3201 3954 3259 4006 et
3290 3951 3502 4023 probos
3550 3951 3740 4006 homi-

2093 4062 2218 4112 nes,
2254 4042 2351 4116 qui
2396 4042 2809 4115 gloriabuntur
2860 4044 2991 4111 post
3040 4044 3286 4095 mortem
3334 4039 3395 4094 in
3448 4040 3744 4098 cubilibus

2094 4135 2238 4191 suis.
2272 4131 2499 4187 Cubilia
2519 4147 2650 4185 vero
2674 4134 2814 4185 sunt
2840 4130 3179 4185 mansiones
3202 4133 3563 4199 sanctorum,
3597 4146 3746 4202 quas

2095 4230 2225 4296 post
2256 4225 2503 4277 mortem
2544 4218 2868 4286 inveniunt,
2902 4223 2958 4272 et
2986 4216 3281 4273 exsultant
3310 4218 3368 4273 in
3422 4235 3599 4291 regno
3630 4235 3741 4275 cce-

2094 4310 2306 4367 lorum.

2168 4400 2397 4454 Exitum
2428 4396 2556 4452 vita:
2606 4395 2663 4449 in
2697 4394 2885 4466 gratia
2936 4393 3036 4449 Dei
3068 4393 3477 4449 obvenientem
3527 4396 3745 4451 docens

403 3946 597 4002 Ἀπόκ.
685 3945 896 4008 Ὀσίους
981 3943 1129 4022 λέγει
1205 3946 1331 4010 τοὺς
1418 3952 1817 4023 πνευματικοὺς
1891 3954 1979 4008 καὶ

333 4037 523 4113 ἁγίους
556 4036 876 4112 ἀνθρώπους
912 4080 926 4106 ,
976 4034 1165 4098 οἵτινες
1209 4041 1520 4113 καυχῶνται
1570 4041 1703 4112 μετά
1758 4043 1982 4097 θάνατον

332 4125 420 4183 ἐπὶ
450 4131 568 4188 ταῖς
596 4124 801 4187 κοίταις
835 4126 1033 4181 αὐτῶν.
1086 4127 1275 4181 Κοῖται
1327 4124 1383 4181 δέ
1416 4126 1545 4181 εἰσιν
1599 4130 1651 4182 αἱ
1688 4131 1843 4203 μοναὶ
1873 4137 1979 4186 τῶν

334 4215 529 4293 ἁγίων,
563 4215 624 4277 ’ὰς
658 4214 960 4289 εὑρίσκουσι
995 4214 1129 4288 μετᾶ
1159 4216 1405 4287 Θάνατον,
1438 4217 1527 4271 καὶ
1568 4217 1901 4294 ἀγάλλονται
1934 4220 1985 4275 ἐν

330 4310 399 4381 τῇ
437 4304 686 4381 βασιλείᾳ
710 4308 816 4359 τῶν
850 4303 1117 4377 οὐρανῶν.

401 4396 507 4465 Τὴν
560 4393 611 4449 ἐν
666 4397 781 4466 Θεῷ
828 4391 1105 4448 τελείωσιν
1155 4390 1476 4450 διδάσκουσα
1521 4399 1554 4466 ἡ
1610 4396 1727 4453 θεία
1773 4400 1984 4477 Γραφή,

329 4485 421 4541 καὶ
455 4482 720 4556 δηλοῦσα,
771 4481 1048 4556 ὠνόμασεν
1102 4481 1265 4553 αὐτὴν
1296 4484 1485 4554 ὕπνον,
1530 4487 1619 4541 καὶ
1651 4488 1860 4559 κοίτην,
1896 4490 1983 4544 καὶ

2114 4494 2153 4546 ιι
2211 4488 2524 4545 ostendens
2592 4483 2789 4539 divina
2845 4484 3163 4555 Scriptura,
3234 4484 3459 4539 vocavit
3525 4484 3745 4557 ipsum,

330 4573 550 4644 κλίνην,
604 4572 694 4628 καὶ
746 4573 994 4636 θάνατον.
1052 4575 1248 4628 Ὕπνον
1290 4574 1408 4646 μὲν,
1465 4575 1539 4638 ὡς
1594 4574 1719 4631 ὅταν
1777 4577 1925 4655 λέγει
1958 4581 1985 4635 6

2114 4574 2622 4648 somnum,cubile,
2658 4573 2895 4641 lectum,
2929 4578 2985 4629 et
3016 4577 3283 4629 mortem.
3305 4576 3585 4629 Somnum
3618 4572 3747 4645 qui-

334 4658 524 4720 Δαϐίδ·
560 4688 585 4716 ι(
634 4665 719 4718 Ἐν
774 4662 962 4737 εἷ’ρήνῃ
1012 4661 1097 4716 ἐπὶ
1145 4663 1208 4717 τὸ
1259 4663 1387 4718 αὐτὸ
1436 4668 1852 4740 κοιμηθήσομαι
1901 4668 1990 4723 καὶ

2114 4672 2233 4726 lem
2265 4672 2451 4737 vocat,
2484 4668 2547 4720 ut
2572 4680 2705 4719 cum
2739 4663 2820 4718 ait
2846 4663 3020 4718 David
3046 4680 3058 4716 :
3087 4686 3113 4713 ‹‹
3144 4662 3207 4717 In
3236 4680 3377 4735 pace
3400 4663 3460 4718 in
3488 4663 3749 4736 idipsum

337 4753 591 4809 ὑπνώσω·
630 4775 658 4804 ››
687 4749 813 4821 ἤτοι
846 4749 934 4805 ἐπὶ
964 4751 1025 4805 τὸ
1076 4750 1205 4806 αὐτὸ
1236 4755 1584 4823 καταντήσω’
1619 4758 1882 4831 σχολάσω
1914 4758 1988 4821 είς

2114 4758 2391 4815 iormiam
2424 4758 2479 4810 et
2510 4754 2872 4825 requiescam
2903 4752 2986 4820 3°;
3020 4776 3046 4803 ››
3083 4751 3141 4807 in
3174 4752 3434 4825 idipsum
3484 4753 3756 4810 videlicet

336 4841 467 4897 αὐτὸ
497 4841 560 4896 τὸ
591 4845 684 4914 ζῇν
716 4839 766 4895 ἐν
802 4844 940 4912 Θεῷ,
971 4840 1105 4894 κατὰ
1150 4840 1242 4895 τὸν
1295 4839 1513 4897 εἰπόντα
1546 4844 1694 4919 ἅγιον
1728 4844 1992 4902 Ἀπόστο-

338 4930 459 4987 λον’
498 4955 525 4982 ‹‹
558 4934 643 4985 Ζῶ
675 4927 731 4985 δὶ
766 4928 863 4985 οὐκ
894 4925 970 4983 ἔτι
1006 4929 1135 5004 ἐγὼ,
1173 4932 1236 5003 ζῇ
1272 4926 1329 4984 δὲ
1358 4928 1408 4984 ἐν
1460 4930 1582 5003 ἐμοὶ
1617 4933 1644 4985 ὁ
1678 4933 1927 5009 Χριστός·
1965 4959 1994 4985 ››

337 5021 528 5092 κοίτην
591 5018 670 5091 δὲ,
721 5020 793 5081 ὡς
843 5021 966 5073 ὁταν
1016 5016 1182 5094 λέγει’
1242 5044 1265 5071 ;‹
1320 5022 1694 5095 Καυχήσονται
1744 5023 1883 5077 ’ὀσιοι
1942 5022 1992 5077 ἐν

341 5108 471 5185 δόξῃ
502 5153 516 5179 ,
560 5111 651 5165 καὶ
696 5108 1123 5183 ἀγαλλιάσονται
1177 5108 1262 5163 ἐπὶ
1312 5114 1418 5164 τῶν
1478 5116 1675 5166 κοιτῶν
1732 5112 1928 5169 αὐτῶν.
1969 5138 1995 5163 ››

340 5202 545 5274 ’Ὠσπερ
598 5199 698 5274 γὰρ
759 5200 786 5252 ὁ
819 5198 871 5252 ἐν
916 5202 985 5272 τῇ
1044 5218 1201 5272 κοιτῃ
1256 5201 1432 5253 πεσὼν
1488 5202 1849 5257 ἀναπέπαυται
1907 5202 1997 5257 καὶ

342 5290 501 5344 ὑπνοῖ
562 5286 761 5359 ἡδέως⁸
814 5286 987 5349 οὕτως
1038 5287 1127 5341 καὶ
1178 5287 1205 5341 ὁ
1250 5286 1556 5352 τελειωθεὶς
1613 5289 1663 5344 ἐν
1724 5297 1860 5364 Θεῷ,
1911 5294 2000 5347 καὶ

342 5380 550 5457 φθάσας
606 5376 680 5439 εἷς
736 5374 903 5452 ἄνδρα
949 5374 1158 5432 τέλειον
1198 5420 1211 5445 ,
1262 5377 1337 5439 είς
1391 5379 1584 5454 μέτρον
1634 5380 1854 5451 ἡλικίας
1903 5387 2001 5437 τοῦ

338 5467 721 5545 πληρώματος
792 5471 889 5521 τοῦ
949 5468 1232 5541 Χριστοῦ,
1292 5467 1661 5525 ἀναπέπαυται
1728 5471 1778 5525 ἐν
1839 5477 2000 5543 Θεῷ,

345 5556 529 5635 ὥσπερ
577 5556 770 5628 κοίτην
824 5554 1132 5633 ἡγούμενος
1180 5555 1279 5626 τὴν
1331 5557 1383 5612 ἐν
1412 5563 1529 5631 Θεῷ
1558 5557 1858 5619 τελείωσιν.
1892 5562 2004 5618 Πό-

420 5704 468 5741 ⁸²
496 5702 657 5760 Psal.
680 5719 804 5771 cm,
839 5702 927 5758 18.

349 5792 538 5845 σωκ,
567 5777 622 5833 5.

1042 5702 1087 5738 ³³
1116 5701 1270 5759 Psal.
1304 5720 1415 5774 va,
1450 5706 1500 5760 1.

1614 5706 1660 5741 ³⁸
1704 5706 1858 5765 Psal.
1907 5725 2092 5781 cxux,
2140 5708 2195 5766 5.

2103 4864 2426 4913 occurram,
2459 4849 2517 4900 et
2548 4844 2684 4899 huic
2724 4842 2803 4897 rei
2852 4859 3087 4914 operam
3138 4842 3312 4909 dabo,
3346 4849 3411 4898 ut
3455 4842 3644 4899 vivam
3695 4843 3756 4898 in

2104 4938 2240 5005 Deo,
2267 4937 2437 5007 juxta
2468 4942 2732 4989 sanctum
2766 4930 3134 5003 Apostolum,
3169 4931 3267 5002 qui
3300 4931 3527 5004 inquit:
3557 4953 3584 4981 «
3615 4932 3757 4987 Vivo

2107 5024 2441 5094 autemjam
2469 5038 2583 5077 non
2625 5036 2753 5092 ego,
2787 5020 2927 5073 vivit
2958 5036 3089 5075 vero
3120 5019 3178 5073 in
3212 5036 3304 5075 me
3329 5018 3599 5075 Christus
3629 5020 3693 5073 ³⁸.
3726 5038 3753 5071 ιι

2108 5113 2307 5170 Cubile
2358 5127 2492 5167 vero
2542 5113 2725 5176 vocat,
2779 5126 2912 5164 cum
2964 5108 3211 5181 inquit:
3262 5132 3287 5157 «
3342 5107 3763 5164 Gloriabuntur

2110 5203 2294 5260 sancti
2321 5203 2376 5256 in
2396 5201 2667 5272 gloria,et
2695 5198 3074 5253 exsultabunt
3096 5197 3153 5251 in
3179 5196 3473 5252 cubilibus
3505 5197 3629 5253 suis
3658 5198 3761 5252 ³⁷.»

2110 5294 2268 5349 Sicut
2319 5292 2474 5346 enim
2529 5287 2629 5360 qui
2659 5287 2717 5341 in
2752 5287 2932 5342 cubili
2963 5287 3161 5353 cubat,
3193 5285 3507 5358 requiescit
3537 5290 3593 5341 et
3622 5302 3765 5341 sua-

2114 5384 2258 5438 viter
2287 5378 2505 5435 dormit
2538 5395 2550 5433 :
2588 5376 2670 5432 sic
2702 5376 2803 5447 qui
2853 5378 3303 5430 consummatus
3334 5374 3388 5427 in
3424 5378 3537 5429 Deo
3568 5378 3676 5445 est,
3708 5377 3767 5430 et

2114 5472 2215 5544 qui
2236 5469 2414 5526 crevit
2437 5468 2495 5522 in
2516 5467 2705 5522 virum
2732 5466 3054 5537 perlectum
3100 5464 3170 5517 ad
3196 5479 3536 5519 mensuram
3578 5463 3768 5519 aetatis

2115 5556 2502 5636 plenitudinis
2525 5554 2763 5625 Christi,
2797 5552 3081 5626 requievit
3103 5552 3162 5607 in
3184 5552 3321 5624 Deo,
3353 5556 3637 5624 tanquam
3669 5569 3771 5610 cu-

2306 5705 2352 5742 ”
2402 5700 2553 5759 Psal.
2604 5716 2679 5771 ιν,
2728 5699 2784 5754 9.
2896 5698 2941 5733 ³⁸
2986 5696 3172 5755 Galat.
3218 5712 3283 5766 ιι,
3330 5696 3420 5751 20.
3534 5698 3578 5735 ⁸⁷
3619 5696 3772 5759 Psal.
