4148 6364
385 412 498 471 751

1545 405 1610 468 S.
1658 403 2184 468 ATHANASIUS.
2210 437 2287 448 —
2319 405 2632 468 SPURIA.

3686 407 3806 470 ’752

387 544 501 602 bile
533 549 813 616 reputans
843 542 1407 599 consummationem
1443 541 1501 595 in
1534 540 1632 596 Dei
1663 541 1849 611 gratia
1873 539 2022 594 obver

2153 532 2247 596 δας
2279 537 2492 606 καὶτῆς
2541 538 2731 606 κοίτης
2775 538 2868 600 τὰς
2920 538 3109 613 ἀρετάς
3161 535 3331 614 λέγει’
3365 539 3557 610 κλίνην
3601 537 3680 610 δὶ,
3731 542 3807 602 ὡς

388 636 666 691 nientem.
695 631 916 688 Cubilis
939 635 1135 687 autem
1179 631 1374 703 pedes,
1409 631 1489 684 ait
1510 629 1771 684 virtutes.
1808 630 2038 684 Lectum

388 731 585 782 autem
619 724 894 796 appellat,
919 741 1053 777 cum
1087 723 1278 794 inquit
1307 722 1582 776 Salomon
1621 736 1632 774 :
1669 743 1695 769 «
1729 718 2039 788 Sexaginta

387 815 613 871 robusti
636 813 1008 869 circumdant
1030 811 1223 880 ipsum
1246 812 1347 863 ³⁸.»
1371 810 1614 875 Quando
1637 809 1791 862 enim
1817 807 1886 861 ad
1918 822 2040 878 per-

385 903 694 959 fectionem
719 900 1172 970 veneritjustus,
1191 898 1559 954 circumdant
1576 904 1631 952 et
1656 897 1810 952 circa
1839 896 2035 966 ipsum

385 993 667 1048 incedunt
724 991 923 1055 fortes,
985 988 1175 1058 angeli
1247 987 1535 1051 videlicet,
1590 988 1760 1057 juxta
1816 985 2035 1039 dictum

383 1081 530 1137 illud
560 1099 572 1138 :
605 1104 632 1130 «
669 1079 1046 1136 Providebam
1100 1077 1419 1132 Dominum
1454 1077 1513 1130 in
1560 1079 1874 1145 conspectu
1910 1089 2037 1128 meo

389 1187 640 1242 semper,
675 1169 950 1241 quoniam
988 1184 1020 1222 a
1051 1165 1272 1222 dextris
1322 1172 1411 1220 est
1460 1164 1626 1234 mihi,
1660 1182 1730 1219 ne
1777 1179 2037 1218 commo-

385 1277 519 1317 vear
552 1261 654 1314 3°.»
681 1259 783 1313 Est
802 1274 933 1312 vero
956 1255 1243 1310 familiare
1266 1255 1476 1309 divinis
1499 1254 1836 1324 Scriptum,
1860 1253 2036 1307 etiam

386 1348 663 1421 angelum
693 1363 898 1402 vocare
947 1345 1299 1410 Dominum;
1335 1348 1398 1398 ut
1447 1343 1651 1398 Manoe
1699 1340 2034 1412 contingit:

388 1471 416 1500 ι(
453 1453 633 1504 Deum
680 1445 956 1508 vidimus,
992 1465 1018 1493 ››
1053 1441 1248 1514 inquit
1276 1441 1339 1506 ‘°,
1374 1458 1506 1495 cum
1555 1445 1711 1496 esset
1758 1440 1815 1494 in
1850 1439 2036 1512 phan-

386 1537 540 1594 tasia
572 1533 958 1604 Dei.Denique
1001 1537 1248 1586 mortem
1299 1547 1532 1602 quoque
1580 1531 1803 1585 vocavit
1858 1527 2036 1584 David

388 1626 555 1682 illum
588 1623 970 1692 exitum,cum
1002 1621 1198 1692 inquit
1231 1637 1244 1674 :
1283 1642 1305 1669 ι
1340 1619 1600 1674 Pretiosa
1628 1620 1687 1673 in
1721 1622 2035 1692 conspectu

387 1715 619 1772 Domini
648 1729 807 1768 mors
839 1716 1174 1766 sanctorum
1210 1710 1338 1779 ejus
1368 1710 1434 1762 b‘.
1468 1727 1495 1758 ν
1541 1707 1710 1763 Vides
1742 1711 2036 1779 quomodo

385 1813 442 1861 et
471 1819 770 1868 somnum,
802 1806 859 1856 et
887 1798 1100 1866 cubile,
1131 1801 1189 1853 et
1217 1796 1540 1871 lectumhet
1573 1801 1820 1850 mortem
1866 1797 2034 1853 illum

2149 623 2272 680 ὅταν
2321 626 2451 702 φησὶ
2498 626 2786 699 Σολομών·
2841 654 2861 679 ιι
2915 627 3202 698 Ἑξήκοντα
3246 626 3464 684 δυνατοὶ
3510 627 3804 685 κυκλοῦσιν

2148 714 2336 784 αὐτήν.
2372 738 2397 763 ι)
2429 718 2588 770 Ὅταν
2620 716 2719 791 γὰρ
2752 716 2828 778 εἰς
2858 717 2920 771 τὸ
2945 715 3152 772 τέλειον
3185 715 3320 792 ἔλθῃ
3349 719 3377 773 6
3411 718 3684 793 ἐνάρετος,
3709 740 3803 774 πι-

2150 801 2466 877 ρικυκλοῦσι
2539 805 2628 859 καὶ
2707 811 3150 882 περιστοιχοῦσιν
3205 806 3364 862 αὐτὸν
3426 809 3479 862 οἱ
3539 805 3806 881 δυνατοὶ⁹

2146 890 2271 960 ἤτοι
2307 894 2357 947 οἱ
2390 893 2637 968 ἄγγελοι,
2669 895 2804 950 κατά
2831 896 2924 951 τὸν
2959 895 3198 950 εἰπόνταο
3234 921 3262 948 ‹‹
3300 898 3688 974 ΙΙροιωρώμην
3710 898 3803 953 τὸν

2149 981 2342 1057 Κύριον
2394 983 2624 1038 ἐνώπιόν
2675 1006 2781 1058 μου
2831 982 2921 1040 διὰ
2967 987 3190 1055 παντὸς,
3223 985 3307 1041 ὅτι
3356 985 3414 1041 ἐκ
3463 983 3651 1057 δεξιῶν
3697 1009 3803 1060 μου

2147 1071 2310 1139 ἐστὶν,
2351 1071 2441 1126 ’ίνα
2499 1074 2576 1146 μή
2623 1074 2891 1131 σαλευθῶ.
2928 1099 2956 1127 ››
3006 1075 3180 1130 Φίλον
3229 1073 3286 1131 δὶ
3329 1079 3398 1150 τῇ
3447 1076 3562 1148 θείᾳ
3618 1079 3804 1156 Γραφῇ

2146 1160 2331 1215 καλεῖν
2377 1161 2466 1216 καὶ
2517 1163 2606 1216 τὸν
2656 1161 2886 1238 ἄγγελον
2936 1164 3166 1241 Κύριον,
3199 1165 3273 1226 ὡς
3322 1164 3410 1219 ἐπὶ
3455 1169 3552 1220 τοῦ
3582 1167 3800 1237 Μαδωὶ,

2148 1275 2175 1301 ‹‹
2230 1251 2358 1306 Θεὸν
2409 1251 2749 1327 ἑωράκαμεν,
2794 1278 2823 1306 ››
2869 1251 2920 1307 ἐν
2976 1253 3238 1332 φαντασίᾳ
3297 1259 3432 1310 Θεοῦ
3483 1257 3800 1330 γενομένου.

2147 1341 2380 1395 Θάνατον
2442 1339 2499 1396 δὲ
2554 1341 2720 1396 πάλιν
2776 1341 2987 1418 εἷ’ρηκεν
3051 1342 3216 1412 αὐτὴν
3277 1345 3305 1398 6
3365 1339 3530 1398 Δαϐἰδ
3592 1345 3799 1400 εἰπών’

2152 1464 2172 1488 ι
2226 1438 2415 1511 Τίμιος
2461 1437 2697 1494 ἐναντίον
2749 1438 2948 1516 Κυρίου
2979 1441 3007 1494 6
3059 1439 3286 1504 θάνατος
3332 1445 3442 1496 τῶν
3495 1441 3656 1496 ὁσίων
3707 1442 3801 1498 αῦ-

2146 1532 2263 1584 τοῦ.
2301 1552 2328 1579 ››
2363 1525 2516 1589 Εἶδες
2555 1533 2672 1590 πῶς
2723 1528 2812 1583 καὶ
2862 1528 3048 1600 ὕπνον,
3079 1530 3170 1584 καὶ
3213 1529 3422 1600 κοίτην,
3452 1531 3542 1586 καὶ
3584 1529 3803 1606 κλίνην,

2146 1617 2234 1670 καὶ
2283 1615 2506 1671 θάνατον
2556 1617 2720 1686 αὐτὴν
2771 1615 2962 1689 ἔδειξεν
3009 1621 3043 1688 ἠ
3097 1618 3214 1683 θεία
3264 1621 3450 1697 Γραφή
3489 1665 3500 1677 .
3558 1620 3798 1676 Θάνατον

2147 1703 2204 1760 δὲ
2230 1706 2432 1776 ταύτην
2485 1702 2721 1783 εἷ’ρηκεν,
2773 1707 2855 1762 δτι
2905 1709 2933 1762 6
2982 1708 3270 1772 ἀποθανὼν
3319 1706 3662 1765 δεδικαίωται
3695 1710 3803 1766 ἀπὸ

2145 1799 2244 1859 τῆς
2294 1796 2579 1868 ἁμαρτίας.
2632 1799 2834 1872 Ὥσπερ
2885 1797 2984 1872 γὰρ
3041 1797 3133 1852 τὸν
3183 1799 3450 1852 τεθνεῶτα
3497 1797 3602 1853 οὐκ
3656 1795 3797 1854 ἔστιν

386 1911 514 1951 esse
543 1889 865 1949 ostenderit
917 1887 1112 1943 divina
1159 1885 1505 1957 Scriptura?
1539 1886 1783 1941 Mortem
1834 1891 2022 1942 autem

2151 1883 2461 1959 ἐπιστρέψαι
2521 1885 2573 1940 ἐν
2637 1884 2741 1961 βίῳ
2795 1886 2883 1941 καὶ
2943 1887 3252 1959 ἁμαρτῆσαι
3305 1886 3404 1942 οῦκ
3462 1884 3579 1943 ἕτιο
3623 1888 3799 1951 οὕτως

387 1983 550 2038 illam
584 1980 924 2045 nominavit,
959 1977 1112 2049 quod
1145 1977 1242 2031 ille
1273 1975 1373 2047 qui
1407 1980 1673 2030 mortuus
1705 1981 1793 2030 est
1815 1976 2031 2047 justiﬁ-

388 2077 557 2129 catus
589 2072 666 2126 sit
691 2087 722 2123 a
756 2065 1529 2141 peccato.0uemadmodum
1561 2065 1716 2118 enim
1751 2065 1851 2135 qui
1883 2082 2037 2121 mor-

390 2168 531 2217 tuus
577 2165 685 2225 est,
720 2173 833 2213 non
890 2162 1083 2228 potest
1132 2172 1338 2210 rursus
1389 2153 1595 2208 reverti
1644 2153 1703 2207 in
1749 2155 1928 2209 vitam
1979 2159 2037 2209 et

391 2249 648 2321 amplius
677 2261 983 2319 pecccare;
1016 2244 1100 2298 ita
1144 2243 1242 2315 qui
1277 2247 1429 2314 apud
1465 2247 1644 2297 Deum
1677 2242 1786 2298 hoc
1817 2243 2034 2299 honore

383 2341 600 2412 dignus
647 2341 734 2392 est
755 2335 1016 2399 habitus,
1051 2349 1167 2387 non
1196 2337 1386 2402 potest
1408 2333 1788 2399 retrocedere,
1822 2333 1922 2387 sed
1954 2333 2034 2388 ait

382 2445 515 2483 cum
548 2425 726 2482 David
754 2442 804 2480 ;‹‹
839 2421 1123 2478 Dominus
1156 2420 1512 2476 illuminatio
1543 2437 1668 2475 mea
1699 2425 1755 2475 et
1785 2421 2034 2477 salvator

382 2529 755 2586 meus,quem
775 2512 995 2568 timebo
1015 2511 1060 2544 ‘9
1077 2511 1104 2564 ?
1129 2535 1154 2559 »
1177 2511 1398 2564 Etcum
1424 2509 1600 2564 Paulo
1632 2527 1689 2562 ;‹‹
1716 2509 1839 2565 Sive
1863 2527 2028 2565 nam-

377 2621 492 2678 que
538 2604 813 2670 vivimus,
857 2601 976 2656 sive
1026 2600 1330 2665 morimur,
1391 2599 1616 2653 Domini
1661 2616 1870 2654 sumus
1897 2601 1962 2656 ‘3.
2001 2623 2028 2649 ι»

377 2695 448 2749 Et
477 2709 721 2748 rursus:
749 2713 776 2740 ‹‹
805 2690 937 2744 Vivo
979 2695 1175 2743 autem
1210 2689 1336 2758 jam
1365 2704 1475 2742 non
1509 2703 1636 2758 ego,
1669 2688 1769 2743 sed
1800 2688 1938 2743 vivit
1967 2690 2026 2744 in

377 2799 470 2838 me
508 2779 815 2837 Christus:
855 2779 1005 2849 quod
1050 2793 1182 2832 vero
1233 2793 1389 2832 nunc
1421 2777 1475 2830 in
1513 2793 1687 2832 carne
1719 2777 1866 2847 vivo,
1899 2779 2024 2834 vivo

2149 1971 2272 2028 οὐδὲ
2318 1975 2409 2028 τὸν
2457 1975 2600 2028 οὕτω
2647 1974 3038 2045 καταξιωθέντα
3081 1975 3179 2030 οὐκ
3226 1974 3366 2030 ἔστιν
3402 1976 3480 2038 εἷς
3526 1977 3593 2031 τὰ
3622 1976 3797 2032 ὀπίσω

2148 2069 2466 2140 στραφῆναι,
2526 2063 2672 2118 ἀλλά
2729 2063 2876 2138 λέγει
2939 2064 3072 2137 μετὰ
3125 2062 3222 2119 τοῦ
3281 2059 3466 2120 Δαϐίδο
3521 2091 3550 2118 ‹‹
3599 2065 3797 2142 Κύριος

2147 2152 2430 2228 φωτισμός
2465 2174 2568 2224 μου
2616 2153 2706 2207 καὶ
2756 2155 2939 2228 σωτήρ
2975 2175 3103 2225 μου,
3134 2154 3252 2208 τίνα
3283 2157 3679 2231 φοοηθήσομαι
3714 2174 3728 2223 ;
3768 2179 3797 2208 »

2150 2242 2283 2311 μετά
2327 2238 2383 2295 δὲ
2430 2245 2528 2295 τοῦ
2581 2240 2818 2298 Παύλου·
2859 2265 2880 2293 ι
2933 2241 3053 2297 Ἐάν
3104 2263 3162 2298 τε
3208 2245 3309 2318 γὰρ
3364 2247 3558 2317 ζῶμεν,
3608 2245 3694 2299 ὲάν
3741 2265 3800 2300 τε

2142 2330 2596 2402 ἀποθνήσκωμεν,
2647 2335 2744 2385 τοῦ
2797 2330 2993 2405 Κυρίου
3034 2330 3214 2404 ἆσμὲν·
3251 2356 3279 2382 ››
3311 2333 3400 2387 καὶ
3431 2332 3619 2388 πάλιν·
3657 2358 3684 2385 ‹‹
3716 2339 3798 2388 Ζῶ

2143 2417 2199 2473 δὲ
2231 2418 2329 2473 οὐκ
2358 2416 2434 2474 ἔτι
2466 2417 2592 2495 ἐγὼ,
2628 2423 2691 2492 ζῇ
2745 2417 2802 2474 δὲ
2832 2418 2881 2473 ἐν
2932 2419 3056 2493 ἐμοὶ
3109 2421 3360 2495 Χριστός.
3391 2424 3460 2478 ’Ὸ
3491 2419 3549 2477 δὲ
3595 2427 3687 2477 νῦν
3726 2428 3798 2493 ζῶ

2140 2508 2190 2562 ἐν
2225 2508 2404 2581 σαρκὶ,
2438 2508 2488 2562 ἐν
2531 2508 2705 2562 πίστει
2740 2514 2834 2577 ζῶ,
2882 2533 2910 2559 ι)
2958 2507 3052 2570 Εἷς
3102 2513 3264 2564 τοῦτο
3310 2509 3690 2574 τελειωθέντες
3740 2512 3791 2566 οἱ

2140 2599 2303 2672 ἅγιοι,
2353 2597 2754 2674 κατεφρόνησαν
2809 2597 2902 2651 τὸν
2955 2594 3158 2669 κόσμον
3197 2643 3211 2668 ,
3271 2597 3359 2652 καὶ
3424 2598 3533 2675 οὐχ
3590 2597 3792 2669 ἡδονὴν

2137 2689 2371 2761 ἡγοῦντο
2400 2690 2499 2754 τήν
2550 2682 2751 2754 ἡδονήν
2800 2690 2896 2740 τοῦ
2944 2685 3154 2758 κόσμου
3200 2687 3419 2744 τούτου.
3453 2689 3516 2741 O't
3548 2685 3605 2744 δὲ
3654 2691 3791 2765 μάρ-

2133 2795 2286 2849 τυρες
2317 2775 2411 2836 τὰς
2448 2774 2714 2849 βασάνους
2745 2774 3172 2852 κατεφρόνησαν.

373 2873 430 2928 in
467 2872 581 2927 ﬁde
609 2871 674 2925 “.
710 2892 737 2918 »
769 2870 1134 2940 Quapropter
1162 2867 1347 2921 sancti
1381 2883 1449 2922 ea
1477 2867 1538 2921 in
1588 2883 1649 2922 re
1703 2868 1966 2938 perfecti,
1999 2868 2289 2923 mundum
2340 2871 2843 2938 contempserunt,
2875 2871 2934 2922 et
2974 2866 3153 2937 hujus
3203 2867 3409 2922 mundi
3440 2868 3776 2940 voluptates.

371 2967 440 3017 Et
472 2960 658 3017 sancti
690 2963 975 3029 martyres
1005 2956 1184 3012 etiam
1217 2961 1622 3027 contempsere
1651 2961 1967 3012 tormenta.

443 3078 784 3132 PROPOSITIO
814 3073 923 3128 XC.
960 3095 986 3122 κ
1021 3070 1418 3127 Exaltationes
1452 3071 1549 3126 Dei
1583 3071 1642 3125 in
1675 3075 1909 3143 gutture
1933 3089 2023 3128 eo-

369 3184 528 3238 rum,
559 3169 614 3221 et
640 3163 817 3238 gladii
850 3161 1134 3233 ancipites
1170 3162 1226 3214 in
1258 3160 1534 3215 manibus
1560 3177 1761 3215 eorum
1796 3162 1858 3212 ‘5.
1896 3183 1922 3210 ››

440 3274 668 3328 Iurene.
702 3267 1096 3359 Exaltationes
1149 3266 1267 3359 Dei,
1301 3271 1452 3359 sunt
1470 3267 1750 3359 doctrinm
1771 3266 1934 3359 legis
1966 3272 2022 3323 et
2051 3291 2093 3359 α

368 3364 588 3417 statuta
635 3356 986 3430 spiritualia.
1040 3355 1112 3412 Ut
1161 3355 1316 3410 enim
1365 3355 1706 3426 spirituales
1753 3355 2019 3414 doctores

367 3449 585 3506 habent
633 3465 667 3502 a
703 3445 919 3518 Spiritu
971 3448 1174 3500 sancto
1222 3444 1374 3499 dona
1423 3444 1641 3517 gratias,
1674 3445 1731 3500 in
1783 3450 2019 3517 gutture

368 3556 496 3605 suo,
529 3538 585 3593 id
620 3543 708 3593 est
758 3535 815 3590 in
851 3551 948 3589 ore
995 3550 1102 3590 suo
1132 3537 1188 3588 et
1220 3534 1279 3588 in
1333 3532 1535 3605 lingua
1565 3551 1692 3599 sua,
1725 3539 1780 3590 et
1811 3535 2019 3591 docent

365 3627 649 3701 populum
678 3644 691 3692 ;
725 3623 1007 3696 ancipites
1055 3627 1252 3678 autem
1285 3620 1461 3694 gladii
1511 3627 1648 3677 sunt
1679 3625 1793 3679 duo
1822 3628 2014 3680 Testa-

367 3719 767 3781 menta,vetus
789 3717 848 3768 et
877 3728 1022 3768 nova
1043 3710 1128 3766 lex
1157 3753 1172 3780 ,
1199 3727 1334 3766 nam
1368 3710 1518 3765 sicut
1551 3710 1718 3766 miles
1749 3711 2010 3783 gladium

363 3805 680 3876 ancipitem
713 3803 969 3872 vibrans,
1002 3799 1271 3856 inimicos
1301 3799 1606 3869 interimit,
1639 3804 1697 3856 et
1729 3801 2010 3872 populum

361 3900 594 3950 tuetur:
638 3892 722 3948 sic
769 3891 948 3947 etiam
999 3890 1266 3944 doctores
1317 3887 1677 3960 spirituales,
1731 3889 2014 3962 ancipites

361 3985 580 4041 habent
609 3981 858 4055 gladios,
906 3977 1202 4034 doctrinas
1253 3977 1477 4034 Veteris
1509 3983 1566 4034 et
1613 3978 1756 4033 Novi
1813 3980 2012 4036 Testa-

365 4074 568 4143 menti,
602 4089 705 4144 per
753 4087 899 4142 quas
947 4067 1265 4123 vindictam
1315 4071 1560 4124 sumunt
1605 4069 1663 4122 in
1713 4070 2007 4141 gentibus,

360 4162 612 4233 illasque
640 4161 695 4214 in
722 4157 1082 4231 supplicium
1103 4157 1840 4228 conjiciunt,immittentes
1862 4159 2006 4215 iram

357 4268 391 4308 a
422 4251 559 4318 Deo,
596 4267 696 4322 per
715 4266 856 4306 suas
892 4247 962 4302 ad
990 4252 1166 4302 Deum
1201 4247 1688 4318 supplicationes.
1730 4247 2011 4305 Similiter

355 4356 584 4412 quoque
617 4354 986 4394 communem
1023 4335 1306 4408 populum
1352 4335 1614 4391 ﬁdelium
1648 4338 2010 4410 redarguunt

353 4435 409 4486 et
439 4428 762 4486 instituunt
791 4427 861 4482 ad
895 4427 1136 4482 bonum.
1170 4426 1412 4489 Quando
1446 4442 1577 4481 vero
1611 4443 1724 4480 non
1759 4427 2009 4482 audiunt

351 4535 471 4584 eos,
496 4518 597 4574 sed
631 4518 783 4572 bono
816 4517 1202 4570 adversantur
1231 4519 1406 4586 atque
1437 4519 1823 4569 contemnunt
1853 4513 2006 4583 illos,

349 4613 492 4663 tunc
521 4607 694 4662 etiam
731 4604 874 4674 ipsis
927 4603 1256 4658 immittunt
1299 4603 1652 4675 supplicium
1705 4619 1806 4673 per
1834 4619 2001 4658 suam

2205 3069 2462 3142 Κείμενον
2602 3092 2629 3116 ‹‹
2663 3068 2728 3124 Αἱ
2776 3068 3008 3142 ὑψώσεις
3055 3074 3153 3124 τοῦ
3201 3075 3333 3125 Θεοῦ
3357 3070 3405 3124 ἐν
3437 3075 3516 3142 τῷ
3545 3069 3781 3147 λάρυγγι

2133 3157 2332 3226 αὐτῶν,
2364 3158 2453 3212 καὶ
2489 3157 2752 3235 ῥομφαῖαι
2787 3154 3037 3231 δίστομοι
3071 3157 3121 3213 ἐν
3153 3163 3274 3221 ταῖς
3307 3159 3492 3235 χερσὶν
3525 3159 3721 3217 αὐτῶν.
3759 3184 3789 3213 ››

2203 3267 2411 3340 Ἑρμην
2447 3310 2458 3321 .
2511 3265 2770 3338 Ὑψώσεις
2825 3269 2922 3319 τοῦ
2987 3270 3122 3320 Θεοῦ
3181 3265 3311 3320 εἰσιν
3390 3267 3445 3320 αἱ
3513 3263 3793 3322 διδασκα-

2134 3353 2244 3408 λίαι
2270 3358 2372 3409 τοῦ
2404 3354 2578 3425 νόμου
2626 3355 2715 3408 καὶ
2766 3355 2820 3408 αἱ
2872 3355 3229 3427 πνευματικαὶ
3275 3353 3561 3425 διατάξεις·
3609 3356 3791 3434 ὥσπερ

2127 3443 2226 3520 γάρ
2260 3440 2476 3520 ἔχουσιν
2528 3444 2580 3497 οἱ
2627 3445 2984 3516 πνευματικοὶ
3035 3441 3352 3500 διδάσκαλοι
3405 3443 3465 3499 ἐκ
3495 3450 3590 3500 τοῦ
3632 3446 3791 3520 ἁγίου

2129 3531 2441 3605 Πνεύματος
2495 3530 2808 3607 χαρίσματα
2857 3528 3075 3605 δωρεῶν
3125 3531 3176 3586 ἐν
3205 3536 3284 3604 τῷ
3315 3531 3554 3608 λάρυγγι
3585 3531 3786 3602 αὐτῶν,

2124 3617 2253 3688 ἤτοι
2311 3626 2389 3693 τῷ
2445 3621 2672 3693 στόματι
2733 3619 2906 3675 αὐτῶν
2965 3621 3054 3675 καὶ
3103 3619 3172 3695 τῇ
3223 3619 3472 3696 γλώσσῃ,
3504 3621 3593 3677 καί
3643 3620 3787 3677 διδά-

2127 3731 2310 3764 σκουσι
2362 3711 2454 3765 τὸν
2516 3708 2686 3765 λαόν’
2746 3709 3009 3788 ρομφαῖαι
3071 3707 3323 3783 δίστομοί
3381 3711 3512 3766 εἶ’σιν
3575 3713 3627 3765 αἱ
3687 3709 3783 3768 δύο

2125 3801 2407 3871 Διαθῆκαι,
2458 3801 2486 3854 6
2535 3797 2767 3860 παλαιὸς
2810 3798 2978 3871 νόμος
3025 3799 3114 3853 καὶ
3165 3800 3192 3854 6
3237 3799 3358 3861 νέος
3389 3819 3402 3833 ο
3455 3796 3634 3875 ὥσπερ
3674 3803 3779 3877 γὰρ

2123 3888 2151 3941 6
2210 3888 2563 3960 στρατιώτης,
2620 3886 2894 3962 βαστάζων
2949 3885 3099 3964 ξίφος
3157 3884 3441 3960 δίστομον,
3499 3888 3626 3950 τοὺς
3687 3888 3778 3965 ἐχ-

2123 3976 2282 4050 θροὺς
2312 3977 2665 4054 κατασφάττει
2698 3976 2786 4031 καὶ
2836 3976 2928 4030 τὸν
2981 3975 3112 4031 λαὸν
3164 3973 3439 4046 διασώζει·
3483 3978 3656 4041 οὕτως
3687 3979 3777 4033 καὶ

2121 4067 2173 4121 οἱ
2206 4065 2567 4140 πνευματικοὶ
2599 4063 2919 4121 διδάσκαλοι
2953 4063 3530 4144 ῥομφαίαςδιστόμους
3562 4063 3777 4142 ἔχουσι,

2117 4157 2184 4211 τὰ
2241 4154 2544 4232 διδάγματα
2592 4163 2692 4225 τῆς
2743 4153 2986 4216 Παλαιᾶς
3039 4155 3130 4210 καὶ
3181 4154 3314 4217 Νέας
3364 4158 3664 4226 Διαθήκης,
3709 4153 3778 4210 δι’

2119 4247 2193 4299 ὧν
2227 4249 2474 4300 ποιοῦσιν
2509 4242 2788 4315 ἐκδίκησιν
2839 4242 2891 4298 ἐν
2937 4250 3053 4306 τοῖς
3109 4241 3328 4316 ἔθνεσιν,
3375 4245 3464 4300 καὶ
3498 4245 3570 4307 είς
3601 4267 3778 4318 τιμω-

2119 4335 2233 4409 ρίαν
2269 4330 2640 4407 ἐμϐάλλουσιν
2674 4333 2890 4404 αύτοὸς,
2925 4332 3357 4395 ἀποστέλλοντες
3389 4333 3574 4395 αὐτοῖς
3613 4335 3780 4411 ὀργὴν

2117 4425 2223 4479 ἀπὸ
2253 4429 2350 4479 τοῦ
2400 4428 2554 4496 Θεοῦ,
2592 4422 2681 4479 διὰ
2730 4431 2829 4493 τῆς
2876 4424 3151 4498 ἱκετηρίας
3185 4431 3287 4494 τῆς
3337 4426 3472 4500 πρὸς
3498 4427 3592 4480 τὸν
3624 4426 3778 4482 Θεόν.

2115 4512 2387 4574 Ὡσαύτως
2419 4513 2505 4567 καὶ
2553 4515 2645 4568 τὸν
2695 4513 2877 4568 κοινὸν
2923 4511 3054 4568 λαὸν
3085 4518 3193 4568 τῶν
3244 4519 3448 4569 πιστῶν
3483 4513 3777 4590 ἐλέγχουσι

2115 4602 2204 4657 καὶ
2239 4599 2579 4656 διδάσκουσιν
2631 4601 2707 4664 εἷς
2756 4604 2818 4657 τὸ
2870 4602 3093 4677 ἀγαθόν.
3130 4604 3296 4659 ’Όταν
3328 4600 3385 4658 δὶ
3421 4604 3496 4676 μὴ
3531 4603 3777 4659 ἀκούσω-

351 4695 815 4769 deprecationem
851 4693 920 4748 ad
971 4692 1458 4764 resipiscentiam,
1494 4696 1558 4747 ut
1598 4691 1867 4746 videlicet
1913 4709 2008 4748 ca-

2134 4711 2198 4744 nv
2232 4690 2430 4759 αὐτῶν,
2481 4687 2611 4744 ἀλλ’
2668 4689 3034 4745 ἐναντιοῦνται
3091 4691 3153 4745 τὸ
3198 4690 3417 4766 ἀγαθὸν,
3471 4692 3560 4746 καὶ
3611 4713 3777 4747 κατα-

352 4783 550 4858 stigati
577 4785 809 4839 discant
832 4799 942 4838 non
969 4781 1426 4853 inobsequentes
1447 4783 1693 4837 esseDeo
1718 4781 1873 4836 etDei
1892 4783 2000 4838 mi-

352 4875 578 4930 nistris.
610 4874 754 4928 Nam
791 4873 890 4945 qui
923 4871 1261 4944 spirituales
1293 4871 1563 4925 homines
1604 4871 1788 4939 audit,
1823 4875 2002 4927 Deum

351 4964 517 5020 audit
546 4961 1128 5035 “,quemadmodum
1161 4960 1308 5014 dixit
1330 4959 1454 5031 ipse
1484 4959 1770 5015 Christus.
1804 4960 2002 5034 Neque

348 5053 505 5108 enim
538 5053 609 5109 ad
643 5052 967 5118 interitum,
1001 5049 1097 5104 scd
1134 5049 1200 5103 ad
1240 5049 1548 5104 utilitatem
1573 5048 1858 5120 ipsorum,
1885 5050 2000 5122 spi-

347 5142 589 5198 rituales
634 5141 721 5197 illi
761 5139 1206 5213 castigationem
1240 5138 1552 5203 inducunt,
1585 5140 1654 5193 ad
1690 5140 1997 5195 correctio-

343 5249 474 5288 nem
508 5232 648 5288 boni
678 5235 735 5287 et
767 5231 835 5285 ad
884 5227 1134 5302 gloriam
1167 5228 1289 5288 Dei.
1323 5233 1603 5299 tanquam
1645 5233 1910 5284 amantes
1941 5234 1997 5285 et

339 5322 559 5378 ultores
595 5320 711 5388 Dei,
742 5333 1059 5389 osoresque
1095 5317 1260 5372 mali.

2116 4784 2403 4858 φρονοῦσιν
2455 4780 2654 4846 αὐτῶν,
2709 4780 2831 4835 τότε
2875 4779 2963 4835 καὶ
3009 4779 3192 4842 αὐτοῖς
3240 4780 3642 4837 ἀποστέλλουσι
3687 4779 3777 4836 διὰ

2113 4873 2424 4945 προσευχῆς
2470 4869 2740 4943 τιμωρίαν
2809 4869 2946 4945 πρὸς
2988 4871 3408 4946 σωφρονισμὸν,
3451 4870 3601 4932 ὅπως
3651 4892 3779 4925 παι-

2112 4957 2380 5022 δευθέντες
2440 4963 2909 5034 σωφρονισθῶσιν,
2953 4959 3029 5030 μή
3063 4959 3388 5033 παρακούειν
3429 4964 3588 5026 Θεοῦ,
3635 4962 3776 5033 μήτε

2106 5052 2213 5103 τῶν
2265 5047 2607 5124 θεραπόντων
2656 5047 2842 5102 αὐτοῦ*
2896 5047 2977 5102 ὅτι
3030 5049 3057 5101 6
3119 5049 3330 5103 ἀκούων
3392 5053 3770 5122 πνευματικῶν

2109 5135 2312 5213 ἀνδρῶν
2364 5136 2548 5192 ἀκούει
2606 5141 2762 5205 Θεοῦ,
2819 5136 2999 5199 καθὼς
3052 5136 3267 5213 εἴρηκεν
3311 5139 3338 5191 6
3390 5138 3642 5212 Χριστός.
3692 5137 3769 5194 Οὐ

2101 5229 2202 5303 γὰρ
2234 5227 2369 5302 πρὸς
2406 5221 2641 5302 βλάϐην,
2678 5224 2822 5280 ἀλλὰ
2870 5226 3007 5301 πρὸς
3055 5225 3322 5304 ὠφέλειαν
3370 5227 3625 5304 ἐπάγουσι
3666 5228 3766 5296 τὴν

2102 5315 2345 5371 παιδείαν
2395 5317 2445 5370 οἱ
2496 5315 2872 5388 πνευματικοὶ,
2905 5315 2994 5370 καὶ
3026 5316 3164 5392 πρὸς
3197 5313 3486 5392 διόρθωσιν
3531 5318 3766 5392 ἀγαθοῦ,

337 5410 412 5473 εἰς
448 5408 600 5482 δόξαν
629 5412 784 5479 Θεοῦ,
817 5408 892 5470 ὡς
926 5403 1170 5475 ζηλωταὶ
1199 5405 1287 5459 καὶ
1318 5403 1593 5476 ἐκδικηταὶ
1625 5410 1720 5460 τοῦ
1752 5411 1905 5479 Θεοῦ,
1938 5407 2028 5462 καὶ
2064 5406 2299 5480 μισηταὶ
2328 5410 2426 5460 τοῦ
2456 5409 2647 5461 κακοῦ.

407 5679 451 5713 ⁸⁸
479 5676 644 5731 Cant.
680 5693 763 5744 ni,
795 5676 850 5730 7.

927 5678 972 5750 ἓν
1003 5678 1156 5734 Psal.
1189 5695 1283 5750 xv,
1314 5680 1369 5734 7.

335 5750 381 5788 “
411 5749 597 5810 Galat.
632 5765 694 5821 ιι,
725 5748 816 5804 20.

891 5749 936 5784 ⁸⁸
963 5749 1113 5807 Psal.
1147 5769 1330 5825 cxmx,
1363 5752 1417 5807 6.

1449 5680 1493 5714 ⁴⁰
1521 5679 1713 5736 Judic.
1763 5695 1890 5751 xm,
1921 5682 2011 5738 22.

1497 5753 1542 5788 ⁴⁸
1575 5753 1705 5808 Luc.
1738 5768 1862 5822 vni,
1900 5753 1986 5812 12.

2089 5683 2132 5720 ιι
2167 5679 2324 5737 Psal.
2377 5695 2501 5748 cxv,
2536 5680 2622 5737 11.
2701 5679 2746 5714 ⁴²
2775 5678 2933 5737 Psal.
2963 5695 3117 5750 xxvr,
3152 5680 3205 5735 1.
3282 5679 3328 5718 “
3356 5679 3527 5737 Rom.
3559 5695 3676 5749 xxv,
3708 5681 3766 5738 8.
