4148 6362
372 401 485 463 753

756 533 847 586 ΕΞ
888 531 1293 587 ΕΙΙῙΣΤΟΛΩΝ
1346 530 1645 586 ΙΙΔΥΛΟΥ.

438 658 634 733 Ἐρώτ.
669 656 795 734 ιιαί’.
837 678 864 711 α
897 654 1031 725 Δόξα
1059 655 1147 709 καὶ
1179 656 1316 728 τιμή
1366 654 1453 709 καὶ
1490 654 1679 731 εἰρήνη
1732 655 1888 708 παντὶ
1948 659 2025 726 τῷ

366 746 720 821 ἐργαζομένῳ
786 746 847 799 τὸ
927 745 1144 819 ἀγαθὸν,
1224 742 1474 815 Ἰουδαίῳ
1550 765 1608 798 τε
1660 748 1875 817 πρῶτον
1934 743 2022 797 καὶ

363 834 624 905 Ἕλληνι.
661 834 733 889 Οῦ
766 835 868 908 γάρ
929 832 1039 887 ἐστι
1102 832 1547 907 προσωποληψία
1606 833 1750 906 παρὰ
1778 836 1855 903 τῷ
1888 837 2021 903 Θεῷ.

362 925 519 981 ’Ὀσοι
552 924 655 1000 γὰρ
689 923 912 995 ἀνόμως
948 922 1214 995 ἥμαρτον,
1249 920 1466 993 ἀνόμως
1514 922 1603 975 καὶ
1665 920 2019 975 ἀπολοῦνται·

362 1012 449 1068 καὶ
500 1012 618 1068 ὅσοι
674 1013 724 1068 ἐν
782 1012 939 1085 νόμῳ
996 1011 1270 1086 ἥμαρτον,
1332 1008 1420 1064 διά
1487 1005 1660 1083 νόμου
1733 1012 2020 1084 κριθήσον-

360 1124 471 1159 ται.
510 1127 537 1153 ››

437 1190 754 1268 Ἐρμηνεία,
806 1191 1053 1246 Ἐπαινεῖ
1100 1188 1304 1250 πάντας
1350 1188 1476 1250 τοὺς
1519 1188 1910 1265 ἐργαζομένους
1961 1191 2023 1243 τὸ

367 1281 584 1357 ἀγαθόν.
618 1278 869 1350 Ἕλληνα
900 1275 957 1332 δὲ
986 1277 1047 1331 οὐ
1074 1279 1166 1332 τὸν
1201 1277 1616 1354 εἰδωλολάτρην
1662 1277 1828 1353 λέγει,
1878 1277 2023 1333 ἀλλὰ

366 1370 455 1424 τὸν
519 1363 766 1438 θεοσεϐῆ,
830 1368 904 1440 μή
955 1366 1278 1421 πιστεύοντα
1330 1365 1387 1421 δὶ
1442 1368 1534 1421 τὸν
1592 1368 1845 1441 Χριστὸν,
1882 1370 2021 1440 μήτε

368 1457 539 1530 νόμον
595 1462 891 1532 κρατοῦντα
946 1456 1035 1510 τὸν
1096 1456 1349 1511 παλαιόν·
1410 1456 1553 1512 ἀλλά
1612 1459 1787 1533 χωρὶς
1847 1457 2020 1529 νόμου

373 1548 627 1622 ὑπάρχει.
684 1547 970 1619 Ὀνομάζει
1026 1542 1083 1600 δὶ
1135 1547 1224 1599 καὶ
1274 1542 1487 1601 σέϐεται
1553 1546 1643 1599 τὸν
1719 1547 1872 1616 Θεὸν,
1931 1550 2022 1600 καὶ

368 1636 624 1711 φυλάττει
683 1636 770 1690 καὶ
828 1636 1049 1711 ἀρετήν.
1110 1637 1170 1692 Ὀ
1223 1640 1473 1697 τοιοῦτος
1524 1634 1609 1689 ἐὰν
1666 1636 1755 1690 καὶ
1802 1636 2018 1708 πταίσῃ,

366 1721 723 1799 ἐλαφρόνερον
788 1723 981 1797 μέλλει
1041 1721 1363 1793 κολάζεσθαι
1417 1725 1546 1797 ὑπὲρ
1591 1725 1682 1779 τὸν
1735 1722 2021 1793 Ἰουδαῖον,

360 1811 443 1867 ὅτι
477 1813 504 1866 ὁ
566 1811 829 1876 Ἰουδαῖος
882 1808 1207 1890 παραϐαίνει
1254 1815 1344 1868 τὸν
1392 1813 1561 1887 νόμον
1610 1813 1697 1868 καὶ
1750 1813 1865 1890 ἔχει
1922 1815 2021 1883 τὴν

1383 396 1900 469 ΟΗᾸΞΒΤῙΟΝΕΞ
1945 397 2021 456 ΙΝ
2070 396 2491 461 EPISTOLAS
2542 402 2796 464 PAULI.

2056 532 2107 596 A

3679 398 3800 459 754

2496 536 2649 591 273
2690 537 2775 590 EX
2811 535 3175 592 EPISTOLIS
3216 534 3442 591 PAULI.

2208 661 2436 723 QUEST.
2487 658 2625 713 XCI.
2682 682 2707 709 ‹‹
2756 659 2971 726 Gloria,
3023 660 3209 714 honor
3256 664 3311 712 et
3342 675 3451 729 pax
3501 656 3662 713 omni
3694 655 3795 726 qui

2135 754 2409 818 operatur
2460 748 2677 802 bonum
2717 748 2957 803 :Judaeo
3014 749 3269 817 primum
3305 753 3359 800 et
3410 746 3624 800 Graeco.
3668 745 3792 798 Non

2134 838 2291 891 enim
2342 843 2427 891 est
2465 854 2847 908 personarum
2900 836 3157 907 acceptio
3202 837 3355 907 apud
3410 835 3615 889 Deum.
3647 833 3794 887 Nam

2134 927 2473 998 quicunque
2524 928 2649 981 sine
2701 927 2830 997 lege
2878 931 3279 997 peccaverunt,
3313 925 3438 978 sine
3487 924 3611 987 lege
3644 922 3793 993 peri-

2135 1016 2320 1082 bunt;
2350 1021 2407 1070 et
2434 1017 2775 1087 quicunque
2806 1016 2862 1069 in
2888 1015 3012 1086 lege
3046 1020 3451 1086 peccaverunt,
3482 1029 3583 1083 per
3603 1012 3791 1083 legem

2127 1105 2558 1176 judicabuntur
2584 1108 2647 1160 ³⁷.
2684 1129 2711 1154 ››

2205 1197 2544 1250 INTERPRET.
2583 1196 2806 1249 Laudat
2837 1212 3042 1249 omnes
3069 1194 3163 1248 hui
3198 1196 3516 1263 operantur
3546 1192 3787 1245 bonum.

2129 1287 2391 1338 Graecum
2443 1302 2573 1339 vero
2605 1285 2765 1353 dicit,
2802 1302 2911 1338 non
2948 1283 3340 1351 idololatram,
3376 1282 3473 1335 sed
3512 1280 3612 1351 qui
3655 1279 3793 1333 colit

2130 1372 2368 1445 quidem
2420 1373 2625 1441 Deum,
2661 1390 2850 1443 neque
2902 1380 3092 1427 tamen
3129 1372 3313 1427 credit
3362 1370 3419 1423 in
3463 1368 3786 1434 Christum,

2132 1479 2318 1533 neque
2366 1469 2615 1517 veterem
2662 1461 2847 1529 legem
2897 1466 3074 1531 tenet,
3110 1462 3212 1516 sed
3264 1460 3390 1514 sine
3424 1461 3549 1529 lege
3578 1461 3689 1523 est,
3723 1474 3789 1511 ac

2129 1551 2312 1606 Deum
2348 1552 2578 1605 invocat
2605 1558 2661 1605 et
2712 1551 2867 1617 colit,
2902 1556 3212 1621 servatque
3261 1547 3649 1604 nihilominus
3681 1544 3791 1600 vir-

2130 1645 2338 1696 tutem.
2364 1641 2509 1694 Nam
2535 1639 2666 1695 talis
2698 1641 2929 1695 etiamsi
2959 1640 3209 1708 labatur,
3240 1637 3426 1692 levius
3450 1642 3643 1691 tamen
3678 1652 3784 1705 pu-

2129 1730 2325 1785 nietur
2354 1748 2531 1801 quam
2554 1730 2791 1785 Judaaus
2816 1748 2827 1783 :
2856 1731 3135 1801 quoniam
3158 1730 3399 1785 Judaeus
3418 1726 3605 1799 legem
3631 1732 3787 1781 tran-

2130 1821 2447 1889 sgreditur,
2507 1824 2712 1889 estque
2769 1819 3019 1890 graviori
3064 1818 3351 1873 obnoxius
3400 1814 3782 1871 accusationi.

360 1902 690 1977 κατηγορίαν
752 1902 994 1975 μείζονα.
1056 1904 1212 1957 Ὅταν
1266 1903 1369 1979 γὰρ
1418 1902 1649 1977 ἀκούσῃς
1687 1902 1768 1957 τό·
1809 1929 1829 1954 ιι
1862 1906 2019 1960 ’Ὁσοι

2148 1910 2372 1975 )uando
2420 1908 2574 1963 enim
2624 1908 2793 1962 audis
2834 1907 2976 1961 illud
3017 1925 3029 1963 :
3083 1932 3102 1955 α
3140 1908 3436 1977 Quotquot
3482 1904 3608 1958 sine
3656 1903 3783 1969 lege

361 1990 582 2062 ἀνόμως
643 1991 913 2065 ἥμαρτον,
989 1991 1207 2065 ἀνόμως
1268 1992 1356 2046 καὶ
1414 1991 1766 2047 ἀπολοῦνται·
1830 2017 1857 2044 ››
1916 1994 2015 2061 τὴν

364 2077 728 2158 ἐλαφροτέραν
762 2079 985 2136 κόλασιν
1041 2076 1411 2153 ὑπολάμϐανε·
1473 2082 1535 2136 τὸ
1586 2079 1663 2149 δὲ,
1696 2107 1722 2133 ‹‹
1776 2084 1931 2139 ’Ὁσοι
1966 2082 2014 2136 ἐν

361 2167 521 2242 νόμῳ
578 2168 851 2244 ἥμαρτον,
916 2194 936 2221 ι
999 2171 1097 2238 τὴν
1158 2170 1378 2247 χείρονα
1432 2169 1655 2226 κόλασιν
1702 2171 1790 2226 καὶ
1842 2192 2016 2245 τιμω-

364 2257 503 2333 ρίαν.

431 2363 690 2437 Κείμενον
919 2388 947 2415 ‹‹
990 2366 1053 2423 Εἰ
1104 2367 1203 2443 γὰρ
1272 2367 1542 2445 σύμφυτοι
1592 2368 1889 2443 γεγόναμεν
1942 2375 2021 2443 τῷ

361 2453 677 2527 ὁμοιώματι
703 2460 799 2509 τοῦ
832 2454 1061 2510 θανάτου
1094 2456 1280 2527 αὐτοῦ,
1316 2455 1461 2512 ἀλλά
1490 2456 1579 2511 καὶ
1637 2465 1737 2523 τῆς
1792 2459 2019 2514 divend-

364 2563 500 2605 σεως
535 2542 623 2597 ἐσό
633 2545 786 2616 μεθα.

440 2632 637 2689 Ἀπόκ.
722 2633 1011 2711 Σύμφυτοι
1086 2634 1379 2711 γεγόναμεν
1418 2679 1431 2704 ,
1508 2633 1677 2711 ἤγονν
1768 2635 2018 2711 μέτοχοι·

364 2715 548 2795 ὥσπερ
578 2722 640 2776 τὸ
675 2721 834 2795 σῶμα
864 2724 925 2777 τὸ
957 2721 1292 2793 δεσποτικὸν,
1324 2725 1483 2802 ταφὲν
1519 2724 1569 2779 ἐν
1623 2730 1691 2799 τῇ
1741 2729 1836 2801 γῇ,
1897 2723 2022 2803 ἔφυ-

364 2831 423 2865 σε
454 2810 726 2879 σωτηρίαν
781 2815 860 2881 τῷ
912 2811 1126 2885 κόσμῳ·
1184 2812 1328 2867 οὕτω
1385 2813 1472 2867 καὶ
1530 2813 1592 2867 τὸ
1650 2816 1810 2886 ἡμῶν
1841 2820 2021 2886 σῶμα,

362 2900 527 2975 ταφὲν
563 2898 614 2953 ἐν
646 2905 725 2971 τῷ
760 2899 1114 2975 βαπτίσματι,
1150 2899 1310 2979 ἔφυσε
1341 2899 1683 2973 δικαιοσύνην
1730 2906 1865 2975 ⁵ἡμῖν
1929 2903 2023 2957 αῦ-

362 2992 501 3049 τοῖς.
537 2988 606 3041 Τὸ
667 2985 724 3042 δὲ
774 2988 1034 3061 ὁμοίωμα
1081 2988 1257 3051 οὕτως
1311 2987 1447 3065 ἔχει·
1499 2986 1680 3066 ὥσπερ
1734 2991 1761 3044 ὀ
1793 2993 2021 3061 Χριστὸς

366 3076 625 3146 ἀειὲθανε,
685 3077 774 3131 καὶ
848 3081 917 3151 τῇ
988 3078 1146 3154 τρίτῃ
1210 3079 1393 3155 ἡμέρᾳ
1459 3080 1673 3150 ἀνέστη·
1735 3080 1877 3135 οὕτω
1934 3082 2022 3135 καὶ

371 3167 537 3236 ἡμεῖς
569 3164 619 3220 ἐν
666 3170 746 3238 τῷ
801 3165 1133 3239 βαπτίσματι
1182 3169 1502 3237 θνήσκοντες
1553 3169 1898 3240 ἀνιστάμεθα.
1953 3170 2023 3224 Τὸ

2130 2003 2537 2070 peccaverunt,
2592 1996 2718 2051 sine
2766 1995 2891 2068 lege
2940 1996 3214 2067 peribunt
3256 2012 3267 2049 :
3311 1994 3510 2048 minus
3553 1990 3779 2063 suppli-

2128 2087 2283 2142 cium
2319 2091 2542 2157 reputa.
2576 2086 2693 2140 Hoc
2722 2102 2855 2141 vero
2891 2102 2901 2140 :
2942 2106 2967 2136 «ι
3000 2086 3296 2156 Quotquot
3326 2083 3384 2137 in
3424 2082 3549 2154 lege
3579 2096 3781 2153 pecca-

2128 2181 2337 2232 verunt
2368 2192 2383 2231 ι
2415 2197 2442 2225 ››
2477 2175 2572 2230 isti
2604 2192 2813 2247 nempe
2842 2174 3166 2247 graviorem
3202 2189 3434 2245 poenam
3470 2175 3526 2227 et
3554 2168 3781 2242 supplic

2131 2266 2289 2322 cium
2325 2265 2631 2320 subibunt.

2204 2374 2549 2428 Paorosmo
2597 2372 2760 2427 XCII.
2811 2394 2837 2421 «
2891 2372 2950 2427 Si
3001 2370 3156 2426 enim
3216 2367 3594 2440 complantati
3650 2366 3788 2421 facti

2133 2479 2342 2518 suxrus
2373 2461 2749 2516 similitudini
2793 2461 2999 2516 mortis
3045 2461 3196 2529 ejus,
3228 2457 3402 2514 simul
3437 2462 3493 2512 et
3532 2470 3790 2511 resurre-

2133 2551 2344 2606 ctionis
2377 2550 2598 2605 erimus
2620 2551 2685 2605 ‘3.
2722 2572 2749 2599 ››

2208 2641 2380 2695 RESP.
2414 2638 2801 2708 Complantati
2842 2639 2976 2693 facti
3027 2654 3256 2701 sumus,
3292 2635 3604 2707 participes
3633 2633 3793 2688 vide-

2134 2730 2267 2785 licet
2301 2748 2313 2785 :
2350 2728 2851 2799 quemadmodum
2895 2743 3108 2797 corpus
3145 2725 3367 2780 Domini
3402 2722 3697 2795 sepultum
3732 2722 3791 2775 in

2132 2829 2308 2881 terra.
2344 2818 2565 2872 mundo
2590 2815 2839 2871 salutem
2869 2815 3090 2886 peperit
3114 2832 3126 2882 ;
3161 2815 3245 2869 sic
3272 2820 3537 2869 nostrum
3559 2828 3793 2883 quoque

2133 2924 2349 2978 corpus
2380 2908 2437 2960 in
2464 2904 2756 2977 baptismo
2779 2904 3100 2976 sepultum,
3134 2901 3471 2973 nobisipsis
3495 2900 3789 2971 justitiam

2136 2996 2395 3068 protulit.
2431 2993 2771 3049 Similitudo
2804 2999 3000 3048 autem
3052 2992 3135 3049 sic
3185 2992 3361 3046 habet
3392 3007 3404 3043 :
3440 2992 3596 3043 sicut
3626 2989 3789 3045 Chri-

2136 3091 2264 3140 stus
2297 3088 2569 3138 mortuus
2615 3088 2726 3146 est,
2759 3088 2815 3136 et
2862 3082 3034 3137 tertia
3077 3082 3170 3136 die
3218 3079 3569 3143 resurrexit;
3619 3078 3703 3132 sic
3734 3082 3793 3132 et

2138 3191 2243 3228 nos
2265 3173 2325 3227 in
2359 3172 2654 3243 baptismo
2679 3171 3018 3234 morientes,
3050 3168 3437 3239 resurgimus.
3465 3166 3608 3223 Nam
3635 3165 3791 3237 quod

364 3254 468 3328 γὰρ
514 3251 818 3309 καταδῦσαι
866 3256 929 3309 τὸ
978 3253 1192 3311 παίδιον
1243 3256 1295 3310 ἐν
1343 3261 1411 3331 τῇ
1442 3254 1809 3333 κολυμϐήθρα
1838 3259 2019 3333 τρίτον

2148 3263 2418 3317 infantem
2451 3268 2539 3316 ter
2567 3260 2626 3314 in
2664 3261 2950 3331 piscinam
2982 3258 3413 3330 immergimus,
3446 3263 3504 3311 et
3530 3261 3619 3310 ter
3646 3255 3792 3309 edu-

357 3341 448 3396 καὶ
478 3340 759 3414 ἀναδῦσαι,
789 3348 949 3399 τοῦτο
981 3340 1150 3415 δηλοῖ
1172 3346 1261 3400 τὸν
1298 3346 1523 3409 θάνατον
1565 3347 1659 3401 καὶ
1710 3350 1810 3416 τήν
1862 3352 2023 3425 τριή-

370 3452 532 3507 μερον
566 3432 849 3488 ἀνάστασιν
880 3438 978 3488 τοῦ
1005 3440 1267 3510 Χριστοῦ.

437 3539 634 3611 Ἐρώτ.
693 3539 795 3615 [ιγ’.
845 3538 905 3593 Τί
951 3537 1083 3594 ἐστι·
1136 3565 1165 3592 ‹‹
1214 3542 1284 3595 Τὸ
1331 3540 1433 3615 γὰρ
1481 3539 1737 3597 ἀδύνατον
1790 3541 1879 3599 διὰ
1927 3551 2025 3600 τοῦ

365 3627 564 3699 νόμου,
598 3626 649 3681 ἐν
682 3628 728 3699 ᾧ
760 3628 994 3698 ἠσθένει,
1029 3625 1118 3683 διὰ
1145 3636 1247 3699 τῆς
1296 3632 1492 3705 σαρκὸς
1526 3631 1553 3685 ό
1585 3633 1737 3701 Θεὸς,
1772 3656 1800 3684 ››
1840 3634 1929 3687 καὶ
1960 3634 2027 3689 τὰ

369 3716 494 3786 ἑξῆς
524 3735 537 3783 ;

444 3804 636 3861 Ἀπόκ.
673 3806 930 3874 Ἠσθὲνει,
986 3808 1170 3885 φησὶν,
1220 3807 1247 3861 ό
1296 3808 1467 3881 νόμος
1516 3809 1592 3870 εἷς
1637 3810 1699 3864 τὸ
1741 3808 2024 3867 δικαιῶσαι

369 3893 463 3948 τὸν
495 3891 803 3966 ἄνθρωπον.
854 3894 931 3950 Οὐ
973 3896 1073 3971 γὰρ
1120 3894 1352 3965 ἠδύνατο
1400 3897 1427 3951 ὀ
1474 3896 1755 3973 ἅνθρωπος
1803 3903 1900 3969 τὴν
1933 3924 2026 3956 τυ-

378 3980 601 4058 ραννίδα
629 3982 849 4052 καὶτήν
881 3984 1123 4060 πύρωσιν
1176 3986 1461 4063 ὑποφέρειν
1511 3994 1610 4054 τῆς
1661 3990 1877 4064 σαρκός.
1931 3995 2027 4045 Διὰ

371 4076 535 4125 τοῦτο
567 4069 803 4145 ἔπεμψεν
839 4072 866 4126 ὀ
899 4074 1029 4135 Θεὸς
1059 4074 1150 4128 τὸν
1205 4082 1468 4149 μονογενῆ
1522 4074 1643 4129 Υίὸν
1695 4078 1881 4145 αὐτοῦ,
1934 4078 2027 4135 ’ίνα

373 4156 465 4213 διὰ
513 4162 611 4228 τῆς
675 4161 874 4236 σαρκὸς
922 4162 1086 4216 αὐτοῦ
1130 4164 1422 4239 κατακρίνῃ
1480 4167 1578 4233 τήν
1628 4167 1913 4241 ἁμαρτίαν.
1950 4171 2025 4226 Τὸ

373 4244 452 4319 δὲ,
516 4247 566 4302 ἐν
629 4248 946 4322 όμοιώματι
997 4253 1191 4326 σαρκὸς
1239 4252 1527 4328 ἁμαρτίας,
1582 4254 1684 4308 οὐκ
1759 4256 1925 4325 εἶπεν,
1974 4258 2024 4312 ἐν

374 4338 532 4412 σαρκὶ
594 4339 882 4412 ἁμαρτίας,
945 4338 1074 4395 ἀλλ’
1133 4341 1183 4394 ὲν
1223 4342 1559 4413 ὁμοιώματι.
1618 4345 1898 4417 Ὡμοιώθη
1927 4348 2028 4423 γὰρ

373 4426 515 4481 κατά
539 4425 713 4482 πάντα
743 4429 777 4495 ἡ
810 4427 1120 4504 ἀνθρωπίνη
1176 4431 1300 4505 σὰρξ
1334 4434 1431 4484 τοῦ
1460 4433 1693 4504 Χριστοῦ
1721 4438 1790 4507 τῇ
1824 4435 2028 4510 ἀνθρω-

377 4514 502 4588 πίνῃ
534 4516 715 4592 σαρκὶ,
748 4518 869 4570 καθ’
906 4516 935 4571 δ
960 4516 1169 4579 τέλειος
1200 4518 1483 4594 ἄνθρωπος
1532 4521 1621 4589 ἧν.
1672 4522 2031 4597 Ἀμαρτωλός

2136 3353 2348 3417 cimus,
2384 3351 2436 3405 id
2470 3352 2716 3405 mortem
2767 3348 3001 3415 Christi,
3036 3355 3093 3403 et
3123 3352 3257 3419 post
3283 3346 3547 3402 triduum
3592 3360 3793 3399 resur-

2134 3441 2450 3497 rectionem
2486 3439 2800 3511 signiﬁcat.

2205 3548 2431 3612 Qums'r.
2468 3546 2658 3601 XCIII.
2713 3544 2857 3609 Quid
2894 3548 2985 3599 est
3016 3560 3029 3597 :
3070 3564 3092 3592 ι
3126 3544 3271 3599 Nam
3321 3542 3476 3615 quod
3516 3539 3793 3613 impossi-

2134 3636 2250 3691 bile
2303 3640 2427 3692 erat
2474 3634 2606 3707 legi,
2658 3634 2717 3689 in
2750 3650 2867 3706 quo
2918 3633 3330 3689 inﬁrmabatur
3374 3647 3477 3704 per
3505 3645 3740 3687 carnem
3776 3646 3789 3686 :

2135 3727 2289 3782 Deus
2311 3726 2375 3793 ‘9,
2407 3745 2435 3777 ι
2470 3729 2578 3780 etc.

2208 3814 2377 3869 Resp.
2412 3812 2845 3875 Inﬁrmabatur,
2893 3811 3087 3882 inquit
3116 3810 3228 3878 lex,
3256 3808 3527 3863 videlicet
3564 3808 3632 3861 ad
3664 3808 3789 3875 jus-

2132 3903 2476 3959 tiﬁcandum
2511 3902 2831 3956 hominem.
2880 3901 3003 3955 Non
3039 3900 3193 3955 enim
3228 3903 3452 3970 poterat
3496 3897 3669 3950 homo
3702 3900 3789 3967 ty-

2134 3992 2439 4048 rannidem
2475 3995 2531 4047 et
2561 3990 2899 4045 incendium
2934 3989 3129 4045 carnis
3170 3987 3481 4044 sustinere.
3517 3987 3647 4041 Ideo
3679 3986 3789 4039 mi-

2135 4082 2212 4135 sit
2246 4083 2395 4136 Deus
2428 4080 2799 4152 unigenitum
2850 4079 3063 4133 Filium
3096 4093 3295 4145 suum,
3329 4082 3393 4132 ut
3424 4090 3527 4147 per
3556 4089 3793 4130 carnem

2137 4186 2305 4226 suam
2339 4169 2755 4223 condemnaret
2787 4172 3112 4238 peccatum.
3139 4166 3257 4222 Hoc
3284 4183 3417 4221 vero
3449 4165 3603 4235 quod
3632 4163 3794 4233 dicit,

2138 4261 2193 4314 in
2230 4258 2624 4313 similitudine
2671 4256 2863 4311 carnis
2912 4256 3151 4327 peccati,
3186 4271 3300 4310 non
3334 4254 3500 4319 dixit,
3531 4254 3590 4308 in
3624 4268 3796 4308 carne

2138 4347 2381 4421 peccati,
2429 4348 2531 4403 sed
2581 4346 2639 4401 in
2691 4344 3099 4400 similitudine.
3150 4344 3294 4399 Nam
3352 4344 3615 4397 humana
3662 4358 3797 4397 caro

2137 4438 2349 4494 Christi
2384 4438 2440 4491 in
2473 4436 2751 4490 omnibus
2781 4439 2871 4489 est
2892 4433 3105 4489 similis
3138 4434 3288 4487 facta
3321 4432 3591 4486 humanae
3614 4431 3796 4499 carni,

2140 4544 2257 4599 qua
2285 4526 2505 4582 ratione
2540 4524 2829 4595 perfectus
2861 4526 2950 4578 est
2980 4522 3173 4577 homo.
3210 4522 3469 4577 Peccatis
3499 4536 3633 4575 vero
3664 4536 3797 4575 caro

375 4600 567 4702 δὶρῦκ
598 4603 867 4702 ἐγενεταή
904 4607 1031 4679 σὰρξ
1064 4606 1251 4675 αὐτοῦ,
1282 4610 1522 4685 καθάπερ
1553 4612 1587 4679 ἡ
1621 4612 1859 4687 ἡμετέρα
1881 4613 2024 4688 σάρξ.

2148 4618 2272 4687 ejus
2306 4633 2419 4671 non
2452 4614 2562 4668 fuit
2609 4613 2878 4679 obnoxia,
2914 4611 3082 4667 sicuti
3136 4616 3340 4666 nostra
3369 4615 3457 4665 est
3486 4627 3497 4664 :
3534 4630 3561 4659 ‹‹
3595 4614 3800 4665 Pecca-

377 4714 407 4742 «
441 4692 741 4766 Ἀμαρτίαν
773 4692 873 4769 γὰρ
907 4693 1007 4748 οὐκ
1036 4694 1308 4766 ἐποίησεν,
1343 4694 1468 4751 οόδέ
1516 4698 1704 4773 εὑρέθη
1765 4698 1927 4765 δόλος
1979 4704 2028 4759 tv

377 4783 460 4851 τῷ
489 4779 721 4853 στόματι
752 4781 938 4839 αὐτοῦ.
969 4802 996 4834 ιι

451 4886 649 4962 Ἑρώτ.
737 4884 837 4964 ιδ’.
924 4886 983 4941 Τί
1062 4886 1226 4965 λέγει·
1298 4914 1325 4941 ‹‹
1390 4891 1520 4947 Δότε
1591 4890 1757 4948 τόπον
1818 4902 1885 4971 τῇ
1943 4899 2038 4972 ὀρ-

380 4978 496 5049 γῆς
530 5000 557 5028 ν

425 5078 648 5137 ι’Δπὸκ·
690 5083 785 5155 Τῷ
838 5081 1143 5156 λυπήσαντί
1202 5108 1259 5142 σε
1305 5089 1394 5143 καὶ
1445 5088 1719 5164 θλίψαντι,
1780 5094 1814 5163 ἢ
1844 5092 2035 5166 ἀδική-

377 5190 551 5241 σαντι,
612 5173 978 5248 συγχώρησον
1041 5173 1104 5229 σὺ
1161 5175 1331 5248 αὐτῷ,
1382 5176 1579 5233 ἀνάθου
1628 5177 1686 5235 δὶ
1722 5186 1799 5254 τῷ
1829 5182 1945 5256 Θεῷ
1974 5187 2039 5240 τὰ

378 5264 481 5329 τῆς
512 5256 869 5331 ἐκδικήσεως,
902 5263 1149 5327 κάκεῖνος
1184 5265 1540 5340 οῗκονομήσει
1585 5271 1650 5324 τὰ
1701 5268 1908 5329 δέοντα.
1961 5277 2038 5331 Τὸ

383 5345 462 5417 δὶ,
517 5376 541 5400 ‹‹
583 5350 858 5426 Μακάριος
915 5353 942 5406 ὁ
976 5355 1052 5425 μὴ
1088 5353 1282 5428 κρίνων
1316 5355 1366 5410 ἐν
1400 5358 1446 5429 ᾦ
1479 5354 1783 5431 δοκιμάζει,
1821 5387 1848 5412 ››
1877 5368 2037 5419 τοῦτο

382 5433 570 5506 δηλοι·
636 5438 761 5493 ὅταν
822 5447 995 5503 ποιεῖς
1050 5464 1101 5497 τι
1169 5444 1529 5518 οἰκονομικῶς
1585 5448 1720 5525 πρὸς
1768 5453 2040 5525 σωτηρίαν

2140 4712 2268 4761 tum
2297 4705 2451 4761 enim
2495 4720 2609 4758 non
2654 4703 2803 4768 fecit,
2837 4718 2943 4757 nec
2972 4702 3246 4757 inventus
3276 4705 3363 4757 est
3412 4700 3584 4755 dolus
3614 4699 3674 4755 in
3701 4714 3799 4756 ore

2145 4797 2275 4866 ejus
2295 4796 2359 4849 ⁵ο.
2391 4819 2417 4845 ››

2217 4904 2443 4967 QUEST.
2479 4900 2665 4957 XCIV.
2711 4900 2860 4965 Quid
2909 4904 3018 4966 est,
3053 4900 3210 4972 quod
3257 4898 3398 4955 dicit
3431 4916 3443 4954 :
3478 4921 3507 4948 ‹‹
3549 4901 3690 4954 Date
3716 4896 3801 4953 lo-

2148 5009 2281 5048 cum
2314 4992 2409 5046 iraa
2430 4991 2517 5043 5i?
2547 5010 2573 5041 η

2221 5098 2394 5154 RESP.
2429 5097 2491 5152 Ei
2536 5096 2635 5169 qui
2664 5100 2719 5152 te
2749 5094 3121 5153 contristavit
3172 5111 3237 5150 ac
3267 5093 3567 5150 tribulavit
3594 5092 3680 5148 vel
3722 5094 3807 5149 af-

2150 5187 2284 5243 fecit
2333 5186 2575 5257 injuria,
2626 5185 2911 5251 condona,
2957 5200 3311 5255 omnemque
3358 5183 3674 5237 vindictam
3725 5199 3809 5239 re-

2152 5276 2316 5331 mitte
2350 5280 2483 5342 Dco,
2518 5275 2615 5346 qui
2665 5274 2819 5345 quod
2852 5291 3083 5345 aequum
3116 5276 3207 5328 est
3237 5271 3624 5343 dispensabit.
3659 5270 3808 5327 Illud

2148 5383 2281 5421 vero
2315 5381 2329 5421 :
2363 5387 2390 5415 «
2423 5365 2634 5420 Beatus
2682 5365 2778 5435 qui
2831 5380 2945 5419 non
2987 5363 3216 5433 judicat
3264 5364 3323 5415 in
3356 5377 3421 5416 eo
3476 5361 3628 5431 quod
3672 5376 3804 5433 pro-

2148 5455 2250 5511 bat
2271 5456 2334 5526 δ’,
2367 5475 2392 5506 η
2422 5454 2533 5509 hoc
2557 5454 2846 5525 signiﬁcat
2871 5470 2882 5507 :
2909 5452 3142 5523 quando
3174 5466 3277 5523 per
3306 5450 3805 5522 dispensationem

459 5651 701 5740 ‘lBom.
736 5658 1008 5740 11,1942.
1086 5659 1130 5694 ⁸⁸
1161 5658 1329 5717 Rom.
1380 5676 1458 5730 VI,
1506 5662 1561 5719 5.
1642 5666 1687 5700 ‘9
1717 5666 1885 5723 Rom.
1935 5686 2024 5725 vm

2221 5671 2265 5705 ³ο
2297 5670 2405 5726 Isa.
2463 5688 2580 5739 Lm,
2631 5672 2705 5739 9;
2762 5671 2786 5726 Ι
2831 5670 2981 5725 Petr.
3030 5685 3090 5740 ιι,
3133 5668 3224 5724 22.
3301 5666 3340 5701 ⁶¹
3378 5667 3545 5725 Rom.
3594 5685 3696 5740 xu,
3745 5669 3798 5722 9.

390 5721 436 5757 "
469 5723 632 5782 Rom.
666 5721 791 5799 xxv,
810 5728 901 5784 23.
