4148 6394
319 388 443 449 ’155

1493 386 1559 447 S.
1606 383 2134 449 ATHANASIUS.
2150 419 2227 429 —
2257 383 2543 448 SPURIA
2558 430 2572 445 .

3629 381 3752 443 756

321 516 528 574 feceris
558 515 802 590 aliquid,
825 517 980 590 quod
1012 517 1082 573 ad
1116 515 1370 573 salutem
1392 515 1591 573 fratris
1613 516 1698 573 tui
1731 518 1973 589 spectet,

2123 514 2185 569 οῦ
2226 510 2464 591 ἀδελφοῦ
2507 534 2625 587 σου,
2669 514 2761 570 καὶ
2809 512 3006 579 πάντες
3057 515 3387 594 μέμφονται,
3433 513 3498 569 τὸ
3547 509 3607 568 δὲ
3651 512 3743 568 σὸν

324 606 558 663 etiamsi
589 606 649 661 id
698 622 903 662 omnes
952 606 1247 673 incusant,
1292 605 1342 662 si
1388 610 1490 663 tua
1519 612 1575 663 te
1623 605 1983 663 conscientia

326 712 443 752 non
475 697 848 763 condemnat,
877 696 1087 751 beatus
1117 711 1201 751 es.
1970 740 1973 743 Α

399 785 626 848 Qus-351‘.
661 783 822 841 XCV.
855 784 1004 848 Quid
1035 788 1145 854 est,
1178 784 1332 858 quod
1368 784 1559 857 inquit
1594 803 1606 839 :
1643 784 1980 849 «Quoniam

326 877 384 931 et
411 873 595 930 Judaei
628 874 864 947 signum
898 879 1125 946 petunt,
1160 880 1215 931 et
1237 874 1416 930 Graeci
1442 873 1790 946 sapientiam
1825 890 1983 945 quaa-

326 971 465 1021 runt
510 982 523 1022 :
576 982 684 1021 nos
745 970 943 1021 autem
996 966 1384 1037 praedicamus
1439 964 1735 1021 Christum
1792 964 1985 1021 cruci—

323 1055 509 1110 ﬁxum
531 1055 576 1089 ³³
598 1053 626 1108 7
652 1075 680 1104 »

397 1143 572 1200 RESP.
615 1143 673 1199 Si
720 1143 1065 1214 dixerimus,
1118 1142 1334 1215 inquit,
1382 1143 1585 1199 Judaao
1620 1160 1632 1197 :
1667 1143 1866 1211 Crede,
1898 1158 1987 1198 re-

323 1234 596 1307 spondet,
647 1233 891 1289 excitate
924 1237 1224 1301 ,mortuos,
1276 1233 1593 1289 medemini
1642 1232 1889 1288 insanis.
1931 1232 1987 1287 Si

325 1323 521 1379 Graeco
554 1322 711 1377 idem
744 1321 1036 1393 dicamus,
1072 1321 1217 1393 petit
1249 1339 1281 1377 a
1312 1322 1481 1377 nobis
1505 1322 1861 1377 rhetoricum
1895 1339 1990 1377 or-

326 1416 536 1468 natum
566 1410 628 1465 in
658 1411 871 1466 verbis.
900 1410 1014 1466 Nos
1045 1415 1241 1466 autem
1274 1411 1667 1482 praedicamus
1688 1411 1990 1466 Christum

329 1499 697 1571 cruciﬁxum,
730 1499 832 1571 qui
881 1503 970 1555 est
999 1498 1304 1572 signorum
1350 1500 1631 1572 potentia,
1665 1505 1722 1555 et
1759 1500 1990 1572 sapien-

328 1590 423 1646 tiae
443 1588 706 1662 pelagus.
728 1588 945 1644 Verum
968 1588 1085 1665 ipsi
1106 1589 1352 1662 quidem
1374 1590 1754 1645 offenduntur
1774 1594 1832 1645 et
1853 1588 1995 1645 stul-

329 1682 453 1735 tam
486 1682 760 1750 reputant
789 1677 1289 1750 praedicationem,
1323 1679 1559 1751 quando
1592 1679 1776 1734 Deum
1804 1679 1993 1735 cruci-

331 1769 514 1824 ﬁxum
544 1783 674 1823 esse
695 1766 949 1823 audiunt
973 1782 985 1822 :
1009 1767 1167 1840 quod
1190 1771 1389 1824 tamen
1416 1784 1531 1823 non
1565 1768 1780 1824 mirum
1809 1793 1824 1837 ;
1858 1785 1996 1825 nam

2092 602 2335 667 συνειδὸς
2366 602 2427 659 οὐ
2456 602 2762 680 κατακρίνει
2795 625 2875 674 σε,
2911 605 3178 681 μακάριος
3210 603 3278 660 εἴ.

2165 781 2358 856 Ἐρώτ.
2392 779 2487 859 ίιέ.
2520 780 2586 839 Τί
2618 779 2789 857 λέγει⁸
2839 805 2868 833 ‹‹
2923 777 3146 850 Ἐπειδή
3192 779 3283 836 καὶ
3344 775 3598 837 Ἰουδαῖοι
3648 800 3748 851 ση-

2098 874 2249 943 μεῖον
2280 869 2510 940 αίτοῦσι,
2536 871 2625 925 καὶ
2656 869 2924 941 Ἕλληνες
2954 869 3142 949 σοφίαν
3178 874 3452 941 ζητοῦσιν’
3485 871 3651 943 ἡμεῖς
3685 865 3745 925 δὲ

2094 982 2162 1032 κη
2174 958 2438 1037 ρύσσομεν
2470 960 2700 1035 Χριστὸν
2734 958 3145 1036 ἐσταυρωμένον
3169 979 3183 1030 ;

2170 1134 2360 1196 Ἀπόκ.
2423 1138 2541 1194 Ἐὰν
2602 1136 2841 1213 εἷεπωμεν
2872 1182 2887 1208 ,
2947 1137 3136 1217 φησὶν,
3193 1135 3463 1212 Ἰουδαίῳ·
3527 1137 3755 1195 Πίστευ-

2100 1235 2214 1283 σον⁶
2268 1228 2434 1304 λέγει,
2497 1230 2863 1301 Ἀναοτήσατε
2910 1228 3158 1304 νεκροὺς,
3221 1228 3440 1293 ίάσασθε
3516 1232 3759 1301 μαινῶν-

2098 1338 2216 1381 τας.
2250 1318 2371 1375 Ἐὰν
2405 1315 2463 1373 δὲ
2495 1315 2734 1391 εἴπωμεν
2775 1316 3035 1388 Ἕλληνι,
3081 1317 3297 1373 ἀπαιτεῖ
3344 1320 3481 1391 ἡμῖν
3532 1315 3757 1393 ῥητορι-

2100 1408 2193 1463 κὸν
2226 1406 2417 1483 λόγον·
2468 1408 2658 1481 Ἡμεῖς
2705 1405 2764 1462 δὲ
2808 1407 3155 1482 κηρύσσομεν
3205 1408 3435 1483 Χριστὸν
3482 1406 3754 1476 ἐσταυρω-

2106 1493 2288 1568 μένον,
2323 1494 2467 1558 ὅστις
2502 1493 2611 1549 ἐσνὶ
2644 1495 2733 1550 καὶ
2761 1493 2989 1569 δύναμις
3037 1498 3144 1550 τῶν
3197 1493 3464 1567 σημείων,
3517 1493 3610 1548 καὶ
3661 1497 3761 1549 πέ-

2105 1583 2278 1659 λαγος
2304 1591 2403 1655 τῆς
2434 1584 2644 1662 σοφίας.
2699 1582 2857 1641 Ἀλλ’
2906 1583 3101 1640 ἐκεῖνοι
3153 1580 3625 1654 σκανδαλίζονται,
3671 1581 3763 1638 καί

2110 1674 2292 1749 μωρὸν
2326 1675 2583 1748 ἡγοῦνται
2632 1673 2694 1729 τὸ
2742 1676 3023 1750 κήρυγμα,
3071 1672 3357 1736 ἀκούοντες
3409 1672 3537 1729 Θεὸν
3572 1674 3763 1729 ἐσταυ-

2108 1761 2375 1840 ρωμένονο
2446 1762 2537 1818 καὶ
2617 1761 2679 1817 οὐ
2737 1764 2939 1836 θαῦμα,
2997 1762 3087 1818 καὶ
3143 1762 3246 1839 γὰρ
3307 1761 3358 1817 οἱ
3417 1763 3762 1826 ἀσθενοῦντες

332 1857 435 1929 qui
467 1855 722 1912 infirmis
754 1860 894 1911 sunt
939 1855 1148 1924 oculis,
1182 1873 1297 1912 non
1330 1861 1580 1929 possunt
1631 1875 1773 1929 pure
1805 1859 1997 1914 videre

2123 1850 2233 1914 τοὺς
2270 1850 2611 1928 ὀφθαλμοὺς,
2645 1850 2707 1907 οὗ
2732 1848 2980 1907 δύνανται
3018 1850 3237 1928 βλέπειν
3276 1852 3369 1907 τὸν
3401 1850 3564 1921 ἥλιον
3597 1853 3764 1907 καθα-

332 1945 539 2003 solem.
573 1944 660 2000 Ad
684 1944 959 2000 eumdem
986 1946 1227 2001 modum
1250 1946 1430 2001 etiam
1456 1945 1574 2002 isti.
1600 1946 1749 2002 Illud
1774 1950 1996 2019 autem,

333 2058 361 2087 «
402 2035 564 2101 Quod
617 2032 865 2089 stultum
921 2038 1011 2090 est:
1058 2033 1181 2105 Dei,
1230 2034 1560 2106 sapientius
1609 2041 1696 2092 est
1745 2035 2001 2093 homini-

334 2125 451 2179 bus
471 2123 538 2195 ⁵⁵,
570 2143 599 2173 η
633 2122 705 2178 de
734 2138 904 2178 cruce
927 2121 1212 2195 loquitur.
1236 2128 1383 2178 Nam
1418 2123 1712 2196 sapientes
1743 2128 1800 2180 et
1820 2124 2005 2197 philo-

341 2210 514 2285 scphi
558 2212 735 2267 etiam
783 2212 1241 2283 praestantiores,
1282 2212 1539 2268 inaniter
1579 2212 1924 2269 laborarunt
1950 2219 2008 2271 et

343 2300 609 2372 occupati
642 2300 900 2367 fuerunt,
929 2317 1034 2357 nec
1064 2300 1385 2372 quidquam
1410 2302 1547 2358 boni
1571 2307 2003 2375 perpetrarunt.

346 2393 497 2446 Crux
515 2406 649 2447 vero
668 2405 844 2460 quam
876 2389 962 2445 illi
984 2388 1300 2446 stultitiam
1324 2391 1692 2463 reputabant,
1718 2393 2007 2450 mundum

346 2480 577 2538 salvum
609 2480 744 2537 fecit
775 2482 881 2537 :‘et
912 2484 1220 2553 propterea
1241 2481 1519 2538 omnibus
1549 2482 1874 2555 sapientior
1898 2488 2006 2555 est,

351 2584 419 2627 eo
449 2569 607 2643 quod
636 2574 802 2625 tanta
831 2569 986 2625 bona
1016 2575 1254 2643 operata
1284 2571 1380 2626 sit.

424 2659 581 2715 274
602 2659 834 2725 Qus-331'.
864 2658 1050 2714 XCVI.
1084 2658 1386 2722 Quomodo
1417 2676 1551 2715 vero
1582 2659 1760 2716 dicit:
1797 2660 2008 2725 «Quod

351 2747 656 2804 inﬁrmum
688 2750 778 2803 est
807 2747 930 2814 Dei,
964 2748 1172 2803 fortius
1203 2753 1290 2803 est
1321 2747 1662 2804 hominibus
1682 2747 1771 2804 l5“P
1804 2772 1831 2800 ››

423 2836 595 2893 Rssr.
629 2836 1038 2893 Inﬁrmitatem
1085 2836 1183 2893 Dei
1235 2841 1402 2893 vocat
1449 2853 1693 2894 sensum
1725 2839 2014 2911 apostolo-

351 2941 504 2994 rum,
537 2925 640 2998 qui
674 2924 944 2982 homines
984 2941 1117 2981 cum
1169 2930 1367 2982 essent
1394 2925 1589 2982 idiotas
1617 2932 1671 2982 et
1702 2926 2009 2999 illitterati,

351 3022 550 3071 tamen
602 3014 763 3070 brevi
811 3020 1073 3087 tempore
1105 3019 1298 3071 totum
1347 3015 1547 3071 orbem
1592 3017 1762 3088 quasi
1795 3034 2012 3090 sagena

348 3104 671 3175 capientes,
700 3119 867 3176 reges
915 3109 973 3160 et
1000 3104 1317 3177 principes,
1352 3103 1648 3177 sapientes
1678 3110 1734 3162 et
1765 3123 2007 3180 magna-

346 3195 437 3249 tes
468 3192 751 3249 devicere.

2112 1944 2241 2016 ρῶς·
2303 1939 2446 1995 οὕτω
2493 1940 2583 1996 καὶ
2625 1940 2798 1999 αὐτοί.
2850 1940 2922 1995 Τὸ
2972 1937 3049 2010 δὲ,
3098 1938 3181 1995 ὅτι
3233 1965 3261 1993 ‹‹
3320 1940 3398 1998 Τὸ
3450 1940 3633 2016 μωρὸν
3666 1943 3764 1995 τοῦ

2112 2034 2246 2086 Θεοῦ
2304 2030 2611 2107 σοφώτερον
2667 2034 2775 2086 τῶν
2833 2031 3135 2106 ἀνθρώπων
3191 2028 3326 2100 ἐστὶ,
3386 2054 3408 2083 ι
3465 2027 3615 2104 λέγει
3670 2030 3763 2085 τὸν

2113 2118 2364 2197 σταυρόν.
2397 2120 2499 2176 Καὶ
2531 2120 2634 2196 γὰρ
2667 2120 2719 2175 οἱ
2777 2118 2935 2197 σοφοὶ
2982 2119 3072 2175 καὶ
3125 2113 3423 2198 φιλόσοφοι
3464 2118 3556 2173 καὶ
3588 2119 3641 2174 οἱ
3672 2116 3766 2173 δυ-

2113 2210 2263 2265 νατοὶ
2318 2209 2395 2272 είς
2446 2208 2645 2283 μάταια
2692 2207 3127 2285 ἡσχολήθησαν,
3193 2208 3284 2263 καὶ
3341 2207 3767 2287 έφιλοπόνησαν,

2114 2299 2204 2355 καὶ
2263 2295 2417 2353 οὐδὲν
2480 2298 2673 2375 ἀγαθὸν
2732 2299 3114 2375 κατώρθωσαν.
3176 2298 3238 2356 Ὁ
3296 2294 3355 2352 δὶ
3403 2298 3655 2372 σταυρὸς,
3713 2296 3771 2351 ὅν

2118 2388 2368 2463 ἐνόμιζον
2400 2389 2595 2445 ἐκεῖνοι
2632 2389 2866 2466 μωρίαν,
2896 2390 2987 2445 τὸν
3033 2389 3238 2462 κόσμον
3302 2383 3491 2443 ἔσωσε·
3536 2388 3627 2443 καὶ
3678 2385 3767 2443 διὰ

2115 2485 2280 2537 τοῦτο
2310 2482 2621 2558 σοφώτερον
2659 2479 2873 2536 πάντων
2906 2478 3067 2553 ἐστὶν,
3100 2477 3182 2535 ὅτι
3219 2475 3429 2555 μεγάλα
3478 2476 3766 2553 εἰργάσατο

2118 2566 2309 2633 ἀγαθά.

2187 2590 2219 2623 α
2256 2590 2309 2625 α.

2152 2590 2386 2734 γ’ἓρώι
2418 2659 2520 2737 ίιςπ
2554 2657 2683 2731 Καὶ,
2717 2682 2744 2709 ‹‹
2771 2658 2848 2715 Τὸ
2879 2657 3091 2719 ἀσθενὲς
3117 2660 3215 2712 τοῦ
3245 2660 3379 2713 Θεοῦ
3413 2656 3768 2737 ἰσχυρότερον

2118 2753 2226 2804 τῶν
2259 2748 2557 2825 ἀνθρώπων
2590 2746 2753 2812 ἐστὶν,
2792 2771 2812 2799 ι
2850 2742 2993 2802 οὕτω
3024 2745 3194 2821 λέγει.

2190 2836 2382 2893 Ἀπόκ.
2444 2836 2692 2897 Ἀσθενὶς
2750 2839 2846 2890 τοῦ
2903 2839 3037 2890 Θεοῦ
3094 2832 3241 2911 λέγει
3288 2838 3397 2889 τῶν
3446 2832 3763 2891 ἀποστόλων

2117 2927 2181 2982 τὸ
2221 2926 2495 3004 φρόνημα,
2556 2924 2639 2980 ὅτι
2688 2923 2963 2999 ἅνθρωποι
3014 2921 3226 2979 ἰδιῶται
3272 2922 3362 2978 καὶ
3410 2923 3759 2999 ἀγράμματοι

2119 3015 2170 3072 ἐν
2204 3017 2403 3092 βραχεῖ
2432 3020 2605 3090 καιρῷ
2634 3018 2733 3085 τήν
2767 3014 3093 3087 οἰκουμένην
3141 3012 3490 3088 έσαγήνευσαν
3520 3016 3619 3085 (4),
3672 3013 3764 3067 καὶ

2123 3103 2387 3183 βασιλεῖς,
2447 3104 2536 3160 καὶ
2590 3104 2879 3180 ἄρχοντας,
2938 3102 3026 3158 καὶ
3088 3102 3311 3181 σοιροὺς,
3366 3101 3457 3157 καὶ
3510 3098 3770 3165 δυνάστας

2120 3194 2170 3250 ἐν
2183 3193 2269 3266 ίκη
2278 3215 2371 3249 σαν
2382 3237 2396 3249 .

419 3248 596 3337 Paor.
626 3280 843 3337 XCVII.
875 3281 1025 3348 Quid
1053 3285 1143 3339 est
1173 3280 1322 3338 illud
1350 3298 1363 3336 :
1389 3304 1418 3332 α
1441 3281 1551 3338 Sed
1581 3281 1882 3355 loquimur
1903 3285 1997 3342 Dei

2156 3248 2446 3356 llislpevcv
2478 3281 2578 3359 QC.
2613 3304 2641 3332 «
2694 3279 2895 3358 Σοφίαν
2946 3276 3003 3334 δὲ
3052 3275 3333 3353 λαλοῦμεν
3372 3283 3509 3336 Θεοῦ
3539 3278 3591 3334 ἐν
3643 3301 3775 3354 μυσ-

345 3369 696 3442 sapientiam
729 3370 790 3426 in
823 3371 1120 3443 mysterio,
1144 3388 1273 3443 quas
1298 3370 1645 3428 abscondita
1674 3377 1764 3429 est
1784 3373 1873 3430 “1’
1905 3396 1935 3426 ››

418 3458 592 3516 Βεερ.
621 3459 823 3528 Vides,
852 3460 1146 3531 quomodo
1179 3460 1445 3517 nominet
1476 3460 1601 3533 ipse
1631 3462 2004 3534 sapientiam,

347 3564 524 3621 quam
580 3548 745 3621 prius
794 3548 1109 3605 stultitiam
1142 3554 1467 3606 vocaverat.
1520 3546 1746 3608 Etenim
1797 3559 2009 3626 myste-

342 3636 498 3693 rium
531 3637 793 3709 primum
825 3638 1326 3710 dispensationem
1351 3638 1514 3707 dicit,
1540 3639 1670 3697 ideo
1699 3643 1851 3714 quod
1875 3642 2007 3699 nul-

341 3724 439 3781 lus
470 3742 661 3800 neque
698 3725 966 3799 angelus,
1000 3742 1105 3781 nec
1136 3726 1252 3782 alia
1295 3727 1494 3799 aliqua
1522 3734 1716 3785 creata
1749 3736 2009 3803 potestas

342 3815 613 3886 cognovit
642 3815 753 3871 hoc
784 3815 1134 3885 mysterium
1164 3820 1222 3873 et
1268 3816 1775 3890 dispensationem
1805 3819 2005 3877 istam.

342 3904 499 3976 quod
550 3904 611 3959 in
659 3908 813 3961 terra
865 3910 1016 3961 Deus
1061 3921 1298 3961 carnem
1351 3912 1777 3979 assumpturus
1830 3914 2006 3967 esset.

346 3993 736 4067 Posteaquam
785 4009 924 4049 vero
974 3995 1193 4050 factum
1239 3999 1347 4067 est,
1377 3996 1654 4053 omnibus
1701 3998 2004 4054 innotuit:

343 4082 851 4154 quemadmodum
899 4083 1091 4155 inquit
1119 4084 1435 4157 Apostolus
1468 4104 1480 4140 :
1518 4108 1546 4137 ι(
1575 4085 1651 4142 Ut
1677 4086 2008 4145 innotescat

343 4187 502 4227 nunc
514 4171 944 4243 principatibus
961 4178 1017 4229 et
1036 4175 1446 4245 potestatibus,
1463 4175 1523 4231 in
1545 4176 1882 4235 ccelestibus
1903 4179 2004 4231 ⁵⁷.»

340 4258 524 4315 Vocat
554 4264 751 4317 autem
785 4262 927 4319 alibi
975 4279 1212 4337 quoque
1258 4265 1627 4338 mysterium,
1660 4254 1877 4324 eximia
1904 4267 2005 4325 illa

344 4365 518 4421 opera
547 4349 673 4418 Dei,
694 4367 904 4424 nempe
926 4354 1313 4421 naiivitatem,
1335 4353 1663 4420 stabulum,
1686 4356 2002 4427 baptisma,

337 4454 595 4508 crucem,
630 4446 898 4510 mortem,
935 4443 1424 4500 resurrectionem
1477 4447 1534 4498 et
1575 4445 2001 4501 ascensionem.

338 4527 500 4586 Sicut
526 4530 705 4586 etiam
746 4536 990 4587 sanctus
1040 4532 1357 4604 Gregorius
1408 4531 1742 4605 Thcologus
1772 4534 1847 4605 (3)
1881 4551 2004 4607 my-

2114 3369 2293 3447 τηρίῳ
2322 3371 2421 3439 τήν
2450 3368 2963 3446 ἀποκεκρυμμένην.
2999 3390 3028 3420 »

2189 3460 2382 3515 Ἀπόκ.
2416 3460 2602 3535 Ὁρᾷς,
2632 3463 2751 3521 πῶς
2798 3457 2958 3514 καλεῖ
3002 3457 3162 3521 αὐτὸς
3222 3457 3437 3536 σοφίαν,
3498 3460 3559 3529 ἢν
3620 3455 3772 3535 ἔλεγε

2117 3553 2335 3625 πρῶτον
2389 3547 2621 3625 μωρίαν.
2678 3546 2777 3603 Καὶ
2820 3547 2920 3624 γὰρ
2974 3549 3273 3623 μυστήριον
3305 3552 3524 3623 πρῶτον
3553 3548 3770 3603 οἰκονο-

2122 3638 2247 3713 μίαν
2298 3637 2464 3714 λέγει,
2512 3637 2595 3693 ὅτι
2643 3636 2766 3693 οὕτε
2808 3634 3057 3713 ἄγγελος,
3115 3635 3238 3693 οὔτε
3293 3639 3484 3707 κτιστὴ
3539 3635 3772 3713 δύναμις

2119 3725 2266 3796 ἄλλη
2328 3726 2589 3802 ἐγίνωσκε
2643 3727 2705 3782 τὸ
2768 3728 3068 3802 μυστήριον
3124 3726 3215 3782 καὶ
3271 3728 3371 3797 τὴν
3448 3727 3769 3802 οἰκονομίαν

2116 3816 2340 3887 ταύτην,
2371 3817 2456 3873 ’ὁτι
2489 3815 2741 3890 μέλλειὸ
2773 3817 2901 3879 Θεὸς
2953 3815 3039 3871 ἐπὶ
3083 3822 3183 3887 τῆς
3233 3823 3338 3892 γῆς
3397 3825 3767 3894 σαρκωθῆναι,

2115 3908 2278 3965 Ὅταν
2309 3904 2365 3962 δὲ
2409 3907 2620 3983 γέγονε,
2667 3906 2792 3961 τότε
2837 3904 3032 3968 πάντες
3063 3904 3346 3981 ἐγνώκασι,
3380 3908 3561 3971 καθὼς
3622 3906 3769 3982 λέγει

2117 3995 2146 4051 ὁ
2182 3992 2542 4057 ’Δπόστολος.
2598 4015 2627 4045 ι(
2672 3995 2791 4051 Ἵνα
2836 3996 3113 4070 γνωρισθῇ
3153 3997 3245 4048 νῦν
3277 3998 3393 4055 ταῖς
3422 3992 3620 4070 ἀρχαῖς
3679 3995 3771 4049 καὶ

2113 4090 2232 4147 ταῖς
2263 4084 2524 4155 ἐξουσίαις
2581 4082 2632 4138 ἐν
2692 4089 2810 4145 τοῖς
2867 4081 3224 4159 ἐπουρανίοις.
3285 4081 3445 4158 Λέγει
3505 4080 3563 4137 δὲ
3591 4081 3772 4139 ἀλλα-

2116 4179 2223 4252 χοῦ
2281 4172 2444 4230 πάλιν
2509 4175 2808 4248 μυστήριον
2872 4173 2940 4227 τὰ
2987 4170 3229 4247 ἐξαίρετα
3278 4167 3412 4249 ἔργα
3463 4176 3561 4228 τοῦ
3611 4177 3769 4245 Θεοῦ,

2116 4265 2228 4321 οἶον
2284 4265 2384 4333 τὴν
2430 4263 2705 4340 γέννησιν,
2753 4264 2852 4332 τήν
2900 4263 3125 4340 φάτνην,
3192 4262 3257 4317 τὸ
3321 4262 3622 4338 βάπτισμα,
3674 4264 3768 4319 τὸν

2115 4354 2365 4430 σταυρὸν,
2404 4354 2497 4408 τὸν
2530 4350 2778 4420 θάνατον,
2807 4352 2908 4421 τὴν
2959 4352 3268 4417 ἀνάστασιν,
3319 4354 3420 4423 τὴν
3471 4351 3766 4427 ἀνάληψιν,

2113 4442 2293 4507 καθὼς
2325 4442 2415 4495 καὶ
2444 4442 2473 4496 ὁ
2505 4439 2555 4494 ἐν
2588 4440 2761 4515 ἁγίοις
2792 4440 3091 4517 Γρηγόριος
3123 4441 3151 4495 ὁ
3191 4440 3432 4517 Θολόγος
3493 4443 3766 4515 μυστήρια

2112 4532 2209 4593 τὰς
2239 4531 2427 4606 ἑορτὰς
2455 4527 2614 4585 καλεῖ
2660 4529 2712 4584 ἐν
2756 4534 2836 4603 τῷ
2887 4530 2979 4592 Εἷς
3027 4528 3095 4584 τὰ
3132 4533 3285 4608 φῶτα
3313 4529 3488 4606 λόγῳ*
3523 4554 3551 4583 ‹‹
3587 4529 3759 4587 Πάλιν

339 4616 517 4673 steria
543 4622 713 4674 vocat
731 4618 899 4685 festa,
928 4619 988 4674 in
1021 4636 1293 4676 sermone
1314 4621 1389 4677 De
1410 4621 1720 4677 luminibus
1748 4639 1767 4676 :
1801 4645 1828 4672 κ
1854 4622 1996 4677 Rur-

2126 4622 2316 4689 Ιησοῦς
2349 4619 2377 4673 ὁ
2408 4618 2561 4691 ἐμὸς,
2592 4617 2681 4674 καὶ
2710 4617 2878 4675 πάλιν
2914 4621 3238 4695 μυστήριον.
3273 4642 3303 4671 ››
3332 4623 3503 4675 Τοῦτο
3553 4618 3611 4675 δὲ
3669 4618 3759 4676 λέ-

342 4722 447 4761 sus
475 4705 649 4762 Jesus
692 4706 791 4762 ille
824 4723 1011 4774 meus,
1045 4715 1103 4763 et
1150 4709 1361 4765 iterum
1414 4710 1788 4781 mysterium.
1822 4732 1850 4761 ι)
1885 4710 2002 4768 Ηοο

337 4798 536 4850 autem
596 4792 757 4863 dicit,
811 4799 1046 4866 propter
1095 4797 1309 4854 festum
1359 4798 1686 4871 baptismi:
1730 4798 2003 4857 similiter

335 4880 512 4939 etiam
546 4883 604 4937 in
636 4881 900 4954 reliquis.

406 4971 635 5035 QUEST.
666 4971 910 5028 XCVIII.
966 4972 1111 5036 Quid
1145 4979 1256 5047 est,
1291 4976 1447 5047 quod
1480 4976 1671 5047 inquit
1704 4994 1717 5033 :
1752 5000 1781 5029 «
1815 4977 1872 5034 Si
1901 4995 1994 5036 cu-

327 5061 429 5132 jus
460 5077 608 5132 opus
637 5061 867 5128 arserit,
890 5061 1175 5119 damnum
1206 5063 1495 5137 patietur:
1520 5065 1647 5137 ipse
1669 5072 1861 5124 autem
1883 5067 1996 5124 sal-

332 5167 443 5206 vus
472 5150 602 5218 erit,
636 5149 719 5206 sic
751 5155 946 5207 tamen
982 5153 1151 5223 quasi
1184 5170 1286 5225 per
1315 5153 1510 5225 ignem
1533 5154 1578 5190 ⁸⁸
1599 5155 1627 5210 ?
1663 5178 1683 5204 υ

406 5240 580 5296 Rasr.
609 5239 666 5295 Si
715 5239 887 5311 cujus
935 5257 1083 5313 opus
1131 5243 1359 5310 arserit,
1400 5244 1685 5300 damnum
1740 5246 1995 5317 patietur

2109 4728 2191 4783 γει
2224 4705 2311 4762 διὰ
2338 4708 2437 4778 τήν
2468 4708 2661 4783 ἑορτὴν
2690 4711 2787 4763 τοῦ
2839 4705 3234 4784 βαπτίσματος’
3266 4708 3356 4764 καὶ
3387 4707 3439 4764 ἐν
3471 4713 3588 4772 τοῖς
3637 4707 3758 4764 λοι-

2108 4803 2233 4860 ποῖς
2266 4798 2499 4871 ὁμοίως.

2178 4976 2372 5050 Ἐρώτ.
2407 4975 2514 5053 ιιη’.
2548 4973 2612 5031 Τί
2661 4973 2826 5051 λέγει’
2880 4999 2909 5027 ‹‹
2942 4973 3017 5031 Ei’
3036 4996 3183 5038 τινος
3209 4976 3274 5032 τὸ
3305 4971 3460 5053 ἔργον
3487 4978 3756 5048 κατακαή-

2106 5085 2274 5136 σεται,
2311 5070 2372 5135 ζη
2385 5066 2741 5138 μιωθήσεται’
2775 5064 2934 5128 αὐτὸς
2970 5063 3028 5121 δὲ
3058 5067 3383 5139 σωθήσεται,
3416 5063 3562 5123 οὕτω
3593 5063 3651 5122 δὲ
3681 5067 3757 5130 ὡς

2106 5150 2195 5209 διὰ
2222 5149 2392 5229 πυρός
2418 5173 2431 5223 ;
2468 5178 2496 5207 »

2176 5243 2367 5299 ’Δπόκ.
2402 5240 2472 5300 Ei’
2489 5263 2637 5305 τινος
2675 5243 2737 5298 τὸ
2785 5241 2944 5319 ἔργον
2986 5244 3404 5317 κατακαήσεται,
3466 5246 3755 5318 ζημιωθή-

334 5327 499 5401 regni
530 5327 809 5385 ccslorum
847 5347 860 5386 :
894 5329 1096 5387 salvus
1122 5348 1255 5388 vero
1290 5332 1386 5388 ﬁet
1420 5332 1548 5406 ipse
1579 5337 1859 5406 tanquam
1891 5352 1995 5408 per

2123 5354 2249 5389 τεται
2278 5336 2378 5403 τήν
2434 5331 2710 5410 βασιλείαν
2759 5339 2866 5390 τῶν
2899 5333 3162 5411 οὐρανῶν
3203 5336 3508 5406 σωθήσεται
3538 5331 3597 5391 δὶ
3656 5335 3754 5391 αὖ·

332 5413 552 5489 ignem.
587 5417 889 5483 Quomodo
931 5435 1065 5477 vero
1095 5419 1472 5478 servabitur?
1501 5421 1612 5479 hoc
1652 5428 1759 5496 est,
1792 5422 1992 5481 salvus

2123 5421 2194 5484 τὸς
2252 5422 2326 5485 ὡς
2388 5420 2478 5478 διὰ
2529 5424 2727 5499 πυρός.
2793 5425 2921 5488 Πῶς
2979 5421 3037 5479 δὲ
3092 5425 3435 5496 σωθήσεταις
3483 5423 3753 5495 τουτέστι,

405 5567 450 5602 ⁸³
480 5568 503 5622 Ι
533 5568 664 5626 Cor.
697 5586 738 5641 ι,
768 5570 860 5639 22,
889 5572 980 5628 23.
1059 5574 1104 5608 ⁶⁴
1133 5574 1278 5631 ibid.
1308 5575 1400 5631 25.
1477 5576 1522 5611 ⁵⁸
1550 5576 1693 5634 ibid.
1727 5578 1771 5614 ⁵⁸
1802 5578 1825 5634 Ι
1853 5577 1983 5635 Cor.

2123 5580 2164 5637 7.
2239 5577 2283 5614 ⁵⁷
2312 5577 2525 5652 Ephes.
2560 5595 2648 5647 III,
2682 5578 2766 5635 IO.
2844 5578 2890 5613 ⁵⁸
2919 5581 2943 5633 Ι
2972 5580 3099 5635 Cor.
3134 5594 3219 5647 m,
3254 5579 3341 5637 15.

404 5728 476 5803 (3)
499 5732 692 5804 Greg.,
724 5736 882 5792 Orat.
916 5736 986 5790 39
1016 5736 1075 5793 in
1107 5739 1312 5795 sancta
1341 5737 1570 5797 lumina
1615 5739 1978 5814 Epiphaniae.

2162 5741 2240 5815 (4)
2272 5738 2337 5799 In
2368 5737 2703 5817 σαγηνεύειν,
2733 5741 2865 5801 vids
2896 5740 3306 5802 Onomastz'con.
