4148 6422
375 409 496 471 757

1385 408 1901 480 QUIESTIONES
1947 409 2025 469 IN
2074 408 2497 469 EPISTOLAS
2542 412 2804 473 PAULI.

3690 414 3810 473 758

376 543 518 602 σῶος
545 541 634 594 καὶ
666 539 916 613 ἀκέραιος
948 538 1093 612 μένει
1144 540 1194 595 ἐν
1250 544 1329 612 τῷ
1374 542 1528 616 πυρὶ,
1563 540 1653 594 καὶ
1708 538 1806 593 οὐκ
1850 536 2013 613 ὅψετα

2152 544 2209 596 et
2241 541 2465 613 integer
2496 544 2833 599 manebitin
2868 544 3134 616 igne,nec
3164 545 3385 600 videbit
3418 546 3800 613 mortem,sed

379 626 626 697 θάνατον,
660 626 807 683 αλλά
861 628 923 682 τὸ
984 627 1141 703 ἔργον
1194 628 1358 683 αύτοῦ
1427 628 1588 701 μόνον
1645 630 2036 699 κατακαήσεται

377 719 467 772 καὶ
512 720 884 794 χαωθήσεται.
920 716 1097 781 Αὐτὸς
1151 716 1207 772 δὲ
1254 717 1502 794 ἀκέραιος
1548 720 1693 790 μένει
1742 719 1818 780 είς
1866 718 2037 772 αἰῶνα

377 807 573 870 αἰῶνος
602 806 998 880 κολαζόμενος,
1032 808 1122 861 καὶ
1154 807 1215 862 οὐ
1249 804 1657 878 διαλυθήσεται.

450 898 643 971 Ἐρώτ.
678 898 782 974 ιιθκ
814 896 876 951 Τί
937 896 1102 973 λέγει·
1137 922 1164 949 ‹‹
1198 897 1381 970 Μικρά
1440 897 1583 971 ζύμη
1643 895 1771 953 ὅλον
1822 896 1884 950 τὸ
1933 895 2033 973 φύ-

374 1005 522 1062 ραμα
555 991 760 1059 ζυμοῖ;
796 1008 825 1036 ›ι

443 1072 634 1131 Ἀπόκ.
689 1076 870 1130 Τοῦτο
928 1072 1073 1148 λέγει
1130 1071 1218 1128 διὰ
1271 1072 1398 1137 τοὺς
1448 1073 1723 1151 πονηροὺς
1767 1073 1856 1129 καὶ
1912 1094 2030 1128 σκο-

372 1162 528 1225 λιοὺς
558 1161 904 1236 ἀνθρώπους.
938 1165 1079 1234 Ὅτι,
1114 1161 1291 1238 ὥσπερ
1325 1164 1359 1233 ἠ
1409 1164 1615 1219 παλαιὰ
1666 1163 1809 1236 ζύμη
1865 1166 2030 1239 μικρά

373 1252 467 1325 μὶν
528 1250 659 1323 ἔστι,
691 1250 837 1307 πολὺ
896 1249 954 1306 δὲ
1013 1250 1242 1327 ἄλευρον
1303 1259 1453 1309 ποιεῖ
1514 1255 1847 1326 ζυμωθῆναι·
1886 1252 2027 1307 οὕτω

370 1341 461 1395 καὶ
514 1341 541 1395 6
600 1338 901 1402 κακοποιὸς
961 1338 1265 1416 ἄνθρωπος,
1314 1343 1523 1422 τρέφων
1585 1341 1634 1397 ἐν
1697 1342 1870 1414 ἑαυτῷ
1926 1342 2025 1409 τὴν

372 1428 584 1499 κακίαν,
646 1426 969 1503 μεταδίδωσι
1021 1429 1110 1484 καὶ
1185 1435 1302 1493 τοῖς
1374 1430 1591 1502 ἄλλοις,
1651 1436 1740 1486 καί
1819 1430 2026 1505 γίνεται

378 1513 699 1589 σκάνδαλον,
730 1518 817 1573 καὶ
863 1512 1230 1574 καταϐλάπτει
1284 1518 1553 1582 πολλούς.
1595 1522 1691 1574 Διά
1737 1525 1898 1575 τοῦτο
1927 1522 2025 1575 πά-

376 1603 463 1661 λιν
526 1607 695 1682 λέγει·
758 1631 785 1660 ‹‹
835 1607 1192 1684 Ἐκκαθάρατε
1243 1607 1334 1663 οὖν
1392 1610 1490 1678 τὴν
1545 1607 1780 1665 παλαιὰν
1832 1609 2023 1683 ζύμην,

364 1692 457 1748 ’ίνα
513 1699 612 1765 ἤτε
667 1696 799 1751 νέοι·
832 1720 861 1748 ››
910 1696 1206 1753 τουτέστιν·
1263 1695 1586 1769 Ἐκδιώξατε
1635 1700 1726 1753 τὸν
1781 1699 2024 1773 πονηρὸν

364 1785 455 1838 καί
515 1783 733 1839 σκολιὸν
795 1784 846 1857 ἐξ
906 1785 1081 1860 ὑμῶν,
1126 1787 1162 1856 ἢ
1214 1786 1409 1865 φύγετε
1465 1788 1555 1842 ἀπ’
1614 1788 1796 1842 αὐτοῦ·
1833 1786 2017 1857 ἐπειδή

2150 646 2298 702 opus
2328 630 2515 702 ipsius
2547 630 2918 689 solummodo
2967 634 3345 689 comburetur
3391 639 3447 688 et
3474 636 3797 690 confunde-

2145 722 2259 773 tur.
2301 721 2426 790 Ipse
2458 736 2587 775 vero
2620 726 2902 776 aeternum
2938 724 3304 791 permanebit
3335 724 3560 795 integer
3590 741 3797 795 pcenas

2144 806 2312 862 luens
2339 825 2350 861 :
2387 825 2489 863 nec
2521 813 2714 864 tamen
2748 811 3118 865 dissolvetur.

2216 900 2441 962 qusr.
2474 898 2654 954 XCIX.
2688 898 2834 961 Quid
2868 904 2976 965 est,
3028 901 3183 970 quod
3218 900 3387 955 dicit:
3429 921 3455 953 α
3495 901 3790 957 Modicum

2141 986 2409 1042 fermenti
2443 993 2622 1043 totam
2659 1005 2915 1043 massam
2946 989 3256 1044 fermentat
3282 990 3324 1023 ⁵9
3353 988 3376 1042 ?
3407 1012 3433 1038 ››

2213 1076 2379 1130 Βεερ.
2414 1080 2533 1131 Ηοο
2564 1081 2801 1148 propter
2850 1076 3036 1133 malos
3083 1082 3139 1132 et
3186 1094 3485 1148 perversos
3522 1078 3790 1134 homines

2140 1165 2299 1220 dicit.
2338 1166 2482 1220 Nam
2516 1166 3019 1237 quemadmodum
3068 1172 3236 1221 vetus
3286 1168 3637 1222 fermentum
3668 1168 3790 1222 exi-

2139 1270 2322 1325 gnum
2357 1254 2593 1325 quidem
2618 1255 2989 1321 est,multum
3015 1260 3212 1311 autem
3237 1241 3788 1311 farinael'ermentat:

2138 1343 2209 1397 ad
2242 1344 2515 1399 eumdem
2548 1345 2788 1399 modum
2820 1344 3012 1399 malus
3045 1345 3241 1414 homo,
3277 1345 3377 1415 qui
3411 1346 3468 1399 in
3513 1362 3575 1401 se
3607 1345 3793 1400 nutrit

2138 1432 2444 1500 malitiam,
2478 1433 2737 1504 impertit
2767 1450 2893 1488 eam
2928 1433 3080 1503 aliis,
3112 1437 3168 1489 et
3214 1433 3360 1503 ipsis
3411 1437 3499 1488 est
3538 1435 3785 1489 scanda-

2136 1518 2280 1587 lum,
2316 1520 2654 1593 mnltosque
2710 1521 2904 1588 lmdit;
2951 1526 3258 1593 propterea
3310 1537 3546 1576 rursum
3607 1521 3784 1576 dicit:

2140 1630 2161 1657 ι
2199 1610 2528 1680 Expurgate
2561 1610 2759 1681 itaque
2804 1614 2966 1665 vetus
3017 1609 3396 1675 fermentum,
3432 1614 3496 1666 ut
3539 1611 3671 1665 novi
3705 1610 3790 1666 si-

2133 1696 2211 1752 tis
2237 1698 2303 1765 °°,
2340 1719 2367 1745 ››
2400 1697 2509 1753 hoc
2562 1702 2685 1753 est:
2724 1696 3005 1769 Expellite
3057 1698 3277 1752 malum
3329 1703 3385 1753 et
3432 1715 3677 1770 pravum
3718 1714 3787 1754 ex

2132 1786 2426 1851 vobis,aut
2454 1804 2557 1842 vos
2590 1787 2662 1841 ab
2694 1787 2821 1857 ipso
2856 1786 3125 1842 recedite:
3155 1788 3627 1858 quandoquidem
3653 1805 3783 1844 om-

361 1877 507 1927 πᾶσα
538 1872 699 1928 κακία
753 1874 978 1947 μολύνει
1027 1877 1119 1930 τὸν
1167 1877 1472 1951 ἄνθρωπον.
1514 1878 1612 1931 Διὰ
1661 1881 1821 1931 τοῦτο
1870 1877 2013 1931 καὶὸ

369 1968 379 1975 ι
435 1955 522 1975 .‘h
672 1962 685 1975 1
931 1963 941 1975 ι
1265 1964 1275 1975 ι
1405 1964 1450 1975 ιιι
1728 1966 1791 1975 Α.
1896 1965 1910 1975 ι
1970 1966 1979 1975 ι

2134 1874 2225 1929 nis
2259 1874 2480 1929 malitia
2512 1876 2777 1945 inquinat
2826 1876 3142 1942 hominem,
3178 1877 3310 1930 Ideo
3365 1876 3541 1931 David
3597 1878 3781 1932 malos

356 1955 543 2034 Aa6i8,
591 1962 807 2038 φεύγων
862 1963 989 2026 τοὺς
1048 1964 1348 2041 πονηροὺς,
1403 1964 1607 2041 ἔλεγεν·
1641 1990 1668 2016 (ι
1722 1966 1835 2023 Οὐκ
1893 1965 2014 2021 ἐκάο

356 2051 477 2105 θισα
534 2052 668 2123 μετὰ
728 2052 1009 2127 συνεδρίου
1073 2056 1458 2127 ματαιότητος,
1506 2054 1595 2109 καὶ
1658 2057 1791 2127 μετὰ
1850 2076 2016 2131 παρα-

355 2138 673 2211 νομούντων
708 2141 768 2196 ού
804 2143 880 2215 μή
946 2141 1193 2206 εἰσέλθω.
1230 2143 1499 2216 Ἐμίσησα
1559 2142 1851 2214 ἐκκλησίαν
1910 2166 2014 2199 πο-

357 2228 765 2305 νηρευομένων.
820 2254 846 2281 ››
898 2231 996 2286 Διὰ
1069 2231 1124 2286 τί
1181 2230 1238 2287 δὲ
1293 2237 1459 2287 ταῦτα
1515 2232 1733 2304 ἆποίεις
1792 2233 2011 2303 Ἐπειδὴ

358 2317 525 2374 πάλιν
581 2316 732 2395 λέγει
790 2318 1063 2397 ἀλλαχοῦ.
1098 2344 1127 2372 ‹‹
1159 2322 1306 2377 Μετὰ
1363 2321 1512 2376 ὁσίου
1567 2321 1719 2384 ὅσιος
1772 2319 1884 2397 ἔσῃ,
1924 2324 2013 2378 καὶ

364 2409 500 2481 μετᾶ
527 2406 783 2463 ἐκλεκτοῦ
814 2407 1067 2472 ἐκλεκτὸς
1112 2408 1228 2485 ἔσῃ,
1260 2411 1348 2466 καὶ
1399 2412 1530 2485 μετᾶ
1575 2408 1841 2489 στρεϐλοῢ
1896 2410 2010 2467 δια-

361 2497 619 2572 στρέφῃς.
654 2522 681 2549 ››
713 2500 813 2556 Καὶ
846 2500 949 2574 γὰρ
984 2500 1100 2562 οἶός
1133 2500 1274 2556 ἐστιν
1319 2503 1347 2555 ὁ
1396 2506 1656 2555 συνοικῶν
1714 2504 1847 2575 μετά
1895 2507 2011 2575 σοῦ,

357 2591 606 2641 τοιοῦτον
640 2586 995 2663 ἀπεργάσεται
1030 2589 1162 2643 εἶναί
1197 2611 1271 2645 σε.

434 2675 625 2748 Ἐρώτ.
675 2678 739 2752 ρ’.
793 2676 853 2730 Τί
912 2674 1075 2754 λέγει·
1140 2702 1168 2731 ι(
1224 2679 1300 2734 Τά
1362 2680 1625 2756 βρώματα
1679 2683 1747 2754 τῇ
1804 2679 2008 2751 κοιλίᾳ,

354 2765 447 2819 καὶ
494 2766 528 2835 ἠ
564 2764 751 2821 κοιλία
781 2771 897 2829 τοῖς
951 2768 1256 2844 βρώμασιν.
1289 2770 1347 2826 Ὁ
1397 2766 1454 2824 δὲ
1504 2771 1632 2832 Θεὸς
1689 2770 1779 2824 καὶ
1808 2770 2007 2841 ταύτην

352 2853 443 2909 καὶ
473 2851 643 2910 ταῦτα
674 2858 1000 2932 καταργήσει
1027 2876 1040 2926 ;
1074 2881 1101 2909 ››

424 2944 615 3000 Ἀπόκ.
688 2941 915 2999 Κοίλιαν
989 2946 1089 3014 τὴν
1158 2946 1583 3023 γαστριμαργίαν
1656 2946 1822 3023 λέγει,
1878 2947 2006 3024 οὐχὶ

347 3032 448 3101 τὴν
479 3033 729 3107 γαστέρα.
766 3035 863 3087 Καὶ
894 3034 994 3109 γὰρ
1025 3034 1092 3089 τὰ
1152 3036 1417 3112 βρώματα
1466 3037 1601 3112 πρὸς
1640 3038 1738 3106 τὴν
1784 3057 2005 3113 γαστρι-

354 3120 583 3198 μαργίαν
619 3120 758 3198 ἔχει,
792 3123 946 3200 φησθ,
976 3124 1075 3192 τὴν
1105 3122 1312 3202 φιλίαν,
1342 3125 1430 3180 καὶ
1463 3125 1597 3197 αρτἠ
1656 3127 1793 3202 πρὸς
1847 3126 2001 3195 αὐτὰ,

348 3211 440 3265 καὶ
499 3210 562 3265 οὐ
624 3208 843 3267 δύναται
876 3213 903 3266 6
949 3213 1353 3289 γαστρίμαργος
1408 3212 1683 3271 δουλεύειν
1732 3220 1811 3287 τῷ
1867 3221 1999 3287 Θεῷ,

2127 1965 2377 2033 fugiens,
2412 1964 2641 2035 inquit:
2670 1987 2698 2015 «
2733 1965 2857 2020 Non
2890 1965 3014 2019 sedi
3046 1982 3177 2019 cum
3213 1965 3457 2021 consilio
3484 1967 3778 2038 vanitatis,

2125 2057 2184 2106 et
2214 2069 2346 2107 cum
2381 2054 2918 2125 transgressoribus
2950 2070 3064 2108 non
3098 2053 3370 2109 introibo.
3404 2054 3564 2109 Odivi
3596 2055 3779 2110 eccle-

2127 2142 2275 2196 siam
2310 2142 2759 2214 malignantium
2782 2145 2846 2195 θι.
2879 2164 2903 2194 υ
2935 2147 3002 2196 Et
3031 2159 3211 2214 quare
3244 2143 3327 2197 sic
3360 2144 3608 2214 agebat?
3635 2145 3780 2208 Quia

2126 2235 2191 2285 ut
2220 2231 2362 2286 dicit
2393 2232 2530 2286 alibi
2563 2248 2805 2287 rursus:
2842 2255 2869 2281 ‹‹
2921 2234 3063 2286 Cum
3114 2236 3317 2287 sancto
3372 2238 3609 2288 sanctus
3640 2234 3779 2289 eris,

2123 2324 2342 2375 etcum
2377 2320 2557 2376 electo
2602 2322 2822 2375 electus
2870 2321 3007 2389 eris,
3059 2325 3115 2375 et
3162 2338 3295 2375 cum
3347 2338 3617 2392 perverso
3652 2340 3779 2393 per-

2123 2410 2364 2465 verteris
2384 2412 2450 2464 63.
2489 2432 2515 2459 ››
2542 2410 2771 2465 Etenim
2807 2410 3001 2482 qualis
3033 2414 3123 2465 est
3155 2410 3249 2465 ille
3271 2410 3510 2481 quicum
3542 2427 3779 2466 conver-

2125 2499 2296 2566 saris,
2328 2499 2503 2554 talem
2538 2503 2597 2553 te
2629 2516 2861 2570 quoque
2890 2499 3111 2554 reddet.

2196 2676 2422 2738 Quass'r.
2456 2680 2512 2730 C.
2549 2676 2696 2740 Quid
2729 2681 2819 2731 est
2868 2676 3022 2747 quod
3056 2675 3229 2731 dicit:
3264 2698 3291 2725 «
3323 2681 3466 2731 Esca
3496 2677 3682 2732 ventri
3715 2681 3774 2733 et

2119 2770 2326 2822 venter
2354 2766 2523 2822 escis.
2583 2765 2737 2820 Deus
2797 2770 2995 2820 autem
3055 2770 3111 2819 et
3151 2764 3309 2820 hunc
3366 2770 3423 2820 et
3479 2766 3586 2821 has
3641 2767 3774 2820 des-

2119 2859 2279 2911 truet
2296 2856 2341 2890 ⁶³
2361 2856 2389 2910 ‘2
2419 2876 2445 2906 »

2189 2950 2358 2999 Rssr.
2391 2944 2664 2999 Ventrem
2694 2942 2834 2998 dicit
2878 2941 3201 3014 crapulam,
3234 2959 3350 2999 non
3400 2943 3593 3015 ipsum
3634 2958 3771 3000 ven-

2116 3040 2286 3091 trem.
2320 3034 2621 3107 Siquidem
2654 3050 2797 3089 escae
2850 3050 2984 3088 cum
3035 3032 3273 3105 crapula
3302 3033 3521 3090 habent
3556 3034 3763 3090 amici-

2115 3126 2281 3191 tiam,
2314 3128 2370 3180 ct
2401 3124 2641 3197 crapula
2670 3140 2804 3179 cum
2837 3122 3009 3191 escis,
3034 3137 3139 3177 nec
3162 3126 3354 3194 potest
3382 3122 3482 3195 qui
3513 3124 3764 3196 crapulae

2112 3215 2417 3286 ventrique
2445 3214 2679 3269 deditus
2708 3217 2817 3281 est,
2851 3211 3064 3267 servire
3116 3211 3251 3283 Deo,
3302 3213 3403 3268 sed
3454 3212 3545 3268 sui
3576 3212 3764 3284 ipsius

350 3296 496 3354 ἀλλὰ
527 3296 803 3355 δουλεύειν
845 3285 972 3370 τὴν.
1006 3285 1198 3357 ἑαυτοῦ
1224 3285 1231 3289 “
1257 3285 1486 3379 γαστέρα
1540 3285 1878 3379 κραιπαλῶν,
1910 3285 1999 3359 καὶ

2128 3285 2332 3359 ventris
2383 3320 2584 3359 servus
2643 3307 2749 3369 est,
2785 3303 2924 3356 dum
2984 3301 3235 3373 crapula
3291 3305 3349 3356 et
3403 3300 3625 3357 illuviei
3664 3304 3768 3357 dat

352 3393 795 3466 γαπριμαργῶν.
858 3391 950 3444 Διὸ
1008 3394 1346 3467 κατήργησεν
1406 3392 1571 3460 αὐτὴν
1630 3392 1824 3469 λέγων·
1855 3418 1882 3445 ‹‹
1942 3396 2005 3449 Ὁ

352 3478 480 3540 Θεὸς
537 3478 627 3532 καὶ
683 3478 885 3550 ταύτην
941 3481 1031 3534 καὶ
1084 3485 1252 3535 ταῦτα
1304 3484 1655 3557 καταργήσει·
1702 3482 2005 3537 »τουτέστι

348 3566 417 3622 τὰ
472 3567 738 3643 βρώματα
795 3569 882 3622 καὶ
942 3570 1041 3637 τὴν
1103 3571 1566 3646 γαστριμαργίαν·
1626 3570 1685 3625 ού
1746 3571 1847 3646 γὰρ
1904 3574 2003 3641 τὴν

349 3654 581 3731 γαστέρα
636 3658 974 3734 κατήργησε·
1039 3660 1114 3731 μὴ
1175 3662 1420 3733 γένοιτοί
1480 3661 1683 3717 Ἀκουε
1756 3662 1859 3737 γὰρ
1920 3662 2006 3716 αύ-

348 3748 446 3798 τοῢ
474 3742 754 3819 λέγοντος·
790 3769 819 3799 ‹‹
848 3746 918 3800 Τὸ
951 3744 1008 3801 δὲ
1040 3751 1198 3820 σῶμα
1229 3747 1290 3802 ού
1320 3752 1388 3822 τῇ
1438 3749 1679 3823 πορνείᾳ,
1726 3749 1871 3805 ἀλλά
1926 3755 2005 3805 τῶ

350 3832 554 3909 Κυρίῳ.
590 3855 619 3884 ››
650 3837 813 3889 ’Ὠστε
842 3836 904 3890 οὑ
935 3838 1245 3912 κατήργησε
1292 3839 1389 3907 νήν
1434 3837 1685 3913 γαστέρα,
1717 3836 1861 3894 ἀλλὰ
1906 3842 2006 3909 τὴν

344 3921 799 4000 γαστριμαργίαν,
861 3919 990 3979 ούὸὶ
1047 3926 1148 3994 τὴν
1206 3925 1516 3999 σύμμετρον
1574 3929 1800 4004 τροφήν,
1863 3927 2007 3984 ἀλλᾶ

344 4010 442 4079 τὴν
493 4010 776 4088 ἀμετρίαν·
825 4011 1012 4083 ἐπειδὴ
1066 4013 1116 4084 ἐξ
1167 4014 1342 4069 αὐτῶν
1394 4015 1625 4070 τίκτεται
1761 4017 2003 4092 πορνεία.

345 4098 444 4153 Διά
472 4103 632 4154 τοῦτο
681 4098 853 4175 λέγει,
903 4100 986 4155 ὅτι
1012 4102 1088 4158 Τὸ
1134 4106 1293 4174 σῶμα
1343 4103 1442 4157 οὐκ
1485 4101 1645 4173 ἐδόθη
1700 4104 2003 4174 ἐξουσιάζε-

346 4198 466 4251 σθαι
501 4188 603 4242 ὑπὸ
631 4195 731 4260 τῆς
764 4190 1220 4267 γαστριμαργίας,
1248 4190 1341 4247 ’ἕνα
1396 4192 1696 4268 περιπίπτῃ
1745 4193 1820 4256 εἷς
1869 4214 2004 4270 πορ-

343 4274 509 4349 νείαν,
539 4275 668 4333 ἀλλ’
714 4276 807 4333 (ίνα
857 4277 1089 4353 δουλεύῃ
1135 4285 1214 4352 τῷ
1244 4282 1443 4356 Κυρίῳ·
1476 4283 1659 4346 καθὼς
1710 4282 1855 4358 λέγει
1897 4285 2005 4338 πά-

345 4363 432 4420 λιν
483 4363 739 4443 ἀλλαχοῦ
776 4363 1014 4440 ὅπισθεν,
1060 4368 1142 4424 ὅτι
1187 4372 1428 4426 «Πάντα
1481 4393 1573 4444 μοι
1626 4369 1847 4443 ἔξεστιν,
1879 4372 2004 4429 ἀλλ’

345 4453 409 4508 οὐ
439 4453 613 4511 πάντα
656 4458 939 4536 συμφέρει·
974 4457 1150 4514 πάντα
1204 4482 1295 4533 μοι
1347 4458 1563 4531 ἔξεστιν,
1600 4461 1726 4517 ἀλλ’
1759 4462 1858 4517 οὐκ
1900 4463 2004 4538 ἐγὼ

344 4541 836 4621 ἐξουσιασθήσομαι
873 4548 974 4603 ὑπό
1004 4569 1172 4612 τινος.
1208 4572 1235 4600 ››
1267 4554 1440 4605 Τοῦτο
1477 4548 1534 4605 δέ
1564 4551 1703 4606 ἐστιν
1753 4553 1782 4606 ’ὀ
1836 4550 2001 4629 λέγει,

2115 3409 2375 3465 cperam.
2410 3392 2541 3448 Ideo
2591 3392 2880 3447 destruxit
2930 3389 3123 3458 illum,
3173 3391 3413 3447 dicens:
3459 3415 3488 3442 ‹‹
3522 3392 3676 3448 Deus
3710 3397 3769 3449 et

2116 3482 2272 3537 hunc
2302 3486 2359 3538 et
2389 3480 2520 3537 illas
2553 3481 2871 3552 destruet,»
2903 3481 3011 3536 hoc
3041 3483 3149 3550 est,
3182 3484 3241 3535 et
3269 3480 3430 3536 cibos
3460 3485 3518 3537 et
3546 3482 3768 3553 gulosi-

2116 3577 2316 3627 tatem.
2351 3572 2475 3626 Non
2510 3571 2667 3626 enim
2720 3575 2980 3626 ventrem
3042 3569 3356 3637 destruxit,
3390 3570 3580 3626 absit!
3619 3571 3771 3626 Audi

2114 3662 2293 3727 enim,
2329 3660 2469 3732 quid
2503 3660 2658 3715 dicat
2686 3659 2849 3731 ipse:
2886 3682 2915 3710 α
2947 3663 3168 3732 Corpus
3200 3664 3398 3715 autem
3432 3676 3546 3715 non
3582 3661 3768 3716 forni-

2116 3751 2349 3819 cationi,
2384 3752 2483 3807 sed
2517 3751 2759 3807 Domino
2780 3752 2844 3805 3‘.
2877 3772 2905 3800 »
2942 3751 3141 3822 Itaque
3172 3767 3286 3805 non
3320 3750 3610 3806 destruxit
3631 3768 3771 3805 ven-

2118 3845 2285 3909 trem,
2320 3842 2419 3896 sed
2450 3840 2768 3912 crapulam,
2801 3857 2906 3896 nec
2939 3840 3115 3895 etiam
3149 3840 3513 3894 moderatum
3548 3840 3770 3908 cibum,

2117 3933 2217 3987 sed
2248 3930 2746 3986 immoderatum:
2782 3930 3075 4001 siquidem
3124 3945 3192 3984 ex
3238 3946 3304 3985 eo
3346 3930 3651 3985 fornicatio
3683 3932 3771 4003 gi-

2116 4022 2335 4093 gnitur.
2374 4019 2462 4074 Ait
2490 4036 2627 4091 ergo
2654 4038 2665 4074 :
2717 4019 2940 4091 Corpus
2971 4035 3083 4073 non
3111 4022 3201 4074 est
3230 4019 3434 4073 datum
3468 4022 3579 4074 sub
3611 4025 3771 4091 pote-

2116 4114 2329 4166 statem
2361 4108 2661 4181 ingluviei,
2696 4112 2762 4163 ut
2806 4108 2866 4162 in
2918 4107 3331 4163 fornicationes
3375 4107 3615 4176 incidat,
3667 4109 3771 4163 sed

2116 4204 2183 4254 ut
2216 4198 2458 4253 Domino
2490 4198 2722 4253 serviat.
2770 4198 2954 4253 Sicuti
3006 4214 3213 4252 rursus
3263 4200 3434 4253 antea
3476 4197 3618 4253 dicit
3666 4197 3774 4252 ali-

2115 4288 2287 4344 cubi:
2326 4309 2353 4337 ‹‹
2383 4285 2593 4341 Omnia
2623 4286 2766 4345 mihi
2819 4285 3015 4356 licent,
3051 4286 3153 4341 sed
3205 4302 3319 4340 non
3370 4286 3569 4342 omnia
3600 4304 3770 4359 expe-

2116 4378 2321 4432 diunt:
2349 4375 2545 4431 omnia
2568 4375 2709 4429 mihi
2733 4375 2932 4443 licent,
2957 4375 3058 4429 sed
3086 4390 3193 4445 ego
3226 4376 3334 4429 sub
3367 4374 3591 4431 nullius
3615 4376 3773 4431 redi-

2115 4483 2220 4539 gar
2250 4469 2535 4537 potestate
2554 4464 2618 4519 ⁸⁵.
2659 4487 2679 4513 ιι
2714 4464 2833 4519 Ηοο
2865 4464 3059 4535 ipsum
3094 4462 3240 4518 nihil
3274 4469 3362 4518 est
3393 4462 3769 4535 aliud,quam

2116 4556 2269 4627 quod
2322 4553 2415 4609 hic
2447 4554 2616 4609 dicit:
2672 4554 2826 4625 quod
2878 4569 3083 4608 omnes
3133 4551 3372 4624 quidem
3424 4552 3560 4624 cibi,
3614 4554 3766 4611 275

346 4630 430 4688 ὅτι
486 4633 661 4690 πάντα
716 4636 783 4690 τὰ
844 4637 1133 4712 βρώματα,
1194 4639 1328 4714 ἅπερ
1387 4638 1593 4695 ἔκτισεν
1651 4644 1678 4696 ὁ
1738 4643 1866 4703 Θεὸς
1923 4641 2001 4703 εἷς

2128 4662 2261 4718 {nos
2300 4644 2518 4699 creavit
2564 4643 2718 4699 Deus
2775 4643 2834 4697 in
2886 4641 3146 4698 hominis
3202 4640 3576 4713 alimentum,
3629 4642 3772 4699 boni

343 4724 551 4801 τροφὴν
586 4729 683 4779 τοῦ
717 4727 1027 4802 ἀνθρώπου,
1058 4724 1200 4781 καλά
1232 4728 1354 4799 εἰσι,
1382 4730 1471 4783 καὶ
1526 4730 1749 4806 ἁρμόζει
1802 4752 1893 4804 μοι
1944 4731 2002 4786 ἐκ

343 4810 558 4867 πάντων
609 4812 800 4870 ἐσθίειν
854 4815 945 4870 καὶ
1003 4815 1325 4893 τρέφεσθαι·
1391 4817 1516 4873 ἀλλ’
1573 4819 1639 4873 οὐ
1697 4822 1998 4894 γενήσομαι

343 4897 544 4964 δοῦλος
599 4904 707 4957 τῶν
759 4904 1085 4981 βρωμάτων·
1141 4903 1265 4960 οὐδὲ
1314 4904 1605 4975 ἐξουσιασει
1658 4911 1852 4981 μοι)λή
1903 4929 1999 4985 γα-

340 4991 690 5067 στριμαργία·
726 4992 787 5047 ού
848 4995 1107 5072 συμφέρει
1170 5014 1284 5067 μοι·
1322 4992 1447 5050 οὐδὲ
1504 4998 1607 5073 γὰρ
1665 4998 1865 5072 ἀγαθὸν
1919 4999 1997 5052 ct-

336 5077 570 5152 κοδομεῖ
617 5079 669 5134 ἐν
719 5081 864 5155 ἐμοί.
926 5083 1023 5137 Διά
1064 5087 1249 5153 τοῦτο,
1295 5084 1458 5157 μόνον
1513 5092 1632 5148 τοῖς
1690 5086 1998 5162 ἀναγκαίοις

338 5167 691 5243 ἀρρούμενοι,
733 5171 800 5224 τὰ
858 5173 1085 5246 περισσᾶ
1129 5169 1552 5247 διαπτύσσομεν,
1589 5176 1662 5237 ὡς
1713 5175 1811 5231 ούκ
1858 5176 1999 5254 ὠφέ-

339 5255 503 5329 λιμα,
536 5256 680 5313 ἀλλᾶ
728 5257 816 5314 καί
881 5255 1123 5336 βλαϐερὰ
1181 5263 1483 5318 συνεστῶτά
1546 5287 1662 5339 μοι,
1711 5265 1998 5339 ἐπιθυμίας

339 5344 575 5408 ἀτόπους
605 5353 877 5423 γεννῶντα
905 5355 1019 5412 τοῖς
1051 5352 1410 5425 κεκτημένοις
1441 5353 1594 5412 αὐτά.

413 5435 607 5508 Ἐρώτ.
644 5440 743 5512 ρα’.
776 5439 844 5496 Τί
884 5439 1052 5515 λεγει·
1109 5465 1137 5492 (‹
1189 5443 1287 5496 Καὶ
1319 5440 1510 5505 πάντες
1541 5443 1615 5507 εἴς
1647 5444 1737 5500 τὸν
1791 5447 1998 5515 Μωσῆν

345 5518 746 5598 ἐϐαπτίσθησαν
774 5547 787 5598 ;
826 5552 847 5580 ι

416 5673 460 5757 ξῗ
491 5674 670 5757 [αρε.
699 5679 859 5757 νηβ..
896 5678 962 5757 _°°
992 5677 1166 5757 ibid:
1185 5679 1241 5734 7.
1318 5680 1360 5715 ⁸1
1396 5680 1545 5738 Psal.
1604 5700 1781 5757 xxxv,
1832 5686 1887 5755 4,
1953 5685 2008 5738 5.
2086 5684 2133 5719 δε

345 5744 395 5783 ⁸³
422 5744 565 5803 ibid.
601 5749 687 5805 12.
742 5744 808 5786 ⁷⁸⁸
837 5749 860 5807 Ι
891 5748 1019 5808 Cor.
1050 5766 1106 5821 ι,
1136 5750 1191 5806 2.

2112 4739 2335 4805 sunt,et
2365 4733 2496 4789 licet
2528 4733 2672 4788 mihi
2705 4732 2981 4789 omnibus
3009 4732 3145 4798 frui,
3170 4731 3373 4804 eisque
3402 4732 3616 4787 nutriri
3643 4733 3765 4801 ;sed

2110 4840 2379 4880 escarum
2411 4840 2613 4878 servus
2644 4839 2757 4877 non
2790 4838 2887 4878 ero
2914 4839 2925 4876 :
2955 4837 3146 4892 neque
3177 4822 3290 4877 sub
3323 4838 3493 4877 suam
3518 4826 3771 4894 potesta-

2112 4918 2227 4969 tem
2264 4929 2358 4967 me
2389 4912 2611 4983 rediget
2640 4910 2897 4982 crapula.
2928 4911 2988 4966 Id
3022 4910 3169 4965 mihi
3202 4927 3318 4966 non
3353 4911 3650 4976 conducit,
3672 4928 3773 4967 ne-

2112 5018 2224 5074 que
2254 5002 2406 5057 enim
2440 5002 2690 5056 aedificat
2721 4999 2779 5053 in
2812 5015 2905 5054 me
2956 5001 3196 5054 bonum.
3232 5000 3620 5071 Quapropter,
3668 5014 3773 5055 ne-

2111 5090 2383 5146 cessariis
2414 5089 2693 5159 contenti,
2729 5089 3029 5160 superﬂua
3078 5105 3428 5161 respuamus
3453 5088 3609 5143 velut
3636 5088 3768 5143 inu-

2112 5178 2258 5247 tilia,
2288 5179 2407 5233 imo
2441 5179 2614 5233 etiam
2647 5181 2927 5246 tanquam
2960 5194 3087 5250 quae
3121 5177 3263 5233 mihi
3297 5180 3623 5243 noceant,et
3639 5192 3766 5248 quae

2110 5268 2357 5342 gignant
2382 5267 2671 5322 absurdae
2702 5266 3208 5338 concupiscentiae
3247 5267 3319 5322 iis
3350 5266 3448 5338 qui
3480 5281 3548 5321 ea
3576 5266 3768 5337 possi-

2111 5359 2409 5512 deginssr.
2445 5445 2529 5501 CI.
2564 5444 2709 5511 Quid
2742 5448 2832 5500 est
2863 5444 3018 5517 quod
3065 5443 3239 5499 dicit:
3291 5466 3318 5495 »
3352 5444 3423 5499 Et
3469 5459 3673 5499 omnes
3704 5443 3764 5499 in

2112 5537 2333 5593 Mosem
2368 5535 2646 5607 baptizati
2678 5536 2905 5591 sunt“.
2931 5556 2957 5588 ι

2240 5683 2285 5718 ⁶²
2321 5682 2469 5740 Psal.
2500 5701 2639 5752 xvu,
2668 5685 2757 5740 ‘26.
2871 5683 2968 5739 ⁸³1
3021 5680 3147 5739 Cor.
3199 5698 3277 5750 v1,
3312 5680 3398 5736 13.
3519 5680 3565 5715 δ’·
3612 5677 3765 5736 ibid.
