4148 6376
335 378 457 441 759

341 617 502 657 mare
533 602 939 674 pertransierit
974 602 1330 657 lsraeliticus
1364 603 1636 675 populus.
1663 604 1805 658 Nam
1841 602 1993 657 sicut

341 690 428 746 illi
461 692 816 758 transmissi,
849 693 1180 762 effugerunt
1231 693 1599 748 inimicorum
1642 691 1908 760 insidias,
1941 696 1997 746 et

343 778 404 833 in
433 779 661 834 deserto
692 779 1104 834 nutriebantur
1136 795 1390 835 manna:
1435 781 1519 835 sic
1551 781 1725 835 etiam
1759 781 1858 852 qui
1891 780 1995 834 ba-

345 866 546 938 ptizati
579 873 741 932 sunt,
774 866 1098 922 liberantur
1129 885 1161 922 a
1192 868 1480 940 spirituali
1514 869 1894 934 Pharaone,et
1925 869 1996 923 ab

345 955 632 1029 [Egyptiis
664 957 1050 1027 daemonibus,
1085 963 1606 1030 sustentanturque
1647 957 1861 1014 caelesti
1898 975 1995 1030 pa-

348 1063 420 1101 ne
449 1045 701 1118 Spiritus
731 1046 936 1102 sancti.
966 1045 1114 1109 Quia
1159 1063 1292 1102 vero
1343 1047 1414 1103 de
1461 1046 1755 1120 baptismo
1805 1063 1999 1102 sermo

347 1137 458 1201 est,
483 1135 751 1191 dicamus
780 1135 850 1190 de
876 1151 942 1190 eo
975 1134 1366 1191 manifestius.

862 1351 936 1404 De
964 1355 1152 1406 sancto
1184 1350 1473 1422 baptismo.

419 1456 680 1510 Primum
713 1455 1007 1527 baptisma
1038 1456 1146 1512 fuit
1176 1456 1483 1513 inundatio
1515 1458 1717 1513 diluvii
1753 1459 1822 1513 ad
1855 1458 2002 1514 exci-

353 1545 614 1600 dendum
651 1550 978 1616 peccatum.
1011 1546 1344 1602 Secundum
1378 1547 1486 1602 fuit
1535 1547 1737 1611 Mosis,
1769 1548 2002 1619 quando

347 1633 624 1696 transivit
652 1634 916 1689 Rubrum
951 1651 1130 1690 mare.
1163 1639 1442 1707 Typicum
1495 1638 1650 1692 enim
1683 1653 1783 1692 seu
1815 1639 2003 1708 figura

353 1727 510 1779 erat:
547 1739 683 1778 nam
715 1721 868 1778 sicut
897 1722 1016 1780 illic
1046 1728 1170 1780 erat
1200 1727 1474 1792 mare,aic
1506 1725 1564 1781 in
1600 1726 1893 1798 baptismo
1915 1730 2003 1782 est

355 1828 546 1884 aqua;
571 1817 628 1867 et
659 1811 810 1868 sicut
836 1811 954 1868 illic
992 1818 1117 1868 erat
1147 1813 1357 1880 nubes,
1387 1813 1470 1869 ita
1500 1814 1595 1870 hic
1627 1820 1716 1871 est
1746 1815 1999 1886 Spiritus

358 1905 620 1956 sanctus.
653 1900 788 1964 Qua
819 1905 1013 1956 autem
1046 1904 1162 1956 ista
1191 1903 1376 1957 nubes
1424 1903 1616 1974 fuerit,
1651 1906 1825 1960 audi:
1861 1904 2003 1959 Cum

355 1990 774 2061 egrederentur
801 2006 869 2045 ex
911 1995 1156 2063 Egypto
1192 1993 1410 2048 Hebrei
1465 2009 1599 2048 cum
1632 1993 1808 2062 Mose,
1845 1993 2008 2050 misit

359 2079 576 2134 nubem
605 2077 786 2134 veluti
811 2078 1147 2135 columnam
1178 2080 1488 2152 ignis,qum
1520 2082 1639 2138 illis
1673 2086 1891 2140 luceret
1912 2101 2010 2140 no-

358 2172 479 2233 ctu,
513 2170 578 2222 ut
604 2167 876 2224 videlicet
907 2173 1080 2224 noctu
1134 2185 1366 2241 quoque
1415 2177 1654 2240 possent
1683 2172 2008 2239 ambulare,

358 2272 431 2311 ne
461 2256 618 2327 ipsos
652 2257 1009 2329 attingerent
1038 2258 1679 2329 [EgyptiiSequebatur
1708 2268 1906 2318 autem
1939 2262 2007 2317 il-

355 2345 443 2401 los
475 2346 662 2401 nubes
691 2363 724 2400 a
752 2351 936 2418 tergo,
972 2351 1030 2402 et
1077 2348 1308 2419 tegebat
1357 2365 1476 2414 eos,
1511 2365 1584 2404 ne
1635 2351 1793 2421 ipsos
1840 2352 2008 2423 {Egy-

354 2435 460 2505 ptii
493 2435 688 2491 videre
718 2441 980 2505 possent.
1023 2437 1211 2508 Atque
1261 2437 1368 2492 hoc
1411 2444 1500 2493 est
1547 2442 1872 2496 secundum
1909 2442 2009 2496 ba-

355 2523 594 2593 ptisma.
629 2524 892 2578 Tertium
926 2531 1050 2579 erat
1098 2525 1284 2596 legale
1334 2528 1486 2598 apud
1537 2527 1826 2585 Hebraaos.
1863 2531 2008 2586 Nam

357 2611 696 2685 quicunque
721 2617 845 2667 erat
873 2612 1243 2680 immundus,
1269 2632 1422 2686 aqua
1454 2615 1844 2683 lavabatur,et
1872 2637 2011 2675 suas

359 2717 596 2772 quoque
625 2707 812 2756 vestes
845 2701 1137 2768 abluebat,
1172 2710 1228 2758 et
1267 2704 1350 2759 sic
1396 2705 1677 2761 introibat
1705 2708 1761 2762 in
1798 2716 2010 2765 castra.

363 2792 644 2856 Quartum
682 2790 993 2862 baptisma,
1021 2793 1129 2846 fuit
1153 2794 1418 2850 Joannis.
1453 2795 1863 2853 Introducebat
1889 2800 2013 2870 qui-

367 2879 500 2935 dem
531 2879 716 2947 illud;
744 2881 1004 2936 nondum
1037 2886 1234 2937 tamen
1267 2889 1389 2938 erat
1410 2885 1650 2941 omnino
1684 2888 2011 2959 spirituale,

368 2970 470 3025 sed
505 2969 575 3025 ad
610 2969 1010 3041 pcsnitentiam
1043 2971 1435 3028 solummodo.
1467 2973 1746 3036 Quintum
1782 2994 1884 3047 per
1918 2981 2016 3034 Do-

369 3058 598 3114 minum
630 3064 898 3114 nostrum
947 3059 1150 3115 Jesum
1184 3061 1503 3129 Christum,
1538 3079 1653 3134 quo
1680 3067 1856 3120 etiam
1890 3068 2016 3138 ipse

367 3147 702 3219 baptizatus
731 3153 838 3204 est.
873 3152 1090 3220 Estque
1121 3149 1229 3204 hoc
1287 3155 1474 3206 totum
1521 3153 1860 3223 spirituale:
1897 3173 2013 3227 quo

1505 381 1569 442 S.
1622 377 2144 440 ATHANASIUS.
2178 411 2256 422 —
2284 377 2591 442 SPURIA.

412 512 580 568 Rssr.
609 512 893 584 Baptismi
943 512 1179 584 signum
1215 516 1361 580 erat,
1391 513 1542 584 quod
1595 530 1696 584 per
1727 513 1989 568 Rubrum
2026 514 2069 577 A

3645 374 3770 437 760

2181 509 2370 566 Ἀπόκ.
2408 516 2648 584 Σημεῖον
2699 514 2765 580 ἦν
2819 514 2914 564 τοῦ
2970 506 3344 585 βαπτίσματος
3396 507 3460 562 τὸ
3511 504 3770 582 διαπερά-

2109 619 2192 651 σαι
2251 600 2341 653 τὸν
2399 600 2742 676 Ἰσραηλίτην
2796 597 2928 653 λαὸν
2981 597 3032 652 ἐν
3091 601 3158 671 τῇ
3212 599 3443 672 Ἐρυθρᾷ
3491 597 3760 670 θαλάσσῃ.

2105 689 2308 763 ’Ὠσπερ
2339 689 2438 765 γὰρ
2496 689 2694 744 ἐκεῖνοι
2743 688 3067 762 περάσαντες
3125 685 3322 763 ἔφυγον
3380 691 3489 741 τῶν
3545 685 3760 762 ἐχθρῶν

2105 778 2203 845 τὴν
2259 773 2586 849 ἐπιϐουλήν,
2642 779 2730 833 καὶ
2786 778 2837 832 ἐν
2882 782 2951 852 τῇ
3004 777 3200 853 ἐρήμῳ
3247 779 3326 848 τῷ
3379 774 3546 848 μάννα
3614 775 3760 849 ἐτρέ-

2107 886 2290 944 φοντο·
2327 867 2469 922 οῧτω
2515 865 2581 936 δὴ
2628 867 2716 922 καὶ
2761 867 2811 921 οἱ
2856 866 3244 942 βαπτιζόμενοι
3293 862 3615 941 λυτροῦνται
3663 863 3762 920 τοῦ

2106 961 2308 1025 νοητοῦ
2339 959 2541 1032 Φαραὼ
2571 956 2658 1011 καὶ
2689 961 2796 1011 τῶν
2830 955 3141 1030 Δίγυπτίων
3175 951 3475 1027 δαιμόνων,
3507 953 3595 1008 καὶ
3639 951 3765 1028 τρέ-

2109 1065 2296 1122 φονται
2356 1051 2436 1117 τῷ
2492 1044 2796 1120 ἐπουρανίῳ
2849 1042 2994 1118 ἄρτῳ
3048 1048 3146 1098 τοῦ
3215 1043 3370 1118 ἁγίου
3428 1042 3762 1115 Πνεύματος.

2110 1133 2257 1191 Ἑπεί
2317 1132 2374 1190 δὲ
2423 1136 2546 1212 περὶ
2602 1139 2699 1190 τοῦ
2761 1134 3133 1211 βαπτίσματος
3185 1134 3213 1188 ὁ
3269 1132 3460 1208 λόγος,
3522 1129 3762 1206 εἷ’πωμεν

2111 1223 2430 1302 σαφέστερον
2463 1225 2588 1301 περὶ
2621 1224 2812 1282 αὐτοῦ.

2483 1351 2614 1426 Περὶ
2651 1355 2749 1405 τοῦ
2790 1349 2948 1425 ἁγίου
2994 1349 3386 1424 βαπτίσματος.

2183 1461 2406 1531 Πρῶτον
2440 1458 2719 1533 βάπτισμα
2748 1458 2810 1512 τὸ
2839 1462 2936 1512 τοῦ
2968 1454 3357 1528 κατακλυσμοῦ
3390 1455 3466 1517 εἷς
3523 1454 3766 1524 ἐκκοπὴν

2113 1547 2398 1621 ἁμαρτίας·
2432 1545 2676 1623 δεύτερον
2709 1548 2772 1602 τὸ
2813 1551 2910 1600 τοῦ
2943 1547 3212 1613 Μωσέως,
3244 1543 3334 1600 ὅτε
3381 1545 3479 1613 τὴν
3509 1546 3769 1619 Ἐρυθρὰν

2113 1634 2412 1708 διεπέρασε·
2460 1637 2684 1690 τυπικὸν
2743 1635 2846 1710 γὰρ
2890 1637 2990 1702 ἦν·
3042 1633 3222 1707 ὥσπερ
3274 1632 3378 1708 γὰρ
3432 1633 3543 1688 ἐκεῖ
3590 1635 3626 1702 ἡ
3677 1633 3774 1687 θά-

2113 1722 2305 1796 λασσα,
2340 1725 2483 1780 οὕτω
2529 1725 2591 1780 τὸ
2651 1723 2797 1799 ὕδωρ
2842 1723 2892 1778 ἐν
2925 1729 3005 1794 τῷ
3037 1723 3396 1802 βαπτίσματι·
3434 1722 3524 1776 καὶ
3584 1721 3770 1796 ὥσπερ

2115 1813 2226 1869 ἐκεῖ
2257 1817 2290 1883 ἡ
2323 1814 2547 1892 νεφέΛη,
2581 1813 2753 1875 οὕτως
2802 1813 3024 1868 ἐνταῦθα
3079 1812 3142 1866 τὸ
3200 1815 3418 1884 Πνεῦμα
3474 1811 3536 1866 τὸ
3591 1812 3769 1886 ἁγιον.

2116 1903 2212 1964 Τίς
2246 1901 2303 1956 δὲ
2331 1906 2393 1971 ἦν
2428 1905 2463 1972 ἡ
2495 1901 2694 1979 νεφέλη
2729 1901 2928 1972 ἐκείνη,
2961 1899 3211 1956 ἄκουσον.
3243 1901 3371 1957 Ὅτε
3402 1898 3630 1970 ἐξῆλθον
3663 1906 3770 1968 τῆς

2117 1992 2393 2069 Αἰγύπτου
2439 1993 2490 2046 οἱ
2539 1987 2783 2065 Ἑϐραῖοί
2840 1991 2974 2063 μετὰ
3023 1989 3286 2055 Μωσέως,
3327 1986 3637 2044 ἀπέστειλεν
3679 1989 3769 2042 νέ-

2117 2103 2236 2159 φος,
2269 2081 2450 2157 ὥσπερ
2502 2079 2696 2136 στῦλον
2746 2080 2938 2156 πυρὸς,
2971 2079 3059 2134 καὶ
3106 2079 3362 2157 ἐφώτιζεν
3421 2075 3618 2138 αὐτοὺς
3665 2078 3769 2146 τὴν

2117 2171 2300 2239 νύκτα,
2336 2169 2473 2225 ὥστε
2519 2175 2832 2246 περιπατεῖν
2893 2165 3088 2228 αὐτοὺς
3148 2165 3238 2220 καὶ
3284 2165 3384 2233 την
3443 2162 3630 2232 νύκτα,
3679 2161 3775 2219 ’ίνα

2123 2261 2198 2334 μὴ
2231 2259 2500 2337 φθάσωσιν
2535 2258 2729 2320 αὐτοὺς
2763 2257 2813 2312 οἱ
2845 2256 3163 2331 Αἰγύπτιοι.
3199 2255 3456 2311 ’Όπισθεν
3490 2251 3548 2307 δὲ
3596 2252 3776 2307 αὐτῶν

2118 2349 2427 2424 περιεπάτει
2489 2345 2712 2426 νεφέλη,
2771 2346 2862 2400 καὶ
2920 2344 3228 2413 ἐπεσκίαζεν
3286 2340 3504 2410 αὐτοὺς,
3553 2339 3647 2396 ’ίνα
3699 2342 3778 2414 μὴ

2119 2440 2316 2514 ὁρῶσιν
2351 2436 2544 2499 αὐτοὺς
2577 2437 2628 2490 οἱ
2660 2433 2971 2510 Κίγύπτιοι.
3015 2433 3113 2488 Καὶ
3143 2430 3303 2486 τοῦτό
3336 2430 3445 2484 ἐστι
3491 2430 3554 2484 τὸ
3601 2426 3779 2484 δεύτε-

2121 2548 2212 2599 ρον
2263 2528 2562 2602 βάπτισμα.
2594 2524 2785 2600 Τρίτον
2838 2521 2896 2578 δὲ
2940 2523 3003 2577 τὸ
3049 2521 3301 2594 νομικὸν,
3335 2519 3466 2593 ὅπερ
3519 2519 3670 2595 εἶχον
3723 2520 3778 2573 οἱ

2119 2611 2379 2689 Ἑϐραῖοι.
2419 2621 2528 2676 Πᾶς
2590 2615 2691 2690 γὰρ
2749 2614 3048 2686 ἀκάθαρτος
3107 2609 3330 2666 ἐλούετο
3385 2606 3563 2677 ὕδατι,
3609 2607 3777 2663 ἐπλύ-

2120 2727 2236 2760 νετο
2264 2706 2330 2759 τὰ
2357 2705 2549 2777 ἱμάτια
2589 2703 2774 2773 αὐτοῦ,
2807 2700 2894 2756 καί
2956 2699 3130 2762 οὕτως
3189 2698 3481 2773 εἰσήρχετο
3543 2697 3618 2758 εἷς
3673 2697 3773 2765 την

2122 2788 2504 2870 παρεμϐολήν.
2565 2791 2830 2867 Τέταρτον
2896 2789 3176 2866 βάπτισμα
3230 2788 3293 2842 τὸ
3347 2790 3443 2841 τοῦ
3501 2785 3771 2857 Ἰωάννου,

2125 2883 2480 2958 είσαγωγικὸν
2534 2882 2650 2954 μὲν,
2685 2877 2837 2934 ούπω
2870 2876 2926 2933 δέ
2955 2877 3082 2932 ὅλον
3121 2876 3499 2948 πνευματικὸν,
3534 2871 3660 2927 ἀλλ’
3689 2872 3767 2935 εἰς

2128 2975 2408 3047 μετάνοιαν
2447 2972 2628 3044 μόνον.
2664 2971 2918 3041 Πέμπτον
2970 2967 3034 3021 τὸ
3087 2963 3172 3020 διὰ
3229 2969 3326 3019 τοῦ
3379 2962 3574 3038 Κυρίου
3605 2964 3767 3035 ἡμῶν

2124 3065 2305 3133 Ἰησοῦ
2357 3065 2611 3138 Χριστοῦ,
2672 3059 2803 3134 ὅπερ
2860 3056 2949 3112 καὶ
3006 3055 3166 3117 αὐτὸς
3226 3049 3564 3108 ἐϐαπτίσατα
3595 3055 3769 3106 Τοῦτο

2127 3151 2183 3208 δὲ
2217 3151 2346 3207 ὅλον
2405 3143 2785 3222 πνευματικόν·
2817 3151 2979 3201 τοῦτο
3009 3144 3098 3200 καὶ
3156 3146 3316 3216 ἡμεῖς
3377 3139 3768 3215 βαπτιζόμεθα.

365 3251 474 3291 nos
504 3253 735 3307 quoque
767 3237 1154 3307 baptizamur.
1185 3238 1423 3294 Sextum
1455 3239 1730 3312 lacrymis
1760 3250 2004 3312 constat,

2125 3245 2320 3298 Ἕκτον
2351 3238 2414 3294 τὰ
2447 3237 2535 3294 διὰ
2565 3235 2830 3312 δακρύων,
2863 3231 3032 3296 ὅντως
3080 3233 3360 3302 ἐπίπονον,
3393 3231 3466 3292 ὡς
3517 3231 3544 3284 ὁ
3595 3227 3777 3284 λούων

359 3329 566 3395 estque
596 3340 728 3379 vere
759 3323 1117 3380 laboriosum
1151 3326 1506 3397 durumque.
1554 3329 1744 3385 Veluti
1779 3334 1876 3402 qui
1912 3351 2012 3404 per

355 3411 623 3484 singulas
654 3418 853 3469 noctes
883 3413 1036 3468 lavat
1063 3413 1276 3469 lectum
1307 3431 1483 3470 suum
1507 3417 1569 3487 ⁸⁷,
1595 3419 1692 3488 qui
1727 3425 2008 3491 pmniten-

351 3501 436 3556 tia
465 3501 723 3570 ducitur,
757 3507 817 3557 et
845 3501 1006 3572 luget
1036 3519 1215 3574 super
1253 3505 1506 3574 peccatis
1535 3523 1660 3574 quae
1691 3511 2002 3566 commisit.

351 3589 681 3661 Septimum
717 3590 1008 3663 baptisma
1041 3609 1142 3663 per
1174 3593 1519 3665 martyrium
1553 3601 1611 3650 et
1653 3600 2002 3669 sanguinem

350 3683 460 3746 est,
494 3694 609 3749 quo
661 3678 928 3734 Christus
984 3697 1218 3751 quoque
1265 3682 1596 3752 baptizatus
1646 3693 1752 3741 est.
1790 3689 2006 3760 Estque

352 3771 518 3822 tanto
547 3767 677 3822 aliis
710 3767 1124 3836 venerabilius,
1159 3775 1381 3840 quanto
1414 3771 1610 3827 minus
1651 3775 1844 3832 denuo
1877 3779 2002 3848 pol-

353 3854 540 3911 luitur
569 3856 864 3912 sordibus.
899 3857 1180 3913 Octavum
1213 3863 1269 3914 et
1299 3866 1660 3931 postremum
1697 3881 1812 3920 non
1845 3867 2002 3922 salu-

351 3948 500 4015 tare,
534 3944 634 4000 sed
667 3945 878 4001 ardens
909 3951 1020 4016 est,
1043 3948 1196 4018 quod
1231 3953 1514 4004 aeternum
1532 3950 1659 4007 sine
1689 3953 1805 4009 {ine
1837 3956 2006 4026 punit

353 4036 709 4104 peccatores.

425 4123 651 4188 QUEST.
681 4123 792 4177 CII.
825 4123 972 4188 Quid
1001 4129 1091 4180 est
1114 4127 1266 4197 quod
1297 4126 1524 4200 inquit:
1561 4153 1588 4179 «
1623 4135 1764 4188 Caro
1797 4138 1855 4189 et
1873 4151 2002 4190 san-

351 4212 488 4282 guis
520 4228 767 4282 regnum
801 4212 897 4267 Dei
930 4213 1231 4284 possidere
1255 4233 1372 4272 non
1404 4221 1716 4289 possunt“
1741 4221 1768 4276 ‘I
1801 4245 1829 4271 »

423 4299 595 4355 RESP.
631 4300 793 4365 Quod
824 4302 1162 4373 quicunque
1193 4320 1427 4360 carnem
1480 4323 1650 4362 suam
1702 4312 1886 4366 nutrit
1925 4313 1995 4367 ad

351 4388 703 4456 satietatem,
737 4405 983 4460 regnum
1021 4392 1116 4446 Dei
1151 4395 1430 4466 consequi
1463 4413 1577 4452 non
1614 4399 1818 4468 possit.

421 4479 645 4543 Qums'r.
681 4479 823 4533 CIII.
868 4479 1014 4541 Quid
1075 4487 1162 4535 est
1215 4484 1366 4552 quod
1419 4483 1647 4554 inquit:
1686 4489 1846 4551 «Qui
1882 4506 1998 4545 non

2118 3335 2234 3395 καθ’
2296 3331 2518 3393 ἑκάστην
2577 3326 2744 3381 νύκτα
2791 3326 2889 3393 τὴν
2933 3322 3125 3392 κλίνην
3160 3321 3345 3386 αὐτοῦ,
3374 3320 3464 3375 καὶ
3499 3318 3771 3392 μετανοῶν

2115 3419 2204 3476 καί
2255 3424 2461 3494 θρηνῶν
2497 3417 2576 3481 ἐφ’
2616 3419 2700 3477 οἷς
2749 3415 3013 3490 ἥμαρτεν.
3045 3406 3329 3482 Ἕϐδομον
3385 3411 3666 3485 βάπτισμα
3713 3407 3775 3461 τὸ

2117 3508 2206 3564 διὰ
2241 3507 2535 3583 μαρτυρίου
2568 3512 2660 3560 καῖ
2707 3502 2964 3576 α’ίματος,
2996 3501 3127 3575 ὅπερ
3157 3501 3247 3555 καὶ
3297 3498 3456 3560 αὐτὸς
3487 3499 3516 3553 ὁ
3548 3496 3774 3572 Χριστὸς

2116 3594 2462 3667 iga-micam,
2495 3595 2584 3650 καὶ
2627 3592 2772 3649 πολύ
2820 3613 2882 3666 γε
2922 3596 3028 3646 τῶν
3083 3587 3268 3645 ἄλλων
3319 3586 3771 3661 αἰδεσιμᾶγτερον,
3814 3665 3818 3668 γ

2115 3688 2225 3760 ὅσῳ
2256 3685 2523 3761 δευτέροις
2577 3683 2768 3759 ῥύποις
2823 3682 2884 3736 ού
2937 3679 3250 3753 μολύνεται.
3300 3675 3531 3753 Ὄγδοον
3579 3677 3641 3730 τὸ
3689 3697 3775 3730 τε-

2114 3777 2364 3832 λευταῖον
2397 3775 2458 3829 ού
2514 3776 2802 3847 σωτήριον,
2838 3769 2984 3826 ἀλλὰ
3039 3768 3348 3835 καυστικὸν,
3381 3766 3469 3821 καὶ
3530 3765 3768 3834 κολάζον

2114 3866 2444 3936 ἀτελεύτητα
2473 3864 2561 3918 καὶ
2593 3861 2829 3923 αἰωνίως
2859 3861 2985 3921 τοὺς
3019 3856 3405 3934 ἁμαρτωλούς.

2183 4135 2372 4210 Ἐρώτ.
2408 4133 2512 4208 ρβ’.
2560 4131 2620 4184 Τί
2680 4128 2847 4202 λέγει·
2885 4152 2912 4178 ‹‹

2109 4228 2244 4279 Θεοῦ
2273 4222 2694 4298 κληρονομῆσαι
2727 4217 2788 4273 οὐ
2823 4214 3040 4272 δύναται
3069 4235 3082 4284 ;
3122 4241 3143 4268 ι

2181 4311 2372 4367 ’Δπόκ.
2405 4313 2529 4366 ’Ὁτι
2588 4314 2692 4370 πᾶς
2752 4309 2779 4362 ὁ
2836 4307 2932 4374 τὴν
2995 4305 3186 4358 ἐαυτοῦ
3216 4303 3387 4378 σάρκα
3415 4299 3625 4378 τρέφων
3688 4298 3766 4360 εἷς

2108 4400 2294 4475 κόρον,
2329 4400 2388 4453 ού
2423 4395 2641 4452 δύναται
2677 4393 2954 4472 βασιλείας
2989 4397 3123 4448 Θεοῦ
3154 4391 3595 4467 κληρονομῆσαι.

2180 4491 2372 4564 Ἐρώτ.
2407 4495 2504 4563 pf.
2537 4487 2604 4544 Τί
2637 4485 2802 4561 λέγει·
2838 4512 2864 4537 (ί
2899 4485 2965 4542 Ei’
2991 4505 3072 4546 τις
3105 4481 3166 4537 οὐ
3217 4480 3367 4559 φιλεῖ
3412 4481 3506 4534 τὸν
3567 4481 3764 4552 Κύριον

2962 4125 3100 4202 Σὰρξ
3149 4123 3239 4179 καὶ
3289 4123 3426 4196 αἷμα
3488 4118 3766 4198 βασιλείαν

348 4567 540 4638 diligit
593 4567 907 4622 Dominum
968 4575 1235 4624 nostrum
1281 4571 1486 4626 Jesum
1545 4574 1864 4644 Christum,
1921 4579 2000 4633 sit

2125 4583 2273 4652 ἡμῶν
2330 4579 2537 4647 Ἰησοῦν
2588 4576 2841 4651 Χριστὸν,
2873 4571 2991 4643 ἤτω
3041 4571 3302 4644 ἀνάθεμα,
3335 4571 3520 4645 Μαρὰν
3566 4567 3699 4637 ἀθά;
3739 4591 3768 4618 ››

353 4655 687 4721 anathema,
721 4655 944 4723 Maran,
977 4657 1116 4711 atha
1135 4658 1179 4692 ⁶⁹
1199 4657 1226 4711 ‘I
1253 4679 1282 4708 »

426 4744 592 4799 Rssr.
625 4743 743 4799 Hoc
773 4748 897 4798 est:
929 4745 1012 4799 Ab
1043 4746 1298 4802 Ecclesia
1347 4753 1404 4803 et
1435 4765 1469 4803 θ,
1503 4750 1774 4807 fidelibus
1803 4769 1996 4825 segre-

352 4837 483 4904 gate
513 4848 670 4896 eum,
704 4833 896 4903 sitque
928 4841 1232 4904 separatus
1282 4854 1313 4891 a
1356 4837 1569 4908 populo
1601 4838 1717 4907 ille,
1751 4843 1848 4911 qui
1885 4860 1996 4900 non

349 4923 553 4978 credit.
592 4923 876 4978 Dominus
906 4926 1063 4980 enim
1095 4927 1272 4993 venit,
1307 4928 1452 4983 illud
1487 4946 1736 5001 namque
1767 4933 1996 5003 signiﬁ-

346 5020 514 5070 catur
548 5032 649 5087 per
680 5015 878 5069 Maran
912 5015 1074 5070 atha.

412 5104 636 5168 0011351.
670 5103 808 5158 CIV.
843 5105 990 5168 Quid
1042 5105 1188 5160 illud
1242 5113 1368 5163 est:
1407 5132 1432 5158 ‹‹
1468 5110 1525 5164 Si
1579 5127 1696 5182 qua
1745 5130 1894 5169 nova
1934 5116 1992 5171 in

336 5195 566 5250 Christo
598 5200 865 5250 creatura
897 5202 1210 5251 renovatur
1231 5199 1275 5232 ⁷ο
1301 5201 1323 5253 Ρ
1357 5221 1383 5246 ››

403 5288 578 5339 Resp.
619 5283 738 5338 Hoc
768 5288 858 5338 est
883 5301 895 5338 :
920 5284 974 5337 Si
1011 5285 1148 5354 quis
1199 5286 1255 5340 in
1303 5287 1597 5343 Christum
1631 5291 1900 5356 credidit,
1931 5295 1988 5349 in

331 5372 507 5428 aliam
540 5371 718 5426 vitam
773 5371 1045 5427 transivit
1073 5390 1085 5428 :
1121 5391 1254 5429 nam
1312 5392 1342 5429 e
1372 5377 1647 5447 supernis
1696 5385 1786 5433 est
1818 5386 1989 5438 natus

329 5477 434 5533 per
466 5461 746 5531 spiritum
778 5464 836 5514 et
886 5460 1026 5515 vivit
1057 5478 1169 5516 non
1202 5479 1331 5519 eam
1377 5481 1503 5536 qu
1533 5466 1590 5520 in
1625 5468 1876 5537 peccatis
1902 5471 1985 5524 vi-

331 5551 477 5615 tam,
509 5548 609 5602 sed
642 5563 769 5619 quas
800 5551 891 5603 est
921 5547 980 5604 in
1008 5549 1240 5621 spiritu.

2182 4758 2371 4812 Ἀπὸκ.
2432 4755 2721 4809 Τουτέστι·
2774 4751 3056 4828 Χωρίσατε
3111 4748 3269 4804 αὐτὸν
3328 4748 3433 4803 ἀπὸ
3490 4754 3589 4817 τῆς
3637 4748 3762 4803 Ἐκ·

2108 4845 2341 4918 κλησίας
2370 4844 2459 4900 καὶ
2489 4848 2595 4898 τῶν
2629 4845 2858 4913 πιστῶν,
2889 4841 2978 4896 καὶ
3029 4836 3166 4895 ἔστω
3214 4837 3624 4914 κεχωρισμένος
3655 4834 3761 4890 ἀπὸ

2103 4942 2200 4993 τοῦ
2233 4923 2368 4992 λαοῦ
2401 4936 2428 4989 ὁ
2463 4935 2538 5005 μή
2572 4931 2854 4987 πιστεύων.
2889 4932 2950 4988 Ὀ
2995 4931 3099 5005 γὰρ
3155 4927 3352 5004 Κύριος
3401 4926 3558 4993 ἦλθε·
3591 4929 3758 4980 τοῦτο

2103 5029 2204 5102 γὰρ
2238 5022 2526 5101 έρμηνεύει
2556 5022 2619 5076 τὸ
2650 5021 2834 5096 Μαρὰν
2873 5020 2993 5076 ἀθά.

2173 5117 2367 5191 Ἐρώτ.
2403 5111 2498 5189 ρδ’.
2539 5135 2562 5164 (ι
2596 5107 2668 5165 Ei’
2711 5130 2793 5171 τις
2847 5108 2898 5164 ἐν
2951 5111 3166 5184 Χριστῷ
3214 5106 3375 5173 καινή
3407 5103 3601 5174 κτίσις,
3635 5103 3757 5156 ἀνα.

2101 5207 2391 5273 καινίζεται
2419 5223 2432 5270 ;
2469 5227 2495 5252 »

2174 5294 2367 5350 Ἀπόκ.
2400 5291 2702 5347 Τουτέστιν·
2742 5287 2812 5345 Εἴ
2863 5308 2946 5350 τις
3007 5287 3084 5349 είς
3134 5283 3366 5360 Χριστὸν
3426 5283 3753 5350 ἐπίστευσεν,

2099 5385 2174 5446 εἷς
2234 5382 2413 5456 ἑτέραν
2481 5380 2616 5450 ἦλθε
2674 5376 2980 5453 διαγωγήν.
3041 5378 3278 5433 ’Ἀνωθεν
3336 5374 3436 5450 γὰρ
3494 5371 3750 5448 ἐγεννήθη

2098 5469 2186 5526 διὰ
2214 5475 2312 5525 τοῦ
2345 5468 2679 5540 Πνεύματος,
2713 5465 2800 5520 καὶ
2837 5470 2901 5539 ζῇ
2936 5465 2997 5520 ού
3031 5467 3128 5533 τὴν
3163 5464 3214 5520 ἐν
3267 5462 3574 5539 ἁμαρτίαις,
3606 5457 3749 5515 ἀλλὰ

2093 5562 2191 5628 τὴν
2224 5559 2275 5616 ἐν
2304 5557 2568 5628 πνεύματι
2614 5556 2782 5625 ζωήν.

403 5717 447 5751 ⁸⁷
479 5715 628 5772 Psal.
661 5733 737 5788 vx,
769 5717 823 5771 7.
899 5719 942 5754 ⁸⁸
992 5723 1015 5774 Ι
1071 5722 1192 5778 Cor.
1231 5739 1319 5791 xv,
1365 5723 1454 5780 50.
1531 5727 1576 5762 ⁸ο
1613 5730 1638 5780 Ι
1677 5726 1804 5784 Cor.
1839 5745 1952 5804 xvi,
1993 5735 2004 5786 ε

2162 5733 2206 5768 ⁷ο
2246 5731 2294 5789 Il
2326 5729 2451 5787 Cor.
2486 5745 2542 5797 v,
2577 5727 2666 5782 17.
