4148 6372
347 433 462 493 76!

423 560 615 635 Ἐρώτ.
655 559 744 634 ρι’.
787 577 808 606 α
841 556 969 630 Τρὶς
1003 553 1327 628 ἐναυάγησα.
1360 574 1386 606 ι)

420 648 929 706 ’Δπόκ.Μυστικῶς
989 638 1360 715 αἰνιττόμενος
1421 640 1584 714 λέγει.
1647 637 1841 714 Τρίτον
1901 635 2003 710 γὰρ

351 737 676 814 ἐναυάγησεν
709 734 1149 808 ἡάνθρωπότης·
1186 736 1401 806 πρῶτον
1461 727 1548 783 διὰ
1604 735 1700 797 τῆς
1761 719 2003 800 παραϐά-

350 849 486 888 σεως
519 848 531 860 -
583 824 832 900 δεύτερον
882 822 932 877 ἐν
982 828 1062 894 τῷ
1104 819 1472 892 κατακλυσμῴ
1503 823 1598 873 τοῦ
1629 821 1766 871 Νῶε·
1801 815 2005 891 τρίτον,

355 917 488 991 μετὰ
517 917 578 970 τὸ
633 913 878 984 δέξασθαι
926 913 1017 966 τὸν
1071 911 1260 984 νόμον,
1297 910 1371 971 εἰς
1420 905 1871 980 εἷδωλολατρείαν
1924 902 2003 972 ἐξ·

352 1008 533 1062 ἐπεσεν
569 1005 596 1058 ὁ
630 1004 786 1074 λαὸς,
816 999 922 1062 ἕως
975 1000 1148 1055 ἐλθὼν
1206 1001 1234 1054 6
1279 1003 1386 1052 τῶν
1434 1001 1626 1072 ψυχῶν
1671 989 2008 1065 κυϐερνήτης

352 1095 604 1172 Χριστὸς,
637 1092 726 1147 καὶ
760 1094 961 1161 στήσας
1009 1091 1070 1144 τὸ
1116 1089 1282 1143 ἴστίον
1332 1092 1428 1143 τοῦ
1483 1090 1736 1160 σταυροῦ,
1769 1081 2007 1159 ἀχείμα-

351 1206 473 1240 στον
508 1187 672 1256 ἡμῶν
698 1182 790 1236 τὸν
822 1179 997 1235 πλοῦν
1029 1178 1103 1241 εἲς
1132 1178 1356 1254 οὐρανὸν
1392 1173 1773 1249 ᾠκοδόμησεν,

426 1361 617 1436 Ἐρώτ.
654 1367 751 1436 pq’.
789 1383 817 1410 «
852 1359 1220 1434 Νυχθήμερον
1256 1356 1308 1410 ἰν
1339 1359 1418 1426 τῷ
1456 1354 1606 1430 βυθῷ
1638 1350 1912 1422 πεποίηκα
1938 1369 1951 1420 ;
1982 1373 2008 1400 ››

437 1538 628 1595 Ἀπόκ.
672 1538 1031 1612 Νυχθήμερον
1086 1539 1155 1608 (5)
1207 1532 1356 1608 λέγει
1406 1533 1503 1600 τήν
1554 1532 1659 1606 πρὸ
1717 1537 1818 1599 τῆς
1877 1533 2012 1602 Χρι-

365 1632 494 1682 στοῦ
567 1626 862 1704 παρουσίας
936 1625 987 1679 έν
1066 1627 1316 1697 σκοτεινῇ
1399 1620 1578 1695 πλάνῃ
1673 1613 1956 1695 διατριϐήν
1996 1637 2008 1649 ⁸

363 1715 571 1792 ἡμέραν
602 1714 658 1770 δὲ
690 1714 836 1790 λέγει
867 1717 964 1784 τὴν
1011 1714 1144 1788 μετά
1193 1717 1288 1767 τοῦ
1336 1715 1570 1788 Χριστοῦ
1616 1707 1912 1786 παρουσίαν
1959 1707 2010 1762 ἐν

358 1809 438 1876 τῷ
467 1808 710 1882 φωτεινῷ
745 1804 1075 1880 βαπτίσματι
1110 1799 1405 1876 διαγωγήν.

434 1891 640 1968 Ἑτέρα.
699 1893 853 1955 Τινὲς
915 1889 970 1947 δέ
1027 1913 1206 1969 φασιν,
1267 1888 1349 1943 ὅτι
1421 1889 1470 1942 ἐν
1536 1889 1682 1960 μέσῳ
1738 1885 2012 1960 πελάγους
2047 1919 2092 1983 Β

363 1981 569 2040 πλέων·
605 1984 658 2036 οἱ
690 1979 766 2051 δὲ,
801 1981 883 2036 ὅτι
915 1980 1228 2056 νηχόμενος
1262 1979 1349 2034 καὶ
1379 1972 1695 2050 κολυμϐῶν,
1731 1971 1854 2039 ἔνθα
1894 1973 2016 2028 οὕτε

361 2080 465 2148 γῆν
499 2069 622 2127 οὔτε
651 2067 777 2146 ὅρος
808 2075 874 2141 ἦν
910 2068 1060 2128 ἰδεῖν.

435 2251 692 2324 Κείμενον
723 2254 817 2326 ρξ’.
854 2246 1107 2319 «Ἐδόθη
1146 2269 1236 2322 μοι
1289 2245 1530 2320 σκώλωψ
1585 2247 1656 2317 τῇ
1704 2243 1882 2318 σαρκὶ,
1917 2239 2013 2319 ἅγ-

356 2341 522 2415 γελος
555 2341 752 2408 Σατάν,
779 2337 870 2393 *ίνα
904 2359 970 2412 με
999 2337 1285 2414 κολαφίζῃ.
1326 2359 1353 2386 ››

427 2431 656 2505 Ἑρμην.
712 2429 886 2483 Σατάν
948 2428 975 2482 ὀ
1031 2427 1400 2499 ἀντικείμενος
1462 2423 1692 2499 λέγεται,
1745 2421 2006 2498 Ἄγγελον

352 2518 529 2573 τοίνυν
594 2518 767 2572 Σατὰν
857 2516 1006 2591 λέγει
1068 2512 1422 2588 Ἀλέξανδρον
1477 2515 1566 2568 τὸν
1629 2511 1859 2588 χαλκέα,
1917 2512 2006 2566 καὶ

349 2608 634 2681 Ὑμέναιον
685 2606 777 2661 καὶ
827 2604 1094 2676 Φιλητὸν,
1131 2603 1324 2666 οἵτινες
1371 2603 1648 2676 ἐπείραζον
1697 2601 1875 2673 αὐτὸν,
1919 2603 2006 2656 καὶ

351 2695 656 2751 ἀντέκειντυ
691 2693 967 2770 λέγοντες,
1001 2692 1083 2747 ὅτι
1141 2692 1421 2753 ἀνάστασις
1472 2691 1701 2766 ἐγένετο·
1737 2691 1826 2745 καὶ
1874 2710 2004 2760 κρα-

349 2791 568 2847 τοῦντες
619 2785 802 2852 αὐτὸν,
854 2778 1051 2838 ἔϐαλον
1111 2781 1186 2844 εἶς
1247 2779 1620 2857 δεσμωτήρια,
1671 2780 1760 2835 καὶ
1821 2779 2006 2835 πολλά

350 2875 491 2929 κακά
521 2874 670 2945 αὐτῷ
704 2869 1050 2945 ἐνεδείξαντο.

427 2963 687 3036 Κείμενον
717 2970 817 3038 ρη¹.
855 2987 881 3013 ι(
916 2963 1104 3036 Ἀρκεῖ
1135 2981 1216 3014 σοι
1251 2962 1284 3029 ἡ
1319 2959 1481 3035 χάρις
1519 2981 1644 3031 μου.
1683 2982 1702 3011 ι

425 3053 439 3072 θ
548 3051 560 3072 r
741 3055 767 3064 η-
809 3051 820 3068 ν
853 3046 877 3069 )I
1075 3049 1089 3069 ν
1241 3052 1261 3062 υ
1588 3046 1598 3062 I
1945 3045 1952 3062 ν

443 3058 618 3108 Δποκ.
660 3053 803 3106 Τουτ
852 3069 1013 3104 εστιν·
1094 3054 1261 3123 Αρκει
1315 3068 1397 3101 σοι
1447 3048 1481 3115 ἡ
1531 3066 1690 3122 χαρις
1752 3068 1876 3120 μου,
1922 3048 2003 3101 ὁτι

349 3141 573 3216 νεκροὺς
633 3139 878 3216 έγείρεις,
911 3138 999 3194 καὶ
1056 3136 1295 3215 τυφλοὺς
1338 3135 1668 3211 θεραπεύεις,
1717 3136 1806 3190 καὶ
1863 3134 2006 3192 ἅλλα

346 3231 459 3285 τῶν
490 3228 735 3303 σημείων
770 3234 967 3290 ποιεῖς.
1001 3225 1388 3299 Ἐλαυνόμενοι
1430 3224 1486 3280 δὲ
1533 3226 1621 3280 καὶ
1675 3223 2000 3300 διωκόμενοι

347 3341 374 3373 ν
388 3325 534 3375 ίκᾶτε
563 3319 692 3382 τοὺς
727 3316 1047 3380 διώκοντας.

421 3410 618 3485 Ἐρώτ.
653 3409 749 3484 ρθ’.
782 3406 848 3465 Τί
880 3405 1064 3483 λέγει’
1106 3428 1132 3460 α
1176 3405 1335 3478 Ἐμοὶ
1385 3403 1592 3479 κόσμος
1649 3405 2003 3482 ἐσταύρωται,

345 3499 502 3573 κάγὼ
533 3503 610 3570 τῷ
638 3499 834 3571 κόσμῳ
861 3517 873 3566 ;
909 3520 938 3548 ››

417 3587 614 3643 Ἀπόκ.
649 3587 727 3644 Τὸ
787 3583 1016 3656 ἐξελθεῖν
1079 3584 1184 3639 ἀπὸ
1241 3589 1339 3640 τοῦ
1392 3584 1513 3660 βίου
1561 3585 1649 3638 καὶ
1699 3581 2000 3662 φροντίδων

347 3676 535 3746 αὐτοῦ,
593 3675 680 3730 καὶ
751 3675 938 3749 νεκρὸν
990 3674 1229 3750 γενέσθαι
1289 3679 1405 3735 τοῖς
1464 3674 1677 3746 πάθεσι,
1740 3673 1827 3728 καὶ
1883 3681 2000 3737 ταῖς

347 3765 662 3838 ἐπιθυμίαις
711 3763 800 3820 καί
847 3764 1148 3835 νηστεύειν,
1197 3763 1285 3818 καὶ
1331 3763 1642 3840 ἀγρυπνεῖν,
1693 3763 1781 3818 καὶ
1839 3785 2003 3820 κακο-

347 3858 537 3910 παθεῖν
572 3855 623 3910 έν
654 3858 722 3918 τῆ
754 3855 996 3926 ἀσκήσει,
1028 3853 1104 3916 ὡς
1133 3853 1222 3907 καὶ
1266 3851 1520 3927 ἀλλαχοῦ
1569 3850 1741 3926 λέγει·
1785 3877 1812 3903 ‹‹
1847 3855 1913 3910 Οἱ
1946 3851 2003 3908 δὲ

344 3949 444 4000 τοῦ
474 3946 710 4020 Χριστοῦ
737 3945 838 4013 τήν
871 3944 1040 4020 σάρκα
1098 3942 1435 4019 ἐσταύρωσαν
1498 3941 1589 3996 σὺν
1646 3947 1765 4004 τοῖς
1820 3944 1999 4014 παθή-

352 4055 482 4108 μασι
515 4033 604 4089 καὶ
635 4038 756 4094 ταῖς
787 4031 1124 4106 ἐπιθυμίαις,
1164 4058 1184 4083 ι

423 4124 614 4200 Ἐρώτ.
651 4129 736 4197 ρι’.
768 4121 829 4176 Τί
863 4121 1031 4198 λέγει·
1066 4146 1094 4173 ‹‹
1125 4122 1195 4176 Τὸ
1239 4121 1563 4196 μεσότοιχον
1607 4124 1704 4174 τοῦ
1748 4125 1999 4198 φραγμοῦ

347 4211 514 4274 λύσας
539 4231 552 4280 ;
588 4236 616 4264 ›)

422 4301 606 4358 Ἀπόκ.
662 4302 968 4370 Τουτέστιν,
1014 4301 1049 4369 ἡ
1100 4298 1292 4375 ἔχθρα,
1336 4300 1397 4368 ἣν
1449 4296 1674 4374 εἶχομεν
1720 4298 1855 4374 πρὸς
1905 4301 1994 4354 τὸν

344 4392 472 4446 Θεὸν
508 4392 558 4446 οἱ
591 4391 869 4460 ἄνθρωποι
902 4387 991 4444 διὰ
1020 4390 1112 4450 τὰς
1143 4392 1302 4462 ἡμῶν
1365 4388 1651 4463 ἁμαρτίας.
1689 4388 1996 4463 Σαρκωθείς

343 4478 434 4536 οῦν
489 4481 516 4535 6
568 4479 768 4555 Κύριος
816 4479 904 4534 καὶ
958 4478 1112 4546 Θεός,
1144 4478 1233 4534 καὶ
1285 4477 1457 4542 θανὼν
1500 4475 1657 4533 ἔλυσε
1686 4479 1784 4547 τὴν
1821 4479 1993 4556 ἁμαρ-

339 4569 482 4642 τίαν,
523 4570 622 4637 τὴν
683 4567 1026 4644 χωρίζουσαν
1076 4569 1225 4640 ἡμᾶς
1274 4566 1379 4621 ἀπὸ
1426 4571 1522 4622 τοῦ
1570 4571 1724 4636 Θεοῦ,
1778 4567 1990 4642 εἰρηνο-

1357 417 1875 493 ΟυιΕΒΤΙΟΝΕΞ
1920 416 1998 476 ΙΝ
2044 407 2475 474 EPlS'l‘OLAS
2517 405 2772 468 PAULI.

2037 549 2088 612 Α
2190 544 2416 608 ΟυΕετ.
2453 539 2557 594 CV.
2594 561 2620 586 ‹‹
2654 537 2766 592 Ter
2796 531 3165 605 naufragium
3203 529 3309 586 feci
3329 531 3391 584 ⁷¹.
3426 551 3453 579 ››

3655 393 3775 456 762

2189 631 2357 685 RESP.
2391 627 2629 699 Mystice
2661 627 2911 682 inﬂuens
2961 623 3068 676 hoc
3119 619 3280 684 dicit,
3315 620 3468 690 quod
3510 621 3598 673 ter
3626 633 3773 671 nau-

2119 719 2367 791 fragium
2422 733 2593 787 passa
2641 717 2715 770 sit
2765 713 3026 766 humana
3075 716 3302 764 natura.
3358 708 3638 773 Primum,
3675 723 3776 778 per

2117 807 2670 879 transgressionem.
2721 802 3006 867 Secundo,
3040 800 3098 853 in
3149 797 3366 852 diluvio
3409 796 3775 867 temporibus

2122 898 2258 955 Noe.
2297 897 2514 959 Tertio,
2549 898 2677 965 post
2709 897 3002 962 acceptam
3034 889 3242 959 legem,
3278 903 3407 940 cum
3441 885 3498 939 in
3533 883 3771 940 idolola-

2118 987 2290 1042 triam
2325 985 2628 1040 incidisset
2649 981 2922 1054 populus,
2952 993 3138 1049 usque
3162 977 3301 1030 dum
3325 975 3486 1030 venit
3506 974 3772 1028 Christus

2120 1078 2472 1150 gubernator
2519 1073 2873 1136 animarum,
2924 1069 3020 1140 qui
3075 1067 3229 1123 216
3277 1064 3455 1120 erexit
3501 1061 3773 1118 vexillum

2120 1167 2334 1238 crucis,
2357 1171 2414 1222 et
2441 1161 2820 1235 tranquillam
2855 1159 3024 1214 nobis
3048 1155 3476 1226 navigationem
3500 1154 3572 1208 ad
3598 1151 3773 1208 caelos

2121 1257 2360 1330 paravit.

2190 1348 2416 1409 QUEST.
2451 1343 2585 1400 CVI.
2620 1341 2766 1405 Quid
2799 1344 2888 1396 est
2922 1355 2933 1393 :
2977 1361 2995 1386 α
3029 1339 3268 1391 Noctem
3321 1336 3497 1402 atque
3527 1331 3681 1386 diem
3713 1329 3775 1385 in

2123 1436 2410 1507 profundo
2441 1433 2530 1506 egi
2554 1433 2646 1486 7'?
2680 1453 2706 1480 ››

2194 1525 2367 1578 Βεερ.
2400 1523 2638 1577 Noctem
2674 1519 2816 1573 dicit
2864 1515 3366 1574 conversationem
3413 1512 3473 1566 in
3506 1510 3776 1566 tenebro-

2123 1616 2206 1671 sis
2255 1613 2586 1681 erroribus;
2648 1612 2800 1666 diem
2847 1624 3000 1673 vero,
3051 1606 3228 1661 vitam
3280 1607 3415 1676 post
3463 1601 3776 1657 adventum

2124 1703 2334 1759 Christi
2368 1707 2722 1758 transactam
2756 1699 2816 1754 in
2849 1699 3110 1754 claritate
3141 1691 3443 1766 baptismi.

2195 1884 2353 1937 ALIA.
2415 1881 2628 1936 Dicunt
2685 1883 2879 1934 autem
2939 1877 3201 1947 quidam,
3256 1871 3408 1944 quod
3468 1870 3527 1923 in
3585 1867 3778 1923 medio

2128 1971 2316 2045 pelagi
2364 1969 2768 2045 navigaverit:
2802 1967 2920 2035 alii,
2964 1965 3116 2036 quod
3163 1960 3446 2016 nataverit
3491 1962 3549 2013 et
3578 1956 3776 2012 urina-

2125 2063 2289 2129 verit,
2356 2061 2451 2115 ubi
2511 2075 2698 2130 neque
2754 2063 2990 2122 terram,
3052 2067 3239 2122 neque
3300 2051 3528 2103 montes
3584 2046 3777 2101 videre

2123 2157 2266 2207 erat.

2195 2241 2532 2296 Pnorosmo
2563 2238 2724 2294 CVII.
2757 2259 2781 2286 (ι
2818 2239 2995 2290 Datus
3027 2235 3116 2288 est
3163 2228 3307 2284 mihi
3339 2225 3617 2282 stimulus
3649 2240 3775 2280 car-

2123 2333 2235 2400 nis,
2270 2330 2513 2404 angelus
2541 2331 2790 2393 Satanaa,
2825 2327 2922 2397 qui
2955 2340 3047 2378 me
3078 2319 3405 2392 colaphizet
3427 2317 3491 2371 ⁷³.
3528 2337 3555 2364 ››

2192 2427 2663 2477 INTERPRETATIO.
2701 2418 2875 2472 Satan
2919 2410 3285 2469 adversarius
3315 2405 3550 2463 dicitur.
3583 2406 3772 2476 Ange-

2119 2511 2242 2566 lum
2277 2511 2454 2582 igitur
2497 2510 2723 2564 Satanae
2778 2504 2918 2559 dicit
2953 2500 3334 2557 Alexandrum
3383 2494 3650 2549 aerarium
3687 2493 3772 2548 fa-

2119 2602 2313 2668 brum,
2335 2600 2713 2672 Hymenieum
2741 2600 2795 2650 et
2821 2592 3105 2649 Philetum
3126 2589 3225 2660 qui
3244 2586 3528 2640 vexabant
3551 2585 3768 2653 ipsum,

2117 2695 2172 2746 et
2205 2689 2578 2752 resistebant,
2603 2686 2864 2740 dicentes
2889 2678 3371 2737 resurrectionem
3393 2675 3518 2745 jam
3544 2672 3767 2726 fuisse:

2118 2780 2218 2852 qui
2248 2778 2422 2834 etiam
2471 2775 2902 2848 apprehensum
2952 2786 3108 2837 eum,
3141 2768 3198 2821 in
3251 2778 3541 2820 carcerem
3576 2760 3766 2832 proje-

2084 2933 2086 2935 ς
2115 2886 2264 2935 cere,
2299 2873 2356 2923 et
2385 2866 2588 2922 multis
2623 2865 2862 2918 etfacere
2894 2859 3086 2915 malis.

2191 2959 2359 3013 PROP.
2394 2956 2583 3012 CVIII.
2620 2977 2646 3003 ‹‹
2678 2951 2906 3007 Sufﬁcit
2936 2949 3041 3003 tibi
3071 2945 3256 3018 gratia
3293 2959 3420 2998 mea
3439 2942 3500 2994 7‘.
3539 2962 3566 2989 »

2188 3049 2358 3103 RESP.
2395 3045 2510 3100 Hoc
2541 3046 2629 3100 est
2659 3061 2670 3098 :
2703 3039 2931 3095 Sufﬁcit
2959 3036 3059 3092 tibi
3085 3034 3270 3108 gratia
3295 3047 3442 3094 mea,
3475 3045 3594 3100 qua
3616 3043 3767 3082 mor-

2115 3142 2248 3192 tuos
2281 3136 2515 3204 excites,
2549 3133 2711 3188 czecis
2762 3129 2953 3183 visum
2985 3128 3112 3188 das,
3145 3128 3201 3178 et
3231 3121 3343 3176 alia
3395 3120 3565 3190 signa
3596 3115 3758 3170 lacis.

2116 3227 2291 3282 Porro
2323 3225 2476 3297 pulsi
2507 3229 2564 3279 et
2593 3219 2866 3293 exagitati
2901 3217 3318 3289 persequentes
3348 3209 3578 3263 vincite.

2185 3407 2410 3470 Quzss'r.
2445 3402 2579 3458 CIX.
2613 3400 2760 3465 Quid
2793 3401 2883 3453 est
2912 3394 3066 3468 quod
3098 3389 3288 3461 inquit
3321 3407 3333 3443 :
3373 3410 3395 3439 (ι
3433 3385 3573 3442 Mihi
3601 3400 3766 3438 mun-

2113 3496 2226 3550 dus
2258 3493 2570 3549 cruciﬁxus
2603 3493 2711 3557 est,
2742 3492 2800 3542 et
2829 3503 2932 3559 ego
2966 3479 3298 3538 mundo"?
3329 3499 3356 3528 »

2185 3588 2353 3639 Rssr.
2390 3581 2673 3637 Mundum
2708 3583 2763 3632 et
2791 3591 2962 3630 curas
2994 3573 3120 3643 ejus
3171 3569 3519 3638 relinquere,
3551 3579 3764 3619 concu-

2113 3671 2414 3745 piscentiis
2445 3675 2501 3726 et
2532 3668 2836 3724 affectibus
2866 3664 3033 3727 mori,
3057 3661 3343 3731 jejunare,
3375 3653 3636 3726 vigilare,
3663 3668 3763 3708 as-

2112 3763 2227 3818 cesi
2263 3759 2565 3829 macerari,
2598 3758 2751 3812 sicut
2781 3753 2918 3810 alibi
2952 3750 3094 3806 dicit
3124 3766 3136 3803 :
3172 3772 3196 3797 ‹‹
3231 3747 3337 3812 Qui
3380 3759 3514 3799 vero
3545 3741 3762 3798 Christi

2111 3857 2272 3918 sunt,
2306 3866 2542 3906 carnem
2575 3845 2990 3902 cruciﬁxerunt
3036 3855 3170 3894 cum
3201 3834 3506 3893 affectibus
3539 3834 3595 3887 et
3624 3846 3761 3886 con-

2111 3940 2486 4013 cupiscentiis
2508 3939 2570 3991 ⁷6.
2605 3960 2632 3988 ››

2181 4129 2406 4189 ρυλεετ.
2441 4119 2550 4176 CX.
2583 4115 2732 4183 Quid
2775 4117 2865 4170 est
2913 4111 3063 4184 quod
3095 4109 3238 4165 dicit
3269 4125 3281 4164 :
3318 4127 3340 4155 ι
3373 4103 3626 4160 Medium
3661 4118 3760 4174 pa-

2108 4211 2313 4267 rietem
2347 4208 2609 4264 maceriae
2639 4204 2872 4261 solvens
2892 4204 2934 4236 ⁷⁷
2954 4202 2982 4256 ‘I
3006 4225 3026 4253 ι

2179 4302 2331 4356 Rssr
2387 4303 2504 4353 Hoc
2534 4300 2625 4352 est
2654 4291 2963 4349 inimicitia
3006 4305 3182 4362 quam
3215 4304 3322 4342 nos
3353 4283 3624 4339 homines
3654 4281 3758 4336 ha-

2108 4391 2393 4446 bebamus
2442 4387 2719 4442 adversus
2754 4388 2930 4437 Deum
2984 4383 3218 4451 pr0pter
3249 4379 3485 4448 peccata
3535 4375 3755 4426 nostra.

2105 4483 2288 4536 Carne
2323 4479 2500 4550 igitur
2531 4478 2859 4545 assumpta,
2888 4468 3165 4525 Dominus
3187 4466 3361 4531 Deus,
3386 4468 3442 4518 et
3463 4465 3757 4529 mortuus,

2105 4569 2276 4626 solvit
2311 4576 2608 4640 peccatum
2641 4562 2793 4635 quod
2831 4577 2936 4615 nos
2966 4577 2998 4613 a
3028 4558 3142 4613 Deo
3170 4553 3548 4626 sejungebat;
3580 4553 3759 4621 atque

339 4657 538 4729 ποίησε
566 4657 632 4712 τὰ
662 4657 850 4724 πάντα,
883 4657 972 4711 καὶ
1022 4655 1172 4714 υἱοὺς
1223 4661 1357 4712 Θεοῦ
1405 4657 1554 4728 ἡμᾶς
1608 4639 1992 4733 ἀπειργάσατο,

2139 4660 2189 4714 ic
2224 4659 2280 4713 in
2314 4639 2516 4730 pacem
2550 4653 2772 4725 redegit
2802 4649 3018 4715 omnia,
3044 4652 3099 4701 et
3130 4663 3236 4701 nos
3270 4643 3401 4698 fecit
3432 4641 3584 4696 ﬁlios
3619 4639 3753 4694 Dei:

341 4746 634 4824 διαρρήξας
671 4748 734 4800 τὸ
783 4747 898 4801 καθ’
946 4746 1106 4818 ἡμῶν
1161 4743 1522 4822 χειρόγραφον
1579 4744 1666 4800 ἐπὶ
1713 4750 1808 4800 τοῦ
1842 4767 1996 4800 σταυ-

341 4841 463 4913 ροῦ.
495 4837 562 4893 Τί
596 4833 654 4891 δὲ
683 4838 749 4906 ἧν
792 4836 854 4890 τὸ
902 4834 1292 4912 χειρόγραφον,
1323 4831 1572 4889 ἄκουσον·
1609 4835 1739 4892 ’Ὀτε
1781 4830 1992 4910 παρέϐη

335 4927 438 4994 τὴν
470 4924 697 4994 ἐντολήν
731 4925 758 4978 ὁ
790 4921 989 4997 Ἀδὰμ,
1021 4923 1110 4978 καὶ
1168 4917 1357 4979 ἔλαϐεν
1404 4922 1510 4976 ἀπὸ
1549 4925 1645 4976 τοῦ
1695 4921 1858 4992 ξύλου
1907 4920 1996 4978 διὰ

332 5022 437 5086 τῆς
481 5015 670 5090 χειρὸς
714 5014 900 5084 αὐτοῦ,
933 5013 1022 5067 καὶ
1073 5008 1290 5090 ἔφαγεν,
1322 5012 1527 5090 ἐγράφη
1583 5012 1728 5087 χειρῖ
1763 5010 1926 5066 αὐτοῦ
1956 5013 1990 5082 ἡ

334 5104 594 5180 ἁμαρτία,
627 5103 716 5158 καὶ
747 5108 998 5178 κατεῖχεν
1028 5101 1158 5157 αὐτὸ
1203 5100 1267 5156 τὰ
1317 5098 1582 5179 ἔγγραφον
1635 5101 1662 5154 6
1709 5095 1989 5163 διάϐολος.

329 5197 466 5251 ’Ότε
497 5191 554 5247 δὲ
582 5191 746 5262 ἦλθεν
784 5193 870 5247 ἐπὶ
901 5197 998 5247 τοῦ
1029 5192 1193 5262 ξύλου
1243 5192 1271 5245 6
1319 5191 1572 5267 Χριστὸς,
1603 5190 1876 5245 τουτέστιν
1938 5189 1989 5245 έν

327 5286 410 5355 τῷ
440 5287 673 5358 σταυρῷ,
706 5281 795 5335 καὶ
828 5283 1037 5358 ἐτρώθη
1069 5286 1186 5343 τοῖς
1245 5281 1410 5350 ἥλοις
1467 5282 1564 5343 τὰς
1624 5285 1836 5356 χεῖρας,
1869 5280 1993 5335 τότε

330 5371 691 5448 προσήλωσεν
745 5370 872 5425 αὐτὸ
923 5371 975 5424 ἐν
1022 5375 1102 5442 τῷ
1153 5375 1367 5446 σταυρῷ
1416 5369 1506 5424 καὶ
1539 5370 1840 5443 ἐξήλειψεν.
1877 5369 1989 5426 Αὐ-

329 5464 428 5525 τὸς
483 5462 584 5539 γὰρ
633 5461 660 5514 ὁ
716 5455 1031 5521 διάϐολοςὸ
1075 5464 1284 5534 κρατῶν
1342 5461 1404 5515 τὸ
1463 5459 1830 5537 χειρόγραφον
1890 5465 1990 5528 τῆς

2106 4766 2242 4804 nam
2265 4728 2518 4810 discidit,
2541 4743 2692 4814 quod
2716 4741 2997 4796 adversus
3021 4753 3125 4792 nos
3143 4728 3754 4804 erat,chirographum

2105 4839 2163 4892 in
2200 4853 2392 4892 cruce.
2426 4835 2571 4897 Quid
2608 4836 2800 4887 autem
2853 4829 3026 4884 fuerit
3056 4823 3533 4896 chirographum,
3569 4819 3706 4875 audi
3740 4835 3753 4873 :

2105 4929 2247 4982 Cum
2283 4927 2578 4996 peccasset
2605 4922 2788 4976 Adam
2813 4925 2869 4974 et
2898 4917 3222 4990 accepisset
3255 4930 3432 4968 manu
3457 4927 3565 4966 sua
3595 4910 3665 4964 de
3695 4908 3757 4962 li-

2104 5033 2240 5088 gno,
2274 5014 2762 5082 comedissetque,
2800 5007 3084 5078 scriptum
3134 5009 3222 5060 est
3251 5003 3381 5073 ejus
3413 5017 3588 5056 manu
3622 5013 3751 5069 pec-

2105 5087 2320 5170 catum,
2357 5103 2508 5174 quod
2547 5116 2722 5173 penes
2774 5113 2836 5153 se
2887 5097 3175 5169 scriptum
3208 5090 3476 5147 diabolus
3523 5087 3749 5142 habuit.

2101 5199 2242 5248 Cum
2276 5197 2472 5246 autem
2504 5191 2562 5244 in
2595 5189 2844 5261 lignum,
2879 5187 2986 5241 hoc
3017 5188 3105 5239 est
3147 5183 3204 5238 in
3238 5194 3469 5236 crucem
3500 5177 3755 5232 venisset

2101 5282 2388 5350 Christus,
2417 5286 2472 5335 et
2505 5282 2632 5349 ejus
2656 5293 2866 5332 manus
2899 5273 3076 5329 clavis
3098 5271 3581 5333 vulnerarentur;
3613 5269 3752 5318 tunc

2105 5371 2163 5425 in
2197 5387 2364 5425 cruce
2398 5369 2678 5440 scriptum
2705 5365 2850 5420 illud
2875 5361 3056 5418 afﬁxit
3087 5366 3144 5416 et
3172 5359 3400 5413 delevit.
3438 5358 3564 5425 Ipse
3586 5370 3750 5408 nem-

2102 5475 2213 5525 que
2246 5457 2516 5514 diabolus
2547 5455 2648 5528 qui
2681 5450 3136 5525 chirographum
3157 5447 3301 5502 illud
3335 5443 3755 5517 transgressio-

411 5607 454 5642 7‘
489 5606 541 5662 ΙΙ
571 5605 702 5662 Cor.
733 5620 810 5672 XI,
843 5605 932 5658 25.
976 5605 1021 5639 ⁷⁷
1053 5603 1194 5660 ibid.
1237 5605 1280 5638 ⁷³
1311 5605 1359 5660 ΙΙ
1389 5606 1518 5661 Cor.
1547 5619 1650 5673 xu,
1683 5605 1738 5658 7.
1779 5603 1823 5638 ⁷⁵
1853 5602 1997 5659 ibid.

2133 5603 2168 5638 ⁷⁵
2196 5599 2382 5657 Galat.
2410 5617 2488 5670 v1,
2519 5600 2607 5654 14.
2649 5599 2692 5633 ⁷⁸
2723 5595 2907 5654 Galat.
2940 5611 2997 5662 v,
3019 5594 3108 5649 24,
3150 5592 3191 5625 ⁷⁷
3224 5590 3433 5662 Ephes.
3461 5605 3524 5655 ιι,
3557 5589 3644 5643 45.

415 5753 494 5826 (5)
526 5752 676 5825 Lege
705 5748 889 5806 νύκτα.
