4148 6364
345 367 464 430 763

1521 369 1586 430 S.
1633 363 2152 428 ATHANASIUS.
2176 397 2251 409 —
2281 365 2588 429 SPURIA.

3650 377 3778 437 764

352 502 446 558 nis
477 502 664 557 Adam
713 503 968 572 tenebat,
1001 502 1127 576 ipse
1174 502 1432 569 discidit,
1482 517 1614 556 cum
1665 501 1726 555 in
1770 515 1942 555 cruce
1973 516 2006 554 a

2142 490 2474 572 παραϐάσεως
2530 501 2628 552 τοῦ
2687 495 2886 573 Ἀδὰμ,
2929 499 3089 563 αὐτὸς
3150 498 3388 579 ἔσχισεν,
3433 502 3622 575 ἐπειδὴ
3675 502 3791 563 ὑπὸ

354 590 586 648 Christo
615 591 832 664 ligatus
865 598 974 648 est.

426 682 650 746 Οωεετ.
684 680 817 736 CXI.
853 682 999 748 Quid
1050 686 1137 736 est
1170 681 1322 752 quod
1361 679 1551 752 inquit
1585 697 1597 733 :
1634 701 1660 727 «
1697 678 1881 749 Surge
1912 675 2009 748 qui

355 769 597 839 dormis,
644 774 700 825 et
747 786 995 844 exsurge
1041 787 1074 825 a
1120 769 1388 838 mortuis,
1444 773 1500 823 et
1548 764 1908 822 illuminabit
1956 768 2011 819 te

351 858 620 915 Christus
643 860 686 894 ⁷⁸
707 859 734 913 ‘?
765 880 792 908 »

423 949 594 1004 Rssr.
643 950 1031 1004 Dormientem
1085 953 1250 1004 vocat
1299 963 1458 1015 eum,
1514 945 1612 1019 qui
1648 946 1704 999 in
1757 943 2011 1016 peccatis

341 1039 502 1110 jac-et
533 1056 546 1092 :
584 1055 716 1092 nam
750 1039 849 1109 qui
895 1039 947 1092 in
983 1038 1234 1108 peccatis
1281 1037 1440 1104 Vivit,
1472 1041 1740 1090 mortuus
1771 1034 2006 1087 dicitur'

353 1127 422 1183 Et
453 1133 516 1183 ut
543 1132 810 1182 mortuus
856 1126 1175 1182 immobilis
1223 1131 1332 1195 est,
1364 1126 1446 1179 ita
1490 1123 1586 1195 qui
1641 1121 1890 1195 peccatis
1922 1126 2009 1176 est

353 1221 648 1284 mortuus,
681 1217 751 1271 ad
788 1217 1003 1272 bonum
1039 1232 1150 1271 non
1187 1220 1470 1270 movetur.

423 1396 764 1452 Paoposmo
795 1394 954 1451 CXII.
993 1416 1019 1444 ‹‹
1043 1393 1274 1449 Induite
1297 1397 1655 1448 armaturam
1688 1391 1787 1448 Dei
1810 1392 1873 1447 7°.
1908 1413 1935 1440 ››

419 1574 593 1631 Esse.
653 1577 874 1643 (Totam
936 1579 1297 1630 armaturam
1349 1572 1473 1644 Dei)
1533 1572 1675 1628 dicit
1723 1570 2003 1643 Spiritum

349 1668 642 1720 sanctum.
687 1664 833 1718 Nam
886 1664 983 1735 qui
1019 1663 1273 1735 Spiritus
1323 1661 1510 1717 sancti
1541 1678 1654 1716 non
1706 1665 1794 1716 est
1827 1659 2007 1731 parti-

351 1769 508 1826 ceps,
557 1753 700 1809 nihil
754 1758 944 1825 potest
999 1758 1204 1808 contra
1253 1751 1617 1808 adversarias
1667 1754 2004 1822 potestates.

2122 586 2360 660 Χριστοῦ
2391 581 2684 659 ἐδεσμεύθη
2720 587 2804 642 ἐπὶ
2835 585 2932 643 τοῦ
2965 594 3218 665 σταυροῦ.

2193 675 2390 746 Ἐρώτ.
2443 683 2564 751 ρια’.
2593 675 2653 731 Τί
2705 675 2870 754 λέγει·
2907 703 2933 730 α
2968 679 3210 756 Ἕγειραι
3271 681 3298 736 ὁ
3358 679 3656 753 καθεύδων,
3687 684 3781 740 καὶ

2122 763 2322 820 ἀνάστα
2379 763 2438 820 ἐκ
2487 771 2596 821 τῶν
2654 771 2883 843 νεκρῶν,
2940 767 3030 823 καὶ
3091 767 3372 849 ἐπιφαύσει
3433 793 3519 827 σοι
3573 774 3602 828 6
3646 779 3783 851 Χρι-

2122 852 2246 914 στός
2273 872 2286 921 ς
2324 877 2351 904 ››

2192 942 2385 999 Ἀπόκ.
2420 941 2762 1000 Καθεύδοντα
2803 944 2950 1021 λέγει
2998 947 3090 1002 τὸν
3141 945 3193 1002 έν
3250 949 3540 1026 ἁμαρτίαις
3596 950 3784 1026 κείμε-

2119 1046 2230 1088 νον.
2266 1033 2363 1086 Καὶ
2395 1032 2498 1108 γὰρ
2530 1033 2558 1087 6
2589 1033 2640 1088 ἐν
2674 1035 2962 1108 ἁμαρτίαις
2994 1040 3097 1105 ζῶν
3130 1038 3315 1110 νεκρὸς
3345 1037 3557 1115 λέγεται
3611 1040 3773 1098 εἶναι.

2121 1121 2220 1176 Καὶ
2254 1120 2434 1196 ὥσπερ
2469 1123 2496 1177 6
2541 1123 2729 1198 νεκρὸς
2772 1123 3029 1195 ἀκίνητός
3060 1124 3223 1196 ἐστιν,
3257 1126 3401 1183 οὕτω
3445 1129 3535 1184 καὶ
3587 1130 3614 1184 6
3662 1137 3785 1196 ταῖς

2121 1211 2412 1287 ἁμαρτίαις
2489 1212 2891 1290 νενεκρωμένος
2956 1213 3094 1291 πρὸς
3143 1216 3206 1271 τὸ
3264 1215 3460 1293 ἀγαθὸν
3523 1218 3784 1291 ἀκίνητος

2123 1299 2290 1374 μένει.

2193 1390 2449 1464 Κείμενον
2502 1391 2594 1468 ριβ

2119 1483 2272 1535 Θ3Οὖ.
2309 1504 2337 1532 >›

2189 1567 2381 1625 ’Δπόκ.
2413 1569 2574 1641 Λέγει
2629 1569 2692 1624 τὸ
2747 1571 2968 1644 Πνεῦμα
3023 1573 3085 1628 τὸ
3141 1574 3318 1648 ἅγιον.
3349 1575 3409 1633 ⁸0
3455 1576 3558 1651 γὰρ
3610 1575 3780 1649 ἀμέτ-

2119 1677 2256 1734 οχος
2287 1662 2383 1712 τοῦ
2414 1657 2731 1733 Πνεύματος
2761 1658 2827 1716 οὐ
2869 1657 3094 1724 δυνατός
3146 1661 3258 1718 ἐστι
3307 1664 3443 1741 πρὸς
3491 1664 3589 1727 τὰς
3631 1665 3781 1722 ἀντι·-

2116 1749 2368 1821 κειμένας
2409 1745 2688 1822 δυνάμεις.
2751 1773 2778 1799 ‹‹
2836 1749 2936 1804 Καὶ
2992 1750 3094 1828 γὰρ
3152 1751 3253 1808 οὐκ
3308 1749 3450 1808 ἔστιν
3502 1755 3537 1823 ἡ
3597 1753 3778 1829 πάλη,

2597 1393 2608 1410 Ι

2685 1417 2714 1444 ‹‹
2768 1389 3090 1459 Ἐνδύσασθε
3143 1395 3242 1464 τήν
3301 1395 3615 1453 πανοπλίαν
3683 1402 3782 1454 τοῦ

351 1865 382 1893 ‹‹
436 1843 663 1898 Etenim
721 1860 834 1898 non
886 1847 976 1898 est
1023 1843 1214 1911 nobis,
1266 1841 1475 1912 inquit,
1525 1839 1683 1895 lucta
1727 1840 2006 1894 adversus

2142 1836 2272 1910 mai,
2305 1837 2444 1913 πρὸς
2475 1839 2613 1911 αἷμα
2643 1837 2731 1893 καὶ
2765 1839 2952 1913 σάρκαο
2988 1865 3015 1892 ››
3045 1838 3238 1916 ἤγουν,
3273 1841 3334 1896 οὐ
3382 1842 3518 1917 πρὸς
3569 1842 3780 1920 ἀνθρώ-

352 1948 587 1988 carnem
618 1937 676 1987 et
725 1932 1072 2004 sanguinem
1095 1931 1158 1985 ⁸ο.
1193 1953 1218 1979 ››
1275 1931 1394 1986 Non
1427 1930 1705 1984 adversus
1738 1928 2006 1983 homines

351 2020 622 2076 videlicet
651 2020 870 2076 bellum
902 2020 1144 2091 geritur,
1201 2043 1220 2068 α
1267 2019 1366 2074 sed
1401 2019 1682 2074 adversus
1713 2016 2004 2089 principa-

348 2112 450 2166 tus
469 2110 536 2164 ⁸1.
568 2131 595 2160 ››
633 2110 996 2182 Principatus
1042 2113 1238 2164 autem
1273 2109 1570 2163 daemones
1613 2111 1777 2162 vocat
1816 2107 1915 2178 qui
1947 2105 2007 2162 in

350 2199 462 2256 hoc
489 2199 708 2255 mundo
742 2198 1132 2270 principatum
1159 2202 1378 2261 tenent,
1405 2196 1775 2252 solummodo
1807 2202 2005 2252 tamen

350 2288 411 2344 in
445 2305 620 2360 opera
651 2288 1049 2344 tenebrarum.
1107 2287 1222 2343 Hoc
1259 2303 1391 2342 vero
1423 2287 1579 2358 quod
1627 2286 1840 2357 inquit,
1886 2308 1913 2335 ‹‹
1948 2285 2005 2341 in

351 2375 750 2434 ccelestibus"2
786 2393 798 2431 :
832 2399 858 2427 ››
897 2377 952 2432 id
986 2381 1096 2445 est,
1129 2393 1242 2431 non
1285 2381 1521 2448 propter
1552 2391 1670 2430 rem
1702 2375 1870 2430 nihili
1904 2392 2008 2430 nos

352 2472 697 2540 oppugnant
744 2467 1056 2532 daemones,
1110 2467 1208 2522 sed
1264 2470 1498 2537 propter
1543 2465 1800 2520 coelestia
1831 2464 2004 2520 bona.

353 2556 502 2624 Quia
529 2555 687 2612 enim
720 2556 789 2611 ad
827 2572 1072 2628 regnum
1105 2555 1336 2610 coeleste
1368 2555 1804 2620 contendimus,
1836 2553 2005 2608 vehe-

355 2650 586 2702 menter
615 2662 720 2701 nos
771 2647 1139 2717 impugnant.
1194 2645 1324 2700 Ideo
1357 2661 1461 2698 nos
1493 2660 1725 2715 semper
1769 2641 2011 2714 vigilare

353 2734 622 2790 convenit
649 2739 707 2790 et
743 2733 955 2789 virtute
1000 2734 1304 2806 gratiaque
1335 2734 1548 2789 Christi
1580 2733 1826 2789 vincere.
1861 2733 2008 2789 Scu-

353 2827 484 2879 tum
523 2829 717 2880 autem
769 2822 922 2890 fidei,
976 2822 1146 2879 ﬁdem
1191 2827 1358 2879 vocat
1404 2823 1696 2878 sinceram
1747 2827 1804 2880 et
1834 2821 2010 2878 fervi-

355 2914 514 2969 dam.

425 3003 573 3059 277
611 3003 836 3068 QUEST.
869 3002 1056 3058 CXIII.
1090 3002 1237 3066 Quid
1271 3005 1360 3057 est
1392 3002 1542 3071 quod
1575 3001 1754 3056 dicit:
1785 3025 1812 3053 «
1847 3001 2011 3057 Post-

355 3108 530 3164 quam
563 3092 808 3148 exuistis
851 3099 1102 3147 veterem
1152 3091 1477 3157 hominem,
1511 3095 1569 3146 et
1598 3091 1876 3146 induistis
1909 3110 2011 3148 no-

353 3198 515 3248 vum,
546 3179 645 3252 qui
675 3181 1095 3237 renovatur“?
1128 3202 1156 3231 ››

427 3246 602 3326 Rssn.
632 3270 896 3325 Veterem
947 3270 1246 3325 hominem
1298 3269 1441 3323 dicit
1470 3286 1604 3324 eum
1655 3270 1755 3342 qui
1786 3269 2015 3342 primus
2043 3246 2086 3314 θ

355 3368 488 3433 post
515 3359 747 3430 lapsum
777 3360 911 3414 Adae
947 3364 1120 3414 natus
1151 3365 1261 3426 est,
1296 3357 1383 3414 vel
1416 3359 1854 3431 improbitatem
1886 3377 2014 3432 quas

353 3465 422 3505 ex
452 3448 552 3503 illo
574 3448 835 3520 procedit
853 3453 910 3503 et
934 3449 1242 3504 malitiam.
1263 3449 1487 3504 Novum
1512 3448 1810 3505 hominem
1843 3450 2014 3506 intel-

350 3535 483 3609 ligit
509 3535 1009 3593 conversationem
1043 3537 1458 3602 Christianam,
1485 3538 1640 3609 piam
1665 3537 1931 3594 videlicet
1960 3543 2016 3594 et

355 3626 571 3682 bonam
603 3625 810 3681 vitam.

427 3715 644 3779 Qomsr.
713 3715 893 3772 CXIV.
966 3715 1112 3780 Quid
1173 3719 1262 3770 est
1317 3716 1471 3787 quod
1527 3717 1721 3789 inquit
1779 3735 1793 3776 :
1853 3740 1880 3767 «
1943 3716 2017 3772 Ut

357 3820 473 3860 non
525 3804 976 3875 contristemini,
1009 3805 1160 3860 sicut
1204 3809 1262 3860 et
1310 3805 1498 3861 caeteri
1550 3806 1650 3878 qui
1702 3823 1864 3878 spem
1899 3823 2014 3862 non

359 3893 578 3950 habent
597 3893 642 3927 ⁸⁸
661 3893 688 3948 ?
723 3915 750 3943 »

430 3984 602 4039 RESP.
636 3983 743 4049 Qui
776 4000 890 4038 non
943 3983 1158 4038 habent
1203 4000 1364 4056 spem
1400 3984 1865 4054 reurrectionis,
1897 3983 2014 4040 illis

358 4073 627 4128 convenit
657 4071 871 4129 dolere.
913 4073 1060 4129 Nota
1090 4078 1283 4129 autem
1335 4075 1630 4144 quomodo
1679 4075 1750 4130 de
1783 4075 2015 4131 Christo

359 4161 593 4227 dixerit,
660 4161 813 4232 quod
884 4166 1152 4216 mortuus
1203 4162 1277 4217 sit
1342 4167 1399 4216 et
1464 4163 1865 4219 resurrexerit.
1940 4167 2014 4218 De

361 4251 659 4306 communi
691 4267 823 4305 vero
856 4250 1070 4322 popqu
1101 4251 1266 4317 dixit,
1298 4238 1318 4301 ix
1345 4253 1444 4323 qui
1470 4253 1853 4319 dormierunt,
1893 4275 1913 4301 ιι
1950 4257 2016 4308 ut

362 4339 694 4396 ostenderet
725 4340 902 4396 etiam
951 4357 1049 4396 eos
1097 4340 1198 4414 qui
1233 4339 1533 4397 dormiunt
1578 4359 1708 4398 esse
1750 4358 2014 4398 resurre-

362 4434 456 4486 otu
466 4445 582 4485 ros.

430 4520 655 4584 Qums'r.
691 4519 846 4576 CXV.
881 4519 1027 4584 Quid
1061 4524 1150 4575 est
1179 4519 1323 4575 illud
1361 4537 1373 4575 :
1409 4541 1437 4570 ‹‹
1466 4521 1590 4576 Non
1622 4519 1887 4592 rapinam
1920 4536 2016 4575 ar-

358 4607 614 4664 bitratus
645 4612 736 4663 est
763 4608 1049 4680 aequalem
1086 4625 1147 4664 se
1177 4625 1306 4665 esse
1336 4609 1451 4664 Deo
1474 4607 1564 4663 l’5‘?
1595 4630 1622 4660 ››

436 4700 603 4752 Rssr.
636 4697 798 4764 Quod
829 4697 1142 4768 Apostolus
1167 4698 1328 4761 dicit,
1353 4703 1441 4754 est
1461 4697 1753 4768 ejusmodi
1788 4716 1800 4754 :
1842 4697 2020 4754 Filius

362 4786 485 4856 Dei,
519 4785 620 4857 qui
651 4786 826 4841 etiam
862 4785 986 4858 ipse
1017 4787 1191 4855 Deus,
1217 4787 1416 4842 volens
1444 4786 1502 4841 in
1532 4793 1747 4841 terram
1781 4787 2024 4842 descen-

361 4877 520 4942 dere,
537 4880 594 4932 et
613 4875 926 4940 incarnari,
947 4893 1062 4932 non
1084 4877 1301 4932 veritus
1333 4881 1424 4932 est
1439 4893 1470 4930 a
1487 4876 1893 4948 suadignitate
1923 4875 2021 4931 de-

361 4964 1033 5036 scendere.Nequeenim
1049 4982 1116 5021 ex
1131 4965 1715 5036 rapinadivinitatem
1735 4983 1904 5021 suam
1924 4966 2024 5022 ha-

359 5053 565 5110 hebat:
583 5053 758 5110 veluti
782 5054 828 5110 si
854 5055 986 5124 quis
1007 5072 1106 5127 per
1127 5055 1393 5128 rapinam
1409 5054 1632 5125 aliquid
1657 5054 2025 5119 habel,timet

360 5160 434 5200 ne
464 5143 608 5199 illud
643 5145 863 5214 perdat.
900 5143 1062 5200 Talis
1086 5161 1198 5200 non
1221 5149 1343 5199 erat
1374 5143 1666 5212 Christus,
1692 5143 1882 5198 absit!
1921 5145 2023 5200 sed

360 5249 494 5289 cum
519 5234 812 5306 perfectus
840 5239 989 5289 Deus
1010 5238 1186 5300 esset,
1217 5235 1387 5288 homo
1413 5248 1646 5306 quoque
1670 5232 1794 5287 (ἱειὶ
1819 5234 2022 5288 votuit.

432 5325 660 5388 Quasr.
694 5323 880 5379 CXVI.
919 5344 946 5372 ‹‹
975 5327 1093 5378 Hoc
1115 5321 1270 5378 enim
1299 5322 1462 5378 vobis
1484 5321 1738 5378 dicimus
1769 5321 1828 5378 in
1852 5323 2024 5378 verbo

365 5411 596 5469 Domini
620 5412 684 5467 ³⁸.
720 5435 749 5464 ››

2117 1946 2252 1988 πους
2313 1925 2454 1980 ἐστὶν
2512 1926 2540 1980 ὸ
2593 1924 2863 2001 πόλεμος,
2896 1953 2924 1980 ‹‹
2971 1927 3118 1985 ἀλλὰ
3173 1930 3308 2007 πρὸς
3363 1931 3457 1993 τὰς
3515 1931 3711 2008 ἀρχάς.
3747 1958 3776 1987 ι)

2118 2015 2320 2090 Ἀρχὰς
2361 2012 2417 2070 δὲ
2447 2013 2594 2091 λέγει
2627 2015 2753 2079 τοὺς
2789 2014 3067 2090 δαίμονας,
3101 2015 3288 2089 ἐπειδὴ
3337 2017 3390 2074 έν
3446 2023 3526 2092 τῷ
3584 2021 3780 2096 κόσμῳ

2115 2103 2296 2176 τούτῳ
2328 2102 2610 2180 ἄρχουσιν,
2643 2103 2790 2160 ἀλλὰ
2817 2109 2923 2161 τῶν
2959 2105 3132 2181 ἔργων
3163 2112 3265 2163 τοῦ
3316 2109 3566 2171 σκότους.
3599 2110 3670 2165 Τὸ
3721 2109 3780 2167 δὲ

2118 2219 2146 2246 ‹‹
2182 2193 2234 2249 ἐν
2264 2199 2380 2255 τοῖς
2423 2193 2789 2267 ἐπουρανίοις,
2826 2219 2854 2246 ››
2885 2193 3072 2266 ἐπειδή
3134 2197 3198 2253 οὐ
3254 2193 3344 2252 διὰ
3377 2199 3570 2275 μικρὸν
3624 2197 3780 2276 ἔργον

2117 2283 2454 2357 πολεμοῦσιν
2485 2285 2632 2356 ἡμᾶς
2667 2285 2717 2339 οἱ
2746 2282 3024 2359 δαίμονες,
3055 2284 3202 2342 ἀλλὰ
3232 2285 3322 2342 διὰ
3363 2287 3592 2364 οὐράνια
3643 2289 3774 2366 ἀγα-

2119 2375 2204 2440 θά.
2259 2370 2480 2442 Ἐπειδή
2533 2373 2636 2450 γὰρ
2686 2373 3068 2450 ἀγωνιζόμεθα
3118 2373 3207 2432 διὰ
3251 2377 3350 2446 τὴν
3412 2377 3464 2433 έν
3521 2377 3774 2456 οὐρανοῖς

2122 2461 2425 2540 βασιλείαν,
2458 2467 2794 2536 πολεμοῦσιν
2823 2465 2971 2538 ἡμᾶς
3003 2462 3286 2541 χαλεπῶς.
3325 2467 3425 2522 Διά
3461 2472 3624 2524 τοῦτο
3671 2469 3770 2544 ἀρ-

2122 2553 2275 2626 μόζει
2304 2551 2534 2606 πάντοτε
2563 2557 2878 2628 γρηγορεῖν,
2911 2553 3001 2608 καὶ
3045 2558 3194 2624 νικᾷν
3242 2553 3438 2618 αὐτοῦς
3484 2560 3554 2631 τῇ
3612 2555 3770 2613 δυνά-

2123 2662 2210 2714 μει
2267 2641 2355 2696 καὶ
2406 2639 2592 2716 χάριτι
2635 2645 2734 2697 τοῦ
2779 2643 3036 2718 Χριστοῦ.
3071 2644 3268 2717 Θυρεὸν
3315 2640 3375 2699 δὲ
3402 2651 3507 2715 τῆς
3536 2647 3772 2709 πίστεως

2117 2730 2217 2799 τὴν
2241 2729 2419 2785 πίστιν
2450 2729 2592 2806 λέγει
2621 2730 2721 2798 τὴν
2755 2727 3022 2808 εἰλικρινῆ
3054 2731 3143 2786 καὶ
3177 2728 3462 2808 διάπυρον.

2192 2997 2388 3074 Ἐρώτ.
2441 2997 2566 3073 ριγ’.
2619 2995 2682 3054 Τί
2733 2995 2900 3074 λέγει’
2934 3022 2962 3049 (ι
3015 2993 3468 3074 Ἀπεκδυσάμενοι
3513 3001 3603 3056 τὸν
3655 3022 3757 3056 πα-

2121 3085 2275 3143 λαιὸν
2318 3085 2621 3162 ἄνθρωπον,
2653 3086 2743 3142 καὶ
2792 3084 3141 3162 ἐνδυσάμενοι
3189 3090 3282 3144 τὸν
3331 3090 3467 3160 νέον,
3497 3090 3586 3145 τὸν
3642 3092 3771 3146 ἀνα-

2120 3175 2508 3249 καινούμενονς
2545 3200 2572 3229 ››

2199 3265 2390 3324 Ἀπόκ.
2427 3263 2669 3323 Παλαιὸν
2731 3263 3015 3342 ἄνθρωπον
3060 3265 3156 3323 τόν
3204 3272 3422 3344 πρῶτον
3478 3266 3652 3344 λέγει,
3690 3270 3782 3326 τὸν

2123 3356 2229 3412 ἀπὸ
2287 3361 2388 3425 τῆς
2442 3354 2703 3417 πτώσεως
2762 3355 2857 3410 τοῦ
2897 3352 3076 3430 Ἀδὰμ
3127 3358 3542 3432 γεγεννημένον,
3601 3358 3636 3428 ἢ
3688 3359 3789 3428 τήν

2124 3443 2386 3518 πονηρίαν
2448 3445 2548 3514 τήν
2601 3443 2653 3514 ἐξ
2711 3443 2876 3499 αὐτοῦ
2934 3443 3025 3499 καὶ
3082 3451 3255 3500 πᾶσαν
3311 3446 3525 3502 κακίαν·
3559 3448 3678 3503 νέον
3728 3445 3788 3504 δὲ

2125 3532 2410 3609 ἄνθρωπον
2468 3534 2567 3601 τήν
2627 3534 2762 3588 κατὰ
2808 3534 3035 3608 Χριστὸν
3078 3533 3379 3606 πολιτείαν,
3433 3535 3559 3606 ἤτοι
3603 3536 3781 3613 ἐνάρε-

2121 3643 2214 3678 τον
2247 3623 2335 3678 καὶ
2367 3621 2570 3697 ἀγαθὴν
2602 3620 2905 3680 πολιτείαν.

2198 3712 2390 3786 Ἑρώτ.
2440 3707 2562 3787 ριὸ’.
2612 3710 2673 3765 Τί
2730 3709 2900 3785 λέγει·
2935 3735 2963 3764 ‹‹
2994 3713 3112 3770 Ἵνα
3152 3713 3228 3786 μὴ
3281 3711 3549 3788 λυπῆσθε,
3598 3716 3780 3780 καθὼς

2123 3800 2213 3856 καὶ
2247 3801 2298 3855 οἱ
2334 3798 2545 3872 λοιποὶ,
2577 3801 2628 3855 οἱ
2663 3800 2739 3874 μὴ
2771 3795 2990 3876 ἔχοντες
3021 3799 3254 3873 ἐλπίδας
3283 3822 3314 3856 ε

2196 3978 2386 4036 Ἀπόκ.
2439 3978 2508 4034 Οἱ
2571 3979 2647 4051 μὴ
2709 3971 2928 4054 ἔχοντες
2987 3977 3181 4035 ἐλπίδα
3232 3980 3592 4052 ἀναστάσεως,
3646 3980 3782 4038 ἐκεί-

2123 4091 2207 4125 νοι
2265 4067 2493 4146 ἁρμόζει
2554 4067 2861 4124 λυπεῖσθαι.
2917 4069 3164 4144 Πρόσεχε
3194 4067 3274 4140 δὲ,
3326 4075 3444 4134 πῶς
3504 4071 3592 4127 ἐπὶ
3650 4076 3784 4149 Χρι-

2124 4163 2252 4213 στοῦ
2311 4157 2478 4225 εἶπεν,
2539 4157 2622 4212 ὅτι
2681 4157 2911 4221 ἀπέθανε
2966 4157 3056 4211 καὶ
3116 4159 3330 4230 ἀνέστη.
3389 4158 3514 4216 Ἐπί
3571 4157 3628 4215 δὲ
3685 4165 3786 4215 τοῦ

2123 4251 2310 4303 κοινοῦ
2341 4247 2499 4318 λαοῦ,
2533 4246 2671 4317 εἶπε,
2710 4269 2731 4300 ε
2766 4250 2875 4301 τῶν
2917 4246 3370 4321 κεκοιμωμένων,
3415 4273 3436 4301 ιι
3468 4247 3560 4304 ’ίνα
3610 4246 3784 4325 δείξῃ,

2125 4335 2208 4391 ὅτι
2240 4336 2296 4390 οἱ
2326 4336 2670 4408 κοιμώμενοι
2703 4333 3119 4405 ἀναστήσονται.

2200 4513 2394 4589 Ἐρώτ.
2429 4519 2536 4589 ριε’.
2573 4510 2634 4566 Τί
2666 4509 2831 4588 λέγει’
2867 4537 2896 4565 ‹‹
2927 4511 3051 4588 Οὐχ
3091 4513 3379 4590 ἁρπαγμὸν
3422 4513 3672 4589 ἡγήσατο
3721 4515 3788 4569 τὸ

2047 4617 2095 4683 D
2128 4601 2260 4658 εἶναι
2289 4600 2377 4657 ἴσα
2405 4606 2522 4675 Θεῷ
2548 4621 2562 4672 ;
2599 4625 2627 4653 ››

2205 4690 2396 4748 ’Δπόκ.
2437 4693 2505 4749 ⁸0
2562 4690 2709 4768 λέγει
2763 4686 3011 4746 τοιοῦτὸν
3063 4691 3224 4746 ἔστιν·
3276 4694 3397 4750 Ὅτι
3441 4692 3470 4747 ὁ
3512 4692 3635 4754 Υἱὸς
3688 4697 3792 4748 τοῦ

2133 4785 2290 4851 Θεοῦ,
2339 4781 2430 4837 καὶ
2488 4781 2617 4844 Θεὸς
2681 4780 2973 4858 βουληθεὶς
3021 4775 3317 4851 καταϐῆναι
3375 4779 3464 4836 ἐπὶ
3518 4787 3620 4850 τῆς
3679 4788 3792 4856 γῆς

2131 4871 2221 4926 καὶ
2253 4872 2618 4944 σαρκωθῆναι,
2651 4869 2750 4926 οὐκ
2807 4865 3054 4948 ἐφοϐήθη
3115 4865 3416 4941 καταϐῆναι
3468 4867 3565 4926 τοῦ
3626 4869 3794 4940 ἀξιώο

2138 4981 2328 5034 ματος.
2360 4960 2437 5018 Οὐ
2463 4959 2564 5036 γὰρ
2595 4959 2740 5036 εἶχεν
2773 4958 2824 5030 ἐξ
2855 4961 3105 5036 ἁρπαγῆς
3157 4961 3258 5029 τῆν
3321 4958 3572 5029 θεότητα,
3604 4957 3792 5035 ὥσπερ

2131 5071 2216 5113 τις
2247 5044 2363 5126 ἔχει
2419 5054 2650 5124 πρᾶγμα
2680 5048 2731 5120 ἐξ
2763 5050 3036 5125 ἁρπαγῆς,
3071 5048 3160 5104 καὶ
3219 5043 3464 5128 φοϐεῖται
3523 5047 3792 5104 ἀπολέσαι

2134 5139 2284 5195 αὐτό.
2319 5138 2392 5194 Οὐ
2441 5143 2690 5202 τοιοῦτος
2741 5139 2808 5208 ἧν
2862 5139 2891 5194 6
2937 5140 3304 5215 Χριστὸς,μή
3353 5139 3605 5215 γένοιτοί
3641 5136 3792 5194 ἄλλά

2135 5231 2264 5291 Θεὸς
2324 5226 2396 5284 ὢν
2454 5227 2686 5298 τέλειος,
2737 5225 2978 5301 ἠθέλησε
3027 5228 3117 5284 καὶ
3177 5229 3463 5304 ἄνθρωπος
3520 5227 3791 5304 γενέσθαι.

2207 5319 2400 5394 Ἐρώτ.
2446 5319 2567 5393 ρις’.
2607 5343 2627 5371 ι
2666 5321 2842 5376 Τοῦτο
2891 5319 2992 5394 γὰρ
3044 5319 3169 5391 ὑμῖν
3231 5316 3466 5394 λέγομεν
3527 5316 3578 5373 ἐν
3635 5315 3798 5392 λόγῳ

2137 5406 2357 5485 Κυρίου.
2391 5431 2420 5461 ››

436 5643 480 5738 7⁸
509 5643 827 5752 ξρὶῖξξῆιν,
880 5646 965 5701 14.
990 5647 1087 5752 A79
1114 5645 1331 5752 Iapyga;
1376 5663 1456 5717 v1,
1505 5646 1715 5752 11.η⁸⁰
1743 5645 1886 5703 ibid.
1937 5647 2014 5703 12.

2142 5675 2143 5682 η
2193 5644 2338 5700 ibid.
2414 5643 2460 5681 ⁸³
2489 5644 2634 5702 ibid.
2707 5643 2754 5681 ⁸³
2782 5643 3007 5705 Coloss.
3057 5661 3143 5718 in,
3191 5644 3248 5702 9.
3323 5643 3371 5680 ⁸⁸
3409 5643 3671 5703 ITheu.
3707 5661 3787 5717 xv,

367 5715 457 5774 12.
534 5715 579 5752 ⁸⁸
611 5715 860 5791 Philipp.
895 5734 962 5788 ιι,
990 5719 1045 5774 6.
1122 5715 1222 5775 ⁸⁶”Ι
1251 5715 1455 5776 Thess.
1487 5735 1564 5786 IV,
1599 5718 1684 5774 14.
