4148 6384
345 402 466 461 ’765

1356 397 1869 472 ΟΠΕΞΤΙΟΝΕΞ
1914 398 1989 459 IN
2037 399 2470 463 EPISTOLAS
2521 402 2773 464 PAULI.

3644 407 3762 468 766

420 532 615 589 Ἀπόκ.
674 533 772 587 Τὸν
830 531 992 608 λόγον
1050 553 1146 587 του
1205 530 1426 603 Κυρίου,
1486 531 1542 585 ὃν
1606 528 1853 606 εἷ’ρηκεν,
1913 528 1971 585 6'1

2187 533 2354 588 Rssr.
2388 534 2641 589 Vcrbum
2676 536 2906 590 Domini
2938 539 3091 608 quod
3124 538 3286 608 dixit,
3320 539 3428 595 hoc
3457 544 3568 608 est,
3601 541 3762 595 audi-

343 621 665 677 ἀκούσονται
723 630 821 692 τῆς
886 629 1068 700 φωνῆς
1124 626 1221 677 τοῦ
1282 622 1409 675 Υἱοῦ
1467 624 1561 674 τοῦ
1615 618 1747 674 Θεοῦ
1803 619 1891 672 καὶ
1945 620 1996 672 0i.

343 711 671 774 ἀκούσαντες
732 715 1004 783 ζήσονται.
1065 733 1092 763 α
1148 714 1324 767 Τοῦτο
1374 709 1606 786 λέγομεν
1666 709 1754 765 καὶ
1808 712 1992 781 ἡμεῖς·

343 799 424 855 ὅτι
457 804 621 873 ἡμεῖς
654 802 704 855 οἱ
740 806 954 872 ζῶντες,
988 802 1038 856 οἱ
1072 800 1517 873 περιλειπόμενοι
1549 799 1624 855 εἷς
1654 800 1752 867 τὴν
1801 818 1997 868 παρου-

342 889 456 944 σίαν
487 896 585 944 τοῦ
618 891 837 965 Κυρίου,
873 890 933 945 06
972 892 1045 963 μὴ
1080 891 1353 969 φθάσομεν
1377 889 1502 951 τοὺς
1548 888 1928 961 κοιμηθέντας.
1962 908 1987 940 ιι

341 981 547 1042 Ζῶντές
604 979 737 1035 εἰσιν
794 981 844 1034 οἱ
897 979 1270 1055 εὑρισκόμενοι
1314 979 1436 1034 τότε
1486 979 1536 1034 ἐν
1581 982 1649 1052 τῇ
1690 978 1991 1034 ἀναστάσει.

342 1070 438 1125 Καὶ
468 1070 569 1146 γὰρ
603 1069 983 1145 εὑρεθήσονται
1030 1067 1305 1144 ἅνθρωποι
1356 1069 1406 1123 ἐν
1454 1072 1523 1142 τῇ
1572 1068 1754 1143 ἡμέρᾳ
1798 1066 1989 1141 ἐκείνῃ.

339 1158 428 1214 καὶ
479 1159 578 1213 οὐκ
630 1155 857 1233 ὄψονται
912 1159 1159 1229 θάνατον,
1208 1158 1353 1227 πλὴν
1388 1158 1449 1213 06
1485 1159 1559 1231 μὴ
1594 1158 1833 1235 φθάσωσι
1865 1156 1994 1219 τοὺς

339 1249 727 1320 κοιμηθέντας.
784 1252 999 1322 Πρῶτοι
1049 1248 1151 1322 γάρ
1202 1247 1588 1317 ἀναστήσονται
1639 1248 1689 1301 οἱ
1735 1243 1992 1315 τελευτή-

342 1358 526 1399 σαντες
563 1382 578 1404 ,
634 1337 725 1391 καὶ
789 1338 921 1410 μετᾶ
974 1341 1142 1391 ταῦτα
1195 1338 1246 1389 οἱ
1308 1342 1500 1406 ζῶντες
1562 1334 1992 1411 ἀλλαγήσονται,

340 1427 432 1481 καὶ
463 1428 859 1503 ἀρπαγήσονται
911 1425 961 1480 ἐν
1005 1431 1083 1498 τῷ
1128 1428 1240 1499 ἅμα
1271 1426 1344 1488 εἷς
1397 1426 1690 1494 ἀπάντησιν
1742 1430 1839 1480 τοῦ
1884 1428 1989 1482 Κυ-

346 1516 467 1591 ρίου
500 1514 573 1577 si”;
606 1516 755 1591 ἀέρα.
791 1520 909 1577 Πῶς
949 1512 1006 1569 δὲ
1054 1518 1333 1591 γενήσεται
1366 1519 1399 1585 ἡ
1444 1517 1684 1591 ἁρπαγή,
1737 1512 1985 1570 ἄκουσον.

341 1605 589 1668 Καθὼςὸ
642 1604 832 1681 Κύριος
879 1604 931 1659 ἐν
981 1603 1329 1677 κελεύσματι,
1372 1606 1646 1660 τουτέστιν
1700 1604 1750 1659 έν
1800 1603 1989 1659 κελεύ-

338 1714 437 1757 σει,
488 1693 575 1747 καῖ
627 1696 679 1748 οἱ
721 1692 949 1769 ἄγγελοι
992 1695 1409 1768 κραυγάζουσιν⁹
1457 1693 1775 1769 Ἐγείρεσθε,
1825 1694 1990 1763 ἦλθεν

335 1782 363 1835 ὁ
395 1782 671 1859 Νυμφίος’
724 1783 849 1838 τότε
895 1778 1255 1853 καταϐήσεται
1304 1784 1395 1837 ἀπ’
1436 1782 1683 1859 οὐρανοῦ.
1718 1784 1815 1837 Καὶ
1846 1788 1990 1858 πρῶ·

331 1891 424 1925 τον
486 1871 867 1946 ἐγερθήσονται
926 1874 977 1927 οἱ
1032 1874 1229 1948 νεκροί·
1287 1874 1420 1946 μετὰ
1472 1871 1528 1927 δὲ
1580 1872 1747 1927 ταύτα
1797 1873 1886 1927 καὶ
1937 1873 1988 1927 οἱ

338 1964 530 2029 ζῶντες
579 1961 1012 2038 ἀλλαγήσονται,
1061 1962 1149 2017 καὶ
1203 1965 1522 2038 γενήσονται
1574 1962 1855 2040 ἄφθαρτοι.
1891 1961 1988 2017 Καί

338 2050 473 2121 μετὰ
510 2054 675 2105 τοῦτο
725 2052 919 2115 πάντες
964 2053 1015 2106 οἱ
1061 2054 1206 2127 ἅγιοι
1256 2052 1343 2107 καὶ
1397 2054 1532 2125 ἄξιοι
1580 2054 1985 2128 ἀρπαγήσονται

333 2139 435 2193 ὑπὸ
465 2141 730 2216 νεφελῶν,
761 2143 851 2196 καὶ
884 2143 1118 2212 δέξονται
1169 2144 1261 2197 τὸν
1315 2141 1509 2217 Κύριον
1558 2144 1718 2214 ἡμῶν
1754 2142 1987 2216 ἐρχόμε-

330 2249 421 2283 νον
457 2228 515 2283 ἐκ
543 2234 650 2283 τῶν
685 2230 952 2305 οὐρανῶν,
983 2233 1163 2295 καθώς
1195 2231 1363 2305 λέγει·
1401 2256 1427 2283 ‹‹
1463 2232 1560 2285 Καὶ
1600 2234 1763 2304 ἡμεῖς
1812 2232 1984 2306 ἁρπα-

330 2319 616 2393 γησόμεθα
671 2319 722 2373 ἐν
774 2318 1021 2397 νεφέλαις
1068 2320 1144 2382 εἷς
1193 2320 1487 2390 ἀπάντησιν
1536 2325 1631 2374 τοῦ
1673 2320 1875 2394 Κυρίου
1909 2320 1984 2381 εἷς

329 2406 480 2477 ἀέρα.
517 2431 544 2457 ››
595 2412 764 2463 Τοῦτο
812 2409 912 2484 γὰρ
944 2411 979 2478 ἠ
1014 2406 1141 2479 δόξα
1188 2410 1278 2464 καὶ
1333 2411 1359 2464 ὁ
1412 2410 1669 2486 στέφανός
1718 2410 1829 2465 ἐστι
1876 2415 1982 2465 τῶν

332 2494 578 2553 δικαίων.
615 2498 683 2554 Οἱ
715 2496 772 2552 δὲ
814 2497 1136 2573 ἁμαρτωλοὶ
1186 2500 1568 2574 περιμένουσιν
1618 2500 1775 2554 αὐτὸν
1822 2521 1984 2554 κατα-

333 2581 517 2656 ϐῆναι.
553 2584 730 2644 Τοῦτο
770 2585 826 2642 δὲ
871 2588 1092 2663 γίνεται,
1127 2587 1306 2663 ὥσπερ
1359 2589 1444 2643 ἐπὶ
1499 2588 1769 2665 βασιλέως
1822 2590 1983 2664 άπερ-

336 2676 580 2751 χομένου
610 2675 659 2729 ἐν
689 2675 847 2732 πόλει
878 2676 1003 2731 τινί·
1042 2678 1095 2731 οἱ
1128 2678 1223 2749 μὲν
1274 2684 1484 2749 πρῶτοι
1514 2678 1603 2733 καὶ
1649 2675 1853 2749 ἔνδοξοι
1883 2686 1982 2749 τῆς

331 2764 549 2827 πόλεως
584 2764 892 2841 ἐξέρχονται
924 2766 1000 2828 εἷς
1034 2767 1324 2833 ἀπάντησιν
1359 2769 1543 2822 «6106'
1578 2769 1629 2821 οἱ
1674 2765 1731 2823 δὲ
1760 2766 1984 2839 πένητες

330 2855 419 2909 καὶ
454 2853 689 2915 εὐτελεῖς
735 2860 1250 2931 προσκαρτεροῦσιν,
1281 2852 1384 2918 ἕως
1428 2855 1490 2911 06
1533 2856 1877 2933 παραγίνεται
1910 2858 1984 2919 εἰς

332 2945 431 3011 τήν
466 2942 653 3000 πόλιν.
683 2943 837 2999 Οὕτω
873 2965 965 3017 μοι
1014 2946 1123 3000 νόει
1172 2946 1261 3001 καὶ
1314 2945 1398 3000 ἐπὶ
1444 2951 1541 3000 τοῦ
1586 2945 1843 3022 Χριστοῦ,
1875 2947 1980 3018 ὅτι,

329 3034 742 3109 κατερχομένου
774 3033 937 3089 αὐτοῦ
970 3034 1029 3089 ἐκ
1054 3033 1152 3090 106
1184 3035 1435 3110 οὐρανοῦ,
1467 3035 1659 3098 πάντες
1699 3038 1749 3091 οἱ
1783 3034 1980 3092 δίκαιοι

326 3122 417 3177 καὶ
449 3123 639 3197 ἁγαθοὶ
672 3125 1077 3199 άρπαγήσονται
1127 3124 1202 3186 εἰς
1246 3125 1336 3179 τὸν
1391 3126 1645 3199 οὐρανὸν,
1684 3131 1780 3180 106
1813 3128 1980 3181 ἀπαν-

324 3218 488 3282 τῆσαι
517 3212 609 3267 τὸν
646 3211 839 3286 Κύριον
892 3216 1051 3285 ἡμῶν
1097 3215 1306 3285 Ἰησοῦν
1347 3215 1770 3291 κατερχόμενον·
1824 3218 1876 3271 οἱ
1925 3214 1981 3271 δὶ

328 3300 652 3376 ἁμαρτωλοὶ
678 3299 921 3356 ἵστανται
952 3301 1038 3357 ἐπὶ
1068 3309 1170 3373 τῆς
1201 3310 1305 3377 γῆς
1339 3301 1713 3379 ἐκδεχόμενοι.

399 3390 658 3463 Κείμενον
714 3393 833 3466 ριξ.
876 3415 895 3442 α
932 3390 1125 3454 Οὐδεὶς
1176 3394 1597 3468 στρατευόμενος
1652 3393 1982 3467 ἐμπλέκεται

322 3485 443 3542 ταῖς
473 3485 569 3535 106
604 3480 724 3556 βίου
754 3481 1174 3556 πραγματείαις,
1215 3480 1306 3537 ’ίνα
1356 3488 1435 3555 τῷ
1481 3483 1981 3560 στρατολογήσαντι

321 3568 504 3643 ἀρέσῃ.
545 3594 566 3620 ι

392 3660 623 3733 Ἑρμην.
678 3659 743 3715 Εἰ
794 3660 895 3734 γάρ
952 3659 1177 3735 ἐπιγείῳ
1233 3660 1447 3735 βασιλεῖ
1496 3664 1523 3717 ὁ
1573 3661 1793 3736 μέλλων
1828 3686 1983 3741 στρα-

316 3748 566 3812 τεύεσθαι
615 3747 714 3803 οὐκ
768 3748 967 3825 ἀρέσει,
1017 3749 1105 3804 ἐὰν
1163 3752 1238 3823 μὴ
1288 3750 1469 3828 ἀφήσῃ
1518 3754 1688 3815 πάσας
1741 3756 1836 3815 τὰς
1883 3759 1980 3809 τοῦ

327 3836 450 3913 βίου
490 3834 798 3914 φροντίδας’
848 3838 998 3911 πόσῳ
1050 3837 1263 3911 μᾶλλον
1319 3838 1539 3912 μέλλων
1593 3851 1978 3916 πρατευθῆναι

319 3929 403 3997 τῷ
434 3925 742 4002 ἐπουρανίῳ
788 3926 1001 4001 βασιλεῖ
1032 3948 1045 3998 ;

400 4015 657 4088 Κείμενον
711 4018 838 4089 ριη’.
877 4040 905 4067 (ι
946 4017 1067 4071 Ἐὰν
1116 4014 1173 4070 δὲ
1220 4017 1309 4073 καὶ
1360 4019 1602 4089 ἀθλητὴς
1666 4020 1727 4075 06
1788 4043 1978 4101 στεφα-

319 4107 528 4177 νοῦται,
561 4103 651 4159 ἐὰν
687 4107 762 4178 μὴ
795 4104 1050 4177 νομίμως
1080 4104 1312 4179 ἀθλήσῃ.
1354 4133 1375 4161 ι

395 4283 621 4357 Ἑρμην.
673 4283 791 4338 Ἐὰν
844 4284 947 4360 γάρ
995 4304 1079 4346 τις
1138 4286 1514 4361 στρατεύηται,
1548 4288 1639 4342 καὶ
1672 4288 1747 4350 εἷς
1801 4289 1972 4346 πόλε-

326 4393 425 4445 μον
481 4372 795 4449 εἷλσέρχήται
830 4417 844 4441 ,
905 4371 1031 4428 οὐδὲ
1089 4372 1232 4428 οὕτω
1292 4381 1692 4453 στεφανοῦται,
1754 4377 1839 4433 ἐὰν
1898 4383 1971 4455 μὴ

324 4460 620 4535 συμπλακῇ
657 4463 791 4534 μετὰ
834 4467 930 4517 τοῦ
978 4462 1300 4538 ἀντιπάλου,
1331 4465 1421 4519 καὶ
1472 4466 1677 4543 κρούσῃ
1716 4471 1850 4541 μετὰ
1876 4476 1973 4525 τοῦ

320 4552 526 4630 ξίφους,
574 4550 662 4607 καί
711 4551 1003 4627 ἀποκτείνῃ
1052 4552 1229 4611 αὐτόν.
1262 4558 1431 4610 T0610
1479 4557 1579 4631 γάρ
1634 4558 1742 4612 έστι
1792 4560 1853 4613 τὸ
1882 4581 1970 4615 νο-

323 4640 508 4714 μίμως
536 4639 794 4710 ἀθλῆσαι.

390 4730 641 4804 Κείμενον
673 4732 793 4807 ριθ’,
826 4754 853 4782 ‹‹
886 4730 984 4785 Τὸν
1033 4730 1311 4787 κοπιῶντα
1357 4734 1599 4808 γεωργὸν
1642 4733 1721 4791 δεί
1753 4743 1967 4813 πρῶτον

311 4821 405 4875 τὸν
438 4820 643 4895 καρπὸν
681 4814 1138 4893 μεταλαμϐάνειν.
1176 4846 1203 4871 ›)

385 4912 616 4984 Ἑρμην.
648 4914 818 4964 Τοῦτο
868 4909 992 4985 περὶ
1044 4913 1150 4964 τῶν
1184 4915 1571 4983 πνευματικῶν
1626 4909 1969 4973 διδασκάλων

316 4999 529 5077 εἷ’ρηκεν
563 5017 575 5030 ·
630 4999 713 5055 ὅτι
762 5000 852 5055 τὸν
903 5004 1181 5055 κοπιῶντα
1229 5000 1318 5055 καὶ
1368 5001 1773 5076 ἀγωνιζόμενον
1819 5003 1968 5061 διδά-

314 5087 515 5144 σκαλον
577 5089 710 5165 ὑπὲρ
770 5088 934 5144 «6106
992 5088 1080 5143 καὶ
1126 5096 1225 5159 τῆς
1273 5093 1380 5145 τῶν
1415 5096 1671 5163 μαθητῶν
1704 5091 1969 5170 ὠφελείας

315 5178 544 5253 ἁρμόζει
576 5182 792 5254 πρῶτον
826 5179 971 5255 παρὰ
1021 5184 1154 5233 Θεοῦ
1204 5174 1503 5253 λαμϐάνειν
1549 5179 1677 5243 τοὺς
1724 5184 1966 5254 μισθοὺς,

314 5264 500 5323 ἔπειτα
546 5267 672 5330 τοὺς
726 5267 990 5341 μαθητάς.
1043 5268 1139 5323 Καὶ
1170 5269 1270 5345 γὰρ
1304 5269 1330 5322 ὁ
1368 5268 1629 5345 γεωργός,
1686 5268 1810 5326 ὅταν
1859 5272 1967 5327 εἰσ-

314 5352 505 5430 οδιάσῃ
532 5356 624 5411 τὸν
656 5356 861 5431 καρπὸν
912 5355 1097 5428 αὐτοῦ,
1130 5362 1345 5431 πρῶτον
1399 5356 1605 5420 ἐκεῖνος
1655 5359 1969 5434 θησαυρίζει

311 5443 374 5499 ἐκ
399 5449 506 5499 τῶν
556 5448 781 5518 καρπῶν
832 5443 996 5499 «6106
1044 5445 1096 5499 ἐν
1144 5451 1225 5518 τῷ
1272 5444 1410 5519 οἷ’κῳ
1459 5445 1646 5501 αὐτοῦ’
1680 5447 1771 5501 καὶ
1824 5448 1966 5505 οὕτω

309 5532 542 5610 παρέχει
577 5530 685 5587 εἷειε
715 5532 1088 5605 ἐλεημοσύνην
1139 5534 1245 5589 εἴτε
1272 5540 1390 5597 τοῖς
1438 5536 1743 5611 χρεώσταις
1775 5535 1960 5595 «6106.

384 5746 427 5783 ⁸⁷
460 5748 485 5804 l
513 5746 775 5806 Thessal.
809 5762 889 5819 ιν,
921 5748 1006 5805 14.
1084 5748 1129 5785 ⁸⁸
1158 5747 1301 5807 ibid.
1338 5750 1424 5808 16.
1502 5751 1548 5789 ⁸⁸
1577 5751 1627 5809 II
1657 5752 1814 5811 Tim.
1846 5770 1909 5823 ιι,
1938 5756 1994 5811 4.

2007 4652 2055 4717 D

2108 622 2223 675 turi
2258 626 2395 676 sunt
2429 639 2625 678 vocem
2658 623 2782 677 Filii
2815 625 2951 692 Dei;
2986 631 3042 681 et
3070 627 3163 697 qui
3196 627 3507 699 audierint,
3539 632 3754 685 vivent.

2108 732 2136 762 «
2188 710 2323 777 Hoc,
2384 710 2595 782 inquit,
2654 718 2711 767 et
2768 731 2872 769 nos
2948 714 3221 781 dicimus,
3282 717 3435 783 quod
3494 735 3599 773 nos
3654 719 3755 790 qui

2104 800 2366 856 vivemus
2400 811 2456 856 et
2484 803 2699 857 residui
2732 803 2954 859 erimus
3004 805 3058 858 in
3096 807 3339 860 adventu
3376 808 3600 863 Domini
3634 826 3750 864 non

2106 891 2638 961 praevenicmuseos
2657 895 2751 962 qui
2779 893 3141 949 dormierunt
3162 897 3223 950 ⁷⁷.
3250 919 3274 943 η
3304 897 3569 953 Viventes
3592 903 3750 970 sunt,

2104 980 2203 1050 qui
2239 986 2362 1035 tum
2395 981 2773 1036 inveniuntur
2798 982 2857 1036 in
2899 984 3344 1039 resurrectione.
3382 987 3754 1042 Invenientur

2103 1069 2259 1124 enim
2295 1069 2565 1125 homines
2594 1070 2653 1125 in
2703 1071 2805 1126 illa
2853 1072 2966 1138 die,
3001 1089 3105 1127 nec
3153 1073 3433 1128 videbunt
3462 1080 3748 1133 mortem:

2101 1164 2503 1214 verumtamen
2540 1177 2654 1215 non
2690 1163 3039 1231 praevenient
3060 1178 3157 1217 eos
3181 1163 3279 1233 qui
3312 1164 3754 1221 obdormierunt

2104 1254 2257 1302 ante.
2293 1249 2432 1302 Nam
2482 1249 2740 1320 primum
2782 1256 3088 1321 resurgent
3140 1253 3375 1319 mortui,
3409 1252 3617 1308 deinde
3648 1256 3752 1325 qui

2102 1337 2302 1392 vivunt
2330 1338 2822 1405 immutabuntur,
2854 1344 2909 1394 et
2933 1339 3108 1395 simul
3136 1358 3267 1396 eum
3302 1341 3419 1396 illis
3450 1343 3753 1412 rapientur

2102 1426 2161 1481 in
2194 1443 2502 1481 occursum
2554 1428 2784 1483 Domini
2847 1429 2902 1482 in
2962 1446 3115 1486 aera.
3157 1428 3354 1493 Qualis
3415 1436 3609 1486 autem
3643 1432 3753 1489 iste

2101 1522 2306 1587 raptus
2339 1516 2574 1571 futurus
2609 1517 2702 1584 sit,
2751 1517 2907 1573 audi.
2944 1519 3185 1583 Quando
3237 1520 3524 1575 Dominus
3560 1522 3751 1578 celeu-

2101 1609 2310 1669 smate,
2345 1606 2453 1659 hoc
2486 1612 2575 1660 est
2617 1608 2813 1676 jussu,
2848 1610 2906 1661 et
2950 1607 3139 1679 angeli
3190 1607 3572 1666 clamabunt:
3608 1612 3747 1667 Sur-

2100 1692 2236 1763 gite,
2272 1694 2427 1748 venit
2462 1695 2614 1748 enim
2650 1696 2954 1767 Sponsus;
2988 1702 3127 1751 tunc
3151 1698 3220 1752 de
3243 1697 3385 1753 coelo
3416 1699 3753 1757 descendet.

2100 1782 2168 1836 Et
2201 1782 2454 1853 primum
2490 1791 2795 1857 resurgent
2843 1786 3080 1853 mortui,
3115 1786 3325 1841 deinde
3356 1792 3552 1843 autem
3584 1788 3621 1843 ii
3653 1789 3753 1859 qui

2100 1875 2238 1925 tunc
2272 1869 2483 1939 vivent,
2520 1873 2992 1929 immutabuntur
3013 1879 3069 1928 et
3096 1875 3233 1929 ﬁent
3256 1876 3750 1949 incorruptibiles.

2100 1960 2168 2014 Et
2202 1966 2331 2031 post
2363 1961 2481 2016 haec
2513 1979 2716 2017 omnes
2748 1964 2927 2018 sancti
2964 1970 3021 2019 et
3043 1964 3199 2035 digni
3230 1966 3533 2037 rapientur
3562 1966 3617 2021 in
3645 1984 3752 2021 nu-

2099 2048 2292 2118 bibus,
2342 2055 2398 2105 et
2451 2051 2762 2106 Dominum
2796 2058 3061 2108 nostrum
3110 2055 3179 2109 de
3229 2054 3390 2109 ccslis
3423 2055 3748 2111 venientem

2098 2140 2404 2212 excipient,
2439 2143 2937 2211 quemadmodum
2985 2143 3214 2212 inquit:
3253 2166 3279 2193 α
3328 2145 3397 2198 Et
3428 2162 3532 2200 nos
3564 2146 3751 2216 rapie-

2098 2246 2233 2283 mur
2266 2230 2321 2284 in
2355 2231 2611 2285 nubibus
2640 2232 2697 2285 in
2746 2248 3055 2287 occursum
3094 2233 3316 2288 Domini
3372 2234 3430 2288 in
3463 2251 3597 2289 aera
3627 2236 3689 2288 8⁸.
3724 2258 3746 2285 ι

2095 2322 2240 2373 Nam
2275 2320 2393 2374 baac
2423 2325 2510 2374 est
2540 2320 2723 2389 gloria
2754 2326 2809 2376 et
2839 2324 3386 2393 coronajustorum.
3415 2328 3752 2381 Peccatores

2095 2425 2229 2463 vero
2260 2410 2683 2481 exspectabunt
2723 2411 2918 2483 ipsum
2968 2413 3151 2466 donec
3196 2412 3529 2467 descendat.
3565 2418 3752 2485 Atque

2096 2496 2204 2553 hoc
2238 2516 2350 2552 non
2390 2500 2451 2553 {it
2482 2500 2667 2563 aliter,
2704 2517 2878 2571 quam
2917 2500 2965 2555 si
3016 2519 3112 2556 rex
3161 2502 3214 2555 in
3250 2502 3512 2573 aliquam
3546 2504 3749 2559 urbem

2097 2587 2395 2641 concedat.
2433 2588 2513 2641 Ibi
2541 2604 2794 2659 namque
2828 2590 3139 2660 optimates
3162 2594 3216 2645 et
3239 2590 3340 2661 qui
3363 2590 3587 2647 caeteris
3610 2609 3750 2664 pra:-

2096 2681 2271 2743 stant,
2308 2678 2690 2748 egrediuntur
2720 2679 2767 2732 ei
2802 2678 2860 2731 in
2912 2696 3218 2733 occursum
3253 2697 3264 2734 :
3319 2697 3605 2752 pauperes
3638 2698 3746 2736 au-

2092 2770 2209 2821 tem
2269 2772 2326 2821 et
2381 2768 2591 2837 abjecti
2652 2773 3011 2839 exspectant,
3074 2770 3257 2824 donec
3316 2770 3371 2824 in
3452 2771 3744 2827 civitatem

2092 2855 2305 2911 veniat.
2339 2856 2428 2910 Sic
2477 2856 2653 2911 etiam
2683 2858 2752 2911 de
2803 2856 3029 2912 Christo
3088 2858 3293 2928 cogita.
3346 2860 3749 2917 Descendente

2094 2945 2190 3000 illo
2227 2946 2296 3000 de
2327 2945 2489 3011 cmlo,
2525 2962 2727 2999 omnes
2754 2945 2899 3015 justi
2931 2951 2986 3000 et
3016 2946 3150 3000 boni
3185 2948 3489 3019 rapientur
3537 2949 3596 3003 in
3630 2965 3744 3004 caa-

2092 3036 2214 3091 lum
2246 3040 2304 3089 ut
2335 3036 2561 3089 obviam
2596 3037 2913 3106 procedant
2944 3036 3318 3092 descendenti
3360 3039 3603 3093 Domino
3638 3054 3744 3093 no-

2093 3131 2215 3180 stro
2246 3125 2425 3180 Jesu:
2461 3129 2797 3196 peccatores
2846 3129 3041 3180 autem
3075 3126 3130 3179 in
3182 3129 3335 3181 terra
3368 3127 3609 3183 stabunt
3639 3144 3739 3182 ex-

2092 3218 2416 3287 pectantes.

2164 3392 2497 3448 PROPOSITIO
2540 3390 2747 3447 CXVII.
2799 3397 3041 3448 «Nemo
3092 3393 3352 3449 militans
3403 3394 3742 3465 implicatur

2086 3481 2219 3535 vitae
2257 3480 2523 3552 negotiis,
2559 3484 2622 3535 ut
2652 3480 2703 3536 ei
2735 3481 2832 3552 qui
2868 3499 2927 3537 se
2958 3483 3016 3536 in
3071 3481 3336 3537 militiam
3370 3483 3583 3556 delegit
3614 3484 3739 3556 pla-

2090 3576 2216 3627 ceat
2236 3571 2300 3625 ’9.
2340 3593 2366 3619 »

2163 3662 2501 3716 INTERPRET.
2536 3661 2593 3715 Si
2624 3663 2779 3715 enim
2813 3660 2928 3727 ille,
2963 3662 3057 3732 qui
3097 3667 3322 3717 terreno
3367 3662 3485 3735 regi
3522 3663 3740 3719 milita-

2088 3754 2259 3805 turus
2290 3756 2399 3817 cst,
2432 3767 2543 3805 non
2575 3757 2767 3821 potest
2812 3750 3060 3822 placere,
3090 3750 3200 3805 nisi
3243 3768 3447 3808 omnes
3478 3753 3607 3807 vitae
3638 3769 3742 3807 οι]-

2089 3857 2184 3895 ras
2237 3839 2577 3910 reliquerit:
2660 3845 2881 3910 quanto
2936 3840 3123 3912 magis
3180 3841 3278 3911 qui
3346 3841 3565 3897 caalesti
3626 3842 3743 3912 regi

2089 3928 2448 3984 militaturus
2481 3930 2617 3983 est?

2159 4018 2497 4080 Paoposmo
2528 4019 2759 4073 CXVIII.
2821 4019 2969 4084 Quid
3020 4023 3110 4074 est
3165 4019 3351 4076 illud:
3413 4043 3440 4069 «
3491 4020 3652 4085 Quod
3686 4020 3736 4075 si

2086 4112 2267 4162 certat
2298 4107 2471 4162 etiam
2534 4107 2768 4180 aliquis,
2802 4125 2917 4163 non
2969 4113 3298 4179 coronatur,
3334 4110 3445 4164 nisi
3480 4109 3737 4181 legitime

2085 4196 2388 4252 certaverit
2409 4198 2472 4250 89.
2505 4218 2533 4245 ››

2158 4287 2385 4342 INTERP.
2404 4290 2548 4340 Nam
2570 4285 2800 4341 etiamsi
2824 4285 2957 4357 quis
2979 4285 3196 4341 bellum
3212 4286 3516 4358 ingressus
3541 4288 3733 4359 fuerit,

2085 4392 2273 4447 neque
2304 4376 2383 4430 sic
2433 4391 2665 4446 quoque
2705 4380 3037 4443 coronatur,
3072 4375 3184 4431 nisi
3237 4393 3370 4431 cum
3406 4377 3735 4434 adversario

2085 4482 2327 4519 manum
2379 4481 2712 4531 conserens,
2764 4463 2958 4536 gladio
3008 4465 3366 4537 percusserit
3412 4471 3471 4521 et
3500 4465 3741 4522 interfe-

2083 4556 2226 4610 cerit
2257 4571 2411 4610 eum.
2446 4553 2588 4608 Nam
2624 4554 2732 4609 hoc
2762 4559 2851 4609 est
2879 4553 3027 4608 illud
3063 4554 3319 4626 legitime
3351 4561 3589 4612 certare.

2156 4735 2328 4789 Paor.
2386 4730 2569 4787 CXIX.
2608 4751 2634 4784 α
2692 4731 3076 4788 Laborantem
3136 4732 3451 4805 agricolam
3511 4739 3741 4808 oportet

2084 4824 2342 4895 primum
2376 4823 2445 4877 de
2478 4822 2768 4877 fructibus
2803 4823 3097 4894 percipere
3127 4824 3191 4879 π.
3226 4846 3253 4872 ››
3475 4832 3483 4840 '

2156 4913 2307 4969 278
2344 4913 2678 4967 INTERPRET.
2712 4912 2829 4966 Hoc
2861 4912 2932 4967 de
2964 4914 3371 4984 spiritualibus
3400 4915 3737 4971 doctoribus

2083 5002 2265 5056 dixit:
2301 5002 2436 5072 quia
2482 5019 2587 5072 par
2633 5004 2740 5068 est,
2777 5005 2841 5056 ut
2888 5002 3108 5069 doctor,
3160 5006 3258 5074 qui
3304 5021 3407 5075 pro
3456 5020 3517 5059 se
3546 5010 3604 5059 et
3632 5021 3736 5075 pro

2082 5091 2207 5147 suis
2238 5091 2607 5146 auditoribus
2638 5089 2864 5146 laborat
2888 5095 2944 5146 et
2971 5093 3250 5159 decertat,
3285 5093 3541 5163 primum
3565 5110 3598 5147 a
3620 5093 3736 5147 Deo

2081 5181 2404 5236 mercedem
2441 5179 2704 5250 recipiat,
2730 5179 2939 5235 deinde
2960 5181 3234 5252 discipuli
3292 5181 3436 5236 Nam
3459 5180 3736 5252 agricola,

2080 5287 2212 5325 cum
2248 5269 2473 5323 fructus
2504 5284 2644 5322 suos
2677 5267 2933 5339 collegit,
2960 5268 3057 5324 ille
3090 5270 3316 5340 primus
3344 5269 3401 5324 in
3426 5270 3598 5323 domo
3626 5286 3737 5323 sua

2078 5364 2134 5415 et
2165 5360 2234 5414 de
2262 5357 2549 5411 fructibus
2576 5357 2698 5411 suis
2723 5356 2834 5412 sibi
2862 5358 3141 5412 recondit.
3174 5360 3360 5427 Atque
3383 5358 3466 5412 sic
3492 5358 3731 5413 demum
3786 5418 3787 5421 η

2078 5452 2180 5504 aut
2213 5447 2645 5517 eleemosynam
2676 5445 2979 5518 elargitur,
3010 5446 3098 5502 vel
3136 5446 3423 5505 satisfecit
3451 5445 3728 5503 debitori-

2076 5538 2207 5593 bus.

2070 5753 2140 5791 39"
2172 5752 2317 5811 ibid.
2349 5752 2403 5808 5.
2483 5749 2528 5785 9°
2557 5749 2698 5806 ibid.
2727 5751 2782 5805 6.
