4148 6364
377 371 496 432 767

1548 368 1610 431 S.
1656 365 2177 430 ATHANASIUS.
2202 397 2279 409 —
2316 365 2629 428 SPURIA.

3686 373 3808 436 768

457 507 638 561 ALIUD
701 523 772 562 DE
825 523 1034 562 EODEM.
1098 507 1167 561 Et
1221 504 1440 560 aliter:
1498 503 1858 573 Quicumque
1913 498 2040 554 vult

2223 497 2446 571 Ἕτερον
2506 497 2583 560 είς
2631 500 2694 554 τὸ
2743 498 2894 558 αὐτό.
2951 503 3050 556 Καὶ
3108 499 3317 564 ἄλλωςο
3369 508 3478 566 Πᾶς
3536 504 3564 558 ὁ
3623 503 3802 568 θέλων

387 597 457 652 ad
491 613 636 667 opus
668 595 766 650 Dei
822 595 1108 662 laborare,
1158 596 1258 666 qui
1317 594 1460 649 alios
1508 594 1733 655 docere,
1784 591 1872 644 vel
1904 588 2034 644 aliis

382 685 504 740 vult
539 686 836 755 prodesse,
869 686 1033 739 decet
1073 684 1233 747 illum
1267 685 1484 753 ipsum.
1521 683 1616 752 qui
1667 680 1813 734 alios
1843 680 2032 741 docet,

380 773 440 828 in
475 774 681 844 primis
713 790 976 827 exercere
1003 775 1272 837 virtutes,
1306 778 1368 825 ut
1398 771 1643 842 accipiat
1673 786 1705 823 a
1736 769 1850 823 Deo
1882 767 2035 821 dona

385 863 604 936 gratiis,
641 868 697 916 et
738 864 1001 932 acquirat
1048 865 1269 916 tructus
1315 861 1500 915 sancti
1551 860 1823 930 Spiritus.
1858 862 2034 926 atque

380 953 694 1008 thesauros
720 952 1071 1022 cognitionis
1095 952 1379 1005 bonorum
1406 949 1524 1003 Dei.
1563 949 1646 1001 Ita
1670 948 1783 1010 fiet,
1819 951 1881 998 ut
1903 943 2035 997 aliis

387 1058 621 1114 quoque
653 1042 840 1112 possit
861 1040 1144 1112 impertiri
1172 1041 1341 1093 dona.
1377 1039 1520 1092 Nam
1547 1037 1594 1089 si
1620 1036 1753 1106 quis
1777 1035 2034 1102 aliquem

388 1129 514 1186 oleo
543 1130 666 1184 suis
698 1130 970 1184 manibus
1022 1145 1235 1198 ungere
1285 1127 1506 1192 volens,
1539 1124 1731 1180 oleum
1784 1141 1897 1178 non
1932 1121 2033 1176 ha-

386 1220 538 1287 beat,
574 1220 868 1290 quomodo
903 1217 1283 1288 impertiverit
1315 1215 1444 1270 aliis
1489 1215 1544 1269 id
1577 1215 1726 1284 quod
1760 1213 1885 1284 ipse
1919 1227 2032 1266 non

385 1308 561 1362 habet
580 1307 606 1361 ‘I
630 1309 843 1362 Eodem
867 1307 1038 1361 modo
1064 1307 1134 1361 de
1157 1307 1389 1360 doctore
1409 1308 1498 1360 est
1519 1301 2033 1367 sentiendum,eic-

385 1401 454 1452 ut
484 1397 706 1452 dictum
739 1401 845 1451 est.

463 1578 687 1642 Qus-391'.
722 1574 876 1629 CXX.
916 1595 942 1626 ιι
976 1573 1239 1646 Intelligo
1270 1590 1397 1645 quae
1434 1573 1562 1628 dico
1585 1573 1652 1624 θί.
1689 1593 1716 1622 ››

466 1668 636 1722 Rssr.
673 1667 818 1732 Quia
867 1683 968 1737 per
1026 1665 1332 1737 parabolas
1387 1665 1436 1718 ei
1471 1664 1789 1734 scripserat
1819 1661 2036 1726 omnia,

389 1762 698 1828 propterea
755 1755 930 1809 dicit:
990 1756 1257 1810 Attende.
1320 1756 1388 1808 Et
1441 1771 1555 1807 non
1606 1753 1866 1808 obsecuti
1903 1755 2041 1805 sunt

2143 591 2336 655 κοπιᾷν
2367 585 2444 648 εἷς
2469 588 2531 641 τὸ
2563 587 2718 664 ἔργον
2761 594 2859 644 τοῦ
2909 595 3064 659 Θεοῦ,
3099 590 3187 645 καὶ
3222 589 3491 647 διδάσκειν
3539 593 3628 648 καὶ
3661 595 3805 674 ὠφε-

2145 672 2258 728 λεῖν
2295 674 2521 742 ἄλλους,
2555 677 2783 752 ἁρμόζει
2823 685 3038 755 πρῶτον
3082 679 3282 736 ἐκεῖνον
3335 683 3422 737 τὸν
3457 672 3805 757 διδάσκαλον,

2138 762 2231 818 ’ἕνα
2280 765 2566 842 ἐργάζηται
2619 768 2714 830 τὰς
2765 769 2976 844 ἀρετὰς,
3026 770 3114 825 καὶ
3161 767 3302 845 λάϐῃ
3351 772 3495 846 παρά
3543 778 3678 828 Θεοῦ
3733 774 3805 829 τὰ

2145 853 2476 929 χαρίσματα,
2536 857 2627 911 καὶ
2687 860 2982 928 κτήσασθαι
3040 860 3167 921 τοὺς
3223 861 3465 936 καρποὺς
3513 866 3612 916 τοῦ
3644 863 3806 939 ἁγίου

2145 943 2476 1016 Πνεύματος,
2533 945 2622 1000 καὶ
2675 946 2802 1008 τοὺς
2859 949 3164 1025 θησαυροὺς
3219 957 3318 1019 τῆς
3377 951 3632 1025 γνώσεως
3691 958 3803 1007 τῶν

2146 1034 2356 1108 ἀγαθῶν
2385 1037 2480 1087 τοῦ
2512 1039 2664 1090 Θεοῦ·
2697 1035 2786 1089 καὶ
2835 1037 2958 1092 τότε
3007 1035 3289 1108 δυνήσεται
3337 1041 3426 1094 καὶ
3476 1037 3672 1103 ἄλλοις
3709 1063 3806 1114 με·-

2145 1120 2397 1176 ταδοῦναι
2430 1127 2535 1177 τῶν
2591 1120 2830 1199 δωρεῶν.
2868 1126 2966 1180 Καὶ
3015 1127 3118 1203 γὰρ
3167 1134 3270 1189 πᾶς
3299 1129 3327 1182 6
3356 1127 3531 1192 θέλων
3586 1129 3810 1204 ἂλεῖψαί

2148 1232 2266 1265 σινα
2319 1209 2500 1266 ἔλαιον
2547 1211 2597 1266 έν
2650 1215 2769 1276 ταῖς
2827 1215 3015 1290 χερσὶν
3077 1215 3264 1288 αὐτοῦ,
3298 1217 3341 1271 εἰ
3396 1219 3472 1290 μὴ
3505 1215 3647 1294 ἔχει,
3681 1224 3804 1281 πῶς

2146 1298 2341 1362 ἄλλοις
2404 1298 2732 1374 μεταδίδωσι
2779 1301 2912 1378 ὅπερ
2961 1302 3122 1366 αὐτὸς
3170 1305 3232 1360 ού
3281 1307 3536 1377 κέκτηται
3564 1325 3578 1375 ;
3610 1311 3806 1361 Τοιου-

2145 1389 2427 1465 τοτρόπως
2490 1412 2582 1464 μοι
2644 1391 2753 1446 νόει
2809 1393 2899 1448 καὶ
2953 1391 3041 1447 ἐπὶ
3091 1399 3188 1448 τοῦ
3241 1391 3597 1467 διδασκάλου,
3628 1397 3812 1456 καθὼς

2148 1478 2378 1556 ε’ίρηται.

2221 1572 2414 1644 Ἐρώτ.
2444 1572 2541 1646 ρκ’.
2570 1595 2597 1621 ‹‹
2634 1569 2758 1626 Νόει
2791 1569 2824 1624 ἃ
2855 1569 3022 1646 λέγω.
3060 1599 3081 1627 ι

2219 1660 2410 1715 Ἀπόκ.
2444 1657 2668 1729 Ἐπειδὴ
2719 1659 2771 1716 έν
2820 1657 3163 1737 παραϐολαῖς
3193 1661 3339 1735 αῦτῷ
3387 1658 3586 1740 ἔγραψε
3613 1664 3814 1734 πάντα,

2151 1748 2239 1804 διὰ
2270 1754 2432 1804 τοῦτο
2463 1749 2629 1825 λέγει’
2666 1750 2930 1826 Πρόσεχε.
2963 1752 3060 1806 Καὶ
3094 1751 3199 1827 οὐχ
3250 1751 3538 1808 ὑπέκλινον
3571 1757 3640 1828 τῇ
3675 1753 3812 1808 ὑπο-

388 1845 664 1901 mandato
726 1844 921 1898 Mosis.
982 1844 1261 1916 Praecepit
1320 1844 1531 1907 Moses,
1591 1848 1646 1896 et
1703 1841 2040 1895 occiderunt

2166 1842 2286 1914 παγῇ
2341 1843 2444 1894 τοῦ
2493 1839 2752 1901 Μωσέως.
2809 1840 3136 1914 Προσέταξεν
3193 1842 3220 1894 ὁ
3259 1843 3484 1911 Μωσῆς,
3535 1843 3625 1898 καὶ
3675 1843 3812 1898 ἀπέ-

388 1949 504 1993 eos.
544 1935 655 1988 tria
716 1933 899 1988 millia
958 1950 1221 1987 numero.
1275 1934 1341 1986 Et
1396 1933 1503 1986 hoc
1536 1935 1643 1999 est,
1704 1931 1855 2000 quod
1902 1929 2043 1983 dicit

2166 1951 2362 1984 ιτειναν
2398 1927 2589 1990 αὐτοὺς
2619 1934 2765 2005 τρεῖς
2816 1927 3074 2006 χιλιάδας
3124 1928 3294 1986 λαῶν.
3329 1931 3428 1986 Καὶ
3472 1933 3633 1987 τοῦτό
3667 1932 3811 1987 ἐστιν

390 2022 731 2093 Scriptura:
767 2045 793 2070 «
830 2024 1088 2088 Quorum
1124 2023 1388 2076 membra
1435 2020 1823 2076 conciderunt
1854 2019 1912 2074 in
1945 2019 2044 2073 de-

391 2122 546 2167 serto
565 2111 627 2166 θ’.
662 2133 689 2161 ››

463 2202 640 2257 Pnor.
690 2201 882 2257 CXXI.
946 2224 971 2250 ‹‹
1027 2199 1232 2256 Omnis
1292 2199 1684 2271 praevaricatio
1742 2203 1798 2253 et
1844 2198 2044 2253 inobs-

393 2289 615 2346 dientia
647 2291 870 2362 accepit
893 2291 1118 2361 justam
1147 2289 1432 2344 mercedis
1455 2288 1898 2344 retributionem
1921 2288 1986 2341 ’3.
2016 2309 2044 2335 »

467 2384 696 2435 INTERP.
741 2380 1085 2451 Quicunque
1141 2378 1494 2450 transgressi
1554 2381 1789 2432 suntet
1843 2376 2045 2431 inobe-

395 2469 620 2525 dientes
653 2469 891 2523 fuerunt
920 2470 976 2522 in
1011 2467 1135 2539 lege
1167 2467 1366 2535 veteri,
1399 2467 1688 2537 condigna
1709 2483 1878 2538 pcena
1908 2469 2049 2521 sunt

396 2559 608 2613 affecti.
641 2558 787 2612 Nam
844 2558 1028 2611 Adam
1084 2557 1182 2628 qui
1215 2562 1590 2627 trangressus
1652 2557 1860 2620 fuerat,
1903 2572 2044 2610 con-

395 2648 709 2703 demnatus
741 2652 830 2701 est
854 2648 921 2681 93'
948 2663 960 2701 :
990 2646 1127 2702 Cain
1180 2663 1312 2700 cum
1349 2651 1666 2716 peccasset,
1703 2644 2050 2700 maledictus

400 2735 509 2790 fuit
529 2737 593 2788 ³-⁸.
628 2736 693 2790 Ει
724 2735 806 2789 illi
838 2736 936 2806 qui
970 2735 1330 2806 temporibus
1353 2735 1470 2789 Noe
1504 2737 1656 2789 mala
1685 2739 2049 2805 perpetrave-

399 2831 551 2892 rant,
582 2842 734 2896 aqua
768 2824 1058 2880 submersi
1105 2829 1262 2879 sunt.
1315 2824 1647 2892 Sodomitas,
1682 2824 1780 2894 qui
1815 2829 2047 2894 turpem

397 2916 687 2988 degebant
715 2915 914 2980 vitam,
949 2914 1311 2970 horribiliter
1332 2913 1624 2970 submersi
1658 2919 1816 2970 sunt.
1851 2915 1920 2968 Et
1949 2915 2049 2968 Ju-

401 3007 528 3075 daei,
563 3006 662 3076 qui
722 3023 870 3077 saepe
902 3007 1181 3061 adversus
1234 3006 1547 3076 prOphetas
1585 3004 2048 3068 insurrexerunt,

401 3096 625 3167 plagas,
660 3095 908 3167 ﬂagella,
945 3095 1235 3167 supplicia
1265 3112 1296 3148 a
1331 3095 1450 3150 Deo
1483 3099 1852 3166 acceperunt.
1885 3095 2050 3148 Nunc

400 3187 600 3257 itaque
633 3187 742 3242 hoc
768 3186 940 3241 dicit:
966 3187 1108 3242 Cum
1145 3186 1200 3240 in
1223 3187 1398 3240 veteri
1431 3186 1555 3257 lege
1582 3191 1870 3258 quotquot
1893 3203 2053 3241 man-

402 3278 604 3332 datum
637 3277 868 3332 Domini
920 3283 1286 3349 spreverunt,
1318 3294 1424 3332 nec
1472 3279 1950 3347 obtemperarunt
1979 3277 2053 3332 iis

400 3381 526 3437 quae
559 3365 749 3437 angeli
804 3369 862 3420 et
893 3365 1186 3438 prephetm
1246 3365 1697 3430 annuntiabant,
1722 3366 1856 3435 jure
1911 3382 2050 3437 sup-

397 3453 642 3525 plicium
701 3453 918 3508 luerint
975 3453 1239 3523 iramque
1289 3451 1390 3507 Dei
1442 3453 1501 3507 in
1553 3469 1614 3508 se
1663 3454 2046 3521 concitarint;

399 3541 691 3613 quomodo
721 3558 824 3596 nos
857 3540 1224 3607 effugiemus,
1257 3541 1303 3596 si
1352 3546 1574 3595 tantam
1627 3542 2052 3614 neglexerimus

403 3630 677 3697 salutem,
708 3647 836 3702 quas
886 3646 1075 3702 neque
1109 3646 1210 3701 per
1256 3629 1517 3702 angelos,
1553 3647 1741 3702 neque
1790 3648 1890 3702 per
1922 3648 2052 3703 pro-

403 3720 612 3792 phetas
645 3719 814 3774 nobis
843 3725 931 3775 est
974 3719 1208 3786 tradita,
1245 3719 1341 3774 sed
1377 3735 1477 3790 per
1524 3719 1715 3790 ipsum
1751 3720 2049 3774 Christum

405 3814 462 3865 et
494 3809 676 3865 Deum
699 3810 726 3862 ‘I
755 3809 896 3862 Nam
932 3809 1142 3863 veteris
1174 3810 1409 3879 quidem
1463 3808 1609 3879 legis
1643 3809 1916 3864 minister
1946 3809 2056 3863 fuit

405 3897 619 3967 Moses,
654 3914 812 3952 nova:
854 3903 1050 3952 autem
1100 3897 1386 3952 Christus.
1423 3897 1671 3953 Multum
1724 3898 1904 3969 igitur
1933 3897 2054 3952 hac

401 3986 754 4058 legislationi
789 3990 1026 4058 praestat
1074 3987 1273 4051 veteri,
1318 3987 1472 4058 quod
1523 3987 1601 4040 ibi
1653 3987 1741 4041 lex
1787 4003 1889 4060 per
1933 4003 2052 4043 ser-

401 4093 542 4131 vum
575 4076 654 4130 sit
684 4075 1111 4143 administrata,
1151 4075 1272 4131 haec
1315 4093 1446 4131 vero
1493 4093 1593 4148 per
1633 4077 1823 4148 ipsum
1859 4077 2054 4133 Domi-

409 4181 551 4220 num
577 4165 893 4220 Christum.
922 4165 1209 4220 Debemus
1239 4181 1374 4236 ergo
1398 4167 1816 4236 indubitanter,
1842 4184 1908 4222 ea
1929 4184 2055 4238 quin

413 4254 582 4319 nobis
615 4258 898 4326 precepts
929 4259 1068 4308 sunt
1089 4259 1382 4326 praestare,
1408 4271 1480 4310 ne
1510 4256 1680 4311 nobis
1711 4273 1888 4329 quam
1913 4261 2060 4312 vete-

415 4343 579 4398 ribus
611 4343 848 4415 gravius
871 4343 1159 4413 judicium
1193 4342 1269 4396 sit
1304 4343 1699 4398 subeundum.

489 4433 661 4488 Ριιορ.
697 4431 908 4487 CXXII.
943 4454 970 4481 ‹‹
995 4432 1114 4486 Non
1149 4430 1300 4485 enim
1333 4431 1558 4503 angelis
1587 4433 2059 4503 subjecitorbem

410 4527 578 4579 terras
611 4523 898 4590 futurum,
931 4522 1000 4575 de
1022 4537 1137 4592 quo
1169 4520 1468 4592 loquimur
1488 4522 1550 4574 ⁸³.
1587 4544 1614 4571 ››

2153 2019 2182 2074 ’ὁ
2240 2016 2384 2094 λέγει
2437 2021 2472 2088 ἡ
2536 2021 2744 2096 Γραφή·
2808 2041 2838 2071 ι(
2894 2021 2989 2074 Ὧν
3041 2019 3109 2075 τὰ
3163 2020 3321 2077 κῶλα
3377 2018 3564 2076 ἔπεσον
3622 2020 3675 2076 έν
3733 2025 3804 2095 τῇ

2155 2107 2248 2185 ἔρις
2263 2131 2371 2181 μφ-
2411 2133 2431 2158 -

2227 2197 2488 2272 Κείμενον
2524 2200 2657 2274 ρκα’.
2695 2221 2723 2249 ‹‹
2756 2200 2858 2254 Καὶ
2889 2204 3034 2255 πᾶσα
3061 2194 3364 2277 παράϐασις
3412 2201 3503 2255 καὶ
3552 2201 3806 2278 παρακοή

2156 2283 2346 2343 ἔλαϐεν
2375 2284 2602 2343 ἔνδικον.
2639 2313 2660 2342 ι

2226 2373 2458 2452 Ἑρμην.
2519 2378 2677 2434 Ὅσοι
2725 2372 3037 2454 παρέϐησαν
3097 2377 3188 2432 καὶ
3246 2380 3599 2455 παρήκουσαν
3650 2377 3814 2451 έντῷ

2156 2467 2376 2540 παλαιῷ
2408 2468 2586 2541 νόμῳ,
2623 2463 2818 2523 ἔλαϐον
2853 2466 3074 2531 δικαίως
3120 2471 3222 2538 τὴν
3252 2469 3548 2545 τιμωρίαν.
3583 2472 3684 2525 Καὶ
3714 2471 3815 2546 γὰρ

2155 2559 2245 2612 καὶ
2278 2559 2306 2612 6
2335 2555 2513 2630 Ἀδὰμ
2563 2558 2908 2634 παρακούσας
2956 2559 3267 2634 κατεκρίθη,
3319 2560 3408 2614 καὶ
3454 2558 3590 2616 Κάϊν
3632 2562 3816 2636 ἁμαρ-

2155 2649 2324 2718 τήσας
2371 2646 2762 2722 ἐπικατάρατος
2809 2648 3018 2724 γέγονε,
3062 2649 3151 2703 κυῖ
3203 2650 3255 2703 οἱ
3303 2647 3390 2704 ἐπὶ
3447 2653 3546 2704 τοῦ
3579 2653 3697 2704 Νῶε
3725 2670 3816 2703 κα-

2157 2742 2266 2799 κῶς
2299 2736 2648 2813 ἐργαζόμενοι
2697 2737 3158 2808 κατεκλύσθησαν·
3211 2739 3302 2792 καὶ
3348 2739 3400 2792 o't
3431 2737 3484 2793 έν
3537 2735 3814 2810 Σοδόμοις

2159 2827 2404 2899 ἀσέμνως
2458 2829 2700 2902 βιοῦντες
2743 2824 2930 2889 δεινῶς
2983 2825 3408 2898 έποντίσθησαν·
3457 2828 3547 2881 καί
3596 2827 3647 2881 οἱ
3681 2828 3810 2880 Ἰου-

2161 2913 2326 2983 δαῖοι,
2359 2913 2630 2976 πολλάκις
2678 2915 3063 2970 ἐπαναστάντες
3113 2921 3229 2978 τοῖς
3275 2917 3598 2986 προφήταις,
3651 2913 3803 2983 πλη-

2159 3006 2257 3080 γὰς
2301 3005 2446 3080 παρὰ
2493 3003 2626 3060 Θεοῦ
2673 3005 2761 3059 καὶ
2816 3007 3080 3080 μάστιγας
3112 3005 3201 3060 καὶ
3232 3004 3498 3079 τιμωρίας
3530 3001 3807 3074 ἐδέξαντο.

2161 3097 2272 3152 Νῦν
2303 3093 2391 3149 οῦν
2425 3099 2585 3149 τοῦτο
2616 3092 2788 3169 λέγει·
2833 3093 2940 3163 ὅτι,
2981 3091 3166 3163 ἐπειδὴ
3224 3093 3275 3149 έν
3327 3097 3395 3167 τῇ
3446 3092 3662 3162 Παλαιᾷ
3691 3091 3813 3146 ὅσοι

2165 3185 2430 3255 ἠθέτησαν
2460 3185 2524 3238 τὸ
2574 3183 2900 3259 πρόσταγμα
2927 3187 3025 3238 τοῦ
3070 3183 3292 3258 Κυρίου,
3339 3183 3429 3237 καὶ
3460 3183 3815 3258 παρήκουσαν

2163 3273 2228 3328 τὰ
2259 3271 2328 3327 δι’
2359 3270 2600 3348 ἀγγέλων
2652 3269 2970 3344 λαλούμενα
3016 3273 3106 3327 καὶ
3151 3276 3471 3350 προφητῶν,
3504 3265 3699 3327 ἔλαϐον
3733 3268 3820 3325 δι-

2156 3362 2326 3424 καίως
2355 3364 2453 3430 τὴν
2482 3360 2774 3438 τιμωρίαν,
2803 3362 2895 3416 καὶ
2923 3363 3023 3431 τὴν
3061 3361 3230 3437 ὀργὴν
3261 3365 3360 3416 τοῦ
3411 3365 3546 3417 Θεοῦ
3587 3359 3817 3415 ἐπεσπά-

2162 3472 2342 3519 σαντο,
2390 3455 2508 3512 πῶς
2553 3452 2716 3522 ἡμεῖς
2766 3448 3113 3527 έκφύγωμεν,
3161 3449 3248 3503 ἐὰν
3297 3447 3668 3520 ἀμελήσωμεν
3717 3451 3818 3515 τῆς

2161 3539 2418 3610 τοιαύτης
2452 3539 2746 3612 σωτηρίας,
2796 3537 2933 3593 ὅπου
2985 3535 3108 3593 οὕτε
3155 3535 3224 3592 δι’
3266 3537 3520 3612 ἀγγέλων
3574 3534 3698 3590 οὔτε
3729 3532 3819 3590 διὰ

2161 3633 2452 3706 προφητῶν
2483 3625 2730 3698 ἐλαλήθη
2779 3629 2940 3700 ἡμῖν,
2974 3626 3119 3683 ἀλλὰ
3148 3623 3217 3682 δι’
3259 3626 3424 3682 αὐτοῦ
3451 3629 3550 3681 τοῦ
3581 3627 3816 3698 Χριστοῦ

2161 3718 2250 3773 καὶ
2279 3721 2411 3772 Θεοῦ
2445 3735 2458 3784 ;
2493 3718 2592 3771 Καὶ
2623 3717 2721 3790 γὰρ
2756 3715 2805 3770 ἐν
2857 3719 2926 3790 τῇ
2970 3714 3183 3788 Παλαιᾷ
3219 3719 3316 3771 τοῦ
3345 3715 3518 3788 νόμου
3563 3712 3818 3774 διάκονος

2162 3808 2379 3885 γέγονεν
2414 3807 2441 3860 6
2474 3807 2703 3874 Μωσῆς·
2735 3812 2834 3874 τῆς
2881 3803 2937 3860 δὲ
2987 3806 3122 3867 Νέας
3155 3806 3184 3859 6
3231 3803 3482 3879 Χριστός⁶
3539 3801 3689 3858 Πολὺ
3723 3799 3816 3855 οῦν

2162 3901 2330 3952 ταῦτα
2358 3894 2591 3971 κρείσσω
2619 3901 2722 3964 τῆς
2749 3893 2987 3956 παλαιᾶς
3039 3893 3361 3968 νομοθεσίας
3413 3892 3496 3948 ὅτι
3529 3891 3635 3947 έκει
3693 3888 3820 3945 δοῦ-

2165 3986 2265 4048 λος
2300 3985 2506 4060 ἐγένετο
2541 3985 2814 4059 ὑπηρέτης
2844 3988 2942 4038 τοῦ
2986 3983 3158 4056 νόμου
3213 3983 3431 4038 ἐνταῦθα
3479 3979 3536 4036 δὲ
3565 3981 3594 4035 6
3627 3974 3821 4035 δεσπὸ-

2165 4097 2263 4147 της
2297 4074 2546 4150 Χριστός.
2580 4074 2677 4127 Καὶ
2714 4072 3004 4150 ὀφείλομεν
3035 4072 3102 4126 τὰ
3153 4071 3595 4148 τροστεταγμένα
3640 4073 3821 4124 ποιεῖν

2167 4163 2523 4230 ἀδιστάκτως,
2579 4160 2671 4216 *ἱνα
2707 4162 2783 4234 μή
2836 4164 2925 4215 καὶ
2975 4159 3197 4237 χείρους
3248 4165 3356 4216 τῶν
3388 4159 3637 4215 παλαιῶν
3681 4157 3820 4212 ἀπο-

2171 4252 2349 4327 δῶμεν
2383 4252 2478 4314 τὰς
2509 4249 2752 4314 εὐθύνας.

2248 4429 2503 4503 Κείμενον
2539 4431 2676 4506 ρκβ’.
2712 4452 2739 4481 ‹‹
2771 4427 2844 4482 Οὐ
2887 4429 2988 4504 γὰρ
3039 4425 3295 4504 ἀγγέλοις
3347 4426 3567 4497 ὑπέταξε
3610 4421 3708 4490 τὴν
3740 4419 3823 4474 οἷ’-

2174 4521 2445 4594 κουμένην
2477 4521 2577 4587 τὴν
2607 4517 2935 4591 μέλλουσαν,
2966 4516 3089 4593 περὶ
3119 4517 3184 4586 ἧς
3215 4514 3514 4587 λαλοῦμεν.
3542 4537 3568 4562 ι›

484 4611 822 4666 Ιιιιτειιριιετ.
857 4609 1064 4664 Urbem
1118 4614 1286 4664 terrae
1343 4611 1583 4664 secundi
1642 4611 1925 4666 adventus
1969 4628 2049 4666 su:

2240 4612 2468 4682 Ἑρμην.
2511 4605 2846 4680 Οἰκουμένην
2898 4606 3040 4683 λέγει
3087 4606 3186 4674 τὴν
3236 4604 3409 4680 κρίσιν
3442 4605 3539 4671 τῆς
3570 4598 3826 4676 δευτέρας

400 4700 693 4772 judicium
719 4705 900 4763 vocat,
924 4700 1151 4768 quando
1175 4700 1372 4754 reddet
1397 4699 1715 4771 unicuique
1737 4701 2061 4756 secundum

411 4805 585 4860 opera
616 4804 744 4842 sua.
784 4788 896 4842 Hoc
926 4803 1056 4842 vero
1089 4788 1244 4858 quod
1277 4788 1470 4858 inquit
1503 4805 1516 4842 :
1551 4811 1577 4837 «
1615 4793 1690 4843 De
1721 4806 1839 4860 quo
1873 4789 2062 4862 loqui-

411 4893 566 4944 mur,
592 4898 618 4926 »
640 4876 807 4931 illum
837 4877 1260 4949 significat,pro
1284 4894 1398 4948 quo
1423 4877 1788 4934 decertamus
1813 4880 2060 4935 salutem

414 4966 694 5038 consequi
739 4966 1060 5037 cupientes.
1115 4971 1179 5020 In
1211 4982 1276 5021 eo
1324 4966 1436 5033 die,
1483 4966 1674 5035 inquit
1726 4970 2061 5040 Apostolus,

415 5073 527 5112 non
563 5056 725 5112 dedit
753 5055 906 5110 Deus
939 5060 1285 5126 potestatem
1331 5055 1554 5127 angelis
1587 5060 1874 5114 mundum
1900 5059 2064 5129 judi-

414 5147 607 5212 candi,
630 5145 728 5200 sed
764 5160 936 5199 omne
959 5143 1250 5215 judicium
1285 5144 1445 5199 dedit
1476 5145 1618 5201 Filio
1662 5165 1788 5203 suo.
1826 5149 1895 5204 Et
1926 5149 2066 5221 quia

412 5235 590 5290 Filius
623 5233 741 5299 Dei,
779 5234 879 5304 qui
912 5234 1085 5288 etiam
1136 5233 1258 5303 ipse
1294 5236 1441 5289 Deus
1484 5241 1593 5300 est,
1628 5236 1800 5292 habet
1828 5254 2061 5294 omnem

410 5330 757 5399 potestatem
786 5323 1094 5395 judicandi
1129 5326 1441 5392 muudum,
1476 5327 1612 5398 quid
1665 5329 1893 5399 passuri
1927 5334 2066 5384 sunt

405 5416 468 5482 ii,
496 5415 595 5487 qui
633 5415 925 5470 mandatis
955 5415 1083 5484 ejus
1116 5431 1230 5468 non
1277 5415 1802 5487 obtemperarunt?
1837 5419 1983 5474 Nam
2016 5420 2066 5475 si

411 5505 512 5576 qui
542 5504 944 5560 inobedientes
976 5504 1212 5559 fuerunt
1242 5503 1355 5575 legi
1387 5506 1724 5579 veteri,quae
1757 5525 1859 5581 per
1888 5525 2064 5582 ange-

2173 4698 2467 4774 παρουσίας
2503 4744 2517 4770 ,
2572 4696 2696 4752 ὅταν
2774 4693 3048 4751 ἀποδώσει
3110 4695 3315 4766 ἑκάστῳ
3387 4693 3524 4748 κατὰ
3572 4691 3639 4745 τὰ
3692 4687 3830 4763 ἔργα

2177 4791 2359 4847 αὐτοῦ.
2391 4794 2494 4844 Τοῦ
2522 4786 2580 4844 δὲ
2611 4813 2640 4840 ‹‹
2673 4788 2804 4864 Περὶ
2852 4790 2919 4855 ἧς
2969 4784 3270 4858 λαλοῦμεν,
3306 4809 3333 4836 ››
3363 4781 3489 4852 ἤτοι
3529 4781 3652 4855 περὶ
3686 4778 3832 4834 έκεί-

2174 4903 2271 4951 νης
2327 4881 2396 4950 ἦς
2455 4877 2851 4954 ἀγωνιζόμεθα,
2911 4875 3001 4930 καὶ
3061 4871 3434 4946 σπουδάζομεν
3485 4868 3679 4930 πάντες
3719 4889 3830 4922 σω-

2177 4979 2355 5041 θῆναι.
2387 4967 2605 5037 Ταύυην
2641 4966 2740 5035 τήν
2790 4966 3023 5040 ἡμέραν,
3055 4963 3204 5038 λέγει
3257 4963 3284 5016 6
3335 4957 3694 5026 Ἀπόστολος,
3727 4956 3837 5010 οὐκ

2177 5058 2374 5116 ἔδωκεν
2436 5059 2464 5112 ὁ
2524 5057 2653 5117 Θεὸς
2709 5054 2950 5125 ἐξουσίαν
3008 5057 3125 5115 τοῖς
3182 5051 3436 5128 ἀγγέλοις
3496 5053 3678 5122 κρῖναι
3737 5046 3834 5100 τὸν

2175 5149 2406 5221 κόσμον,
2469 5144 2613 5202 ἀλλὰ
2659 5146 2758 5212 τήν
2809 5141 2984 5215 κρίσιν
3041 5146 3211 5195 πᾶσαν
3262 5136 3464 5194 δέδωκε
3491 5141 3570 5208 τῷ
3598 5135 3710 5206 ι’ἱῷ
3739 5133 3837 5188 αύ-

2173 5242 2291 5294 τοῦ.
2327 5237 2424 5292 Καὶ
2469 5235 2583 5289 ἐπεὶ
2632 5235 2660 5288 6
2701 5232 2821 5294 Υἱὸς
2877 5235 2975 5286 τοῦ
3033 5233 3167 5284 Θεοῦ
3219 5229 3308 5282 καὶ
3370 5228 3500 5288 Θεὸς
3560 5221 3674 5300 ἔχει
3729 5223 3834 5290 τήν

2177 5327 2416 5399 ἐξουσίαν
2448 5330 2618 5379 πᾶσαν
2650 5329 2827 5398 κρῖναι
2875 5321 2966 5375 τὸν
3015 5319 3242 5390 κόσμον,
3272 5315 3325 5372 τί
3377 5314 3674 5389 μέλλονται
3735 5333 3840 5366 πα-

2177 5423 2287 5482 θεῖν
2347 5417 2398 5470 οἱ
2453 5411 2890 5488 παρακούσαντες
2939 5410 3006 5464 τὰ
3047 5406 3439 5485 προστάγματα
3487 5403 3652 5459 αὐτοῦ
3703 5421 3717 5472 ;
3769 5399 3836 5458 Et

2175 5508 2277 5584 γὰρ
2310 5505 2363 5560 o't
2391 5502 2828 5577 παρακούσαντες
2874 5499 2966 5556 τὸν
3011 5495 3246 5553 παλαιὸν
3295 5493 3462 5567 νόμον
3509 5493 3602 5547 τὸν
3640 5489 3711 5546 δι’
3749 5489 3849 5566 ἆγ-

483 5652 525 5687 ⁹¹
565 5652 822 5721 llj'l‘im.
885 5670 947 5720 ιι,
1004 5653 1058 5708 7.
1138 5653 1182 5687 ⁰²
1239 5652 1410 5708 Hebr.
1471 5669 1555 5721 ιιι,
1617 5652 1704 5708 17.
1781 5653 1826 5688 ⁸³
1879 5652 2049 5710 Hebr.

2166 5695 2179 5719 ,
2233 5654 2289 5705 2.
2367 5649 2438 5687 93'
2494 5649 2704 5706 Genes.
2759 5662 2845 5716 ιιι,
2910 5644 3096 5701 17-19.
3173 5643 3219 5680 9‘
3277 5643 3484 5700 Genes.
3520 5655 3594 5707 ιν,
3641 5636 3842 5692 10-12.

421 5722 465 5758 θ’
495 5722 668 5780 Hebr.
702 5741 764 5797 ιι,
797 5725 852 5779 5.
