4148 6372
335 417 454 478 769

331 545 508 621 γέλων
545 543 788 612 δοθέντα,
819 550 1053 601 τοσαῦτα
1094 544 1316 618 ἔπαθον,
1366 550 1556 628 καίπερ
1607 551 1732 609 οὐδὲ
1786 563 1983 632 κριτῶν

332 631 502 689 ὄντων
555 633 655 690 τοῦ
702 634 913 708 κόσμου
967 640 1074 691 τῶν
1126 637 1395 712 ἀγγέλων·
1444 641 1496 694 τί
1553 641 1609 697 ἂν
1657 646 1899 700 πάθωσιν
1935 649 1985 702 οἱ

330 726 419 780 τὸν
454 721 725 795 δεσπότην
757 724 1235 800 παρακούσαντες;

407 814 666 888 Κείμενον
701 816 833 890 ρκγ’.
870 839 896 867 (ι
931 816 998 872 Τί
1031 814 1170 871 ἐστιν
1211 815 1518 893 ἅνθρωπος,
1571 821 1651 876 ὅτι
1705 829 1988 900 μιμνήσκῃ

330 903 496 958 αὐτοῦ
523 922 537 972 ;
578 929 596 953 ο

405 993 635 1068 Ἐρμην.
667 994 984 1068 Ἄνθρωπον
1011 995 1102 1048 καὶ
1133 996 1248 1050 υἱὸν
1284 995 1573 1072 ἀνθρώπου
1622 1001 1710 1054 τὸν
1759 1005 1983 1076 Κριστὸν

333 1081 500 1158 λέγει,
531 1082 713 1145 καθώς
745 1081 857 1136 ἐστι
889 1085 1024 1138 κατὰ
1051 1085 1225 1139 πάντα
1254 1085 1547 1158 όμοούσιος
1575 1093 1654 1162 τῷ
1689 1091 1880 1162 Πατρὶ.
1912 1092 1986 1154 ὡς

329 1170 536 1233 τέλειος
569 1170 699 1234 Θεὸς
731 1173 822 1225 καὶ
853 1171 1060 1234 τέλειος
1091 1171 1398 1248 ἂνθρωπος.

405 1259 663 1332 Κείμενον
699 1257 832 1336 ρκδ’.
871 1283 899 1313 ι(
931 1260 1282 1325 Ἠλάττωσας
1313 1263 1472 1319 αὐτὸν
1530 1267 1710 1343 βραχύ
1757 1291 1808 1324 τι
1859 1271 1986 1346 παρ’

333 1348 616 1426 ἀγγέλους.
652 1373 680 1400 ››

408 1439 610 1462 ’n-_,_,_.
695 1437 868 1462 n__---_‘,
933 1438 978 1462 2‘
1013 1441 1074 1462 (ᾲν
1275 1441 1330 1462 ἿΙ
1508 1443 1533 1462 θ’
1647 1445 1660 1460 9
1755 1445 1764 1462 Ι

408 1439 631 1511 Ἐρμην.
693 1437 874 1514 Βραχὺ
930 1438 1222 1514 ἐλάττωμα
1275 1441 1441 1519 λέγει,
1503 1443 1584 1500 ὅτι
1644 1445 1893 1517 ἐποίησεν
1954 1449 1981 1504 ὁ

336 1526 567 1603 Χριστὸς
598 1527 648 1582 ἐν
680 1531 756 1600 τῷ
784 1525 882 1603 ᾅδῃ
910 1535 1057 1603 τρεῖς
1089 1531 1301 1604 ἡμέρας
1333 1533 1424 1588 καὶ
1454 1541 1600 1609 τρεῖς
1631 1537 1850 1598 νύκτας.

406 1705 663 1778 Κείμενον
693 1707 817 1782 ρκε’.
853 1730 881 1758 ι(
912 1708 1015 1765 Τὸν
1051 1705 1108 1764 δὲ
1142 1710 1321 1786 βραχὺ
1351 1717 1479 1790 παρ’
1509 1714 1776 1791 ἀγγέλους
1817 1715 1977 1786 ἥλατ-

327 1793 574 1865 τωμένον
612 1793 887 1870 βλέπομεν
920 1798 1128 1868 Ἰησοῦν
1163 1797 1252 1854 διὰ
1279 1802 1341 1856 τὸ
1371 1803 1595 1876 πάθημα
1627 1809 1721 1859 τοῦ
1753 1805 1979 1861 θανάτου

331 1877 460 1956 δόξῃ
494 1883 583 1936 καὶ
612 1887 750 1958 τιμῇ
783 1885 1220 1964 ἐστεφανωμένον
1255 1889 1305 1945 ἐν
1336 1897 1416 1964 τῷ
1449 1895 1681 1966 θανάτῳ.
1718 1920 1744 1945 ››

403 1954 628 2047 Ἑρμην.
844 1954 946 2052 γὰρ
976 1954 1072 2032 καὶ.
1096 1981 1232 2052 τιμὴ
1283 1954 1398 2037 τοῦ.
1428 1954 1666 2056 Χριστοῦ
1724 1985 1972 2061 σταυρός·
2013 1954 2057 2017 Β

327 2058 514 2130 ἐπειδὴ
583 2062 749 2137 μυρία
806 2064 982 2140 ἀγαθὰ
1030 2065 1118 2122 διὰ.
1155 2074 1269 2128 ,τοῦ
1320 2077 1550 2147 σταυροῦ
1600 2071 1830 2148 ἐγένετο’
1892 2077 1974 2131 ’ὀτι

326 2151 551 2216 θάνατος
615 2155 1076 2227 καταπεπάτηται,
1127 2159 1216 2214 καὶ
1276 2161 1480 2236 κατάρα
1536 2161 1972 2239 ἐξωστράκισται,

324 2240 352 2294 ὁ
385 2237 519 2311 ᾃδης
554 2240 889 2314 ἐσκύλευται,
923 2247 957 2315 ἠ
992 2247 1228 2324 ἁμαρτία
1271 2250 1580 2328 ἠφάνισται,
1639 2254 1672 2323 ἡ
1708 2237 1975 2326 -παράϐαέ

324 2349 406 2390 σις
436 2332 796 2407 κατήργηται,
829 2335 864 2403 ἠ
899 2335 1055 2412 φύσις
1086 2341 1192 2392 τῶν
1223 2339 1517 2414 ἀνθρώπων
1572 2349 1671 2411 τῆς
1723 2340 1972 2406 δουλείας

321 2421 428 2472 τῶν
463 2424 648 2482 παθῶν
681 2420 1077 2497 ἠλευθέρωται,
1107 2421 1366 2490 διάϐολος
1419 2427 1737 2503 ἐδεσμεύθη,
1793 2453 1970 2504 σωτη-

321 2506 430 2582 ρία,
465 2507 751 2586 ἐφυτεύθη,
787 2511 1066 2576 ἀνάστασις
1108 2515 1429 2592 ἐγνωρίσθη,
1479 2519 1637 2573 κακία
1687 2518 1968 2591 ἀπηλάθη,

321 2597 434 2664 ζωὴ
469 2595 761 2672 ἐπήγασεν,
795 2599 1224 2680 εἷδωλολατρεία
1270 2604 1458 2677 ἐλύθη’
1490 2609 1552 2662 τὸ
1586 2605 1642 2663 δὲ
1667 2610 1968 2683 θαυμαστό-

317 2705 494 2760 τερον,
528 2685 612 2740 ὅτι
640 2688 728 2742 καὶ
763 2688 915 2744 αὐτοί
946 2692 997 2744 οἱ
1029 2691 1249 2769 ἀρχαῖοι
1279 2695 1369 2750 καὶ
1414 2696 1646 2752 παλαιοὶ
1693 2707 1970 2777 προφῆται

320 2769 739 2847 ἐϐαπτίσθησαν,
773 2777 834 2834 ἐκ
859 2785 956 2834 τοῦ
1001 2781 1286 2857 ῥεύσαντος
1341 2784 1570 2859 α’ίματος
1627 2789 1716 2843 καὶ
1776 2787 1969 2852 ὕδατος

321 2861 380 2917 ἐκ
434 2871 537 2933 τῆς
594 2864 832 2942 πλευρᾶς
888 2875 986 2924 τοῦ
1045 2877 1298 2948 Χριστοῦ.
1363 2875 1458 2930 Καὶ
1518 2881 1654 2946 πῶς,
1716 2880 1966 2938 ἄκουσον.

321 2951 543 3023 Ἐπειδὴ
579 2953 638 3010 ἐκ
686 2959 957 3034 τεσσάρων
1013 2963 1298 3037 στοιχείων
1346 2965 1650 3022 συνίσταται
1698 2968 1759 3022 τὸ
1811 2974 1972 3044 σῶμα

318 3046 416 3096 τοῦ
469 3040 779 3119 ἅνθρώπου,
839 3047 1004 3104 πάλιν
1069 3054 1201 3123 μετὰ
1261 3053 1484 3109 Θάνατον
1542 3056 1617 3118 εἷς
1667 3057 1802 3112 αὐτὰ
1847 3059 1970 3114 ἀνα-

321 3128 529 3186 λύεται·
563 3131 721 3191 Οὕτω
753 3133 818 3205 δὴ
851 3136 1041 3214 γέγονε
1071 3141 1161 3194 καὶ
1193 3140 1279 3196 ἐπὶ
1309 3147 1406 3198 τοῦ
1456 3150 1714 3219 Χριστοῦ·
1770 3146 1853 3202 ὅτι
1906 3151 1968 3204 τὸ

320 3220 458 3294 αἷμα
486 3222 575 3277 καὶ
604 3223 667 3278 τὰ
699 3222 868 3300 ὕδωρ,
897 3226 928 3281 ὅ
957 3225 1202 3305 ἕῤῥευσεν
1262 3234 1296 3300 ἠ
1343 3231 1465 3308 ἀγία
1513 3235 1676 3289 αὐτοῦ
1733 3235 1966 3313 πλευρὰ,

318 3309 577 3382 ἀνελύθη,
612 3310 749 3367 ὅπου
779 3314 1038 3390 ἀνεΛύθη,
1069 3317 1158 3372 καὶ
1187 3323 1292 3374 τῶν
1343 3328 1661 3399 προφητῶν,
1692 3322 1864 3400 ἤγουν
1897 3327 1972 3390 εἷς

2362 3309 2396 3322 υ
2668 3309 2712 3327 ικ
2743 3309 2787 3323 -ι
2813 3309 2842 3331 π

2099 3339 2317 3408 luxere,
2353 3341 2609 3398 resoluta
2634 3351 2773 3400 sunt
2802 3349 2858 3402 in

315 3399 384 3452 τὰ
415 3406 684 3476 στοιχεῖα,
736 3405 827 3458 καὶ
874 3405 1044 3468 εὑθὼν
1091 3406 1223 3463 αὐτὰ
1273 3404 1577 3469 ἐϐάπτισεν.
1611 3413 1676 3470 Ei
1711 3412 1767 3470 δὲ
1825 3415 1968 3492 λέγει

315 3509 420 3559 τις,
453 3490 537 3544 ὃτι
567 3491 657 3544 καὶ
713 3491 780 3547 τὰ
825 3498 932 3548 τῶν
995 3495 1233 3552 ἀπίστων
1291 3500 1520 3573 σώματα
1574 3498 1850 3560 ἐϐάπτισεο
1886 3505 1974 3562 λέ-

318 3597 510 3652 γομεν,
544 3579 708 3655 Οὐχίο
767 3580 896 3637 ἀλλ’
949 3582 1130 3662 ὥσπερ
1187 3589 1249 3642 τὸ
1299 3586 1446 3664 ὕδωρ
1503 3598 1816 3668 προπατῶν,
1874 3594 1972 3650 ὅσα

321 3666 416 3737 μὲν
447 3667 679 3743 εὑρισκει
740 3669 938 3748 χλωρᾶ
999 3676 1155 3751 φυτὰ,
1204 3674 1415 3752 ἀρδεύει
1471 3681 1561 3736 καὶ
1613 3683 1842 3756 ποτίζει,
1876 3683 1974 3740 ὅσα

319 3753 376 3810 δὲ
428 3756 566 3832 ξηρά
621 3757 720 3813 οὐκ
773 3759 979 3838 ὠφελεῖ
1024 3763 1177 3820 αὐτά·
1231 3766 1373 3822 οὕτω
1417 3769 1528 3825 νόει
1577 3772 1665 3827 καὶ
1713 3772 1797 3828 ἐπὶ
1850 3774 1972 3830 τού-

314 3865 435 3902 του.

389 4023 642 4097 Κείμενον
696 4030 829 4100 ρκς“.
885 4054 914 4083 (ι
967 4035 1075 4085 Νῦν
1126 4029 1183 4087 δὲ
1246 4032 1397 4090 οὔπω
1445 4036 1660 4112 ὁρῶμεν
1710 4040 1858 4114 αύτῷ
1904 4043 1971 4097 τὰ

317 4111 488 4168 πάντα
520 4115 943 4193 ὑποτεταγμένα·
1009 4144 1036 4175 α
1082 4122 1263 4193 ἐπειεὴ
1309 4125 1490 4199 ἀκμὴν
1532 4127 1631 4184 οὐκ
1675 4130 1742 4200 ἦν
1773 4131 1836 4186 τὸ
1867 4134 1968 4203 κή-

321 4220 504 4276 ρυγμα
534 4204 607 4266 εἰς
636 4206 736 4275 τήν
769 4207 1096 4282 οἰκουμένην
1130 4214 1430 4290 κηρυχθέν;

393 4291 622 4367 Ἐρμην.
654 4299 895 4372 Ἔπρεπε
943 4301 1044 4376 γὰρ
1091 4300 1260 4375 αὐτῷ,
1305 4301 1475 4373 δῆλον
1509 4306 1590 4362 ὅτι
1622 4313 1702 4382 τῷ
1734 4309 1849 4383 6εῷ
1877 4310 1966 4367 καὶ

318 4380 505 4452 Πατρὶ,
541 4379 610 4436 δι’
645 4384 707 4438 οὗ
732 4385 800 4441 τὰ
827 4385 1000 4443 πάντα
1053 4388 1258 4466 ἐγένετο
1302 4392 1390 4447 καὶ
1441 4397 1686 4466 συνέστη,
1735 4400 1824 4453 τὸν
1877 4402 1968 4477 ἆρ-

312 4468 491 4543 χηγὸν
523 4478 625 4541 τῆς
656 4477 822 4545 ζωῆς,
845 4474 969 4545 ἤτοι
1001 4478 1090 4533 τὸν
1118 4481 1371 4553 Χριστὸν,
1417 4483 1669 4550 πολλοὺς
1701 4487 1856 4551 υἱοὺς
1889 4490 1964 4553 εἷς

311 4554 465 4631 δόξαν
500 4560 743 4636 οὐρανῶν
779 4565 1007 4641 φέροντα
1036 4569 1125 4622 καὶ
1161 4570 1454 4645 βασιλείαν·
1510 4576 1661 4639 υἱοὺς
1713 4575 1770 4632 δέ
1815 4577 1966 4655 λέγει

306 4647 442 4710 τοὺς
474 4654 874 4724 πνευματικοὺς
923 4655 1011 4710 καὶ
1068 4658 1252 4734 ἁγίους
1312 4661 1657 4738 ἀνθρώπους.
1704 4669 1960 4741 Ἔπρεπε,

397 4738 473 4764 -ἓ-.
563 4739 693 4764 --,2-ῖ⁴
801 4747 828 4757 η’
901 4752 934 4764 τι
971 4748 999 4758 α·-
1140 4746 1154 4764 \
1207 4753 1250 4764 ι.-
1358 4749 1371 4764 .
1462 4751 1475 4764 ι
1576 4753 1589 4764 ε
1763 4757 1774 4764 .

2099 4647 2632 4752 εοοεῐυερίιηίῐυαιεε

311 4738 498 4814 φησὶν,
558 4739 706 4813 αὐτῴ
761 4747 841 4814 τῷ
897 4748 1012 4816 Θεῷ
1067 4746 1156 4801 καὶ
1207 4749 1373 4824 Πατρῖ
1421 4751 1514 4805 τὸν
1565 4738 1820 4830 ἀρχηγὸν·
1862 4765 1964 4828 τῆς

309 4828 583 4903 σωτηρίας
636 4833 819 4904 ἡμῶν,
869 4831 994 4901 ἤτοι
1042 4836 1132 4889 τὸν
1189 4839 1442 4912 Χριστὸν,
1491 4828 1962 4918 διὰἺπαθημάτων

305 4915 517 4972 τέλειον
550 4917 817 4992 ἀναδεῖξαι
849 4922 938 4976 καὶ
969 4921 1203 4995 ἔνδοξον.

385 5007 575 5079 Ἐρώτ.
613 5012 743 5083 ρκζῖ
779 5012 844 5068 Τί
893 5010 1063 5088 λέγει·
1117 5038 1145 5066 ‹‹
1199 5015 1300 5071 Καὶ
1333 5023 1435 5086 τῆς
1466 5023 1671 5090 σκηνῆς
1700 5029 1798 5092 τῆς
1824 5021 1963 5096 ἀλη-

307 5096 482 5168 θινῆς,
515 5099 576 5167 ἣν
611 5094 802 5170 ἔπηξεν
833 5102 860 5156 ὁ
895 5102 1091 5177 Κύριος
1123 5104 1211 5159 καὶ
1247 5105 1346 5161 οὐκ
1372 5105 1688 5185 ἅνθρωπος;

384 5274 558 5330 Απόκ.
615 5279 832 5348 Σκηνήν
884 5279 1027 5358 λέγει
1076 5283 1168 5338 τὸν
1228 5284 1475 5361 οὐρανὸν,
1522 5287 1580 5342 ὅν
1630 5289 1728 5345 οὐκ
1757 5287 1960 5348 ἔκτισεν

306 5364 617 5442 ἄνθρωπος,
651 5367 830 5445 ὥσπερ
859 5370 987 5435 τοὺς
1019 5372 1104 5427 ἐπὶ
1135 5381 1236 5450 γῆς
1270 5377 1431 5439 ναοὺς
1476 5382 1584 5434 τῶν
1632 5379 1961 5452 ἐκκλησιῶν.

300 5457 770 5532 Ἀχειροποίητός
801 5460 965 5533 ἐστιν,
999 5463 1073 5526 ὡς
1101 5468 1179 5537 τῷ
1206 5470 1304 5521 τοῦ
1335 5472 1468 5522 Θεοῦ
1514 5468 1719 5547 ῥήματι
1767 5493 1960 5530 κατεσ-

299 5546 567 5620 κευασμέν
576 5568 657 5611 ος.

1353 419 1867 492 ΟΗΛΕΞΤΙΟΝΕΞ
1911 427 1989 488 ΙΝ
2034 431 2462 507 EPISTOLAS
2507 446 2764 510 PAULI.

3634 469 3755 530 7’70

2018 573 2068 635 Α
2101 563 2186 619 los
2218 574 2307 622 est
2334 569 2471 643 lata,
2506 581 2670 633 tanta
2703 584 2856 651 passi
2890 589 3232 662 sunt,idque
3265 610 3378 651 non
3402 600 3627 672 angelis
3653 605 3751 673 ju-

2100 653 2436 716 dicantibus
2457 667 3058 742 mundum.quidnam
3082 653 3167 732 illi
3193 653 3610 760 patienturuqui
3635 653 3750 749 rion

2097 744 2379 802 obediunt
2408 750 2519 821 ipsi
2553 753 2848 814 Domino?

2170 833 2343 892 Pace.
2379 838 2622 898 CXXIII.
2657 867 2684 894 ‹‹
2722 848 2869 913 Quid
2901 858 2991 907 est
3021 853 3217 924 homo,
3243 863 3397 930 quod
3433 881 3658 922 memor
3688 883 3750 924 es

2096 922 2224 990 ejus
2256 924 2342 979 κ
2374 951 2402 976 ››

2166 1016 2823 1082 INTsapaET.Hominem
2856 1037 2911 1084 et
2939 1031 3129 1089 tilium
3161 1035 3415 1096 hominis
3449 1044 3748 1103 Christum

2097 1101 2256 1170 dicit,
2291 1106 2444 1163 sicut
2491 1117 2582 1166 est
2613 1130 2715 1183 per
2763 1119 2963 1174 omnia
3009 1127 3540 1188 consubstantialis
3572 1137 3750 1207 Patri,

2095 1196 2373 1261 tanquam
2408 1200 2699 1268 perfectus
2730 1205 2883 1262 Deus
2915 1216 2970 1264 et
3000 1214 3292 1282 perfectus
3324 1219 3520 1278 homo.

2168 1280 2341 1338 Paos.
2376 1286 2610 1345 CXXIV.
2653 1314 2674 1343 ι
2711 1280 3158 1358 Minuistieum
3210 1307 3385 1377 paulo
3437 1314 3633 1369 minus
3679 1314 3752 1370 ab

2095 1373 2322 1443 angelis
2354 1377 2418 1431 97.
2452 1401 2480 1427 ››

2166 1461 2505 1524 IN'rsapaaT.
2585 1473 2898 1547 Paulisper
2963 1479 3296 1540 inferiorem
3383 1489 3551 1561 dicit,
3612 1495 3752 1565 quia

2092 1549 2359 1609 Christus
2391 1560 2546 1628 apud
2571 1559 2786 1620 inleros
2818 1567 3009 1625 tribus
3031 1571 3238 1629 diebus
3275 1579 3331 1631 et
3352 1549 3749 1639 tribus’no‘cti;

2092 1637 2203 1694 bus
2238 1642 2367 1698 fuit.

2163 1730 2314 1786 279
2349 1733 2523 1792 Pnor.
2571 1739 2776 1798 CXXV.
2837 1765 2862 1796 ιι
2896 1747 3038 1802 Eum
3099 1757 3293 1808 autem
3357 1758 3457 1827 qui
3513 1761 3744 1819 modico

2091 1833 2266 1888 quam
2291 1824 2479 1894 angeli
2505 1828 2835 1887 minoratus
2863 1839 3248 1902 est,videmus
3277 1844 3482 1902 Jesum
3508 1855 3745 1921 propter

2092 1908 2422 1977 passionem
2459 1917 2660 1972 mortis
2693 1921 2877 1991 gloria
2910 1932 2965 1980 et
2997 1928 3214 1984 honore
3246 1943 3586 1992 coronatum
3620 1940 3684 1974 93-
3716 1963 3736 1990 ι

2162 1997 2388 2054 INTERP.
2426 2003 2623 2060 Gloria
2654 2013 2709 2063 et
2757 2010 2944 2068 honor
2972 2016 3203 2080 Christi.
3239 2038 3378 2077 crux
3427 2031 3515 2080 est
3549 2045 3561 2082 :
3599 2029 3740 2098 quia

2087 2084 2394 2145 innumera
2448 2092 2598 2149 bona
2631 2113 2733 2167 per
2774 2116 3003 2157 crucem
3049 2108 3360 2181 contigere,
3395 2117 3739 2176 conculcata

2086 2189 2343 2246 namque
2374 2184 2463 2234 est
2495 2199 2670 2252 mors,
2705 2192 2759 2241 et
2796 2190 2851 2243 in
2885 2193 3154 2249 exsilium
3205 2200 3455 2268 relegata
3486 2206 3735 2262 maledi-

2086 2262 2200 2316 ctio
2235 2281 2245 2318 :
2281 2265 2546 2325 infernus
2576 2273 2840 2346 direptus
2871 2287 3296 2353 est,lpeccatum
3321 2262 3409 2345 est
3425 2294 3734 2367 abolitum,

2083 2355 2472 2425 transgressio
2505 2360 2972 2430 sublata,natura
2995 2370 3300 2431 hominum
3325 2380 3395 2433 ab
3419 2382 3733 2441 alfectuum

2084 2443 2360 2499 servitute
2407 2446 2674 2518 liberata,
2727 2455 2997 2514 diabolus
3049 2467 3136 2516 est
3184 2463 3422 2537 ligatus,
3471 2473 3734 2542 plantata

2082 2533 2168 2583 est
2225 2531 2409 2605 salus,
2460 2544 2804 2597 resurrectio
2859 2554 2948 2601 est
3007 2531 3313 2619 patefacta,
3362 2531 3586 2616 malitia
3642 2568 3733 2619 est

2082 2619 2307 2687 abacta,
2342 2624 2460 2679 vita
2507 2629 2673 2698 quasi
2707 2633 2836 2688 fons
2884 2642 3206 2712 scaturivit,
3253 2645 3582 2707 idololatria
3611 2654 3732 2711 dis.

2082 2707 2274 2763 soluta
2306 2727 2317 2763 :
2353 2716 2409 2767 et
2441 2718 2591 2784 quod
2625 2720 2956 2780 mirabilius
2988 2735 3094 2799 est,
3129 2707 3356 2805 antiqui
3389 2745 3731 2815 veteresque

2082 2798 2374 2869 prophetee
2434 2820 2502 2858 ex
2559 2807 2769 2864 Christi
2820 2798 3106 2886 sanguine
3155 2826 3212 2876 et
3267 2798 3421 2896 aqua
3476 2845 3544 2884 ex
3600 2798 3730 2903 eius

2080 2885 2257 2943 latere
2288 2892 2610 2960 proﬂuente
2660 2885 2955 2972 baptizatiﬁ
2984 2913 3142 2965 sunt.
3190 2913 3250 2967 Id
3301 2885 3731 2985 quomodo};

2081 2980 2238 3031 ctum
2299 2979 2398 3047 sit,
2448 2985 2604 3040 audi.
2659 2989 2942 3053 Quoniam
2995 3013 3060 3050 ex
3113 3006 3366 3070 quatuor
3423 3007 3729 3068 elementis

2079 3071 2307 3122 constat
2339 3068 2669 3131 humunum
2703 3094 2934 3153 corpus,
2978 3084 3035 3139 in
3068 3103 3134 3142 ea
3165 3095 3296 3160 post
3327 3101 3574 3153 mortem
3604 3118 3730 3157 rur-

2079 3171 2183 3210 sus
2205 3159 2529 3217 resolvitur.
2559 3163 2642 3219 Ita
2671 3183 2800 3224 cum
2827 3171 3058 3230 Christo
3080 3159 3313 3251 quoque
3337 3184 3551 3242 factum
3586 3195 3677 3246 est
3711 3207 3725 3248 :

2080 3263 2217 3305 nam
2253 3251 2494 3322 sanguis
2526 3259 2583 3308 et
2615 3271 2787 3327 aqua,
2809 3276 2935 3331 quae
2967 3280 3035 3318 ex
3066 3275 3267 3325 sancto
3300 3271 3478 3330 latere
3508 3277 3728 3336 Christi

2892 3351 3045 3415 id,in
3077 3359 3232 3427 quod
3265 3361 3439 3418 etiam
3474 3368 3726 3440 prophe-

2080 3433 2270 3484 tarum
2301 3431 2542 3502 sanguis
2575 3435 2867 3494 resolutus
2899 3447 3007 3511 est,
3031 3444 3299 3504 videlicet
3331 3451 3386 3505 in
3419 3453 3730 3528 elementa,

2081 3535 2208 3590 quae
2239 3519 2320 3574 ibi
2369 3520 2668 3579 inveniens
2714 3526 3046 3598 baptizavit.
3081 3534 3240 3598 Quod
3290 3540 3338 3594 si
3391 3543 3523 3615 quis
3573 3563 3732 3604 nunc

2082 3609 2342 3678 objiciet,
2377 3611 2528 3681 quod
2580 3613 2754 3669 etiam
2801 3616 3128 3678 infidelium
3179 3609 3424 3700 corpora
3469 3634 3731 3707 baptiza-

2081 3699 2255 3754 verit:
2290 3702 3040 3771 respondemus.Non.Nam
3075 3713 3221 3770 sicut
3253 3699 3406 3790 aqua
3431 3722 3730 3795 difﬂuens,

2082 3804 2469 3860 quascunque
2509 3791 2742 3862 quidem
2794 3800 3006 3868 reperit
3057 3801 3268 3860 herbas
3322 3809 3596 3881 virentes,
3630 3833 3732 3872 eas

2083 3876 2287 3949 irrigat
2316 3884 2373 3932 et
2422 3885 2583 3950 potat
2616 3899 2628 3936 :
2664 3901 2810 3953 quas
2843 3894 3039 3944 autem
3091 3895 3285 3952 aridas
3320 3898 3625 3971 invenerit,
3657 3905 3734 3961 iis

2081 3965 2226 4020 nihil
2261 3967 2490 4038 prodest
2524 3985 2536 4024 :
2573 3969 2656 4027 sic
2685 3974 2861 4030 etiam
2897 3977 2987 4033 hic
3017 3983 3287 4053 cogitato.

2150 4056 2376 4118 Quasr.
2419 4057 2644 4116 CXXVI.
2697 4062 2864 4131 (Quid
2917 4074 3006 4122 est
3055 4073 3208 4140 quod
3261 4076 3400 4133 dicit
3433 4079 3472 4151 :)
3509 4102 3528 4130 ο
3564 4081 3732 4140 Nune

2078 4150 2273 4200 autem
2327 4147 2587 4202 nondum
2638 4149 2906 4208 videmus
2949 4160 3147 4214 omnia
3199 4164 3462 4235 subjecta
3506 4170 3556 4224 ei
3601 4172 3666 4244 θθ,
3703 4194 3731 4223 ››

2077 4248 2210 4288 cum
2243 4235 2504 4290 nondum
2536 4239 2867 4308 praedicatio
2900 4243 2957 4297 in
2993 4248 3190 4304 orbem
3228 4256 3624 4322 pervasisset?

2151 4327 2376 4378 lNTERP.
2411 4325 2657 4381 Decebat
2687 4344 2842 4400 eum,
2875 4333 3136 4392 videlicet
3175 4339 3356 4397 Deum
3389 4351 3446 4400 et
3477 4347 3728 4418 Patrem,

2078 4427 2179 4482 per
2209 4428 2382 4483 quem
2416 4416 2615 4469 omnia
2663 4417 2811 4473 facta
2843 4427 2982 4476 sunt
3031 4429 3087 4479 et
3137 4429 3490 4504 subsistunt,
3525 4416 3732 4494 ducem

2075 4501 2202 4556 vitae
2255 4501 2553 4558 Christum
2607 4506 2847 4574 scilicet,
2892 4513 3110 4569 multos
3161 4517 3311 4574 ﬁlios
3359 4522 3428 4577 ad
3478 4501 3729 4596 gloriam

2074 4595 2129 4645 et
2189 4607 2432 4662 regnum
2493 4593 2771 4651 ccelorum
2833 4601 3267 4662 adducentem:
3320 4610 3472 4667 ﬁlios
3529 4617 3728 4672 autem

2691 4692 2747 4740 et
2804 4701 3040 4748 sanctos
3099 4693 3388 4756 homines.
3461 4706 3733 4776 Docebat,

2074 4770 2285 4841 inquit,
2324 4772 2498 4826 Deum
2530 4779 2584 4827 et
2617 4778 2868 4844 Patrem,
2901 4781 3222 4856 principem
3258 4789 3466 4847 salutis
3494 4801 3731 4867 nostris,

2075 4860 2297 4914 scilicet
2328 4860 2649 4931 Christum,
2685 4882 2787 4936 per
2830 4871 3135 4939 passiones
3168 4879 3486 4946 perfectum
3518 4887 3574 4938 et
3603 4860 3732 4956 glo;

2074 4948 2296 5003 riosum
2332 4951 2624 5007 exhibere.

2145 5039 2369 5101 Qnms'r.
2426 5040 2679 5096 CXXVII.
2741 5045 2885 5107 Quid
2947 5054 3034 5104 est
3092 5056 3244 5124 quod
3308 5057 3543 5127 inquit:
3582 5083 3610 5112 ‹‹
3658 5062 3731 5118 Et

2074 5127 2190 5180 veri
2269 5128 2632 5184 tabernaculi
2705 5137 2856 5204 quod
2929 5139 3052 5194 ﬁxit
3135 5145 3417 5202 Dominus
3480 5155 3538 5204 et
3609 5168 3728 5207 non

2073 5213 2249 5269 homo
2284 5216 2352 5270 1?

2148 5304 2317 5359 Resp.
2374 5307 2838 5366 Tabernaculum
2902 5315 3041 5371 dicit
3098 5319 3330 5388 omium,
3398 5327 3549 5397 quod
3611 5345 3728 5386 non

2073 5394 2290 5447 creavit
2330 5393 2527 5458 homo.
2561 5398 2716 5455 velut
2745 5401 2800 5454 in
2831 5409 2982 5458 terra
3016 5407 3200 5465 facere
3233 5411 3424 5467 solent
3453 5416 3727 5474 ecclesia-

2073 5498 2204 5536 rum
2239 5484 2478 5556 templa.
2511 5486 2626 5542 Nec
2683 5506 2860 5544 manu
2913 5491 3132 5553 factum
3182 5502 3290 5569 est,
3326 5505 3526 5574 utpote
3568 5507 3726 5578 quod

2073 5569 2424 5630 fabricatum
2456 5581 2546 5632 est
2575 5578 2746 5633 verbo
2777 5577 2898 5636 Dei.

375 5761 420 5799 ⁵⁸
451 5761 602 5822 Psal.
638 5781 759 5839 vm,
789 5767 846 5825 5.
923 5767 966 5806 ’7
995 5767 1139 5828 ibid.
1169 5771 1224 5827 6.
1301 5771 1346 5810 θ’
1374 5771 1550 5832 Hebr.
1584 5791 1649 5846 ιι,
1679 5777 1734 5835 9.
1811 5778 1858 5818 ⁸ο
1883 5779 2026 5840 ibid.
2056 5783 2111 5841 8.
2189 5786 2206 5822 ¹
2240 5784 2416 5846 Hebr.
2451 5805 2573 5864 vni,
2603 5792 2656 5848 2.
