4148 6366
403 416 516 476 ἹῊ

1550 415 1615 477 S.
1661 408 2183 476 ATHANASIUS.
2219 441 2296 454 —
2323 407 2637 472 SPURIA.

3710 413 3829 473 ’7⁸72

469 548 646 603 Paor.
680 547 968 603 CXXVIII.
1006 570 1032 598 ‹‹
1065 548 1258 604 Sancti
1290 565 1495 606 omnes
1528 565 1629 620 per
1659 548 1835 604 ﬁdem
1869 560 2032 618 expu-

2236 540 2490 613 Κείμενον
2527 542 2666 616 ρκη’.
2704 563 2733 592 ‹‹
2765 540 2832 598 Οἱ
2859 541 3009 615 ἅγιοι
3036 540 3230 605 πάντες
3260 538 3350 596 διὰ
3394 539 3631 604 πίστεως
3660 564 3832 615 κατη-

401 640 729 710 gnaverunt
758 652 1005 709 regnum
1039 640 1081 693 ².
1117 660 1144 688 ››

469 730 701 782 lmsap.
735 726 1056 793 Abraham,
1115 728 1321 800 Moses,
1380 730 1550 784 Jesus
1608 726 1769 783 filius
1830 724 1986 780 Nave
2038 739 2051 778 :

399 836 427 864 «
462 814 686 888 operati
734 820 874 871 sunt
912 817 1233 888 justitiam,
1275 841 1300 867 ››
1338 817 1651 884 Abraham,
1703 814 1950 871 Phinees
1999 816 2057 869 et

400 904 614 970 David;
662 927 689 956 ‹‹
723 905 921 977 adepti
971 910 1109 961 sunt
1157 907 1601 979 promissiones,
1636 926 1663 956 »
1695 906 1835 959 item
1883 905 2055 959 Jesus

396 992 555 1049 ﬁlius
582 991 735 1050 Nave
756 999 814 1049 et
834 993 1046 1051 Chaleb
1071 1011 1086 1064 ;
1108 1018 1135 1046 «
1162 996 1583 1051 cbturaverunt
1610 1012 1710 1051 ora
1731 993 1992 1060 leonum,
2022 1014 2044 1044 ι

402 1081 602 1139 Daniel
625 1083 684 1138 in
710 1082 947 1138 leonum
971 1085 1168 1153 fovea;
1195 1107 1221 1134 «
1248 1085 1667 1140 Exstinxerunt
1686 1083 1802 1139 vim
1830 1080 2046 1155 ignis,-

396 1176 516 1228 tres
546 1171 631 1227 illi
663 1173 828 1245 pueri
862 1172 920 1228 in
952 1172 1124 1246 ignea
1157 1175 1427 1243 fornace;
1461 1199 1488 1225 ‹‹
1523 1175 1866 1245 Effugerunt
1898 1171 2053 1228 acies

397 1259 659 1334 gladii,»
712 1260 900 1317 Helias
926 1267 982 1318 ct
1032 1263 1242 1332 David;
1282 1286 1307 1318 ιι
1342 1264 1613 1320 Roborati
1656 1268 1798 1320 sunt
1843 1278 1913 1318 ex
1960 1261 2048 1316 in-

398 1350 697 1419 firmitate,
732 1372 760 1400 »
793 1350 949 1407 velut
996 1353 1310 1424 Ezechias;
1343 1374 1364 1401 ι
1401 1354 1604 1410 Fortes
1653 1353 1788 1409 facti
1822 1356 1961 1408 sunt
1989 1350 2048 1406 in

398 1439 574 1512 bello,
605 1462 634 1490 »
658 1439 833 1496 veluti
866 1442 1136 1510 Samson,
1164 1444 1261 1515 qui
1296 1461 1414 1499 una
1441 1442 1593 1500 asini
1620 1441 1859 1499 maxilla
1889 1438 2050 1496 mille

395 1528 709 1602 prostravit
756 1528 1149 1604 alienigenas;
1195 1554 1224 1583 «
1258 1531 1534 1589 Mulieres
1581 1533 1935 1604 acceperunt
1979 1546 2050 1586 ex

394 1618 818 1675 resurrectione
867 1624 1130 1677 mortuos
1178 1638 1338 1692 suos,
1387 1644 1414 1672 »
1464 1621 1794 1679 Sunamitis
1842 1623 1900 1675 et
1940 1619 2045 1675 Sa-

392 1707 663 1781 rephthia
689 1724 741 1776 ;«
762 1707 861 1763 alii
883 1726 1015 1765 vero
1039 1709 1276 1767 distenti
1302 1715 1499 1779 sunt,»
1519 1709 1802 1767 Jacobum
1827 1709 2045 1778 (5")fra-

389 1799 537 1852 trem
588 1797 822 1853 Domini
850 1798 1012 1861 dicit,
1045 1803 1102 1855 et
1133 1798 1276 1856 alios
1308 1801 1525 1872 quibus
1566 1803 1868 1870 amputata
1906 1801 2045 1853 sunt

2167 652 2277 707 γων
2290 632 2468 686 ίσαντο
2507 632 2806 707 βασιλείαν.

2237 722 2467 794 Ἐρμην.
2526 716 2796 797 Ἀϐραὰμ,
2876 724 3106 792 Μωσῆς,
3180 724 3393 793 Ἰησοῦς
3470 727 3568 777 τοῦ
3644 729 3820 794 Ναυῆ·

2173 834 2199 866 ιι
2239 811 2554 887 εἰργάσαντο
2602 808 2973 881 δικαιοσύνην,
3039 836 3065 863 ››
3126 808 3394 887 Ἀϐραὰμ,
3455 814 3670 885 Φινεὶς,
3725 815 3819 870 καὶ

2164 895 2348 955 Δαϐίδ·
2385 899 2709 976 «ἐπέτυχον
2766 898 3128 976 ἐπαγγελιῶν,
3179 925 3206 952 ››
3264 902 3477 972 Ἰησοῦς
3531 907 3630 957 τοῦ
3661 909 3814 972 Ναυῆ

2161 990 2249 1044 καὶ
2280 984 2479 1045 Χαλέϐο
2515 1014 2543 1041 ‹‹
2577 986 2803 1068 ἔφραξαν
2850 989 3092 1060 στόματα
3143 988 3399 1057 λεόντων,
3454 1015 3476 1043 ι
3523 989 3728 1060 Δανιὴλ
3762 991 3813 1047 έν

2158 1083 2238 1150 τῷ
2296 1077 2504 1152 λάκκῳ·
2561 1104 2588 1130 ‹‹
2649 1074 2868 1133 ἔσϐεσαν
2931 1076 3155 1152 δύναμιν
3212 1080 3403 1155 πυρὸς,
3467 1102 3496 1132 υ
3553 1081 3607 1135 οἱ
3665 1086 3817 1154 τρεῖς

2160 1165 2347 1231 παῖδες
2404 1167 2454 1223 ὲν
2504 1167 2741 1242 καμίνῳ.
2790 1192 2819 1221 ››
2873 1173 3113 1248 ’Ἐφυγον
3167 1169 3411 1243 στόματα
3453 1170 3751 1246 μαχαίρας,
3785 1195 3816 1226 ιι

2156 1256 2345 1319 Ἠλίας
2375 1257 2465 1312 καὶ
2497 1252 2684 1314 Δαϐίδ.
2719 1281 2747 1307 ‹‹
2779 1255 3294 1331 Ἐνεδυναμώθησαν
3324 1258 3429 1314 ἀπὸ
3460 1259 3750 1334 ἀσθενείας,
3788 1286 3816 1313 ››

2160 1347 2235 1408 ὡς
2288 1346 2550 1416 Ἑζεκίας,
2601 1370 2630 1399 ‹‹
2680 1347 3049 1421 Ἐγενήθησαν
3099 1346 3317 1423 ἰσχυροὶ
3377 1346 3430 1403 έν
3476 1346 3729 1422 πολέμῳ,
3786 1374 3810 1405 ι

2158 1435 2231 1497 ὡς
2264 1436 2504 1509 Σαμψὼν
2537 1434 2586 1491 έν
2623 1439 2723 1509 μιᾷ
2759 1436 2967 1511 σιαγόνι
3018 1430 3142 1490 ὄνου
3184 1434 3408 1511 χιλίους
3458 1436 3817 1515 ἀλλοφύλους

2155 1525 2530 1601 κατέστρεψεν.
2611 1548 2641 1578 (ι
2713 1518 2952 1581 ’Έλαϐον
3028 1530 3273 1602 γυναῖκες
3350 1524 3401 1597 ἐξ
3466 1524 3811 1592 ἀναστάσεως

2154 1613 2280 1676 τοὺς
2335 1614 2557 1690 νεκροὺς
2615 1614 2811 1681 αὐτῶν,
2875 1635 2902 1666 ιι
2963 1620 3293 1689 Σουναμῖτις
3338 1615 3429 1669 καὶ
3501 1619 3806 1695 Σαραφθία·

2160 1729 2181 1759 ι
2225 1702 2427 1760 ηΔλλοι
2467 1702 2525 1759 δέ
2575 1702 3066 1776 ἐτυμπανίσθησαν,
3118 1728 3147 1757 ››
3207 1698 3461 1761 Ἰάκωϐον
3509 1703 3656 1781 λέγει
3710 1707 3805 1763 τὸν

2153 1791 2386 1851 ἀδελφὸν
2441 1796 2539 1848 τοῦ
2587 1792 2806 1869 Κυρίου,
2855 1793 2944 1847 καὶ
2991 1791 3118 1855 τοὺς
3168 1791 3421 1862 λοιποὺς,
3454 1791 3571 1849 ὅσοι
3604 1795 3804 1852 ἀπεκε-

386 1885 580 1981 capita
611 1902 624 1942 :
659 1904 797 1943 nam
830 1887 1107 1946 distentio
1140 1888 1284 1944 nihil
1309 1888 1468 1946 aliud
1503 1892 1593 1946 est
1636 1905 1816 1961 quam
1846 1885 2032 1943 decol-

2152 1881 2513 1959 φαλίσθησαν⁸
2557 1881 2939 1954 τυμπανισμὸς
2983 1880 3085 1956 γὰρ
3136 1881 3165 1935 6
3214 1879 3662 1959 ἀποκεφαλισμὸς
3708 1881 3802 1939 λέ-

381 1972 563 2043 latio;
596 1997 626 2026 ‹‹
667 1975 766 2033 alii
796 1992 930 2032 vero
959 1975 1219 2033 ludibria
1247 1982 1305 2033 et
1348 1977 1533 2052 ﬂagra
1561 1977 1780 2049 experti
1812 1979 1970 2045 sunt,
2006 1996 2035 2025 »
2071 1972 2113 1981 “’
2146 1990 2318 2047 γεται’
2355 1996 2382 2023 ‹‹

382 2062 584 2133 Isaias,
614 2063 940 2133 Jeremias;
982 2069 1040 2120 et
1086 2064 1397 2134 Michaaas;
1432 2088 1459 2117 «
1494 2065 1757 2137 Lapidati
1811 2068 1973 2125 sunt.
2005 2084 2032 2113 η

378 2152 707 2225 Stephanus
752 2158 812 2210 et
864 2154 1171 2223 Nabuthe;
1212 2176 1240 2205 ‹‹
1284 2154 1531 2211 Dissecti
1581 2163 1744 2221 sunt,
1782 2176 1809 2203 ››
1853 2153 2038 2209 Isaias

381 2256 556 2312 quem
587 2258 751 2299 serra
777 2242 975 2314 lignea
995 2248 1271 2299 secarunt
1287 2244 1317 2298 J
1329 2244 1473 2298 ιιάωί
1499 2262 1549 2308 ;‹‹
1574 2242 1804 2298 Tentati
1828 2246 1986 2307 sunt,
2006 2262 2033 2291 ››

379 2329 558 2386 veluti
583 2331 729 2398 Job;
764 2354 793 2381 ‹‹
822 2333 901 2398 {In
931 2332 1225 2388 occisione
1271 2332 1451 2404 gladii
1495 2332 1899 2388 occubuerunt
1926 2332 1968 2398 3,
2004 2353 2033 2381 ››

378 2418 656 2491 Jacohus,
716 2420 1025 2476 Zacharias
1082 2426 1140 2476 et
1194 2421 1314 2476 alii.
1369 2441 1398 2471 ‹‹
1437 2423 1624 2492 Atque
1671 2437 1878 2476 omnes
1934 2419 2032 2475 isti

380 2508 718 2564 testimonio
750 2510 980 2580 probati
1012 2526 1115 2580 per
1145 2509 1342 2580 fidem,
1369 2526 1483 2564 non
1515 2513 1869 2581 acceperunt
1899 2526 2030 2581 pro-

378 2597 743 2654 missionem.
756 2620 777 2646 ι
797 2598 1011 2653 Omnes
1027 2598 1290 2653 videlicet
1305 2599 1397 2654 isti
1412 2599 1599 2655 sancti
1624 2597 1962 2653 testimoniu
1975 2615 2031 2652 m

377 2702 671 2759 accepere,
733 2689 891 2758 quod
953 2687 1281 2759 placuerint
1341 2688 1479 2754 Deo,
1531 2693 1591 2744 et
1649 2688 1697 2743 si
1767 2688 2029 2742 nondum

378 2776 651 2831 fruantur
679 2776 894 2848 gaudio
924 2776 1087 2848 regni
1118 2775 1395 2832 caelorum
1426 2781 1483 2832 et
1510 2792 1713 2831 eorum
1738 2775 2028 2832 bonorum

377 2881 506 2936 qua
537 2865 830 2936 promissa
853 2871 993 2920 sunt
1012 2864 1324 2936 justis,sed
1348 2866 2027 2939 exepectentsecundum

377 2954 717 3021 adventum,
760 2959 824 3009 ut
855 2960 981 3009 tum
1013 2958 1369 3010 coronentur
1398 2970 1604 3010 omnes
1632 2955 1693 3009 in
1724 2971 1841 3010 uno
1872 2954 2027 3010 horae

374 3048 691 3100 momento.
725 3042 871 3101 Nam
920 3043 1027 3098 hoc
1070 3049 1161 3098 est
1207 3043 1360 3112 quod
1412 3043 1608 3114 inquit
1657 3043 2023 3115 Apostolus:

372 3152 401 3181 «
434 3130 551 3188 Deo
580 3147 682 3203 pro
715 3131 886 3188 nobis
918 3130 1132 3187 melius
1163 3130 1385 3203 aliquid
1417 3132 1867 3204 providente,ne
1898 3132 2028 3189 sine

373 3220 544 3276 nobis
569 3225 1124 3277 consummarentur
1150 3220 1189 3277 ‘.
1226 3242 1255 3270 »
1287 3220 1432 3276 Nam
1466 3221 1614 3277 citra
1644 3237 2022 3277 consumma-

373 3308 596 3365 tionem
624 3309 890 3365 omnium
939 3313 1305 3375 sanctorum,
1338 3308 1587 3365 dimidia
1634 3326 1771 3381 pars
1818 3326 2021 3366 eorum
2051 3287 2097 3352 Ο

376 3398 531 3453 bona
559 3397 855 3470 promissa
884 3414 1001 3454 non
1032 3397 1443 3469 accipit.Spem
1475 3397 1712 3469 quidem
1733 3403 1791 3454 et
1816 3398 2025 3455 arrha-

379 3487 531 3542 bona
552 3486 1164 3558 habent,separatique
1193 3492 1332 3543 sunt
1350 3505 1384 3542 a
1400 3488 2023 3560 peccatoribus.lpsam

378 3589 514 3630 vero
546 3575 958 3646 perfectionem
1018 3575 1280 3631 nondum
1341 3577 1494 3633 280
1552 3582 1694 3633 sunt
1746 3576 2024 3649 assecuti,

376 3680 505 3736 quae
534 3668 625 3720 est
668 3662 1093 3736 praestabilior;
1124 3664 1403 3721 nimirum
1457 3670 1522 3721 ut
1570 3681 1777 3722 omnes
1818 3666 2024 3722 eodem

375 3757 638 3826 tempore
666 3752 846 3809 simul
876 3753 1097 3808 intrent
1121 3752 1180 3807 in
1212 3759 1544 3826 regnum,et
1571 3753 1873 3827 aequaliter
1901 3771 2026 3811 om-

371 3857 474 3900 nes
504 3841 693 3899 sancti
722 3842 1010 3899 bonorum
1038 3842 1140 3899 Dei
1169 3842 1483 3915 participes
1513 3844 1679 3900 ﬁant.

442 4019 618 4077 Pnor.
650 4019 883 4075 CXXIX.
905 4041 935 4071 «
963 4019 1079 4077 Nos
1109 4026 1336 4078 tantam
1366 4022 1651 4079 habentes
1678 4022 2021 4097 impositam

372 4109 591 4165 nubem
621 4109 860 4166 testium
882 4109 920 4164 ⁵.
958 4131 986 4160 ››

446 4202 784 4255 Iumrns'r.
816 4198 1044 4255 Nubem
1095 4198 1333 4255 testium
1391 4200 1553 4272 ipsos
1603 4202 1851 4271 vocavit,
1881 4204 2025 4277 quia

370 4285 625 4343 irrcrant
657 4304 764 4344 nos
816 4288 918 4360 qui
948 4288 1007 4343 in
1041 4290 1299 4360 peccatis
1343 4290 1680 4347 detinemur
1699 4297 1756 4348 et
1805 4299 2019 4349 aestua-

370 4391 527 4447 mus,
559 4380 618 4433 et
647 4377 861 4433 umbra
904 4393 1024 4433 sua
1053 4376 1492 4435 intercessionis
1540 4396 1649 4435 nos
1678 4385 2018 4452 contegunt.

432 4559 615 4612 Paor.
648 4555 849 4613 CXXX.
882 4578 912 4607 ‹‹
944 4556 1310 4629 Deponentes
1345 4572 1520 4614 omne
1550 4558 1804 4630 pondus,
1823 4562 1881 4614 et
1908 4559 2018 4615 eir-

364 4649 676 4702 cumstans
707 4662 815 4701 nos
847 4650 1152 4717 peccatum
1181 4646 1223 4700 σ.
1257 4667 1287 4696 ››

436 4734 663 4790 Iuram.
701 4735 955 4802 Pondus,
990 4734 1431 4791 multitudinem
1483 4740 1668 4791 vocat.
1702 4735 1794 4792 Sic
1826 4741 2020 4793 autem

366 4823 565 4895 inquit
587 4839 599 4879 :
625 4822 1110 4895 Quandoquidem
1133 4823 1420 4881 habemus
1447 4829 1673 4880 tantam
1699 4825 2022 4882 multitudi-

365 4929 499 4969 nem
527 4917 865 4969 sanctorum
901 4913 1359 4979 testium,instar
1388 4913 1635 4969 nubium
1670 4915 2019 4973 irrorantem

364 5017 492 5069 nos,
543 5001 952 5058 intercessioni
983 5018 1221 5073 precum
1253 5002 1520 5075 ipsorum
1549 5003 1783 5074 conﬁsi,
1833 5004 2020 5062 imite-

363 5106 497 5147 mur
525 5096 584 5145 et
615 5107 721 5148 nos
755 5090 992 5146 illorum
1025 5091 1268 5147 virtutes
1302 5110 1315 5147 :
1363 5097 1421 5148 et
1450 5093 1611 5148 omni
1642 5100 2015 5165 peccatorum

362 5178 590 5251 abjecto
620 5181 899 5252 pondere,
955 5187 1131 5253 atque
1163 5187 1399 5253 peccato
1431 5187 1852 5240 circumstante
1881 5184 2018 5241 reli-

2444 1973 2659 2046 Ἕτεροι
2710 1967 2767 2025 δὲ
2812 1970 3139 2045 ἐμπαιγμῶν
3165 1968 3256 2025 καὶ
3290 1970 3566 2045 μαστίγων
3607 1976 3798 2049 πεῖραν

2148 2055 2362 2131 ἔλαϐον,
2414 2084 2441 2112 ‹‹
2504 2061 2746 2128 Ἠσαὶας,
2793 2057 3081 2136 Ἱερεμίας,
3130 2057 3219 2113 καὶ
3270 2058 3534 2135 Μιχαίας.
3584 2085 3613 2113 ‹‹
3643 2059 3803 2117 Ἐλι-

2147 2148 2440 2221 θάσθησαν,
2497 2173 2526 2203 ››
2587 2148 2856 2227 Στέφανος
2914 2147 3004 2202 καὶ
3053 2143 3318 2212 Ναϐουθέ.
3402 2172 3423 2199 ε
3505 2148 3805 2226 Ἐπρίσθη-

2144 2260 2261 2307 σαν,
2315 2262 2344 2291 ››
2403 2240 2431 2294 ὁ
2484 2239 2728 2300 Ἡσαΐας
2789 2234 2990 2310 ξυλίνῳ
3032 2236 3219 2313 πρίονι
3272 2232 3494 2313 ἔπρισαν
3526 2237 3687 2294 αὐτὸν
3747 2242 3801 2295 οἱ

2145 2324 2421 2384 Ἰουδαῖοι.
2485 2352 2506 2379 α
2566 2326 3016 2402 Ἐπειράσθησαν,
3055 2350 3075 2376 ι
3111 2326 3187 2387 ὡς
3219 2326 3247 2381 ὁ
3277 2320 3429 2382 Ἰώϐ.
3466 2351 3494 2379 ι(
3528 2328 3616 2384 Ἐν
3650 2329 3802 2407 φόνῳ

2146 2417 2420 2493 μαχαίρας
2469 2415 2753 2487 ἀπέθανον,
2806 2438 2835 2466 ››
2891 2409 3168 2485 Ἰάκωϐος,
3248 2415 3544 2491 Ζαχαρίας,
3592 2416 3684 2472 καὶ
3741 2420 3799 2473 οἱ

2144 2504 2350 2562 λοιποί.
2405 2529 2425 2556 ε
2481 2503 2583 2562 Καὶ
2625 2502 2776 2559 οὗτοι
2833 2504 3051 2574 πάντες,
3107 2503 3543 2578 μαρτυρηθέντες
3575 2502 3665 2560 διὰ
3692 2513 3794 2577 τῆς

2140 2594 2397 2668 πίστεως,
2440 2594 2539 2649 οὐκ
2587 2593 2909 2667 ἐκομίσαντο
2956 2593 3055 2661 τὴν
3109 2590 3463 2668 ἐπαγγελίαν,
3515 2618 3545 2646 ››
3596 2597 3798 2671 Ἠγουν

2142 2683 2290 2739 οὗτοι
2321 2683 2511 2746 πάντες
2545 2683 2597 2737 οἱ
2629 2684 2773 2759 ἅγιοι
2809 2681 3259 2758 μαρτυρηθέντες,
3292 2680 3377 2737 ὅτι
3427 2682 3792 2759 εὐηρέστησαν

2137 2774 2217 2845 τῷ
2248 2778 2383 2845 Θεῷ,
2446 2770 2600 2828 οὔπω
2648 2770 2952 2827 ἀπέλαυσαν
2997 2778 3097 2840 τῆς
3148 2770 3427 2846 βασιλείας
3473 2777 3579 2827 τῶν
3627 2773 3789 2849 οὐρα⁶

2136 2866 2244 2916 νῶν
2292 2862 2382 2917 καὶ
2444 2865 2551 2916 τῶν
2612 2859 3041 2936 ἐπηγγελμένων
3102 2865 3221 2923 τοῖς
3269 2858 3503 2923 διλαίοις
3548 2863 3784 2937 ἀγαθῶν,

2138 2948 2284 3005 ἀλλά
2312 2951 2663 3026 περιμένουσι
2694 2952 2795 3019 τήν
2847 2948 3097 3025 δευτέραν
3150 2950 3463 3024 παρουσίαν,
3524 2946 3606 3005 ἷ¹να
3662 2971 3779 3006 στε-

2136 3042 2450 3118 φανωθῶσιν
2505 3040 2733 3102 ἅπαντες
2780 3037 2834 3093 έν
2879 3043 2978 3111 μιᾷ
3024 3044 3217 3115 καιροῦ
3266 3038 3425 3116 ῥοπῇ.
3477 3043 3651 3094 Τοῦτο
3679 3039 3784 3116 γάρ

2134 3129 2275 3184 ἐστιν
2338 3129 2368 3184 6'
2416 3126 2560 3206 λέγει
2611 3130 2639 3183 6
2691 3126 3050 3200 ’Δπόστολος,
3099 3128 3183 3184 ’ὁτι
3236 3154 3256 3180 ι
3311 3133 3415 3183 Τοῦ
3461 3132 3594 3184 Θεοῦ
3652 3129 3782 3204 περὶ

2135 3220 2297 3291 ἡμῶν
2350 3217 2592 3294 κρεῖττόν
2648 3239 2701 3273 τι
2760 3212 3274 3293 προσϐλεψαμὲνου,
3329 3214 3421 3272 ’ίνα
3479 3218 3555 3291 μὴ
3606 3218 3791 3295 χωρὶς

2134 3310 2297 3379 ἡμῶν
2340 3306 2693 3363 τελειωθῶσι.
2746 3329 2775 3358 ››
2828 3305 3008 3383 Χωρὶς
3058 3308 3158 3381 γὰρ
3205 3311 3424 3362 πάντων
3477 3311 3587 3362 τῶν
3618 3308 3787 3382 ἁγίων

2136 3397 2187 3451 οἱ
2217 3396 2392 3469 ἥμισυ
2423 3398 2523 3453 οὐκ
2551 3391 3002 3469 ἀπολαμϐάνουσι
3040 3396 3108 3450 τὰ
3154 3394 3537 3472 ἐπηγγελμένα
3593 3396 3785 3472 ἀγαθά.

2133 3487 2245 3555 Τὴν
2284 3485 2377 3559 μὲν
2408 3485 2508 3560 γὰρ
2536 3482 2735 3539 ἐλπίδα
2762 3483 2851 3539 καὶ
2892 3483 2983 3539 τὸν
3033 3478 3325 3560 ἀῤῥαόῶνα
3358 3480 3545 3561 ἔσχον,
3572 3488 3663 3540 καὶ
3693 3505 3786 3541 κε-

2133 3574 2473 3651 χωρισμένοι
2524 3574 2655 3629 εῗσὶν
2692 3572 2750 3629 ἐκ
2778 3577 2885 3628 τῶν
2920 3575 3287 3649 ἁμαρτωλῶν.
3333 3574 3409 3630 Τὸ
3459 3571 3516 3628 δὲ
3571 3573 3783 3630 τέλειον

2132 3660 2290 3716 οὕπω
2349 3658 2598 3739 εἷ’ληφον,
2659 3665 2907 3736 κρεῖσσον
2974 3659 3074 3734 γάρ
3131 3659 3241 3716 ἐστι
3293 3664 3479 3716 τοῦτο·
3529 3659 3623 3716 ἵνα
3671 3662 3783 3717 εἷσ-

2132 3750 2442 3807 ε).εύσονται
2498 3752 2692 3812 πάντες
2740 3750 2814 3812 είς
2858 3750 2960 3819 τήν
3015 3748 3289 3825 βασιλείαν
3342 3749 3394 3806 ἂι
3459 3749 3533 3805 ἑνὶ
3580 3755 3779 3828 καιρῷ,

2130 3839 2220 3895 καὶ
2252 3839 2302 3912 ἐξ
2335 3836 2451 3894 ἷ¹σου
2494 3833 2817 3895 ἀπολάϐωσι
2865 3839 3057 3901 πάντες
3106 3839 3157 3894 οἱ
3214 3839 3358 3915 ἅγιοι
3385 3839 3453 3895 τὰ
3483 3839 3657 3916 ἀγαθᾶ
3686 3843 3788 3895 τοῦ

2130 3934 2289 3987 Θεοῦ.

2201 4018 2456 4092 Κείμενον
2507 4019 2640 4095 ρκθ’.
2702 4042 2731 4069 ι(
2790 4020 3068 4075 Τοσοῦτον
3130 4013 3351 4092 ἔχοντες
3403 4017 3786 4094 περικείμενον

2129 4110 2264 4182 ἡμῖν
2298 4109 2458 4186 νέφος
2494 4106 2803 4183 μαρτύρων.
2843 4127 2866 4156 α

2198 4202 2425 4271 Ἑρμην.
2461 4197 2634 4273 Νέφος
2688 4194 2974 4271 μαρτύρων
3027 4193 3220 4257 αὐτοὺς
3271 4193 3543 4264 ἐκάλεσεν,
3593 4193 3785 4267 ἐπειδὴ

2130 4285 2467 4363 δροσίζουσιν
2495 4288 2642 4359 ἡμᾶς
2670 4284 2797 4347 τοὺς
2838 4283 2889 4339 ἐν
2923 4282 3212 4357 ἁμαρτίαις
3242 4285 3664 4361 συνεχομένους,
3692 4284 3789 4340 καὶ

2130 4375 2583 4454 φλογιζομὲνους,
2630 4374 2719 4430 καὶ
2749 4372 2800 4430 έν
2831 4377 2901 4448 τῇ
2933 4378 3057 4445 σκιᾷ
3083 4378 3192 4429 τῶν
3237 4369 3540 4450 πρεσϐειῶν
3602 4373 3786 4430 αὐτῶν

2128 4464 2540 4538 περισκέπουσιν
2552 4507 2565 4522 .

2201 4554 2456 4628 Κείμενον
2487 4551 2589 4630 ρλ’.
2627 4576 2655 4606 ιι
2708 4554 2908 4629 Ὀγκον
2956 4551 3283 4626 ἀποθέμενοι
3331 4550 3506 4608 πάντα
3534 4552 3627 4609 καὶ
3681 4552 3791 4622 τήν

2050 4657 2099 4721 D
2129 4642 2506 4716 εὐπερίστατον
2540 4642 2825 4718 ἁμαρτίαν,
2860 4666 2887 4694 ››

2202 4734 2433 4808 Ἑρμην.
2466 4734 2664 4809 ’Όγκον
2691 4733 2756 4788 τὸ
2787 4738 2999 4802 πΛῆθος
3031 4730 3203 4809 λέγει.
3260 4730 3418 4810 Λέγει
3463 4730 3523 4789 δὶ
3582 4730 3783 4795 οὕτως.

2130 4825 2235 4896 ὅτι,
2266 4819 2487 4891 Ἐπειδή
2521 4820 2721 4898 ἔχομεν
2752 4825 3010 4877 τοσοῦτον
3039 4820 3256 4892 πλῆθος
3305 4827 3414 4878 τῶν
3447 4822 3611 4899 ἁγίων
3649 4842 3790 4900 μαρ-

2127 4914 2324 4988 τύρων,
2375 4911 2554 4985 ὥσπερ
2602 4910 2761 4989 νέφος
2805 4908 3053 4986 δροσίζον
3101 4913 3276 4985 ἡμᾶς,
3326 4909 3648 4988 θαρῥοῦντες
3704 4911 3787 4975 εἰς

2125 5008 2224 5074 τήν
2280 4996 2563 5075 πρεσϐείαν
2619 5004 2725 5055 τῶν
2787 4998 2964 5076 εὕχῶν
3013 5000 3209 5073 αὐτῶν,
3272 5002 3644 5075 μιμησώμεθα
3691 4999 3785 5055 καί

2126 5098 2288 5166 ἡμεῖς
2345 5091 2562 5147 ἐκείνων
2610 5090 2708 5151 τὰς
2758 5090 2971 5164 ἀρετάς,
3020 5090 3109 5145 καὶ
3137 5090 3230 5145 τὸν
3264 5086 3421 5167 ὄγκον
3452 5095 3561 5146 τῶν
3594 5092 3779 5166 ἀμαρ-

2121 5184 2384 5256 τημάτων
2445 5182 2655 5236 ἅπαντα
2710 5178 3127 5255 ἀπορρίψαντες,
3175 5180 3266 5234 καὶ
3314 5180 3415 5248 τήν
3465 5177 3787 5253 εὐπερίστα-

358 5273 473 5337 cto,
506 5285 613 5341 per
638 5269 1011 5326 tolerantiam
1043 5275 1102 5326 et
1149 5271 1670 5343 aequanimitatem,
1705 5290 2015 5332 curramus

2149 5294 2212 5328 κον
2267 5271 2531 5347 ἁμαρτίαν
2590 5266 3002 5338 καταλιπόντες,
3063 5265 3132 5322 δι’
3190 5267 3472 5342 ὑπομονῆς
3523 5267 3612 5323 καὶ
3671 5287 3787 5340 μα-

356 5356 418 5413 in
449 5356 684 5415 virtutis
712 5359 1464 5417 certamine.Circumstans
1493 5364 1691 5418 autem
1708 5373 2008 5435 peccatum

2149 5361 2424 5439 ιροθυμίας
2451 5361 2740 5436 τρέχωμεν
2771 5358 2863 5414 τὸν
2910 5358 3096 5433 ἀγῶνα
3134 5364 3234 5427 τῆς
3281 5358 3500 5435 ἀρετῆς.
3552 5355 3791 5434 Εὐπερί·

436 5529 458 5565 ³
486 5529 659 5587 Hebr.
691 5547 769 5601 x1,
801 5529 891 5588 33.
970 5532 990 5567 ³
1020 5531 1164 5589 ibid.
1195 5531 1385 5589 33-37.
1459 5533 1482 5568 ἰ
1512 5533 1655 5592 ibid.
1690 5534 1779 5592 40.
1857 5536 1878 5572 ⁵
1906 5535 2028 5595 Heb

2149 5553 2207 5611 ιι,
2239 5537 2294 5594 ι.
2369 5535 2393 5572 ο
2421 5534 2566 5591 ibid.

434 5679 822 5763 (§_‘)_Jacchu_s
842 5682 954 5763 _qui
981 5682 1302 5763 decollatps
1333 5685 1444 5741 fuit
1475 5702 1592 5743 non
1624 5688 1805 5746 frater
1834 5689 2088 5763 Domini,
2122 5689 2223 5748 sed
2258 5689 2438 5747 frater
2478 5684 2727 5747 Joannis
2755 5687 2899 5744 erat.
2926 5681 3070 5742 Vide
3115 5683 3440 5757 Chrysost.,
3470 5683 3677 5745 homil.
3709 5687 3788 5746 27

361 5755 424 5816 iu
450 5753 625 5829 Epist.
657 5753 727 5810 ad
752 5753 1023 5831 Hebraeos,
1055 5773 1113 5831 p.
1142 5756 1272 5817 567.
