4148 6404
336 432 458 493 ἿἾ3

1648 416 2162 491 QUESTIONES
2212 418 2436 481 ALIIE.

3653 428 3768 488 7⁵14

340 583 535 620 στατον
570 556 626 615 δὶ
657 557 770 614 εἶπε
807 556 906 624 τὴν
954 551 1242 629 ἁμαρτίαν,
1275 549 1463 621 ἐπειδή
1526 550 1757 625 μόνιμον
1817 551 1996 605 στάσιν

2152 552 2273 620 ixit,
2306 569 2372 608 eo
2403 556 2557 625 quod
2592 572 2703 609 non
2746 556 2960 612 habeat
2988 558 3241 629 aliquem
3282 563 3506 616 eertum
3566 562 3761 619 locum

342 654 442 710 οὐκ
473 649 613 727 ἔχει.
646 645 792 704 ἀλλὰ
818 642 1034 719 τάχέως
1080 642 1332 717 τρέπεται
1380 640 1470 696 καὶ
1518 638 1863 695 καταλύεται.
1900 640 1997 693 Καὶ

341 744 444 820 γὰρ
477 726 793 815 ἧίὰμαρτία
850 733 998 810 ῥίζαν
1056 731 1156 786 οὐκ
1212 726 1525 820 ἔχει,ᾃάλλ’
1588 726 1712 820 053‘s
1769 729 1996 820 mgndv.

340 818 684 911 ’Ἀφανίζεται
718 822 775 880 δὲ
816 822 1030 897 ταχέως
1077 820 1167 875 καὶ
1225 818 1548 875 καταλύεται
1620 818 1719 872 ὑπὸ
1772 822 1870 872 τοῦ
1930 818 2001 887 ξί-

343 906 477 1001 φους
506 925 607 988 τῆς
644 912 926 1001 μετανοίας
962 913 1089 984 (5“)
1117 910 1454 982 κοπτομένη.
1490 907 1670 1001 ’.Αξίνη
1723 906 1824 1001 γάρ
1860 906 1998 1001 ἐστιν

343 994 379 1081 ἦ
445 1008 723 1081 μετάνοια,
784 1000 1122 1056 ἐκκόπτουσα
1196 1004 1301 1053 πᾶν
1376 995 1558 1052 κακόν.
1624 995 1888 1050 Μετάνοια
1946 994 2003 1050 δέ

345 1099 488 1154 ἐστιν
541 1096 649 1171 οὐχ
696 1095 731 1163 ἠ
774 1096 885 1146 τῶν
936 1089 1179 1163 γονάτων
1212 1086 1410 1158 κλίσις,
1443 1082 1571 1140 ἀλλ’
1600 1088 1634 1154 ἡ
1670 1087 1855 1160 ἀποχὴ
1907 1089 2004 1140 τοῦ

345 1190 538 1257 κακοῦ,
568 1182 659 1239 καὶ
713 1181 776 1236 τὸ
830 1183 1039 1248 πονεῖν,
1093 1176 1183 1231 καὶ
1242 1180 1459 1250 θρηνεῖν
1519 1173 1609 1228 καὶ
1671 1171 1848 1228 δέσθαι
1907 1178 2004 1228 τοῦ

346 1281 480 1334 Θεοῦ
540 1273 673 1348 ὑπὲρ
719 1276 819 1338 τῆς
866 1271 975 1322 τῶν
1021 1263 1536 1341 προημαρτηκότων
1597 1262 1854 1341 ἀφέσεως.
1910 1263 2007 1316 Διὰ

345 1368 444 1443 γὰρ
506 1367 665 1420 τοῦτο
736 1358 949 1433 λέγεται
1013 1356 1289 1429 μετάνοια,
1351 1353 1436 1409 ὅτι
1521 1352 1841 1427 μετατίθησι
1914 1354 2003 1408 τὸν

349 1442 468 1512 νοῦν
502 1454 605 1509 ἀπὸ
631 1453 728 1506 τοῖ’)
756 1450 926 1504 κο.κοῦ
957 1446 1092 1521 πρὸς
1122 1444 1185 1499 τὸ
1216 1442 1438 1521 ἀγαθόν.

2110 642 2209 697 ubi
2237 643 2541 714 consistat,
2576 645 2675 699 sed
2707 645 2818 699 cito
2866 652 3126 702 vertatur
3171 652 3341 720 atque
3388 652 3763 710 dissolvatur.

2116 732 2419 787 Peccatum
2453 732 2608 787 enim
2643 735 2894 789 radicem
2930 752 3044 790 non
3077 737 3274 807 habet,
3319 756 3421 795 nec
3456 742 3632 797 etiam
3662 742 3766 798 ha-

2111 821 2209 875 bet
2241 822 2518 877 fructum.
2554 824 2857 879 Evanescit
2886 841 3019 880 vero
3071 827 3294 893 statim,
3327 832 3383 883 et
3413 829 3680 899 solvitur,
3713 831 3763 887 si

2112 909 2304 982 gladio
2357 911 2710 983 poenitentiae
2760 914 3157 969 exscindatur.
3224 916 3369 971 Nam
3422 920 3644 975 securis
3677 926 3767 976 est

2114 1002 2475 1072 poenitentia,
2518 1002 2866 1056 exscindens
2919 1019 3091 1058 omne
3141 1004 3379 1061 malum.
3436 1008 3534 1062 Est
3565 1014 3763 1066 autem

2114 1089 2454 1160 poenitentia
2491 1107 2602 1145 non
2636 1091 2983 1163 genuﬂexio,
3010 1093 3111 1147 sed
3145 1092 3501 1150 abstinentia
3527 1114 3558 1151 a
3589 1097 3763 1153 malo.

2114 1182 2261 1233 Item
2293 1178 2542 1247 labores,
2568 1178 2839 1252 lacrymae
2862 1186 2919 1235 et
2948 1197 3149 1252 preces
3181 1182 3253 1237 ad
3292 1184 3469 1239 Deum
3506 1202 3608 1256 pro
3633 1202 3771 1257 prae-

2115 1269 2424 1323 teritorum
2459 1275 2828 1340 peccatorum
2865 1270 3383 1329 remissione.Nam
3419 1275 3547 1329 ideo
3584 1276 3768 1347 ι)ωηὶ-

2117 1357 2303 1412 tentia
2348 1357 2585 1427 dicitur,
2640 1360 2793 1430 quod
2848 1363 3104 1415 mentem
3155 1378 3188 1416 a
3236 1362 3390 1417 malo
3434 1364 3506 1418 ad
3553 1364 3772 1422 bonum

2115 1447 2451 1502 transferat.

1460 1738 1530 1795 ΙΝ
1569 1738 1774 1795 ALIAS
1815 1737 2277 1804 QUZESTIONES
2306 1739 2663 1796 MONITUM.

424 1879 491 1930 In
533 1873 693 1929 hasce
739 1869 1083 1940 Quwstiones
1121 1868 1239 1924 hac
1288 1864 1455 1921 habet
1481 1865 1821 1920 Fetckannus
1868 1866 1930 1919 in
1970 1866 2147 1920 variis
2192 1865 2515 1921 lectionibus
2566 1867 3038 1936 Commetiniam's,
3087 1886 3142 1940 p.
3194 1871 3308 1926 90:
3342 1876 3461 1940 Hae,
3517 1875 3657 1946 quia
3704 1878 3765 1934 in

350 1963 548 2020 codice
597 1979 660 2017 ιι.
715 1976 831 2033 quo
888 1959 948 2014 in
996 1962 1140 2012 tom.
1198 1955 1220 2010 Ῑ
1270 1956 1362 2010 usi
1430 1970 1660 2023 sumus,
1730 1952 1901 2024 plane
1970 1952 2260 2025 (Symbolo
2331 1960 2589 2026 excepto)
2661 1956 2732 2010 ad
2797 1958 2971 2012 tinem
3024 1975 3261 2030 Operum
3332 1961 3395 2015 D.
3468 1964 3769 2021 Athanasii

352 2055 600 2109 inventae
628 2053 787 2116 sunt,
820 2048 949 2103 ideo
981 2046 1075 2101 hic
1107 2049 1247 2101 sunt
1278 2045 1480 2116 positae
1515 2061 1527 2111 ;
1559 2042 1695 2098 licet
1728 2047 1784 2097 et
1831 2042 2068 2097 nomine
2099 2043 2355 2098 auctoris
2385 2048 2443 2098 et
2473 2043 2645 2099 titulo
2676 2052 2956 2101 carerent.
3012 2048 3173 2109 Quod
3221 2048 3268 2102 si
3318 2050 3579 2107 divinare
3613 2053 3767 2127 licet,

354 2140 610 2213 putarim
641 2154 746 2211 ego
775 2153 977 2193 earum
1011 2138 1308 2190 auctorem
1340 2133 1555 2189 vixisse
1586 2134 1718 2203 post
1766 2134 1966 2185 exorta
2015 2131 2338 2186 certamina
2380 2132 2533 2187 inter
2582 2132 2842 2187 Latinam
2889 2141 2947 2189 et
3000 2136 3257 2191 Graecam
3307 2138 3647 2207 Ecclesium,
3706 2146 3770 2198 ut

356 2234 517 2302 patet
562 2245 632 2285 ex
679 2225 891 2299 pagina
948 2223 1074 2290 353,
1132 2238 1184 2277 a.
1240 2222 1341 2278 Ubi
1388 2224 1539 2276 errat
1587 2219 2008 2287 Fetckmannus,
2057 2220 2222 2275 homo
2251 2222 2393 2275 alias
2424 2224 2898 2291 accuratissimus,
2947 2240 3071 2278 cum
3119 2227 3198 2279 ait
3238 2228 3311 2280 ad
3352 2230 3619 2297 paginam
3660 2231 3768 2286 353

361 2318 822 2376 Commetiniunae
851 2313 1135 2382 editionis,
1166 2310 1381 2384 aliquid
1426 2312 1921 2366 controversiarum
1975 2325 2239 2381 apparere
2290 2309 2494 2365 Grascos
2525 2313 2671 2366 inter
2698 2321 2749 2367 et
2782 2313 3018 2369 Latinos.
3066 2314 3221 2370 Nihil
3268 2319 3418 2371 enim
3466 2318 3545 2373 ibi
3584 2325 3775 2376 exstat

360 2406 664 2481 ejusmodi;
696 2421 797 2461 nec
816 2407 1026 2475 pagina
1058 2402 1163 2457 353
1207 2400 1279 2456 ad
1306 2399 1466 2455 hasce
1513 2399 1844 2467 Quwstiones
1892 2400 2154 2468 pertinet,
2206 2400 2307 2454 sed
2348 2398 2418 2454 ad
2460 2400 2845 2469 precedentes.
2899 2406 3036 2457 Puto
3078 2403 3338 2458 adnotare
3362 2407 3593 2463 voluisse
3620 2408 3775 2464 Fetk-

360 2514 631 2555 manuum
661 2510 788 2568 quae
815 2495 880 2549 de
907 2493 1133 2548 Francis
1161 2490 1441 2557 dicunt-ur,
1474 2505 1584 2544 non
1606 2489 1662 2543 ia
1686 2488 1832 2542 hisce
1864 2488 2286 2560 (guazstiunibus,
2318 2488 2415 2543 sed
2458 2491 2517 2543 in
2559 2490 2894 2559 praecedenti
2924 2496 3112 2561 quaest.
3162 2494 3253 2546 76.
3304 2495 3586 2550 Habentur
3611 2514 3777 2568 porro

363 2589 452 2646 hae
495 2588 839 2658 Quaestione:
897 2584 957 2637 in
1006 2581 1216 2636 duobus
1260 2578 1539 2635 codicibus
1604 2578 1792 2647 regiis,
1843 2577 2114 2630 nimirum
2158 2577 2218 2647 in
2270 2577 2432 2643 2358,
2482 2579 2582 2631 ubi
2629 2585 3020 2648 consequenter
3054 2585 3267 2650 ponunt
3296 2591 3412 2650 post
3445 2583 3781 2651 Quaestione;

362 2678 432 2734 ad
466 2676 822 2741 Antiochum,
853 2681 910 2729 et
935 2672 1175 2727 multum
1202 2670 1426 2725 variant
1453 2668 1521 2724 ab
1546 2667 1731 2739 editis,
1767 2670 1819 2722 et
1848 2667 1910 2721 in
1936 2666 2096 2721 2450.
2136 2666 2411 2724 Caeterum
2440 2683 2600 2723 nemo
2629 2670 2740 2723 erit
2764 2670 2861 2739 qui
2890 2670 3262 2726 Athanasium
3292 2676 3583 2729 tantarum
3602 2692 3781 2747 nuga-

364 2782 491 2822 rum
507 2766 725 2837 patrem
752 2777 869 2818 esse
896 2761 1224 2832 suspicetur.

366 3032 497 3090 ΤΟΥ
587 3034 676 3082 EN
773 3024 1005 3081 ΑΓΙΟΙΣ
1090 3021 1369 3078 ΠΑΤΡΟΣ
1462 3024 1654 3074 ΗΜΩΝ
1757 3020 2020 3073 ΑΘΑΝΑ·

2152 3018 2373 3074 ἳΑΝϐΤΙ
2445 3020 2675 3076 PATRIS
2750 3020 2995 3078 NOSTRI
3087 3022 3444 3079 ATHANASII
3513 3024 3785 3082 ARCHIE-

446 3120 606 3176 ΣΙΟΥ
627 3112 1195 3173 ΑΡΧΙΕΠΙΣΚΟΗΟΥ
1220 3108 1757 3166 ΑΛΕΞΑΝΔΡΕΙΑΣ
1783 3108 2026 3164 ETEPAI

442 3210 644 3264 ΤΙΝΕΣ
688 3205 1095 3263 ΕΡΩΤΗΣΕΙΣ.

442 3413 745 3491 Ἐρώτησις
775 3411 842 3465 α’.
875 3405 936 3463 Τί
970 3405 1080 3462 ἐστι
1112 3405 1283 3475 Θεός;

449 3529 784 3605 Ἀπόκρισις.
843 3523 972 3579 Θεόν
1032 3521 1171 3577 ἐστιν
1249 3518 1405 3575 οὐσία
1483 3518 1663 3595 νοερὰ,
1722 3516 2031 3605 άθεώρητὸς

379 3642 438 3677 τε
507 3604 629 3675 καὶν
676 3615 1096 3690 άνερμήνευτος.
1158 3609 1287 3672 Θεός
1364 3608 1476 3664 ἐστι
1550 3612 1766 3681 πνεῦμα
1839 3604 2028 3679 ἄϋλον,

382 3707 670 3789 ὀφθαλμὸς
702 3702 1027 3776 ἀκοίμηνος,
1060 3698 1149 3755 καὶ
1199 3703 1323 3760 νοῦς
1370 3697 1645 3789 ἀκίνητος.
1705 3695 1838 3789 Θεός
1891 3695 2031 3789 εστιν

381 3786 537 3854 οὖσία
594 3791 967 3868 δημιουργική
1026 3790 1238 3844 πάντων
1297 3792 1402 3841 τῶν
1464 3786 1708 3863 ἀοράτων
1754 3786 1844 3841 καὶ
1888 3787 2033 3860 ὁρω-

391 3889 565 3962 μενων
594 3882 905 3957 κτισμάτων
918 3923 930 3936 .

456 4093 651 4168 Ἐρώτ,
688 4089 756 4163 β’,
788 4086 887 4142 Καὶ
922 4082 1011 4140 διὰ
1037 4082 1090 4140 τί
1121 4082 1336 4159 λέγεται
1371 4088 1527 4151 Θεος,
1560 4082 1587 4136 ὃ
1619 4082 1786 4152 Θεόςῖ

460 4205 653 4262 ’Δπόκ.
687 4205 814 4265 Θεὸς
873 4200 1085 4276 λέγεται
1147 4198 1252 4254 ἀπὸ
1307 4202 1405 4253 τοῦ
1464 4199 1683 4272 θεωρεῖν
1736 4196 1803 4252 τὰ
1849 4195 2039 4255 πάντα.

393 4294 560 4351 οἱονεὶ
592 4294 815 4368 θεωρὸς,
848 4292 938 4347 καὶ
970 4290 1122 4361 Θεὸς,
1152 4286 1320 4364 ἤγουν
1355 4287 1551 4357 θεατὴς
1591 4286 1805 4343 πάντων

466 4498 570 4559 Καὶ
600 4496 765 4555 πάλιν
799 4495 929 4558 Θεὸς
961 4494 1175 4572 λέγεται
1216 4494 1322 4549 ἀπὸ
1366 4497 1464 4548 τοῦ
1514 4492 1650 4557 θέειν
1694 4490 1784 4547 καὶ
1830 4490 2046 4568 τρέχειν

389 4594 605 4662 νοητῶς
640 4585 893 4663 ἀχρόνως
920 4584 989 4641 τὰ
1035 4584 1228 4641 πάντα.
1261 4584 1317 4637 Ὁ
1362 4582 1463 4659 γὰρ
1522 4582 1650 4644 Θεὸς
1707 4580 1789 4636 ἀεὶ
1848 4600 2046 4637 παντα-

395 4684 505 4758 χοῦ
536 4681 789 4755 πάρεστιν
801 4718 814 4733 .

472 4791 666 4872 Ἐρώτ.
698 4799 771 4869 γ’.
814 4793 912 4847 Καὶ
941 4787 1102 4845 πόσοι
1134 4787 1246 4844 θεοί
1278 4786 1451 4857 εἷσινς

472 4911 665 4970 Ἀπόκ.
715 4912 809 4973 Εἷς
859 4908 987 4970 Θεὸς
1036 4910 1143 4962 τῶν
1194 4907 1353 4972 θεῶν,
1401 4903 1491 4959 καὶ
1557 4902 1754 4979 Κύριος
1802 4907 1910 4957 τῶν
1965 4923 2054 4959 χυ-

398 5002 714 5081 ριευόντων,
746 4999 835 5054 καὶ
893 4996 1039 5067 πλὴν
1081 4995 1245 5050 αὐτοῦ
1297 4992 1396 5049 οὐκ
1440 4988 1579 5047 ἔστιν
1632 4990 1827 5054 ἄλλος.
1862 4992 2056 5068 Λέγον-

393 5113 485 5147 ται
546 5087 604 5145 δὲ
661 5087 775 5153 θεοὶ
832 5087 922 5141 καὶ
980 5086 1031 5140 οἱ
1092 5081 1371 5159 ἅνθρωποι
1420 5081 1557 5137 κατὰ
1614 5080 1797 5157 χάριν
1836 5080 1910 5142 ὡς
1968 5080 2051 5135 τό*

2206 3110 2543 3165 PISCOPI
2620 3111 3192 3182 ALEXANDRIA'I,
3273 3113 3790 3181 QUrESTIONES

2208 3199 2422 3254 ALl/E.

2213 3404 2479 3468 QUESTIO
2512 3405 2552 3459 Ι.
2586 3403 2732 3470 Quid
2766 3410 2857 3460 est
2887 3405 3042 3462 Deus
3064 3406 3091 3461 ?

2213 3519 2555 3575 DE’I'PONSIO.
2610 3520 2762 3575 Deus
2812 3524 2899 3575 est
2954 3521 3212 3577 essentia
3256 3523 3608 3597 intelligens,
3667 3542 3794 3598 qua

2141 3622 2249 3665 nec
2282 3608 2392 3663 sub
2424 3613 2725 3681 aspectum
2761 3611 2938 3679 cadit,
2992 3627 3095 3665 nec
3143 3611 3335 3667 verbis
3385 3614 3657 3686 explicari
3691 3632 3796 3687 po-

2143 3702 2280 3755 test.
2318 3702 2473 3754 Deus
2502 3703 2591 3755 est
2618 3698 2870 3771 Spiritus
2902 3717 3107 3756 carens
3139 3704 3404 3771 materia,
3439 3705 3643 3761 oculus
3681 3723 3797 3763 non

2144 3788 2464 3853 dormiens,
2536 3804 2703 3844 mens
2770 3789 3114 3846 immobilis.
3167 3791 3323 3847 Deus
3383 3798 3472 3848 est
3543 3797 3801 3852 essentia

2146 3877 2395 3933 creatrix
2422 3878 2689 3933 omnium
2720 3876 3107 3934 invisibilium
3141 3882 3198 3935 et
3226 3880 3544 3939 visibilium
3578 3887 3802 3941 creatu-

2148 3984 2347 4023 rarum
2358 4009 2370 4021 .

2222 4086 2448 4148 Qus-351'.
2481 4082 2550 4139 ΙΙ.
2584 4082 2760 4150 Deus,
2794 4100 2973 4155 quare
3005 4084 3221 4140 dicitur
3252 4086 3450 4143 Deus?

2225 4199 2398 4255 Resp.
2449 4198 2604 4254 Deus
2656 4199 2892 4269 dicitur,
2961 4201 3111 4271 quod
3166 4202 3367 4257 omnia
3431 4203 3642 4259 videat.
3688 4204 3812 4261 Vox

2154 4290 2313 4346 enim
2345 4304 2413 4344 ea
2442 4288 2657 4343 Graecis
2688 4292 2778 4344 est
2805 4305 2839 4344 a
2865 4289 3137 4360 videndo,
3172 4291 3340 4361 quasi
3364 4290 3525 4349 dicas
3556 4298 3812 4349 contem-

2074 4406 2116 4472 Ο
2157 4378 2441 4450 platorem
2474 4377 2762 4432 omnium.

2234 4493 2490 4550 Rursum
2528 4495 2675 4549 Deus
2723 4494 2959 4559 dicitur,
3015 4494 3167 4569 quod
3215 4495 3662 4569 intelligibiliter
3690 4498 3816 4555 sine

2161 4588 2423 4655 tempore
2468 4588 2664 4638 currat
2716 4589 2772 4639 et
2820 4585 3099 4656 pervadat
3162 4583 3380 4641 omnia.
3446 4586 3599 4642 Deus
3656 4586 3815 4645 enim

2162 4690 2396 4745 semper
2426 4673 2646 4745 ubique
2678 4690 2935 4744 praesens
2974 4680 3083 4730 est.

2234 4786 2459 4853 QUIEST.
2494 4789 2592 4844 ΙΙΙ.
2627 4789 2775 4853 Quot
2809 4794 2950 4844 sunt
2975 4789 3106 4845 dii?

2238 4904 2410 4960 Rssr.
2445 4902 2608 4959 Unus
2641 4910 2730 4959 est
2760 4905 2915 4961 Deus
2949 4906 3214 4973 deorum,
3247 4911 3305 4963 et
3322 4906 3610 4964 Dominus
3642 4908 3828 4965 domi-

2168 4994 2519 5063 nantium,et
2547 4998 2753 5069 praeter
2781 4994 2949 5049 illum
2980 5012 3095 5050 non
3127 5001 3217 5050 est
3246 4996 3391 5051 deus
3424 4997 3827 5055 alius.Dicun-

2167 5088 2262 5138 tur
2293 5087 2350 5136 et
2381 5081 2649 5136 homines
2680 5081 2782 5149 dii,
2818 5083 2917 5136 sed
2949 5100 3017 5137 ex
3070 5083 3260 5155 gratia
3293 5101 3304 5137 :
3342 5088 3428 5154 ut,
3463 5106 3488 5133 ‹‹
3527 5085 3640 5156 Ego
3681 5085 3825 5155 dixi,

398 5207 430 5235 ‹‹
465 5179 607 5257 Ἐγὼ
638 5179 781 5252 εἶπα,
820 5175 942 5233 Θεοί
992 5173 1131 5242 ἐστε,
1161 5172 1251 5229 καὶ
1313 5172 1423 5228 uio?
1469 5171 1722 5246 Ὑψίστου
1773 5171 1992 5233 πάντες.

2167 5171 2258 5226 Dii
2288 5170 2454 5238 estis,
2487 5176 2545 5225 et
2576 5170 2677 5224 ﬁlii
2710 5170 2977 5225 Alissimi
3010 5188 3234 5226 omnes.
3268 5171 3288 5204 ⁷
3319 5191 3347 5220 ››

472 5416 494 5454 ’¹
526 5413 678 5475 Psal.
711 5430 900 5483 Lxxxx,
930 5412 987 5469 6.

477 5587 590 5659 5“)
621 5587 703 5647 De
735 5580 995 5661 μετανοίᾳ
1023 5580 1282 5641 diximus
1311 5581 1368 5639 in
1390 5580 1630 5655 Typico.
1662 5580 1910 5639 Analecl.
1941 5578 2108 5638 Graec.
2143 5594 2276 5652 pag.
2308 5575 2414 5632 209
2444 5580 2502 5633 et
2530 5575 2590 5633 in
2624 5575 2989 5635 Onomastico.

481 5759 561 5834 (6)
592 5758 679 5817 Ita
707 5758 845 5831 Reg.
878 5756 944 5814 In
964 5752 1138 5813 editis
1166 5768 1324 5823 vero,
1358 5755 1492 5827 post
1525 5768 1760 5822 παντων,
1790 5749 2007 5825 legitur
2034 5746 2247 5813 ἄλλως.
