4148 6374
405 395 524 457 775

478 531 624 588 281
663 531 889 596 Qus-351'.
942 524 1033 583 IV.
1082 530 1155 580 At
1194 524 1243 581 si
1293 527 1382 581 est
1429 540 1602 589 unus,
1654 522 1949 594 quomodo
1981 520 2049 576 il-
2082 530 2133 595 Α

404 622 527 677 lum
562 636 747 676 unum
778 618 962 673 Deum
998 617 1363 689 profitemur,
1396 613 1587 668 tribus
1636 611 2054 684 bypostasibus

404 712 791 775 constantem,
825 720 956 761 esse
988 708 1242 768 Patrem,
1276 700 1486 757 Filium
1520 704 1578 755 et
1606 698 1891 771 Spiritum
1924 714 2055 754 san-

404 801 614 854 ctum?
642 797 788 852 Ecce
817 795 972 850 enim
1008 798 1125 848 tres
1152 791 1496 864 profitemur
1515 793 1708 844 etnon
1742 804 1946 842 unum.
1980 791 2056 843 At

402 891 464 943 tu
496 887 640 943 doce
664 902 789 955 nos,
821 883 1116 956 quomodo
1148 897 1303 936 unus
1351 880 1429 934 sit
1460 879 1634 945 Deus,
1668 881 1727 933 et
1759 876 2054 949 quomodo

400 975 661 1032 vicissim
694 980 816 1030 tres
847 988 1127 1045 personas
1156 970 1227 1025 de
1261 975 1371 1024 Deo
1403 966 1800 1025 enuntiemus.
1833 965 2052 1022 Permi-

401 1081 533 1120 rum
567 1063 677 1120 hoc
706 1062 875 1119 nobis
905 1060 1155 1131 videtur,
1215 1075 1345 1114 esse
1392 1074 1577 1113 unum
1631 1062 1813 1112 Deum
1844 1059 1902 1112 et
1932 1059 2053 1111 tres

401 1154 530 1225 ejus
560 1168 863 1226 personas.

469 1284 643 1335 Rssr.
683 1277 999 1350 Diligenter
1036 1274 1304 1330 animum
1354 1274 1611 1338 adverte,
1659 1277 1716 1328 et
1762 1269 2052 1341 intelliges

399 1384 573 1423 sacro
620 1365 926 1422 Trinitatis
971 1363 1338 1431 mysterium,
1389 1371 1682 1434 quatenus
1733 1377 1899 1416 mens
1942 1360 2050 1414 hu-

396 1472 574 1512 mana
603 1471 776 1511 nosse
806 1457 1016 1526 potest.
1048 1452 1173 1508 Nisi
1202 1452 1381 1523 quod,
1416 1457 1480 1505 ut
1510 1450 1655 1505 mihi
1685 1448 2051 1515 videtur,hoc

395 1545 629 1609 dicitur,
664 1545 854 1616 quoad
891 1559 992 1615 per
1030 1543 1145 1597 vim
1177 1541 1492 1596 verborum
1544 1541 1667 1595 lieri
1704 1538 1859 1594 licet.
1895 1538 2048 1593 Deus

394 1634 551 1690 enim
582 1632 861 1705 explicari
891 1632 1116 1702 nequit,
1150 1647 1215 1686 ac
1247 1634 1555 1702 propterea
1585 1646 1701 1685 non
1730 1644 2049 1700 possumus

393 1722 888 1794 comprehendere
919 1725 1192 1776 naturam
1218 1719 1347 1790 ejus
1381 1736 1393 1773 ε
1428 1734 1618 1789 neque
1666 1717 1850 1773 nostri
1882 1715 2045 1771 simi-

392 1809 466 1867 lis
497 1816 587 1868 est
615 1828 733 1867 una
780 1810 904 1865 solo
956 1813 1233 1865 constans
1279 1824 1550 1880 persona.
1596 1806 1758 1869 Quod
1810 1806 1858 1861 si
1892 1810 2047 1861 esset

1570 388 1635 450 S.
1687 382 2214 449 ATHANASIUS.
2236 418 2310 430 --
2340 385 2651 451 SPUBIA.

3709 397 3828 457 ’1⁸76

2239 521 2431 596 Ἐρώτ.
2467 519 2528 577 δ’.
2562 522 2662 577 Καὶ
2695 524 2771 586 ὡς
2811 521 2888 579 ἔνι
2935 525 3033 594 εἷς,
3065 528 3184 588 πῶς
3235 523 3469 603 λέγομεν
3518 527 3676 583 αὐτὸν
3724 531 3820 585 τὸν

2162 606 2254 663 ἕνα
2333 612 2459 666 Θεὸν
2535 613 2982 689 τρισυπόστατον,
3040 616 3273 692 Πατέρα,
3340 616 3430 671 καὶ
3502 616 3649 686 ne»,
3727 621 3820 675 καὶ

2163 699 2313 785 ἅγιον
2378 704 2635 774 11νεῦμα;
2687 699 2827 758 Ἰδοὺ
2885 704 2985 780 γὰρ
3044 710 3190 780 τρεῖς
3250 702 3510 780 λὲγομεν,
3558 706 3649 761 καὶ
3711 708 3822 785 οὐχ

2161 784 2270 845 ἕνα.
2334 787 2513 846 Ἀλλὰ
2561 788 2771 863 δίδαξον
2830 796 2966 866 ἡμῖν
3026 799 3144 856 πῶς
3194 793 3336 849 ἐστιν
3388 797 3464 857 εἷς
3523 795 3675 859 Θεός·
3728 800 3822 854 καὶ

2162 882 2280 942 πῶς
2339 880 2504 937 πάλιν
2561 882 2683 957 τρία
2740 883 3007 959 πρόσωπα
3036 885 3161 957 περὶ
3212 890 3348 941 Θεοῦ
3392 885 3647 962 λὲγομεν.
3680 895 3823 944 Θαυ-

2166 970 2365 1041 μαστὸν
2394 973 2531 1045 ἡμῖν
2561 968 2712 1026 δοκεῖ
2738 976 2920 1039 τοῦτο,
2955 972 3103 1037 ὅπως
3150 975 3239 1029 καὶ
3301 977 3377 1038 εἴς
3430 975 3517 1031 ἐστ
3530 998 3572 1030 ιν
3603 978 3631 1032 6
3661 979 3818 1048 Θεὸς,

2160 1059 2251 1113 καὶ
2281 1059 2405 1132 τρία
2431 1058 2497 1114 τὰ
2526 1058 2792 1133 πρόσωπα
2820 1062 3006 1119 αὐτοῦ.

2235 1273 2428 1333 Ἀπόκ.
2453 1277 2648 1332 ’Ἄκουε
2677 1281 2932 1349 συνετῶς,
2963 1277 3053 1333 καὶ
3111 1279 3329 1348 νοήσεις
3388 1280 3450 1334 τὸ
3504 1286 3605 1349 τῆς
3666 1281 3818 1357 ἁγίας

2161 1360 2401 1438 Τριάδος
2463 1365 2787 1439 μυστήριον,
2819 1366 3002 1430 καθὼς
3052 1362 3270 1422 δύναται
3328 1372 3456 1430 νοῦς
3516 1368 3816 1444 ἀνθρώπων

2159 1452 2371 1520 νοῆσαι.
2404 1452 2491 1513 Ὠς
2519 1452 2643 1525 ἐμοὶ
2673 1451 2821 1522 πλὴν
2874 1450 3043 1522 δονεῖ,
3073 1455 3213 1531 πρὸς
3260 1456 3359 1524 τήν
3403 1456 3541 1511 κατᾶ
3590 1454 3816 1531 δύναμιν

2159 1541 2295 1610 ἡμῖν
2327 1544 2435 1594 τῶν
2469 1538 2665 1611 λέξεων
2700 1540 2914 1617 λέγεται
2975 1548 3160 1599 τοῦτο.
3192 1544 3254 1602 Ὁ
3309 1545 3410 1620 γὰρ
3467 1545 3597 1607 Θεὸς
3656 1546 3819 1622 ἄνερ-

2163 1629 2429 1701 μήνευτός
2461 1632 2593 1701 ἐστι,
2623 1630 2713 1686 καὶ
2747 1628 2836 1686 διὰ
2862 1636 3026 1688 τοῦτο
3059 1632 3121 1687 οὐ
3167 1629 3438 1707 δυνάμεθα
3484 1630 3815 1690 καταλαϐεῖν

2156 1717 2322 1772 αὐτοῦ
2350 1718 2448 1787 τὴν
2482 1718 2660 1793 φύσιν·
2695 1718 2821 1775 οὐδὲ
2852 1720 3045 1794 ὅμοιος
3071 1723 3232 1795 ἡμῶν
3288 1721 3398 1777 ἐστι
3462 1725 3818 1799 μονοπρόσω-

2156 1828 2279 1868 πος.
2312 1806 2379 1864 Ei‘
2416 1810 2520 1884 γὰρ
2569 1811 2634 1877 ἦν
2689 1809 3150 1883 μονοπρόσωπος,
3197 1810 3565 1887 ἐγινώσκομεν
3617 1813 3676 1867 ἃν
3722 1813 3819 1869 αὖ·

394 1917 512 1957 una
544 1917 816 1972 persona,
856 1914 1344 1971 cognosceremus
1377 1913 1533 1964 eum,
1586 1895 1670 1951 uti
1703 1912 1809 1951 nos
1840 1900 2033 1950 mutue

2154 1894 2268 1961 τὸν,
2301 1896 2376 1958 ὡς
2409 1896 2775 1970 ἐγινώσκομεν
2808 1897 3094 1971 ἀλλήλους
3144 1901 3313 1973 ἡμᾶς.
3348 1898 3508 1956 Ἀλλ’
3540 1899 3682 1957 ἔστιν
3734 1904 3814 1966 εἷς

392 1988 685 2046 novimus.
717 1988 828 2045 Sed
857 1992 946 2044 est
977 2004 1130 2042 unus
1182 1986 1423 2058 quidem
1471 1990 1646 2052 Deus,
1694 1987 1814 2039 tres
1844 1990 2038 2038 autem

390 2078 521 2150 ejus
550 2085 684 2133 sunt
718 2092 1043 2148 personae.
1092 2076 1163 2131 Et
1189 2074 1316 2129 vide
1361 2090 1517 2129 nunc
1567 2090 1693 2144 qua:
1745 2071 2035 2127 dicantur.

386 2164 895 2230 Quemadmodum
926 2163 1014 2219 sol
1043 2167 1131 2219 est
1164 2180 1318 2218 unus
1351 2179 1364 2216 :
1397 2160 1480 2217 sol
1514 2165 1711 2216 autem
1744 2159 1920 2215 habet
1949 2175 2038 2214 ra-

388 2253 552 2309 dium
583 2258 641 2309 et
668 2253 885 2320 lucem,
916 2259 973 2307 et
1001 2256 1142 2307 sunt
1173 2252 1231 2305 in
1264 2249 1385 2306 sole
1416 2254 1536 2305 tres
1596 2266 1851 2319 personae
1886 2265 1897 2302 ε
1943 2264 2034 2302 or-

388 2343 500 2412 bis,
534 2343 737 2398 radius
768 2348 825 2398 et
851 2341 969 2397 lux.
1005 2340 1177 2396 Orbis
1212 2339 1446 2412 quidem
1482 2343 1571 2394 est
1602 2337 2033 2409 receptaculum

384 2430 527 2487 solis
562 2448 574 2487 :
610 2432 809 2487 radius
837 2446 991 2497 vero,
1026 2429 1127 2501 qui
1159 2428 1465 2484 descendit
1495 2426 2032 2498 lucidus,repercu-

382 2521 529 2576 titur
558 2521 628 2576 ad
652 2526 869 2575 terram
905 2535 915 2574 :
950 2518 1145 2574 lumen
1172 2534 1304 2574 vero
1333 2518 1489 2573 lucet
1508 2519 1682 2572 etiam
1706 2515 1765 2571 in
1801 2516 2034 2571 umbro-

383 2610 466 2665 sis
496 2609 639 2665 locis
673 2610 799 2664 sine
848 2607 1029 2663 radio.
1085 2609 1150 2662 Et
1198 2623 1329 2661 ecce
1377 2612 1493 2662 tres
1550 2611 1690 2661 sunt
1718 2621 2028 2677 personae:

382 2697 767 2765 orbis,radius
799 2703 855 2752 et
884 2696 1003 2752 lux.
1034 2698 1156 2753 Non
1189 2696 1440 2751 dicimus
1471 2701 1670 2750 autem
1704 2698 1821 2749 tres
1853 2694 2029 2763 soles,

380 2789 483 2844 sed
518 2804 699 2842 unum
733 2785 913 2842 solem
943 2803 955 2842 :
982 2803 1086 2841 nec
1108 2785 1358 2841 dicimus
1382 2802 1557 2840 unam
1586 2785 2026 2856 personam,sed

380 2880 523 2933 tres.
553 2877 608 2930 Si
641 2876 799 2931 enim
830 2875 1227 2947 interrogeris,
1260 2880 1403 2945 quot
1433 2874 1554 2929 sint
1584 2873 1737 2928 soles
1770 2873 1827 2926 in
1861 2871 2029 2940 ccelo,

380 2966 648 3021 dicturus
678 2981 761 3036 es,
798 2965 955 3037 quod
987 2981 1141 3020 unus
1172 2964 1252 3018 sit
1282 2963 1370 3018 sol
1405 2981 1417 3018 :
1453 2964 1502 3017 si
1529 2978 1662 3017 vero
1709 2962 2028 3033 interroge-

379 3054 634 3127 ris,quot
660 3054 780 3110 sint
807 3070 1110 3126 personare
1140 3052 1581 3117 solis,dicturus
1611 3050 1858 3122 es,quod
1889 3055 2024 3105 tres:

377 3145 559 3210 orbis,
591 3143 794 3199 radius
823 3146 880 3199 et
907 3143 1008 3199 lux
1041 3160 1053 3199 :
1088 3142 1173 3198 sic
1201 3142 1376 3198 etiam
1411 3140 1604 3213 cogita
1632 3141 1704 3195 de
1736 3144 2028 3195 Deo.Deus

378 3237 468 3290 est
497 3249 672 3297 unus,
708 3249 968 3304 personae
1000 3236 1195 3287 autem
1247 3230 1427 3286 unius
1478 3230 1579 3285 Dei
1627 3234 1766 3295 tres,
1817 3228 2024 3295 Patris,

380 3321 531 3391 Filii,
562 3326 620 3376 et
648 3321 900 3393 Spiritus
921 3319 1132 3375 sancti.
1170 3320 1237 3376 Et
1266 3336 1334 3374 ex
1364 3318 1472 3374 hoc
1516 3334 1822 3389 cognosce,
1871 3317 2025 3389 quod

389 3410 891 3482 quemadmodum
922 3407 1006 3464 sol
1040 3412 1272 3463 constat
1316 3406 1506 3462 tribus
1539 3406 1826 3479 personis,
1858 3407 1939 3463 ita
1972 3410 2031 3463 et

388 3515 546 3555 unus
576 3498 731 3555 Deus
762 3498 952 3553 tribus
981 3497 1268 3568 personis.
1307 3496 1502 3569 Typus
1532 3496 1689 3552 enim
1722 3497 1910 3552 Patris
1940 3500 2031 3552 est

385 3589 544 3646 orbis
567 3587 806 3644 solaris:
839 3592 1013 3659 typus
1030 3582 1155 3641 Filii
1179 3590 1270 3641 est
1289 3586 1489 3641 radius
1522 3602 1535 3640 :
1569 3588 1745 3658 typus
1773 3585 2027 3657 Spiritus

384 3679 570 3735 sancti
606 3684 694 3735 est
723 3679 920 3734 lumen
972 3677 1130 3733 soiis.
1183 3677 1452 3747 Proinde,
1508 3677 1601 3731 dic
1630 3676 1712 3731 ita
1745 3693 1758 3731 ε
1797 3677 1854 3731 In
1906 3677 2029 3733 sole

382 3770 562 3835 orbis,
594 3768 798 3824 radius
828 3776 879 3824 et
921 3765 1120 3823 lumen
1157 3784 1169 3821 :
1200 3783 1314 3821 non
1362 3765 1616 3821 dicimus
1663 3770 1861 3819 autem
1908 3771 2028 3821 tres

380 3858 556 3924 soles,
583 3857 682 3914 sed
718 3873 903 3912 unum
935 3859 992 3912 et
1021 3854 1211 3912 solum
1250 3874 1262 3911 :
1296 3855 1565 3910 similiter
1585 3859 1643 3909 et
1670 3853 1728 3909 in
1748 3854 1886 3923 Deo,
1922 3855 2025 3911 Pa-

376 3952 485 4015 ter,
518 3946 699 4004 Filius
729 3951 787 4001 et
814 3944 1067 4017 Spiritus
1097 3949 1357 4011 sanctus,
1411 3960 1566 3998 unus
1611 3943 1786 4011 Deus,
1818 3949 1877 3999 et
1907 3960 2020 3999 non

379 4042 520 4095 tres.
555 4037 621 4092 Et
648 4033 932 4102 vicissim,
965 4034 1059 4089 dic
1088 4034 1168 4089 ita
1204 4051 1216 4089 :
1253 4033 1314 4088 In
1349 4032 1900 4104 soleinseparabilis
1933 4050 2023 4088 or-

380 4126 493 4189 bis,
525 4129 584 4181 et
614 4124 815 4181 radius
844 4128 901 4180 et
931 4123 1281 4194 lumen,non
1317 4122 1473 4177 enim
1506 4127 1941 4194 segregantura
1963 4138 2026 4179 se

374 4214 647 4283 invicem,
676 4218 733 4269 et
756 4213 1020 4269 eamdem
1052 4212 1124 4268 ob
1156 4228 1391 4268 causam
1426 4211 1660 4277 dicitur,
1693 4228 1847 4266 unus
1870 4212 2024 4269 Deus

378 4310 436 4360 et
466 4321 579 4360 non
610 4307 753 4375 tres,
785 4301 1063 4373 quoniam
1097 4319 1210 4357 non
1245 4306 1624 4373 segregantur
1652 4305 1771 4356 tres
1822 4317 2023 4372 perso-

376 4412 484 4463 nas,
516 4393 731 4462 Patris,
765 4391 891 4447 Filii
927 4396 985 4446 et
1025 4391 1281 4462 Spiritus
1312 4389 1498 4446 sancti
1545 4389 1723 4444 unius
1770 4390 1867 4444 Dei
1900 4407 1931 4444 a
1962 4406 2025 4446 se

374 4482 645 4540 invicem.
679 4485 746 4536 Et
776 4480 1272 4553 quemadmodum
1320 4478 1479 4535 orbis
1527 4478 1739 4534 solaris
1784 4481 2026 4549 generat

372 4572 627 4640 radium,
659 4574 717 4627 et
746 4570 960 4627 emittit
988 4569 1187 4624 lumen
1214 4585 1226 4622 :
1261 4570 1341 4623 ita
1371 4568 1526 4623 Deus
1554 4571 1611 4621 et
1654 4568 1821 4621 Pater
1849 4582 2023 4637 gene-

2155 1985 2251 2057 μὶν
2283 1985 2311 2038 ὁ
2361 1986 2514 2055 Θεὸς,
2545 1986 2611 2040 τὰ
2661 1984 2717 2041 δὲ
2764 1987 3031 2062 πρόσωπα
3080 1986 3244 2043 αὐτοῦ
3291 1988 3442 2065 τρία.
3479 1990 3577 2045 Καὶ
3640 1989 3812 2067 βλέπε

2149 2072 2347 2149 ἁπάρτι
2376 2074 2442 2128 τὰ
2472 2071 2765 2150 λεγόμενα.
2798 2078 3001 2151 Ὥσπερ
3033 2076 3195 2146 ἠλιος
3230 2074 3306 2132 ἔνι
3338 2078 3437 2145 εἷς,
3471 2078 3500 2133 6
3531 2076 3590 2134 δὲ
3639 2078 3806 2148 ἥλιος

2150 2160 2263 2238 ἔχει
2294 2162 2479 2218 ἀκτῖνα
2508 2163 2596 2218 καὶ
2628 2169 2763 2242 φῶς,
2796 2165 2885 2219 καὶ
2918 2165 3050 2221 εῗσὶν
3084 2165 3135 2221 ἐν
3165 2170 3246 2238 τῷ
3268 2165 3422 2241 ,ἡλίῳ
3449 2167 3575 2244 τρία
3630 2169 3800 2246 πρόσ-

2148 2271 2289 2323 ωπα,
2342 2248 2545 2323 δίσκος,
2593 2252 2764 2325 ἀκτὶς,
2816 2253 2903 2308 καὶ
2950 2259 3082 2332 φῶς·
3131 2254 3221 2309 καὶ
3277 2253 3458 2318 δίσκος
3518 2259 3614 2329 μὶν
3664 2278 3798 2313 καυ-

2146 2336 2270 2413 χίον
2301 2344 2398 2394 τοῦ
2428 2339 2615 2409 ἡλίου,
2650 2342 2796 2403 ἀκτὶς
2837 2340 2895 2397 δὶ
2940 2337 3376 2417 καταϐαινομὲνη
3429 2343 3795 2425 λαμπαδοφα-

2145 2433 2251 2490 νὼς
2281 2430 2370 2483 καὶ
2399 2429 2669 2504 κρούουσα
2700 2432 2835 2505 πρὸς
2865 2433 2964 2500 τήν
2996 2439 3119 2508 γῆν·
3164 2437 3280 2511 φῶς
3330 2431 3388 2488 δὲ
3432 2434 3495 2489 τὸ
3540 2436 3798 2513 φωτίζον,

2143 2518 2232 2571 καὶ
2264 2517 2339 2580 εἷς
2369 2517 2495 2580 τοὺς
2528 2517 2872 2582 ἐπισκιώδεις
2922 2520 3126 2584 τόπους
3176 2523 3355 2597 χωρὶς
3401 2522 3640 2587 ἀκτῖνος.
3695 2525 3798 2583 Καὶ

2142 2604 2264 2661 ἰδοὺ
2322 2607 2586 2682 πρόσωπα
2619 2608 2713 2681 μὲν
2760 2609 2903 2683 τρία,
2939 2607 3142 2681 δίσκος,
3193 2610 3367 2680 ἀκτὶς,
3399 2611 3490 2667 καὶ
3548 2618 3686 2691 φῶς.
3720 2614 3797 2671 Οὐ

2144 2694 2371 2771 λὲγομεν
2404 2694 2461 2751 δὲ
2490 2702 2635 2773 τρεῖς
2668 2696 2884 2767 ἡλίους,
2907 2697 3032 2754 ἀλλ’
3063 2696 3157 2753 ἕνα
3184 2698 3369 2770 ἥλιον,
3405 2698 3531 2756 οὐδὲ
3563 2699 3793 2779 λέγομεν

2139 2784 2430 2860 πρόσωπον
2462 2784 2541 2855 ἓν,
2576 2785 2722 2841 ἀλλὰ
2750 2787 3019 2863 πρόσωπα
3064 2789 3206 2863 τρία.
3242 2790 3364 2845 Ἐὰν
3424 2793 3528 2867 γὰρ
3587 2790 3792 2865 ἐρωτη-

2140 2877 2258 2947 θῇς,
2291 2874 2373 2929 ὅτι
2414 2875 2575 2929 πόσοι
2623 2875 2779 2943 ἣλιοι
2828 2875 2879 2931 ἐν
2929 2881 3007 2948 τῷ
3058 2876 3289 2950 οὐρανῷ,
3323 2876 3544 2951 μέλλεις
3592 2879 3780 2949 εἰπεῖν,

2138 2962 2221 3017 ὅτι
2251 2961 2416 3032 ἥλιος
2448 2965 2525 3026 εἷς
2560 2963 2722 3018 ἐστιν·
2756 2963 2803 3018 εἲ
2834 2962 2880 3019 δ’
2912 2964 3215 3041 ἐρωτηθῇς,
3244 2966 3327 3021 ὅτι
3376 2967 3637 3043 πρόσωπα
3684 2972 3782 3023 τοῦ

2137 3049 2301 3122 ἡλίου
2357 3052 2497 3107 πόσα
2552 3051 2687 3125 ἐστὶ,
2724 3051 2946 3126 μὲ)Λεις
3008 3052 3198 3128 εἰπεῖν,
3245 3055 3325 3110 ὅτι
3378 3055 3521 3131 τρία,
3573 3053 3784 3129 δίσκος,

2136 3141 2310 3211 ἀκτὶς,
2344 3141 2434 3195 καὶ
2484 3145 2618 3218 φῶς·
2670 3141 2813 3197 οὕτω
2860 3142 2971 3198 νόει
3019 3142 3109 3198 καὶ
3157 3144 3281 3219 περὶ
3324 3149 3419 3199 τοῦ
3465 3148 3624 3200 Θεοῦ.
3655 3145 3788 3208 Θεὸς

2145 3229 2239 3302 μὲν
2295 3231 2394 3296 εἷς,
2428 3229 2696 3307 πρόσωπα
2753 3228 2813 3285 δὲ
2866 3236 2965 3285 τοῦ
3023 3232 3136 3294 ἑνὸς
3189 3232 3321 3289 Θεοῦ
3377 3232 3523 3309 τρία,
3556 3235 3792 3308 Πατρὸς,

2141 3319 2289 3386 Υἱοῦ,
2321 3319 2410 3373 καὶ
2470 3319 2627 3395 ἁγίου
2687 3318 3017 3393 Πνεῦματος.
3053 3322 3155 3379 Καὶ
3196 3320 3255 3377 ἐκ
3304 3321 3505 3379 τούτου
3535 3321 3792 3398 γίνωσκε,

2138 3407 2243 3480 ὅτι,
2278 3408 2457 3483 ὥσπερ
2513 3410 2541 3463 6
2572 3408 2735 3479 ἥλιός
2788 3408 2898 3464 ἐστι
2927 3410 3336 3487 τριπρόσωπος,
3372 3410 3517 3466 οὕτω
3573 3411 3663 3466 καὶ
3715 3413 3792 3475 εἷς

2137 3498 2265 3560 Θεὸς
2322 3497 2769 3573 τρισυπόστατος.
2801 3499 2979 3561 Τόπος
3037 3500 3142 3575 γὰρ
3170 3504 3269 3555 τοῦ
3323 3500 3535 3576 Πατρός
3588 3500 3727 3555 ἐστιν
3761 3501 3790 3555 6

2137 3584 2319 3648 δίσκος
2347 3587 2374 3640 6
2403 3586 2657 3656 ἠλιακὸς,
2689 3587 2858 3650 τύπος
2895 3593 2993 3643 τοῦ
3045 3589 3174 3643 Υἱοῦ
3227 3587 3368 3643 ἐστιν
3412 3590 3447 3658 ἠ
3499 3589 3673 3657 ἀκτὶς,
3703 3589 3791 3644 τύ-

2136 3696 2239 3737 πος
2268 3679 2367 3730 τοῦ
2398 3675 2552 3750 ἁγίου
2583 3675 2895 3748 Πνεύματός
2928 3675 3039 3731 ἐστι
3068 3698 3130 3733 το
3161 3681 3276 3757 φῶς
3322 3682 3420 3733 τοῦ
3470 3676 3655 3748 ἡλίου.
3689 3675 3789 3732 Καὶ

2136 3763 2253 3818 εἰπὲ
2283 3762 2487 3825 οὕτως·
2530 3763 2650 3820 Ἐπὶ
2695 3768 2795 3818 τοῦ
2855 3763 3016 3835 ἠλίου
3064 3763 3269 3832 δίσκος,
3301 3765 3473 3837 ἀκτὶς,
3505 3767 3594 3820 καὶ
3651 3770 3787 3837 φῶς·

2138 3852 2205 3908 οὐ
2263 3852 2496 3928 λὲγομεν
2552 3850 2611 3907 δὶ
2664 3859 2812 3928 τρεῖς
2865 3853 3082 3925 ἡλίους,
3125 3854 3251 3911 ἀλλ’
3307 3854 3401 3910 ἕνα
3441 3855 3533 3911 καὶ
3596 3856 3783 3929 μόνον·

2139 3942 2345 4017 ὁμοίως
2373 3943 2461 3997 καὶ
2494 3941 2581 3997 ἐπὶ
2613 3947 2768 4011 Θεοῦ,
2796 3945 3005 4019 Πατὴρ,
3042 3944 3190 4012 Υἱὸς,
3218 3944 3309 3999 καὶ
3360 3945 3511 4021 ἅγιον
3569 3949 3787 4018 Πνεῦμα

2135 4035 2210 4094 εἷς
2239 4033 2388 4100 Θεὸς,
2420 4031 2510 4086 καὶ
2570 4032 2632 4086 οὐ
2686 4038 2854 4107 τρεῖς.
2891 4034 2991 4090 Καὶ
3047 4033 3212 4090 πάλιν
3258 4034 3376 4089 είπὶ
3433 4033 3628 4096 οὕτως.
3662 4032 3785 4088 Ἐπὶ

2130 4128 2227 4177 τοῦ
2279 4121 2444 4192 ἡλίου
2497 4122 2807 4196 ἀχώριστος
2864 4125 2892 4177 6
2943 4119 3148 4190 δίσκος,
3182 4123 3271 4178 καὶ
3303 4124 3338 4193 ἠ
3372 4122 3544 4191 ἀκτὶς,
3574 4122 3663 4178 καὶ
3719 4122 3785 4178 τὸ

2134 4216 2271 4290 φῶς·
2305 4211 2367 4265 οὐ
2398 4211 2502 4285 γὰρ
2537 4211 2869 4287 χωρίζονται
2896 4212 2987 4267 ἀπ’
3017 4211 3308 4282 ἀλλήλων,
3342 4210 3432 4267 διὰ
3482 4216 3643 4267 τοῦτο
3692 4210 3787 4268 λέ-

2131 4321 2283 4376 γεται
2313 4299 2403 4354 καὶ
2432 4300 2507 4361 εἷς
2539 4300 2694 4368 Θεὸς,
2728 4300 2818 4355 καὶ
2849 4299 2910 4355 οὐ
2938 4306 3106 4375 τρεῖς·
3141 4298 3279 4356 διότι
3341 4300 3402 4356 οὐ
3452 4301 3785 4377 χωρίζονται

2130 4390 2197 4444 τὰ
2249 4388 2374 4464 τρία
2429 4388 2715 4464 πρόσωπα,
2746 4393 2844 4444 τοῦ
2889 4410 2948 4444 τε
2999 4390 3229 4461 Πατρὸς,
3261 4391 3351 4445 καὶ
3380 4394 3479 4444 τοῦ
3509 4390 3662 4455 Υἱοῦ,
3692 4389 3785 4445 καὶ

2129 4481 2228 4532 τοῦ
2260 4476 2416 4551 ἁγίου
2474 4475 2810 4551 ΙΙνεύματος,
2839 4481 2937 4533 τοῦ
2996 4477 3113 4541 ἑνὸς
3171 4482 3306 4533 Θεοῦ
3353 4478 3444 4533 ἀπ’
3491 4476 3783 4549 ἀλλήλων.

2133 4565 2232 4621 Καὶ
2264 4565 2444 4640 ὥσπερ
2472 4566 2505 4620 ἀ
2534 4562 2716 4629 δίσκος
2745 4567 2773 4622 6
2814 4564 3050 4637 ἡλιακος
3104 4572 3260 4643 γεννᾷ
3307 4569 3407 4636 τὴν
3455 4568 3661 4638 ἀκτῖνα,
3693 4566 3785 4623 καὶ

372 4666 463 4717 rat
491 4660 725 4726 Filium,
778 4664 835 4713 et
859 4657 1070 4714 emittit
1095 4656 1369 4728 Spiritum
1403 4660 1695 4712 sanctum.
1728 4655 2027 4725 Perpende

2144 4654 2414 4730 ἑκπορεύει
2443 4655 2505 4709 τὸ
2535 4660 2668 4732 φῶς·
2704 4655 2848 4710 οὕτω
2878 4655 2967 4711 καὶ
2999 4657 3027 4710 6
3058 4656 3187 4718 Θεὸς
3238 4656 3329 4711 καὶ
3389 4657 3577 4730 Πατὴρ
3625 4660 3788 4731 γεννᾷ

374 4748 707 4821 diligenter,
727 4747 1221 4818 quemadmodum
1246 4745 1448 4801 radius
1470 4744 1612 4799 solis
1634 4743 1939 4798 descendit
1956 4760 2025 4799 ex

373 4839 516 4894 caelo
546 4837 616 4893 ad
652 4842 889 4902 terram,
923 4850 1113 4907 neque
1161 4834 1233 4891 ab
1283 4834 1423 4890 orbe
1470 4832 1647 4889 solari
1695 4837 2020 4904 separatur,

372 4943 479 4983 nec
510 4944 544 4983 a
572 4925 717 4983 cmlo
750 4926 934 4993 abest,
970 4939 1159 4994 neque
1189 4939 1222 4978 a
1266 4926 1443 4989 terra,
1490 4923 1591 4977 sed
1640 4925 1730 4976 est
1773 4921 1832 4975 in
1883 4923 2022 4977 orbe

372 5017 568 5085 solari,
601 5021 657 5072 et
687 5016 743 5070 in
777 5014 941 5074 coelo.
973 5017 1031 5068 et
1060 5012 1118 5066 in
1152 5017 1324 5079 terra,
1358 5016 1415 5067 et
1458 5011 1711 5082 ubique;
1767 5010 1867 5066 sed
1919 5027 2021 5067 ne-

371 5122 485 5179 que
518 5107 577 5161 in
605 5103 1010 5177 superioribus
1042 5101 1258 5169 deﬁcit,
1290 5116 1480 5172 neque
1510 5099 1569 5154 in
1602 5100 2017 5168 inferioribus;

370 5196 456 5253 sic
486 5195 664 5252 etiam
693 5193 876 5249 Filius
906 5196 963 5249 et
986 5190 1243 5246 Verbum
1277 5189 1376 5245 Dei
1426 5189 1731 5244 descendit
1779 5188 1850 5243 ad
1910 5193 2021 5244 ter-

368 5301 520 5354 ram,
552 5288 610 5340 et
638 5299 828 5354 neque
860 5280 1092 5335 Patrem
1116 5278 1646 5349 dereliquit,neque
1674 5277 2017 5341 caelumme-

368 5390 483 5446 que
512 5379 728 5429 terram
754 5388 767 5427 :
802 5372 904 5427 sed
933 5374 1059 5426 erat
1086 5370 1147 5423 iu
1179 5367 1401 5441 gremio
1434 5366 1624 5422 Patris
1653 5366 2016 5438 inseparabi-

367 5462 463 5532 lis,
498 5466 556 5517 et
586 5478 786 5533 supra,
818 5464 876 5515 et
926 5458 1079 5514 infra
1126 5461 1183 5513 et
1229 5455 1449 5527 ubique
1484 5473 1497 5511 :
1529 5472 1719 5528 neque
1770 5472 2017 5527 usquam

369 5551 740 5607 desideratus
763 5547 948 5605 est.Et
966 5546 1466 5620 quemadmodum
1491 5545 1692 5601 lumen
1716 5543 1905 5602 solare
1925 5551 2019 5603 est

370 5643 427 5695 et
455 5639 515 5695 in
562 5638 701 5694 orbe
747 5637 945 5703 solari,
998 5642 1056 5692 et
1098 5636 1156 5691 in
1206 5634 1391 5700 radio,
1440 5638 1497 5690 et
1544 5635 1603 5690 in
1651 5634 1817 5706 caelo,
1866 5639 1925 5691 et
1952 5635 2014 5691 in

368 5733 541 5801 terra,
573 5731 631 5784 et
651 5725 981 5803 ingreditur
1010 5725 1240 5797 domos,
1273 5727 1330 5779 et
1357 5721 1575 5797 ubique
1605 5727 1663 5782 et
1691 5723 2011 5797 illuminat;

2130 4743 2220 4799 τὸν
2265 4743 2388 4797 Υἱὸν
2420 4744 2509 4798 καὶ
2543 4742 2821 4818 ἐκπορεύει
2879 4744 2969 4798 καὶ
3015 4745 3077 4799 τὸ
3130 4749 3349 4818 Πνεῦμα
3398 4745 3566 4819 ἅγιον.
3606 4743 3787 4801 Βλέπε

2133 4837 2384 4895 συνετῶς·
2427 4835 2628 4907 Ὥσπερ
2688 4833 2722 4902 ἡ
2781 4833 2932 4895 ἀκτὶς
2990 4831 3086 4888 τοῦ
3143 4831 3307 4903 ἡλίου
3361 4829 3671 4888 καταϐαίνει
3730 4832 3786 4904 δξ

2133 4924 2360 5000 οὐρανοῦ
2390 4923 2527 4998 πρὸς
2559 4924 2658 4992 τήν
2707 4929 2833 4998 γῆν,
2864 4924 2953 4978 καὶ
2998 4921 3123 4979 οὔτε
3166 4927 3264 4979 τοῦ
3311 4920 3547 4993 ἡλιακοῦ
3597 4920 3785 4978 δίσκου

2130 5013 2447 5091 χωρίζεται,
2480 5009 2605 5067 οὔτε
2631 5011 2690 5067 ἐκ
2718 5017 2816 5067 τοῦ
2846 5012 3080 5085 οὐρανοῦ
3128 5012 3325 5082 λείπει,
3358 5009 3483 5068 οὕτε
3529 5013 3635 5068 ἀπὸ
3680 5018 3783 5082 τῆς

2127 5109 2247 5177 γῆς,
2269 5100 2519 5158 ἀλλ’ἔστι
2549 5102 2639 5155 καὶ
2671 5100 2721 5155 ἐν
2752 5103 2831 5174 τῷ
2862 5102 3079 5174 ἡλιακῷ
3111 5100 3402 5175 δίσκῳ,καὶ
3436 5102 3487 5157 ἐν
3517 5106 3597 5173 τῷ
3625 5100 3785 5170 οὐρα-

2127 5191 2316 5263 νῷ,καὶ
2350 5189 2402 5245 ἐν
2433 5192 2501 5264 τῇ
2533 5193 2629 5265 γῇ,
2661 5190 2750 5244 καὶ
2781 5196 3084 5267 πανταχοῦ,
3112 5191 3203 5246 καὶ
3234 5188 3358 5246 οὔτε
3385 5195 3493 5246 τῶν
3528 5191 3637 5245 ἂνω
3668 5188 3784 5245 λεί-

2128 5301 2239 5353 πει,
2273 5278 2396 5335 οὔτε
2424 5285 2533 5335 τῶν
2554 5272 2728 5335 κάτω·
2763 5277 2907 5336 οὕτω
2937 5280 3026 5335 καὶ
3079 5282 3107 5335 6
3147 5281 3273 5343 Υἱὸς
3322 5281 3413 5336 καὶ
3462 5280 3640 5355 Λόγος
3684 5283 3785 5334 τοῦ

2128 5373 2263 5424 Θεοῦ
2293 5368 2533 5438 κατῆλθε
2562 5369 2697 5444 πρὸς
2725 5370 2824 5437 τὴν
2856 5375 2983 5442 γῆν,
3019 5368 3108 5424 καὶ
3158 5365 3281 5424 οὔτε
3332 5367 3392 5424 ἐκ
3434 5373 3531 5424 τοῦ
3569 5368 3785 5443 ΙΙατρὸς

2128 5457 2332 5529 ἔλειπε,
2368 5455 2492 5513 οὕτε
2522 5458 2582 5513 ἐκ
2609 5461 2716 5513 τῶν
2750 5455 3017 5534 οὐρανῶν,
3047 5453 3173 5515 οὔτε
3201 5458 3261 5513 ἐκ
3288 5465 3390 5529 τῆς
3414 5461 3536 5534 γῆς·
3558 5456 3686 5514 ἀλλ’
3712 5460 3781 5528 ἧν

2124 5547 2214 5603 καὶ
2262 5545 2314 5600 ἐν
2361 5552 2479 5609 τοῖς
2520 5543 2753 5609 κόλποις
2782 5551 2879 5603 τοῦ
2922 5547 3136 5623 ΙΙατρὸς
3167 5546 3502 5624 ἀχώριστος,
3530 5546 3621 5602 καὶ
3669 5547 3784 5602 ἄνω

2124 5635 2215 5691 καὶ
2244 5654 2414 5703 κατω,
2446 5633 2536 5689 καὶ
2568 5637 2871 5710 πανταχοῦ·
2904 5635 2993 5690 καὶ
3022 5631 3135 5689 οὐδ’
3166 5630 3226 5689 ἔκ
3253 5654 3402 5697 τινος
3442 5630 3647 5692 ἔλειπε.
3680 5633 3783 5688 Καὶ

2125 5722 2306 5800 ὥσπερ
2322 5722 2635 5797 τὸήλιακὸν
2665 5727 2781 5806 φῶς
2812 5721 2922 5781 ἐστι
2951 5724 3042 5782 καὶ
3072 5721 3125 5782 ἐν
3155 5727 3235 5798 τῷ
3255 5721 3426 5799 δίσκῳ
3449 5727 3529 5799 τῷ
3556 5720 3782 5799 ἡλιακῷ
