  <div class='ocr_page' id='page_1' title='image "/cluster/home/n/w/nwhite01/storage/ocr_20150623/28:no.4/coo.31924054873090/402.png"; bbox 0 0 4148 6376; ppageno 0'>
   <div class='ocr_carea' id='block_1_1' title="bbox 354 394 469 456">
    <p class='ocr_par' dir='ltr' id='par_1_1' title="bbox 354 394 469 456">
     <span class='ocr_line' id='line_1_1' title="bbox 354 394 469 456; baseline -0.009 -1"><span class='ocrx_word' id='word_1_1' title='bbox 354 394 469 456; x_wconf 81' lang='lat'><strong>777</strong></span> 
     </span>
    </p>
   </div>
   <div class='ocr_carea' id='block_1_2' title="bbox 1672 390 2468 462">
    <p class='ocr_par' dir='ltr' id='par_1_2' title="bbox 1672 390 2468 462">
     <span class='ocr_line' id='line_1_2' title="bbox 1672 390 2468 462; baseline -0.003 -8"><span class='ocrx_word' id='word_1_2' title='bbox 1672 390 2194 462; x_wconf 64' lang='lat' dir='ltr'>QUzES’l‘IONES</span> <span class='ocrx_word' id='word_1_3' title='bbox 2239 392 2468 453; x_wconf 71' lang='grc' dir='ltr'>ΑιΙιλΕ.</span> 
     </span>
    </p>
   </div>
   <div class='ocr_carea' id='block_1_3' title="bbox 3662 400 3782 461">
    <p class='ocr_par' dir='ltr' id='par_1_3' title="bbox 3662 400 3782 461">
     <span class='ocr_line' id='line_1_3' title="bbox 3662 400 3782 461; baseline 0.058 -7"><span class='ocrx_word' id='word_1_4' title='bbox 3662 400 3782 461; x_wconf 81' lang='lat'>778</span> 
     </span>
    </p>
   </div>
   <div class='ocr_carea' id='block_1_4' title="bbox 349 524 1999 601">
    <p class='ocr_par' dir='ltr' id='par_1_4' title="bbox 349 524 1999 601">
     <span class='ocr_line' id='line_1_4' title="bbox 349 524 1999 601; baseline -0.004 -19"><span class='ocrx_word' id='word_1_5' title='bbox 349 526 526 582; x_wconf 83' lang='grc' dir='ltr'>καὶέν</span> <span class='ocrx_word' id='word_1_6' title='bbox 559 531 628 601; x_wconf 81' lang='grc' dir='ltr'>τῇ</span> <span class='ocrx_word' id='word_1_7' title='bbox 674 528 872 596; x_wconf 79' lang='grc' dir='ltr'>ἀκτῖνι,</span> <span class='ocrx_word' id='word_1_8' title='bbox 923 525 1012 580; x_wconf 82' lang='grc' dir='ltr'>καὶ</span> <span class='ocrx_word' id='word_1_9' title='bbox 1063 525 1114 580; x_wconf 90' lang='grc' dir='ltr'>ἐν</span> <span class='ocrx_word' id='word_1_10' title='bbox 1173 531 1251 597; x_wconf 75' lang='grc' dir='ltr'>τῷ</span> <span class='ocrx_word' id='word_1_11' title='bbox 1310 525 1542 600; x_wconf 79' lang='grc' dir='ltr'>οὐρανῷ,</span> <span class='ocrx_word' id='word_1_12' title='bbox 1595 526 1683 580; x_wconf 84' lang='grc' dir='ltr'>καὶ</span> <span class='ocrx_word' id='word_1_13' title='bbox 1734 524 1879 599; x_wconf 83' lang='grc' dir='ltr'>ἐντῇ</span> <span class='ocrx_word' id='word_1_14' title='bbox 1912 526 1999 599; x_wconf 79' lang='grc' dir='ltr'>γῇ,</span> 
     </span>
    </p>
   </div>
   <div class='ocr_carea' id='block_1_5' title="bbox 2112 524 3778 601">
    <p class='ocr_par' dir='ltr' id='par_1_5' title="bbox 2122 527 3778 599">
     <span class='ocr_line' id='line_1_5' title="bbox 2122 527 3778 599; baseline 0.003 -17"><span class='ocrx_word' id='word_1_15' title='bbox 2122 527 2203 582; x_wconf 92' lang='lat' dir='ltr'>ita</span> <span class='ocrx_word' id='word_1_16' title='bbox 2225 531 2280 583; x_wconf 91' lang='lat' dir='ltr'>et</span> <span class='ocrx_word' id='word_1_17' title='bbox 2300 527 2556 599; x_wconf 83' lang='lat' dir='ltr'>Spiritus</span> <span class='ocrx_word' id='word_1_18' title='bbox 2588 533 2851 598; x_wconf 82' lang='lat' dir='ltr'>sanctus,</span> <span class='ocrx_word' id='word_1_19' title='bbox 2877 534 3085 586; x_wconf 87' lang='lat' dir='ltr'>ctcum</span> <span class='ocrx_word' id='word_1_20' title='bbox 3110 533 3279 586; x_wconf 87' lang='lat' dir='ltr'>Patre</span> <span class='ocrx_word' id='word_1_21' title='bbox 3299 533 3405 598; x_wconf 89' lang='lat' dir='ltr'>est,</span> <span class='ocrx_word' id='word_1_22' title='bbox 3438 535 3495 586; x_wconf 88' lang='lat' dir='ltr'>et</span> <span class='ocrx_word' id='word_1_23' title='bbox 3516 547 3646 587; x_wconf 90' lang='lat' dir='ltr'>cum</span> <span class='ocrx_word' id='word_1_24' title='bbox 3683 532 3778 587; x_wconf 87' lang='lat' dir='ltr'>Fi—</span> 
     </span>
    </p>
   </div>
   <div class='ocr_carea' id='block_1_6' title="bbox 348 615 2013 691">
    <p class='ocr_par' dir='ltr' id='par_1_6' title="bbox 348 615 2013 691">
     <span class='ocr_line' id='line_1_6' title="bbox 348 615 2013 691; baseline -0.001 -21"><span class='ocrx_word' id='word_1_25' title='bbox 348 617 435 671; x_wconf 77' lang='grc' dir='ltr'>καὶ</span> <span class='ocrx_word' id='word_1_26' title='bbox 469 615 771 691; x_wconf 85' lang='grc' dir='ltr'>εἰσέρχεται</span> <span class='ocrx_word' id='word_1_27' title='bbox 801 615 852 670; x_wconf 89' lang='grc' dir='ltr'>ἐν</span> <span class='ocrx_word' id='word_1_28' title='bbox 884 621 1001 676; x_wconf 83' lang='grc' dir='ltr'>ταῖς</span> <span class='ocrx_word' id='word_1_29' title='bbox 1033 615 1230 677; x_wconf 79' lang='grc' dir='ltr'>οἰκίαις</span> <span class='ocrx_word' id='word_1_30' title='bbox 1263 616 1352 669; x_wconf 87' lang='grc' dir='ltr'>καὶ</span> <span class='ocrx_word' id='word_1_31' title='bbox 1402 620 1708 689; x_wconf 73' lang='grc' dir='ltr'>πανταχοῦ,</span> <span class='ocrx_word' id='word_1_32' title='bbox 1755 618 1844 669; x_wconf 82' lang='grc' dir='ltr'>καὶ</span> <span class='ocrx_word' id='word_1_33' title='bbox 1893 636 2013 691; x_wconf 78' lang='grc' dir='ltr'>ιρω-</span> 
     </span>
    </p>
   </div>
   <div class='ocr_carea' id='block_1_7' title="bbox 344 703 2009 778">
    <p class='ocr_par' dir='ltr' id='par_1_7' title="bbox 344 703 2009 778">
     <span class='ocr_line' id='line_1_7' title="bbox 344 703 2009 778; baseline -0.002 -18"><span class='ocrx_word' id='word_1_34' title='bbox 344 705 497 774; x_wconf 88' lang='grc' dir='ltr'>τίζει·</span> <span class='ocrx_word' id='word_1_35' title='bbox 567 705 711 760; x_wconf 74' lang='grc' dir='ltr'>οὕτω</span> <span class='ocrx_word' id='word_1_36' title='bbox 758 705 848 760; x_wconf 85' lang='grc' dir='ltr'>καὶ</span> <span class='ocrx_word' id='word_1_37' title='bbox 896 704 960 759; x_wconf 89' lang='grc' dir='ltr'>τὸ</span> <span class='ocrx_word' id='word_1_38' title='bbox 1010 708 1231 777; x_wconf 80' lang='grc' dir='ltr'>Πνεῦμα</span> <span class='ocrx_word' id='word_1_39' title='bbox 1280 703 1343 758; x_wconf 92' lang='grc' dir='ltr'>τὸ</span> <span class='ocrx_word' id='word_1_40' title='bbox 1398 705 1546 778; x_wconf 82' lang='grc' dir='ltr'>ἅγιον</span> <span class='ocrx_word' id='word_1_41' title='bbox 1610 703 1698 757; x_wconf 90' lang='grc' dir='ltr'>καὶ</span> <span class='ocrx_word' id='word_1_42' title='bbox 1749 703 1882 776; x_wconf 77' lang='grc' dir='ltr'>μετὰ</span> <span class='ocrx_word' id='word_1_43' title='bbox 1912 707 2009 757; x_wconf 85' lang='grc' dir='ltr'>τοῦ</span> 
     </span>
    </p>
   </div>
   <div class='ocr_carea' id='block_1_8' title="bbox 347 789 2007 869">
    <p class='ocr_par' dir='ltr' id='par_1_8' title="bbox 347 789 2007 869">
     <span class='ocr_line' id='line_1_8' title="bbox 347 789 2007 869; baseline -0.002 -19"><span class='ocrx_word' id='word_1_44' title='bbox 347 789 555 869; x_wconf 78' lang='grc' dir='ltr'>Πατρός</span> <span class='ocrx_word' id='word_1_45' title='bbox 603 795 734 864; x_wconf 84' lang='grc' dir='ltr'>ἐστι,</span> <span class='ocrx_word' id='word_1_46' title='bbox 789 793 880 849; x_wconf 82' lang='grc' dir='ltr'>καὶ</span> <span class='ocrx_word' id='word_1_47' title='bbox 929 795 1063 867; x_wconf 83' lang='grc' dir='ltr'>μετά</span> <span class='ocrx_word' id='word_1_48' title='bbox 1109 796 1206 848; x_wconf 90' lang='grc' dir='ltr'>τοῦ</span> <span class='ocrx_word' id='word_1_49' title='bbox 1253 793 1408 863; x_wconf 76' lang='grc' dir='ltr'>Υἱοῦ,</span> <span class='ocrx_word' id='word_1_50' title='bbox 1456 793 1547 847; x_wconf 79' lang='grc' dir='ltr'>καὶ</span> <span class='ocrx_word' id='word_1_51' title='bbox 1579 791 1687 846; x_wconf 80' lang='grc' dir='ltr'>ἅνω</span> <span class='ocrx_word' id='word_1_52' title='bbox 1718 791 1808 847; x_wconf 81' lang='grc' dir='ltr'>καὶ</span> <span class='ocrx_word' id='word_1_53' title='bbox 1838 791 2007 860; x_wconf 86' lang='grc' dir='ltr'>κάτω,</span> 
     </span>
    </p>
   </div>
   <div class='ocr_carea' id='block_1_9' title="bbox 344 879 2005 959">
    <p class='ocr_par' dir='ltr' id='par_1_9' title="bbox 344 879 2005 959">
     <span class='ocr_line' id='line_1_9' title="bbox 344 879 2005 959; baseline -0.002 -20"><span class='ocrx_word' id='word_1_54' title='bbox 344 885 433 939; x_wconf 79' lang='grc' dir='ltr'>καὶ</span> <span class='ocrx_word' id='word_1_55' title='bbox 482 886 656 939; x_wconf 83' lang='grc' dir='ltr'>πάντα</span> <span class='ocrx_word' id='word_1_56' title='bbox 715 881 999 958; x_wconf 79' lang='grc' dir='ltr'>ἄνθρωπον</span> <span class='ocrx_word' id='word_1_57' title='bbox 1074 880 1325 959; x_wconf 77' lang='grc' dir='ltr'>φωτίζει,</span> <span class='ocrx_word' id='word_1_58' title='bbox 1373 883 1462 938; x_wconf 80' lang='grc' dir='ltr'>καὶ</span> <span class='ocrx_word' id='word_1_59' title='bbox 1512 881 1574 936; x_wconf 77' lang='grc' dir='ltr'>οὐ</span> <span class='ocrx_word' id='word_1_60' title='bbox 1624 879 1798 936; x_wconf 82' lang='grc' dir='ltr'>λείπει</span> <span class='ocrx_word' id='word_1_61' title='bbox 1854 881 2005 936; x_wconf 83' lang='grc' dir='ltr'>ποτέ.</span> 
     </span>
    </p>
   </div>
   <div class='ocr_carea' id='block_1_10' title="bbox 346 969 2008 1051">
    <p class='ocr_par' dir='ltr' id='par_1_10' title="bbox 346 969 2008 1051">
     <span class='ocr_line' id='line_1_10' title="bbox 346 969 2008 1051; baseline -0.001 -26"><span class='ocrx_word' id='word_1_62' title='bbox 346 1000 373 1026; x_wconf 77' lang='grc'>‹‹</span> <span class='ocrx_word' id='word_1_63' title='bbox 399 974 470 1029; x_wconf 88' lang='grc' dir='ltr'>Τὸ</span> <span class='ocrx_word' id='word_1_64' title='bbox 528 976 634 1051; x_wconf 77' lang='grc' dir='ltr'>γὰρ</span> <span class='ocrx_word' id='word_1_65' title='bbox 689 974 912 1045; x_wconf 82' lang='grc' dir='ltr'>Πνεὸμα</span> <span class='ocrx_word' id='word_1_66' title='bbox 962 973 1025 1026; x_wconf 94' lang='grc' dir='ltr'>τὸ</span> <span class='ocrx_word' id='word_1_67' title='bbox 1074 971 1256 1046; x_wconf 79' lang='grc' dir='ltr'>ἅγιον,</span> <span class='ocrx_word' id='word_1_68' title='bbox 1307 995 1334 1022; x_wconf 90' lang='grc'><strong>››</strong></span> <span class='ocrx_word' id='word_1_69' title='bbox 1402 970 1565 1050; x_wconf 75' lang='grc' dir='ltr'>φησὶν</span> <span class='ocrx_word' id='word_1_70' title='bbox 1620 971 1647 1024; x_wconf 98' lang='lat'>6</span> <span class='ocrx_word' id='word_1_71' title='bbox 1702 969 2008 1031; x_wconf 76' lang='grc' dir='ltr'>ἀπόστολος</span> 
     </span>
    </p>
   </div>
   <div class='ocr_carea' id='block_1_11' title="bbox 348 1059 2008 1138">
    <p class='ocr_par' dir='ltr' id='par_1_11' title="bbox 348 1059 2008 1138">
     <span class='ocr_line' id='line_1_11' title="bbox 348 1059 2008 1138; baseline -0.005 -19"><span class='ocrx_word' id='word_1_72' title='bbox 348 1061 585 1132; x_wconf 77' lang='grc' dir='ltr'>Παῦλος,</span> <span class='ocrx_word' id='word_1_73' title='bbox 649 1088 675 1116; x_wconf 86' lang='grc'>‹‹</span> <span class='ocrx_word' id='word_1_74' title='bbox 735 1068 907 1118; x_wconf 76' lang='grc' dir='ltr'>πάντα</span> <span class='ocrx_word' id='word_1_75' title='bbox 956 1062 1162 1138; x_wconf 79' lang='grc' dir='ltr'>ἐρευνᾷ,</span> <span class='ocrx_word' id='word_1_76' title='bbox 1214 1059 1303 1115; x_wconf 80' lang='grc' dir='ltr'>καὶ</span> <span class='ocrx_word' id='word_1_77' title='bbox 1357 1062 1422 1114; x_wconf 72' lang='grc' dir='ltr'>τὰ</span> <span class='ocrx_word' id='word_1_78' title='bbox 1472 1060 1610 1136; x_wconf 82' lang='grc' dir='ltr'>βάθη</span> <span class='ocrx_word' id='word_1_79' title='bbox 1661 1064 1758 1113; x_wconf 89' lang='grc' dir='ltr'>τοῦ</span> <span class='ocrx_word' id='word_1_80' title='bbox 1789 1063 1944 1114; x_wconf 85' lang='grc' dir='ltr'>Θεοῦ.</span> <span class='ocrx_word' id='word_1_81' title='bbox 1981 1083 2008 1110; x_wconf 84' lang='grc'>››</span> 
     </span>
    </p>
   </div>
   <div class='ocr_carea' id='block_1_12' title="bbox 345 1145 2008 1227">
    <p class='ocr_par' dir='ltr' id='par_1_12' title="bbox 345 1145 2008 1227">
     <span class='ocr_line' id='line_1_12' title="bbox 345 1145 2008 1227; baseline -0.005 -17"><span class='ocrx_word' id='word_1_82' title='bbox 345 1151 485 1212; x_wconf 75' lang='grc' dir='ltr'>Ἰδοὺ</span> <span class='ocrx_word' id='word_1_83' title='bbox 518 1152 741 1220; x_wconf 88' lang='grc' dir='ltr'>λοιπὸν,</span> <span class='ocrx_word' id='word_1_84' title='bbox 775 1150 955 1227; x_wconf 80' lang='grc' dir='ltr'>ὥσπερ</span> <span class='ocrx_word' id='word_1_85' title='bbox 983 1149 1040 1205; x_wconf 78' lang='grc' dir='ltr'>ὅν</span> <span class='ocrx_word' id='word_1_86' title='bbox 1075 1149 1174 1205; x_wconf 81' lang='grc' dir='ltr'>οὐκ</span> <span class='ocrx_word' id='word_1_87' title='bbox 1203 1147 1426 1222; x_wconf 81' lang='grc' dir='ltr'>ο’ίδαμέν</span> <span class='ocrx_word' id='word_1_88' title='bbox 1459 1169 1612 1221; x_wconf 89' lang='grc' dir='ltr'>ποτε,</span> <span class='ocrx_word' id='word_1_89' title='bbox 1664 1145 1790 1203; x_wconf 73' lang='grc' dir='ltr'>οὐδὲ</span> <span class='ocrx_word' id='word_1_90' title='bbox 1845 1146 2008 1224; x_wconf 85' lang='grc' dir='ltr'>γινώ-</span> 
     </span>
    </p>
   </div>
   <div class='ocr_carea' id='block_1_13' title="bbox 349 1236 2007 1315">
    <p class='ocr_par' dir='ltr' id='par_1_13' title="bbox 349 1236 2007 1315">
     <span class='ocr_line' id='line_1_13' title="bbox 349 1236 2007 1315; baseline -0.004 -18"><span class='ocrx_word' id='word_1_91' title='bbox 349 1263 489 1298; x_wconf 88' lang='grc' dir='ltr'>σκειν</span> <span class='ocrx_word' id='word_1_92' title='bbox 524 1240 818 1315; x_wconf 82' lang='grc' dir='ltr'>δυνάμεθα,</span> <span class='ocrx_word' id='word_1_93' title='bbox 853 1240 1097 1300; x_wconf 87' lang='grc' dir='ltr'>ποταπὸς</span> <span class='ocrx_word' id='word_1_94' title='bbox 1126 1243 1209 1309; x_wconf 70' lang='grc' dir='ltr'>ἦν’</span> <span class='ocrx_word' id='word_1_95' title='bbox 1268 1240 1390 1296; x_wconf 75' lang='grc' dir='ltr'>ὅταν</span> <span class='ocrx_word' id='word_1_96' title='bbox 1427 1236 1483 1294; x_wconf 73' lang='grc' dir='ltr'>δὲ</span> <span class='ocrx_word' id='word_1_97' title='bbox 1533 1236 1735 1312; x_wconf 72' lang='grc' dir='ltr'>ἴδωμεν</span> <span class='ocrx_word' id='word_1_98' title='bbox 1781 1238 1881 1306; x_wconf 77' lang='grc' dir='ltr'>τὴν</span> <span class='ocrx_word' id='word_1_99' title='bbox 1933 1238 2007 1292; x_wconf 76' lang='grc' dir='ltr'>εὶ-</span> 
     </span>
    </p>
   </div>
   <div class='ocr_carea' id='block_1_14' title="bbox 347 1329 2008 1404">
    <p class='ocr_par' dir='ltr' id='par_1_14' title="bbox 347 1329 2008 1404">
     <span class='ocr_line' id='line_1_14' title="bbox 347 1329 2008 1404; baseline -0.004 -17"><span class='ocrx_word' id='word_1_100' title='bbox 347 1332 477 1387; x_wconf 86' lang='grc' dir='ltr'>κόνα</span> <span class='ocrx_word' id='word_1_101' title='bbox 524 1331 710 1402; x_wconf 78' lang='grc' dir='ltr'>αὐτοῦ,</span> <span class='ocrx_word' id='word_1_102' title='bbox 754 1330 879 1386; x_wconf 89' lang='grc' dir='ltr'>τότε</span> <span class='ocrx_word' id='word_1_103' title='bbox 937 1329 1132 1403; x_wconf 88' lang='grc' dir='ltr'>μικρὸν</span> <span class='ocrx_word' id='word_1_104' title='bbox 1163 1332 1526 1401; x_wconf 73' lang='grc' dir='ltr'>κατανοοῦμεν</span> <span class='ocrx_word' id='word_1_105' title='bbox 1560 1329 1650 1383; x_wconf 88' lang='grc' dir='ltr'>τὸν</span> <span class='ocrx_word' id='word_1_106' title='bbox 1685 1333 2008 1404; x_wconf 81' lang='grc' dir='ltr'>χαρακτῆρα</span> 
     </span>
    </p>
   </div>
   <div class='ocr_carea' id='block_1_15' title="bbox 345 1417 2008 1498">
    <p class='ocr_par' dir='ltr' id='par_1_15' title="bbox 345 1417 2008 1498">
     <span class='ocr_line' id='line_1_15' title="bbox 345 1417 2008 1498; baseline -0.004 -21"><span class='ocrx_word' id='word_1_107' title='bbox 345 1427 444 1477; x_wconf 91' lang='grc' dir='ltr'>τοῦ</span> <span class='ocrx_word' id='word_1_108' title='bbox 508 1422 802 1498; x_wconf 84' lang='grc' dir='ltr'>προσώπου</span> <span class='ocrx_word' id='word_1_109' title='bbox 859 1419 1045 1474; x_wconf 77' lang='grc' dir='ltr'>αὐτοῦ·</span> <span class='ocrx_word' id='word_1_110' title='bbox 1100 1418 1243 1474; x_wconf 80' lang='grc' dir='ltr'>οὕτω</span> <span class='ocrx_word' id='word_1_111' title='bbox 1295 1440 1391 1492; x_wconf 87' lang='grc' dir='ltr'>μοι</span> <span class='ocrx_word' id='word_1_112' title='bbox 1433 1417 1548 1472; x_wconf 85' lang='grc' dir='ltr'>νόει</span> <span class='ocrx_word' id='word_1_113' title='bbox 1597 1417 1686 1472; x_wconf 85' lang='grc' dir='ltr'>καὶ</span> <span class='ocrx_word' id='word_1_114' title='bbox 1734 1417 1860 1493; x_wconf 86' lang='grc' dir='ltr'>περὶ</span> <span class='ocrx_word' id='word_1_115' title='bbox 1909 1421 2008 1471; x_wconf 86' lang='grc' dir='ltr'>τοῦ</span> 
     </span>
    </p>
   </div>
   <div class='ocr_carea' id='block_1_16' title="bbox 351 1506 2005 1585">
    <p class='ocr_par' dir='ltr' id='par_1_16' title="bbox 351 1506 2005 1585">
     <span class='ocr_line' id='line_1_16' title="bbox 351 1506 2005 1585; baseline -0.005 -17"><span class='ocrx_word' id='word_1_116' title='bbox 351 1515 506 1568; x_wconf 86' lang='grc' dir='ltr'>Θεοῦ.</span> <span class='ocrx_word' id='word_1_117' title='bbox 540 1535 567 1563; x_wconf 80' lang='grc' dir='ltr'>(ί</span> <span class='ocrx_word' id='word_1_118' title='bbox 598 1511 698 1565; x_wconf 87' lang='grc' dir='ltr'>Τὸν</span> <span class='ocrx_word' id='word_1_119' title='bbox 725 1510 825 1585; x_wconf 72' lang='grc' dir='ltr'>γὰρ</span> <span class='ocrx_word' id='word_1_120' title='bbox 858 1508 986 1565; x_wconf 83' lang='grc' dir='ltr'>Θεὸν</span> <span class='ocrx_word' id='word_1_121' title='bbox 1018 1506 1198 1570; x_wconf 80' lang='grc' dir='ltr'>οὐδεὶς</span> <span class='ocrx_word' id='word_1_122' title='bbox 1249 1508 1456 1581; x_wconf 71' lang='grc' dir='ltr'>ἑώρακε</span> <span class='ocrx_word' id='word_1_123' title='bbox 1498 1508 1741 1563; x_wconf 85' lang='grc' dir='ltr'>πώποτε.</span> <span class='ocrx_word' id='word_1_124' title='bbox 1799 1531 1828 1559; x_wconf 85' lang='grc'>››</span> <span class='ocrx_word' id='word_1_125' title='bbox 1881 1510 2005 1569; x_wconf 78' lang='grc' dir='ltr'>Πῶς</span> 
     </span>
    </p>
   </div>
   <div class='ocr_carea' id='block_1_17' title="bbox 349 1592 2004 1666">
    <p class='ocr_par' dir='ltr' id='par_1_17' title="bbox 349 1592 2004 1666">
     <span class='ocr_line' id='line_1_17' title="bbox 349 1592 2004 1666; baseline -0.002 -12"><span class='ocrx_word' id='word_1_126' title='bbox 349 1599 442 1655; x_wconf 82' lang='grc' dir='ltr'>οῦν</span> <span class='ocrx_word' id='word_1_127' title='bbox 493 1598 649 1654; x_wconf 81' lang='grc' dir='ltr'>αὐτὸν</span> <span class='ocrx_word' id='word_1_128' title='bbox 709 1592 1106 1661; x_wconf 77' lang='grc' dir='ltr'>καταλαϐέσθαι</span> <span class='ocrx_word' id='word_1_129' title='bbox 1164 1597 1285 1652; x_wconf 83' lang='grc' dir='ltr'>τινὰ</span> <span class='ocrx_word' id='word_1_130' title='bbox 1333 1595 1589 1666; x_wconf 78' lang='grc' dir='ltr'>δόναται;</span> <span class='ocrx_word' id='word_1_131' title='bbox 1643 1595 1767 1652; x_wconf 88' lang='grc' dir='ltr'>ἀλλ’</span> <span class='ocrx_word' id='word_1_132' title='bbox 1817 1593 2004 1665; x_wconf 78' lang='grc' dir='ltr'>ἐπειδὴ</span> 
     </span>
    </p>
   </div>
   <div class='ocr_carea' id='block_1_18' title="bbox 346 1683 2005 1765">
    <p class='ocr_par' dir='ltr' id='par_1_18' title="bbox 346 1683 2005 1765">
     <span class='ocr_line' id='line_1_18' title="bbox 346 1683 2005 1765; baseline -0.001 -24"><span class='ocrx_word' id='word_1_133' title='bbox 346 1693 458 1765; x_wconf 74' lang='grc' dir='ltr'>φῶς</span> <span class='ocrx_word' id='word_1_134' title='bbox 510 1687 618 1742; x_wconf 85' lang='grc' dir='ltr'>ἐστι</span> <span class='ocrx_word' id='word_1_135' title='bbox 665 1685 752 1742; x_wconf 80' lang='grc' dir='ltr'>καί</span> <span class='ocrx_word' id='word_1_136' title='bbox 800 1683 1120 1759; x_wconf 77' lang='grc' dir='ltr'>ὅνομάζεται</span> <span class='ocrx_word' id='word_1_137' title='bbox 1172 1688 1199 1741; x_wconf 97' lang='lat'>6</span> <span class='ocrx_word' id='word_1_138' title='bbox 1269 1688 1419 1758; x_wconf 87' lang='grc' dir='ltr'>Θεὸς,</span> <span class='ocrx_word' id='word_1_139' title='bbox 1474 1685 1533 1741; x_wconf 89' lang='grc' dir='ltr'>ἐκ</span> <span class='ocrx_word' id='word_1_140' title='bbox 1599 1691 1696 1740; x_wconf 85' lang='grc' dir='ltr'>τοῦ</span> <span class='ocrx_word' id='word_1_141' title='bbox 1745 1685 2005 1756; x_wconf 82' lang='grc' dir='ltr'>αἰσθητοῦ</span> 
     </span>
    </p>
   </div>
   <div class='ocr_carea' id='block_1_19' title="bbox 345 1773 2004 1853">
    <p class='ocr_par' dir='ltr' id='par_1_19' title="bbox 345 1773 2004 1853">
     <span class='ocr_line' id='line_1_19' title="bbox 345 1773 2004 1853; baseline -0.001 -24"><span class='ocrx_word' id='word_1_142' title='bbox 345 1775 545 1830; x_wconf 75' lang='grc' dir='ltr'>τούτου</span> <span class='ocrx_word' id='word_1_143' title='bbox 577 1777 755 1853; x_wconf 77' lang='grc' dir='ltr'>φωτὸς</span> <span class='ocrx_word' id='word_1_144' title='bbox 788 1773 1179 1848; x_wconf 81' lang='grc' dir='ltr'>ἐξεικονίζομεν</span> <span class='ocrx_word' id='word_1_145' title='bbox 1233 1774 1416 1842; x_wconf 83' lang='grc' dir='ltr'>αὐτὸν,</span> <span class='ocrx_word' id='word_1_146' title='bbox 1467 1773 1606 1830; x_wconf 82' lang='grc' dir='ltr'>ὥστε</span> <span class='ocrx_word' id='word_1_147' title='bbox 1659 1775 1877 1844; x_wconf 86' lang='grc' dir='ltr'>λοιπὸν,</span> <span class='ocrx_word' id='word_1_148' title='bbox 1929 1775 2004 1837; x_wconf 86' lang='grc' dir='ltr'>ὡς</span> 
     </span>
    </p>
   </div>
   <div class='ocr_carea' id='block_1_20' title="bbox 342 1863 2000 1942">
    <p class='ocr_par' dir='ltr' id='par_1_20' title="bbox 342 1863 2000 1942">
     <span class='ocr_line' id='line_1_20' title="bbox 342 1863 2000 1942; baseline -0.002 -23"><span class='ocrx_word' id='word_1_149' title='bbox 342 1864 700 1940; x_wconf 78' lang='grc' dir='ltr'>προείπομεν,</span> <span class='ocrx_word' id='word_1_150' title='bbox 733 1865 808 1929; x_wconf 75' lang='grc' dir='ltr'>εἰς</span> <span class='ocrx_word' id='word_1_151' title='bbox 838 1864 1007 1920; x_wconf 83' lang='grc' dir='ltr'>τόπον</span> <span class='ocrx_word' id='word_1_152' title='bbox 1039 1869 1135 1920; x_wconf 85' lang='grc' dir='ltr'>τοῦ</span> <span class='ocrx_word' id='word_1_153' title='bbox 1163 1863 1328 1934; x_wconf 89' lang='grc' dir='ltr'>ἡλίου</span> <span class='ocrx_word' id='word_1_154' title='bbox 1379 1864 1858 1942; x_wconf 83' lang='grc' dir='ltr'>χαρακτηρίζομεν</span> <span class='ocrx_word' id='word_1_155' title='bbox 1903 1864 2000 1932; x_wconf 82' lang='grc' dir='ltr'>τήν</span> 
     </span>
    </p>
   </div>
   <div class='ocr_carea' id='block_1_21' title="bbox 342 1951 2004 2031">
    <p class='ocr_par' dir='ltr' id='par_1_21' title="bbox 342 1951 2004 2031">
     <span class='ocr_line' id='line_1_21' title="bbox 342 1951 2004 2031; baseline -0.001 -22"><span class='ocrx_word' id='word_1_156' title='bbox 342 1953 497 2028; x_wconf 85' lang='grc' dir='ltr'>ἁγίαν</span> <span class='ocrx_word' id='word_1_157' title='bbox 553 1952 782 2030; x_wconf 78' lang='grc' dir='ltr'>Τριάδα,</span> <span class='ocrx_word' id='word_1_158' title='bbox 837 1955 1088 2031; x_wconf 79' lang='grc' dir='ltr'>λέγοντες</span> <span class='ocrx_word' id='word_1_159' title='bbox 1143 1954 1273 2008; x_wconf 73' lang='grc' dir='ltr'>εἶναι</span> <span class='ocrx_word' id='word_1_160' title='bbox 1346 1954 1440 2009; x_wconf 88' lang='grc' dir='ltr'>τὸν</span> <span class='ocrx_word' id='word_1_161' title='bbox 1509 1955 1602 2027; x_wconf 71' lang='grc' dir='ltr'>μὲν</span> <span class='ocrx_word' id='word_1_162' title='bbox 1672 1953 1882 2029; x_wconf 80' lang='grc' dir='ltr'>Πατέρα</span> <span class='ocrx_word' id='word_1_163' title='bbox 1927 1951 2004 2008; x_wconf 86' lang='grc' dir='ltr'>δί-</span> 
     </span>
    </p>
   </div>
   <div class='ocr_carea' id='block_1_22' title="bbox 340 2041 2005 2120">
    <p class='ocr_par' dir='ltr' id='par_1_22' title="bbox 340 2041 2005 2120">
     <span class='ocr_line' id='line_1_22' title="bbox 340 2041 2005 2120; baseline -0.001 -23"><span class='ocrx_word' id='word_1_164' title='bbox 340 2063 488 2114; x_wconf 87' lang='grc' dir='ltr'>σκον,</span> <span class='ocrx_word' id='word_1_165' title='bbox 519 2044 610 2098; x_wconf 89' lang='grc' dir='ltr'>τὸν</span> <span class='ocrx_word' id='word_1_166' title='bbox 646 2041 704 2098; x_wconf 76' lang='grc' dir='ltr'>δὲ</span> <span class='ocrx_word' id='word_1_167' title='bbox 733 2044 854 2098; x_wconf 76' lang='grc' dir='ltr'>Υἱὸν</span> <span class='ocrx_word' id='word_1_168' title='bbox 889 2043 1096 2113; x_wconf 77' lang='grc' dir='ltr'>ἀκτῖνα,</span> <span class='ocrx_word' id='word_1_169' title='bbox 1126 2043 1188 2096; x_wconf 89' lang='grc' dir='ltr'>τὸ</span> <span class='ocrx_word' id='word_1_170' title='bbox 1221 2041 1280 2098; x_wconf 74' lang='grc' dir='ltr'>δὲ</span> <span class='ocrx_word' id='word_1_171' title='bbox 1311 2047 1530 2117; x_wconf 80' lang='grc' dir='ltr'>Πνεῦμα</span> <span class='ocrx_word' id='word_1_172' title='bbox 1573 2043 1634 2098; x_wconf 92' lang='grc' dir='ltr'>τὸ</span> <span class='ocrx_word' id='word_1_173' title='bbox 1695 2044 1844 2119; x_wconf 82' lang='grc' dir='ltr'>ἅγιον</span> <span class='ocrx_word' id='word_1_174' title='bbox 1893 2046 2005 2120; x_wconf 77' lang='grc' dir='ltr'>ιρῶς</span> 
     </span>
    </p>
   </div>
   <div class='ocr_carea' id='block_1_23' title="bbox 343 2128 2002 2210">
    <p class='ocr_par' dir='ltr' id='par_1_23' title="bbox 343 2128 2002 2210">
     <span class='ocr_line' id='line_1_23' title="bbox 343 2128 2002 2210; baseline -0.002 -23"><span class='ocrx_word' id='word_1_175' title='bbox 343 2131 403 2187; x_wconf 82' lang='grc' dir='ltr'>ἐκ</span> <span class='ocrx_word' id='word_1_176' title='bbox 433 2134 636 2209; x_wconf 80' lang='grc' dir='ltr'>φωτός.</span> <span class='ocrx_word' id='word_1_177' title='bbox 671 2132 768 2186; x_wconf 88' lang='grc' dir='ltr'>Καὶ</span> <span class='ocrx_word' id='word_1_178' title='bbox 831 2129 1011 2210; x_wconf 82' lang='grc' dir='ltr'>ὣσπερ</span> <span class='ocrx_word' id='word_1_179' title='bbox 1066 2131 1094 2185; x_wconf 90' lang='lat'>6</span> <span class='ocrx_word' id='word_1_180' title='bbox 1142 2128 1344 2200; x_wconf 86' lang='grc' dir='ltr'>δίσκος,</span> <span class='ocrx_word' id='word_1_181' title='bbox 1397 2132 1486 2187; x_wconf 78' lang='grc' dir='ltr'>καὶ</span> <span class='ocrx_word' id='word_1_182' title='bbox 1537 2133 1571 2202; x_wconf 89' lang='grc' dir='ltr'>ἡ</span> <span class='ocrx_word' id='word_1_183' title='bbox 1621 2131 1793 2199; x_wconf 78' lang='grc' dir='ltr'>ἀκτὶς,</span> <span class='ocrx_word' id='word_1_184' title='bbox 1825 2131 2002 2185; x_wconf 80' lang='grc' dir='ltr'>καὶτὸ</span> 
     </span>
    </p>
   </div>
   <div class='ocr_carea' id='block_1_24' title="bbox 343 2217 2003 2298">
    <p class='ocr_par' dir='ltr' id='par_1_24' title="bbox 343 2217 2003 2298">
     <span class='ocr_line' id='line_1_24' title="bbox 343 2217 2003 2298; baseline -0.001 -22"><span class='ocrx_word' id='word_1_185' title='bbox 343 2225 459 2298; x_wconf 80' lang='grc' dir='ltr'>φῶς</span> <span class='ocrx_word' id='word_1_186' title='bbox 514 2218 568 2277; x_wconf 68' lang='grc' dir='ltr'>ἓν</span> <span class='ocrx_word' id='word_1_187' title='bbox 621 2221 724 2276; x_wconf 83' lang='grc' dir='ltr'>εἰσι</span> <span class='ocrx_word' id='word_1_188' title='bbox 766 2221 854 2276; x_wconf 79' lang='grc' dir='ltr'>καὶ</span> <span class='ocrx_word' id='word_1_189' title='bbox 903 2222 1047 2298; x_wconf 87' lang='grc' dir='ltr'>τρία,</span> <span class='ocrx_word' id='word_1_190' title='bbox 1097 2221 1402 2297; x_wconf 81' lang='grc' dir='ltr'>ἀμερίστως</span> <span class='ocrx_word' id='word_1_191' title='bbox 1459 2217 1808 2297; x_wconf 74' lang='grc' dir='ltr'>μεριζόμενα,</span> <span class='ocrx_word' id='word_1_192' title='bbox 1860 2219 2003 2275; x_wconf 76' lang='grc' dir='ltr'>οὕτω</span> 
     </span>
    </p>
   </div>
   <div class='ocr_carea' id='block_1_25' title="bbox 341 2308 2002 2388">
    <p class='ocr_par' dir='ltr' id='par_1_25' title="bbox 341 2308 2002 2388">
     <span class='ocr_line' id='line_1_25' title="bbox 341 2308 2002 2388; baseline -0.001 -22"><span class='ocrx_word' id='word_1_193' title='bbox 341 2312 433 2366; x_wconf 84' lang='grc' dir='ltr'>καὶ</span> <span class='ocrx_word' id='word_1_194' title='bbox 493 2310 521 2365; x_wconf 89' lang='lat'>6</span> <span class='ocrx_word' id='word_1_195' title='bbox 571 2311 702 2373; x_wconf 88' lang='grc' dir='ltr'>Θεὸς</span> <span class='ocrx_word' id='word_1_196' title='bbox 755 2312 788 2380; x_wconf 87' lang='grc' dir='ltr'>ἡ</span> <span class='ocrx_word' id='word_1_197' title='bbox 839 2311 1027 2388; x_wconf 79' lang='grc' dir='ltr'>Τριὰς,</span> <span class='ocrx_word' id='word_1_198' title='bbox 1083 2314 1110 2367; x_wconf 86' lang='lat'>6</span> <span class='ocrx_word' id='word_1_199' title='bbox 1143 2313 1354 2387; x_wconf 73' lang='grc' dir='ltr'>Πατὴρ,</span> <span class='ocrx_word' id='word_1_200' title='bbox 1403 2311 1493 2365; x_wconf 85' lang='grc' dir='ltr'>καὶ</span> <span class='ocrx_word' id='word_1_201' title='bbox 1541 2311 1568 2365; x_wconf 90' lang='grc' dir='ltr'>ὁ</span> <span class='ocrx_word' id='word_1_202' title='bbox 1616 2311 1762 2379; x_wconf 74' lang='grc' dir='ltr'>Υἱὸς,</span> <span class='ocrx_word' id='word_1_203' title='bbox 1795 2309 1885 2364; x_wconf 85' lang='grc' dir='ltr'>καὶ</span> <span class='ocrx_word' id='word_1_204' title='bbox 1940 2308 2002 2364; x_wconf 81' lang='lat'>16</span> 
     </span>
    </p>
   </div>
   <div class='ocr_carea' id='block_1_26' title="bbox 344 2398 2000 2475">
    <p class='ocr_par' dir='ltr' id='par_1_26' title="bbox 344 2398 2000 2475">
     <span class='ocr_line' id='line_1_26' title="bbox 344 2398 2000 2475; baseline -0.002 -19"><span class='ocrx_word' id='word_1_205' title='bbox 344 2399 562 2474; x_wconf 81' lang='grc' dir='ltr'>Πνεῦμα</span> <span class='ocrx_word' id='word_1_206' title='bbox 590 2400 653 2455; x_wconf 92' lang='grc' dir='ltr'>τὸ</span> <span class='ocrx_word' id='word_1_207' title='bbox 686 2401 860 2475; x_wconf 81' lang='grc' dir='ltr'>ἅγιον,</span> <span class='ocrx_word' id='word_1_208' title='bbox 917 2399 972 2456; x_wconf 79' lang='grc' dir='ltr'>ἓν</span> <span class='ocrx_word' id='word_1_209' title='bbox 1033 2400 1142 2456; x_wconf 87' lang='grc' dir='ltr'>ἐστι</span> <span class='ocrx_word' id='word_1_210' title='bbox 1193 2399 1281 2456; x_wconf 87' lang='grc' dir='ltr'>καὶ</span> <span class='ocrx_word' id='word_1_211' title='bbox 1327 2400 1472 2475; x_wconf 91' lang='grc' dir='ltr'>τρία,</span> <span class='ocrx_word' id='word_1_212' title='bbox 1528 2399 1857 2475; x_wconf 86' lang='grc' dir='ltr'>μεριζόμενα</span> <span class='ocrx_word' id='word_1_213' title='bbox 1907 2398 2000 2471; x_wconf 71' lang='grc' dir='ltr'>μὲν</span> 
     </span>
    </p>
   </div>
   <div class='ocr_carea' id='block_1_27' title="bbox 343 2485 2002 2568">
    <p class='ocr_par' dir='ltr' id='par_1_27' title="bbox 343 2485 2002 2568">
     <span class='ocr_line' id='line_1_27' title="bbox 343 2485 2002 2568; baseline -0.003 -21"><span class='ocrx_word' id='word_1_214' title='bbox 343 2497 461 2554; x_wconf 87' lang='grc' dir='ltr'>τοῖς</span> <span class='ocrx_word' id='word_1_215' title='bbox 491 2491 809 2568; x_wconf 84' lang='grc' dir='ltr'>προσώποις</span> <span class='ocrx_word' id='word_1_216' title='bbox 838 2490 974 2544; x_wconf 77' lang='grc' dir='ltr'>κατὰ</span> <span class='ocrx_word' id='word_1_217' title='bbox 1003 2491 1094 2545; x_wconf 91' lang='grc' dir='ltr'>τὸν</span> <span class='ocrx_word' id='word_1_218' title='bbox 1127 2490 1307 2560; x_wconf 77' lang='grc' dir='ltr'>ἣλιον,</span> <span class='ocrx_word' id='word_1_219' title='bbox 1341 2488 1604 2566; x_wconf 80' lang='grc' dir='ltr'>ἀμέριστα</span> <span class='ocrx_word' id='word_1_220' title='bbox 1631 2485 1689 2544; x_wconf 71' lang='grc' dir='ltr'>δὲ</span> <span class='ocrx_word' id='word_1_221' title='bbox 1729 2492 1798 2560; x_wconf 80' lang='grc' dir='ltr'>τῇ</span> <span class='ocrx_word' id='word_1_222' title='bbox 1849 2487 2002 2566; x_wconf 68' lang='grc' dir='ltr'>φύσει</span> 
     </span>
    </p>
   </div>
   <div class='ocr_carea' id='block_1_28' title="bbox 347 2573 2003 2654">
    <p class='ocr_par' dir='ltr' id='par_1_28' title="bbox 347 2573 2003 2654">
     <span class='ocr_line' id='line_1_28' title="bbox 347 2573 2003 2654; baseline -0.002 -18"><span class='ocrx_word' id='word_1_223' title='bbox 347 2578 688 2654; x_wconf 74' lang='grc' dir='ltr'>διαμένοντα.</span> <span class='ocrx_word' id='word_1_224' title='bbox 749 2578 849 2633; x_wconf 83' lang='grc' dir='ltr'>Καὶ</span> <span class='ocrx_word' id='word_1_225' title='bbox 900 2573 1080 2654; x_wconf 80' lang='grc' dir='ltr'>ὥσπερ</span> <span class='ocrx_word' id='word_1_226' title='bbox 1139 2581 1166 2634; x_wconf 91' lang='lat'>6</span> <span class='ocrx_word' id='word_1_227' title='bbox 1217 2576 1399 2640; x_wconf 82' lang='grc' dir='ltr'>δίσκος</span> <span class='ocrx_word' id='word_1_228' title='bbox 1458 2582 1553 2632; x_wconf 85' lang='grc' dir='ltr'>τοῦ</span> <span class='ocrx_word' id='word_1_229' title='bbox 1622 2577 1787 2648; x_wconf 87' lang='grc' dir='ltr'>ἡλίου</span> <span class='ocrx_word' id='word_1_230' title='bbox 1838 2573 2003 2650; x_wconf 84' lang='grc' dir='ltr'>μόνος</span> 
     </span>
    </p>
   </div>
   <div class='ocr_carea' id='block_1_29' title="bbox 345 2665 2004 2743">
    <p class='ocr_par' dir='ltr' id='par_1_29' title="bbox 345 2665 2004 2743">
     <span class='ocr_line' id='line_1_29' title="bbox 345 2665 2004 2743; baseline -0.004 -17"><span class='ocrx_word' id='word_1_231' title='bbox 345 2670 485 2726; x_wconf 86' lang='grc' dir='ltr'>ἐστὶν</span> <span class='ocrx_word' id='word_1_232' title='bbox 537 2667 708 2731; x_wconf 75' lang='grc' dir='ltr'>α’ίτιος</span> <span class='ocrx_word' id='word_1_233' title='bbox 764 2667 853 2723; x_wconf 82' lang='grc' dir='ltr'>καὶ</span> <span class='ocrx_word' id='word_1_234' title='bbox 916 2667 1202 2743; x_wconf 79' lang='grc' dir='ltr'>ἀγένητος,</span> <span class='ocrx_word' id='word_1_235' title='bbox 1253 2670 1287 2737; x_wconf 78' lang='grc' dir='ltr'>ἡ</span> <span class='ocrx_word' id='word_1_236' title='bbox 1337 2665 1394 2722; x_wconf 77' lang='grc' dir='ltr'>δὲ</span> <span class='ocrx_word' id='word_1_237' title='bbox 1438 2667 1589 2728; x_wconf 85' lang='grc' dir='ltr'>ἀκτὶς</span> <span class='ocrx_word' id='word_1_238' title='bbox 1646 2666 1861 2735; x_wconf 83' lang='grc' dir='ltr'>αἰτιατὴ</span> <span class='ocrx_word' id='word_1_239' title='bbox 1913 2667 2004 2721; x_wconf 88' lang='grc' dir='ltr'>καὶ</span> 
     </span>
    </p>
   </div>
   <div class='ocr_carea' id='block_1_30' title="bbox 341 2755 2003 2837">
    <p class='ocr_par' dir='ltr' id='par_1_30' title="bbox 341 2755 2003 2837">
     <span class='ocr_line' id='line_1_30' title="bbox 341 2755 2003 2837; baseline -0.003 -22"><span class='ocrx_word' id='word_1_240' title='bbox 341 2761 542 2837; x_wconf 77' lang='grc' dir='ltr'>γενητὴ</span> <span class='ocrx_word' id='word_1_241' title='bbox 588 2758 648 2813; x_wconf 86' lang='grc' dir='ltr'>ἐκ</span> <span class='ocrx_word' id='word_1_242' title='bbox 691 2762 791 2812; x_wconf 90' lang='grc' dir='ltr'>τοῦ</span> <span class='ocrx_word' id='word_1_243' title='bbox 842 2755 1056 2829; x_wconf 82' lang='grc' dir='ltr'>δίσκου,</span> <span class='ocrx_word' id='word_1_244' title='bbox 1109 2758 1172 2813; x_wconf 90' lang='grc' dir='ltr'>τὸ</span> <span class='ocrx_word' id='word_1_245' title='bbox 1222 2755 1278 2811; x_wconf 81' lang='grc' dir='ltr'>δὲ</span> <span class='ocrx_word' id='word_1_246' title='bbox 1309 2760 1424 2822; x_wconf 80' lang='grc' dir='ltr'>φῶς</span> <span class='ocrx_word' id='word_1_247' title='bbox 1457 2755 1778 2832; x_wconf 84' lang='grc' dir='ltr'>ἐκπορευτὸν</span> <span class='ocrx_word' id='word_1_248' title='bbox 1813 2755 1872 2810; x_wconf 86' lang='grc' dir='ltr'>ἐκ</span> <span class='ocrx_word' id='word_1_249' title='bbox 1906 2755 2003 2828; x_wconf 88' lang='grc' dir='ltr'>μό-</span> 
     </span>
    </p>
   </div>
   <div class='ocr_carea' id='block_1_31' title="bbox 339 2843 2004 2918">
    <p class='ocr_par' dir='ltr' id='par_1_31' title="bbox 339 2843 2004 2918">
     <span class='ocr_line' id='line_1_31' title="bbox 339 2843 2004 2918; baseline -0.004 -14"><span class='ocrx_word' id='word_1_250' title='bbox 339 2870 438 2904; x_wconf 87' lang='grc' dir='ltr'>νου</span> <span class='ocrx_word' id='word_1_251' title='bbox 467 2853 567 2904; x_wconf 91' lang='grc' dir='ltr'>τοῦ</span> <span class='ocrx_word' id='word_1_252' title='bbox 600 2845 807 2917; x_wconf 80' lang='grc' dir='ltr'>δίσκου,</span> <span class='ocrx_word' id='word_1_253' title='bbox 861 2843 949 2901; x_wconf 80' lang='grc' dir='ltr'>διὰ</span> <span class='ocrx_word' id='word_1_254' title='bbox 995 2848 1057 2901; x_wconf 88' lang='grc' dir='ltr'>τὸ</span> <span class='ocrx_word' id='word_1_255' title='bbox 1100 2853 1199 2916; x_wconf 82' lang='grc' dir='ltr'>τῆς</span> <span class='ocrx_word' id='word_1_256' title='bbox 1249 2846 1466 2908; x_wconf 87' lang='grc' dir='ltr'>ἀκτῖνος</span> <span class='ocrx_word' id='word_1_257' title='bbox 1502 2844 1882 2918; x_wconf 81' lang='grc' dir='ltr'>πεμπόμενον,</span> <span class='ocrx_word' id='word_1_258' title='bbox 1914 2845 2004 2900; x_wconf 85' lang='grc' dir='ltr'>καὶ</span> 
     </span>
    </p>
   </div>
   <div class='ocr_carea' id='block_1_32' title="bbox 340 2933 2004 3012">
    <p class='ocr_par' dir='ltr' id='par_1_32' title="bbox 340 2933 2004 3012">
     <span class='ocr_line' id='line_1_32' title="bbox 340 2933 2004 3012; baseline -0.004 -18"><span class='ocrx_word' id='word_1_259' title='bbox 340 2936 702 3009; x_wconf 81' lang='grc' dir='ltr'>καταλάμπον</span> <span class='ocrx_word' id='word_1_260' title='bbox 757 2935 825 2990; x_wconf 76' lang='grc' dir='ltr'>τὰ</span> <span class='ocrx_word' id='word_1_261' title='bbox 870 2934 1135 3012; x_wconf 85' lang='grc' dir='ltr'>περίγεια·</span> <span class='ocrx_word' id='word_1_262' title='bbox 1196 2933 1338 2990; x_wconf 72' lang='grc' dir='ltr'>οὓτω</span> <span class='ocrx_word' id='word_1_263' title='bbox 1381 2936 1472 2988; x_wconf 84' lang='grc' dir='ltr'>καὶ</span> <span class='ocrx_word' id='word_1_264' title='bbox 1523 2935 1549 2988; x_wconf 88' lang='lat'>6</span> <span class='ocrx_word' id='word_1_265' title='bbox 1600 2934 1731 2995; x_wconf 84' lang='grc' dir='ltr'>Θεὸς</span> <span class='ocrx_word' id='word_1_266' title='bbox 1775 2934 1864 2987; x_wconf 80' lang='grc' dir='ltr'>καὶ</span> <span class='ocrx_word' id='word_1_267' title='bbox 1897 2939 2004 2988; x_wconf 84' lang='grc' dir='ltr'>Πα-</span> 
     </span>
    </p>
   </div>
   <div class='ocr_carea' id='block_1_33' title="bbox 344 3020 2002 3102">
    <p class='ocr_par' dir='ltr' id='par_1_33' title="bbox 344 3020 2002 3102">
     <span class='ocr_line' id='line_1_33' title="bbox 344 3020 2002 3102; baseline -0.004 -19"><span class='ocrx_word' id='word_1_268' title='bbox 344 3028 450 3102; x_wconf 76' lang='grc' dir='ltr'>τὴρ</span> <span class='ocrx_word' id='word_1_269' title='bbox 483 3025 644 3087; x_wconf 82' lang='grc' dir='ltr'>αὐτὸς</span> <span class='ocrx_word' id='word_1_270' title='bbox 679 3024 846 3097; x_wconf 88' lang='grc' dir='ltr'>μόνος</span> <span class='ocrx_word' id='word_1_271' title='bbox 879 3023 1018 3078; x_wconf 84' lang='grc' dir='ltr'>ἐστὶν</span> <span class='ocrx_word' id='word_1_272' title='bbox 1062 3021 1235 3083; x_wconf 73' lang='grc' dir='ltr'>α’ίτιος</span> <span class='ocrx_word' id='word_1_273' title='bbox 1265 3028 1381 3084; x_wconf 85' lang='grc' dir='ltr'>τοῖς</span> <span class='ocrx_word' id='word_1_274' title='bbox 1413 3020 1532 3077; x_wconf 83' lang='grc' dir='ltr'>δυσὶ</span> <span class='ocrx_word' id='word_1_275' title='bbox 1581 3021 1670 3076; x_wconf 79' lang='grc' dir='ltr'>καὶ</span> <span class='ocrx_word' id='word_1_276' title='bbox 1721 3021 2002 3096; x_wconf 87' lang='grc' dir='ltr'>ἀγένητος·</span> 
     </span>
    </p>
   </div>
   <div class='ocr_carea' id='block_1_34' title="bbox 347 3109 2002 3188">
    <p class='ocr_par' dir='ltr' id='par_1_34' title="bbox 347 3109 2002 3188">
     <span class='ocr_line' id='line_1_34' title="bbox 347 3109 2002 3188; baseline -0.004 -17"><span class='ocrx_word' id='word_1_277' title='bbox 347 3118 375 3172; x_wconf 88' lang='lat'>6</span> <span class='ocrx_word' id='word_1_278' title='bbox 429 3114 486 3170; x_wconf 76' lang='grc' dir='ltr'>δὲ</span> <span class='ocrx_word' id='word_1_279' title='bbox 517 3115 642 3176; x_wconf 71' lang='grc' dir='ltr'>Υἱὸς</span> <span class='ocrx_word' id='word_1_280' title='bbox 675 3113 735 3169; x_wconf 86' lang='grc' dir='ltr'>ἐκ</span> <span class='ocrx_word' id='word_1_281' title='bbox 767 3109 936 3186; x_wconf 85' lang='grc' dir='ltr'>μόνου</span> <span class='ocrx_word' id='word_1_282' title='bbox 965 3117 1064 3167; x_wconf 86' lang='grc' dir='ltr'>τοῦ</span> <span class='ocrx_word' id='word_1_283' title='bbox 1099 3113 1304 3188; x_wconf 89' lang='grc' dir='ltr'>Πατρὸς</span> <span class='ocrx_word' id='word_1_284' title='bbox 1335 3111 1574 3173; x_wconf 82' lang='grc' dir='ltr'>αἷτιατὸς</span> <span class='ocrx_word' id='word_1_285' title='bbox 1598 3110 1688 3166; x_wconf 85' lang='grc' dir='ltr'>καὶ</span> <span class='ocrx_word' id='word_1_286' title='bbox 1720 3110 2002 3186; x_wconf 82' lang='grc' dir='ltr'>γεννητός⁶</span> 
     </span>
    </p>
   </div>
   <div class='ocr_carea' id='block_1_35' title="bbox 2035 1913 2083 1978">
    <p class='ocr_par' dir='ltr' id='par_1_35' title="bbox 2035 1913 2083 1978">
     <span class='ocr_line' id='line_1_35' title="bbox 2035 1913 2083 1978; baseline 0 0"><span class='ocrx_word' id='word_1_287' title='bbox 2035 1913 2083 1978; x_wconf 94' lang='grc' dir='ltr'><strong>Β</strong></span> 
     </span>
    </p>
   </div>
   <div class='ocr_carea' id='block_1_36' title="bbox 2121 617 3776 688">
    <p class='ocr_par' dir='ltr' id='par_1_36' title="bbox 2121 617 3776 688">
     <span class='ocr_line' id='line_1_36' title="bbox 2121 617 3776 688; baseline 0.003 -17"><span class='ocrx_word' id='word_1_288' title='bbox 2121 617 2219 685; x_wconf 94' lang='lat' dir='ltr'>lio,</span> <span class='ocrx_word' id='word_1_289' title='bbox 2253 621 2307 672; x_wconf 90' lang='lat' dir='ltr'>et</span> <span class='ocrx_word' id='word_1_290' title='bbox 2338 634 2542 688; x_wconf 87' lang='lat' dir='ltr'>supra,</span> <span class='ocrx_word' id='word_1_291' title='bbox 2575 621 2631 672; x_wconf 87' lang='lat' dir='ltr'>et</span> <span class='ocrx_word' id='word_1_292' title='bbox 2665 619 2834 688; x_wconf 63' lang='lat' dir='ltr'>intra,</span> <span class='ocrx_word' id='word_1_293' title='bbox 2858 623 2914 672; x_wconf 88' lang='lat' dir='ltr'>et</span> <span class='ocrx_word' id='word_1_294' title='bbox 2939 636 3144 674; x_wconf 90' lang='lat' dir='ltr'>omnes</span> <span class='ocrx_word' id='word_1_295' title='bbox 3168 619 3776 686; x_wconf 86' lang='lat' dir='ltr'>hominesilluminat,</span> 
     </span>
    </p>
   </div>
   <div class='ocr_carea' id='block_1_37' title="bbox 2122 706 3782 780">
    <p class='ocr_par' dir='ltr' id='par_1_37' title="bbox 2122 706 3782 780">
     <span class='ocr_line' id='line_1_37' title="bbox 2122 706 3782 780; baseline 0.004 -22"><span class='ocrx_word' id='word_1_296' title='bbox 2122 721 2226 760; x_wconf 89' lang='lat' dir='ltr'>nec</span> <span class='ocrx_word' id='word_1_297' title='bbox 2256 706 2452 760; x_wconf 85' lang='lat' dir='ltr'>deﬁcit</span> <span class='ocrx_word' id='word_1_298' title='bbox 2486 722 2770 776; x_wconf 76' lang='lat' dir='ltr'>unquam.</span> <span class='ocrx_word' id='word_1_299' title='bbox 2807 730 2832 755; x_wconf 91' lang='grc'>‹‹</span> <span class='ocrx_word' id='word_1_300' title='bbox 2869 708 3123 778; x_wconf 84' lang='lat' dir='ltr'>Spiritus</span> <span class='ocrx_word' id='word_1_301' title='bbox 3155 709 3314 763; x_wconf 90' lang='lat' dir='ltr'>enim</span> <span class='ocrx_word' id='word_1_302' title='bbox 3347 714 3610 780; x_wconf 88' lang='lat' dir='ltr'>sanctus,</span> <span class='ocrx_word' id='word_1_303' title='bbox 3642 730 3670 758; x_wconf 86' lang='grc'>››</span> <span class='ocrx_word' id='word_1_304' title='bbox 3697 710 3782 766; x_wconf 82' lang='lat' dir='ltr'>in-</span> 
     </span>
    </p>
   </div>
   <div class='ocr_carea' id='block_1_38' title="bbox 2121 794 3776 866">
    <p class='ocr_par' dir='ltr' id='par_1_38' title="bbox 2121 794 3776 866">
     <span class='ocr_line' id='line_1_38' title="bbox 2121 794 3776 866; baseline 0.004 -18"><span class='ocrx_word' id='word_1_305' title='bbox 2121 795 2254 864; x_wconf 85' lang='lat' dir='ltr'>quit</span> <span class='ocrx_word' id='word_1_306' title='bbox 2284 794 2589 866; x_wconf 80' lang='lat' dir='ltr'>apostolus</span> <span class='ocrx_word' id='word_1_307' title='bbox 2631 795 2872 858; x_wconf 83' lang='lat' dir='ltr'>Paulus,</span> <span class='ocrx_word' id='word_1_308' title='bbox 2906 818 2933 844; x_wconf 85' lang='lat'><strong>«</strong></span> <span class='ocrx_word' id='word_1_309' title='bbox 2984 797 3184 852; x_wconf 83' lang='lat' dir='ltr'>omnia</span> <span class='ocrx_word' id='word_1_310' title='bbox 3230 802 3551 866; x_wconf 81' lang='lat' dir='ltr'>scrutatur,</span> <span class='ocrx_word' id='word_1_311' title='bbox 3596 800 3776 854; x_wconf 89' lang='lat' dir='ltr'>etiam</span> 
     </span>
    </p>
   </div>
   <div class='ocr_carea' id='block_1_39' title="bbox 2120 884 3780 958">
    <p class='ocr_par' dir='ltr' id='par_1_39' title="bbox 2120 884 3780 958">
     <span class='ocr_line' id='line_1_39' title="bbox 2120 884 3780 958; baseline 0.003 -20"><span class='ocrx_word' id='word_1_312' title='bbox 2120 884 2412 954; x_wconf 84' lang='lat' dir='ltr'>profunda</span> <span class='ocrx_word' id='word_1_313' title='bbox 2444 884 2542 940; x_wconf 86' lang='lat' dir='ltr'>Dei</span> <span class='ocrx_word' id='word_1_314' title='bbox 2573 884 2614 938; x_wconf 79' lang='grc'><strong>³.</strong></span> <span class='ocrx_word' id='word_1_315' title='bbox 2654 907 2681 933; x_wconf 87' lang='grc'><strong>››</strong></span> <span class='ocrx_word' id='word_1_316' title='bbox 2727 886 2870 940; x_wconf 84' lang='lat' dir='ltr'>Ecce</span> <span class='ocrx_word' id='word_1_317' title='bbox 2913 886 3038 955; x_wconf 87' lang='lat' dir='ltr'>jam</span> <span class='ocrx_word' id='word_1_318' title='bbox 3089 887 3386 957; x_wconf 90' lang='lat' dir='ltr'>quomodo</span> <span class='ocrx_word' id='word_1_319' title='bbox 3435 904 3609 958; x_wconf 85' lang='lat' dir='ltr'>quem</span> <span class='ocrx_word' id='word_1_320' title='bbox 3644 893 3780 944; x_wconf 88' lang='lat' dir='ltr'>ante</span> 
     </span>
    </p>
   </div>
   <div class='ocr_carea' id='block_1_40' title="bbox 2121 973 3774 1047">
    <p class='ocr_par' dir='ltr' id='par_1_40' title="bbox 2121 973 3774 1047">
     <span class='ocr_line' id='line_1_40' title="bbox 2121 973 3774 1047; baseline 0.003 -21"><span class='ocrx_word' id='word_1_321' title='bbox 2121 989 2234 1028; x_wconf 92' lang='lat' dir='ltr'>non</span> <span class='ocrx_word' id='word_1_322' title='bbox 2265 973 2534 1029; x_wconf 87' lang='lat' dir='ltr'>novimus</span> <span class='ocrx_word' id='word_1_323' title='bbox 2560 990 2846 1045; x_wconf 83' lang='lat' dir='ltr'>unquam,</span> <span class='ocrx_word' id='word_1_324' title='bbox 2877 991 3058 1045; x_wconf 89' lang='lat' dir='ltr'>neque</span> <span class='ocrx_word' id='word_1_325' title='bbox 3078 991 3427 1046; x_wconf 85' lang='lat' dir='ltr'>cognoscere</span> <span class='ocrx_word' id='word_1_326' title='bbox 3449 976 3774 1047; x_wconf 84' lang='lat' dir='ltr'>potuimus,</span> 
     </span>
    </p>
   </div>
   <div class='ocr_carea' id='block_1_41' title="bbox 2121 1062 3775 1136">
    <p class='ocr_par' dir='ltr' id='par_1_41' title="bbox 2121 1062 3775 1136">
     <span class='ocr_line' id='line_1_41' title="bbox 2121 1062 3775 1136; baseline 0.002 -19"><span class='ocrx_word' id='word_1_327' title='bbox 2121 1062 2312 1135; x_wconf 84' lang='lat' dir='ltr'>qualis</span> <span class='ocrx_word' id='word_1_328' title='bbox 2343 1068 2517 1128; x_wconf 87' lang='lat' dir='ltr'>esset,</span> <span class='ocrx_word' id='word_1_329' title='bbox 2549 1064 2782 1133; x_wconf 86' lang='lat' dir='ltr'>quando</span> <span class='ocrx_word' id='word_1_330' title='bbox 2819 1069 3016 1118; x_wconf 85' lang='lat' dir='ltr'>autem</span> <span class='ocrx_word' id='word_1_331' title='bbox 3047 1063 3301 1136; x_wconf 82' lang='lat' dir='ltr'>efﬁgiem</span> <span class='ocrx_word' id='word_1_332' title='bbox 3335 1065 3463 1135; x_wconf 84' lang='lat' dir='ltr'>ejus</span> <span class='ocrx_word' id='word_1_333' title='bbox 3483 1064 3775 1135; x_wconf 83' lang='lat' dir='ltr'>videmus,</span> 
     </span>
    </p>
   </div>
   <div class='ocr_carea' id='block_1_42' title="bbox 2119 1152 3777 1225">
    <p class='ocr_par' dir='ltr' id='par_1_42' title="bbox 2119 1152 3777 1225">
     <span class='ocr_line' id='line_1_42' title="bbox 2119 1152 3777 1225; baseline 0.001 -19"><span class='ocrx_word' id='word_1_334' title='bbox 2119 1154 2261 1206; x_wconf 89' lang='lat' dir='ltr'>tunc</span> <span class='ocrx_word' id='word_1_335' title='bbox 2293 1168 2362 1206; x_wconf 86' lang='lat' dir='ltr'>ex</span> <span class='ocrx_word' id='word_1_336' title='bbox 2393 1156 2556 1223; x_wconf 90' lang='lat' dir='ltr'>parte</span> <span class='ocrx_word' id='word_1_337' title='bbox 2598 1152 3012 1225; x_wconf 85' lang='lat' dir='ltr'>cognoscimus</span> <span class='ocrx_word' id='word_1_338' title='bbox 3057 1152 3454 1209; x_wconf 83' lang='lat' dir='ltr'>characterem</span> <span class='ocrx_word' id='word_1_339' title='bbox 3515 1169 3777 1225; x_wconf 63' lang='lat' dir='ltr'>persona</span> 
     </span>
    </p>
   </div>
   <div class='ocr_carea' id='block_1_43' title="bbox 2119 1240 3777 1314">
    <p class='ocr_par' dir='ltr' id='par_1_43' title="bbox 2119 1240 3777 1314">
     <span class='ocr_line' id='line_1_43' title="bbox 2119 1240 3777 1314; baseline 0.002 -20"><span class='ocrx_word' id='word_1_340' title='bbox 2119 1240 2268 1310; x_wconf 86' lang='lat' dir='ltr'>ejus,</span> <span class='ocrx_word' id='word_1_341' title='bbox 2306 1240 2388 1295; x_wconf 89' lang='lat' dir='ltr'>ita</span> <span class='ocrx_word' id='word_1_342' title='bbox 2420 1244 2478 1296; x_wconf 77' lang='lat' dir='ltr'>tu</span> <span class='ocrx_word' id='word_1_343' title='bbox 2513 1240 2661 1297; x_wconf 90' lang='lat' dir='ltr'>mihi</span> <span class='ocrx_word' id='word_1_344' title='bbox 2715 1240 2969 1314; x_wconf 87' lang='lat' dir='ltr'>cogitato</span> <span class='ocrx_word' id='word_1_345' title='bbox 3010 1242 3081 1297; x_wconf 89' lang='lat' dir='ltr'>de</span> <span class='ocrx_word' id='word_1_346' title='bbox 3129 1241 3272 1310; x_wconf 91' lang='lat' dir='ltr'>Deo,</span> <span class='ocrx_word' id='word_1_347' title='bbox 3324 1264 3351 1292; x_wconf 75' lang='grc' dir='ltr'>ιι</span> <span class='ocrx_word' id='word_1_348' title='bbox 3384 1241 3570 1298; x_wconf 90' lang='lat' dir='ltr'>Deum</span> <span class='ocrx_word' id='word_1_349' title='bbox 3617 1241 3777 1298; x_wconf 86' lang='lat' dir='ltr'>enim</span> 
     </span>
    </p>
   </div>
   <div class='ocr_carea' id='block_1_44' title="bbox 2120 1329 3784 1404">
    <p class='ocr_par' dir='ltr' id='par_1_44' title="bbox 2120 1329 3784 1404">
     <span class='ocr_line' id='line_1_44' title="bbox 2120 1329 3784 1404; baseline 0.001 -19"><span class='ocrx_word' id='word_1_350' title='bbox 2120 1345 2290 1386; x_wconf 89' lang='lat' dir='ltr'>nemo</span> <span class='ocrx_word' id='word_1_351' title='bbox 2314 1329 2459 1384; x_wconf 92' lang='lat' dir='ltr'>vidit</span> <span class='ocrx_word' id='word_1_352' title='bbox 2489 1347 2790 1401; x_wconf 88' lang='lat' dir='ltr'>unquam;</span> <span class='ocrx_word' id='word_1_353' title='bbox 2826 1352 2854 1380; x_wconf 88' lang='lat'><strong>»</strong></span> <span class='ocrx_word' id='word_1_354' title='bbox 2887 1331 3182 1402; x_wconf 89' lang='lat' dir='ltr'>quomodo</span> <span class='ocrx_word' id='word_1_355' title='bbox 3216 1331 3396 1404; x_wconf 87' lang='lat' dir='ltr'>igitur</span> <span class='ocrx_word' id='word_1_356' title='bbox 3425 1330 3593 1386; x_wconf 90' lang='lat' dir='ltr'>illum</span> <span class='ocrx_word' id='word_1_357' title='bbox 3625 1347 3784 1388; x_wconf 90' lang='lat' dir='ltr'>com-</span> 
     </span>
    </p>
   </div>
   <div class='ocr_carea' id='block_1_45' title="bbox 2118 1419 3778 1493">
    <p class='ocr_par' dir='ltr' id='par_1_45' title="bbox 2118 1419 3778 1493">
     <span class='ocr_line' id='line_1_45' title="bbox 2118 1419 3778 1493; baseline 0.001 -19"><span class='ocrx_word' id='word_1_358' title='bbox 2118 1419 2481 1491; x_wconf 86' lang='lat' dir='ltr'>prehendere</span> <span class='ocrx_word' id='word_1_359' title='bbox 2512 1420 2645 1491; x_wconf 90' lang='lat' dir='ltr'>quis</span> <span class='ocrx_word' id='word_1_360' title='bbox 2677 1419 2909 1492; x_wconf 83' lang='lat' dir='ltr'>possit?</span> <span class='ocrx_word' id='word_1_361' title='bbox 2941 1421 3041 1476; x_wconf 90' lang='lat' dir='ltr'>sed</span> <span class='ocrx_word' id='word_1_362' title='bbox 3074 1420 3554 1493; x_wconf 88' lang='lat' dir='ltr'>quandoquidem</span> <span class='ocrx_word' id='word_1_363' title='bbox 3576 1420 3778 1476; x_wconf 89' lang='lat' dir='ltr'>lumen</span> 
     </span>
    </p>
   </div>
   <div class='ocr_carea' id='block_1_46' title="bbox 2117 1507 3778 1574">
    <p class='ocr_par' dir='ltr' id='par_1_46' title="bbox 2117 1507 3778 1574">
     <span class='ocr_line' id='line_1_46' title="bbox 2117 1507 3778 1574; baseline 0.001 -11"><span class='ocrx_word' id='word_1_364' title='bbox 2117 1512 2208 1563; x_wconf 89' lang='lat' dir='ltr'>est</span> <span class='ocrx_word' id='word_1_365' title='bbox 2228 1514 2284 1563; x_wconf 86' lang='lat' dir='ltr'>et</span> <span class='ocrx_word' id='word_1_366' title='bbox 2313 1507 2530 1563; x_wconf 92' lang='lat' dir='ltr'>dicitur</span> <span class='ocrx_word' id='word_1_367' title='bbox 2548 1508 2726 1574; x_wconf 92' lang='lat' dir='ltr'>Deus,</span> <span class='ocrx_word' id='word_1_368' title='bbox 2760 1525 2828 1564; x_wconf 83' lang='lat' dir='ltr'>ex</span> <span class='ocrx_word' id='word_1_369' title='bbox 2849 1508 2958 1564; x_wconf 89' lang='lat' dir='ltr'>hac</span> <span class='ocrx_word' id='word_1_370' title='bbox 2981 1509 3250 1564; x_wconf 83' lang='lat' dir='ltr'>sensibili</span> <span class='ocrx_word' id='word_1_371' title='bbox 3274 1509 3368 1564; x_wconf 94' lang='lat' dir='ltr'>luc</span> <span class='ocrx_word' id='word_1_372' title='bbox 3393 1536 3403 1560; x_wconf 78' lang='grc' dir='ltr'>τ</span> <span class='ocrx_word' id='word_1_373' title='bbox 3431 1508 3778 1566; x_wconf 87' lang='lat' dir='ltr'>similitudi-</span> 
     </span>
    </p>
   </div>
   <div class='ocr_carea' id='block_1_47' title="bbox 2118 1597 3780 1670">
    <p class='ocr_par' dir='ltr' id='par_1_47' title="bbox 2118 1597 3780 1670">
     <span class='ocr_line' id='line_1_47' title="bbox 2118 1597 3780 1670; baseline 0.002 -19"><span class='ocrx_word' id='word_1_374' title='bbox 2118 1613 2250 1652; x_wconf 90' lang='lat' dir='ltr'>nem</span> <span class='ocrx_word' id='word_1_375' title='bbox 2283 1597 2552 1669; x_wconf 89' lang='lat' dir='ltr'>capimus</span> <span class='ocrx_word' id='word_1_376' title='bbox 2588 1597 2705 1664; x_wconf 92' lang='lat' dir='ltr'>Dei,</span> <span class='ocrx_word' id='word_1_377' title='bbox 2741 1603 2804 1652; x_wconf 91' lang='lat' dir='ltr'>ut</span> <span class='ocrx_word' id='word_1_378' title='bbox 2833 1598 3132 1669; x_wconf 87' lang='lat' dir='ltr'>deinceps,</span> <span class='ocrx_word' id='word_1_379' title='bbox 3153 1599 3656 1670; x_wconf 88' lang='lat' dir='ltr'>quemadmodum</span> <span class='ocrx_word' id='word_1_380' title='bbox 3681 1615 3780 1654; x_wconf 89' lang='lat' dir='ltr'>su-</span> 
     </span>
    </p>
   </div>
   <div class='ocr_carea' id='block_1_48' title="bbox 2117 1685 3780 1758">
    <p class='ocr_par' dir='ltr' id='par_1_48' title="bbox 2117 1685 3780 1758">
     <span class='ocr_line' id='line_1_48' title="bbox 2117 1685 3780 1758; baseline 0.001 -18"><span class='ocrx_word' id='word_1_381' title='bbox 2117 1703 2220 1758; x_wconf 91' lang='lat' dir='ltr'>pra</span> <span class='ocrx_word' id='word_1_382' title='bbox 2250 1685 2530 1754; x_wconf 85' lang='lat' dir='ltr'>diximus,</span> <span class='ocrx_word' id='word_1_383' title='bbox 2565 1687 2635 1741; x_wconf 92' lang='lat' dir='ltr'>ad</span> <span class='ocrx_word' id='word_1_384' title='bbox 2669 1691 2876 1758; x_wconf 81' lang='lat' dir='ltr'>typum</span> <span class='ocrx_word' id='word_1_385' title='bbox 2916 1686 3059 1742; x_wconf 91' lang='lat' dir='ltr'>solis</span> <span class='ocrx_word' id='word_1_386' title='bbox 3091 1688 3460 1744; x_wconf 70' lang='lat' dir='ltr'>conferamus</span> <span class='ocrx_word' id='word_1_387' title='bbox 3512 1693 3780 1743; x_wconf 90' lang='lat' dir='ltr'>sanctam</span> 
     </span>
    </p>
   </div>
   <div class='ocr_carea' id='block_1_49' title="bbox 2116 1775 3778 1848">
    <p class='ocr_par' dir='ltr' id='par_1_49' title="bbox 2116 1775 3778 1848">
     <span class='ocr_line' id='line_1_49' title="bbox 2116 1775 3778 1848; baseline 0.002 -19"><span class='ocrx_word' id='word_1_388' title='bbox 2116 1775 2488 1844; x_wconf 85' lang='lat' dir='ltr'>Trinitatem,</span> <span class='ocrx_word' id='word_1_389' title='bbox 2522 1776 2779 1832; x_wconf 88' lang='lat' dir='ltr'>dicentes</span> <span class='ocrx_word' id='word_1_390' title='bbox 2812 1793 2941 1832; x_wconf 89' lang='lat' dir='ltr'>esse</span> <span class='ocrx_word' id='word_1_391' title='bbox 2972 1776 3211 1848; x_wconf 90' lang='lat' dir='ltr'>quidem</span> <span class='ocrx_word' id='word_1_392' title='bbox 3264 1781 3493 1832; x_wconf 79' lang='lat' dir='ltr'>Patrem</span> <span class='ocrx_word' id='word_1_393' title='bbox 3551 1777 3778 1846; x_wconf 87' lang='lat' dir='ltr'>orbem,</span> 
     </span>
    </p>
   </div>
   <div class='ocr_carea' id='block_1_50' title="bbox 2117 1864 3776 1937">
    <p class='ocr_par' dir='ltr' id='par_1_50' title="bbox 2117 1864 3776 1937">
     <span class='ocr_line' id='line_1_50' title="bbox 2117 1864 3776 1937; baseline 0.002 -19"><span class='ocrx_word' id='word_1_394' title='bbox 2117 1865 2329 1919; x_wconf 91' lang='lat' dir='ltr'>Filium</span> <span class='ocrx_word' id='word_1_395' title='bbox 2362 1864 2614 1936; x_wconf 85' lang='lat' dir='ltr'>radium,</span> <span class='ocrx_word' id='word_1_396' title='bbox 2649 1865 2935 1937; x_wconf 90' lang='lat' dir='ltr'>Spiritum</span> <span class='ocrx_word' id='word_1_397' title='bbox 2995 1871 3268 1921; x_wconf 88' lang='lat' dir='ltr'>sanctum</span> <span class='ocrx_word' id='word_1_398' title='bbox 3317 1865 3518 1922; x_wconf 91' lang='lat' dir='ltr'>lumen</span> <span class='ocrx_word' id='word_1_399' title='bbox 3570 1883 3640 1922; x_wconf 85' lang='lat' dir='ltr'>ex</span> <span class='ocrx_word' id='word_1_400' title='bbox 3683 1865 3776 1922; x_wconf 89' lang='lat' dir='ltr'>lu-</span> 
     </span>
    </p>
   </div>
   <div class='ocr_carea' id='block_1_51' title="bbox 2118 1954 3776 2025">
    <p class='ocr_par' dir='ltr' id='par_1_51' title="bbox 2118 1954 3776 2025">
     <span class='ocr_line' id='line_1_51' title="bbox 2118 1954 3776 2025; baseline 0.001 -16"><span class='ocrx_word' id='word_1_401' title='bbox 2118 1954 2294 2010; x_wconf 88' lang='lat' dir='ltr'>mine.</span> <span class='ocrx_word' id='word_1_402' title='bbox 2324 1959 2389 2009; x_wconf 85' lang='lat' dir='ltr'>Et</span> <span class='ocrx_word' id='word_1_403' title='bbox 2420 1954 2575 2010; x_wconf 88' lang='lat' dir='ltr'>sicut</span> <span class='ocrx_word' id='word_1_404' title='bbox 2605 1954 2784 2025; x_wconf 88' lang='lat' dir='ltr'>orbis,</span> <span class='ocrx_word' id='word_1_405' title='bbox 2827 1960 2884 2010; x_wconf 90' lang='lat' dir='ltr'>et</span> <span class='ocrx_word' id='word_1_406' title='bbox 2944 1955 3169 2022; x_wconf 81' lang='lat' dir='ltr'>radius,</span> <span class='ocrx_word' id='word_1_407' title='bbox 3220 1959 3279 2010; x_wconf 87' lang='lat' dir='ltr'>et</span> <span class='ocrx_word' id='word_1_408' title='bbox 3335 1955 3535 2012; x_wconf 86' lang='lat' dir='ltr'>lumen</span> <span class='ocrx_word' id='word_1_409' title='bbox 3585 1971 3776 2011; x_wconf 90' lang='lat' dir='ltr'>unum</span> 
     </span>
    </p>
   </div>
   <div class='ocr_carea' id='block_1_52' title="bbox 2116 2043 3778 2114">
    <p class='ocr_par' dir='ltr' id='par_1_52' title="bbox 2116 2043 3778 2114">
     <span class='ocr_line' id='line_1_52' title="bbox 2116 2043 3778 2114; baseline 0 -14"><span class='ocrx_word' id='word_1_410' title='bbox 2116 2048 2256 2100; x_wconf 91' lang='lat' dir='ltr'>sunt</span> <span class='ocrx_word' id='word_1_411' title='bbox 2284 2048 2341 2099; x_wconf 91' lang='lat' dir='ltr'>et</span> <span class='ocrx_word' id='word_1_412' title='bbox 2370 2044 2503 2112; x_wconf 89' lang='lat' dir='ltr'>tria,</span> <span class='ocrx_word' id='word_1_413' title='bbox 2537 2043 2786 2100; x_wconf 88' lang='lat' dir='ltr'>indivise</span> <span class='ocrx_word' id='word_1_414' title='bbox 2831 2043 3037 2114; x_wconf 90' lang='lat' dir='ltr'>divisa,</span> <span class='ocrx_word' id='word_1_415' title='bbox 3071 2045 3153 2100; x_wconf 90' lang='lat' dir='ltr'>ita</span> <span class='ocrx_word' id='word_1_416' title='bbox 3184 2045 3338 2102; x_wconf 72' lang='lat'>282</span> <span class='ocrx_word' id='word_1_417' title='bbox 3369 2049 3430 2102; x_wconf 89' lang='lat' dir='ltr'>et</span> <span class='ocrx_word' id='word_1_418' title='bbox 3475 2047 3626 2101; x_wconf 85' lang='lat' dir='ltr'>Deus</span> <span class='ocrx_word' id='word_1_419' title='bbox 3649 2044 3778 2101; x_wconf 89' lang='lat' dir='ltr'>Tri-</span> 
     </span>
    </p>
   </div>
   <div class='ocr_carea' id='block_1_53' title="bbox 2115 2132 3778 2206">
    <p class='ocr_par' dir='ltr' id='par_1_53' title="bbox 2115 2132 3778 2206">
     <span class='ocr_line' id='line_1_53' title="bbox 2115 2132 3778 2206; baseline 0.001 -18"><span class='ocrx_word' id='word_1_420' title='bbox 2115 2132 2291 2201; x_wconf 88' lang='lat' dir='ltr'>nitas,</span> <span class='ocrx_word' id='word_1_421' title='bbox 2325 2133 2514 2200; x_wconf 89' lang='lat' dir='ltr'>Pater,</span> <span class='ocrx_word' id='word_1_422' title='bbox 2546 2133 2750 2203; x_wconf 81' lang='lat' dir='ltr'>Filius,</span> <span class='ocrx_word' id='word_1_423' title='bbox 2782 2137 2837 2189; x_wconf 91' lang='lat' dir='ltr'>et</span> <span class='ocrx_word' id='word_1_424' title='bbox 2868 2133 3123 2206; x_wconf 86' lang='lat' dir='ltr'>Spiritus</span> <span class='ocrx_word' id='word_1_425' title='bbox 3153 2138 3398 2190; x_wconf 90' lang='lat' dir='ltr'>sanctus</span> <span class='ocrx_word' id='word_1_426' title='bbox 3449 2149 3635 2190; x_wconf 89' lang='lat' dir='ltr'>unum</span> <span class='ocrx_word' id='word_1_427' title='bbox 3685 2137 3778 2190; x_wconf 85' lang='lat' dir='ltr'>est</span> 
     </span>
    </p>
   </div>
   <div class='ocr_carea' id='block_1_54' title="bbox 2113 2221 3780 2295">
    <p class='ocr_par' dir='ltr' id='par_1_54' title="bbox 2113 2221 3780 2295">
     <span class='ocr_line' id='line_1_54' title="bbox 2113 2221 3780 2295; baseline 0.002 -17"><span class='ocrx_word' id='word_1_428' title='bbox 2113 2226 2169 2278; x_wconf 90' lang='lat' dir='ltr'>et</span> <span class='ocrx_word' id='word_1_429' title='bbox 2198 2223 2330 2291; x_wconf 86' lang='lat' dir='ltr'>tria,</span> <span class='ocrx_word' id='word_1_430' title='bbox 2366 2223 2553 2278; x_wconf 88' lang='lat' dir='ltr'>divisa</span> <span class='ocrx_word' id='word_1_431' title='bbox 2583 2222 2822 2294; x_wconf 88' lang='lat' dir='ltr'>quidem</span> <span class='ocrx_word' id='word_1_432' title='bbox 2857 2223 3143 2295; x_wconf 88' lang='lat' dir='ltr'>personis,</span> <span class='ocrx_word' id='word_1_433' title='bbox 3173 2222 3357 2279; x_wconf 83' lang='lat' dir='ltr'>veluti</span> <span class='ocrx_word' id='word_1_434' title='bbox 3388 2221 3498 2292; x_wconf 91' lang='lat' dir='ltr'>sol,</span> <span class='ocrx_word' id='word_1_435' title='bbox 3523 2223 3780 2281; x_wconf 80' lang='lat' dir='ltr'>indivisa</span> 
     </span>
    </p>
   </div>
   <div class='ocr_carea' id='block_1_55' title="bbox 2113 2311 3780 2384">
    <p class='ocr_par' dir='ltr' id='par_1_55' title="bbox 2113 2311 3780 2384">
     <span class='ocr_line' id='line_1_55' title="bbox 2113 2311 3780 2384; baseline 0.002 -18"><span class='ocrx_word' id='word_1_436' title='bbox 2113 2329 2248 2368; x_wconf 88' lang='lat' dir='ltr'>vero</span> <span class='ocrx_word' id='word_1_437' title='bbox 2272 2313 2463 2383; x_wconf 91' lang='lat' dir='ltr'>quoad</span> <span class='ocrx_word' id='word_1_438' title='bbox 2491 2311 2885 2368; x_wconf 86' lang='lat' dir='ltr'>substantiam</span> <span class='ocrx_word' id='word_1_439' title='bbox 2916 2313 3340 2384; x_wconf 86' lang='lat' dir='ltr'>permanentia.</span> <span class='ocrx_word' id='word_1_440' title='bbox 3388 2313 3458 2368; x_wconf 90' lang='lat' dir='ltr'>Et</span> <span class='ocrx_word' id='word_1_441' title='bbox 3488 2312 3780 2384; x_wconf 88' lang='lat' dir='ltr'>quemad-</span> 
     </span>
    </p>
   </div>
   <div class='ocr_carea' id='block_1_56' title="bbox 2117 2400 3780 2474">
    <p class='ocr_par' dir='ltr' id='par_1_56' title="bbox 2117 2400 3780 2474">
     <span class='ocr_line' id='line_1_56' title="bbox 2117 2400 3780 2474; baseline 0.001 -17"><span class='ocrx_word' id='word_1_442' title='bbox 2117 2401 2354 2457; x_wconf 89' lang='lat' dir='ltr'>modum</span> <span class='ocrx_word' id='word_1_443' title='bbox 2379 2401 2536 2457; x_wconf 90' lang='lat' dir='ltr'>orbis</span> <span class='ocrx_word' id='word_1_444' title='bbox 2561 2400 2706 2457; x_wconf 89' lang='lat' dir='ltr'>solis</span> <span class='ocrx_word' id='word_1_445' title='bbox 2745 2402 2910 2457; x_wconf 88' lang='lat' dir='ltr'>solus</span> <span class='ocrx_word' id='word_1_446' title='bbox 2933 2405 3022 2458; x_wconf 89' lang='lat' dir='ltr'>est</span> <span class='ocrx_word' id='word_1_447' title='bbox 3047 2417 3227 2458; x_wconf 89' lang='lat' dir='ltr'>causa</span> <span class='ocrx_word' id='word_1_448' title='bbox 3247 2407 3304 2457; x_wconf 89' lang='lat' dir='ltr'>et</span> <span class='ocrx_word' id='word_1_449' title='bbox 3333 2400 3654 2474; x_wconf 89' lang='lat' dir='ltr'>ingenitus,</span> <span class='ocrx_word' id='word_1_450' title='bbox 3687 2418 3780 2458; x_wconf 86' lang='lat' dir='ltr'>ra-</span> 
     </span>
    </p>
   </div>
   <div class='ocr_carea' id='block_1_57' title="bbox 2114 2491 3777 2562">
    <p class='ocr_par' dir='ltr' id='par_1_57' title="bbox 2114 2491 3777 2562">
     <span class='ocr_line' id='line_1_57' title="bbox 2114 2491 3777 2562; baseline 0.002 -17"><span class='ocrx_word' id='word_1_451' title='bbox 2114 2491 2247 2546; x_wconf 90' lang='lat' dir='ltr'>dius</span> <span class='ocrx_word' id='word_1_452' title='bbox 2279 2507 2414 2546; x_wconf 85' lang='lat' dir='ltr'>vero</span> <span class='ocrx_word' id='word_1_453' title='bbox 2445 2491 2684 2547; x_wconf 77' lang='lat' dir='ltr'>eﬂ‘ectus</span> <span class='ocrx_word' id='word_1_454' title='bbox 2715 2494 2772 2547; x_wconf 91' lang='lat' dir='ltr'>et</span> <span class='ocrx_word' id='word_1_455' title='bbox 2800 2491 3037 2562; x_wconf 86' lang='lat' dir='ltr'>genitus</span> <span class='ocrx_word' id='word_1_456' title='bbox 3067 2508 3134 2547; x_wconf 87' lang='lat' dir='ltr'>ex</span> <span class='ocrx_word' id='word_1_457' title='bbox 3167 2491 3327 2557; x_wconf 90' lang='lat' dir='ltr'>orbe,</span> <span class='ocrx_word' id='word_1_458' title='bbox 3355 2492 3552 2547; x_wconf 87' lang='lat' dir='ltr'>lumen</span> <span class='ocrx_word' id='word_1_459' title='bbox 3577 2496 3777 2548; x_wconf 85' lang='lat' dir='ltr'>autem</span> 
     </span>
    </p>
   </div>
   <div class='ocr_carea' id='block_1_58' title="bbox 2117 2579 3781 2652">
    <p class='ocr_par' dir='ltr' id='par_1_58' title="bbox 2117 2579 3781 2652">
     <span class='ocr_line' id='line_1_58' title="bbox 2117 2579 3781 2652; baseline 0 -17"><span class='ocrx_word' id='word_1_460' title='bbox 2117 2581 2436 2652; x_wconf 90' lang='lat' dir='ltr'>procedens</span> <span class='ocrx_word' id='word_1_461' title='bbox 2468 2598 2538 2636; x_wconf 85' lang='lat' dir='ltr'>ex</span> <span class='ocrx_word' id='word_1_462' title='bbox 2566 2579 2690 2636; x_wconf 87' lang='lat' dir='ltr'>solo</span> <span class='ocrx_word' id='word_1_463' title='bbox 2721 2582 2884 2647; x_wconf 91' lang='lat' dir='ltr'>orbe,</span> <span class='ocrx_word' id='word_1_464' title='bbox 2919 2597 3022 2652; x_wconf 90' lang='lat' dir='ltr'>per</span> <span class='ocrx_word' id='word_1_465' title='bbox 3053 2581 3281 2637; x_wconf 88' lang='lat' dir='ltr'>radium</span> <span class='ocrx_word' id='word_1_466' title='bbox 3318 2581 3593 2652; x_wconf 89' lang='lat' dir='ltr'>missum,</span> <span class='ocrx_word' id='word_1_467' title='bbox 3625 2584 3682 2637; x_wconf 89' lang='lat' dir='ltr'>et</span> <span class='ocrx_word' id='word_1_468' title='bbox 3711 2580 3781 2636; x_wconf 87' lang='lat' dir='ltr'>il-</span> 
     </span>
    </p>
   </div>
   <div class='ocr_carea' id='block_1_59' title="bbox 2115 2668 3778 2742">
    <p class='ocr_par' dir='ltr' id='par_1_59' title="bbox 2115 2668 3778 2742">
     <span class='ocr_line' id='line_1_59' title="bbox 2115 2668 3778 2742; baseline 0.001 -18"><span class='ocrx_word' id='word_1_469' title='bbox 2115 2668 2419 2725; x_wconf 90' lang='lat' dir='ltr'>luminans</span> <span class='ocrx_word' id='word_1_470' title='bbox 2449 2674 2709 2725; x_wconf 85' lang='lat' dir='ltr'>terrena:</span> <span class='ocrx_word' id='word_1_471' title='bbox 2747 2670 2830 2725; x_wconf 92' lang='lat' dir='ltr'>ita</span> <span class='ocrx_word' id='word_1_472' title='bbox 2854 2669 3010 2727; x_wconf 90' lang='lat' dir='ltr'>Deus</span> <span class='ocrx_word' id='word_1_473' title='bbox 3037 2677 3095 2726; x_wconf 89' lang='lat' dir='ltr'>et</span> <span class='ocrx_word' id='word_1_474' title='bbox 3123 2673 3298 2726; x_wconf 88' lang='lat' dir='ltr'>Pater</span> <span class='ocrx_word' id='word_1_475' title='bbox 3327 2670 3452 2742; x_wconf 89' lang='lat' dir='ltr'>ipse</span> <span class='ocrx_word' id='word_1_476' title='bbox 3483 2669 3646 2728; x_wconf 85' lang='lat' dir='ltr'>solus</span> <span class='ocrx_word' id='word_1_477' title='bbox 3685 2673 3778 2726; x_wconf 85' lang='lat' dir='ltr'>est</span> 
     </span>
    </p>
   </div>
   <div class='ocr_carea' id='block_1_60' title="bbox 2117 2758 3776 2832">
    <p class='ocr_par' dir='ltr' id='par_1_60' title="bbox 2117 2758 3776 2832">
     <span class='ocr_line' id='line_1_60' title="bbox 2117 2758 3776 2832; baseline 0.002 -19"><span class='ocrx_word' id='word_1_478' title='bbox 2117 2758 2557 2828; x_wconf 70' lang='lat' dir='ltr'>causaduabus</span> <span class='ocrx_word' id='word_1_479' title='bbox 2586 2758 2856 2830; x_wconf 89' lang='lat' dir='ltr'>personis</span> <span class='ocrx_word' id='word_1_480' title='bbox 2887 2763 2945 2814; x_wconf 89' lang='lat' dir='ltr'>et</span> <span class='ocrx_word' id='word_1_481' title='bbox 2974 2759 3273 2832; x_wconf 84' lang='lat' dir='ltr'>ingenitus</span> <span class='ocrx_word' id='word_1_482' title='bbox 3299 2777 3311 2814; x_wconf 92' lang='lat'>:</span> <span class='ocrx_word' id='word_1_483' title='bbox 3347 2759 3532 2815; x_wconf 89' lang='lat' dir='ltr'>Filius</span> <span class='ocrx_word' id='word_1_484' title='bbox 3575 2763 3776 2816; x_wconf 87' lang='lat' dir='ltr'>autem</span> 
     </span>
    </p>
   </div>
   <div class='ocr_carea' id='block_1_61' title="bbox 2115 2847 3776 2921">
    <p class='ocr_par' dir='ltr' id='par_1_61' title="bbox 2115 2847 3776 2921">
     <span class='ocr_line' id='line_1_61' title="bbox 2115 2847 3776 2921; baseline 0 -17"><span class='ocrx_word' id='word_1_485' title='bbox 2115 2864 2185 2904; x_wconf 84' lang='lat' dir='ltr'>ex</span> <span class='ocrx_word' id='word_1_486' title='bbox 2216 2847 2339 2904; x_wconf 86' lang='lat' dir='ltr'>solo</span> <span class='ocrx_word' id='word_1_487' title='bbox 2370 2852 2542 2904; x_wconf 90' lang='lat' dir='ltr'>Patre</span> <span class='ocrx_word' id='word_1_488' title='bbox 2573 2852 2854 2904; x_wconf 54' lang='lat' dir='ltr'>causatus</span> <span class='ocrx_word' id='word_1_489' title='bbox 2883 2853 2940 2904; x_wconf 91' lang='lat' dir='ltr'>et</span> <span class='ocrx_word' id='word_1_490' title='bbox 2969 2853 3204 2921; x_wconf 76' lang='lat' dir='ltr'>genitus</span> <span class='ocrx_word' id='word_1_491' title='bbox 3230 2867 3242 2905; x_wconf 93' lang='lat'>:</span> <span class='ocrx_word' id='word_1_492' title='bbox 3276 2854 3334 2904; x_wconf 88' lang='lat' dir='ltr'>et</span> <span class='ocrx_word' id='word_1_493' title='bbox 3357 2849 3613 2920; x_wconf 88' lang='lat' dir='ltr'>Spiritus</span> <span class='ocrx_word' id='word_1_494' title='bbox 3634 2865 3776 2906; x_wconf 83' lang='lat' dir='ltr'>san-</span> 
     </span>
    </p>
   </div>
   <div class='ocr_carea' id='block_1_62' title="bbox 2115 2935 3778 3010">
    <p class='ocr_par' dir='ltr' id='par_1_62' title="bbox 2115 2935 3778 3010">
     <span class='ocr_line' id='line_1_62' title="bbox 2115 2935 3778 3010; baseline 0.001 -18"><span class='ocrx_word' id='word_1_495' title='bbox 2115 2940 2246 2992; x_wconf 89' lang='lat' dir='ltr'>ctus</span> <span class='ocrx_word' id='word_1_496' title='bbox 2272 2953 2339 2992; x_wconf 83' lang='lat' dir='ltr'>ex</span> <span class='ocrx_word' id='word_1_497' title='bbox 2369 2935 2489 2992; x_wconf 91' lang='lat' dir='ltr'>solo</span> <span class='ocrx_word' id='word_1_498' title='bbox 2521 2941 2691 2992; x_wconf 85' lang='lat' dir='ltr'>Patre</span> <span class='ocrx_word' id='word_1_499' title='bbox 2720 2941 2999 2994; x_wconf 76' lang='lat' dir='ltr'>causatus</span> <span class='ocrx_word' id='word_1_500' title='bbox 3029 2942 3086 2993; x_wconf 90' lang='lat' dir='ltr'>et</span> <span class='ocrx_word' id='word_1_501' title='bbox 3115 2937 3458 3010; x_wconf 89' lang='lat' dir='ltr'>procedens,</span> <span class='ocrx_word' id='word_1_502' title='bbox 3520 2939 3623 2994; x_wconf 91' lang='lat' dir='ltr'>sed</span> <span class='ocrx_word' id='word_1_503' title='bbox 3673 2953 3778 3009; x_wconf 90' lang='lat' dir='ltr'>per</span> 
     </span>
    </p>
   </div>
   <div class='ocr_carea' id='block_1_63' title="bbox 2117 3024 3770 3098">
    <p class='ocr_par' dir='ltr' id='par_1_63' title="bbox 2117 3024 3770 3098">
     <span class='ocr_line' id='line_1_63' title="bbox 2117 3024 3770 3098; baseline 0.002 -18"><span class='ocrx_word' id='word_1_504' title='bbox 2117 3024 2328 3080; x_wconf 81' lang='lat' dir='ltr'>Filium</span> <span class='ocrx_word' id='word_1_505' title='bbox 2360 3024 2419 3078; x_wconf 90' lang='lat' dir='ltr'>in</span> <span class='ocrx_word' id='word_1_506' title='bbox 2452 3027 2744 3081; x_wconf 91' lang='lat' dir='ltr'>mundum</span> <span class='ocrx_word' id='word_1_507' title='bbox 2777 3026 3018 3082; x_wconf 90' lang='lat' dir='ltr'>missus.</span> <span class='ocrx_word' id='word_1_508' title='bbox 3051 3027 3242 3098; x_wconf 85' lang='lat' dir='ltr'>Atque</span> <span class='ocrx_word' id='word_1_509' title='bbox 3272 3025 3355 3082; x_wconf 89' lang='lat' dir='ltr'>ita</span> <span class='ocrx_word' id='word_1_510' title='bbox 3386 3025 3584 3082; x_wconf 86' lang='lat' dir='ltr'>animo</span> <span class='ocrx_word' id='word_1_511' title='bbox 3613 3028 3770 3096; x_wconf 88' lang='lat' dir='ltr'>tene,</span> 
     </span>
    </p>
   </div>
   <div class='ocr_carea' id='block_1_64' title="bbox 2117 3115 3074 3186">
    <p class='ocr_par' dir='ltr' id='par_1_64' title="bbox 2117 3115 3074 3186">
     <span class='ocr_line' id='line_1_64' title="bbox 2117 3115 3074 3186; baseline 0 -18"><span class='ocrx_word' id='word_1_512' title='bbox 2117 3118 2172 3168; x_wconf 90' lang='lat' dir='ltr'>et</span> <span class='ocrx_word' id='word_1_513' title='bbox 2202 3115 2518 3186; x_wconf 87' lang='lat' dir='ltr'>perpende,</span> <span class='ocrx_word' id='word_1_514' title='bbox 2551 3119 2608 3170; x_wconf 90' lang='lat' dir='ltr'>et</span> <span class='ocrx_word' id='word_1_515' title='bbox 2637 3116 2808 3171; x_wconf 90' lang='lat' dir='ltr'>crede</span> <span class='ocrx_word' id='word_1_516' title='bbox 2839 3116 2909 3172; x_wconf 93' lang='lat' dir='ltr'>de</span> <span class='ocrx_word' id='word_1_517' title='bbox 2944 3116 3074 3172; x_wconf 91' lang='lat' dir='ltr'>Deo.</span> 
     </span>
    </p>
   </div>
   <div class='ocr_carea' id='block_1_65' title="bbox 345 3198 3775 3278">
    <p class='ocr_par' dir='ltr' id='par_1_65' title="bbox 345 3198 3775 3278">
     <span class='ocr_line' id='line_1_65' title="bbox 345 3198 3775 3278; baseline -0.001 -17"><span class='ocrx_word' id='word_1_518' title='bbox 345 3206 438 3262; x_wconf 89' lang='grc' dir='ltr'>καὶ</span> <span class='ocrx_word' id='word_1_519' title='bbox 469 3204 599 3260; x_wconf 79' lang='grc' dir='ltr'>αὖνὸ</span> <span class='ocrx_word' id='word_1_520' title='bbox 627 3203 689 3258; x_wconf 93' lang='grc' dir='ltr'>τὸ</span> <span class='ocrx_word' id='word_1_521' title='bbox 723 3207 942 3277; x_wconf 87' lang='grc' dir='ltr'>Πνεῦμα</span> <span class='ocrx_word' id='word_1_522' title='bbox 971 3201 1029 3258; x_wconf 85' lang='grc' dir='ltr'>ἐκ</span> <span class='ocrx_word' id='word_1_523' title='bbox 1057 3200 1224 3275; x_wconf 81' lang='grc' dir='ltr'>μόνου</span> <span class='ocrx_word' id='word_1_524' title='bbox 1255 3205 1351 3256; x_wconf 88' lang='grc' dir='ltr'>τοῦ</span> <span class='ocrx_word' id='word_1_525' title='bbox 1383 3201 1593 3277; x_wconf 88' lang='grc' dir='ltr'>Πατρὸς</span> <span class='ocrx_word' id='word_1_526' title='bbox 1627 3200 1865 3255; x_wconf 79' lang='grc' dir='ltr'>αἰτιατόν</span> <span class='ocrx_word' id='word_1_527' title='bbox 1897 3200 1986 3255; x_wconf 87' lang='grc' dir='ltr'>καὶ</span> <span class='ocrx_word' id='word_1_528' title='bbox 2018 3198 2363 3278; x_wconf 82' lang='grc' dir='ltr'>ἐκπορευτὸν,</span> <span class='ocrx_word' id='word_1_529' title='bbox 2399 3199 2486 3257; x_wconf 79' lang='grc' dir='ltr'>διὸ.</span> <span class='ocrx_word' id='word_1_530' title='bbox 2512 3200 2568 3258; x_wconf 77' lang='grc' dir='ltr'>δὲ</span> <span class='ocrx_word' id='word_1_531' title='bbox 2597 3207 2694 3259; x_wconf 86' lang='grc' dir='ltr'>τοῦ</span> <span class='ocrx_word' id='word_1_532' title='bbox 2724 3204 2852 3259; x_wconf 72' lang='grc' dir='ltr'>Υἱοῦ</span> <span class='ocrx_word' id='word_1_533' title='bbox 2883 3203 2932 3258; x_wconf 85' lang='grc' dir='ltr'>ἐν</span> <span class='ocrx_word' id='word_1_534' title='bbox 2983 3208 3060 3277; x_wconf 79' lang='grc' dir='ltr'>τῷ</span> <span class='ocrx_word' id='word_1_535' title='bbox 3107 3202 3302 3277; x_wconf 85' lang='grc' dir='ltr'>κόσμῳ</span> <span class='ocrx_word' id='word_1_536' title='bbox 3353 3200 3775 3278; x_wconf 80' lang='grc' dir='ltr'>ἀποστελλόμε-</span> 
     </span>
    </p>
   </div>
   <div class='ocr_carea' id='block_1_66' title="bbox 348 3287 1926 3368">
    <p class='ocr_par' dir='ltr' id='par_1_66' title="bbox 348 3287 1926 3368">
     <span class='ocr_line' id='line_1_66' title="bbox 348 3287 1926 3368; baseline -0.004 -18"><span class='ocrx_word' id='word_1_537' title='bbox 348 3315 464 3350; x_wconf 91' lang='grc' dir='ltr'>νον.</span> <span class='ocrx_word' id='word_1_538' title='bbox 488 3292 588 3348; x_wconf 83' lang='grc' dir='ltr'>Καὶ</span> <span class='ocrx_word' id='word_1_539' title='bbox 620 3292 794 3354; x_wconf 77' lang='grc' dir='ltr'>οὕτως</span> <span class='ocrx_word' id='word_1_540' title='bbox 826 3288 940 3368; x_wconf 78' lang='grc' dir='ltr'>ἔχε,</span> <span class='ocrx_word' id='word_1_541' title='bbox 973 3289 1061 3345; x_wconf 84' lang='grc' dir='ltr'>καὶ</span> <span class='ocrx_word' id='word_1_542' title='bbox 1093 3293 1226 3362; x_wconf 85' lang='grc' dir='ltr'>νόει,</span> <span class='ocrx_word' id='word_1_543' title='bbox 1257 3289 1346 3344; x_wconf 85' lang='grc' dir='ltr'>καὶ</span> <span class='ocrx_word' id='word_1_544' title='bbox 1377 3289 1591 3344; x_wconf 88' lang='grc' dir='ltr'>πίστευε</span> <span class='ocrx_word' id='word_1_545' title='bbox 1620 3287 1744 3363; x_wconf 88' lang='grc' dir='ltr'>περὶ</span> <span class='ocrx_word' id='word_1_546' title='bbox 1775 3293 1926 3344; x_wconf 84' lang='grc' dir='ltr'>Θεοῦ.</span> 
     </span>
    </p>
   </div>
   <div class='ocr_carea' id='block_1_67' title="bbox 415 3375 1999 3456">
    <p class='ocr_par' dir='ltr' id='par_1_67' title="bbox 415 3375 1999 3456">
     <span class='ocr_line' id='line_1_67' title="bbox 415 3375 1999 3456; baseline -0.004 -18"><span class='ocrx_word' id='word_1_547' title='bbox 415 3383 478 3439; x_wconf 77' lang='grc' dir='ltr'>Εἰ</span> <span class='ocrx_word' id='word_1_548' title='bbox 511 3379 557 3437; x_wconf 84' lang='grc' dir='ltr'>δ’</span> <span class='ocrx_word' id='word_1_549' title='bbox 590 3381 690 3437; x_wconf 83' lang='grc' dir='ltr'>οὐκ</span> <span class='ocrx_word' id='word_1_550' title='bbox 726 3381 880 3456; x_wconf 84' lang='grc' dir='ltr'>ἀρκεῖ</span> <span class='ocrx_word' id='word_1_551' title='bbox 925 3401 1011 3435; x_wconf 90' lang='grc' dir='ltr'>σοι</span> <span class='ocrx_word' id='word_1_552' title='bbox 1066 3381 1129 3434; x_wconf 93' lang='grc' dir='ltr'>τὸ</span> <span class='ocrx_word' id='word_1_553' title='bbox 1175 3383 1272 3434; x_wconf 85' lang='grc' dir='ltr'>τοῦ</span> <span class='ocrx_word' id='word_1_554' title='bbox 1320 3377 1485 3449; x_wconf 87' lang='grc' dir='ltr'>ἡλίου</span> <span class='ocrx_word' id='word_1_555' title='bbox 1533 3375 1877 3453; x_wconf 77' lang='grc' dir='ltr'>παράδειγμα</span> <span class='ocrx_word' id='word_1_556' title='bbox 1923 3382 1999 3440; x_wconf 85' lang='grc' dir='ltr'>εἷς</span> 
     </span>
    </p>
   </div>
   <div class='ocr_carea' id='block_1_68' title="bbox 2112 3375 3770 3456">
    <p class='ocr_par' dir='ltr' id='par_1_68' title="bbox 2185 3381 3770 3455">
     <span class='ocr_line' id='line_1_68' title="bbox 2185 3381 3770 3455; baseline 0.001 -17"><span class='ocrx_word' id='word_1_557' title='bbox 2185 3381 2347 3445; x_wconf 90' lang='lat' dir='ltr'>Quod</span> <span class='ocrx_word' id='word_1_558' title='bbox 2379 3381 2430 3437; x_wconf 89' lang='lat' dir='ltr'>si</span> <span class='ocrx_word' id='word_1_559' title='bbox 2462 3398 2578 3438; x_wconf 93' lang='lat' dir='ltr'>non</span> <span class='ocrx_word' id='word_1_560' title='bbox 2610 3383 2690 3438; x_wconf 90' lang='lat' dir='ltr'>sit</span> <span class='ocrx_word' id='word_1_561' title='bbox 2719 3382 2826 3438; x_wconf 89' lang='lat' dir='ltr'>tibi</span> <span class='ocrx_word' id='word_1_562' title='bbox 2859 3381 3001 3440; x_wconf 85' lang='lat' dir='ltr'>solis</span> <span class='ocrx_word' id='word_1_563' title='bbox 3031 3382 3362 3455; x_wconf 84' lang='lat' dir='ltr'>exemplum</span> <span class='ocrx_word' id='word_1_564' title='bbox 3395 3383 3538 3439; x_wconf 87' lang='lat' dir='ltr'>satis</span> <span class='ocrx_word' id='word_1_565' title='bbox 3570 3381 3642 3439; x_wconf 90' lang='lat' dir='ltr'>ad</span> <span class='ocrx_word' id='word_1_566' title='bbox 3673 3398 3770 3440; x_wconf 87' lang='lat' dir='ltr'>co-</span> 
     </span>
    </p>
   </div>
   <div class='ocr_carea' id='block_1_69' title="bbox 341 3466 1994 3548">
    <p class='ocr_par' dir='ltr' id='par_1_69' title="bbox 341 3466 1994 3548">
     <span class='ocr_line' id='line_1_69' title="bbox 341 3466 1994 3548; baseline -0.004 -21"><span class='ocrx_word' id='word_1_567' title='bbox 341 3472 634 3548; x_wconf 85' lang='grc' dir='ltr'>ἐπίγνωσιν</span> <span class='ocrx_word' id='word_1_568' title='bbox 702 3477 803 3540; x_wconf 85' lang='grc' dir='ltr'>τῆς</span> <span class='ocrx_word' id='word_1_569' title='bbox 861 3467 1291 3545; x_wconf 84' lang='grc' dir='ltr'>τρισυποστάτου</span> <span class='ocrx_word' id='word_1_570' title='bbox 1351 3467 1628 3539; x_wconf 80' lang='grc' dir='ltr'>θεότητος,</span> <span class='ocrx_word' id='word_1_571' title='bbox 1682 3466 1850 3542; x_wconf 86' lang='grc' dir='ltr'>βλέπε</span> <span class='ocrx_word' id='word_1_572' title='bbox 1904 3466 1994 3522; x_wconf 87' lang='grc' dir='ltr'>καὶ</span> 
     </span>
    </p>
   </div>
   <div class='ocr_carea' id='block_1_70' title="bbox 339 3555 1992 3634">
    <p class='ocr_par' dir='ltr' id='par_1_70' title="bbox 339 3555 1992 3634">
     <span class='ocr_line' id='line_1_70' title="bbox 339 3555 1992 3634; baseline -0.002 -16"><span class='ocrx_word' id='word_1_573' title='bbox 339 3561 519 3634; x_wconf 78' lang='grc' dir='ltr'>ἄλλην</span> <span class='ocrx_word' id='word_1_574' title='bbox 553 3559 734 3616; x_wconf 81' lang='grc' dir='ltr'>εἰκόνα</span> <span class='ocrx_word' id='word_1_575' title='bbox 780 3559 935 3614; x_wconf 87' lang='grc' dir='ltr'>Θεοῦ·</span> <span class='ocrx_word' id='word_1_576' title='bbox 988 3555 1099 3614; x_wconf 76' lang='grc' dir='ltr'>ἔστι</span> <span class='ocrx_word' id='word_1_577' title='bbox 1150 3555 1208 3612; x_wconf 68' lang='grc' dir='ltr'>δὲ</span> <span class='ocrx_word' id='word_1_578' title='bbox 1251 3559 1285 3629; x_wconf 87' lang='grc' dir='ltr'>ἡ</span> <span class='ocrx_word' id='word_1_579' title='bbox 1332 3559 1485 3634; x_wconf 79' lang='grc' dir='ltr'>ψυχὴ</span> <span class='ocrx_word' id='word_1_580' title='bbox 1536 3561 1633 3612; x_wconf 86' lang='grc' dir='ltr'>τοῦ</span> <span class='ocrx_word' id='word_1_581' title='bbox 1683 3557 1992 3629; x_wconf 85' lang='grc' dir='ltr'>ἀνθρώπου.</span> 
     </span>
    </p>
   </div>
   <div class='ocr_carea' id='block_1_71' title="bbox 337 3642 1992 3726">
    <p class='ocr_par' dir='ltr' id='par_1_71' title="bbox 337 3642 1992 3726">
     <span class='ocr_line' id='line_1_71' title="bbox 337 3642 1992 3726; baseline -0.005 -16"><span class='ocrx_word' id='word_1_582' title='bbox 337 3654 468 3711; x_wconf 62' lang='grc' dir='ltr'>*Ὀτε</span> <span class='ocrx_word' id='word_1_583' title='bbox 529 3650 635 3726; x_wconf 77' lang='grc' dir='ltr'>μὰρ</span> <span class='ocrx_word' id='word_1_584' title='bbox 690 3646 919 3724; x_wconf 79' lang='grc' dir='ltr'>ἔμελλεν</span> <span class='ocrx_word' id='word_1_585' title='bbox 983 3650 1010 3704; x_wconf 88' lang='lat'>6</span> <span class='ocrx_word' id='word_1_586' title='bbox 1059 3647 1188 3710; x_wconf 84' lang='grc' dir='ltr'>Θεὸς</span> <span class='ocrx_word' id='word_1_587' title='bbox 1234 3645 1493 3702; x_wconf 84' lang='grc' dir='ltr'>πλάσσειν</span> <span class='ocrx_word' id='word_1_588' title='bbox 1541 3647 1632 3702; x_wconf 86' lang='grc' dir='ltr'>τὸν</span> <span class='ocrx_word' id='word_1_589' title='bbox 1685 3642 1992 3721; x_wconf 79' lang='grc' dir='ltr'>ἄνθρωπον,</span> 
     </span>
    </p>
   </div>
   <div class='ocr_carea' id='block_1_72' title="bbox 336 3735 1996 3812">
    <p class='ocr_par' dir='ltr' id='par_1_72' title="bbox 336 3735 1996 3812">
     <span class='ocr_line' id='line_1_72' title="bbox 336 3735 1996 3812; baseline -0.005 -14"><span class='ocrx_word' id='word_1_590' title='bbox 336 3744 471 3798; x_wconf 79' lang='grc' dir='ltr'>εἷπε·</span> <span class='ocrx_word' id='word_1_591' title='bbox 507 3766 535 3794; x_wconf 87' lang='grc' dir='ltr'>ι‹</span> <span class='ocrx_word' id='word_1_592' title='bbox 596 3741 926 3812; x_wconf 80' lang='grc' dir='ltr'>Ποιήσωμεν</span> <span class='ocrx_word' id='word_1_593' title='bbox 981 3735 1264 3811; x_wconf 80' lang='grc' dir='ltr'>ἄνθρωπον</span> <span class='ocrx_word' id='word_1_594' title='bbox 1311 3737 1430 3792; x_wconf 84' lang='grc' dir='ltr'>κατ’</span> <span class='ocrx_word' id='word_1_595' title='bbox 1477 3736 1659 3791; x_wconf 77' lang='grc' dir='ltr'>εἶ’κόνα</span> <span class='ocrx_word' id='word_1_596' title='bbox 1725 3735 1996 3812; x_wconf 78' lang='grc' dir='ltr'>ἡμετέραν</span> 
     </span>
    </p>
   </div>
   <div class='ocr_carea' id='block_1_73' title="bbox 330 3823 1990 3903">
    <p class='ocr_par' dir='ltr' id='par_1_73' title="bbox 330 3823 1990 3903">
     <span class='ocr_line' id='line_1_73' title="bbox 330 3823 1990 3903; baseline -0.005 -17"><span class='ocrx_word' id='word_1_597' title='bbox 330 3833 419 3887; x_wconf 82' lang='grc' dir='ltr'>καὶ</span> <span class='ocrx_word' id='word_1_598' title='bbox 451 3832 568 3885; x_wconf 87' lang='grc' dir='ltr'>καθ’</span> <span class='ocrx_word' id='word_1_599' title='bbox 602 3828 886 3903; x_wconf 86' lang='grc' dir='ltr'>ὁμοίωσιν.</span> <span class='ocrx_word' id='word_1_600' title='bbox 927 3851 955 3879; x_wconf 83' lang='grc'>››</span> <span class='ocrx_word' id='word_1_601' title='bbox 980 3825 1123 3884; x_wconf 76' lang='grc' dir='ltr'>Ἰδοὺ</span> <span class='ocrx_word' id='word_1_602' title='bbox 1158 3825 1380 3895; x_wconf 88' lang='grc' dir='ltr'>λοιπὸν,</span> <span class='ocrx_word' id='word_1_603' title='bbox 1420 3827 1447 3880; x_wconf 89' lang='lat'>6</span> <span class='ocrx_word' id='word_1_604' title='bbox 1494 3823 1780 3900; x_wconf 79' lang='grc' dir='ltr'>ἄνΟρωπος</span> <span class='ocrx_word' id='word_1_605' title='bbox 1832 3824 1990 3880; x_wconf 82' lang='grc' dir='ltr'>εἰκών</span> 
     </span>
    </p>
   </div>
   <div class='ocr_carea' id='block_1_74' title="bbox 329 3911 1996 3991">
    <p class='ocr_par' dir='ltr' id='par_1_74' title="bbox 329 3911 1996 3991">
     <span class='ocr_line' id='line_1_74' title="bbox 329 3911 1996 3991; baseline -0.005 -15"><span class='ocrx_word' id='word_1_606' title='bbox 329 3921 440 3976; x_wconf 83' lang='grc' dir='ltr'>ἐστι</span> <span class='ocrx_word' id='word_1_607' title='bbox 471 3923 570 3976; x_wconf 85' lang='grc' dir='ltr'>τοῦ</span> <span class='ocrx_word' id='word_1_608' title='bbox 601 3923 756 3986; x_wconf 88' lang='grc' dir='ltr'>Θεοῦ,</span> <span class='ocrx_word' id='word_1_609' title='bbox 790 3914 956 3991; x_wconf 72' lang='grc' dir='ltr'>ἤγουν</span> <span class='ocrx_word' id='word_1_610' title='bbox 989 3917 1023 3986; x_wconf 81' lang='grc' dir='ltr'>ἡ</span> <span class='ocrx_word' id='word_1_611' title='bbox 1057 3917 1208 3991; x_wconf 74' lang='grc' dir='ltr'>ψυχή</span> <span class='ocrx_word' id='word_1_612' title='bbox 1260 3920 1358 3969; x_wconf 83' lang='grc' dir='ltr'>τοῦ</span> <span class='ocrx_word' id='word_1_613' title='bbox 1406 3915 1714 3986; x_wconf 75' lang='grc' dir='ltr'>ἀνθρώπου.</span> <span class='ocrx_word' id='word_1_614' title='bbox 1763 3917 1880 3970; x_wconf 83' lang='grc' dir='ltr'>’Ένι</span> <span class='ocrx_word' id='word_1_615' title='bbox 1939 3911 1996 3968; x_wconf 77' lang='grc' dir='ltr'>δὲ</span> 
     </span>
    </p>
   </div>
   <div class='ocr_carea' id='block_1_75' title="bbox 332 3999 1990 4084">
    <p class='ocr_par' dir='ltr' id='par_1_75' title="bbox 332 3999 1990 4084">
     <span class='ocr_line' id='line_1_75' title="bbox 332 3999 1990 4084; baseline -0.005 -21"><span class='ocrx_word' id='word_1_616' title='bbox 332 4011 366 4080; x_wconf 84' lang='grc' dir='ltr'>ἡ</span> <span class='ocrx_word' id='word_1_617' title='bbox 417 4010 570 4084; x_wconf 72' lang='grc' dir='ltr'>ψ’)χή</span> <span class='ocrx_word' id='word_1_618' title='bbox 610 4012 720 4066; x_wconf 75' lang='grc' dir='ltr'>,τοῦ</span> <span class='ocrx_word' id='word_1_619' title='bbox 772 4005 1062 4081; x_wconf 73' lang='grc' dir='ltr'>ἀνθρώπου</span> <span class='ocrx_word' id='word_1_620' title='bbox 1115 4004 1210 4077; x_wconf 89' lang='grc' dir='ltr'>μία</span> <span class='ocrx_word' id='word_1_621' title='bbox 1263 4004 1380 4077; x_wconf 75' lang='grc' dir='ltr'>μὶν,</span> <span class='ocrx_word' id='word_1_622' title='bbox 1434 4003 1856 4075; x_wconf 82' lang='grc' dir='ltr'>τρισυπόστατος</span> <span class='ocrx_word' id='word_1_623' title='bbox 1908 3999 1990 4056; x_wconf 81' lang='grc' dir='ltr'>δέ-</span> 
     </span>
    </p>
   </div>
   <div class='ocr_carea' id='block_1_76' title="bbox 332 4091 1989 4175">
    <p class='ocr_par' dir='ltr' id='par_1_76' title="bbox 332 4091 1989 4175">
     <span class='ocr_line' id='line_1_76' title="bbox 332 4091 1989 4175; baseline -0.006 -22"><span class='ocrx_word' id='word_1_624' title='bbox 332 4099 457 4175; x_wconf 90' lang='grc' dir='ltr'>τρία</span> <span class='ocrx_word' id='word_1_625' title='bbox 487 4096 754 4173; x_wconf 88' lang='grc' dir='ltr'>πρόσωπα</span> <span class='ocrx_word' id='word_1_626' title='bbox 785 4093 901 4170; x_wconf 73' lang='grc' dir='ltr'>ἔχει</span> <span class='ocrx_word' id='word_1_627' title='bbox 932 4095 966 4164; x_wconf 84' lang='grc' dir='ltr'>ἡ</span> <span class='ocrx_word' id='word_1_628' title='bbox 1001 4096 1180 4169; x_wconf 73' lang='grc' dir='ltr'>ψυχή’</span> <span class='ocrx_word' id='word_1_629' title='bbox 1215 4093 1303 4148; x_wconf 81' lang='grc' dir='ltr'>καὶ</span> <span class='ocrx_word' id='word_1_630' title='bbox 1336 4096 1492 4162; x_wconf 80' lang='grc' dir='ltr'>πῶς;</span> <span class='ocrx_word' id='word_1_631' title='bbox 1526 4091 1773 4147; x_wconf 76' lang='grc' dir='ltr'>ἄκουσον.</span> <span class='ocrx_word' id='word_1_632' title='bbox 1809 4093 1989 4144; x_wconf 82' lang='grc' dir='ltr'>Ἔστιν</span> 
     </span>
    </p>
   </div>
   <div class='ocr_carea' id='block_1_77' title="bbox 331 4178 1993 4260">
    <p class='ocr_par' dir='ltr' id='par_1_77' title="bbox 331 4178 1993 4260">
     <span class='ocr_line' id='line_1_77' title="bbox 331 4178 1993 4260; baseline -0.005 -20"><span class='ocrx_word' id='word_1_633' title='bbox 331 4189 368 4256; x_wconf 84' lang='grc' dir='ltr'>ἡ</span> <span class='ocrx_word' id='word_1_634' title='bbox 403 4188 558 4260; x_wconf 71' lang='grc' dir='ltr'>ψυχὴ</span> <span class='ocrx_word' id='word_1_635' title='bbox 607 4183 660 4240; x_wconf 71' lang='grc' dir='ltr'>ἓν</span> <span class='ocrx_word' id='word_1_636' title='bbox 710 4185 1024 4260; x_wconf 72' lang='grc' dir='ltr'>πρόσωπονο</span> <span class='ocrx_word' id='word_1_637' title='bbox 1077 4184 1110 4252; x_wconf 82' lang='grc' dir='ltr'>ἡ</span> <span class='ocrx_word' id='word_1_638' title='bbox 1165 4180 1222 4237; x_wconf 75' lang='grc' dir='ltr'>δὲ</span> <span class='ocrx_word' id='word_1_639' title='bbox 1272 4183 1425 4257; x_wconf 74' lang='grc' dir='ltr'>ψυχὴ</span> <span class='ocrx_word' id='word_1_640' title='bbox 1475 4186 1632 4257; x_wconf 82' lang='grc' dir='ltr'>γεννᾷ</span> <span class='ocrx_word' id='word_1_641' title='bbox 1681 4181 1770 4234; x_wconf 86' lang='grc' dir='ltr'>τὸν</span> <span class='ocrx_word' id='word_1_642' title='bbox 1804 4178 1993 4254; x_wconf 78' lang='grc' dir='ltr'>λόγον,</span> 
     </span>
    </p>
   </div>
   <div class='ocr_carea' id='block_1_78' title="bbox 333 4267 1992 4350">
    <p class='ocr_par' dir='ltr' id='par_1_78' title="bbox 333 4267 1992 4350">
     <span class='ocr_line' id='line_1_78' title="bbox 333 4267 1992 4350; baseline -0.004 -21"><span class='ocrx_word' id='word_1_643' title='bbox 333 4274 425 4329; x_wconf 82' lang='grc' dir='ltr'>καὶ</span> <span class='ocrx_word' id='word_1_644' title='bbox 458 4272 578 4329; x_wconf 78' lang='grc' dir='ltr'>ἰδοὺ</span> <span class='ocrx_word' id='word_1_645' title='bbox 611 4275 638 4328; x_wconf 87' lang='grc' dir='ltr'>ὁ</span> <span class='ocrx_word' id='word_1_646' title='bbox 671 4273 839 4348; x_wconf 88' lang='grc' dir='ltr'>λόγος</span> <span class='ocrx_word' id='word_1_647' title='bbox 873 4271 1014 4329; x_wconf 78' lang='grc' dir='ltr'>ἄλλο</span> <span class='ocrx_word' id='word_1_648' title='bbox 1045 4271 1364 4350; x_wconf 87' lang='grc' dir='ltr'>πρόσωπον.</span> <span class='ocrx_word' id='word_1_649' title='bbox 1410 4273 1476 4327; x_wconf 86' lang='grc' dir='ltr'>Ἡ</span> <span class='ocrx_word' id='word_1_650' title='bbox 1507 4271 1660 4346; x_wconf 72' lang='grc' dir='ltr'>ψυχὴ</span> <span class='ocrx_word' id='word_1_651' title='bbox 1715 4267 1992 4345; x_wconf 76' lang='grc' dir='ltr'>ἐκπορεόει</span> 
     </span>
    </p>
   </div>
   <div class='ocr_carea' id='block_1_79' title="bbox 333 4357 1990 4435">
    <p class='ocr_par' dir='ltr' id='par_1_79' title="bbox 333 4357 1990 4435">
     <span class='ocr_line' id='line_1_79' title="bbox 333 4357 1990 4435; baseline -0.002 -18"><span class='ocrx_word' id='word_1_652' title='bbox 333 4363 427 4418; x_wconf 84' lang='grc' dir='ltr'>καὶ</span> <span class='ocrx_word' id='word_1_653' title='bbox 483 4365 584 4432; x_wconf 77' lang='grc' dir='ltr'>τήν</span> <span class='ocrx_word' id='word_1_654' title='bbox 643 4362 834 4431; x_wconf 74' lang='grc' dir='ltr'>πνοὴν,</span> <span class='ocrx_word' id='word_1_655' title='bbox 884 4362 973 4417; x_wconf 83' lang='grc' dir='ltr'>καὶ</span> <span class='ocrx_word' id='word_1_656' title='bbox 1030 4359 1148 4416; x_wconf 79' lang='grc' dir='ltr'>ἰδοὺ</span> <span class='ocrx_word' id='word_1_657' title='bbox 1279 4359 1420 4428; x_wconf 79' lang='grc' dir='ltr'>πνοὴ</span> <span class='ocrx_word' id='word_1_658' title='bbox 1484 4357 1623 4414; x_wconf 77' lang='grc' dir='ltr'>ἄλλο</span> <span class='ocrx_word' id='word_1_659' title='bbox 1674 4358 1990 4435; x_wconf 86' lang='grc' dir='ltr'>πρόσωπον.</span> 
     </span>
    </p>
   </div>
   <div class='ocr_carea' id='block_1_80' title="bbox 334 4447 1991 4528">
    <p class='ocr_par' dir='ltr' id='par_1_80' title="bbox 334 4447 1991 4528">
     <span class='ocr_line' id='line_1_80' title="bbox 334 4447 1991 4528; baseline -0.005 -19"><span class='ocrx_word' id='word_1_660' title='bbox 334 4449 477 4509; x_wconf 76' lang='grc' dir='ltr'>Ἰδοὺ</span> <span class='ocrx_word' id='word_1_661' title='bbox 508 4447 775 4528; x_wconf 85' lang='grc' dir='ltr'>πρόσωπα</span> <span class='ocrx_word' id='word_1_662' title='bbox 802 4451 946 4528; x_wconf 90' lang='grc' dir='ltr'>τρία,</span> <span class='ocrx_word' id='word_1_663' title='bbox 978 4453 1156 4527; x_wconf 78' lang='grc' dir='ltr'>ψυχὴ,</span> <span class='ocrx_word' id='word_1_664' title='bbox 1186 4449 1373 4528; x_wconf 90' lang='grc' dir='ltr'>λόγος,</span> <span class='ocrx_word' id='word_1_665' title='bbox 1406 4448 1495 4504; x_wconf 83' lang='grc' dir='ltr'>καὶ</span> <span class='ocrx_word' id='word_1_666' title='bbox 1527 4450 1690 4520; x_wconf 77' lang='grc' dir='ltr'>πνοή.</span> <span class='ocrx_word' id='word_1_667' title='bbox 1746 4447 1848 4506; x_wconf 86' lang='grc' dir='ltr'>Καὶ</span> <span class='ocrx_word' id='word_1_668' title='bbox 1891 4447 1991 4524; x_wconf 82' lang='grc' dir='ltr'>γὰρ</span> 
     </span>
    </p>
   </div>
   <div class='ocr_carea' id='block_1_81' title="bbox 332 4537 1995 4617">
    <p class='ocr_par' dir='ltr' id='par_1_81' title="bbox 332 4537 1995 4617">
     <span class='ocr_line' id='line_1_81' title="bbox 332 4537 1995 4617; baseline -0.004 -20"><span class='ocrx_word' id='word_1_669' title='bbox 332 4543 361 4599; x_wconf 90' lang='lat'>6</span> <span class='ocrx_word' id='word_1_670' title='bbox 393 4539 565 4617; x_wconf 90' lang='grc' dir='ltr'>λόγος</span> <span class='ocrx_word' id='word_1_671' title='bbox 595 4541 685 4596; x_wconf 87' lang='grc' dir='ltr'>καὶ</span> <span class='ocrx_word' id='word_1_672' title='bbox 716 4541 751 4612; x_wconf 94' lang='grc' dir='ltr'>ἡ</span> <span class='ocrx_word' id='word_1_673' title='bbox 785 4541 926 4609; x_wconf 77' lang='grc' dir='ltr'>πνοὴ</span> <span class='ocrx_word' id='word_1_674' title='bbox 957 4547 1058 4602; x_wconf 66' lang='grc' dir='ltr'>τῆς</span> <span class='ocrx_word' id='word_1_675' title='bbox 1107 4543 1294 4615; x_wconf 81' lang='grc' dir='ltr'>ψυχῆς</span> <span class='ocrx_word' id='word_1_676' title='bbox 1343 4538 1500 4608; x_wconf 64' lang='grc' dir='ltr'>εἶσιν,</span> <span class='ocrx_word' id='word_1_677' title='bbox 1552 4537 1612 4593; x_wconf 77' lang='grc' dir='ltr'>οὐ</span> <span class='ocrx_word' id='word_1_678' title='bbox 1657 4541 1752 4593; x_wconf 87' lang='grc' dir='ltr'>τοῦ</span> <span class='ocrx_word' id='word_1_679' title='bbox 1813 4537 1995 4609; x_wconf 87' lang='grc' dir='ltr'>σώμα-</span> 
     </span>
    </p>
   </div>
   <div class='ocr_carea' id='block_1_82' title="bbox 330 4625 1994 4704">
    <p class='ocr_par' dir='ltr' id='par_1_82' title="bbox 330 4625 1994 4704">
     <span class='ocr_line' id='line_1_82' title="bbox 330 4625 1994 4704; baseline -0.004 -17"><span class='ocrx_word' id='word_1_680' title='bbox 330 4652 448 4703; x_wconf 91' lang='grc' dir='ltr'>τος,</span> <span class='ocrx_word' id='word_1_681' title='bbox 480 4627 694 4700; x_wconf 77' lang='grc' dir='ltr'>ἐπειδὴ,</span> <span class='ocrx_word' id='word_1_682' title='bbox 724 4637 825 4699; x_wconf 85' lang='grc' dir='ltr'>τῆς</span> <span class='ocrx_word' id='word_1_683' title='bbox 858 4633 1044 4704; x_wconf 83' lang='grc' dir='ltr'>ψυχῆς</span> <span class='ocrx_word' id='word_1_684' title='bbox 1078 4625 1404 4699; x_wconf 80' lang='grc' dir='ltr'>ἐξελθούσης</span> <span class='ocrx_word' id='word_1_685' title='bbox 1461 4627 1522 4683; x_wconf 84' lang='grc' dir='ltr'>ἐκ</span> <span class='ocrx_word' id='word_1_686' title='bbox 1574 4631 1670 4682; x_wconf 86' lang='grc' dir='ltr'>τοῦ</span> <span class='ocrx_word' id='word_1_687' title='bbox 1716 4626 1994 4699; x_wconf 84' lang='grc' dir='ltr'>σώματος,</span> 
     </span>
    </p>
   </div>
   <div class='ocr_carea' id='block_1_83' title="bbox 334 4713 2074 4814">
    <p class='ocr_par' dir='ltr' id='par_1_83' title="bbox 334 4713 2074 4814">
     <span class='ocr_line' id='line_1_83' title="bbox 334 4713 2074 4814; baseline -0.003 -38"><span class='ocrx_word' id='word_1_688' title='bbox 334 4720 459 4776; x_wconf 81' lang='grc' dir='ltr'>οὐτε</span> <span class='ocrx_word' id='word_1_689' title='bbox 505 4717 670 4794; x_wconf 87' lang='grc' dir='ltr'>λόγος</span> <span class='ocrx_word' id='word_1_690' title='bbox 718 4718 1033 4791; x_wconf 86' lang='grc' dir='ltr'>ἐναπομένει</span> <span class='ocrx_word' id='word_1_691' title='bbox 1081 4721 1159 4789; x_wconf 80' lang='grc' dir='ltr'>τῷ</span> <span class='ocrx_word' id='word_1_692' title='bbox 1213 4719 1448 4790; x_wconf 87' lang='grc' dir='ltr'>σώματι,</span> <span class='ocrx_word' id='word_1_693' title='bbox 1502 4713 1816 4789; x_wconf 74' lang='grc' dir='ltr'>οὕτε-πνοὴ,</span> <span class='ocrx_word' id='word_1_694' title='bbox 1849 4715 1994 4771; x_wconf 82' lang='grc' dir='ltr'>ἀλλά</span> <span class='ocrx_word' id='word_1_695' title='bbox 2028 4749 2074 4814; x_wconf 83' lang='lat' dir='ltr'>D</span> 
     </span>
    </p>
   </div>
   <div class='ocr_carea' id='block_1_84' title="bbox 331 4802 1997 4883">
    <p class='ocr_par' dir='ltr' id='par_1_84' title="bbox 331 4802 1997 4883">
     <span class='ocr_line' id='line_1_84' title="bbox 331 4802 1997 4883; baseline -0.003 -18"><span class='ocrx_word' id='word_1_696' title='bbox 331 4813 509 4866; x_wconf 86' lang='grc' dir='ltr'>κεῖται</span> <span class='ocrx_word' id='word_1_697' title='bbox 537 4809 601 4864; x_wconf 93' lang='grc' dir='ltr'>τὸ</span> <span class='ocrx_word' id='word_1_698' title='bbox 632 4812 792 4883; x_wconf 82' lang='grc' dir='ltr'>σῶμα</span> <span class='ocrx_word' id='word_1_699' title='bbox 821 4807 911 4862; x_wconf 85' lang='grc' dir='ltr'>καὶ</span> <span class='ocrx_word' id='word_1_700' title='bbox 943 4805 1145 4862; x_wconf 80' lang='grc' dir='ltr'>ἄπνουν</span> <span class='ocrx_word' id='word_1_701' title='bbox 1194 4804 1283 4861; x_wconf 85' lang='grc' dir='ltr'><strong>καί</strong></span> <span class='ocrx_word' id='word_1_702' title='bbox 1334 4802 1556 4882; x_wconf 76' lang='grc' dir='ltr'>ἄλογον.</span> <span class='ocrx_word' id='word_1_703' title='bbox 1603 4806 1664 4863; x_wconf 74' lang='grc' dir='ltr'><strong>Ὀ</strong></span> <span class='ocrx_word' id='word_1_704' title='bbox 1716 4803 1774 4860; x_wconf 71' lang='grc' dir='ltr'>δὲ</span> <span class='ocrx_word' id='word_1_705' title='bbox 1829 4805 1997 4880; x_wconf 91' lang='grc' dir='ltr'>λόγος</span> 
     </span>
    </p>
   </div>
   <div class='ocr_carea' id='block_1_85' title="bbox 333 4891 1997 4971">
    <p class='ocr_par' dir='ltr' id='par_1_85' title="bbox 333 4891 1997 4971">
     <span class='ocr_line' id='line_1_85' title="bbox 333 4891 1997 4971; baseline -0.005 -15"><span class='ocrx_word' id='word_1_706' title='bbox 333 4899 423 4956; x_wconf 80' lang='grc' dir='ltr'>καὶ</span> <span class='ocrx_word' id='word_1_707' title='bbox 447 4900 482 4969; x_wconf 82' lang='grc' dir='ltr'>ἡ</span> <span class='ocrx_word' id='word_1_708' title='bbox 515 4900 655 4970; x_wconf 85' lang='grc' dir='ltr'>πνοὴ</span> <span class='ocrx_word' id='word_1_709' title='bbox 709 4896 810 4953; x_wconf 81' lang='grc' dir='ltr'>εἱσι</span> <span class='ocrx_word' id='word_1_710' title='bbox 864 4902 998 4971; x_wconf 87' lang='grc' dir='ltr'>μετά</span> <span class='ocrx_word' id='word_1_711' title='bbox 1045 4902 1145 4966; x_wconf 81' lang='grc' dir='ltr'>τῆς</span> <span class='ocrx_word' id='word_1_712' title='bbox 1199 4899 1408 4971; x_wconf 80' lang='grc' dir='ltr'>ψυχῆς·</span> <span class='ocrx_word' id='word_1_713' title='bbox 1435 4894 1545 4950; x_wconf 79' lang='grc' dir='ltr'>’καὶ</span> <span class='ocrx_word' id='word_1_714' title='bbox 1578 4892 1637 4948; x_wconf 88' lang='grc' dir='ltr'>ἐκ</span> <span class='ocrx_word' id='word_1_715' title='bbox 1663 4894 1862 4949; x_wconf 70' lang='grc' dir='ltr'>τούτου</span> <span class='ocrx_word' id='word_1_716' title='bbox 1895 4891 1997 4964; x_wconf 80' lang='grc' dir='ltr'>δῆ-</span> 
     </span>
    </p>
   </div>
   <div class='ocr_carea' id='block_1_86' title="bbox 331 4985 1996 5065">
    <p class='ocr_par' dir='ltr' id='par_1_86' title="bbox 331 4985 1996 5065">
     <span class='ocr_line' id='line_1_86' title="bbox 331 4985 1996 5065; baseline -0.005 -18"><span class='ocrx_word' id='word_1_717' title='bbox 331 4990 430 5048; x_wconf 86' lang='grc' dir='ltr'>λόν</span> <span class='ocrx_word' id='word_1_718' title='bbox 459 4991 624 5062; x_wconf 81' lang='grc' dir='ltr'>ἐστιν,</span> <span class='ocrx_word' id='word_1_719' title='bbox 677 4987 774 5059; x_wconf 83' lang='grc' dir='ltr'>ὡς,</span> <span class='ocrx_word' id='word_1_720' title='bbox 825 4989 909 5044; x_wconf 79' lang='grc' dir='ltr'>ὅτι</span> <span class='ocrx_word' id='word_1_721' title='bbox 958 4989 1048 5044; x_wconf 87' lang='grc' dir='ltr'>καὶ</span> <span class='ocrx_word' id='word_1_722' title='bbox 1099 4986 1126 5042; x_wconf 97' lang='lat'>6</span> <span class='ocrx_word' id='word_1_723' title='bbox 1160 4985 1325 5065; x_wconf 92' lang='grc' dir='ltr'>λόγος</span> <span class='ocrx_word' id='word_1_724' title='bbox 1375 4987 1465 5042; x_wconf 78' lang='grc' dir='ltr'>καὶ</span> <span class='ocrx_word' id='word_1_725' title='bbox 1497 4987 1530 5057; x_wconf 80' lang='grc' dir='ltr'>ἡ</span> <span class='ocrx_word' id='word_1_726' title='bbox 1565 4987 1707 5056; x_wconf 86' lang='grc' dir='ltr'>πνοή</span> <span class='ocrx_word' id='word_1_727' title='bbox 1745 4987 1851 5041; x_wconf 86' lang='grc' dir='ltr'>ἀπὸ</span> <span class='ocrx_word' id='word_1_728' title='bbox 1895 4993 1996 5056; x_wconf 85' lang='grc' dir='ltr'>τῆς</span> 
     </span>
    </p>
   </div>
   <div class='ocr_carea' id='block_1_87' title="bbox 332 5071 1998 5157">
    <p class='ocr_par' dir='ltr' id='par_1_87' title="bbox 332 5071 1998 5157">
     <span class='ocr_line' id='line_1_87' title="bbox 332 5071 1998 5157; baseline -0.005 -22"><span class='ocrx_word' id='word_1_729' title='bbox 332 5084 524 5157; x_wconf 80' lang='grc' dir='ltr'>ψυχῆς</span> <span class='ocrx_word' id='word_1_730' title='bbox 557 5079 681 5150; x_wconf 84' lang='grc' dir='ltr'>εἰσι,</span> <span class='ocrx_word' id='word_1_731' title='bbox 739 5077 831 5132; x_wconf 84' lang='grc' dir='ltr'>καὶ</span> <span class='ocrx_word' id='word_1_732' title='bbox 877 5084 978 5148; x_wconf 85' lang='grc' dir='ltr'>τῆς</span> <span class='ocrx_word' id='word_1_733' title='bbox 1026 5083 1214 5152; x_wconf 83' lang='grc' dir='ltr'>ψυχῆς</span> <span class='ocrx_word' id='word_1_734' title='bbox 1264 5075 1366 5132; x_wconf 73' lang='grc' dir='ltr'>εἶσι</span> <span class='ocrx_word' id='word_1_735' title='bbox 1417 5074 1704 5146; x_wconf 88' lang='grc' dir='ltr'>πρόσωπα·</span> <span class='ocrx_word' id='word_1_736' title='bbox 1757 5074 1846 5129; x_wconf 76' lang='grc' dir='ltr'>καὶ</span> <span class='ocrx_word' id='word_1_737' title='bbox 1880 5071 1998 5128; x_wconf 78' lang='grc' dir='ltr'>ἰδοὺ</span> 
     </span>
    </p>
   </div>
   <div class='ocr_carea' id='block_1_88' title="bbox 332 5161 1998 5256">
    <p class='ocr_par' dir='ltr' id='par_1_88' title="bbox 332 5161 1998 5256">
     <span class='ocr_line' id='line_1_88' title="bbox 332 5161 1998 5256; baseline -0.005 -31"><span class='ocrx_word' id='word_1_738' title='bbox 332 5167 597 5256; x_wconf 61' lang='grc' dir='ltr'>λοιπὸνῄ</span> <span class='ocrx_word' id='word_1_739' title='bbox 631 5169 786 5244; x_wconf 74' lang='grc' dir='ltr'>ψυχὴ</span> <span class='ocrx_word' id='word_1_740' title='bbox 819 5166 1116 5245; x_wconf 88' lang='grc' dir='ltr'>πρόσωπον</span> <span class='ocrx_word' id='word_1_741' title='bbox 1147 5163 1227 5235; x_wconf 71' lang='grc' dir='ltr'>ἓν,</span> <span class='ocrx_word' id='word_1_742' title='bbox 1260 5164 1348 5221; x_wconf 79' lang='grc' dir='ltr'>καὶ</span> <span class='ocrx_word' id='word_1_743' title='bbox 1382 5165 1409 5220; x_wconf 90' lang='lat'>6</span> <span class='ocrx_word' id='word_1_744' title='bbox 1442 5164 1609 5241; x_wconf 86' lang='grc' dir='ltr'>λόγος</span> <span class='ocrx_word' id='word_1_745' title='bbox 1659 5161 1800 5256; x_wconf 66' lang='grc' dir='ltr'>ἄλλο</span> <span class='ocrx_word' id='word_1_746' title='bbox 1830 5162 1998 5256; x_wconf 83' lang='grc' dir='ltr'>πρόσ-</span> 
     </span>
    </p>
   </div>
   <div class='ocr_carea' id='block_1_89' title="bbox 333 5249 2000 5332">
    <p class='ocr_par' dir='ltr' id='par_1_89' title="bbox 333 5249 2000 5332">
     <span class='ocr_line' id='line_1_89' title="bbox 333 5249 2000 5332; baseline -0.004 -18"><span class='ocrx_word' id='word_1_747' title='bbox 333 5277 516 5326; x_wconf 87' lang='grc' dir='ltr'>ωπον,</span> <span class='ocrx_word' id='word_1_748' title='bbox 557 5249 666 5313; x_wconf 64' lang='grc' dir='ltr'>⁷καὶ</span> <span class='ocrx_word' id='word_1_749' title='bbox 727 5258 760 5328; x_wconf 85' lang='grc' dir='ltr'>ἡ</span> <span class='ocrx_word' id='word_1_750' title='bbox 832 5258 974 5326; x_wconf 88' lang='grc' dir='ltr'>πνοὴ</span> <span class='ocrx_word' id='word_1_751' title='bbox 1041 5253 1226 5332; x_wconf 67' lang='grc' dir='ltr'>ἓτερον</span> <span class='ocrx_word' id='word_1_752' title='bbox 1290 5254 1605 5332; x_wconf 86' lang='grc' dir='ltr'>πρόσωπον.</span> <span class='ocrx_word' id='word_1_753' title='bbox 1665 5249 1809 5308; x_wconf 74' lang='grc' dir='ltr'>Ἰδοὺ</span> <span class='ocrx_word' id='word_1_754' title='bbox 1877 5252 2000 5329; x_wconf 90' lang='grc' dir='ltr'>τρία</span> 
     </span>
    </p>
   </div>
   <div class='ocr_carea' id='block_1_90' title="bbox 334 5341 2000 5422">
    <p class='ocr_par' dir='ltr' id='par_1_90' title="bbox 334 5341 2000 5422">
     <span class='ocr_line' id='line_1_90' title="bbox 334 5341 2000 5422; baseline -0.004 -19"><span class='ocrx_word' id='word_1_755' title='bbox 334 5347 607 5422; x_wconf 88' lang='grc' dir='ltr'>πρόσωπα</span> <span class='ocrx_word' id='word_1_756' title='bbox 654 5354 753 5416; x_wconf 79' lang='grc' dir='ltr'>τῆς</span> <span class='ocrx_word' id='word_1_757' title='bbox 787 5350 994 5422; x_wconf 81' lang='grc' dir='ltr'>ψυχῆς,</span> <span class='ocrx_word' id='word_1_758' title='bbox 1030 5345 1176 5402; x_wconf 82' lang='grc' dir='ltr'>ἀλλὰ</span> <span class='ocrx_word' id='word_1_759' title='bbox 1206 5346 1359 5421; x_wconf 85' lang='grc' dir='ltr'>ψυχή</span> <span class='ocrx_word' id='word_1_760' title='bbox 1406 5347 1525 5418; x_wconf 85' lang='grc' dir='ltr'>μία,</span> <span class='ocrx_word' id='word_1_761' title='bbox 1574 5342 1665 5398; x_wconf 82' lang='grc' dir='ltr'>καὶ</span> <span class='ocrx_word' id='word_1_762' title='bbox 1727 5341 1789 5397; x_wconf 81' lang='grc' dir='ltr'>οὐ</span> <span class='ocrx_word' id='word_1_763' title='bbox 1837 5347 2000 5416; x_wconf 86' lang='grc' dir='ltr'>τρεῖς.</span> 
     </span>
    </p>
   </div>
   <div class='ocr_carea' id='block_1_91' title="bbox 341 5429 2000 5514">
    <p class='ocr_par' dir='ltr' id='par_1_91' title="bbox 341 5429 2000 5514">
     <span class='ocr_line' id='line_1_91' title="bbox 341 5429 2000 5514; baseline 0.003 -24"><span class='ocrx_word' id='word_1_764' title='bbox 341 5436 408 5496; x_wconf 79' lang='grc' dir='ltr'>Εἰ</span> <span class='ocrx_word' id='word_1_765' title='bbox 441 5439 545 5514; x_wconf 81' lang='grc' dir='ltr'>γὰρ</span> <span class='ocrx_word' id='word_1_766' title='bbox 597 5434 880 5513; x_wconf 75' lang='grc' dir='ltr'>ἐρωτηθῇς</span> <span class='ocrx_word' id='word_1_767' title='bbox 937 5435 1109 5498; x_wconf 88' lang='grc' dir='ltr'>πόσας</span> <span class='ocrx_word' id='word_1_768' title='bbox 1167 5434 1349 5511; x_wconf 81' lang='grc' dir='ltr'>ψυχὰς</span> <span class='ocrx_word' id='word_1_769' title='bbox 1411 5433 1526 5510; x_wconf 86' lang='grc' dir='ltr'>ἐχει</span> <span class='ocrx_word' id='word_1_770' title='bbox 1581 5431 1608 5486; x_wconf 92' lang='lat'>6</span> <span class='ocrx_word' id='word_1_771' title='bbox 1674 5429 2000 5508; x_wconf 80' lang='grc' dir='ltr'>ἅνθρωπος;</span> 
     </span>
    </p>
   </div>
   <div class='ocr_carea' id='block_1_92' title="bbox 345 5517 2004 5601">
    <p class='ocr_par' dir='ltr' id='par_1_92' title="bbox 345 5517 2004 5601">
     <span class='ocr_line' id='line_1_92' title="bbox 345 5517 2004 5601; baseline -0.005 -19"><span class='ocrx_word' id='word_1_772' title='bbox 345 5523 575 5601; x_wconf 82' lang='grc' dir='ltr'>μέλλεις</span> <span class='ocrx_word' id='word_1_773' title='bbox 605 5524 798 5596; x_wconf 82' lang='grc' dir='ltr'>εἷ’πεῖν,</span> <span class='ocrx_word' id='word_1_774' title='bbox 832 5522 916 5581; x_wconf 78' lang='grc' dir='ltr'>ὅτι</span> <span class='ocrx_word' id='word_1_775' title='bbox 951 5523 1100 5599; x_wconf 84' lang='grc' dir='ltr'>μίαν.</span> <span class='ocrx_word' id='word_1_776' title='bbox 1134 5522 1256 5579; x_wconf 85' lang='grc' dir='ltr'>Ἐὰν</span> <span class='ocrx_word' id='word_1_777' title='bbox 1291 5519 1350 5577; x_wconf 74' lang='grc' dir='ltr'>δὲ</span> <span class='ocrx_word' id='word_1_778' title='bbox 1388 5520 1669 5597; x_wconf 76' lang='grc' dir='ltr'>ἐρωτηθῇς</span> <span class='ocrx_word' id='word_1_779' title='bbox 1715 5517 1805 5574; x_wconf 81' lang='grc' dir='ltr'>καὶ</span> <span class='ocrx_word' id='word_1_780' title='bbox 1861 5518 2004 5574; x_wconf 85' lang='grc' dir='ltr'>πόσα</span> 
     </span>
    </p>
   </div>
   <div class='ocr_carea' id='block_1_93' title="bbox 409 5736 1362 5813">
    <p class='ocr_par' dir='ltr' id='par_1_93' title="bbox 409 5736 1362 5813">
     <span class='ocr_line' id='line_1_93' title="bbox 409 5736 1362 5813; baseline -0.009 -13"><span class='ocrx_word' id='word_1_781' title='bbox 409 5741 432 5778; x_wconf 80' lang='grc'><strong>⁸</strong></span> <span class='ocrx_word' id='word_1_782' title='bbox 464 5741 488 5799; x_wconf 96' lang='lat' dir='ltr'>I</span> <span class='ocrx_word' id='word_1_783' title='bbox 520 5741 650 5800; x_wconf 84' lang='lat' dir='ltr'>Cor.</span> <span class='ocrx_word' id='word_1_784' title='bbox 684 5757 748 5813; x_wconf 86' lang='grc' dir='ltr'>ιι,</span> <span class='ocrx_word' id='word_1_785' title='bbox 782 5741 866 5798; x_wconf 85' lang='grc'>10.</span> <span class='ocrx_word' id='word_1_786' title='bbox 945 5739 968 5774; x_wconf 83' lang='grc'><strong>⁹</strong></span> <span class='ocrx_word' id='word_1_787' title='bbox 994 5741 1137 5795; x_wconf 89' lang='lat' dir='ltr'>Gen.</span> <span class='ocrx_word' id='word_1_788' title='bbox 1172 5753 1238 5807; x_wconf 77' lang='grc' dir='ltr'>ιι,</span> <span class='ocrx_word' id='word_1_789' title='bbox 1270 5736 1362 5792; x_wconf 87' lang='lat'>26.</span> 
     </span>
    </p>
   </div>
   <div class='ocr_carea' id='block_1_94' title="bbox 627 5862 1356 5932">
    <p class='ocr_par' dir='ltr' id='par_1_94' title="bbox 627 5862 1356 5932">
     <span class='ocr_line' id='line_1_94' title="bbox 627 5862 1356 5932; baseline -0.004 -3"><span class='ocrx_word' id='word_1_790' title='bbox 627 5869 898 5932; x_wconf 64' lang='lat' dir='ltr'>Panos.</span> <span class='ocrx_word' id='word_1_791' title='bbox 929 5867 1042 5930; x_wconf 82' lang='lat' dir='ltr'>GI.</span> <span class='ocrx_word' id='word_1_792' title='bbox 1085 5862 1356 5929; x_wconf 83' lang='lat' dir='ltr'>XXVIII.</span> 
     </span>
    </p>
   </div>
   <div class='ocr_carea' id='block_1_95' title="bbox 2106 3470 3767 3545">
    <p class='ocr_par' dir='ltr' id='par_1_95' title="bbox 2106 3470 3767 3545">
     <span class='ocr_line' id='line_1_95' title="bbox 2106 3470 3767 3545; baseline 0.001 -19"><span class='ocrx_word' id='word_1_793' title='bbox 2106 3471 2430 3543; x_wconf 85' lang='lat' dir='ltr'>gnitionem</span> <span class='ocrx_word' id='word_1_794' title='bbox 2462 3471 2697 3528; x_wconf 87' lang='lat' dir='ltr'>deitatis</span> <span class='ocrx_word' id='word_1_795' title='bbox 2726 3471 2920 3528; x_wconf 90' lang='lat' dir='ltr'>tribus</span> <span class='ocrx_word' id='word_1_796' title='bbox 2967 3471 3388 3545; x_wconf 79' lang='lat' dir='ltr'>hypostasibus</span> <span class='ocrx_word' id='word_1_797' title='bbox 3418 3470 3767 3542; x_wconf 76' lang='lat' dir='ltr'>constantis,</span> 
     </span>
    </p>
   </div>
   <div class='ocr_carea' id='block_1_96' title="bbox 2104 3560 3770 3634">
    <p class='ocr_par' dir='ltr' id='par_1_96' title="bbox 2104 3560 3770 3634">
     <span class='ocr_line' id='line_1_96' title="bbox 2104 3560 3770 3634; baseline 0.001 -19"><span class='ocrx_word' id='word_1_798' title='bbox 2104 3560 2234 3615; x_wconf 90' lang='lat' dir='ltr'>vide</span> <span class='ocrx_word' id='word_1_799' title='bbox 2265 3565 2322 3616; x_wconf 90' lang='lat' dir='ltr'>et</span> <span class='ocrx_word' id='word_1_800' title='bbox 2352 3560 2524 3616; x_wconf 89' lang='lat' dir='ltr'>aliam</span> <span class='ocrx_word' id='word_1_801' title='bbox 2551 3561 2871 3634; x_wconf 85' lang='lat' dir='ltr'>imaginem</span> <span class='ocrx_word' id='word_1_802' title='bbox 2904 3561 3032 3630; x_wconf 80' lang='lat' dir='ltr'>Dei,</span> <span class='ocrx_word' id='word_1_803' title='bbox 3063 3578 3191 3633; x_wconf 72' lang='lat' dir='ltr'>quas</span> <span class='ocrx_word' id='word_1_804' title='bbox 3222 3565 3312 3617; x_wconf 86' lang='lat' dir='ltr'>est</span> <span class='ocrx_word' id='word_1_805' title='bbox 3336 3560 3538 3616; x_wconf 90' lang='lat' dir='ltr'>anima</span> <span class='ocrx_word' id='word_1_806' title='bbox 3566 3560 3770 3616; x_wconf 86' lang='lat' dir='ltr'>humi-</span> 
     </span>
    </p>
   </div>
   <div class='ocr_carea' id='block_1_97' title="bbox 2107 3648 3762 3718">
    <p class='ocr_par' dir='ltr' id='par_1_97' title="bbox 2107 3648 3762 3718">
     <span class='ocr_line' id='line_1_97' title="bbox 2107 3648 3762 3718; baseline 0.001 -14"><span class='ocrx_word' id='word_1_807' title='bbox 2107 3648 2220 3705; x_wconf 89' lang='lat' dir='ltr'>nis.</span> <span class='ocrx_word' id='word_1_808' title='bbox 2256 3650 2500 3714; x_wconf 87' lang='lat' dir='ltr'>Quando</span> <span class='ocrx_word' id='word_1_809' title='bbox 2530 3649 2689 3705; x_wconf 89' lang='lat' dir='ltr'>enim</span> <span class='ocrx_word' id='word_1_810' title='bbox 2722 3650 3086 3706; x_wconf 90' lang='lat' dir='ltr'>formaturus</span> <span class='ocrx_word' id='word_1_811' title='bbox 3112 3655 3237 3705; x_wconf 91' lang='lat' dir='ltr'>erat</span> <span class='ocrx_word' id='word_1_812' title='bbox 3259 3654 3411 3707; x_wconf 87' lang='lat' dir='ltr'>Deus</span> <span class='ocrx_word' id='word_1_813' title='bbox 3434 3649 3762 3718; x_wconf 85' lang='lat' dir='ltr'>hominem,</span> 
     </span>
    </p>
   </div>
   <div class='ocr_carea' id='block_1_98' title="bbox 2106 3738 3762 3812">
    <p class='ocr_par' dir='ltr' id='par_1_98' title="bbox 2106 3738 3762 3812">
     <span class='ocr_line' id='line_1_98' title="bbox 2106 3738 3762 3812; baseline -0.001 -19"><span class='ocrx_word' id='word_1_814' title='bbox 2106 3739 2286 3794; x_wconf 78' lang='lat' dir='ltr'>dixit:</span> <span class='ocrx_word' id='word_1_815' title='bbox 2322 3763 2349 3788; x_wconf 86' lang='grc'>‹‹</span> <span class='ocrx_word' id='word_1_816' title='bbox 2385 3739 2695 3795; x_wconf 83' lang='lat' dir='ltr'>Faciamus</span> <span class='ocrx_word' id='word_1_817' title='bbox 2739 3739 3038 3796; x_wconf 89' lang='lat' dir='ltr'>hominem</span> <span class='ocrx_word' id='word_1_818' title='bbox 3092 3740 3159 3795; x_wconf 88' lang='lat' dir='ltr'>ad</span> <span class='ocrx_word' id='word_1_819' title='bbox 3213 3738 3533 3812; x_wconf 84' lang='lat' dir='ltr'>imaginem</span> <span class='ocrx_word' id='word_1_820' title='bbox 3582 3742 3639 3794; x_wconf 89' lang='lat' dir='ltr'>et</span> <span class='ocrx_word' id='word_1_821' title='bbox 3687 3738 3762 3793; x_wconf 87' lang='lat' dir='ltr'>ad</span> 
     </span>
    </p>
   </div>
   <div class='ocr_carea' id='block_1_99' title="bbox 2105 3828 3759 3899">
    <p class='ocr_par' dir='ltr' id='par_1_99' title="bbox 2105 3828 3759 3899">
     <span class='ocr_line' id='line_1_99' title="bbox 2105 3828 3759 3899; baseline 0.001 -16"><span class='ocrx_word' id='word_1_822' title='bbox 2105 3829 2558 3884; x_wconf 83' lang='lat' dir='ltr'>similitudinem</span> <span class='ocrx_word' id='word_1_823' title='bbox 2595 3834 2856 3885; x_wconf 87' lang='lat' dir='ltr'>nostram</span> <span class='ocrx_word' id='word_1_824' title='bbox 2880 3830 2919 3887; x_wconf 72' lang='grc' dir='ltr'>θ.</span> <span class='ocrx_word' id='word_1_825' title='bbox 2943 3852 2970 3878; x_wconf 82' lang='grc'><strong>››</strong></span> <span class='ocrx_word' id='word_1_826' title='bbox 3001 3833 3144 3884; x_wconf 86' lang='lat' dir='ltr'>Ecce</span> <span class='ocrx_word' id='word_1_827' title='bbox 3167 3829 3346 3899; x_wconf 86' lang='lat' dir='ltr'>igitur</span> <span class='ocrx_word' id='word_1_828' title='bbox 3367 3829 3542 3884; x_wconf 91' lang='lat' dir='ltr'>homo</span> <span class='ocrx_word' id='word_1_829' title='bbox 3565 3828 3759 3899; x_wconf 87' lang='lat' dir='ltr'>imago</span> 
     </span>
    </p>
   </div>
   <div class='ocr_carea' id='block_1_100' title="bbox 2105 3917 3760 3981">
    <p class='ocr_par' dir='ltr' id='par_1_100' title="bbox 2105 3917 3760 3981">
     <span class='ocr_line' id='line_1_100' title="bbox 2105 3917 3760 3981; baseline 0 -8"><span class='ocrx_word' id='word_1_830' title='bbox 2105 3924 2193 3973; x_wconf 84' lang='lat' dir='ltr'>est</span> <span class='ocrx_word' id='word_1_831' title='bbox 2230 3919 2342 3981; x_wconf 56' lang='lat' dir='ltr'>Dei,</span> <span class='ocrx_word' id='word_1_832' title='bbox 2379 3917 2601 3973; x_wconf 88' lang='lat' dir='ltr'>scilicet</span> <span class='ocrx_word' id='word_1_833' title='bbox 2631 3918 2825 3973; x_wconf 69' lang='lat' dir='ltr'>anima</span> <span class='ocrx_word' id='word_1_834' title='bbox 2859 3917 3133 3973; x_wconf 86' lang='lat' dir='ltr'>hominis.</span> <span class='ocrx_word' id='word_1_835' title='bbox 3170 3919 3268 3973; x_wconf 86' lang='lat' dir='ltr'>Est</span> <span class='ocrx_word' id='word_1_836' title='bbox 3309 3923 3502 3973; x_wconf 88' lang='lat' dir='ltr'>autem</span> <span class='ocrx_word' id='word_1_837' title='bbox 3564 3918 3760 3973; x_wconf 83' lang='lat' dir='ltr'>anima</span> 
     </span>
    </p>
   </div>
   <div class='ocr_carea' id='block_1_101' title="bbox 2105 4007 3755 4077">
    <p class='ocr_par' dir='ltr' id='par_1_101' title="bbox 2105 4007 3755 4077">
     <span class='ocr_line' id='line_1_101' title="bbox 2105 4007 3755 4077; baseline -0.001 -16"><span class='ocrx_word' id='word_1_838' title='bbox 2105 4007 2361 4062; x_wconf 89' lang='lat' dir='ltr'>hominis</span> <span class='ocrx_word' id='word_1_839' title='bbox 2395 4025 2510 4061; x_wconf 89' lang='lat' dir='ltr'>una</span> <span class='ocrx_word' id='word_1_840' title='bbox 2541 4008 2801 4077; x_wconf 90' lang='lat' dir='ltr'>quidem,</span> <span class='ocrx_word' id='word_1_841' title='bbox 2839 4008 2937 4062; x_wconf 88' lang='lat' dir='ltr'>sed</span> <span class='ocrx_word' id='word_1_842' title='bbox 2973 4007 3161 4061; x_wconf 88' lang='lat' dir='ltr'>tribus</span> <span class='ocrx_word' id='word_1_843' title='bbox 3180 4007 3586 4063; x_wconf 89' lang='lat' dir='ltr'>subsistentiis</span> <span class='ocrx_word' id='word_1_844' title='bbox 3613 4023 3755 4061; x_wconf 79' lang='lat' dir='ltr'>con—</span> 
     </span>
    </p>
   </div>
   <div class='ocr_carea' id='block_1_102' title="bbox 2107 4094 3759 4168">
    <p class='ocr_par' dir='ltr' id='par_1_102' title="bbox 2107 4094 3759 4168">
     <span class='ocr_line' id='line_1_102' title="bbox 2107 4094 3759 4168; baseline 0 -18"><span class='ocrx_word' id='word_1_845' title='bbox 2107 4101 2298 4150; x_wconf 85' lang='lat' dir='ltr'>stans:</span> <span class='ocrx_word' id='word_1_846' title='bbox 2334 4100 2450 4151; x_wconf 89' lang='lat' dir='ltr'>tres</span> <span class='ocrx_word' id='word_1_847' title='bbox 2483 4112 2764 4166; x_wconf 86' lang='lat' dir='ltr'>personas</span> <span class='ocrx_word' id='word_1_848' title='bbox 2796 4096 2970 4151; x_wconf 90' lang='lat' dir='ltr'>habet</span> <span class='ocrx_word' id='word_1_849' title='bbox 3027 4097 3244 4163; x_wconf 84' lang='lat' dir='ltr'>anima,</span> <span class='ocrx_word' id='word_1_850' title='bbox 3305 4102 3361 4151; x_wconf 89' lang='lat' dir='ltr'>et</span> <span class='ocrx_word' id='word_1_851' title='bbox 3417 4094 3759 4168; x_wconf 79' lang='lat' dir='ltr'>quomodo?</span> 
     </span>
    </p>
   </div>
   <div class='ocr_carea' id='block_1_103' title="bbox 2105 4184 3760 4259">
    <p class='ocr_par' dir='ltr' id='par_1_103' title="bbox 2105 4184 3760 4259">
     <span class='ocr_line' id='line_1_103' title="bbox 2105 4184 3760 4259; baseline 0.001 -19"><span class='ocrx_word' id='word_1_852' title='bbox 2105 4184 2262 4240; x_wconf 86' lang='lat' dir='ltr'>audi.</span> <span class='ocrx_word' id='word_1_853' title='bbox 2297 4185 2397 4238; x_wconf 88' lang='lat' dir='ltr'>Est</span> <span class='ocrx_word' id='word_1_854' title='bbox 2429 4184 2628 4239; x_wconf 87' lang='lat' dir='ltr'>anima</span> <span class='ocrx_word' id='word_1_855' title='bbox 2659 4202 2774 4239; x_wconf 89' lang='lat' dir='ltr'>una</span> <span class='ocrx_word' id='word_1_856' title='bbox 2806 4202 3092 4256; x_wconf 87' lang='lat' dir='ltr'>persona:</span> <span class='ocrx_word' id='word_1_857' title='bbox 3154 4185 3354 4240; x_wconf 89' lang='lat' dir='ltr'>anima</span> <span class='ocrx_word' id='word_1_858' title='bbox 3402 4203 3534 4241; x_wconf 89' lang='lat' dir='ltr'>vero</span> <span class='ocrx_word' id='word_1_859' title='bbox 3583 4202 3760 4259; x_wconf 86' lang='lat' dir='ltr'>gene-</span> 
     </span>
    </p>
   </div>
   <div class='ocr_carea' id='block_1_104' title="bbox 2105 4272 3765 4345">
    <p class='ocr_par' dir='ltr' id='par_1_104' title="bbox 2105 4272 3765 4345">
     <span class='ocr_line' id='line_1_104' title="bbox 2105 4272 3765 4345; baseline 0.002 -17"><span class='ocrx_word' id='word_1_860' title='bbox 2105 4277 2195 4328; x_wconf 93' lang='lat' dir='ltr'>rat</span> <span class='ocrx_word' id='word_1_861' title='bbox 2226 4273 2532 4339; x_wconf 88' lang='lat' dir='ltr'>rationem,</span> <span class='ocrx_word' id='word_1_862' title='bbox 2566 4279 2622 4327; x_wconf 88' lang='lat' dir='ltr'>et</span> <span class='ocrx_word' id='word_1_863' title='bbox 2652 4290 2782 4328; x_wconf 82' lang='lat' dir='ltr'>ecce</span> <span class='ocrx_word' id='word_1_864' title='bbox 2815 4275 2961 4329; x_wconf 88' lang='lat' dir='ltr'>ratio</span> <span class='ocrx_word' id='word_1_865' title='bbox 2993 4272 3179 4329; x_wconf 91' lang='lat' dir='ltr'>altera</span> <span class='ocrx_word' id='word_1_866' title='bbox 3219 4291 3504 4345; x_wconf 88' lang='lat' dir='ltr'>persona:</span> <span class='ocrx_word' id='word_1_867' title='bbox 3563 4275 3765 4331; x_wconf 81' lang='lat' dir='ltr'>anima</span> 
     </span>
    </p>
   </div>
   <div class='ocr_carea' id='block_1_105' title="bbox 2105 4363 3764 4437">
    <p class='ocr_par' dir='ltr' id='par_1_105' title="bbox 2105 4363 3764 4437">
     <span class='ocr_line' id='line_1_105' title="bbox 2105 4363 3764 4437; baseline 0.001 -19"><span class='ocrx_word' id='word_1_868' title='bbox 2105 4368 2299 4418; x_wconf 90' lang='lat' dir='ltr'>autem</span> <span class='ocrx_word' id='word_1_869' title='bbox 2333 4363 2548 4418; x_wconf 88' lang='lat' dir='ltr'>emittit</span> <span class='ocrx_word' id='word_1_870' title='bbox 2581 4363 2878 4434; x_wconf 81' lang='lat' dir='ltr'>spiritum,</span> <span class='ocrx_word' id='word_1_871' title='bbox 2914 4367 2970 4418; x_wconf 90' lang='lat' dir='ltr'>et</span> <span class='ocrx_word' id='word_1_872' title='bbox 2999 4379 3130 4419; x_wconf 91' lang='lat' dir='ltr'>ecce</span> <span class='ocrx_word' id='word_1_873' title='bbox 3162 4363 3413 4434; x_wconf 88' lang='lat' dir='ltr'>spiritus</span> <span class='ocrx_word' id='word_1_874' title='bbox 3466 4363 3584 4419; x_wconf 90' lang='lat' dir='ltr'>alia</span> <span class='ocrx_word' id='word_1_875' title='bbox 3630 4380 3764 4437; x_wconf 88' lang='lat' dir='ltr'>per-</span> 
     </span>
    </p>
   </div>
   <div class='ocr_carea' id='block_1_106' title="bbox 2105 4451 3762 4524">
    <p class='ocr_par' dir='ltr' id='par_1_106' title="bbox 2105 4451 3762 4524">
     <span class='ocr_line' id='line_1_106' title="bbox 2105 4451 3762 4524; baseline 0.001 -17"><span class='ocrx_word' id='word_1_876' title='bbox 2105 4469 2269 4508; x_wconf 83' lang='lat' dir='ltr'>sona.</span> <span class='ocrx_word' id='word_1_877' title='bbox 2296 4452 2439 4507; x_wconf 85' lang='lat' dir='ltr'>Ecce</span> <span class='ocrx_word' id='word_1_878' title='bbox 2482 4467 2743 4524; x_wconf 84' lang='lat' dir='ltr'>personae</span> <span class='ocrx_word' id='word_1_879' title='bbox 2764 4455 2904 4520; x_wconf 88' lang='lat' dir='ltr'>tres,</span> <span class='ocrx_word' id='word_1_880' title='bbox 2933 4452 3153 4519; x_wconf 86' lang='lat' dir='ltr'>anima,</span> <span class='ocrx_word' id='word_1_881' title='bbox 3198 4452 3370 4519; x_wconf 87' lang='lat' dir='ltr'>ratio,</span> <span class='ocrx_word' id='word_1_882' title='bbox 3402 4455 3460 4507; x_wconf 86' lang='lat' dir='ltr'>et</span> <span class='ocrx_word' id='word_1_883' title='bbox 3491 4451 3762 4524; x_wconf 89' lang='lat' dir='ltr'>spiritus.</span> 
     </span>
    </p>
   </div>
   <div class='ocr_carea' id='block_1_107' title="bbox 2104 4541 3762 4615">
    <p class='ocr_par' dir='ltr' id='par_1_107' title="bbox 2104 4541 3762 4615">
     <span class='ocr_line' id='line_1_107' title="bbox 2104 4541 3762 4615; baseline 0.002 -21"><span class='ocrx_word' id='word_1_884' title='bbox 2104 4543 2330 4597; x_wconf 90' lang='lat' dir='ltr'>Etenim</span> <span class='ocrx_word' id='word_1_885' title='bbox 2365 4541 2509 4597; x_wconf 88' lang='lat' dir='ltr'>ratio</span> <span class='ocrx_word' id='word_1_886' title='bbox 2541 4547 2597 4597; x_wconf 88' lang='lat' dir='ltr'>et</span> <span class='ocrx_word' id='word_1_887' title='bbox 2628 4541 2872 4614; x_wconf 89' lang='lat' dir='ltr'>spiritus</span> <span class='ocrx_word' id='word_1_888' title='bbox 2903 4543 3112 4598; x_wconf 75' lang='lat' dir='ltr'>animae</span> <span class='ocrx_word' id='word_1_889' title='bbox 3143 4548 3300 4611; x_wconf 88' lang='lat' dir='ltr'>sunt,</span> <span class='ocrx_word' id='word_1_890' title='bbox 3336 4559 3452 4600; x_wconf 88' lang='lat' dir='ltr'>non</span> <span class='ocrx_word' id='word_1_891' title='bbox 3477 4544 3762 4615; x_wconf 86' lang='lat' dir='ltr'>corporis,</span> 
     </span>
    </p>
   </div>
   <div class='ocr_carea' id='block_1_108' title="bbox 2105 4631 3762 4706">
    <p class='ocr_par' dir='ltr' id='par_1_108' title="bbox 2105 4631 3762 4706">
     <span class='ocr_line' id='line_1_108' title="bbox 2105 4631 3762 4706; baseline 0.002 -19"><span class='ocrx_word' id='word_1_892' title='bbox 2105 4631 2387 4704; x_wconf 89' lang='lat' dir='ltr'>quoniam</span> <span class='ocrx_word' id='word_1_893' title='bbox 2418 4632 2618 4688; x_wconf 89' lang='lat' dir='ltr'>anima</span> <span class='ocrx_word' id='word_1_894' title='bbox 2654 4649 2890 4706; x_wconf 88' lang='lat' dir='ltr'>egressa</span> <span class='ocrx_word' id='word_1_895' title='bbox 2936 4650 3005 4689; x_wconf 82' lang='lat' dir='ltr'>ex</span> <span class='ocrx_word' id='word_1_896' title='bbox 3053 4649 3313 4706; x_wconf 80' lang='lat' dir='ltr'>corpore,</span> <span class='ocrx_word' id='word_1_897' title='bbox 3372 4648 3564 4705; x_wconf 92' lang='lat' dir='ltr'>neque</span> <span class='ocrx_word' id='word_1_898' title='bbox 3613 4634 3762 4691; x_wconf 89' lang='lat' dir='ltr'>ratio</span> 
     </span>
    </p>
   </div>
   <div class='ocr_carea' id='block_1_109' title="bbox 2106 4721 3763 4796">
    <p class='ocr_par' dir='ltr' id='par_1_109' title="bbox 2106 4721 3763 4796">
     <span class='ocr_line' id='line_1_109' title="bbox 2106 4721 3763 4796; baseline 0.002 -20"><span class='ocrx_word' id='word_1_899' title='bbox 2106 4725 2309 4778; x_wconf 89' lang='lat' dir='ltr'>manet</span> <span class='ocrx_word' id='word_1_900' title='bbox 2340 4721 2397 4778; x_wconf 93' lang='lat' dir='ltr'>in</span> <span class='ocrx_word' id='word_1_901' title='bbox 2421 4739 2682 4794; x_wconf 87' lang='lat' dir='ltr'>corpore,</span> <span class='ocrx_word' id='word_1_902' title='bbox 2725 4740 2915 4794; x_wconf 89' lang='lat' dir='ltr'>neque</span> <span class='ocrx_word' id='word_1_903' title='bbox 2939 4723 3205 4796; x_wconf 88' lang='lat' dir='ltr'>spiritus,</span> <span class='ocrx_word' id='word_1_904' title='bbox 3236 4723 3338 4780; x_wconf 88' lang='lat' dir='ltr'>sed</span> <span class='ocrx_word' id='word_1_905' title='bbox 3363 4723 3524 4794; x_wconf 84' lang='lat' dir='ltr'>jacet</span> <span class='ocrx_word' id='word_1_906' title='bbox 3549 4739 3763 4795; x_wconf 85' lang='lat' dir='ltr'>corpus</span> 
     </span>
    </p>
   </div>
   <div class='ocr_carea' id='block_1_110' title="bbox 2109 4810 3764 4886">
    <p class='ocr_par' dir='ltr' id='par_1_110' title="bbox 2109 4810 3764 4886">
     <span class='ocr_line' id='line_1_110' title="bbox 2109 4810 3764 4886; baseline 0.002 -20"><span class='ocrx_word' id='word_1_907' title='bbox 2109 4810 2234 4866; x_wconf 90' lang='lat' dir='ltr'>sine</span> <span class='ocrx_word' id='word_1_908' title='bbox 2264 4810 2474 4882; x_wconf 86' lang='lat' dir='ltr'>spiritu</span> <span class='ocrx_word' id='word_1_909' title='bbox 2507 4814 2564 4865; x_wconf 86' lang='lat' dir='ltr'>et</span> <span class='ocrx_word' id='word_1_910' title='bbox 2593 4811 2720 4867; x_wconf 91' lang='lat' dir='ltr'>sine</span> <span class='ocrx_word' id='word_1_911' title='bbox 2749 4811 2994 4868; x_wconf 88' lang='lat' dir='ltr'>ratione.</span> <span class='ocrx_word' id='word_1_912' title='bbox 3031 4812 3200 4869; x_wconf 85' lang='lat' dir='ltr'>Ratio</span> <span class='ocrx_word' id='word_1_913' title='bbox 3241 4829 3372 4870; x_wconf 90' lang='lat' dir='ltr'>vero</span> <span class='ocrx_word' id='word_1_914' title='bbox 3403 4816 3461 4868; x_wconf 89' lang='lat' dir='ltr'>et</span> <span class='ocrx_word' id='word_1_915' title='bbox 3518 4813 3764 4886; x_wconf 83' lang='lat' dir='ltr'>spiritus</span> 
     </span>
    </p>
   </div>
   <div class='ocr_carea' id='block_1_111' title="bbox 2109 4900 3766 4974">
    <p class='ocr_par' dir='ltr' id='par_1_111' title="bbox 2109 4900 3766 4974">
     <span class='ocr_line' id='line_1_111' title="bbox 2109 4900 3766 4974; baseline 0.001 -18"><span class='ocrx_word' id='word_1_916' title='bbox 2109 4903 2251 4956; x_wconf 89' lang='lat' dir='ltr'>sunt</span> <span class='ocrx_word' id='word_1_917' title='bbox 2280 4916 2414 4955; x_wconf 90' lang='lat' dir='ltr'>cum</span> <span class='ocrx_word' id='word_1_918' title='bbox 2448 4900 2674 4956; x_wconf 90' lang='lat' dir='ltr'>anima:</span> <span class='ocrx_word' id='word_1_919' title='bbox 2710 4905 2766 4956; x_wconf 87' lang='lat' dir='ltr'>et</span> <span class='ocrx_word' id='word_1_920' title='bbox 2792 4902 2927 4956; x_wconf 92' lang='lat' dir='ltr'>inde</span> <span class='ocrx_word' id='word_1_921' title='bbox 2960 4901 3153 4973; x_wconf 88' lang='lat' dir='ltr'>palam</span> <span class='ocrx_word' id='word_1_922' title='bbox 3187 4906 3296 4971; x_wconf 90' lang='lat' dir='ltr'>est,</span> <span class='ocrx_word' id='word_1_923' title='bbox 3331 4901 3483 4974; x_wconf 88' lang='lat' dir='ltr'>quod</span> <span class='ocrx_word' id='word_1_924' title='bbox 3519 4901 3657 4973; x_wconf 88' lang='lat' dir='ltr'>quia</span> <span class='ocrx_word' id='word_1_925' title='bbox 3705 4905 3766 4958; x_wconf 86' lang='lat' dir='ltr'>et</span> 
     </span>
    </p>
   </div>
   <div class='ocr_carea' id='block_1_112' title="bbox 2107 4981 3763 5062">
    <p class='ocr_par' dir='ltr' id='par_1_112' title="bbox 2107 4981 3763 5062">
     <span class='ocr_line' id='line_1_112' title="bbox 2107 4981 3763 5062; baseline 0.001 -18"><span class='ocrx_word' id='word_1_926' title='bbox 2107 4987 2253 5044; x_wconf 89' lang='lat' dir='ltr'>ratio</span> <span class='ocrx_word' id='word_1_927' title='bbox 2286 4993 2342 5045; x_wconf 90' lang='lat' dir='ltr'>et</span> <span class='ocrx_word' id='word_1_928' title='bbox 2374 4989 2617 5061; x_wconf 89' lang='lat' dir='ltr'>spiritus</span> <span class='ocrx_word' id='word_1_929' title='bbox 2653 4981 2725 5046; x_wconf 78' lang='lat' dir='ltr'>ab</span> <span class='ocrx_word' id='word_1_930' title='bbox 2786 4990 2984 5046; x_wconf 87' lang='lat' dir='ltr'>anima</span> <span class='ocrx_word' id='word_1_931' title='bbox 3041 4995 3203 5059; x_wconf 88' lang='lat' dir='ltr'>sunt,</span> <span class='ocrx_word' id='word_1_932' title='bbox 3253 4991 3441 5047; x_wconf 87' lang='lat' dir='ltr'>&#39;etiam</span> <span class='ocrx_word' id='word_1_933' title='bbox 3500 5007 3763 5062; x_wconf 68' lang='lat' dir='ltr'>personas</span> 
     </span>
    </p>
   </div>
   <div class='ocr_carea' id='block_1_113' title="bbox 2108 5076 3769 5151">
    <p class='ocr_par' dir='ltr' id='par_1_113' title="bbox 2108 5076 3769 5151">
     <span class='ocr_line' id='line_1_113' title="bbox 2108 5076 3769 5151; baseline 0.002 -19"><span class='ocrx_word' id='word_1_934' title='bbox 2108 5076 2316 5132; x_wconf 68' lang='lat' dir='ltr'>animae</span> <span class='ocrx_word' id='word_1_935' title='bbox 2339 5081 2508 5133; x_wconf 90' lang='lat' dir='ltr'>sunt:</span> <span class='ocrx_word' id='word_1_936' title='bbox 2544 5077 2745 5147; x_wconf 89' lang='lat' dir='ltr'>itaque</span> <span class='ocrx_word' id='word_1_937' title='bbox 2790 5095 2921 5135; x_wconf 90' lang='lat' dir='ltr'>ecce</span> <span class='ocrx_word' id='word_1_938' title='bbox 2974 5081 3174 5136; x_wconf 89' lang='lat' dir='ltr'>anima</span> <span class='ocrx_word' id='word_1_939' title='bbox 3217 5096 3469 5151; x_wconf 86' lang='lat' dir='ltr'>persona</span> <span class='ocrx_word' id='word_1_940' title='bbox 3518 5097 3660 5147; x_wconf 87' lang='lat' dir='ltr'>una,</span> <span class='ocrx_word' id='word_1_941' title='bbox 3709 5082 3769 5136; x_wconf 85' lang='lat' dir='ltr'>et</span> 
     </span>
    </p>
   </div>
   <div class='ocr_carea' id='block_1_114' title="bbox 2109 5166 3765 5242">
    <p class='ocr_par' dir='ltr' id='par_1_114' title="bbox 2109 5166 3765 5242">
     <span class='ocr_line' id='line_1_114' title="bbox 2109 5166 3765 5242; baseline 0.003 -22"><span class='ocrx_word' id='word_1_942' title='bbox 2109 5166 2258 5222; x_wconf 85' lang='lat' dir='ltr'>ratio</span> <span class='ocrx_word' id='word_1_943' title='bbox 2320 5182 2571 5238; x_wconf 90' lang='lat' dir='ltr'>persona</span> <span class='ocrx_word' id='word_1_944' title='bbox 2630 5168 2833 5237; x_wconf 85' lang='lat' dir='ltr'>altera,</span> <span class='ocrx_word' id='word_1_945' title='bbox 2881 5173 2938 5224; x_wconf 91' lang='lat' dir='ltr'>et</span> <span class='ocrx_word' id='word_1_946' title='bbox 2981 5168 3227 5242; x_wconf 87' lang='lat' dir='ltr'>spiritus</span> <span class='ocrx_word' id='word_1_947' title='bbox 3274 5185 3525 5241; x_wconf 86' lang='lat' dir='ltr'>persona</span> <span class='ocrx_word' id='word_1_948' title='bbox 3571 5167 3765 5225; x_wconf 86' lang='lat' dir='ltr'>tertia.</span> 
     </span>
    </p>
   </div>
   <div class='ocr_carea' id='block_1_115' title="bbox 2109 5257 3767 5330">
    <p class='ocr_par' dir='ltr' id='par_1_115' title="bbox 2109 5257 3767 5330">
     <span class='ocr_line' id='line_1_115' title="bbox 2109 5257 3767 5330; baseline 0.003 -21"><span class='ocrx_word' id='word_1_949' title='bbox 2109 5259 2252 5310; x_wconf 90' lang='lat' dir='ltr'>Ecce</span> <span class='ocrx_word' id='word_1_950' title='bbox 2281 5259 2402 5310; x_wconf 90' lang='lat' dir='ltr'>tres</span> <span class='ocrx_word' id='word_1_951' title='bbox 2435 5271 2696 5328; x_wconf 81' lang='lat' dir='ltr'>personae</span> <span class='ocrx_word' id='word_1_952' title='bbox 2728 5257 2960 5323; x_wconf 72' lang='lat' dir='ltr'>animus,</span> <span class='ocrx_word' id='word_1_953' title='bbox 2994 5259 3094 5314; x_wconf 89' lang='lat' dir='ltr'>sed</span> <span class='ocrx_word' id='word_1_954' title='bbox 3127 5257 3326 5314; x_wconf 89' lang='lat' dir='ltr'>anima</span> <span class='ocrx_word' id='word_1_955' title='bbox 3354 5275 3494 5330; x_wconf 85' lang='lat' dir='ltr'>una,</span> <span class='ocrx_word' id='word_1_956' title='bbox 3543 5263 3603 5315; x_wconf 89' lang='lat' dir='ltr'>et</span> <span class='ocrx_word' id='word_1_957' title='bbox 3648 5275 3767 5314; x_wconf 91' lang='lat' dir='ltr'>non</span> 
     </span>
    </p>
   </div>
   <div class='ocr_carea' id='block_1_116' title="bbox 2109 5345 3768 5419">
    <p class='ocr_par' dir='ltr' id='par_1_116' title="bbox 2109 5345 3768 5419">
     <span class='ocr_line' id='line_1_116' title="bbox 2109 5345 3768 5419; baseline 0.002 -21"><span class='ocrx_word' id='word_1_958' title='bbox 2109 5357 2248 5400; x_wconf 79' lang='lat' dir='ltr'>tres.</span> <span class='ocrx_word' id='word_1_959' title='bbox 2307 5345 2366 5400; x_wconf 91' lang='lat' dir='ltr'>Si</span> <span class='ocrx_word' id='word_1_960' title='bbox 2425 5345 2578 5400; x_wconf 89' lang='lat' dir='ltr'>enim</span> <span class='ocrx_word' id='word_1_961' title='bbox 2642 5345 3020 5419; x_wconf 83' lang='lat' dir='ltr'>interrogeris</span> <span class='ocrx_word' id='word_1_962' title='bbox 3063 5352 3206 5419; x_wconf 89' lang='lat' dir='ltr'>quot</span> <span class='ocrx_word' id='word_1_963' title='bbox 3263 5349 3494 5404; x_wconf 87' lang='lat' dir='ltr'>animas</span> <span class='ocrx_word' id='word_1_964' title='bbox 3550 5346 3768 5403; x_wconf 85' lang='lat' dir='ltr'>habeat</span> 
     </span>
    </p>
   </div>
   <div class='ocr_carea' id='block_1_117' title="bbox 2113 5433 3768 5508">
    <p class='ocr_par' dir='ltr' id='par_1_117' title="bbox 2113 5433 3768 5508">
     <span class='ocr_line' id='line_1_117' title="bbox 2113 5433 3768 5508; baseline 0.001 -18"><span class='ocrx_word' id='word_1_965' title='bbox 2113 5433 2306 5504; x_wconf 89' lang='lat' dir='ltr'>homo,</span> <span class='ocrx_word' id='word_1_966' title='bbox 2337 5434 2691 5506; x_wconf 87' lang='lat' dir='ltr'>respondere</span> <span class='ocrx_word' id='word_1_967' title='bbox 2720 5435 2919 5506; x_wconf 90' lang='lat' dir='ltr'>debes,</span> <span class='ocrx_word' id='word_1_968' title='bbox 2954 5436 3109 5508; x_wconf 91' lang='lat' dir='ltr'>quod</span> <span class='ocrx_word' id='word_1_969' title='bbox 3144 5453 3340 5490; x_wconf 84' lang='lat' dir='ltr'>unam.</span> <span class='ocrx_word' id='word_1_970' title='bbox 3391 5435 3452 5492; x_wconf 88' lang='lat' dir='ltr'>Si</span> <span class='ocrx_word' id='word_1_971' title='bbox 3497 5450 3630 5492; x_wconf 89' lang='lat' dir='ltr'>vero</span> <span class='ocrx_word' id='word_1_972' title='bbox 3677 5435 3768 5491; x_wconf 83' lang='lat' dir='ltr'>in-</span> 
     </span>
    </p>
   </div>
   <div class='ocr_carea' id='block_1_118' title="bbox 2116 5523 3768 5596">
    <p class='ocr_par' dir='ltr' id='par_1_118' title="bbox 2116 5523 3768 5596">
     <span class='ocr_line' id='line_1_118' title="bbox 2116 5523 3768 5596; baseline 0.002 -19"><span class='ocrx_word' id='word_1_973' title='bbox 2116 5523 2445 5595; x_wconf 66' lang='lat' dir='ltr'>terrOgeris,</span> <span class='ocrx_word' id='word_1_974' title='bbox 2479 5528 2621 5596; x_wconf 90' lang='lat' dir='ltr'>quot</span> <span class='ocrx_word' id='word_1_975' title='bbox 2648 5523 2768 5580; x_wconf 90' lang='lat' dir='ltr'>sint</span> <span class='ocrx_word' id='word_1_976' title='bbox 2796 5540 3058 5595; x_wconf 73' lang='lat' dir='ltr'>personae</span> <span class='ocrx_word' id='word_1_977' title='bbox 3089 5524 3320 5582; x_wconf 64' lang='lat' dir='ltr'>animas:</span> <span class='ocrx_word' id='word_1_978' title='bbox 3355 5523 3627 5583; x_wconf 86' lang='lat' dir='ltr'>convenit</span> <span class='ocrx_word' id='word_1_979' title='bbox 3677 5539 3768 5580; x_wconf 83' lang='lat' dir='ltr'>re-</span> 
     </span>
    </p>
   </div>
   <div class='ocr_carea' id='block_1_119' title="bbox 3406 5865 3486 5929">
    <p class='ocr_par' dir='ltr' id='par_1_119' title="bbox 3406 5865 3486 5929">
     <span class='ocr_line' id='line_1_119' title="bbox 3406 5865 3486 5929; baseline 0.025 -2"><span class='ocrx_word' id='word_1_980' title='bbox 3406 5865 3486 5929; x_wconf 71' lang='grc'>35</span> 
     </span>
    </p>
   </div>
  </div>
