4148 6362
354 394 476 454 7Ἶ9

1559 395 1624 456 S.
1673 391 2195 455 ATHANASIUS.
2231 425 2310 437 —
2334 392 2600 457 DUBIA.

3663 393 3789 460 780

359 524 668 597 spondere,
711 527 865 598 quod
898 529 1053 582 tres:
1087 525 1365 598 quoniam
1399 526 1616 592 anima,
1651 526 1798 581 ratio
1820 529 1876 581 et
1897 525 2012 596 spi-

2129 517 2401 597 πρόσωπά
2458 523 2557 579 είσι
2613 530 2716 594 τῆς
2773 527 3006 600 ψυχῆς;
3066 523 3293 600 ἁρμόζει
3337 520 3641 592 ἵνἐῗποις,
3702 524 3787 580 ὅτι

363 619 534 684 ritus,
569 632 686 670 una
719 616 937 681 anima,
971 621 1028 670 et
1059 633 1317 688 personas
1347 620 1486 671 tres.
1523 617 1592 670 Et
1639 621 1732 670 est
1775 614 2010 684 quidem

361 703 557 758 anima
586 705 779 775 imago
808 704 1038 760 Patris:
1074 705 1222 759 ratio
1253 705 1482 770 animae,
1535 705 1732 775 imago
1781 703 1908 756 Filii
1958 707 2016 758 et

361 793 532 847 Verbi
565 793 704 848 Dei:
739 794 984 864 spiritus
1045 810 1178 848 vero
1235 795 1465 864 animai,
1521 810 1715 862 imago
1761 793 2016 864 Spiritus

365 882 574 936 sancti.
606 883 1112 947 Quemadmodum
1147 884 1300 938 enim
1336 882 1834 952 animaingenita,
1860 882 1940 935 ita
1960 886 2017 936 et

365 971 518 1026 Deus
548 976 605 1026 et
636 971 805 1026 Pater
833 971 1174 1043 ingenitus:
1212 976 1269 1026 et
1317 972 1816 1042 quemadmodum
1870 971 2016 1024 ratio

363 1059 560 1130 genita
589 1060 661 1114 ab
693 1059 911 1124 anima,
946 1061 1024 1114 ita
1055 1070 1109 1115 et
1143 1060 1391 1116 Verbum
1427 1059 1523 1113 Dei
1556 1065 1756 1128 natum
1791 1076 1854 1114 ex
1907 1059 2016 1113 Pa-

365 1154 483 1204 tre:
504 1153 561 1204 et
577 1149 731 1204 sicut
778 1149 1018 1219 spiritus
1044 1150 1303 1221 procedit
1328 1150 1400 1204 ab
1442 1149 1660 1216 anima,
1689 1149 1769 1202 ita
1798 1154 1856 1203 et
1883 1147 2015 1219 Spi-

362 1237 512 1294 ritus
543 1243 782 1294 sanctus
815 1237 1074 1310 procedit
1104 1256 1137 1292 a
1170 1238 1353 1294 Patre.
1389 1239 1576 1303 Quare
1607 1238 1702 1292 die
1731 1236 1842 1292 ita:
1875 1236 2016 1290 Ani-

362 1342 481 1396 ma,
515 1325 660 1382 ratio
691 1332 748 1381 et
777 1327 1040 1398 spiritus,
1075 1328 1274 1382 anima
1299 1344 1434 1391 una,
1466 1331 1524 1381 et
1555 1343 1669 1382 non
1692 1329 1828 1382 tres.
1859 1327 2015 1381 Inse-

362 1415 651 1487 parabilis
682 1415 838 1470 enim
874 1415 1019 1471 ratio
1052 1421 1110 1471 et
1156 1415 1403 1488 spiritus
1455 1415 1528 1472 ab
1573 1415 1790 1471 anima.
1843 1415 2017 1470 Simi-

360 1503 495 1560 liter
522 1504 710 1572 Pater,
753 1509 810 1560 et
866 1505 1048 1560 Filius
1107 1506 1228 1560 sive
1288 1505 1564 1572 Verbum,
1618 1511 1676 1560 et
1734 1505 2014 1576 Spiritus.

363 1610 521 1650 unus
549 1593 704 1650 Deus
735 1598 793 1650 et
821 1611 936 1648 non
971 1602 1126 1662 tres;
1182 1593 1574 1667 inseparabile
1605 1593 1820 1665 quippe
1879 1592 2017 1647 Ver-

364 1684 509 1740 bum
540 1691 595 1741 et
624 1684 882 1757 Spiritus
911 1684 1145 1740 divinus
1171 1701 1205 1739 a
1238 1683 1424 1740 Patre.
1450 1685 1518 1738 Et
1551 1686 1705 1740 sicut
1748 1683 2019 1740 invisibi-

365 1772 440 1830 lis
469 1778 558 1830 est
587 1775 807 1844 anima,
831 1774 912 1828 ita
934 1774 1249 1830 invisibilis
1281 1774 1458 1829 etiam
1499 1778 1590 1829 est
1629 1774 1803 1830 Deus.
1838 1774 1905 1828 Et
1935 1773 2019 1828 sic

368 1878 504 1919 cum
536 1863 775 1919 dubitas
806 1863 864 1918 in
899 1867 1095 1919 mente
1126 1868 1249 1930 tua,
1281 1867 1338 1918 et
1381 1863 1549 1928 dicis,
1603 1863 1896 1933 quomodo
1942 1861 2020 1918 sit

368 1955 520 2008 Deus
540 1969 716 2022 unus,
766 1957 823 2007 et
869 1951 1047 2008 simul
1079 1957 1309 2008 constet
1340 1952 1530 2006 tribus
1563 1953 2014 2024 hypostasibus;

368 2041 676 2097 considera
703 2042 960 2097 animam
993 2046 1179 2111 tuam,
1211 2047 1268 2096 et
1298 2042 1389 2096 dic
1422 2059 1434 2096 :
1467 2041 1628 2096 Sicut
1660 2041 1857 2096 anima
1889 2058 2019 2097 mea

368 2146 485 2186 una
517 2134 625 2200 est,
659 2131 756 2186 sed
791 2134 1019 2185 constat
1066 2130 1256 2186 tribus
1305 2129 1745 2202 hypostasibus,
1797 2131 2017 2197 anima,

364 2220 612 2290 ratione,
646 2225 702 2274 et
730 2219 968 2291 spiritu:
1001 2219 1082 2274 ita
1112 2220 1267 2275 Deus
1298 2237 1452 2275 unus
1483 2227 1590 2286 est,
1625 2221 1724 2275 sed
1787 2224 2018 2275 constat

364 2309 557 2364 tribus
583 2309 1023 2381 bypostasibus,
1053 2313 1243 2377 Patre,
1267 2313 1323 2362 et
1346 2308 1508 2375 Filio,
1528 2313 1585 2364 et
1623 2309 1844 2379 Spiritu
1881 2326 2014 2364 san-

362 2401 477 2454 cto.
510 2399 578 2452 Et
607 2399 701 2452 dic
728 2399 881 2468 apud
917 2398 1179 2452 animum
1204 2402 1394 2466 tuum,
1425 2398 1574 2467 quod
1601 2396 1650 2452 si
1671 2398 1870 2452 anima
1891 2398 2014 2469 Opi-

364 2485 578 2543 ﬁcium
607 2485 1004 2552 Dei,similiter
1029 2491 1085 2540 et
1103 2486 1212 2555 sol,
1236 2493 1468 2542 constat
1487 2487 1676 2542 tribus
1697 2487 2019 2558 hypostasio

365 2577 502 2642 bus,
535 2581 746 2631 natura
774 2579 967 2631 autem
1001 2592 1205 2630 eorum
1241 2592 1376 2643 una,
1411 2581 1626 2646 quanto
1651 2577 1840 2647 magis
1866 2582 2018 2630 Deus

367 2665 555 2721 factor
584 2664 821 2720 illorum
851 2664 862 2718 l
898 2664 1102 2720 Nonne
1133 2665 1189 2719 in
1221 2665 1405 2720 Deum
1437 2664 1593 2720 cadit
1633 2671 1699 2720 ut
1746 2665 1820 2720 sit
1866 2683 2018 2722 unus

369 2759 606 2822 natura,
627 2759 686 2809 et
708 2755 899 2810 tribus
920 2754 1183 2826 personis
1205 2759 1434 2810 constet
1457 2754 1485 2808 ’ἲ
1521 2755 1639 2809 imo
1669 2755 1726 2810 id
1764 2755 1822 2810 in
1851 2755 2016 2811 illum

367 2844 543 2900 cadit.
575 2844 1086 2908 Quemadmodum
1116 2843 1274 2898 enim
1306 2843 1524 2911 anima,
1559 2845 1708 2900 ratio
1737 2849 1795 2900 et
1838 2845 2016 2915 spiri-

363 2937 464 2991 tus
491 2939 611 2990 tres
641 2937 782 2990 sunt
828 2949 1110 3005 persona,
1159 2937 1217 2988 et
1273 2949 1390 2988 una
1435 2938 1645 2989 natura
1688 2933 1920 3005 animae,
1960 2938 2016 2989 et

363 3037 482 3078 non
508 3024 628 3077 tres
656 3020 1011 3078 animaazita
1048 3020 1235 3092 Pater,
1286 3025 1344 3076 et
1390 3020 1594 3088 Filius,
1647 3027 1704 3076 et
1758 3023 2014 3094 Spiritus

363 3119 622 3178 sanctus,
657 3114 778 3167 tres
823 3127 1110 3182 personae,
1163 3116 1222 3166 et
1267 3127 1424 3166 unus
1475 3116 1687 3166 natura
1731 3111 1908 3178 Deus,
1960 3116 2017 3167 et

361 3216 479 3256 non
509 3205 628 3256 tres
661 3200 772 3256 Dii.
809 3199 893 3256 Ita
923 3199 973 3256 si
1022 3217 1257 3272 semper
1288 3199 1674 3269 ratiocineris,
1708 3217 1822 3256 non
1857 3201 2013 3258 blas-

362 3288 670 3362 phemabis
702 3290 762 3345 in
795 3293 1061 3345 sanctam
1093 3288 1464 3345 Trinitatem.

441 3577 552 3634 Sed
572 3577 698 3649 jam
723 3580 781 3632 et
805 3575 976 3631 aliam
1001 3574 1449 3632 similitudinem
1473 3576 1572 3632 Dei
1596 3576 1754 3643 audi,
1787 3577 2012 3634 dilecte.

369 3665 514 3723 Ecce
541 3665 694 3738 ignis
716 3682 870 3721 unus
901 3669 1008 3733 est,
1035 3665 1135 3720 sed
1158 3681 1227 3720 ex
1252 3663 1442 3721 tribus
1487 3671 1717 3722 constat
1741 3665 2017 3739 hyposta-

369 3755 556 3813 sibus.
592 3756 720 3827 Ipse
748 3755 904 3810 enim
939 3771 1092 3810 unus
1123 3759 1213 3810 est
1248 3755 1551 3825 subjectus
1583 3756 1758 3828 ignis,
1812 3756 2018 3812 urendi

367 3849 564 3902 autem
597 3844 684 3900 vis
715 3849 804 3900 est
835 3843 951 3900 alia
1009 3861 1299 3916 persona:
1350 3850 1407 3900 et
1451 3846 1540 3900 vis
1591 3845 1823 3902 lucendi
1877 3847 2016 3901 item

365 3933 481 3990 alia
512 3949 781 4006 persona.
815 3936 955 3988 Ecce
985 3948 1123 4005 ergo
1152 3936 1273 3987 tres
1305 3948 1568 4004 personas
1615 3932 1792 3988 unius
1840 3931 2016 4004 ignis,

365 4022 589 4078 scilicet
619 4022 918 4094 subjectus
948 4021 1123 4094 ignis,
1165 4022 1254 4078 vis
1285 4022 1519 4090 urendi,
1555 4027 1612 4077 et
1643 4022 1877 4078 lucendi
1911 4023 2014 4078 vis.

363 4111 491 4170 Una
521 4117 715 4169 autem
749 4117 839 4168 est
863 4123 1073 4168 natura
1101 4112 1280 4184 ignis,
1309 4117 1364 4169 et
1395 4130 1510 4168 non
1542 4117 1660 4169 tres
1687 4129 1699 4169 :
1747 4112 2020 4169 similiter

360 4202 627 4258 etiamin
660 4201 796 4258 Deo.
830 4202 1001 4258 Pater
1056 4202 1212 4256 enim
1266 4206 1356 4258 est
1405 4203 1558 4258 283
1608 4203 1784 4276 ignis,
1836 4202 2017 4258 Filius

362 4295 453 4348 est
487 4292 692 4347 urendi
726 4291 842 4356 vis,
873 4296 930 4346 et
961 4290 1217 4362 Spiritus
1248 4297 1490 4348 sanctus
1523 4297 1611 4348 est
1657 4292 1744 4347 vis
1794 4291 2014 4345 illumi-

364 4397 533 4436 nans.
570 4382 637 4436 Et
665 4381 1164 4452 quemadmodum
1195 4379 1256 4435 in
1306 4382 1461 4452 igne.
1503 4381 1699 4452 ignem
1750 4386 2014 4436 urentem

362 4474 419 4526 et
449 4471 763 4538 lucentem,
797 4474 856 4526 et
883 4469 1080 4542 ipsum
1112 4470 1468 4540 subjectum,
1500 4470 1698 4542 ignem
1723 4485 1903 4526 unum
1927 4469 2016 4524 di-

363 4559 576 4628 cimus,
605 4563 664 4615 et
693 4577 809 4614 non
841 4563 958 4614 tres
984 4575 997 4615 :
1033 4559 1114 4614 ita
1143 4559 1318 4615 etiam
1352 4559 1410 4614 in
1447 4561 1557 4615 Deo
1585 4565 1704 4616 tres
1735 4575 2015 4631 personas

2122 614 2267 683 τρία·
2303 610 2491 681 ἐπειδὴ
2547 615 2725 687 ψυχὴ,
2779 612 2949 689 λόγος
2996 612 3088 668 καὶ
3137 614 3303 682 πνοὴ,
3349 612 3447 686 μία
3485 614 3663 690 ψυχὴ,
3699 615 3787 669 xui

2125 701 2394 774 πρόσωπα
2421 702 2566 776 τρία.
2630 702 2726 756 Καὶ
2770 699 2880 756 ἔστι
2933 701 3028 774 μὲν
3078 703 3114 771 ἡ
3165 703 3321 777 ψυχὴ
3358 700 3432 763 είς
3462 701 3632 757 τῦπον
3688 707 3789 758 τοῦ

2127 789 2359 865 Πατρός·
2396 791 2423 844 6
2456 787 2514 844 δὲ
2571 788 2738 865 λόγος
2783 798 2882 860 τῆς
2939 794 3126 868 ψυχῆς
3178 791 3254 853 εἷς
3301 791 3469 846 τόπον
3517 795 3614 846 τοῦ
3656 793 3787 846 Υἱοῦ

2124 879 2215 933 xui
2251 879 2431 954 Λόγου
2461 884 2557 933 τοῦ
2589 884 2741 934 Θεοῦ·
2779 883 2813 949 ἡ
2849 878 2906 934 δὲ
2931 882 3066 950 πνοή
3099 887 3200 950 τῆς
3250 883 3438 956 ψυχῆς
3489 879 3567 942 είς
3611 880 3784 936 τόπον

2124 971 2220 1020 τοῦ
2277 968 2433 1041 ἁγίου
2495 967 2828 1039 Πνεόματος.
2886 969 2974 1030 Ὧς
3028 970 3131 1043 γὰρ
3175 971 3209 1038 ἡ
3259 970 3414 1044 ψυχὴ
3464 969 3783 1044 ἀγέννητος,

2128 1054 2272 1109 οὓτω
2328 1057 2419 1110 xui
2477 1058 2505 1110 6
2564 1057 2692 1118 Θεὸς
2750 1057 2840 1112 xui
2891 1058 3077 1132 Πατὴρ
3129 1059 3409 1134 ἆγὲννητο·
3459 1059 3549 1112 καὶ
3599 1058 3784 1134 ὥσπερ

2127 1144 2156 1197 6
2189 1144 2354 1219 Λόγος
2382 1146 2634 1220 γεννητὸς
2667 1147 2774 1201 ἀπὸ
2803 1153 2903 1216 τῆς
2933 1150 3142 1223 ψυχῆς,
3191 1146 3334 1202 οὕτω
3382 1147 3472 1202 xui
3523 1149 3550 1202 6
3607 1149 3785 1224 Λόγος

2124 1239 2221 1288 τοῦ
2253 1239 2388 1290 Θεοῦ
2435 1237 2690 1311 γεννητὸς
2738 1236 2844 1290 ἀπὸ
2890 1240 2988 1290 τοῦ
3038 1235 3272 1310 Πατρός·
3325 1239 3415 1292 καὶ
3462 1237 3707 1311 καθάπερ
3748 1242 3781 1309 ἠ

2126 1325 2267 1392 πνοή
2346 1323 2644 1399 ἐκπορευτή
2724 1326 2830 1380 ἀπὸ
2906 1333 3006 1394 τῆς
3084 1329 3294 1402 ψυχῆς,
3371 1326 3516 1382 οὕτω
3573 1327 3663 1382 καὶ
3723 1329 3787 1383 τὸ

2129 1418 2348 1487 Πνεῦμα
2391 1415 2456 1469 τὸ
2506 1415 2656 1490 ἅγιον
2709 1413 3031 1488 ἐκπορευτὸν
3051 1415 3190 1484 ⁸ἀπὸ
3249 1420 3347 1471 τοῦ
3403 1415 3636 1488 Πατρός.
3689 1418 3786 1472 Καὶ

2128 1503 2275 1556 εἷπον
2319 1499 2483 1556 οὕτω·
2541 1504 2732 1577 Ψυχὴ,
2782 1502 2948 1577 λόγος
2996 1503 3085 1558 xui
3126 1506 3291 1573 πνοὴ,
3328 1504 3425 1577 μία
3455 1507 3636 1581 ψυχὴ,
3691 1507 3786 1562 xui

2129 1589 2190 1644 οὐ
2224 1596 2388 1664 τρεῖς·
2450 1591 2764 1666 ἀχώριστος
2822 1597 2925 1666 γὰρ
2986 1594 3014 1646 6
3075 1592 3243 1667 λόγος
3292 1593 3384 1649 xui
3435 1597 3468 1664 ἡ
3502 1597 3645 1664 πνοή
3681 1597 3787 1652 ἀπὸ

2127 1685 2224 1748 τῆς
2254 1682 2457 1754 ψυχῆς.
2519 1679 2761 1751 Ὁμοίως
2821 1682 3030 1756 Πατὴρ,
3080 1682 3170 1736 xui
3223 1682 3366 1753 Υἱὸς,
3415 1681 3542 1752 ἤτοι
3586 1685 3784 1761 Λόγος,

2127 1767 2216 1822 xui
2251 1773 2485 1842 Πνεῦμα,
2539 1771 2614 1831 εἴς
2671 1770 2824 1839 Θεὸς,
2879 1772 2971 1824 xui
3021 1770 3084 1826 οὐ
3131 1777 3297 1848 τρεῖς·
3335 1772 3646 1848 ἀχώριστος
3677 1777 3783 1852 γὰρ

2129 1859 2156 1912 6
2184 1853 2358 1933 Λόγος
2388 1859 2476 1913 καὶ
2535 1859 2598 1912 τὸ
2648 1863 2865 1932 Πνεῦμα
2911 1861 2973 1914 τὸ
3025 1862 3168 1915 θεῖον
3201 1860 3260 1915 ἐκ
3287 1866 3384 1916 τοῦ
3416 1863 3649 1938 Πατρός.
3682 1865 3785 1918 Καὶ

2126 1948 2362 2022 καθάπερ
2396 1948 2624 2024 ἀόρατος
2658 1950 2692 2016 ἡ
2723 1949 2900 2024 ψυχὴ,
2951 1949 3125 2012 οὕτως
3155 1949 3387 2026 ἀόρατος
3432 1951 3520 2006 xui
3551 1953 3579 2006 6
3630 1953 3784 2016 Θεός.

2129 2036 2226 2093 Kui
2259 2036 2432 2098 οὕτως
2465 2035 2590 2091 ὅταν
2622 2035 2888 2106 διατάξεις
2919 2037 2971 2092 ἐν
3003 2043 3080 2111 τῷ
3129 2037 3214 2094 νοΐ
3265 2061 3383 2114 σου,
3432 2041 3523 2096 xui
3576 2041 3784 2117 λὲγεις,

2127 2129 2242 2187 πῶς
2275 2124 2350 2179 ἔνι
2392 2127 2419 2180 6
2451 2127 2580 2188 Θεὸς
2615 2125 2711 2195 εἶς,
2754 2128 2844 2181 xui
2873 2123 2928 2181 ἓν
2978 2127 3067 2182 xui
3113 2124 3581 2204 τριωπὸστατος;
3632 2131 3786 2196 ἐνθυ-

2131 2216 2236 2283 μοῦ
2281 2219 2382 2280 τῆς
2432 2215 2617 2287 ψυχῆς
2665 2234 2782 2284 σου,
2832 2213 2923 2268 xui
2973 2213 3116 2290 λὲγε.
3159 2218 3363 2294 Ὥσπερ
3394 2219 3428 2286 ἡ
3464 2220 3619 2294 ψυχή
3680 2241 3787 2293 μου

2131 2302 2228 2375 μία
2258 2301 2421 2369 ἐστὶν,
2455 2300 2600 2357 ἀλλᾶ
2631 2303 2720 2357 xui
2750 2305 3194 2379 τρισυπόστατος,
3232 2308 3412 2382 ψυχὴ,
3447 2306 3640 2382 λόγος,
3691 2310 3784 2366 xui

2127 2395 2287 2462 πνοή·
2322 2393 2464 2448 οὕτω
2495 2395 2583 2448 xui
2615 2395 2642 2448 6
2675 2394 2802 2456 Θεὸς
2836 2395 2909 2456 ε’ίς
2951 2394 3114 2464 ἐστιν,
3161 2395 3286 2452 ἀλλ’
3335 2394 3447 2452 ἔστι
3497 2399 3588 2454 xui
3636 2421 3786 2474 τρισ-

2127 2482 2446 2552 υπόστατος,
2503 2484 2710 2556 Πατήρ,
2773 2483 2971 2560 Λόγος,
3023 2485 3111 2540 xui
3162 2490 3381 2559 Πνεῦμα
3443 2490 3619 2563 ἅγιον.
3683 2490 3786 2546 Καὶ

2129 2572 2251 2648 λὲγε
2282 2573 2332 2628 ὲν
2365 2578 2443 2644 τῷ
2491 2575 2578 2628 vo'i‘
2619 2594 2738 2641 σου,
2789 2574 2895 2647 ὅτι,
2946 2575 3034 2630 ἐὰν
3066 2578 3100 2645 ἡ
3135 2578 3315 2652 ψυχὴ,
3346 2579 3408 2632 τὸ
3436 2579 3656 2653 ποίημα
3685 2586 3782 2636 τοῦ

2127 2667 2260 2717 Θεοῦ
2310 2663 2516 2736 ὁμοίως
2565 2663 2654 2718 xui
2704 2663 2732 2718 6
2779 2661 2966 2733 ἥλιος,
3019 2664 3129 2720 ἐστὶ
3171 2667 3625 2742 τρισυπόστατος,
3657 2673 3691 2740 ὴ
3726 2667 3784 2725 δὲ

2127 2751 2282 2829 φύσις
2333 2751 2506 2806 αὐτῶν
2563 2751 2677 2824 μία·
2727 2751 2882 2825 πόσῳ
2950 2752 3164 2826 μᾶλλον
3214 2755 3242 2809 6
3288 2757 3419 2818 Θεὸς
3468 2758 3497 2812 6
3542 2760 3779 2828 ποιητὴς

2123 2841 2368 2897 τούτωνί
2426 2841 2540 2898 Οὐκ
2589 2839 2862 2917 ἕνδὲχεται
2911 2843 2973 2897 τὸ
3018 2843 3151 2898 εἶναι
3204 2845 3399 2918 οὕτως,
3453 2846 3589 2901 ὥστε
3639 2847 3771 2901 εἶναι

2125 2927 2284 2983 αὐτὸν
2333 2925 2426 2984 ἕνα
2481 2932 2549 3002 τῇ
2597 2929 2774 3006 φύσει,
2828 2929 2918 2984 xui
2975 2930 3393 3005 τρισυπόστατον
3438 2937 3552 2994 τοῖς
3599 2952 3770 3008 προσ-

2127 3019 2336 3086 ώποις;
2369 3017 2458 3072 xui
2489 3016 2713 3088 ἀληθῶς
2747 3015 3042 3094 ἇνδὲχεται.
3093 3020 3181 3082 Ὠς
3228 3021 3327 3095 γὰρ
3376 3022 3553 3096 ψυχὴ,
3600 3020 3774 3097 λόγος

2123 3105 2212 3161 καὶ
2244 3107 2386 3175 πνοὴ
2417 3106 2541 3183 τρία
2569 3107 2858 3182 πρόσωπα,
2890 3108 2979 3163 xui
3017 3108 3110 3182 μία
3142 3109 3298 3187 φύσις
3329 3113 3536 3186 ψυχῆς,
3584 3109 3676 3165 xui
3711 3110 3776 3167 οὐ

2124 3201 2268 3270 τρεῖς
2315 3195 2510 3272 ψυχαί·
2563 3196 2706 3251 οὕτω
2755 3198 2960 3273 Πατήρ,
3014 3197 3191 3274 Λόγος
3240 3198 3329 3254 xui
3361 3203 3578 3273 Πνεῦμα
3607 3200 3786 3276 ἅγιον,

2045 3274 2087 3341 C
2124 3284 2249 3362 τρία
2307 3285 2594 3361 πρόσωπα,
2653 3285 2742 3340 xui
2801 3287 2875 3349 εἷς
2922 3290 2991 3361 τῇ
3042 3288 3191 3364 φύσει
3238 3288 3393 3356 Θεὸς,
3426 3289 3518 3343 xui
3549 3287 3609 3343 οὗ
3639 3274 3787 3366 τρεῖς

2127 3374 2258 3439 θεοί.
2293 3373 2481 3437 Οὕτως
2511 3375 2596 3430 ἐὰν
2627 3373 2926 3452 συλλογίζῃ
2955 3376 3204 3450 πάντοτε,
3237 3377 3300 3433 οὐ
3337 3379 3414 3454 μὴ
3451 3376 3785 3456 βλασφημή-

2127 3485 2220 3539 σῃς
2253 3463 2340 3519 ἐπὶ
2368 3467 2466 3534 τῆς
2498 3463 2654 3540 ἁγίας
2686 3463 2940 3539 Τριάδος.

2199 3569 2372 3627 Ἀλλᾶ
2400 3570 2585 3644 ἀκμῆτι
2613 3570 2701 3626 xui
2736 3568 2912 3642 ἄλλην
2947 3571 3124 3628 εἰκόνα
3163 3577 3295 3629 Θεοῦ
3345 3575 3601 3646 ἄκουσον,
3652 3575 3782 3651 ἀγα-

2126 3659 2284 3731 πητέ.
2321 3657 2460 3715 Ἰδοὺ
2489 3661 2551 3715 τὸ
2611 3665 2717 3737 πῦρ
2767 3657 2821 3715 ἓν
2869 3661 3004 3732 ἐστι,
3052 3661 3241 3726 ἄλλως
3288 3664 3380 3719 xui
3411 3665 3782 3742 τρισυπόστα-

2125 3771 2237 3805 τον.
2300 3749 2442 3804 Αὐτὸ
2501 3750 2602 3825 γὰρ
2649 3749 2704 3805 ἓν
2766 3750 2876 3806 ἐστι
2929 3752 2990 3806 τὸ
3039 3751 3394 3827 ὑποκείμενον
3444 3758 3574 3827 πῦρ,
3628 3756 3690 3808 τὸ
3724 3753 3782 3810 δὲ

2126 3839 2411 3894 καυστικὸν
2472 3839 2634 3894 αὐτοῦ
2680 3835 2863 3917 ἕτερον
2913 3841 3231 3916 πρόσωπον,
3279 3843 3369 3898 xui
3412 3843 3474 3898 τὸ
3516 3865 3784 3922 φωτιστι-

2127 3929 2220 3984 x6v
2253 3927 2417 3984 αὐτοῦ
2450 3926 2590 3983 ἄλλο
2642 3929 2957 4004 πρόσωπον.
3007 3928 3144 3987 Ἰδοὺ
3194 3930 3388 3987 λοιπὸν
3438 3932 3561 4010 τρία
3613 3933 3784 4008 πρόσ-

2128 4040 2250 4074 ωπα
2305 4023 2402 4073 τοῦ
2461 4018 2577 4080 ἑνὸς
2641 4019 2834 4095 πυρὸς,
2903 4016 3069 4096 ἤγουν
3119 4020 3181 4076 τὸ
3235 4019 3588 4094 ὑποχείμειον
3648 4027 3780 4099 πῦρ,

2127 4107 2216 4164 xui
2273 4109 2334 4164 τὸ
2381 4107 2691 4176 καυστικὸν,
2745 4107 2835 4161 xui
2899 4109 2955 4162 τὸ
3008 4108 3356 4186 φωτιστικόν·
3413 4109 3507 4184 μία
3540 4108 3595 4165 δὲ
3625 4110 3782 4189 φύσις

2125 4204 2220 4253 τοῦ
2252 4198 2444 4272 πυρὸς,
2478 4197 2566 4252 xui
2600 4196 2660 4251 οὐ
2690 4203 2858 4273 τρεῖς,
2909 4199 3150 4270 Ὁμοίως
3201 4199 3290 4255 xui
3343 4197 3431 4254 ἐπὶ
3475 4203 3573 4254 τοῦ
3622 4203 3778 4254 Θεοῦ·

2127 4291 2155 4344 6
2186 4289 2290 4363 γὰρ
2347 4288 2532 4360 Πατὴρ
2589 4283 2669 4341 ἔνι
2718 4288 2780 4342 τὸ
2828 4291 2956 4364 πῦρ,
3004 4288 3032 4342 6
3063 4289 3184 4352 Υἱὸς
3234 4289 3296 4344 τὸ
3325 4290 3632 4358 καυστικὸν,
3688 4288 3784 4344 xui

2123 4379 2186 4432 τὸ
2221 4381 2436 4449 Πνεῦμα
2463 4377 2526 4430 τὸ
2559 4377 2712 4450 ἅγιον
2743 4371 2821 4430 ἔνι
2849 4396 2912 4452 το
2945 4377 3292 4454 φωτιστικόν.
3346 4377 3444 4432 Καὶ
3479 4378 3660 4452 ὥσπερ
3691 4377 3786 4432 ἐπὶ

2123 4471 2221 4522 τοῦ
2251 4466 2444 4539 πυρὸς,
2478 4465 2538 4520 τὸ
2570 4470 2698 4541 πῦρ,
2729 4465 2790 4521 τὸ
2838 4466 3149 4534 καυστικὸν,
3183 4468 3271 4522 καὶ
3319 4467 3381 4523 τὸ
3431 4466 3783 4546 φωτιστικὸν,

2125 4554 2214 4612 xui
2265 4555 2394 4610 αὐτό
2438 4555 2500 4609 τὸ
2551 4553 2907 4629 ὑποκείμενον
2956 4560 3086 4631 πῦρ,
3150 4553 3205 4610 ἓν
3254 4554 3512 4633 λέγομεν,
3569 4557 3657 4613 καὶ
3719 4557 3786 4613 οὐ

364 4649 612 4713 Patrem,
647 4653 704 4704 et
755 4647 986 4714 Filium,
1049 4653 1106 4704 et
1152 4649 1436 4721 Spiritum
1489 4653 1783 4716 sanctum,
1833 4648 2015 4704 Deum

2129 4646 2265 4719 τρία·
2301 4645 2442 4700 οὕτω
2501 4643 2733 4718 λὲγομεν
2783 4645 2872 4700 xui
2917 4644 3005 4700 ἐπὶ
3052 4649 3149 4700 τοῦ
3197 4651 3330 4701 Θεοῦ
3358 4647 3426 4701 τὰ
3453 4645 3578 4722 τρία
3609 4645 3788 4718 πρόσο

363 4753 548 4794 unum
579 4736 852 4804 dicimus,
884 4741 942 4794 et
972 4754 1086 4794 non
1117 4743 1258 4793 tres;
1291 4738 1358 4793 Et
1391 4739 1546 4810 quod
1579 4738 1819 4809 quidem
1846 4754 2014 4810 spec-

359 4831 446 4882 tat
474 4827 868 4900 cognitionem
919 4832 1134 4884 sanctae
1179 4827 1485 4883 Trinitatis
1544 4827 1664 4883 haec
1713 4828 2019 4884 sufﬁciant

359 4916 640 4974 credenti.

427 5111 647 5170 Verum
674 5113 812 5169 audi
844 5118 902 5170 et
931 5113 1093 5169 aliud
1146 5117 1422 5186 praeterea
1453 5114 1818 5188 mysterium.
1873 5112 2015 5172 Ver-

358 5201 501 5260 bum
535 5203 797 5259 hominis
829 5203 1124 5276 duplicem
1155 5203 1331 5260 habet
1362 5204 1816 5277 generationem,
1850 5210 1907 5261 et
1955 5206 2014 5261 in

358 5293 587 5348 duabus
620 5292 940 5349 lationibus
971 5299 1321 5365 generatur:
1356 5311 1535 5349 unam
1573 5295 1812 5366 quidem
1844 5293 2015 5351 latio-

357 5397 492 5438 nem
525 5383 702 5438 habet
736 5384 808 5437 ab
841 5384 1062 5454 anima,
1093 5383 1335 5438 alteram
1364 5401 1396 5439 a
1421 5384 1629 5439 labiis:
1667 5390 1723 5440 et
1757 5386 2018 5440 nascitur

357 5472 593 5544 quidem
628 5488 820 5528 sermo
852 5472 1110 5528 hominis
1142 5473 1213 5528 ab
1245 5473 1464 5537 anima,
1485 5491 1617 5528 cum
1643 5475 1776 5546 quis
1800 5474 2017 5546 cogitat

357 5561 579 5633 aliquid
614 5561 806 5618 dicere
836 5578 848 5616 :
883 5563 1156 5634 cogitatio
1189 5563 1343 5618 enim
1379 5563 1563 5634 prima
1597 5563 1895 5634 generatio
1927 5565 2015 5618 di-

355 5649 509 5705 citur
537 5648 722 5717 verbi,
752 5650 890 5722 quia
920 5653 1136 5724 cogitat
1157 5651 1538 5725 pronuntiare
1567 5651 1712 5707 illud
1734 5653 2010 5708 verbum:

356 5754 473 5798 non
498 5737 717 5812 profert
745 5745 939 5796 autem
974 5740 1118 5796 illud
1147 5741 1319 5796 labiis
1351 5758 1362 5810 ;
1397 5741 1499 5796 sed
1519 5746 1713 5798 servat
1739 5758 1874 5798 eum
1899 5758 2016 5798 ser-

2127 4757 2268 4806 ωπα,
2299 4735 2390 4790 τόν
2420 4755 2477 4788 τε
2530 4733 2758 4804 Πατέρα,
2810 4735 2899 4789 xui
2949 4734 3096 4803 I‘i6v,
3138 4735 3228 4790 xui
3258 4737 3320 4790 1:6
3351 4736 3502 4812 ἅγιον
3539 4739 3790 4809 Πνεῦμα,

2126 4828 2253 4882 Θεὸν
2293 4822 2386 4880 ἕνα
2441 4821 2696 4898 λὲγομεν,
2754 4825 2844 4878 xui
2889 4823 2950 4879 οὐ
2997 4829 3182 4900 τρεῖς..
3212 4824 3310 4879 Καὶ
3360 4825 3485 4900 περὶ
3539 4826 3633 4900 μὲν
3680 4829 3786 4896 τῆς

2127 4915 2468 4992 ἐπιγνώσεως
2496 4916 2596 4978 τῆς
2627 4912 2779 4989 ἁγίας
2809 4909 3038 4989 Τριάδος
3069 4913 3300 4990 ἀρκείτω
3329 4913 3498 4970 ταῦτα
3544 4917 3623 4970 τῶ
3656 4934 3787 4969 πισ-

2124 5004 2352 5060 τεύοντι.

2199 5111 2354 5181 Πλὴν
2386 5111 2612 5166 ἄκουσον
2647 5110 2733 5164 xui
2767 5107 2908 5164 ἄλλο
2941 5111 3078 5184 πρὸς
3107 5109 3322 5173 τούτοις
3359 5111 3682 5188 μυστήριον.
3716 5111 3783 5170 “Ο

2126 5203 2292 5277 λόγος
2321 5204 2418 5256 τοῦ
2450 5198 2735 5274 ἀνθρώπου
2767 5195 2968 5268 διπλῆν
3003 5196 3118 5274 ἔχει
3149 5199 3247 5268 τήν
3299 5200 3586 5274 γέννησιν,·
3601 5201 3690 5255 καὶ
3727 5201 3782 5257 ἐν

2126 5289 2244 5348 δυσὶ
2277 5295 2466 5370 φοραῖς
2523 5294 2800 5364 γεννᾶται·
2863 5287 2985 5360 μίαν
3043 5288 3137 5360 μὶν
3185 5287 3353 5366 φορὰν
3397 5295 3642 5365 γεννᾶται
3674 5290 3786 5346 ἀπὸ

2123 5389 2222 5450 τῆς
2254 5384 2460 5455 ψυχῆς,
2495 5376 2675 5453 ἐτὲραν
2706 5375 2762 5432 δὲ
2793 5377 2899 5432 ἀπὸ
2923 5375 3030 5432 τῶν
3073 5374 3332 5453 χειλέων.
3387 5377 3484 5433 Καὶ
3533 5385 3785 5454 γεννᾶται

2129 5471 2224 5544 μὶν
2258 5471 2285 5524 6
2317 5468 2482 5545 λόγος
2511 5471 2608 5522 τοῦ
2641 5467 2927 5545 ανθρώπου
2959 5465 3066 5521 ἀπὸ
3114 5473 3217 5536 τῆς
3259 5467 3468 5544 ψυχῆς,
3514 5467 3640 5523 ὅταν
3696 5467 3789 5523 ἐν-

2127 5561 2348 5633 θυμηθῇ
2380 5577 2464 5619 τις
2496 5555 2663 5611 είπεῖν
2697 5577 2769 5613 τι.
2811 5556 2871 5612 ‘H
2921 5556 3024 5632 γὰρ
3078 5554 3372 5629 ἐνδόμησις
3415 5558 3608 5634 πρώτη
3661 5559 3788 5633 γεν-

2125 5669 2279 5719 νησις
2329 5645 2540 5722 λέγεται
2589 5649 2686 5700 τοῦ
2729 5643 2919 5721 λόγου,
2971 5644 3084 5700 ἐπεὶ
3136 5645 3445 5720 ἐνθυμεῖται
3480 5650 3578 5702 τοῦ
3610 5645 3785 5702 είπεῖν

2125 5737 2327 5792 ἐκεῖνον
2356 5736 2447 5792 τὸν
2482 5729 2744 5812 λόγονοού
2778 5733 2928 5816 λέγει
2959 5731 3016 5791 δὲ
3043 5738 3236 5791 τοῦτον
3269 5732 3356 5792 διὰ
3383 5739 3492 5793 τῶν
3522 5734 3785 5815 χιιλᾶων,
