4148 6380
356 414 473 477 ’181

1677 404 2096 478 ΟΠΙΕΞΤῙΟΝ
2105 405 2193 467 ES
2238 405 2469 468 ALUE.

3665 408 3785 474 782

363 545 480 602 λλά
511 543 773 624 φυλάττει
803 542 896 598 τὸν
956 539 1130 617 λόγον
1192 541 1226 608 ἡ
1286 540 1439 614 ψυχὴ
1501 537 1552 592 ἐν
1611 544 1725 600 τοῖς
1783 537 2001 594 κόλποι‹

2137 555 2370 596 monem
2409 540 2608 596 anima
2638 539 2697 597 in
2728 541 2859 598 sinu
2913 560 3018 599 suo
3050 559 3062 598 :
3095 547 3152 598 et
3199 547 3290 600 est
3336 543 3612 616 cogitatio
3663 543 3784 615 illa,

343 636 532 705 αὐτῆς
568 634 658 690 καὶ
718 629 860 689 ἔστιν
912 634 947 700 ἡ
1004 629 1303 702 ἐνθύμησις
1348 627 1526 699 ἐκείνη
1577 627 1768 704 πρώτη
1818 630 2012 705 γέννη-

336 744 418 786 σις
474 728 571 778 τοῦ
641 721 816 798 λόγου
877 721 983 775 ἀπὸ
1034 725 1134 788 τῆς
1165 721 1370 793 ψυχῆς.
1403 721 1612 790 Ὅμως,
1645 716 1740 771 κᾶν
1774 721 2011 792 γεννηθῇ

333 813 361 867 6
393 811 557 890 λόγος
587 811 694 866 ἀπὸ
724 817 823 880 τῆς
901 812 1119 883 ψυχῆς,
1152 807 1375 879 πρώτην
1432 805 1682 882 γέννησιν
1743 805 1866 860 ὅταν
1929 805 2011 860 ἐν-

337 905 558 976 θυμηθῇ
593 899 750 955 αὐτὸν
783 902 818 969 ἡ
854 897 1046 974 ψυχὴ,
1079 895 1208 952 ἀλλ’
1239 895 1300 950 οὐ
1334 901 1553 973 φανεροῖ
1602 893 1785 963 αὐτὸν,
1829 895 2008 967 ἀκμὴν

338 987 392 1044 δὲ
423 988 902 1068 φυλάττειαύτόν.
939 990 1106 1041 “Οταν
1173 983 1231 1040 δὲ
1289 983 1496 1059 θελήσῃ
1555 989 1651 1038 τοῦ
1710 987 2009 1060 φανερῶσαι

340 1078 430 1134 τὸν
471 1077 662 1154 λόγον,
693 1077 819 1132 τότε
877 1079 1036 1150 γεννᾷ
1083 1071 1242 1128 αὐτὸν
1297 1071 1356 1126 ἐκ
1402 1077 1508 1127 τῶν
1569 1070 1826 1147 χειλέων.
1858 1070 2006 1140 Αὐτὴ

345 1166 464 1239 δὶὴ
500 1168 558 1223 ἐκ
602 1171 708 1222 τῶν
769 1165 1014 1242 χειλέων
1073 1160 1296 1236 δευτέρα
1351 1161 1605 1238 γέννησις
1662 1166 1758 1216 τοῦ
1817 1159 2004 1235 λόγου,

343 1258 479 1326 αὐτὴ
533 1255 758 1336 φανεροὶ
820 1255 912 1310 τὸν
974 1251 1136 1329 λόγον
1193 1252 1244 1305 ἐν
1294 1256 1409 1313 τοῖς
1441 1251 1594 1323 πάσι,
1625 1251 1714 1305 καὶ
1773 1250 1873 1304 οὐκ
1928 1247 2004 1304 ἔτι

345 1346 540 1402 λοιπὸν
571 1348 596 1400 6
631 1345 792 1422 λόγος
846 1343 1055 1421 ἀφανὴς
1105 1340 1347 1416 λέγεται,
1379 1340 1503 1396 ἀλλ’
1536 1339 1802 1418 ἐμφανής.
1837 1341 2002 1396 ’Όταν

347 1432 404 1490 δὲ
434 1438 670 1509 γεννηθῇ
704 1435 731 1488 6
763 1433 930 1508 λόγος
965 1429 1054 1486 διὰ
1082 1435 1188 1485 τῶν
1240 1430 1501 1506 χειλέων,
1534 1429 1655 1484 τότε
1701 1429 1753 1483 oi
1808 1428 2003 1490 πάντες

346 1525 630 1579 ἀκούουσιν
685 1523 866 1592 αὐτὸν,
899 1521 988 1576 καὶ
1033 1520 1261 1599 φανερὸς
1312 1518 1515 1595 γίνεται
1566 1524 1684 1581 τοῖς
1728 1524 1880 1573 πᾶσι·
1914 1515 2003 1572 καί

348 1611 561 1689 λέγεται
594 1611 727 1682 αὕτη
762 1615 796 1681 ἡ
829 1613 1075 1687 γέννησις
1105 1612 1139 1679 ἡ
1176 1607 1264 1663 διὰ
1311 1613 1418 1664 τῶν
1479 1607 1717 1685 χειλέων
1780 1605 2003 1682 δευτέρα

342 1701 588 1778 γέννησις
620 1706 715 1756 τοῦ
747 1700 938 1775 λόγου⁶
975 1699 1113 1754 ὥστε
1145 1696 1240 1753 δύο
1289 1697 1420 1753 εἰσὶν
1472 1699 1527 1752 αἱ
1571 1699 1847 1772 γεννήσεις
1905 1700 2002 1750 τοῦ

348 1789 520 1866 λόγου
551 1794 732 1862 ἡμῶν’
771 1788 869 1863 μία
904 1789 999 1863 μὲν
1036 1788 1096 1844 ἐκ
1142 1791 1241 1852 τῆς
1293 1791 1505 1863 ψυχῆς,
1537 1786 1662 1841 ὅταν
1719 1785 2000 1860 ένθυμηθῇ

342 1877 438 1935 τοῦ
496 1878 735 1949 λαλῆσαι
800 1879 892 1933 τὸν
946 1876 1137 1953 λόγον,
1173 1875 1294 1946 ἥτις
1353 1878 1444 1930 καὶ
1501 1877 1694 1950 πρώτη
1753 1875 2002 1950 γέννησις

347 1967 580 2045 λέγεται·
614 1967 703 2023 καὶ
735 1965 893 2043 ἑτέρα
923 1967 984 2022 ἐκ
1010 1970 1118 2020 τῶν
1171 1964 1430 2042 χειλέων,
1463 1964 1585 2034 ἥτις
1635 1969 1858 2041 φανεροῖ
1911 1964 2002 2018 τὸν

347 2057 514 2133 λόγον
573 2063 734 2112 πᾶσιν
794 2055 1126 2131 ἀνθρώποις,
1157 2053 1278 2124 ἥτις
1335 2054 1424 2109 καὶ
1482 2051 1705 2130 δευτέρα
1758 2053 2003 2129 γέννησις

349 2146 580 2223 λέγεται.
637 2147 888 2210 Μάνθανε
936 2143 1026 2200 οὖν
1079 2139 1336 2220 ἀκριϐῶς,
1392 2143 1497 2211 ὅτι,
1546 2142 1726 2218 ὥσπερ
1777 2141 2004 2217 ὁλόγος

347 2234 444 2291 τοῦ
473 2236 763 2312 ἀνθρώπου
797 2231 891 2288 δύο
923 2235 1202 2309 γεννήσεις
1236 2229 1375 2308 ἔχει,
1415 2232 1543 2306 μίαν
1577 2231 1636 2287 ἐκ
1663 2235 1762 2301 τῆς
1795 2235 2004 2307 ψυχῆς,

345 2325 435 2380 καὶ
467 2323 645 2396 ἄλλην
690 2322 749 2378 ἐκ
797 2328 904 2379 τῶν
964 2321 1222 2400 χειλέων,
1255 2322 1428 2385 οὕτως
1481 2322 1569 2376 καὶ
1632 2322 1660 2375 ὀ
1716 2325 1812 2376 τοῦ
1871 2325 2004 2377 Θεοῦ

347 2410 523 2491 Λὸγος
559 2411 654 2468 δύο
685 2415 962 2488 γεννήσεις
994 2410 1132 2488 ἔχει,
1172 2411 1297 2485 μίαν
1349 2412 1444 2485 μὲν
1490 2410 1550 2465 ἐκ
1595 2415 1692 2466 τοῦ
1742 2415 1875 2466 Θεοῦ
1913 2411 2004 2466 καὶ

351 2503 584 2578 Πατρὸς,
615 2501 737 2571 ἥτις
770 2502 861 2556 καὶ
901 2502 1093 2577 πρώτη
1139 2501 1386 2578 γέννησις
1422 2499 1662 2576 λέγεται·
1696 2499 1787 2556 καὶ
1819 2500 2003 2576 ἑτέραν

349 2591 407 2648 ἐκ
447 2599 546 2662 τῆς
597 2591 816 2668 σαρκὸς,
849 2590 970 2661 ἥτις
1030 2591 1120 2646 καὶ
1181 2588 1403 2667 δευτέρα
1457 2591 1710 2666 γέννησις
1768 2589 2000 2665 λέγεται.

349 2682 452 2739 Καὶ
486 2681 664 2756 ὥσπερ
700 2683 728 2736 6
758 2679 919 2757 λόγος
973 2683 1158 2753 ἡμῶν,
1189 2679 1284 2734 κᾶν
1338 2683 1572 2755 γεννηθῇ
1620 2681 1718 2749 τὴν
1779 2680 2002 2756 πρώτην

341 2773 590 2850 γέννησιν
624 2770 729 2825 ἀπὸ
758 2777 856 2840 τῆς
891 2774 1100 2846 ψυχῆς,
1133 2767 1260 2825 ἀλλ’
1293 2768 1449 2842 ὅμως
1478 2769 1687 2848 ἀφανής
1749 2769 1882 2838 ἐστι,
1914 2769 2005 2824 καὶ

345 2860 406 2916 οὐ
447 2863 791 2938 φανεροῦται,
824 2857 969 2914 ἀλλὰ
1015 2857 1181 2914 πάλιν
1233 2859 1367 2932 μετὰ
1413 2859 1510 2926 τήν
1559 2857 1806 2934 γέννησιν
1857 2858 2003 2932 μένει

347 2950 398 3007 ἐν
431 2955 546 3011 τοῖς
576 2952 834 3024 ψυχικοῖς
866 2946 1116 3008 κόλποις’
1152 2946 1327 3009 οὕτως
1356 2946 1447 3001 καὶ
1484 2947 1512 3001 6
1558 2951 1655 3001 τοῦ
1705 2951 1838 3001 Θεοῦ
1897 2947 2004 3002 Λό-

347 3061 462 3117 γος,
502 3038 597 3094 κᾶν
631 3038 717 3092 καὶ
751 3037 1006 3111 ἐγεννήθη
1057 3037 1164 3110 πρὸ
1212 3041 1318 3090 τῶν
1371 3035 1582 3090 αἰώνων
1631 3035 1691 3090 ἐκ
1733 3041 1827 3090 τοῦ
1872 3041 2004 3091 Θεοῦ

350 3129 441 3184 καὶ
502 3127 730 3202 Πατρὸς,
788 3125 916 3181 ἀλλ’
965 3125 1062 3180 οὐκ
1119 3125 1439 3204 ἐφανεροῦτο
1495 3131 1612 3187 τοῖς
1672 3126 2001 3202 ἀνθρὼποις’

352 3219 622 3294 παρέμενε
652 3213 709 3270 δὲ
739 3213 904 3270 πάλιν
962 3214 1012 3269 ἐν
1067 3219 1184 3276 τοῖς
1239 3213 1470 3275 κόλποις
1525 3219 1641 3276 τοῖς
1693 3222 2001 3289 πατρικοῖς.

2126 629 2316 699 prima
2337 631 2642 702 generatio
2677 632 2834 686 verbi
2871 633 2942 688 ab
2969 633 3186 688 anima.
3210 632 3358 688 Illud
3377 633 3790 701 enim,etiamsi

2124 724 2403 774 nascatur
2457 721 2527 774 ab
2587 720 2805 784 anima,
2883 739 2987 792 per
3059 721 3304 793 primam
3355 722 3788 794 generationem

2125 809 2360 878 quando
2393 809 2610 880 cogitat
2641 809 2786 863 illud
2821 810 3021 864 anima
3055 827 3067 864 :
3102 811 3201 865 sed
3235 827 3349 866 non
3375 813 3591 882 profert
3617 811 3784 881 illud,

2122 897 2221 951 sed
2258 897 2450 952 adhuc
2482 903 2816 952 conservat.
2860 898 3100 961 Quando
3133 903 3324 954 autem
3362 900 3487 954 vult
3532 900 3787 970 proferre

2120 987 2393 1053 verbum,
2445 993 2586 1041 tunc
2653 991 2873 1059 prol'ert
2921 987 3062 1041 illud
3107 985 3281 1041 labiis
3331 1003 3344 1042 :
3397 987 3517 1042 hec
3566 993 3652 1044 est
3696 1005 3788 1044 se-

2118 1076 2312 1130 cunda
2343 1076 2639 1148 generatio
2668 1093 2736 1130 ex
2768 1075 2964 1130 labiis.
3000 1077 3131 1148 Ipsa
3163 1081 3358 1130 autem
3392 1093 3460 1130 ex
3486 1075 3660 1133 labiis
3697 1094 3782 1133 se-

2119 1165 2321 1220 cunda
2354 1166 2654 1236 generatio
2681 1165 2837 1221 verbi
2868 1165 3053 1237 aperit
3082 1166 3321 1220 verbum
3355 1166 3652 1232 omnibus,
3677 1183 3782 1223 nec

2117 1253 2381 1325 amplius
2431 1255 2674 1310 verbum
2750 1255 3069 1310 obscurum
3135 1259 3243 1323 est,
3322 1255 3421 1310 sed
3487 1259 3778 1327 apertum.

2117 1341 2364 1404 Quando
2401 1347 2596 1398 autem
2627 1344 2923 1414 profertur
2973 1343 3216 1398 verbum
3270 1360 3370 1415 per
3420 1342 3595 1408 labia,
3641 1348 3783 1400 tunc

2115 1448 2326 1487 omnes
2355 1433 2608 1487 audiunt
2634 1431 2804 1499 illud,
2837 1437 2894 1488 et
2925 1434 3306 1487 manifestum
3346 1433 3412 1487 ﬁt
3462 1433 3778 1502 omnibus;

2113 1525 2168 1576 et
2199 1521 2320 1576 ham
2351 1522 2644 1592 generatio
2677 1539 2779 1594 per
2807 1519 3211 1592 labia,dicitur
3243 1524 3504 1577 secunda
3535 1539 3777 1594 genera-

2113 1610 2193 1665 tio
2244 1611 2444 1678 verbi;
2498 1612 2640 1666 adeo
2692 1617 2757 1666 ut
2808 1611 2935 1666 duae
2984 1611 3108 1666 sint
3155 1613 3566 1684 generationes
3615 1613 3778 1668 verbi

2114 1698 2297 1754 nostri
2346 1713 2360 1755 :
2435 1716 2551 1755 una
2600 1699 2841 1771 quidem
2886 1699 3118 1770 animae,
3172 1701 3408 1772 quando
3458 1700 3676 1773 cogitat
3706 1702 3776 1756 de

2112 1788 2472 1844 enuntiando
2497 1790 2698 1856 verbo,
2733 1805 2860 1861 quae
2892 1793 2948 1844 et
2978 1790 3172 1860 prima
3202 1788 3502 1861 generatio
3534 1789 3770 1846 dicitur:

2112 1881 2168 1932 et
2200 1876 2382 1932 altera
2402 1893 2469 1932 ex
2501 1877 2828 1949 labiis,quaa
2853 1878 3041 1950 aperit
3063 1878 3305 1934 verbum
3333 1878 3768 1950 omnibus,quas

2115 1969 2173 2021 et
2204 1968 2464 2022 secunda
2493 1966 2790 2039 generatio
2825 1966 3238 2023 dicitur.Disce
3269 1966 3452 2040 igitur
3473 1973 3765 2036 accurate,

2115 2057 2615 2127 quemadmodum
2644 2057 2886 2112 verbum
2920 2056 3178 2112 hominis
3210 2057 3356 2112 duas
3388 2056 3564 2112 habet
3587 2073 3765 2130 gene-

2115 2146 2390 2214 rationes,
2424 2163 2602 2201 unam
2634 2163 2702 2201 ex
2735 2146 2952 2212 anima,
2986 2151 3041 2202 et
3073 2145 3313 2201 alteram
3347 2163 3414 2202 ex
3457 2145 3653 2214 labiis,
3686 2147 3766 2203 ita

2114 2235 2291 2290 etiam
2324 2235 2424 2290 Dei
2455 2235 2712 2292 Verbum
2737 2235 3301 2308 duasgenerationes
3323 2236 3540 2291 habere
3565 2253 3765 2304 ;unam

2114 2325 2348 2396 quidem
2380 2342 2450 2380 ex
2481 2330 2592 2381 Deo
2624 2329 2681 2380 et
2709 2325 3031 2397 Patre,quae
3064 2332 3120 2381 et
3143 2327 3333 2398 prima
3366 2325 3665 2398 generatio
3685 2327 3768 2380 di-

2116 2413 2267 2469 citur
2298 2430 2311 2468 :
2345 2419 2401 2469 et
2426 2414 2668 2470 alteram
2696 2431 2764 2469 ex
2794 2430 2986 2483 carne,
3038 2431 3164 2486 quae
3211 2419 3268 2469 et
3308 2415 3569 2469 secunda
3597 2430 3769 2484 gene-
3834 2402 3836 2406 6

2116 2504 2262 2559 ratio
2294 2503 2528 2558 dicitur.
2569 2505 2634 2558 Et
2661 2504 3163 2575 quemadmodum
3198 2504 3441 2559 verbum
3473 2507 3768 2573 nostrum,

2115 2591 2224 2648 etsi
2264 2598 2469 2647 natum
2525 2594 2603 2647 sit
2650 2593 2978 2647 secundum
3029 2593 3282 2664 primam
3333 2591 3768 2665 generationem

2115 2681 2186 2736 ab
2220 2680 2439 2748 anima,
2470 2679 2763 2737 occultum
2813 2686 3009 2737 tamen
3059 2688 3168 2750 est,
3220 2685 3278 2738 et
3322 2699 3436 2737 non
3488 2682 3768 2753 aperitur,

2115 2771 2215 2826 sed
2244 2775 2376 2842 post
2405 2769 2838 2841 generationem
2873 2775 3069 2826 manet
3089 2772 3148 2825 in
3175 2772 3307 2826 sinu
3335 2771 3544 2827 animaa
3578 2771 3692 2826 :ita
3713 2774 3770 2827 et

2119 2860 2215 2915 Dei
2264 2860 2544 2927 Verbum,
2598 2860 2978 2931 quantumvis
3037 2865 3172 2916 ante
3219 2860 3434 2916 saecula
3493 2878 3524 2916 a
3564 2862 3675 2916 Deo
3708 2865 3766 2917 et

2115 2953 2283 3004 Patre
2314 2955 2517 3004 natum
2549 2949 2648 3018 sit,
2682 2966 2797 3004 non
2830 2954 3026 3004 tamen
3061 2949 3553 3005 manil‘estabatur
3577 2950 3766 3004 homi-
3803 2961 3806 2964 '

2116 3039 2310 3093 nibus.
2346 3039 2616 3094 Manebat
2646 3039 2802 3094 enim
2833 3039 2892 3093 in
2924 3039 3057 3094 sinu
3093 3043 3353 3111 paterno.
3390 3040 3456 3094 Et
3481 3040 3764 3110 quemad-

2117 3129 2356 3184 modum
2390 3128 2632 3183 verbum
2647 3129 3179 3200 nostrum,quando
3203 3128 3769 3195 volumus,nascitur

2117 3234 2185 3272 ex
2214 3217 2386 3274 labiis
2422 3217 2657 3286 nostris,
2692 3223 2744 3272 et
2778 3219 3040 3290 aperitur
3072 3218 3144 3274 iis
3191 3218 3468 3274 omnibus
3517 3218 3765 3289 quibus-

354 3307 453 3362 Καὶ
506 3304 686 3381 ὥσπερ
749 3305 777 3358 6
833 3304 1099 3378 ἡμέτερος
1167 3302 1355 3378 λόγος,
1416 3303 1537 3357 ὅταν
1621 3302 2001 3378 βουληθῶμεν,

2119 3324 2251 3363 cum
2284 3323 2592 3362 versamur
2623 3325 2635 3374 ;
2671 3307 2750 3361 ita
2781 3312 2837 3361 et
2870 3307 2966 3362 Dei
3001 3306 3274 3375 Verbum,
3310 3308 3548 3379 quando
3593 3307 3644 3362 ei
3677 3307 3764 3362 vi-

348 3401 590 3470 γεννᾶται
640 3393 700 3449 ἐκ
746 3397 853 3447 τῶν
898 3390 1132 3467 χειλέων
1199 3393 1385 3464 ἡμῶν,
1431 3393 1519 3447 καὶ
1579 3397 1900 3469 φανεροῦται
1949 3393 1999 3447 ἐν

341 3488 459 3546 τοῖς
491 3482 646 3546 ὅλοις
678 3485 839 3556 ἡμῶν
867 3480 1284 3552 πλησιάζουσιν·
1331 3481 1504 3542 οὕτως
1551 3482 1639 3536 καὶ
1681 3483 1708 3535 6
1740 3487 1836 3536 τοῦ
1869 3487 2001 3538 Θεοῦ

344 3571 541 3647 Λόγος,
577 3571 699 3627 ὅταν
734 3568 1048 3642 εὐδόκησεν,
1085 3569 1336 3646 ἐγεννήθη
1371 3570 1429 3625 ἐκ
1456 3575 1564 3626 τῶν
1607 3569 1839 3646 χειλέων
1890 3576 1998 3627 τῶν

339 3666 664 3740 προφητῶν,
715 3660 808 3716 καὶ
858 3659 917 3715 ἐκ
962 3667 1062 3731 τῆς
1130 3661 1408 3734 πανάγνου
1458 3659 1695 3734 Μαρίας,
1743 3660 1832 3715 καὶ
1876 3657 1999 3716 τότε

338 3749 527 3826 γέγονε
558 3750 785 3824 φανερὸς
820 3747 870 3804 ἐν
905 3748 1022 3822 ὅλῳ
1070 3752 1149 3820 τῷ
1192 3747 1408 3820 κόσμῳ.
1439 3754 1524 3809 Ὡς
1583 3749 1685 3822 γὰρ
1744 3754 1999 3825 φανεροῦ-

345 3861 431 3895 ται
465 3840 492 3894 ὁ
523 3841 794 3915 ἡμέτερος
825 3836 989 3914 λόγος
1019 3837 1294 3913 γεννηθεὶς
1329 3835 1387 3892 ἐκ
1415 3841 1520 3892 τῶν
1552 3836 1784 3913 χειλέων
1808 3841 1992 3913 ἡμῶν,

347 3929 522 3991 οὕτως
581 3926 646 3996 δὴ
698 3927 787 3982 καὶ
821 3925 972 3982 ὁτοῦ
1030 3931 1164 3982 Θεοῦ
1222 3925 1418 4002 Λόγος,
1452 3927 1726 4002 γεννηθεὶς
1782 3927 1840 3982 ἐκ
1894 3936 1994 3998 τῆς

338 4018 540 4094 σαρκὸς
597 4020 698 4086 τῆς
758 4015 1107 4091 ἀειπαρθένου
1167 4015 1405 4092 Μαρίας,
1468 4015 1776 4094 ἐφανερώθη
1854 4018 1994 4093 πάσῃ

335 4111 405 4180 τῇ
449 4106 642 4173 κτίσει,
673 4103 766 4158 καὶ
824 4104 877 4158 οὶ
935 4104 1315 4166 πιστεύσαντες
1374 4103 1518 4176 αὐτῷ
1576 4110 1859 4175 σώζονται.
1897 4107 1993 4161 Καὶ

341 4195 520 4270 ὥσπερ
555 4194 582 4248 6
613 4193 881 4269 ἡμέτερος
933 4190 1122 4266 λόγος,
1156 4193 1436 4268 γεννηθεὶς
1486 4193 1546 4248 ἐκ
1587 4200 1694 4250 τῶν
1757 4196 1990 4272 χειλέων

341 4287 529 4357 ἡμῶν,
557 4282 679 4338 ὅταν
733 4283 824 4338 ἀπ’
881 4281 1057 4338 αὐτῶν
1113 4286 1220 4337 τῶν
1284 4281 1518 4358 χειλέων
1569 4291 1836 4360 γεννᾶται,
1871 4282 1994 4342 οὕτε

343 4373 449 4428 ἀπὸ
479 4380 578 4443 τῆς
608 4375 792 4448 ψυχῆς
836 4371 1034 4444 λείπει,
1070 4369 1191 4426 οὔτε
1221 4371 1327 4427 ἀπὸ
1355 4375 1463 4426 τῶν
1522 4369 1670 4428 ἰδίων
1732 4373 1990 4449 χειλέων,

341 4459 464 4518 οὔτε
495 4463 599 4517 ἀπὸ
628 4467 734 4516 τῶν
769 4457 923 4516 ὤτων
978 4465 1086 4516 τῶν
1143 4461 1473 4532 ἀκουόντων,
1507 4461 1633 4518 ἀλλ’
1661 4460 1735 4519 ἔνι
1792 4465 1881 4518 καὶ
1937 4464 1988 4519 ἐν

337 4556 406 4627 τῇ
439 4555 616 4628 ψυχῇ,
647 4551 738 4606 καὶ
769 4550 821 4606 ἐν
853 4555 971 4614 τοῖς
1001 4549 1240 4627 χείλεσιν
1288 4553 1473 4624 ἡμῶν,
1506 4552 1596 4606 καὶ
1643 4553 1718 4615 εἰς
1761 4553 1827 4608 τὰ
1879 4551 1991 4610 ὦτα

2113 3413 2246 3450 sum
2281 3395 2412 3463 fuit,
2446 3401 2648 3450 natum
2679 3401 2768 3451 est
2815 3413 2882 3450 ex
2933 3395 3106 3451 labiis
3152 3397 3576 3468 prOphetarum
3612 3400 3666 3452 et
3700 3413 3768 3452 ex

2113 3486 2450 3541 castissima
2479 3485 2679 3552 Maria,
2715 3490 2771 3540 et
2801 3491 2940 3541 tunc
2982 3486 3362 3541 manifestum
3410 3486 3521 3542 fuit
3552 3487 3611 3540 in
3647 3491 3764 3542 toto

2121 3576 2361 3630 mundo.
2406 3575 2569 3630 Sicut
2617 3575 2772 3630 enim
2823 3574 3158 3630 declaratur
3197 3576 3440 3631 verbum
3492 3580 3762 3632 nostrum

2111 3669 2314 3720 natum
2347 3681 2415 3719 ex
2463 3663 2635 3719 labiis
2667 3664 2908 3732 nostris,
2957 3664 3039 3718 ita
3087 3669 3144 3720 et
3198 3665 3292 3719 Dei
3348 3663 3606 3720 Verbum
3655 3682 3760 3720 na-

2107 3759 2231 3809 tum
2264 3770 2332 3807 ex
2363 3770 2535 3809 carne
2554 3752 2749 3807 Mariae
2769 3769 3001 3825 semper
3029 3753 3757 3825 Virginis,manifestatum

2104 3847 2193 3898 est
2221 3842 2379 3898 omni
2413 3847 2709 3911 creatures,
2743 3847 2800 3897 et
2831 3843 2930 3913 qui
2964 3842 3209 3897 credunt
3240 3843 3297 3896 in
3329 3841 3754 3911 illud,salutem

2104 3936 2566 4004 consequuntur.
2604 3932 2668 3987 Et
2697 3932 2852 3986 sicut
2884 3932 3124 3987 verbum
3155 3937 3420 3988 nostrum
3453 3937 3655 3987 natum
3684 3948 3754 3986 ex

2106 4021 2277 4076 labiis
2310 4022 2550 4089 nostris,
2586 4021 2822 4093 quando
2859 4039 2891 4076 ο
2922 4021 3094 4076 labiis
3148 4027 3481 4094 generatur,
3515 4038 3628 4076 non
3663 4037 3752 4076 re-

2104 4110 2321 4182 linquit
2355 4111 2638 4177 animam,
2674 4127 2861 4182 neque
2892 4110 3049 4165 labia
3080 4111 3335 4182 propria,
3365 4128 3555 4183 neque
3587 4126 3760 4166 aures

2105 4199 2496 4263 audientium,
2530 4200 2629 4253 sed
2663 4204 2751 4253 est
2805 4199 2982 4255 etiam
3036 4200 3097 4255 in
3148 4201 3366 4266 anima,
3417 4200 3558 4255 etin
3589 4198 3761 4255 labiis

2107 4289 2348 4355 nostris,
2383 4293 2439 4343 et
2469 4289 2528 4342 in
2580 4287 2824 4343 auribus
2881 4289 3274 4360 audientium,
3332 4293 3388 4344 et
3420 4307 3537 4344 non
3568 4289 3768 4345 deﬁcit

2104 4395 2364 4449 unquam
2394 4377 2626 4432 etiamsi
2662 4376 2843 4432 multa
2877 4377 3063 4432 millia
3095 4378 3340 4432 audiant
3368 4378 3632 4446 verbum,
3656 4394 3762 4434 nec

2101 4469 2514 4535 minuitur,sed
2548 4467 2858 4539 semperin
2895 4468 3489 4539 nobisplenissimum
3523 4473 3648 4524 est:
3673 4467 3759 4522 ita

2101 4563 2158 4613 et
2189 4558 2286 4613 Dei
2323 4556 2839 4627 Vcrbum,etiamsi
2871 4562 3074 4612 natum
3109 4558 3188 4613 sit
3213 4575 3282 4613 ex
3313 4557 3496 4612 Maria
3521 4555 3759 4629 Vigine,

337 4643 446 4698 τῶν
474 4641 802 4710 ἀκουόντων,
836 4642 925 4696 καὶ
957 4640 1019 4695 οὐ
1064 4638 1240 4697 λείπει
1287 4641 1472 4712 ποθὶ),
1503 4641 1599 4695 κᾶν
1659 4642 1748 4697 καὶ
1807 4643 1990 4719 χίλιαι

2113 4652 2155 4704 at
2182 4664 2251 4703 ex
2281 4646 2454 4702 labiis
2486 4646 2927 4719 prophetarum,
2963 4664 3078 4702 non
3111 4651 3310 4702 tamen
3357 4663 3390 4701 a
3424 4647 3587 4701 Patre
3631 4645 3749 4701 dis-

341 4729 591 4808 χιλιάδες
632 4729 904 4786 ἀκούσωσι
960 4731 1058 4784 τοῦ
1116 4727 1310 4804 λόγου,
1370 4730 1470 4784 οὐκ
1529 4728 1911 4788 ἦλαττονοῦται
1971 4737 1999 4791 ὁ

343 4821 534 4896 λόγος,
568 4819 694 4875 ἀλλ’
747 4819 828 4874 ἀεὶ
871 4821 1031 4890 ἡμῶν
1082 4817 1458 4893 πληρέστατος
1505 4819 1593 4888 ἦν·
1630 4819 1802 4883 οὕτως
1851 4824 1940 4877 καὶ
1973 4826 2001 4878 6

342 4918 440 4969 τοῦ
469 4917 604 4969 Θεοῦ
651 4906 850 4986 Λόγος,
883 4909 978 4964 κᾶν
1027 4909 1116 4964 καὶ
1165 4908 1421 4984 ἐγεννήθη
1473 4908 1532 4964 ἐκ
1578 4917 1680 4978 τῆς
1732 4914 2001 4988 Παρθένου

348 5001 595 5080 Μαρίας,
625 5000 715 5056 καὶ
747 5000 806 5055 ἐκ
832 5004 939 5055 τῶν
973 4997 1209 5074 γειλέων
1240 5003 1348 5053 τῶν
1399 5004 1720 5077 προφητῶν,
1753 4999 1879 5056 ἀλλ’
1909 5003 1998 5059 οὖν

352 5090 475 5148 οὔτε
502 5091 607 5146 ἀπὸ
650 5096 745 5145 τοῦ
778 5089 987 5166 Πατρὸς
1043 5085 1247 5160 ἔλειπε,
1283 5086 1404 5144 οὔτε
1462 5089 1567 5143 ἀπὸ
1624 5093 1724 5159 τῆς
1783 5094 2002 5168 σαρκὸς,

351 5179 474 5236 οὔτε
495 5181 599 5236 ἀπὸ
630 5178 842 5235 πάντων
875 5183 982 5232 τῶν
1033 5177 1358 5254 ἀνθρώπων,
1395 5175 1519 5233 οὔτε
1568 5179 1672 5233 ἀπὸ
1721 5177 1857 5250 ὅλης
1903 5184 2002 5252 τῆς

351 5270 596 5341 κτίσεως,
637 5268 783 5324 ἀλλὰ
812 5272 1092 5344 πανταχοῦ
1124 5273 1325 5344 παρῆν,
1353 5267 1443 5323 καὶ
1477 5266 1574 5322 οὐκ
1628 5267 2001 5343 ἠλαττονήθη,

347 5357 493 5414 ἀλλὰ
521 5357 896 5435 πληρέστατος
926 5357 1016 5426 ἦν,
1051 5355 1149 5412 Καὶ
1183 5355 1356 5418 οὕτως
1388 5356 1500 5410 νόει
1550 5357 1675 5434 περὶ
1725 5363 1821 5413 τοῦ
1870 5365 2003 5415 Θεοῦ

345 5447 436 5503 καὶ
492 5450 690 5525 Λόγου,
726 5445 808 5501 ὅτι
867 5444 1069 5516 διπλῆν
1130 5441 1248 5521 ἔχει
1305 5446 1406 5514 τὴν
1461 5447 1733 5521 γέννησιν,
1773 5448 1896 5521 μίαν
1947 5449 2006 5504 ἐκ

343 5541 441 5607 τοῦ
491 5541 625 5593 Θεοῦ
677 5535 767 5591 καὶ
825 5540 915 5588 Πα·
948 5533 1061 5610 ρὸς,
1091 5535 1181 5588 καὶ
1242 5534 1366 5608 μίαν
1416 5532 1476 5588 ἐκ
1529 5542 1630 5604 τῆς
1663 5537 1878 5612 σαρκός.
1913 5537 2003 5592 καὶ

2111 4736 2284 4804 cedit,
2317 4753 2502 4806 neque
2536 4753 2569 4790 a
2595 4752 2788 4803 carne,
2843 4752 3032 4808 neque
3064 4737 3135 4791 ab
3185 4736 3460 4792 omnibus
3509 4735 3767 4792 homini-

2112 4826 2242 4892 bus,
2277 4842 2464 4897 neque
2494 4843 2527 4880 a
2559 4829 2681 4880 tota
2711 4829 2998 4892 creatura,
3033 4827 3134 4880 sed
3181 4825 3403 4897 ubique
3435 4826 3625 4891 adest,
3663 4839 3768 4878 nec

2111 4915 2406 4969 minutum
2439 4919 2547 4984 est,
2569 4915 2668 4969 sed
2704 4914 3136 4985 plenissimum.
3160 4917 3341 4986 Atque
3372 4914 3452 4969 ita
3482 4914 3677 4985 cogita
3698 4913 3769 4968 de

2111 5003 2226 5058 Deo
2252 5009 2309 5058 et
2336 5003 2712 5074 Verbo,quod
2742 5003 3035 5075 duplicem
3068 5003 3281 5058 habeat
3301 5002 3765 5075 generationem,

2112 5110 2228 5148 una
2259 5109 2327 5147 ex
2360 5094 2471 5147 Deo
2525 5096 2582 5146 et
2612 5092 2801 5158 Patre,
2850 5097 2908 5148 et
2947 5109 3125 5148 unam
3160 5109 3228 5148 ex
3284 5109 3476 5147 carne.
3536 5095 3601 5144 Et
3648 5091 3768 5145 haec

2113 5181 2372 5254 quidem,
2406 5199 2531 5250 quae
2583 5198 2650 5236 ex
2686 5185 2857 5236 Patre
2906 5187 3012 5249 est,
3055 5189 3188 5236 ante
3238 5181 3453 5237 saacula
3482 5185 3605 5236 est:
3639 5196 3768 5251 qua:

2113 5287 2245 5327 vero
2276 5288 2344 5325 ex
2375 5287 2567 5338 carne,
2603 5271 2674 5324 ab
2708 5270 2934 5324 ultimis
2975 5271 3184 5326 diebus
3220 5288 3232 5325 :
3268 5269 3770 5341 quemadmodum

2113 5365 2171 5415 et
2200 5361 2443 5416 verbum
2477 5364 2745 5414 nostrum
2779 5359 3036 5430 primum
3072 5359 3337 5414 nascitur
3369 5360 3442 5414 ab
3470 5358 3692 5424 anima,
3713 5361 3772 5412 et

2114 5450 2324 5506 deinde
2354 5466 2422 5504 ex
2453 5447 2648 5504 labiis.
2686 5447 2750 5502 Et
2783 5449 2903 5502 haec
2935 5448 3002 5502 de
3035 5449 3264 5503 duabus
3294 5446 3775 5519 generationibus

2111 5539 2295 5594 Verbi
2327 5538 2450 5592 Dei.

341 5627 378 5696 ἠ
415 5627 508 5700 μὲν
564 5624 623 5680 ἐκ
668 5627 763 5679 τοῦ
812 5623 1023 5698 Πατρὸς
1072 5621 1428 5697 προαινιώος,
1483 5622 1517 5692 ἡ
1569 5619 1626 5676 δὲ
1671 5621 1730 5677 ἐκ
1773 5627 1872 5693 τῆς
1920 5623 2115 5700 σαρκὸς
2166 5622 2247 5677 έπ2
2278 5622 2521 5699 ἐσχάτων
2552 5625 2662 5677 τῶν
2691 5623 2932 5696 ἡμερῶν·
2969 5621 3148 5697 ὥσπερ
3180 5620 3270 5676 καὶ
3303 5621 3329 5676 ὁ
3364 5622 3632 5696 ἡμέτερος
3685 5619 3779 5676 λό-

343 5735 440 5793 γος
470 5719 687 5792 πρῶτον
718 5717 966 5789 γεννᾶται
996 5709 1102 5767 ἀπὸ
1131 5717 1231 5781 τῆς
1263 5714 1472 5786 ψυχῆς,
1502 5710 1592 5765 καὶ
1621 5710 1746 5768 τότε
1776 5711 1835 5769 ἐκ
1861 5718 1970 5770 τῶν
2005 5711 2263 5792 χειλέων.
2296 5712 2395 5768 Καὶ
2424 5716 2593 5768 ταῦτα
2619 5711 2744 5790 περὶ
2791 5716 2896 5768 τῶν
2951 5710 3046 5767 δύο
3093 5712 3393 5793 γεννήσεων
3443 5714 3542 5765 τοῦ
3591 5711 3778 5792 Λόγου

353 5808 454 5864 τοῦ
485 5808 640 5865 Θεοῦ.
