4148 6372
387 443 507 504 783

458 577 686 642 Quaes'r.
740 576 808 627 V.
851 570 999 639 Quid
1055 555 1369 627 commune
1422 573 1513 625 est
1564 573 1779 626 sanctas
1831 566 2034 624 Trini-
2063 569 2120 635 Α

384 665 496 721 tati
517 663 545 719 ?

458 751 615 810 284
644 751 819 808 Rssr.
848 751 1172 807 Commune
1204 753 1313 816 est,
1361 747 1621 804 essentia
1652 763 1664 802 :
1700 761 2041 812 commune,

385 841 673 914 principio
704 856 900 897 carere
933 856 946 894 :
980 854 1312 904 commune,
1349 837 1626 906 potentia,
1660 836 1914 902 bonitas,
1946 851 2040 889 sa-

386 929 1101 1003 pientiajustitiaﬂmnia
1130 928 1287 983 enim
1320 926 1621 998 aequaliter
1651 925 1828 980 habet
1850 924 2038 988 Pater,

391 1026 449 1076 et
479 1020 683 1087 Filius,
717 1024 774 1074 et
800 1019 1054 1091 Spiritus
1086 1021 1745 1087 sanctus,praaterquam
1781 1013 2041 1087 proprie-

386 1114 541 1166 tates
571 1126 731 1165 suas.
763 1108 1072 1180 Proprium
1103 1107 1261 1163 enim
1310 1106 1495 1160 Patris
1550 1105 1786 1176 quidem
1819 1103 2039 1175 ingeni-

386 1203 514 1256 tum
545 1214 673 1255 esse
706 1215 719 1253 :
757 1196 883 1252 Filii
913 1212 1068 1268 vero,
1099 1195 1367 1269 genitum
1400 1210 1530 1251 esse
1561 1210 1574 1251 :
1608 1193 1866 1265 Spiritus
1900 1208 2037 1247 san-

387 1288 465 1345 cti
495 1283 829 1360 procedere.

454 1377 681 1443 QUEST.
711 1375 807 1432 VI.
842 1374 904 1431 In
936 1373 1075 1445 Deo,
1108 1378 1251 1445 quot
1277 1370 1572 1429 conﬁteris
1600 1368 1931 1428 essentiae?

457 1555 631 1612 Resp.
684 1553 872 1610 Unam
922 1552 1241 1609 essentiam
1287 1552 1437 1620 dico,
1505 1567 1685 1606 unam
1744 1554 2036 1616 naturam,

385 1661 565 1703 unam
599 1645 870 1710 formam,
898 1658 1084 1698 unum
1116 1657 1324 1714 genus,
1347 1656 1523 1695 unam
1558 1639 1831 1713 gloriam,
1855 1655 2035 1695 unam

387 1733 731 1808 dignitatem
762 1734 821 1787 et
850 1731 1336 1787 dominationem.

459 1825 687 1891 Qoms'r.
723 1821 837 1877 VII.
870 1824 1229 1894 Hypostases
1258 1823 1630 1891 autem,quot
1660 1816 2035 1875 conﬁterisin

389 1917 506 1971 Deo
530 1914 555 1967 ἰν

460 2002 631 2059 Βεειι.
666 2002 811 2057 Tres
844 1999 1184 2073 bypostases
1232 1998 1530 2068 conﬁteor,
1577 2003 1691 2054 tres
1735 2014 2037 2070 personas,

387 2093 497 2149 tria
532 2091 789 2165 propria,
820 2090 934 2145 tria
959 2088 1283 2155 individua,
1317 2092 1439 2144 tres
1470 2088 1858 2143 characteres.

458 2181 681 2245 Qums'r.
717 2178 865 2234 VIII.
899 2180 1087 2244 Quare
1117 2176 1331 2232 dicitur
1363 2179 1553 2244 Pater,
1584 2177 1801 2232 Pater?

460 2271 629 2326 RESP.
681 2269 849 2325 Pater
904 2267 1123 2322 dicitur
1170 2266 1345 2332 Deus,
1397 2268 1565 2337 quasi
1633 2264 1806 2318 πὰν-ια
1832 2268 2038 2340 τηρῶν,

388 2359 448 2416 id
480 2363 590 2426 est,
623 2357 823 2415 omnia
852 2371 1240 2423 conservans;
1281 2355 1453 2426 quasi
1486 2355 1753 2410 omnium
1802 2370 2037 2412 conser-

388 2453 689 2599 vatocllms'r.
723 2533 813 2589 IX.
847 2533 916 2588 Et
943 2531 1147 2602 Filius,
1180 2547 1359 2604 quare
1392 2532 1606 2587 dicitur
1639 2532 1816 2588 Filius
1842 2532 1870 2586 Ἰ

462 2623 636 2679 Ηεειι.
668 2620 793 2682 Υἱὸς
826 2637 930 2677 seu
963 2620 1145 2676 Filius
1172 2620 1411 2687 dicitur,
1443 2621 1611 2692 quasi
1665 2624 1800 2692 οἶος,
1838 2622 1892 2676 id
1928 2625 2036 2679 est.

391 2713 528 2769 talis
558 2717 615 2768 et
642 2710 885 2783 aequalis
921 2727 934 2766 :
967 2710 1161 2782 qualis
1191 2711 1345 2765 enim
1380 2710 1711 2778 Pater,talis
1747 2716 1805 2766 et
1835 2710 2035 2767 Filius.

390 2803 650 2858 Vertitur
679 2801 836 2855 enim
869 2819 897 2852 ο
927 2799 987 2854 in
1020 2819 1071 2867 υ,
1106 2802 1163 2855 et
1193 2800 1258 2854 ﬁt
1288 2796 1423 2859 υἱός.
1458 2799 1719 2871 rEqualis
1752 2800 1906 2855 enim
1941 2799 2037 2856 Fi-

395 2891 512 2947 lius
542 2895 631 2946 est
660 2888 814 2945 Patri
848 2890 947 2961 (7).

461 2982 687 3048 Qums'r.
748 2978 814 3035 X.
873 2978 940 3034 Et
997 2977 1274 3051 Spiritus,
1330 2994 1511 3050 quare
1583 2978 1799 3034 dicitur
1855 2979 2040 3052 Spiri-

387 3075 486 3128 tus
506 3069 535 3125 ?

460 3160 633 3216 Resp.
687 3158 934 3229 Πνεῦμα,
977 3174 1080 3214 seu
1128 3156 1377 3229 Spiritus
1443 3156 1684 3225 dicitur,
1728 3159 1883 3231 quod
1934 3157 2035 3213 πάν

382 3251 576 3322 νεῦμα,
600 3247 659 3304 ld
689 3253 798 3316 est,
831 3263 1061 3304 smnem
1096 3252 1302 3302 nutum
1336 3252 1503 3302 acute
1531 3245 1840 3320 intelligat,
1876 3248 2037 3305 scili-

383 3343 474 3396 cet
502 3337 698 3396 omnis
742 3341 921 3393 nutus
971 3335 1344 3407 cognoscitur
1394 3352 1510 3392 uno
1558 3335 1778 3392 intuitu
1826 3354 1930 3409 per
1967 3337 2036 3393 il-

277 3501 285 3507 .
382 3427 528 3485 lum.
581 3450 612 3480 «
662 3426 920 3500 Spiritus
970 3424 1128 3482 enim
1178 3428 1421 3481 sanctus
1467 3424 1667 3482 omnia
1718 3431 2038 3497 scrutatur,

354 3517 563 3575 “etiam
593 3516 884 3590 profunda
913 3514 1013 3572 Dei
1050 3516 1112 3572 1°.
1144 3536 1172 3565 ››

462 3608 691 3673 Ουεετ.
724 3605 819 3663 ΧΙ.
850 3605 914 3661 In
945 3610 1083 3672 Deo,
1115 3607 1258 3677 quot
1287 3609 1427 3661 sunt
1450 3620 1637 3662 causae
1664 3609 1687 3662 Ρ

464 3697 639 3754 Rssr.
673 3695 920 3753 Unicam
952 3694 1082 3751 dico
1127 3694 1187 3750 in
1209 3694 1329 3751 Deo
1371 3711 1633 3763 causam,
1685 3701 1743 3752 et
1789 3696 1912 3753 haec
1954 3700 2045 3754 est

1579 436 1644 497 S.
1689 430 2215 497 ATHANASIUS.
2242 464 2319 481 —
2347 427 2609 496 DUBIA.

3689 434 3808 500 784

2222 565 2414 639 Ἐρώτ.
2451 566 2507 621 ε’.
2541 564 2609 623 Τί
2639 565 2701 620 τὸ
2731 564 2912 620 κοινὸν
2943 571 3045 635 τῆς
3077 564 3232 643 ἁγίας
3260 563 3489 644 Τριάδος
3515 585 3529 638 ;

2225 737 2409 802 Ἀπὸκ.
2444 743 2641 800 Κοινὸν
2671 745 2706 813 ἡ
2758 743 2933 799 οὐσία·
2975 745 3161 801 κοινὸν
3212 745 3274 801 16
3326 743 3583 822 ἅναρχοψ
3623 747 3807 803 κοινὸν

2148 833 2184 900 ἡ
2218 828 2468 905 δύναμις,
2499 835 2533 902 ἡ
2569 827 2861 909 ἆγαθὸτης,
2894 835 2930 903 ἡ
2966 833 3147 913 σοφία,
3178 836 3213 904 ἡ
3257 830 3597 906 δικαιοσύνη.
3631 836 3811 891 Πάντα

2147 920 2246 995 γὰρ
2294 920 2344 991 ἐξ
2393 920 2511 976 ἷ¹σου
2566 918 2682 997 ἔχει
2713 922 2741 976 6
2776 922 2986 998 Πατὴρ,
3011 923 3100 978 καὶ
3150 922 3178 977 6
3228 924 3377 996 Υἱὸς,
3404 923 3495 979 καὶ
3545 924 3609 980 τὸ
3657 927 3808 1001 ἅγιον

2150 1011 2392 1083 Πνεῦμα,
2423 1009 2572 1080 πλὴν
2604 1016 2711 1066 τῶν
2757 1008 2906 1067 ἰδίων
2958 1012 3155 1073 αὐτῶν.
3190 1011 3356 1071 ’Ίδιον
3405 1012 3505 1090 γὰρ
3552 1018 3652 1069 τοῦ
3713 1015 3810 1088 μὲν

2150 1100 2359 1175 Πατρὸς
2390 1101 2452 1155 τὸ
2477 1100 2788 1176 ἀγέννητον,
2818 1105 2916 1157 τοῦ
2948 1100 3004 1157 δὲ
3034 1103 3163 1157 Υἱοῦ
3190 1104 3253 1158 τὸ
3292 1103 3571 1179 γεννητὸν,
3600 1108 3699 1160 τοῦ
3749 1102 3809 1160 δὶ

2149 1188 2305 1264 ἁγίου
2338 1189 2652 1264 Πνεῦματος
2683 1190 2747 1247 τὰ
2777 1185 3122 1266 ἐκπορευτόν.

2216 1367 2411 1444 Ἐρώτ.
2470 1375 2534 1433 ς’.
2594 1368 2716 1425 Ἐπὶ
2766 1374 2864 1426 τοῦ
2923 1374 3057 1427 Θεοῦ
3112 1369 3280 1434 πόσας
3352 1370 3533 1436 οὐσίας
3591 1372 3804 1449 ὁμολο-

2183 1476 2261 1511 εις
2291 1476 2303 1511 ζ

2183 1478 2230 1511 ει
2291 1478 2303 1488 ·

2145 1478 2179 1532 γ
2219 1478 2407 1604 ’λίτόια
2442 1546 2582 1604 Μίαν
2634 1546 2816 1603 οὐσίαν
2864 1548 3034 1624 λέγω,
3071 1547 3197 1623 μίαν
3247 1548 3428 1628 φύσιν,
3478 1549 3601 1625 μίαν
3666 1572 3803 1630 μορ-

2149 1635 2273 1709 ιρὴν,
2301 1635 2356 1690 ἓν
2380 1634 2560 1713 γένος,
2595 1637 2719 1710 μίαν
2755 1634 2934 1709 δόξαν,
2970 1636 3098 1711 μίαν
3149 1637 3295 1709 ἀξίαν
3340 1638 3431 1694 καὶ
3480 1640 3803 1715 κυριότητα.

2220 1814 2413 1886 Ἐρώτ.
2448 1816 2508 1885 ζ’.
2532 1816 2879 1878 Ὑποστάσεις
2914 1812 2972 1871 δὲ
3001 1811 3168 1879 πὸσας
3214 1815 3513 1894 ὁμολογεῖς
3568 1817 3657 1875 ἐπὶ
3705 1823 3803 1874 τοῦ

2069 1934 2117 2000 Β
2148 1907 2282 1959 Θεοῦ
2305 1924 2318 1974 ;

2221 1994 2413 2051 ’Δπόκ.
2448 1997 2609 2070 Τρεῖς
2662 1994 2978 2058 ὑποστάσεις
3021 1993 3305 2073 ὁμολογῶ,
3336 1997 3461 2073 τρία
3512 1997 3804 2075 πρόσωπα,

2148 2082 2274 2158 τρία
2306 2081 2436 2151 ἴδια,
2466 2084 2590 2160 τρία
2621 2081 2820 2158 ἄτομα,
2854 2083 2944 2139 καὶ
2974 2090 3121 2161 τρεῖς
3153 2092 3529 2163 χαρακτῆρας.

2221 2173 2416 2246 Ἐρώτ.
2452 2179 2521 2244 η’.
2555 2173 2652 2228 Διᾶ
2679 2173 2731 2228 τί
2762 2171 2973 2250 λέγεται
3005 2175 3033 2229 6
3064 2176 3253 2251 Πατὴρ
3296 2178 3525 2251 Πατήρς

2222 2262 2415 2319 Ἀπόκ.
2454 2264 2638 2339 Πατὴρ
2670 2261 2882 2341 λέγεται
2913 2264 2941 2318 6
2973 2264 3126 2339 Θεὸς,
3158 2265 3234 2328 ὡς
3263 2265 3333 2321 τὰ
3377 2266 3548 2323 πάντα
3591 2273 3801 2345 τηρῶν

2149 2352 2343 2407 ὡσανεὶ
2374 2353 2589 2408 πάντων
2620 2356 2893 2429 τηρητής.

2223 2532 2416 2607 Ἐρώτ.
2451 2534 2514 2596 θ’.
2549 2532 2651 2589 Καὶ
2683 2533 2710 2587 6
2743 2532 2865 2595 Υἱὸς
2899 2530 2988 2588 διὰ
3016 2533 3068 2589 τί
3098 2532 3309 2610 λέγεται
3341 2535 3488 2598 Υἱός.

2221 2622 2412 2679 Ἀπόκ.
2457 2621 2581 2684 Υἱὸς
2630 2621 2841 2698 λέγεται
2893 2624 3040 2698 παρᾶ
3084 2624 3148 2679 τὸ
3198 2626 3339 2694 οἷον,
3392 2623 3558 2695 ἤτουν
3610 2627 3802 2692 ὁποῖος

2147 2710 2237 2765 καὶ
2268 2710 2483 2783 δμοιος’
2518 2712 2631 2773 οἷος
2688 2712 2789 2787 γὰρ
2850 2712 2878 2767 6
2931 2713 3142 2789 Πατὴρ,
3172 2718 3423 2778 τοιοῦτος
3472 2714 3563 2771 καὶ
3594 2716 3622 2771 6
3654 2714 3801 2790 Υἱὸς,

2148 2799 2238 2855 καὶ
2263 2804 2441 2874 τροπῇ
2465 2800 2561 2855 τοῦ
2591 2822 2623 2855 ο
2653 2800 2729 2863 εἷς
2764 2823 2816 2870 υ,
2849 2799 2987 2863 υἱός.
3020 2804 3249 2875 Ὅμοιος
3298 2803 3402 2880 γὰρ
3462 2805 3489 2859 6
3545 2806 3665 2868 Υἱὸς
3720 2810 3800 2878 τῷ

2152 2890 2344 2965 Πατρί.

2221 2979 2416 3055 Ἐρώτ.
2453 2981 2501 3037 ι’.
2533 2979 2633 3034 Καὶ
2662 2980 2725 3036 τὸ
2757 2983 2976 3053 Πνεῦμα
3006 2977 3096 3035 διὰ
3124 2982 3175 3035 τί
3207 2980 3412 3057 λέγεται
3444 2980 3698 3057 Πνεῦμα;

2221 3156 2411 3215 Ἀπόκ.
2447 3161 2667 3230 Πνεῦμα
2697 3156 2912 3232 λέγεται
2958 3158 3105 3234 παρὰ
3146 3160 3206 3215 τὸ
3259 3166 3359 3215 πᾶν
3410 3164 3583 3235 νεῦμα
3630 3161 3798 3237 ὀξέως

2148 3246 2402 3320 ἐπινοεῖν,
2457 3245 2631 3323 ἤγουν
2696 3254 2843 3303 πᾶσα
2898 3252 3073 3311 νεῦσις
3148 3248 3434 3324 συντόμως
3504 3250 3799 3308 ἐπινοεῖται

2149 3335 2219 3393 δι’
2249 3336 2434 3392 αὐτοῦ·
2476 3362 2497 3389 ι
2534 3337 2608 3395 Τὸ
2664 3338 2766 3413 γὰρ
2827 3337 2979 3414 ἅγιον
3040 3341 3261 3413 Πνεῦμα
3308 3339 3376 3394 τὰ
3407 3338 3582 3396 πάντα
3611 3339 3800 3416 ἐρευνᾷ

2148 3428 2239 3482 καὶ
2267 3426 2333 3482 τὰ
2366 3427 2504 3502 βάθη
2536 3430 2633 3481 τοῦ
2666 3430 2820 3483 Θεοῦ.
2854 3450 2883 3479 »

2226 3604 2419 3681 Ἐρώτ.
2457 3606 2540 3661 ια’.
2578 3605 2699 3660 Ἐπὶ
2729 3609 2826 3660 τοῦ
2857 3608 2991 3661 Θεοῦ
3021 3606 3163 3660 πόσα
3194 3603 3378 3678 αἶ’τια;

2225 3694 2418 3752 Ἀπόκ.
2449 3696 2544 3752 Ἓν
2592 3692 2763 3750 αἴτιον
2816 3694 2903 3750 ἐπὶ
2955 3698 3089 3751 Θεοῦ
3136 3693 3301 3772 λέγω,
3331 3696 3421 3752 καὶ
3450 3694 3614 3754 τοῦτὸ
3667 3698 3811 3757 ἐστιν

392 3786 583 3844 Pater.
640 3786 770 3858 Ipse
820 3785 976 3841 enim
1031 3784 1197 3840 Pater
1242 3784 1432 3857 gignit
1476 3784 1685 3841 Filium
1732 3791 1792 3841 et
1829 3786 2041 3843 emittit

2172 3786 2184 3840 ἱ
2234 3786 2445 3859 Πατήρ.
2478 3784 2655 3846 Αὐτὸς
2707 3784 2810 3860 γὰρ
2861 3784 2889 3839 6
2938 3785 3128 3861 Πατὴρ
3177 3791 3341 3861 γεννᾷ
3390 3788 3480 3842 τὸν
3539 3789 3691 3857 Υἱὸν,
3720 3791 3813 3846 καὶ

392 3876 698 3949 Spiritum.
731 3874 921 3939 Quare
949 3873 1125 3941 disce,
1155 3874 1311 3945 quod
1340 3873 1512 3930 Pater
1539 3875 1704 3931 solus
1733 3873 1812 3931 sit
1841 3891 2041 3933 causa.

393 3964 576 4023 Filius
607 3982 722 4021 non
754 3971 844 4020 est
875 3981 1075 4033 causa,
1115 3965 1217 4020 sed
1251 3969 1551 4020 causatus.
1584 3963 1656 4020 Et
1686 3964 1771 4021 sic
1805 3965 2042 4038 quidem

389 4072 571 4113 causa
612 4059 702 4110 est
752 4052 914 4110 solus
984 4053 1171 4109 Pater.
1230 4053 1483 4110 Causata
1528 4069 1664 4109 vero
1708 4059 1849 4110 sunt
1904 4056 2041 4125 duo,

384 4144 571 4201 Filius
601 4149 657 4199 et
687 4142 962 4216 Spiritus.
997 4142 1185 4199 Causa
1214 4146 1414 4199 autem
1445 4142 1663 4199 dicitur
1693 4144 2041 4217 Pater,quod

384 4233 589 4306 gignat
618 4237 674 4289 et
704 4248 818 4289 non
850 4232 1124 4303 gignatur
1155 4249 1168 4288 :
1204 4232 1359 4304 quod
1395 4233 1644 4304 emittat,
1677 4237 1735 4289 et
1766 4252 1881 4290 non
1915 4252 2043 4307 pro-

382 4321 777 4395 cedat.Gignit
803 4323 963 4378 enim
996 4321 1295 4391 Filium,et
1322 4321 1565 4389 emittit,
1599 4323 1879 4395 spiritum
1907 4342 2040 4381 san-

381 4416 564 4470 ctum.
597 4412 667 4470 Et
695 4416 1005 4484 propterea
1035 4410 1254 4467 dicitur
1286 4411 1455 4467 Pater
1485 4427 1688 4467 causa.

2158 3872 2435 3949 ἐκπορεύει
2493 3873 2583 3928 καὶ
2648 3873 2711 3929 τὸ
2778 3874 3021 3947 Πνεῦμα.
3074 3874 3281 3929 Λοιπὸν
3340 3874 3595 3952 γίνωσκε,
3646 3876 3730 3933 ὅτι
3784 3879 3814 3934 6

2156 3964 2343 4039 Πατὴρ
2381 3962 2546 4036 μόνος
2576 3961 2715 4017 ἐστὶν
2748 3958 2943 4025 αἶ’τιοςο
2974 3963 3001 4018 6
3035 3960 3093 4018 δὲ
3121 3963 3247 4026 Υἱὸς
3286 3963 3386 4019 οὐκ
3429 3961 3570 4021 ἔστιν
3614 3964 3809 4038 αἶ’τιος,

2154 4050 2280 4108 ἀλλ’
2313 4052 2573 4114 αἱτιατός.
2606 4054 2767 4108 Ὥστε
2828 4051 2925 4125 μὲν
2983 4051 3155 4115 αἶ’τιός
3194 4053 3304 4109 ἐστι
3340 4054 3505 4128 μόνος
3536 4057 3565 4111 6
3600 4058 3810 4132 Πατήρ.

2122 4142 2218 4197 ’τὰ
2249 4140 2307 4198 δὲ
2337 4141 2550 4198 αἷτιατὰ
2589 4139 2706 4211 δύο,
2742 4141 2769 4196 6
2798 4141 2923 4204 Υἱὸς
2971 4140 3060 4197 καὶ
3109 4142 3170 4198 τὸ
3218 4147 3457 4217 Πνεῦμα.
3511 4142 3695 4207 Αἴτιος
3748 4142 3812 4202 δὶ

2154 4230 2373 4307 λέγεται
2434 4232 2462 4286 6
2521 4232 2732 4306 Πατὴρ,
2795 4227 2933 4285 διότι
3021 4235 3198 4307 γεννᾷ,
3257 4232 3348 4288 καὶ
3425 4232 3487 4290 οὐ
3541 4241 3810 4312 γεννᾶται,

2154 4320 2434 4397 ἐκπορεύει
2464 4319 2555 4375 καὶ
2587 4320 2686 4375 οὐκ
2732 4318 3099 4395 ἐκπορεύεται.
3132 4326 3298 4394 Γεννᾷ
3357 4322 3451 4397 μὶν
3503 4324 3594 4380 τὸν
3645 4324 3771 4381 Υἱόν
3794 4342 3809 4357 ·

2153 4408 2431 4485 ἐκπορεύει
2465 4407 2521 4464 δὲ
2552 4409 2641 4464 καὶ
2669 4409 2733 4464 τὸ
2764 4413 2988 4480 Πνεῦμα
3027 4410 3091 4466 τὸ
3141 4412 3319 4487 ἅγιον.
3351 4412 3451 4468 Καὶ
3501 4409 3590 4468 διὰ
3642 4417 3811 4469 τοῦτο

2155 4499 2363 4573 λέγεται
2398 4499 2425 4552 6
2458 4498 2644 4573 Πατὴρ
2678 4495 2872 4561 αἴτιος.

451 4592 678 4658 Ουλεετ.
708 4591 826 4647 XII.
862 4588 927 4645 Et
957 4594 1101 4661 quot
1130 4594 1271 4645 sunt
1298 4587 1586 4646 causata?

2224 4588 2419 4663 Ἐρώτ.
2455 4587 2545 4664 ιβ’.
2580 4587 2683 4645 Καὶ
2715 4588 2857 4643 πόσα
2887 4587 3139 4658 αἷτιατά;

449 4680 623 4737 RESP.
667 4679 816 4750 Duo,
872 4678 1049 4734 Filius
1097 4684 1155 4735 et
1196 4679 1469 4751 Spiritus.
1522 4678 1650 4734 Non
1701 4677 1892 4750 gignit
1942 4679 2027 4735 Fi-

2212 4677 2401 4735 Ἀπόκ.
2454 4677 2683 4732 Αἰτιατά
2737 4675 2855 4748 δύο,
2907 4678 2936 4732 6
2984 4678 3111 4740 Υἱὸς
3169 4678 3259 4733 καὶ
3317 4679 3381 4734 τὸ
3438 4683 3675 4754 Πνεῦμα.
3730 4679 3809 4738 Οὐ

371 4769 511 4839 lius,
544 4770 646 4827 sed
680 4768 963 4842 gignitur,
996 4772 1055 4823 et
1098 4774 1407 4840 propterea
1454 4766 1674 4823 dicitur
1724 4772 2024 4825 causatus.

2179 4771 2296 4838 εννᾷ
2325 4767 2351 4821 6
2384 4766 2532 4837 Υἱὸς,
2578 4764 2723 4823 ἀλλὰ
2775 4772 3045 4842 γεννᾶται,
3076 4766 3167 4822 καὶ
3227 4765 3317 4822 διὰ
3372 4773 3535 4825 τοῦτο
3588 4767 3808 4846 λέγεται

372 4861 581 4928 Quare,
630 4859 681 4917 si
729 4858 863 4930 quis
923 4865 979 4914 te
1022 4865 1330 4930 rogaverit,
1397 4863 1541 4928 quot
1611 4856 1671 4912 in
1720 4856 1836 4913 Deo
1887 4873 2023 4913 cau-

2173 4857 2398 4919 ίτιατὸς.
2434 4855 2636 4911 Λοιπὸν
2670 4855 2760 4912 ἐὰν
2790 4878 2874 4919 τις
2908 4856 3183 4933 ἐρωτήσῃ,
3217 4856 3302 4912 ὅτι
3342 4856 3430 4913 ἐπὶ
3480 4863 3613 4914 Θεοῦ
3658 4858 3807 4915 πόσα

370 4966 467 5005 sas
523 4945 874 5004 conﬁteris?
924 4947 1015 5002 dic
1076 4964 1089 5002 :
1154 4963 1333 5001 unam
1414 4961 1656 5001 causam
1729 4945 1882 5001 dico.
1954 4946 2023 5001 Et

2172 4944 2277 5001 ἷ’τια
2307 4946 2644 5021 ὁμολογεῖς;
2678 4945 2814 5014 εἰπὲ,
2846 4945 2901 5001 ’ὲν
2929 4945 3102 5001 α”τιον
3138 4944 3309 5021 λέγω.
3343 4947 3444 5002 Καὶ
3477 4946 3636 5003 ποῖόν
3684 4946 3801 5002 ἐστι

367 5037 561 5110 qualis
602 5037 723 5093 haec
769 5035 911 5091 est?
953 5037 1143 5091 Pater.
1200 5036 1268 5090 Et
1327 5051 1509 5106 quare
1568 5035 1784 5090 dicitur
1842 5052 2020 5092 causa

2172 5041 2326 5105 >510;
2360 5038 2418 5093 Ὀ
2480 5037 2686 5110 Πατήρ.
2725 5034 2822 5089 Καὶ
2880 5032 2969 5089 διὰ
3020 5034 3073 5090 τί
3135 5034 3346 5113 λέγεται
3407 5033 3581 5099 αἴτιος
3614 5037 3643 5091 ὁ
3677 5042 3798 5092 Πα-

362 5128 581 5184 Pater?
604 5127 752 5193 Quia
779 5127 970 5199 gignit
1005 5124 1210 5179 Filium
1243 5129 1299 5179 et
1345 5125 1562 5179 emittit
1617 5125 1923 5197 Spiritum.
1958 5124 2018 5181 Si

2172 5127 2266 5201 dp;
2320 5125 2467 5181 Διότι
2523 5129 2685 5200 γεννᾷ
2730 5125 2823 5180 τὸν
2884 5124 3009 5180 Υἱὸν
3083 5125 3173 5180 καὶ
3242 5125 3522 5203 ἐκπορεῦει
3579 5126 3669 5181 val
3727 5127 3794 5182 16

359 5234 491 5274 vero
520 5216 652 5290 quis
683 5222 740 5271 te
770 5216 1107 5286 interroget,
1136 5219 1278 5287 quot
1307 5218 1547 5269 causata
1578 5214 1725 5270 dicis
1758 5215 1814 5269 in
1851 5215 1966 5271 Deo
1987 5215 2015 5270 ?

2173 5220 2363 5287 νεῦμα.
2401 5214 2524 5272 Ἐὰν
2587 5211 2645 5271 δὲ
2704 5212 2954 5291 ἐρωτήσῃ
3014 5235 3092 5287 σε,
3123 5213 3206 5269 ὅτι
3261 5216 3405 5271 πόσα
3451 5215 3667 5272 αἱτιατὰ
3698 5213 3793 5271 λέ-

353 5306 465 5375 dic,
496 5308 633 5363 duo.
666 5305 871 5372 Qualia
901 5311 1097 5361 autem
1129 5303 1244 5359 ista
1270 5304 1297 5359 ?
1331 5303 1513 5359 Filius
1536 5308 1593 5359 et
1634 5305 1908 5377 Spiritus.
1944 5305 2010 5360 Et

2172 5326 2235 5367 εις
2269 5304 2356 5359 ἐπὶ
2386 5309 2483 5360 τοῦ
2515 5308 2686 5375 Θεοῦ;
2724 5304 2843 5359 εἷπε
2894 5302 3009 5361 δύο.
3047 5306 3189 5362 Ποῖα
3239 5302 3297 5360 δὲ
3334 5310 3540 5375 ταῦτα;
3568 5306 3630 5363 Ὁ
3661 5306 3793 5369 Υἱὸς

351 5415 535 5471 quare
564 5395 937 5471 appellantur
965 5400 1204 5452 causata
1233 5394 1261 5450 ?
1289 5393 1435 5459 Quia
1454 5394 1716 5467 gignitur
1745 5395 2007 5462 Filius,et

2172 5393 2205 5447 ιὶ
2264 5393 2326 5447 16
2374 5396 2611 5468 Πνεῦμα.
2648 5393 2745 5449 Καὶ
2792 5391 2881 5449 διὰ
2928 5392 2981 5449 τί
3033 5392 3283 5472 λέγονται
3338 5394 3584 5467 αἱτιατά;
3637 5394 3791 5451 Διότι

426 5619 471 5659 ⁸ο
500 5620 523 5677 Ι
552 5619 684 5677 Cor.
717 5637 778 5679 ιι.
812 5621 901 5678 10.

417 5830 495 5909 ει)
526 5830 656 5889 Haec
687 5832 746 5889 in
777 5836 1029 5892 tractatu
1061 5839 1139 5893 De
1166 5832 1603 5909 deﬁnitionibus,
1624 5832 1733 5892 sub
1764 5831 1896 5891 initi
