4148 6354
360 382 479 444 785

357 607 598 678 Πνεῦμα,
630 604 720 660 καὶ
753 606 854 660 οὐκ
885 603 1191 679 ἐλπορεύει.

430 696 624 771 Ἐρώτ.
691 696 778 770 ιγ’.
836 695 959 750 Ἐπὶ
1027 701 1127 764 τῆς
1203 693 1356 768 ἁγίας
1433 691 1667 770 Τριάδος
1724 693 1805 754 τίς
1862 698 2014 769 πρῶ-

357 805 451 847 τος
477 804 489 854 ς
1240 831 1245 835 .

427 872 616 932 Ἀπόκ.
681 872 802 928 Ἐπὶ
859 879 960 942 τῆς
1023 871 1177 948 ἁγίας
1235 869 1464 946 Τριάδας
1542 868 1716 933 οὐδεὶς
1771 874 2010 946 πρῶτος,

353 961 441 1016 καὶ
476 961 656 1024 οὐδεῗς
685 961 930 1037 ὕστερος,
959 960 1084 1016 ἀλλ’
1116 961 1228 1034 ἅμα
1267 962 1478 1037 Πατήρ,
1530 962 1641 1033 ἅμα
1699 960 1842 1028 Υἱὸς,
1900 961 2013 1033 ἅμα

353 1055 572 1124 Πνεῦμα
629 1052 808 1126 ἅγιονο
861 1049 952 1104 καὶ
1003 1047 1090 1103 διὰ
1142 1054 1302 1104 τοῦτο
1335 1050 1425 1104 καὶ
1457 1049 1789 1126 συνάναρχοι
1823 1047 2010 1124 λὲγον-

349 1161 458 1211 ται,
489 1141 578 1194 καὶ
637 1141 893 1215 ἄναρχοι.
945 1140 1220 1216 Ἀναρχον
1273 1137 1330 1195 δὲ
1378 1139 1592 1214 λέγεται
1641 1141 1704 1194 τὸ
1749 1140 1853 1216 πρὸ
1908 1144 2007 1204 τῆς

350 1231 528 1307 ἀρχῆς
560 1227 640 1285 ὄν.
675 1231 942 1305 ’Λναργος
978 1226 1174 1282 λοιπὸν
1213 1228 1240 1283 6
1276 1230 1463 1305 Πατὴρ
1496 1227 1736 1304 ἄναρχος
1782 1228 1809 1282 6
1861 1229 2006 1299 Υἱὸς,

351 1316 588 1395 ἄναρχον
633 1319 695 1374 τὸ
745 1322 966 1392 Πνεῦμα
996 1317 1058 1371 τὸ
1091 1318 1269 1393 ἅγιον.
1304 1319 1404 1372 Καὶ
1437 1318 1544 1394 οὐχ
1578 1318 1605 1372 6
1641 1319 1735 1392 μὲν
1769 1323 2005 1394 πρῶτις,

358 1405 386 1460 6
418 1404 462 1461 δ’
511 1406 754 1484 ὕστερος,
812 1405 938 1462 ἀλλ’
997 1405 1108 1478 ἅμα
1166 1407 1216 1461 οἱ
1264 1412 1430 1479 τρεῖς,
1483 1408 1687 1483 Πατὴρ,
1741 1408 1864 1469 Υἱὸς
1915 1407 2004 1461 καὶ

355 1499 570 1568 Πνεῦμα
603 1498 779 1572 ἅγιον.
814 1496 910 1551 mat
937 1499 1096 1551 τοῦτο
1129 1495 1217 1550 καὶ
1257 1496 1588 1573 συνάναρχοι
1619 1497 1709 1551 καὶ
1760 1495 1860 1551 εἶσὶ
1915 1497 2002 1551 καὶ

353 1584 738 1659 ὀνομάζονται.

415 1763 608 1839 Ἐρώτ.
646 1761 728 1822 ιδ’.
768 1766 1072 1843 Σαφήνισον
1103 1766 1240 1836 ἡμῖν
1271 1764 1360 1820 καὶ
1398 1769 1581 1836 τοῦτο,
1630 1770 1747 1827 πῶς
1798 1765 1824 1820 6
1874 1766 1997 1828 Υἱὸς

341 1852 431 1905 καὶ
463 1852 634 1928 Λόγος
664 1858 762 1909 τοῦ
819 1859 954 1910 Θεοῦ
1002 1859 1248 1929 γεννᾶται
1301 1853 1360 1909 ἐκ
1410 1855 1638 1929 Πατρός·
1683 1859 1844 1909 τοῦτο
1894 1856 1996 1932 γὰρ

339 1939 634 2011 ἐκπλήττει
661 1944 829 2016 ἡμᾶς.

409 2047 600 2105 Ἀπόκ.
631 2049 784 2104 Ἐπεὶ
828 2049 854 2103 6
903 2051 1033 2113 Θεὸς
1091 2051 1401 2126 ἀθεώρητός
1455 2050 1565 2106 ἐστι
1617 2050 1706 2106 καὶ
1755 2052 1993 2127 ἀνερμή-

334 2157 544 2205 νευτος,
605 2137 731 2194 οὐδὲ
780 2138 941 2195 τοῦτο
995 2141 1320 2218 ἑρμηνεῦσαι
1385 2139 1674 2215 δυνάμεθα.
1738 2146 1862 2202 Πῶς
1892 2143 1992 2217 γάρ

335 2246 418 2288 τις
477 2227 810 2303 ἑρμηνεῦσαι
865 2227 1102 2303 δύναται,
1153 2230 1184 2286 6'
1231 2229 1448 2286 οὐδέπω
1511 2230 1669 2292 αὐτὸς
1719 2230 1992 2297 ἐθεάσατο,

336 2316 373 2385 ἢ
405 2318 536 2392 παρ’
565 2316 751 2374 ἄλλων
783 2319 986 2390 ἀκήκοε
1014 2322 1273 2390 πώποτε;
1309 2320 1464 2390 Πλὴν
1499 2319 1558 2375 ἐκ
1586 2324 1693 2374 τῶν
1744 2319 1996 2392 ποιημά-

335 2425 446 2461 των
476 2406 667 2476 αὐτοῦ,
703 2430 775 2486 φη
787 2409 871 2482 μὶ,
901 2414 999 2464 τοῦ
1031 2409 1208 2486 Λόγου
1237 2411 1327 2464 καὶ
1357 2414 1489 2468 Θεοῦ
1526 2414 1768 2472 τυπικῶς
1826 2407 1993 2464 εἷ’πω-

344 2515 464 2568 μεν,
499 2495 622 2550 ὅσον
655 2497 717 2551 τὸ
747 2499 882 2552 κατὰ
912 2495 1155 2572 δύναμιν.
1195 2501 1434 2569 Νοητὲον
1486 2499 1601 2572 μὶν,
1653 2499 1757 2566 ὅτι,
1811 2497 1992 2573 ὣσπερ

349 2582 378 2637 ὀ
456 2582 618 2659 λόγος
670 2590 768 2640 τοῦ
843 2587 1133 2662 ἀνθρώπου
1189 2593 1435 2664 γεννᾶται
1483 2587 1588 2642 ἀπὸ
1645 2595 1744 2656 τῆς
1805 2592 1990 2665 ψυχῆς

341 2672 598 2750 ἀσπόρως
627 2675 715 2730 καὶ
741 2675 1148 2748 ἀκατανοήτως,
1200 2675 1374 2740 οὕτως
1424 2682 1672 2752 γεννᾶται
1702 2677 1789 2731 καὶ
1825 2677 1852 2731 6
1887 2678 1992 2733 Λό-

335 2783 433 2838 γος
491 2762 596 2818 ἀπὸ
651 2769 750 2820 τοῦ
795 2767 1028 2841 Πατρός.
1082 2766 1184 2822 Καὶ
1233 2767 1308 2828 ὡς
1357 2771 1602 2842 γεννᾶται
1652 2770 1758 2842 πῦρ
1792 2767 1849 2822 ἐκ
1894 2773 1992 2822 τοῦ

335 2853 534 2929 πυρὸς,
564 2853 655 2908 καὶ
686 2860 801 2933 φῶς
833 2855 894 2910 ἐκ
920 2860 1018 2911 τοῦ
1050 2856 1254 2934 φωτὸς,
1291 2855 1465 2918 οὕτως
1495 2862 1744 2931 γεννᾶται
1794 2856 1821 2910 6
1870 2857 1993 2919 Υἱὸς

331 2941 422 2996 καὶ
458 2938 636 3018 Λόγος
664 2949 762 3000 τοῦ
792 2950 926 3000 Θεοῦ
959 2946 1064 3000 ἀπὸ
1091 2950 1190 3000 τοῦ
1219 2945 1452 3022 Πατρός.

405 3032 601 3108 Ἐρώτ.
651 3034 726 3090 ιε’.
760 3035 861 3090 Καὶ
889 3035 952 3090 τὸ
1006 3035 1162 3110 ἅγιον
1214 3041 1430 3109 Πνεῦμα
1477 3039 1592 3097 πῶς
1641 3034 1988 3111 ἐκπορεύεται

329 3121 441 3195 ῃπὸ
471 3125 569 3176 τοῦ
603 3123 819 3198 Πατρός
845 3143 858 3193 ;
1994 3173 1997 3176 .

402 3209 600 3268 Ἀπόκ.
635 3212 836 3288 Ιιρέπει
868 3233 926 3268 σε
954 3212 1045 3268 καὶ
1073 3213 1196 3290 περὶ
1253 3213 1450 3269 τούτου
1503 3216 1576 3287 μὴ
1629 3213 1853 3288 ἐρωτᾷν.
1890 3215 1986 3269 Καὶ

329 3297 498 3352 τοῦτο
554 3272 1154 3376 γτΞιριάνερμήνειιτον.ι
1215 3302 1372 3371 Πλὴν
1435 3272 1666 3376 μάνθανε
1718 3272 1808 3357 καιὶ
1863 3272 2062 3378 περὶρί

329 3387 552 3442 τούτου.
581 3391 784 3465 Ὥσπερ
817 3390 906 3444 οὖν
939 3393 974 3460 ἡ
1005 3389 1246 3460 ἀναπνοὴ
1295 3396 1392 3446 τοῦ
1443 3392 1731 3463 ἀνθρώπου
1786 3391 1846 3446 ἐκ
1889 3398 1991 3461 τῆς

331 3473 519 3550 ψυχῆς
551 3475 924 3554 ἐκπορεύεται,
985 3479 1158 3542 οὕτως
1219 3481 1309 3535 καὶ
1366 3481 1428 3535 τὸ
1489 3484 1710 3552 Πνεῦμα
1738 3481 1800 3534 τὸ
1833 3481 1987 3554 ἅγιον

329 3563 483 3640 παρὰ
539 3570 640 3620 τοῦ
697 3568 910 3642 ΙΙατρὸς
969 3566 1335 3646 ἐκπορεύεται.
1377 3569 1478 3626 Καὶ
1530 3557 1604 3631 ὧς
1638 3571 1672 3638 ἡ
1727 3565 1836 3624 Εὕα
1868 3567 1990 3623 οὔτε

329 3658 570 3732 γεννητή
606 3654 728 3714 οὕτε
756 3659 1070 3736 ἀγέννητος,
1105 3660 1251 3717 ἀλλὰ
1303 3663 1503 3735 μέσως,
1558 3659 1732 3724 οὕτως
1782 3661 1870 3716 καὶ
1926 3662 1989 3715 τὸ

328 3747 493 3822 ἅγιον
551 3751 774 3822 Πνεῦμα
829 3751 976 3824 παρὰ
1032 3755 1128 3806 τοῦ
1187 3753 1398 3822 Ιῐατρὸς
1457 3751 1826 3828 ἐκπορεςεται.
1891 3751 1989 3806 Καὶ

327 3836 436 3912 γὰρ
474 3834 502 3890 6
560 3833 738 3910 Ἀδὰμ
783 3837 1097 3914 ἀγὲννητος,
1149 3840 1176 3894 6
1236 3837 1296 3894 δὲ
1340 3841 1455 3909 Σὴθ
1500 3842 1781 3916 γεννητὸς,
1832 3840 1920 3894 καὶ
1953 3841 1988 3908 ἡ

328 3922 446 3984 Εὕα
505 3925 828 4001 ἐκπορευτή.
889 3930 950 3985 Ἡ
1022 3929 1124 4006 γὰρ
1205 3927 1316 3986 Εὕα
1397 3928 1518 3985 οὔτε
1576 3930 1853 4005 ἐγεννήθη,
1914 3929 1988 3990 ὡς

325 4013 594 4090 ἐγεννήθη
627 4015 654 4070 6
688 4019 826 4090 Σὴθ,
859 4013 983 4072 οὕτε
1012 4017 1304 4094 ἀγὲννητος
1350 4021 1437 4088 ἦν,
1492 4017 1671 4094 ὣσπερ
1707 4019 1734 4072 6
1790 4017 1987 4090 Ἀδάμ.

327 4102 461 4160 ἀλλ’
511 4103 775 4181 ἐπορεύθη
828 4106 888 4162 ἐκ
935 4114 1036 4177 τῆς
1088 4106 1328 4184 πλευρᾶς
1375 4113 1474 4162 τοῦ
1505 4106 1698 4180 Ἀδάμ.
1734 4108 1836 4164 Καὶ
1865 4108 1932 4176 ἦν
1961 4106 1988 4160 6

328 4193 514 4270 ’Δδᾶμ
569 4196 860 4272 ἀγὲννητος
911 4197 986 4262 εἷς
1044 4198 1212 4254 τύπον
1273 4204 1370 4255 τοῦ
1422 4201 1717 4275 ἀγεννήτου
1749 4199 1985 4274 Πατρός·

329 4281 358 4338 6
392 4279 452 4337 δὲ
483 4284 597 4354 Σὴθ
627 4287 884 4360 γεννητὸς
918 4287 992 4350 εἷς
1023 4287 1191 4344 τύπον
1240 4293 1336 4343 τοῦ
1383 4293 1642 4364 γεννητοῦ
1692 4289 1838 4342 Υἱοῦ·
1901 4288 1990 4342 καὶ

329 4375 365 4444 ἠ
436 4369 547 4429 Εὕα
604 4373 904 4450 ἐκπορευτὴ
963 4376 1022 4432 ἐκ
1074 4381 1174 4447 τῆς
1232 4379 1472 4452 πλευρᾶς
1523 4382 1624 4432 τοῦ
1685 4375 1861 4450 Ἀδὰμ
1917 4377 1990 4438 εἷς

328 4460 503 4516 τύπον
557 4467 659 4517 τοῦ
707 4465 968 4543 παναγίου
1029 4467 1370 4540 ΙΙνε·5ματος.
1419 4467 1510 4530 Εἷς
1561 4468 1660 4544 γὰρ
1691 4466 1820 4529 τοὺς
1850 4487 1992 4542 προ-

333 4551 580 4627 πάτορας
639 4553 803 4625 ἡμῶν
862 4552 1114 4626 ἐτυπώθη
1175 4557 1210 4625 ἡ
1271 4554 1393 4632 ἀγία
1422 4557 1602 4631 Τριάς.
1640 4553 1794 4612 Ἀλλ’
1828 4554 1856 4610 6
1891 4555 1986 4629 μὲν

1701 381 2219 453 ΟυιΕΞΤΙΟΝΕΞ
2264 383 2492 444 ALUE.

357 521 601 594 γεννᾶται
633 515 662 570 6
693 515 837 588 Υἱὸς,
868 513 960 570 καί
993 513 1055 570 οὐ
1087 518 1266 591 γεννᾷ·
1317 513 1663 591 ἐκπορεύεται
1712 512 1769 570 δὲ
1811 515 1900 570 καὶ
1953 537 1993 570 τι

2132 533 2244 572 non
2304 517 2493 589 gignit
2545 561 2556 585 ,

3669 383 3789 446 786

2621 519 2883 591 procedit
2943 523 3138 575 autem
3214 519 3491 592 Spiritus,
3552 524 3610 574 et
3667 536 3781 575 non

2127 607 2362 662 emittit.

2199 698 2429 762 Qums'r.
2464 697 2610 753 XIII.
2647 699 2710 752 In
2772 702 2978 754 sancta
3037 702 3232 753 autem
3291 699 3598 765 'l‘rinitate,
3648 697 3780 769 quis

2125 786 2397 857 primus?

2197 875 2371 930 Resp.
2407 876 2469 930 In
2502 880 2704 931 sancta
2725 875 3012 931 Trinitate
3035 892 3205 930 nemo
3239 876 3486 946 primus,
3519 881 3576 931 et
3605 892 3776 932 nemo

2124 969 2461 1034 postremus
2495 983 2507 1020 :
2544 966 2644 1020 sed
2680 965 2857 1020 simul
2892 965 3079 1030 Pater,
3116 965 3294 1020 simul
3335 965 3539 1029 Filius,
3594 965 3773 1020 simul

2123 1052 2378 1123 Spiritus
2423 1060 2662 1108 sanctus
2697 1071 2710 1108 :
2744 1060 2800 1108 et
2849 1053 2978 1108 ideo
3027 1054 3202 1108 etiam
3263 1053 3440 1108 simul
3489 1052 3774 1123 principio

2120 1146 2386 1196 carentes
2431 1143 2730 1209 dicuntur,
2762 1148 2818 1197 et
2849 1143 2999 1196 initii
3033 1146 3319 1213 expertes.
3354 1141 3630 1212 Principii
3673 1157 3774 1195 ex-

2119 1247 2253 1302 pers
2313 1235 2508 1286 autem
2569 1231 2804 1299 dicitur,
2839 1231 2994 1303 quod
3053 1237 3186 1285 ante
3244 1229 3598 1302 principium
3650 1235 3763 1286 est.

2117 1318 2411 1391 Principio
2442 1337 2579 1392 ergo
2611 1325 2768 1376 caret
2824 1321 3013 1385 Pater,
3051 1319 3338 1391 principio
3371 1323 3529 1374 caret
3564 1318 3769 1387 Filius,

2116 1408 2404 1480 principio
2437 1414 2595 1464 caret
2625 1409 2879 1482 Spiritus
2910 1413 3171 1465 sanctus.
3194 1411 3383 1480 Atque
3414 1409 3496 1464 ita
3528 1424 3632 1464 nec
3652 1409 3770 1480 pri-

2115 1513 2270 1564 mus,
2305 1514 2409 1554 nec
2442 1498 2712 1565 ultimus,
2746 1499 2846 1554 sed
2881 1498 3057 1555 simul
3090 1503 3232 1568 tres,
3265 1499 3452 1566 Pater,
3486 1497 3666 1552 Filius
3715 1501 3773 1552 et

2111 1586 2361 1659 Spiritus
2391 1593 2650 1644 sanctus.
2680 1589 3068 1653 Quamobrem
3090 1588 3266 1643 etiam
3299 1585 3474 1642 simul
3498 1585 3769 1659 principii

2111 1682 2379 1748 expertes
2409 1683 2466 1732 et
2497 1682 2636 1733 sunt
2661 1682 2717 1733 et
2743 1678 3041 1733 dicuntur.

2181 1766 2409 1830 Quzss'r.
2463 1767 2607 1824 XIV.
2663 1767 2908 1823 Declara
2961 1767 3131 1823 nobis
3190 1772 3248 1823 et
3285 1766 3418 1832 hoc,
3477 1767 3768 1838 quomodo

2034 1905 2082 1969 Β
2115 1855 2292 1969 Pilips
2323 1857 2657 1969 etvefbum
2693 1857 2786 1912 Dei
2819 1858 3099 1930 gignatur
3132 1874 3165 1912 a
3197 1856 3451 1912 Patre:id
3475 1858 3631 1912 enim
3658 1871 3767 1911 nos

2111 1945 2282 2001 obstu
2294 1945 2522 2017 pefacit.

2181 2052 2350 2108 Resp.
2394 2053 2540 2118 Quia
2573 2058 2723 2108 Deus
2753 2052 3056 2109 intellectu
3089 2069 3204 2108 non
3237 2052 3484 2124 capitur,
3519 2069 3627 2110 nec
3666 2069 3767 2108 ex~

2106 2141 2377 2213 plicetur,
2413 2159 2602 2214 neque
2649 2143 2756 2198 hoc
2811 2160 3132 2214 possumus
3190 2142 3582 2215 interpretari.
3616 2144 3768 2208 Quo-

2106 2232 2279 2287 modo
2303 2232 2458 2287 enim
2483 2233 2618 2303 quis
2641 2236 2906 2304 exponat,
2923 2233 3078 2303 quod
3103 2248 3429 2303 numquam
3453 2231 3577 2303 ipse
3601 2231 3764 2296 vidit,

2105 2325 2206 2376 aut
2228 2321 2299 2376 ab
2356 2321 2466 2377 alio
2517 2322 2714 2393 aliquo
2748 2321 3018 2377 audivit?
3048 2323 3323 2376 Attamen
3355 2337 3422 2376 ex
3481 2321 3762 2392 operibus

2103 2411 2471 2484 ejus,nempe
2502 2411 2674 2467 Verbi
2706 2417 2763 2466 et
2797 2411 2914 2480 Dei,
2947 2411 3195 2482 ﬁgurate
3218 2409 3760 2482 loquamur,quoad

2103 2499 2231 2569 ejus
2261 2499 2386 2554 fieri
2420 2504 2628 2571 potest.
2652 2500 3041 2571 Cogitandum
3062 2500 3236 2561 enim,
3265 2499 3443 2570 quod,
3471 2499 3759 2569 quemad-

2103 2590 2344 2643 modum
2379 2605 2569 2644 sermo
2629 2589 2884 2644 hominis
2915 2593 3229 2661 generatur
3276 2589 3348 2642 ab
3398 2587 3597 2642 anima
3631 2588 3760 2642 sine

2102 2679 2346 2742 semine,
2379 2684 2435 2734 et
2467 2695 2644 2750 supra
2676 2695 2909 2734 omnem
2942 2677 3304 2733 intellectum
3331 2695 3346 2743 ;
3378 2677 3458 2731 ita
3489 2677 3758 2748 gignitur

2102 2771 2158 2822 et
2187 2767 2444 2823 Verbum
2468 2785 2501 2822 a
2525 2768 2786 2822 Patre.Et
2807 2767 2960 2823 sicut
2975 2771 3291 2837 generatur
3313 2766 3466 2836 ignis
3499 2782 3569 2821 ex
3601 2767 3757 2837 igne,

2098 2859 2155 2910 et
2183 2855 2384 2910 lumen
2437 2873 2506 2912 ex
2534 2856 2779 2926 lumine,
2812 2856 2891 2910 ita
2946 2860 3260 2927 generatur
3317 2854 3500 2911 Filius
3529 2859 3586 2911 et
3613 2853 3758 2910 Ver-

2101 2943 2243 2999 bum
2276 2945 2368 3000 Dei
2394 2964 2427 3000 a
2460 2947 2649 3001 Patre.

2171 3032 2320 3090 285
2355 3035 2581 3098 QUEST.
2617 3035 2737 3090 XV.
2771 3035 2840 3090 Et
2870 3033 3114 3106 spiritus
3163 3039 3424 3104 sanctus,
3453 3033 3751 3104 quomodo

2099 3123 2363 3193 procedit
2393 3141 2425 3179 a
2453 3124 2665 3180 Patre?

2175 3209 2350 3266 Resp.
2383 3212 2582 3284 Neque
2628 3217 2684 3268 te
2743 3214 2812 3268 de
2843 3213 2952 3267 hac
3000 3229 3060 3266 re
3118 3226 3376 3283 quaerere
3437 3211 3622 3266 decet.
3659 3214 3760 3266 Est

2101 3298 2258 3354 enim
2291 3304 2347 3355 et
2377 3301 2486 3356 hoc
2535 3300 2960 3373 inexplicabile.
2994 3301 3154 3356 Disce
3205 3305 3403 3355 tamen
3436 3300 3545 3355 hac
3575 3300 3752 3354 etiam

2101 3391 2171 3444 de
2205 3407 2282 3444 re.
2317 3390 2824 3454 Quemadmodum
2850 3391 3029 3463 igitur
3058 3390 3365 3462 respiratio
3396 3388 3654 3443 hominis
3685 3405 3754 3444 ex

2100 3480 2299 3536 anima
2351 3481 2633 3552 procedit,
2667 3482 2748 3536 ita
2803 3486 2859 3535 et
2905 3479 3161 3552 Spiritus
3207 3484 3449 3535 sanctus
3495 3495 3529 3533 a
3588 3483 3750 3534 Patre

2100 3571 2382 3643 procedit.
2428 3573 2496 3626 Et
2526 3571 2676 3628 sicut
2705 3573 2818 3626 Eva
2866 3587 3053 3642 neque
3111 3571 3328 3640 genita.
3360 3585 3550 3640 neque
3587 3570 3746 3642 inge-

2101 3663 2242 3728 nita,
2267 3661 2365 3715 sed
2400 3660 2594 3715 media
2647 3665 2792 3724 erat,
2824 3660 2906 3714 ita
2935 3659 3110 3714 etiam
3169 3658 3420 3730 Spiritus
3451 3663 3689 3714 sanctus
3720 3675 3754 3712 a

2102 3751 2268 3805 Patre
2302 3749 2583 3822 procedit.
2618 3748 2843 3803 Etenim
2874 3749 3058 3804 Adam
3099 3747 3415 3820 ingenitus,
3451 3747 3586 3802 Seth
3618 3763 3752 3800 vero
3795 3810 3800 3816 _

2099 3841 2356 3912 genitus,
2391 3843 2448 3892 et
2501 3839 2614 3893 Eva
2673 3838 3013 3902 procedens.
3047 3838 3162 3891 Eva
3222 3837 3375 3891 enim
3438 3854 3620 3906 neque
3652 3853 3755 3907 ge-

2102 3929 2224 3983 nita
2254 3932 2361 3994 est,
2397 3933 2462 3982 ut
2483 3927 2718 4000 genitus
2756 3932 2845 3982 est
2903 3927 3062 3997 Setb,
3097 3942 3284 3998 neque
3322 3926 3582 3998 ingenita
3611 3930 3754 3993 erat,

2101 4018 2599 4089 quemadmodum
2661 4017 2840 4071 Adam
2877 4034 2890 4083 ;
2924 4017 3025 4071 sed
3059 4033 3295 4088 egressa
3353 4020 3442 4070 est
3499 4032 3568 4070 ex
3598 4020 3758 4070 costa

2099 4109 2331 4161 Adami.
2368 4107 2436 4160 Et
2466 4107 2550 4160 sic
2583 4107 2764 4161 Adam
2800 4106 3125 4177 ingenitus,
3149 4111 3324 4178 typus
3355 4111 3477 4160 erat
3509 4105 3756 4177 ingeniti

2100 4197 2289 4253 Patris
2317 4213 2327 4250 :
2363 4196 2502 4250 Seth
2537 4195 2792 4266 genitus,
2817 4199 2906 4250 est
2926 4201 3102 4268 typus
3131 4194 3308 4266 geniti
3345 4195 3469 4249 Filii
3495 4212 3508 4260 ;
3533 4199 3590 4250 et
3622 4194 3753 4262 Eva,

2100 4302 2337 4356 egressa
2362 4301 2392 4339 e
2415 4289 2586 4339 'costa
2617 4284 2841 4348 Adami,
2865 4288 2955 4339 est
2976 4288 3152 4356 typus
3175 4283 3540 4338 sanctissimi
3571 4284 3754 4356 Spiri-

2099 4380 2214 4430 tus.
2253 4374 2356 4428 Per
2387 4377 2579 4444 patres
2613 4374 2769 4428 enim
2812 4377 3047 4429 nostros
3098 4373 3450 4428 adumbrata
3482 4373 3592 4427 fuit
3618 4389 3753 4428 san-

2100 4470 2192 4521 cta
2240 4463 2515 4519 Trinitas.
2542 4465 2651 4519 Sed
2711 4464 2894 4518 Adam
2951 4462 3190 4530 quidem
3242 4468 3302 4517 et
3339 4461 3477 4516 Seth
3537 4466 3593 4516 et
3643 4466 3755 4518 Eva

2101 4571 2344 4625 corpora
2374 4558 2559 4622 erant,
2593 4557 2650 4608 et
2691 4551 3048 4623 separabiles
3095 4551 3250 4607 inter
3280 4567 3342 4606 se
3375 4568 3388 4604 :
3427 4552 3574 4607 Deus
3619 4567 3753 4607 vero

335 4636 538 4711 Ἀδὰμ,
597 4639 688 4694 καὶ
747 4639 776 4694 6
835 4642 974 4710 Σὴθ,
1022 4643 1112 4697 καὶ
1170 4646 1205 4712 ἡ
1259 4643 1372 4700 Εὕα
1423 4645 1650 4718 σώματα
1688 4649 1846 4713 ἦσαν,
1904 4643 1993 4698 καὶ

2117 4648 2158 4700 at
2180 4645 2371 4711 Pater,
2395 4651 2451 4698 et
2482 4643 2684 4707 Filius,
2716 4647 2773 4697 et
2802 4642 3054 4714 Spiritus
3112 4645 3372 4708 sanctus,
3409 4656 3597 4712 neque
3628 4657 3754 4696 eor-

333 4727 602 4803 χωριστοὶ
635 4729 770 4797 ἦσαν
805 4730 896 4784 ἀπ’
922 4729 1207 4802 ἀλλήλων⁹
1239 4732 1268 4786 6
1299 4729 1357 4787 δὲ
1413 4734 1543 4795 Θεὸς
1574 4734 1662 4788 καὶ
1725 4735 1913 4807 Πατὴρ
1961 4732 1988 4787 6

332 4817 482 4890 Υἱὸς,
515 4817 604 4872 καὶ
639 4817 700 4871 τὸ
729 4819 884 4893 ἅγιον
916 4820 1159 4893 Πνεῦμα,
1204 4818 1328 4876 οὔτε
1376 4822 1602 4895 σώματά
1649 4821 1802 4892 εἷ’σιν,
1867 4820 1990 4877 οὔτε

333 4905 606 4983 χωριστοί
637 4907 770 4963 εἰσιν
803 4908 894 4963 ἀπ’
945 4907 1226 4979 ἀλλήλων.
1290 4909 1471 4973 Μόνος
1521 4907 1578 4966 δὲ
1620 4910 1648 4965 6
1677 4911 1844 4972 τύπος
1890 4917 1990 4980 τῆς

325 4995 645 5069 ἂγεννησίας
699 5003 796 5053 τοῦ
855 4999 1065 5076 ΙΙατρὸς
1117 5001 1396 5072 θεωρεῖται
1446 5000 1521 5062 εἷς
1564 5002 1654 5055 τὸν
1700 5001 1987 5076 ἀγέννητον

325 5084 521 5161 Ἀδὰμ,
558 5087 649 5144 καὶ
683 5087 710 5143 6
771 5087 938 5151 τύπος
988 5096 1090 5158 τῆς
1137 5092 1438 5166 γεννήσεως
1489 5095 1586 5145 τοῦ
1630 5091 1758 5145 Υἱοῦ
1791 5090 1866 5151 εἰς
1897 5091 1985 5144 τὸν

2100 4751 2240 4806 pora
2289 4739 2449 4798 sunt,
2475 4748 2664 4803 neque
2721 4730 3080 4802 separabiles
3133 4747 3166 4785 a
3197 4747 3259 4785 se
3317 4730 3588 4786 invicem.
3619 4728 3755 4786 Sola

2099 4825 2254 4879 enim
2293 4825 2479 4894 figura
2510 4821 2753 4894 ingeniti
2815 4821 3004 4875 Patris
3053 4825 3353 4892 spectatur
3381 4820 3440 4873 in
3492 4820 3753 4891 ingenito

2103 4914 2306 4980 Adam,
2339 4917 2396 4967 et
2429 4912 2614 4982 ﬁgura
2643 4909 3039 4982 generationis
3070 4909 3194 4963 Filii
3231 4910 3290 4964 in
3333 4909 3531 4980 genito
3589 4909 3750 4978 Seth,

2099 5006 2155 5056 et
2193 5002 2380 5071 figura
2414 4999 2807 5072 processionis
2838 4999 3092 5070 Spiritus
3130 4999 3315 5053 sancti
3363 5003 3660 5068 spectatur
3689 4998 3748 5052 in

2099 5092 2215 5147 Eva
2245 5091 2610 5161 procedente.
2641 5091 2842 5160 Itaque
2873 5089 2956 5143 sic
2987 5088 3096 5143 hac
3126 5089 3197 5142 de
3245 5104 3304 5141 re
3335 5086 3574 5143 sentias.

325 5176 578 5247 γεννητὸν
610 5180 746 5250 Σὴθ,
769 5179 857 5234 καὶ
895 5178 921 5233 6
951 5178 1120 5242 τύπος
1151 5181 1249 5250 τῆς
1282 5179 1650 5255 ἐκπορεύσεως
1677 5185 1773 5235 τοῦ
1803 5179 1962 5256 ἁγίου
1994 5178 2311 5252 ΙΙνεῦματος
2344 5185 2621 5254 θεωρεῖται
2656 5177 2731 5240 εἷς
2761 5177 2858 5245 τὴν
2894 5176 3220 5251 ἐκπορευτριν
3254 5172 3414 5231 Εὕαν.
3449 5174 3545 5228 Καὶ
3578 5171 3751 5238 οὕτως

331 5259 442 5316 νόει
475 5264 563 5318 καὶ
595 5268 715 5341 περὶ
747 5268 944 5324 τούτου

407 5368 709 5444 Ἐρώτησις
734 5375 966 5451 ις’.⁹Ᾱρα
986 5382 1248 5453 χωρεῖται
1275 5376 1302 5432 ὀ
1325 5378 1454 5441 Θεὸς
1477 5377 1528 5432 ἐν
1549 5378 1625 5434 ἐνὶ
1653 5379 1866 5453 τόπῳ,ἢ
1892 5375 1983 5446 οῧ;

406 5458 601 5517 Ἀπόκ.
653 5462 895 5535 Πρόσθες
937 5466 1027 5520 τὸν
1085 5471 1210 5521 νοῦν
1270 5488 1388 5535 σου,
1438 5469 1527 5522 καὶ
1570 5468 1791 5542 νόησον,
1840 5468 1920 5525 ὅτι
1959 5469 1985 5523 6

334 5549 463 5612 Θεὸς
521 5553 635 5628 φῶς
702 5550 842 5606 ἐστιν
919 5551 1228 5630 ἀθεώρητον
1304 5556 1393 5610 καὶ
1473 5557 1788 5634 ἀχώρητον,
1867 5555 1989 5614 οὔτε

336 5639 620 5716 θεωρεῖται
654 5639 682 5695 6
713 5641 865 5710 Θεὸς,
925 5639 1048 5697 οὔτε
1104 5643 1369 5718 χωρεῖταί
1415 5666 1540 5702 που.
1603 5649 1702 5704 Καὶ
1753 5647 1867 5704 ἐπεὶ
1925 5648 1986 5703 οὐ

337 5733 599 5807 χωρεῖται
660 5731 736 5795 εἷς
790 5731 852 5786 τὸ
918 5735 1045 5803 πᾶν,
1097 5732 1212 5794 πῶς
1259 5729 1334 5788 ἔνι
1387 5730 1609 5790 δυνατὸν
1661 5742 1891 5815 φανῆναι
1949 5740 1984 5808 ἢ

2175 5378 2404 5440 Ψωεετ.
2437 5375 2654 5431 XVl.An
2689 5375 3023 5431 continetur
3051 5373 3206 5429 Deus
3237 5390 3354 5430 uno
3387 5373 3754 5439 loco.necne?

2174 5465 2348 5519 lisse.
2380 5466 2626 5520 Adverte
2660 5465 2948 5531 animum,
2980 5468 3037 5518 et
3078 5464 3370 5535 perpende
3412 5465 3564 5534 quod
3599 5469 3749 5521 Deus

2099 5561 2200 5617 lux
2224 5562 2296 5617 sit
2329 5561 2644 5617 invisibilis
2675 5567 2731 5617 ct
2777 5557 3412 5631 incomprehensibilis,
3445 5576 3635 5631 neque
3665 5563 3748 5618 vi-

2100 5652 2326 5721 deatur,
2363 5669 2548 5724 neque
2579 5652 2844 5723 capiatur
2875 5650 3105 5705 loco.Et
3133 5649 3407 5720 quoniam
3442 5666 3554 5704 non
3589 5652 3747 5724 capi-

2100 5745 2198 5797 tur
2226 5741 2284 5796 in
2328 5745 2470 5813 toto,
2504 5741 2799 5813 quomodo
2845 5743 3045 5812 posset
3083 5737 3226 5808 ﬁeri,
3249 5741 3316 5793 ut
3361 5739 3654 5796 videretur
3682 5757 3748 5798 ao
