4148 6378
296 429 417 491 787

1491 433 1560 494 S.
1601 427 2127 493 ATHANASIUS.
2156 461 2237 477 —
2270 428 2534 493 DUBIA.

3601 423 3725 490 788

297 560 726 634 intelligeretur
757 561 1115 635 quibusdam
1133 563 1162 619 τ
1188 563 1368 637 Cujus
1400 580 1585 636 neque
1613 568 1822 631 Moses,
1846 562 1948 635 qui
1980 620 1983 628 ,

2097 561 2324 631 οηθῆναί
2380 580 2556 631 τισιν;
2624 560 2849 625 Οῦτινος
2910 557 3036 617 οὗδὶ
3091 564 3294 630 Μωσῆς
3362 559 3391 614 6
3464 556 3723 632 θεόπτης,

303 651 491 708 Deum
566 651 735 718 vidit,
794 669 983 724 neque
1057 654 1334 725 discipuli
1411 654 1579 711 Verbi
1626 654 1838 725 ipsius,
1895 652 1955 707 in

2101 648 2194 705 ὐδὶ
2243 651 2295 706 οἱ
2347 649 2585 724 μαθηταὶ
2631 654 2729 706 τοῦ
2773 649 2951 727 Λόγου
3001 649 3166 706 αὑτοῦ
3215 649 3266 704 ὲν
3309 652 3389 721 τῷ
3418 654 3520 718 τῆς
3556 670 3723 724 μετα-

310 744 511 795 monte
558 740 1098 812 transﬁgurationis
1154 742 1335 809 illius,
1371 759 1556 813 neque
1586 742 1739 799 alius
1794 741 1959 813 quis-

2073 741 2405 819 μορφώσεως
2465 738 2669 795 ἐκείνου
2726 734 2862 814 ὄρει,
2921 739 3022 795 οὐκ
3068 736 3238 802 ἄλλος
3276 738 3361 802 τίς
3393 759 3529 794 ποτε
3585 736 3720 808 ἠδυ-

306 847 485 901 quam
516 847 778 902 unquam
812 832 1087 887 deitatem
1132 833 1354 889 nudam
1390 834 1581 888 videre
1630 832 1823 904 potuit
1848 827 1869 900 ;’
1895 836 1961 886 ut

2100 832 2204 901 ήθη
2233 831 2445 906 γυμνὴν
2479 831 2577 899 τήν
2613 829 2843 900 θεότητα
2873 837 3166 906 θεωρῆσαι·
3201 823 3343 884 ὥστε
3388 826 3587 896 δῆλον,
3636 827 3720 883 ὅτι

303 920 526 976 clarum
552 920 808 990 sit,quod
838 921 997 976 nullo
1026 921 1152 978 loco
1184 923 1470 995 capiatur,
1503 923 1603 979 sed
1635 923 1852 993 ubique
1882 921 1961 976 sit

309 1010 562 1065 Deus.Et
592 1009 711 1066 haec
742 1010 979 1082 quidem
1002 1012 1072 1067 de
1092 1012 1385 1082 theologia
1414 1012 1548 1082 (hoc
1578 1016 1668 1067 est
1698 1012 1769 1067 de
1802 1010 1957 1082 Deo).

307 1099 477 1155 Nunc
534 1098 726 1155 dicere
757 1098 1107 1172 incipiemus
1138 1102 1210 1156 de
1253 1102 1380 1173 ejus
1432 1101 1776 1173 oeconomia,
1808 1099 1962 1156 scili-

311 1192 403 1244 cet
430 1187 502 1244 de
534 1188 935 1246 incarnatione
964 1189 1096 1245 Filii
1125 1195 1182 1247 et
1208 1190 1366 1248 verbi
1398 1190 1524 1247 Dei.

386 1339 606 1403 Qums'r.
638 1339 811 1397 XVII.
844 1345 983 1397 Ecce
1016 1340 1397 1414 quaestionem
1428 1341 1535 1398 tibi
1583 1357 1868 1415 propono,
1900 1344 1964 1398 tu

312 1443 450 1484 vero
479 1428 623 1484 mihi
654 1430 958 1502 responde.
989 1430 1253 1487 Docuisti
1301 1448 1408 1488 nos
1438 1432 1510 1487 de
1540 1435 1742 1487 sancta
1772 1429 1967 1487 Trini-

317 1520 459 1588 tate,
492 1518 646 1589 quod
676 1519 832 1575 Deus
862 1524 1091 1576 constet
1119 1520 1309 1577 tribus
1340 1520 1778 1594 hypostasibus,
1811 1518 1967 1575 scili-

319 1609 412 1663 cet
468 1607 653 1677 Patre,
685 1608 849 1677 Filio,
910 1613 967 1665 et
1020 1609 1239 1682 Spiritu
1293 1614 1515 1667 sancto.
1546 1610 1714 1665 Nunc
1770 1613 1969 1666 autem

318 1711 515 1842 qgaaro
546 1712 615 1753 ex
641 1701 700 1754 te
730 1713 743 1753 ε
777 1697 1045 1755 Christus
1077 1698 1172 1756 ille
1201 1699 1478 1771 quisnam
1511 1698 1648 1757 est?
1677 1703 1795 1755 Hoc
1842 1698 1971 1755 volo

318 1801 345 1841 e
391 1801 565 1842 oceri.

314 1801 565 1842 οαοοοτι.

2071 920 2169 974 οὐκ
2198 918 2250 973 ἐν
2294 917 2370 973 ἐνὶ
2420 918 2575 992 τόπῳ
2626 923 2910 994 χωρεῖται,
2971 916 3117 974 ἀλλὰ
3162 921 3442 994 πανταχοῦ
3471 917 3725 994 πάρεστιν

2070 1010 2098 1064 6
2131 1008 2283 1071 Θεός.
2317 1008 2420 1065 Καὶ
2449 1012 2616 1063 ταῦτα
2649 1008 2742 1081 μὶν
2775 1007 2900 1081 περὶ
2931 1005 3237 1082 θεολογίας
3272 1006 3468 1082 ἀπάρτι
3520 1003 3578 1061 δὲ
3628 1007 3723 1082 ἆρ-

2072 1097 2272 1171 ξόμεθα
2302 1097 2449 1169 λέξαι
2492 1096 2582 1153 καὶ
2630 1095 2755 1171 περὶ
2802 1102 2903 1166 τῆς
2944 1094 3283 1169 οἰκονομίας,
3310 1095 3438 1167 ἥτοι
3468 1094 3726 1173 περὶτῆς

2074 1187 2393 1264 σαρκώσεως
2420 1190 2517 1242 τοῦ
2544 1183 2672 1241 Υἱοῦ
2703 1185 2795 1241 καὶ
2824 1184 3007 1261 Λόγου
3035 1188 3133 1240 τοῦ
3164 1188 3320 1243 Θεοῦ.

2147 1340 2339 1413 Ἐρώτ·
2376 1338 2458 1409 ιζ’.
2520 1335 2661 1397 Ἰδοὺ
2711 1335 2974 1414 ἐρώτημά
3019 1356 3105 1391 σοι
3154 1332 3363 1410 ἰρωτῶ,
3414 1334 3479 1391 ab
3525 1333 3583 1392 δέ
3635 1356 3729 1409 μοι

2076 1428 2424 1505 ἀποκρίθητι.
2484 1424 2760 1498 Ἐδίδαξας
2809 1428 2946 1500 ἡμῖν
2981 1427 3106 1503 περὶ
3152 1432 3253 1496 τῆς
3286 1425 3444 1502 ἁγίας
3470 1421 3726 1503 Τριάδος,

2078 1518 2160 1576 ὅτι
2192 1520 2220 1575 ὁ
2252 1519 2379 1581 Θεὸς
2428 1517 2852 1593 τρισυπόστατος
2901 1513 3003 1590 ἔνι,
3058 1515 3151 1572 καὶ
3198 1515 3282 1572 δτι
3334 1517 3545 1592 Πατὴρ,
3576 1515 3732 1584 Υἱὸς,

2078 1609 2170 1665 καὶ
2201 1612 2421 1682 Πνεῦμα
2450 1607 2625 1684 ἅγιον.
2658 1610 2766 1663 Νῦν
2799 1604 2857 1663 δὲ
2888 1604 3076 1684 ἔρωτῶ
3108 1626 3183 1662 σε.
3218 1605 3392 1669 Οὗτος
3422 1606 3451 1661 6
3498 1605 3736 1680 Χριστὸς

2079 1700 2161 1763 τίς
2191 1697 2301 1754 ἐστι
2327 1717 2340 1768 ;
2373 1697 2505 1774 Περὶ
2533 1695 2730 1752 τούτου
2760 1694 2904 1761 θὲλω
2942 1696 3153 1769 μαθεῖν.

391 1921 565 1977 Resp.
596 1922 744 1978 Sane
791 1922 1065 1979 audivisti
1098 1924 1170 1978 de
1213 1926 1419 1979 sancta
1463 1922 1776 1991 Trinitate,
1812 1923 1968 1995 quod

2152 1921 2343 1980 Ἀπόκ.
2405 1923 2628 1983 Πάντως
2683 1918 2923 1991 ἤκουσας
2977 1920 3103 1996 περὶ
3151 1925 3251 1990 τῆς
3299 1919 3454 1996 ἁγίας
3500 1916 3735 1995 Τριάδος

322 2027 442 2067 una
470 2027 723 2083 persona
751 2012 983 2068 dicatur
1010 2013 1199 2081 Pater,
1231 2016 1289 2069 et
1321 2012 1502 2068 altera
1533 2012 1739 2083 Filius,
1772 2016 1829 2068 et
1858 2011 1973 2067 alia

326 2118 579 2174 persona
608 2100 863 2172 Spiritus
884 2104 1145 2157 sanctus.
1168 2101 1312 2157 Ecce
1326 2102 1452 2172 jam
1486 2117 1789 2175 cognosce,
1814 2101 1970 2173 quod

326 2191 423 2247 hic
480 2189 663 2247 Filius
712 2194 771 2246 et
826 2190 1080 2246 Verbum
1125 2190 1226 2246 Dei
1257 2194 1313 2247 et
1341 2191 1530 2247 Patris
1562 2190 1820 2248 induerit
1849 2207 1973 2246 car-

323 2295 458 2336 nem
490 2279 772 2348 hominis,
800 2284 857 2335 et
877 2278 1267 2336 inambularit
1296 2284 1361 2335 ut
1389 2279 1566 2335 homo
1597 2280 1656 2335 in
1678 2280 1971 2349 terra.Ap-

320 2369 573 2443 pellatus
603 2370 783 2442 igitur
810 2369 1080 2426 Christus
1132 2375 1243 2441 est,
1279 2370 1434 2441 quod
1494 2373 1710 2425 unctus
1755 2369 1853 2437 sit,
1884 2366 1974 2423 vel

320 2464 474 2515 certe
531 2459 923 2531 assumpserit
971 2476 1209 2515 carnem
1252 2458 1537 2515 hominis.
1571 2459 1639 2513 Et
1670 2461 1976 2530 propterea

317 2548 534 2605 dicitur
561 2548 905 2604 incarnatus
938 2552 1091 2604 Deus
1117 2553 1174 2603 et
1205 2547 1497 2613 Christus,
1527 2547 1714 2602 Filius
1745 2552 1804 2602 et
1834 2550 1975 2602 Ver-

321 2640 461 2694 bum
525 2637 640 2706 Dei,
674 2642 731 2693 et
787 2637 962 2707 Deus,
994 2637 1147 2709 quod
1202 2636 1520 2710 gestaverit
1561 2638 1811 2693 formam
1865 2635 1973 2691 ho-

324 2725 525 2782 minis.

392 2861 620 2925 Ουιεετ.
652 2860 850 2917 XVIII.
884 2861 1070 2925 Quam
1093 2860 1377 2918 rationem
1407 2865 1512 2918 aut
1541 2877 1716 2933 quam
1750 2859 1975 2915 utilita-

322 2958 439 3008 tem
470 2950 778 3024 proposuit
797 2949 907 3007 sibi
940 2950 1115 3019 Deus,
1139 2967 1241 3007 seu
1272 2949 1454 3006 Filius
1482 2953 1539 3006 et
1560 2950 1817 3005 Verbum
1853 2948 1971 3015 Dei,

323 3044 391 3097 ut
420 3040 762 3097 incarnatus
819 3039 917 3110 sit,
949 3043 1006 3094 et
1053 3042 1118 3094 ut
1173 3038 1350 3097 homo
1406 3037 1859 3096 inambulaverit
1913 3038 1974 3094 in

322 3133 481 3187 terra
497 3129 526 3184 ?

395 3267 570 3320 Rssr.
607 3266 760 3319 Deus
789 3261 937 3363 nihil
987 3279 1137 3368 opus
1167 3262 1375 3318 habuit
1418 3260 1840 3368 incarnatione,
1871 3261 1973 3317 sed
2008 3299 2053 3368 Ο

325 3353 855 3410 humana'natura
908 3351 1214 3423 indigebat
1283 3351 1609 3408 sanatione.
1660 3351 1979 3423 Postquam

328 3441 487 3499 enim
518 3441 657 3497 fecit
684 3440 841 3497 Deus
904 3440 1115 3496 coelum
1146 3445 1204 3496 et
1234 3444 1474 3509 terram,
1506 3445 1563 3497 et
1610 3440 1809 3496 omnia
1858 3457 1983 3512 quae

324 3532 386 3587 in
419 3531 503 3586 eis
534 3521 944 3601 suntﬁxitque
972 3529 1271 3585 hominem
1306 3534 1363 3585 et
1391 3529 1589 3603 posuit
1616 3546 1750 3586 eum
1785 3530 1843 3583 in
1865 3546 1984 3585 me-

334 3620 430 3676 dio
484 3619 765 3692 paradisi,
799 3626 856 3675 et
912 3619 1219 3676 constituit
1275 3637 1407 3676 eum
1463 3636 1656 3694 regem
1719 3619 1985 3675 omnium

338 3712 774 3779 creaturarum,
806 3713 874 3765 ut
903 3708 1101 3764 omnia
1125 3708 1478 3766 inservirent
1505 3709 1639 3782 ipsi,
1673 3713 1729 3765 et
1757 3709 1990 3765 habita~

337 3804 426 3857 ret
453 3799 580 3872 ipse
636 3800 697 3854 in
748 3798 1041 3871 paradiso,
1075 3804 1357 3871 tanquam
1410 3800 1513 3856 Dei
1564 3801 1780 3874 imago.
1842 3801 1988 3857 Cum

337 3889 517 3947 sciret
550 3889 661 3945 hoc
719 3888 1014 3955 diabolus,
1072 3888 1339 3944 invidens
1386 3889 1611 3945 homini
1643 3894 1868 3947 tantam
1902 3888 1989 3945 di-

337 3980 645 4052 gnitatem,
703 3977 864 4034 dedit
919 3977 1145 4033 homini
1204 3977 1515 4033 consilium
1576 3983 1638 4034 ut
1700 3978 1817 4034 Deo
1874 3994 1989 4033 non

338 4068 786 4139 obtemperaret,
822 4071 885 4121 ut
909 4083 1010 4138 per
1045 4066 1506 4123 inobedientiam
1540 4072 1691 4124 Deus
1721 4083 1854 4122 eum
1888 4065 1985 4123 eli-

340 4154 596 4211 minaret
640 4171 709 4210 ex
740 4156 1034 4227 paradiso,
1069 4160 1126 4211 et
1155 4156 1406 4227 privaret
1438 4154 1603 4212 illum
1655 4156 1852 4212 divina
1910 4156 1995 4211 di-

338 4245 582 4318 gnitate,
614 4248 671 4301 et
699 4244 1091 4301 immortalem
1141 4246 1409 4301 redderet
1446 4245 1775 4302 mortalem.
1810 4245 1993 4301 Homo

337 4350 491 4399 vero,
526 4340 587 4388 ut
618 4333 717 4404 qui
750 4333 973 4389 nullam
1008 4333 1249 4390 haberet
1279 4334 1551 4405 peritiam
1615 4334 1849 4390 malitiae
1881 4335 1992 4391 imv

341 4423 507 4496 probi
555 4421 737 4492 illius,
770 4424 1197 4496 obtemperavit
1231 4422 1473 4479 consilio
1501 4423 1742 4491 diaboli,
1773 4431 1829 4479 et
1877 4440 1995 4479 non

346 4512 663 4569 obsecutus
696 4518 785 4567 est
843 4516 978 4581 Deo,
1010 4517 1068 4567 et
1096 4528 1166 4568 ex
1207 4511 1309 4568 illo
1362 4513 1534 4567 morti
1568 4512 1855 4569 obnoxius
1887 4512 2000 4569 fuit

349 4598 572 4671 peccati
599 4615 613 4655 :
648 4597 887 4671 perinde
913 4598 1092 4653 etiam
1115 4614 1319 4656 omnes
1344 4616 1413 4656 ex
1435 4600 1564 4671 ipso
1586 4599 1708 4655 nati
1729 4598 1997 4653 homines

2081 2010 2165 2068 ὅτι
2192 2009 2248 2067 ἓν
2276 2011 2567 2086 πρόσωπον
2600 2008 2847 2065 καλεῖται
2878 2009 3087 2084 Πατὴρ,
3135 2009 3197 2063 τὸ
3248 2005 3306 2063 δὲ
3350 2004 3533 2082 ⁴ἕτερον
3584 2006 3736 2074 Υἱὸς,

2080 2101 2171 2157 καὶ
2224 2101 2286 2156 τὸ
2337 2098 2479 2155 ἄλλο
2529 2098 2821 2174 πρόσωπον
2875 2095 3092 2173 λέγεται
3134 2100 3355 2169 Πνεῦμα
3384 2097 3556 2171 ἅγιον.
3590 2093 3736 2152 Ἰδοὺ

2084 2190 2278 2247 λοιπὸν
2311 2188 2559 2265 γίνωσκε,
2592 2187 2676 2243 ὅτι
2708 2185 2863 2249 οὗτος
2893 2186 2921 2241 6
2953 2186 3077 2248 Υἱὸς
3105 2185 3196 2240 καὶ
3228 2184 3408 2262 Λόγος
3453 2189 3551 2240 τοῦ
3600 2190 3737 2240 Θεοῦ

2082 2280 2173 2336 καί
2219 2278 2431 2355 Ιῐατρὸς
2479 2274 2696 2349 ἐνεδῦθη
2750 2277 2920 2353 σάρκα
2968 2275 3276 2351 ἀνθρώπου,
3328 2273 3421 2330 καὶ
3471 2274 3734 2351 περιεπά-

2081 2390 2240 2441 τησεν
2266 2370 2339 2430 ὡς
2372 2368 2655 2441 ἅνθρωπος
2704 2366 2754 2421 ἐν
2785 2369 2853 2439 τῇ
3009 2363 3317 2438 Ὠνομάσθη
3355 2362 3447 2419 οῦν
3481 2363 3739 2440 Χριστὸς,

2085 2456 2224 2514 διότι
2257 2456 2506 2534 ἐχρίσθη,
2537 2453 2663 2525 ἤτοι
2696 2453 2914 2534 ἐφόρεσε
2942 2454 3040 2522 τὴν
3076 2454 3247 2530 σάρκα
3274 2457 3371 2508 τοῦ
3422 2453 3738 2530 ἀνθρώπου.

2083 2547 2182 2602 Καὶ
2214 2544 2303 2602 διὰ
2331 2550 2491 2601 τοῦτο
2517 2543 2733 2620 λέγεται
2765 2543 3176 2619 σεσαρκωμένος
3227 2542 3384 2610 Θεὸς,
3430 2541 3522 2597 καὶ
3570 2542 3742 2616 Χρισ-

2081 2636 2172 2699 τὸς
2205 2638 2233 2690 6
2264 2636 2387 2697 Υἱὸς
2416 2634 2506 2690 καὶ
2538 2633 2710 2709 Λόγος
2736 2635 2835 2687 τοῦ
2867 2635 3000 2687 Θεοῦ
3029 2630 3120 2686 καὶ
3150 2630 3304 2705 Θεὸς,
3348 2628 3486 2687 διότι
3521 2629 3741 2709 ἐφόρεσε

2082 2728 2181 2796 τὴν
2206 2729 2304 2781 τοῦ
2334 2724 2624 2801 ἀνθρώπου
2658 2724 2899 2801 μορφήν.

2155 2858 2348 2933 Ἐρώτ.
2385 2858 2474 2927 ιη’.
2508 2881 2537 2908 ‹‹
2572 2856 2674 2913 Καὶ
2704 2854 2825 2911 τίνα
2870 2853 3064 2930 λόγον,
3095 2854 3132 2923 ἢ
3162 2852 3281 2909 νίνα
3311 2850 3495 2930 χρείαν
3525 2851 3669 2926 εἶχεν
3701 2851 3731 2906 6

2083 2948 2231 3014 Θεὸς,
2262 2944 2429 3022 ἤγουν
2464 2946 2492 3001 6
2520 2945 2645 3007 Υἱὸς
2665 2944 2753 3000 καὶ
2802 2942 2976 3020 Λόγος
3003 2947 3101 2999 τοῦ
3147 2947 3302 3015 Θεοῦ,
3330 2939 3418 2996 ’ἵνα
3458 2938 3729 3016 σαρκωθῇ,

2081 3037 2172 3093 καὶ
2204 3037 2279 3099 ὡς
2307 3034 2590 3110 ἄνθρωπος
2615 3037 2931 3110 περιπατεῖν
2963 3031 3017 3089 ἰν
3046 3035 3118 3099 τῆ
3149 3035 3223 3109 γῇ
3255 3058 3271 3103 δ

2160 3260 2357 3317 Ἀπόκ.
2389 3256 2519 3320 Θεὸς
2549 3253 2803 3329 οὐδεμίαν
2837 3253 3024 3331 χρείαν
3060 3255 3178 3329 εἶχε
3223 3256 3320 3308 τοῦ
3374 3250 3746 3327 σαρκωθῆναι,

2091 3347 2218 3406 ἀλλ’
2265 3351 2301 3419 ἠ
2379 3345 2734 3422 ἆνθρωπότης
2812 3341 2987 3400 ἐδέετο
3054 3340 3308 3419 ἲατρείας.
3368 3337 3596 3409 Ἐπειδὴ
3646 3338 3748 3417 γὰρ

2093 3438 2343 3508 ἆποίησεν
2390 3435 2418 3492 ὀ
2466 3436 2595 3498 Θεὸς
2642 3435 2735 3490 τὸν
2786 3433 3010 3508 οὐρανὸν
3043 3432 3132 3488 καὶ
3161 3433 3262 3502 τὴν
3293 3437 3421 3508 γῆν,
3454 3429 3545 3485 καὶ
3575 3427 3750 3484 πάντα

2091 3528 2159 3585 τὰ
2204 3527 2255 3583 ἐν
2316 3525 2523 3597 αὐτοῖς,
2592 3523 2793 3586 ἔπλασε
2857 3521 2915 3578 δὲ
2979 3522 3069 3577 καὶ
3137 3521 3229 3576 τὸν
3298 3521 3600 3596 ἄνθρωπον,
3658 3517 3749 3573 καὶ

2097 3615 2284 3689 ἔθηκεν
2338 3615 2495 3671 αὐτὸν
2558 3612 2610 3669 ἐν
2662 3614 2810 3688 μέσῳ
2867 3616 2964 3667 τοῦ
3013 3607 3364 3689 παραδείσου,
3432 3611 3523 3664 καὶ
3571 3603 3747 3678 ἔταξεν

2096 3706 2257 3763 αὐτὸν
2312 3701 2537 3782 βασιλέα
2597 3704 2671 3765 εἷς
2737 3701 2909 3757 πάντα
2964 3702 3032 3757 τὰ
3088 3700 3380 3773 κτίσματα,
3428 3696 3521 3753 ἵνα
3575 3696 3753 3753 πάντα

2098 3793 2430 3852 δουλεύωσιν
2490 3791 2658 3865 αὐτῷ,
2707 3791 2798 3847 καὶ
2854 3795 3124 3847 κατοικεῖν
3175 3788 3337 3845 αὐτὸν
3388 3786 3441 3843 ἐν
3470 3791 3551 3861 τῷ
3579 3806 3753 3863 παρα-

2100 3883 2282 3957 δείσῳ,
2317 3883 2390 3939 ὠς
2423 3887 2556 3938 Θεοῦ
2590 3881 2768 3937 εἰκών.
2805 3878 2982 3944 Εἲδὼς
3029 3883 3191 3935 τοῦτο
3236 3878 3266 3934 ὀ
3316 3871 3604 3945 διάϐολος,
3661 3873 3754 3930 καὶ

2100 3976 2374 4054 φθονήσας
2431 3973 2529 4041 τὴν
2588 3975 2685 4026 τοῦ
2745 3970 3034 4047 ἀνθρώπου
3106 3968 3277 4042 ἀξίαν,
3337 3961 3754 4054 συνεϐούλευσεν

2100 4050 2247 4137 αὐτῷ
2293 4067 2373 4135 τῷ
2430 4061 2700 4136 ἀνθρώπῳ
2756 4062 3094 4134 παρακοῦσαι
3141 4061 3239 4112 τοῦ
3297 4061 3431 4112 Θεοῦ
3457 4100 3470 4127 ,
3524 4053 3614 4109 ’ίνα
3669 4050 3761 4109 διὰ

2099 4160 2199 4223 τῆς
2247 4157 2529 4228 παρακοῆς
2576 4148 2747 4223 ἐξώσῃ
2793 4147 2952 4203 αὐτὸν
3001 4151 3100 4202 τοῦ
3147 4142 3478 4222 παραδείσου
3535 4142 3627 4199 καὶ
3658 4148 3760 4211 τῆς

2100 4246 2198 4298 τοῦ
2246 4245 2380 4297 Θεοῦ
2439 4237 2613 4311 ἀξίας,
2671 4238 2761 4293 καὶ
2812 4236 3007 4307 θνητὸν
3056 4236 3150 4292 τὸν
3196 4234 3458 4300 ἀθάνατον
3514 4231 3760 4308 ἀπεργά-

2103 4351 2284 4401 σηται.
2340 4330 2403 4386 ⁸ι)
2454 4325 2512 4383 δὲ
2559 4323 2863 4402 ἄνθρωπος,
2920 4326 2992 4388 ὠς
3046 4325 3121 4399 μὴ
3168 4323 3315 4400 ἔχων
3345 4328 3534 4400 πεῖραν
3566 4319 3760 4384 κακίας

2101 4424 2200 4476 τοῦ
2243 4422 2508 4495 πονηροῦ,
2557 4415 2761 4487 ἤκουσε
2807 4422 2908 4486 τῆς
2956 4408 3277 4487 συμϐουλῆς
3327 4416 3423 4469 τοῦ
3469 4408 3762 4479 διαϐόλου,

2104 4510 2194 4564 καὶ
2250 4508 2564 4583 παρήκουσε
2619 4509 2716 4559 τοῦ
2774 4507 2907 4559 Θεοῦ
2934 4547 2947 4571 ,
3004 4503 3094 4558 καὶ
3154 4501 3339 4558 ἔκτοτε
3392 4499 3606 4572 ἐδέξατο
3664 4498 3759 4554 τὸν

2107 4596 2331 4662 θάνατον
2375 4601 2477 4665 τῆς
2537 4593 2826 4669 ἁμαρτίας,
2889 4591 3102 4666 ὁμοίως
3163 4591 3254 4647 καὶ
3313 4592 3507 4653 πάντες
3584 4588 3635 4643 οἱ
3708 4587 3762 4663 ἐξ

346 4688 507 4744 velut
565 4704 635 4743 ex
692 4687 1014 4757 majoribus
1065 4692 1367 4759 peccatum
1422 4689 1484 4744 in
1537 4703 1599 4743 se
1656 4687 1983 4744 derivantes

2108 4684 2314 4742 ἐκείδου
2360 4684 2646 4759 γενόμενοι
2697 4681 2996 4758 ἄνθρωποι,
3064 4681 3141 4744 ὡς
3193 4679 3254 4736 ἐκ
3318 4678 3601 4756 προγόνων
3658 4678 3765 4746 τὴν

349 4776 584 4834 obnoxii
636 4775 688 4832 ei
747 4778 942 4832 fuere:
978 4783 1036 4833 et
1090 4778 1395 4849 prtsvaluit
1441 4784 1743 4850 peccatum
1798 4782 1983 4832 contra

2109 4772 2373 4850 ἁμαρτίαν
2408 4767 2691 4843 λαϐόντες,
2744 4771 3039 4846 ἐκράτησαν
3088 4769 3317 4842 ταύτην·
3345 4768 3434 4824 καὶ
3464 4766 3686 4844 ἴσχυσεν
3721 4769 3758 4837 ἡ

354 4865 644 4921 homines.
670 4865 829 4920 Misit
859 4869 1053 4921 autem
1087 4871 1237 4922 Deus
1270 4867 1583 4939 prophetas
1623 4871 1682 4923 et
1712 4866 1866 4924 286
1895 4867 1998 4923 do-

352 4959 542 5011 ctores
574 4955 630 5010 in
692 4955 981 5009 mundum
1011 4973 1022 5010 :
1059 4960 1122 5010 ut
1151 4956 1427 5012 docerent
1478 4958 1765 5011 mundum
1797 4956 1877 5028 (id
1910 4959 2000 5012 est

346 5044 644 5113 homines)
678 5051 735 5100 et
777 5049 1251 5101 converterentur
1276 5064 1308 5100 a
1339 5051 1610 5117 peccato:
1646 5062 1750 5101 nec
1798 5050 1996 5102 tamen

348 5137 666 5206 potuerunt
725 5132 1022 5206 prophetat
1079 5139 1435 5192 convertere.
1468 5135 1779 5206 Propterea
1828 5135 1995 5191 dixit.

347 5229 499 5279 Deus
531 5224 586 5278 in
649 5223 882 5295 seipse:
919 5223 1300 5294 Descendam,
1333 5230 1410 5293 et,
1440 5231 1745 5296 assumpta
1800 5239 1995 5295 carne,

343 5312 480 5368 [iam
515 5310 971 5379 bomiuiformis,
996 5317 1053 5367 et
1082 5313 1299 5369 docebo
1330 5315 1674 5388 figmentum
1697 5329 1916 5379 meum,
1942 5316 1999 5367 et

344 5405 716 5457 convertatur
744 5417 778 5456 a
807 5399 1055 5456 consilio
1087 5402 1333 5472 diaboli;
1368 5409 1423 5458 ct
1453 5404 1565 5460 erit
1599 5401 1790 5459 omnis
1822 5401 1996 5457 homo

347 5494 414 5545 ut
442 5490 619 5556 Deus,
651 5506 765 5545 non
825 5491 1150 5546 secundum
1186 5497 1479 5560 naturam,
1514 5493 1618 5548 sed
1670 5491 1997 5547 secundum

349 5578 745 5649 adeptionem.
780 5578 924 5633 Cum
985 5578 1104 5634 haec
1157 5580 1453 5652 placerent
1486 5586 1597 5635 Deo
1660 5579 1832 5647 Patri,
1867 5580 1996 5651 Spi-

348 5667 463 5723 ritu
497 5671 697 5722 sancto
728 5667 1062 5740 adjuvante,
1085 5669 1390 5726 descendit
1418 5669 1599 5725 Filius
1657 5673 1713 5725 et
1744 5668 1995 5725 Verbum

351 5755 535 5823 Dei,et
555 5755 860 5828 ingressus
874 5760 965 5812 est
981 5755 1433 5816 immaculatum
1451 5758 1711 5833 Virginis
1733 5757 1995 5817 mulieris

2108 4864 2347 4940 ἁμαρτία
2392 4863 2530 4918 κατὰ
2584 4866 2692 4916 τῶν
2750 4861 3074 4934 ἀνθρώπων.
3136 4861 3391 4933 Ἕπεμψε
3448 4854 3507 4913 δὶ
3568 4855 3761 4918 ὀΘεὸς

2106 4956 2390 5034 προφήτας
2422 4951 2511 5007 καὶ
2544 4947 2906 5011 διδασκάλους
2936 4948 3013 5012 εἱς
3060 4949 3153 5004 τὸν
3193 4947 3421 5021 κόσμον·
3467 4943 3563 5000 ’ίνα
3610 4940 3763 5000 διδά-

2108 5045 2235 5116 ξωσι
2282 5043 2376 5100 τὸν
2421 5041 2650 5113 κόσμον,
2699 5036 2870 5113 ἤγουν
2915 5039 3042 5101 τοὺς
3077 5038 3416 5111 ἀνθρώπους.
3446 5034 3537 5090 καὶ
3598 5053 3763 5109 στρα-

2108 5139 2278 5213 φῶσιν
2330 5131 2435 5186 ἀπὸ
2482 5135 2579 5193 τῆς
2628 5128 2915 5203 ἁμαρτίας·
2981 5126 3070 5182 καὶ
3130 5126 3230 5181 οὐκ
3282 5123 3634 5213 ἠδυνήθησαν
3704 5121 3762 5213 οἱ

2108 5211 2385 5300 προφῆται
2432 5223 2530 5275 τοῦ
2580 5215 2994 5293 διορθώσασθαι.
3052 5217 3149 5272 Διὰ
3192 5220 3354 5271 τοῦτο
3386 5213 3529 5270 εἶπεν
3566 5211 3593 5266 ὀ
3626 5211 3762 5272 Θεὸς

2107 5311 2158 5367 ἐν
2193 5313 2384 5383 ὲαυτιῖν
2436 5301 2850 5380 Καταϐήσομαι,
2896 5306 2985 5361 καὶ
3038 5306 3252 5384 φορὲσω
3310 5303 3501 5379 σάρκα,
3550 5301 3640 5356 καὶ
3670 5319 3762 5377 γε·

2106 5402 2343 5473 νήσομαι
2381 5395 2876 5474 ἁνθρωπόμορφος,
2907 5395 2996 5450 καὶ
3030 5392 3229 5466 διδάξω
3258 5394 3321 5449 τὸ
3368 5390 3599 5465 πλάσμα
3630 5408 3762 5464 μου,

2106 5490 2196 5545 καὶ
2244 5489 2607 5566 στραφήσεται
2663 5485 2769 5539 ἀπὸ
2814 5490 2916 5554 τῆς
2965 5488 3063 5539 τοῦ
3112 5478 3377 5540 διαϐόλου
3410 5475 3763 5566 συμϐουλῆς,

2104 5579 2191 5635 καὶ
2247 5563 2403 5633 ἔσται
2450 5580 2554 5637 πᾶς
2610 5570 2898 5648 ἅνθρωπος
2960 5573 3037 5635 ὡς
3096 5572 3229 5635 Θεὸς
3281 5571 3343 5627 οὗ
3389 5570 3528 5626 κατὰ
3573 5563 3759 5646 φύσιν,

2107 5666 2251 5725 ἀλλὰ
2278 5666 2414 5723 κατᾶ
2444 5665 2608 5729 θὲσιν.
2640 5663 2739 5717 Καὶ
2768 5665 2932 5718 τοῦτο
2970 5660 3265 5739 βουληθεὶς
3290 5661 3319 5717 ὀ
3369 5659 3499 5721 Θεὸς
3545 5653 3770 5730 εὐδοκία

2103 5761 2202 5814 τοῦ
2261 5755 2496 5833 ΙΙατρὸς,
2555 5751 2646 5808 καὶ
2700 5750 2987 5831 συνεργείᾳ
3042 5755 3141 5809 τοῦ
3207 5747 3365 5831 ἀγίνυ
3422 5746 3770 5824 “statim”,
