4148 6368
363 426 483 489 789

1684 418 2104 492 QUAESTION
2112 418 2205 481 ES
2248 422 2479 483 ALUE.

3673 425 3792 489 790

363 550 665 634 συγκατέϐη
708 555 737 610 ὁ
768 554 894 617 Υἱὸς
924 554 1014 609 καὶ
1064 554 1237 629 Λόγος
1295 553 1393 608 τοῦ
1442 555 1595 622 Θεοῦ,
1628 550 1716 606 καί
1767 550 2014 618 εἰσῆλθεν

2135 558 2391 623 uterum,
2425 561 2482 611 et
2526 561 2837 628 assumpta
2888 575 3062 615 carne
3103 574 3167 613 ex
3220 558 3340 625 illa,
3373 560 3549 615 homo
3597 561 3790 616 factus

364 646 439 709 είς
498 646 734 721 καθαρὰν
795 642 1011 700 κοιλίαν
1070 641 1339 719 παρθένου
1398 642 1674 716 γυναικὸς,
1710 640 1798 695 καὶ
1848 662 2015 707 προσ-

365 731 675 809 λαϐόμενος
713 737 883 810 σάρκα
924 732 975 804 ἐξ
1021 733 1210 804 αὐτῆς,
1259 731 1664 806 ἐνηνθρώπησε’
1714 731 1804 784 καὶ
1858 728 2020 785 πάλιν

364 825 421 879 ἐκ
476 829 577 890 τῆς
633 824 888 900 γυναικὸς
949 820 1202 895 ἐξελθὼν,
1262 820 1351 875 καὶ
1414 819 1800 895 ἐγκαταλείψας
1858 819 2024 888 αὐτὴν

362 914 596 986 καθαρὰν
666 912 757 967 καὶ
843 910 1274 989 ἐσφραγισμένην
1346 910 1607 985 παρθένον
1689 908 2019 981 ἀμόλυντον,

360 1005 601 1079 καθάπερ
657 1003 720 1057 τὸ
796 1001 1085 1077 πρότερον,
1142 999 1533 1070 περιεπάτησεν
1594 997 1645 1052 ἐν
1695 1003 1773 1070 τῷ
1829 997 2021 1070 κόσμῳ

364 1092 498 1166 μετὰ
544 1095 652 1146 τῶν
700 1090 1027 1163 ἀνθρώπων,
1080 1088 1154 1149 ὡς
1208 1086 1512 1163 ἄνθρωπος,
1554 1086 1643 1141 καὶ
1702 1086 1823 1141 τότε
1882 1086 2019 1141 ὠνο-

2128 648 2254 698 est:
2289 650 2346 698 et
2376 662 2583 700 rursus
2614 662 2884 713 egressus
2914 664 2981 702 ex
3013 647 3490 716 muliere,relicta
3520 649 3619 704 illa
3642 666 3790 721 pura

2133 734 2514 804 etobsignata
2533 734 2769 805 Virgine
2793 735 3530 808 incontaminata,quemad
3544 740 3784 793 modum

2134 822 2318 892 prius,
2356 824 2743 879 inambulavit
2776 827 2834 879 in
2886 827 3107 880 mundo
3156 843 3288 880 cum
3326 826 3685 894 hominibus,
3720 831 3787 882 ut

2132 910 2327 978 homo,
2362 918 2419 967 et
2447 919 2587 967 tunc
2617 914 2947 986 appellatus
2978 920 3066 968 est
3096 914 3545 984 Christus,quod
3571 922 3783 972 unctus

2132 1007 2308 1069 esset,
2334 1007 2390 1056 et
2419 1002 2652 1057 tulisset
2683 1020 2917 1059 carnem
2966 1002 3243 1058 hominis.
3278 1005 3347 1058 Et
3378 1003 3471 1059 hic
3501 1010 3590 1059 est
3618 1004 3784 1059 Chri-

2132 1094 2257 1145 stus
2290 1090 2473 1146 Filius
2503 1100 2558 1147 et
2588 1092 2845 1148 Verbum
2884 1093 3105 1163 Dei,qui
3139 1109 3373 1147 carnem
3406 1098 3616 1164 gestat.

366 1181 542 1253 μάσθη
601 1180 854 1256 Χριστὸς,
888 1175 978 1232 διὰ
1030 1178 1092 1232 τὸ
1145 1175 1440 1253 χρισθῆναί
1492 1197 1549 1231 τε
1604 1173 1693 1230 καὶ
1754 1176 1973 1253 φορέσαι
2031 1176 2127 1245 τὴν
2193 1178 2363 1253 σάρκα
2419 1183 2514 1233 τοῦ
2570 1180 2879 1255 ἀνθρώπου.
2914 1181 3011 1234 Καὶ
3070 1178 3228 1241 οὗτός
3289 1179 3428 1235 ἐστιν
3480 1182 3507 1235 ὁ
3552 1182 3787 1254 Χριστὸς

362 1269 391 1326 ὁ
420 1269 545 1332 Υἱὸς
574 1267 663 1324 καὶ
696 1268 875 1344 Λόγος
907 1271 1006 1323 τοῦ
1038 1270 1194 1338 Θεοῦ,
1228 1265 1256 1321 ὀ
1287 1269 1457 1341 σάρκα
1487 1270 1691 1344 φορῶν.

436 1413 631 1490 Ἐρώτ.
666 1414 751 1478 ιθ’.
787 1411 889 1468 Καὶ
942 1415 1062 1473 πῶς
1118 1414 1183 1481 ἦν
1244 1408 1467 1465 δυνατὸν
1530 1411 1699 1485 σάρκα
1754 1409 2017 1486 παρθένον

367 1505 644 1578 γεννῆσαι,
672 1502 763 1557 καὶ
798 1500 960 1557 πάλιν
998 1502 1174 1574 μένειν
1208 1500 1511 1575 παρθένον;
1547 1500 1634 1554 καὶ
1682 1497 1846 1554 τοῦτο
1894 1510 2017 1562 θαυ-

369 1592 569 1664 μαστὸν
627 1594 760 1665 ἡμῖν
821 1590 907 1647 καὶ
966 1592 1105 1645 πάνυ
1164 1590 1393 1660 ἐξαίσιον
1457 1588 1697 1667 φαίνεται
1732 1607 1745 1621 ’
1808 1585 2020 1658 δίδαξον

363 1681 513 1752 ἡμᾶς
543 1679 632 1735 καὶ
655 1680 777 1757 περὶ
807 1678 1028 1749 τούτου,
1062 1677 1314 1753 δεόμεθα.

432 1810 625 1872 Ἀπόκ.
659 1814 723 1871 Et
774 1816 864 1872 καὶ
916 1816 1222 1889 θαυμαστὸν
1271 1818 1407 1888 ἡμῖν
1459 1812 1610 1869 δοκεῖ
1658 1817 1841 1884 τοῦτο,
1888 1810 2016 1867 ἀλλ’

358 1904 459 1961 οὐκ
484 1905 775 1979 ἀνθρώπου
802 1905 866 1960 τὸ
918 1905 1095 1982 ἔργον,
1129 1910 1264 1959 Θεοῦ
1310 1902 1385 1959 δέ·
1422 1904 1559 1959 ὅπου
1605 1904 1705 1978 γὰρ
1762 1899 2016 1976 βούλεται

358 1995 513 2065 Θεὸς,
546 2001 757 2049 νικᾶται
815 1995 1024 2072 φύσεως
1076 1995 1242 2063 τάξις·
1280 1995 1369 2048 καὶ
1413 1993 1600 2049 πάλινο
1638 2016 1665 2043 ‹‹
1698 1992 2015 2063 Θαυμαστὸς

360 2086 388 2139 ὁ
421 2084 613 2153 Θεὸς,»
649 2084 737 2138 καὶ
772 2107 799 2136 ‹‹
827 2083 1117 2155 Θαυμαστὰ
1147 2083 1213 2137 τὰ
1244 2080 1369 2157 ἔργα
1398 2082 1583 2137 αὐτοῦ.
1612 2106 1631 2131 ι
1665 2079 1819 2147 Πλὴι
1854 2077 2015 2133 ἄκου-

2206 1413 2431 1476 ΟΙΙᾸΞΞΤ.
2467 1413 2606 1471 ΧῐΧ.
2641 1416 2709 1470 Et
2740 1416 3032 1487 quomodo
3065 1415 3189 1469 ﬁeri
3241 1419 3449 1487 potest,
3485 1415 3788 1487 Virginem

2132 1518 2333 1572 parere
2363 1520 2621 1571 carnem,
2655 1508 2711 1559 et
2740 1508 2937 1559 tamen
2973 1520 3208 1560 manere
3229 1504 3515 1576 virginem
3543 1507 3565 1559 Ρ
3593 1509 3650 1559 et
3678 1504 3789 1561 hoc

2130 1592 2300 1646 nobis
2335 1593 2551 1648 mirum
2583 1594 2815 1649 videtur
2845 1598 2901 1648 et
2946 1594 3184 1649 omnino
3226 1594 3588 1651 absurdum:
3642 1595 3786 1650 doce

2128 1696 2233 1734 nos
2266 1680 2443 1735 etiam
2476 1681 2584 1736 hac
2616 1684 2685 1737 de
2717 1699 2796 1750 re,
2832 1700 3196 1754 quaesumus.

2198 1813 2366 1868 Rssr.
2401 1815 2520 1869 Etsi
2556 1816 2726 1871 nobis
2777 1816 2885 1871 hoc
2918 1818 3240 1889 permirum
3297 1817 3546 1883 videtur,
3578 1833 3780 1872 verum

2127 1918 2242 1957 non
2275 1908 2365 1957 est
2411 1904 2671 1959 hominis
2721 1922 2889 1978 Opus,
2941 1908 3041 1961 sed
3094 1908 3237 1962 Dei:
3294 1908 3443 1961 Deus
3492 1908 3645 1961 enim
3681 1907 3781 1961 ubi

2124 1991 2270 2057 vult,
2302 1992 2484 2047 vincit
2517 1999 2736 2049 naturae
2788 1995 3075 2049 ordinem.
3130 1996 3196 2049 Et
3243 2012 3488 2050 rursus:
3524 2018 3551 2045 ‹‹
3603 1995 3781 2051 Mira-

2125 2078 2263 2135 bilis
2290 2086 2380 2135 est
2410 2082 2561 2137 Deus
2594 2085 2659 2151 ίί,
2693 2104 2719 2131 ››
2770 2090 2827 2137 et
2881 2107 2908 2132 ‹‹
2948 2083 3245 2139 Mirabilia
3302 2102 3476 2154 opera
3504 2088 3717 2156 ejus”.
3752 2108 3780 2137 ››

361 2194 451 2227 σον
509 2173 632 2244 περὶ
688 2175 787 2242 τῆς
863 2174 1199 2247 γεννησάσης
1281 2170 1551 2248 Παρθένου
1628 2167 1854 2224 ποικίλα
1928 2168 2014 2223 καὶ

2128 2168 2542 2226 Verumtamen
2605 2172 2742 2227 audi
2800 2175 2871 2228 de
2920 2173 3141 2245 virgine
3198 2173 3479 2245 genitrice
3533 2176 3693 2229 varia
3727 2180 3783 2229 et

360 2261 713 2338 ἐναργέστατα
771 2257 1044 2334 σύμϐολα⁸
1108 2264 1403 2335 μνήσθητι,
1463 2261 1546 2316 ὅτι
1618 2258 1879 2334 παρθένος
1936 2256 2008 2312 ὢν

360 2352 389 2406 ὁ
448 2350 630 2423 Ἀδὰμ
681 2352 781 2419 τὴν
842 2349 980 2406 Εὕαν
1047 2350 1332 2426 ἐγέννησεο
1392 2349 1483 2404 καὶ
1538 2348 1703 2404 πάλιν
1753 2347 2015 2423 παρθένος

361 2437 620 2514 διέμεινε,
659 2440 899 2514 καθάπερ
950 2441 1014 2495 τὸ
1061 2440 1346 2515 πρότερον.
1381 2439 1478 2493 Καὶ
1529 2437 1710 2513 ὥσπερ
1762 2438 1790 2491 ὁ
1841 2434 2019 2509 ’Δδὰμ

359 2530 619 2603 παρθένος
666 2527 914 2603 ἐγέννησε
970 2528 1057 2582 καὶ
1116 2528 1380 2600 παρθένος
1440 2525 1694 2600 διέμεινε,
1729 2526 1871 2581 οὕτω
1928 2524 2016 2580 καί

360 2619 395 2687 ἡ
447 2617 711 2679 Θεοτόκος
766 2616 968 2691 Μαρία,
1018 2618 1282 2693 παρθένος
1334 2614 1486 2686 οὖσα,
1534 2614 1682 2670 ἓτεκε
1738 2615 1827 2669 τὸν
1886 2620 2015 2689 Χρι-

361 2708 508 2778 στὸν,
541 2707 631 2763 καὶ
685 2706 850 2762 πάλιν
904 2708 1165 2782 παρθένος
1218 2702 1472 2779 διέμεινε.
1506 2703 1683 2760 Ἀλλὰ
1735 2703 1823 2757 καὶ
1874 2700 2015 2758 ἄλλο

358 2797 499 2869 πρὸς
555 2800 719 2851 τοῦτο
756 2798 1056 2872 μυστήριον
1114 2794 1595 2867 ἅκουσον.”Ωσπερ
1657 2793 1804 2855 οἶκος
1862 2812 2014 2865 περι-

359 2886 744 2964 πεφραγμένος
801 2884 1063 2941 πάντοθεν
1116 2884 1438 2940 ἀνατολικὸν
1509 2880 1652 2959 ἔχων
1711 2880 1916 2937 ὑέλινόν
1959 2901 2018 2936 τε

359 2975 591 3051 καθαρὸν
649 2975 741 3030 καὶ
802 2974 1129 3031 λεπτότατον
1190 2970 1601 3050 παραθυρίδιον,
1637 2970 2013 3033 ἀνατείλαντος

359 3068 455 3119 τοῦ
512 3062 675 3133 ἡλίου
733 3065 789 3118 αἱ
849 3066 1053 3125 ἀκτῖνες
1124 3062 1289 3118 αὐτοῦ
1357 3059 1652 3135 διαπερῶσι
1708 3061 1798 3115 τὸν
1857 3057 2012 3114 ὑελὸν

360 3152 450 3206 καὶ
511 3152 852 3229 εἰσέρχονται
910 3154 1086 3208 πάντα
1141 3153 1232 3207 τὸν
1293 3152 1440 3207 οἶκον
1498 3148 1960 3228 καταφωτίζοντες
1997 3166 2010 3180 ⁸

358 3241 449 3296 καὶ
508 3242 672 3298 πάλιν
723 3242 1144 3318 παρερχομένου
1201 3246 1297 3295 τοῦ
1357 3238 1523 3309 ἡλίου
1584 3239 1670 3294 καὶ
1708 3244 1815 3293 τῶν
1849 3237 2011 3292 αὐτοῦ

361 3330 588 3384 ἀκτίνων
644 3330 1041 3405 ἐξερχομένων,
1076 3332 1105 3386 ὁ
1164 3328 1317 3391 ὑελὸς
1365 3328 1425 3383 οὐ
1476 3323 1833 3403 συντρίϐεται,
1884 3324 2010 3381 ἀλλ’

361 3414 610 3488 ἀϐλαϐὴς
665 3419 726 3474 ἐκ
780 3424 886 3474 τῶν
922 3418 1321 3495 εἷ’σερχομένων
1379 3440 1437 3473 τε
1493 3417 1581 3472 καί
1640 3415 2010 3493 ἐξερχομένων

355 3507 773 3585 προσκρούσεων
805 3512 901 3563 τοῦ
932 3507 1095 3577 ἡλίου
1140 3505 1379 3580 διαμένει
1430 3506 1680 3561 ἀκτίνων’
1716 3506 1859 3561 οὕτω
1911 3526 2004 3578 μοι
2038 3544 2078 3610 C

355 3596 464 3651 νόει
523 3596 612 3651 καὶ
670 3597 793 3673 περὶ
852 3600 952 3662 τῆς
1011 3598 1360 3673 ἀειπαρθένου
1403 3596 1635 3670 Μαρίας.
1690 3595 1840 3665 Αὕτη
1900 3596 2003 3671 γὰρ

354 3688 389 3755 ἡ
438 3687 730 3760 πάναγνος,
762 3686 837 3749 ὡς
888 3686 1038 3748 οἶκος
1084 3684 1215 3741 οὖσα
1262 3684 1792 3763 περιπεφραγμένος,
1826 3686 1854 3738 ὁ
1884 3686 2006 3746 Υἱὸς

352 3774 439 3830 ταὶ
472 3777 646 3852 Λόγος
674 3779 776 3831 τοῦ
806 3780 941 3831 Θεοῦ
970 3775 1209 3851 καθάπερ
1241 3774 1393 3837 ἀκτὶς
1424 3776 1576 3842 θεϊκή
1612 3773 1670 3828 ἐκ
1705 3778 1801 3828 τοῦ
1844 3772 2007 3843 ἡλίου

353 3869 454 3931 τῆς
487 3860 837 3932 δικαιοσύνης
886 3867 984 3918 τοῦ
1032 3863 1244 3937 Πατρὸς
1292 3861 1594 3933 κατελθὼν,
1628 3861 1713 3916 καὶ
1774 3858 1864 3915 διὰ
1912 3865 2009 3915 τοῦ

360 3950 575 4007 ὑελίνου
632 3948 1025 4026 παραθυριδίου
1081 3955 1190 4005 τῶν
1266 3949 1442 4005 ὠτίων
1504 3950 1669 4015 αὐτῆς
1728 3948 2008 4019 εἷ’σελθὼν,

355 4040 447 4095 τὸν
480 4041 738 4115 πυάγιον
772 4041 918 4095 οἶκον
966 4039 1132 4105 αὐτῆς
1181 4040 1533 4117 κατεφώτισι,
1577 4040 1666 4093 καὶ
1723 4038 1888 4094 πάλιν
1936 4040 2011 4100 ὡς

359 4126 499 4183 οἶδεν
560 4128 745 4200 αὐτὸς,
808 4127 1022 4199 ἐξῆλθε,
1087 4130 1163 4201 μὴ
1221 4126 1472 4201 λυμήνας
1550 4128 1649 4196 τήν
1727 4126 2014 4203 παρθενίαν

361 4217 564 4288 ἐκείνης
608 4219 670 4273 τὸ
730 4217 980 4274 σύνολον·
1016 4216 1141 4273 ἀλλ’
1199 4218 1273 4280 ὡς
1325 4218 1431 4293 πρὸ
1475 4221 1572 4272 τοῦ
1604 4216 1789 4285 τόκου,
1822 4218 1911 4270 καὶ
1959 4222 2009 4270 ἐν

357 4312 437 4379 τῷ
477 4307 625 4381 τόκῳ
680 4308 770 4363 καὶ
834 4309 969 4382 μετὰ
1026 4310 1115 4364 τὸν
1174 4307 1334 4363 τόκον
1382 4306 1640 4384 παρθένον
1702 4308 1866 4380 ἀγνήν
1929 4304 2014 4360 δι-

358 4394 608 4475 εφύλαξε.
669 4397 773 4452 Σὺν
849 4399 1066 4460 τούτοις
1123 4394 1182 4453 δὶ
1237 4397 1327 4452 καὶ
1384 4394 1567 4472 ἕτερον
1644 4394 2013 4473 φωτολαμπὲς

353 4488 445 4542 καὶ
504 4488 985 4560 θαυμαστώτατον,
1031 4485 1295 4543 κάκείνων
1348 4486 1660 4561 παρόμοιον
1720 4483 2017 4558 ἐκτύπωμα

357 4577 613 4633 ἄκουσον.
670 4578 729 4633 Ὁ
810 4576 1149 4652 μαργαρίτης
1226 4576 1278 4631 ἐν
1349 4580 1418 4650 τῇ
1482 4576 1716 4651 Ἐρυθρᾷ
1775 4574 2016 4648 θαλάσσῃ

359 4662 585 4739 γίνεται·
645 4664 847 4739 γίνεται
908 4662 966 4718 δὲ
1023 4664 1323 4727 οὕτως.Αἰ
1382 4666 1541 4739 ἄκραι
1601 4668 1698 4729 τῆς
1758 4664 2017 4738 Ἐρυθρᾶς

361 4753 637 4821 θαλάσσης
669 4752 825 4823 ξηραί
854 4752 1009 4823 εἰσιν,
1047 4751 1237 4828 ὀλίγου
1294 4753 1453 4828 χύσιν
1516 4750 1710 4813 ὕδατος
1768 4748 2012 4829 ἔχουσαι.

360 4839 717 4918 Εὐρίσκονται
752 4839 809 4897 δὲ
836 4840 1008 4896 ἐκεῖσε
1053 4839 1532 4915 ὀστρακοδέρματά
1575 4862 1696 4895 τινα
1752 4840 2018 4905 θαλάσσια

2128 2257 2573 2314 evidentissima
2606 2261 2911 2333 symbola;
2954 2264 3257 2318 recordare
3288 2264 3439 2335 quod
3477 2267 3648 2318 Evam
3682 2281 3781 2335 ge-

2128 2348 2323 2401 nuerit
2376 2349 2584 2411 Adam.
2619 2366 2752 2404 cum
2814 2356 2971 2406 esset
3022 2353 3217 2421 virgo:
3280 2356 3338 2407 et
3385 2368 3592 2407 rursus
3621 2352 3782 2423 virgo

2128 2437 2433 2505 manserit,
2486 2440 2985 2509 quemadmodum
3038 2441 3225 2512 prius.
3279 2441 3344 2495 Et
3395 2442 3544 2495 sicut
3595 2443 3779 2495 Adam

2124 2525 2285 2597 virgo
2318 2527 2635 2596 generavit,
2671 2534 2725 2582 et
2752 2529 2911 2600 virgo
2945 2529 3274 2596 mansit,ita
3307 2536 3363 2584 et
3399 2529 3640 2600 lleipara
3661 2530 3779 2585 Ma-

2126 2614 2232 2682 ria,
2266 2614 2427 2687 virgo
2458 2632 2591 2671 eum
2643 2621 2821 2686 esset,
2870 2619 3093 2689 peperit
3141 2618 3461 2687 Christum,
3494 2625 3551 2674 et
3580 2625 3776 2675 tamen

2123 2702 2285 2774 virgo
2320 2704 2782 2774 permansit.Sed
2808 2712 2866 2761 et
2896 2707 3053 2761 aliud
3088 2708 3224 2762 audi
3255 2708 3637 2779 mysterium:
3666 2707 3778 2763 sic-

2126 2798 2191 2846 ut
2219 2793 2430 2849 domus
2460 2795 2851 2865 circumsepta
2901 2796 3185 2868 undique,
3220 2814 3348 2869 quae
3380 2797 3557 2853 habet
3585 2797 3777 2853 orien-

2124 2883 2241 2935 tem
2275 2876 2479 2938 v‘ersus
2511 2884 2749 2939 vitream
2796 2901 3003 2956 puram
3049 2891 3105 2938 et
3156 2885 3570 2941 tenuissimam
3619 2886 3780 2940 fene-

2125 2970 2613 3036 stellam,oriente
2644 2972 2788 3038 sole,
2824 2973 2970 3028 radii
3001 2974 3130 3045 ejus
3160 2980 3531 3045 penetrantes
3564 2975 3777 3030 vitrum

2125 3063 2184 3113 et
2213 3058 2609 3131 ingredientes
2662 3063 2903 3117 domum
2938 3066 3117 3117 totam
3150 3062 3530 3119 collustrant:
3563 3068 3621 3118 et
3652 3081 3779 3118 rur-

2124 3164 2227 3203 sus
2261 3154 2599 3205 transeunte
2630 3150 2751 3206 sole
2781 3155 2837 3205 et
2882 3151 3318 3222 egredientibus
3350 3152 3531 3207 radiis
3560 3153 3778 3209 vitrum

2125 3255 2239 3293 non
2273 3238 2683 3310 confringitur,
2732 3242 2831 3294 sed
2885 3241 2955 3295 ab
3006 3240 3470 3313 ingredientibus
3515 3248 3571 3296 et
3603 3259 3770 3311 egre-

2121 3326 2418 3383 dientibus
2496 3330 3042 3401 repercussionibus
3116 3331 3411 3385 radiorum
3488 3331 3769 3386 solarium

2121 3422 2319 3472 manet
2352 3417 2638 3485 illaesum;
2681 3419 2761 3473 ita
2813 3419 3105 3491 intelligas
3153 3420 3224 3474 de
3275 3436 3509 3491 semper
3536 3420 3775 3491 Virgine

2120 3506 2323 3563 Maria.
2375 3507 2479 3561 llla
2516 3507 2670 3561 enim
2731 3509 3084 3575 castissima,
3119 3512 3184 3564 ut
3242 3510 3453 3564 domus
3504 3512 3768 3580 quaedam

2118 3596 2507 3666 circumsepta
2541 3613 2675 3651 cum
2703 3597 2798 3666 sit,
2838 3598 3014 3653 Filius
3057 3602 3113 3654 et
3140 3598 3397 3653 Verbum
3452 3599 3551 3654 Dei
3584 3604 3648 3654 ut
3677 3616 3769 3655 ra-

2116 3684 2251 3740 dius
2281 3684 2512 3740 divinus
2542 3702 2610 3740 ex
2642 3685 2761 3741 sole
2781 3686 3028 3755 justitiae
3060 3691 3227 3743 Patre
3258 3689 3640 3754 descendens,
3667 3688 3769 3761 qui

2118 3790 2221 3845 per
2248 3774 2491 3829 vitream
2549 3774 2912 3831 fenestellam
2966 3776 3198 3831 aurium
3250 3776 3410 3832 illius
3468 3778 3775 3849 ingressus

2120 3862 2557 3918 sanctissimam
2593 3865 2830 3919 domum
2864 3865 2986 3934 ejus
3018 3865 3350 3933 illustravit,
3385 3876 3441 3921 et
3472 3884 3676 3923 rursus
3709 3872 3779 3923 ut

2119 3952 2275 4007 idem
2310 3952 2492 4019 novit,
2524 3953 2718 4023 exivit,
2755 3970 2826 4008 ne
2857 3953 3100 4009 minime
3130 3954 3367 4025 quidem
3420 3956 3633 4010 foedata
3665 3956 3780 4009 vir-

2121 4042 2367 4113 ginitate
2417 4040 2612 4097 illius:
2666 4043 2766 4097 sed
2818 4042 2973 4099 sicut
3020 4048 3153 4099 ante
3202 4049 3455 4114 partum,
3508 4045 3683 4099 etiam
3718 4045 3777 4100 in

2124 4135 2319 4202 partu,
2350 4136 2407 4185 et
2436 4137 2567 4201 post
2598 4137 2830 4203 partum
2861 4132 3159 4205 Virginem
3214 4140 3433 4189 castam
3468 4151 3777 4191 conserva-

2123 4220 2224 4275 vit.
2278 4224 2556 4276 Praeterea
2604 4226 2659 4276 et
2707 4221 2882 4277 aliam
2934 4221 3223 4281 illustrem
3275 4223 3684 4280 admirandam
3724 4229 3782 4280 et

2124 4309 2243 4364 illis
2276 4308 2530 4364 similem
2556 4311 2693 4365 audi
2718 4310 3517 4383 similitudinem.Margarita
3539 4314 3597 4367 in
3632 4314 3781 4369 mari

2127 4398 2323 4454 Rubro
2355 4404 2702 4469 generatur:
2739 4405 3053 4471 generatur
3082 4405 3277 4457 autem
3312 4401 3421 4455 hoc
3454 4404 3646 4457 modo.
3680 4404 3787 4458 Ex-

2125 4490 2453 4545 tremitates
2515 4491 2697 4545 maris
2764 4492 2941 4546 Rubri
3014 4491 3183 4547 sicca;
3241 4496 3401 4559 sunt,
3462 4508 3781 4562 paucarum

2126 4595 2415 4649 aquarum
2448 4579 2665 4635 ﬂuxum
2702 4580 3006 4635 habentes.
3044 4580 3424 4635 Inveniuntur
3474 4586 3669 4637 autem
3700 4580 3781 4636 ibi

2126 4667 2414 4723 conchilia
2447 4671 2692 4738 marina,
2728 4670 2787 4723 in
2840 4674 2959 4725 toto
3000 4669 3145 4724 mari
3198 4669 3297 4724 illo
3343 4669 3559 4739 Rubro,
3593 4670 3783 4743 pinna

2127 4758 2450 4813 nominata.
2485 4758 2655 4813 Stant
2680 4759 2860 4830 igitur
2908 4759 3098 4830 pinnas
3129 4758 3241 4813 illis
3291 4775 3523 4832 semper
3551 4759 3785 4816 hiantes

2126 4852 2184 4901 et
2212 4852 2620 4918 exspectantes
2642 4864 2805 4903 escas
2829 4848 2899 4901 ad
2935 4848 3363 4904 nutrimentum
3386 4850 3512 4904 sui:
3546 4849 3782 4906 interim

360 4930 414 4986 ἐν
451 4933 599 4997 πάση
651 4935 718 5005 τῇ
764 4932 996 5007 Ἐρυθρᾷ
1047 4929 1290 5005 θαλάσσῃ
1343 4929 1535 5003 ἐκείνης
1568 4929 1748 4984 πίνναι
1811 4930 2012 5002 ὀνομα-

2128 4936 2263 4991 dum
2296 4936 2377 4991 ita
2400 4937 2735 4992 consistunt
2759 4937 3073 5003 hiantes,et
3102 4944 3441 5009 exspectant
3463 4940 3787 4995 nutrimen-

362 5021 585 5095 ζόμενα.
637 5023 906 5077 ’Ίστανται
965 5019 1056 5075 οῦν
1119 5020 1174 5074 αἱ
1213 5018 1392 5074 πίνναι
1445 5018 1642 5074 ἐκεῖναι
1703 5018 1784 5072 ἀεὶ
1842 5038 2014 5093 κεχηο

369 5116 525 5185 δυῖαι,
559 5110 648 5166 καὶ
681 5108 1037 5187 ἐκδεχόμεναι
1094 5110 1360 5185 βρώματα
1418 5108 1493 5171 εἰς
1549 5108 1757 5185 τροφὴν
1816 5108 2015 5167 αὐτῶν.

361 5200 446 5255 Ἐν
504 5204 634 5275 γοῦν
692 5206 771 5273 τῷ
830 5199 1072 5256 ἵστασθαι
1130 5200 1293 5262 αὐτας
1324 5197 1620 5275 κεχηνυίας
1652 5198 1739 5251 καὶ
1800 5195 2018 5275 ἐκδεχο-

371 5290 530 5361 μένας
560 5291 660 5360 τήν
714 5292 915 5346 ἑαυτῶν
947 5291 1179 5367 τροφὴν,
1212 5294 1428 5365 συχνῶν
1484 5288 1789 5365 γενομένων
1848 5287 2019 5344 ἐκεῖσε

364 5382 474 5433 τῶν
551 5380 862 5455 ἀστραπῶν,
921 5379 1243 5458 κατέρχεται
1300 5384 1333 5449 ἡ
1396 5378 1643 5455 ἀστραπή
1722 5378 1857 5453 πρὸς
1916 5378 2015 5446 τήν

362 5466 577 5543 πίνναν,
647 5469 739 5524 καὶ
815 5467 1137 5542 εὑρίσκουσα
1207 5472 1275 5524 τὰ
1349 5472 1446 5535 τῆς
1518 5466 1711 5536 πίννης
1786 5461 2020 5541 ὄστρακα

440 5757 481 5793 “
517 5754 667 5814 Pul.
700 5767 876 5824 um,
905 5752 997 5811 36.
1076 5751 1122 5790 ¹²
1152 5749 1328 5813 Eocli.
1358 5768 1415 5824 ι,
1446 5753 1502 5810 ι.

2124 5028 2274 5090 tum,
2309 5029 2365 5079 et
2424 5041 2639 5095 magna
2688 5026 2855 5097 cepia
2912 5027 3136 5081 accedit
3182 5027 3503 5099 fulgurum,
3564 5029 3789 5083 accedit

2128 5112 2364 5184 aliquod
2399 5113 2599 5183 fulgur
2630 5115 2701 5169 ad
2754 5116 3022 5185 pinnam,
3054 5120 3111 5170 et
3158 5132 3293 5169 cum
3325 5116 3573 5187 reperiat
3605 5121 3787 5173 testas

2128 5202 2319 5273 pinnae
2372 5208 2625 5273 apertas,
2678 5202 3009 5273 ingreditur
3062 5204 3121 5257 in
3172 5202 3372 5270 illam;
3424 5204 3604 5274 pinna
3650 5221 3784 5260 vero

2128 5296 2429 5346 contracta
2460 5293 2661 5346 statim
2695 5296 2750 5347 et
2781 5291 3176 5347 constrictain
3212 5291 3468 5361 seipsam
3496 5292 3657 5349 intus
3690 5295 3786 5349 in-

2128 5379 2313 5435 cludit
2348 5379 2794 5451 fulgur.Fulgur
2818 5396 2950 5435 vero
2973 5379 3313 5435 obvolutum
3342 5380 3400 5434 in
3433 5382 3623 5453 globis
3655 5399 3791 5438 ocu-

2130 5468 2319 5524 lorum
2355 5469 2567 5541 pimus,
2628 5469 2887 5524 illustrat
2934 5468 3090 5536 illos,
3120 5473 3176 5523 et
3232 5476 3560 5525 commutat
3598 5487 3699 5528 eos
3728 5472 3789 5528 in
