4148 6366
277 424 388 484 ’191

1472 419 1538 479 S.
1583 414 2105 479 ATHANASIUS.
2137 450 2216 465 —
2245 419 2509 483 DUBIA.

3602 419 3723 483 792

282 554 655 627 margaritas.
687 554 947 625 Egressae
999 555 1194 607 autem
1243 551 1573 624 margaritae
1617 567 1683 606 ex
1735 549 1936 622 pinna,

2075 549 2389 624 ὶνεῳγμένα,
2423 550 2724 626 εἷσέρχεται
2779 551 2857 612 εἷς
2915 549 3104 621 αὐτήνο
3137 551 3174 620 ἡ
3234 545 3293 604 δὲ
3345 547 3522 618 πίννα,
3556 549 3716 615 εὐθὺς

283 645 598 718 procidunt
629 643 699 698 ad
732 642 900 697 littus
934 641 1134 709 maris,
1171 645 1348 714 atque
1392 641 1477 695 ita
1507 641 1826 712 piscatores
1853 655 1949 693 ca-

283 737 455 808 piunt
511 733 663 788 illas.
728 731 971 786 Perinde
1047 731 1342 803 intelligas
1401 731 1469 784 de
1547 729 1950 784 incarnatione

285 822 486 879 Verbi.
519 825 672 876 Mare
735 821 971 892 quidem
1007 824 1097 873 est
1156 821 1441 888 mundus,
1483 822 1539 872 et
1585 819 1760 890 Virgo
1810 834 1951 872 con-

289 913 418 970 cha.
453 913 660 967 Stabat
707 915 903 965 autem
958 909 1153 980 Virgo,
1197 909 1692 980 quemadmodum
1748 908 1950 978 pinna,

287 1003 349 1059 in
383 1001 624 1072 templo,
650 1005 705 1053 et
736 999 1060 1070 excipiebat
1091 998 1383 1053 cmlestem
1421 1014 1628 1068 panem
1653 996 1951 1052 Christum

290 1091 500 1156 Deum,
537 1089 633 1160 qui
670 1092 727 1144 et
777 1088 1140 1142 descendens
1177 1092 1235 1141 et
1266 1087 1570 1157 ingressus
1602 1085 1657 1138 in
1707 1102 1856 1153 eam,
1891 1091 1956 1139 ut

292 1179 516 1251 fulgur,
551 1183 607 1233 et
647 1177 993 1231 convolutos
1027 1176 1081 1229 in
1135 1175 1454 1230 visceribus
1494 1175 1850 1246 virginitatis
1884 1174 1954 1229 il-

299 1268 438 1336 lius,
491 1267 859 1338 splendidam
914 1265 1169 1319 reddidit
1215 1264 1652 1320 sanctissimam
1695 1281 1955 1334 carnem,

297 1373 480 1430 quam
514 1357 839 1427 assumpsit
867 1355 1014 1411 287
1053 1354 1431 1420 incarnatus;
1465 1359 1521 1408 et
1545 1353 1630 1408 sic
1663 1360 1836 1407 natus
1869 1358 1958 1408 est

299 1464 369 1503 ex
399 1463 487 1515 ea,
521 1445 778 1500 Verbum
810 1444 926 1513 Dei,
963 1450 1026 1498 ut
1057 1459 1203 1514 pura
1232 1448 1288 1498 et
1341 1442 1768 1514 pretiosissima
1796 1460 1956 1497 mar-

296 1535 489 1608 garita
517 1533 646 1588 sine
675 1547 992 1604 congressu
1021 1531 1286 1586 masculi.
1321 1532 1391 1586 Et
1412 1536 1476 1586 ut
1504 1533 1821 1602 margarita
1841 1547 1955 1586 coe-

292 1623 462 1680 lestis
492 1626 581 1678 est
611 1627 669 1678 et
712 1626 982 1688 terrena;
1037 1621 1287 1676 ccelestis
1341 1621 1580 1693 quidem
1629 1621 1956 1675 secundum

294 1711 534 1783 fulgur:
568 1710 868 1766 terrestris
897 1725 1032 1765 vero
1060 1710 1384 1764 secundum
1416 1710 1785 1781 complexum
1820 1726 1959 1764 ocu-

295 1802 492 1859 lorum
528 1801 760 1872 pinnas;
808 1799 892 1855 sic
940 1799 1116 1854 etiam
1168 1798 1435 1856 Christus
1482 1799 1738 1856 caelestis
1786 1803 1876 1855 est
1903 1803 1962 1854 et

297 1895 610 1947 terrenus:
657 1889 912 1946 caelestis
974 1889 1211 1989 quidem
1265 1890 1591 1944 secundum
1641 1889 1957 1944 deitatem:
1991 1923 2039 1989 B

301 1980 598 2036 terrestris
619 1982 817 2034 autem
841 1978 1165 2034 secundum
1190 1977 1642 2034 humanitatem.
1674 1979 1743 2032 Et
1763 1995 1963 2050 quem-

305 2069 628 2125 admodum
662 2069 982 2140 margarita
1011 2073 1325 2140 generatur
1352 2067 1478 2124 sine
1507 2083 1823 2138 congressu
1848 2085 1964 2124 ma-

303 2157 455 2215 sculi
480 2161 539 2214 et
569 2157 819 2226 femina,
852 2173 918 2212 ex
954 2156 1180 2229 fulgore
1209 2163 1268 2212 et
1303 2155 1502 2229 pinna,
1537 2157 1619 2212 ita
1647 2158 1824 2214 etiam
1859 2175 1960 2213 na-

300 2249 400 2303 tus
429 2250 520 2302 est
562 2246 832 2302 Christus
866 2245 995 2302 sine
1042 2262 1363 2317 congressu
1413 2246 1660 2302 masculi
1709 2252 1766 2302 et
1796 2247 1962 2303 femi-

302 2353 413 2403 na,
443 2352 511 2392 ex
541 2335 779 2405 deitate,
811 2339 869 2390 et
907 2351 976 2390 ex
1024 2350 1197 2390 carne
1246 2335 1524 2407 Virginis.
1560 2336 1628 2390 Et
1675 2339 1964 2408 quemad-

302 2425 546 2482 modum
578 2441 712 2479 cum
739 2423 1056 2495 margarita
1076 2424 1416 2488 conteritur,
1446 2426 1690 2480 materia
1720 2427 1959 2498 quidem

302 2513 609 2571 oculorum
642 2513 837 2584 pinnae
879 2512 1200 2568 conteritur
1248 2516 1305 2568 et
1357 2513 1683 2582 resolvitur,
1737 2533 1842 2571 nec
1872 2521 1958 2573 ta-

306 2619 440 2658 men
473 2601 751 2674 splendor
774 2600 1028 2673 fulguris
1061 2602 1302 2673 patitur,
1337 2603 1436 2656 sed
1468 2601 1747 2674 splendor
1777 2605 1964 2677 fulgu-

302 2691 385 2746 ris
417 2689 769 2761 impalibilis
821 2695 1060 2744 manet:
1115 2690 1363 2745 materia
1410 2696 1605 2747 autem
1657 2693 1959 2749 oculorum

302 2778 499 2851 pinna
531 2777 658 2833 sola
687 2778 1013 2833 conteritur
1041 2782 1098 2832 et
1138 2779 1398 2849 patitur;
1429 2781 1509 2835 ita
1558 2786 1613 2835 et
1644 2781 1701 2836 in
1734 2783 1962 2838 Christo

304 2867 427 2923 haec
458 2866 839 2938 intelligenda
872 2871 1030 2922 sunt.
1064 2869 1206 2922 Cum
1237 2867 1395 2923 enim
1427 2869 1525 2926 ille
1567 2869 1829 2927 Salvator
1861 2891 1962 2927 no-

305 2961 430 3014 ster
459 2956 852 3030 ﬂagellaretur
877 2961 934 3011 et
973 2960 1270 3028 pateretur
1299 2975 1332 3012 a
1359 2958 1578 3014 Judeis
1628 2961 1964 3018 inﬁdelibus

305 3047 675 3102 excruciatus
706 3045 766 3101 in
800 3061 992 3110 cruce,
1028 3047 1275 3102 materia
1321 3046 1559 3118 quidem
1609 3049 1820 3118 carnis,
1856 3051 1964 3106 hoc

305 3139 396 3192 est
425 3134 786 3202 humanitas,
813 3135 938 3190 sola
959 3151 1133 3205 passa
1164 3139 1272 3200 est,
1301 3135 1488 3192 deitas
1510 3142 1706 3194 autem
1736 3141 1966 3212 impati-

305 3222 445 3280 bilis
475 3223 820 3295 permansit.
854 3223 921 3278 Et
977 3239 1110 3277 cum
1144 3223 1252 3278 hoc
1307 3224 1478 3290 diois,
1511 3226 1732 3283 refutas
1779 3229 1961 3286 Theo-

2059 637 2462 713 συστελλομένη
2522 639 2610 693 καὶ
2671 637 3075 717 συσφιγγομένη
3135 639 3254 702 καθ’
3310 637 3529 710 ἐαυτὴν,
3572 638 3722 703 ἐντὸς

2060 729 2225 796 αὐτῆς
2299 728 2580 783 ἀποκλείει
2661 729 2760 796 τήν
2836 729 3137 803 ἀστραπήν.
3198 733 3258 782 Ἦ
3326 726 3384 782 δὲ
3441 727 3714 804 ἀστραπὴ,

2058 817 2420 890 τυλισσομένη
2451 818 2525 880 εἰς
2551 817 2681 879 τοὺς
2713 813 3115 896 (7¹)φορϐείους
3144 822 3252 872 τῶν
3288 816 3591 894 ὀφθαλμῶν
3622 823 3723 884 τῆς

2061 908 2280 977 πίννης,
2346 906 2791 983 καταλαμπρυνει
2864 907 3079 974 αὐτοὺς,
3133 907 3222 962 καὶ
3299 913 3449 962 ποιεῖ
3523 907 3722 971 αὐτοὺς

2066 997 2422 1073 μαργαρίτας.
2459 997 2836 1073 Ἐξερχόμενοι
2872 994 2928 1051 δὲ
2969 999 3020 1052 oi
3075 1002 3402 1072 μαργαρῖται
3466 998 3572 1051 ἀπὸ
3619 1002 3724 1064 τῆς

2063 1087 2272 1159 πίννης,
2323 1087 2579 1142 πίπτουσι
2637 1087 2772 1163 πρὸς
2830 1085 2921 1140 τὸν
2983 1085 3229 1162 αἲγιαλὸν
3285 1091 3384 1152 τῆς
3443 1085 3724 1158 θαλάσσης

2065 1177 2295 1248 ἐκείνης,
2329 1177 2415 1231 καὶ
2449 1177 2621 1239 οὕτως
2663 1176 2997 1251 εὑρίσκουσιν
3052 1175 3246 1238 αὐτοὺς
3298 1178 3350 1230 oi
3400 1176 3724 1250 γυρεύοντες

2064 1267 2281 1327 αὐτούς.
2337 1266 2521 1328 Οὕτως
2604 1288 2695 1339 μοι
2756 1267 2865 1321 νόει
2919 1266 3009 1320 καὶ
3068 1265 3191 1341 περὶ
3241 1269 3339 1330 τῆς
3396 1266 3724 1340 σαρκώσεως

2065 1361 2160 1410 τοῦ
2214 1356 2415 1431 Λόγου.
2449 1356 2701 1412 Θάλασσα
2763 1357 2855 1430 μὲν
2908 1358 2935 1410 6
2985 1354 3214 1428 κόσμος,
3246 1355 3336 1409 καὶ
3377 1357 3412 1425 ἡ
3449 1357 3720 1430 Παρθένος

2064 1445 2346 1521 κογχύλη.
2377 1449 2591 1501 ’Ἱστατο
2637 1444 2693 1501 δὲ
2743 1449 2778 1514 ἡ
2833 1443 3105 1520 ΙΙαρθένος
3165 1444 3404 1516 καθάπερ
3464 1445 3624 1499 πίννα
3671 1445 3724 1499 ἐν

2064 1539 2143 1606 τῷ
2176 1539 2309 1605 ναῷ,
2344 1532 2678 1610 ἐκδεχομένη
2710 1535 2801 1588 τὸν
2832 1533 3080 1609 οὐράνιον
3146 1530 3306 1604 ἄρτον
3355 1533 3585 1609 Χριστὸν
3630 1534 3723 1588 τὸν

2067 1626 2216 1692 Θεὸν,
2250 1625 2308 1686 ὃς
2369 1625 2457 1679 καὶ
2516 1623 2790 1679 κατελθὼν
2848 1623 2938 1677 καί
2991 1619 3252 1685 εἰσελθὼν
3313 1621 3364 1676 ἐν
3423 1621 3585 1697 αὐτῇ,
3647 1624 3726 1684 ὡς

2069 1715 2337 1789 ἀστραπὴ,
2397 1713 2487 1768 καὶ
2565 1712 2964 1788 ἐντετυλιχθεὶς
3041 1711 3092 1766 ἐν
3169 1717 3288 1773 ταῖς
3355 1709 3554 1786 λαγόσι
3624 1716 3725 1778 τῆς

2067 1802 2352 1878 παρθενίας
2409 1802 2594 1874 αὐτῆς,
2642 1799 2990 1878 λαμπροειδῆ
3035 1798 3392 1855 κατεσκεύασε
3443 1801 3542 1869 τὴν
3595 1821 3730 1855 παν-

2069 1891 2220 1969 αγίαν
2273 1893 2463 1966 σάρκα,
2495 1892 2561 1961 ἣν
2619 1885 2994 1966 προσελάϐετο
3052 1889 3369 1965 σαρκωθείς⁶
3403 1889 3494 1944 καὶ
3550 1889 3724 1953 οὕτως

2073 1982 2328 2058 ἐγεννήθη
2391 1981 2442 2051 ἐξ
2499 1981 2666 2046 αὐτῆς
2726 1982 2798 2042 ὡς
2874 1979 3108 2055 καθαρὸς
3179 1979 3269 2033 καὶ
3343 1977 3728 2052 πολυτίμητος

2075 2071 2416 2146 μαργαρίτης
2468 2071 2496 2124 6
2547 2070 2724 2144 Λόγος
2773 2073 2870 2124 τοῦ
2914 2071 3047 2123 Θεοῦ
3098 2067 3274 2144 ⁹χωρὶς
3332 2066 3556 2144 ἄρρενος
3609 2089 3730 2122 συν-

2072 2159 2394 2234 ουσιασμοῦ.
2450 2160 2547 2215 Καὶ
2598 2159 2777 2233 ὥσπερ
2829 2159 2857 2212 6
2916 2157 3250 2234 μαργαρίτης
3303 2157 3556 2234 οὐράνιός
3617 2157 3730 2213 ἐστι

2070 2251 2160 2305 καὶ
2219 2249 2478 2326 ἐπίγειος,
2537 2247 2786 2326 οὐράνιος
2866 2248 2960 2320 μὲν
3037 2247 3171 2302 κατὰ
3242 2248 3344 2315 τὴν
3421 2248 3730 2324 ἀστραπὴν,

2072 2338 2308 2415 ἐπίγειος
2339 2337 2396 2394 δὲ
2424 2341 2558 2393 κατά
2589 2340 2686 2406 τήν
2739 2337 3063 2410 συμπλοκήν
3115 2341 3223 2391 τῶν
3273 2335 3580 2414 ὀφθαλμῶν
3630 2344 3732 2407 τῆς

2072 2427 2282 2499 πίννης
2314 2428 2457 2482 οὕτω
2515 2427 2663 2482 καὶὸ
2696 2427 2928 2501 Χριστὸς
2986 2424 3237 2501 οὐράνιός
3298 2425 3410 2479 ἐστι
3463 2427 3554 2481 καὶ
3615 2426 3732 2481 ἐπί-

2071 2537 2238 2593 γειος·
2301 2517 2551 2592 οὐράνιος
2615 2516 2708 2588 μέν
2769 2515 2905 2570 κατὰ
2957 2516 3056 2583 τὴν
3097 2513 3350 2584 θεότητα,
3384 2513 3626 2590 ἐπίγειος
3673 2513 3730 2571 δὶ

2072 2607 2207 2662 κατὰ
2263 2606 2675 2681 ἀνθρωπότητα.
2710 2605 2808 2658 Καὶ
2859 2605 3041 2678 ὥσπερ
3100 2605 3128 2658 6
3175 2603 3516 2679 μαργαρίτης
3567 2625 3728 2659 κατα-

2074 2697 2383 2764 σκευάζεται
2442 2695 2564 2750 ἆνευ
2632 2694 2914 2755 συνουσίας
2987 2692 3210 2770 ἄρρενος
3269 2693 3360 2747 καὶ
3420 2692 3617 2764 θήλεος
3676 2693 3726 2766 ἐξ

2073 2786 2350 2861 ἀστραπῆς
2409 2785 2498 2839 καὶ
2573 2791 2672 2852 τῆς
2743 2785 2957 2853 πίννης,
3010 2782 3186 2844 οὕτως
3264 2783 3355 2837 καὶ
3409 2783 3436 2836 6
3496 2781 3723 2857 Χριστὸς

2074 2875 2330 2950 ἐγεννήθη
2393 2873 2515 2928 ἄνευ
2574 2877 2973 2944 συνουσιασμοῦ
3035 2871 3255 2947 άῤῥενος
3283 2871 3371 2925 καὶ
3421 2869 3618 2940 θήλεος
3657 2869 3716 2923 ἐκ

2071 2972 2172 3035 τῆς
2233 2960 2512 3034 θεότητος,
2563 2962 2653 3017 καὶ
2711 2969 2810 3030 τῆς
2870 2961 3064 3036 σαρκὸς
3117 2967 3218 3030 τῆς
3277 2959 3566 3034 Παρθένου.
3615 2957 3719 3014 Καὶ

2074 3053 2255 3129 ὥσπερ
2289 3055 2316 3106 ὁ
2353 3050 2691 3126 μαργαρίτης
2728 3044 3171 3123 συντριϐόμενος,
3211 3045 3476 3110 πολλάκις
3524 3050 3562 3117 ἡ
3623 3047 3716 3118 μὶν

2073 3142 2178 3214 ὕλη
2211 3146 2319 3197 τῶν
2355 3140 2654 3219 ὀφθαλμῶν
2686 3143 2786 3205 τῆς
2815 3137 3010 3208 πίννης
3061 3133 3397 3213 συντρίϐεται
3455 3134 3548 3190 καὶ
3607 3131 3724 3189 δια-

2075 3231 2284 3304 λύεται,
2345 3228 2472 3306 οὒχὶ
2533 3227 2589 3284 δὲ
2647 3229 2735 3284 καὶ
2794 3231 2828 3296 ἡ
2891 3223 3216 3303 Λαμπρὸτης
3273 3227 3371 3296 τῆς
3449 3226 3728 3301 ἀστραπῆς

306 3294 629 3383 paschitas,
663 3316 719 3366 et
749 3311 924 3366 doces
969 3312 1335 3367 incarnatam
1377 3316 1782 3372 oeconomiam.
1821 3321 1961 3376 Hinc

2075 3323 2298 3396 πάσχει,
2335 3294 2523 3383 ἀλλ”ἠ
2564 3319 2657 3391 μὶν
2719 3316 3044 3391 λαμπρότης
3101 3319 3199 3384 τῆς
3258 3314 3539 3385 ἀστραπῆς
3593 3315 3735 3368 ἀπα-

305 3401 438 3468 tibi,
469 3400 698 3467 dilecte,
731 3401 1050 3473 scrupulus
1081 3403 1273 3473 gratia
1302 3403 1516 3459 Christi
1548 3407 1844 3467 eximitur.

2077 3413 2176 3479 θὴς
2235 3411 2500 3482 διαμένει,
2532 3411 2566 3478 ἡ
2603 3405 2660 3462 δὲ
2707 3406 2814 3476 ὕλη
2871 3410 2978 3460 τῶν
3035 3403 3335 3478 ὀφθαλμῶν
3381 3405 3486 3472 τῆς
3543 3402 3739 3472 πίννης

311 3488 450 3561 μόνη
517 3483 852 3564 συντρίϐεται
909 3489 998 3542 καὶ
1058 3491 1306 3564 πάσχει·
1367 3490 1538 3554 οὕτως
1589 3495 1678 3548 καὶ
1738 3496 1823 3551 ἐπὶ
1881 3505 1978 3554 τοῦ
2033 3503 2267 3576 Χριστοῦ
2326 3496 2407 3552 δεῖ
2462 3518 2518 3552 σε
2564 3502 2724 3552 νοεῖν.
2783 3495 3198 3568 Μαστιζομένου
3254 3495 3355 3569 γάρ
3414 3493 3580 3548 αὐτοῦ
3636 3495 3734 3546 τοῦ

309 3583 570 3652 Σωτῆρος
609 3579 795 3650 ἡμῶν,
826 3577 914 3632 καὶ
938 3579 1249 3654 πάσχοντος
1285 3580 1385 3634 ὑπὸ
1415 3585 1521 3636 τῶν
1556 3583 1792 3640 ἀπίστων
1827 3587 2104 3646 Ἰουδαίων
2135 3589 2186 3644 ἐν
2217 3593 2296 3660 τῷ
2324 3592 2556 3662 σταορῷ,
2663 3587 2755 3659 μὲν
2787 3585 2928 3654 ὕλης
2974 3592 3073 3654 τῆς
3124 3584 3342 3654 σαρκὸς,
3375 3580 3543 3658 ἤγουν
3575 3584 3610 3650 ἡ
3645 3581 3733 3635 ἀν-

306 3664 616 3742 θρωπότης,
649 3665 790 3738 μόνη
824 3662 1050 3742 ἔπασχε,
1085 3669 1119 3736 ἡ
1155 3664 1211 3721 δέ
1244 3667 1434 3738 θεότης
1467 3670 1678 3742 ἀπαθὴς
1710 3673 1964 3748 διέμεινε.
1997 3679 2096 3734 Καὶ
2153 3682 2318 3733 ταῦτα
2376 3675 2576 3751 λέγων,
2607 3674 3002 3748 ἀντιστομίζεις
3061 3671 3459 3746 Θεοπασχίτας,
3492 3670 3582 3725 καὶ
3633 3670 3732 3738 τήν

306 3753 564 3828 ἕνσαρκον
595 3752 867 3818 διδάσκεις
897 3755 1235 3830 οἰκονομίαν.
1270 3759 1538 3815 Ἐντεῢθέν
1566 3784 1648 3817 σοι
1673 3766 1735 3819 τὸ
1766 3763 2102 3846 ἀμφίϐολον,
2135 3767 2401 3843 ιΞιγοιπητὶ⁵
2435 3767 2621 3841 χάριτι
2657 3769 2889 3839 Χριστοῦ
2923 3761 3220 3819 διαλύεται,

378 3849 604 3912 QUEST.
656 3846 770 3901 XX.
846 3847 1131 3911 Quoniam
1211 3850 1430 3920 omnia,
1511 3853 1703 3911 divine
1777 3858 1964 3925 Pater,

312 3933 729 3990 convenienter
769 3949 875 3989 nos
901 3935 1176 3991 docuisti.
1212 3937 1473 3994 Petimus
1506 3958 1538 3996 a
1568 3947 1645 4006 te,
1679 3948 1743 3998 ut
1774 3951 1830 4000 et
1859 3945 1970 4002 hoc

305 4021 479 4078 nobis
534 4023 958 4094 interpreteris,
1020 4026 1090 4080 de
1143 4041 1259 4096 quo
1317 4029 1509 4084 adhuc
1581 4032 1965 4091 dubitamus:

306 4111 694 4184 quamobrem
725 4111 915 4167 deitas
946 4129 1060 4168 non
1097 4115 1362 4172 docuerit
1399 4119 1524 4174 sola
1555 4121 1880 4191 hominem,
1912 4130 1970 4180 et

308 4200 630 4258 servaverit
659 4218 793 4256 eum
826 4203 955 4258 sine
977 4221 1150 4260 carne
1173 4206 1200 4260 ‘I
1230 4223 1336 4262 cur
1355 4209 1509 4265 enim
1537 4211 1785 4269 voluerit
1820 4214 1969 4271 ferre

306 4306 543 4347 carnem
567 4289 596 4344 ?

380 4380 553 4436 Rssr.
587 4381 777 4436 Etiam
801 4381 871 4436 de
903 4381 1010 4438 hoc
1033 4385 1212 4455 probe
1244 4384 1570 4462 interrogas
1598 4407 1610 4446 :
1645 4393 1802 4448 unde
1833 4393 1969 4448 audi

308 4469 485 4527 etiam
516 4473 692 4543 probe
718 4473 1187 4544 responsionem.
1222 4477 1536 4552 Principio,
1563 4485 1798 4553 quando
1816 4485 1970 4540 Deus

311 4561 577 4616 condidit
607 4561 930 4629 hominem,
956 4569 1013 4618 et
1035 4567 1316 4622 seductus
1337 4573 1428 4623 est
1449 4588 1480 4624 a
1507 4570 1741 4626 diabolo
1775 4573 1970 4644 homo,

311 4666 431 4705 non
465 4649 602 4704 vicit
659 4651 929 4706 diabolus
990 4653 1288 4721 deitatem,
1349 4659 1450 4712 sed
1513 4659 1966 4716 humanitatem.

2151 3857 2344 3933 Ἐρώτ.
2406 3859 2471 3913 κ’.
2536 3853 2675 3912 Ἰδοὺ
2729 3859 2895 3908 ταῦτα
2951 3853 3146 3922 πάντα,
3207 3849 3478 3907 θεοείκελε
3535 3849 3734 3922 Πάτερ,

2079 3945 2427 4023 ἁρμοζόντως
2459 3947 2594 4016 ἡμῖν
2625 3941 2889 4016 ἐδίδαξας.
2925 3943 3210 4016 ’Λξιοῦμέν
3274 3961 3332 3995 σε
3379 3937 3455 4010 δὲ,
3500 3936 3593 3992 ’ίνα
3643 3937 3734 3991 καὶ

2079 4041 2236 4090 τοῦτο
2295 4037 2428 4106 ἡμῖν
2482 4033 2818 4109 ἑρμηνεύσῇς
2849 4032 2908 4086 τὸ
2957 4028 3350 4107 ἀπορούμενον,
3385 4026 3473 4083 διὰ
3527 4026 3580 4081 τί
3637 4025 3738 4080 οὐκ

2077 4123 2314 4194 ἐδίδαξεν
2348 4126 2382 4193 ἡ
2435 4122 2628 4192 θεότης
2682 4121 2846 4194 μόνον
2903 4121 2994 4175 τὸν
3051 4117 3362 4195 ἄνθρωπον,
3395 4118 3482 4173 καὶ
3537 4112 3732 4171 ἔσωσεν

2078 4214 2238 4270 αὐτὸν
2268 4212 2392 4268 ἄνευ
2447 4210 2770 4287 σαρκός;τί
2826 4211 2926 4286 γάρ
2983 4207 3148 4278 ἤθελε
3203 4212 3301 4264 τοῦ
3359 4207 3580 4287 φορέσαι
3634 4205 3734 4272 τὴν

2080 4304 2287 4380 σάρκα;

2152 4391 2346 4448 ’Δπόκ.
2406 4390 2500 4446 Καὶ
2587 4390 2711 4465 περὶ
2782 4388 2978 4444 τούτου
3062 4387 3245 4449 καλῶς
3303 4385 3553 4463 ἐρωτᾷς·
3615 4384 3738 4448 ὅθεν

2081 4480 2308 4537 ἄκουσον
2366 4482 2453 4536 καὶ
2515 4479 2702 4541 καλῶς
2748 4481 2846 4548 τήν
2879 4478 3188 4555 ἀπόκρισιν.
3225 4479 3348 4532 Κατ’
3379 4476 3572 4553 ἀρχὰς,
3608 4473 3737 4530 ὅταν

2081 4570 2334 4640 ἐποίησεν
2366 4571 2393 4625 6
2426 4570 2556 4631 Θεὸς
2580 4570 2671 4624 τὸν
2706 4567 3010 4642 ἄνθρωπον,
3043 4567 3130 4622 καὶ
3165 4565 3448 4637 ἐπλανήθη
3497 4566 3598 4620 ὑπὸ
3636 4569 3738 4620 τοῦ

2083 4655 2344 4714 διαϐόλου
2395 4661 2423 4714 ὁ
2473 4658 2776 4733 ἅνθρωπος,
2813 4658 2912 4713 οὐκ
2968 4657 3210 4728 ἐνίκησεν
3245 4657 3273 4711 6
3317 4650 3578 4716 διάϐολος
3633 4656 3734 4723 τὴν

311 4739 681 4810 Quapropter
710 4740 882 4794 etiam
908 4741 1149 4798 decebat
1171 4752 1506 4816 superatam
1543 4748 1961 4806 humanitatem

2082 4749 2332 4819 θεότητα,
2381 4747 2525 4804 ἀλλά
2583 4749 2682 4816 τὴν
2745 4747 3160 4822 ἀνθρωπότητα.
3225 4746 3318 4800 Διὸ
3389 4744 3477 4798 καὶ
3537 4741 3739 4816 ἔπρεπε

308 4825 574 4884 vicissim
605 4828 834 4884 vincere
865 4829 1094 4887 hostem
1129 4850 1304 4889 suum
1350 4836 1673 4904 diabolum,
1708 4843 1772 4894 ut
1800 4840 1968 4896 vicis-

310 4917 426 4973 sim
459 4917 746 4989 acciperet
767 4935 865 4990 per
887 4918 1053 4974 illum
1079 4921 1243 4992 prius
1273 4924 1559 4981 amissum
1587 4927 1847 4985 divinum
1878 4948 1972 5002 pa-

309 5005 600 5062 radisum.
634 5007 691 5061 Si
725 5007 882 5062 enim
939 5010 1096 5064 nuda
1135 5010 1322 5068 deitas
1371 5015 1720 5083 advenisset,
1755 5025 1812 5073 et
1841 5020 1968 5075 dia-

305 5094 511 5152 bolum
571 5096 825 5164 vicisset,
887 5097 1245 5169 gloriaturus
1303 5109 1428 5158 erat
1487 5105 1776 5174 diabolus,
1823 5109 1965 5165 nihil

303 5183 521 5240 mirum
554 5201 683 5240 esse
715 5185 939 5256 dicens,
967 5187 1015 5242 si
1041 5206 1073 5242 a
1106 5189 1322 5247 deitate
1341 5201 1758 5266 superaretur;
1795 5216 1827 5254 a
1853 5199 1969 5255 dei-

305 5275 423 5328 tate
452 5275 608 5329 enim
642 5291 771 5330 esse
802 5289 864 5329 se
915 5275 1204 5332 devictum
1235 5295 1246 5334 :
1300 5286 1357 5336 et
1406 5288 1706 5354 propterea
1742 5303 1853 5341 non
1885 5288 1966 5342 vi-

301 5377 438 5418 sum
472 5364 585 5418 fuit
612 5365 750 5428 Deo,
775 5369 841 5419 ut
871 5364 995 5420 sola
1027 5366 1215 5422 deitas
1251 5369 1548 5428 diabolum
1581 5382 1966 5446 oppugnaret,

307 5451 408 5505 sed
441 5452 626 5506 voluit
671 5452 1125 5522 humanitatem,
1161 5472 1286 5527 quaa
1337 5458 1487 5515 victa
1517 5465 1607 5516 est
1636 5479 1669 5515 ιι
1711 5462 1964 5535 diabolo,

308 5540 579 5595 eamdem
611 5547 669 5596 et
699 5542 885 5596 solam
917 5542 1147 5599 vincere
1177 5561 1310 5601 eum
1337 5548 1434 5619 qui
1467 5551 1656 5622 ipsam
1685 5553 1963 5622 vincerat,

310 5627 782 5686 diabolum.Cum
800 5633 1141 5704 praevideret
1169 5636 1349 5709 igitur
1370 5642 1606 5714 sapiens
1627 5643 1963 5717 Deus,quod

383 5736 486 5807 (7")
520 5735 658 5811 Reg.
688 5741 744 5807 2,
781 5732 1060 5813 βορϐιούς.

2080 4835 2245 4892 πάλιν
2279 4839 2414 4908 αὐτη
2459 4840 2493 4908 ἡ
2544 4843 2824 4908 νικηθεῖοα
2872 4831 3229 4912 ἀνθρωπότης
3275 4833 3367 4889 ἵνα
3421 4832 3509 4888 καὶ
3567 4832 3734 4888 πάλιν

2082 4926 2214 4996 αὐτή
2274 4930 2472 5002 νικήσῃ
2532 4929 2622 4982 τὸξι
2684 4925 2879 5003 ἐχθρὸν
2940 4926 3108 4996 αὐτῆς
3160 4925 3251 4980 τὸν
3313 4917 3593 4990 διάϐολον,
3644 4922 3738 4977 καὶ

2079 5018 2244 5074 πάλιν
2305 5013 2616 5095 παραλάϐοι
2674 5019 2765 5073 τὸν
2830 5017 2898 5073 δι’
2946 5018 3150 5073 ἐκείνου
3208 5016 3333 5091 πρὶν
3397 5013 3740 5070 ἀτολέσαντα

2081 5118 2222 5176 θεῖον
2282 5109 2630 5189 παράδεισον.
2665 5111 2729 5169 Ei
2787 5113 2892 5186 γὰρ
2949 5111 3131 5185 γυμνή
3165 5112 3200 5180 ἡ
3253 5109 3443 5179 Θεότης
3497 5109 3741 5183 προσήρ-

2078 5222 2229 5277 χετο,
2262 5203 2353 5256 καὶ
2385 5201 2531 5256 ἐνίκα
2584 5202 2675 5256 τὸν
2730 5196 3008 5269 διάϐολον,
3042 5197 3245 5272 ἔμελλε
3295 5203 3675 5274 καυχησθῆναι
3710 5196 3738 5250 6

2080 5287 2362 5362 διάϐολος,
2425 5291 2506 5346 ὅτι
2569 5292 2629 5345 οὒ
2687 5290 3019 5364 θαυμαστόν,
3085 5289 3129 5344 εἰ
3187 5291 3277 5345 καὶ
3338 5289 3585 5358 ἐνικήθη·
3635 5286 3739 5340 ὑπὸ

2075 5389 2175 5451 τῆς
2201 5383 2457 5453 θεότητος
2491 5382 2592 5458 γὰρ
2626 5378 2953 5456 προσϐαλὼν
2988 5381 3234 5452 ἐνικήθη.
3269 5381 3372 5438 Καὶ
3429 5377 3518 5434 διὰ
3575 5381 3736 5433 τοῦτο

2078 5471 2139 5525 οὐ
2197 5469 2515 5541 κατεδέξατο
2575 5471 2603 5525 6
2661 5472 2808 5542 Θεὸς,
2836 5469 2929 5525 ’ίνα
2979 5471 3164 5545 γυμνή
3224 5473 3258 5539 ἡ
3320 5469 3510 5539 θεότης
3570 5466 3737 5521 αὐτοῦ

2076 5561 2458 5635 προσπαλαίσῃ
2513 5562 2604 5616 τὸν
2662 5556 2947 5630 διάϐολον,
3009 5557 3134 5615 ἀλλ’
3194 5554 3509 5630 ἠϐουλήθη,
3556 5555 3648 5610 ’ίνα
3697 5559 3732 5625 ὴ

2075 5647 2432 5722 ἀνθρωπότης
2492 5653 2526 5719 ἡ
2586 5652 2865 5720 νικηθεῖσα
2925 5649 3026 5705 ὑπὸ
3090 5651 3189 5704 τοῦ
3246 5642 3532 5720 διαϐόλου,
3593 5643 3730 5714 αὕτη
