4148 6360
365 435 482 499 ’793

1685 433 2204 506 ΟΠιΕὸΤῙΟΝΕδ
2249 433 2478 495 ALl/E.

3665 434 3787 494 794

364 568 452 623 καὶ
515 568 654 640 μόνη
713 567 910 641 νικήσῃ
967 567 1057 622 τὸν
1117 567 1409 637 νικήσαντα
1463 565 1663 637 ταύτην
1735 560 2015 621 διάϐολον.

2135 584 2248 622 non
2277 573 2470 638 posset
2496 567 2619 623 sola
2643 567 2900 624 humana
2926 572 3138 623 natura
3159 567 3383 624 vincere
3403 567 3782 637 sinedeitate,

367 657 768 734 Προγινώσκων
819 655 910 710 οὖν
963 655 1125 710 πάλιν
1160 657 1187 710 6
1220 657 1382 729 σοφὸς
1433 657 1584 726 Θεὸς,
1631 655 1713 711 ὅτι
1745 655 1845 710 οὐκ
1891 653 2019 724 ἠδύ-

363 767 492 801 νατο
528 745 668 818 μόνη
703 747 736 816 ἦ
773 745 1131 820 ἀνθρωπότης
1154 751 1370 814 νικῆσαι
1405 745 1578 822 χωρὶς
1608 752 1707 814 τῆς
1739 739 2018 814 θεὸτητος,

364 829 565 910 ἐκρύϐη
600 833 651 888 ἐν
681 834 816 907 αὐτῇ
849 833 917 908 τῇ
955 834 1110 907 σαρκῖ
1153 837 1186 902 ἠ
1222 835 1436 906 θεότης,
1467 834 1616 896 ὅπως
1667 836 1694 888 6
1737 828 2020 904 διάϐολος,

364 925 584 1000 θεωρῶν
633 925 732 992 τὴν
789 923 979 989 σάρκα,
1027 922 1115 976 καὶ
1171 924 1244 994 μὴ
1295 923 1598 998 γινώπων,
1650 923 1732 978 ὄτι
1781 923 1832 976 ἐν
1883 923 2018 996 αὐτῇ

361 1016 436 1086 τῇ·
463 1014 619 1086 σαρκὶ
669 1016 702 1080 ἧ
752 1013 946 1081 θεότης
1003 1011 1111 1066 ἐστὶ
1169 1013 1545 1085 κεκρυμμένη,
1604 1011 1877 1088 προσέλθῃ
1931 1013 2021 1066 καὶ

2131 658 2474 712 abscondita
2493 662 2581 713 est
2608 658 2663 712 in
2687 657 2816 729 ipsa
2842 675 3014 713 carne
3049 658 3255 725 deitas,
3294 663 3359 712 ut
3395 658 3663 714 diabolus
3688 659 3780 712 vi-

2130 748 2274 801 dens
2307 763 2562 811 carnem,
2596 752 2651 801 et
2682 764 2795 801 non
2845 763 3200 818 cognoscens
3251 747 3528 802 deitatem
3578 747 3636 801 in
3683 763 3779 802 ea-

2130 836 2260 890 dem
2315 853 2486 890 carne
2534 837 2936 890 absconditam
2983 852 3130 902 esse,
3179 837 3477 890 accederet
3523 841 3581 890 et
3645 853 3778 890 cum

2131 925 2361 980 Christo
2393 926 2858 996 congrederetur,
2894 931 3068 994 atque
3097 925 3175 978 ita
3203 925 3532 980 vinceretur
3557 925 3627 978 ab
3650 925 3783 980 abs-

2131 1015 2368 1069 condita
2399 1013 2633 1068 deitate.
2664 1013 2822 1078 Quod
2857 1017 2914 1066 et
2939 1014 3156 1066 factum
3189 1017 3297 1066 est.

364 1099 748 1178 προσπαλαίσῃ
777 1106 856 1172 τῷ
886 1106 1126 1176 Χριστῷ,
1159 1101 1247 1155 καὶ
1280 1102 1451 1162 οὕτως
1483 1106 1682 1175 νικηθῇ
1716 1102 1819 1156 ὑπὸ
1845 1109 1944 1172 τῆς
1973 1102 2350 1179 κεκρυμμένης
2378 1100 2650 1170 θεότητος.
2683 1102 2849 1172 Ὅπερ
2880 1099 2968 1153 καὶ
3004 1097 3242 1174 γέγονεν.

434 1193 638 1267 Ὥσπερ
668 1191 768 1267 γάρ
802 1193 830 1245 6
867 1189 1073 1257 ἁλιεὺς,
1113 1189 1450 1265 βουλόμενος
1484 1199 1784 1266 κυνηγῆσαι
1838 1191 2020 1268 ἰχθὺν,

368 1279 431 1336 οὗ
481 1281 685 1355 γυμνὸν
737 1281 799 1334 τὸ
852 1278 1138 1354 ἄγκιστρον
1197 1278 1388 1355 βάλλει
1441 1281 1514 1343 εἰς
1572 1283 1670 1350 τήν
1726 1280 2020 1355 θάλασσαν,

368 1369 493 1425 ἀλλ’
525 1367 696 1424 ἐνδῦει
742 1366 928 1440 ἔξωθεν
986 1367 1247 1440 σκώληκα
1292 1367 1443 1442 δὸλῳ
1481 1371 1544 1425 τὸ
1593 1368 1900 1446 ἄγκιστρον,
1932 1371 2021 1426 καὶ

369 1458 539 1520 οὕτως
572 1458 742 1534 ῥίπτει
776 1457 904 1512 αὐτὸ
937 1458 1013 1519 εἰς
1060 1459 1157 1527 τὴν
1212 1459 1481 1514 θάλασσαν
1539 1457 1891 1532 ἐνδεδυμένον
1929 1462 2019 1515 τὸν

365 1547 649 1618 σκώληκα’
686 1549 714 1602 6
765 1545 821 1602 δὲ
871 1546 1052 1622 ἰχθὺς,
1103 1550 1319 1622 θεωρῶν
1367 1549 1459 1603 τὸν
1513 1547 1780 1620 σκώληκα
1833 1549 2022 1622 μόνον,

363 1637 453 1690 καὶ
488 1638 564 1709 μή
598 1635 901 1711 γινώσκων,
951 1634 1033 1690 ὅτι
1092 1636 1312 1708 σκώληξ
1363 1638 1522 1709 μέσον
1577 1637 1782 1693 ἐκείνου
1818 1635 1933 1714 ἔχει
1963 1639 2024 1694 τὸ

363 1723 678 1799 ἄγκιστρον,
724 1723 870 1780 ἀλλά
915 1723 1156 1798 νομίζων
1214 1723 1341 1800 δίχα
1391 1726 1687 1802 ἀγκίστρου
1737 1729 1830 1782 τὸν
1884 1729 2024 1783 σκώ-

364 1812 510 1882 ληκα
571 1812 705 1867 εἶναι
758 1815 1094 1886 μονώτατον,
1147 1813 1506 1887 πλανώμενος
1566 1817 1667 1871 ὑπὸ
1722 1821 1818 1872 τοῦ
1880 1817 2030 1894 ἀγκί-

364 1922 528 1978 στρου
557 1908 855 1979 κρατεῖται·
905 1903 1049 1958 οὕτω
1099 1903 1188 1958 καὶ
1241 1905 1268 1958 ὁ
1319 1906 1552 1980 Χριστὸς
1597 1906 1842 1976 εποίησε.
1891 1913 2026 1961 Βου-

365 1988 558 2060 ληθείς
616 1993 720 2067 γὰρ
780 1999 1082 2069 κυνηγῆσαι
1129 1994 1219 2048 τὸν
1281 1993 1332 2048 ἐν
1389 2000 1505 2056 τοῖς
1565 1994 1810 2069 ἀπείροις
1869 1993 2023 2050 ὕδασι

369 2081 467 2151 τῇς
498 2075 737 2135 ἀϐύσσου
769 2081 1224 2156 ἐμφωλευόμενον
1260 2078 1479 2138 ἰοϐόλον
1532 2083 1712 2160 ἰχθὺν,
1743 2086 1777 2152 ἦ
1811 2082 2024 2158 μᾶλλον

375 2169 540 2244 μέγαν
593 2167 860 2245 δράκοντα
905 2171 994 2226 τὸν
1049 2166 1332 2242 διάϐολον,
1364 2172 1426 2226 οὐ
1474 2177 1651 2249 γυμνῇ
1702 2173 1770 2247 τῇ
1807 2174 2022 2245 θεότητι

366 2258 532 2313 αὐτοῦ
579 2263 659 2331 τῷ
710 2255 958 2334 διαϐόλῳ
1011 2260 1331 2340 προσέφερε,
1386 2259 1530 2317 ἀλλά
1578 2261 1728 2336 δόλῳ
1757 2265 1848 2318 τὸν
1882 2265 2022 2318 σκώ-

365 2345 513 2418 ληκα
563 2350 664 2417 τῆν
723 2349 988 2424 παναγίαν
1051 2350 1216 2405 αὐτοῦ
1277 2351 1468 2427 σάρκα,
1530 2353 1594 2421 ἢν
1651 2351 1709 2406 ἐκ
1764 2353 1861 2423 τῆς
1906 2353 2022 2407 ἀει-

363 2438 640 2512 Παρθὲνου
700 2437 914 2511 Μαρίας
953 2484 967 2508 ,
1021 2442 1120 2507 τῆς
1200 2440 1618 2514 παναγιωτάτης
1675 2448 1778 2516 γῆς
1815 2485 1829 2512 ,
1889 2439 2021 2517 δίχα

361 2531 580 2601 φυρμοῦ
633 2523 938 2596 ἐνεδύσατο,
989 2529 1125 2583 κατά
1168 2529 1258 2583 τὸν
1306 2531 1578 2608 φάσκοντα
1637 2532 1780 2584 θεῖον
1833 2525 2016 2586 Δαϐίδ-

363 2638 393 2667 ‹‹
429 2615 570 2689 Ἐγώ
599 2613 712 2688 εἰμι
745 2613 959 2685 σκώληξ
1009 2617 1098 2670 καὶ
1152 2616 1250 2672 οὐκ
1280 2619 1588 2694 ἄνθρωπος,
1641 2642 1668 2671 ››
1699 2617 1932 2693 ἐκάλυψε
1957 2620 2020 2674 τὸ

362 2704 656 2779 ἱερώτατον
692 2702 977 2778 ἄγκιστρον
1010 2706 1099 2760 τὸν
1146 2709 1596 2782 κοσμοσωτήριον
1659 2706 1819 2762 αὐτοῦ
1859 2730 2016 2764 σταυ-

365 2793 477 2870 ρὸν,
510 2793 564 2848 ἐν
593 2793 740 2866 πούτῷ
769 2797 1125 2870 προσπαγεὶς,
1159 2796 1248 2850 καὶ
1281 2794 1350 2850 δι’
1381 2796 1545 2852 αὐτοῦ
1586 2795 1768 2852 λαθεῖν
1808 2797 2017 2873 βουλη-

365 2884 477 2947 θεὶς
507 2884 605 2951 τήν
641 2884 834 2939 ἑαυτοῦ
867 2884 1117 2955 θεότητα,
1153 2887 1238 2963 ὑφ’
1271 2885 1333 2940 οὗ
1365 2885 1664 2954 πλανηθεὶς
1694 2889 1783 2942 καὶ
1813 2909 2016 2964 κρατη-

366 2973 474 3036 θεὶς
506 2974 533 3027 6
567 2968 790 3036 ἷοϐόλος
836 2975 924 3028 καὶ
975 2973 1310 3048 όφιοδήκτης
1361 2975 1516 3039 οὗτος
1569 2977 1751 3053 ἰχθὺς,
1785 2979 1812 3032 ὁ
1849 2978 2016 3054 μέγας

368 3056 578 3135 δράκων
627 3055 910 3130 διάϐολος,
963 3063 990 3116 6
1019 3067 1118 3117 τοῦ
1167 3061 1492 3139 παραδείσου
1544 3064 1742 3136 ἐξώσας
1789 3067 1877 3121 καὶ
1923 3069 2014 3121 θα-

363 3148 603 3210 νατώσας
643 3150 737 3204 τὸν
787 3151 1095 3226 ἄνθρωπον,
1144 3155 1388 3223 νικηθεὶς
1445 3153 1719 3213 ἀπώλετο.
1768 3159 1928 3212 Ὥστε
1978 3159 2012 3227 ἡ

371 3237 466 3310 μὲν
524 3236 716 3307 θεότης
776 3238 851 3300 είς
908 3239 1075 3294 τύπον
1130 3245 1227 3296 τοῦ
1285 3242 1582 3320 ἀγκίστρου
1640 3245 1802 3315 ἐστὶν,
1864 3247 1897 3316 ἠ
1960 3244 2016 3301 δὶ

2057 1955 2106 2020 Β

2203 1192 2706 1256 Quemadmodum
2739 1191 2894 1245 enim
2930 1191 3185 1262 piscator
3213 1189 3412 1244 volens
3441 1204 3646 1259 capere
3693 1188 3780 1259 pi-

2131 1299 2288 1338 scem
2324 1299 2436 1336 non
2472 1281 2697 1335 nudum
2732 1281 3139 1350 hamumjacit
3165 1278 3223 1333 in
3249 1295 3428 1345 mare,
3454 1279 3555 1333 sed
3597 1277 3785 1349 affigit

2131 1371 2493 1427 extrinsecus
2525 1386 2778 1424 vermem
2815 1387 2914 1441 per
2944 1369 3166 1436 dolum,
3199 1373 3254 1423 et
3285 1369 3366 1422 sic
3400 1367 3634 1440 projicit
3674 1367 3782 1422 ha-

2135 1477 2297 1516 mum
2332 1462 2389 1515 in
2423 1477 2581 1515 mare
2621 1459 2895 1514 indutum
2949 1476 3178 1514 verme:
3228 1459 3404 1529 piscis
3453 1463 3643 1514 autem
3689 1457 3782 1510 vi-

2133 1551 2280 1605 dens
2309 1566 2562 1604 vermem
2593 1548 2806 1612 solum,
2839 1554 2894 1603 et
2926 1566 3038 1603 non
3072 1564 3428 1620 cognoscens
3474 1547 3532 1601 in
3589 1562 3786 1602 verme

2134 1639 2314 1694 latere
2345 1638 2607 1705 hamum,
2642 1641 2741 1694 sed
2775 1637 3138 1707 existimans,
3174 1639 3300 1694 sine
3330 1636 3505 1692 hamo
3548 1651 3785 1692 vermen

2136 1744 2263 1783 esse
2313 1728 2530 1795 solum,
2580 1729 2859 1799 deceptus
2911 1728 3143 1799 capitur
3191 1727 3402 1782 hamo:
3457 1726 3538 1781 ita
3607 1725 3784 1780 etiam

2136 1818 2405 1872 Christus
2426 1818 2580 1873 fecit.
2609 1819 2752 1872 Cum
2788 1817 2958 1872 vellet
2981 1817 3133 1872 enim
3174 1822 3523 1871 venenatum
3571 1815 3787 1887 piscem

2137 1907 2195 1961 in
2227 1907 2397 1978 aquis
2430 1907 2676 1961 infinitis
2707 1906 2900 1978 abyssi
2934 1906 3209 1962 latentem
3243 1922 3469 1977 capere,
3529 1920 3631 1959 seu
3687 1920 3786 1976 po-

2136 1995 2255 2051 tius
2297 2012 2578 2068 magnum
2600 1995 2767 2050 illum
2787 1997 3098 2051 draconem
3123 1995 3421 2050 diabolum
3449 2011 3462 2061 ;
3490 2011 3602 2049 non
3628 1994 3788 2049 nuda

2135 2086 2351 2140 deitate
2399 2102 2531 2140 cum
2585 2085 2818 2140 diabolo
2874 2101 3228 2156 congressus
3301 2090 3412 2148 cst,
3482 2084 3581 2138 sed
3650 2081 3785 2138 dolo

2133 2192 2412 2242 vermem,
2445 2176 2881 2230 sanctissimam
2941 2191 3108 2230 suam
3168 2190 3426 2236 carnem,
3486 2189 3664 2244 quam
3720 2188 3789 2228 ex

2133 2281 2368 2336 semper
2387 2264 2628 2335 Virgine
2652 2265 2855 2331 Maria,
2881 2265 3258 2320 sanctissima
3285 2267 3463 2332 terra,
3487 2262 3614 2318 sine
3661 2260 3786 2333 pol-

2132 2353 2380 2421 lutione,
2412 2354 2641 2408 induit:
2676 2353 3176 2424 quemadmodum
3222 2352 3416 2423 inquit
3455 2351 3622 2406 divus
3667 2350 3786 2406 Da-

2128 2444 2264 2497 vid:
2300 2467 2326 2493 ‹‹
2362 2443 2478 2516 Ego
2511 2460 2642 2498 sum
2673 2442 2892 2498 vermis
2921 2447 2978 2497 et
3006 2459 3119 2498 non
3152 2441 3326 2496 homo
3359 2441 3420 2509 ¹³,
3455 2461 3482 2490 ››
3517 2441 3660 2494 texit
3690 2456 3784 2494 sa-

2129 2533 2445 2589 cerrimum
2478 2532 2719 2588 hamum
2753 2533 2970 2587 mundo
2995 2532 3310 2586 salutarem
3335 2546 3565 2584 crucem
3591 2546 3781 2599 suam,

2129 2622 2214 2678 illi
2242 2623 2475 2686 all'ixus,
2500 2628 2555 2678 et
2577 2640 2679 2694 per
2705 2621 2864 2676 illam
2897 2623 3071 2676 latere
3095 2620 3276 2675 voluit
3297 2620 3568 2675 deitatem
3584 2635 3775 2689 suam,

2130 2729 2164 2768 a
2185 2730 2302 2784 qua
2324 2713 2600 2783 deceptus
2624 2716 2711 2766 est
2748 2698 2807 2766 et
2839 2718 3046 2780 captus
3078 2716 3398 2765 venenatus
3442 2709 3538 2764 ille
3567 2713 3623 2764 et
3651 2707 3778 2764 ser-

2129 2801 2384 2872 pentinis
2426 2801 2721 2856 morsibus
2752 2800 2997 2854 infestus
3050 2799 3248 2871 piscis,
3304 2815 3554 2870 magnus
3603 2799 3778 2853 draco

2129 2890 2421 2956 diabolus,
2453 2891 2552 2962 qui
2589 2890 2856 2962 paradiso
2887 2889 3185 2960 expulerat
3215 2894 3273 2943 et
3329 2887 3621 2943 occiderat
3669 2887 3776 2943 ho-

2129 2981 2371 3050 minem,
2406 2986 2456 3032 rt
2496 2980 2681 3035 victus
2715 2980 2903 3050 periit.
2941 2979 3022 3033 Ita
3053 2977 3289 3049 quidem
3324 2976 3556 3032 deitatis
3601 2981 3777 3049 typus

2128 3077 2218 3126 est
2247 3070 2497 3126 hamus:
2537 3069 2919 3125 humanitatis
2951 3085 3081 3124 vero
3106 3073 3280 3140 typus
3311 3072 3400 3123 est
3431 3066 3660 3123 vermis.
3686 3066 3780 3122 Vi-

2127 3161 2272 3216 dens
2296 3159 2475 3232 igitur
2506 3161 2869 3214 extrinsecus
2903 3157 3202 3213 hominem
3235 3161 3292 3212 et
3339 3173 3454 3211 non
3506 3156 3784 3211 animad-

2125 3254 2357 3305 vertens
2388 3249 2743 3304 intrinsecus
2774 3248 3176 3303 absconditam
3210 3247 3507 3312 deitatem;
3568 3246 3780 3316 decep-

365 3325 718 3410 ἀνθρωπότης
752 3327 825 3402 εἰς
873 3327 1042 3383 τύπον
1089 3335 1186 3385 τοῦ
1235 3331 1546 3403 σκώληκος.
1580 3336 1870 3410 Θεωρήσας
1921 3334 2011 3390 οὖν

2128 3344 2223 3395 tus
2253 3345 2363 3407 est,
2397 3345 2452 3394 et
2501 3340 2782 3394 accedens
2834 3338 2904 3392 ad
2955 3336 3384 3391 humanitatem
3443 3339 3646 3406 captus
3694 3339 3782 3389 est

365 3415 393 3469 6
422 3409 679 3478 διάϐολος
710 3414 901 3488 ἔξωθεν
956 3419 1017 3473 τὸ
1060 3418 1396 3495 ἀνθρώπινον
1442 3424 1530 3477 καὶ
1567 3425 1641 3496 μή
1687 3409 1888 3494 νοήσας
1916 3426 2016 3494 τήν

363 3503 416 3560 ἐν
445 3505 595 3577 αὐτῷ
639 3503 833 3570 ἔσωθεν
887 3507 1332 3582 ἐγκεκρυμμένην
1381 3512 1608 3582 θεότητσ
1635 3557 1648 3583 ,
1697 3513 1972 3585 ἐπλανήθη
2002 3559 2016 3584 ,

361 3592 452 3648 καὶ
509 3593 828 3667 προσελθὼν
882 3600 952 3671 τῇ
1011 3597 1413 3674 ἀνθρωπότητι,
1467 3601 1736 3678 ἐκρατήθη
1790 3603 1892 3658 ὑπὸ
1921 3609 2018 3658 τοῦ

363 3682 680 3738 ἆνεικάστου
746 3685 835 3740 καὶ
911 3686 1308 3759 ἀκατανικήτου
1382 3691 1671 3768 ἀγκίστρου
1727 3699 1827 3762 τῆς
1897 3693 2018 3748 θεός

361 3793 550 3843 τητος’
583 3772 673 3828 καὶ
724 3774 896 3838 οὕτως
953 3775 1174 3848 ἐνικήθη
1210 3781 1237 3834 6
1273 3780 1441 3854 μὲγας
1475 3778 1686 3855 δράκων
1732 3777 2015 3839 διάϐολος.

364 3862 462 3916 Διά
517 3866 680 3918 τοῦτο
739 3863 838 3918 οὐκ
891 3863 1050 3934 ⁵ἦλθεν
1101 3868 1129 3920 6
1179 3868 1300 3930 Υἱὸς
1357 3869 1446 3923 καὶ
1505 3870 1677 3946 Λόγος
1728 3876 1826 3926 τοῦ
1884 3877 2018 3927 Θεοῦ

363 3955 547 4026 γυμνῇ
620 3955 688 4027 τῇ
746 3955 910 4008 αὐτοῦ
963 3954 1181 4025 θεότητι
1227 3965 1532 4033 κυνηγῆσαι
1583 3959 1674 4014 τὸν
1734 3956 2015 4033 διάϐολον,

361 4039 490 4096 ἀλλ’
543 4039 765 4118 ἐφόρεσε
820 4043 919 4110 τὴν
983 4042 1172 4120 σάρκα,
1229 4047 1317 4100 καὶ
1379 4046 1554 4110 οὕτως
1612 4048 1852 4113 εἰσῆλθε.
1910 4051 2014 4106 Καὶ

362 4129 497 4200 αὕτη
547 4131 686 4185 ἐστὶν
733 4132 767 4201 ἠ
821 4131 966 4187 αἶ’τία
1013 4138 1110 4188 τοῦ
1155 4136 1391 4210 γενέσθαι
1433 4137 1534 4205 τήν
1581 4138 1872 4210 σάρκωσιν.
1917 4139 2014 4193 Καὶ

363 4217 543 4295 ὥσπερ
600 4219 761 4283 αὐτὸς
813 4222 840 4275 6
874 4217 1152 4294 διάϐολος,
1203 4222 1494 4298 βουληθείς
1553 4247 1684 4281 ποτε
1740 4226 2015 4298 πλανῆσαι

360 4307 451 4361 τὸν
511 4305 794 4385 ἄνθρωπον
827 4355 843 4381 ,
903 4311 991 4366 καὶ
1047 4317 1144 4368 τοῦ
1211 4311 1539 4390 παραδείσου
1596 4311 1845 4372 ἐκϐαλεῖν
1883 4363 1898 4385 ,
1954 4317 2014 4373 οὐ

357 4396 637 4472 προσῆλθε
690 4403 757 4474 τῇ
818 4397 929 4473 Εὕα
986 4406 1169 4477 γυμνῇ
1227 4406 1295 4478 τῇ
1357 4405 1549 4459 ἑαυτοῦ
1608 4401 1964 4478 διαϐολότητι
1997 4453 2011 4479 ,

359 4484 486 4542 ἀλλ’
525 4488 746 4566 ἐφόρεσε
790 4489 958 4567 σάρκα
1016 4493 1107 4547 τὸν
1155 4488 1299 4571 ὄφιν,
1351 4495 1440 4550 καὶ
1500 4493 1672 4558 οὕτως
1703 4494 2011 4573 προσῆλθε,

357 4595 447 4629 και
507 4575 805 4648 ἐπλάνησεν
865 4578 1051 4651 αὐτήν·
1109 4577 1228 4654 ᾔδει
1287 4585 1388 4660 γάρ
1451 4585 1479 4639 6
1535 4582 1742 4658 δόλιος,
1804 4584 1908 4658 ὅτι,
1966 4585 2014 4641 εἲ

2130 3430 2202 3486 ab
2235 3428 2534 3502 inopinato
2567 3433 2625 3483 et
2655 3427 2943 3482 immobili
2976 3427 3144 3482 hamo
3177 3425 3452 3480 deitatis:
3488 3429 3544 3479 et
3572 3423 3656 3479 sic
3697 3423 3779 3477 vi-

2129 3524 2259 3574 ctus
2288 3523 2379 3574 est
2409 3535 2660 3588 magnus
2693 3518 2866 3570 draco
2897 3515 3188 3570 diabolus.
3224 3514 3374 3570 οδε
3417 3516 3783 3585 Quapropter

2130 3626 2244 3664 non
2279 3607 2434 3664 venit
2466 3607 2644 3662 Filius
2675 3611 2732 3660 et
2761 3606 3018 3660 Verbum
3069 3604 3193 3672 Dei,
3247 3609 3310 3658 ut
3359 3604 3516 3658 nuda
3566 3603 3782 3657 deitate

2129 3703 2360 3770 caperet
2389 3696 2712 3762 diabolum,
2742 3697 2842 3751 sed
2877 3710 3109 3749 carnem
3143 3693 3412 3765 gestavit,
3463 3698 3519 3748 et
3567 3691 3649 3747 sic
3697 3692 3782 3746 in-

2127 3804 2368 3860 gressus
2395 3791 2503 3842 est.
2541 3787 2608 3840 Et
2638 3786 2758 3839 haac
2789 3790 2880 3840 est
2909 3800 3088 3838 causa
3120 3784 3271 3853 quod
3303 3782 3647 3838 incarnatus
3677 3781 3776 3837 sit.

2126 3877 2196 3932 Et
2227 3875 2727 3947 quemadmodum
2761 3875 2885 3945 ipse
2916 3872 3185 3928 diabolus
3242 3888 3376 3926 cum
3421 3870 3592 3925 vellet
3639 3870 3778 3926 olim

2127 3966 2405 4021 seducere
2435 3963 2754 4029 hominem,
2787 3967 2839 4017 et
2874 3962 3146 4034 paradiso
3177 3961 3406 4032 ejicere.
3442 3977 3560 4015 non
3583 3977 3780 4016 acces-

2127 4055 2204 4109 sit
2225 4055 2295 4109 ad
2329 4056 2503 4109 Evam
2540 4053 2699 4108 nuda
2729 4070 2837 4107 sua
2867 4053 3056 4106 forma
3096 4050 3404 4114 diabolica,
3447 4051 3548 4105 sed
3597 4048 3782 4121 gessit

2126 4161 2385 4210 carnem,
2420 4143 2646 4199 scilicet
2676 4148 3030 4213 serpentem,
3063 4147 3119 4196 et
3151 4141 3235 4195 sic
3285 4140 3533 4195 accessit
3575 4144 3630 4194 et
3677 4141 3778 4195 de-

2126 4234 2279 4304 cepit
2308 4232 2468 4287 illam
2501 4250 2514 4299 ;
2550 4236 2719 4287 norat
2747 4231 2905 4287 enim
2939 4235 3169 4286 astutus
3219 4231 3351 4299 iste,
3402 4229 3559 4300 quod
3600 4229 3648 4284 si
3683 4245 3777 4284 ac-

2125 4324 2403 4378 cessisset
2435 4323 2506 4378 ad
2543 4322 2702 4377 illam
2737 4321 2897 4376 nuda
2927 4338 3034 4376 sua
3066 4321 3252 4375 forma
3283 4318 3593 4385 diabolica,
3625 4336 3778 4374 nun-

2125 4428 2301 4484 quam
2334 4428 2461 4467 eam
2494 4411 2760 4483 decipere
2792 4410 3118 4483 potuisset;
3160 4414 3218 4464 et
3247 4413 3556 4480 pr0pterea
3601 4407 3776 4462 indu-

2126 4510 2216 4556 tus
2248 4507 2355 4569 est,
2389 4507 2453 4555 ut
2473 4517 2668 4568 carne,
2701 4504 2992 4571 serpente,
3017 4505 3074 4554 et
3096 4515 3199 4571 per
3233 4499 3480 4554 formam
3505 4496 3777 4552 carnileri

2123 4590 2412 4662 serpentis
2446 4597 2616 4644 Evam
2649 4587 2910 4661 decepit;
2946 4593 3119 4660 atque
3151 4604 3390 4659 serpens
3421 4585 3658 4658 quidem
3680 4603 3779 4659 ap-

355 4662 634 4763 ⁸Ξιτροσίελθῃ
692 4668 830 4763 αὐτῇ
883 4673 1063 4763 γυμνῇ
1119 4674 1188 4744 τῇ
1248 4669 1604 4745 διαϐολότητι
1672 4674 1854 4743 αὐτοῦ,
1914 4675 2012 4731 οὐκ

2128 4682 2384 4752 parebat,
2419 4679 2690 4735 diabolus
2720 4688 2907 4734 autem
2944 4695 3056 4733 non
3090 4680 3443 4750 apparebat;
3476 4681 3534 4732 et
3553 4692 3656 4748 per
3674 4693 3776 4748 ap-

358 4751 420 4807 ἃν
453 4752 617 4823 αὐτὴν
668 4752 942 4824 πλανῆσαι
995 4755 1299 4830 δυνήσεται⁶
1329 4762 1418 4815 καὶ
1469 4759 1556 4817 διὰ
1593 4768 1754 4818 τοῦτο
1787 4761 2006 4835 ἐνεδόθη

358 4841 540 4918 ὥσπερ
602 4844 771 4919 σάρκα
825 4843 917 4899 τὸν
972 4842 1091 4925 ὄφιν
1129 4891 1144 4914 ,
1201 4848 1290 4902 καὶ
1365 4847 1454 4904 διὰ
1510 4857 1607 4905 τοῦ
1668 4855 2009 4931 σαρκοφόρου

355 4929 531 5009 ὄφεως
585 4935 686 5020 τὴν
745 4929 880 5020 Είῖαν
940 4934 1227 5007 ἐπλάνησε.
1290 4939 1389 4993 Καὶ
1447 4941 1474 4994 ὁ
1539 4941 1632 5012 μὲν
1690 4938 1810 5018 ὄφις
1852 4929 2008 5020 ἐφαί-

352 5041 493 5090 νετο,
527 5022 554 5076 ὁ
587 5019 645 5077 δὲ
677 5017 940 5086 διάϐολος
971 5023 1072 5080 οὐκ
1099 5024 1367 5104 ἐφαίνετο.
1401 5028 1499 5083 Καὶ
1551 5027 1639 5084 διὰ
1685 5017 1782 5084 τοῦ
1822 5017 2008 5107 φαινο-

356 5111 517 5184 μένου
549 5107 723 5190 ὄφεως
757 5111 972 5190 ἐνήργει
1005 5115 1033 5170 ὁ
1060 5114 1373 5192 ἀθεώρητος
1423 5113 1546 5197 ὄφις
1586 5113 1868 5182 διάϐολος.
1904 5121 2008 5176 Δύο

351 5201 454 5277 γὰρ
513 5201 695 5280 φύσεις
745 5201 794 5258 ἐν
851 5203 928 5258 ἑνὶ
984 5206 1264 5280 προσώπῳ
1310 5206 1526 5283 ἀπῆγον
1585 5207 1709 5264 τότε
1768 5208 1854 5264 ἐπὶ
1902 5215 2009 5264 τῶν

350 5287 712 5368 προπατόρων
761 5294 859 5362 τήν
913 5292 1208 5354 ἔκπτωσιν.
1270 5297 1365 5351 Καὶ
1417 5293 1597 5373 ὥσπερ
1646 5297 1770 5354 τότε
1820 5295 2005 5355 διαϐο-

354 5377 522 5450 λότης
553 5381 644 5435 καὶ
677 5382 903 5454 ὀφιότης
957 5381 1052 5438 δύο
1097 5385 1280 5463 φύσεις
1327 5385 1379 5440 ἐν
1432 5386 1509 5441 ἐνὶ
1559 5389 1838 5464 προσώπῳ
1870 5391 2008 5458 ἠνώ-

353 5478 542 5538 θησαν,
575 5469 666 5524 καὶ
698 5472 730 5540 ἡ
765 5472 858 5543 μὲν
912 5473 1010 5545 μία
1056 5473 1234 5550 φύσις,
1273 5472 1447 5550 ἤγουν
1497 5478 1530 5546 ἠ
1583 5477 1810 5554 ὀφιότης
1860 5477 2009 5555 ἐφαί-

351 5577 496 5626 νετο,
636 5557 694 5614 δὲ
732 5559 905 5636 ὲτέρα,
937 5559 1065 5630 ἤτοι
1111 5564 1144 5632 ἡ
1197 5560 1548 5636 διαϐολότης,
1599 5566 1697 5621 οὐκ
1741 5566 2008 5646 ἐφαίνετο,

354 5647 444 5700 καὶ
477 5643 696 5720 ἐξέϐαλε
723 5650 814 5704 τὸν
850 5647 1131 5723 ἄνθρωπον
1184 5651 1242 5706 ἐκ
1287 5656 1384 5706 τοῦ
1433 5643 1789 5728 παραδιίσουέ
1833 5655 2008 5718 οὕτως

430 5774 448 5809 ⁸
481 5770 631 5832 Psal.
663 5791 780 5848 xxx,
810 5777 866 5832 7.

2121 4776 2421 4842 parentem
2456 4773 2785 4842 serpentem
2817 4769 3021 4824 efﬁcax
3041 4771 3166 4824 erat
3195 4766 3510 4822 invisibilis
3533 4783 3780 4838 serpens

2120 4859 2412 4926 diabolus,
2447 4860 2573 4914 duae
2600 4857 2756 4914 enim
2789 4863 3008 4912 natura
3041 4859 3098 4911 in
3136 4875 3253 4912 una
3300 4873 3549 4928 persona
3600 4855 3773 4911 unitas

2120 4950 2433 5006 effecerunt
2474 4955 2612 5003 tunc
2654 4949 2884 5019 lapsum
2937 4947 2998 5002 in
3050 4947 3372 5019 majoribus
3423 4945 3677 5013 nostris;
3718 4949 3778 5000 et

2120 5039 2617 5111 quemadmodum
2648 5043 2789 5093 tunc
2821 5037 3113 5093 diabolica
3143 5038 3330 5092 forma
3351 5041 3406 5090 et
3438 5034 3778 5107 serpentina

2119 5129 2247 5183 duae
2281 5133 2504 5182 naturae
2533 5133 2702 5183 erant
2733 5129 2792 5183 in
2835 5144 2955 5183 una
3003 5143 3251 5197 persona
3300 5125 3501 5193 unita,
3549 5129 3606 5180 et
3657 5140 3775 5180 una

2120 5217 2358 5290 quidem
2393 5221 2604 5273 natura
2635 5215 2856 5272 scilicet
2885 5217 3240 5288 serpentina,
3273 5213 3631 5286 apparebat;
3684 5211 3773 5267 al-

2119 5311 2246 5361 tera
2266 5323 2418 5375 vero,
2443 5322 2652 5378 nempe
2675 5304 2986 5373 diabolica,
3012 5321 3125 5359 nou
3155 5303 3474 5376 apparebat
3492 5307 3546 5357 et
3573 5300 3766 5373 ejicie-

2119 5396 2216 5451 bat
2241 5395 2537 5450 hominem
2565 5413 2629 5450 ex
2654 5394 2956 5467 paradiso:
2984 5395 3067 5448 ita
3093 5393 3352 5447 etiamin
3377 5391 3607 5448 Christo
3644 5391 3774 5445 dum

2118 5496 2338 5540 naturae
2359 5485 2414 5539 in
2438 5500 2612 5539 unam
2639 5499 2948 5555 personam
2976 5483 3171 5537 divina
3200 5485 3256 5535 et
3293 5481 3556 5537 humana
3594 5482 3770 5536 unita:

2117 5578 2289 5629 sunt:
2322 5564 2380 5628 et
2412 5573 2750 5629 humanitas
2799 5573 3035 5644 quidem
3079 5572 3419 5643 apparebat,
3452 5571 3636 5625 deitas
3669 5587 3774 5625 au-

2117 5665 2238 5718 tem
2267 5678 2379 5716 non
2417 5663 2754 5734 apparebat,
2789 5667 2846 5718 et
2871 5679 2971 5731 per
3007 5663 3386 5733 apparentem
3421 5659 3772 5714 humanita-
