4148 6376
311 410 428 472 795
1510 418 1579 480 S.
1619 413 2148 480 ATHANASIUS.
2175 443 2256 462 —
2281 413 2547 478 DUBIA.
3613 418 3735 481 796

313 547 433 600 tam
467 544 654 601 deitas
677 546 991 604 invisibilis
1023 550 1227 606 efﬁcax
1258 555 1400 618 erat,
1420 555 1475 607 et
1495 552 1746 622 ejectum
1771 567 1839 606 ex
1860 566 1951 622 pa-

2094 544 2167 600 (αἱ
2216 544 2303 600 ἐπὶ
2352 549 2449 600 τοῦ
2507 550 2740 618 Χριστοῦ
2799 543 2894 601 δύο
2955 546 3139 624 φύσεις
3199 547 3278 610 εἷς
3337 546 3393 602 ’ἐν
3439 547 3732 624 πρόσωπον

315 635 513 690 radiso
545 635 680 690 olim
715 636 1015 693 hominem
1049 640 1174 694 due:
1203 639 1326 695 ista;
1351 645 1696 712 praestantes
1722 644 1953 693 naturae.

2101 635 2268 706 ὶεότης
2292 635 2381 689 καὶ
2414 634 2770 709 ἀνθρωπότης
2819 637 3106 706 ἠνώθησαν
3143 655 3155 668 ’
3203 636 3294 692 καὶ
3325 638 3359 707 ἡ
3397 639 3490 711 μὶν
3531 638 3739 712 ἀνθρω-

314 723 584 779 videlicet
623 726 810 780 deitas
857 733 914 782 et
961 728 1324 799 humanitas,
1378 730 1435 784 in
1489 730 1654 784 illum
1708 729 1952 784 vicissim

2099 725 2251 794 τότης
2304 723 2546 802 ἐφαίνετο
2581 771 2596 795 ,
2697 722 2754 779 δὲ
2796 725 2986 796 θεότης
3036 725 3135 780 οὐκ
3179 725 3425 804 ἐφαίνετο
3462 774 3474 798 ,
3506 728 3597 782 καὶ
3647 725 3737 783 διὰ

315 819 372 869 et
402 830 558 869 nunc
617 815 1088 872 introduxerunt.
1150 819 1215 873 Et
1271 818 1389 873 haec
1448 825 1539 874 est
1586 835 1783 883 causa,
1844 833 1948 888 pro

2096 821 2176 883 τῆς
2227 813 2561 889 φαινομένης
2611 812 3036 888 ἀνθρωπότητος
3186 815 3369 888 θεόνῃς
3431 815 3650 892 ἐνήργει
3699 819 3734 887 ἡ

315 908 444 974 pter
475 919 651 974 quam
707 904 977 961 Christus
1036 906 1376 962 incarnatus
1434 913 1489 961 et
1547 907 1720 962 homo
1778 907 1953 960 factus

2097 904 2419 977 ὶθεώρητος,
2477 902 2566 956 καὶ
2624 904 2714 957 τὸν
2767 901 2829 957 ἐκ
2881 908 2978 958 τοῦ
3037 902 3367 979 παραδείσου
3421 905 3593 961 πάλαι
3654 906 3735 976 ἐξ·

317 997 428 1048 est.
492 991 607 1064 Ipsi
675 993 918 1048 debetur
1000 995 1195 1067 gloria’
1270 997 1326 1050 in
1415 997 1646 1051 infinita
1732 994 1955 1050 saacula.

2096 993 2361 1067 ›ρισθέντα
2420 990 2727 1068 ἄνθρωπον,
2763 993 2816 1047 αὶ
2873 991 3037 1048 καλαὶ
3097 991 3193 1048 δύο
3249 994 3433 1071 φύσεις
3488 995 3734 1067 αὗται,ἠ

319 1085 522 1136 Amen.
2077 1081 2268 1152 θεότης
2327 1081 2472 1159 φημὶ
2530 1081 2620 1136 καὶ
2679 1081 3038 1157 ἀνθρωπότης
3072 1124 3093 1152 ,
3124 1083 3199 1145 εἰς
3245 1083 3404 1138 αὐτὸν
3449 1083 3615 1140 πάλιν
3647 1084 3738 1141 καὶ

321 1173 412 1222 νῦν
447 1163 724 1226 ἐνέϐαλον.
759 1171 854 1225 Καὶ
887 1170 1019 1242 αὕτη
1055 1171 1193 1227 ἐστὶν
1226 1174 1260 1242 ἡ
1295 1172 1460 1243 αἰτία,
1497 1169 1566 1228 δι’
1595 1175 1660 1241 ἧς
1694 1173 1721 1228 ὁ
1752 1171 1878 1234 Θεὸς
1911 1171 2194 1248 ἐσαρκώθη
2227 1170 2316 1226 καὶ
2350 1170 2556 1247 ἐγένετο
2604 1172 2907 1248 ἄνθρωπος’
2944 1171 3026 1227 ὅτι
3077 1171 3222 1228 αὐτῶ
3260 1173 3453 1250 πρέπει
3503 1171 3631 1245 δόξα
3662 1174 3738 1237 εἰς

323 1258 652 1334 ἀπεράντους
683 1259 900 1322 αἰῶνας.
934 1263 1134 1335 Ἀμήν.

1165 1428 1768 1438 —-—.———————_-———.

1255 1430 1598 1440 ———————-———

1119 1563 1518 1620 ADMONITIO
1562 1565 1634 1619 ΙΝ
1679 1563 2080 1621 HISTORIAM
2120 1561 2438 1618 IMAGINIS
2478 1561 2929 1619 BERYTENSIS.

388 1685 432 1741 Ῑ.
467 1686 765 1742 Athanasii
795 1704 901 1744 non
925 1705 1036 1745 esse
1065 1690 1162 1744 hoc
1213 1693 1576 1761 Opusculum,
1626 1690 1720 1746 sed
1768 1690 2015 1762 imperiti
2062 1689 2303 1760 alicujus
2349 1694 2406 1743 et
2461 1688 2756 1759 infacundi
2803 1688 3068 1758 hominis,
3122 1689 3371 1746 eruditus
3418 1706 3579 1746 nemo
3625 1709 3738 1747 non

315 1775 560 1845 yudicat;
606 1795 785 1848 quare
822 1795 932 1833 non
980 1782 1056 1834 est
1101 1780 1240 1850 quod
1292 1783 1346 1836 in
1397 1798 1461 1836 ea
1508 1798 1568 1834 re
1603 1779 1900 1853 probanda.
1957 1782 2334 1834 immoremur.
2385 1780 2684 1848 Antiquam
2737 1783 2918 1834 tamen
2963 1795 3078 1834 esse
3123 1796 3192 1835 ex
3233 1795 3296 1834 eo
3346 1781 3541 1850 liquet,
3596 1782 3738 1852 quod

316 1866 376 1919 in
401 1867 633 1921 concilio
664 1867 887 1924 Niczeno
917 1885 980 1935 ιι,
1013 1870 1322 1924 Athanasii
1351 1874 1576 1925 nomine
1609 1870 1813 1924 lectum
1840 1872 2010 1940 fuerit
2037 1888 2052 1934 ;
2085 1872 2244 1938 atque
2275 1876 2404 1923 teste
2439 1869 2803 1924 Constantino
2855 1868 3188 1926 Constantia?
3243 1871 3422 1942 Cypri
3470 1873 3737 1943 episcopo,

316 1953 576 2009 Patribus
606 1971 665 2010 eo
696 1959 899 2012 coactis
929 1958 1203 2029 lucrymas
1234 1962 1557 2014 excusserit.
1608 1965 1796 2015 Exstat
1837 1975 2005 2030 porro
2053 1967 2194 2014 tomo
2247 1959 2336 2013 VII
2377 1957 2608 2027 Concil.,
2659 1968 2772 2014 act.
2831 1959 2885 2013 4.
2949 1960 3051 2014 Nec
3099 1975 3301 2030 parum
3347 1960 3640 2032 discrepat,
3690 1963 3742 2016 si

314 2044 481 2098 verba
509 2053 732 2114 spectes,
768 2047 835 2101 ab
865 2047 1027 2102 editis
1057 2053 1107 2103 et
1135 2066 1167 2103 a
1199 2066 1326 2104 mss.
1361 2051 1694 2121 Tantumque
1722 2051 1946 2104 variant
1980 2050 2128 2104 inter
2176 2064 2233 2102 se
2282 2047 2508 2112 codices,
2551 2057 2612 2102 ut
2655 2049 2718 2102 in
2769 2048 2957 2103 multis
2995 2048 3119 2103 licet
3166 2051 3500 2119 reperiatur,
3548 2051 3738 2106 nullus

316 2132 424 2188 alii
455 2135 664 2189 similis
693 2145 1022 2205 compareat.
1076 2139 1138 2192 In
1189 2137 1506 2194 Colbertino
1558 2148 1748 2193 autem
1796 2139 1957 2193 tertio
2002 2138 2084 2192 ita
2128 2137 2360 2207 prolixa
2411 2144 2460 2191 et
2515 2146 2685 2192 aucta
2739 2138 2943 2207 legitur
2992 2138 3106 2194 ha’c
3153 2139 3416 2204 Historia,
3466 2143 3526 2194 ut
3571 2140 3737 2209 duplo

317 2223 501 2293 major
534 2225 678 2279 cusis
727 2226 1018 2288 videatur;
1066 2229 1146 2282 sic
1190 2236 1380 2283 tamen
1430 2237 1490 2283 ut
1541 2227 1721 2283 multa
1757 2227 1950 2292 verba,
1997 2227 2092 2281 sed
2143 2226 2294 2280 nihil
2341 2227 2429 2280 rei
2468 2230 2631 2297 gestae
2694 2227 3029 2297 adjiciatur.
3098 2229 3292 2283 Exstat
3350 2231 3487 2284 item
3555 2228 3740 2285 Graece

316 2312 376 2366 in
410 2311 745 2368 bibliotheca
777 2314 1024 2370 Caesarea
1052 2318 1339 2387 exemplar
1365 2319 1485 2386 eius
1514 2334 1648 2373 mss.
1681 2319 1748 2372 ab
1777 2317 1940 2372 editis
1972 2316 2116 2371 haud
2144 2332 2343 2386 parum
2372 2315 2648 2370 diversum
2678 2325 2728 2372 et
2764 2316 2941 2371 multo
2990 2319 3226 2373 auctius.
3275 2319 3741 2390 Principiumque

315 2401 433 2472 ejus
463 2403 621 2472 aﬂert
651 2404 997 2470 Lambecius,
1031 2407 1328 2462 Comment.
1366 2407 1537 2470 lib.1,
1574 2424 1631 2477 p.
1669 2407 1790 2471 126,
1842 2409 1900 2460 ut
1949 2413 2000 2461 et
2042 2407 2346 2461 versionem
2395 2408 2692 2479 antiquam
2741 2422 3075 2478 anonymam
3123 2407 3191 2462 ab
3241 2406 3390 2462 edita
3437 2408 3737 2477 diversam,

319 2505 484 2560 quam
517 2492 790 2563 integram
817 2497 980 2564 refert
1014 2496 1154 2550 idem
1185 2513 1240 2566 p.
1302 2496 1422 2550 1'28.
1476 2496 1731 2551 Omnium
1783 2501 1976 2550 autem
2021 2494 2267 2549 codicum
2319 2496 2505 2550 varias
2548 2496 2746 2567 afferre
2795 2495 3079 2561 lectiones,
3131 2512 3228 2551 nec
3275 2497 3446 2562 facile
3490 2506 3588 2564 est,
3639 2515 3740 2554 nec

317 2594 499 2650 opera:
525 2584 770 2652 pretium
797 2583 941 2656 foret
967 2601 978 2637 :
1013 2601 1182 2654 quare
1211 2601 1302 2639 eas
1331 2585 1509 2641 solum
1541 2585 1946 2649 adnotavimus,
1980 2601 2097 2656 quae
2127 2584 2367 2654 alicujus
2394 2585 2661 2639 momenti
2687 2586 2819 2639 visae
2849 2587 2996 2638 sunt.
3034 2589 3254 2656 Magnae
3281 2601 3410 2642 vero
3456 2587 3602 2658 apud
3648 2605 3734 2642 se-

320 2671 532 2741 quioris
559 2673 670 2727 xvi
700 2671 906 2728 Gra’cos
934 2676 1044 2745 fuit
1073 2676 1503 2730 existimationis
1547 2675 1665 2732 haec
1724 2676 2000 2730 Historia:
2051 2676 2137 2727 ita
2179 2681 2239 2728 ut
2286 2689 2350 2728 ea
2396 2673 2614 2752 publice
2667 2674 2778 2742 legi
2821 2674 3015 2730 soleret
3067 2675 3354 2730 Dominica
3399 2671 3734 2746 ὀρθοδοξῖας,

319 2774 416 2814 seu
462 2760 614 2814 Dom.
667 2763 852 2831 prima
902 2763 1371 2834 Quadragesimse,
1429 2766 1489 2820 in
1536 2781 1645 2838 qua
1690 2764 2079 2820 celebrabatur
2123 2762 2269 2836 apud
2317 2763 2525 2820 Gra’cos
2591 2765 2793 2834 festum
2857 2765 3104 2818 restituti
3163 2765 3350 2821 cultus
3413 2771 3733 2821 sanctarum

322 2851 666 2920 imaginum.

394 2937 462 2992 II.
499 2937 634 2993 Cum
663 2941 848 3012 itaque
876 2943 1107 2997 minime
1136 2942 1243 2998 sibi
1274 2945 1507 2998 invicem
1537 2942 1883 2998 consentiant
1909 2941 2117 2998 codices
2163 2957 2295 2996 mss.
2344 2944 2397 2996 et
2443 2940 2511 2995 ab
2552 2939 2712 2996 editis
2759 2942 2966 2995 mirum
3019 2943 3078 2997 in
3123 2941 3352 2997 modum
3397 2942 3722 3013 discrepent,

317 3027 498 3082 visum
524 3031 603 3082 est
635 3027 763 3083 bina
792 3046 864 3084 ex
895 3031 1174 3086 Palatinis
1203 3031 1484 3086 codicibus
1514 3030 1798 3101 desumpta
1827 3031 2185 3102 exemplaria
2214 3046 2340 3085 cum
2361 3029 2572 3084 Latinis
2600 3029 2945 3084 versionibus
2976 3029 3135 3085 edere
3159 3049 3176 3097 ;
3196 3029 3332 3102 quod
3356 3027 3530 3085 libera
3549 3031 3728 3086 cuivis

315 3123 504 3170 mutuo
533 3117 850 3186 conferendi
878 3119 950 3172 sit
977 3120 1236 3189 facultas.
1272 3121 1602 3192 Quanquam
1631 3119 1786 3175 nullo
1811 3122 1955 3190 forte
1984 3118 2270 3188 dispendio
2294 3118 2556 3190 potuisset
2584 3117 2922 3172 alterutrum
2946 3119 3150 3189 omitti,
3183 3135 3306 3174 cum
3353 3119 3512 3173 nulla
3558 3120 3735 3188 ferme

313 3205 429 3258 nisi
459 3204 743 3260 verborum
773 3209 844 3262 sit
864 3207 1251 3279 discrepantia.
1291 3210 1355 3264 At
1378 3209 1697 3279 scrupuloso
1729 3209 1920 3263 lectori
1948 3225 2155 3264 morem
2183 3223 2376 3276 gerere
2405 3207 2556 3274 libet,
2592 3207 2824 3277 indigne
2868 3208 3080 3263 scilicet
3124 3209 3350 3278 ferenti,
3398 3208 3448 3262 si
3497 3223 3609 3280 qua
3652 3207 3738 3263 vel

314 3293 552 3348 minima
577 3296 736 3365 prius
766 3295 1040 3351 editorum
1063 3300 1591 3369 praetermittuntur.
1626 3300 1767 3353 Bina
1800 3298 1990 3353 itidem
2023 3299 2220 3352 Latina
2249 3299 2595 3369 exempta-"ia
2614 3298 2924 3368 efferimus,
2956 3311 3081 3368 qua:
3106 3299 3200 3352 sub
3235 3299 3464 3352 initium
3511 3297 3579 3351 ad
3630 3313 3740 3352 me-

317 3380 472 3436 dium
503 3399 669 3454 usque
695 3392 802 3440 toto
831 3385 963 3441 caelo
992 3387 1300 3458 discrepant
1319 3405 1339 3448 ,'
1372 3388 1500 3442 inde
1528 3403 1650 3442 vero
1681 3403 1790 3443 non
1823 3390 1973 3443 item.
2007 3389 2262 3443 Primum
2294 3389 2353 3441 in
2381 3387 2628 3457 antiquis
2659 3386 2954 3440 Athanasii
2980 3386 3142 3442 editis
3172 3389 3387 3442 Latinis
3424 3387 3544 3458 jam
3593 3386 3725 3442 olim

321 3487 514 3526 ensum
541 3473 671 3543 fuit,
701 3490 827 3529 cum
857 3475 956 3530 hoc
979 3478 1077 3531 sub
1108 3478 1334 3532 initium
1365 3493 1567 3547 errore,
1602 3481 1659 3532 ut
1689 3477 1906 3532 dicatur
1959 3478 2152 3532 tectam
2198 3477 2371 3548 fuisse
2409 3477 2550 3530 hanc
2597 3477 2898 3531 Historiam
2928 3492 2964 3530 a
2993 3477 3165 3530 Petro
3220 3475 3624 3531 Nicomediensi
3675 3477 3734 3530 in

315 3559 519 3631 synodo
544 3561 798 3618 Caesareae
824 3563 1182 3636 Cappadocia:
1210 3567 1503 3635 celebrata,
1534 3567 1596 3620 ob
1626 3583 1870 3622 errorem
1899 3570 2047 3621 circa
2069 3566 2282 3622 Christi
2301 3567 2522 3620 Domini
2541 3567 2873 3633 sanguinem
2896 3571 3168 3632 exortum,
3198 3582 3322 3620 cum
3341 3581 3538 3621 revera
3563 3567 3622 3620 in
3645 3566 3735 3620 Ni-

317 3664 471 3704 cavna
508 3652 739 3706 secunda
765 3653 994 3724 synodo,
1023 3671 1122 3725 pro
1142 3657 1292 3710 cultu
1314 3657 1620 3726 imaginum
1635 3657 1927 3712 asserendo
1950 3656 2020 3710 ab
2040 3654 2223 3711 eodem
2263 3655 2399 3710 lecta
2434 3655 2693 3723 fuerit.In
2733 3654 2928 3709 multis
2955 3670 3122 3726 porro
3157 3655 3433 3726 discrepat
3454 3672 3488 3709 a
3528 3653 3734 3711 Graecis

318 3738 434 3794 hxc
456 3740 656 3795 Latina
689 3744 960 3800 Historia.
993 3744 1305 3800 Secundum
1333 3746 1622 3817 exemplar
1651 3747 1915 3802 Latinum
1944 3761 2013 3801 ex
2043 3745 2288 3816 antiquis
2315 3745 2678 3798 conciliorum
2706 3759 2839 3798 mss.
2890 3747 2942 3798 et
2988 3743 3152 3798 editis
3199 3741 3568 3814 desumptum,
3610 3743 3736 3814 jam

315 3829 560 3899 primum
591 3831 734 3885 inter
764 3832 1146 3889 Athanasiana
1176 3833 1333 3889 edere
1351 3835 1526 3890 visum
1557 3842 1655 3901 est,
1687 3836 1819 3906 quia
1849 3835 1918 3889 ad
1951 3833 2264 3891 Graecorum
2292 3833 2533 3888 litteram
2560 3848 2738 3904 magis
2769 3833 3004 3898 accedit,
3039 3832 3159 3888 licet
3188 3834 3246 3887 in
3275 3833 3560 3888 nonnullis
3589 3829 3736 3888 haud

324 3916 519 3973 leviter
547 3918 834 3995 discrepet.

394 4007 489 4060 III.
543 4008 620 4062 De
664 4010 918 4064 Historia
962 4011 1224 4082 imaginis
1271 4013 1582 4084 Berytensis
1633 4012 1748 4068 haec
1793 4011 1959 4067 habet
2020 4011 2334 4082 Sigebertus
2382 4012 2443 4065 in
2490 4009 2774 4065 Chronico
2825 4009 2899 4065 ad
2963 4025 3180 4064 annum
3240 4010 3382 4064 365:
3454 4009 3744 4081 Tempore

314 4095 684 4152 Constantini
716 4099 1086 4170 imperatoris
1117 4106 1172 4156 et
1205 4105 1385 4157 Irenzn
1417 4103 1612 4158 uxoris
1643 4103 1772 4173 ejus
1804 4103 1860 4156 in
1896 4101 2072 4174 Syria
2098 4101 2331 4156 civitate
2362 4099 2634 4172 Berytho,
2668 4115 2790 4170 quas
2819 4099 3086 4168 subjacet
3135 4097 3494 4154 Antiochiae:
3546 4095 3737 4152 Judaei

319 4185 636 4258 imaginem
669 4186 985 4245 Salvatoris
1021 4190 1246 4246 Domini
1282 4192 1464 4247 nostri
1496 4193 1634 4248 Jesu
1663 4191 1871 4247 Christi
1905 4191 2271 4246 invenientes
2302 4190 2362 4244 in
2391 4190 2566 4244 domo
2590 4187 2899 4258 cujusdam
2933 4185 3236 4256 Judiei,ibi
3262 4186 3526 4242 relictam
3550 4202 3741 4257 aquo-

319 4275 453 4329 dam
487 4275 836 4348 Christiano,
869 4295 996 4334 eam
1030 4279 1311 4349 injuriose
1334 4281 1747 4353 deposuerunt,
1773 4286 1829 4336 et
1850 4281 2048 4336 omnia
2070 4279 2385 4352 opprobria
2406 4295 2533 4350 quae
2557 4276 2741 4334 Judaei
2782 4277 3010 4332 Christo
3049 4275 3188 4332 Jesu
3229 4275 3578 4341 intulerunt,
3611 4276 3742 4346 ejus

320 4362 562 4435 imagini
595 4367 924 4422 inferebant
953 4386 965 4425 :
1001 4369 1314 4426 illudentes
1347 4370 1421 4435 ei,
1451 4370 1508 4424 in
1543 4371 1749 4426 faciem
1783 4376 2197 4441 conspuentes,
2230 4367 2545 4424 criminose
2575 4365 2994 4432 conviciantes,
3026 4382 3277 4437 eamque
3326 4364 3742 4438 percutientes,

323 4469 534 4510 manus
568 4460 625 4510 et
671 4457 846 4528 pedes
905 4458 1034 4528 ejus
1081 4457 1260 4513 clavis
1307 4459 1690 4530 configentes,
1743 4464 1975 4514 acetum
2025 4463 2082 4513 et
2132 4457 2203 4512 fel
2255 4457 2306 4512 ei
2357 4456 2763 4528 porrigentes;
2815 4456 3054 4510 tandem
3103 4454 3285 4511 latere
3333 4457 3466 4526 ejus
3515 4459 3743 4526 aperto,

318 4543 493 4598 exivit
513 4545 584 4600 de
611 4561 676 4600 eo
708 4548 951 4618 sanguis
982 4551 1038 4601 et
1070 4564 1244 4618 aqua,
1278 4549 1432 4619 quod
1467 4547 1550 4603 illi
1585 4547 1894 4619 supposita
1942 4545 2205 4618 ampulla
2254 4545 2650 4617 suscipientes
2699 4545 2770 4600 ad
2821 4544 3286 4617 experimentum
3339 4544 3490 4601 289
3541 4549 3743 4598 utrum

318 4632 536 4687 fuerint
565 4650 700 4688 vera
732 4634 1016 4690 miracula
1045 4654 1170 4708 qua:
1199 4638 1404 4693 Jesum
1439 4637 1644 4692 fecisse
1674 4636 2006 4706 audierant,
2040 4651 2247 4690 omnes
2280 4635 2546 4690 infirmos
2577 4633 2638 4690 in
2665 4637 2968 4707 Synagoga
2999 4649 3109 4688 sua
3139 4633 3415 4689 collectos
3464 4633 3572 4689 hoc
3602 4649 3744 4688 san-

317 4721 497 4792 guine
548 4725 957 4795 aspergebant,
1007 4730 1062 4780 et
1093 4744 1125 4780 a
1157 4743 1511 4798 quocunque
1561 4725 1844 4797 languore
1895 4725 2309 4780 detinebantur
2357 4740 2558 4780 omnes
2609 4725 2994 4780 sanabantur.
3043 4723 3206 4779 Unde
3254 4723 3491 4778 tandem
3559 4721 3744 4780 Judaei

318 4813 655 4881 compuncti
686 4814 756 4866 ad
787 4814 1150 4871 Adeodatum
1184 4816 1438 4872 civitatis
1471 4817 1813 4886 episcopum
1850 4831 2055 4870 omnes
2086 4818 2532 4883 concurrerunt,
2561 4813 2732 4884 eique
2777 4829 2838 4867 re
2885 4817 3178 4881 enarrata,
3232 4811 3554 4885 imaginem
3605 4827 3742 4867 cum

319 4900 608 4972 sanguine
647 4901 697 4956 ei
729 4903 1033 4959 dederunt.
1083 4905 1308 4968 Quibus
1358 4904 1664 4974 baptizatis
1713 4904 2024 4975 episcopus
2075 4903 2423 4975 sanguinem
2477 4919 2580 4974 per
2623 4901 2916 4974 ampullas
2970 4901 3224 4958 divisum
3278 4902 3448 4974 longe
3494 4901 3744 4973 laetaque

319 4989 601 5061 dirigens,
655 4992 1004 5062 praedicabat
1059 4994 1355 5066 magnalia
1404 4994 1526 5064 Dei,
1579 4995 1909 5048 obtestatus
1958 5009 2162 5048 omnes
2217 4997 2280 5047 ut
2347 4990 2601 5064 singulis
2672 4991 2845 5047 annis
2905 4991 3111 5063 quinto
3182 4991 3318 5046 Idus
3396 4991 3746 5047 Novembris

320 5078 643 5135 celebretur
699 5082 900 5137 Passio
951 5084 1257 5138 Dominicze
1307 5083 1604 5154 imaginis.
1661 5088 1793 5140 Haec
1835 5083 2140 5154 Sigebertus
2184 5085 2280 5155 qui
2322 5084 2379 5136 in
2428 5083 2525 5137 hoc
2571 5086 2743 5149 errat,
2811 5081 2953 5153 quod
3018 5083 3320 5136 Historiam
3395 5080 3750 5137 Constantini

318 5176 370 5222 et
417 5169 602 5225 lrenes
630 5185 747 5227 aevo
800 5176 1008 5242 gestam
1066 5185 1326 5241 enarret;
1387 5191 1520 5228 nam
1579 5182 1818 5241 tempore
1868 5175 2068 5239 Irenes,
2119 5174 2338 5227 nomine
2396 5171 2686 5226 Athanasii
2742 5171 2878 5226 lecta
2937 5169 3050 5242 fuit
3108 5172 3168 5225 in
3225 5169 3431 5242 synodo
3506 5171 3747 5226 secunda

321 5257 568 5315 Niczena.
592 5264 702 5316 Nec
730 5263 908 5331 potuit
937 5261 1068 5317 adeo
1101 5264 1335 5317 recentis
1362 5263 1639 5318 memoriae
1671 5271 1788 5318 tum
1815 5263 2008 5332 fuisse,
2039 5270 2101 5317 ut
2132 5262 2298 5317 Petro
2329 5277 2453 5316 eam
2486 5261 2790 5316 Athanasio
2850 5259 3195 5317 adscribenti
3240 5260 3381 5330 ﬁdes
3427 5259 3743 5316 haberetur.

329 5347 536 5402 Verane
563 5352 830 5405 cxterum
860 5368 930 5405 an
957 5352 1100 5422 falsa
1127 5352 1200 5407 sit
1229 5351 1341 5407 hxc
1371 5352 1624 5418 historia,
1644 5351 1932 5424 prudentis
1965 5351 2182 5408 lectoris
2211 5351 2416 5422 iudicio
2446 5353 2841 5424 permittatur;
2869 5351 3024 5407 nobis
3052 5366 3187 5406 sane
3218 5350 3431 5406 videtur
3449 5349 3749 5407 admodum

323 5439 588 5510 suspecta.
