4148 6366
330 426 448 487 ’197

1449 425 1550 486 DE
1593 423 1999 487 MIRACULO
2044 425 2336 487 BERYTI
2381 424 2640 486 EDITO.

3637 415 3756 480 798
3825 496 3828 498 ,

1499 584 1629 641 ΤΟΥ
1667 584 1760 640 ΕΝ
1801 585 2029 640 ΑΓΙΟΙΣ
2073 584 2348 640 ΠΑΤΡΟΣ
2391 587 2581 639 ΠΜΩΝ

1695 734 2425 832 ΑΘΑΝΑΣΙΟΥ

333 901 412 975 (8)
462 901 640 977 Λόγος
699 901 774 964 εἰς
834 904 894 956 τὸ
963 905 1142 975 θαῦμα
1201 901 1264 956 τὸ
1329 873 1579 979 γεγονὸς.
1618 900 1669 956 ἐν
1741 903 1988 1027 Βηρυγτῖὲ,
2035 899 2209 1041 frng
2232 897 2327 965 τῆς
2386 896 2572 972 τιμίας
2630 897 2719 952 καὶ
2779 891 3070 968 σεϐασμίας
3131 891 3337 956 εἰκόνος
3393 897 3490 949 τοῦ
3549 889 3754 968 Χυρίοι)

1806 993 1896 1027 και
1972 991 2060 1024 εου
2136 992 2269 1041 μων.
2633 997 2651 1014 υ

1806 993 1896 1027 και
1928 991 2060 1027 υεου
2091 991 2269 1044 ημων.
2633 997 2651 1014 α

1447 1256 1539 1350 S.
1612 1256 1710 1349 P.
1783 1255 1892 1350 N.
1965 1253 2646 1348 ATHANASII

531 1426 721 1483 Sermo
750 1425 815 1483 de
847 1427 1123 1484 miraculo
1153 1428 1342 1500 Beryti
1371 1427 1534 1494 edito,
1567 1429 1717 1483 circa
1745 1427 2045 1499 pretiosam
2076 1430 2130 1483 et
2160 1425 2528 1483 venerandam
2557 1425 2857 1497 imaginem
2897 1425 3130 1481 Domini
3155 1425 3208 1478 et
3235 1422 3334 1478 Dei
3361 1420 3559 1478 nostri.

415 1707 464 1762 1.
498 1707 691 1780 ’Ἄρατε
718 1703 843 1767 τοὺς
874 1704 1190 1784 ὀφθαλμοὺς
1239 1712 1338 1775 τῆς
1395 1703 1632 1768 διανοίας
1685 1706 1860 1778 ὑμῶν,
1892 1702 1984 1760 καί

2171 1707 2222 1762 1.
2255 1706 2471 1779 Erigite
2501 1705 2699 1762 oculos
2734 1704 2945 1761 mentis
2975 1707 3202 1769 vestra),
3232 1719 3299 1758 ac
3319 1701 3504 1757 videte
3531 1714 3751 1756 novum

343 1789 481 1847 ἰ¹δετε
525 1794 588 1848 τὸ
635 1795 817 1849 καινὸν
871 1794 959 1849 καὶ
1018 1793 1320 1868 παράδοξον
1377 1799 1577 1868 θαῦμα,
1611 1793 1742 1868 ὅπερ
1801 1792 1993 1869 γέγονε

339 1885 430 1937 νῦν
465 1881 516 1936 ἐν
547 1888 665 1946 ταῖς
692 1884 926 1960 ἡμέραις
958 1885 1140 1957 ἡμῶν.
1164 1879 1598 1957 Ἐμϐλέψατεω)
1623 1884 1698 1945 εἰς
1720 1884 1817 1951 τὴν
1845 1884 1993 1937 ἄπει-

343 1991 435 2047 ρον
470 1972 776 2047 ἀγαθότητα
811 1978 908 2027 τοῦ
963 1971 1115 2043 Θεοῦ,
1152 1971 1275 2029 δότε
1324 1973 1469 2046 αύτῷ
1520 1971 1698 2044 δόξαν,
1729 1973 1993 2043 κατανοή-

342 2081 468 2115 σατε
495 2062 595 2130 τήν
625 2062 826 2139 ἄφατον
877 2061 1283 2140 φιλανθρωπίαν
1341 2063 1430 2117 καί
1487 2063 1548 2117 τὸ
1612 2061 1832 2136 μέγεθος
1889 2067 1988 2130 τῆς

341 2150 505 2206 αὐτοῦ
557 2150 892 2224 οἰκονομίας,
924 2154 1014 2207 καὶ
1062 2154 1257 2226 θρῆνον
1315 2153 1428 2226 μετ’
1479 2150 1814 2230 εὐφροσύνης
1863 2149 1989 2239 ἀξία-

341 2235 554 2296 λάϐετε.
615 2242 737 2298 Ἐπὶ
821 2242 914 2315 μὲν
984 2246 1117 2298 Θεοῦ
1177 2239 1328 2298 οὐδὲν
1388 2242 1555 2312 ξένον.
1613 2243 1700 2298 Ἑν
1750 2240 1852 2316 γὰρ
1910 2235 1990 2312 τῷ

339 2327 628 2403 παραδόξῳ
657 2331 838 2404 τούτῳ
869 2330 1123 2405 θαύματι,
1153 2333 1181 2386 ’ὀ
1215 2331 1419 2408 ἐγένετο
1470 2331 1520 2385 ἐν
1580 2337 1698 2392 ταῖς
1755 2328 1989 2406 ἡμέραις

340 2418 590 2487 ἐκείναις,
650 2419 934 2490 ἐξέστησαν
993 2426 1158 2474 πᾶσαι
1227 2421 1280 2475 αἰ
1341 2417 1557 2494 καρδίαι
1612 2424 1720 2474 τῶν
1779 2418 1989 2492 ἀνθρώ-

341 2529 482 2564 πων.
515 2509 724 2570 ’Ὁντως
757 2507 934 2580 ἐξέστη
971 2511 999 2562 ὸ
1032 2509 1258 2585 οὐρανὸς
1305 2508 1391 2562 ἐπὶ
1445 2509 1508 2563 τὸ
1552 2505 1988 2580 τετολμημένον,

343 2596 718 2672 ἐταράχθησαν
768 2604 933 2652 πᾶσαι
994 2599 1047 2653 αἱ
1094 2595 1308 2673 καρδίαι
1354 2603 1460 2652 τῶν
1513 2597 1837 2672 ἀνθρώπων.
1872 2597 1992 2649 Ὀν-

340 2708 448 2748 τως
486 2686 768 2756 ἐξέστησαν
816 2693 981 2741 πᾶσαι
1022 2682 1267 2755 ἄϐυσσοι,
1303 2689 1335 2741 ά
1364 2685 1527 2756 ἥλιος
1561 2685 1867 2754 ἐσκοτίσθη,
1901 2681 1989 2738 καὶ

342 2777 377 2846 ἠ
412 2774 614 2846 σελήνη
647 2775 737 2830 καὶ
771 2777 822 2830 οἱ
856 2777 1070 2853 ἀστέρες
1102 2775 1499 2852 ἐταράχθησαν,
1559 2776 1659 2829 ὑπὸ
1705 2775 1785 2846 τῷ
1846 2773 1993 2829 οἰκο-

341 2866 631 2938 νομηθέντι
693 2864 794 2919 ὑπὸ
846 2869 943 2919 τοῦ
995 2863 1218 2939 Κυρίου.
1252 2871 1422 2920 Πᾶσαι
1473 2867 1528 2920 αἱ
1583 2867 1693 2920 τῶν
1751 2862 1992 2939 οὐρανῶν

346 2952 614 3028 δυνάμεις,
645 2953 926 3022 ἀκούσατε,
967 2955 1055 3010 καὶ
1105 2951 1346 3027 ἔκστητε,
1395 2955 1568 3030 γενεαὶ
1614 2958 1722 3009 τῶν
1770 2956 1989 3029 γενεῶν,

342 3045 388 3116 ᾦ
443 3045 655 3120 γέγονεν
714 3042 1016 3121 παράδοξον
1067 3044 1246 3118 θαῦμα
1297 3043 1348 3099 ἐν
1406 3049 1524 3106 ταῖς
1588 3043 1819 3120 ἡμέραις
1871 3040 1994 3096 ταύ-
2025 3087 2073 3151 Β

341 3153 479 3195 ταις.

412 3224 467 3277 2.
500 3220 673 3282 Πόλις
711 3220 822 3276 ἐστὶ
866 3223 1113 3296 Βηρύτὸς
1147 3221 1750 3295 καλουμένη,’τελοῦσα
1787 3219 1844 3276 δὲ
1895 3220 1997 3276 ὑπὸ

346 3309 704 3385 Ἀντιόχειαν.
731 3312 817 3367 Ἐν
852 3311 987 3384 αὐτῇ
1017 3315 1086 3382 τῇ
1115 3310 1276 3366 πόλει
1307 3310 1494 3382 πλήθη
1535 3309 1722 3367 πολλὰ
1767 3312 1834 3380 ἦν
1886 3314 1994 3364 τῶν

346 3396 645 3456 Ἰουδαίων.
698 3399 937 3470 Πλησίον
996 3397 1054 3454 δὲ
1107 3404 1206 3466 τῆς
1267 3407 1584 3476 συναγωγῆς
1642 3399 1816 3454 αὐτῶν
1864 3401 1998 3474 Χρι-

347 3487 560 3550 στιανός
606 3510 689 3550 τις
739 3483 924 3543 λαϐὼν
979 3487 1198 3544 κελλίον
1271 3491 1581 3563 κατέμενεν.
1632 3488 1890 3559 Ἐποίησε
1940 3485 1998 3542 δὲ

348 3575 530 3631 εἰκόνα
559 3582 655 3632 τοῦ
703 3578 902 3653 Κυρίου
950 3579 1110 3652 ἡμῶν
1145 3579 1322 3648 Ἰησοῦ
1381 3581 1615 3654 Χριστοῦ
1675 3577 1994 3650 ὁλόστατον,

347 3665 808 3745 ἐζωγραφημένην
841 3667 892 3722 ἐν
926 3667 1224 3743 ὡραιότητι
1258 3667 1468 3742 πολλῇ.
1501 3667 1709 3744 Χρόνου
1740 3665 1797 3722 δὲ
1849 3665 1995 3723 διελ-

342 3754 553 3822 θόντος,
607 3755 875 3827 ἠθέλησεν
926 3756 1278 3834 ἀναχωρῆσαι
1328 3759 1355 3812 ὁ
1404 3758 1720 3832 Χριστιανὸς
1780 3756 1839 3811 ἐκ
1898 3761 1994 3812 τοῦ

341 3844 504 3899 αὐτοῦ
534 3843 781 3901 κελλίου.
815 3847 1177 3918 Ἐπεζήτησεν
1237 3845 1328 3900 οὖν
1385 3844 1566 3921 ἕτερον
1605 3845 1825 3903 κελλίον
1881 3851 1994 3919 μεῖ-

343 3938 453 4008 ζον,
487 3935 563 3998 ὡς
593 3934 783 4012 χρείαν
835 3933 979 4011 ἔχων
1029 3935 1215 4008 αὐτοῦ,
1248 3937 1360 4008 ἅμα
1420 3933 1477 3991 δὲ
1532 3938 1620 3991 καὶ
1673 3935 1995 4006 πλησιάζειν

335 4022 494 4078 αὐτὸν
539 4029 654 4086 τοῖς
687 4021 992 4086 Ἰουδαίοις.
1025 4025 1216 4100 Εὑρὼτ
1266 4023 1323 4079 δὲ
1371 4022 1579 4097 οἷ’κημα
1625 4022 1830 4101 ἕτερον,
1868 4047 1992 4098 μετ-

336 4117 464 4187 ῆρεν
524 4111 748 4184 ἐκεῖθεν,
810 4107 994 4167 λαϐὼν
1046 4113 1219 4167 πάντα
1285 4112 1352 4167 τὰ
1430 4113 1746 4189 ὑπάρχοντα
1804 4111 1988 4168 αὺτοῦ.

339 4201 464 4254 Κατ’
513 4201 826 4275 οἰκονομίαν
885 4199 941 4256 δὲ
996 4206 1093 4256 τοῦ
1153 4206 1308 4272 Θεοῦ,
1357 4206 1454 4256 τοῦ
1511 4203 1764 4266 θέλοντος
1819 4203 1993 4257 πάντα

340 4282 619 4364 ἄνθρωπον
662 4298 921 4365 σωθῆναι,
963 4292 1053 4346 καὶ
1112 4291 1186 4354 εἰς
1246 4291 1535 4368 ἐπίγνωσιν
1588 4292 1850 4364 ἀληθείας
1905 4291 1992 4347 ἐλ-

341 4383 468 4449 θεῖν,
501 4376 752 4436 δεικνύων
809 4381 876 4436 τὰ
925 4381 1197 4454 θαυμάσια
1245 4381 1413 4437 αὐτοῦ
1459 4387 1587 4437 πᾶσι
1635 4388 1751 4445 τοῖς
1783 4382 1992 4438 πιστεύ-

2103 1797 2582 1868 stupendumtu
2610 1794 3144 1865 miraculum,quod
3168 1808 3354 1864 nuper
3383 1790 3592 1846 diebus
3614 1805 3753 1844 con-

2100 1883 3136 1956 tigitnostris.Respiciteimmensam
3161 1881 3255 1937 Dei
3275 1879 3755 1944 bonitatem,date

2102 1973 2845 2045 ipsigtoriam,perpendite
2865 1972 3218 2027 ineﬁabilem
3249 1973 3380 2041 ejus
3410 1985 3548 2040 erga
3569 1967 3754 2023 homi—

2101 2079 2204 2118 nes
2238 2080 2496 2118 amorem
2531 2062 3120 2134 magnitudinemque
3152 2059 3526 2130 providentiae
3556 2056 3750 2113 illius:

2102 2169 2234 2207 cum
2266 2152 2466 2207 laetitia
2497 2152 2819 2206 [amentum
2843 2149 3319 2207 assumite.Nihil
3352 2148 3411 2202 in
3448 2152 3557 2201 Deo
3581 2145 3752 2201 mira-

2103 2241 2216 2296 bile
2251 2267 2264 2308 ;
2299 2241 2397 2296 sed
2430 2241 2489 2295 in
2523 2241 2816 2311 stupendo
2859 2239 3198 2308 hujusmodi
3252 2234 3556 2303 miraculo,
3593 2235 3750 2306 quod

2102 2331 2326 2386 editum
2357 2336 2446 2386 est
2475 2329 2534 2384 in
2569 2329 2684 2383 illis
2722 2329 2952 2398 diebus,
2985 2328 3184 2383 omnia
3240 2325 3543 2382 hominum
3576 2324 3754 2380 corda

2102 2424 2340 2490 stupore
2373 2420 2644 2491 perculsa
2689 2424 2848 2473 sunt.
2891 2417 3208 2488 Obstupuit
3253 2432 3383 2471 vere
3431 2413 3643 2470 caelum
3677 2413 3750 2468 ob

2102 2515 2397 2580 patratum
2429 2508 2678 2576 facinus,
2731 2507 2965 2562 turbata
3012 2511 3151 2560 sunt
3195 2505 3393 2559 omnia
3440 2503 3750 2557 hominum

2101 2598 2276 2652 corda
2307 2615 2318 2664 ;
2355 2598 2708 2667 Obstupuere
2739 2595 2933 2668 abyssi
2969 2594 3296 2662 omnes,sol
3330 2592 3749 2648 obtenebratus

2100 2687 2357 2756 est,luna
2388 2692 2443 2741 et
2473 2685 2652 2741 stellas
2691 2685 3048 2740 conturbatio
3079 2689 3238 2750 sunt,
3259 2684 3331 2738 ob
3363 2698 3484 2739 rem
3516 2679 3750 2736 Domini

2102 2775 2468 2848 providentia
2497 2779 2723 2846 gestam
2758 2790 2770 2828 :
2807 2774 3236 2844 audite,omnes
3264 2772 3542 2828 ccelorum
3564 2770 3755 2825 virtu-

2099 2868 2209 2933 tes,
2246 2881 2311 2920 ac
2341 2869 2592 2936 stupste,
2625 2864 3027 2936 generationes
3059 2863 3525 2935 generationum,
3559 2859 3632 2915 ob
3657 2859 3752 2914 in-

2102 2969 2247 3026 gens
2280 2953 2658 3020 miraculum,
2688 2952 2780 3008 his
2812 2952 3020 3008 diebus
3051 2953 3298 3008 editum.

2176 3222 2231 3277 2.
2266 3222 2412 3279 Urbs
2444 3228 2552 3287 est,
2588 3222 2827 3291 Berytus
2859 3217 3429 3288 nomins,Antiochas
3450 3213 3756 3288 vectigalis

2107 3310 2166 3366 in
2199 3328 2312 3381 qua
2346 3311 2555 3384 ingens
2586 3317 2712 3366 erat
2745 3310 3084 3366 Judworum
3112 3308 3450 3364 multitudo.
3483 3303 3763 3362 Christia-

2108 3417 2220 3455 nus
2244 3416 2412 3470 porro
2445 3399 2684 3471 quidam
2706 3403 2941 3470 accepta
2965 3415 3142 3470 prope
3165 3412 3519 3469 synagogam
3552 3408 3755 3450 eorum

2107 3487 2337 3554 cellula,
2370 3488 2487 3542 illic
2518 3487 3178 3544 commorabatur.Fecit
3207 3491 3402 3540 autem
3435 3483 3756 3555 imaginem

2106 3579 2332 3635 Domini
2367 3579 2682 3652 integram,
2719 3579 3112 3651 pulcherrime
3172 3576 3484 3648 depictam.
3545 3574 3757 3645 Elapso

2107 3671 2362 3742 quodam
2410 3673 2694 3741 tempore,
2748 3667 2931 3722 voluit
2975 3667 3344 3723 Christianus
3391 3663 3661 3720 secedere
3690 3679 3758 3718 ex

2105 3761 2218 3815 ista
2284 3758 2514 3825 cellula,
2580 3760 2868 3843 majorem}
2929 3757 3234 3828 requisivit
3295 3753 3588 3821 cellulam,
3639 3768 3758 3843 qua

2105 3848 2325 3904 scilicet
2357 3865 2505 3919 opus
2535 3847 2805 3913 habebat,
2840 3841 2921 3902 ita
2954 3852 3017 3901 ut
3045 3847 3218 3901 etiam
3245 3844 3468 3900 Judaeis
3499 3841 3754 3898 essetvi-

2105 3939 2293 3993 cinus.
2330 3937 2568 3992 Invento
2599 3935 2895 3992 domicilio
2928 3934 3134 4001 altero,
3169 3934 3306 3990 inde
3325 3931 3752 4004 commigravit,

2104 4027 2228 4084 suis
2259 4027 2536 4082 omnibus
2565 4025 2822 4098 acceptis
2852 4025 3046 4082 bonis.
3081 4025 3240 4091 Quod
3283 4040 3353 4080 ex
3382 4022 3483 4078 Dei
3513 4022 3754 4093 dispen-

2101 4117 2327 4173 satione
2362 4117 2579 4171 factum
2612 4121 2718 4186 est,
2752 4114 2852 4185 qui
2884 4113 3008 4169 vult
3031 4130 3266 4169 omnem
3298 4112 3596 4168 hominem
3631 4109 3754 4166 sal-

2102 4222 2236 4260 vum
2273 4205 2416 4270 ﬁeri,
2450 4209 2506 4259 et
2537 4205 2607 4259 ad
2631 4204 2991 4276 agnitionem
3024 4202 3284 4258 veritatis
3316 4199 3527 4266 venire,
3562 4202 3752 4256 osten-

2101 4294 2304 4366 ditque
2331 4292 2622 4349 mirabilia
2652 4310 2759 4349 sua
2776 4292 3050 4349 omnibus
3072 4291 3130 4346 in
3158 4293 3353 4364 ipsum
3377 4289 3751 4346 credentibus

2101 4384 2158 4438 in
2203 4382 2784 4456 veritaterAcceptis
2832 4381 3212 4438 Christianus
3257 4379 3532 4436 omnibus
3583 4378 3654 4434 ad
3687 4393 3750 4434 se

337 4489 487 4523 ουσιν
516 4468 660 4542 αὐτῷ
692 4469 742 4526 ἐν
779 4470 1026 4542 ἀληθείᾳ.
1059 4467 1255 4527 Λαϐὼν
1310 4469 1367 4527 δὲ
1417 4473 1444 4527 ὁ
1477 4473 1794 4549 Χριστιανὸς
1847 4473 1984 4529 ἅπα-

2105 4472 2638 4544 pertinentibus,uti
2663 4489 2842 4544 supra
2864 4471 3088 4526 dictum
3112 4469 3428 4542 est,relicta
3441 4472 3530 4523 est
3553 4466 3747 4540 imago

336 4578 428 4613 σαν
488 4561 586 4628 τὴν
639 4559 821 4616 οὐσίαν
873 4560 1058 4628 αὐτοῦ,
1099 4563 1174 4625 ὡς
1224 4561 1610 4637 προλέλεκται,
1659 4561 1985 4640 κατελείφθη

335 4646 370 4715 ἠ
434 4645 593 4700 εἰκὼν
646 4651 744 4702 τοῦ
804 4647 1004 4722 Κυρίου
1058 4649 1221 4721 ἡμῶν
1281 4650 1459 4719 Ἰησοῦ
1518 4655 1753 4723 Χριστοῦ
1824 4651 1987 4726 μόνη,

337 4733 407 4804 λη
419 4736 695 4807 σμονήσας
724 4734 890 4804 αὐτὴν
925 4735 977 4790 ἐν
1008 4741 1088 4808 τῷ
1115 4735 1347 4810 κελλίῳ.

405 4827 460 4882 3,
495 4822 760 4888 Ἰουδαῖος
813 4823 869 4880 δέ
923 4847 1006 4888 τις
1063 4821 1247 4882 λαϐὼν
1292 4827 1354 4881 τὸ
1405 4825 1624 4883 κελλίον
1675 4829 1838 4884 αὑτοῦ
1892 4834 1989 4885 τοῦ

335 4913 502 4969 οἰκεῖν
535 4915 586 4970 ἐν
624 4914 790 4988 αὐτῷ,
825 4911 947 4970 ἔνθα
1004 4919 1070 4985 ἦν
1129 4916 1163 4986 ἠ
1227 4914 1384 4970 εἰκὼν
1441 4920 1538 4971 τοῦ
1595 4912 1990 4990 παμϐασιλέως

335 5005 592 5079 Χριστοῦ,
639 5004 940 5080 εἰσαγαγὼν
994 5002 1052 5059 δὶ
1095 5005 1269 5060 πάντα
1322 5006 1390 5060 τὰ
1455 5004 1770 5083 ὑπάρχοντα
1826 5007 1990 5064 αὐτοῦ

335 5095 411 5158 εἰς
455 5096 516 5150 τὸ
578 5093 800 5174 κελλίον
867 5092 1147 5166 κατέμενε,
1203 5095 1276 5167 μὴ
1328 5095 1606 5171 θεωρήσας
1653 5097 1751 5165 τήν
1811 5095 1991 5152 εἰκόνα

331 5189 429 5240 τοῦ
461 5183 684 5259 Κυρίου,
719 5182 801 5238 ὅτι
835 5179 1043 5238 ἵσταται
1074 5182 1204 5252 ἐκεῖ,
1239 5181 1364 5240 οὐδὲ
1419 5184 1712 5255 κατενόησε
1752 5185 1842 5240 τὸν
1892 5185 1988 5240 τό-

333 5295 437 5329 πον
471 5273 696 5329 ἐκεῖνον.
733 5274 848 5344 Μιᾷ
900 5271 957 5328 δὲ
999 5277 1106 5328 τῶν
1157 5275 1380 5352 ἡμερῶν
1429 5273 1681 5330 ἐκάλεσεν
1713 5270 1986 5351 Ἐϐραῖον,

404 5403 482 5473 (8)
515 5401 764 5477 Colbert,
798 5402 925 5477 833,
961 5400 1138 5477 Λόγος
1165 5401 1291 5476 περὶ
1320 5408 1422 5471 τῆς
1449 5400 1502 5456 ἐν
1555 5403 1790 5477 Βηρυτῷ
1842 5403 1991 5458 εἰκό-

329 5470 451 5550 νος.
479 5477 579 5550 τοῦ
627 5470 827 5550 Κυρίορ
877 5470 1063 5550 ἠμῷνξ
1093 5470 1277 5542 Ἰησοῦ
1316 5470 1592 5550 Χριστοῦ.Δ
1625 5470 1792 5550 ⁷ίξᾷοιίἇ.
1826 5477 1989 5544 4457,

333 5543 457 5618 περὶ
486 5549 584 5618 τοῦ
615 5542 932 5618 γενομένου
964 5542 1498 5618 θαύματος-εἰς’τήν
1549 5545 1730 5602 εἰκόνα
1772 5550 1868 5600 τοῦ
1917 5542 1990 5602 Κῦ

333 5565 457 5618 περι
486 5565 584 5598 του
655 5565 912 5616 ενομενου
964 5565 1238 5616 οαυματος
1287 5565 1363 5608 εις
1401 5567 1498 5614 την
1549 5565 1730 5602 εικονα
1772 5567 1868 5600 του
1917 5565 1987 5602 hu

333 5565 1216 5697 ᾗιίῶν.Ἰῦῖςῦ,-ξΑνξιγινώσκεται
1249 5613 1305 5670 δὲ
1333 5621 1402 5691 τῇ
1455 5623 1698 5697 ιςυριακῇ
1746 5625 1846 5688 τῆς
1894 5618 1987 5697 ὀρ-

335 5684 602 5767 θοδοξίας.
649 5690 817 5767 poli).
848 5684 1010 5767 5119,
1062 5689 1321 5767 ῥιήγησις
1369 5684 1494 5767 περὶ
1536 5684 1639 5745 ’τοῦ
1674 5684 1989 5767 ’γενομένὸυ

335 5757 613 5832 θαύματος
647 5761 699 5816 ἐν
751 5757 1097 5835 Βηρυτῷτῇ
1146 5757 1329 5832 πόλει,
1364 5757 1469 5818 ὑπὸ
1509 5769 1609 5831 τῆς
1651 5757 1838 5837 τιμίας
1897 5763 1986 5819 καὶ

2099 4562 2331 4618 Domini
2368 4562 2548 4618 nostri
2598 4561 2735 4616 Jesu
2773 4561 2989 4616 Christi
3021 4560 3420 4632 sola,eamque
3452 4557 3627 4613 homo
3650 4555 3750 4612 ille

2101 4651 2318 4708 oblitus
2347 4651 2405 4706 in
2437 4650 2648 4706 cellula
2676 4655 2785 4705 est.

2171 4833 2223 4887 3.
2256 4832 2497 4888 Judaeus
2527 4834 2722 4886 autem
2757 4829 2994 4902 quidam
3029 4842 3268 4901 accepta
3298 4829 3412 4884 ista
3451 4825 3658 4884 cellula
3688 4824 3747 4881 in

2101 4921 2489 4989 domicilium,
2535 4919 2635 4974 ubi
2700 4923 2824 4974 erat
2877 4919 3071 4990 imago
3123 4918 3532 4974 universorum
3593 4917 3747 4988 regis

2100 5010 2336 5079 Christi,
2380 5026 2513 5065 cum
2563 5025 2630 5064 eo
2679 5025 2772 5064 res
2821 5024 3026 5063 omnes
3069 5025 3210 5063 suas
3257 5011 3636 5079 asportasset,
3668 5006 3749 5062 ibi

2099 5099 2675 5155 commemorabatur
2707 5115 2720 5152 :
2754 5114 2861 5153 nec
2893 5097 3139 5153 advertit
3157 5097 3474 5170 imaginem
3494 5095 3748 5166 Domini,

2101 5206 2227 5261 quae
2261 5187 2379 5243 illic
2409 5189 2624 5257 stabat,
2657 5203 2847 5259 neque
2878 5185 3153 5242 lustravit
3182 5203 3313 5241 eum
3347 5185 3562 5241 locum.
3595 5185 3746 5249 Qua-

2102 5279 2236 5333 dam
2299 5294 2470 5350 porro
2502 5277 2596 5333 die
2625 5293 2758 5332 cum
2789 5276 3087 5332 Hebraeum
3119 5275 3518 5342 invitasset,ut
3548 5291 3748 5330 secum

2101 5398 2393 5496 efﬁcaciam];
2453 5402 2659 5465 εἰκόνος
2708 5405 2806 5457 τοῦ
2865 5406 2938 5456 Κῦ
2995 5403 3155 5474 ἡμῶν
3215 5402 3289 5458 Ἰῦ
3344 5402 3445 5470 Χῦ,
3477 5400 3566 5456 καὶ
3623 5399 3749 5476 περὶ

2102 5475 2225 5546 ἐλεη
2238 5475 2499 5549 μοσύνης.
3698 5475 3703 5476 ί

2170 5550 2244 5621 (9)
2279 5547 2530 5621 Colbert.
2568 5549 2616 5614 1,
2643 5545 2953 5621 Ἑγκύψατε
2993 5545 3070 5621 εἰς
3117 5543 3452 5621 τὸμᾶπειρον
3490 5542 3748 5621 *πέλαγᾲς

2096 5613 2204 5674 τῶν
2232 5613 2523 5692 ’θαυμάτων
2556 5613 2652 5692 τοῦ
2683 5613 2839 5680 Θεοῦ,
2870 5616 2959 5692 καὶ
2993 5613 3131 5692 ἷξδετε
3164 5618 3225 5692 τὸ
3275 5613 3455 5692 ἔργον,
3487 5616 3517 5671 ’ὁ
3643 5613 3748 5672 Κύ-

2101 5711 2248 5767 ριοςῌ
2275 5686 2562 5767 εἰργάσατο
2591 5686 2673 5767 ,ἐν
2731 5693 2850 5767 ταῖς,
2909 5687 3141 5763 ἡμέραις
3201 5686 3384 5762 ἡμῶνο
3418 5687 3748 5763 συγκλίνατα

2095 5757 2160 5819 τὸ
2189 5759 2279 5826 οῦς
2311 5757 2488 5838 ὗμῶν,
2519 5757 2608 5817 καὶ
2643 5760 2758 5834 μετ’
2791 5757 2944 5836 ιῦφρ.
