4148 6362
317 396 432 457 799

1511 399 1576 461 S.
1624 398 2150 461 ATHANASIUS.
2177 428 2254 442 —
2281 397 2548 460 DUBIA.

3621 394 3744 456 800

320 533 582 585 sumeret
611 529 808 586 cibum
837 548 850 598 ;
879 530 1019 584 dum
1053 530 1425 602 prenderent,
1460 530 1699 586 elevatis
1729 531 1968 586 Judaeue

2084 525 2168 582 ’ίνα
2199 529 2346 604 φάγῃ
2384 528 2499 600 μετ’
2529 525 2716 582 αὑτοῦ·
2766 525 2817 580 ἐν
2870 523 2927 580 δὲ
2972 529 3052 599 τῷ
3097 525 3316 602 ἀριστᾷν
3368 523 3588 597 αὐτοὺς,
3642 525 3736 582 ἐπ·

319 619 421 690 qui
452 618 732 674 invitatus
768 620 954 675 fuerat
985 619 1190 686 oculis,
1220 620 1366 674 vidit
1400 620 1711 690 imaginem
1741 619 1971 675 Domini

317 709 499 763 nostri
533 709 669 763 Jesu
701 708 944 775 Christi,
980 709 1244 779 dixitque
1275 710 1476 765 Judaao
1508 710 1607 781 qui
1640 726 1703 764 se
1733 709 1974 763 advoca-

319 801 448 852 rat:
485 798 568 852 Tu
601 797 843 854 Judams
875 815 1008 853 cum
1060 801 1165 864 sis,
1202 817 1381 869 quare
1423 800 1603 866 huius
1654 797 1970 869 imaginem

317 886 472 957 apud
508 892 559 940 te
591 887 816 941 servas?
846 887 1241 958 plurimasque
1265 904 1328 942 ac
1354 889 1635 942 nefandas
1666 893 1970 942 contume-

317 974 426 1030 lias
457 975 698 1046 profano
723 977 1001 1047 turpique
1035 994 1132 1032 ore
1163 995 1269 1031 suo
1295 976 1534 1049 protulit
1565 982 1768 1031 contra
1799 992 1971 1032 vene-

317 1065 562 1118 randam
595 1063 915 1134 imaginem
943 1065 1353 1136 Domini,quas
1373 1082 1444 1120 ne
1469 1065 1525 1120 in
1563 1072 1819 1121 mentem
1843 1065 1972 1136 qui-

315 1153 447 1208 dem
479 1153 785 1208 hcminum
812 1154 1005 1209 venire
1029 1154 1179 1222 licet;
1208 1156 1390 1210 absit!
1427 1156 1798 1226 ostenditque
1823 1155 1964 1208 ima-

318 1243 514 1314 ginem
539 1243 771 1297 Hebraeo
804 1243 902 1313 qui
939 1260 999 1298 se
1030 1243 1482 1299 invitarat.Tum
1505 1244 1677 1316 coepit
1698 1245 1974 1298 Hebraeus

321 1331 397 1387 lle
420 1333 623 1402 jurare
656 1348 756 1404 per
784 1332 1089 1386 Judaicam
1115 1334 1310 1395 ﬁdem,
1346 1351 1407 1388 se
1436 1335 1698 1388 nondum
1731 1335 1798 1388 ad
1843 1350 1972 1388 eam

321 1437 511 1492 usque
531 1421 735 1475 horam
753 1421 904 1476 hanc
926 1423 1139 1477 vidisse
1158 1422 1777 1490 imaginem.Hebraaus
1801 1439 1972 1494 porro

326 1510 424 1581 qui
455 1515 696 1565 vocatus
731 1510 1102 1574 fuerat,290
1134 1511 1318 1566 siluit.
1341 1513 1712 1584 Surgensque
1741 1511 1974 1567 Judaeos

321 1600 443 1655 adit
475 1600 576 1671 qui
598 1600 859 1671 primarii
889 1602 1221 1656 sacerdotes
1245 1601 1462 1673 etlegis
1493 1603 1762 1657 doctores
1783 1606 1971 1668 erant;

320 1689 694 1761 quibusdixit
728 1707 740 1744 :
777 1689 1050 1744 Hebraeus
1076 1689 1174 1746 ille
1223 1692 1542 1762 imaginem
1576 1691 1830 1746 Nazaraei
1877 1691 1974 1745 ba-

318 1777 416 1832 bet
446 1777 626 1844 domi,
660 1795 836 1849 quam
871 1795 976 1850 ego
1008 1779 1193 1835 oculis
1225 1781 1498 1852 conspexi
1531 1781 1699 1837 meis.
1741 1781 1847 1844 Qui
1884 1780 1973 1835 liis

320 1866 538 1922 auditis
561 1869 1026 1938 responderunt:
1060 1870 1363 1933 Quomodo
1414 1870 1468 1924 id
1505 1874 1670 1942 potes
1702 1886 1972 1941 compro-

318 1955 502 2012 bare?
535 1959 684 2014 Tum
720 1958 815 2013 ille
852 1975 864 2013 :
899 1959 989 2015 Me
1017 1959 1356 2030 sequimini,
1386 1963 1443 2014 et
1469 1960 1778 2016 ostendam
1808 1959 1976 2014 vobis

317 2043 504 2100 illam.
533 2046 855 2102 Consilium
893 2065 1065 2120 porro
1099 2049 1301 2115 iniere,
1356 2053 1418 2103 ut
1464 2065 1667 2104 omnes
1710 2047 1976 2120 proxima

319 2134 414 2189 die
447 2151 616 2190 mane
649 2135 918 2192 cellulam
953 2139 1204 2207 adirent,
1237 2137 1295 2192 in
1339 2155 1457 2210 qua
1484 2142 1609 2194 erat
1639 2137 1830 2210 imago
1861 2136 1970 2193 Do-

322 2239 489 2281 mlnl.

389 2515 445 2568 4.
477 2518 720 2570 Ineunte
751 2513 881 2570 luce
913 2515 1219 2585 sequentis
1275 2515 1410 2586 diei,
1461 2514 1794 2587 congregati
1828 2521 1970 2570 sunt

319 2603 612 2675 principes
643 2605 1012 2660 sacerdotum
1045 2610 1102 2660 et
1131 2604 1411 2672 seniores,
1444 2615 1499 2660 et
1528 2606 1728 2660 Judaao
1766 2620 1966 2661 secum

320 2697 648 2763 assumpto,
682 2694 924 2748 domum
959 2693 1173 2765 petiere
1205 2695 1450 2764 Hebraei,
1485 2695 1584 2749 ubi
1617 2699 1740 2750 erat
1770 2694 1966 2766 imago

318 2781 568 2836 Domini.
603 2784 748 2838 Cum
776 2799 841 2838 eo
872 2784 1328 2850 advenissent,in
1361 2785 1601 2839 domum
1635 2785 1964 2856 irrumpen-

315 2874 405 2926 tes
437 2872 804 2927 sarerdotum
835 2872 1127 2944 principes
1156 2878 1212 2928 et
1241 2874 1522 2940 seniores,
1575 2873 1966 2944 universaque

314 2961 713 3030 turba,vident
743 2961 1056 3034 imaginem
1092 2964 1340 3018 Domini.
1362 2965 1511 3018 Tum
1545 2964 1740 3018 furore
1761 2963 1965 3035 repleti

314 3049 581 3105 Judaeum
613 3050 733 3105 illic
767 3051 1126 3108 habitantem
1161 3054 1335 3108 domo
1377 3053 1614 3125 pulsum
1667 3069 1966 3124 synagoga

317 3137 632 3209 ejecerunt.
686 3140 1006 3211 Imaginem
1057 3147 1254 3197 autem
1316 3143 1543 3198 Domini
1596 3143 1780 3198 nostri
1825 3143 1964 3198 Jesu

317 3226 533 3283 Cbristi
561 3244 691 3283 cum
726 3228 1157 3298 demississent,
1215 3247 1412 3286 secum
1461 3233 1542 3286 ita
1570 3230 1749 3287 locuti
1780 3236 1920 3286 sunt
1948 3249 1960 3288 :

2083 619 2214 693 άρας
2244 616 2368 679 τοὺς
2402 616 2720 695 ὀφθαλμοὺς
2770 615 2933 670 αὐτοῦ
2964 615 2992 670 6
3022 613 3284 677 Ἰουδαῖος
3314 617 3342 671 ὁ
3371 613 3734 690 κεκλημένος,

2083 704 2191 762 εἶδε
2218 707 2316 775 τὴν
2349 707 2532 762 εἰκόνα
2558 704 2654 761 τοῖ’)
2687 705 2882 780 Κυρίου
2925 706 3086 778 ἡμῷν
3117 707 3301 776 Ἰησοῦ
3348 707 3612 781 Χριστοῦ,
3645 705 3736 760 καὶ

2084 795 2232 871 λέγει
2287 801 2366 868 τῷ
2422 795 2707 869 καλέσαντι
2768 793 2926 849 αὐτὸν
2987 792 3252 867 Ἰουδαίῳ·
3315 793 3413 862 Σὺ,
3474 792 3735 859 Ἰουδαῖος

2084 883 2180 954 ὢν,
2213 890 2328 947 πῶς
2359 887 2460 954 τήν
2493 884 2676 939 εἰκόνα
2702 884 2899 939 τούτου
2932 881 3078 960 ἔχεις
3107 903 3120 953 ;
3154 879 3338 958 ὕϐρεις
3374 904 3434 939 τε
3478 883 3740 957 παμπόλ-

2084 973 2182 1037 λας
2212 975 2300 1029 καὶ
2334 974 2624 1047 ἀθεμίτους
2656 973 2714 1028 ἐκ
2741 978 2838 1029 τοῦ
2881 977 3079 1049 μιαροῦ
3127 973 3292 1028 αὐτοῦ
3342 973 3611 1046 στόματος
3659 974 3736 1029 εἰ·

2082 1064 2278 1125 πόντος
2337 1064 2472 1119 κατᾶ
2526 1071 2626 1133 τῆς
2681 1063 2869 1136 τιμίας
2923 1062 3129 1124 εἰκόνος
3184 1067 3282 1117 τοῦ
3341 1063 3632 1133 Δεσπότου,
3675 1063 3737 1126 ἃς

2085 1154 2183 1209 οὐκ
2241 1150 2435 1224 ἔξεστιν
2490 1150 2615 1207 οὐδὲ
2669 1153 2743 1215 εἷς
2789 1151 3028 1208 διάνοιαν
3079 1151 3378 1226 ἀνθρώπων
3427 1151 3625 1216 ἐλθεῖν⁹
3663 1153 3739 1226 μὴ

2084 1241 2330 1317 γένοιτοί
2369 1239 2735 1296 ὑποδεικνύων
2797 1237 2856 1294 δὲ
2911 1240 3013 1308 τὴν
3075 1238 3257 1294 εἰκόνα
3302 1240 3394 1293 τὸν
3443 1237 3743 1295 καλέσαντα

2086 1327 2335 1405 Ἐὃραῖον
2365 1332 2392 1386 ὁ
2423 1328 2670 1402 κληθεὶς,
2704 1327 2906 1405 ἤρξατο
2957 1329 2984 1382 6
3031 1323 3282 1402 Ἐϐραῖος
3332 1328 3553 1401 ὀμνύειν
3603 1329 3741 1383 κατὰ

2081 1426 2180 1489 τῆς
2214 1417 2517 1490 Ἰουδαϊκῆς
2549 1419 2802 1486 πίστεως,
2838 1416 2920 1473 ὅτι
2955 1418 3139 1492 Μέχρι
3191 1424 3290 1487 τῆς
3346 1418 3490 1493 ὥρας
3541 1417 3744 1489 ταύτης

2085 1509 2184 1564 οὐκ
2232 1509 2537 1582 ἐθεασάμην
2585 1509 2685 1576 τήν
2738 1507 2922 1562 εἰκόνα
2967 1506 3191 1578 ταύτην.
3222 1508 3280 1564 Ὁ
3322 1504 3380 1562 δὲ
3409 1503 3666 1582 Ἑϐραῖος
3713 1508 3741 1562 6

2083 1599 2311 1669 κληθεὶς
2362 1598 2684 1669 ἐσιώπησεν.
2726 1598 2982 1659 Ἀναστὰς
3027 1594 3084 1651 δὲ
3138 1595 3379 1666 ἀπῆλθεν
3431 1596 3567 1672 πρὸς
3615 1595 3742 1659 τοὺς

2086 1685 2404 1760 Ἰουδαίους,
2430 1687 2559 1750 τοὺς
2588 1687 2838 1763 πρώτους
2871 1685 3046 1740 αὐτῶν
3097 1685 3259 1760 ἱερεῖς
3312 1685 3402 1740 καὶ
3445 1682 3739 1758 νομοδιδά-

2086 1776 2342 1850 σκάλους,
2373 1779 2462 1832 καὶ
2511 1776 2660 1853 λέγει
2715 1775 2922 1846 αὐτοῖς,
2977 1775 3060 1830 ὅτι
3104 1780 3164 1834 Ὁ
3213 1773 3361 1830 δεῖνα
3406 1776 3434 1829 6
3483 1769 3741 1852 Ἑϐραῖος

2088 1867 2265 1922 εἰκόνα
2296 1863 2413 1943 ἔχει
2445 1871 2541 1921 τοῦ
2591 1866 2909 1943 Ναζωραίου
2959 1865 3009 1919 ἐν
3059 1870 3140 1938 τῷ
3187 1863 3324 1937 οἷθιῳ
3373 1864 3558 1934 αὐτοῦ,
3589 1864 3741 1940 κάγὼ

2086 1956 2309 2019 οἰκείοις
2346 1956 2656 2034 ὀφθαλμοῖς
2687 1953 2989 2027 ἐθεασάμην
3022 1955 3213 2025 αὐτήν.
3247 1955 3315 2010 Οἱ
3369 1951 3427 2010 δὲ
3477 1953 3744 2008 ἀκούσαν-

2082 2067 2169 2109 τες
2201 2047 2372 2101 εἷπον·
2409 2050 2530 2108 Πῶς
2575 2043 2793 2100 δύνασαι
2840 2049 3002 2099 τοῦτο
3050 2042 3366 2114 ἀποδεῖξαι;
3397 2044 3550 2120 Λέγει
3608 2044 3744 2118 πρὸς

2083 2135 2298 2198 αὐτούς·
2354 2135 2792 2206 ’Δκολουθήσατέ
2853 2154 2970 2207 μοι,
3029 2133 3178 2209 κάγὼ
3265 2134 3392 2207 ὑμῖν
3473 2130 3741 2203 ὑποδείξω

2082 2225 2272 2296 αὐτήν.
2310 2220 2814 2280 Συνεϐουλεύσαντο
2866 2221 2948 2296 δὲ,
2993 2221 3085 2278 ’ίνα
3133 2223 3324 2285 πάντες
3372 2222 3522 2297 πρωῒ
3564 2242 3740 2297 παρα-

2081 2314 2362 2391 γενόμενοι
2408 2309 2788 2371 καταλάϐωσιν
2832 2314 2894 2368 τὸ
2943 2310 3188 2386 κελλίον,
3224 2312 3274 2367 ἓν
3407 2315 3472 2382 ἦν
3504 2313 3540 2382 ἡ
3577 2311 3739 2367 εἰκὼν

2076 2409 2174 2461 τοῦ
2206 2405 2426 2481 Κυρίου.

2150 2516 2202 2570 4.
2236 2511 2453 2589 Πρωίας
2488 2509 2545 2567 δὲ
2591 2511 2912 2586 γενομένης,
2946 2510 3296 2584 συνήχθησαν
3349 2508 3402 2562 οἱ
3453 2509 3733 2584 ἀρχιερεῖς

2076 2603 2165 2657 καὶ
2225 2603 2276 2656 οἱ
2335 2596 2688 2678 πρεσϐύτεροι
2743 2599 2943 2668 αὐτῶν,
3003 2598 3092 2653 καὶ
3171 2592 3580 2673 παραλαϐόντες
3635 2596 3726 2651 τὸν

2076 2689 2356 2760 Ἰουδαῖον,
2390 2691 2723 2767 ἀπέρχονται
2755 2689 2805 2744 ἐν
2856 2693 2934 2762 τῷ
2984 2686 3120 2760 οἷόιῳ
3167 2691 3264 2742 τοῦ
3295 2682 3572 2762 Ἐϐραίου,
3606 2684 3728 2749 ἔνθα

2075 2785 2139 2851 ἦν
2173 2784 2207 2851 ἡ
2243 2783 2399 2837 εἰκὼν
2429 2785 2527 2836 τοῦ
2568 2780 2793 2856 Κυρίου.
2828 2777 3264 2856 Παραγενόμενοι
3315 2773 3374 2831 δὲ
3422 2775 3473 2831 ἐν
3521 2779 3590 2849 τῇ
3644 2775 3726 2828 οἰ-

2077 2871 2187 2942 κίᾳ,
2236 2867 2661 2942 εἰσπηδήσαντες
2705 2866 2900 2931 ἔσωθεν
2957 2869 3057 2935 τῆς
3109 2865 3284 2928 οἰκίας
3342 2866 3393 2919 οἱ
3448 2863 3724 2938 ἀρχιερεῖς

2073 2961 2164 3015 καὶ
2197 2960 2248 3014 οἱ
2279 2954 2636 3033 πρεσϐύτεροι
2667 2956 2758 3012 καὶ
2789 2963 2892 3018 πᾶς
2932 2956 2959 3010 ὁ
3020 2951 3217 3030 ὄχλος,
3276 2955 3440 3030 ὁρῶσι
3498 2952 3594 3019 τὴν
3646 2950 3720 3005 εἷ-

2074 3050 2202 3104 κόνα
2247 3053 2344 3104 τοῦ
2405 3046 2627 3122 Κυρίου,
2682 3047 2813 3102 Τότε
2871 3049 3046 3118 θυμοῦ
3095 3042 3444 3114 πλησθέντες,
3491 3042 3581 3096 τὸν
3634 3040 3727 3113 μὶν

2077 3134 2344 3194 Ἰουδαῖον
2394 3137 2484 3191 τὸν
2556 3136 2815 3203 οἰκοῦντα
2872 3134 3044 3189 ἐκεῖσε
3098 3131 3436 3206 ἐξελάσαντες
3497 3129 3726 3184 ἀποσυν-

2079 3231 2288 3306 άγωγον
2323 3227 2601 3299 ἐποίησαν’
2652 3227 2750 3296 τὴν
2812 3224 2870 3281 δὶ
2922 3225 3104 3280 εἰκόνα
3157 3222 3255 3280 τοῧ
3309 3219 3508 3297 Κυρίου
3567 3223 3728 3294 ἡμῶν

319 3317 824 3382 Quemadmodum
858 3324 1050 3390 patres
1083 3291 1266 3375 nostri
1298 3320 1612 3376 illuserunt
1641 3321 1778 3392 ipsi,
1801 3321 1882 3376 ita
1911 3325 1968 3377 et

2084 3291 2260 3388 Ἰησόῦ
2308 3291 2546 3394 Χριστοῦ
2607 3314 3023 3392 καταγαγόντες,
3056 3313 3205 3369 εἶπον
3267 3313 3317 3368 ἐν
3382 3313 3615 3383 ἑαυτοῖς,
3649 3308 3732 3365 δτι

318 3422 427 3461 nos
459 3406 799 3462 illudamus.
837 3409 987 3463 Tum
1048 3426 1270 3481 coepere
1319 3427 1641 3481 conspuere
1668 3411 1725 3465 in
1759 3411 1964 3466 faciem

317 3494 596 3567 imaginis
632 3496 878 3566 Domini,
913 3504 1089 3569 atque
1119 3500 1324 3555 ordine
1376 3499 1594 3570 singuli
1625 3499 1810 3571 alapis
1841 3500 1965 3556 vul-

316 3587 442 3640 tum
476 3587 601 3655 ejus
633 3587 1083 3652 caeciderunt,ac
1106 3594 1523 3661 percusserunt
1544 3606 1748 3644 omnes
1767 3591 1968 3646 dicen-

319 3674 392 3729 do
427 3692 439 3729 :
475 3676 847 3747 Qumcunqne
879 3683 1074 3749 patres
1106 3679 1290 3733 nostri
1337 3679 1616 3745 fecerunt,
1664 3696 1730 3734 ea
1771 3697 1876 3734 nos
1908 3680 1968 3734 in

320 3764 449 3835 ejus
502 3765 820 3835 imaginem
873 3771 1296 3837 perpetremus.
1357 3768 1718 3840 Audiv1mus,
1780 3770 1966 3833 aiunt,

326 3853 514 3909 multa
545 3855 603 3909 in
640 3871 772 3909 eum
825 3854 1081 3910 ludibria
1128 3855 1470 3924 contulisse,
1516 3863 1573 3913 et
1625 3875 1732 3914 nos
1772 3859 1971 3913 omnia

321 3945 955 4000 conferamus.lnﬁnita
986 3945 1164 4016 igitur
1185 3946 1459 4002 ludubria
1490 3948 1546 4001 in
1571 3947 1970 4004 Dominiima-

323 4033 518 4106 ginem
554 4033 872 4101 contulere,
906 4052 1036 4106 quae
1067 4053 1137 4090 ne
1170 4037 1425 4106 proferre
1466 4037 1700 4107 quidem
1734 4055 1842 4093 nos
1873 4056 1970 4094 au-

323 4121 701 4178 deamus.Hic
716 4123 882 4178 aiunt
915 4141 926 4179 :
957 4126 1304 4182 Audivimus
1329 4131 1523 4198 patres
1539 4132 1771 4183 nostros
1794 4127 1972 4184 clavis

325 4226 539 4266 manus
571 4227 697 4280 eius
729 4213 1132 4281 conﬁxisse,id
1165 4223 1219 4270 et
1251 4233 1356 4272 nos
1388 4216 1736 4273 efficiamus.
1772 4217 1971 4274 Confe—

325 4301 437 4356 ctis
465 4317 598 4374 ergo
622 4301 818 4373 clavis,
847 4321 1054 4360 manus
1086 4307 1380 4378 pedesque
1412 4307 1636 4362 Domini
1662 4309 1971 4363 conﬁxere.

327 4390 584 4446 Rursum
628 4392 907 4464 inquiunt
939 4411 951 4449 :
986 4395 1332 4452 Audiv1mus
1384 4401 1544 4452 aceto
1593 4401 1651 4452 et
1683 4397 1812 4452 felle
1839 4414 1973 4453 eum

327 4497 462 4536 eum
496 4483 745 4556 spongia
785 4484 1110 4554 potavisse:
1145 4485 1200 4539 id
1231 4502 1336 4541 nos
1386 4502 1616 4557 quoque
1668 4486 1973 4542 faciamus.

329 4571 476 4628 Illud
502 4572 700 4644 itaque
719 4573 1486 4647 feceruntsimiliter,posita
1512 4576 1582 4630 ad
1613 4592 1678 4630 os
1700 4576 1976 4647 imaginis

2077 3409 2266 3472 Καθὼς
2302 3409 2354 3462 οἱ
2407 3407 2634 3480 πατέρες
2686 3408 2846 3478 ἡμῶν
2908 3405 3182 3476 ἐνέπαιξαν
3242 3401 3411 3475 αὐτῷ,
3446 3399 3588 3456 οὕτω
3644 3399 3734 3455 καὶ

2076 3499 2240 3570 ἡμεῖς
2283 3495 2633 3568 ἐμπαίζωμεν
2684 3493 2850 3566 αὐτῷ.
2884 3493 3021 3550 Τότε
3062 3491 3295 3568 ἤρξαντο
3354 3489 3613 3564 ἐμπτύειν
3659 3488 3733 3550 εἰς

2075 3587 2138 3640 τὸ
2169 3585 2459 3656 πρόσωπον
2491 3592 2590 3654 τῆς
2639 3584 2846 3646 εἰκόνος
2901 3581 2997 3637 τοῦ
3058 3582 3279 3658 Κυρίου,
3311 3580 3401 3636 καὶ
3445 3579 3736 3657 ἐρῥάπισαν

2078 3676 2245 3744 αὐτὴν
2277 3675 2412 3730 κατὰ
2441 3674 2734 3750 πρόσωπον
2768 3675 2844 3735 εἷς
2876 3671 3083 3742 καθεὶς,
3117 3673 3169 3726 οἱ
3199 3670 3391 3731 πάντες
3448 3669 3624 3724 αὐτῶν
3655 3667 3738 3743 έρ-

2082 3765 2304 3842 ῥάπιζον
2331 3765 2431 3832 τήν
2462 3763 2640 3818 εἰκόνα
2669 3768 2763 3818 τοῦ
2795 3762 2990 3836 Κυρίον
3026 3761 3449 3837 λέγοντες·“Όσα
3481 3757 3738 3827 ἐποίησαν

2081 3857 2132 3910 οἱ
2163 3855 2388 3929 πατέρες
2419 3857 2602 3926 ἡμῶν,
2630 3852 2804 3907 πάντα
2833 3854 3155 3924 ποιήσωμεν
3195 3853 3264 3923 τῇ
3323 3848 3490 3904 εἰκόνι
3547 3846 3735 3902 αὐτοῦ.

2081 3945 2361 4018 Λέγουσιν,
2441 3941 2523 3997 ὅτι
2609 3940 2982 4014 Ἠκούσαμεν,
3057 3937 3306 4001 πολλοὺς
3390 3935 3738 4011 ἐμπαιγμοὺς

2081 4033 2341 4103 ἐποίησαν
2397 4032 2564 4104 αὐτῷ·
2615 4030 2705 4086 καὶ
2763 4033 2926 4104 ἡμεῖς
2984 4030 3157 4084 πάντα
3213 4029 3552 4100 ποιήσωμεν.
3608 4027 3739 4097 Ἐμ-

2081 4121 2358 4198 παιγμοὺς
2418 4119 2508 4177 οὖν
2568 4120 2825 4194 ἀπείρους
2887 4119 3163 4190 ἐνέπαιξαν
3225 4118 3324 4186 τῆν
3405 4116 3587 4171 εἰκόνα
3640 4118 3740 4168 τοῦ

2084 4212 2305 4285 Κυρίου,
2338 4212 2472 4286 ἅπερ
2505 4209 2630 4265 οὐδὲ
2675 4209 2849 4285 λέγειν
2881 4211 3018 4282 ἡμῖν
3066 4206 3428 4279 τετόλμηται.
3463 4204 3596 4260 Εἶτα
3646 4203 3741 4258 Λέ-

2083 4321 2294 4376 γουσιν·
2326 4299 2686 4372 Ἠκούσαμεν,
2727 4299 2810 4354 ὅτι
2867 4297 3091 4369 ἥλωσαν
3150 4295 3314 4352 αὐτοῦ
3369 4296 3465 4357 τὰς
3525 4298 3740 4370 χεῖρας,

2082 4389 2243 4446 τοῦτο
2290 4388 2381 4444 καὶ
2431 4391 2594 4461 ἡμεῖς
2647 4386 3150 4462 ποιήσωμεν.Τότε
3197 4386 3523 4456 ποιήσαντες
3566 4379 3739 4452 ἥλους

2085 4477 2451 4554 προσήλωσαν
2483 4477 2578 4539 τὰς
2607 4482 2798 4553 χεῖρας
2846 4477 2936 4532 καὶ
2975 4475 3102 4538 τοὺς
3150 4472 3323 4536 πόδας
3369 4477 3467 4527 τοῦ
3518 4470 3738 4548 Κυρίου.

2091 4567 2259 4623 Πάλιν
2322 4567 2593 4643 λέγουσιν·
2654 4567 3013 4640 Ἠκούσαμεν,
3077 4564 3161 4620 δτι
3221 4560 3343 4635 ὅξος
3401 4561 3493 4617 καὶ
3553 4559 3738 4636 χολήν

333 4659 564 4714 Domini
598 4663 840 4731 spongia
869 4666 1031 4717 aceto
1065 4663 1254 4733 plena.
1289 4664 1470 4718 Aiunt
1516 4664 1729 4720 iterum
1765 4680 1776 4718 :
1808 4664 1971 4720 Com-

2090 4658 2338 4715 ἐπότισαν
2373 4655 2532 4712 αὐτὸν
2587 4658 2720 4730 μετὰ
2768 4656 3030 4732 σπόγγου·
3081 4656 3401 4726 ποιήσωμεν
3457 4649 3600 4707 οὕτω
3649 4649 3741 4704 καὶ

330 4745 592 4818 perimus
622 4764 720 4802 eos
750 4748 1038 4803 arundine
1071 4751 1432 4820 percussisse
1479 4755 1653 4823 caput
1682 4754 1809 4821 ejus
1838 4770 1851 4821 ;
1887 4753 1978 4808 id-

327 4835 525 4906 ipsum
558 4854 663 4892 nos
687 4845 1311 4912 agamns,arreptaque
1341 4841 1631 4896 arundine
1653 4848 1830 4914 caput
1853 4845 1979 4914 ejus

329 4933 766 4997 percusserunt.
807 4927 1014 4984 Dicunt
1067 4931 1275 4986 iterum
1310 4949 1322 4987 :
1355 4933 1640 4986 Accurate
1685 4934 1975 5004 novimus,

329 5031 427 5070 eos
443 5015 809 5072 lancealalus
827 5019 954 5088 ejus
969 5021 1293 5090 aperuisse:
1321 5037 1393 5074 ne
1410 5021 1720 5076 minimum
1740 5026 1976 5094 quidem

328 5107 864 5176 praetermittamus;
897 5109 999 5162 sed
1034 5108 1318 5179 potiusiis
1350 5110 1828 5180 adjiciamus.His
1851 5130 1978 5184 per-

331 5194 497 5263 actis,
530 5194 792 5250 lanceam
845 5196 1239 5267 postularunt,
1285 5215 1402 5269 qua
1454 5198 1648 5267 allata,
1683 5201 1980 5258 vibrantes

331 5283 512 5348 illam,
547 5285 856 5341 confodere
888 5285 1044 5341 latus
1072 5287 1349 5356 imaginis
1402 5289 1744 5358 Salvatoris,
1779 5292 1978 5347 confe-

332 5373 586 5444 stimque
617 5375 928 5445 sanguinis
957 5380 1015 5430 et
1044 5393 1199 5447 aqua
1231 5394 1444 5449 magna
1469 5380 1634 5450 copia
1664 5382 1976 5437 emanavit.

330 5460 453 5524 Quo
484 5461 842 5534 ineipectato
873 5465 1027 5520 edito
1073 5465 1382 5535 miraculo,
1434 5472 1671 5540 stupore
1724 5469 1978 5542 perculsi

403 5674 861 5761 (10)‘C'olbertin.
897 5680 945 5761 '1,
977 5678 1066 5733 καὶ
1097 5678 1531 5761 προσαγαγόντες
1570 5677 1690 5761 ὅξος
1738 5683 1825 5738 καὶ
1875 5703 1978 5761 χο-

336 5744 440 5818 λὴν
473 5744 778 5818 πλήσαντες
811 5744 1070 5827 σπόγγον,
1101 5744 1437 5828 προσέθηκαν
1463 5759 1543 5830 τῷ
1596 5744 1826 5830 στόματι
1879 5744 1981 5828 εῗῆς

2089 4752 2273 4823 ἡμεῖς.
2326 4747 2422 4803 Καὶ
2474 4745 2730 4817 ἐποίησαν
2783 4745 3040 4807 ὡσαύτως
3075 4747 3205 4817 (10),
3239 4742 3510 4803 ἐπιθέντες
3565 4740 3640 4802 εἰς
3679 4737 3742 4793 τὸ

2091 4838 2265 4911 στόμα
2310 4841 2408 4893 τοῦ
2459 4836 2658 4911 Κυρίου
2705 4843 2805 4905 τῆς
2855 4833 3063 4896 εἰκόνος
3111 4832 3348 4908 σπόγγον
3405 4831 3541 4904 μετὰ
3588 4823 3741 4900 ὄξους

2089 4926 2551 5004 πεπληρωμένον.
2602 4924 2833 5000 Λέγουσι
2891 4921 3076 4979 πάλιν’
3123 4923 3455 4995 Ἐμάθομεν,
3515 4919 3597 4975 ὅτι
3645 4938 3742 4973 κα-

2092 5018 2255 5090 λάμῳ
2288 5015 2482 5090 ἔτυψαν
2514 5015 2613 5083 τήν
2642 5013 2886 5091 κεφαλήν
2939 5012 3121 5068 αὐτοῦ·
3154 5012 3218 5066 τὸ
3260 5010 3391 5066 αὐτὸ
3438 5009 3528 5064 καὶ
3578 5011 3742 5080 ἡμεῖς

2089 5109 2432 5179 ποιήσωμεν.
2467 5106 2567 5159 Καὶ
2616 5098 2878 5164 λαϐόντες
2928 5101 3202 5176 κάλαμον,
3237 5097 3462 5155 ἔτυπτον
3517 5097 3592 5160 είς
3643 5097 3741 5164 τὴν

2087 5196 2329 5274 κεφαλὴν
2381 5191 2564 5250 αύτοῦ.
2618 5193 2847 5268 Λέγουσι
2891 5189 3078 5247 πάλιν
3133 5184 3541 5263 Ἀκριϐέστερον
3603 5183 3750 5274 οἷ’δα-

2094 5273 2210 5359 μεν,
2243 5283 2324 5340 ὅτι
2367 5283 2546 5358 λόγχῃ
2596 5282 2762 5337 αύτοῦ
2818 5282 2918 5349 τήν
2965 5278 3204 5356 πλευρὰν
3255 5275 3495 5348 ἤνοιξαν·
3553 5276 3627 5348 μή
3694 5273 3750 5329 ’ὲν

2088 5373 2535 5449 παραλείψωμεν,
2608 5369 2754 5427 ἀλλά
2843 5368 3056 5444 μᾶλλον
3133 5369 3558 5444 προσθήσωμεν.
3649 5362 3747 5418 Καὶ

2087 5469 2248 5521 τοῦτο
2300 5465 2648 5533 ποιήσαντες,
2701 5459 2989 5536 ἐνεχθῆναι
3042 5456 3260 5534 λόγχην
3321 5455 3743 5533 προετρέψαντο,

2089 5678 2249 5756 ἁγίας
2299 5676 2515 5756 Δεἰκόνος
2567 5672 3076 5756 τοῢήξίυρίουεῐςαὶ
3109 5669 3299 5756 ,έιράνη
3360 5668 3740 5745 ἀπογευομένη

2087 5742 2187 5826 τῆς
2220 5742 2401 5829 χολῆς
2432 5751 2521 5808 καὶ
2549 5753 2647 5806 τοῦ
2677 5742 2832 5821 ὄξους
2859 5749 2896 5818 ἡ
2929 5744 3052 5824 ἁγία
3079 5742 3262 5802 είκῶν.
