4148 6360
397 410 512 470 801

1517 397 1619 460 DE
1661 399 2069 462 MlRACULO
2115 401 2402 464 BERYTI
2449 408 2711 470 EDITO.

3699 422 3818 485 802

397 539 488 595 καὶ
537 534 844 612 ἐνεχθείσης
873 539 972 603 τῆς
1007 529 1243 608 λόγχης,
1276 528 1508 607 ἄραντης
1541 528 1710 599 αὐτὴν
1761 527 2048 599 ἐκέντησαν

2165 539 2303 589 sunt
2333 541 2622 610 quotquot
2651 545 2894 612 virtutes
2927 544 3028 600 Dei
3061 548 3499 619 conspiciebant
3546 557 3603 608 et
3634 554 3816 612 incre-

396 627 532 684 κατὰ
559 633 660 696 τῆς
715 624 953 700 πλευρᾶς
1011 623 1108 690 τῆς
1162 620 1368 682 εἰκόνος
1415 623 1511 674 τοῦ
1563 625 1843 695 Σωτῆρος.
1908 622 2051 694 Παρ-

2166 623 2370 680 dibilia
2403 627 2707 684 miracula.

398 717 522 780 ιυθὺ
556 713 613 770 δὲ
645 709 923 785 ἐξέϐλυσεν
957 711 1093 784 αἷμα
1124 709 1213 764 καὶ
1246 706 1391 784 ὕδωρ
1423 708 1498 770 εἷς
1526 706 1736 777 πλῆθος
1767 707 1931 762 πολύ.
1965 708 2167 763 Τούτου
2201 707 2258 765 δὲ
2285 717 2382 766 :06
2407 713 2713 790 παραδόξου
2747 718 3016 790 θαύματος
3048 724 3366 797 γενομένου,
3411 722 3637 800 ἔπληξις
3691 730 3742 787 ἕ)
3756 753 3813 788 α,

397 802 485 862 ϐεν
521 805 757 866 ἅπαντας
789 801 915 864 τοὺς
954 801 1254 875 βλέποντας
1286 800 1378 861 τὰς
1410 796 1714 860 δυναστείας
1762 801 1860 853 τοῦ
1891 802 2024 853 Θεοῦ
2054 799 2141 852 καὶ
2172 802 2238 854 τὰ
2267 801 2544 876 παράδοξα
2575 806 2865 879 θαυμάσια.

465 915 518 968 5.
552 913 639 973 Ὠς
697 909 1080 982 ἀνεξερεύνητα
1130 908 1198 962 τὰ
1253 905 1492 982 κρίματα
1547 912 1650 975 τῆς
1703 903 2047 974 δικαιοσύνης

397 1025 516 1074 σου,
548 1001 638 1056 καὶ
698 1001 996 1076 ἀπέραντος
1056 1000 1091 1066 ἡ
1149 995 1414 1072 ἀγαθότης
1459 994 1547 1050 καὶ
1595 996 1658 1049 τὸ
1707 993 1849 1050 πολὺ
1896 992 2048 1056 ἔλεός

399 1113 517 1162 σου,
552 1090 829 1146 Δέσποταί
865 1086 960 1149 Τίς
991 1083 1221 1156 λαλήσει
1259 1085 1355 1147 τὰς
1405 1081 1710 1146 δυναστείας
1762 1105 1880 1151 σου,
1943 1082 2048 1137 K6-

401 1200 519 1259 ριε;
555 1178 815 1240 ἀκουστάς
844 1178 1066 1247 ποιήσει
1109 1174 1281 1236 πάσας
1327 1173 1422 1236 τὰς
1480 1173 1703 1236 αἰνέσεις
1755 1195 1871 1241 σου,
1933 1173 2054 1250 φιλο

401 1272 672 1346 άνθρωπε,
705 1267 733 1322 6
785 1267 862 1340 μὴ
915 1265 1252 1341 βουλόμενος
1297 1263 1388 1318 τὸν
1446 1263 1668 1318 θάνατον
1726 1261 1824 1318 :06
1876 1263 2050 1336 ἁμαρ-

399 1357 606 1431 τωλοῦ,
665 1359 740 1420 ὡς
795 1356 859 1411 τὸ
916 1353 1233 1428 ἐπιστρέψαι
1287 1353 1378 1408 καὶ
1444 1355 1535 1425 ζῇν
1584 1351 1783 1420 αὐτόν;
1833 1353 2050 1426 Χριστὲ,

406 1447 532 1520 δόξα
562 1469 668 1504 σοι.
699 1445 796 1508 Τίς
827 1445 901 1507 ὡς
935 1444 1020 1517 σὺ,
1052 1444 1330 1512 Asc-nom;
1381 1441 1470 1504 Τίς
1521 1440 1666 1511 πλὴν
1725 1446 1820 1495 006
1877 1445 2049 1495 ποιῶν

405 1533 612 1617 φοϐερὰ
663 1536 750 1590 καὶ
804 1533 1043 1606 ἐξαίσια;
1097 1540 1163 1587 ’Ώ
1210 1537 1306 1587 τοῦ
1357 1531 1633 1605 θαύματος
1667 1533 1678 1587 !
1713 1532 1778 1585 Ὠ
1807 1537 1906 1600 τῆς
1954 1533 2052 1585 τοῦ

404 1633 664 1702 Σωτῆρος
714 1623 1178 1699 μεγαλειότητοςί
1241 1624 1496 1700 ’Έφριξαν
1555 1621 1646 1676 καὶ
1704 1625 1795 1674 νῦν
1841 1621 1894 1674 αὶ
1942 1620 2053 1674 ἅνω

403 1713 656 1788 δυνάμεις
686 1711 774 1768 ἐπὶ
800 1712 1002 1786 τούτῳ.
1035 1717 1102 1766 ’Ὠ
1149 1711 1292 1782 πόση
1348 1709 1736 1786 μακροθυμίαί
1786 1707 1830 1763 ὢ
1882 1709 2049 1763 πόσον

403 1774 554 1868 ἔλεος
582 1806 595 1860 l
627 1774 822 1881 πρώην
854 1774 964 1879 γὰρ
992 1799 1062 1857 δι’
1091 1803 1240 1875 ἡμᾶς
1409 1774 1506 1870 τῆι
1558 1774 1828 1875 ἡμετέραν
1876 1819 2056 1869 σωτη-
2089 1774 2134 1838 Β

403 1893 518 1970 ρίαν
579 1891 879 1968 σαρκωθεὶς
938 1891 966 1945 6
1017 1889 1248 1967 ἄσαρκος
1326 1890 1386 1945 ἐκ
1464 1892 1740 1965 Παρθένου
1817 1886 2056 1964 Μαρίας,

404 1982 719 2058 ἐσταυρώθη
755 1981 806 2036 ἐν
866 1980 1044 2056 ἐκείνῃ
1095 1984 1164 2054 τῇ
1211 1979 1389 2055 σαρκὶ,
1426 1979 1640 2048 ἀπαθὴς
1666 1976 1740 2032 ὢν
1768 1977 1930 2039 αὐτὸς
1987 1979 2055 2050 τῇ

407 2071 646 2142 θεότητι·
704 2075 795 2125 νῦν
839 2068 898 2125 δὲ
946 2069 1112 2125 πάλιν
1162 2068 1214 2124 ἐν
1271 2073 1340 2143 τῇ
1391 2068 1558 2124 εἶ’κόνι
1610 2067 1979 2140 έσταυρώθης,
2013 2067 2057 2119 ὦ

407 2161 673 2234 Δέσποτα,
725 2161 800 2224 εἰς
859 2158 1087 2237 ἔλεγχον
1150 2161 1243 2234 μὲν
1304 2164 1410 2214 τῶν
1473 2153 1678 2214 ἀσεϐῶν
1724 2158 1811 2213 καὶ
1841 2159 2055 2212 πάντων

405 2256 512 2306 τῶν
543 2251 803 2318 ἀπίστων,
851 2251 926 2313 εἰς
975 2251 1279 2326 στηριγμὸν
1327 2247 1385 2304 δὲ
1413 2253 1518 2305 τῶν
1553 2270 1603 2303 εν
1634 2247 1865 2319 ἀληθείᾳ
1896 2247 1971 2308 εἰς
2002 2247 2060 2302 σὲ

405 2341 864 2398 πεπιστευκότων.
915 2339 1094 2396 Ἀλλά
1141 2337 1266 2410 δόξα
1310 2359 1418 2407 σοι,
1469 2338 1732 2405 Δέσποτα,
1784 2341 1862 2408 τῷ
1906 2336 2058 2410 μόνῳ

404 2431 471 2486 τὰ
518 2429 689 2486 πάντα
736 2427 1038 2504 δυναμένῳ,
1090 2429 1204 2502 ἅμα
1267 2433 1346 2500 τῷ
1394 2425 1684 2502 εὐλογητῷ
1731 2431 1846 2498 Θεῷ
1901 2428 2058 2498 ἡμῶν

406 2521 498 2576 σὺν
545 2519 626 2593 τῷ
654 2519 1019 2595 παναχράντῳ
1052 2519 1244 2595 Πατρὶ,
1277 2517 1368 2573 καὶ
1397 2522 1478 2589 τῷ
1506 2517 1617 2588 Υἰῷ
1662 2516 1826 2571 αὐτοῦ
1875 2517 2058 2584 Ἰησοῦ

405 2615 642 2686 Χριστῷ,
674 2610 763 2664 καὶ
794 2614 874 2682 τῷ
905 2609 1085 2685 ἀγαθῷ
1111 2609 1200 2663 καὶ
1237 2612 1492 2680 ζωοποιῷ
1523 2605 1822 2679 ΙΙνεύματι,
1853 2609 1945 2660 νῦν
1967 2604 2056 2659 καὶ

406 2697 487 2754 ἀεὶ
518 2700 609 2754 καὶ
641 2698 716 2761 εἰς
746 2698 874 2760 τοὺς
907 2697 1107 2760 αἰῶνας
1134 2701 1240 2753 τῶν
1275 2697 1511 2753 αἰώνων.
1545 2697 1740 2769 Ἀμήν.

473 2908 524 2961 6.
562 2903 856 2960 Ἀκούσατε
889 2904 1060 2976 δμεῖς,
1093 2899 1347 2977 ἀδελφοὶ,
1382 2903 1515 2976 μετᾶ
1565 2896 1738 2979 φόϐου
1787 2905 1922 2956 Θεοῦ
1967 2900 2057 2955 καὶ

406 3000 582 3069 χαρᾶς
613 2994 701 3050 καὶ
732 2993 799 3049 τὰ
827 2993 996 3049 λοιπά
1028 2993 1161 3068 ἅπερ
1205 2992 1538 3065 ᾠκονομηθη
1577 2991 1677 3045 ὑπὸ
1706 2995 1803 3046 τοῦ
1836 2990 2057 3066 Κυρίου.

409 3085 558 3140 Μετὰ
586 3084 690 3160 γὰρ
721 3084 783 3138 τὸ
811 3085 1142 3160 κρουσθῆναι
1178 3083 1248 3153 τῇ
1306 3080 1486 3158 λόγχῃ
1527 3081 1625 3149 τὴν
1672 3078 1910 3156 πλευρὰν
1956 3087 2058 3150 τῆς

411 3174 562 3250 ἁγίας
734 3146 922 3246 τιμίας
951 3171 1182 3239 εἰκόνος,
1211 3171 1299 3226 καὶ
1330 3146 1625 3226 ἀνάῦλόσαι
1674 3171 1736 3225 τὸ
1786 3172 1922 3244 αἷμα
1969 3171 2057 3225 καὶ
2091 3146 2133 3214 C

411 3263 474 3318 :6
507 3259 678 3336 ὕδωρ,
709 3263 957 3337 συνήχθη
999 3266 1101 3315 πᾶν
1133 3261 1197 3316 τὸ
1225 3259 1438 3328 πλῆθος
1470 3265 1577 3314 τῶν
1627 3257 1922 3330 Ἰουδαίων,
1973 3258 2063 3315 λέ-

415 3371 598 3427 γοντες
628 3351 764 3426 πρὸς
799 3349 1104 3420 ἀλλήλους’
1161 3347 1382 3418 Ἐπειδή
1445 3348 1733 3425 θρυλοῦσιν
1796 3351 1848 3404 οἱ
1908 3344 2061 3404 σεϐό-

415 3461 564 3513 μενοι
597 3439 779 3512 αὐτὸν,
813 3438 896 3494 ὅτι
930 3438 1096 3501 ἰάσεις
1129 3436 1343 3501 πολλὰς
1373 3444 1540 3507 ποιεῖ,
1575 3433 1834 3512 λάϐωμεν
1865 3438 2061 3494 τούτου

405 3530 468 3584 τὸ
500 3529 636 3602 αἷμα
688 3529 778 3584 καὶ
834 3528 896 3583 τὸ
955 3525 1123 3604 ὕδωρ,
1179 3528 1270 3583 καὶ
1321 3527 1609 3604 ἀγάγωμεν
1664 3526 1794 3583 αὐτὸ
1827 3529 1904 3590 εἱς
1957 3529 2058 3598 τὴν

403 3620 720 3696 συναγωγὴν
762 3665 775 3690 ,
851 3618 942 3674 καὶ
1008 3619 1318 3690 συνάξωμεν
1390 3618 1594 3679 πάντας
1663 3616 1790 3681 τοὺς
1876 3623 2060 3682 κακῶς

401 3706 628 3783 ἔχοντας
656 3712 754 3763 τοῦ
814 3705 973 3776 λαοῦ,
1025 3707 1112 3762 καὶ
1161 3707 1442 3783 χρίσωμεν
1485 3706 1682 3770 αὐτοὺς
1725 3707 1816 3762 ἀπ’
1869 3708 2056 3777 αὐτοῦ,

397 3799 486 3852 καὶ
521 3795 724 3870 ἴδωμεν
785 3796 830 3852 εἰ
885 3795 1067 3866 ἀληθῆ
1120 3795 1223 3851 εἰσι
1275 3797 1343 3850 τὰ
1394 3795 1685 3870 λεγόμενα.
1731 3796 1829 3850 Καὶ
1888 3818 2056 3873 προσ-

398 3888 707 3962 ενέγκαντες
764 3889 833 3960 τῇ
892 3885 1103 3955 πλευρᾷ
1156 3890 1255 3940 :06
1312 3885 1511 3960 Κυρίου
1575 3887 1796 3958 βῆσσχν,
1856 3885 2053 3959 ἐμπαί-

401 3979 574 4044 ζοντες
607 3973 850 4046 ἔπλησαν
886 3975 986 4043 τήν
1024 3975 1248 4050 βῆσσαν,
1282 3971 1405 4037 ἔνθα
1449 3974 1573 4044 ἐξίει
1615 3975 1680 4029 τὸ
1738 3973 1902 4050 ὕδωρ·
1963 3974 2053 4030 καὶ

398 4065 625 4136 ωνῆξαν
685 4065 888 4125 πάντας
947 4062 1076 4125 τοὺς
1134 4067 1314 4126 κακῶς
1374 4057 1622 4139 ἔχοντας,
1682 4063 1788 4138 πρὸ
1840 4063 2050 4118 πάντων

394 4153 726 4230 παράλυτον·
789 4153 846 4209 ὅν
897 4149 1092 4228 ᾔδεσαν
1150 4152 1279 4208 δντα
1319 4152 1378 4206 ἐκ
1427 4155 1668 4228 γενετῆς.
1704 4154 2051 4231 11ροσφέρον-

395 4263 482 4304 τες
515 4240 572 4297 δὲ
598 4244 689 4298 τὸν
718 4242 1028 4320 παράλυτον
1063 4238 1286 4318 ἔχρισαν
1322 4241 1502 4297 αὐτόν·
1548 4241 1636 4296 καὶ
1683 4241 1878 4306 εὐθέως
1927 4264 2050 4298 συν-

393 4331 656 4409 εσφίγχθη
729 4333 818 4387 καὶ
897 4330 1109 4408 ἐγένετο
1197 4332 1354 4406 ὑγιής
1414 4331 1442 4386 6
1500 4332 1800 4406 ἅνθρωπος.
1863 4339 2048 4411 Παρα-

394 4429 590 4497 χρῆμα
631 4419 688 4478 δὲ
751 4422 962 4500 μεγάλη
1021 4422 1242 4498 ταραχὴ
1306 4421 1516 4498 ἐγένετο
1572 4422 1709 4477 κατὰ
1734 4428 1904 4478 πᾶσαν
1949 4425 2048 4494 τὴν

2229 911 2282 964 5.
2317 913 2502 975 Quam
2534 914 2966 988 investigabilia
2987 921 3375 991 suntjudicia
3398 924 3645 995 justitize
3677 934 3810 997 tuae,

2160 1014 2337 1068 quam
2360 1001 2652 1058 immensa
2683 1005 2935 1077 bonitas,
2961 1025 3138 1078 quam
3173 1027 3384 1083 magna
3412 1015 3814 1075 misericordia

2160 1091 2280 1153 tua,
2319 1091 2596 1147 Domine!
2631 1093 2774 1156 Quis
2834 1094 3108 1167 loquetur
3164 1103 3454 1171 potentias
3514 1111 3666 1172 tuas,
3705 1109 3812 1163 Do-

2161 1178 2349 1234 mine?
2379 1182 2512 1252 quis
2541 1183 2774 1239 auditas
2797 1185 2967 1242 faciet
2993 1204 3197 1244 omnes
3227 1189 3432 1248 laudes
3462 1194 3813 1263 tuas,homi-

2160 1283 2302 1323 num
2336 1272 2761 1342 amantissime,
2797 1276 2894 1345 qui
2930 1292 3044 1332 non
3077 1279 3163 1334 vis
3190 1285 3435 1337 mortem
3467 1287 3811 1359 peccatoris,

2161 1358 2262 1412 sed
2297 1363 2360 1413 ut
2415 1367 2787 1418 convertatur
2829 1369 2887 1419 et
2942 1366 3144 1423 vivat?
3174 1369 3419 1441 Lhriste,
3452 1374 3555 1429 tibi
3606 1358 3808 1446 gloria.

2162 1447 2303 1510 Quis
2335 1449 2547 1506 similis
2576 1451 2702 1519 tibi,
2737 1453 3027 1510 Domine?
3055 1457 3196 1521 Quis
3237 1466 3448 1530 praeter
3497 1467 3552 1518 te
3605 1465 3822 1524 faciens

2160 1536 2448 1594 terribilia
2485 1544 2544 1595 et
2573 1543 2889 1614 prodigia?
2921 1547 2965 1600 Ο
2997 1547 3349 1604 miraculum
3377 1552 3387 1606 !
3427 1550 3470 1605 Ο
3503 1552 3824 1613 Salvatoris

2165 1625 2697 1697 magniﬁcentiam!
2731 1631 3015 1690 Horruere
3038 1636 3166 1706 jam
3211 1638 3320 1694 hac
3351 1640 3410 1696 in
3445 1659 3504 1697 re
3552 1659 3824 1717 supernae

2165 1719 2500 1784 potestates.
2537 1719 2580 1773 Ο
2613 1727 2833 1790 quanta
2863 1722 3279 1794 longanimitas
3311 1727 3566 1801 lquanta
3597 1734 3829 1790 miseri-

2166 1802 2381 1858 cordia!
2416 1804 2556 1860 olim
2590 1813 2856 1864 nostrum
2879 1813 3070 1881 gratia
3099 1819 3157 1868 et
3180 1822 3417 1886 propter
3441 1823 3706 1876 nostram
3730 1839 3825 1878 sa-

2168 1891 2349 1947 lutem
2382 1893 2848 1970 incarnatus,qui
2869 1903 3061 1956 carnis
3093 1919 3296 1974 expers
3328 1913 3472 1973 erat,
3497 1926 3564 1963 ex
3586 1910 3824 1983 Virgine

2170 1980 2372 2050 Maria,
2407 1982 2464 2037 in
2497 1987 2701 2041 eadem
2735 2003 2910 2044 carne
2942 1992 3258 2048 cruciﬁxus
3291 1995 3418 2066 fuit,
3445 2014 3578 2053 cum
3615 1980 3826 2056 secun-

2168 2069 2310 2124 dum
2329 2071 2604 2129 deitatem
2625 2074 3014 2146 impassibilis
3037 2086 3221 2149 esset;
3249 2101 3401 2138 nunc
3428 2103 3559 2142 vero
3586 2105 3826 2145 rursum

2168 2158 2226 2213 in
2260 2159 2516 2232 imagine
2564 2163 2876 2221 crucifixus
2906 2184 2986 2236 es,
3033 2186 3065 2224 ο
3101 2171 3360 2238 Domine,
3396 2175 3466 2229 ad
3519 2177 3829 2252 convictio-

2171 2261 2302 2301 nem
2322 2248 2638 2320 impiorum
2662 2255 3048 2328 omniumque
3072 2258 3423 2331 inﬁdelium,
3443 2269 3498 2319 et
3520 2267 3587 2320 ad
3616 2248 3826 2322 conﬁr-

2173 2335 2489 2393 mationem
2524 2356 2729 2397 eorum
2762 2344 2863 2415 qui
2900 2348 2957 2401 in
2990 2347 3234 2405 veritate
3266 2351 3321 2404 in
3357 2357 3412 2407 te
3443 2355 3826 2414 credunt.Sed

2167 2425 2353 2496 gioria
2382 2428 2508 2499 tibi,
2541 2430 2800 2500 Domine,
2827 2436 2925 2506 qui
2959 2436 3118 2492 solus
3141 2440 3338 2495 omnia
3363 2447 3550 2514 potes,
3583 2450 3638 2500 et
3653 2448 3824 2502 bene~

2169 2514 2324 2570 dicto
2355 2517 2471 2573 Deo
2522 2525 2744 2584 nostro,
2779 2541 2896 2579 una
2923 2540 3057 2580 cum
3117 2527 3497 2586 immaculato
3555 2534 3742 2606 Patre,
3769 2541 3827 2591 et

2166 2603 2308 2697 Fiilio
2339 2608 2467 2677 ejus
2496 2608 2636 2666 Jesu
2685 2612 2936 2684 Christo,
2969 2632 3035 2670 ac
3088 2617 3238 2673 bono
3294 2620 3638 2696 viviﬁcoque
3695 2603 3829 2697 S'pi-

2167 2692 2306 2763 ritu,
2369 2713 2524 2752 nunc
2578 2706 2634 2754 et
2685 2717 2918 2773 semper
2974 2705 3118 2760 etin
3167 2709 3381 2766 sacula
3448 2692 3828 2770 saeculorum.

2170 2787 2377 2839 Amen.

2239 2903 2291 2955 6.
2325 2903 2554 2972 Audite,
2587 2924 2686 2962 vos
2719 2909 2949 2977 fratres,
2980 2929 3112 2967 cum
3148 2914 3354 2970 timore
3389 2916 3490 2972 Dei
3523 2923 3579 2973 et
3607 2921 3824 2991 gaudio

2171 2996 2374 3046 caetera
2399 3010 2524 3064 quae
2551 3011 2582 3050 a
2605 2996 2850 3054 Domino
2877 3001 3210 3072 dispensata
3233 3010 3543 3062 sunt.Cum
3566 3009 3722 3064 enim
3743 3009 3826 3066 la-

2171 3083 2268 3135 tus
2291 3081 2388 3136 29
2405 3085 2434 3138 Ι
2457 3091 2671 3141 sanctae
2685 3103 2750 3142 ac
2768 3091 3108 3146 veneranda:
3126 3094 3402 3164 imaginis
3421 3093 3623 3152 lancea
3637 3099 3827 3168 perfo-

2173 3174 2333 3224 ratus
2347 3178 2521 3241 esset,
2556 3185 2971 3250 emanaretque
2987 3197 3141 3252 aqua
3161 3186 3219 3236 et
3239 3183 3499 3255 sanguis,
3515 3191 3718 3241 coacta
3738 3191 3829 3244 est

2173 3263 2294 3315 tota
2315 3261 2650 3320 Judasorum
2679 3268 3267 3342 turba,dicebantqne
3292 3279 3496 3328 mutuo
3522 3289 3534 3328 :
3561 3276 3829 3341 Quando-

2172 3349 2408 3421 quidem
2433 3352 2600 3408 ciunt
2621 3357 2749 3425 ejus
2771 3356 3184 3426 cultores,eum
3209 3363 3422 3417 multas
3442 3377 3646 3418 curare
3664 3363 3828 3420 inﬁr-

2173 3440 2731 3507 mitates,sumamus
2758 3449 3104 3519 sanguinem
3139 3450 3269 3520 ejus
3299 3456 3355 3506 et
3393 3467 3630 3522 aquam,
3666 3454 3830 3510 defe-

2173 3541 2492 3601 ramusque
2519 3531 2580 3587 in
2612 3550 2992 3606 synagogam,
3026 3552 3093 3591 ac
3135 3552 3562 3610 congregemus
3618 3557 3825 3598 omnes

2169 3617 2271 3689 qui
2302 3616 2572 3676 laborant
2603 3622 2979 3695 aegritudine;
3015 3642 3310 3697 ungamus
3365 3644 3464 3682 eos
3496 3627 3620 3696 illo,
3652 3634 3710 3685 et
3739 3630 3823 3686 vi-

2168 3706 2414 3765 deamus
2446 3727 2587 3766 num
2620 3729 2754 3767 vera
2785 3713 2906 3768 sint
2936 3731 3063 3785 quae
3098 3716 3269 3786 vulgo
3301 3716 3820 3774 dicuntur.Admo-

2167 3800 2342 3868 taque
2373 3799 2540 3854 lateri
2563 3801 3109 3874 Dominiamphora,
3144 3803 3442 3860 illudendo
3475 3806 3817 3878 amphoram

2166 3884 2478 3957 implevero
2506 3889 2606 3945 illa
2637 3908 2764 3962 qua;
2799 3893 3073 3947 manebat
3104 3911 3254 3962 aqua
3280 3912 3291 3950 :
3326 3895 3816 3967 congregatisque

2164 3977 2441 4033 omnibus
2473 3980 2572 4050 qui
2606 3981 2758 4036 male
2788 3981 3091 4047 haberent,
3126 3984 3381 4054 primum
3424 3985 3687 4040 omnium
3713 4002 3818 4055 pa-

2163 4065 2677 4139 ralyticum,quem
2710 4087 2744 4126 a
2774 4071 3076 4126 nativitate
3110 4073 3492 4144 paralyticum
3525 4091 3653 4129 esse
3670 4073 3817 4130 scie-

2163 4153 2324 4226 bant,
2359 4158 2678 4215 adductum
2705 4168 3027 4228 unxerunt;
3064 4163 3164 4233 qui
3192 4164 3390 4217 statim
3414 4165 3819 4220 consolidatus

2159 4245 2598 4318 fuit,sanusque
2621 4251 2809 4306 factus
2841 4256 2926 4305 est
2959 4251 3482 4308 homo.Confestim
3515 4259 3709 4309 autem
3734 4253 3821 4309 in-

2158 4349 2302 4404 gens
2334 4338 2392 4388 tu
2406 4333 2627 4390 multus
2658 4354 2760 4407 per
2791 4341 2973 4392 totam
3001 4337 3203 4392 urbem
3237 4345 3476 4394 exortus
3507 4339 3816 4406 est,omni-

2157 4421 2270 4476 bus
2301 4439 2434 4478 eum
2468 4423 2526 4478 in
2571 4424 2763 4480 locum
2799 4425 3290 4498 ingredientibus,
3325 4429 3396 4482 ob
3423 4427 3638 4483 multas
3681 4427 3814 4484 illas

389 4509 576 4584 πόλιν,
630 4511 843 4568 πάντων
894 4512 1233 4588 ἐρχομένων,
1289 4510 1378 4567 διὰ
1429 4512 1523 4574 τὰς
1579 4511 1830 4589 ἀπείρους
1880 4513 2044 4577 ἰάσεις

2162 4517 2498 4572 morborum
2521 4518 2850 4572 curationes
2872 4522 2929 4572 et
2953 4518 3256 4586 miracula,
3275 4518 3614 4574 Judeeorum
3639 4533 3810 4589 porro

387 4600 474 4654 καὶ
505 4601 960 4677 θαυματουργίας.
1023 4603 1278 4672 Ἐκινήοθ
1331 4599 1389 4656 δὲ
1437 4607 1540 4657 πᾶν
1591 4603 1654 4658 τὸ
1685 4601 1900 4673 πλῆθος
1929 4609 2036 4660 τῶν

385 4685 686 4756 Ἰουδαίων,
719 4689 808 4743 καὶ
839 4688 1173 4765 προσέφερον
1204 4689 1330 4753 τοὺς
1381 4690 1619 4753 ἀσθενεῖς
1675 4691 1874 4764 αὐτῶν,
1933 4715 2038 4748 πα-

381 4772 671 4847 ραλύτους,
701 4773 966 4844 κυλλοὺς,
1000 4775 1220 4852 ξηροὺς,
1252 4775 1498 4851 χωλοὺς,
1529 4778 1618 4832 καὶ
1648 4778 1907 4854 τυφλοὺς,
1942 4782 2032 4838 καὶ

382 4861 800 4937 δαιμονιῶντας,
833 4863 924 4918 καὶ
981 4863 1195 4938 ἑτέρους
1241 4862 1469 4939 ἔχοντας
1526 4867 1786 4930 παντοίας
1822 4869 2030 4933 νόσουςο

378 4954 467 5008 καὶ
499 4954 716 5023 πάντες,
750 4953 1041 5030 χριόμενοι
1071 4951 1131 5007 ἐκ
1156 4957 1253 5007 τοῦ
1295 4953 1450 5028 άγίου
1509 4953 1738 5027 α’ίματος
1780 4957 1868 5012 καὶ
1904 4957 2030 5015 ὕδα-

378 5063 470 5106 τος
501 5050 603 5114 τῆς
634 5041 872 5120 πλευρᾶς
903 5045 999 5112 τῆς
1058 5043 1243 5115 τιμίας
1292 5042 1497 5105 εἰκόνος
1552 5048 1650 5098 τοῦ
1690 5045 1908 5120 Κυρίου,
1965 5051 2033 5105 τὰ

379 5134 605 5206 σώματα
633 5133 807 5188 αὐτῶν
845 5134 968 5208 ὑγιῆ
1005 5131 1268 5209 ἐγένοντο.
1306 5131 1507 5195 Πάντες
1549 5131 1605 5188 δὲ
1653 5135 1704 5188 οἱ
1754 5137 2030 5213 ἀρχιερεῖς

375 5221 465 5277 καὶ
499 5223 550 5276 οἱ
583 5217 940 5298 πρεσϐύτεροι
970 5221 1059 5276 καὶ
1094 5221 1122 5276 6
1155 5220 1284 5284 λαὸς
1313 5226 1421 5277 τῶν
1467 5220 1739 5279 Ἰουδαίων
1790 5224 2045 5283 ἐπίστευε

377 5331 470 5365 σαν
500 5312 575 5373 εἰς
605 5311 696 5366 τὸν
733 5311 925 5388 Κύριον
955 5312 1118 5384 ἡμῶν
1168 5312 1374 5382 Ἰησοῦν
1429 5313 1678 5388 Χριστὸν,
1738 5315 1830 5370 τὸν
1891 5313 2029 5386 ἀλη-

376 5399 518 5464 θινὸν
560 5400 686 5456 Θεὸν
739 5403 922 5473 ἡμῶν,
973 5401 1260 5476 κράζοντες
1307 5399 1395 5455 καὶ
1446 5399 1718 5478 λέγοντες·
1768 5405 1946 5480 Μέγας
2000 5405 2029 5460 6

373 5491 502 5552 Θεὸς
532 5494 640 5544 τῶν
673 5491 1035 5565 Χριστιανῶνο
1072 5489 1287 5565 μεγάλη
1320 5493 1355 5560 ἡ
1383 5489 1564 5554 πίστις
1601 5497 1708 5547 τῶν
1768 5499 2028 5571 Χριστια-

372 5582 503 5637 νῶν.
536 5579 672 5652 Δόξα
700 5599 811 5648 σοι,
871 5578 1090 5654 Χριστὶε,
1149 5578 1208 5633 ὅν
1267 5578 1318 5634 0':
1366 5574 1591 5656 πατέρες
1646 5582 1808 5655 ἡμῶν
1840 5583 2027 5640 ἐσταύ-

373 5685 578 5742 ρωσαν,
611 5667 640 5722 6
698 5668 789 5724 καὶ
848 5663 918 5722 δι’
971 5669 1135 5741 ἡμῶν
1196 5667 1526 5744 σταυρωθεὶς
1582 5668 1730 5746 έντῇ
1774 5674 2028 5751 ἁχράντῳ

371 5754 463 5812 καὶ
536 5755 697 5834 τιμία
769 5754 1036 5816 εἰκόνσου.
1079 5755 1215 5830 Δόξα
1253 5776 1364 5828 σοι,
1431 5758 1610 5831 Ἰησοῦ
1666 5762 1886 5835 Χριστὲ,
1939 5765 2030 5822 Υἱὲ

2152 4605 2428 4676 frequens
2461 4605 2711 4677 populus
2742 4613 3095 4677 commotus,
3127 4608 3500 4664 adducebant
3527 4607 3802 4664 inﬁrmos

2150 4711 2310 4765 suos,
2345 4694 2719 4766 paralyticos,
2752 4712 3012 4762 mancos,
3047 4697 3266 4764 aridos,
3299 4697 3562 4765 claudos,
3596 4713 3799 4767 cacos,

2144 4785 2557 4855 dwmoniacos,
2592 4785 2857 4856 aliosque
2903 4786 3080 4840 variis
3130 4786 3584 4858 aegritudinibus
3637 4785 3798 4842 labo-

2144 4879 2377 4942 rantes;
2413 4875 2511 4946 qui
2541 4892 2744 4930 omnes
2777 4875 3003 4930 inuncti
3035 4893 3202 4931 sacro
3235 4877 3522 4948 sanguine
3547 4881 3604 4932 et
3643 4893 3799 4948 aqua

2141 4962 2341 5019 lateris
2383 4966 2723 5020 veneranda:
2769 4964 3044 5036 imaginis
3103 4967 3336 5022 Domini
3368 4966 3497 5022 sani
3559 4982 3798 5036 corpore

2142 5059 2472 5110 evaserunt.
2531 5053 2747 5109 Omnes
2787 5071 2953 5127 porro
2988 5055 3284 5128 principes
3339 5056 3707 5111 sacerdotum
3742 5059 3800 5111 et

2142 5144 2402 5199 seniores
2435 5143 2808 5215 populusque
2837 5145 3166 5200 Judmorum
3201 5145 3574 5200 crediderunt
3603 5144 3661 5198 in
3683 5143 3794 5198 Do-

2143 5234 2369 5288 minum
2407 5239 2672 5288 nostrum
2707 5234 2910 5288 Jesum
2942 5235 3469 5302 Christum,verum
3494 5240 3673 5289 Deum
3698 5250 3797 5290 no-

2139 5327 2352 5392 strum,
2377 5322 2700 5377 clamantes
2732 5328 2788 5376 et
2813 5323 3109 5378 dicentes:
3146 5329 3386 5397 Magnus
3412 5327 3562 5378 Deus
3594 5322 3793 5378 Chris-

2141 5413 2516 5466 stianorum:
2563 5427 2781 5483 magna
2839 5412 2982 5467 ﬁdes
3039 5412 3536 5468 Christianorum.
3598 5409 3795 5467 Gloria

2141 5500 2271 5566 tibi,
2305 5499 2556 5565 Christe,
2584 5516 2756 5571 quem
2790 5505 2984 5572 patres
3012 5500 3195 5556 nostri
3226 5500 3663 5570 cruciﬁxerunt,
3691 5500 3794 5573 qui

2139 5606 2173 5645 a
2204 5588 2371 5643 nobis
2402 5604 2636 5660 quoque
2665 5588 2978 5643 cruciﬁxus
3008 5605 3070 5644 es
3102 5588 3160 5644 in
3204 5581 3579 5644 immaculata
3612 5592 3671 5643 et
3697 5604 3794 5645 ve-

2139 5678 2403 5734 neranda
2431 5676 2690 5749 imagine
2718 5681 2843 5732 tua.
2878 5676 3075 5734 Gloria
3104 5677 3232 5746 tibi,
3255 5677 3394 5733 Jesu
3425 5675 3653 5734 Christe
3685 5675 3793 5732 Fili

2140 5767 2261 5840 Dei,
2295 5767 2397 5842 qui
2427 5782 2645 5840 magna
2674 5765 2821 5824 facis
2852 5766 3168 5829 mirabilia.
3201 5767 3263 5825 In
3295 5771 3353 5824 te
3383 5764 3705 5839 credimus,
3736 5770 3794 5825 0t
