4148 6368
336 394 458 456 803

1526 390 1593 455 S.
1638 390 2161 457 ATHANASIUS.
2180 425 2258 440 -—
2286 388 2552 460 DUBIA.

3646 406 3766 474 804

335 526 397 582 in
430 526 680 594 Patrem,
713 524 949 593 Filium,
983 528 1040 580 et
1076 524 1361 597 Spiritum
1412 529 1706 593 sanctum,
1733 525 1952 581 Trinits

2065 578 2074 592 ,
2100 526 2392 594 τοῦΘεοῦ,ό
2418 532 2595 583 ποιῶν
2634 530 2847 607 μεγάλα
2886 530 3203 608 θαυμάσια.
3239 536 3338 591 Σοὶ
3358 539 3726 615 πιστευύομεν
3749 581 3765 605 ,

334 618 455 671 tem
476 612 1045 672 consubstantialem
1103 619 1160 670 et
1207 613 1653 672 indivisibilem.
1686 615 1986 687 Propitius

332 710 460 763 esto
490 703 680 775 nobis,
715 721 939 778 nosque
998 704 1227 777 recipe;
1262 706 1417 762 sicut
1466 707 1525 762 in
1586 710 1790 762 sancta
1814 721 1986 762 cruce

331 798 433 852 tua
462 795 689 868 positus
717 794 989 868 recepisti
1014 794 1298 851 latronem
1324 796 1395 852 ad
1417 795 1840 867 pcsnitentiam.
1865 795 1983 851 Nos

329 900 657 941 annumera
685 883 823 939 licet
849 883 1125 957 indignos
1155 888 1213 940 et
1241 883 1347 940 tibi
1381 885 1663 940 hactenus
1690 884 1982 952 inimicos,

326 970 402 1028 iis
432 973 534 1045 qui
585 978 718 1046 post
768 973 1119 1031 undeciman
1160 974 1365 1029 horam
1414 978 1739 1041 venerunt;
1772 973 1866 1041 iis,
1892 973 1982 1029 in-

329 1076 659 1133 quam,nos
686 1078 1013 1119 annumera
1043 1067 1102 1117 et
1132 1061 1406 1117 illumina
1434 1061 1637 1117 oculos
1667 1061 1863 1117 cordis
1886 1077 1984 1116 no-

326 1152 456 1219 stri,
491 1150 857 1219 obscuratos,
890 1168 1040 1223 quos
1069 1151 1297 1207 scilicet
1328 1151 1585 1207 tenebris
1616 1150 1827 1206 oﬂudit
1854 1167 1981 1206 ma-

323 1237 524 1312 lignus
537 1241 900 1309 diabolus;ut
918 1240 1237 1296 illuminati
1257 1257 1357 1312 per
1371 1245 1643 1298 sanctum
1665 1240 1979 1311 baptisma,

321 1329 541 1387 caelesti
573 1336 673 1387 tuo
726 1330 1003 1388 exercitui
1038 1330 1280 1404 adjungi
1340 1348 1692 1387 mereamur.
1730 1330 1862 1385 Haec
1892 1330 1978 1386 illi

320 1434 457 1474 cum
491 1418 745 1477 clamore
798 1420 1187 1492 proferebant,
1222 1421 1457 1491 altaque
1503 1437 1640 1476 voce
1698 1420 1977 1491 praadica-

318 1508 465 1565 bant
492 1508 789 1566 mirabilia
849 1509 968 1568 Dei.
1001 1509 1265 1566 Pervasit
1294 1515 1492 1567 autem
1552 1510 1754 1567 orbem
1785 1514 1974 1566 totum

318 1594 570 1669 hujusce
600 1598 684 1654 rei
714 1598 873 1655 fama
889 1599 962 1655 de
995 1599 1330 1656 veneranda
1360 1615 1569 1672 nempe
1601 1598 1860 1672 imagine
1884 1615 1975 1656 re-

319 1685 411 1758 gis
440 1686 627 1743 nostri
655 1688 799 1744 Jesu
828 1688 1065 1744 Christi.
1100 1688 1319 1746 Omnes
1350 1689 1422 1745 ob
1450 1688 1687 1745 Oriente
1717 1692 1776 1745 et
1805 1687 1975 1744 Occi-

316 1774 492 1833 dente
519 1777 842 1834 oﬂ'erebant
870 1778 1140 1835 inﬁrmos
1171 1795 1333 1850 suos,
1363 1777 1466 1851 qui
1495 1794 1702 1836 omnes
1727 1777 1833 1834 Dei
1864 1776 1974 1833 cle-

315 1865 538 1922 mentia
560 1867 938 1923 curabantur.

380 2097 436 2154 7.
470 2097 605 2154 Post
635 2096 757 2154 hinc
814 2101 1012 2155 autem
1042 2098 1186 2155 adiit
1216 2102 1337 2155 tota
1392 2099 1567 2155 turba
1621 2099 1960 2156 Judzeorum

310 2186 717 2245 sacratissima
769 2188 1037 2245 Ecclesia
1095 2187 1542 2245 sanctissimum
1596 2189 1963 2262 episcopum,

311 2280 772 2350 accurentesque
803 2277 1080 2334 dicebant
1113 2294 1126 2334 :
1159 2278 1277 2334 Nos
1326 2282 1713 2335 annumerato
1745 2285 1961 2335 sanctae

304 2367 605 2425 catholica:
654 2371 711 2423 et
742 2366 1072 2440 apostolicae
1103 2367 1392 2437 Ecclesiae,
1425 2385 1533 2425 nos
1581 2368 1875 2441 baptizata
1906 2374 1965 2426 et

304 2456 668 2513 Christianos
699 2457 997 2513 facito.Sic
1018 2472 1223 2513 omnes
1248 2457 1608 2514 unanimiter
1626 2456 1963 2515 clamabant

304 2562 340 2603 α
369 2545 616 2615 minore,
651 2545 723 2601 ad
777 2545 1123 2618 maximum,
1157 2564 1276 2603 una
1332 2564 1467 2603 cum
1524 2546 1873 2604 mulieribus
1904 2552 1963 2604 et

300 2635 524 2707 pueris,
559 2634 982 2707 dicebantque:
1008 2635 1171 2693 Unus
1197 2641 1351 2693 Deus
1384 2636 1571 2707 Pater,
1597 2654 1750 2693 unus
1775 2636 1957 2694 Filius

300 2724 666 2797 unigenitus,
700 2740 855 2779 unus
886 2723 1209 2782 Dominus:
1244 2725 1442 2798 ipsum
1480 2731 1662 2782 Deum
1715 2726 1955 2782 conﬁte-

300 2829 453 2883 mur,
494 2813 995 2887 agnoscimusque
1026 2830 1040 2871 :
1074 2814 1241 2871 illum
1299 2816 1524 2872 scimus
1554 2831 1683 2872 esse
1716 2820 1898 2872 Deum
1933 2834 1948 2872 :

299 2918 434 2960 eum
466 2919 574 2960 nos
631 2903 928 2960 credimus
959 2904 1306 2960 cruciﬁxum
1339 2906 1449 2964 sub
1480 2905 1685 2961 Pontio
1740 2905 1947 2973 Pilato,

296 2994 689 3051 resurrexisse
721 2994 816 3050 die
844 2993 1038 3065 tertia,
1073 2998 1570 3067 assumptumque
1600 2995 1783 3051 fuisse
1813 3011 1945 3051 cum

292 3082 501 3156 gloria,
534 3083 593 3138 in
625 3088 945 3155 conspectu
977 3088 1317 3139 sanctorum
1349 3084 1776 3155 discipulorum
1809 3100 1946 3141 suo-

290 3189 446 3239 rum,
476 3175 535 3229 et
563 3174 768 3229 sedere
821 3173 892 3228 ad
950 3173 1249 3228 dexteram
1281 3173 1381 3229 Dei
1413 3178 1471 3229 et
1498 3175 1709 3229 Patris.
1743 3173 1944 3231 Multis

2098 612 2176 677 εἷς
2209 615 2445 692 ΙΙατέρα,
2510 618 2628 674 Γίὸν
2673 621 2763 675 καὶ
2821 622 2972 697 ἅγιον
3035 627 3281 699 Πνεῦμα,
3331 626 3533 702 Τριάδα
3561 612 3762 703 651.006-

2099 723 2212 759 σιον
2244 705 2334 760 καὶ
2392 707 2725 784 ἀχώριστον.
2786 709 2979 775 Ἵλεως
3040 715 3177 786 ἡμῖν
3234 721 3417 789 γενοῦ,
3474 718 3564 774 καὶ
3619 717 3763 792 δέξαι

2095 794 2263 865 ἡμᾶς,
2296 795 2371 858 ὡς
2401 793 2563 868 ἐδέξω
2591 818 2689 854 του
2723 799 2930 874 λῃστου
2967 800 3052 857 ἐπὶ
3084 807 3182 858 τοῦ
3227 804 3383 881 ἁγίου
3439 827 3535 863 σου
3597 831 3763 865 σταυ-

2095 888 2192 958 ροῦ
2257 886 2357 954 τήν
2441 888 2745 960 μετάνοιαν.
2821 892 3343 969 Συγκαταρίθμησον
3424 898 3573 969 ἡμᾶς
3627 900 3758 965 τοὺς

2091 972 2334 1045 ἀναξίους
2367 976 2493 1040 τοὺς
2522 978 2919 1054 προσελθόντας
2953 1003 3036 1036 σοι
3095 988 3214 1046 τοῖς
3273 987 3409 1057 μετὰ
3452 988 3551 1056 τήν
3613 988 3757 1046 ἑνδε-

2090 1062 2452 1155 κάῃνὲὣραν,
2479 1069 2567 1155 καὶ
2595 1069 2742 1141 ἡμᾶς
2801 1072 3311 1155 συγκαταρίθμησον
3369 1075 3461 1131 καὶ
3510 1079 3747 1155 φώτισον

2089 1152 2215 1214 τοὺς
2250 1151 2566 1229 ὀφθαλμοὺς
2612 1163 2711 1224 τῆς
2741 1153 2964 1234 καρδίας
3011 1159 3194 1230 ἡμῶν,
3248 1160 3376 1225 τοὺς
3433 1151 3747 1241 ἐσκότισμέ-

2088 1261 2231 1307 νους,
2285 1242 2379 1305 οὕς
2437 1243 2466 1297 ό
2523 1246 2764 1319 πονηρὸς
2822 1246 3064 1303 ἐσκότισε
3120 1246 3398 1314 διάϐολος·
3455 1251 3569 1326 ἵνα,
3630 1279 3740 1335 φω-

2085 1331 2350 1394 τισθέντες
2404 1330 2493 1388 διὰ
2544 1332 2641 1389 τοῦ
2700 1334 2861 1411 ἁγίου
2920 1358 3015 1392 σου
3052 1338 3451 1414 βαπτίσματος,
3482 1330 3739 1416 καταξιω-

2088 1424 2267 1493 θῶμεν
2296 1422 2385 1476 καὶ
2416 1423 2582 1495 ἡμεῖς
2609 1431 2710 1494 τῆς
2739 1425 3070 1499 ἐπουρανίου
3101 1449 3199 1484 σου
3231 1438 3506 1504 στρατιᾶς.
3560 1436 3739 1491 Ταῦτα

2087 1506 2145 1564 δὲ
2174 1507 2396 1584 ἔκραζον
2428 1511 2700 1587 λέγοντες,
2757 1515 2846 1569 καὶ
2904 1519 3264 1593 κηρῦττοντες
3326 1521 3739 1601 μεγαλοφώνως

2081 1599 2150 1654 τά
2179 1600 2451 1673 θαυμάσια
2477 1607 2574 1658 τοῦ
2603 1608 2758 1660 Θεοῦ.
2785 1603 3015 1677 Ἐξῆλθε
3046 1604 3103 1662 δὲ
3150 1609 3185 1678 ἡ
3247 1611 3413 1686 φήμη
3466 1599 3605 1684 αὕτη
3665 1613 3742 1678 εἰς

2085 1694 2261 1745 πᾶσαν
2293 1692 2394 1761 τὴν
2450 1691 2781 1764 οἰκουμένην
2835 1695 2962 1771 περὶ
3015 1702 3114 1766 τῆς
3167 1698 3353 1771 τιμίας
3385 1699 3594 1765 εἰκονος
3642 1708 3741 1760 τοῦ

2081 1775 2476 1852 παμϐασιλέως
2507 1782 2667 1855 ἡμῶν
2726 1784 2907 1855 Ἰησοῦ
2965 1787 3224 1861 Χριστοῦ*
3285 1788 3374 1844 καὶ
3405 1789 3600 1855 πάντες
3631 1792 3739 1850 ἀπὸ

2001 1901 2049 1967 Β
2082 1868 2360 1926 ἀνατολῶν
2393 1871 2482 1926 καὶ
2517 1869 2737 1945 δυσμῶν
2772 1874 3104 1952 προσέφερον
3122 1874 3249 1939 τοὺς
3271 1876 3514 1944 ἀσθενεῖς
3534 1880 3735 1940 αὐτῶν·

2081 1960 2171 2013 καὶ
2204 1959 2367 2016 ἰῶντο
2398 1962 2589 2024 πάντες
2618 1964 2688 2035 τῇ
2719 1966 2855 2018 Θεοῦ
2883 1962 3197 2038 ἀγαθότητι.

2149 2089 2201 2141 7.
2238 2085 2387 2140 Μετὰ
2426 2083 2483 2141 δὲ
2538 2090 2706 2141 ταῦτα
2762 2086 3077 2163 προσῆλθον
3131 2094 3210 2163 τῷ
3267 2092 3554 2169 ἁγιωτάτῳ
3611 2096 3727 2153 ἐπι-

2077 2173 2263 2248 σκόπῳ
2292 2181 2391 2245 τῆς
2426 2175 2734 2251 ἁγιωτάτης
2788 2177 3117 2249 Ἐκκλησίας
3148 2181 3354 2237 ἅπαντα
3411 2185 3479 2239 τὰ
3532 2184 3721 2260 πλήθη

2071 2268 2178 2318 τῶν
2241 2262 2544 2337 Ἰουδαίων,
2603 2266 3034 2343 προστρέχοντες
3106 2269 3195 2324 καὶ
3256 2270 3524 2349 λέγοντες·
3584 2282 3716 2331 Κατ-

2072 2353 2374 2429 αρίθμησον
2434 2356 2580 2428 ἡμᾶς
2635 2359 2705 2430 τῇ
2766 2356 2893 2431 ἁγίᾳ
2934 2355 3204 2434 καθολικῇ
3235 2361 3323 2415 καὶ
3381 2361 3719 2440 ἁποοτολικῇ

2069 2442 2385 2516 Ἐκκλησίᾳ,
2423 2445 2681 2520 βάπτισον
2716 2447 2863 2518 ἡμᾶς
2893 2447 2981 2501 καὶ
3049 2448 3280 2520 ποίησον
3341 2452 3718 2528 Χριστιανούς.

2068 2537 2333 2609 ’Ἐκραζον
2394 2530 2451 2589 δὲ
2506 2532 2854 2609 ὁμοθυμαδὸν
2914 2537 3141 2601 ἅπαντες
3201 2539 3308 2595 ἀπὸ
3366 2547 3567 2616 μικροῦ
3612 2541 3718 2609 ἕως

2071 2621 2316 2697 μεγάλου
2376 2623 2551 2679 αὐτῶν
2612 2623 2703 2678 σὺν
2762 2626 2963 2699 γυναιξὶ
3022 2627 3111 2683 καὶ
3170 2627 3411 2695 παιδίοις
3444 2630 3721 2709 λέγοντες·

2064 2712 2158 2775 Εἷς
2187 2714 2315 2775 Θεὸς
2349 2711 2377 2767 ὸ
2408 2714 2620 2789 ΙΙατήρ,
2655 2713 2729 2776 εἷς
2776 2715 2902 2778 Υἱὸς
2933 2715 2960 2770 ὀ
2995 2719 3320 2793 μονογενής,
3361 2720 3439 2784 εἷς
3498 2722 3714 2798 Κύριοςο

2062 2802 2220 2857 αὐτὸν
2252 2803 2380 2858 Θεὸν
2434 2801 2840 2879 ὁμολογοῦμεν,
2901 2805 2990 2859 καὶ
3048 2804 3271 2881 οἷ’δαμεν
3330 2810 3419 2865 καὶ
3450 2812 3715 2887 γινώσκο-

2065 2911 2181 2965 μενσ
2217 2891 2373 2946 αὐτὸν
2431 2892 2559 2947 Θεὸν
2620 2890 2868 2966 οἴδαμεν,
2926 2893 3083 2949 αὐτὸν
3143 2897 3308 2970 ἡμεῖς
3363 2901 3707 2973 πιστεύομεν,

2056 2980 2147 3035 τὸν
2181 2980 2555 3057 σταυρωθέντα
2583 2981 2670 3036 ἐπὶ
2704 2983 2940 3039 Ποντίου
2972 2981 3239 3058 Πιλάτου,
3270 2987 3357 3041 καὶ
3411 2988 3709 3045 ἀναστάντα

2055 3074 2123 3145 τῇ
2153 3070 2310 3146 τρίτῃ
2366 3069 2568 3146 ἡμέρᾳ*
2626 3071 2715 3126 καὶ
2774 3071 3155 3152 ἀναληφθέντα
3205 3074 3256 3131 ἐν
3307 3073 3435 3152 δόξῃ
3469 3077 3700 3135 ἐνώπιον

2054 3165 2161 3220 τῶν
2194 3160 2357 3235 ἁγίων
2389 3164 2643 3233 μαθητῶν
2677 3160 2861 3234 αὐτοῦ,
2894 3163 2983 3218 καὶ
3030 3164 3385 3238 καθεζόμενον
3444 3166 3496 3222 ἐν
3558 3165 3703 3242 δεξιᾷ

291 3262 493 3334 itaque
518 3261 798 3318 laudibus
829 3267 1009 3318 Deum
1033 3262 1425 3330 celebrarunt,
1451 3262 1711 3319 exhibita
1738 3270 1943 3320 sancta

2065 3254 2149 3305 τοῦ
2181 3247 2314 3305 Θεοῦ
2344 3249 2434 3304 καὶ
2484 3249 2718 3325 Πατρός.
2778 3250 3024 3315 Ιιολλαῖς
3078 3251 3169 3309 οὖν
3218 3254 3513 3334 εὐφημίαις
3547 3254 3701 3332 δοξά-

291 3348 553 3424 imagine
591 3351 789 3423 ejusce
818 3350 986 3406 urbis
1009 3350 1471 3423 archiepiscopo,
1514 3350 1608 3406 cui
1638 3368 1706 3407 ea
1737 3370 1942 3409 narra-

289 3443 430 3495 runt
460 3457 589 3512 qua:
619 3444 824 3496 contra
854 3444 1117 3496 sanctam
1151 3440 1468 3512 imaginem
1517 3447 1941 3525 perpetrarent,

285 3532 344 3585 et
372 3530 759 3585 ostenderunt
785 3530 1134 3602 sanguinem
1168 3533 1225 3583 et
1256 3546 1497 3602 aquam,
1523 3530 1942 3605 dixeruntque,

290 3635 408 3692 qua
438 3619 662 3675 ratione
692 3636 721 3676 e
752 3620 934 3675 latere
964 3618 1285 3675 Salvatoris
1322 3619 1579 3677 exiisset.
1613 3621 1701 3676 Ad
1734 3621 1942 3678 horum

283 3711 482 3765 tamen
511 3708 779 3765 omnium
811 3708 1342 3779 conﬁrmationem,
1377 3710 1601 3781 accepit
1630 3714 1943 3784 episcopus

284 3814 354 3854 ex
382 3798 673 3871 sanguine
727 3804 785 3854 et
814 3815 989 3870 aqua,
1022 3797 1362 3870 multosque
1392 3798 1623 3855 oblatos
1678 3800 1945 3858 inﬁrmos

283 3888 455 3943 unxit
483 3904 779 3959 sanesque
810 3886 1057 3942 dimisit.
1090 3887 1193 3943 His
1224 3887 1553 3945 innumeris
1595 3891 1944 3961 perpetratis

282 3975 607 4047 miraculis,
633 3975 977 4049 episcopum
1001 3980 1281 4049 rogarunt
1311 3993 1539 4043 omnes,
1564 3983 1627 4033 ut
1656 3978 1767 4033 sibi
1802 3981 1943 4052 bap-

282 4065 499 4123 tismus
531 4067 914 4133 conferretur,
942 4082 1008 4121 ac
1040 4064 1242 4122 liceret
1271 4066 1710 4123 communicare
1740 4069 1946 4125 imma-

282 4153 497 4210 culatis
528 4158 585 4210 et
615 4153 1052 4210 immortalibus
1085 4155 1381 4228 mysteriis
1409 4156 1670 4228 corporis
1719 4164 1778 4213 et
1806 4176 1941 4213 san-

279 4242 500 4316 guinis.
525 4244 677 4299 Tum
710 4244 1027 4317 episcopus
1057 4243 1175 4300 illis
1206 4244 1796 4316 admissis,advocato
1820 4253 1942 4304 toto

279 4330 435 4389 clero
457 4332 847 4389 sanctissimae
871 4333 968 4389 Dei
989 4331 1601 4407 Ecclesiae,postquam
1623 4336 1826 4393 multis
1843 4354 1943 4394 eos

278 4420 1209 4495 diebusinstituisset,baptizavit
1231 4423 1362 4481 illos
1384 4424 1443 4478 in
1470 4426 1709 4481 nomine
1735 4426 1940 4496 Patris,

277 4514 337 4568 et
367 4510 517 4579 Filii,
542 4516 602 4568 et
629 4512 887 4583 Spiritus
913 4514 1125 4580 sancti,
1158 4528 1637 4586 synagogamque
1659 4515 1811 4572 292
1833 4516 1940 4572 Ju-

277 4600 535 4655 dmorum
561 4600 621 4655 in
645 4601 952 4657 ecclesiam
970 4601 1288 4659 Salvatoris
1311 4603 1496 4660 nostri
1518 4606 1942 4662 convertit.Ro—

275 4689 553 4762 gantibus
575 4707 745 4763 porro
773 4689 889 4746 illis
919 4692 1363 4748 sanctissimum
1400 4692 1765 4766 episcopum,
1800 4695 1936 4751 reli-

277 4778 701 4851 quasipsorum
721 4796 1047 4852 synagogas
1067 4780 1125 4835 in
1144 4780 1244 4836 Dei
1269 4780 1489 4853 templa
1502 4787 1559 4837 et
1575 4782 1636 4837 in
1656 4785 1937 4858 martyris

273 4872 614 4924 sanctorum
630 4885 873 4925 suorum
891 4875 1147 4943 martyru
1160 4887 1211 4924 m
1228 4870 1687 4938 consecravit,ad
1705 4874 1800 4929 Dei
1816 4874 1933 4948 glo-

272 4956 423 5012 riam
445 4961 503 5012 et
531 4956 942 5013 exultationem
974 4959 1308 5014 orthodoxae
1332 4960 1808 5017 ﬁdei.Constituit
1829 4979 1933 5017 au-

270 5050 390 5102 tem
414 5062 484 5102 ex
508 5046 628 5103 illis
659 5048 1027 5121 presbyteros
1050 5054 1107 5104 et
1138 5048 1552 5115 diaconos,sub
1574 5051 1852 5107 diaconos
1877 5057 1934 5109 et

269 5134 536 5193 lectores.
570 5142 764 5209 Atque
793 5137 875 5193 ita
905 5137 1116 5209 ingens
1148 5138 1260 5195 fuit
1290 5138 1489 5195 laetitia
1518 5138 1575 5194 in
1608 5140 1750 5197 cmlo
1782 5145 1839 5197 et
1868 5142 1927 5198 in

266 5227 525 5294 terra,ob
549 5226 909 5299 stupendum
934 5226 1284 5283 miraculum
1308 5230 1724 5284 venerandeet
1749 5248 1928 5287 sacras

267 5313 543 5385 imaginis
571 5314 803 5371 Domini
825 5319 884 5372 et
906 5314 1220 5372 Salvatoris
1248 5317 1432 5371 nostri
1454 5319 1592 5373 .lesu
1616 5319 1923 5390 Cbristi,in

267 5401 385 5459 ista
414 5405 595 5461 urbe:
630 5422 765 5462 cum
798 5422 913 5461 non
937 5407 1109 5462 modo
1141 5422 1432 5479 corporea:
1462 5411 1924 5466 curarenturin-

340 5608 800 5685 (11)~Col_be_rtin.
834 5628 993 5685 unus
1034 5611 1118 5667 sic
1150 5610 1349 5685 habet,
1386 5610 1925 5685 pap‘tﬁptdr‘l‘tsﬂot‘q-

264 5678 353 5754 κεν
407 5682 516 5754 τῶν
573 5678 766 5754 ἁγίων,
811 5684 924 5754 ’τῆς
984 5701 1041 5735 τε
1096 5678 1472 5754 πανυμνήςου
1511 5678 1779 5739 Θεοτόκου
1831 5678 1923 5740 καὶ

263 5747 631 5831 ἀιιπαρθένου
676 5750 907 5828 Μαρίας,
936 5756 1035 5808 τοῦ
1080 5747 1403 5829 προδρόμου
1456 5774 1515 5809 τε
1570 5755 1662 5811 καὶ
1719 5763 1923 5814 Βαπτι-

2055 3361 2238 3402 σαντες
2268 3339 2359 3394 τὸν
2388 3339 2540 3410 Θεὸν,
2570 3340 2671 3408 τήν
2701 3339 2852 3417 ἁγίαν
2882 3362 2942 3396 τε
2972 3341 3153 3398 εἰκόνα
3207 3349 3287 3418 τῷ
3346 3345 3705 3423 ἀρχιεπισκό-

2053 3451 2141 3503 πῳ
2192 3436 2292 3499 τῆς
2344 3428 2518 3485 ἐκεῖσε
2572 3429 2790 3492 πόλεως
2849 3429 3227 3505 ἐπιδείξαντες,
3295 3435 3386 3490 καὶ
3443 3436 3707 3513 ἀπαγγεί-

2054 3518 2243 3581 λαντες
2277 3518 2317 3581 ἃ,
2338 3518 2596 3590 ἐποίησαν
2625 3520 2725 3588 τὴν
2752 3525 2851 3575 τοῦ
2891 3526 3124 3598 Χριστοῦ
3183 3523 3331 3598 ἁγίαν
3389 3526 3588 3593 είκόνα,
3640 3524 3703 3581 τό

2052 3630 2112 3664 τε
2141 3610 2279 3682 αἷμα
2307 3609 2396 3664 καὶ
2429 3607 2575 3684 ὕδωρ
2623 3608 2997 3681 ἐπιδείξαντες,
3052 3611 3140 3666 καὶ
3194 3617 3311 3675 πῶς
3366 3612 3586 3686 ἐξῆλθεν
3647 3613 3707 3670 ἐκ

2053 3706 2154 3769 τῆς
2210 3696 2450 3775 πλευρᾶς
2501 3703 2599 3753 τοῦ
2655 3706 2934 3776 Σωτῆρος
2994 3699 3145 3773 ὅμως
3215 3702 3354 3777 πρὸς
3418 3698 3703 3777 βεϐαίωσιν

2054 3789 2265 3843 πάντων
2320 3783 2505 3843 λαϐὼν
2566 3789 2595 3842 ὁ
2652 3788 2946 3850 ἐπίσκοπος
3005 3788 3062 3844 ἐκ
3115 3794 3212 3844 τοῦ
3267 3790 3419 3865 ἁγίου
3477 3789 3707 3864 α’ίματος

2053 3877 2142 3932 καὶ
2200 3874 2431 3949 ὕδατος,
2490 3877 2578 3932 καὶ
2637 3875 2884 3941 πολλοὺς
2945 3877 3183 3940 ἀσθενεῖς
3239 3880 3708 3955 προσενέγκαντες,

2052 3966 2142 4022 καὶ
2198 3965 2435 4046 ἀλείφων
2495 3966 2715 4036 αὐτοὺς,
2782 3968 2952 4043 ὑγιεῖς
3008 3966 3262 4025 ἀπέλυσε.
3323 3968 3545 4026 Τούτων
3597 3974 3706 4025 τῶν

2053 4055 2291 4132 ἀπείρων
2329 4056 2617 4129 θαυμάτων
2669 4055 2999 4132 γεγονότων,
3069 4056 3240 4119 οὕτως
3297 4057 3524 4121 ἅπαντες
3580 4060 3707 4115 καθ-

2056 4148 2291 4201 ικέτευον
2338 4146 2428 4200 τὸν
2461 4144 2755 4201 ἐπίσκοπον
2787 4152 2975 4222 ταχεῖν
3028 4151 3127 4201 τοῦ
3183 4147 3341 4222 ἁγίου
3402 4148 3705 4223 βαπτίσμα-

2049 4256 2164 4305 τος,
2223 4235 2313 4291 καὶ
2378 4230 2704 4309 μεταλαϐεῖν
2762 4239 2869 4290 τῶν
2931 4235 3217 4312 ἀχράντων
3279 4236 3369 4291 καὶ
3427 4237 3702 4294 ἀθανάτων

2057 4323 2369 4398 μυστηρίων
2397 4329 2494 4379 τοῦ
2522 4323 2713 4399 τιμίου
2746 4325 3001 4399 σώματος
3031 4325 3120 4380 καὶ
3179 4323 3431 4398 αἳματος.
3486 4326 3619 4382 Τότε
3675 4328 3703 4384 δ

2053 4415 2347 4476 ἐπίσκοπος
2434 4408 2770 4490 παραλαϐὼν
2870 4412 3064 4475 αὐτοὺς
3096 4458 3111 4484 ,
3194 4414 3283 4469 καὶ
3370 4414 3705 4491 συγκαλέσας

2053 4505 2261 4559 ἅπαντα
2288 4503 2380 4558 τὸν
2407 4502 2617 4578 κλῆρον
2647 4509 2748 4572 τῆς
2788 4500 3098 4577 ἁγιωτάτης
3128 4506 3225 4558 τοῦ
3285 4509 3419 4559 Θεοῦ
3477 4504 3707 4577 Ἐκκλη-

2052 4594 2191 4665 σίας,
2250 4592 2336 4648 ἐπὶ
2392 4591 2608 4655 πολλάς
2662 4612 2723 4648 τε
2777 4592 2988 4669 ἡμέρας
3042 4594 3390 4668 κατηχήσας,
3420 4589 3703 4651 ἐϐάπτισεν

2047 4683 2244 4748 αὐτοὺς
2275 4684 2351 4747 εἰς
2399 4684 2461 4739 τὸ
2521 4680 2697 4757 ὄνομα
2750 4687 2851 4739 τοῦ
2886 4682 3120 4758 Ιίατρὸς,
3145 4683 3235 4738 καὶ
3279 4688 3377 4739 τοῦ
3403 4685 3557 4755 Υῖοῦ,
3614 4685 3703 4742 καὶ

2043 4778 2141 4829 τοῦ
2189 4773 2342 4851 ἁγίου
2377 4772 2714 4845 ΙΙνεύματος,
2745 4773 2834 4827 καὶ
2874 4773 2973 4842 τὴν
3025 4774 3340 4849 συναγωγὴν
3398 4778 3506 4829 τῶν
3570 4776 3706 4831 Ἰου-

2046 4861 2212 4919 δαίων
2245 4860 2538 4934 έκκλησιαν
2570 4866 2667 4917 τοῦ
2722 4868 2983 4939 Σωτῆρος
3040 4863 3201 4935 ἡμῶν
3239 4860 3482 4933 ἐποίησε.
3518 4870 3704 4940 Παρα-

2043 4952 2384 5010 καλεσὰντων
2446 4950 2503 5007 δὶ
2558 4950 2735 5006 αὐτῶν
2789 4952 2881 5007 τὸν
2927 4951 3229 5027 ἁγιώτατον
3262 4951 3577 5024 ἐπίσκοπον,
3608 4952 3699 5006 καὶ

2040 5044 2135 5105 τὰς
2195 5042 2393 5104 λοιπὰς
2453 5041 2784 5117 συναγωγὰς,
2843 5039 3004 5102 ναοὺς
3061 5044 3222 5113 Θεοῦ,
3278 5040 3369 5096 καὶ
3429 5039 3696 5115 μαρτύρια

2040 5141 2147 5192 τῶν
2200 5135 2366 5211 ἁγίων
2426 5133 2592 5189 αὐτοῦ
2650 5132 2937 5210 μαρτύρων
3014 5133 3307 5211 ἀφιερῶσαι
3365 5131 3692 5209 [ἀφιερῶσι],

2042 5226 2120 5288 εὶς
2151 5223 2306 5296 δόξαν
2338 5226 2436 5277 τοῦ
2467 5226 2602 5278 Θεοῦ
2631 5223 2721 5277 καὶ
2779 5222 3050 5299 καύχημα
3104 5228 3205 5292 τῆς
3264 5218 3555 5298 ὀρθοδόξου
3607 5219 3698 5275 πί-

2040 5335 2207 5377 στεως
2240 5315 2373 5386 (11).
2410 5310 2709 5382 Κατέστησε
2739 5308 2798 5366 δὲ
2827 5312 2917 5366 καὶ
2977 5310 3029 5383 έξ
3073 5310 3247 5367 αὐτῶν
3301 5304 3700 5388 πρεσϐυτέρους

2039 5403 2127 5458 καὶ
2189 5400 2496 5472 διακόνους,
2558 5399 2975 5475 ὑποδιακόνους,
3034 5400 3125 5456 καὶ
3183 5401 3549 5478 ἀναγνώστας.
3602 5398 3703 5454 Καὶ

2036 5630 2164 5666 στου
2197 5610 2484 5686 μἸωάινου,
2537 5608 2626 5665 καὶ
2664 5611 2773 5664 τῶν
2809 5605 2978 5683 ἁγίων
3011 5600 3241 5676 ἐνδόξων
3271 5604 3362 5662 καὶ
3420 5606 3700 5686 πανευφή-

2041 5703 2156 5759 μων
2185 5678 2528 5739 ἀποστόλων.
