4148 6368
377 409 494 473 805

1286 405 1388 468 DE
1434 403 1647 468 PASS.
1694 401 2049 466 IMAGINIS
2095 406 2170 467 D.
2213 403 2286 469 N.
2331 408 2524 472 JESU
2567 409 2902 474 CHRISTI.

3679 417 3799 478 806

377 539 521 598 οῦτω
585 540 793 618 μεγάλη
856 541 1004 618 χαρὰ
1060 539 1267 617 ἐγένετο
1321 539 1372 593 ἐν
1425 543 1503 610 τῶ
1557 536 1767 611 οὐρανῷ
1837 536 1926 591 καὶ
1987 535 2038 591 ἐν

2157 540 2486 609 ﬁrmitates,
2523 547 2620 600 sed
2656 547 2833 602 etiam
2867 549 3075 604 animae
3107 555 3582 608 converterentur
3613 553 3684 608 ad
3715 552 3800 607 vi-

374 636 442 706 τῇ
503 635 576 706 γῇ
642 631 728 686 ἐπὶ
786 636 866 703 τῷ
920 628 1212 705 παραδόξῳ
1263 627 1497 700 θαύματι
1553 635 1652 696 τῆς
1709 626 1892 698 τιμίας
1947 625 2037 679 καί

2148 634 2268 685 tam
2305 636 2603 688 (sternam.

377 719 534 796 ἁγίας
581 720 790 783 εἰκόνος
838 725 936 775 τοῦ
987 719 1192 795 Κυρίου
1222 719 1311 773 καὶ
1354 719 1611 792 Σωτῆρος
1662 718 1821 788 ἡμῶν
1877 716 2062 785 Ἰησοῦ
2111 718 2344 790 Χριστοῦ
2391 720 2477 774 ἐπὶ
2527 726 2595 795 τῇ
2641 723 2797 778 πόλει
2830 724 3016 799 ταύτῃ·
3067 726 3129 781 οῦ
3162 727 3324 798 μόνον
3355 731 3624 802 σωμάτων
3655 729 3800 800 πάθη

380 811 656 882 ἰωμένων,
691 809 837 865 ἀλλὰ
865 809 955 864 καὶ
988 813 1180 883 ψυχῶν
1217 807 1651 883 ἐπιστρεψάντων
1685 804 1760 866 εἷς
1798 805 1940 872 ζωὴν
1974 803 2216 864 αἰώνιον,

447 905 500 958 8.
561 900 737 956 Ταῦτα
785 898 1093 955 scuto-380w:
1150 897 1398 968 δηλῶσαι
1453 901 1520 972 τῇ
1573 896 1806 969 ὑμετέρᾳ
1853 907 2040 972 030ch-

378 989 472 1062 λίᾳ
507 1033 520 1056 ,
568 990 614 1044 ὦ
672 989 1132 1066 προσφιλέστατοι
1202 986 1427 1066 ἀδελφοὶ
1495 983 1847 1061 ἠγαπημένοι
1886 1030 1898 1052 ,
1961 983 2038 1046 εἰς

379 1080 642 1156 ὠφέλειαν
675 1080 764 1134 καὶ
811 1080 978 1147 ἀκοὴν
1028 1083 1137 1132 τῶν
1169 1076 1634 1152 ἐντυγχανόντων,
1666 1078 1764 1129 τοῦ
1805 1093 2038 1149 στηριχ-

377 1171 537 1238 θῆναι
564 1171 660 1231 τὰς
689 1169 868 1245 ψυχὰς
921 1169 1071 1240 ὑμῶν
1117 1166 1224 1221 ἀπὸ
1269 1171 1368 1220 τοῦ
1398 1169 1666 1241 πονηροῦ,
1699 1167 1794 1217 τοῦ
1843 1162 1930 1216 ἐπὶ
1970 1165 2038 1235 τῇ

381 1259 585 1312 πτώσει
643 1259 803 1329 ἡμῶν
859 1255 1174 1332 χαίροντος,
1231 1255 1322 1309 καὶ
1381 1255 1768 1330 στερεωθῶμεν
1819 1251 1908 1306 ἐπὶ
1967 1249 2035 1324 τῇ

379 1352 568 1417 στερεᾷ
624 1346 800 1401 πίστει
856 1353 956 1415 τῆς
1017 1343 1318 1420 ὁμολογίας
1372 1349 1469 1398 τοῦ
1527 1345 1784 1417 Χριστοῦ.
1848 1345 2036 1412 Δῶμεν

383 1434 474 1490 οὖν
537 1433 695 1505 δόξαν
761 1437 873 1508 μετ’
936 1433 1264 1512 εὐφροσύνης
1322 1432 1375 1487 ἐν
1433 1431 1706 1502 κατανύξει
1762 1429 1987 1503 καρδίας
2025 1475 2037 1498 ,

382 1524 472 1577 καὶ
533 1524 923 1602 εὐχαριστίας,
984 1523 1431 1598 εὐχαριστοῦντες
1485 1520 1632 1592 αὐτῷ
1689 1518 1758 1595 ἐκ.
1803 1523 2041 1594 καθαρᾶς

382 1612 636 1686 πίστεως,
681 1618 779 1668 τοῦ
833 1611 1122 1691 φυλάσσειν
1181 1612 1275 1674 τὰς
1334 1608 1556 1672 ἐντολάς
1616 1609 1782 1664 αὐτοῦ
1837 1608 1926 1663 καὶ
1973 1610 2040 1663 τὰ

381 1698 727 1775 δικαιώματα
783 1702 948 1757 αὐτοῦ
1003 1702 1092 1756 καὶ
1152 1707 1252 1770 τῆς
1312 1700 1658 1776 ἐπιγνώσεως
1716 1697 1902 1753 αὐτοῦ·
1955 1696 2036 1752 ὅτι

377 1789 526 1862 αὐτῷ
551 1790 742 1865 πρέπει
772 1793 805 1860 ἡ
841 1789 968 1862 δόξα
1014 1791 1104 1846 καὶ
1153 1791 1215 1846 τὸ
1262 1792 1459 1866 κράτος
1508 1789 1558 1844 ἐν
1612 1791 1831 1864 Χριστῷ
1863 1788 2046 1856 Ἰησοῦ

378 1877 458 1952 τῷ
499 1880 683 1954 Κυρίῳ
730 1882 916 1954 ἡμῶν,
972 1883 1083 1955 μεθ’
1133 1879 1194 1935 οὗ
1239 1884 1318 1952 τῷ
1368 1880 1558 1954 Πατρὶ,
1612 1879 1726 1952 ἅμα
1772 1882 1851 1948 τῷ
1901 1875 2042 1950 ἁγίῳ

380 1968 675 2042 Πνεῦματι,
732 1967 858 2042 δόξα
907 1971 999 2024 καὶ
1044 1970 1077 2040 ἠ
1128 1969 1519 2044 προσκύνησις,
1552 1965 1642 2022 νῦν
1693 1966 1782 2022 καὶ
1815 1965 1920 2034 ἀεὶ,
1953 1963 2042 2020 καὶ

381 2057 458 2122 εἷς
486 2057 613 2121 τοὺς
641 2060 840 2121 αἰῶνας
868 2063 975 2114 τῶν
1011 2059 1245 2116 αἰώνων.
1281 2060 1482 2131 Ἀμήν.

2221 904 2275 957 8.
2311 901 2440 959 Haec
2470 910 2678 961 vestras
2709 906 2981 979 religioni
3030 908 3421 980 signiﬁcanda
3467 911 3626 981 duxi,
3661 911 3806 967 dile-

2151 992 2400 1048 ctissimi
2434 994 2889 1068 charissimique
2930 999 3159 1065 fratres,
3194 999 3264 1054 ad
3299 999 3613 1054 utilitatem
3647 1002 3806 1055 etin-

2152 1083 2520 1138 stitutionem
2554 1085 2856 1152 lectorum,
2911 1093 2973 1141 ut
3016 1086 3225 1143 mima)
3257 1093 3460 1144 vestrae
3495 1089 3807 1144 firmentur

2151 1173 2432 1228 adversus
2477 1175 2804 1247 malignum
2858 1175 3050 1246 illum,
3093 1178 3196 1249 qui
3227 1179 3297 1232 de
3348 1185 3547 1233 nostra
3593 1181 3809 1251 gaudet

2152 1261 2341 1332 ruina,
2378 1273 2430 1319 et
2460 1265 2778 1320 fulciamur
2810 1265 2998 1321 solida
3029 1271 3194 1338 petra
3225 1267 3620 1323 confessionis
3642 1267 3806 1322 Chri-

2151 1353 2246 1409 sti.
2281 1354 2498 1410 Demus
2525 1370 2663 1428 ergo
2694 1354 2941 1427 gloriam
2976 1372 3106 1410 cum
3159 1355 3382 1424 laetitia,
3430 1357 3488 1412 in
3523 1373 3804 1427 compun-

2151 1443 2336 1498 ctione
2363 1444 2577 1512 cordis,
2607 1460 2740 1500 cum
2772 1445 3096 1516 gratiarum
3131 1446 3357 1500 actione
3388 1462 3456 1500 ex
3484 1462 3634 1517 pura
3666 1447 3801 1502 fide!

2152 1550 2266 1604 quo
2300 1535 2579 1589 mandata
2608 1534 3135 1604 etjustificationes
3167 1535 3295 1605 ejus
3327 1535 3805 1599 observemus,ac

2149 1622 2208 1676 in
2240 1624 2364 1693 ejus
2397 1623 2726 1694 cognitione
2745 1639 3222 1695 perseveremus:
3259 1624 3394 1696 quia
3418 1624 3614 1696 ipsum
3639 1625 3804 1681 decet

2078 1761 2126 1824 Β
2155 1713 2340 1784 gloria
2370 1718 2424 1767 et
2456 1713 2769 1783 imperium
2794 1713 2851 1768 in
2884 1712 3264 1768 ChristoJesu
3303 1715 3544 1769 Domino
3577 1719 3799 1782 nostro,

2162 1803 2246 1824 ---ζ
2285 1817 2412 1824 μη...
2450 1801 2612 1824 nua..-
2669 1818 2777 1824 η..-
2831 1817 2956 1824 Au..-
2996 1808 3192 1824 -__-1_
3247 1803 3463 1824 D-:_2L__
3539 1803 3709 1824 .J-..2-
3755 1810 3799 1824 ,Α

2156 1803 2248 1857 cui
2282 1817 2416 1856 cum
2449 1801 2636 1871 Patre,
2669 1818 2787 1856 una
2827 1817 2961 1856 cum
2995 1808 3198 1857 sancto
3247 1803 3490 1873 Spiritu,
3536 1803 3720 1874 gloria
3748 1810 3807 1859 et.

2153 1889 2434 1957 adoratio,
2467 1906 2622 1945 nunc
2653 1896 2710 1945 et
2740 1907 2972 1962 semper
3002 1896 3059 1946 et
3086 1891 3143 1945 in
3177 1892 3390 1946 saecula
3428 1893 3802 1951 saeculorum.

2150 1984 2356 2036 Amen.

1569 2321 1693 2370 ΤΟΥ
1730 2319 1818 2368 ΕΝ
1857 2316 2088 2369 ΑΓΙΟΙΣ
2128 2311 2392 2365 ΠΑΤΡΟΣ
2433 2308 2628 2359 ΗΜΩΝ

1733 2438 2468 2542 ΑΘΑΝΑΣΙΟΥ

616 2611 747 2685 Περὶ
776 2614 879 2676 τῆς
911 2609 1118 2673 εἷ’κόνος
1148 2615 1245 2665 τοῦ
1276 2609 1480 2687 Κυρίου
1508 2613 1669 2684 ἡμῶν
1704 2610 1886 2680 Ἰησοῦ
1918 2609 2174 2685 Χριστοῦ,
2202 2607 2299 2659 τοῦ
2331 2600 2625 2677 γενομένου
2655 2597 2927 2670 θαύματος
2957 2596 3007 2654 ἐν
3043 2603 3257 2675 Βερυτῷ
3286 2604 3354 2674 τῇ
3386 2594 3568 2658 πόλει.

1509 2857 1600 2950 S.
1657 2857 1759 2949 P.
1812 2856 1922 2950 N.
1997 2846 2674 2946 ATHANASII

915 3023 992 3074 De
1019 3019 1264 3090 imagine
1291 3018 1515 3074 Domini
1543 3018 1724 3073 nostri
1750 3018 1879 3074 Jesu
1909 3015 2137 3072 Christi.
2164 3021 2214 3069 et
2243 3011 2308 3067 de
2329 3007 2606 3067 miraculo
2625 3005 2768 3062 edito
2801 3007 2862 3061 in
2891 3006 3023 3062 urbe
3053 3012 3272 3079 Beryto.

451 3271 501 3323 1.
560 3269 675 3341 (12)
746 3267 947 3339 Ἀρατε
1018 3265 1145 3326 τοὺς
1221 3264 1543 3344 ὀφθαλμοὺς
1619 3273 1720 3336 τῆς
1796 3263 2111 3337 διανοίαςρ

379 3357 553 3429 ὑμῶν,
585 3355 674 3410 καὶ
707 3352 847 3409 ἴδετε
875 3355 937 3409 τὸ
967 3357 1152 3410 καινὸν
1208 3355 1382 3428 θέαμα
1426 3360 1610 3423 τοῦτο,
1664 3355 1796 3432 ὅπερ
1847 3357 2036 3432 γέγονε

378 3449 491 3502 νῦν.
527 3439 871 3518 Ἐμϐλέψατε
921 3444 996 3506 είς
1043 3445 1106 3498 τὸ
1153 3441 1371 3520 ἄπειρον
1426 3449 1608 3517 θαῦμα
1635 3449 1731 3500 τοῦ
1757 3449 1912 3516 Θεοῦ,
1944 3444 2033 3498 καὶ

379 3532 499 3590 δότε
530 3533 674 3606 αὐτῷ
725 3531 879 3604 δόξαν
933 3538 1014 3605 τῷ
1063 3538 1200 3606 Θεῷ,
1235 3535 1604 3604 κατανοήσατε
1653 3533 1729 3597 είς
1759 3535 1858 3603 τὴν
1894 3534 2032 3612 ἄφα-

376 3645 466 3680 τον
496 3623 660 3678 αὐτοῦ
692 3621 1128 3701 φιλανθρωπίαν,
1171 3624 1234 3678 τὸ
1289 3623 1517 3698 μέγεθος
1556 3631 1658 3693 τῆς
1688 3622 1852 3678 αὐτοῦ
1884 3623 2032 3678 οἷ’κο-

377 3712 595 3785 νομίας,
627 3711 716 3766 καὶ
767 3719 962 3787 θρῆνον
1016 3713 1130 3785 μετ’
1183 3710 1516 3790 εὐφροσύνης
1558 3708 1870 3769 ἀναλάϐετε.
1909 3711 2030 3767 Ἐπῖ

382 3803 475 3875 μὲν
527 3805 660 3856 Θεοῦ
709 3798 860 3855 οὐδὲν
922 3801 1085 3873 ξένον.
1121 3802 1181 3857 Ὁ
1212 3802 1316 3876 γὰρ
1374 3803 1501 3863 Θεὸς
1556 3803 1741 3874 ἡμῶν,
1802 3802 1891 3856 καὶ
1951 3801 2030 3879 ἐφ’

370 3893 532 3964 ἡμῶν
571 3936 586 3956 ,
644 3889 959 3959 ἐκστήσεται
1019 3896 1164 3944 πᾶσα
1220 3888 1419 3966 καρδία
1495 3896 1602 3944 τῶν
1673 3888 1978 3946 ἀκουόντων
2017 3936 2028 3949 ,

371 3979 582 4038 Ὄντως
615 3976 796 4047 ἐξέστη
831 3978 860 4031 ὁ
891 3977 1117 4052 οὐρανὸς
1168 3975 1254 4030 ἐπί
1305 3983 1385 4049 τῷ
1413 3977 1814 4051 τετολμημένῳ
1855 3979 2032 4052 τούτῳ

366 4071 446 4137 τῷ
505 4063 751 4136 θεάματι·
816 4063 1091 4139 ἐταράχθη
1156 4063 1320 4119 πάλιν
1383 4061 1616 4126 ἄϐυσσος
1653 4107 1666 4132 ,
1724 4066 1814 4120 καὶ
1870 4065 2032 4136 ἥλιος

368 4152 685 4222 ἐσκοτίσθη,
717 4153 806 4207 καὶ
855 4153 908 4206 οἱ
959 4152 1199 4228 ἀστέρες,
1230 4153 1319 4206 καὶ
1363 4153 1397 4222 ἠ
1431 4151 1637 4222 σελήνη
1690 4153 1898 4227 ὁμοίως
1945 4154 2032 4210 ἐπὶ

372 4247 451 4313 τῷ
498 4241 770 4316 γεγονότι.
828 4240 1002 4298 Ἀλλὰ
1052 4239 1216 4295 πάλιν
1265 4240 1648 4319 ηὐφράνθησαν
1703 4241 1789 4297 ἐπὶ
1837 4248 1905 4318 τῇ
1953 4243 2030 4298 οῗ-

376 4331 609 4404 κονομίᾳ
664 4334 732 4405 τῇ
786 4329 1050 4406 γενομένῃ
1111 4332 1212 4386 ὑπὸ
1271 4331 1472 4408 Κυρίου
1547 4337 1710 4386 πᾶσαι
1770 4337 1876 4388 τῶν
1933 4333 2032 4388 οὐ·

375 4424 546 4496 ρᾳνῶν
599 4416 883 4492 δυνάμεις.
942 4420 1234 4477 Ἀκούσατε
1293 4421 1424 4489 οὗν,
1485 4417 1735 4499 ἀδελφοὶ,
1792 4422 1881 4476 καὶ
1945 4420 2028 4478 ἔκ-

373 4529 581 4579 στητε,
644 4510 690 4582 ᾧ
755 4510 940 4586 γέγονε
1012 4515 1133 4572 ταῖς
1207 4509 1442 4587 ἡμέραις
1522 4512 1680 4583 ἡμῶν
1761 4513 2030 4575 συνιέντες

371 4598 596 4665 συνίετε,
624 4597 713 4652 καὶ
763 4599 825 4653 τὸ
874 4596 973 4661 οῦς
1031 4597 1183 4673 ὑμῶν
1235 4597 1457 4655 κλίνατε
1503 4607 1604 4670 τῆς
1653 4598 1900 4676 καρδίας,
1938 4601 2027 4656 καὶ
2060 4639 2108 4704 D

386 4685 398 4702 .
489 4686 502 4704 ι

375 4685 655 4742 ἀκούσατε.

445 4778 497 4829 2.
550 4769 719 4836 Πόλις
778 4773 888 4828 ἐστὶ
943 4776 1182 4851 Βηρυτὸς
1249 4775 1564 4848 καλουμένη
1637 4775 1688 4832 ἐν
1754 4779 2028 4854 μεθορίοις

375 4860 557 4938 Τύρου
610 4863 698 4918 καὶ
759 4859 1022 4932 Σιδῶνος,
1081 4864 1312 4918 τελοῦσα
1370 4862 1427 4919 δὲ
1493 4866 1829 4940 Ἀντιοχείας
1865 4912 1876 4924 .
1937 4869 2023 4923 Ἐν

373 4949 542 5025 ταύτῃ
596 4948 686 5005 οὖν
742 4954 809 5024 τῇ
859 4951 1019 5006 πόΛει
1057 4956 1125 5026 τῇ
1177 4956 1404 5029 Βηρυτῷ
1451 4952 1638 5024 πλήθη
1688 4953 1875 5010 πολλά
1923 4957 2024 5010 εἰσι

373 5044 481 5094 τῶν
537 5037 834 5096 Ἰουδαίων.
896 5038 1140 5110 Πλησίον
1197 5038 1254 5095 δὲ
1302 5048 1400 5112 τῆς
1451 5050 1773 5120 συναγωγῆς
1823 5043 2020 5116 αὐτῶν,

374 5129 620 5207 μεγάλης
653 5129 819 5202 οῦσης
851 5129 1079 5209 σφόδρα,
1130 5134 1443 5206 Χριστιανὸς
1494 5129 1657 5190 ἔλαϐε
1706 5134 1926 5190 κελλίον
1969 5136 2020 5191 ἐν

371 5221 529 5294 οίκίῳ
587 5223 734 5298 παρὰ
790 5241 938 5282 τινος
973 5239 985 5252 ·
1042 5221 1095 5276 ἐν
1151 5223 1197 5294 ᾧ
1255 5227 1526 5278 κατοικῶν
1599 5222 1852 5299 ἄντικρυς
1929 5230 2026 5280 τοῦ

371 5305 667 5365 ἀκουϐίτου
715 5312 830 5384 (13)
881 5309 1098 5382 αὐτῶν,
1154 5309 1403 5382 ἐποίησεν
1454 5312 1628 5368 εἶκόνα
1676 5313 1772 5368 τοῦ
1827 5314 2026 5390 Κυρίου

374 5398 536 5471 ήμῶν
584 5399 764 5470 Ἰησοῦ
806 5399 1064 5475 Χριστοῦ,
1112 5404 1322 5472 σεμνῶς
1373 5400 1841 5479 ἐζωγραφημένην
1888 5407 2022 5477 (14).

373 5487 664 5544 ὁλόστατον
743 5485 974 5564 ἔχουσαν
1044 5489 1145 5558 τήν
1197 5485 1376 5544 εἰκόνα
1452 5491 1546 5545 τοῦ
1603 5491 1802 5565 Κυρίου
1860 5493 2021 5565 ἡμῶν

439 5615 554 5685 (12)
584 5615 664 5670 Ex
696 5631 806 5685 ms.
839 5613 1102 5670 Palatino
1132 5614 1556 5671 vetustissimo.

584 5679 1042 5770 Ἀκοῦϐιτων..1ά
1079 5691 1202 5770 est,
1249 5684 1528 5770 στρωμναὶ
1581 5684 1836 5770 μεγάλαι.
1893 5689 2026 5770 Ἰξί-

367 5757 612 5815 clinium
630 5759 732 5816 ubi
753 5758 1170 5817 sternebantur
1188 5757 1323 5816 lecti
1345 5757 1448 5834 pro
1471 5757 1638 5818 caena
1663 5757 1722 5817 et
1751 5760 2020 5836 prandio.

2053 3161 2124 3173 α·-

2224 3265 2272 3318 1.
2305 3261 2523 3335 Erigite
2555 3261 2753 3318 oculos
2787 3261 3003 3317 mentis
3035 3265 3330 3328 vestrae,ac
3362 3259 3551 3316 videte
3583 3279 3798 3320 novum

2145 3355 2254 3410 hoc
2291 3351 2716 3421 spectaculum,
2773 3351 2926 3423 quod
2974 3350 3190 3406 factum
3236 3355 3344 3406 est.
3379 3351 3794 3422 Respiciteim-

2146 3459 2416 3497 mensum
2451 3441 2552 3496 Dei
2580 3439 2961 3505 miraculum,
2996 3447 3050 3494 et
3077 3440 3212 3494 date
3241 3437 3486 3510 gloriam
3521 3441 3794 3509 Deo,ejus

2143 3530 2500 3587 ineffabilem
2537 3534 2876 3602 spectantes
2913 3527 3285 3583 clementiam
3335 3543 3472 3600 erga
3501 3527 3794 3599 homines,

2143 3626 2205 3678 et
2234 3635 2518 3693 magnam
2549 3619 2678 3690 ejus
2707 3617 3166 3691 providentiam:
3204 3618 3522 3673 Iamentum
3551 3636 3684 3675 cum
3709 3621 3803 3676 lae-

2141 3711 2272 3767 titia
2303 3709 2609 3766 assumite.
2643 3707 2803 3763 Nihil
2834 3707 2893 3762 in
2945 3709 3054 3761 Ι)εο
3107 3705 3370 3762 mirabile
3405 3723 3416 3760 :
3453 3707 3606 3762 Deus
3637 3709 3796 3765 enim

2141 3805 2341 3857 noster
2370 3804 2478 3855 est.
2533 3803 2612 3854 Ac
2660 3801 2950 3868 quotquot
3003 3812 3120 3850 rem
3169 3795 3339 3850 istam
3372 3799 3528 3867 apud
3561 3814 3665 3853 nos
3696 3814 3796 3871 ge-

2142 3895 2292 3946 stam
2327 3888 2584 3945 audituri
2617 3891 2756 3943 suut
2786 3886 2958 3942 corde
2979 3885 3211 3940 attoniti
3233 3890 3419 3940 erunt.
3450 3886 3664 3942 Revera
3697 3887 3796 3943 ob-

2145 3979 2374 4050 stupuit
2404 3977 2615 4032 coelum
2645 3976 2719 4032 ad
2751 3975 2862 4030 hoc
2891 3974 3035 4029 tanti
3093 3973 3367 4030 facinoris
3393 3976 3793 4046 spectaculum

2143 4069 2377 4124 turbata
2419 4083 2655 4122 rursum
2709 4069 2799 4120 est
2847 4065 3118 4136 abyssus,
3171 4063 3257 4118 sol
3321 4063 3636 4120 obcuratus
3683 4070 3794 4135 est,

2142 4173 2370 4213 necnon
2401 4160 2563 4212 astra
2582 4160 2639 4210 et
2669 4155 2810 4210 luna
2835 4152 3110 4208 similiter
3134 4153 3205 4207 ob
3229 4153 3519 4222 eiusmodi
3546 4156 3794 4213 facinus.

2140 4247 2215 4301 At
2244 4261 2483 4301 rursum
2514 4244 2723 4301 latatae
2754 4247 2896 4298 sunt
2925 4244 2996 4297 ob
3026 4241 3182 4296 illam
3218 4242 3447 4296 Domini
3482 4245 3794 4313 providen-

2139 4337 2282 4391 tiam
2315 4335 2561 4390 virtutes
2592 4333 2890 4388 coalorum.
2926 4332 3134 4386 Audite
3166 4347 3324 4402 ergo,
3351 4331 3580 4402 fratres,
3603 4339 3661 4389 et
3691 4336 3794 4391 ob-

2141 4421 2872 4495 stupescite,intelligenlia
2894 4419 3370 4491 comprehendite
3383 4422 3536 4492 quod
3559 4427 3794 4492 gestum

2139 4519 2229 4569 est
2259 4514 2317 4568 in
2351 4513 2561 4568 diebus
2594 4513 3041 4581 nostris,aurem
3076 4509 3269 4565 cordis
3287 4511 3458 4565 vestri
3490 4511 3792 4584 inclinate,

2137 4606 2196 4659 et
2224 4602 2443 4658 audite.

2205 4787 2260 4837 2.
2295 4781 2445 4837 Urbs
2475 4785 2566 4835 est
2610 4780 2854 4852 Berytus
2902 4779 3140 4834 nomine
3181 4782 3235 4835 in
3269 4779 3522 4836 confinio
3569 4780 3702 4853 Tyri
3735 4785 3795 4838 et

2137 4871 2396 4936 Sidonis,
2429 4869 2745 4924 Antiochia:
2777 4867 3120 4939 vectigalis;
3155 4869 3208 4922 in
3236 4887 3351 4940 qua
3403 4870 3546 4924 urbe
3577 4869 3791 4942 Beryto

2138 4977 2353 5031 magna
2405 4959 2714 5014 multitudo
2760 4962 2950 5013 exstat
2978 4959 3341 5013 Judaeorum.
3385 4959 3568 5030 Prope
3593 4967 3790 5016 autem

2137 5065 2493 5120 synagogam
2527 5065 2752 5111 eorum,
2787 5064 2912 5118 quae
2945 5048 3262 5102 admodum
3300 5048 3495 5118 ampla
3515 5048 3792 5113 est,Chri-

2138 5137 2366 5192 stianus
2398 5155 2430 5192 a
2461 5137 2716 5208 quodam
2751 5137 3024 5190 cellulam
3057 5136 3281 5207 accepit
3312 5139 3370 5192 in
3405 5138 3578 5192 domo
3611 5139 3740 5208 ejus
3772 5155 3787 5194 :

2136 5243 2270 5281 cum
2299 5230 2492 5280 autem
2529 5225 2605 5279 ibi
2643 5230 2969 5279 moraretur
2998 5241 3028 5278 e
3081 5224 3316 5294 regione
3355 5226 3663 5281 accubitus
3693 5243 3787 5299 eo-

2138 5332 2291 5383 rum,
2334 5315 2650 5385 imaginem
2705 5314 2840 5367 fecit
2888 5312 3116 5368 Domini
3170 5316 3351 5368 nostri
3400 5315 3538 5370 Jesu
3573 5315 3790 5372 Christi

2135 5404 2378 5475 pulchre
2408 5403 2790 5468 elaboratam,
2845 5420 2969 5472 quae
3001 5407 3287 5456 staturam
3321 5403 3555 5459 Domini
3604 5407 3790 5461 nostri

2134 5493 2270 5550 Jesu
2305 5493 2520 5548 Christi
2568 5496 2751 5546 totam
2787 5490 3262 5562 repraesentabat.
3321 5491 3546 5548 Modico
3589 5493 3788 5566 elapso

2205 5619 2318 5690 (14)
2353 5620 2411 5690 In
2443 5615 2661 5671 Concil.
2697 5615 2818 5690 Nic.
2873 5631 2938 5684 ιι,
2987 5633 3046 5687 p.
3094 5615 3219 5688 218,
3253 5616 3485 5690 legitur.
3520 5615 3572 5672 ἐν
3610 5617 3786 5679 σανίσι

2137 5686 2231 5762 μὲν
2271 5686 2336 5757 ἦν
2376 5687 2660 5764 ἐζωγραφη
2675 5686 2828 5758 μένη.
