  <div class='ocr_page' id='page_1' title='image "/cluster/home/n/w/nwhite01/storage/ocr_20150623/28:no.4/coo.31924054873090/417.png"; bbox 0 0 4148 6358; ppageno 0'>
   <div class='ocr_carea' id='block_1_1' title="bbox 325 384 439 451">
    <p class='ocr_par' dir='ltr' id='par_1_1' title="bbox 325 384 439 451">
     <span class='ocr_line' id='line_1_1' title="bbox 325 384 439 451; baseline -0.07 1"><span class='ocrx_word' id='word_1_1' title='bbox 325 384 439 451; x_wconf 83' lang='grc' dir='ltr'>8οἹ</span> 
     </span>
    </p>
   </div>
   <div class='ocr_carea' id='block_1_2' title="bbox 1524 366 2562 442">
    <p class='ocr_par' dir='ltr' id='par_1_2' title="bbox 1524 366 2562 442">
     <span class='ocr_line' id='line_1_2' title="bbox 1524 366 2562 442; baseline -0.007 -1"><span class='ocrx_word' id='word_1_2' title='bbox 1524 382 1589 442; x_wconf 83' lang='grc'>8.</span> <span class='ocrx_word' id='word_1_3' title='bbox 1637 372 2159 441; x_wconf 79' lang='lat' dir='ltr'>ATHANASIUS.</span> <span class='ocrx_word' id='word_1_4' title='bbox 2187 404 2261 416; x_wconf 91' lang='lat'>--</span> <span class='ocrx_word' id='word_1_5' title='bbox 2299 366 2562 436; x_wconf 86' lang='lat' dir='ltr'>DUBIA.</span> 
     </span>
    </p>
   </div>
   <div class='ocr_carea' id='block_1_3' title="bbox 3633 373 3754 437">
    <p class='ocr_par' dir='ltr' id='par_1_3' title="bbox 3633 373 3754 437">
     <span class='ocr_line' id='line_1_3' title="bbox 3633 373 3754 437; baseline 0.033 -4"><span class='ocrx_word' id='word_1_6' title='bbox 3633 373 3754 437; x_wconf 88' lang='lat'>808</span> 
     </span>
    </p>
   </div>
   <div class='ocr_carea' id='block_1_4' title="bbox 325 503 1977 594">
    <p class='ocr_par' dir='ltr' id='par_1_4' title="bbox 325 511 1974 594">
     <span class='ocr_line' id='line_1_4' title="bbox 325 511 1974 594; baseline -0.008 -16"><span class='ocrx_word' id='word_1_7' title='bbox 325 525 609 594; x_wconf 89' lang='lat' dir='ltr'>tempore,</span> <span class='ocrx_word' id='word_1_8' title='bbox 640 520 1007 577; x_wconf 86' lang='lat' dir='ltr'>Christianus</span> <span class='ocrx_word' id='word_1_9' title='bbox 1056 517 1153 575; x_wconf 90' lang='lat' dir='ltr'>ille</span> <span class='ocrx_word' id='word_1_10' title='bbox 1198 520 1393 591; x_wconf 83' lang='lat' dir='ltr'>majus</span> <span class='ocrx_word' id='word_1_11' title='bbox 1442 516 1551 572; x_wconf 91' lang='lat' dir='ltr'>sibi</span> <span class='ocrx_word' id='word_1_12' title='bbox 1607 511 1974 569; x_wconf 84' lang='lat' dir='ltr'>domicilium</span> 
     </span>
    </p>
   </div>
   <div class='ocr_carea' id='block_1_5' title="bbox 2092 503 3749 594">
    <p class='ocr_par' dir='ltr' id='par_1_5' title="bbox 2093 503 3749 583">
     <span class='ocr_line' id='line_1_5' title="bbox 2093 503 3749 583; baseline -0.001 -20"><span class='ocrx_word' id='word_1_13' title='bbox 2093 507 2272 575; x_wconf 80' lang='grc' dir='ltr'>Ἰησοῦ</span> <span class='ocrx_word' id='word_1_14' title='bbox 2324 506 2578 581; x_wconf 89' lang='grc' dir='ltr'>Χριστοῦ.</span> <span class='ocrx_word' id='word_1_15' title='bbox 2631 503 2846 583; x_wconf 85' lang='grc' dir='ltr'>Χρόνου</span> <span class='ocrx_word' id='word_1_16' title='bbox 2896 503 2954 562; x_wconf 68' lang='grc' dir='ltr'>δὲ</span> <span class='ocrx_word' id='word_1_17' title='bbox 3013 503 3206 582; x_wconf 79' lang='grc' dir='ltr'>ὀλίγου</span> <span class='ocrx_word' id='word_1_18' title='bbox 3261 503 3593 576; x_wconf 79' lang='grc' dir='ltr'>διελθόντος,</span> <span class='ocrx_word' id='word_1_19' title='bbox 3655 506 3749 562; x_wconf 87' lang='grc' dir='ltr'>ἐπ-</span> 
     </span>
    </p>
   </div>
   <div class='ocr_carea' id='block_1_6' title="bbox 329 600 1982 684">
    <p class='ocr_par' dir='ltr' id='par_1_6' title="bbox 329 600 1982 684">
     <span class='ocr_line' id='line_1_6' title="bbox 329 600 1982 684; baseline -0.007 -17"><span class='ocrx_word' id='word_1_20' title='bbox 329 609 696 684; x_wconf 87' lang='lat' dir='ltr'>perquisivit,</span> <span class='ocrx_word' id='word_1_21' title='bbox 729 627 842 683; x_wconf 91' lang='lat' dir='ltr'>quo</span> <span class='ocrx_word' id='word_1_22' title='bbox 882 626 1031 682; x_wconf 86' lang='lat' dir='ltr'>cpus</span> <span class='ocrx_word' id='word_1_23' title='bbox 1080 609 1332 665; x_wconf 83' lang='lat' dir='ltr'>habebat</span> <span class='ocrx_word' id='word_1_24' title='bbox 1363 626 1375 664; x_wconf 89' lang='lat'>:</span> <span class='ocrx_word' id='word_1_25' title='bbox 1411 606 1567 679; x_wconf 89' lang='lat' dir='ltr'>quod</span> <span class='ocrx_word' id='word_1_26' title='bbox 1617 600 1847 659; x_wconf 84' lang='lat' dir='ltr'>Domini</span> <span class='ocrx_word' id='word_1_27' title='bbox 1880 617 1982 656; x_wconf 92' lang='lat' dir='ltr'>no-</span> 
     </span>
    </p>
   </div>
   <div class='ocr_carea' id='block_1_7' title="bbox 333 688 1988 773">
    <p class='ocr_par' dir='ltr' id='par_1_7' title="bbox 333 688 1988 773">
     <span class='ocr_line' id='line_1_7' title="bbox 333 688 1988 773; baseline -0.008 -16"><span class='ocrx_word' id='word_1_28' title='bbox 333 700 442 757; x_wconf 87' lang='lat' dir='ltr'>stri</span> <span class='ocrx_word' id='word_1_29' title='bbox 472 699 662 773; x_wconf 90' lang='lat' dir='ltr'>gratia</span> <span class='ocrx_word' id='word_1_30' title='bbox 692 699 1098 771; x_wconf 87' lang='lat' dir='ltr'>dispensatum</span> <span class='ocrx_word' id='word_1_31' title='bbox 1133 715 1241 763; x_wconf 72' lang='grc' dir='ltr'>σεε,</span> <span class='ocrx_word' id='word_1_32' title='bbox 1273 702 1338 751; x_wconf 90' lang='lat' dir='ltr'>ut</span> <span class='ocrx_word' id='word_1_33' title='bbox 1369 695 1597 768; x_wconf 81' lang='lat' dir='ltr'>opinor,</span> <span class='ocrx_word' id='word_1_34' title='bbox 1631 691 1730 765; x_wconf 89' lang='lat' dir='ltr'>qui</span> <span class='ocrx_word' id='word_1_35' title='bbox 1764 688 1988 747; x_wconf 84' lang='lat' dir='ltr'>scilicet</span> 
     </span>
    </p>
   </div>
   <div class='ocr_carea' id='block_1_8' title="bbox 331 779 1984 856">
    <p class='ocr_par' dir='ltr' id='par_1_8' title="bbox 331 779 1984 856">
     <span class='ocr_line' id='line_1_8' title="bbox 331 779 1984 856; baseline -0.008 -11"><span class='ocrx_word' id='word_1_36' title='bbox 331 790 456 846; x_wconf 89' lang='lat' dir='ltr'>vult</span> <span class='ocrx_word' id='word_1_37' title='bbox 477 806 682 847; x_wconf 89' lang='lat' dir='ltr'>omnes</span> <span class='ocrx_word' id='word_1_38' title='bbox 712 788 985 845; x_wconf 82' lang='lat' dir='ltr'>homines</span> <span class='ocrx_word' id='word_1_39' title='bbox 1017 788 1209 843; x_wconf 85' lang='lat' dir='ltr'>salvos</span> <span class='ocrx_word' id='word_1_40' title='bbox 1237 788 1381 856; x_wconf 75' lang='lat' dir='ltr'>fieri,</span> <span class='ocrx_word' id='word_1_41' title='bbox 1414 789 1473 841; x_wconf 88' lang='lat' dir='ltr'>et</span> <span class='ocrx_word' id='word_1_42' title='bbox 1522 783 1591 838; x_wconf 85' lang='lat' dir='ltr'>ad</span> <span class='ocrx_word' id='word_1_43' title='bbox 1626 779 1984 854; x_wconf 79' lang='lat' dir='ltr'>agnitionem</span> 
     </span>
    </p>
   </div>
   <div class='ocr_carea' id='block_1_9' title="bbox 333 866 1986 948">
    <p class='ocr_par' dir='ltr' id='par_1_9' title="bbox 333 866 1986 948">
     <span class='ocr_line' id='line_1_9' title="bbox 333 866 1986 948; baseline -0.009 -13"><span class='ocrx_word' id='word_1_44' title='bbox 333 879 597 935; x_wconf 80' lang='lat' dir='ltr'>veritatis</span> <span class='ocrx_word' id='word_1_45' title='bbox 624 878 843 948; x_wconf 85' lang='lat' dir='ltr'>venire,</span> <span class='ocrx_word' id='word_1_46' title='bbox 875 877 1226 948; x_wconf 81' lang='lat' dir='ltr'>ostendique</span> <span class='ocrx_word' id='word_1_47' title='bbox 1267 872 1563 930; x_wconf 80' lang='lat' dir='ltr'>mirabilia</span> <span class='ocrx_word' id='word_1_48' title='bbox 1609 887 1719 927; x_wconf 88' lang='lat' dir='ltr'>sua</span> <span class='ocrx_word' id='word_1_49' title='bbox 1766 868 1839 924; x_wconf 91' lang='lat' dir='ltr'>iis</span> <span class='ocrx_word' id='word_1_50' title='bbox 1884 866 1986 938; x_wconf 87' lang='lat' dir='ltr'>qui</span> 
     </span>
    </p>
   </div>
   <div class='ocr_carea' id='block_1_10' title="bbox 333 956 1986 1037">
    <p class='ocr_par' dir='ltr' id='par_1_10' title="bbox 333 956 1986 1037">
     <span class='ocr_line' id='line_1_10' title="bbox 333 956 1986 1037; baseline -0.01 -12"><span class='ocrx_word' id='word_1_51' title='bbox 333 969 582 1025; x_wconf 89' lang='lat' dir='ltr'>credunt</span> <span class='ocrx_word' id='word_1_52' title='bbox 599 969 657 1023; x_wconf 91' lang='lat' dir='ltr'>in</span> <span class='ocrx_word' id='word_1_53' title='bbox 688 967 926 1037; x_wconf 88' lang='lat' dir='ltr'>eum,ad</span> <span class='ocrx_word' id='word_1_54' title='bbox 944 966 1401 1021; x_wconf 85' lang='lat' dir='ltr'>confutationem</span> <span class='ocrx_word' id='word_1_55' title='bbox 1433 961 1750 1034; x_wconf 90' lang='lat' dir='ltr'>impiorum</span> <span class='ocrx_word' id='word_1_56' title='bbox 1774 961 1832 1013; x_wconf 89' lang='lat' dir='ltr'>et</span> <span class='ocrx_word' id='word_1_57' title='bbox 1853 956 1986 1010; x_wconf 82' lang='lat' dir='ltr'>fide-</span> 
     </span>
    </p>
   </div>
   <div class='ocr_carea' id='block_1_11' title="bbox 331 1046 1986 1127">
    <p class='ocr_par' dir='ltr' id='par_1_11' title="bbox 331 1046 1986 1127">
     <span class='ocr_line' id='line_1_11' title="bbox 331 1046 1986 1127; baseline -0.008 -14"><span class='ocrx_word' id='word_1_58' title='bbox 331 1057 478 1113; x_wconf 89' lang='lat' dir='ltr'>lium</span> <span class='ocrx_word' id='word_1_59' title='bbox 513 1054 1391 1127; x_wconf 86' lang='lat' dir='ltr'>conﬁrmationem.lnquirebat</span> <span class='ocrx_word' id='word_1_60' title='bbox 1406 1051 1587 1124; x_wconf 88' lang='lat' dir='ltr'>igitur</span> <span class='ocrx_word' id='word_1_61' title='bbox 1615 1046 1986 1105; x_wconf 85' lang='lat' dir='ltr'>Christianus</span> 
     </span>
    </p>
   </div>
   <div class='ocr_carea' id='block_1_12' title="bbox 327 1133 1987 1219">
    <p class='ocr_par' dir='ltr' id='par_1_12' title="bbox 327 1133 1987 1219">
     <span class='ocr_line' id='line_1_12' title="bbox 327 1133 1987 1219; baseline -0.008 -18"><span class='ocrx_word' id='word_1_62' title='bbox 327 1146 451 1216; x_wconf 89' lang='lat' dir='ltr'>ille,</span> <span class='ocrx_word' id='word_1_63' title='bbox 485 1146 569 1202; x_wconf 91' lang='lat' dir='ltr'>uti</span> <span class='ocrx_word' id='word_1_64' title='bbox 603 1163 785 1219; x_wconf 80' lang='lat' dir='ltr'>supra</span> <span class='ocrx_word' id='word_1_65' title='bbox 815 1143 1310 1217; x_wconf 84' lang='lat' dir='ltr'>dixi,ampliorem</span> <span class='ocrx_word' id='word_1_66' title='bbox 1343 1143 1581 1197; x_wconf 89' lang='lat' dir='ltr'>domum</span> <span class='ocrx_word' id='word_1_67' title='bbox 1605 1157 1625 1202; x_wconf 89' lang='grc'><strong><em>;</em></strong></span> <span class='ocrx_word' id='word_1_68' title='bbox 1658 1143 1714 1193; x_wconf 90' lang='lat' dir='ltr'>et</span> <span class='ocrx_word' id='word_1_69' title='bbox 1744 1151 1879 1192; x_wconf 91' lang='lat' dir='ltr'>cum</span> <span class='ocrx_word' id='word_1_70' title='bbox 1900 1133 1987 1188; x_wconf 84' lang='lat' dir='ltr'>in-</span> 
     </span>
    </p>
   </div>
   <div class='ocr_carea' id='block_1_13' title="bbox 324 1222 1984 1306">
    <p class='ocr_par' dir='ltr' id='par_1_13' title="bbox 324 1222 1984 1306">
     <span class='ocr_line' id='line_1_13' title="bbox 324 1222 1984 1306; baseline -0.007 -17"><span class='ocrx_word' id='word_1_71' title='bbox 324 1235 586 1292; x_wconf 84' lang='lat' dir='ltr'>venisset</span> <span class='ocrx_word' id='word_1_72' title='bbox 627 1235 686 1290; x_wconf 89' lang='lat' dir='ltr'>in</span> <span class='ocrx_word' id='word_1_73' title='bbox 736 1234 900 1306; x_wconf 87' lang='lat' dir='ltr'>urbe,</span> <span class='ocrx_word' id='word_1_74' title='bbox 952 1233 1127 1290; x_wconf 87' lang='lat' dir='ltr'>istinc</span> <span class='ocrx_word' id='word_1_75' title='bbox 1179 1231 1379 1288; x_wconf 89' lang='lat' dir='ltr'>omnia</span> <span class='ocrx_word' id='word_1_76' title='bbox 1426 1247 1534 1287; x_wconf 89' lang='lat' dir='ltr'>sua</span> <span class='ocrx_word' id='word_1_77' title='bbox 1584 1244 1720 1283; x_wconf 89' lang='lat' dir='ltr'>cum</span> <span class='ocrx_word' id='word_1_78' title='bbox 1767 1222 1984 1298; x_wconf 90' lang='lat' dir='ltr'>gaudio</span> 
     </span>
    </p>
   </div>
   <div class='ocr_carea' id='block_1_14' title="bbox 326 1313 1984 1398">
    <p class='ocr_par' dir='ltr' id='par_1_14' title="bbox 326 1313 1984 1398">
     <span class='ocr_line' id='line_1_14' title="bbox 326 1313 1984 1398; baseline -0.01 -16"><span class='ocrx_word' id='word_1_79' title='bbox 326 1324 666 1398; x_wconf 84' lang='lat' dir='ltr'>asportavit,</span> <span class='ocrx_word' id='word_1_80' title='bbox 702 1323 904 1379; x_wconf 87' lang='lat' dir='ltr'>relicta</span> <span class='ocrx_word' id='word_1_81' title='bbox 933 1339 1003 1379; x_wconf 84' lang='lat' dir='ltr'>ex</span> <span class='ocrx_word' id='word_1_82' title='bbox 1035 1321 1131 1379; x_wconf 87' lang='lat' dir='ltr'>Dei</span> <span class='ocrx_word' id='word_1_83' title='bbox 1162 1318 1528 1394; x_wconf 87' lang='lat' dir='ltr'>providentia</span> <span class='ocrx_word' id='word_1_84' title='bbox 1572 1314 1804 1373; x_wconf 89' lang='lat' dir='ltr'>Domini</span> <span class='ocrx_word' id='word_1_85' title='bbox 1834 1313 1984 1368; x_wconf 89' lang='lat' dir='ltr'>ima-</span> 
     </span>
    </p>
   </div>
   <div class='ocr_carea' id='block_1_15' title="bbox 327 1413 901 1489">
    <p class='ocr_par' dir='ltr' id='par_1_15' title="bbox 327 1413 901 1489">
     <span class='ocr_line' id='line_1_15' title="bbox 327 1413 901 1489; baseline -0.007 -17"><span class='ocrx_word' id='word_1_86' title='bbox 327 1416 484 1489; x_wconf 85' lang='lat' dir='ltr'>gine,</span> <span class='ocrx_word' id='word_1_87' title='bbox 520 1421 583 1471; x_wconf 88' lang='lat' dir='ltr'>ut</span> <span class='ocrx_word' id='word_1_88' title='bbox 603 1415 731 1487; x_wconf 91' lang='lat' dir='ltr'>jam</span> <span class='ocrx_word' id='word_1_89' title='bbox 763 1413 901 1469; x_wconf 78' lang='lat' dir='ltr'>dixi.</span> 
     </span>
    </p>
   </div>
   <div class='ocr_carea' id='block_1_16' title="bbox 403 1597 1982 1682">
    <p class='ocr_par' dir='ltr' id='par_1_16' title="bbox 403 1597 1982 1682">
     <span class='ocr_line' id='line_1_16' title="bbox 403 1597 1982 1682; baseline -0.011 -11"><span class='ocrx_word' id='word_1_90' title='bbox 403 1612 557 1671; x_wconf 71' lang='lat'>298</span> <span class='ocrx_word' id='word_1_91' title='bbox 585 1610 639 1666; x_wconf 91' lang='lat'>3.</span> <span class='ocrx_word' id='word_1_92' title='bbox 672 1610 912 1667; x_wconf 66' lang='lat' dir='ltr'>Judaus</span> <span class='ocrx_word' id='word_1_93' title='bbox 943 1626 1114 1682; x_wconf 91' lang='lat' dir='ltr'>porro</span> <span class='ocrx_word' id='word_1_94' title='bbox 1163 1607 1405 1681; x_wconf 88' lang='lat' dir='ltr'>quidam</span> <span class='ocrx_word' id='word_1_95' title='bbox 1451 1604 1674 1677; x_wconf 89' lang='lat' dir='ltr'>accepit</span> <span class='ocrx_word' id='word_1_96' title='bbox 1702 1601 1763 1658; x_wconf 92' lang='lat' dir='ltr'>in</span> <span class='ocrx_word' id='word_1_97' title='bbox 1795 1597 1982 1657; x_wconf 92' lang='lat' dir='ltr'>domi-</span> 
     </span>
    </p>
   </div>
   <div class='ocr_carea' id='block_1_17' title="bbox 329 1688 1980 1770">
    <p class='ocr_par' dir='ltr' id='par_1_17' title="bbox 329 1688 1980 1770">
     <span class='ocr_line' id='line_1_17' title="bbox 329 1688 1980 1770; baseline -0.009 -12"><span class='ocrx_word' id='word_1_98' title='bbox 329 1702 534 1759; x_wconf 86' lang='lat' dir='ltr'>cilium</span> <span class='ocrx_word' id='word_1_99' title='bbox 567 1702 806 1757; x_wconf 88' lang='lat' dir='ltr'>domum</span> <span class='ocrx_word' id='word_1_100' title='bbox 838 1698 1093 1766; x_wconf 84' lang='lat' dir='ltr'>illam,in</span> <span class='ocrx_word' id='word_1_101' title='bbox 1126 1715 1248 1770; x_wconf 89' lang='lat' dir='ltr'>qua</span> <span class='ocrx_word' id='word_1_102' title='bbox 1277 1697 1472 1753; x_wconf 81' lang='lat' dir='ltr'>stabat</span> <span class='ocrx_word' id='word_1_103' title='bbox 1494 1695 1691 1766; x_wconf 84' lang='lat' dir='ltr'>imago</span> <span class='ocrx_word' id='word_1_104' title='bbox 1714 1688 1980 1747; x_wconf 90' lang='lat' dir='ltr'>Domini:</span> 
     </span>
    </p>
   </div>
   <div class='ocr_carea' id='block_1_18' title="bbox 327 1781 1983 1863">
    <p class='ocr_par' dir='ltr' id='par_1_18' title="bbox 327 1781 1983 1863">
     <span class='ocr_line' id='line_1_18' title="bbox 327 1781 1983 1863; baseline -0.01 -14"><span class='ocrx_word' id='word_1_105' title='bbox 327 1807 582 1863; x_wconf 88' lang='lat' dir='ltr'>cumque</span> <span class='ocrx_word' id='word_1_106' title='bbox 614 1789 815 1845; x_wconf 89' lang='lat' dir='ltr'>omnia</span> <span class='ocrx_word' id='word_1_107' title='bbox 854 1805 962 1844; x_wconf 90' lang='lat' dir='ltr'>sua</span> <span class='ocrx_word' id='word_1_108' title='bbox 1015 1787 1214 1843; x_wconf 83' lang='lat' dir='ltr'>istbuc</span> <span class='ocrx_word' id='word_1_109' title='bbox 1254 1784 1575 1853; x_wconf 74' lang='lat' dir='ltr'>intulisset,</span> <span class='ocrx_word' id='word_1_110' title='bbox 1622 1784 1683 1837; x_wconf 93' lang='lat' dir='ltr'>in</span> <span class='ocrx_word' id='word_1_111' title='bbox 1714 1799 1778 1837; x_wconf 91' lang='lat' dir='ltr'>ea</span> <span class='ocrx_word' id='word_1_112' title='bbox 1809 1781 1983 1835; x_wconf 92' lang='lat' dir='ltr'>domo</span> 
     </span>
    </p>
   </div>
   <div class='ocr_carea' id='block_1_19' title="bbox 2096 594 3740 673">
    <p class='ocr_par' dir='ltr' id='par_1_19' title="bbox 2096 594 3740 673">
     <span class='ocr_line' id='line_1_19' title="bbox 2096 594 3740 673; baseline 0.001 -22"><span class='ocrx_word' id='word_1_113' title='bbox 2096 597 2325 667; x_wconf 85' lang='grc' dir='ltr'>εζήτησε</span> <span class='ocrx_word' id='word_1_114' title='bbox 2357 597 2505 652; x_wconf 79' lang='grc' dir='ltr'>οἷκον</span> <span class='ocrx_word' id='word_1_115' title='bbox 2539 594 2761 670; x_wconf 84' lang='grc' dir='ltr'>μείζονα</span> <span class='ocrx_word' id='word_1_116' title='bbox 2805 599 2917 667; x_wconf 70' lang='grc'>(15)</span> <span class='ocrx_word' id='word_1_117' title='bbox 2962 596 2991 650; x_wconf 99' lang='lat'>6</span> <span class='ocrx_word' id='word_1_118' title='bbox 3020 597 3337 670; x_wconf 87' lang='grc' dir='ltr'>Χριστιανὸς</span> <span class='ocrx_word' id='word_1_119' title='bbox 3366 596 3440 659; x_wconf 85' lang='grc' dir='ltr'>ὡς</span> <span class='ocrx_word' id='word_1_120' title='bbox 3486 596 3740 673; x_wconf 78' lang='grc' dir='ltr'>χρῄζων.</span> 
     </span>
    </p>
   </div>
   <div class='ocr_carea' id='block_1_20' title="bbox 2092 684 3752 761">
    <p class='ocr_par' dir='ltr' id='par_1_20' title="bbox 2092 684 3752 761">
     <span class='ocr_line' id='line_1_20' title="bbox 2092 684 3752 761; baseline 0.001 -22"><span class='ocrx_word' id='word_1_121' title='bbox 2092 690 2262 742; x_wconf 90' lang='grc' dir='ltr'>Τοῦτο</span> <span class='ocrx_word' id='word_1_122' title='bbox 2294 684 2351 740; x_wconf 75' lang='grc' dir='ltr'>δὲ</span> <span class='ocrx_word' id='word_1_123' title='bbox 2383 688 2418 755; x_wconf 79' lang='grc' dir='ltr'><strong>ἡ</strong></span> <span class='ocrx_word' id='word_1_124' title='bbox 2443 690 2541 741; x_wconf 90' lang='grc' dir='ltr'>τοῦ</span> <span class='ocrx_word' id='word_1_125' title='bbox 2573 684 2773 761; x_wconf 81' lang='grc' dir='ltr'>Κυρίου</span> <span class='ocrx_word' id='word_1_126' title='bbox 2822 687 2983 759; x_wconf 73' lang='grc' dir='ltr'>ἡμῶν</span> <span class='ocrx_word' id='word_1_127' title='bbox 3036 687 3218 754; x_wconf 86' lang='grc' dir='ltr'>Ἰησοῦ</span> <span class='ocrx_word' id='word_1_128' title='bbox 3264 687 3501 761; x_wconf 81' lang='grc' dir='ltr'>Χριστοῦ</span> <span class='ocrx_word' id='word_1_129' title='bbox 3547 685 3752 758; x_wconf 84' lang='grc' dir='ltr'>ᾠκονό-</span> 
     </span>
    </p>
   </div>
   <div class='ocr_carea' id='block_1_21' title="bbox 2099 774 3752 851">
    <p class='ocr_par' dir='ltr' id='par_1_21' title="bbox 2099 774 3752 851">
     <span class='ocr_line' id='line_1_21' title="bbox 2099 774 3752 851; baseline 0 -22"><span class='ocrx_word' id='word_1_130' title='bbox 2099 795 2242 847; x_wconf 89' lang='grc' dir='ltr'>μησε</span> <span class='ocrx_word' id='word_1_131' title='bbox 2271 776 2457 851; x_wconf 85' lang='grc' dir='ltr'>χάρις,</span> <span class='ocrx_word' id='word_1_132' title='bbox 2488 774 2562 838; x_wconf 84' lang='grc' dir='ltr'>ὥς</span> <span class='ocrx_word' id='word_1_133' title='bbox 2615 797 2679 851; x_wconf 88' lang='grc' dir='ltr'>γε</span> <span class='ocrx_word' id='word_1_134' title='bbox 2710 774 2814 850; x_wconf 82' lang='grc' dir='ltr'>ἐγὼ</span> <span class='ocrx_word' id='word_1_135' title='bbox 2863 775 3144 848; x_wconf 84' lang='grc' dir='ltr'>πείθομαι,</span> <span class='ocrx_word' id='word_1_136' title='bbox 3192 778 3289 830; x_wconf 91' lang='grc' dir='ltr'>τοῦ</span> <span class='ocrx_word' id='word_1_137' title='bbox 3334 774 3590 839; x_wconf 86' lang='grc' dir='ltr'>θέλοντος</span> <span class='ocrx_word' id='word_1_138' title='bbox 3622 776 3752 830; x_wconf 87' lang='grc' dir='ltr'>πάν-</span> 
     </span>
    </p>
   </div>
   <div class='ocr_carea' id='block_1_22' title="bbox 2092 862 3751 941">
    <p class='ocr_par' dir='ltr' id='par_1_22' title="bbox 2092 862 3751 941">
     <span class='ocr_line' id='line_1_22' title="bbox 2092 862 3751 941; baseline -0.001 -22"><span class='ocrx_word' id='word_1_139' title='bbox 2092 885 2188 927; x_wconf 90' lang='grc' dir='ltr'>τας</span> <span class='ocrx_word' id='word_1_140' title='bbox 2219 864 2537 941; x_wconf 86' lang='grc' dir='ltr'>ἀνθρώπους</span> <span class='ocrx_word' id='word_1_141' title='bbox 2585 866 2847 934; x_wconf 83' lang='grc' dir='ltr'>σωθῆναι,</span> <span class='ocrx_word' id='word_1_142' title='bbox 2892 863 2982 919; x_wconf 88' lang='grc' dir='ltr'>καὶ</span> <span class='ocrx_word' id='word_1_143' title='bbox 3030 865 3105 926; x_wconf 88' lang='grc' dir='ltr'>εἰς</span> <span class='ocrx_word' id='word_1_144' title='bbox 3150 862 3438 939; x_wconf 74' lang='grc' dir='ltr'>ἐπίγνωσιν</span> <span class='ocrx_word' id='word_1_145' title='bbox 3490 863 3751 935; x_wconf 74' lang='grc' dir='ltr'>ἀληθείας</span> 
     </span>
    </p>
   </div>
   <div class='ocr_carea' id='block_1_23' title="bbox 2095 951 3747 1025">
    <p class='ocr_par' dir='ltr' id='par_1_23' title="bbox 2095 951 3747 1025">
     <span class='ocr_line' id='line_1_23' title="bbox 2095 951 3747 1025; baseline 0 -17"><span class='ocrx_word' id='word_1_146' title='bbox 2095 952 2290 1025; x_wconf 78' lang='grc' dir='ltr'>ἐλθεῖν,</span> <span class='ocrx_word' id='word_1_147' title='bbox 2323 951 2579 1009; x_wconf 74' lang='grc' dir='ltr'>δεικνύων</span> <span class='ocrx_word' id='word_1_148' title='bbox 2611 954 2679 1009; x_wconf 75' lang='grc' dir='ltr'>τὰ</span> <span class='ocrx_word' id='word_1_149' title='bbox 2729 952 3003 1025; x_wconf 80' lang='grc' dir='ltr'>θαυμάσια</span> <span class='ocrx_word' id='word_1_150' title='bbox 3054 953 3218 1009; x_wconf 84' lang='grc' dir='ltr'>αὐτοῦ</span> <span class='ocrx_word' id='word_1_151' title='bbox 3256 959 3373 1016; x_wconf 87' lang='grc' dir='ltr'>τοῖς</span> <span class='ocrx_word' id='word_1_152' title='bbox 3403 953 3747 1008; x_wconf 67' lang='grc' dir='ltr'>πιστεύουσιν</span> 
     </span>
    </p>
   </div>
   <div class='ocr_carea' id='block_1_24' title="bbox 2095 1037 3745 1119">
    <p class='ocr_par' dir='ltr' id='par_1_24' title="bbox 2095 1037 3745 1119">
     <span class='ocr_line' id='line_1_24' title="bbox 2095 1037 3745 1119; baseline 0 -21"><span class='ocrx_word' id='word_1_153' title='bbox 2095 1042 2170 1105; x_wconf 89' lang='grc' dir='ltr'>εἰς</span> <span class='ocrx_word' id='word_1_154' title='bbox 2203 1043 2363 1098; x_wconf 81' lang='grc' dir='ltr'>αὐτὸν</span> <span class='ocrx_word' id='word_1_155' title='bbox 2396 1041 2473 1106; x_wconf 82' lang='grc' dir='ltr'>εἰς</span> <span class='ocrx_word' id='word_1_156' title='bbox 2505 1041 2739 1118; x_wconf 72' lang='grc' dir='ltr'>ἔλεγχον</span> <span class='ocrx_word' id='word_1_157' title='bbox 2770 1046 2878 1097; x_wconf 82' lang='grc' dir='ltr'>τῶν</span> <span class='ocrx_word' id='word_1_158' title='bbox 2930 1037 3156 1112; x_wconf 79' lang='grc' dir='ltr'>ἀσεϐῶν,</span> <span class='ocrx_word' id='word_1_159' title='bbox 3190 1044 3489 1119; x_wconf 83' lang='grc' dir='ltr'>στηριγμὸν</span> <span class='ocrx_word' id='word_1_160' title='bbox 3534 1040 3592 1098; x_wconf 71' lang='grc' dir='ltr'>δὲ</span> <span class='ocrx_word' id='word_1_161' title='bbox 3638 1047 3745 1098; x_wconf 80' lang='grc' dir='ltr'>τῶν</span> 
     </span>
    </p>
   </div>
   <div class='ocr_carea' id='block_1_25' title="bbox 2093 1129 3748 1210">
    <p class='ocr_par' dir='ltr' id='par_1_25' title="bbox 2093 1129 3748 1210">
     <span class='ocr_line' id='line_1_25' title="bbox 2093 1129 3748 1210; baseline 0 -23"><span class='ocrx_word' id='word_1_162' title='bbox 2093 1137 2320 1188; x_wconf 78' lang='grc' dir='ltr'>πιστῶν.</span> <span class='ocrx_word' id='word_1_163' title='bbox 2356 1134 2569 1204; x_wconf 85' lang='grc' dir='ltr'>Ἐζήτει</span> <span class='ocrx_word' id='word_1_164' title='bbox 2620 1129 2710 1187; x_wconf 82' lang='grc' dir='ltr'>οῦν</span> <span class='ocrx_word' id='word_1_165' title='bbox 2740 1132 2769 1187; x_wconf 85' lang='lat'>6</span> <span class='ocrx_word' id='word_1_166' title='bbox 2799 1132 3140 1204; x_wconf 84' lang='grc' dir='ltr'>Χριστιανὸς,</span> <span class='ocrx_word' id='word_1_167' title='bbox 3190 1131 3265 1195; x_wconf 82' lang='grc' dir='ltr'>ὡς</span> <span class='ocrx_word' id='word_1_168' title='bbox 3319 1129 3477 1210; x_wconf 79' lang='grc' dir='ltr'>ἔφην,</span> <span class='ocrx_word' id='word_1_169' title='bbox 3530 1131 3748 1205; x_wconf 84' lang='grc' dir='ltr'>μείζονα</span> 
     </span>
    </p>
   </div>
   <div class='ocr_carea' id='block_1_26' title="bbox 2094 1221 3745 1299">
    <p class='ocr_par' dir='ltr' id='par_1_26' title="bbox 2094 1221 3745 1299">
     <span class='ocr_line' id='line_1_26' title="bbox 2094 1221 3745 1299; baseline 0.002 -22"><span class='ocrx_word' id='word_1_170' title='bbox 2094 1222 2268 1294; x_wconf 81' lang='grc' dir='ltr'>οἰκον,</span> <span class='ocrx_word' id='word_1_171' title='bbox 2298 1223 2390 1278; x_wconf 86' lang='grc' dir='ltr'>καὶ</span> <span class='ocrx_word' id='word_1_172' title='bbox 2422 1221 2591 1299; x_wconf 81' lang='grc' dir='ltr'>εὗρών</span> <span class='ocrx_word' id='word_1_173' title='bbox 2621 1243 2673 1276; x_wconf 92' lang='grc' dir='ltr'>τι</span> <span class='ocrx_word' id='word_1_174' title='bbox 2703 1222 2809 1277; x_wconf 86' lang='grc' dir='ltr'>ἀπὸ</span> <span class='ocrx_word' id='word_1_175' title='bbox 2847 1228 2948 1291; x_wconf 81' lang='grc' dir='ltr'>τῆς</span> <span class='ocrx_word' id='word_1_176' title='bbox 2997 1221 3238 1291; x_wconf 86' lang='grc' dir='ltr'>πόλεως,</span> <span class='ocrx_word' id='word_1_177' title='bbox 3288 1229 3517 1299; x_wconf 79' lang='grc' dir='ltr'>μετῆρεν</span> <span class='ocrx_word' id='word_1_178' title='bbox 3550 1222 3745 1294; x_wconf 78' lang='grc' dir='ltr'>ἐκεῖσε,</span> 
     </span>
    </p>
   </div>
   <div class='ocr_carea' id='block_1_27' title="bbox 2092 1309 3743 1388">
    <p class='ocr_par' dir='ltr' id='par_1_27' title="bbox 2092 1309 3743 1388">
     <span class='ocr_line' id='line_1_27' title="bbox 2092 1309 3743 1388; baseline 0.001 -21"><span class='ocrx_word' id='word_1_179' title='bbox 2092 1312 2183 1367; x_wconf 82' lang='grc' dir='ltr'>καὶ</span> <span class='ocrx_word' id='word_1_180' title='bbox 2244 1313 2378 1385; x_wconf 86' lang='grc' dir='ltr'>μετὰ</span> <span class='ocrx_word' id='word_1_181' title='bbox 2436 1313 2612 1388; x_wconf 82' lang='grc' dir='ltr'>χαρὰς</span> <span class='ocrx_word' id='word_1_182' title='bbox 2667 1312 2838 1367; x_wconf 89' lang='grc' dir='ltr'>πάντα</span> <span class='ocrx_word' id='word_1_183' title='bbox 2894 1310 2959 1366; x_wconf 78' lang='grc' dir='ltr'>τὰ</span> <span class='ocrx_word' id='word_1_184' title='bbox 3015 1309 3201 1383; x_wconf 78' lang='grc' dir='ltr'>αὐτοῦ,</span> <span class='ocrx_word' id='word_1_185' title='bbox 3258 1311 3348 1368; x_wconf 89' lang='grc' dir='ltr'>καὶ</span> <span class='ocrx_word' id='word_1_186' title='bbox 3403 1311 3743 1369; x_wconf 79' lang='grc' dir='ltr'>καταλείπων</span> 
     </span>
    </p>
   </div>
   <div class='ocr_carea' id='block_1_28' title="bbox 2093 1400 3742 1482">
    <p class='ocr_par' dir='ltr' id='par_1_28' title="bbox 2093 1400 3742 1482">
     <span class='ocr_line' id='line_1_28' title="bbox 2093 1400 3742 1482; baseline 0.001 -25"><span class='ocrx_word' id='word_1_187' title='bbox 2093 1400 2145 1473; x_wconf 81' lang='grc' dir='ltr'>ἐξ</span> <span class='ocrx_word' id='word_1_188' title='bbox 2177 1401 2494 1476; x_wconf 79' lang='grc' dir='ltr'>οἰκονομίας</span> <span class='ocrx_word' id='word_1_189' title='bbox 2548 1405 2703 1473; x_wconf 90' lang='grc' dir='ltr'>Θεοῦ,</span> <span class='ocrx_word' id='word_1_190' title='bbox 2735 1401 2833 1471; x_wconf 74' lang='grc' dir='ltr'>τήν</span> <span class='ocrx_word' id='word_1_191' title='bbox 2893 1400 3074 1456; x_wconf 84' lang='grc' dir='ltr'>εἰκόνα</span> <span class='ocrx_word' id='word_1_192' title='bbox 3116 1405 3213 1457; x_wconf 89' lang='grc' dir='ltr'>τοῦ</span> <span class='ocrx_word' id='word_1_193' title='bbox 3271 1402 3473 1476; x_wconf 83' lang='grc' dir='ltr'>Κυρίου</span> <span class='ocrx_word' id='word_1_194' title='bbox 3529 1401 3742 1482; x_wconf 75' lang='grc' dir='ltr'>ἀφῆκε,</span> 
     </span>
    </p>
   </div>
   <div class='ocr_carea' id='block_1_29' title="bbox 2090 1486 2411 1569">
    <p class='ocr_par' dir='ltr' id='par_1_29' title="bbox 2090 1486 2411 1569">
     <span class='ocr_line' id='line_1_29' title="bbox 2090 1486 2411 1569; baseline 0.003 -22"><span class='ocrx_word' id='word_1_195' title='bbox 2090 1492 2230 1547; x_wconf 87' lang='grc' dir='ltr'>καθὰ</span> <span class='ocrx_word' id='word_1_196' title='bbox 2255 1486 2411 1569; x_wconf 80' lang='grc' dir='ltr'>ἔφην.</span> 
     </span>
    </p>
   </div>
   <div class='ocr_carea' id='block_1_30' title="bbox 2163 1593 3747 1675">
    <p class='ocr_par' dir='ltr' id='par_1_30' title="bbox 2163 1593 3747 1675">
     <span class='ocr_line' id='line_1_30' title="bbox 2163 1593 3747 1675; baseline 0 -20"><span class='ocrx_word' id='word_1_197' title='bbox 2163 1601 2216 1655; x_wconf 91' lang='grc'>3.</span> <span class='ocrx_word' id='word_1_198' title='bbox 2251 1596 2513 1661; x_wconf 85' lang='grc' dir='ltr'>Ἰουδαῖος</span> <span class='ocrx_word' id='word_1_199' title='bbox 2544 1595 2601 1654; x_wconf 89' lang='grc' dir='ltr'>δέ</span> <span class='ocrx_word' id='word_1_200' title='bbox 2626 1618 2708 1660; x_wconf 89' lang='grc' dir='ltr'>τις</span> <span class='ocrx_word' id='word_1_201' title='bbox 2739 1593 2930 1653; x_wconf 79' lang='grc' dir='ltr'>ἔλαϐεν</span> <span class='ocrx_word' id='word_1_202' title='bbox 2960 1596 3181 1671; x_wconf 88' lang='grc' dir='ltr'>ἐνοικίῳ</span> <span class='ocrx_word' id='word_1_203' title='bbox 3207 1596 3300 1653; x_wconf 85' lang='grc' dir='ltr'>τὸν</span> <span class='ocrx_word' id='word_1_204' title='bbox 3338 1597 3484 1655; x_wconf 80' lang='grc' dir='ltr'>οἶκον</span> <span class='ocrx_word' id='word_1_205' title='bbox 3516 1598 3747 1675; x_wconf 83' lang='grc' dir='ltr'>ἐκεῖνον,</span> 
     </span>
    </p>
   </div>
   <div class='ocr_carea' id='block_1_31' title="bbox 2093 1684 3750 1764">
    <p class='ocr_par' dir='ltr' id='par_1_31' title="bbox 2093 1684 3750 1764">
     <span class='ocr_line' id='line_1_31' title="bbox 2093 1684 3750 1764; baseline 0.001 -21"><span class='ocrx_word' id='word_1_206' title='bbox 2093 1687 2220 1752; x_wconf 78' lang='grc' dir='ltr'>ἔνθα</span> <span class='ocrx_word' id='word_1_207' title='bbox 2248 1691 2282 1759; x_wconf 82' lang='grc' dir='ltr'><strong>ἡ</strong></span> <span class='ocrx_word' id='word_1_208' title='bbox 2316 1687 2475 1743; x_wconf 90' lang='grc' dir='ltr'>εἰκὼν</span> <span class='ocrx_word' id='word_1_209' title='bbox 2503 1692 2600 1743; x_wconf 88' lang='grc' dir='ltr'>τοῦ</span> <span class='ocrx_word' id='word_1_210' title='bbox 2630 1687 2836 1764; x_wconf 82' lang='grc' dir='ltr'>Κυρίου</span> <span class='ocrx_word' id='word_1_211' title='bbox 2882 1685 3091 1743; x_wconf 67' lang='grc' dir='ltr'>ἵστατο.</span> <span class='ocrx_word' id='word_1_212' title='bbox 3124 1686 3442 1763; x_wconf 84' lang='grc' dir='ltr'>Εἰσαγαγὼν</span> <span class='ocrx_word' id='word_1_213' title='bbox 3486 1684 3544 1743; x_wconf 74' lang='grc' dir='ltr'>δὲ</span> <span class='ocrx_word' id='word_1_214' title='bbox 3574 1686 3750 1745; x_wconf 83' lang='grc' dir='ltr'>πάντα</span> 
     </span>
    </p>
   </div>
   <div class='ocr_carea' id='block_1_32' title="bbox 2090 1775 3752 1853">
    <p class='ocr_par' dir='ltr' id='par_1_32' title="bbox 2090 1775 3752 1853">
     <span class='ocr_line' id='line_1_32' title="bbox 2090 1775 3752 1853; baseline 0 -20"><span class='ocrx_word' id='word_1_215' title='bbox 2090 1779 2158 1833; x_wconf 75' lang='grc' dir='ltr'>τὰ</span> <span class='ocrx_word' id='word_1_216' title='bbox 2187 1777 2351 1833; x_wconf 78' lang='grc' dir='ltr'>αὐτοῦ</span> <span class='ocrx_word' id='word_1_217' title='bbox 2377 1777 2661 1851; x_wconf 72' lang='grc' dir='ltr'>κατέμενεν</span> <span class='ocrx_word' id='word_1_218' title='bbox 2712 1776 2764 1832; x_wconf 81' lang='grc' dir='ltr'>ἐν</span> <span class='ocrx_word' id='word_1_219' title='bbox 2813 1775 2968 1849; x_wconf 82' lang='grc' dir='ltr'>οἷ’κῳ,</span> <span class='ocrx_word' id='word_1_220' title='bbox 3007 1776 3084 1850; x_wconf 87' lang='grc' dir='ltr'>μή</span> <span class='ocrx_word' id='word_1_221' title='bbox 3137 1779 3416 1853; x_wconf 85' lang='grc' dir='ltr'>θεωρήσας</span> <span class='ocrx_word' id='word_1_222' title='bbox 3459 1778 3558 1846; x_wconf 78' lang='grc' dir='ltr'>τὴν</span> <span class='ocrx_word' id='word_1_223' title='bbox 3612 1777 3752 1834; x_wconf 77' lang='grc' dir='ltr'>εἰκό-</span> 
     </span>
    </p>
   </div>
   <div class='ocr_carea' id='block_1_33' title="bbox 325 1862 1977 1951">
    <p class='ocr_par' dir='ltr' id='par_1_33' title="bbox 325 1866 1977 1949">
     <span class='ocr_line' id='line_1_33' title="bbox 325 1866 1977 1949; baseline -0.009 -13"><span class='ocrx_word' id='word_1_224' title='bbox 325 1881 691 1949; x_wconf 87' lang='lat' dir='ltr'>morabatur,</span> <span class='ocrx_word' id='word_1_225' title='bbox 741 1895 859 1934; x_wconf 89' lang='lat' dir='ltr'>non</span> <span class='ocrx_word' id='word_1_226' title='bbox 909 1878 1221 1933; x_wconf 85' lang='lat' dir='ltr'>advertens</span> <span class='ocrx_word' id='word_1_227' title='bbox 1264 1875 1587 1948; x_wconf 81' lang='lat' dir='ltr'>imaginem</span> <span class='ocrx_word' id='word_1_228' title='bbox 1636 1868 1870 1928; x_wconf 91' lang='lat' dir='ltr'>Domini</span> <span class='ocrx_word' id='word_1_229' title='bbox 1901 1866 1977 1922; x_wconf 89' lang='lat' dir='ltr'>ibi</span> 
     </span>
    </p>
   </div>
   <div class='ocr_carea' id='block_1_34' title="bbox 2092 1862 3749 1951">
    <p class='ocr_par' dir='ltr' id='par_1_34' title="bbox 2092 1862 3749 1942">
     <span class='ocr_line' id='line_1_34' title="bbox 2092 1862 3749 1942; baseline 0 -20"><span class='ocrx_word' id='word_1_230' title='bbox 2092 1889 2157 1922; x_wconf 88' lang='grc' dir='ltr'>να</span> <span class='ocrx_word' id='word_1_231' title='bbox 2183 1871 2281 1922; x_wconf 90' lang='grc' dir='ltr'>τοῦ</span> <span class='ocrx_word' id='word_1_232' title='bbox 2326 1865 2545 1942; x_wconf 79' lang='grc' dir='ltr'>Κυρίου,</span> <span class='ocrx_word' id='word_1_233' title='bbox 2578 1864 2660 1921; x_wconf 80' lang='grc' dir='ltr'>ὅτι</span> <span class='ocrx_word' id='word_1_234' title='bbox 2703 1864 2893 1921; x_wconf 59' lang='grc' dir='ltr'>τίστατο</span> <span class='ocrx_word' id='word_1_235' title='bbox 2945 1864 3076 1922; x_wconf 82' lang='grc' dir='ltr'>ἐκεῖ.</span> <span class='ocrx_word' id='word_1_236' title='bbox 3110 1862 3251 1922; x_wconf 76' lang='grc' dir='ltr'>Οὐδὲ</span> <span class='ocrx_word' id='word_1_237' title='bbox 3287 1865 3390 1942; x_wconf 78' lang='grc' dir='ltr'>γὰρ</span> <span class='ocrx_word' id='word_1_238' title='bbox 3438 1865 3629 1937; x_wconf 88' lang='grc' dir='ltr'>ἐνόησε</span> <span class='ocrx_word' id='word_1_239' title='bbox 3655 1867 3749 1922; x_wconf 88' lang='grc' dir='ltr'>τὸν</span> 
     </span>
    </p>
   </div>
   <div class='ocr_carea' id='block_1_35' title="bbox 324 1957 1980 2040">
    <p class='ocr_par' dir='ltr' id='par_1_35' title="bbox 324 1957 1980 2040">
     <span class='ocr_line' id='line_1_35' title="bbox 324 1957 1980 2040; baseline -0.009 -13"><span class='ocrx_word' id='word_1_240' title='bbox 324 1974 501 2027; x_wconf 86' lang='lat' dir='ltr'>stare.</span> <span class='ocrx_word' id='word_1_241' title='bbox 534 1968 736 2040; x_wconf 87' lang='lat' dir='ltr'>Neque</span> <span class='ocrx_word' id='word_1_242' title='bbox 766 1967 924 2023; x_wconf 88' lang='lat' dir='ltr'>enim</span> <span class='ocrx_word' id='word_1_243' title='bbox 972 1967 1043 2022; x_wconf 90' lang='lat' dir='ltr'>de</span> <span class='ocrx_word' id='word_1_244' title='bbox 1090 1965 1217 2022; x_wconf 93' lang='lat' dir='ltr'>loco</span> <span class='ocrx_word' id='word_1_245' title='bbox 1265 1964 1368 2020; x_wconf 91' lang='lat' dir='ltr'>illo</span> <span class='ocrx_word' id='word_1_246' title='bbox 1415 1963 1726 2036; x_wconf 82' lang='lat' dir='ltr'>cogitarat,</span> <span class='ocrx_word' id='word_1_247' title='bbox 1755 1959 1860 2015; x_wconf 89' lang='lat' dir='ltr'>sed</span> <span class='ocrx_word' id='word_1_248' title='bbox 1890 1957 1980 2012; x_wconf 89' lang='lat' dir='ltr'>in-</span> 
     </span>
    </p>
   </div>
   <div class='ocr_carea' id='block_1_36' title="bbox 325 2046 1982 2132">
    <p class='ocr_par' dir='ltr' id='par_1_36' title="bbox 325 2046 1982 2132">
     <span class='ocr_line' id='line_1_36' title="bbox 325 2046 1982 2132; baseline -0.008 -17"><span class='ocrx_word' id='word_1_249' title='bbox 325 2074 569 2132; x_wconf 87' lang='lat' dir='ltr'>gressus</span> <span class='ocrx_word' id='word_1_250' title='bbox 591 2059 833 2113; x_wconf 88' lang='lat' dir='ltr'>domum</span> <span class='ocrx_word' id='word_1_251' title='bbox 857 2056 916 2111; x_wconf 93' lang='lat' dir='ltr'>in</span> <span class='ocrx_word' id='word_1_252' title='bbox 947 2071 1015 2111; x_wconf 89' lang='lat' dir='ltr'>ea</span> <span class='ocrx_word' id='word_1_253' title='bbox 1046 2053 1611 2130; x_wconf 85' lang='lat' dir='ltr'>manebat.Quadam</span> <span class='ocrx_word' id='word_1_254' title='bbox 1627 2066 1762 2104; x_wconf 83' lang='lat' dir='ltr'>vero</span> <span class='ocrx_word' id='word_1_255' title='bbox 1780 2046 1874 2103; x_wconf 90' lang='lat' dir='ltr'>die</span> <span class='ocrx_word' id='word_1_256' title='bbox 1898 2047 1982 2102; x_wconf 90' lang='lat' dir='ltr'>in-</span> 
     </span>
    </p>
   </div>
   <div class='ocr_carea' id='block_1_37' title="bbox 323 2138 1978 2217">
    <p class='ocr_par' dir='ltr' id='par_1_37' title="bbox 323 2138 1978 2217">
     <span class='ocr_line' id='line_1_37' title="bbox 323 2138 1978 2217; baseline -0.008 -11"><span class='ocrx_word' id='word_1_257' title='bbox 323 2150 529 2206; x_wconf 84' lang='lat' dir='ltr'>vitavit</span> <span class='ocrx_word' id='word_1_258' title='bbox 556 2150 797 2205; x_wconf 65' lang='lat' dir='ltr'>Judaaus</span> <span class='ocrx_word' id='word_1_259' title='bbox 826 2147 926 2202; x_wconf 89' lang='lat' dir='ltr'>ille</span> <span class='ocrx_word' id='word_1_260' title='bbox 956 2145 1345 2203; x_wconf 87' lang='lat' dir='ltr'>contribulem</span> <span class='ocrx_word' id='word_1_261' title='bbox 1371 2144 1688 2217; x_wconf 87' lang='lat' dir='ltr'>quemdam</span> <span class='ocrx_word' id='word_1_262' title='bbox 1713 2156 1888 2196; x_wconf 79' lang='lat' dir='ltr'>suum</span> <span class='ocrx_word' id='word_1_263' title='bbox 1906 2138 1978 2195; x_wconf 90' lang='lat' dir='ltr'>ad</span> 
     </span>
    </p>
   </div>
   <div class='ocr_carea' id='block_1_38' title="bbox 323 2229 1981 2313">
    <p class='ocr_par' dir='ltr' id='par_1_38' title="bbox 323 2229 1981 2313">
     <span class='ocr_line' id='line_1_38' title="bbox 323 2229 1981 2313; baseline -0.007 -18"><span class='ocrx_word' id='word_1_264' title='bbox 323 2239 661 2313; x_wconf 89' lang='lat' dir='ltr'>prandium.</span> <span class='ocrx_word' id='word_1_265' title='bbox 698 2243 843 2293; x_wconf 90' lang='lat' dir='ltr'>Dum</span> <span class='ocrx_word' id='word_1_266' title='bbox 877 2236 1233 2307; x_wconf 89' lang='lat' dir='ltr'>pranderent</span> <span class='ocrx_word' id='word_1_267' title='bbox 1272 2238 1491 2300; x_wconf 90' lang='lat' dir='ltr'>autem,</span> <span class='ocrx_word' id='word_1_268' title='bbox 1541 2231 1710 2287; x_wconf 88' lang='lat' dir='ltr'>elatis</span> <span class='ocrx_word' id='word_1_269' title='bbox 1739 2229 1981 2284; x_wconf 68' lang='lat' dir='ltr'>Judaaus</span> 
     </span>
    </p>
   </div>
   <div class='ocr_carea' id='block_1_39' title="bbox 323 2318 1979 2400">
    <p class='ocr_par' dir='ltr' id='par_1_39' title="bbox 323 2318 1979 2400">
     <span class='ocr_line' id='line_1_39' title="bbox 323 2318 1979 2400; baseline -0.009 -14"><span class='ocrx_word' id='word_1_270' title='bbox 323 2330 395 2386; x_wconf 88' lang='lat' dir='ltr'>ad</span> <span class='ocrx_word' id='word_1_271' title='bbox 431 2327 745 2400; x_wconf 89' lang='lat' dir='ltr'>prandium</span> <span class='ocrx_word' id='word_1_272' title='bbox 770 2326 1050 2381; x_wconf 89' lang='lat' dir='ltr'>invitatus</span> <span class='ocrx_word' id='word_1_273' title='bbox 1072 2324 1259 2380; x_wconf 91' lang='lat' dir='ltr'>oculis</span> <span class='ocrx_word' id='word_1_274' title='bbox 1281 2329 1355 2378; x_wconf 87' lang='lat' dir='ltr'>ad</span> <span class='ocrx_word' id='word_1_275' title='bbox 1375 2322 1694 2395; x_wconf 84' lang='lat' dir='ltr'>imaginem</span> <span class='ocrx_word' id='word_1_276' title='bbox 1718 2318 1979 2375; x_wconf 79' lang='lat' dir='ltr'>cruciﬁxi</span> 
     </span>
    </p>
   </div>
   <div class='ocr_carea' id='block_1_40' title="bbox 323 2410 1982 2490">
    <p class='ocr_par' dir='ltr' id='par_1_40' title="bbox 323 2410 1982 2490">
     <span class='ocr_line' id='line_1_40' title="bbox 323 2410 1982 2490; baseline -0.007 -14"><span class='ocrx_word' id='word_1_277' title='bbox 323 2420 548 2476; x_wconf 89' lang='lat' dir='ltr'>multas</span> <span class='ocrx_word' id='word_1_278' title='bbox 580 2436 651 2475; x_wconf 82' lang='lat' dir='ltr'>ex</span> <span class='ocrx_word' id='word_1_279' title='bbox 679 2435 796 2490; x_wconf 91' lang='lat' dir='ltr'>quo</span> <span class='ocrx_word' id='word_1_280' title='bbox 848 2418 1099 2474; x_wconf 85' lang='lat' dir='ltr'>advertit</span> <span class='ocrx_word' id='word_1_281' title='bbox 1156 2417 1315 2473; x_wconf 89' lang='lat' dir='ltr'>illam</span> <span class='ocrx_word' id='word_1_282' title='bbox 1357 2420 1415 2471; x_wconf 88' lang='lat' dir='ltr'>et</span> <span class='ocrx_word' id='word_1_283' title='bbox 1469 2414 1751 2470; x_wconf 88' lang='lat' dir='ltr'>nefandas</span> <span class='ocrx_word' id='word_1_284' title='bbox 1782 2410 1982 2466; x_wconf 84' lang='lat' dir='ltr'>intulit</span> 
     </span>
    </p>
   </div>
   <div class='ocr_carea' id='block_1_41' title="bbox 322 2501 1981 2581">
    <p class='ocr_par' dir='ltr' id='par_1_41' title="bbox 322 2501 1981 2581">
     <span class='ocr_line' id='line_1_41' title="bbox 322 2501 1981 2581; baseline -0.006 -16"><span class='ocrx_word' id='word_1_285' title='bbox 322 2509 409 2565; x_wconf 89' lang='lat' dir='ltr'>illi</span> <span class='ocrx_word' id='word_1_286' title='bbox 446 2507 857 2581; x_wconf 84' lang='lat' dir='ltr'>contumelias,</span> <span class='ocrx_word' id='word_1_287' title='bbox 892 2524 1040 2577; x_wconf 88' lang='lat' dir='ltr'>quas</span> <span class='ocrx_word' id='word_1_288' title='bbox 1080 2524 1193 2562; x_wconf 90' lang='lat' dir='ltr'>non</span> <span class='ocrx_word' id='word_1_289' title='bbox 1227 2506 1416 2561; x_wconf 88' lang='lat' dir='ltr'>ausim</span> <span class='ocrx_word' id='word_1_290' title='bbox 1452 2504 1725 2568; x_wconf 89' lang='lat' dir='ltr'>scribere,</span> <span class='ocrx_word' id='word_1_291' title='bbox 1763 2501 1918 2557; x_wconf 87' lang='lat' dir='ltr'>absit</span> <span class='ocrx_word' id='word_1_292' title='bbox 1945 2516 1981 2555; x_wconf 89' lang='lat' dir='ltr'>a</span> 
     </span>
    </p>
   </div>
   <div class='ocr_carea' id='block_1_42' title="bbox 327 2588 1978 2670">
    <p class='ocr_par' dir='ltr' id='par_1_42' title="bbox 327 2588 1978 2670">
     <span class='ocr_line' id='line_1_42' title="bbox 327 2588 1978 2670; baseline -0.007 -16"><span class='ocrx_word' id='word_1_293' title='bbox 327 2615 421 2655; x_wconf 90' lang='lat' dir='ltr'>me</span> <span class='ocrx_word' id='word_1_294' title='bbox 447 2597 459 2652; x_wconf 83' lang='lat' dir='ltr'>l</span> <span class='ocrx_word' id='word_1_295' title='bbox 495 2614 646 2670; x_wconf 87' lang='lat' dir='ltr'>quas</span> <span class='ocrx_word' id='word_1_296' title='bbox 673 2602 872 2652; x_wconf 85' lang='lat' dir='ltr'>tamen</span> <span class='ocrx_word' id='word_1_297' title='bbox 897 2596 995 2652; x_wconf 91' lang='lat' dir='ltr'>ille</span> <span class='ocrx_word' id='word_1_298' title='bbox 1025 2594 1596 2652; x_wconf 66' lang='lat' dir='ltr'>sceleratusJudaaus</span> <span class='ocrx_word' id='word_1_299' title='bbox 1627 2594 1831 2647; x_wconf 86' lang='lat' dir='ltr'>contra</span> <span class='ocrx_word' id='word_1_300' title='bbox 1851 2588 1978 2645; x_wconf 90' lang='lat' dir='ltr'>Sal-</span> 
     </span>
    </p>
   </div>
   <div class='ocr_carea' id='block_1_43' title="bbox 321 2678 1977 2757">
    <p class='ocr_par' dir='ltr' id='par_1_43' title="bbox 321 2678 1977 2757">
     <span class='ocr_line' id='line_1_43' title="bbox 321 2678 1977 2757; baseline -0.006 -14"><span class='ocrx_word' id='word_1_301' title='bbox 321 2693 580 2744; x_wconf 88' lang='lat' dir='ltr'>vatorem</span> <span class='ocrx_word' id='word_1_302' title='bbox 628 2692 895 2741; x_wconf 89' lang='lat' dir='ltr'>nostrum</span> <span class='ocrx_word' id='word_1_303' title='bbox 948 2685 1212 2757; x_wconf 89' lang='lat' dir='ltr'>protulit,</span> <span class='ocrx_word' id='word_1_304' title='bbox 1278 2683 1482 2740; x_wconf 84' lang='lat' dir='ltr'>videns</span> <span class='ocrx_word' id='word_1_305' title='bbox 1529 2682 1691 2737; x_wconf 89' lang='lat' dir='ltr'>illam</span> <span class='ocrx_word' id='word_1_306' title='bbox 1746 2678 1977 2735; x_wconf 91' lang='lat' dir='ltr'>Domini</span> 
     </span>
    </p>
   </div>
   <div class='ocr_carea' id='block_1_44' title="bbox 318 2769 1976 2849">
    <p class='ocr_par' dir='ltr' id='par_1_44' title="bbox 318 2769 1976 2849">
     <span class='ocr_line' id='line_1_44' title="bbox 318 2769 1976 2849; baseline -0.005 -17"><span class='ocrx_word' id='word_1_307' title='bbox 318 2774 915 2849; x_wconf 69' lang='lat' dir='ltr'>imaginemJudzeus</span> <span class='ocrx_word' id='word_1_308' title='bbox 946 2778 1141 2830; x_wconf 88' lang='lat' dir='ltr'>autem</span> <span class='ocrx_word' id='word_1_309' title='bbox 1176 2772 1275 2846; x_wconf 92' lang='lat' dir='ltr'>qui</span> <span class='ocrx_word' id='word_1_310' title='bbox 1307 2769 1976 2840; x_wconf 63' lang='lat' dir='ltr'>invitaret,aiﬁrmabat,</span> 
     </span>
    </p>
   </div>
   <div class='ocr_carea' id='block_1_45' title="bbox 322 2857 1977 2937">
    <p class='ocr_par' dir='ltr' id='par_1_45' title="bbox 322 2857 1977 2937">
     <span class='ocr_line' id='line_1_45' title="bbox 322 2857 1977 2937; baseline -0.005 -16"><span class='ocrx_word' id='word_1_311' title='bbox 322 2866 543 2937; x_wconf 88' lang='lat' dir='ltr'>aliique</span> <span class='ocrx_word' id='word_1_312' title='bbox 571 2864 776 2921; x_wconf 65' lang='lat' dir='ltr'>Judmo</span> <span class='ocrx_word' id='word_1_313' title='bbox 810 2863 1062 2933; x_wconf 86' lang='lat' dir='ltr'>dicebat,</span> <span class='ocrx_word' id='word_1_314' title='bbox 1114 2879 1177 2918; x_wconf 91' lang='lat' dir='ltr'>se</span> <span class='ocrx_word' id='word_1_315' title='bbox 1223 2861 1486 2917; x_wconf 91' lang='lat' dir='ltr'>nondum</span> <span class='ocrx_word' id='word_1_316' title='bbox 1538 2859 1702 2915; x_wconf 89' lang='lat' dir='ltr'>illam</span> <span class='ocrx_word' id='word_1_317' title='bbox 1758 2857 1977 2913; x_wconf 88' lang='lat' dir='ltr'>vidisse</span> 
     </span>
    </p>
   </div>
   <div class='ocr_carea' id='block_1_46' title="bbox 319 2947 1976 3028">
    <p class='ocr_par' dir='ltr' id='par_1_46' title="bbox 319 2947 1976 3028">
     <span class='ocr_line' id='line_1_46' title="bbox 319 2947 1976 3028; baseline -0.005 -17"><span class='ocrx_word' id='word_1_318' title='bbox 319 2955 661 3028; x_wconf 89' lang='lat' dir='ltr'>imaginem.</span> <span class='ocrx_word' id='word_1_319' title='bbox 695 2952 1057 3025; x_wconf 90' lang='lat' dir='ltr'>Siluitqueis</span> <span class='ocrx_word' id='word_1_320' title='bbox 1087 2953 1189 3023; x_wconf 91' lang='lat' dir='ltr'>qui</span> <span class='ocrx_word' id='word_1_321' title='bbox 1211 2950 1701 3007; x_wconf 89' lang='lat' dir='ltr'>fueratinvitatus</span> <span class='ocrx_word' id='word_1_322' title='bbox 1736 2965 1749 3003; x_wconf 90' lang='lat'><strong>:</strong></span> <span class='ocrx_word' id='word_1_323' title='bbox 1780 2947 1976 3003; x_wconf 86' lang='lat' dir='ltr'>absce-</span> 
     </span>
    </p>
   </div>
   <div class='ocr_carea' id='block_1_47' title="bbox 319 3036 1974 3110">
    <p class='ocr_par' dir='ltr' id='par_1_47' title="bbox 319 3036 1974 3110">
     <span class='ocr_line' id='line_1_47' title="bbox 319 3036 1974 3110; baseline -0.005 -10"><span class='ocrx_word' id='word_1_324' title='bbox 319 3046 466 3101; x_wconf 89' lang='lat' dir='ltr'>dens</span> <span class='ocrx_word' id='word_1_325' title='bbox 516 3049 712 3099; x_wconf 87' lang='lat' dir='ltr'>autem</span> <span class='ocrx_word' id='word_1_326' title='bbox 756 3040 901 3098; x_wconf 90' lang='lat' dir='ltr'>adiit</span> <span class='ocrx_word' id='word_1_327' title='bbox 948 3041 1305 3108; x_wconf 88' lang='lat' dir='ltr'>sacerdotes,</span> <span class='ocrx_word' id='word_1_328' title='bbox 1369 3041 1763 3110; x_wconf 72' lang='lat' dir='ltr'>Judzeumque</span> <span class='ocrx_word' id='word_1_329' title='bbox 1805 3036 1974 3092; x_wconf 90' lang='lat' dir='ltr'>illum</span> 
     </span>
    </p>
   </div>
   <div class='ocr_carea' id='block_1_48' title="bbox 320 3127 1973 3191">
    <p class='ocr_par' dir='ltr' id='par_1_48' title="bbox 320 3127 1973 3191">
     <span class='ocr_line' id='line_1_48' title="bbox 320 3127 1973 3191; baseline -0.006 0"><span class='ocrx_word' id='word_1_330' title='bbox 320 3133 618 3191; x_wconf 82' lang='lat' dir='ltr'>accusavit</span> <span class='ocrx_word' id='word_1_331' title='bbox 645 3132 740 3188; x_wconf 88' lang='lat' dir='ltr'>his</span> <span class='ocrx_word' id='word_1_332' title='bbox 773 3130 966 3188; x_wconf 86' lang='lat' dir='ltr'>verbis</span> <span class='ocrx_word' id='word_1_333' title='bbox 1002 3149 1014 3187; x_wconf 94' lang='lat'>:</span> <span class='ocrx_word' id='word_1_334' title='bbox 1050 3130 1235 3186; x_wconf 90' lang='lat' dir='ltr'>Homo</span> <span class='ocrx_word' id='word_1_335' title='bbox 1283 3130 1383 3185; x_wconf 91' lang='lat' dir='ltr'>ille</span> <span class='ocrx_word' id='word_1_336' title='bbox 1426 3129 1602 3185; x_wconf 88' lang='lat' dir='ltr'>habet</span> <span class='ocrx_word' id='word_1_337' title='bbox 1632 3127 1790 3183; x_wconf 89' lang='lat' dir='ltr'>domi</span> <span class='ocrx_word' id='word_1_338' title='bbox 1823 3127 1973 3182; x_wconf 89' lang='lat' dir='ltr'>ima-</span> 
     </span>
    </p>
   </div>
   <div class='ocr_carea' id='block_1_49' title="bbox 322 3218 2048 3322">
    <p class='ocr_par' dir='ltr' id='par_1_49' title="bbox 322 3218 2048 3322">
     <span class='ocr_line' id='line_1_49' title="bbox 322 3218 2048 3322; baseline -0.003 -46"><span class='ocrx_word' id='word_1_339' title='bbox 322 3222 522 3294; x_wconf 86' lang='lat' dir='ltr'>ginem</span> <span class='ocrx_word' id='word_1_340' title='bbox 551 3221 843 3288; x_wconf 70' lang='lat' dir='ltr'>Nazaraai;</span> <span class='ocrx_word' id='word_1_341' title='bbox 875 3221 1000 3293; x_wconf 89' lang='lat' dir='ltr'>qui,</span> <span class='ocrx_word' id='word_1_342' title='bbox 1032 3220 1128 3275; x_wconf 90' lang='lat' dir='ltr'>his</span> <span class='ocrx_word' id='word_1_343' title='bbox 1160 3219 1633 3290; x_wconf 88' lang='lat' dir='ltr'>auditis,magno</span> <span class='ocrx_word' id='word_1_344' title='bbox 1667 3218 1859 3273; x_wconf 86' lang='lat' dir='ltr'>furore</span> <span class='ocrx_word' id='word_1_345' title='bbox 1880 3231 1969 3271; x_wconf 90' lang='lat' dir='ltr'>re-</span> <span class='ocrx_word' id='word_1_346' title='bbox 2003 3253 2048 3322; x_wconf 65' lang='grc' dir='ltr'>Ο</span> 
     </span>
    </p>
   </div>
   <div class='ocr_carea' id='block_1_50' title="bbox 323 3309 1649 3383">
    <p class='ocr_par' dir='ltr' id='par_1_50' title="bbox 323 3309 1649 3383">
     <span class='ocr_line' id='line_1_50' title="bbox 323 3309 1649 3383; baseline -0.002 -17"><span class='ocrx_word' id='word_1_347' title='bbox 323 3310 467 3383; x_wconf 89' lang='lat' dir='ltr'>pleti</span> <span class='ocrx_word' id='word_1_348' title='bbox 496 3314 656 3379; x_wconf 89' lang='lat' dir='ltr'>sunt,</span> <span class='ocrx_word' id='word_1_349' title='bbox 687 3325 754 3365; x_wconf 93' lang='lat' dir='ltr'>eo</span> <span class='ocrx_word' id='word_1_350' title='bbox 782 3314 983 3365; x_wconf 89' lang='lat' dir='ltr'>tamen</span> <span class='ocrx_word' id='word_1_351' title='bbox 1013 3325 1251 3382; x_wconf 87' lang='lat' dir='ltr'>vespere</span> <span class='ocrx_word' id='word_1_352' title='bbox 1282 3309 1649 3382; x_wconf 84' lang='lat' dir='ltr'>quieverunt.</span> 
     </span>
    </p>
   </div>
   <div class='ocr_carea' id='block_1_51' title="bbox 397 3412 1975 3489">
    <p class='ocr_par' dir='ltr' id='par_1_51' title="bbox 397 3412 1975 3489">
     <span class='ocr_line' id='line_1_51' title="bbox 397 3412 1975 3489; baseline -0.004 -16"><span class='ocrx_word' id='word_1_353' title='bbox 397 3419 451 3474; x_wconf 76' lang='grc'>4.</span> <span class='ocrx_word' id='word_1_354' title='bbox 485 3418 727 3473; x_wconf 89' lang='lat' dir='ltr'>Ineunte</span> <span class='ocrx_word' id='word_1_355' title='bbox 755 3414 886 3472; x_wconf 90' lang='lat' dir='ltr'>luce</span> <span class='ocrx_word' id='word_1_356' title='bbox 917 3420 1217 3489; x_wconf 83' lang='lat' dir='ltr'>sequente,</span> <span class='ocrx_word' id='word_1_357' title='bbox 1242 3420 1549 3488; x_wconf 90' lang='lat' dir='ltr'>assumpto</span> <span class='ocrx_word' id='word_1_358' title='bbox 1581 3429 1782 3471; x_wconf 87' lang='lat' dir='ltr'>secum</span> <span class='ocrx_word' id='word_1_359' title='bbox 1815 3412 1975 3486; x_wconf 89' lang='lat' dir='ltr'>prin-</span> 
     </span>
    </p>
   </div>
   <div class='ocr_carea' id='block_1_52' title="bbox 322 3504 1975 3579">
    <p class='ocr_par' dir='ltr' id='par_1_52' title="bbox 322 3504 1975 3579">
     <span class='ocr_line' id='line_1_52' title="bbox 322 3504 1975 3579; baseline -0.005 -14"><span class='ocrx_word' id='word_1_360' title='bbox 322 3506 484 3579; x_wconf 89' lang='lat' dir='ltr'>cipes</span> <span class='ocrx_word' id='word_1_361' title='bbox 505 3506 873 3563; x_wconf 87' lang='lat' dir='ltr'>sacerdotum</span> <span class='ocrx_word' id='word_1_362' title='bbox 906 3505 1108 3561; x_wconf 79' lang='lat' dir='ltr'>Judst</span> <span class='ocrx_word' id='word_1_363' title='bbox 1143 3506 1241 3579; x_wconf 91' lang='lat' dir='ltr'>qui</span> <span class='ocrx_word' id='word_1_364' title='bbox 1276 3504 1457 3561; x_wconf 89' lang='lat' dir='ltr'>alium</span> <span class='ocrx_word' id='word_1_365' title='bbox 1482 3507 1805 3568; x_wconf 87' lang='lat' dir='ltr'>accusarat,</span> <span class='ocrx_word' id='word_1_366' title='bbox 1839 3516 1975 3558; x_wconf 89' lang='lat' dir='ltr'>cum</span> 
     </span>
    </p>
   </div>
   <div class='ocr_carea' id='block_1_53' title="bbox 321 3591 1978 3669">
    <p class='ocr_par' dir='ltr' id='par_1_53' title="bbox 321 3591 1978 3669">
     <span class='ocr_line' id='line_1_53' title="bbox 321 3591 1978 3669; baseline -0.004 -17"><span class='ocrx_word' id='word_1_367' title='bbox 321 3612 538 3669; x_wconf 87' lang='lat' dir='ltr'>magna</span> <span class='ocrx_word' id='word_1_368' title='bbox 569 3595 769 3668; x_wconf 89' lang='lat' dir='ltr'>populi</span> <span class='ocrx_word' id='word_1_369' title='bbox 821 3596 918 3651; x_wconf 90' lang='lat' dir='ltr'>sui</span> <span class='ocrx_word' id='word_1_370' title='bbox 958 3594 1311 3668; x_wconf 89' lang='lat' dir='ltr'>frequentia,</span> <span class='ocrx_word' id='word_1_371' title='bbox 1356 3594 1595 3650; x_wconf 86' lang='lat' dir='ltr'>domum</span> <span class='ocrx_word' id='word_1_372' title='bbox 1647 3591 1978 3649; x_wconf 89' lang='lat' dir='ltr'>concedunt</span> 
     </span>
    </p>
   </div>
   <div class='ocr_carea' id='block_1_54' title="bbox 317 3681 1975 3758">
    <p class='ocr_par' dir='ltr' id='par_1_54' title="bbox 317 3681 1975 3758">
     <span class='ocr_line' id='line_1_54' title="bbox 317 3681 1975 3758; baseline -0.004 -15"><span class='ocrx_word' id='word_1_373' title='bbox 317 3684 594 3753; x_wconf 67' lang='lat' dir='ltr'>Judaei,in</span> <span class='ocrx_word' id='word_1_374' title='bbox 624 3702 738 3756; x_wconf 89' lang='lat' dir='ltr'>qua</span> <span class='ocrx_word' id='word_1_375' title='bbox 767 3685 965 3741; x_wconf 88' lang='lat' dir='ltr'>stabat</span> <span class='ocrx_word' id='word_1_376' title='bbox 992 3686 1188 3758; x_wconf 86' lang='lat' dir='ltr'>imago</span> <span class='ocrx_word' id='word_1_377' title='bbox 1219 3683 1487 3740; x_wconf 90' lang='lat' dir='ltr'>Domini:</span> <span class='ocrx_word' id='word_1_378' title='bbox 1514 3699 1645 3738; x_wconf 90' lang='lat' dir='ltr'>cum</span> <span class='ocrx_word' id='word_1_379' title='bbox 1678 3681 1975 3755; x_wconf 88' lang='lat' dir='ltr'>pervenis-</span> 
     </span>
    </p>
   </div>
   <div class='ocr_carea' id='block_1_55' title="bbox 319 3772 1976 3846">
    <p class='ocr_par' dir='ltr' id='par_1_55' title="bbox 319 3772 1976 3846">
     <span class='ocr_line' id='line_1_55' title="bbox 319 3772 1976 3846; baseline -0.002 -15"><span class='ocrx_word' id='word_1_380' title='bbox 319 3778 452 3831; x_wconf 88' lang='lat' dir='ltr'>sent</span> <span class='ocrx_word' id='word_1_381' title='bbox 482 3775 554 3830; x_wconf 88' lang='lat' dir='ltr'>ad</span> <span class='ocrx_word' id='word_1_382' title='bbox 588 3772 1071 3841; x_wconf 87' lang='lat' dir='ltr'>locum,insiliere</span> <span class='ocrx_word' id='word_1_383' title='bbox 1092 3773 1384 3846; x_wconf 90' lang='lat' dir='ltr'>principes</span> <span class='ocrx_word' id='word_1_384' title='bbox 1411 3773 1777 3829; x_wconf 86' lang='lat' dir='ltr'>sacerdotum</span> <span class='ocrx_word' id='word_1_385' title='bbox 1806 3776 1863 3827; x_wconf 91' lang='lat' dir='ltr'>et</span> <span class='ocrx_word' id='word_1_386' title='bbox 1889 3787 1976 3828; x_wconf 86' lang='lat' dir='ltr'>se-</span> 
     </span>
    </p>
   </div>
   <div class='ocr_carea' id='block_1_56' title="bbox 322 3862 1974 3935">
    <p class='ocr_par' dir='ltr' id='par_1_56' title="bbox 322 3862 1974 3935">
     <span class='ocr_line' id='line_1_56' title="bbox 322 3862 1974 3935; baseline -0.002 -16"><span class='ocrx_word' id='word_1_387' title='bbox 322 3863 515 3919; x_wconf 89' lang='lat' dir='ltr'>niores</span> <span class='ocrx_word' id='word_1_388' title='bbox 547 3880 678 3919; x_wconf 91' lang='lat' dir='ltr'>cum</span> <span class='ocrx_word' id='word_1_389' title='bbox 713 3880 779 3919; x_wconf 91' lang='lat' dir='ltr'>eo</span> <span class='ocrx_word' id='word_1_390' title='bbox 811 3864 911 3935; x_wconf 90' lang='lat' dir='ltr'>qui</span> <span class='ocrx_word' id='word_1_391' title='bbox 943 3880 1063 3919; x_wconf 87' lang='lat' dir='ltr'>rem</span> <span class='ocrx_word' id='word_1_392' title='bbox 1098 3863 1407 3933; x_wconf 88' lang='lat' dir='ltr'>indicarat,</span> <span class='ocrx_word' id='word_1_393' title='bbox 1425 3862 1641 3934; x_wconf 89' lang='lat' dir='ltr'>illoque</span> <span class='ocrx_word' id='word_1_394' title='bbox 1674 3878 1974 3918; x_wconf 90' lang='lat' dir='ltr'>common-</span> 
     </span>
    </p>
   </div>
   <div class='ocr_carea' id='block_1_57' title="bbox 323 3952 1973 4026">
    <p class='ocr_par' dir='ltr' id='par_1_57' title="bbox 323 3952 1973 4026">
     <span class='ocr_line' id='line_1_57' title="bbox 323 3952 1973 4026; baseline -0.002 -17"><span class='ocrx_word' id='word_1_395' title='bbox 323 3953 889 4026; x_wconf 88' lang='lat' dir='ltr'>stranteimaginem</span> <span class='ocrx_word' id='word_1_396' title='bbox 923 3953 1157 4009; x_wconf 89' lang='lat' dir='ltr'>Domini</span> <span class='ocrx_word' id='word_1_397' title='bbox 1191 3957 1445 4008; x_wconf 88' lang='lat' dir='ltr'>stantem</span> <span class='ocrx_word' id='word_1_398' title='bbox 1496 3953 1793 4008; x_wconf 89' lang='lat' dir='ltr'>viderunt.</span> <span class='ocrx_word' id='word_1_399' title='bbox 1825 3952 1973 4007; x_wconf 86' lang='lat' dir='ltr'>Tum</span> 
     </span>
    </p>
   </div>
   <div class='ocr_carea' id='block_1_58' title="bbox 321 4041 1973 4115">
    <p class='ocr_par' dir='ltr' id='par_1_58' title="bbox 321 4041 1973 4115">
     <span class='ocr_line' id='line_1_58' title="bbox 321 4041 1973 4115; baseline -0.001 -18"><span class='ocrx_word' id='word_1_400' title='bbox 321 4044 518 4098; x_wconf 86' lang='lat' dir='ltr'>furore</span> <span class='ocrx_word' id='word_1_401' title='bbox 548 4059 762 4115; x_wconf 90' lang='lat' dir='ltr'>magno</span> <span class='ocrx_word' id='word_1_402' title='bbox 795 4042 1021 4114; x_wconf 88' lang='lat' dir='ltr'>repleti,</span> <span class='ocrx_word' id='word_1_403' title='bbox 1055 4042 1324 4099; x_wconf 56' lang='lat' dir='ltr'>Judaeum</span> <span class='ocrx_word' id='word_1_404' title='bbox 1360 4042 1417 4097; x_wconf 92' lang='lat' dir='ltr'>in</span> <span class='ocrx_word' id='word_1_405' title='bbox 1467 4043 1642 4098; x_wconf 89' lang='lat' dir='ltr'>domo</span> <span class='ocrx_word' id='word_1_406' title='bbox 1683 4041 1785 4096; x_wconf 88' lang='lat' dir='ltr'>illa</span> <span class='ocrx_word' id='word_1_407' title='bbox 1815 4057 1973 4096; x_wconf 90' lang='lat' dir='ltr'>com-</span> 
     </span>
    </p>
   </div>
   <div class='ocr_carea' id='block_1_59' title="bbox 320 4132 1974 4205">
    <p class='ocr_par' dir='ltr' id='par_1_59' title="bbox 320 4132 1974 4205">
     <span class='ocr_line' id='line_1_59' title="bbox 320 4132 1974 4205; baseline -0.001 -18"><span class='ocrx_word' id='word_1_408' title='bbox 320 4137 650 4188; x_wconf 88' lang='lat' dir='ltr'>morantem</span> <span class='ocrx_word' id='word_1_409' title='bbox 698 4148 994 4205; x_wconf 80' lang='lat' dir='ltr'>synagoga</span> <span class='ocrx_word' id='word_1_410' title='bbox 1038 4132 1354 4202; x_wconf 84' lang='lat' dir='ltr'>ejecerunt.</span> <span class='ocrx_word' id='word_1_411' title='bbox 1411 4132 1733 4203; x_wconf 81' lang='lat' dir='ltr'>imaginem</span> <span class='ocrx_word' id='word_1_412' title='bbox 1776 4134 1974 4187; x_wconf 87' lang='lat' dir='ltr'>autem</span> 
     </span>
    </p>
   </div>
   <div class='ocr_carea' id='block_1_60' title="bbox 316 4220 1972 4291">
    <p class='ocr_par' dir='ltr' id='par_1_60' title="bbox 316 4220 1972 4291">
     <span class='ocr_line' id='line_1_60' title="bbox 316 4220 1972 4291; baseline -0.002 -14"><span class='ocrx_word' id='word_1_413' title='bbox 316 4221 554 4278; x_wconf 87' lang='lat' dir='ltr'>Domini</span> <span class='ocrx_word' id='word_1_414' title='bbox 582 4221 769 4277; x_wconf 89' lang='lat' dir='ltr'>nostri</span> <span class='ocrx_word' id='word_1_415' title='bbox 799 4221 939 4276; x_wconf 89' lang='lat' dir='ltr'>Jesu</span> <span class='ocrx_word' id='word_1_416' title='bbox 971 4220 1183 4276; x_wconf 90' lang='lat' dir='ltr'>Christi</span> <span class='ocrx_word' id='word_1_417' title='bbox 1212 4238 1345 4277; x_wconf 90' lang='lat' dir='ltr'>cum</span> <span class='ocrx_word' id='word_1_418' title='bbox 1370 4222 1972 4291; x_wconf 88' lang='lat' dir='ltr'>demisissent,secum</span> 
     </span>
    </p>
   </div>
   <div class='ocr_carea' id='block_1_61' title="bbox 317 4308 1973 4384">
    <p class='ocr_par' dir='ltr' id='par_1_61' title="bbox 317 4308 1973 4384">
     <span class='ocr_line' id='line_1_61' title="bbox 317 4308 1973 4384; baseline -0.001 -18"><span class='ocrx_word' id='word_1_419' title='bbox 317 4310 400 4367; x_wconf 89' lang='lat' dir='ltr'>ita</span> <span class='ocrx_word' id='word_1_420' title='bbox 432 4309 610 4367; x_wconf 88' lang='lat' dir='ltr'>locuti</span> <span class='ocrx_word' id='word_1_421' title='bbox 641 4315 819 4366; x_wconf 91' lang='lat' dir='ltr'>sunt:</span> <span class='ocrx_word' id='word_1_422' title='bbox 852 4309 1359 4374; x_wconf 90' lang='lat' dir='ltr'>Quemadmodum</span> <span class='ocrx_word' id='word_1_423' title='bbox 1392 4315 1589 4384; x_wconf 87' lang='lat' dir='ltr'>patres</span> <span class='ocrx_word' id='word_1_424' title='bbox 1621 4310 1808 4367; x_wconf 90' lang='lat' dir='ltr'>nostri</span> <span class='ocrx_word' id='word_1_425' title='bbox 1837 4308 1973 4364; x_wconf 91' lang='lat' dir='ltr'>illu-</span> 
     </span>
    </p>
   </div>
   <div class='ocr_carea' id='block_1_62' title="bbox 319 4399 1976 4473">
    <p class='ocr_par' dir='ltr' id='par_1_62' title="bbox 319 4399 1976 4473">
     <span class='ocr_line' id='line_1_62' title="bbox 319 4399 1976 4473; baseline -0.002 -16"><span class='ocrx_word' id='word_1_426' title='bbox 319 4405 524 4457; x_wconf 89' lang='lat' dir='ltr'>serunt</span> <span class='ocrx_word' id='word_1_427' title='bbox 553 4399 669 4473; x_wconf 88' lang='lat' dir='ltr'>ipsi</span> <span class='ocrx_word' id='word_1_428' title='bbox 699 4399 804 4472; x_wconf 88' lang='lat' dir='ltr'>(ita</span> <span class='ocrx_word' id='word_1_429' title='bbox 835 4403 892 4456; x_wconf 89' lang='lat' dir='ltr'>et</span> <span class='ocrx_word' id='word_1_430' title='bbox 922 4417 1028 4456; x_wconf 91' lang='lat' dir='ltr'>nos</span> <span class='ocrx_word' id='word_1_431' title='bbox 1062 4400 1113 4455; x_wconf 91' lang='lat' dir='ltr'>ei</span> <span class='ocrx_word' id='word_1_432' title='bbox 1141 4399 1508 4473; x_wconf 87' lang='lat' dir='ltr'>illudamus).</span> <span class='ocrx_word' id='word_1_433' title='bbox 1556 4401 1702 4456; x_wconf 90' lang='lat' dir='ltr'>Eum</span> <span class='ocrx_word' id='word_1_434' title='bbox 1752 4414 1976 4471; x_wconf 67' lang='lat' dir='ltr'>erepere</span> 
     </span>
    </p>
   </div>
   <div class='ocr_carea' id='block_1_63' title="bbox 320 4489 1976 4564">
    <p class='ocr_par' dir='ltr' id='par_1_63' title="bbox 320 4489 1976 4564">
     <span class='ocr_line' id='line_1_63' title="bbox 320 4489 1976 4564; baseline -0.001 -16"><span class='ocrx_word' id='word_1_435' title='bbox 320 4506 644 4564; x_wconf 86' lang='lat' dir='ltr'>conspuere</span> <span class='ocrx_word' id='word_1_436' title='bbox 695 4490 754 4545; x_wconf 90' lang='lat' dir='ltr'>in</span> <span class='ocrx_word' id='word_1_437' title='bbox 806 4490 1015 4546; x_wconf 85' lang='lat' dir='ltr'>faciem</span> <span class='ocrx_word' id='word_1_438' title='bbox 1068 4489 1350 4563; x_wconf 88' lang='lat' dir='ltr'>imaginis</span> <span class='ocrx_word' id='word_1_439' title='bbox 1398 4489 1655 4557; x_wconf 91' lang='lat' dir='ltr'>Domini,</span> <span class='ocrx_word' id='word_1_440' title='bbox 1711 4489 1976 4562; x_wconf 85' lang='lat' dir='ltr'>colaphis</span> 
     </span>
    </p>
   </div>
   <div class='ocr_carea' id='block_1_64' title="bbox 323 4578 1975 4637">
    <p class='ocr_par' dir='ltr' id='par_1_64' title="bbox 323 4578 1975 4637">
     <span class='ocr_line' id='line_1_64' title="bbox 323 4578 1975 4637; baseline -0.002 0"><span class='ocrx_word' id='word_1_441' title='bbox 323 4596 450 4637; x_wconf 88' lang='lat' dir='ltr'>eam</span> <span class='ocrx_word' id='word_1_442' title='bbox 503 4580 563 4635; x_wconf 91' lang='lat' dir='ltr'>in</span> <span class='ocrx_word' id='word_1_443' title='bbox 615 4579 824 4636; x_wconf 87' lang='lat' dir='ltr'>faciem</span> <span class='ocrx_word' id='word_1_444' title='bbox 872 4578 1008 4634; x_wconf 90' lang='lat' dir='ltr'>hinc</span> <span class='ocrx_word' id='word_1_445' title='bbox 1064 4583 1118 4635; x_wconf 87' lang='lat' dir='ltr'>et</span> <span class='ocrx_word' id='word_1_446' title='bbox 1184 4579 1322 4636; x_wconf 91' lang='lat' dir='ltr'>inde</span> <span class='ocrx_word' id='word_1_447' title='bbox 1367 4579 1739 4635; x_wconf 63' lang='lat' dir='ltr'>ceciderunt.</span> <span class='ocrx_word' id='word_1_448' title='bbox 1793 4585 1975 4634; x_wconf 88' lang='lat' dir='ltr'>Dum-</span> 
     </span>
    </p>
   </div>
   <div class='ocr_carea' id='block_1_65' title="bbox 331 4668 1974 4742">
    <p class='ocr_par' dir='ltr' id='par_1_65' title="bbox 331 4668 1974 4742">
     <span class='ocr_line' id='line_1_65' title="bbox 331 4668 1974 4742; baseline -0.001 -17"><span class='ocrx_word' id='word_1_449' title='bbox 331 4685 446 4742; x_wconf 91' lang='lat' dir='ltr'>que</span> <span class='ocrx_word' id='word_1_450' title='bbox 476 4669 762 4725; x_wconf 78' lang='lat' dir='ltr'>caederent</span> <span class='ocrx_word' id='word_1_451' title='bbox 810 4669 1048 4726; x_wconf 89' lang='lat' dir='ltr'>aiebant</span> <span class='ocrx_word' id='word_1_452' title='bbox 1080 4686 1093 4724; x_wconf 87' lang='lat'><strong>:</strong></span> <span class='ocrx_word' id='word_1_453' title='bbox 1126 4668 1520 4741; x_wconf 72' lang='lat' dir='ltr'>Quaecumque</span> <span class='ocrx_word' id='word_1_454' title='bbox 1566 4673 1759 4740; x_wconf 85' lang='lat' dir='ltr'>patres</span> <span class='ocrx_word' id='word_1_455' title='bbox 1788 4668 1974 4725; x_wconf 86' lang='lat' dir='ltr'>nostri</span> 
     </span>
    </p>
   </div>
   <div class='ocr_carea' id='block_1_66' title="bbox 329 4757 1972 4831">
    <p class='ocr_par' dir='ltr' id='par_1_66' title="bbox 329 4757 1972 4831">
     <span class='ocr_line' id='line_1_66' title="bbox 329 4757 1972 4831; baseline 0 -18"><span class='ocrx_word' id='word_1_456' title='bbox 329 4757 754 4827; x_wconf 86' lang='lat' dir='ltr'>fecere,omnia</span> <span class='ocrx_word' id='word_1_457' title='bbox 782 4775 890 4814; x_wconf 90' lang='lat' dir='ltr'>nos</span> <span class='ocrx_word' id='word_1_458' title='bbox 919 4763 1126 4813; x_wconf 89' lang='lat' dir='ltr'>contra</span> <span class='ocrx_word' id='word_1_459' title='bbox 1154 4759 1283 4829; x_wconf 90' lang='lat' dir='ltr'>ejus</span> <span class='ocrx_word' id='word_1_460' title='bbox 1314 4758 1633 4831; x_wconf 89' lang='lat' dir='ltr'>imaginem</span> <span class='ocrx_word' id='word_1_461' title='bbox 1665 4757 1972 4814; x_wconf 85' lang='lat' dir='ltr'>faciamus.</span> 
     </span>
    </p>
   </div>
   <div class='ocr_carea' id='block_1_67' title="bbox 327 4846 1976 4920">
    <p class='ocr_par' dir='ltr' id='par_1_67' title="bbox 327 4846 1976 4920">
     <span class='ocr_line' id='line_1_67' title="bbox 327 4846 1976 4920; baseline -0.002 -16"><span class='ocrx_word' id='word_1_462' title='bbox 327 4846 699 4917; x_wconf 86' lang='lat' dir='ltr'>Audivimus,</span> <span class='ocrx_word' id='word_1_463' title='bbox 737 4847 1189 4916; x_wconf 88' lang='lat' dir='ltr'>aiunt,ludibria</span> <span class='ocrx_word' id='word_1_464' title='bbox 1215 4846 1276 4903; x_wconf 87' lang='lat' dir='ltr'>in</span> <span class='ocrx_word' id='word_1_465' title='bbox 1308 4864 1443 4904; x_wconf 87' lang='lat' dir='ltr'>eum</span> <span class='ocrx_word' id='word_1_466' title='bbox 1476 4846 1976 4920; x_wconf 83' lang='lat' dir='ltr'>contulisse,idip-</span> 
     </span>
    </p>
   </div>
   <div class='ocr_carea' id='block_1_68' title="bbox 327 4935 1974 5009">
    <p class='ocr_par' dir='ltr' id='par_1_68' title="bbox 327 4935 1974 5009">
     <span class='ocr_line' id='line_1_68' title="bbox 327 4935 1974 5009; baseline 0.001 -17"><span class='ocrx_word' id='word_1_467' title='bbox 327 4953 460 4992; x_wconf 89' lang='lat' dir='ltr'>sum</span> <span class='ocrx_word' id='word_1_468' title='bbox 492 4953 600 4992; x_wconf 89' lang='lat' dir='ltr'>nos</span> <span class='ocrx_word' id='word_1_469' title='bbox 632 4952 899 5009; x_wconf 91' lang='lat' dir='ltr'>agamus.</span> <span class='ocrx_word' id='word_1_470' title='bbox 947 4935 1188 4993; x_wconf 83' lang='lat' dir='ltr'>Inﬁnita</span> <span class='ocrx_word' id='word_1_471' title='bbox 1238 4936 1420 5009; x_wconf 87' lang='lat' dir='ltr'>igitur</span> <span class='ocrx_word' id='word_1_472' title='bbox 1464 4935 1717 4992; x_wconf 88' lang='lat' dir='ltr'>ludibria</span> <span class='ocrx_word' id='word_1_473' title='bbox 1767 4937 1825 4992; x_wconf 91' lang='lat' dir='ltr'>in</span> <span class='ocrx_word' id='word_1_474' title='bbox 1873 4936 1974 4993; x_wconf 90' lang='lat' dir='ltr'>Dei</span> 
     </span>
    </p>
   </div>
   <div class='ocr_carea' id='block_1_69' title="bbox 324 5024 1975 5099">
    <p class='ocr_par' dir='ltr' id='par_1_69' title="bbox 324 5024 1975 5099">
     <span class='ocr_line' id='line_1_69' title="bbox 324 5024 1975 5099; baseline 0.001 -18"><span class='ocrx_word' id='word_1_475' title='bbox 324 5025 647 5099; x_wconf 84' lang='lat' dir='ltr'>imaginem</span> <span class='ocrx_word' id='word_1_476' title='bbox 678 5024 998 5082; x_wconf 90' lang='lat' dir='ltr'>contulere.</span> <span class='ocrx_word' id='word_1_477' title='bbox 1030 5025 1246 5082; x_wconf 85' lang='lat' dir='ltr'>Vereor</span> <span class='ocrx_word' id='word_1_478' title='bbox 1290 5026 1457 5082; x_wconf 83' lang='lat' dir='ltr'>vobis</span> <span class='ocrx_word' id='word_1_479' title='bbox 1502 5043 1568 5082; x_wconf 88' lang='lat' dir='ltr'>ea</span> <span class='ocrx_word' id='word_1_480' title='bbox 1611 5026 1794 5098; x_wconf 90' lang='lat' dir='ltr'>loqui,</span> <span class='ocrx_word' id='word_1_481' title='bbox 1845 5043 1975 5098; x_wconf 76' lang='lat' dir='ltr'>quae</span> 
     </span>
    </p>
   </div>
   <div class='ocr_carea' id='block_1_70' title="bbox 324 5114 1976 5188">
    <p class='ocr_par' dir='ltr' id='par_1_70' title="bbox 324 5114 1976 5188">
     <span class='ocr_line' id='line_1_70' title="bbox 324 5114 1976 5188; baseline 0 -17"><span class='ocrx_word' id='word_1_482' title='bbox 324 5120 452 5171; x_wconf 86' lang='lat' dir='ltr'>tum</span> <span class='ocrx_word' id='word_1_483' title='bbox 484 5114 570 5172; x_wconf 86' lang='lat' dir='ltr'>illi</span> <span class='ocrx_word' id='word_1_484' title='bbox 601 5121 743 5171; x_wconf 86' lang='lat' dir='ltr'>sunt</span> <span class='ocrx_word' id='word_1_485' title='bbox 771 5115 921 5171; x_wconf 90' lang='lat' dir='ltr'>ausi.</span> <span class='ocrx_word' id='word_1_486' title='bbox 954 5114 1134 5170; x_wconf 90' lang='lat' dir='ltr'>Aiunt</span> <span class='ocrx_word' id='word_1_487' title='bbox 1183 5115 1434 5171; x_wconf 90' lang='lat' dir='ltr'>deinde:</span> <span class='ocrx_word' id='word_1_488' title='bbox 1463 5116 1807 5172; x_wconf 84' lang='lat' dir='ltr'>Audivimus</span> <span class='ocrx_word' id='word_1_489' title='bbox 1854 5116 1976 5188; x_wconf 87' lang='lat' dir='ltr'>(pa-</span> 
     </span>
    </p>
   </div>
   <div class='ocr_carea' id='block_1_71' title="bbox 322 5203 1976 5279">
    <p class='ocr_par' dir='ltr' id='par_1_71' title="bbox 322 5203 1976 5279">
     <span class='ocr_line' id='line_1_71' title="bbox 322 5203 1976 5279; baseline -0.001 -18"><span class='ocrx_word' id='word_1_490' title='bbox 322 5208 445 5261; x_wconf 89' lang='lat' dir='ltr'>tres</span> <span class='ocrx_word' id='word_1_491' title='bbox 475 5206 732 5279; x_wconf 89' lang='lat' dir='ltr'>nostros)</span> <span class='ocrx_word' id='word_1_492' title='bbox 759 5203 937 5261; x_wconf 88' lang='lat' dir='ltr'>clavis</span> <span class='ocrx_word' id='word_1_493' title='bbox 971 5221 1181 5260; x_wconf 84' lang='lat' dir='ltr'>manus</span> <span class='ocrx_word' id='word_1_494' title='bbox 1212 5214 1267 5260; x_wconf 86' lang='lat' dir='ltr'>et</span> <span class='ocrx_word' id='word_1_495' title='bbox 1296 5205 1473 5276; x_wconf 89' lang='lat' dir='ltr'>pedes</span> <span class='ocrx_word' id='word_1_496' title='bbox 1504 5206 1632 5276; x_wconf 89' lang='lat' dir='ltr'>ejus</span> <span class='ocrx_word' id='word_1_497' title='bbox 1665 5204 1976 5261; x_wconf 83' lang='lat' dir='ltr'>conﬁxisse</span> 
     </span>
    </p>
   </div>
   <div class='ocr_carea' id='block_1_72' title="bbox 324 5294 1972 5366">
    <p class='ocr_par' dir='ltr' id='par_1_72' title="bbox 324 5294 1972 5366">
     <span class='ocr_line' id='line_1_72' title="bbox 324 5294 1972 5366; baseline 0 -17"><span class='ocrx_word' id='word_1_498' title='bbox 324 5294 385 5349; x_wconf 91' lang='lat' dir='ltr'>id</span> <span class='ocrx_word' id='word_1_499' title='bbox 414 5298 469 5350; x_wconf 87' lang='lat' dir='ltr'>et</span> <span class='ocrx_word' id='word_1_500' title='bbox 500 5312 609 5352; x_wconf 89' lang='lat' dir='ltr'>nos</span> <span class='ocrx_word' id='word_1_501' title='bbox 641 5295 1108 5352; x_wconf 81' lang='lat' dir='ltr'>faciamus.Tum</span> <span class='ocrx_word' id='word_1_502' title='bbox 1140 5294 1316 5365; x_wconf 90' lang='lat' dir='ltr'>pedes</span> <span class='ocrx_word' id='word_1_503' title='bbox 1348 5310 1679 5366; x_wconf 88' lang='lat' dir='ltr'>manusque</span> <span class='ocrx_word' id='word_1_504' title='bbox 1712 5294 1972 5350; x_wconf 88' lang='lat' dir='ltr'>Domini-</span> 
     </span>
    </p>
   </div>
   <div class='ocr_carea' id='block_1_73' title="bbox 327 5370 1977 5458">
    <p class='ocr_par' dir='ltr' id='par_1_73' title="bbox 327 5370 1977 5458">
     <span class='ocr_line' id='line_1_73' title="bbox 327 5370 1977 5458; baseline 0 -19"><span class='ocrx_word' id='word_1_505' title='bbox 327 5399 405 5439; x_wconf 66' lang='grc' dir='ltr'>οω</span> <span class='ocrx_word' id='word_1_506' title='bbox 439 5384 715 5458; x_wconf 88' lang='lat' dir='ltr'>imaginis</span> <span class='ocrx_word' id='word_1_507' title='bbox 765 5370 1057 5440; x_wconf 83' lang='lat' dir='ltr'>confixere</span> <span class='ocrx_word' id='word_1_508' title='bbox 1085 5382 1287 5439; x_wconf 89' lang='lat' dir='ltr'>clavis.</span> <span class='ocrx_word' id='word_1_509' title='bbox 1321 5383 1538 5438; x_wconf 88' lang='lat' dir='ltr'>Iterum</span> <span class='ocrx_word' id='word_1_510' title='bbox 1587 5382 1752 5439; x_wconf 88' lang='lat' dir='ltr'>aiunt</span> <span class='ocrx_word' id='word_1_511' title='bbox 1780 5384 1977 5439; x_wconf 88' lang='lat' dir='ltr'>furore</span> 
     </span>
    </p>
   </div>
   <div class='ocr_carea' id='block_1_74' title="bbox 326 5470 1975 5546">
    <p class='ocr_par' dir='ltr' id='par_1_74' title="bbox 326 5470 1975 5546">
     <span class='ocr_line' id='line_1_74' title="bbox 326 5470 1975 5546; baseline 0.001 -18"><span class='ocrx_word' id='word_1_512' title='bbox 326 5474 578 5546; x_wconf 85' lang='lat' dir='ltr'>correpti</span> <span class='ocrx_word' id='word_1_513' title='bbox 611 5490 625 5529; x_wconf 88' lang='lat'><strong>:</strong></span> <span class='ocrx_word' id='word_1_514' title='bbox 658 5473 1008 5530; x_wconf 86' lang='lat' dir='ltr'>Audivimus</span> <span class='ocrx_word' id='word_1_515' title='bbox 1050 5488 1150 5529; x_wconf 88' lang='lat' dir='ltr'>eos</span> <span class='ocrx_word' id='word_1_516' title='bbox 1180 5477 1344 5529; x_wconf 88' lang='lat' dir='ltr'>aceto</span> <span class='ocrx_word' id='word_1_517' title='bbox 1374 5477 1432 5529; x_wconf 91' lang='lat' dir='ltr'>et</span> <span class='ocrx_word' id='word_1_518' title='bbox 1461 5470 1595 5528; x_wconf 80' lang='lat' dir='ltr'>felle</span> <span class='ocrx_word' id='word_1_519' title='bbox 1625 5489 1759 5529; x_wconf 89' lang='lat' dir='ltr'>cum</span> <span class='ocrx_word' id='word_1_520' title='bbox 1793 5489 1975 5546; x_wconf 89' lang='lat' dir='ltr'>spon-</span> 
     </span>
    </p>
   </div>
   <div class='ocr_carea' id='block_1_75' title="bbox 403 5637 1972 5717">
    <p class='ocr_par' dir='ltr' id='par_1_75' title="bbox 403 5637 1972 5717">
     <span class='ocr_line' id='line_1_75' title="bbox 403 5637 1972 5717; baseline 0.003 -21"><span class='ocrx_word' id='word_1_521' title='bbox 403 5641 515 5715; x_wconf 89' lang='grc'>(15)</span> <span class='ocrx_word' id='word_1_522' title='bbox 542 5644 606 5699; x_wconf 87' lang='lat' dir='ltr'>In</span> <span class='ocrx_word' id='word_1_523' title='bbox 628 5642 855 5717; x_wconf 72' lang='lat' dir='ltr'>_C_oncil.</span> <span class='ocrx_word' id='word_1_524' title='bbox 902 5642 1088 5717; x_wconf 49' lang='grc' dir='ltr'>Εἰς),</span> <span class='ocrx_word' id='word_1_525' title='bbox 1120 5639 1449 5717; x_wconf 64' lang='grc' dir='ltr'>ἐπεζήτησεΔ</span> <span class='ocrx_word' id='word_1_526' title='bbox 1481 5637 1704 5713; x_wconf 82' lang='grc' dir='ltr'>μιτάτον</span> <span class='ocrx_word' id='word_1_527' title='bbox 1767 5644 1972 5717; x_wconf 86' lang='grc' dir='ltr'>μεῖζον.</span> 
     </span>
    </p>
   </div>
   <div class='ocr_carea' id='block_1_76' title="bbox 328 5714 1529 5787">
    <p class='ocr_par' dir='ltr' id='par_1_76' title="bbox 328 5714 1529 5787">
     <span class='ocr_line' id='line_1_76' title="bbox 328 5714 1529 5787; baseline -0.002 -15"><span class='ocrx_word' id='word_1_528' title='bbox 328 5717 413 5772; x_wconf 89' lang='lat' dir='ltr'>De</span> <span class='ocrx_word' id='word_1_529' title='bbox 432 5730 593 5787; x_wconf 89' lang='lat' dir='ltr'>voce,</span> <span class='ocrx_word' id='word_1_530' title='bbox 627 5715 867 5771; x_wconf 87' lang='grc' dir='ltr'>Μιτατον</span> <span class='ocrx_word' id='word_1_531' title='bbox 900 5714 1044 5772; x_wconf 87' lang='lat' dir='ltr'>Vide</span> <span class='ocrx_word' id='word_1_532' title='bbox 1072 5714 1132 5770; x_wconf 89' lang='lat' dir='ltr'>in</span> <span class='ocrx_word' id='word_1_533' title='bbox 1166 5714 1529 5772; x_wconf 70' lang='lat' dir='ltr'>Onomastz&#39;ro.</span> 
     </span>
    </p>
   </div>
   <div class='ocr_carea' id='block_1_77' title="bbox 2006 4632 2054 4698">
    <p class='ocr_par' dir='ltr' id='par_1_77' title="bbox 2006 4632 2054 4698">
     <span class='ocr_line' id='line_1_77' title="bbox 2006 4632 2054 4698; baseline 0 0"><span class='ocrx_word' id='word_1_534' title='bbox 2006 4632 2054 4698; x_wconf 93' lang='lat' dir='ltr'>D</span> 
     </span>
    </p>
   </div>
   <div class='ocr_carea' id='block_1_78' title="bbox 2089 1952 3753 2030">
    <p class='ocr_par' dir='ltr' id='par_1_78' title="bbox 2089 1952 3753 2030">
     <span class='ocr_line' id='line_1_78' title="bbox 2089 1952 3753 2030; baseline 0.001 -19"><span class='ocrx_word' id='word_1_535' title='bbox 2089 1954 2253 2011; x_wconf 86' lang='grc' dir='ltr'>τόπον</span> <span class='ocrx_word' id='word_1_536' title='bbox 2288 1954 2512 2023; x_wconf 85' lang='grc' dir='ltr'>ἐκεῖνον,</span> <span class='ocrx_word' id='word_1_537' title='bbox 2561 1952 2688 2011; x_wconf 85' lang='grc' dir='ltr'>ἀλλ’</span> <span class='ocrx_word' id='word_1_538' title='bbox 2733 1953 2990 2010; x_wconf 54' lang='grc' dir='ltr'>εἰσελθὼν</span> <span class='ocrx_word' id='word_1_539' title='bbox 3037 1955 3350 2028; x_wconf 71' lang='grc' dir='ltr'>κατέμενεν.</span> <span class='ocrx_word' id='word_1_540' title='bbox 3400 1957 3490 2010; x_wconf 87' lang='grc' dir='ltr'>Ἐν</span> <span class='ocrx_word' id='word_1_541' title='bbox 3546 1961 3646 2030; x_wconf 83' lang='grc' dir='ltr'>μιᾷ</span> <span class='ocrx_word' id='word_1_542' title='bbox 3694 1952 3753 2012; x_wconf 75' lang='grc' dir='ltr'>δὲ</span> 
     </span>
    </p>
   </div>
   <div class='ocr_carea' id='block_1_79' title="bbox 2089 2041 3748 2121">
    <p class='ocr_par' dir='ltr' id='par_1_79' title="bbox 2089 2041 3748 2121">
     <span class='ocr_line' id='line_1_79' title="bbox 2089 2041 3748 2121; baseline 0.001 -21"><span class='ocrx_word' id='word_1_543' title='bbox 2089 2049 2197 2100; x_wconf 83' lang='grc' dir='ltr'>τῶν</span> <span class='ocrx_word' id='word_1_544' title='bbox 2247 2048 2469 2121; x_wconf 81' lang='grc' dir='ltr'>ἡμερῶν</span> <span class='ocrx_word' id='word_1_545' title='bbox 2517 2041 2764 2099; x_wconf 81' lang='grc' dir='ltr'>ἐκάλεσεν</span> <span class='ocrx_word' id='word_1_546' title='bbox 2798 2045 2827 2099; x_wconf 90' lang='lat'>6</span> <span class='ocrx_word' id='word_1_547' title='bbox 2860 2042 3018 2106; x_wconf 81' lang='grc' dir='ltr'>αὐτὸς</span> <span class='ocrx_word' id='word_1_548' title='bbox 3066 2041 3328 2107; x_wconf 88' lang='grc' dir='ltr'>Ἰουδαῖος</span> <span class='ocrx_word' id='word_1_549' title='bbox 3367 2042 3618 2100; x_wconf 79' lang='grc' dir='ltr'>σύνεθνον</span> <span class='ocrx_word' id='word_1_550' title='bbox 3653 2045 3748 2101; x_wconf 79' lang='grc' dir='ltr'>αὖ·</span> 
     </span>
    </p>
   </div>
   <div class='ocr_carea' id='block_1_80' title="bbox 2088 2131 3748 2211">
    <p class='ocr_par' dir='ltr' id='par_1_80' title="bbox 2088 2131 3748 2211">
     <span class='ocr_line' id='line_1_80' title="bbox 2088 2131 3748 2211; baseline -0.001 -22"><span class='ocrx_word' id='word_1_551' title='bbox 2088 2139 2186 2189; x_wconf 91' lang='grc' dir='ltr'>τοῦ</span> <span class='ocrx_word' id='word_1_552' title='bbox 2218 2132 2305 2189; x_wconf 83' lang='grc' dir='ltr'>ἐπὶ</span> <span class='ocrx_word' id='word_1_553' title='bbox 2357 2131 2593 2209; x_wconf 80' lang='grc' dir='ltr'>ἄριστον.</span> <span class='ocrx_word' id='word_1_554' title='bbox 2646 2133 2745 2188; x_wconf 78' lang='grc' dir='ltr'>Καὶ</span> <span class='ocrx_word' id='word_1_555' title='bbox 2798 2132 2850 2188; x_wconf 90' lang='grc' dir='ltr'>ἐν</span> <span class='ocrx_word' id='word_1_556' title='bbox 2896 2137 2975 2205; x_wconf 82' lang='grc' dir='ltr'>τῷ</span> <span class='ocrx_word' id='word_1_557' title='bbox 3024 2134 3243 2211; x_wconf 84' lang='grc' dir='ltr'>ἀριστᾷν</span> <span class='ocrx_word' id='word_1_558' title='bbox 3296 2131 3515 2205; x_wconf 70' lang='grc' dir='ltr'>αὖτοὺς,</span> <span class='ocrx_word' id='word_1_559' title='bbox 3549 2132 3748 2211; x_wconf 85' lang='grc' dir='ltr'>ἐπάρας</span> 
     </span>
    </p>
   </div>
   <div class='ocr_carea' id='block_1_81' title="bbox 2090 2220 3744 2301">
    <p class='ocr_par' dir='ltr' id='par_1_81' title="bbox 2090 2220 3744 2301">
     <span class='ocr_line' id='line_1_81' title="bbox 2090 2220 3744 2301; baseline 0 -23"><span class='ocrx_word' id='word_1_560' title='bbox 2090 2221 2216 2285; x_wconf 78' lang='grc' dir='ltr'>τοῦς</span> <span class='ocrx_word' id='word_1_561' title='bbox 2250 2220 2566 2301; x_wconf 79' lang='grc' dir='ltr'>ὀφθαλμοὺς</span> <span class='ocrx_word' id='word_1_562' title='bbox 2598 2222 2763 2278; x_wconf 80' lang='grc' dir='ltr'>αὐτοῦ</span> <span class='ocrx_word' id='word_1_563' title='bbox 2795 2223 2823 2277; x_wconf 87' lang='lat'>6</span> <span class='ocrx_word' id='word_1_564' title='bbox 2854 2224 3082 2293; x_wconf 80' lang='grc' dir='ltr'>κληθεὶς</span> <span class='ocrx_word' id='word_1_565' title='bbox 3115 2220 3379 2285; x_wconf 88' lang='grc' dir='ltr'>Ἰουδαῖος</span> <span class='ocrx_word' id='word_1_566' title='bbox 3422 2223 3499 2287; x_wconf 91' lang='grc' dir='ltr'>εἰς</span> <span class='ocrx_word' id='word_1_567' title='bbox 3538 2225 3635 2293; x_wconf 84' lang='grc' dir='ltr'>τήν</span> <span class='ocrx_word' id='word_1_568' title='bbox 3669 2223 3744 2278; x_wconf 78' lang='grc' dir='ltr'>εἷ’-</span> 
     </span>
    </p>
   </div>
   <div class='ocr_carea' id='block_1_82' title="bbox 2089 2307 3744 2388">
    <p class='ocr_par' dir='ltr' id='par_1_82' title="bbox 2089 2307 3744 2388">
     <span class='ocr_line' id='line_1_82' title="bbox 2089 2307 3744 2388; baseline 0 -20"><span class='ocrx_word' id='word_1_569' title='bbox 2089 2313 2223 2368; x_wconf 86' lang='grc' dir='ltr'>κόνα</span> <span class='ocrx_word' id='word_1_570' title='bbox 2251 2316 2349 2368; x_wconf 89' lang='grc' dir='ltr'>τοῦ</span> <span class='ocrx_word' id='word_1_571' title='bbox 2398 2311 2830 2386; x_wconf 84' lang='grc' dir='ltr'>ἐσταυρωμένου,</span> <span class='ocrx_word' id='word_1_572' title='bbox 2888 2311 2999 2368; x_wconf 85' lang='grc' dir='ltr'>ἐκεῖ</span> <span class='ocrx_word' id='word_1_573' title='bbox 3047 2307 3229 2388; x_wconf 77' lang='grc' dir='ltr'>ὕϐρεις</span> <span class='ocrx_word' id='word_1_574' title='bbox 3272 2310 3609 2385; x_wconf 88' lang='grc' dir='ltr'>παμπόλλας</span> <span class='ocrx_word' id='word_1_575' title='bbox 3654 2312 3744 2368; x_wconf 87' lang='grc' dir='ltr'>καὶ</span> 
     </span>
    </p>
   </div>
   <div class='ocr_carea' id='block_1_83' title="bbox 2090 2399 3745 2478">
    <p class='ocr_par' dir='ltr' id='par_1_83' title="bbox 2090 2399 3745 2478">
     <span class='ocr_line' id='line_1_83' title="bbox 2090 2399 3745 2478; baseline 0.001 -21"><span class='ocrx_word' id='word_1_576' title='bbox 2090 2401 2402 2475; x_wconf 85' lang='grc' dir='ltr'>ἀθεμίτους,</span> <span class='ocrx_word' id='word_1_577' title='bbox 2461 2401 2550 2478; x_wconf 80' lang='grc' dir='ltr'>ἀφ’</span> <span class='ocrx_word' id='word_1_578' title='bbox 2602 2401 2670 2470; x_wconf 75' lang='grc' dir='ltr'>ἧς</span> <span class='ocrx_word' id='word_1_579' title='bbox 2718 2400 2862 2477; x_wconf 84' lang='grc' dir='ltr'>ὥρας</span> <span class='ocrx_word' id='word_1_580' title='bbox 2914 2399 3022 2457; x_wconf 90' lang='grc' dir='ltr'>εἰδε</span> <span class='ocrx_word' id='word_1_581' title='bbox 3068 2402 3168 2472; x_wconf 79' lang='grc' dir='ltr'>τὴν</span> <span class='ocrx_word' id='word_1_582' title='bbox 3222 2401 3405 2457; x_wconf 77' lang='grc' dir='ltr'>εἰκόνα</span> <span class='ocrx_word' id='word_1_583' title='bbox 3447 2407 3543 2458; x_wconf 81' lang='grc' dir='ltr'>τοῦ</span> <span class='ocrx_word' id='word_1_584' title='bbox 3587 2408 3745 2474; x_wconf 84' lang='grc' dir='ltr'>Θεοῦ,</span> 
     </span>
    </p>
   </div>
   <div class='ocr_carea' id='block_1_84' title="bbox 2088 2490 3743 2569">
    <p class='ocr_par' dir='ltr' id='par_1_84' title="bbox 2088 2490 3743 2569">
     <span class='ocr_line' id='line_1_84' title="bbox 2088 2490 3743 2569; baseline 0.001 -22"><span class='ocrx_word' id='word_1_585' title='bbox 2088 2494 2205 2547; x_wconf 84' lang='grc' dir='ltr'>κατ’</span> <span class='ocrx_word' id='word_1_586' title='bbox 2239 2492 2405 2560; x_wconf 80' lang='grc' dir='ltr'>αὐτῆς</span> <span class='ocrx_word' id='word_1_587' title='bbox 2438 2493 2576 2562; x_wconf 80' lang='grc' dir='ltr'>εἷπε,</span> <span class='ocrx_word' id='word_1_588' title='bbox 2607 2490 2668 2553; x_wconf 76' lang='grc' dir='ltr'>ἃς</span> <span class='ocrx_word' id='word_1_589' title='bbox 2700 2490 2761 2546; x_wconf 81' lang='grc' dir='ltr'>οὐ</span> <span class='ocrx_word' id='word_1_590' title='bbox 2808 2493 3029 2565; x_wconf 81' lang='grc' dir='ltr'>τολμῶ,</span> <span class='ocrx_word' id='word_1_591' title='bbox 3085 2493 3160 2564; x_wconf 82' lang='grc' dir='ltr'>μή</span> <span class='ocrx_word' id='word_1_592' title='bbox 3218 2494 3431 2569; x_wconf 87' lang='grc' dir='ltr'>γένοιτο</span> <span class='ocrx_word' id='word_1_593' title='bbox 3461 2493 3473 2549; x_wconf 81' lang='lat' dir='ltr'>i</span> <span class='ocrx_word' id='word_1_594' title='bbox 3509 2492 3743 2569; x_wconf 83' lang='grc' dir='ltr'>γράψαι,</span> 
     </span>
    </p>
   </div>
   <div class='ocr_carea' id='block_1_85' title="bbox 2091 2580 3752 2657">
    <p class='ocr_par' dir='ltr' id='par_1_85' title="bbox 2091 2580 3752 2657">
     <span class='ocr_line' id='line_1_85' title="bbox 2091 2580 3752 2657; baseline 0.002 -22"><span class='ocrx_word' id='word_1_595' title='bbox 2091 2583 2258 2656; x_wconf 85' lang='grc' dir='ltr'>ἅσπερ</span> <span class='ocrx_word' id='word_1_596' title='bbox 2307 2582 2447 2636; x_wconf 76' lang='grc' dir='ltr'>εἶπεν</span> <span class='ocrx_word' id='word_1_597' title='bbox 2498 2580 2633 2636; x_wconf 79' lang='grc' dir='ltr'>κατὰ</span> <span class='ocrx_word' id='word_1_598' title='bbox 2679 2585 2777 2636; x_wconf 90' lang='grc' dir='ltr'>τοῦ</span> <span class='ocrx_word' id='word_1_599' title='bbox 2829 2584 3089 2657; x_wconf 78' lang='grc' dir='ltr'>Σωτῆρος</span> <span class='ocrx_word' id='word_1_600' title='bbox 3136 2583 3298 2655; x_wconf 76' lang='grc' dir='ltr'>ἡμῶν</span> <span class='ocrx_word' id='word_1_601' title='bbox 3351 2582 3381 2636; x_wconf 85' lang='grc' dir='ltr'>ὁ</span> <span class='ocrx_word' id='word_1_602' title='bbox 3431 2583 3752 2656; x_wconf 87' lang='grc' dir='ltr'>παράνομος</span> 
     </span>
    </p>
   </div>
   <div class='ocr_carea' id='block_1_86' title="bbox 2091 2668 3748 2751">
    <p class='ocr_par' dir='ltr' id='par_1_86' title="bbox 2091 2668 3748 2751">
     <span class='ocr_line' id='line_1_86' title="bbox 2091 2668 3748 2751; baseline 0.001 -25"><span class='ocrx_word' id='word_1_603' title='bbox 2091 2668 2372 2739; x_wconf 75' lang='grc' dir='ltr'>⁹ὶουδαῖος,</span> <span class='ocrx_word' id='word_1_604' title='bbox 2408 2668 2535 2725; x_wconf 63' lang='grc' dir='ltr'>ἰδὼν</span> <span class='ocrx_word' id='word_1_605' title='bbox 2586 2671 2687 2740; x_wconf 74' lang='grc' dir='ltr'>τὴν</span> <span class='ocrx_word' id='word_1_606' title='bbox 2737 2669 2920 2725; x_wconf 85' lang='grc' dir='ltr'>εἰκόνα</span> <span class='ocrx_word' id='word_1_607' title='bbox 2966 2676 3064 2726; x_wconf 87' lang='grc' dir='ltr'>τοῦ</span> <span class='ocrx_word' id='word_1_608' title='bbox 3116 2670 3339 2748; x_wconf 90' lang='grc' dir='ltr'>Κυρίου.</span> <span class='ocrx_word' id='word_1_609' title='bbox 3393 2671 3748 2751; x_wconf 79' lang='grc' dir='ltr'>Ἐπληροφό-</span> 
     </span>
    </p>
   </div>
   <div class='ocr_carea' id='block_1_87' title="bbox 2090 2756 3750 2837">
    <p class='ocr_par' dir='ltr' id='par_1_87' title="bbox 2090 2756 3750 2837">
     <span class='ocr_line' id='line_1_87' title="bbox 2090 2756 3750 2837; baseline 0.001 -22"><span class='ocrx_word' id='word_1_610' title='bbox 2090 2780 2220 2837; x_wconf 87' lang='grc' dir='ltr'>ρησε</span> <span class='ocrx_word' id='word_1_611' title='bbox 2251 2757 2308 2814; x_wconf 74' lang='grc' dir='ltr'>δὲ</span> <span class='ocrx_word' id='word_1_612' title='bbox 2336 2759 2495 2822; x_wconf 80' lang='grc' dir='ltr'>αὐτὸς</span> <span class='ocrx_word' id='word_1_613' title='bbox 2540 2759 2631 2814; x_wconf 92' lang='grc' dir='ltr'>τὸν</span> <span class='ocrx_word' id='word_1_614' title='bbox 2680 2756 2956 2829; x_wconf 89' lang='grc' dir='ltr'>κληθέντα</span> <span class='ocrx_word' id='word_1_615' title='bbox 2988 2756 3251 2815; x_wconf 78' lang='grc' dir='ltr'>Ἰουδαῖον</span> <span class='ocrx_word' id='word_1_616' title='bbox 3298 2758 3499 2837; x_wconf 84' lang='grc' dir='ltr'>λέγων,</span> <span class='ocrx_word' id='word_1_617' title='bbox 3530 2760 3614 2816; x_wconf 77' lang='grc' dir='ltr'>ὅτι</span> <span class='ocrx_word' id='word_1_618' title='bbox 3644 2762 3750 2816; x_wconf 76' lang='grc' dir='ltr'>Μέ-</span> 
     </span>
    </p>
   </div>
   <div class='ocr_carea' id='block_1_88' title="bbox 2087 2845 3740 2926">
    <p class='ocr_par' dir='ltr' id='par_1_88' title="bbox 2087 2845 3740 2926">
     <span class='ocr_line' id='line_1_88' title="bbox 2087 2845 3740 2926; baseline 0.001 -23"><span class='ocrx_word' id='word_1_619' title='bbox 2087 2869 2183 2926; x_wconf 91' lang='grc' dir='ltr'>χρι</span> <span class='ocrx_word' id='word_1_620' title='bbox 2215 2853 2311 2904; x_wconf 90' lang='grc' dir='ltr'>τοῦ</span> <span class='ocrx_word' id='word_1_621' title='bbox 2359 2848 2628 2923; x_wconf 88' lang='grc' dir='ltr'>παρόντος</span> <span class='ocrx_word' id='word_1_622' title='bbox 2674 2846 2773 2902; x_wconf 82' lang='grc' dir='ltr'>οὐκ</span> <span class='ocrx_word' id='word_1_623' title='bbox 2821 2845 2963 2903; x_wconf 82' lang='grc' dir='ltr'>ιίδον</span> <span class='ocrx_word' id='word_1_624' title='bbox 3012 2849 3110 2918; x_wconf 83' lang='grc' dir='ltr'>τήν</span> <span class='ocrx_word' id='word_1_625' title='bbox 3163 2848 3344 2905; x_wconf 89' lang='grc' dir='ltr'>εἰκόνα</span> <span class='ocrx_word' id='word_1_626' title='bbox 3391 2849 3591 2921; x_wconf 80' lang='grc' dir='ltr'>ταύτην</span> <span class='ocrx_word' id='word_1_627' title='bbox 3641 2848 3740 2905; x_wconf 80' lang='grc' dir='ltr'>Καὶ</span> 
     </span>
    </p>
   </div>
   <div class='ocr_carea' id='block_1_89' title="bbox 2088 2935 3736 3014">
    <p class='ocr_par' dir='ltr' id='par_1_89' title="bbox 2088 2935 3736 3014">
     <span class='ocr_line' id='line_1_89' title="bbox 2088 2935 3736 3014; baseline 0 -21"><span class='ocrx_word' id='word_1_628' title='bbox 2088 2938 2388 3009; x_wconf 81' lang='grc' dir='ltr'>ἐσιώπησεν</span> <span class='ocrx_word' id='word_1_629' title='bbox 2423 2937 2451 2990; x_wconf 88' lang='lat'>6</span> <span class='ocrx_word' id='word_1_630' title='bbox 2482 2935 2727 3007; x_wconf 86' lang='grc' dir='ltr'>κληθείς.</span> <span class='ocrx_word' id='word_1_631' title='bbox 2778 2935 3062 2992; x_wconf 84' lang='grc' dir='ltr'>Ἀπελθὼν</span> <span class='ocrx_word' id='word_1_632' title='bbox 3119 2935 3177 2993; x_wconf 78' lang='grc' dir='ltr'>δὲ</span> <span class='ocrx_word' id='word_1_633' title='bbox 3226 2938 3360 3012; x_wconf 84' lang='grc' dir='ltr'>πρὸς</span> <span class='ocrx_word' id='word_1_634' title='bbox 3390 2937 3517 3001; x_wconf 83' lang='grc' dir='ltr'>τοὺς</span> <span class='ocrx_word' id='word_1_635' title='bbox 3549 2938 3736 3014; x_wconf 87' lang='grc' dir='ltr'>ἀρχιε-</span> 
     </span>
    </p>
   </div>
   <div class='ocr_carea' id='block_1_90' title="bbox 2087 3022 3740 3105">
    <p class='ocr_par' dir='ltr' id='par_1_90' title="bbox 2087 3022 3740 3105">
     <span class='ocr_line' id='line_1_90' title="bbox 2087 3022 3740 3105; baseline 0.001 -23"><span class='ocrx_word' id='word_1_636' title='bbox 2087 3033 2221 3104; x_wconf 90' lang='grc' dir='ltr'>ρεῖς,</span> <span class='ocrx_word' id='word_1_637' title='bbox 2255 3022 2541 3082; x_wconf 74' lang='grc' dir='ltr'>διαϐάλλει</span> <span class='ocrx_word' id='word_1_638' title='bbox 2567 3026 2657 3081; x_wconf 84' lang='grc' dir='ltr'>τὸν</span> <span class='ocrx_word' id='word_1_639' title='bbox 2692 3023 2959 3083; x_wconf 83' lang='grc' dir='ltr'>Ἰουδαῖον</span> <span class='ocrx_word' id='word_1_640' title='bbox 3015 3027 3106 3082; x_wconf 91' lang='grc' dir='ltr'>τὸν</span> <span class='ocrx_word' id='word_1_641' title='bbox 3157 3026 3218 3082; x_wconf 87' lang='grc' dir='ltr'>ἐκ</span> <span class='ocrx_word' id='word_1_642' title='bbox 3244 3031 3322 3100; x_wconf 82' lang='grc' dir='ltr'>τῷ</span> <span class='ocrx_word' id='word_1_643' title='bbox 3368 3025 3506 3101; x_wconf 72' lang='grc' dir='ltr'>οἴκῳ</span> <span class='ocrx_word' id='word_1_644' title='bbox 3538 3025 3740 3105; x_wconf 85' lang='grc' dir='ltr'>λέγων,</span> 
     </span>
    </p>
   </div>
   <div class='ocr_carea' id='block_1_91' title="bbox 2085 3112 3740 3193">
    <p class='ocr_par' dir='ltr' id='par_1_91' title="bbox 2085 3112 3740 3193">
     <span class='ocr_line' id='line_1_91' title="bbox 2085 3112 3740 3193; baseline 0 -21"><span class='ocrx_word' id='word_1_645' title='bbox 2085 3116 2167 3172; x_wconf 78' lang='grc' dir='ltr'>ὅτι</span> <span class='ocrx_word' id='word_1_646' title='bbox 2198 3117 2259 3173; x_wconf 88' lang='grc' dir='ltr'>Ὁ</span> <span class='ocrx_word' id='word_1_647' title='bbox 2293 3113 2441 3170; x_wconf 89' lang='grc' dir='ltr'>δεῖνα</span> <span class='ocrx_word' id='word_1_648' title='bbox 2471 3114 2651 3170; x_wconf 82' lang='grc' dir='ltr'>εἰκόνα</span> <span class='ocrx_word' id='word_1_649' title='bbox 2682 3112 2799 3191; x_wconf 80' lang='grc' dir='ltr'>ἔχει</span> <span class='ocrx_word' id='word_1_650' title='bbox 2849 3121 2946 3171; x_wconf 91' lang='grc' dir='ltr'>τοῦ</span> <span class='ocrx_word' id='word_1_651' title='bbox 2996 3115 3315 3193; x_wconf 82' lang='grc' dir='ltr'>Ναζωραίου</span> <span class='ocrx_word' id='word_1_652' title='bbox 3366 3115 3417 3172; x_wconf 82' lang='grc' dir='ltr'>ἐν</span> <span class='ocrx_word' id='word_1_653' title='bbox 3471 3115 3553 3190; x_wconf 80' lang='grc' dir='ltr'>τῷ</span> <span class='ocrx_word' id='word_1_654' title='bbox 3602 3115 3740 3192; x_wconf 58' lang='grc' dir='ltr'>οἴκῳ</span> 
     </span>
    </p>
   </div>
   <div class='ocr_carea' id='block_1_92' title="bbox 2087 3201 3744 3282">
    <p class='ocr_par' dir='ltr' id='par_1_92' title="bbox 2087 3201 3744 3282">
     <span class='ocr_line' id='line_1_92' title="bbox 2087 3201 3744 3282; baseline 0.002 -22"><span class='ocrx_word' id='word_1_655' title='bbox 2087 3202 2273 3261; x_wconf 81' lang='grc' dir='ltr'>αὐτοῦ.</span> <span class='ocrx_word' id='word_1_656' title='bbox 2306 3205 2368 3258; x_wconf 83' lang='lat' dir='ltr'>Oi</span> <span class='ocrx_word' id='word_1_657' title='bbox 2402 3201 2460 3259; x_wconf 80' lang='grc' dir='ltr'>δὶ</span> <span class='ocrx_word' id='word_1_658' title='bbox 2489 3203 2811 3267; x_wconf 82' lang='grc' dir='ltr'>ἀκούσαντες</span> <span class='ocrx_word' id='word_1_659' title='bbox 2856 3202 3201 3276; x_wconf 79' lang='grc' dir='ltr'>ἐπλήσθησαν</span> <span class='ocrx_word' id='word_1_660' title='bbox 3254 3204 3428 3281; x_wconf 66' lang='grc' dir='ltr'>θυμοῦ</span> <span class='ocrx_word' id='word_1_661' title='bbox 3479 3205 3744 3282; x_wconf 82' lang='grc' dir='ltr'>μεγάλου,</span> 
     </span>
    </p>
   </div>
   <div class='ocr_carea' id='block_1_93' title="bbox 2085 3291 3133 3370">
    <p class='ocr_par' dir='ltr' id='par_1_93' title="bbox 2085 3291 3133 3370">
     <span class='ocr_line' id='line_1_93' title="bbox 2085 3291 3133 3370; baseline 0.002 -21"><span class='ocrx_word' id='word_1_662' title='bbox 2085 3294 2176 3349; x_wconf 88' lang='grc' dir='ltr'>καὶ</span> <span class='ocrx_word' id='word_1_663' title='bbox 2204 3295 2303 3363; x_wconf 72' lang='grc' dir='ltr'>τὴν</span> <span class='ocrx_word' id='word_1_664' title='bbox 2336 3293 2563 3368; x_wconf 71' lang='grc' dir='ltr'>ἑσπέραν</span> <span class='ocrx_word' id='word_1_665' title='bbox 2592 3291 2800 3365; x_wconf 68' lang='grc' dir='ltr'>ἐκείνην</span> <span class='ocrx_word' id='word_1_666' title='bbox 2827 3295 3133 3370; x_wconf 75' lang='grc' dir='ltr'>ἡσύχασαν.</span> 
     </span>
    </p>
   </div>
   <div class='ocr_carea' id='block_1_94' title="bbox 2157 3396 3745 3477">
    <p class='ocr_par' dir='ltr' id='par_1_94' title="bbox 2157 3396 3745 3477">
     <span class='ocr_line' id='line_1_94' title="bbox 2157 3396 3745 3477; baseline -0.001 -20"><span class='ocrx_word' id='word_1_667' title='bbox 2157 3404 2209 3457; x_wconf 83' lang='grc'>4.</span> <span class='ocrx_word' id='word_1_668' title='bbox 2245 3397 2461 3476; x_wconf 68' lang='grc' dir='ltr'>Ηρωίας</span> <span class='ocrx_word' id='word_1_669' title='bbox 2495 3397 2552 3454; x_wconf 73' lang='grc' dir='ltr'>δὲ</span> <span class='ocrx_word' id='word_1_670' title='bbox 2600 3396 2709 3469; x_wconf 79' lang='grc' dir='ltr'>ἤδη</span> <span class='ocrx_word' id='word_1_671' title='bbox 2763 3398 3086 3476; x_wconf 70' lang='grc' dir='ltr'>γενομένης,</span> <span class='ocrx_word' id='word_1_672' title='bbox 3136 3396 3659 3477; x_wconf 75' lang='grc' dir='ltr'>παραλαμϐάνουσιν</span> <span class='ocrx_word' id='word_1_673' title='bbox 3692 3402 3745 3457; x_wconf 85' lang='lat' dir='ltr'>oi</span> 
     </span>
    </p>
   </div>
   <div class='ocr_carea' id='block_1_95' title="bbox 2086 3484 3742 3566">
    <p class='ocr_par' dir='ltr' id='par_1_95' title="bbox 2086 3484 3742 3566">
     <span class='ocr_line' id='line_1_95' title="bbox 2086 3484 3742 3566; baseline -0.001 -20"><span class='ocrx_word' id='word_1_674' title='bbox 2086 3492 2360 3566; x_wconf 85' lang='grc' dir='ltr'>ἀρχιερεῖς</span> <span class='ocrx_word' id='word_1_675' title='bbox 2415 3489 2575 3545; x_wconf 71' lang='grc' dir='ltr'>αὑτὸν</span> <span class='ocrx_word' id='word_1_676' title='bbox 2623 3489 2715 3544; x_wconf 88' lang='grc' dir='ltr'>τὸν</span> <span class='ocrx_word' id='word_1_677' title='bbox 2771 3484 3141 3547; x_wconf 76' lang='grc' dir='ltr'>διαϐάλλοντα</span> <span class='ocrx_word' id='word_1_678' title='bbox 3196 3494 3289 3547; x_wconf 83' lang='grc' dir='ltr'>τὸν</span> <span class='ocrx_word' id='word_1_679' title='bbox 3347 3490 3607 3550; x_wconf 86' lang='grc' dir='ltr'>Ἰουδαῖον</span> <span class='ocrx_word' id='word_1_680' title='bbox 3652 3490 3742 3546; x_wconf 83' lang='grc' dir='ltr'>καὶ</span> 
     </span>
    </p>
   </div>
   <div class='ocr_carea' id='block_1_96' title="bbox 2086 3576 3740 3657">
    <p class='ocr_par' dir='ltr' id='par_1_96' title="bbox 2086 3576 3740 3657">
     <span class='ocr_line' id='line_1_96' title="bbox 2086 3576 3740 3657; baseline -0.001 -22"><span class='ocrx_word' id='word_1_681' title='bbox 2086 3577 2258 3656; x_wconf 74' lang='grc' dir='ltr'>ὄχλον</span> <span class='ocrx_word' id='word_1_682' title='bbox 2310 3577 2523 3635; x_wconf 89' lang='grc' dir='ltr'>πολλὸν</span> <span class='ocrx_word' id='word_1_683' title='bbox 2568 3576 2753 3641; x_wconf 80' lang='grc' dir='ltr'>ἔθνους</span> <span class='ocrx_word' id='word_1_684' title='bbox 2805 3580 3003 3650; x_wconf 79' lang='grc' dir='ltr'>αὑτῶν,</span> <span class='ocrx_word' id='word_1_685' title='bbox 3049 3580 3139 3635; x_wconf 81' lang='grc' dir='ltr'>καὶ</span> <span class='ocrx_word' id='word_1_686' title='bbox 3189 3579 3520 3657; x_wconf 76' lang='grc' dir='ltr'>ἀπέρχονται</span> <span class='ocrx_word' id='word_1_687' title='bbox 3570 3580 3621 3635; x_wconf 90' lang='grc' dir='ltr'>ἐν</span> <span class='ocrx_word' id='word_1_688' title='bbox 3660 3584 3740 3652; x_wconf 81' lang='grc' dir='ltr'>τῷ</span> 
     </span>
    </p>
   </div>
   <div class='ocr_carea' id='block_1_97' title="bbox 2087 3665 3734 3743">
    <p class='ocr_par' dir='ltr' id='par_1_97' title="bbox 2087 3665 3734 3743">
     <span class='ocr_line' id='line_1_97' title="bbox 2087 3665 3734 3743; baseline 0.001 -19"><span class='ocrx_word' id='word_1_689' title='bbox 2087 3667 2223 3743; x_wconf 72' lang='grc' dir='ltr'>οἷ’κῳ</span> <span class='ocrx_word' id='word_1_690' title='bbox 2252 3673 2348 3724; x_wconf 88' lang='grc' dir='ltr'>τοῦ</span> <span class='ocrx_word' id='word_1_691' title='bbox 2380 3666 2667 3738; x_wconf 84' lang='grc' dir='ltr'>Ἰουδαίου,</span> <span class='ocrx_word' id='word_1_692' title='bbox 2700 3665 2823 3723; x_wconf 75' lang='grc' dir='ltr'>ἔνθα</span> <span class='ocrx_word' id='word_1_693' title='bbox 2872 3670 2906 3738; x_wconf 74' lang='grc' dir='ltr'>ἡ</span> <span class='ocrx_word' id='word_1_694' title='bbox 2941 3668 3095 3724; x_wconf 83' lang='grc' dir='ltr'>εἰκὼν</span> <span class='ocrx_word' id='word_1_695' title='bbox 3147 3673 3243 3723; x_wconf 89' lang='grc' dir='ltr'>τοῦ</span> <span class='ocrx_word' id='word_1_696' title='bbox 3292 3669 3498 3743; x_wconf 85' lang='grc' dir='ltr'>Κυρίου</span> <span class='ocrx_word' id='word_1_697' title='bbox 3524 3666 3734 3725; x_wconf 59' lang='grc' dir='ltr'>είστατο.</span> 
     </span>
    </p>
   </div>
   <div class='ocr_carea' id='block_1_98' title="bbox 2085 3755 3738 3833">
    <p class='ocr_par' dir='ltr' id='par_1_98' title="bbox 2085 3755 3738 3833">
     <span class='ocr_line' id='line_1_98' title="bbox 2085 3755 3738 3833; baseline -0.002 -18"><span class='ocrx_word' id='word_1_698' title='bbox 2085 3757 2373 3833; x_wconf 89' lang='grc' dir='ltr'>Γενόμενοι</span> <span class='ocrx_word' id='word_1_699' title='bbox 2423 3757 2510 3812; x_wconf 82' lang='grc' dir='ltr'>ἐπὶ</span> <span class='ocrx_word' id='word_1_700' title='bbox 2559 3762 2657 3812; x_wconf 89' lang='grc' dir='ltr'>τοῦ</span> <span class='ocrx_word' id='word_1_701' title='bbox 2704 3758 2900 3828; x_wconf 87' lang='grc' dir='ltr'>τόπου,</span> <span class='ocrx_word' id='word_1_702' title='bbox 2955 3755 3316 3827; x_wconf 79' lang='grc' dir='ltr'>εἰσεπήδησαν</span> <span class='ocrx_word' id='word_1_703' title='bbox 3357 3759 3410 3813; x_wconf 74' lang='grc' dir='ltr'>οἱ</span> <span class='ocrx_word' id='word_1_704' title='bbox 3458 3758 3738 3833; x_wconf 85' lang='grc' dir='ltr'>ἀρχιερεῖς</span> 
     </span>
    </p>
   </div>
   <div class='ocr_carea' id='block_1_99' title="bbox 2083 3844 3741 3925">
    <p class='ocr_par' dir='ltr' id='par_1_99' title="bbox 2083 3844 3741 3925">
     <span class='ocr_line' id='line_1_99' title="bbox 2083 3844 3741 3925; baseline -0.002 -21"><span class='ocrx_word' id='word_1_705' title='bbox 2083 3848 2173 3904; x_wconf 86' lang='grc' dir='ltr'>καὶ</span> <span class='ocrx_word' id='word_1_706' title='bbox 2205 3849 2257 3904; x_wconf 80' lang='grc' dir='ltr'>οἰ</span> <span class='ocrx_word' id='word_1_707' title='bbox 2288 3844 2649 3925; x_wconf 70' lang='grc' dir='ltr'>πρεσϐύτεροι</span> <span class='ocrx_word' id='word_1_708' title='bbox 2680 3847 2771 3903; x_wconf 73' lang='grc' dir='ltr'>σὺν</span> <span class='ocrx_word' id='word_1_709' title='bbox 2821 3853 2899 3919; x_wconf 81' lang='grc' dir='ltr'>τῷ</span> <span class='ocrx_word' id='word_1_710' title='bbox 2940 3847 3406 3922; x_wconf 77' lang='grc' dir='ltr'>καταμηνύσαντι,</span> <span class='ocrx_word' id='word_1_711' title='bbox 3434 3850 3525 3902; x_wconf 87' lang='grc' dir='ltr'>καὶ</span> <span class='ocrx_word' id='word_1_712' title='bbox 3571 3850 3741 3924; x_wconf 81' lang='grc' dir='ltr'>ὁρῶσι</span> 
     </span>
    </p>
   </div>
   <div class='ocr_carea' id='block_1_100' title="bbox 2082 3935 3747 4012">
    <p class='ocr_par' dir='ltr' id='par_1_100' title="bbox 2082 3935 3747 4012">
     <span class='ocr_line' id='line_1_100' title="bbox 2082 3935 3747 4012; baseline -0.001 -19"><span class='ocrx_word' id='word_1_713' title='bbox 2082 3939 2181 4006; x_wconf 73' lang='grc' dir='ltr'>τὴν</span> <span class='ocrx_word' id='word_1_714' title='bbox 2215 3936 2397 3992; x_wconf 86' lang='grc' dir='ltr'>εἰκόνα</span> <span class='ocrx_word' id='word_1_715' title='bbox 2424 3941 2521 3992; x_wconf 89' lang='grc' dir='ltr'>τοῦ</span> <span class='ocrx_word' id='word_1_716' title='bbox 2567 3936 2764 4012; x_wconf 84' lang='grc' dir='ltr'>Κυρίου</span> <span class='ocrx_word' id='word_1_717' title='bbox 2815 3938 3132 4010; x_wconf 75' lang='grc' dir='ltr'>ἱσταμένην,</span> <span class='ocrx_word' id='word_1_718' title='bbox 3181 3935 3560 4007; x_wconf 83' lang='grc' dir='ltr'>ὑποδείξαντος</span> <span class='ocrx_word' id='word_1_719' title='bbox 3612 3936 3747 3992; x_wconf 83' lang='grc' dir='ltr'>ἐκεί-</span> 
     </span>
    </p>
   </div>
   <div class='ocr_carea' id='block_1_101' title="bbox 2083 4023 3742 4104">
    <p class='ocr_par' dir='ltr' id='par_1_101' title="bbox 2083 4023 3742 4104">
     <span class='ocr_line' id='line_1_101' title="bbox 2083 4023 3742 4104; baseline 0.001 -24"><span class='ocrx_word' id='word_1_720' title='bbox 2083 4048 2201 4084; x_wconf 87' lang='grc' dir='ltr'>νου.</span> <span class='ocrx_word' id='word_1_721' title='bbox 2262 4026 2392 4080; x_wconf 87' lang='grc' dir='ltr'>Τότε</span> <span class='ocrx_word' id='word_1_722' title='bbox 2451 4025 2791 4097; x_wconf 84' lang='grc' dir='ltr'>θυμωθέντες</span> <span class='ocrx_word' id='word_1_723' title='bbox 2848 4023 3056 4104; x_wconf 69' lang='grc' dir='ltr'>σφόδρα</span> <span class='ocrx_word' id='word_1_724' title='bbox 3094 4071 3107 4095; x_wconf 94' lang='grc'>,</span> <span class='ocrx_word' id='word_1_725' title='bbox 3166 4027 3257 4081; x_wconf 93' lang='grc' dir='ltr'>τὸν</span> <span class='ocrx_word' id='word_1_726' title='bbox 3320 4026 3415 4099; x_wconf 77' lang='grc' dir='ltr'>μὲν</span> <span class='ocrx_word' id='word_1_727' title='bbox 3475 4023 3742 4083; x_wconf 83' lang='grc' dir='ltr'>Ἰουδαῖον</span> 
     </span>
    </p>
   </div>
   <div class='ocr_carea' id='block_1_102' title="bbox 2082 4112 3743 4191">
    <p class='ocr_par' dir='ltr' id='par_1_102' title="bbox 2082 4112 3743 4191">
     <span class='ocr_line' id='line_1_102' title="bbox 2082 4112 3743 4191; baseline -0.001 -21"><span class='ocrx_word' id='word_1_728' title='bbox 2082 4116 2175 4170; x_wconf 87' lang='grc' dir='ltr'>τὸν</span> <span class='ocrx_word' id='word_1_729' title='bbox 2207 4120 2562 4169; x_wconf 78' lang='grc' dir='ltr'>κατοικοῦντα</span> <span class='ocrx_word' id='word_1_730' title='bbox 2594 4114 2644 4169; x_wconf 75' lang='grc' dir='ltr'>ἐν</span> <span class='ocrx_word' id='word_1_731' title='bbox 2697 4119 2775 4185; x_wconf 83' lang='grc' dir='ltr'>τῷ</span> <span class='ocrx_word' id='word_1_732' title='bbox 2825 4112 2962 4188; x_wconf 42' lang='grc' dir='ltr'>οῗίκῳ</span> <span class='ocrx_word' id='word_1_733' title='bbox 3005 4114 3427 4191; x_wconf 84' lang='grc' dir='ltr'>ἀποσυνάγωγον</span> <span class='ocrx_word' id='word_1_734' title='bbox 3477 4117 3743 4185; x_wconf 85' lang='grc' dir='ltr'>ποιήσαν-</span> 
     </span>
    </p>
   </div>
   <div class='ocr_carea' id='block_1_103' title="bbox 2085 4201 3746 4280">
    <p class='ocr_par' dir='ltr' id='par_1_103' title="bbox 2085 4201 3746 4280">
     <span class='ocr_line' id='line_1_103' title="bbox 2085 4201 3746 4280; baseline -0.001 -20"><span class='ocrx_word' id='word_1_735' title='bbox 2085 4226 2171 4268; x_wconf 91' lang='grc' dir='ltr'>τες</span> <span class='ocrx_word' id='word_1_736' title='bbox 2200 4203 2432 4274; x_wconf 67' lang='grc' dir='ltr'>ἤλασαψ</span> <span class='ocrx_word' id='word_1_737' title='bbox 2483 4205 2581 4272; x_wconf 78' lang='grc' dir='ltr'>τήν</span> <span class='ocrx_word' id='word_1_738' title='bbox 2629 4201 2686 4258; x_wconf 74' lang='grc' dir='ltr'>δὲ</span> <span class='ocrx_word' id='word_1_739' title='bbox 2733 4204 2917 4260; x_wconf 83' lang='grc' dir='ltr'>εἰκόνα</span> <span class='ocrx_word' id='word_1_740' title='bbox 2961 4202 3058 4259; x_wconf 82' lang='grc' dir='ltr'>τοῦ</span> <span class='ocrx_word' id='word_1_741' title='bbox 3106 4205 3307 4280; x_wconf 87' lang='grc' dir='ltr'>Κυρίου</span> <span class='ocrx_word' id='word_1_742' title='bbox 3357 4206 3517 4277; x_wconf 81' lang='grc' dir='ltr'>ἡμῶν</span> <span class='ocrx_word' id='word_1_743' title='bbox 3566 4205 3746 4275; x_wconf 84' lang='grc' dir='ltr'>Ἰησοῦ</span> 
     </span>
    </p>
   </div>
   <div class='ocr_carea' id='block_1_104' title="bbox 2084 4289 3746 4371">
    <p class='ocr_par' dir='ltr' id='par_1_104' title="bbox 2084 4289 3746 4371">
     <span class='ocr_line' id='line_1_104' title="bbox 2084 4289 3746 4371; baseline -0.001 -21"><span class='ocrx_word' id='word_1_744' title='bbox 2084 4296 2322 4371; x_wconf 87' lang='grc' dir='ltr'>Χριστοῦ</span> <span class='ocrx_word' id='word_1_745' title='bbox 2353 4292 2748 4369; x_wconf 88' lang='grc' dir='ltr'>καταναγόντες</span> <span class='ocrx_word' id='word_1_746' title='bbox 2782 4289 3007 4371; x_wconf 80' lang='grc' dir='ltr'>ἔφησαν,</span> <span class='ocrx_word' id='word_1_747' title='bbox 3036 4292 3121 4349; x_wconf 78' lang='grc' dir='ltr'>ὅτι</span> <span class='ocrx_word' id='word_1_748' title='bbox 3153 4294 3347 4358; x_wconf 87' lang='grc' dir='ltr'>Καθὼς</span> <span class='ocrx_word' id='word_1_749' title='bbox 3378 4294 3467 4349; x_wconf 88' lang='grc' dir='ltr'>καὶ</span> <span class='ocrx_word' id='word_1_750' title='bbox 3500 4294 3552 4348; x_wconf 80' lang='grc' dir='ltr'>οἱ</span> <span class='ocrx_word' id='word_1_751' title='bbox 3583 4292 3746 4349; x_wconf 88' lang='grc' dir='ltr'>πατέ-</span> 
     </span>
    </p>
   </div>
   <div class='ocr_carea' id='block_1_105' title="bbox 2086 4380 3751 4460">
    <p class='ocr_par' dir='ltr' id='par_1_105' title="bbox 2086 4380 3751 4460">
     <span class='ocr_line' id='line_1_105' title="bbox 2086 4380 3751 4460; baseline -0.001 -21"><span class='ocrx_word' id='word_1_752' title='bbox 2086 4404 2173 4460; x_wconf 89' lang='grc' dir='ltr'>ρες</span> <span class='ocrx_word' id='word_1_753' title='bbox 2206 4385 2365 4456; x_wconf 77' lang='grc' dir='ltr'>ἡμῶν</span> <span class='ocrx_word' id='word_1_754' title='bbox 2418 4382 2694 4454; x_wconf 80' lang='grc' dir='ltr'>ἐνέπαιξαν</span> <span class='ocrx_word' id='word_1_755' title='bbox 2738 4382 2898 4437; x_wconf 84' lang='grc' dir='ltr'>αὐτὸν</span> <span class='ocrx_word' id='word_1_756' title='bbox 2931 4386 2950 4408; x_wconf 79' lang='lat'><strong><em>‘</em></strong></span> <span class='ocrx_word' id='word_1_757' title='bbox 2982 4382 3105 4437; x_wconf 86' lang='grc' dir='ltr'>τότε</span> <span class='ocrx_word' id='word_1_758' title='bbox 3151 4383 3245 4437; x_wconf 86' lang='grc' dir='ltr'>τὸν</span> <span class='ocrx_word' id='word_1_759' title='bbox 3295 4380 3568 4441; x_wconf 79' lang='grc' dir='ltr'>τοιοῦτον.</span> <span class='ocrx_word' id='word_1_760' title='bbox 3617 4382 3751 4438; x_wconf 86' lang='grc' dir='ltr'>Τότε</span> 
     </span>
    </p>
   </div>
   <div class='ocr_carea' id='block_1_106' title="bbox 2084 4470 3750 4549">
    <p class='ocr_par' dir='ltr' id='par_1_106' title="bbox 2084 4470 3750 4549">
     <span class='ocr_line' id='line_1_106' title="bbox 2084 4470 3750 4549; baseline 0.001 -23"><span class='ocrx_word' id='word_1_761' title='bbox 2084 4470 2319 4549; x_wconf 76' lang='grc' dir='ltr'>ἤρξαντο</span> <span class='ocrx_word' id='word_1_762' title='bbox 2352 4470 2609 4546; x_wconf 78' lang='grc' dir='ltr'>ἐμπτύειν</span> <span class='ocrx_word' id='word_1_763' title='bbox 2665 4471 2741 4535; x_wconf 91' lang='grc' dir='ltr'>εἰς</span> <span class='ocrx_word' id='word_1_764' title='bbox 2782 4473 2845 4527; x_wconf 87' lang='grc' dir='ltr'>τὸ</span> <span class='ocrx_word' id='word_1_765' title='bbox 2897 4470 3192 4547; x_wconf 88' lang='grc' dir='ltr'>πρόσωπον</span> <span class='ocrx_word' id='word_1_766' title='bbox 3238 4470 3404 4527; x_wconf 77' lang='grc' dir='ltr'>αὐτοῦ</span> <span class='ocrx_word' id='word_1_767' title='bbox 3451 4476 3551 4543; x_wconf 77' lang='grc' dir='ltr'>τῆς</span> <span class='ocrx_word' id='word_1_768' title='bbox 3598 4471 3750 4548; x_wconf 82' lang='grc' dir='ltr'>ἁγίας</span> 
     </span>
    </p>
   </div>
   <div class='ocr_carea' id='block_1_107' title="bbox 2087 4558 3748 4637">
    <p class='ocr_par' dir='ltr' id='par_1_107' title="bbox 2087 4558 3748 4637">
     <span class='ocr_line' id='line_1_107' title="bbox 2087 4558 3748 4637; baseline -0.001 -20"><span class='ocrx_word' id='word_1_769' title='bbox 2087 4562 2290 4623; x_wconf 79' lang='grc' dir='ltr'>εἰκόνος</span> <span class='ocrx_word' id='word_1_770' title='bbox 2321 4565 2419 4617; x_wconf 91' lang='grc' dir='ltr'>τοῦ</span> <span class='ocrx_word' id='word_1_771' title='bbox 2446 4560 2673 4633; x_wconf 87' lang='grc' dir='ltr'>Κυρίου,</span> <span class='ocrx_word' id='word_1_772' title='bbox 2704 4561 2797 4616; x_wconf 83' lang='grc' dir='ltr'>καὶ</span> <span class='ocrx_word' id='word_1_773' title='bbox 2846 4558 3138 4637; x_wconf 74' lang='grc' dir='ltr'>ἐρῥάπισαν</span> <span class='ocrx_word' id='word_1_774' title='bbox 3192 4560 3358 4631; x_wconf 74' lang='grc' dir='ltr'>αὐτὴν</span> <span class='ocrx_word' id='word_1_775' title='bbox 3390 4562 3528 4616; x_wconf 83' lang='grc' dir='ltr'>κατὰ</span> <span class='ocrx_word' id='word_1_776' title='bbox 3574 4561 3748 4637; x_wconf 88' lang='grc' dir='ltr'>πρόσ-</span> 
     </span>
    </p>
   </div>
   <div class='ocr_carea' id='block_1_108' title="bbox 2086 4646 3747 4725">
    <p class='ocr_par' dir='ltr' id='par_1_108' title="bbox 2086 4646 3747 4725">
     <span class='ocr_line' id='line_1_108' title="bbox 2086 4646 3747 4725; baseline -0.001 -21"><span class='ocrx_word' id='word_1_777' title='bbox 2086 4670 2233 4705; x_wconf 87' lang='grc' dir='ltr'>ωπον</span> <span class='ocrx_word' id='word_1_778' title='bbox 2287 4646 2434 4713; x_wconf 70' lang='grc' dir='ltr'>ἔνθεν</span> <span class='ocrx_word' id='word_1_779' title='bbox 2479 4646 2570 4703; x_wconf 87' lang='grc' dir='ltr'>καὶ</span> <span class='ocrx_word' id='word_1_780' title='bbox 2622 4646 2765 4703; x_wconf 78' lang='grc' dir='ltr'>ἔνθεν</span> <span class='ocrx_word' id='word_1_781' title='bbox 2815 4650 2944 4723; x_wconf 85' lang='grc'>(16).</span> <span class='ocrx_word' id='word_1_782' title='bbox 3007 4647 3107 4702; x_wconf 84' lang='grc' dir='ltr'>Καὶ</span> <span class='ocrx_word' id='word_1_783' title='bbox 3154 4647 3355 4719; x_wconf 81' lang='grc' dir='ltr'>ταύτην</span> <span class='ocrx_word' id='word_1_784' title='bbox 3407 4647 3747 4725; x_wconf 78' lang='grc' dir='ltr'>ῥαπίζοντες,</span> 
     </span>
    </p>
   </div>
   <div class='ocr_carea' id='block_1_109' title="bbox 2086 4733 3752 4813">
    <p class='ocr_par' dir='ltr' id='par_1_109' title="bbox 2086 4733 3752 4813">
     <span class='ocr_line' id='line_1_109' title="bbox 2086 4733 3752 4813; baseline -0.002 -20"><span class='ocrx_word' id='word_1_785' title='bbox 2086 4736 2301 4813; x_wconf 76' lang='grc' dir='ltr'>ἔλεγον·</span> <span class='ocrx_word' id='word_1_786' title='bbox 2334 4739 2477 4794; x_wconf 79' lang='grc' dir='ltr'>’Όσα</span> <span class='ocrx_word' id='word_1_787' title='bbox 2508 4735 2765 4803; x_wconf 85' lang='grc' dir='ltr'>ἐποίησαν</span> <span class='ocrx_word' id='word_1_788' title='bbox 2817 4736 2870 4791; x_wconf 83' lang='grc' dir='ltr'>οἰ</span> <span class='ocrx_word' id='word_1_789' title='bbox 2916 4733 3144 4812; x_wconf 83' lang='grc' dir='ltr'>πατέρες</span> <span class='ocrx_word' id='word_1_790' title='bbox 3175 4736 3358 4809; x_wconf 77' lang='grc' dir='ltr'>ἡμῶν,</span> <span class='ocrx_word' id='word_1_791' title='bbox 3408 4734 3581 4792; x_wconf 86' lang='grc' dir='ltr'>πάντα</span> <span class='ocrx_word' id='word_1_792' title='bbox 3630 4756 3752 4791; x_wconf 89' lang='grc' dir='ltr'>ποι·</span> 
     </span>
    </p>
   </div>
   <div class='ocr_carea' id='block_1_110' title="bbox 2084 4823 3744 4900">
    <p class='ocr_par' dir='ltr' id='par_1_110' title="bbox 2084 4823 3744 4900">
     <span class='ocr_line' id='line_1_110' title="bbox 2084 4823 3744 4900; baseline -0.002 -18"><span class='ocrx_word' id='word_1_793' title='bbox 2084 4829 2304 4900; x_wconf 86' lang='grc' dir='ltr'>ήσωμεν</span> <span class='ocrx_word' id='word_1_794' title='bbox 2356 4826 2447 4882; x_wconf 91' lang='grc' dir='ltr'>καὶ</span> <span class='ocrx_word' id='word_1_795' title='bbox 2505 4827 2671 4898; x_wconf 73' lang='grc' dir='ltr'>ἡμεῖς</span> <span class='ocrx_word' id='word_1_796' title='bbox 2729 4828 2801 4899; x_wconf 76' lang='grc' dir='ltr'>τῇ</span> <span class='ocrx_word' id='word_1_797' title='bbox 2863 4823 3032 4880; x_wconf 87' lang='grc' dir='ltr'>εἰκόνι</span> <span class='ocrx_word' id='word_1_798' title='bbox 3086 4823 3273 4882; x_wconf 79' lang='grc' dir='ltr'>αὐτοῦ.</span> <span class='ocrx_word' id='word_1_799' title='bbox 3326 4823 3430 4881; x_wconf 79' lang='grc' dir='ltr'>Καὶ</span> <span class='ocrx_word' id='word_1_800' title='bbox 3475 4824 3744 4900; x_wconf 79' lang='grc' dir='ltr'>λέγουσιν’</span> 
     </span>
    </p>
   </div>
   <div class='ocr_carea' id='block_1_111' title="bbox 2086 4910 3747 4988">
    <p class='ocr_par' dir='ltr' id='par_1_111' title="bbox 2086 4910 3747 4988">
     <span class='ocr_line' id='line_1_111' title="bbox 2086 4910 3747 4988; baseline -0.002 -17"><span class='ocrx_word' id='word_1_801' title='bbox 2086 4915 2444 4988; x_wconf 77' lang='grc' dir='ltr'>’Πκούσαμεν,</span> <span class='ocrx_word' id='word_1_802' title='bbox 2505 4913 2588 4969; x_wconf 75' lang='grc' dir='ltr'>ὅτι</span> <span class='ocrx_word' id='word_1_803' title='bbox 2656 4913 2938 4986; x_wconf 77' lang='grc' dir='ltr'>ἐνέπαιξαν</span> <span class='ocrx_word' id='word_1_804' title='bbox 2999 4910 3146 4986; x_wconf 76' lang='grc' dir='ltr'>αἶ)τῷ</span> <span class='ocrx_word' id='word_1_805' title='bbox 3179 4957 3193 4982; x_wconf 91' lang='grc'>,</span> <span class='ocrx_word' id='word_1_806' title='bbox 3250 4913 3341 4968; x_wconf 86' lang='grc' dir='ltr'>καὶ</span> <span class='ocrx_word' id='word_1_807' title='bbox 3392 4916 3560 4986; x_wconf 77' lang='grc' dir='ltr'>ἡμεῖς</span> <span class='ocrx_word' id='word_1_808' title='bbox 3616 4912 3747 4968; x_wconf 77' lang='grc' dir='ltr'>αὐτὸ</span> 
     </span>
    </p>
   </div>
   <div class='ocr_carea' id='block_1_112' title="bbox 2084 5002 3741 5080">
    <p class='ocr_par' dir='ltr' id='par_1_112' title="bbox 2084 5002 3741 5080">
     <span class='ocr_line' id='line_1_112' title="bbox 2084 5002 3741 5080; baseline -0.004 -17"><span class='ocrx_word' id='word_1_809' title='bbox 2084 5008 2404 5077; x_wconf 88' lang='grc' dir='ltr'>ποιήσωμεν</span> <span class='ocrx_word' id='word_1_810' title='bbox 2438 5048 2450 5062; x_wconf 91' lang='grc'><em>,</em></span> <span class='ocrx_word' id='word_1_811' title='bbox 2502 5005 2879 5079; x_wconf 85' lang='grc' dir='ltr'>Ἐμπαιγμοῖς</span> <span class='ocrx_word' id='word_1_812' title='bbox 2927 5002 3019 5059; x_wconf 77' lang='grc' dir='ltr'>οὖν</span> <span class='ocrx_word' id='word_1_813' title='bbox 3069 5002 3312 5080; x_wconf 83' lang='grc' dir='ltr'>ἀπείροις</span> <span class='ocrx_word' id='word_1_814' title='bbox 3358 5002 3629 5072; x_wconf 77' lang='grc' dir='ltr'>ἐνέπαιξαν</span> <span class='ocrx_word' id='word_1_815' title='bbox 3671 5004 3741 5075; x_wconf 79' lang='grc' dir='ltr'>τῇ</span> 
     </span>
    </p>
   </div>
   <div class='ocr_carea' id='block_1_113' title="bbox 2086 5089 3742 5168">
    <p class='ocr_par' dir='ltr' id='par_1_113' title="bbox 2086 5089 3742 5168">
     <span class='ocr_line' id='line_1_113' title="bbox 2086 5089 3742 5168; baseline -0.004 -17"><span class='ocrx_word' id='word_1_816' title='bbox 2086 5095 2255 5151; x_wconf 78' lang='grc' dir='ltr'>εἰκόνι</span> <span class='ocrx_word' id='word_1_817' title='bbox 2284 5092 2382 5151; x_wconf 81' lang='grc' dir='ltr'>τοῦ</span> <span class='ocrx_word' id='word_1_818' title='bbox 2414 5096 2566 5150; x_wconf 86' lang='grc' dir='ltr'>Θεοῦ.</span> <span class='ocrx_word' id='word_1_819' title='bbox 2603 5094 2823 5168; x_wconf 84' lang='grc' dir='ltr'>Ἀπορῶ</span> <span class='ocrx_word' id='word_1_820' title='bbox 2855 5090 2913 5148; x_wconf 75' lang='grc' dir='ltr'>δὲ</span> <span class='ocrx_word' id='word_1_821' title='bbox 2942 5090 3123 5168; x_wconf 80' lang='grc' dir='ltr'>λέγειν</span> <span class='ocrx_word' id='word_1_822' title='bbox 3174 5092 3300 5166; x_wconf 80' lang='grc' dir='ltr'>ὑμῖν</span> <span class='ocrx_word' id='word_1_823' title='bbox 3334 5092 3362 5147; x_wconf 78' lang='grc' dir='ltr'><strong>ὃ</strong></span> <span class='ocrx_word' id='word_1_824' title='bbox 3390 5091 3512 5147; x_wconf 80' lang='grc' dir='ltr'>τότε</span> <span class='ocrx_word' id='word_1_825' title='bbox 3549 5089 3742 5146; x_wconf 84' lang='grc' dir='ltr'>τετόλ-</span> 
     </span>
    </p>
   </div>
   <div class='ocr_carea' id='block_1_114' title="bbox 2089 5178 3747 5259">
    <p class='ocr_par' dir='ltr' id='par_1_114' title="bbox 2089 5178 3747 5259">
     <span class='ocr_line' id='line_1_114' title="bbox 2089 5178 3747 5259; baseline -0.002 -19"><span class='ocrx_word' id='word_1_826' title='bbox 2089 5206 2278 5259; x_wconf 88' lang='grc' dir='ltr'>μηται.</span> <span class='ocrx_word' id='word_1_827' title='bbox 2328 5185 2461 5240; x_wconf 74' lang='grc' dir='ltr'>Εἶτα</span> <span class='ocrx_word' id='word_1_828' title='bbox 2509 5181 2780 5258; x_wconf 87' lang='grc' dir='ltr'>λέγουσιν·</span> <span class='ocrx_word' id='word_1_829' title='bbox 2836 5182 3192 5255; x_wconf 74' lang='grc' dir='ltr'>Ἥκούσαμεν,</span> <span class='ocrx_word' id='word_1_830' title='bbox 3244 5181 3326 5237; x_wconf 76' lang='grc' dir='ltr'>ὅτι</span> <span class='ocrx_word' id='word_1_831' title='bbox 3375 5179 3597 5251; x_wconf 68' lang='grc' dir='ltr'>ἥλωσαν</span> <span class='ocrx_word' id='word_1_832' title='bbox 3647 5178 3747 5236; x_wconf 79' lang='grc' dir='ltr'>αὖ·</span> 
     </span>
    </p>
   </div>
   <div class='ocr_carea' id='block_1_115' title="bbox 2082 5268 3749 5350">
    <p class='ocr_par' dir='ltr' id='par_1_115' title="bbox 2082 5268 3749 5350">
     <span class='ocr_line' id='line_1_115' title="bbox 2082 5268 3749 5350; baseline -0.002 -21"><span class='ocrx_word' id='word_1_833' title='bbox 2082 5279 2183 5329; x_wconf 88' lang='grc' dir='ltr'>τοῦ</span> <span class='ocrx_word' id='word_1_834' title='bbox 2206 5274 2300 5336; x_wconf 81' lang='grc' dir='ltr'>τὰς</span> <span class='ocrx_word' id='word_1_835' title='bbox 2326 5278 2515 5350; x_wconf 86' lang='grc' dir='ltr'>χεῖρας</span> <span class='ocrx_word' id='word_1_836' title='bbox 2544 5271 2634 5327; x_wconf 88' lang='grc' dir='ltr'>καὶ</span> <span class='ocrx_word' id='word_1_837' title='bbox 2683 5271 2810 5334; x_wconf 75' lang='grc' dir='ltr'>τοὺς</span> <span class='ocrx_word' id='word_1_838' title='bbox 2855 5268 3046 5334; x_wconf 84' lang='grc' dir='ltr'>πόδας·</span> <span class='ocrx_word' id='word_1_839' title='bbox 3077 5275 3241 5326; x_wconf 87' lang='grc' dir='ltr'>τοῦτο</span> <span class='ocrx_word' id='word_1_840' title='bbox 3287 5270 3377 5326; x_wconf 81' lang='grc' dir='ltr'>καὶ</span> <span class='ocrx_word' id='word_1_841' title='bbox 3420 5271 3584 5344; x_wconf 78' lang='grc' dir='ltr'>ἡμεῖς</span> <span class='ocrx_word' id='word_1_842' title='bbox 3624 5291 3749 5325; x_wconf 85' lang='grc' dir='ltr'>ποι-</span> 
     </span>
    </p>
   </div>
   <div class='ocr_carea' id='block_1_116' title="bbox 2084 5358 3747 5439">
    <p class='ocr_par' dir='ltr' id='par_1_116' title="bbox 2084 5358 3747 5439">
     <span class='ocr_line' id='line_1_116' title="bbox 2084 5358 3747 5439; baseline -0.003 -19"><span class='ocrx_word' id='word_1_843' title='bbox 2084 5369 2329 5439; x_wconf 85' lang='grc' dir='ltr'>ήσωμεν.</span> <span class='ocrx_word' id='word_1_844' title='bbox 2362 5362 2493 5419; x_wconf 87' lang='grc' dir='ltr'>Τότε</span> <span class='ocrx_word' id='word_1_845' title='bbox 2521 5361 2610 5417; x_wconf 83' lang='grc' dir='ltr'>καὶ</span> <span class='ocrx_word' id='word_1_846' title='bbox 2638 5362 2766 5425; x_wconf 82' lang='grc' dir='ltr'>τοὺς</span> <span class='ocrx_word' id='word_1_847' title='bbox 2798 5358 2968 5423; x_wconf 89' lang='grc' dir='ltr'>πόδας</span> <span class='ocrx_word' id='word_1_848' title='bbox 3018 5360 3107 5416; x_wconf 82' lang='grc' dir='ltr'>καὶ</span> <span class='ocrx_word' id='word_1_849' title='bbox 3162 5362 3258 5423; x_wconf 77' lang='grc' dir='ltr'>τὰς</span> <span class='ocrx_word' id='word_1_850' title='bbox 3291 5367 3485 5437; x_wconf 84' lang='grc' dir='ltr'>χεῖρας</span> <span class='ocrx_word' id='word_1_851' title='bbox 3519 5368 3619 5431; x_wconf 77' lang='grc' dir='ltr'>τῆς</span> <span class='ocrx_word' id='word_1_852' title='bbox 3647 5364 3747 5417; x_wconf 91' lang='grc' dir='ltr'>τοῦ</span> 
     </span>
    </p>
   </div>
   <div class='ocr_carea' id='block_1_117' title="bbox 2086 5446 3748 5531">
    <p class='ocr_par' dir='ltr' id='par_1_117' title="bbox 2086 5446 3748 5531">
     <span class='ocr_line' id='line_1_117' title="bbox 2086 5446 3748 5531; baseline -0.005 -18"><span class='ocrx_word' id='word_1_853' title='bbox 2086 5453 2284 5531; x_wconf 87' lang='grc' dir='ltr'>Κυρίου</span> <span class='ocrx_word' id='word_1_854' title='bbox 2332 5450 2538 5515; x_wconf 88' lang='grc' dir='ltr'>εἰκόνος</span> <span class='ocrx_word' id='word_1_855' title='bbox 2582 5449 2781 5524; x_wconf 80' lang='grc' dir='ltr'>ἔπηξαν</span> <span class='ocrx_word' id='word_1_856' title='bbox 2829 5449 3024 5522; x_wconf 76' lang='grc' dir='ltr'>ἥλους.</span> <span class='ocrx_word' id='word_1_857' title='bbox 3057 5447 3231 5509; x_wconf 84' lang='grc' dir='ltr'>Πάλιν</span> <span class='ocrx_word' id='word_1_858' title='bbox 3264 5446 3513 5526; x_wconf 83' lang='grc' dir='ltr'>λέγουσιν</span> <span class='ocrx_word' id='word_1_859' title='bbox 3565 5471 3748 5525; x_wconf 90' lang='grc' dir='ltr'>μεμη-</span> 
     </span>
    </p>
   </div>
   <div class='ocr_carea' id='block_1_118' title="bbox 2157 5634 3754 5771">
    <p class='ocr_par' dir='ltr' id='par_1_118' title="bbox 2157 5634 3754 5771">
     <span class='ocr_line' id='line_1_118' title="bbox 2157 5634 3754 5771; baseline -0.004 -72"><span class='ocrx_word' id='word_1_860' title='bbox 2157 5644 2268 5771; x_wconf 61' lang='lat'>(1)6)</span> <span class='ocrx_word' id='word_1_861' title='bbox 2336 5647 2424 5699; x_wconf 85' lang='lat' dir='ltr'>Ita</span> <span class='ocrx_word' id='word_1_862' title='bbox 2477 5641 2730 5702; x_wconf 83' lang='lat' dir='ltr'>Golbert.</span> <span class='ocrx_word' id='word_1_863' title='bbox 2794 5644 2845 5701; x_wconf 91' lang='grc'>1.</span> <span class='ocrx_word' id='word_1_864' title='bbox 2907 5641 3084 5714; x_wconf 85' lang='lat' dir='ltr'>Editi,</span> <span class='ocrx_word' id='word_1_865' title='bbox 3132 5634 3351 5715; x_wconf 78' lang='grc' dir='ltr'>ἔνθεον,</span> <span class='ocrx_word' id='word_1_866' title='bbox 3404 5637 3495 5697; x_wconf 84' lang='grc' dir='ltr'>καὶ</span> <span class='ocrx_word' id='word_1_867' title='bbox 3549 5634 3754 5709; x_wconf 74' lang='grc' dir='ltr'>ἔνθεον,</span> 
     </span>
     <span class='ocr_line' id='line_1_119' title="bbox 2157 5732 2273 5771; baseline 0 0"><span class='ocrx_word' id='word_1_868' title='bbox 2157 5732 2273 5771; x_wconf 86' lang='lat' dir='ltr'>ae.</span> 
     </span>
    </p>
   </div>
   <div class='ocr_carea' id='block_1_119' title="bbox 2088 5732 2273 5777">
    <p class='ocr_par' dir='ltr' id='par_1_119' title="bbox 2088 5732 2273 5777">
     <span class='ocr_line' id='line_1_120' title="bbox 2088 5732 2273 5777; baseline -0.005 -3"><span class='ocrx_word' id='word_1_869' title='bbox 2088 5732 2245 5777; x_wconf 72' lang='lat' dir='ltr'>male</span> <span class='ocrx_word' id='word_1_870' title='bbox 2260 5759 2273 5773; x_wconf 90' lang='lat'>.</span> 
     </span>
    </p>
   </div>
  </div>
