4148 6404
375 363 491 424 8H

1557 364 1622 423 S.
1668 359 2282 423 ATHANASlUS.—
2318 358 2628 423 SPURIA.

3690 372 3809 432 812

377 498 509 570 tibi,
540 496 791 564 Christe,
826 512 999 569 quem
1027 500 1222 570 patres
1255 497 1442 554 nostri
1464 497 1902 564 cruciﬁxerunt,
1936 495 2039 567 qui

2158 512 2276 562 σαν,
2308 493 2397 547 καὶ
2429 492 2520 549 ἀφ’
2548 495 2710 563 ἡμῶν
2742 497 2835 548 νῦν
2867 495 3196 570 σταυρωθεὶς
3248 494 3337 551 ἐπὶ
3375 501 3445 573 τῇ
3478 499 3651 556 εἰκόνι
3684 523 3807 562 σου.

372 589 497 660 jam
530 604 565 643 a
594 587 768 643 nobis
816 585 876 641 in
928 586 1188 660 imagine
1217 592 1319 642 tua
1368 587 1684 644 cruciﬁxus
1732 602 1814 642 es.
1849 585 2044 641 Gloria

376 678 505 744 tibi,
538 675 645 732 Fili
674 675 775 730 Dei
807 675 1071 747 viventis,
1106 678 1205 748 qui
1236 682 1403 732 tanta
1459 674 1699 733 edidisti
1732 674 2039 731 miracula.

380 765 510 823 Tibi
560 764 858 820 credimus
897 782 910 820 :
939 765 1231 837 propitius
1281 765 1453 821 nobis
1483 769 1631 835 esto,
1674 768 1730 819 et
1757 781 1864 819 nos
1897 763 2040 819 reci-

378 855 522 927 pito.
557 854 688 909 Haac
719 870 924 909 omnes
974 852 1330 919 clamabant,
1379 853 1685 927 lugentes;
1718 868 2042 924 eorumque

377 943 603 1000 clamor
630 942 1161 1011 ascendebat,dum
1198 947 1486 1016 ungerent
1513 942 1811 1015 principes
1842 958 2041 998 sacer-

378 1034 606 1100 dotum,
640 1047 961 1102 omnesque
992 1035 1342 1087 curarentur
1370 1036 1427 1087 et
1457 1031 1886 1088 reviviscerent.

447 1122 504 1179 7.
533 1126 854 1194 Postquam
907 1126 1104 1176 autem
1138 1121 1327 1177 sanati
1373 1138 1579 1177 omnes
1612 1121 1882 1194 fuissent,
1914 1124 2040 1177 tur-

379 1211 467 1268 ba
496 1211 831 1266 Judtsorum
881 1210 950 1265 ad
1006 1209 1347 1282 episcopum
1396 1210 1557 1266 illius
1601 1210 1893 1279 Ecclesiae,
1939 1209 2038 1282 qui

379 1316 503 1357 rem
534 1304 760 1373 gestam
787 1300 911 1369 jam
944 1298 1253 1365 didicerat,
1288 1299 1987 1368 concurrere,clamantes
2022 1316 2035 1354 :

380 1388 546 1445 Unus
596 1394 749 1444 Deus
807 1391 992 1454 Pater,
1058 1405 1214 1444 unus
1262 1387 1444 1444 Filius
1495 1389 1625 1459 ejus
1674 1388 2036 1461 unigenitus,

380 1495 538 1535 unus
568 1477 857 1546 Christus,
889 1493 1065 1550 quem
1098 1481 1296 1548 patres
1351 1478 1536 1533 nostri
1568 1478 1989 1534 cruciﬁxerunt
2022 1496 2035 1534 :

379 1570 580 1642 ipsum
612 1584 742 1624 esse
772 1567 913 1623 Dem
947 1566 1190 1635 scimus,
1226 1566 1363 1622 huic
1395 1583 1503 1623 nos
1543 1567 1860 1624 credimus.
1892 1568 2035 1625 Cum

381 1657 584 1716 multis
634 1673 771 1729 ergo
823 1656 1100 1712 laudibus
1148 1660 1329 1712 Deum
1379 1656 1796 1727 cclehrassent,
1828 1657 2037 1730 imagi-

380 1763 635 1819 nemque
663 1745 1104 1818 archiepiscopo
1126 1745 1545 1812 ostendissent,
1567 1746 2037 1803 renuntiassent-

380 1854 495 1911 que
524 1852 593 1893 ea
623 1852 752 1907 quas
798 1835 909 1907 ipsi
945 1838 1419 1906 perpetraverant
1451 1835 1512 1890 in
1560 1835 1775 1889 Christi
1823 1834 2034 1906 imagi-
2067 1873 2115 1938 B

382 1926 769 1998 nem,pariter
797 1925 1140 1981 indicabant
1168 1925 1518 1997 sanguinem
1551 1928 1608 1980 et
1638 1941 1851 1996 aquam
1885 1942 2039 1981 ema-

382 2033 557 2074 nasse
588 2033 602 2072 :
638 2032 755 2087 qua
783 2014 1006 2070 ratione
1028 2015 1166 2069 item
1192 2031 1261 2070 ex
1281 2014 1459 2070 latere
1484 2014 1766 2087 imaginis
1787 2014 2039 2071 effluxis-

383 2109 492 2175 set,
526 2121 701 2178 quam
756 2103 1049 2160 immensa
1094 2103 1249 2160 edita
1296 2108 1496 2159 essent
1545 2104 1849 2160 miracula.
1893 2108 2037 2159 Tum

385 2194 579 2252 omnis
626 2192 941 2250 multitudo
975 2193 1219 2266 rogabat
1266 2197 1332 2249 ut
1361 2193 1475 2248 sibi
1522 2193 1711 2249 sancti
1760 2194 2040 2266 baptismi

383 2283 575 2357 gratia
601 2283 979 2339 tribueretur.
1011 2282 1167 2346 Quos
1215 2282 1527 2355 episcopus
1579 2282 1897 2350 admissos,
1924 2299 2041 2340 una

382 2390 517 2429 cum
547 2371 706 2428 illius
738 2371 1006 2428 Ecclesiae
1036 2371 1422 2441 clero,omnes
1456 2370 1777 2427 multorum
1809 2371 2038 2428 dierum

382 2462 570 2535 spatio
620 2461 959 2532 baptizavit.
1006 2461 1374 2533 Synagogam
1406 2476 1540 2516 vero
1589 2461 1952 2517 consecravit
1979 2461 2039 2516 in

384 2538 691 2607 ecclesiam
724 2549 1041 2606 Salvatoris
1073 2550 1258 2605 nostri
1303 2549 1442 2605 Jesu
1476 2548 1715 2620 Christi,
1748 2549 1894 2622 ipsis
1923 2550 2040 2606 sci-

386 2640 524 2696 licet
552 2640 917 2712 rogantibus.
950 2639 1199 2695 Caeteras
1230 2643 1426 2695 autem
1479 2654 1682 2695 eorum
1712 2656 2041 2713 synagogas

385 2728 448 2784 in
482 2728 763 2801 martyria
811 2727 1112 2784 convertit.
1148 2727 1289 2783 llinc
1326 2743 1541 2799 magna
1570 2732 1771 2784 exorta
1821 2732 1911 2784 est
1940 2728 2039 2784 lae-

387 2817 522 2873 titia
551 2817 611 2873 in
641 2816 743 2873 illa
773 2815 1024 2887 civitate,
1056 2832 1174 2873 non
1204 2817 1380 2873 modo
1412 2818 1632 2877 curatis
1676 2819 2039 2891 corporibus,

390 2907 493 2964 sed
526 2910 612 2962 tot
637 2905 951 2962 animabus
982 2923 1016 2961 a
1046 2909 1235 2962 morte
1259 2905 1331 2962 ad
1361 2906 1541 2963 vitam
1579 2906 1880 2964 revocatis.

460 2996 512 3052 8.
545 2996 676 3052 Haec
702 2994 865 3052 vobis
894 3011 1022 3067 ego,
1056 2994 1137 3050 rei
1168 2998 1345 3067 gestia
1376 3011 1619 3068 gnarus,
1652 2995 2044 3069 significanda

388 3086 549 3158 duxi,
583 3084 948 3142 dilectissimi
982 3085 1214 3152 fratres,
1245 3085 1317 3140 ad
1351 3084 1663 3141 utilitatem
1706 3085 2040 3143 animarum

384 3178 712 3232 vestrarum
749 3188 762 3229 :
799 3177 865 3229 ut
893 3188 959 3229 ea
989 3189 1222 3245 quoque
1252 3173 1311 3229 in
1344 3189 1425 3240 re,
1457 3174 1658 3246 agnita
1687 3174 1783 3229 Dei
1823 3180 1881 3231 et
1909 3175 2038 3231 Sal-
2070 3191 2115 3258 α

382 3263 602 3321 vatoris
632 3262 817 3319 nostri
868 3263 1005 3318 Jesu
1050 3260 1264 3318 Christi
1313 3261 1550 3333 virtute,
1584 3263 1772 3335 magis
1820 3264 2041 3336 magis-

388 3369 501 3426 que
532 3352 591 3408 in
622 3353 753 3424 ejus
783 3351 898 3407 ﬁde
929 3351 1384 3422 conﬁrmemini,
1417 3356 1591 3423 atque
1633 3353 1936 3409 exsultetis
1968 3355 2040 3410 ob

385 3459 603 3516 magna
630 3442 759 3513 ejus
811 3441 1121 3509 miracula,
1153 3457 1312 3496 nunc
1360 3440 1537 3497 edita.
1572 3441 1711 3497 Date
1748 3441 1930 3514 igitur
1958 3442 2044 3499 illi

385 3530 631 3605 gloriam
689 3547 824 3586 cum
876 3528 1077 3584 lzetitia
1123 3534 1181 3585 et
1228 3528 1681 3601 compunctione
1733 3531 1949 3598 cordis,
1980 3530 2039 3586 in

382 3621 544 3677 luctu
576 3620 925 3693 gaudentes,
956 3617 1292 3691 gratiasque
1341 3622 1585 3689 agentes
1616 3618 1668 3674 ei
1698 3620 1770 3675 de
1810 3621 2039 3693 magni-

382 3710 617 3767 ﬁcentia
646 3726 753 3766 sua
782 3725 795 3777 ;
831 3709 987 3780 quod
1036 3725 1142 3763 nos
1190 3723 1325 3763 vera
1372 3706 1432 3762 in
1462 3707 1660 3779 ipsum
1714 3708 1827 3764 fide
1857 3712 1915 3765 et
1943 3726 2039 3766 co-

380 3798 643 3873 gnitione
672 3813 780 3853 sua
810 3795 1347 3866 donaveritEtiam,
1382 3795 1486 3850 filii
1522 3796 1634 3852 mei
1665 3795 1884 3865 dilecti,
1910 3799 2037 3870 jam

379 3889 441 3944 in
500 3888 774 3961 praesenti
832 3902 1220 3958 agnoscamus
1270 3884 1544 3940 virtutem
1605 3885 1882 3942 immensi
1934 3889 2035 3946 Dei

379 3983 436 4035 et
463 3976 698 4033 Domini
745 3976 924 4032 nostri
955 3978 1093 4031 Jesu
1127 3974 1366 4031 Christi.
1402 3976 1474 4031 Et
1513 3974 1876 4032 celebremus
1906 3977 2037 4048 ejus

376 4067 721 4132 bonitatem,
751 4064 870 4120 veri
923 4064 1149 4121 scilicet
1196 4063 1323 4121 Filii
1372 4064 1473 4120 Dei
1523 4063 1791 4121 viventis.
1831 4065 2034 4138 Ipsum

377 4156 536 4212 enim
567 4156 775 4211 decent
800 4153 1027 4223 ,honor,
1060 4152 1397 4227 imperium,
1430 4154 1778 4226 magnitudo
1809 4159 1867 4211 et
1908 4172 2035 4212 ma-

378 4243 738 4319 gniﬁcentia,
772 4260 929 4300 nunc
959 4246 1015 4300 et
1062 4259 1293 4316 semper
1321 4249 1380 4301 et
1417 4242 1479 4299 in
1528 4242 1741 4302 saecula
1790 4243 2033 4302 saeculo-

376 4351 531 4392 rum.
562 4335 773 4392 Amen.

2153 582 2288 652 Δόξα
2316 603 2423 650 σοι,
2454 583 2541 637 ris
2569 587 2666 637 τοῦ
2697 586 2831 638 Θεοῦ
2859 588 2956 638 τοῦ
2992 588 3212 653 ζῶντος,
3246 586 3274 640 6
3304 592 3541 643 τοσαῦτα
3576 594 3817 661 ποιγςσας

2152 671 2441 744 θαυμάσια.
2471 672 2567 727 Σοί
2596 672 2942 746 πιστεύομεν·
2980 668 3152 729 ἷ’λεωσ
3178 677 3315 747 ἡμῖν
3347 677 3635 752 γενοῦ,καὶ
3670 677 3816 752 δέξαι

2151 760 2322 831 ἡμᾶς.
2355 762 2537 816 Ταῦτα
2567 755 2738 815 ἐϐόων
2773 762 2997 823 ἅπαντες
3047 763 3384 825 πενθοῦντεςο
3438 765 3529 820 καὶ
3575 768 3631 821 αἱ
3693 769 3817 842 βοαὶ

2151 847 2325 903 αὐτῶν
2361 849 2762 922 ἀνεπέμποντο,
2794 850 3094 926 ἀρχιερέων
3143 850 3439 927 χριόντων,
3471 853 3563 910 καὶ
3602 854 3819 913 πάντων

2152 938 2600 1013 θεραπευομένων
2627 938 2717 995 καὶ
2752 940 3231 1014 ζωοποιουμὲνων.

2218 1122 2275 1177 7.
2306 1120 2455 1175 Μετᾶ
2485 1117 2541 1175 δὲ
2599 1121 2659 1176 τὸ
2718 1120 2919 1185 πάντας
2978 1120 3194 1193 ἰαθῆναι
3241 1120 3395 1187 αὖθις
3423 1126 3561 1201 πρὸς
3595 1126 3815 1185 ἐπίσκο-

2148 1229 2249 1263 πον
2274 1215 2375 1279 τῆς
2408 1208 2578 1264 ἐκεῖσε
2608 1207 2957 1283 Ἑκκλησίας,
2988 1207 3099 1282 ἤδη
3142 1212 3533 1287 μεμαθηκόντα
3561 1216 3627 1271 τὰ
3653 1219 3808 1294 γενό-

2154 1319 2306 1371 μενα,
2355 1297 2420 1352 τὰ
2468 1295 2656 1370 πλήθη
2706 1304 2812 1354 τῶν
2862 1297 3145 1357 Ἰουδαίων
3184 1300 3546 1378 κατέδραμον,
3576 1307 3802 1382 κράζον-

2147 1408 2256 1450 τες.
2302 1387 2395 1450 Εἷς
2454 1386 2584 1450 Θεὸς
2637 1387 2664 1442 ὁ
2714 1388 2931 1465 ΙῙατήρ,
2985 1389 3060 1451 εἷς
3111 1391 3237 1454 Υἱὸς
3282 1390 3449 1447 αὐτοῦ
3483 1397 3796 1472 μονογενὴς,

2149 1477 2224 1538 εἷς
2275 1477 2503 1553 Χριστὸς
2552 1475 2610 1532 ὅν
2663 1477 2715 1532 οἱ
2765 1476 2992 1553 πατέρες
3043 1481 3205 1552 ἡμῶν
3251 1477 3612 1558 ἐσταύρωσαν·
3648 1483 3806 1539 αὐτὸν

2149 1565 2277 1619 Θεὸν
2310 1562 2559 1638 οἴδαμεν,
2605 1566 2786 1640 τούτῳ
2814 1569 2979 1638 ἡμεῖς
3012 1569 3359 1643 πιστεύομεν.
3396 1570 3649 1635 Ιίολλαῖς
3710 1572 3807 1627 οῦν

2149 1655 2445 1732 εὐφημίαις
2478 1652 2800 1727 δοξάσαντες
2830 1658 2921 1712 τὸν
2959 1659 3112 1726 Θεὸν,
3140 1660 3239 1729 τήν
3266 1680 3326 1714 τε
3374 1659 3552 1716 εἰκόνα
3592 1667 3673 1734 τῷ
3719 1664 3813 1739 ἀρ-

2146 1744 2494 1821 χιεπισκόπῳ
2551 1742 2839 1818 δείξαντες,
2898 1746 2988 1801 καὶ
3045 1746 3474 1824 ἀπαγγείλαντες
3538 1752 3571 1805 ἃ
3626 1751 3815 1824 ἐποίη-

2149 1855 2241 1889 σαν
2269 1835 2368 1903 τὴν
2415 1839 2513 1889 τοῦ
2559 1834 2796 1910 Χριστοῦ
2850 1835 3051 1906 εἰκόνα,
3085 1836 3149 1892 τό
3175 1858 3234 1893 τε
3264 1838 3400 1912 αἷμα
3427 1838 3523 1894 καὶ
3550 1841 3612 1896 τὸ
3651 1839 3803 1917 ὕδωρ

2151 1922 2412 1996 ἐμήνυον,
2441 1922 2531 1978 καὶ
2565 1924 2627 1978 τὸ
2656 1929 2771 1986 πῶς
2803 1922 3124 1995 ἐξελήλυθεν
3158 1925 3266 1981 ἀπὸ
3294 1933 3393 1996 τῆς
3420 1927 3661 2004 πλευρᾶς
3704 1933 3810 2000 τῆς

2151 2011 2385 2085 εἰκόνος,
2440 2017 2549 2068 τῶν
2623 2035 2683 2068 τε
2756 2014 2992 2091 ἀπείρων
3063 2016 3352 2090 θαυμάτων
3406 2018 3475 2072 τὰ
3525 2018 3806 2095 γεγονότα.

2149 2097 2337 2165 Οὕτως
2397 2101 2604 2157 ἅπαντα
2655 2103 2722 2157 τὰ
2785 2101 2975 2174 πλήθη
3037 2101 3134 2158 τοῦ
3202 2104 3357 2180 ἁγίου
3433 2106 3809 2182 βαπτίσματος

2151 2190 2453 2261 ἀξιωθῆναι
2499 2191 2762 2249 ἱκέτευον.
2806 2191 2913 2254 Οῧς
2963 2187 3147 2248 λαϐὼν
3199 2194 3229 2249 6
3259 2193 3555 2258 ἐπίσκοπος
3590 2197 3703 2271 ἅμα
3731 2202 3811 2269 τῷ

2149 2278 2321 2335 ἐκεῖσε
2377 2279 2571 2354 κλήρῳ
2628 2279 2832 2343 πάντας
2891 2281 2977 2337 ἐπὶ
3023 2280 3237 2345 πολλὰς
3287 2281 3501 2357 ἡμέρας
3532 2280 3809 2344 ἐϐάπτισε.

2150 2371 2266 2439 Τὴν
2337 2366 2394 2425 δὲ
2468 2371 2782 2445 συνογωγήν
2830 2368 3120 2442 ἐκκλησίαν
3179 2376 3276 2427 τοῦ
3339 2379 3604 2446 Σωτῆρος
3651 2376 3814 2447 ἡμῶν

2152 2460 2333 2529 Ἰησοῦ
2364 2461 2603 2533 Χριστοῦ
2654 2459 2975 2538 ἆφιέρωσεν,
3027 2458 3245 2515 ἐκείνων
3296 2461 3807 2537 παρακαλεσάντων.

2148 2549 2243 2610 τὰς
2276 2546 2334 2603 δὲ
2365 2546 2562 2610 λοιπὰς
2613 2549 2930 2625 συναγωγὰς
2988 2548 3163 2605 αὐτῶν
3219 2549 3489 2627 μαρτύρια
3517 2551 3807 2623 πεποίηκε.

2151 2636 2250 2692 Καὶ
2280 2637 2340 2691 ἐκ
2366 2636 2565 2692 τούτου
2595 2636 2743 2713 χαρά
2795 2637 3006 2714 μεγάλη
3039 2639 3255 2715 γέγονεν
3291 2639 3342 2695 ἐν
3374 2643 3444 2715 τῇ
3476 2639 3640 2697 πόλει
3671 2640 3808 2696 ἐκεί-

2149 2728 2240 2800 νῇ,
2274 2724 2335 2780 οὐ
2386 2724 2548 2799 μόνον
2604 2724 2870 2800 σωμάτων
2922 2725 3200 2796 ἰαθέντων,
3234 2726 3382 2785 ἀλλὰ
3410 2728 3501 2785 καὶ
3532 2730 3805 2786 τοσούτων

2151 2818 2345 2891 ψυχῶν
2373 2814 2433 2870 ἐκ
2460 2811 2662 2892 νεκρῶν
2697 2814 2775 2878 εἰς
2804 2817 2948 2886 ζωὴν
2980 2814 3412 2882 ἐπανελθόντων.

2221 2994 2275 3051 8.
2306 2995 2482 3048 Ταῦτα
2549 2991 2712 3067 γνοὺς
2791 2991 2918 3069 ἐγὼ,
2979 2992 3286 3050 ἐσπούδασα
3341 2992 3588 3067 δηλῶσαι
3643 2996 3798 3069 ὑμῖν,

2149 3080 2607 3159 προσφιλέστατοι
2664 3077 2916 3159 ἀδελφοὶ,
2983 3081 3058 3145 εἷς
3116 3082 3383 3163 ὠφέλειαν
3439 3089 3545 3139 τῶν
3606 3088 3799 3161 ψυχῶν

2152 3172 2328 3240 ὑμῶν·
2355 3169 2468 3240 ἵνα,
2501 3168 2719 3245 γνόντες
2747 3169 2838 3225 καὶ
2887 3169 2976 3225 ἐπὶ
3022 3171 3205 3246 τούτῳ
3242 3176 3339 3228 τοῦ
3368 3173 3639 3250 ἡμετέρου
3670 3179 3805 3231 Θεοῦ

2150 3259 2240 3316 καὶ
2272 3267 2532 3335 Σωτῆρος
2563 3261 2725 3334 ἡμῶν
2761 3261 2943 3331 Ἰησοῦ
2965 3263 3200 3336 Χριστοῦ
3230 3263 3328 3332 τήν
3355 3260 3602 3337 δύναμιν,
3634 3261 3805 3319 πλέον

2149 3354 2218 3425 τῇ
2280 3350 2354 3413 εἷς
2411 3348 2572 3405 αὐτόν
2623 3357 2957 3425 στερεωθῆτε
3006 3351 3206 3424 πίστει,
3256 3352 3348 3407 καὶ
3398 3352 3810 3429 ἀγαλλιασθῆτε

2151 3438 2239 3494 ἐπὶ
2269 3443 2385 3500 τοῖς
2444 3438 2705 3513 μεγάλοις
2762 3437 2929 3494 αὐτοῦ
2987 3439 3224 3513 θαύμασι
3268 3446 3387 3504 τοῖς
3434 3447 3526 3496 νῦν
3584 3463 3808 3518 γεγενη-

2155 3528 2365 3600 μένοις.
2433 3521 2565 3582 Δότε
2618 3525 2709 3582 οῦν
2766 3527 2913 3600 αὐτῷ
2961 3525 3114 3603 δόξαν
3154 3530 3270 3603 μετ’
3297 3529 3657 3607 εὐφροσύνης,
3712 3529 3802 3585 καί

2146 3618 2428 3688 κατάνυξιν
2480 3613 2727 3693 καρδίας,
2785 3616 2875 3671 καὶ
2926 3619 3111 3694 θρήνῳ
3158 3616 3465 3694 χαίροντες,
3496 3617 3583 3673 καὶ
3641 3617 3801 3694 εὐχα-

2150 3711 2454 3784 ριστοῦντες
2488 3704 2575 3760 ἐπὶ
2604 3709 2674 3780 τῇ
2708 3704 2875 3761 αὐτοῦ
2911 3706 3312 3782 μεγαλειότητι,
3347 3705 3429 3761 ὅτι
3479 3712 3579 3776 τῆς
3629 3705 3795 3762 αὐτοῦ

2146 3796 2377 3858 πίστεως
2437 3797 2586 3868 ἡμᾶς
2643 3793 2864 3866 ἠξίωσε,
2919 3795 3010 3851 καὶ
3063 3802 3165 3864 τῆς
3221 3794 3386 3850 αὐτοῦ
3427 3794 3795 3870 ἐπιγνώσεως.

2147 3887 2270 3957 Ναὶ,
2321 3884 2476 3940 τέκνα
2528 3907 2633 3958 μου
2685 3884 2961 3961 ἀγαπητὰ,
3006 3889 3221 3961 γνῶμεν
3274 3885 3364 3939 καὶ
3396 3884 3485 3939 ἐπὶ
3537 3889 3633 3940 τοῦ
3666 3905 3800 3960 παρ-

2147 3975 2297 4037 όντος
2371 3979 2469 4030 τοῦ
2527 3973 2828 4050 ἀπεράντου
2883 3978 3044 4049 ἡμῶν
3103 3979 3238 4031 Θεοῦ
3265 3973 3357 4028 καὶ
3389 3973 3591 4051 Κυρίου
3619 3978 3801 4045 Ἰησοῦ

2147 4069 2385 4142 Χριστοῦ
2442 4065 2540 4132 τήν
2600 4061 2848 4137 δύναμιν.
2924 4065 3023 4119 Καὶ
3101 4062 3410 4136 δοξάσωμεν
3471 4063 3568 4132 τὴν
3631 4063 3800 4118 αὐτοῦ

2145 4153 2455 4230 ἀγαθότητα
2482 4150 2578 4208 τοῦ
2618 4152 2883 4223 ἀληθινοῦ
2916 4154 3043 4208 Υίοῦ
3094 4158 3192 4209 τοῦ
3240 4157 3376 4209 Θεοῦ
3423 4157 3520 4208 τοῦ
3580 4156 3800 4221 ζῶντος.

2150 4243 2312 4316 Αὐτῷ
2362 4241 2466 4319 γὰρ
2533 4241 2726 4319 πρέπει
2773 4244 2934 4317 τιμή,
2965 4244 3183 4319 κράτος,
3221 4240 3561 4317 μεγαλοσύνη
3592 4241 3682 4296 καὶ
3715 4263 3809 4316 με·

2133 4332 2537 4410 ,γαλοπρὲπεια,
2591 4336 2683 4387 νῦν
2740 4332 2829 4387 καὶ
2881 4331 2963 4387 ἀεὶ
3017 4331 3108 4387 καὶ
3167 4331 3244 4394 εἷς
3276 4330 3403 4394 τοὺς
3435 4330 3636 4394 αἰῶνας
3692 4336 3797 4387 τῶν

2143 4422 2378 4479 αἰώνων.
2411 4422 2467 4476 Ἀ
2483 4422 2614 4495 μήν.

374 4689 534 4749 205
568 4685 812 4749 Relatio
862 4686 1309 4748 miraculorum
1358 4685 1608 4746 Domini
1659 4685 1858 4748 nostri
1903 4687 2051 4749 Jesu
2083 4685 2336 4760 Christi,
2370 4704 2512 4765 quae
2546 4704 2656 4765 per
2699 4683 3043 4763 imaginem
3081 4682 3281 4764 ipsius
3324 4682 3491 4744 facta
3540 4689 3686 4745 sunt
3731 4684 3795 4745 in

1249 4768 1505 4847 Beryto,
1541 4767 1738 4847 Syriae
1769 4767 2045 4844 civitate,
2079 4768 2300 4849 quinto
2331 4767 2480 4829 Idus
2508 4766 2902 4828 Novembris.

434 4904 604 4978 Apud
654 4902 977 4960 Caesaream
1025 4901 1403 4975 Cappadociae
1455 4902 1664 4959 urbem
1721 4902 2028 4975 praemaxi-
2060 4906 2108 4971 D
2137 4901 2437 4970 tulissent,
2471 4901 2678 4958 Petrus
2709 4899 3094 4958 beatissimus
3119 4897 3469 4956 Nicomediae
3497 4900 3662 4956 urbis
3692 4917 3798 4957 an-

365 5011 548 5066 mam,
581 4993 986 5051 conrenientes
1017 4992 1089 5047 de
1117 4990 1377 5064 singulis
1416 4991 1666 5048 urbibus
1709 4992 1861 5049 Asiae
1894 5009 2028 5048 san-

364 5083 613 5142 ctissimi
660 5082 963 5157 prrasules,
994 5098 1098 5154 pro
1130 5080 1529 5137 stabilimento
1579 5087 1793 5138 sanctae
1824 5081 2022 5139 Eccle-

361 5174 463 5230 siae
481 5174 740 5230 inierunt
760 5170 1406 5241 consilium.Siquidem
1432 5170 1588 5242 apud
1606 5186 1704 5227 eos
1727 5171 1797 5227 de
1818 5187 2023 5228 cruore

361 5262 565 5320 lateris
596 5262 831 5319 Domini
866 5258 1047 5317 nostri
1079 5258 1218 5315 Jesu
1250 5257 1465 5314 Christi
1496 5275 1614 5315 non
1645 5259 1894 5333 exiguus
1927 5277 2020 5316 er-

359 5370 458 5409 ror
487 5357 723 5409 exortus
766 5367 895 5408 esse
928 5349 1253 5405 videbatur.
1288 5346 1411 5410 Qua
1463 5364 1532 5403 ex
1565 5364 1648 5418 re,
1680 5354 1745 5405 ut
1798 5350 2019 5422 praefati

360 5458 591 5506 sumus,
611 5441 807 5511 injam
834 5440 987 5495 dicta
1010 5439 1155 5493 urbe
1183 5437 1476 5493 maximus
1508 5442 1901 5511 congregatus
1932 5444 2023 5495 est

360 5534 701 5586 sanctorum
751 5530 1159 5602 episcoporum
1193 5530 1536 5591 conventus,
1583 5532 1647 5582 ut
1677 5543 1745 5582 ex
1776 5527 1883 5583 hoc
1932 5546 2021 5584 er-

361 5633 491 5675 rore
518 5619 579 5673 in
611 5635 792 5674 unum
825 5623 1075 5675 tractare
1106 5616 1526 5672 deberent.Sed
1560 5616 1700 5672 dum
1733 5618 1929 5673 cuncti
1952 5635 2021 5674 ex

361 5723 525 5765 more
552 5707 612 5764 in
642 5711 906 5765 sanctam
936 5704 1243 5763 ecclesiam
1276 5705 1349 5762 ad
1381 5704 1760 5763 residendum
1796 5723 1858 5763 se
1881 5722 2018 5764 con-

2133 4991 2327 5060 tistes,
2362 4991 2422 5047 in
2455 4990 2649 5047 medio
2679 5008 2883 5048 eorum
2917 5005 3302 5060 consurgens,
3339 4989 3419 5045 ita
3448 4989 3519 5045 ad
3568 4989 3796 5045 univer-

2134 5097 2234 5138 sos
2285 5096 2527 5137 exorsus
2577 5084 2669 5136 est
2715 5078 2878 5153 loqui
2914 5096 2928 5138 :
2961 5079 3020 5136 Si
3068 5077 3279 5151 placet,
3330 5077 3549 5150 inquit,
3591 5081 3795 5133 vestrae

2134 5168 2456 5240 sanctitati,
2492 5185 2525 5225 ο
2585 5167 2953 5226 sanctissimi
3013 5171 3241 5234 Patres,
3287 5166 3554 5222 libellum
3609 5182 3795 5221 unum

2132 5257 2437 5314 Alhanasii
2487 5257 2890 5314 Alexandrina:
2939 5256 3105 5312 urbis
3152 5255 3351 5328 magni
3395 5254 3676 5328 episcopi,
3705 5271 3799 5312 me

2129 5347 2296 5402 vobis
2327 5345 2542 5403 referre
2589 5346 3113 5404 delectat.‘Sancta
3142 5346 3406 5418 synodus
3446 5345 3793 5417 respondit:

2132 5438 2330 5494 Placet
2375 5437 2566 5509 plane,
2602 5441 2662 5494 et
2689 5441 2756 5495 ut
2798 5438 3027 5509 legatur
3076 5440 3378 5508 optamus.
3409 5436 3493 5491 Ad
3544 5434 3667 5491 haec
3698 5434 3795 5492 ille

2128 5526 2394 5582 libellum
2430 5528 2487 5582 in
2518 5528 2709 5584 medio
2742 5525 3010 5601 protulit,
3041 5530 3099 5581 et
3138 5524 3446 5582 materiam
3498 5524 3688 5599 ipsius
3720 5527 3798 5582 ti-

2129 5615 2237 5671 tuli
2269 5615 2466 5672 taliter
2497 5632 2815 5689 aggressus
2844 5620 2936 5674 est
2963 5615 3234 5689 legendo.
