4148 6362
413 392 528 452 813

1302 386 1403 446 DE
1445 384 1665 446 PASS.
1713 382 2068 446 IMAGINIS
2114 385 2185 442 D.
2236 383 2311 443 N.
2356 381 2549 444 JESU
2594 381 2931 443 CHRISTI.

3709 381 3828 445 814

1639 535 1895 591 SANCTI
1936 532 2191 590 PATRIS
2235 531 2620 589 ATHANASII

1695 647 1724 691 Δ
1736 651 1844 689 RCH
1854 648 2127 688 IEPISCOPI
2166 646 2550 687 ALEXANDRINI

495 751 580 809 De
609 753 900 826 passione
932 743 1221 823 imaginis
1249 742 1499 804 Domini
1531 742 1729 803 nostri
1775 743 1922 882 ,Ιείειῖ
1967 739 2221 880 (flabrilslti,
2268 737 2547 901 (qualiter
2594 740 2896 801 cruciﬁxa
2944 744 3035 801 est
3066 740 3125 799 in
3160 741 3409 819 Beryto,
3447 739 3645 818 Syria:
3679 738 3831 800 civi-

1854 840 1953 881 ae
2010 840 2028 879 1
2079 839 2111 880 e
2168 839 2236 879 us
2344 842 2413 881 ι.

1854 839 1953 881 ate
1986 839 2236 880 uneuus
2268 839 2413 881 (1H.

489 1069 863 1127 Dilectissimi
895 1070 1092 1141 itaque
1142 1084 1347 1123 omnes
1380 1067 1484 1121 ﬁlii
1533 1070 1747 1121 sanctae
1779 1063 2070 1133 Ecclesiae,
2103 1066 2155 1129 Α
2189 1067 2376 1124 mines
2410 1069 2601 1125 salvos
2633 1067 2779 1132 ﬁeri,
2813 1070 2870 1121 et
2919 1066 2988 1120 ad
3040 1065 3402 1136 agnitionem
3452 1065 3712 1120 veritatis
3742 1082 3837 1121 ve-

416 1161 632 1217 mentis
662 1163 866 1215 vestrae
893 1158 1093 1214 oculos
1124 1156 1299 1212 simul
1332 1161 1389 1211 et
1417 1172 1590 1211 aures
1622 1154 1909 1227 erigite,ct
1939 1168 2075 1206 con-

418 1252 746 1307 siderantes
775 1246 1149 1303 admiremini
1199 1262 1321 1301 rem
1375 1250 1624 1317 gestam,
1657 1260 1833 1315 quam
1877 1243 1946 1295 ad
1978 1257 2073 1295 ve-

419 1346 602 1395 stram
654 1338 962 1393 scientiam
1035 1335 1435 1391 transmittere
1496 1334 1788 1405 cupimus.
1849 1329 2078 1387 Cernite

421 1428 616 1485 cuncti
648 1426 881 1481 inﬁnita
938 1424 1040 1480 Dei
1098 1423 1523 1495 omnipotentis
1580 1420 1893 1487 mirabilia,
1928 1425 1984 1474 et
2027 1418 2077 1473 ei

424 1518 628 1573 laudes
663 1514 1043 1571 incessabiles
1075 1514 1301 1569 reddite
1333 1530 1435 1585 per
1465 1512 1695 1567 saecula.
1719 1508 2080 1579 Contemple-

424 1607 569 1662 mini
602 1607 729 1676 ejus
756 1604 1105 1660 ineffabilem
1132 1620 1234 1675 per
1264 1606 1506 1658 cunctas
1546 1599 1950 1672 generationes
1982 1598 2079 1652 be-

423 1695 728 1767 nignitatis
748 1693 1238 1766 magnitudinem,
1266 1691 1467 1745 multis
1499 1691 1687 1745 modis
1716 1688 1845 1743 luce
1875 1686 2081 1742 clario-

423 1800 752 1854 rem,super
781 1782 1111 1836 humanum
1144 1798 1331 1852 genus
1364 1778 1797 1851 resplenduisse
1828 1792 2080 1846 semper.

421 1872 796 1929 Considerate
819 1870 1074 1925 sublime
1098 1868 1556 1941 dispensationis
1571 1869 1698 1938 ejus
1713 1865 2079 1939 mysterium,

420 1969 478 2018 et
510 1962 639 2017 ideo
688 1978 756 2016 ex
806 1960 989 2014 nimia
1039 1960 1168 2029 ejus
1218 1960 1431 2031 pietate
1492 1958 1761 2030 permoti,
1796 1956 2084 2011 assumite

423 2052 746 2124 planctum,
781 2049 1189 2122 lacrymasque
1238 2064 1472 2103 amaras
1515 2048 1775 2118 proferre
1816 2062 2079 2101 memen-

423 2145 562 2206 tote,
597 2156 664 2195 ac
695 2138 1052 2211 singultibus
1082 2153 1259 2208 super
1278 2136 1394 2191 tale
1426 2134 1776 2191 miraculum
1801 2134 1859 2188 in
1884 2139 2085 2189 nostra

423 2228 797 2301 generatione
830 2230 1146 2297 patratum,
1181 2225 1336 2295 quod
1372 2240 1516 2296 pene
1545 2223 1820 2278 omnibus
1851 2222 2083 2278 smculis

424 2321 512 2373 est
542 2317 908 2371 mandatum.
942 2316 1057 2370 Deo
1105 2314 1321 2386 quippe
1373 2313 1514 2367 nihil
1562 2311 1945 2384 impossibile,
1980 2312 2082 2367 sed

2187 1158 2331 1227 nire,
2366 1163 2431 1213 ut
2476 1159 2808 1214 ostenderet
2859 1155 3087 1210 cunctis
3120 1172 3180 1210 se
3211 1153 3559 1225 colentibus,
3592 1170 3836 1209 suorum

2188 1248 2607 1303 miraculorum
2626 1248 2900 1301 virtutem
2921 1246 2991 1300 ad
3012 1244 3470 1316 increpationem
3496 1244 3809 1315 impiorum
3824 1288 3837 1312 ,

2190 1337 2629 1392 ﬁrmamentum
2665 1353 2897 1407 quoque
2920 1351 3158 1389 suorum
3186 1333 3718 1389 ﬁdelium.Factum
3750 1338 3839 1389 est

2188 1431 2383 1481 autem
2418 1430 2546 1498 post
2576 1426 2718 1489 hazc,
2752 1430 2815 1479 ut
2843 1424 3119 1478 Hebraeus
3153 1423 3395 1494 quidam
3424 1424 3691 1477 eamdem
3725 1421 3839 1478 cel-

2189 1515 2367 1570 lulam
2405 1517 2727 1587 susciperet
2757 1515 2827 1569 ad
2854 1514 3269 1568 habitandum.
3295 1514 3478 1578 Quam
3515 1512 3839 1585 ingressus,

2190 1623 2322 1661 cum
2351 1606 2474 1660 suis
2507 1605 2784 1660 omnibus
2835 1604 3009 1674 ccepit
3051 1603 3317 1657 habitare
3360 1603 3416 1656 in
3468 1618 3555 1668 ea,
3601 1602 3843 1656 minime

2190 1696 2624 1767 contemplatus
2654 1694 2846 1749 locum
2870 1688 3060 1761 illum,
3088 1691 3185 1763 qui
3219 1691 3575 1746 Dominicam
3611 1691 3843 1745 iconam

2193 1786 2347 1857 apud
2381 1801 2441 1839 s3
2473 1784 2763 1839 retinebat
2811 1782 3237 1837 absconditam.
3276 1782 3373 1836 Die
3421 1798 3553 1835 vero
3586 1782 3842 1851 quodam

2193 1876 2346 1931 idem
2397 1876 2674 1930 Hebraeus
2724 1874 2793 1927 de
2852 1873 2976 1928 suis
3033 1870 3553 1926 contubernalibus
3586 1871 3849 1926 invitavit

2193 1982 2375 2021 unum
2408 1966 2478 2020 ad
2514 1964 2850 2036 prandium.
2883 1961 3276 2033 Epulantibus
3300 1960 3439 2028 illis,
3462 1960 3704 2015 elevavit
3733 1961 3846 2015 He-

2193 2055 2404 2120 braeus,
2439 2054 2541 2124 qui
2572 2053 2850 2107 invitatus
2897 2052 3105 2116 fuerat,
3139 2049 3362 2117 oculos,
3395 2055 3451 2105 et
3483 2050 3625 2104 vidit
3665 2050 3723 2103 in
3756 2050 3845 2103 in-

2193 2145 2390 2200 teriori
2423 2142 2548 2198 loco
2581 2141 2804 2197 cellulm
2837 2142 2964 2210 ejus
2988 2141 3217 2195 iconam
3241 2140 3607 2194 Dominicam
3638 2139 3845 2211 parieti

2191 2248 2536 2289 connexam.
2587 2233 2751 2287 Tune
2801 2229 3132 2285 vehementi
3191 2230 3384 2283 furore
3441 2231 3845 2296 exardescens,

2194 2324 2369 2395 ccrpit
2400 2324 2645 2377 fremere
2677 2320 2952 2376 dentibus
2999 2320 3276 2373 adversus
3328 2333 3484 2382 eum,
3521 2319 3618 2388 qui
3652 2316 3847 2388 ipsum

426 2406 600 2462 etiam
635 2423 739 2461 nec
1030 2408 1119 2459 est
1444 2403 1591 2457 Nam
1625 2420 1805 2475 super
1832 2419 1920 2467 ea,
1954 2419 2082 2473 qum.
2115 2436 2162 2500 Β
2194 2416 2623 2477 convocaverat,
2657 2411 2894 2465 dicens:
2928 2410 3013 2463 Tu
3067 2408 3341 2463 Hebr-mus
3392 2424 3523 2460 cum
3570 2406 3672 2475 sis,
3704 2423 3848 2477 quo-

424 2495 551 2567 ipse
579 2494 877 2549 modernis
936 2493 1211 2563 dignatus
1269 2497 1359 2547 est
1416 2496 1645 2562 patrare
1692 2492 2083 2562 temporibus,

430 2599 603 2638 omne
661 2599 760 2637 cor
817 2581 1200 2652 obstupescit,
1260 2580 1623 2636 audientium
1685 2580 1835 2652 fugit
1898 2580 2081 2647 visus,

428 2672 736 2727 hebetatur
766 2671 1022 2725 auditus.
1056 2670 1218 2724 Sicut
1264 2669 1421 2725 enim
1472 2669 1529 2723 in
1566 2670 1837 2741 passione
1872 2670 2082 2741 Unige-

428 2760 533 2814 niti
568 2760 759 2831 ipsius
783 2758 1012 2829 expavit
1041 2756 1273 2822 caelum,
1309 2756 1404 2811 Dei
1436 2774 1586 2811 caeca
1616 2757 1809 2827 imago
1841 2762 1931 2811 est
1962 2757 2086 2811 red-

425 2840 583 2907 dita,.
616 2838 765 2893 radii
823 2852 1057 2909 quoque
1118 2836 1258 2891 solis
1317 2837 1445 2891 luce
1500 2836 1863 2892 obtenebrati
1923 2841 2082 2906 sunt,

426 2929 750 3001 quinetiam
779 2929 1147 2981 terremotus
1180 2942 1286 2982 suo
1338 2924 1631 2981 horrendo
1663 2926 1855 2981 sonitu
1888 2925 2083 2998 abyssi

429 3019 812 3074 fundamenta
840 3015 1031 3072 valide
1063 3016 1365 3081 exterruit,
1393 3020 1450 3071 et
1482 3020 1746 3072 mortuos
1777 3015 2083 3088 plurimos,

429 3126 579 3181 quos
608 3108 863 3180 tenebat,
897 3107 1182 3162 eructavit
1208 3107 1534 3163 viviﬁcatos
1561 3123 1574 3161 :
1612 3108 1694 3162 ita
1719 3113 1774 3163 et
1806 3125 1959 3163 nunc
1990 3124 2085 3163 se—

434 3200 622 3254 cundo
654 3199 857 3254 eadem
911 3198 1081 3270 signa
1130 3198 1348 3269 pariter
1378 3201 1519 3253 sunt
1574 3197 1871 3254 innovata.
1905 3199 2090 3270 Igitur

435 3287 742 3343 audientes
775 3285 1108 3357 intelligite,
1137 3286 1533 3358 intelligentes
1583 3288 2001 3360 obstupescite,
2035 3292 2091 3343 et

430 3396 499 3434 ea
531 3394 657 3448 quae
688 3377 855 3432 vobis
884 3376 1161 3432 intimare
1192 3393 1491 3443 curamus,
1515 3376 1690 3449 plena
1721 3380 1833 3435 ﬁde
1866 3386 1921 3436 et
1950 3396 2090 3436 aure

430 3470 662 3524 intenta
694 3466 884 3522 cordis
916 3466 1218 3540 percipite.
1254 3467 1354 3523 Est
1400 3471 1597 3523 autem
1629 3467 1969 3540 hujusmodi
2005 3487 2092 3526 se-

431 3561 544 3616 ries
578 3557 953 3615 narrationis.

969 3648 1200 3706 CAPUT
1242 3650 1556 3707 PRIMUM.

499 3741 600 3795 Est
625 3739 901 3810 quaedam
936 3737 1143 3794 civitas
1175 3739 1233 3793 in
1267 3740 1451 3812 Syria,
1476 3740 1630 3797 inter
1650 3741 1935 3798 terminos
1954 3742 2089 3814 Tyri

426 3833 484 3884 et
511 3828 745 3883 Sidonis
777 3828 992 3900 posita.
1043 3828 1287 3901 Berytus
1330 3835 1552 3896 vocata,
1602 3831 1920 3887 Antiochire
1952 3849 2086 3888 vero

428 3918 683 3974 subdita.
720 3919 782 3973 In
812 3919 923 3973 hac
956 3918 1099 3975 urbe
1131 3920 1583 3977 innumerabilis
1616 3922 1932 3978 multitudo
1964 3928 2089 3979 erat

434 4008 832 4077 Hebraeorum,
864 4008 1132 4078 quamvis
1182 4011 1386 4064 eodem
1432 4015 1698 4082 tempore
1724 4013 1928 4067 civitas
1961 4030 2089 4069 me-

428 4094 784 4167 tropolitana
810 4094 1099 4151 obtineret
1129 4096 1503 4168 dignitatem.
1536 4099 1762 4154 Accidit
1794 4104 2088 4167 autem,ut

420 4186 595 4255 juxta
640 4200 1001 4257 synagogam
1046 4184 1442 4255 Hebraorum,
1478 4203 1609 4258 quae
1656 4204 1873 4261 magna
1921 4189 2087 4245 valde

429 4273 779 4343 habebatur,
814 4274 1057 4345 quidam
1086 4274 1429 4331 Christicola
1452 4293 1483 4331 a
1507 4278 1761 4348 quodam
1796 4280 2086 4351 suscepis-

429 4375 518 4419 set
548 4362 842 4431 cellulam,
882 4379 1245 4437 censumque
1277 4365 1327 4421 ei
1358 4383 1426 4421 ex
1457 4384 1524 4422 ea
1555 4368 1841 4424 redderet.
1877 4369 1937 4424 In
1972 4386 2089 4441 qua

427 4456 569 4510 dum
602 4455 909 4527 ingressus
954 4460 1110 4511 esset
1157 4457 1230 4512 ad
1265 4457 1674 4527 habitandum,
1712 4459 1940 4515 iconam
1978 4462 2087 4516 Do-

428 4544 571 4599 mini
606 4545 789 4599 nostri
821 4546 962 4601 Jesu
1014 4545 1250 4614 Christi,
1295 4564 1470 4618 quam
1522 4550 1677 4620 apud
1711 4567 1774 4605 se
1812 4550 2085 4621 habebat,

428 4634 554 4688 ﬁxit
583 4633 641 4687 in
675 4634 896 4704 pariete
927 4639 1129 4690 contra
1160 4635 1359 4691 lectuli
1393 4638 1481 4691 sui
1518 4638 1881 4711 faciem,qu.'e
1909 4641 2086 4696 etiam

430 4721 767 4776 continebat
795 4722 854 4775 in
889 4738 951 4777 se
983 4723 1273 4795 integram
1326 4725 1556 4781 Domini
1601 4732 1909 4784 staturam.
1945 4731 2087 4784 Evo-

430 4809 553 4864 luto
586 4809 838 4880 denique
870 4827 983 4865 non
1018 4828 1193 4882 parvo
1223 4815 1505 4884 temporis
1545 4818 1753 4887 spatio,
1780 4818 1907 4887 jam
1941 4836 2086 4890 prae-

431 4897 648 4953 libatus
680 4897 905 4954 deicola
938 4900 1277 4971 perquirere
1300 4902 1526 4957 studuit
1554 4903 1612 4959 in
1647 4904 1759 4962 alio
1790 4906 1916 4962 loco
1939 4909 2089 4978 ejus-

430 4988 564 5043 dem
590 4987 754 5043 urbis
773 4988 1102 5060 spatiosam
1119 4990 1359 5046 domum
1386 4992 1454 5047 ad
1486 4992 2088 5061 habitandum.Quam

430 5094 562 5133 cum
595 5077 1155 5150 reperisset,tollens
1187 5085 1416 5148 cuncta,
1450 5099 1576 5153 quae
1609 5086 1678 5139 ad
1713 5102 1773 5141 se
1805 5086 2093 5158 pertinere

2196 2505 2366 2557 modo
2391 2502 2545 2573 apud
2580 2506 2634 2555 tc
2664 2501 2799 2555 Jesu
2855 2498 3016 2553 illius
3064 2496 3346 2552 Nazareni
3395 2496 3624 2551 iconam
3667 2495 3849 2550 habes

2194 2590 2509 2663 repositam
2532 2590 2558 2643 ?
2589 2589 2859 2645 Convicia
2890 2602 3123 2659 quoque
3151 2590 3206 2640 et
3238 2585 3552 2657 cpprobria
3574 2588 3735 2639 tanta
3756 2585 3851 2639 ad-

2194 2699 2401 2737 versus
2432 2679 2746 2735 Dominum
2771 2678 3122 2732 Salvatorem
3148 2676 3595 2747 emisit,quanta
3627 2690 3732 2729 nec
3753 2691 3854 2729 au-

2196 2788 2285 2825 res
2319 2769 2576 2825 ﬁdelium
2610 2769 2853 2823 sufferre
2884 2778 3153 2838 possunt,
3189 2782 3292 2820 nec
3326 2781 3432 2820 nos
3466 2764 3702 2836 scriptis
3732 2768 3850 2819 tra-

2197 2861 2331 2914 dere
2349 2854 3168 2930 praesumimus,obinjuriam
3202 2854 3385 2909 nostri
3422 2853 3847 2925 Redemptoris.

2194 2950 2437 3005 Judzeus
2466 2964 2621 3015 vero,
2647 2948 2744 3018 qui
2776 2946 2945 3001 illum
2968 2944 3314 2999 malevolum
3338 2947 3755 2999 convocaverat
3776 2944 3848 2999 ad

2196 3038 2534 3111 prandium,
2556 3036 2891 3092 satisfacere
2924 3033 3009 3088 illi
3041 3034 3307 3105 cupiens,
3332 3032 3715 3089 sacramentis
3739 3037 3852 3088 ter-

2197 3128 2470 3184 ribilibus
2504 3126 2906 3199 proﬁtebatur,
2941 3140 3001 3179 se
3033 3122 3346 3194 aliquando
3372 3121 3637 3193 minime,
3671 3139 3849 3190 quam

2201 3217 2707 3291 przemonstrabat,
2738 3214 2957 3269 vidisse
3003 3213 3254 3268 iconam.
3287 3213 3371 3266 Ad
3399 3212 3538 3279 haec,
3574 3212 3673 3284 qui
3710 3212 3853 3267 invi-

2198 3312 2360 3363 tatus
2388 3308 2595 3372 fuerat,
2630 3305 2812 3362 siluit.
2851 3302 3037 3359 Finito
3088 3306 3285 3357 autem
3319 3301 3580 3357 convivio
3623 3302 3854 3357 absces-

2202 3398 2277 3452 sit
2307 3401 2363 3452 et
2394 3396 2538 3451 abiit
2568 3396 2637 3449 ad
2690 3409 2956 3449 summos
3006 3392 3337 3447 sacerdotes
3368 3394 3425 3445 et
3474 3391 3766 3462 principes
3800 3395 3858 3446 et

2202 3488 2347 3542 dixit
2377 3486 2461 3541 eis
2490 3504 2501 3542 :
2537 3486 2749 3539 Notum
2782 3481 2945 3537 vobis
2996 3482 3073 3536 sit
3121 3480 3398 3552 quoniam
3451 3480 3727 3535 Hebraeus
3757 3480 3855 3536 ille

2198 3576 2337 3632 talis
2366 3577 2503 3631 Jesu
2537 3572 2819 3629 Nazareni
2870 3572 3099 3627 iconam
3136 3570 3291 3641 apud
3342 3587 3405 3625 se
3450 3570 3662 3625 retinet
3692 3570 3850 3626 clan-

2127 3678 2132 3682 '
2199 3665 2350 3721 culo.
2378 3669 2451 3718 At
2482 3663 2565 3718 illi
2595 3663 2716 3717 hzec
2740 3660 3068 3725 audientes,
3095 3660 3370 3713 dixerunt
3396 3660 3465 3713 ad
3500 3676 3632 3714 eum
3660 3676 3672 3714 :
3696 3660 3857 3714 Nun-

2201 3754 2340 3826 quid
2374 3756 2624 3825 possunt
2644 3767 2780 3806 vera
2810 3766 2939 3805 esse
2961 3766 3087 3820 quae
3111 3748 3325 3803 asseris
3346 3749 3372 3802 ?
3396 3766 3509 3804 non
3533 3750 3851 3817 credimus,

2201 3844 2311 3899 nisi
2346 3840 2860 3899 demonstraveris.
2896 3841 3026 3910 Ipse
3055 3855 3188 3893 vero
3220 3838 3717 3911 afﬁrmabat,quia
3748 3856 3853 3912 ego

2195 3934 2253 3989 in
2288 3934 2460 3989 domo
2484 3934 2610 4003 ejus
2640 3947 2767 3986 eam
2792 3931 3194 3985 demonstrare
3218 3928 3454 3983 curabo.
3489 3929 3618 3983 Haec
3650 3929 3733 3984 illi
3758 3948 3858 3985 au-

2197 4023 2443 4089 dientes,
2477 4020 2795 4076 maximam
2830 4020 2887 4074 in
2923 4019 3065 4074 iram
3094 4018 3458 4073 deciderunt.
3484 4018 3588 4074 Sed
3617 4019 3708 4074 die
3733 4018 3851 4090 illo,

2198 4111 2337 4183 quia
2360 4111 2487 4181 jam
2528 4110 2674 4166 hora
2724 4108 3107 4164 incumbebat
3157 4107 3507 4176 vespertina,
3542 4107 3851 4164 siluerunt.

2197 4201 2365 4256 Mane
2412 4216 2545 4255 vero
2597 4199 2770 4269 facto,
2803 4198 3023 4254 summi
3068 4198 3418 4263 sacerdotes,
3453 4196 3747 4269 principes
3797 4202 3855 4254 et

2198 4291 2453 4361 majores
2486 4293 2624 4343 natu
2657 4288 2844 4360 plebis
2876 4287 3234 4350 Judreorum,
3258 4290 3627 4341 assumentes
3653 4304 3853 4344 secum

2199 4360 2386 4446 illum,
2422 4377 2523 4449 qui
2556 4394 2689 4433 eum
2723 4375 3197 4441 accusaverat,ad
3222 4375 3461 4429 domum
3496 4375 3683 4446 ipsius
3706 4376 3855 4432 velo-

2197 4469 2323 4523 cius
2358 4467 2800 4522 festinaverunt.
2834 4466 3114 4520 Videntes
3160 4468 3351 4518 autem
3404 4480 3536 4518 vera
3566 4480 3693 4519 esse
3726 4482 3852 4537 quae

2197 4558 2356 4612 dicta
2385 4556 2637 4621 fuerant,
2672 4556 2821 4610 facto
2852 4554 3073 4626 impetu
3120 4570 3254 4608 cum
3288 4569 3374 4623 eo,
3408 4552 3507 4624 qui
3539 4552 3659 4609 haec
3689 4555 3853 4610 testi-

2198 4646 2488 4710 ﬁcaverat,
2517 4645 2815 4699 irrucrunt
2846 4643 2901 4696 in
2936 4657 3093 4706 eum,
3127 4640 3449 4711 multisque
3483 4641 3855 4698 contumeliis

2200 4751 2264 4790 ac
2311 4734 2487 4789 variis
2536 4733 2896 4789 cruciatibus
2946 4732 3219 4786 affectum
3278 4735 3442 4786 extra
3495 4748 3850 4805 synagogam

2199 4822 2545 4879 semivivum
2580 4824 2974 4895 projecerunt.

2851 4909 3085 4965 CAPUT
3128 4910 3196 4965 II.

2274 5004 2640 5074 Deponentes
2686 5004 2884 5055 autem
2936 4999 3169 5055 Domini
3221 4998 3407 5054 nostri
3453 5000 3593 5057 Jesu
3644 5001 3856 5058 Christi

2199 5093 2427 5148 iconam
2484 5091 2539 5145 in
2592 5096 2767 5157 terra,
2802 5090 3077 5145 dixerunt
3122 5090 3194 5144 ad
3236 5089 3523 5145 invicem:
3567 5091 3854 5156 Quoniam

429 5168 800 5235 videbantur,
836 5185 1109 5239 egressus
1140 5174 1229 5226 est
1260 5171 1331 5226 de
1362 5171 1592 5230 cellula.
1621 5175 1855 5231 Domini
1888 5182 2081 5234 autem
2116 5184 2161 5248 D
2196 5198 2367 5237 aures
2398 5185 2632 5235 nostras
2677 5179 2870 5251 tetigit
2918 5194 3030 5233 non
3084 5177 3292 5249 exigua
3342 5178 3538 5249 opinio
3568 5180 3724 5249 quod
3757 5180 3851 5234 Je-

432 5256 799 5325 providentia
827 5258 883 5312 id
936 5263 1165 5331 agente,
1193 5258 1333 5315 Jesu
1385 5258 1603 5317 Christi
1636 5262 1865 5319 Domini
1901 5268 2085 5322 nostri

433 5341 664 5401 iconam
696 5344 776 5399 ibi
808 5345 1134 5418 neglectam
1184 5347 1444 5419 reliquit.
1484 5350 1596 5406 Hoc
1628 5356 1823 5408 autem
1855 5354 2088 5411 Domini

434 5429 659 5486 occulto
694 5441 993 5504 peractum
1027 5439 1117 5491 est
1145 5436 1411 5504 consilio,
1446 5438 1542 5510 qui
1584 5440 1707 5496 vult
1749 5458 1955 5499 omnes
1984 5443 2087 5500 ho-

506 5574 620 5661 (νζ)
652 5579 723 5661 In.
750 5575 1006 5661 editione
1025 5578 1412 5661 .Lugdunensi
1442 5583 1714 5661 additur:
1743 5587 2091 5659 Temporibus

434 5647 787 5726 Cpnstgntini
815 5647 1167 5726 §_o_nioris,e't
1193 5655 1381 5726 [reme
1422 5654 1613 5709 uxoris
1642 5657 1760 5726 ejus
1780 5675 1799 5718 :
1831 5647 1930 5715 sed
1967 5661 2088 5715 ine-

434 5721 549 5789 pte.
585 5724 786 5776 Petrus
814 5694 1151 5780 Nicomediae
1177 5694 1930 5796 ερὶεοδξνιιῗῇᾖῖιίίίγῖιο
1966 5694 2093 5788 illi-

2199 5287 2330 5326 sum
2366 5270 2730 5336 Nazarenum
2756 5273 2954 5340 patres
2988 5268 3170 5321 nostri
3197 5268 3445 5321 diversis
3478 5268 3667 5323 modis
3700 5270 3853 5325 296
3947 5282 3965 5305 ⁸

2198 5358 2619 5423 illuserunt,ita
2640 5362 2697 5412 et
2722 5373 2827 5411 nos
2858 5355 2995 5411 huic
3028 5355 3334 5410 faciamus.
3359 5356 3521 5411 Tunc
3553 5362 3857 5428 coeperunt

2200 5464 2410 5520 spuere
2442 5448 2499 5502 in
2532 5447 2738 5502 faciem
2791 5444 3067 5517 imaginis
3103 5445 3330 5499 Domini
3382 5445 3699 5502 Salvatoris
3747 5464 3856 5503 no-

2199 5591 2274 5645 eti
2304 5590 2602 5645 Athanasii
2652 5604 2767 5661 esse
2814 5587 3032 5653 scribit,
3067 5588 3286 5661 actione
3335 5592 3537 5658 quarta
3577 5588 3778 5661 synodi
3815 5606 3855 5644 II

2200 5662 2584 5788 gi'rimnae,7
2615 5660 2808 5715 iisdem
2841 5662 2957 5730 fere
2988 5660 3162 5715 verbis
3196 5659 3404 5729 integer
3430 5659 3679 5733 habetur,
3710 5666 3853 5717 tom.

2308 5775 2321 5802 ,
2357 5750 2412 5804 p.
2485 5755 2514 5788 ιι
2559 5775 2570 5788 .

2308 5775 2321 5802 ,
2357 5775 2412 5802 ν.
2455 5775 2570 5788 ην.
