4148 6386
283 394 402 455 815

1464 384 1527 444 S.
1577 381 2098 444 ATHANASIUS.
2135 416 2212 426 —
2239 383 2550 446 SPURlA.

3599 383 3720 444 816

288 527 419 596 stri,
451 528 507 582 et
536 522 942 597 percutiebant
985 535 1119 575 eum
1153 517 1358 588 alapis,
1393 521 1448 572 et
1481 516 1615 571 inde
1647 515 1944 570 dicentes:
1980 517 2026 581 Α
2063 521 2372 572 mansueta
2401 516 2708 573 ducebaris
2731 516 2742 571 l
2765 518 3082 587 Oquantus
3115 532 3176 570 es
3207 514 3264 569 in
3293 514 3718 586 misericordia,

289 620 521 683 Quanta
550 615 687 669 Jesu
721 609 956 667 Galilszo
988 608 1171 664 nostri
1203 607 1494 678 genitores
1527 606 1812 674 fecerunt,
1848 621 1944 659 ea-

292 708 426 762 dem
460 708 518 759 et
550 719 656 758 nos
688 700 823 755 huic
847 701 975 769 ejus
1009 697 1249 767 imagini
1286 695 1944 750 faciamus.lnnumera-

288 795 511 850 bilibus
543 792 741 862 itaque
786 787 1167 843 illusionibus
1218 784 1578 839 Dominicam
1631 782 1945 837 illuserunt

291 884 544 938 iconam.
580 882 797 935 lterum
831 876 1073 930 dicunt:
1101 875 1162 928 1n
1193 875 1322 941 ejus
1354 872 1628 943 passione
1658 872 1942 940 scriptum

291 989 422 1028 esse
473 969 870 1042 agnoscimus,
905 965 1061 1034 quod
1120 964 1248 1031 ejus
1297 962 1472 1032 pedes
1521 965 1580 1015 et
1625 976 1834 1014 manus
1884 958 1943 1012 in

292 1077 465 1115 cruce
497 1058 738 1114 conﬁxae
768 1060 939 1108 sunt:
978 1068 1084 1107 nos
1113 1067 1270 1115 vero,
1313 1049 1582 1121 quamvis
1616 1047 1945 1103 modernio-

295 1165 390 1205 res
421 1152 706 1219 tempore,
739 1145 820 1197 nil
848 1140 1379 1214 praetermittentes,
1405 1139 1693 1192 addamus
1724 1141 1780 1192 et
1801 1135 1942 1190 haec.

290 1249 457 1303 Tunc
487 1243 894 1311 cruciﬁgenth
923 1239 1152 1293 iconam
1192 1234 1776 1300 Dominicam,clavos
1815 1251 1950 1289 acu-

285 1336 550 1392 tissimos
583 1332 980 1388 adhibuerunt
1011 1327 1067 1380 in
1105 1327 1400 1393 manibus,
1425 1331 1483 1378 et
1515 1325 1764 1395 pedibus
1787 1323 1947 1377 illius

285 1423 587 1497 imaginis.
626 1423 756 1476 Post
788 1419 908 1473 bmc
941 1415 1190 1490 permoti
1242 1416 1431 1484 magis
1477 1430 1543 1467 ac
1577 1413 1764 1482 magis
1798 1411 1948 1465 fellis

289 1511 708 1574 amaritudine,
759 1509 964 1563 dicunt
1014 1507 1167 1559 inter
1224 1519 1322 1558 se:
1385 1501 1734 1556 Audivimus
1791 1501 1946 1572 quod

286 1607 482 1675 patres
515 1599 698 1655 nostri
746 1598 880 1651 Jesu
916 1593 1150 1649 Galilzeo
1188 1597 1418 1646 acetum
1449 1596 1506 1645 et
1539 1589 1610 1645 fel
1643 1589 1698 1643 in
1744 1593 1948 1660 potum

287 1707 421 1746 cum
465 1687 714 1760 spongia
763 1685 1156 1756 praebuerunt,
1194 1680 1304 1735 hoc
1349 1685 1403 1734 et
1454 1679 1589 1733 huic
1639 1677 1946 1732 faciamus.

286 1788 448 1851 Quod
484 1791 541 1841 et
573 1785 655 1840 sic
687 1781 1349 1851 fecerunt,apponentes
1381 1776 1451 1830 ad
1485 1793 1550 1830 os
1585 1781 1802 1831 sanctm
1833 1774 1948 1828 ico-

2055 605 2320 660 Christe!
2356 623 2491 677 spes
2525 608 2696 660 unica
2747 605 2972 672 mundi,
3006 604 3108 674 qui
3157 621 3290 659 cum
3336 603 3395 658 in
3427 621 3597 659 cruce
3633 611 3721 659 te-

2056 694 2249 763 ipsum
2288 694 2539 750 hostiam
2574 695 2689 749 Deo
2740 697 2896 748 Patri
2947 693 3318 748 exhibuisses
3367 698 3633 748 sanctam
3667 698 3726 748 et

2054 781 2524 848 immaculatam,
2562 800 2662 854 pro
2690 785 2810 837 tuis
2855 781 3304 836 cruciﬁxoribus
3349 783 3580 836 veniam
3619 799 3722 852 po-

2061 871 2316 938 stulasti,
2351 874 2598 928 dicendo
2630 873 2701 927 ad
2735 873 2963 926 Patrem
2991 887 3004 924 :
3039 894 3065 919 ‹‹
3093 875 3284 937 Pater,
3310 871 3721 950 ignosceillis;

2057 961 2195 1031 quia
2228 963 2499 1016 nesciunt
2528 963 2669 1033 quid
2707 960 3000 1017 faciunt.»
3035 961 3200 1014 Tunc
3233 960 3472 1032 quidem
3500 976 3602 1030 pro
3628 976 3728 1015 no-

2058 1055 2180 1104 stra
2211 1051 2400 1106 salute
2449 1051 2815 1118 incurvatus,
2848 1050 2906 1104 in
2958 1049 3162 1104 eadem
3213 1065 3409 1118 carne,
3445 1065 3624 1120 quam
3655 1066 3726 1105 ex

2056 1139 2296 1211 Virgine
2328 1145 2532 1195 sancta
2563 1145 2619 1194 et
2666 1137 3050 1194 immaculata
3099 1154 3538 1209 assumpseras,
3566 1155 3723 1194 mor-

2059 1232 2173 1282 tem
2209 1228 2505 1296 pertulisti
2541 1227 2858 1282 crudelem.
2892 1228 2962 1282 Et
3003 1227 3102 1297 qui
3136 1243 3264 1282 eras
3297 1227 3356 1280 in
3389 1227 3723 1282 substantia

2058 1330 2185 1368 cum
2216 1315 2383 1370 Patre
2409 1320 2728 1386 sanctoque
2761 1313 2979 1385 Spiritu
3030 1331 3182 1368 unus
3231 1319 3287 1368 et
3335 1314 3718 1385 impassibilis

2059 1404 2346 1459 exsistens
2388 1411 2444 1459 et
2494 1403 2828 1466 invisibilis,
2863 1402 3216 1458 condoluisti
3267 1402 3588 1459 humanam
3621 1421 3716 1476 pe-

2059 1494 2173 1547 rire
2205 1498 2498 1548 naturam.
2532 1497 2598 1548 Et
2630 1494 2758 1548 ideo
2795 1493 2852 1546 in
2887 1491 3038 1547 hanc
3083 1491 3476 1564 lacrymarum
3512 1493 3719 1548 vallem

2059 1581 2444 1646 descendens,
2477 1598 2581 1653 pro
2622 1581 2843 1636 nostris
2893 1581 3185 1636 erratibus
3235 1587 3291 1635 et
3324 1579 3574 1650 piaculis
3607 1581 3720 1636 for-

2061 1686 2215 1724 mam
2248 1669 2514 1724 servilem
2548 1670 2884 1740 suscepisti,
2923 1670 2979 1723 in
3031 1687 3147 1739 qua
3191 1674 3246 1724 te
3292 1669 3612 1740 permisisti
3646 1671 3717 1726 ab

2059 1759 2279 1828 iniquis
2309 1759 2514 1824 teneri,
2547 1759 2850 1831 flagellari,
2887 1761 2958 1813 ad
2986 1750 2987 1753 “
3014 1759 3292 1814 ultimum
3343 1775 3476 1813 vero
3526 1759 3716 1814 cruci-

287 1848 375 1934 riaa
411 1874 595 1931 nostri
630 1848 1044 1942 Redemptoris
1071 1848 1310 1922 acetum
1344 1882 1477 1921 cum
1514 1864 1643 1920 felle
1675 1863 1941 1924 mistum.

2062 1848 2180 1920 ﬁgi.
2215 1849 2380 1904 Nunc
2412 1856 2604 1904 autem
2641 1850 2697 1903 in
2732 1854 2936 1903 sancta
2981 1849 3235 1916 imagine
3269 1854 3367 1902 tua
3411 1848 3718 1918 cruciﬁge-

287 1967 404 2022 Nec
452 1965 536 2020 sic
586 1964 782 2033 itaque
830 1959 1019 2015 cordis
1069 1956 1161 2014 sui
1217 1955 1505 2010 malitiam
1562 1953 1942 2018 refrenantes,

285 2057 504 2112 iterum
536 2055 777 2109 dicunt:
806 2049 1126 2104 Didicimus
1159 2047 1311 2118 quod
1349 2044 1531 2100 nostri
1565 2044 1817 2113 majores
1852 2058 1946 2094 co-

287 2161 495 2200 ronam
547 2145 877 2198 contextam
911 2139 983 2193 de
1029 2136 1218 2208 spinis
1267 2133 1444 2205 capiti
1489 2131 1652 2186 illius
1683 2129 1943 2186 cruciﬁxi

287 2233 857 2305 circumposuerunt,
895 2225 1272 2300 postmodum
1305 2223 1594 2278 arundine
1636 2236 1946 2293 percusse-

284 2327 424 2379 runt
454 2322 808 2378 insultantes
840 2318 916 2384 ei,
946 2321 1002 2372 et
1032 2331 1139 2370 nos
1170 2313 1351 2385 igitur
1383 2327 1751 2382 nequaquam
1787 2311 1946 2380 post-

287 2414 574 2485 ponentes
597 2409 853 2479 idipsum
889 2403 1196 2460 faciamus.
1227 2406 1488 2471 Cumque
1519 2414 1793 2454 coronam
1825 2397 1944 2468 spi-

287 2518 460 2558 neam
521 2498 696 2571 capiti
744 2496 904 2551 illius
941 2491 1534 2564 tirenmposuissent,
1595 2487 1946 2558 accipientes

287 2589 664 2654 arundinem,
699 2585 1106 2658 percutiebant
1136 2585 1314 2653 caput
1344 2577 1620 2650 imaginis
1651 2576 1943 2649 illius,qui

280 2682 472 2751 caput
497 2681 588 2732 est
618 2675 884 2730 omnium
918 2675 1280 2727 sanctorum.
1312 2669 1394 2722 Ad
1427 2672 1751 2722 extremum
1787 2683 1940 2734 vero,

288 2784 426 2823 cum
459 2765 750 2821 insaniam
785 2779 904 2817 sua:
957 2759 1171 2816 mentis
1220 2757 1469 2812 tolerare
1518 2772 1632 2811 non
1681 2760 1943 2826 possent,

237 2914 241 2917 .
291 2858 606 2912 dixerunt:
640 2853 802 2908 Sicut
847 2849 1129 2905 veraciter
1161 2847 1500 2915 didicimus,
1532 2850 1726 2917 patres
1758 2844 1943 2899 nostri

287 2945 442 3000 latus
471 2945 610 3000 Jesu
641 2942 842 2997 lancea
873 2941 1224 3011 aperuerunt
1252 2955 1264 3003 ;
1291 2952 1398 2990 nos
1429 2951 1582 2996 vero,
1619 2951 1688 2988 ne
1719 2932 1943 3005 aliquid

292 3035 493 3089 minus
525 3031 732 3088 fecisse
762 3030 1085 3093 videamur,
1110 3031 1166 3081 et
1199 3026 1308 3080 hoc
1339 3025 1536 3096 ipsum
1571 3023 1940 3093 adjiciamus.

289 3132 524 3188 Nullam
557 3131 626 3186 ad
663 3131 780 3184 haec
813 3144 1036 3182 moram
1075 3125 1325 3180 mediam
1363 3123 1644 3188 fecerunt,
1669 3125 1725 3176 et
1751 3122 1940 3176 afferri

285 3222 549 3277 lanceam
577 3220 910 3290 jusserunt,
935 3221 990 3271 et
1017 3217 1415 3287 prmceperunt
1437 3211 1668 3267 cuidam
1705 3210 1942 3266 Hebraao

287 3309 489 3365 tollere
521 3325 672 3378 eam,
705 3311 760 3364 et
790 3306 979 3361 valido
1011 3305 1125 3359 ictu
1161 3302 1315 3358 latus
1363 3303 1626 3356 dextrum
1661 3299 1842 3355 iconae
1874 3299 1942 3354 il-

286 3399 399 3456 lius
429 3399 811 3455 transfodere.
860 3399 1122 3466 Cumque
1171 3397 1292 3447 tam
1341 3390 1664 3446 maximum
1719 3389 1945 3444 facinus

288 3489 501 3544 fuisset
557 3491 984 3560 perpetratum,
1037 3500 1128 3538 res
1186 3481 1338 3536 mira
1394 3479 1768 3535 vehementer
1817 3482 1944 3533 stu-

289 3578 501 3649 pende,
534 3576 813 3647 nulloque
838 3589 1097 3644 unquam
1126 3570 1336 3626 szeculo
1367 3569 1568 3624 audita
1597 3568 1674 3623 ibi
1711 3572 1945 3639 repente

291 3671 381 3722 est
409 3667 631 3723 effecta.
666 3669 807 3718 Nam
842 3661 1030 3735 ipsius
1059 3659 1316 3714 vulneris
1347 3658 1512 3713 locus
1544 3674 1697 3729 aqua
1735 3661 1790 3710 et
1812 3675 1943 3712 san-

293 3755 470 3829 guine
502 3753 654 3809 illico
686 3752 861 3823 coepit
892 3752 1216 3805 decurrere.
1255 3749 1320 3802 Et
1365 3747 1517 3802 sicut
1563 3746 1621 3800 in
1673 3747 1945 3818 passione

288 3845 388 3901 Dei
421 3843 548 3899 Filii
583 3841 898 3899 Salvatoris
917 3839 1142 3901 mundi,
1165 3837 1303 3892 olim
1338 3836 1582 3906 contigit
1607 3834 1814 3891 malum
1847 3852 1943 3890 ex-

286 3934 542 4006 pavisse,
578 3933 660 3986 ita
691 3946 846 3985 nunc
899 3944 1132 4000 quoque
1181 3927 1420 3999 pariter,
1444 3925 1558 3980 Deo
1607 3929 1941 3996 praestante,

285 4023 494 4078 eadem
529 4021 885 4075 innovantur
929 4018 1048 4073 sive
1101 4020 1469 4089 reparantur.
1504 4015 1651 4070 Vere
1697 4014 1853 4069 enim
1883 4015 1940 4068 in

283 4112 394 4167 hoc
429 4111 578 4166 facto
612 4126 725 4165 non
772 4107 965 4164 solum
1009 4108 1297 4162 elementa
1347 4104 1550 4159 mundi
1585 4104 1809 4159 concuti
1842 4121 1941 4174 po-

280 4204 466 4264 tuere,
501 4200 599 4254 sed
635 4199 809 4252 etiam
842 4199 1086 4252 virtutes
1136 4211 1401 4266 supernae
1449 4192 1559 4248 tale
1588 4193 1814 4250 facinus
1846 4210 1941 4249 ex-

281 4287 580 4344 horruere.
613 4288 741 4342 Tibi
791 4303 950 4359 ergo,
997 4283 1239 4354 Christe,
1275 4300 1408 4338 cum
1458 4283 1642 4347 Patre,
1692 4281 1940 4354 Spiritu-

280 4393 394 4448 que
440 4381 643 4432 sancto
695 4377 771 4432 sit
818 4375 1008 4448 gloria
1056 4374 1418 4430 indeficiens.
1471 4373 1610 4438 Quis
1659 4372 1814 4427 enim
1855 4380 1942 4428 est

279 4467 432 4522 sicut
464 4471 550 4535 tu,
584 4467 853 4534 Domine,
887 4469 945 4520 et
975 4464 1109 4535 quis
1141 4467 1230 4518 est
1263 4464 1415 4518 Deus
1447 4462 1666 4517 faciens
1699 4461 1938 4516 mirabi-

278 4554 377 4622 lia,
415 4555 604 4627 signa,
639 4560 695 4610 et
724 4553 1012 4609 terribilia
1042 4558 1098 4608 et
1128 4551 1596 4624 obstupescenda
1627 4549 1684 4604 in
1717 4548 1860 4604 coelo
1883 4559 1946 4609 et

2056 1939 2158 2004 ris,
2195 1938 2458 2003 Domine,
2481 1938 2694 1993 iterum
2728 1940 2795 1992 ad
2833 1939 3235 1992 confusionem
3263 1937 3574 2008 impiorum
3598 1954 3717 1991 om-

2057 2027 2222 2081 nium
2255 2027 2517 2082 ﬁdelium
2552 2026 2948 2098 [inﬁdelium],
2981 2033 3038 2080 et
3077 2027 3147 2080 ad
3181 2027 3714 2082 corroborationem

2056 2116 2322 2171 omnium
2356 2116 2416 2170 in
2449 2122 2504 2170 te
2535 2116 3000 2170 credentium.Et
3029 2115 3158 2171 ideo
3192 2115 3295 2170 tibi
3327 2114 3714 2187 omnipotenti

2055 2207 2195 2274 Deo,
2230 2224 2347 2262 una
2375 2223 2511 2262 cum
2544 2210 2714 2261 Patre
2746 2207 3084 2276 Spirituque
3134 2210 3360 2272 sancto,
3396 2205 3582 2277 gloria
3615 2206 3712 2276 sit,

2055 2313 2159 2367 per
2188 2301 2401 2351 cuncta
2432 2295 2780 2351 szseulorum
2814 2295 3049 2364 saecula,
3099 2295 3279 2350 decus
3324 2301 3381 2350 et
3408 2296 3709 2363 fortitudo,

2053 2385 2240 2440 virtus
2272 2391 2448 2456 atque
2481 2384 2740 2439 victoria.
2776 2386 2982 2439 Amen.

2695 2544 2928 2600 CAPUT
2971 2544 3069 2600 IlI.

2124 2686 2352 2756 Audite,
2387 2703 2592 2740 omnes
2643 2685 2911 2742 Ecclesia:
2960 2686 3086 2751 ﬁlii,
3123 2696 3354 2755 caetera,
3395 2705 3521 2760 quae
3556 2695 3714 2762 post-

2055 2778 2290 2832 modum
2328 2776 2477 2829 facta
2509 2781 2686 2842 sunt;
2720 2775 2912 2847 ipsius
2962 2777 3116 2831 enim
3155 2779 3417 2849 mysterii
3455 2779 3563 2833 fuit
3594 2779 3710 2833 dis-

2054 2867 2340 2938 pensatio.
2377 2866 2688 2934 Postquam
2721 2865 2904 2934 enim,
2940 2870 3004 2920 ut
3033 2865 3305 2937 superius
3336 2867 3557 2922 dictum
3584 2873 3704 2935 est,

2051 2956 2207 3011 latus
2235 2958 2451 3010 sancta;
2501 2955 2781 3026 imaginis
2828 2954 2990 3010 illius
3037 2955 3240 3012 lancea
3285 2961 3545 3028 apertum
3595 2961 3701 3020 est,

2053 3044 2330 3100 continuo
2383 3043 2556 3097 exivit
2587 3043 2832 3116 sanguis
2883 3048 2939 3098 et
2991 3062 3163 3116 aqua.
3199 3045 3476 3100 Dixerunt
3507 3049 3703 3099 autem

2054 3133 2348 3206 principes
2380 3132 2782 3188 sacerdotum:
2816 3133 3104 3188 Afferatur
3133 3151 3232 3188 vas
3267 3135 3332 3188 ad
3367 3132 3555 3188 locum
3580 3134 3708 3187 vul-

2055 3223 2231 3292 neris,
2262 3227 2319 3277 et
2348 3222 2652 3278 videamus
2696 3223 2915 3278 exitum
2962 3223 3061 3277 rei.
3116 3223 3222 3289 Qui
3272 3221 3426 3278 illico
3477 3223 3704 3278 detule-

2055 3317 2196 3368 runt
2227 3311 2518 3383 hydriam,
2552 3315 2607 3366 et
2637 3311 2708 3366 ad
2740 3310 2931 3366 locum
2963 3312 3243 3377 vulneris,
3277 3313 3432 3366 unde
3463 3312 3707 3383 sanguis

2055 3405 2112 3456 et
2141 3417 2294 3472 aqua
2323 3400 2732 3466 decurrebant,
2767 3404 3119 3456 statuerunt.
3153 3402 3288 3465 Quae
3336 3403 3558 3473 absque
3591 3401 3710 3455 ulla

2056 3507 2222 3545 mora
2252 3489 2448 3544 subito
2481 3488 2699 3561 repleta
2728 3494 2837 3544 est.
2892 3490 3173 3544 Dixerunt
3225 3494 3421 3545 autern
3455 3490 3524 3545 ad
3561 3490 3708 3544 invi-

2055 3596 2180 3634 cem
2209 3596 2220 3633 :
2256 3579 2542 3642 Quoniam
2577 3584 2892 3634 susurrant
2923 3579 3221 3634 Christum
3258 3579 3708 3651 colentes,quod

2055 3669 2225 3740 signa
2243 3672 2299 3722 et
2330 3668 2627 3722 mirabilia
2649 3667 2834 3723 multa
2866 3668 3134 3723 inaudita
3161 3669 3358 3722 fecerit
3382 3667 3437 3722 in
3464 3669 3710 3730 mundo,

2053 3775 2177 3829 qum
2233 3775 2401 3812 nemo
2454 3757 2606 3813 alius
2655 3757 2844 3830 potuit
2894 3774 3097 3827 agere:
3153 3757 3512 3828 accipiamus
3558 3757 3714 3812 hunc

2053 3847 2424 3919 sanguinem,
2459 3851 2515 3901 et
2568 3864 2782 3918 aquam
2833 3847 3007 3912 hanc,
3039 3852 3095 3901 et
3134 3847 3468 3900 deferamus
3500 3846 3569 3901 ad
3607 3865 3710 3901 nu-

2055 3941 2238 3990 stram
2286 3952 2661 4007 synagogam,
2694 3942 2751 3990 et
2797 3951 3220 4007 congregemus
3273 3937 3576 3991 universos
3607 3936 3706 4008 qui

2053 4043 2115 4080 se
2151 4024 2300 4081 male
2335 4026 2573 4092 habent,
2603 4030 2660 4080 et
2703 4043 2770 4081 ex
2820 4025 2926 4080 hoc
2973 4041 3372 4096 perungamus
3404 4041 3542 4080 eos:
3576 4029 3631 4080 et
3659 4023 3707 4078 si

2051 4132 2185 4169 vera
2215 4121 2353 4170 sunt
2383 4133 2468 4182 ea,
2504 4131 2630 4186 quia
2681 4116 2751 4168 de
2803 4114 3033 4170 Christo
3080 4115 3382 4181 dicuntur,
3429 4114 3706 4169 continuo

2051 4206 2457 4260 sanabuntur:
2493 4205 2582 4260 sin
2617 4204 2785 4267 alias,
2821 4205 3074 4259 ostentui
3110 4204 3438 4258 habeantur
3476 4221 3509 4258 a
3540 4204 3710 4259 nobis

2051 4299 2412 4364 cuncta,quas
2446 4294 2570 4348 suis
2603 4293 2958 4364 sequacibus
2991 4294 3436 4347 astruunturde
3469 4308 3534 4346 eo
3585 4295 3712 4347 llaec

2050 4384 2309 4439 dicentes
2359 4383 2630 4455 hydriam
2693 4383 2962 4437 deferunt
3004 4383 3072 4435 ad
3131 4397 3512 4453 synagogam,
3566 4382 3718 4436 aesti-

2050 4478 2278 4527 mantes
2305 4489 2364 4526 se
2392 4472 2622 4526 Christo
2645 4472 2782 4527 Jesu
2810 4471 3054 4525 Domino
3080 4476 3279 4526 nostro
3312 4472 3506 4525 aeterni
3541 4471 3717 4543 Regis

2057 4561 2196 4616 Filio
2231 4561 2544 4616 maximam
2601 4561 2814 4615 inferre
2845 4577 3017 4631 posse
3050 4559 3354 4629 injuriam.
3390 4560 3718 4632 Congrega-

273 4644 334 4698 in
370 4647 572 4699 terra?
601 4643 644 4700 O
677 4642 1043 4698 admirabilis
1076 4641 1359 4698 Mediator
1383 4640 1479 4695 Dei
1511 4645 1568 4695 et
1598 4639 1933 4707 hominum,
1971 4627 2017 4691 D
2052 4656 2259 4706 verum
2289 4650 2470 4723 igitur
2502 4627 2883 4722 quoscunque
2916 4627 3258 4719 ι-ρρθι-έιηυηι
3291 4627 3720 4719 ιειηςυίίῖοεξθι

274 4733 652 4799 homousion,
683 4733 886 4786 mundi
925 4733 1276 4803 Redemptor
1323 4747 1389 4785 ac
1439 4728 1721 4794 Salvator,
1760 4729 1940 4783 totius

270 4821 554 4877 bonitatis
587 4826 642 4877 et
693 4820 924 4893 pietatis
959 4822 1088 4876 fons
1138 4826 1195 4875 et
1243 4820 1444 4890 origol
1480 4822 1523 4873 Ο
1556 4823 1813 4888 quantus
1847 4835 1929 4886 es,

269 4911 516 4966 Domine
545 4915 710 4968 Jesu.
741 4911 796 4964 in
832 4909 1188 4973 humilitate,
1235 4909 1335 4979 qui
1386 4924 1519 4962 cum
1553 4923 1714 4962 esses
1754 4907 1937 4978 Deus,

269 4999 651 5056 morticinum
687 5005 897 5054 nostrm
930 5000 1125 5054 carnis
1157 4997 1556 5069 suscipiendo,
1590 4997 1765 5051 homo
1812 4997 1937 5051 ﬁeri

267 5088 548 5158 dignatus
578 5106 662 5156 es,
697 5104 800 5158 pro
831 5087 1022 5143 salute
1056 5086 1289 5157 generis
1321 5086 1588 5151 humani,
1617 5101 1792 5155 quem
1828 5085 1938 5139 im-

263 5176 346 5247 pii
377 5181 435 5232 et
464 5177 730 5233 crudeles
765 5175 936 5247 paulo
972 5176 1170 5230 minus
1202 5177 1274 5228 ab
1306 5173 1530 5245 angelis
1577 5173 1935 5229 minoratum

268 5273 598 5334 cernentes,
623 5267 891 5322 horribili
920 5270 1106 5320 morte
1126 5265 1376 5337 plectere
1403 5281 1517 5320 non
1540 5256 1933 5320 erubuerunt.I

265 5365 308 5419 Ο
341 5382 518 5436 quam
549 5383 802 5437 magnus
835 5382 916 5424 es,
952 5368 1151 5418 noster
1201 5362 1486 5431 Salvator,
1522 5362 1581 5416 in
1629 5363 1932 5432 patientia,

262 5453 364 5523 qui
398 5453 455 5508 in
489 5459 753 5525 tempore
785 5461 898 5508 tum
929 5453 1289 5515 traditionis,
1329 5457 1430 5506 tuo
1465 5451 1744 5522 proditori
1777 5453 1846 5505 ad
1879 5458 1934 5506 te

264 5541 522 5596 venienti
571 5545 838 5599 osculum
894 5544 1149 5613 praebere
1203 5559 1315 5596 non
1364 5540 1635 5604 renuisti,
1671 5546 1727 5594 et
1767 5557 1931 5595 servo

264 5629 493 5685 Malcho
527 5633 770 5701 apostoli
801 5631 996 5705 gladio
1031 5631 1352 5686 abscissam
1379 5630 1708 5684 auriculam
1736 5630 1930 5684 redin-

261 5719 529 5790 tegrasti,
562 5721 797 5791 quando
831 5722 899 5775 ad
956 5720 1246 5793 passionis
1279 5720 1578 5775 victimam
1611 5717 1766 5774 velut
1803 5717 1927 5774 ovis

2049 4740 2108 4794 in
2132 4747 2446 4812 conspectu
2469 4743 2815 4794 cunctorum
2840 4739 3211 4793 Hebraeorum
3239 4738 3555 4792 introducti
3575 4743 3716 4793 sunt

2049 4830 2106 4884 in
2142 4847 2524 4902 synagogam,
2561 4829 2712 4884 inter
2745 4845 2892 4899 quos
2923 4828 3165 4899 quidam
3202 4832 3485 4898 provectae
3524 4829 3716 4882 zetatis

2049 4925 2174 4974 erat
2204 4919 2403 4984 homo,
2436 4935 2610 4990 quem
2640 4936 2672 4973 a
2706 4917 3006 4973 nativitate
3061 4933 3168 4972 sua
3198 4915 3547 4985 gravissime
3577 4934 3712 4988 pos-

2049 5010 2282 5063 sederat
2331 5008 2594 5079 corporis
2654 5007 2949 5075 molestia,
3001 5023 3130 5077 quas
3187 5005 3385 5060 Graeca
3417 5005 3711 5060 locutione

2047 5094 2371 5168 παράλυσις,
2435 5097 2639 5152 Latina
2683 5112 2838 5161 vero,
2901 5094 3215 5150 dissolutio
3286 5094 3706 5158 membrorum,

2047 5187 2281 5240 dicitur.
2317 5186 2419 5240 Hic
2451 5187 2592 5240 dum
2625 5185 2882 5257 primum
2909 5185 2981 5240 ab
3013 5185 3098 5240 eis
3131 5183 3342 5239 fuisset
3371 5188 3710 5254 perunctus,

2045 5281 2281 5347 repente
2313 5277 2382 5330 de
2411 5293 2518 5330 suo
2547 5276 2814 5345 grabato,
2847 5274 3020 5345 quasi
3069 5290 3276 5329 cervus
3307 5272 3606 5340 exsiliens,
3640 5273 3712 5328 ad

2046 5366 2281 5420 laudem
2316 5364 2442 5420 Filii
2474 5365 2575 5420 Dei
2607 5364 2919 5420 incolumis
2952 5363 3240 5432 redditus,
3264 5363 3335 5417 ad
3373 5363 3609 5432 propria
3630 5379 3717 5418 re-

2044 5454 2275 5510 meavit.
2308 5455 2528 5509 Deinde
2561 5455 2920 5509 adducentes
2969 5467 3151 5507 caacos
3201 5450 3540 5517 nonnullos,
3584 5451 3714 5506 loca

2043 5559 2244 5597 eorum
2280 5542 2575 5596 luminum
2628 5557 2954 5614 perungere
3003 5541 3382 5597 studuerunt.
3418 5540 3530 5603 Qui
3592 5539 3711 5610 ipsi

2040 5633 2241 5686 statim
2278 5632 2334 5684 in
2386 5632 2522 5687 Jesu
2577 5631 2794 5686 Christi
2847 5630 3081 5686 nomine
3113 5631 3385 5685 discussa
3427 5628 3728 5698 czecitate,‘

2039 5723 2172 5791 post
2205 5719 2421 5776 multos
2452 5736 2658 5788 annos,
2693 5717 2895 5776 lumen
2945 5719 3239 5776 amissum
3291 5717 3551 5790 recipere
3583 5733 3705 5773 ms-
