4148 6376
499 439 614 497 817

1401 440 1502 499 DE
1548 438 1765 499 PASS.
1812 432 2170 496 IMAGINlS
2215 434 2286 492 D.
2335 437 2409 493 N.
2456 435 2644 497 JESU
2688 435 3024 496 CHRISTI.

3805 432 3926 492 818

501 572 764 624 ruerunt.
791 570 1158 639 [Egrotantes
1189 573 1387 627 autem
1409 569 1653 643 plurimi
1687 569 1758 622 ad
1790 568 1897 622 hoc
1928 569 2149 636 specta-
2179 566 2235 631 Α
2265 582 2381 636 quo
2412 583 2538 621 eam
2573 568 2959 639 excepissent.
3008 570 3081 621 At
3132 565 3217 620 illi
3276 564 3603 621 retulerunt
3660 562 3732 631 ei,
3767 563 3925 635 quod

500 657 699 713 culum
733 664 873 714 sunt
898 661 1163 729 adducti,
1198 660 1473 716 manibus
1504 663 1638 731 post
1667 663 1831 728 terga
1860 654 2154 711 revinctis.

498 746 763 817 Cumque
810 754 868 802 et
900 748 982 802 illi
1023 748 1271 803 fuissent
1302 748 1591 820 peruncti,
1625 744 1876 801 mirabili
1910 745 2007 799 Dei
2041 744 2153 797 vir-

499 842 622 891 tute
655 838 916 908 undique
949 838 1190 908 perfusi,
1226 854 1403 893 sensu
1452 838 1848 905 redintegrato
1881 832 2152 904 pristino,

496 926 568 979 ad
602 926 835 996 propria
880 927 1022 981 dum
1067 932 1438 982 revertuntur
1468 925 1791 989 sanissimi,
1818 922 2020 977 laudes
2055 921 2153 976 Dei

499 1014 919 1084 omnipotentis
948 1015 1090 1070 Filio
1129 1016 1270 1071 Jesu
1318 1016 1545 1070 Christo
1590 1012 1837 1069 Domino
1870 1010 2153 1066 Salvatori

498 1108 697 1158 nostro
731 1104 1140 1174 persolvuntur
1172 1106 1242 1161 ab
1267 1105 1426 1161 omni
1458 1102 1693 1176 populo.
1719 1101 2034 1156 Tumultus
2056 1117 2153 1154 au-

495 1195 615 1246 tem
645 1198 878 1247 exortus
904 1198 993 1249 est
1022 1210 1295 1265 magnus,
1320 1211 1420 1267 per
1442 1198 1621 1249 totam
1645 1192 1912 1248 eamdem
1945 1189 2150 1243 urbem

498 1283 985 1338 concurrentibus
1048 1284 1346 1349 omnibus,
1410 1286 1643 1354 propter
1701 1276 2154 1335 innumerabilia

499 1388 624 1441 quae
658 1371 873 1426 fiebant
905 1371 1209 1427 miracula.
1244 1374 1312 1427 Et
1344 1372 1679 1441 quicunque
1709 1368 1884 1423 variis
1913 1368 2152 1437 languo-

499 1461 661 1514 ribus
696 1460 961 1516 inﬁrmos
1009 1478 1316 1532 possessos
1358 1461 1653 1516 habebant
1691 1459 1845 1529 apud
1897 1473 1978 1524 se,
2012 1455 2152 1509 illuc

498 1566 597 1603 eos
630 1551 984 1605 deducentes
1008 1552 1429 1622 perungebant,
1457 1554 1511 1604 et
1565 1550 1764 1604 statim
1817 1546 2150 1611 sanitatem,

499 1654 675 1707 quam
726 1639 1159 1707 desiderabant,
1210 1640 1745 1709 consequebantur.
1782 1637 1997 1691 Omnes
2046 1652 2151 1688 au-

498 1732 636 1795 tem,
670 1728 740 1781 ad
777 1744 1163 1799 quoscunque
1196 1730 1495 1799 pervenire
1525 1727 1713 1797 potuit
1760 1725 1977 1796 opinio,
2012 1724 2152 1778 aﬂ‘e-

497 1815 996 1882 rentesinfirmos,
1033 1833 1181 1886 quos
1205 1816 1417 1871 habere
1444 1820 1712 1885 poterant
1754 1814 1811 1867 in
1858 1812 2150 1881 domibus,

496 1903 866 1973 paralyticos,
926 1921 1128 1974 caecos,
1157 1904 1421 1971 claudos,
1455 1905 1687 1970 surdos,
1733 1906 1949 1967 mutos,
1985 1906 2041 1956 et
2072 1899 2148 1955 le-
2185 1936 2231 2001 Β

497 2008 721 2062 prosos,
756 1994 877 2048 sive
907 1994 1126 2061 aridos,
1158 1994 1527 2048 deducebant
1557 2009 1655 2048 eos
1688 1994 1758 2047 ad
1791 2006 2149 2063 synagogam

493 2081 851 2151 Judaeorum,
887 2083 984 2137 ubi
1017 2084 1137 2137 haec
1193 2083 1411 2137 ﬁebant
1468 2083 1639 2154 signa
1684 2080 1985 2135 divinitus.
2041 2079 2149 2133 Sed

496 2171 764 2241 quamvis
799 2172 1053 2227 maxima
1098 2179 1253 2227 esset
1296 2173 1413 2227 hac
1458 2173 1662 2227 eadem
1695 2187 2014 2243 synagoga,
2050 2186 2149 2223 ne-

496 2277 794 2331 quaquam
822 2265 1018 2317 tamen
1053 2261 1305 2334 recipere
1338 2265 1565 2333 poterat
1612 2258 2151 2331 supervenientium

499 2349 962 2405 multitudinem.
998 2351 1246 2406 Inﬁnita;
1289 2351 1445 2405 enim
1479 2357 1644 2406 erant
1670 2349 2019 2421 populorum
2054 2365 2150 2403 ca-

498 2444 690 2502 terva,
716 2454 843 2508 quae
866 2440 1126 2510 undique
1149 2438 1287 2493 illuc
1315 2439 1691 2495 conﬂuebant
1723 2442 1955 2509 propter
1976 2438 2151 2491 innu-

502 2526 808 2581 merabilia
839 2527 1125 2582 miracula
1155 2531 1211 2581 et
1240 2527 1660 2599 prodigia,quaa
1693 2543 1795 2597 pro
1830 2542 1935 2582 sua
1967 2527 2152 2582 nimia

500 2614 851 2685 prolixitate,
872 2631 943 2671 ne
976 2617 1276 2671 fastidium
1302 2617 1447 2672 297
1487 2620 2150 2689 generarent,transgre-

500 2706 711 2759 diendo
734 2705 1501 2775 praetermittunturﬂmnes
1523 2712 1717 2761 autem
1738 2705 2027 2776 principes
2052 2723 2148 2760 sa-

498 2795 823 2863 cerdotum,
862 2799 917 2850 et
945 2794 1227 2861 seniores,
1272 2801 1327 2849 et
1372 2795 1565 2851 omnis
1599 2795 1770 2849 turba
1793 2796 2145 2861 Judaaorum,

496 2882 895 2953 parvulorum,
929 2900 995 2938 ac
1046 2884 1361 2954 majorum,
1413 2888 1468 2939 et
1516 2883 1853 2950 mulierum,
1888 2884 2149 2939 videntes

496 2989 626 3043 quae
644 2973 794 3027 facta
813 2973 1443 3037 fuerant,crediderunt
1464 2973 1520 3027 in
1542 2974 1856 3028 Dominum
1881 2978 2150 3029 nostrum

493 3060 696 3116 Jesum
728 3062 1048 3131 Christum,
1074 3068 1131 3117 et
1153 3062 1460 3117 dicebant:
1487 3063 1685 3117 Gloria
1706 3062 1811 3117 tibi
1835 3062 2150 3129 sit,a2terne

497 3155 669 3215 Deus,
718 3156 775 3205 et
824 3151 1215 3223 omnipotens.
1250 3152 1441 3221 Pater,
1492 3151 1592 3223 qui
1647 3151 1817 3206 nobis
1866 3151 2148 3223 indignis,

498 3238 764 3310 quamvis
796 3257 948 3309 sero,
980 3240 1248 3295 revelasti
1286 3242 1523 3295 unicum
1567 3240 1777 3296 Filium
1810 3245 2000 3311 tuum,
2040 3244 2149 3295 Do-

2267 653 2506 724 quidem
2543 655 2885 710 Christicola
2909 671 3012 725 per
3058 655 3494 709 oblivionemin
3521 652 3731 707 cellula
3788 668 3925 723 syn-

2262 760 2456 815 agogas
2480 745 2737 815 proxima
2768 744 3093 798 dimisisset
3122 744 3387 798 eamdem
3426 742 3827 810 iconam,dum
3862 756 3924 794 se

2265 834 2334 887 ad
2366 832 2547 888 alium
2588 833 2777 888 locum
2812 835 3157 887 transferret
3196 832 3531 902 hospitandi
3564 830 3771 902 gratia.
3815 828 3923 891 Qui

2266 922 2462 976 statim
2506 923 2750 992 jubetur
2799 923 3038 993 inquiri,
3074 927 3131 976 et
3180 926 3444 991 repertus
3493 921 3553 973 in
3618 918 3926 991 praesentia

2263 1011 2488 1065 domini
2521 1011 2954 1082 metropolitani
2987 1011 3287 1066 statuitur.
3323 1010 3581 1077 Cumque
3614 1009 3683 1063 ab
3706 1024 3771 1063 eo
3795 1011 3923 1062 stu-

2264 1100 2602 1155 diosissime
2654 1102 2861 1156 fuisset
2916 1102 3331 1171 interrogatus,
3387 1098 3701 1170 quomodo,
3752 1096 3925 1152 icona

2263 1191 2415 1260 apud
2438 1206 2499 1245 se
2530 1189 2975 1257 devenisset,vel
3009 1207 3043 1244 a
3075 1207 3189 1261 quo
3213 1194 3331 1244 tam
3366 1185 3712 1242 mirabiliter
3732 1185 3924 1257 posita

2263 1284 2436 1347 esset,
2473 1279 2774 1351 respondit
2820 1279 3021 1334 dicens
3062 1295 3073 1333 :
3110 1280 3263 1350 quod
3314 1277 3688 1343 Nicodemus,
3718 1274 3816 1345 qui
3848 1275 3920 1329 ad

2261 1368 2465 1423 Jesum
2498 1372 2664 1423 nocte
2696 1374 2953 1432 venerat,
2989 1367 3242 1439 prepriis
3292 1365 3567 1420 manibus
3600 1380 3728 1418 eam
3762 1379 3921 1417 com-

2263 1458 2580 1523 posuisset,
2614 1465 2670 1512 et
2701 1459 2957 1513 moriens
2990 1454 3292 1511 Gamalieli
3329 1453 3918 1509 tradidisset.Gama-

2262 1546 2357 1601 liel
2390 1552 2583 1602 autem
2616 1547 2871 1601 doctoris
2903 1546 3166 1617 gentium
3198 1544 3362 1600 Pauli
3395 1539 3741 1611 διδάσκαλος,
3785 1558 3919 1596 cum

2263 1636 2418 1691 diem
2452 1636 2564 1691 sibi
2597 1641 2855 1691 cerneret
2904 1636 3108 1691 adesse
3159 1640 3507 1699 extremum,
3540 1631 3757 1688 Jacobo
3788 1646 3918 1684 eam

2263 1725 2521 1796 reliquit,
2554 1730 2611 1781 et
2639 1726 2892 1780 Jacobus
2923 1724 3201 1795 Simeoni,
3234 1728 3289 1778 et
3322 1722 3557 1776 Simeon
3598 1719 3867 1774 Zacchaco
3903 1743 3917 1787 ;

2263 1820 2319 1869 et
2339 1814 2422 1869 sic
2446 1831 2548 1885 per
2570 1830 2937 1869 successores
2958 1818 3290 1883 temporum
3314 1811 3371 1865 in
3393 1808 3757 1880 Jerosolyma
3788 1824 3918 1878 per-

2263 1904 2516 1969 duravit,
2564 1920 2873 1975 usquequo
2925 1902 3225 1957 subversio
3271 1899 3431 1954 illius
3472 1899 3636 1953 urbis
3686 1901 3921 1969 patrata

2261 1998 2351 2047 est
2381 1992 2829 2063 quadragesimo
2859 1997 2917 2047 et
2945 1991 3117 2045 tertio
3159 2006 3311 2045 anno
3352 1993 3484 2061 post
3514 1985 3918 2043 ascensionem

2258 2081 2492 2137 Domini
2522 2080 2838 2136 Salvatoris
2887 2082 2958 2136 ad
3011 2079 3206 2135 ccelos.
3243 2078 3354 2134 Sed
3406 2076 3707 2132 biennium
3752 2080 3918 2131 ante-

2260 2188 2438 2242 quam
2474 2171 2639 2226 Titus
2668 2175 2725 2225 et
2768 2170 3167 2241 Vespasianus
3216 2168 3482 2224 eamdem
3516 2167 3921 2222 subverterent

2264 2261 2488 2327 urbem,
2514 2259 2801 2315 admoniti
2832 2264 2971 2316 sunt
2990 2276 3021 2313 a
3045 2258 3261 2330 Spiritu
3288 2262 3489 2313 sancto
3514 2255 3713 2311 fideles
3739 2259 3918 2326 atque

2261 2349 2534 2421 discipuli
2566 2348 2796 2420 Christi,
2849 2353 2914 2404 ut
2965 2350 3171 2404 relicta
3222 2347 3388 2413 urbe,
3438 2346 3510 2401 ad
3562 2360 3807 2416 regnum
3854 2359 3917 2398 se

2259 2441 2645 2495 transferrent
2672 2439 2939 2510 Agrippae
2971 2438 3146 2509 regis,
3176 2437 3314 2508 quia
3334 2436 3460 2507 ipse
3493 2440 3630 2489 tunc
3658 2432 3916 2505 Agrippa

2260 2529 2541 2584 Romanis
2599 2529 2915 2583 fcederatus
2973 2531 3116 2583 erat.
3176 2528 3285 2592 Qui
3340 2526 3557 2596 egressi
3615 2524 3686 2579 ab
3744 2522 3912 2589 urbe,

2260 2618 2459 2673 omnia
2490 2635 2615 2689 quae
2649 2618 2719 2672 ad
2772 2616 2992 2672 cultum
3042 2621 3253 2671 nostra:
3302 2613 3600 2685 religionis
3648 2614 3737 2667 vel
3779 2611 3914 2666 ﬁdei

2260 2708 2549 2779 pertinere
2579 2708 2924 2762 videbantur
2956 2723 3154 2762 secum
3187 2706 3539 2772 auferentes,
3573 2703 3629 2758 in
3685 2702 3791 2756 has
3824 2717 3914 2757 re-

2259 2797 2465 2870 giones
2491 2794 2921 2851 transtulerunt
2952 2812 3033 2849 se.
3070 2796 3191 2860 Quo
3222 2798 3484 2864 tempore
3515 2792 3691 2846 etiam
3724 2789 3912 2860 icona,

2260 2903 2393 2942 cum
2429 2885 2651 2941 caeteris
2693 2886 2868 2940 rebus
2917 2882 3331 2940 ecclesiasticis
3371 2882 3695 2953 deportata,
3729 2896 3917 2950 usque

2260 2976 2434 3031 hodie
2476 2975 2535 3030 in
2568 2975 2734 3047 Syria
2765 2974 3107 3045 permansit,
3141 2989 3317 3043 quam
3350 2988 3455 3043 ego
3486 2970 3611 3042 ipse
3644 2986 3675 3024 a
3706 2985 3917 3041 paren-

2258 3065 2421 3120 tibus
2451 3081 2517 3119 ex
2551 3066 2657 3119 hac
2688 3063 2819 3119 luce
2851 3062 3243 3135 migrantibus
3276 3060 3418 3115 mihi
3456 3059 3756 3125 traditam,
3782 3060 3918 3129 jure

2259 3153 2627 3209 hereditario
2662 3169 2848 3224 usque
2880 3170 3036 3207 nunc
3069 3151 3323 3224 possedi.
3358 3150 3485 3205 Haec
3518 3153 3673 3203 certa
3704 3152 3760 3202 et
3786 3164 3918 3202 ma-

2263 3244 2477 3299 nifesta
2509 3242 2652 3298 ratio
2675 3247 2761 3297 est
2795 3243 2866 3298 de
2894 3241 3065 3297 icona
3094 3244 3297 3296 sancta
3327 3238 3553 3294 Domini
3574 3237 3913 3305 Salvatoris,

499 3305 726 3382 minum
759 3305 1027 3383 nostrum
1048 3329 1252 3384 Jesum
1283 3329 1579 3384 Christum
1614 3346 1625 3383 :
1661 3346 1857 3401 quem,
1891 3334 1955 3385 ut
1984 3305 2147 3385 lsaiaa
2178 3305 2220 3372 Π
2264 3332 2514 3405 qualiter
2542 3332 2612 3387 de
2642 3333 2806 3403 Syria
2838 3332 2896 3386 in
2928 3331 3143 3386 Judazte
3176 3333 3371 3403 partes
3404 3327 3654 3383 devenit.
3680 3326 3914 3382 Auditis

498 3416 838 3472 vaticinium
869 3418 1101 3483 cecinit,
1135 3417 1305 3490 Virgo
1336 3418 1623 3489 concepit,
1654 3423 1710 3474 et
1758 3419 1927 3491 Virgo
1972 3437 2148 3491 pepe-

499 3505 594 3575 rit,
628 3522 695 3563 ac
741 3510 872 3577 post
915 3511 1151 3578 partum
1199 3506 1375 3579 Virgo
1427 3510 1773 3578 permansit.
1826 3508 2022 3563 Gloria
2069 3509 2149 3564 sit

496 3595 624 3656 tibi.
657 3596 902 3661 Christe,
935 3612 1110 3667 quem
1143 3600 1338 3668 patres
1387 3597 1571 3652 nostri
1619 3613 1823 3652 verum
1865 3603 2044 3653 Deum
2090 3601 2147 3652 et

497 3701 699 3740 verum
746 3684 1070 3753 hominem,
1099 3686 1161 3740 in
1201 3702 1371 3741 cruce
1403 3690 1591 3742 morte
1620 3685 1885 3742 horribili
1917 3687 2147 3742 aflicere

490 3792 607 3829 non
640 3778 996 3831 metuerunt.
1024 3774 1130 3839 Qui
1151 3791 1306 3831 nunc
1328 3775 1505 3831 etiam
1528 3793 1561 3831 a
1579 3775 1747 3831 nobis
1767 3775 1981 3832 iterum
2007 3794 2144 3849 pas-

489 3880 593 3918 sus
623 3881 684 3919 es
716 3878 770 3919 te
800 3864 1057 3936 imagine
1094 3870 1198 3920 tua
1226 3865 1382 3920 cruci
1415 3865 1882 3937 affigere.Gloria
1914 3866 1989 3921 sit
2014 3865 2141 3935 tibi,

490 3950 713 4007 Christe
744 3953 847 4006 Fili
879 3954 1003 4019 Dei,
1039 3954 1140 4025 qui
1170 3958 1335 4009 tanta
1365 3954 1658 4009 mirabilia
1688 3956 1857 4011 nobis
1909 3955 2144 4011 miseris

489 4039 929 4096 demonstrasti.
962 4041 1089 4096 Tibi
1124 4044 1443 4114 credimus,
1477 4048 1537 4098 tu
1572 4044 1740 4100 nobis
1786 4049 1909 4100 esto
1943 4045 2142 4117 propi-

488 4128 608 4184 tius
639 4134 695 4184 et
726 4147 831 4185 nos
864 4130 1163 4202 suscipere
1206 4132 1470 4204 dignare,
1505 4133 1644 4205 quia
1696 4151 1765 4189 ex
1798 4139 1913 4189 toto
1947 4136 2140 4206 corde,

487 4223 543 4273 et
574 4224 694 4273 tota
726 4219 923 4275 anima
950 4224 1125 4293 atque
1152 4219 1368 4276 virtute
1397 4222 1467 4276 ad
1502 4226 1554 4276 te
1586 4222 1979 4294 confugimus.
2014 4226 2141 4279 Hmc

486 4312 542 4362 et
572 4308 663 4364 his
696 4309 914 4366 similia
945 4309 1269 4366 clamantes
1301 4310 1591 4377 dicebant,
1627 4310 1916 4384 lacrymas
1944 4316 2139 4368 autem

484 4414 715 4455 amaras
744 4400 1091 4457 emittebant
1121 4404 1177 4455 et
1202 4386 1521 4472 singultus.

1123 4568 1354 4627 CAPUT
1394 4569 1482 4627 IV.

552 4705 869 4774 Postquam
904 4708 1101 4759 autem
1135 4706 1320 4760 curati
1351 4709 1492 4761 sunt
1522 4705 1717 4761 cuncti
1758 4707 1861 4777 qui
1898 4708 2132 4780 aegritu-

480 4790 613 4845 dine
643 4792 1074 4860 detinebantur,
1124 4794 1377 4848 occurrit
1432 4794 1623 4849 omnis
1656 4795 1972 4852 multitudo
2025 4798 2133 4853 Ju-

483 4879 740 4934 daeorum
775 4880 847 4935 ad
871 4881 1113 4936 domum
1137 4886 1351 4937 sanctae
1382 4882 1659 4951 ecclesia,
1687 4901 1811 4954 quas
1844 4885 1903 4939 in
1928 4887 2131 4942 eadem

484 4969 625 5024 urbe
681 4975 825 5039 erat,
888 4969 989 5023 ubi
1044 4968 1550 5041 metropolitanus.
1610 4974 1789 5042 Cujus
1848 4973 2134 5044 provoluti

480 5058 771 5131 vestigiis,
805 5074 867 5113 se
899 5074 1194 5130 peccasse,
1227 5074 1288 5114 se
1326 5057 1581 5130 graviter
1609 5059 1952 5131 deliquisse,
2006 5077 2135 5116 ma-

482 5148 614 5219 gnis
645 5148 887 5204 vocibus
910 5149 1264 5203 fatebantur.
1289 5147 1551 5213 Quicum
1570 5150 1641 5204 ab
1665 5149 1749 5204 eis
1771 5149 2136 5222 perquireret

482 5253 714 5294 omnem
748 5237 829 5294 rei
869 5242 1045 5310 gestae
1073 5237 1397 5307 veritatem,
1448 5244 1711 5294 sanctam
1761 5239 1987 5295 iconam
2022 5240 2132 5295 Do-

484 5326 628 5381 mini
658 5326 972 5383 Salvatoris
1002 5328 1193 5384 eidem
1225 5328 1718 5398 demonstrantes,
1751 5330 2134 5385 annuntiave-

484 5421 623 5469 runt
651 5420 861 5471 cuncta
890 5432 1019 5487 quas
1050 5417 1109 5471 in
1139 5434 1205 5473 ea
1234 5422 1630 5474 exercuerant.
1671 5418 1740 5473 Et
1769 5417 2025 5489 qualiter
2062 5420 2133 5473 ab

487 5503 602 5559 ictu
660 5515 871 5560 lanceae
930 5506 1173 5578 sanguis
1203 5510 1261 5561 et
1303 5523 1458 5578 aqua
1500 5508 1795 5562 emanavit
1838 5525 1907 5563 ex
1954 5507 2135 5563 latere

485 5592 696 5665 ipsius,
728 5610 953 5650 necnon
984 5598 1041 5650 et
1069 5596 1139 5650 de
1170 5595 1542 5651 mirabilibus
1573 5597 1645 5651 ab
1671 5613 1739 5653 ea
1769 5597 2020 5653 ostensis
2051 5597 2136 5651 illi

487 5684 817 5740 retulerunt
845 5700 948 5756 per
975 5683 1264 5740 ordinem.
1292 5682 1394 5740 Ille
1413 5701 1547 5741 vero
1568 5685 2134 5758 interrogabat,qua-

486 5772 620 5831 liter
647 5772 817 5831 icona
846 5772 978 5847 ipsa
1004 5773 1078 5832 ab
1107 5771 1193 5831 eis
1221 5772 1433 5832 fuisset
1460 5779 1711 5847 reperta,
1742 5778 1800 5831 et
1828 5776 1880 5833 si
1923 5774 1994 5831 ab
2027 5774 2138 5832 ali-

2256 3422 2348 3478 his
2398 3422 2770 3477 sermonibus
2818 3420 3342 3475 reverendissimus
3400 3416 3914 3489 metropolitanus,

2255 3511 2423 3569 valde
2443 3511 2648 3567 hilaris
2671 3511 2955 3577 redditus,
2986 3527 3299 3565 conversus
3323 3507 3392 3565 ad
3418 3506 3699 3579 populum
3724 3504 3908 3561 Israe-

2255 3602 2482 3658 liticum
2533 3602 2762 3657 dicebat
2820 3619 2831 3656 :
2893 3601 3260 3669 Convertere,
3324 3596 3519 3668 Israel,
3579 3597 3651 3652 ad
3710 3595 3908 3651 Domi-

2255 3709 2420 3763 num,
2480 3692 2703 3747 Patrem
2768 3690 3171 3745 universorum
3230 3686 3573 3754 viventium,
3621 3688 3676 3741 et
3732 3684 3910 3740 adora

2255 3780 2562 3837 nobiscum
2583 3780 2711 3851 ejus
2730 3778 2966 3847 Filium,
2993 3796 3093 3851 per
3118 3794 3287 3849 quem
3310 3781 3449 3833 sunt
3470 3774 3669 3832 omnia
3691 3777 3907 3845 creata,

2252 3876 2310 3927 et
2364 3871 2646 3943 Spiritum
2698 3874 2989 3940 sanctum,
3043 3867 3141 3940 qui
3226 3870 3315 3923 est
3386 3864 3708 3921 vivificator
3763 3878 3905 3917 cun-

2251 3964 2478 4016 ctorum
2510 3958 2850 4029 viventium,
2882 3963 2938 4013 et
2984 3957 3357 4012 illuminator
3406 3957 3741 4009 nostrarum
3779 3950 3908 4007 ani-

2251 4066 2503 4105 marum.
2538 4047 2767 4104 Festina
2802 4047 3066 4102 debitum
3100 4044 3399 4101 absolvere
3447 4048 3662 4099 votum.
3700 4040 3905 4096 Omnis

2251 4144 2447 4194 autem
2506 4138 2680 4194 turba
2738 4136 2940 4208 stirpis
2997 4134 3255 4191 Judaicae
3312 4132 3470 4189 clara
3524 4147 3663 4188 voce
3733 4129 3909 4200 coepit

2249 4233 2484 4283 cantare
2537 4232 2592 4283 et
2636 4226 2827 4283 dicere
2867 4242 2880 4281 :
2919 4224 3080 4281 Unus
3138 4225 3292 4279 Deus
3342 4223 3530 4290 Pater,
3574 4226 3631 4276 et
3660 4220 3785 4292 ipse
3816 4219 3907 4273 in-

2249 4316 2505 4388 genitus.
2540 4315 2699 4371 Unus
2733 4315 2937 4379 Filius,
2970 4318 3026 4370 et
3064 4314 3189 4386 ipse
3223 4312 3563 4383 unigenitus
3610 4309 3906 4377 Christus,

2251 4422 2426 4478 quem
2475 4409 2670 4477 patres
2720 4404 2902 4460 nostri
2949 4404 3385 4469 crucifixerunt,
3440 4405 3496 4456 et
3552 4416 3660 4455 nos
3707 4399 3904 4470 ipsum

2251 4495 2600 4567 agnovimus
2630 4510 2831 4550 verum
2863 4492 3201 4548 Dominum.
3254 4490 3415 4546 Unus
3465 4488 3719 4560 Spiritus
3767 4502 3904 4541 san-

2252 4590 2381 4641 ctus
2414 4588 2470 4641 et
2499 4585 2570 4640 ab
2602 4589 2845 4653 utroque
2882 4582 3222 4654 procedens,
3268 4596 3371 4651 per
3419 4594 3594 4650 quem
3625 4575 3907 4632 veraciter

2164 4680 2211 4744 D
2245 4693 2350 4731 nos
2382 4675 2679 4730 credimus
2718 4689 2847 4730 esse
2896 4672 3226 4729 salvandos.
3261 4670 3390 4726 Haec
3439 4669 3720 4736 dicentes,
3771 4683 3905 4737 pro-

2244 4764 2413 4821 strati
2452 4766 2699 4837 genibus
2730 4763 2939 4835 ipsius,
2973 4760 3203 4817 veniam
3235 4760 3614 4833 postulabant
3657 4759 3728 4815 de
3777 4757 3904 4813 suis

2244 4852 2522 4925 consequi
2548 4852 2868 4909 sceleribus
2901 4868 3003 4923 per
3033 4849 3309 4923 baptismi
3355 4850 3703 4905 remedium.
3738 4848 3902 4914 Quod

2244 4941 2574 5013 suscipiens
2606 4942 2817 4997 beatus
2859 4941 3106 4997 antistes
3157 4957 3290 4995 cum
3350 4939 3473 4995 suis
3523 4938 3769 5004 clericis,
3802 4953 3905 5009 per

2243 5032 2371 5087 dies
2405 5030 2691 5102 plurimos
2750 5031 2822 5085 de
2871 5029 3188 5101 disciplina
3237 5028 3489 5084 erudivit
3540 5026 3895 5082 Christiana.

2241 5121 2327 5175 Ad
2380 5120 2657 5176 ultimum
2700 5136 2836 5175 vero
2902 5118 3354 5174 catechumenos
3413 5117 3619 5183 factos,
3677 5119 3735 5171 et
3791 5114 3897 5169 tri-

2243 5210 2438 5266 duano
2470 5214 2703 5281 peracto
2727 5208 2978 5281 jejunio,
3012 5223 3078 5262 ex
3128 5224 3280 5279 aqua
3328 5209 3385 5261 et
3428 5204 3644 5276 Spiritu
3697 5207 3900 5259 sancto

2243 5299 2607 5372 regeneravit
2636 5315 2754 5355 eos.

2900 5466 3131 5523 CAPUT
3169 5465 3239 5520 V.

2315 5603 2632 5671 Postquam
2676 5616 2812 5656 vero
2857 5598 3219 5670 baptismum
3268 5596 3569 5653 consecuti
3616 5602 3777 5669 sunt,
3808 5616 3904 5655 ro-

2232 5690 2464 5760 gabant
2518 5688 2750 5744 enixius
2808 5692 3079 5744 sanctum
3147 5685 3361 5755 virum,
3410 5691 3475 5741 ut
3543 5702 3905 5759 synagogam

2246 5793 2418 5835 suam
2466 5775 2775 5835 ecclesiam
2828 5779 3193 5834 consecraret
3255 5775 3315 5832 in
3362 5774 3647 5832 honorem
3713 5775 3904 5834 sancti
