4148 6374
307 429 425 491 819

1475 432 1540 491 S.
1587 430 2108 491 ATHANASIUS.
2140 462 2216 472 —
2246 429 2558 492 SPURIA.

3618 430 3738 489 820

306 561 621 618 Salvatoris
670 561 898 617 mundi.
959 563 1219 629 Quorum
1299 562 1643 635 petitionem
1719 561 1963 617 minime
1992 563 2045 630 Α
2078 560 2204 616 suis
2235 561 2467 632 scriptis
2497 559 2585 616 vel
2617 558 2866 632 eloquiis
2919 557 3396 615 manifestissime
3447 560 3738 617 universis

307 656 676 722 aspernatus,
712 668 1070 723 synagogam
1125 652 1380 717 illorum,
1425 669 1550 723 quae
1604 653 1794 723 major
1841 667 1970 706 esse

303 741 697 811 videbatur,in
725 742 959 796 nomine
985 742 1268 812 unigeniti
1293 741 1393 797 Dei
1418 741 1545 797 Filii
1565 741 1969 813 Redemptoris

309 830 517 885 mundi
549 831 929 886 consecravit.
958 831 1034 885 Ex
1069 835 1204 886 tunc
1236 831 1437 902 itaque
1470 847 1572 902 per
1602 831 1861 885 diversas
1884 847 1971 886 or-

309 918 401 974 bis
435 923 603 976 terraa
651 919 922 974 nationes
975 925 1031 974 et
1079 919 1406 991 provincias
1441 936 1569 974 mos
1615 918 1874 985 inolevit,
1908 923 1974 973 ut

309 1007 586 1063 basilicas
639 1008 924 1080 plurimas
970 1008 1056 1063 vel
1111 1008 1383 1074 oratoria,
1436 1009 1742 1080 pontifices
1802 1007 1972 1062 Chri-

311 1097 516 1152 stianae
563 1097 732 1170 legis,
779 1097 839 1151 in
891 1097 1108 1154 honore
1158 1099 1344 1153 sancti
1397 1098 1715 1153 Salvatoris
1766 1097 1973 1151 mundi

313 1188 562 1242 condere
591 1191 646 1242 et
678 1187 945 1244 dedicare
978 1205 1092 1242 non
1126 1188 1416 1244 desinant.
1444 1188 1590 1242 Nam
1623 1193 1794 1242 antea
1824 1187 1974 1241 anti-

315 1276 552 1348 quiores
585 1277 789 1345 nostri,
821 1275 907 1332 vel
942 1278 1215 1346 majores,
1250 1277 1358 1332 hoc
1409 1293 1680 1348 per-agere
1731 1276 1976 1331 minime

314 1368 950 1438 praesumpserant.Sed
976 1368 1046 1421 ad
1077 1366 1428 1422 narrationis
1462 1372 1676 1422 nostra:
1707 1366 1973 1422 ordinem

310 1456 684 1512 reﬂectamus
715 1456 1052 1512 articulum.
1091 1457 1463 1527 Rogaverunt
1513 1463 1709 1511 autem
1759 1460 1974 1510 metro-

313 1544 558 1617 politani
594 1546 898 1616 praefatum
926 1546 1138 1616 virum,
1165 1551 1228 1600 ut
1257 1555 1496 1601 caeteras
1529 1561 1853 1616 synagogas
1877 1560 1973 1599 eo-

318 1653 446 1691 rum
485 1636 540 1689 in
580 1637 794 1691 honore
843 1637 1237 1707 quorumdam
1291 1636 1594 1692 beatorum
1647 1641 1976 1708 martyrum

319 1726 714 1780 consecrando
765 1726 1183 1781 reconciliaret.
1250 1727 1453 1796 Itaque
1519 1731 1576 1780 et
1632 1725 1772 1780 huic
1833 1725 1978 1796 peti-

319 1814 463 1870 tioni
499 1815 746 1870 libenter
795 1814 1060 1869 animum
1113 1814 1594 1881 accommodavit,
1636 1818 1693 1869 et
1733 1830 1859 1884 quae
1893 1811 1978 1866 illi

321 1908 748 1975 suggesserunt
781 1905 876 1958 Dei
901 1903 1206 1973 juvamine
1240 1905 1447 1970 fretus,
1477 1907 1688 1958 cuncta
1727 1901 1979 1974 explevit
2008 1940 2054 2004 B

324 1993 584 2048 devotus.
621 1994 862 2048 Factum
893 1999 983 2048 est
1012 1993 1295 2064 gaudium
1341 2010 1624 2064 magnum
1659 1992 1719 2046 in
1752 1992 1979 2047 civitate

323 2081 443 2152 illa,
478 2099 592 2136 non
621 2081 814 2137 solum
846 2083 916 2137 de
943 2081 1192 2137 sanitate
1219 2099 1554 2153 corporum,
1580 2099 1707 2153 quae
1739 2099 1978 2137 emana-

321 2175 486 2226 verat
532 2171 805 2242 maxima,
856 2171 958 2226 sed
1009 2175 1067 2225 et
1116 2171 1186 2225 de
1226 2170 1409 2226 tantis
1465 2169 1795 2238 animabus,
1851 2187 1979 2241 quas

322 2259 395 2315 ah
452 2259 696 2316 interitu
753 2262 975 2317 Satanae
1035 2260 1105 2315 ad
1159 2259 1339 2316 vitam
1408 2263 1687 2316 aeternam
1749 2260 1981 2316 fuerant

321 2354 620 2405 revocatas.

966 2439 1193 2497 CAPUT
1233 2439 1326 2496 VI.

389 2545 755 2602 Venerabilis
791 2563 918 2602 vero
952 2553 1008 2604 et
1049 2564 1321 2603 summus
1362 2547 1628 2616 antistes,
1662 2547 1753 2604 die
1777 2552 1978 2604 noctu-

323 2652 435 2707 que
492 2636 671 2692 variis
723 2636 1046 2692 fluctuabat
1116 2637 1564 2706 cogitationibus
1625 2638 1695 2692 de
1752 2637 1980 2711 hydria,

323 2741 452 2796 quae
484 2724 855 2780 Dominicum
907 2726 1061 2780 intra
1104 2743 1165 2782 se
1214 2726 1498 2781 retinebat
1537 2744 1824 2793 cruorem,
1857 2728 1982 2782 val-

325 2813 398 2868 de
455 2813 756 2884 hmsitans,
792 2815 931 2886 quid
952 2816 1023 2870 de
1055 2831 1121 2870 ea
1169 2821 1562 2887 Opportunum
1613 2815 1822 2872 fuisset
1852 2834 1982 2888 per-

327 2919 518 2975 agere.
580 2904 840 2959 Tandem
888 2909 1080 2960 autein
1140 2904 1362 2959 salubri
1422 2910 1652 2976 reperto
1713 2906 1981 2976 consilio,

326 2992 595 3048 omnium
641 2992 1053 3060 Ecclesiarum,
1089 3010 1218 3065 quae
1250 3011 1353 3065 per
1382 2994 1582 3048 orbem
1615 2999 1780 3049 terra;
1812 2995 1983 3068 longe

325 3079 573 3152 lateque:
607 3081 1028 3152 consistebant,
1061 3081 1469 3138 inaestimabile
1511 3087 1686 3154 atque
1716 3085 1980 3154 profutu-

327 3187 458 3227 rum
519 3171 768 3243 providit
821 3171 1240 3227 consolationis
1311 3172 1659 3227 remedium.
1721 3173 1982 3246 Denique

325 3260 619 3332 ampullas
652 3261 920 3332 praecepit
945 3261 1070 3316 fieri
1099 3260 1338 3330 vitreas,
1365 3261 1422 3314 in
1447 3260 1659 3330 quibus
1685 3263 1982 3332 portiones

323 3349 487 3405 misit
559 3348 824 3422 singulas
884 3350 955 3404 de
1033 3349 1320 3421 sanguine
1377 3355 1433 3404 et
1490 3366 1663 3420 aqua,
1726 3366 1852 3422 quae
1912 3352 1983 3407 de

321 3438 581 3511 Imagine
629 3437 860 3493 Domini
910 3437 1227 3494 Salvatoris
1289 3437 1471 3494 nostri
1549 3439 1987 3508 deccurrerant,

322 3544 468 3598 quas
518 3526 696 3582 etiam
753 3542 856 3598 per
899 3527 1120 3597 Asiam,
1174 3526 1454 3597 Africam,
1507 3525 1820 3598 Europam,
1885 3545 1988 3600 per

323 3632 463 3672 suos
505 3615 745 3672 nuntios
796 3616 1078 3689 dirigens,
1114 3621 1346 3685 cuncta,
1382 3633 1509 3687 qua:
1566 3617 1722 3687 apud
1778 3617 1985 3674 urbem

320 3705 448 3777 jam
498 3703 718 3761 dictam
771 3722 876 3762 suo
926 3711 1188 3778 tempore
1239 3705 1627 3778 contigerant,
1683 3706 1986 3764 devenisse

2080 653 2293 705 sanctae
2324 649 2591 706 Ecclesiaa
2641 649 2778 705 filiis
2829 647 3077 704 viriliter
3124 648 3459 705 declaravit.
3494 649 3611 705 Hoc
3642 650 3735 704 in-
3809 721 3814 728 ο

2081 757 2259 812 super
2289 740 2360 796 ab
2410 740 2494 796 eis
2547 739 2902 811 efﬂagitans,
2963 743 3029 793 ut
3085 754 3191 810 per
3235 755 3422 794 annos
3473 739 3741 811 singulos

2081 829 2140 884 in
2175 846 2376 886 mense
2407 829 2742 895 Novembri,
2778 829 2877 896 qui
2909 829 3064 900 apud
3098 828 3370 884 Hebraeos
3401 833 3492 884 est
3524 846 3738 901 nonus,

2082 920 2237 990 apud
2289 937 2394 976 nos
2445 936 2576 975 vero
2630 918 2850 974 mensis
2900 917 3270 985 undecimus,
3303 935 3457 973 nono
3507 920 3602 974 die
3653 919 3741 991 ip-

2083 1008 2209 1064 sius
2267 1007 2511 1076 mensis,
2579 1006 2638 1062 id
2717 1013 2805 1063 est
2881 1007 3086 1079 quinto
3169 1007 3308 1063 Idus
3373 1007 3740 1078 Novembris,

2085 1114 2199 1152 non
2260 1098 2473 1153 minori
2532 1097 2874 1166 reverentia,
2948 1113 3128 1168 quam
3207 1096 3428 1152 natalis
3509 1097 3741 1154 Domini

2083 1185 2166 1241 vel
2223 1186 2544 1256 Paschalis,
2623 1185 2736 1241 ista
2793 1187 2920 1242 dies
2986 1186 3281 1259 prazcipua
3336 1187 3741 1246 observatione

2086 1275 2335 1332 colatur.

2717 1363 2950 1423 CAPUT
2990 1366 3114 1420 VII.

2157 1473 2287 1528 Haec
2341 1477 2430 1529 est
2477 1491 2610 1530 vera
2659 1480 2717 1531 et
2766 1474 3138 1530 vehementer
3187 1473 3427 1529 credula
3470 1473 3616 1530 ratio
3673 1475 3744 1530 de

2085 1579 2289 1618 cruore
2318 1561 2517 1618 lateris
2549 1563 2785 1619 Domini
2833 1563 3017 1618 nostri
3075 1561 3412 1634 Salvatoris,
3447 1563 3547 1635 qui
3608 1581 3739 1635 pro~
3822 1637 3828 1641 _

2086 1652 2253 1707 ﬂuxit
2285 1653 2354 1707 de
2386 1659 2590 1708 sancta
2621 1653 2876 1724 imagine
2900 1653 3245 1724 ipsiusque:
3271 1653 3549 1708 crucifixa
3571 1657 3660 1708 est
3686 1653 3743 1707 in

2087 1741 2268 1812 Syria,
2304 1742 2362 1796 in
2395 1747 2598 1814 Beryto
2631 1743 2881 1798 civitate.
2919 1742 3021 1797 llic
3067 1742 3239 1798 etiam
3301 1742 3606 1814 sanguinis
3649 1742 3746 1799 ille

2088 1830 2238 1885 298
2276 1831 2628 1899 Dominicus,
2651 1832 2753 1904 qui
2785 1833 2937 1902 apud
2974 1831 3287 1903 plerosque
3318 1838 3584 1904 repertus
3612 1849 3742 1887 esse

2087 1919 2320 1976 dicitur.
2387 1921 2499 1978 Nec
2557 1939 2685 1976 esse
2734 1920 2901 1976 aliter
2952 1920 3366 1976 aestimandum
3402 1926 3492 1976 est
3536 1938 3570 1976 a
3610 1937 3743 1976 vere

2089 2008 2429 2076 Catholicis,
2462 2015 2669 2082 praeter
2697 2010 2776 2080 id,
2802 2011 2958 2081 quod
2988 2009 3264 2065 scribitur
3293 2028 3326 2065 a
3358 2010 3546 2077 nobis,
3575 2009 3745 2081 quasi

2089 2115 2154 2154 ex
2210 2115 2384 2154 carne
2442 2105 2500 2154 et
2556 2099 2844 2171 sanguine
2893 2099 3105 2154 Christi
3165 2098 3384 2170 aliquid
3442 2098 3628 2171 possit
3685 2099 3745 2153 in

2090 2189 2312 2243 mundo
2343 2188 2611 2258 inveniri,
2647 2189 2758 2244 nisi
2789 2188 2935 2243 illud
2967 2189 3120 2260 quod
3155 2188 3212 2242 in
3264 2207 3365 2244 ara
3411 2188 3616 2244 altaris
3647 2205 3750 2260 per

2091 2294 2303 2334 manus
2337 2279 2708 2334 sacerdotum
2743 2277 3004 2349 quotidie
3053 2276 3442 2349 spiritualiter
3471 2277 3745 2333 efﬁcitur.

2089 2371 2222 2423 Hac
2272 2385 2408 2440 ergo
2464 2367 2677 2435 sciens,
2729 2366 3122 2422 amantissimi
3172 2372 3367 2438 patres
3415 2371 3474 2422 et
3520 2368 3751 2433 fratres,

2091 2455 2407 2514 acceleravi
2438 2456 2730 2512 declarare
2779 2455 2966 2526 vobis,
3020 2456 3092 2511 ad
3145 2456 3591 2512 aediﬁcationem
3625 2455 3750 2511 ani-

2091 2563 2323 2601 marum
2355 2551 2707 2612 vestrarum,
2732 2546 2789 2600 id
2823 2545 3252 2601 incrementum
3282 2550 3485 2601 vestra:
3520 2547 3752 2610 fidei,ut

2093 2640 2149 2691 et
2179 2635 2237 2690 in
2265 2635 2374 2690 hoc
2409 2635 2556 2691 scire
2587 2635 2850 2704 valeatis,
2884 2639 3104 2706 quanta
3137 2635 3213 2690 sit
3242 2634 3430 2690 virtus
3480 2638 3536 2689 et
3567 2635 3754 2706 pietas

2092 2724 2325 2780 Domini
2356 2724 2667 2781 Salvatoris
2717 2723 2903 2780 nostri
2961 2723 3099 2780 Jesu
3149 2724 3383 2780 Christi.
3437 2724 3652 2778 Idcirco
3692 2724 3749 2778 in

2093 2816 2206 2869 ﬁde
2241 2815 2416 2870 fortes
2453 2821 2660 2880 estote,
2700 2819 2758 2869 et
2809 2815 3169 2886 congaudcte
3216 2831 3394 2886 super
3452 2831 3665 2884 magna
3695 2819 3750 2867 et

2093 2904 2563 2975 obstupescenda
2593 2904 2721 2975 ejus
2755 2902 3056 2972 miracula,
3092 2921 3216 2974 quae
3249 2904 3308 2958 in
3347 2908 3543 2957 nostra
3572 2918 3743 2972 gene-

2093 2992 2317 3047 ratione
2348 3009 2382 3046 a
2403 2992 2517 3047 Deo
2539 2997 2678 3048 sunt
2706 2997 2954 3064 patrata.
2980 2992 3048 3047 Et
3068 2993 3199 3047 date
3221 2991 3304 3046 illi
3335 2991 3580 3062 gloriam
3603 3006 3740 3045 cum

2091 3081 2294 3136 latitia
2328 3083 2671 3153 gaudentes,
2733 3085 2790 3136 et
2833 3098 2966 3137 cum
3011 3081 3194 3136 nimia
3241 3079 3432 3135 cordis
3462 3097 3749 3151 compun-

2094 3171 2286 3226 ctione
2344 3174 2472 3241 ejus
2533 3172 2827 3241 majestati
2893 3171 3214 3225 immensas
3289 3170 3512 3240 gratius
3571 3168 3746 3240 agite,

2094 3276 2160 3316 eo
2193 3259 2346 3332 quod
2407 3259 2543 3315 ﬁdei
2599 3277 2718 3314 suae
2777 3265 2833 3316 et
2889 3259 3144 3315 scientia
3201 3259 3414 3330 dignos
3469 3274 3571 3312 vos
3615 3257 3754 3312 fecit

2097 3367 2246 3406 esse.
2308 3349 2423 3421 Ipsi
2483 3349 2714 3404 Christo
2772 3349 2913 3404 Jesu
2969 3348 3253 3404 Salvatori
3334 3353 3558 3417 nostro,
3621 3362 3754 3402 cum

2096 3441 2284 3509 Patre,
2358 3443 2675 3510 sanctoque
2731 3438 2955 3511 Spiritu
3023 3438 3210 3511 gloria
3281 3439 3358 3494 sit
3430 3437 3753 3508 honorque,

2095 3528 2227 3585 laus
2287 3530 2463 3586 etiam
2524 3531 2800 3602 perennis
2865 3547 2877 3584 :
2941 3530 3040 3600 qui
3097 3530 3526 3601 sempiternum
3585 3531 3758 3596 atque

2097 3617 2349 3675 divisum
2402 3619 2625 3692 absque
2674 3619 2846 3675 initio
2895 3622 2951 3674 et
2997 3619 3113 3674 ﬁne
3160 3618 3386 3674 obtinet
3415 3616 3753 3688 imperium.

2096 3710 2298 3764 Amen.

409 3977 650 4034 SERMO
707 3977 964 4034 SANCTI
1020 3977 1413 4036 ATHANASII
1471 3977 1806 4049 EPISCOPI,
1871 3978 1956 4034 DE
2015 3977 2228 4034 NOVIS
2279 3979 2369 4035 ET
2426 3979 2796 4038 MODERNIS
2834 3978 3293 4037 MIRABILIBUS
3354 3979 3682 4038 IMAGINIS

1832 4067 2088 4125 DOMINI
2130 4070 2264 4139 (18).

404 4184 635 4241 Elevate
693 4185 893 4242 oculos
922 4202 1134 4242 sensus
1191 4184 1389 4251 vestri,
1451 4185 1710 4242 universi
1773 4193 1984 4242 sanctae

335 4272 677 4330 Christianae
724 4275 1024 4347 religionis
1057 4275 1265 4330 fratres
1321 4279 1379 4329 et
1410 4280 1628 4347 patres,
1680 4280 1738 4330 et
1787 4275 1984 4331 consi-

332 4363 530 4420 derate
583 4364 732 4419 hanc
787 4381 992 4419 novam
1027 4364 1476 4419 admirationem
1511 4381 1640 4435 qua:
1692 4365 1842 4419 facta
1875 4369 1981 4433 est,

331 4469 510 4524 quam
543 4452 638 4509 his
669 4453 1034 4525 temporibus
1068 4453 1324 4508 ostendit
1361 4454 1509 4508 Deus
1542 4453 1731 4517 nobis,
1765 4457 1822 4507 et
1853 4454 1985 4508 date

328 4541 576 4614 gloriam
597 4543 820 4598 nomini
843 4543 1372 4612 ejus.Considerate
1391 4541 1745 4597 ineffabilem
1773 4542 1983 4597 huma-

2098 4190 2153 4243 et
2183 4186 2578 4258 obstupescite
2602 4213 2615 4254 ς
2648 4186 3044 4260 iutelligentes
3067 4186 3458 4260 intelligite,ot
3475 4186 3756 4242 inclinate

2097 4276 2274 4331 corda
2302 4281 2498 4332 vestra
2525 4277 2594 4331 ad
2629 4277 2926 4349 magnalia
2955 4277 3077 4332 Dei.
3109 4277 3209 4332 Est
3255 4276 3459 4332 civitas
3500 4292 3628 4346 quae
3661 4291 3755 4329 vo-

2097 4369 2262 4420 catur
2295 4365 2551 4438 Byritho,
2585 4382 2651 4421 ac
2673 4367 2880 4437 jacens
2912 4365 3062 4421 inter
3092 4365 3374 4421 terminos
3421 4364 3556 4437 Tyri
3587 4369 3645 4418 et
3673 4363 3758 4418 Si-

2096 4454 2289 4520 donis,
2325 4455 2588 4526 prazbens
2620 4455 2907 4510 tributum
2941 4454 3278 4510 Antiochiae.
3314 4455 3377 4509 In
3419 4454 3526 4509 hac
3559 4457 3754 4508 autem

2096 4544 2326 4600 civitate
2376 4545 2697 4600 multitudo
2741 4551 2867 4600 erat
2927 4545 3291 4616 Judaeorum,
3343 4549 3401 4600 et
3457 4560 3757 4616 synagoga

330 4631 574 4687 nitatem
620 4649 685 4687 ac
717 4631 1187 4702 magnitudinem
1233 4631 1439 4686 divinae
1485 4631 1897 4697 ordinationis,
1930 4637 1984 4686 et
2014 4620 2060 4684 D
2092 4649 2257 4688 erum
2293 4651 2503 4706 magna
2537 4634 2722 4690 valde.
2773 4633 3010 4706 Accepit
3049 4639 3244 4690 autem
3296 4634 3536 4705 quidam
3588 4633 3753 4689 Chri-

329 4719 810 4776 lamentationem
843 4738 976 4775 cum
1007 4719 1207 4776 laetitia
1240 4721 1476 4776 sumite.
1505 4721 1565 4775 In
1599 4725 1711 4776 Deo
1743 4720 1981 4791 quidem

329 4811 476 4866 nihil
528 4817 868 4868 extraneum
900 4816 1009 4880 est,
1043 4811 1181 4882 quia
1213 4817 1364 4867 Deus
1405 4818 1605 4867 noster
1635 4817 1840 4883 potens
1871 4816 1980 4867 est.

328 4900 613 4964 Quoniam
645 4907 842 4957 autem
877 4902 932 4955 in
965 4901 1172 4956 diebus
1203 4900 1420 4956 nostris
1451 4900 1604 4956 circa
1637 4917 1746 4956 nos
1786 4909 1982 4956 nolam

325 4989 460 5045 fecit
491 4995 643 5046 Deus
672 4991 943 5046 virtutem
977 5007 1167 5055 suam,
1229 4990 1592 5061 obstupescit
1645 5007 1818 5046 omne
1858 5007 1983 5045 cor-

324 5080 690 5136 audientium
719 5097 819 5151 pro
838 5079 1183 5135 enormitate
1213 5079 1469 5145 sceleris,
1496 5083 1553 5134 et
1576 5079 1983 5150 magnitudine

325 5169 687 5225 mirabilium
719 5170 842 5225 Dei.
866 5169 1224 5225 Conturbata
1255 5173 1341 5222 est
1371 5166 1582 5222 iterum
1617 5167 1980 5239 abyssus,sol

322 5263 380 5313 et
410 5258 553 5314 luna
583 5258 946 5314 obtenebrati
982 5262 1122 5312 sunt
1155 5273 1187 5311 a
1219 5256 1360 5311 facie
1391 5256 1761 5327 iniquitatis;
1793 5258 1893 5312 sed
1925 5261 1982 5312 et

324 5364 526 5404 omnes
557 5348 802 5404 virtutes
835 5348 1113 5402 cmlorum
1149 5351 1205 5400 et
1237 5349 1477 5400 ornatus
1511 5361 1710 5400 corum
1744 5345 1978 5401 laudem

321 5442 379 5492 et
409 5437 658 5509 gloriam
717 5438 1005 5493 dederunt
1065 5440 1198 5496 Deo.
1260 5435 1359 5506 qui
1391 5435 1889 5506 magniﬁcentiam
1923 5441 1981 5491 et

320 5524 598 5582 virtutem
630 5532 905 5598 operatus
937 5532 1027 5581 est
1075 5525 1132 5578 in
1184 5523 1327 5579 Filio
1371 5541 1498 5579 suo.
1534 5525 1744 5579 Audite
1775 5525 1976 5596 igitur,

322 5613 556 5684 fratres,
578 5616 819 5672 verbum
849 5615 1004 5687 quod
1030 5615 1252 5669 factum
1283 5617 1373 5669 est
1403 5612 1462 5668 in
1496 5612 1703 5669 diebus
1733 5614 1974 5686 nostris,

394 5766 508 5842 (48)
539 5768 622 5828 Ex
651 5768 847 5827 codice
879 5784 988 5824 ms.
1022 5771 1078 5823 S.
1113 5764 1387 5825 Germani
1419 5783 1452 5823 a
1477 5765 1692 5840 Pratis,
1723 5783 1782 5824 n.
1818 5731 1940 5824 108.

2094 4722 2323 4778 stianus
2341 4725 2473 4778 dato
2495 4723 2677 4794 pretio
2696 4722 2966 4779 cellulam
2985 4740 3018 4778 a
3039 4723 3293 4794 quodam
3309 4723 3366 4776 in
3389 4723 3751 4794 pensionem,

2094 4812 2151 4866 in
2185 4829 2302 4883 qua
2353 4813 2624 4868 habitans
2676 4813 2802 4868 fixit
2851 4812 3171 4885 imaginem
3218 4812 3534 4868 Salvatoris
3567 4813 3751 4867 nostri

2090 4902 2232 4957 Jesu
2264 4901 2477 4958 Christi
2508 4901 2567 4957 in
2602 4907 2917 4974 conspectu
2949 4901 3081 4958 lecti
3115 4902 3207 4957 sui
3234 4919 3246 4958 :
3280 4907 3336 4956 et
3365 4906 3591 4958 statura
3622 4902 3752 4972 qui-

2094 4992 2224 5046 dem
2255 4992 2494 5063 picturaa
2529 5009 2644 5047 non
2669 4992 3017 5063 magna,sed
3051 4991 3524 5062 mediocris,quae
3552 4995 3749 5044 tamen

2091 5084 2277 5136 totam
2310 5080 2628 5151 imaginem
2657 5081 2976 5137 Salvatoris
2999 5080 3342 5135 contineret.
3369 5078 3747 5150 Aliquantum

2091 5168 2376 5241 temporis
2410 5169 2662 5236 ﬂuxit,ct
2687 5169 3023 5225 substantia
3043 5168 3145 5222 viri
3182 5167 3343 5223 illius
3371 5167 3532 5223 valde
3554 5166 3752 5236 crevit,

2092 5262 2294 5329 utpote
2326 5257 2426 5312 ubi
2459 5258 2761 5313 miseratio
2813 5261 2870 5313 et
2913 5257 3225 5328 dispositio
3265 5256 3362 5312 Dei
3409 5254 3758 5311 mirabiliter

2091 5347 2317 5417 operari
2351 5347 2560 5418 cmpit;
2595 5346 2944 5419 ampliorem
2987 5345 3099 5400 sibi
3136 5345 3509 5400 Christianus
3553 5343 3651 5399 ille
3683 5345 3754 5399 ad

2089 5435 2499 5491 divertendum
2532 5451 2792 5507 quaerere
2842 5435 3016 5508 cmpit
3065 5434 3330 5489 domum.
3364 5435 3598 5490 Tollens
3647 5452 3753 5489 au-

2089 5529 2208 5580 tem
2241 5543 2475 5581 omnem
2527 5524 2955 5596 supellectilem
3008 5541 3201 5592 suam,
3252 5524 3561 5579 transtulit
3587 5543 3618 5578 a
3648 5541 3750 5579 su-

2089 5613 2354 5685 pradicta
2384 5614 2549 5686 cella,
2573 5632 2697 5686 quae
2721 5619 2778 5673 et
2804 5614 2932 5689 ipsa
2959 5612 3128 5672 valde
3157 5613 3433 5686 contigua
3463 5618 3585 5669 erat
3617 5629 3752 5684 syn-
