4148 6382
420 446 532 506 821

1318 439 1420 498 DE
1466 436 1683 499 PASS.
1732 435 2088 496 lMAGlNlS
2134 436 2207 493 D.
2255 436 2327 494 N.
2376 435 2567 497 JESU
2612 436 2946 497 CHRISTI.

3723 432 3842 492 822

421 572 1072 650 agogaeJuuaeorum,ad
1088 570 1268 627 alium
1293 587 1468 644 quem
1492 569 2071 626 sibiinhabitandum
2103 572 2156 638 Α
2188 568 2369 623 nostri
2403 568 2525 633 Dei,
2560 572 2625 623 ut
2656 568 2924 624 fidelibus
2955 567 3072 623 tuis
3090 566 3564 623 rememorareris
3597 564 3842 637 antiqua

423 668 679 738 elegerat
709 664 927 730 locum,
963 662 1148 719 solius
1174 660 1449 733 imaginis
1480 659 1713 715 Domini
1763 661 2078 714 immemor

422 754 636 818 factus,
672 753 827 825 quod
873 757 931 807 et
976 768 1079 823 per
1119 750 1544 823 providentiam
1596 749 1691 804 Dei
1720 748 1801 803 ita
1833 746 2077 818 contigit

426 842 729 899 accidisse.
764 846 989 897 Rursus
1031 857 1160 895 vero
1207 839 1447 895 Judaaus
1494 838 1733 911 quidam
1767 836 1988 908 accepit
2017 837 2077 890 in

425 932 767 1007 pensionem
798 931 1067 987 eamdem
1096 928 1434 1000 cellam,ubi
1460 929 1655 1000 imago
1688 926 1920 982 Domini
1945 925 2077 981 reli-

426 1026 522 1079 cta
550 1022 789 1089 mansit,
822 1029 876 1077 et
905 1021 1282 1075 introducens
1312 1018 1511 1073 omnia
1541 1035 1669 1083 sua,
1690 1016 1907 1071 ibidem
1940 1032 2077 1070 con-

424 1112 645 1168 versari
662 1111 838 1182 ccepit
857 1127 971 1165 non
991 1124 1349 1181 cognoscens
1373 1113 1475 1163 aut
1505 1107 1824 1178 aliquando
1848 1104 2079 1177 perspi-

424 1201 584 1256 ciens
618 1199 936 1272 imaginem
962 1197 1213 1265 Domini,
1249 1215 1315 1252 eo
1350 1197 1507 1269 quod
1538 1214 1606 1253 ex
1637 1196 1881 1251 adverso
1921 1192 2080 1249 velut

430 1299 489 1353 in
522 1297 749 1354 occulto
782 1297 1041 1369 reposita
1071 1296 1346 1352 staret.ln
1378 1312 1492 1351 una
1510 1299 1706 1351 autem
1731 1292 1956 1348 dierum
1988 1291 2078 1346 in-

429 1387 631 1443 vitavit
660 1388 785 1459 ipse
816 1387 1131 1458 quemdam
1164 1384 1341 1439 alium
1364 1385 1635 1439 Judaeum
1660 1384 1729 1438 ad
1765 1380 2077 1453 prandium

442 1494 641 1532 secum
677 1493 688 1532 :
724 1482 780 1531 et
820 1476 969 1531 inter
1013 1475 1422 1547 prandendum
1454 1473 1686 1528 elevans
1709 1471 1908 1527 oculos
1940 1486 2078 1524 suos

439 1566 534 1621 ille
565 1567 663 1637 qui
691 1570 933 1621 vocatus
964 1564 1123 1619 venit
1150 1564 1413 1628 Judazus,
1455 1562 1594 1617 vidit
1623 1561 1938 1633 imaginem
1970 1563 2078 1614 Do-

430 1654 575 1708 mini
608 1654 791 1709 nostri
814 1655 948 1709 Jesu
982 1653 1296 1707 Cbristi.Et
1328 1653 1407 1706 ait
1441 1669 1453 1705 :
1488 1652 1715 1707 Dumtu
1757 1667 1818 1704 es
1840 1649 2079 1704 Judaeus

428 1744 722 1814 quomodo
756 1742 907 1797 hanc
933 1742 1253 1813 imaginem
1301 1741 1528 1796 babes?
1561 1742 1625 1795 Et
1657 1738 1904 1809 injurias
1949 1738 2081 1809 qui-

428 1833 559 1886 dem
592 1832 807 1887 multas
840 1836 897 1886 et
929 1831 1215 1886 nefandas
1243 1829 1600 1884 dixitcontra
1632 1828 1987 1885 Salvatorem
2008 1827 2079 1881 ab

427 1920 570 1976 hora
600 1937 717 1992 qua
745 1924 1014 1975 sanctam
1048 1919 1368 1990 imaginem
1402 1917 1648 1989 aspexit,
1683 1916 1837 2018 quod
1870 1919 1928 2015 et
1956 1915 2079 1986 jam
2110 1953 2156 2018 B

427 2010 591 2065 nefas
622 2010 759 2064 duxi
792 2010 1071 2075 scribere,
1102 2013 1159 2064 et
1203 2007 1349 2063 satis
1397 2007 1446 2062 ei
1496 2007 1633 2062 fecit
1681 2006 1777 2061 ille
1809 2004 1911 2077 qui
1941 2020 2077 2059 eum

426 2098 709 2168 invitavit,
744 2099 897 2169 quod
933 2115 1001 2153 ex
1033 2115 1098 2153 eo
1129 2102 1390 2168 tempore
1424 2114 1534 2168 quo
1562 2096 1623 2150 in
1670 2096 1873 2151 eadem
1906 2094 2079 2149 domo

426 2187 761 2243 conversari
790 2188 986 2258 ccepit,
1038 2186 1354 2258 imaginem
1412 2186 1641 2240 Domini
1688 2184 1906 2240 ibidem
1962 2200 2078 2237 non

425 2277 779 2349 cognoverit.
852 2277 1110 2348 Surgens
1183 2280 1379 2331 autem
1448 2292 1583 2329 cum
1650 2272 2077 2346 indignatione,

426 2366 572 2422 abiit
603 2366 670 2421 ad
707 2365 1000 2437 principes
1024 2363 1860 2435 sacerdotum.Comperientes
1883 2369 2079 2417 autem

428 2472 552 2527 qua:
587 2455 739 2509 facta
770 2459 931 2519 sunt,
961 2454 1234 2508 dixerunt
1263 2454 1314 2509 ei
1349 2470 1362 2509 :
1398 2458 1569 2509 Potes
1618 2453 1726 2508 hoc
1778 2451 1946 2508 nobis
1977 2453 2080 2507 de-

430 2548 758 2599 monstrare
780 2543 806 2597 ?
840 2549 913 2597 At
943 2542 1039 2597 ille
1071 2542 1418 2598 certioratus
1451 2546 1541 2597 est
1572 2540 2080 2613 dicens,quoniam

429 2657 533 2713 ego
561 2640 724 2697 vobis
756 2640 865 2696 hoc
896 2640 1178 2696 exhibebo
1212 2640 1270 2695 in
1302 2640 1476 2695 domo
1499 2640 1857 2711 ejus.Itaque
1888 2648 2080 2695 trans-

428 2735 557 2785 acta
588 2729 734 2785 hora
762 2729 1117 2801 vespertina,
1144 2727 1245 2783 illo
1279 2730 1371 2784 die
1414 2728 1725 2783 siluerunt.
1775 2728 1944 2783 Mane
1974 2746 2078 2784 au-

344 2868 347 2871 .
425 2822 545 2873 tem
578 2819 729 2874 facto
762 2818 983 2875 summi
1015 2817 1311 2890 principes
1335 2818 1706 2874 sacerdotum
1740 2822 1797 2872 et
1820 2817 2080 2872 seniores

432 2908 840 2980 populi,turba
872 2924 1107 2980 quoque
1137 2907 1325 2963 multa
1354 2906 1546 2979 gentis
1576 2924 1779 2962 eorum
1810 2906 2082 2961 abierunt

429 2997 489 3052 in
522 2998 765 3052 domum
798 2997 898 3053 ubi
929 2998 1125 3053 stabat
1178 2997 1372 3068 imago
1418 2995 1652 3051 Domini
1708 2994 1891 3051 nostri
1934 2995 2079 3051 Jesu

422 3085 733 3141 Christi.Et
762 3087 1162 3159 pervenientes
1194 3086 1438 3141 domum
1462 3086 1685 3157 impetu
1720 3087 1868 3141 facto
1901 3084 2080 3140 irrue-

424 3180 564 3230 runt
596 3175 890 3246 principes
920 3180 977 3230 et
1000 3174 1261 3230 seniores
1293 3174 1513 3246 populi,
1550 3175 1760 3247 praevio
1794 3175 1943 3229 duce
1970 3174 2075 3229 Ju-

425 3265 547 3319 daeo
579 3263 677 3319 illo
710 3264 813 3335 qui
846 3264 964 3319 illis
996 3264 1533 3332 annuntiaverat,et
1563 3254 1911 3320 invenerunt
1934 3263 2076 3318 ima-

2188 662 2300 712 tuae
2331 657 2565 729 pietatis
2599 658 2805 729 opera!
2842 658 2971 712 Ilaec
3004 657 3295 713 mirabilia
3326 662 3423 713 tua
3454 659 3592 712 coelo
3639 660 3698 711 et
3727 662 3839 711 ter-

2191 747 2269 802 ris
2302 748 2611 819 stupenda.
2649 746 2862 802 Oculos
2896 747 3108 802 mentis
3139 753 3365 814 vestrae,
3417 752 3474 802 et
3521 746 3841 801 exhilarate

2189 837 2385 907 corda,
2437 838 2576 909 quia
2629 837 2799 891 hodie
2846 837 2997 891 facta
3044 841 3133 891 est
3184 837 3353 891 nobis
3405 835 3752 907 redemptio,
3784 838 3840 890 et

2179 927 2391 998 jugum
2426 926 2781 998 captivitatis
2812 932 3015 981 vestrae
3048 929 3385 981 contritum.
3434 926 3642 981 Audite
3677 940 3835 996 ergo,

2189 1028 2244 1079 et
2275 1024 2595 1096 gloriﬁcate
2626 1025 2810 1080 Deum
2846 1041 2948 1095 pro
2983 1024 3283 1079 beneticiis
3309 1041 3436 1095 qua:
3459 1024 3650 1079 adhuc
3674 1022 3838 1077 vobis

2189 1112 2871 1186 ministravit.Principcs
2903 1115 3272 1169 sacerdotum
3297 1117 3609 1185 postquam
3639 1112 3842 1167 lancea

2188 1202 2344 1259 latus
2376 1203 2607 1259 Domini
2640 1203 3333 1273 confoderunt,dixerunt
3366 1219 3378 1257 :
3413 1203 3551 1274 quia
3581 1218 3684 1274 per
3706 1200 3837 1255 uni-

2187 1309 2417 1347 versam
2442 1298 2657 1349 terram
2686 1291 2984 1364 divulgata
3006 1293 3327 1363 suntsigna
3358 1297 3415 1347 et
3437 1291 3684 1346 virtutes
3708 1289 3838 1361 plu-

2190 1382 2371 1448 rimae,
2406 1398 2533 1451 quae
2569 1382 2703 1436 fecit
2726 1381 2899 1436 Jesus
2931 1381 3305 1449 Nazaremus,
3323 1380 3677 1452 recipiamus
3703 1396 3838 1434 san-

2190 1471 2429 1541 guinem
2464 1472 2533 1525 de
2564 1470 2742 1526 latere
2772 1472 2921 1542 ejus,
2956 1475 3011 1525 et
3047 1488 3251 1526 omnes
3284 1471 3549 1525 inﬁrmos
3605 1474 3664 1524 et
3686 1467 3840 1524 male

2191 1560 2471 1615 habentes
2502 1577 2604 1631 per
2643 1560 2973 1615 universam
3023 1576 3383 1632 synagogam
3432 1560 3568 1615 inde
3598 1574 3839 1630 sparga-

2190 1665 2342 1716 mus,
2378 1653 2441 1703 ut
2490 1650 2860 1720 experiamur
2907 1648 3181 1705 virtutem
3234 1649 3474 1717 Christi,
3522 1652 3579 1703 et
3622 1646 3673 1704 si
3703 1663 3840 1702 vera

2191 1743 2329 1793 sunt
2359 1756 2483 1809 qua:
2517 1739 2586 1793 de
2618 1737 2718 1793 illo
2750 1739 2907 1793 dicta
2937 1744 3097 1793 sunt.
3137 1740 3205 1792 Et
3256 1742 3653 1810 supponentes
3707 1753 3837 1791 am-

2190 1827 2411 1898 pullam
2438 1828 2683 1883 vitream
2714 1828 2785 1883 ad
2817 1827 3012 1883 locum
3042 1827 3321 1898 vulneris,
3374 1831 3719 1900 receperunt
3748 1826 3840 1880 in-

2190 1932 2319 1972 eam
2352 1934 2565 1989 aquam
2596 1921 2653 1972 et
2682 1918 3031 1990 sanguinem
3063 1918 3134 1972 de
3160 1917 3339 1973 latere
3372 1916 3603 1972 Domini
3630 1916 3837 1971 decur-

2190 2011 2437 2063 rentem.
2470 2007 2677 2061 Adhuc
2708 2007 2854 2078 ipsis
2888 2024 3002 2062 non
3034 2007 3434 2074 credentibus,
3456 2007 3557 2062 sed
3589 2006 3838 2075 injurias

2190 2101 2247 2152 et
2276 2095 2676 2168 blasphemias
2708 2095 3124 2162 inferentibus,
3158 2096 3467 2167 portabant
3510 2094 3835 2167 ampullam

2192 2186 2425 2258 plenam
2458 2190 2647 2244 salute
2677 2190 2731 2240 et
2762 2185 2979 2241 virtute
3010 2187 3080 2241 ad
3129 2185 3320 2240 locum
3380 2187 3439 2241 in
3486 2202 3600 2257 quo
3634 2184 3835 2239 multi-

2190 2276 2332 2331 tudo
2364 2274 2771 2347 languentium
2803 2276 3132 2330 coadunata
3162 2275 3563 2330 fuit.Primum
3596 2275 3838 2346 quidem

2192 2364 2457 2421 omnium
2492 2364 2875 2437 paralyticum
2907 2365 3222 2437 quemdam
3255 2381 3287 2419 a
3310 2364 3842 2419 nativitateadeunt

2190 2453 2418 2525 liquore
2452 2459 2652 2508 sancto
2689 2458 3022 2525 perungunt
3052 2458 3110 2509 et
3141 2452 3531 2509 incolumitati
3564 2452 3837 2521 reddunt;

2192 2543 2326 2597 caeci
2350 2559 2525 2615 quam
2537 2542 2777 2615 plurimi
2793 2560 2826 2597 a
2849 2547 3009 2598 tactu
3025 2547 3237 2598 sanctae
3256 2542 3679 2614 perunctiomis
3696 2559 3840 2614 gau-

2192 2632 2354 2687 dium
2388 2638 2727 2704 receperunt
2760 2632 3025 2687 luminis.
3084 2631 3435 2687 Dmmoniaci
3481 2631 3553 2686 ad
3602 2631 3840 2687 odorem

2190 2722 2395 2778 divine
2454 2722 2686 2778 virtutis
2738 2726 3025 2794 quotquot
3086 2723 3499 2791 offerebantur,
3556 2723 3840 2778 curaban-

2190 2816 2309 2867 tur.

2261 2918 2370 2975 Ubi
2402 2923 2598 2975 autem
2631 2918 2856 2974 celebre
2908 2918 3017 2974 hoc
3068 2918 3286 2974 factum
3330 2923 3418 2974 est
3464 2918 3705 2974 verbum
3738 2935 3840 2990 per

2190 3009 2523 3064 universam
2584 3008 2904 3075 civitatem,
2975 3007 3076 3063 alii
3134 3011 3310 3080 atque
3395 3008 3491 3063 alii
3561 3025 3624 3064 se
3682 3010 3833 3065 299

2187 3114 2321 3153 cum
2381 3097 2614 3169 aegrotis
2697 3096 2822 3153 suis
2891 3097 3226 3164 inferentes,
3290 3098 3361 3152 de
3447 3098 3624 3168 agris,
3693 3098 3839 3154 vicis

2187 3192 2245 3243 et
2276 3188 2550 3243 domibus
2570 3204 2702 3242 cum
2720 3185 3099 3242 multitudine
3127 3186 3360 3241 inﬁnita
3389 3188 3761 3259 proﬂuebant
3783 3191 3840 3243 et

2188 3276 2332 3332 salvi
2390 3277 2628 3332 ﬁebant.
2660 3275 2899 3349 Repleta
2928 3280 3017 3331 est
3047 3279 3242 3330 antem
3285 3292 3582 3348 synagoga
3633 3292 3838 3332 eorum

725 3328 746 3335 _
1456 3328 1463 3332 .
2390 3328 2628 3332 __~--__-_
2662 3328 2896 3349 mra--.
3286 3328 3580 3348 Ἱηησκοη
3640 3328 3838 3332 --ηπ

425 3353 622 3424 ginem
652 3353 883 3408 Domini
918 3354 1105 3409 DOStI‘i
1137 3357 1392 3408 Stantem
1432 3352 1585 3408 δίοοῖ
1632 3353 1852 3409 diei-um
1885 3357 1973 3407 est
2002 3352 2073 3407 ad
2107 3328 2149 3395 ϐ
2188 3364 2544 3439 paralyticis,
2567 3365 2815 3430 claudis,
2865 3363 3263 3430 daemoniacis,
3308 3363 3574 3435 leprosis.
3635 3364 3840 3437 aridis,

426 3441 580 3499 illos.
614 3442 748 3498 Irati
780 3441 947 3498 valde
977 3443 1133 3498 circa
1161 3443 1469 3498 Hebreum
1504 3442 1673 3497 illum
1723 3442 1825 3513 qui
1857 3442 2074 3497 ibidem

424 3530 923 3603 inhospitabatur,
956 3536 1117 3587 extra
1145 3548 1505 3605 synagogam
1537 3548 1672 3587 eum
1704 3529 2072 3602 expulerunt.

426 3625 789 3693 Deponentes
838 3637 970 3677 vero
1018 3626 1285 3677 sanctam
1335 3621 1673 3693 imaginem,
1729 3620 2005 3677 dixerunt
2057 3638 2070 3676 :

419 3719 704 3785 Quoniam
737 3720 894 3776 sicut
920 3720 1255 3776 audivimus
1287 3721 1444 3792 quod
1477 3729 1671 3792 patres
1719 3720 1907 3776 nostri
1937 3719 2074 3775 huic

418 3809 559 3864 olim
582 3809 919 3880 illuserunt,
950 3814 1008 3866 et
1039 3826 1146 3866 nos
1176 3810 1521 3866 illudamus.
1558 3811 1723 3866 Tunc
1773 3814 2073 3883 cmperunt

418 3913 699 3969 exspuere
730 3900 790 3953 in
822 3898 1030 3954 faciem
1063 3901 1213 3971 ejus,
1247 3904 1303 3955 et
1324 3900 1727 3971 percutiebant
1753 3899 2074 3955 eam.Dixe-

418 3991 672 4058 runtque
708 4006 720 4055 ;
755 3987 986 4051 Quanta
1014 3989 1277 4044 fecerunt
1306 3989 1356 4044 ei
1390 3994 1586 4061 patres
1619 3989 1823 4057 nostri,
1876 3995 1932 4044 et
1962 4005 2068 4044 nos

417 4074 616 4129 omnia
647 4076 931 4131 faciamus
965 4092 978 4131 :
1012 4081 1068 4131 et
1098 4077 1581 4133 conviciabantur
1629 4077 1677 4134 ei
1723 4078 1925 4133 multis
1956 4078 2067 4133 cri-

417 4164 667 4219 minosis
715 4166 1112 4234 sermonibus,
1161 4183 1287 4237 qua:
1335 4166 1510 4222 etiam
1557 4184 1661 4238 pro
1723 4167 2071 4222 enormitate

415 4253 654 4310 sceleris
701 4254 957 4310 scribere
1007 4255 1171 4311 nefas
1217 4255 1344 4311 fuit.
1398 4257 1543 4311 Item
1593 4256 1885 4326 dixerunt,
1931 4257 2069 4326 quia

414 4342 780 4399 conﬁxerunt
812 4361 1023 4400 manus
1057 4345 1185 4416 ejus
1217 4349 1273 4400 et
1303 4346 1504 4417 pedes,
1537 4345 1646 4401 hoc
1669 4350 1729 4401 et
1764 4362 1869 4401 nos
1894 4345 2067 4400 facia-

413 4448 566 4488 mus.
602 4433 971 4505 Coniigentes
1017 4438 1214 4490 autem
1265 4452 1475 4490 manus
1505 4436 1563 4490 et
1592 4436 1787 4507 pedes,
1839 4435 2069 4505 adjece-

415 4527 553 4578 runt
606 4523 868 4579 dicentes
918 4541 931 4579 ε
982 4524 1330 4579 Audivimus
1381 4524 1520 4595 quia
1584 4530 1817 4580 acetum
1882 4528 1938 4580 et
1989 4524 2066 4579 fel

413 4610 703 4667 dederunt
732 4613 784 4667 ei
809 4617 1077 4683 porrecta
1108 4612 1377 4685 spongia;
1411 4612 1520 4669 hoc
1549 4613 1705 4669 idem
1738 4618 1796 4669 et
1826 4630 1931 4669 nos
1954 4612 2064 4668 im-

2185 3454 2350 3510 caecis
2409 3453 2636 3521 multis,
2684 3454 2883 3509 surdis
2941 3458 2998 3508 et
3045 3453 3206 3510 omni
3251 3470 3463 3525 genere
3500 3455 3840 3511 morborum

2185 3544 2737 3616 aegrotantibus,eta
2767 3559 3140 3615 quocumque
3162 3558 3375 3615 genere
3402 3543 3835 3612 detinebantur,

2184 3634 2567 3689 sanabantur.
2600 3633 2878 3689 Videntes
2910 3638 3103 3688 autem
3139 3631 3431 3704 principes
3463 3635 3836 3712 sacerdotum

2184 3727 2240 3778 et
2269 3722 2461 3778 omnis
2478 3722 2869 3794 icongregatio
2900 3722 3298 3793 eorum,signa
3329 3726 3385 3776 et
3416 3722 3683 3794 prodigia
3705 3740 3835 3780 ma-

2181 3829 2299 3884 gna
2332 3829 2459 3884 quas
2491 3812 2870 3879 ﬁebant,cum
2901 3810 3248 3865 mulieribus
3281 3813 3335 3865 et
3369 3810 3693 3867 infantibus
3718 3829 3837 3869 cre-

2182 3901 2387 3957 dentes
2420 3900 2755 3956 clamabant
2784 3900 2898 3955 Deo
2940 3900 3094 3956 Patri
3128 3904 3185 3955 et
3215 3900 3353 3956 Jesu
3405 3901 3634 3958 Christo
3683 3901 3829 3958 Filio

2181 4007 2311 4058 suo,
2346 3995 2520 4062 atque
2552 3989 2795 4061 Spiritui
2829 3996 3030 4045 sancto
3065 4006 3077 4045 :
3114 3989 3275 4045 Unus
3297 3991 3450 4046 Deus
3479 3992 3830 4058 Pater,unus

2180 4079 2445 4135 Christus
2493 4079 2590 4134 Dei
2640 4079 2842 4143 Filius,
2898 4096 3053 4134 unus
3100 4095 3169 4133 ex
3218 4084 3466 4151 utroque
3510 4082 3832 4153 procedens

2180 4168 2435 4241 Spiritus
2468 4172 2729 4235 sanctus,
2764 4169 2861 4239 qui
2898 4168 2953 4222 in
2988 4168 3275 4223 Trinitate
3324 4170 3580 4241 perfecta
3608 4171 3748 4227 vivit
3777 4176 3834 4228 et

2181 4263 2387 4328 regnat
2418 4265 2563 4313 Deus
2596 4257 2654 4311 in
2690 4257 2920 4312 srecula.
2950 4259 3154 4313 Amen.
3189 4257 3387 4314 Gloria
3417 4259 3542 4326 tibi,
3579 4261 3827 4329 Christe,

2180 4363 2351 4418 quem
2371 4352 2565 4419 patres
2583 4347 2765 4403 nostri
2784 4348 3118 4419 ignorantes
3136 4348 3372 4418 quidem
3392 4348 3831 4407 cruciﬁxerunt.

2179 4436 2280 4507 qui
2313 4453 2467 4493 nunc
2499 4441 2555 4493 et
2584 4455 2617 4493 a
2648 4437 2817 4493 nobis
2856 4437 2910 4491 in
2956 4442 3160 4492 sancta
3190 4436 3446 4509 imagine
3494 4442 3596 4494 tua
3644 4438 3830 4495 cruci-

2178 4525 2330 4581 ﬁxus
2359 4542 2441 4581 es.
2477 4526 2672 4582 Gloria
2702 4526 2832 4592 tibi,
2866 4525 2971 4580 Fili
3001 4525 3103 4580 Dei
3138 4525 3382 4597 vivi,qui
3416 4543 3518 4598 per
3542 4527 3713 4600 signa
3735 4543 3829 4598 po-

2177 4614 2372 4670 tentiae
2405 4619 2515 4670 tuae
2548 4615 2900 4670 illuminasti
2933 4616 3249 4670 caecitatem
3291 4617 3552 4671 cordium
3588 4622 3825 4673 nostro-

414 4697 701 4769 pleamus.
734 4701 805 4756 Et
835 4702 1069 4755 admota
1113 4702 1401 4757 arundine
1434 4718 1570 4759 cum
1618 4703 1865 4775 spongia
1892 4704 2066 4775 plena
2095 4694 2140 4758 D
2171 4721 2304 4760 rum
2336 4708 2393 4760 et
2423 4706 2495 4759 ad
2528 4709 2690 4760 tuam
2726 4703 3190 4760 misericordiam
3224 4704 3612 4763 traxisti.Tibi
3635 4709 3826 4764 credi-

414 4792 575 4844 aceto
604 4805 736 4843 cum
770 4789 919 4860 felle,
956 4795 1359 4861 apposuerunt
1388 4792 1472 4846 ori
1502 4793 1651 4862 ejus,
1684 4792 2065 4847 addiderunt-

413 4892 526 4948 que
553 4876 925 4948 iniquitatem
948 4894 1125 4950 super
1152 4877 1524 4949 iniquitatem
1548 4880 1826 4937 dicentes:
1857 4881 2065 4937 Didici-

414 4982 547 5022 mus
577 4968 731 5039 quod
764 4967 1055 5022 arundine
1087 4973 1507 5038 percusserunt
1527 4973 1703 5039 caput
1725 4971 1853 5039 ejus
1873 4974 2067 5041 patres

410 5056 617 5125 nostri,
653 5055 928 5112 similiter
952 5060 1011 5112 et
1039 5073 1146 5112 nos
1180 5056 1470 5113 faciamus
1492 5054 1516 5114 ':
1553 5063 1608 5114 et
1646 5062 2068 5130 percusserunt

414 5146 701 5202 arundine
726 5150 904 5219 caput
933 5147 1082 5216 ejus.
1121 5146 1327 5202 Finitis
1359 5164 1494 5203 vero
1527 5148 1722 5204 omnis
1752 5148 1865 5218 bis,
1900 5147 2066 5204 dixe-

415 5240 552 5290 runt
583 5253 595 5290 :
629 5236 792 5293 Sicut
834 5236 1041 5293 lancea
1085 5236 1242 5293 latus
1286 5241 1668 5310 aperuerunt,
1732 5236 1813 5293 ita
1844 5243 1923 5305 et,
1958 5255 2066 5294 nos

415 5324 840 5381 conlodiamus.
875 5330 941 5381 Et
964 5326 1255 5397 perforato
1292 5325 1493 5383 lancea
1531 5327 1713 5384 latere
1763 5327 1915 5398 ejus,
1947 5326 2065 5382 exi-

412 5411 495 5467 vit
525 5415 767 5485 sanguis
796 5419 854 5469 et
886 5430 1059 5485 aqua.
1088 5414 1284 5470 Gloria
1310 5415 1700 5484 tibi,Christe,
1723 5415 1915 5488 gloria
1940 5416 2064 5487 tibi,

413 5510 518 5566 Fili
554 5511 649 5567 Dei
681 5511 816 5582 vivi,
850 5511 951 5584 qui
980 5513 1051 5568 de
1083 5513 1357 5585 supernis
1408 5515 1651 5571 sedibus
1707 5515 2066 5571 descendisti

412 5617 516 5673 pro
547 5601 737 5659 salute
766 5606 971 5658 nostra
997 5605 1163 5657 tuam
1186 5601 1461 5659 exhibere
1490 5606 1947 5675 praesentiam,et
1967 5622 2065 5675 pro

412 5689 761 5748 liberatione
790 5693 993 5748 nostra
1012 5706 1149 5747 cum
1181 5690 1537 5749 immortalis
1584 5709 1767 5763 esses,
1801 5694 1978 5750 morti
2011 5699 2067 5750 te

412 5779 730 5840 tradidisti.
781 5779 826 5839 Ο
888 5778 1320 5842 inaestimabilis
1366 5780 1705 5854 benignitas
1752 5781 2068 5841 Salvatoris

2178 4810 2331 4863 mus,
2367 4794 2653 4866 propitius
2683 4799 2806 4849 esto
2840 4792 3028 4865 nobis,
3062 4798 3121 4849 et
3164 4794 3399 4867 suscipe
3448 4796 3739 4871 lacrymas
3770 4802 3826 4854 et

2176 4882 2583 4953 paenitentiam
2618 4888 2877 4939 nostram
2914 4900 2927 4938 :
2964 4898 3035 4937 ne
3066 4884 3211 4938 forte
3270 4902 3372 4955 pro
3419 4887 3825 4958 magnitudine

2177 4970 2487 5037 scelerum,
2519 4971 2785 5028 infernus
2821 4972 3089 5043 aperiens
3120 4990 3185 5028 os
3216 4990 3389 5028 suum
3411 4974 3697 5046 deglutiat
3715 4994 3822 5033 nos

2178 5060 2277 5132 qui
2308 5077 2443 5116 cum
2477 5062 2743 5133 patribus
2774 5063 2992 5118 nostris
3023 5060 3317 5117 mirabilia
3351 5080 3564 5135 magna
3608 5066 3820 5138 fecisti,

2176 5164 2234 5215 et
2264 5160 2547 5217 beneficia
2576 5160 3035 5216 innumerabilia
3067 5160 3363 5231 praestisti.
3410 5166 3579 5218 Parce
3609 5164 3827 5237 iniqui-

2176 5248 2397 5304 tatibus
2430 5250 2732 5317 nostris,et
2754 5250 2988 5305 medere
3011 5248 3322 5305 animabus
3353 5253 3569 5307 nostris
3600 5271 3613 5322 ;
3637 5259 3694 5309 et
3715 5255 3830 5311 cla-

2178 5355 2306 5393 mor
2337 5356 2590 5411 magnus
2623 5340 2800 5395 ﬁebat
2831 5338 3216 5394 clamantium
3250 5347 3303 5395 el
3331 5345 3509 5396 Deum
3553 5342 3826 5401 invocan-

2177 5428 2599 5485 tium.Sanatis
2629 5446 2762 5485 vero
2793 5427 3070 5484 omnibus
3116 5428 3215 5499 qui
3275 5430 3496 5486 advecti
3552 5439 3832 5490 venerant

2177 5517 2451 5587 infirmis,
2483 5519 2781 5591 principes
2814 5518 3183 5573 sacerdotum
3212 5520 3479 5577 etomnis
3510 5521 3826 5581 multitudo

2176 5622 2380 5661 eorum
2413 5608 2483 5662 ad
2517 5609 2863 5679 episcopum
2898 5605 3153 5661 civitatis
3206 5610 3491 5679 cucurrit,
3542 5628 3661 5669 una
3689 5630 3827 5669 voce

2177 5694 2499 5752 clamantes
2534 5715 2546 5753 :
2586 5697 2745 5753 Unus
2767 5696 2921 5751 Deus
2952 5694 3141 5764 Pater,
3169 5712 3324 5753 unus
3353 5701 3527 5757 Jesus
3556 5701 3824 5758 Christus

2176 5782 2360 5842 Filius
2390 5785 2518 5857 ejus
2549 5785 2728 5857 Deus,
2763 5799 2937 5856 quem
2970 5786 3165 5855 patres
3196 5787 3384 5845 nostri
3413 5790 3821 5862 cuciﬁxerunt,
