4148 6386
286 463 407 524 823

1455 471 1523 529 5.
1566 466 2090 530 ATHANASIUS.
2122 500 2199 514 —-
2234 469 2546 532 SPURlA.

3593 476 3715 537 824

289 613 446 653 unus
476 599 534 654 et
562 596 813 670 Spiritus
843 603 1085 655 sanctus
1115 599 1291 657 Deus.
1325 604 1391 656 Et
1429 600 1777 657 conﬁtentes
1807 617 1934 674 pec-
1967 601 2019 668 Α
2052 616 2159 656 maz
2193 601 2513 659 multorum
2546 603 2618 659 de
2647 606 2835 660 morte
2867 604 2939 660 ad
2983 604 3169 661 vitam
3201 604 3500 661 translatae
3551 612 3716 666 sunt.

291 690 421 743 cata
443 686 767 759 sua,ipsam
793 692 1059 744 sanctam
1086 690 1401 762 imaginem
1429 692 1812 747 ostenderunt
1832 690 1950 762 epi-

290 792 488 849 scopo,
521 780 826 833 narrantes
856 778 1027 833 etiam
1054 778 1309 849 qualiter
1339 779 1583 852 sanguis
1613 784 1671 835 et
1701 796 1854 851 aqua
1876 778 1946 834 de

289 864 472 921 latere
530 866 718 938 ipsius
762 869 1042 937 cucurrit,
1095 873 1152 922 et
1201 875 1423 940 quanta
1474 868 1768 925 mirabilia
1797 868 1949 925 facta

290 956 785 1028 sunt.Episcopus
816 961 1011 1012 autem
1046 957 1457 1014 universaliter
1485 958 1704 1014 indicto
1722 958 1947 1029 jejunio

293 1060 499 1100 omnes
529 1046 889 1117 regeneravit
908 1063 1073 1102 sacro
1103 1047 1482 1119 baptismate.
1502 1065 1649 1120 quos
1678 1048 1803 1120 ipse
1823 1064 1946 1102 om-

294 1151 400 1190 nes
431 1135 711 1205 suscepit.
745 1136 1114 1208 Synagogam
1147 1138 1387 1208 quidem
1418 1153 1620 1192 eorum
1654 1137 1947 1210 principa-

294 1222 413 1279 lem
445 1222 754 1280 ecclesiam
786 1226 1148 1281 consecravit
1187 1226 1244 1280 in
1296 1226 1578 1281 honorem
1635 1226 1947 1282 Salvatoris

294 1313 481 1368 nostri
510 1312 542 1369 J
549 1330 650 1369 esu
683 1313 897 1369 Christi
924 1331 936 1369 :
970 1320 1208 1370 crateras
1240 1333 1372 1371 vero
1396 1332 1722 1387 synagagas
1744 1332 1947 1371 eorum

297 1401 588 1458 dedicavit
617 1402 894 1459 ecclesias
918 1404 974 1458 in
1001 1403 1281 1460 honorem
1307 1404 1708 1475 apostolorum
1722 1410 1778 1460 et
1800 1422 1949 1460 mar-

2059 690 2188 746 Haec
2238 691 2432 748 sciens
2480 709 2638 765 ergo,
2708 691 3077 750 dilectissimi
3133 695 3366 764 fratres,
3398 695 3720 752 acceleravi

2059 779 2438 837 manifestare
2471 782 2672 850 vobis;
2709 781 2865 837 utin
2904 782 3014 839 hoc
3062 784 3241 840 etiam
3295 792 3718 857 cognoscentes

2060 868 2333 925 virtutem
2355 876 2411 927 et
2435 871 2897 927 misericordiam
2926 873 3153 928 Domini
3186 873 3372 929 nostri
3400 874 3543 930 Jesu
3565 875 3722 931 Chri-

2058 957 2156 1025 sti,
2189 960 2446 1032 amplius
2477 961 2809 1016 conﬁrmati
2840 960 2971 1017 sitis
3002 961 3061 1017 in
3097 963 3234 1031 ﬁde,
3282 968 3338 1019 et
3387 964 3716 1035 gratiarum

2059 1047 2317 1105 actiones
2348 1049 2431 1105 illi
2465 1050 2724 1106 reddatis
2755 1068 2859 1123 pro
2893 1051 3265 1108 mirabilibus
3306 1057 3363 1108 et
3411 1054 3715 1110 beneﬁciis

2061 1153 2184 1207 quae
2230 1138 2518 1195 Dominus
2560 1140 2835 1195 ostendit.
2882 1140 3151 1196 Decrevit
3197 1145 3405 1198 sancta
3461 1142 3721 1199 Romana

2056 1231 2115 1281 et
2137 1227 2546 1284 Antiochensis
2575 1227 2832 1284 Ecclesia
2852 1228 3008 1284 diem
3028 1246 3059 1285 v
3090 1229 3301 1286 Iduum
3334 1230 3712 1289 Novembrim

2057 1313 2383 1371 solemnem
2416 1317 2531 1389 agi,
2558 1317 2618 1372 in
2652 1334 2768 1390 quo
2809 1317 2929 1374 haec
2963 1319 3116 1375 facta
3163 1323 3307 1375 sunt
3356 1321 3427 1375 ad
3478 1319 3712 1377 laudem

2061 1405 2286 1459 Domini
2322 1406 2505 1461 nostri
2536 1405 2673 1462 Jesu
2706 1406 2944 1473 Christi,
2975 1408 3073 1478 qui
3104 1408 3244 1464 vivit
3273 1414 3327 1465 et
3359 1416 3567 1483 regnat
3584 1427 3714 1465 cum

298 1492 494 1562 tyrum
530 1509 542 1546 :
578 1491 916 1564 factumque
950 1494 1234 1566 gaudium
1267 1510 1572 1567 magnum,
1607 1510 1723 1550 non
1756 1493 1948 1550 solum

300 1580 456 1651 quod
486 1584 652 1636 tanta
680 1598 924 1653 corpora
955 1586 1157 1640 curata
1187 1588 1348 1655 sunt,
1382 1584 1484 1639 sed
1532 1583 1689 1656 quod
1737 1587 1795 1640 et
1824 1583 1949 1639 ani-

2058 1493 2174 1549 Deo
2207 1494 2375 1549 Patre
2406 1494 2466 1549 in
2500 1494 2724 1551 unitate
2752 1495 3002 1566 Spiritus
3032 1497 3221 1553 sancti
3255 1502 3429 1565 Deus,
3457 1514 3561 1571 per
3591 1514 3718 1555 om-

2060 1582 2159 1638 nia
2189 1583 2403 1640 sascula
2432 1585 2805 1641 saeculorum.
2838 1586 3046 1644 Amen.

1354 1823 1425 1880 IN
1465 1823 1785 1891 SEQUENS
1826 1823 2258 1882 OPUSCULUM
2298 1824 2665 1882 MONITUM.

374 1942 669 2012 Pcrperam
705 1939 909 1997 titulus
956 1942 1247 1998 Athanasii
1292 1957 1491 1998 nonzen
1535 1943 1788 2014 pra/ert,
1839 1957 1971 1999 cum
2015 1944 2094 1999 sit
2139 1941 2236 1997 hoc
2283 1943 2606 2014 opusculum
2651 1943 2810 2001 alius
2856 1943 3148 2013 cuiusdam
3177 1945 3462 2017 scriptoris
3508 1945 3627 2016 qui,
3657 1946 3721 1999 ut

297 2032 572 2098 augurari
620 2030 766 2099 licet,
809 2030 997 2087 Photii
1043 2048 1155 2087 aevo
1204 2031 1323 2089 haec
1369 2033 1672 2104 scripserit,
1725 2031 1940 2103 quando
1985 2030 2171 2089 oborta
2202 2033 2429 2103 quaestio
2477 2036 2554 2088 est
2604 2032 2672 2089 de
2716 2034 3008 2090 additione
3054 2033 3314 2105 Filioque
3364 2035 3425 2089 in
3466 2033 3724 2106 Symbolo

298 2118 472 2188 facta.
507 2124 620 2175 Pro
654 2121 811 2175 virili
839 2136 967 2192 ergo
990 2126 1206 2193 pugnat
1235 2120 1324 2177 hic
1354 2121 1530 2190 homo,
1566 2122 1841 2194 Spiritum
1870 2125 2155 2186 sanctum,
2201 2137 2302 2178 nec
2330 2138 2403 2177 ea:
2430 2123 2594 2194 Filio,
2612 2138 2711 2178 nec
2751 2138 2856 2195 per
2886 2124 3089 2178 Filium
3135 2122 3448 2196 procedere.
3480 2124 3731 2179 Multum

304 2215 489 2263 tamen
522 2211 734 2281 negotii
761 2213 977 2281 faciunt
1008 2214 1197 2282 aperta
1228 2210 1531 2266 Athanasii
1558 2212 1649 2266 hic
1701 2212 1873 2266 allata
1924 2211 2257 2282 testimonia,
2305 2210 2452 2268 unde
2486 2213 2724 2283 fortasse
2767 2214 2943 2284 fuerit
2993 2212 3134 2284 quod
3180 2212 3481 2268 Athanasii
3527 2228 3732 2267 nomrn

300 2297 588 2369 inscriptio
633 2301 815 2370 ferat:
847 2298 1101 2371 Gregorii
1145 2304 1275 2356 item
1326 2302 1557 2373 Nysseni
1604 2304 1657 2356 et
1708 2301 1908 2373 Cyrilli
1953 2301 2090 2371 loca,
2140 2301 2340 2372 quibus
2403 2302 2620 2373 liquido
2701 2302 3031 2373 afﬁrmatur
3094 2318 3164 2357 ex
3222 2302 3399 2357 Patre
3471 2302 3728 2373 Filioque

304 2388 584 2456 Spiritum
630 2392 877 2444 sanctum
920 2390 1235 2461 procedere.
1276 2392 1350 2446 Iis
1404 2399 1465 2447 ut
1511 2394 1763 2447 occurrat
1798 2391 2038 2462 scriptor
2085 2390 2207 2462 iste,
2276 2392 2579 2447 vanissima
2621 2393 2803 2446 utitur
2848 2390 3212 2446 distinctione
3260 2390 3411 2445 :ait
3458 2391 3632 2453 enim,
3676 2396 3736 2445 ut

309 2474 517 2546 duplex
561 2481 641 2532 est
676 2480 957 2548 generatio
1001 2480 1157 2550 Filii,
1210 2487 1421 2536 θεῖεν-πα
1472 2481 1607 2549 alia,
1649 2480 1871 2552 aliaque
1938 2488 2311 2551 temporanea,
2378 2481 2461 2535 ita
2506 2479 2778 2551 duplicem
2825 2496 2941 2535 esse
3005 2478 3252 2552 Spiritus
3290 2480 3471 2534 sancti
3512 2493 3731 2551 proces-

309 2566 561 2630 sionem;
582 2570 841 2623 xternam
874 2568 1047 2623 aliam
1077 2584 1150 2623 ex
1172 2568 1285 2623 solo
1331 2569 1517 2624 Patre.
1563 2578 1983 2642 temporancam
2029 2568 2343 2635 secundam,
2377 2586 2481 2642 qua
2512 2585 2585 2625 ea:
2631 2570 2818 2640 Patre,
2865 2566 3036 2637 Filio,
3084 2570 3249 2639 atpue
3290 2569 3471 2639 seipse
3491 2568 3734 2623 mittitur

307 2657 360 2709 et
406 2653 592 2710 datur.
662 2656 818 2725 Quod
863 2660 1041 2726 gratis
1100 2672 1235 2712 sane
1300 2659 1674 2729 excogitatum
1730 2662 2099 2714 commentum
2160 2659 2488 2729 essu/ﬂatus
2552 2675 2623 2713 ex
2684 2658 3003 2713 Alhanasiis
3050 2656 3181 2713 locis
3239 2656 3613 2729 compluribus
3669 2658 3728 2711 in

307 2746 668 2815 Prae/“alioue,
745 2746 841 2801 ubi
910 2746 978 2801 de
1036 2746 1283 2818 Spiritus
1346 2749 1526 2803 sancti
1573 2749 1913 2819 processione
1980 2749 2189 2819 agitur,
2257 2746 2482 2815 allatis,
2545 2748 2895 2820 maximeque
2955 2763 3026 2803 ex
3076 2762 3136 2803 eo
3193 2746 3305 2802 loco
3364 2761 3379 2801 :
3433 2745 3616 2801 Filius
3672 2745 3728 2800 in

308 2831 479 2889 Patre
546 2833 679 2890 fons
747 2838 836 2891 est
916 2834 1170 2908 Spiritus
1236 2836 1447 2893 sancti.
1541 2837 1670 2905 Quis
1749 2838 1901 2893 enim
1958 2838 2242 2909 negaverit
2321 2839 2549 2910 fontem,
2614 2838 2861 2910 primam
2922 2835 3243 2908 signiﬁcare
3300 2833 3736 2907 originem‘llbi

306 2922 525 2979 videsis.
738 2926 743 2933 '

332 3151 691 3209 ATHANASII
766 3152 1215 3224 PATRIARCH/E
1287 3151 1773 3224 Atsxauaamz,
1861 3152 1946 3207 sx

2082 3150 2493 3224 aeANAztor
2537 3151 2980 3208 HATPIAPxor
3035 3151 3594 3224 ΔΛΕΞΑΝΔΡΕΙΑΣ,
3642 3150 3729 3206 EK

595 3224 913 3280 SEIUIONE
954 3222 1215 3282 CONTRA
1257 3222 1539 3279 LATINOS
1568 3223 1679 3294 (19.

387 3331 438 3385 1.
469 3332 543 3386 Αι
571 3348 687 3387 non
734 3330 818 3385 ita
864 3330 1172 3401 (sentiunt)
1231 3330 1332 3402 qui
1379 3328 1597 3384 Christi
1645 3334 1830 3397 sunt;
1866 3329 1966 3385 sed

315 3418 471 3475 sicut
515 3419 635 3486 ille,
687 3419 789 3490 qui
839 3421 921 3474 ait
966 3436 978 3472 :
1033 3441 1061 3468 «
1112 3420 1260 3474 Cum
1319 3420 1541 3473 venerit
1610 3418 1968 3483 Paracletus,

313 3524 491 3580 quem
523 3524 628 3579 ego
659 3507 890 3563 mittam
924 3508 1087 3563 vobis
1118 3525 1153 3563 a
1183 3507 1350 3563 Patre
1381 3507 1662 3578 Spiritum
1688 3507 1971 3571 veritatis,

317 3596 418 3668 qui
448 3613 483 3652 a
512 3601 684 3652 Patre
714 3596 1093 3669 procedit”,»
1119 3597 1213 3651 his
1242 3596 1498 3651 declarat
1528 3600 1751 3651 Patrem
1777 3597 1971 3652 solum

316 3703 447 3743 esse
478 3687 734 3758 Spiritus
765 3686 954 3741 sancti
988 3688 1400 3758 productorem
1437 3703 1449 3740 :
1484 3686 1689 3742 eadem
1737 3702 1973 3758 quoque

323 3775 422 3832 isti
453 3774 700 3843 ratione,
733 3775 1018 3848 magistro
1050 3775 1547 3847 obtemperantes,
1580 3791 1649 3831 ex
1680 3774 1805 3831 solo
1836 3791 1971 3832 eum

326 3866 494 3923 Patre
535 3865 704 3921 aiunt
734 3865 1067 3936 procedere.
1101 3865 1261 3929 Quod
1314 3865 1362 3919 si
1396 3864 1530 3936 quis
1555 3864 1786 3936 dixerit,
1833 3882 1974 3920 nus-

320 3972 497 4026 quam
531 3955 645 4010 dici
677 3955 965 4026 Spiritum
1005 3970 1074 4008 ex
1105 3955 1228 4008 solo
1271 3970 1400 4008 esse
1421 3955 1623 4022 Patre;
1658 3955 1708 4009 is
1750 3953 1971 4020 audiat,

322 4060 457 4100 eum
489 4044 590 4116 qui
621 4045 694 4099 de
722 4043 822 4099 illo
856 4042 1079 4113 scribit,
1113 4042 1269 4098 haud
1302 4042 1471 4098 aliter
1500 4059 1680 4114 quam
1729 4059 1797 4098 ex
1828 4043 1973 4098 divi-

322 4134 706 4190 nissimorum
741 4132 976 4187 Patrum
1014 4144 1347 4188 nostrarum
1368 4130 1804 4199 doctrina,illud
1827 4133 1975 4187 terra

323 4221 756 4278 testimonium.
776 4221 848 4278 Ut
876 4223 1032 4277 enim
1058 4221 1143 4277 illi
1171 4220 1451 4293 Spiritum
1484 4226 1752 4277 sanctum
1774 4220 1978 4276 dicunt

325 4329 394 4368 ex
423 4316 592 4368 Patre
622 4312 953 4383 procedere,
986 4319 1223 4383 sumpto
1263 4328 1333 4366 ex
1379 4310 1613 4366 Domini
1659 4310 1846 4383 ipsius
1878 4325 1977 4365 ore

329 4407 695 4475 argumento;
722 4402 802 4456 ita
832 4401 1257 4473 subsequentes
1275 4399 1590 4471 scriptores
1620 4416 1979 4471 consequen-

2416 3222 2552 3279 ΤΟΥ
2592 3227 2769 3279 ΚΑΤΑ
2806 3226 3109 3279 ΛΑΤΙΝΩΝ
3149 3223 3389 3280 ΛΟΓΟΥ.

2152 3329 2201 3383 1.
2238 3325 2395 3383 Ἀλλ’
2440 3326 2547 3404 ούχ
2591 3327 2762 3391 οὕτως
2813 3329 2864 3383 οἱ
2905 3333 3004 3384 τοῦ
3051 3332 3307 3403 Χριστοῦ,
3368 3327 3495 3384 ἀλλ’
3552 3326 3734 3402 ὥσπερ

2080 3414 2280 3478 ἐκεῖνος
2310 3416 2393 3471 τό·
2438 3420 2667 3471 «Ὅταν
2727 3415 2878 3491 ἔλθῃ,
2939 3415 3135 3493 λέγων.
3196 3418 3224 3472 ὁ
3282 3414 3648 3492 Ιῐαράκλητος
3707 3413 3736 3469 ὅ

2081 3505 2186 3581 ἐγὼ
2217 3505 2420 3579 πέμψω
2480 3505 2607 3579 ὑμῖν
2662 3506 2808 3582 παρά
2861 3510 2960 3561 τοῦ
2992 3506 3205 3583 ΙΙατρὸς
3261 3506 3324 3561 τὸ
3374 3510 3593 3581 Ιινεῦγα
3635 3511 3737 3573 τῆς

2081 3592 2365 3667 ἀληθείας,
2398 3592 2429 3648 ὅ
2483 3595 2629 3669 παρὰ
2674 3598 2772 3649 τοῦ
2822 3594 3035 3670 ΙΙατρὸς
3085 3593 3453 3670 ἐκπορεύεταιο
3492 3619 3513 3645 ι
3571 3592 3736 3668 μόνον

2083 3680 2321 3747 ἐντεῦθεν
2360 3679 2640 3758 προόολέα
2685 3685 2778 3739 τὸν
2836 3682 3053 3760 Πατέρα
3092 3688 3189 3739 τοῦ
3229 3682 3549 3755 ΙΙνεύματος
3597 3683 3740 3737 ἀπο-

2084 3767 2371 3827 δείκνυσιν
2422 3770 2565 3827 οὕτω
2610 3773 2702 3827 καὶ
2734 3769 2885 3827 οῦτοι
2931 3776 3011 3845 τῷ
3057 3769 3370 3845 διδασκάλῳ
3419 3770 3742 3844 πειθόμενοι

2083 3858 2144 3916 ἐκ
2188 3864 2286 3915 τοῦ
2336 3860 2549 3936 ῐῐατρὸς
2607 3859 2776 3934 μόνου
2819 3861 2983 3917 τοῦτό
3032 3881 3190 3939 φασιν
3238 3858 3643 3935 ἐκπορεύεσθαι.
3680 3855 3741 3912 Εἰ

2085 3947 2143 4005 δὲ
2170 3971 2254 4011 τις
2287 3948 2421 4024 ἐρεῖ,
2461 3948 2547 4005 ὅτι
2585 3946 2833 4023 οὐδαμοῦ
2858 3950 2923 4005 τὸ
2968 3951 3193 4023 Πνεῦμα
3236 3947 3296 4003 ἐκ
3328 3947 3499 4022 μόνου
3531 3945 3742 4023 λέγεται

2080 4044 2180 4095 τοῦ
2218 4040 2460 4116 Πατρός·
2508 4038 2749 4095 ἀκουέτω
2779 4039 2808 4094 ὁ
2836 4042 3111 4109 τοιοῦτος,
3162 4037 3351 4115 ὅτιπερ
3383 4038 3410 4093 ὁ
3440 4037 3567 4112 περὶ
3613 4033 3745 4090 τού-

2082 4150 2178 4185 του
2221 4128 2441 4207 γράφων
2505 4128 2609 4184 οὐκ
2665 4127 2854 4207 ἄλλως
2905 4126 3330 4205 ἑπιμαρτύρεται
3378 4128 3412 4196 ἣ
3457 4125 3594 4181 κατά
3639 4125 3739 4193 τήν

2082 4224 2191 4274 τῶν
2249 4219 2539 4273 θειοτάτων
2600 4216 2857 4293 ιῐατέρων
2917 4219 3078 4291 ἡμῶν
3129 4213 3505 4272 διδασκαλίαν.
3536 4217 3742 4287 Ὥσπερ

2083 4310 2186 4385 γὰρ
2218 4307 2412 4364 ἐκεῖνοι
2444 4306 2505 4363 τὸ
2538 4311 2759 4381 Πνεῦμα
2786 4306 2849 4362 τὸ
2882 4307 3031 4383 ἅγιον
3088 4303 3148 4361 ἑκ
3194 4309 3292 4360 τοῦ
3344 4302 3558 4376 Πατρός
3590 4322 3744 4380 φασιν

2088 4396 2515 4472 ἐκπορεύεσθαι,
2574 4399 2673 4466 τὴν
2731 4395 2901 4451 αἰτίαν
2961 4394 3053 4450 ἀπ’
3112 4394 3278 4449 αὐτοῦ
3333 4397 3431 4448 τοῦ
3489 4394 3748 4468 κυριακοῦ

328 4498 418 4549 ter
447 4491 838 4549 declararunt.
872 4490 985 4546 Nec
1016 4491 1334 4562 quisquam
1365 4495 1454 4545 est
1510 4489 1745 4545 illorum
1779 4489 1878 4560 qui
1911 4504 1969 4543 ex

2095 4484 2466 4559 λαμϐάνοντες
2524 4486 2812 4560 στόματος·
2874 4482 3017 4540 οὕτω
3075 4482 3162 4540 καὶ
3221 4484 3272 4539 οἳ
3320 4481 3549 4552 καθεξῆς
3580 4479 3751 4554 λογο-

332 4581 478 4639 Filio
509 4581 597 4637 vel
630 4598 732 4653 per
775 4579 986 4635 Filium
1041 4579 1197 4634 dicat
1244 4578 1440 4651 ipsum
1487 4579 1828 4650 procedere;
1865 4578 1980 4634 nisi

335 4672 585 4728 fortasse
615 4670 909 4742 quispiam
946 4670 1001 4724 id
1036 4671 1190 4725 dicat
1220 4670 1289 4724 de
1321 4668 1434 4724 alia
1486 4668 1844 4740 prolusione,
1879 4684 1982 4724 seu

334 4759 805 4817 manifestatione
820 4776 885 4814 ac
900 4759 1178 4815 missione
1200 4758 1485 4814 donorum
1500 4757 1752 4830 Spiritus
1774 4756 1983 4813 sancti.

333 4850 415 4906 Ea
444 4849 662 4921 quippe
691 4849 913 4905 ratione
935 4864 1271 4920 quanquam
1302 4865 1368 4903 ex
1387 4847 1554 4902 Patre
1576 4846 1989 4902 manifestatur

335 4938 589 5011 Spiritus
623 4943 866 4994 sanctus
897 4939 967 4993 ad
1001 4936 1526 5009 dispensationem,
1556 4935 1636 4991 ita
1666 4950 1898 5007 quoque
1920 4953 1988 5007 ex

334 5028 500 5096 Filio,
533 5033 597 5084 ut
628 5028 794 5085 docet
823 5027 1028 5100 regula
1056 5027 1341 5083 veritatis.
1393 5027 1461 5081 Et
1506 5025 1986 5097 quandoquidem

334 5119 597 5192 idipsum
623 5136 828 5175 omnes
850 5135 964 5174 uno
979 5134 1270 5173 consensu
1294 5116 1814 5186 dicunt,nemoque
1835 5132 1988 5170 unus

334 5215 425 5266 est
456 5207 555 5281 qui
585 5208 695 5264 hac
742 5208 802 5263 in
853 5225 913 5262 re
960 5207 1249 5276 dissonet,
1281 5196 1581 5276 propalam
1631 5216 1721 5259 est
1767 5220 1836 5260 ex
1864 5203 1989 5259 solo

337 5298 506 5354 Patre
530 5296 815 5369 Spiritum
841 5313 1008 5351 suam
1044 5294 1257 5349 habere
1282 5293 1762 5349 subsistentiam:
1798 5292 1990 5364 siqui-

336 5387 468 5443 dem
492 5385 835 5458 hujusmodi
862 5384 1157 5439 emanatio
1173 5381 1556 5438 subsistentia
1580 5380 1990 5447 est.Quemad-

339 5477 579 5531 modum
612 5476 766 5531 enim
801 5475 911 5530 hoc
943 5473 1209 5529 omnium
1243 5472 1673 5537 dictum,Filius
1695 5477 1784 5527 est
1805 5471 1991 5527 Patris

340 5566 512 5636 fetus,
545 5564 627 5620 ita
655 5564 1024 5637 intelligitur,
1059 5566 1121 5617 ut
1160 5579 1229 5617 ex
1277 5561 1400 5618 solo
1452 5561 1619 5618 Patre
1670 5562 1748 5617 sit
1784 5560 1987 5630 Filius,

412 5694 459 5730 "
488 5692 655 5749 Joan.
684 5710 779 5764 xv,
807 5693 901 5750 26.

2096 4575 2292 4654 γράφοι
2349 4574 2440 4629 καὶ
2507 4579 2834 4653 συγγραφεῖς
2912 4571 3232 4634 ἀκολούθως
3296 4569 3699 4646 διαγορεύουσιν
3737 4610 3751 4625 .

2094 4664 2171 4723 Οὐ
2206 4663 2454 4740 μέντοιγὲ
2499 4686 2582 4727 τις
2635 4663 2811 4719 αὐτῶν
2862 4663 2952 4719 καὶ
3004 4661 3063 4718 ἐκ
3091 4660 3187 4718 τοῦ
3236 4662 3367 4717 Υἱοῦ
3395 4661 3486 4715 καὶ
3537 4656 3627 4717 διὰ
3654 4662 3752 4713 τοῦ

2094 4755 2223 4808 Υἱοῦ
2283 4753 2444 4809 τοῦτό
2503 4775 2665 4832 φησιν
2721 4751 3121 4831 ἐκπορεύεσθαι·
3160 4751 3205 4806 εἶ
3240 4752 3315 4824 μή
3369 4771 3486 4812 πως
3531 4747 3643 4826 ἐρεῖ
3668 4768 3753 4810 τις

2094 4844 2192 4912 τὴν
2244 4840 2421 4913 ἄλλην
2471 4838 2767 4919 πρόχυσιν,
2820 4837 2998 4897 εῗεεουν
3052 4841 3350 4919 φανὲρωσιν
3397 4837 3486 4893 καὶ
3519 4837 3752 4893 ἀποστο-

2096 4931 2199 5003 λὴν
2227 4936 2334 4987 τῶν
2392 4931 2747 5009 χαρισμάτων
2801 4934 2906 4985 ’·οῦ
2965 4929 3305 5002 ῙΙνεύματος.
3352 4927 3499 5002 Πρὸς
3549 4924 3751 4993 ταύτην

2093 5022 2219 5097 γὰρ,
2250 5020 2441 5096 καίπερ
2499 5020 2558 5076 ἐκ
2606 5024 2704 5077 τοῦ
2762 5019 2983 5096 Ιίατρὸς
3045 5023 3368 5096 φανεροῦται
3425 5017 3487 5071 τὸ
3536 5016 3755 5085 Πνεῦμα

2094 5112 2156 5165 τὸ
2217 5112 2364 5186 ἅγιον
2425 5110 2562 5186 πρὸς
2621 5107 2963 5182 ἐπινέμησιν,
3025 5106 3168 5163 οὕτω
3225 5107 3314 5162 καὶ
3363 5102 3571 5162 ἐκῆτοῦ
3600 5102 3752 5174 Υἱοῦ,

2096 5200 2274 5256 καθὼς
2335 5200 2362 5255 ὁ
2419 5207 2519 5270 τῆς
2578 5198 2838 5270 ἀληθείας
2898 5193 3137 5252 διδάσκει
3170 5195 3367 5253 κανών.
3411 5189 3756 5267 Κάπειδήπερ

2099 5291 2334 5352 ἅπαντας
2381 5290 2443 5344 τὸ
2505 5288 2633 5344 αὐτὸ
2694 5286 2947 5363 λέγοντες
3006 5286 3316 5365 συμφώνως
3372 5283 3462 5340 καὶ
3518 5281 3573 5339 ἓν
3627 5280 3764 5336 κατὰ

2096 5380 2196 5448 τὴν
2255 5383 2353 5434 τοῦ
2414 5377 2611 5455 Κυρίου
2664 5373 2963 5454 παράδοσιν
2998 5420 3015 5447 ,
3068 5376 3160 5431 καὶ
3222 5372 3468 5448 οὐδαμοῦ
3524 5368 3765 5451 φαίνεταί

2096 5487 2178 5532 τις
2212 5466 2496 5546 διαφωνῶν
2530 5486 2542 5500 ·
2574 5464 2805 5538 εὔδηλον
2841 5513 2857 5540 ,
2890 5464 2974 5521 ὅτι
3006 5462 3065 5520 ἐκ
3117 5464 3287 5538 μόνου
3324 5468 3424 5519 τοῦ
3456 5460 3671 5538 ΙΙατρὸς
3703 5458 3766 5512 τὸ

2098 5560 2324 5631 Πνεῦμα
2383 5552 2498 5634 ἔχει
2554 5557 2653 5626 τὴν
2709 5554 2954 5631 ὕπαρξιν·
3014 5551 3166 5633 εἴπερ
3224 5557 3260 5626 ἡ
3312 5551 3541 5622 τοιαύτη
3604 5546 3767 5605 ἐκπό·

416 5809 527 5885 (19)
549 5809 632 5868 Ex
661 5809 860 5868 codice
890 5806 1069 5881 Regio
1097 5807 1234 5865 2271
1270 5823 1423 5865 nunc
1451 5807 1574 5865 451.
1609 5823 1668 5880 p.
1703 5805 1827 5879 155,
1861 5806 1933 5865 ad
1962 5803 2290 5879 marginem
2320 5803 2514 5878 operis
2543 5803 2734 5863 sancti
2761 5800 2983 5866 Justini
3114 5801 3355 5864 Zenam.
