4148 6398
439 485 560 545 825

1646 490 1913 552 SERMO
1958 488 2276 552 CONTRA
2323 490 2686 552 LATINOS.

3749 487 3870 547 826

441 637 622 692 ρευσις
696 619 1020 688 καθὲστηκεν
1095 618 1337 695 ὕπαρξις.
1416 625 1618 697 Ὥσπερ
1695 625 1798 700 γὰρ
1878 622 2084 678 πάντων

2204 624 2528 679 secundum
2575 624 2730 679 300
2792 639 2919 679 eam
2981 638 3104 693 quae
3164 627 3298 676 ante
3357 621 3570 678 saecula
3625 625 3712 676 est
3767 638 3870 693 ge-

443 703 743 779 λεγόντων,
774 705 1014 782 γέννημα
1047 711 1258 784 [ἰατρὸς
1291 712 1318 764 6
1369 711 1515 780 Υἱὸς,
1568 719 1954 767 συνεπινοεῖται
2006 712 2094 766 καὶ

440 794 502 848 τὸ
557 794 616 849 ἐκ
664 795 832 867 μόνου
879 801 977 852 τοῦ
1026 799 1240 874 Πατρὸς
1270 800 1297 853 6
1325 800 1445 861 Υἱὸς
1475 801 1610 855 κατά
1637 802 1735 870 τήν
1770 803 2096 877 προαιώνιον

440 881 712 959 γέννησινο
793 885 935 941 οὕτω
1011 888 1100 941 καὶ
1167 887 1382 942 πάντων
1441 887 1712 964 λεγόντων
1769 891 1831 945 τὸ
1882 894 2095 961 Ηνεῦμα

443 969 749 1047 πρόϐλημα
823 977 1049 1050 Πατρὸς,
1102 980 1490 1032 συνεπικιοεῖται
1545 977 1634 1033 καῖ
1689 981 1750 1034 τὸ
1809 979 1868 1034 ἐκ
1925 978 2093 1051 μόνου

439 1068 542 1118 τοῦ
593 1064 799 1139 Πατρὸς
845 1067 907 1120 τὸ
960 1070 1195 1138 Πνεῦμκ,
1240 1067 1376 1122 κατὰ
1422 1070 1522 1137 τὴν
1572 1070 1899 1142 προαιώνιον
1953 1067 2092 1144 πρό-

442 1147 660 1221 ϐλησιν·
716 1154 760 1207 εἰ
815 1153 978 1226 μόνος
1032 1153 1090 1208 ἐκ
1144 1155 1310 1227 μόνου
1358 1161 1454 1210 τοῦ
1505 1158 1768 1233 Πατρὸςὸ
1800 1159 1944 1225 Υἱὸς,
2004 1156 2092 1211 καί

446 1243 604 1315 μόνον
664 1243 722 1300 ἐκ
776 1245 940 1318 μόνου
998 1251 1095 1301 τοῦ
1154 1248 1364 1323 Πατρὸς
1422 1249 1484 1303 τὸ
1532 1255 1747 1323 Πνεῦμα
1800 1250 1861 1304 τὸ
1912 1251 2090 1324 ἅγιον.

443 1335 590 1388 Κατά
640 1332 697 1388 δὲ
742 1335 840 1403 την
904 1334 1121 1412 ὑστέραν
1193 1337 1482 1414 πρόχυσιν,
1553 1337 1727 1394 εἶτουν
1775 1338 2087 1411 ἐπινέμησιν

437 1422 526 1475 καὶ
586 1423 853 1501 χορθγίαν
905 1425 1004 1493 τὴν
1065 1426 1202 1500 πρὸς
1259 1427 1388 1489 τοὺς
1437 1427 1639 1498 ἀξίους,
1673 1426 1852 1505 ὣσπερ
1913 1428 1972 1482 ἐκ
1995 1432 2092 1482 τοῦ

439 1512 649 1584 Πατρὸς
698 1513 760 1567 τὸ
820 1519 1058 1587 Πνεῦμα,
1109 1514 1253 1569 οὕτω
1303 1517 1391 1570 καὶ
1446 1515 1533 1571 διὰ
1575 1523 1670 1571 τοῦ
1701 1519 1828 1572 Υἱοῦ
1885 1519 1975 1572 καὶ
2036 1517 2094 1571 ἐκ

436 1603 534 1652 τοῦ
565 1601 712 1657 Ποῦ.
772 1602 1027 1671 Καθάπερ
1081 1604 1138 1657 δὲ
1184 1604 1273 1658 καὶ
1304 1607 1403 1674 την
1439 1606 1655 1681 ὑστέραν
1688 1606 1937 1681 γέννησιν
1993 1610 2092 1661 τοῦ

446 1689 597 1755 ὶἾοῦ,
659 1687 832 1744 εἶτουν
895 1689 1190 1764 ἐπιδημίαν
1239 1695 1339 1763 τὴν
1394 1696 1529 1769 πρὸς
1579 1698 1748 1766 ἡμᾶς,
1783 1698 1882 1750 οὐκ
1911 1695 1968 1750 ἐκ
1995 1700 2092 1750 τοῦ

437 1778 648 1851 Πατρὸς
683 1778 847 1850 μόνον
879 1776 1194 1854 δοξάζομεν,
1229 1782 1374 1838 ἀλλὰ
1404 1785 1492 1838 καὶ
1527 1784 1584 1839 ἐκ
1604 1791 1700 1839 τοῦ
1755 1784 2086 1858 [Ινεύματος.

441 1865 541 1918 Καὶ
573 1865 805 1929 πειθέτω
838 1888 894 1922 σε
924 1869 958 1936 ἡ
990 1872 1086 1922 τοῦ
1118 1869 1466 1945 ἀρχαγγέλου
1499 1873 1650 1948 φωνή
1703 1873 1838 1946 πρὸς
1887 1873 2090 1949 ’[ωσῆνρ

441 1951 670 2058 λέγουσα
710 1954 802 2010 τὸν
857 1953 1024 2031 ἄνδρα
1072 1957 1279 2033 Μαρίας
1310 1959 1393 2027 τὸ,
1427 1983 1454 2010 ‹‹
1488 1960 1581 2028 Μὴ
1615 1956 1866 2036 φοϐηθῇς
1924 1981 2093 2036 παρα-
2125 1995 2169 2058 Β

439 2037 624 2096 λαϐεῖν
681 2044 904 2119 Μαριάμ
958 2046 1058 2114 τήν
1105 2049 1334 2121 γυναῖκά
1394 2068 1508 2102 σου·
1572 2050 1635 2103 τὸ
1679 2050 1782 2124 γὰρ
1844 2049 1894 2104 ἐν
1954 2049 2088 2124 αὐτῇ

437 2133 688 2205 γεννηθὲν
741 2132 800 2188 ἐκ
848 2135 1161 2208 Πνεύματός
1215 2136 1351 2192 ἐσνιν
1403 2137 1582 2212 ἁγίου.
1627 2162 1653 2190 ι)
1688 2140 1750 2194 Εἰ
1809 2137 1866 2193 δὲ
1900 2138 2090 2214 βούλει

442 2222 646 2293 μαθεῖν,
702 2223 784 2276 ὃτι
842 2223 930 2278 καί
977 2245 1121 2286 τινες
1179 2224 1238 2280 ἐκ
1301 2230 1408 2280 τῶν
1475 2227 1756 2303 ἡμετέρων
1833 2228 2085 2303 μεγάλων

438 2307 600 2384 ἀγίων
630 2309 972 2389 ἀπεφήναντο
1021 2315 1083 2368 τὸ
1116 2313 1174 2368 ἐκ
1210 2314 1377 2386 μόνου
1408 2320 1504 2370 τοῦ
1540 2318 1745 2392 Πατρὸς
1774 2318 1835 2373 τὸ
1871 2323 2088 2390 Πνεῦμα

436 2399 498 2452 τὸ
531 2399 684 2472 ἅγιον
736 2400 1136 2478 ἐκπορεύεσθαι,
1186 2401 1296 2474 ἤδη
1347 2406 1438 2459 τὸν
1493 2406 1657 2480 μεγαν
1686 2413 1786 2475 τῆς
1817 2407 2088 2483 ⁸ἔκμετέρας

440 2487 767 2558 Ἑκκλησίας
818 2489 978 2558 ἥλιον
1037 2491 1332 2567 Κόριλλον,
1391 2495 1426 2562 ἣ
1479 2494 1690 2566 μᾶλλον
1743 2496 1934 2562 εἰπεῖν,
1991 2501 2088 2550 τοῦ

439 2577 649 2649 κόσμου
706 2580 930 2649 παντὸς,
991 2583 1126 2654 πρὸς
1184 2586 1349 2636 τοῦτο
1409 2578 1654 2654 λάμϐανε
1714 2582 1977 2660 μάρτυρα·
2033 2586 2085 2640 ἐν

441 2665 542 2740 γάρ
600 2671 679 2737 τῷ
733 2667 860 2743 Περὶ
915 2668 1150 2742 Τριάδος
1199 2667 1348 2745 λόγῳ
1397 2670 1561 2726 αὐτοῦ
1612 2669 1718 2727 ὧδὲ
1756 2694 1872 2735 πως
1904 2679 2086 2752 σαφῶς

441 2760 695 2829 παριστᾷ.
747 2757 809 2813 Ἡ
864 2759 1120 2832 παναγία,
1164 2759 1320 2836 φησὶ,
1369 2761 1458 2814 καὶ
1519 2763 1686 2830 σεπτή
1743 2762 1924 2838 Τριάς,
1982 2763 2087 2837 πρὸ

441 2844 657 2897 πάντων
717 2845 928 2899 αἰώνων
989 2847 1079 2902 καὶ
1137 2847 1213 2910 εἷς
1273 2848 1354 2902 ἀεὶ
1416 2849 1759 2925 ὑπάρχουσα,
1817 2848 2086 2928 ἅχραντός

438 2932 550 2987 ἐστι
624 2933 714 2987 καὶ
789 2931 986 3002 ἀίδιος,
1062 2935 1375 3009 ἀσώματος,
1435 2937 1840 3010 ἀκατάληπτος,
1898 2940 2086 3015 ἀπερί-

438 3017 670 3091 ληπτος,
722 3021 1095 3098 περιληπτικὴ
1155 3023 1212 3080 δὲ
1259 3032 1366 3081 τῶν
1416 3026 1686 3096 ἀπάντων,
1730 3030 1819 3084 καὶ
1853 3050 2088 3106 συγκρα-

436 3113 606 3165 τοῦσα
650 3110 713 3165 τὸ
765 3118 892 3180 πᾶν,
941 3112 1135 3189 ἀγαθὴ,
1185 3125 1550 3190 προνοητικη,
1611 3115 1948 3196 δημιουργὸς
1977 3125 2084 3174 τῶν

434 3197 705 3269 ἀπάντων,
772 3201 979 3277 ὁρατῶν
1044 3223 1104 3259 τε
1171 3206 1259 3260 καὶ
1309 3205 1576 3282 ἀοράτων,
1629 3209 1861 3278 άπαθὴς,
1915 3207 2085 3264 ἀναλ-

435 3287 690 3357 λοίωτος,
751 3289 1031 3368 ἄτρεπτος,
1078 3298 1152 3366 νῷ
1199 3295 1499 3371 ἀνθρώπων
1553 3299 1644 3353 καὶ
1699 3299 1942 3374 ἀγγέλων
1994 3301 2084 3354 καὶ

2206 713 2563 768 ncrationein
2619 731 2633 779 ;
2705 713 2786 766 ita
2843 728 2975 766 cum
3036 711 3234 766 dicant
3295 728 3523 777 omnes,
3583 711 3867 782 Spiritum

2205 817 2333 857 esse
2394 819 2426 856 a
2486 805 2652 857 Patre
2735 801 3108 872 productum,
3191 799 3547 872 intelligitur
3619 816 3686 854 ex
3745 799 3866 854 solo

2205 891 2373 946 Patre
2418 891 2705 963 Spiritum
2756 906 2906 955 esse,
2968 889 3297 944 secundum
3360 905 3485 944 eam
3547 905 3672 960 qua:
3733 894 3868 943 ante

2204 979 2419 1034 saecula
2447 985 2534 1035 est
2565 979 3003 1050 productionem
3037 994 3047 1030 :
3086 978 3131 1032 si
3183 976 3344 1032 solus
3394 995 3462 1032 ex
3524 977 3646 1032 solo
3697 977 3868 1032 Patre

2202 1073 2292 1123 est
2317 1068 2518 1136 Filius,
2552 1068 2714 1123 solus
2772 1085 2839 1122 ex
2869 1066 2992 1122 solo
3050 1067 3217 1120 Patre
3275 1072 3362 1120 est
3419 1066 3672 1138 Spiritus
3730 1083 3864 1121 san-

2204 1162 2353 1212 ctus.
2386 1157 2547 1221 Quod
2597 1161 2820 1227 spectat
2853 1161 3047 1210 autem
3087 1155 3404 1210 secundam
3442 1154 3862 1224 profusionem,

2204 1246 2322 1301 sive
2362 1245 3016 1317 dispensationem,qua
3046 1245 3220 1298 datur
3252 1243 3324 1298 iis
3356 1244 3455 1314 qui
3489 1243 3648 1315 digni
3683 1247 3863 1309 sunt;

2205 1336 2445 1390 sicutex
2478 1337 2642 1390 Patre
2672 1341 2761 1390 est
2788 1335 3062 1406 Spiritus,
3099 1333 3176 1387 ita
3215 1339 3271 1388 et
3313 1350 3414 1404 per
3467 1332 3678 1387 Filium
3713 1337 3766 1387 et
3797 1349 3868 1387 ex

2205 1425 2368 1480 Filio.
2404 1425 2907 1489 Quemadmodum
2943 1429 2998 1477 et
3040 1429 3396 1495 postremam
3450 1422 3573 1476 Filii
3623 1438 3866 1493 genera-

2201 1515 2444 1582 tionem,
2477 1515 2605 1585 ejus
2637 1513 2858 1568 scilicet
2883 1515 2952 1568 ad
2987 1530 3093 1566 nos
3126 1513 3464 1577 adventum,
3505 1529 3617 1565 non
3653 1529 3719 1565 ex
3742 1510 3865 1566 solo

2203 1619 2329 1658 esse
2363 1608 2550 1672 Patre,
2575 1603 2675 1658 sed
2709 1603 2884 1658 etiam
2912 1619 2979 1656 ex
3037 1600 3254 1672 Spiritu
3306 1605 3509 1655 sancto
3559 1600 3865 1655 existima-

2203 1708 2355 1747 mus.
2386 1693 2645 1764 Ejusque
2689 1690 2792 1745 tibi
2835 1690 2912 1745 rei
2940 1689 3108 1744 tidem
3144 1689 3314 1744 faciat
3349 1689 3612 1760 angelica
3639 1705 3750 1743 vox
3795 1690 3866 1743 ad

2204 1781 2523 1852 Josepbum
2557 1780 2748 1835 virum
2779 1779 2976 1835 Maria:
3024 1781 3215 1834 facta:
3253 1801 3279 1828 «
3309 1777 3433 1833 Noli
3470 1779 3676 1834 timere
3710 1779 3864 1834 acci-

2203 1887 2337 1942 pere
2370 1869 2609 1925 Mariam
2642 1869 2951 1941 conjugem
2981 1873 3142 1922 tuam
3169 1884 3181 1923 :
3207 1869 3363 1939 quod
3386 1868 3540 1923 enim
3575 1869 3632 1922 in
3657 1884 3725 1922 ea
3757 1885 3864 1923 na-

2203 1965 2326 2014 tum
2349 1964 2459 2025 est,
2495 1977 2562 2015 ex
2587 1959 2803 2031 Spiritu
2838 1962 3041 2014 sancto
3072 1961 3161 2012 est
3193 1958 3254 2012 1‘.
3291 1980 3318 2007 ››
3340 1958 3500 2024 Quod
3532 1957 3580 2012 si
3605 1957 3862 2014 ediscere

2200 2050 2403 2120 cupias
2420 2049 2649 2120 aliquos
2665 2066 2730 2103 ex
2749 2047 2984 2119 magnis
2999 2048 3149 2117 apud
3169 2064 3273 2102 nos
3287 2046 3864 2114 sanctis,afﬁrmasse

2198 2153 2267 2192 ex
2299 2136 2614 2193 solo‘Patre
2648 2137 2930 2208 Spiritum
2965 2142 3233 2191 sanctum
3259 2135 3718 2207 procedere,jam
3752 2135 3856 2190 tibi

2200 2246 2480 2301 magnum
2515 2229 2779 2284 Ecclesia
2806 2233 3036 2293 nostrae,
3071 2227 3189 2282 imo
3235 2227 3413 2281 totius
3463 2226 3619 2281 orbis
3652 2225 3858 2296 solem,

2196 2317 2471 2388 Cyrillum
2499 2317 2743 2388 hujusce
2775 2316 2855 2370 rei
2886 2316 3081 2386 accipe
3111 2320 3318 2369 testem
3352 2330 3364 2367 :
3394 2313 3449 2368 in
3485 2329 3591 2368 suo
3607 2329 3862 2384 namque

2197 2408 2271 2462 De
2306 2409 2574 2462 Trinitute
2603 2405 2753 2460 libro
2787 2409 2985 2476 aperte
3016 2404 3098 2458 ita
3128 2403 3411 2474 loquitur.
3447 2402 3857 2467 Sanctissima,

2197 2497 2410 2569 inquit,
2447 2505 2498 2551 et
2529 2496 2861 2550 veneranda
2889 2493 3166 2560 Trinitas,
3202 2510 3332 2562 quze
3362 2497 3494 2546 ante
3526 2491 3725 2545 omnia
3753 2508 3854 2545 sae-

2197 2587 2329 2642 cula
2359 2591 2450 2641 est
2480 2591 2536 2641 et
2567 2601 2798 2654 semper
2839 2584 3057 2653 futura,
3090 2582 3431 2653 incorrupta
3479 2585 3589 2645 est,
3622 2584 3856 2647 aeterna,

2196 2676 2559 2747 incorporea,
2619 2671 3258 2745 incomprehensibilis,
3322 2671 3856 2741 incircumscripta,

2199 2766 2299 2820 sed
2333 2782 2462 2837 quae
2493 2762 2904 2834 complectitur
2934 2761 3152 2830 omnia,
3180 2760 3638 2831 universumque
3679 2759 3857 2814 conti-

2198 2860 2330 2909 net:
2357 2854 2529 2923 bona,
2564 2853 2824 2924 provida,
2857 2851 3103 2907 creatrix
3133 2849 3422 2918 omnium,
3453 2848 3764 2904 visibilium
3800 2855 3857 2903 et

2195 2943 2606 3010 invisibilium,
2631 2941 2995 3013 impatibilis,
3028 2938 3438 3006 immutabilis,
3473 2937 3856 3006 invariabilis,

2198 3032 2378 3088 menti
2411 3030 2718 3086 hominum
2752 3034 2808 3085 et
2843 3029 3204 3101 angelorum,
3265 3032 3586 3098 creataaque
3636 3032 3854 3081 naturae

2194 3118 2834 3194 incomprehensibilis,
2877 3119 2936 3173 in
2964 3120 3152 3189 seipsa
3186 3116 3728 3181 consubstantialis,
3763 3117 3858 3169 in-

2196 3209 2707 3267 communicabilis
2740 3208 3063 3264 secundum
3088 3207 3482 3262 substantiam
3514 3205 3671 3260 omni
3698 3221 3856 3260 crea-

2196 3306 2343 3356 turae
2377 3316 2389 3355 :
2431 3316 2554 3369 quae
2589 3316 2621 3353 a
2651 3299 2847 3369 seipsa
2877 3297 3068 3353 solum
3114 3298 3509 3368 cognoscitur,
3542 3299 3599 3349 et
3630 3312 3661 3348 a
3697 3293 3870 3349 nulla.

432 3382 500 3452 τῇ
558 3385 749 3455 κτιστῇ
807 3382 962 3460 φύσει
1010 3383 1412 3454 ἀκατάληπτος·
1458 3387 1752 3460 ὁμοούσιος
1799 3388 1850 3443 ἐν
1897 3391 2080 3464 ἑαυτῇ,

2201 3393 2412 3446 natura
2444 3406 2571 3461 quae
2604 3389 2660 3442 in
2695 3388 2803 3442 hoc
2827 3388 3046 3441 mundo
3070 3385 3154 3441 vel
3189 3403 3362 3456 supra
3387 3384 3540 3439 hunc
3567 3385 3854 3438 mundum

433 3466 806 3540 ἀκοινώνητος
865 3468 921 3526 δὲ
976 3474 1094 3527 κατ’
1143 3473 1325 3529 οὐσίαν
1385 3477 1528 3550 πάσῃ
1575 3480 1644 3550 τῇ
1675 3478 1864 3532 κτίσει⁴
1922 3501 2084 3555 γινω-

437 3558 677 3631 σκομένη
728 3559 892 3632 μόνον
937 3559 1024 3640 ὐφ’
1078 3561 1291 3636 ἑαυτῆς,
1343 3564 1430 3619 ὑπ’
1462 3561 1718 3639 οὐδεμιᾶς
1750 3567 1959 3645 φύσεως
1985 3576 2086 3638 τῆς

433 3645 486 3700 ἐν
542 3651 622 3718 τῷ
679 3649 872 3722 κόσμῳ
927 3649 1106 3724 τούτῳ
1161 3654 1251 3706 καὶ
1299 3659 1399 3723 τῆς
1453 3655 1582 3730 ὑπὲρ
1639 3655 1843 3730 κόσμον
1870 3656 2081 3712 τοῦτον·

437 3737 606 3808 μονάς
682 3737 735 3792 ὲν
806 3739 980 3814 τρισὶν
1053 3739 1430 3813 ὐποστάσεσιν,
1503 3740 1678 3800 εἶτουν
1741 3746 2081 3821 προσώποις,

430 3824 520 3877 καὶ
579 3825 744 3900 Τριάς
806 3827 856 3882 ἐν
924 3827 1117 3902 μονάδι
1173 3831 1455 3902 θεότητος,
1511 3830 1636 3903 ἤτοι
1700 3841 1826 3908 μιᾶς
1897 3836 2080 3900 οὐσίας

431 3913 831 3987 γινωσκομένη.
866 3918 1081 3989 Ταύτης
1114 3927 1212 3989 τῆς
1245 3922 1394 3998 ἁγίας
1436 3922 1525 3976 καὶ
1575 3928 1771 3994 σεπτῆς
1823 3923 2080 3998 μονάδος,

431 4001 485 4054 αἱ
555 4005 926 4077 προσκυνηταὶ
1001 4015 1146 4084 τρεῖς
1209 4010 1525 4074 ὑποστάσεις
1581 4015 1936 4088 γινώσκονται
1993 4018 2083 4071 καὶ

431 4091 796 4180 πιστεύονταιο
857 4093 909 4148 ἐν
971 4097 1142 4173 Πατρὶ
1201 4099 1441 4175 ἀνάρχῳ,
1493 4100 1739 4175 ἀναιτίῳ,
1782 4103 2078 4180 ἀγεννήτῳ,

431 4177 616 4253 ἀϊδίῳ·
663 4182 753 4237 καὶ
817 4182 868 4238 ἐν
937 4186 1047 4258 Titi)
1114 4194 1399 4264 μονογενεῖ
1462 4190 1773 4264 γεννηθέντι
1803 4177 2078 4269 ἀρρήτως,

435 4269 522 4324 καὶ
558 4271 776 4334 ἀπαθῶς
805 4272 895 4328 καί
926 4275 1235 4352 ἀφράστως,
1267 4278 1372 4352 πρὸ
1422 4281 1638 4334 πάντων
1683 4286 1788 4336 τῶν
1841 4281 2078 4356 αἶ’ώνων,

433 4357 493 4413 ἐκ
564 4367 665 4430 τῆς
729 4361 912 4426 οὐσίας
967 4363 1288 4435 αὐτῆς-τοῦ
1347 4369 1576 4444 Πατρὸς,
1634 4371 1721 4425 καὶ
1782 4369 1870 4426 δια
1918 4376 2079 4428 τοῦτο

429 4449 710 4522 ὁμοουσίῳ
741 4454 826 4507 καὶ
861 4451 960 4527 ξ’σῳ
987 4458 1066 4526 τῷ
1115 4455 1306 4530 Πατρὶ,
1340 4457 1516 4534 χωρὶς
1565 4465 1666 4529 τῆς
1717 4461 2079 4535 πατρότητος,

429 4537 610 4615 ἀρχὴν
663 4538 720 4595 δὲ
772 4541 861 4597 καὶ
922 4543 1092 4598 αἰτίαν
1154 4546 1244 4600 τὸν
1297 4546 1508 4623 Πατέρα
1556 4543 1737 4623 ἔχοντι
1787 4556 2078 4626 γεννητῶς·

429 4626 519 4714 καὶ
578 4627 628 4681 ἐν
703 4631 977 4705 Πνεύματι
1044 4633 1181 4709 ἁγίῳ
1256 4639 1512 4709 ζωοποιῷ
1593 4637 2079 4714 προσκυνουμένῳ,

431 4713 842 4792 ἐκπορευομένῳ
918 4719 978 4775 ἐκ
1038 4726 1139 4776 τοῦ
1212 4725 1442 4800 Πατρὸς,
1520 4727 1790 4783 τουτέστιν
1869 4728 1928 4783 ἐκ
1982 4733 2081 4800 τῆς

434 4802 616 4866 οὐσίας
666 4810 764 4858 τοῦ
812 4803 1038 4881 Πατρός.
1101 4810 1178 4867 Οὐ
1227 4817 1498 4886 γεννητῶς
1554 4817 1794 4893 καθάπερ
1855 4819 1882 4871 6
1933 4820 2078 4886 Υἱὸς,

426 4889 514 4980 ’ίνα
551 4895 624 4966 μή
660 4891 755 4948 δύο
787 4895 904 4950 Υἱοί
935 4896 987 4952 ἐν
1019 4902 1086 4973 τῇ
1119 4898 1332 4975 Τριάδι·
1359 4900 1486 4957 ἀλλ’
1515 4889 2080 4980 ἐκποόευομὲνῳ,καθ-

429 4979 565 5058 άπερ
609 4980 840 5058 ενρηται,
888 4984 946 5040 ἐκ
999 4987 1163 5061 μόνου
1209 4993 1305 5043 τοῦ
1356 4991 1587 5067 Πατρὸς,
1620 4994 1707 5048 καὶ
1740 4993 1846 5049 ἀπὸ
1879 4979 2082 5069 στόμα-

427 5091 538 5134 τος·
599 5074 862 5144 πεφηνότι
923 5073 980 5131 δὲ
1040 5073 1110 5131 δι’
1167 5078 1316 5146 rio-3,
1375 5081 1465 5134 καὶ
1526 5080 1828 5152 λαλήσαντι
1883 5083 1935 5138 ἐν
1965 5091 2082 5148 τοῖς

431 5159 608 5237 ἁγίοις
664 5167 971 5243 προφήταις
1020 5167 1110 5221 καὶ
1159 5166 1506 5232 ἀποστόλοις.
1560 5170 1737 5242 Πλὴν,
1783 5173 1860 5236 ὡς
1909 5175 2080 5248 εἶπον,

2197 3480 2410 3534 fuerit:
2447 3478 2714 3533 unitasin
2748 3477 2938 3532 tribus
2965 3476 3407 3549 hypostasibus,
3442 3491 3541 3529 seu
3568 3473 3856 3545 personis,

2195 3572 2253 3624 et
2281 3567 2516 3622 trinitas
2539 3567 2597 3620 in
2631 3565 2856 3620 unitate
2878 3565 3137 3632 deitatis,
3171 3565 3290 3619 sive
3350 3563 3526 3618 unius
3584 3562 3853 3618 substan.

2194 3657 2285 3712 tias
2313 3657 2564 3729 cognita.
2598 3657 2786 3727 Hujus
2816 3658 3028 3709 sanctae
3079 3659 3137 3708 et
3191 3654 3532 3708 venerandae
3587 3651 3853 3720 unitatis,

2194 3748 2503 3802 adoranda;
2534 3750 2653 3801 tres
2686 3744 3034 3816 hypostases
3064 3749 3502 3815 cognoscuntur
3533 3747 3708 3813 atque
3735 3757 3856 3795 cre-

2193 3837 2454 3892 duntur:
2486 3835 2548 3891 in
2582 3839 2748 3890 Patre
2779 3833 2878 3906 qui
2902 3838 2992 3888 est
3012 3832 3137 3889 sine
3168 3832 3474 3904 principio,
3508 3831 3633 3886 sine
3656 3847 3859 3885 causa-

2191 3926 2512 3998 ingenitus,
2539 3925 2968 3995 sempiternus:
3003 3922 3062 3976 in
3087 3922 3228 3977 Filio
3260 3921 3560 3993 unigenito
3586 3937 3598 3988 ;
3623 3921 3854 3975 inenar-

2189 4015 2473 4082 rabiliter,
2507 4012 2972 4086 impassibiliter,
2997 4011 3370 4066 ineti'abiliter
3398 4015 3534 4066 nato
3563 4015 3698 4065 ante
3729 4024 3858 4062 om-

2191 4105 2290 4160 nia
2320 4103 2550 4174 saecula,
2583 4119 2652 4157 ex
2699 4103 2829 4174 ipsa
2876 4101 3061 4156 Patris
3110 4099 3463 4164 substantia,
3511 4103 3688 4169 atque
3726 4097 3856 4151 ideo

2191 4191 2680 4250 consubstantiali
2717 4190 2990 4262 etrequali
3014 4189 3186 4256 Patri,
3204 4195 3443 4260 excepta
3484 4187 3857 4259 paternitate,

2191 4283 2288 4356 qui
2325 4299 2426 4355 pro
2493 4298 2671 4336 causa
2721 4281 2947 4336 Patrem
2993 4280 3192 4345 habet,
3254 4278 3570 4347 generandi
3635 4275 3860 4331 scilicet

2197 4373 2404 4428 modo:
2437 4375 2494 4426 et
2525 4370 2583 4426 in
2607 4371 2826 4442 Spiritu
2860 4373 3061 4424 sancto
3109 4373 3165 4423 et
3213 4367 3537 4422 viviﬁcante
3593 4366 3856 4440 adorato,

2192 4461 2550 4535 procedente
2597 4477 2666 4515 ex
2696 4460 2884 4528 Patre,
2919 4458 2978 4513 id
3028 4463 3117 4513 est
3146 4474 3213 4512 ex
3262 4455 3596 4511 substantia
3644 4454 3858 4518 Patris,

2190 4569 2308 4607 non
2332 4550 2727 4623 generatione,
2761 4547 3259 4619 quemadmodum
3278 4543 3476 4612 Filius,
3513 4561 3586 4598 ne
3607 4544 3721 4597 duo
3741 4543 3860 4597 sint

2199 4641 2328 4697 Filii
2367 4639 2427 4694 in
2475 4639 2802 4703 Trinitate;
2838 4637 2934 4692 sed
2999 4637 3372 4708 procedente,
3407 4633 3490 4689 uti
3521 4633 3741 4688 dictum
3774 4637 3866 4688 est

2116 4747 2256 4817 Dex
2285 4727 2409 4786 solo
2439 4729 2624 4794 Patre,
2655 4732 2831 4798 atque
2887 4742 2954 4780 ex
3003 4741 3120 4780 ore.
3176 4724 3461 4796 Apparuit
3510 4727 3704 4778 autem
3757 4739 3861 4793 per

2191 4818 2426 4888 Filium,
2459 4817 2810 4888 locutusque
2839 4821 2930 4870 est
2960 4815 3017 4869 in
3049 4814 3269 4870 sanctis
3301 4813 3602 4886 prophetis
3623 4817 3680 4867 et
3721 4828 3858 4885 apo-

2198 4907 2390 4964 stolis.
2432 4907 2735 4970 Czeterum,
2787 4911 2849 4958 ut
2909 4904 3049 4974 dixi,
3101 4904 3201 4975 qui
3260 4908 3350 4958 est
3397 4921 3467 4959 ex
3525 4902 3860 4958 substantia

2191 4997 2380 5070 ipsius
2412 4996 2600 5051 Patris
2630 5001 2686 5050 et
2716 4995 2869 5062 Filii,
2903 4993 3551 5065 consubstantialisque
3582 4999 3670 5048 est
3704 4992 3855 5048 Patri

2192 5093 2249 5142 et
2278 5086 2442 5141 Filio.
2474 5083 3056 5140 Incommunicabilis
3079 5089 3273 5138 autem
3307 5088 3417 5149 est,
3439 5084 3592 5138 sicut
3625 5083 3858 5137 Pateret

2194 5174 2399 5244 Filius,
2432 5173 2592 5228 omni
2623 5177 2924 5238 creaturae,
2964 5174 3135 5242 juxta
3166 5171 3508 5226 substantiae
3544 5170 3851 5226 rationem.

428 5257 527 5340 τῆς
557 5251 739 5315 οὐσίας
797 5254 962 5309 αὐτοῦ
1015 5260 1113 5311 τοῦ
1176 5257 1384 5332 Πατρὸς
1444 5259 1535 5313 καὶ
1591 5265 1690 5315 τοῦ
1738 5262 1866 5316 Υἱοῦ
1919 5263 2244 5340 ὑπάρχοντι,
2301 5261 2392 5316 καὶ
2444 5262 2506 5314 τὸ
2537 5258 2832 5333 ὁμοούσιον
2868 5257 3050 5334 ἔχοντι
3105 5259 3244 5331 πρὸς
3304 5258 3512 5334 Πατέρα
3566 5256 3655 5310 καὶ
3704 5257 3848 5314 ι”ιόν.

433 5337 834 5429 Ϊᾼκοινώνητον
867 5341 923 5399 δὲ
954 5344 1043 5400 καὶ
1075 5344 1203 5401 αὐτό
1253 5344 1418 5406 ἐστιν.
1443 5347 1624 5426 ὥσπερ
1656 5350 1745 5405 καὶ
1778 5352 1806 5404 6
1839 5353 2025 5429 Πατήρ
2082 5352 2175 5408 καὶ
2206 5353 2234 5407 6
2290 5351 2412 5412 Υἱὸς
2470 5350 2605 5424 πρὸς
2667 5354 2834 5404 πᾶσαν
2863 5349 2960 5417 τήν
2995 5348 3164 5402 κτίσιν
3221 5347 3356 5402 κατὰ
3385 5349 3475 5403 τὸν
3521 5353 3621 5416 τῆς
3667 5345 3850 5410 οὐσίας

431 5423 616 5501 λόγον.

503 5519 553 5571 2.
587 5517 747 5590 Ὁρᾷς
779 5525 895 5582 πῶς
928 5519 987 5576 ἐκ
1029 5521 1198 5594 μόνου
1243 5529 1342 5579 τοῦ
1386 5527 1596 5602 Πατρὸς
1639 5529 1702 5583 τὸ
1750 5533 1971 5603 Πνεῦμα
2013 5529 2076 5584 τὸ

430 5604 582 5679 ἅγιον
628 5607 763 5661 κατὰ
809 5609 899 5663 τὸν
951 5611 1101 5685 ἅγιον
1134 5610 1432 5687 Κύριλλον,
1462 5615 1498 5685 ἢ
1535 5615 1747 5688 μᾶλλον
1781 5620 1918 5674 κατά
1971 5624 2074 5674 πᾶ·

427 5713 519 5748 σαν
578 5695 678 5764 τὴν
735 5695 876 5752 θείαν
924 5698 1164 5776 Γραφήν.
1213 5699 1313 5756 Καὶ
1356 5703 1432 5776 μή
1487 5724 1582 5778 μοι
1635 5707 1698 5762 τὸ
1755 5691 1862 5764 ἀπὸ
1919 5704 2078 5763 τοῦδε

497 5803 542 5839 ¹⁴
563 5803 770 5866 Matth.
803 5821 844 5876 1,
866 5807 955 5864 20.

2256 5530 2312 5585 2.
2349 5528 2548 5584 Viden’
2581 5529 2735 5600 quod
2785 5544 2854 5583 ex
2904 5526 3027 5583 solo
3075 5527 3242 5582 Patre
3289 5528 3365 5582 sit
3412 5525 3663 5597 Spiritus
3713 5543 3848 5583 san-

2186 5623 2317 5675 ctus
2359 5619 2528 5689 juxta
2576 5621 2848 5673 sanctum
2907 5615 3230 5688 Cyrillum;
3293 5617 3408 5670 imo
3449 5617 3623 5686 juxta
3659 5622 3843 5671 totam

2183 5707 2545 5780 Scripturam
2579 5722 2828 5762 sacram.
2863 5705 2934 5761 Et
2959 5719 3031 5760 ne
3061 5703 3197 5775 quis
3236 5704 3378 5760 mihi
3424 5706 3578 5760 ultra
3634 5705 3846 5777 frigida
