4148 6358
313 414 429 476 827

1481 432 1549 494 8.
1593 428 2114 493 ATHANASIUS.
2145 461 2226 477 —
2254 431 2564 495 SPURIA.

3616 429 3737 493 828

319 545 421 603 illa
463 549 716 639 proferat
770 554 965 622 verba,
1032 562 1136 614 aut
1200 560 1461 632 voculas,
1524 564 1680 635 quod
1747 561 1961 618 scilicet

2083 557 2290 635 λεγέτω
2338 582 2422 624 τις
2451 561 2518 616 τὰ
2546 562 2734 639 ψυχρᾶ
2765 560 2940 617 ἐκεῖνα
3050 582 3211 636 ματα,
3244 561 3280 631 ἢ
3309 557 3595 636 λογύδρια,
3646 560 3735 615 ὅτι

319 636 583 707 praeclari
627 639 711 695 illi
744 642 850 698 viri
895 643 1245 705 Athanasius
1294 655 1352 706 et
1406 650 1677 725 Cyrillus,
1736 666 1971 722 unaque

318 724 632 798 Gregorius
685 730 1006 803 Nyssenus,
1057 737 1374 797 additionis
1439 724 1497 798 in
1537 759 1714 798 causa
1789 742 1967 797 fuere.

313 814 679 875 Athanasius
726 822 946 895 quippe
1007 825 1088 880 ita
1145 828 1226 884 ait
1276 846 1290 885 :
1350 831 1603 902 Spiritus
1657 847 1726 886 ex
1778 831 1967 902 Patre,

314 903 498 975 (aiunt
524 907 872 982 adversarii)
903 918 959 968 et
1006 932 1039 969 a
1090 918 1297 984 Verbo,
1344 921 1498 991 quod
1553 925 1643 975 est
1695 937 1765 976 ex
1799 920 1969 976 Patre

313 995 593 1063 procedit.
622 997 919 1070 Nyssenus
943 1010 1138 1061 autem
1172 1014 1488 1081 postquam
1537 1010 1706 1079 dixit,
1753 1010 1966 1066 Filium

316 1098 445 1138 esse
507 1086 879 1155 peculiariter
943 1109 1010 1148 ex
1070 1095 1279 1166 primo,
1357 1097 1414 1153 id
1473 1104 1565 1154 est
1628 1114 1698 1154 ex
1773 1103 1966 1165 Patre,

317 1170 591 1261 deinceps
622 1176 700 1230 ait
736 1193 748 1232 :
781 1180 1032 1250 Spiritus
1090 1200 1192 1255 per
1245 1202 1378 1241 eum
1428 1186 1528 1258 qui
1578 1192 1669 1244 est
1712 1188 1966 1261 peculia-

311 1258 455 1316 riter
475 1277 545 1318 ex
574 1265 784 1335 primo.
815 1270 1297 1340 Sapientissimus
1327 1292 1458 1331 vero
1488 1258 1737 1348 Cyrillus
1769 1283 1967 1349 aperte

313 1350 479 1421 dixit,
511 1369 581 1407 ex
609 1357 917 1425 ambobus,
950 1361 1119 1417 Patre
1151 1381 1359 1436 nempe
1389 1366 1641 1437 ettFilio,
1681 1367 1965 1439 Spiritum

311 1454 441 1493 esse
470 1448 761 1500 sanctum.
799 1448 926 1502 llaec
957 1454 1096 1505 sunt
1129 1460 1477 1523 argumenta
1508 1460 1810 1511 auctorum
1831 1473 1964 1528 por-

311 1532 553 1617 tentosa:
584 1530 744 1589 illius
784 1540 958 1608 atque
1009 1557 1195 1610 pravae
1245 1543 1585 1599 additionis.
1636 1546 1752 1617 Ego
1805 1561 1962 1617 vero,

312 1614 555 1689 ignarus
577 1618 734 1689 licet,
767 1646 794 1673 «
829 1642 1064 1684 omnem
1098 1647 1341 1687 sensum
1374 1614 1699 1704 captivans—
1726 1634 1786 1689 in
1822 1614 1963 1691 obs;

312 1705 594 1764 dientiam
626 1711 864 1782 Christi,
905 1740 924 1764 ι
954 1717 1063 1773 hac
1097 1720 1317 1776 ratione
1348 1720 1474 1778 loca
1495 1722 1595 1778 illa
1623 1722 1965 1795 explico.Ea

314 1798 608 1855 sententia
636 1801 995 1861 Athanasius
1027 1808 1126 1874 ait,
1157 1809 1436 1881 Spiritum
1493 1828 1562 1868 ex
1605 1817 1775 1867 Patre
1811 1829 1963 1882 esse,

309 1889 375 2003 et
397 1903 446 2003 ειε
462 1888 642 1946 Verbo
669 1895 822 2003 quod
855 1911 924 1951 ex
947 1898 1110 2003 Patre
1142 1902 1419 1999 procedit.
1454 1904 1960 2003 Quem-admodum
1994 1939 2041 2003 B

309 1992 378 2030 ex
432 1976 561 2048 ipso
609 1987 895 2039 coaeterao
946 1986 1156 2045 Patre:
1208 1990 1362 2045 sicut
1406 1995 1463 2047 et
1515 1991 1773 2049 Verbum
1822 1993 1957 2048 mit-

307 2063 456 2120 titur
485 2067 773 2141 daturque
806 2072 1079 2131 ﬁdelibus
1119 2095 1153 2133 a
1207 2078 1451 2150 Spiritu,
1483 2081 1689 2137 eadem
1740 2082 1965 2137 ratione

306 2167 425 2222 qua
453 2154 526 2209 ab
559 2155 686 2227 ipso
716 2157 907 2217 Patre.
956 2162 1385 2221 Testimonium
1443 2167 1640 2240 accipe
1697 2168 1768 2224 ab
1835 2169 1964 2241 ipso

308 2242 492 2299 Verbo
522 2251 699 2318 atque
721 2249 887 2317 Filio,
919 2252 1147 2310 aiente:
1184 2277 1212 2306 «
1242 2256 1497 2327 Spiritus
1531 2256 1759 2313 Domini
1787 2275 1967 2330 super

310 2332 457 2389 τοι
497 2352 611 2403 me,
641 2354 708 2393 eo
731 2342 883 2408 quod
902 2345 1672 2419 unxeritme.Evangelizare
1691 2347 1963 2420 pauperi-

310 2421 423 2479 bus
454 2425 617 2482 misit
647 2444 740 2484 me
764 2431 829 2486 η.
856 2455 883 2481 ››
908 2433 1159 2490 Sanctus
1188 2452 1323 2507 ergo
1346 2437 1601 2509 Spiritus
1623 2437 1833 2494 Filium
1854 2456 1961 2494 un-

309 2512 396 2568 xit
423 2518 599 2586 atque
625 2518 818 2587 misit;
853 2522 955 2577 sed
986 2523 1164 2580 etiam
1211 2524 1379 2582 Pater
1421 2543 1487 2582 ex
1550 2528 1841 2584 ambobus
1871 2528 1961 2583 Fi-

308 2600 385 2658 lio
417 2603 642 2662 scilicet
671 2617 728 2662 et
755 2610 973 2681 Spiritu
1035 2614 1309 2670 mittitur.
1345 2618 1467 2682 Qua
1518 2618 1743 2674 ratione
1792 2636 1961 2690 porro

306 2691 364 2745 id
400 2692 519 2761 ﬁat,
553 2695 782 2753 Patrem
806 2700 943 2754 audi
982 2718 1085 2773 per
1112 2702 1324 2759 Isaiam
1376 2705 1720 2777 prophetam
1764 2706 1848 2762 ita
1878 2706 1963 2762 lo-

306 2789 585 2852 quentem
611 2801 626 2839 :
655 2807 684 2835 ‹‹
729 2788 880 2844 Audi
912 2807 1025 2858 me,
1084 2792 1267 2849 Jacob
1314 2799 1373 2850 et
1416 2795 1617 2863 Israel,
1651 2812 1824 2869 quem
1856 2812 1962 2868 ego

305 2886 483 2927 voco:
520 2878 635 2946 Ego
666 2874 821 2933 Deus
848 2878 1095 2950 primus,
1124 2886 1181 2937 et
1210 2898 1315 2955 ego
1372 2890 1504 2955 post
1532 2884 1653 2940 haac
1680 2902 1694 2941 :
1729 2890 1787 2941 et
1818 2903 1962 2957 prte-

307 2964 396 3014 ter
418 2977 508 3016 me
540 2979 654 3018 non
686 2970 777 3020 est
815 2967 991 3025 Deus.
1033 2970 1151 3042 Ego
1185 2988 1360 3028 manu
1396 2990 1527 3029 mea
1573 2974 1813 3030 fundavi
1845 2980 1961 3031 ter-

308 3065 456 3118 ram,
492 3056 549 3106 et
577 3052 833 3124 Spiritus
858 3074 1024 3115 meus
1065 3060 1321 3117 ﬁrmavit
1353 3062 1587 3119 omium.
1619 3064 1738 3136 Ego
1768 3063 1959 3120 omni-

307 3139 421 3195 bus
485 3143 662 3200 astris
720 3149 987 3220 pracepi.
1066 3151 1136 3207 Et
1217 3170 1374 3209 nunc
1448 3154 1733 3211 Dominus
1800 3154 1961 3211 misit

310 3245 404 3284 me
435 3231 497 3285 ίθ.
531 3254 559 3282 ››
587 3233 752 3290 Pater
782 3235 963 3308 igitur
984 3244 1074 3295 est
1103 3240 1203 3312 qui
1234 3241 1342 3298 hoc
1400 3241 1526 3299 loco
1577 3243 1755 3300 dicit:
1796 3268 1815 3294 α
1852 3243 1956 3299 Mi-

2081 651 2400 713 ’Δθανάσιος
2446 652 2536 706 καὶ
2585 649 2865 728 Κύριλλος
2916 652 2966 706 οἱ
3020 648 3289 724 ἀοίδιμοι,
3320 651 3458 727 πρὸς
3490 648 3549 705 δὲ
3578 650 3670 705 καὶ
3703 652 3731 706 6

2079 739 2363 795 Νυσσαέων
2440 740 2781 817 Γρηγόριος,
2864 747 2967 811 τῆς
3051 742 3371 818 προσθήκης
3450 740 3729 814 γεγόνασιν

2078 826 2264 887 αἶ’τιοι.
2297 830 2358 887 Ὁ
2392 831 2484 902 μὲν
2518 832 2622 906 γὰρ
2652 830 2966 895 Ἀθανάσιος
2998 830 3170 892 οῧτως
3201 830 3352 908 φησί·
3388 829 3467 887 Τὸ
3511 833 3734 903 Πνεῦμα

2079 916 2138 973 ἐκ
2182 923 2280 974 τοῦ
2333 919 2544 996 Πατρὸς
2593 920 2645 975 0i.
2697 919 2961 975 ἀντίθετοι
3010 918 3253 995 λέγουσι,
3313 919 3403 974 καὶ
3460 919 3609 995 παρὰ
3631 923 3731 974 τοῦ

2077 1007 2276 1084 Λόγου,
2307 1013 2405 1064 τοῦ
2434 1008 2495 1064 ἐκ
2524 1010 2758 1086 Πατρὸς,
2805 1008 3257 1085 ἐκπορευόμενον·
3308 1010 3337 1065 6
3385 1006 3443 1064 δὲ
3489 1009 3730 1081 Νύσσης,

2077 1096 2243 1153 εἰπὼν
2284 1099 2376 1153 τὸν
2424 1098 2547 1154 Υἱὸν
2595 1097 2732 1153 εἶναι
2779 1103 3069 1175 προσεχῶς
3100 1097 3161 1154 ἐκ
3198 1102 3295 1154 τοῦ
3322 1099 3545 1173 πρώτου
3573 1119 3730 1154 τουτ-

2076 1189 2186 1242 έστι
2238 1192 2336 1242 τοῦ
2393 1188 2625 1264 Πατρὸς,
2675 1187 2797 1259 ἑξῆς
2844 1186 3019 1264 λέγει·
3070 1189 3145 1247 Τὸ
3208 1192 3427 1262 Πνεῦμα
3484 1185 3575 1243 διὰ
3627 1192 3727 1244 τοῦ

2075 1281 2365 1353 προσεχῶς
2422 1276 2481 1332 ἐκ
2534 1281 2633 1333 τοῦ
2680 1278 2924 1352 πρώτου·
2975 1278 3003 1332 6
3049 1275 3106 1333 δέ
3147 1298 3208 1355 γε
3263 1278 3577 1356 σοφώτατος
3624 1278 3727 1332 Κό-

2076 1364 2270 1442 ριλλος
2315 1371 2629 1445 προφανῶς,
2682 1366 2869 1445 φησὶν,
2920 1364 3132 1441 εἷ’ρηκεν
3181 1365 3233 1438 ἐξ
3276 1367 3481 1445 ἀμφοῖν
3515 1368 3726 1441 Πατρὸς

2073 1455 2164 1510 καὶ
2239 1456 2367 1511 Υἰοῦ
2442 1457 2507 1511 τὸ
2577 1461 2796 1530 Πνεῦμα
2860 1457 2923 1511 τὸ
2996 1458 3171 1533 ἅγιον.
3231 1461 3408 1512 Ταῦτα
3463 1461 3571 1511 τῶν
3630 1463 3731 1526 τῆς

2075 1546 2270 1621 σαθρᾶς
2345 1547 2666 1617 προσθήκης
2738 1550 3117 1623 τερατουργῶν
3189 1545 3255 1601 τὰ
3332 1540 3726 1621 προϐλήματα.

2072 1634 2292 1710 Ἔγωγε
2348 1632 2394 1689 δ’
2452 1660 2480 1687 ‹‹
2539 1636 2677 1690 ἅπαν
2731 1634 2947 1708 νόημα,
3006 1658 3035 1686 ››
3101 1634 3292 1709 καίπερ
3348 1631 3421 1689 ὣν
3483 1634 3723 1708 ἀμαθὴς,

2079 1746 2101 1774 ι
2137 1722 2565 1799 αἰχμαλωτίζων
2595 1726 2673 1787 εἷς
2700 1726 2799 1794 τήν
2836 1724 3077 1793 ὑπακοὴν
3109 1728 3206 1779 τοῦ
3249 1726 3506 1800 Χριστοῦ,
3542 1746 3571 1775 »ι
3621 1720 3730 1778 ὧδέ

2071 1833 2189 1874 πως
2232 1817 2400 1868 ταῦτα
2447 1810 2713 1890 διασαφῶ.
2766 1813 2955 1876 Οὕτως
2999 1812 3061 1868 τὸ
3120 1817 3340 1887 Πνεῦμα
3367 1811 3429 1868 ἐκ
3483 1817 3584 1867 τοῦ
3615 1818 3729 1869 Πα-

2070 1902 2199 1976 τρός
2229 1923 2390 1980 φησιν
2422 1903 2764 1975 Ἀθανάσιος,
2796 1903 2886 1958 καὶ
2930 1903 3076 1974 παρά
3116 1906 3215 1958 τοῦ
3261 1902 3464 1977 Λόγου,
3518 1906 3617 1957 τοῦ
3669 1900 3729 1956 ἐκ

2074 1992 2303 2065 Πατρὸς,
2362 1990 2812 2067 ἐκπορευόμενον,
2874 1990 3054 2067 ὥσπερ
3110 1991 3203 2047 καὶ
3263 1990 3312 2065 ἐξ
3389 1989 3555 2047 αὐτοῦ
3629 1996 3729 2046 τοῦ

2074 2078 2349 2136 συναῖδίοο
2423 2081 2657 2157 Πατρὸς,
2738 2081 2875 2136 καθά
2938 2080 3029 2135 καὶ
3087 2080 3116 2135 6
3173 2081 3298 2143 Υἱὸς
3358 2078 3531 2142 οὓτως
3587 2079 3723 2135 ἀπο-

2073 2169 2355 2225 στέλλεται
2425 2173 2560 2245 (20),
2634 2170 2724 2225 καὶ
2796 2166 3005 2225 δίδοται
3079 2170 3227 2245 παρά
3304 2174 3403 2225 τοῦ
3478 2169 3729 2243 Πνεῦμα-

2072 2282 2165 2323 τος
2240 2266 2358 2323 τοῖς
2420 2266 2664 2329 πιστοῖς,
2725 2260 2801 2323 ὡς
2853 2259 2945 2315 καὶ
3001 2259 3053 2330 ἐξ
3113 2258 3282 2314 αὐτοῦ
3336 2263 3435 2314 τοῦ
3493 2257 3725 2334 Πατρός·

2070 2350 2160 2404 καὶ
2244 2351 2342 2419 τήν
2425 2348 2721 2426 μαρτυρίαν
2803 2349 2894 2403 ἀπ’
2952 2348 3118 2403 αὐτοῦ
3177 2342 3421 2421 λάμϐανε
3465 2352 3564 2404 τοῦ
3622 2348 3729 2402 Λό-

2070 2461 2169 2515 γου
2225 2439 2317 2494 καὶ
2373 2440 2523 2508 Υἱοῦ,
2588 2439 2868 2511 «Πνεῦμα
2923 2437 3144 2513 Κυρίου,
3179 2463 3206 2491 ››
3242 2436 3514 2514 λέγοντος,
3567 2460 3597 2490 (ι
3644 2435 3728 2493 ἐπ’

2073 2526 2191 2601 ἐμὲ,
2224 2527 2286 2581 οῦ
2318 2526 2514 2582 εἷ’νεκεν
2562 2522 2749 2603 ἕχρισέ
2807 2547 2893 2599 με.
2955 2523 3414 2601 Εὐαγγελίσασθαι
3470 2530 3724 2601 πτωχοῖς

2071 2614 2376 2671 ἀπέσταλκέ
2410 2636 2493 2689 με.
2536 2640 2563 2667 ››
2595 2617 2737 2689 Ἀρα
2765 2615 2828 2670 τὸ
2861 2618 3081 2688 Πνεῦμα
3108 2614 3198 2669 καὶ
3232 2613 3422 2690 ἔχρισε
3458 2613 3551 2669 τὸν
3583 2614 3724 2687 Υἱὸν,

2069 2704 2161 2760 καί
2209 2704 2557 2760 ἀπέσταλκεν·
2608 2702 2754 2760 ἀλλὰ
2803 2704 2893 2758 καὶ
2943 2704 2971 2759 ὁ
3023 2704 3209 2779 Πατὴρ
3258 2703 3310 2774 ἐξ
3355 2702 3562 2781 ἀμφοῖν
3596 2703 3726 2757 Υἱοῦ

2069 2795 2159 2849 καὶ
2190 2794 2503 2866 Πνεύματος
2536 2792 2952 2852 ἀποστέλλεται.
2984 2796 3174 2856 ’Όπως
3228 2789 3287 2848 δὲ
3332 2796 3520 2859 τοῦτο,
3564 2793 3727 2848 αὐτοῦ

2069 2887 2166 2939 τοῦ
2215 2884 2428 2959 ΙΙατρὸς
2478 2882 2622 2939 οὕτω
2672 2880 2762 2938 διὰ
2808 2879 3033 2941 Ἠσαίου
3059 2885 3157 2937 τοῦ
3188 2883 3482 2961 προφήτου
3536 2880 3725 2960 λέγον-

2068 2995 2163 3037 τος
2195 2972 2444 3029 ἄκουσον·
2479 2996 2508 3025 ‹‹
2551 2970 2751 3030 ’Άκουέ
2800 2993 2929 3045 μου,
2978 2966 3175 3029 Ἰακὼϐ
3216 2971 3308 3027 καὶ
3362 2972 3610 3049 Ἰσραὴλ,
3667 2970 3724 3026 ὅν

2070 3061 2176 3139 ἐγὼ
2201 3061 2375 3119 καλώ.
2410 3062 2550 3136 Ἐγὼ
2581 3061 2710 3124 Θεὸς
2763 3066 3006 3137 πρῶτος,
3066 3058 3177 3136 ἐγὼ
3205 3059 3296 3115 καὶ
3351 3059 3485 3134 μετά
3532 3063 3719 3115 ταῦτα·

2069 3152 2160 3207 καὶ
2190 3150 2335 3221 πλὴν
2370 3148 2505 3224 ἐμοῦ
2536 3151 2655 3213 θεὸς
2688 3149 2788 3205 οὐκ
2818 3146 2981 3208 ἔστιν.
3015 3149 3161 3226 Ἐγὼ
3191 3147 3339 3226 χειρί
3384 3170 3490 3222 μου
3540 3148 3724 3223 ἐθεμε-

2072 3240 2248 3297 λίωσα
2302 3242 2400 3310 τήν
2446 3247 2574 3315 γῆν,
2614 3239 2704 3294 καὶ
2760 3239 2823 3294 τὸ
2872 3238 3095 3313 ΙΙνεῦμά
3144 3256 3250 3314 μου
3300 3235 3588 3312 ἐστερέωσε
3630 3235 3725 3293 τὸν

300 3317 380 3407 sit
412 3335 524 3376 me.
553 3341 582 3371 »
610 3322 806 3379 Viden’
827 3309 1222 3399 aequalitatem
1259 3332 1437 3388 trium
1471 3348 1853 3404 personarum
1867 3350 1960 3390 ex-

2072 3330 2319 3407 οὐρανόν.
2377 3309 2516 3406 Ἐγὼ
2560 3309 2704 3384 ’πᾶσι
2752 3334 2870 3392 τοῖς
2921 3309 3156 3403 ἄστροις⁷
3191 3309 3569 3401 ἐνετειλάμην.
3625 3325 3727 3383 Καὶ

298 3406 641 3466 celsissimae
674 3413 959 3472 deitatis?
998 3418 1144 3474 Cum
1186 3420 1444 3492 Spiritus
1474 3427 1717 3478 sanctus
1770 3423 1955 3479 mitti-

306 3502 464 3554 tura
513 3500 766 3573 duobus,
828 3511 891 3561 ut
936 3509 1458 3567 consubstantialis
1508 3512 1764 3568 mittitur
1804 3512 1956 3569 Patri

306 3592 484 3660 atque
520 3591 677 3649 Filio.
710 3598 852 3651 Cum
904 3604 1099 3655 autem
1158 3600 1338 3658 Filius
1397 3619 1468 3659 ex
1498 3604 1680 3672 Patre,
1733 3608 1797 3659 ut
1827 3596 1960 3660 con-

302 3679 714 3740 substantialis
772 3686 948 3743 etiam
1006 3688 1284 3761 Spiritus.
1335 3694 1479 3749 Cum
1538 3698 1733 3749 autem
1791 3693 1963 3749 Pater

301 3784 371 3822 ex
399 3767 540 3826 Filio
588 3776 645 3828 et
700 3774 948 3846 Spiritu,
1000 3778 1169 3849 quasi
1218 3781 1762 3838 consubstantialis.
1813 3783 1958 3839 Cum

300 3854 447 3911 dixit
467 3857 667 3931 itaque
698 3879 951 3936 magnus
984 3867 1360 3940 Athanasius,
1392 3870 1645 3941 Spiritus
1693 3889 1763 3928 ex
1791 3876 1961 3929 Patre

298 3948 639 4017 procedens,
698 3952 1019 4011 declaravit
1077 3958 1376 4014 undenam
1429 3960 1685 4032 Spiritus
1743 3961 1960 4018 habeat

298 4034 767 4110 subsistentiam,
794 4043 1014 4101 scilicet
1044 4063 1113 4102 ex
1142 4046 1266 4104 solo
1314 4052 1504 4106 Patre.
1557 4050 1703 4107 Cum
1760 4056 1958 4108 autem

300 4125 384 4178 ait
415 4142 691 4186 rursum:
752 4131 839 4187 Ita
870 4138 960 4189 est
1001 4136 1254 4207 Spiritus
1283 4155 1352 4194 ex
1384 4142 1574 4206 Patre,
1626 4144 1692 4196 ut
1746 4146 1836 4197 est
1891 4158 1961 4197 ex

300 4212 443 4270 Filio
474 4216 576 4286 qui
604 4224 782 4277 estex
811 4221 1013 4293 Patre;
1070 4226 1463 4299 aequalitatem
1522 4229 1707 4286 Patris
1767 4239 1824 4287 et
1873 4231 1963 4287 Fi-

297 4300 362 4356 lii
394 4310 894 4379 commonstravit,
918 4318 983 4368 ut
1013 4313 1121 4370 hac
1154 4314 1211 4371 in
1230 4333 1292 4373 re
1322 4318 1711 4375 confunderet
1731 4319 1957 4392 impiis-

308 4391 527 4449 simum
560 4397 787 4467 Arium,
830 4400 932 4472 qui
974 4403 1184 4460 Filium
1237 4408 1567 4463 creaturam
1626 4425 1756 4465 esse
1797 4391 1958 4480 dicit,

301 4486 358 4537 et
381 4499 495 4539 non
531 4485 948 4561 Deumtquasi
981 4491 1141 4549 hisce
1190 4494 1357 4551 illum
1409 4496 1604 4553 verbis
1649 4497 1962 4572 compella-

299 4576 424 4627 ret:
485 4578 525 4626 Ο
584 4574 937 4649 impiissime
988 4584 1107 4651 Ari,
1167 4584 1252 4640 sic
1309 4585 1564 4658 Spiritus
1593 4587 1695 4658 qui
1731 4588 1961 4645 aPatre

2064 3424 2152 3475 νῦν
2187 3419 2382 3495 Κύριος
2415 3416 2718 3474 ἀπέσταλκέ
2751 3439 2837 3493 με.
2889 3441 2919 3471 ››
2952 3421 3092 3493 Ἄρα
3121 3418 3149 3473 6
3207 3419 3396 3494 Πατήρ
3447 3416 3588 3472 ἐστιν
3641 3415 3724 3471 ἐν·

2064 3514 2236 3573 ταῦθα
2290 3509 2319 3563 6
2377 3507 2551 3584 λέγων
2597 3507 2681 3563 τό·
2735 3530 2765 3561 ιι
2822 3505 3155 3564 Ἀπέσταλκέ
3203 3528 3288 3580 με.
3340 3531 3369 3560 η
3403 3508 3565 3583 Ὁρᾷς
3620 3506 3719 3574 τὴν

2068 3598 2341 3672 ἰσοτιμίαν
2388 3602 2496 3653 τῶν
2549 3601 2715 3673 τριῶν
2763 3597 3074 3674 προσώπων
3124 3603 3224 3666 τῆς
3259 3596 3566 3671 ὑπερτάτης
3599 3594 3717 3657 θεό-

2065 3706 2267 3759 τητος;
2317 3688 2448 3744 ’Ότε
2492 3688 2555 3742 τὸ
2614 3688 2835 3760 Πνεῦμα
2892 3686 2955 3742 τὸ
3022 3687 3169 3763 ἅγιον
3222 3682 3616 3740 ἀποστέλλεται
3666 3680 3717 3753 ἐξ

2068 3778 2298 3857 ἀμφοῖν,
2330 3776 2405 3838 ὡς
2435 3774 2729 3849 ὁμοούσιον
2762 3772 3151 3832 ἀποστέλλεται
3185 3772 3396 3848 ΙΙατρὸς
3445 3771 3536 3828 καὶ
3566 3771 3718 3827 Υἱοῦ.

2068 3870 2198 3924 ’Ότε
2227 3864 2284 3921 δὲ
2313 3867 2341 3921 6
2372 3865 2494 3928 Υἱὸς
2527 3864 2586 3919 ἐκ
2614 3869 2711 3920 τοῦ
2742 3864 2978 3941 ΙΙατρὸς,
3025 3863 3098 3925 ὡς
3147 3860 3445 3935 ὁμοούσιος
3491 3859 3581 3916 καὶ
3624 3863 3722 3916 τοῦ

2069 3955 2404 4030 Πνεύματος.
2463 3956 2593 4013 ’Ὀτε
2642 3951 2700 4009 δὲ
2751 3955 2778 4009 6
2826 3954 3011 4028 Πατὴρ
3069 3951 3130 4008 ἐκ
3176 3956 3274 4007 τοῦ
3320 3952 3451 4007 Υἱοῦ
3480 3949 3571 4006 καὶ
3628 3953 3727 4005 τοῦ

2068 4045 2408 4120 ΙΙνεύματος,
2469 4044 2543 4107 ὡς
2614 4042 2929 4117 ὁμοούσιος.
2985 4040 3174 4099 Εἰπὼν
3219 4039 3402 4098 τοίνυν
3454 4041 3483 4095 6
3555 4038 3725 4114 μέγας

2069 4133 2407 4200 ἰἰθανάσιος,
2453 4132 2517 4189 16
2591 4130 3020 4208 ἐκπορευόμενον
3065 4134 3165 4185 τοῦ
3224 4129 3435 4206 Πατρὸς
3486 4132 3726 4201 Πνεῦμα,

2069 4222 2346 4295 ἐδήλωσεν
2399 4224 2518 4288 ὅθεν
2571 4219 2690 4297 ἔχει
2736 4220 2796 4275 τὸ
2845 4222 3068 4293 Πνεῦμα
3120 4220 3221 4288 τὴν
3255 4218 3503 4292 ὕπαρξιν,
3539 4216 3600 4273 ἐκ
3633 4216 3732 4291 μό-

2068 4334 2163 4368 νου
2214 4310 2473 4383 δηλονότι
2516 4316 2615 4366 τοῦ
2665 4310 2897 4386 Πατρός.
2939 4308 3125 4378 Εἰπὼν
3161 4305 3219 4363 δὲ
3248 4306 3415 4363 πάλιν
3451 4305 3635 4362 οὕπτω
3664 4308 3729 4362 τὸ

2070 4406 2293 4476 Πνεῦμα
2342 4401 2403 4457 ἐκ
2446 4405 2548 4455 τυῦ
2597 4400 2827 4475 ΙΙατρὸς,
2878 4399 2953 4462 ὡς
2994 4399 3141 4475 παρὰ
3170 4401 3268 4453 τοῦ
3300 4397 3481 4473 Λόγου
3539 4400 3636 4452 τοῦ
3668 4395 3728 4450 ἐκ

2070 4492 2304 4567 Πατρὸς,
2362 4490 2461 4561 τήν
2523 4488 2798 4563 ἰσοτιμίαν
2859 4485 3106 4559 ἐδήλωσε
3162 4486 3373 4562 Πατρὸς
3432 4485 3524 4541 καὶ
3573 4486 3724 4555 Υἱοῦ,

2069 4580 2422 4657 καταισχῦναι
2502 4579 2553 4635 ἐν
2617 4578 2795 4653 τούτῳ
2851 4577 2946 4633 τὸν
3004 4577 3308 4633 ἀθεώτατον
3363 4577 3606 4652 νΔρειον,
3663 4574 3722 4637 ὅς

300 4663 582 4756 procedit,
641 4682 675 4756 a
733 4667 875 4725 Filio
935 4687 1110 4742 quem
1159 4677 1222 4729 tu
1265 4674 1662 4747 blasphemas,
1694 4676 1961 4748 splendet

2071 4671 2271 4745 κτίσμα
2329 4668 2505 4745 ἔλεγε,
2563 4669 2653 4725 καὶ
2704 4668 2766 4725 οὐ
2815 4667 2943 4725 Θεὸν
2990 4666 3082 4722 τὸν
3129 4666 3276 4721 Υὶόν·
3336 4664 3500 4721 οἱονεὶ
3556 4668 3727 4719 ταῦτα

297 4750 590 4823 daturque
650 4754 946 4822 ﬁdelibus,
1001 4764 1325 4818 secundum
1371 4765 1502 4836 ejus
1559 4767 1958 4839 operationem

297 4849 468 4913 atque
501 4842 742 4911 donum,
778 4851 1280 4918 quemadmodum
1310 4853 1382 4909 ab
1422 4853 1550 4925 ipso
1600 4856 1959 4926 sempiterno

297 4933 489 4986 Patre.
524 4934 688 4998 Quod
720 4940 917 4993 autem
942 4938 1049 4995 hoc
1080 4942 1151 4996 ad
1185 4942 1340 4999 hunc
1363 4944 1606 5000 modum
1630 4962 1692 5002 se
1723 4945 1955 5017 habeat,

295 5019 447 5089 vide,
481 5036 701 5092 quaeso,
728 5026 870 5097 quid
922 5028 993 5083 ad
1028 5029 1413 5103 Serapionem
1461 5034 1682 5091 scribat
1727 5035 1958 5108 episco-

303 5125 441 5179 pum
476 5109 574 5167 ille
608 5113 790 5182 Pater,
824 5116 924 5188 qui
958 5118 1030 5173 ab
1079 5118 1519 5179 immortalitate
1552 5141 1765 5181 nomen
1796 5141 1958 5182 acce-

300 5196 403 5268 pit.
440 5199 654 5257 Eadem
686 5202 840 5259 enim
873 5204 1156 5279 loquitur,
1188 5210 1377 5282 deque
1434 5211 1647 5267 iisdem
1706 5212 1959 5284 philoso-

296 5286 514 5357 phatur
545 5289 707 5349 hisce
739 5294 967 5350 verbis:
1002 5296 1510 5360 Quemadmodum
1552 5300 1733 5358 Filius
1765 5302 1959 5375 proles

296 5380 387 5431 est
421 5378 719 5451 unigenita
751 5382 958 5454 Patris,
990 5384 1069 5442 ita
1128 5391 1187 5443 ct
1236 5387 1492 5460 Spiritus
1532 5406 1567 5446 a
1594 5390 1739 5447 Filio
1760 5393 1955 5461 datus,

375 5570 419 5606 1⁵
454 5572 704 5642 lsa.Lx1,
739 5576 763 5630 1
795 5593 808 5645 ;
847 5575 985 5635 Luc.
1018 5594 1095 5651 ιν,
1131 5580 1216 5636 18.
1270 5581 1314 5617 ¹⁶
1374 5580 1487 5637 Isa.
1537 5598 1730 5654 xnvm,
1766 5584 1963 5641 12-16.

375 5757 485 5831 (20)
514 5757 618 5817 Hic
640 5760 856 5822 desunt
882 5765 1187 5824 nonnulla.

2071 4761 2249 4838 λέγων
2316 4760 2450 4837 πρὸς
2514 4758 2698 4814 αὐτόν·
2766 4761 2833 4813 Ὦ
2882 4758 3155 4823 ἀθεώτατε
3205 4760 3411 4833 νΑρειε,
3463 4752 3606 4810 οὕτω
3660 4751 3725 4808 τὰ

2072 4849 2501 4927 ἐκτορευόμενον
2568 4851 2785 4922 Πνεῦμα
2843 4851 2941 4902 τοῦ
2990 4845 3223 4921 Πατρὸς,
3284 4843 3432 4920 παρά
3476 4848 3572 4899 τοῦ
3622 4844 3726 4900 ὑπὸ

2071 4938 2166 4996 σοῦ
2238 4937 2742 5017 βλασφημουμένου
2818 4937 2948 4992 Υἱοῦ
3023 4934 3293 5008 ἐκλάμπει
3364 4933 3456 4989 καὶ
3514 4930 3723 4989 δίδοται

2066 5035 2184 5092 τοῖς
2237 5033 2455 5091 πιστοῖς
2510 5027 2647 5083 κατᾶ
2700 5028 2801 5096 τὴν
2855 5026 3021 5081 αὐτοῦ
3070 5023 3340 5100 ἐνέργειαν
3371 5022 3461 5077 καὶ
3493 5019 3724 5097 δωρεὰν,

2069 5116 2250 5195 ὣσπερ
2297 5117 2389 5174 καὶ
2435 5117 2487 5189 ἐξ
2541 5115 2705 5172 αὐτοῦ
2751 5120 2849 5172 τοῦ
2900 5111 3183 5171 συδαϊδίου
3231 5111 3461 5188 Πατρός.
3512 5113 3631 5167 Ὅτι
3664 5110 3724 5167 δὲ

2067 5214 2228 5265 τοῦτο
2281 5212 2528 5264 τοιοῦτον
2572 5202 2688 5282 ἔχει
2734 5206 2826 5262 τὸν
2852 5204 3081 5281 τρόπον,
3112 5201 3213 5279 ὅρα
3253 5200 3307 5258 τί
3337 5202 3530 5279 γράφει
3583 5201 3723 5277 πρὸς

2065 5299 2159 5355 τὸν
2235 5297 2528 5354 ἐπίσκοπον
2605 5296 2697 5353 τὸν
2778 5294 3118 5372 Σεραπίωνα,
3178 5293 3207 5348 6
3275 5295 3378 5357 τῆς
3436 5289 3726 5356 ἀθανασίας

2068 5386 2375 5463 ἀξιώνυμος
2428 5385 2583 5451 οὗτος
2634 5387 2846 5463 Πατήρ.
2900 5385 2977 5440 Τὰ
3028 5383 3162 5439 αὐτὰ
3206 5383 3308 5461 γὰρ
3385 5381 3584 5460 λέγων,
3635 5381 3727 5436 καὶ
