4148 6354
368 423 488 482 829

1565 419 1831 482 SERMO
1875 417 2189 479 CONTRA
2233 417 2597 480 LA’I‘INOS.

3671 423 3792 484 830

371 551 688 630 φιλοσοφῶν
743 551 867 627 περὶ
923 555 1032 607 τῶν
1093 551 1286 624 αὐτῶν,
1335 550 1480 607 οὕτω
1535 550 1752 606 κάκεῖσέ
1810 571 1972 628 φησιν
2005 565 2018 580 °

2155 553 2314 622 itque
2346 551 2588 614 missus,
2611 551 2733 622 ipse
2757 567 2992 624 quoque
3017 569 3170 608 unus
3218 557 3308 609 est
3358 559 3414 610 et
3446 572 3560 610 non
3596 556 3792 625 multi,

371 644 574 716 Ηξηξσιτερ
608 642 852 716 γέννημα
889 641 1178 716 μονογενές
1228 641 1369 696 ἐστιν
1400 643 1426 695 ὁ
1460 641 1581 703 Υἱὸς
1638 645 1736 695 τοῦ
1795 639 2028 714 Πατρὸς,

375 732 520 788 οὕτω
576 731 666 786 καί
714 731 778 786 τὸ
827 735 1048 804 Πνεῦμα
1095 731 1240 806 παρά
1286 735 1385 785 τοῦ
1432 731 1559 784 Υἱοῦ
1609 727 1892 802 διδόμενον
1939 727 2029 782 καὶ

371 820 750 894 πεμπόμενον,
812 819 901 874 καὶ
977 819 1106 874 αὐτὸ
1161 819 1217 874 ’ὲν
1273 820 1362 873 καὶ
1418 819 1479 874 οὐ
1534 817 1742 887 πολλὰ,
1804 815 1916 871 οὐδ’
1973 816 2033 871 ἐκ

377 909 631 979 πολλῶν,
669 908 748 980 ἓν,
803 909 949 964 ἀλλᾶ
1009 904 1166 981 μόνον
1227 909 1355 963 αὐτὸ
1418 913 1656 982 Πνεῦμα.
1717 908 1870 968 Ἑνὸς
1928 909 2030 982 γὰρ

378 996 532 1062 ὄντος
588 1003 685 1054 τοῦ
743 999 873 1053 1”ιοῦ
927 1002 1024 1054 τοῦ
1084 1002 1282 1067 ζῶντος
1339 998 1547 1072 Λόγου,
1584 998 1708 1071 μίαν
1757 997 1889 1051 εἶναι
1952 991 2034 1050 δεῖ

377 1087 588 1144 τελείαν
641 1087 732 1142 καὶ
779 1085 970 1162 πλήρη
1020 1089 1120 1157 τὴν
1182 1088 1501 1162 ἀγιαστικήν
1549 1087 1640 1141 καὶ
1699 1085 2029 1163 φωτιστικὴν

383 1178 552 1247 ζωὴν,
613 1175 770 1231 οῦσαν
833 1175 1098 1252 ἐνέργειαν
1147 1176 1238 1230 καὶ
1303 1174 1507 1252 δωρεὰν
1563 1176 1747 1244 αὐτοῦ,
1803 1174 1926 1244 ἥτις
1971 1195 2035 1248 γε

382 1267 439 1321 ἐκ
498 1266 703 1342 Πανρὸς
761 1263 976 1340 λέγεται
1038 1265 1444 1343 ἐκπορεόεσΟαι,
1499 1263 1687 1334 ἐπειδὴ
1747 1264 1893 1337 παρᾶ
1936 1261 2034 1318 τοῦ

386 1355 568 1431 Λόγου
614 1353 710 1410 τοῦ
763 1375 822 1409 εκ
862 1355 1070 1430 [ἰατρὸς
1122 1354 1572 1432 ὁμολογουμένου
1618 1353 1887 1427 ἐκλάμπει
1946 1354 2034 1407 καὶ

385 1443 778 1500 ἀποστέλλεται
828 1445 917 1498 καὶ
991 1441 1218 1501 δίδοται.
1269 1447 1470 1518 Ὥσπερ
1519 1444 1758 1520 γέννημα
1811 1464 2038 1518 μονογε-

385 1534 488 1604 νὲς,
534 1532 720 1610 φησὶν,
755 1533 782 1587 6
813 1533 938 1595 Υἱὸς
992 1531 1088 1588 τοῦ
1135 1534 1365 1608 Πατρὸς,
1396 1533 1538 1587 οὕτω
1590 1533 1678 1587 καὶ
1735 1528 2039 1609 πρόϐλημα

381 1627 481 1676 τοῦ
548 1621 710 1675 αὐτοῦ
781 1622 992 1695 Πατρὸς
1051 1622 1106 1677 ἓν
1164 1624 1225 1677 τὸ
1286 1627 1506 1694 Πνεῦμα
1561 1622 1650 1676 καὶ
1709 1622 1771 1677 οὐ
1831 1619 2036 1688 πολλὰ,

387 1707 502 1765 οὐδ’
534 1709 593 1765 ἐκ
621 1709 849 1764 πολλῶν
885 1707 1143 1780 δηλονότι
1174 1713 1272 1780 τήν
1306 1711 1529 1786 ὕπαρξιν
1591 1707 1851 1787 ἐσχηκός.
1888 1709 2041 1767 Ἀλλ’

389 1800 464 1862 ὡς
527 1799 689 1872 μόνον
750 1799 881 1853 αὑτὸ
940 1805 1162 1873 Πνεῦμα
1217 1800 1307 1854 καὶ
1366 1795 1692 1874 πρόϐλημα,
1727 1800 1899 1862 οὕτως
1949 1799 2040 1854 καὶ

2142 654 2332 708 neque
2364 655 2431 694 cx
2464 637 2666 694 multis
2705 655 2881 706 unus,
2942 640 3042 695 sed
3102 639 3227 711 ipse
3285 640 3447 696 solus
3505 643 3787 714 Spiritus.

2143 724 2306 782 Unus
2339 727 2491 782 enim
2529 744 2661 782 cum
2695 728 2775 783 sit
2807 727 2988 783 Filius
3045 728 3302 784 Verbum
3361 730 3583 798 vivens,
3615 748 3794 786 unam

2143 833 2274 872 esse
2306 822 2531 888 oportet
2562 817 2874 888 perfectam
2908 817 3279 890 plenamque,
3326 821 3790 876 sanctilicantem

2143 912 2318 978 atque
2351 907 2787 961 illuminantem
2819 907 3018 972 vitam,
3056 925 3180 978 quae
3240 909 3318 963 sit
3375 910 3504 980 ejus
3536 911 3794 982 Operatio

2144 1002 2320 1067 atque
2350 997 2591 1076 donum,
2628 1014 2758 1068 quae
2815 997 3031 1052 dicitur
3088 1013 3156 1051 ex
3211 997 3380 1052 Patre
3439 1000 3792 1068 procedere;

2146 1088 2624 1158 quandoquidem
2660 1105 2728 1142 ex
2759 1089 2967 1154 Verbo,
3003 1089 3158 1160 quod
3218 1105 3287 1143 ex
3339 1089 3509 1144 Patre
3565 1107 3693 1145 esse
3736 1091 3794 1145 in

2146 1177 2412 1232 confesso
2443 1182 2551 1244 est,
2585 1176 2875 1248 splendet,
2913 1178 3166 1231 mittitur
3196 1181 3373 1248 atque
3403 1179 3594 1232 datur.
3633 1179 3798 1234 Sicut

2148 1265 2342 1337 proles
2393 1266 2699 1338 unigenita
2726 1271 2834 1331 est,
2869 1267 2968 1331 ait,
3002 1267 3190 1321 Patris
3251 1267 3452 1337 Filius,
3479 1267 3558 1322 ita
3590 1280 3648 1323 et
3676 1286 3805 1339 pro-

2148 1355 2346 1411 ductio
2369 1356 2634 1427 ejusdem
2660 1355 2846 1411 Patris
2869 1361 2957 1411 est
2981 1373 3134 1410 unus
3157 1355 3406 1426 Spiritus
3429 1361 3484 1411 et
3506 1374 3619 1412 non
3655 1358 3807 1412 mul-

2149 1445 2212 1512 ti,
2249 1463 2353 1500 nec
2384 1463 2451 1501 ex
2485 1445 2710 1513 multis,
2747 1451 2808 1500 ut
2840 1445 3080 1516 planum
3114 1451 3222 1513 est,
3256 1445 3432 1500 habet
3475 1447 3804 1501 subsisten-

2149 1536 2440 1590 tiam.Sed
2473 1535 2626 1589 sicut
2659 1553 2810 1590 unus
2843 1540 2931 1590 est
2960 1535 3085 1606 ipse
3114 1535 3389 1606 Spiritus,
3423 1552 3607 1589 unum
3663 1552 3799 1605 pro-

2152 1625 2416 1692 ductum,
2452 1624 2535 1679 ita
2566 1629 2623 1678 et
2652 1641 2720 1678 ex
2752 1623 2875 1679 solo
2905 1630 2964 1679 et
2993 1640 3109 1678 uno
3141 1629 3232 1681 est
3259 1625 3447 1679 Patre.
3477 1625 3622 1679 Cum
3653 1641 3803 1679 unus

2151 1730 2408 1783 namque
2438 1713 2515 1768 sit
2546 1713 2729 1768 Filius
2761 1713 2958 1768 vivens
2988 1713 3268 1779 Verbum,
3302 1718 3501 1784 utpote.
3557 1730 3626 1767 ex
3685 1729 3799 1768 uno

2152 1803 2320 1858 Patre
2345 1821 2358 1870 ;
2394 1819 2570 1857 unam
2604 1819 2832 1874 quoque
2852 1807 3080 1872 oportet
3101 1819 3226 1858 esse
3249 1804 3562 1874 perfectam
3587 1807 3644 1856 et
3679 1801 3804 1874 ple-

387 1887 446 1943 ἐκ
505 1887 674 1960 μόνου
729 1892 891 1942 τοῦτο
952 1887 1118 1961 καίἐξ
1152 1889 1269 1950 ἐνὸς
1316 1893 1412 1943 τοῦ
1467 1890 1694 1964 Πατρός.
1731 1890 1883 1951 Ἐνὸς
1938 1890 2038 1964 γὰρ

2155 1909 2312 1958 nam,
2356 1892 2819 1947 sanctificantem
2853 1896 2907 1946 et
2939 1891 3374 1946 illuminantem
3433 1892 3636 1958 vitam,
3670 1909 3797 1963 quae

387 1973 540 2038 ὄντος
593 1981 690 2032 τοῦ
749 1978 877 2032 1":05
919 1977 1017 2032 105
1053 1982 1253 2048 ζῶντος
1287 1974 1492 2052 Λὸγου,
1526 1977 1600 2040 ὡς
1663 1977 1712 2048 ἐξ
1774 1978 1892 2040 ἐνὸς
1946 1983 2042 2033 τοῦ

388 2067 620 2142 Πατρὸς,
652 2065 742 2120 καὶ
788 2066 910 2139 μίαν
963 2068 1094 2120 εἶναι
1154 2063 1236 2120 δεῖ
1285 2065 1497 2121 τελείαν
1548 2067 1638 2121 καὶ
1691 2066 1882 2143 πλήρη
1941 2069 2040 2136 τήν

392 2157 706 2231 ἁγιαστικὴν
747 2155 836 2210 καὶ
888 2155 1220 2233 φωτιστικήν
1275 2155 1440 2224 ζωὴν,
1474 2154 1593 2224 ἥτις
1644 2156 1710 2224 ἦν
1761 2156 1824 2210 τὸ
1883 2157 2046 2212 Πνεῦ-

397 2267 469 2319 μα
498 2246 560 2300 τὸ
602 2247 780 2321 ἅγιον,
811 2245 874 2300 τὸ
918 2247 1016 2314 τήν
1070 2243 1205 2300 ἰδίαν
1260 2245 1450 2299 ἑαυτοῦ
1509 2242 1712 2320 δωρεὰν
1773 2243 2041 2320 ἐνεργοῦν,

390 2334 480 2388 καὶ
539 2331 780 2409 διαιροῦν
841 2331 952 2404 ἰδίᾳ
1008 2333 1213 2406 ἑκάστῳ
1247 2377 1260 2402 ,
1319 2334 1496 2395 καθὼς
1558 2331 1838 2409 βούλεται.
1888 2336 2044 2395 "Huc

391 2443 455 2497 γε
486 2419 668 2498 δωρεὰ
692 2420 781 2476 διὰ
808 2426 970 2483 τοῦτο
1001 2423 1061 2476 ἐκ
1106 2426 1204 2476 τοῦ
1254 2422 1464 2496 ΙΙατρὸς
1525 2420 1734 2497 λέγεται
1795 2421 2046 2500 ἐκπορεύ-

393 2513 561 2582 εσθαι,
609 2512 880 2566 τουτέστιν
929 2511 1207 2587 ἐκχεῖσθαι
1255 2511 1345 2565 καὶ
1395 2511 1848 2584 ἀποστέλλεσθαι,
1897 2511 2044 2567 ἐπει-

394 2598 461 2670 δὴ
523 2600 670 2676 παρὰ
719 2605 821 2655 τοῦ
877 2601 1059 2674 Λόγου
1115 2605 1212 2655 τοῦ
1265 2599 1324 2654 ἐκ
1353 2601 1562 2676 Πατρὸς
1595 2600 2044 2677 ὁμολογουμένου

395 2687 666 2761 ἐκλάμπει
713 2689 803 2743 καὶ
864 2686 1257 2744 ἀποστέλλεται
1315 2688 1406 2743 καὶ
1466 2686 1696 2746 δίδοται.
1732 2688 2046 2769 Φιλοσοφή-

391 2799 484 2840 σας
515 2783 733 2853 πρῶτον
769 2778 797 2832 6
829 2779 981 2852 ἅγιος
1013 2778 1136 2851 περὶ
1167 2785 1268 2846 τῆς
1325 2778 1662 2853 προαιωνίου
1716 2784 1817 2834 τοῦ
1872 2781 2046 2836 Πνεό-

397 2887 566 2939 ματος
617 2865 988 2939 ἐκπορεύσεως
1035 2863 1312 2942 ἀμυδρῶς,
1350 2866 1516 2940 μόνον
1575 2867 1704 2923 αὐτὸ
1761 2866 2045 2940 ἀποδείξας

393 2950 721 3029 πρόϐλημα,
753 2956 829 3017 ὡς
889 2955 939 3026 ἐξ
998 2955 1114 3018 ἑνὸς
1169 2961 1265 3011 τοῦ
1321 2951 1644 3031 προϐολέως
1689 2979 1748 3012 τε
1796 2959 1884 3013 καὶ
1946 2967 2049 3014 Πα-

391 3042 666 3120 τρὸς,διᾶ
711 3049 819 3099 τῶν
876 3046 998 3117 ἑξῆς
1055 3047 1192 3118 ἡμῖν
1247 3043 1595 3101 ἀποδείκνυσι
1661 3046 1808 3120 μάλα
1864 3054 2044 3126 σαφῶς

393 3134 482 3188 καὶ
538 3135 636 3203 τὴν
699 3135 801 3190 ὑπὸ
858 3134 1056 3210 χρόνον
1089 3135 1377 3211 πρόχυσιν,
1410 3136 1484 3198 ὡς
1538 3134 1588 3205 ἐξ
1644 3136 1847 3214 ἀμφοῖν
1883 3138 2048 3213 ὑπάρ-

395 3241 598 3297 χουσαν
629 3224 837 3299 Ιιατρὸς
870 3223 956 3278 καὶ
1007 3225 1150 3280 Υἱοῦ.
1186 3227 1355 3298 Ὅπερ
1405 3221 1462 3278 δὲ
1523 3222 1742 3280 δύναται
1793 3225 1904 3281 ἐκεῖ
1956 3229 2039 3297 τὸ,

2155 1987 2246 2035 est
2277 1979 2533 2052 Spiritus
2565 1985 2826 2048 sanctus,
2863 1979 2962 2051 qui
2993 1979 3211 2034 donum
3244 1979 3369 2049 ipse
3401 1996 3576 2034 suum
3609 1995 3809 2050 opera-

2153 2073 2270 2138 tur,
2302 2075 2358 2124 et
2389 2068 2595 2124 dividit
2626 2068 2858 2140 proprie
2914 2067 3166 2138 singulis
3224 2073 3398 2140 prout
3451 2067 3593 2122 vult.
3638 2067 3801 2131 Quod

2153 2157 2374 2211 donum
2407 2155 2536 2210 ideo
2568 2171 2637 2210 ex
2668 2156 2834 2210 Patre
2892 2154 3108 2210 dicitur
3164 2156 3495 2226 procedere,
3529 2156 3638 2210 hoc
3687 2161 3798 2223 est,

2154 2245 2375 2300 etfundi
2405 2252 2579 2316 atque
2611 2244 2786 2310 mitti,
2820 2245 2958 2315 quia
2988 2262 3021 2299 a
3052 2244 3260 2311 Vcrbo,
3302 2246 3457 2315 quod
3517 2261 3585 2300 ex
3635 2245 3804 2299 Patre

2156 2352 2286 2390 esse
2316 2335 2374 2389 in
2408 2335 2676 2389 confesso
2709 2341 2818 2400 est,
2878 2333 3162 2405 splendet,
3199 2335 3454 2389 mittitur
3510 2339 3568 2389 et
3607 2334 3804 2389 datur.

2157 2425 2298 2478 Cum
2332 2423 2496 2495 prius
2528 2429 2767 2478 sanctus
2797 2421 2894 2477 ille
2927 2422 3309 2478 ratiocinatus
3341 2423 3700 2478 subobscure
3722 2439 3808 2478 es-

2155 2517 2240 2569 set
2271 2513 2343 2567 de
2374 2511 2746 2585 processione
2778 2512 3033 2583 Spiritus
3089 2529 3212 2582 qua:
3267 2518 3358 2568 est
3403 2519 3537 2568 ante
3569 2513 3804 2580 saecula,

2156 2602 2466 2673 solumque
2499 2601 2694 2673 ipsum
2727 2601 3045 2656 ostendens
3069 2617 3198 2656 esse
3229 2601 3602 2673 productum,
3635 2601 3805 2672 quasi

2157 2708 2224 2748 ex
2257 2709 2372 2747 uno
2405 2692 2778 2763 productore,
2809 2695 2985 2762 atque
3017 2690 3222 2746 Patre:
3275 2690 3332 2744 in
3393 2690 3804 2761 subsequenti-

2158 2783 2268 2836 bus
2301 2782 2470 2836 nobis
2501 2780 2724 2851 liquido
2756 2779 3015 2835 declarat
3070 2797 3198 2835 eam
3257 2796 3386 2851 quas
3439 2780 3499 2834 in
3540 2785 3802 2852 tempore

2157 2877 2244 2926 est
2266 2870 2687 2943 profusionem,
2712 2869 2879 2941 quasi
2903 2886 2972 2924 ex
2993 2869 3247 2931 duobus,
3279 2869 3438 2923 l'atre
3469 2867 3691 2924 scilicet
3712 2875 3802 2924 at—

2158 2979 2273 3033 que
2308 2961 2466 3029 Filio,
2501 2961 2875 3016 exsistentem
2907 2979 2920 3025 ;
2958 2962 3110 3030 quod
3164 2960 3381 3015 ibidem
3440 2961 3809 3032 significatur

2158 3052 2268 3106 hoc
2297 3052 2488 3108 dicto:
2522 3052 2616 3106 Sic
2649 3050 2904 3122 Spiritus
2935 3067 3004 3104 ex
3058 3050 3247 3116 Patre,
3302 3051 3802 3120 quemadmodum

2158 3159 2192 3196 a
2222 3142 2410 3197 Verbo
2442 3141 2596 3212 quod
2630 3146 2719 3195 est
2749 3156 2816 3194 ex
2847 3139 3033 3194 Patre.
3092 3139 3175 3193 lta
3234 3155 3465 3209 quoque
3509 3139 3630 3194 .hoc
3683 3140 3808 3195 loco

2157 3231 2299 3286 illud
2327 3248 2338 3285 :
2374 3233 2506 3295 Quaa
2539 3247 2608 3284 ex
2637 3234 2805 3284 Patre
2836 3228 3053 3282 dicitur
3083 3229 3411 3300 procedere,
3436 3229 3803 3299 quandoqui-

391 3310 550 3366 051w
595 3313 658 3366 16
711 3317 926 3384 Πνεῦμα
970 3310 1030 3366 ἐκ
1074 3317 1172 3368 105
1221 3314 1457 3390 Πατρὸς,
1490 3315 1565 3377 ὡς
1611 3317 1759 3392 παρὰ
1799 3322 1896 3371 105
1937 3319 2041 3373 Λό-

2157 3322 2287 3376 dezn
2322 3337 2355 3375 a
2386 3318 2593 3386 Verbo,
2627 3321 2782 3388 quod
2813 3335 2882 3371 ex
2910 3317 3076 3372 Patre
3106 3333 3234 3373 esse
3280 3317 3341 3371 in
3389 3317 3652 3373 confesso
3691 3325 3802 3388 est,

397 3421 495 3476 γου
550 3405 646 3456 τοῦ
707 3399 766 3456 ἐκ
820 3402 1052 3478 Πατρὸς,
1115 3401 1290 3464 οὕτως
1350 3401 1573 3457 ἐνταῦθα
1628 3404 1717 3458 καὶ
1775 3405 1855 3459 τό·
1889 3409 2044 3470 ’Ήτις

2157 3409 2448 3481 splendet,
2483 3408 2740 3462 mittitur
2767 3412 2824 3461 ct
2855 3407 3046 3461 datur.

389 3513 454 3567 γε
506 3489 566 3546 ἐκ
619 3493 717 3546 τοῦ
777 3491 984 3567 Πατρὸς
1042 3490 1247 3567 λίγεται
1303 3491 1704 3570 ἐκπορεύεσθαι,
1757 3493 1942 3567 ἐπειδὴ
2003 3500 2150 3577 παρὰ
2203 3503 2299 3555 τοῦ
2357 3493 2534 3572 Λόγου
2589 3500 2686 3550 τοῦ
2730 3493 2788 3550 ἐκ
2818 3495 3028 3570 Πατρὸς
3061 3494 3513 3573 ὁμολογουμένου
3545 3494 3814 3570 ἐκλάμπει

390 3581 481 3636 καὶ
515 3579 911 3638 ἀποστέλλεται
943 3581 1031 3636 καὶ
1066 3578 1296 3640 δίδοται.

464 3710 516 3764 3.
581 3711 706 3766 Κατ’
767 3707 924 3763 αὐτὸν
1005 3705 1064 3763 δὲ
1135 3708 1226 3763 τὸν
1300 3708 1500 3784 τρόπον
1575 3709 1665 3766 καὶ
1737 3711 1765 3765 ὁ
1824 3710 2044 3784 Νύσης

396 3797 701 3871 Γρηγόριος
749 3797 812 3852 τὸ
873 3798 1096 3870 Πνεῦμα
1155 3793 1243 3853 διὰ
1315 3802 1419 3852 τοῦ
1491 3803 1782 3874 προσεχῶς
1841 3800 1900 3856 ἐκ
1950 3807 2048 3858 τοῦ

395 3886 617 3956 πρώτου
674 3885 828 3963 φησί’
867 3886 1000 3958 μετᾶ
1056 3889 1154 3940 τοῦ
1207 3887 1335 3940 Υἱοῦ
1368 3884 1627 3956 δηλονότι
1687 3893 2050 3963 συνημμένους

397 3974 486 4027 καὶ
544 3975 694 4046 ἅμα,
755 3973 844 4028 καὶ
918 3973 980 4028 οὐ
1041 3975 1176 4045 μετά
1229 3975 1320 4028 τὸν
1381 3976 1502 4030 Υὶὸν
1565 3976 1854 4048 ὑστερίζων
1915 3981 2050 4036 κατὰ

397 4064 495 4132 τὴν
574 4061 796 4138 ὕπαρξιν
835 4106 850 4120 .
907 4062 1090 4119 Εἰπὼν
1175 4059 1233 4118 δὲ
1287 4067 1378 4118 τὸν
1437 4065 1559 4118 Υἱὸν
1630 4073 1922 4142 προσεχῶς
1991 4069 2050 4124 ἐκ

395 4158 493 4208 τοῦ
571 4153 815 4229 πρώτου,
881 4153 955 4224 μή
1011 4151 1202 4225 νόμιζε
1277 4154 1353 4225 μή
1429 4153 1518 4208 καὶ
1575 4153 1733 4218 αὐτὸς
1797 4157 1929 4211 εἶναι
1987 4160 2048 4214 τὸ

400 4246 619 4316 Πνεῦμα
691 4246 987 4318 προσεχῶς
1049 4240 1108 4296 ἐκ
1173 4246 1270 4297 τοῦ
1345 4243 1605 4316 πρώτου.
1665 4247 1868 4322 Ὥσπερ
1946 4247 2047 4322 γὰρ

397 4333 425 4387 6
482 4333 604 4395 Υἱὸς
662 4337 951 4407 προσεχῶς
1030 4331 1120 4386 καὶ
1208 4329 1421 4408 ἔγγιστα
1495 4331 1554 4388 ἐκ
1629 4339 1726 4389 τοῦ
1802 4337 2048 4412 πρώτου,

393 4423 637 4478 τουτέστι
693 4427 792 4478 τοῦ
850 4423 1082 4495 Πατρὸς,
1143 4421 1286 4477 οὕτω
1340 4423 1428 4477 καὶ
1489 4423 1550 4478 τὸ
1608 4429 1826 4499 Πνεῦμα
1877 4447 2047 4502 προσ-

395 4518 540 4588 εχῶς
602 4513 661 4568 ἐκ
715 4517 813 4568 τοῦ
870 4513 1115 4586 πρώτου,
1175 4512 1310 4567 κατὰ
1360 4514 1458 4581 τὴν
1517 4515 1849 4586 προαιώνιον
1883 4515 2050 4590 ὕπαρ-

399 4603 515 4671 ξιν.
567 4607 790 4676 Πρῶτος
852 4599 908 4656 δὲ
969 4603 996 4656 ὁ
1061 4604 1244 4678 Πατὴρ
1305 4601 1372 4656 οὐ
1426 4605 1564 4658 κατὰ
1621 4605 1864 4680 χρόνον,
1926 4604 2051 4662 οὐδὲ

396 4689 531 4744 κατὰ
604 4691 775 4760 τάξιν,
839 4691 914 4763 μή
978 4691 1214 4764 γένοιτοέ
1277 4690 1421 4747 ἀλλά
1502 4694 1634 4748 καθὸ
1707 4692 1882 4757 αἴτιος
1952 4701 2048 4751 τοῦ

2233 3718 2284 3771 3.
2318 3717 2536 3771 Eodem
2565 3731 2801 3786 quoque
2831 3714 3004 3769 modo
3033 3713 3345 3786 Gregorius
3376 3714 3676 3786 Nyssenus
3731 3704 3838 3770 ait.

2159 3806 2440 3878 Spiritum
2474 3822 2578 3877 per
2606 3820 2741 3860 eum
2773 3821 2902 3860 esse
2933 3805 3033 3876 qui
3068 3811 3156 3859 est
3187 3803 3560 3876 peculiariter
3589 3821 3658 3859 ex
3688 3803 3807 3874 pri-

2159 3913 2288 3964 mo;
2325 3913 2454 3952 cum
2487 3894 2628 3950 Filio
2669 3893 2894 3950 scilicet
2951 3894 3314 3964 conjunctim
3374 3899 3551 3966 atque
3607 3892 3810 3959 simul,

2159 4001 2348 4056 neque
2380 3988 2513 4056 post
2546 3983 2755 4039 Filium
2790 3984 3116 4039 secundum
3158 3983 3628 4038 subsistentiam.
3662 3983 3806 4037 Cum

2158 4073 2240 4127 ait
2271 4080 2474 4129 autem
2500 4072 2710 4128 Filium
2745 4071 3116 4142 peculiariter
3167 4088 3236 4126 ex
3289 4070 3498 4142 primo,
3537 4086 3606 4124 ne
3651 4069 3816 4124 arbi-

2158 4167 2312 4216 trere
2343 4161 2538 4232 ipsum
2572 4161 2857 4233 Spiritum
2893 4177 3006 4216 non
3039 4176 3168 4215 esse
3197 4159 3566 4231 peculiariter
3596 4176 3663 4214 ex
3694 4158 3812 4228 pri-

2160 4267 2276 4306 mo.
2311 4251 2814 4315 Quemadmodum
2874 4249 3030 4306 enim
3092 4249 3274 4304 Filius
3335 4247 3706 4319 peculiariter
3765 4245 3825 4300 et

2159 4337 2421 4410 proxime
2451 4353 2520 4392 ex
2551 4339 2740 4409 primo
2770 4343 2880 4405 est,
2917 4338 2974 4392 id
3007 4342 3115 4402 est,
3150 4353 3218 4391 ex
3245 4341 3454 4401 Patre;
3489 4335 3570 4389 ita
3600 4341 3657 4388 et
3685 4333 3821 4404 Spi-

2159 4427 2308 4482 ritus
2341 4427 2713 4498 peculiariter
2764 4433 2854 4483 est
2905 4444 2973 4482 ex
3034 4425 3241 4498 primo,
3289 4424 3617 4479 secundum
3677 4438 3806 4477 eam

2161 4533 2288 4577 quae
2320 4526 2454 4572 ante
2485 4516 2700 4571 sacula
2730 4523 2818 4572 est
2847 4516 3315 4572 subsistentiam.
3352 4513 3586 4568 Primus
3635 4527 3808 4583 porro

2159 4609 2331 4661 Pater
2358 4611 2467 4676 est,
2501 4623 2615 4661 non
2649 4611 2931 4677 tempore,
2968 4623 3072 4660 nec
3115 4605 3269 4660 302
3326 4605 3552 4668 ordine,
3612 4601 3804 4656 absit!

2160 4695 2261 4750 sed
2295 4693 2352 4748 in
2387 4700 2675 4766 quantum
2710 4713 2888 4750 causa
2918 4700 3007 4750 est
3036 4693 3158 4749 Filii
3193 4699 3250 4749 et
3281 4693 3559 4764 Spiritus,
3606 4707 3810 4762 quem-

397 4779 526 4831 Υἱοῦ
583 4779 674 4832 καὶ
728 4782 826 4832 τοῦ
879 4778 1236 4850 ΙΙνεύματος,
1295 4779 1475 4854 ὥσπερ
1551 4783 1642 4836 καὶ
1703 4783 1900 4854 μείζων
1959 4784 2041 4840 καῖ

2161 4784 2480 4839 admodum
2513 4791 2571 4840 et
2603 4786 2790 4856 major
2820 4790 2876 4839 et
2935 4785 3158 4856 absque
3215 4782 3523 4855 principio,
3568 4786 3632 4836 ut
3689 4781 3814 4836 sine

398 4866 659 4942 ἄναρχος,
713 4867 788 4929 ὡς
847 4866 1109 4934 ἀναίτιος,
1159 4868 1233 4929 ὡς
1294 4867 1414 4943 ῥίζα
1467 4873 1575 4924 τῶν
1637 4869 1687 4940 ἐξ
1747 4871 1912 4927 αὐτοῦ
1959 4873 2048 4928 καὶ

395 4958 571 5031 πηγή.
619 4959 822 5032 Ὥσπερ
880 4956 984 5032 γὰρ
1042 4956 1198 5018 οὗτος
1257 4957 1418 5028 μόνος
1475 4956 1712 5035 ἄναρχος
1793 4962 1931 5037 πρὸς
1987 4963 2048 5017 τὸ

393 5047 616 5118 Πνεῦμα
664 5045 754 5099 καὶ
810 5045 902 5100 τὸν
963 5044 1105 5113 Υἱὸν,
1159 5043 1303 5099 οὕτω
1376 5044 1466 5100 καὶ
1532 5046 1738 5101 τούτων
1801 5046 1828 5101 ό
1888 5048 2047 5112 αὐτὸς

395 5135 558 5208 μόνος
619 5133 838 5198 αἷίειοςο
899 5133 962 5188 τὸ
1022 5130 1079 5188 δὲ
1139 5137 1358 5207 Πνεῦμα
1425 5135 1561 5209 πρὸς
1639 5137 1729 5191 τὸν
1810 5138 2042 5211 Πατέρα,

393 5224 493 5279 οὐκ
548 5222 813 5300 ἄναρχον,
873 5221 989 5278 οὐδ’
1049 5222 1311 5296 ἀναίτιον,
1372 5223 1552 5299 ὥσπερ
1613 5222 1679 5294 δὴ
1740 5223 1830 5281 καί
1882 5227 2041 5291 αὐτὸς

393 5314 421 5366 ὁ
476 5313 598 5375 Υἱὸς
655 5315 790 5368 κατὰ
846 5315 944 5382 τήν
1007 5312 1058 5368 ἐν
1119 5314 1304 5390 χρόνῳ
1356 5313 1561 5390 ἀρχήν.
1621 5314 1697 5373 Οὐ
1761 5317 1921 5389 μόνον
1979 5319 2042 5372 τὸ

393 5407 612 5474 Πνεῦμα
645 5445 658 5469 ,
720 5401 864 5458 ἀλλὰ
917 5403 1007 5457 καὶ
1061 5405 1090 5458 6
1145 5401 1268 5466 Υἱὸς
1325 5401 1563 5479 ἄναρχος
1623 5404 1803 5479 ὥσπερ
1862 5406 1952 5462 καὶ
2011 5408 2038 5462 ὁ

391 5493 602 5567 Πατήρ.
664 5491 885 5566 Πρῶτος
958 5490 1129 5555 αἷετιος
1202 5492 1293 5548 καὶ
1376 5493 1537 5566 μόνος
1594 5495 1622 5549 ὁ
1679 5497 1866 5570 Πατὴρ
1941 5500 2039 5551 τοῦ

390 5582 519 5635 Υἱοῦ
605 5581 695 5636 καὶ
778 5586 875 5636 τοῦ
957 5581 1296 5656 Πνεύματος.
1359 5581 1534 5641 Ἀλλά
1607 5585 1684 5658 μὴ
1743 5587 1892 5656 ζήτει
1948 5585 2037 5641 καὶ

391 5667 637 5748 δεύτερον
697 5672 726 5727 ὁ
785 5669 1121 5746 ὀρθόδοξος,
1185 5669 1327 5745 μηδέ
1380 5693 1445 5748 γε
1501 5673 1680 5750 τρίτον
1713 5693 1727 5709 ⁸
1784 5673 1874 5732 ἷᾭα
1933 5677 2034 5751 μὴ,

381 5761 484 5832 τήν
545 5759 714 5831 αὐτὴν
769 5760 859 5816 καὶ
919 5760 1043 5836 μίαν
1073 5759 1254 5820 οὐσίαν
1281 5760 1629 5839 κατατέμνων
1651 5759 2034 5842 κακοσχὸλως,

2161 4890 2339 4930 causa
2369 4873 2510 4939 ulla,
2542 4875 2704 4929 radix
2733 4878 2789 4929 et
2822 4874 2948 4929 fons
2983 4889 3184 4928 eorum
3219 4889 3348 4944 quae
3374 4889 3442 4927 ex
3474 4871 3600 4943 ipso
3649 4887 3809 4926 ema-

2160 4968 2321 5018 nant.
2357 4964 2864 5029 Quemadmodum
2889 4963 3044 5018 enim
3066 4963 3189 5034 ipse
3217 4961 3378 5016 solus
3399 4964 3617 5031 absque
3647 4960 3808 5032 prin-

2159 5052 2308 5124 cipio
2339 5057 2428 5108 est
2453 5058 2721 5124 respectu
2754 5051 3008 5124 Spiritus
3066 5067 3130 5106 ac
3189 5049 3336 5120 Filii,
3373 5051 3454 5106 ita
3497 5055 3555 5104 et
3603 5065 3804 5104 eorum

2157 5141 2282 5212 ipse
2314 5141 2474 5198 solus
2513 5149 2602 5197 est
2632 5159 2830 5198 causa.
2891 5141 3140 5212 Spiritus
3199 5144 3330 5195 vero
3393 5143 3657 5210 respectu
3711 5138 3814 5193 Pa-

2154 5232 2282 5297 tris,
2318 5248 2430 5286 non
2465 5231 2690 5303 absque
2724 5231 3032 5304 principio,
3069 5246 3173 5285 nec
3205 5231 3428 5300 absque
3477 5245 3655 5282 causa
3699 5234 3812 5294 est,

2154 5321 2653 5390 quemadmodum
2689 5338 2791 5376 nec
2823 5320 2949 5392 ipse
2980 5320 3350 5389 Filiusjuxta
3376 5335 3550 5372 suum
3573 5317 3629 5371 in
3664 5322 3811 5372 tem-

2151 5425 2294 5480 pore
2321 5410 2702 5482 principium.
2737 5410 2863 5465 Non
2923 5410 3092 5464 modo
3150 5409 3428 5479 Spiritus,
3476 5407 3576 5463 sed
3635 5407 3812 5461 etiam

2149 5499 2327 5554 Filius
2350 5499 2572 5569 absque
2591 5499 2879 5570 principio
2901 5507 2986 5554 ost
3008 5498 3179 5552 sicuti
3204 5498 3392 5552 Pater.
3415 5498 3613 5551 Prima
3665 5513 3807 5551 cau-

2150 5606 2216 5644 sa
2247 5604 2432 5659 eaque
2463 5588 2589 5644 sola
2621 5589 2788 5644 Pater
2817 5594 2905 5643 est
2935 5587 3060 5642 Filii
3093 5591 3266 5655 atque
3295 5585 3566 5656 Spiritus.
3598 5587 3670 5640 At
3715 5603 3809 5642 sc-

2148 5677 2399 5732 cundam
2432 5693 2504 5731 ne
2533 5691 2782 5747 quaeras,
2815 5674 3086 5748 quisquis
3141 5673 3503 5730 orthodoxus
3558 5690 3644 5740 es,
3694 5691 3795 5729 ne-

2147 5782 2261 5839 que
2292 5764 2520 5821 tertiam
2545 5783 2560 5833 ;
2593 5766 2659 5819 ut
2690 5779 2763 5818 ne
2787 5765 3054 5822 eamdem
3077 5776 3376 5833 unamque
3399 5760 3794 5820 substantiam
