4148 6378
362 409 476 471 831
1314 450 1319 454 -
1531 410 1602 470 S.
1645 406 2172 470 ATHANASIUS.
2199 438 2280 453 —
2300 408 2610 471 SPURIA.
3666 410 3785 472 832

364 541 632 614 improbo
664 539 932 597 dividens
963 540 1181 610 studio,
1237 545 1304 596 ut
1360 556 1547 612 prava
1606 539 1881 597 doctrinas
1913 540 2009 595 ho-

2140 537 2215 591 ιαὶ
2275 535 2499 613 διαιρῶν
2534 583 2549 609 ,
2610 535 3009 614 καταδικασθῇς
3074 538 3150 600 ὡς
3221 537 3516 611 κακόδοξος
3549 583 3561 595 .
3626 545 3783 618 Πρῶ-

366 648 461 687 mo
493 630 811 687 damneris.
843 630 1076 686 Primus
1104 630 1303 702 itaque
1324 630 1493 686 Pater
1519 635 1609 686 est
1637 630 1698 685 in
1724 633 2013 701 quantum

2140 648 2220 689 τος
2289 633 2576 705 τοιγαροῦν
2632 630 2660 683 6
2717 629 2903 703 Πατὴρ
2961 630 3094 692 καθὸ
3158 628 3355 701 μεῖζων
3393 672 3407 697 ,
3470 630 3670 702 μείζων
3728 628 3785 685 δὲ

363 722 544 792 major
572 725 691 787 est;
715 721 908 791 major
938 736 1070 775 vero
1103 721 1161 775 in
1196 724 1485 791 quantum
1508 724 1597 776 est
1616 721 1840 791 absque
1863 718 2018 790 prin-

2140 716 2258 771 ιαθὸ
2326 716 2563 793 ἄναρχος
2599 737 2610 748 ·
2665 716 2902 793 ἄναρχος
2964 716 3021 773 δὲ
3075 718 3210 773 καθὸ
3268 717 3417 794 ἀρχὴ
3474 722 3584 772 τῶν
3646 719 3785 792 ὁμο-

362 810 515 881 cipio
542 836 556 876 ;
580 811 806 881 absque
838 809 1124 881 principio
1150 814 1349 865 autem
1385 813 1472 864 est
1503 809 1561 864 in
1594 814 1881 881 quantum
1930 815 2019 865 est

2140 810 2273 883 φυῶν
2336 806 2698 865 ὑποστάσεων.
2757 808 2829 862 Τὸ
2885 810 3128 881 Πνεῦμα,
3189 808 3280 862 καὶ
3339 809 3368 863 ὁ
3425 808 3553 871 Υἱὸς
3612 829 3782 883 προσ-

366 899 723 970 principium
751 897 1156 969 hypostasium
1184 903 1466 970 qumsunt
1486 899 1750 969 ejusdem
1773 903 2015 953 naturae.

2140 898 2275 970 εχῶς
2353 894 2413 950 ἐκ
2486 894 2582 951 τοῦ
2662 896 2910 969 μείζονος
2944 942 2957 968 ,
3032 896 3276 952 τουτέστι
3343 918 3443 952 του
3530 896 3781 973 Πατρός.

366 989 627 1058 Spiritus
660 992 716 1042 et
750 987 933 1043 Filius
966 986 1340 1060 peculiariter
1368 1004 1435 1041 ex
1467 987 1707 1058 majore,
1741 986 1797 1041 id
1830 993 1919 1042 est
1950 1004 2019 1042 ex

2140 986 2278 1057 Ἀμα
2348 986 2452 1061 γὰρ
2513 986 2541 1040 6
2601 987 2723 1047 Υἱὸς
2797 986 2996 1063 κυρίως
3072 986 3162 1041 καὶ
3237 985 3505 1059 ἀληθῶς,
3564 986 3655 1041 καὶ
3720 988 3784 1042 τὸ

371 1077 552 1131 Patre.
594 1075 719 1131 Una
748 1075 905 1131 enim
938 1076 1122 1131 Filius
1181 1075 1413 1148 proprie
1471 1092 1537 1131 ac
1597 1092 1746 1145 vere,
1789 1092 2017 1131 necnon

2140 1077 2351 1147 [Ινεῦμα
2405 1072 2466 1128 ἐκ
2518 1077 2620 1129 τοῦ
2679 1074 2911 1149 Πατρός.
2970 1074 3094 1151 Οὐχ
3131 1076 3160 1130 6
3218 1075 3313 1148 μὲν
3373 1075 3664 1151 πρότερον,
3720 1075 3783 1130 τὸ

367 1165 620 1236 Spiritus
651 1171 893 1220 sanctus
924 1165 1171 1220 exPutrc
1205 1170 1360 1221 sunt.
1378 1165 1501 1220 Non
1527 1165 1683 1237 quod
1716 1163 1812 1220 ille
1832 1164 2016 1236 prius,

2140 1161 2186 1218 δὲ
2247 1169 2359 1236 μετ’
2422 1163 2582 1219 αὐτόν
2621 1183 2634 1196 '
2681 1163 2809 1220 ἀλλ’
2868 1164 2983 1237 ἅμα
3038 1167 3073 1234 ἡ
3131 1164 3380 1241 γέννησις
3454 1168 3555 1220 τοῦ
3630 1165 3778 1234 Υἳοῦ,

370 1254 483 1308 iste
518 1253 848 1325 posterius;
885 1254 983 1313 sed
1018 1252 1194 1308 simul
1234 1254 1354 1308 Filii
1391 1254 1709 1326 generatio,
1738 1258 1795 1308 et
1840 1254 2018 1325 Spiri-

2140 1254 2243 1325 Ξίμα
2309 1252 2400 1307 καὶ
2472 1256 2570 1308 τοῦ
2645 1252 2960 1328 Πνεύματος
3028 1256 3064 1322 ἡ
3122 1252 3440 1327 ἐκπόρευσις
3513 1253 3781 1327 ἐκΛάμπε-

373 1350 470 1398 tus
504 1341 797 1413 processio
825 1342 1128 1415 splendet:
1156 1343 1412 1398 mittitur
1432 1342 1688 1415 Spiritus
1719 1348 1895 1413 atque
1923 1343 2020 1398 da-

2140 1363 2237 1411 εαι,
2296 1341 2386 1398 καὶ
2444 1341 2839 1399 ἀποστέλλεται
2891 1342 2955 1398 τὸ
3011 1347 3232 1418 Πνεῦμα
3283 1343 3372 1398 καὶ
3431 1341 3636 1398 δίδοται
3691 1339 3781 1397 διὰ

373 1437 468 1486 tur
502 1449 602 1503 per
635 1432 867 1497 Filium,
902 1437 963 1486 ut
998 1433 1203 1487 beatus
1226 1432 1307 1487 ait
1337 1431 2020 1503 Athanasius,quemad-

2140 1428 2224 1485 τοῦ
2301 1432 2450 1500 Υἳοῦ,
2505 1432 2579 1493 ὡς
2658 1430 2919 1505 μακάριός
2989 1451 3150 1509 φησιν
3228 1431 3573 1499 Ἀθανάσιος,
3649 1432 3783 1485 καθ-

372 1521 615 1577 modum
646 1527 705 1575 et
736 1521 919 1576 Filius
982 1538 1084 1592 per
1140 1521 1447 1593 Spiritum,
1482 1520 1563 1575 uti
1622 1521 1842 1575 dictum
1886 1520 2015 1576 fuit.

2140 1520 2265 1597 imp
2322 1520 2412 1574 καὶ
2472 1521 2500 1575 ὁ
2556 1519 2678 1582 Υἷὸς
2733 1517 2822 1575 διὰ
2895 1524 2993 1575 τοῦ
3077 1519 3417 1593 Ηνεύματος,
3476 1518 3657 1593 ὥσπερ
3717 1514 3789 1573 εἶ’-

372 1610 589 1664 Eadem
622 1625 857 1681 quoque
882 1610 1111 1665 ratione
1153 1610 1603 1681 intelligendum
1652 1609 1796 1664 illud
1825 1608 2019 1683 Cyrilli

2140 1628 2313 1680 θηται.
2373 1608 2644 1671 Ὡσαύτως
2727 1610 2819 1664 καὶ
2901 1610 2963 1664 τὸ
3044 1613 3141 1664 τοῦ
3231 1607 3497 1682 μακαρίου
3581 1605 3787 1683 Κυρίλ-

374 1697 619 1764 dictum,
655 1715 865 1769 nempe
901 1715 970 1753 ex
998 1699 1310 1766 ambobus,
1346 1699 1588 1769 scilicet,
1647 1698 1899 1770 Spiritus
1953 1715 2023 1754 ex

2140 1698 2253 1766 λου,
2315 1697 2461 1775 λέγω
2518 1696 2585 1766 δὴ
2642 1701 2747 1762 τὸ,
2808 1697 2859 1769 ἐξ
2915 1698 3120 1776 ἀμφοῖν
3151 1744 3166 1771 ,
3223 1700 3343 1753 κατ’
3398 1696 3565 1766 αὐτὴν
3626 1695 3791 1766 ἐκλη-

374 1787 539 1843 Patre
573 1787 893 1859 procedens
925 1804 994 1843 ex
1023 1788 1312 1843 ambobus
1339 1788 1630 1859 splendet,
1668 1788 1920 1843 mittitur
1967 1791 2024 1842 et

2140 1787 2290 1843 πτὲον
2348 1789 2448 1856 τὴν
2508 1785 2714 1843 ἔννοιαν
2745 1807 2758 1820 ·
2825 1789 2888 1843 τὸ
2946 1788 3167 1861 Πνεῦμα
3237 1788 3300 1842 τὸ
3358 1784 3791 1861 ἐκπορευόμενον

371 1877 570 1949 datur,
591 1893 660 1931 ex
703 1876 872 1932 Patre
930 1877 1154 1932 scilicet
1209 1883 1266 1933 et
1322 1876 1480 1932 Filio.
1507 1878 1577 1932 Et
1629 1876 1801 1949 paulo
1852 1882 2020 1948 post:

2140 1876 2191 1932 ἑκ
2241 1874 2339 1932 τοῦ
2420 1877 2630 1952 Πατρὸς
2703 1876 2752 1951 ἐξ
2823 1876 3026 1954 ἀμφοῖν
3103 1874 3464 1950 ἐκλάμπεται,
3521 1875 3790 1930 ἀποστελε-

2140 1966 2153 1985 \
2421 1965 2435 1985 \
2517 1964 2595 1985 818
2814 1968 2855 1985 11
2972 1968 2986 1985 \
3170 1966 3185 1985 \
3261 1967 3317 1985 ut
3362 1971 3387 1982 ν
3488 1967 3529 1985 I”
3574 1964 3588 1984 ἱ
3779 1964 3790 1983 1

370 1965 530 2021 Duas
560 1966 986 2038 generationes,
1021 1966 1103 2022 uti
1146 1967 1418 2037 superius
1449 1966 1588 2037 dixi,
1621 1966 1775 2023 circa
1806 1965 2018 2022 Filium

2140 1966 2284 2022 λεται
2348 1965 2438 2021 καὶ
2513 1964 2758 2038 δίδοται,
2813 1968 3025 2038 Πατρὸς
3098 1966 3188 2022 καὶ
3261 1967 3421 2023 Υἱοῦ.
3486 1964 3589 2022 Καὶ
3676 1964 3791 2038 μετ’

372 2054 584 2123 didici;
620 2072 797 2110 unam
823 2073 950 2127 quae
973 2061 1061 2111 est
1081 2072 1149 2111 ex
1168 2056 1337 2112 Patre
1358 2062 1494 2111 ante
1525 2061 1813 2128 tempora,
1846 2055 2019 2111 aliam

2140 2055 2346 2130 ὀλίγα’
2406 2054 2515 2109 Δύο
2570 2057 2849 2132 γεννήσεις
2932 2056 3005 2118 ὡς
3084 2054 3287 2120 ἄνωθεν
3374 2052 3541 2133 ἔφθην
3622 2054 3789 2109 εἰπὼν

374 2159 503 2214 quae
528 2161 598 2199 ex
619 2144 859 2217 Virgine
881 2144 939 2200 in
966 2151 1249 2217 tempore.
1266 2145 1479 2201 Eodem
1502 2145 1676 2201 modo
1696 2145 1845 2201 duas
1891 2162 2023 2217 pro-

2140 2145 2223 2201 ἐπὶ
2280 2150 2377 2200 τοῦ
2435 2145 2613 2221 Λόγου
2678 2146 3008 2219 μεμάθηκα’
3069 2145 3192 2219 μίαν
3256 2144 3352 2217 μὲν
3406 2144 3507 2214 τὴν
3567 2142 3627 2199 ἐκ
3683 2149 3791 2198 Πα-

374 2233 638 2289 fusiones
667 2233 847 2289 didici
888 2250 1017 2291 esse
1076 2234 1332 2307 Spiritus
1384 2235 1612 2301 sancti;
1672 2251 1852 2290 unam
1910 2251 2028 2306 qua

2140 2236 2262 2311 πρὸς
2319 2234 2407 2289 καὶ
2469 2236 2598 2311 ὑπὲρ
2657 2235 2888 2311 χρόνον,
2940 2234 3061 2309 μίαν
3114 2232 3172 2314 8‘s
3226 2235 3325 2303 τὴν
3381 2233 3442 2289 ἐκ
3494 2241 3595 2304 τῆς
3647 2239 3790 2310 Παρ-

376 2322 639 2395 procedit
660 2327 794 2378 ante
818 2328 1101 2396 tempora.
1133 2330 1191 2380 et
1221 2323 1394 2380 aliam
1425 2341 1539 2395 qua
1574 2324 1890 2379 bonitatem
1917 2323 2024 2378 im-

2140 2324 2290 2380 θὲνου
2346 2323 2437 2380 καὶ
2498 2325 2598 2379 ὑπὸ
2678 2324 2897 2401 χρόνον.
2956 2323 3228 2387 Ὡσαύτως
3295 2323 3385 2378 καὶ
3464 2321 3562 2378 δύο
3648 2342 3792 2397 προ-

374 2413 651 2484 partitur.
686 2413 799 2469 Sed
835 2413 1044 2485 prioris
1078 2412 1201 2469 Filii
1254 2412 1647 2486 generationis
1705 2417 1764 2469 et
1820 2412 2028 2485 prioris

2140 2414 2325 2490 χύσεις
2403 2413 2649 2487 ἔμυήθην
2733 2414 2821 2469 ἐπὶ
2893 2412 2990 2469 τοῦ
3068 2413 3387 2486 Πνεύμασος
3421 2432 3433 2445 '
3499 2412 3624 2487 μίαν
3695 2412 3791 2485 μὲν

378 2501 777 2572 processionis
806 2501 1081 2572 Spiritus,
1115 2502 1283 2558 Pater
1314 2502 1475 2558 solus
1504 2519 1685 2558 causa
1731 2506 1838 2558 est.
1876 2501 2028 2558 Alte-

379 2589 503 2644 rius
534 2606 666 2645 vero
698 2591 1093 2662 generationis
1120 2608 1252 2663 quae
1309 2591 1366 2646 in
1423 2596 1687 2663 tempore
1726 2591 1880 2647 facta
1916 2596 2028 2662 est,

379 2686 436 2733 et
465 2677 707 2733 alterius
739 2680 1119 2750 profusionis,
1151 2697 1270 2751 qua
1302 2682 1456 2736 dona
1505 2680 1865 2753 impartitur,
1912 2698 2028 2736 non

378 2767 539 2822 solus
562 2767 752 2837 Pater,
772 2769 873 2824 sed
900 2768 1084 2824 Filius
1101 2775 1160 2825 et
1178 2770 1434 2841 Spiritus
1456 2776 1697 2826 sanctus
1719 2776 2027 2827 estcausa.

385 2858 463 2912 Ex
486 2857 775 2913 ambobus
807 2857 1025 2929 itaque,
1063 2858 1229 2915 Patre
1260 2859 1487 2916 scilicet
1516 2865 1575 2915 et
1604 2859 1769 2928 Filio,
1801 2860 1871 2915 ad
1903 2859 2029 2915 dis-

382 2946 788 3016 pensationem
810 2947 1168 3005 effunditur:
1203 2966 1318 3004 non
1353 2951 1679 3005 secundum
1712 2949 2032 3005 subsisten-

2136 2505 2235 2572 τήν
2297 2501 2685 2577 ἐκπορευτικὴν
2744 2504 2835 2558 καὶ
2895 2504 3026 2579 ὑπὲρ
3084 2498 3306 2580 χρόνον,
3366 2500 3456 2557 καὶ
3519 2501 3645 2574 μίαν
3692 2501 3792 2570 τὴν

2144 2590 2502 2667 μεταδοτικήν
2561 2591 2912 2667 ἀγαθὸτητος.
2973 2590 3148 2649 Ἀλλὰ
3199 2599 3302 2661 τῆς
3373 2591 3603 2667 πρώτης
3676 2609 3795 2666 γεν-

2137 2684 2345 2753 νήσεως
2415 2686 2513 2736 τοῦ
2586 2682 2758 2750 Υἱοῦ,
2823 2682 2914 2736 καὶ
2978 2688 3080 2751 τῆς
3149 2682 3375 2758 πρώτης
3451 2678 3549 2735 τοῦ
3631 2678 3797 2737 Πνεύ-

2143 2792 2311 2843 ματος
2389 2769 2781 2846 ἐκπορεύσεως,
2841 2772 2869 2825 ὁ
2921 2771 3109 2846 Πατὴρ
3182 2770 3347 2845 μόνος
3428 2767 3623 2830 αἴτιος.
3683 2770 3795 2835 Τῆς

2141 2859 2199 2916 δὲ
2226 2858 2404 2929 ἄλλης
2438 2864 2738 2935 γεννήσεως
2770 2866 2870 2930 τῆς
2903 2858 3007 2915 ὑπὸ
3038 2859 3265 2937 χρόνον,
3308 2858 3400 2914 καὶ
3455 2864 3557 2928 τῆς
3612 2854 3790 2925 ἄλλης

2140 2946 2467 3025 προχύσεως
2521 2954 2623 3017 τῆς
2686 2946 3068 3022 μεταδοτικῆς,
3097 2948 3159 3004 οὗ
3222 2948 3391 3022 μόνος
3432 2945 3600 3009 αἶ’τιος
3630 2946 3659 3000 6
3690 2950 3793 2999 Πα-

378 3035 547 3100 tiam,
579 3034 737 3090 absit
763 3035 776 3090 l
808 3034 1070 3109 alioquin
1102 3038 1229 3093 dua;
1262 3054 1454 3094 causae
1469 3055 1775 3111 perperam
1796 3038 2029 3095 induco-

2140 3039 2266 3114 τήρ,
2298 3035 2445 3092 ἀλλὰ
2500 3037 2590 3092 καὶ
2623 3037 2652 3092 6
2684 3038 2806 3099 Υἱὸς
2868 3037 2960 3092 καὶ
3017 3038 3082 3093 τὸ
3136 3040 3355 3111 Πνεῦμα
3395 3036 3457 3091 τὸ
3500 3036 3673 3110 ἅγιον.
3703 3034 3791 3105 Ἐξ

384 3128 767 3197 τεηίονιςυω
801 3125 901 3180 uni
934 3125 1019 3181 illi
1050 3128 1317 3198 ejusdem
1353 3133 1577 3184 natura:
1609 3144 1675 3183 ac
1729 3129 1887 3201 paris
1936 3127 2034 3184 ho-

381 3214 541 3269 noris
569 3212 895 3282 exsistenti,
932 3217 1181 3272 multum
1214 3217 1646 3273 antecellerent.

2142 3128 2345 3203 ἀμφοῖν
2394 3130 2681 3202 τοιγαροῦν
2713 3126 2775 3181 τὸ
2807 3128 3051 3199 Πνεῦμα,
3088 3126 3295 3202 Ηατρὸς
3342 3124 3431 3181 καὶ
3473 3124 3625 3193 Υὶοῦ,
3654 3121 3798 3198 πρὸς

2143 3215 2464 3287 ἐπινέμησιν
2495 3220 2809 3291 προχεῖται·
2844 3214 2907 3270 οὐ
2951 3217 3090 3271 κατὰ
3141 3215 3243 3283 τὴν
3302 3214 3549 3289 ὕπαρξιν,
3588 3213 3664 3287 μὴ
3716 3212 3801 3288 γὲ-

377 3320 529 3355 νοιτο
556 3302 568 3357 l
604 3298 719 3355 ἐπει
751 3296 847 3356 δύο
876 3304 942 3358 τὰ
966 3300 1113 3359 αἶ’τια
1142 3306 1582 3380 παρεισάγονται,
1614 3308 1711 3359 τοῦ
1744 3304 1858 3368 ἑνὸς
1890 3308 2166 3384 συμφυοῦς
2197 3304 2288 3360 καὶ
2319 3305 2594 3378 ὁμοτίμου
2621 3305 2757 3360 κατᾶ
2784 3303 2929 3361 πολὺ
2961 3302 3305 3382 διαφέροντα.

980 3650 1093 3739 ΙΝ
1157 3649 1762 3739 SYNTAGMA
1829 3648 2453 3738 noenum
2512 3616 3186 3737 ADMONITIO.

467 3985 574 4040 Hoc
606 3980 932 4055 opusculum
958 3983 1149 4054 paucis
1177 3982 1243 4037 ab
1273 3980 1401 4037 hinc
1430 3980 1596 4036 annis
1648 3980 1710 4035 in
1772 3977 1949 4035 lucem
2005 3976 2243 4051 protulit
2296 3980 2386 4034 vir
2438 3977 2651 4034 clariss.
2710 3975 2956 4032 Andreas
3009 3972 3280 4031 Amoldus
3318 3970 3809 4043 Norimbergensis,

390 4090 537 4130 anno
569 4074 780 4130 scilicet
815 4073 966 4128 1685.
997 4073 1167 4144 Atque
1198 4073 1255 4126 in
1282 4073 1615 4144 praefatione
1643 4086 1751 4126 sua
1799 4069 1991 4125 multis
2048 4069 2147 4124 ille
2201 4069 2542 4139 argumentis
2596 4065 2895 4121 Athanasio
2948 4079 3192 4121 asserere
3248 4061 3546 4118 contendit.
3610 4059 3810 4115 Sancti

390 4163 699 4219 Athanasii
722 4161 1146 4235 archiepiscopi
1167 4160 1570 4227 Alexandrini,
1593 4162 1673 4215 ait
1702 4160 1838 4231 ipse,
1871 4158 2180 4231 Syntagma
2209 4159 2485 4215 doctrinae
2504 4155 2576 4212 ad
2594 4158 2912 4227 monachos,
2934 4155 3160 4211 clericos
3178 4159 3234 4209 et
3267 4152 3454 4222 laicos,
3476 4153 3813 4205 recensetur

394 4270 465 4309 ex
497 4252 894 4324 pulcherrimo
926 4252 1120 4308 codice
1151 4251 1603 4306 membranaceo
1638 4248 1922 4305 Vossiano
1954 4250 2412 4320 quingentorum
2468 4245 2557 4301 vel
2615 4250 3020 4302 sexcentorum
3074 4259 3388 4309 annorum,
3422 4241 3521 4312 qui
3555 4238 3818 4295 continet

399 4346 682 4415 praeterea
712 4341 953 4397 Palladii
987 4341 1284 4397 Historiam
1315 4340 1640 4395 Lausiacam
1673 4354 1808 4394 cum
1841 4336 2066 4410 aliquot
2092 4336 2310 4393 libellis
2365 4335 2807 4391 vetustioribus.
2865 4334 2950 4389 Ad
3008 4331 3389 4404 cupiditatem
3444 4325 3815 4384 describendi

398 4433 736 4488 exciverunt
765 4447 858 4487 me
886 4429 991 4486 viri
1027 4429 1281 4486 illustris
1312 4446 1488 4485 manu
1525 4428 1779 4499 ascripta
1809 4426 2006 4484 verba.
2038 4431 2159 4484 Non
2188 4430 2270 4482 est
2307 4427 2364 4481 in
2396 4424 2560 4480 editis
2588 4423 2904 4480 Athanasii.
2928 4421 3209 4478 Nolebam
3242 4419 3398 4476 enim
3432 4417 3592 4490 parvi
3628 4417 3814 4472 facere

397 4520 685 4593 quidquid
700 4521 849 4576 tanti
864 4519 1132 4576 Ecclesiae
1147 4519 1402 4576 doctoris
1419 4516 1878 4589 esset,quodque
1892 4516 1963 4572 ad
1982 4514 2239 4586 aliquem
2254 4530 2449 4571 meum
2466 4513 2720 4570 fructum
2737 4510 3325 4569 redundaret.Postea
3339 4507 3674 4581 perlitteras
3688 4505 3815 4559 fau-

396 4616 582 4666 torem
606 4612 676 4665 de
692 4609 997 4665 voluntate
1012 4606 1629 4664 emittendiAthanasii
1655 4605 1957 4661 certiorem
1979 4604 2448 4674 reddidi,quibus
2465 4602 2580 4658 tale
2596 4618 2945 4675 responsum
2970 4600 3129 4656 dedit
3153 4599 3243 4656 :S.
3260 4597 3576 4654 Athanasii.
3600 4600 3677 4650 De
3697 4593 3816 4649 vita

403 4699 733 4755 monastica
765 4693 1152 4752 διδασκαλικόν
1183 4697 1416 4767 dignum
1443 4704 1497 4753 et
1530 4709 1753 4768 prorsus
1781 4693 1925 4767 quod
1951 4694 2166 4762 edatur,
2200 4694 2461 4766 longeque
2489 4694 2844 4764 praestantius
2896 4707 2967 4748 ea.
3021 4690 3235 4761 regula,
3273 4705 3442 4760 quam
3488 4702 3561 4742 ea:
3614 4684 3818 4742 Hiero-

398 4790 557 4859 nymi
584 4787 839 4856 aperibus
867 4787 1092 4856 collegit
1123 4789 1326 4858 Lupus.
1364 4786 1499 4841 Cum
1529 4789 1738 4841 veteres
1767 4785 2038 4854 scriptum
2067 4788 2168 4839 hoc
2200 4784 2504 4839 Athanasio
2532 4783 2799 4847 tribuant,
2833 4797 2947 4837 non
2969 4781 3105 4835 satis
3132 4779 3290 4835 video
3309 4792 3486 4851 quare
3505 4777 3575 4831 de
3601 4781 3823 4830 auctore

402 4877 650 4933 dubitas.
693 4876 985 4934 Winsoriae
1009 4894 1067 4932 xx
1093 4878 1204 4933 Jul.
1240 4876 1676 4932 clnlnchxxm.
1710 4874 1789 4929 Ex
1818 4890 1934 4945 quo
1965 4888 2246 4945 magnum
2280 4871 2427 4927 mihi
2473 4872 2825 4927 nascebatur
2881 4872 3301 4942 argumentum
3353 4874 3478 4923 tum
3535 4861 3822 4929 veritatis,

402 4971 526 5021 tum
559 4966 884 5039 dignitatis.
921 4967 1166 5037 Pergam
1205 4966 1259 5020 in
1294 4966 1548 5037 incepto,
1582 4964 1683 5019 ubi
1713 4967 1878 5019 tanto
1908 4962 2031 5018 viro
2062 4979 2164 5035 pro
2204 4962 2328 5017 suis
2360 4962 2421 5016 in
2455 4978 2548 5016 me
2577 4960 2826 5028 meritis,
2869 4957 3089 5031 gratias
3146 4973 3338 5029 egero.
3398 4956 3505 5010 Per
3559 4952 3825 5025 quinque

402 5057 661 5128 amplius
697 5073 930 5112 menses
964 5055 1319 5111 bibliotheca
1350 5055 1558 5127 ipsius,
1593 5070 1719 5126 qua!
1755 5051 1974 5108 multas
2007 5051 2152 5108 alias
2183 5051 2442 5117 raritate,
2475 5049 2849 5122 utilitateque
2886 5049 3059 5120 longe
3114 5050 3371 5119 superat,
3415 5060 3531 5099 non
3590 5045 3824 5097 tantum

402 5147 595 5218 patuit
623 5163 636 5213 ;
671 5145 770 5201 sed
808 5144 1112 5201 oraculum
1148 5143 1501 5200 eruditionis
1531 5143 1588 5198 in
1622 5140 1889 5215 singulos
1920 5141 2045 5197 dies
2074 5139 2379 5196 consulere
2412 5140 2498 5196 fas
2529 5145 2672 5196 erat.
2702 5139 2940 5195 Veteres
2971 5136 3195 5194 oraculi
3224 5135 3312 5190 vel
3364 5149 3480 5189 una
3529 5130 3653 5187 vice
3682 5145 3824 5184 con-

403 5234 660 5291 sultandi
691 5251 873 5291 causa
902 5232 1253 5307 longissima
1283 5233 1713 5289 emetiebantur
1741 5230 1973 5299 itinera,
2005 5228 2161 5286 beati
2192 5230 2470 5287 brevibus
2500 5228 2801 5302 responsis
2835 5246 2849 5284 :
2882 5227 3018 5301 quis
3061 5226 3311 5293 dubitet,
3353 5221 3592 5279 meliore
3638 5219 3827 5274 fuisse

404 5323 531 5380 loco
560 5324 660 5396 qui
694 5325 752 5379 in
785 5323 1007 5397 templo
1040 5324 1346 5379 Musarum
1378 5339 1509 5378 cum
1544 5320 1812 5392 Apolline
1844 5319 2176 5375 habitavit?
2205 5318 2331 5375 Alio
2363 5320 2716 5392 quandoque
2746 5316 3046 5391 spectabat
3075 5315 3284 5390 Pythia
3315 5327 3456 5369 vox:
3505 5308 3825 5397 aliquando

406 5395 623 5471 sortem
655 5413 877 5470 oraculi
910 5395 1235 5469 eluserunt.
1271 5411 1649 5468 Dormiebant
1679 5408 1946 5465 nonnulli
1980 5409 2041 5464 in
2073 5408 2357 5479 delubris,
2392 5412 2457 5465 ut
2486 5425 2589 5481 per
2618 5409 2917 5465 somnium
2943 5406 3210 5463 viderent
3239 5404 3464 5478 species
3494 5416 3714 5468 rerum,
3736 5395 3826 5453 vel

406 5502 678 5559 audirent
710 5519 906 5558 vocem
937 5521 950 5568 ;
985 5502 1129 5556 mihi
1164 5506 1307 5557 tunc
1338 5500 1587 5556 laetiores
1619 5499 1677 5554 in
1708 5498 1828 5554 vita
1856 5497 2175 5555 illuxerunt
2199 5497 2347 5570 dies,
2378 5515 2517 5555 vera
2545 5499 2739 5555 omnis
2797 5501 2857 5555 et
2911 5495 3226 5570 perspicua
3274 5492 3482 5550 oratio.
3512 5489 3742 5547 Gratias
3774 5490 3829 5542 te

409 5593 638 5664 dignas,
670 5592 920 5649 illustris
951 5591 1144 5664 Vossi,
1176 5606 1348 5664 agere
1378 5590 1669 5660 deberem,
1702 5593 1760 5645 et
1789 5605 1939 5660 quas
1969 5605 2211 5662 possum
2240 5604 2368 5663 ago.
2400 5588 2707 5662 Siquidem
2737 5586 2886 5645 nihil
2916 5586 3067 5645 satis
3098 5584 3485 5658 magniﬁcum
3514 5580 3587 5636 de
3615 5578 3831 5635 virtute

406 5686 509 5737 tua
539 5681 807 5737 dixerim.

480 5774 802 5843 Tantopere
828 5770 901 5827 de
932 5785 1022 5827 me
1054 5769 1286 5842 merito,
1314 5767 1520 5827 Lector
1546 5765 1846 5843 benevole,
1875 5770 2110 5842 gratum
2142 5767 2403 5843 praebere
2429 5766 2745 5844 imperavit
2771 5766 3004 5844 pietas;
3063 5778 3226 5825 nunc
3283 5762 3357 5821 ad
3404 5759 3714 5835 Syntaoma
3741 5769 3831 5812 ro-
