4148 6362
313 397 430 457 833
1295 377 1727 442 SYNTAGMA
1771 375 2216 437 DOG’l‘llIN/E.
2254 409 2328 418 ——
2361 374 2755 438 MONITUM.
3618 374 3737 434 834

325 527 652 590 deundum,
686 522 841 594 quod
876 534 1088 575 novum
1135 516 1445 582 exsistens,
1479 511 1875 584 praefationem
1911 509 2021 564 sibi
2066 507 2553 580 postulat.Codex
2584 509 2682 564 ille
2730 511 3010 582 antiquus
3058 511 3116 565 S.
3165 511 3484 565 Athanasio
3533 511 3742 565 tribuit

318 615 696 690 opusculum,
729 629 854 682 quae
889 626 980 664 res
1011 606 1262 677 alicujus
1295 610 1382 658 est
1413 602 1718 666 momenti,
1752 605 1886 654 utut
1917 599 2198 653 librorum
2234 598 2644 668 inscriptiones
2667 616 2800 653 vera
2825 601 3063 654 nomina
3089 617 3201 653 non
3225 599 3442 670 ubique
3466 601 3737 654 referant.

317 687 460 763 Nam
512 702 897 777 posteriorum
950 703 1277 767 temporum
1329 693 1664 763 scriptores,
1716 694 1908 744 vetera
1957 688 2252 742 interdum
2299 688 2411 741 sibi
2442 687 2776 754 vindicant;
2809 705 3234 759 nonnunquam
3270 690 3380 742 sub
3413 688 3738 760 priscorum

319 776 624 851 auctorum
659 790 1002 846 nominibus
1033 802 1141 840 sua
1172 789 1533 854 supponunt,
1571 780 1892 852 praesertim
1926 794 1993 832 ex
2024 777 2291 831 doctrina
2332 776 2616 830 nobilium
2666 782 2719 831 et
2771 777 3084 832 clarorum.
3139 779 3361 832 Interea
3411 795 3478 832 ex
3527 779 3744 832 codicis

322 885 675 955 antiquitate
721 883 976 944 constat,
1023 875 1159 931 olim
1197 873 1378 928 fuisse
1407 870 1692 926 creditum
1728 868 1935 922 seriem
1970 866 2120 920 hanc
2152 865 2429 955 doctrinas
2461 865 2532 920 ab
2562 866 2880 921 Athanasio
2915 866 3241 938 posteritati
3273 868 3424 921 303
3461 867 3746 922 relictam.

339 977 392 1029 δί
427 954 593 1043 plura
629 987 768 1024 mss.
803 968 1006 1022 eodem
1042 963 1213 1018 modo
1247 961 1530 1031 inscripta
1553 955 2230 1029 reperirentur,aliquam
2257 954 2462 1008 saltem
2498 955 2760 1009 veritatis
2792 955 3074 1009 rationem
3110 961 3520 1026 suggererent;
3547 973 3748 1011 verum

327 1069 534 1137 printer
589 1061 944 1114 Vossianum
1000 1053 1230 1108 nullum
1283 1051 1474 1105 adhuc
1519 1047 1736 1112 inveni,
1781 1062 1970 1116 neque
2000 1045 2058 1098 in
2092 1043 2581 1098 Christianissimi
2617 1045 2771 1115 regis
2804 1044 3175 1110 bibliotheca,
3209 1043 3294 1099 vel
3329 1044 3465 1098 alibi
3499 1063 3751 1117 quoque.

329 1131 756 1222 Argumentum
791 1147 936 1199 foret
966 1143 1036 1196 ad
1071 1139 1455 1211 probandum,
1475 1141 1577 1190 aut
1602 1133 1772 1190 coaevi
1805 1133 2061 1187 auctoris
2089 1132 2520 1198 testimonium,
2541 1135 2642 1186 aut
2673 1131 2860 1203 ipsius
2888 1133 3188 1187 Athanasii
3221 1133 3277 1186 in
3306 1133 3429 1188 suis
3453 1135 3752 1205 operibus,

332 1241 487 1314 quod
522 1255 654 1294 cum
687 1235 856 1296 desit,
875 1232 1033 1288 aliud
1065 1235 1155 1285 est
1186 1228 1245 1284 in
1279 1223 1880 1299 promptu.0uaerenti
1914 1222 2230 1314 aliquando
2265 1221 2322 1275 in
2358 1221 2716 1314 bibliotheca
2748 1223 2924 1294 Regia
2956 1223 3438 1314 Sophronianam,
3461 1225 3590 1278 ﬁdei
3626 1241 3759 1278 con-

334 1311 649 1386 fessionem
682 1323 921 1379 indultu
954 1320 1028 1376 el.
1059 1317 1401 1382 Thevenoti,
1437 1319 1682 1370 conatus
1715 1328 1874 1368 meos
1908 1312 2170 1366 ornantis
2202 1316 2256 1365 et
2288 1311 2718 1382 promoventis;
2750 1316 3033 1367 venerunt
3064 1313 3120 1366 in
3168 1329 3379 1367 manus
3429 1313 3757 1388 Ἐρωτῆσεις

336 1415 609 1473 κανονικαὶ
639 1434 728 1467 και
760 1407 1076 1481 ἀποκρίσεις
1104 1413 1204 1475 τῆς
1241 1404 1396 1479 ’ἱγίας
1429 1399 1677 1471 συνόδου,
1719 1402 1940 1473 absque

2165 1400 2515 1471 temporisve
2575 1401 3038 1456 circumstantia.
3074 1401 3362 1466 Qumritur
3411 1407 3628 1474 autem,
3671 1403 3756 1465 Ὡς

339 1508 400 1562 οὐ
435 1507 515 1561 δεῖ
544 1501 827 1559 καταλύειν
860 1501 960 1568 τὴν
991 1496 1234 1567 νηστείαν
1271 1493 1322 1549 ἐν
1354 1489 1568 1567 τετράδι
1599 1491 1687 1546 καὶ
1723 1492 2031 1565 παρασκευῇ
2082 1490 2243 1564 χάριν
2299 1490 2522 1562 μνήμης
2574 1489 2727 1565 ἁγίου
2758 1491 2790 1557 ἣ
2821 1489 3130 1544 ἀποστόλου
3177 1491 3344 1561 τινὸς,
3390 1489 3434 1544 εἰ
3469 1493 3542 1563 μή
3601 1490 3763 1564 μόνον

339 1595 390 1650 ἐν
421 1600 541 1655 ταῖς
575 1590 922 1650 δεσποτικαῖς
963 1587 1194 1662 ἑορταῖς.
1262 1587 1522 1642 Utrumne
1577 1584 1819 1654 oporteat
1873 1597 1977 1652 qua

2125 1585 2155 1634 rt
2187 1586 2490 1635 Parasceve
2545 1581 2752 1634 solvere
2795 1581 3098 1652 jejunium,
3157 1586 3382 1651 propter
3437 1583 3763 1637 memoriam

337 1685 516 1742 sancti
562 1691 660 1738 aut
707 1681 942 1752 apostoli
992 1677 1276 1746 alicujus?
1322 1675 1427 1742 vel,
1475 1689 1548 1728 an
1567 1673 1854 1744 jejunium
1885 1671 2188 1724 Dominicis
2219 1669 2561 1724 solummodo
2591 1670 2784 1723 diebus
2820 1670 2928 1741 (2t)
2959 1670 3272 1724 solvendum
3304 1671 3416 1724 sit?
3444 1670 3768 1742 Respondit

341 1775 652 1848 synodus:
692 1767 824 1843 Περὶ
885 1765 1094 1820 τούτων
1152 1765 1179 1817 ὁ
1243 1762 1411 1836 μέγας
1466 1759 1779 1820 Ἀθανάσιος
1833 1755 1961 1812 τάδε
2017 1758 2178 1834 φησὶν
2213 1754 2262 1812 ἔν
2323 1778 2429 1810 τισι
2487 1761 2592 1811 τῶν
2654 1758 3092 1833 συγγραμμάτων
3156 1757 3338 1811 αὐτοῦ·
3377 1781 3403 1808 ‹‹
3435 1759 3557 1813 ⁹⁹Οτι
3589 1757 3650 1812 οὐ
3685 1755 3768 1812 δεῖ

341 1842 690 1938 παραϐαίνειν
722 1842 969 1925 νηστείαν
999 1850 1198 1926 Κυρίου
1225 1852 1316 1904 τὸν
1356 1849 1596 1924 μοναχὸν
1695 1848 1784 1902 τὸν
1820 1845 1966 1922 ἱερέα
2022 1844 2250 1921 τετράδα
2281 1846 2369 1900 καὶ
2423 1846 2788 1922 παρασκευὴν,
2824 1846 2866 1899 εἰ
2905 1848 2977 1918 μή
3011 1867 3061 1900 τι
3126 1845 3210 1899 ἐπὶ
3248 1847 3392 1918 νόσῳ
3447 1842 3768 1923 βεϐάρηται,

345 1937 522 2027 χώρὶς
551 1954 654 2017 τῆς
689 1948 1066 2012 [Ιεντηκοστῆς
1095 1941 1129 2009 ἢ
1162 1945 1269 1994 τῶν
1301 1940 1684 2016 Ἐπιφανειῶν.
1719 1961 1746 1988 ››
1779 1940 1852 1992 De
1883 1939 1968 1991 his

2133 1953 2245 1992 'nus
2299 1937 2636 1992 Athanasius
2683 1939 2743 1992 in
2801 1938 2994 2008 aliquo
3039 1939 3369 2008 scriptorum
3435 1955 3658 1993 suorum
3692 1941 3771 1994 ila

348 2059 406 2097 se
435 2039 754 2112 exprimit:
786 2058 813 2084 κ
852 2034 1142 2090 Monachus
1174 2035 1273 2085 aut
1310 2029 1555 2084 sacerdos
1576 2029 1866 2099 jejunium
1914 2033 2136 2097 quartae
2186 2027 2266 2081 vel
2296 2031 2469 2083 sextae
2512 2027 2629 2081 diei
2674 2043 2778 2080 non
2829 2028 3024 2096 solvat,
3073 2029 3195 2082 nisi
3239 2027 3522 2083 decumbat
3567 2029 3772 2098 morbo,

347 2130 583 2200 exceptis
614 2129 921 2181 Pentecoste
949 2127 1002 2178 el
1032 2119 1389 2192 Epiphaniis.
1424 2140 1451 2168 η
1489 2117 1710 2172 Placuit
1739 2116 1903 2172 locus
1933 2116 2047 2183 hic,
2081 2117 2326 2189 ipsaque
2358 2117 2756 2188 Syntagmatgs
2791 2116 2973 2171 nostri
3005 2119 3180 2172 verba
3213 2118 3580 2188 profcranda,
3617 2120 3773 2174 unde

352 2219 455 2274 illa
489 2218 800 2286 desumpta
830 2218 1005 2268 sunt:
1041 2210 1134 2277 Μὴ
1169 2201 1519 2282 παραὸαίτειν
1571 2204 1846 2274 νηστείαν,
1894 2225 1990 2258 του

2186 2203 2414 2279 τετράδα
2463 2203 2552 2258 καὶ
2599 2204 2962 2279 παρασκευὴν,
2997 2203 3040 2257 εἷ
3096 2205 3168 2276 μή
3204 2225 3254 2257 τι
3307 2203 3393 2258 ἐπὶ
3439 2203 3580 2276 νόσῳ
3614 2201 3779 2280 βεϐά-

354 2327 534 2383 ρηται,
571 2304 750 2380 χωρὶς
787 2304 1162 2368 ΙΙεντηκοστ-ῆς
1201 2298 1370 2370 μόνης
1401 2295 1489 2350 καὶ
1521 2299 1627 2349 τῶν
1663 2296 1992 2371 Ἐπιφανειῶ

2139 2294 2211 2349 lia
2244 2295 2478 2366 ponitur
2509 2296 2775 2366 quaestio,
2818 2312 2944 2366 quae
2995 2311 3159 2366 aeque
3213 2296 3319 2350 huc
3353 2296 3559 2350 attinet
3593 2312 3605 2351 :
3641 2296 3777 2370 Περὶ

351 2379 450 2450 τοῦ
478 2379 682 2450 κλίνειν
723 2390 855 2466 γόνυ
887 2389 936 2443 ἐν
973 2382 1238 2459 Σαϐϐάτῳ
1267 2389 1302 2456 ἡ
1334 2384 1384 2440 ἐν
1420 2382 1614 2455 Νικαίᾳ
1672 2379 1895 2444 σύνοδος
1923 2383 2012 2437 καὶ
2044 2385 2078 2452 ἡ
2111 2381 2163 2436 ἐν
2222 2379 2490 2456 Τροῦλλῳ
2547 2379 2862 2457 διωρίσατο,
2924 2383 3038 2454 μεθ’
3098 2382 3170 2435 ὧν
3204 2381 3291 2435 καὶ
3345 2382 3371 2436 ὁ
3421 2382 3582 2456 μέγας
3617 2385 3782 2439 Ἄρα-

353 2487 540 2546 νάσιος
564 2480 692 2536 τάδε
722 2479 872 2558 φησί·
909 2480 999 2548 Μή
1061 2477 1140 2538 τίς
1200 2496 1258 2529 σε
1310 2474 1562 2548 πλανήσῃ
1594 2473 1657 2528 τὸ
1716 2474 1964 2548 παράπαν
2022 2471 2072 2526 ἐν
2132 2475 2363 2546 κυριακῇ
2423 2476 2757 2547 γονυπετεῖν,
2789 2471 2823 2540 ἢ
2858 2471 2908 2526 ἐν
2946 2473 3311 2544 ΙΙεντηκοστῇ·
3344 2473 3432 2526 καὶ
3483 2473 3605 2548 περὶ
3639 2470 3785 2529 Σαϐ-

357 2571 525 2628 ϐάτου
557 2571 656 2626 οὐκ
688 2572 854 2626 εἶπεν,
891 2566 1232 2642 ’Δπόλρισιςο
1267 2564 1455 2624 Οὕτως
1513 2561 1628 2638 ἔχει
1660 2562 2095 2632 καὶὴἀληθειου
2157 2559 2304 2630 πλὴν
2366 2562 2417 2615 οἱ
2479 2560 2704 2633 πολλοὶ,
2740 2559 2828 2616 διὰ
2883 2563 2945 2616 τὸ
3002 2563 3076 2633 μὴ
3136 2561 3370 2637 γίνεσθαι
3427 2564 3676 2633 νηστείαν
3732 2565 3782 2619 ἔν

359 2657 652 2734 Σαϐϐάτῳ,
685 2661 783 2728 τὴν
817 2655 1163 2733 γονυκλισίαν
1201 2661 1470 2728 παρῆκαν.
1504 2653 1818 2724 Nimirum,
1853 2655 1923 2708 de
1954 2671 1997 2725 gi

2147 2653 2230 2707 die
2264 2653 2501 2707 Sabbati
2537 2654 2838 2720 ﬂectendo,
2881 2653 3141 2721 synodus
3190 2653 3476 2709 Nicaanam
3525 2660 3580 2709 et
3611 2656 3785 2710 Trul-

359 2753 554 2807 lanam
591 2751 968 2815 statuissc,et
999 2762 1279 2819 magnum
1315 2743 1702 2799 Athanasium
1738 2742 1950 2812 pariter
1972 2743 2310 2798 enuntiasse
2335 2759 2347 2796 :
2376 2744 2520 2797 ('avc
2543 2759 2611 2798 ne
2632 2745 2920 2814 quisquam
2943 2746 2994 2798 te
3017 2744 3240 2798 inducat
3263 2747 3545 2800 Itomz'nira
3571 2745 3659 2801 die
3677 2763 3792 2802 esse

351 2839 728 2914 jejunandum
753 2839 997 2900 omnino,
1027 2837 1141 2890 sive
1173 2836 1232 2888 in
1264 2837 1596 2889 Pentecoste.
1631 2831 1788 2886 Nihil
1820 2848 1954 2885 vero
1988 2832 2205 2887 dixisse
2239 2833 2309 2886 de
2339 2833 2611 2887 Sabbato.
2648 2833 3012 2903 Respondetur
3038 2850 3056 2886 .·
3089 2832 3181 2888 Sic
3209 2849 3262 2888 sc
3293 2849 3376 2888 res
3405 2835 3570 2904 plane
3597 2835 3792 2903 habet;

357 2931 616 3001 plerique
644 2931 849 2992 tamen,
884 2927 1016 2996 quia
1049 2923 1278 2978 Satibato
1310 2938 1419 2977 non.
1442 2923 1748 2993 jejunatur,
1770 2921 2206 2991 genuﬂexionem
2238 2924 2692 2992 pra’termittunt.
2714 2922 2784 2977 Ut
2806 2921 3036 2995 singula
3067 2928 3409 2994 appareant,
3443 2939 3511 2978 en
3545 2924 3797 2979 Athana-

365 3019 518 3072 sium
558 3021 820 3071 nostrum
859 3015 991 3080 εΜή
1042 3011 1124 3072 τίς
1170 3031 1226 3064 σε
1257 3010 1509 3082 πλανήσῃ
1540 3008 1590 3062 ἐν
1642 3012 1874 3082 κυριακῇ
1924 3009 2201 3076 νηστεύειν
2247 3009 2309 3063 τὸ
2354 3010 2626 3084 παράπαν,
2663 3013 2802 3082 μήτε
2851 3015 3163 3084 γονυπετεῖν
3211 3010 3272 3064 τὸ
3320 3012 3597 3084 παράπαν,
3655 3015 3794 3083 μήτε

370 3105 418 3159 ἐν
455 3105 826 3175 ΙΙεντηκοστῇ.
863 3100 934 3155 Οὐ
960 3101 1059 3176 γάρ
1094 3098 1204 3153 ἐστι
1235 3097 1431 3170 θεσμὸς
1465 3095 1812 3166 Ἐκκλησίας.
1850 3103 1968 3152 Duo

2153 3104 2348 3154 menta
2391 3099 2590 3155 isthzec
2641 3117 2755 3154 non
2807 3099 2950 3154 levis
2983 3105 3121 3154 sunt
3153 3101 3426 3170 ponderis
3454 3118 3473 3162 ,'
3509 3103 3791 3174 tantique,

369 3202 433 3251 ut
464 3195 692 3251 nullum
725 3195 903 3248 ferme
937 3191 1180 3247 dubium
1215 3189 1601 3260 relinquatur.
1624 3189 1928 3260 Siquidem
1957 3189 2084 3259 ipsa
2116 3189 2374 3256 synodus
2406 3204 2470 3243 eo
2505 3189 2842 3245 testimonio
2876 3190 3078 3256 utitur,
3101 3206 3287 3260 neque
3335 3189 3542 3245 refellit
3591 3208 3798 3247 mona-

369 3285 511 3340 chos
542 3301 610 3340 ex
645 3283 956 3338 Athanasio
989 3285 1188 3335 nostro
1218 3279 1597 3334 disserentes.
1633 3278 1793 3350 Apud
1832 3277 2239 3332 Balsomoncm
2274 3279 2524 3333 occurrit
2550 3280 2788 3349 quaestio
2822 3281 2891 3334 de
2921 3295 3072 3350 genu
3109 3279 3164 3333 in
3199 3279 3452 3334 Sabbato
3484 3280 3794 3350 ﬂectendo,

370 3379 530 3429 mota
579 3391 611 3427 a
661 3371 966 3426 monachis
1015 3375 1176 3425 extra
1225 3369 1426 3422 urbem
1479 3383 1542 3421 se
1592 3367 2018 3422 exercentibus.
2070 3373 2332 3438 tempore
2379 3367 2594 3422 Nicolai
2651 3367 2992 3439 patriarchae
3043 3377 3092 3423 et
3149 3367 3331 3422 Alexii
3375 3369 3674 3424 Comneni.
3709 3372 3794 3426 Ad

370 3480 546 3534 quam
582 3461 879 3533 respondit
909 3477 1074 3514 sacra
1105 3456 1753 3527 Constantinopolitano.
1783 3456 2061 3527 synodus.
2084 3460 2299 3510 Verum
2320 3457 3097 3528 differuntinterrogationes
3117 3456 3348 3513 illorum
3373 3459 3795 3515 monachorum

377 3571 408 3607 a
441 3551 658 3607 nostris
690 3549 746 3604 in
783 3566 892 3604 ms.
941 3548 1142 3620 Regio,
1195 3551 1434 3617 propter
1485 3543 1713 3598 diversa
1761 3543 1968 3613 capita.
2025 3544 2216 3608 Porro,
2269 3543 2378 3597 etsi
2426 3545 2690 3614 ejusdem
2740 3551 2937 3600 essent
2991 3562 3125 3600 cum
3179 3547 3400 3602 caeteris
3452 3547 3575 3615 arvi,
3630 3566 3802 3604 nemo

378 3640 544 3696 facile
592 3639 701 3693 sibi
739 3635 1118 3710 persuaserit,
1149 3631 1454 3688 Athanasii
1490 3637 1627 3686 tunc
1660 3631 2127 3702 suppositionem
2165 3631 2412 3699 factam;
2448 3633 2548 3686 scd
2582 3637 2782 3687 contra
2815 3639 3000 3704 putet,
3032 3633 3208 3705 longa
3238 3641 3405 3689 nitate
3440 3636 3612 3692 fidem
3649 3637 3804 3692 obti-

379 3729 581 3783 nuisse
610 3729 666 3782 in
703 3727 938 3781 Patrum
973 3739 1274 3780 consessu.
1309 3720 1569 3791 Conjicio
1601 3725 1794 3774 autem
1827 3720 2179 3790 quaestiones
2211 3721 2522 3774 canonicas
2555 3726 2611 3775 et
2641 3723 3053 3794 responsiones
3085 3723 3300 3778 codicis
3334 3724 3490 3796 Regii
3527 3725 3596 3779 ai
3630 3743 3807 3782 saecu-

382 3817 502 3872 lum
541 3834 598 3870 1x
628 3815 982 3882 referendas,
1017 3813 1074 3866 in
1108 3811 1322 3884 quibus
1354 3809 1420 3863 fit
1451 3809 1670 3864 mentio
1703 3808 2054 3880 typicorum,
2089 3808 2528 3881 synaxariorum
2564 3812 2753 3864 sancti
2794 3812 2981 3865 Patris
3033 3811 3216 3866 nostri
3266 3813 3436 3880 Saba,
3487 3818 3545 3868 et
3596 3831 3808 3886 praece-

390 3905 572 3976 ptoris
621 3903 798 3958 eremi
851 3902 1047 3973 magni
1105 3898 1421 3971 Euthymii,
1452 3913 1558 3953 nec
1590 3914 1703 3952 non
1733 3898 1794 3953 S.
1825 3897 2129 3952 Athanasii
2165 3895 2326 3952 illius
2358 3897 2416 3952 in
2451 3903 2647 3953 monte
2680 3905 2902 3954 sancto.
2939 3899 3348 3956 Producuntur
3378 3901 3670 3958 concilum
3703 3903 3806 3958 Ni-

391 4009 612 4047 caenum
649 4009 708 4059 ll,
812 3989 1052 4048 ἐνώσεως
1085 3984 1330 4050 σύνοδος,
1361 3987 1395 4054 ἠ
1427 3982 1691 4060 γενομένη
1727 3981 1778 4036 ἐν
1813 3985 2029 4040 Κωνςτα

2172 4005 2220 4038 >υ
2252 3983 2432 4052 πόλει,
2465 3984 2588 4061 περὶ
2620 3990 2726 4039 τῶν
2761 3985 2975 4060 γάμων,
3008 3989 3269 4060 synodus
3303 3990 3810 4061 Ncocmsariensis,

390 4085 445 4135 S.
481 4079 732 4135 Basilius
763 4080 830 4133 ad
867 4075 1368 4148 Amphilochium.

458 4171 605 4236 Quid
641 4171 717 4225 sit
747 4185 927 4239 quare
957 4168 1273 4239 Syntagma
1305 4167 1574 4219 nostrum
1694 4161 1996 4216 Athanasii
2030 4178 2155 4216 esse
2188 4167 2458 4233 nequeat,
2485 4165 2744 4219 nondum
2797 4165 3084 4236 perspicio
3121 4183 3133 4220 :
3170 4167 3436 4237 quamvis
3488 4168 3644 4223 enim
3691 4168 3814 4241 ipse

385 4259 443 4314 in
497 4261 618 4315 Vita
668 4260 721 4314 S.
775 4257 994 4312 Antonii
1046 4253 1390 4319 narraverit,
1421 4257 1541 4307 tam
1575 4251 1777 4306 crebra
1810 4251 2166 4306 monasteria
2197 4251 2253 4305 in
2288 4251 2532 4324 {Egypto
2563 4258 2686 4308 tum
2725 4271 2838 4309 non
2869 4255 3070 4320 fuisse,
3105 4259 3201 4310 sed
3237 4274 3528 4326 quemque
3559 4274 3620 4312 se
3652 4276 3813 4312 exer-

383 4349 572 4404 cuisse
603 4365 634 4402 a
665 4365 768 4401 suo
802 4363 950 4419 pago
985 4362 1100 4400 non
1136 4343 1335 4415 procul
1372 4359 1384 4398 :
1419 4341 1603 4396 nihilo
1633 4357 1801 4395 secus
1832 4340 2150 4412 Gregorius
2183 4340 2602 4409 Nazianzenus,
2637 4345 2790 4400 Orat.
2827 4345 2882 4398 in
2915 4344 3131 4399 laudem
3181 4346 3488 4413 Athanasii,
3537 4348 3816 4412 afﬁrmat,

387 4441 567 4494 Vitam
598 4438 831 4493 Antonii
860 4434 1237 4508 promulgare
1267 4433 1427 4505 leges
1459 4429 1813 4487 monasticae
1844 4431 1954 4485 sub
1987 4431 2180 4500 specie
2213 4431 2586 4487 narrationis.
2621 4434 2707 4487 Ad
2743 4433 2863 4488 haec
2895 4451 3028 4488 cum
3060 4435 3277 4489 nostris
3309 4442 3662 4506 congruunt,
3687 4453 3817 4507 quas

380 4529 540 4600 legas
568 4528 622 4581 in
657 4527 714 4582 S.
745 4525 1066 4582 Athanasio
1099 4525 1173 4580 De
1201 4524 1540 4594 virginitate,
1573 4518 1697 4589 ἤτοι
1749 4519 1873 4593 περὶ
1923 4519 2224 4588 ἀσκήσεως.
2282 4520 2520 4591 Propter
2581 4523 2922 4594 superbiam
2971 4523 3242 4578 diabolus
3289 4541 3356 4579 ex
3405 4525 3566 4580 oculis
3621 4526 3821 4596 prisci-

387 4617 703 4687 pitabatur.
741 4615 1044 4683 Νήστευσον
1080 4609 1208 4666 ελον
1239 4611 1330 4665 τὸν
1366 4608 1605 4664 ἐνιαυτὸν
1665 4607 1840 4684 χωρὶς
1897 4606 2072 4676 πάσης
2133 4606 2388 4681 ἀνάγκης·
2425 4606 2540 4682 ὥρᾳ
2599 4607 2655 4662 δὲ
2714 4609 2902 4683 ἐννάτῃ
2955 4618 3053 4679 τῆς
3110 4611 3322 4686 ἡμέρας
3382 4610 3434 4666 ἐν
3492 4611 3683 4685 ὕμνοις
3731 4612 3821 4667 καὶ

387 4701 575 4775 εὐχαῖς
608 4700 978 4771 διατελέσασα,
1011 4695 1400 4774 καταλάμϐανε
1426 4700 1519 4752 τὸν
1555 4699 1714 4773 ἄρτον
1750 4719 1845 4750 σου
1877 4696 1927 4750 ἐν
1966 4696 2025 4751 λα

2185 4721 2194 4749 ν
2244 4697 2705 4771 ἀναπεποιημένῳ
2753 4697 2940 4771 ἐλαίῳ.
2990 4703 3202 4764 Jejuno
3243 4705 3561 4758 universum
3609 4721 3823 4760 annum

385 4794 505 4846 sine
536 4794 854 4846 necessitate
885 4791 1142 4858 (melius,
1176 4790 1288 4844 nisi
1335 4789 1692 4844 neccessitas
1725 4788 1882 4842 aliud
1917 4787 2234 4858 postulet);
2271 4787 2403 4843 hora
2438 4805 2556 4844 vero
2583 4806 2748 4856 nona,
2782 4792 2842 4844 in
2873 4794 3100 4862 hymnis
3130 4801 3180 4846 et
3221 4794 3459 4863 jejuniis
3498 4795 3826 4864 per-durans,

388 4896 544 4935 sume
571 4894 770 4949 panem
801 4883 955 4934 tuum
985 4896 1112 4934 cum
1139 4879 1381 4934 oleribus
1410 4878 1526 4932 oleo
1557 4878 1794 4947 refectis.
1829 4900 1853 4924 u
1891 4876 2139 4930 Nuditas
2175 4893 2243 4930 ne
2292 4884 2571 4949 appareat
2622 4895 2818 4934 coram
2871 4879 3008 4934 alio.
3060 4880 3186 4935 Non
3235 4881 3350 4936 ibis
3398 4883 3470 4936 ad
3523 4882 3822 4950 balneum,

390 4968 684 5039 siquidem
735 4985 880 5022 sana
928 4967 1032 5033 sis,
1086 4965 1201 5021 nisi
1251 4970 1496 5037 urgente
1545 4964 1909 5020 necessitate.
1963 4964 2022 5018 Si

2179 4983 2268 5020 ius
2303 4967 2628 5036 infirmum,
2663 4973 2868 5040 χρῆσαι
2902 4965 3036 5039 οἴνῳ
3066 4965 3240 5043 ὀλίγῳ
3273 4964 3361 5021 διὰ
3389 4968 3480 5022 τὸν
3515 4968 3817 5045 στόμαχον.

390 5057 554 5124 Quod
588 5057 634 5113 si
669 5057 828 5113 adsit
859 5055 1366 5113 catechumenain
1400 5071 1625 5122 mensa,
1674 5070 1746 5108 ne
1794 5059 1918 5108 oret
1969 5069 2102 5108 cum
2157 5054 2451 5121 fidelibus,
2503 5073 2691 5127 neque
2741 5057 2974 5113 sedebis
3020 5062 3077 5113 et
3123 5075 3241 5112 una
3283 5075 3417 5112 cum
3462 5057 3564 5113 illa
3611 5075 3824 5130 panem

389 5149 682 5202 comedas.
709 5145 768 5200 Si
800 5146 886 5200 vir
907 5146 1111 5217 justus
1143 5145 1216 5201 ad
1247 5150 1303 5200 te
1334 5144 1575 5210 venerit,
1608 5143 1732 5198 lava
1763 5142 1814 5196 ei
1849 5143 2045 5213 pedes.
2072 5143 2131 5198 Si
2162 5144 2415 5215 virgines
2449 5144 2828 5202 advenientes
2859 5147 3060 5201 vinum
3093 5147 3319 5214 bibant,
3346 5145 3580 5201 etiamsi
3611 5152 3675 5202 tu
3709 5165 3826 5204 non

391 5236 570 5303 bibis,
601 5241 836 5308 propter
866 5253 965 5293 eas
996 5237 1129 5292 bibe
1162 5235 1511 5309 pauxillum.
1549 5235 1609 5289 In
1643 5231 1889 5289 ecclesia
1917 5236 2065 5301 tace,
2103 5250 2205 5288 nec
2236 5233 2564 5306 quidquam
2595 5234 2878 5306 loquaris,
2929 5238 3030 5292 sed
3082 5236 3434 5291 lectionibus
3482 5236 3740 5293 intende.
3799 5261 3826 5288 »

394 5322 679 5380 Similiter
727 5325 786 5380 in
836 5327 1228 5382 Exhortatione
1280 5325 1357 5382 ad
1380 5323 1700 5388 monachos,
1735 5337 1911 5392 quam
1944 5322 2141 5376 Latine
2173 5322 2461 5376 habemus
2493 5323 2553 5377 in
2588 5328 2745 5379 torno
2775 5325 2822 5380 II
2853 5325 3024 5396 Opp.,
3058 5325 3106 5378 si
3139 5326 3431 5380 donamus
3463 5340 3593 5380 esse
3646 5327 3830 5382 Atha-

394 5414 569 5478 nasii,
600 5417 1092 5470 commendantur
1115 5415 1347 5486 jejunia
1381 5418 1590 5486 praeter
1623 5411 2010 5480 Dominicam,
2045 5411 2094 5466 si
2124 5409 2314 5465 votiva
2342 5411 2462 5466 sint
2494 5429 2507 5466 :
2544 5413 2781 5469 habitus
2812 5414 2964 5483 vilis,
2999 5419 3175 5484 atque
3207 5413 3321 5468 alia
3350 5413 3637 5470 nonnulla
3664 5414 3832 5471 facil-

398 5499 539 5555 lime
569 5517 703 5556 cum
738 5503 955 5556 nostris
987 5503 1404 5575 comparanda.

477 5714 592 5785 (2t)
626 5719 685 5768 In
721 5712 888 5768 festis
924 5712 1175 5769 Domini.
