4148 6390
290 378 410 438 835
1482 370 1547 431 S.
1594 371 2120 435 ATHANASIUS.
2146 402 2225 421 —
2255 373 2568 436 SPUBIA.
3599 375 3721 437 836

361 508 561 583 Stylus
588 506 994 580 Syntagmatis
1014 508 1086 562 ab
1121 506 1440 563 Athanasio
1489 523 1606 563 non
1656 510 1746 563 est
1790 507 1935 563 adeo
1984 510 2269 575 remotus,
2320 506 2803 581 quandoquidem
2849 506 2909 563 in
2966 510 3220 564 tractatu
3268 509 3345 564 De
3388 509 3724 581 virginitate

291 598 479 655 multa
506 597 717 653 iisdem
745 595 938 652 verbis
970 596 1277 667 modisque
1309 596 1542 653 dicendi
1574 597 2002 669 exprimuntur.
2025 597 2387 655 Subdit‘ficile
2416 602 2615 654 tamen
2645 600 2836 655 visum
2870 597 2982 653 fuit
3009 598 3436 666 demonstrare,
3458 599 3721 658 Athana-

292 689 443 745 sium
479 702 803 759 usurpasse
831 685 1072 741 verbum
1105 682 1278 739 θέλειν
1307 703 1439 741 cum
1471 687 1781 751 inﬁnitivo,
1810 687 1930 742 loco

2080 687 2316 760 ierativi,
2366 704 2419 742 ν.
2475 705 2526 744 c.
2578 685 2703 742 θὲλε
2744 685 3055 762 ἀγρυπνεῖν,
3103 704 3210 760 pro
3260 686 3539 762 ἆγρύπνει’
3594 687 3718 746 θέλε

294 776 489 851 μένειν,
539 793 645 848 pro
678 774 823 847 μὲνε,
866 793 994 847 quae
1024 775 1275 831 barbara
1306 776 1384 830 sit
1410 774 1628 831 locutio
1663 792 1675 831 :
1712 777 1991 831 nutaham
2025 776 2125 832 diu
2155 775 2216 832 in
2247 792 2317 833 ea
2345 794 2426 845 re,
2455 778 2640 834 donec
2669 776 2994 833 invenirem
3025 776 3085 833 in
3118 776 3177 837 S.
3212 777 3413 834 Basilii
3444 794 3722 838 sermone

290 869 368 924 De
397 867 744 923 abdicatione
772 882 959 921 rerum
994 883 1012 920 :
1044 865 1132 932 Μή
1169 860 1293 926 θέλε
1318 860 1567 939 διορθοῦν
1592 862 1870 936 ἐπασμοὺς
1900 884 1928 918 τ

2081 863 2271 940 ηρίων,
2303 882 2407 938 pro
2434 860 2673 939 διόρθου.
2706 870 2872 935 Item,
2922 865 3017 934 Μὴ
3072 860 3162 920 ἔσο
3209 864 3521 942 περίεργος,
3577 865 3719 941 μηδὲ

289 957 465 1011 πάντα
499 953 716 1031 βλέπειν
749 952 892 1022 οὲλε,
926 971 1028 1027 pro
1063 953 1249 1029 βΛὲπε.
1283 954 1446 1010 Unde
1475 954 1635 1010 illius
1664 971 1927 1025 argumet

2084 972 2139 1011 tn
2169 954 2493 1012 evadimus.
2518 955 2656 1012 Post
2683 956 2883 1013 omnia
2912 955 3027 1012 ista
3058 957 3198 1028 quid
3232 957 3462 1012 restat?
3494 958 3719 1014 nemini

292 1046 639 1118 rapiendum
674 1044 958 1116 judicium
993 1061 1189 1113 suum,
1211 1060 1399 1115 neque
1427 1044 1604 1099 etiam
1636 1043 2028 1100 resistendum
2060 1048 2117 1100 et
2145 1046 2597 1118 repugnandum
2629 1049 2834 1101 contra
2860 1044 3193 1116 veritatem,
3212 1046 3283 1101 ad
3308 1062 3487 1118 quam
3509 1046 3559 1103 si
3585 1048 3722 1121 quis

293 1135 611 1191 curios‘iorc
642 1133 1046 1189 observatione
1078 1134 1485 1205 penetraverit,
1517 1135 1585 1189 de
1616 1132 1851 1206 publico
1883 1134 2029 1190 bene
2058 1134 2396 1190 merebitur.

365 1228 495 1282 Πιτε
519 1223 809 1291 Arnoldus,
844 1225 930 1277 vir
955 1240 1088 1279 sane
1115 1240 1226 1277 non
1254 1224 1442 1279 minus
1472 1223 1782 1280 eruditione
1810 1241 1979 1295 quam
2005 1226 2264 1281 comitate
2290 1228 2344 1280 et
2372 1224 2742 1281 moderatione
2768 1225 3117 1298 conspicuus.
3150 1223 3253 1281 Sed
3281 1240 3415 1290 pace
3460 1226 3577 1282 viri
3618 1226 3717 1282 do-

292 1316 551 1383 ctissimi,
608 1313 745 1384 hmo,
795 1322 978 1368 nostro
1030 1312 1245 1383 quidem
1269 1312 1504 1385 judicio,
1530 1330 1639 1370 non
1665 1316 1795 1369 sunt
1822 1315 2018 1385 magni
2046 1314 2308 1369 momenti
2336 1313 2409 1370 ad
2439 1315 2538 1371 hoc
2565 1316 2891 1384 opusculum
2924 1316 3236 1371 Athanasio
3263 1313 3713 1386 adjudicandum.

294 1406 435 1460 Nam
467 1404 599 1476 quid
627 1403 692 1458 de
719 1402 1117 1474 quatstionibus
1145 1403 1447 1473 canonicis,
1480 1403 1573 1457 ubi
1614 1404 1840 1458 nomine
1886 1402 2180 1458 Athanasii
2228 1403 2477 1475 quedam
2520 1420 2593 1459 ea:
2642 1404 2742 1459 hoc
2789 1403 3145 1475 Syntagmate
3196 1403 3539 1476 aﬂ‘eruntur,
3589 1405 3718 1460 licet

272 1492 488 1549 revera
536 1490 661 1548 illa?
707 1492 765 1545 in
809 1491 1043 1563 quodam
1066 1492 1298 1546 concilio
1326 1491 1490 1546 editae
1518 1493 1767 1562 fuissent,
1800 1492 1941 1563 quod
1966 1494 2151 1547 tamen
2179 1491 2343 1548 dubio
2374 1494 2605 1548 minime
2631 1496 2792 1548 vacat
2804 1511 2830 1559 ;
2858 1495 2917 1548 in
2946 1492 3171 1563 synodis
3197 1492 3519 1564 quandoque
3546 1493 3720 1548 Atha-

290 1585 441 1638 nasii
466 1582 692 1636 nomine
720 1595 882 1651 opera
923 1580 1247 1647 laudantur,
1279 1596 1400 1652 quae
1430 1588 1611 1636 tamen
1632 1586 1851 1636 constat
1880 1580 2175 1637 Athanasii
2202 1597 2313 1637 non
2344 1597 2493 1643 esse;
2523 1589 2585 1637 ut
2622 1580 2809 1638 uidere
2836 1590 2913 1637 est
2960 1584 3021 1636 in
3068 1581 3306 1637 secunda
3350 1583 3580 1638 Nicena
3623 1582 3723 1637 ubi

291 1670 545 1727 Historia
592 1669 869 1741 imaginis
916 1668 1250 1741 Berytensis
1299 1671 1374 1725 ad
1419 1671 1647 1725 verbum
1701 1669 1934 1743 legitur,
1976 1687 2143 1742 quam
2170 1686 2328 1726 nemo
2352 1688 2468 1725 non
2494 1673 2706 1741 fatetur
2733 1671 3034 1726 Athanasio
3063 1671 3495 1744 abjudicandam
3525 1689 3544 1725 :
3575 1671 3723 1744 quod

283 1760 489 1833 potiori
516 1760 735 1815 ratione
763 1757 1297 1831 desubsequcntium
1340 1759 1667 1816 saeculorum
1716 1759 1943 1831 synodi:
1982 1760 2403 1817 aestimandum.
2455 1759 2626 1815 Multa
2670 1766 2820 1817 certe
2865 1749 3089 1816 exstant
3131 1761 3324 1832 spuria
3381 1775 3724 1832 opera-quae

289 1854 440 1906 sexto
468 1850 553 1906 vel
581 1851 814 1920 septimo
842 1849 1051 1905 saeculo
1079 1853 1314 1904 exarata
1335 1853 1482 1918 sunt,
1515 1864 1747 1922 qumque
1775 1866 1811 1904 a
1837 1851 2242 1922 posterioribus
2272 1849 2401 1905 inde
2423 1849 2647 1922 synodis
2672 1850 3099 1921 auctoribusque
3128 1850 3369 1906 laudari
3393 1858 3721 1922 potuerunt.

302 1939 451 2009 Quod
480 1946 685 2009 spectat
711 1954 837 1995 vero
867 1939 1205 2008 afﬁnitatem
1237 1938 1602 2010 quorumdam
1632 1938 1794 2009 hujus
1822 1940 2074 2011 opusculi
2104 1941 2348 1995 locorum
2374 1955 2498 1994 cum
2528 1940 2664 1994 aliis
2710 1937 2849 1994 libri
2893 1942 2971 1994 De
3019 1937 3351 2010 virginitate
3397 1942 3451 1994 et
3497 1938 3578 1995 De
3625 1956 3723 1995 ex-

288 2028 619 2084 hortatione
650 2027 719 2082 ad
750 2027 1071 2082 monachos
1105 2027 1252 2093 locis,
1273 2027 1330 2082 id
1358 2029 1594 2084 minoris
1625 2028 1807 2083 adhuc
1834 2032 1912 2083 est
1931 2030 2137 2100 pretii:
2156 2032 2313 2082 tuum
2343 2030 2476 2101 quia
2499 2030 2660 2101 prior
2690 2028 2832 2083 liber
2857 2044 3070 2100 magna
3095 2028 3424 2097 suspicione,
3453 2030 3727 2096 posterior

286 2121 473 2190 aperte
500 2115 681 2187 νοθείᾳ
707 2116 958 2179 laborat;
991 2123 1104 2171 tum
1137 2119 1267 2187 quia
1309 2119 1704 2189 praeceptiones
1748 2119 1869 2175 illae
1912 2120 2227 2174 monasticz
2276 2117 2344 2173 de
2382 2118 2620 2189 jejunio,
2670 2118 2908 2190 aliisque
2955 2117 3453 2184 observationibus,
3508 2116 3723 2174 eaedem

285 2208 460 2279 ferme
508 2208 567 2261 in
617 2207 793 2262 variis
840 2206 1161 2261 auctoribus
1204 2206 1497 2275 leguntur;
1528 2209 1610 2262 ita
1638 2211 1702 2262 ut
1728 2209 1948 2263 nullum
1978 2207 2109 2264 hinc
2131 2208 2309 2279 possit
2335 2209 2461 2263 erui
2487 2210 2898 2277 argumentum.
2925 2205 3089 2262 Nobis
3118 2205 3308 2278 itaque
3335 2207 3563 2262 omnino
3588 2222 3723 2279 spu-

290 2299 443 2353 rium
470 2296 689 2353 videtur
715 2297 820 2353 hoc
848 2298 1191 2369 opusculum,
1225 2305 1339 2352 tum
1368 2297 1432 2352 ob
1461 2298 1595 2368 styli
1619 2314 1808 2369 genus,
1839 2298 1991 2370 quod
2018 2300 2088 2354 ab
2119 2298 2413 2354 Athanasii
2440 2294 2682 2373 ἐνεργείᾳ
2708 2298 2917 2352 mirum
2946 2312 3111 2369 quam
3154 2300 3427 2352 remotum
3466 2298 3561 2363 sit,
3611 2305 3726 2353 tum

289 2389 353 2444 ob
403 2388 613 2442 multas
659 2387 878 2443 voculas
926 2401 1050 2457 qua:
1086 2388 1355 2459 sequioris
1376 2388 1488 2444 aevi
1514 2395 1702 2442 notam
1727 2389 1927 2459 prwfer

2088 2395 2147 2443 ut
2174 2394 2251 2444 est
2283 2387 2432 2443 illud
2456 2384 2981 2463 ἆκεροπερίσπαστον
3013 2402 3113 2442 seu
3141 2381 3723 2461 ἀκαιροπερίσπαστον,

287 2476 431 2532 illud
465 2477 631 2531 etiam
660 2475 948 2549 καταψυχή
984 2476 1140 2531 304
1168 2474 1464 2542 simultas,
1496 2478 1649 2543 item,
1700 2473 1925 2550 ἐπαιρίδε

2085 2524 2088 2543 ι
2138 2478 2254 2533 nisi
2298 2478 2372 2532 sit
2416 2476 2693 2549 mendum,
2742 2472 3135 2550 ἐργατεύεσθαι,
3185 2476 3576 2549 περιηγῶσιν,
3622 2489 3723 2547 pro

290 2581 438 2637 aegre
486 2565 673 2620 ferant
723 2583 737 2620 :
786 2573 838 2621 et
879 2565 1101 2621 similia
1132 2566 1264 2622 bene
1291 2566 1467 2620 multa
1507 2581 1610 2637 pro
1643 2566 1905 2621 brevitate
1931 2567 2182 2638 opusculi
2200 2583 2221 2628 .·
2249 2565 2393 2639 quod
2418 2581 2593 2640 neque
2617 2568 2849 2639 potioris
2878 2581 2995 2621 esse
3013 2564 3346 2621 conditionis
3373 2565 3728 2620 arbitramur

296 2670 462 2726 quam
491 2661 693 2711 caetera
722 2655 983 2726 opuscula
1014 2656 1263 2719 ascetica,
1296 2669 1423 2726 qua:
1450 2655 1772 2711 Athanasiii
1798 2658 2021 2713 nomine
2046 2656 2480 2727 subsequuntur.
2517 2655 2793 2714 Caeterum
2836 2654 3070 2711 Arualdi
3113 2664 3274 2711 notas
3319 2670 3434 2711 non
3481 2656 3728 2726 integras

297 2743 388 2798 hic
433 2744 782 2815 subjicimus,
835 2748 952 2800 tum
1000 2746 1132 2817 quia
1177 2744 1510 2816 prolixiores
1535 2748 1667 2800 sunt
1713 2761 1879 2818 quam
1926 2746 2175 2801 instituti
2198 2746 2375 2801 nostri
2403 2747 2548 2802 ratio
2572 2748 2748 2818 ferat,
2777 2750 2901 2801 tum
2928 2744 3061 2817 quia
3083 2744 3265 2801 multa
3290 2744 3729 2817 complectuntur

296 2847 423 2905 qua:
452 2834 510 2890 in
543 2832 919 2889 Onomastico
948 2837 1132 2891 nostra
1163 2833 1491 2907 explicanda
1521 2835 1759 2891 venient.

1474 3093 1609 3149 ΤΟΥ
1647 3094 1736 3149 ΕΝ
1776 3092 2010 3150 ΛΓΙΟΙΣ
2052 3094 2329 3151 ΙΙΔΤΡΟΣ
2371 3095 2567 3151 ΗΜΩΝ

1650 3242 2385 3342 ΑΘΑΝΑΣΙΟΥ

467 3416 832 3467 ΣΥΝΤΑΓΜΔ
874 3414 1344 3469 ΔῙΔΑΣΚΑΛῘΑΣ
1385 3414 1571 3469 ΠΡΟΣ
1613 3415 2579 3544 ΜΟΊῘῘῘΕΑΞἍἿΤῗέἰΚΙὸἴὲΠΑΝΤΑΣ
2619 3403 3114 3485 ΧΡΙΣΤΙᾹΝΟΥΣ,
3156 3413 3547 3470 ΚΛΗΡῙΚΟΥΣ

1444 3770 1536 3864 S.
1591 3772 1689 3865 P.
1752 3772 1864 3868 N.
1928 3773 2610 3870 ATHANASII

663 3938 1006 3996 SYNTAGMA
1048 3940 1413 4000 DOCTRlN/E
1448 3942 1536 3998 AD
1576 3941 1969 4084 MONACQIﬁSI’k
1995 3944 2359 4074 2.3%%§SQUE
2399 3944 2830 4002 CHRISTIANOS
2872 3943 3001 4001 TAl!
3048 3939 3365 3999 CLERICOS

375 4295 426 4352 1.
468 4294 745 4386 ,Εοοιοεὶω
797 4296 1094 4354 catholicae
1144 4296 1423 4367 filiorum,
1476 4302 1534 4355 et
1586 4298 1963 4372 potissimum
1995 4324 2013 4386 γ

2151 4301 2204 4357 4.
2236 4301 2419 4357 Ἔστιν
2456 4301 2483 4355 ὁ
2518 4297 2634 4376 βίος
2681 4303 2790 4355 τῶν
2835 4298 2968 4353 υἱῶν
3014 4303 3114 4367 τῆς
3164 4291 3473 4363 Καθολικῆς
3502 4288 3743 4386 Ἐκκλη-

317 4384 802 4442 anochoretarum
852 4386 975 4443 sive
1023 4387 1490 4459 monachorum,
1545 4387 1661 4445 tale
1708 4393 1797 4445 est
1837 4389 1955 4444 vitae

2105 4388 2224 4460 πίας,
2280 4388 2370 4444 καὶ
2423 4386 2662 4461 μάλιστα
2716 4392 2826 4443 τῶν
2887 4386 2938 4442 ἐν
2999 4385 3135 4460 αὐτῇ
3194 4384 3573 4459 ἆναχωρητῶν
3614 4377 3743 4449 ἤτοι

305 4475 543 4548 agendae
590 4492 797 4548 genus.
830 4475 1033 4532 Gratia
1063 4476 1301 4548 quidem
1331 4475 1478 4532 salvi
1510 4493 1718 4534 sumus
1750 4479 1830 4547 ¹“¹;
1866 4493 1943 4533 εει

2106 4481 2367 4554 ιοναχῶν,
2402 4476 2595 4540 οὕτως.
2630 4476 2824 4553 Χάριτι
2885 4477 2977 4550 μὲν
3038 4474 3198 4549 ἐσμεν
3256 4471 3580 4544 σωζόμενον
3614 4466 3744 4523 ἀλλ’

305 4564 494 4634 gratia
526 4564 678 4621 ﬁlios
711 4581 873 4632 suos,
911 4564 1212 4637 sapientia:
1261 4565 1400 4621 item
1452 4566 1760 4638 omnisque
1807 4567 1943 4639 proh

2104 4572 2117 4637 δ
2151 4566 2313 4643 χάρις
2345 4565 2695 4643 αὐθαιρέτως
2741 4564 2997 4641 βούλεται
3039 4565 3173 4620 εἶναι
3222 4561 3349 4624 τοὺς
3393 4561 3591 4628 ἑαυτῆς
3619 4560 3742 4611 παῖ-

307 4653 500 4723 operis
531 4653 683 4710 ﬁlios
716 4669 846 4709 esse
876 4659 1165 4727 peroptat,
1185 4655 1285 4727 qui
1319 4656 1542 4711 bonum
1574 4655 1945 4727 experiment

2103 4657 2179 4719 ἔας
2210 4655 2302 4710 καὶ
2335 4656 2527 4734 σοφίας
2560 4655 2712 4719 υἱοὺς
2761 4656 2852 4711 καὶ
2899 4657 3077 4725 πάσης
3110 4650 3355 4731 πράξεως
3387 4650 3616 4725 ἀγαθῆς,
3651 4643 3741 4700 δο-

311 4746 686 4813 cognoscant,
720 4746 779 4797 et
808 4742 890 4798 ita
919 4759 1088 4815 agerc
1118 4745 1407 4800 nitantur.
1446 4744 1525 4800 Te
1573 4745 1775 4811 itaque
1822 4751 1949 4800 rect:

2106 4746 2410 4820 ιιμάσαντες
2443 4747 2559 4820 (22)
2605 4745 2690 4800 τὸ·
2718 4743 2910 4819 καλὸν,
2963 4741 3258 4815 ζηλοῦντες
3311 4742 3449 4816 (23),
3478 4737 3568 4793 καὶ
3600 4735 3744 4792 οὕτω

309 4829 653 4901 hujusmodi
723 4830 838 4886 ﬁde
906 4832 1150 4904 dignum
1222 4833 1510 4889 constitue
1579 4851 1592 4888 :
1661 4833 1833 4903 facto,
1884 4833 1942 4889 di

2114 4837 2364 4911 πράττειν.
2397 4837 2515 4905 Τῆς
2551 4831 2641 4889 οὖν
2673 4835 2839 4909 ὀρθῆς
2880 4833 3083 4902 ταύτης
3131 4830 3367 4892 πίστεως
3412 4829 3558 4901 ἄξιον
3592 4845 3752 4880 σεαυ-

309 4918 457 4975 lecte
510 4919 614 4990 mi,
665 4919 789 4976 haec
834 4921 1102 4977 servandi
1156 4921 1474 4995 proposito.
1523 4923 1669 4978 Nam
1704 4926 1844 4978 sunt
1874 4939 1947 4995 qu

2120 4926 2177 4981 ὸν
2232 4923 2533 5000 εὐτρέπιζε,
2581 4917 3061 5000 προϐεϐλημένος,
3115 4919 3387 4996 ἀγαπητὶ,
3434 4920 3604 4972 ταῦτα
3650 4935 3752 4992 φυ-

312 5024 445 5065 cum
479 5007 573 5064 his
603 5009 909 5082 praeceptis
935 5015 1200 5084 pugnent
1249 5030 1261 5067 :
1312 5034 1341 5063 ‹‹
1395 5011 1611 5086 Diliges
1658 5012 1950 5069 Dominun

2110 5014 2329 5070 tdttetv'
2390 5013 2747 5091 ἀγωνίζονται
2811 5013 2946 5086 μετὰ
2996 5009 3094 5067 τοῦ
3151 5011 3287 5084 (24),
3334 5031 3362 5060 ‹‹
3408 5005 3606 5082 Κύριον
3646 5004 3748 5091 ,τὸν

314 5100 494 5154 Deum
529 5102 697 5156 tuum
725 5116 792 5156 ex
813 5104 935 5157 toto
958 5103 1133 5157 corde
1155 5106 1277 5169 tuo,
1310 5106 1369 5158 et
1389 5118 1458 5158 ex
1481 5106 1603 5158 tota
1626 5102 1825 5159 anima
1851 5107 1952 5159 tua

2109 5104 2241 5161 Θεὸν
2263 5125 2360 5159 σου
2388 5102 2682 5182 ἀγαπήσεις
2716 5101 2767 5174 ἐξ
2798 5101 2937 5174 ὅλης
2981 5096 3209 5177 καρδίας
3258 5117 3375 5167 σου,
3405 5095 3495 5150 καὶ
3528 5092 3578 5167 ἐξ
3610 5090 3747 5182 ὅλης

314 5193 371 5245 et
400 5188 735 5262 proximum
761 5193 929 5246 tuum
964 5189 1118 5246 sicut
1150 5191 1407 5263 teipsum
1440 5192 1507 5247 η.
1546 5191 1674 5247 Non
1721 5192 1952 5248 occides

2107 5198 2187 5261 τῆς
2217 5195 2405 5269 ψυχῆς
2436 5179 2585 5266 σου,
2644 5190 2734 5246 καὶ
2787 5191 2879 5247 τὸν
2931 5189 3170 5262 πλησίον
3229 5207 3324 5243 σου
3382 5184 3456 5246 ὡς
3506 5179 3745 5238 σεαυτόν.

315 5294 431 5334 non
483 5277 890 5350 mmchaberis,
942 5295 1058 5335 non
1086 5279 1462 5350 scortaberis,
1496 5296 1710 5352 pueros
1744 5297 1816 5336 ne
1846 5297 1953 5337 cor

2114 5280 2168 5338 )6
2201 5280 2500 5359 φονεύσεις,
2534 5279 2596 5336 ού
2625 5279 2959 5357 μοιχεύσεις,
2992 5303 3021 5333 υ
3049 5279 3111 5335 οὐ
3151 5274 3486 5354 πορνεύσεις,
3519 5271 3581 5328 οὗ
3625 5290 3752 5327 παι-

390 5461 433 5497 ¹⁷
465 5460 676 5534 Ephes.
713 5478 777 5532 ιι,
812 5464 865 5519 8.
946 5464 989 5499 ¹⁸
1019 5463 1227 5521 Matth.
1254 5478 1396 5529 χχιι,
1427 5461 1517 5531 37,
1548 5463 1638 5518 39.

630 5633 1049 5711 δοιιιμάσαντας.

392 5640 504 5706 (22)
534 5640 595 5692 F.
630 5640 1049 5711 δοκιμάσαντας.

392 5708 504 5779 (23)
539 5709 602 5765 F.
636 5707 961 5779 ζηλοῦντας.

2161 5644 2276 5719 (24)
2311 5645 2417 5702 Hic
2447 5644 2710 5719 quaedam
2745 5640 3175 5701 desiderantur.
