4148 6372
339 332 460 392 839
1513 329 1580 388 S.
1625 326 2156 391 ATHANASIUS.
2181 358 2261 375 —-
2280 329 2596 394 SPUBIA.
3646 336 3768 401 840

335 458 1439 534 Quartaa,Parasceves,Quadragesimze
1464 464 1520 515 et
1544 460 1991 529 Passionis;sed

2107 458 2402 534 ταγμένην,
2452 458 2680 536 τετράδα
2734 459 2825 516 καὶ
2872 464 3240 538 παρασκευὴν,
3291 462 3381 519 καὶ
3431 465 3530 535 τήν
3579 487 3766 522 τεσσα-

331 554 624 625 jejunium
655 569 723 606 ex
746 549 1040 623 proposito
1066 554 1165 603 tuo
1190 553 1506 617 servatum,
1537 566 1745 621 nempe
1775 550 1993 606 Secun-

341 644 447 711 daa,
481 641 710 707 Tertiae,
743 641 989 707 Quintae.
1024 639 1277 694 Sabbato
1309 642 1366 693 et
1412 638 1717 694 Dominica
1746 655 1818 693 ne
1849 639 1996 710 jeju-

341 732 592 797 naveris,
643 733 882 802 excepto
932 745 1146 800 magno
1192 728 1443 782 Sabbato
1498 729 1689 783 sancti
1739 727 1993 783 Paschze.

341 824 567 888 Quartae
592 823 787 876 autem
818 819 970 874 feria:
994 823 1048 871 et
1063 818 1713 888 Parascevesjejuninm
1738 818 1994 887 exjussu

341 910 411 964 ad
447 908 651 964 horam
688 922 873 978 usque
905 921 1117 960 nonam
1154 906 1615 970 εει-ναίον.ουοά
1653 905 1699 961 si
1735 904 1873 977 quid
1910 904 1995 958 nl-

339 1002 424 1052 tra
459 996 684 1061 feceris,
717 996 773 1050 id
808 1002 904 1049 tuo
935 993 1013 1050 sit
1044 993 1366 1048 arbitrio.Si
1398 1010 1528 1049 vero
1561 993 1787 1050 diutius
1831 998 1997 1065 potes

340 1088 631 1144 sustinere
655 1084 973 1158 jejunium,
999 1099 1278 1155 generoso
1308 1083 1455 1155 agis.
1497 1085 1641 1138 Dum
1668 1084 1907 1155 jejunas
1940 1088 1997 1138 et

338 1178 449 1233 hoc
480 1175 814 1232 institutum
849 1174 977 1229 vitae
1027 1178 1212 1241 tenes,
1246 1190 1381 1228 cave
1412 1190 1483 1229 ne
1534 1173 1807 1244 superbia
1841 1174 1997 1229 intu-

342 1284 591 1323 mescas.
625 1264 856 1321 Inflatio
884 1280 1137 1335 namque
1183 1263 1432 1335 laqueus
1477 1267 1567 1318 est
1616 1262 1857 1330 diaboli,
1893 1280 1997 1336 per

340 1374 512 1429 quam
549 1373 617 1411 ex
646 1353 788 1410 omlo
820 1354 1096 1425 delapsus
1127 1358 1242 1408 est:
1278 1352 1666 1424 similiterque
1698 1369 1800 1424 per
1830 1352 1993 1408 illam

343 1446 617 1519 deinceps
648 1444 919 1500 homines
949 1442 1280 1515 illaqueans
1314 1442 1621 1514 dejioit.Ne
1654 1442 1787 1515 quis
1819 1446 1876 1497 te
1906 1459 1994 1497 se-

342 1538 536 1605 ducat,
568 1539 633 1590 ut
662 1533 749 1590 vel
782 1532 1079 1589 Dominica
1110 1531 1349 1587 omnino
1401 1533 1649 1604 jejunes,
1682 1531 1769 1587 vel
1801 1548 1995 1603 genua

340 1622 654 1683 ﬂectas.vel
687 1623 744 1678 in
779 1621 1343 1693 PentecosteNeque
1372 1621 1526 1677 enim
1559 1638 1625 1677 ea
1659 1621 1746 1677 lex
1779 1626 1869 1679 est
1888 1626 1992 1678 Ec-

341 1714 550 1772 clesiae.
584 1714 729 1770 Cave
759 1729 831 1767 ne
863 1717 916 1767 te
947 1711 1185 1783 quidam
1228 1710 1613 1766 Marcionistze
1645 1711 1702 1766 in
1736 1727 1991 1767 errorem

2111 549 2404 623 ρακοστὴν,
2434 549 2525 604 καὶ
2553 554 2651 605 τοῦ
2680 552 2910 620 πάθους,
2943 551 3090 607 ἀλλὰ
3118 553 3217 621 τὴν
3250 552 3357 607 ἀπὸ
3390 551 3529 615 ἰδίας
3571 576 3765 632 προαι-

2110 636 2329 713 ρέσεως,
2360 639 2606 694 τουτέστι
2659 636 2934 717 δευτέρας,
2966 641 3057 696 καὶ
3106 641 3316 717 τρίτης,
3348 643 3437 697 καὶ
3486 645 3765 718 πέμπτης.

2110 720 2391 781 Σάϐϐατον
2423 728 2512 782 καὶ
2544 730 2806 805 κυριακὴν
2858 733 2934 803 μὴ
2985 730 3307 805 νηστεύσῃς,
3340 730 3488 801 πλὴν
3528 738 3647 793 τοῦ,
3678 754 3769 807 με·

2105 814 2280 890 γάλου
2315 812 2601 872 Σαϐϐάτου
2630 822 2728 872 τοῦ
2760 818 2912 893 ἁγίου
2971 819 3183 895 Πάσχα.
3214 821 3274 875 Ἥ
3326 817 3383 874 δὲ
3430 828 3531 890 τῆς
3577 842 3766 898 τετρα-

2107 900 2199 967 δος
2248 904 2339 959 καὶ
2388 914 2733 981 παρασκευῆς
2782 904 2885 969 ἕως
2928 906 3088 983 ’ὥρας
3139 907 3358 977 ἐννάτης
3409 908 3630 979 νηστεία
3680 931 3765 964 τε-

2104 994 2349 1069 ταγμένη
2428 994 2538 1051 ἐστί
2572 1015 2585 1027 ’
2645 996 2737 1051 καὶ
2795 995 2845 1053 εἷ’
2898 1018 2951 1052 τι
3011 998 3412 1073 περισσοτέρως
3488 1001 3763 1070 ποιήσεις,

2102 1086 2265 1138 τοῦτο
2292 1083 2437 1160 παρά
2460 1085 2557 1154 τὴν
2592 1090 2817 1141 σεαυτοῦ
2856 1087 3194 1163 προαίρεσιν.
3237 1086 3304 1144 Ei’
3351 1084 3410 1143 δὲ
3455 1088 3549 1143 καῖ
3598 1088 3765 1164 ὑπερ-

2108 1173 2279 1237 θέσεις
2342 1170 2563 1229 δύνασαι
2641 1180 2841 1248 ποιεῖν,
2900 1175 3159 1251 γενναίως
3211 1177 3413 1240 ἀσκεῖς.
3474 1178 3762 1250 Νηστεύων

2106 1258 2164 1316 δὲ
2211 1262 2300 1317 καὶ
2359 1262 2810 1338 πολιτευόμενος,
2859 1264 3030 1341 βλέπε
3091 1269 3168 1338 μὴ
3225 1270 3527 1342 φυσιωθῇς’
3560 1269 3595 1337 ἡ
3659 1268 3762 1345 γὰρ

2106 1350 2368 1430 φυσίωσις
2418 1352 2579 1428 παγίς
2631 1354 2741 1409 ἐστι
2784 1359 2883 1410 τοῦ
2934 1350 3219 1425 διαϐόλου,
3254 1352 3325 1410 δι’
3353 1358 3420 1425 ἧς
3478 1355 3571 1412 ἀπ’
3603 1356 3764 1433 ούρα-

2102 1444 2204 1495 νοῦ
2250 1441 2556 1514 πέπτωκεν,
2591 1443 2799 1516 ὁμοίως
2851 1441 2911 1499 δὲ
2962 1442 3155 1499 λοιπὸν
3203 1442 3272 1499 δι’
3302 1443 3470 1515 αὐτῆς
3511 1444 3641 1508 τοὺς
3671 1444 3762 1499 ἆν-

2106 1528 2358 1605 θρώπους
2389 1529 2699 1607 παγιδιύων
2733 1527 3089 1591 καταϐάλλει.
3125 1535 3217 1604 Μή
3269 1533 3354 1596 τίς
3402 1555 3460 1589 σε
3508 1533 3763 1608 πλανήσῃ

2105 1619 2156 1675 ἐν
2216 1624 2449 1697 κυριακῇ
2507 1621 2784 1691 νηστεύειν
2832 1622 2908 1689 τὸ,
2949 1621 3222 1700 παράπαν,
3260 1625 3400 1696 μήτε
3447 1629 3762 1698 γονυπετεῖν

2100 1710 2163 1764 τὸ
2221 1711 2498 1785 παράπαν,
2534 1713 2674 1784 μήτε
2731 1710 2791 1767 ἐκ
2844 1715 3213 1787 Πεντήκοστῇο
3249 1711 3312 1766 ού
3355 1711 3456 1788 γάρ
3504 1711 3617 1767 ἐστι
3677 1724 3761 1777 θε-

339 1805 652 1872 deducant,
684 1806 786 1858 aut
832 1801 926 1857 alii
963 1800 1238 1870 haaretici,
1270 1804 1328 1855 et
1369 1800 1623 1857 Sabbato
1655 1799 1742 1857 vel
1792 1801 1990 1856 Domi-

2107 1798 2240 1871 σμὸς
2273 1797 2621 1868 Ἐκκλησίας.
2655 1801 2755 1855 Καὶ
2810 1802 2886 1874 μή
2938 1800 3163 1878 ἀνέχου,
3190 1800 3282 1856 ⁸ίνα
3330 1801 3654 1873 πλανήσωσί
3705 1822 3764 1856 σε

342 1895 474 1950 nica
497 1892 770 1965 jejunare
798 1890 1105 1945 suadeant.
1138 1891 1469 1945 Conventus
1505 1906 1574 1945 ne
1606 1888 1875 1962 neglige;
1909 1894 1995 1946 te-

340 1984 591 2055 queipse
617 1981 696 2036 ita
722 1996 982 2053 praepara
1005 1983 1067 2033 ut
1087 1978 1302 2051 dignus
1329 1978 1411 2034 sis
1436 1978 1828 2051 mysteriis,ne
1853 1979 1997 2034 forte

338 2074 399 2129 in
448 2071 744 2144 judicium
801 2070 1048 2125 incidas.
1100 2069 1181 2123 Ne
1237 2068 1476 2124 omittas
1534 2072 1588 2124 te
1648 2068 1994 2124 adeuntium

340 2163 588 2219 fratrum
625 2161 804 2234 pedes
848 2158 1063 2229 lavare,
1096 2158 1383 2229 ejusmodi
1436 2174 1686 2229 namque
1720 2157 1995 2230 praecepti

337 2251 484 2308 ratio
533 2248 928 2323 postulabitur
958 2248 1029 2303 ab
1079 2247 1150 2302 iis
1201 2248 1302 2318 qui
1356 2263 1471 2319 prae
1520 2247 1797 2318 superbia
1848 2246 1994 2303 illud

335 2340 662 2407 omiserint,
695 2337 965 2410 quamvis
1014 2336 1133 2391 sint
1182 2336 1464 2408 episcopi.
1502 2335 1647 2392 Nam
1703 2335 1990 2392 Dominus

344 2434 542 2486 noster
572 2429 731 2501 prior
760 2427 887 2499 ipse
935 2425 1140 2495 abluit,
1172 2442 1307 2481 cum
1361 2424 1636 2498 praecepit
1670 2424 1787 2480 illis
1819 2429 1884 2481 ut
1913 2425 1997 2482 ita

341 2521 620 2576 facerent.

414 2619 467 2674 3.
502 2618 584 2673 Ne
612 2619 736 2673 esto
767 2631 997 2682 avarus,
1032 2631 1104 2670 ne
1127 2613 1319 2687 turpis
1340 2612 1509 2685 lucri,
1529 2612 1993 2686 possessionum,

343 2706 681 2763 divitiarum
713 2704 963 2777 cupidus
995 2720 1008 2759 :
1045 2720 1181 2759 nam
1215 2702 1313 2775 qui
1345 2702 1636 2775 ejusmodi
1686 2706 1845 2772 sunt,
1880 2702 1996 2758 Deo

344 2797 574 2870 placere
601 2812 714 2850 non
734 2792 1034 2850 valent.Te
1056 2792 1295 2849 omnino
1320 2793 1552 2865 negotia
1574 2808 1774 2866 geras;
1796 2793 1994 2848 multa:

342 2890 486 2943 sunt
515 2883 744 2941 incultae
778 2883 1066 2955 regiones,
1091 2898 1343 2954 quarum
1377 2880 1576 2938 incolae
1609 2881 1657 2938 si
1690 2885 1846 2937 artes
1878 2898 1993 2937 non

342 2975 600 3032 habeant
630 2982 918 3047 coguntur
951 2972 1232 3045 negotiari
1259 2989 1273 3033 ;
1298 2972 1423 3044 qui,
1454 2971 1685 3027 etiamsi
1719 2970 1990 3027 monachi

339 3080 457 3121 non
489 3064 626 3131 sint,
660 3063 712 3119 si
748 3062 1138 3135 negotiantur,
1173 3060 1326 3117 male
1369 3061 1607 3133 quidem
1636 3064 1843 3134 agunt,
1876 3059 1991 3115 nisi

338 3153 401 3209 in
433 3170 571 3209 casu
604 3151 992 3208 necessitatis.
1043 3150 1292 3205 Usuram
1344 3167 1415 3205 ne
1445 3150 1641 3220 accipe
1676 3167 1688 3204 :
1726 3166 1796 3204 ne
1828 3150 1991 3221 prius

336 3259 641 3314 compares
673 3240 977 3314 quidpiam
1010 3240 1124 3295 alio
1155 3256 1330 3310 quam
1369 3238 1590 3312 vulgari
1621 3237 1989 3310 pretio.Ama

333 3347 542 3389 omnes
572 3331 927 3395 homines,et
956 3345 1157 3403 pacem
1190 3329 1340 3384 habe
1369 3345 1503 3384 cum
1535 3329 1983 3398 omnibus,cum

334 3421 454 3477 illis
485 3422 660 3476 etiam
695 3419 1047 3492 quibuscum
1083 3435 1198 3473 non
1231 3435 1384 3485 oras,
1419 3423 1704 3488 quantum
1738 3416 1985 3472 facultas

335 3509 469 3578 erit,
501 3512 741 3581 excepta
770 3508 1009 3563 haeresis
1040 3506 1305 3562 causa.Si
1336 3510 1629 3578 suppetat,
1655 3505 1867 3576 largire
1895 3506 1984 3560 in-

335 3598 575 3671 digenti,
609 3597 697 3654 sin
732 3596 953 3664 minus,
986 3596 1105 3652 noli
1132 3596 1432 3669 conqueri.
1465 3595 1521 3651 Si
1552 3595 1686 3667 quis
1717 3600 1921 3650 mutuo
1953 3612 1989 3650 a

331 3692 390 3744 te
422 3687 670 3761 petierit,
705 3687 861 3747 dato.
895 3690 951 3741 et
1003 3686 1074 3741 ab
1104 3702 1172 3741 eo
1223 3685 1420 3757 accipe
1449 3688 1687 3755 sortem,
1721 3700 1855 3739 cum
1890 3683 1987 3738 ha-

334 3777 549 3844 buerit,
564 3777 786 3848 absque
819 3774 1143 3830 foznore.Ne
1174 3771 1375 3829 dolose
1405 3789 1545 3844 agas
1578 3772 1632 3827 in
1667 3777 1983 3844 conspectu

333 3865 742 3921 Domini.Nam
776 3864 824 3919 si
856 3864 1055 3935 fruges
1088 3863 1303 3918 habeas
1335 3867 1439 3918 aut
1467 3865 1987 3933 argentum,atque

335 3955 612 4027 aliquisa
659 3959 715 4009 te
766 3958 970 4008 mutuo
1019 3951 1279 4022 accipere
1331 3950 1609 4023 postulet,
1662 3954 1863 4022 tuque,
1917 3967 1988 4006 ne

336 4061 576 4101 usuram
625 4042 880 4114 accipias
939 4042 1160 4112 majore
1218 4040 1402 4112 pretio
1457 4040 1684 4107 vendis,
1716 4044 1781 4094 ut
1828 4056 1990 4095 emas

335 4138 539 4206 postea
588 4131 791 4186 viliore
843 4134 901 4185 et
953 4129 1178 4185 minore
1210 4129 1439 4200 pretio:
1481 4148 1502 4175 α
1536 4127 1992 4200 Comprehendit

334 4222 490 4277 Deus
510 4221 804 4293 sapientes
824 4218 885 4274 in
908 4219 1126 4275 astutia
1147 4216 1548 4289 ".nPerpende
1571 4216 1726 4271 enim
1752 4233 1817 4272 ac
1838 4216 1988 4285 vide,

332 4315 389 4366 te
425 4309 601 4366 unius
636 4308 871 4365 femoris
902 4307 1050 4376 loco,
1086 4306 1196 4362 tria
1227 4310 1326 4363 aut
1360 4311 1614 4377 quatuor
1642 4305 1863 4362 foenore
1895 4322 1989 4361 ac-

337 4402 504 4469 ceptu
514 4415 666 4453 rum.

408 4498 460 4552 4.
489 4497 628 4553 Esto
659 4495 907 4552 humilis
938 4511 1003 4550 ac
1052 4495 1309 4566 quietus,
1342 4497 1602 4549 tremens
1652 4492 1812 4548 omni
1842 4497 1990 4547 tem-

2103 1889 2246 1951 nvK
2305 1891 2737 1965 Μαρκιωνισταὶ,
2786 1891 2821 1960 ἢ
2876 1890 3032 1967 ἑτέρα
3087 1889 3316 1964 αἵρεσις,
3372 1890 3650 1963 νηστεύειν
3699 1892 3761 1946 τὸ

2109 1973 2387 2034 Σάϐϐατόν
2437 1977 2588 2042 ἰδίως
2637 1981 2725 2035 καὶ
2768 1987 3052 2057 κυριακῆς.
3087 1983 3209 2039 Τῶν
3261 1978 3318 2036 δὲ
3367 1980 3628 2052 συνάξεων
3685 1982 3761 2055 μὴ

2106 2066 2301 2140 ἀμέλει
2335 2086 2350 2101 ⁸
2408 2073 2515 2123 τῶν
2580 2069 2897 2144 μυστηρίων
2959 2066 3105 2141 ἄξιον
3165 2070 3384 2125 σεαυτὸν
3465 2069 3764 2147 εὐτρέπιζε,

2112 2158 2312 2229 μήπως
2346 2158 2423 2220 εἰς
2442 2162 2616 2232 κρῖμα
2647 2158 2929 2233 συνέλθῃς.
2964 2160 3055 2229 Μὴ
3089 2158 3280 2232 ἀμέλει
3323 2157 3544 2215 πλύνειν
3592 2157 3767 2223 πόδας

2110 2243 2359 2324 ἀδελφῶν
2404 2246 2722 2324 ἐρχομένων
2778 2247 2915 2324 πρὸς
2960 2247 3037 2303 σέ’
3073 2250 3362 2320 ζητήσεται
3408 2249 3513 2325 γὰρ
3560 2252 3596 2320 ἡ
3645 2270 3766 2304 τοι-

2107 2334 2244 2407 αύτη
2278 2335 2475 2405 ἐντολὴ
2508 2357 2632 2413 περι
2680 2341 2789 2392 τῶν
2840 2336 3390 2415 ὑπερηφανευσάντων
3442 2337 3634 2407 αὐτὴν,
3667 2336 3762 2393 κᾶν

2108 2422 2393 2479 ἐπίσκοποι
2433 2425 2588 2481 ὦσιν.
2620 2426 2682 2482 Ὁ
2712 2425 2815 2501 γὰρ
2876 2424 3076 2502 Κύριος
3124 2427 3287 2499 ἡμῶν
3330 2426 3494 2490 αὐτὸς
3543 2430 3763 2503 πρῶτος

2108 2509 2327 2581 ἔπλυνε,
2360 2513 2732 2590 παραγγείλας
2764 2514 2950 2578 αὐτοῖς
2985 2514 3128 2571 οὕτω
3158 2520 3358 2572 ποιεῖν.

2175 2612 2230 2669 3.
2262 2612 2351 2681 Μὴ
2382 2610 2533 2686 γίνου
2566 2611 2923 2691 φιλάργυρος,
2959 2612 3036 2686 μὴ
3084 2610 3507 2690 αἰσχροκερδὴς,
3541 2616 3616 2689 μὴ
3671 2637 3765 2694 φι-

2108 2698 2429 2775 λοκτήμων,
2492 2703 2566 2775 μή
2622 2701 3017 2780 φιλόπλουτος*
3074 2704 3124 2759 oi
3188 2702 3293 2780 γὰρ
3348 2707 3589 2759 τοιοῦτοι
3645 2708 3762 2776 Θεῷ

2105 2790 2290 2866 ἀρέσαι
2322 2789 2384 2845 ού
2417 2787 2685 2850 δύνανται.
2716 2790 2817 2846 Καὶ
2859 2790 3005 2855 ὅλως
3056 2794 3133 2867 μὴ
3182 2793 3592 2870 πραγματεύου·
3627 2793 3764 2849 πολ-

2104 2878 2197 2935 λαὶ
2254 2879 2436 2956 χῶραί
2494 2879 2597 2936 εἶσι
2651 2883 2726 2955 μὴ
2775 2882 3057 2958 σπέρασαι,
3088 2882 3179 2937 καὶ
3230 2884 3282 2938 οἱ
3331 2882 3625 2955 οἶκοῦντες,
3674 2882 3762 2938 ἐὰν

2099 2968 2299 3044 τέχνας
2360 2970 2435 3040 μή
2496 2964 2720 3046 ἔχωσιν,
2779 2969 3167 3045 ἀναγκάζονται
3242 2970 3708 3048 πραγματεύεσθαι
3742 2991 3756 3006 ο

2099 3058 2196 3114 κᾶν
2250 3059 2325 3133 μὴ
2376 3057 2479 3114 ὦσι
2530 3061 2877 3135 μονάζοντες,
2909 3061 2999 3116 καὶ
3052 3064 3549 3139 πραγματεύονται,
3577 3065 3759 3125 κακῶς

2106 3148 2222 3221 μὲν,
2280 3147 2427 3219 πλὴν
2490 3148 2691 3226 ἀνάγκη
2754 3155 2923 3209 ποιεῖ.
2983 3150 3150 3207 Τόκον
3214 3152 3289 3225 μή
3350 3146 3616 3225 λάμϐανε·
3678 3152 3753 3225 μὴ

2100 3237 2473 3313 προσαγόραζέ
2503 3241 2616 3312 (31)
2644 3260 2699 3294 τι
2733 3235 2844 3295 ἴσον
2897 3240 2971 3304 ὡς
3025 3247 3127 3311 τῆς
3192 3239 3628 3315 πολιτευομένης
3674 3262 3758 3296 τι·

2101 3328 2229 3399 μῆς.
2283 3326 2499 3402 Ἀγάπα
2558 3328 2733 3384 πάντα
2789 3326 3100 3406 ἄνθρωπον,
3154 3330 3247 3385 καὶ
3305 3330 3550 3406 είρήνευε
3620 3330 3755 3403 μετὰ

2094 3416 2334 3484 πάντων,
2376 3416 2466 3471 καὶ
2529 3419 2647 3489 μεθ’
2697 3419 2771 3472 ὧν
2829 3417 2929 3474 οὐκ
2985 3416 3140 3495 εὔχῃ,
3203 3420 3249 3474 εί
3307 3416 3529 3475 δυνατὸν
3586 3419 3650 3474 τὸ
3695 3418 3756 3474 ἐκ

2097 3508 2213 3573 σοῦ,
2246 3504 2423 3580 χωρὶς
2452 3505 2732 3582 αἱρέσεως.
2766 3509 2953 3582 "Ewa
3004 3504 3081 3578 δὲ,
3117 3505 3370 3579 μετάδιδε
3398 3510 3511 3580 (32)
3542 3511 3622 3579 τῷ
3673 3507 3748 3579 μή

2094 3590 2302 3669 ἔχοντι·
2347 3595 2423 3668 μὴ
2456 3592 2600 3670 ἔχων
2632 3592 2711 3667 δὲ,
2747 3597 2823 3668 μὴ
2879 3594 3212 3670 έγκληθήσῃ.
3249 3598 3369 3653 Ἐὰν
3422 3597 3618 3670 αἶτήσῃ
3664 3616 3748 3659 τις

2093 3683 2240 3760 παρὰ
2269 3688 2365 3738 σοῦ
2424 3683 2499 3745 εἷς
2557 3690 2781 3759 γρῆσιν,
2815 3681 2990 3756 δίδου,
3017 3685 3106 3739 καὶ
3157 3680 3405 3758 λάμϐανε
3428 3686 3556 3762 παρ’
3584 3684 3749 3741 αὐτοῦ

2092 3772 2155 3827 τὸ
2199 3770 2513 3849 κεφάλαιον,
2546 3771 2624 3827 ὅτ’
2671 3771 2731 3826 ἂν
2775 3770 2903 3849 ἔχῃ,
2948 3769 3073 3828 ἄνευ
3120 3773 3304 3830 τόκου.
3357 3775 3447 3843 Μή
3500 3770 3754 3829 δολιεύου

2095 3859 2326 3915 ἐνώπιον
2386 3860 2610 3932 Κυρίου.
2646 3861 2766 3916 Ἐὰν
2828 3862 2931 3936 γάρ
2991 3859 3121 3937 ἔχῃς
3179 3862 3555 3938 γεννήματαῆ
3592 3862 3755 3938 ἀργύ-

2099 3970 2236 4025 ριον,
2268 3949 2358 4004 καὶ
2393 3954 2546 4018 ζητεῖ
2573 3971 2657 4005 τις
2691 3947 3029 4015 δανείσασθαι
3070 3952 3217 4025 παρᾶ
3264 3956 3361 4006 σοῦ
3409 3951 3499 4006 καὶ
3551 3950 3613 4007 οὐ
3671 3948 3761 4006 διὰ

2103 4039 2178 4113 μὴ
2211 4033 2515 4112 λαμϐάνειν
2549 4060 2608 4095 σε
2650 4038 2809 4094 τόκον
2844 4037 3051 4103 πωλεῖς
3103 4039 3472 4116 τιμιωτέρως,
3498 4039 3592 4096 ’ἱνα
3635 4040 3762 4117 ἀγο-

2101 4128 2268 4206 ράσῃς
2328 4127 2543 4191 εὐώνως
2616 4133 2698 4201 τῷ
2767 4134 2968 4204 καιρῷ,
3024 4131 3297 4185 τουτέστιν
3379 4128 3763 4207 ὀλιγοτίμως·

2108 4241 2136 4269 ι(
2179 4216 2469 4293 Δράσσεται
2526 4219 2554 4272 ὁ
2605 4218 2735 4281 Θεὸς
2783 4217 2910 4281 τοὺς
2964 4218 3165 4298 σοφοὺς
3197 4218 3249 4274 ἐν
3280 4222 3349 4293 τῇ
3381 4218 3702 4294 πανουργίᾳ.
3737 4244 3764 4270 υ

2104 4306 2308 4379 Σκέψαι
2341 4306 2447 4382 γὰρ
2477 4305 2567 4361 καὶ
2615 4306 2738 4382 ὅρα,
2769 4306 2853 4363 ὅτι
2903 4308 3011 4363 ἀνθ’
3044 4308 3160 4370 ένὸς
3209 4305 3374 4362 τόκου
3424 4313 3568 4380 τρεῖς
3592 4307 3626 4374 ἢ
3654 4308 3772 4361 τέσ-

2106 4415 2272 4471 σαρας
2295 4394 2490 4457 τόκους
2526 4396 2772 4469 εὑρήσεις
2809 4392 3125 4470 λαμϐάνων.

2178 4495 2228 4548 4.
2263 4492 2421 4547 Γίνου
2450 4494 2700 4555 ταπεινὸς
2731 4494 2822 4548 καὶ
2865 4493 3124 4568 ἡσύχως,
3154 4494 3374 4568 τρέμων
3427 4490 3514 4546 διὰ
3570 4491 3768 4553 παντὸς

338 4603 476 4658 pore
509 4586 740 4642 Domini
765 4585 1013 4656 eloquia.
1046 4584 1128 4640 Ne
1153 4585 1233 4640 sis
1257 4583 1678 4651 contentiosus,
1713 4599 1785 4638 ne
1816 4583 1992 4638 caedas

2109 4582 2178 4638 τὰ
2207 4579 2372 4657 λόγια
2399 4586 2497 4637 τοῦ
2556 4581 2776 4658 Κυρίου.
2810 4582 2900 4650 Μὴ
2959 4580 3110 4656 γίνου
3174 4579 3443 4657 μάχιμος,
3478 4581 3553 4651 μὴ
3605 4579 3773 4635 τύπτε

337 4674 658 4742 hominem,
693 4673 807 4730 nisi
842 4690 1087 4746 puerum
1120 4678 1290 4729 tuum
1326 4672 1571 4739 modice,
1606 4671 1999 4726 institutionis

338 4781 538 4834 causa,
571 4764 748 4836 idque
776 4768 973 4819 tamen
1024 4780 1158 4818 cum
1215 4762 1635 4826 moderatione,
1683 4777 1896 4816 cavens
1927 4777 1999 4816 ne

338 4853 475 4908 hinc
507 4852 691 4908 credes
714 4850 1462 4922 consequatur,complures
1495 4849 1652 4905 enim
1685 4853 1823 4903 sunt
1846 4866 1998 4904 mor-

339 4942 417 4999 tis
442 4941 1113 4999 occasiones.Neminem
1140 4941 1473 4995 subsannes
1498 4957 1510 4994 :
1537 4956 1608 4993 ne
1638 4955 1998 5010 quemquam

336 5030 672 5089 vestimenti
702 5047 881 5086 causa
924 5028 1252 5085 detesteris.
1287 5029 1549 5084 Modesto
1581 5032 1743 5082 utere
1772 5027 1998 5093 habitu,

340 5136 527 5194 neque
559 5120 841 5177 mollibus
859 5119 1456 5190 vestimentis,neque
1488 5133 1619 5173 cum
1653 5118 2002 5172 indumento

337 5211 437 5286 qui
468 5216 808 5268 sanctorum
837 5225 968 5265 esse
1012 5208 1272 5265 virorum
1302 5207 1587 5274 videatur,
1622 5205 1858 5262 sordido
1890 5205 2002 5262 sci—

415 5375 459 5412 ¹⁹
488 5373 512 5431 Ι
542 5376 667 5430 Cor.
703 5389 790 5443 In,
824 5372 910 5427 19.

416 5536 510 5677 e

417 5678 507 5747 (33

566 5534 609 5588 ῐ.
639 5529 999 5606 προαγόραζε.

565 5606 605 5660 Ι.
640 5600 950 5675 μεταδίδου.

559 5668 719 5732 Hanc
747 5692 943 5733 vocem
977 5673 1056 5730 ita
1080 5672 1222 5747 legit
1253 5671 1466 5729 Suidas
1496 5672 1588 5730 bis
1626 5668 1998 5745 ἐνδυομενυία,

512 5534 531 5747 Ξ

2110 4669 2420 4747 ἄνθρωπον,
2451 4672 2485 4740 ἣ
2521 4671 2685 4745 μόνον
2713 4668 2928 4726 παιδίον
2960 4693 3056 4725 σου
3091 4671 3284 4746 μικρὸν
3317 4670 3455 4747 πρὸς
3501 4667 3771 4734 παιδείαν,

2107 4760 2197 4815 καὶ
2242 4759 2371 4815 αὐτὸ
2426 4762 2984 4837 παρατετηρημένως,
3018 4761 3236 4816 σκοπῶν
3291 4762 3490 4835 μήπως
3542 4757 3630 4815 διὰ
3678 4763 3773 4813 σοῦ

2110 4849 2272 4926 φόνος
2319 4850 2558 4925 γένηται·
2612 4848 2821 4905 πολλαὶ
2870 4851 2973 4926 γάρ
3024 4849 3156 4905 εἶ’σιν
3218 4848 3462 4929 ἀφορμαὶ
3493 4852 3588 4903 τοῦ
3620 4849 3775 4901 θανά-

2109 4961 2229 4995 του.
2264 4940 2351 5008 Μὴ
2418 4941 2722 5015 μυκτήριζε
2770 4938 2945 4995 πάντα
3002 4937 3309 5015 ὀὶνθρωπον⁹
3346 4940 3420 5012 μὴ
3478 4934 3776 5012 βδελύσσου

2109 5028 2230 5083 τινὰ
2304 5029 2411 5083 ἀπὸ
2503 5030 2803 5104 σχήματος
2841 5048 2854 5062 ³
2918 5028 3457 5105 παρατετηρημένως
3530 5022 3627 5099 ἔχε
3678 5024 3780 5091 τὴν

2112 5115 2333 5187 ἐσθῆτα,
2390 5119 2531 5190 μήτε
2622 5115 2894 5189 μαλακοῖς
2975 5117 3266 5192 χρώμενος
3317 5111 3580 5187 ἱματίοις,
3645 5114 3784 5184 μήτε

2113 5204 2299 5274 ἐσθῆτι
2350 5205 2653 5283 φαινομένῃ
2708 5201 2932 5260 δικαίων
2997 5200 3342 5276 ἐνδυομενυία
3370 5203 3507 5273 (33),
3539 5201 3783 5256 τουτέστι

2111 5544 2218 5585 nec
2252 5526 2455 5584 dubito
2485 5525 2569 5583 ita
2598 5526 2817 5598 haberi
2853 5527 2913 5582 in
2964 5526 3163 5584 codice
3214 5542 3328 5598 quo
3374 5541 3546 5598 usus_
3571 5528 3659 5580 est
3689 5518 3768 5579 Cl.

2110 5600 2426 5668 Arnoldus,
2444 5600 2548 5672 qui
2578 5598 2722 5672 legit
2742 5594 3388 5672 évaucpcvuiarPro-dive
3417 5603 3506 5652 est
3533 5594 3591 5650 in
3614 5612 3769 5672 _mss.

2112 5693 2140 5727 ο
2171 5688 2276 5746 pro
2309 5692 2340 5726 σ
2367 5667 2578 5747 accipi,
2610 5667 2743 5730 eum
2804 5667 3030 5729 librarii
3077 5671 3176 5729 ubi
3232 5674 3503 5727 currente
3545 5667 3771 5725 calamo
