4148 6366
515 407 629 469 841

1770 404 2203 467 SYNTAGMA
2243 404 2693 466 DOC'I‘RINJE.

3829 413 3946 474 842

512 538 774 615 ῥυπαροις
806 533 1247 611 προερχόμενος.
1284 533 1492 590 Σάκκον
1541 533 1598 590 δὲ
1624 535 1710 590 ἐάν
1743 531 1902 611 ἔχῃς,
1931 532 2023 590 ’ίνα
2053 556 2164 590 πεν-

2293 534 2429 591 licet
2456 535 2690 604 vestitu,
2726 536 3116 608 progrediare.
3152 539 3398 594 Saccum
3431 539 3479 594 si
3510 539 3826 609 habeas,ut
3848 549 3952 600 tua

509 633 610 704 θῇς
641 629 738 690 τὰς
791 626 1057 703 ἁμαρτίας
1111 647 1229 695 σου,
1262 621 1450 681 σκόπει
1489 627 1563 698 μὴ
1600 626 1739 704 φανῇ
1771 648 1866 680 σου
1893 627 1920 680 ὁ
1954 627 2171 696 σάκκος,

511 717 640 774 ἀλλ’
672 716 811 772 ἔστω
842 715 1215 788 κεκρυμμένος
1238 713 1364 769 ἔσω.
1399 713 1502 770 Καί
1538 717 1677 786 μήτε
1709 712 1947 791 δέρματα
1976 716 2175 788 ἀμφιά-

508 814 622 876 ζου,
660 808 861 879 μήπως
897 803 1052 874 δόξαν
1089 804 1235 879 παρά
1263 803 1559 877 ἀνθρώπων
1595 804 1766 877 λήψῃ.
1819 804 2006 865 ’ὐλως
2054 804 2168 878 τρί-

505 916 610 971 χας
645 896 721 968 μὴ
752 893 1162 971 τρέφε-ἐξέκοψε
1187 892 1286 967 γάρ
1311 893 1376 946 τὸ
1408 896 1653 946 τοιοῦτον
1687 899 1881 967 σχῆμα
1913 893 1939 945 ὁ
1973 893 2173 948 Ἀπόσ-

507 984 695 1047 τολος.
737 985 812 1057 μὴ
846 986 988 1059 ξυρῖο
1017 981 1081 1036 τὸ
1110 982 1338 1056 γένειον,
1371 981 1460 1035 καὶ
1493 982 1568 1054 μὴ
1618 981 2016 1056 περικουρείοις
2051 987 2175 1057 χρῶ

509 1073 849 1151 κειρόμενος.

579 1167 634 1220 5.
669 1163 729 1218 Εἰ
764 1160 981 1217 δύνασαι
1012 1159 1102 1214 καὶ
1137 1154 1415 1232 ἑϐδομάδα
1444 1158 1744 1230 νηστεύειν.
1809 1157 2003 1232 μηδενὶ
2059 1157 2166 1214 δεί-

507 1275 652 1310 κνυε.
687 1257 871 1329 Κρεῶν
905 1252 1138 1326 ἀπέχου,
1173 1248 1282 1324 οὐχ
1312 1251 1386 1310 ὡς
1442 1247 1898 1325 βδελυσσόμενος,
1933 1247 2057 1304 ἀλλ’
2090 1250 2165 1312 ὡς

507 1342 826 1398 ἀνακόπτων
875 1341 937 1394 τὸ
984 1345 1144 1402 σῶμα
1189 1341 1292 1403 τῆς
1338 1342 1571 1416 τροφῆς,
1614 1339 1703 1394 καὶ
1736 1339 1948 1409 ἀνάξιον
1982 1340 2167 1394 ἑαυτὸν

507 1433 842 1507 ἡγούμενος,
874 1429 965 1484 καὶ
995 1428 1113 1484 ἀντὶ
1145 1432 1254 1483 τῶν
1288 1426 1541 1502 ἐπιγείων
1572 1431 1680 1482 τῶν
1714 1427 2003 1500 οὐρανίων,
2039 1429 2165 1504 ὀρε-

506 1522 762 1598 γόμενον.
799 1525 909 1580 Πᾶς
941 1519 1043 1592 γὰρ
1081 1517 1380 1590 μετριάζων
1417 1513 1673 1590 δαψιλείᾳ
1701 1515 1937 1594 τροφῶν,
1976 1518 2168 1593 βοηθεῖ

504 1616 585 1681 τῷ
626 1609 839 1681 σώματι
887 1607 1052 1662 αὐτοῦ
1102 1606 1236 1681 πρὸς
1279 1603 1612 1680 ἐγκράτειαν.
1669 1604 1834 1663 Οἶ’νου
1885 1604 2031 1668 ὃλως
2087 1607 2162 1678 μή

508 1693 773 1771 λάμϐανε,
808 1698 842 1766 ἣ
880 1693 1044 1769 μόνον
1077 1695 1323 1769 γεύεσθαι
1359 1694 1449 1749 καὶ
1485 1693 1732 1769 εὐλογεῖν
1763 1695 1854 1749 τὸν
1888 1695 2162 1750 κτίσαντα.

505 1787 628 1841 Ἐάν
663 1783 719 1840 δὲ
750 1785 840 1839 καί
873 1783 959 1855 σὺ,
992 1782 1172 1857 ὥσπερ
1206 1782 1499 1856 Τιμόθεος,
1535 1780 1622 1838 διὰ
1649 1784 1747 1852 τὴν
1797 1781 2017 1852 πολλὴν
2064 1805 2165 1839 πο-

510 1873 711 1930 λιτείαν
762 1873 942 1935 νόσοις
993 1873 1306 1946 περιπέσῃς,
1359 1871 1534 1948 ὀλίγῳ
1583 1869 1715 1946 οἷ’νῳ
1762 1877 1906 1949 χρῶ·
1957 1873 2020 1927 τὸ
2060 1875 2164 1950 γάρ
2197 1913 2246 1978 Β

522 1963 600 1978 ,υ
791 1965 802 1978 ,
979 1959 1071 1978 ι,
1228 1961 1276 1978 ,.,
1561 1960 1669 1978 μ..
1718 1959 1762 1978 ςι
1865 1961 1877 1978 ,
1927 1967 1954 1976 -
2112 1962 2122 1978 .

514 1963 700 2040 ὀλίγον
735 1959 1017 2039 φάρμακόν
1054 1961 1194 2017 ἐστιν
1228 1961 1442 2024 ἶάσεωςο
1483 1960 1683 2034 πολλῷ
1715 1959 1772 2017 δὲ
1821 1961 1966 2035 αὐτῷ
2012 1962 2171 2038 χρώ-

521 2075 700 2126 μενος,
756 2052 1068 2129 ἀμφοτέρας
1119 2051 1390 2112 ἀσθενείας
1446 2051 1666 2105 σεαυτὸν
1723 2046 2057 2124 περιϐαλεῖς·
2121 2051 2167 2107 εἷ

517 2140 570 2197 δὲ
601 2141 702 2204 ἔως
736 2142 854 2203 ἑνὸς
885 2140 1152 2216 ποτηρίου
1183 2141 1218 2210 ἦ
1253 2139 1371 2211 δόο,
1405 2139 1656 2216 περισσὸν
1693 2138 1757 2210 δὴ
1813 2143 1911 2213 μή.
1966 2140 2024 2196 Εἰ
2075 2138 2166 2196 δυ-

511 2232 668 2287 νατόν
744 2252 827 2285 σοι
894 2227 1226 2285 ἀνυτ.όδυτον
1302 2232 1415 2301 (34)
1491 2227 1718 2300 ὁδεύειν,
1784 2230 2038 2305 γενναίως
2091 2229 2168 2285 ἐν·

513 2323 765 2397 ηχοήσῃ’
825 2319 869 2374 εί
921 2317 978 2374 δὲ
1024 2317 1230 2393 ἀνάγκη
1274 2317 1383 2372 ἐστὶ
1413 2319 1628 2381 πάντως
1661 2316 1998 2391 ὑποδέεσθαι,
2031 2319 2168 2394 ψιλὰ

510 2409 718 2465 ἔσονταί
775 2430 871 2463 σου
918 2408 984 2463 τὰ
1034 2405 1379 2480 ὑποδήματα·
1429 2408 1518 2462 καὶ
1567 2409 1643 2481 μὴ
1691 2406 1814 2463 θέλε
1870 2429 2166 2464 κατακεκο-

512 2497 819 2571 σμημένοις
863 2494 1213 2569 ὑποδήμασιν
1265 2497 1584 2570 ἓταιρισμοῦ
1635 2499 1914 2572 σχήμασιν
1949 2496 2164 2572 ἐπαιρί-

513 2584 716 2650 δεσοαι.
775 2591 900 2647 Τοῖς
949 2588 1212 2660 παροῦσιν
1264 2582 1451 2659 ἀρκοῦ.
1507 2585 1603 2639 Καὶ
1653 2584 1738 2639 ἐὰν
1770 2585 2164 2661 περισσοτέρων

509 2678 682 2749 κρεῶν
733 2672 820 2728 καῖ
870 2669 1030 2728 οῗνων
1099 2671 1232 2748 ἔχῃς
1290 2671 1594 2746 πολιτείαν,
1640 2673 1731 2728 καὶ
1787 2674 2022 2749 ἀαέλθῃς
2079 2675 2166 2729 ἐπὶ

508 2763 686 2832 ξένης,
723 2763 797 2835 μή
832 2761 1069 2836 θελήσῃς
1119 2761 1304 2816 ἑαυτὸν
1356 2763 1681 2834 κομπάζειν,
1740 2760 1865 2818 ἀλλ’
1918 2760 2029 2825 ἷ¹σος
2080 2763 2167 2839 γί-

509 2873 605 2906 νου
633 2856 751 2912 τοῖς
784 2849 1062 2929 άδελφοῖς’
1096 2850 1231 2919 οἶον,
1278 2850 1364 2905 ἐὰν
1416 2849 1468 2904 ἐν
1526 2849 1790 2926 λαχάνοις
1849 2852 2164 2928 χρώμενος,

510 2941 598 2996 καὶ
657 2939 923 3013 ἑψήμασι,
981 2939 1071 2993 καὶ
1131 2938 1174 2994 εἰ
1232 2939 1467 3012 ἀνάγκη,
1515 2939 1680 3015 γάρον
1739 2938 1956 3012 ἐσθίειν,
2013 2941 2166 3010 ἢκαὶ

516 3030 707 3106 ἰχθύος
763 3023 1196 3102 μεταλαμϐάνειν
1262 3026 1347 3083 ἐὰν
1390 3025 1576 3103 θέλῃς·
1608 3025 1712 3091 ἕως
1743 3028 1939 3085 τούτου
1973 3031 2164 3102 μόνου,

515 3119 603 3174 nni
645 3116 810 3173 πάλιν
862 3111 1100 3172 ἀνάλαϐε
1148 3119 1248 3186 τήν
1289 3116 1514 3193 πρώτην
1563 3119 1811 3188 ἄσκησιν.
1846 3117 2041 3192 Πάλιν,
2076 3119 2164 3174 ἐὰν

514 3207 892 3284 ἀρῥωστήσῃς,
923 3206 1014 3260 καὶ
1045 3200 1216 3280 λάϐῃς
1246 3205 1383 3274 ὠοῦ,
1415 3205 1652 3278 ἁμαρτία
1683 3207 1782 3261 οὐκ
1829 3204 1994 3263 ἔστιν·
2030 3209 2076 3264 εἰ
2109 3207 2166 3265 δὲ

2285 625 2495 696 lugeas
2531 633 2788 696 peccata,
2835 643 2971 681 cave
3003 643 3073 681 ne
3117 644 3321 682 saccus
3351 628 3451 683 ille
3493 628 3787 701 videatur,
3846 635 3947 689 sed

2285 716 2670 771 absconditus
2700 717 2777 770 sit
2806 716 3073 771 interius.
3103 716 3182 770 Ne
3209 716 3459 789 pellibus
3483 719 3566 774 sis
3597 720 3950 791 amictus,ut

2287 821 2358 858 ne
2388 805 2459 858 ab
2493 804 2833 860 hominibus
2866 805 3114 876 gloriam
3150 808 3388 862 referas.
3417 807 3671 879 Capillos
3692 827 3765 865 ne
3796 810 3939 866 alas:

2287 895 2582 964 ejusmodi
2617 895 2833 966 quippe
2863 901 3133 949 ornatum
3187 897 3452 966 praecidit
3497 898 3813 969 Apostolus
3843 902 3887 935 ²⁰
3922 919 3936 957 :

2286 982 2366 1037 Ne
2401 984 2644 1038 tondeas
2677 989 2964 1052 mentum,
2999 1001 3187 1055 neque
3217 985 3714 1043 circumtonsione
3750 996 3935 1045 utare.

2350 1163 2402 1215 4.
2434 1160 2491 1215 Si
2528 1161 2714 1231 possis
2744 1161 2832 1216 vel
2868 1161 3236 1217 hebdomade
3271 1163 3496 1234 integra
3519 1165 3933 1236 jejunare,ne-

2279 1249 2422 1304 mini
2455 1250 2508 1303 id
2546 1250 2824 1306 declares.
2856 1253 2901 1305 A
2933 1252 3208 1306 carnibus
3227 1253 3600 1317 abstine,non
3617 1258 3680 1309 ut
3709 1256 3808 1326 qui
3832 1273 3933 1312 eas

2279 1339 2608 1409 detestaris,
2641 1341 2743 1394 sed
2776 1345 2840 1395 ut
2871 1341 2966 1408 qui
3000 1341 3226 1412 corpori
3259 1341 3420 1396 cibos
3454 1343 3934 1416 detrahas,teque

2276 1427 2587 1500 indignum
2621 1445 2687 1484 eo
2717 1429 2994 1496 aestimes,
3030 1435 3203 1502 atque
3259 1433 3626 1486 terrenorum
3661 1431 3786 1501 loco
3819 1450 3931 1488 cce-

2278 1515 2448 1572 lestia
2476 1517 3022 1589 appelas.Quisquis
3053 1520 3207 1574 306
3239 1520 3394 1574 enim
3427 1520 3484 1576 in
3517 1522 3782 1578 ciborum
3814 1522 3937 1578 lau-

2279 1605 2405 1659 titia
2457 1607 2698 1661 modum
2748 1613 2929 1673 tenet,
2963 1607 3054 1662 his
3103 1609 3332 1680 corpori
3391 1609 3500 1665 fert
3549 1627 3718 1682 opem
3768 1617 3834 1666 ut
3872 1628 3936 1668 se

2276 1696 2577 1750 continere
2610 1697 2818 1767 possit.
2851 1699 2897 1751 A
2927 1696 3059 1751 vino
3091 1697 3259 1767 plane
3309 1698 3560 1764 abstine,
3595 1700 3706 1755 nisi
3740 1700 3932 1756 solum

2277 1789 2340 1838 ut
2371 1785 2667 1856 degustes,
2699 1791 2756 1840 et
2787 1786 3044 1841 Creatori
3075 1787 3205 1856 ejus
3228 1787 3561 1842 benedicas.
3583 1788 3742 1852 Quod
3776 1790 3825 1844 si
3851 1798 3933 1856 tu,

2276 1875 2782 1944 quemadmodum
2814 1874 3263 1945 Timotheus,ob
3289 1875 3535 1932 nimiam
3569 1878 3934 1934 exercitatio-

2281 1979 2412 2018 nem
2450 1964 2505 2018 in
2539 1965 2777 2020 morbos
2815 1964 3114 2030 incideris,
3149 1965 3278 2019 vino
3313 1965 3540 2021 modico
3572 1971 3756 2034 utere,
3792 1984 3928 2022 nam

2279 2067 2450 2122 parce
2500 2056 2804 2124 sumptum
2855 2052 3146 2108 medicina
3195 2058 3286 2108 est
3317 2071 3329 2121 ;
3365 2055 3454 2109 ein
3504 2054 3691 2112 multo
3741 2060 3926 2124 utare,

2278 2144 2560 2212 utrasque
2591 2141 2692 2196 tibi
2727 2141 3102 2197 infirmitates
3133 2142 3375 2199 induces
3411 2160 3424 2198 :
3459 2144 3528 2198 ad
3581 2162 3766 2200 unum
3798 2162 3931 2201 vero

2275 2229 2364 2285 vel
2391 2231 2507 2287 duo
2536 2231 2746 2304 pocula
2776 2230 2957 2287 bibito
2988 2248 3176 2302 neque
3209 2232 3484 2304 amplius.
3517 2235 3573 2288 Si
3603 2234 3798 2290 valeas
3831 2253 3935 2290 nu-

2276 2319 2368 2374 dis
2398 2319 2664 2392 incedere
2695 2321 3250 2393 pedibus,generose
3270 2326 3325 2376 te
3347 2323 3502 2394 geris
3529 2341 3542 2390 ;
3577 2323 3667 2378 sin
3701 2324 3807 2378 tibi
3835 2340 3934 2380 ne-

2279 2409 2525 2464 cessitas
2557 2408 2729 2480 plane
2764 2410 2938 2466 fuerit
2971 2415 3035 2465 ut
3078 2410 3301 2466 calceos
3354 2428 3578 2479 sumas,
3639 2412 3932 2484 simplicia

2277 2495 2382 2550 tibi
2418 2501 2592 2552 sunto
2621 2497 3016 2554 calceamenta
3051 2517 3062 2555 :
3098 2498 3214 2555 noli
3247 2501 3470 2556 ornatis
3518 2499 3932 2558 calceamentis

2278 2586 2635 2642 amasiorum
2677 2603 2834 2642 more
2853 2592 2908 2642 te
2937 2588 3297 2644 ell‘erre.Sint
3327 2590 3432 2644 tibi
3466 2607 3557 2645 res
3589 2590 3805 2662 quaevis
3829 2591 3932 2647 ob-

2276 2675 2379 2728 vize
2413 2675 2576 2730 satis.
2614 2675 2856 2731 Etiamsi
2878 2677 3155 2732 carnibus
3177 2682 3234 2733 et
3255 2679 3386 2733 vino
3409 2685 3690 2752 tanquam
3725 2697 3931 2752 super-

2276 2764 2546 2820 vacaneis
2578 2765 2872 2820 abstinere
2900 2765 3090 2822 soleas
3121 2783 3188 2821 ex
3218 2767 3491 2824 instituto
3522 2775 3642 2836 tuo,
3675 2787 3808 2824 cum
3842 2775 3931 2825 ta-

2281 2869 2409 2907 men
2444 2853 2500 2907 in
2535 2853 2903 2926 peregrinam
2937 2854 3234 2926 regionem
3269 2857 3654 2925 concesseris,
3704 2858 3825 2913 noli
3869 2863 3926 2914 te

2269 2941 2514 3010 jactare,
2547 2943 2644 2997 sed
2680 2949 2803 2998 esto
2837 2943 3116 2998 fratribus
3157 2945 3421 3016 aequalis,
3455 2945 3710 3001 oleribus
3767 2947 3928 3002 vide-

2276 3030 2412 3086 licet
2441 3036 2632 3098 utens,
2669 3033 2966 3104 coctisque
2996 3033 3288 3098 cibis,irno
3313 3035 3360 3088 si
3394 3051 3700 3091 necessum
3726 3036 3803 3091 sit
3823 3052 3927 3108 ga-

2279 3137 2408 3175 rum
2441 3122 2678 3175 comedc
2709 3126 2764 3176 et
2795 3121 2950 3192 pisce
2982 3139 3229 3187 vescere,
3253 3122 3302 3178 si
3333 3122 3584 3179 volueris
3612 3142 3625 3193 ;
3659 3126 3760 3180 sed
3795 3143 3928 3197 pro-

2277 3227 2345 3265 ea
2374 3209 2495 3265 vice
2526 3209 2815 3280 solum,ac
2847 3228 3084 3266 rursum
3112 3212 3423 3282 pristinam
3449 3230 3681 3270 resume
3711 3215 3928 3270 exerci-

514 3299 761 3370 ἡττηθῇς
810 3295 860 3350 ἐν
916 3299 984 3370 τῇ
1028 3295 1192 3368 νόσῳ,
1242 3295 1353 3369 [καὶ
1403 3290 1572 3369 λάϐῃς
1602 3301 1845 3351 πετεινοῦ
1873 3297 1962 3352 καὶ
1994 3303 2164 3374 κρεῶν

2282 3300 2586 3355 tationem.
2621 3301 2680 3356 Si
2725 3305 2976 3372 agrotus
3006 3318 3176 3356 ovum
3229 3302 3574 3372 comederis,
3626 3309 3928 3375 peccatum

503 3387 663 3459 (35),]
695 3384 923 3457 ἥττημα
951 3385 1046 3456 μέν
1081 3384 1169 3438 συί
1199 3383 1332 3453 ἐστι,
1369 3387 1445 3458 μὴ
1479 3381 1672 3460 λογίσῃ
1705 3383 1762 3440 δὲ
1809 3385 1938 3440 αὐτὸ
1983 3387 2160 3462 ἀμαρ-

503 3474 640 3530 τίαν·
676 3473 856 3530 λυποῦ
888 3471 965 3546 δὲ,
999 3472 1084 3528 ὅτι
1115 3473 1385 3542 ἀνεκόπης
1417 3495 1512 3528 σου
1559 3477 1658 3540 τῆς
1714 3471 2014 3546 πολιτείας,
2068 3476 2160 3532 καὶ

505 3564 896 3643 ὑπεχαλάσθης
924 3569 1022 3620 τοῦ
1055 3568 1272 3641 στερεοῦ
1307 3562 1602 3639 λογισμοῦ.

567 3835 618 3888 6.
653 3831 716 3887 Εἰ
748 3827 805 3886 δὲ
838 3829 926 3886 ἐπὶ
959 3829 1097 3903 νόσῳ
1128 3830 1494 3906 ἀναγκασθῇς,
1527 3827 1747 3908 λουτρῷ
1789 3835 2000 3908 χρήσῃ,
2050 3829 2154 3896 ἕως

501 3922 634 3992 ἅπαξ
690 3922 781 3977 καὶ
841 3919 944 3984 δίς·
1010 3919 1260 3997 ὑγιαίνων
1323 3918 1401 3990 δὶ,
1486 3921 1776 3996 βαλανείου
1848 3923 1910 3978 οὐ
1964 3923 2152 3999 χρείαν

500 4009 664 4086 ἕχεις¹
717 4009 792 4066 Σὺ
841 4013 868 4066 ὁ
921 4011 1171 4084 μονάζων
1219 4009 1309 4064 καὶ
1355 4008 1528 4077 ἱερεὺς
1560 4011 1856 4084 χαμευνίαν
1891 4009 2037 4079 θέλε,
2065 4011 2152 4066 ἐὰν

498 4099 564 4174 ᾖς
600 4100 771 4176 ὑγιής
807 4101 915 4175 πρὸ
946 4098 1141 4160 παντὸς
1175 4095 1232 4152 δὲ
1259 4099 1463 4174 τέχνην
1493 4097 1816 4174 ἐπιχειρεῖν.
1863 4103 1952 4154 Ἐν
1999 4100 2154 4176 ἀγρῷ

499 4189 748 4265 ἐργάζου,
809 4186 892 4242 ἵνα
945 4188 1022 4261 μὴ
1072 4187 1254 4262 ἐσθίῃς
1302 4184 1469 4263 ἄρτον
1514 4186 1698 4262 ἀργόν·
1752 4187 1964 4261 μᾶλλον
2013 4185 2070 4243 δὲ
2099 4187 2159 4244 ἐκ

496 4282 605 4332 τῶν
639 4281 843 4354 χειρῶν
890 4297 986 4331 σου
1035 4272 1131 4351 ἔχε
1181 4276 1315 4352 πρὸς
1353 4275 1416 4330 τὸ
1447 4274 1735 4330 ἀναπαύειν
1771 4273 2040 4354 ἀδελφοὺς
2068 4278 2157 4332 καὶ

499 4366 699 4437 ξένους,
731 4365 821 4420 καὶ
854 4364 900 4420 εί
932 4362 1180 4434 δυνατὸν,
1213 4366 1416 4440 χήρας,
1451 4364 1540 4418 καὶ
1579 4364 1868 4443 ὀρφανοὺς,
1927 4364 2018 4420 καὶ
2070 4387 2161 4439 με·

496 4455 701 4530 τρίους.
755 4453 852 4508 Καὶ
901 4453 946 4508 εἰ
1001 4455 1096 4527 μὶν
1133 4453 1326 4527 μεταξὺ
1354 4458 1461 4508 τῶν
1496 4455 1796 4528 ἀνθρώπων
1833 4455 2022 4524 οἰκεῖς,
2070 4455 2160 4510 καὶ

504 4541 654 4621 ἔχεις
710 4541 946 4620 χωρίον,
1005 4541 1130 4613 ¹ἤτοι
1192 4543 1459 4620 γεώργιον
1536 4542 1872 4618 ἐργάζεσθαιυ
1938 4541 2160 4605 δικαίως

501 4633 738 4710 συνάγων
795 4632 1056 4708 καρποὺς,
1114 4631 1204 4688 καὶ
1259 4633 1334 4704 μὴ
1388 4631 1530 4707 ἔχων
1581 4653 1635 4686 τι
1681 4629 1915 4705 ἀδικίας,
1943 4637 2159 4710 πρῶτον

501 4725 594 4795 μὲν
639 4722 735 4785 τάς
783 4722 1034 4797 ἀπαρχὰς
1078 4727 1197 4783 τοῖς
1252 4721 1454 4796 ἱερεῦσι
1503 4721 1796 4797 πρόσφερε,
1829 4717 2012 4777 ἔπειτα
2042 4722 2165 4778 θέλε

499 4811 588 4866 καὶ
619 4813 804 4887 χήρας
861 4808 1174 4881 ἀναπαύειν,
1223 4808 1312 4863 καὶ
1363 4807 1629 4886 ὀρφανοὺς
1669 4809 1759 4863 καὶ
1792 4807 2025 4873 λοιποὺς
2059 4812 2164 4866 ἀπὸ

503 4898 725 4955 δικαίων
789 4899 998 4968 πόνων,
1062 4899 1137 4971 μή
1211 4899 1316 4952 ἀπὸ
1371 4897 1548 4952 τόκων
1602 4899 1636 4966 ἦ
1688 4897 2072 4971 πλεονασμῶν,
2131 4902 2165 4968 ἣ

503 4988 916 5063 πραγματειῶν,
948 4990 982 5058 ἦ
1015 4985 1433 5060 διασεισμάτων.
1469 4987 1532 5042 Εἰ
1566 4985 1623 5042 δὲ
1667 4987 1742 5049 εἰς
1796 4990 1964 5060 μονήιν
2027 5001 2165 5053 καθ-

509 5074 621 5150 έζῃ,
658 5079 733 5150 μὴ
799 5073 977 5154 ἐϐριζε
1024 5079 1121 5146 τὴν
1170 5075 1397 5148 ἄσκησιν
1442 5083 1542 5146 τῆς
1573 5079 1764 5151 μονῆς.
1801 5077 1923 5134 Ἐὰν
1957 5079 2166 5155 χωρίον

505 5164 786 5240 κέκτησαι,
821 5167 874 5224 έν
931 5166 1282 5244 μοναστηρίῳ
1326 5166 1650 5244 ἀναχωρῶν,
1701 5166 1800 5222 οὐκ
1849 5165 2167 5243 ἀνεχώρησέ

510 5275 615 5328 σοι,
663 5255 789 5313 ἀλλ’
829 5255 1112 5330 ἐμπαίζεις
1164 5256 1254 5312 καὶ
1303 5255 1562 5332 ἐμπαίζῃ.
1609 5255 1978 5329 Καθεζόμενος
2030 5254 2087 5312 δὲ
2111 5257 2162 5312 ἐν

577 5419 622 5454 ²⁰
651 5420 781 5478 Cor.
815 5438 897 5489 χι,
930 5421 1022 5479 14.

507 5589 793 5660 scribunt,
826 5597 890 5666 ut
921 5591 1177 5666 litteram
1209 5610 1237 5644 ο
1273 5593 1655 5666 subsequenti
1690 5593 1985 5666 cepulent,
2016 5595 2171 5664 quod

506 5665 847 5734 properanti
879 5680 1010 5739 mos
1041 5664 1160 5732 est,
1183 5665 1434 5739 caudam
1467 5665 1614 5737 parti
1642 5664 1931 5739 superiori
1963 5666 2172 5723 litteras

513 5753 540 5786 o
573 5740 818 5807 ponant,
851 5740 910 5792 et
941 5736 1027 5791 sic
1057 5753 1088 5788 σ
1117 5749 1266 5808 pene
1296 5736 1572 5792 referant.

837 5862 1098 5924 ΡΑτιιοῐ..
1148 5863 1261 5926 Gn.
1308 5862 1582 5926 XXVIII.

2273 3407 2386 3445 non
2423 3395 2532 3457 est;
2568 3390 2668 3445 sed
2702 3391 2748 3445 si
2784 3391 2840 3444 in
2871 3391 3072 3447 morbo
3103 3391 3658 3463 usqueeodejiciare
3675 3397 3738 3448 ut
3759 3411 3925 3449 avem

2269 3484 2326 3533 et
2355 3495 2562 3534 carnes
2592 3481 2886 3547 comedas,
2921 3480 3120 3536 minus
3151 3480 3390 3552 quidem
3425 3481 3743 3552 perfectum
3777 3482 3926 3538 illud

2269 3574 2395 3636 est;
2430 3584 2500 3622 ne
2528 3568 2812 3625 arbitrare
2838 3575 3033 3625 tamen
3079 3576 3382 3641 peccatum
3433 3587 3563 3627 esse
3594 3587 3607 3626 :
3643 3571 3746 3628 sed
3796 3571 3927 3628 dole

2267 3657 2422 3729 quod
2452 3655 2769 3729 pristinum
2794 3657 2920 3712 vitae
2953 3657 3290 3713 institutum
3324 3675 3437 3714 non
3460 3657 3634 3731 plane
3665 3675 3928 3716 servave-

2266 3745 2370 3816 ris,
2403 3751 2460 3800 et
2485 3762 2518 3800 a
2551 3746 2720 3802 firmo
2751 3746 3049 3818 proposito
3081 3747 3342 3817 dejectus
3375 3748 3476 3804 sis.

2333 3836 2387 3889 6.
2423 3835 2482 3890 Si
2513 3834 2572 3889 in
2606 3837 2808 3891 morbo
2845 3835 2898 3890 id
2933 3837 3254 3892 necessitas
3279 3837 3681 3909 postulet,una
3709 3836 3919 3893 autal-

2264 3927 2388 3978 tera
2416 3923 2539 3979 vice
2570 3922 2778 3980 balneo
2812 3928 2995 3990 utere,
3022 3941 3206 3980 sanus
3237 3931 3429 3981 autem
3453 3926 3660 3982 balneo
3692 3943 3806 3982 non
3831 3925 3919 3980 in-

2267 4011 2450 4083 diges.
2482 4011 2567 4066 Tu
2602 4012 2882 4067 monache
2911 4018 2970 4067 et
2991 4014 3284 4080 sacerdos,
3319 4014 3485 4069 humi
3518 4015 3915 4082 cubato,dum

2267 4116 2448 4155 sanus
2480 4116 2718 4172 corpore
2748 4101 2831 4156 sis
2863 4118 2875 4155 :
2910 4100 2970 4156 in
3004 4101 3211 4172 primis
3243 4119 3378 4157 vero
3410 4107 3593 4159 artem
3652 4102 3912 4175 aliquam

2267 4205 2555 4244 exerceas.
2594 4191 2652 4244 In
2685 4205 2824 4261 agro
2857 4189 3078 4256 labora,
3113 4207 3185 4246 ne
3235 4207 3446 4260 panem
3507 4191 3691 4247 otiose
3722 4208 3917 4247 come-

2269 4279 2393 4341 das;
2426 4277 2544 4332 imo
2575 4294 2644 4333 ex
2678 4294 2958 4332 manuum
2994 4284 3229 4334 tuarum
3265 4278 3462 4334 labore
3493 4279 3713 4335 habeas
3767 4281 3925 4336 unde

2271 4367 2477 4422 fratres
2510 4367 2886 4438 hospitesque
2916 4367 3162 4434 reﬁcias,
3192 4372 3249 4426 et.
3278 4367 3328 4423 si
3362 4367 3611 4424 facultas
3640 4370 3808 4436 ferat,
3839 4369 3925 4424 vi-

2273 4455 2442 4521 duas,
2474 4455 2771 4526 orphanos
2801 4460 2858 4510 et
2884 4471 3117 4526 egenos.
3153 4456 3316 4519 Quod
3359 4455 3409 4510 si
3459 4455 3612 4511 inter
3655 4457 3927 4512 homines

2273 4546 2562 4616 quosdam
2593 4544 2848 4611 habitas,
2880 4544 3102 4616 tibique
3133 4543 3299 4600 locus
3329 4561 3432 4601 seu
3483 4561 3620 4617 ager
3668 4547 3930 4617 suppetit

2197 4657 2240 4721 ι)
2274 4635 2344 4689 ad
2377 4633 3020 4701 laborandum,fructus
3045 4636 3206 4702 juste
3234 4640 3290 4689 et
3308 4635 3529 4705 absque
3561 4633 3681 4689 ulla
3711 4635 3931 4704 injuria

2277 4722 2516 4795 colliges
2541 4740 2554 4789 ;
2589 4721 3000 4794 primitiaeque
3029 4727 3163 4778 ante
3188 4723 3387 4779 omnia
3419 4723 3826 4780 sacerdotibus
3847 4725 3929 4780 ol-

2276 4812 2427 4868 feras
2461 4829 2474 4868 :
2510 4811 2722 4867 dehinc
2752 4811 2964 4877 viduis,
2997 4811 3301 4883 orphanis,
3333 4812 3586 4884 aliisque
3621 4813 3830 4886 largire
3863 4831 3934 4870 ex

2265 4901 2448 4972 justis
2482 4900 2782 4956 laboribus
2815 4917 2929 4956 non
2956 4917 3025 4956 ex
3057 4903 3272 4968 fenore,
3304 4901 3392 4957 vel
3423 4919 3489 4957 ex
3521 4903 3704 4958 nimia
3732 4904 3927 4958 abun-

2275 4989 2496 5057 dantia,
2532 4990 2618 5045 vel
2641 5006 2709 5044 ex
2742 4989 3248 5063 negotiatione,vel
3279 5008 3349 5046 ex
3379 4992 3756 5047 tumultibus.
3788 4991 3845 5044 Si
3869 4991 3928 5046 in

2280 5082 2632 5137 monasterio
2663 5081 2850 5152 degis,
2883 5098 2955 5136 ne
2983 5082 3324 5135 monasterii
3355 5081 3628 5136 exercitia
3669 5085 3932 5134 contem-

2280 5186 2370 5225 ne.
2404 5170 2566 5235 Quod
2600 5169 2649 5224 si
2682 5185 2817 5224 cum
2851 5169 2909 5224 in
2973 5169 3401 5224 monasterium
3449 5168 3672 5224 secedis
3720 5183 3928 5239 agrum

2278 5259 2568 5331 possides,
2603 5273 2976 5330 nequaquam
3005 5257 3249 5321 accedis,
3283 5256 3384 5312 sed
3418 5255 3618 5312 illudis
3650 5258 3824 5326 atque
3852 5254 3931 5309 il-

2354 5586 2892 5666 ξᾼνυποδητον.
2975 5661 2985 5666 _
3056 5659 3065 5666 _
3150 5656 3162 5666 _
3411 5655 3445 5666 η

2497 5664 2626 5719 Ηωο
2647 5656 2823 5721 verba
2854 5661 3022 5719 uncis
3053 5656 3282 5717 inclusa
3311 5656 3563 5714 restitui.

3537 5857 3620 5916 27
