4148 6398
341 436 461 499 843

1523 435 1586 497 S.
1635 430 2164 497 ATHANASIUS.
2191 461 2267 476 —
2294 430 2605 495 SPURIA.

3655 437 3775 499 8“

339 569 654 627 luderis.In
680 569 1036 627 monasterio
1069 585 1204 625 cum
1236 569 1403 641 degis
1435 568 1555 625 noli
1589 568 1819 624 otiosus
1844 582 1973 622 esse

2112 561 2487 636 μοναστηρίῳ,
2551 561 2625 633 μή
2689 560 2814 626 θέλε
2873 563 3006 618 εἶναι
3053 561 3217 639 ἀργὸς
3269 565 3361 621 καὶ
3415 566 3518 621 ὑπὸ
3574 564 3765 623 ἄλλων

339 659 423 715 ita
453 664 518 715 ut
548 658 647 714 alii
682 665 738 715 te
768 658 927 715 alant
958 677 970 727 ;
1004 660 1107 715 sed
1140 676 1244 731 par
1272 664 1362 714 est
1414 663 1470 713 te
1521 663 1624 714 aut
1667 662 1853 713 artem
1886 654 1996 710 ali-

343 765 523 821 quam
551 748 785 820 callere,
819 753 918 804 aut
947 749 1197 821 operari,
1233 754 1297 804 ut
1340 748 1749 820 quotidianum
1780 744 1892 801 tibi
1914 744 1997 798 ci-

341 840 485 894 bum
515 855 840 910 compares.
874 837 932 894 Si
954 838 1225 910 juniores
1254 842 1449 893 tecum
1482 835 1993 907 fuerint,primum

343 927 587 983 humilis
616 933 762 997 esto,
796 944 982 997 neque
1014 927 1295 999 magister
1324 944 1453 983 esse
1494 923 1916 999 Optaveriszsed
1946 922 1995 977 si

341 1016 560 1073 videris
578 1017 807 1072 animas
825 1022 927 1072 tua
956 1016 1394 1072 conversatione
1417 1014 1669 1071 salutem
1689 1012 1991 1084 consequi,

344 1111 521 1178 atque
550 1106 802 1161 volucris
828 1106 1087 1178 quinque
1138 1105 1360 1161 talenta
1407 1113 1642 1177 accepta
1672 1100 1993 1174 duplicare,

345 1196 575 1252 animas
605 1212 746 1251 cura
774 1202 970 1251 tecum
998 1194 1662 1265 versantes,etjuniores
1694 1189 1997 1263 compelle,

343 1289 411 1339 ut
439 1285 691 1357 quisque
721 1300 988 1339 seorsum
1021 1284 1218 1357 degat,
1250 1300 1435 1354 neque
1468 1300 1584 1338 una
1614 1280 1996 1337 confabulan-

342 1378 461 1443 tur,
494 1379 592 1428 aut
628 1390 744 1428 una
774 1378 1097 1439 versentur,
1132 1378 1372 1444 excepta
1414 1371 1606 1427 solum
1642 1386 1867 1440 mensa,
1900 1386 1994 1441 sy-

341 1462 499 1529 naxi,
531 1466 588 1519 et
617 1461 965 1535 psalmodia,
1001 1468 1064 1516 ut
1094 1462 1247 1517 inter
1275 1462 1691 1517 dormiendum
1741 1458 1997 1531 pr0priis

338 1554 474 1624 quis
513 1551 878 1607 indumentis
912 1552 1165 1607 amictus
1184 1551 1281 1620 sit,
1305 1556 1362 1606 et
1393 1550 1743 1606 sticbarium
1776 1545 1997 1618 singuli

2106 651 2416 728 τρέφεσθαι·
2469 649 2616 706 ἀλλὰ
2646 648 2728 706 δεῖ
2758 652 2977 707 σεαυτὸν
3011 652 3046 721 ἢ
3090 654 3294 729 τέχνην
3349 652 3534 722 εἶδεῖν,
3591 657 3626 726 ἢ
3682 656 3771 731 έρε

2107 739 2440 816 γατεῦεσθαι,
2468 737 2560 794 ’ίνα
2590 760 2708 803 πως
2737 742 2838 809 τὴν
2871 740 3147 819 ἐφήμερον
3182 746 3581 821 προσπορήσῃς
3636 767 3769 818 τρο-

2109 831 2237 907 φήν·
2293 827 2605 905 Νεωτέρους
2657 826 2716 884 δὲ
2764 828 2850 885 ἐὰν
2902 827 3039 906 ἔχῃς
3088 832 3211 905 περὶ
3263 835 3506 901 σεαυτὸν,
3547 841 3767 912 πρῶτον

2112 920 2208 990 μὲν
2257 918 2691 995 ταπεινοφρόνει.
2740 919 2829 973 καὶ
2884 920 2961 993 μὴ
3012 918 3136 976 θέλε
3167 921 3303 977 εἶναι
3336 920 3685 988 διδάσκαλος⁸
3718 928 3765 982 εἱ

2108 1005 2166 1062 δὲ
2208 1004 2321 1082 ἴδῃς
2372 1007 2554 1082 ψυχὰς
2597 1007 2916 1093 ,σωζομένας
2968 1007 3057 1064 διὰ
3097 1017 3199 1080 τῆς
3254 1019 3352 1082 σῆς
3400 1013 3763 1093 ἂναστροφῆς,

2104 1094 2395 1151 τελειῶσαι
2431 1091 2773 1170 βουλόμενος
2802 1102 2911 1152 τῶν
2940 1097 3097 1154 πέντε
3124 1098 3405 1155 ταλάντων
3451 1101 3517 1156 τὰ
3566 1091 3762 1159 διπλάο

2107 1205 2215 1257 σια,
2264 1183 2337 1239 ὧν
2389 1183 2646 1258 εἷ’ληφας,
2701 1185 2937 1262 μερίμνα
2982 1187 3080 1250 τὰς
3126 1188 3252 1265 περὶ
3303 1190 3362 1244 σὲ
3418 1191 3622 1268 ψυχὰς,
3672 1193 3763 1248 καὶ

2106 1271 2364 1350 ἐπίστυφε
2408 1272 2535 1336 τοὺς
2586 1274 2887 1351 νεωτέρους
2945 1274 3171 1346 ἰδιάζειν
3220 1273 3444 1334 ἕκαστον
3503 1280 3679 1336 αὐτῶν
3705 1279 3760 1336 ἓν

2103 1382 2165 1417 τε
2191 1365 2261 1436 τῇ
2293 1360 2492 1435 ὁμιλίᾳ
2518 1362 2608 1418 καὶ
2640 1363 2690 1418 έν
2723 1368 2803 1437 τῷ
2845 1365 3178 1444 ἀναστροφῇ,
3230 1367 3408 1445 χωρὶς
3461 1365 3634 1443 μὸνης
3661 1378 3764 1441 τῆς

2104 1449 2401 1523 τραπέζης,
2453 1452 2543 1506 καὶ
2592 1451 2879 1524 συνάξεως,
2923 1454 3014 1509 καὶ
3063 1453 3414 1529 ψαλμῳδίας·
3477 1458 3529 1513 ἐν
3581 1457 3639 1515 δὲ
3682 1464 3762 1533 τῷ

2111 1540 2314 1610 ὑπνεῖν,
2363 1538 2587 1595 ’ἑκαστον
2638 1540 2751 1597 ἴδια
2795 1538 3242 1618 περιϐάλλεσθαι,
3294 1545 3384 1601 καὶ
3430 1543 3655 1603 ἕκαστον
3699 1548 3763 1604 τὸ

336 1656 900 1711 suum,saccumque
917 1640 1333 1695 absconditum
1353 1637 1795 1702 retineant,utsi
1826 1635 1979 1690 fueri‘

2109 1629 2394 1706 στιχάριον
2453 1629 2618 1686 αὐτοῦ
2675 1629 3027 1708 ἕχειν,ὶῆτοι
3088 1633 3311 1690 σακκίον
3364 1637 3759 1711 κεκρυμμένον,

338 1734 514 1785 noctu
561 1730 917 1794 oranduum,
948 1727 1135 1800 parati
1178 1728 1573 1783 inveniantur.
1606 1724 1799 1798 Vigila
1828 1724 2000 1779 mode

334 1816 537 1873 ratein
570 1814 817 1889 psalmis
846 1820 904 1872 et
933 1814 1204 1888 precibus
1236 1832 1249 1871 :
1283 1816 1541 1870 interdiu
1571 1830 1703 1869 vero
1730 1816 1999 1884 frequen-

2100 1718 2214 1787 'iva,
2278 1717 2335 1772 ἃν
2391 1740 2497 1774 που
2543 1717 2681 1795 εὔχῃ
2731 1721 2943 1790 νυκτὸς,
2992 1718 3204 1796 ἕτοιμοι
3258 1725 3568 1799 εὑρεθῶσιν.
3627 1726 3761 1783 Θέλε

2108 1809 2395 1884 ἀγρυπνεῖν
2458 1809 2783 1887 συμμέτρως
2841 1809 2892 1864 έν
2952 1810 3197 1885 ψαλμοῖς
3256 1812 3348 1868 καὶ
3406 1814 3617 1891 εὐχαῖς·
3668 1816 3758 1871 καὶ

335 1912 427 1962 ter
447 1922 572 1973 ora,
603 1920 674 1960 ne
704 1910 900 1961 tamen
934 1905 1158 1977 prolixa
1187 1904 1265 1960 sit
1289 1905 1495 1971 oratio,
1528 1919 1600 1958 ne
1617 1903 1896 1967 clamosa,
1928 1918 1979 1955 ω

336 2011 382 2012 η
620 2011 647 2012 η
685 1993 697 2012 ρ
1427 1993 1561 2012 ηημ,
1590 1992 1979 2012 μηλημεη,

2107 1895 2317 1973 ἡμέρας
2368 1897 2462 1971 μὲν
2521 1895 2772 1974 εὔχεσθαι
2828 1905 3065 1971 πυκνῶς,
3129 1901 3203 1974 μὴ
3264 1902 3536 1977 χρονίζων
3594 1901 3651 1959 δὲ
3708 1904 3760 1958 ἐν

2109 1985 2242 2012 -.ξμς
2310 1988 2337 2012 τε
2390 1988 2601 2012 ---έν-...
2678 1990 2704 2012 η
2759 1986 2985 2012 ομμλ-
3036 1992 3067 2012 ,~,
3116 2008 3126 2012 -
3176 2011 3184 2012 ,
3327 1992 3337 2012 ι
3528 1989 3571 2012 με
3625 1992 3711 2012 ,ις

334 1993 660 2050 multorum
684 1993 1067 2065 inaniumque
1086 1993 1570 2050 verborum.Cum
1589 1992 1988 2048 moderatione

334 2082 733 2155 psallendum,
765 2099 838 2138 ne
868 2081 1140 2139 molestia
1169 2082 1378 2138 anima:
1408 2082 1989 2138 afﬁciantur.Pueros

336 2173 409 2228 ad
440 2171 743 2228 silentium
776 2173 1041 2228 institue.
1070 2174 1133 2227 In
1151 2188 1480 2245 cauponam
1514 2187 1586 2226 ne
1615 2186 1880 2242 unquam
1902 2171 1987 2223 in-

329 2261 597 2333 grediare
625 2279 637 2329 ;
673 2261 774 2317 sed
807 2260 857 2317 si
888 2261 1209 2317 necessitas
1237 2261 1296 2317 id
1321 2260 1598 2333 postulet,
1630 2260 1681 2315 si
1711 2259 1773 2315 in
1799 2263 1987 2315 extra-

328 2367 441 2407 nea
471 2350 709 2423 regione
736 2350 1011 2418 versaris,
1044 2355 1219 2423 atque
1251 2350 1381 2406 cibo
1412 2348 1500 2405 vel
1530 2354 1667 2421 potu
1699 2365 1849 2421 opus
1898 2352 1986 2403 est

327 2439 456 2511 tibi,
488 2444 749 2510 emptum
784 2440 971 2506 mitte,
1004 2445 1062 2495 et
1090 2439 1151 2494 in
1174 2438 1418 2495 ecclesia
1447 2439 1708 2505 comede,
1740 2437 1867 2493 loco
1898 2453 1987 2493 se-

328 2532 489 2585 moto
523 2545 536 2585 :
571 2529 620 2584 si
654 2528 820 2585 nulla
848 2545 916 2585 eo
961 2528 1087 2585 loco
1119 2527 1294 2583 fuerit
1336 2527 1600 2593 ecclesia,
1650 2530 1753 2582 aut
1781 2527 1980 2582 ortho-

329 2619 616 2673 doxorum
699 2619 934 2685 domus,
994 2633 1422 2689 accessumque
1475 2616 1582 2670 tibi
1639 2616 1719 2671 sit
1773 2615 1833 2670 in
1893 2615 1982 2669 di-

325 2707 650 2764 versorium
677 2707 928 2779 ingredi,
960 2707 1021 2762 in
1052 2706 1374 2762 diversorio
1405 2722 1647 2762 maneas
1677 2704 1778 2761 ubi
1809 2704 1985 2760 nulla)

330 2797 452 2852 sint
481 2796 974 2870 mulieres,neque
1004 2813 1272 2870 caupona
1306 2815 1319 2853 :
1354 2797 1531 2868 idque
1552 2812 1688 2852 cum
1713 2811 1979 2853 mterore.

397 2973 521 3031 7.Si
553 2974 845 3045 ejusmodi
886 2979 1171 3047 praecepta
1201 2989 1334 3030 cum
1368 2974 1981 3045 servaveris,etaprae-

326 3062 501 3119 dictis
532 3064 788 3135 peccatis
818 3063 1059 3135 caveris,
1095 3064 1153 3118 in
1186 3064 1321 3131 ﬁde,
1376 3064 1648 3120 castitate
1678 3067 1822 3119 eteo
1850 3063 1979 3119 vitae

329 3152 627 3217 instituto,
665 3153 749 3209 uti
782 3153 1063 3219 diximus,
1095 3168 1334 3208 cursum
1396 3151 1668 3223 impleas,
1728 3153 1976 3225 gradum

320 3240 432 3295 tibi
464 3257 746 3312 magnum
779 3246 837 3297 et
864 3242 1083 3297 bonum
1115 3242 1402 3312 acquires.
1449 3241 1580 3296 Haac
1626 3242 1979 3313 supradictae

2106 1985 2268 2063 εὐχῇ,
2310 1988 2344 2056 ἢ
2389 1988 2622 2063 κράζων,
2676 1990 2711 2057 ἢ
2759 1986 3128 2064 βαττολογῶν
3162 1992 3491 2068 συμμέτρως
3525 1989 3583 2047 δὲ
3612 1992 3757 2067 ψάλ-

2098 2073 2235 2148 λειν,
2262 2073 2354 2131 ’ίνα
2387 2076 2462 2148 μὴ
2495 2081 2857 2153 περικακῶσιν
2893 2079 2948 2133 αἱ
2976 2078 3170 2154 ψυχαί.
3219 2078 3355 2136 Θέλε
3389 2077 3447 2135 δὶ
3473 2081 3601 2145 τοὺς
3630 2089 3755 2138 παῖ-

2097 2161 2190 2226 δας
2237 2165 2613 2236 σιωπητικοὺς
2666 2161 3049 2242 προϐιϐάζειν.
3102 2167 3198 2231 Εἷς
3245 2169 3551 2241 καπηλεῖον
3606 2171 3754 2236 ὅλως

2096 2251 2346 2330 εἰσέλθῃς
2376 2257 2509 2328 (36)·
2543 2254 2669 2311 ἀλλ’
2700 2255 2747 2311 εἰ
2799 2255 3008 2332 ἀνάγκη
3052 2257 3297 2332 γένηται,
3330 2257 3418 2314 ἐπὶ
3464 2260 3618 2332 ξένης
3664 2283 3752 2335 γε·

2094 2343 2349 2416 νόμενος,
2396 2344 2486 2399 καὶ
2537 2343 2726 2420 χρείαν
2777 2341 2925 2421 ἔχεις
2975 2343 3265 2420 ἐδέσματος
3296 2349 3330 2418 ἢ
3364 2354 3558 2419 ποτοῦ,
3615 2349 3751 2406 ἀπο-

2095 2431 2310 2495 στείλας
2371 2432 2655 2508 ἀγόρασον,
2714 2434 2806 2489 καὶ
2858 2433 2910 2489 έν
2974 2433 3238 2507 ἐκκλησίᾳ
3296 2436 3434 2514 φάγε
3489 2439 3580 2493 καὶ
3637 2441 3748 2512 πίε,

2093 2520 2145 2576 έν
2177 2521 2331 2595 τόπῳ
2364 2521 2534 2593 αὐτῆς
2564 2523 3065 2600 ἀνακεχωρημένῳ”
3100 2524 3185 2580 ἐὰν
3220 2523 3276 2581 δὲ
3310 2529 3385 2599 μή
3487 2526 3750 2599 ἐκκλησία

2093 2610 2146 2666 έν
2197 2616 2277 2684 τῷ
2323 2611 2500 2686 τόπῳ,
2566 2611 2709 2686 μηδὲ
2755 2613 2898 2668 οἰκία
2937 2610 3266 2689 ὅρθοὸόξων,
3297 2616 3387 2670 καὶ
3419 2616 3627 2692 ἀνάγκη
3661 2640 3748 2673 σοι

2090 2698 2331 2776 γένηται,
2389 2700 2480 2756 καὶ
2528 2700 2773 2776 εἰσέλθῃς
2821 2702 2896 2765 εἷς
2942 2700 3297 2779 πανδοχεῖον,
3328 2704 3453 2761 θέλε
3486 2704 3660 2778 μένειν
3691 2706 3742 2763 ἐν

2090 2785 2424 2866 πανδοχείῳ,
2476 2789 2615 2845 ὅπου
2662 2790 2764 2847 οὐκ
2805 2790 2903 2847 εἰεὶ
2940 2797 3209 2868 γυναῖκες,
3241 2792 3366 2849 οὕτε
3420 2793 3743 2865 καπηλεῖον·

2089 2877 2179 2931 καὶ
2208 2882 2371 2934 τοῦτο
2405 2879 2541 2952 μετὰ
2569 2878 2772 2950 λύπης.

2158 2969 2213 3025 7.
2244 2968 2368 3024 Ἐὰν
2427 2967 2545 3038 οὗν,
2591 2967 2688 3030 τὰς
2744 2966 3146 3041 προειρημένας
3200 2968 3425 3034 ἐντολὰς
3479 2971 3742 3052 φύλάξας,

2087 3055 2178 3111 καὶ
2227 3060 2333 3111 τῶν
2394 3054 2808 3131 προειρημένων
2842 3055 3186 3135 ,σφαλμάτων
3242 3059 3428 3116 ἑαυτὸν
3475 3064 3742 3136 τηρήσας,

2086 3145 2177 3200 τὸν
2230 3140 2439 3221 δρὸμον
2487 3143 2782 3219 τελειώσῃς
2829 3145 2882 3200 ἰν
2928 3145 3107 3203 πίστει
3136 3169 3197 3203 τε
3237 3148 3330 3204 καὶ
3361 3149 3623 3225 ἁγνότητι
3651 3153 3742 3208 καὶ

2086 3232 2359 3304 πολιτείᾳ,
2407 3233 2544 3289 κατὰ
2586 3233 2650 3288 τὸ
2698 3232 3005 3309 εἰρημένον.
3062 3237 3270 3312 βαθμὸν
3321 3245 3527 3314 σεαυτῷ
3576 3243 3738 3318 μέγαν

319 3328 455 3384 fidei
486 3333 798 3400 praecepta,
824 3334 883 3384 et
911 3330 1061 3385 ΜΠ
1095 3328 1554 3394 observationes,
1588 3346 1736 3402 quas
1766 3330 1815 3386 si
1847 3347 1975 3403 per-

2092 3321 2177 3377 καὶ
2209 3322 2408 3398 ἀγαθὸν
2457 3324 2811 3398 περιποιήσῃ.
2862 3322 3034 3380 Αὐταί
3086 3325 3217 3381 εἰσιν
3268 3328 3323 3383 αἱ
3352 3332 3450 3399 τῆς
3482 3350 3743 3409 προειρη-

321 3418 854 3490 fecerisﬁdemque
884 3418 1352 3487 servaveris,eris
1382 3418 1713 3490 discipulus
1741 3419 1973 3476 Domini

322 3506 511 3561 nostri
539 3506 677 3562 Jesu
710 3505 1115 3573 Christi.Quod
1149 3507 1195 3562 si
1222 3508 1357 3579 quis
1374 3508 1730 3579 supradictis
1751 3514 1978 3565 contra-

324 3594 504 3663 dicat,
536 3594 653 3651 Deo
683 3596 1049 3651 contradicit.
1067 3595 1304 3651 Evolvat
1332 3595 1432 3652 ille
1461 3597 1688 3653 divinas
1715 3599 1976 3670 Scriptu-

326 3700 444 3748 ras,
496 3682 783 3754 intelligat
828 3684 1202 3740 traditionem
1269 3685 1559 3754 Ecclesiae,
1618 3703 1685 3742 ac
1736 3687 1976 3744 demum

325 3776 639 3843 cognoscet
667 3772 790 3828 haec
818 3773 1019 3829 omnia
1052 3775 1396 3846 pracepisse
1425 3774 1978 3833 Dominum.Nosne

321 3859 615 3931 longiores
656 3878 946 3931 essemus,
1000 3864 1340 3920 testimonia
1380 3880 1495 3919 non
1564 3865 1973 3937 produximus.

322 3948 619 4005 Hactenus
648 3956 937 4024 praecepta
966 3953 1285 4008 monachos
1302 3951 1673 4025 reliquosque
1693 3955 1972 4011 Christia-

319 4054 428 4095 nos
456 4039 804 4112 spectantia.

381 4289 437 4345 8.
469 4292 597 4347 Jam
630 4306 764 4348 vero
795 4292 842 4348 si
877 4292 1152 4349 sacerdos
1183 4292 1480 4366 quispiam
1527 4298 1801 4352 accurate
1831 4296 1969 4354 velit

313 4380 641 4437 sacerdotio
670 4380 860 4453 fungi,
891 4382 1458 4455 cum_superioribus
1506 4385 1833 4458 praeceptis,
1867 4402 1966 4442 so-

307 4466 474 4526 brius
504 4469 603 4536 sit,
635 4470 1962 4546 sedulus,patiens,mausuetus,orphanorum,

305 4571 658 4630 pauperum,
689 4557 1312 4631 hospitum,bonorum
1343 4563 1836 4635 amaus,quietus,
1868 4563 1965 4619 ﬁr-

2092 3409 2257 3484 μένης
2307 3411 2540 3474 πίστεως
2589 3409 2807 3467 ἐντολαὶ
2853 3413 2945 3468 καὶ
2994 3415 3495 3494 παραφυλάγματα,
3528 3418 3589 3482 ἃς
3649 3420 3737 3475 ἐὰν

2085 3501 2339 3575 ποιήσῃς,
2389 3502 2479 3556 καὶ
2524 3503 2624 3570 τὴν
2674 3500 2853 3556 πίστι)
2898 3506 3173 3579 τηρήσῃς,
3225 3503 3318 3581 ἔσῃ
3360 3509 3611 3581 μαθητὴς
3641 3513 3738 3564 τοῦ

2087 3587 2289 3665 Κυρίου
2336 3592 2496 3663 ἡμῶν
2558 3591 2740 3661 Ἰησοῦ
2798 3596 3060 3667 Χριστοῦ.
3119 3593 3184 3648 El
3233 3591 3290 3649 δέ
3335 3615 3420 3657 τις
3467 3594 3735 3673 ἀντιλέγει

2083 3682 2202 3740 τοῖς
2251 3679 2697 3754 προειρημένοις,
2747 3684 2863 3751 Θεῷ
2908 3680 3048 3735 ἐστιν
3097 3680 3420 3757 ἀντιλέγων.
3456 3682 3731 3760 Ψηλαφή-

2085 3787 2164 3821 σει
2193 3767 2297 3844 γὰρ
2325 3767 2420 3830 τὰς
2451 3768 2594 3831 θείας
2628 3767 2863 3847 Γραφᾶς,
2896 3768 2984 3823 καὶ
3034 3771 3354 3839 κατανοήσει
3401 3771 3500 3840 τήν
3561 3792 3733 3846 παρα-

2086 3852 2234 3911 δοσιν
2283 3864 2384 3927 τῆς
2456 3857 2803 3929 Έκκλησίας,
2868 3858 2958 3914 καὶ
3007 3856 3122 3934 ἔχει
3173 3859 3426 3927 συνιέναι,
3475 3858 3559 3915 ὅτι
3613 3861 3737 3935 περὶ

2080 3944 2290 4002 τούτων
2340 3946 2486 4003 ὅλων
2534 3945 2841 4004 ἐντέλλεται
2894 3948 2922 4003 ό
2955 3948 3175 4023 Κύριος.
3208 3951 3399 4022 Ἡμεῖς
3431 3946 3511 4017 δὲ,
3536 3947 3628 4004 ἵνα
3660 3951 3735 4024 μὴ

2086 4034 2623 4112 μακρολογήσωμεν,
2666 4038 2763 4093 τὰς
2816 4037 3112 4114 μαρτυρίας
3167 4037 3268 4094 οὐκ
3306 4036 3606 4113 έξεθέμεθα.
3637 4040 3739 4095 Καὶ

2082 4124 2238 4181 αὗται
2273 4126 2366 4199 μὶν
2396 4128 2452 4181 αἱ
2477 4124 2693 4183 ἐντολαὶ
2730 4128 3028 4202 μονάζουσι
3079 4126 3171 4184 καὶ
3222 4127 3443 4192 λοιποῖς
3489 4132 3741 4205 Χριστια-

2080 4220 2195 4278 νοῖς
2228 4211 2536 4273 εὐλαϐέσιν.

2147 4306 2204 4360 8.
2236 4304 2299 4362 Εἰ
2333 4300 2391 4359 δέ
2417 4325 2502 4367 τις
2533 4304 2708 4379 ἱερεὺς
2764 4300 3007 4381 ἀκριϐῶς
3055 4305 3186 4380 θέλῃ
3233 4305 3546 4382 ἱερατεύειν,
3602 4308 3738 4381 μετὰ
3779 4372 3787 4380 ,

2074 4396 2184 4447 τῶν
2238 4393 2654 4469 προειρημένων
2712 4393 2971 4462 ἐντολῶν,
3034 4394 3151 4462 ἤτω
3219 4394 3510 4472 νηφάλιος,
3563 4402 3733 4452 σποὺ-

2076 4477 2250 4551 δαῖος,
2283 4479 2614 4550 ἀνεξίκακος,
2648 4482 2915 4555 χρηστὸς,
2949 4480 3303 4558 φιλόρφανος,
3347 4482 3730 4560 φιλόπτωχος,

2074 4569 2374 4645 φιλόξενος,
2434 4568 2762 4645 φιλάγαθος,
2822 4568 3057 4644 ἥσυχος,
3133 4572 3347 4645 στερεὸς
3405 4571 3581 4628 πίστει
3639 4573 3729 4628 καὶ

305 4661 440 4702 mus
474 4646 606 4718 ﬁde,
640 4649 954 4719 sententia,
1005 4650 1204 4717 verbo,
1248 4651 1552 4707 abstinens
1600 4669 1637 4707 a
1693 4651 1957 4721 muliere,

305 4749 533 4757 ---μμ
591 4753 699 4757 _-_
756 4736 1007 4757 μιιςωι
1084 4755 1145 4757 κ,
1436 4740 1447 4752 .
1534 4756 1539 4757 ,
1612 4756 1619 4757 ,

2092 4657 2268 4731 γνώμῃ
2317 4657 2408 4711 καὶ
2458 4656 2631 4733 λόγῳ,
2679 4653 3021 4733 ἀπεχόμενος
3070 4661 3342 4734 γυναικὸς,
3393 4661 3469 4734 μή
3505 4661 3727 4734 ἀμελῶν

300 4749 539 4807 gregem
591 4753 706 4791 non
754 4736 1033 4809 negligat,
1083 4755 1155 4794 ne
1213 4740 1552 4812 quempiam
1602 4744 1958 4811 exsecretur,

295 4839 609 4894 personam
642 4842 716 4880 ne
761 4827 1033 4899 accipiat,
1086 4844 1291 4884 omnes
1352 4832 1668 4899 coarguat;
1701 4844 1772 4883 ne
1802 4828 1957 4885 sinat

295 4911 480 4969 ullam
511 4914 841 4972 scabiosam
874 4916 934 4971 in
964 4916 1105 4971 ovili
1155 4933 1344 4988 ovem,
1398 4917 1501 4973 sed
1534 4934 1638 4988 per
1667 4917 1954 4990 paeniten-

290 5002 434 5058 tiam
467 5008 680 5076 purget
708 5003 1077 5078 illam,atque
1108 5006 1190 5062 ita
1218 5006 1278 5063 in
1310 5005 1457 5063 ovile
1487 5005 1730 5079 recipiat
1762 5024 1775 5064 :
1802 5009 1953 5065 sciat

286 5107 400 5162 quo
434 5096 604 5163 pacto
631 5092 899 5165 singulos
931 5110 1170 5165 pascere
1203 5111 1216 5150 :
1254 5113 1385 5168 quas
1416 5100 1705 5169 pracepta
1734 5097 1946 5170 viduis,

285 5197 411 5250 quae
445 5183 751 5240 monachis
785 5224 799 5248 ,
832 5201 961 5254 quis
997 5184 1184 5253 laicis,
1214 5202 1341 5257 qua:
1370 5187 1812 5244 catechumenis
1834 5192 1947 5245 tra-

2065 4749 2163 4800 τοῦ
2211 4744 2496 4818 ποιμνίου,
2552 4747 2627 4820 μὴ
2682 4744 3119 4822 βδελυσσόμενός
3145 4767 3286 4803 τινα’
3325 4750 3401 4821 μὴ
3432 4769 3728 4823 προσωπο-

2065 4832 2318 4906 ληπτεῖν,
2372 4833 2679 4910 ἐλέγχοντα
2726 4826 2816 4890 ἐπὶ
2847 4835 3086 4909 πάντων,
3121 4837 3197 4910 μὴ
3231 4837 3322 4908 ὲᾷν
3351 4839 3561 4915 ψωριὸν
3593 4838 3728 4915 πρό-

2063 4919 2226 4981 ϐατον
2288 4924 2342 4980 έν
2400 4928 2468 4999 τῇ
2526 4925 2760 5000 ποίμνῃ,
2818 4923 2967 4981 ἀλλὰ
3015 4926 3288 5003 καθαίρειν
3340 4933 3556 5005 πρῶτον
3591 4928 3727 5000 μετὰ

2066 5017 2373 5088 μετανοίας,
2430 5014 2521 5069 καὶ
2575 5014 2701 5070 τότε
2749 5015 2999 5090 συνάγειν
3052 5013 3105 5070 ἐν
3152 5018 3222 5088 τῇ
3259 5014 3484 5091 μάνδρᾳ·
3523 5014 3722 5069 εἰδέναι

2059 5099 2281 5159 ἕκαστον
2315 5102 2390 5165 ὡς
2418 5103 2730 5176 ποιμαίνειν
2765 5099 2867 5176 δεῖ,
2898 5102 2952 5158 τί
2982 5100 3041 5157 δὲ
3085 5108 3205 5166 ταῖς
3256 5105 3458 5179 χήραις
3512 5123 3719 5178 παραγ-

2057 5190 2301 5267 γέλλειν,
2331 5191 2385 5247 τί
2418 5198 2702 5268 μοναχοῖς,
2753 5191 2807 5247 τί
2863 5190 3099 5263 λαϊκοῖς,
3148 5190 3202 5245 τί
3251 5190 3716 5266 κατηχουμένοις.

286 5268 423 5358 dere
454 5270 682 5329 debeat.
718 5273 990 5330 Mulieres
1038 5278 1194 5330 vetet
1224 5275 1279 5330 in
1313 5275 1557 5333 ecclesia
1589 5293 1828 5349 prorsus
1860 5277 1943 5333 lo-

2092 5281 2270 5352 ¹υναιξὶ
2303 5278 2361 5337 δὲ
2389 5281 2793 5358 παραγγέλλειν
2827 5278 2879 5335 ἐν
2913 5278 3183 5351 έκκλησίᾷ
3214 5280 3291 5352 μή
3325 5278 3514 5335 λαλεῖν
3548 5279 3715 5351 ὅλως,

282 5357 380 5428 qui
413 5359 482 5430 9‘,
538 5361 642 5415 sed
696 5378 929 5433 semper
972 5362 1147 5419 silere
1180 5363 1388 5434 jubeat
1435 5369 1493 5421 et
1521 5382 1706 5432 orare,
1741 5382 1846 5423 nec
1879 5384 1941 5423 se

2092 5369 2179 5426 λλ’
2207 5370 2258 5426 ἐν
2291 5375 2420 5434 πᾶςι
2451 5357 2599 5446 σιγᾷν
2634 5370 2722 5425 καὶ
2771 5366 3045 5444 εὔχεσθαι,
3093 5366 3182 5422 καὶ
3236 5369 3312 5441 μὴ
3376 5366 3712 5441 λαμπρύνειν

282 5463 424 5503 auro
453 5449 836 5522 vestibusque
866 5466 1167 5523 exornare,
1205 5450 1433 5509 vultum
1482 5458 1807 5527 contegere,
1841 5464 1940 5513 aut

2092 5459 2239 5523 ιυτὰς
2269 5458 2323 5515 έν
2375 5464 2567 5536 χρυσῷ
2623 5460 2658 5529 ἣ
2715 5458 2922 5528 ἐσθῆτι,
2979 5456 3048 5512 τὰ
3099 5452 3156 5511 δὲ
3216 5456 3483 5532 πρόσωπα
3537 5454 3716 5513 αὐτῶν

350 5618 395 5654 ²¹
431 5617 453 5673 Ι
483 5618 614 5676 Cor.
647 5638 763 5692 xw,
797 5622 886 5677 34.

349 5759 467 5833 (36)
500 5761 643 5817 Add.
682 5763 780 5834 μή.
