4148 6362
457 419 575 479 845

460 550 535 623 μὴ
567 549 872 627 φαίνεσθαι,
923 552 1117 623 χεῖρας
1170 542 1378 621 ἀνδρῶν
1433 546 1510 618 μὴ
1564 545 1880 620 καταφιλεῖν
1915 590 1927 602 .

454 638 763 714 ηχοῦμενοι
808 635 867 691 δὲ
915 635 1030 707 ἰδίᾳ
1079 635 1445 710 εὖχὲσθωσαν,
1477 635 1509 703 ἦ
1548 632 1737 704 ἔξωθεν
1769 639 1865 689 τοῦ
1903 633 2109 708 βηλοῦ.

456 727 516 783 Ὁ
550 723 607 779 δὲ
639 732 743 786 πᾶς
796 723 927 786 λαὸς
959 723 1009 777 ἐν
1046 719 1202 799 φόϐῳ
1232 722 1321 776 καὶ
1363 726 1543 795 σιωπῇ
1594 722 1833 777 ἀκουέτω
1879 724 1969 777 τὸν
2024 722 2118 777 λό-

456 836 549 889 γον
580 818 679 869 τοῦ
713 813 935 889 Κυρίου.
972 812 1043 866 Οὐ
1101 811 1265 883 μόνον
1314 808 1372 865 δὲ
1420 811 1471 864 oi
1516 810 1912 885 ἁμαρτάνοντες
1968 809 2120 881 δίκην

458 903 824 970 ἀποτίσουσιν,
866 901 1012 956 ἀλλὰ
1061 901 1149 954 καὶ
1204 902 1255 954 oi
1304 899 1593 974 χαίροντες
1646 900 1732 953 ἐπὶ
1780 906 1895 962 τοῖς
1950 902 2119 976 ἀμαρ-

462 995 703 1052 τάνουσι.
766 993 897 1068 Περί
957 990 1014 1046 δὲ
1068 996 1176 1045 τῶν
1237 996 1563 1068 προσφορῶν
1621 990 1827 1069 ὀρείλει
1885 994 2044 1068 νήφει
2090 993 2117 1045 6

457 1084 651 1159 ἱερεύς
686 1081 771 1136 ἐὰν
810 1081 913 1156 γὰρ
964 1074 1107 1153 λάϐῃ
1160 1080 1306 1153 παρά
1356 1081 1780 1153 στρατευομένου
1832 1079 2116 1155 ἐκχέοντος

461 1174 616 1245 αἷμα,
648 1175 682 1242 ἢ
719 1169 1109 1239 διασείσαντος,
1154 1169 1189 1238 ἢ
1239 1168 1563 1241 κλέψαντος,
1596 1170 1629 1237 ἢ
1679 1175 2113 1245 πρααίμχτευτοῦ,

459 1265 493 1331 ἣ
523 1262 800 1337 ἐπιόρκου,
854 1263 889 1330 ἣ
938 1260 1084 1335 παρά
1133 1258 1403 1313 πλουσίου
1452 1260 1845 1333 ἀποστερητοῦ,
1972 1263 2119 1333 παρὰ

457 1352 703 1407 τελώνου
750 1350 1201 1425 ἐπιπράττοντος,
1249 1350 1282 1417 ἣ
1328 1347 1693 1426 τοκογλύφου,
1744 1351 1777 1417 ἢ
1822 1348 2116 1423 τιμιολκοῦ

463 1441 550 1495 ἐπὶ
594 1440 769 1506 σίτου,
825 1441 859 1507 ἢ
908 1440 1055 1514 παρά
1110 1438 1311 1499 παντὸς
1370 1437 1723 1513 ἀμαρτωλοῦ
1786 1440 1813 1493 6
1870 1445 2118 1501 τοιοῦτος

463 1527 660 1599 ἱερεὺς,
693 1528 796 1582 ἀπὸ
838 1528 1100 1581 τοιούτων
1156 1524 1243 1580 ἐὰν
1294 1521 1464 1599 λάϐῃ,
1515 1524 1719 1601 χωλῶν
1767 1527 1856 1580 καὶ
1895 1526 2117 1603 τυφλῶν

462 1617 752 1693 προσφέρει
787 1615 837 1683 ἐξ
896 1615 1069 1669 αὐτῶν
1127 1619 1206 1686 τῷ
1254 1618 1393 1685 Θεῷ.
1446 1614 1543 1667 Σοὶ
1596 1612 1653 1668 δὲ
1689 1619 1767 1685 τῷ
1818 1613 1993 1685 λαῖκῷ
2021 1615 2121 1669 οὐκ

461 1702 629 1773 ἔξεστι
677 1710 855 1777 κρῖναι
904 1703 997 1757 τὸν
1042 1703 1209 1776 ἱερέα,
1242 1702 1288 1756 εἰ
1341 1704 1442 1774 μή,
1476 1701 1563 1756 ἐὰν
1598 1700 1745 1775 εἰδῇς
1776 1699 2118 1777 παραϐάτην,

462 1796 622 1868 φεῦγε
668 1792 759 1845 ἀπ’
812 1791 996 1847 αὐτοῦ.
1045 1792 1167 1847 Ἐάν
1217 1795 1383 1845 ταῦτα
1432 1789 1694 1867 φυλάξῃς,
1731 1793 1757 1845 ὁ
1790 1792 1986 1867 ἱερεὺς,
2025 1794 2119 1867 βα-

1543 413 1752 475 νιτιΕ
1797 414 1850 475 Μ
1861 412 2275 475 ONASTICIE
2316 415 2395 476 IN
2404 416 2793 480 STITUTIO.

3766 424 3884 486 846

1979 552 2115 599 Κατ·
2148 548 2203 614 Α
2235 564 2447 605 manus
2479 552 2731 607 virorum
2766 553 3038 609 osculari.
3065 554 3481 611 Catechumeni
3512 559 3708 613 antem
3731 573 3886 615 seor-

2232 639 2341 693 sim
2378 646 2541 695 orent
2571 646 2627 695 et
2654 647 2815 697 extra
2848 643 3049 698 limen.
3102 642 3427 716 Omnisque
3461 646 3713 717 populus
3746 665 3881 705 cum

2230 730 2554 784 reverentia
2585 736 2643 784 et
2674 730 2905 786 silentio
2938 732 3138 786 audiat
3169 734 3409 787 verbum
3448 734 3879 792 Domini.Porro

2232 835 2341 872 non
2378 819 2414 871 ii
2450 820 2639 873 solum
2674 823 2772 891 qui
2807 828 3068 891 peccant,
3105 823 3203 876 sed
3238 824 3413 876 etiam
3448 824 3548 894 qui
3580 826 3650 879 de
3682 843 3880 897 pecca-

2230 908 2455 963 toribus
2512 910 2789 980 gaudent,
2854 928 3053 981 poenas
3114 911 3295 968 luent.
3356 912 3692 969 Oblationes
3723 916 3875 985 quod

2230 1002 2474 1067 spectat,
2509 1000 2869 1071 vigilandum
2903 1008 2991 1055 est
3023 1002 3308 1055 sacerdoti
3341 1020 3352 1055 ε
3381 1019 3514 1057 nam
3548 1002 3596 1057 si
3630 1020 3661 1057 a
3693 1004 3879 1060 milite

2227 1087 2514 1157 acceperit
2546 1089 2645 1157 qui
2678 1089 2948 1143 effuderit
2988 1091 3358 1161 sanguinem,
3391 1108 3422 1144 a
3454 1091 3812 1160 turbulento,
3844 1110 3878 1147 a

2226 1176 2371 1244 fure,
2401 1176 2471 1229 ab
2503 1175 2768 1247 improbo
2802 1178 3178 1248 negotiatore,
3215 1196 3246 1233 a
3280 1180 3533 1249 perjuro,
3566 1188 3667 1235 aut
3719 1198 3753 1235 a
3783 1181 3875 1235 di-

2224 1265 2341 1319 vite
2372 1265 2799 1335 defraudatore,
2848 1284 2877 1321 a
2931 1267 3239 1337 publicano
3276 1274 3559 1339 exactore,
3593 1287 3625 1323 a
3654 1271 3877 1325 fenera-

2225 1358 2371 1422 tore,
2402 1353 2490 1407 vel
2522 1354 2593 1409 ab
2624 1371 2689 1408 eo
2722 1355 2819 1425 qui
2858 1358 3109 1427 pretium
3144 1357 3417 1411 frumenti
3450 1359 3693 1425 auxerit,
3730 1358 3814 1414 vel
3847 1376 3881 1414 a

2228 1442 2491 1513 quolibet
2526 1448 2857 1515 peccatore;
2894 1446 3231 1515 hujusmodi
3274 1448 3567 1513 sacerdos,
3610 1449 3877 1520 inquam,

2229 1533 2326 1603 qui
2361 1533 2500 1587 talia
2531 1534 2834 1604 acceperit,
2866 1534 3077 1589 clauda
3107 1541 3162 1589 et
3192 1552 3341 1589 caica
3381 1535 3516 1589 hinc
3548 1540 3661 1591 Deo
3693 1537 3879 1592 oﬂert.

2227 1621 2353 1675 Tibi
2386 1623 2531 1677 laico
2568 1640 2679 1677 non
2712 1623 2848 1677 licet
2898 1626 3256 1679 sacerdotem
3287 1625 3587 1694 judicare;
3634 1627 3791 1697 quod
3833 1626 3883 1682 si

2231 1712 2731 1781 prmvaricatorem
2764 1712 3083 1767 adverteris
3115 1712 3305 1783 illum,
3340 1713 3475 1785 fuge
3526 1714 3597 1769 ab
3652 1714 3770 1770 illo.
3824 1715 3884 1771 Si

2230 1801 2348 1855 haec
2392 1808 2451 1855 tu
2496 1802 2767 1856 sacerdos
2819 1803 3158 1869 servaveris,
3210 1804 3458 1873 gradum
3508 1804 3725 1859 bonum
3779 1804 3887 1859 tibi

465 1881 600 1953 θμὸν
634 1880 832 1955 ἀγαθὸν
882 1881 1056 1952 ἑαυτῷ
1086 1884 1371 1955 περιποιῇ,
1404 1881 1493 1934 καί
1543 1879 1762 1949 πολλὴν
1810 1881 2114 1957 παῤῥησίαν

508 1968 1537 1985 ....-........-
1722 1969 2060 1985 -.νηη

2235 1892 2499 1963 acquires
2531 1892 2616 1958 ²²ς
2650 1890 3020 1962 multamque
3051 1892 3328 1946 fiduciam
3382 1893 3439 1946 in
3488 1892 3717 1947 Christo
3749 1894 3884 1948 Jesu

866 1974 891 1984 ο

462 1970 559 2037 τήν
594 1968 647 2024 ἐν
683 1974 906 2042 Χριστῴ
954 1971 1137 2039 Ἰησοῦ
1189 1968 1370 2043 Κυρίῳ
1418 1971 1600 2041 ἡμῶν,
1647 1971 1760 2043 μεθ’
1808 1969 1869 2025 οὗ
1906 1975 1985 2043 τῷ
2020 1977 2123 2026 [Ια-

466 2060 551 2133 τρὶ
596 2058 687 2113 σὺν
730 2058 867 2135 ἁγίῳ
910 2059 1186 2131 ΙῙνεύματι
1214 2062 1248 2128 ἡ
1283 2056 1410 2129 δόξα
1464 2059 1539 2121 εἷς
1591 2058 1714 2122 τοὺς
1771 2061 1968 2123 αἱῶνας
2012 2065 2118 2115 τῶν

467 2146 700 2204 αἲώνων.
733 2149 935 2220 Ἀμήν.

2232 1980 2480 2036 Domino
2527 1985 2746 2047 nostro,
2780 1997 2915 2036 cum
2970 1997 3084 2051 quo
3142 1980 3295 2035 Patri
3327 1986 3384 2036 et
3413 1980 3652 2052 Spiritui
3684 1987 3886 2037 sancto

2233 2071 2419 2145 gloria
2449 2071 2510 2125 in
2542 2070 2757 2126 swcula
2788 2069 3157 2125 saaculorum.
3192 2076 3396 2125 Amen.

1529 2384 1602 2440 IN
1644 2382 1956 2449 SEQUENS
1996 2382 2425 2441 OPUSCULUM
2466 2378 2823 2437 MONITUM.

537 2492 765 2545 Brevem
793 2488 936 2544 hanc
960 2489 1090 2543 vitae
1121 2489 1457 2546 monasticis
1488 2490 1924 2547 Institutionem
1955 2492 2304 2563 syntagmati
2340 2491 2587 2560 apposite
2634 2485 2976 2560 subiicimus,
3009 2488 3154 2557 quod
3191 2484 3349 2540 ambo
3379 2484 3620 2555 ejusdem
3667 2498 3894 2556 prorsus

464 2581 580 2635 sint
609 2580 944 2649 argumenti.
977 2579 1213 2649 Sequens
1243 2584 1432 2635 autem
1460 2582 1783 2652 opusculum
1812 2583 2089 2651 inelegans
2118 2584 2198 2636 est
2224 2582 2470 2649 omnino,
2504 2582 2555 2634 et
2585 2596 2619 2633 a
2648 2577 2881 2649 quodam
2912 2577 3162 2634 Graeculo
3194 2576 3484 2631 Athanasii
3511 2577 3732 2631 nomine
3760 2590 3894 2629 con-

467 2670 678 2739 ﬁctam,
709 2671 771 2723 ut
800 2669 980 2739 quivis
1009 2668 1277 2737 eruditus,
1312 2670 1393 2726 vet
1420 2672 1602 2742 primo
1631 2679 1857 2743 aspectu
1886 2671 2251 2728 existimabit.

1315 2943 1565 3041 ΤΟΥ
1646 2945 2241 3042 ΝΙΕΓΑΛΟΥ
2318 2940 3052 3040 ΑΘΑΝΑΣΙΟΥ

1234 3120 1651 3173 ΔΙΑΤΥΠΩΣΙΣ
1719 3123 1850 3173 ΤΩΝ
1917 3118 2283 3177 ΘΕΛΟΝΤΩΝ
2352 3122 2439 3172 ΕΝ
2506 3118 2773 3187 ΗΣΥΧΙᾼ
2838 3116 3133 3171 ΔΙΑΓΕΙΝ.

1668 3360 1987 3449 MAGN
1996 3359 2036 3451 Ι
2108 3359 2702 3451 ATHANASII

973 3501 1420 3565 INSTITUTIO
1464 3504 1739 3566 EORUM
1786 3506 1919 3577 QUI
1964 3506 2043 3566 IN
2090 3505 2380 3578 QUIETE
2421 3504 2671 3565 Vl'l‘AM
2718 3501 2981 3565 AGERE
3024 3501 3388 3563 CUPIUNT.

528 3758 581 3814 4.
613 3760 875 3846 Τοιοῦτος
903 3757 931 3811 6
968 3756 1326 3833 μοναχὸς,καὶ
1349 3756 1493 3813 οὕτω
1514 3759 1626 3834 χρή
1661 3759 1796 3815 εἶναι
1826 3760 1917 3814 τὸν
1956 3779 2113 3832 μονα·
2146 3778 2189 3846 C

462 3846 585 3919 χὸν,
618 3844 961 3921 ἀπεχόμενον
996 3846 1102 3901 ἀπὸ
1149 3848 1357 3922 γηῖνων
1408 3849 1764 3922 πραγμάτωνο
1798 3848 1860 3902 οὐ
1913 3850 2018 3921 μήν
2055 3846 2112 3902 δὲ

464 3933 608 3988 ἀλλά
660 3935 750 3989 καὶ
809 3938 1050 4009 Χριστοῦ
1098 3935 1458 4012 στρατιώτην,
1519 3935 1726 4007 ὰϋλον,
1788 3939 2111 4013 ἀμέριμνον,

464 4023 641 4092 πάσης
694 4032 1176 4100 πραγματευτικῆς
1228 4023 1434 4085 ἐννοίας
1490 4025 1579 4079 καὶ
1639 4025 1883 4101 πράξεως
1939 4024 2111 4087 ἐκτός.

466 4112 552 4169 Ἐν
583 4113 795 4175 τούτοις
842 4115 961 4183 ήτω
1010 4116 1038 4169 ὁ
1091 4114 1359 4189 μοναχὸς,
1408 4112 1644 4186 μάλιστα
1694 4116 1721 4169 6
1768 4122 1940 4169 πᾶσαν
1974 4114 2112 4182 ὕλην

460 4206 557 4255 τοῦ
602 4202 815 4275 κόσμου
871 4201 1070 4257 τούτου
1126 4201 1465 4257 καταλιπών·
1525 4203 1616 4257 καὶ
1673 4204 1759 4257 ἐπὶ
1817 4204 1883 4258 τὰ
1940 4205 2117 4279 ὡραῖα

459 4289 641 4359 κάλλη
674 4299 773 4361 τῆς
806 4291 1043 4367 ἡσυχίας
1087 4294 1121 4361 ἡ
1174 4288 1424 4363 ἄσκησις,
1457 4289 1591 4361 ἡδὺς
1623 4293 1650 4347 6
1687 4293 1824 4368 βίος,
1856 4295 1890 4361 ἠ
1922 4297 2114 4368 πρᾶξις

457 4380 683 4454 τερπνή.
738 4378 932 4434 Βούλει
962 4384 1276 4454 τοιγαροῦν,
1312 4380 1576 4453 ἀγαπητε,
1606 4382 1697 4435 τὸν
1748 4384 1960 4454 μονήρη
2002 4381 2117 4457 βίον

459 4464 768 4541 αναλαϐεῖν,
814 4470 902 4524 καὶ
958 4468 1045 4525 ἐπὶ
1094 4471 1161 4524 τὰ
1207 4476 1309 4538 τῆς
1349 4471 1586 4545 ἡσυχίας
1635 4472 1959 4547 ἀποτρέχειν
1988 4471 2121 4546 τρό-

462 4577 619 4613 παια·
676 4560 806 4636 ἄφες
867 4558 978 4614 ἐκεῖ
1033 4559 1124 4613 τὸν
1183 4558 1389 4632 κόσμον
1450 4560 1542 4614 καὶ
1600 4561 1695 4622 τάς
1762 4565 1860 4615 τοῦ
1912 4560 2123 4633 κόσμου

467 4644 778 4721 φροντίδας,
808 4646 905 4709 τάς
951 4668 1008 4702 τε
1040 4646 1127 4702 ἐπὶ
1174 4649 1380 4702 τούτων
1417 4649 1591 4724 ἀρχάς
1639 4670 1698 4705 τε
1738 4650 1828 4705 καὶ
1861 4649 2125 4721 ἐξουσίας,

464 4736 710 4791 τουτέστι
764 4734 928 4808 μόνος
977 4735 1145 4798 ὰϋλος
1193 4734 1304 4805 ἔσο,
1339 4737 1573 4807 ἀπαθής,
1618 4738 1796 4808 πάσης
1838 4738 2125 4810 ἐπιθυμίας

470 4822 647 4897 ἐκτός,
699 4823 813 4892 ἵνα,
869 4831 972 4893 τῆς
1031 4825 1090 4879 ἐκ
1144 4824 1353 4879 τούτων
1417 4829 1781 4899 περιστάσεως
1831 4825 2129 4903 ἀλλότριος

472 4913 790 4986 γενόμενος,
826 4912 1057 4987 δυνηθῇς
1090 4916 1385 4989 ἡσυχάζειν
1413 4913 1620 4977 καλῶς.
1654 4917 1718 4972 Ei
1770 4918 1847 4988 μὴ
1893 4916 1992 4991 γάρ
2046 4938 2131 4978 τις

473 5001 683 5056 τούτων
733 5003 917 5057 ἑαυτὸν
972 5002 1226 5077 ὑπεξάρῃ,
1280 5001 1379 5057 οὐκ
1427 5002 1485 5057 ἃν
1534 5000 1741 5077 δυνηθῇ
1772 5003 1972 5070 ταύτην
2004 5025 2132 5059 κατ-

480 5095 718 5165 ορθῶσαι
786 5093 887 5161 τήν
935 5089 1216 5146 πολιτείαν
1253 5133 1267 5148 .
1311 5093 1539 5169 Τροφῶν
1598 5093 1849 5167 βραχέων
1904 5094 2134 5169 ἀντέχου

2304 3762 2354 3816 1.
2384 3760 2581 3815 Talem
2612 3766 2668 3816 et
2698 3759 3039 3830 hujusmodi
3073 3762 3300 3830 Oportet
3342 3774 3472 3814 esse
3502 3757 3881 3824 monachum,

2224 3868 2257 3905 a
2287 3850 2535 3906 terrenis
2590 3849 2765 3905 rebus
2798 3850 3213 3917 abstinentem,
3250 3865 3313 3902 ac
3360 3850 3635 3918 praeterea
3665 3846 3884 3902 Christi

2224 3940 2493 4003 militem,
2547 3938 2791 3993 materia
2856 3944 3174 4008 eXpertem,
3236 3936 3734 3992 sollicitudinibus
3784 3954 3882 3991 va-

2223 4045 2421 4096 cuum,
2473 4034 2633 4083 extra
2676 4044 2912 4082 omnem
2963 4028 3331 4097 negotiorum
3381 4026 3790 4097 cogitationem
3826 4030 3886 4080 et

2225 4116 2589 4172 exercitium.
2621 4117 2685 4171 ln
2720 4115 2815 4169 his
2848 4116 2924 4169 sit
2956 4122 3011 4169 et
3041 4116 3209 4184 degat
3262 4115 3606 4183 monachus,
3654 4115 3703 4169 is
3754 4132 3883 4169 rna-

2224 4207 2379 4260 xime
2412 4205 2511 4275 qui
2546 4209 2728 4259 totam
2762 4203 2966 4257 mundi
3004 4205 3179 4273 hujus
3212 4204 3520 4257 materiam
3553 4202 3884 4274 dereliquit.

2229 4294 2445 4350 Omnes
2467 4294 2764 4365 speciosae
2788 4292 3227 4363 pulchritudine
3259 4297 3501 4363 superat
3523 4294 3743 4348 ascesis
3766 4291 3888 4359 illa,

2231 4384 2435 4454 quieta
2466 4388 2522 4437 et
2545 4381 2868 4453 tranquilla
2897 4381 3153 4435 estvita.
3190 4382 3309 4451 Age
3341 4397 3499 4451 ergo,
3534 4380 3895 4447 dilecte,mo-

2233 4471 2519 4526 nasticam
2552 4471 2901 4542 amplectere
2930 4468 3129 4537 vitam,
3164 4474 3220 4523 et
3244 4484 3481 4523 accurre
3512 4468 3581 4523 ad
3608 4467 3710 4523 illa
3733 4470 3896 4539 quie-

2234 4560 2311 4615 tis
2342 4567 2577 4632 tropaza.
2615 4558 2900 4630 Relinque
2932 4558 3011 4613 ibi
3067 4559 3377 4627 mundum,
3420 4558 3745 4629 mundique
3789 4574 3897 4612 cu-

2239 4667 2355 4719 ras,
2391 4650 2724 4704 mundanos
2757 4648 2897 4702 item
2929 4648 3296 4719 principatus
3328 4654 3418 4703 est
3449 4651 3805 4719 potestates;
3838 4646 3898 4701 id

2240 4744 2349 4803 est,
2383 4737 2546 4793 solus
2576 4742 2633 4793 et
2666 4737 2910 4792 materia
2940 4743 3086 4805 esto,
3128 4737 3624 4808 passionibusque
3654 4754 3899 4806 vacuus,

2241 4828 2435 4883 omnis
2467 4842 2675 4897 expers
2724 4826 3023 4892 desiderii,
3069 4830 3135 4880 ut
3186 4843 3386 4880 earum
3420 4842 3615 4881 rerum
3649 4826 3900 4881 circum-

2244 4917 2460 4971 stantia
2491 4916 2738 4984 alienus,
2771 4915 3027 4986 quietam
3062 4915 3241 4986 probe
3270 4915 3452 4970 vitam
3486 4932 3656 4987 agere
3688 4916 3903 4986 possis.

2245 5005 2367 5059 Nisi
2400 5006 2556 5059 enim
2590 5005 2724 5076 quis
2766 5021 2894 5059 esse
2926 5004 3218 5075 ejusmodi
3270 5005 3445 5060 rebus
3476 5005 3714 5070 eximat,
3749 5021 3906 5060 nun-

2248 5110 2425 5165 quam
2460 5094 2715 5165 potuerit
2742 5110 2871 5148 eam
2900 5110 3068 5164 agere
3101 5093 3230 5148 vitae
3264 5094 3572 5147 rationem.
3608 5093 3817 5147 Paucis
3850 5098 3907 5147 et

514 5152 568 5165 ,ε
843 5152 852 5161 -
1360 5152 1368 5166 ι
1439 5152 1449 5169 .
1599 5152 1642 5167 ..
1708 5152 1746 5167 η.
2032 5152 2071 5169 ιχ.

474 5181 564 5234 καὶ
614 5180 1227 5259 εὐκαταφρονήτων,μὴ
1288 5180 1516 5236 πολλῶν
1576 5182 1666 5235 καὶ
1718 5182 2122 5258 εὐπερισυιτάτων1

2246 5183 2459 5237 vilibus
2492 5189 2653 5237 utere
2685 5182 2852 5249 cibis,
2879 5198 2991 5236 non
3016 5198 3151 5237 vero
3197 5181 3472 5252 copiosis,
3506 5186 3563 5235 et.
3594 5181 3773 5251 probe
3805 5198 3905 5251 pa-

476 5270 511 5336 ἢ
567 5268 781 5341 μᾶλλον
828 5269 1224 5346 ἀπεριπάτων.
1280 5271 1403 5328 Ἐὰν
1449 5268 1506 5325 δὲ
1552 5271 1642 5326 καὶ
1700 5273 1775 5333 ὡς
1826 5272 2134 5347 φιλοξενίας

477 5356 636 5433 χάριν
696 5360 819 5432 περὶ
877 5359 945 5414 τὰ
1002 5357 1281 5427 πολυτελῆ
1343 5356 1613 5434 λογισμὸς
1671 5361 1943 5435 γένηται,
2004 5358 2132 5437 ἄφες

474 5451 664 5502 τοῦτον
726 5448 888 5518 ἐκεῖ,
953 5449 1029 5520 μὴ
1088 5447 1236 5510 ὅλως
1313 5450 1540 5522 πεισθῇς
1616 5450 1812 5521 αὐτῷ·
1873 5447 2136 5523 ἐνεδρεύει

478 5536 582 5611 γάρ
642 5559 702 5593 σε
760 5535 851 5593 διὰ
904 5536 1103 5592 τούτου
1138 5538 1166 5593 ὁ
1198 5536 1531 5610 ὑπιναντίος,
1562 5537 1659 5593 τοῦ
1707 5540 2010 5609 ἀποστησαι
2039 5542 2137 5608 τῆς

478 5627 736 5702 ἡσυχίας.

553 5746 599 5781 ²²
628 5746 651 5803 Ι
681 5746 834 5804 Tim.
868 5763 953 5824 ιιι,
983 5746 1071 5802 13.
1152 5832 1155 5835 Ι

2245 5274 2408 5339 ratis,
2434 5273 2553 5327 imo
2589 5272 2783 5343 potius
2806 5271 3071 5342 improbe
3094 5270 3337 5341 paratis.
3368 5270 3528 5335 Quod
3562 5270 3611 5324 si
3644 5269 3906 5340 hospita-

2246 5360 2430 5415 litatis
2462 5378 2640 5416 causa
2692 5368 2750 5415 te
2810 5360 2953 5415 lauti
3008 5360 3119 5414 cibi
3172 5358 3442 5429 cogitatio
3485 5358 3715 5426 subeat,
3748 5359 3903 5415 308

2248 5449 2493 5505 missam
2529 5451 2617 5505 fac
2641 5450 2825 5515 illam,
2860 5465 2966 5503 nec
2999 5464 3237 5519 prorsus
3267 5447 3349 5500 illi
3390 5447 3776 5515 obtemperes.
3811 5447 3873 5502 In

2250 5539 2502 5595 eidiatur
2562 5539 2719 5593 enim
2768 5537 2875 5593 tibi
2926 5554 3027 5609 per
3074 5552 3200 5591 eam
3262 5535 3655 5603 adversarius,
3692 5540 3755 5590 ut
3786 5541 3843 5592 te
3873 5552 3907 5593 a

2252 5627 2450 5701 quieta
2481 5628 2742 5684 retrahat
2772 5628 2908 5683 vita.
