4148 6358
331 373 449 434 847

1507 372 1573 433 S.
1619 368 2148 433 ATHANASIUS.
2171 403 2248 416 —
2271 370 2581 433 SPURIA.

3643 375 3769 436 8l8

396 509 451 562 2.
484 509 628 561 Cave
658 521 729 561 ne
756 503 991 560 divitias
1024 504 1380 577 pauperibus
1439 504 1763 578 erogandae
1808 518 1978 574 expe-

2165 504 2220 560 2.
2269 502 2412 577 "Ope:
2456 502 2531 575 μή
2585 502 2925 578 ἐπιθυμήσῃς
2978 500 3218 559 πλοῦτον
3266 502 3412 581 ἔχειν
3464 506 3592 581 τρὸς
3650 502 3770 560 διά·

327 598 458 664 tas;
493 594 698 650 melior
728 593 885 649 enim
917 610 1111 650 sermo
1156 596 1347 650 bonus
1378 598 1487 660 est,
1532 610 1709 665 quam
1742 594 1987 647 donum.

326 685 431 742 Est
461 685 679 757 quippe
708 682 808 739 illa
837 682 977 738 item
1011 682 1257 755 maligni
1289 683 1470 748 fraus,
1505 699 1623 753 qua
1651 683 1719 738 ad
1750 681 1989 737 inanem

330 773 574 846 gloriam
607 772 954 844 plerumque
998 777 1056 827 et
1112 772 1182 827 ad
1235 771 1483 827 multam
1534 770 1989 843 negotiationem

330 868 586 918 mentem
619 861 880 932 conjicit.
913 860 1276 916 Vestimenta
1306 861 1462 933 quod
1496 864 1744 932 spectat,
1780 875 1851 914 ne
1882 875 1992 914 cu-

335 952 463 1023 pias
496 950 711 1006 multas
741 950 954 1005 habere
985 954 1176 1005 vestes
1204 968 1217 1017 ;
1251 950 1353 1004 sed
1382 965 1480 1004 eos
1511 949 1703 1004 solum
1727 947 1833 1002 tibi
1866 963 1997 1019 pro-

331 1040 464 1096 vide
494 1056 621 1112 quae
654 1038 988 1095 necessitati
1020 1038 1281 1110 corporis
1314 1037 1459 1093 satis
1492 1036 1630 1092 sint.
1666 1037 1728 1092 Si
1760 1036 1868 1091 tibi
1893 1034 1995 1091 ali-

333 1129 554 1185 mentis
604 1133 705 1184 aut
751 1127 1015 1182 vestibus
1070 1127 1148 1182 sit
1181 1143 1348 1196 opus,
1394 1142 1467 1181 ne
1498 1125 1712 1197 pudeat
1746 1141 1813 1180 ea
1842 1124 1993 1180 acci-

334 1235 490 1292 pere,
518 1234 646 1288 quae
678 1217 782 1271 tibi
816 1217 887 1271 ab
942 1214 1073 1270 aliis
1128 1216 1455 1270 offeruntur
1486 1231 1499 1270 :
1543 1219 1629 1269 est
1659 1214 1816 1269 enim
1849 1213 1993 1269 illud

332 1306 630 1381 quoddam
663 1306 950 1377 superbiae
983 1321 1192 1377 genus.
1237 1304 1401 1367 Quod
1459 1304 1509 1359 si
1540 1303 1647 1359 tibi
1680 1303 1900 1374 aliquid
1932 1303 1993 1358 in

330 1398 493 1453 hisce
525 1394 889 1467 superﬂuum
922 1393 1118 1461 fuerit,
1142 1394 1215 1448 da
1244 1409 1445 1465 egeno.
1476 1393 1635 1448 Hanc
1669 1399 1819 1447 Deus
1844 1391 1995 1447 ﬁlios

332 1500 472 1540 suos
500 1484 625 1541 vult
652 1482 1036 1539 oeconomiam
1069 1497 1318 1538 servare.
1355 1482 1503 1536 Cum
1539 1482 1808 1553 przesenti
1840 1485 1992 1536 tem-

331 1590 472 1646 pore
506 1573 837 1629 necessaria
869 1575 1210 1643 suppetunt,
1244 1587 1316 1625 ne
1350 1570 1530 1625 futuri
1563 1569 1847 1641 temporis
1876 1568 1993 1623 sol-

333 1660 638 1717 licitudem
670 1678 861 1733 geras,
898 1677 971 1716 ne
1021 1661 1194 1716 unius
1224 1659 1461 1729 quidem
1494 1658 1608 1714 diei
1640 1663 1743 1713 aut
1775 1658 1991 1713 hebdo-

338 1750 531 1806 madis
566 1767 579 1806 :
627 1751 697 1804 de
730 1749 1001 1821 praesenti
1047 1748 1239 1804 solum
1288 1764 1473 1803 cura:
1512 1747 1708 1819 ipsum
1753 1750 1993 1819 tempus

339 1839 451 1895 sibi
484 1840 818 1896 necessaria
846 1838 1271 1911 suppeditabit.
1304 1837 1409 1892 Sed
1444 1838 1502 1892 in
1546 1835 1752 1909 primis
1803 1852 1993 1908 quaere

336 1945 583 2001 regnum
616 1927 917 1984 caelorum.
950 1928 1136 1983 Tuam
1161 1943 1395 1997 semper
1417 1925 1734 1982 utilitatem
1767 1930 1989 1995 curato,

337 2022 394 2073 et
425 2017 631 2088 quietae
675 2016 802 2072 vitae
855 2015 1095 2071 modum
1126 2014 1232 2070 tibi
1273 2014 1581 2071 constitue.
1615 2014 1695 2070 Ne
1724 2030 1857 2069 cum
1886 2014 1991 2070 ho-

337 2105 599 2161 minibus
644 2104 902 2161 materiae
934 2104 1171 2171 deditis,
1205 2108 1265 2159 et
1294 2102 1448 2159 ultro
1481 2102 1745 2175 citroque
1776 2103 1993 2159 distra-

334 2194 443 2251 ctis
473 2194 705 2250 habites
738 2213 751 2250 :
787 2193 871 2249 vel
901 2194 1065 2249 solus
1091 2193 1316 2261 habita,
1352 2197 1454 2248 aut
1484 2209 1615 2248 cum
1650 2191 1993 2249 hominibus

332 2282 576 2340 materia
606 2283 942 2355 expertibus
972 2287 1031 2338 et
1061 2288 1254 2337 tecum
1286 2282 1811 2338 consentientibus.
1843 2281 1990 2336 Nam

329 2375 429 2443 qui
460 2388 594 2428 cum
619 2371 963 2428 hominibus
996 2370 1252 2426 materia:
1284 2370 1520 2441 deditis,
1544 2375 1601 2425 et
1623 2369 1775 2425 ultro
1807 2370 1985 2425 citro-

327 2478 441 2533 que
470 2462 768 2517 distractis
798 2460 1049 2530 habitat,
1074 2460 1125 2515 is
1154 2476 1396 2531 prorsus
1420 2476 1622 2515 eorum
1656 2459 1986 2515 distractio-

327 2550 421 2608 nis
454 2550 750 2623 particeps
808 2551 939 2618 erit,
972 2549 1371 2620 humanisque
1426 2549 1637 2605 serviet
1666 2548 1983 2618 mandatis,

327 2640 615 2695 obnoxius
647 2638 812 2695 vanis
861 2638 1471 2706 sermocinationibus,
1515 2637 1765 2709 aliisque
1810 2637 1984 2693 malis

263 2802 269 2808 _
328 2729 628 2798 omnibus,
663 2729 782 2798 iraa,
818 2727 1069 2797 maerori,
1102 2727 1497 2783 materialium
1547 2743 1744 2782 rerum
1778 2727 1983 2784 insano

330 2818 538 2888 amori,
572 2818 751 2874 metui
795 2817 1233 2884 scandalorum,
1265 2815 1769 2888 patrimonialium
1802 2816 1981 2872 hono-

329 2923 461 2962 rum
491 2904 1016 2977 sollicitudinibus,
1032 2909 1414 2979 cognatorum
1447 2904 1741 2961 amicitiis.
1766 2904 1982 2961 Eorum

327 2996 526 3068 itaque
556 2997 917 3052 consortium
948 2996 1162 3063 devita,
1197 3011 1270 3050 ne
1312 2995 1457 3051 forte
1488 2998 1653 3050 tuam
1679 2993 1738 3050 in
1772 2993 1984 3051 cellula

326 3085 584 3158 quietem
620 3084 904 3152 adimant,
936 3090 994 3141 et
1024 3086 1096 3141 ad
1129 3101 1237 3141 sua
1270 3084 1427 3141 ultra
1458 3084 1718 3156 citroque
1753 3083 1983 3157 negotia

324 3174 689 3247 pertrahant.

2101 588 2247 645 δοσιν
2279 595 2385 645 τῶν
2419 593 2691 662 πενήτων’
2742 597 2989 669 κρεῖσσον
3030 592 3130 668 γὰρ
3183 590 3346 668 λόγος
3394 593 3596 668 ἀγαθὸς
3632 594 3764 671 ὑπὲρ

2101 677 2263 752 δόμα·
2314 676 2425 735 ἔστι
2468 681 2568 756 γὰρ
2626 680 2716 735 καὶ
2763 679 2897 751 αὕτη
2949 680 3130 752 ἀπάτη
3189 686 3287 737 τοῦ
3338 687 3586 759 πονηροῦ
3624 685 3765 758 πρὸς

2100 766 2404 839 κενοδοξίαν
2435 767 2709 831 πολλάκις
2742 769 2831 824 καὶ
2883 770 2961 831 εἷς
3012 769 3554 846 πολυπραγμοσύνης
3586 771 3766 827 αἰτίαν

2101 852 2456 930 ἐμϐάλλουσα
2483 859 2574 912 τὸν
2599 863 2745 915 νοῦν.
2781 860 2912 936 Περὶ
2964 857 3021 914 δὲ
3068 860 3327 931 ἱματίων,
3364 862 3439 933 μὴ
3486 859 3766 934 ἐπιθυμή-

2102 968 2197 1019 σῃς
2228 945 2414 1002 πολλά
2445 944 2590 1024 ἔχειν
2623 947 2833 1021 ἱμάτια⁹
2866 946 3013 1004 ἀλλὰ
3057 949 3125 1004 τὰ
3162 949 3431 1021 ἀρκοῦντα
3480 953 3548 1023 τῇ
3599 949 3768 1028 ἀνάγ-

2102 1040 2171 1109 κῃ
2201 1039 2300 1090 τοῦ
2343 1034 2597 1109 σώματος
2649 1037 2788 1110 μόνα
2834 1041 3095 1111 προνοοῦ.
3146 1038 3268 1093 Ἐὰν
3319 1035 3411 1112 δὲῃ
3455 1043 3675 1115 τροφῶν
3726 1039 3762 1110 ἢ

2102 1121 2360 1195 ἱματίων,
2397 1125 2473 1198 μὴ
2520 1125 2820 1200 αἰσχυνθῇς
2858 1126 2926 1181 τὰ
2973 1127 3103 1201 παρ’
3155 1125 3352 1202 ἒτέρων
3394 1148 3480 1182 σοι
3527 1148 3766 1207 προσφε-

2105 1214 2308 1289 ρόμενα
2353 1208 2560 1269 λαϐεῖν·
2606 1219 2770 1269 τοῦτο
2823 1216 2927 1290 γάρ
2978 1213 3117 1271 ἐστιν
3173 1215 3543 1293 ὑπερηφανίας
3593 1215 3764 1281 εἶδος.

2106 1303 2227 1358 Ἐὰν
2288 1299 2344 1357 δὲ
2392 1302 2480 1357 καὶ
2538 1302 2699 1365 αὐτὸς
2745 1302 2796 1358 ἐν
2847 1303 3064 1365 τούτοις
3110 1303 3452 1379 περισσεύῃς,
3502 1302 3655 1361 δίδου
3688 1311 3767 1379 τῷ

2106 1390 2505 1466 ὑστερουμένῳ·
2560 1392 2734 1455 οὕτως
2786 1394 2814 1448 ὁ
2862 1392 2993 1455 Θεὸς
3042 1393 3170 1455 τοὺς
3216 1394 3408 1449 ἑαυτοῦ
3455 1392 3653 1457 παῖδας
3685 1396 3767 1450 οἷ-

2101 1482 2455 1552 κονομεῖσθαι
2504 1481 2783 1555 βούλεται.
2840 1485 3029 1557 νΕχων
3076 1486 3175 1537 τοῦ
3233 1482 3523 1545 ἐνεστῶτος
3573 1488 3767 1561 καιροῦ

2099 1570 2168 1624 τὰ
2198 1568 2406 1637 δέοντα,
2440 1570 2516 1632 είς
2566 1572 2659 1626 τὸν
2708 1568 2983 1644 μέλλοντα
3032 1572 3111 1643 μή
3165 1573 3508 1647 μεριμνήσῃς
3550 1573 3763 1646 καιρὸν,

2103 1659 2218 1713 οἷον
2277 1657 2486 1735 ἡμέρας
2546 1665 2692 1732 μιᾶς,
2752 1661 2787 1729 ἢ
2848 1655 3175 1731 ἑϐδομάδος,
3236 1661 3271 1729 ἢ
3322 1661 3429 1733 μὴν
3474 1659 3766 1725 ἐνεστῶτος

2101 1753 2313 1824 καιροῦ·
2375 1748 2534 1811 αὑτὸς
2590 1751 2618 1805 ὑ
2672 1751 2861 1823 καιρὸς
2932 1750 3333 1826 ἐπιχορηγήσει
3401 1749 3469 1805 τὰ
3528 1748 3714 1806 δέοντα
3748 1795 3762 1809 .

2102 1836 2277 1894 Ἀλλὰ
2311 1836 2524 1911 μᾶλλον
2557 1840 2706 1909 ζήτει
2754 1838 2996 1911 μάλιστα
3039 1840 3140 1909 τήν
3188 1837 3462 1913 βασιλείαν
3512 1846 3620 1896 τῶν
3663 1840 3761 1897 οὑ-

2104 1930 2300 1999 ρανῶν.
2346 1930 2465 1997 Τῆς
2514 1929 2704 1983 ἑαυτοῦ
2756 1926 3020 2006 ὠφελείας
3066 1932 3299 1984 πάντοτε
3346 1930 3618 2006 φρόντιζε,
3668 1931 3759 1986 καὶ

2102 2015 2191 2070 τὸν
2242 2022 2342 2085 τῆς
2394 2015 2631 2091 ἡσυχίας
2691 2022 2983 2093 περιποιοῦ
3039 2018 3265 2094 τρόπον.
3325 2018 3414 2087 Μὴ
3473 2017 3762 2095 ἀγαπήσῃς

2103 2105 2321 2174 οἰκῆσαι
2377 2108 2510 2179 μετὰ
2556 2105 2858 2182 ἀνθρώπων
2912 2104 3116 2162 ὑλικῶν
3165 2106 3253 2162 καὶ
3287 2106 3759 2183 ἐμπερισπάστων·

2100 2194 2136 2262 ἢ
2174 2194 2338 2267 μόνος
2371 2190 2529 2266 οἷ’κει,
2561 2194 2597 2263 ἢ
2634 2195 2767 2267 μετὰ
2796 2195 3098 2272 ἀνθρώπων
3143 2192 3323 2251 ἆὺλων
3371 2196 3461 2250 καὶ
3512 2196 3758 2275 ὑμοφρό-

2098 2301 2224 2335 νων’
2259 2282 2287 2336 ὁ
2336 2282 2439 2357 γὰρ
2495 2283 2629 2355 μετὰ
2670 2283 2969 2360 ἀνθρώπων
3023 2283 3225 2340 ὑλικῶν
3278 2282 3369 2339 καὶ
3419 2283 3757 2361 ἐμπερισπά-

2100 2393 2237 2426 στων
2272 2370 2461 2445 οἰκῶν,
2493 2374 2706 2436 πάντως
2737 2375 3063 2444 κοινωνήσει
3110 2374 3200 2428 καὶ
3250 2373 3413 2435 αὐτὸς
3449 2378 3516 2448 τῇ
3547 2374 3756 2429 τούτων

2095 2462 2454 2536 περιστάσει,
2512 2461 2602 2516 καὶ
2663 2459 2944 2517 δουλεύσει
3000 2461 3364 2538 ἀνθρωπίναις
3424 2461 3751 2538 ἐπιταγαῖς,

2097 2549 2319 2612 λαλιαῖς
2366 2571 2425 2605 τε
2478 2550 2748 2624 ματαίαις,
2796 2552 2888 2606 καὶ
2937 2557 3054 2614 τοῖς
3097 2550 3291 2613 ἄλλοις
3334 2553 3497 2606 ἅπασι
3531 2550 3753 2622 δεινοῖς,

2095 2638 2255 2714 ὀργῇ,
2288 2638 2457 2714 λύπῃ,
2492 2640 2654 2712 μανίᾳ
2681 2644 2788 2695 τῶν
2842 2639 3011 2709 ὑλῶν,
3045 2636 3203 2717 φόϐῳ
3249 2645 3357 2695 τῶν
3410 2639 3754 2712 σκανδάλων,

2094 2733 2340 2802 γονικαῖς
2394 2728 2702 2803 μερίμναις,
2755 2734 3093 2803 συγγενικαῖς
3143 2727 3371 2804 φιλίαις.
3420 2728 3596 2787 Ἀλλὰ
3643 2730 3748 2806 γὰρ

2091 2822 2192 2886 τῆς
2249 2818 2386 2891 πρὸς
2438 2818 2666 2880 τούτους
2725 2817 3014 2893 συντυχίας
3068 2822 3356 2892 παραιτοῦ,
3419 2817 3634 2890 μήποτέ
3690 2840 3749 2874 σε

2094 2904 2405 2961 ἀπολέσωσι
2432 2913 2534 2975 τῆς
2565 2905 2619 2961 ἐν
2663 2910 2743 2979 τῷ
2784 2905 2993 2979 κελλίῳ
3039 2905 3300 2983 ἡσυχίας,
3349 2906 3440 2963 καὶ
3489 2907 3614 2985 περὶ
3650 2909 3748 2970 τὰς

2093 2995 2299 3050 ἑαυτῶν
2331 2995 2672 3072 περιστάσεις
2703 2993 3000 3071 ἀγάγωσιν.

394 3283 446 3339 3.
483 3281 543 3338 Si
577 3298 749 3354 porro
778 3280 989 3338 cellula
1030 3281 1090 3335 in
1152 3297 1270 3353 qua
1307 3279 1473 3352 degis
1521 3280 1983 3352 circumquaque

2166 3284 2219 3337 3.
2252 3279 2374 3336 Ἐὰν
2410 3275 2468 3334 δὶ
2496 3276 2585 3334 καὶ
2634 3278 2697 3334 τὸ
2751 3277 2975 3336 κελλίον
3020 3279 3073 3336 ἐν
3106 3281 3152 3354 ᾧ
3199 3283 3398 3358 καθέζῃ
3439 3281 3755 3351 εὐπερίστα-

324 3386 553 3425 ammna
583 3371 681 3438 sit,
720 3371 856 3442 fuge
881 3370 955 3425 ab
988 3368 1111 3435 illa,
1131 3386 1204 3425 ne
1225 3385 1451 3441 parcas,
1477 3385 1549 3425 ne
1582 3370 1831 3425 fortasse
1853 3371 1983 3440 ejus

326 3475 525 3515 amore
557 3458 916 3530 pertrahere.
950 3457 1110 3514 Nihil
1142 3474 1258 3514 non
1302 3473 1430 3530 age,
1478 3457 1625 3513 nihil
1679 3475 1795 3514 non
1847 3475 1983 3531 ope-

328 3564 477 3615 rare,
509 3553 576 3604 ut
606 3548 799 3618 possis
847 3548 1055 3619 quietae
1102 3550 1160 3603 et
1200 3546 1530 3619 tranquillas
1577 3547 1707 3602 vita:
1756 3565 1981 3615 vacare,

329 3641 505 3707 atque
535 3642 831 3702 curare,ut
851 3637 1023 3708 juxta
1042 3636 1144 3692 Dei
1172 3634 1531 3692 voluntatem
1566 3636 1833 3709 degas,et
1846 3653 1982 3693 cum

330 3726 728 3783 invisibilibus
758 3724 1016 3781 inimicis
1048 3741 1292 3798 pugnes.
1324 3725 1385 3781 Si
1417 3741 1531 3780 non
1574 3730 1740 3797 potes
1769 3727 1829 3781 in
1860 3727 1980 3782 tuis

330 3816 598 3888 partibus
625 3814 941 3888 tranquille
970 3818 1027 3869 et
1073 3815 1267 3885 quiete
1297 3815 1523 3886 degere,
1565 3815 1818 3871 transfer
1847 3832 1979 3887 pro-

333 3905 591 3977 positum
622 3910 791 3959 tuum
822 3906 896 3960 ad
926 3902 1475 3976 hospitalitatem,in
1497 3919 1745 3975 eamque
1767 3903 1984 3976 cogita-

329 3993 521 4050 tiones
536 3998 667 4049 tuas
684 3994 1129 4066 quamprimum
1151 3993 1530 4064 repone.Esto
1553 3992 1709 4048 velut
1737 3992 1979 4064 quidam

328 4081 587 4154 Optimus
618 4083 963 4155 negotiator,
996 4081 1096 4152 qui
1135 4082 1336 4137 omnia
1367 4082 1441 4137 ad
1488 4081 1745 4153 quietam
1799 4081 1977 4138 vitam

325 4172 536 4244 prohat
562 4176 621 4229 et
649 4171 923 4239 ordinat;
968 4176 1025 4227 et
1051 4187 1179 4243 quae
1209 4169 1529 4242 tranquilla
1557 4175 1615 4226 et
1643 4170 1811 4227 utilia
1839 4177 1981 4228 sunt

323 4261 622 4333 perquirit.
655 4262 935 4317 Caeterum
970 4262 1101 4317 dico
1130 4259 1257 4329 tibi,
1294 4258 1748 4332 hospitalitatem
1779 4260 1975 4333 dilige,

322 4366 459 4406 nam
506 4350 717 4406 liberat
763 4355 820 4406 te
862 4367 895 4406 a
939 4349 1176 4406 casibus
1206 4350 1265 4404 in
1308 4350 1543 4422 regione
1575 4354 1678 4405 tua
1705 4350 1977 4407 obvenire

320 4439 533 4509 solitis,
566 4440 791 4513 tibique
821 4443 1063 4512 praestat
1095 4442 1160 4494 ut
1192 4438 1402 4511 quietae
1429 4443 1485 4495 et
1526 4439 1858 4510 tranquillae
1889 4440 1975 4495 vi-

2090 3389 2185 3425 τον
2212 3368 2274 3443 ᾖ,
2307 3372 2491 3447 φεῦγε,
2521 3369 2613 3423 καὶ
2664 3367 2830 3424 αὐτοῦ
2884 3370 2960 3442 μὴ
3013 3370 3186 3449 φείσῃ,
3232 3373 3308 3445 μή
3360 3370 3627 3448 ἓλκυσθῇς
3676 3373 3755 3435 εἷς

2095 3457 2306 3533 ἀγάπην
2365 3457 2550 3513 αὑτοῦ.
2605 3455 2784 3513 Πάντα
2840 3458 3008 3529 ποίει,
3068 3461 3241 3514 πάντα
3297 3459 3497 3534 πράττε
3528 3503 3543 3529 ,
3602 3459 3753 3523 ὅπως

2095 3544 2327 3621 δυνηθῇς
2356 3548 2653 3623 ἡσυχάσαι,
2704 3547 2795 3603 καὶ
2843 3546 3135 3623 σχολάσαι,
3185 3548 3274 3604 καὶ
3325 3545 3623 3603 σπουδάσαι
3670 3570 3754 3623 γε·

2090 3637 2268 3691 νὲσθαι
2318 3635 2369 3691 ἐν
2415 3641 2532 3699 τοῖς
2580 3641 2679 3692 τοῦ
2728 3641 2864 3692 Θεοῦ
2913 3635 3206 3709 θελήμασι,
3257 3637 3347 3690 καὶ
3396 3634 3447 3689 ἐν
3495 3639 3565 3709 τῇ
3600 3634 3747 3709 πάλῃ

2088 3728 2195 3779 τῶν
2227 3724 2495 3801 ἀοράτων.
2529 3724 2593 3783 Εἰ
2629 3726 2705 3799 μή
2739 3723 2953 3780 δύνασαι
2988 3721 3191 3799 ῥᾳδίως
3222 3724 3497 3799 ἠσυχάσαι
3544 3722 3595 3777 ἐν
3627 3729 3746 3785 τοῖς

2090 3819 2206 3877 σοῖς
2242 3814 2449 3891 μέρεσι,
2480 3812 2573 3877 δός
2623 3835 2718 3869 σου
2768 3812 2856 3868 ἐπὶ
2906 3812 3156 3883 ξενιτείαν
3204 3813 3304 3882 τήν
3346 3811 3620 3889 πρόθεσιν,
3652 3812 3746 3868 καὶ

2090 3902 2178 3958 ἐπὶ
2208 3903 2409 3975 ταύτην
2436 3901 2769 3960 κατάσπευδέ
2799 3924 2894 3958 σου
2932 3902 3021 3958 τὸν
3073 3900 3359 3977 λογισμόν·
3393 3907 3551 3978 γενοῦ
3582 3904 3746 3967 καθά-

2087 4014 2187 4068 περ
2244 4015 2327 4056 τις
2404 3993 2827 4069 πραγματευτὴς
2896 3991 3114 4069 ἄριστος
3148 4038 3165 4065 ,
3222 3993 3291 4048 τὰ
3358 3993 3534 4048 πάντα
3605 3992 3743 4069 πρὸς

2089 4084 2323 4159 ἡσυχίαν
2353 4081 2687 4157 δοκιμάζων,
2737 4082 2828 4139 καὶ
2876 4083 2959 4137 τὰ·
2989 4082 3125 4157 πρὸς
3173 4082 3375 4153 ταύτην
3421 4081 3608 4159 ἥσυχα
3653 4080 3744 4137 καὶ

2088 4176 2370 4249 χρήσιμα.
2417 4170 2571 4241 Πλὴν
2619 4170 2764 4247 λέγω
2816 4193 2922 4244 σοι,
2978 4171 3231 4242 ξενιτείαν
3282 4172 3465 4246 ἀγάπα
3497 4188 3510 4202 ⁶
3567 4172 3744 4226 ἀπαλ-

2090 4261 2272 4317 λάττει
2315 4261 2419 4338 γάρ
2463 4281 2521 4316 σε
2562 4265 2671 4315 τῶν
2712 4260 2849 4315 κατᾶ
2895 4261 2993 4328 τήν
3046 4257 3186 4313 ἰδίαν
3241 4260 3428 4333 χώραν
3483 4259 3746 4331 περιστά-

2088 4372 2247 4422 σεων,
2303 4350 2392 4405 καὶ
2446 4353 2544 4416 τῆς
2600 4348 2737 4402 κατὰ
2795 4348 2896 4414 τήν
2951 4345 3187 4420 ἡσυχίαν
3247 4344 3515 4420 ὠφελείας
3579 4345 3745 4417 μόνον

2085 4437 2380 4495 ἀπολαύειν
2422 4440 2591 4491 ποιεῖ.
2640 4434 2742 4495 Τὰς
2792 4432 2844 4487 ἐν
2893 4432 3052 4487 πόλει
3105 4427 3384 4506 διατριϐάς
3435 4436 3621 4509 φεῦγε,
3653 4430 3742 4486 καὶ

318 4533 392 4585 ιω
417 4528 675 4585 utilitate
708 4530 1032 4602 perfruare.
1056 4528 1215 4601 Fuge
1236 4544 1431 4585 moras
1463 4528 1522 4584 in
1556 4528 1809 4595 civitate,
1827 4535 1886 4587 et
1914 4529 1974 4585 in

2096 4528 2137 4583 ἓν
2196 4526 2389 4600 ἐρήμῳ
2443 4521 2799 4597 καρτέρησον,
2853 4521 2899 4575 εἰ
2959 4517 3182 4575 δυνατὸν
3238 4521 3303 4575 τὸ
3355 4518 3615 4584 καθόλου.
3647 4518 3741 4581 Είς

319 4634 511 4674 eremo
542 4634 868 4690 persevera,
900 4617 951 4674 si
982 4618 1106 4673 ﬁeri
1151 4617 1389 4672 omnino
1429 4618 1635 4688 possit.
1672 4618 1733 4673 In
1768 4619 1969 4674 urbem

2096 4616 2242 4671 πόλιν
2300 4614 2376 4687 μὴ
2431 4612 2771 4685 ἀπαντήσῃςσ
2807 4607 2961 4665 οὐδὲν
3016 4610 3118 4686 γάρ
3178 4607 3481 4685 εὔχρηστον
3515 4654 3530 4678 ,
3591 4607 3747 4664 οὐδὲν

318 4722 392 4762 ne
424 4707 669 4763 accedas
703 4722 714 4759 :
751 4705 898 4760 nihil
933 4705 1091 4761 enim
1124 4704 1287 4771 utile,
1321 4704 1469 4761 nihil
1500 4710 1600 4761 tuo
1644 4707 1776 4763 vitae
1807 4708 1975 4762 insti-

2096 4702 2370 4779 ὠφέλιμον
2401 4704 2469 4775 τῇ
2516 4697 2771 4771 πολιτείᾳ
2824 4720 2920 4755 σου
2965 4698 3076 4754 ἐκεῖ
3121 4698 3300 4772 θεάσῃ.
3336 4699 3427 4767 Μὴ
3462 4695 3743 4773 δειλιάσῃς

315 4798 445 4851 tuto
471 4795 838 4851 fructuosum
871 4793 991 4849 illic
1021 4793 1366 4866 conspicies.
1400 4794 1482 4851 Nc
1530 4794 1740 4851 timeas
1789 4810 1978 4866 neque

2096 4796 2227 4868 ἦχον
2261 4791 2461 4857 αὐτῶν,
2507 4792 2542 4859 ἢ
2570 4791 2836 4863 πτοηθῇς·
2890 4784 3032 4862 μηδὲ
3076 4788 3364 4867 ὰποφύγῃς
3411 4788 3474 4842 τὸ
3522 4785 3741 4842 στάδιον

316 4883 598 4940 formides
630 4900 829 4939 earum
863 4899 1059 4939 rerum
1093 4882 1379 4949 sonitum,
1412 4899 1605 4956 neque
1646 4883 1917 4955 aufugias
1943 4899 1978 4938 a

2096 4890 2184 4953 τῆς
2217 4888 2315 4952 σῆς
2350 4878 2638 4959 ὡφελείας.
2689 4873 2942 4957 Ἀφόϐως
2992 4878 3312 4951 ὑπόμεινον,
3355 4876 3444 4933 καὶ
3494 4875 3616 4951 ύψει
3644 4879 3743 4931 τοῦ

315 4973 510 5029 stadio
543 4971 819 5029 utilitatis
848 4977 982 5028 tua.
1011 4972 1248 5044 Absque
1280 4973 1492 5028 timore
1522 4971 1771 5042 sustine,
1804 4978 1861 5028 et
1889 4972 1976 5027 vi-

314 5062 481 5120 debis
502 5062 604 5119 Dei
638 5062 1132 5135 magnitudinem,
1158 5062 1359 5118 omnia
1378 5062 1601 5119 scilicet
1622 5061 1733 5120 alia
1765 5061 1975 5120 salutis

316 5152 487 5226 signa
516 5156 575 5209 et
601 5150 1127 5208 manifestationes.

382 5261 435 5315 4.
468 5259 703 5316 Amicos
733 5259 782 5315 si
815 5258 1029 5328 habes;
1052 5257 1187 5331 fuge
1222 5274 1424 5314 eorum
1470 5258 1803 5330 frequentes
1834 5276 1973 5316 con-

313 5346 704 5405 fabulationes
729 5365 743 5416 ;
776 5347 826 5403 si
847 5348 1001 5404 enim
1023 5363 1258 5419 perraro
1290 5346 1624 5417 colloquare
1645 5364 1780 5404 cum
1806 5349 1971 5421 ipsis,

310 5441 513 5509 gratus
543 5437 660 5493 Deo
687 5436 824 5493 eris.
849 5437 1012 5503 Quod
1036 5435 1084 5492 si
1117 5435 1573 5508 deprehendesis
1606 5452 1709 5507 per
1739 5453 1836 5493 eos
1866 5438 1973 5493 tibi

311 5525 594 5582 damnum
624 5525 918 5594 obvenire,
952 5542 1023 5581 ne
1053 5540 1295 5596 prorsus
1323 5524 1566 5580 accedas
1598 5526 1669 5580 ad
1703 5524 1976 5583 illos.Par

314 5615 530 5687 quippe
557 5619 644 5670 est
672 5615 892 5670 amicos
928 5619 980 5669 te
1011 5614 1225 5669 habere
1258 5612 1356 5684 qui
1392 5618 1489 5668 tuo
1535 5612 1670 5669 vitae
1700 5615 1973 5671 instituto

313 5702 487 5760 utiles
517 5719 584 5761 ac
628 5702 808 5759 dediti
839 5701 977 5759 sint.
1012 5701 1171 5774 Fuge
1204 5700 1593 5772 malignorum
1626 5707 1685 5759 et
1732 5709 1971 5761 conten-

2085 4976 2222 5030 Θεοῦ
2250 4972 2317 5027 τὰ
2351 4969 2639 5047 μεγαλεῖα,
2688 4970 2788 5038 τήν
2841 4966 3022 5039 ἄλλην
3070 4969 3280 5024 ἅπασαν
3332 4966 3420 5021 ἐπὶ
3470 4964 3741 5041 σωτηρίαν

2085 5060 2487 5141 πληροφορίαν.

2154 5265 2208 5320 4.
2257 5260 2377 5315 Ἐὰν
2425 5257 2621 5336 φίλους
2666 5254 2805 5332 ἔχῃς
2832 5298 2846 5325 ,
2894 5257 3059 5333 φεῦγε
3106 5251 3314 5307 τούτων
3359 5248 3454 5311 τὰς
3499 5254 3741 5326 συνεχεῖς

2085 5348 2396 5426 συντυχίας·
2451 5344 2539 5401 διὰ
2589 5347 2800 5420 μακροῦ
2848 5341 2954 5418 γὰρ
3001 5340 3208 5426 αὐτοῖς,
3234 5336 3615 5414 συντυγχάνων
3653 5336 3740 5391 εὑ-

2082 5425 2345 5515 χάριστος
2377 5433 2493 5510 ἔσῃ.
2552 5435 2675 5491 Ἐὰν
2718 5430 2777 5487 δὲ
2820 5431 3162 5503 κατανοήσῃς
3194 5425 3284 5483 διὰ
3328 5426 3536 5483 τούτων
3564 5426 3741 5482 αὐτῶν

2087 5513 2300 5605 βλάϐην
2349 5546 2434 5581 σοι
2482 5522 2796 5599 γινομένην,
2837 5517 3101 5594 μηδόλως
3141 5516 3381 5594 ἐγγίσῃς.
3416 5513 3615 5605 φίλους
3640 5514 3741 5593 γὰρ

2083 5603 2230 5693 ἔχειν
2265 5636 2322 5670 σε
2352 5614 2465 5690 χρὴ
2514 5612 2641 5675 τοὺς
2692 5609 3008 5689 ὠφελίμους
3046 5606 3135 5662 καὶ
3185 5603 3744 5681 συλλαμϐανομένους

2081 5710 2149 5780 τῇ
2182 5708 2251 5779 σῇ
2282 5701 2558 5774 πολιτείᾳ.
2594 5703 2770 5778 Φεῦγε
2796 5703 2904 5756 τῶν
2953 5701 3210 5773 πονηρῶν
3258 5694 3470 5773 ἀνδρῶν
3525 5695 3615 5751 καὶ
3663 5714 3745 5762 μα
