4148 6356
374 437 494 497 849

373 571 558 645 χίμων
597 571 700 640 τὴν
761 567 1052 644 συντυχίαν
1089 585 1103 599 θ

374 659 520 715 ἀλλὰ
569 661 670 735 γὰρ
727 658 816 713 καὶ
873 659 968 718 τὰς
1023 657 1230 736 φαύλας
1283 659 1458 714 αὐτῶν
1503 659 1784 734 προθέσεις
1836 681 2034 734 παραι-

373 751 508 800 τοῖν.
544 742 766 821 ’Ἄνδρες
818 745 1083 814 εἷρηνικοὶ
1135 743 1384 824 ἀδελφοὶ,
1417 747 1505 800 καὶ
1545 747 1903 818 πνευματικοὶ
1936 769 2036 802 πα-

372 834 521 911 τέρες
571 837 736 912 ἅγιοι,
792 830 1030 888 ἔστωσαν
1083 832 1234 911 φίλοι
1282 857 1388 892 σοι.
1439 837 1532 904 Μὴ
1589 837 1721 908 μετᾶ
1752 857 2032 908 περισπω-

378 925 545 996 μένων
581 922 930 995 συναυλίάου,
969 921 1110 996 μηδὲ
1159 923 1461 996 συμπόσιον
1513 919 1650 999 ἔχῃς
1688 927 1801 997 μετ’
1834 925 2029 980 αὐτῶν·

375 1014 589 1087 μήποτὲ
621 1035 678 1068 σε
737 1011 858 1089 περὶ
915 1012 1008 1074 τὰς
1071 1013 1273 1066 ἑαυτῶν
1335 1013 1538 1075 ἀπάτας
1588 1013 1878 1081 ἱλκῦσωσι,
1939 1015 2030 1069 καὶ

367 1109 468 1172 τῆς
493 1103 631 1157 κατά
684 1103 782 1170 τήν
835 1102 1072 1177 ἡσυχίαν
1127 1099 1434 1174 ἐπιστήμης
1489 1102 1851 1178 ἀπαγάγωσιν.
1905 1104 2025 1157 Ἐὰν

369 1187 427 1245 δέ
455 1212 537 1252 τις
565 1195 672 1245 τῶν
705 1191 840 1245 κατᾶ
891 1190 990 1258 τὴν
1042 1188 1254 1265 ἀγάπην
1298 1194 1394 1244 τοῦ
1443 1195 1574 1245 Θεοῦ
1624 1193 2026 1266 πορευομένων,

370 1278 544 1343 ἐλθὼν
578 1280 712 1355 πρὸς
745 1280 824 1347 σὲ,
855 1279 942 1333 ἐπὶ
995 1278 1059 1333 τὸ
1108 1285 1298 1356 φαγεῖν
1351 1277 1795 1356 προσκαλέσηταί
1830 1303 1907 1349 σε,
1940 1280 2032 1335 καί

375 1368 539 1443 θέλῃς
594 1369 833 1445 ὑπάγειν,
867 1368 1040 1443 ὕπαγε
1092 1369 1211 1439 μὲν,
1260 1369 1454 1443 τάχιον
1505 1366 1562 1424 δὲ
1618 1368 1669 1424 ἐν
1721 1375 1798 1442 τῷ
1823 1368 2030 1442 κελλίῳ

372 1476 470 1509 σου
509 1455 824 1533 ὑπόστρεφε.
862 1455 925 1510 Εἰ
985 1453 1230 1520 δυνατὸν,
1288 1455 1436 1518 ἐκτὸς
1494 1462 1590 1511 τοῦ
1647 1456 1874 1512 κελλίου
1934 1479 2028 1512 σου

379 1545 455 1617 μὴ
490 1546 767 1618 κοιμηθῇς
829 1541 947 1613 ἔξω
1008 1542 1098 1598 ’ίνα
1156 1542 1244 1598 διὰ
1294 1545 1496 1607 παντός
1549 1567 1630 1599 σοι
1673 1547 1958 1622 παραμένῃ
1994 1550 2027 1617 ἡ

375 1633 475 1692 τῆς
533 1629 773 1705 ἡσυχίας
831 1631 1040 1705 χάρις,
1102 1631 1190 1685 καὶ
1246 1635 1344 1700 τῆς
1417 1632 1467 1686 έν
1530 1632 1665 1706 αὐτῇ
1725 1633 2028 1709 προθέσεως

378 1718 768 1792 ἀνεμπόδιστον
819 1719 955 1790 ἕξεις
1009 1723 1108 1790 τὴν
1145 1719 1418 1796 λατρείαν.
1454 1724 1546 1791 Μὴ
1576 1724 1730 1798 γίνου
1763 1723 2032 1796 ἐπιθυμη-

375 1809 476 1876 τὴς
542 1808 850 1884 βρωμάτων
908 1807 1133 1865 καλῶν·
1187 1813 1222 1880 ἡ
1282 1811 1382 1886 γὰρ
1437 1810 1768 1867 σπαταλῶσα
1825 1814 1978 1888 ψυχὴ
2015 1857 2029 1884 ,

380 1901 521 1966 ζῶσα
567 1901 808 1977 τέθνηκε.
870 1900 959 1968 Μὴ
1007 1900 1286 1974 χορτάσῃς
1334 1902 1435 1970 τὴν
1482 1901 1697 1956 κοιλίαν
1752 1923 1846 1956 σου
1892 1902 2032 1976 βρώ-

385 2007 521 2060 ματα
553 1983 804 2059 διάφορα,
831 1985 924 2041 ’ίνα
959 1989 1034 2060 μή
1067 1988 1234 2051 πόθος
1289 2010 1368 2050 ςοι
1419 1989 1626 2044 τούτων
1667 1991 1908 2066 γένηται,
1941 1991 2030 2045 καὶ

380 2075 500 2149 περὶ
547 2077 817 2150 τραπέζης
866 2077 1151 2152 ἐμποιήσῃ
1179 2099 1262 2132 σοι
1296 2078 1386 2133 τὸν
1425 2079 1615 2142 πόθον.
1650 2077 1878 2154 Εἴρηται
1926 2081 2028 2157 γὰρ

384 2165 457 2235 μή
509 2163 814 2230 ἀπατᾶσθαι
861 2167 1127 2241 χορτασίᾳ
1155 2165 1368 2228 κοιλίας
1401 2211 1415 2226 .
1456 2168 1578 2224 Ἐὰν
1641 2159 1697 2222 δέ
1765 2169 1854 2223 καὶ
1915 2191 2032 2224 συν-

380 2258 524 2328 εχῶς
557 2251 658 2327 ἔξω
685 2259 783 2309 τοῦ
814 2254 1041 2310 κελλίου
1072 2277 1166 2311 σου
1218 2258 1381 2331 θεάσῃ
1435 2257 1655 2312 σεαυτὸν
1686 2257 2031 2333 προσκαλού-

385 2363 566 2415 μενον,
601 2350 886 2419 παραιτοῦ.
923 2351 1104 2399 Ἔστιν
1141 2345 1436 2418 ἐπιζήμίος
1467 2350 1501 2416 ἡ
1535 2345 1635 2417 ἔξω
1664 2351 1762 2400 τοῦ
1808 2345 2034 2403 κελλίου

381 2451 480 2485 σοα
510 2434 740 2507 συνεχὴς
794 2429 1073 2506 διατριϐή,
1125 2435 1429 2512 ἀφαιρεῖται
1477 2436 1577 2504 τὴν
1633 2435 1813 2511 χάριν,
1865 2437 2040 2492 σκοτί-

383 2525 459 2588 ζει
490 2520 552 2574 τὸ
585 2521 862 2598 φρόνημα,
895 2523 1140 2597 μαραίνει
1178 2523 1268 2577 τὸν
1303 2522 1491 2580 πόθον.

1546 437 1933 500 EPISTOLA
1976 439 1999 499 Ι
2048 439 2148 498 AD
2195 439 2639 501 CASTOBEM.

1170 567 1362 642 μηδενὶ
1413 578 1621 625 τούτων
1680 572 2025 645 συνοικήσῃς·

2148 572 2432 628 tiosorum
2463 574 2723 629 virorum
2773 571 3155 644 colloquium,
3209 590 3342 628 cum
3398 573 3632 631 nemine
3676 573 3808 628 illo-

3691 440 3812 502 850

2143 679 2274 716 rum
2307 662 2560 727 habites,
2595 663 2712 717 imo
2743 679 2918 734 prava
2961 661 3194 716 illorum
3240 664 3539 734 proposita
3577 678 3803 717 recusa.

2142 752 2374 807 Fratres
2407 752 2505 823 qui
2533 751 2921 822 sintpaciﬁci,
2955 756 3011 805 et
3067 749 3409 822 spirituales
3467 751 3654 808 sancti
3696 752 3801 806 Pa-

2139 845 2280 910 tres,
2315 840 2487 896 amici
2519 841 2625 896 tibi
2649 842 2786 896 sint.
2834 840 2915 896 Ne
2951 856 3085 894 cum
3131 840 3428 897 distractis
3459 842 3599 896 viris
3640 840 3804 895 babi-

2140 932 2249 998 tes,
2281 946 2472 1001 neque
2504 946 2638 984 cum
2676 929 2749 984 iis
2800 946 2917 984 una
2942 928 3374 996 convivere;ne
3424 934 3480 984 te
3531 932 3679 986 forte
3730 929 3802 984 ad

2141 1035 2279 1074 suas
2303 1020 2538 1075 fraudes
2569 1017 2932 1090 pertrahant,
2968 1022 3021 1072 et
3044 1035 3075 1072 a
3108 1018 3355 1072 scientia
3385 1034 3514 1089 qua;
3545 1019 3804 1090 quietam

2139 1112 2367 1178 spectat
2391 1108 2571 1163 vitam
2598 1108 2912 1162 abducant.
2947 1107 3108 1170 Quod
3152 1106 3198 1162 si
3247 1107 3377 1176 quis
3435 1123 3639 1162 eorum
3693 1106 3799 1178 qui

2140 1197 2466 1251 secundum
2494 1197 2840 1252 charitatem
2892 1195 2987 1250 Dei
3041 1195 3342 1263 incedunt,
3379 1200 3435 1250 te
3479 1196 3684 1252 adiens
3728 1195 3800 1250 ad

2141 1287 2566 1341 comedendum
2600 1285 2824 1352 invitet,
2860 1285 2908 1339 si
2945 1285 3142 1339 lubeat
3181 1285 3362 1350 abire,
3397 1285 3526 1352 abi;
3558 1285 3658 1340 sed
3693 1283 3804 1338 cito

2140 1375 2210 1428 ad
2243 1375 2448 1430 cellam
2475 1376 2728 1443 remigra
2759 1374 3004 1429 tuam.Si
3037 1373 3158 1428 ﬁeri
3195 1377 3403 1444 potest,
3455 1391 3524 1429 ne
3547 1373 3805 1429 dormias

2141 1467 2300 1518 extra
2349 1464 2554 1519 cellam
2590 1470 2776 1534 tuam,
2827 1467 2891 1517 ut
2921 1479 3153 1532 semper
3184 1463 3335 1534 apud
3371 1468 3427 1518 te
3462 1466 3806 1534 permaneat

2141 1553 2349 1624 quieta:
2381 1555 2507 1607 vitae
2539 1553 2750 1624 gratia,
2784 1569 2850 1607 ac
2872 1553 2998 1607 sine
3038 1551 3200 1608 obice
3251 1568 3388 1625 erga
3423 1553 3795 1624 propositum

2141 1640 2572 1710 hujuscemodi,
2605 1644 2826 1696 cultum
2861 1644 3031 1694 tuum
3055 1639 3382 1711 impendes.
3431 1641 3512 1695 Ne
3544 1645 3667 1695 esto
3700 1657 3800 1695 cu-

2142 1731 2315 1801 pidus
2346 1730 2492 1785 lauti
2522 1731 2634 1784 cibi
2663 1748 2676 1796 ;
2712 1747 2848 1786 nam
2881 1728 3335 1800 quaedeliciatur
3357 1731 3578 1795 anima,
3602 1729 3801 1785 vivens

2143 1823 2373 1874 mortua
2405 1819 2603 1876 est.Ne
2626 1819 2801 1874 variis
2835 1818 2981 1874 cibis
3010 1825 3273 1874 ventrem
3297 1822 3464 1873 tuum
3499 1819 3659 1874 309
3692 1818 3802 1873 im-

2063 1954 2109 2018 B
2143 1907 2305 1979 pleas
2331 1925 2344 1974 ;
2372 1924 2441 1962 ne
2465 1912 2519 1962 te
2538 1924 2741 1963 eorum
2763 1907 2974 1978 cupido
2993 1907 3284 1972 subeat,et
3301 1913 3468 1962 tuum
3492 1923 3805 1979 ergamen-

2144 2013 2262 2018 _-_._
2303 1997 2617 2018 -.._.-A!A___._
2652 1997 2984 2018 1_ﬂ__....-_
3033 1995 3256 2018 n!-L-___
3295 2013 3546 2018 ___-._-_-
3575 2000 3658 2018 --.ι
3688 2013 3797 2018 ..--

2141 2013 2268 2052 sam
2299 1997 2625 2068 appetitum
2652 1997 3006 2051 inﬂammes.
3031 1995 3262 2051 Dictum
3295 2013 3550 2068 namque
3571 2000 3803 2061 est,non

2139 2091 2407 2157 oportere
2439 2085 2560 2140 falli
2592 2086 2904 2142 saturitate
2934 2085 3345 2149 ventris.Quod
3365 2086 3411 2140 si
3447 2091 3503 2141 te
3536 2086 3805 2157 frequen-

2139 2179 2228 2230 ter
2257 2179 2420 2230 extra
2451 2175 2655 2230 cellam
2689 2181 2854 2230 tuam
2884 2175 3082 2230 videas
3114 2174 3368 2241 invitari,
3411 2175 3624 2231 almue.
3660 2175 3805 2232 Nam

2144 2264 2416 2335 frequens
2449 2271 2608 2320 extra
2641 2264 2849 2320 cellam
2894 2269 3058 2320 tuam
3116 2280 3279 2319 mora
3310 2263 3663 2319 detrimento
3703 2249 3809 2321 tibi

2146 2358 2256 2423 est,
2290 2355 2508 2426 quippe
2537 2371 2665 2426 quas
2701 2355 2951 2426 gratiam
3003 2354 3249 2422 auferat,
3303 2369 3545 2409 sensum
3597 2355 3811 2410 obscu-

2147 2446 2254 2512 ret,
2292 2459 2553 2498 amorem
2583 2443 2910 2499 marcidum
2945 2443 3171 2500 reddat.

1230 2777 1302 2833 IN
1334 2777 1540 2833 ΒΙΝΑὸ
1571 2779 1666 2834 AD
1699 2781 2078 2837 CASTOREM
2109 2782 2499 2838 EPISTOLAS
2538 2784 2952 2841 ADMONITIO.

455 2887 664 2942 Novum
693 2889 782 2944 hic
802 2901 1074 2962 comparet
1101 2896 1415 2948 commenti
1442 2911 1634 2964 genus,
1665 2897 1856 2952 Lector
1891 2897 2141 2954 benevole
2173 2915 2184 2953 :
2215 2915 2284 2954 en
2316 2901 2422 2955 tibi
2444 2900 2726 2956 Instituta
2757 2901 3020 2956 Cassiani
3078 2905 3268 2958 Graece
3316 2918 3503 2968 versa,
3562 2904 3622 2956 in
3651 2917 3797 2957 com-

381 2976 645 3046 pendium
666 2977 909 3045 redacta,
941 2980 1344 3055 Athanasiique
1373 2986 1595 3040 nomine
1621 2989 1952 3058 conscripta.
1989 2988 2146 3061 Quod
2178 3005 2309 3060 opus
2340 3005 2453 3045 esse
2483 2989 2701 3045 videtur
2746 2989 2987 3046 Graeculi
3031 2990 3310 3061 cujusdem
3371 2992 3562 3046 Latine
3617 2992 3803 3061 periti,

381 3066 479 3134 qui
504 3081 628 3120 cum
661 3069 719 3122 in
752 3067 1029 3124 Instituta
1051 3069 1312 3127 Cassiani
1361 3073 1664 3142 incidisset,
1700 3091 1883 3146 operae
1923 3077 2164 3148 pretium
2194 3077 2356 3133 duxit
2401 3078 2584 3135 Gra’ce
2614 3080 2716 3134 illa
2767 3081 3153 3151 interpretari,
3211 3095 3531 3151 quanquam
3575 3080 3811 3149 fortasse

378 3158 618 3223 potuerit
642 3172 713 3210 ex
735 3159 962 3229 antiquo
996 3159 1248 3215 Cassiani
1268 3160 1452 3218 Graeco
1483 3169 1655 3230 textu,
1689 3181 1785 3219 seu
1818 3163 2010 3222 erca
2040 3167 2308 3235 versione,
2352 3166 2456 3222 hoc
2487 3168 2667 3238 ipsum
2705 3169 3027 3238 opusculum
3070 3175 3368 3223 contexere.
3421 3168 3562 3221 Nam
3589 3173 3809 3221 exstant

378 3243 436 3295 in
470 3244 717 3314 antiquis
748 3245 957 3300 Graecis
986 3247 1264 3303 codicibus
1288 3253 1465 3305 multa
1502 3267 1572 3304 ea:
1603 3251 1855 3308 Cassiani
1887 3255 2346 3321 lnstitutionib-us,
2381 3271 2617 3326 quarum
2677 3255 2827 3310 haud
2883 3255 3055 3311 semel
3115 3256 3228 3310 loca
3258 3257 3575 3326 afferuntur
3624 3254 3808 3310 Graec

379 3346 412 3383 a
438 3330 769 3400 quibusdam
797 3335 1180 3404 scriptoribus,
1213 3354 1263 3392 υ.
1296 3356 1356 3410 g.
1382 3356 1422 3394 α
1454 3341 1720 3394 Climaco.
1756 3342 2030 3398 Instituta
2058 3345 2234 3414 igitur
2265 3343 2373 3399 illa
2405 3345 2623 3399 exhibet
2655 3345 2747 3400 hic
2774 3347 3029 3417 scriptor,
3062 3361 3174 3399 non
3203 3345 3422 3416 quidem
3457 3344 3690 3413 integra,
3714 3342 3806 3397 sed

377 3422 652 3489 excerptis
683 3419 812 3476 hinc
841 3423 975 3478 inde
1002 3428 1321 3496 sententiis,
1351 3443 1494 3498 δῶρα
1522 3431 1691 3484 etiam
1723 3431 1953 3501 integris
1982 3433 2298 3502 capitibus:
2329 3438 2593 3504 tantaque
2614 3435 2816 3496 omisit,
2852 3442 2910 3489 ut
2941 3450 3009 3489 ex
3039 3433 3327 3489 duodecim
3348 3432 3470 3487 illis
3516 3433 3802 3486 instituto-

378 3523 501 3561 rum
531 3508 712 3578 libris,
740 3509 904 3566 binas
952 3513 1116 3568 hasce
1158 3517 1374 3571 tantam
1409 3519 1704 3587 confecerit
1747 3521 2027 3590 epistolas,
2057 3538 2193 3593 quas
2235 3523 2464 3592 majoris
2509 3523 2994 3578 commendationis
3044 3539 3210 3578 causa
3257 3537 3461 3590 magno
3504 3521 3803 3576 Athanasio

378 3598 653 3668 ascripsit.
688 3603 861 3654 Porro
892 3603 1005 3655 tam
1035 3605 1252 3673 supine,
1286 3614 1396 3660 tam
1430 3608 1653 3662 incaute
1685 3609 1744 3663 id
1779 3611 2049 3679 facinoris
2098 3627 2383 3683 aggressus
2423 3616 2520 3679 est,
2565 3617 2626 3667 ut
2668 3628 2794 3684 quae
2850 3629 2906 3668 se
2935 3614 3053 3668 suis
3100 3612 3298 3667 vidisse
3340 3612 3516 3667 oculis
3571 3614 3804 3664 testatur

380 3685 698 3753 Cassianus,
721 3688 878 3759 longe
905 3691 1117 3746 scilicet
1142 3701 1262 3764 post
1290 3694 1584 3750 Athanasii
1614 3700 1829 3752 aetatem
1859 3701 1999 3767 acta,
2043 3714 2108 3754 ea
2165 3701 2277 3770 ipse
2307 3701 2668 3756 Athanasium
2701 3703 3024 3757 narrantem.
3064 3715 3126 3755 ac
3174 3715 3232 3754 se
3277 3699 3471 3754 vidisse
3513 3702 3801 3753 testantem

377 3780 752 3846 repraesentet,
783 3778 923 3848 quod
949 3781 1006 3834 in
1034 3781 1164 3836 aliis
1181 3799 1394 3853 quoque
1424 3786 1710 3841 nonnullis
1739 3788 1944 3857 spuriis
1966 3789 2220 3858 operibus
2242 3790 2688 3845 animadversum
2705 3799 2800 3845 est.
2829 3789 3230 3845 Castorautem
3261 3789 3355 3842 ille
3373 3787 3466 3843 cui
3474 3802 3800 3856 nuncupan-

379 3866 469 3917 tur
503 3864 773 3920 Instituta
802 3866 1091 3937 Cassiani,
1131 3875 1395 3943 cujusque
1433 3889 1628 3930 nomen
1661 3874 1767 3929 huc
1803 3875 2142 3933 translatum
2184 3881 2281 3946 est,
2315 3880 2591 3951 episcopus
2631 3883 2750 3934 erat
2790 3880 3062 3950 Aptensis.
3097 3879 3209 3934 Has
3254 3892 3417 3949 porro
3440 3877 3602 3932 nobis
3628 3877 3800 3930 Roma

377 3953 727 4010 transmisere
753 3957 956 4027 fratres
975 3960 1171 4017 nostri.

371 4176 818 4257 TQr__l_A}‘Tor
877 4183 1239 4257 _MErAA0r
1282 4255 1296 4257 ξ
1343 4185 1750 4241 ΑΘΑΝΑΣΙΟΥ
1841 4187 2022 4242 ΠΡΟΣ

2137 4189 2434 4247 EIUSDEM
2533 4190 2748 4245 MAGNI
2845 4190 3206 4245 ATHANASII
3329 4189 3418 4244 AD
3524 4189 3798 4244 BEATIS-

444 4249 761 4326 ΚΑΣΪΟΡΑ
824 4254 955 4311 ΤΟΝ
1034 4255 1572 4311 ΜΑΚΑΡΙΟΤΑΤΟΝ
1649 4258 1810 4313 ΠΕΡΙ
1886 4260 2024 4315 ΤΩΝ

2209 4262 2424 4318 SIMUM
2503 4263 2900 4326 CASTOREM,
2985 4263 3068 4315 DE
3138 4260 3490 4317 CANONICIS
3559 4260 3796 4317 C(ENO-

442 4323 842 4465 ἰξὲὶΝ
957 4327 1097 4382 ΤΩΝ
1210 4329 1576 4386 ΚΟΙΝΟΒΙΩΝ
1679 4331 1979 4386 ΔΙΑΤΥΙΙΩ
2007 4361 2025 4373 -

2210 4333 2467 4390 BIORUM
2495 4323 3149 4390 CONSTITUTIONIBUS.

443 4514 665 4588 Ἐπιιδή
713 4539 806 4591 μοι
866 4521 1216 4595 προσέταξας,
1273 4523 1652 4601 μακαριώτατε
1709 4525 1875 4601 πάτερ
1925 4527 2024 4581 Κά-

2211 4531 2260 4586 1.
2295 4532 2407 4604 (38)
2440 4531 2582 4587 Cum
2609 4531 2865 4602 jusseris
2895 4529 3064 4596 mihi,
3113 4528 3454 4586 beatissime
3482 4531 3652 4583 Pater
3681 4531 3791 4583 Ca-

370 4624 523 4681 στορ,
554 4606 817 4683 γνωρίσαι
879 4630 963 4664 σοι
1018 4611 1116 4674 τὰς
1167 4613 1456 4674 κανονικὰς
1509 4611 1870 4678 διατυπώσεις
1911 4621 2020 4671 τῶν

367 4690 656 4750 κοινοϐίων
712 4701 821 4752 τῶν
873 4697 1234 4772 ἀνατολικῶν,
1285 4701 1374 4756 καὶ
1423 4701 1658 4774 μάλιστα
1701 4709 1809 4758 τῶν
1861 4704 2023 4780 Αἰγυ-

366 4783 538 4838 πτίων
577 4829 590 4855 ,
625 4787 698 4841 ὧν
728 4786 1007 4859 αὐτόπτης
1060 4789 1256 4866 γέγονα
1290 4810 1301 4823 '
1337 4789 1476 4861 εἶ’ξας
1523 4791 1632 4866 ἐγὼ
1679 4796 1746 4866 τῇ
1790 4793 2021 4867 ὑμετέρᾳ

363 4871 657 4947 κελεύσει,
707 4880 904 4930 τοῦτον
958 4877 1034 4939 ὡς
1079 4877 1131 4932 ἐν
1181 4876 1354 4955 ὀλίγῳ
1395 4879 1485 4934 τὸν
1533 4877 1698 4956 λόγον
1742 4882 1868 4954 ὑμῖν
1914 4883 2016 4938 ἀπ-

365 4958 580 5016 έστειλα
612 4982 625 4996 ·
668 4961 758 5019 ’ίνα
811 4961 1012 5041 ἔχωσιν
1065 4965 1279 5044 ἐφόδιον
1325 4968 1460 5044 πρὸς
1510 4968 1704 5046 ἀρετήν
1751 4971 1802 5024 οἱ
1851 4993 2019 5027 συνει-

365 5046 620 5124 λεγμένοι
665 5052 756 5107 σὺν
809 5059 925 5127 Θεῷ
968 5054 1019 5110 ἐν
1072 5060 1152 5126 τῷ
1195 5055 1302 5129 νέῳ
1349 5078 1443 5112 σου
1487 5058 1856 5132 μοναστηρίῳ,
1889 5061 2015 5125 τούς

359 5140 466 5191 τῶν
505 5141 781 5216 μακαρίων
815 5141 1022 5219 ἀνδρῶν
1053 5144 1282 5207 κανόνας
1311 5167 1368 5201 τε
1413 5147 1503 5201 καὶ
1555 5145 1612 5202 ἅ)
1630 5147 1782 5210 λους.
1822 5150 2014 5226 ’Δναγσ-

357 5232 510 5282 καῖον
563 5230 744 5286 τοίνυν
792 5233 900 5308 πρὸ
947 5235 1165 5290 πάντων
1216 5235 1339 5312 περὶ
1379 5244 1694 5313 προσευχῆς
1734 5246 1834 5309 τῆς
1885 5241 2014 5294 πάν-

359 5335 467 5370 των
501 5317 672 5382 αἰτίας
728 5325 839 5376 τῶν
895 5322 1106 5399 ἀγαθῶν
1166 5321 1528 5402 διηγήσασθαι
1561 5371 1574 5397 ,
1608 5326 1759 5391 ὅπως
1787 5349 1846 5383 τε
1881 5371 1894 5397 ,
1925 5328 2015 5384 καὶ

364 5407 496 5474 μετά
525 5407 704 5480 πάσης
749 5416 850 5480 τῆς
897 5414 1275 5475 καταστάσεως
1327 5413 1378 5469 ἐν
1431 5421 1548 5478 τοῖς
1595 5418 1730 5473 κατὰ
1767 5419 1864 5486 τὴν
1915 5415 2012 5474 Αἵ-

357 5514 559 5570 γυπτον
623 5498 864 5572 μάλιστα
914 5501 1004 5556 καὶ
1037 5496 1286 5574 Θηϐαΐδα
1321 5500 1617 5570 κοινοϐίοις
1662 5507 1861 5579 ταύτην
1896 5505 2016 5562 ἐπι-

434 5676 550 5758 (ξεῖ)
580 5679 663 5758 Ex
692 5680 996 5758 codicibus
1026 5682 1721 5758 mss._Altaemps.,num.
1753 5693 1820 5746 R.
1851 5708 1905 5748 v.
1926 5692 2013 5748 49.

440 5749 558 5824 (38)
586 5751 904 5815 Cassianus
931 5753 993 5814 in
1047 5754 1272 5829 μναῖαι.
1331 5756 1406 5817 ad
1433 5749 1706 5818 instituta
1744 5764 2022 5823 cwnobio-

2137 4625 2280 4687 stor,
2317 4625 2381 4676 ut
2411 4619 2797 4676 Orientalium
2854 4619 3225 4690 maximeque
3251 4617 3650 4690 [Egyptiorum
3683 4633 3789 4672 caa-

2137 4709 2470 4774 nobiorum,
2533 4708 2847 4765 canonicas
2877 4709 2983 4764 tibi
3032 4709 3481 4764 constitutiones
3530 4707 3790 4763 declara-

2135 4815 2280 4864 rem,
2314 4816 2462 4871 quas
2493 4799 2641 4856 meis
2688 4799 2814 4872 ipse
2845 4798 3029 4854 oculis
3057 4797 3364 4871 conspexi;
3395 4803 3508 4854 tua
3532 4797 3790 4869 jussioni

2133 4889 2568 4960 obtemperans,
2611 4889 2733 4944 haec
2775 4905 2958 4960 pauca
3009 4888 3113 4943 tibi
3144 4889 3320 4944 verba
3349 4887 3690 4956 transmisi;
3724 4892 3791 4944 ut

2131 4975 2266 5030 hinc
2297 4977 2572 5033 viaticum
2605 4978 2676 5032 ad
2708 4977 2979 5034 virtutem
3014 4977 3086 5033 iis
3113 4982 3386 5050 suppetat
3415 4977 3516 5047 qui
3547 4981 3607 5032 in
3639 4993 3788 5032 novo

2131 5068 2235 5120 tuo
2266 5066 2645 5133 monasterio,
2689 5068 3085 5138 Deojuvante,
3121 5067 3299 5122 coacti
3332 5070 3487 5120 sunt.
3524 5065 3788 5135 Itemque

2126 5154 2262 5210 misi
2295 5155 2600 5212 beatorum
2622 5156 2881 5212 virorum
2914 5173 3188 5222 canones,
3209 5159 3266 5210 et
3284 5154 3430 5210 alios
3450 5152 3783 5209 nonnullos.

2126 5248 2374 5300 Necesse
2406 5251 2495 5300 est
2524 5245 2727 5317 itaque
2757 5251 2823 5301 ut
2854 5251 2986 5301 ante
3026 5245 3226 5299 omnia
3270 5244 3339 5298 de
3369 5242 3648 5309 oratione,
3681 5242 3784 5297 bo-

2126 5351 2337 5389 norum
2371 5335 2636 5390 omnium
2662 5352 2860 5402 causa,
2893 5335 3069 5388 verba
3091 5333 3342 5400 faciam,-
3370 5332 3662 5403 quomodo
3678 5331 3789 5386 sci-

2123 5421 2278 5492 licet,
2313 5428 2370 5480 et
2401 5441 2579 5496 quam
2613 5426 2835 5497 Optimo
2886 5439 3019 5478 cum
3079 5422 3284 5478 ordine
3340 5422 3400 5476 in
3455 5419 3678 5493 Egypti
3726 5423 3784 5476 et

2123 5511 2440 5570 Thebaidis
2471 5513 2750 5570 coenobiis
2793 5529 2918 5569 eam
2961 5509 3312 5584 persolvant.
3361 5511 3474 5584 (39)
3523 5509 3782 5583 Congre-

2127 5709 2253 5748 rum
2281 5693 2356 5749 ad
2388 5696 2692 5752 Castorem.

2203 5765 2316 5839 (39)
2337 5766 2601 5826 Cassian.
2631 5765 2877 5826 Institut.
2917 5761 3021 5820 lib.
3053 5779 3118 5834 ιι,
3147 5779 3197 5820 c.
3228 5765 3284 5822 7.
