4148 6394
288 393 402 455 851
1464 396 1505 459 S
1573 395 2003 459 ATHANASII

2129 427 2207 442 —
2237 396 2553 460 SPURIA.
3602 397 3722 459 852

295 526 417 600 gati
449 524 665 599 quippe
694 528 900 585 eodem
932 528 989 585 in
1014 528 1160 598 loco,
1195 535 1458 605 tempore
1497 531 1759 605 synaxis,
1793 535 1951 604 post-
1981 532 2003 599 Α

2117 527 2306 587 ιλοῦσι.
2358 528 2747 604 Συναγομὲνων
2787 526 2889 605 γὰρ
2938 526 3112 583 αὐτῶν
3165 525 3255 582 ἐπὶ
3299 528 3364 582 τὸ
3408 526 3539 584 αὐτὸ
3585 527 3722 584 κατᾶ

2315 619 2328 632 .
2454 625 2482 632 ..
2669 617 2711 632 ν.
2906 619 2920 632 .
2971 617 2983 632 .
3161 615 3180 632 ς
3301 618 3364 632 η-
3408 618 3420 632 .
3488 621 3499 632 .
3554 614 3573 632 κ
3645 617 3655 630 .

298 632 476 687 quam
509 614 816 673 absolutus
847 623 936 674 est
958 618 1246 690 psalmus,
1279 639 1393 677 non
1426 622 1628 677 statim
1661 622 1733 676 ad
1766 637 1948 693 genu-

2117 639 2149 671 N
2180 619 2366 694 καιρὸν
2415 625 2515 688 τῆς
2557 617 2844 688 συνάξεως,
2891 617 3052 687 ἡνίκα
3097 615 3368 690 τελειωθῇ
3401 618 3429 672 ὁ
3476 614 3720 691 ψαλμὸς,

2117 710 2119 719 ι
2387 714 2413 723 -
2623 707 2636 723 ς
2894 704 2914 723 κ
2994 706 3006 723 ι
3119 707 3132 723 ε
3232 706 3259 717 η
3429 703 3553 723 ,με
3671 705 3684 723 1

301 703 611 759 ﬂexionem
653 705 921 772 veniunt;
957 707 1057 761 sed
1091 709 1436 781 priusquam
1473 726 1665 782 genua
1694 710 1951 779 ﬂectant,

303 793 816 813 μᾼιημᾼμκ-
899 801 937 813 ,ν
1005 802 1043 813 ,ν
1360 799 1369 809 .
1590 799 1622 813 ..
1902 803 1911 813 .

2117 710 2126 760 i
2157 714 2499 783 παραχρῆμα
2541 707 2676 781 πρὸς
2721 704 3071 781 γονυκλισίαν
3112 706 3385 779 ὁρμῦσιν,
3417 703 3565 762 ἀλλὰ
3591 705 3717 780 πρὶν

2169 797 2183 813 ς
2264 796 2277 813 ν
2508 796 2518 813 ι
2586 799 2596 813 .
2813 794 2826 813 κ
2914 795 2994 813 ,υ
3150 796 3162 813 .
3257 796 3267 813 ρ
3580 794 3592 813 ς
3668 796 3681 813 ς

303 793 534 848 modico
561 797 825 865 tempore
864 801 1088 852 stantes
1133 799 1407 869 expansis
1446 799 1720 854 manibus
1750 803 1954 865 orant;

303 885 501 904 _--L--
540 881 702 904 1.--...2
739 887 1012 904 ___-a-__a:
1090 889 1130 904 ea
1182 886 1207 904 ιι
1277 891 1286 904 ι
1387 887 1400 904 ι
1471 903 1474 904 ,
1531 888 1541 899 ι
1603 888 1614 898 ο
1668 892 1678 904 ι

2126 797 2193 851 τά
2212 796 2414 872 γόνατα
2456 796 2689 871 κάμψαι,
2722 794 2859 872 πρὸς
2905 795 3095 870 ὀλίγον
3150 796 3457 869 ἱστάμενοι,
3506 794 3720 856 καὶτὰς

2139 890 2161 901 υ
2332 886 2346 904 ν
2568 884 2578 898 ο
2756 883 2780 904 Ἰ
3096 881 3124 901 ν
3354 902 3365 904 _
3500 884 3516 904 ἶ
3701 884 3716 904 \

303 885 508 952 postea
539 881 706 936 humi
739 887 1038 953 prostrati,
1079 889 1136 940 et
1180 886 1333 942 facta
1387 887 1541 942 brevi
1600 888 1751 942 inter
1780 904 1959 960 genu-

2117 890 2258 962 εἴρας
2328 884 2679 958 έκτεταμένας
2754 883 3010 961 ἔχοντες,
3068 881 3318 960 εῦχοντνι
3353 902 3367 915 ⁸
3427 884 3519 939 καὶ
3589 884 3725 957 μετά

2139 979 2162 989 -
2441 974 2455 989 .
2700 973 2711 989 ,
3085 973 3098 989 .
3233 973 3248 989 ς
3344 972 3426 989 η,
3616 971 3656 989 η

306 968 661 1026 ﬂectendum
677 971 959 1037 oratione,
975 989 1091 1028 una
1113 980 1574 1045 surguntomnes
1605 993 1700 1032 :ac
1723 993 1960 1031 rursum

314 1058 783 1078 ,ωηημῌ-,ηη
912 1062 948 1078 ..
1003 1063 1037 1078 ..
1179 1069 1189 1078 .
1341 1065 1353 1078 ,
1541 1067 1577 1078 ..
1832 1066 1867 1078 ..

2117 979 2235 1029 ιῦτα
2279 974 2459 1051 χαμαὶ
2507 973 2963 1049 προσπίπτοντες,
3012 973 3103 1028 καὶ
3150 973 3286 1048 πρὸς
3335 972 3526 1078 ὀλίγρν
3558 971 3725 1078 πάλιν

307 1058 583 1131 expansis
606 1059 1117 1118 manibusdiutius
1141 1069 1311 1133 atque
1339 1065 1658 1121 lerventius
1676 1066 1969 1139 supplica-

2117 1088 2130 1118 θ
2163 1067 2230 1138 τῇ
2260 1062 2578 1139 γονυκλισίᾳ
2624 1062 2914 1139 εὐχόμενοι
2967 1061 3188 1131 πάντες,
3238 1062 3291 1117 έν
3334 1066 3413 1135 τῷ
3446 1063 3558 1136 ἅμα
3586 1060 3732 1137 ἐγεί-

307 1148 500 1204 tiones
515 1148 1113 1221 persolvunt,nemine
1135 1170 1243 1225 gen
1254 1154 1688 1221 uﬂectente,aut
1706 1173 1775 1211 ex
1794 1172 1971 1228 genu-

314 1235 839 1256 ..ψεψηηημ
934 1243 947 1256 .
1033 1241 1047 1256 .
1223 1242 1234 1252 .
1369 1243 1380 1253 .
1510 1244 1546 1256 ..
1845 1244 1941 1256 ...

2117 1172 2285 1208 ονταιο
2337 1153 2429 1208 καὶ
2478 1152 2642 1208 πάλιν
2695 1152 2793 1214 τὰς
2850 1156 3043 1229 χεῖρας
3095 1149 3533 1220 διαπετάσαντες,
3585 1150 3731 1206 ἐκτε-

2120 1243 2130 1256 .
2454 1243 2467 1256 .
2524 1241 2538 1256 .
2792 1242 2803 1256 .
3012 1241 3025 1256 .
3114 1241 3128 1256 .
3241 1241 3254 1256 ,
3383 1241 3397 1256 .
3527 1239 3546 1256 ς
3671 1244 3699 1256 ..

313 1235 559 1291 ﬂexione
585 1252 712 1293 sese
730 1237 1198 1310 erigente,donec
1222 1242 1270 1297 is
1283 1243 1380 1313 qui
1400 1244 1723 1299 orationem
1747 1244 1971 1315 recitat,

2117 1243 2330 1315 έστερον
2380 1243 2470 1297 καὶ
2520 1241 2920 1314 ἐπιτεταμένως
2968 1241 3064 1303 τὰς
3114 1241 3321 1304 ἱκεσίας
3373 1239 3737 1316 ἀποπληροῦ-

315 1325 475 1397 prior
490 1326 986 1396 genuﬂexeritnut
1001 1330 1157 1399 prior
1179 1332 1496 1386 surrexerit
1528 1332 1846 1405 (40).Prout
1862 1332 1971 1389 ita-

2120 1353 2189 1401 ιν,
2242 1328 2459 1393 οὐδενὸς
2515 1330 2647 1406 γόνυ
2695 1329 3070 1399 κλίνοντος,ἣ
3115 1329 3176 1385 ἐκ
3230 1337 3330 1400 τῆς
3388 1328 3736 1407 γονυκλισίας

317 1412 667 1484 quedicturn
684 1418 934 1480 est,cum
949 1418 1238 1487 ejusmodi
1254 1419 1562 1491 synaxium
1578 1436 1756 1476 causa
1772 1437 1977 1475 conve-

2120 1421 2464 1494 νισταμένου,
2493 1417 2600 1483 ἕως
2629 1419 2687 1475 ἂν
2722 1420 2749 1475 ὁ
2780 1424 2952 1475 ποιῶν
2988 1418 3175 1482 αὐτοῖς
3204 1421 3303 1488 τὴν
3354 1418 3545 1495 εὐχὴν,
3577 1417 3735 1493 κλίνῃ

319 1501 750 1570 niunt,tantum
774 1504 847 1558 ab
876 1506 1156 1562 omnibus
1179 1513 1445 1564 servatur
1476 1509 1800 1577 silentium,
1826 1514 1889 1565 ut
1915 1509 1976 1565 in

2117 1513 2325 1584 πρῶτος,
2352 1510 2387 1577 ἢ
2433 1510 2633 1583 ἀναστῇ
2682 1513 2922 1585 πρῶτος.
2965 1508 3112 1563 Keilii
3153 1508 3332 1564 τοίνυν
3382 1506 3616 1583 εἴρηται,
3650 1507 3741 1562 ὅτε

323 1596 488 1648 tanto
502 1598 559 1649 et
576 1610 723 1666 pene
744 1594 1159 1653 innumerabili
1179 1604 1352 1669 coetu,
1369 1600 1661 1657 neminem
1675 1601 1881 1658 adesse
1895 1601 1979 1656 vi-

328 1679 566 1703 Δ-..ι.-...
605 1680 967 1703 --ιε--2..---..-
1007 1700 1132 1703 -.αρε
1173 1689 1213 1703 a,
1584 1688 1619 1703 ιο

2122 1597 2181 1660 ὰς
2239 1597 2642 1673 προειρημένας
2699 1597 2937 1670 συνάξεις
2995 1594 3301 1652 ἐπιτελέσαι
3361 1597 3739 1673 συνέρχονται,

2249 1687 2264 1703 ς
2446 1685 2460 1703 ι
2703 1686 2714 1703 .
2933 1686 2946 1703 ρ
3005 1685 3021 1703 ς
3129 1685 3140 1703 ι
3374 1686 3388 1703 .
3643 1687 3708 1703 η..

324 1679 568 1748 deatur;
604 1680 975 1750 potissimum
1006 1700 1139 1740 vero
1171 1689 1431 1759 tempore
1476 1688 1832 1755 orationum,
1865 1704 1981 1761 quo

2117 1687 2272 1756 ἰωπῆ
2299 1685 2534 1757 τοσαύτη
2585 1686 2882 1763 παρέχεται
2926 1685 3029 1741 ὑπὸ
3070 1685 3307 1759 πάντων,
3358 1686 3434 1748 ὡς
3472 1687 3741 1758 νομισθῆ-

2297 1772 2344 1792 δ’
2480 1776 2501 1792 ν
2547 1787 2563 1792 Α
2816 1774 2831 1792 θ
2961 1778 2989 1789 α
3201 1776 3213 1792 l
3380 1779 3405 1790 η
3505 1771 3559 1792 θλ
3593 1774 3613 1792 \
3676 1779 3702 1789 α

325 1784 516 1841 neque
529 1774 770 1841 sputum
787 1773 1293 1847 emittitur,neque
1305 1777 1487 1832 tussis
1501 1777 1767 1835 auditur:
1786 1795 1900 1834 non
1919 1777 1986 1832 i1-

2123 1797 2176 1830 αι
2211 1772 2419 1849 μηδένα
2474 1776 2758 1851 ἄνθρωπον
2813 1774 2866 1830 έν
2923 1778 2993 1849 τῇ
3051 1776 3287 1849 τοσαύτῃ
3338 1779 3447 1830 τῶν
3493 1772 3744 1852 ἀδελφῶν

325 1856 404 1913 lic
416 1857 663 1930 pigritiae
678 1859 1059 1931 signum,non
1076 1863 1556 1936 dormitatio,non
1570 1867 1980 1937 oscitatio,non

2117 1865 2450 1939 ιναριθμήτῳ
2497 1863 2709 1934 πληθύῖ
2750 1868 3022 1939 παρεῖναι,
3068 1862 3440 1970 έξαιρέτωςιέν
3465 1868 3546 1936 τῷ
3571 1867 3747 1970 και,ρῷ

329 1948 583 2019 gemitus
601 1965 735 2005 cum
769 1967 913 2007 sono
935 1954 1275 2011 audiuntur.
1295 1956 1442 2012 Eum
1467 1976 1722 2031 namque
1747 1960 1847 2032 qui
1873 1977 1984 2031 pres

2117 1957 2197 2007 τῶν
2229 1958 2575 2030 προσευχῶν,
2625 1951 2716 2009 ὅτε
2769 1950 2892 2008 οὕτε
2939 1952 3159 2026 πτύσμα
3205 1953 3592 2029 προσέρχεται,
3626 1950 3750 2008 οὔτε

2117 2043 2197 2060 ὶὶὶι
2242 2042 2255 2060 ν
2341 2047 2364 2058 υ
2558 2041 2571 2059 ν
2683 2041 2697 2060 9
2788 2038 2835 2060 (υ
2984 2042 2997 2060 ἲ
3310 2041 3325 2060 κ
3476 2041 3490 2060 3
3596 2040 3607 2059 1

328 2055 551 2095 nausea
583 2043 639 2095 et
668 2040 849 2098 animi
899 2043 1142 2102 mollitie
1197 2063 1332 2103 cum
1391 2048 1645 2107 clamore
1692 2057 1982 2124 precatur,

333 2128 496 2149 -ε---.
1320 2139 1330 2148 .
1653 2141 1668 2149 -
1880 2142 1912 2149 ,λ

2117 2043 2199 2115 ιήξ
2228 2042 2473 2117 ἠχεῖται,
2516 2041 2617 2097 οὐκ
2672 2038 2892 2114 ἀκηδία,
2943 2042 3006 2097 ού
3057 2041 3385 2118 νυσταγμὸς,
3435 2041 3499 2097 ού
3538 2040 3747 2149 χάσμα,

330 2128 500 2183 aiunt
546 2128 864 2202 dupliciter
921 2150 1195 2205 peccare;
1245 2139 1455 2210 primo,
1515 2141 1672 2213 quod
1730 2142 1987 2214 segniter

2117 2130 2156 2185 νύ
2198 2130 2492 2207 στεναγμοὶ
2549 2131 2663 2204 μετ’
2713 2128 2864 2207 ἤχου
2913 2131 3347 2205 ἀναπέμπονται.
3395 2131 3494 2186 Τὸν
3539 2130 3644 2207 γὰρ
3694 2129 3745 2185 έν

2250 2219 2263 2239 Ι
2460 2217 2484 2239 θ
2616 2220 2627 2239 Ι
2861 2221 2873 2236 \
3111 2227 3139 2239 η
3262 2220 3277 2239 ς
3398 2219 3411 2239 9
3476 2220 3489 2239 \
3579 2220 3592 2239 ν

332 2220 494 2284 oret;
527 2221 807 2288 secundo,
831 2225 982 2291 quod
1012 2225 1450 2298 indisciplinata
1504 2228 1606 2287 illa
1660 2247 1820 2298 voce,
1853 2249 1985 2304 pro-

2117 2219 2393 2297 ίαυνότητι
2456 2217 2696 2283 διανοίας
2747 2221 2883 2293 μετᾶ
2933 2227 3172 2295 κραυγῆς
3219 2220 3314 2283 τάς
3362 2219 3529 2296 εὐχὰς
3574 2220 3748 2275 ἐπιτε-

2169 2313 2193 2324 -
2352 2306 2377 2329 δ
2480 2313 2504 2323 υ
2617 2309 2631 2325 ἰ
2805 2308 2815 2327 Ι
2993 2308 3049 2329 \I
3222 2328 3225 2329 ν
3345 2314 3371 2324 ὐ
3581 2309 3597 2329 \
3686 2308 3700 2329 ε

330 2306 665 2365 ximiaures
695 2311 1002 2381 obtundat,
1054 2332 1120 2371 ac
1156 2322 1413 2374 mentem
1470 2320 1791 2378 distrahat:
1826 2322 1986 2378 inva-

2117 2313 2315 2379 ιοῦντα,
2350 2306 2547 2371 δισσῶς
2607 2308 2932 2383 ἁμαρτάνειν
2993 2308 3231 2384 λέγουσι·
3264 2314 3481 2385 πρῶτον
3542 2309 3635 2380 μὶν
3671 2308 3745 2370 ὡς

337 2395 613 2453 dentibus
639 2416 757 2455 una
788 2400 1062 2475 malignis
1120 2405 1553 2481 spiritibus,qui
1594 2426 1729 2466 cum
1765 2428 1871 2467 nos
1902 2412 1987 2466 vi-

339 2485 533 2541 derint
564 2486 623 2542 in
654 2489 916 2546 oratione
945 2498 1191 2565 stantes,
1248 2496 1650 2555 indecentibus
1689 2518 1796 2557 nos
1824 2500 1989 2573 cogi-

340 2575 691 2645 tationibus,
723 2583 780 2634 et
808 2597 1030 2638 nausea
1059 2590 1234 2656 atque
1254 2586 1488 2643 fastidio
1513 2589 1772 2645 animam
1790 2608 1992 2663 aggra-

341 2667 504 2719 vant.
536 2665 652 2738 (41)
679 2667 816 2731 Quae
847 2685 1024 2727 causa
1045 2678 1135 2728 est
1167 2680 1230 2729 ut
1260 2674 1540 2746 psalmos,
1582 2695 1697 2734 non
1728 2696 1865 2735 cum
1896 2690 1991 2735 tu-

345 2751 536 2807 multu
567 2758 624 2810 et
651 2759 1093 2826 perturbatione
1139 2762 1470 2822 festinando
1503 2767 1779 2837 recitent;
1803 2785 1993 2841 neque

343 2857 620 2899 versuum
653 2845 1050 2917 multitudine,
1092 2852 1193 2909 sed
1253 2857 1469 2911 mentis
1526 2856 1995 2915 consideratione

345 2930 747 3002 ol-lectentur;
788 2953 857 2992 ea
887 2938 1113 2995 scilicet
1144 2942 1495 3015 cogitatione
1524 2945 1574 3001 ei
1606 2947 1998 3019 obsequentes

347 3021 446 3093 qui
483 3022 566 3078 ait
596 3038 661 3078 ζα
694 3024 944 3082 Psallam
976 3029 1210 3100 spiritu,
1243 3032 1491 3103 psallam
1540 3040 1598 3091 et
1629 3041 1822 3092 mente
1851 3039 1931 3094 ’3:
1963 3057 1989 3088 ιι

347 3110 687 3169 ratiutilius
715 3130 844 3172 esse
873 3116 1072 3172 decem
1105 3135 1309 3177 versus
1336 3137 1472 3178 cum
1505 3125 1828 3182 attentione
1850 3125 2002 3199 psal-

346 3197 488 3268 lere,
566 3218 744 3274 quam
811 3207 1021 3261 totum
1070 3207 1416 3279 psalterium
1465 3229 1600 3269 cum
1658 3197 2001 3272 confusione

349 3288 589 3347 mentis.

433 3558 589 3647 310
616 3560 671 3614 2.
695 3560 808 3633 (l2)
839 3562 1156 3647 Conipletis
1187 3565 1430 3637 psalmis
1460 3572 1516 3625 et
1544 3571 1880 3645 canone,uti
1902 3590 2007 3630 su-

359 3646 562 3719 perius
590 3651 1071 3719 memoravimus,
1118 3670 1291 3712 nemo
1317 3657 1560 3714 fratrum
1589 3660 1678 3716 vel
1710 3661 2007 3718 tantillum

358 3737 643 3809 temporis
673 3755 807 3795 eum
834 3740 947 3797 alio
978 3747 1132 3800 stare
1161 3749 1263 3801 aut
1281 3747 1458 3803 verba
1475 3749 1663 3806 facere
1683 3751 1883 3808 audet:
1907 3753 2009 3809 sed

359 3841 550 3898 neque
574 3827 721 3883 cella
748 3832 964 3902 egredi,
1007 3837 1109 3887 aut
1132 3850 1282 3906 Opus
1324 3836 1592 3894 deserere
1622 3857 1821 3910 suum,
1853 3843 2009 3914 quod

359 3931 477 3987 prae
521 3917 797 3974 manibus
843 3923 1074 3988 tractat,
1126 3924 1298 3994 juxta
1346 3926 1747 3998 Apostolicum
1792 3947 2012 4003 praece-

357 4006 563 4077 ptum;
598 4006 711 4062 nisi
767 4010 1082 4065 necessarii
1117 4012 1424 4083 cujusdam
1483 4016 1676 4088 operis
1707 4018 2012 4077 occasione

357 4109 564 4151 omnes
596 4112 715 4152 una
741 4100 1047 4157 convenire
1067 4107 1368 4174 oporteat:
1394 4107 1614 4178 egressi
1645 4114 1839 4166 autem
1862 4128 2012 4184 opus

361 4196 536 4238 suum
567 4190 969 4256 exsequuntur
992 4205 1004 4255 ;
1024 4186 1104 4244 ita
1136 4193 1199 4245 ut
1228 4206 1300 4247 ne
1329 4193 1577 4251 minima
1598 4196 1837 4267 quidem
1857 4198 2010 4255 inter

360 4286 461 4326 eos
483 4270 559 4326 sit
587 4273 1110 4344 confabulatio,sed
1143 4277 1363 4350 singuli
1397 4283 1764 4341 meditationi
1794 4287 2008 4343 mentis

356 4365 566 4416 vacent
592 4365 649 4417 et
675 4363 990 4435 psalmo,et
1009 4368 1161 4437 quod
1181 4368 1292 4424 sibi
1313 4370 1553 4441 jussum
1586 4377 1675 4429 est
1701 4375 2005 4447 impleant.

361 4449 576 4523 Magna
606 4468 777 4525 porro
804 4452 1197 4513 sollicitudine
1227 4467 1451 4528 cavent,
1485 4478 1557 4518 ne
1587 4463 1721 4534 quis
1761 4465 2007 4522 fratrum

358 4555 494 4596 cum
518 4540 632 4597 alio
665 4542 919 4600 maxime
941 4545 1158 4601 novitio
1189 4547 1353 4604 solus
1409 4566 1671 4622 unquam
1714 4552 2009 4627 relinqua-

356 4631 475 4698 tur,
508 4633 613 4684 aut
641 4632 898 4687 extensis
919 4636 1191 4690 manibus
1222 4636 1478 4708 aliquem
1511 4645 1871 4699 contrectare
1910 4647 2012 4700 aut

361 4717 669 4789 complecti
697 4721 1110 4788 audeat.Quod
1166 4725 1215 4781 si
1273 4726 1409 4797 quis
1467 4727 1620 4785 hanc
1679 4732 2011 4813 transgredi

359 4807 625 4879 regulam
670 4810 1159 4886 deprehendatur,
1227 4817 1591 4888 gravissimae
1659 4807 2010 4895 cor—reptioni

356 4895 688 4968 subjicitur.

426 5078 483 5134 3.
516 5079 629 5148 (43)
672 5079 746 5136 De
777 5079 1057 5136 canonico
1104 5081 1303 5155 itaque
1361 5101 1544 5158 more,
1593 5087 1713 5145 sive
1768 5104 2009 5162 precum

359 5166 481 5226 sive
512 5169 898 5242 psalmorum,
921 5187 1038 5244 quo
1066 5178 1232 5244 pacto
1265 5174 1488 5231 scilicet
1515 5193 1612 5232 eas
1652 5182 1921 5250 oporteat
1947 5176 2008 5234 in

360 5256 594 5315 diurnis
622 5260 1004 5316 conventibus
1035 5261 1353 5333 observari,
1386 5269 1477 5319 sat
1506 5282 1540 5320 a
1579 5267 1749 5322 nobis
1774 5268 1899 5339 jam
1923 5267 2008 5323 di-

356 5351 513 5404 ctum
546 5355 655 5406 est.
690 5350 973 5424 Deinceps
1003 5369 1138 5408 vero
1185 5355 1478 5425 agendum
1512 5355 1683 5412 nobis
1720 5361 1811 5414 est
1847 5357 2013 5414 deiis

428 5502 473 5541 ³³
504 5502 527 5558 Ι
556 5503 684 5561 Cor.
715 5521 830 5577 xxv,
865 5505 952 5561 15.

431 5654 545 5800 μθ)
573 5658 835 5716 Cassian.
867 5660 1110 5720 Institut.
1133 5659 1234 5719 lib.
1276 5677 1338 5732 ιι,
1368 5678 1417 5719 ο.
1458 5662 1544 5719 10.

457 5729 546 5800 41)
578 5730 726 5789 Ibid.
759 5747 809 5787 ο.
844 5733 929 5790 11.

457 5729 726 5801 41)lbid.
759 5747 809 5787 ο.
844 5733 929 5833 ιι.

2099 2395 2356 2473 ῥᾳθύμως
2399 2397 2725 2473 εἰχόμενον,
2785 2395 3033 2474 δεύτερον
3095 2395 3154 2454 δὲ
3209 2398 3282 2460 ὡς
3336 2394 3646 2470 ἀπαιδεύτῳ
3674 2399 3745 2471 τῇ

2099 2488 2255 2565 φωνῇ
2306 2488 2406 2556 τήν
2463 2491 2560 2542 τοῦ
2617 2487 2853 2559 πλησίον
2907 2488 3076 2556 ἀκοὴν
3133 2491 3599 2559 κατακτυποῦντα,
3654 2486 3747 2541 καὶ

2100 2573 2515 2646 διασκεδάζοντα
2580 2577 2681 2645 τὴν
2753 2574 2989 2632 διάνοιαν
3022 2620 3041 2649 ,
3099 2577 3582 2650 συνεπιτιθεμένων
3656 2574 3749 2631 καὶ

2098 2669 2206 2721 τῶν
2235 2670 2490 2740 πονηρῶν
2539 2666 2886 2739 πνευμάτων,
2919 2666 2993 2739 οἳ,
3048 2663 3234 2735 ἐπειδὴ
3285 2667 3343 2721 ἂν
3380 2663 3567 2721 ἴδωσιν
3601 2667 3749 2739 ἡμᾶς

2101 2755 2179 2818 εἰς
2225 2756 2539 2831 προσευχὴν
2597 2756 2937 2829 ἱσταμένους,
2996 2753 3286 2832 λογισμοῖς
3343 2755 3605 2832 ἀπρεπέσι
3661 2754 3752 2809 καὶ

2106 2842 2305 2917 ἀκηδίᾳ
2347 2846 2449 2915 τὴν
2499 2847 2683 2921 ψυχήν
2729 2840 3183 2920 καταϐαρύνουσι.
3236 2845 3334 2901 Καὶ
3363 2845 3559 2900 τούτου
3590 2844 3750 2922 χάριν

2104 2932 2231 2997 τοὺς
2263 2933 2517 3009 ψαλμοὺς
2578 2936 2640 2990 οὐ
2700 2935 2836 3007 μετᾶ
2885 2929 3121 3011 θορύϐου
3173 2935 3262 2989 καὶ
3293 2942 3544 3010 ταραχῆς
3600 2932 3756 2989 σπεύ-

2109 3019 2291 3078 δουσιν
2323 3022 2582 3096 ἐκτελεῖν,
2641 3020 2766 3078 οὐδὲ
2794 3028 2872 3096 τῷ
2928 3021 3133 3095 πλήθει
3178 3026 3288 3079 τῶν
3345 3024 3572 3100 στίχων,
3611 3022 3759 3079 ἀλλά

2105 3114 2175 3186 τῇ
2205 3113 2309 3182 τῆς
2354 3108 2592 3174 διανοίας
2641 3113 2827 3183 νοήσει
2876 3111 3272 3190 εὐφραίνονται,
3323 3110 3513 3184 ἐκείνῳ
3553 3116 3634 3185 τῷ
3668 3110 3760 3168 λο-

2108 3205 2293 3276 γισμῷ
2337 3199 2864 3263 κατακολουθοῦντες
2922 3205 3001 3273 τῷ
3058 3200 3334 3280 φάσκοντι·
3370 3225 3400 3255 α
3448 3198 3626 3256 Ψαλῶ
3680 3204 3761 3274 τῷ

2033 3286 2075 3353 C
2112 3290 2401 3363 πνεύματι,
2456 3287 2616 3364 ψαλῶ
2673 3289 2763 3345 καὶ
2815 3288 2895 3364 τῷ
2950 3288 3058 3345 νοί·
3092 3315 3121 3343 ››
3180 3287 3606 3370 ὠφελιμώτερον
3657 3289 3760 3366 γὰρ

2113 3376 2302 3454 ἔχουσι
2331 3377 2394 3433 τὸ
2428 3375 2555 3434 δέκα
2578 3376 2801 3456 στίχους
2836 3378 2971 3453 μετά
2999 3379 3257 3442 συνέσεως
3283 3378 3536 3455 ψάλλειν,
3567 3380 3603 3449 ἢ
3628 3376 3758 3434 ὅλον

2110 3467 2175 3524 τὸ
2203 3466 2508 3545 ψαλτήριον
2545 3467 2677 3543 μετά
2706 3467 3024 3545 συγχύσεως
3051 3465 3312 3532 διανοίας.

2183 3560 2240 3615 2.
2271 3555 2677 3623 Τελειωθέντων
2737 3554 2796 3613 δὶ
2846 3561 2955 3613 τῶν
3003 3556 3239 3633 ψαλμῶν
3269 3557 3357 3614 καὶ
3386 3554 3483 3612 τοῦ
3513 3556 3760 3626 κανόνος,

2118 3656 2293 3719 οὕτως
2358 3656 2433 3719 ὡς
2508 3654 2759 3732 ἀνωτέρω
2835 3655 3317 3731 ἐμνημονεύσαμεν
3349 3701 3364 3729 ,
3425 3651 3600 3716 οὐδεὶς
3653 3658 3762 3709 τῶν

2117 3742 2366 3824 ἀδελφῶν
2399 3744 2495 3800 κᾶν
2555 3745 2691 3821 πρὸς
2750 3743 2939 3822 ὀλίγον
2990 3748 3201 3814 στῆναι,
3231 3745 3266 3814 ἢ
3320 3743 3587 3817 ὁμιλῆσαι
3649 3741 3763 3815 μετ’

2119 3833 2295 3891 ἄλλου
2324 3833 2527 3908 τολμᾷ·
2560 3831 2688 3890 ἀλλ’
2732 3831 2856 3890 οὐδὲ
2884 3832 2982 3891 τοῦ
3019 3832 3246 3891 κελλίου
3302 3830 3612 3910 προελθεῖν,
3644 3832 3679 3901 ἢ
3700 3832 3764 3887 τὸ

2122 3919 2273 3998 ἔργον
2331 3923 2673 3994 καταλιπεῖν,
2705 3924 2735 3979 ’ὀ
2769 3925 2905 3998 μετά
2955 3929 3148 4002 χεῖρας
3197 3918 3441 4001 ἔχουσιν,
3474 3919 3768 3979 ἀποστολι-

2118 4013 2212 4069 κὸν
2245 4010 2584 4088 πληροῦντες
2616 4012 2977 4091 παράγγελμα
3007 4061 3022 4088 ,
3052 4013 3095 4069 εἰ
3130 4014 3205 4088 μή
3240 4012 3346 4069 πού
3376 4033 3440 4090 γε
3466 4010 3629 4090 ’χρεία
3674 4010 3766 4088 γέ-

2117 4124 2275 4175 νηται
2333 4102 2471 4179 πρὸς
2527 4102 2765 4174 καθῆκόν
2824 4123 2971 4165 τινος
3026 4101 3320 4178 ἀναγκαίου
3369 4099 3531 4180 ἔργου
3563 4102 3765 4164 πάντας

2121 4190 2496 4263 συνεισελθεῖν,
2545 4191 2679 4268 ὅπερ
2721 4190 2866 4250 οὕτω
2924 4190 3061 4266 μετᾶ
3111 4188 3356 4262 σπουδῆς
3412 4191 3501 4246 καὶ
3543 4189 3766 4266 ἐξερχό-

2121 4303 2274 4356 μενοι
2331 4278 2660 4358 πληροῦσιν,
2693 4280 2769 4344 ὡς
2825 4276 3102 4354 μηδεμίαν
3152 4276 3378 4353 ὁμιλίαν
3442 4278 3637 4351 μεταξὺ
3678 4277 3770 4333 αύ-

2115 4377 2223 4428 τῶν
2253 4368 2596 4442 ἀνακύπτειν,
2628 4364 2760 4425 ἀλλ’
2803 4364 3029 4423 ἕκαστον
3077 4365 3423 4441 προσέχοντα
3461 4368 3531 4438 τῇ
3566 4364 3767 4438 μελέτῃ

2115 4463 2216 4533 τῆς
2264 4457 2506 4521 διανοίας
2550 4455 2647 4523 καὶ,
2685 4459 2766 4529 τῷ
2804 4453 3033 4529 ψαλμῷ,
3082 4451 3422 4529 πληροῦντες
3467 4452 3530 4506 τὸ
3579 4472 3768 4527 προτε-

2115 4548 2410 4627 ταγμένον.
2443 4541 2674 4621 Μεγάλῃ
2708 4540 2767 4599 δέ
2796 4539 3006 4617 σπουδῇ
3031 4538 3383 4623 φυλάττουσι,
3411 4542 3486 4616 μή
3517 4561 3599 4602 τις
3635 4539 3769 4627 μετᾶ

2039 4666 2087 4732 D
2117 4625 2316 4705 ἄλλοι),
2344 4632 2438 4692 καὶ
2476 4630 2714 4708 μάλιστα
2749 4631 3047 4732 ἀρχαρίου,
3098 4628 3407 4732 ἀπολειφθῇ
3456 4635 3562 4732 τῶγ
3609 4625 3768 4732 ἀδελ-

2120 4730 2234 4803 φῶν
2272 4720 2498 4794 ῗδιάζων
2544 4720 2650 4777 ποό
2706 4742 2859 4794 ποτε,
2891 4724 2925 4793 ἢ
2958 4721 3055 4785 τὰς
3107 4718 3247 4783 ἰδίας
3297 4724 3488 4797 χεῖρας
3534 4716 3769 4780 ἐκτείνας

2113 4811 2372 4887 τολμήσῃ
2401 4816 2692 4888 κατασχεῖν
2723 4812 2758 4882 ἣ
2804 4811 3206 4886 περιπλακῆναι
3248 4809 3434 4886 ἑτέρῳ.
3599 4804 3658 4862 δέ
3687 4828 3767 4869 τις

2117 4899 2466 4980 παραϐαίνων
2512 4900 2602 4957 τὸν
2643 4901 2841 4958 κανόνα
2878 4905 3069 4959 τοῦτον
3114 4900 3330 4975 εύρεθῇ,
3382 4896 3644 4973 ἐπιτιμίῳ
3680 4897 3772 4974 βα-

2120 4992 2329 5071 ρυτάτῳ
2362 4986 2753 5049 ὑποϐάλλεται.
3719 5073 3732 5091 ’

2189 5086 2242 5142 3.
2275 5082 2408 5160 Περὶ
2461 5081 2557 5157 μὲν
2601 5079 2693 5137 οῦν
2723 5085 2821 5137 τοῦ
2866 5082 3158 5137 κανονικοῦ
3203 5077 3411 5154 τρόπου
3440 5078 3546 5130 τῶν
3594 5095 3654 5129 τε
3683 5077 3772 5128 εὖ-

2120 5178 2236 5251 χῶν
2269 5172 2359 5229 καὶ
2389 5176 2496 5229 τῶν
2547 5169 2809 5246 ψαλμῶν,
2841 5170 2902 5232 ὃς
2955 5166 3165 5244 ὀφείλει
3215 5165 3266 5220 ἐν
3308 5169 3429 5226 ταῖς
3478 5163 3772 5251 καθημερι-

2117 5249 2236 5327 ναῖς
2270 5260 2519 5323 συνόδοις
2551 5259 2932 5339 φυλάττεσθαι,
2965 5258 3160 5319 ἱκανῶς
3183 5256 3318 5359 ἡμῖγ
3353 5249 3774 5359 εἴρητ.αι.’(3φεί-

2121 5353 2291 5429 λομεν
2326 5350 2384 5408 δε
2412 5350 2606 5408 λοιπὸν
2639 5349 2764 5426 περὶ
2811 5351 2920 5403 τῶν
2966 5341 3424 5418 ἀποτασσομένων
3453 5344 3535 5415 τῷ
3581 5341 3773 5414 κόσμῳ

2212 5660 2297 5729 42)
2329 5659 2477 5716 Ibid.
2502 5676 2553 5716 ο.
2590 5658 2676 5718 15.

2212 5661 2297 5729 42)
2329 5661 2477 5716 Ibid.
2502 5676 2553 5716 ο.
2590 5661 2676 5718 ιε.

2187 5661 2300 5807 iis)
2329 5730 2478 5790 Ibid.
2510 5729 2614 5789 lib.
2645 5745 2723 5802 ιν,
2755 5743 2805 5786 ο.
2838 5723 2909 5797 1.,
