4148 6378
385 397 506 458 853

1554 388 1938 450 EPISTOLA
1984 388 2008 448 Ι
2054 389 2161 448 AD
2208 388 2654 452 CASTOREM.

3699 387 3819 447 854

388 523 774 600 διηγήσασθαι,
806 521 954 594 ποίῳ
983 520 1174 598 τρόπῳ
1231 519 1284 575 ἐν
1311 519 1526 581 τούτοις
1570 523 1684 581 τοῖς
1744 512 2035 580 κοινοϐίοις

2160 520 2261 590 qui
2289 522 2579 577 mundum
2605 521 2976 588 abdicarunt,
2997 536 3114 592 qua
3141 519 3367 575 ratione
3414 519 3472 574 in
3505 518 3666 574 hisce
3695 533 3815 574 coa-

388 615 746 690 είσέρχονται,
790 611 879 666 καὶ
959 609 1273 682 διαμένουσι
1347 613 1896 686 ταπεινοφρονοῦντες
1954 606 2042 661 καὶ

389 702 821 775 ὑποτασσόμενοι
873 697 976 763 ἕως
1033 699 1336 776 βαθυτάτης
1396 699 1619 765 πολιᾶς,
1649 697 1891 767 Τοσαύτη
1939 697 2042 771 γὰρ

384 797 509 872 παρ’
550 794 734 856 αὐτοῖς
766 795 800 863 ἠ
857 793 1070 861 ὑπακοή
1120 793 1210 846 καὶ
1266 791 1588 852 ταπείνωσις
1650 789 1780 866 ἄχρι
1829 792 2041 864 γήρως,

383 885 482 956 ὅση
543 885 644 940 οὐκ
694 883 754 938 ἃν
803 883 995 956 εὑρεθῇ
1063 879 1187 936 οὐδὲ
1231 881 1368 936 κατὰ
1417 882 1507 934 τὸν
1553 883 1771 956 πρῶτον
1805 879 2044 934 ἐνιαυτὸν

379 981 496 1036 τοῖς
532 970 994 1044 ἀποτασσομένοις
1028 968 1078 1024 ἐν
1107 973 1226 1030 τοῖς
1275 970 1393 1032 καθ’
1425 969 1574 1040 ἡμᾶς
1632 966 2039 1040 μοναστηρίοις.

382 1064 454 1118 Ού
501 1060 769 1139 πρότερον
819 1059 1000 1114 τοίνυν
1047 1055 1369 1134 δεχθήσεται
1418 1056 1524 1112 ἔσω
1569 1056 1621 1110 ἐν
1652 1061 1731 1128 τῷ
1769 1076 2044 1128 μοναστη-

383 1153 487 1230 ρίῳ
519 1154 546 1207 ὁ
577 1150 748 1215 θέλων
784 1148 1034 1222 μονάσαι,
1066 1147 1194 1223 πρὶν
1227 1144 1496 1217 ἀπόδειξίν
1545 1166 1667 1200 τινα
1715 1143 1804 1199 καί
1851 1149 2039 1219 πεῖραν

380 1246 478 1298 τοῦ
525 1241 660 1316 πρὸς
711 1239 839 1295 Θεὸν
889 1239 1062 1302 πόθου
1115 1235 1203 1292 καὶ
1246 1244 1346 1306 τῆς
1377 1235 1748 1295 ταπεινώσεως
1795 1235 1884 1288 καὶ
1936 1253 2041 1306 μα-

381 1331 685 1408 κροθυμίας
749 1327 838 1383 διὰ
893 1335 993 1398 τῆς
1051 1325 1400 1381 ἐπιπλεῖστον
1461 1325 1704 1394 ὑπακοῆς
1763 1322 2038 1397 παράσχῃ.

386 1416 742 1490 Δοκιμασθεὶς
773 1414 863 1470 οῦν
898 1415 950 1470 ἐν
976 1415 1214 1478 τούτοις,
1249 1410 1638 1488 εὐπρόσδεκτος
1700 1411 1825 1486 παρ’
1856 1408 2038 1470 αὑτοῖς

383 1508 607 1583 γίνεται,
652 1506 743 1561 καὶ
809 1503 1116 1559 διδάσκεται
1170 1510 1270 1570 τῆς
1351 1501 1515 1556 αύτοῦ
1581 1497 1894 1575 περιουσίας
1962 1499 2036 1570 μή

383 1593 532 1671 ἔχειν
577 1617 629 1649 τι
661 1593 1175 1669 τεθησαυρισμένον·
1211 1591 1517 1646 ἐπίστανται
1566 1590 1670 1664 γὰρ
1717 1589 1808 1643 τὸν
1861 1607 2040 1662 παρα-

383 1685 688 1761 κρατοῦντά
714 1705 766 1737 τι
797 1687 904 1737 τῶν
941 1679 1091 1736 ἰδίων
1124 1681 1200 1753 μὴ
1251 1677 1504 1734 δύνασθαι
1554 1675 1820 1750 διαμένειν
1865 1676 2038 1730 πολυ-

381 1771 606 1848 χρόνιον
641 1771 692 1824 ἐν
726 1771 794 1845 τῇ
843 1775 941 1825 τοῦ
997 1768 1363 1844 μοναστηρίου
1409 1768 1679 1842 ὑποταγῇ,
1711 1765 1802 1820 καὶ
1849 1786 2040 1820 κακου-

2155 610 2347 665 nobiis
2379 609 2808 681 ingrediantur,
2841 610 2900 664 in
2925 609 3155 680 illisque
3195 615 3579 680 permaneant
3608 607 3667 661 in
3700 606 3813 661 hu-

2156 699 2403 755 militate
2435 705 2492 754 et
2521 699 2905 768 obsequentia
2936 716 3124 770 usque
3154 700 3222 753 ad
3275 704 3594 753 extremam
3641 713 3810 751 sene-

2154 793 2397 844 ctutem.
2424 790 2537 860 (44)
2566 793 2751 844 Tanta
2775 789 2989 860 quippe
3006 789 3161 859 apud
3187 786 3316 841 illos
3335 792 3424 841 est
3454 785 3808 853 obedientia,

2152 881 2315 932 tanta
2361 878 2663 933 humilitas
2712 879 2781 932 ad
2830 882 3182 933 senectutem
3218 892 3425 946 usque,
3486 879 3707 945 quanta
3737 891 3810 930 ne

2154 967 2342 1038 primo
2367 968 2598 1037 quidem
2631 985 2784 1022 anno
2814 969 2872 1023 in
2906 967 2977 1022 iis
3010 966 3106 1038 qui
3133 965 3412 1021 saeculum
3438 965 3808 1030 abdicarunt,

2153 1055 2212 1111 in
2236 1057 2602 1113 monasteriis
2653 1057 2871 1112 nostris
2918 1057 3260 1128 reperiatur.
3315 1055 3426 1125 (45)
3486 1053 3612 1108 Non
3644 1053 3812 1124 prius

2153 1145 2354 1216 itaque
2384 1146 2442 1201 in
2479 1146 2833 1202 monasterio
2861 1145 3194 1200 admittitur
3225 1144 3324 1214 qui
3363 1142 3485 1198 vult
3527 1159 3655 1198 esse
3688 1158 3814 1196 mo-

2153 1235 2399 1298 nachus,
2428 1251 2604 1306 quam
2633 1235 2931 1307 specimen
2955 1239 3009 1290 et
3032 1233 3494 1305 experimentum
3517 1231 3815 1302 quoddam

2153 1325 2244 1379 sui
2275 1342 2412 1396 erga
2438 1326 2621 1379 Deum
2644 1323 3248 1393 amoris,humililatis
3280 1339 3398 1377 suae
3422 1326 3594 1392 atque
3616 1336 3815 1392 aequa-

2155 1415 2436 1469 nimitatis
2469 1430 2573 1485 per
2622 1431 2914 1469 summam
2950 1411 3344 1468 obedientiam
3405 1409 3650 1466 dederit.
3711 1408 3815 1464 His

2151 1503 2348 1575 itaque
2387 1503 2690 1574 probatus,
2736 1507 2803 1556 ut
2834 1501 3236 1558 admittendus
3289 1501 3362 1555 ab
3410 1497 3530 1554 illis
3563 1498 3814 1554 habetur

2151 1597 2324 1662 atque
2354 1593 2617 1661 docetur,
2645 1607 2713 1646 ne
2746 1590 3071 1662 quidquam
3106 1591 3176 1645 de
3205 1588 3532 1644 bonis'suis
3559 1587 3712 1659 apud
3747 1603 3811 1642 se

2151 1682 2518 1737 reconditum
2553 1684 2891 1736 conservet:
2925 1679 3089 1751 gnari
3141 1677 3366 1734 scilicet
3403 1694 3536 1732 eum
3587 1676 3687 1747 qui
3737 1676 3808 1731 de

2148 1772 2322 1826 bonis
2352 1771 2479 1826 suis
2501 1770 2824 1840 quidquam
2849 1769 3080 1835 retinet,
3119 1785 3234 1823 non
3257 1783 3429 1839 posse
3460 1766 3560 1820 diu
3593 1765 3652 1820 in
3686 1781 3810 1820 mo-

382 1861 482 1937 χίᾳ
538 1860 614 1922 είς
673 1859 832 1921 τέλος
892 1859 1256 1934 ἐγκαρτερεῖν.
1316 1857 1497 1912 Ἠνίκα
1563 1856 1668 1931 γὰρ
1743 1853 2035 1924 οἷαδήποτε

2151 1859 2393 1915 nasterii
2423 1857 2753 1915 obedientia
2776 1874 3138 1930 permanere,
3173 1872 3362 1928 neque
3387 1856 3459 1910 ad
3494 1856 3669 1909 finem
3701 1870 3806 1908 us-

2939 1947 2948 1957 .
3026 1945 3071 1962 ..
3321 1961 3328 1962 ί
3465 1949 3474 1962 ,
3660 1943 3794 1962 ημ-

383 1950 650 2028 πρόφασις
683 1951 718 2018 ἣ
748 1948 933 2022 θλίψις
969 1949 1069 2017 τὴν
1120 1947 1285 2002 αὑτοῦ
1331 1949 1540 2018 κινήσει
1590 1944 1852 2015 διάνοιαν,
1885 1943 2038 2006 εὐθὺς

386 2043 419 2110 ἠ
449 2045 546 2094 τοῦ
576 2039 940 2112 ἀποκειμένου
982 2036 1159 2110 ἐλπῖς,
1194 2036 1373 2111 ὥσπερ
1424 2033 1687 2107 σφενδόνη
1738 2034 1910 2104 λίθον,
1941 2037 2037 2088 τοῦ

389 2128 757 2204 μοναστηρίου
807 2126 1122 2182 ἐκτινάσσει.
1177 2127 1274 2181 Διά
1319 2147 1404 2180 τοι
1449 2129 1608 2180 τοῦτο
1660 2121 1884 2184 ἕκαστος
1940 2121 2035 2177 αύ-

381 2223 487 2273 τῶν
519 2221 816 2293 γυμνοῦται
846 2219 944 2285 τῆς
976 2215 1210 2292 ἀρχαίας
1240 2215 1572 2290 περιουσίας,
1607 2215 1680 2276 ὡς
1717 2211 1858 2286 μηδὲ
1904 2213 2035 2267 αὐτὸ

378 2307 442 2362 τὸ
473 2305 676 2378 ἔνδυμα
707 2307 735 2360 ’ὁ
767 2300 1239 2379 περιϐεϐλημένος
1268 2304 1408 2374 ἦλθε
1457 2308 1554 2359 τοῦ
1604 2303 1802 2358 λοιποῦ
1847 2307 2030 2377 φορεῖν

378 2400 802 2472 συγχωρεῖσθαι.
859 2393 1054 2464 Ἀλλὰ,
1120 2399 1229 2449 τὼν
1308 2392 1556 2470 ἀδελφῶν
1629 2394 1844 2447 πάντων
1910 2413 2030 2445 συν-

378 2484 655 2559 ηγμένων,
688 2485 988 2558 προαχθεὶς
1020 2483 1095 2544 εἷς
1126 2483 1189 2550 τὸ
1223 2481 1404 2555 μέσον,
1439 2479 1680 2537 ἐκδύεται
1724 2482 1792 2536 τὰ
1839 2481 2032 2553 ἱμάτια

475 2570 500 2594 Ἰ
826 2571 841 2593 \
924 2575 950 2586 ’⁸
1183 2572 1207 2582 "’
1364 2576 1388 2586 ν
1442 2571 1453 2590 Ἰ
1543 2577 1566 2587 ~
1690 2568 1744 2587 ἢν
2001 2575 2024 2584 -ι

377 2575 443 2628 τὰ
479 2571 607 2641 ιδτα,
637 2573 727 2626 καὶ
761 2568 849 2626 διο.
885 2592 992 2626 των
1043 2590 1247 2647 χειρων
1295 2592 1392 2625 του
1432 2565 1594 2639 αϐϐα,
1626 2569 1887 2642 ἐνουμασι
1932 2591 2029 2624 του

383 2660 751 2737 μοναστηρίου
787 2661 1267 2738 μεταμφιέννυται·
1308 2659 1384 2720 ὡς
1417 2656 1506 2713 διὰ
1534 2663 1632 2713 τοῦ
1683 2657 1855 2713 τύπου
1902 2660 2028 2712 τού-

375 2771 472 2805 του
533 2749 824 2825 ἐπιγνῶναι
879 2749 1060 2821 αύτὸν,
1122 2747 1227 2818 ὅτι,
1287 2747 1500 2803 πάντων
1569 2752 1677 2802 τῶν
1747 2751 2024 2819 κοσμικῶν

378 2837 712 2914 πραγμάτων
764 2839 853 2892 καὶ
901 2844 1001 2907 τῆς
1053 2837 1389 2906 ἀλαζονείας,
1435 2836 1525 2892 καὶ
1569 2841 1667 2892 τοῦ
1714 2835 1885 2914 τύφου
1933 2858 2030 2911 γυ-

384 2927 633 3000 μνωθεὶς,
666 2923 948 2981 ἐνεδύσατο
1004 2928 1103 2995 τήν
1163 2925 1436 3002 πτωχείαν
1487 2930 1585 2980 τοῦ
1634 2927 1888 3000 Χριστοῦ,
1940 2925 2029 2979 καὶ

379 3015 464 3071 ὅτι
513 3015 955 3090 ἀνεπαισχύντως
1002 3014 1280 3090 ἐναριθμεῖ
1337 3015 1544 3077 ἑαυτὸν,
1594 3015 1684 3069 καὶ
1733 3013 1899 3084 ἐξισοῖ
1949 3018 2030 3086 τῷ

380 3105 591 3177 σώματι
639 3111 738 3173 τῆς
793 3102 1186 3182 ἀδελφότητος.
1219 3104 1295 3158 Τὰ
1343 3101 1402 3158 δέ
1447 3103 1639 3176 ἱμάτια
1669 3102 1702 3158 ἃ
1735 3100 2026 3158 ἀποδύεται

381 3189 564 3248 λαϐὼν
596 3213 624 3247 ο
656 3192 947 3264 οἰκονόμος
979 3199 1078 3261 τῆς
1113 3192 1285 3265 μονῆς
1317 3191 1596 3270 φυλάττει,
1631 3191 1891 3270 ἀφορίσας
1922 3189 2027 3252 ἓως

379 3279 426 3336 δ’
458 3282 517 3337 ἃν
562 3289 660 3352 τῆς
709 3289 996 3358 προκοπῆς
1047 3280 1210 3336 αὐτοῦ
1257 3281 1346 3335 καὶ
1395 3288 1495 3350 τῆς
1545 3281 1905 3358 ἀναστροφῆς,
1935 3280 2023 3335 καὶ
2057 3271 2099 3337 C

378 3372 663 3444 ὑπομονῆς
693 3378 793 3441 τῆς
825 3370 876 3425 ἐν
912 3368 1191 3448 διαφόροις
1223 3377 1546 3444 πειρασμοῖς
1577 3368 1845 3441 ἀπόδειξιν
1886 3390 2021 3444 παρ-

377 3460 542 3536 άσχῃ.
579 3461 678 3515 Καὶ
722 3460 768 3514 εἰ
819 3460 914 3532 μὲν
961 3459 1186 3536 εὕρωσιν
1236 3459 1394 3514 αὑτὸν
1448 3457 1738 3533 δυνάμενον
1795 3458 1848 3514 ἐν
1894 3458 2022 3514 τού-

373 3570 489 3612 τοις
547 3553 848 3624 καρτερεῖν,
898 3548 986 3603 καὶ
1043 3548 1094 3603 ἐν
1145 3545 1355 3622 σπουδῇ
1405 3549 1568 3622 πάσῃ,
1617 3549 1705 3604 καὶ
1775 3546 2023 3623 διαπύρῳ

378 3637 569 3712 θέρμῃ,
669 3637 946 3713 ἐνήρξατο,
981 3635 1324 3710 διαμένοντα,
1375 3643 1491 3699 τοῖς
1536 3637 1755 3699 λοιποῖς
1805 3659 2021 3713 συναρι-

379 3731 604 3800 θμοῦσιν
656 3724 931 3802 ἀδελφοῖς·
981 3726 1026 3780 εἰ
1072 3724 1130 3781 δέ
1182 3747 1232 3780 τι
1278 3731 1594 3802 γογγυσμοῦ
1643 3726 1952 3800 ἐλάττωμα,
1987 3726 2022 3796 ἢ

379 3823 658 3892 παρακοῆς
719 3814 1050 3886 οἱασδήποτε
1106 3803 1369 3890 ἁμαρτίαν
1431 3815 1482 3870 ἐν
1543 3815 1689 3889 αύτῷ
1743 3816 2026 3891 καταμάρ-

382 3907 539 3959 θωσιν
593 3907 655 3980 [1³.
704 3905 1177 3980 καταμάρψωσιν],
1211 3903 1488 3967 ἐκδύοντες
1535 3910 1724 3961 τοῦτον
1776 3907 1910 3982 ἅπερ
1969 3905 2029 3961 ἐκ

382 3998 478 4048 τοῦ
513 3995 870 4069 μοναστηρίου
901 3991 1236 4065 ἐνεδύσαντο,
1266 3995 1356 4050 καὶ
1384 4000 1500 4058 τοῖς
1540 4001 1827 4068 κοσμικοῖς
1876 3992 2027 4050 ἐνδύ-

385 4103 512 4156 μασι
541 4083 704 4140 πάλιν
735 4078 1180 4160 περιϐάλλοντες,
1214 4084 1558 4139 ἀπωθοῦνται
1589 4088 1684 4138 τοῦ
1723 4080 2024 4140 κοινοϐίου.

378 4174 464 4236 Ὠς
494 4171 554 4228 ἐκ
579 4171 781 4243 ταύτης
823 4172 1015 4227 Λοιπὸν
1078 4178 1180 4241 τῆς
1225 4168 1502 4248 ἀκριϐείας
1552 4179 1628 4246 μὴ
1678 4172 1901 4250 εὐχερὲς
1959 4173 2029 4227 εἶ-

375 4282 461 4317 ναι
507 4267 588 4335 τῷ
644 4260 970 4337 βουλομένῳ
1021 4259 1357 4336 εἰσέρχεσθαι
1406 4261 1480 4323 ὡς
1535 4259 1789 4338 βούλεται
1833 4264 1868 4332 ἣ
1897 4263 2029 4317 ἀνα-

377 4357 582 4429 χωρεῖν
638 4357 740 4420 τῆς
801 4356 996 4423 μονῆς,
1047 4348 1194 4404 ἀλλὰ
1247 4350 1337 4405 τὸν
1401 4351 1478 4422 μή
1538 4349 1842 4424 ἐμμένοντα
1894 4353 2032 4406 κατὰ

377 4439 550 4496 πάντα
621 4438 824 4517 τρόπον
875 4441 944 4514 τῇ
1002 4435 1116 4511 ῗδίᾳ
1161 4438 1444 4514 ὁμολογίᾳ
1505 4437 1878 4514 μετενδύεσθαι
1933 4447 2032 4498 τοῦ

384 4529 770 4606 μοναστηρίου.

452 4623 507 4677 4.
564 4622 697 4678 ’Ὀτε
751 4617 930 4674 τοίνυν
992 4619 1020 4673 ὁ
1083 4615 1405 4694 ὑποδεχθεὶς
1474 4619 1678 4694 ταύτῃ,
1737 4623 1875 4698 ᾗπερ
1953 4623 2031 4678 εἰ·
2065 4646 2111 4711 D

386 4710 651 4787 ρήκαμεν,
703 4702 952 4782 ἀκριϐείᾳ
1026 4705 1354 4781 δοκιμασθῇ,
1423 4708 1511 4762 καὶ
1585 4711 1870 4783 ἄμεμπτος
1946 4712 2032 4767 εὑ-

387 4801 542 4874 ρεθῇ,
575 4797 637 4853 ού
694 4804 1040 4874 παραχρῆμα
1084 4799 1154 4871 τῇ
1207 4793 1429 4868 συνοδίᾳ
1475 4802 1584 4852 τῶν
1636 4797 1882 4878 ἀδελφῶν
1913 4822 2033 4855 σύν-

388 4887 779 4962 αναμίγνυσθαι
859 4885 1241 4962 ἐπιτρέπεται,
1300 4883 1446 4941 ἀλλά
1525 4886 1880 4962 παραδίδοται
1955 4895 2036 4963 τῷ

388 4975 809 5054 ἐντιτεταγμένῳ
837 4977 936 5047 τὴν
989 4973 1244 5055 φροντίδα
1297 4979 1407 5030 τῶν
1459 4975 1646 5049 ξένων,
1677 4978 1765 5032 καὶ
1819 4978 2034 5042 τούτοις

387 5071 557 5120 πᾶσαν
588 5062 900 5139 ἐπιμέλειαν
943 5066 1033 5120 καὶ
1069 5065 1362 5141 ὑπηρεσίαν
1396 5072 1569 5121 ποιεῖν
1622 5067 2034 5142 προστάσσεταιο

384 5156 474 5210 καὶ
532 5153 621 5211 ὅτε
678 5154 989 5230 ὁλόκληρον
1037 5154 1275 5210 ἐνιαυτὸν
1323 5153 1628 5228 ἀμέμπτως
1667 5155 2038 5233 ἐξυπηρετήσῃ

385 5251 498 5309 τοῖς
555 5246 747 5318 ξένοις,
805 5246 1074 5311 τυπωθεὶς
1132 5243 1221 5301 διὰ
1274 5247 1470 5302 τούτου
1527 5249 1663 5324 πρὸς
1718 5249 2040 5304 ταπείνωσιν

384 5336 472 5390 καὶ
521 5337 916 5410 μακροθυμίαν,
971 5337 1376 5412 συναριθμεῖται
1433 5335 1627 5392 λοιπὸν
1686 5342 1754 5412 τῇ
1815 5337 2040 5410 συνοδίᾳ

383 5428 492 5480 τῶν
524 5422 800 5505 ἀδελφῶν,
831 5426 922 5481 καὶ
963 5423 1321 5501 παραδίδοται
1382 5426 1460 5482 ἐνὶ
1509 5429 1616 5484 τῶν
1661 5428 1950 5506 γερόντων,
1983 5430 2041 5492 ὃς

462 5591 577 5664 (44)
610 5592 876 5649 Cassian.
908 5593 1148 5649 Institut.
1181 5592 1284 5650 lib.
1315 5609 1393 5664 Iv,
1426 5611 1477 5651 c.
1508 5597 1564 5652 2.

461 5663 577 5732 (45)
611 5665 758 5720 Ibid.
792 5681 844 5720 ο.
876 5665 912 5719 3
941 5669 998 5724 et
1016 5665 1070 5723 4.

465 5735 580 5807 (46)
604 5735 752 5796 Ibid.
784 5752 836 5794 ο.
866 5735 922 5795 5.

2149 1966 2262 2019 que
2294 1963 2828 2021 perseverare,przn
2858 1947 3038 2001 animi
3059 1945 3339 2017 languore
3373 1962 3438 2000 ac
3463 1943 3804 1998 taedio.Cum

2149 2038 2366 2109 quaevis
2398 2039 2556 2093 enim
2591 2038 2839 2093 minima
2868 2035 3095 2091 occasio
3127 2040 3229 2090 aut
3257 2035 3493 2089 afﬂictio
3527 2034 3655 2104 ejus
3687 2049 3806 2088 mo-

2145 2128 2302 2184 vebit
2331 2127 2824 2194 animum,statim
2857 2125 3139 2180 reconditi
3168 2123 3432 2179 thesauri
3465 2121 3802 2194 spes,quasi

2145 2220 2327 2274 funda
2352 2218 2630 2288 lapidem,
2662 2215 3018 2272 monasterio
3057 2213 3225 2269 illum
3258 2213 3434 2285 ejicit.
3473 2214 3582 2284 (46)
3615 2213 3804 2276 Quare

2143 2307 2336 2380 quivis
2368 2307 2604 2362 illorum
2628 2306 2888 2376 antiquis
2922 2303 3402 2376 possessionibus
3446 2301 3698 2370 exuitur,
3721 2301 3804 2356 ita

2141 2403 2206 2453 ut
2236 2414 2305 2452 ne
2334 2397 2683 2452 vestimento
2716 2394 2952 2465 quidem
3004 2410 3120 2464 quo
3149 2392 3395 2448 indutus
3423 2396 3548 2447 erat
3577 2390 3661 2446 uti
3686 2389 3799 2445 sibi

2139 2485 2328 2541 liceat.
2361 2485 2466 2539 Sed
2493 2483 2858 2555 congregatis
2879 2484 3109 2539 cunctis
3133 2481 3500 2548 fratribus,in
3534 2479 3797 2535 medium

2139 2577 2451 2641 adductus,
2483 2573 2716 2629 exuitur
2745 2572 3110 2628 vestimentis
3159 2571 3434 2643 propriis,
3485 2574 3542 2625 et
3589 2585 3794 2626 eorum

2137 2664 2264 2720 loco
2290 2663 2520 2718 abbatis
2542 2662 2816 2717 manibus
2839 2661 3185 2717 monasterii
3207 2659 3574 2716 vestimentis
3598 2658 3796 2714 indui-

2136 2756 2344 2820 turgut
2373 2769 2440 2806 ea
2468 2751 2656 2806 forma
2678 2755 2992 2822 cognoscat
3020 2751 3166 2822 ipse,
3192 2767 3254 2805 se
3276 2748 3594 2804 mundanis
3617 2748 3794 2805 rebus

2142 2841 2421 2898 omnibus
2454 2839 2791 2910 arrogantia
2822 2840 2961 2893 item
2994 2845 3051 2894 et
3082 2839 3358 2910 superbia
3387 2837 3795 2904 nudatum,in-

2143 2930 2344 2985 duisse
2373 2933 2774 3002 paupertatem
2807 2927 3042 2994 Christi,
3106 2932 3162 2982 et
3217 2927 3344 2983 sine
3402 2927 3624 2998 pudore
3670 2941 3799 2981 sese

2139 3035 2566 3076 connumerare
2586 3021 2642 3073 et
2662 3033 2895 3088 exaequa
2907 3033 2965 3072 re
2994 3015 3222 3089 corpori
3256 3015 3639 3071 fraternitatis
3658 3014 3794 3085 (47).

2139 3109 2506 3165 Vestimenta
2537 3112 2734 3163 autem
2787 3105 3001 3177 quibus
3060 3105 3291 3160 exuitur
3338 3108 3576 3176 accepta
3605 3107 3799 3159 servat

2138 3214 2475 3254 ceconomus
2533 3195 2899 3262 monasterii,
2957 3199 3132 3266 atque
3210 3211 3476 3250 seorsum
3540 3191 3792 3264 reponit,

2140 3288 2323 3344 donec
2352 3287 2479 3357 ipse
2508 3286 2831 3356 profectus,
2880 3283 3342 3340 conservationis
3382 3281 3792 3354 patientiaeque

2131 3377 2190 3430 in
2225 3375 2402 3431 variis
2435 3373 2860 3430 tentationibus
2882 3373 3179 3444 specimen
3211 3372 3456 3428 dederit.
3484 3373 3551 3426 Et
3577 3371 3625 3426 si
3655 3370 3785 3442 qui-

2133 3465 2266 3520 dem
2323 3464 2793 3535 deprehendatur
2848 3463 2908 3517 in
2971 3463 3129 3518 hisce
3177 3480 3345 3533 posse
3390 3477 3783 3533 perseverare,

2133 3559 2307 3626 atque
2332 3571 2397 3609 eo
2429 3554 2644 3623 studio,
2700 3557 2756 3608 et
2794 3552 3033 3608 ferventi
3084 3554 3379 3623 proposito
3438 3567 3553 3621 quo
3613 3549 3787 3620 coepit

2133 3660 2497 3716 permanere,
2555 3642 2763 3713 reliqui
2823 3658 2958 3697 eum
3030 3642 3308 3696 fratribus
3367 3643 3781 3696 annumerant.

2134 3734 2295 3797 Quod
2331 3733 2379 3788 si
2409 3733 2468 3787 in
2500 3749 2566 3787 eo
2599 3731 3086 3787 murmurationis
3117 3731 3418 3801 delictum,
3453 3735 3554 3786 aut
3584 3729 3785 3785 inobe-

2135 3823 2365 3878 dientia:
2415 3821 2730 3891 cujuslibet
2775 3827 3077 3893 peccatum
3139 3822 3520 3892 comperiant,
3545 3823 3786 3874 exutum

2136 3929 2270 3968 eum
2304 3911 2641 3968 monasterii
2679 3911 3066 3979 vestimentis,
3108 3928 3175 3966 ac
3234 3910 3551 3965 mundanis
3599 3909 3788 3963 denuo

2135 4000 2498 4057 indumentis
2515 4000 2794 4056 amictum
2813 4017 2880 4054 ex
2897 4000 3158 4056 coenobio
3171 3999 3573 4071 expellunt,ita
3585 4002 3648 4053 ut
3661 3999 3794 4069 post

2138 4095 2257 4147 tam
2291 4093 2626 4146 accuratam
2655 4089 3214 4159 probationem,non
3246 4088 3414 4145 facile
3444 4089 3521 4144 sit
3549 4086 3790 4154 volenti,

2139 4179 2380 4234 arbitrio
2413 4194 2519 4232 suo
2542 4175 2628 4232 vel
2661 4176 2890 4247 ingredi
2920 4176 3008 4232 vel
3041 4193 3072 4232 e
3101 4177 3462 4232 monasterio
3491 4177 3788 4243 secedere;

2140 4268 2239 4324 sed
2270 4267 2367 4338 qui
2397 4283 2462 4320 se
2491 4266 2796 4337 profitetur
2826 4281 3126 4320 remanere
3157 4264 3329 4331 nolle,
3354 4265 3593 4322 omnino
3625 4282 3797 4323 exua-

2138 4362 2237 4414 tur
2269 4353 2608 4412 monasterii
2640 4354 3030 4410 vestimentis.

2215 4629 2267 4683 4.
2305 4625 2418 4698 (48)
2450 4624 2594 4680 Cum
2625 4623 2807 4695 igitur
2827 4623 2877 4678 is
2910 4622 3010 4695 qui
3043 4627 3353 4695 susceptus
3412 4625 3522 4691 est,
3581 4639 3650 4679 ea
3679 4639 3798 4695 qua

2145 4717 2404 4774 diximus
2435 4713 2807 4770 accuratione
2846 4713 3148 4783 probatus,
3209 4712 3664 4784 inculpataeque
3694 4714 3798 4768 de-

2147 4807 2476 4880 prehensus
2506 4808 2616 4870 est,
2649 4819 2765 4857 non
2797 4802 2997 4857 statim
3030 4802 3276 4857 fratrum
3336 4802 3512 4858 οωιυὶ
3554 4802 3798 4858 commi-

2147 4896 2293 4953 sceri
2327 4894 2706 4966 permittitur,
2733 4893 2831 4947 sed
2865 4891 3120 4947 traditur
3135 4891 3185 4946 ei
3210 4892 3301 4947 cui
3327 4891 3626 4964 hospitum
3642 4908 3800 4946 com-

2148 4986 2332 5041 missa
2351 5001 2492 5040 cura
2522 4987 2630 5050 est,
2668 4987 2843 5052 atque
2875 4982 3111 5052 iubetur
3141 4981 3439 5053 hospitum
3474 4980 3801 5036 ministerio

2147 5080 2205 5130 et
2234 5073 2515 5144 obsequio
2547 5071 2778 5128 omnino
2800 5087 3041 5138 vacare;
3075 5087 3140 5125 ac
3161 5075 3476 5142 postquam
3508 5071 3802 5142 integrum

2148 5181 2370 5221 annum
2401 5161 2699 5233 inculpate
2738 5160 3002 5232 hospites
3031 5160 3338 5232 exceperit,
3373 5159 3482 5215 hac
3515 5159 3654 5215 rein
3687 5159 3804 5214 hu-

2149 5253 2460 5309 militatem
2493 5252 2836 5307 efformatus
2868 5255 2926 5304 et
2955 5249 3013 5304 in
3037 5249 3804 5320 aequanimitatem,demum

2152 5342 2324 5398 σαθῐυί
2360 5343 2603 5396 fratrum
2633 5344 3076 5408 annumeratur,
3091 5342 3268 5408 atque
3298 5338 3470 5393 alicui
3505 5354 3536 5393 e
3565 5337 3806 5393 seniori-

2151 5433 2265 5488 bus
2284 5432 2563 5499 traditur,
2584 5430 2680 5486 cui
2711 5430 2858 5485 an
2896 5427 3144 5497 hujusce
3176 5427 3445 5484 muneris
3476 5427 3807 5485 sollicitudo

2230 5594 2342 5667 (47)
2377 5595 2521 5650 Ibid.
2558 5611 2608 5651 c.
2632 5593 2688 5649 6.

2229 5667 2339 5740 (48)
2370 5667 2518 5724 Ibid.
2551 5683 2600 5723 ο.
2630 5667 2687 5720 7.
