4148 6404
327 401 449 463 855

1495 399 1560 461 S.
1604 396 2133 461 ATHANASIUS.
2164 426 2244 440 -—
2270 394 2584 459 SPURIA.

3632 395 3753 459 856

329 535 715 606 incumbit,ut
731 534 1087 608 discipulum
1121 535 1501 605 doceat,quas
1529 534 1656 589 vias
1677 532 1985 605 ingressus

2112 527 2296 599 ταύτην
2329 526 2447 605 ἔχει
2503 528 2604 597 τὴν
2666 526 3133 604 μέριμναν,δπως
3179 524 3365 603 διδάξῃ
3416 528 3508 584 τὸν
3573 540 3751 603 μαθη-

333 625 406 682 ad
456 624 871 696 perfectionem
904 624 1185 678 virtutum
1216 624 1512 695 pervenire
1546 622 1747 693 possit.
1780 622 1894 692 (49)
1924 622 1987 675 ln

332 714 540 786 primis
572 712 740 768 docet
769 729 902 768 eum
925 714 1190 768 studium
1215 712 1532 784 superandi
1566 711 1830 783 proprias
1851 727 1989 765 con-

333 802 730 875 cupiscentiae
760 806 818 856 et
867 800 1217 873 voluptates,
1264 802 1523 871 iubendo
1576 817 1645 855 ea
1701 815 1830 871 quae
1860 800 1992 870 ejus

332 891 621 948 voluntati
651 891 943 946 contraria
974 894 1135 945 sunt.
1193 891 1375 944 Aiunt
1433 891 1590 945 enim
1643 889 1844 945 Patres
1877 905 1989 944 non

339 980 510 1038 aliter
539 995 710 1053 posse
735 996 1093 1053 quemquam
1148 979 1483 1050 voluptates
1532 978 1869 1051 reprimere,
1893 982 1996 1033 aut

336 1070 835 1137 iracundiam,aut
865 1068 1163 1124 tristitiam
1193 1086 1206 1137 ;
1232 1073 1334 1123 aut
1363 1084 1556 1123 veram
1589 1068 1854 1123 obtinere
1883 1067 1993 1122 bu-

337 1159 671 1227 militatem,
690 1158 1039 1214 autdemum
1056 1174 1175 1212 una
1189 1173 1324 1212 cum
1348 1157 1631 1212 fratribus
1652 1155 1708 1211 in
1733 1157 1996 1213 coenobio

338 1252 493 1304 recte
522 1246 1063 1315 consummari,nisi
1096 1252 1228 1301 ante
1251 1263 1353 1317 per
1382 1245 1772 1302 obedientiam
1787 1246 1996 1302 volun-

337 1341 489 1392 tates
520 1352 659 1393 suas
691 1336 1139 1391 mortiﬁcaverit.
1195 1337 1306 1405 (50)
1346 1336 1444 1391 His
1475 1335 1998 1393 constitutionibus

339 1430 516 1497 atque
546 1425 849 1490 doctrinis,
881 1424 1049 1496 quasi
1081 1424 1435 1496 quibusdam
1467 1423 1778 1480 elementis
1799 1430 1857 1481 et
1879 1424 1996 1497 syl-

340 1513 621 1585 labis,ubi
653 1513 1002 1585 discipulum
1035 1515 1104 1569 ad
1131 1513 1592 1585 praastantiorem
1627 1518 1849 1570 statum
1872 1530 2001 1587 pro-

342 1604 654 1675 duxerunt,
683 1607 886 1675 postea
917 1603 1027 1658 hoc
1057 1604 1265 1659 docent
1292 1602 1484 1671 illum,
1519 1607 1585 1658 ut
1621 1603 2001 1672 cogitationes

342 1708 483 1749 suas
516 1708 586 1747 ne
605 1692 781 1759 celet;
811 1693 914 1749 sed
934 1692 1031 1748 ubi
1060 1692 1817 1765 accedunt,quamprimum
1846 1691 2000 1747 Patri

343 1798 453 1838 suo
484 1781 733 1850 revelet;
769 1798 954 1853 neque
987 1782 1057 1836 de
1114 1797 1316 1836 earum
1356 1781 1576 1852 judicio
1620 1785 1678 1836 et
1732 1781 2000 1837 examine

346 1870 648 1944 quidpiam
675 1871 834 1926 cordi
875 1886 985 1926 suo
1008 1870 1425 1938 confidat;sed
1459 1873 1607 1925 sciat
1660 1870 1715 1925 id
1759 1870 1997 1941 bonum,

346 1961 405 2017 id
440 1960 660 2016 malum
693 1977 841 2029 esse,
876 1961 1030 2032 quod
1070 1959 1298 2031 judicio
1353 1976 1459 2015 suo
1502 1959 1690 2026 Pater,
1743 1961 1893 2015 facto
1924 1971 2007 2024 rei

350 2052 638 2119 examine,
660 2050 775 2105 tale
804 2065 933 2106 esse
962 2047 1361 2104 declaraverit.
1393 2052 1512 2104 Hac
1543 2048 1767 2104 ratione
1799 2050 2010 2120 poterit

350 2156 557 2196 omnes
586 2139 811 2195 inimici
845 2138 1107 2194 fallacias
1122 2138 1305 2193 vitare
1334 2137 1605 2209 quisquis
1636 2138 1708 2193 ad
1731 2137 2006 2194 virtutem

346 2229 717 2285 instituitur:
771 2228 870 2300 qui
916 2232 1117 2299 utpote
1160 2226 1492 2297 imperitus,
1564 2225 1788 2280 inimici
1840 2224 2006 2282 dolos

343 2318 595 2390 ignorat.
627 2317 807 2372 Aiunt
835 2319 991 2371 enim
1025 2315 1214 2372 sancti
1268 2315 1470 2371 Patres
1514 2314 1732 2371 diaboli
1782 2315 1927 2370 artis
1949 2319 2006 2370 et

346 2406 701 2463 insidiarum
725 2406 1110 2476 conspicuum
1135 2419 1264 2461 esse
1285 2403 1683 2475 signum,cum
1700 2401 2006 2475 discipulis

349 2496 560 2551 suadet
613 2499 679 2549 ut
737 2495 1008 2550 Patribus
1059 2493 1446 2565 cogitationes
1505 2490 1795 2548 occultent
1841 2508 2003 2560 suas,

347 2584 528 2655 idque
552 2600 622 2639 ex
650 2582 939 2655 superbiae
976 2586 1163 2645 motu,
1195 2581 1365 2652 quasi
1396 2581 1619 2637 scilicet
1668 2581 1781 2653 ipsi
1812 2576 2005 2638 idonei

349 2674 472 2729 sint
500 2688 605 2745 per
634 2688 697 2727 se
727 2687 1053 2743 congruum
1094 2688 1163 2726 ea
1199 2670 1269 2725 de
1302 2686 1362 2726 re
1409 2669 1719 2726 consilium
1750 2687 1957 2742 capere
1989 2688 2004 2741 ;

352 2765 456 2819 aut
485 2778 555 2818 ex
583 2760 744 2816 inani
767 2760 1133 2833 gloria,quod
1167 2759 1686 2830 pudeatnimirum
1725 2776 1866 2816 suas
1898 2777 2005 2833 pu-

352 2850 572 2907 blicare
595 2850 998 2921 cogitationes.

422 3032 480 3087 5.
503 3031 615 3103 (5|)
646 3030 834 3087 Tanta
865 3046 1036 3103 porro
1058 3030 1213 3102 apud
1247 3029 1377 3086 illos
1406 3033 1497 3086 est
1523 3029 1925 3102 obsequentia,
1940 3034 2006 3087 ut

351 3119 498 3176 citra
525 3118 754 3176 abbatis
776 3119 1109 3191 jussionem
1142 3120 1297 3174 ausit
1328 3136 1520 3185 nemo,
1544 3136 1617 3176 ne
1645 3136 1713 3175 ex
1734 3137 1843 3176 sua
1872 3120 2004 3192 qui-

351 3210 485 3265 dem
514 3207 726 3264 cellula
744 3208 806 3263 in
838 3224 956 3280 qua
1003 3209 1166 3264 sedet
1196 3209 1626 3280 egredizatque
1669 3215 1832 3265 tanto
1877 3213 2005 3265 stu-

2095 615 2411 689 τευόμενον,
2444 614 2533 672 διά
2560 617 2718 680 ποίας
2748 615 2877 673 ὁδοῦ
2919 614 3218 693 ἀρξάμενος
3272 615 3478 693 δυνηθῇ
3527 616 3616 673 ἐπὶ
3652 620 3754 687 τήν

2096 704 2419 777 τελειότητα
2444 710 2553 761 τῶν
2597 706 2799 781 ἀρετῶν
2852 707 3069 779 φθάσαι.
3104 708 3192 763 Ἐν
3237 706 3479 781 πρώτοις
3530 704 3623 761 οῦν
3672 704 3753 763 δι-

2103 792 2284 849 δάσκει
2315 794 2477 849 αὐτὸν
2527 791 2843 864 σπουδάζειν
2902 799 3054 865 νικᾷν
3110 795 3206 857 τὰς
3268 792 3409 857 ἰδίας
3465 794 3755 868 ἐπιθυμίας

2101 882 2190 937 καὶ
2222 881 2444 953 ἡδονὰς,
2474 880 2562 937 διὰ
2607 884 2670 938 τὸ
2720 882 3023 938 ἐπιτάσσειν
3075 883 3223 955 αύτῴ
3272 883 3341 938 τὰ
3389 882 3603 939 ἐναντία
3646 888 3755 938 τῶν

2105 970 2236 1039 θελη
2249 972 2431 1044 μάτων
2463 971 2648 1029 αὐτοῦ.
2684 972 2799 1028 Οὐκ
2826 970 3013 1034 ἄλλως
3038 973 3140 1048 γὰρ
3167 971 3414 1048 λέγουσιν
3448 973 3501 1027 οἱ
3529 970 3758 1047 πατέρες

2106 1058 2361 1125 δύνασθαι
2390 1082 2511 1117 τινα
2539 1061 2634 1123 τὰς
2680 1058 2883 1131 ἡδονὰς
2933 1059 3221 1137 χαλινοῦν,
3250 1062 3285 1130 ἢ
3319 1061 3491 1138 ὀργῆς
3540 1060 3758 1138 περιγί-

2103 1151 2309 1219 νεσθαι,
2337 1151 2371 1220 ἢ
2427 1149 2631 1221 λύπης,
2676 1150 2712 1219 ἣ
2754 1148 3075 1205 ταπείνωσιν
3129 1149 3314 1225 ἀληθῇ
3373 1152 3695 1222 κτήσασθαι,
3725 1149 3760 1219 ἣ

2107 1237 2298 1301 ἁπλῶς
2332 1239 2468 1311 μετά
2496 1236 2868 1316 ἀδελφότητος
2910 1238 2962 1294 ἐν
2992 1235 3256 1313 κοινοϐίῳ
3298 1237 3484 1302 καλῶς
3526 1239 3757 1295 τελειω-

2108 1328 2288 1396 θῆναι,
2324 1327 2371 1382 εἰ
2427 1329 2503 1401 μή
2554 1328 2818 1402 πρότερον
2869 1324 2958 1384 διὰ
2993 1330 3092 1398 τῆς
3128 1329 3369 1394 ὑπακοῆς
3401 1328 3646 1405 νεκρώσῃ
3691 1328 3758 1383 τὰ

2110 1416 2301 1471 ἑαυτοῦ
2357 1415 2660 1490 θελήματα.
2691 1416 2917 1480 Ταύταις
2973 1415 3032 1472 δὲ
3080 1423 3199 1481 ταῖς
3260 1417 3620 1473 διατυπώσεσι
3667 1416 3758 1471 καὶ

2109 1502 2485 1569 διδασκαλίαις
2537 1506 2628 1562 τὸν
2683 1506 3119 1580 μοιθητευιίμενοιν
3174 1502 3602 1581 προϐιϐάσαντες
3650 1506 3757 1561 ὠσ-

2107 1594 2220 1649 ανεὶ
2247 1594 2543 1671 στοιχείοις
2572 1594 2702 1663 τίσὶ,
2733 1596 2822 1651 καὶ
2871 1590 3195 1668 συλλαϐαῖς,
3227 1595 3545 1660 ἀκολούθως
3594 1592 3759 1650 πάλιν

2110 1680 2422 1738 διδάσκουσι
2458 1686 2533 1757 μή
2566 1684 2829 1761 κρύπτειν
2867 1684 2995 1748 τοὺς
3044 1683 3213 1747 ἰδίους
3266 1683 3586 1761 λογισμούς·
3619 1682 3764 1740 ἀλλὰ

2107 1774 2454 1849 παραχρῆμα
2484 1772 2643 1843 ἡνίκα
2673 1774 3021 1851 ἐπέρχονται,
3051 1773 3278 1836 τούτους
3308 1779 3390 1847 τῷ
3432 1773 3623 1847 οἰκείῳ
3652 1778 3762 1828 Πα-

2109 1863 2196 1938 τρὶ
2229 1860 2661 1932 ἀποκαλύπτειν,
2689 1862 2779 1918 καὶ
2842 1861 3009 1936 μηδὲν
3066 1862 3191 1938 περὶ
3238 1869 3339 1932 τῆς
3386 1864 3592 1917 τούτων
3644 1858 3766 1917 δια-

2116 1950 2345 2027 κρίσεως
2390 1955 2460 2026 τῇ
2514 1949 2623 2023 ἰδίᾳ
2668 1950 2862 2024 καρδίᾳ
2908 1953 3217 2008 πιστεύειν·
3272 1951 3398 2007 ἀλλ’
3448 1952 3618 2006 ἐκεῖνο
3682 1971 3767 2025 γι-

2115 2041 2341 2095 νώσκειν
2373 2041 2574 2116 ἀγαθὸν
2601 2043 2635 2110 ἢ
2661 2040 2825 2096 κακὸν
2858 2040 2991 2096 εἶναι
3018 2060 3032 2110 ;
3065 2039 3199 2115 ὅπερ
3249 2046 3366 2103 ταῖς
3414 2040 3607 2095 ἑαυτοῦ
3655 2036 3766 2094 δια-

2098 2128 2322 2205 ’κρίσεσι
2351 2126 2650 2204 δοκιμάσας
2682 2131 2711 2185 ὁ
2746 2131 2930 2205 Πατὴρ
2961 2127 3250 2200 ἀποδείξει.
3281 2129 3439 2187 Οὕτω
3468 2129 3573 2205 γὰρ
3606 2126 3767 2198 δυνη-

2114 2239 2261 2273 σεται
2292 2218 2345 2273 ἐν
2382 2215 2573 2293 μηδενὶ
2616 2219 2719 2274 ὑπὸ
2768 2224 2865 2276 τοῦ
2920 2217 3127 2294 ἐχθροῦ
3157 2219 3185 2272 ὁ
3220 2219 3358 2291 πρὸς
3415 2217 3612 2293 ἀρετὴν
3667 2237 3766 2272 τυ-

2113 2307 2390 2381 πούμενος
2438 2308 2760 2380 ἀπατᾶσθαι,
2793 2308 2866 2370 ὡς
2915 2306 3160 2381 ἄπειρος,
3191 2307 3280 2362 καὶ
3339 2309 3511 2380 μήπω
3565 2312 3763 2384 γνῶσιν

2112 2399 2446 2470 κεκτημένος
2523 2395 2803 2471 μεθοδείας
2838 2418 2866 2459 ο,
2914 2394 3090 2459 διανὶς
3157 2403 3260 2466 τῆς
3334 2400 3432 2451 τοῦ
3503 2392 3765 2452 διαϐόλου

2112 2486 2314 2562 τέχνης
2372 2487 2621 2562 λέγουσιν
2682 2489 2818 2543 εἶναι
2878 2487 2931 2542 o't
2990 2487 3246 2563 Πατέρες,
3304 2490 3401 2541 τοῦ
3460 2484 3764 2563 ἀναπείθειν

2114 2575 2274 2631 αὐτὸν
2318 2574 2446 2639 τοὺς
2498 2575 2974 2650 μαθητευομένους
3019 2575 3126 2631 ἀπὸ
3168 2580 3275 2630 τῶν
3336 2575 3590 2651 Πατέρων
3638 2573 3770 2651 κρύ-

2112 2686 2262 2720 πτειν
2295 2665 2423 2728 τοὺς
2457 2663 2629 2728 ἰδίους
2663 2664 2971 2741 λογισμοὺς
3003 2663 3114 2736 ἰδίᾳ
3162 2664 3452 2738 ὑπεροψίᾳ,
3485 2665 3557 2727 ὡς
3607 2661 3766 2735 δῆθεν

2114 2754 2331 2817 ἱκανοὺς
2378 2751 2539 2817 ὄντας
2588 2755 2799 2817 έαυτοῖς
2846 2755 2915 2810 τὰ
2966 2756 3311 2833 συμφέροντα
3355 2748 3766 2827 συμϐουλεύσα-

2111 2845 2253 2912 σθαι,
2308 2844 2343 2914 ἢ
2401 2841 2513 2916 ἰδίᾳ
2568 2841 2848 2915 κενοδοξίᾳ
2901 2842 3329 2918 αἰσχυνομένους
3406 2839 3764 2916 δημοσιεῦσαι

2108 2935 2204 2996 τὰς
2234 2934 2436 2988 έαυτῶν
2470 2933 2813 3005 ἐνθυμήσεις.

2181 3025 2235 3078 5.
2266 3021 2509 3093 Τοσαύτη
2568 3020 2627 3077 δὲ
2681 3020 3005 3099 φυλάττεται
3063 3023 3192 3097 παρ’
3245 3020 3431 3084 αὐτοῖς
3491 3021 3763 3097 ὑποταγή,

2113 3112 2186 3173 ὡς
2221 3112 2296 3184 μὴ
2326 3110 2607 3184 τολμῆσαί
2635 3131 2755 3166 τινα
2786 3109 2938 3172 ἐκτὸς
2965 3114 3063 3165 τοῦ
3104 3105 3248 3165 ἀϐϐἆ
3297 3107 3440 3184 μηδὲ
3488 3114 3587 3166 τοῦ
3636 3107 3765 3165 κελ-

2115 3198 2239 3256 λίου
2288 3200 2426 3255 ὅπου
2471 3199 2699 3269 κάθηται
2748 3193 3082 3272 προϐαίνειψ
3136 3196 3280 3254 οὕτω
3331 3196 3388 3255 δὲ
3416 3201 3482 3255 τὰ
3510 3200 3638 3276 παρ’
3667 3197 3762 3254 αύ-

350 3298 447 3353 dio
475 3297 637 3353 illius
659 3300 831 3370 jussa
859 3279 1174 3369 complent,
1207 3279 1430 3369 quanto
1464 3300 1514 3354 si
1536 3279 1718 3355 iDeus
1758 3299 1998 3370 ipseju-

2112 3292 2209 3343 τοῦ
2251 3287 2699 3363 προστασσόμενα
2742 3286 3009 3343 ἐπιτελεῖν
3058 3285 3483 3358 σπουδάζουσιν,
3514 3289 3590 3350 ὡς
3620 3287 3767 3364 παρᾶ

346 3387 530 3443 heret.
560 3387 675 3460 (52)
705 3387 855 3443 Dum
884 3386 1088 3444 sedent
1130 3392 1327 3442 autem
1370 3387 1431 3442 in
1486 3387 1612 3443 suis
1669 3387 1920 3456 cellulis,
1945 3393 2004 3444 et

349 3476 508 3548 operi
541 3492 848 3541 manuum,
873 3474 1235 3532 meditationi
1264 3480 1323 3531 et
1352 3476 1601 3533 orationi
1628 3477 2001 3548 incumbunt,

350 3568 526 3635 atque
554 3564 819 3621 studiose
848 3564 941 3619 bis
971 3564 1251 3620 adhibent
1282 3564 1635 3631 auimum,si
1662 3566 2002 3638 quempiam

352 3653 570 3709 ostium
601 3652 822 3709 cellulae
854 3652 1183 3725 pulsantem
1233 3654 1497 3722 audiant,
1530 3655 1630 3725 qui
1687 3672 1751 3711 se
1798 3661 1900 3711 aut
1930 3656 2002 3712 ad

352 3758 726 3799 communem
758 3743 1103 3809 orationem,
1151 3747 1254 3798 aut
1282 3744 1353 3798 ad
1385 3760 1534 3816 opus
1568 3760 1852 3801 manuum
1900 3747 2003 3802 ad-

351 3839 540 3899 vocet,
563 3833 840 3887 omnibus
872 3831 1315 3903 quamprimum
1346 3831 1636 3899 dimissis,
1669 3835 1742 3888 ad
1767 3835 2001 3906 jussam

354 3921 469 3978 sibi
498 3939 617 3978 rem
652 3925 987 3994 properant,
1019 3921 1362 3977 obedientim
1386 3920 1662 3977 virtutem
1693 3922 2005 3980 studiosis-

354 4013 503 4069 sime
523 4012 822 4077 colentes;
863 4028 1041 4083 quam
1090 4028 1205 4067 non
1265 4010 1437 4067 modo
1485 4012 1648 4084 operi
1694 4029 2003 4081 manuum,

353 4100 589 4159 lectioni
627 4105 685 4156 et
728 4100 941 4172 quietas
981 4100 1041 4155 in
1071 4099 1287 4156 cellula
1316 4101 1783 4168 commorationi,
1814 4103 1916 4158 sed
1948 4105 2008 4159 et

354 4191 630 4248 omnibus
660 4190 977 4246 virtutibus
1007 4195 1393 4261 anteponunt,
1426 4191 1743 4262 omniaque
1775 4192 2001 4264 postha-

350 4282 513 4339 bent.

420 4373 474 4427 6.
498 4370 635 4443 (52')
670 4368 815 4425 Illud
840 4372 1037 4424 autem
1050 4367 1414 4440 superﬂuum
1444 4373 1535 4424 est
1555 4385 2005 4438 memorare,ne-

350 4461 571 4517 minem
602 4457 826 4514 scilicet
862 4455 1101 4513 illorum
1151 4455 1306 4512 aliud
1340 4457 1644 4529 quidpiam
1683 4459 2005 4531 possidere,

349 4565 529 4623 quam
561 4546 877 4614 colobium,
900 4543 2003 4617 hemipborium,sandalium,melolem

2112 3382 2245 3434 Θεοῦ
2292 3382 2459 3433 ταῦτα
2514 3375 2827 3454 δεχόμενοι.
2857 3379 3168 3451 Καθήμενοι
3229 3375 3287 3433 δὲ
3345 3377 3398 3433 ἐν
3452 3382 3568 3440 τοῖς
3603 3376 3766 3440 ἰδίοις

2111 3465 2378 3538 κελλίοις,
2407 3471 2488 3540 τῷ
2520 3463 2665 3542 ἔργῳ
2692 3488 2752 3522 τε
2779 3467 2869 3522 καὶ
2896 3464 2966 3537 τῇ
2998 3465 3219 3541 μελέτῃ,
3251 3467 3341 3522 καὶ
3480 3470 3764 3541 προσευχῇ

2111 3555 2516 3630 προσκείμενοι,
2557 3556 2647 3611 καὶ
2710 3555 2843 3628 μετά
2890 3551 3132 3625 σπουδῆς
3178 3556 3566 3630 προσέχοντες,
3618 3552 3765 3608 ἐπει-

2113 3643 2206 3700 δὰν
2238 3643 2509 3700 ἀκούσωσι
2538 3648 2635 3700 τοῦ
2688 3642 2981 3720 κρούοντος
3027 3645 3128 3714 τήν
3180 3644 3343 3720 θύραν
3391 3647 3488 3699 τοῦ
3536 3640 3762 3698 κελλίου

2112 3736 2147 3804 ἣ
2176 3733 2250 3797 εἷς
2278 3734 2376 3803 τὴν
2407 3734 2595 3804 κοινὴν
2629 3735 2967 3811 προσευχὴν,
2997 3734 3031 3804 ἣ
3058 3733 3192 3808 πρός
3238 3754 3291 3787 τι
3341 3728 3499 3809 ἔργον
3535 3730 3760 3792 τούτους

2112 3822 2620 3899 προσκαλουμένου,
2683 3830 3024 3900 παραχρῆμα
3079 3823 3251 3879 πάντα
3306 3822 3449 3896 ὁμοῦ
3519 3819 3760 3900 ἀφέντες,

2113 3913 2248 3989 πρὸς
2279 3913 2341 3968 τὸ
2373 3911 2623 3989 ἐπιταγὶν
2649 3914 2885 3988 ὁρμῶσι,
2917 3910 3060 3987 πάσῃ
3090 3909 3302 3984 σπουδῇ
3355 3911 3453 3981 τὴν
3502 3912 3600 3980 τῆς
3660 3909 3762 3965 ὑπ-

2115 4009 2284 4072 ακοῆς
2314 4002 2508 4079 ἀρετὴν
2544 4000 2858 4073 ζηλοῦντες*
2891 4002 2952 4072 ἣν
2987 4001 3048 4058 ού
3103 4000 3264 4076 μόνον
3312 4005 3410 4057 τοῦ
3459 3998 3616 4078 ἔργου
3652 4003 3761 4054 τῶν

2113 4095 2339 4167 χειρῶν,
2372 4093 2723 4169 ἀναγνώσεώς
2775 4113 2834 4149 τε
2887 4091 2976 4147 καὶ
3034 4098 3135 4163 τῆς
3191 4091 3244 4148 έν
3270 4088 3481 4164 κελλίῳ
3508 4091 3766 4165 ἡσυχίας,

2113 4179 2259 4237 ἀλλὰ
2310 4180 2402 4235 καὶ
2460 4186 2649 4237 πασῶν
2724 4181 2929 4258 ἀρετῶν
3004 4185 3344 4258 προτιμῶσι,
3399 4178 3491 4234 καὶ
3562 4176 3766 4249 ταύτης

2114 4272 2320 4326 ἅπαντα
2349 4267 2570 4345 δεύτερα
2597 4270 2853 4335 τίθενται.

2182 4362 2239 4418 6.
2272 4360 2479 4415 Ἐκεῖνο
2510 4357 2568 4415 δὲ
2600 4357 2796 4434 μεταξὺ
2826 4359 2936 4413 τῶν
2964 4354 3152 4412 ἄλλων
3207 4354 3459 4431 περιττόν
3513 4352 3625 4407 ἐστι
3675 4353 3766 4408 καὶ

2115 4447 2316 4525 λέγειν⁹
2346 4444 2631 4520 ὡςοῦδείς
2661 4444 2837 4501 αὐτων
2889 4440 3032 4499 ἄλλο
3072 4463 3125 4497 τι
3174 4444 3430 4511 κέκτηται
3482 4437 3632 4509 πλὴν
3675 4460 3766 4495 κο-

2116 4532 2330 4611 λοϐίου,
2359 4534 2451 4591 καὶ
2481 4530 2804 4612 ἡμιφορίου,
2836 4530 2926 4586 καὶ
2970 4527 3298 4601 σανδαλίων,
3329 4528 3418 4584 καὶ
3464 4525 3760 4601 μηλωτῆς,

349 4616 409 4694 et
436 4642 731 4693 stoream:
763 4638 935 4704 turpe
964 4616 1092 4688 esse
1124 4634 1233 4687 rati
1279 4633 1328 4687 si
1360 4633 1610 4699 dicatur,
1643 4633 1791 4690 liber
1812 4651 2001 4707 meus,

2113 4627 2205 4683 καὶ
2260 4624 2480 4701 ψιάθου*
2527 4619 2790 4696 αἰσχύνην
2852 4619 3155 4694 ἡγούμενοι
3211 4619 3275 4675 τὸ
3326 4616 3578 4695 λέγεσθαι
3635 4616 3762 4692 παρ’

2154 4713 2169 4724 ι
2243 4717 2267 4724 .-
2351 4704 2502 4724 Αοοεο
2597 4707 2611 4724 1
2671 4708 2685 4724 κ
2957 4714 2978 4724 η.
3078 4707 3091 4724 9
3151 4708 3166 4724 \
3264 4708 3285 4724 η
3335 4705 3426 4724 νςκ
3607 4705 3621 4724 9
3683 4699 3706 4721 θ’

352 4723 661 4797 penicillus
683 4738 872 4786 meus,
921 4725 1023 4775 aut
1069 4720 1228 4775 aliud
1261 4721 1567 4792 quidpiam
1594 4739 1809 4779 meum.
1845 4724 2001 4780 Tan-

349 4819 478 4869 tum
512 4816 710 4868 autem
740 4808 961 4881 singuli
989 4825 1192 4864 eorum
1220 4825 1287 4864 ex
1323 4827 1496 4882 opere
1526 4815 1585 4866 et
1633 4813 1847 4869 sudore
1893 4830 2001 4870 suo

350 4902 605 4959 afferunt
636 4888 985 4955 monasterio
1018 4901 1385 4970 proventum,
1428 4903 1491 4954 ut
1546 4915 1662 4954 non
1696 4900 1870 4957 modo
1900 4917 2002 4957 eo-

345 5006 479 5047 rum
502 4986 1083 5054 necessitatibus,sed
1112 4986 1289 5042 etiam
1318 4986 1617 5059 hospitum
1648 5004 2000 5060 pauperum-

344 5097 459 5153 que
490 5075 817 5134 ministerio
846 5076 967 5131 sint
997 5074 1163 5130 satis.
1200 5076 1346 5130 Dum
1378 5077 1465 5131 sic
1496 5081 1694 5132 autem
1728 5075 2003 5133 laborant

341 5185 459 5223 non
493 5167 794 5228 inﬂantur,
812 5180 927 5219 non
954 5161 1233 5234 superbia
1259 5167 1510 5233 tument,
1545 5181 1647 5220 nec
1682 5164 2001 5236 quisquam

339 5256 561 5330 proprii
593 5254 812 5311 laboris
842 5257 900 5309 et
956 5251 1191 5308 sudoris
1224 5251 1357 5323 plus
1401 5252 1683 5324 postulat,
1716 5270 1895 5325 quam
1929 5254 2001 5310 ab

337 5348 548 5404 abbate
574 5363 679 5419 pro
710 5346 1061 5402 necessitate
1084 5344 1381 5399 tribuatur
1405 5360 1541 5413 ;nec
1561 5342 1739 5399 ullius
1769 5343 1851 5399 rei
1872 5360 2002 5415 pos-

337 5436 661 5495 sessionem
693 5435 803 5492 sibi
829 5437 1291 5506 comparat,cum
1311 5448 1442 5489 sese
1472 5432 1655 5490 totius
1685 5432 2005 5489 mundiad-

409 5600 519 5667 (i8)
552 5598 813 5655 Cassian.
846 5597 1090 5654 Institut.
1125 5594 1224 5653 lib.
1252 5613 1328 5667 Iv,
1361 5613 1410 5654 c.
1432 5588 1511 5654 8.‘

414 5669 525 5737 (50)
556 5669 699 5726 Ibid.
733 5685 784 5727 c.
810 5670 866 5725 9.

410 5740 527 5816 (δι)
559 5740 708 5801 Ibid.
737 5757 790 5801 ο.
823 5740 910 5799 ιο.

2109 4699 2315 4785 αὐτοῖς,
2349 4704 2561 4788 βίὸλίον
2595 4707 2750 4783 ἐμὸν,
2781 4714 3041 4787 γραφεῖον
3075 4707 3228 4781 ἐμὸν,
3258 4708 3293 4777 ἢ
3330 4705 3471 4763 ἄλλο
3501 4727 3553 4761 τι
3604 4699 3760 4779 ἐμὸν.

2109 4805 2379 4862 Τοσοῦτον
2439 4798 2497 4855 δὲ
2552 4796 2774 4861 ἕκαστος
2835 4799 3008 4854 αὐτῶν
3067 4798 3185 4863 καθ’
3228 4797 3436 4873 ἡμέραν
3490 4793 3543 4866 ἐξ
3599 4791 3763 4870 ἔργου

2108 4911 2168 4947 τε
2212 4890 2303 4946 καὶ
2354 4887 2583 4966 ἱδρῶτος
2630 4887 2772 4944 ἰδίου
2820 4888 3113 4964 προσφέρει
3164 4887 3436 4961 πορισμὸν
3476 4889 3557 4957 τῷ
3603 4904 3766 4957 μονα-

2111 4978 2342 5056 στηρίῳ,
2381 4980 2454 5043 ὡς
2492 4981 2567 5053 μὴ
2605 4978 2761 5053 μόνον
2794 4983 2913 5041 ταῖς
2973 4979 3172 5033 ἑαυτῶν
3228 4976 3444 5052 χρείαις
3503 4971 3766 5046 ἐξαρκεῖν,

2110 5066 2257 5126 ἀλλά
2285 5069 2373 5125 καὶ
2402 5072 2471 5144 τῇ
2504 5066 2750 5141 διακονίᾳ
2777 5074 2886 5125 τῶν
2933 5067 3094 5139 ξένων
3140 5064 3229 5120 καὶ
3272 5064 3519 5137 πτωχῶν
3567 5060 3767 5138 ὑπουρ-

2111 5164 2249 5236 γεῖν.
2284 5159 2473 5223 Οὕτως
2506 5156 2564 5214 δὲ
2592 5158 2889 5232 κάμνοντες
2945 5153 3007 5210 ού
3064 5156 3402 5228 φυσιοῦνται,
3438 5148 3546 5223 οὐχ
3603 5149 3767 5222 ὑπερ-

2112 5235 2493 5328 ηφανεύονται,
2525 5246 2650 5305 οὔτε
2676 5268 2762 5310 τις
2792 5244 2970 5301 αὐτῶν
2998 5241 3060 5298 ἐκ
3083 5245 3182 5297 τοῦ
3210 5239 3415 5295 οἰκείου
3465 5235 3626 5312 ἔργου
3676 5237 3765 5293 καὶ

2114 5324 2346 5414 ἱδρῶτος
2405 5339 2623 5394 ἀπαιτεῖ
2677 5331 3062 5411 περισσότερον
3121 5336 3225 5398 τῆς
3275 5324 3567 5401 διδομένης
3620 5328 3766 5403 παρὰ

2108 5432 2209 5486 τοῦ
2238 5423 2381 5485 ἀϐϐἇ
2408 5425 2619 5503 χρείας
2652 5422 2717 5480 ού
2765 5426 2957 5496 κτῆμα
3012 5415 3343 5491 οἰασδήποτε
3398 5416 3535 5489 ὕλης
3591 5415 3765 5490 έαυτῷ

2171 5589 2705 5738 ίὲἓὶ)¹ίί³ἐῗά.⁰ιῗῗ·3,
2738 5656 2827 5718 n.
