4148 6394
411 398 529 459 857

1582 391 1963 454 EPISTOLA
2008 392 2032 451 1
2075 391 2178 451 AD
2223 392 2672 454 CASTOREM.

3721 395 3840 458 858

418 532 805 606 περιποιεῖται,
865 526 1132 600 πάροικον
1194 523 1377 578 ἑαυτὸν
1437 526 1525 578 καί
1590 523 1730 593 ξένον
1757 520 1900 598 ἔχων
1934 519 2068 577 δλου

2183 539 2388 579 venam
2413 528 2470 578 et
2491 524 2866 596 peregrinum
2894 541 2906 592 ;
2941 524 3238 581 existimet
3259 541 3610 598 servumque
3641 544 3703 584 se
3737 545 3837 600 po-

413 624 510 674 τοῦ
541 617 776 689 κόσμου,
825 615 916 670 καὶ
949 612 1147 669 δοῦλον
1185 613 1371 668 ἑαυτὸν
1408 611 1621 684 μᾶλλον
1654 613 1742 667 καὶ
1799 613 2074 686 ὑπηρέτην

413 709 521 762 τῶν
549 703 799 782 ἀδελφῶν
835 702 1215 777 λογιζόμενος,
1247 699 1388 775 ἤπερ
1435 698 1697 769 δεσπότην
1750 697 2078 769 οἱονδήποτε

417 795 614 871 γηίνου
667 795 1014 868 πράγματος.
1076 792 1138 845 Et
1199 788 1256 844 δέ
1303 811 1383 851 τις
1436 788 1610 864 γλάσῃ
1645 795 1831 851 σκεῦος
1865 786 2077 858 οἱονδήο

418 907 570 955 ποτε,
625 885 658 953 ἢ
707 881 978 951 ἀπολέση,
1030 879 1439 955 έξομολογεῖται
1484 883 1562 950 τῷ
1600 874 1742 948 ἀϐϐᾷ
1789 881 1886 947 τῆς
1940 876 2077 938 ἰδίας

422 975 685 1051 ῥᾳθυμιας
736 972 799 1025 τὸ
852 975 1120 1040 πταῖσμα,
1171 968 1262 1022 καὶ
1322 968 1463 1022 οὕτω
1527 969 1660 1040 μετά
1715 987 2072 1044 ταπεινοφρο-

422 1063 584 1132 σύνης
648 1064 927 1133 μετανοῶν
1004 1052 1273 1130 λαμϐάνει
1335 1057 1712 1131 συγχώρησιν.
1772 1058 1961 1117 ’Όστις
2021 1052 2077 1109 δὲ

420 1151 555 1226 πρός
601 1172 651 1204 τι
712 1146 869 1222 ἔργον
925 1145 1310 1220 μετακληθεὶς,
1360 1147 1394 1213 ἣ
1441 1147 1574 1220 πρὸς
1626 1145 1856 1215 σόναξιν,
1915 1166 2077 1200 κατα-

419 1242 692 1318 φρονήσας
749 1235 1075 1312 βραδύτερον
1136 1236 1441 1310 ἀπαντήσῃ,
1501 1237 1533 1303 ἦ
1592 1235 1986 1310 σκληρότερον,

418 1329 842 1405 προπετέστερον
895 1324 1192 1400 ἀποκριθῇ,
1241 1326 1276 1394 ἦ
1322 1322 1707 1398 ἀμελέστερον,
1839 1324 2074 1398 ὑπογογ-

422 1416 602 1492 γῦζων
654 1417 717 1470 τὸ
765 1416 1104 1492 προσταχθὲν
1153 1415 1383 1487 ποιήσῃ,
1435 1415 1592 1482 ἦτήν
1628 1413 1921 1487 ἀνάγνωσιν
1979 1417 2076 1466 τοῦ

425 1505 585 1581 ἔργου
631 1504 720 1559 καὶ
749 1507 845 1572 τῆς
879 1504 1120 1572 ὑπακοῆς
1170 1503 1536 1574 προτιμήσας,
1570 1504 1637 1556 τά
1667 1503 2078 1576 προσταχθέντα

427 1595 572 1664 αὐτῷ
632 1589 759 1669 ἔργα
831 1589 1153 1668 βραδύτερον
1226 1589 1502 1664 ἐκτελέσῃ,
1552 1593 1585 1659 ἢ
1633 1589 1929 1650 ἀπολυθεὶς
1975 1598 2077 1660 τῆς

423 1682 681 1751 συνάξεως
717 1683 791 1754 μὴ
826 1681 1038 1756 ταχέως
1071 1681 1206 1754 πρὸς
1240 1681 1302 1734 τὸ
1347 1679 1504 1756 ἔργον
1556 1679 1721 1734 αὐτοῦ
1774 1678 2075 1753 ἀναδράμῃ,

419 1772 452 1840 ἢ
493 1771 627 1842 μετά
655 1790 807 1831 τινος
840 1768 994 1831 ἐκτὸς
1023 1769 1313 1844 ἀναγκαίας
1347 1768 1537 1844 χρείας
1590 1766 1856 1841 ὁμιλήσῃ,
1988 1767 2078 1820 ἄλ-

2190 612 2312 668 tius
2345 617 2400 668 et
2435 613 2773 668 ministrum
2808 614 3053 668 fratrum
3116 629 3244 668 esse
3287 615 3625 682 arbitretur,
3659 633 3838 687 quam

2190 701 2366 756 ullius
2389 707 2631 758 terrena
2663 703 2742 757 rei
2777 703 3103 757 dominum.
3138 704 3248 773 (55)
3271 705 3428 768 Quod
3465 705 3512 758 si
3548 706 3683 776 quis
3733 723 3838 762 vas

2189 790 2494 862 quodlibet
2527 791 2760 861 fregerit
2789 795 2888 845 aut
2937 791 3276 862 perdiderit,
3310 793 3676 863 negligentiae
3717 811 3835 848 suae

2189 896 2388 934 casum
2418 879 2612 934 abbati
2646 880 2976 945 confitetur,
3002 885 3060 934 et
3091 881 3172 934 ita
3202 897 3334 936 cum
3361 881 3693 937 humilitate
3717 900 3834 954 pai-

2189 968 2468 1032 nitentiaa,
2499 969 2727 1023 veniam
2783 969 3015 1040 accipit.
3045 969 3102 1022 Si
3161 969 3293 1040 quis
3340 975 3534 1026 autem
3582 972 3651 1026 ad
3687 988 3836 1042 opus

2188 1057 2490 1128 quodlibet
2520 1064 2784 1124 vocatus,
2819 1064 2920 1113 aut
2949 1059 3018 1112 ad
3053 1058 3466 1130 synaxim,prae
3498 1064 3834 1130 contemptu

2186 1147 2414 1202 tardius
2433 1151 2728 1212 occurrat,
2745 1151 2847 1201 aut
2864 1146 3071 1202 durius
3094 1146 3577 1218 petulantiusque
3604 1165 3841 1220 respon-

2188 1235 2372 1289 derit:
2408 1234 2491 1288 vel
2527 1236 2576 1291 si
2611 1235 3006 1307 negligentius
3039 1241 3138 1290 aut
3169 1252 3302 1289 cum
3355 1252 3679 1303 murmure,
3709 1238 3838 1306 jus-

2188 1340 2313 1378 sam
2351 1341 2470 1379 rem
2503 1325 2914 1395 compleverit;
2950 1329 3050 1378 aut
3083 1325 3130 1378 si
3162 1325 3470 1380 lectionem
3504 1326 3664 1396 operi
3713 1341 3838 1379 ma-

2190 1430 2374 1467 nuum
2407 1418 2464 1468 et
2491 1413 2838 1468 obedientiae
2872 1419 3256 1485 anteponens,
3281 1414 3455 1483 jussa
3502 1414 3613 1468 sibi
3663 1431 3839 1486 opera

2191 1502 2421 1558 tardius
2451 1501 2848 1574 compleverit,
2877 1507 2979 1558 aut
3009 1520 3042 1557 a
3069 1508 3360 1558 conventu
3390 1503 3696 1565 dimissus.
3717 1519 3834 1558 non

2189 1591 2302 1646 cito
2335 1593 2406 1646 ad
2441 1609 2591 1662 opus
2621 1609 2792 1647 suum
2830 1593 3185 1659 accurrerit;
3217 1597 3319 1647 aut
3375 1609 3509 1653 cum
3555 1592 3833 1664 quopiam

2190 1681 2412 1750 absque
2445 1681 2794 1736 necessitate
2825 1679 3238 1736 confabulatus
3291 1681 3500 1749 fuerit;
3546 1686 3648 1736 aut
3699 1698 3835 1736 cum

2191 1768 2544 1824 conﬁdentia
2574 1785 2814 1823 manum
2851 1768 3094 1824 alterius
3113 1769 3559 1825 contrectaverit
3582 1790 3596 1834 ;
3617 1775 3720 1825 aut
3739 1787 3835 1826 co-

424 1857 522 1914 λου
576 1858 710 1931 μετά
756 1857 1064 1934 παρρησίας
1111 1859 1358 1932 κατάσχῃ
1403 1859 1502 1926 τὴν
1555 1863 1737 1932 χεῖρα,
1890 1877 2068 1932 συγγε-

2188 1864 2398 1930 gnatos
2424 1858 2570 1912 citra
2601 1859 2832 1913 abbatis
2865 1858 3222 1929 permissum
3270 1864 3326 1914 et
3370 1859 3836 1914 benedictionem

424 1952 577 2002 νειῶν
629 1947 868 2022 συντύχῃ
915 1947 1090 2022 χωρὶς
1139 1950 1236 2001 τοῦ
1288 1945 1433 2001 ἀλλᾶ
1463 1946 1626 2000 αὐτοῦ
1657 1946 1955 2020 ἐπιτροπῆς
1987 1945 2074 1998 καὶ

428 2035 697 2110 εὐλογίας,
770 2037 804 2104 ἢ
852 2033 1148 2104 ἐπιστολὴν
1201 2033 1345 2109 παρά
1391 2056 1537 2096 τινος
1595 2031 1831 2104 δέξηται,
1889 2036 1923 2102 ἣ
1969 2056 2075 2089 τινι

427 2125 748 2200 ἀντιγράψαι
820 2121 943 2178 ἄνευ
997 2128 1094 2178 τοῦ
1162 2119 1305 2178 ἀϐϐἆ
1371 2122 1717 2198 ἐπιχειρήσῃ,
1858 2144 1911 2178 τι
1967 2127 2073 2177 τῶν

423 2213 630 2285 ὁμοίων
660 2213 874 2274 τούτοις
905 2210 1311 2286 πλημμελήσῃ,
1355 2213 1593 2286 τοιούτῳ
1639 2212 1898 2284 ἐπιτιμίῳ
1949 2213 2076 2266 ὑπο-

422 2297 703 2357 ϐάλλεται’
768 2301 1129 2376 Συνηγμένων
1189 2306 1293 2356 τῶν
1338 2300 1587 2379 ἀδελφῶν
1639 2300 1689 2354 ἐν
1734 2305 1802 2374 τῇ
1841 2303 2071 2372 συνάξει,

422 2391 582 2467 ῥίψεις
641 2392 826 2446 ἑαυτὸν
881 2391 968 2445 ἐπὶ
1025 2392 1124 2458 τήν
1183 2394 1322 2464 ire.
1383 2391 1472 2444 καὶ
1547 2389 2072 2465 ἐξομολογο·⁵μενοςν

422 2480 771 2553 συγχώρησιν
804 2479 942 2532 αἰτεῖ
970 2482 1070 2532 τοῦ
1102 2476 1242 2532 ἰδίου
1276 2478 1613 2556 σφάλματος.
1658 2480 1741 2536 Τὰ
1789 2476 1846 2533 δὲ
1893 2480 2072 2554 παχύ-

422 2587 551 2641 τερα
579 2564 789 2621 τοῦτωδ
822 2566 1131 2640 πταίσματα
1163 2565 1216 2621 εἷ’
1239 2588 1322 2629 τις
1354 2567 1546 2643 εὑρεθῇ
1598 2569 1868 2640 πράττων,
1920 2569 2074 2623 ἅτινά

423 2655 534 2709 ἐστι
595 2654 1016 2733 καταφρόνησις,
1076 2653 1361 2729 ἀντιλογία
1423 2656 1557 2728 μετᾶ
1614 2656 1999 2734 ὑπερηφανίας,
2040 2659 2074 2726 ἣ

420 2743 481 2798 ἐκ
541 2742 638 2798 τοῦ
710 2765 1076 2820 μοναστηριου
1133 2742 1367 2817 πρόοδος
1411 2743 1562 2807 ἐκτὸς
1619 2745 1920 2820 ἐπιτροπῆς
1975 2751 2072 2801 τοῦ

421 2827 584 2902 ἀϐϐἆ,
641 2834 674 2902 ἣ
718 2833 852 2910 πρὸς
881 2839 1110 2908 γυκαῖκα
1160 2833 1438 2910 συντυχία,
1471 2835 1504 2903 ἢ
1565 2834 1723 2910 ὀργὴ,
1757 2837 1790 2904 ἢ
1824 2836 2002 2911 μάχῃ,
2033 2836 2068 2905 ἦ

427 2917 620 2997 ἔχθρα,
666 2923 699 2990 ἦ
754 2923 1098 2995 μνησικακία,
1145 2924 1179 2992 ἣ
1229 2921 1578 3000 φιλαργυρία,
1612 2923 1733 2994 ἥτις
1763 2922 1872 2978 ἐστὶ
1900 2923 2072 2999 λέπρα

421 3014 633 3086 ψυχῆς,
681 3012 715 3080 ἢ
763 3019 952 3080 κτῆσις
1019 3009 1347 3082 οἷόυδήποτε
1394 3015 1718 3087 πράγματος
1762 3013 1912 3075 ἐκτὸς
1963 3018 2070 3068 τῶν

423 3097 723 3173 διδομένων
775 3102 919 3176 παρᾶ
963 3105 1060 3155 τοῦ
1111 3095 1274 3170 ἀϐϐἀ,
1334 3103 1368 3170 ἢ
1417 3104 1623 3178 τροφῆς
1658 3101 1778 3157 ἄνευ
1821 3101 2072 3178 εὐλογίας

414 3187 729 3262 κλεψιμαίῳ
759 3189 948 3265 τρόπῳ
980 3190 1298 3264 γινομένης,
1331 3188 1419 3244 καὶ
1447 3191 1515 3245 τὰ
1543 3190 1749 3245 τούτων
1785 3191 2072 3266 μαραπλή-

413 3299 524 3348 σια,
557 3278 618 3333 οὐ
649 3278 728 3350 τῷ
758 3279 1143 3355 προειρημένῳ
1175 3279 1435 3352 ἐπιτιμίῳ
1469 3275 1865 3347 ὑποϐάλλεται,
1925 3279 2072 3336 ἀλλὰ
2103 3267 2144 3332 C

415 3365 786 3444 σφοδροτέρῳ,
818 3368 908 3422 καὶ
943 3369 1169 3441 μείζονι.
1205 3368 1306 3425 Καὶ
1340 3369 1385 3424 εἷ
1420 3370 1497 3442 μὴ
1530 3367 1827 3445 διορθωθῇ,
1869 3365 2067 3425 ἐκϐάλ-

415 3455 564 3512 λεται
597 3462 692 3512 τοῦ
728 3478 1002 3532 μοναστηρ
1015 3457 1115 3513 ίου.

481 3550 536 3602 7.
571 3544 640 3601 Τὸ
674 3544 732 3601 δὲ
763 3548 1058 3622 ἀνάγνωσιν
1108 3545 1469 3603 ἐπιτελεῖσθαι
1505 3543 1556 3602 ἓν
1606 3569 1717 3602 τισι
1764 3543 2066 3611 κοινοϐίοις

412 3636 547 3690 κατά
573 3636 664 3690 τὸν
698 3637 884 3711 καιρὸν
914 3644 1014 3706 τῆς
1045 3637 1354 3704 ἑστιάσεως,
1405 3635 1504 3691 οὐκ
1547 3637 1652 3692 ἀπὸ
1698 3641 1795 3692 τοῦ
1840 3638 2064 3700 κανόνος

413 3729 520 3779 τῶν
556 3725 894 3798 Αἰγυπτίων,
927 3725 1072 3781 ἀλλά
1103 3727 1208 3780 ἀπὸ
1237 3732 1343 3781 τῶν
1395 3724 1790 3793 Καππαδόκων,
1841 3723 2059 3797 οἷίτινες,

417 3811 476 3865 οὐ
553 3819 923 3886 πνευματικῆς
987 3812 1161 3868 ἕνεκεν
1227 3818 1483 3868 τοσοῦτον
1545 3815 1870 3889 γυμνασίας,
1935 3815 2059 3870 ὅσον

417 3899 646 3977 ἡσυχίας
705 3903 866 3978 χάριν
912 3909 1014 3972 τῆς
1064 3904 1210 3976 παρὰ
1263 3902 1358 3966 τὰς
1404 3901 1648 3975 ὁμιλίας,
1698 3905 1759 3958 τὸ
1805 3909 2062 3959 τοσοῦτον

420 3985 832 4048 διετυπώσαντο.
884 3992 1036 4068 Παρά
1084 3991 1142 4046 δὲ
1187 3997 1304 4054 τοῖς
1338 3992 1673 4068 Αἰγυπτίοις,
1701 3993 1790 4047 καὶ
1826 3991 2062 4067 μάλιστα

413 4083 526 4141 τοῖς
582 4074 1067 4152 Ταϐεννησιώταις,
1124 4081 1358 4150 τοσαύτη
1421 4082 1601 4150 σιωπὴ
1663 4081 1767 4136 ὑπὸ
1844 4081 2057 4137 πάντων

411 4168 728 4246 παρέχεται,
761 4170 920 4241 ἡνίκα
952 4171 1028 4233 εἰς
1056 4174 1314 4225 τοσοῦτον
1348 4169 1561 4240 πλῆθος
1612 4169 2062 4245 πολυαρίθμητον

408 4263 515 4312 τῶν
575 4257 822 4338 ἀδελφῶν
882 4261 1018 4315 κατὰ
1070 4261 1162 4315 τὸν
1222 4262 1408 4335 καιρὸν
1476 4264 1577 4325 τῆς
1635 4259 1900 4330 συνάξεως
1962 4265 2058 4330 τῆς

406 4347 675 4423 τραπέζης
705 4349 903 4421 αὐτῶν,
954 4348 1084 4419 ὅσην
1138 4347 1330 4424 σχεδὸν
1379 4348 1428 4404 ἐν
1477 4348 1672 4411 ἄλλοις
1711 4351 1786 4423 μὴ
1819 4349 2061 4426 εὑρίσκε-

408 4439 550 4508 σθαι,
614 4437 787 4500 οὕτως
846 4439 920 4501 ὡς
983 4441 1058 4512 μὴ
1114 4437 1326 4512 τολμᾷν
1387 4439 1580 4515 βρῆξαί
1627 4461 1748 4494 τιτα
1793 4440 2060 4516 παρεκτὸς

406 4532 508 4581 τοῦ
540 4527 797 4604 ἀρχηγοῦ
826 4535 924 4598 τῆς
961 4528 1254 4603 τραπέζης,
1301 4530 1468 4596 ὅστις,
1507 4526 1559 4583 εἶ’
1585 4551 1734 4592 τινος
1766 4528 1927 4604 χρεία
1976 4529 2063 4605 γέ-

2187 1947 2547 2015 convenerit,
2571 1951 2672 2000 aut
2693 1946 3001 2018 epistolam
3029 1951 3097 2002 ab
3123 1947 3318 2018 aliquo
3348 1947 3629 2018 accipere,
3652 1947 3738 2002 vel
3761 1949 3833 2003 ad

2186 2037 2440 2107 aliquem
2461 2037 2778 2090 rescribere
2806 2038 3030 2108 absque
3061 2037 3292 2091 abbatis
3323 2036 3696 2092 concessione
3727 2053 3831 2092 au-

2186 2142 2289 2180 sus
2319 2125 2532 2192 fuerit;
2558 2126 2604 2179 si
2641 2125 2698 2179 in
2734 2125 2932 2196 aliquo
2964 2141 3174 2196 nempe
3205 2125 3546 2196 hujusmodi
3575 2125 3832 2198 delique-

2185 2214 2278 2281 rit,
2314 2213 2657 2284 hujusmodi
2691 2213 2788 2268 ille
2819 2231 2997 2284 paenae
3029 2213 3381 2283 subjicitur:
3411 2215 3564 2270 312
3613 2214 3830 2270 Fratri-

2184 2304 2294 2358 bus
2325 2303 2385 2357 in
2418 2302 2621 2374 synaxi
2655 2303 3042 2374 congregatis,
3079 2319 3206 2358 sese
3233 2302 3290 2357 in
3324 2307 3540 2358 terram
3574 2304 3827 2374 projicit,

2185 2397 2360 2464 atque
2391 2392 2720 2458 conlessus,
2744 2391 2963 2463 peccati
2988 2391 3215 2446 veniam
3241 2392 3524 2462 postulat.
3556 2392 3832 2449 Graviora

2187 2498 2356 2552 porro
2383 2479 2594 2535 delicta
2639 2480 2689 2534 si
2747 2481 2881 2552 quis
2935 2485 3276 2551 perpetrans
3336 2481 3828 2552 deprehendatur,

2184 2585 2312 2640 quae
2346 2573 2503 2639 sunt,
2538 2572 2932 2640 contemptus,
2968 2569 3356 2642 repugnantia
3377 2587 3509 2624 cum
3530 2570 3827 2642 superbia,

2183 2661 2288 2712 aut
2316 2673 2590 2728 egressus
2620 2673 2688 2712 ex
2720 2658 3074 2714 monasterio
3105 2659 3327 2729 absque
3350 2657 3578 2714 abbatis
3599 2675 3830 2714 conces-

2183 2746 2368 2811 sione,
2403 2750 2504 2800 aut
2533 2762 2889 2818 congressus
2945 2763 3079 2801 cum
3141 2747 3406 2815 muliere,
3441 2752 3542 2802 aut
3589 2747 3695 2816 ira,
3727 2751 3828 2802 aut

2183 2852 2402 2907 pugna,
2434 2839 2535 2889 aut
2567 2835 2874 2890 inimicitia
2905 2835 2963 2889 in
3022 2835 3301 2908 aliquem,
3355 2841 3458 2891 aut
3504 2835 3826 2891 recordatio

2181 2924 2670 2994 injuriarum,aut
2696 2940 2860 2978 amor
2878 2924 3292 2995 pecuniamquai
3309 2923 3573 2995 lepraest
3594 2924 3825 2990 animae,

2182 3018 2282 3068 aut
2312 3013 2606 3084 possessio
2639 3013 3047 3083 cujuscunque
3079 3012 3179 3081 rei,
3207 3012 3462 3083 exceptis
3488 3012 3560 3066 iis
3593 3029 3721 3084 quae
3752 3012 3824 3066 ab

2183 3102 2391 3158 abbate
2413 3102 2648 3168 dantur,
2673 3107 2775 3156 aut
2797 3101 3071 3156 furtivum
3107 3101 3452 3156 alimentum
3474 3102 3695 3172 absque
3729 3103 3828 3155 be-

2182 3191 2510 3246 nedictione
2535 3191 2765 3245 abbatis
2787 3196 3116 3262 sumptum,
3142 3194 3200 3244 et
3220 3189 3312 3245 bis
3333 3189 3569 3257 similia,
3595 3207 3710 3244 non
3735 3207 3828 3245 su-

2187 3279 2506 3352 pradictam
2542 3279 2702 3334 subit
2733 3295 2980 3350 pmnam,
3015 3280 3113 3333 sed
3146 3279 3493 3350 graviorem,
3535 3284 3590 3333 et
3641 3277 3826 3333 multo

2178 3369 2486 3440 majorem.
2519 3368 2681 3432 Quod
2714 3368 2762 3423 si
2796 3384 2907 3423 non
2970 3369 3300 3441 resipuerit,
3351 3384 3420 3424 ex
3468 3367 3824 3424 monasterio

2176 3458 2430 3529 ejicitur.

2248 3549 2302 3602 7.
2339 3546 2450 3618 (54)
2477 3547 2637 3612 Quod
2672 3550 2867 3601 autem
2891 3546 2946 3600 in
2977 3545 3334 3618 quibusdam
3360 3542 3824 3615 emnobiis,tem-

2179 3652 2316 3707 pore
2343 3634 2722 3690 comestionis
2755 3634 2924 3690 lectio
2956 3634 3263 3703 habeatur,
3296 3635 3353 3688 id
3401 3651 3516 3688 non
3559 3651 3628 3688 ex
3656 3634 3826 3706 Egy-

2177 3724 2460 3796 ptiorum,
2493 3725 2590 3780 sed
2627 3741 2694 3779 ex
2725 3725 3136 3796 Cappadocum
3199 3722 3398 3796 regula
3459 3723 3824 3790 observatur,

2174 3815 2274 3884 qui
2307 3831 2419 3868 non
2452 3818 2572 3868 tam
2607 3813 2932 3885 spiritualis
2957 3813 3407 3878 exercitationis,
3434 3829 3611 3883 quam
3657 3811 3820 3883 quie-

2171 3903 2270 3966 tis,
2304 3908 2360 3957 ct
2391 3901 2665 3974 colloquii
2697 3901 2918 3958 vitandi
2948 3903 3140 3974 gratia
3172 3901 3312 3956 illud
3363 3901 3816 3956 constituerunt.

2171 3992 2340 4062 Apud
2371 3991 2663 4064 Egyptios
2694 3996 2913 4057 autem,
2949 3991 3202 4046 maxime
3233 4007 3367 4045 vero
3399 3990 3552 4062 apud
3589 3988 3818 4043 Taben-

2171 4079 2452 4146 nesiotas,
2485 4083 2712 4134 tantum
2746 4084 3012 4135 servatur
3045 4079 3115 4134 ab
3161 4079 3438 4135 omnibus
3487 4077 3817 4145 silentium,

2171 4184 2306 4223 cum
2337 4168 2545 4240 ingens
2579 4168 2679 4222 illa
2709 4168 3024 4224 multitudo
3057 4170 3303 4223 fratrum
3337 4173 3596 4238 tempore
3628 4183 3820 4221 come-

2170 4256 2380 4312 stionis
2394 4263 2783 4328 congregatur
2805 4259 2874 4312 ad
2901 4273 3198 4323 mensam;
3225 4262 3288 4311 ut
3308 4256 3398 4310 vix
3423 4255 3726 4327 quidpiam
3743 4255 3822 4310 si-

2172 4346 2311 4402 mile
2337 4347 2394 4400 in
2415 4346 2544 4402 aliis
2573 4346 2901 4418 reperiatur
2923 4373 2936 4413 ;
2955 4347 3096 4401 adeo
3116 4350 3180 4400 ut
3201 4362 3270 4400 ne
3295 4361 3559 4400 excreare
3581 4344 3820 4415 quidem

2171 4438 2329 4494 ausit
2360 4438 2700 4509 quisquam,
2723 4440 2960 4507 excepto
2985 4421 3199 4490 mensae
3234 4437 3526 4506 praefecto,
3552 4431 3651 4504 qui
3682 4432 3730 4488 si
3765 4447 3824 4486 re

2171 4528 2451 4600 quapiam
2486 4527 2565 4582 sit
2594 4543 2763 4597 opus,
2797 4524 3128 4597 pulsalione
3162 4524 3354 4595 potius
3387 4540 3564 4594 quam
3595 4538 3733 4576 voce
3763 4522 3822 4576 id

406 4637 560 4686 νηται
617 4616 918 4692 κρούσματι
980 4617 1194 4690 μᾶλλον
1335 4623 1484 4696 φωνῇ
1539 4623 1701 4673 τοῦτο
1783 4619 2058 4692 σημαίνει.

2183 4617 2482 4688 signiﬁcat.
2516 4614 2786 4670 Cucullas
2817 4621 3037 4681 autem,
3072 4613 3250 4668 etiam
3311 4613 3465 4666 infra
3513 4610 3822 4683 palpebras

411 4705 512 4761 Καὶ
560 4704 628 4760 τὰ
673 4703 975 4760 κουκοόλια
1021 4701 1124 4766 ἕως
1164 4705 1310 4760 κάτω
1339 4709 1446 4760 τῶν
1482 4704 1766 4782 βλεφάρων
1802 4709 2057 4783 φοροῦσιν

409 4791 580 4864 οὗτοι,
640 4793 731 4848 ἳνα
791 4795 888 4866 μὴ,
953 4788 1190 4867 ῥεμϐοὺς
1255 4792 1381 4855 τοὺς
1439 4793 1757 4870 ὀφθαλμοὺς
1817 4789 2058 4869 ἔχοντες,

408 4883 819 4959 περιεργότερον
855 4881 1129 4953 ἀλλήλοις
1159 4882 1406 4958 ἐνορῶσι’
1448 4886 1518 4956 τῇ
1569 4879 1626 4936 δὲ
1672 4883 1910 4957 τραπέζῃ
1965 4881 2062 4955 μό-

408 4992 520 5038 νον,
554 4972 641 5026 καὶ
674 4971 743 5046 τῇ
787 4977 884 5027 τοῦ
933 4973 1226 5050 τρέφοντος
1279 4976 1412 5028 Θεοῦ
1463 4969 1778 5046 εὐχαριστίᾳ
1828 4971 2057 5026 ἐνατενί-

410 5065 578 5128 ζουσι.
638 5059 866 5135 Μεγάλη
929 5059 984 5116 δέ
1031 5061 1143 5116 ἐστι
1197 5059 1414 5140 φυλακὴ
1458 5062 1583 5135 παρ’
1637 5059 1843 5130 αὐτοῖς,
1907 5059 2056 5123 ὅπως

410 5147 604 5221 μηδεὶς
652 5153 829 5206 αὐτῶν
904 5147 1093 5222 ἔξωθεν
1158 5159 1258 5222 τῆς
1304 5148 1575 5228 τραπέζης
1631 5150 1840 5229 τροφῆς
1897 5170 2056 5223 μετα-

405 5235 571 5314 λάϐῃ.

473 5332 524 5388 8.
558 5333 669 5387 Ἵνα
700 5327 758 5387 δὲ
793 5334 868 5405 μή
902 5356 955 5390 τι
988 5327 1228 5408 δόξωμεν
1260 5334 1369 5393 τῶν
1419 5323 1781 5396 κοινοϐιακῶν
1813 5327 2052 5397 κανόνων

400 5418 890 5497 παραλελοιπέναι,
939 5423 1340 5498 ἐπιμνησθῆναι
1371 5424 1454 5483 δεῖ
1482 5427 1571 5484 καί
1603 5434 1710 5486 τῶν
1741 5428 1793 5486 ἐν
1854 5428 2051 5495 ἄλλοις

476 5659 588 5810 (53;
621 5658 886 5720 Cassian.
919 5661 1169 5722 Imtitut.
1206 5662 1308 5724 lib.
1341 5683 1420 5742 ιν,
1454 5685 1502 5727 o.
1533 5667 1620 5729 16.

476 5736 563 5807 (54
617 5735 762 5794 Ibid.
791 5751 839 5793 c.
877 5735 964 5793 17.

472 5735 586 5807 (si)
617 5735 762 5794 Ibid.
791 5751 839 5793 c.
877 5735 964 5793 17.

2172 4705 2465 4760 demissas
2495 4709 2826 4776 gestant,ne
2844 4703 3007 4774 vagis
3031 4701 3215 4758 oculis
3237 4702 3530 4757 curiosius
3563 4700 3706 4755 alios
3731 4700 3820 4754 in-

2172 4795 2446 4867 spiciant,
2478 4809 2544 4849 ac
2596 4808 2810 4848 mensae
2865 4791 3080 4857 solum,
3115 4791 3439 4862 gratiisque
3494 4789 3670 4845 alenti
3705 4793 3819 4843 Deo

2169 4883 2413 4955 agendis
2435 4884 2503 4938 ad
2517 4883 2719 4937 bibent
2740 4880 3146 4952 animum.(55)
3169 4879 3494 4951 Magnaque
3510 4879 3662 4950 apud
3684 4877 3816 4932 illos

2169 4989 2310 5028 cura
2339 4977 2446 5042 est,
2481 4988 2551 5027 ne
2585 4971 2714 5042 quis
2743 4986 2946 5026 eorum
2978 4975 3142 5025 extra
3169 4985 3431 5024 mensam
3467 4967 3659 5023 cibum
3714 4982 3813 5024 su-

2169 5068 2309 5117 mat.

2236 5333 2288 5403 8.
2316 5331 2425 5420 (56)
2447 5340 2528 5404 Ne
2576 5331 2719 5420 quid
2772 5330 3038 5403 videatur
3079 5337 3271 5401 autem
3327 5328 3806 5400 coenobiticarum

2162 5439 2501 5510 regularum
2524 5439 2812 5507 omittere,
2833 5450 3158 5492 memorare
3171 5449 3403 5505 quoque
3422 5436 3654 5504 oportet
3675 5448 3812 5487 con-

2255 5673 2349 5742 55)
2379 5671 2526 5730 ibid.
2561 5669 2723 5728 0.18.

2255 5745 2348 5819 56)
2380 5743 2526 5803 Ibid.
2559 5759 2610 5801 ο.
2643 5741 2723 5798 io.
