2074 3185
160 197 220 226 859

743 200 774 230 S.
798 199 1109 230 ATHANASIUS.—
1126 200 1281 232 SPURIA.

1810 205 1870 236 860

159 262 327 290 stitutiones
343 262 371 289 in
389 262 454 290 aliis
471 263 640 299 regionibus
653 264 786 292 traditas.
803 265 833 292 In
850 266 910 292 tota
928 264 981 292 ita-

1041 262 1156 300 κλίμασι
1188 264 1415 303 παραδεδομένων
1444 265 1648 296 διατυπώσεων.
1679 268 1752 296 Κατά
1781 272 1867 296 πᾶσαν

160 316 216 343 que
232 307 454 342 Mesopotamia,
467 308 623 336 Palaestina
647 311 674 336 et
704 309 896 345 Cappadocia,
914 312 942 336 et
955 309 984 335 in

161 354 220 379 toto
236 351 363 384 Oriente,
380 355 511 388 tempore
540 357 701 381 conventus
729 354 830 386 tertiae,
849 356 935 381 sextis
958 355 986 380 et

161 405 242 424 nona:
259 397 347 429 horae,
361 397 384 424 si
402 398 468 432 quis
481 400 548 424 ante
564 398 742 433 completum
761 399 887 433 primum
906 397 982 433 psal-

160 449 241 468 mum
259 450 315 468 non
332 442 503 476 occurrerit,
520 442 545 469 is
562 443 590 469 in
608 443 769 470 oratorium
787 442 899 478 ingredi
925 450 984 469 non

160 487 258 518 audet,
275 495 369 521 neque
385 494 448 514 sese
466 487 659 522 psallentibus
676 488 855 515 admiscere:
872 487 921 514 sed
939 486 982 513 di-

160 530 332 557 missionem
351 531 472 558 fratrum
490 540 541 566 pro
572 532 685 558 foribus
715 536 796 559 slans
824 533 982 567 exspectat.

160 575 388 610 Egredientibus
404 580 499 603 autem
530 577 680 611 omnibus,
698 576 779 604 humi
808 577 982 612 prostratus,

160 619 360 654 paenitentiam
378 628 476 656 agens,
490 620 675 656 negligentiae
686 629 745 648 suae
756 621 869 648 veniam
886 623 984 656 postu-

160 663 210 690 lat.
225 664 254 690 In
273 665 423 692 nocturnis
440 673 525 700 porro
543 665 744 698 conventibus,
758 673 852 700 usque
881 665 916 692 ad
938 673 983 692 se-

161 709 290 735 cundum
309 709 453 744 psalmum
466 710 549 736 venia
561 710 641 737 tarde
654 710 838 737 venientibus
851 709 983 737 concedi-

160 754 219 779 tur.
233 752 320 780 Porro
337 753 440 780 fratres
457 762 508 789 per
524 754 724 781 hebdomadas
741 754 797 781 sibi
822 754 984 781 succedunt

160 797 189 824 in
206 798 332 832 coquina
342 798 407 825 etin
426 798 493 825 aliis
506 798 693 828 ofﬁciis.cum
709 799 792 825 multi
816 798 924 825 laboris
941 798 982 825 le-

158 842 245 869 vandi
262 845 428 876 causa,tum
446 843 637 870 utcharitatis
650 843 742 879 legem
756 843 867 870 mutuis
878 843 982 870 officiis

159 886 310 922 impleant.
328 888 421 915 Tanta
436 891 534 915 autem
553 888 720 915 humilitate
734 891 762 915 et
786 887 983 915 sollicitudine

160 931 324 959 ministeria
340 931 474 967 implent,
489 934 628 967 quantam
643 940 678 959 ne
693 932 767 959 servi
780 931 898 966 quidem
915 939 981 958 cum

158 975 238 1003 heris
253 976 316 1003 suis
331 976 499 1004 adhibeant.
512 976 662 1012 Completa
675 976 868 1007 hebdomade,
884 975 981 1002 Domi-

158 1019 224 1047 nica
239 1020 285 1048 die
300 1023 365 1056 post
395 1021 555 1049 matutinos
586 1021 721 1057 hymnos,
747 1019 982 1056 ingredientibus

159 1064 224 1092 aliis
236 1066 270 1092 ad
285 1065 555 1100 servienrlum,vasa
567 1065 655 1093 ofﬁcii
668 1066 713 1093 sui
722 1065 836 1101 signata
845 1064 980 1091 tradunt:

159 1117 223 1144 quae
240 1112 358 1145 accepta
374 1110 421 1136 alii
440 1113 519 1137 tanta
536 1119 605 1138 cura
621 1113 649 1138 et
664 1109 865 1137 sollicitudine
884 1111 982 1136 custo-

159 1154 255 1186 diunt,
274 1157 304 1181 ut
320 1163 355 1182 ne
385 1164 485 1182 eorum
516 1156 667 1191 quidpiam
698 1154 742 1182 vel
773 1155 924 1190 frangatur
938 1153 982 1180 vel

160 1202 268 1234 pereat,
281 1202 422 1234 quantam
440 1199 464 1226 is
480 1199 618 1227 adhibeat
634 1200 681 1227 cui
695 1207 764 1227 vasa
775 1207 857 1227 sacra
876 1206 909 1226 ac
924 1198 981 1226 Deo

159 1244 255 1272 dicata
264 1246 500 1272 committuntur.
515 1245 586 1273 Nam
600 1253 663 1273 sese
675 1247 839 1281 prieparant
849 1244 883 1271 ad
897 1243 982 1271 ratio-

160 1297 226 1316 nem
244 1289 432 1320 reddendam,
451 1298 508 1316 non
524 1289 617 1317 solum
634 1297 783 1317 mconomo
799 1289 827 1315 in
845 1287 982 1324 praesenti

159 1336 301 1369 tempore,
318 1334 367 1361 sed
385 1334 473 1361 etiam
492 1334 550 1361 Deo
566 1334 595 1361 in
613 1334 719 1367 futuro,
735 1334 758 1361 si
772 1332 980 1369 autnegligen-

159 1378 200 1405 tia
212 1380 261 1405 aut
273 1377 397 1413 segnitie
405 1386 504 1406 eorum
518 1378 670 1414 quidpiam
679 1377 914 1414 perierit.(57)Ad
923 1385 981 1404 ma-

156 1423 252 1457 jorem
270 1431 355 1457 porro
367 1423 512 1450 dictorum
530 1424 628 1456 fidem,
645 1431 710 1458 quae
726 1422 874 1458 meisipse
890 1421 983 1449 oculis

161 1467 292 1501 [H't‘spexi
309 1468 443 1495 narrabo.
458 1468 487 1494 In
501 1468 684 1495 hebdomade
697 1467 851 1502 cujusdam
872 1466 982 1501 fratris,

160 1512 360 1546 pertransiens
385 1521 565 1545 mconomus,
595 1520 689 1548 pauca
716 1511 860 1539 lenticula
890 1519 982 1547 grana

158 1556 239 1583 humi
258 1558 387 1591 projecta
402 1557 484 1591 vidit,
498 1565 591 1592 neque
603 1556 734 1592 despexit
745 1556 827 1592 quasi
840 1564 900 1583 rem
912 1555 980 1583 nul-

156 1601 212 1627 lius
231 1601 332 1636 pretii;
351 1602 401 1629 sed
431 1601 533 1629 multis
562 1601 746 1637 increpatum
779 1601 907 1633 fratrem,
933 1600 979 1628 cui

1039 309 1127 336 τοίνυν
1143 310 1192 343 τήν
1209 310 1421 346 Μεσοποταμίαν
1437 311 1482 338 καὶ
1507 310 1701 348 Παλαιστίνην,
1727 313 1771 340 καὶ
1796 316 1867 341 Καπ-

1039 352 1180 389 παδοκίαν,
1197 354 1240 382 καὶ
1257 358 1342 382 πᾶσαν
1357 356 1407 389 τὴν
1423 356 1573 391 Ἀνατολὴν
1599 356 1625 383 ἐν
1650 360 1690 393 τῷ
1716 360 1803 394 καιρῷ
1818 362 1868 393 τῆς

1040 397 1183 433 συνάξεως,
1213 399 1319 436 τρίτης,
1349 399 1394 426 καῖ
1422 398 1512 435 ἕκτης,
1542 401 1587 427 xui
1617 401 1712 437 ἐνάτης
1738 401 1821 439 ὥρας,
1845 401 1872 429 εἶ’

1038 452 1091 478 τις,
1108 443 1190 479 πρινή
1208 444 1221 470 ὁ
1242 446 1351 480 πρῶτος
1367 444 1479 481 ψαλμὸς
1494 445 1639 483 τελειωθῇ,
1658 447 1696 482 μὴ
1715 447 1867 484 ἀπαντήσῃ,

1037 486 1086 514 τοῦ
1111 486 1211 515 λοιποῦ
1235 487 1273 519 εἰς
1299 488 1331 516 τὸ
1358 488 1500 525 εὐκτήριον
1536 489 1666 522 εὶσελθεῖν
1702 490 1732 517 οὐ
1764 490 1866 527 τολμᾳ,

1039 530 1101 558 οὔτε
1133 532 1276 569 καταμίξαι
1309 533 1401 560 ἑαυτὸν
1440 536 1497 564 τοῖς
1523 533 1687 570 ψάλλουσιν·
1717 533 1791 563 ἀλλὰ
1811 537 1866 563 τῶν

1039 575 1162 614 ἀδελφῶν
1187 577 1237 611 τήν
1263 575 1395 604 ἀπόλυσιν
1420 577 1472 613 πρὸ
1498 578 1586 616 θυρῶν
1620 577 1759 616 ἐκδέχεται
1790 579 1866 607 ἷστά-

1040 631 1130 656 μενος.
1152 621 1358 658 Ἐξορχομένων
1376 620 1404 648 δὲ
1430 622 1549 657 παντών,
1568 622 1659 660 βαλὼν
1690 622 1733 650 ἐπὶ
1749 624 1798 657 τὴν
1814 627 1865 661 γῆν

1041 665 1194 702 μετάνοιαν,
1224 666 1365 701 ἐξαιτεῖται
1395 671 1445 702 τῆς
1472 667 1572 699 οἷ’κείας
1599 668 1733 706 ῥᾳθυμίας
1760 668 1865 706 συγχώ-

1039 721 1125 748 ρησιν.
1165 712 1208 739 Ἐν
1248 710 1277 738 δὲ
1304 715 1363 742 ταῖς
1391 715 1558 750 νυκτεριναῖς
1593 713 1713 749 συνάξεσι
1739 711 1866 750 δευτέρου

1038 755 1161 791 ψαλμοῦ,
1190 755 1338 793 παρέχεται
1364 757 1513 793 συγγνώμη
1538 760 1599 788 τοῖς
1617 756 1778 795 βραδύνουσι
1794 758 1867 794 παρὰ

1036 810 1067 827 το
1075 800 1154 830 ἔτοις·
1171 799 1215 827 καὶ
1232 798 1386 836 ἑϐδομάδας
1402 802 1427 828 οἱ
1445 800 1558 840 ἀδελφοὶ
1575 801 1604 828 ἐκ
1619 800 1753 839 διαδοχῆς
1769 804 1865 829 ποιοῦ-

1038 855 1078 871 σιν
1093 843 1119 871 'a'v
1135 855 1163 871 τε
1177 845 1216 880 τῷ
1240 845 1387 882 μαγειρείῳ
1410 846 1455 873 καὶ
1479 849 1537 877 τοῖς
1562 845 1659 877 ἄλλοις
1689 847 1864 882 καθήκουσιν,

1038 889 1094 924 ἅμα
1108 888 1152 915 καὶ
1178 889 1289 920 ἑαυτοὺς
1315 888 1533 926 διαναπαύοντες,
1558 890 1603 918 καὶ
1632 891 1715 927 νόμον
1745 891 1863 928 ἀγάπης,

1038 932 1082 960 διὰ
1104 934 1134 960 τὸ
1159 932 1296 961 δουλεύειν
1322 934 1473 971 ἀλλήλοις,
1495 935 1724 972 ἀναπληροῦντες.
1741 935 1861 970 Τοσαύτη

1038 976 1066 1004 δὲ
1089 978 1320 1016 ταπεινοφροσύνῃ
1345 979 1390 1006 καὶ
1414 978 1518 1013 σπουδή
1536 980 1562 1006 ἐν
1585 981 1619 1016 τῇ
1636 978 1758 1015 διακονία
1774 979 1863 1007 ἐπιτε-

1038 1022 1124 1049 λεῐται
1149 1023 1214 1059 παρ’
1234 1022 1337 1059 αὐτοῖς,
1360 1021 1409 1058 ὅση
1427 1024 1476 1051 οὐκ
1491 1024 1520 1050 ἂν
1537 1023 1679 1055 δεσπόταις
1695 1024 1767 1062 παρὰ
1795 1022 1860 1051 δού-

1037 1066 1092 1095 λων
1117 1067 1313 1104 παρασχεοείη.
1340 1067 1598 1106 Συμπληρωθείσης
1621 1067 1649 1096 δὶ
1671 1072 1722 1103 τῆς
1745 1066 1860 1104 ἑϐδομά-

1037 1110 1095 1145 δος,
1120 1114 1154 1149 τῇ
1184 1111 1359 1148 ἀναστασίμῳ
1395 1113 1486 1151 ἡμέρᾳ
1526 1113 1593 1149 μετά
1630 1113 1694 1144 τοὺς
1733 1113 1860 1143 ἑωθινοὺς

1037 1156 1138 1192 ὕμνους
1167 1155 1264 1187 ἄλλοις
1286 1156 1367 1184 πάλιν
1392 1159 1451 1187 τοῖς
1474 1157 1677 1194 εἰσερχομένοις
1694 1157 1863 1195 ὑπηρετῆσαι

1035 1201 1069 1228 τὰ
1083 1201 1150 1238 πρὸς
1166 1201 1215 1234 τὴν
1241 1205 1341 1238 χρῆσιν
1364 1201 1445 1236 σκεύη
1472 1202 1681 1238 σεσημειωμὲνα
1695 1200 1864 1239 παραδιδόα-

1036 1256 1087 1273 σιν·
1114 1246 1190 1273 ἅτινα
1216 1244 1373 1283 δεχόμενοι,
1398 1246 1532 1281 τοσαύτην
1559 1247 1691 1284 μέριμναν
1717 1247 1762 1274 καὶ
1783 1257 1864 1285 φρον-

1035 1289 1097 1317 τίδα
1120 1291 1158 1321 εἱς
1181 1290 1231 1324 τὴν
1253 1292 1356 1318 τούτων
1381 1290 1580 1329 παραφυλακήν
1604 1290 1792 1326 ἐνδείκνυνται,
1824 1292 1862 1327 μή

1035 1345 1061 1362 τι
1077 1334 1101 1371 ἐξ
1116 1335 1203 1362 αὐτῶν
1228 1334 1333 1367 κλασθῆ
1362 1336 1379 1370 ἦ
1403 1334 1552 1370 ἀπόληται,
1579 1335 1644 1370 ὅσην
1668 1335 1739 1367 εἰκὸς
1754 1336 1798 1363 τὸν
1816 1346 1864 1363 πε-

1036 1378 1212 1415 πιστευμένον
1249 1380 1329 1414 σκεύη
1370 1380 1429 1417 ἱερὰ
1465 1380 1510 1407 xxi
1539 1380 1579 1416 τῷ
1608 1383 1666 1416 Θεῷ
1691 1379 1861 1416 ἀνατειμένα.

1037 1424 1150 1462 Ὑφὲξειν
1178 1425 1229 1461 γὰρ
1259 1423 1342 1461 λόγον
1377 1424 1566 1461 ἱτόιμάζονται
1591 1425 1622 1452 οὗ
1650 1425 1732 1462 μόνον
1763 1425 1789 1453 ἐν
1823 1427 1862 1461 τῷ

1036 1468 1149 1506 παρόντι
1175 1471 1215 1504 τῷ
1240 1468 1391 1506 οἰκονόμῳ,
1416 1468 1489 1496 ἀλλὰ
1513 1468 1558 1496 καὶ
1579 1469 1604 1497 ἰν
1622 1472 1661 1506 τῷ
1678 1469 1809 1506 μέλλοντι
1825 1471 1863 1505 τῷ

1036 1516 1094 1550 Θεῷ
1118 1513 1139 1540 εἷ
1164 1512 1245 1550 τύχοι
1268 1512 1293 1548 ἐξ
1318 1512 1447 1549 ἀμελείας
1470 1514 1487 1548 ἢ
1512 1514 1645 1552 ῥᾳθυμίας
1670 1514 1820 1541 ἀπολέσθαι
1835 1524 1862 1541 τι

1036 1557 1061 1593 ἐξ
1084 1557 1181 1586 αὐτῶν.
1207 1558 1278 1595 Πρὸς
1307 1556 1419 1585 πλείονα
1450 1556 1479 1585 δὲ
1504 1557 1594 1585 πίστιν
1618 1560 1672 1586 τῶν
1698 1559 1863 1597 εἱρημένων,

1036 1603 1102 1640 ὅπερ
1125 1601 1217 1632 αὐταῖς
1243 1599 1334 1638 ὄψεσιν
1360 1601 1510 1638 ἐθεασάμην
1535 1604 1683 1639 προσθήσω
1698 1606 1738 1639 τῷ
1765 1602 1864 1641 διηγή-

157 1646 317 1673 hclnlomas
347 1645 397 1673 illa
426 1646 594 1673 concredita
623 1649 693 1679 erat,
718 1653 803 1681 poma
832 1645 978 1679 multavit,

1039 1658 1112 1683 ματι,
1128 1649 1170 1673 Ἐν
1194 1648 1228 1683 τῇ
1252 1644 1384 1683 ἐϐδομάδι
1405 1647 1478 1678 τινὸς
1495 1646 1617 1686 ἀδελφοῦ
1632 1648 1737 1684 παριὼν
1754 1648 1767 1675 ὁ
1785 1648 1861 1675 οἱκο-

156 1690 237 1724 quasi
255 1689 452 1725 negligentem
468 1699 502 1717 ea
517 1699 579 1726 quze
612 1691 666 1717 Deo
696 1690 795 1717 dicata
823 1692 931 1724 essent,
953 1691 981 1717 et

156 1734 376 1761 conculcantem
395 1735 542 1770 propriam
561 1734 784 1762 conscientiam.
797 1735 891 1762 Tanta
901 1734 979 1761 enim

157 1787 228 1805 cura
243 1781 271 1806 et
287 1779 487 1806 sollicitudine
503 1779 601 1807 omnia
617 1782 744 1812 servant,
760 1779 859 1806 omnia
884 1778 979 1806 admi-

157 1823 293 1858 nistrant,
312 1826 343 1850 ut
357 1832 390 1851 ea
406 1832 470 1859 quas
487 1825 571 1851 nobis
586 1823 656 1851 vilia
671 1827 698 1851 et
723 1823 913 1860 despicabilia
937 1823 979 1850 vi-

156 1869 271 1900 dentur,
290 1877 395 1902 magna
410 1869 571 1896 attentione
587 1869 774 1902 custodiant;
791 1869 832 1896 ita
845 1872 876 1895 ut
905 1868 980 1895 male

155 1913 282 1948 positum
297 1921 345 1939 vas
359 1913 548 1947 transferant,
563 1914 726 1949 projectum
737 1913 886 1949 colligant,
902 1914 978 1941 313

156 1957 309 1984 Cl‘eiluntes
324 1966 354 1984 se
370 1966 386 1985 a
404 1958 525 1985 Domino
541 1958 599 1985 Deo
615 1958 719 1985 harum
737 1966 852 1993 quoque
881 1966 979 1985 rerum

157 2001 320 2029 mercedem
328 2004 511 2037 accepturus.
525 2003 581 2038 (58)
593 2002 649 2029 llas
658 2002 876 2030 hebdomadum
895 2011 978 2039 regu-

156 2045 198 2072 las
212 2054 262 2080 per
278 2048 371 2073 totum
389 2047 536 2074 Orientem
554 2047 702 2074 observari
718 2047 979 2082 deprehendimus.

156 2091 238 2124 Apud
252 2091 402 2126 [Egyptios
420 2094 518 2119 autem
533 2100 591 2119 non
605 2091 647 2118 ita
662 2092 879 2119 hebdomadum
896 2092 980 2120 vicis-

156 2134 253 2161 situdo
270 2138 421 2169 servatur;
438 2136 488 2163 sed
506 2136 593 2163 alicui
619 2136 742 2163 fratrum
773 2136 980 2171 probatissimo

157 2179 261 2206 culinm
277 2188 347 2207 cura
363 2180 567 2215 committitur,
584 2183 692 2216 quanto
714 2180 826 2208 scilicet
850 2183 982 2217 tempore

157 2225 250 2252 virtus
266 2226 330 2260 ejus
347 2229 538 2262 augmentum
557 2227 673 2262 accipit,
689 2227 764 2254 vires
792 2227 923 2262 corporis
952 2227 981 2254 in

158 2270 247 2297 ol'licii
265 2271 413 2298 functione
431 2273 603 2307 suppetunt,
622 2279 673 2299 nec
699 2273 835 2298 senectus
857 2271 982 2299 inﬁrmi-

1034 1689 1116 1728 νὸμος
1134 1690 1246 1728 ὀλίγους
1263 1691 1377 1721 κόκκους
1393 1694 1481 1730 φακῆς
1505 1692 1573 1719 κατὰ
1597 1695 1649 1729 γῆν
1680 1692 1862 1731 ἐρριμμένους

1035 1736 1172 1770 εθεάσατο,
1201 1735 1247 1762 καὶ
1277 1735 1307 1762 οὐ
1337 1735 1536 1774 κατεφρόνησεν
1568 1736 1604 1767 ὡς
1633 1737 1743 1774 οἰκτροῦ
1758 1736 1802 1763 καὶ
1820 1737 1864 1763 οὐ·

1035 1779 1150 1816 δαμινοῠ
1170 1779 1342 1817 πράγματος·
1360 1780 1432 1807 ἀλλὰ
1448 1780 1541 1808 πολλὰ
1570 1780 1714 1818 ἐγκαλέσας
1742 1783 1782 1808 τῶ
1810 1781 1859 1814 τὴν

1035 1823 1173 1861 ἑϐδομάδα
1187 1824 1394 1861 πεπιστευμένῳ
1409 1823 1530 1861 ἀδελφῷ,
1557 1824 1672 1853 δέδωκεν
1702 1825 1776 1861 αὖτῷ
1805 1824 1862 1851 ἐπι-

1033 1869 1138 1905 τιμίαν,
1173 1869 1210 1900 ὡς
1240 1868 1386 1905 ἀμελοῦντι
1411 1872 1464 1897 τῶν
1492 1870 1532 1905 τῷ
1562 1872 1619 1904 Θεῷ
1652 1869 1859 1905 ἀνατιθεμένων,

1033 1914 1078 1941 καὶ
1098 1916 1295 1941 καταπατοῦντι
1319 1914 1368 1948 τήν
1396 1912 1464 1941 ἰδίαν
1482 1911 1644 1948 συνείδησιν.
1671 1913 1792 1951 Τοσαύτῃ
1806 1913 1858 1950 γὰρ

1035 1959 1122 1986 πίστει
1144 1958 1188 1985 καὶ
1209 1957 1314 1995 σπουδῇ
1339 1958 1444 1986 πάντων
1470 1957 1675 1995 ἐπιμελοῦνται,
1701 1958 1746 1985 καὶ
1775 1958 1861 1986 πάντα

1036 2003 1194 2039 διοικοῦσιν,
1211 2004 1247 2035 ὡς
1263 2003 1308 2031 καὶ
1324 2003 1401 2038 αὐτὰ,
1418 2003 1485 2041 ἅπερ
1502 2004 1570 2040 ἡμῖν
1596 2002 1693 2038 εὐτελῆ
1717 2003 1762 2030 καὶ
1784 2013 1863 2030 κατα-

1036 2049 1194 2087 φρονήσεως
1217 2048 1277 2083 ἅξια
1301 2047 1453 2087 φαίνονται,
1486 2048 1552 2085 μετὰ
1579 2047 1688 2083 πνλλῆς
1717 2051 1861 2085 προσοχῆς

1036 2094 1189 2132 φυλάττειν,
1217 2093 1273 2120 οἷον
1304 2093 1413 2130 ἀγγεῖον
1433 2095 1524 2123 κακῶς
1539 2092 1664 2129 κείμενον
1685 2096 1861 2128 μεταστῆσαι,

1036 2138 1129 2169 σκεῦος
1153 2137 1316 2175 ἐρριμμένον
1338 2137 1457 2172 συνάξαι,
1473 2136 1642 2167 πιστεύοντες
1658 2136 1703 2164 καὶ
1720 2136 1786 2173 ὑπὲρ
1799 2136 1863 2163 τού-

1035 2193 1089 2210 των
1108 2181 1202 2219 μισθὸν
1218 2179 1290 2218 ἔχειν
1307 2184 1369 2217 παρ’
1384 2180 1457 2215 αὖτῷ
1480 2182 1520 2215 τῷ
1549 2180 1670 2216 Δεσπότῃ
1696 2182 1764 2215 Θεῷ.
1795 2180 1863 2207 Τού-

1035 2237 1099 2258 τους
1129 2225 1158 2253 δὲ
1183 2225 1247 2255 τοὺς
1276 2224 1392 2254 κακόνοις
1420 2226 1474 2251 τῶν
1499 2221 1661 2259 ἑϐδομάδων
1682 2223 1749 2249 κατὰ
1777 2226 1863 2250 πᾶσαν

1036 2273 1084 2306 τὴν
1100 2269 1249 2302 Ἀνατολήν
1266 2269 1417 2305 εὑρήκαμεν
1439 2267 1567 2304 γίνεσθαι.
1585 2268 1662 2304 Βαρὰ
1678 2265 1707 2294 δὲ
1730 2269 1788 2298 τοῖς
1813 2267 1864 2296 Αἷ-

157 2316 238 2341 tasve
255 2315 397 2350 prohibet.
414 2315 483 2343 Cum
501 2318 599 2343 autem
616 2316 701 2343 nobis
714 2324 810 2343 sermo
827 2316 866 2344 sit
881 2317 915 2344 de
931 2317 981 2344 ob—

1038 2314 1161 2354 γυπτίοις
1177 2313 1230 2350 οὐχ
1245 2312 1316 2339 οὕτω
1331 2314 1385 2339 τῶν
1407 2309 1569 2348 ἑϐδομάδων
1593 2312 1611 2346 ἡ
1634 2311 1774 2349 ἀναλλαγή
1803 2311 1865 2339 ἐπι-

159 2359 313 2393 soquontia
327 2362 355 2386 ct
372 2360 406 2386 de
422 2360 599 2391 humilitate.
612 2369 662 2396 per
677 2369 752 2395 quas
764 2360 797 2388 ad
811 2369 981 2397 supremum

158 2403 276 2431 virtutis
292 2404 442 2440 fastigium
459 2413 619 2441 possumus
636 2405 796 2440 pervenire,
813 2414 906 2441 opera:
919 2413 982 2440 pre-

158 2448 232 2475 tium
250 2448 323 2476 duco
342 2457 434 2484 pauca
451 2458 484 2477 ex
501 2449 602 2476 multis
621 2449 757 2485 praeclare
772 2450 863 2485 gestis
878 2458 894 2477 δ
916 2457 982 2476 san-

158 2492 213 2520 ctis
229 2493 365 2521 Patribus
382 2494 431 2529 qui
459 2495 488 2521 in
519 2494 662 2521 cmnobiis
690 2494 836 2527 effulsere,
858 2493 983 2529 exempli

157 2546 258 2571 causa,
277 2538 438 2566 narrationi
454 2539 579 2573 adjicere
597 2541 713 2566 UOSlI‘E’.

1037 2359 1166 2392 τελεῖται,
1192 2356 1263 2384 ἀλλὰ
1285 2356 1325 2384 ἐνὶ
1350 2355 1532 2393 δοκιμωτάτῳ
1556 2359 1609 2383 τῶν
1636 2355 1760 2395 ἀδελφῶν
1784 2358 1800 2391 ἡ
1816 2359 1865 2384 τοῦ

1040 2401 1196 2440 μαγειρείου
1226 2401 1337 2440 φροντὶς
1368 2401 1549 2438 ἐπιτρέπεται,
1578 2400 1618 2440 ἐφ’
1646 2400 1709 2428 ὅσον
1734 2402 1752 2436 ἡ
1782 2402 1864 2440 ἀρετή

1037 2448 1135 2476 τούτου
1151 2446 1304 2482 ἐπιδίδωσι,
1329 2447 1374 2474 καὶ
1398 2448 1416 2481 ἡ
1433 2445 1514 2484 laxi);
1528 2448 1577 2473 τοῦ
1594 2446 1721 2482 σώματος
1737 2446 1867 2484 ὑπουργεῖ

1039 2493 1064 2521 ἐν
1079 2494 1113 2529 τῇ
1144 2490 1276 2527 διακονίᾳ,
1308 2492 1352 2519 καὶ
1382 2492 1451 2528 μήτε
1474 2494 1560 2528 γῆρας
1577 2490 1650 2525 αὐτῷ
1672 2491 1741 2526 μήτε
1757 2491 1867 2519 ἀσοὲνεα

1040 2536 1191 2574 ἐμποδίζει.
1222 2536 1271 2564 Καὶ
1297 2535 1390 2571 ἐπειδή
1417 2536 1431 2563 ὁ
1453 2535 1535 2573 λόγος
1559 2535 1627 2569 ἡμῖν
1650 2534 1711 2571 περὶ
1729 2534 1868 2573 ὑποταγῆς

156 2582 200 2608 καὶ
217 2582 404 2612 ταπεινώσεως
420 2581 536 2619 εἴρηται,
553 2580 587 2609 δι’
604 2583 640 2609 ὧν
657 2583 724 2620 πρὸς
740 2583 771 2610 τὸ
788 2582 935 2620 ἀκρότατον
951 2587 1000 2619 τῆς
1016 2584 1113 2620 ἀρετῆς
1130 2582 1249 2609 ἀνεκθεῖν
1265 2580 1412 2618 δυνάμεθα,
1429 2581 1571 2616 ἀναγκαῖον
1589 2576 1776 2614 ὑπολαμϐάνω
1790 2579 1869 2617 ὀλίγα

158 2626 186 2653 ὲκ
203 2625 316 2654 πολλῶν
331 2629 385 2653 τῶν
402 2626 427 2653 ἐν
444 2629 501 2657 τοῖς
514 2624 663 2658 κοινοϐίοις
680 2626 893 2664 διαλαμψάντων
910 2629 1020 2667 ἀγώνων
1038 2627 1147 2665 [ἁγίων]
1164 2626 1292 2663 Πατὲρων
1316 2625 1517 2663 κατορθώματα
1544 2620 1765 2660 παραδείγματος
1790 2625 1870 2662 χάριν

157 2674 313 2708 προσθεῖναι
329 2674 368 2707 τῷ
385 2670 466 2709 διηγτε
473 2681 547 2708 ματι.

192 2717 278 2752 9.(59)
290 2718 357 2745 Erat
366 2717 485 2753 quidam
498 2719 581 2744 Pater
592 2717 787 2754 Muthius(60)
796 2718 924 2753 nomine,
933 2719 983 2755 qui

196 2802 253 2839 (57)
267 2802 397 2831 Cassian.
415 2803 534 2832 Institut.
550 2802 602 2830 lib.
619 2810 657 2837 IV,
675 2810 699 2830 ο.
720 2802 766 2829 20.

209 2839 253 2873 58)
271 2839 344 2867 Ibid.
361 2847 385 2866 c.
401 2840 446 2867 22.

197 2840 255 2910 lae)
270 2874 344 2903 Ibid.
360 2883 385 2903 ο.
400 2875 446 2903 27.

1073 2719 1100 2746 9.
1117 2715 1214 2755 Γέγονέ
1229 2726 1271 2746 τις
1291 2715 1385 2751 Πατὴρ
1409 2712 1530 2743 Μούθιος
1558 2711 1682 2747 ὀνόματι.
1707 2711 1793 2745 Οὗτος
1810 2714 1868 2742 ἐπι-

1073 2802 1129 2839 (60)
1145 2801 1201 2829 Alii
1216 2799 1457 2839 iputantfectius
1486 2798 1545 2835 legi
1573 2798 1783 2828 Patermuthius
1808 2808 1868 2829 una

1038 2836 1124 2874 voce,
1135 2845 1193 2875 qua
1209 2836 1244 2866 de
1259 2845 1290 2866 re
1305 2836 1387 2866 alibi.
