4148 6370
230 400 293 459 61
1328 391 1710 453 EPISTOLA
1753 392 1777 451 Ι
1822 391 1925 452 AD
1970 389 2414 451 (IASTOREM.

3460 389 3579 448 862

232 533 358 592 οθῶν
413 525 769 595 ἀποτάξασθαι
827 527 907 594 τῷ
981 521 1210 595 κόσμῳ,
1258 521 1696 597 παραγενόμενος
1763 521 1813 574 ἐν

1936 538 2064 577 cum
2097 521 2271 577 vellet
2301 521 2520 576 mundo
2553 521 2911 587 renuntiare,
2947 522 3231 576 accedens
3263 521 3333 574 ad
3385 536 3580 574 coeno-

229 612 449 688 οινοϐίῳ,
483 613 718 670 ἐπιπολὺ
776 614 884 688 πρὸ
939 616 1046 665 τῶν
1095 616 1268 683 θυρῶν
1317 617 1413 664 τοῦ
1450 610 1818 684 μοναστηρίου

229 709 541 780 ιαρτὲρησεν,
575 704 679 764 ἓως
710 703 799 757 ὅτε
826 705 895 774 τῇ
925 699 1113 774 πολλῇ
1163 701 1327 754 αὐτοῦ
1379 701 1631 773 ὑπομονῇ
1688 700 1822 771 μετὰ

230 800 376 869 ηικροῦ
422 794 536 848 υἱοῦ
584 792 732 867 παρὰ
775 791 868 845 τὸν
916 792 1121 859 συνήθη
1162 789 1359 843 κανόνα
1403 794 1499 843 τοῦ
1541 783 1819 842 κοινοϐίου

229 885 396 960 Ξὲχθη.
430 884 522 938 Καὶ
581 882 670 937 ὅτε
723 881 856 953 μετὰ
904 877 1150 940 πολλοὺς
1200 878 1402 939 κόπους
1455 877 1723 945 εἰσῆλθεν,
1759 876 1819 930 οὐ

230 976 347 1029 όνον
380 972 652 1051 διαφόροις
704 967 882 1045 ἔργοις
931 966 1325 1043 παρεδόθησαν,
1362 965 1506 1021 ἀλλὰ
1551 967 1640 1020 καὶ
1687 967 1822 1020 κατὰ

229 1066 280 1132 ἦν
306 1068 394 1118 τοῦ
430 1061 652 1116 κελλίου
703 1058 1014 1128 συνοίκησιν
1052 1055 1510 1131 διεχωρίσθησαν,
1543 1055 1693 1115 ὅπως
1751 1059 1818 1128 τῇ

229 1155 276 1207 π’
303 1150 556 1220 ἀλλήλων
591 1146 850 1216 διαζεύξει
898 1147 1033 1200 κατὰ
1080 1147 1271 1220 μικρὸν
1316 1152 1416 1214 τῆς
1470 1144 1606 1218 πρὸς
1644 1143 1820 1212 ἀλλή-

229 1262 314 1303 ους
363 1241 582 1317 φυσικῆς
633 1235 994 1312 προσπαθείας
1039 1234 1457 1308 ἀπαλλαγῶσιν·
1508 1237 1573 1302 ἧς
1635 1233 1820 1307 χάριτι

239 1333 412 1403 ριστοῦ
458 1327 545 1382 διά
591 1329 687 1395 τῆς
735 1323 957 1392 πολλῆς
999 1324 1293 1399 γυμνασίας
1325 1325 1352 1377 ὁ
1382 1325 1561 1397 πατὴρ
1593 1323 1820 1391 ἠλευθε-

229 1420 358 1487 ώθη.
391 1417 483 1470 Καί
527 1435 660 1470 ποτε
689 1414 823 1489 πρὸς
859 1414 1086 1488 βάσανον
1119 1412 1208 1467 καὶ
1242 1410 1476 1484 δοκιμὴν
1505 1419 1603 1481 τῆς
1656 1411 1821 1466 αὐτοῦ

229 1513 376 1582 ρετῆς
429 1505 864 1577 προσεποιήσατο
917 1503 945 1556 ὁ
996 1497 1167 1563 ἀϐϐἆς
1229 1503 1343 1574 μετ’
1403 1502 1572 1574 ὀργῆς
1628 1502 1822 1575 ἀγανα-

229 1601 327 1648 τεῖν
381 1594 511 1668 πρὸς
565 1594 657 1647 τὸν
717 1589 905 1657 παῖδα,
936 1592 1024 1645 καὶ
1072 1591 1397 1664 προστάσσει
1444 1595 1521 1661 τῷ
1552 1589 1824 1665 εἰρημένῳ

230 1682 342 1757 ατρί
374 1682 534 1736 αὐτοῦ
567 1677 752 1736 λαϐεῖν
787 1679 946 1734 αὐτόν
975 1679 1064 1733 καὶ
1099 1679 1248 1754 ῥίψαι
1282 1679 1356 1740 εἰς
1409 1680 1501 1732 τὸν
1551 1679 1819 1749 ποταμόν.

229 1769 311 1825 ότε
366 1769 586 1838 ἐκεῖνος,
619 1771 696 1832 ὡς
755 1769 813 1824 ἂν
871 1769 974 1823 ὑπὸ
1002 1773 1135 1823 Θεοῦ
1166 1767 1529 1844 προσταχθεὶς
1565 1769 1821 1843 βαστάσαι

229 1858 342 1913 ὅτοῦ
370 1858 457 1913 τὸν
488 1857 676 1927 παῖδα,
707 1854 972 1932 δρομαῖος
1003 1856 1090 1912 ἐπὶ
1121 1858 1218 1924 τὴν
1249 1854 1424 1932 ὄχθην
1455 1861 1551 1910 τοῦ
1574 1860 1823 1928 ποταμοῦ

229 1948 541 2023 αραγίνεται,
575 1948 666 2002 καὶ
727 1944 972 2001 σπεύδων
1032 1945 1323 2020 πληρῶσαι
1379 1946 1442 2000 τὸ
1503 1946 1825 2020 πρόσταγμα

231 2037 354 2090 ίστει
386 2034 632 2111 διαπύρῳ
660 2035 749 2090 καὶ
783 2036 1080 2107 θερμότητι
1111 2041 1211 2104 τῆς
1273 2036 1535 2104 ὑπακοῆς,
1571 2033 1821 2102 ἐκωλύθη

229 2126 286 2179 πὸ
330 2129 435 2180 τῶν
480 2122 753 2202 ἀδελφῶν,
783 2122 1190 2200 ἐπιφθασάντων
1249 2125 1339 2177 καὶ
1396 2124 1824 2200 ἀφαρπασάντων

229 2223 270 2267 iv
301 2211 482 2268 παῖδα.
515 2217 786 2269 Τοσοῦτον
833 2211 922 2266 οὗν
974 2214 1119 2286 παρὰ
1174 2218 1290 2284 Θεῷ
1389 2215 1570 2274 πίστις
1629 2211 1824 2266 τούτου

229 2303 267 2356 ti
294 2306 328 2371 ἡ
362 2303 570 2371 ὑπακοή
602 2300 974 2377 προσεδέχθη,
995 2303 1068 2363 ὡς
1098 2300 1544 2380 ἀποκαλυφθῆναι
1574 2306 1653 2372 τῷ
1684 2296 1827 2371 ἀϐϐᾇ

229 2413 238 2446 '.
265 2396 358 2444 τοῦ
383 2396 535 2458 Θεοῦ,
569 2391 650 2445 ὅτι
684 2392 748 2444 τὸ
775 2389 931 2465 ἔργον
961 2395 1059 2444 τοῦ
1086 2386 1333 2465 Ἀϐραάμ
1365 2391 1520 2452 οὗτος
1575 2389 1816 2459 ἐποίησε.

229 2481 311 2535 ξετ’
344 2478 532 2553 ὀλίγον
566 2478 622 2533 δὲ
653 2479 854 2553 χρόνον
888 2480 915 2532 ὁ
949 2479 1236 2553 εἰρημένος
1287 2474 1457 2540 ἀϐϐἆς
1501 2483 1599 2534 τοῦ
1642 2500 1823 2533 κοινο-

229 2568 302 2620 ἷου
332 2565 620 2635 τελευτῶν,
651 2572 840 2622 τοῦτον
872 2565 1134 2642 διάδοχον
1167 2568 1330 2622 αὐτοῦ
1369 2565 1677 2626 κατέλιπεν.

251 2660 336 2712 10.
370 2654 579 2712 ’Άλλον
608 2655 844 2731 ἔγνωμεν
878 2653 1111 2734 ἀδελφὸν
1167 2656 1596 2730 ἀποταξάμενον,
1630 2657 1687 2718 ὃς
1733 2656 1820 2711 καὶ

229 2746 310 2799 ιτα
365 2745 454 2798 τὸν
514 2741 720 2817 κόσμον
785 2745 946 2820 μέγας
1000 2745 1216 2821 ὑπῆρχε
1265 2747 1374 2819 (καὶ
1430 2747 1529 2822 γὰρ
1562 2748 1590 2800 ὁ
1635 2747 1822 2820 Πατὴρ

229 2836 339 2887 ὃτοῦ
368 2833 551 2905 κόμης
583 2833 927 2909 ἐστρατεύετο
958 2836 1048 2889 καὶ
1079 2833 1342 2898 πλούσιος
1393 2835 1695 2910 ἐτύγχανε),
1732 2835 1820 2889 καὶ

275 2922 650 2996 ἀναγνώσμασι
697 2919 1009 2985 σπουδαίοις
1061 2922 1122 2977 οὐ
1164 2924 1396 2999 μετρίως
1445 2926 1511 2992 ἧν
1559 2946 1822 2999 γεγυμνα-

229 3013 392 3072 ιὲνος.
445 3012 618 3072 Οὗτος
674 3010 764 3065 οὖν
822 3011 1152 3085 καταλείψας
1201 3014 1300 3081 τὴν
1357 3016 1627 3086 κοσμικὴν
1676 3035 1824 3090 περι-

229 3102 414 3168 ἱνειαν,
447 3100 584 3175 πρὸς
614 3099 705 3154 τὸν
742 3102 956 3176 μονήρη
997 3101 1112 3175 βίον
1147 3101 1393 3179 ὥρμησε,
1427 3103 1515 3157 καὶ
1567 3101 1632 3172 δὴ
1685 3104 1820 3178 πρὸς

229 3191 408 3260 ικιμὴν
467 3197 566 3259 τῆς
615 3189 779 3244 αὐτοῦ
826 3191 1059 3252 πίστεως
1107 3192 1196 3246 καὶ
1242 3194 1615 3254 ταπεινώσεως
1644 3213 1819 3268 προσ-

1861 1906 1969 2001 Ba

1932 613 2116 678 bium,
2141 612 2238 665 diu
2275 614 2410 666 ante
2443 611 2593 665 fores
2617 611 2952 665 monasterii
2976 610 3576 681 perseveravit,donec

1932 702 2003 756 ob
2036 717 2330 755 summam
2357 703 2485 770 ejus
2511 700 2850 771 patientiam
2876 716 3008 754 cum
3035 716 3209 769 pravo
3227 700 3343 753 ﬁlio
3370 706 3579 769 praeter

1933 795 2228 845 assuetam
2262 792 2599 844 monasterii
2636 789 2843 860 legem,
2871 789 3169 843 admissus
3200 795 3305 843 est.
3332 791 3409 842 Ac
3437 806 3574 843 cum

1934 886 2064 951 post
2084 880 2304 934 multos
2333 879 2560 933 labores
2584 880 2890 948 ingressus
2916 878 3163 947 l'uit,non
3200 879 3370 932 modo
3402 879 3580 932 variis

1931 969 2208 1040 operibus
2238 969 2410 1023 ambo
2450 968 2654 1022 traditi
2714 973 2873 1032 sunt,
2928 969 3027 1022 sed
3088 967 3340 1038 separati
3400 967 3576 1021 etiam

1931 1058 2089 1113 fuere
2120 1059 2309 1129 quoad
2343 1057 2562 1111 cellulae
2597 1055 3036 1117 habitationem,
3073 1061 3137 1108 ut
3183 1055 3580 1125 disjunctione

1930 1145 2030 1201 illa
2060 1147 2342 1217 paulatim
2377 1151 2582 1201 mutua
2612 1145 2712 1199 illa
2744 1145 3001 1200 naturali
3036 1144 3339 1198 affectione
3370 1143 3577 1198 libera-

1930 1240 2172 1300 rentur;
2206 1253 2320 1303 qua
2353 1237 2514 1305 item,
2548 1235 2760 1291 Christi
2787 1235 2994 1305 gratia,
3023 1250 3122 1305 per
3146 1233 3391 1288 multam
3416 1249 3575 1287 exer-

1931 1325 2266 1379 citationem
2330 1331 2492 1396 pater
2549 1325 2829 1378 liberatus
2886 1329 2994 1379 est.
3033 1324 3115 1377 Ad
3168 1323 3571 1394 probationem

1931 1420 2123 1468 autem
2158 1422 2214 1468 et
2253 1418 2716 1484 experimentum
2778 1413 3010 1468 virtutis
3070 1414 3199 1483 ejus
3261 1411 3578 1466 simulabat

1932 1503 2248 1574 aliquando
2283 1505 2463 1558 abbas
2495 1521 2555 1558 se
2589 1503 2674 1557 ira
2705 1504 2984 1558 adversus
3005 1517 3250 1572 puerum
3273 1500 3578 1568 concitari,

1925 1593 2225 1664 jussitque
2257 1593 2594 1664 supradicto
2625 1594 2752 1664 ejus
2787 1592 2934 1664 patri
2970 1598 3034 1646 ut
3065 1590 3364 1646 sublatum
3401 1589 3578 1661 proji-

1931 1686 2085 1736 ceret
2114 1682 2171 1734 in
2208 1682 2469 1736 fluvium.
2501 1682 2648 1735 Tum
2711 1681 2828 1747 ille,
2863 1680 3030 1751 quasi
3090 1681 3205 1734 Deo
3239 1679 3486 1749 jubente
3519 1683 3581 1732 ut

1932 1770 2158 1824 tolleret
2190 1770 2374 1824 ﬁlium
2409 1787 2605 1833 suum,
2631 1769 2921 1823 concitato
2945 1785 3116 1822 cursu
3140 1770 3206 1822 ad
3248 1768 3432 1838 ripam
3469 1767 3579 1821 ﬁu-

1935 1859 2110 1914 minis
2140 1859 2395 1927 advenit,
2431 1875 2495 1911 ac
2527 1858 2668 1912 dum
2695 1858 2931 1926 jussum
2969 1856 3208 1926 implere
3239 1873 3309 1910 ex
3349 1855 3578 1910 ardenti

1979 1949 2068 2010 de,
2127 1953 2184 2002 et
2241 1964 2309 2002 ex
2365 1948 2587 2001 fervore
2637 1946 2982 2001 obedientiae
3037 1949 3392 2016 prepararet,
3453 1961 3582 2015 pro-

1935 2036 2158 2092 hibitus
2189 2042 2277 2092 est
2333 2053 2367 2090 a
2425 2036 2709 2090 fratribus
2770 2035 2869 2106 qui
2929 2050 3257 2106 prmvenere
3317 2033 3481 2086 illum
3528 2037 3584 2087 et

1936 2127 2121 2181 ﬁlium
2143 2126 2466 2196 abripuere.
2489 2125 2600 2195 (61)
2619 2125 2812 2195 Usque
2833 2126 2977 2179 adeo
2997 2137 3188 2178 autem
3216 2124 3342 2193 ejus
3365 2124 3509 2177 ﬁdes
3529 2127 3584 2176 et

1936 2214 2268 2268 obedientia
2317 2219 2428 2268 Deo
2488 2220 2727 2283 accepta
2787 2214 2915 2278 fuit,
2981 2219 3044 2266 ut
3101 2230 3134 2267 a
3191 2213 3304 2267 Deo
3363 2212 3581 2267 revela-

1935 2308 2057 2357 tum
2096 2304 2261 2358 fuerit
2297 2304 2513 2370 abbati,
2560 2303 2754 2374 ipsum
2815 2303 3130 2357 Abrubami
3187 2319 3335 2373 opus
3395 2303 3579 2373 perfe-

1941 2392 2108 2446 cisse.
2143 2391 2320 2446 Parvo
2352 2398 2544 2446 autem
2581 2391 2778 2462 elapso
2809 2398 3088 2462 tempore,
3112 2391 3423 2461 praedictus
3468 2407 3570 2444 co:-

1937 2481 2093 2535 nobii
2124 2481 2306 2536 abbas
2339 2498 2470 2535 cum
2505 2481 2765 2550 obiisset,
2812 2497 2944 2535 eum
3007 2495 3408 2534 successorem
3467 2479 3575 2532 sibi

1935 2569 2190 2640 reliquit.

2005 2659 2091 2713 40.
2155 2659 2343 2714 Alium
2404 2660 2675 2714 novimus
2733 2661 2994 2725 fratrem,
3049 2659 3150 2731 qui
3203 2657 3416 2713 saeculo
3447 2673 3575 2713 sese

1934 2748 2244 2815 abdicavit,
2287 2749 2383 2817 qui
2453 2748 2629 2803 etiam
2718 2749 2777 2803 in
2848 2751 3068 2804 mundo
3135 2750 3388 2820 insignis
3455 2754 3580 2802 erat

1932 2837 2118 2908 (pater
2147 2836 2359 2908 quippe
2388 2837 2517 2907 ejus
2550 2854 2744 2892 comes
2803 2839 3021 2892 bellum
3083 2838 3342 2911 gerebat,
3385 2839 3574 2892 dives-

1933 2941 2045 2996 que
2077 2927 2240 2992 erat),
2275 2941 2379 2979 nec
2440 2926 2812 2980 mediocriter
2863 2927 3132 2981 eruditus
3190 2944 3257 2982 ac
3305 2927 3576 2982 lectionis

1933 3013 2257 3070 studiosus.
2291 3015 2404 3085 (62)
2426 3014 2528 3068 Hic
2554 3015 2730 3084 igitur
2755 3016 3018 3070 saeculari
3056 3015 3257 3071 relicto
3291 3018 3463 3080 fastu,
3503 3017 3574 3070 ad

1935 3104 2322 3159 monasticam
2353 3120 2415 3158 se
2446 3103 2694 3158 contulit
2725 3105 2922 3167 vitam.
2965 3111 3140 3176 atque
3173 3106 3242 3158 ad
3280 3105 3576 3175 probatio-

1936 3208 2067 3248 nem
2104 3192 2234 3246 ﬁdei
2267 3197 2323 3247 et
2360 3192 2714 3248 humilitatis
2775 3210 2889 3248 sum
2938 3194 3184 3263 jubetur
3238 3196 3311 3248 ab
3369 3195 3579 3248 abbate

229 3300 419 3334 ισσεται
473 3279 577 3333 ὑπὸ
621 3283 716 3334 τοῦ
761 3274 903 3334 ἁϐϐἆ
953 3277 1079 3334 δέκα
1119 3279 1380 3357 σπυρίδας
1416 3283 1696 3357 βαστάσαι,
1729 3283 1817 3336 καὶ

1936 3283 2129 3337 decem
2163 3287 2396 3352 sportas
2423 3283 2669 3352 deferre,
2697 3289 2754 3337 et
2785 3283 2842 3337 in
2878 3282 3112 3353 propria
3139 3284 3302 3351 urbe,
3323 3299 3427 3336 nec
3461 3300 3580 3337 una

274 3370 343 3440 τῇ
394 3363 555 3420 πόλει
603 3367 674 3437 τῇ
715 3365 827 3438 ἰδίᾳ
867 3366 1144 3438 πωλῆσαι,
1176 3366 1266 3422 καὶ
1327 3368 1403 3440 μή
1456 3370 1628 3430 πάσας
1687 3367 1820 3441 ἐμοῦ

240 3457 310 3510 λά
363 3457 500 3511 κατὰ
553 3455 676 3529 μίαν
726 3456 888 3518 αὐτας
947 3455 1174 3512 πωλεῖν·
1238 3456 1370 3533 ὅπερ
1423 3457 1628 3521 ἐκεῖνος
1690 3460 1824 3532 μετὰ

229 3563 337 3612 ισης
396 3543 681 3614 ὑπομονῆς
740 3543 829 3597 καὶ
881 3545 1259 3606 ταπεινώσεως
1317 3544 1660 3622 ἐπλήρωσεν,
1713 3547 1825 3602 ἐπι-

229 3634 271 3694 ἶς
302 3632 397 3694 τὰς
433 3629 694 3706 σπυρίδας
746 3638 861 3695 τοῖς
911 3632 1108 3705 ὤμοις,
1142 3634 1231 3688 καὶ
1280 3633 1442 3697 αὐτάς
1506 3637 1641 3690 κατά
1697 3634 1822 3708 μίαν

229 3721 453 3793 ›λήσας,
508 3722 583 3793 μὴ
645 3719 1004 3795 λογισάμενος
1051 3724 1150 3791 τὴν
1201 3723 1473 3779 εὐτέλειαν
1531 3729 1628 3779 τοῦ
1686 3723 1830 3801 πρά-

229 3832 390 3880 .ατος,
423 3810 513 3865 καὶ
569 3815 665 3864 τοῦ
723 3810 912 3884 γένους
968 3813 1068 3880 τὴν
1131 3810 1521 3888 λαμπρότητα,
1581 3814 1668 3869 καὶ
1723 3822 1826 3884 τῆς

237 3902 409 3962 άσεως
464 3901 564 3969 τὴν
623 3897 881 3956 δοκοῦσαν
943 3901 1182 3974 ἀτιμίαν.
1241 3901 1568 3972 Ἑσπούδαζε
1642 3903 1744 3978 γάρ

229 3995 396 4052 eam.

237 4082 322 4136 11.
368 4079 468 4134 Καὶ
521 4077 691 4136 ἄλλον
748 4079 805 4136 δέ
859 4102 981 4136 τινα
1037 4084 1145 4136 τῶν
1205 4081 1456 4156 Πατὲρων
1492 4081 1821 4156 ἐθεασάμεθα

232 4163 331 4223 ϐἇν
393 4170 660 4247 ΙΙινοφᾶν,
721 4168 888 4245 ἄνδρα
939 4169 1080 4242 πάσῃ
1157 4170 1320 4246 ἀρετῇ
1381 4171 1817 4244 κεκοσμημένον,

229 4277 304 4319 τις
366 4258 436 4326 ἧν
494 4253 805 4332 πρωτόϐιος
853 4258 942 4313 καὶ
992 4253 1160 4321 ἀϐϐἆς
1215 4259 1459 4333 μεγάλου
1517 4256 1818 4329 κοινοϐίου,

240 4348 388 4402 ἐστιν
445 4348 498 4402 ἐν
558 4349 818 4424 Αἰγύπτῳ
876 4348 1038 4425 ἐγγὺς
1093 4357 1192 4418 τῆς
1271 4348 1498 4428 Πανεφὼ
1578 4350 1815 4413 πόλεως’

229 4459 339 4506 τος,
373 4439 522 4511 ὁρῶν
556 4439 742 4493 ἑαυτὸν
775 4440 864 4493 καὶ
897 4436 984 4493 διὰ
1013 4440 1112 4507 τὴν
1152 4443 1460 4515 προσοῦσαν
1513 4438 1820 4511 πολιτείαν,

229 4528 241 4581 ἱ
276 4526 371 4582 διὰ
397 4528 463 4582 τὸ
493 4535 690 4604 γῆρας,
721 4529 811 4584 καὶ
863 4527 952 4584 διὰ
1006 4530 1105 4598 τὴν
1165 4530 1490 4604 ἡγεμονίαν,
1527 4531 1630 4586 ὑπὸ
1688 4533 1818 4586 πάν-

1932 3387 2136 3426 omnes
2167 3372 2268 3425 sed
2296 3371 2642 3442 singulatim
2675 3388 2772 3427 eas
2803 3373 3083 3427 vendere:
3128 3373 3281 3443 quod
3317 3370 3411 3425 ille
3442 3387 3577 3425 cum

1933 3460 2094 3515 omni
2127 3459 2408 3531 patientia
2436 3464 2494 3514 et
2523 3460 2855 3516 humilitate
2877 3461 3208 3532 complevit,
3233 3466 3581 3531 sportasque

1935 3549 2245 3620 imponens
2279 3549 2538 3603 humeris
2595 3549 2895 3620 sigillatim
2955 3551 3255 3617 vendidit;
3320 3567 3432 3604 non
3481 3549 3581 3604 ille

1939 3639 2018 3694 rei
2051 3637 2350 3700 vilitatem,
2389 3655 2502 3693 non
2562 3639 2792 3710 generis
2849 3640 3214 3695 nobilitatem
3259 3657 3456 3695 secum
3491 3657 3578 3693 re-

1939 3728 2165 3800 putavit
2195 3743 2208 3780 :
2243 3728 2513 3782 studebat
2540 3729 2697 3783 enim
2731 3729 2942 3784 Christi
2986 3729 3338 3784 humilitatis
3389 3729 3581 3783 imita-

1939 3821 2032 3872 tor
2061 3816 2232 3870 efﬁci.

1827 3905 2076 3977 μιμητὴν
2144 3903 2327 3958 ἑαυτὸν
2403 3911 2734 3974 καταστῆσαι
2791 3907 2889 3974 τῆς
2948 3911 3044 3960 τοῦ
3103 3911 3336 3982 Χριστοῦ
3393 3926 3579 3960 ταπει-

2003 4084 2088 4138 11.
2123 4085 2441 4156 (63)Alium
2465 4087 2602 4143 item
2620 4089 2932 4159 quemdam
2950 4103 3018 4142 ex
3036 4087 3306 4142 Patribus
3323 4088 3578 4142 vidimus

1931 4173 2202 4228 abbatem
2235 4174 2560 4245 Pinophan,
2594 4177 2786 4230 virum
2817 4177 2976 4231 omni
3013 4177 3225 4230 virtute
3274 4181 3573 4243 ornatum,

1931 4261 2026 4330 qui
2060 4267 2185 4317 erat
2211 4263 2491 4333 antiquus
2523 4270 2580 4319 et
2608 4266 2790 4320 abbas
2815 4266 3014 4336 magni
3044 4264 3314 4329 cwnobii,
3339 4266 3492 4336 quod
3520 4266 3577 4319 in

1928 4350 2170 4422 Egypto
2203 4353 2381 4407 situm
2413 4358 2503 4407 est
2533 4370 2710 4424 prope
2746 4355 2949 4408 urbem
2992 4353 3265 4424 Panepho
3293 4372 3305 4409 :
3359 4354 3409 4409 is
3441 4371 3576 4408 cum

1932 4456 2059 4496 sese
2091 4441 2310 4497 videret
2335 4447 2460 4496 tum
2494 4443 2565 4497 ob
2600 4444 2725 4496 vita:
2759 4442 3115 4504 institutum.
3146 4448 3270 4496 tum
3305 4444 3377 4497 ob
3411 4459 3576 4497 sene-

1931 4533 2149 4584 ctutem
2182 4535 2238 4584 et
2269 4532 2676 4602 praefecturam
2708 4532 2934 4587 laudari
2957 4538 3012 4587 et
3030 4531 3307 4587 celebrari
3333 4533 3405 4586 ab
3446 4548 3576 4586 om-

235 4639 261 4670 ν
324 4614 688 4690 δοξαζόμενον
731 4617 821 4672 καὶ
850 4619 1188 4691 τιμώμενον),
1243 4620 1333 4674 καὶ
1396 4621 1471 4692 μὴ
1526 4618 1821 4694 δυνάμενον

1936 4618 2242 4688 nibus,nec
2266 4637 2454 4691 posse,
2475 4622 2978 4692 quemadmodum
3007 4621 3172 4676 initio
3197 4640 3314 4676 suce
3346 4638 3578 4677 conver-

229 4706 591 4781 γυμνάζεσθαι
648 4713 765 4768 τοῖς
815 4715 913 4777 τῆς
967 4708 1474 4785 ταπεινοφροσύνης
1541 4709 1824 4780 ἐπιτηδεύ-

229 4818 346 4867 .σιν,
402 4797 595 4872 οἷσπερ
627 4795 678 4866 ἐξ
710 4797 912 4872 ἀρχῆς,
950 4794 1038 4851 διὰ
1084 4805 1184 4866 τῆς
1247 4797 1393 4870 αὐτῷ
1449 4801 1822 4874 περιποθήτου

233 4893 439 4962 οταγῆς
490 4885 541 4940 ἐν
593 4884 894 4960 ᾔέκλτςθη,
927 4883 1101 4961 λάθρα
1145 4885 1322 4962 φυγὼν
1375 4886 1480 4941 ἀπὸ
1535 4893 1631 4942 τοῦ
1684 4886 1822 4943 ἰδίου

229 4971 466 5044 ινοϐίου,
496 4975 819 5051 ἀνεχώρησε
854 4974 1019 5048 μόνος
1067 4975 1142 5037 εἷς
1197 4978 1264 5030 τά
1310 4971 1509 5052 ἔσχατα
1555 4984 1655 5046 τῆς
1710 4985 1821 5048 Θη-

233 5060 369 5126 ίδος·
404 5065 497 5119 καὶ
532 5064 732 5140 ἐπάρας
763 5064 826 5119 τὸ
859 5071 1054 5141 σχῆμα
1081 5069 1178 5120 τοῦ
1229 5069 1477 5140 μονοιχοῦ
1525 5065 1613 5120 καὶ
1666 5063 1820 5121 ἐνδυ-

229 5174 390 5225 μενος
458 5156 698 5228 κοσμικά
763 5155 955 5226 ἱμάτια
1005 5153 1245 5224 ἀπῆλθεν
1303 5154 1379 5216 εἷς
1433 5155 1494 5209 τὸ
1543 5150 1818 5211 κοινόϐιον

229 5267 252 5297 ν
283 5241 779 5314 Ταϐεννησιωτῶν,
811 5242 1038 5317 νομίσας
1067 5244 1118 5298 ἐν
1176 5243 1351 5317 νοότῳ
1414 5242 1692 5308 λανθάνειν
1737 5245 1819 5308 τίς

273 5331 362 5404 εἶή
428 5330 522 5387 διὰ
575 5333 637 5388 τὸ
697 5331 912 5402 πλῆθος
969 5337 1079 5388 τῶν
1135 5330 1408 5410 ἀδελφῶν,
1467 5333 1556 5388 καὶ
1616 5330 1705 5388 διὰ
1756 5333 1820 5390 τὸ

229 5420 382 5497 ἐχειν
417 5419 570 5478 πολὺ
597 5426 694 5478 τοῦ
723 5420 1017 5494 κλίματος,
1040 5421 1090 5478 ἰν
1124 5423 1170 5494 ᾧ
1199 5423 1262 5478 τὸ
1291 5423 1486 5478 τούτου
1514 5417 1816 5482 κοινόϐιον.

374 5645 922 5734 (ξ-αβξὶαηᾏριειίιαι.
953 5646 1058 5704 lib.
1090 5661 1178 5718 1v,
1202 5664 1252 5705 ο.
1281 5647 1372 5706 28.

229 5718 348 5792 ξ62)
380 5718 537 5775 Ibid.
572 5735 623 5776 ο.
652 5719 744 5776 29.

1934 4708 2116 4763 sionis
2158 4710 2353 4764 studio
2412 4710 2767 4766 humilitatis
2822 4711 3080 4782 seipsum
3141 4729 3447 4779 exercere;
3508 4713 3581 4768 iis

1933 4803 2258 4870 permotus,
2280 4801 2353 4854 ob
2374 4800 2764 4856 desideratam
2787 4801 2897 4856 sibi
2917 4801 3345 4872 subjectionem
3377 4801 3434 4856 in
3467 4818 3582 4872 qua

1933 4895 2174 4944 vocatus
2209 4890 2412 4957 fuerat,
2451 4891 2599 4946 clam
2664 4891 2976 4963 aufugiens
3035 4910 3103 4948 ex
3160 4911 3266 4948 suo
3297 4894 3578 4959 cmnobio,

1933 4979 2178 5032 secessit
2209 4977 2371 5033 solus
2394 4980 2464 5034 ad
2485 4988 2776 5036 extremas
2799 4982 3110 5037 Thebaidis
3145 4987 3356 5053 partes,
3383 4981 3579 5035 subla-

1930 5071 2108 5138 toque
2131 5068 2402 5123 monachi
2432 5069 2801 5139 vestimento,
2827 5071 3170 5142 indutisque
3201 5070 3580 5125 saecularibus

1930 5159 2190 5214 vestibus
2218 5159 2780 5216 Tabennesiotarum
2815 5161 3145 5216 coenobium
3195 5161 3380 5231 petiit,
3415 5163 3581 5214 ratus

1931 5247 1989 5300 in
2025 5263 2092 5302 eo
2126 5265 2189 5303 se
2220 5247 2401 5303 latere
2431 5266 2624 5319 posse,
2659 5266 2793 5304 cum
2855 5252 2928 5304 ob
2989 5249 3432 5304 multitudinem
3467 5251 3578 5304 tra-

1929 5337 2112 5404 trum,
2139 5341 2260 5390 tum
2294 5337 2434 5406 quia
2463 5338 2716 5392 multum
2748 5338 2981 5392 abesset
3012 5355 3044 5391 a
3075 5338 3327 5408 regione,
3363 5337 3422 5390 in
3464 5354 3582 5407 qua

1929 5425 2112 5482 situm
2144 5433 2268 5482 erat
2297 5429 2628 5485 ccenobium
2653 5444 2853 5484 suum.
2881 5429 2964 5483 lbi
2989 5444 3123 5483 cum
3149 5429 3349 5484 multis
3373 5428 3579 5484 diebus

1999 5651 2112 5724 (63)
2144 5650 2293 5708 Ibid.
2328 5669 2377 5709 c.
2409 5652 2499 5724 30,
2535 5651 2636 5710 ubi
2666 5651 2857 5708 abbas
2887 5653 3125 5708 vocatur
3152 5652 3424 5725 Pinuﬁus.
