4148 6424
283 406 400 466 863

1452 406 1518 468 S.
1563 405 2093 469 ATHANASIUS.
2120 439 2199 450 —
2227 405 2537 470 SPURIA.

3589 399 3711 461 864

290 536 672 612 postulasset,
701 542 973 613 receptus
1017 544 1109 597 est
1164 541 1237 597 ab
1296 538 1779 610 archimandrita,
1835 540 1935 610 qui

2063 538 2146 593 Καὶ
2180 537 2266 594 ἐπὶ
2302 535 2518 600 πολλὰς
2549 536 2761 613 ἠμέρας
2792 534 3124 613 παρακαλῶν
3158 531 3359 611 ἐδέχθη
3416 533 3563 610 παρὰ
3613 537 3711 589 τοῦ

290 627 403 699 ipsi
439 631 639 699 utpote
670 629 792 684 seni
825 635 883 685 et
914 630 983 685 ad
1017 628 1164 685 nihil
1198 630 1357 686 aliud
1390 628 1539 699 utili,
1573 645 1773 684 curam
1828 633 1943 684 tra-

297 716 445 771 didit
509 717 679 785 horti,
715 735 951 790 unaque
997 719 1096 775 alii
1147 719 1333 786 fratri,
1374 719 1467 775 cui
1498 718 1777 775 subditus
1806 734 1943 774 eum

295 809 455 860 esset
483 806 872 863 desideratam
908 808 1017 863 sibi
1055 808 1448 863 humilitatem
1471 812 1530 864 et
1558 807 1947 863 obedientiam

300 893 548 950 colebat.
610 895 808 965 Neque
864 895 965 951 illo
1024 896 1149 953 solo
1205 902 1515 953 contentus
1596 895 1945 963 ministerio,

301 999 664 1054 quacunque
694 1000 867 1056 opera
900 983 1031 1040 aliis
1060 985 1208 1041 dura
1237 990 1295 1041 et
1319 984 1583 1041 difﬁcilia
1612 985 1769 1040 ³14
1795 984 1950 1040 vide-

302 1071 537 1141 bantur,
571 1086 640 1126 ea
686 1072 783 1127 ille
832 1071 1103 1129 alacriter
1134 1072 1490 1129 absolvebat.
1539 1073 1684 1128 Cum
1733 1072 1817 1129 ita
1864 1072 1950 1128 la-

301 1163 493 1213 tenter
524 1159 841 1215 triennium
877 1162 1216 1233 peregisset,
1250 1179 1284 1218 a
1307 1161 1618 1232 discipulis
1673 1162 1799 1217 suis
1850 1178 1953 1233 per

301 1252 484 1304 totam
521 1254 823 1322 Egyptum
858 1251 1242 1324 perquisitus,
1276 1270 1311 1308 a
1340 1253 1596 1324 quodam
1650 1253 1828 1308 fratre
1858 1253 1951 1307 vix

304 1338 542 1393 demum
576 1340 813 1411 agnitus
844 1345 953 1407 est,
988 1340 1087 1413 qui
1119 1358 1184 1397 eo
1217 1342 1548 1408 advenerat,
1583 1342 1798 1414 quique
1826 1342 1950 1398 viso

302 1424 404 1481 illo
435 1432 493 1482 et
522 1427 721 1500 agnita
756 1428 956 1484 vultus
1014 1431 1142 1500 ejus
1199 1431 1403 1499 forma,
1462 1448 1597 1487 cum
1654 1431 1953 1487 dubitaret

300 1515 493 1571 adhuc
549 1533 748 1572 vocem
804 1519 932 1589 ejus
988 1520 1193 1575 audire
1246 1524 1491 1576 conatus
1547 1525 1637 1576 est
1689 1537 1700 1576 :
1760 1537 1952 1592 neque

301 1604 459 1659 enim
493 1621 561 1660 ex
591 1606 714 1662 solo
744 1605 870 1662 visu
905 1612 1099 1663 certus
1138 1614 1282 1675 erat,
1333 1609 1521 1665 virum
1579 1608 1953 1681 conspicatus

301 1708 522 1761 senem,
556 1694 749 1767 ligone
797 1700 1018 1753 terram
1078 1698 1420 1769 fodientem,
1452 1699 1657 1754 fimum
1689 1698 1955 1754 humeris

296 1786 648 1855 gestantem,
702 1789 769 1840 ut
800 1786 871 1841 ad
907 1786 1130 1842 olerum
1163 1787 1419 1843 radicem
1449 1788 1781 1858 deponeret.
1803 1787 1949 1843 Cum

2055 625 2511 703 ἀρχιμανδρίτου,
2570 627 2633 687 ’ὸς
2701 623 3071 702 παραδίδωσιν
3133 624 3282 697 αὐτῷ
3337 623 3412 685 ὡς
3473 622 3713 698 γέροντι,

2053 717 2143 773 καὶ
2193 718 2268 780 είς
2342 715 2508 790 μηδὲν
2572 715 2713 774 ἄλλο
2771 715 3318 793 χρησιμεύοντι,τήν
3380 717 3479 768 τοῦ
3532 714 3712 783 κήπου

2056 804 2317 884 φροντίδα
2361 806 2451 861 καὶ
2496 803 2838 879 ἐπιμέλειαν,
2875 806 3010 877 μετὰ
3060 804 3151 858 καὶ
3210 800 3388 858 ἄλλου
3444 798 3710 878 ἀδελφοῦ,

2056 896 2212 967 ᾧτινι
2265 895 2701 968 ὑποτασσόμενος
2750 895 2848 963 τὴν
2902 893 3270 971 περιπόθητον
3328 890 3476 963 αὐτῷ
3530 889 3713 945 ταπεί-

2055 1006 2219 1041 νωσιν
2278 986 2368 1041 καὶ
2429 986 2672 1054 ὑπακοήν
2750 982 2998 1057 ἐξετέλει.
3058 981 3131 1038 Οὐ
3203 980 3373 1055 ταύτῃ
3428 978 3487 1036 δὲ
3551 980 3713 1053 μόνον

2057 1075 2280 1151 ἠρκεῖτο
2309 1078 2378 1150 τῇ
2412 1072 2677 1147 διακονίᾳ,
2700 1072 2846 1130 ἀλλὰ
2874 1073 2964 1127 καὶ
2996 1071 3092 1128 ὅσα
3119 1076 3229 1127 τῶν
3262 1065 3437 1148 ἔργων
3472 1067 3712 1144 δυσχερῆ

2060 1160 2256 1228 ἄλλοις
2316 1162 2562 1238 ἐδόκουν,
2612 1162 2747 1219 αὐτὰ
2801 1162 3101 1239 προθύμως
3156 1158 3351 1217 ἐποίει.
3400 1154 3721 1220 Διατελέσας

2058 1252 2203 1309 οὕτω
2254 1252 2527 1309 λανθάνων
2572 1259 2758 1329 τριετῆ
2809 1251 3034 1328 χρόνον,
3065 1256 3172 1306 τῶν
3232 1248 3398 1305 αὐτοῦ
3460 1247 3716 1321 μαθητῶν

2061 1344 2466 1415 ἐπιζητούντων
2500 1343 2658 1398 αὐτὸν
2690 1343 2827 1397 κατὰ
2857 1346 3029 1396 πᾶσαν
3075 1341 3175 1410 τήν
3221 1338 3517 1413 Αἴγυπτον,
3549 1335 3719 1410 μόλις

2060 1431 2305 1507 ἐγνώσθη
2338 1433 2440 1488 ὑπό
2468 1454 2616 1495 τινος
2647 1429 2906 1510 ἀδελφοῦ,
2940 1429 3086 1492 ὅστις
3142 1432 3209 1498 ἦν
3272 1425 3716 1503 παραγενόμενος

2060 1521 2250 1577 ἐκεῖσε⁶
2301 1523 2360 1585 ’ὸς
2416 1521 2764 1595 θεασάμενος,
2797 1518 2885 1575 καὶ
2946 1518 3196 1594 ἐπιγνοὺς
3252 1516 3344 1572 τὸν
3395 1522 3717 1591 χαρακτῆρα

2059 1616 2155 1667 τοῦ
2209 1612 2530 1686 προσώπου,
2588 1610 2679 1666 καὶ
2737 1608 2815 1686 ἔτι
2873 1603 3263 1686 ἀμφιϐάλλων,
3317 1606 3569 1679 ἐπειρᾶτο
3626 1602 3714 1658 καὶ

2061 1708 2242 1779 φωνῆς
2298 1700 2495 1755 τούτου
2543 1698 2781 1755 ἀκούειν·
2826 1699 2888 1753 οὐ
2939 1699 3042 1772 γὰρ
3091 1696 3211 1772 εἶχε
3253 1694 3316 1751 τὸ
3365 1691 3602 1771 ἀσφαλὲς
3659 1690 3718 1746 ἐκ

2065 1788 2236 1863 μόνης
2265 1796 2370 1860 τῆς
2400 1786 2600 1864 ὄψεως,
2634 1790 2855 1863 θεωρῶν
2901 1788 2993 1842 τὸν
3043 1789 3293 1841 τοιοῦτον
3339 1780 3507 1859 ἄνδρα
3553 1802 3717 1856 γεγη-

297 1871 483 1943 igitur
509 1872 667 1929 vocis
698 1891 912 1930 sonum
973 1875 1314 1944 observans,
1361 1876 1749 1949 deprehendit
1788 1877 1950 1949 quis-

2065 1879 2285 1955 ρακότα,
2343 1880 2435 1934 καὶ
2493 1876 2746 1934 δίκελλαν
2800 1880 3117 1979 κροξτοξντα,
3150 1873 3268 1979 ’,καὶ
3323 1879 3423 1979 fixo
3493 1868 3719 1979 ἐργαζό-

301 1976 438 2016 nam
471 1966 647 2031 esset,
681 1968 1008 2034 prostratus
1039 1974 1173 2022 ante
1205 1968 1381 2038 pedes
1404 1967 1552 2038 ejus,
1578 1983 1792 2039 magno
1829 1983 1956 2039 spe-

301 2054 555 2107 statores
587 2057 826 2124 stupore
854 2054 1156 2126 perculsit,
1188 2056 1345 2127 quod
1378 2056 1459 2111 ita
1487 2073 1625 2128 erga
1656 2055 1955 2112 hominem

300 2155 365 2196 se
393 2140 651 2212 gessiset
680 2141 780 2213 qui
814 2143 969 2214 apud
1001 2160 1063 2199 se
1122 2145 1398 2212 novitius,
1432 2144 1633 2201 relicto
1684 2144 1841 2201 haud
1874 2146 1956 2202 ita

303 2228 532 2301 pridem
563 2231 803 2296 mundo,
836 2231 1081 2289 ultimus
1115 2232 1464 2290 habebatur.
1500 2234 1804 2307 Magisque
1847 2236 1954 2291 ob-

306 2322 612 2390 stupuere,
643 2336 779 2375 cum
811 2321 1068 2378 didicere
1100 2339 1350 2391 nomen;
1398 2328 1524 2379 erat
1577 2324 1732 2380 enim
1786 2331 1958 2381 antea

310 2423 540 2478 magna;
569 2409 725 2480 apud
749 2426 845 2465 eos
892 2411 1091 2468 fama):
1153 2429 1220 2468 ac
1278 2414 1504 2469 veniam
1561 2414 1955 2487 postularunt,

308 2496 461 2565 quod
490 2511 622 2553 eum
656 2497 866 2569 ignari,
896 2516 1028 2555 cum
1088 2504 1403 2574 postremis
1456 2504 1693 2559 novitiis
1736 2505 1958 2560 consti-

306 2583 583 2641 tuissent.
664 2585 956 2659 lllumqus
1034 2589 1238 2647 multis
1314 2592 1529 2649 hortati
1604 2592 1823 2662 verbis,
1883 2593 1955 2649 ad

309 2674 643 2730 coenobium
674 2691 847 2732 suum
880 2677 1130 2735 invitum
1162 2680 1461 2753 remisere,
1520 2686 1700 2755 atque
1758 2682 1957 2755 deplo-

311 2765 539 2817 rantem
571 2764 727 2834 quod
760 2780 1104 2823 concessum
1139 2768 1250 2824 sibi
1312 2786 1428 2826 non
1484 2776 1642 2827 esset
1680 2771 1955 2829 dilectam

310 2866 570 2906 exercere
602 2851 999 2911 humilitatem
1059 2862 1116 2913 et
1171 2859 1588 2917 obedientiam.
1620 2861 1735 2933 (64)
1791 2861 1957 2918 Brevi

309 2935 497 3011 igitur
525 2944 724 2995 exacto
763 2944 1027 3014 tempore
1061 2945 1116 2999 in
1153 2947 1507 3004 monasterio
1538 2965 1667 3019 suo,
1713 2949 1959 3005 humili-

312 3025 450 3080 tatis
517 3043 754 3084 rursum
831 3036 890 3087 et
963 3031 1307 3090 obedientite
1375 3036 1666 3093 desiderio
1725 3039 1957 3108 ardens,

305 3115 617 3172 observata
675 3120 867 3176 noctis
927 3122 1070 3179 hora
1126 3124 1375 3198 aufugit,
1418 3144 1530 3182 non
1585 3126 1832 3184 ulterius
1883 3129 1956 3184 ad

2069 1990 2249 2043 μενον,
2280 1969 2370 2024 καὶ
2426 1968 2631 2042 κόπρον
2686 1971 2805 2030 τοῖς
2857 1964 3082 2027 οἰκείοις
3137 1959 3314 2037 ὤμοις
3368 1960 3718 2038 βαστάζοντα,

2062 2059 2152 2113 καὶ
2182 2064 2303 2120 ταῖς
2335 2056 2506 2133 ῥίζαις
2546 2061 2654 2113 τῶν
2701 2054 2956 2132 λαχάνων
3005 2049 3396 2109 ἐπιϐάλλοντα.
3427 2051 3559 2107 ’Ὀτε
3603 2046 3720 2103 τοί-

2062 2168 2179 2218 νυν,
2210 2148 2299 2202 τὸν
2350 2151 2448 2211 τῆς
2500 2148 2684 2223 φωνῆς
2728 2145 2872 2221 ἦχον
2920 2142 3201 2216 ἐπιμελῶς
3237 2138 3550 2215 ἐξιχνεύων,
3584 2134 3719 2207 ἠδυ-

2063 2236 2201 2306 νήθη
2233 2229 2559 2290 καταλαϐεῖν
2616 2234 2762 2296 ὅστις
2824 2231 2959 2299 ἐστὶ,
2994 2231 3152 2309 ῥίψας
3211 2227 3396 2284 ἐαυτὸν
3451 2225 3559 2303 πρὸ
3610 2229 3718 2280 τῶν

2065 2322 2250 2380 ποδῶν
2282 2324 2468 2395 αὐτοῦ,
2504 2323 2765 2399 μεγίστην
2789 2317 3048 2393 ἔκπληξιν
3080 2325 3198 2382 τοῖς
3233 2318 3402 2395 ὁρῶσι
3433 2320 3719 2392 παρεῖχεν,

2064 2412 2149 2469 ὅτι
2205 2412 2349 2468 οὕτω
2407 2412 2703 2483 πεποίηκεν
2765 2412 3056 2486 ἀνθρώπῳ,
3094 2408 3154 2470 ὃς
3210 2407 3337 2483 παρ’
3396 2405 3583 2466 αὐτοῖς
3640 2402 3716 2465 ὡς

2065 2504 2355 2579 ἀρχάριος,
2386 2501 2477 2557 καὶ
2509 2500 2571 2556 οὐ
2601 2500 2708 2577 πρὸ
2740 2498 2959 2556 πολλοῦ
2986 2499 3077 2554 τὸν
3105 2497 3311 2571 κόσμον
3363 2491 3717 2567 καταλείψας,

2067 2588 2296 2668 ἔσχατος
2319 2590 2617 2664 ἐνομίζετο.
2649 2592 2769 2645 Ἔτι
2800 2587 2859 2644 δὲ
2911 2587 3146 2662 μάλιστα
3202 2582 3592 2661 ἐξεπλάγησαν,
3625 2580 3714 2636 ὅτε

2062 2682 2126 2737 τὸ
2156 2678 2331 2754 ὄνομα
2356 2680 2554 2736 τούτου
2583 2677 2808 2753 ἔμαθον,
2839 2678 2900 2741 ’ὸς
2945 2677 3051 2752 πρὸ
3105 2674 3301 2731 τούτου
3362 2672 3530 2748 μέγας
3587 2670 3713 2747 παρ’

2064 2771 2247 2834 αὐτοῖς
2288 2768 2540 2840 ἠκούετο·
2589 2769 2680 2824 καὶ
2720 2766 3054 2844 συγγνώμην
3108 2760 3297 2840 ᾔτουν,
3340 2760 3478 2818 διότι
3525 2757 3716 2815 τοῦτον

2065 2860 2419 2935 ἀγνοήσαντες
2506 2858 2642 2932 μετὰ
2698 2861 2807 2912 τῶν
2866 2854 3108 2930 ἐσχάτων
3168 2850 3449 2929 ἀρχαρίων
3507 2847 3713 2920 ἔταξαν.

2068 2948 2542 3025 Παρακαλέσαντες
2573 2945 2632 3002 δὲ
2663 2946 2820 3002 αὐτὸν
2869 2942 3077 3012 πολλὰ,
3108 2941 3186 3005 εἷς
3233 2942 3298 2996 τὸ
3348 2937 3486 2995 ἴδιον
3516 2938 3717 3025 ,κοινόο

2067 3024 2185 3094 ὄιον
2234 3036 2536 3111 ἐξέπεμψαν
2591 3033 2785 3090 ἄκοντα
2833 3032 2923 3088 καὶ
2973 3028 3329 3108 ὀδυρόμενον,
3370 3028 3462 3083 ἅτε
3511 3024 3579 3096 δὴ
3640 3026 3718 3100 μὴ

2070 3126 2532 3203 συγχωρούμενον
2596 3121 2870 3180 ἐκτελέσαι
2926 3121 3026 3190 τὴν
3086 3117 3235 3192 αὐτῷ
3292 3116 3459 3196 φίλην
3529 3114 3718 3171 ταπεί-

301 3206 671 3277 peregrinam
703 3209 1039 3281 regionem:
1074 3229 1398 3271 conscensa
1429 3216 1645 3288 quippe
1691 3218 1954 3273 navicula

2066 3237 2229 3271 νωσιν
2260 3215 2351 3269 καὶ
2404 3214 2708 3289 ὐποταγήν.
2742 3212 2982 3282 Ποιήσας
3015 3207 3108 3265 οὖν
3158 3206 3349 3283 ὀλίγον
3409 3204 3608 3282 χρόνον
3665 3204 3717 3259 ἐν

309 3294 381 3348 ad
439 3300 634 3366 partes
695 3301 856 3354 venit
911 3299 1255 3373 Palaestinae,
1316 3286 1685 3376 sperans—se
1732 3305 1854 3363 illic
1882 3308 1954 3362 ad

2068 3310 2146 3377 τῷ
2202 3304 2367 3360 αὐτοῦ
2428 3286 2821 3377 μοναστηρίῳ,
2878 3299 3042 3355 πάλιν
3098 3296 3369 3372 πυρωθεὶς
3424 3298 3505 3367 τῷ
3561 3292 3720 3365 πόοῳ

302 3381 476 3439 finem
511 3401 698 3457 usque
729 3387 908 3444 latere
940 3406 1131 3462 posse.
1162 3392 1223 3447 ln
1256 3392 1624 3450 Palaestinam
1666 3412 1800 3451 cum
1858 3397 1957 3451 ad-

302 3474 562 3532 venisset
592 3481 1017 3536 monasterium
1042 3483 1231 3554 petiit,
1264 3484 1445 3539 situm
1495 3502 1673 3557 prope
1717 3485 1955 3558 spelun-

305 3579 431 3619 cam
464 3565 522 3620 in
557 3582 675 3638 qua
705 3567 973 3625 Christus
1031 3570 1317 3628 Dominus
1376 3579 1551 3630 natus
1598 3580 1709 3643 est,
1742 3575 1801 3631 in
1836 3591 1951 3648 quo

308 3655 663 3712 monasterio
693 3661 817 3712 tum
851 3665 1252 3717 commoratus
1300 3667 1408 3718 est.
1442 3667 1569 3719 Non
1628 3664 1815 3735 potuit
1866 3669 1952 3719 ta-

307 3758 439 3797 men
471 3743 554 3799 ibi
584 3744 784 3815 latere,
809 3748 975 3818 juxta
1011 3750 1241 3805 Domini
1271 3768 1468 3808 vocem
1502 3752 1663 3809 illam
1690 3769 1705 3810 :
1757 3776 1785 3804 ‹‹
1827 3758 1952 3809 Non

306 3835 498 3901 potest
527 3834 731 3892 civitas
761 3836 1041 3893 abscondi
1069 3856 1250 3911 supra
1298 3846 1557 3897 montem
1608 3842 1801 3914 posita
1820 3841 1888 3897 εδ.
1921 3865 1951 3894 ››

304 3918 450 3976 Cum
483 3921 639 3979 enim
672 3940 743 3980 ex
769 3925 1012 3999 [Egypto
1046 3927 1255 3984 fratres
1284 3931 1583 3987 venissent
1612 3948 1717 4003 pro
1747 3932 1955 3987 adora-

306 4008 467 4065 tione
496 4028 796 4069 sacrorum
830 4014 1116 4084 locorum,
1163 4019 1430 4090 agnitum
1488 4020 1656 4077 illum
1713 4022 1955 4078 mustis-

306 4114 420 4169 que
453 4101 986 4174 supplicationibus
1019 4124 1087 4163 ac
1135 4107 1375 4165 ﬂetibus
1422 4127 1794 4182 persuasum,
1827 4128 1956 4166 rur-

304 4206 407 4244 sus
438 4191 506 4246 ad
541 4193 844 4264 proprium
876 4197 1251 4253 adduxerunt
1278 4200 1636 4256 ccenobium.
1666 4201 1780 4274 (65)
1810 4201 1957 4257 Cum

299 4277 411 4332 hoc
440 4277 622 4351 igitur
652 4288 855 4338 sancto
887 4283 947 4339 in
980 4285 1223 4358 (Egypto
1277 4288 1508 4344 modico
1558 4294 1824 4362 tempore
1854 4291 1959 4347 ha-

303 4367 484 4423 bitavi
515 4387 528 4436 ;
564 4370 859 4443 finemque
892 4374 1098 4430 faciam
1131 4377 1422 4433 sermonis
1483 4380 1776 4435 narrando
1829 4397 1958 4452 quas

303 4457 496 4513 audivi
530 4460 603 4515 ab
637 4459 739 4517 illo
767 4469 1175 4521 commonente
1207 4466 1469 4534 fratrem,
1489 4484 1663 4540 quem
1695 4485 1788 4525 me
1811 4486 1957 4541 prae-

309 4552 477 4605 sente
507 4549 769 4607 admisit.

2063 3397 2163 3458 τῆς
2205 3392 2586 3454 ταπεινώσεως
2643 3390 2732 3445 καθ
2787 3389 3088 3464 ὑποταγῆς,
3138 3386 3474 3458 ἐπιτηρήσας
3533 3383 3721 3457 καιρὸν

2063 3483 2277 3555 νυκτὸς,
2310 3479 2501 3560 ἔφυγεν
2535 3480 2635 3535 οὐκ
2662 3477 2739 3535 ἔτι
2786 3479 2939 3550 ξένην
2973 3478 3181 3551 χώραν·
3219 3474 3460 3538 ἀνελθὼν
3506 3472 3609 3560 γάρ
3641 3470 3719 3533 εἰς

2060 3572 2257 3628 πλοῖον
2290 3559 2458 3641 ἦλθεν
2491 3569 2567 3632 είς
2597 3572 2665 3624 τὰ
2697 3569 2837 3644 μέρη
2870 3561 3516 3636 Παλαιστίνης,ἐλπίζων
3550 3559 3717 3615 ἐκεῖσε

2063 3661 2139 3724 εἷς
2163 3662 2322 3723 τέλος
2370 3657 2665 3715 διαλαθεῖν.
2702 3655 3147 3732 Παραγενόμενος
3190 3653 3367 3708 τοίνυν
3417 3650 3468 3706 ἐν
3514 3647 3716 3705 Παλαι-

2063 3750 2212 3825 στίνῃ
2242 3746 2497 3823 ὥρμησεν
2526 3747 2601 3809 είς
2631 3746 2693 3801 τὸ
2727 3747 3091 3821 μοναστήριον
3125 3743 3189 3799 τὸ
3217 3740 3446 3808 πλησίον
3463 3740 3560 3794 τοῦ
3577 3755 3714 3825 σπη-

2063 3823 2221 3895 λαίου
2250 3835 2375 3893 ἔνθα
2400 3838 2427 3892 ὁ
2442 3835 2715 3904 Δεσπότης
2728 3834 2959 3912 Χριστὸς
2991 3832 3208 3909 ετέχθη·
3227 3831 3279 3887 ἐν
3302 3831 3348 3903 ᾦ
3369 3823 3717 3903 μοναστηρίῳ

2063 3927 2225 4004 ἔτυχε
2267 3927 2331 3982 τὸ
2378 3929 2673 3998 τηνικαῦτα
2724 3918 3037 3999 διατρίϐων.
3076 3923 3177 3978 Καὶ
3226 3920 3398 3976 ἐκεῖσε
3445 3914 3504 3973 δὲ
3544 3934 3716 3990 παρα·

2062 4013 2378 4095 γενόμενος,
2409 4015 2508 4071 οὐκ
2559 4012 2810 4087 ἠδυνήθη
2867 4012 3053 4069 λαθεῖν
3096 4011 3233 4067 κατὰ
3258 4011 3359 4079 τὴν
3393 4005 3718 4095 δεσποτικὴν

2067 4090 2274 4186 (ρωνήν,
2304 4107 2404 4175 τὴν
2434 4106 2762 4183 φάσκουσαν·
2799 4128 2826 4156 ‹‹
2861 4100 2936 4157 Οὐ
2978 4099 3196 4157 δύναται
3243 4096 3408 4160 πόλις
3458 4090 3720 4186 κρυϐῆναι

2066 4182 2243 4253 ἐπάνω
2294 4182 2454 4272 ὅρους
2503 4194 2750 4268 κειμένη.
2787 4216 2816 4245 ι)
2844 4190 3129 4253 Ἐλθόντες
3177 4190 3282 4264 γὰρ
3340 4184 3570 4263 ἀδελφοὶ
3614 4182 3722 4239 ἀπὸ

2065 4292 2173 4343 τῶν
2223 4288 2403 4364 μερῶν
2453 4292 2551 4355 τῆς
2599 4283 2885 4360 Αἰγύπτου
2916 4279 2994 4342 εἷς
3022 4277 3390 4364 προσκύνησιν
3414 4278 3522 4327 τῶν
3557 4272 3722 4364 άγίων

2067 4358 2273 4446 τόπων,
2296 4358 2387 4432 καὶ
2418 4358 2731 4449 ἐπιγνόντες
2760 4367 2946 4437 αὐτὸν,
2976 4365 3142 4422 πάλιν
3190 4363 3480 4449 ἀπήγαγον
3532 4359 3610 4420 εἰς
3657 4358 3721 4449 τὸ

2069 4463 2206 4523 ἴδιον
2257 4444 2557 4530 κοινόϐιον,
2586 4457 2827 4518 πολλαῖς
2877 4451 3091 4523 δεήσεσι
3137 4449 3229 4506 καὶ
3278 4446 3543 4523 ὀδυρμοῖς
3599 4444 3718 4500 πεί-

2072 4576 2255 4617 σαντες
2288 4550 2471 4608 αὐτόν.
2502 4545 2693 4618 Τούτῳ
2720 4546 2901 4598 τοίνυν
2931 4543 3009 4613 τῷ
3042 4539 3183 4615 ἁγίῳ
3230 4535 3385 4614 ἀνδρὶ
3431 4536 3721 4608 συνῴκησα

305 4634 416 4708 ἐγὼ
474 4635 675 4711 χρόνον
738 4637 922 4716 ὀλίγον
984 4642 1038 4696 ἐν
1096 4641 1376 4719 Αίγύπτῳο
1435 4645 1570 4719 ἅπερ
1629 4640 1687 4700 δὲ
1743 4643 1953 4716 ἤκουσα
2006 4646 2172 4703 αὐτοῦ
2228 4642 2610 4706 νουθετοῦντος
2664 4631 2759 4689 ’ἐνα
2823 4628 3081 4700 ἀδελφὸν,
3140 4630 3198 4684 ’ὸν
3276 4623 3547 4702 παρουσίᾳ
3617 4643 3719 4697 μου

308 4720 544 4793 ἐδέξατο,
578 4722 982 4801 διηγησάμενος
1013 4729 1296 4807 πληρώσω
1322 4733 1414 4789 τὸν
1449 4732 1636 4809 λόγον.

380 4815 468 4869 42.
495 4815 607 4887 (66)
625 4817 813 4887 Nosti,
838 4821 1045 4891 inquit,
1072 4802 1267 4892 frater,
1288 4829 1432 4895 quot
1452 4802 1662 4880 diebus
1707 4831 1845 4882 ante
1864 4826 1954 4896 ja-

2140 4823 2225 4876 1'2.
2253 4822 2486 4892 ’¹Εγνως,
2520 4813 2707 4892 φησὶν,
2741 4808 2967 4890 ιίιδελςρὶ,⁶
2993 4808 3162 4871 πόσας
3189 4807 3416 4896 ἡμέρας
3455 4802 3563 4879 πρὸ
3616 4804 3726 4896 τῶν

311 4921 486 4960 nuam
520 4910 861 4966 monasterii
906 4913 1473 4982 peractisadmissus
1513 4914 1688 4971 hodie
1729 4917 1955 4972 fueris:

309 4994 464 5065 quod
481 4994 528 5051 si
544 5011 783 5053 causam
798 4999 1073 5057 didiceris
1086 5001 1426 5074 hujusmodi
1443 5003 1831 5073 difﬁcultatis,
1860 5021 1960 5077 po-

309 5083 450 5140 terit
467 5084 567 5141 illa
589 5084 695 5141 tibi
714 5086 773 5142 in
796 5087 926 5157 hac,
945 5106 1121 5162 quam
1140 5092 1290 5149 inire
1306 5093 1495 5166 cupis,
1513 5093 1629 5159 via,
1646 5094 1961 5150 utilitatem

311 5176 481 5245 ferre,
515 5183 692 5251 atque
724 5188 776 5235 te
836 5180 1067 5237 ﬁdelem
1130 5182 1230 5238 Dei
1288 5199 1523 5239 servum
1578 5183 1827 5240 efﬁcere.
1893 5182 1964 5239 Ut

310 5266 467 5322 enim
500 5267 753 5325 ﬁdeliter
772 5269 1022 5326 Domino
1053 5271 1444 5329 servientibus
1465 5270 1651 5344 gloria
1680 5276 1737 5328 et
1777 5272 1964 5329 honor

312 5356 372 5412 in
404 5357 669 5414 futurum
703 5360 1084 5431 promittitur,
1117 5359 1199 5416 ita
1253 5360 1603 5434 gravissima
1649 5360 1964 5417 imminent

384 5524 430 5563 "
455 5522 659 5587 Matth.
692 5545 750 5597 v,
784 5523 873 5585 15.

385 5682 500 5827 (611;
530 5682 793 5740 Cassian.
822 5685 1064 5741 lusum.
1097 5680 1199 5740 lib.
1226 5696 1304 5751 ιν,
1336 5696 1386 5740 ο.
1412 5678 1504 5737 31.

386 5753 479 5826 (65
533 5754 677 5811 Ibid.
710 5771 762 5814 ο.
794 5755 882 5814 32.

386 5753 500 5826 (65)
533 5754 677 5811 Ibid.
710 5771 762 5814 ο.
794 5755 882 5814 32.

2070 4912 2245 4984 θυρῶν
2305 4888 2406 4975 τῆς
2461 4888 2629 4979 μονῆς
2686 4888 2997 4963 διατελέσας
3046 4900 3287 4974 σήμερον
3338 4891 3594 4984 ἐδέχθης·
3637 4888 3723 4984 ἐὰν

2068 4976 2248 5053 τοίνυν
2313 4976 2483 5070 μάθῃς
2527 4999 2629 5064 τῆς
2679 4990 3001 5067 δυσχερείας
3048 4989 3149 5057 τὴν
3210 4984 3407 5070 αἰτίαν,
3441 4976 3728 5070 δυνήσεταί

2071 5109 2156 5144 σοι
2203 5086 2256 5142 ἐν
2572 5062 3143 5158 ταύτῃ-ἐπιθυμεῖς
3193 5067 3470 5140 ἐπιϐῆναι,
3519 5062 3729 5161 συμϐα-

2072 5177 2283 5248 λέσθαι,
2313 5157 2405 5232 καὶ
2437 5157 2637 5230 δοῦλον
2672 5166 2913 5248 Χριστοῦ
2962 5185 3021 5220 σε
3069 5161 3471 5238 ἀπεργάσασθαι
3517 5157 3725 5248 πιστόν.

2072 5270 2158 5332 Ὠς
2210 5243 2316 5344 γᾶιρ
2362 5270 2479 5328 τοῖς
2523 5243 2736 5322 πιστῶς.
2781 5256 3102 5344 δουλεύουσι
3144 5255 3224 5323 τῷ
3281 5248 3521 5344 θεσπότῃ
3579 5243 3725 5344 δόξα,

2070 5334 2235 5435 τιμὴ.
2267 5334 2406 5431 πρὸς
2464 5353 2528 5409 τὸ
2583 5348 2788 5426 μέλλον
2838 5337 3193 5419 ἐπήγγελται,
3245 5338 3419 5400 οὕτως
3466 5334 3727 5412 τιμωρίαι

2153 5672 2265 5751 (se)
2292 5672 2440 5732 Ibid.
2470 5687 2522 5731 ο.
2552 5670 2644 5747 32,
2674 5668 2764 5727 33.
