  <div class='ocr_page' id='page_1' title='image "/cluster/home/n/w/nwhite01/storage/ocr_20150623/28:no.4/coo.31924054873090/446.png"; bbox 0 0 4148 6386; ppageno 0'>
   <div class='ocr_carea' id='block_1_1' title="bbox 327 431 449 492">
    <p class='ocr_par' dir='ltr' id='par_1_1' title="bbox 327 431 449 492">
     <span class='ocr_line' id='line_1_1' title="bbox 327 431 449 492; baseline -0.033 0"><span class='ocrx_word' id='word_1_1' title='bbox 327 431 449 492; x_wconf 84' lang='grc'>865</span> 
     </span>
    </p>
   </div>
   <div class='ocr_carea' id='block_1_2' title="bbox 1500 413 2594 480">
    <p class='ocr_par' dir='ltr' id='par_1_2' title="bbox 1500 413 2594 480">
     <span class='ocr_line' id='line_1_2' title="bbox 1500 413 2594 480; baseline -0.005 -1"><span class='ocrx_word' id='word_1_2' title='bbox 1500 416 1882 480; x_wconf 77' lang='lat' dir='ltr'>EPISTULA</span> <span class='ocrx_word' id='word_1_3' title='bbox 1929 415 1953 475; x_wconf 93' lang='grc' dir='ltr'>Ι</span> <span class='ocrx_word' id='word_1_4' title='bbox 1997 415 2101 474; x_wconf 83' lang='lat' dir='ltr'>AD</span> <span class='ocrx_word' id='word_1_5' title='bbox 2147 413 2594 476; x_wconf 78' lang='lat' dir='ltr'>CASTOREM.</span> 
     </span>
    </p>
   </div>
   <div class='ocr_carea' id='block_1_3' title="bbox 3639 428 3758 487">
    <p class='ocr_par' dir='ltr' id='par_1_3' title="bbox 3639 428 3758 487">
     <span class='ocr_line' id='line_1_3' title="bbox 3639 428 3758 487; baseline 0 0"><span class='ocrx_word' id='word_1_6' title='bbox 3639 428 3758 487; x_wconf 88' lang='grc'>866</span> 
     </span>
    </p>
   </div>
   <div class='ocr_carea' id='block_1_4' title="bbox 333 543 2011 639">
    <p class='ocr_par' dir='ltr' id='par_1_4' title="bbox 333 543 1978 639">
     <span class='ocr_line' id='line_1_4' title="bbox 333 543 1978 639; baseline -0.011 -23"><span class='ocrx_word' id='word_1_7' title='bbox 333 559 628 639; x_wconf 76' lang='grc' dir='ltr'>βαρύταται</span> <span class='ocrx_word' id='word_1_8' title='bbox 677 561 793 618; x_wconf 86' lang='grc' dir='ltr'>τοῖς</span> <span class='ocrx_word' id='word_1_9' title='bbox 841 553 1094 630; x_wconf 87' lang='grc' dir='ltr'>χλιαρῶς</span> <span class='ocrx_word' id='word_1_10' title='bbox 1138 553 1229 606; x_wconf 86' lang='grc' dir='ltr'>καὶ</span> <span class='ocrx_word' id='word_1_11' title='bbox 1287 549 1542 626; x_wconf 74' lang='grc' dir='ltr'>ῥαθύμως</span> <span class='ocrx_word' id='word_1_12' title='bbox 1600 543 1978 623; x_wconf 84' lang='grc' dir='ltr'>προσερχομέ-</span> 
     </span>
    </p>
   </div>
   <div class='ocr_carea' id='block_1_5' title="bbox 2123 543 3757 639">
    <p class='ocr_par' dir='ltr' id='par_1_5' title="bbox 2123 545 3757 624">
     <span class='ocr_line' id='line_1_5' title="bbox 2123 545 3757 624; baseline 0.01 -26"><span class='ocrx_word' id='word_1_13' title='bbox 2123 545 2388 617; x_wconf 75' lang='grc' dir='ltr'>ιιιρριίοἰο</span> <span class='ocrx_word' id='word_1_14' title='bbox 2417 545 2490 600; x_wconf 89' lang='lat' dir='ltr'>iis</span> <span class='ocrx_word' id='word_1_15' title='bbox 2521 547 2621 617; x_wconf 86' lang='lat' dir='ltr'>qui</span> <span class='ocrx_word' id='word_1_16' title='bbox 2655 548 2911 604; x_wconf 82' lang='lat' dir='ltr'>molliter</span> <span class='ocrx_word' id='word_1_17' title='bbox 2940 551 3316 624; x_wconf 87' lang='lat' dir='ltr'>segniterque</span> <span class='ocrx_word' id='word_1_18' title='bbox 3365 571 3491 611; x_wconf 89' lang='lat' dir='ltr'>eam</span> <span class='ocrx_word' id='word_1_19' title='bbox 3537 559 3757 614; x_wconf 89' lang='lat' dir='ltr'>adeunt</span> 
     </span>
    </p>
   </div>
   <div class='ocr_carea' id='block_1_6' title="bbox 331 635 1983 722">
    <p class='ocr_par' dir='ltr' id='par_1_6' title="bbox 331 635 1983 722">
     <span class='ocr_line' id='line_1_6' title="bbox 331 635 1983 722; baseline -0.011 -17"><span class='ocrx_word' id='word_1_20' title='bbox 331 635 445 712; x_wconf 76' lang='grc' dir='ltr'>νοις</span> <span class='ocrx_word' id='word_1_21' title='bbox 492 649 658 722; x_wconf 67' lang='grc' dir='ltr'>ταύτῃ</span> <span class='ocrx_word' id='word_1_22' title='bbox 705 651 773 719; x_wconf 74' lang='grc' dir='ltr'>τῇ</span> <span class='ocrx_word' id='word_1_23' title='bbox 831 641 1155 718; x_wconf 76' lang='grc' dir='ltr'>ἐπαγγελίᾳ.</span> <span class='ocrx_word' id='word_1_24' title='bbox 1190 639 1414 696; x_wconf 86' lang='grc' dir='ltr'>Βέλτιον</span> <span class='ocrx_word' id='word_1_25' title='bbox 1447 640 1547 714; x_wconf 83' lang='grc' dir='ltr'>γάρ</span> <span class='ocrx_word' id='word_1_26' title='bbox 1580 636 1690 691; x_wconf 80' lang='grc' dir='ltr'>ἐστι</span> <span class='ocrx_word' id='word_1_27' title='bbox 1721 635 1857 689; x_wconf 72' lang='grc' dir='ltr'>κατὰ</span> <span class='ocrx_word' id='word_1_28' title='bbox 1885 635 1983 702; x_wconf 75' lang='grc' dir='ltr'>τήν</span> 
     </span>
    </p>
   </div>
   <div class='ocr_carea' id='block_1_7' title="bbox 337 721 1986 816">
    <p class='ocr_par' dir='ltr' id='par_1_7' title="bbox 337 721 1986 816">
     <span class='ocr_line' id='line_1_7' title="bbox 337 721 1986 816; baseline -0.008 -22"><span class='ocrx_word' id='word_1_29' title='bbox 337 740 551 816; x_wconf 76' lang='grc' dir='ltr'>Γραφὴν</span> <span class='ocrx_word' id='word_1_30' title='bbox 587 721 662 810; x_wconf 73' lang='grc' dir='ltr'>μὴ</span> <span class='ocrx_word' id='word_1_31' title='bbox 704 733 969 805; x_wconf 62' lang='grc' dir='ltr'>εὔξασθαι,</span> <span class='ocrx_word' id='word_1_32' title='bbox 1000 734 1035 801; x_wconf 80' lang='grc' dir='ltr'><strong>ἢ</strong></span> <span class='ocrx_word' id='word_1_33' title='bbox 1080 727 1345 800; x_wconf 70' lang='grc' dir='ltr'>εὔξασθαι,</span> <span class='ocrx_word' id='word_1_34' title='bbox 1396 727 1486 782; x_wconf 76' lang='grc' dir='ltr'>καὶ</span> <span class='ocrx_word' id='word_1_35' title='bbox 1539 727 1614 799; x_wconf 83' lang='grc' dir='ltr'>μή</span> <span class='ocrx_word' id='word_1_36' title='bbox 1668 721 1986 780; x_wconf 82' lang='grc' dir='ltr'>ἀποδοῦναι.</span> 
     </span>
    </p>
   </div>
   <div class='ocr_carea' id='block_1_8' title="bbox 337 813 1988 900">
    <p class='ocr_par' dir='ltr' id='par_1_8' title="bbox 337 813 1988 900">
     <span class='ocr_line' id='line_1_8' title="bbox 337 813 1988 900; baseline -0.012 -16"><span class='ocrx_word' id='word_1_37' title='bbox 337 813 656 884; x_wconf 15' lang='grc' dir='ltr'>Κάὶῗπάλιν</span> <span class='ocrx_word' id='word_1_38' title='bbox 716 822 948 900; x_wconf 71' lang='grc' dir='ltr'>εἷ’ρηται·</span> <span class='ocrx_word' id='word_1_39' title='bbox 1008 845 1035 872; x_wconf 87' lang='grc'><strong>‹‹</strong></span> <span class='ocrx_word' id='word_1_40' title='bbox 1097 817 1519 892; x_wconf 78' lang='grc' dir='ltr'>Ἐπικατάρατος</span> <span class='ocrx_word' id='word_1_41' title='bbox 1580 816 1606 868; x_wconf 89' lang='grc' dir='ltr'>ὁ</span> <span class='ocrx_word' id='word_1_42' title='bbox 1681 818 1854 868; x_wconf 87' lang='grc' dir='ltr'>ποιῶν</span> <span class='ocrx_word' id='word_1_43' title='bbox 1927 813 1988 866; x_wconf 82' lang='grc' dir='ltr'>τὸ</span> 
     </span>
    </p>
   </div>
   <div class='ocr_carea' id='block_1_9' title="bbox 334 903 1990 993">
    <p class='ocr_par' dir='ltr' id='par_1_9' title="bbox 334 903 1990 993">
     <span class='ocr_line' id='line_1_9' title="bbox 334 903 1990 993; baseline -0.012 -19"><span class='ocrx_word' id='word_1_44' title='bbox 334 915 490 993; x_wconf 81' lang='grc' dir='ltr'>ἔργον</span> <span class='ocrx_word' id='word_1_45' title='bbox 539 920 636 971; x_wconf 90' lang='grc' dir='ltr'>τοῦ</span> <span class='ocrx_word' id='word_1_46' title='bbox 683 913 885 988; x_wconf 86' lang='grc' dir='ltr'>Κυρίου</span> <span class='ocrx_word' id='word_1_47' title='bbox 934 909 1176 981; x_wconf 81' lang='grc' dir='ltr'>ἀμελῶς·</span> <span class='ocrx_word' id='word_1_48' title='bbox 1233 931 1261 958; x_wconf 94' lang='grc'><strong>››</strong></span> <span class='ocrx_word' id='word_1_49' title='bbox 1294 907 1490 961; x_wconf 68' lang='grc' dir='ltr'>τούτου</span> <span class='ocrx_word' id='word_1_50' title='bbox 1532 904 1693 979; x_wconf 86' lang='grc' dir='ltr'>χάριν</span> <span class='ocrx_word' id='word_1_51' title='bbox 1727 903 1990 977; x_wconf 85' lang='grc' dir='ltr'>ἀπεστρα-</span> 
     </span>
    </p>
   </div>
   <div class='ocr_carea' id='block_1_10' title="bbox 335 990 1990 1086">
    <p class='ocr_par' dir='ltr' id='par_1_10' title="bbox 335 990 1990 1086">
     <span class='ocr_line' id='line_1_10' title="bbox 335 990 1990 1086; baseline -0.011 -24"><span class='ocrx_word' id='word_1_52' title='bbox 335 990 546 1086; x_wconf 80' lang='grc' dir='ltr'>φόμεθά</span> <span class='ocrx_word' id='word_1_53' title='bbox 597 1025 657 1058; x_wconf 89' lang='grc' dir='ltr'>τε</span> <span class='ocrx_word' id='word_1_54' title='bbox 707 1002 798 1058; x_wconf 84' lang='grc' dir='ltr'>καὶ</span> <span class='ocrx_word' id='word_1_55' title='bbox 841 994 1258 1070; x_wconf 82' lang='grc' dir='ltr'>ἀνεϐαλλόμεθα</span> <span class='ocrx_word' id='word_1_56' title='bbox 1314 1000 1411 1051; x_wconf 91' lang='grc' dir='ltr'>τοῦ</span> <span class='ocrx_word' id='word_1_57' title='bbox 1460 992 1724 1086; x_wconf 76' lang='grc' dir='ltr'>δέξασθαι,</span> <span class='ocrx_word' id='word_1_58' title='bbox 1772 991 1878 1066; x_wconf 84' lang='grc' dir='ltr'>οὐχ</span> <span class='ocrx_word' id='word_1_59' title='bbox 1908 990 1990 1086; x_wconf 78' lang='grc' dir='ltr'>ὅτι</span> 
     </span>
    </p>
   </div>
   <div class='ocr_carea' id='block_1_11' title="bbox 334 1081 1989 1169">
    <p class='ocr_par' dir='ltr' id='par_1_11' title="bbox 334 1081 1989 1169">
     <span class='ocr_line' id='line_1_11' title="bbox 334 1081 1989 1169; baseline -0.008 -22"><span class='ocrx_word' id='word_1_60' title='bbox 334 1081 431 1165; x_wconf 72' lang='grc' dir='ltr'>τὴν</span> <span class='ocrx_word' id='word_1_61' title='bbox 493 1093 766 1169; x_wconf 77' lang='grc' dir='ltr'>σωτηρίαν</span> <span class='ocrx_word' id='word_1_62' title='bbox 844 1094 940 1144; x_wconf 89' lang='grc' dir='ltr'>σοῦ</span> <span class='ocrx_word' id='word_1_63' title='bbox 1017 1088 1107 1142; x_wconf 83' lang='grc' dir='ltr'>καὶ</span> <span class='ocrx_word' id='word_1_64' title='bbox 1177 1087 1390 1140; x_wconf 88' lang='grc' dir='ltr'>πάντων</span> <span class='ocrx_word' id='word_1_65' title='bbox 1459 1087 1569 1138; x_wconf 88' lang='grc' dir='ltr'>τῶν</span> <span class='ocrx_word' id='word_1_66' title='bbox 1629 1081 1706 1144; x_wconf 80' lang='grc' dir='ltr'>εἷς</span> <span class='ocrx_word' id='word_1_67' title='bbox 1762 1082 1989 1155; x_wconf 80' lang='grc' dir='ltr'>Χριστὸν</span> 
     </span>
    </p>
   </div>
   <div class='ocr_carea' id='block_1_12' title="bbox 336 1170 1993 1250">
    <p class='ocr_par' dir='ltr' id='par_1_12' title="bbox 336 1170 1993 1250">
     <span class='ocr_line' id='line_1_12' title="bbox 336 1170 1993 1250; baseline -0.011 -9"><span class='ocrx_word' id='word_1_68' title='bbox 336 1184 698 1242; x_wconf 82' lang='grc' dir='ltr'>πιστευόντων</span> <span class='ocrx_word' id='word_1_69' title='bbox 749 1181 849 1235; x_wconf 86' lang='grc' dir='ltr'>οὐκ</span> <span class='ocrx_word' id='word_1_70' title='bbox 896 1180 1292 1250; x_wconf 68' lang='grc' dir='ltr'>ἐπιθυμοῦμεν,</span> <span class='ocrx_word' id='word_1_71' title='bbox 1345 1173 1470 1229; x_wconf 74' lang='grc' dir='ltr'>ἀλλ’</span> <span class='ocrx_word' id='word_1_72' title='bbox 1516 1170 1609 1226; x_wconf 74' lang='grc' dir='ltr'>’ίνα</span> <span class='ocrx_word' id='word_1_73' title='bbox 1658 1172 1758 1246; x_wconf 78' lang='grc' dir='ltr'>μὴ,</span> <span class='ocrx_word' id='word_1_74' title='bbox 1789 1191 1993 1242; x_wconf 87' lang='grc' dir='ltr'>προπε-</span> 
     </span>
    </p>
   </div>
   <div class='ocr_carea' id='block_1_13' title="bbox 335 1260 1997 1346">
    <p class='ocr_par' dir='ltr' id='par_1_13' title="bbox 335 1260 1997 1346">
     <span class='ocr_line' id='line_1_13' title="bbox 335 1260 1997 1346; baseline -0.009 -19"><span class='ocrx_word' id='word_1_75' title='bbox 335 1280 466 1346; x_wconf 88' lang='grc' dir='ltr'>τῶς,</span> <span class='ocrx_word' id='word_1_76' title='bbox 527 1273 615 1328; x_wconf 80' lang='grc' dir='ltr'>καὶ</span> <span class='ocrx_word' id='word_1_77' title='bbox 669 1272 745 1334; x_wconf 85' lang='grc' dir='ltr'>ὡς</span> <span class='ocrx_word' id='word_1_78' title='bbox 797 1269 983 1343; x_wconf 73' lang='grc' dir='ltr'>ἔτυχεν</span> <span class='ocrx_word' id='word_1_79' title='bbox 1040 1263 1461 1340; x_wconf 82' lang='grc' dir='ltr'>ὑποδεχόμενοι,</span> <span class='ocrx_word' id='word_1_80' title='bbox 1513 1265 1678 1335; x_wconf 73' lang='grc' dir='ltr'>ἡμεῖς</span> <span class='ocrx_word' id='word_1_81' title='bbox 1725 1261 1819 1334; x_wconf 72' lang='grc' dir='ltr'>μὲν</span> <span class='ocrx_word' id='word_1_82' title='bbox 1851 1260 1997 1330; x_wconf 71' lang='grc' dir='ltr'>παρὰ</span> 
     </span>
    </p>
   </div>
   <div class='ocr_carea' id='block_1_14' title="bbox 339 1349 1998 1440">
    <p class='ocr_par' dir='ltr' id='par_1_14' title="bbox 339 1349 1998 1440">
     <span class='ocr_line' id='line_1_14' title="bbox 339 1349 1998 1440; baseline -0.011 -20"><span class='ocrx_word' id='word_1_83' title='bbox 339 1368 456 1436; x_wconf 86' lang='grc' dir='ltr'>Θεῷ</span> <span class='ocrx_word' id='word_1_84' title='bbox 504 1360 866 1440; x_wconf 76' lang='grc' dir='ltr'>κουφότητος,</span> <span class='ocrx_word' id='word_1_85' title='bbox 915 1357 1005 1412; x_wconf 77' lang='grc' dir='ltr'>καὶ</span> <span class='ocrx_word' id='word_1_86' title='bbox 1063 1353 1376 1430; x_wconf 82' lang='grc' dir='ltr'>εὐχόμενοι,</span> <span class='ocrx_word' id='word_1_87' title='bbox 1419 1350 1574 1422; x_wconf 84' lang='grc' dir='ltr'>δίκην</span> <span class='ocrx_word' id='word_1_88' title='bbox 1607 1349 1904 1428; x_wconf 81' lang='grc' dir='ltr'>ὐφέξωμεν,</span> <span class='ocrx_word' id='word_1_89' title='bbox 1941 1349 1998 1402; x_wconf 78' lang='grc' dir='ltr'>σὲ</span> 
     </span>
    </p>
   </div>
   <div class='ocr_carea' id='block_1_15' title="bbox 343 1436 1996 1524">
    <p class='ocr_par' dir='ltr' id='par_1_15' title="bbox 343 1436 1996 1524">
     <span class='ocr_line' id='line_1_15' title="bbox 343 1436 1996 1524; baseline -0.011 -16"><span class='ocrx_word' id='word_1_90' title='bbox 343 1454 401 1508; x_wconf 66' lang='grc' dir='ltr'>δὲ</span> <span class='ocrx_word' id='word_1_91' title='bbox 433 1451 726 1514; x_wconf 69' lang='grc' dir='ltr'>ὑπεύθυνον</span> <span class='ocrx_word' id='word_1_92' title='bbox 783 1445 1077 1524; x_wconf 71' lang='grc' dir='ltr'>βαρυτέρας</span> <span class='ocrx_word' id='word_1_93' title='bbox 1130 1442 1401 1516; x_wconf 81' lang='grc' dir='ltr'>τιμωρίας</span> <span class='ocrx_word' id='word_1_94' title='bbox 1449 1441 1898 1511; x_wconf 73' lang='grc' dir='ltr'>καταστήσωμεν,</span> <span class='ocrx_word' id='word_1_95' title='bbox 1950 1436 1996 1490; x_wconf 80' lang='grc' dir='ltr'>εἰ</span> 
     </span>
    </p>
   </div>
   <div class='ocr_carea' id='block_1_16' title="bbox 344 1526 1998 1616">
    <p class='ocr_par' dir='ltr' id='par_1_16' title="bbox 344 1526 1998 1616">
     <span class='ocr_line' id='line_1_16' title="bbox 344 1526 1998 1616; baseline -0.01 -20"><span class='ocrx_word' id='word_1_96' title='bbox 344 1541 484 1616; x_wconf 83' lang='grc' dir='ltr'>πρὸς</span> <span class='ocrx_word' id='word_1_97' title='bbox 542 1540 606 1594; x_wconf 87' lang='grc' dir='ltr'>τὸ</span> <span class='ocrx_word' id='word_1_98' title='bbox 656 1538 824 1613; x_wconf 86' lang='grc' dir='ltr'>παρὸν</span> <span class='ocrx_word' id='word_1_99' title='bbox 877 1535 1136 1610; x_wconf 78' lang='grc' dir='ltr'>εὐχερῶς,</span> <span class='ocrx_word' id='word_1_100' title='bbox 1185 1532 1276 1587; x_wconf 86' lang='grc' dir='ltr'>καὶ</span> <span class='ocrx_word' id='word_1_101' title='bbox 1331 1531 1405 1603; x_wconf 76' lang='grc' dir='ltr'>μὴ</span> <span class='ocrx_word' id='word_1_102' title='bbox 1463 1529 1701 1604; x_wconf 79' lang='grc' dir='ltr'>μαθόντα</span> <span class='ocrx_word' id='word_1_103' title='bbox 1736 1528 1798 1582; x_wconf 90' lang='grc' dir='ltr'>τὸ</span> <span class='ocrx_word' id='word_1_104' title='bbox 1835 1526 1998 1603; x_wconf 79' lang='grc' dir='ltr'>βάρος</span> 
     </span>
    </p>
   </div>
   <div class='ocr_carea' id='block_1_17' title="bbox 344 1616 2000 1700">
    <p class='ocr_par' dir='ltr' id='par_1_17' title="bbox 344 1616 2000 1700">
     <span class='ocr_line' id='line_1_17' title="bbox 344 1616 2000 1700; baseline -0.01 -15"><span class='ocrx_word' id='word_1_105' title='bbox 344 1631 437 1685; x_wconf 76' lang='grc' dir='ltr'>καὶ</span> <span class='ocrx_word' id='word_1_106' title='bbox 507 1629 609 1698; x_wconf 80' lang='grc' dir='ltr'>τήν</span> <span class='ocrx_word' id='word_1_107' title='bbox 689 1621 965 1700; x_wconf 81' lang='grc' dir='ltr'>ἀκρίϐειαν</span> <span class='ocrx_word' id='word_1_108' title='bbox 1041 1627 1138 1677; x_wconf 88' lang='grc' dir='ltr'>τοῦ</span> <span class='ocrx_word' id='word_1_109' title='bbox 1211 1617 1648 1696; x_wconf 71' lang='grc' dir='ltr'>ἐπαγγέλματος,</span> <span class='ocrx_word' id='word_1_110' title='bbox 1715 1616 1803 1672; x_wconf 89' lang='grc' dir='ltr'>καὶ</span> <span class='ocrx_word' id='word_1_111' title='bbox 1866 1616 2000 1689; x_wconf 77' lang='grc' dir='ltr'>μετὰ</span> 
     </span>
    </p>
   </div>
   <div class='ocr_carea' id='block_1_18' title="bbox 343 1707 1997 1791">
    <p class='ocr_par' dir='ltr' id='par_1_18' title="bbox 343 1707 1997 1791">
     <span class='ocr_line' id='line_1_18' title="bbox 343 1707 1997 1791; baseline -0.009 -18"><span class='ocrx_word' id='word_1_112' title='bbox 343 1723 510 1773; x_wconf 85' lang='grc' dir='ltr'>ταῦτα</span> <span class='ocrx_word' id='word_1_113' title='bbox 540 1721 763 1791; x_wconf 85' lang='grc' dir='ltr'>χαῦνος,</span> <span class='ocrx_word' id='word_1_114' title='bbox 797 1716 886 1768; x_wconf 80' lang='grc' dir='ltr'>καὶ</span> <span class='ocrx_word' id='word_1_115' title='bbox 921 1712 1163 1788; x_wconf 76' lang='grc' dir='ltr'>ῥᾴθυμος</span> <span class='ocrx_word' id='word_1_116' title='bbox 1198 1707 1669 1784; x_wconf 76' lang='grc' dir='ltr'>ἀποδειχθῇς.Διά</span> <span class='ocrx_word' id='word_1_117' title='bbox 1696 1727 1781 1761; x_wconf 92' lang='grc' dir='ltr'>τοι</span> <span class='ocrx_word' id='word_1_118' title='bbox 1813 1709 1997 1772; x_wconf 81' lang='grc' dir='ltr'>τοῦτο,</span> 
     </span>
    </p>
   </div>
   <div class='ocr_carea' id='block_1_19' title="bbox 343 1793 1996 1878">
    <p class='ocr_par' dir='ltr' id='par_1_19' title="bbox 343 1793 1996 1878">
     <span class='ocr_line' id='line_1_19' title="bbox 343 1793 1996 1878; baseline -0.01 -16"><span class='ocrx_word' id='word_1_119' title='bbox 343 1807 522 1867; x_wconf 87' lang='grc' dir='ltr'>καθὼς</span> <span class='ocrx_word' id='word_1_120' title='bbox 584 1800 818 1878; x_wconf 77' lang='grc' dir='ltr'>εἶ’ρηται,</span> <span class='ocrx_word' id='word_1_121' title='bbox 871 1803 970 1870; x_wconf 79' lang='grc' dir='ltr'>τήν</span> <span class='ocrx_word' id='word_1_122' title='bbox 1023 1799 1196 1854; x_wconf 75' lang='grc' dir='ltr'>αἰτίαν</span> <span class='ocrx_word' id='word_1_123' title='bbox 1267 1805 1369 1867; x_wconf 74' lang='grc' dir='ltr'>τῆς</span> <span class='ocrx_word' id='word_1_124' title='bbox 1426 1798 1711 1871; x_wconf 79' lang='grc' dir='ltr'>ἀποταγῆς</span> <span class='ocrx_word' id='word_1_125' title='bbox 1760 1793 1996 1871; x_wconf 78' lang='grc' dir='ltr'>ὀφείλεις</span> 
     </span>
    </p>
   </div>
   <div class='ocr_carea' id='block_1_20' title="bbox 343 1880 1997 1970">
    <p class='ocr_par' dir='ltr' id='par_1_20' title="bbox 343 1880 1997 1970">
     <span class='ocr_line' id='line_1_20' title="bbox 343 1880 1997 1970; baseline -0.008 -22"><span class='ocrx_word' id='word_1_126' title='bbox 343 1898 565 1970; x_wconf 82' lang='grc' dir='ltr'>γνῶναι,</span> <span class='ocrx_word' id='word_1_127' title='bbox 621 1892 674 1946; x_wconf 93' lang='grc' dir='ltr'>τί</span> <span class='ocrx_word' id='word_1_128' title='bbox 724 1911 781 1945; x_wconf 91' lang='grc' dir='ltr'>σε</span> <span class='ocrx_word' id='word_1_129' title='bbox 829 1887 911 1944; x_wconf 82' lang='grc' dir='ltr'>δεῖ</span> <span class='ocrx_word' id='word_1_130' title='bbox 965 1894 1162 1944; x_wconf 86' lang='grc' dir='ltr'>ποιεῖν.</span> <span class='ocrx_word' id='word_1_131' title='bbox 1214 1889 1276 1942; x_wconf 87' lang='grc' dir='ltr'>Ἡ</span> <span class='ocrx_word' id='word_1_132' title='bbox 1325 1885 1570 1961; x_wconf 82' lang='grc' dir='ltr'>ἀποταγή</span> <span class='ocrx_word' id='word_1_133' title='bbox 1620 1883 1796 1938; x_wconf 84' lang='grc' dir='ltr'>τοίνυν</span> <span class='ocrx_word' id='word_1_134' title='bbox 1845 1880 1997 1937; x_wconf 76' lang='grc' dir='ltr'>οὐδὲν</span> 
     </span>
    </p>
   </div>
   <div class='ocr_carea' id='block_1_21' title="bbox 348 1971 1997 2052">
    <p class='ocr_par' dir='ltr' id='par_1_21' title="bbox 348 1971 1997 2052">
     <span class='ocr_line' id='line_1_21' title="bbox 348 1971 1997 2052; baseline -0.009 -13"><span class='ocrx_word' id='word_1_135' title='bbox 348 1983 484 2039; x_wconf 78' lang='grc' dir='ltr'>ἄλλο</span> <span class='ocrx_word' id='word_1_136' title='bbox 533 1979 858 2048; x_wconf 75' lang='grc' dir='ltr'>καθέστηκεν</span> <span class='ocrx_word' id='word_1_137' title='bbox 913 1979 960 2033; x_wconf 72' lang='grc' dir='ltr'>εἷ</span> <span class='ocrx_word' id='word_1_138' title='bbox 1011 1979 1086 2052; x_wconf 82' lang='grc' dir='ltr'>μὴ</span> <span class='ocrx_word' id='word_1_139' title='bbox 1139 1979 1369 2040; x_wconf 84' lang='grc' dir='ltr'>σταυροῦ</span> <span class='ocrx_word' id='word_1_140' title='bbox 1417 1974 1506 2029; x_wconf 78' lang='grc' dir='ltr'>καὶ</span> <span class='ocrx_word' id='word_1_141' title='bbox 1557 1974 1785 2038; x_wconf 87' lang='grc' dir='ltr'>θανάτου</span> <span class='ocrx_word' id='word_1_142' title='bbox 1833 1971 1997 2045; x_wconf 83' lang='grc' dir='ltr'>ἐπαγ-</span> 
     </span>
    </p>
   </div>
   <div class='ocr_carea' id='block_1_22' title="bbox 348 2061 2000 2149">
    <p class='ocr_par' dir='ltr' id='par_1_22' title="bbox 348 2061 2000 2149">
     <span class='ocr_line' id='line_1_22' title="bbox 348 2061 2000 2149; baseline -0.009 -21"><span class='ocrx_word' id='word_1_143' title='bbox 348 2072 518 2149; x_wconf 91' lang='grc' dir='ltr'>γελία.</span> <span class='ocrx_word' id='word_1_144' title='bbox 602 2069 837 2125; x_wconf 80' lang='grc' dir='ltr'>Γίνωσκε</span> <span class='ocrx_word' id='word_1_145' title='bbox 899 2067 1084 2123; x_wconf 87' lang='grc' dir='ltr'>τοίνυν</span> <span class='ocrx_word' id='word_1_146' title='bbox 1157 2065 1263 2120; x_wconf 83' lang='grc' dir='ltr'>ἀπὸ</span> <span class='ocrx_word' id='word_1_147' title='bbox 1335 2067 1436 2133; x_wconf 76' lang='grc' dir='ltr'>τῆς</span> <span class='ocrx_word' id='word_1_148' title='bbox 1494 2065 1734 2139; x_wconf 79' lang='grc' dir='ltr'>σήμερον</span> <span class='ocrx_word' id='word_1_149' title='bbox 1789 2061 2000 2134; x_wconf 82' lang='grc' dir='ltr'>ἡμέρας</span> 
     </span>
    </p>
   </div>
   <div class='ocr_carea' id='block_1_23' title="bbox 347 2149 1999 2231">
    <p class='ocr_par' dir='ltr' id='par_1_23' title="bbox 347 2149 1999 2231">
     <span class='ocr_line' id='line_1_23' title="bbox 347 2149 1999 2231; baseline -0.008 -15"><span class='ocrx_word' id='word_1_150' title='bbox 347 2159 655 2231; x_wconf 68' lang='grc' dir='ltr'>τεθνηκέναι</span> <span class='ocrx_word' id='word_1_151' title='bbox 703 2179 781 2225; x_wconf 91' lang='grc' dir='ltr'>σε,</span> <span class='ocrx_word' id='word_1_152' title='bbox 835 2157 925 2212; x_wconf 79' lang='grc' dir='ltr'>καὶ</span> <span class='ocrx_word' id='word_1_153' title='bbox 977 2156 1336 2231; x_wconf 86' lang='grc' dir='ltr'>σταυροῦσθαι</span> <span class='ocrx_word' id='word_1_154' title='bbox 1387 2157 1466 2225; x_wconf 79' lang='grc' dir='ltr'>τῷ</span> <span class='ocrx_word' id='word_1_155' title='bbox 1516 2151 1731 2225; x_wconf 88' lang='grc' dir='ltr'>κόσμῳ,</span> <span class='ocrx_word' id='word_1_156' title='bbox 1765 2150 1856 2204; x_wconf 86' lang='grc' dir='ltr'>καὶ</span> <span class='ocrx_word' id='word_1_157' title='bbox 1907 2149 1999 2204; x_wconf 86' lang='grc' dir='ltr'>τὸν</span> 
     </span>
    </p>
   </div>
   <div class='ocr_carea' id='block_1_24' title="bbox 348 2237 2003 2323">
    <p class='ocr_par' dir='ltr' id='par_1_24' title="bbox 348 2237 2003 2323">
     <span class='ocr_line' id='line_1_24' title="bbox 348 2237 2003 2323; baseline -0.009 -17"><span class='ocrx_word' id='word_1_158' title='bbox 348 2250 552 2323; x_wconf 84' lang='grc' dir='ltr'>κόσμον</span> <span class='ocrx_word' id='word_1_159' title='bbox 600 2269 706 2318; x_wconf 89' lang='grc' dir='ltr'>σοι,</span> <span class='ocrx_word' id='word_1_160' title='bbox 757 2246 893 2302; x_wconf 70' lang='grc' dir='ltr'>κατὰ</span> <span class='ocrx_word' id='word_1_161' title='bbox 943 2246 1036 2300; x_wconf 90' lang='grc' dir='ltr'>τὸν</span> <span class='ocrx_word' id='word_1_162' title='bbox 1080 2241 1446 2302; x_wconf 85' lang='grc' dir='ltr'>Ἀπόστολον·</span> <span class='ocrx_word' id='word_1_163' title='bbox 1495 2241 1583 2296; x_wconf 82' lang='grc' dir='ltr'>καὶ</span> <span class='ocrx_word' id='word_1_164' title='bbox 1632 2237 2003 2314; x_wconf 68' lang='grc' dir='ltr'>καταμάνθανε</span> 
     </span>
    </p>
   </div>
   <div class='ocr_carea' id='block_1_25' title="bbox 346 2327 2001 2409">
    <p class='ocr_par' dir='ltr' id='par_1_25' title="bbox 346 2327 2001 2409">
     <span class='ocr_line' id='line_1_25' title="bbox 346 2327 2001 2409; baseline -0.008 -15"><span class='ocrx_word' id='word_1_165' title='bbox 346 2339 424 2400; x_wconf 91' lang='grc' dir='ltr'>τίς</span> <span class='ocrx_word' id='word_1_166' title='bbox 453 2341 488 2409; x_wconf 73' lang='grc' dir='ltr'>ἡ</span> <span class='ocrx_word' id='word_1_167' title='bbox 524 2335 750 2409; x_wconf 74' lang='grc' dir='ltr'>δύναμις</span> <span class='ocrx_word' id='word_1_168' title='bbox 794 2339 891 2404; x_wconf 70' lang='grc' dir='ltr'>τῆς</span> <span class='ocrx_word' id='word_1_169' title='bbox 937 2335 1310 2409; x_wconf 85' lang='grc' dir='ltr'>σταυρώσεως⁶</span> <span class='ocrx_word' id='word_1_170' title='bbox 1364 2327 1552 2399; x_wconf 76' lang='grc' dir='ltr'>ἐπειδὴ</span> <span class='ocrx_word' id='word_1_171' title='bbox 1595 2329 1773 2385; x_wconf 73' lang='grc' dir='ltr'>οὐκέτι</span> <span class='ocrx_word' id='word_1_172' title='bbox 1809 2328 2001 2383; x_wconf 86' lang='grc' dir='ltr'>λοιπὸν</span> 
     </span>
    </p>
   </div>
   <div class='ocr_carea' id='block_1_26' title="bbox 348 2420 2004 2501">
    <p class='ocr_par' dir='ltr' id='par_1_26' title="bbox 348 2420 2004 2501">
     <span class='ocr_line' id='line_1_26' title="bbox 348 2420 2004 2501; baseline -0.007 -19"><span class='ocrx_word' id='word_1_173' title='bbox 348 2429 410 2482; x_wconf 71' lang='grc' dir='ltr'>σὺ</span> <span class='ocrx_word' id='word_1_174' title='bbox 447 2432 564 2501; x_wconf 79' lang='grc' dir='ltr'>ζῇς,</span> <span class='ocrx_word' id='word_1_175' title='bbox 619 2425 743 2480; x_wconf 74' lang='grc' dir='ltr'>ἀλλ’</span> <span class='ocrx_word' id='word_1_176' title='bbox 798 2425 1001 2485; x_wconf 78' lang='grc' dir='ltr'>ἐκεῖνος</span> <span class='ocrx_word' id='word_1_177' title='bbox 1055 2423 1106 2477; x_wconf 90' lang='grc' dir='ltr'>ἐν</span> <span class='ocrx_word' id='word_1_178' title='bbox 1141 2423 1225 2475; x_wconf 80' lang='grc' dir='ltr'>σοὶ</span> <span class='ocrx_word' id='word_1_179' title='bbox 1259 2424 1323 2494; x_wconf 80' lang='grc' dir='ltr'>ζῇ</span> <span class='ocrx_word' id='word_1_180' title='bbox 1361 2422 1388 2476; x_wconf 97' lang='lat'>6</span> <span class='ocrx_word' id='word_1_181' title='bbox 1432 2420 1562 2492; x_wconf 71' lang='grc' dir='ltr'>ὑπὲρ</span> <span class='ocrx_word' id='word_1_182' title='bbox 1613 2423 1708 2474; x_wconf 86' lang='grc' dir='ltr'>σοῦ</span> <span class='ocrx_word' id='word_1_183' title='bbox 1763 2438 2004 2492; x_wconf 87' lang='grc' dir='ltr'>σταυρω-</span> 
     </span>
    </p>
   </div>
   <div class='ocr_carea' id='block_1_27' title="bbox 344 2506 2005 2584">
    <p class='ocr_par' dir='ltr' id='par_1_27' title="bbox 344 2506 2005 2584">
     <span class='ocr_line' id='line_1_27' title="bbox 344 2506 2005 2584; baseline -0.006 -15"><span class='ocrx_word' id='word_1_184' title='bbox 344 2515 476 2578; x_wconf 87' lang='grc' dir='ltr'>θείς.</span> <span class='ocrx_word' id='word_1_185' title='bbox 532 2514 729 2584; x_wconf 79' lang='grc' dir='ltr'>Τούτῳ</span> <span class='ocrx_word' id='word_1_186' title='bbox 775 2512 958 2566; x_wconf 82' lang='grc' dir='ltr'>τοίνυν</span> <span class='ocrx_word' id='word_1_187' title='bbox 1008 2515 1088 2582; x_wconf 84' lang='grc' dir='ltr'>τῷ</span> <span class='ocrx_word' id='word_1_188' title='bbox 1135 2509 1295 2582; x_wconf 86' lang='grc' dir='ltr'>τύπῳ</span> <span class='ocrx_word' id='word_1_189' title='bbox 1342 2509 1432 2563; x_wconf 85' lang='grc' dir='ltr'>καὶ</span> <span class='ocrx_word' id='word_1_190' title='bbox 1464 2512 1540 2579; x_wconf 84' lang='grc' dir='ltr'>τῷ</span> <span class='ocrx_word' id='word_1_191' title='bbox 1571 2509 1842 2582; x_wconf 83' lang='grc' dir='ltr'>σχήματι,</span> <span class='ocrx_word' id='word_1_192' title='bbox 1901 2506 1946 2577; x_wconf 87' lang='grc' dir='ltr'>ᾦ</span> <span class='ocrx_word' id='word_1_193' title='bbox 1978 2507 2005 2560; x_wconf 89' lang='lat'>6</span> 
     </span>
    </p>
   </div>
   <div class='ocr_carea' id='block_1_28' title="bbox 350 2593 2006 2676">
    <p class='ocr_par' dir='ltr' id='par_1_28' title="bbox 350 2593 2006 2676">
     <span class='ocr_line' id='line_1_28' title="bbox 350 2593 2006 2676; baseline -0.005 -21"><span class='ocrx_word' id='word_1_194' title='bbox 350 2600 628 2670; x_wconf 78' lang='grc' dir='ltr'>Δεσπότης</span> <span class='ocrx_word' id='word_1_195' title='bbox 692 2601 822 2676; x_wconf 71' lang='grc' dir='ltr'>ὑπὲρ</span> <span class='ocrx_word' id='word_1_196' title='bbox 882 2602 1042 2671; x_wconf 80' lang='grc' dir='ltr'>ἡμῶν</span> <span class='ocrx_word' id='word_1_197' title='bbox 1126 2597 1457 2673; x_wconf 79' lang='grc' dir='ltr'>ἐκρεμάσθη,</span> <span class='ocrx_word' id='word_1_198' title='bbox 1534 2597 1623 2650; x_wconf 87' lang='grc' dir='ltr'>καὶ</span> <span class='ocrx_word' id='word_1_199' title='bbox 1687 2598 1836 2667; x_wconf 71' lang='grc' dir='ltr'>ἡμᾶς</span> <span class='ocrx_word' id='word_1_200' title='bbox 1913 2593 2006 2648; x_wconf 84' lang='grc' dir='ltr'>ἐπ-</span> 
     </span>
    </p>
   </div>
   <div class='ocr_carea' id='block_1_29' title="bbox 349 2681 2007 2765">
    <p class='ocr_par' dir='ltr' id='par_1_29' title="bbox 349 2681 2007 2765">
     <span class='ocr_line' id='line_1_29' title="bbox 349 2681 2007 2765; baseline -0.004 -21"><span class='ocrx_word' id='word_1_201' title='bbox 349 2690 579 2765; x_wconf 86' lang='grc' dir='ltr'>άναγκές</span> <span class='ocrx_word' id='word_1_202' title='bbox 610 2689 748 2743; x_wconf 79' lang='grc' dir='ltr'>ἐστιν</span> <span class='ocrx_word' id='word_1_203' title='bbox 783 2688 833 2744; x_wconf 90' lang='grc' dir='ltr'>ἐν</span> <span class='ocrx_word' id='word_1_204' title='bbox 884 2692 964 2759; x_wconf 80' lang='grc' dir='ltr'>τῷ</span> <span class='ocrx_word' id='word_1_205' title='bbox 993 2682 1256 2759; x_wconf 84' lang='grc' dir='ltr'>κοινοϐίῳ</span> <span class='ocrx_word' id='word_1_206' title='bbox 1290 2684 1514 2762; x_wconf 83' lang='grc' dir='ltr'>διάγειν,</span> <span class='ocrx_word' id='word_1_207' title='bbox 1566 2685 1740 2746; x_wconf 88' lang='grc' dir='ltr'>καθὼς</span> <span class='ocrx_word' id='word_1_208' title='bbox 1791 2681 2007 2758; x_wconf 72' lang='grc' dir='ltr'>εὔχεται</span> 
     </span>
    </p>
   </div>
   <div class='ocr_carea' id='block_1_30' title="bbox 349 2770 2009 2852">
    <p class='ocr_par' dir='ltr' id='par_1_30' title="bbox 349 2770 2009 2852">
     <span class='ocr_line' id='line_1_30' title="bbox 349 2770 2009 2852; baseline -0.004 -19"><span class='ocrx_word' id='word_1_209' title='bbox 349 2780 441 2834; x_wconf 73' lang='grc' dir='ltr'>καὶ</span> <span class='ocrx_word' id='word_1_210' title='bbox 473 2780 501 2832; x_wconf 91' lang='lat'>6</span> <span class='ocrx_word' id='word_1_211' title='bbox 557 2777 818 2852; x_wconf 80' lang='grc' dir='ltr'>μακάριος</span> <span class='ocrx_word' id='word_1_212' title='bbox 873 2771 1038 2831; x_wconf 76' lang='grc' dir='ltr'>Δαϐἲδ</span> <span class='ocrx_word' id='word_1_213' title='bbox 1090 2775 1148 2831; x_wconf 88' lang='grc' dir='ltr'>ἐκ</span> <span class='ocrx_word' id='word_1_214' title='bbox 1193 2779 1289 2829; x_wconf 86' lang='grc' dir='ltr'>τοῦ</span> <span class='ocrx_word' id='word_1_215' title='bbox 1336 2770 1508 2852; x_wconf 83' lang='grc' dir='ltr'>φόϐου</span> <span class='ocrx_word' id='word_1_216' title='bbox 1541 2777 1638 2828; x_wconf 92' lang='grc' dir='ltr'>τοῦ</span> <span class='ocrx_word' id='word_1_217' title='bbox 1671 2771 1805 2828; x_wconf 78' lang='grc' dir='ltr'>Θεοῦ</span> <span class='ocrx_word' id='word_1_218' title='bbox 1835 2793 2009 2848; x_wconf 90' lang='grc' dir='ltr'>παρα-</span> 
     </span>
    </p>
   </div>
   <div class='ocr_carea' id='block_1_31' title="bbox 362 2861 2012 2940">
    <p class='ocr_par' dir='ltr' id='par_1_31' title="bbox 362 2861 2012 2940">
     <span class='ocr_line' id='line_1_31' title="bbox 362 2861 2012 2940; baseline -0.004 -18"><span class='ocrx_word' id='word_1_219' title='bbox 362 2867 546 2922; x_wconf 80' lang='grc' dir='ltr'>καλῶν</span> <span class='ocrx_word' id='word_1_220' title='bbox 587 2866 979 2934; x_wconf 83' lang='grc' dir='ltr'>καθηλωθῆναι</span> <span class='ocrx_word' id='word_1_221' title='bbox 1022 2867 1117 2926; x_wconf 69' lang='grc' dir='ltr'>τὰς</span> <span class='ocrx_word' id='word_1_222' title='bbox 1161 2865 1359 2940; x_wconf 71' lang='grc' dir='ltr'>σάρκας</span> <span class='ocrx_word' id='word_1_223' title='bbox 1409 2862 1595 2918; x_wconf 80' lang='grc' dir='ltr'>αὐτοῦ.</span> <span class='ocrx_word' id='word_1_224' title='bbox 1641 2868 1724 2924; x_wconf 83' lang='grc' dir='ltr'>Ὠς</span> <span class='ocrx_word' id='word_1_225' title='bbox 1756 2862 1860 2938; x_wconf 75' lang='grc' dir='ltr'>γάρ</span> <span class='ocrx_word' id='word_1_226' title='bbox 1893 2863 1921 2916; x_wconf 91' lang='lat'>6</span> <span class='ocrx_word' id='word_1_227' title='bbox 1952 2861 2012 2916; x_wconf 89' lang='grc' dir='ltr'>τὸ</span> 
     </span>
    </p>
   </div>
   <div class='ocr_carea' id='block_1_32' title="bbox 364 2949 2015 3031">
    <p class='ocr_par' dir='ltr' id='par_1_32' title="bbox 364 2949 2015 3031">
     <span class='ocr_line' id='line_1_32' title="bbox 364 2949 2015 3031; baseline -0.004 -21"><span class='ocrx_word' id='word_1_228' title='bbox 364 2960 524 3029; x_wconf 88' lang='grc' dir='ltr'>σῶμα</span> <span class='ocrx_word' id='word_1_229' title='bbox 564 2953 998 3031; x_wconf 68' lang='grc' dir='ltr'>προσηλωμένον</span> <span class='ocrx_word' id='word_1_230' title='bbox 1051 2949 1193 3029; x_wconf 80' lang='grc' dir='ltr'>ἔχων</span> <span class='ocrx_word' id='word_1_231' title='bbox 1251 2957 1330 3025; x_wconf 78' lang='grc' dir='ltr'>τῷ</span> <span class='ocrx_word' id='word_1_232' title='bbox 1386 2950 1532 3024; x_wconf 73' lang='grc' dir='ltr'>ξύλῳ</span> <span class='ocrx_word' id='word_1_233' title='bbox 1591 2950 1846 3021; x_wconf 81' lang='grc' dir='ltr'>ἀκίνητός</span> <span class='ocrx_word' id='word_1_234' title='bbox 1904 2950 2015 3005; x_wconf 89' lang='grc' dir='ltr'>ἐστι</span> 
     </span>
    </p>
   </div>
   <div class='ocr_carea' id='block_1_33' title="bbox 363 3038 2016 3122">
    <p class='ocr_par' dir='ltr' id='par_1_33' title="bbox 363 3038 2016 3122">
     <span class='ocr_line' id='line_1_33' title="bbox 363 3038 2016 3122; baseline -0.004 -22"><span class='ocrx_word' id='word_1_235' title='bbox 363 3047 498 3122; x_wconf 76' lang='grc' dir='ltr'>πρὸς</span> <span class='ocrx_word' id='word_1_236' title='bbox 547 3050 719 3099; x_wconf 83' lang='grc' dir='ltr'>πᾶσαν</span> <span class='ocrx_word' id='word_1_237' title='bbox 775 3041 1041 3119; x_wconf 70' lang='grc' dir='ltr'>ἐνέργειαν</span> <span class='ocrx_word' id='word_1_238' title='bbox 1095 3039 1210 3096; x_wconf 51' lang='grc' dir='ltr'>οἷίαν</span> <span class='ocrx_word' id='word_1_239' title='bbox 1258 3039 1426 3113; x_wconf 82' lang='grc' dir='ltr'>θέλει,</span> <span class='ocrx_word' id='word_1_240' title='bbox 1478 3039 1652 3102; x_wconf 77' lang='grc' dir='ltr'>οὕτως</span> <span class='ocrx_word' id='word_1_241' title='bbox 1701 3041 1728 3095; x_wconf 91' lang='lat'>6</span> <span class='ocrx_word' id='word_1_242' title='bbox 1778 3044 1856 3112; x_wconf 79' lang='grc' dir='ltr'>τῷ</span> <span class='ocrx_word' id='word_1_243' title='bbox 1888 3038 2016 3113; x_wconf 82' lang='grc' dir='ltr'>θείῳ</span> 
     </span>
    </p>
   </div>
   <div class='ocr_carea' id='block_1_34' title="bbox 364 3128 2015 3211">
    <p class='ocr_par' dir='ltr' id='par_1_34' title="bbox 364 3128 2015 3211">
     <span class='ocr_line' id='line_1_34' title="bbox 364 3128 2015 3211; baseline -0.003 -23"><span class='ocrx_word' id='word_1_244' title='bbox 364 3129 520 3211; x_wconf 80' lang='grc' dir='ltr'>φόϐῳ</span> <span class='ocrx_word' id='word_1_245' title='bbox 556 3130 950 3204; x_wconf 87' lang='grc' dir='ltr'>καθηλωμένον</span> <span class='ocrx_word' id='word_1_246' title='bbox 1000 3131 1091 3187; x_wconf 88' lang='grc' dir='ltr'>τὸν</span> <span class='ocrx_word' id='word_1_247' title='bbox 1139 3128 1427 3206; x_wconf 85' lang='grc' dir='ltr'>λογισμὸν,</span> <span class='ocrx_word' id='word_1_248' title='bbox 1479 3129 1734 3200; x_wconf 80' lang='grc' dir='ltr'>ἀκίνητος</span> <span class='ocrx_word' id='word_1_249' title='bbox 1781 3129 2015 3204; x_wconf 82' lang='grc' dir='ltr'>ὑπάρχει</span> 
     </span>
    </p>
   </div>
   <div class='ocr_carea' id='block_1_35' title="bbox 363 3218 2017 3297">
    <p class='ocr_par' dir='ltr' id='par_1_35' title="bbox 363 3218 2017 3297">
     <span class='ocr_line' id='line_1_35' title="bbox 363 3218 2017 3297; baseline -0.005 -18"><span class='ocrx_word' id='word_1_250' title='bbox 363 3223 498 3297; x_wconf 83' lang='grc' dir='ltr'>πρὸς</span> <span class='ocrx_word' id='word_1_251' title='bbox 558 3227 662 3276; x_wconf 74' lang='grc' dir='ltr'>πᾶν</span> <span class='ocrx_word' id='word_1_252' title='bbox 719 3219 936 3293; x_wconf 85' lang='grc' dir='ltr'>θέλημα</span> <span class='ocrx_word' id='word_1_253' title='bbox 995 3219 1268 3295; x_wconf 79' lang='grc' dir='ltr'>σαρκικόν.</span> <span class='ocrx_word' id='word_1_254' title='bbox 1334 3219 1430 3274; x_wconf 84' lang='grc' dir='ltr'>Καὶ</span> <span class='ocrx_word' id='word_1_255' title='bbox 1491 3218 1670 3293; x_wconf 85' lang='grc' dir='ltr'>ὣσπερ</span> <span class='ocrx_word' id='word_1_256' title='bbox 1725 3220 1753 3273; x_wconf 89' lang='lat'>6</span> <span class='ocrx_word' id='word_1_257' title='bbox 1803 3219 2017 3290; x_wconf 80' lang='grc' dir='ltr'>σταυρῷ</span> 
     </span>
    </p>
   </div>
   <div class='ocr_carea' id='block_1_36' title="bbox 2099 635 3752 716">
    <p class='ocr_par' dir='ltr' id='par_1_36' title="bbox 2099 635 3752 716">
     <span class='ocr_line' id='line_1_36' title="bbox 2099 635 3752 716; baseline 0.01 -29"><span class='ocrx_word' id='word_1_258' title='bbox 2099 635 2568 706; x_wconf 82' lang='lat' dir='ltr'>promissionem.</span> <span class='ocrx_word' id='word_1_259' title='bbox 2596 636 2800 692; x_wconf 84' lang='lat' dir='ltr'>Melius</span> <span class='ocrx_word' id='word_1_260' title='bbox 2822 640 3039 710; x_wconf 88' lang='lat' dir='ltr'>quippe</span> <span class='ocrx_word' id='word_1_261' title='bbox 3061 646 3150 695; x_wconf 89' lang='lat' dir='ltr'>est</span> <span class='ocrx_word' id='word_1_262' title='bbox 3171 643 3338 710; x_wconf 83' lang='lat' dir='ltr'>juxta</span> <span class='ocrx_word' id='word_1_263' title='bbox 3368 646 3752 716; x_wconf 86' lang='lat' dir='ltr'>Scripturam,</span> 
     </span>
    </p>
   </div>
   <div class='ocr_carea' id='block_1_37' title="bbox 2099 727 3756 796">
    <p class='ocr_par' dir='ltr' id='par_1_37' title="bbox 2099 727 3756 796">
     <span class='ocr_line' id='line_1_37' title="bbox 2099 727 3756 796; baseline 0.009 -19"><span class='ocrx_word' id='word_1_264' title='bbox 2099 729 2291 778; x_wconf 90' lang='lat' dir='ltr'>votum</span> <span class='ocrx_word' id='word_1_265' title='bbox 2329 741 2438 778; x_wconf 92' lang='lat' dir='ltr'>non</span> <span class='ocrx_word' id='word_1_266' title='bbox 2467 727 2674 796; x_wconf 82' lang='lat' dir='ltr'>facere,</span> <span class='ocrx_word' id='word_1_267' title='bbox 2699 743 2876 796; x_wconf 92' lang='lat' dir='ltr'>quam</span> <span class='ocrx_word' id='word_1_268' title='bbox 2914 728 3130 784; x_wconf 79' lang='lat' dir='ltr'>factum</span> <span class='ocrx_word' id='word_1_269' title='bbox 3163 748 3277 786; x_wconf 89' lang='lat' dir='ltr'>non</span> <span class='ocrx_word' id='word_1_270' title='bbox 3313 735 3574 790; x_wconf 83' lang='lat' dir='ltr'>reddere.</span> <span class='ocrx_word' id='word_1_271' title='bbox 3609 737 3756 792; x_wconf 82' lang='lat' dir='ltr'>Rur-</span> 
     </span>
    </p>
   </div>
   <div class='ocr_carea' id='block_1_38' title="bbox 2100 813 3757 895">
    <p class='ocr_par' dir='ltr' id='par_1_38' title="bbox 2100 813 3757 895">
     <span class='ocr_line' id='line_1_38' title="bbox 2100 813 3757 895; baseline 0.008 -27"><span class='ocrx_word' id='word_1_272' title='bbox 2100 829 2351 883; x_wconf 84' lang='lat' dir='ltr'>sumque</span> <span class='ocrx_word' id='word_1_273' title='bbox 2396 813 2612 867; x_wconf 89' lang='lat' dir='ltr'>dicitur</span> <span class='ocrx_word' id='word_1_274' title='bbox 2644 818 2666 868; x_wconf 73' lang='lat' dir='ltr'><strong>P</strong></span> <span class='ocrx_word' id='word_1_275' title='bbox 2696 837 2722 863; x_wconf 91' lang='grc'>‹‹</span> <span class='ocrx_word' id='word_1_276' title='bbox 2757 815 3101 872; x_wconf 88' lang='lat' dir='ltr'>Maledictus</span> <span class='ocrx_word' id='word_1_277' title='bbox 3155 821 3249 888; x_wconf 87' lang='lat' dir='ltr'>qui</span> <span class='ocrx_word' id='word_1_278' title='bbox 3290 821 3426 876; x_wconf 84' lang='lat' dir='ltr'>facit</span> <span class='ocrx_word' id='word_1_279' title='bbox 3456 840 3604 895; x_wconf 91' lang='lat' dir='ltr'>opus</span> <span class='ocrx_word' id='word_1_280' title='bbox 3637 826 3757 881; x_wconf 84' lang='lat' dir='ltr'>Do-</span> 
     </span>
    </p>
   </div>
   <div class='ocr_carea' id='block_1_39' title="bbox 2102 901 3756 983">
    <p class='ocr_par' dir='ltr' id='par_1_39' title="bbox 2102 901 3756 983">
     <span class='ocr_line' id='line_1_39' title="bbox 2102 901 3756 983; baseline 0.007 -27"><span class='ocrx_word' id='word_1_281' title='bbox 2102 901 2247 956; x_wconf 80' lang='lat' dir='ltr'>mini</span> <span class='ocrx_word' id='word_1_282' title='bbox 2281 901 2737 974; x_wconf 66' lang='lat' dir='ltr'>negligenter”:</span> <span class='ocrx_word' id='word_1_283' title='bbox 2771 913 3126 978; x_wconf 83' lang='lat' dir='ltr'>»eapropter</span> <span class='ocrx_word' id='word_1_284' title='bbox 3148 913 3200 962; x_wconf 91' lang='lat' dir='ltr'>te</span> <span class='ocrx_word' id='word_1_285' title='bbox 3224 909 3549 980; x_wconf 90' lang='lat' dir='ltr'>repulimus</span> <span class='ocrx_word' id='word_1_286' title='bbox 3581 919 3756 983; x_wconf 91' lang='lat' dir='ltr'>atque</span> 
     </span>
    </p>
   </div>
   <div class='ocr_carea' id='block_1_40' title="bbox 2103 990 3761 1068">
    <p class='ocr_par' dir='ltr' id='par_1_40' title="bbox 2103 990 3761 1068">
     <span class='ocr_line' id='line_1_40' title="bbox 2103 990 3761 1068; baseline 0.008 -23"><span class='ocrx_word' id='word_1_287' title='bbox 2103 990 2413 1046; x_wconf 81' lang='lat' dir='ltr'>admittere</span> <span class='ocrx_word' id='word_1_288' title='bbox 2452 993 2708 1046; x_wconf 83' lang='lat' dir='ltr'>cunctati</span> <span class='ocrx_word' id='word_1_289' title='bbox 2782 1011 3012 1060; x_wconf 91' lang='lat' dir='ltr'>sumus,</span> <span class='ocrx_word' id='word_1_290' title='bbox 3066 1012 3181 1050; x_wconf 90' lang='lat' dir='ltr'>non</span> <span class='ocrx_word' id='word_1_291' title='bbox 3235 1000 3388 1068; x_wconf 91' lang='lat' dir='ltr'>quod</span> <span class='ocrx_word' id='word_1_292' title='bbox 3434 1006 3595 1056; x_wconf 91' lang='lat' dir='ltr'>tuam</span> <span class='ocrx_word' id='word_1_293' title='bbox 3630 1020 3761 1058; x_wconf 91' lang='lat' dir='ltr'>om-</span> 
     </span>
    </p>
   </div>
   <div class='ocr_carea' id='block_1_41' title="bbox 2105 1079 3758 1152">
    <p class='ocr_par' dir='ltr' id='par_1_41' title="bbox 2105 1079 3758 1152">
     <span class='ocr_line' id='line_1_41' title="bbox 2105 1079 3758 1152; baseline 0.008 -20"><span class='ocrx_word' id='word_1_294' title='bbox 2105 1079 2386 1151; x_wconf 89' lang='lat' dir='ltr'>niumque</span> <span class='ocrx_word' id='word_1_295' title='bbox 2418 1079 2651 1135; x_wconf 90' lang='lat' dir='ltr'>illorum</span> <span class='ocrx_word' id='word_1_296' title='bbox 2679 1082 2778 1152; x_wconf 92' lang='lat' dir='ltr'>qui</span> <span class='ocrx_word' id='word_1_297' title='bbox 2809 1082 2868 1136; x_wconf 92' lang='lat' dir='ltr'>in</span> <span class='ocrx_word' id='word_1_298' title='bbox 2902 1083 3199 1139; x_wconf 87' lang='lat' dir='ltr'>Christum</span> <span class='ocrx_word' id='word_1_299' title='bbox 3231 1089 3478 1143; x_wconf 88' lang='lat' dir='ltr'>credunt</span> <span class='ocrx_word' id='word_1_300' title='bbox 3510 1090 3758 1147; x_wconf 72' lang='lat' dir='ltr'>salutem</span> 
     </span>
    </p>
   </div>
   <div class='ocr_carea' id='block_1_42' title="bbox 2105 1171 3761 1249">
    <p class='ocr_par' dir='ltr' id='par_1_42' title="bbox 2105 1171 3761 1249">
     <span class='ocr_line' id='line_1_42' title="bbox 2105 1171 3761 1249; baseline 0.007 -26"><span class='ocrx_word' id='word_1_301' title='bbox 2105 1186 2220 1223; x_wconf 88' lang='lat' dir='ltr'>non</span> <span class='ocrx_word' id='word_1_302' title='bbox 2253 1175 2634 1241; x_wconf 82' lang='lat' dir='ltr'>exoptemus;</span> <span class='ocrx_word' id='word_1_303' title='bbox 2671 1171 2772 1225; x_wconf 89' lang='lat' dir='ltr'>sed</span> <span class='ocrx_word' id='word_1_304' title='bbox 2807 1188 2877 1226; x_wconf 90' lang='lat' dir='ltr'>ne</span> <span class='ocrx_word' id='word_1_305' title='bbox 2908 1177 3126 1228; x_wconf 90' lang='lat' dir='ltr'>temere</span> <span class='ocrx_word' id='word_1_306' title='bbox 3157 1179 3210 1229; x_wconf 90' lang='lat' dir='ltr'>te</span> <span class='ocrx_word' id='word_1_307' title='bbox 3239 1193 3306 1230; x_wconf 90' lang='lat' dir='ltr'>ac</span> <span class='ocrx_word' id='word_1_308' title='bbox 3338 1177 3498 1232; x_wconf 91' lang='lat' dir='ltr'>nullo</span> <span class='ocrx_word' id='word_1_309' title='bbox 3530 1180 3761 1249; x_wconf 79' lang='lat' dir='ltr'>negotio</span> 
     </span>
    </p>
   </div>
   <div class='ocr_carea' id='block_1_43' title="bbox 2105 1257 3760 1332">
    <p class='ocr_par' dir='ltr' id='par_1_43' title="bbox 2105 1257 3760 1332">
     <span class='ocr_line' id='line_1_43' title="bbox 2105 1257 3760 1332; baseline 0.006 -19"><span class='ocrx_word' id='word_1_310' title='bbox 2105 1257 2502 1326; x_wconf 77' lang='lat' dir='ltr'>admittentes,</span> <span class='ocrx_word' id='word_1_311' title='bbox 2538 1275 2645 1314; x_wconf 89' lang='lat' dir='ltr'>nos</span> <span class='ocrx_word' id='word_1_312' title='bbox 2677 1259 2912 1330; x_wconf 92' lang='lat' dir='ltr'>quidem</span> <span class='ocrx_word' id='word_1_313' title='bbox 2949 1278 2980 1315; x_wconf 89' lang='lat' dir='ltr'>a</span> <span class='ocrx_word' id='word_1_314' title='bbox 3019 1261 3158 1328; x_wconf 76' lang='lat' dir='ltr'>Deo,</span> <span class='ocrx_word' id='word_1_315' title='bbox 3189 1263 3275 1318; x_wconf 89' lang='lat' dir='ltr'>vel</span> <span class='ocrx_word' id='word_1_316' title='bbox 3307 1269 3563 1332; x_wconf 80' lang='lat' dir='ltr'>orantes,</span> <span class='ocrx_word' id='word_1_317' title='bbox 3610 1267 3760 1323; x_wconf 83' lang='lat' dir='ltr'>leni-</span> 
     </span>
    </p>
   </div>
   <div class='ocr_carea' id='block_1_44' title="bbox 2103 1346 3762 1426">
    <p class='ocr_par' dir='ltr' id='par_1_44' title="bbox 2103 1346 3762 1426">
     <span class='ocr_line' id='line_1_44' title="bbox 2103 1346 3762 1426; baseline 0.007 -24"><span class='ocrx_word' id='word_1_318' title='bbox 2103 1347 2240 1402; x_wconf 83' lang='lat' dir='ltr'>tatis</span> <span class='ocrx_word' id='word_1_319' title='bbox 2273 1346 2467 1401; x_wconf 73' lang='lat' dir='ltr'>nimiae</span> <span class='ocrx_word' id='word_1_320' title='bbox 2500 1363 2730 1417; x_wconf 86' lang='lat' dir='ltr'>poenam</span> <span class='ocrx_word' id='word_1_321' title='bbox 2753 1347 3010 1416; x_wconf 89' lang='lat' dir='ltr'>luamus,</span> <span class='ocrx_word' id='word_1_322' title='bbox 3030 1353 3086 1405; x_wconf 92' lang='lat' dir='ltr'>te</span> <span class='ocrx_word' id='word_1_323' title='bbox 3116 1368 3249 1406; x_wconf 91' lang='lat' dir='ltr'>vero</span> <span class='ocrx_word' id='word_1_324' title='bbox 3283 1369 3446 1408; x_wconf 88' lang='lat' dir='ltr'>reum</span> <span class='ocrx_word' id='word_1_325' title='bbox 3479 1356 3762 1426; x_wconf 85' lang='lat' dir='ltr'>gravioris</span> 
     </span>
    </p>
   </div>
   <div class='ocr_carea' id='block_1_45' title="bbox 2106 1435 3761 1515">
    <p class='ocr_par' dir='ltr' id='par_1_45' title="bbox 2106 1435 3761 1515">
     <span class='ocr_line' id='line_1_45' title="bbox 2106 1435 3761 1515; baseline 0.005 -23"><span class='ocrx_word' id='word_1_326' title='bbox 2106 1435 2382 1508; x_wconf 85' lang='lat' dir='ltr'>supplicii</span> <span class='ocrx_word' id='word_1_327' title='bbox 2425 1437 2876 1507; x_wconf 76' lang='lat' dir='ltr'>constituamus,</span> <span class='ocrx_word' id='word_1_328' title='bbox 2899 1439 2944 1492; x_wconf 90' lang='lat' dir='ltr'>si</span> <span class='ocrx_word' id='word_1_329' title='bbox 2973 1443 3025 1494; x_wconf 90' lang='lat' dir='ltr'>te</span> <span class='ocrx_word' id='word_1_330' title='bbox 3058 1440 3185 1510; x_wconf 88' lang='lat' dir='ltr'>jam</span> <span class='ocrx_word' id='word_1_331' title='bbox 3222 1441 3388 1498; x_wconf 88' lang='lat' dir='ltr'>facile</span> <span class='ocrx_word' id='word_1_332' title='bbox 3414 1443 3761 1515; x_wconf 84' lang='lat' dir='ltr'>priusquam</span> 
     </span>
    </p>
   </div>
   <div class='ocr_carea' id='block_1_46' title="bbox 2107 1525 3763 1606">
    <p class='ocr_par' dir='ltr' id='par_1_46' title="bbox 2107 1525 3763 1606">
     <span class='ocr_line' id='line_1_46' title="bbox 2107 1525 3763 1606; baseline 0.005 -26"><span class='ocrx_word' id='word_1_333' title='bbox 2107 1525 2381 1580; x_wconf 85' lang='lat' dir='ltr'>didiceris</span> <span class='ocrx_word' id='word_1_334' title='bbox 2440 1525 2785 1597; x_wconf 86' lang='lat' dir='ltr'>gravitatem</span> <span class='ocrx_word' id='word_1_335' title='bbox 2857 1532 2916 1582; x_wconf 91' lang='lat' dir='ltr'>et</span> <span class='ocrx_word' id='word_1_336' title='bbox 2984 1531 3416 1586; x_wconf 87' lang='lat' dir='ltr'>accurationem</span> <span class='ocrx_word' id='word_1_337' title='bbox 3466 1535 3763 1606; x_wconf 88' lang='lat' dir='ltr'>promissi,</span> 
     </span>
    </p>
   </div>
   <div class='ocr_carea' id='block_1_47' title="bbox 2107 1615 3765 1693">
    <p class='ocr_par' dir='ltr' id='par_1_47' title="bbox 2107 1615 3765 1693">
     <span class='ocr_line' id='line_1_47' title="bbox 2107 1615 3765 1693; baseline 0.006 -24"><span class='ocrx_word' id='word_1_338' title='bbox 2107 1615 2578 1683; x_wconf 86' lang='lat' dir='ltr'>admittamus,et</span> <span class='ocrx_word' id='word_1_339' title='bbox 2599 1621 2659 1670; x_wconf 88' lang='lat' dir='ltr'>tu</span> <span class='ocrx_word' id='word_1_340' title='bbox 2696 1620 2898 1687; x_wconf 89' lang='lat' dir='ltr'>postea</span> <span class='ocrx_word' id='word_1_341' title='bbox 2931 1617 3124 1673; x_wconf 91' lang='lat' dir='ltr'>mollis</span> <span class='ocrx_word' id='word_1_342' title='bbox 3152 1621 3468 1693; x_wconf 87' lang='lat' dir='ltr'>segnisque</span> <span class='ocrx_word' id='word_1_343' title='bbox 3490 1624 3765 1680; x_wconf 88' lang='lat' dir='ltr'>evaseris.</span> 
     </span>
    </p>
   </div>
   <div class='ocr_carea' id='block_1_48' title="bbox 2113 1704 3770 1777">
    <p class='ocr_par' dir='ltr' id='par_1_48' title="bbox 2113 1704 3770 1777">
     <span class='ocr_line' id='line_1_48' title="bbox 2113 1704 3770 1777; baseline 0.008 -20"><span class='ocrx_word' id='word_1_344' title='bbox 2113 1704 2352 1774; x_wconf 86' lang='lat' dir='ltr'>Idcirco,</span> <span class='ocrx_word' id='word_1_345' title='bbox 2389 1709 2452 1759; x_wconf 92' lang='lat' dir='ltr'>ut</span> <span class='ocrx_word' id='word_1_346' title='bbox 2483 1722 2662 1777; x_wconf 88' lang='lat' dir='ltr'>supra</span> <span class='ocrx_word' id='word_1_347' title='bbox 2692 1705 2916 1761; x_wconf 82' lang='lat' dir='ltr'>dictum</span> <span class='ocrx_word' id='word_1_348' title='bbox 2949 1711 3056 1774; x_wconf 90' lang='lat' dir='ltr'>est,</span> <span class='ocrx_word' id='word_1_349' title='bbox 3093 1725 3331 1764; x_wconf 86' lang='lat' dir='ltr'>causam</span> <span class='ocrx_word' id='word_1_350' title='bbox 3383 1717 3493 1766; x_wconf 74' lang='lat' dir='ltr'>tuze</span> <span class='ocrx_word' id='word_1_351' title='bbox 3541 1713 3770 1770; x_wconf 86' lang='lat' dir='ltr'>abdica-</span> 
     </span>
    </p>
   </div>
   <div class='ocr_carea' id='block_1_49' title="bbox 2110 1793 3768 1873">
    <p class='ocr_par' dir='ltr' id='par_1_49' title="bbox 2110 1793 3768 1873">
     <span class='ocr_line' id='line_1_49' title="bbox 2110 1793 3768 1873; baseline 0.007 -26"><span class='ocrx_word' id='word_1_352' title='bbox 2110 1794 2287 1848; x_wconf 86' lang='lat' dir='ltr'>tionis</span> <span class='ocrx_word' id='word_1_353' title='bbox 2327 1793 2584 1849; x_wconf 87' lang='lat' dir='ltr'>ediscere</span> <span class='ocrx_word' id='word_1_354' title='bbox 2635 1799 2690 1849; x_wconf 89' lang='lat' dir='ltr'>te</span> <span class='ocrx_word' id='word_1_355' title='bbox 2738 1800 2983 1866; x_wconf 87' lang='lat' dir='ltr'>oportet,</span> <span class='ocrx_word' id='word_1_356' title='bbox 3019 1797 3157 1866; x_wconf 92' lang='lat' dir='ltr'>quid</span> <span class='ocrx_word' id='word_1_357' title='bbox 3205 1799 3426 1854; x_wconf 86' lang='lat' dir='ltr'>scilicet</span> <span class='ocrx_word' id='word_1_358' title='bbox 3474 1803 3768 1873; x_wconf 84' lang='lat' dir='ltr'>agendum</span> 
     </span>
    </p>
   </div>
   <div class='ocr_carea' id='block_1_50' title="bbox 2110 1883 3771 1960">
    <p class='ocr_par' dir='ltr' id='par_1_50' title="bbox 2110 1883 3771 1960">
     <span class='ocr_line' id='line_1_50' title="bbox 2110 1883 3771 1960; baseline 0.007 -24"><span class='ocrx_word' id='word_1_359' title='bbox 2110 1883 2212 1938; x_wconf 85' lang='lat' dir='ltr'>tibi</span> <span class='ocrx_word' id='word_1_360' title='bbox 2246 1883 2340 1938; x_wconf 92' lang='lat' dir='ltr'>sit.</span> <span class='ocrx_word' id='word_1_361' title='bbox 2365 1883 2666 1939; x_wconf 81' lang='lat' dir='ltr'>Abdicatio</span> <span class='ocrx_word' id='word_1_362' title='bbox 2691 1885 2890 1955; x_wconf 90' lang='lat' dir='ltr'>itaque</span> <span class='ocrx_word' id='word_1_363' title='bbox 2915 1885 3058 1939; x_wconf 88' lang='lat' dir='ltr'>nihil</span> <span class='ocrx_word' id='word_1_364' title='bbox 3085 1891 3174 1940; x_wconf 90' lang='lat' dir='ltr'>est</span> <span class='ocrx_word' id='word_1_365' title='bbox 3195 1887 3352 1942; x_wconf 87' lang='lat' dir='ltr'>aliud</span> <span class='ocrx_word' id='word_1_366' title='bbox 3379 1906 3554 1960; x_wconf 90' lang='lat' dir='ltr'>quam</span> <span class='ocrx_word' id='word_1_367' title='bbox 3579 1893 3771 1949; x_wconf 88' lang='lat' dir='ltr'>crucis</span> 
     </span>
    </p>
   </div>
   <div class='ocr_carea' id='block_1_51' title="bbox 2110 1972 3769 2047">
    <p class='ocr_par' dir='ltr' id='par_1_51' title="bbox 2110 1972 3769 2047">
     <span class='ocr_line' id='line_1_51' title="bbox 2110 1972 3769 2047; baseline 0.006 -20"><span class='ocrx_word' id='word_1_368' title='bbox 2110 1977 2166 2027; x_wconf 93' lang='lat' dir='ltr'>et</span> <span class='ocrx_word' id='word_1_369' title='bbox 2196 1973 2404 2028; x_wconf 88' lang='lat' dir='ltr'>mortis</span> <span class='ocrx_word' id='word_1_370' title='bbox 2437 1972 2771 2044; x_wconf 87' lang='lat' dir='ltr'>promissio.</span> <span class='ocrx_word' id='word_1_371' title='bbox 2805 1973 2957 2028; x_wconf 90' lang='lat' dir='ltr'>Scito</span> <span class='ocrx_word' id='word_1_372' title='bbox 2991 1991 3127 2047; x_wconf 86' lang='lat' dir='ltr'>ergo</span> <span class='ocrx_word' id='word_1_373' title='bbox 3160 1976 3230 2030; x_wconf 90' lang='lat' dir='ltr'>ab</span> <span class='ocrx_word' id='word_1_374' title='bbox 3263 1976 3372 2031; x_wconf 88' lang='lat' dir='ltr'>hac</span> <span class='ocrx_word' id='word_1_375' title='bbox 3403 1984 3458 2032; x_wconf 90' lang='lat' dir='ltr'>te</span> <span class='ocrx_word' id='word_1_376' title='bbox 3489 1980 3583 2035; x_wconf 90' lang='lat' dir='ltr'>die</span> <span class='ocrx_word' id='word_1_377' title='bbox 3614 1997 3769 2037; x_wconf 92' lang='lat' dir='ltr'>mor-</span> 
     </span>
    </p>
   </div>
   <div class='ocr_carea' id='block_1_52' title="bbox 2111 2061 3768 2142">
    <p class='ocr_par' dir='ltr' id='par_1_52' title="bbox 2111 2061 3768 2142">
     <span class='ocr_line' id='line_1_52' title="bbox 2111 2061 3768 2142; baseline 0.005 -26"><span class='ocrx_word' id='word_1_378' title='bbox 2111 2066 2278 2116; x_wconf 90' lang='lat' dir='ltr'>tuum</span> <span class='ocrx_word' id='word_1_379' title='bbox 2313 2061 2775 2133; x_wconf 87' lang='lat' dir='ltr'>cruciﬁxumque</span> <span class='ocrx_word' id='word_1_380' title='bbox 2805 2078 2934 2117; x_wconf 89' lang='lat' dir='ltr'>esse</span> <span class='ocrx_word' id='word_1_381' title='bbox 2957 2065 3618 2140; x_wconf 84' lang='lat' dir='ltr'>mundo,mundumque</span> <span class='ocrx_word' id='word_1_382' title='bbox 3639 2070 3768 2142; x_wconf 88' lang='lat' dir='ltr'>tibi,</span> 
     </span>
    </p>
   </div>
   <div class='ocr_carea' id='block_1_53' title="bbox 2103 2151 3774 2225">
    <p class='ocr_par' dir='ltr' id='par_1_53' title="bbox 2103 2151 3774 2225">
     <span class='ocr_line' id='line_1_53' title="bbox 2103 2151 3774 2225; baseline 0.005 -19"><span class='ocrx_word' id='word_1_383' title='bbox 2103 2151 2274 2223; x_wconf 83' lang='lat' dir='ltr'>juxta</span> <span class='ocrx_word' id='word_1_384' title='bbox 2306 2151 2646 2222; x_wconf 85' lang='lat' dir='ltr'>Apostolum</span> <span class='ocrx_word' id='word_1_385' title='bbox 2683 2169 2696 2206; x_wconf 92' lang='lat'><strong>:</strong></span> <span class='ocrx_word' id='word_1_386' title='bbox 2733 2156 2787 2206; x_wconf 90' lang='lat' dir='ltr'>et</span> <span class='ocrx_word' id='word_1_387' title='bbox 2819 2152 3014 2208; x_wconf 90' lang='lat' dir='ltr'>edisce</span> <span class='ocrx_word' id='word_1_388' title='bbox 3046 2170 3312 2225; x_wconf 70' lang='lat' dir='ltr'>quasnam</span> <span class='ocrx_word' id='word_1_389' title='bbox 3346 2157 3422 2210; x_wconf 88' lang='lat' dir='ltr'>sit</span> <span class='ocrx_word' id='word_1_390' title='bbox 3451 2158 3640 2215; x_wconf 87' lang='lat' dir='ltr'>crucis</span> <span class='ocrx_word' id='word_1_391' title='bbox 3662 2159 3774 2215; x_wconf 85' lang='lat' dir='ltr'>vir-</span> 
     </span>
    </p>
   </div>
   <div class='ocr_carea' id='block_1_54' title="bbox 2110 2240 3772 2317">
    <p class='ocr_par' dir='ltr' id='par_1_54' title="bbox 2110 2240 3772 2317">
     <span class='ocr_line' id='line_1_54' title="bbox 2110 2240 3772 2317; baseline 0.005 -22"><span class='ocrx_word' id='word_1_392' title='bbox 2110 2245 2208 2296; x_wconf 89' lang='lat' dir='ltr'>tus</span> <span class='ocrx_word' id='word_1_393' title='bbox 2242 2257 2254 2295; x_wconf 90' lang='lat'><strong>:</strong></span> <span class='ocrx_word' id='word_1_394' title='bbox 2291 2240 2771 2312; x_wconf 85' lang='lat' dir='ltr'>quandoquidem</span> <span class='ocrx_word' id='word_1_395' title='bbox 2806 2258 2918 2296; x_wconf 90' lang='lat' dir='ltr'>non</span> <span class='ocrx_word' id='word_1_396' title='bbox 2953 2241 3202 2299; x_wconf 86' lang='lat' dir='ltr'>ulterius</span> <span class='ocrx_word' id='word_1_397' title='bbox 3234 2249 3292 2299; x_wconf 89' lang='lat' dir='ltr'>tu</span> <span class='ocrx_word' id='word_1_398' title='bbox 3322 2246 3490 2317; x_wconf 81' lang='lat' dir='ltr'>vivis,</span> <span class='ocrx_word' id='word_1_399' title='bbox 3543 2249 3641 2303; x_wconf 89' lang='lat' dir='ltr'>sed</span> <span class='ocrx_word' id='word_1_400' title='bbox 3676 2249 3772 2305; x_wconf 89' lang='lat' dir='ltr'>ille</span> 
     </span>
    </p>
   </div>
   <div class='ocr_carea' id='block_1_55' title="bbox 2113 2329 3773 2411">
    <p class='ocr_par' dir='ltr' id='par_1_55' title="bbox 2113 2329 3773 2411">
     <span class='ocr_line' id='line_1_55' title="bbox 2113 2329 3773 2411; baseline 0.007 -28"><span class='ocrx_word' id='word_1_401' title='bbox 2113 2330 2172 2384; x_wconf 90' lang='lat' dir='ltr'>in</span> <span class='ocrx_word' id='word_1_402' title='bbox 2206 2334 2260 2384; x_wconf 92' lang='lat' dir='ltr'>te</span> <span class='ocrx_word' id='word_1_403' title='bbox 2300 2329 2456 2383; x_wconf 89' lang='lat' dir='ltr'>vivit&#39;</span> <span class='ocrx_word' id='word_1_404' title='bbox 2486 2330 2588 2400; x_wconf 91' lang='lat' dir='ltr'>qui</span> <span class='ocrx_word' id='word_1_405' title='bbox 2641 2347 2741 2402; x_wconf 90' lang='lat' dir='ltr'>pro</span> <span class='ocrx_word' id='word_1_406' title='bbox 2779 2334 2834 2385; x_wconf 87' lang='lat' dir='ltr'>te</span> <span class='ocrx_word' id='word_1_407' title='bbox 2883 2332 3198 2388; x_wconf 88' lang='lat' dir='ltr'>cruciﬁxus</span> <span class='ocrx_word' id='word_1_408' title='bbox 3246 2339 3352 2390; x_wconf 89' lang='lat' dir='ltr'>est.</span> <span class='ocrx_word' id='word_1_409' title='bbox 3406 2336 3523 2390; x_wconf 87' lang='lat' dir='ltr'>Hoc</span> <span class='ocrx_word' id='word_1_410' title='bbox 3573 2338 3773 2411; x_wconf 86' lang='lat' dir='ltr'>itaque</span> 
     </span>
    </p>
   </div>
   <div class='ocr_carea' id='block_1_56' title="bbox 2114 2418 3770 2494">
    <p class='ocr_par' dir='ltr' id='par_1_56' title="bbox 2114 2418 3770 2494">
     <span class='ocr_line' id='line_1_56' title="bbox 2114 2418 3770 2494; baseline 0.007 -22"><span class='ocrx_word' id='word_1_411' title='bbox 2114 2425 2249 2490; x_wconf 82' lang='lat' dir='ltr'>typo</span> <span class='ocrx_word' id='word_1_412' title='bbox 2281 2435 2396 2489; x_wconf 91' lang='lat' dir='ltr'>quo</span> <span class='ocrx_word' id='word_1_413' title='bbox 2429 2418 2714 2474; x_wconf 90' lang='lat' dir='ltr'>Dominus</span> <span class='ocrx_word' id='word_1_414' title='bbox 2739 2436 2843 2490; x_wconf 89' lang='lat' dir='ltr'>pro</span> <span class='ocrx_word' id='word_1_415' title='bbox 2875 2421 3043 2476; x_wconf 87' lang='lat' dir='ltr'>nobis</span> <span class='ocrx_word' id='word_1_416' title='bbox 3075 2439 3403 2494; x_wconf 89' lang='lat' dir='ltr'>suspensus</span> <span class='ocrx_word' id='word_1_417' title='bbox 3434 2430 3542 2493; x_wconf 91' lang='lat' dir='ltr'>est,</span> <span class='ocrx_word' id='word_1_418' title='bbox 3575 2431 3632 2482; x_wconf 88' lang='lat' dir='ltr'>et</span> <span class='ocrx_word' id='word_1_419' title='bbox 3663 2445 3770 2484; x_wconf 91' lang='lat' dir='ltr'>nos</span> 
     </span>
    </p>
   </div>
   <div class='ocr_carea' id='block_1_57' title="bbox 2116 2507 3771 2582">
    <p class='ocr_par' dir='ltr' id='par_1_57' title="bbox 2116 2507 3771 2582">
     <span class='ocr_line' id='line_1_57' title="bbox 2116 2507 3771 2582; baseline 0.006 -19"><span class='ocrx_word' id='word_1_420' title='bbox 2116 2523 2354 2563; x_wconf 85' lang='lat' dir='ltr'>necesse</span> <span class='ocrx_word' id='word_1_421' title='bbox 2411 2513 2497 2562; x_wconf 90' lang='lat' dir='ltr'>est</span> <span class='ocrx_word' id='word_1_422' title='bbox 2553 2507 2610 2562; x_wconf 89' lang='lat' dir='ltr'>in</span> <span class='ocrx_word' id='word_1_423' title='bbox 2670 2509 2932 2564; x_wconf 77' lang='lat' dir='ltr'>ccenobio</span> <span class='ocrx_word' id='word_1_424' title='bbox 2993 2527 3182 2582; x_wconf 88' lang='lat' dir='ltr'>agere,</span> <span class='ocrx_word' id='word_1_425' title='bbox 3234 2517 3298 2568; x_wconf 92' lang='lat' dir='ltr'>ut</span> <span class='ocrx_word' id='word_1_426' title='bbox 3369 2519 3498 2569; x_wconf 91' lang='lat' dir='ltr'>orat</span> <span class='ocrx_word' id='word_1_427' title='bbox 3562 2516 3771 2573; x_wconf 87' lang='lat' dir='ltr'>beatus</span> 
     </span>
    </p>
   </div>
   <div class='ocr_carea' id='block_1_58' title="bbox 2117 2596 3772 2674">
    <p class='ocr_par' dir='ltr' id='par_1_58' title="bbox 2117 2596 3772 2674">
     <span class='ocr_line' id='line_1_58' title="bbox 2117 2596 3772 2674; baseline 0.007 -25"><span class='ocrx_word' id='word_1_428' title='bbox 2117 2596 2318 2665; x_wconf 89' lang='lat' dir='ltr'>David,</span> <span class='ocrx_word' id='word_1_429' title='bbox 2353 2612 2484 2650; x_wconf 90' lang='lat' dir='ltr'>cum</span> <span class='ocrx_word' id='word_1_430' title='bbox 2515 2596 2723 2652; x_wconf 88' lang='lat' dir='ltr'>timore</span> <span class='ocrx_word' id='word_1_431' title='bbox 2761 2598 2987 2652; x_wconf 91' lang='lat' dir='ltr'>Domini</span> <span class='ocrx_word' id='word_1_432' title='bbox 3023 2600 3279 2669; x_wconf 88' lang='lat' dir='ltr'>postulat</span> <span class='ocrx_word' id='word_1_433' title='bbox 3308 2603 3521 2674; x_wconf 84' lang='lat' dir='ltr'>conﬁgi</span> <span class='ocrx_word' id='word_1_434' title='bbox 3566 2621 3772 2662; x_wconf 90' lang='lat' dir='ltr'>carnes</span> 
     </span>
    </p>
   </div>
   <div class='ocr_carea' id='block_1_59' title="bbox 2119 2685 3774 2764">
    <p class='ocr_par' dir='ltr' id='par_1_59' title="bbox 2119 2685 3774 2764">
     <span class='ocr_line' id='line_1_59' title="bbox 2119 2685 3774 2764; baseline 0.005 -24"><span class='ocrx_word' id='word_1_435' title='bbox 2119 2701 2260 2740; x_wconf 89' lang='lat' dir='ltr'>suas</span> <span class='ocrx_word' id='word_1_436' title='bbox 2291 2685 2354 2738; x_wconf 76' lang='grc'>³⁵.</span> <span class='ocrx_word' id='word_1_437' title='bbox 2389 2685 2893 2748; x_wconf 84' lang='lat' dir='ltr'>Quemadmodum</span> <span class='ocrx_word' id='word_1_438' title='bbox 2927 2687 3082 2743; x_wconf 88' lang='lat' dir='ltr'>enim</span> <span class='ocrx_word' id='word_1_439' title='bbox 3114 2689 3211 2760; x_wconf 93' lang='lat' dir='ltr'>qui</span> <span class='ocrx_word' id='word_1_440' title='bbox 3246 2707 3460 2763; x_wconf 89' lang='lat' dir='ltr'>corpus</span> <span class='ocrx_word' id='word_1_441' title='bbox 3502 2691 3661 2764; x_wconf 87' lang='lat' dir='ltr'>ligno</span> <span class='ocrx_word' id='word_1_442' title='bbox 3693 2697 3774 2749; x_wconf 81' lang='lat' dir='ltr'>af-</span> 
     </span>
    </p>
   </div>
   <div class='ocr_carea' id='block_1_60' title="bbox 2123 2773 3770 2851">
    <p class='ocr_par' dir='ltr' id='par_1_60' title="bbox 2123 2773 3770 2851">
     <span class='ocr_line' id='line_1_60' title="bbox 2123 2773 3770 2851; baseline 0.005 -23"><span class='ocrx_word' id='word_1_443' title='bbox 2123 2775 2301 2828; x_wconf 90' lang='lat' dir='ltr'>ﬁxum</span> <span class='ocrx_word' id='word_1_444' title='bbox 2334 2773 2532 2837; x_wconf 88' lang='lat' dir='ltr'>habet,</span> <span class='ocrx_word' id='word_1_445' title='bbox 2566 2774 2634 2827; x_wconf 91' lang='lat' dir='ltr'>ad</span> <span class='ocrx_word' id='word_1_446' title='bbox 2671 2773 2990 2844; x_wconf 89' lang='lat' dir='ltr'>quamlibet</span> <span class='ocrx_word' id='word_1_447' title='bbox 3021 2776 3306 2832; x_wconf 87' lang='lat' dir='ltr'>actionem</span> <span class='ocrx_word' id='word_1_448' title='bbox 3341 2779 3621 2837; x_wconf 90' lang='lat' dir='ltr'>immotus</span> <span class='ocrx_word' id='word_1_449' title='bbox 3653 2787 3770 2851; x_wconf 89' lang='lat' dir='ltr'>est;</span> 
     </span>
    </p>
   </div>
   <div class='ocr_carea' id='block_1_61' title="bbox 2126 2861 3776 2943">
    <p class='ocr_par' dir='ltr' id='par_1_61' title="bbox 2126 2861 3776 2943">
     <span class='ocr_line' id='line_1_61' title="bbox 2126 2861 3776 2943; baseline 0.005 -25"><span class='ocrx_word' id='word_1_450' title='bbox 2126 2862 2277 2918; x_wconf 76' lang='lat' dir='ltr'>8I5</span> <span class='ocrx_word' id='word_1_451' title='bbox 2310 2862 2393 2917; x_wconf 88' lang='lat' dir='ltr'>sic</span> <span class='ocrx_word' id='word_1_452' title='bbox 2425 2861 2526 2933; x_wconf 89' lang='lat' dir='ltr'>qui</span> <span class='ocrx_word' id='word_1_453' title='bbox 2557 2861 2752 2917; x_wconf 83' lang='lat' dir='ltr'>divino</span> <span class='ocrx_word' id='word_1_454' title='bbox 2784 2863 2994 2918; x_wconf 89' lang='lat' dir='ltr'>timore</span> <span class='ocrx_word' id='word_1_455' title='bbox 3029 2865 3315 2921; x_wconf 87' lang='lat' dir='ltr'>conﬁxam</span> <span class='ocrx_word' id='word_1_456' title='bbox 3347 2867 3522 2924; x_wconf 89' lang='lat' dir='ltr'>habet</span> <span class='ocrx_word' id='word_1_457' title='bbox 3551 2870 3776 2943; x_wconf 88' lang='lat' dir='ltr'>cogita-</span> 
     </span>
    </p>
   </div>
   <div class='ocr_carea' id='block_1_62' title="bbox 2123 2951 3777 3019">
    <p class='ocr_par' dir='ltr' id='par_1_62' title="bbox 2123 2951 3777 3019">
     <span class='ocr_line' id='line_1_62' title="bbox 2123 2951 3777 3019; baseline 0.005 -13"><span class='ocrx_word' id='word_1_458' title='bbox 2123 2952 2365 3019; x_wconf 89' lang='lat' dir='ltr'>tionem,</span> <span class='ocrx_word' id='word_1_459' title='bbox 2397 2951 2682 3006; x_wconf 90' lang='lat' dir='ltr'>immotus</span> <span class='ocrx_word' id='word_1_460' title='bbox 2713 2956 2804 3006; x_wconf 87' lang='lat' dir='ltr'>est</span> <span class='ocrx_word' id='word_1_461' title='bbox 2832 2953 2901 3006; x_wconf 89' lang='lat' dir='ltr'>ad</span> <span class='ocrx_word' id='word_1_462' title='bbox 2937 2969 3168 3008; x_wconf 88' lang='lat' dir='ltr'>omnem</span> <span class='ocrx_word' id='word_1_463' title='bbox 3211 2955 3505 3013; x_wconf 88' lang='lat' dir='ltr'>carnalem</span> <span class='ocrx_word' id='word_1_464' title='bbox 3558 2975 3777 3014; x_wconf 74' lang='lat' dir='ltr'>concu-</span> 
     </span>
    </p>
   </div>
   <div class='ocr_carea' id='block_1_63' title="bbox 2127 3039 3775 3120">
    <p class='ocr_par' dir='ltr' id='par_1_63' title="bbox 2127 3039 3775 3120">
     <span class='ocr_line' id='line_1_63' title="bbox 2127 3039 3775 3120; baseline 0.005 -26"><span class='ocrx_word' id='word_1_465' title='bbox 2127 3039 2494 3113; x_wconf 88' lang='lat' dir='ltr'>piscentiam.</span> <span class='ocrx_word' id='word_1_466' title='bbox 2548 3040 2616 3094; x_wconf 86' lang='lat' dir='ltr'>Et</span> <span class='ocrx_word' id='word_1_467' title='bbox 2665 3040 2819 3096; x_wconf 91' lang='lat' dir='ltr'>sicut</span> <span class='ocrx_word' id='word_1_468' title='bbox 2869 3041 2969 3112; x_wconf 91' lang='lat' dir='ltr'>qui</span> <span class='ocrx_word' id='word_1_469' title='bbox 3019 3043 3174 3098; x_wconf 90' lang='lat' dir='ltr'>cruci</span> <span class='ocrx_word' id='word_1_470' title='bbox 3229 3049 3316 3099; x_wconf 88' lang='lat' dir='ltr'>est</span> <span class='ocrx_word' id='word_1_471' title='bbox 3364 3044 3595 3116; x_wconf 80' lang='lat' dir='ltr'>afﬁxus,</span> <span class='ocrx_word' id='word_1_472' title='bbox 3651 3065 3775 3120; x_wconf 62' lang='lat' dir='ltr'>quae</span> 
     </span>
    </p>
   </div>
   <div class='ocr_carea' id='block_1_64' title="bbox 2129 3129 3778 3209">
    <p class='ocr_par' dir='ltr' id='par_1_64' title="bbox 2129 3129 3778 3209">
     <span class='ocr_line' id='line_1_64' title="bbox 2129 3129 3778 3209; baseline 0.005 -25"><span class='ocrx_word' id='word_1_473' title='bbox 2129 3129 2438 3202; x_wconf 63' lang='lat' dir='ltr'>praesentia</span> <span class='ocrx_word' id='word_1_474' title='bbox 2469 3134 2610 3184; x_wconf 91' lang='lat' dir='ltr'>sunt</span> <span class='ocrx_word' id='word_1_475' title='bbox 2648 3146 2764 3184; x_wconf 88' lang='lat' dir='ltr'>non</span> <span class='ocrx_word' id='word_1_476' title='bbox 2798 3129 2953 3186; x_wconf 90' lang='lat' dir='ltr'>ultra</span> <span class='ocrx_word' id='word_1_477' title='bbox 2985 3131 3200 3204; x_wconf 84' lang='lat' dir='ltr'>cogitat</span> <span class='ocrx_word' id='word_1_478' title='bbox 3237 3150 3250 3198; x_wconf 91' lang='lat'><strong>;</strong></span> <span class='ocrx_word' id='word_1_479' title='bbox 3301 3149 3490 3206; x_wconf 86' lang='lat' dir='ltr'>neque</span> <span class='ocrx_word' id='word_1_480' title='bbox 3545 3137 3778 3209; x_wconf 90' lang='lat' dir='ltr'>propria</span> 
     </span>
    </p>
   </div>
   <div class='ocr_carea' id='block_1_65' title="bbox 2127 3217 3775 3294">
    <p class='ocr_par' dir='ltr' id='par_1_65' title="bbox 2127 3217 3775 3294">
     <span class='ocr_line' id='line_1_65' title="bbox 2127 3217 3775 3294; baseline 0.005 -21"><span class='ocrx_word' id='word_1_481' title='bbox 2127 3221 2425 3274; x_wconf 87' lang='lat' dir='ltr'>voluntate</span> <span class='ocrx_word' id='word_1_482' title='bbox 2484 3217 2774 3290; x_wconf 88' lang='lat' dir='ltr'>dirigitur,</span> <span class='ocrx_word' id='word_1_483' title='bbox 2807 3235 2924 3273; x_wconf 90' lang='lat' dir='ltr'>non</span> <span class='ocrx_word' id='word_1_484' title='bbox 2975 3221 3449 3293; x_wconf 90' lang='lat' dir='ltr'>concupiscentia</span> <span class='ocrx_word' id='word_1_485' title='bbox 3480 3225 3775 3294; x_wconf 89' lang='lat' dir='ltr'>turbatur,</span> 
     </span>
    </p>
   </div>
   <div class='ocr_carea' id='block_1_66' title="bbox 363 3297 2011 3388">
    <p class='ocr_par' dir='ltr' id='par_1_66' title="bbox 363 3305 2011 3388">
     <span class='ocr_line' id='line_1_66' title="bbox 363 3305 2011 3388; baseline -0.003 -22"><span class='ocrx_word' id='word_1_486' title='bbox 363 3308 796 3388; x_wconf 68' lang='grc' dir='ltr'>προσηλωμένος</span> <span class='ocrx_word' id='word_1_487' title='bbox 853 3308 953 3364; x_wconf 85' lang='grc' dir='ltr'>οὐκ</span> <span class='ocrx_word' id='word_1_488' title='bbox 1008 3305 1085 3364; x_wconf 79' lang='grc' dir='ltr'>ἔτι</span> <span class='ocrx_word' id='word_1_489' title='bbox 1136 3310 1203 3363; x_wconf 79' lang='grc' dir='ltr'>τὰ</span> <span class='ocrx_word' id='word_1_490' title='bbox 1250 3307 1493 3383; x_wconf 85' lang='grc' dir='ltr'>παρόντα</span> <span class='ocrx_word' id='word_1_491' title='bbox 1541 3307 1838 3384; x_wconf 82' lang='grc' dir='ltr'>λογίζεται,</span> <span class='ocrx_word' id='word_1_492' title='bbox 1889 3305 2011 3361; x_wconf 69' lang='grc' dir='ltr'>οὐδὲ</span> 
     </span>
    </p>
   </div>
   <div class='ocr_carea' id='block_1_67' title="bbox 2123 3297 3779 3388">
    <p class='ocr_par' dir='ltr' id='par_1_67' title="bbox 2132 3308 3779 3384">
     <span class='ocr_line' id='line_1_67' title="bbox 2132 3308 3779 3384; baseline 0.005 -22"><span class='ocrx_word' id='word_1_493' title='bbox 2132 3325 2242 3362; x_wconf 90' lang='lat' dir='ltr'>non</span> <span class='ocrx_word' id='word_1_494' title='bbox 2276 3323 2416 3362; x_wconf 87' lang='lat' dir='ltr'>cura</span> <span class='ocrx_word' id='word_1_495' title='bbox 2447 3308 2785 3380; x_wconf 89' lang='lat' dir='ltr'>possidendi</span> <span class='ocrx_word' id='word_1_496' title='bbox 2819 3309 3138 3377; x_wconf 87' lang='lat' dir='ltr'>detinetur,</span> <span class='ocrx_word' id='word_1_497' title='bbox 3165 3327 3276 3365; x_wconf 91' lang='lat' dir='ltr'>non</span> <span class='ocrx_word' id='word_1_498' title='bbox 3310 3314 3584 3384; x_wconf 91' lang='lat' dir='ltr'>superbia</span> <span class='ocrx_word' id='word_1_499' title='bbox 3614 3314 3779 3370; x_wconf 87' lang='lat' dir='ltr'>inﬂa-</span> 
     </span>
    </p>
   </div>
   <div class='ocr_carea' id='block_1_68' title="bbox 361 3393 2020 3470">
    <p class='ocr_par' dir='ltr' id='par_1_68' title="bbox 361 3393 2020 3470">
     <span class='ocr_line' id='line_1_68' title="bbox 361 3393 2020 3470; baseline -0.004 -16"><span class='ocrx_word' id='word_1_500' title='bbox 361 3405 475 3461; x_wconf 91' lang='grc' dir='ltr'>τοῖς</span> <span class='ocrx_word' id='word_1_501' title='bbox 556 3395 716 3459; x_wconf 82' lang='grc' dir='ltr'>ἰδίοις</span> <span class='ocrx_word' id='word_1_502' title='bbox 788 3395 1059 3470; x_wconf 83' lang='grc' dir='ltr'>θελήμασι</span> <span class='ocrx_word' id='word_1_503' title='bbox 1135 3393 1547 3464; x_wconf 82' lang='grc' dir='ltr'>συνδιατίθεται,</span> <span class='ocrx_word' id='word_1_504' title='bbox 1607 3394 1707 3450; x_wconf 90' lang='grc' dir='ltr'>οὐκ</span> <span class='ocrx_word' id='word_1_505' title='bbox 1763 3393 2020 3467; x_wconf 75' lang='grc' dir='ltr'>ἐπιθυμίᾳ</span> 
     </span>
    </p>
   </div>
   <div class='ocr_carea' id='block_1_69' title="bbox 362 3482 2017 3565">
    <p class='ocr_par' dir='ltr' id='par_1_69' title="bbox 362 3482 2017 3565">
     <span class='ocr_line' id='line_1_69' title="bbox 362 3482 2017 3565; baseline -0.003 -23"><span class='ocrx_word' id='word_1_506' title='bbox 362 3487 700 3563; x_wconf 86' lang='grc' dir='ltr'>ταράττεται,</span> <span class='ocrx_word' id='word_1_507' title='bbox 767 3485 830 3540; x_wconf 86' lang='grc' dir='ltr'>οὐ</span> <span class='ocrx_word' id='word_1_508' title='bbox 889 3482 1146 3565; x_wconf 41' lang='grc' dir='ltr'>φροντίδι.</span> <span class='ocrx_word' id='word_1_509' title='bbox 1189 3489 1286 3540; x_wconf 90' lang='grc' dir='ltr'>τοῦ</span> <span class='ocrx_word' id='word_1_510' title='bbox 1343 3485 1565 3539; x_wconf 77' lang='grc' dir='ltr'>κτᾶσθαι</span> <span class='ocrx_word' id='word_1_511' title='bbox 1632 3483 2017 3552; x_wconf 87' lang='grc' dir='ltr'>κατατείνεται,</span> 
     </span>
    </p>
   </div>
   <div class='ocr_carea' id='block_1_70' title="bbox 366 3572 2018 3653">
    <p class='ocr_par' dir='ltr' id='par_1_70' title="bbox 366 3572 2018 3653">
     <span class='ocr_line' id='line_1_70' title="bbox 366 3572 2018 3653; baseline -0.003 -21"><span class='ocrx_word' id='word_1_512' title='bbox 366 3577 473 3653; x_wconf 86' lang='grc' dir='ltr'>οὐχ</span> <span class='ocrx_word' id='word_1_513' title='bbox 504 3574 841 3652; x_wconf 80' lang='grc' dir='ltr'>ὑπερηφανίᾳ</span> <span class='ocrx_word' id='word_1_514' title='bbox 886 3577 1189 3652; x_wconf 79' lang='grc' dir='ltr'>φυσιοῦται,</span> <span class='ocrx_word' id='word_1_515' title='bbox 1246 3572 1308 3628; x_wconf 88' lang='grc' dir='ltr'>οὐ</span> <span class='ocrx_word' id='word_1_516' title='bbox 1367 3572 1691 3651; x_wconf 83' lang='grc' dir='ltr'>φιλονεικίᾳ,</span> <span class='ocrx_word' id='word_1_517' title='bbox 1739 3572 1800 3628; x_wconf 78' lang='grc' dir='ltr'>οὑ</span> <span class='ocrx_word' id='word_1_518' title='bbox 1834 3573 2018 3646; x_wconf 80' lang='grc' dir='ltr'>φθόνῳ</span> 
     </span>
    </p>
   </div>
   <div class='ocr_carea' id='block_1_71' title="bbox 368 3662 2016 3738">
    <p class='ocr_par' dir='ltr' id='par_1_71' title="bbox 368 3662 2016 3738">
     <span class='ocr_line' id='line_1_71' title="bbox 368 3662 2016 3738; baseline -0.002 -16"><span class='ocrx_word' id='word_1_519' title='bbox 368 3667 667 3738; x_wconf 79' lang='grc' dir='ltr'>ἐξάπτεται,</span> <span class='ocrx_word' id='word_1_520' title='bbox 716 3664 779 3718; x_wconf 87' lang='grc' dir='ltr'>οὐ</span> <span class='ocrx_word' id='word_1_521' title='bbox 825 3664 948 3735; x_wconf 86' lang='grc' dir='ltr'>περὶ</span> <span class='ocrx_word' id='word_1_522' title='bbox 997 3667 1105 3718; x_wconf 89' lang='grc' dir='ltr'>τῶν</span> <span class='ocrx_word' id='word_1_523' title='bbox 1151 3666 1438 3738; x_wconf 81' lang='grc' dir='ltr'>παρουσῶν</span> <span class='ocrx_word' id='word_1_524' title='bbox 1478 3663 1710 3736; x_wconf 80' lang='grc' dir='ltr'>ἀτιμιῶν</span> <span class='ocrx_word' id='word_1_525' title='bbox 1741 3662 1919 3738; x_wconf 83' lang='grc' dir='ltr'>ἀλγεῖ,</span> <span class='ocrx_word' id='word_1_526' title='bbox 1956 3663 2016 3718; x_wconf 88' lang='grc' dir='ltr'>οὐ</span> 
     </span>
    </p>
   </div>
   <div class='ocr_carea' id='block_1_72' title="bbox 366 3749 2016 3829">
    <p class='ocr_par' dir='ltr' id='par_1_72' title="bbox 366 3749 2016 3829">
     <span class='ocr_line' id='line_1_72' title="bbox 366 3749 2016 3829; baseline -0.002 -19"><span class='ocrx_word' id='word_1_527' title='bbox 366 3757 460 3817; x_wconf 84' lang='grc' dir='ltr'>τὰς</span> <span class='ocrx_word' id='word_1_528' title='bbox 510 3751 885 3828; x_wconf 79' lang='grc' dir='ltr'>παρελθούσας</span> <span class='ocrx_word' id='word_1_529' title='bbox 932 3749 1114 3829; x_wconf 76' lang='grc' dir='ltr'>ὕϐρεις</span> <span class='ocrx_word' id='word_1_530' title='bbox 1165 3752 1652 3824; x_wconf 83' lang='grc' dir='ltr'>ἀναμιμνήσκεται’</span> <span class='ocrx_word' id='word_1_531' title='bbox 1689 3753 1880 3826; x_wconf 86' lang='grc' dir='ltr'>μικρὸν</span> <span class='ocrx_word' id='word_1_532' title='bbox 1914 3752 2016 3827; x_wconf 75' lang='grc' dir='ltr'>γάρ</span> 
     </span>
    </p>
   </div>
   <div class='ocr_carea' id='block_1_73' title="bbox 371 3837 2023 3917">
    <p class='ocr_par' dir='ltr' id='par_1_73' title="bbox 371 3837 2023 3917">
     <span class='ocr_line' id='line_1_73' title="bbox 371 3837 2023 3917; baseline -0.002 -19"><span class='ocrx_word' id='word_1_533' title='bbox 371 3844 587 3917; x_wconf 77' lang='grc' dir='ltr'>ὕστερον</span> <span class='ocrx_word' id='word_1_534' title='bbox 619 3843 718 3912; x_wconf 76' lang='grc' dir='ltr'>τήν</span> <span class='ocrx_word' id='word_1_535' title='bbox 754 3842 814 3897; x_wconf 83' lang='grc' dir='ltr'>ἐκ</span> <span class='ocrx_word' id='word_1_536' title='bbox 840 3846 938 3896; x_wconf 88' lang='grc' dir='ltr'>τοῦ</span> <span class='ocrx_word' id='word_1_537' title='bbox 971 3841 1093 3916; x_wconf 89' lang='grc' dir='ltr'>βίου</span> <span class='ocrx_word' id='word_1_538' title='bbox 1123 3837 1308 3912; x_wconf 79' lang='grc' dir='ltr'>ἔξοδον</span> <span class='ocrx_word' id='word_1_539' title='bbox 1337 3838 1615 3916; x_wconf 81' lang='grc' dir='ltr'>ἐκδέχεται</span> <span class='ocrx_word' id='word_1_540' title='bbox 1647 3837 1736 3895; x_wconf 76' lang='grc' dir='ltr'>διὰ</span> <span class='ocrx_word' id='word_1_541' title='bbox 1749 3845 1846 3896; x_wconf 93' lang='grc' dir='ltr'>τοῦ</span> <span class='ocrx_word' id='word_1_542' title='bbox 1868 3862 2023 3896; x_wconf 83' lang='grc' dir='ltr'>σταυ-</span> 
     </span>
    </p>
   </div>
   <div class='ocr_carea' id='block_1_74' title="bbox 378 3929 2021 4008">
    <p class='ocr_par' dir='ltr' id='par_1_74' title="bbox 378 3929 2021 4008">
     <span class='ocr_line' id='line_1_74' title="bbox 378 3929 2021 4008; baseline -0.002 -22"><span class='ocrx_word' id='word_1_543' title='bbox 378 3937 490 4008; x_wconf 82' lang='grc' dir='ltr'>ροῦ’</span> <span class='ocrx_word' id='word_1_544' title='bbox 525 3931 697 3993; x_wconf 78' lang='grc' dir='ltr'>οὕτως</span> <span class='ocrx_word' id='word_1_545' title='bbox 749 3932 777 3985; x_wconf 88' lang='lat'>6</span> <span class='ocrx_word' id='word_1_546' title='bbox 829 3929 1232 4002; x_wconf 83' lang='grc' dir='ltr'>ἀποταξάμενος</span> <span class='ocrx_word' id='word_1_547' title='bbox 1279 3929 1518 4006; x_wconf 85' lang='grc' dir='ltr'>γνησίως</span> <span class='ocrx_word' id='word_1_548' title='bbox 1567 3930 1647 4001; x_wconf 79' lang='grc' dir='ltr'>τῷ</span> <span class='ocrx_word' id='word_1_549' title='bbox 1686 3929 1900 4002; x_wconf 87' lang='grc' dir='ltr'>κόσμῳ,</span> <span class='ocrx_word' id='word_1_550' title='bbox 1931 3929 2021 3983; x_wconf 79' lang='grc' dir='ltr'>καὶ</span> 
     </span>
    </p>
   </div>
   <div class='ocr_carea' id='block_1_75' title="bbox 375 4015 2023 4097">
    <p class='ocr_par' dir='ltr' id='par_1_75' title="bbox 375 4015 2023 4097">
     <span class='ocr_line' id='line_1_75' title="bbox 375 4015 2023 4097; baseline -0.002 -23"><span class='ocrx_word' id='word_1_551' title='bbox 375 4025 452 4091; x_wconf 76' lang='grc' dir='ltr'>τῷ</span> <span class='ocrx_word' id='word_1_552' title='bbox 475 4021 599 4093; x_wconf 87' lang='grc' dir='ltr'>θείῳ</span> <span class='ocrx_word' id='word_1_553' title='bbox 629 4015 786 4097; x_wconf 84' lang='grc' dir='ltr'>φόϐῳ</span> <span class='ocrx_word' id='word_1_554' title='bbox 818 4019 892 4080; x_wconf 85' lang='grc' dir='ltr'>ὡς</span> <span class='ocrx_word' id='word_1_555' title='bbox 925 4017 974 4072; x_wconf 91' lang='grc' dir='ltr'>ἐν</span> <span class='ocrx_word' id='word_1_556' title='bbox 1005 4022 1217 4091; x_wconf 81' lang='grc' dir='ltr'>σταυρῷ</span> <span class='ocrx_word' id='word_1_557' title='bbox 1247 4016 1658 4090; x_wconf 85' lang='grc' dir='ltr'>καθηλωμένος,</span> <span class='ocrx_word' id='word_1_558' title='bbox 1707 4018 1806 4085; x_wconf 73' lang='grc' dir='ltr'>τὴν</span> <span class='ocrx_word' id='word_1_559' title='bbox 1838 4016 1898 4071; x_wconf 87' lang='grc' dir='ltr'>ἐκ</span> <span class='ocrx_word' id='word_1_560' title='bbox 1926 4021 2023 4072; x_wconf 91' lang='grc' dir='ltr'>τοῦ</span> 
     </span>
    </p>
   </div>
   <div class='ocr_carea' id='block_1_76' title="bbox 380 4103 2020 4185">
    <p class='ocr_par' dir='ltr' id='par_1_76' title="bbox 380 4103 2020 4185">
     <span class='ocr_line' id='line_1_76' title="bbox 380 4103 2020 4185; baseline -0.002 -22"><span class='ocrx_word' id='word_1_561' title='bbox 380 4109 501 4185; x_wconf 87' lang='grc' dir='ltr'>βίου</span> <span class='ocrx_word' id='word_1_562' title='bbox 529 4109 722 4164; x_wconf 64' lang='grc' dir='ltr'>τούτου</span> <span class='ocrx_word' id='word_1_563' title='bbox 754 4104 934 4180; x_wconf 76' lang='grc' dir='ltr'>ἔξοδον</span> <span class='ocrx_word' id='word_1_564' title='bbox 967 4113 1081 4170; x_wconf 87' lang='grc' dir='ltr'>καθ’</span> <span class='ocrx_word' id='word_1_565' title='bbox 1112 4106 1339 4175; x_wconf 73' lang='grc' dir='ltr'>ἑκάστην</span> <span class='ocrx_word' id='word_1_566' title='bbox 1379 4103 1848 4182; x_wconf 84' lang='grc' dir='ltr'>προσδεχόμενος,</span> <span class='ocrx_word' id='word_1_567' title='bbox 1904 4107 2020 4159; x_wconf 86' lang='grc' dir='ltr'>ἀκι-</span> 
     </span>
    </p>
   </div>
   <div class='ocr_carea' id='block_1_77' title="bbox 371 4193 2022 4272">
    <p class='ocr_par' dir='ltr' id='par_1_77' title="bbox 371 4193 2022 4272">
     <span class='ocr_line' id='line_1_77' title="bbox 371 4193 2022 4272; baseline -0.003 -20"><span class='ocrx_word' id='word_1_568' title='bbox 371 4200 568 4270; x_wconf 86' lang='grc' dir='ltr'>νήτους</span> <span class='ocrx_word' id='word_1_569' title='bbox 599 4199 688 4253; x_wconf 85' lang='grc' dir='ltr'>καὶ</span> <span class='ocrx_word' id='word_1_570' title='bbox 720 4197 1108 4272; x_wconf 85' lang='grc' dir='ltr'>ἀνενεργήτους</span> <span class='ocrx_word' id='word_1_571' title='bbox 1139 4195 1255 4272; x_wconf 78' lang='grc' dir='ltr'>ἔχει</span> <span class='ocrx_word' id='word_1_572' title='bbox 1283 4194 1454 4258; x_wconf 87' lang='grc' dir='ltr'>πάσας</span> <span class='ocrx_word' id='word_1_573' title='bbox 1485 4195 1578 4258; x_wconf 75' lang='grc' dir='ltr'>τὰς</span> <span class='ocrx_word' id='word_1_574' title='bbox 1621 4193 1904 4268; x_wconf 79' lang='grc' dir='ltr'>ἐπιθυμίας</span> <span class='ocrx_word' id='word_1_575' title='bbox 1934 4193 2022 4249; x_wconf 84' lang='grc' dir='ltr'>καὶ</span> 
     </span>
    </p>
   </div>
   <div class='ocr_carea' id='block_1_78' title="bbox 369 4283 1052 4362">
    <p class='ocr_par' dir='ltr' id='par_1_78' title="bbox 369 4283 1052 4362">
     <span class='ocr_line' id='line_1_78' title="bbox 369 4283 1052 4362; baseline -0.006 -20"><span class='ocrx_word' id='word_1_576' title='bbox 369 4287 463 4350; x_wconf 75' lang='grc' dir='ltr'>τὰς</span> <span class='ocrx_word' id='word_1_577' title='bbox 497 4285 756 4362; x_wconf 78' lang='grc' dir='ltr'>σαρκικὰς</span> <span class='ocrx_word' id='word_1_578' title='bbox 792 4283 1052 4347; x_wconf 80' lang='grc' dir='ltr'>διαθέσεις</span> 
     </span>
    </p>
   </div>
   <div class='ocr_carea' id='block_1_79' title="bbox 443 4367 2022 4451">
    <p class='ocr_par' dir='ltr' id='par_1_79' title="bbox 443 4367 2022 4451">
     <span class='ocr_line' id='line_1_79' title="bbox 443 4367 2022 4451; baseline -0.006 -17"><span class='ocrx_word' id='word_1_579' title='bbox 443 4380 527 4434; x_wconf 91' lang='grc'>13.</span> <span class='ocrx_word' id='word_1_580' title='bbox 564 4375 850 4431; x_wconf 84' lang='grc' dir='ltr'>Φυλάττου</span> <span class='ocrx_word' id='word_1_581' title='bbox 890 4377 1176 4451; x_wconf 77' lang='grc' dir='ltr'>τοιγαροῦν</span> <span class='ocrx_word' id='word_1_582' title='bbox 1223 4375 1437 4446; x_wconf 83' lang='grc' dir='ltr'>μήποτε</span> <span class='ocrx_word' id='word_1_583' title='bbox 1482 4373 1688 4428; x_wconf 70' lang='grc' dir='ltr'>τούτων</span> <span class='ocrx_word' id='word_1_584' title='bbox 1735 4367 2022 4429; x_wconf 82' lang='grc' dir='ltr'>ἀναλαϐεῖν</span> 
     </span>
    </p>
   </div>
   <div class='ocr_carea' id='block_1_80' title="bbox 369 4458 2028 4539">
    <p class='ocr_par' dir='ltr' id='par_1_80' title="bbox 369 4458 2028 4539">
     <span class='ocr_line' id='line_1_80' title="bbox 369 4458 2028 4539; baseline -0.002 -19"><span class='ocrx_word' id='word_1_585' title='bbox 369 4465 733 4539; x_wconf 74' lang='grc' dir='ltr'>ἐπιθυμήσῃς,</span> <span class='ocrx_word' id='word_1_586' title='bbox 793 4466 868 4519; x_wconf 84' lang='grc' dir='ltr'>ὧν</span> <span class='ocrx_word' id='word_1_587' title='bbox 919 4462 1361 4536; x_wconf 86' lang='grc' dir='ltr'>ἀποτασσόμενος</span> <span class='ocrx_word' id='word_1_588' title='bbox 1423 4458 1830 4530; x_wconf 78' lang='grc' dir='ltr'>ἀποϐέϐληκας.</span> <span class='ocrx_word' id='word_1_589' title='bbox 1884 4463 2028 4517; x_wconf 70' lang='grc' dir='ltr'>Κατὰ</span> 
     </span>
    </p>
   </div>
   <div class='ocr_carea' id='block_1_81' title="bbox 371 4551 2025 4632">
    <p class='ocr_par' dir='ltr' id='par_1_81' title="bbox 371 4551 2025 4632">
     <span class='ocr_line' id='line_1_81' title="bbox 371 4551 2025 4632; baseline -0.004 -22"><span class='ocrx_word' id='word_1_590' title='bbox 371 4556 475 4632; x_wconf 73' lang='grc' dir='ltr'>γὰρ</span> <span class='ocrx_word' id='word_1_591' title='bbox 525 4556 624 4624; x_wconf 81' lang='grc' dir='ltr'>τήν</span> <span class='ocrx_word' id='word_1_592' title='bbox 685 4554 950 4632; x_wconf 84' lang='grc' dir='ltr'>ἀπόφασιν</span> <span class='ocrx_word' id='word_1_593' title='bbox 1007 4557 1106 4608; x_wconf 90' lang='grc' dir='ltr'>τοῦ</span> <span class='ocrx_word' id='word_1_594' title='bbox 1165 4551 1456 4624; x_wconf 85' lang='grc' dir='ltr'>Δεσπότου,</span> <span class='ocrx_word' id='word_1_595' title='bbox 1518 4577 1545 4604; x_wconf 88' lang='grc'>‹‹</span> <span class='ocrx_word' id='word_1_596' title='bbox 1603 4554 1662 4609; x_wconf 89' lang='grc' dir='ltr'>Ὁ</span> <span class='ocrx_word' id='word_1_597' title='bbox 1712 4551 1894 4628; x_wconf 85' lang='grc' dir='ltr'>βαλὼν</span> <span class='ocrx_word' id='word_1_598' title='bbox 1928 4553 2025 4620; x_wconf 76' lang='grc' dir='ltr'>τὴν</span> 
     </span>
    </p>
   </div>
   <div class='ocr_carea' id='block_1_82' title="bbox 2128 3397 3779 3470">
    <p class='ocr_par' dir='ltr' id='par_1_82' title="bbox 2128 3397 3779 3470">
     <span class='ocr_line' id='line_1_82' title="bbox 2128 3397 3779 3470; baseline 0.005 -19"><span class='ocrx_word' id='word_1_599' title='bbox 2128 3404 2246 3465; x_wconf 88' lang='lat' dir='ltr'>tur,</span> <span class='ocrx_word' id='word_1_600' title='bbox 2277 3413 2391 3450; x_wconf 88' lang='lat' dir='ltr'>non</span> <span class='ocrx_word' id='word_1_601' title='bbox 2424 3397 2816 3465; x_wconf 89' lang='lat' dir='ltr'>contentione,</span> <span class='ocrx_word' id='word_1_602' title='bbox 2853 3414 2966 3452; x_wconf 91' lang='lat' dir='ltr'>non</span> <span class='ocrx_word' id='word_1_603' title='bbox 3019 3397 3238 3454; x_wconf 90' lang='lat' dir='ltr'>invidia</span> <span class='ocrx_word' id='word_1_604' title='bbox 3285 3402 3628 3470; x_wconf 85' lang='lat' dir='ltr'>exardescit,</span> <span class='ocrx_word' id='word_1_605' title='bbox 3663 3421 3779 3460; x_wconf 88' lang='lat' dir='ltr'>non</span> 
     </span>
    </p>
   </div>
   <div class='ocr_carea' id='block_1_83' title="bbox 2129 3485 3779 3561">
    <p class='ocr_par' dir='ltr' id='par_1_83' title="bbox 2129 3485 3779 3561">
     <span class='ocr_line' id='line_1_83' title="bbox 2129 3485 3779 3561; baseline 0.004 -20"><span class='ocrx_word' id='word_1_606' title='bbox 2129 3485 2285 3541; x_wconf 89' lang='lat' dir='ltr'>dolet</span> <span class='ocrx_word' id='word_1_607' title='bbox 2315 3487 2386 3542; x_wconf 92' lang='lat' dir='ltr'>de</span> <span class='ocrx_word' id='word_1_608' title='bbox 2442 3486 2715 3557; x_wconf 60' lang='lat' dir='ltr'>praesenti</span> <span class='ocrx_word' id='word_1_609' title='bbox 2759 3486 3134 3554; x_wconf 87' lang='lat' dir='ltr'>contumelia,</span> <span class='ocrx_word' id='word_1_610' title='bbox 3185 3505 3300 3543; x_wconf 89' lang='lat' dir='ltr'>non</span> <span class='ocrx_word' id='word_1_611' title='bbox 3353 3491 3779 3561; x_wconf 63' lang='lat' dir='ltr'>prateritarum</span> 
     </span>
    </p>
   </div>
   <div class='ocr_carea' id='block_1_84' title="bbox 2130 3574 3784 3654">
    <p class='ocr_par' dir='ltr' id='par_1_84' title="bbox 2130 3574 3784 3654">
     <span class='ocr_line' id='line_1_84' title="bbox 2130 3574 3784 3654; baseline 0.004 -25"><span class='ocrx_word' id='word_1_612' title='bbox 2130 3575 2403 3630; x_wconf 89' lang='lat' dir='ltr'>meminit</span> <span class='ocrx_word' id='word_1_613' title='bbox 2433 3574 2782 3646; x_wconf 86' lang='lat' dir='ltr'>injuriarum</span> <span class='ocrx_word' id='word_1_614' title='bbox 2821 3593 2833 3630; x_wconf 92' lang='lat'><strong>:</strong></span> <span class='ocrx_word' id='word_1_615' title='bbox 2873 3593 3008 3630; x_wconf 87' lang='lat' dir='ltr'>nam</span> <span class='ocrx_word' id='word_1_616' title='bbox 3045 3581 3176 3648; x_wconf 88' lang='lat' dir='ltr'>post</span> <span class='ocrx_word' id='word_1_617' title='bbox 3223 3578 3462 3648; x_wconf 88' lang='lat' dir='ltr'>paulum</span> <span class='ocrx_word' id='word_1_618' title='bbox 3499 3581 3784 3654; x_wconf 90' lang='lat' dir='ltr'>temporis</span> 
     </span>
    </p>
   </div>
   <div class='ocr_carea' id='block_1_85' title="bbox 2130 3664 3780 3738">
    <p class='ocr_par' dir='ltr' id='par_1_85' title="bbox 2130 3664 3780 3738">
     <span class='ocr_line' id='line_1_85' title="bbox 2130 3664 3780 3738; baseline 0.004 -19"><span class='ocrx_word' id='word_1_619' title='bbox 2130 3665 2304 3719; x_wconf 89' lang='lat' dir='ltr'>ﬁnem</span> <span class='ocrx_word' id='word_1_620' title='bbox 2366 3668 2664 3735; x_wconf 85' lang='lat' dir='ltr'>exspectat</span> <span class='ocrx_word' id='word_1_621' title='bbox 2707 3664 2834 3719; x_wconf 70' lang='lat' dir='ltr'>vitae</span> <span class='ocrx_word' id='word_1_622' title='bbox 2885 3681 3003 3720; x_wconf 62' lang='lat' dir='ltr'>suis</span> <span class='ocrx_word' id='word_1_623' title='bbox 3053 3681 3156 3737; x_wconf 87' lang='lat' dir='ltr'>per</span> <span class='ocrx_word' id='word_1_624' title='bbox 3211 3683 3443 3722; x_wconf 90' lang='lat' dir='ltr'>crucem</span> <span class='ocrx_word' id='word_1_625' title='bbox 3515 3669 3780 3738; x_wconf 89' lang='lat' dir='ltr'>scilicet;</span> 
     </span>
    </p>
   </div>
   <div class='ocr_carea' id='block_1_86' title="bbox 2131 3753 3784 3829">
    <p class='ocr_par' dir='ltr' id='par_1_86' title="bbox 2131 3753 3784 3829">
     <span class='ocr_line' id='line_1_86' title="bbox 2131 3753 3784 3829; baseline 0.003 -19"><span class='ocrx_word' id='word_1_626' title='bbox 2131 3754 2215 3810; x_wconf 90' lang='lat' dir='ltr'>sic</span> <span class='ocrx_word' id='word_1_627' title='bbox 2272 3753 2372 3826; x_wconf 91' lang='lat' dir='ltr'>qui</span> <span class='ocrx_word' id='word_1_628' title='bbox 2455 3755 2681 3810; x_wconf 89' lang='lat' dir='ltr'>sincere</span> <span class='ocrx_word' id='word_1_629' title='bbox 2758 3756 2979 3811; x_wconf 89' lang='lat' dir='ltr'>mundo</span> <span class='ocrx_word' id='word_1_630' title='bbox 3054 3757 3508 3829; x_wconf 84' lang='lat' dir='ltr'>abrenuntiavit,</span> <span class='ocrx_word' id='word_1_631' title='bbox 3569 3764 3625 3814; x_wconf 89' lang='lat' dir='ltr'>et</span> <span class='ocrx_word' id='word_1_632' title='bbox 3684 3760 3784 3815; x_wconf 91' lang='lat' dir='ltr'>Dei</span> 
     </span>
    </p>
   </div>
   <div class='ocr_carea' id='block_1_87' title="bbox 2132 3845 3783 3920">
    <p class='ocr_par' dir='ltr' id='par_1_87' title="bbox 2132 3845 3783 3920">
     <span class='ocr_line' id='line_1_87' title="bbox 2132 3845 3783 3920; baseline 0.003 -20"><span class='ocrx_word' id='word_1_633' title='bbox 2132 3845 2340 3900; x_wconf 90' lang='lat' dir='ltr'>timore</span> <span class='ocrx_word' id='word_1_634' title='bbox 2389 3845 2558 3916; x_wconf 91' lang='lat' dir='ltr'>quasi</span> <span class='ocrx_word' id='word_1_635' title='bbox 2612 3845 2668 3899; x_wconf 92' lang='lat' dir='ltr'>in</span> <span class='ocrx_word' id='word_1_636' title='bbox 2719 3862 2891 3901; x_wconf 89' lang='lat' dir='ltr'>cruce</span> <span class='ocrx_word' id='word_1_637' title='bbox 2942 3846 3205 3903; x_wconf 91' lang='lat' dir='ltr'>conﬁxus</span> <span class='ocrx_word' id='word_1_638' title='bbox 3236 3853 3344 3914; x_wconf 91' lang='lat' dir='ltr'>est,</span> <span class='ocrx_word' id='word_1_639' title='bbox 3379 3848 3625 3920; x_wconf 85' lang='lat' dir='ltr'>hujusce</span> <span class='ocrx_word' id='word_1_640' title='bbox 3655 3851 3783 3906; x_wconf 65' lang='lat' dir='ltr'>vita:</span> 
     </span>
    </p>
   </div>
   <div class='ocr_carea' id='block_1_88' title="bbox 2130 3935 3786 4007">
    <p class='ocr_par' dir='ltr' id='par_1_88' title="bbox 2130 3935 3786 4007">
     <span class='ocr_line' id='line_1_88' title="bbox 2130 3935 3786 4007; baseline 0.003 -18"><span class='ocrx_word' id='word_1_641' title='bbox 2130 3936 2348 3990; x_wconf 88' lang='lat' dir='ltr'>exitum</span> <span class='ocrx_word' id='word_1_642' title='bbox 2383 3935 2648 4006; x_wconf 87' lang='lat' dir='ltr'>quotidie</span> <span class='ocrx_word' id='word_1_643' title='bbox 2675 3948 3042 4007; x_wconf 77' lang='lat' dir='ltr'>exspectans,</span> <span class='ocrx_word' id='word_1_644' title='bbox 3067 3937 3344 3992; x_wconf 90' lang='lat' dir='ltr'>immotas</span> <span class='ocrx_word' id='word_1_645' title='bbox 3372 3943 3431 3994; x_wconf 91' lang='lat' dir='ltr'>et</span> <span class='ocrx_word' id='word_1_646' title='bbox 3461 3938 3786 3994; x_wconf 88' lang='lat' dir='ltr'>imbecillas</span> 
     </span>
    </p>
   </div>
   <div class='ocr_carea' id='block_1_89' title="bbox 2133 4023 3786 4098">
    <p class='ocr_par' dir='ltr' id='par_1_89' title="bbox 2133 4023 3786 4098">
     <span class='ocr_line' id='line_1_89' title="bbox 2133 4023 3786 4098; baseline 0.004 -21"><span class='ocrx_word' id='word_1_647' title='bbox 2133 4023 2311 4078; x_wconf 90' lang='lat' dir='ltr'>habet</span> <span class='ocrx_word' id='word_1_648' title='bbox 2355 4039 2560 4079; x_wconf 90' lang='lat' dir='ltr'>omnes</span> <span class='ocrx_word' id='word_1_649' title='bbox 2609 4025 3116 4096; x_wconf 87' lang='lat' dir='ltr'>concupiscentias</span> <span class='ocrx_word' id='word_1_650' title='bbox 3167 4043 3491 4098; x_wconf 89' lang='lat' dir='ltr'>omnesque</span> <span class='ocrx_word' id='word_1_651' title='bbox 3521 4028 3786 4084; x_wconf 88' lang='lat' dir='ltr'>carnales</span> 
     </span>
    </p>
   </div>
   <div class='ocr_carea' id='block_1_90' title="bbox 2134 4112 2396 4167">
    <p class='ocr_par' dir='ltr' id='par_1_90' title="bbox 2134 4112 2396 4167">
     <span class='ocr_line' id='line_1_90' title="bbox 2134 4112 2396 4167; baseline 0 -1"><span class='ocrx_word' id='word_1_652' title='bbox 2134 4112 2396 4167; x_wconf 77' lang='lat' dir='ltr'>aﬁ‘cctus.</span> 
     </span>
    </p>
   </div>
   <div class='ocr_carea' id='block_1_91' title="bbox 2210 4375 3789 4448">
    <p class='ocr_par' dir='ltr' id='par_1_91' title="bbox 2210 4375 3789 4448">
     <span class='ocr_line' id='line_1_91' title="bbox 2210 4375 3789 4448; baseline 0.003 -16"><span class='ocrx_word' id='word_1_653' title='bbox 2210 4377 2294 4432; x_wconf 90' lang='grc'><strong>13.</strong></span> <span class='ocrx_word' id='word_1_654' title='bbox 2326 4376 2436 4447; x_wconf 83' lang='lat'>(68)</span> <span class='ocrx_word' id='word_1_655' title='bbox 2470 4378 2614 4430; x_wconf 90' lang='lat' dir='ltr'>Cave</span> <span class='ocrx_word' id='word_1_656' title='bbox 2645 4375 2825 4447; x_wconf 85' lang='lat' dir='ltr'>igitur</span> <span class='ocrx_word' id='word_1_657' title='bbox 2857 4393 2926 4431; x_wconf 91' lang='lat' dir='ltr'>ne</span> <span class='ocrx_word' id='word_1_658' title='bbox 2959 4378 3196 4448; x_wconf 88' lang='lat' dir='ltr'>quando</span> <span class='ocrx_word' id='word_1_659' title='bbox 3227 4395 3296 4434; x_wconf 91' lang='lat' dir='ltr'>ea</span> <span class='ocrx_word' id='word_1_660' title='bbox 3329 4395 3628 4435; x_wconf 86' lang='lat' dir='ltr'>resumere</span> <span class='ocrx_word' id='word_1_661' title='bbox 3650 4397 3789 4436; x_wconf 92' lang='lat' dir='ltr'>con-</span> 
     </span>
    </p>
   </div>
   <div class='ocr_carea' id='block_1_92' title="bbox 2137 4464 3789 4538">
    <p class='ocr_par' dir='ltr' id='par_1_92' title="bbox 2137 4464 3789 4538">
     <span class='ocr_line' id='line_1_92' title="bbox 2137 4464 3789 4538; baseline 0.002 -17"><span class='ocrx_word' id='word_1_662' title='bbox 2137 4466 2408 4538; x_wconf 89' lang='lat' dir='ltr'>cupiscas</span> <span class='ocrx_word' id='word_1_663' title='bbox 2431 4481 2555 4535; x_wconf 66' lang='lat' dir='ltr'>quae</span> <span class='ocrx_word' id='word_1_664' title='bbox 2587 4464 2645 4519; x_wconf 91' lang='lat' dir='ltr'>in</span> <span class='ocrx_word' id='word_1_665' title='bbox 2669 4465 3179 4521; x_wconf 88' lang='lat' dir='ltr'>abrenuntiatione</span> <span class='ocrx_word' id='word_1_666' title='bbox 3210 4472 3306 4521; x_wconf 81' lang='lat' dir='ltr'>tua</span> <span class='ocrx_word' id='word_1_667' title='bbox 3337 4467 3789 4524; x_wconf 86' lang='lat' dir='ltr'>dimisisti.Nam</span> 
     </span>
    </p>
   </div>
   <div class='ocr_carea' id='block_1_93' title="bbox 2130 4553 3792 4628">
    <p class='ocr_par' dir='ltr' id='par_1_93' title="bbox 2130 4553 3792 4628">
     <span class='ocr_line' id='line_1_93' title="bbox 2130 4553 3792 4628; baseline 0.003 -19"><span class='ocrx_word' id='word_1_668' title='bbox 2130 4557 2300 4627; x_wconf 86' lang='lat' dir='ltr'>juxta</span> <span class='ocrx_word' id='word_1_669' title='bbox 2331 4553 2563 4610; x_wconf 88' lang='lat' dir='ltr'>Domini</span> <span class='ocrx_word' id='word_1_670' title='bbox 2595 4554 2946 4610; x_wconf 87' lang='lat' dir='ltr'>sententiam</span> <span class='ocrx_word' id='word_1_671' title='bbox 2982 4572 2995 4610; x_wconf 91' lang='lat'><strong>:</strong></span> <span class='ocrx_word' id='word_1_672' title='bbox 3032 4578 3058 4606; x_wconf 85' lang='lat'>«</span> <span class='ocrx_word' id='word_1_673' title='bbox 3085 4555 3193 4620; x_wconf 90' lang='lat' dir='ltr'>Qui</span> <span class='ocrx_word' id='word_1_674' title='bbox 3226 4556 3415 4628; x_wconf 86' lang='lat' dir='ltr'>injicit</span> <span class='ocrx_word' id='word_1_675' title='bbox 3447 4573 3688 4613; x_wconf 86' lang='lat' dir='ltr'>manum</span> <span class='ocrx_word' id='word_1_676' title='bbox 3719 4560 3792 4615; x_wconf 91' lang='lat' dir='ltr'>ad</span> 
     </span>
    </p>
   </div>
   <div class='ocr_carea' id='block_1_94' title="bbox 374 4640 2011 4743">
    <p class='ocr_par' dir='ltr' id='par_1_94' title="bbox 374 4640 2011 4720">
     <span class='ocr_line' id='line_1_94' title="bbox 374 4640 2011 4720; baseline -0.002 -21"><span class='ocrx_word' id='word_1_677' title='bbox 374 4650 536 4720; x_wconf 81' lang='grc' dir='ltr'>χεῖρα</span> <span class='ocrx_word' id='word_1_678' title='bbox 594 4643 675 4699; x_wconf 84' lang='grc' dir='ltr'>ἐπ’</span> <span class='ocrx_word' id='word_1_679' title='bbox 728 4640 976 4718; x_wconf 82' lang='grc' dir='ltr'>ἄροτρον,</span> <span class='ocrx_word' id='word_1_680' title='bbox 1025 4642 1114 4696; x_wconf 83' lang='grc' dir='ltr'>καὶ</span> <span class='ocrx_word' id='word_1_681' title='bbox 1174 4642 1390 4719; x_wconf 73' lang='grc' dir='ltr'>παφεὲς</span> <span class='ocrx_word' id='word_1_682' title='bbox 1450 4641 1526 4704; x_wconf 81' lang='grc' dir='ltr'>εἷς</span> <span class='ocrx_word' id='word_1_683' title='bbox 1583 4643 1648 4695; x_wconf 66' lang='grc' dir='ltr'>τὸ.</span> <span class='ocrx_word' id='word_1_684' title='bbox 1701 4641 1896 4710; x_wconf 84' lang='grc' dir='ltr'>ὀπίσω,</span> <span class='ocrx_word' id='word_1_685' title='bbox 1931 4641 2011 4696; x_wconf 66' lang='grc' dir='ltr'>οὐ)</span> 
     </span>
    </p>
   </div>
   <div class='ocr_carea' id='block_1_95' title="bbox 2123 4640 3794 4743">
    <p class='ocr_par' dir='ltr' id='par_1_95' title="bbox 2139 4643 3794 4717">
     <span class='ocr_line' id='line_1_95' title="bbox 2139 4643 3794 4717; baseline 0.002 -18"><span class='ocrx_word' id='word_1_686' title='bbox 2139 4650 2401 4699; x_wconf 88' lang='lat' dir='ltr'>aratrum</span> <span class='ocrx_word' id='word_1_687' title='bbox 2433 4647 2490 4699; x_wconf 91' lang='lat' dir='ltr'>et</span> <span class='ocrx_word' id='word_1_688' title='bbox 2518 4647 2668 4698; x_wconf 91' lang='lat' dir='ltr'>retro</span> <span class='ocrx_word' id='word_1_689' title='bbox 2701 4643 3078 4710; x_wconf 86' lang='lat' dir='ltr'>convertitur,</span> <span class='ocrx_word' id='word_1_690' title='bbox 3115 4661 3230 4700; x_wconf 88' lang='lat' dir='ltr'>non</span> <span class='ocrx_word' id='word_1_691' title='bbox 3263 4651 3356 4701; x_wconf 91' lang='lat' dir='ltr'>est</span> <span class='ocrx_word' id='word_1_692' title='bbox 3400 4652 3574 4717; x_wconf 87' lang='lat' dir='ltr'>aptus</span> <span class='ocrx_word' id='word_1_693' title='bbox 3603 4647 3673 4702; x_wconf 90' lang='lat' dir='ltr'>ad</span> <span class='ocrx_word' id='word_1_694' title='bbox 3707 4664 3794 4704; x_wconf 90' lang='lat' dir='ltr'>re-</span> 
     </span>
    </p>
   </div>
   <div class='ocr_carea' id='block_1_96' title="bbox 377 4729 2032 4805">
    <p class='ocr_par' dir='ltr' id='par_1_96' title="bbox 377 4729 2032 4805">
     <span class='ocr_line' id='line_1_96' title="bbox 377 4729 2032 4805; baseline -0.002 -17"><span class='ocrx_word' id='word_1_695' title='bbox 377 4731 590 4794; x_wconf 75' lang='grc' dir='ltr'>εὐθετός</span> <span class='ocrx_word' id='word_1_696' title='bbox 637 4733 778 4788; x_wconf 86' lang='grc' dir='ltr'>ἐστιν</span> <span class='ocrx_word' id='word_1_697' title='bbox 840 4732 914 4794; x_wconf 81' lang='grc' dir='ltr'>είς</span> <span class='ocrx_word' id='word_1_698' title='bbox 964 4733 1062 4800; x_wconf 77' lang='grc' dir='ltr'>τὴν</span> <span class='ocrx_word' id='word_1_699' title='bbox 1117 4729 1390 4804; x_wconf 86' lang='grc' dir='ltr'>βασιλείαν</span> <span class='ocrx_word' id='word_1_700' title='bbox 1442 4735 1549 4785; x_wconf 89' lang='grc' dir='ltr'>τῶν</span> <span class='ocrx_word' id='word_1_701' title='bbox 1584 4731 1844 4805; x_wconf 81' lang='grc' dir='ltr'>οὐρανῶν·</span> <span class='ocrx_word' id='word_1_702' title='bbox 1882 4731 2032 4786; x_wconf 82' lang='grc' dir='ltr'>»καὶ</span> 
     </span>
    </p>
   </div>
   <div class='ocr_carea' id='block_1_97' title="bbox 380 4819 2034 4898">
    <p class='ocr_par' dir='ltr' id='par_1_97' title="bbox 380 4819 2034 4898">
     <span class='ocr_line' id='line_1_97' title="bbox 380 4819 2034 4898; baseline -0.001 -22"><span class='ocrx_word' id='word_1_703' title='bbox 380 4823 408 4876; x_wconf 89' lang='lat'>6</span> <span class='ocrx_word' id='word_1_704' title='bbox 439 4823 575 4898; x_wconf 71' lang='grc' dir='ltr'>πρὸς</span> <span class='ocrx_word' id='word_1_705' title='bbox 632 4823 698 4876; x_wconf 74' lang='grc' dir='ltr'>τά</span> <span class='ocrx_word' id='word_1_706' title='bbox 728 4821 953 4876; x_wconf 86' lang='grc' dir='ltr'>ταπεινά</span> <span class='ocrx_word' id='word_1_707' title='bbox 1005 4841 1063 4875; x_wconf 88' lang='grc' dir='ltr'>τε</span> <span class='ocrx_word' id='word_1_708' title='bbox 1106 4819 1196 4874; x_wconf 90' lang='grc' dir='ltr'>καὶ</span> <span class='ocrx_word' id='word_1_709' title='bbox 1234 4822 1396 4896; x_wconf 85' lang='grc' dir='ltr'>γήϊνα</span> <span class='ocrx_word' id='word_1_710' title='bbox 1441 4825 1539 4874; x_wconf 92' lang='grc' dir='ltr'>τοῦ</span> <span class='ocrx_word' id='word_1_711' title='bbox 1589 4820 1798 4893; x_wconf 87' lang='grc' dir='ltr'>κόσμου</span> <span class='ocrx_word' id='word_1_712' title='bbox 1837 4819 2034 4876; x_wconf 72' lang='grc' dir='ltr'>τούτου</span> 
     </span>
    </p>
   </div>
   <div class='ocr_carea' id='block_1_98' title="bbox 381 4904 2030 4985">
    <p class='ocr_par' dir='ltr' id='par_1_98' title="bbox 381 4904 2030 4985">
     <span class='ocr_line' id='line_1_98' title="bbox 381 4904 2030 4985; baseline -0.001 -22"><span class='ocrx_word' id='word_1_713' title='bbox 381 4909 674 4985; x_wconf 66' lang='grc' dir='ltr'>πράγματα</span> <span class='ocrx_word' id='word_1_714' title='bbox 733 4910 840 4964; x_wconf 82' lang='grc' dir='ltr'>ἀπὸ</span> <span class='ocrx_word' id='word_1_715' title='bbox 910 4915 1010 4977; x_wconf 75' lang='grc' dir='ltr'>τῆς</span> <span class='ocrx_word' id='word_1_716' title='bbox 1074 4905 1294 4981; x_wconf 79' lang='grc' dir='ltr'>ὑψηλῆς</span> <span class='ocrx_word' id='word_1_717' title='bbox 1361 4907 1640 4969; x_wconf 85' lang='grc' dir='ltr'>πολιτείας</span> <span class='ocrx_word' id='word_1_718' title='bbox 1693 4904 2030 4963; x_wconf 86' lang='grc' dir='ltr'>καταϐαίνων</span> 
     </span>
    </p>
   </div>
   <div class='ocr_carea' id='block_1_99' title="bbox 383 4993 2032 5074">
    <p class='ocr_par' dir='ltr' id='par_1_99' title="bbox 383 4993 2032 5074">
     <span class='ocr_line' id='line_1_99' title="bbox 383 4993 2032 5074; baseline 0 -23"><span class='ocrx_word' id='word_1_719' title='bbox 383 4995 548 5052; x_wconf 84' lang='grc' dir='ltr'>πάλιν</span> <span class='ocrx_word' id='word_1_720' title='bbox 581 5000 706 5074; x_wconf 90' lang='grc' dir='ltr'>παρ’</span> <span class='ocrx_word' id='word_1_721' title='bbox 755 4996 982 5067; x_wconf 74' lang='grc' dir='ltr'>ἐντολὴν</span> <span class='ocrx_word' id='word_1_722' title='bbox 1031 5002 1127 5052; x_wconf 89' lang='grc' dir='ltr'>τοῦ</span> <span class='ocrx_word' id='word_1_723' title='bbox 1159 4999 1397 5073; x_wconf 87' lang='grc' dir='ltr'>Χριστοῦ</span> <span class='ocrx_word' id='word_1_724' title='bbox 1428 4999 1671 5072; x_wconf 78' lang='grc' dir='ltr'>πράττει,</span> <span class='ocrx_word' id='word_1_725' title='bbox 1700 5001 1798 5052; x_wconf 87' lang='grc' dir='ltr'>τοῦ</span> <span class='ocrx_word' id='word_1_726' title='bbox 1848 4993 2032 5070; x_wconf 78' lang='grc' dir='ltr'>δώμα-</span> 
     </span>
    </p>
   </div>
   <div class='ocr_carea' id='block_1_100' title="bbox 385 5082 2035 5162">
    <p class='ocr_par' dir='ltr' id='par_1_100' title="bbox 385 5082 2035 5162">
     <span class='ocr_line' id='line_1_100' title="bbox 385 5082 2035 5162; baseline -0.001 -20"><span class='ocrx_word' id='word_1_727' title='bbox 385 5107 477 5148; x_wconf 85' lang='grc' dir='ltr'>τος</span> <span class='ocrx_word' id='word_1_728' title='bbox 522 5083 884 5156; x_wconf 86' lang='grc' dir='ltr'>καταϐαίνων,</span> <span class='ocrx_word' id='word_1_729' title='bbox 935 5086 1026 5141; x_wconf 81' lang='grc' dir='ltr'>καὶ</span> <span class='ocrx_word' id='word_1_730' title='bbox 1081 5085 1204 5162; x_wconf 83' lang='grc' dir='ltr'>ἇραί</span> <span class='ocrx_word' id='word_1_731' title='bbox 1250 5107 1302 5140; x_wconf 91' lang='grc' dir='ltr'>τι</span> <span class='ocrx_word' id='word_1_732' title='bbox 1350 5090 1456 5140; x_wconf 88' lang='grc' dir='ltr'>τῶν</span> <span class='ocrx_word' id='word_1_733' title='bbox 1505 5090 1604 5140; x_wconf 90' lang='grc' dir='ltr'>τοῦ</span> <span class='ocrx_word' id='word_1_734' title='bbox 1635 5082 1786 5140; x_wconf 66' lang='grc' dir='ltr'>οτκου</span> <span class='ocrx_word' id='word_1_735' title='bbox 1820 5086 2035 5162; x_wconf 82' lang='grc' dir='ltr'>ἐπιχει-</span> 
     </span>
    </p>
   </div>
   <div class='ocr_carea' id='block_1_101' title="bbox 385 5174 2034 5250">
    <p class='ocr_par' dir='ltr' id='par_1_101' title="bbox 385 5174 2034 5250">
     <span class='ocr_line' id='line_1_101' title="bbox 385 5174 2034 5250; baseline -0.001 -20"><span class='ocrx_word' id='word_1_736' title='bbox 385 5179 516 5249; x_wconf 87' lang='grc' dir='ltr'>ρῶν.</span> <span class='ocrx_word' id='word_1_737' title='bbox 567 5176 854 5232; x_wconf 86' lang='grc' dir='ltr'>Φυλάττου</span> <span class='ocrx_word' id='word_1_738' title='bbox 899 5174 1076 5231; x_wconf 88' lang='grc' dir='ltr'>τοίνυν</span> <span class='ocrx_word' id='word_1_739' title='bbox 1124 5175 1226 5247; x_wconf 76' lang='grc' dir='ltr'>μὴ,</span> <span class='ocrx_word' id='word_1_740' title='bbox 1275 5181 1377 5245; x_wconf 84' lang='grc' dir='ltr'>τῆς</span> <span class='ocrx_word' id='word_1_741' title='bbox 1418 5179 1526 5229; x_wconf 86' lang='grc' dir='ltr'>τῶν</span> <span class='ocrx_word' id='word_1_742' title='bbox 1575 5174 1710 5229; x_wconf 86' lang='grc' dir='ltr'>κατᾶ</span> <span class='ocrx_word' id='word_1_743' title='bbox 1739 5174 1906 5248; x_wconf 80' lang='grc' dir='ltr'>σάρκα</span> <span class='ocrx_word' id='word_1_744' title='bbox 1938 5197 2034 5250; x_wconf 92' lang='grc' dir='ltr'>γο-</span> 
     </span>
    </p>
   </div>
   <div class='ocr_carea' id='block_1_102' title="bbox 385 5263 2035 5342">
    <p class='ocr_par' dir='ltr' id='par_1_102' title="bbox 385 5263 2035 5342">
     <span class='ocr_line' id='line_1_102' title="bbox 385 5263 2035 5342; baseline 0.001 -24"><span class='ocrx_word' id='word_1_745' title='bbox 385 5263 516 5319; x_wconf 89' lang='grc' dir='ltr'>νέων</span> <span class='ocrx_word' id='word_1_746' title='bbox 567 5266 800 5342; x_wconf 83' lang='grc' dir='ltr'>ἀρχαίας</span> <span class='ocrx_word' id='word_1_747' title='bbox 849 5263 1137 5328; x_wconf 78' lang='grc' dir='ltr'>διαθέσεως</span> <span class='ocrx_word' id='word_1_748' title='bbox 1208 5264 1590 5338; x_wconf 75' lang='grc' dir='ltr'>ἀναμνησθεῖς,</span> <span class='ocrx_word' id='word_1_749' title='bbox 1639 5264 1890 5340; x_wconf 70' lang='grc' dir='ltr'>καὶπρὸς</span> <span class='ocrx_word' id='word_1_750' title='bbox 1939 5265 2035 5327; x_wconf 73' lang='grc' dir='ltr'>τὰς</span> 
     </span>
    </p>
   </div>
   <div class='ocr_carea' id='block_1_103' title="bbox 387 5351 2035 5432">
    <p class='ocr_par' dir='ltr' id='par_1_103' title="bbox 387 5351 2035 5432">
     <span class='ocr_line' id='line_1_103' title="bbox 387 5351 2035 5432; baseline -0.001 -24"><span class='ocrx_word' id='word_1_751' title='bbox 387 5352 673 5430; x_wconf 81' lang='grc' dir='ltr'>φροντίδας</span> <span class='ocrx_word' id='word_1_752' title='bbox 701 5359 798 5409; x_wconf 89' lang='grc' dir='ltr'>τοῦ</span> <span class='ocrx_word' id='word_1_753' title='bbox 841 5355 1041 5416; x_wconf 70' lang='grc' dir='ltr'>αἰῶνος</span> <span class='ocrx_word' id='word_1_754' title='bbox 1087 5351 1283 5408; x_wconf 81' lang='grc' dir='ltr'>τούτου</span> <span class='ocrx_word' id='word_1_755' title='bbox 1341 5351 1706 5432; x_wconf 76' lang='grc' dir='ltr'>ἐπιστραφεὶς,</span> <span class='ocrx_word' id='word_1_756' title='bbox 1755 5352 2035 5418; x_wconf 78' lang='grc' dir='ltr'>ἀνεύθετος</span> 
     </span>
    </p>
   </div>
   <div class='ocr_carea' id='block_1_104' title="bbox 387 5440 2038 5522">
    <p class='ocr_par' dir='ltr' id='par_1_104' title="bbox 387 5440 2038 5522">
     <span class='ocr_line' id='line_1_104' title="bbox 387 5440 2038 5522; baseline 0.001 -25"><span class='ocrx_word' id='word_1_757' title='bbox 387 5440 606 5520; x_wconf 71' lang='grc' dir='ltr'>εὑρεθῇς</span> <span class='ocrx_word' id='word_1_758' title='bbox 637 5444 774 5500; x_wconf 74' lang='grc' dir='ltr'>κατὰ</span> <span class='ocrx_word' id='word_1_759' title='bbox 825 5445 927 5513; x_wconf 82' lang='grc' dir='ltr'>τήν</span> <span class='ocrx_word' id='word_1_760' title='bbox 954 5448 1052 5498; x_wconf 92' lang='grc' dir='ltr'>τοῦ</span> <span class='ocrx_word' id='word_1_761' title='bbox 1084 5441 1285 5516; x_wconf 84' lang='grc' dir='ltr'>Κυρίου</span> <span class='ocrx_word' id='word_1_762' title='bbox 1331 5444 1515 5522; x_wconf 72' lang='grc' dir='ltr'>φωνὴν</span> <span class='ocrx_word' id='word_1_763' title='bbox 1550 5442 1602 5498; x_wconf 79' lang='grc' dir='ltr'>ἐν</span> <span class='ocrx_word' id='word_1_764' title='bbox 1659 5446 1727 5518; x_wconf 77' lang='grc' dir='ltr'>τῇ</span> <span class='ocrx_word' id='word_1_765' title='bbox 1788 5443 2038 5519; x_wconf 72' lang='grc' dir='ltr'>βασιλείᾳ</span> 
     </span>
    </p>
   </div>
   <div class='ocr_carea' id='block_1_105' title="bbox 456 5596 1783 5670">
    <p class='ocr_par' dir='ltr' id='par_1_105' title="bbox 456 5596 1783 5670">
     <span class='ocr_line' id='line_1_105' title="bbox 456 5596 1783 5670; baseline 0 -16"><span class='ocrx_word' id='word_1_766' title='bbox 456 5599 502 5633; x_wconf 67' lang='grc'>³⁸</span> <span class='ocrx_word' id='word_1_767' title='bbox 531 5599 748 5656; x_wconf 83' lang='lat' dir='ltr'>Jerem.</span> <span class='ocrx_word' id='word_1_768' title='bbox 781 5614 974 5670; x_wconf 79' lang='lat' dir='ltr'>XLVIII,</span> <span class='ocrx_word' id='word_1_769' title='bbox 1008 5597 1095 5652; x_wconf 93' lang='grc'>10.</span> <span class='ocrx_word' id='word_1_770' title='bbox 1171 5596 1216 5631; x_wconf 71' lang='grc'>³⁸</span> <span class='ocrx_word' id='word_1_771' title='bbox 1245 5597 1400 5652; x_wconf 88' lang='lat' dir='ltr'>Psal.</span> <span class='ocrx_word' id='word_1_772' title='bbox 1433 5613 1628 5664; x_wconf 84' lang='lat' dir='ltr'>cxvm,</span> <span class='ocrx_word' id='word_1_773' title='bbox 1659 5599 1783 5654; x_wconf 68' lang='grc'>420.</span> 
     </span>
    </p>
   </div>
   <div class='ocr_carea' id='block_1_106' title="bbox 463 5739 1724 5815">
    <p class='ocr_par' dir='ltr' id='par_1_106' title="bbox 463 5739 1724 5815">
     <span class='ocr_line' id='line_1_106' title="bbox 463 5739 1724 5815; baseline 0 -18"><span class='ocrx_word' id='word_1_774' title='bbox 463 5743 574 5815; x_wconf 88' lang='grc'>(67)</span> <span class='ocrx_word' id='word_1_775' title='bbox 603 5743 869 5800; x_wconf 86' lang='lat' dir='ltr'>Gassian.</span> <span class='ocrx_word' id='word_1_776' title='bbox 898 5743 1144 5800; x_wconf 73' lang='lat' dir='ltr'>Institut.</span> <span class='ocrx_word' id='word_1_777' title='bbox 1176 5739 1279 5796; x_wconf 89' lang='lat' dir='ltr'>lib.</span> <span class='ocrx_word' id='word_1_778' title='bbox 1316 5758 1392 5810; x_wconf 82' lang='grc' dir='ltr'>ιν,</span> <span class='ocrx_word' id='word_1_779' title='bbox 1426 5757 1478 5798; x_wconf 90' lang='lat' dir='ltr'>c.</span> <span class='ocrx_word' id='word_1_780' title='bbox 1514 5742 1603 5812; x_wconf 82' lang='grc'>34,</span> <span class='ocrx_word' id='word_1_781' title='bbox 1636 5743 1724 5798; x_wconf 88' lang='grc'>35.</span> 
     </span>
    </p>
   </div>
   <div class='ocr_carea' id='block_1_107' title="bbox 1860 5599 2304 5669">
    <p class='ocr_par' dir='ltr' id='par_1_107' title="bbox 1860 5599 2304 5669">
     <span class='ocr_line' id='line_1_107' title="bbox 1860 5599 2304 5669; baseline 0.002 -17"><span class='ocrx_word' id='word_1_782' title='bbox 1860 5599 1904 5633; x_wconf 75' lang='grc'>³⁷</span> <span class='ocrx_word' id='word_1_783' title='bbox 1941 5599 2070 5653; x_wconf 87' lang='lat' dir='ltr'>Luc.</span> <span class='ocrx_word' id='word_1_784' title='bbox 2102 5615 2180 5669; x_wconf 79' lang='lat' dir='ltr'>xx,</span> <span class='ocrx_word' id='word_1_785' title='bbox 2211 5599 2304 5653; x_wconf 84' lang='lat'>62.</span> 
     </span>
    </p>
   </div>
   <div class='ocr_carea' id='block_1_108' title="bbox 2143 4732 3800 4807">
    <p class='ocr_par' dir='ltr' id='par_1_108' title="bbox 2143 4732 3800 4807">
     <span class='ocr_line' id='line_1_108' title="bbox 2143 4732 3800 4807; baseline 0.003 -19"><span class='ocrx_word' id='word_1_786' title='bbox 2143 4751 2326 4807; x_wconf 86' lang='lat' dir='ltr'>gnum</span> <span class='ocrx_word' id='word_1_787' title='bbox 2359 4732 2633 4788; x_wconf 81' lang='lat' dir='ltr'>ccelorum</span> <span class='ocrx_word' id='word_1_788' title='bbox 2658 4734 2722 4802; x_wconf 77' lang='grc'>’⁷,</span> <span class='ocrx_word' id='word_1_789' title='bbox 2751 4754 2778 4781; x_wconf 85' lang='grc'><strong>››</strong></span> <span class='ocrx_word' id='word_1_790' title='bbox 2800 4737 2857 4788; x_wconf 89' lang='lat' dir='ltr'>et</span> <span class='ocrx_word' id='word_1_791' title='bbox 2878 4733 2979 4804; x_wconf 90' lang='lat' dir='ltr'>qui</span> <span class='ocrx_word' id='word_1_792' title='bbox 3003 4750 3066 4789; x_wconf 85' lang='lat' dir='ltr'>ex</span> <span class='ocrx_word' id='word_1_793' title='bbox 3099 4733 3341 4790; x_wconf 91' lang='lat' dir='ltr'>sublimi</span> <span class='ocrx_word' id='word_1_794' title='bbox 3372 4735 3500 4791; x_wconf 71' lang='lat' dir='ltr'>vitae</span> <span class='ocrx_word' id='word_1_795' title='bbox 3526 4735 3800 4793; x_wconf 90' lang='lat' dir='ltr'>instituto</span> 
     </span>
    </p>
   </div>
   <div class='ocr_carea' id='block_1_109' title="bbox 2145 4821 3803 4894">
    <p class='ocr_par' dir='ltr' id='par_1_109' title="bbox 2145 4821 3803 4894">
     <span class='ocr_line' id='line_1_109' title="bbox 2145 4821 3803 4894; baseline 0.002 -16"><span class='ocrx_word' id='word_1_796' title='bbox 2145 4824 2216 4878; x_wconf 89' lang='lat' dir='ltr'>ad</span> <span class='ocrx_word' id='word_1_797' title='bbox 2253 4822 2396 4877; x_wconf 89' lang='lat' dir='ltr'>viles</span> <span class='ocrx_word' id='word_1_798' title='bbox 2424 4839 2490 4876; x_wconf 89' lang='lat' dir='ltr'>ac</span> <span class='ocrx_word' id='word_1_799' title='bbox 2520 4827 2782 4877; x_wconf 89' lang='lat' dir='ltr'>terrenas</span> <span class='ocrx_word' id='word_1_800' title='bbox 2820 4821 2999 4894; x_wconf 87' lang='lat' dir='ltr'>hujus</span> <span class='ocrx_word' id='word_1_801' title='bbox 3031 4822 3235 4878; x_wconf 90' lang='lat' dir='ltr'>mundi</span> <span class='ocrx_word' id='word_1_802' title='bbox 3269 4841 3362 4880; x_wconf 91' lang='lat' dir='ltr'>res</span> <span class='ocrx_word' id='word_1_803' title='bbox 3392 4826 3717 4893; x_wconf 88' lang='lat' dir='ltr'>descendit,</span> <span class='ocrx_word' id='word_1_804' title='bbox 3751 4826 3803 4882; x_wconf 88' lang='lat' dir='ltr'>is</span> 
     </span>
    </p>
   </div>
   <div class='ocr_carea' id='block_1_110' title="bbox 2145 4910 3804 4984">
    <p class='ocr_par' dir='ltr' id='par_1_110' title="bbox 2145 4910 3804 4984">
     <span class='ocr_line' id='line_1_110' title="bbox 2145 4910 3804 4984; baseline 0.001 -18"><span class='ocrx_word' id='word_1_805' title='bbox 2145 4915 2351 4966; x_wconf 85' lang='lat' dir='ltr'>contra</span> <span class='ocrx_word' id='word_1_806' title='bbox 2380 4910 2613 4966; x_wconf 88' lang='lat' dir='ltr'>Domini</span> <span class='ocrx_word' id='word_1_807' title='bbox 2647 4916 2998 4982; x_wconf 64' lang='lat' dir='ltr'>praeceptum</span> <span class='ocrx_word' id='word_1_808' title='bbox 3025 4911 3147 4984; x_wconf 80' lang='lat' dir='ltr'>agit</span> <span class='ocrx_word' id='word_1_809' title='bbox 3165 4912 3372 4983; x_wconf 69' lang='lat' dir='ltr'>’3,cum</span> <span class='ocrx_word' id='word_1_810' title='bbox 3405 4931 3470 4968; x_wconf 88' lang='lat' dir='ltr'>ex</span> <span class='ocrx_word' id='word_1_811' title='bbox 3505 4915 3678 4968; x_wconf 91' lang='lat' dir='ltr'>domo</span> <span class='ocrx_word' id='word_1_812' title='bbox 3712 4914 3804 4968; x_wconf 91' lang='lat' dir='ltr'>de-</span> 
     </span>
    </p>
   </div>
   <div class='ocr_carea' id='block_1_111' title="bbox 2145 4999 3804 5072">
    <p class='ocr_par' dir='ltr' id='par_1_111' title="bbox 2145 4999 3804 5072">
     <span class='ocr_line' id='line_1_111' title="bbox 2145 4999 3804 5072; baseline 0.001 -16"><span class='ocrx_word' id='word_1_813' title='bbox 2145 4999 2393 5067; x_wconf 90' lang='lat' dir='ltr'>scendit,</span> <span class='ocrx_word' id='word_1_814' title='bbox 2428 5004 2484 5054; x_wconf 87' lang='lat' dir='ltr'>et</span> <span class='ocrx_word' id='word_1_815' title='bbox 2515 5004 2759 5055; x_wconf 90' lang='lat' dir='ltr'>conatur</span> <span class='ocrx_word' id='word_1_816' title='bbox 2787 4999 3011 5072; x_wconf 88' lang='lat' dir='ltr'>aliquid</span> <span class='ocrx_word' id='word_1_817' title='bbox 3043 5017 3111 5056; x_wconf 83' lang='lat' dir='ltr'>ex</span> <span class='ocrx_word' id='word_1_818' title='bbox 3160 5002 3335 5057; x_wconf 89' lang='lat' dir='ltr'>domo</span> <span class='ocrx_word' id='word_1_819' title='bbox 3377 5003 3623 5058; x_wconf 83' lang='lat' dir='ltr'>auferre.</span> <span class='ocrx_word' id='word_1_820' title='bbox 3655 5003 3804 5058; x_wconf 86' lang='lat' dir='ltr'>Cave</span> 
     </span>
    </p>
   </div>
   <div class='ocr_carea' id='block_1_112' title="bbox 2146 5087 3802 5161">
    <p class='ocr_par' dir='ltr' id='par_1_112' title="bbox 2146 5087 3802 5161">
     <span class='ocr_line' id='line_1_112' title="bbox 2146 5087 3802 5161; baseline 0.001 -17"><span class='ocrx_word' id='word_1_821' title='bbox 2146 5090 2344 5160; x_wconf 87' lang='lat' dir='ltr'>itaque</span> <span class='ocrx_word' id='word_1_822' title='bbox 2375 5105 2446 5144; x_wconf 90' lang='lat' dir='ltr'>ne</span> <span class='ocrx_word' id='word_1_823' title='bbox 2493 5087 2717 5159; x_wconf 87' lang='lat' dir='ltr'>antiqui</span> <span class='ocrx_word' id='word_1_824' title='bbox 2757 5090 2842 5144; x_wconf 93' lang='lat' dir='ltr'>tui</span> <span class='ocrx_word' id='word_1_825' title='bbox 2893 5106 3029 5161; x_wconf 88' lang='lat' dir='ltr'>erga</span> <span class='ocrx_word' id='word_1_826' title='bbox 3071 5091 3336 5146; x_wconf 89' lang='lat' dir='ltr'>carnales</span> <span class='ocrx_word' id='word_1_827' title='bbox 3368 5095 3633 5160; x_wconf 84' lang='lat' dir='ltr'>parentes</span> <span class='ocrx_word' id='word_1_828' title='bbox 3665 5091 3802 5146; x_wconf 75' lang='lat' dir='ltr'>affe-</span> 
     </span>
    </p>
   </div>
   <div class='ocr_carea' id='block_1_113' title="bbox 2147 5175 3802 5249">
    <p class='ocr_par' dir='ltr' id='par_1_113' title="bbox 2147 5175 3802 5249">
     <span class='ocr_line' id='line_1_113' title="bbox 2147 5175 3802 5249; baseline 0 -15"><span class='ocrx_word' id='word_1_829' title='bbox 2147 5183 2279 5234; x_wconf 90' lang='lat' dir='ltr'>ctus</span> <span class='ocrx_word' id='word_1_830' title='bbox 2319 5178 2680 5242; x_wconf 85' lang='lat' dir='ltr'>recordatus,</span> <span class='ocrx_word' id='word_1_831' title='bbox 2725 5183 2784 5233; x_wconf 91' lang='lat' dir='ltr'>et</span> <span class='ocrx_word' id='word_1_832' title='bbox 2815 5175 2885 5233; x_wconf 87' lang='lat' dir='ltr'>ad</span> <span class='ocrx_word' id='word_1_833' title='bbox 2921 5178 3119 5233; x_wconf 65' lang='lat' dir='ltr'>saeculi</span> <span class='ocrx_word' id='word_1_834' title='bbox 3169 5178 3418 5249; x_wconf 86' lang='lat' dir='ltr'>hujusce</span> <span class='ocrx_word' id='word_1_835' title='bbox 3459 5195 3630 5234; x_wconf 87' lang='lat' dir='ltr'>curas</span> <span class='ocrx_word' id='word_1_836' title='bbox 3664 5194 3802 5234; x_wconf 88' lang='lat' dir='ltr'>con-</span> 
     </span>
    </p>
   </div>
   <div class='ocr_carea' id='block_1_114' title="bbox 2146 5267 3806 5339">
    <p class='ocr_par' dir='ltr' id='par_1_114' title="bbox 2146 5267 3806 5339">
     <span class='ocr_line' id='line_1_114' title="bbox 2146 5267 3806 5339; baseline 0.002 -17"><span class='ocrx_word' id='word_1_837' title='bbox 2146 5283 2372 5336; x_wconf 87' lang='lat' dir='ltr'>versus,</span> <span class='ocrx_word' id='word_1_838' title='bbox 2406 5284 2519 5323; x_wconf 89' lang='lat' dir='ltr'>non</span> <span class='ocrx_word' id='word_1_839' title='bbox 2554 5271 2727 5339; x_wconf 89' lang='lat' dir='ltr'>aptus</span> <span class='ocrx_word' id='word_1_840' title='bbox 2759 5268 2928 5339; x_wconf 86' lang='lat' dir='ltr'>juxta</span> <span class='ocrx_word' id='word_1_841' title='bbox 2969 5267 3199 5323; x_wconf 88' lang='lat' dir='ltr'>Domini</span> <span class='ocrx_word' id='word_1_842' title='bbox 3251 5283 3448 5322; x_wconf 85' lang='lat' dir='ltr'>vocem</span> <span class='ocrx_word' id='word_1_843' title='bbox 3490 5267 3806 5325; x_wconf 88' lang='lat' dir='ltr'>inveniaris</span> 
     </span>
    </p>
   </div>
   <div class='ocr_carea' id='block_1_115' title="bbox 2147 5355 3805 5428">
    <p class='ocr_par' dir='ltr' id='par_1_115' title="bbox 2147 5355 3805 5428">
     <span class='ocr_line' id='line_1_115' title="bbox 2147 5355 3805 5428; baseline 0 -18"><span class='ocrx_word' id='word_1_844' title='bbox 2147 5356 2208 5411; x_wconf 91' lang='lat' dir='ltr'>in</span> <span class='ocrx_word' id='word_1_845' title='bbox 2269 5373 2448 5428; x_wconf 85' lang='lat' dir='ltr'>regno</span> <span class='ocrx_word' id='word_1_846' title='bbox 2502 5355 2802 5412; x_wconf 73' lang='lat' dir='ltr'>cmlorum.</span> <span class='ocrx_word' id='word_1_847' title='bbox 2859 5361 3003 5412; x_wconf 86' lang='lat' dir='ltr'>Cave</span> <span class='ocrx_word' id='word_1_848' title='bbox 3067 5373 3137 5410; x_wconf 90' lang='lat' dir='ltr'>ne</span> <span class='ocrx_word' id='word_1_849' title='bbox 3205 5355 3566 5428; x_wconf 87' lang='lat' dir='ltr'>superbiam,</span> <span class='ocrx_word' id='word_1_850' title='bbox 3625 5372 3805 5427; x_wconf 78' lang='lat' dir='ltr'>quam</span> 
     </span>
    </p>
   </div>
   <div class='ocr_carea' id='block_1_116' title="bbox 2149 5442 3806 5518">
    <p class='ocr_par' dir='ltr' id='par_1_116' title="bbox 2149 5442 3806 5518">
     <span class='ocr_line' id='line_1_116' title="bbox 2149 5442 3806 5518; baseline 0.002 -19"><span class='ocrx_word' id='word_1_851' title='bbox 2149 5444 2315 5501; x_wconf 86' lang='lat' dir='ltr'>initio</span> <span class='ocrx_word' id='word_1_852' title='bbox 2340 5461 2443 5518; x_wconf 91' lang='lat' dir='ltr'>per</span> <span class='ocrx_word' id='word_1_853' title='bbox 2463 5444 2823 5502; x_wconf 85' lang='lat' dir='ltr'>humilitatis</span> <span class='ocrx_word' id='word_1_854' title='bbox 2848 5446 3129 5501; x_wconf 88' lang='lat' dir='ltr'>fervorem</span> <span class='ocrx_word' id='word_1_855' title='bbox 3154 5442 3534 5511; x_wconf 85' lang='lat' dir='ltr'>conculcasti,</span> <span class='ocrx_word' id='word_1_856' title='bbox 3567 5461 3806 5503; x_wconf 86' lang='lat' dir='ltr'>rursum</span> 
     </span>
    </p>
   </div>
   <div class='ocr_carea' id='block_1_117' title="bbox 2383 5597 2892 5667">
    <p class='ocr_par' dir='ltr' id='par_1_117' title="bbox 2383 5597 2892 5667">
     <span class='ocr_line' id='line_1_117' title="bbox 2383 5597 2892 5667; baseline 0.002 -15"><span class='ocrx_word' id='word_1_857' title='bbox 2383 5598 2426 5632; x_wconf 73' lang='grc'>³³</span> <span class='ocrx_word' id='word_1_858' title='bbox 2459 5598 2596 5653; x_wconf 90' lang='lat' dir='ltr'>Luc.</span> <span class='ocrx_word' id='word_1_859' title='bbox 2631 5614 2769 5667; x_wconf 83' lang='lat' dir='ltr'>xvn,</span> <span class='ocrx_word' id='word_1_860' title='bbox 2802 5597 2892 5653; x_wconf 91' lang='grc'>31.</span> 
     </span>
    </p>
   </div>
   <div class='ocr_carea' id='block_1_118' title="bbox 2231 5743 2730 5817">
    <p class='ocr_par' dir='ltr' id='par_1_118' title="bbox 2231 5743 2730 5817">
     <span class='ocr_line' id='line_1_118' title="bbox 2231 5743 2730 5817; baseline 0 -19"><span class='ocrx_word' id='word_1_861' title='bbox 2231 5743 2344 5817; x_wconf 85' lang='grc'>(68)</span> <span class='ocrx_word' id='word_1_862' title='bbox 2377 5743 2522 5798; x_wconf 91' lang='lat' dir='ltr'>Ibid.</span> <span class='ocrx_word' id='word_1_863' title='bbox 2555 5758 2606 5798; x_wconf 84' lang='lat' dir='ltr'>c.</span> <span class='ocrx_word' id='word_1_864' title='bbox 2640 5743 2730 5798; x_wconf 87' lang='lat'>36.</span> 
     </span>
    </p>
   </div>
  </div>
