4148 6358
406 398 525 461 867

1567 392 1631 454 S.
1679 391 2203 455 ATHANASIUS.
2229 426 2307 443 ---
2340 394 2650 459 SPURIA.

3703 401 3825 463 868

405 533 464 589 in
498 537 554 588 te
584 531 820 587 excites.
854 530 960 587 Ubi
990 528 1340 586 Psalterium
1368 526 1665 597 didiceris,
1699 531 1799 581 aut
1828 526 2035 598 aliquid

2165 529 2273 582 τῶν
2336 527 2598 603 οὐρανῶν.
2658 528 2945 586 Φυλάττου
3006 532 3223 602 μήποτε
3281 531 3381 601 τήν
3433 532 3823 611 ὑπερηφανίαν,

406 640 474 679 ex
505 622 808 692 Scriptura
860 639 871 675 :

406 728 533 784 quae
566 710 906 766 destruxisti
939 724 1177 764 rursum
1219 708 1497 773 mditicas,
1534 722 1606 761 ne
1644 711 1703 760 te
1759 711 2059 777 trangres-

405 818 597 857 sorcm
632 800 948 864 exhibeas;
1001 799 1101 853 sed
1154 801 1352 868 pottus
1400 801 1465 849 ut
1494 795 1786 866 incmpisti
1832 800 1892 848 et
1925 810 2059 864 pro-

405 892 599 945 fessus
632 906 695 944 es
729 887 1144 951 humilitatem,
1180 902 1374 940 curam
1408 890 1519 939 Deo
1564 889 1621 938 et
1673 882 1899 955 angelis
1930 883 2057 952 ejus

405 978 476 1031 ad
514 978 687 1033 ﬁnem
721 994 910 1048 usque
942 982 1187 1032 servato.
1219 974 1501 1029 Similiter
1529 989 1705 1044 quam
1753 971 2055 1026 humilita-

404 1072 523 1121 tem
556 1068 614 1121 in
650 1067 1003 1122 monasterio
1035 1064 1372 1127 exhibuisti,
1414 1079 1546 1117 cum
1599 1061 1801 1115 multis
1847 1061 2056 1115 diebus

403 1173 507 1229 pro
551 1156 778 1211 foribus
826 1154 1162 1210 monasterii
1212 1169 1346 1208 cum
1395 1151 1668 1224 lacrymis
1714 1150 2055 1221 supplicans

403 1244 813 1317 perseverasti,
863 1261 1004 1300 cura
1036 1250 1099 1298 ut
1145 1258 1383 1313 augeas.
1431 1241 1643 1295 Misera
1690 1255 1931 1311 prorsus
1963 1255 2055 1293 res

400 1339 575 1399 esset,
618 1336 665 1389 si
715 1351 849 1389 cum
895 1340 949 1389 te
990 1334 1190 1387 deceat
1237 1330 1496 1402 quotidie
1528 1330 1597 1384 ad
1634 1331 1910 1383 fervorem
1947 1329 2053 1382 ad-

398 1426 533 1480 dere
564 1429 754 1494 tuum,
788 1429 846 1479 et
899 1424 1156 1495 profectu
1216 1421 1454 1475 assiduo
1503 1419 1574 1474 ad
1631 1418 2050 1490 profectionem

397 1514 752 1579 ascendere;
783 1529 918 1568 eum
963 1512 1285 1566 imminuas
1327 1514 1384 1563 et
1429 1509 1499 1563 ad
1553 1508 1829 1563 inferiora
1861 1523 2049 1561 rever-

395 1608 538 1659 tare.
574 1603 698 1658 Non
729 1604 885 1658 enim
920 1601 1012 1656 ille
1054 1603 1258 1655 beatus
1289 1599 1385 1671 qui
1421 1600 1638 1653 bonum
1690 1613 1859 1669 agere
1904 1595 2050 1650 inci-

396 1693 516 1764 pit;
568 1692 667 1748 sed
701 1692 1038 1763 quicunque
1068 1691 1136 1744 ad
1172 1690 1345 1743 linem
1379 1702 1568 1760 usque
1598 1687 1658 1741 in
1685 1702 1751 1741 eo
1783 1700 2047 1755 perseve-

395 1783 626 1837 raverit.
661 1783 770 1853 (69)
805 1782 948 1838 Nam
981 1795 1220 1850 serpens
1251 1777 1349 1849 qui
1395 1778 1465 1833 ad
1514 1782 1731 1830 terram
1774 1774 2045 1839 trahitur,

395 1870 735 1927 calcanenm
769 1876 1036 1925 nostrum
1084 1884 1316 1940 semper
1362 1867 1654 1933 observat,
1688 1865 1746 1918 id
1779 1870 1885 1931 est,
1920 1862 2047 1919 obi-

393 1960 481 2016 tui
515 1966 713 2016 nostro
745 1959 992 2015 insidias
1027 1963 1210 2030 parat,
1252 1961 1310 2011 et
1340 1971 1527 2027 usque
1575 1955 1647 2009 ad
1698 1953 1871 2008 finem
1919 1953 2046 2007 vitas

393 2054 605 2105 nostra:
636 2065 744 2104 nos
773 2048 1153 2120 supplantare
1201 2050 1464 2101 conatur.
1496 2045 1685 2109 Quare
1734 2041 1881 2096 nihil
1914 2058 2046 2112 pro-

390 2140 543 2194 derit
572 2138 749 2211 probe
802 2137 1113 2209 incepisse,
1161 2135 1306 2190 nihil
1358 2133 1593 2189 initium
1648 2134 1873 2186 fervens
1903 2131 2043 2186 obe-

391 2227 643 2295 dientiaa,
674 2228 788 2283 nisi
824 2227 959 2281 finis
982 2223 1257 2281 similiter
1285 2225 1701 2294 consequatur.
1723 2221 1789 2275 Et
1818 2235 1886 2276 ea
1917 2237 2042 2291 quis

391 2317 717 2374 secundum
743 2316 1038 2373 Christum
1066 2321 1156 2370 est
1179 2312 1688 2382 humilitas,quam
1724 2325 1879 2365 nunc
1911 2326 2043 2382 pro-

392 2405 629 2472 misisti,
664 2423 780 2461 non
830 2404 1187 2473 ﬁrmabitur,
1218 2402 1334 2457 nisi
1357 2417 1483 2457 eam
1509 2401 1579 2455 ad
1625 2399 1802 2454 ﬁnem
1860 2414 2044 2469 usque

388 2494 745 2551 exhibueris.
798 2494 1188 2559 Quamobrem
1241 2496 1305 2546 ut
1357 2489 1517 2543 illam
1569 2488 1763 2561 possis
1792 2490 2045 2559 perfecte

391 2583 711 2655 possidere,
746 2588 919 2653 atque
950 2589 1125 2654 caput
1156 2580 1429 2636 draconis
1459 2583 1778 2646 conterere,
1820 2594 1951 2633 cum
1985 2582 2044 2632 te

388 2673 711 2729 invaserint
739 2671 1146 2745 cogitationes,
1187 2673 1417 2725 mature
1456 2669 1528 2723 ab
1574 2667 1704 2739 ipso
1753 2665 2041 2737 principio

388 2761 641 2818 revelato
676 2761 831 2817 illas.
866 2762 978 2832 (70)
1009 2761 1154 2816 Nam
1193 2760 1243 2814 si
1275 2759 1357 2814 ita
1386 2755 1775 2830 publicaveris
1823 2756 1896 2810 ab
1927 2754 2041 2810 iui-

384 2851 466 2907 tio
503 2850 858 2921 perniciosas
889 2848 1160 2905 draconis
1188 2846 1593 2921 cogitationes,
1628 2845 1678 2900 si
1709 2861 1823 2901 non
1855 2849 1911 2899 te
1937 2860 2039 2915 pu-

384 2938 519 2993 deat
574 2954 672 2994 eas
729 2938 883 2994 Patri
953 2943 1056 2993 tuo
1122 2936 1454 3003 declarare,
1540 2937 1804 2989 conteres
1861 2934 2038 3002 caput

382 3028 513 3099 ejus
542 3028 604 3083 9°.
638 3028 946 3084 Enimvero
968 3028 1140 3099 juxta
1169 3026 1426 3082 divinam
1458 3024 1834 3094 Scripturam,
1859 3021 1908 3077 si
1939 3036 2032 3076 ac-

381 3116 629 3173 cesseris
660 3118 732 3172 ad
765 3116 1134 3173 serviendum
1191 3120 1326 3183 Deo,
1369 3128 1632 3189 praepara
1677 3111 1934 3184 teipsum
1963 3110 2030 3182 ⁸ο,

382 3223 499 3262 non
531 3207 603 3263 ad
632 3206 943 3275 incuriam,
976 3222 1094 3261 non
1125 3206 1195 3260 ad
1229 3204 1584 3259 otiositatem
1612 3226 1627 3269 ς
1659 3201 1759 3256 sed
1794 3200 1864 3255 ad
1898 3202 2030 3255 ten-

921 619 1008 675 vel
1049 620 1222 690 juxta
1271 616 1529 689 Apostoli
1578 633 1775 672 vocem
1827 632 1961 670 cum
1992 631 2035 671 ea

2169 620 2232 687 ἢν
2272 617 2583 694 ἀρχόμενος
2630 623 2698 694 τῇ
2746 620 2918 694 θέρμῃ
2964 627 3062 689 τῆς
3103 621 3478 683 ταπεινώσεως
3511 623 3818 694 κατεπάτη-

2170 726 2287 777 σας,
2337 706 2615 782 ἀνεγείρῃς
2665 710 2781 772 καθ’
2834 709 3051 777 ἑαυτοῦ,
3103 708 3227 763 ὅταν
3279 709 3344 764 τὸ
3373 706 3682 784 ψαλτήριον
3720 709 3823 783 μά-

2170 797 2283 869 θῃς,
2316 796 2350 865 ἢ
2382 816 2436 850 τι
2476 803 2578 865 τῆς
2634 803 2873 875 Γραφῆς,
2924 797 2959 866 ἢ
3012 798 3102 853 καὶ
3144 798 3280 853 κατά
3302 800 3402 867 τὴν
3430 803 3526 853 τοῦ
3558 800 3821 856 Ἀποστό-

2170 897 2271 939 Αου
2303 886 2511 963 φωνην,
2562 885 2597 939 ἆ
2642 886 2939 949 κατέλυσας
2985 884 3151 942 πάλιν
3200 884 3538 960 οἰκοδομῶν,
3579 883 3824 964 παραϐά-

2165 996 2265 1044 την
2300 975 2518 1029 σεαυτὸν
2552 973 2856 1049 ἀποδείξῃς·
2907 974 3055 1032 ἀλλά
3088 975 3300 1048 μᾶλλον
3334 978 3409 1039 ὡς
3461 975 3691 1052 ἐνήρξω,
3726 978 3817 1033 καὶ

2166 1062 2537 1139 ὡμολόγησας
2583 1067 2683 1134 τὴν
2731 1065 3055 1121 ταπείνωσιν
3103 1065 3334 1121 ἐνώπιον
3384 1070 3520 1122 Θεοῦ
3548 1067 3638 1121 καὶ
3669 1067 3819 1144 ἀγγέ-

2168 1152 2301 1221 λων,
2334 1150 2437 1215 ἕως
2463 1152 2656 1216 τέλους
2689 1151 3043 1232 διατήρησον.
3077 1156 3315 1228 Ὁμοίως
3356 1157 3457 1225 τήν
3508 1156 3813 1231 ὑπομονήν,

2164 1242 2225 1310 ἢν
2275 1240 2526 1312 ἐπεδείξω
2573 1243 2623 1297 ἐν
2672 1248 2752 1315 τῷ
2804 1243 3176 1319 μοναστηρίῳ,
3228 1244 3314 1299 ἐπὶ
3356 1243 3571 1307 πολλὰς
3602 1244 3814 1320 ἡμέρας

2164 1330 2271 1406 πρό
2299 1336 2405 1385 τῶν
2438 1333 2615 1409 θυρῶν
2650 1330 3036 1409 διακαρτερῶν,
3085 1332 3175 1387 καὶ
3225 1333 3359 1405 μετά
3407 1330 3655 1409 δακρύων
3704 1335 3816 1390 ἱκε-

2162 1419 2355 1490 τεύων,
2431 1418 2734 1476 σπούδασον
2803 1420 3119 1495 ἐπαυξῆσαι.
3179 1421 3411 1486 Ἀθλιον
3470 1422 3572 1498 γὰρ
3644 1419 3816 1486 ὅντως

2160 1508 2449 1586 ὀφείλοντά
2505 1530 2563 1565 σε
2616 1512 2736 1574 καθ’
2792 1511 3020 1580 εκάστην
3098 1510 3439 1587 προστιθέναι
3496 1515 3565 1584 τῇ
3625 1512 3815 1586 πρώτῃ

2160 1599 2358 1674 θέρμῃ,
2422 1599 2513 1654 καὶ
2573 1600 2649 1662 εἰς
2694 1602 2757 1655 τὸ
2802 1599 3011 1655 τέλειον
3061 1595 3365 1656 ἀναϐαίνειν
3430 1600 3815 1676 προκόπτοντα

2160 1687 2403 1765 ὑφαιρεῖν
2453 1690 2545 1744 ἀπ’
2593 1689 2782 1759 αὐτῆς,
2830 1690 2921 1744 καὶ
2969 1691 3108 1765 πρὸς
3146 1690 3213 1745 τά
3259 1689 3409 1745 κάτω
3461 1690 3808 1747 ὑπαναλύειν.

2158 1774 2236 1831 Οὐ
2262 1775 2365 1849 γάρ
2397 1776 2425 1830 6
2457 1776 2764 1852 ἀρχόμενος
2786 1781 2884 1832 τοῦ
2914 1775 3087 1832 καλοῦ
3140 1778 3426 1853 μακάριος,
3486 1777 3615 1834 ἀλλ’
3662 1778 3810 1842 ὅστις

2158 1863 2259 1925 ἕως
2300 1864 2495 1927 τέλους
2545 1865 2598 1920 ἐν
2642 1865 2824 1939 τούτῳ
2855 1864 3125 1941 διαμείνῃ.
3157 1868 3219 1924 Ὁ
3254 1868 3359 1944 γὰρ
3390 1867 3479 1923 ἐπὶ
3508 1875 3610 1945 γῆς
3648 1867 3807 1945 συρό⁴

2157 1972 2318 2024 μενος
2348 1950 2469 2028 ὄφις
2502 1955 2601 2022 τήν
2631 1955 2899 2029 ἡμετέραν
2932 1956 3015 2010 ἀεὶ
3064 1961 3222 2032 τηρεῖ
3249 1956 3503 2033 πτέρναν,
3554 1958 3800 2013 τουτέστι

2150 2044 2219 2115 τῇ
2263 2040 2504 2119 ἡμετέρᾳ
2551 2041 2721 2116 ἐξόδῳ
2766 2039 3134 2115 επιϐουλεύει,
3182 2044 3270 2100 καὶ
3320 2041 3424 2109 ἕως
3477 2043 3671 2108 τέλους
3708 2052 3807 2116 τῆς

2155 2136 2300 2200 ζωῆς
2327 2132 2488 2204 ἡμῶν
2522 2132 2896 2202 ὑποσκελίζειν
2927 2137 3077 2207 ἡμᾶς
3124 2132 3413 2210 ἐπιχειρεῖ.
3462 2135 3562 2190 Καὶ
3607 2134 3805 2190 τούτου

2152 2221 2314 2295 χάριν
2358 2220 2421 2275 τὸ
2469 2219 2779 2296 ἐνάρξασθαι
2825 2220 3010 2285 καλῶς
3064 2220 3219 2278 οὐδὲν
3266 2221 3564 2301 ὠφελήσει,
3611 2222 3801 2294 οὐδὲ-ἡ

2151 2309 2297 2384 ἀρχὴ
2329 2316 2431 2378 τῆς
2461 2308 2514 2363 ἐν
2549 2310 2795 2386 ὑποταγῇ
2826 2311 3184 2385 θερμότητος,
3217 2311 3264 2367 εί
3298 2312 3374 2385 μή
3400 2312 3491 2367 καὶ
3533 2314 3597 2369 τὸ
3642 2310 3803 2377 τέλος

2152 2397 2409 2461 ὡσαύτως
2458 2399 2702 2473 γένηται.
2761 2400 2858 2453 Καὶ
2910 2402 2946 2469 ἡ
3005 2405 3103 2455 τοῦ
3150 2402 3385 2470 Χριστοῦ
3433 2398 3492 2457 δὲ
3537 2403 3805 2459 ταπείνω-

2152 2506 2254 2556 σις,
2285 2486 2351 2556 ἥν
2378 2491 2468 2541 νῦν
2500 2487 2729 2543 ἐνώπιον
2761 2487 2927 2543 αὑτοῦ
2958 2488 3295 2565 έπηγγείλω,
3329 2488 3430 2545 οὐκ
3475 2489 3663 2553 ἄλλως
3716 2492 3804 2567 βε-

2151 2571 2591 2647 ϐαιωθήσεται,εἷ
2625 2578 2701 2651 μή
2734 2576 2839 2639 ἓως
2866 2576 3059 2641 τέλους
3089 2579 3292 2650 ταύτην
3333 2577 3642 2653 ὑποδείξῃς.
3682 2582 3803 2653 Διὸ,

2144 2663 2236 2721 ’ίνα
2283 2663 2521 2737 δυνηθῆς
2567 2666 2767 2738 ταύτην
2817 2666 3044 2731 τελείως
3091 2672 3412 2739 κτήσασθαι,
3453 2670 3543 2725 καὶ
3587 2671 3801 2746 συντρί-

2148 2757 2244 2829 ψαι
2270 2756 2371 2824 τὴν
2400 2754 2643 2834 κεφαλὴν
2674 2760 2772 2811 τοῦ
2803 2753 3123 2833 δράκοντος,
3153 2754 3442 2829 σπούδαζε,
3491 2757 3616 2815 ὅταν
3648 2757 3802 2835 ἐπερ-

2147 2844 2353 2919 χωνταί
2381 2865 2466 2900 σοι
2500 2843 2788 2921 λογισμοὶ,
2820 2845 3019 2908 εὐθέως
3051 2845 3103 2917 ἐξ
3132 2846 3317 2923 ἀρχῆς
3343 2845 3573 2911 τούτους
3621 2849 3801 2926 ἀπαγ-

2141 2931 2382 3010 γέλλειν.
2417 2933 2607 2997 Οὕτως
2636 2936 2741 3009 γὰρ
2773 2931 3117 3007 δημοσιεύων
3160 2935 3256 2998 τὰς
3287 2937 3463 3013 ἀρχὰς
3508 2941 3619 2993 τῶν
3671 2937 3795 2993 ὀλε-

2142 3022 2307 3098 θρίων
2338 3026 2436 3078 τοῦ
2469 3020 2761 3099 δράκοντος
2791 3023 3101 3099 λογισμῶν,
3133 3022 3223 3080 καί
3275 3026 3351 3098 μὴ
3396 3024 3795 3101 αἰσχυνόμενος

2138 3110 2404 3190 ἐκφαίνειν
2434 3116 2515 3184 τῷ
2542 3116 2621 3184 σῷ
2650 3112 2842 3189 Πατρὶ,
2875 3113 3182 3188 συντρίψεις
3225 3113 3327 3182 τήν
3378 3112 3576 3169 τούτου
3622 3135 3789 3193 κεφα-

2139 3199 2265 3272 λήν.
2300 3201 2392 3256 Διὸ
2425 3198 2493 3270 δὴ
2524 3202 2661 3256 κατά
2688 3202 2788 3271 τήν
2819 3202 3062 3280 Γραφὴν,
3094 3201 3142 3256 εἴ
3169 3201 3474 3277 προσέλθῃς
3507 3200 3784 3259 δουλεύειν

376 3296 654 3366 tationes,
687 3296 759 3352 ad
791 3294 1221 3351 tribulationes.
1265 3294 1438 3358 Nam,
1474 3315 1496 3341 ι
1531 3291 1641 3347 Per
1680 3288 1898 3345 multas
1926 3288 2027 3343 tri-

2146 3293 2216 3362 τῷ
2244 3294 2384 3363 Θεῷ,
2435 3289 2720 3364 ἐτοίμασον
2771 3291 2991 3347 σεαυτὸν
3046 3292 3121 3365 μὴ
3154 3291 3293 3368 πρὸς
3323 3291 3675 3366 ἀμεριμνίας,
3711 3295 3787 3366 μὴ

379 3385 714 3441 bulationes
769 3387 997 3457 oportet
1050 3400 1159 3439 nos
1216 3383 1439 3439 intrare
1487 3381 1547 3436 in
1579 3395 1826 3453 regnum
1857 3377 2028 3435 θεειο-

377 3490 511 3530 rum
539 3474 583 3509 ³¹
612 3492 627 3542 ;
657 3493 682 3523 η
722 3478 779 3529 et
810 3490 825 3529 :
872 3475 1136 3545 Angusta
1166 3476 1353 3544 porta,
1387 3475 1443 3528 et
1472 3475 1632 3527 arcta
1659 3469 1753 3525 via
1781 3473 1871 3524 est
1899 3483 2032 3547 quas

376 3563 539 3618 ducit
557 3564 627 3618 ad
653 3563 853 3634 vitam,
876 3568 933 3617 et
953 3562 1122 3633 pauci
1148 3565 1286 3617 sunt
1308 3561 1407 3632 qui
1432 3560 1736 3615 inveniunt
1755 3574 1882 3614 eam
1905 3558 1975 3612 ³³.
1998 3578 2027 3607 ››

373 3652 652 3707 Animum
687 3652 879 3723 itaque
909 3651 1112 3723 paucis
1141 3650 1261 3705 illis
1292 3649 1462 3705 donis
1491 3648 1721 3715 adhibe,
1754 3652 1813 3703 et
1835 3663 1905 3703 ex
1931 3663 2028 3704 eo—

371 3757 504 3795 rum
562 3740 826 3812 exemplo
873 3741 1050 3795 vitam
1103 3739 1347 3795 institue
1388 3743 1588 3805 tuam;
1623 3753 1728 3792 nec
1758 3736 2028 3792 attendas

372 3829 556 3901 pigris
585 3835 642 3887 et
661 3830 1165 3901 contemptoribus
1188 3827 1564 3900 quantumvis
1588 3825 1756 3881 multi
1781 3842 2025 3881 numero

368 3919 490 3973 sint
552 3936 564 3973 :
618 3942 647 3969 ‹‹
700 3919 864 3974 Multi
916 3918 1097 3987 enim,
1148 3918 1364 3990 inquit,
1408 3917 1619 3985 vocati,
1670 3915 1841 3987 pauci
1887 3931 2024 3969 vero

368 4006 536 4062 electi
566 4009 613 4043 ³³
644 4033 656 4064 :
693 4030 721 4058 »
754 4013 809 4063 et
839 4024 1051 4078 parvus
1083 4024 1219 4075 grex
1249 4011 1339 4061 est
1372 4006 1463 4061 cui
1498 4005 1714 4077 placuit
1748 4004 1896 4060 Patri
1920 4004 2022 4058 da-

366 4113 427 4151 re
458 4113 703 4169 regnum
726 4098 880 4154 “.Ne
906 4114 1146 4169 parvum
1176 4096 1389 4152 etenim
1414 4095 1713 4151 existimes
1743 4110 1873 4149 esse
1892 4109 2020 4165 pec-

366 4194 585 4259 catum,
647 4188 1062 4259 perfectionem
1124 4185 1403 4258 polliceri,
1464 4190 1521 4241 et
1567 4184 2021 4256 negligentiores

363 4279 542 4347 atque
572 4293 781 4349 segnes
812 4274 1132 4332 imitari.Ut
1159 4275 1354 4331 valeas
1385 4275 1579 4344 itaque
1611 4273 1680 4328 ad
1717 4273 2018 4345 perfectio-

362 4381 494 4421 nem
543 4366 866 4438 pervenire,
916 4365 1026 4421 boo
1079 4370 1241 4421 utere
1292 4364 1582 4434 instituto,
1629 4362 1723 4418 his
1771 4363 2020 4419 ascende

358 4456 665 4531 gradibus.

433 4723 519 4777 14.
553 4722 930 4795 (71)Primus
959 4722 1195 4779 virtutis
1242 4724 1463 4797 gradus
1511 4726 1570 4778 et
1613 4721 1850 4777 initium
1909 4734 2018 4775 no-

357 4816 491 4867 strae
523 4812 736 4866 salutis
767 4817 857 4867 est
885 4813 1065 4868 timor
1098 4812 1195 4868 Dei
1247 4830 1260 4868 :
1315 4829 1416 4882 per
1445 4829 1581 4868 eum
1608 4824 1862 4881 namque
1888 4824 2014 4880 pee-

356 4903 622 4955 catorum
656 4899 720 4953 fit
767 4901 1056 4972 purgatio,
1089 4904 1147 4955 et
1194 4898 1477 4955 virtutum
1511 4898 1781 4955 custodis.
1802 4895 2012 4967 viaque

355 4990 426 5043 ad
461 4989 877 5059 perfectionem
910 4989 1233 5045 obtinetur.
1270 4988 1417 5044 Nam
1458 5004 1593 5044 cum
1646 4988 1701 5041 in
1749 4985 2010 5041 animam

353 5078 509 5133 310
541 5079 844 5150 ingressus
876 5077 1052 5134 fuerit
1079 5077 1258 5133 timor
1287 5077 1410 5145 Dei,
1429 5078 1641 5133 suadet
1671 5075 1768 5131 ille
1797 5081 1862 5131 ut
1890 5092 2012 5131 om-

353 5166 452 5223 nia
483 5169 785 5223 mundana
830 5166 1269 5239 despiciamus;
1314 5166 1454 5222 hinc
1501 5166 1689 5221 oritur
1733 5170 2012 5238 cognato-

352 5272 485 5312 rum
519 5256 893 5330 universique
946 5256 1151 5311 mundi
1199 5257 1435 5312 oblivio.
1470 5256 1551 5310 Ex
1583 5254 1674 5309 his
1705 5271 1876 5327 porro
1900 5254 2011 5309 hu-

424 5424 471 5459 ”
498 5424 716 5496 Genes.
757 5440 846 5496 ιιι,
880 5425 965 5481 15.
1068 5423 1116 5459 ³ο
1144 5421 1321 5480 Eccli.
1371 5438 1434 5491 ιι,
1471 5422 1519 5478 1.

349 5511 451 5563 ιιι,
483 5495 573 5551 31.

423 5655 534 5729 (69)
562 5656 826 5715 Cassian.
861 5660 1105 5716 Ιηεείιιιι.
1142 5656 1244 5716 lib.
1278 5674 1357 5728 ιν,
1387 5672 1438 5713 c.
1472 5655 1559 5711 37.

428 5729 539 5801 (70)
576 5729 721 5786 lbid.
754 5746 804 5787 ο.
838 5731 925 5786 38.

2048 4668 2098 4732 Ι)

1629 5421 1673 5458 ³¹
1705 5420 1831 5477 Act.
1881 5436 1996 5490 xxv,
2045 5420 2136 5474 22.

2138 3380 2275 3455 πρὸς
2309 3378 2536 3450 ἀνέσεις,
2586 3378 2733 3436 ἀλλὰ
2777 3380 2916 3451 πρὸς
2962 3379 3323 3457 πειρασμοὺς,
3368 3382 3504 3457 πρὸς
3552 3379 3790 3456 θλίψεις.

2141 3492 2170 3520 cc
2200 3470 2297 3523 Δια
2328 3491 2356 3520 ››
2394 3469 2496 3545 γὰρ
2551 3493 2581 3522 ››
2632 3466 2861 3524 πολλῶν
2913 3467 3150 3543 θλίψεων
3203 3467 3285 3525 δεῖ
3330 3472 3480 3543 ἡμᾶς
3527 3467 3787 3527 εἴσελθεῖν

2140 3555 2216 3619 εἰς
2265 3558 2365 3625 τήν
2416 3554 2693 3632 βασιλείαν
2742 3560 2849 3612 τῶν
2900 3555 3167 3631 οὐρανῶν·
3216 3577 3243 3611 ι
3297 3556 3412 3625 καὶ,
3468 3581 3490 3610 ι
3548 3561 3720 3629 Στενὴ
3753 3561 3787 3630 ἠ

2136 3644 2312 3715 πύλη,
2358 3645 2449 3700 καὶ
2494 3642 2836 3719 τεθλιμμένη
2888 3647 2923 3715 ἡ
2977 3644 3101 3708 ὁδὸς
3146 3647 3182 3717 ἡ
3222 3645 3505 3723 ἀπάγουσα
3551 3648 3629 3710 είς
3685 3650 3786 3717 τὴν

2141 3734 2403 3804 ζωὴν,καὶ
2436 3732 2621 3808 ὀλίγοι
2654 3734 2786 3790 εἰσὶν
2816 3736 2868 3789 οἱ
2900 3734 3235 3812 εὑρίσκοντες
3266 3734 3455 3808 αὐτήν.
3482 3761 3511 3789 ››
3542 3737 3785 3813 Πρόσχες

2132 3824 2308 3878 τοίνυν
2355 3829 2471 3885 τοῖς
2531 3823 2746 3899 ὀλίγοις
2803 3822 3019 3897 καλοῖς,
3080 3825 3170 3880 καὶ
3237 3824 3297 3880 ἐκ
3345 3823 3785 3903 παραδείγματος

2133 3913 2308 3968 αὐτῶν
2351 3913 2599 3982 κανόνιζε
2642 3915 2734 3968 τὸν
2788 3914 2979 3970 ἑαυτοῦ
3045 3914 3187 3990 βίον·
3240 3916 3317 3988 μὴ
3366 3920 3620 3991 προσχῇς
3667 3921 3785 3978 τοῖς

2135 4001 2401 4077 ῥᾳθύμοις
2432 4003 2522 4058 καὶ
2553 4009 3016 4081 καταφρονηταῖς,
3045 4003 3141 4059 κᾶν
3173 4002 3382 4059 πολλοὶ
3413 4003 3537 4059 ὦσιυ
3573 4028 3601 4057 ει
3635 4004 3789 4061 Πολ·-

2135 4090 2223 4147 λοὶ
2252 4093 2376 4169 γὰρ,
2412 4117 2439 4144 ›)
2473 4093 2627 4171 φησὶ,
2670 4117 2698 4144 α
2728 4090 2950 4165 κλητοὶ,
2984 4093 3162 4169 ὀλίγοι
3223 4091 3281 4148 δὲ
3311 4091 3580 4165 ἐκλεκτοὶ,
3615 4118 3643 4147 ››
3696 4094 3789 4149 καί

2134 4184 2326 4260 μικρὸν
2353 4185 2416 4239 τὸ
2445 4182 2707 4258 ποίμνιον
2735 4185 2782 4257 ᾧ
2812 4181 3114 4254 ηὐδόκησεν
3139 4184 3168 4238 6
3212 4184 3399 4258 Πατήρ
3448 4181 3636 4238 δοῦναι
3681 4184 3783 4252 τὴν

2135 4271 2435 4348 βασιλείαν.
2482 4274 2573 4342 Μή
2623 4272 2816 4347 μικρὸν
2865 4272 2971 4348 γὰρ
3020 4270 3153 4325 εἶναι
3196 4270 3428 4344 νομίσῃς
3483 4270 3786 4346 ἁμάρτημα

2129 4357 2558 4434 ἐπαγγέλλεσθαι
2585 4356 2929 4428 τελειότητα,
2960 4360 3051 4411 καί
3097 4360 3213 4417 τοῖς
3262 4353 3647 4429 ἀμελεστέροις
3691 4356 3782 4410 καὶ

2129 4447 2393 4523 ῥᾳθύμοις
2446 4443 2789 4502 ἀκολουθεῖν.
2845 4445 2961 4499 Ἵνα
3015 4440 3197 4496 τοίνυν
3259 4437 3498 4514 δυνηθῇς
3527 4435 3780 4509 ἐπιϐῆναι

2125 4533 2551 4609 τῇτελειότητι,
2600 4530 2771 4606 ταύτῃ
2823 4528 3068 4606 κέχρησο
3114 4532 3184 4603 τῇ
3229 4528 3398 4601 τάξει,
3446 4529 3536 4583 καὶ
3564 4527 3779 4591 τούτοις

2127 4617 2379 4689 ἀνάϐαινε
2406 4626 2523 4684 τοῖς
2557 4622 2811 4697 βαθμοῖς.

2202 4714 2288 4768 14.
2323 4714 2548 4786 Πρῶτος
2584 4711 2792 4787 βαθμὸς
2824 4709 3019 4786 ἀρετῆς
3050 4709 3141 4764 καὶ
3192 4709 3340 4783 ἀρχὴ
3370 4715 3472 4777 τῆς
3509 4706 3781 4782 ἡμετέρας

2123 4801 2398 4876 σωτηρίας
2444 4802 2472 4856 6
2520 4795 2688 4879 φόϐος
2737 4800 2848 4856 ἐστὶ
2879 4804 2974 4855 τοῦ
3017 4802 3174 4855 Θεοῦ·
3208 4796 3299 4853 διὰ
3326 4794 3523 4852 τούτου
3552 4796 3642 4851 καὶ
3670 4797 3777 4851 τῶν

2122 4889 2536 4968 ἁμαρτημάτων
2563 4887 2955 4964 ἀποκάθαρσις,
2986 4888 3079 4945 καὶ
3116 4892 3224 4944 τῶν
3280 4885 3485 4962 ἀρετῶν
3538 4885 3776 4964 φυλακὴ,

2121 4982 2211 5038 καὶ
2243 4978 2369 5043 ὁδὸς
2401 4980 2491 5036 ἐπὶ
2519 4982 2622 5049 τὴο
2653 4979 2973 5049 τελειότητα
3000 4978 3225 5053 γίνεται.
3269 4977 3434 5033 ’Όταν
3474 4974 3575 5050 γὰρ
3625 4975 3653 5029 ὁ
3681 4979 3778 5029 τοῦ

2124 5075 2259 5129 Θεοῦ
2289 5064 2457 5149 φόϐος
2506 5068 2723 5143 εἰσέλθῃ
2753 5069 2828 5130 εἰς
2859 5069 2957 5136 τήν
2990 5067 3199 5140 ψυγὴν,
3248 5068 3601 5140 καταφρονεῖν
3647 5062 3781 5119 πάν-

2119 5181 2229 5218 των
2280 5161 2453 5215 πείθει
2505 5163 2615 5213 τῶν
2661 5162 2760 5213 τοῦ
2805 5155 3025 5228 κόσμου
3073 5153 3426 5228 πραγμάτων,
3477 5152 3567 5207 καὶ
3598 5151 3777 5223 λήθην

2120 5257 2228 5307 τῶν
2261 5250 2397 5305 κατὰ
2445 5249 2615 5324 σάρκα
2661 5248 2938 5320 συγγενῶν
2983 5246 3163 5319 γεννᾷ,
3203 5240 3294 5296 καὶ
3325 5239 3489 5296 αὐτοῦ
3520 5240 3653 5297 ὅλου
3679 5246 3778 5295 τοῦ

2919 5408 2964 5446 ³⁸
3008 5406 3214 5466 Matth.
3245 5425 3337 5478 xx,
3372 5409 3458 5465 16.
3563 5411 3611 5446 ³⁴
3635 5409 3778 5465 Luc.

2242 5416 2287 5454 ³³
2317 5413 2524 5472 Matth.
2572 5428 2676 5482 vn,
2727 5410 2814 5466 14.

2192 5650 2306 5724 (ιι)
2357 5646 2504 5704 Ibid.
2537 5661 2589 5703 c.
2619 5645 2709 5702 39.
