4148 6360
377 415 498 478 869

1546 404 1932 477 EPISTOLA
1978 401 2002 460 Ῑ
2049 401 2153 460 AD
2198 399 2644 462 CASTOREM.

3685 407 3806 467 8'70

377 543 610 617 κόσμου.
668 543 762 599 Ἐκ
819 539 876 596 δὲ
933 539 1142 595 τούτων
1200 535 1526 598 ταπείνωσις
1581 534 1874 613 κεφάλαιον
1924 536 2031 586 τῶν

2149 531 2366 587 milites
2398 532 2662 588 omnium
2695 538 2873 605 caput
2904 534 3598 606 virtutum,omniumque
3621 537 3798 592 bono-

380 636 609 707 ἀρετῶν,
641 631 730 686 καὶ
781 631 1068 706 πλήρωμα
1113 631 1328 683 πάντων
1376 631 1480 680 τῶν
1524 625 1707 681 καλῶν
1740 626 2034 697 κατορθοῦ-

377 743 493 778 ται’
556 723 951 796 καταφρονήσει
1017 719 1118 794 γὰρ
1187 717 1276 772 καὶ
1345 718 1594 790 στερήσει
1660 713 1868 768 πάντων
1931 717 2037 766 τῶν

379 812 711 889 πραγμάτων
759 813 794 880 ἡ
858 807 1185 868 ταπείνωσις
1249 806 1610 881 προσγίνεται.
1672 810 1730 858 Ἡ
1774 801 2034 857 ταπείνω-

381 924 463 964 σις
502 899 560 955 δὲ
601 899 817 961 τούτοις
847 903 962 960 τοῖς
1015 895 1357 971 γνωρίσμασι
1408 893 1776 966 δοκιμάζεται.
1815 896 2039 967 Πρῶτον

385 990 432 1045 εἴ
461 991 794 1064 νεκρωθέντα
823 1009 906 1048 τις
941 988 1086 1061 εἶχεν
1129 986 1301 1056 ἑαυτῷ
1328 983 1396 1037 τά
1426 981 1535 1037 ἴδια
1581 981 1882 1053 θελήματα·
1919 978 2035 1033 δεύ-

380 1100 532 1152 τερον
569 1076 626 1132 δὲ
658 1077 707 1133 εἶ’
739 1080 816 1149 μή
855 1076 1018 1148 μόνον
1050 1076 1158 1128 τῶν
1195 1073 1408 1127 οἰκείων
1457 1071 1723 1148 πράξεων,
1762 1068 1908 1124 ἀλλά
1948 1070 2036 1123 καὶ

380 1173 488 1224 τῶν
542 1166 884 1240 ἐνθυμήσεων
940 1161 1111 1237 μηδὲν
1160 1163 1250 1217 τὸν
1325 1160 1459 1216 ἴδιον
1532 1160 1755 1236 κρύπτει
1809 1165 2040 1232 Πατερα·

383 1258 587 1334 τρίτον,
619 1255 664 1310 εἷ
718 1257 792 1328 μή
835 1257 903 1328 τῇ
955 1252 1066 1324 ἰδίᾳ
1114 1251 1340 1319 συνέσει,
1375 1249 1520 1305 ἀλλά
1567 1251 1737 1304 πάντα
1783 1252 1878 1302 τοῦ
1929 1253 2038 1302 lix-

381 1348 508 1420 τρὸς
567 1343 828 1418 διακρίσει
902 1340 1164 1411 πιστεύει,
1216 1338 1388 1412 διψῶν
1459 1339 1542 1393 ἀεὶ
1597 1339 1687 1392 καὶ
1746 1337 2037 1404 ἐπιποθῶν,

386 1435 476 1490 καὶ
533 1431 712 1503 ἡδέως
770 1431 980 1486 ἀκούων
1033 1437 1132 1498 τῆς
1189 1429 1386 1484 τούτου
1433 1426 1730 1490 νουθεσίας·
1764 1426 2040 1501 τέταρτον,

391 1523 436 1578 εἰ
487 1529 646 1577 πᾶσιν
700 1520 1142 1595 ἀνεπαισχύντως
1201 1515 1481 1572 δουλεύσει
1527 1521 1643 1578 τοῖς
1685 1521 1780 1570 τοῦ
1829 1516 2039 1589 ΙΙατρὸς

387 1611 783 1686 προστάγμασιο
815 1612 1083 1682 πέμπτον,
1110 1607 1156 1661 εἷ’
1190 1608 1266 1680 μὴ
1327 1605 1490 1679 μόνον
1547 1606 1705 1668 αὐτὸς
1748 1603 1807 1660 οὐ
1857 1603 2042 1677 τολμᾷ

389 1695 608 1774 ὑϐρίσαι
657 1699 794 1769 τινὰ,
829 1696 973 1753 ἀλλά
1016 1695 1104 1750 καὶ
1147 1695 1242 1758 τὰς
1297 1695 1400 1750 ὑπὸ
1431 1692 1615 1749 ἄλλων
1650 1692 1793 1766 αὐτῷ
1841 1693 2038 1768 ἐπαγο-

391 1791 549 1861 μένας
582 1783 764 1862 ὕϐρεις
800 1786 935 1857 μετά
965 1792 1138 1861 χαρᾶς
1171 1783 1316 1839 ἔσται
1365 1781 1828 1859 προσδεχόμενος
1861 1779 2039 1852 ἕκτον,

389 1877 433 1932 εἷ
469 1874 634 1950 μηδὲν
697 1875 1040 1950 ἐπιχειρήσει
1093 1873 1403 1949 καινότερον
1454 1873 1671 1947 πρᾶξαι,
1703 1871 1835 1948 ὅπερ
1888 1873 1915 1926 ὁ
1944 1892 2040 1925 κα-
2073 1907 2119 1971 Β

387 1965 490 2019 νὼν
526 1965 554 2018 ὁ
585 1963 765 2026 κοινὸς
791 1961 973 2018 οὐκέτι
1005 1960 1320 2038 προτρέπει,
1366 1958 1490 2016 οὐδέ
1535 1965 1641 2015 τῶν
1692 1959 1940 2035 Πατέρων
1972 1961 2038 2014 τά

390 2050 832 2130 παραδείγματα*
883 2047 1146 2124 ἕϐδομον,
1195 2050 1242 2104 εἴ
1291 2051 1434 2124 πάσῃ
1485 2048 1726 2121 εὐτελείᾳ
1767 2049 2036 2124 ἀρκούμε-

388 2163 498 2211 νος,
528 2143 617 2196 καὶ
669 2141 750 2196 ἐπ’
799 2140 980 2202 αὐτοῖς
1029 2145 1145 2202 τοῖς
1196 2137 1508 2212 δεδομένοις
1560 2139 1917 2215 εὐχαριστῶν,
1947 2141 2038 2193 καὶ

383 2231 588 2287 τούτων
621 2231 832 2301 ἀνάξιον
867 2233 1083 2306 ἡγεῖται
1113 2228 1323 2284 ἑαυτόν·
1357 2223 1573 2305 ὄγδοον,
1606 2229 1650 2282 εἷ
1684 2229 1870 2284 ἑαυτὸν
1903 2227 2037 2283 πάν-

383 2342 506 2376 τοτε
551 2319 853 2396 κατώτερον
899 2321 1136 2389 πάντων,
1171 2317 1261 2373 καὶ
1314 2320 1387 2386 αὴ
1520 2319 1799 2393 προπετὴς
1840 2317 1890 2371 ἐν
1945 2317 2039 2373 λό-

383 2428 528 2484 γοις·
571 2407 812 2478 δέκατον,
847 2408 892 2462 εἰ
955 2410 1030 2480 μὴ
1086 2406 1225 2462 ἔστιν
1285 2407 1517 2482 εὐχερὴς
1575 2407 1626 2461 ἐν
1688 2406 1899 2482 λόγοις,
1949 2408 2038 2462 καὶ

383 2497 684 2572 πρόχειρος
721 2495 772 2550 ἐν
823 2494 1065 2570 γλώσσῃ.
1099 2494 1322 2558 Τούτοις
1371 2497 1474 2570 γὰρ
1523 2495 1612 2551 καὶ
1658 2501 1774 2558 τοῖς
1823 2495 2037 2569 ὁμοίοις

381 2584 590 2639 τούτων
667 2585 918 2654 σημείοις
976 2586 1010 2652 ἡ
1067 2583 1390 2645 ταπείνωσις
1445 2584 1783 2660 γνωρίζεται.
1839 2583 2038 2652 Ταῦτα,

385 2672 510 2727 ὅταν
573 2671 622 2726 ἐν
681 2671 912 2743 ἀληθείᾳ
956 2675 1301 2748 κατορθωθῆ,
1331 2675 1548 2748 ταχέως
1597 2673 1732 2748 πρὸς
1783 2674 1846 2728 τὸ
1903 2673 2039 2746 ὕψος

382 2768 482 2830 τῆς
534 2761 750 2836 ἀγάπης
799 2760 1006 2835 ἀνάγει,
1039 2760 1090 2815 ἐν
1223 2756 1390 2840 φόϐος
1438 2760 1539 2817 οὐκ
1581 2758 1690 2816 ἔστι
1735 2760 2039 2832 κολάσεως,

383 2850 473 2906 καὶ
507 2847 576 2904 δι’
608 2853 674 2919 ἧς
704 2850 771 2904 τὰ
801 2851 973 2904 πάντα
1013 2849 1192 2905 οὐκέτι
1242 2852 1376 2923 μετὰ
1420 2850 1678 2927 ἀνάγκης,
1727 2853 1816 2906 καὶ
1865 2851 2039 2907 κόπου

384 2938 733 3006 φυλάττεται,
785 2937 931 2994 ἀλλὰ
984 2939 1140 3011 πόοῳ
1205 2938 1454 3016 διαπύρῳ
1501 2941 1590 2995 καὶ
1641 2941 1898 3015 ἐπιθυμίᾳ
1941 2946 2038 2996 τοῦ

384 3026 576 3084 καλοῦ.
612 3027 754 3103 Πρὸς
785 3027 955 3104 ἥνπερ
996 3028 1189 3104 ἀρετὴν
1235 3027 1327 3082 ’ίνα
1379 3029 1604 3105 ἷσχύσῃς
1657 3029 2035 3106 εὐχερέστερον

384 3118 600 3195 φθάσαι,
638 3113 1009 3191 ὑποδείγματά
1069 3137 1154 3170 σοι
1212 3118 1348 3191 πρὸς
1406 3117 1640 3190 μίμησιν
1693 3117 1949 3190 ἔστωσαν,
1985 3121 2035 3174 οἱ

386 3205 541 3282 λόγοι
571 3210 678 3260 τῶν
729 3201 1164 3277 συμϐαινόντων,
1206 3207 1295 3261 καὶ
1355 3203 1637 3262 εὐλάϐειαν
1687 3209 2034 3280 κεκτημένων

2148 637 2278 675 rum
2299 622 2795 693 complementum
2813 631 3179 678 exerceretur
3199 641 3212 690 ;
3230 640 3362 678 nam
3385 640 3451 678 ex
3465 631 3803 697 contemptu

2147 715 2205 764 et
2231 709 2549 780 prixatione
2582 728 2774 765 rerum
2809 712 3072 765 omnium
3107 713 3800 771 acccdithumilitas.ﬂu-

2150 799 2368 854 milites
2417 817 2548 854 vero
2601 799 2690 855 his
2740 801 3156 870 comprobatur
3206 802 3438 858 indiciis
3489 803 3800 859 :Primum

2151 889 2246 959 qui
2271 889 2652 944 mortiﬁcatas
2685 889 2740 943 in
2777 907 2837 945 se
2870 890 3100 955 habent,
3127 892 3394 962 proprias
3425 891 3756 948 voluntates
3787 910 3799 948 :

2150 979 2475 1033 secundum
2509 979 2556 1032 si
2590 996 2701 1032 non
2738 980 2912 1033 modo
2946 997 3213 1048 operum,
3247 981 3346 1034 sed
3379 981 3557 1035 etiam
3588 983 3805 1054 cogita-

2149 1067 2376 1120 tionum
2409 1085 2650 1122 suarum
2676 1068 2819 1122 nihil
2853 1069 2999 1122 Patri
3035 1068 3305 1133 occultat;
3344 1069 3655 1136 tertium,si
3684 1088 3798 1125 non

2150 1157 2396 1227 propriae
2429 1157 2627 1212 credat
2659 1158 3122 1228 prudentiaa,sed
3174 1158 3231 1211 in
3290 1158 3565 1213 omnibus
3613 1160 3800 1215 Patris

2151 1245 2238 1299 sui
2271 1244 2626 1309 discretioni,
2652 1262 3002 1317 semperque
3033 1245 3212 1309 sitiat,
3247 1252 3496 1318 exeptet,
3546 1248 3802 1304 suaviter

2151 1333 2444 1388 auscultet
2483 1335 2612 1404 ejus
2660 1335 3124 1401 admonitiones;
3159 1342 3458 1406 quartum,
3513 1337 3561 1391 si
3613 1338 3800 1394 Patris

2143 1424 2315 1494 jussa
2344 1423 2541 1478 omnia
2572 1424 2793 1494 absque
2826 1425 3047 1495 pudore
3090 1430 3475 1496 exsequatur;
3502 1427 3796 1498 quintum,

2151 1511 2198 1566 si
2236 1529 2347 1566 non
2384 1513 2555 1566 modo
2598 1512 2721 1582 ipse
2772 1529 2885 1566 non
2937 1512 3092 1567 ausit
3137 1512 3235 1567 alii
3288 1514 3673 1569 contumelias
3707 1516 3798 1570 in-

2151 1601 2319 1668 ferre,
2354 1601 2454 1656 sed
2488 1600 2534 1655 si
2569 1600 2641 1654 ab
2676 1601 2806 1655 aliis
2841 1600 3034 1656 illatas
3069 1619 3202 1656 cum
3253 1604 3467 1674 gaudio
3499 1604 3748 1674 sucipiat
3783 1623 3797 1673 ;

2151 1698 2401 1756 sextum,
2433 1690 2482 1744 si
2518 1689 2662 1743 nihil
2696 1690 2824 1744 novi
2863 1691 3046 1745 facere
3079 1708 3392 1763 aggressus
3426 1694 3798 1764 fuerit,quod

2152 1796 2255 1834 nec
2286 1779 2618 1834 communis
2643 1777 2974 1850 regula,nec
3000 1780 3232 1835 Patrum
3266 1781 3532 1853 exempla
3564 1784 3800 1853 permit-

2152 1873 2311 1937 tant;
2342 1869 2682 1940 septimum,
2719 1867 2942 1923 siomni
2977 1868 3196 1924 vilitate
3219 1873 3625 1940 contentus,de
3647 1872 3799 1928 datis

2151 1958 2263 2014 sibi
2297 1959 2466 2013 rebus
2498 1957 2719 2030 gratias
2750 1963 2901 2027 agat,
2936 1974 3114 2028 seque
3150 1959 3218 2012 iis
3255 1960 3562 2029 indignum
3595 1962 3799 2017 existi-

2153 2056 2306 2116 met;
2340 2053 2636 2115 octavum,
2663 2047 2709 2102 si
2743 2063 2805 2102 se
2823 2047 3100 2102 omnibus
3124 2047 3294 2119 plane
3317 2050 3650 2105 inferiorem
3678 2051 3798 2106 exi-

2151 2136 2368 2206 stimet,
2401 2137 2510 2208 (72)
2544 2152 2649 2191 nec
2697 2135 2774 2189 sit
2819 2135 3014 2191 verbis
3062 2137 3446 2205 temerarius;
3480 2139 3798 2208 decimum,

2149 2227 2196 2283 si
2233 2243 2346 2282 non
2379 2225 2538 2280 sitin
2572 2241 2838 2280 sermone
2890 2225 3076 2280 facilis
3137 2231 3193 2280 et
3250 2226 3451 2298 lingua
3508 2246 3790 2301 praeceps.

2149 2315 2251 2370 His
2283 2319 2339 2370 et
2361 2314 2659 2369 similibus
2693 2313 2877 2385 signis
2907 2314 3275 2385 dignoscitur
3306 2315 3634 2372 humilitas.
3667 2322 3798 2374 Haec

2149 2421 2282 2460 cum
2318 2421 2512 2459 revera
2541 2403 2801 2458 exhibita
2833 2403 3090 2469 fuerunt,
3115 2404 3229 2458 cito
3261 2405 3330 2459 ad
3363 2404 3690 2462 dilectionis
3717 2407 3796 2463 fa-

2150 2492 2389 2564 stigium
2418 2493 2739 2559 adducunt,
2773 2492 2830 2546 in
2862 2509 2976 2562 qua
3001 2509 3115 2546 non
3167 2498 3255 2548 est
3285 2495 3462 2548 timor
3491 2495 3794 2567 gehennae,

2149 2588 2207 2638 et
2237 2599 2336 2653 per
2367 2598 2541 2652 quam
2574 2582 2773 2636 omnia
2804 2599 2917 2635 non
2943 2582 3068 2652 jam
3110 2599 3177 2638 ex
3211 2583 3557 2640 necessitate
3576 2591 3634 2641 et
3657 2603 3793 2643 cum

2150 2671 2348 2726 labore
2379 2669 2799 2741 perficiuntur,
2835 2670 2935 2723 sed
2969 2686 3037 2724 cx
3095 2688 3289 2726 amore
3334 2673 3598 2738 ferventi,
3639 2680 3697 2729 et
3729 2692 3798 2731 ex

2150 2759 2286 2816 boni
2319 2757 2815 2828 concupiscentia.
2850 2757 2962 2828 (73)
2995 2760 3177 2823 Quam
3214 2760 3489 2816 virtutem
3526 2766 3798 2835 utpossis

2149 2847 2382 2905 facilius
2411 2846 2677 2918 adipisci,
2713 2863 2812 2918 pro
2843 2847 3158 2918 exemplari
3194 2848 3298 2903 tibi
3334 2850 3455 2905 sint
3489 2853 3661 2908 verba
3682 2854 3795 2908 fra-

2147 2944 2302 2994 trum
2338 2954 2454 2992 uua
2485 2946 2670 2992 tecum
2703 2935 3199 3004 concurrentium,
3236 2938 3628 3012 pietatemque
3660 2960 3797 3013 pos-

2149 3027 2463 3084 sidentium
2500 3041 2512 3082 :
2544 3042 2658 3080 non
2691 3031 2887 3080 autem
2916 3041 3114 3080 eorum
3150 3027 3250 3096 qui
3302 3025 3500 3098 plures
3531 3047 3797 3104 numero,

2148 3115 2541 3189 negligentiae
2573 3112 2935 3186 segniusoue
2968 3113 3147 3169 vitam
3181 3114 3528 3186 exigunt.Ex
3560 3125 3792 3176 sancto-

2149 3224 2278 3262 rum
2311 3205 2466 3261 enim
2503 3203 2832 3258 imitatione
2863 3202 3349 3275 aamulationeque
3379 3205 3586 3278 ingens
3616 3209 3807 3266 volen-

382 3292 655 3371 ἀδελφῶνο
717 3295 792 3366 μή
854 3295 906 3348 οἱ
964 3292 1213 3364 πλείους,
1272 3295 1361 3350 καὶ
1417 3295 1778 3372 ἀμελέστερόν
1834 3319 1891 3352 τε
1944 3299 2033 3352 καὶ

2149 3298 2307 3352 tibus
2338 3295 2409 3349 ad
2446 3292 2856 3364 perfectionem
2888 3293 3242 3348 contendere
3291 3296 3514 3350 accedit
3557 3297 3802 3356 utilitas.

385 3382 752 3460 ῥᾳθυμότερον
813 3387 1028 3452 ζῶντες.
1081 3385 1178 3438 Καὶ
1235 3384 1336 3460 γάρ
1392 3383 1451 3439 ἐκ
1495 3389 1594 3439 τοῦ
1657 3389 1937 3459 μιμεῖσθαι
1995 3388 2085 3443 καὶ
2147 3386 2346 3458 ζηλοῦν
2405 3380 2530 3444 τοὺς
2591 3379 2774 3456 ἁγίους
2850 3379 3075 3456 μεγίστη
3149 3379 3387 3458 ὠφέλεια
3460 3384 3804 3462 προσγίνεται

381 3479 500 3535 τοῖς
536 3471 893 3549 βουλομένοις
923 3473 1059 3548 πρὸς
1087 3472 1408 3543 τελειότητα
1439 3474 1654 3552 φθάσαι.

460 3565 549 3619 15.
593 3561 651 3617 Εἰ
699 3562 880 3616 τοίνυν
933 3561 1109 3625 θέλεις
1163 3560 1460 3634 δυνηθῆναι
1511 3571 1642 3620 πᾶσι
1697 3563 1910 3628 τούτοις
1961 3566 2042 3636 ἐξ·

386 3651 779 3723 ἀκολουθῆσαι,
810 3651 899 3706 καὶ
963 3652 1067 3706 ὑπὸ
1123 3653 1330 3707 τούτων
1392 3653 1467 3716 εἷς
1527 3657 1616 3709 τὸν
1676 3656 2038 3728 πνευματικὸν

385 3739 568 3815 ἀγῶνα
625 3745 720 3794 τοῦ
779 3735 1061 3795 κοινοϐίου
1130 3741 1262 3817 ἄχρι
1333 3740 1526 3804 τέλους
1600 3741 2038 3820 διακαρτερῆσαι,

374 3834 543 3884 ταῦτα
594 3829 627 3884 ἓι
676 3828 818 3884 εἶπεν
853 3831 880 3884 ὁ
913 3827 1075 3884 Δαυλιδ
1135 3830 1403 3905 ἀναγκαῖά
1455 3853 1539 3886 σοι
1597 3834 1731 3909 πρὸς
1793 3832 2040 3909 φυλακὴν

383 3915 434 3971 ἐν
463 3921 530 3990 τῇ
563 3915 782 3989 συνοδίᾳ
812 3923 918 3972 τῶν
962 3916 1212 3996 ἀδελφῶν
1263 3915 1517 3974 ἔστωσαν·
1551 3944 1579 3972 ‹‹
1612 3922 1757 3995 Ἐγὼ
1807 3919 1864 3975 δὲ
1912 3923 2038 3976 ὡσεὶ

387 4007 564 4084 κωφὸς
621 4007 724 4062 οὐκ
771 4005 997 4079 ἤκουον,
1032 4007 1121 4061 καὶ
1171 4008 1299 4062 ὡσεὶ
1333 4006 1612 4082 ἅνθρωπος
1655 4008 1754 4063 οὐκ
1800 4009 2034 4078 ἀκούων,

381 4096 468 4148 καὶ
501 4095 596 4151 οὐκ
628 4093 772 4171 ἔχων
808 4094 860 4151 ἐν
892 4101 971 4169 τῷ
1013 4097 1244 4169 στόματι
1293 4095 1457 4152 αὐτοῦ
1515 4096 1806 4172 ἐλεγμούς.
1839 4122 1867 4148 ››
1899 4100 2037 4155 Ὅσα

379 4183 557 4239 τοίνυν
595 4183 814 4261 βλέπεις
844 4183 1114 4261 ἀλλότρια
1157 4182 1462 4260 οἷκοδομῖς
1512 4185 1599 4240 καὶ
1643 4185 1927 4265 ὠφελείας,
1960 4187 2032 4249 ὠς

375 4274 579 4352 τυφλὸς
628 4279 811 4350 γενοῦ,
843 4275 933 4329 καὶ
985 4273 1084 4329 ὃσα
1132 4274 1370 4344 ἀκούεις,
1403 4276 1476 4338 ὡς
1523 4277 1708 4354 κωφὸς
1755 4276 1844 4331 καὶ
1895 4274 2034 4332 ἅλα-

378 4361 499 4431 λος,
531 4363 620 4418 καὶ
672 4362 770 4418 οὐκ
815 4362 959 4440 ἔχων
1012 4363 1062 4418 ἐν
1114 4369 1192 4436 τῷ
1222 4365 1450 4438 στόματι
1482 4363 1771 4440 ἐλεγμούς.
1805 4367 1902 4421 Καὶ
1957 4367 2031 4438 μὴ

390 4454 609 4528 μιμήσῃ
643 4452 886 4522 τούτους,
920 4451 1037 4508 ὅσοι
1070 4449 1307 4523 ἄπιστοι,
1339 4453 1428 4508 καὶ
1473 4454 1721 4524 ἀνήκοοι,
1755 4457 1843 4509 καὶ
1893 4476 2030 4531 προ-

371 4545 575 4606 πετεῖς,
642 4541 733 4594 καὶ
812 4541 1088 4619 συρφετοὶ,
1165 4543 1254 4596 καὶ
1334 4537 1578 4617 ὑϐρισταὶ
1649 4543 2030 4619 τυγχάνουσιν,

2229 3567 2310 3622 15.
2344 3565 2459 3637 (74)
2491 3562 2550 3618 Si
2596 3561 2680 3616 vis
2727 3560 2924 3633 itaque
2975 3561 3305 3618 facultatem
3353 3563 3454 3620 tibi
3507 3581 3636 3622 esse
3683 3567 3804 3624 hmo

2152 3655 2348 3714 omnia
2379 3652 2818 3724 exsequendi,et
2847 3651 2957 3706 sub
2991 3651 3083 3706 bis
3116 3652 3172 3706 in
3224 3653 3521 3724 spirituali
3554 3659 3803 3716 ccenobii

2151 3745 2472 3802 certamine
2498 3743 2567 3797 ad
2605 3742 2777 3797 finem
2814 3757 3001 3812 usque
3037 3757 3428 3812 perseverare,
3478 3749 3805 3804 necessaria

2148 3835 2253 3890 tibi
2278 3835 2347 3889 ad
2380 3831 2709 3887 custodiam
2736 3830 2794 3884 in
2828 3835 2975 3884 cmtu
3012 3830 3256 3885 fratrum
3292 3831 3528 3901 fuerint,
3567 3851 3634 3890 ea
3675 3854 3801 3907 quae

2149 3923 2326 3978 David
2359 3923 2440 3977 ait
2475 3939 2487 3976 :
2529 3941 2549 3968 ε
2588 3922 2701 3991 Ego
2735 3925 2929 3974 autem
2965 3924 3247 3992 tanquam
3279 3923 3497 3977 surdus
3556 3941 3667 3979 non
3698 3943 3800 3982 au-

2149 4012 2401 4080 diebam,
2433 4015 2489 4065 et
2519 4009 2672 4064 sicut
2703 4007 2876 4063 homo
2911 4025 3024 4062 non
3061 4009 3307 4064 audiens
3341 4016 3399 4065 et
3430 4029 3544 4066 non
3578 4012 3803 4071 habens

2145 4101 2205 4155 in
2239 4117 2338 4156 ore
2369 4115 2474 4154 suo
2507 4097 2951 4168 redargutiones
2981 4097 3044 4149 ³⁵.
3081 4097 3571 4172 Quotiescumque
3625 4103 3805 4175 igitur

2146 4189 2344 4260 aliqua
2387 4185 2601 4241 videris
2647 4185 2837 4240 aliena
2887 4186 2958 4240 ab
3005 4187 3388 4243 aedificatione
3421 4194 3479 4244 et
3529 4191 3800 4264 utilitate,

2144 4283 2266 4334 esto
2295 4276 2465 4349 quasi
2495 4291 2721 4338 caecus;
2757 4279 2814 4329 et
2844 4275 2890 4330 si
2924 4291 3040 4345 qua
3086 4275 3344 4331 audieris
3407 4276 3499 4332 his
3560 4279 3798 4353 similia,

2146 4367 2252 4422 ﬁas
2283 4365 2448 4437 quasi
2479 4365 2695 4420 surdus
2717 4369 2771 4417 et
2801 4367 3026 4424 mutus,
3075 4367 3132 4418 et
3167 4380 3278 4418 non
3331 4364 3555 4421 habens
3591 4367 3646 4421 in
3704 4387 3802 4426 ore

2143 4461 2242 4511 tuo
2268 4453 2733 4526 redargutiones.
2770 4452 2964 4521 Neque
3016 4451 3264 4506 imiteris
3313 4470 3411 4508 eos
3462 4455 3558 4526 qui
3593 4456 3799 4514 inﬁde-

2143 4546 2250 4612 les,
2282 4545 2762 4614 inobsequentes,
2798 4539 3149 4612 petulantes,
3184 4542 3801 4612 scurriles,contume-

373 4627 604 4692 ἀλλ’ὡς
661 4629 844 4706 κωφὸς
895 4629 982 4684 καὶ
1038 4633 1113 4703 μή
1165 4630 1400 4700 ἀκούων,
1433 4636 1600 4686 ταῦτα
1642 4633 2030 4707 παραπέμπου.

2149 4634 2273 4690 liosi
2308 4639 2447 4688 sunt
2481 4650 2494 4687 :
2528 4632 2624 4687 sed
2662 4631 2831 4702 quasi
2865 4636 3066 4685 mutus
3098 4636 3155 4685 et
3204 4648 3319 4686 non
3368 4633 3616 4690 audiens
3673 4637 3795 4693 bare

375 4719 496 4775 Ἐάν
527 4718 613 4774 σοί
643 4738 724 4781 τις
762 4717 1050 4794 ἐλέγχους,
1084 4719 1118 4786 ἢ
1166 4716 1372 4790 ὀνείδη,
1404 4721 1440 4788 ἢ
1493 4715 1675 4792 ὕϐρεις
1728 4720 2028 4797 ἐπιπέμψῃ,

372 4806 627 4878 ἀκίνητος
661 4806 749 4862 ἔσο
783 4807 858 4870 ὡς
888 4806 1280 4884 πεφιμωμένος
1311 4807 1400 4861 καὶ
1446 4807 1676 4877 ἅλαλος,
1709 4810 1790 4864 ἀεὶ
1837 4817 2028 4866 τοῦτον

371 4897 462 4950 τὸν
523 4896 711 4972 στίχον
764 4895 1034 4971 ἐπιλέγων
1085 4901 1182 4952 τοῦ
1236 4896 1481 4969 ψαλμοῦ·
1519 4923 1545 4948 ‹‹
1593 4898 1755 4954 Εἶπα.
1798 4899 2030 4970 Φυλάξω

370 4984 466 5046 τὰς
525 4983 682 5047 ὁδούς
746 5007 873 5058 μου,
906 4991 1004 5041 τοῦ
1066 4987 1143 5058 μὴ
1204 4985 1527 5060 ἁμαρτάνειν
1593 5007 1657 5058 με
1707 4986 1756 5041 ἐν
1803 4986 2027 5064 γλώσσῃ

374 5093 498 5144 μου.
553 5072 789 5146 Ἐθέμην
841 5079 920 5146 τῷ
969 5074 1198 5148 στόματί
1256 5097 1360 5148 μου
1410 5073 1682 5153 φυλακὴν,
1725 5075 1775 5129 ἐν
1822 5081 1899 5148 τῷ
1947 5099 2030 5132 συ-

369 5163 554 5230 στῆναι
612 5163 704 5216 τὸν
767 5161 1096 5237 ἁμαρτωλὸν
1147 5163 1387 5218 ἐναντίον
1443 5185 1570 5236 μου,
1605 5163 1905 5242 ὲκωιρέοην,
1941 5167 2027 5221 καί

375 5249 761 5322 ἐταπεινώθην.
801 5277 822 5303 ι
867 5257 988 5306 ’Έτι
1041 5253 1148 5324 μην
1197 5254 1332 5329 πρὸς
1381 5252 1596 5314 τούτοις
1642 5255 1732 5308 καὶ
1776 5254 2028 5330 τέταρτον

368 5343 528 5395 τοῦτο
572 5342 680 5417 πρὸ
730 5340 948 5396 πάντων
999 5339 1220 5414 μελέτα,
1263 5341 1352 5398 καὶ
1404 5340 1708 5420 φυλάσσου,
1761 5342 1893 5420 ὅπερ
1942 5345 2029 5399 καὶ

431 5513 478 5548 ⁸⁵
507 5511 659 5569 Psal.
690 5529 904 5583 xxxvn,
939 5513 1027 5582 14,
1064 5514 1152 5568 15.
1228 5513 1276 5548 ³⁸
1311 5513 1456 5570 Psal.
1489 5532 1728 5584 xxxvm,
1761 5518 1876 5572 1-3.

443 5669 554 5754 (72)
584 5671 829 5740 Nono,si
861 5670 1130 5745 linguam
1161 5671 1545 5744 cohibeat,vel
1570 5688 1686 5731 non
1720 5675 1797 5731 sit
1826 5675 2038 5733 clamo-

369 5757 475 5799 BIJE
507 5759 566 5799 1n
598 5758 756 5800 V000.

2145 4723 2574 4794 praetermittas.
2610 4721 2666 4776 Si
2701 4720 2797 4790 qui
2830 4719 2934 4773 tibi
2971 4719 3421 4790 increpationes,
3456 4726 3789 4796 opprobria,

2141 4809 2526 4866 contumelias
2558 4808 2788 4873 inferat,
2824 4807 3104 4861 immotus
3136 4812 3261 4862 esto
3293 4810 3460 4879 quasi
3515 4811 3792 4881 frenatos,

2141 4899 2385 4970 etquasi
2419 4902 2621 4953 mutus
2655 4913 2666 4950 :
2705 4895 2860 4950 hunc
2886 4895 2990 4950 tibi
3024 4895 3238 4950 Psalmi
3290 4914 3522 4953 versum
3557 4901 3795 4958 assidue

2143 4995 2337 5061 repete
2369 5004 2381 5041 :
2419 5011 2446 5037 «
2480 4985 2608 5042 Dixi
2641 5003 2652 5040 :
2689 4984 3029 5040 Custodiam
3071 4985 3195 5040 vias
3236 5002 3418 5057 meas,
3454 4993 3517 5041 ut
3549 5006 3660 5043 non
3694 4991 3791 5046 de-

2143 5079 2407 5149 linquam
2442 5077 2498 5129 in
2533 5075 2735 5146 lingua
2769 5090 2914 5128 mea.
2954 5074 3127 5128 Posui
3157 5074 3239 5127 ori
3277 5092 3403 5129 meo
3437 5077 3791 5143 custodiam,

2143 5184 2276 5223 cum
2312 5165 2654 5219 consisteret
2686 5167 2951 5234 peccator
2998 5163 3307 5217 adversum
3358 5180 3488 5229 me;
3523 5165 3794 5222 obmutui

2143 5265 2198 5312 et
2229 5254 2577 5310 humiliatus
2611 5269 2741 5306 sum
2774 5251 2837 5305 ³ο.
2873 5273 2900 5300 ››
2935 5251 3019 5304 Ad
3076 5250 3194 5304 ha-c
3249 5257 3303 5304 et
3337 5251 3478 5304 illud
3514 5259 3790 5323 quartum

2144 5349 2278 5402 ante
2329 5342 2529 5399 omnia
2575 5339 2981 5407 meditare;et
3029 5339 3272 5394 observa
3321 5340 3474 5410 quod
3534 5341 3646 5398 tria
3678 5343 3792 5402 ista

2219 5673 2334 5745 (73)
2364 5671 2624 5729 Cassian.
2660 5671 2899 5730 Instant.
2933 5671 3033 5728 lib.
3068 5690 3145 5743 IV,
3179 5690 3227 5730 c.
3261 5675 3345 5730 40.

2208 5747 2321 5819 (74)
2355 5745 2501 5802 Ibid.
2531 5761 2582 5802 ο.
2617 5745 2706 5802 44.
