4148 6362
351 404 466 467 871

1518 401 1581 461 8.
1626 399 2150 466 ATHANASIUS.
2177 434 2254 446 —
2284 402 2598 465 SPUBIA.

3657 400 3777 463 872

352 538 624 611 superius
657 538 813 593 dicta
846 552 1055 593 ornare
1102 535 1350 607 poterit:
1387 537 1452 589 ut
1495 531 1719 589 scilicet
1763 536 1821 588 te
1853 532 1997 589 stul-

2119 532 2379 588 ταῦτατά
2407 533 2662 609 ἀνωτέρω
2712 531 2975 609 είρημένα
3022 531 3146 609 τρία
3201 539 3477 606 κοσμῆσαι
3533 529 3777 588 δύναται.

353 633 480 684 tum
503 633 567 683 et
600 627 1173 698 insipientem,juxta
1204 621 1462 693 Apostoli
1499 627 1855 693 praeceptum
1882 622 2014 688 ³⁷,ἱιι

356 717 465 772 hoc
495 716 707 771 saeculo
739 716 989 783 efﬁcias,
1024 720 1088 768 ut
1118 713 1201 768 sis
1242 712 1478 782 sapiens
1508 729 1522 778 ;
1555 710 1819 766 videlicet
1868 710 2014 765 nihil

351 806 684 877 dijudicans
714 810 816 859 aut
845 803 1126 858 dubitans
1149 802 1208 856 in
1232 800 1684 873 quibuscumque
1706 799 1811 853 tibi
1847 815 2010 854 man-

352 896 531 961 datis,
552 894 933 966 simplicitate
966 908 1176 962 nempe
1206 897 1263 945 et
1290 890 1402 945 ﬁde
1432 887 1772 945 obedientize
1796 888 2016 943 instru-

349 990 502 1041 ctus.
537 984 695 1040 lnter
724 988 934 1038 sancta
971 980 1173 1037 omnia
1203 979 1260 1033 id
1294 978 1667 1034 solummodo
1715 982 2010 1048 sanctum,

349 1072 493 1128 illud
518 1072 774 1144 sapiens,
807 1070 951 1126 illud
984 1069 1125 1125 utile
1152 1069 1377 1133 credas,
1404 1068 1560 1138 quod
1610 1083 1645 1121 a
1696 1066 1859 1121 Patre
1909 1071 2010 1121 tuo

341 1164 579 1234 jussum
612 1161 713 1215 tibi
751 1161 942 1215 fuerit.
967 1159 1086 1215 Hoc
1121 1157 1415 1228 proposito
1436 1156 1779 1210 sicortuum
1813 1155 2011 1209 firma-

346 1251 524 1317 veris,
556 1250 776 1321 poteris
809 1249 880 1304 ad
916 1248 1091 1303 ﬁnem
1125 1262 1308 1317 usque
1349 1244 1565 1299 Christi
1615 1245 1821 1315 iugum
1872 1244 2009 1298 ohe-

351 1339 582 1395 dientize
612 1339 922 1408 sustinere,
953 1343 1012 1393 et
1044 1335 1207 1391 nulla
1235 1352 1304 1390 ex
1334 1333 1551 1389 diaboli
1584 1331 2008 1388 tentationibus

348 1446 418 1485 ex
465 1428 697 1483 artibus
746 1432 1018 1482 excutere
1068 1430 1125 1479 te
1175 1424 1387 1496 poterit
1429 1438 1499 1476 ex
1565 1419 1809 1477 scientia
1854 1421 2004 1475 vitae.

344 1520 457 1585 (75)
490 1516 843 1572 Patientiam
874 1530 1012 1570 vero
1039 1509 2007 1582 tuam,humilitatem,zequaniini-

346 1612 527 1661 tatem
562 1623 633 1661 ne
650 1603 1077 1676 exspectaveris
1104 1619 1172 1658 ex
1207 1600 1455 1656 aliorum
1480 1601 1695 1653 virtute
1727 1603 2003 1667 statuere;

345 1695 393 1750 si
424 1694 698 1749 videlicet
730 1708 903 1748 nemo
935 1697 991 1747 te
1022 1690 1489 1756 stimulet,nemo
1519 1688 2006 1760 despiciat,nemo

345 1782 628 1837 dedecore
677 1781 898 1837 efﬁciat
931 1797 944 1836 :
977 1783 1131 1852 quod
1182 1795 1325 1834 sane
1384 1793 1573 1849 neque
1627 1776 1862 1832 virtutis
1892 1781 2003 1831 tum

345 1876 761 1942 argumentum
793 1874 908 1938 est,
940 1885 1046 1923 nec
1075 1868 1134 1922 in
1178 1874 1283 1923 tua
1330 1869 1421 1921 est
1463 1865 1737 1921 facultate
1773 1881 1787 1919 :
1820 1865 1920 1921 sed
1952 1864 2003 1920 si

345 1958 681 2031 opprobria,
722 1956 1131 2021 contumelias,
1173 1960 1557 2027 contemptus
1603 1954 1752 2009 liber
1808 1955 2004 2015 feras;

347 2046 403 2103 id
439 2046 594 2103 enim
629 2047 715 2102 tui
745 2051 839 2102 est
868 2045 1118 2101 arbitrii.
1152 2044 1286 2115 (76).
1322 2043 1395 2099 Ut
1438 2044 1618 2112 igitur
1654 2058 1783 2114 quae
1811 2041 2000 2097 fusius

348 2152 531 2208 supra
558 2134 845 2199 diximus,
872 2137 998 2207 jam
1031 2135 1180 2189 817
1219 2131 1569 2204 compendio
1618 2132 1902 2197 dicamus,
1935 2136 2001 2185 ut

347 2241 549 2282 eorum
586 2223 817 2281 facilius
852 2223 1365 2292 memineris,audi
1388 2237 1617 2286 rursus,
1650 2220 1748 2292 qui
1783 2220 2000 2292 poteris

351 2330 456 2387 per
499 2314 762 2370 ordinem
813 2314 883 2369 ad
930 2314 1345 2385 perfectionem
1405 2309 1725 2382 pervenire.
1778 2309 1997 2365 Princi-

350 2403 513 2476 pium
548 2401 755 2459 salutis
785 2406 999 2458 nostra:
1029 2402 1208 2456 timor
1235 2404 1325 2455 est
1365 2398 1464 2455 Dei
1498 2416 1511 2455 :
1546 2415 1614 2454 ex
1639 2414 1705 2454 eo
1736 2398 1999 2471 gignitur

348 2493 502 2548 bona
532 2491 866 2549 obedientia
896 2507 909 2546 :
942 2490 1078 2546 hinc
1109 2490 1296 2545 oritur
1324 2487 1611 2559 subjectio
1641 2493 1699 2543 et
1731 2495 1996 2543 contem-

348 2586 485 2654 ptus
514 2598 709 2637 rerum
738 2580 940 2636 mundi
968 2597 981 2637 :
1006 2596 1073 2634 ex
1093 2578 1201 2634 hac
1226 2577 1555 2634 humilitate
1576 2577 1840 2633 nascitur
1866 2594 1993 2648 pro-

342 2672 605 2741 priarum
642 2669 1016 2726 voluntatum
1059 2667 1429 2723 mortiﬁcatio
1464 2685 1477 2722 :
1511 2683 1580 2722 ex
1627 2667 1993 2738 propriarum

336 2759 712 2815 voluntatum
749 2757 1594 2823 mortiﬁcatione,exsiccantur
1621 2756 1990 2827 voluptatum

340 2849 568 2904 radices
602 2865 615 2904 :
650 2848 740 2903 his
770 2851 966 2902 autem
1009 2862 1216 2901 omnes
1265 2846 1473 2900 anima:
1520 2844 1990 2916 imperfectiones

340 2937 751 3007 eliminantur,
777 2950 1029 3007 quarum
1063 2933 1404 3005 expulsione
1420 2934 1992 2989 crescuntt‘ructum-

339 3040 454 3097 que
484 3026 679 3081 ferunt
710 3023 1069 3079 virtutes.Ex
1096 3022 1381 3077 virtutum
1415 3021 1775 3077 incremento
1798 3021 1989 3094 gigni-

336 3119 435 3170 tur
461 3114 684 3186 puritas
730 3113 925 3169 cordis
957 3128 970 3167 :
1006 3112 1321 3183 puritatem
1368 3110 1561 3167 cordis
1608 3111 1990 3182 consequitur

335 3204 659 3276 apostolica
686 3201 984 3274 perfectio,
1014 3201 1203 3273 gratia
1231 3205 1288 3256 et
1331 3198 1548 3255 auxilio
1601 3199 1833 3255 Domini
1883 3217 1986 3256 no-

2123 620 2186 675 τὸ
2239 622 2421 698 μωρὸν
2467 623 2556 677 καὶ
2615 621 2823 698 ἄφρονα
2865 623 3075 691 ἑαυτὸν,
3133 622 3267 676 κατα
3314 623 3377 676 τὸ
3440 620 3780 677 Ἀποστόλου

2123 710 2508 785 παράγγελμα,
2543 710 2595 766 ἐν
2653 710 2833 783 τούτῳ
2886 709 2967 783 τῷ
3024 709 3180 765 αἰῶνι
3235 716 3483 781 ποιῆσαι,
3510 708 3599 764 ’ίνα
3654 710 3781 786 γένῃ

2122 800 2311 877 σοφὸς,
2346 798 2603 870 δηλονότι
2664 797 2831 873 μηδὲν
2882 797 3172 875 διακρίνων
3206 799 3241 868 ἢ
3277 796 3541 868 διστάζων
3590 797 3641 854 ἐν
3697 801 3783 862 οἷς

2123 888 2183 943 ἂν
2213 892 2593 966 προπαχθῇς,
2622 888 2936 956 ἁπλότητος
2967 889 3057 943 καὶ
3103 887 3336 949 πίστεως
3381 889 3481 957 τήν
3538 888 3783 958 ὑπακοὴν

2120 983 2315 1036 ποιῶν.
2351 981 2557 1034 Ἐκεῖνο
2589 978 2754 1052 μόνον
2811 980 2966 1053 ἅγιον
3011 981 3120 1033 τῶν
3173 976 3341 1053 ἁγίων
3396 974 3778 1053 λογιζόμενος,

2119 1067 2210 1122 καὶ
2258 1069 2448 1146 σοφὸν,
2476 1068 2566 1122 καὶ
2618 1066 2892 1144 ωμνρέρον
2938 1066 3230 1135 πιστεύων,
3269 1066 3334 1121 τὸ
3383 1066 3489 1121 ὑπὸ
3534 1070 3631 1121 τοῦ
3679 1071 3777 1121 σοῦ

2119 1158 2329 1233 Πατρὸς
2361 1157 2698 1234 προσταχθέν
2733 1177 2840 1214 σοι.
2871 1156 3104 1230 Τοιαύτῃ
3155 1155 3258 1231 γὰρ
3314 1152 3548 1210 διαθέσει
3606 1156 3774 1234 ἀσφα-

2121 1244 2414 1319 λισάμενος
2440 1248 2540 1315 τὴν
2574 1247 2672 1315 σὴν
2704 1242 2952 1321 καρδίαν,
2987 1241 3193 1318 δυνήσῃ
3236 1240 3339 1307 ἕως
3392 1244 3587 1308 τέλους
3635 1245 3773 1300 ὑπο-

2122 1340 2302 1407 μεῖναι
2339 1335 2431 1389 τὸν
2476 1337 2712 1402 Χριστοῦ
2747 1335 2904 1410 ζυγὸν
2961 1341 3060 1404 τῆς
3119 1334 3424 1409 ὑποταγῆς,
3470 1333 3562 1389 καὶ
3615 1331 3768 1389 οὐδὲν

2115 1443 2175 1477 σε
2200 1428 2307 1479 τῶν
2358 1427 2456 1479 τοῦ
2505 1419 2766 1478 διαϐόλου
2822 1422 3190 1499 πειρατηρίων
3238 1422 3330 1476 καὶ
3375 1421 3769 1498 τεχνασμάτων

2117 1509 2403 1583 δυνήσεααι
2436 1510 2691 1567 σαλεῦσαι
2747 1511 2807 1567 ἐκ
2849 1518 2949 1581 τῆς
2991 1511 3299 1582 ἐπιστήμης
3349 1515 3448 1565 τοῦ
3495 1511 3635 1586 βίου.
3673 1511 3768 1566 Καὶ

2113 1603 2214 1669 τήν
2251 1602 2528 1674 ὑπομονὴν
2561 1598 2642 1672 δὲ,
2691 1601 2782 1655 καὶ
2835 1602 2936 1670 τήν
2985 1600 3333 1667 ταπείνωσιν,
3372 1600 3462 1654 καὶ
3512 1600 3613 1669 τὴν
3668 1622 3767 1674 μα-

2113 1691 2410 1767 κροθυμίαν
2441 1693 2541 1761 τὴν
2575 1691 2696 1760 σὴν,
2718 1692 2792 1764 μὴ
2827 1689 2888 1744 ἐκ
2914 1696 3014 1759 τῆς
3044 1693 3152 1744 τῶν
3178 1687 3365 1744 ἄλλων
3385 1688 3581 1765 ἀρετῆς
3602 1710 3772 1765 προσ-

2116 1777 2248 1835 δόκα
2291 1784 2706 1857 κατορθοῦσθαι·
2737 1780 2850 1834 οἷον
2885 1779 2972 1834 ἐὰν
3022 1780 3109 1833 ὑπ’
3141 1775 3361 1840 οὐδενὸς
3407 1778 3701 1854 παροξύνῃ,
3733 1780 3768 1849 ἢ

2114 1869 2215 1924 οὐκ
2243 1866 2645 1943 ἐξουδενὼσῃ,ἢ
2671 1868 2770 1923 οὐκ
2799 1866 3210 1942 ἀτιμάζῃ,δπερ
3243 1864 3368 1921 οὔτε
3392 1870 3493 1932 τῆς
3524 1874 3622 1937 σῆς
3653 1868 3771 1943 ἀρε-

2107 1965 2208 2028 τῆς
2242 1958 2352 2013 ἐστι
2382 1955 2599 2035 δεῖγμα,
2634 1954 2758 2012 οὕτε
2787 1956 2839 2012 ἐν
2883 1960 2953 2030 τῇ
3005 1955 3214 2028 ἐξουσίᾳ
3253 1960 3448 2011 κεῖται·
3482 1954 3611 2011 ἀλλ’
3640 1956 3765 2012 ὅταν

2110 2044 2582 2121 λοιδορούμενος,
2636 2046 2671 2115 ἢ
2733 2044 3174 2119 ἀτιμαζόμενος,
3228 2045 3263 2114 ἢ
3319 2041 3766 2118 ἐξουδενούμενος

2107 2137 2295 2212 πράως
2328 2136 2514 2213 φέρῃς·
2546 2138 2709 2189 τοῦτο
2738 2135 2839 2210 γὰρ
2886 2132 2937 2187 ἐν
2987 2136 3055 2207 τῇ
3098 2136 3167 2198 σῆ
3207 2134 3517 2209 προαιρέσει
3566 2139 3761 2193 κεῖται.

2105 2228 2221 2281 "Iv:
2249 2224 2428 2279 τοίνυν
2459 2222 2595 2278 αὐτὰ
2637 2224 2832 2291 πάντα,
2864 2224 2999 2295 ἅπερ
3056 2219 3392 2298 πλατύτερον
3443 2221 3761 2299 εἰρήκαμεν,

2107 2312 2570 2389 συναθροίσαντες.
2600 2310 2653 2366 τί
2707 2331 2841 2366 ποτε
2896 2311 3165 2385 σύντομον
3224 2309 3463 2384 εἴπωμεν
3515 2312 3652 2389 πρὸς
3699 2313 3763 2367 τὸ

2104 2401 2347 2464 εὐκόλως
2376 2402 2476 2470 τήν
2510 2401 2607 2469 σὴν
2641 2398 2879 2455 διάνοιαν
2924 2400 3131 2455 τούτων
3188 2398 3565 2473 μνημονεύειν,
3598 2398 3761 2457 ἄκουε

2103 2489 2290 2563 πάλιν,
2329 2495 2450 2552 πῶς
2480 2491 2617 2545 κατά
2644 2487 2790 2562 τάξιν
2825 2486 3029 2563 δυνήσῃ
3079 2483 3334 2557 ἐπιϐῆναι
3388 2495 3490 2559 τῆς
3546 2486 3757 2545 τελειό-

2101 2599 2289 2649 τητος.
2346 2578 2520 2653 Ἀρχή
2569 2581 2669 2642 τῆς
2711 2578 2983 2653 ἡμετερας
3033 2575 3306 2651 σωτηρίας
3352 2577 3381 2631 ὁ
3431 2572 3600 2656 φόϐος
3649 2577 3761 2634 ἐστί

2101 2671 2197 2721 τοῦ
2245 2671 2400 2723 Θεοῦ·
2443 2666 2502 2721 ἐκ
2541 2666 2739 2722 τούτου
2785 2672 3031 2742 γεννᾶται
3076 2666 3247 2741 ἀγαθὴ
3303 2667 3536 2737 ὑπακοὴ,
3591 2666 3643 2739 ἐξ
3693 2670 3762 2737 ἧς

2100 2756 2335 2811 τίκτεται
2380 2758 2417 2826 ἡ
2478 2756 2744 2833 ὑποταγή,
2799 2756 2890 2810 καὶ
2959 2757 2995 2825 ἡ
3055 2754 3457 2834 καταφρόνησις
3506 2762 3613 2812 τῶν
3661 2761 3760 2812 τοῦ

2100 2841 2310 2919 κόσμου
2365 2844 2722 2921 πραγμάτων·
2757 2843 2817 2899 ἐκ
2848 2841 2906 2898 δὲ
2961 2844 3163 2915 ταύτης
3223 2850 3323 2913 τῆς
3378 2846 3759 2909 ταπεινώσεως

2099 2940 2350 3008 γεννᾶται
2402 2938 2509 2989 τῶν
2570 2930 2725 2988 ἲδίων
2786 2931 3115 3005 θελημάτων
3170 2935 3205 3003 ἡ
3263 2927 3544 3008 νέκρωσις·
3593 2933 3654 2990 ἐκ
3700 2933 3758 2990 δὲ

2096 3030 2197 3094 τῆς
2226 3028 2333 3078 τῶν
2367 3021 2692 3095 θελημάτων
2723 3022 3036 3095 νεκρώσεως
3083 3022 3140 3076 α⁶ι
3186 3026 3292 3077 τῶν
3345 3020 3556 3092 ἡδονῶν
3609 3022 3753 3099 ῥίζαι

2102 3111 2474 3187 μαραίνονται·
2508 3110 2568 3166 ἐκ
2597 3108 2655 3166 δὲ
2683 3110 2892 3165 τούτων
2921 3108 3095 3165 πάντα
3134 3111 3202 3165 τὰ
3245 3108 3602 3185 ἐλαττώματα
3649 3119 3752 3183 τῆς

2097 3204 2284 3277 ψυχῆς
2312 3196 2744 3256 ἀποϐάλλονται·
2777 3203 2846 3271 τῇ
2882 3196 2941 3254 δὲ
2983 3194 3238 3274 ἀποϐολῇ
3282 3199 3512 3267 τούτων,
3546 3201 3601 3255 αἱ
3631 3201 3751 3279 ἀρε-

336 3292 443 3348 stri
500 3291 637 3347 Jesu
667 3289 906 3361 Christi,
936 3289 1031 3345 eui
1062 3288 1253 3363 gloria
1283 3289 1341 3344 in
1383 3288 1600 3345 saecula
1633 3288 1979 3345 seculorum

2109 3290 2178 3345 :ai
2238 3286 2478 3361 αὔξουσι,
2509 3288 2599 3344 καὶ
2647 3292 3077 3367 καρποφοροῦσι·
3129 3292 3198 3363 τῇ
3250 3285 3309 3343 δὲ
3360 3288 3578 3359 αὐξήσει
3635 3296 3748 3346 τῶν

337 3388 543 3437 Amen.

2095 3380 2298 3456 ἀρετῶν
2348 3382 2383 3449 ἠ
2436 3379 2739 3451 καθαρότης
2784 3384 2884 3447 τῆς
2935 3374 3159 3454 καρδίας
3215 3377 3586 3453 προσγίνεται·
3631 3386 3752 3443 ταῖς

336 3464 394 3523 δὲ
448 3466 775 3540 καθαρότησι
830 3472 933 3536 τῆς
984 3462 1211 3539 καρδίας
1241 3466 1277 3535 ἡ
1308 3463 1648 3544 ἀποστολική
1699 3464 1981 3537 τελειότης
2030 3467 2392 3524 ἐπακολουθεῖ
2447 3468 2634 3544 χάριτι
2693 3466 2785 3522 καὶ
2838 3466 3120 3543 συνεργείᾳ
3173 3471 3268 3522 τοῦ
3327 3467 3527 3544 Κυρίου
3586 3470 3747 3543 ἡμῶν

337 3549 518 3617 Ἰησοῦ
548 3549 802 3623 Χριστοῦ,
837 3547 883 3619 ᾧ
913 3548 948 3616 ἡ
983 3544 1111 3616 δόξα
1141 3545 1215 3607 εἲς
1244 3543 1371 3608 τοὺς
1402 3544 1600 3607 αἰῶνας
1630 3550 1737 3600 τῶν
1769 3545 2005 3606 αὶώνων.
2040 3549 2242 3622 Ἀμήν.

339 3692 643 3748 EIUSDEM
749 3691 983 3749 MAGNI
1071 3690 1428 3746 ATHANASII
1520 3691 1610 3745 AD
1704 3691 1987 3748 EUMDEM

408 3762 753 3892 gigEgREM
810 3763 899 3818 DE
975 3763 1160 3822 OCTO
1233 3762 1544 3818 ΜΑιιΤιΑΞ
1616 3761 1989 3819 COGITATIO-

414 3962 462 4013 t.
493 3961 608 4029 (77)
638 3960 780 4015 Cum
814 3957 977 4029 prius
1009 3958 1079 4014 de
1110 3956 1530 4013 constitutione
1584 3958 1987 4014 ctenobiorum

339 4048 518 4104 verba
584 4048 922 4114 fecerimus,
963 4047 1175 4104 vestris
1228 4048 1359 4103 freti
1418 4048 1804 4116 orationibus,
1861 4049 1986 4120 jam

336 4137 594 4192 scribere
624 4136 1004 4209 aggredimur
1048 4137 1117 4192 de
1161 4142 1289 4192 octo
1332 4135 1568 4190 malitiae
1617 4137 1988 4209 cogitationi-

335 4227 468 4295 bus,
520 4226 806 4282 edacitate
848 4225 1092 4295 scilicet,
1139 4225 1542 4295 fornicatione,
1606 4225 1868 4292 avaritia,
1903 4226 1992 4280 ira

333 4315 592 4380 tristitia,
626 4314 883 4387 pigritia,
915 4331 1068 4370 vana
1099 4314 1283 4386 gloria
1315 4319 1371 4369 et
1399 4314 1696 4386 superbia.
1726 4314 1988 4370 Primum

333 4403 530 4475 itaque
562 4404 633 4459 de
665 4403 1023 4460 abstinentia
1052 4403 1280 4459 dicetur
1308 4420 1341 4457 a
1370 4403 1561 4473 nobis,
1614 4420 1742 4474 quze
1790 4404 1991 4459 edaci-

329 4492 446 4548 tati
478 4492 750 4565 opposita
777 4498 897 4549 est:
932 4508 1176 4566 agemus
1206 4491 1347 4548 item
1369 4492 1438 4546 de
1462 4492 1831 4563 jejuniorum
1865 4510 1988 4548 mo-

331 4582 427 4649 do,
462 4582 533 4637 de
564 4581 846 4653 qualitate
874 4585 933 4636 et
956 4583 1288 4652 quantitate
1314 4579 1752 4636 alimentorum.
1785 4583 1899 4653 (78)
1920 4582 1991 4638 Et

332 4671 456 4726 haec
488 4687 604 4726 non
636 4686 705 4725 ex
735 4669 903 4725 nobis
928 4669 1078 4741 ipsis
1112 4670 1326 4725 dicturi
1360 4686 1608 4739 sumus;
1642 4670 1742 4726 sed
1767 4687 1835 4726 ea
1859 4687 1987 4742 qua;

2642 3694 2965 3746 ΜΕΓΔΛΟΥ
3062 3691 3473 3748 ΑΘΑΝΑΣΙΟΥ
3578 3692 3755 3747 ΠΡΟΣ

2710 3763 3026 3818 ΚΑΣΤΟΡΑ
3121 3768 3277 3819 ΠΕΡΙ
3377 3769 3514 3818 ΤΩΝ
3589 3764 3763 3820 ΟΚΤΩ.

2095 3697 2224 3749 ΤΟΥ
2326 3696 2543 3747 ΑΥΤΟΥ

2169 3768 2298 3818 TON
2390 3763 2616 3819 ΑΥΤΟΝ
2710 3763 3026 3818 ΚΑΣΤΟΡΑ
3121 3768 3277 3819 ΠΕΡΙ
3377 3769 3514 3818 ΤΩΝ

2167 3840 2303 3890 ΤΗΣ
2379 3836 2643 3891 ΚΛΚΙΔΣ
2720 3836 3101 3891 ΛΟΓΙΣΜΩΝ.

2172 3962 2223 4015 1.
2257 3958 2455 4035 Πρώην
2479 3958 2571 4014 τὸν
2602 3958 2728 4035 περὶ
2761 3955 3148 4021 διατυπώσεως
3201 3956 3367 4036 λόγον
3419 3963 3526 4014 τῶν
3578 3978 3761 4014 κοινο-

2102 4042 2235 4103 ϐίων
2269 4050 2634 4121 συντάξαντες,
2664 4046 2830 4103 πάλιν
2864 4045 2952 4103 ἐπὶ
2997 4052 3094 4102 τοῦ
3142 4046 3430 4123 παρόντος,
3458 4051 3577 4108 ταῖς
3638 4046 3766 4120 ὗμε-

2098 4136 2279 4211 τέραις
2339 4137 2529 4214 εὐχαῖς
2590 4135 2995 4214 θαρρήσαντες,
3055 4134 3490 4211 ἐπεχειρήσαμεν
3558 4137 3762 4212 γράψαι

2100 4228 2224 4304 περὶ
2256 4232 2359 4282 τῶν
2393 4227 2537 4283 ὀκτὼ
2582 4233 2683 4297 τῆς
2734 4226 2922 4288 κακίας
2983 4225 3293 4299 λογισμῶν·
3326 4224 3757 4300 γαστριμαργίας

2101 4315 2246 4393 φημὶ
2302 4315 2391 4371 καὶ
2449 4314 2722 4390 πορνείας,
2756 4312 3117 4390 φιλαργυρίας
3175 4309 3266 4364 καὶ
3326 4311 3521 4385 ὀργῆς,
3577 4310 3760 4381 λύπης

2098 4407 2189 4462 καὶ
2245 4405 2500 4476 ἀκηδίας,
2530 4400 2839 4473 κενοδοξίας
2887 4401 2978 4454 καὶ
3038 4398 3422 4473 ὑπερηφανίας.
3471 4403 3756 4470 Προηγου-

2105 4497 2281 4569 μένως
2337 4495 2517 4549 τοίνυν
2567 4489 2690 4565 περὶ
2742 4487 3051 4564 ἐγκρατείας
3099 4484 3328 4561 γαστρὸς
3370 4488 3506 4557 ἡμῖν
3553 4480 3759 4559 λεχθή-

2102 4605 2272 4652 σεται,
2327 4588 2429 4651 τῆς
2488 4578 2867 4651 ἀντικειμένης
2926 4579 2993 4649 τῇ
3047 4573 3488 4652 γαστριμαργίᾳ·
3548 4576 3645 4627 τοῦ
3701 4593 3759 4627 τε

2097 4672 2304 4747 τρόπου
2331 4672 2439 4723 τῶν
2471 4670 2761 4738 νηστειῶν,
2795 4664 2885 4720 καὶ
2941 4666 3041 4733 τῆς
3088 4663 3389 4732 ποιότητος
3445 4661 3535 4716 καὶ
3593 4659 3761 4715 ποσό-

331 4758 670 4831 accepimus
701 4774 736 4813 a
766 4759 985 4813 sanctis
1034 4758 1309 4813 Patribus
1354 4759 1596 4815 nostris.
1658 4758 1745 4815 Illi
1798 4760 1995 4832 itaque

2109 4779 2265 4831 τητος
2320 4761 2426 4811 τῶν
2490 4756 2821 4832 βρωμάτων.
2882 4754 2986 4811 Καὶ
3042 4757 3211 4809 ταῦτα
3268 4750 3369 4806 οὐκ
3426 4749 3515 4828 ἀφ’
3562 4749 3763 4804 ἑαυτῶν

330 4864 448 4902 non
482 4863 656 4901 unam
685 4844 897 4917 jejunii
929 4845 1421 4918 regulam,neque
1462 4864 1645 4902 unum
1676 4849 1984 4905 comestio-

332 4936 426 4992 nis
460 4935 721 4999 modum,
757 4950 943 5006 neque
974 4934 1240 4990 eamdem
1278 4936 1468 5006 ipsam
1519 4936 1798 4993 omnibus
1829 4955 1990 4994 men-

336 5041 536 5081 suram
567 5023 883 5090 tradidere,
934 5024 1071 5094 quia
1124 5040 1237 5079 non
1289 5040 1495 5080 omnes
1545 5025 1810 5095 ejusdem
1856 5032 1997 5081 sunt

336 5113 582 5182 roboris,
615 5111 704 5167 vel
734 5112 944 5177 aetatis,
976 5116 1034 5167 et
1063 5111 1198 5182 quia
1230 5111 1327 5168 alii
1358 5112 1703 5167 inﬁrmitate
1733 5115 1998 5187 corporis

333 5200 730 5268 laborant,alii
761 5200 1099 5258 delicatiore
1132 5206 1271 5257 sunt
1301 5201 1767 5272 corpore.Unum
1798 5209 1995 5260 autem

335 5293 612 5349 omnibus
642 5291 941 5346 tradidere
971 5307 1243 5363 scepum,
1278 5296 1345 5345 ut
1392 5290 1622 5362 fugiant
1668 5291 1998 5363 crapulam,

335 5385 393 5438 et
418 5380 638 5438 ventris
668 5378 1042 5437 saturitatem
1075 5382 1422 5435 aversantur
1453 5395 1466 5434 :
1504 5393 1573 5434 ac
1603 5378 2001 5451 experimento

409 5515 455 5550 ³⁸⁸
486 5516 509 5571 Ι
540 5513 668 5570 Cor.
701 5530 788 5586 ιιι,
821 5513 908 5569 18.

414 5647 526 5789 ρδ)
556 5645 819 5729 Cassian.
853 5645 1093 5702 Institut.
1128 5643 1230 5699 lib.
1263 5659 1341 5711 ιν,
1374 5657 1425 5697 ο.
1460 5643 1548 5699 42.

438 5718 530 5789 76)
562 5718 707 5774 Ibid.
741 5734 790 5774 ο.
826 5718 916 5773 43.

438 5718 530 5789 76)
562 5718 707 5774 Ibid.
741 5734 790 5774 ο.
826 5718 916 5773 43.

2098 4849 2349 4925 ἐροῦμεν,
2401 4843 2527 4901 ἀλλ’
2576 4846 2711 4921 ἅπερ
2774 4843 3192 4922 παρειλήφαμεν
3238 4841 3384 4917 παρὰ
3433 4844 3542 4894 τῶν
3595 4837 3757 4913 ἁγίων

2102 4940 2263 5011 ἡμῶν
2322 4937 2594 5011 Πατέρων.
2630 4935 2857 4992 Ἐκεῖνοι
2914 4932 3093 4988 τοίνυν
3141 4929 3250 5005 οὐχ
3295 4926 3388 4984 ἕνα
3443 4926 3638 4982 κανόνα
3665 4948 3761 4997 νη-

2106 5026 2300 5097 στείας,
2333 5022 2458 5081 οὐδὶ
2486 5020 2579 5080 ἕνα
2607 5023 2811 5097 τρόπον
2851 5029 2954 5091 τῆς
3003 5025 3110 5074 τῶν
3166 5015 3470 5094 βρωμάτων
3520 5013 3760 5088 μεταλή-

2105 5120 2274 5191 ψεως,
2308 5111 2433 5171 οὐδὲ
2462 5114 2524 5169 τὸ
2555 5112 2686 5168 αὐτὸ
2744 5112 2939 5187 μέτρον
2988 5113 3117 5161 πᾶσι
3153 5100 3526 5177 μεταδιδόασι,
3558 5100 3647 5157 διὰ
3695 5102 3758 5157 τὸ

2112 5189 2254 5279 μηδὲ
2304 5203 2509 5265 πάντας
2558 5203 2659 5270 τὴν
2706 5199 2870 5267 αὐτὴν
2927 5195 3084 5270 ἰσχὺν
3136 5192 3301 5268 ἔχειν,
3333 5194 3367 5263 ἢ
3401 5189 3490 5247 διὰ
3516 5191 3762 5261 ἠλικίαν,

2107 5296 2142 5363 ἦ
2172 5291 2242 5349 δι’
2273 5293 2567 5362 ἀσθίνειαν,
2599 5290 2634 5357 ἦ
2669 5285 2758 5341 διὰ
2784 5283 2889 5355 ἓξιν
2925 5282 3269 5358 ἀπειοτέρου
3329 5282 3603 5355 σώματος·
3634 5285 3766 5338 Ἕνα

2112 5380 2171 5437 δὲ
2202 5380 2403 5437 σκοπὸν
2430 5378 2561 5434 πάσι
2592 5370 3033 5450 παραδεδώκασι,
3078 5370 3294 5449 φεύγειν
3354 5371 3453 5440 τήν
3512 5369 3771 5445 πλησμο-

2182 5650 2293 5718 (77)
2326 5643 2873 5718 Cassian.rlnstitut.
2905 5640 3010 5701 lib.
3038 5659 3093 5700 v.
3126 5658 3176 5699 c.
3211 5642 3263 5714 1,
3294 5644 3354 5698 et
3384 5656 3504 5714 seq.

2184 5716 2300 5793 (τε)
2327 5717 2473 5777 Ibid.
2507 5734 2559 5775 ο.
2588 5716 2644 5774 5.
