4148 6362
349 412 432 472 873
1367 401 1752 465 EPISTULA
1795 401 1846 462 ll
1894 401 1995 460 AD
2041 401 2482 462 CASTOREM.

3518 405 3642 465 874

344 543 426 614 νῆν,
465 541 527 594 καὶ
560 536 960 616 ἀποστρέφεσθαι
1013 535 1112 603 τὴν
1167 533 1463 610 χορτασίαν
1495 540 1595 602 τῆς
1625 530 1871 608 γαστρός·

1993 533 2435 604 comprobatum
2481 532 2754 587 dixerunt
2803 533 3005 587 utilius
3053 550 3181 590 esse
3229 535 3639 605 quotidianum

339 633 409 699 τὴν
444 627 484 684 δὲ
526 628 854 704 καθημερινὴν
905 623 1152 696 νηστείαν
1204 620 1527 694 ἐδοκίμασαν
1584 621 1875 699 ὠφελιμω-

336 720 446 794 τέραν
468 719 580 788 εἶναι,
616 718 694 772 καὶ
748 710 1213 790 συμϐαλλομένην
1274 713 1406 767 εἶναι
1457 711 1593 786 πρὸς
1643 709 1874 785 καθαρό-

332 830 446 880 τητα,
491 807 613 863 πλέον
661 813 762 876 τῆς
821 803 871 858 ἐν
928 802 1102 878 τρισὶν
1162 802 1197 871 ἢ
1254 801 1521 876 τέταρσιν,
1555 802 1589 869 ἢ
1640 800 1730 853 καὶ
1768 795 1872 862 ἕως

330 893 555 971 ἱϐδομάδος
597 895 892 968 ἑλκομένης
945 891 1226 962 νηστείας.
1291 889 1387 944 Καὶ
1439 889 1538 965 γάρ
1601 910 1724 964 φασι
1780 888 1872 943 τὸν

327 989 510 1060 ἀμέτρως
531 979 936 1058 ἐπεκτεινόμενον
967 986 1035 1056 τῇ
1067 978 1287 1051 νηστείᾳ
1337 980 1467 1055 ὑπὲρ
1504 976 1699 1054 μέτρον
1731 977 1876 1032 πολ-

324 1076 440 1138 λάκις
461 1080 511 1150 τῇ
549 1078 698 1152 τροφῇ
749 1074 1075 1148 κεχρῆσθαι,
1128 1070 1202 1132 ὡς
1255 1069 1313 1123 ἐκ
1355 1069 1553 1123 τούτου
1604 1068 1736 1122 ποτε
1780 1067 1874 1140 μὶν

318 1170 368 1241 τῇ
396 1161 611 1242 ὑπερϐολὴ
637 1168 732 1229 τῆς
762 1163 966 1223 ἀσιτίας
1020 1161 1226 1215 ἀτονεῖν
1281 1159 1343 1213 τὸ
1390 1162 1569 1231 σῶμα,
1603 1157 1692 1212 καὶ
1737 1156 1876 1230 πρὸς

312 1256 385 1318 τὰς
430 1253 738 1328 πνευματικὰς
789 1250 1132 1326 λειτουργίας
1186 1249 1543 1324 ὀκνηρότερον
1614 1245 1872 1322 γίνεσθαιο

310 1347 412 1399 ποτὲ
437 1342 498 1415 δὲ,
538 1349 598 1415 τῷ
643 1341 840 1412 πλήθει
889 1345 996 1394 τῶν
1045 1343 1262 1414 τροφῶν
1315 1336 1704 1414 βαρυνόμενον,
1737 1336 1875 1405 ἀκη-

308 1432 491 1488 δίανκαὶ
517 1432 754 1508 χαύνωσιν
811 1429 1056 1504 ἐμποιεῖν
1110 1432 1178 1502 τῇ
1229 1431 1408 1503 ψυχῇ.
1454 1427 1551 1481 Καὶ
1598 1424 1761 1481 πάλιν
1814 1423 1874 1479 οὗ

304 1529 431 1577 πᾶσιν
475 1519 698 1598 ἁρμόδιον
757 1520 886 1575 εἶναι
950 1520 1047 1588 τὴν
1094 1522 1200 1572 τῶν
1249 1516 1506 1592 λαχάνιον
1544 1513 1874 1589 μετάληψιν,

300 1611 400 1667 οὐδὲ
424 1617 528 1667 πᾶσι
575 1613 659 1680 τὴν
718 1615 825 1665 τῶν
887 1608 1152 1686 ὀσπρίων,
1212 1605 1337 1661 οὐδὲ
1388 1608 1589 1667 πάντας
1621 1603 1875 1660 δύνασθαι

293 1705 347 1775 τῇ
375 1706 457 1755 τοῦ
481 1704 621 1776 ξηροῦ
648 1698 810 1776 ἄρτου
859 1705 1158 1774 κεχρῆσθαι
1201 1700 1400 1774 τροφῇ⁸
1447 1695 1534 1749 καὶ
1587 1693 1751 1750 πάλιν
1779 1695 1870 1750 τὸν

292 1788 370 1863 μέν
415 1811 524 1867 φησι
566 1787 649 1844 δύο
701 1787 890 1864 λίτρας
936 1787 1175 1842 ἐσθίοντα
1223 1783 1388 1861 ἄρτου
1441 1784 1618 1857 ἂκμὴν
1663 1789 1872 1855 πεινᾷν,

286 1879 428 1936 ἄλλον
459 1877 508 1935 δὲ
534 1878 778 1948 ἐσθίοντα,
816 1877 1023 1952 λίτραν,
1117 1876 1169 1949 ἓξ
1222 1875 1440 1952 ούγγίας
1490 1874 1870 1952 χορτάζεσθαι.

284 1975 420 2025 Πᾶσιν
465 1968 564 2043 οὖν,
607 1970 677 2032 ὡς
727 1965 960 2044 εἶ’ρηται,
994 1963 1080 2022 ἕνα
1125 1967 1322 2020 σκοπὸν
1355 1964 1667 2041 ἐγκρατείας
1699 1985 1869 2041 παρα-

282 2057 524 2131 δεδώκασι,
552 2059 606 2113 τὸ
659 2059 736 2131 μὴ
787 2058 1089 2119 ἀπατᾶσθαι
1136 2055 1402 2131 χορτασίᾳ
1449 2052 1684 2126 κοιλίας,
1731 2051 1872 2127 μηδὲ

274 2147 536 2218 ἐξέλκεσθαι
561 2151 622 2222 τῇ
667 2152 764 2201 τοῦ
799 2145 1066 2220 λάρυγγος
1117 2142 1314 2217 ἡδονῇ.
1363 2141 1503 2201 Οὐδὲ
1551 2145 1653 2219 γὰρ
1685 2146 1720 2213 ὴ
1755 2140 1871 2197 δια-

268 2239 390 2315 φορὰ
410 2241 498 2308 τῆς
527 2237 806 2307 ποιότητος
845 2235 1032 2309 μόνον,
1083 2232 1230 2289 ἀλλὰ
1274 2232 1363 2287 καὶ
1409 2235 1444 2302 ὴ
1489 2233 1729 2302 ποσότης
1775 2237 1873 2287 τοῖ’)

261 2325 483 2398 πλήθους
533 2331 632 2381 τῶν
684 2323 988 2401 βρωμάτων
1049 2323 1116 2377 τὰ
1174 2323 1542 2397 πεπυρωμένα
1593 2321 1728 2395 βέλη
1771 2328 1874 2391 τῆς

257 2414 498 2491 ἁμαρτίας
544 2413 716 2469 ἐίωθεν
759 2413 1048 2467 ἀνάπτειν’
1095 2408 1212 2472 ο²ίας
1260 2411 1361 2486 γὰρ
1413 2407 1617 2481 δήποτε
1663 2416 1874 2485 τροφῆς

251 2503 584 2578 πληρουμένη
631 2503 862 2578 γαστὴρ,
913 2499 1142 2561 ἀσωτίας
1191 2499 1472 2574 σπέρματα
1517 2498 1719 2557 τίκτει.
1770 2501 1874 2555 Καὶ

247 2591 400 2647 πάλιν
432 2591 488 2646 οὐ
521 2590 676 2664 μόνον
721 2588 998 2666 κραιπάλη
1042 2587 1214 2654 οἴνου,
1245 2586 1391 2642 ἀλλὰ
1437 2589 1526 2643 καὶ
1573 2586 1872 2662 πλησμονὴ

244 2679 450 2749 ὕδατος,
504 2680 588 2734 καὶ
644 2683 828 2733 πασῶν
879 2682 1094 2755 τροφῶν
1157 2672 1432 2751 ὑπερϐολὴ
1488 2678 1872 2753 κεκαρωμένην

237 2769 321 2824 καί
353 2768 696 2837 νυστάζουσαν
745 2767 946 2835 ταύτην
995 2765 1344 2822 ἀποτελοῦσι.
1378 2770 1502 2826 Τοῖς
1544 2763 1874 2839 Σοδομίταις

231 2859 327 2914 οὐκ
357 2854 502 2913 οἴκου
530 2857 617 2912 καὶ
667 2854 939 2933 διαφόρων
996 2856 1301 2931 βρωμάτων
1353 2854 1629 2930 κραιπάλη
1657 2903 1670 2928 ,
1711 2876 1872 2910 κατα-

225 2952 456 3025 στροφῆς
486 2944 697 3021 γέγονεν
749 2941 914 3014 αἰτία,
966 2941 1093 2996 ἀλλ’
1145 2944 1308 3018 ἄρτου
1357 2941 1688 3016 πλησμονὴ,
1739 2945 1874 2999 κατά

217 3038 309 3091 τὸν
364 3037 678 3112 προφήτην.
729 3035 790 3090 Ἣ
842 3032 1088 3086 ἀσθένεια
1135 3036 1232 3086 τοῦ
1279 3032 1530 3104 σώματος
1579 3033 1716 3106 πρὸς
1769 3034 1869 3102 τὴν

212 3127 557 3201 καθαρότητα
614 3129 712 3192 τῆς
769 3119 990 3197 καρδίας
1039 3121 1138 3175 οὐκ
1181 3120 1469 3175 ἀντίκειται
1509 3165 1519 3177 .
1552 3125 1730 3176 Ταῦτα
1777 3119 1868 3176 οὖν

207 3214 632 3291 παρασχόμενος
681 3213 762 3284 τῷ
811 3212 1023 3284 σώματι
1057 3208 1089 3265 ἂ
1117 3213 1151 3280 ἡ
1201 3211 1437 3264 ἀσθένεια
1484 3211 1719 3278 ἀπαιτεῖ,
1761 3211 1870 3287 ούχ

1974 621 2475 693 jejunium,atque
2505 621 2576 675 ad
2607 621 2923 692 puritatem
2952 623 3140 694 magis
3161 625 3637 697 conferre,quam

1984 710 2031 766 si
2065 712 2135 766 ad
2167 716 2286 766 tres
2316 709 2406 766 vel
2455 714 2708 782 quatuor
2763 711 2908 782 dies,
2942 716 3042 766 aut
3079 714 3149 767 ad
3201 712 3636 770 hebdomadam

1986 816 2170 870 usque
2194 800 2488 871 jejunium
2523 801 2920 872 protrahatur.
2955 801 3131 858 Aiunt
3180 803 3336 858 enim
3370 818 3500 858 eum
3535 802 3638 874 qui

1985 889 2371 946 immoderate
2393 890 2689 961 jejunium
2724 891 3034 962 protrahit,
3085 892 3240 948 ultra
3294 910 3638 949 mensuram

1986 995 2137 1050 saepe
2161 980 2287 1035 cibo
2311 981 2396 1034 uti
2422 997 2432 1047 ;
2469 979 2552 1035 ita
2575 986 2640 1034 ut
2664 979 2797 1036 hinc
2815 997 2967 1054 saepe
2988 981 3211 1037 accidat
3231 986 3295 1036 ut
3316 982 3637 1054 aliquando

1986 1069 2224 1140 quidem
2255 1084 2324 1124 ex
2354 1068 2535 1124 nimia
2567 1069 2920 1125 abstinentia
2961 1070 3019 1125 in
3050 1070 3392 1140 languorem
3422 1088 3636 1144 corpus

1988 1159 2226 1224 incidat,
2258 1164 2314 1214 et
2345 1160 2417 1214 ad
2475 1159 2808 1232 Spiritualia
2868 1160 3198 1215 ministeria
3236 1162 3474 1234 segnius
3505 1178 3636 1218 eva-

1986 1249 2132 1316 dat;
2185 1248 2496 1320 aliquando
2544 1253 2748 1304 contra
2791 1249 3170 1306 multitudine
3220 1250 3634 1308 alimentorum

1986 1342 2314 1406 oneratum,
2355 1338 2652 1411 pigritiam
2705 1339 3130 1412 mollitiamque
3181 1341 3361 1396 animi
3392 1341 3632 1413 ingene-

1986 1432 2091 1484 ret.
2117 1432 2368 1485 Rursum
2393 1446 2506 1484 non
2536 1430 2810 1485 omnibus
2845 1435 3170 1502 competere
3188 1429 3412 1486 olerum
3436 1447 3636 1498 usum,

1987 1535 2102 1573 nou
2136 1520 2412 1575 omnibus
2441 1519 2581 1573 item
2615 1519 3131 1590 leguminum,non
3165 1537 3336 1593 posse
3365 1520 3640 1577 omnibus

1987 1607 2124 1663 sicci
2158 1609 2330 1680 panis
2358 1607 2708 1664 alimentum
2760 1609 3029 1665 sufficere
3073 1626 3084 1664 :
3154 1610 3292 1666 item
3349 1627 3478 1668 esse
3536 1609 3639 1682 qui

1986 1697 2357 1754 manducetis
2406 1698 2576 1770 panis
2624 1699 2853 1754 duabus
2896 1697 3064 1754 libris
3113 1699 3304 1756 adhuc
3351 1699 3636 1771 esuriant,

1983 1786 2127 1844 alios
2185 1787 2285 1859 qui
2342 1803 2462 1843 una
2518 1787 2688 1857 libra,
2745 1787 2864 1843 imo
2922 1805 3021 1844 sex
3077 1787 3269 1846 unciis
3325 1791 3638 1848 satientur.

1983 1875 2273 1932 Omnibus
2304 1876 2524 1948 itaque,
2558 1881 2624 1932 ut
2665 1875 2887 1931 dictum
2919 1881 3027 1944 est,
3060 1894 3242 1933 unum
3274 1879 3640 1936 abstinentia:

1993 1983 2234 2038 scopum
2265 1966 2658 2036 tradiderunt,
2691 1969 2756 2020 ut
2786 1982 2901 2022 non
2935 1966 3303 2038 decipiantur
3332 1969 3643 2027 saturitate

1989 2055 2229 2123 ventris,
2263 2072 2452 2128 neque
2480 2055 2794 2111 trahantur
2839 2055 2990 2128 gula
3037 2057 3353 2129 voluptate.
3387 2058 3512 2117 Non
3542 2076 3642 2116 so-

1983 2146 2106 2202 lum
2147 2145 2303 2202 enim
2359 2144 2662 2218 qualitatis
2693 2145 3040 2213 differentia,
3077 2147 3175 2203 sed
3211 2147 3388 2203 etiam
3423 2165 3640 2221 magna

1983 2235 2248 2292 ciborum
2306 2235 2626 2307 quantitas,
2681 2234 2868 2307 ignita
2919 2236 3139 2307 peccati
3195 2237 3310 2293 tela
3360 2237 3510 2294 solet
3539 2255 3636 2294 ac-

1984 2325 2248 2380 cendere.
2283 2324 2393 2396 (79)
2425 2324 2783 2393 Quocunque
2813 2323 2962 2379 enim
2995 2325 3124 2381 cibo
3153 2331 3353 2382 venter
3394 2328 3641 2400 implea-

1986 2423 2094 2483 tur,
2129 2413 2399 2469 libidinis
2432 2414 2660 2470 semina
2713 2413 2921 2486 gignit.
2953 2415 3032 2469 Ac
3082 2432 3320 2472 rursum
3353 2435 3469 2472 non
3521 2417 3639 2474 vini

1985 2503 2176 2558 solum
2209 2501 2472 2574 crapula,
2506 2503 2604 2559 sed
2640 2502 2813 2559 etiam
2849 2520 3012 2576 aquae
3043 2504 3369 2577 plenitudo,
3404 2523 3469 2563 ac
3499 2524 3642 2580 quo-

1985 2591 2264 2648 rumlibet
2317 2591 2582 2648 ciborum
2617 2593 3028 2663 redundantia,
3078 2594 3379 2652 hominem
3429 2612 3638 2669 aggra-

1982 2686 2214 2744 vant,ac
2236 2685 2566 2753 torpentem
2589 2681 3126 2755 dormitantemque
3155 2685 3429 2741 reddunt.
3465 2686 3641 2742 Sodo-

1986 2769 2144 2825 mitis
2190 2787 2306 2825 non
2352 2769 2491 2836 vini,
2549 2786 2663 2825 non
2713 2770 3006 2826 variorum
3077 2771 3343 2828 ciborum
3403 2772 3646 2846 crapula

1984 2858 2382 2917 subversionis
2417 2874 2594 2915 eausa
2642 2859 2770 2926 luit,
2801 2860 2901 2914 sed
2935 2860 3104 2932 panis
3135 2862 3438 2929 saturitas,
3463 2863 3639 2934 juxta

1983 2948 2329 3022 prophetam
2351 2948 2533 3021 33.(80)
2560 2947 2875 3004 Infirmitas
2896 2950 3157 3020 corporis
3178 2950 3423 3022 puritati
3445 2951 3637 3008 cordis

1985 3056 2100 3094 nnn
2151 3042 2469 3093 aversatur.
2503 3038 2583 3092 Ea
2621 3037 2822 3109 itaque
2851 3040 3077 3111 corpori
3111 3039 3339 3096 tribuas
3389 3057 3516 3112 quae
3545 3040 3636 3096 in-

1984 3127 2231 3183 ﬁrmitas
2289 3128 2416 3198 ejus
2447 3126 2727 3199 postulat,
2761 3144 2877 3183 non
2923 3145 3050 3200 quae
3096 3129 3371 3186 voluntas
3419 3131 3636 3202 expetit

1983 3218 2256 3274 Ciborum
2291 3234 2436 3273 usus
2463 3207 2776 3273 adhibetur
2797 3223 3090 3289 quantum
3122 3219 3192 3274 ad
3223 3219 3404 3276 vitam
3435 3220 3631 3276 foven-

202 3307 338 3378 ἅπερ
366 3307 402 3374 ἡ
437 3300 610 3374 ἡδονὴ
665 3303 833 3357 θέλει.
864 3306 922 3355 Ἠ
972 3304 1078 3354 τῶν
1135 3301 1441 3376 βρωμάτων
1495 3307 1696 3376 χρῆσις
1741 3299 1864 3356 ὅσον

1984 3307 2116 3362 dam
2149 3307 2549 3362 necessarium
2571 3311 2681 3374 est,
2706 3323 2821 3361 non
2846 3313 2910 3362 ut
2939 3308 3186 3380 impetui
3217 3310 3636 3381 concupiscen-

199 3394 551 3468 ὑπουργῆσαι
602 3393 740 3465 πρὸς
784 3391 846 3444 τὸ
898 3392 992 3463 ζῇν
1038 3385 1546 3462 παραλαμϐάνεται,
1581 3388 1689 3464 οὐχ
1743 3389 1867 3444 ὅσον

191 3481 495 3538 δουλεῦσαι
528 3487 653 3544 ταῖς
707 3481 903 3557 ὁρμαῖς
953 3486 1051 3549 τῆς
1100 3478 1410 3552 ἐπιθυμίας.
1445 3479 1505 3532 Ἣ
1557 3478 1869 3555 σύμμετρος

184 3573 277 3627 καὶ
316 3572 463 3646 μετά
519 3571 693 3647 λόγο)
752 3574 858 3623 τῶν
918 3573 1132 3647 τροφῶν
1193 3567 1498 3642 μετάληψις
1555 3575 1654 3638 τῆς
1698 3569 1872 3643 ὑγείας

180 3661 469 3740 φροντίζει
505 3665 610 3715 τοῦ
644 3661 921 3733 σώματος,
956 3657 1018 3712 ού
1049 3659 1148 3727 τὴν
1181 3658 1484 3732 ἁγιωσύνην
1541 3657 1870 3736 ἀφαιρεῖται.

174 3755 352 3827 ’Όρος
388 3749 723 3827 ἐγκρατείας
769 3749 859 3802 καὶ
909 3748 1084 3802 κανὼν
1135 3743 1576 3820 παραδεδομένος
1631 3747 1732 3801 ὑπὸ
1760 3752 1868 3803 τῶν

172 3839 352 3916 ἁγίων
419 3838 687 3911 Πατέρων
742 3832 972 3912 ἀκριϐὴς
1025 3835 1180 3896 οὗτός
1229 3835 1364 3905 ἐστι,
1394 3836 1456 3890 τὸ
1489 3834 1565 3890 ἔτι
1615 3838 1715 3905 τῆς
1751 3836 1871 3912 ὀρέ-

168 3927 310 3996 ξεως
348 3928 719 4004 ἐγκειμένης,
747 3933 848 3996 τῆς
880 3931 1088 4001 τροφῆς
1122 3923 1417 4000 ἀπέχεσθαι
1463 3924 1556 3978 τὸν
1603 3924 1868 3988 ἐσθίοντα.

164 4017 277 4071 Καὶ
315 4017 345 4070 ὁ
383 4015 758 4078 Ἀπὸστολος
812 4012 870 4068 δὲ
919 4014 1107 4068 εἰπών·
1148 4036 1175 4065 ι(
1204 4018 1311 4082 Τῆς
1362 4014 1558 4088 σαρκὸς
1609 4014 1868 4086 πρόνοιαν

155 4107 243 4179 μή
295 4111 578 4169 ποιεῖσθε
610 4105 690 4167 εἰς
751 4103 1059 4177 ἐπιθυμίαν,
1097 4102 1213 4157 »οὐ
1269 4102 1366 4170 τὴν
1428 4103 1720 4178 ἀναγκαίαν
1770 4111 1869 4173 τῆς

147 4200 316 4265 ζωῆς
350 4190 716 4270 κυϐέρνησιν
746 4191 1037 4263 ἐκώλυσεν,
1073 4189 1218 4247 ἀλλὰ
1265 4192 1362 4260 τὴν
1417 4189 1715 4269 φιλήδονον
1752 4192 1870 4247 ἐπι-

138 4283 402 4357 μέλειαν
465 4283 882 4359 ἀπηγόρευσεν.
944 4279 1170 4342 Ἀλλως
1225 4281 1399 4335 τεκαὶ
1458 4282 1594 4358 πρὸς
1642 4281 1872 4358 καθαρό-

133 4396 295 4444 τητα
338 4371 596 4428 τελείαν
633 4375 733 4438 τῆς
782 4375 967 4447 ψυχῆς
1016 4371 1154 4445 μόνη
1187 4372 1222 4440 ὴ
1255 4371 1443 4445 ἀποχὴ
1492 4376 1600 4426 τῶν
1642 4372 1873 4448 βρωμά-

135 4486 252 4518 των
295 4462 418 4518 οὐκ
458 4463 692 4538 ἰσχύει,
726 4462 773 4516 εἴ
807 4463 883 4536 μὴ
935 4461 1023 4515 καὶ
1070 4462 1123 4515 αἱ
1174 4459 1366 4515 λοιπαὶ
1412 4460 1596 4536 ἀρεταὶ
1645 4459 1871 4537 συνδρά-

137 4574 323 4608 ιωσι.
387 4555 731 4630 Τοιγαροῦν
777 4553 812 4622 ἡ
864 4551 1183 4612 ταπείνωσις
1233 4547 1321 4605 διὰ
1363 4558 1462 4621 τῆς
1508 4552 1748 4622 ὑπακοῆς
1779 4556 1875 4608 τοῦ

136 4737 271 4805 τμῖν
314 4726 783 4806 συμϐάλλεται.
815 4735 875 4785 Ἦ
906 4730 1094 4804 ἀποχὴ
1127 4731 1224 4799 τῆς
1270 4728 1634 4808 φιλαργυρίας
1682 4730 1743 4785 οὐ
1779 4731 1879 4805 μό·-

138 4843 208 4876 ον
248 4821 332 4876 τὸ
377 4822 478 4896 μὴ
534 4819 702 4896 ἔχειν
756 4822 1039 4896 χρήματα,
1087 4817 1233 4873 ἀλλὰ
1277 4816 1418 4891 μηδὲ
1461 4817 1739 4894 ἐπιθυμεῖν
1789 4842 1877 4876 κε-

137 4914 417 4980 τῆσθοιι.
503 4913 680 4986 Πρὸς
739 4910 1086 4985 καθαρότητα
1142 4909 1240 4978 τὴν
1293 4910 1477 4984 ψυχὴν
1538 4908 1733 4986 ὁδηγεῖ
1775 4915 1877 4977 τῆς

139 5008 306 5076 σγῆς
350 5004 395 5071 ἡ
439 5001 702 5076 ἀποχὴ,
733 5008 832 5071 τῆς
867 4998 1064 5069 λύπης,
1099 5005 1196 5068 τῆν
1229 4995 1554 5069 κενοδοξίας,
1583 5007 1684 5070 τῆς
1718 5001 1878 5075 ὑπερ-

139 5089 411 5168 {aviam
494 5096 707 5145 Ταῦτα
761 5089 934 5144 πάντα
1009 5091 1109 5158 τὴν
1163 5087 1464 5156 καθολικὴν
1534 5095 1634 5159 τῆς
1691 5093 1878 5166 ψυχῆς

141 5179 538 5256 ιθαρότητα
617 5181 978 5257 ἀπεργάζεται
1014 5223 1025 5236 .
1087 5179 1200 5247 Τὴν
1263 5175 1320 5232 δὲ
1377 5175 1466 5232 διὰ
1524 5179 1878 5258 σωφροσύνης

140 5271 376 5345 ερικὴν
433 5277 575 5342 τῆς
642 5275 832 5346 ψυχῆς
873 5267 1219 5343 καθαρότητα
1267 5267 1548 5344 ἐξαιρέτως
1599 5268 1881 5346 ἐγκράτεια

141 5471 201 5508 ³³
243 5470 554 5531 Ezech.
590 5485 725 5541 xw,
755 5468 846 5527 49.
924 5467 968 5505 ³⁸
997 5467 1164 5526 Rom.
1186 5484 1311 5537 xm,
1345 5468 1435 5525 14.

160 5683 298 5756 '79)
347 5685 706 5742 Cassian.
733 5683 972 5740 Institul.
1005 5681 1108 5740 lib.
1140 5699 1197 5754 ν,
1231 5699 1280 5739 ο.
1308 5684 1363 5738 6.

167 5759 304 5828 80)
347 5760 562 5814 Ibid.
611 5773 673 5811 ο.
703 5756 759 5810 7.

445 5887 782 5948 PATBOL.
829 5884 942 5947 Gn.
984 5882 1264 5947 XXVIII.

1980 3397 2076 3452 tias
2107 3396 2414 3451 serviatur.
2442 3395 2742 3452 Moderata
2762 3400 2820 3452 et
2842 3397 3209 3454 rationabilis
3240 3399 3352 3454 cibi
3375 3400 3636 3472 sumptio

1983 3485 2292 3542 sanitatem
2327 3485 2588 3557 corporis
2627 3485 2919 3552 conciliat,
2973 3504 3076 3544 nec
3108 3489 3478 3545 sanctitatem
3529 3507 3636 3545 au-

1984 3575 2112 3630 fert.
2131 3574 2243 3646 (81)
2269 3574 2398 3630 Haac
2422 3591 2626 3630 norma
2660 3579 2715 3630 et
2737 3575 2940 3648 regula
2960 3580 3051 3632 est
3072 3577 3438 3633 abstinentiae
3463 3595 3635 3634 accu-

1984 3669 2128 3732 rata,
2163 3681 2196 3719 a
2237 3663 2456 3720 sanctis
2488 3665 2760 3720 Patribus
2789 3666 3026 3737 tradita,
3057 3671 3125 3722 ut
3155 3667 3410 3723 instante
3441 3668 3634 3725 adhuc

1983 3754 2270 3827 appetitu,
2294 3754 2406 3809 cibi
2437 3754 2706 3809 sumendi
2741 3755 2917 3810 ﬁnem
2949 3756 3125 3812 faciat
3155 3756 3253 3828 qui
3285 3759 3637 3814 comedit.Et

1982 3843 2299 3915 Apostolus
2328 3844 2469 3899 dum
2503 3843 2574 3899 ai'
2610 3855 2626 3897 :
2663 3867 2690 3893 «
2726 3843 2929 3901 Carnis
2953 3862 3157 3902 curam
3188 3863 3259 3902 ne
3291 3847 3543 3903 feceritis
3574 3847 3634 3904 in

1982 3933 2271 3989 desiderio
2301 3933 2384 4001 3°;
2419 3955 2447 3981 »
2481 3949 2594 3988 non
2629 3934 2779 3988 318
2831 3934 3287 3992 sollicitudinem
3348 3937 3476 3992 vitis
3534 3954 3634 3994 ne-

1983 4023 2297 4078 cessariam
2330 4021 2650 4093 prohibuit,
2672 4024 2770 4078 sed
2805 4040 3004 4080 curam
3037 4025 3220 4081 vetuit
3249 4026 3502 4082 fovenda:
3535 4044 3632 4085 vo-

1980 4111 2244 4184 luptatis.
2274 4110 2388 4182 (82)
2418 4115 2700 4167 Caaterum
2732 4113 2805 4168 ad
2838 4115 3154 4184 perfectam
3187 4115 3395 4171 animae
3419 4117 3635 4189 purita-

1983 4207 2122 4271 tem,
2173 4202 2298 4257 sola
2353 4201 2616 4257 ciborum
2659 4202 3016 4258 abstinentia
3065 4220 3179 4258 non
3226 4205 3462 4275 sufﬁcit,
3520 4205 3636 4262 nisi

1983 4293 2570 4348 concurrantczetcrae
2603 4290 2865 4346 virtutes.
2915 4292 3236 4348 Humilitas
3280 4294 3483 4366 itaque
3533 4312 3636 4366 per

1983 4380 2376 4436 obedientiam
2410 4379 2469 4434 in
2499 4396 2694 4452 opere,
2726 4384 2782 4436 et
2813 4397 2917 4453 per
2946 4381 3322 4437 afﬂictionem
3373 4384 3636 4455 corporis

1984 4487 2201 4543 magna
2230 4468 2401 4524 nobis
2432 4471 2656 4525 confert
2683 4469 2856 4526 bona.
2893 4469 3043 4525 lllud
3095 4475 3185 4527 est
3233 4471 3491 4527 avaritia)
3537 4489 3633 4529 ex-

1987 4565 2208 4632 pertem
2239 4575 2389 4627 esse,
2422 4575 2536 4614 non
2572 4559 2745 4615 modo
2771 4559 3052 4632 pecunias
3102 4577 3216 4616 non
3264 4560 3501 4631 habere,
3533 4563 3638 4620 sed

144 4664 316 4717 ργου
355 4643 469 4698 καὶ
541 4648 664 4711 τῆς
719 4645 816 4695 τοῦ
873 4642 1128 4714 σώματος
1184 4642 1628 4712 καταπονήσεως,
1662 4640 1871 4718 μεγάλα

1987 4662 2059 4702 ne
2115 4645 2528 4718 concupiscere
2585 4645 2822 4717 quidem
2879 4645 3114 4702 illarum
3175 4648 3635 4720 possessionem.

1989 4736 2259 4791 Animam
2285 4736 2354 4792 ad
2388 4735 2702 4808 puritatem
2736 4735 2975 4792 adducit
2999 4736 3278 4793 cohibitio
3310 4737 3430 4807 irae,
3456 4739 3639 4795 tristi-

1987 4827 2101 4894 tiae,
2133 4843 2291 4882 vanae
2323 4825 2541 4897 glorias,
2573 4825 2881 4898 superbiae.
2917 4826 3046 4882 Haec
3075 4827 3276 4883 omnia
3305 4829 3640 4887 universam

1989 4915 2198 4972 animae
2229 4915 2543 4986 puritatem
2575 4915 2860 4972 efﬁciunt.
2895 4916 3213 4973 Puritatem
3249 4921 3445 4973 autem
3477 4917 3640 4974 illam

1989 5003 2198 5060 animae
2228 5003 2603 5076 peculiarem,
2638 5020 2767 5076 qua:
2797 5020 2898 5077 per
2930 5006 3379 5078 temperantiam
3410 5006 3641 5062 obtine-

1990 5099 2106 5161 tur,
2155 5093 2511 5149 abstinentia
2552 5093 2612 5148 in
2663 5093 2874 5166 primis
2922 5098 2981 5148 et
3019 5095 3316 5166 jejunium
3358 5094 3638 5151 efﬁciunt.

1990 5182 2362 5255 Impossibile
2411 5183 2630 5255 quippe
2679 5188 2768 5239 est
2799 5200 2930 5239 eum
2967 5183 3064 5254 qui
3106 5188 3272 5238 satur
3299 5186 3499 5238 ventre
3528 5185 3640 5251 est,

1990 5272 2186 5328 animo
2230 5273 2525 5329 decertare
2571 5274 2851 5330 adversus
2896 5271 3166 5344 spiritum
3219 5269 3640 5330 fornicationis.

2067 5683 2180 5827 γει)
2214 5683 2360 5740 Ibid.
2387 5700 2436 5740 c.
2468 5685 2522 5737 8.

2089 5757 2178 5827 se)
2214 5756 2358 5811 Ibid.
2393 5773 2443 5811 c.
2477 5755 2522 5808 ο

2089 5757 2178 5828 8'2)
2214 5756 2358 5811 Ibid.
2393 5773 2443 5811 c.
2477 5755 2534 5810 9.
