2074 3182
182 193 240 223 8·Ιῦ

767 193 799 224 S.
824 192 1087 224 ATHANASlUS.
1101 209 1139 216 —
1156 193 1312 226 SPURIA.

1839 200 1900 232 876

183 259 239 295 (83)
251 258 382 287 Primum
392 258 492 295 itaque
503 259 587 287 nobis
598 259 637 287 sit
646 261 843 294 certamen,ut
853 259 946 288 ventri
955 260 1008 287 im-

1069 259 1114 286 καί
1143 260 1253 295 νηστεία
1283 265 1423 299 κατορθοῖ.
1456 261 1599 292 ’Δδύνατον
1625 265 1676 302 γὰρ
1704 265 1749 293 τὸν
1775 267 1825 300 τήν
1852 277 1899 304 γα-

183 312 330 340 peremus,
341 311 508 340 corpusque
518 303 548 331 in
560 304 731 332 servitutem
743 304 941 333 deducamus:
953 312 1012 332 non

184 348 270 376 modo
282 348 553 384 perjejunium,sed
564 350 654 377 etiam
665 357 717 385 per
728 349 854 386 vigilias,
870 349 1011 383 laborem,

183 392 349 428 lectionem,
362 394 431 421 item
443 394 541 421 animo
561 393 752 430 concipiendo
771 394 911 430 gehennae
922 393 1012 421 timo-

183 445 255 473 rem,
271 440 300 466 et
315 438 493 467 desiderium
508 439 590 475 regni
611 438 762 467 caelorum.

1069 304 1148 340 στὲρα
1187 305 1382 343 κεκορεσμένον
1424 306 1581 344 πολεμῆσαι
1610 309 1679 336 κατὰ
1711 308 1830 338 διάνοιαν
1859 314 1899 347 τῷ

1067 348 1201 385 πνεύματι
1215 352 1265 382 τῆς
1282 351 1420 386 πορνείας,
1447 355 1594 391 Τοιγαροῦν
1620 356 1729 392 πρῶτος
1746 353 1814 382 ἔστω
1829 357 1896 392 ἡμῖν

1068 392 1186 437 ἀγὼνλτὸ
1200 398 1308 432 κρατεῖν
1331 396 1457 435 γαστρὸς,
1481 398 1526 424 καὶ
1549 397 1736 437 δουλαγωγεῖν
1759 400 1790 427 τὸ
1806 403 1896 437 σῶμα,

1068 437 1099 465 οὐ
1115 435 1197 475 μόνον
1214 438 1259 466 διὰ
1278 439 1413 476 νηστείας,
1439 440 1511 469 ἀλλὰ
1535 443 1580 470 καὶ
1605 435 1647 470 διί
1665 435 1825 482 ἀγρυπνίας,
1849 435 1896 472 καὶ

185 481 283 518 κόπου,
310 482 356 509 καὶ
386 483 574 521 ἀναγνώσεως,
602 483 647 510 καὶ
674 485 723 510 τοῦ
751 484 874 520 συνάγειν
903 483 953 518 τὴν
982 480 1094 519 καρδίαν
1124 482 1164 514 εἷς
1188 483 1235 511 τὸν
1265 482 1349 523 φόϐον
1379 487 1430 519 τῆς
1460 487 1580 524 γεέννης,
1610 488 1655 515 καὶ
1750 490 1796 517 τὸν
1813 490 1897 520 πόθον

180 528 230 559 τῆς
247 525 386 564 βασιλείας
400 530 453 555 τῶν
470 527 602 566 οὐρανῶν.

215 572 243 599 2.
259 573 316 608 (84)
340 573 509 601 Secundum
534 573 618 601 nobis
643 575 688 602 est
706 576 854 602 certamen
870 574 1012 602 adversus

181 617 320 653 spiritum
338 618 542 647 fornicationis
566 621 595 646 et
618 619 888 655 concupiscentiam
902 618 1010 653 carnis,

181 670 245 698 quas
269 663 508 699 concupiscentia
532 672 549 691 a
571 663 710 699 primaeva
735 666 819 692 aetate
843 663 1011 691 molestiam

180 706 294 735 homini
308 715 406 735 creare
420 708 533 744 incipit.
550 708 690 744 Magnum
706 708 779 736 illud
795 716 942 744 graveque
953 715 1011 735 cer-

179 753 289 786 tamen,
306 751 416 788 duplici
436 755 577 781 constans
603 753 700 786 lucta;
717 752 825 789 duplex
851 753 930 780 enim
955 754 1009 786 est,

181 804 249 824 cum
264 796 294 824 in
310 805 430 833 corpore
445 800 474 826 et
489 798 519 825 in
535 797 636 826 anima
650 798 862 826 committatur.
880 798 1011 834 Quapro-

181 843 246 877 pter
261 841 372 877 duplici
388 844 502 878 oportet
516 850 584 870 cum
600 842 650 870 illa
664 850 765 878 pugna
780 842 946 879 conﬂigere.
958 841 1011 870 Ne-

181 894 237 921 que
251 886 329 914 enim
345 886 496 923 corporale
505 887 654 923 jejunium
671 887 743 915 satis
759 889 804 915 est
824 887 861 915 ad
878 886 1010 923 perfectis

182 932 380 966 temperantiae
390 932 609 967 possessionem
624 934 652 960 et
667 932 703 960 ad
718 940 817 960 veram
833 931 1009 967 castitatem,

183 975 240 1003 nisi
256 975 334 1004 adsit
348 976 442 1004 oratio
458 976 494 1005 ad
519 977 612 1005 Deum
637 977 767 1011 assidua,
784 977 920 1012 frequens
936 976 1009 1004 divi-

1101 573 1129 601 2.
1145 572 1273 609 Δεύτερός
1294 573 1364 602 ἐστιν
1386 576 1453 611 ἡμῖν
1478 576 1552 614 ἀγὼν
1575 577 1643 605 κατὰ
1670 580 1718 605 τοῦ
1745 579 1897 615 πνεύματος

1066 619 1116 651 τῆς
1139 618 1263 655 πορνείας
1289 618 1334 645 καὶ
1361 623 1412 653 τῆς
1442 619 1585 657 ἐπιθυμίας
1612 623 1661 654 τῆς
1692 623 1801 659 σαρκὸς,
1831 623 1893 658 ἥτις

1066 660 1197 698 ἐπιθυμία
1224 663 1276 690 ἀπὸ
1299 664 1412 701 πρώτης
1436 664 1547 699 ἡλικίας
1573 666 1687 704 ἄρχεται
1712 668 1896 706 παρενοχλεῖν

1065 708 1104 750 τῷ
1119 706 1265 745 ἀνθρώπῳ.
1290 708 1380 746 Μέγας
1404 709 1486 741 οὗτος
1502 711 1516 738 ὁ
1532 710 1603 749 ἀγὼν
1626 711 1670 739 καὶ
1697 712 1831 750 χαλεπὸς,
1849 714 1896 741 καὶ

1067 749 1167 786 διπλῆν
1184 750 1256 790 ἔχων
1272 753 1322 787 τὴν
1339 753 1441 789 πάλην·
1458 752 1528 782 διότι
1546 755 1623 786 οὗτος
1635 749 1751 788 διπλοῦς
1762 758 1894 793 καθέστη-

1065 806 1118 831 κεν,
1134 795 1160 823 ἐν
1172 795 1207 833 τῇ
1223 798 1300 834 ψυχῇ
1316 798 1359 825 καῖ
1383 798 1408 826 ἐν
1436 801 1475 835 τῷ
1500 800 1607 836 σώματι
1623 803 1827 838 συνιστάμενος.
1845 803 1894 830 Καὶ

1064 840 1162 868 τούτου
1177 841 1258 880 χάριν
1282 840 1383 877 διπλῆν
1407 844 1463 881 χρή
1488 845 1547 872 κατ’
1571 845 1654 872 αὐτοῦ
1675 847 1720 874 καὶ
1737 847 1786 881 τὴν
1801 847 1893 883 πάλην

1065 883 1250 921 ἀναδέξασθαι.
1266 886 1335 916 Οὸτε
1359 888 1410 926 γὰρ
1436 889 1515 923 ἱκανή
1539 890 1656 928 ὑπάρχει
1684 891 1753 928 μόνη
1770 893 1787 926 ἡ
1804 903 1896 929 σωμα-

1063 931 1126 964 τικὴ
1142 931 1251 965 νηστεία
1278 932 1346 969 πρὸς
1376 936 1470 968 κτῆσιν
1500 938 1550 969 τῆς
1573 934 1679 966 τελείας
1704 938 1894 975 σωφροσύνης,

1064 974 1109 1001 καὶ
1125 973 1246 1010 ἀληθοῦς
1261 976 1378 1014 ἁγνείας,
1394 977 1417 1005 εἰ
1435 978 1473 1014 μή
1488 979 1534 1006 καὶ
1558 979 1626 1017 εὐγή
1644 980 1713 1018 πρὸς
1737 973 1800 1009 όεὸν
1817 982 1894 1010 ἐκτε-

183 1028 288 1048 narum
303 1020 522 1056 Scripturarum
538 1021 701 1055 meditatio,
717 1020 801 1049 labor
814 1010 844 1049 et
858 1029 932 1057 opus
947 1028 1008 1048 ma-

1064 1019 1124 1055 νής,
1148 1019 1193 1047 καὶ
1218 1021 1295 1055 κοινή
1320 1024 1374 1048 τῶν
1399 1022 1477 1050 θείων
1502 1026 1616 1062 Γραφῶν
1639 1024 1752 1062 μελέτη,
1776 1026 1821 1053 καὶ
1846 1027 1894 1053 κά-

184 1074 287 1099 nuum,
298 1074 362 1101 quas
376 1066 529 1095 instabiles
545 1067 650 1095 anima:
664 1066 793 1102 impetus
818 1066 1012 1102 comprimere

183 1113 417 1147 possunt,atque
432 1111 513 1139 illam
528 1120 562 1139 ex
577 1111 713 1139 obscenis
728 1110 955 1147 cogitationibus
966 1118 1011 1138 rs-

183 1163 296 1182 vocare.
313 1156 353 1183 Ad
368 1156 397 1183 id
413 1156 575 1192 praesertim
592 1156 704 1184 confert
718 1156 823 1183 animis
845 1155 1010 1190 humilitas,

183 1199 257 1227 citra
270 1208 357 1235 quam
374 1209 426 1228 nec
442 1201 677 1234 fornicationom,
695 1209 748 1228 nec
764 1203 882 1228 caeteras
897 1200 1011 1236 passio-

183 1253 236 1272 nes
251 1244 359 1273 valebit
372 1246 521 1282 quispiam
538 1246 746 1281 superare.(85)
760 1245 940 1281 Cumprimis
955 1244 1011 1272 ita—

184 1297 241 1324 que
269 1292 383 1325 oportet
398 1290 478 1318 omni
494 1290 629 1318 custodia
644 1298 694 1318 cor
714 1298 829 1318 servare
850 1299 867 1317 a
882 1289 1011 1317 sordidis

184 1334 412 1369 cogitationibus
426 1336 459 1363 ω.
485 1335 525 1362 Ex
549 1343 582 1363 eo
605 1343 733 1371 namque
757 1335 1012 1371 prodeunt,juxta

185 1377 302 1406 Domini
316 1387 427 1413 vocem,
453 1379 648 1414 cogitationes
667 1379 762 1412 malas,
778 1379 880 1412 cedes.
896 1378 1010 1407 adulte-

185 1423 239 1457 ria,
256 1424 449 1452 scortationes
463 1427 492 1452 et
506 1427 610 1452 cetera
620 1425 653 1452 ‘1.
663 1424 813 1460 Jejunium
827 1424 936 1460 quippe
952 1431 1011 1451 non

185 1468 272 1496 modo
288 1468 324 1496 ad
335 1468 523 1497 afﬂictionem
536 1469 666 1506 corporis
677 1469 845 1504 injunctum
861 1468 946 1497 nobis
955 1470 1010 1504 est,

184 1513 235 1540 sed
251 1513 340 1541 etiam
355 1514 392 1541 ad
414 1514 640 1550 temperantiam
666 1514 784 1548 mentis,
806 1522 852 1548 ne,
878 1513 1010 1541 ciborum

185 1556 375 1586 multitudine
389 1559 590 1593 obtenebrsta,
602 1567 660 1587 non
676 1559 769 1594 possit
784 1566 885 1586 cavere
900 1566 917 1586 a
932 1558 1011 1594 cogi-

183 1602 357 1631 tationibus.
373 1605 493 1639 Oportet
506 1602 596 1640 igitur
619 1611 677 1631 non
702 1602 796 1631 solum
817 1603 932 1639 jejunio
947 1611 1011 1631 cor-

185 1647 279 1683 porali
294 1656 411 1676 omnem
427 1656 529 1676 curam
545 1648 724 1684 impendere,
746 1648 796 1676 sed
812 1648 900 1675 etiam
916 1649 1012 1675 atten-

1067 1073 1152 1099 ματος
1166 1064 1210 1091 καὶ
1236 1063 1313 1103 ἔργον
1337 1069 1449 1104 χειρῶν,
1467 1068 1534 1106 ἅπερ
1551 1067 1678 1097 δύνανται
1699 1070 1746 1101 τὰς
1764 1072 1893 1103 αστάτους

1066 1107 1155 1144 ὁρμὰς
1178 1109 1227 1143 τῆς
1247 1110 1339 1147 ψυχῆς
1366 1111 1534 1148 ωυστὲλλειν,
1561 1113 1605 1140 καὶ
1635 1115 1665 1141 ἐκ
1691 1117 1746 1142 τῶν
1770 1115 1892 1153 αἰσχρῶν

1066 1155 1219 1191 φαντασιῶν
1234 1154 1426 1187 ἀνακαλεῖσθαι
1448 1156 1548 1192 αὐτήν·
1575 1158 1628 1195 πρὸ
1652 1157 1681 1186 δὲ
1702 1160 1810 1187 πάντων
1827 1171 1895 1197 συμ-

1067 1194 1199 1242 ϐάλλεται
1213 1199 1375 1231 ταπείνωσις
1390 1200 1492 1238 ψυχῆς,
1508 1203 1540 1236 ἧς
1557 1203 1645 1240 χωρὶς
1672 1202 1734 1231 οὐδὲ
1756 1194 1892 1242 πορνείας²

1067 1240 1130 1269 οὐδὲ
1154 1244 1206 1269 τῶν
1223 1242 1316 1271 ἄλλων
1345 1245 1437 1272 παθῶν
1467 1244 1609 1281 δυνήσεταί
1637 1258 1678 1279 τις
1694 1240 1892 1286 περιγενὲσοαι.

1067 1287 1285 1331 Προηγουμένως
1306 1289 1397 1316 τοίνυν
1420 1291 1477 1328 χρή
1504 1291 1576 1328 πάσῃ
1598 1291 1706 1331 φυλακῇ
1731 1297 1824 1331 τηρεῖν
1841 1295 1890 1328 τὴν

1065 1330 1177 1377 καρδίαν
1193 1332 1246 1359 ἀπὸ
1262 1332 1401 1371 λογισμῶν
1419 1334 1556 1372 ῥυπαρῶν.
1572 1336 1620 1364 Ἐκ
1639 1337 1690 1374 γὰρ
1712 1338 1814 1373 ταύτης
1828 1349 1893 1377 προ-

1066 1375 1232 1413 εξὲρχονται,
1248 1378 1315 1405 κατὰ
1330 1378 1379 1412 τὴν
1403 1381 1451 1406 τοῦ
1476 1380 1575 1416 Κυρίου
1597 1382 1700 1419 φωνὴν,
1716 1375 1892 1421 διαλογισμοὶ

1065 1421 1194 1459 πονηροὶ,
1212 1421 1301 1460 φόνοι,
1320 1425 1455 1460 μοιχεῖαι,
1470 1427 1604 1461 πορνεῖαι,
1621 1425 1666 1452 καὶ
1681 1426 1714 1453 τὰ
1730 1426 1825 1456 λοιπά.
1844 1428 1892 1455 Καὶ

1065 1465 1117 1503 γὰρ
1132 1466 1150 1500 ὴ
1166 1465 1277 1501 νηστεία
1292 1466 1322 1494 οὗ
1340 1467 1422 1504 μόνον
1446 1469 1513 1505 πρὸς
1536 1469 1686 1507 κακουχίαν
1701 1473 1749 1498 τοῦ
1767 1472 1893 1508 σώματος

1065 1511 1134 1546 ἡμῖν
1150 1511 1356 1548 προστέτακται,
1373 1511 1446 1540 ἀλλὰ
1461 1513 1506 1540 καὶ
1521 1514 1589 1550 πρὸς
1603 1516 1682 1551 νῆψιν
1698 1517 1747 1542 τοῦ
1762 1516 1834 1552 νοὸς,
1847 1516 1894 1544 ’ίνα

1068 1555 1118 1592 μὴ,
1134 1557 1174 1591 τῷ
1188 1554 1289 1590 πλήθει
1304 1559 1356 1584 τῶν
1375 1557 1528 1595 βρωμάτων
1554 1560 1715 1594 σχοτισθεὶς,
1738 1559 1893 1598 ἀδυνατήσῃ

1065 1599 1134 1637 πρὸς
1160 1600 1211 1634 τήν
1233 1602 1287 1628 τῶν
1312 1601 1454 1639 λογισμῶν
1479 1603 1688 1642 παραφυλακήν.
1715 1605 1773 1642 Χρή
1801 1605 1890 1633 τοίνυν

1069 1644 1106 1680 μὴ
1125 1644 1206 1681 μόνον
1229 1644 1255 1672 ἐν
1277 1648 1311 1683 τῇ
1328 1649 1471 1684 σωματικῇ
1495 1647 1607 1684 νηστείᾳ
1627 1649 1677 1683 τὴν
1701 1652 1785 1676 πᾶσαν
1811 1661 1894 1678 σπου-

185 1692 258 1720 tioni
270 1693 306 1720 ad
322 1693 526 1729 cogitationes,
542 1696 570 1721 et
591 1691 739 1729 spirituali
758 1692 953 1725 meditationi,
970 1691 1008 1720 ci-

1068 1689 1117 1723 δὴν
1132 1687 1321 1724 ἐνδείκνυσθαι,
1339 1690 1411 1719 ἀλλᾶ
1437 1692 1480 1719 καὶ
1505 1692 1530 1719 ἐν
1547 1692 1580 1729 τῇ
1597 1695 1724 1730 προσοχῇ
1745 1696 1798 1721 τῶν
1816 1694 1892 1733 λογι-

184 1738 231 1765 tra
246 1745 319 1773 quas
337 1737 523 1774 impossibile
537 1740 583 1766 est
597 1738 632 1766 ad
648 1745 788 1766 cacumen
804 1745 876 1765 verae
891 1736 1011 1765 castita-

185 1781 224 1809 tis
248 1784 277 1809 et
301 1782 437 1817 puritatis
461 1783 630 1811 ascendere.
655 1781 794 1810 Convenit
813 1782 914 1817 igitur,
926 1781 1012 1816 juxta

187 1827 302 1855 Domini
315 1836 426 1860 vocem,
442 1836 496 1856 nos
519 1827 660 1855 interiora
674 1826 774 1854 calicis
795 1828 823 1854 et
846 1825 1011 1862 paropsidis

186 1873 341 1908 mundare,
353 1875 386 1900 ut
401 1873 461 1900 sint
473 1872 616 1900 exteriora
631 1872 743 1899 munda
757 1871 976 1906 “Quapropter
985 1870 1009 1898 si

184 1926 256 1945 cura
268 1918 306 1946 sit
317 1918 498 1953 nobis,juxta
507 1917 680 1954 Apostolum
690 1916 855 1952 “,legitime
868 1914 1008 1949 certandi,

183 1965 212 1990 et
227 1971 364 1991 coronam
376 1962 668 1998 accipiendi,devicto
679 1961 796 1997 impuro
806 1959 1008 1989 fornicationis

182 2007 304 2042 spiritu;
316 2016 352 2035 ne
363 2007 471 2035 nostris
481 2007 643 2041 viribus,ne
654 2009 762 2034 nostris
771 2005 865 2033 ascesi
879 2005 1008 2033 conﬁda-

181 2053 313 2087 mus,sed
321 2052 507 2088 opitulationi
515 2050 889 2079 DominiDei.Nullusenim
897 2049 1007 2078 homini

180 2096 249 2124 ﬁnis
265 2097 434 2125 certaminis
449 2105 517 2125 cum
532 2096 679 2131 ejusmodi
699 2096 842 2129 daemone,
858 2096 950 2122 donec
965 2103 1008 2122 re-

178 2149 247 2169 vera
261 2142 361 2170 credat
375 2151 416 2177 se,
434 2150 492 2170 non
506 2150 561 2170 suo
577 2141 675 2169 studio
691 2143 743 2168 aut
761 2139 869 2173 labore,
886 2140 937 2167 sed
955 2138 1006 2167 Dei

178 2185 309 2222 impulsu
320 2189 349 2214 et
364 2186 471 2214 auxilio
487 2186 522 2214 ab
538 2185 710 2221 hujusmodi
724 2185 827 2212 morbo
842 2184 1008 2218 liberari,et

177 2232 214 2259 ad
220 2239 371 2259 summum
378 2231 523 2259 castitatis
531 2230 681 2266 fastigium
688 2229 912 2265 ascendere.(86)
920 2228 1007 2256 Enim-

174 2283 243 2304 vero
259 2284 349 2312 supra
364 2278 500 2303 naturam
516 2283 562 2303 res
578 2277 632 2308 est,
649 2276 678 2302 et
696 2273 795 2309 aliquo
816 2274 903 2301 modo
927 2276 1007 2301 extra

176 2328 283 2355 corpus
298 2320 423 2354 exsistit,
440 2320 491 2355 qui
508 2319 645 2347 stimulos
668 2319 766 2346 carnis
788 2318 913 2354 ejusque
927 2318 1007 2346 volu-

175 2367 271 2400 ptates
296 2364 429 2392 calcavit.
455 2364 550 2396 Quare
578 2362 761 2399 impossibile
785 2365 830 2391 est
855 2362 1005 2415 hominem
1021 2383 1044 2415 Β

174 2408 247 2443 suis,
265 2411 297 2436 ut
311 2409 353 2436 ita
368 2409 476 2443 dicam,
492 2408 596 2445 pennis
621 2409 656 2435 ad
682 2408 737 2435 hoc
763 2415 904 2435 cacumen
920 2410 948 2435 et
968 2407 1005 2435 ad

172 2453 306 2481 bravium
323 2454 487 2481 sanctitatis
499 2452 643 2486 advolare,
661 2452 892 2488 angelorumque
906 2451 1005 2480 imita-

172 2501 265 2527 torem
282 2499 369 2532 el‘ﬁci,
387 2498 444 2526 nisi
459 2498 543 2525 illum
560 2498 655 2533 gratia
670 2497 721 2525 Dei
737 2505 771 2524 ex
786 2499 864 2524 terra
882 2498 911 2524 et
923 2505 1004 2524 caeno

171 2544 288 2571 educat.
305 2543 392 2571 Nulla
406 2542 486 2570 enim
512 2542 619 2570 virtute
634 2541 771 2569 homines
794 2548 881 2568 carne
898 2540 1002 2576 illigati

170 2588 339 2616 cwlestibus
350 2587 464 2623 angelis
475 2587 634 2615 similiores
645 2586 918 2621 etﬁciuntur,quam
930 2589 1003 2613 tem-

169 2633 303 2669 perantia
319 2642 326 2661 :
344 2641 395 2668 per
410 2641 473 2660 eam
493 2632 582 2666 enim,
599 2632 670 2659 dum
686 2630 783 2658 adhuc
806 2629 837 2657 in
857 2631 935 2657 terra
949 2630 999 2657 de-

167 2680 253 2714 gunt,
268 2678 380 2706 habent
390 2678 475 2713 juxta
489 2676 675 2713 Apostolum,
699 2674 950 2703 conversationem
966 2674 997 2702 in

206 2753 228 2772 ⁸ο
242 2756 326 2783 Prov.
342 2762 382 2788 ιν,
397 2754 444 2783 23.
482 2754 505 2773 ιι
526 2752 629 2781 Matth.
646 2760 692 2785 xv,
708 2751 752 2780 49.

203 2832 261 2904 ἑ84ζ
277 2831 410 2873 Gassian.
426 2832 548 2861 Institut.
565 2831 584 2859 l.
600 2839 640 2868 v1,
656 2838 682 2859 ο.
700 2831 729 2859 1.

214 2868 249 2896 85
278 2868 356 2896 Ibid.
372 2876 398 2896 c.
414 2869 441 2897 2.

214 2868 261 2897 85)
278 2868 356 2896 Ibid.
372 2876 398 2896 ο.
414 2869 441 2897 2.

1068 1736 1153 1769 σμῶν,
1170 1734 1213 1761 καὶ
1230 1734 1255 1761 ἐν
1279 1737 1312 1771 τῇ
1338 1739 1507 1773 πνευματικῇ
1535 1737 1644 1774 μελέτῃ,
1663 1739 1698 1764 ὧν
1726 1739 1814 1777 χωρὶς
1829 1738 1892 1767 ἀδύ-

1066 1789 1144 1805 νατον
1164 1780 1231 1816 πρὸς
1254 1780 1285 1806 τὸ
1311 1780 1376 1816 ὕψος
1402 1784 1452 1813 τῆς
1477 1780 1596 1816 ἀληθοῦς
1622 1784 1723 1819 ἁγνείας
1749 1784 1794 1811 καὶ
1809 1785 1889 1812 καθα-

1066 1823 1180 1860 ρ’ἱτητος
1206 1824 1335 1852 ἀνελθεῖν.
1364 1827 1497 1860 Προσνςκει
1523 1826 1612 1853 τοίνυν
1640 1829 1712 1863 ἡμᾶς
1738 1829 1889 1866 καθαρίζειν

1065 1868 1208 1906 πρότερον,
1226 1871 1291 1896 κατὰ
1315 1871 1364 1904 τὴν
1391 1873 1438 1897 τοῦ
1464 1871 1562 1908 Κυρίου
1586 1873 1688 1910 φωνην,
1706 1874 1735 1900 τὸ
1752 1872 1825 1901 ἔνδον
1840 1874 1888 1900 τοῦ

1065 1914 1200 1951 ποτηρίου
1215 1915 1258 1941 καὶ
1274 1917 1324 1946 τῆς
1341 1915 1503 1953 παροψίδος,
1517 1915 1562 1943 ’ίνα
1578 1918 1688 1953 γενηται
1709 1918 1753 1945 καὶ
1768 1918 1799 1946 τὸ
1815 1917 1889 1948 ἐκτὸς

1064 1959 1180 1995 καθαρόν
1200 1981 1206 1987 .
1239 1961 1285 1986 Διά
1316 1959 1347 1994 δὴ
1378 1963 1458 1987 τοῦτο
1477 1984 1483 1995 ,
1514 1961 1535 1988 εἰ
1564 1960 1632 1989 ἔστιν
1665 1961 1794 1999 σπουδὴ,
1824 1962 1892 1990 κατὰ

1063 2003 1108 2029 τὸν
1126 2003 1306 2041 Ἀπόπολον,
1322 2006 1449 2041 νομίμως
1466 2005 1594 2042 ἀΟλῆσαι,
1611 2007 1655 2034 καὶ
1678 2009 1893 2046 στεφανωθῆναι,

1063 2049 1219 2082 νικήσαντας
1246 2050 1277 2076 τὸ
1302 2050 1451 2087 ἀκάθαρτον
1479 2053 1585 2087 πνεῦμα
1609 2054 1658 2084 τῆς
1682 2052 1808 2088 πορνείας
1826 2075 1833 2088 ,
1852 2054 1890 2089 μὴ

1063 2095 1096 2128 τῇ
1125 2094 1244 2131 ἡμετέρα
1275 2093 1387 2130 δυνάμει
1414 2096 1430 2129 ἢ
1456 2095 1567 2130 ἀσκήσει
1598 2096 1788 2133 θαρρήσωμεν,
1819 2097 1892 2125 ἀλλὰ⁸

1062 2139 1096 2173 τῇ
1115 2138 1228 2175 βοηθείᾳ
1256 2141 1305 2166 τοῦ
1333 2138 1465 2166 δεσπότου
1489 2142 1567 2167 Θεοῦ.
1595 2140 1631 2167 Οὐ
1660 2140 1772 2167 παύεται
1794 2142 1845 2178 γὰρ
1875 2142 1890 2169 ὁ

1064 2183 1204 2220 ἅνθρωπος
1237 2182 1444 2219 πολεμούμενος
1474 2183 1524 2210 ὑπὸ
1554 2186 1602 2210 τοῦ
1633 2183 1762 2219 δαίμονος
1789 2184 1889 2211 τούτου

1061 2225 1113 2258 ἕως
1129 2227 1159 2254 οὗ
1176 2228 1201 2254 ἐν
1227 2227 1343 2262 ἀληθείᾳ
1367 2226 1509 2262 πιστεύσῃ,
1534 2226 1574 2253 ὅτι
1601 2227 1649 2253 οὐκ
1675 2226 1729 2261 ἰδίᾳ
1750 2226 1855 2263 σπουδῇ
1871 2228 1888 2261 ἢ

1061 2271 1263 2308 καμάτῳ,ἀλλὰ
1279 2273 1310 2307 τῇ
1320 2272 1367 2297 τοῦ
1379 2272 1445 2297 Θεοῦ
1457 2270 1528 2307 ῥοπῇ
1540 2270 1583 2297 καὶ
1596 2271 1706 2307 βοηθείᾳ
1717 2269 1887 2298 ἀπαλλάττε-

1060 2327 1103 2343 ται
1118 2316 1218 2350 ταύτης
1229 2316 1278 2346 τῆς
1294 2314 1383 2348 νόσου,
1399 2314 1443 2341 καῖ
1459 2314 1495 2344 εἰς
1509 2316 1538 2341 τὸ
1553 2315 1618 2351 ὕψος
1630 2315 1678 2347 τῆς
1695 2315 1798 2352 ἁγνείας
1811 2315 1887 2353 ἀνερ-

1060 2370 1149 2397 χεται.
1166 2359 1215 2387 Καὶ
1231 2359 1283 2397 γὰρ
1309 2359 1375 2397 ὑπὲρ
1399 2359 1477 2398 φύσιν
1495 2359 1550 2387 ἐστὶ
1576 2360 1607 2387 τὸ
1623 2364 1748 2398 πρὸιγμα¹
1764 2360 1809 2386 καὶ
1825 2360 1887 2397 τρό-

1058 2415 1108 2432 πον
1124 2404 1183 2431 τινᾶι
1195 2402 1245 2439 ’ἐξω
1260 2404 1308 2431 τοῦ
1332 2404 1461 2441 σώματος
1484 2404 1597 2442 γίνεται,
1615 2405 1629 2432 ὁ
1642 2404 1704 2435 τοὺς
1729 2404 1888 2442 ἐρεθισμους

1061 2451 1112 2481 τῆς
1142 2449 1238 2487 σαρκὸς
1265 2449 1310 2477 καὶ
1339 2449 1385 2481 τὰς
1412 2448 1514 2484 ἡδονὰς
1543 2450 1643 2485 ταύτης
1673 2450 1862 2484 καταπατήσας
1880 2469 1886 2478 .

1060 2494 1112 2523 Καὶ
1127 2494 1225 2522 τούτου
1238 2495 1319 2533 χάριν
1338 2493 1467 2522 αδύνατόν
1493 2494 1564 2522 ἐστιν
1590 2494 1733 2531 ἄνθρωπον
1749 2497 1806 2524 τοῖς
1821 2504 1887 2521 πτε-

1059 2542 1130 2578 ροῖς,
1143 2539 1180 2567 ’ἶν’
1196 2540 1282 2571 οὕτως
1302 2539 1382 2574 εἸπω,
1405 2540 1474 2577 πρὸς
1488 2540 1519 2566 τὸ
1544 2539 1611 2575 ὕψος
1637 2541 1716 2566 τοῦτο
1743 2539 1787 2565 καὶ
1805 2538 1887 2575 οὖρά-

1056 2594 1112 2615 νιον
1131 2582 1257 2622 βραϐεῖον
1271 2586 1322 2617 τῆς
1338 2584 1491 2621 ἁγιωσύνης
1507 2581 1667 2618 ἀναπτῆναι,
1689 2582 1734 2609 καί
1759 2583 1884 2619 μιμητὴν

1055 2629 1178 2667 ἀγγέλων
1192 2629 1323 2666 γενέσθαι-
1338 2628 1360 2655 ei
1378 2629 1416 2664 μή
1442 2628 1525 2664 χάρις
1551 2629 1619 2655 Θεοῦ
1641 2628 1738 2655 τοῦτον
1757 2628 1809 2655 ἀπὸ
1833 2629 1884 2660 τῆς

1052 2676 1104 2712 γῆς
1119 2674 1164 2701 καὶ
1179 2675 1228 2701 τοῦ
1256 2670 1393 2711 βορϐόρου
1417 2671 1549 2710 ἀναγάγοι
1567 2694 1574 2701 .
1590 2670 1713 2709 Οὐδεμιᾷ
1734 2672 1784 2710 γὰρ
1802 2673 1884 2710 ἀρετῇ

793 2750 816 2769 ⁴²
829 2750 933 2779 Matth.
950 2758 1032 2785 mu,
1047 2750 1094 2779 26.
1131 2750 1154 2768 ⁸³
1168 2749 1194 2778 Π
1213 2748 1290 2778 Tim.
1307 2757 1339 2784 ιι,
1354 2748 1382 2777 5.

1089 2827 1146 2866 (86)
1161 2827 1235 2857 Ibid.
1252 2836 1278 2857 ο.
1293 2827 1323 2857 6.
