4148 6384
360 440 475 498 877

1519 431 1894 492 EPISTULA
1947 428 1995 488 ll
2039 430 2141 488 AD
2189 429 2629 490 CASTOREM.

3668 429 3787 491 8'78

363 567 574 643 μᾶλλον
627 567 678 620 οἳ
728 564 884 640 σαρκὶ
933 559 1301 635 συνδεδεμένοι
1354 562 1626 634 ἅνθρωποι
1675 566 1791 622 τοῖς
1839 559 2006 633 οὐρα-

2133 559 2282 616 :oelis
2303 561 2367 614 “.
2395 561 2505 632 (87)
2530 559 2680 616 Illud
2716 567 2914 616 autem
2945 565 3036 616 est.
3069 560 3301 615 virtutis
3340 561 3583 632 hujusce
3616 578 3649 616 a
3681 578 3787 617 n0-

357 657 498 719 νίοις
528 654 782 732 ἀγγέλοις
813 656 1254 727 συνομοιοῦνται,
1288 651 1364 712 ὡς
1409 654 1477 724 τῇ
1531 649 1867 729 σωφροσύνῃ*
1925 647 2012 703 διὰ

355 747 559 818 ταύτης
590 747 718 822 γὰρ,
752 741 830 799 ἔτι
864 743 914 798 ἐν
943 746 1012 816 τῇ
1045 745 1114 817 γῇ
1149 738 1448 815 διάγοντες,
1483 737 1693 816 ἔχουσι,
1741 740 1876 794 κατὰ
1920 739 2010 792 τὸν

359 835 712 903 Ἀπόστολον,
743 835 805 888 τὸ
836 832 1146 904 πολίτευμα
1178 829 1226 885 ἐν
1263 829 1532 906 οὐρανοῖς.
1567 835 1772 904 Δεῖγμα
1815 827 1873 883 δέ
1919 831 2015 883 τοῦ

357 930 456 997 τὴν
494 927 688 1003 ἀρετὴν
716 923 919 992 ταύτην
947 927 1239 985 κεκτῆσθαι
1271 921 1506 992 ἡμᾶς,τὸ
1532 917 1672 992 μηδὲ
1699 925 1823 992 μιᾶς
1848 918 2013 973 εἰκόνι

358 1017 588 1092 αἰσχρᾶς
623 1011 913 1092 φαντασίας
949 1009 998 1065 ἐν
1031 1016 1145 1072 τοῖς
1180 1008 1369 1070 ὕπνοις
1397 1010 1496 1077 τὴν
1537 1009 1723 1084 ψυχὴν
1753 1005 2015 1082 προστρέ-

359 1103 570 1180 χειν.Εἷ
601 1103 701 1178 γὰρ
731 1100 821 1154 καὶ
856 1101 932 1172 μὴ
966 1097 1245 1172 λογίζεται
1278 1095 1514 1171 ἁμαρτία
1536 1098 1570 1166 ἡ
1603 1095 1827 1166 τοιαύτη
1859 1095 2016 1166 κίνη-

359 1215 463 1264 σις,
498 1191 652 1266 ὅμως
681 1191 982 1263 τεκμήριον
1016 1186 1252 1263 ὑπάρχει
1289 1187 1385 1241 τοῦ
1431 1191 1607 1241 νοσεῖν
1659 1187 1758 1256 τὴν
1803 1187 2016 1261 ψυχὴν,

357 1282 445 1337 καὶ
481 1283 651 1354 μήπω
680 1283 778 1334 τοῦ
808 1277 1010 1338 πάθους
1044 1273 1429 1350 ἀπηλλάχθαι.
1483 1275 1584 1330 Καὶ
1622 1274 1818 1330 τούτου
1853 1273 2014 1350 χάριν

357 1373 450 1434 τὰς
483 1365 887 1442 συμϐαινούσας
944 1368 1080 1439 ἡμῖν
1128 1363 1178 1420 ἐν
1223 1370 1340 1426 τοῖς
1389 1363 1578 1427 ὕπνοις
1621 1364 1851 1440 αἰσχράς
1888 1384 2018 1442 φαν·

359 1459 544 1521 τασίας
576 1457 807 1534 ἔλεγχον
842 1457 974 1510 εἶναι
1022 1461 1123 1524 τῆς
1172 1448 1564 1530 προλαϐούσης
1613 1454 1879 1530 ῥᾳθυμίας
1928 1451 2018 1508 καί

362 1556 460 1618 τῆς
493 1548 542 1603 ἐν
601 1550 737 1618 ἡμῖν
787 1544 1056 1608 ἀσθενείας
1104 1543 1372 1598 πιστεύειν
1423 1543 1739 1622 ὀφείλομεν,
1802 1542 1852 1598 ἐν
1901 1547 2018 1605 τοῖς

367 1639 700 1717 ἀποκρύφοις
728 1640 828 1706 τῆς
877 1638 1060 1711 ψυχῆς
1112 1635 1604 1710 ἀποκεκρυμμένην
1655 1634 1811 1690 νόσον
1865 1655 2020 1712 φανε-

367 1729 700 1806 ροποιούσης
747 1734 848 1796 τῆς
897 1724 1193 1800 γινομένης
1241 1723 1444 1801 ῥύσεως
1497 1723 1549 1779 ἐν
1599 1728 1667 1798 τῇ
1715 1729 1816 1779 τοῦ
1848 1720 2019 1779 ὕπνου

367 1819 560 1874 ἀνέσει.
596 1818 689 1871 Διὸ
719 1815 806 1870 καὶ
840 1816 868 1869 ὁ
903 1815 1082 1891 ἰατρὸς
1112 1818 1220 1868 τῶν
1260 1817 1453 1889 ψυχῶν
1503 1812 1552 1868 ἐν
1603 1819 1719 1876 τοῖς
1771 1811 2015 1888 ἀποκρύ-

367 1930 486 1986 φοις
532 1914 633 1976 τῆς
685 1910 869 1982 ψυχῆς
923 1905 986 1959 τὸ
1046 1903 1330 1982 φάρμακον
1391 1903 1696 1977 ἐναπέθετο,
1753 1900 1878 1958 ἔνθα
1928 1904 2017 1958 καὶ
2051 1932 2100 1998 Β

366 1999 458 2060 τὰς
507 1996 681 2058 αἰτίας
739 2002 840 2065 τῆς
888 1993 1048 2049 νόσου
1115 1992 1377 2070 ὑπάρχειν
1439 1992 1715 2069 ἐγίνωσκε,
1777 1995 2016 2070 φάσκων.

377 2089 483 2142 «Ὁ
535 2081 813 2160 ἐμϐλέψας
871 2084 1085 2159 γυναικὶ
1143 2083 1279 2158 πρὸς
1336 2083 1398 2138 τὸ
1459 2085 1791 2156 ἐπιθυμῆσαι
1851 2083 2018 2153 αὐτὴν

369 2175 473 2248 ἤδη
509 2175 827 2252 ἐμοίχευσεν
876 2173 1041 2242 αὐτὴν
1075 2171 1126 2226 ἐν
1158 2176 1226 2246 τῇ
1258 2170 1452 2249 καρδίᾳ
1500 2173 1684 2228 αὐτοῦ·
1742 2197 1767 2223 ι)
1818 2172 1884 2226 οὐ
1932 2193 2023 2227 το-

368 2272 556 2322 σοῦτον
614 2264 740 2327 τοὺς
801 2261 1093 2337 πορνικοῦς
1154 2262 1260 2335 καὶ,
1314 2261 1632 2338 περιέργους
1703 2261 2022 2340 ὀφθαλμοὺς

369 2355 787 2433 διορθούμενος,
814 2354 940 2407 ’ὀσον
967 2354 1064 2421 τήν
1100 2349 1248 2407 ἔνδον
1285 2350 1638 2427 ἐνιδρυμένην
1663 2352 1872 2426 ψυχὴν,
1897 2353 2020 2421 ἥτις

365 2453 482 2508 τοῖς
513 2445 659 2518 παρὰ
688 2447 822 2499 Θεοῦ
855 2440 1086 2505 δοθεῖσιν
1117 2440 1198 2496 ἐπ’
1246 2441 1433 2515 ἀγαθῷ
1484 2439 1792 2518 ὀφθαλμοῖς
1839 2445 2021 2503 κακῶς

369 2537 655 2610 κέχρηται·
688 2530 886 2585 τούτου
918 2531 1077 2605 χάριν
1106 2529 1195 2584 καὶ
1226 2532 1261 2598 ἡ
1295 2531 1435 2607 σοφὴ
1469 2529 1738 2604 παροιμία
1768 2528 1830 2584 οὐ
1849 2529 2020 2604 λέγει,

370 2621 521 2694 Πάσῃ
563 2621 778 2698 φυλακῇ
827 2620 981 2692 τήρει
1025 2617 1150 2678 τοὺς
1199 2615 1540 2694 ὀφθαλμοὺς,
1593 2616 1756 2686 ἀλλὰ,
1811 2640 1839 2670 ‹‹
1873 2619 2022 2692 Πάσῃ

371 2709 588 2783 φυλακῇ
646 2710 800 2782 τήρει
859 2707 954 2776 σὴν
1014 2703 1258 2780 καρδίαν·
1323 2705 1572 2780 »ἐκείνῃ
1632 2704 1868 2779 μάλιστα
1905 2706 2022 2761 ἐπι-

371 2802 519 2854 θεῖσα
547 2799 646 2866 τὴν
680 2795 914 2872 ἰατρείαν
938 2802 1037 2865 τῆς
1088 2795 1358 2872 φυλακῆς,
1412 2799 1478 2869 τῇ
1527 2796 1845 2871 κεχρημένῃ
1898 2801 2021 2858 τοῖς

369 2887 675 2966 ὀφθαλμοῖς
707 2885 782 2947 εἷς
816 2884 847 2939 ἃ
881 2883 1156 2960 βούλεται.
1207 2887 1502 2958 Τοιγαροῦν
1555 2883 1687 2952 αὐτὴ
1737 2882 1872 2939 ἐστω
1919 2890 2022 2953 τῆς

367 2975 674 3052 καθάρσεως
733 2976 894 3047 ἡμῶν
940 2974 1132 3048 πρώτη
1184 2971 1422 3049 φυλακὴ,
1473 2970 1584 3040 ἵνα,
1647 2971 1736 3026 ὅτε
1781 2971 1850 3047 τῇ
1876 2975 2024 3047 ἡμε-

367 3067 498 3142 τέρᾳ
529 3063 741 3135 διανοίᾳ
791 3064 983 3136 μνήμη
1036 3062 1290 3136 γυναικὸς
1339 3062 1558 3136 γένηται
1589 3059 1904 3116 ἀναδοθεῖσα
1935 3060 2023 3117 διὰ

366 3163 468 3226 τῆς
501 3151 825 3222 διαϐολικῆς
858 3151 1150 3228 ἐνεργείας,
1196 3150 1241 3205 εἷ
1287 3149 1450 3226 τύχοι
1499 3151 1730 3225 μητρὸς,
1861 3149 2022 3206 ἀδελ·

375 3252 506 3324 φῆς,
549 3245 584 3313 ἦ
637 3241 822 3298 ἄλλων
870 3245 1136 3316 γυναικῶν
1191 3235 1462 3309 εὐλαϐὼν,
1491 3239 1704 3315 ταχέως
1753 3240 1920 3309 αὐτὴν
1964 3239 2023 3295 ἐκ

2124 649 2215 705 bis
2245 649 2542 722 acquisitae
2576 649 2861 706 indicium
2897 666 2908 704 :
2943 649 2994 706 si
3041 648 3205 707 nulla
3236 649 3502 706 obscenae
3531 649 3790 722 phanta-

2126 740 2227 796 siae
2284 740 2479 813 imago
2540 740 2888 796 dormientis
2950 740 3161 796 subeat
3218 739 3506 796 animum.
3551 739 3793 796 Etiamsi

2125 830 2281 884 enim
2315 834 2617 902 peccatum
2665 847 2780 886 non
2834 833 3146 902 reputatur
3195 829 3541 900 hujusmodi
3572 835 3789 895 motus,

2127 921 2363 990 signum
2394 925 2591 976 tamen
2633 925 2719 976 est
2750 920 3091 992 aegrotantis
3125 936 3190 975 ac
3223 921 3486 975 nondum
3519 920 3793 991 passione

2127 1011 2278 1065 319
2304 1009 2403 1064 tali
2424 1010 2679 1065 liberatae
2700 1009 3332 1072 animaeQuamobrem
3352 1011 3638 1065 obscenas
3657 1009 3790 1064 illas

2127 1099 2466 1170 phantasias
2514 1099 2666 1154 inter
2713 1099 3127 1154 dormiendum
3181 1103 3553 1154 occurrentes
3583 1103 3790 1171 putare

2128 1188 2410 1243 debemus
2443 1204 2571 1244 esse
2602 1188 2985 1260 praecedentis
3028 1187 3298 1260 segnitiei
3349 1191 3788 1260 argumentum,

2129 1282 2300 1347 atque
2331 1283 2544 1333 nostras
2592 1277 2980 1348 inﬁrmitatis,
3017 1278 3410 1350 morbumque
3457 1277 3518 1332 in
3567 1282 3790 1334 secreto

2129 1368 2321 1423 cordis
2345 1368 2532 1424 nostri
2559 1367 2836 1423 latentem
2864 1367 3052 1440 aperit
3072 1367 3319 1423 cessatio
3343 1366 3558 1422 somnii
3589 1384 3654 1422 ex
3660 1384 3790 1439 per-

2131 1457 2435 1529 giscentis-
2461 1458 2574 1530 (88)
2602 1459 2789 1523 Quare
2822 1457 3152 1512 animarum
3187 1457 3452 1512 medicus
3493 1457 3554 1512 in
3585 1459 3792 1512 animae

2129 1547 2532 1619 penetralibus
2591 1546 2947 1602 medicinam
3009 1547 3286 1620 reposuit,
3320 1564 3542 1620 gnarus
3600 1545 3791 1602 morbi

2131 1654 2341 1694 causas
2369 1637 2513 1693 inibi
2558 1653 2712 1702 esse,
2744 1637 2886 1692 dum
2919 1635 3000 1692 ait
3033 1653 3094 1692 ;‹‹
3128 1638 3238 1704 Qui
3290 1637 3530 1717 respicit
3577 1635 3794 1692 mulie-

2132 1743 2255 1783 rem
2287 1728 2360 1783 ad
2393 1727 2926 1799 concupiscendum
2972 1743 3123 1796 eam,
3167 1728 3296 1798 jam
3345 1726 3672 1782 moechatus
3703 1728 3793 1782 est

2130 1835 2260 1874 eam
2305 1818 2365 1873 in
2415 1819 2591 1874 corde
2621 1834 2728 1874 suo
2752 1817 2795 1852 ‘5
2827 1833 2840 1872 :
2869 1839 2891 1866 »
2927 1834 3043 1872 non
3092 1820 3326 1873 tantum
3359 1821 3424 1873 ut
3451 1815 3703 1872 lascivos
3735 1817 3793 1870 et

2130 1908 2393 1964 curiosos
2415 1907 2615 1964 oculos
2633 1907 3083 1979 corrigeret,sed
3108 1906 3290 1962 multo
3314 1906 3502 1978 magis
3525 1905 3787 1961 animam

2132 1998 2295 2055 intus
2334 1998 2531 2066 sitam,
2556 2014 2681 2069 quae
2712 1996 2899 2053 oculis
2930 1996 3002 2052 ad
3034 1997 3256 2052 bonum
3287 1995 3399 2052 sibi
3430 2013 3463 2051 a
3493 1999 3605 2052 Deo
3637 1993 3789 2052 datis

2132 2088 2398 2161 improbe
2439 2091 2528 2144 est
2572 2103 2718 2143 usa:
2747 2103 2875 2158 qua;
2908 2103 3086 2142 causa
3116 2090 3206 2142 est
3233 2103 3339 2142 cur
3367 2084 3602 2158 sapiens
3651 2101 3790 2156 pro-

2130 2179 2396 2235 verbium
2429 2178 2602 2246 dicat,
2637 2194 2776 2244 non,
2809 2175 2982 2232 Omni
3032 2176 3300 2233 custodia
3345 2192 3512 2232 serva
3550 2173 3786 2240 oculos;

2131 2269 2254 2336 sed,
2281 2290 2310 2318 «
2345 2267 2515 2323 Omni
2548 2266 2816 2322 custodia
2863 2282 3030 2323 serva
3059 2281 3158 2322 cor
3199 2269 3370 2321 tuum
3391 2265 3454 2319 ‘5.
3481 2289 3503 2318 n
3543 2263 3631 2320 Illi
3670 2261 3789 2319 sci-

2128 2355 2262 2410 licet
2323 2355 2577 2410 maxime
2631 2353 2908 2408 custodize
2967 2353 3291 2408 remedium
3341 2351 3616 2425 applicat,
3658 2369 3786 2423 qua)

2130 2443 2315 2500 oculis
2346 2443 2588 2499 arbitrio
2623 2460 2728 2499 suo
2770 2442 2976 2499 utitur.
3002 2442 3110 2514 (89)
3146 2443 3351 2514 Itaque
3389 2442 3510 2498 haec
3540 2441 3617 2498 sit
3646 2457 3784 2512 pur-

2127 2532 2379 2604 gationis
2413 2536 2623 2588 nostrae
2674 2532 2867 2603 prima
2915 2531 3209 2599 custodia;
3245 2535 3310 2587 ut
3343 2548 3477 2587 cum
3528 2534 3787 2587 mentem

2130 2625 2392 2678 nostram
2440 2619 2706 2676 mulieris
2757 2620 3059 2692 memoria,
3094 2620 3383 2677 diabolica
3427 2619 3785 2694 operatione.

2129 2709 2396 2777 subierit,
2430 2709 2665 2764 etiamsi
2715 2709 2942 2778 matris,
2985 2724 3086 2764 aut
3132 2709 3372 2782 sororis,
3404 2713 3507 2766 aut
3553 2709 3783 2782 piarum

2129 2799 2378 2856 aliarum
2427 2797 2768 2867 mulierum,
2801 2801 3032 2854 mature
3062 2798 3227 2854 illam
3258 2815 3325 2855 ex
3355 2800 3532 2855 corde
3583 2803 3784 2856 nostro

2129 2887 2437 2960 ejiciamus
2469 2903 2482 2943 :
2518 2903 2590 2942 ne
2622 2885 2671 2942 si
2702 2886 2761 2942 in
2803 2886 2903 2942 tali
2934 2886 3283 2960 cogitatione
3313 2887 3536 2945 diutius
3566 2889 3781 2945 immo-

2128 2994 2348 3048 remur,
2383 2977 2652 3032 seductor
2681 2991 2748 3031 ac
2779 2974 3070 3032 malorum
3121 2981 3325 3033 auctor
3368 2977 3484 3047 ille,
3518 2996 3587 3034 ex
3624 2979 3780 3050 ejus-

2133 3066 2292 3123 modi
2317 3065 2585 3122 vultuum
2620 3064 2954 3138 phantasia,
2983 3065 3042 3120 in
3066 3066 3350 3122 obscenas
3383 3071 3440 3122 et
3469 3067 3788 3124 damnosas

2131 3156 2516 3228 cogitationes
2544 3158 2804 3211 mentem
2827 3153 3094 3210 devolvat
3115 3172 3180 3211 ac
3205 3155 3556 3228 praecipitet;
3582 3173 3788 3229 quem-

2135 3246 2456 3301 admodum
2490 3244 2825 3315 praecipi‘tur
2855 3245 3134 3300 mandato
3167 3243 3265 3300 illo
3298 3245 3400 3301 Dei
3431 3247 3504 3302 ad
3537 3247 3794 3316 primum

369 3307 785 3408 τῆςΙήμετέρας
835 3307 1056 3406 καρδίας
1109 3324 1449 3402 ἐκϐάλωμεν·
1496 3307 1601 3383 ἵνα*
1640 3330 1740 3404 μή,
1787 3327 2022 3385 ἐπιπολὺ

2138 3335 2438 3391 hominem
2471 3335 2629 3405 dato,
2661 3339 2725 3388 ut
2770 3333 3054 3389 nimirum
3098 3334 3434 3391 observaret
3465 3340 3642 3408 caput
3672 3352 3798 3393 ser-

373 3418 758 3499 διατριϐόντων
789 3423 948 3494 ἡμῶν
982 3420 1032 3474 ἐν
1062 3420 1198 3494 αὐτῇ
1229 3422 1297 3492 τῇ
1347 3419 1541 3493 γνώμῃ
1598 3418 1625 3472 ὁ
1682 3422 1790 3473 τῶν
1846 3423 2025 3473 κακῶν

375 3512 620 3568 ἀπατεὼν
681 3511 739 3566 ἐκ
794 3509 1000 3566 τούτων
1049 3513 1156 3563 τῶν
1204 3507 1513 3584 προσώπων
1566 3507 1896 3583 κατακυλίοῃ
1937 3507 2027 3563 καὶ

373 3599 788 3678 κατακρημνίσῃ
812 3602 910 3669 τὴν
950 3596 1189 3653 διάνοιαν
1245 3598 1320 3659 εἷς
1370 3596 1603 3672 αἰσχρὰς
1651 3597 1740 3652 καὶ
1797 3592 2025 3652 ἐπιϐλα-

379 3688 492 3754 ϐεῖς
539 3691 882 3764 ἐνθυμήσεις,
934 3689 1114 3750 καθὼς
1170 3687 1260 3742 καὶ
1318 3689 1352 3756 ἡ
1405 3688 1548 3762 παρά
1607 3691 1740 3742 Θεοῦ
1771 3687 1906 3764 πρὸς
1934 3687 2025 3741 τὸν

377 3785 592 3858 πρῶτον
628 3775 843 3843 δοθεῖσα
873 3777 1068 3846 ἐντολή
1108 3775 1341 3844 κελεύει,
1394 3782 1582 3848 τηρεῖν
1630 3778 1730 3846 τήν
1782 3775 2024 3853 κεφαλήν

374 3875 471 3925 τοῦ
502 3865 701 3946 ὄφεως,
733 3869 972 3922 τουτέστι
1003 3871 1101 3921 τοῦ
1144 3860 1416 3941 βλαϐεροῦ
1465 3864 1742 3939 λογισμοῦ
1792 3866 1890 3934 τὴν
1940 3866 2030 3941 ἀρ-

379 3956 809 4034 χὴν,δι’·οὗπερ
867 3955 1046 4033 ἕρπειν
1093 3954 1167 4016 εἷς
1213 3956 1312 4024 τὴν
1364 3955 1631 4030 ἡμετέραν
1685 3955 1867 4030 ψυχὴν
1920 3954 2030 4008 ἐπι-

391 4054 580 4124 χειρεῖ·
613 4049 702 4102 ἳνα
736 4048 811 4121 μὴ
841 4050 909 4120 τῇ
939 4053 1039 4115 τῆς
1088 4043 1334 4122 κεφαλῆς
1383 4042 1698 4118 παραδοχῇ,
1731 4042 1853 4112 ἥτις
1887 4042 2028 4109 ἐστὶν

375 4139 408 4207 ἡ
438 4132 722 4211 προσϐολή
753 4139 851 4192 τοῦ
886 4131 1247 4210 λογισμοῦ,τὸ
1280 4130 1472 4186 λοιπὸν
1506 4136 1602 4186 τοῦ
1634 4127 1808 4209 ὄφεως
1844 4132 2022 4203 σῶμα,

366 4224 607 4282 τουτέσνι
655 4232 755 4295 τῆς
812 4220 1023 4294 ἡδονῆς
1081 4223 1184 4291 τὴν
1230 4221 1530 4292 κατάθεσιν,
1580 4217 2023 4292 παραδεξώμεθα,

366 4315 457 4372 καὶ
494 4313 552 4370 ἐκ
580 4313 776 4369 τούτου
819 4309 1013 4368 λοιπὸν
1063 4311 1150 4367 ἐπὶ
1199 4312 1298 4380 τὴν
1349 4309 1602 4383 ἀθέμιτον
1654 4310 1844 4384 πρᾶξιν
1898 4330 2027 4364 κατ-

366 4403 560 4480 ενέγκῃ
592 4405 691 4473 τὴν
727 4401 986 4458 διάνοιαν
1023 4400 1168 4457 ἀλλὰ
1196 4401 1484 4477 προσήκει,
1517 4399 1652 4454 κατά
1679 4399 1740 4453 τὸ
1789 4419 2027 4476 γεγραμ-

365 4495 560 4570 μένον,
596 4495 672 4556 εἰς
727 4493 822 4556 τὰς
855 4490 1065 4568 πρωίας
1095 4490 1406 4546 ἀποκτενεῖν
1437 4487 1635 4551 πάντας
1686 4487 1814 4552 τοὺς
1858 4490 2030 4565 ἁμαρ-

368 4582 588 4646 τωλοὺς
635 4590 737 4652 τῆς
766 4589 893 4659 γῆς,
923 4580 1168 4636 τουτέστι
1197 4584 1276 4652 τῷ
1329 4579 1468 4656 φωτὶ
1498 4587 1597 4648 τῆς
1622 4579 1872 4655 γνώσεως
1908 4575 2026 4633 δια-

2139 3427 2354 3498 pentis,
2389 3425 2448 3479 id
2493 3429 2602 3493 est,
2637 3423 2991 3496 principium
3044 3425 3346 3480 damnosae
3402 3426 3798 3499 cogitationis,

2140 3533 2258 3587 qua
2287 3514 2345 3570 in
2377 3514 2638 3569 animam
2663 3517 2926 3569 nostram
2959 3513 3212 3586 irrepere
3238 3515 3474 3586 nititur;
3510 3521 3575 3571 ut
3607 3533 3678 3571 ne
3705 3517 3800 3572 ad-

2139 3604 2322 3660 misso
2353 3604 2561 3675 capite,
2594 3603 2652 3658 id
2685 3607 2793 3670 est,
2827 3603 3018 3675 prima
3049 3604 3422 3675 cogitationis
3454 3605 3798 3678 irruptione,

2138 3693 2435 3765 reliquum
2467 3692 2758 3764 serpentis
2791 3708 3027 3764 corpus,
3061 3692 3285 3748 scilicet
3314 3710 3670 3750 consensum
3699 3712 3799 3751 vo-

2137 3783 2406 3856 luptatis,
2430 3782 2848 3850 admittamus;
2895 3785 3072 3854 atque
3102 3781 3239 3838 hinc
3270 3783 3509 3838 demum
3540 3783 3599 3839 in
3631 3786 3797 3841 nefa-

2138 3873 2292 3929 rium
2327 3873 2554 3928 facinus
2588 3875 2845 3927 mentem
2879 3870 2978 3927 ille
3009 3872 3243 3942 dejiciat
3267 3889 3280 3928 :
3304 3874 3407 3929 sed
3439 3891 3545 3946 par
3575 3879 3682 3944 est,
3715 3875 3798 3931 uti

2137 3963 2425 4034 scriptum
2456 3965 2545 4018 est
2565 3962 2630 4032 ⁵⁷,
2654 3961 2712 4016 in
2747 3961 3037 4017 matutino
3068 3961 3396 4018 interﬁcere
3428 3980 3634 4020 omnes
3665 3981 3797 4036 pec-

2139 4057 2366 4107 catores
2396 4055 2594 4118 terra;
2636 4050 2696 4104 id
2743 4054 2852 4117 est,
2877 4049 3104 4106 lumine
3135 4051 3488 4124 cognitionis
3537 4054 3797 4111 interno-

2138 4157 2296 4196 scere
2338 4143 2516 4210 atque
2550 4139 2889 4210 disperdere
2941 4139 3323 4210 cogitationes
3371 4142 3444 4197 ad
3493 4147 3832 4214 peccatum,

2137 4230 2526 4296 deducentes;
2561 4243 2630 4282 ex
2673 4231 2849 4294 terra,
2883 4226 3107 4282 scilicet
3153 4245 3222 4283 ex
3265 4230 3458 4298 corde,
3486 4233 3657 4302 juxta
3687 4232 3798 4288 Do-

2137 4316 2285 4372 mini
2313 4329 2537 4373 vocem.
2565 4316 2632 4370 Et
2663 4315 2806 4370 dum
2841 4315 3034 4370 adhuc
3065 4316 3294 4388 parvuli
3317 4323 3459 4373 sunt
3488 4320 3593 4374 filii
3624 4322 3805 4393 Baby-

2137 4406 2314 4475 lonis,
2345 4422 2450 4461 seu
2493 4404 2660 4461 malae
2693 4403 3102 4477 cogitationes,
3126 4411 3252 4460 tum
3285 4422 3384 4464 eos
3416 4406 3542 4464 solo
3571 4425 3805 4482 aequare

2138 4500 2315 4567 atque
2345 4493 2587 4551 allidere
2619 4497 2846 4566 oportet
2892 4494 2964 4549 ad
3009 4498 3236 4566 petram
3259 4496 3323 4552 ⁵⁸.
3359 4513 3486 4568 quae
3517 4501 3606 4553 est
3635 4498 3801 4554 Chri-

2140 4589 2292 4641 stus.
2326 4584 2383 4640 Si
2418 4583 2575 4639 enim
2627 4598 2919 4638 consensu
2965 4587 3168 4640 nostro
3219 4585 3291 4640 ad
3322 4585 3548 4642 virilem
3604 4603 3803 4660 perve-

372 4673 596 4750 κρίνειν,
628 4672 718 4727 καὶ
749 4669 1118 4748 ἐξολοτρεύειν
1151 4668 1278 4731 τοὺς
1312 4666 1676 4742 ἁμαρτωλοὺς
1725 4665 2022 4744 λογισμοὺς

2135 4675 2302 4730 niant
2333 4676 2584 4742 aetatem,
2609 4689 2724 4728 non
2751 4672 2899 4728 citra
2923 4689 3168 4745 magnos
3199 4675 3456 4746 gemitus
3487 4679 3544 4733 et
3573 4676 3805 4735 labores

373 4763 432 4818 ἐκ
459 4766 558 4829 τῆς
604 4769 730 4836 γῆς,
781 4761 904 4830 ἥτις
956 4758 1096 4815 ἐστὶν
1147 4761 1182 4829 ἠ
1231 4755 1446 4834 καρδία,
1490 4757 1626 4812 κατά
1664 4760 1763 4828 τὴν
1793 4755 1890 4812 τοῦ
1922 4765 2026 4813 Κυα-

367 4851 489 4928 ρίου
543 4852 750 4930 φωνήν·
811 4849 902 4904 καὶ
957 4849 1032 4910 ὡς
1083 4845 1159 4902 ἔτι
1210 4846 1397 4918 νήπιοί
1451 4845 1583 4900 εἰσιν
1631 4847 1681 4900 οἱ
1715 4845 1822 4900 υἱοὶ
1855 4841 2028 4902 Βαϐυ-

371 4940 568 5011 λῶνος,
596 4937 764 5018 ἤγουν
800 4940 852 4994 οἱ
883 4939 1117 5014 πονηροὶ
1141 4935 1424 5013 λογισμοὶ,
1459 4936 1686 4998 τούτους
1737 4933 2028 5013 ἐδαφίζειν,

368 5031 460 5085 καὶ
510 5025 806 5104 συντρίϐειν
865 5029 1003 5102 πρὸς
1053 5028 1153 5096 τήν
1197 5026 1416 5100 πέτραν,
1477 5025 1600 5093 ἥτις
1645 5023 1785 5079 ἐστὶν
1838 5026 2028 5099 ὁΧρι-

373 5118 521 5182 στός.
585 5120 701 5174 Ἐὰν
777 5119 876 5195 γὰρ
951 5115 1041 5172 διὰ
1109 5123 1212 5186 τῆς
1271 5115 1539 5191 ἡμετέρας
1590 5115 2027 5190 συγκαταθέσεως

372 5206 753 5285 ἀνδρυνθῶσιν,
805 5207 906 5262 οὐκ
958 5205 1078 5262 ἄνευ
1132 5204 1371 5281 μεγάλου
1437 5208 1738 5280 στεναγμοῦ
1792 5203 1881 5258 καὶ
1938 5225 2031 5258 κα-

379 5300 550 5373 μάτου
606 5300 1017 5370 κινηθήσονται.
1079 5295 1224 5371 Πρὸς
1282 5293 1340 5349 δὲ
1397 5299 1514 5357 τοῖς
1573 5291 1885 5368 εἱρημένοις
1928 5293 2032 5349 ἀπὸ

374 5395 472 5461 τῆς
501 5388 648 5456 θείας
697 5391 913 5468 Γραφῆς
968 5384 1136 5456 καλὸν
1200 5385 1292 5440 καὶ
1353 5381 1515 5461 λόγον
1550 5383 1716 5461 ἁγίῶν
1777 5384 2029 5459 Πατέρων

2138 4764 2600 4836 superabuntur.
2635 4763 2724 4817 Ad
2757 4777 2825 4818 ea
2856 4766 3055 4818 autem
3091 4780 3218 4835 quae
3250 4765 3525 4837 superius
3555 4783 3624 4823 ex
3653 4768 3801 4824 Scri-

2137 4859 2311 4926 ptura
2349 4869 2517 4908 sacra
2546 4852 2703 4907 dicta
2751 4855 2911 4923 sunt,
2944 4851 3274 4923 adjicienda
3321 4861 3660 4914 sanctorum
3694 4859 3803 4914 Pa—

2138 4948 2298 4999 trum
2331 4942 2506 4996 dicta.
2531 4941 2635 5012 (90)
2660 4939 2891 4996 Dictum
2923 4946 3012 4997 est
3052 4943 3247 5013 itaque
3277 4961 3311 5000 a
3340 4950 3544 5003 sancto
3585 4947 3800 5005 Basilio

2139 5032 2410 5088 Caesareae
2439 5029 2818 5102 Cappadociae
2861 5031 3136 5102 episcopo
3172 5047 3185 5086 :
3220 5032 3524 5091 Mulierem
3573 5038 3802 5108 ignoro,

2141 5137 2246 5176 nec
2304 5127 2501 5174 tamen
2559 5120 2722 5192 virgo
2783 5137 2951 5189 sum;
2985 5138 3176 5193 usque
3234 5123 3377 5177 adeo
3435 5123 3802 5196 exploratum

2141 5209 2376 5277 habuit,
2410 5225 2526 5264 non
2576 5208 2702 5265 sola
2741 5208 3029 5282 corporali
3078 5211 3470 5283 temperantia
3499 5231 3532 5269 a
3563 5213 3808 5273 muliere

2140 5297 2500 5370 virginitatis
2529 5298 2752 5354 donum
2784 5303 2940 5355 recte
2968 5298 3294 5372 possideri;
3326 5301 3428 5358 sed
3461 5302 3646 5360 multo
3679 5320 3809 5363 ma-

2142 5388 2234 5461 gis
2260 5387 2470 5446 animae
2502 5390 2814 5446 sanctitate
2844 5389 3218 5462 puritateque
3250 5406 3316 5448 ac
3347 5391 3557 5452 timore
3576 5394 3681 5454 Dei
3711 5394 3814 5454 ha-

445 5557 492 5594 “
519 5554 775 5628 Philipp.
808 5571 896 5627 In,
924 5554 1017 5610 20.
1094 5550 1141 5588 "
1169 5549 1377 5608 Matth.
1408 5567 1466 5620 v,
1495 5549 1588 5608 28.
1664 5549 1708 5586 ἰθ
1740 5553 1909 5606 Prov.
1944 5565 2023 5623 IX,
2053 5549 2147 5609 23.
2222 5551 2267 5587 ‘7
2299 5550 2456 5610 Psal.
2488 5569 2541 5626 c,
2573 5553 2627 5609 8.
2705 5554 2749 5590 ⁴⁸
2781 5552 2934 5610 Psal.
2967 5569 3190 5625 cxxxvx,
3225 5556 3280 5611 9.

456 5725 575 5874 te;
598 5723 756 5856 ita.
781 5739 841 5854 ιι
867 5722 962 5852 ιιι

2226 5721 2338 5868 ἓξὲξ
2366 5720 2516 5854 lilii:
2549 5739 2602 5864 ἒξ
2634 5723 2724 5856 ἒξξ
