4148 6390
417 437 535 498 879

1584 438 1648 499 S.
1697 429 2225 501 ATHANASIUS.
2252 468 2331 484 --
2363 430 2670 501 SPURIA.

3720 432 3843 501 880

420 570 543 627 heri
580 568 785 626 solere.
807 568 987 625 Aiunt
1017 568 1156 626 item
1180 569 1401 639 Patres,
1421 588 1535 626 non
1569 588 1742 645 posse
1763 589 1870 628 nos
1896 571 2070 628 casti-

2187 566 2583 642 ἐπιμνησθῆναι
2617 566 2706 640 δή.
2770 567 2995 645 Εἱρῃται
3030 566 3211 626 τοίνυν
3255 571 3336 643 τῷ
3385 570 3521 648 ἁγίῳ
3569 569 3838 643 Βασιλείῳ

421 660 559 717 tatis
590 654 857 732 perfectae
877 659 1158 716 virtutem
1190 659 1510 732 possidere,
1534 661 1649 718 nisi
1679 662 1844 736 prius
1873 676 2069 717 veram

419 749 478 806 in
528 750 704 805 corde
751 748 1147 805 humilitatem
1197 750 1655 820 possideamus:
1703 766 1891 824 neque
1936 765 2073 805 vera

419 838 754 911 cognitione
783 838 993 912 dignos
1037 837 1241 894 haberi
1272 839 1533 910 quandiu
1568 840 1627 896 in
1659 841 1867 897 animus
1899 855 2071 910 pene-

419 928 671 985 tralibus
703 927 1105 984 fornicationis
1145 927 1389 984 affectus
1432 928 1582 985 situs
1611 928 1741 986 erit.
1777 930 1845 987 Ut
1874 933 2070 985 autem

421 1033 697 1091 magnam
728 1016 1073 1088 hujusmodi
1100 1016 1378 1073 virtutem
1411 1035 1478 1073 ex
1500 1018 1779 1091 Apostolo
1810 1018 1939 1091 ipso
1968 1034 2072 1090 pa-

415 1105 535 1162 lam
567 1107 876 1177 faciamus,
901 1123 1081 1163 unam
1109 1107 1237 1178 ejus
1268 1123 1665 1165 memoremus
1694 1108 2071 1178 sententiam,

418 1213 538 1269 qua
591 1196 870 1269 loquendi
928 1197 1106 1252 ﬁnem
1165 1196 1468 1254 faciemus.
1493 1221 1522 1249 «
1575 1198 1808 1266 Pacem,
1855 1198 2072 1271 inquit,

419 1284 740 1357 sequimini
795 1301 929 1341 cum
978 1285 1276 1356 omnibus,
1328 1292 1383 1341 ct
1440 1286 1892 1343 sanctimoniam
1946 1285 2075 1342 sine

421 1391 540 1446 qua
571 1391 740 1430 nemo
772 1373 989 1430 videbit
1029 1374 1342 1431 Dominum
1364 1375 1427 1429 η.
1456 1398 1482 1424 ››
1510 1375 1673 1440 Quod
1718 1375 1874 1432 enim
1907 1392 1974 1431 ea
2003 1374 2075 1430 de

420 1480 483 1520 re
512 1465 806 1536 loquatur,
831 1465 1135 1536 propalam
1157 1469 1246 1521 est
1266 1481 1334 1520 ex
1363 1464 1436 1523 iis
1458 1482 1585 1536 qua:
1606 1465 2074 1537 subjuuxit,cum

421 1553 506 1610 ait
534 1570 548 1611 :
572 1575 599 1606 «
621 1554 704 1610 Ne
727 1553 861 1625 quis
892 1553 1229 1625 fornicator,
1255 1559 1357 1609 aut
1386 1556 1689 1627 profanus,
1714 1560 1778 1610 ut
1799 1555 1949 1611 Esau
1972 1554 2072 1610 ⁸ο.»

420 1646 649 1712 Quanto
680 1642 878 1715 itaque
911 1643 1102 1716 magis
1132 1643 1388 1700 coalestis
1410 1650 1466 1700 ct
1496 1643 1756 1716 angelica
1781 1647 1871 1700 est
1890 1644 2076 1700 virtus

418 1732 727 1801 castitatis,
749 1736 912 1789 tanto
944 1732 1313 1806 gravioribus
1336 1732 1407 1789 ab
1437 1732 1675 1790 inimico
1707 1732 1941 1790 insidiis
1972 1750 2074 1806 op-

416 1827 736 1896 pugnatur.
770 1823 1163 1889 Quamobrem
1195 1838 1401 1880 curare
1430 1822 1716 1879 debemus
1752 1838 1867 1878 non
1901 1822 2074 1879 modo

417 1914 484 1967 ut
539 1911 801 1984 corporis
856 1911 1304 1984 temperantiam
1363 1927 1686 1979 servemus,
1738 1911 1838 1968 sed
1896 1910 2072 1968 etiam

416 2000 830 2057 contritionem
862 2000 1079 2067 cordis,
1110 2016 1177 2056 ac
1220 2000 1558 2072 frequentes
1588 2017 1723 2056 cum
1754 2000 2076 2073 gemitibus

418 2090 714 2147 orationes
755 2089 1105 2159 fundamus;
1139 2089 1221 2146 ita
1251 2095 1316 2145 ut
1345 2094 1556 2146 nostra:
1604 2091 1801 2147 carnis
1848 2091 2074 2161 fornax,

419 2196 596 2252 quam
620 2196 720 2235 rex
736 2179 1127 2253 Babylonicus
1148 2178 1407 2235 stimulis
1429 2180 1916 2252 concupiscentiae
1938 2195 2078 2253 quo-

419 2268 561 2325 tidie
600 2268 886 2339 accendit,
922 2283 1051 2324 rore
1103 2268 1424 2340 praesentiae
1472 2269 1660 2324 sancti
1692 2268 1946 2341 Spiritus
1977 2285 2076 2325 ex-

417 2357 775 2430 stinguatur.
809 2358 893 2413 Ad
938 2356 1060 2413 haec
1093 2357 1419 2413 maximum
1453 2357 1623 2414 nobis
1653 2357 1837 2413 telum
1869 2358 2074 2414 adver-

416 2464 520 2504 sus
559 2446 853 2517 ejusmodi
901 2446 1134 2502 hostem
1183 2447 1467 2519 suppetit,
1499 2445 1712 2519 vigiliae
1756 2446 1982 2503 scilicet
2011 2447 2071 2503 in

418 2537 529 2594 Deo
562 2536 1354 2602 servata.0uemadmodum
1386 2538 1542 2592 enim
1575 2536 1815 2592 castitas
1837 2540 1894 2592 et
1919 2537 2072 2592 diur-

415 2642 492 2681 na
519 2626 792 2682 custodia
832 2629 1181 2681 nocturnam
1219 2624 1370 2681 320
1419 2628 1751 2697 praeparant
1796 2626 2073 2682 sanctita-

415 2718 565 2775 tem;
596 2716 677 2770 ita
709 2720 1007 2771 nocturna:
1041 2715 1099 2769 in
1130 2713 1246 2771 Deo
1275 2713 1486 2786 vigiliae
1516 2713 1909 2770 diurnam.....

2177 661 2257 729 τῷ
2330 656 2614 731 έπισκόπῳ
2692 657 3009 735 Καισαρείας
3079 656 3490 723 Καππαδοκίας
3565 659 3664 715 Καὶ
3739 681 3838 735 γυ-

2178 751 2337 801 ναῖκα
2383 746 2589 823 ἀγνοῶ,
2636 747 2726 802 καὶ
2776 746 3038 823 παρθένος
3087 748 3186 804 οὐκ
3229 747 3364 823 εἱμί·
3422 754 3680 805 τοσοῦτον
3725 747 3836 825 έγί-

2180 856 2352 891 νωσκε
2384 837 2459 910 μή
2494 835 2546 891 ἐν
2576 835 2645 912 τῇ
2674 840 2961 912 σωματικῇ
3009 837 3147 913 μόνῃ
3189 836 3380 916 ἀποχῇ
3433 845 3533 909 τῆς
3580 839 3837 915 γυναικὸς

2179 924 2243 980 τὸ
2275 922 2450 1001 δῶρον
2481 933 2581 996 τῆς
2632 926 2919 1003 παρθενίας
2978 929 3392 1005 κατορθοῦσθαι,
3445 926 3570 983 ὅσον
3735 934 3835 998 τῆς

2180 1017 2368 1091 ψυχῆς
2428 1015 2696 1092 ἁγιωσύνῃ
2748 1016 2839 1071 καὶ
2893 1016 3223 1093 καθαρότητι
3282 1019 3317 1087 ἣ
3364 1022 3443 1090 τῷ
3495 1011 3652 1097 φόϐῳ
3701 1014 3837 1073 Θεοῦ

2179 1108 2574 1181 κατορθοῦσθαι
2604 1104 2825 1185 πέφυκε.
2876 1106 3109 1182 Λέγουσι
3141 1104 3200 1162 δὲ
3227 1106 3318 1163 καὶ
3347 1111 3510 1163 τοῦτο
3560 1108 3616 1162 oi.
3668 1106 3837 1163 Πατέ-

2184 1213 2295 1270 ρες,
2332 1195 2407 1267 μὴ
2464 1191 2719 1259 δύνασθαι
2776 1197 2926 1269 ἡμᾶς
2981 1196 3082 1265 τὴν
3138 1195 3332 1274 ἀρετὴν
3364 1199 3463 1266 τῆς
3494 1194 3707 1271 ἀγνείας
3754 1217 3839 1252 τε-

2182 1281 2331 1346 λείας
2377 1285 2697 1355 κτῆσασθαι,
2738 1284 2783 1339 εἱ
2837 1285 2913 1358 μή
2963 1284 3226 1362 πρότερον
3273 1285 3543 1357 ἀληθινὴν
3586 1306 3839 1342 ταπεινο-

2183 1371 2454 1451 φροσύνην
2509 1373 2562 1428 ἐν
2620 1376 2690 1447 τῇ
2746 1370 2943 1448 γαρδίᾳ
2998 1373 3349 1448 κτησώμεθα’
3410 1371 3534 1430 οὕτε
3593 1371 3653 1428 δὶ
3694 1376 3838 1452 γνώ-

2184 1482 2321 1525 σεως
2370 1460 2615 1534 ἀληθοῦς
2654 1463 3050 1534 καταξιωθῆναι
3110 1462 3190 1543 ἐφ’
3236 1463 3364 1520 ὅσον
3416 1465 3467 1520 ὲν
3519 1469 3641 1526 τοῖς
3701 1464 3839 1519 ἀπο-

2180 1550 2410 1630 κρύφοις
2462 1558 2563 1621 τῆς
2620 1554 2804 1628 ψυχῆς
2860 1552 2924 1606 τὸ
2981 1552 3149 1616 πάθος
3205 1555 3306 1623 τῆς
3354 1553 3603 1629 πορνείας
3652 1551 3842 1630 ἐγκαθ-

2182 1641 2376 1711 έζεται.
2408 1643 2523 1697 Ἵνα
2554 1638 2611 1694 δὶ
2638 1640 2700 1695 τὸ
2734 1641 2869 1716 μέγα
2895 1641 3061 1696 τοῦάο
3111 1642 3442 1717 κατόρθωμα
3488 1642 3577 1697 καὶ
3629 1640 3687 1697 ἐκ
3739 1645 3837 1698 τοῦ

2184 1728 2524 1789 Ἀποστόλου
2559 1727 2843 1804 δείξωμεν,
2902 1737 3027 1804 μιᾶς
3071 1730 3236 1786 αὐτοῦ
3288 1730 3705 1806 ἐπιμνησθέντες
3750 1730 3839 1788 λέ-

2183 1819 2335 1892 ξεως,
2381 1818 2813 1893 καταπαύσωμεν
2869 1818 2960 1875 τὸν
3023 1819 3210 1896 λόγον.
3271 1844 3301 1875 ‹‹
3360 1821 3621 1898 Εἱρήνην,
3677 1820 3832 1892 φησὶ,

2183 1906 2407 1964 διώκετε
2440 1909 2574 1981 μετὰ
2614 1908 2850 1978 πάντων,
2896 1910 2986 1964 καὶ
3044 1910 3137 1965 τὸν
3186 1909 3477 1985 ἀγιασμὸν,
3534 1908 3597 1965 οῦ
3656 1909 3836 1987 χωρὶς

2183 1995 2359 2059 οὐδεὶς
2392 1994 2580 2071 ὅψεται
2636 1998 2730 2052 τὸν
2789 1997 3009 2074 Κύριον.
3078 2022 3109 2050 »
3157 2000 3283 2056 ’Ότι
3335 1997 3440 2075 γάρ
3487 1998 3837 2075 περὶτούτου

2184 2085 2351 2164 λέγει,
2385 2084 2554 2157 δῆλον
2584 2085 2635 2157 ἐξ
2667 2088 2741 2142 ὧν
2775 2085 3066 2164 ἐπήγαγεν,
3099 2088 3287 2143 εἱπών⁸
3324 2112 3346 2140 ι
3383 2093 3474 2164 My
3515 2109 3601 2153 τις
3633 2087 3836 2166 πόρνος

2182 2178 2216 2247 ἢ
2250 2171 2490 2253 βέϐηλος
2523 2176 2597 2239 ὡς
2649 2177 2834 2233 Ἠσαῦ.
2887 2200 2916 2229 ››
2967 2177 3132 2235 ’Όσον
3176 2176 3362 2234 τοίνυν
3416 2177 3687 2257 οὐράνιον,
3744 2177 3838 2234 καὶ

2183 2264 2471 2342 ἀγγελικὸν
2535 2266 2768 2341 ὑπάρχει
2821 2265 2883 2320 τὸ
2937 2266 3269 2343 κατόρθωμα
3326 2268 3428 2337 τῆς
3505 2266 3836 2343 ἀγνοσύνης,

2185 2360 2442 2411 τοσοῦτον
2478 2355 2793 2430 βαρυτέραις
2825 2355 2971 2432 παρὰ
2998 2359 3106 2411 τῶν
3151 2354 3464 2412 ἀντιπάλων
3511 2350 3836 2421 ἐπιϐουλαῖς

2181 2444 2529 2518 πολεμεῖται.
2576 2443 2678 2501 Καὶ
2725 2443 2924 2500 τούτου
2981 2444 3141 2522 χάριν
3177 2443 3497 2515 σπουδάζειν
3543 2444 3837 2524 ὀφείλομεν

2182 2534 2244 2590 οὐ
2278 2535 2440 2607 μόνον
2476 2533 2788 2608 ἐγκράτειαν
2820 2533 3073 2607 σώματος
3116 2535 3320 2608 ἀσκεῖν,
3369 2534 3516 2591 ἀλλὰ
3557 2535 3648 2591 καὶ
3707 2557 3838 2590 συν-

2178 2616 2374 2699 τριϐἡν
2432 2619 2678 2697 καρδίας,
2737 2623 2828 2678 καὶ
2887 2624 3087 2686 πυκνάς
3142 2625 3451 2700 προσευχὰς
3520 2625 3656 2698 μετᾶ
3712 2646 3829 2680 στε-

2180 2715 2424 2788 ναγμῶν·
2484 2709 2623 2766 ὣστε
2688 2712 2788 2780 τὴν
2848 2712 3078 2785 κάμινον
3135 2720 3236 2783 τῆς
3291 2714 3560 2787 ἡμετέρας
3609 2714 3837 2788 σαρκὸς,

414 2803 481 2873 ἢν
515 2804 543 2858 ὁ
572 2798 922 2865 Βαϐυλώνιος
959 2800 1210 2879 βασιλεὺς
1234 2808 1348 2865 τοῖς
1380 2810 1480 2872 τῆς
1511 2800 1796 2876 ἐπιθυμίας
1827 2801 2137 2879 ἐρεθισμοῖς
2167 2802 2284 2857 καθ’
2316 2802 2541 2871 ἑκάστην
2592 2800 2836 2870 ἀνάπτει,
2886 2801 2954 2876 τῇ
3003 2798 3183 2879 δρόσῳ
3230 2809 3330 2872 τῆς
3381 2802 3681 2880 παρουσίας
3736 2807 3838 2859 τοῦ

417 2891 572 2967 ἁγίου
604 2890 917 2966 ΙΙνεύματος
948 2886 1367 2962 ἀποσϐεσθῆναι.
1406 2893 1547 2968 Πρὸς
1586 2890 1643 2947 δὲ
1669 2892 1886 2948 τούτοις
1922 2892 2176 2968 μέγιστον
2210 2894 2345 2964 ἡμῖν
2375 2888 2545 2945 ὅπλον
2576 2891 2713 2965 πρὸς
2745 2891 2836 2945 τὸν
2868 2888 3137 2965 πολέμιον
3186 2896 3375 2947 τοῦτον
3422 2891 3748 2962 καθέστηκεν
3798 2894 3835 2963 ἡ

412 2982 549 3037 κατᾶ
579 2983 704 3038 Θεὸν
741 2980 1024 3059 ἀγρυπνία.
1055 2984 1257 3057 ’Ὠσπερ
1291 2981 1394 3057 γᾶθ
1424 2983 1459 3051 ἡ
1492 2981 1691 3058 ἁγνεία,
1722 2981 1812 3037 καὶ
1844 2984 1878 3052 ἡ
1938 2979 2302 3061 παραφυλακὴ
2359 2987 2459 3050 τῆς
2517 2980 2726 3055 ἡμέρας
2796 2981 2895 3049 τήν
2952 2982 3269 3058 νυκτερινὴν
3327 2983 3830 3059 παρασκευάζουσιν

417 3072 726 3148 ἀγοσύνην,
758 3071 931 3136 οὕτως
962 3074 998 3142 ἠ
1030 3071 1314 3146 νυκτερινὴ
1345 3072 1479 3126 κατὰ
1510 3073 1636 3127 Θεὸν
1672 3071 1942 3148 ἀγρυπνία
1971 3073 2069 3142 τὴν
2103 3071 2372 3146 ἡμερινὴν

487 3163 540 3220 3.
569 3164 679 3237 (91)
712 3163 977 3220 Tertium
1011 3162 1180 3219 nobis
1218 3166 1308 3218 est
1336 3167 1631 3218 certamen
1668 3169 1872 3219 contra
1901 3162 2072 3236 spiri-

2256 3161 2311 3216 3.
2338 3158 2528 3235 Τρίτος
2559 3158 2698 3214 ἐστὶν
2729 3161 2866 3233 ἡμῖν
2898 3158 3046 3235 ἀγὼν
3071 3159 3208 3215 κατᾶ
3247 3164 3346 3215 τοῦ
3392 3161 3698 3235 πνεύματος
3739 3165 3841 3231 τῆς

419 3260 542 3310 tum
576 3252 830 3309 avaritiae
862 3270 875 3308 :
911 3257 1253 3308 extraneum
1302 3254 1393 3307 est
1439 3251 1784 3322 hujusmodi
1826 3250 2071 3321 bellum,

417 3358 485 3398 ac
515 3346 677 3398 extra
708 3346 985 3399 naturam
1013 3355 1142 3397 esse
1172 3339 1651 3412 deprehenditur,
1680 3344 1854 3412 atque
1884 3341 2074 3398 incre-

416 3429 684 3488 dulitatis
730 3429 1036 3487 occasione
1094 3427 1381 3485 monacho
1428 3428 1735 3501 contingit.
1770 3429 2071 3486 Enimvero

416 3519 669 3577 aliorum
717 3518 1035 3576 affectuum
1075 3516 1325 3586 stimuli,
1356 3514 1455 3572 ira;
1485 3516 1708 3573 scilicet
1755 3523 1813 3574 et
1858 3534 2072 3575 concu-

417 3608 736 3681 piscentia,
758 3624 827 3664 ex
855 3623 1097 3679 corpore
1127 3605 1496 3664 occasionem
1537 3606 1751 3663 habere
1781 3608 2071 3678 videntur,

417 3716 484 3755 ac
516 3698 953 3772 quodammodo
994 3696 1158 3753 insiti
1199 3699 1357 3763 sunt,
1393 3700 1449 3752 et
1479 3713 1546 3752 ex
1579 3696 1881 3752 nativitate
1910 3696 2074 3770 prin-

415 3788 636 3861 cipium
667 3787 922 3845 habent:
950 3803 1077 3858 quas
1110 3801 1290 3841 causa
1329 3789 1419 3840 est
1465 3791 1528 3840 ut
1577 3785 1811 3842 nonnisi
1842 3785 2074 3842 diutino

412 3882 678 3950 tempore
718 3880 1093 3950 superentur.
1131 3874 1391 3931 Avaritiae
1435 3879 1632 3930 autem
1684 3875 1925 3931 morbus
1972 3892 2072 3932 ex-

413 3966 706 4023 trinsecus
736 3965 1053 4022 adveniens
1097 3963 1329 4020 facilius
1377 3963 1638 4020 exscindi
1693 3969 1903 4035 potest,
1929 3964 2072 4020 dum

415 4055 574 4112 adsit
604 4073 743 4112 cura
772 4059 829 4111 et
857 4054 1039 4110 animi
1072 4053 1337 4110 attentio.
1370 4057 1443 4109 At
1471 4052 1522 4110 si
1557 4052 1908 4126 negligatur,
1941 4069 2073 4125 per-

416 4144 694 4201 niciosior
749 4143 881 4202 aliis
937 4141 1244 4199 affectibus
1292 4148 1403 4209 est,
1450 4146 1632 4215 atque
1679 4142 2073 4198 exsecrandus

414 4236 654 4292 evadit:
690 4251 827 4291 nam
875 4233 1042 4289 radix
1090 4233 1359 4288 omnium
1416 4230 1706 4287 malorum
1766 4237 1856 4287 est
1900 4231 2073 4303 juxta

413 4324 753 4397 Apostolum
774 4324 1082 4380 “.Verum
1132 4321 1241 4377 hac
1298 4320 1524 4377 ratione
1579 4320 1695 4377 ista
1739 4319 2071 4376 considere-

413 4412 1029 4487 mu3.(92)Naturales
1058 4410 1321 4484 corporis
1354 4416 1549 4466 motus
1598 4426 1713 4465 non
1766 4409 1960 4465 solum
2008 4409 2071 4466 in

412 4505 613 4579 pueris
658 4503 1126 4576 conspiciuntur,
1158 4501 1214 4555 in
1252 4501 1470 4572 quibus
1500 4499 1762 4562 nondum
1811 4504 1901 4555 est
1949 4498 2070 4556 dis-

412 4595 592 4651 cretio
622 4593 757 4649 boni
791 4597 849 4648 et
877 4591 1039 4659 mali,
1059 4590 1161 4646 sed
1205 4590 1403 4660 etiam,
1428 4589 1694 4660 inquam,
1721 4587 1982 4644 minimis
2013 4592 2073 4644 et

410 4681 770 4740 lactentibus
802 4679 1287 4750 infantibus,qui,
1308 4695 1441 4733 cum
1467 4677 1722 4734 carnalis
1755 4676 2071 4750 voluptatis

412 4786 486 4828 ne
517 4770 827 4844 vestigium
853 4769 1090 4841 quidem
1126 4767 1403 4835 habeant,
1426 4768 1485 4822 in
1510 4782 1683 4822 carne
1713 4771 1912 4823 tamen
1944 4782 2068 4822 mo-

415 4866 543 4918 tum
573 4860 869 4916 exhibent.
903 4858 1005 4912 Ire:
1038 4855 1313 4914 similiter
1341 4855 1622 4911 stimulus
1652 4855 1712 4910 in
1744 4854 2072 4910 infantibus

413 4954 734 5024 comparet,
756 4947 855 5004 ubi
888 4946 1020 5003 illos
1043 4947 1326 5002 adversus
1348 4962 1447 5001 eos
1470 4945 1571 5017 qui
1594 4944 1708 5000 sibi
1740 4943 2071 4999 molestiam

410 5045 613 5097 creant
652 5042 978 5094 commotos
1021 5034 1336 5091 cernimus.
1371 5034 1501 5089 Haec
1552 5051 1723 5106 porro
1769 5033 1920 5104 dico,
1953 5047 2071 5088 non

410 5145 527 5201 quo
561 5133 782 5184 naturas
817 5132 880 5182 ut
926 5125 1145 5197 peccati
1180 5141 1367 5181 causa:
1398 5122 1706 5187 convicier,
1730 5120 1916 5177 absit!
1968 5119 2069 5177 sed

411 5225 476 5274 ut
506 5219 834 5286 ostendam,
861 5214 1098 5271 tametsi
1131 5214 1218 5269 ira
1248 5220 1307 5269 et
1333 5212 1815 5284 concupiscentia
1844 5208 2072 5266 homini

409 5323 444 5364 a
471 5312 731 5364 creatore
764 5311 877 5362 Deo
925 5305 997 5360 ad
1052 5305 1273 5359 bonum
1307 5301 1528 5366 collatas
1561 5305 1721 5370 sunt,
1752 5300 1935 5355 videri
1984 5305 2072 5355 ta-

406 5410 542 5456 men
564 5414 699 5454 eum
717 5394 1153 5468 quodammodo
1172 5409 1241 5449 ex
1256 5390 1519 5464 corporis
1542 5389 1836 5448 naturain
1858 5407 1926 5446 ea
1944 5405 2072 5462 quis

478 5602 524 5640 "
552 5601 729 5660 Hebr.
760 5617 863 5674 xu,
896 5600 982 5657 sli.
1058 5598 1102 5635 ⁸ο
1132 5598 1278 5657 Ibid.
1311 5596 1400 5655 16.
1477 5597 1520 5634 ⁸⁸
1553 5599 1575 5654 Ι
1607 5595 1759 5655 Tim.
1790 5613 1869 5668 γι,
1904 5597 1992 5654 10.

481 5800 594 5875 (91)
622 5797 885 5857 Cassian.
915 5796 1163 5855 (nstitui.
1194 5795 1234 5852 ι.
1260 5811 1363 5867 vn,
1394 5811 1447 5856 ο.
1476 5796 1533 5870 1,
1563 5795 1619 5854 2.

2183 3248 2566 3325 φιλαργυρίαςο
2601 3248 2744 3319 ξένος
2775 3247 2933 3311 οὗτος
2967 3249 2994 3303 ὁ
3016 3247 3285 3322 πόλεμος,
3343 3250 3434 3306 καὶ
3494 3247 3685 3321 ἔξωθεν
3733 3256 3841 3321 τῆς

2182 3337 2391 3418 φύσεως
2436 3336 2866 3413 γνωριζόμενος,
2924 3335 2974 3408 ἐξ
3024 3336 3275 3401 ἀπιστίας
3324 3343 3404 3410 τῷ
3454 3339 3691 3416 μσναχῷ
3736 3339 3839 3409 τήν

2182 3427 2436 3506 ἀφορμὴν
2483 3425 2767 3501 εύρισκων.
2827 3426 2925 3481 Καὶ
2968 3426 3069 3502 γὰρ
3116 3427 3208 3482 καὶ
3256 3430 3365 3482 τῶν
3403 3425 3591 3483 ἄλλων
3621 3432 3835 3501 παθῶν,

2182 3520 2359 3590 θυμοῦ
2390 3514 2537 3592 λέγω
2566 3515 2655 3570 καὶ
2687 3514 2997 3588 ἐπιθυμίας,
3044 3516 3096 3570 οἱ
3152 3514 3430 3591 έρεθισμοὶ
3471 3515 3531 3572 ἐκ
3583 3516 3682 3573 τοῦ
3735 3519 3838 3574 σώ-

2186 3625 2353 3679 ματος
2403 3601 2652 3659 δοκοῦσιν
2686 3602 2834 3681 ἔχειν
2860 3604 2957 3666 τὰς
3006 3604 3283 3681 ἀφορμὰς,
3330 3604 3420 3660 καὶ
3457 3605 3660 3680 τρόπον
3711 3609 3835 3664 τινὰ

2182 3694 2257 3758 ὡς
2288 3690 2521 3770 ἔμφυτα,
2549 3694 2639 3748 καὶ
2669 3692 2776 3749 ἀπὸ
2804 3691 3060 3770 γενέσεως
3095 3689 3297 3770 ἔχοντα
3332 3695 3433 3765 τήν
3481 3696 3683 3772 ἀρχήν·
3711 3695 3828 3751 ὅθεν

2179 3782 2270 3838 καὶ
2325 3780 2413 3838 διὰ
2447 3786 2657 3859 μακροῦ
2689 3781 2895 3860 χρόνου
2924 3786 3202 3850 νικῶντκι,
3235 3784 3298 3842 Ἦ
3331 3780 3390 3839 δὲ
3416 3790 3516 3855 τῆς
3569 3784 3830 3864 φιλαργυ-

2183 3871 2302 3948 ρίας
2360 3870 2517 3934 νόσος
2576 3867 2768 3943 ἔξωθεν
2824 3870 3172 3948 ἐπερχομένη
3240 3872 3623 3951 εὐχερέστερον
3684 3873 3837 3931 ἐκκό-

2180 3971 2403 4025 πτεσθαι
2436 3958 2676 4030 δύναται,
2709 3961 2755 4015 εί
2795 3959 3112 4034 ἐπιμελείας
3159 3961 3324 4038 τύχοι
3378 3962 3473 4017 καὶ
3528 3970 3834 4042 προσοχῆς

2180 4048 2521 4123 ἀμεληθεῖσα
2579 4046 2637 4106 δὲ
2694 4048 3063 4126 όλεθριωτέρα
3119 4055 3229 4107 τῶν
3287 4048 3474 4108 ἄλλων
3530 4055 3715 4109 παθῶν
3747 4052 3838 4110 καὶ

2182 4134 2594 4210 συναπόόλητος
2652 4138 2879 4214 γίνεταιο
2941 4138 3064 4216 ῥίζα
3110 4140 3211 4217 γάρ
3262 4138 3477 4197 πάντων
3517 4146 3626 4197 τῶν
3658 4145 3839 4199 κακῶν

2183 4226 2296 4284 ἐστι
2351 4230 2488 4283 κατᾶ
2531 4226 2622 4283 τὸν
2682 4227 3038 4287 Ἀπόστυλον.
3096 4230 3471 4304 Σκοπήσωμεν
3543 4227 3601 4286 δὲ
3669 4231 3836 4289 οὕτω.

2177 4321 2283 4373 Τοῦ
2334 4318 2589 4391 σώματος
2633 4317 2688 4372 αἱ
2746 4319 2965 4396 φυσικαὶ
3013 4319 3252 4388 κινήσεις
3303 4316 3366 4371 οὗ
3420 4317 3584 4390 μόνον
3631 4318 3684 4373 έν
3714 4325 3835 4383 τοῖς

2178 4407 2333 4463 παισὶ
2383 4408 2734 4482 θεωροῦνται,
2786 4407 2838 4463 έν
2897 4407 2978 4468 οἶς
3026 4404 3179 4461 οὕπω
3230 4403 3515 4479 διάγνωσις
3544 4405 3746 4481 ἀγαθοῦ
3774 4427 3836 4461 τε

2178 4496 2268 4553 καὶ
2297 4501 2466 4553 κακοῦ
2511 4497 2794 4573 τυγχάνει,
2853 4492 2998 4549 ἄλλά
3050 4493 3140 4548 καὶ
3195 4490 3245 4546 ἐν
3296 4497 3415 4555 τοῖς
3469 4493 3834 4570 βραχυτάτοις

2177 4584 2267 4641 καὶ
2298 4584 2776 4662 γαλουχουμένοις
2807 4581 3052 4656 νηπίοις,
3087 4580 3258 4652 ἅτινα,
3295 4577 3438 4654 μηδέ
3460 4579 3613 4658 ἴχνος
3636 4579 3833 4656 ἔχοντα

2180 4681 2440 4749 σαρκικῆς
2500 4672 2725 4744 ἡδονῆς,
2777 4671 2929 4746 ὅμως
2982 4668 3033 4726 ἐν
3074 4673 3142 4745 τῇ
3175 4669 3330 4746 σαρκὶ
3364 4669 3690 4743 σημαίνουσι
3749 4668 3834 4725 κί-

2176 4785 2358 4833 νησιν.
2389 4763 2631 4837 Ὁμοίως
2660 4759 2750 4819 καί
2780 4764 2877 4817 τοῦ
2909 4762 3087 4835 θυμοῦ
3115 4759 3179 4816 τὰ
3207 4757 3430 4835 κέντρον
3463 4758 3515 4814 έν
3565 4763 3683 4822 τοῖς
3735 4780 3839 4828 νη-

2178 4851 2327 4914 πίοις
2375 4858 2678 4929 θεωρεῖται,
2729 4850 2853 4909 ὅταν
2908 4848 3304 4926 συγκινούμενα
3348 4852 3515 4903 ταῦτα
3544 4848 3679 4924 πρὸς
3705 4845 3837 4912 τοὺς

2180 4938 2562 5011 λελυπηκότας
2595 4943 2831 5018 ὁρῶμεν.
2868 4939 2971 4998 Καὶ
2997 4943 3165 4994 ταῦτα
3196 4936 3361 5014 λέγω,
3413 4937 3475 4993 ού
3527 4936 3627 5007 τὴν
3678 4934 3833 5015 φύσιν

2178 5030 2437 5100 κακίζων,
2470 5029 2545 5091 ὡς
2576 5030 2841 5103 ἁμαρτίας
2900 5027 3099 5098 αἰτίαν,
3157 5028 3232 5099 μὴ
3281 5024 3530 5101 γένοιτοί
3566 5023 3693 5082 ἀλλ’
3741 5022 3838 5081 ἵνα

2181 5116 2364 5191 δείξω,
2393 5118 2477 5174 ὅτι
2510 5118 2681 5191 θυμὸς
2714 5118 2808 5190 μὲν
2858 5116 2947 5170 καὶ
2981 5115 3266 5186 ἐπιθυμία,
3297 5112 3343 5166 εἱ
3387 5112 3473 5167 καὶ
3518 5109 3600 5167 ἐπ’
3650 5115 3837 5191 ἀγαθῷ

2179 5209 2325 5286 παρὰ
2377 5212 2477 5262 τοῦ
2525 5210 2661 5261 Θεοῦ
2709 5208 2807 5259 τοῦ
2856 5201 3202 5276 δημιουργοῦ
3275 5198 3697 5277 συνεζεύχθησαν
3754 5202 3839 5278 τῷ

2180 5296 2472 5373 ἄνθρώπῳ,
2503 5291 2631 5350 ἀλλ’
2664 5293 2757 5347 οὗν
2788 5312 2852 5367 γε
2883 5287 3034 5345 δοκεῖ
3060 5308 3179 5352 πως
3212 5286 3273 5343 έκ
3298 5292 3407 5345 τῶν
3448 5296 3687 5367 φυσικῶν
3735 5296 3838 5349 τοῦ

2180 5387 2437 5462 σώματος
2497 5383 2573 5445 εἱς
2619 5383 2687 5437 τὰ
2736 5379 2882 5455 παρὰ
2928 5377 3087 5457 φύσιν
3118 5373 3206 5434 διὰ
3237 5374 3503 5455 ῥᾳθυμίας
3534 5377 3837 5439 ἐκπίπτειν.

2232 5792 2345 5871 (92)
2376 5790 2525 5852 Ibid.
2557 5808 2609 5851 ο.
2640 5791 2697 5850 3.
