4148 6370
174 393 291 455 88
306 396 340 455 ι
1475 389 1857 451 EPISTULA
1905 389 1953 448 ll

2079 388 2107 446 )
2153 386 2601 447 CASTOREM.
3630 386 3750 450 882

176 524 323 581 Καὶ
410 524 559 601 γὰρ
632 526 666 594 ἡ
724 527 823 578 τοῦ
884 522 1139 595 σώματος
1196 521 1408 593 κίνησις
1455 524 1595 599 πρὸς
1624 517 1967 596 τεκνογονίαυ

2088 523 2297 592 printer
2325 523 2594 575 naturam
2629 523 2770 575 sunt
2800 519 3046 591 segnitie
3078 536 3185 574 sua
3215 518 3578 576 delabi.Nam
3613 539 3744 577 cor-

2087 610 2247 681 poris
2308 614 2501 665 motus
2562 610 2632 664 ad
2688 608 3008 664 liberorum
3040 611 3521 681 procreationem,
3555 615 3611 665 et
3668 614 3742 668 ad

2085 698 2315 771 generis
2350 697 2591 752 humani
2624 699 3057 754 successionem
3089 698 3451 768 continuam,
3487 717 3602 755 non
3667 702 3739 756 ad

2082 787 2495 843 scortationem
2530 806 2562 842 a
2589 791 2853 843 Creatore
2874 788 3051 842 datus
3081 792 3189 857 est,
3212 793 3267 843 et
3297 788 3392 842 ira:
3423 791 3734 847 commotio

2083 880 2153 934 ad
2187 880 2431 933 salutem
2468 879 2638 934 nobis
2667 879 2843 934 insita
2873 884 2979 949 est,
3012 883 3076 934 ut
3117 880 3396 935 adversus
3430 885 3733 952 peccatum

2082 967 2429 1032 irascamur,
2464 986 2580 1023 non
2612 974 2676 1022 ut
2706 970 2991 1023 adversus
3020 984 3405 1040 congenerem
3440 970 3610 1025 nobis
3644 971 3732 1025 fu-

2082 1074 2211 1113 rore
2236 1057 2615 1113 concitemur.
2651 1058 2763 1129 (93)
2791 1057 2848 1113 Si
2883 1073 3016 1127 ergo
3052 1058 3121 1112 iis
3153 1074 3455 1130 perperam
3492 1059 3733 1126 utimur,

2082 1163 2457 1218 nequaquam
2481 1146 2611 1202 ideo
2635 1152 2831 1219 peccat
2864 1153 3296 1218 natura,neque
3317 1147 3444 1202 ideo
3466 1148 3733 1219 opificem

2081 1236 2464 1297 incusemus;
2501 1235 2651 1291 sicut
2685 1253 2790 1291 nec
2839 1254 2972 1292 eum
3022 1237 3119 1307 qui
3173 1254 3295 1291 rem
3346 1237 3733 1293 necessariam

2080 1330 2138 1380 et
2170 1325 2371 1380 utilem
2411 1326 2627 1381 ferrum
2661 1326 2845 1395 dedit,
2879 1327 2926 1381 si
2960 1326 3010 1380 is
3042 1326 3140 1397 qui
3176 1326 3398 1397 accepit
3444 1328 3516 1381 ad
3551 1328 3736 1383 caedes

174 613 307 669 καὶ
356 610 704 689 διαδοχὴν
740 615 841 668 τοῦ
872 611 1063 687 γένους
1115 610 1404 683 διαμονῆς,
1436 611 1498 665 οὐ
1547 611 1681 685 πρὸς
1724 607 1975 683 ποριείαν

179 704 331 759 ὑπὸ
373 707 519 758 τοῦ
564 706 929 779 Δημιουργοῦ
964 699 1151 769 ἐδόθη·
1186 700 1275 755 καὶ
1306 703 1340 770 ἡ
1389 704 1486 755 τοῦ
1537 704 1712 772 θυμοῦ
1762 697 1974 767 κίνησις

176 791 686 867 σωτηριωδῶς
753 793 889 864 ἡμῖν
963 789 1423 866 ἐγκατέσπαρται,
1480 788 1616 844 ὥστε
1675 789 1973 861 θυμοῦσθαι

179 884 378 939 κατὰ
420 882 560 948 τῆς
607 881 898 955 ἁμαρτίας,
935 879 996 935 ού
1031 881 1138 952 μὴν
1186 881 1323 956 πρὸς
1370 880 1433 934 τὸ
1483 878 1764 957 ὁμόφυλον
1814 878 1973 947 ἐκθη-

185 973 576 1046 ριοῢσθαι.
638 971 715 1028 Οὐ
775 969 975 1042 τοίνυν,
1016 968 1062 1023 εἰ
1120 972 1300 1031 κακῶς
1359 968 1579 1031 ταύταις
1634 968 1970 1042 κεχρήμεθα,

189 1058 642 1136 ἁμαρτωλὸς
702 1061 737 1129 ἠ
798 1058 979 1137 φύσις,
1037 1059 1070 1126 ἣ
1124 1058 1215 1113 τὸν
1275 1056 1524 1128 πλάστην
1581 1057 1970 1129 αἰτιασώμεθα,

195 1150 455 1226 ὥσπερ
540 1146 687 1205 οὐδὲ
741 1149 831 1204 τὸν
889 1144 1166 1203 δεδωκότα
1226 1145 1450 1223 σίδηρον
1501 1147 1636 1217 πρὸς
1684 1144 1972 1220 ἀναγκαίαν

196 1240 323 1295 καὶ
370 1237 697 1308 λυσιτελῆ
732 1237 948 1315 χρείαν,
983 1236 1029 1291 εί
1062 1236 1089 1291 ὁ
1122 1234 1412 1310 δεξάμενος
1459 1236 1594 1312 πρὸς
1646 1236 1818 1314 φόνων
1872 1235 1964 1288 ὑπ-

205 1326 515 1403 ηρεσίαν
563 1325 752 1400 τούτῳ
782 1327 1080 1402 ἐχρήσατο.
1111 1328 1293 1382 Ταῦτα
1344 1323 1403 1380 δὲ
1453 1326 1769 1400 εἰρήκαμεν,
1803 1322 1969 1393 δεῖξαι

218 1414 676 1493 βουλόμενοι,
708 1416 791 1471 δτι
820 1416 883 1472 τὸ
912 1422 1011 1485 τῆς
1042 1414 1403 1493 φιλαργυρίας
1430 1415 1601 1475 πάθος
1644 1415 1741 1469 οὐκ
1772 1412 1831 1467 ἐκ
1859 1417 1966 1467 τῶν

221 1509 538 1585 φυσικῶν
614 1508 878 1577 κινήσεων
937 1506 1035 1574 τὴν
1098 1505 1276 1581 ἀρχὴν
1335 1503 1474 1581 ἔχει,
1508 1503 1632 1559 ἀλλ’
1680 1502 1736 1558 ἐκ
1798 1503 1968 1575 μόνης

220 1592 473 1656 κακίας
546 1593 646 1649 καὶ
707 1592 1104 1673 διεφθαρμένης
1156 1594 1542 1670 προαιρέσεως.
1581 1592 1728 1659 Αὕτη
1774 1592 1874 1669 γὰρ
1930 1594 1963 1660 ἡ

225 1680 463 1754 νόσος,
507 1682 651 1737 ὅταν
685 1681 921 1759 χλιαρᾶν
954 1682 1041 1737 καὶ
1075 1680 1296 1738 ἄπιστον
1331 1681 1381 1737 ἐν
1429 1682 1578 1759 ἀρχῇ
1620 1685 1721 1747 τῆς
1771 1682 1967 1736 ἄποτα-

230 1774 363 1847 γῆς
428 1768 590 1847 εὕρῃ
636 1773 845 1847 ψυχὴν,
882 1770 1091 1835 δικαίας
1138 1772 1289 1835 τινὰς
1340 1770 1428 1826 καὶ
1472 1772 1534 1825 τὸ
1585 1768 1763 1825 δοκεῖν
1812 1768 1964 1825 εὐλό-

248 1880 413 1936 γους
451 1860 775 1939 προφάσεις
810 1856 1111 1917 ὑποϐάλλει
1143 1861 1278 1936 πρὸς
1309 1862 1370 1916 τὸ
1396 1866 1689 1936 κατασχεῖν
1734 1859 1786 1914 τί
1833 1880 1964 1914 ποτε

242 1951 333 2005 ὧν
374 1950 694 2021 κέκτηται·
748 1950 1049 2029 ὑπογράφει
1107 1952 1208 2027 γὰρ
1256 1950 1390 2005 κατά
1448 1947 1685 2005 διάνοιαν
1733 1954 1812 2022 τῷ
1868 1971 1967 2022 μο-

250 2044 440 2115 νοιχῷ
507 2046 697 2117 γῆρας
775 2040 1000 2114 μακρὸν,
1060 2039 1150 2094 καὶ
1207 2040 1480 2095 ἀσθένειαν
1538 2041 1817 2113 σώματος,
1877 2038 1965 2093 καὶ

250 2127 346 2183 ὅτι
408 2129 475 2183 αἱ
537 2126 828 2203 διδόμεναι
874 2134 1059 2205 χρεῖαι
1109 2127 1168 2183 ἐκ
1206 2133 1303 2184 τοῦ
1354 2123 1633 2184 κοινοϐίου
1680 2128 1779 2183 ούκ
1837 2127 1968 2182 εἰσὶν

249 2218 461 2272 ἱκαναὶ
529 2220 677 2295 πρὸς
738 2218 1102 2293 παραμυθίαν·
1138 2217 1199 2273 ού
1260 2217 1403 2295 λέγω
1455 2219 1787 2286 ἀσθενοῦντι,
1842 2214 1966 2272 ἀλλ’

262 2303 411 2361 οὐδὲ
482 2306 838 2382 ὑγιαίνοντι·
890 2307 978 2362 καὶ
1038 2306 1120 2363 ὅτι
1195 2306 1420 2372 ἐνταῦθα
1473 2307 1534 2361 ού
1593 2306 1793 2382 γίνεται
1846 2308 1963 2361 κατ’

264 2395 432 2466 ἀξίαν
491 2397 724 2470 φροντὶς
753 2402 869 2457 τοῖς
918 2398 1246 2467 ἀσθενοῦσιν,
1279 2394 1424 2452 ἀλλὰ
1481 2395 1571 2450 καὶ
1621 2397 1757 2451 πάνυ
1816 2397 1966 2470 ἠμε-

266 2481 546 2557 λημένη,
582 2483 674 2540 καί
727 2485 822 2556 ὡς,
872 2484 917 2539 εἰ
974 2486 1050 2557 μὴ
1110 2482 1227 2559 ἔχει
1284 2484 1765 2561 ἀποκεκρυμμένον
1826 2504 1963 2560 χρυ-

276 2572 433 2640 σίον,
471 2572 689 2636 ἀθλίως
725 2572 1032 2631 ἀπολεῖται.
1064 2572 1387 2630 Τελευταῖον
1422 2570 1479 2627 δὲ
1530 2569 1834 2628 ὑποϐάλλει
1887 2574 1962 2646 μὴ

278 2658 560 2725 δύνασθαι
589 2661 774 2733 μένειν
808 2660 897 2715 ἐπὶ
928 2658 1071 2716 πολὺ
1118 2660 1170 2715 ἐν
1216 2665 1295 2733 τῷ
1343 2662 1689 2738 μοναστηρίῳ
1740 2659 1828 2715 διὰ
1862 2661 1961 2731 τήν

285 2748 587 2824 βαρύτητα
617 2754 725 2805 τῶν
755 2745 928 2825 ἔργων
959 2750 1048 2805 καὶ
1079 2752 1179 2819 τὴν
1237 2754 1333 2805 τοῦ
1387 2751 1591 2827 πατρὸς
1648 2746 1953 2825 ἀκρίϐειαν.

284 2837 391 2892 Καὶ
423 2836 519 2893 ὅτε
549 2843 672 2900 ταῖς
730 2838 1003 2900 τοιαύταις
1053 2839 1400 2912 ἐνθυμήσεσιν
1446 2838 1809 2913 ἀποπλανήσῃ
1862 2840 1960 2908 τὴν

288 2923 563 2999 διάνοιαν,
594 2927 734 3003 πρὸς
764 2926 827 2982 τὸ
856 2928 951 2981 κᾶν
993 2926 1049 2982 ’ὲν
1102 2925 1166 2998 δη
1186 2927 1358 3005 ιάριον
1408 2934 1722 3004 κατασχεῖν,
1754 2928 1815 2983 τὸ
1863 2951 1960 2998 τη-

291 3020 528 3071 νικαῦτα
575 3016 744 3072 πείθει
788 3016 947 3071 αὐτὸν
997 3015 1087 3071 καῖ
1137 3016 1454 3093 ἐργόχειρον
1488 3016 1662 3093 λάθρα
1690 3022 1787 3072 τοῦ
1819 3012 1963 3071 ἅϐϐἆ

300 3111 538 3179 μαθεῖν,
598 3105 650 3175 ἐξ
709 3105 769 3160 οὗ
830 3102 1113 3177 δυνήσεται
1170 3106 1232 3161 τὸ
1290 3104 1755 3181 περισπούδαστον
1813 3105 1960 3177 αύτῷ

298 3193 556 3271 ἀργύριον
590 3192 835 3266 αὐξῆσαι·
869 3194 957 3249 καὶ
990 3193 1185 3251 λοιπὸν
1237 3195 1449 3251 ἐλπίσιν
1500 3193 1731 3266 ἀδήλοις
1781 3195 1962 3266 ἀπατᾷ

2080 1416 2502 1486 perpetrandas
2533 1432 2598 1470 eo
2632 1415 2987 1469 utatur.Haec
3009 1432 3144 1470 vero
3175 1415 3431 1471 diximus
3455 1419 3518 1471 ut
3540 1420 3730 1472 osten-

2076 1503 2372 1571 deremus,
2408 1503 2660 1558 avaritia:
2695 1504 2967 1560 affectum
3004 1521 3121 1559 non
3173 1521 3242 1559 ex
3273 1504 3523 1560 naturali
3568 1510 3726 1561 motu

2077 1592 2308 1646 initium
2345 1592 2578 1659 habere,
2613 1593 2711 1646 sed
2746 1608 2813 1647 ex
2843 1592 2967 1648 sola
2997 1594 3239 1664 malitia,
3272 1597 3327 1649 et
3359 1610 3428 1649 ex
3458 1598 3728 1666 corrupto

2076 1681 2395 1752 proposito.
2446 1682 2555 1751 (94)
2604 1681 2956 1751 Hujusmodi
3007 1698 3262 1753 namque
3308 1684 3550 1739 morbus
3590 1701 3723 1739 cum

2073 1771 2332 1841 tepidam
2383 1774 2439 1825 et
2488 1770 2852 1825 incredulam
2914 1771 3082 1826 initio
3135 1787 3403 1827 secessus
3464 1773 3721 1827 animam

2077 1859 2313 1931 reperit,
2361 1861 2551 1929 justas
2598 1860 2903 1930 quaedam,
2955 1878 3020 1915 ac
3057 1861 3249 1932 specie
3279 1862 3513 1931 quidem
3549 1862 3723 1917 ratio-

2080 1947 2304 2004 nabiles
2333 1965 2543 2004 causas
2573 1949 2834 2020 subjicit,
2868 1953 2932 2004 ut
2963 1949 3267 2021 quidpiam
3303 1967 3369 2006 ex
3402 1951 3725 2023 possessio-

2079 2037 2252 2091 nibus
2283 2037 2537 2093 retinere
2570 2038 2813 2092 suadeat
2844 2053 2857 2092 :
2894 2038 3165 2093 monachi
3199 2039 3354 2094 enim
3406 2040 3603 2095 animo
3636 2055 3725 2095 re-

2084 2131 2398 2199 praesentat
2426 2125 2659 2199 longam
2685 2131 3067 2198 senectutem,
3102 2132 3158 2183 et
3174 2129 3433 2200 corporis
3480 2129 3729 2185 infirmi-

2075 2219 2253 2271 tatem
2289 2232 2301 2270 :
2338 2216 2490 2287 quod
2525 2232 2650 2287 quae
2680 2216 2750 2271 ad
2777 2217 3187 2272 necessitatem
3209 2217 3265 2271 in
3303 2219 3563 2275 cmnobio
3592 2220 3730 2274 dan-

2076 2308 2191 2372 tur,
2226 2305 2369 2360 satis
2402 2306 2467 2360 ad
2499 2305 2959 2362 consolationem
2993 2324 3109 2361 non
3142 2307 3280 2377 sint,
3332 2324 3446 2363 non
3499 2309 3730 2365 infirmo

2077 2395 2293 2459 solum,
2327 2395 2428 2449 sed
2464 2410 2651 2467 neque
2684 2395 2963 2450 incolumi
3001 2412 3011 2450 :
3043 2396 3196 2465 quod
3248 2396 3326 2450 ibi
3360 2414 3475 2452 non
3513 2398 3724 2453 idonea

2076 2482 2451 2538 infirmorum
2480 2483 2815 2538 sollicitudo
2847 2488 3110 2555 geratur,
3142 2486 3242 2540 sed
3276 2486 3427 2557 quod
3470 2487 3720 2542 multum

2076 2572 2478 2645 negligantur,
2512 2574 2655 2628 adeo
2682 2578 2764 2640 ut,
2797 2575 2846 2628 si
2893 2573 3040 2628 nihil
3089 2575 3213 2629 auri
3246 2575 3393 2629 clam
3431 2582 3726 2649 suppetat,

2077 2661 2286 2717 misere
2319 2662 2731 2717 intereundum
2767 2662 3120 2719 sit.Demum
3150 2665 3530 2736 subjicit,non
3556 2682 3726 2738 posse

2074 2750 2133 2805 in
2150 2751 2504 2806 monasterio
2528 2750 2624 2805 diu
2644 2753 2997 2822 perseverari
3018 2754 3087 2808 ob
3106 2754 3449 2826 gravitatem
3483 2772 3725 2827 cperum

2074 2844 2133 2895 et
2165 2842 2235 2893 ob
2270 2840 2454 2895 Patris
2484 2839 2876 2895 severitatem.
2909 2843 2986 2895 Ac
3018 2859 3151 2896 cum
3185 2844 3475 2913 ejusmodi
3508 2846 3725 2916 cogita-

2072 2928 2332 2984 tionibus
2354 2928 2618 2984 animum
2639 2929 3069 2999 subornarit,ut
3100 2930 3183 2986 vel
3219 2932 3520 2987 denarium
3545 2950 3727 2988 unum

2074 3014 2344 3087 retineat,
2378 3020 2500 3071 tum
2537 3018 2744 3073 suadet
2775 3016 2856 3071 illi
2895 3022 2958 3073 ut
2988 3017 3134 3072 clam
3160 3020 3369 3074 abbate
3401 3026 3580 3075 artem
3611 3022 3730 3077 edi-

2073 3110 2217 3177 scat,
2253 3123 2369 3177 qua
2396 3106 2608 3177 poterit
2639 3106 2903 3162 studiose
2937 3110 3525 3180 asservatam'augere
3556 3127 3728 3183 pecu-

2074 3194 2231 3249 niam
2268 3213 2279 3250 :
2318 3196 2556 3250 demum
2585 3194 2815 3251 occulta
2845 3211 2948 3267 spe
2981 3195 3263 3251 miserum
3297 3197 3533 3271 decipit,
3588 3199 3731 3254 suh-

299 3269 392 3339 τὸν
444 3281 657 3356 ἄθλιον,
690 3278 1022 3339 ὑποϐάλλων
1070 3284 1215 3357 αὐτῷ
1260 3286 1323 3340 τὸ
1384 3284 1443 3340 ἐκ
1488 3285 1585 3340 τοῦ
1637 3284 1961 3361 ἐργοχείρου

2079 3284 2331 3355 iiciendo
2362 3284 2591 3340 lucrum
2620 3301 2689 3339 ex
2718 3289 2840 3339 arte
2872 3301 2981 3340 sua
3012 3269 3714 3362 obventurumihincque

311 3371 501 3450 κέρδος
557 3373 647 3428 καὶ
703 3374 802 3442 τὴν
865 3371 925 3428 ἐκ
979 3372 1175 3429 τούτου
1235 3372 1412 3428 ἄνεσιν
1466 3374 1556 3428 καὶ
1620 3372 1965 3449 ἀμεριμνίαν.

312 3462 409 3518 Καὶ
470 3460 617 3525 ὅλως
661 3465 730 3536 τῇ
791 3466 887 3517 τοῦ
945 3460 1171 3537 κέρδους
1232 3464 1523 3536 ἐνθυμήσει
1584 3460 1778 3536 δεθεὶς,
1812 3460 1966 3517 οὐδὲν

322 3556 424 3607 τῶν
458 3551 704 3608 ἐναντίων
731 3557 941 3621 σκοπεῖ,
975 3552 1074 3607 ούκ
1104 3551 1269 3629 ὀργῆς
1301 3550 1518 3626 μανίαν,
1554 3550 1734 3607 εἶίποτε
1784 3546 1968 3625 συμϐῇ

331 3641 472 3714 αὐτῷ
530 3640 699 3715 ζημίᾳ
752 3647 1081 3717 περιπεσεῖν·
1145 3641 1205 3696 ού
1267 3641 1467 3709 λύπην,
1529 3640 1591 3695 ού
1652 3640 1863 3712 σκότος,
1925 3639 1973 3694 εἴ

336 3731 591 3807 ἀποτύχοι
646 3736 742 3785 τοῦ
800 3729 858 3785 ἐκ
909 3735 1007 3786 τοῦ
1068 3728 1230 3808 ἔργου
1260 3729 1508 3805 κέρδους,
1541 3729 1687 3786 ἀλλὰ
1740 3730 1969 3807 γίνεται.

338 3820 459 3897 ὅπερ
512 3819 700 3883 ἄλλοις
744 3824 778 3891 ἠ
830 3822 1039 3897 γαστὴρ
1089 3821 1231 3893 θεὸς,
1259 3819 1403 3876 οὕτω
1449 3821 1628 3893 τούτῳ
1660 3820 1687 3873 ὁ
1742 3819 1968 3896 χρυσός.

340 3912 483 3967 Ὅθεν
523 3912 548 3965 ὁ
599 3911 864 3986 μακάριος
921 3909 1281 3984 ’Δπόστολος,
1331 3914 1492 3965 τοῦτο
1542 3910 1848 3985 γινώσκων,
1908 3909 1970 3962 οὐ

352 3998 497 4070 μόνον
530 3999 672 4076 ῥίζαν
703 4001 920 4054 πάντων
952 4004 1057 4054 τῶν
1107 4003 1310 4069 κακῶν,
1345 3997 1491 4053 ἀλλὰ
1535 3997 1624 4052 καὶ
1668 3996 1972 4054 εἰδωλολα-

347 4086 505 4162 τρείαν
572 4090 771 4159 ταύτην
852 4087 1092 4145 ἐκάλεσε.
1154 4090 1528 4163 Θεωρήσωμεν
1598 4084 1776 4141 τοίνυν
1836 4086 1971 4160 πρὸς

350 4176 503 4247 πόσην
527 4177 706 4232 κακίαν
734 4180 769 4248 ἡ
802 4177 962 4239 νόσος
993 4176 1129 4248 αὕτη
1160 4174 1251 4231 τὸν
1313 4177 1600 4252 ἄνθρωπον
1659 4173 1971 4247 κατασύρει,

353 4264 417 4327 ὡς
467 4265 545 4321 καὶ
603 4265 676 4329 εἷς
742 4263 1202 4343 εῗδωλολατρείαν
1262 4259 1582 4338 ἐμϐάλλειν.
1628 4264 1974 4333 Ἀποστήσας

353 4353 837 4434 γὰρὸφιλάργυρος
894 4355 983 4410 τὸν
1039 4359 1163 4409 νοῦν
1220 4354 1385 4409 αὐτοῦ
1442 4354 1549 4408 ἀπὸ
1604 4360 1701 4423 τῆς
1762 4346 1972 4426 ἀγάπης

360 4446 438 4498 τοῦ
464 4449 599 4516 Θεοῦ,
631 4442 834 4501 εἶ’δωλα
881 4446 1180 4521 ἀνθρώπων
1229 4441 1651 4519 ἐγγεγλυμμένα
1704 4446 1784 4515 τῷ
1842 4462 1975 4517 χρυ-

360 4532 446 4605 σίῳ
471 4532 649 4610 ἀγαπᾷ·
678 4534 895 4595 τούτοις
931 4531 988 4588 δὲ
1017 4538 1135 4596 τοῖς
1168 4532 1461 4608 λογισμοῖς
1496 4534 1524 4587 ὁ
1561 4530 1804 4606 μοναχὸς
1854 4551 1972 4585 σκο-

360 4624 541 4693 τωθεὶς,
570 4622 653 4679 καὶ
685 4622 774 4678 ἐπὶ
803 4623 865 4679 τὸ
897 4629 1084 4700 χεῖρον
1118 4620 1314 4697 αὔξων,
1341 4621 1595 4696 οὐδεμίαν
1628 4622 1971 4693 ταπείνωσιν,

366 4707 578 4785 οὐδεμίαν
633 4712 875 4780 ὑπακοὴν
932 4708 1079 4788 ἔχειν
1140 4710 1334 4767 λοιπὸν
1387 4708 1628 4780 δύναται,
1659 4709 1785 4766 ἀλλ’
1818 4711 1968 4786 ἀγαν-

366 4804 506 4872 ακτεῖ,
531 4800 609 4856 καὶ
642 4802 1013 4874 ἀναξιοπαθεῖ,
1044 4800 1136 4855 καὶ
1167 4801 1303 4876 πρὸς
1334 4796 1557 4855 ἕκαστον
1591 4799 1747 4875 ἔργον
1780 4800 1973 4875 γογγύ.

372 4894 451 4958 ζει,
483 4889 555 4945 καὶ
598 4890 1004 4967 ἀντιλέγει,καὶ
1061 4887 1202 4964 μηδὲ
1254 4894 1379 4962 μιᾶς
1431 4888 1631 4945 λοιπὸν
1692 4884 1972 4951 εὐλαϐείας

374 4977 771 5054 πεφυλαγμένης,
807 4976 987 5054 ὥσπερ
1014 4975 1184 5041 ἵππος
1228 4976 1601 5053 σκληρότατος
1652 4978 1786 5031 κατὰ
1836 4997 1970 5051 κρη-

381 5069 496 5139 μνῶν
522 5068 741 5145 φέρεται,
774 5065 897 5122 οὔτε
924 5071 993 5140 τῇ
1024 5068 1371 5143 καθημερινῇ
1400 5069 1576 5144 τροφῇ
1610 5065 1968 5139 ἀρκούμενος,

376 5157 446 5210 καὶ
471 5152 857 5232 διαμαρτύρεται
890 5156 968 5219 εἰς
996 5154 1156 5218 τέλος
1191 5157 1268 5229 μὴ
1320 5153 1575 5219 δύδασθαι
1624 5154 1782 5209 αὐτὸν
1840 5155 1969 5208 ὑπο-

385 5246 535 5319 μένειν,
560 5247 637 5302 καὶ
669 5248 797 5302 Θεὸν
831 5245 930 5301 οὐκ
962 5246 1073 5301 ἐκεῖ
1106 5246 1270 5321 μόνον
1316 5247 1447 5302 εἶναι
1501 5244 1667 5322 λέγει,
1701 5243 1827 5300 οὐδὲ
1872 5246 1969 5315 τὴν

384 5332 486 5390 ἰδίαν
534 5336 782 5413 σωτηρίαν
840 5335 892 5392 ἐν
950 5335 1141 5410 ἐκείνῳ
1180 5335 1739 5408 κατακεκλεῖσθαιτῷ
1795 5334 1971 5407 τόπῳ,

383 5422 495 5481 ἀλλὰ
516 5426 776 5501 πανταχοῦ
814 5431 935 5489 τοῖς
988 5430 1239 5496 ζητοῦσιν
1286 5426 1441 5479 αὐτὸν
1494 5423 1849 5501 εὑρίσκεσθαιο
1883 5423 1972 5478 καὶ

386 5514 442 5577 ὡς
467 5514 504 5571 εἴ
528 5516 587 5589 μὴ
615 5516 826 5589 ἀποστῇ
857 5518 954 5571 τοῦ
984 5514 1347 5591 μοναστηρίου
1394 5514 1599 5571 ἐκείνου
1640 5513 1970 5571 ἀπόλλυται·

446 5731 529 5807 (93)
552 5731 687 5792 Ibid.
719 5748 771 5791 ο.
804 5732 858 5793 ι.

2058 3369 2197 3428 'fore
2229 3374 2900 3445 quietem,animumque
2926 3374 3462 3431 curisvacuum.Ac
3482 3378 3719 3434 demum

2076 3461 2225 3519 lucri
2258 3464 2608 3535 cogitatione
2633 3463 2961 3533 colligatus,
2996 3462 3139 3518 nihil
3181 3465 3408 3520 adversi
3460 3468 3727 3524 conside-

2080 3556 2169 3605 rat
2203 3569 2214 3606 :
2253 3568 2362 3606 non
2398 3558 2617 3622 quanta
2651 3553 2849 3607 futura
2893 3554 2971 3607 sit
3005 3552 3110 3623 ira,
3143 3558 3402 3623 quantus
3455 3555 3637 3624 furor,
3680 3557 3727 3612 si

2080 3640 2382 3713 contingat
2414 3640 2471 3695 in
2505 3640 2921 3697 detrimentum
2958 3641 3194 3713 aliquod
3220 3642 3727 3717 incidere,quanta

2080 3730 2379 3796 mcestitia,
2414 3735 2672 3801 quantus
2703 3730 2886 3801 dolor,
2922 3731 2967 3785 si
2999 3730 3158 3787 lucro
3190 3733 3381 3803 operis
3414 3734 3502 3788 sui
3540 3736 3725 3806 prive-

2079 3825 2177 3876 tur
2209 3836 2221 3873 :
2258 3819 2357 3875 sed
2391 3819 2546 3873 sicut
2574 3818 2705 3874 aliis
2733 3827 2935 3875 venter
2965 3820 3378 3893 deus,perinde
3402 3823 3484 3877 illi
3520 3842 3728 3880 aurum

2081 3910 2482 3975 est.Quocirca
2499 3926 2632 3963 cum
2654 3909 2711 3963 id
2747 3910 2921 3981 probe
2937 3920 3133 3966 nosset
3151 3910 3354 3966 beatus
3372 3912 3732 3984 Paulus,non

2082 3999 2256 4053 modo
2290 3998 2544 4053 radicem
2577 3997 2841 4053 omnium
2877 3999 3299 4067 malorum,sed
3340 4002 3516 4057 etiam
3552 4002 3736 4059 idolo-

2082 4085 2314 4141 latriam
2363 4102 2487 4141 eam
2535 4087 2915 4159 nuncupavit.
2967 4089 3404 4161 Perpendamus
3446 4091 3645 4163 itaque
3677 4093 3733 4146 in

2083 4180 2365 4247 quantam
2397 4175 2686 4230 malitiam
2722 4177 2815 4230 hic
2841 4177 3083 4233 morbus
3106 4179 3403 4235 hominem
3438 4182 3737 4251 pertrahat

2083 4266 2407 4335 utquieum
2442 4264 2909 4320 inidololatriam
2945 4267 3734 4340 conjiciat.Postquamenim

2083 4371 2292 4409 avarus
2325 4357 2580 4409 mentem
2615 4371 2783 4409 suam
2818 4356 2889 4409 ab
2922 4372 3119 4409 amore
3151 4356 3250 4411 Dei
3284 4356 3732 4432 avulsit,imagi-

2084 4460 2186 4498 nes
2219 4442 2525 4498 hominum
2554 4460 2696 4498 auro
2720 4442 3045 4514 insculptas
3065 4443 3290 4514 diligit:
3324 4446 3736 4520 ejusmodique

2083 4532 2536 4604 cogitationibus
2568 4532 2983 4588 obtenebratus
3016 4534 3503 4603 monachus,dum
3539 4537 3607 4590 ad
3630 4554 3734 4609 pe-

2005 4622 2208 4708 Djora
2261 4626 2643 4694 augmentum
2717 4621 2948 4693 accipit,
3017 4621 3242 4679 nullam
3306 4624 3579 4697 deinceps
3624 4626 3735 4681 hu-

2086 4710 2419 4776 militatem,
2455 4709 2680 4765 nullam
2715 4709 2929 4766 habere
2960 4716 3150 4783 potest
3179 4713 3609 4785 obedientiam;
3634 4716 3735 4771 sed

2087 4800 2237 4856 321
2276 4800 2569 4868 irascitur,
2601 4799 3040 4872 indignatur,ad
3074 4801 3378 4873 quodlibet
3403 4820 3549 4876 opus
3574 4822 3734 4861 mur-

2084 4892 2619 4961 murat,repugnat,
2636 4889 2799 4944 nulla
2829 4891 3065 4945 demum
3100 4896 3331 4947 servata
3357 4895 3735 4961 verecundia,

2084 4978 2251 5051 quasi
2284 4978 2770 5034 effrenatissimus
2821 4996 3010 5051 equus
3053 4980 3112 5034 in
3162 4981 3483 5053 pracipitia
3531 4985 3733 5049 fertur,

2084 5085 2155 5123 ne
2184 5068 2395 5124 diurno
2426 5069 2576 5123 victu
2611 5072 2941 5135 contentus,
2993 5070 3245 5141 denique
3292 5071 3639 5127 testiﬁcatur
3672 5090 3734 5130 se

2083 5175 2197 5213 non
2230 5174 2401 5228 posse
2432 5158 2583 5213 ultra
2616 5158 2905 5214 sustinere
2941 5176 2953 5213 :
2988 5158 3185 5230 aitque
3216 5177 3329 5215 non
3364 5158 3480 5215 illic
3501 5165 3733 5217 tantum

2082 5263 2211 5302 esse
2244 5247 2451 5314 Deum,
2487 5264 2589 5302 nec
2623 5248 2872 5302 salutem
2908 5264 3077 5302 suam
3111 5264 3175 5303 eo
3210 5248 3264 5302 in
3296 5247 3421 5304 loco
3445 5250 3735 5306 inclusam

2084 5352 2246 5403 esse;
2277 5337 2377 5392 sed
2413 5337 2631 5409 ubique
2660 5338 2837 5391 Deum
2869 5354 2901 5391 a
2931 5336 3330 5407 quaerentibus
3364 5354 3427 5394 se
3457 5339 3733 5397 inveniri:

2083 5426 2411 5497 periturum
2455 5441 2517 5481 se
2557 5424 2690 5492 lnisi
2738 5442 2804 5480 eo
2859 5427 3214 5481 monasterio
3265 5428 3504 5484 excedat
3552 5434 3608 5484 et
3655 5429 3737 5485 sic

2084 5531 2220 5571 cum
2250 5515 2323 5572 ad
2355 5519 2647 5587 corruptas
2693 5513 2908 5570 mentis
2957 5531 3075 5570 suae
3123 5514 3409 5573 auxilium
3460 5522 3737 5591 suppetat

2153 5730 2266 5803 (ea)
2295 5730 2444 5789 Ibid.
2470 5747 2522 5787 ο.
2551 5730 2607 5785 7.
