4148 6358
300 381 422 444 883
1472 388 1537 447 S.
1586 384 2108 447 ATHANASIUS.
2139 419 2218 430 —
2249 386 2558 449 SPURIA.
3609 383 3730 447 884

308 518 611 575 recondita
640 516 910 590 pecunia,
944 518 1114 589 quasi
1154 518 1516 590 quibusdam
1560 522 1785 578 levatus
1829 518 1946 584 alis1

2089 517 2160 571 ιαὶ
2215 516 2359 573 οὕτω
2403 525 2503 588 τῆς
2546 515 2946 597 διεφθαρμένης
2996 515 3198 588 ταύτης
3261 518 3518 593 συνεργὸν
3578 513 3727 593 ἔχων

308 609 715 681 meditansque
745 622 921 664 suum
952 624 1021 663 ex
1050 610 1403 666 monasterio
1435 612 1677 682 exitum,
1710 608 1946 681 superbe

2087 608 2138 662 τὰ
2184 607 2573 685 πεφυλαγμένοι
2619 608 2872 684 ἀργύρια,
2929 606 3114 684 ὥσπερ
3159 606 3271 662 τισὶ
3326 612 3548 683 πτεροῖς
3597 627 3725 663 κου-

312 697 588 770 deinceps
620 701 795 769 atque
827 713 1033 770 aspere
1064 698 1136 753 ad
1167 700 1364 755 omnia
1408 702 1581 772 jussa
1625 699 1950 771 respondet,

2090 697 2301 775 ρισθείς,
2333 696 2424 751 καὶ
2452 698 2551 766 τὴν
2594 695 2774 767 ἔξοδον
2806 698 2904 766 τὴν
2941 697 3044 751 ἀπὸ
3068 701 3166 752 τοῦ
3215 695 3582 773 μοναστηρίου
3634 718 3728 770 με-

310 803 491 860 seque
520 786 680 843 velut
709 786 1085 858 peregrinum
1116 795 1288 860 atque
1310 794 1647 845 extraneum
1678 792 1948 862 reputans

2091 790 2265 855 teram,
2301 786 2494 841 λοιπὸν
2531 785 2887 866 ὑπερηφάνως
2935 787 3027 842 καὶ
3074 787 3323 864 τραχέως
3370 786 3506 861 πρὸς
3555 787 3729 842 πάντα

311 878 358 933 si
391 877 529 949 quid
564 876 623 931 in
655 876 1013 932 monasterio
1035 879 1447 935 emendatione
1470 881 1711 951 dignum
1731 878 1949 948 viderit,

2088 876 2136 930 τὰ
2198 876 2622 952 παρηγγελμένα
2677 876 3046 952 ἀποκρίνεται,
3103 876 3194 931 καὶ
3270 877 3345 939 ὡς
3418 876 3561 947 ξένον
3635 878 3726 931 καὶ

314 964 788 1034 nihilcurat,imo
803 965 1069 1037 despicit.
1101 967 1217 1039 (95)
1250 968 1467 1025 Dehinc
1488 968 1691 1040 quaerit
1714 966 1952 1023 occasio-

2090 966 2322 1037 ιξωτικὸν
2356 965 2544 1020 ἑαυτὸν
2592 964 2919 1041 ἡγούμενος*
2956 964 3010 1021 εἷ’
3050 987 3102 1020 τι
3153 965 3213 1020 ἂν
3264 963 3352 1040 ἴδῃ
3400 964 3452 1021 ἐν
3501 970 3582 1038 τῷ
3630 986 3728 1039 μο-

313 1071 420 1112 nes
449 1054 768 1111 iracundias
800 1059 902 1110 aut
932 1055 1220 1127 querelae,
1252 1062 1318 1113 ut
1348 1075 1421 1114 ne
1450 1059 1717 1113 videatur
1760 1056 1951 1113 leviter

2093 1056 2347 1128 ιαστηρίῳ
2390 1052 2645 1129 δεόμενον
2693 1052 3056 1130 διορθώσεως,
3088 1053 3287 1129 ἀμελεῖ
3330 1055 3420 1110 καὶ
3472 1075 3731 1133 περιφρο·

310 1148 370 1202 et
402 1145 819 1218 absquecauea
837 1145 1034 1217 egredi
1055 1162 1124 1201 ex
1146 1147 1549 1203 coenobio.Nec
1578 1165 1644 1202 eo
1670 1147 1770 1202 ille
1787 1146 1948 1201 modc

2090 1150 2167 1200 νεῖ.
2201 1144 2302 1201 Καὶ
2353 1142 2536 1200 ἔπειτα
2578 1144 2872 1223 προφάσεις
2921 1144 3200 1215 ἀναζητεῖ,
3227 1142 3299 1200 δι’
3347 1146 3421 1200 ὧν
3469 1144 3728 1220 ὀργισθή-

310 1250 374 1291 se
404 1249 603 1307 gerere
635 1233 888 1300 dubitat,
919 1238 984 1289 ut
1016 1234 1215 1291 delicti
1247 1237 1339 1291 sui
1370 1236 1782 1308 opitulatorem
1803 1236 1948 1291 inve-

2090 1254 2238 1306 re'tat,
2268 1235 2305 1303 ἢ
2338 1232 2835 1305 λυπηθήσεται,¹’ίνα
2868 1234 2945 1307 μὴ
2970 1231 3098 1308 δόξῃ
3131 1233 3384 1312 ἐλαφρῶς
3409 1235 3529 1289 ἄνεν
3553 1233 3728 1295 αἰτίας

311 1323 452 1381 niat.
486 1322 571 1379 Ita
600 1339 780 1395 porro
801 1324 1081 1380 seductus
1112 1341 1324 1381 avarus
1355 1342 1596 1381 suarum
1622 1326 1756 1399 igne
1786 1342 1949 1397 pecu-

2090 1321 2260 1393 ιξιέναι
2294 1322 2353 1377 ἐκ
2378 1330 2479 1393 τῆς
2513 1323 2711 1397 [ἐκτὸς]
2739 1327 2838 1377 τοῦ
2866 1318 3163 1380 κοινοὸίου.
3183 1320 3325 1380 Οὐδὲ
3342 1327 3506 1378 τοῦτο
3537 1343 3728 1400 παραι-

308 1414 567 1485 uiarum,
595 1429 902 1485 nunquam
934 1414 993 1469 in
1026 1415 1386 1471 monasterio
1417 1419 1613 1487 potest
1639 1416 1946 1487 quiescere

2089 1417 2237 1467 τεῖται
2259 1419 2509 1484 ποιῆσαι,
2528 1410 2866 1488 βουλόμενος
2888 1409 3034 1489 ἔχειν
3058 1417 3153 1467 τοῦ
3177 1410 3317 1467 ίδίου
3343 1410 3727 1487 ἐλαττώματος

310 1507 412 1559 aut
438 1504 550 1559 sub
582 1501 787 1575 regula
813 1502 1020 1559 vivere.
1043 1508 1186 1560 Cum
1216 1509 1413 1561 autem
1445 1504 1613 1561 illum
1647 1505 1871 1561 daemon
1894 1521 1948 1560 ex

2090 1501 2350 1578 ιυνεργόν.
2395 1502 2549 1557 Οὕτω
2599 1500 2658 1557 δὲ
2700 1501 3061 1576 ἀπατώμενος
3109 1506 3189 1575 τῷ
3235 1502 3366 1579 πυρὶ
3412 1506 3522 1557 τῶν
3575 1500 3728 1558 ἰδίων

310 1592 444 1649 ovili
475 1591 646 1664 quasi
677 1591 854 1664 lupus
884 1593 1411 1667 abripuerit,atque
1441 1612 1511 1651 ex
1528 1594 1661 1651 ovili
1695 1610 1948 1668 segrega-

2087 1591 2377 1668 (ρημάτων
2409 1592 2438 1646 ὁ
2480 1590 2843 1669 φιλάργυρος,
2876 1589 3138 1647 οὐδέποτε
3181 1589 3401 1647 δύναται
3451 1593 3725 1669 ἡσυχάσαι

312 1691 458 1753 tum,
500 1698 535 1737 a
563 1698 626 1737 se
673 1682 1073 1739 devorandum
1133 1684 1460 1757 acceperit;
1492 1689 1623 1740 tum
1682 1689 1849 1740 curat
1895 1690 1950 1740 ut

2086 1684 2122 1735 ἐν
2156 1682 2523 1757 μοναστηρίῳ,
2554 1682 2588 1750 ἣ
2618 1681 2721 1736 ὑπὸ
2752 1680 2948 1736 κανόνα
2992 1684 3176 1752 ζῆσαι.
3215 1683 3379 1739 ’Όταν
3430 1679 3490 1738 δὲ
3532 1686 3724 1738 τοῦτον

311 1788 488 1844 opera
500 1786 625 1843 quae
644 1771 815 1827 statis
826 1760 1062 1829 horis‘in
1080 1773 1343 1831 cmnobio
1357 1774 1949 1848 negligebat,omninc

2085 1769 2345 1845 58atpwv
2406 1769 2587 1845 ὥσπερ
2641 1769 2810 1833 λύκος
2841 1769 2901 1826 ἐκ
2955 1778 3058 1841 τῆς
3123 1769 3359 1845 μάνδρας
3416 1773 3723 1849 ἀφαρπάσῃ,

312 1861 541 1929 eadem,
574 1863 743 1916 nocte
772 1864 830 1916 et
858 1860 954 1917 die
986 1877 1202 1934 magna
1233 1879 1367 1920 cum
1399 1863 1698 1919 alacritate
1727 1862 1785 1918 in
1817 1862 1950 1919 cella

2084 1860 2160 1916 mi
2194 1858 2454 1940 ἀφορίσας
2499 1863 2597 1915 τοῦ
2646 1859 2908 1935 ποιμνίου
2957 1857 3177 1935 ἕτοιμον
3240 1861 3316 1924 εἰς
3381 1857 3722 1939 κατάϐρωσιν

2084 1945 2177 1963 ...
2322 1949 2336 1963 .
2586 1954 2613 1963 ..
3021 1951 3071 1963 ,μ
3226 1950 3238 1963 .
3288 1952 3299 1963 .
3441 1953 3455 1963 .
3518 1947 3542 1963 ,ι
3694 1949 3715 1963 ..

314 1967 424 2007 sua
437 1948 703 2023 perficiat
728 1964 742 2004 :
778 1965 967 2022 neque
988 1950 1130 2007 sinit
1153 1967 1288 2007 eum
1312 1968 1553 2025 precum
1585 1953 1952 2009 consuetudi-

2089 1945 2235 2025 ta't6n,
2282 1949 2345 2005 τὸ
2393 1954 2686 2021 τηνικαῦτα
2727 1951 3120 2027 παρασκευάζει
3180 1950 3339 2006 αὐτὸν
3397 1953 3466 2007 τὰ
3516 1947 3644 2028 ἔργα
3694 1949 3727 2005 ἃ

309 2038 831 2112 nemJejuniorum
856 2040 1437 2114 morem,vigi|iarum
1471 2058 1738 2099 normam
1771 2042 1947 2099 obser

2085 2039 2123 2096 iw
2154 2037 2235 2113 τῷ
2263 2035 2524 2112 κοινοϐίῳ
2552 2038 2906 2114 τεταγμέναις
2948 2039 3118 2114 ὥραις
3173 2039 3390 2103 πάντως
3439 2038 3723 2117 ὀλιγωρεῖ,

307 2146 481 2197 vare;
514 2128 615 2185 sed
653 2126 742 2183 illi
785 2128 1038 2185 avaritiae
1088 2129 1284 2187 furore
1318 2132 1592 2205 colligato
1633 2133 1843 2189 suadet
1889 2132 1945 2188 ad

2087 2133 2239 2185 ταῦτα
2268 2129 2320 2184 έν
2348 2133 2416 2204 τῇ
2443 2127 2616 2204 κέλλῃ
2652 2131 2846 2192 νυκτὸς
2896 2128 2987 2185 καὶ
3043 2129 3257 2206 ἡμέρας
3319 2129 3452 2202 μετά
3506 2127 3725 2198 πολλῆς

306 2235 457 2292 opus
487 2233 665 2274 suum
695 2234 870 2274 omne
900 2218 1428 2287 studium,omnem
1447 2220 1707 2278 laborem
1740 2222 1944 2294 impen‘

2088 2219 2381 2294 προθυμίας
2414 2224 2610 2274 ποιεῖν·
2644 2220 2734 2275 καὶ
2784 2216 2909 2275 οὔτε
2957 2219 3137 2294 εὐχῶν
3185 2219 3251 2275 τά
3300 2216 3417 2289 ἔθη,
3451 2216 3575 2275 οὔτε
3620 2222 3726 2275 τῶν

307 2308 582 2381 dere.(96)
612 2307 869 2380 Hujusce
897 2324 1033 2365 vero
1056 2309 1245 2365 morbi
1269 2314 1389 2368 tres
1419 2314 1560 2366 sunt
1580 2311 1736 2367 modi
1770 2328 1803 2367 ο
1823 2311 1945 2367 divi

2085 2314 2333 2380 νηστειῶν
2362 2309 2454 2364 τὸν
2484 2304 2688 2385 τρόπον
2700 2354 2715 2379 ,
2742 2306 2866 2364 οὔτε
2901 2313 3008 2363 τῶν
3042 2310 3352 2385 ἀγρυπνιῶν
3383 2309 3475 2364 τὸν
3525 2307 3723 2365 κανόνα

307 2398 400 2455 nis
428 2396 752 2471 Scripturis
773 2400 831 2453 et
861 2398 1147 2455 aPatrum
1178 2399 1449 2456 doctrina
1464 2416 1628 2472 teque
1659 2400 1938 2473 prohibiti

2088 2396 2305 2454 ικτελεῖν
2358 2398 2652 2475 ἐπιτρέπειο
2686 2397 2831 2453 ἀλλά
2876 2396 2946 2473 τῇ
2994 2404 3095 2468 τῆς
3147 2397 3508 2477 φιλαργυρίας
3561 2398 3726 2472 μανίᾳ

306 2487 540 2545 Primus
572 2487 643 2543 de
671 2503 786 2561 quo
818 2488 1094 2559 superius
1125 2488 1503 2561 scripsimus,
1553 2490 1655 2562 qui
1700 2494 1868 2547 curat
1898 2500 1944 2546 ul

2083 2492 2258 2545 τοῦτον
2291 2488 2543 2561 ἐνδήσας,
2572 2491 2671 2559 τὴν
2702 2494 2875 2544 πᾶσαν
2907 2486 3149 2558 σπουδὴν
3182 2488 3261 2552 εἷς
3290 2491 3353 2545 τὸ
3401 2489 3721 2566 ἐργόχειρον

306 2577 535 2645 miseri,
564 2592 634 2633 ea
664 2593 793 2649 qua;
825 2593 899 2633 ne
928 2577 988 2633 in
1022 2579 1245 2635 mundo
1279 2579 1519 2651 quidem
1551 2579 1762 2635 habue.
1782 2596 1833 2649 θ,
1859 2597 1944 2635 ac-

2087 2581 2217 2659 ἔχειν
2258 2583 2550 2640 ἀναπείθει.
2582 2585 2688 2651 Τῆς
2718 2579 2775 2637 δὲ
2804 2581 2966 2638 νόσου
3010 2582 3207 2649 ταύτης
3255 2587 3405 2659 τρεῖς
3453 2581 3557 2638 εἶσι
3602 2581 3725 2656 τρό·

306 2666 547 2739 quirent
575 2669 634 2722 et
665 2665 1229 2724 accumulant.Alter
1258 2667 1314 2724 id
1348 2668 1471 2741 agit
1500 2672 1567 2724 ut
1597 2684 1697 2725 eos
1736 2669 1836 2741 qui
1861 2686 1944 2742 pe-

2083 2693 2185 2744 ποι,
2234 2671 2325 2734 οὓς
2378 2671 2570 2742 ἐπίσης
2616 2671 3044 2747 ἀπαγορεύουσιν
3090 2672 3147 2725 αἱ
3194 2676 3333 2735 θεῖαι
3378 2669 3585 2747 Γραφαὶ
3633 2672 3721 2726 καὶ

304 2755 498 2813 cuniis
528 2755 943 2812 renuntiarunt
972 2756 1106 2812 facti
1148 2756 1427 2829 poeniteat
1456 2775 1471 2814 :
1514 2759 1814 2830 suadeque
1843 2758 1942 2814 illi:

2085 2763 2125 2816 ιιὶ
2179 2758 2522 2817 διδασκαλίαι
2569 2766 2677 2816 τῶν
2728 2760 3005 2837 Πατέρων’
3063 2763 3141 2824 εἴς
3191 2762 3309 2835 μὲν,
3360 2763 3420 2817 ’ὸν
3469 2761 3723 2838 ἀνωτέρω

309 2850 377 2903 ut
406 2845 712 2918 requirant
739 2862 807 2902 ea
839 2862 966 2917 quae
999 2845 1115 2903 Deo
1164 2846 1448 2904 obtulere.
1500 2847 1734 2904 Tertius
1772 2848 1825 2904 is
1872 2854 1947 2904 esi

2086 2851 2460 2927 Ξιεγράψαμεν,
2521 2851 2580 2914 ὃς
2636 2852 3028 2928 παρασκευάζει
3099 2850 3226 2914 τοὺς
3300 2851 3523 2918 ἀθλίους
3588 2853 3724 2929 ἅπερ

306 2935 409 3008 qui
442 2951 576 2991 cum
610 2935 777 2991 initio
811 2935 1162 2992 monachum
1197 2936 1627 2993 incredulitatis
1657 2937 1944 3010 tepiditatt

2086 2939 2195 2997 ὧδὲ
2250 2939 2301 2995 έν
2356 2945 2435 3013 τῷ
2483 2938 2677 3014 κόσμῳ
2727 2938 2913 3017 ἔσχον,
2958 2944 3125 2996 ταῦτα
3172 2945 3396 3006 κτᾶσθαι
3451 2941 3542 2997 καὶ
3603 2963 3724 2997 συν-

305 3024 693 3098 illigarit,ncn
725 3024 866 3081 sinit
894 3041 1027 3081 eum
1056 3026 1308 3099 perfecte
1330 3028 1648 3084 mundanis
1667 3029 1943 3084 abrenun‘

2087 3028 2359 3106 ιθροίζεινο
2402 3028 2575 3091 ἄλλος
2629 3029 2689 3092 ὃς
2742 3027 3165 3102 μεταμελεῖσθαι
3216 3034 3366 3084 ποιεῖ
3410 3028 3538 3093 τοὺς
3588 3031 3725 3102 ἅπαξ

303 3115 451 3172 tiare
482 3115 679 3187 rebus,
714 3115 913 3171 animo
946 3115 1271 3187 subjiciens
1322 3124 1539 3173 metum
1575 3119 1937 3191 paupertatis

2090 3124 2185 3181 εοῖς
2209 3120 2488 3194 χρήμασιν
2522 3117 2987 3192 ἀποταξαμένους,
3022 3113 3353 3175 ὑποϐάλλων
3399 3119 3587 3182 αὐτοῖς
3636 3125 3728 3192 ζη-

302 3208 480 3278 atque
509 3204 900 3261 difﬁdentiam
922 3204 1023 3261 Dei
1054 3205 1428 3277 providentiae
1461 3224 1473 3263 :
1507 3207 1795 3281 illumque
1825 3225 1940 3281 pro

2089 3212 2178 3263 ξεῖν
2225 3208 2359 3284 ἅπερ
2409 3211 2524 3280 Θεῷ
2571 3209 2970 3282 προσήνεγκαν·
3012 3206 3196 3284 τρίτος
3248 3206 3325 3279 δὲ,
3376 3208 3547 3279 ὅστις,
3589 3211 3727 3266 κατά

300 3276 622 3353 missorum
652 3293 995 3351 violatorem
1025 3293 1259 3351 exhibet
1288 3312 1438 3368 esse,
1489 3313 1693 3353 eorum
1733 3297 1938 3356 scilice

2086 3297 2165 3368 τήν
2198 3276 2377 3375 ἀρχην
2410 3276 2658 3359 ἀπιστίας
2707 3276 3056 3374 χλιαρότητιΙ
3094 3276 3333 3375 μοναχὸν
3371 3276 3623 3373 ἐνδήσας,
3656 3300 3724 3355 ού

301 3401 429 3458 quas
460 3384 764 3457 professus
793 3388 882 3441 est
911 3384 1055 3440 dum
1088 3385 1309 3441 mundo
1350 3386 1811 3445 abrenuntiaret.
1839 3393 1939 3446 Ho-

2087 3393 2345 3465 ιυγχωρεῖ
2389 3391 2580 3443 τοῦτον
2626 3386 2852 3450 τελείως
2902 3387 3292 3464 ἀπαλλαγῆναι
3338 3394 3446 3445 τῶν
3493 3394 3591 3446 τοῦ
3635 3389 3725 3445 κό-

298 3490 429 3530 rum
464 3489 636 3545 porro
666 3471 849 3528 trium
882 3473 1193 3529 modorum
1218 3474 1558 3548 exemplain
1578 3476 1776 3533 divina
1806 3478 1931 3535 Scri

2084 3498 2205 3552 ιμου
2234 3478 2592 3553 πραγμάτων,
2626 3472 2794 3555 φόϐον
2836 3477 3021 3541 πενίας
3072 3472 3425 3550 ὑποϐάλλων,
3456 3478 3547 3533 καὶ
3596 3480 3722 3535 ἀπι-

294 3565 471 3637 ptura
502 3562 852 3619 abscondita
882 3562 1384 3634 reperimus.Nam
1415 3565 1572 3621 Giezi
1596 3569 1747 3639 quod
1775 3585 1932 3641 pecu

2083 3566 2211 3622 ττίαν
2241 3574 2342 3636 τῆς
2400 3571 2535 3622 Θεοῦ
2580 3566 2863 3641 προνοίας,
2891 3566 2982 3622 καὶ
3033 3562 3352 3644 παραϐάτην
3404 3565 3721 3632 ὑποδεικνὺς

294 3652 425 3709 nias
454 3669 603 3725 quas
634 3655 768 3707 ante
796 3669 912 3708 non
944 3652 1254 3721 ghabuerat
1292 3655 1743 3727 concupivisset,
1764 3658 1932 3729 priva

2082 3659 2169 3710 τῶν
2199 3655 2410 3711 οίκείων
2447 3657 2817 3733 ὑποσχέσεων,
2850 3657 2924 3711 ὧν
2970 3655 3439 3734 καθωμολόγησεν
3491 3658 3720 3713 ἀποτασ-

293 3746 394 3799 tus
424 3746 513 3798 est
541 3740 862 3814 prophetiae
880 3742 1276 3814 gratia.quam
1309 3744 1539 3801 volebat
1558 3745 1644 3800 illi
1676 3748 1931 3820 magiste'

2083 3744 2293 3818 τόμενος
2323 3749 2401 3818 τῷ
2426 3745 2641 3819 κόσμῳ.
2673 3746 2887 3802 Τούτων
2924 3744 2980 3802 δὲ
3020 3749 3131 3802 τῶν
3177 3752 3342 3821 τριῶν
3390 3747 3606 3825 τρόπων
3657 3745 3721 3800 τὰ

296 3832 427 3903 ejus
457 3829 821 3888 haereditatis
869 3830 995 3887 loco
1048 3830 1380 3906 relinquere
1415 3852 1428 3889 :
1462 3840 1519 3890 et
1563 3852 1667 3908 pro
1716 3837 1934 3893 benedi

2086 3832 2478 3911 παραδείγματα
2535 3835 2587 3890 έν
2640 3839 2710 3910 τῇ
2787 3836 2903 3909 θείᾳ
2977 3840 3165 3914 Γραφῇ
3242 3835 3724 3912 κατακεκρυμμένα

299 3920 625 3992 ctione,per
647 3919 945 3992 prophetae
973 3918 1663 3992 maledictum,aternam
1694 3926 1937 3998 possedi

2085 3924 2408 4000 ὑρίσκομεν.
2461 3924 2560 3980 Καὶ
2608 3925 2709 4003 γὰρ
2759 3927 2787 3981 ὁ
2836 3929 2999 3996 Γιεζῆ
3065 3929 3329 4003 χρήματα
3380 3928 3414 3983 ’ἀ
3460 3928 3723 4005 πρότερον

298 4010 521 4083 lepram
539 4008 797 4066 l‘tJudas
827 4026 961 4065 vero
984 4026 1117 4065 cum
1132 4009 1302 4069 vellet
1322 4013 1603 4085 pecunias
1634 4030 1932 4073 resumere

2089 4012 2165 4069 »ύκ
2215 4014 2333 4090 εἶχε
2383 4013 2678 4090 βουληθεὶς
2714 4016 3033 4091 κτήσασθαι,
3065 4016 3305 4093 ἀπέτυχέ
3358 4023 3459 4087 τῆς
3515 4037 3727 4095 προφη-

300 4115 451 4173 quas
481 4102 617 4155 ante
647 4103 712 4154 ut
746 4098 1057 4155 Dominum
1090 4106 1453 4173 sequeretur,
1486 4104 1779 4175 abjecerat
1801 4123 1816 4175 ;
1840 4122 1938 4162 nor

2088 4110 2221 4173 τικῆς
2270 4104 2519 4181 χάριτος,
2571 4106 2632 4175 ἢν
2686 4106 2715 4159 ὁ
2776 4103 3106 4168 διδάσκαλος
3154 4106 3533 4184 κληρονομίας
3582 4107 3726 4178 τάξει

302 4188 498 4245 solum
529 4204 663 4244 cum
694 4188 767 4244 ad
800 4187 1035 4245 Domini
1069 4190 1462 4262 proditionem
1487 4193 1753 4250 animum
1776 4211 1940 4269 appu'

2090 4192 2392 4269 ιαταλεῖψαι
2428 4193 2609 4269 τούτῳ
2654 4190 2950 4266 ἠϐούλετο*
2983 4194 3075 4250 καί
3122 4195 3240 4250 ἀντὶ
3289 4194 3547 4272 εὐλογίας
3598 4195 3728 4251 αἰω-

299 4278 486 4350 lisset,
519 4293 588 4334 ex
616 4277 793 4334 choro
822 4277 1227 4351 apostolorum
1258 4285 1535 4339 extrusus
1585 4289 1697 4353 est,
1730 4287 1831 4341 sed
1863 4286 1937 4359 ip-

2086 4281 2180 4338 ιίαν
2212 4280 2414 4360 λέπραν
2450 4282 2541 4339 διὰ
2567 4290 2670 4354 τῆς
2725 4287 2823 4340 τοῦ
2867 4284 3157 4362 προφήτου
3200 4283 3439 4360 κατάρας
3488 4281 3724 4358 ἐκληρο-

300 4383 427 4425 sam
461 4367 757 4424 carnalem
788 4367 968 4425 vitam
1000 4368 1260 4427 violenta
1290 4376 1478 4428 morte
1526 4374 1862 4431 terminavit
1889 4376 1934 4411 ⁸³

2085 4373 2295 4446 νόμησε.
2341 4373 2449 4430 Καὶ
2506 4371 2735 4444 Ἰούδας,
2768 4370 3065 4447 βουληθεὶς
3122 4371 3388 4446 χρήματα
3435 4364 3647 4437 λαϐεῖν,
3689 4369 3723 4423 ἃ

297 4457 557 4515 Ananiae
587 4461 644 4514 et
673 4458 983 4532 Sappbira,
1017 4476 1155 4516 cum
1188 4462 1456 4532 quaedam
1488 4480 1557 4519 ex
1589 4463 1662 4519 iis
1693 4480 1820 4536 quae
1851 4465 1933 4522 Do

2084 4463 2333 4540 πρότερον
2361 4466 2442 4535 τῷ
2488 4464 2713 4535 Χριστῷ
2761 4454 3077 4514 ἀκολουθῶν
3127 4451 3419 4529 ἀπέϐαλεν,
3453 4457 3516 4511 ού
3558 4452 3722 4529 μόνον

300 4546 462 4604 mino
479 4554 894 4605 consecrarunt
912 4552 1666 4623 reservassent,apostolico
1681 4572 1779 4610 ore
1802 4572 1938 4611 mor.

2078 4555 2142 4617 είς
2173 4548 2466 4629 προδοσίαν
2498 4550 2595 4602 τοῦ
2627 4547 2897 4603 Δεσπότου
2929 4544 3250 4617 ὀλισθῆσας,
3279 4550 3377 4600 τοῦ
3407 4549 3583 4623 χοροῦ
3611 4549 3716 4600 τῶν

299 4636 381 4695 tis
411 4652 643 4710 pcenam
674 4635 850 4693 luunt
873 4638 1085 4711 ‘3'.(97)
1109 4638 1360 4713 Magnus
1385 4646 1582 4699 autem
1610 4642 1707 4701 ille
1731 4644 1937 4718 Moyse:

2082 4638 2392 4703 ἀποστόλων
2434 4634 2697 4709 ἐξέπεσεν,
2732 4633 2877 4691 ἀλλὰ
2931 4634 3021 4690 καὶ
3080 4635 3247 4705 αὐτὴν
3306 4636 3406 4705 τὴν
3462 4634 3514 4690 ἐν
3565 4635 3720 4709 σαρκὶ

299 4724 363 4782 in
393 4723 848 4784 Deuteronomio
881 4728 1197 4803 mysticum
1237 4730 1338 4787 dat
1376 4737 1735 4806 praeceptum
1768 4734 1840 4790 iis
1862 4751 1936 4806 qu

2086 4730 2221 4803 ζωήν
2256 4725 2419 4805 βιαίῳ
2450 4725 2663 4800 θανάτῳ
2703 4725 3012 4783 κατέλυσεν.
3043 4725 3284 4787 Ἀνανίας
3321 4725 3413 4780 καὶ
3444 4724 3724 4803 Σάπφειρα

303 4815 528 4872 mundo
576 4815 967 4873 renuntiaturi
1016 4821 1175 4886 sunt,
1217 4822 1274 4874 et
1320 4821 1574 4892 quodam
1624 4824 1941 4880 difﬁdentia

2084 4815 2492 4897 Βιαφυλάξαντές
2524 4835 2646 4870 τινα
2675 4815 2725 4888 ἐξ
2758 4816 2832 4870 ὧν
2870 4818 2950 4887 τῷ
2979 4819 3095 4887 Θεῷ
3140 4815 3555 4893 προσανέθεντο,
3587 4814 3722 4869 ἀπο-

305 4907 466 4962 metu
498 4905 748 4960 terrenis
780 4905 972 4962 adhuc
1003 4906 1288 4964 inhaerent
1320 4924 1332 4963 :
1369 4932 1396 4959 ‹‹
1430 4909 1488 4965 Si
1521 4910 1655 4984 quis
1686 4912 1861 4969 homo
1888 4915 1943 4970 ti'

2085 4908 2312 4981 ττολικῷ
2342 4905 2572 4980 στόματι
2618 4906 2830 4979 θανάτῳ
2875 4903 3264 4982 τιμωροῦνται.
3300 4904 3545 4975 Μωϋσῆς
3596 4901 3653 4959 δὶ
3695 4906 3723 4960 ὁ

305 4994 507 5051 midus
539 4993 617 5049 sit
646 4998 704 5049 et
734 4995 907 5050 corde
941 4995 1278 5068 pavidus,is
1310 5015 1424 5054 non
1458 5001 1715 5070 prodibit
1746 5004 1815 5059 ad
1840 5003 1943 5059 bel-

2085 5001 2243 5075 αέγας
2305 4998 2356 5054 έν
2410 4994 2490 5070 τῷ
2543 4994 2953 5073 Δευτερονομίῳ
3013 4998 3288 5067 μυστικῶς
3356 4992 3723 5070 παραγγέλλει

304 5083 431 5140 lum
467 5100 480 5139 :
515 5084 687 5141 abeat
717 5084 983 5150 domum,
1009 5084 1211 5158 ibique
1243 5085 1492 5144 molliter
1521 5090 1793 5162 degat,ne
1814 5092 1942 5148 forte

2085 5096 2185 5153 τοῖς
2243 5085 2536 5163 μέλλουσιν
2598 5084 2989 5147 άποτάσσεσθαι
3049 5087 3129 5153 τῷ
3184 5081 3399 5154 κόσμῳ,
3428 5082 3520 5137 καὶ
3568 5078 3723 5161 φόϐῳ

305 5191 580 5247 pavorem
613 5173 863 5230 incutiat
915 5175 1194 5233 cordibus
1243 5176 1493 5233 fratrum
1537 5196 1781 5235 suorum
1831 5182 1895 5235 ⁸⁵.
1932 5206 1943 5230 ι

2083 5179 2321 5241 ἀπιστίας
2354 5175 2519 5233 πάλιν
2545 5171 2934 5252 ἀντεχομένοις
2964 5175 3071 5225 τῶν
3104 5167 3313 5244 γηίνων
3364 5172 3721 5247 πραγμάτων·

307 5265 487 5321 Estne
503 5264 807 5338 quidpiam
821 5263 1281 5323 hoctestimonio
1305 5267 1570 5324 securius
1583 5273 1759 5342 atque
1778 5270 1945 5342 liqui-

2088 5268 2204 5326 (Εἴ
2244 5268 2325 5330 τίς
2377 5266 2519 5321 ἐστιν
2569 5265 2855 5336 ἅνθρωπος
2909 5254 3228 5337 περίφοϐος,
3259 5259 3349 5313 καὶ
3405 5263 3474 5335 τῇ
3528 5259 3726 5334 καρδίᾳ

303 5355 439 5411 dius
465 5356 488 5409 Ρ
510 5358 715 5411 Nonne
744 5353 816 5410 iis
838 5353 1030 5411 verbis
1044 5354 1364 5412 ediscimus
1386 5356 1487 5428 qui
1504 5358 1725 5414 mundo
1754 5375 1939 5415 rcnun

2083 5356 2275 5425 δειλὸς,
2312 5355 2414 5410 ούκ
2461 5350 2796 5424 ἐξελεύσεται
2853 5347 2930 5410 εἷς
2974 5345 3240 5423 πόλεμον
3274 5348 3584 5426 πορευέσθω
3632 5351 3721 5407 καὶ

371 5516 418 5552 ⁵³
451 5516 525 5572 IV
554 5516 689 5589 Reg.
724 5533 779 5586 ν,
811 5517 903 5571 27.
980 5516 1023 5551 ⁵³
1054 5517 1260 5575 Matth.
1295 5534 1494 5589 xxvm,
1520 5519 1574 5576 5.
1651 5520 1721 5556 ‘3‘
1748 5522 1874 5579 Act.
1905 5537 1960 5591 v,
1991 5522 2009 5576 Ξ

1064 5517 1260 5575 Matth.
1295 5534 1494 5589 xxvm,
1520 5519 1574 5576 5.
1651 5520 1721 5556 ‘3‘
1748 5522 1874 5579 Act.
1905 5537 1960 5591 v,
1991 5522 2047 5592 5,
2082 5522 2167 5579 10.
2245 5520 2293 5556 δι
2328 5519 2492 5574 Deut.
2523 5531 2618 5585 XX,
2650 5514 2702 5569 8.

696 5671 952 5744 049310,
989 5673 1051 5728 11
1086 5675 1146 5729 et
1175 5687 1296 5743 seq.

594 5742 675 5800 1d.
711 5758 761 5800 ο.
796 5744 884 5801 14.

1006 5673 1051 5728 [1
1086 5675 1146 5729 et
1175 5687 1296 5743 seq.
2139 5672 2252 5745 (9'7)
2286 5670 2439 5729 Ibid.
2470 5686 2522 5730 ο.
2557 5669 2644 5727 15.
