4148 6394
429 411 547 474 885

1583 406 1966 467 EPISTOLA
2010 404 2063 463 II
2112 402 2218 462 AD
2261 403 2707 465 CASTOREM.

3741 411 3861 471 886

429 544 725 620 ἀμαλυέτω
778 542 1106 617 [ἀναλυέτω]
1157 543 1235 604 εἰς
1280 542 1371 597 τὸν
1432 536 1569 594 ἴδιον
1632 538 1821 609 οἰκον,
1879 537 2063 609 μήποτ

2207 535 2447 609 tiamus,
2482 537 2651 594 nobis
2682 540 2935 611 perfecte
2957 541 3435 609 renuntiandum,
3470 546 3646 616 atque
3676 545 3759 600 ita
3780 546 3853 601 ad

429 636 707 689 πτοεῖσθαι
756 635 981 704 ποιήσοι
1029 634 1126 695 τὰς
1156 628 1381 706 καρδίας
1418 634 1525 684 τῶν
1560 625 1807 706 ἀδελφῶν
1843 626 2027 682 αὐτοῦ.
2056 649 2084 677 ›)

428 726 578 781 Ἐστι
627 731 728 793 τῆς
776 722 1075 798 μαρτυρίας
1123 720 1325 790 ταύτης
1381 717 1775 797 ἀσφαλέπερόν
1822 738 1874 771 τι
1907 717 1943 785 ἢ
1998 736 2087 769 σα-

428 813 713 893 φέστερον;
761 813 875 871 Οὐκ
928 813 1029 888 ἄρα
1079 808 1168 864 διὰ
1206 810 1413 864 τούτων
1468 808 1804 882 μανθάνομεν
1860 807 1910 860 οἰ
1950 806 2083 860 ἀπο-

425 902 749 975 τασσόμενοι
818 906 897 973 τῷ
952 900 1149 973 κόσμῳ
1214 898 1437 960 τελείως
1493 896 1884 953 ἆποτάσσεσθαι
1920 941 1935 966 ,
1994 896 2084 950 καὶ

429 990 600 1053 οὕτως
634 992 722 1045 ἐπὶ
754 992 848 1045 τὸν
897 988 1145 1062 πόλεμον
1193 984 1481 1057 ἐκϐαίνειν,
1533 988 1577 1042 εἰ
1633 988 1709 1059 μὴ
1743 984 1831 1041 διὰ
1858 983 1953 1040 τοῦ
1985 986 2083 1060 βα-

428 1080 541 1136 λεῖν
574 1080 753 1156 ἀρχὴν
780 1080 988 1157 χαύνην
1019 1077 1109 1134 καί
1164 1075 1559 1156 διεφθαρμένην
1610 1077 1924 1150 ἀνατρέπειν
1954 1073 2081 1136 τοὺς

426 1170 633 1233 ἄλλους
684 1170 789 1225 ἀπὸ
842 1177 941 1239 τῆς
996 1166 1355 1244 εὐαγγελικῆς
1416 1165 1759 1236 τελειότητος
1796 1208 1810 1223 .
1862 1161 2079 1234 Ἐπειδή

424 1257 482 1314 δὲ
509 1280 652 1321 τινες
681 1259 744 1314 τὸ
791 1258 977 1320 καλῶς
1026 1256 1319 1329 εἰρημένον
1368 1261 1436 1330 τῇ
1492 1260 1700 1334 Γραφῇο
1737 1280 1763 1307 ιι
1799 1253 2078 1326 Μακάριόν

426 1348 535 1403 ἐστι
569 1346 797 1419 διδόναι,
831 1348 865 1416 ἢ
903 1342 1228 1420 λαμϐάνειν,
1260 1366 1286 1398 n
1323 1350 1505 1408 κακῶς
1537 1344 1919 1421 ἐρμηνεύουσι,
1956 1345 2080 1419 βια-

430 1437 648 1508 ζόμενοι
680 1437 817 1511 πρὸς
846 1438 944 1504 την
980 1434 1120 1490 ἰδίαν
1153 1435 1363 1504 ἀπάτην
1413 1436 1503 1489 καὶ
1550 1436 1649 1503 τὴν
1680 1440 1779 1502 τῆς
1812 1431 2078 1510 φιλαργυ-

431 1525 547 1601 ρίας
602 1525 889 1598 ἐπιθυμίαν
938 1527 1036 1594 τὴν
1091 1524 1293 1579 ἔννοιαν
1343 1528 1442 1579 τοῦ
1494 1523 1663 1599 ῥητοῦ
1708 1521 2081 1598 παραλογιζό-

431 1636 604 1686 μενοι,
638 1616 726 1670 καὶ
755 1616 853 1684 τήν
884 1619 981 1669 τοῦ
1014 1614 1209 1689 Κυρίου
1259 1610 1606 1668 διδασκαλίαν
1660 1614 1759 1681 τήν
1795 1610 2075 1688 λέγουσανθ

432 1726 453 1756 ι
488 1705 553 1760 Εἰ
603 1702 778 1766 θέλεις
825 1704 1035 1766 τέλέιος
1103 1704 1234 1759 εἶναι
1271 1749 1285 1773 ,
1336 1703 1597 1772 πώλησόν
1652 1723 1747 1757 σου
1792 1701 1860 1756 τὰ
1909 1702 2077 1775 ὑπάρ-

424 1812 616 1868 χοντα,
649 1794 738 1848 καὶ
789 1791 878 1855 δὸς
920 1799 1189 1869 πτωχοῖς,
1222 1794 1311 1848 καὶ
1363 1790 1499 1863 ἕξεις
1533 1791 1799 1868 θησαυρὸν
1830 1790 1882 1845 ἐν
1915 1791 2077 1865 ούρα-

2197 626 2416 682 bellum
2449 629 2885 699 procedendum
2913 646 3075 698 esse;
3110 647 3180 687 ne
3212 632 3357 686 forte
3378 648 3446 687 ex
3462 632 3621 688 molli
3647 638 3704 689 et
3733 651 3853 690 cor-

2196 721 2368 789 rupto
2399 717 2564 773 initio
2597 718 2745 774 alios
2776 720 2846 774 ab
2879 720 3225 791 Evangelica
3257 722 3607 793 perfectione
3628 728 3849 780 averta-

2196 822 2349 861 mus.
2374 807 2486 879 (89)
2518 809 3002 880 Quandoquidem
3036 827 3169 865 vero
3201 810 3347 865 illud
3378 813 3556 883 probe
3605 813 3663 867 in
3695 814 3849 869 Scri-

2195 899 2369 967 ptura
2391 897 2613 952 dictum
2640 916 2653 953 :
2689 919 2716 948 ‹‹
2737 899 2975 954 Beatius
3007 905 3095 955 est
3116 901 3254 955 dare
3270 918 3445 972 quam
3466 902 3725 973 accipere
3747 904 3849 973 53,»

2194 984 2347 1041 male
2365 986 2606 1057 quidam
2633 987 3579 1061 interpretantur,vimquelitterae
3602 992 3846 1063 faciunt,

2193 1079 2369 1146 atque
2399 1077 2471 1131 ad
2504 1077 2801 1147 propriam
2835 1078 3100 1134 fraudem
3134 1082 3190 1134 et
3234 1081 3304 1134 ad
3346 1081 3603 1152 pecuniae
3634 1099 3847 1138 concu-

2192 1164 2539 1237 piscentiam
2562 1166 2701 1221 dicti
2734 1169 3086 1224 sententiam
3124 1171 3276 1225 322
3314 1171 3680 1242 detorquent,
3714 1189 3846 1227 neo-

2191 1272 2310 1309 non
2360 1256 2589 1311 Domini
2639 1257 2990 1326 doctrinam,
3042 1276 3169 1331 qua:
3215 1259 3299 1314 sic
3350 1260 3522 1315 habet
3563 1278 3575 1314 :
3610 1284 3639 1311 «
3671 1262 3727 1316 Si
3758 1263 3849 1317 vis

2192 1344 2483 1415 perfectus
2513 1363 2665 1416 esse,
2696 1347 2880 1402 vende
2908 1348 3109 1403 omnia
3139 1364 3269 1419 quae
3297 1348 3479 1404 habes
3510 1353 3567 1405 et
3596 1349 3671 1405 da
3701 1367 3846 1421 pau-

2190 1434 2453 1505 peribus,
2476 1435 2793 1492 ethabebis
2824 1436 3167 1492 thesaurum
3190 1436 3250 1493 in
3276 1438 3440 1509 coelo,
3478 1442 3535 1494 et
3567 1440 3718 1506 veni,
3749 1456 3845 1495 se-

2200 1539 2379 1594 quere
2411 1541 2503 1579 me
2548 1526 2591 1559 ⁵⁶
2620 1543 2632 1579 ;
2662 1547 2689 1575 ››
2711 1530 2767 1580 et
2809 1526 3083 1597 judicent
3137 1527 3473 1582 divitiarum
3509 1528 3844 1584 facultatem

2189 1617 2532 1685 paupertate
2592 1613 2909 1671 feliciorem
2965 1632 3115 1681 esse,
3140 1633 3321 1689 seque
3367 1634 3437 1673 ex
3498 1618 3842 1688 hujusmodi

2188 1702 2551 1759 abundantia
2580 1722 2752 1777 posse
2780 1706 3184 1779 indigentibus
3212 1706 3409 1779 largiri
3444 1727 3457 1776 ;
3512 1708 3702 1764 sciant
3731 1709 3841 1764 hu-

2179 1792 2446 1863 jusmodi
2478 1793 2748 1849 homines
2780 1811 2841 1849 se
2872 1796 3135 1851 nondum
3195 1798 3416 1851 mundo
3448 1797 3840 1867 renuntiasse,

422 1888 517 1956 νῷ,
551 1882 640 1938 καὶ
674 1881 854 1959 δεῦρο,
890 1881 1180 1948 ἀκολούθει
1208 1902 1322 1957 μοι·
1350 1907 1377 1933 ››
1410 1882 1499 1937 καὶ
1521 1882 1765 1958 κρίνουσι
1784 1888 1884 1952 τῆς
1915 1881 2069 1950 ἀκτη-

2188 1897 2379 1953 neque
2418 1881 2721 1939 ambulare
2769 1884 2827 1938 in
2874 1885 3201 1940 monastica
3250 1887 3620 1956 perfectione,
3655 1903 3840 1957 quan-

428 1971 665 2044 μοσύνης
744 1974 1153 2049 μακαριώτερον
1222 1973 1286 2027 τὸ
1359 1971 1682 2043 ἐξουσιάζειν
1759 1975 1857 2026 τοῦ
1933 1968 2075 2026 ἰδίου

424 2059 686 2130 πλούτου,
738 2061 826 2116 καὶ
877 2062 936 2116 ἐκ
965 2070 1066 2132 τῆς
1114 2061 1311 2117 τούτου
1361 2059 1675 2138 περιουσίας
1724 2058 1932 2115 διδόναι
1960 2065 2075 2123 τοῖς

424 2148 723 2224 δεομένοιςο
757 2153 1162 2228 γινωσκέτωσαν
1198 2152 1250 2205 οἱ
1291 2155 1538 2206 τοιοῦτοι
1591 2152 1760 2223 μήπω
1810 2148 2073 2205 ἀποτετά-

421 2243 549 2316 χθαι
582 2246 659 2313 τῷ
689 2241 901 2315 κόσμῳ,
938 2240 1079 2314 μηδὲ
1109 2236 1363 2311 ἐπιϐῆναι
1391 2248 1491 2310 τῆς
1526 2247 1835 2316 μοναχικῆς
1866 2239 2074 2296 τελειό-

418 2350 605 2399 τητος,
639 2329 721 2407 ἐφ’
751 2330 875 2385 ὅσον
924 2330 1343 2406 ἐπαισχύνονται
1392 2332 1492 2399 τὴν
1544 2330 1677 2404 ὑπὲρ
1727 2334 1960 2405 Χριστοῦ
1992 2328 2073 2385 ἕν-

421 2416 574 2488 δοξον
614 2419 746 2490 μετὰ
774 2417 871 2473 τοῦ
916 2419 1254 2475 Ἀποστόλου
1298 2414 1584 2475 ἀναλαϐεῖν
1635 2419 1934 2495 πτωχείαν,
1984 2419 2074 2473 καὶ

418 2509 516 2576 τὴν
549 2513 656 2562 τῶν
689 2507 891 2585 χειρῶν
923 2509 1170 2585 ἐργασίαν
1219 2511 1428 2572 ἑαυτοῖς
1471 2531 1530 2565 τε
1576 2510 1667 2565 καὶ
1716 2515 1834 2572 τοῖς
1880 2507 2075 2583 δεομέ-

419 2617 533 2658 νοις
584 2597 889 2671 ὅπηρετεῖν.
952 2599 1015 2652 Εἴ
1072 2596 1129 2653 δὲ
1186 2599 1537 2672 ἐπιθυμοῦσιν
1592 2596 1738 2675 ἔργῳ
1780 2597 2073 2674 πληρῶσαι

418 2689 517 2756 τὴν
554 2684 854 2759 μοναδικὴν
890 2686 1235 2765 ἐπαγγελίαν,
1267 2689 1355 2743 καὶ
1410 2690 1543 2761 μετὰ
1581 2693 1679 2744 τοῦ
1731 2687 2074 2745 Ἀποστόλου

419 2773 743 2846 δοξασθῆναι
776 2776 1254 2854 διασκορπίσαντες
1304 2779 1397 2833 τὸν
1448 2776 1680 2833 παλαιὸν
1730 2777 1968 2833 πλοῦτον
2020 2777 2070 2833 ἐν

420 2862 571 2937 λιμῷ
603 2865 692 2919 καὶ
727 2862 866 2939 δίψει
899 2867 987 2921 καὶ
1019 2866 1347 2941 γ’λμνότητι,
1384 2866 1518 2939 μετὰ
1544 2872 1641 2922 τοῦ
1672 2865 1894 2922 Παύλου
1926 2866 2072 2942 ἀγω-

416 2955 739 3022 νιζέσθωσαν
789 2956 878 3011 τὸν
930 2955 1096 3011 καλὸν
1148 2955 1346 3031 ἀγῶνα.
1401 2956 1502 3014 Καὶ
1550 2956 1651 3033 γὰρ
1704 2957 1750 3012 εἰ
1802 2958 1865 3012 τὸ
1924 2954 2069 3032 ἔχειν

415 3040 647 3097 παλαιὸν
702 3042 942 3099 πλοῦτον
990 3044 1402 3121 ἀναγκαιότερον
1456 3045 1740 3121 ἐγίνωσκεν
1799 3046 1935 3121 πρὸς
1990 3066 2072 3101 τε·

416 3131 633 3187 λείωσιν
667 3134 694 3187 ὁ
728 3132 885 3196 αὐτὸς
920 3132 1282 3201 Ἀπόστολος,
1324 3134 1423 3189 οὐκ
1471 3135 1530 3189 ἂν
1576 3134 1941 3213 κατεφρόνησε
1968 3143 2067 3205 τῆς

415 3223 639 3296 πρώτης
697 3221 860 3276 αὐτοῦ
919 3224 1067 3294 ἀξίας
1103 3242 1116 3256 '
1176 3223 1444 3296 ἐπίσημον
1515 3225 1617 3301 γὰρ
1676 3227 1823 3300 Λέγει
1882 3225 2069 3280 ἑαυτὸν

417 3312 716 3386 γεγονέναι,
753 3312 841 3366 καὶ
894 3311 1130 3383 πολίτην
1180 3313 1485 3386 Ῥωμαίων.
1524 3314 1627 3369 Καὶ
1673 3315 1724 3368 οἱ
1756 3313 1809 3369 ἐν
1840 3317 2067 3390 Ἱεροσο-

418 3399 617 3473 λύμοις
649 3399 727 3469 δὲ,
761 3399 950 3464 θ’ίτινες
974 3400 1222 3458 ἐπώλουν
1253 3403 1348 3465 τὰς
1400 3403 1571 3465 οἰκίας
1618 3402 1790 3458 αὐτῶν
1822 3404 1912 3458 καὶ
1940 3405 2067 3468 τοὺς

418 3489 642 3567 ἀγροὺς,
664 3491 753 3546 καὶ
785 3491 1020 3556 ἐτίθεσαν
1051 3494 1197 3568 παρά
1224 3492 1351 3554 τοὺς
1381 3490 1550 3554 πόδας
1579 3497 1686 3547 τῶν
1720 3491 2067 3563 ἀποστόλων,

419 3579 516 3635 οὐκ
574 3580 632 3634 ἂν
676 3586 837 3636 τοῦτο
898 3577 1181 3658 ἔπραττον,
1242 3582 1287 3637 εἰ
1343 3581 1717 3657 κεκρυμμένον
1773 3581 2064 3658 ἐγίνωσκον

419 3670 521 3725 ὑπὸ
550 3674 658 3725 τῶν
693 3669 1015 3726 ἀποστόλων
1051 3673 1457 3748 μακαριώτερον
1492 3672 1731 3738 εἰναι,τὸ
1757 3677 1872 3734 τοῖς
1905 3670 2065 3737 ἰδίοις

412 3762 664 3836 χρήμασι
692 3761 979 3837 τρέφεσθαι
1026 3762 1115 3815 καὶ
1170 3762 1246 3835 μὴ
1296 3762 1526 3834 καμάτῳ
1578 3759 1701 3834 ἰδίῳ
1740 3760 1830 3817 καί
1858 3766 1926 3836 τῇ
1957 3767 2063 3817 τῶν

411 3853 616 3924 χοιρῶν
647 3848 889 3924 ἐργασίᾳ.
924 3852 1258 3928 Σαφέστερον
1317 3847 1375 3905 δὲ
1422 3847 1660 3906 διδάσκει
1706 3851 1831 3927 περὶ
1870 3851 2066 3907 τούτου

412 3940 439 3991 ὁ
471 3937 755 4013 εἰρημένος
782 3937 1140 4006 Ἀπόστολος,
1177 3938 1228 3994 ἐν
1268 3940 1351 4001 οἷς
1374 3937 1567 4017 γράφει
1593 3939 1886 4013 Ῥωμαίοις
1916 3938 2063 3995 τάδε·

417 4050 437 4076 ιι
472 4028 598 4081 Νυνὶ
630 4026 688 4083 δὲ
716 4028 1023 4104 πορεύομαι
1074 4028 1148 4091 εἷς
1198 4028 1555 4104 Ἰεροσόλυμα
1598 4026 1915 4098 διακονῆσαι
1946 4034 2065 4092 τοῖς

409 4116 600 4190 ἁγίοις.
658 4115 975 4188 Ηύδόκησαν
1032 4117 1133 4194 γὰρ
1195 4115 1498 4173 Μακεδονία
1555 4118 1643 4173 καὶ
1696 4116 1898 4195 Ἀχαΐα
1940 4139 2061 4174 κοι-

404 4207 599 4261 νωνίαν
626 4207 748 4262 τινὰ
778 4209 1106 4278 ποιήσασθαι
1151 4206 1227 4271 εἰς
1255 4206 1384 4269 τοὺς
1437 4205 1698 4283 πτωχοὺς
1741 4211 1849 4263 τῶν
1899 4206 2064 4284 ἁγίων

401 4299 509 4350 τῶν
544 4296 594 4351 ἐν
645 4295 1027 4371 Ἰερουσαλήμ.
1066 4322 1087 4347 ιο
1134 4297 1307 4359 Οὗτος
1348 4294 1406 4351 δὶ
1455 4293 1698 4369 δέσμιος,
1748 4296 1839 4351 καὶ
1888 4295 2060 4375 φυλα-

402 4390 524 4448 καῖς
554 4384 850 4457 πολλάκις,
882 4387 970 4440 καὶ
1023 4390 1101 4459 τῷ
1156 4384 1389 4461 σκυλμῷ
1434 4393 1534 4456 τῆς
1567 4383 1889 4461 ὁδοιπορίας
1922 4387 2059 4442 ὑπο-

403 4468 657 4545 ϐληθεὶς,
716 4474 806 4529 καὶ
866 4473 1299 4549 ἐμποδιζόμενος
1358 4474 1418 4531 ἐκ
1471 4474 1690 4546 τούτου,
1724 4476 1799 4539 ὡς
1858 4475 2057 4547 εἰώθει,

400 4569 517 4626 ταῖς
580 4561 739 4627 ἰδίαις
789 4564 948 4641 χερσὶ
1006 4566 1389 4642 προσπορίζειν
1453 4567 1626 4639 ἑαυτῷ
1682 4566 1777 4628 τὰς
1837 4564 2054 4641 χρείας,

2185 1970 2286 2026 diu
2317 1972 2674 2028 erubescunt
2696 1990 2799 2045 pro
2820 1973 3053 2029 Christo
3075 1973 3389 2045 gloriosam
3416 1991 3550 2031 cum
3579 1976 3841 2046 apostolo

2186 2076 2488 2117 assumere
2519 2066 2948 2135 paupertatem,
2991 2068 3166 2135 atque
3215 2080 3285 2119 ex
3337 2081 3510 2136 opere
3554 2081 3838 2121 manuum

2184 2150 2298 2205 sibi
2328 2150 2642 2223 egenisqne
2674 2152 3004 2208 subvenire.
3040 2153 3203 2219 Quod
3250 2153 3299 2210 si
3347 2154 3686 2212 desiderent
3717 2172 3838 2211 mo-

2187 2240 2474 2296 nasticam
2524 2257 2696 2312 opere
2746 2242 3035 2314 complere
3084 2244 3560 2315 promissionem,
3601 2249 3659 2300 et
3705 2263 3838 2301 cum

2184 2329 2459 2402 Apostolo
2490 2329 2735 2399 gloriam
2769 2332 3030 2404 accipere
3061 2332 3401 2388 distributis
3432 2333 3727 2389 veteribus
3757 2334 3841 2389 di-

2183 2418 2361 2486 vitiis,
2384 2418 2445 2473 in
2478 2419 2755 2489 fame,siti
2787 2424 2844 2476 et
2876 2421 3305 2493 nuditate,cum
3334 2421 3512 2476 Paulo
3544 2423 3843 2479 decertent

2184 2506 2404 2561 bonum
2437 2512 2730 2563 certamen
2762 2509 2825 2562 ⁵⁷.
2860 2509 2971 2581 (99)
3022 2509 3170 2565 Nam
3212 2510 3262 2565 si
3296 2511 3367 2565 ad
3402 2510 3835 2583 perfectionem,

2183 2596 2579 2652 necessariam
2610 2602 2941 2669 reputasset
2968 2600 3094 2670 ipse
3125 2600 3434 2671 Apostolus
3465 2604 3723 2656 veterum
3756 2600 3841 2656 di-

2184 2684 2458 2740 vitiarum
2494 2688 2951 2761 possessionem,
2984 2690 3236 2760 priorem
3279 2707 3449 2746 suam
3490 2690 3835 2763 dignitatem

2185 2773 2428 2829 minime
2459 2774 2821 2845 despexisset
2852 2792 2866 2832 :
2908 2793 2971 2833 se
3000 2779 3216 2850 quippe
3247 2778 3536 2835 illustrem
3568 2783 3625 2835 et
3653 2779 3837 2835 civem

2184 2863 2367 2919 fuisse
2397 2863 2725 2919 Romanum
2757 2868 3007 2923 testatur
3026 2867 3114 2921 57".
3136 2867 3243 2932 Qui
3277 2873 3474 2922 autem
3498 2868 3834 2940 Hierosoly-

2183 2968 2290 3007 maa
2322 2953 2530 3008 domos
2557 2953 2888 3009 vendebant
2935 2957 2992 3010 et
3035 2955 3253 3026 praedia
3305 2972 3432 3021 sua,
3466 2962 3522 3011 et
3552 2958 3623 3012 ad
3658 2959 3835 3028 pedes

2182 3041 2584 3114 apostolorum
2616 3043 2987 3114 deponebant
3016 3045 3080 3115 ⁵⁸,
3106 3061 3481 3117 nequaquam
3514 3045 3659 3101 illud
3690 3047 3841 3118 egis-

2180 3136 2331 3201 sent,
2374 3133 2424 3188 si
2455 3136 2720 3199 nossent,
2768 3133 3062 3189 mstimare
3115 3133 3411 3205 apostolos
3450 3133 3679 3191 felicius
3711 3151 3840 3192 esse

2182 3222 2446 3295 pecuniis
2478 3223 2604 3279 suis
2635 3222 2734 3290 ali,
2759 3240 2937 3295 quam
2969 3223 3169 3279 labore
3199 3223 3435 3296 proprio
3465 3228 3524 3279 et
3550 3241 3837 3282 manuum

2182 3320 2375 3383 opere.
2411 3312 2720 3384 Liquidius
2764 3318 2964 3368 autem
3011 3330 3138 3368 eam
3172 3329 3295 3368 rem
3328 3314 3496 3369 docet
3524 3314 3839 3386 Apostolus

2178 3401 2238 3456 in
2271 3419 2381 3457 sua
2411 3403 2483 3457 ad
2518 3402 2812 3458 Romanos
2839 3402 3097 3473 Epistola
3129 3418 3142 3457 :
3178 3425 3206 3452 «
3240 3402 3406 3459 Nunc
3437 3407 3633 3459 autem
3667 3407 3838 3474 profl-

2178 3491 2366 3547 ciscar
2395 3492 2454 3546 in
2484 3491 2836 3557 Jerusalem,
2872 3491 3210 3547 ministrare
3257 3492 3497 3548 sanctis.
3548 3494 3834 3551 Probave-

2179 3586 2317 3637 runt
2346 3582 2501 3637 enim
2542 3582 2879 3637 Macedonia
2923 3584 2979 3637 et
3032 3581 3270 3649 Achaia,
3303 3581 3676 3639 collationem
3722 3583 3832 3639 ali-

2177 3687 2355 3742 quam
2392 3672 2579 3726 facere
2609 3672 2666 3727 in
2710 3687 2995 3743 pauperes
3045 3679 3403 3740 sanctorum,
3439 3673 3537 3743 qui
3586 3676 3724 3728 sunt
3771 3674 3829 3729 in

2174 3759 2504 3815 Jerusalem
2536 3761 2599 3813 5".
2636 3782 2662 3810 ››
2698 3761 2827 3832 Ipse
2857 3767 3052 3816 autem
3094 3762 3327 3818 vinctus
3378 3761 3725 3834 plerumque
3777 3770 3835 3819 et

2176 3848 2234 3905 in
2269 3849 2977 3923 carceribus,itinerisque
3008 3850 3398 3907 incommodis
3425 3853 3722 3919 subditus,
3745 3858 3833 3908 at-

2176 3955 2289 4010 que
2318 3955 2384 3994 eo
2415 3938 2856 4011 impeditus,ne,
2884 3940 2966 3994 uti
3000 3940 3246 4009 solebat,
3272 3941 3525 4014 propriis
3556 3941 3833 3999 manibus

2175 4029 2505 4084 necessaria
2551 4027 2662 4084 sibi
2692 4035 2945 4099 pararet,
2979 4045 3048 4085 ea
3090 4046 3153 4085 se
3199 4030 3494 4101 accepisse
3536 4032 3705 4087 docet
3757 4033 3831 4087 ab

2172 4117 2246 4172 iis
2276 4119 2376 4188 qui
2404 4133 2435 4172 e
2457 4117 2799 4173 Macedonia
2827 4123 2996 4173 erant
3026 4118 3562 4191 fratribus,quique
3592 4137 3657 4176 se
3687 4137 3826 4177 con-

2172 4212 2474 4274 venerant,
2504 4206 2668 4262 aiens
2701 4224 2715 4262 :
2746 4229 2773 4256 «
2804 4206 2950 4262 Nam
2984 4209 3138 4278 quod
3182 4208 3327 4265 mihi
3356 4209 3556 4264 deerat
3586 4210 3830 4282 supple-

2172 4299 2382 4351 verunt
2415 4295 2624 4349 fratres
2656 4293 2757 4365 qui
2786 4298 3072 4349 venerunt
3104 4311 3138 4348 a
3168 4293 3508 4350 Macedonia
3562 4296 3627 4349 ⁵ο.
3681 4317 3709 4347 ››
3760 4299 3829 4353 Et

2170 4386 2240 4440 ad
2267 4383 2668 4456 Philippenses
2694 4399 2706 4437 :
2733 4405 2760 4432 «
2785 4383 2948 4448 Quod
2971 4382 3032 4437 in
3056 4381 3343 4455 principio
3365 4385 3661 4455 Evangelii
3684 4402 3821 4441 cum

2170 4473 2333 4530 nulla
2362 4472 2622 4529 Ecclesia
2650 4471 3081 4528 communicavi
3110 4471 3169 4527 in
3201 4472 3426 4528 ratione
3456 4472 3576 4527 dati
3607 4478 3709 4530 aut
3737 4492 3829 4531 ac-

2169 4564 2344 4637 cepti,
2379 4563 2492 4619 nisi
2524 4564 2828 4619 vobiscum
2865 4561 3008 4618 solis
3055 4579 3067 4617 :
3104 4562 3244 4634 quia
3290 4567 3348 4618 et
3394 4562 3825 4620 Thessalonica

399 4655 595 4716 ταύτας
649 4652 927 4731 εἰληφέναι
982 4652 1219 4710 διδάσκει
1277 4655 1423 4729 παρὰ
1469 4660 1574 4710 τῶν
1628 4652 1904 4734 ἀδελφῶν,
1950 4659 2056 4711 τῶν

2181 4652 2349 4712 semel
2382 4658 2440 4709 et
2468 4652 2561 4708 bis
2592 4653 2651 4707 in
2681 4668 2856 4708 usum
2892 4651 3037 4707 mihi
3071 4651 3268 4707 fuistis
3298 4652 3364 4707 ⁶¹.
3398 4672 3423 4703 ι»
3459 4651 3591 4708 Sint
3628 4653 3825 4725 itaque

401 4742 506 4798 ἀπὸ
540 4740 872 4806 Μακεδονίας
918 4745 1053 4820 πρὸς
1103 4744 1263 4798 αὐτὸν
1315 4742 1585 4800 ἐλθόντων
1637 4743 1875 4819 φάσκων’
1925 4770 1943 4796 ι
1980 4746 2058 4803 Τὸ

398 4832 497 4908 γὰρ
532 4833 814 4909 ὑστέρημά
848 4854 953 4906 μου
980 4831 1376 4908 ἀνεπλήρωσαν
1425 4835 1476 4888 οἱ
1525 4831 1754 4911 ἀδελφοὶ
1806 4834 2056 4899 ἐλθόντες

400 4922 506 4976 ἀπὸ
538 4919 896 4984 Μακεδονίας·
936 4947 956 4973 ι
995 4922 1080 4976 καὶ
1134 4921 1558 4992 Φιλιππησίοις*
1594 4946 1622 4975 ‹‹
1654 4925 1776 4979 ’Ότι
1819 4922 1870 4977 ἐν
1908 4924 2055 4999 ἀρχῇ

400 5016 497 5065 τοῦ
528 5011 860 5088 Εὐαγγελίου
891 5010 1199 5083 ἐξελθόντος
1233 5033 1337 5084 μου
1388 5012 1493 5067 ἀπὸ
1536 5009 1871 5074 Μακεδονίας
1904 5011 2057 5069 οὐδε-

406 5101 527 5175 μίαν
560 5103 884 5174 Ἐκκλησίαν
936 5103 1291 5173 ἐκοινώνησεν
1328 5103 1404 5165 εἰς
1458 5102 1618 5180 λόγον
1655 5101 1856 5166 δόσεως
1883 5104 1918 5172 ἢ
1951 5102 2054 5175 λή-

400 5196 566 5264 ψεως,
602 5192 646 5247 εί
682 5193 758 5265 μὴ
805 5194 961 5266 ὑμεῖς
1016 5192 1195 5265 μόνοι·
1228 5191 1310 5248 ὅτι
1342 5193 1431 5248 καὶ
1464 5192 1514 5249 ἐν
1571 5192 1935 5268 Θεσσαλονίκῃ
1967 5194 2057 5249 καὶ

403 5282 536 5353 ἅπαξ
585 5282 673 5338 καὶ
721 5279 802 5345 δὶς
851 5281 1127 5356 ἐπέμψατέ
1178 5305 1273 5356 μοι
1314 5285 1413 5352 τὴν
1466 5283 1679 5359 χρείαν.
1715 5289 2053 5339 »Ἔστωσαν

476 5454 521 5488 ⁵⁵
552 5456 682 5510 Act.
714 5470 808 5517 xx,
835 5453 924 5510 35.
1030 5454 1074 5489 ⁵⁵
1103 5454 1309 5510 Matth.
1342 5472 1460 5523 ιιι,
1489 5455 1579 5511 21.

400 5541 492 5591 xv,
518 5526 610 5594 25,
685 5525 730 5561 ⁸ο
762 5526 809 5581 ΙΙ
838 5528 964 5580 Cor.
997 5543 1077 5593 χι,
1107 5527 1161 5581 9.
1238 5528 1280 5563 δι
1316 5526 1569 5600 Philipp.
1601 5543 1679 5597 xv,
1702 5528 1789 5583 15.

478 5676 589 5822 ἓξὲξ
618 5676 769 5809 illi:
798 5692 853 5805 ἓξ
879 5678 976 5807 i671

1682 5455 1726 5491 ιτ
1757 5456 1809 5511 II
1855 5456 2008 5512 Tim.
2058 5473 2136 5526 ιν,
2164 5455 2220 5510 7.

2169 4744 2349 4811 avari,
2382 4744 2547 4813 juxta
2577 4758 2748 4798 suam
2778 4742 3154 4809 sententiam,
3186 4741 3464 4814 Apostolo
3496 4741 3822 4800 beatiores:

2168 4832 2645 4906 quandoquidem
2668 4831 2816 4904 ipsis
2836 4848 2905 4887 ex
2922 4832 3157 4902 propria
3178 4831 3535 4903 substantia,
3559 4850 3686 4904 quae
3711 4833 3823 4890 sibi

2170 4924 2503 4981 necessaria
2543 4926 2703 4991 sunt,
2734 4920 3209 4993 suppeditantur.
3263 4922 3375 4978 Sed
3414 4939 3584 4978 nemo
3615 4922 3729 4978 nisi
3762 4923 3818 4977 in

2169 5020 2489 5071 extremam
2525 5011 2807 5068 deciderit
2855 5011 3173 5066 amentiam
3229 5012 3286 5066 id
3335 5020 3594 5083 prolerre
3640 5028 3821 5069 ausus

2170 5103 2364 5160 fuerit.
2396 5102 2473 5175 (1)
2506 5101 2566 5157 Si
2597 5099 2872 5156 volumus
2900 5099 3099 5172 itaque
3138 5099 3537 5171 evangelicum
3577 5104 3634 5156 et
3679 5117 3821 5172 apo-

2167 5193 2440 5250 stolicum
2473 5191 2639 5264 sequi
2671 5193 3048 5262 praeceptum,
3071 5193 3245 5260 atque
3278 5188 3610 5245 universam
3642 5206 3824 5261 supra

2167 5281 2465 5357 apostolos
2483 5281 2556 5337 ab
2590 5279 2761 5335 initio
2803 5278 3108 5333 fundatam
3130 5276 3480 5345 Ecclesiam;
3505 5293 3577 5334 ne
3598 5277 3819 5350 opinio-

2978 5446 3174 5501 “Act.
3234 5462 3311 5514 1v,
3358 5447 3448 5503 35.
3549 5448 3594 5483 ⁵ο
3650 5448 3817 5505 Rom.

2324 5454 2393 5489 "*
2435 5453 2560 5508 Act.
2619 5466 2755 5519 XXII,
2786 5449 2876 5505 25.

2238 5678 2316 5749 (1)
2346 5675 2494 5734 Ibid.
2528 5691 2579 5733 ο.
2614 5675 2700 5733 18.
