4148 6376
380 371 500 459 ass

1535 397 1918 460 EPISTULA
1965 398 2020 459 II
2063 396 2169 456 AD
2212 394 2658 456 CASTOBEM.

3687 397 3807 460 890

383 529 642 609 φρόνιμοι
717 532 832 590 τοῖς
909 529 1216 606 ἀνθρώποις
1298 527 1652 602 νομιζόμεθα’
1733 526 2033 604 γέγραπται

2148 531 2233 583 tes
2254 526 2542 598 disperdit
2566 543 2617 581 ε»
2641 542 2830 599 neque
2844 526 3090 598 justitiaa
3111 525 3511 599 gubernacula
3529 526 3798 602 vigilanti

384 620 508 695 γὰρ.
543 617 624 673 ὅτι
659 644 678 668 a
735 620 908 694 Ὀργή
966 619 1056 673 καὶ
1111 617 1412 696 φρονίμους
1461 616 1784 672 ἀπόλλυσιν·
1841 641 1868 669 ›)
1917 616 2040 671 οὕτε

381 711 476 770 τὰς
539 706 889 777 δικαιοσύνης
949 704 1298 784 κυϐερνήσεις
1365 707 1606 785 νηφαλίᾳ
1676 706 1868 782 καρδίᾳ
1943 705 2037 760 ἐπ-

387 797 532 875 έχειν
573 798 859 874 ἷσχόομεν.
921 799 1215 874 γέγραπται
1262 799 1387 873 γὰρ,
1439 796 1520 852 ὅτι
1578 820 1599 849 ι
1637 795 1861 870 Ἀνδρος
1898 794 2037 870 ὀργὴ

389 885 734 958 δικαιοσύνην
795 891 928 942 Θεοῦ
986 886 1047 941 οὐ
1105 887 1503 962 κατεργάζεταιο
1564 909 1591 938 ››
1651 883 1772 940 οὔτε
1830 883 1887 939 δὲ
1937 886 2037 954 τὴν

387 977 782 1049 ἐπαινουμένην
847 977 993 1051 παρὰ
1036 975 1248 1030 πάντων
1295 974 1635 1048 κοσμιότητα
1697 975 1787 1028 καὶ
1837 973 2038 1049 εὐσχη-

391 1067 633 1140 μοσύνην
709 1067 1005 1136 κτήσασθαι
1084 1063 1375 1138 δυνάμεθα·
1457 1062 1643 1133 ἐπειδὴ
1719 1065 2034 1140 γέγραπται·

385 1180 413 1207 ‹‹
449 1156 616 1230 Ἀνὴρ
649 1151 913 1227 θυμώδης
945 1153 1043 1208 οὐκ
1073 1154 1395 1230 εὐσχήμων.
1431 1180 1458 1206 ››
1499 1156 1554 1205 Ὁ
1606 1153 1786 1208 τοίνυν
1841 1152 2038 1228 βουλό-

392 1266 554 1318 μονος
622 1244 758 1320 πρὸς
841 1242 1119 1299 τελείωσιν
1199 1243 1398 1316 ἐλθεῖν,
1467 1243 1556 1297 καὶ
1616 1242 1894 1316 ἐπιθυμῶν
1948 1243 2038 1296 τὸν

385 1334 748 1405 πνευματικὸν
826 1333 1006 1409 ἀγῶνα
1089 1332 1345 1406 νομίμως
1431 1331 1848 1408 ἀγωνίσασθαι,
1935 1331 2039 1386 ἀπὸ

387 1423 586 1483 παντὸς
628 1419 1010 1495 ἐλαττώματος
1072 1421 1241 1498 ὀργῆς
1301 1443 1359 1477 τε
1416 1422 1504 1476 καὶ
1540 1427 1714 1494 θυμοῦ
1745 1420 2040 1496 ἀλλότριος

389 1509 550 1581 ἔστω,
610 1511 698 1564 καὶ
758 1510 998 1566 ἀκουέτω
1045 1511 1098 1566 τί
1155 1510 1284 1566 αὒτὸ
1333 1513 1390 1566 τὸ
1440 1516 1626 1573 σκεῦος
1675 1519 1773 1581 τῆς
1804 1509 2040 1585 ἐκλογῆς

1084 1063 1375 1138 δυνάμεθα·

388 1601 763 1678 παραγγέλλει
810 1601 1009 1678 λέγων·
1063 1629 1088 1654 ι(
1145 1609 1290 1659 Πᾶσα
1339 1603 1547 1678 πικρία,
1603 1604 1692 1658 καὶ
1745 1603 1904 1679 ὀργὴ,
1949 1601 2039 1656 καὶ

389 1692 582 1764 θυμὸς,
659 1692 748 1746 καὶ
823 1694 1058 1768 κραυγὴ,
1129 1693 1215 1748 καὶ
1293 1691 1618 1772 βλασφημία
1676 1694 1897 1769 ἀρθήτω
1953 1691 2041 1769 ἀφ’

387 1783 548 1855 ἡμῶν
607 1780 698 1834 σὺν
753 1782 896 1855 πάσῃ
943 1781 1121 1853 κακίᾳ.
1185 1806 1211 1833 ››
1262 1785 1429 1839 ⁸Ὀταν
1473 1781 1529 1837 δὲ
1553 1781 1676 1856 εἷ’πῃ
1704 1788 1898 1855 πᾶσαν,
1954 1781 2041 1835 οὐ·

388 1869 574 1968 δεμίαν
627 1869 894 1968 πρόφασιν
947 1869 1122 1968 Θυμοῦ
1171 1872 1244 1934 ὡς
1294 1871 1588 1968 αναγκα-ίαν
1687 1874 1760 1968 ως
1813 1870 2040 1968 εὔλογον
2074 1902 2121 1968 Β

387 1963 520 2034 ἡμῖν
595 1958 1012 2017 καταλέλοιπεν.
1090 1963 1146 2015 Ὀ
1219 1960 1399 2016 τοίνυν
1454 1961 1897 2035 πλημμελοῦντα
1952 1962 2040 2014 τὸν

389 2047 620 2128 ἀδελφὸν
677 2049 1014 2125 βουλόμενος
1065 2048 1463 2127 διορθώσασθαι
1595 2051 1867 2125 ἐπιτιμίαν
1900 2071 2042 2126 παρ-

389 2141 557 2216 έχειν,
590 2137 938 2210 σπουδαζέτω
973 2141 1158 2196 ἑαυτὸν
1193 2140 1465 2218 ἀτάραχον
1497 2140 1806 2219 φυλάττειν,
1844 2145 1918 2214 μή
1943 2162 2041 2195 πο-

384 2229 638 2297 τε,ἅλλον
674 2234 993 2304 θεραπεῦσαι
1027 2226 1386 2305 βουλόμενος,
1420 2233 1592 2303 ἑαυτῷ
1622 2233 1720 2301 τὴν
1745 2232 1901 2286 νόσον
1925 2231 2040 2284 ἐπι-

389 2319 681 2392 σπάσηται,
713 2319 801 2375 καὶ
834 2319 1127 2396 ῥηθήσεται
1160 2321 1304 2394 αὐτῷ
1333 2323 1395 2376 τὸ
1446 2321 1792 2396 εὐαγγελικὸν
1845 2320 2038 2375 ἐκεῖνα

388 2431 417 2460 (ι
466 2409 655 2480 Ἰατρὲ,
718 2409 1043 2483 θεράπευσον
1101 2409 1343 2464 σεαυτόνο
1404 2431 1430 2463 η
1491 2410 1581 2463 καὶ
1639 2409 1826 2465 πάλινσ
1887 2435 1912 2460 (ι
1975 2409 2040 2466 Τί

393 2495 614 2571 βλέπεις
643 2495 705 2550 τὸ
735 2495 945 2574 κάρφος
979 2497 1029 2552 ἐν
1062 2503 1142 2570 τῷ
1175 2497 1444 2576 ὀφθαλμῷ
1487 2503 1584 2554 τοῦ
1636 2497 1874 2575 ἀδελφοῦ
1923 2520 2038 2571 σου,

387 2586 486 2653 τὴν
548 2583 604 2639 δὲ
646 2583 802 2640 δοκὸν
833 2587 933 2654 τὴν
982 2585 1033 2642 ἐν
1062 2591 1141 2658 τῷ
1173 2592 1250 2659 σῷ
1287 2587 1557 2665 ὀφθαλμῷ
1603 2588 1664 2643 οὐ
1712 2592 1990 2650 κατανοεῖς
2025 2607 2039 2657 ;

389 2674 424 2742 ἣ
463 2673 605 2746 ποίῳ
647 2674 834 2748 τρόπῳ
884 2674 1022 2751 ἐρεῖς
1071 2680 1150 2748 τῷ
1198 2673 1419 2754 ἀδελφῷ
1448 2696 1563 2731 σου·
1624 2678 1790 2755 ’Δφες
1824 2672 2040 2732 ἐκϐάλω

387 2763 452 2817 τὸ
483 2763 689 2842 κάρφος
717 2765 776 2819 ἐκ
804 2769 898 2819 τοῦ
939 2764 1226 2842 ὀφθαλμοῦ
1265 2788 1382 2836 σου,
1435 2765 1578 2828 ὅστις
1623 2767 1720 2834 την
1777 2764 1934 2821 δοκὸν
1988 2766 2040 2821 ἐν

387 2857 467 2906 τῶ
543 2850 665 2924 ἰδίῳ
729 2851 1001 2931 ὀφθαλμῷ
1068 2852 1238 2929 ἔχεις,
1305 2854 1773 2911 ἐπικαλύπτουσαν
1843 2850 2039 2928 αὐτὸνς

391 2941 476 3011 Ἐξ
526 2938 641 3003 οἷάς
691 2943 793 3018 γὰρ
847 2940 1052 3013 δήποτε
1099 2943 1273 3006 αἶτίας
1333 2947 1367 3014 ἡ
1416 2952 1516 3014 τῆς
1578 2946 1748 3020 ὀργῆς
1808 2946 2040 3017 κίνησις,

394 3029 744 3104 ὑπερζέσασα,
795 3030 997 3110 τυφλοῖ
1041 3031 1166 3094 τοὺς
1220 3032 1540 3110 ὀφθαλμοὺς
1569 3041 1669 3104 τῆς
1710 3038 1918 3110 ψυχῆς,
1950 3035 2039 3090 καὶ

391 3120 491 3174 οὐκ
541 3119 601 3190 ἐᾷ
657 3119 814 3174 αὐτὸν
866 3120 1147 3185 θεάσασθαι
1201 3122 1293 3176 τὸν
1325 3120 1487 3191 ἥλιον
1540 3130 1636 3192 τῆς
1669 3121 2038 3195 δικαιοσύνης.

389 3212 593 3282 ’Ὠσπερ
626 3210 728 3284 γὰρ
763 3211 791 3265 ὁ
823 3209 1024 3274 ἐπιθεὶς
1053 3216 1172 3273 τοῖς
1223 3210 1534 3290 ὀφθαλμοῖς
1581 3219 1762 3289 χρυσᾶ
1795 3212 2042 3286 μέταλλα

390 3301 424 3369 ἣ
458 3294 750 3373 μολίϐδινα
779 3299 968 3370 ἐπίσης
1029 3277 1278 3356 ἐκώλυσε,
1323 3303 1420 3370 τήν
1477 3277 1734 3374 ὀρατῖικὴν
1787 3300 2038 3377 δύναμιν,
2071 3277 2114 3344 C

389 3389 479 3444 καὶ
539 3386 795 3463 οὐδαμῶς
853 3387 1112 3468 διαφορὰν
1173 3390 1395 3460 ἐποίησε
1449 3398 1548 3461 τῆς
1605 3391 1972 3468 τυφλότητος,
2005 3396 2039 3463 ἡ

389 3482 486 3534 τοῦ
536 3479 744 3555 χρυσοῦ
799 3479 1075 3552 μετάλλου
1122 3479 1400 3553 τιμιότης’
1451 3479 1623 3543 οὕτως
1667 3481 1718 3552 ἐξ
1767 3480 1884 3545 θ’ίας
1942 3481 2041 3554 δή·-

389 3589 522 3624 ποτε
552 3568 726 3631 αἰτίας
771 3571 806 3639 ἡ
855 3576 956 3638 τῆς
1007 3569 1174 3646 ὀργῆς
1222 3568 1433 3640 κίνησις
1473 3569 1751 3648 ἐξαφθεῖσα
1779 3573 1878 3641 τήν
1913 3573 2038 3649 ὁρα-

385 3659 543 3727 τικὴν
579 3654 806 3732 δύναμιν
835 3665 934 3728 τῆς
964 3661 1152 3734 ψυχῆς
1196 3658 1451 3728 σκοτίζει.
1500 3659 1631 3715 Τόσε
1683 3663 1848 3735 μόνον
1907 3662 2042 3718 κατὰ

392 3748 546 3825 φύσιν
598 3749 920 3824 κεχρήμεθα
977 3751 1056 3820 τῷ
1115 3747 1293 3821 θυμῷ,
1346 3747 1469 3803 ὅταν
1522 3751 1655 3823 πρὸς
1704 3750 1831 3813 τοὺς
1865 3750 2040 3825 ἐμπα-

394 3840 502 3898 θεῖς
558 3837 646 3892 καὶ
705 3834 1036 3916 φιληδόνους
1095 3835 1402 3912 λογισμοὺς
1458 3843 1648 3894 τοῦτον
1703 3841 2038 3914 κινήσωμεν.

392 3926 548 3984 Οὕτω
603 3926 704 4003 γὰρ
754 3929 902 3999 ἡμᾶς
953 3926 1044 3982 καὶ
1092 3926 1120 3979 ὁ
1181 3929 1468 4004 προφήτης
1519 3928 1680 3983 Δαυῒδ
1739 3926 2037 3985 ἐκδιδάσκει

394 4016 625 4093 φάσκων·
687 4040 706 4065 ι
763 4015 1096 4092 Ὀργίζεσθε,
1147 4016 1236 4069 καὶ
1289 4017 1364 4088 μή
1418 4015 1769 4092 ἁμαρτάνετε’
1823 4039 2038 4072 »τουτ-

390 4103 521 4175 έστι,
571 4107 708 4162 κατὰ
752 4109 860 4160 τῶν
912 4102 1062 4160 ἰδίων
1111 4106 1295 4158 παθῶν
1343 4105 1442 4173 τὴν
1475 4105 1645 4180 ὀργὴν
1678 4111 1896 4176 κινεῖτε,
1947 4109 2035 4162 καὶ

383 4197 642 4252 κατάτῶν
676 4198 932 4270 πονηρῶδ
987 4191 1292 4270 λογισμῶν,
1325 4193 1414 4248 καὶ
1460 4195 1536 4268 μή
1589 4191 1677 4249 διὰ
1723 4199 1819 4249 τοῦ
1866 4198 2036 4273 πράτο

378 4306 487 4341 τειν
542 4286 608 4340 τὰ
683 4279 1110 4357 ὑποϐαλλόμενα
1161 4283 1248 4338 ὑπ’
1308 4282 1483 4338 αὐτῶν
1533 4283 1884 4361 ἁμαρτάνετεσ
1943 4286 2032 4341 καὶ

379 4374 579 4446 ιαύτην
638 4377 820 4451 σαφῶς
879 4374 976 4442 τὴν
1040 4371 1242 4427 ἔννοιαν
1299 4369 1464 4442 δηλοῖ
1531 4375 1592 4428 τὸ
1671 4373 2030 4450 ἐπαγόμενον·

379 4488 409 4515 ‹‹
459 4465 528 4520 ’Ὰ
608 4461 813 4539 λέγετε,
875 4461 1060 4540 φησὶν,
1121 4460 1172 4517 ἐν
1231 4467 1349 4524 ταῖς
1405 4459 1652 4538 καρδίαις
1710 4464 1887 4536 ὑμῶν,
1944 4464 2032 4519 ἐπὶ

376 4558 497 4615 ταῖς
545 4552 754 4614 κοίταις
835 4552 984 4624 ὑμῶν
1046 4549 1399 4627 κατανύγητε·
1458 4575 1485 4604 ››
1544 4553 1842 4626 τουτέστιν,
1904 4551 2026 4609 ὅταν

2149 618 2321 673 corde
2369 615 2618 671 retinere
2664 615 2950 684 valemus,
2984 634 3116 672 cum
3173 617 3458 688 scriptum
3491 617 3568 672 sit
3603 636 3614 673 :
3649 642 3676 668 ‹‹
3711 623 3802 674 Ira

2147 707 2256 763 viri
2288 706 2573 777 justitiam
2609 706 2708 761 Dei
2746 723 2858 760 non
2882 708 3214 778 operatur“
3240 724 3285 762 :n
3314 723 3502 779 neque
3533 708 3798 763 omnium

2150 813 2247 853 ore
2279 795 2627 852 celebratam
2671 797 3018 852 modestiam
3053 797 3497 870 decentiamque
3540 797 3802 853 obtinere

2148 902 2489 957 possumus,
2516 884 2992 958 quandoquidem
3027 885 3309 958 scriptum
3345 891 3434 942 est
3462 904 3474 942 :
3504 907 3530 938 ιι
3559 887 3661 940 Vir
3693 887 3804 942 ira-

2149 975 2378 1030 cundus
2404 976 2706 1030 modestus
2729 992 2843 1030 non
2869 976 3152 1046 est°7.n(5)
3169 965 3280 1040 ‘Qui
3308 975 3557 1031 voluerit
3577 993 3712 1048 ergo
3735 976 3807 1030 ad

2153 1064 2566 1135 perfectionem
2597 1064 3010 1136 attingere,qui
3035 1069 3266 1136 exoptat
3297 1065 3604 1137 spirituale
3627 1070 3810 1120 certa-

2150 1169 2282 1208 men
2328 1154 2588 1226 legitime
2620 1153 2801 1221 obire,
2835 1155 2908 1208 ab
2941 1154 3098 1210 omni
3151 1153 3360 1209 delicto
3393 1155 3490 1208 irae
3524 1154 3808 1210 furorisve

2151 1242 2377 1299 alienus
2411 1244 2506 1311 sit,
2535 1243 2855 1315 audiatque
2887 1244 3026 1316 quid
3061 1243 3362 1317 praecipiat
3391 1260 3490 1299 vas
3520 1243 3663 1298 illud
3697 1244 3806 1298 ele-

2149 1332 2356 1388 ctionis
2391 1351 2442 1386 :«
2475 1332 2678 1388 Omnis
2720 1332 3046 1388 amaritudo
3080 1337 3136 1387 et
3165 1333 3251 1387 ira
3282 1337 3338 1389 et
3368 1332 3714 1405 indignatio,
3749 1338 3808 1389 et

2149 1421 2370 1478 clamor
2408 1426 2464 1477 et
2512 1422 2881 1494 blasphemia
2911 1422 3154 1478 tollatur
3182 1440 3213 1477 a
3243 1423 3409 1478 vobis
3458 1439 3592 1478 cum
3641 1424 3802 1478 omni

2151 1511 2378 1567 malitia
2401 1512 2500 1566 η.»
2525 1511 2668 1566 Cum
2713 1511 2794 1566 ait
2823 1516 3018 1567 autem
3045 1535 3072 1563 «
3104 1528 3364 1578 omnem,
3389 1534 3417 1562 ι)
3445 1511 3668 1568 nullam
3699 1529 3808 1567 no-

2151 1601 2242 1656 bis
2289 1601 2711 1673 indignationis
2761 1601 3149 1663 occasionem.
3179 1601 3268 1656 vel
3319 1603 3490 1673 quasi
3538 1619 3810 1658 necessa-

2151 1690 2323 1761 riam,
2354 1689 2440 1744 vel
2475 1690 2642 1762 quasi
2688 1696 3141 1746 consentaneam
3175 1690 3433 1763 reliquit.
3469 1692 3575 1755 Qui
3629 1692 3812 1764 igitur

2153 1783 2440 1834 errantem
2476 1779 2714 1835 fratrem
2767 1779 3056 1852 corripere
3090 1783 3190 1836 aut
3221 1780 3666 1853 castigationem
3697 1780 3809 1853 ipsi

2152 1867 2364 1923 inferre
2392 1868 2662 1937 voluerit,
2695 1870 2929 1925 studeat
2976 1886 3103 1926 sese
3134 1870 3549 1926 commotionis
3579 1875 3807 1943 pertur-

2152 1957 2527 2030 bationisque
2583 1963 2877 2030 expertem
2936 1959 3254 2030 custodire,
3300 1976 3393 2024 ne,
3427 1960 3568 2015 dum
3622 1959 3803 2015 alium

2151 2046 2277 2102 vult
2315 2064 2540 2114 curare,
2575 2049 2847 2104 morbum
2897 2049 3008 2104 sibi
3060 2048 3271 2115 trahat,
3306 2067 3446 2105 neve
3495 2051 3725 2107 dicatur
3755 2051 3807 2107 ei

2152 2137 2566 2209 Evangelicum
2597 2137 2741 2192 illud
2781 2155 2829 2193 εκ
2857 2138 3094 2202 Medice,
3121 2155 3261 2194 cura
3289 2140 3542 2212 teipsum
3568 2142 3648 2194 ‘9:
3681 2161 3708 2191 »
3743 2157 3807 2196 ac

2153 2243 2429 2283 rursum:
2461 2249 2487 2279 «
2510 2229 2658 2295 Quid
2689 2232 2750 2282 tu
2785 2228 2946 2283 vides
2989 2229 3269 2284 festucam
3303 2227 3362 2285 in
3411 2229 3578 2285 oculo
3614 2231 3809 2286 fratris

2150 2317 2261 2387 tui,
2293 2317 2517 2372 trabem
2550 2322 2743 2372 autem
2778 2317 2838 2373 in
2871 2317 3038 2374 oculo
3077 2323 3179 2374 tuo
3210 2335 3324 2374 non
3358 2319 3682 2390 intelligis?
3710 2323 3813 2375 aut

2153 2407 2446 2478 quomodo
2479 2407 2637 2462 dices
2668 2408 2836 2482 fratri
2876 2411 2977 2463 tuo
3013 2425 3025 2463 ;
3058 2408 3215 2480 Sine,
3246 2409 3474 2480 ejiciam
3525 2409 3808 2465 festucam

2151 2513 2220 2551 ex
2248 2495 2418 2550 oculo
2470 2499 2591 2560 tuo,
2623 2497 2721 2568 qui
2775 2497 2997 2552 trabem
3042 2497 3100 2551 in
3144 2498 3376 2570 proprio
3406 2499 3575 2553 oculo
3622 2497 3807 2555 habes

2152 2585 2507 2657 operientem
2541 2585 2710 2642 illum
2734 2585 2817 2641 7°?
2842 2611 2867 2635 ››
2901 2587 3167 2652 Qualibet
3207 2587 3364 2642 enim
3397 2588 3468 2644 de
3498 2604 3674 2644 causa
3707 2589 3804 2643 iraa

2155 2679 2350 2732 motus
2391 2677 2746 2748 effervescat,
2802 2677 3018 2732 mentis
3066 2677 3263 2733 oculos
3314 2685 3578 2749 excaecat,
3617 2694 3804 2751 neque

2153 2765 2296 2820 sinit
2313 2765 2610 2820 hominem
2636 2766 2924 2838 respicere
2943 2766 3134 2822 Solem
3153 2767 3504 2841 justitiaa.(6)
3523 2768 3810 2834 Quemad-

2153 2855 2392 2910 modum
2419 2856 2573 2910 enim
2609 2856 2708 2927 qui
2741 2855 2925 2910 oculis
2956 2855 3208 2927 imponit
3237 2873 3416 2912 aurea
3446 2862 3500 2912 et
3530 2857 3808 2929 plumbea

2153 2942 2412 3012 metalla,
2437 2961 2598 3015 mque
2641 2943 2887 3015 impedit
2917 2944 3150 2999 videndi
3187 2944 3546 3010 facultatem,
3570 2961 3676 3001 nec
3706 2964 3809 3001 au-

2153 3032 2235 3088 rei
2267 3031 2486 3087 metalli
2513 3031 2764 3104 pretium
2795 3032 3052 3104 aliquam
3078 3033 3217 3088 facit
3246 3033 3523 3089 caecitatis
3545 3035 3834 3090 diﬂ‘eren-‘

2151 3123 2325 3192 tiam;
2358 3122 2439 3178 ita
2468 3138 2536 3177 ex
2567 3122 2826 3194 qualibet
2847 3139 3023 3178 causa
3055 3122 3153 3178 ira:
3186 3123 3498 3180 commotio
3531 3125 3814 3179 accenda-

2150 3217 2266 3282 tur,
2291 3211 2502 3268 anima:
2531 3211 2744 3266 videnti
2780 3211 3115 3268 facultatem
3147 3212 3507 3269 obtenebrat.
3533 3214 3605 3286 (7)
3639 3213 3805 3270 Tunc

2152 3303 2344 3358 solum
2385 3304 2554 3374 juxta
2601 3305 2871 3358 naturam
2918 3301 3321 3374 indignatione
3378 3302 3622 3370 utimur,
3669 3320 3802 3358 cum

2151 3395 2435 3449 adversus
2463 3391 2704 3448 vitiosas
2752 3397 2810 3447 et
2852 3390 3215 3464 voluptarias
3260 3391 3641 3464 cogitationes
3673 3409 3799 3447 eam

2153 3499 2478 3539 movemus.
2529 3483 2591 3537 Id
2650 3481 2868 3554 quippe
2915 3498 3021 3536 nos
3071 3481 3358 3553 propheta
3404 3480 3586 3536 David
3637 3481 3806 3538 docet

2153 3587 2276 3628 cum
2311 3571 2392 3627 ait
2426 3588 2440 3627 :
2472 3594 2492 3621 ι
2528 3571 2854 3627 Irascimini
2882 3574 2938 3626 et
2974 3571 3150 3626 nolite
3180 3587 3420 3642 peccare
3440 3572 3518 3636 "’1;
3545 3593 3572 3620 ››
3604 3571 3662 3626 id
3695 3575 3802 3639 est,

2152 3662 2433 3717 adversus
2485 3661 2753 3734 proprias
2812 3661 3115 3734 passiones
3173 3661 3320 3716 iram
3373 3665 3616 3732 movete,
3667 3676 3804 3717 nec-

2151 3769 2266 3808 non
2307 3753 2591 3808 adversus
2642 3768 2850 3824 pravas
2900 3750 3304 3823 cogitationes,
3339 3766 3528 3822 neque
3576 3752 3802 3823 agendo

2150 3858 2279 3913 qua:
2322 3840 2486 3896 vobis
2535 3844 2934 3914 suggeruntur
2979 3841 3052 3895 ab
3102 3839 3238 3908 illis,
3289 3840 3584 3912 peccetis:
3621 3857 3798 3912 quam

2150 3930 2321 4000 plane
2375 3929 2917 4002 interpretationem
2970 3928 3230 3985 declarat
3279 3929 3430 4001 quod
3481 3930 3795 4002 sequitur:

2150 4043 2177 4071 ‹‹
2213 4022 2348 4088 Quae
2379 4019 2592 4091 dicitis,
2626 4019 2835 4091 inquit,
2871 4020 2931 4074 in
2979 4020 3254 4076 cordibus
3281 4020 3513 4086 vestris,
3543 4018 3600 4073 in
3634 4019 3795 4075 cubi-

2147 4109 2306 4166 libus
2336 4109 2545 4165 vestris
2577 4109 3041 4182 compungimini
3066 4111 3112 4144 ’τ’
3138 4131 3164 4159 ››
3198 4109 3256 4164 id
3287 4113 3397 4176 est,
3430 4124 3563 4164 cum
3595 4126 3797 4166 ascen-

2145 4199 2336 4255 derint
2381 4215 2568 4271 pravas
2599 4199 2982 4271 cogitationes
3035 4199 3094 4253 in
3144 4215 3242 4253 cor
3285 4203 3571 4266 vestrum,
3609 4198 3800 4270 ejicite

2143 4287 2297 4360 illas,
2321 4287 2683 4344 concitantes
2731 4288 3010 4342 adversus
3041 4303 3140 4342 eas
3170 4287 3318 4342 iram
3348 4291 3597 4343 vestram
3635 4292 3795 4360 post-

2143 4394 2320 4449 quam
2344 4393 2476 4433 vero
2499 4378 2692 4449 ejecta:
2722 4377 2956 4445 fuerint,
2979 4376 3146 4450 quasi
3180 4376 3237 4432 in
3270 4376 3415 4432 lecto
3440 4393 3541 4432 seu
3576 4377 3792 4448 quiete,

2139 4471 2266 4524 tum
2299 4465 2765 4538 compungimini
2788 4467 2859 4521 ad
2890 4465 3311 4538 pmnitentiam.
3341 4465 3442 4520 His
3467 4482 3636 4538 porro
3659 4482 3792 4522 con-

2140 4561 2311 4612 sonat
2360 4557 2565 4611 beatus
2599 4554 2834 4624 Paulus,
2857 4555 2953 4627 qui
2986 4555 3234 4626 hujusce
3265 4554 3401 4610 dicti
3450 4554 3789 4612 testimonio

376 4641 670 4698 ἀνέλθωσιν
750 4641 836 4696 ἐπὶ
903 4641 1003 4710 τήν
1064 4637 1289 4716 καρδίαν
1342 4642 1409 4709 ¹οἱ
1465 4644 1692 4718 πονηροὶ
1741 4642 2026 4720 λογισμοὶ,

2148 4650 2227 4702 est
2249 4663 2413 4709 usus,
2436 4649 2609 4716 atque
2629 4644 2772 4699 illud
2799 4644 3012 4716 adjecit
3035 4662 3082 4700 :«
3107 4643 3203 4700 Sol
3228 4661 3340 4699 non
3367 4644 3589 4700 occidat
3611 4661 3789 4718 super

377 4726 741 4792 ἐκϐάλλοντες
819 4729 1043 4790 τούτους
1105 4725 1194 4782 διὰ
1238 4730 1336 4797 τῆς
1395 4730 1530 4799 πρὸς
1580 4729 1774 4793 αὐτοὺς
1836 4731 2025 4810 ὀργῆς,

381 4822 514 4894 μετὰ
588 4821 687 4889 τὴν
764 4819 970 4874 τούτων
1050 4811 1334 4886 ἀποϐολὴν
1395 4817 1588 4873 ὡσανεὶ
1647 4819 1698 4874 ἐν
1760 4821 1910 4897 κοίτῃ
1956 4823 2026 4897 τῇ

378 4911 585 4986 ἡσυχίᾳ
668 4910 1096 4984 εὑρισκόμενοι,
1181 4907 1244 4961 τὸ
1322 4911 1617 4978 τηνικαῦτα
1695 4911 2029 4986 κατανύγητε

376 5000 511 5075 πρὸς
575 5000 879 5073 μετάνοιαν.
945 5001 1239 5075 Συμφωνεῖ
1292 4993 1350 5050 δὲ
1406 4995 1620 5060 τούτοις
1689 4999 1778 5053 καὶ
1837 5000 1864 5055 ὁ
1927 5021 2026 5074 μα-

373 5087 562 5163 κάριος
617 5085 831 5148 Παῦλος
877 5084 1230 5162 χρησάμενος
1276 5087 1344 5158 τῇ
1397 5085 1666 5160 μαρτυρίᾳ
1707 5091 1804 5141 τοῦ
1857 5087 2026 5163 ῥητοῦ

369 5178 588 5250 τούτου,
648 5177 738 5234 καὶ
797 5175 1075 5254 προσθείς·
1140 5197 1168 5225 (ι
1226 5175 1288 5232 Ὁ
1338 5172 1502 5244 ἥλιος
1538 5176 1613 5248 μὴ
1645 5173 1910 5232 ἐπιδυέτω
1937 5176 2024 5233 ἐπὶ

371 5273 448 5342 τῷ
504 5271 838 5344 παρογισμῷ
897 5266 1070 5340 ὑμῶν’
1136 5266 1212 5339 μὴ
1275 5262 1452 5320 δίδοτε
1507 5265 1672 5320 τόπον
1748 5271 1826 5340 τῷ
1903 5265 2022 5322 δια-

435 5442 481 5478 ⁶⁶
509 5441 635 5497 Jac.
661 5456 704 5508 ι,
725 5440 816 5494 20.

893 5439 936 5473 ⁸⁷
968 5437 1236 5510 Prov.x1,
1257 5437 1345 5492 25.
1423 5437 1466 5473 ⁸³
1497 5437 1707 5510 Ephes.
1733 5455 1809 5506 IV,
1839 5438 1929 5494 31.

363 5512 408 5548 ⁷⁸
440 5513 650 5586 Ephes.
684 5527 762 5578 ιν,
794 5510 886 5565 26.

961 5510 1008 5546 τι
1035 5509 1281 5566 Malach.
1315 5525 1392 5576 ιν,
1425 5511 1478 5564 2.

440 5683 513 5756 (5)
546 5681 693 5756 [1314-
727 5697 778 5738 ο·
808 5681 865 5756 5-

431 5754 516 5828 (θ)
544 5754 694 5814 Ibid.
726 5769 777 5812 ο.
807 5754 864 5810 6.

2006 5439 2051 5476 “
2080 5441 2213 5498 Luc.
2241 5459 2318 5510 1v,
2340 5443 2432 5497 23.

2139 4735 2505 4792 iracundiam
2529 4739 2806 4805 vestram,
2830 4734 3012 4790 nolite
3042 4735 3179 4790 dare
3214 4733 3403 4789 locum
3429 4733 3659 4789 diabolo
3676 4735 3720 4769 ⁷³
3741 4753 3792 4803 ;››

2139 4827 2196 4880 id
2230 4829 2338 4896 est,
2371 4841 2442 4879 ne
2473 4823 2666 4896 pravis
2711 4823 3168 4894 cogitationibus
3216 4824 3654 4894 oonsentiendo,
3689 4825 3791 4880 So-

2138 4914 2252 4970 lem
2279 4914 2531 4986 justitia‘:
2557 4913 2855 4968 Christum
2902 4912 3221 4980 irritantes,
3251 4912 3519 4968 efﬁciatis
3551 4916 3616 4967 ut
3643 4913 3793 4968 occi-

2139 5003 2326 5059 datin
2366 5004 2521 5059 3‘24
2561 5002 2836 5058 cordibus
2864 5002 3099 5070 vestris,
3126 5005 3190 5057 ut
3236 5018 3307 5057 ne
3355 5003 3480 5072 ejus
3529 5001 3792 5057 discessu

2135 5093 2329 5148 locum
2361 5092 2420 5146 in
2450 5092 2614 5148 vobis
2659 5091 2918 5148 inveniat
2971 5090 3263 5148 diabolus.
3293 5091 3373 5162 (8)
3403 5090 3484 5145 De
3527 5090 3638 5144 isto
3671 5090 3794 5146 sole

2135 5183 2218 5238 ait
2235 5183 2389 5238 Deus
2411 5199 2513 5255 per
2529 5182 2870 5254 prophetam
2895 5198 2945 5236 ;‹‹
2964 5179 3334 5236 Timentibus
3357 5195 3570 5234 nomen
3592 5194 3789 5234 meum

2134 5272 2356 5329 orietur
2374 5271 2468 5328 Sol
2485 5271 2752 5343 justitiaa,
2768 5275 2824 5327 et
2846 5270 3143 5327 medicina
3163 5267 3272 5324 erit
3301 5267 3358 5322 in
3382 5267 3490 5324 alis
3516 5267 3645 5339 ejus
3666 5269 3732 5323 7‘.
3759 5291 3786 5318 »

2510 5441 2554 5477 7°
2585 5441 2762 5498 Marc.
2789 5457 2892 5506 vn,
2914 5439 3006 5494 23.
3083 5440 3125 5474 ’τί
3161 5437 3316 5495 Psal.
3340 5455 3416 5506 1v,
3439 5439 3492 5494 5.
3571 5438 3617 5473 ’¹²
3640 5437 3790 5495 Ibid.
