4148 6376
355 423 472 485 893

1516 417 1899 478 EPISTULA
1945 417 1994 476 ll
2039 417 2145 477 AD
2192 415 2641 479 CASTOREM.

3665 419 3787 477 894

354 576 490 610 κεινο
525 553 598 616 ὡς
645 553 758 609 ἐκεῖ
804 552 986 625 δῆθεν,
1021 552 1109 607 καὶ
1164 550 1398 625 μηδενὸς
1449 547 1602 611 ὄντος
1648 551 1745 603 τοῦ
1793 551 2005 603 κινοῦν-

2124 567 2282 621 mus,
2314 549 2679 623 impossibile
2709 555 2798 606 est
2826 568 2933 606 nos
2965 550 3038 605 ad
3075 548 3487 621 perfectionem
3519 550 3783 622 aequani-

354 665 448 706 τος
480 647 628 717 ἡμᾶς
663 644 738 705 εἰς
783 642 977 718 ὀργὴν,
1011 641 1252 704 εὐκόλως
1286 641 1336 696 ἐν
1382 645 1450 714 τῇ
1501 641 1736 714 μονώσει
1849 639 2012 713 ἁρετὴ

359 741 459 804 τῆς
547 734 923 809 μακροθυμίας
1003 733 1522 808 κατορθωθήσεται·
1586 729 1691 784 ἀπὸ
1759 729 1859 805 γάρ
1916 731 2015 797 τῆς

365 824 737 902 ὑπερηφανίας
795 823 882 878 καί
937 828 1034 878 τοῦ
1096 825 1170 895 μὴ
1235 821 1406 886 θέλειν
1462 822 1762 897 μέμφεσθαι
1797 817 2016 879 ἑαυτοὺς

359 915 448 970 καὶ
498 916 809 991 ἐπιγράφειν
859 917 927 987 τῇ
980 910 1089 983 ἰδία
1139 911 1378 988 ῥᾳθυμίᾳ
1422 911 1518 972 τὰς
1569 909 1744 971 αἰτίας
1781 915 1882 978 τῆς
1918 908 2016 984 ὀρ-

361 1010 485 1080 γῆς,
516 1006 614 1072 τὴν
647 1003 706 1058 ἐκ
751 1007 857 1056 τῶν
908 1001 1156 1079 ἀδελφῶν
1209 1000 1572 1075 ἀλλοτρίωσιν
1626 999 2014 1070 ἐπιποθοῦμεν.

358 1096 504 1156 ’Ἑως
566 1092 654 1148 ὅτε
699 1093 876 1147 τοίνυν
930 1098 1027 1160 τῆς
1073 1090 1342 1165 ἡμετέρας
1394 1089 1670 1152 ἀσθενείας
1718 1088 1812 1148 τὰς
1844 1086 2015 1147 αἰτίας

361 1181 556 1245 ἄλλοις
615 1183 1005 1259 ἐπιγράφομεν,
1057 1178 1317 1234 ἀδύνατον
1372 1181 1520 1250 ἡμᾶς
1578 1178 1713 1248 πρὸς
1772 1177 1870 1245 τὴν
1928 1198 2013 1231 τε·

360 1274 578 1330 λείωσιν
638 1283 738 1345 τῆς
820 1273 1192 1349 μακροθυμίας
1250 1272 1465 1349 φθάσαι.
1526 1271 1596 1324 Τὸ
1671 1270 1774 1344 γὰρ
1850 1266 2014 1344 κειρά-

360 1364 514 1420 λαιον
575 1371 672 1433 τῆς
729 1365 1000 1439 ἡμετέρας
1061 1361 1425 1437 διορθώσεως,
1486 1359 1580 1414 οὐκ
1641 1358 1700 1413 ἐκ
1748 1365 1849 1428 τῆς
1907 1361 2012 1411 τῶν

361 1452 602 1523 πλησίον
640 1453 1014 1529 μακροθυμίας
1044 1454 1142 1520 τῆς
1175 1451 1313 1526 πρὸς
1353 1453 1502 1522 ἡμᾶς
1551 1449 1846 1525 γινομένης
1893 1468 2016 1501 κατ-

362 1543 640 1615 ορθοῦται,
691 1541 816 1598 ἀλλ’
872 1540 932 1596 ἐκ
978 1547 1076 1610 τῆς
1121 1540 1389 1613 ἡμετέρας
1449 1539 1586 1614 πρὸς
1623 1537 1716 1592 τὸν
1776 1534 2013 1606 πλησίον

366 1631 744 1706 μακροθυμίας
781 1630 869 1685 καὶ
919 1629 1272 1700 ἀνεξικακίας.
1308 1632 1466 1684 Ὅταν
1519 1625 1576 1682 δὲ
1620 1627 1711 1681 τὸν
1757 1629 1854 1695 τῆς
1911 1646 2013 1698 μα-

359 1719 662 1796 κροθυμίας
706 1721 886 1794 ἀγῶνα
933 1718 1218 1797 φεύγοντες
1265 1719 1362 1787 τὴν
1414 1713 1618 1793 ἔρημον
1669 1713 2016 1771 καταδιώκω-

365 1829 458 1882 μεν
480 1808 569 1862 καὶ
599 1809 698 1877 τήν
737 1809 998 1881 μόνωσιν,
1031 1807 1130 1863 ὅσα
1161 1805 1208 1862 δ’
1240 1807 1298 1862 ἂν
1349 1811 1455 1861 τῶν
1506 1807 1787 1882 ἡμετέρων
1829 1806 2016 1860 παθῶν

361 1899 694 1975 ἀθεράπευτα
763 1900 934 1955 ἐκεῖσε
1020 1899 1395 1973 ἐπενέγκωμεν
1430 1946 1442 1969 ,
1525 1897 1964 1974 ἐπικεκρυμμένα
1997 1949 2012 1974 ,
2047 1935 2093 2000 Β

361 1989 456 2044 οὐκ
499 1989 888 2063 ἐξειλημμένα,
921 1994 1280 2066 τυγχάνουσι.
1315 1989 1410 2043 Καὶ
1455 1990 1555 2064 γάρ
1587 1990 1621 2057 ἡ
1674 1985 1881 2062 ἔρημος
1926 1989 2013 2044 καὶ

359 2079 392 2147 ἡ
442 2077 796 2154 ἀναχώρησις
838 2083 956 2140 τοῖς
1008 2080 1178 2152 μήπω
1227 2080 1413 2132 παθῶν
1447 2076 1899 2151 ἀπηλλαγμένοις
1953 2078 2012 2133 οὗ

361 2166 522 2240 μόνον
556 2167 842 2242 φυλάττειν
873 2167 1151 2223 ἐπίσταται
1198 2168 1266 2222 τὰ
1314 2165 1696 2239 ἐλαττώματα,
1727 2165 1873 2222 ἀλλά
1923 2168 2012 2222 καὶ

355 2257 740 2314 ἐπικαλύπτειν
815 2263 982 2314 ταῦτα
1041 2257 1171 2315 οἶδε.
1231 2258 1330 2314 Καὶ
1400 2255 1526 2313 οὐδὲ
1602 2257 2012 2323 ἐπαισθάνεσθαι

354 2346 549 2409 αὐτοὺς
619 2354 896 2424 συγχωρεῖ
969 2347 1114 2421 ποίῳ
1189 2351 1346 2412 πάθει
1419 2350 1689 2416 ἡττῶνται
1723 2366 1738 2380 ο
1798 2347 2013 2403 τούναν-

351 2436 466 2491 τίον
529 2434 586 2490 δὲ
639 2437 952 2515 φαντασίαις
1010 2436 1206 2498 αὐτοὺς
1283 2431 1609 2504 ὑποϐάλλει,
1659 2436 2012 2513 κατωρθωκέ-

352 2546 440 2579 ναι
517 2524 713 2587 αὐτοὺς
788 2525 959 2589 πείθει
1017 2528 1116 2595 τήν
1172 2546 1232 2579 τε
1295 2525 1668 2598 μακροθυμίαν
1745 2524 1834 2580 καὶ
1909 2527 2007 2595 τήν

355 2611 720 2683 ταπείνωσιν,
775 2610 884 2676 ἕως
942 2615 1016 2687 μή
1077 2615 1330 2689 πάρεστιν
1389 2615 1419 2668 ὁ
1474 2613 1700 2676 τούτους
1759 2613 2006 2690 ἐρεθίζων

352 2700 441 2755 καὶ
523 2699 872 2774 δοκιμάζων·
934 2701 1057 2756 ὅταν
1137 2700 1195 2756 δὲ
1270 2697 1454 2776 συμϐῇ
1531 2704 1798 2780 πρόφασις
1878 2704 2010 2758 τούσ-

349 2811 480 2852 τους
537 2795 777 2863 κινοῦσα,
828 2791 917 2845 καὶ
961 2790 1324 2868 γυμνάζουσα,
1359 2789 1554 2855 εὐθέως
1612 2792 1678 2846 τά
1725 2790 2008 2847 ἐναποκεί-

357 2899 489 2951 μενα
545 2880 690 2950 πάθη
752 2879 841 2934 καὶ
898 2881 959 2934 τὸ
1017 2879 1142 2956 πρὶν
1204 2878 1554 2950 λανθάνοντα,
1603 2878 1785 2955 ὥσπερ
1837 2879 2003 2936 ἵπποι

351 2967 712 3044 ἀχαλίνωτοι,
759 2969 818 3024 ἐκ
888 2973 993 3024 τῶν
1075 2967 1224 3024 ἰδίων
1295 2969 1598 3047 ἀφετηρίων
1663 2969 2007 3042 ἐκπηδήσαν-

351 3082 459 3129 τες,
491 3061 582 3114 καὶ
611 3064 680 3135 τῇ
718 3065 898 3137 μακρᾷ
927 3059 1130 3137 ἡσυχία
1162 3059 1250 3116 καὶ
1302 3061 1484 3136 σχολῇ
1533 3063 1843 3142 τραφέντες,
1877 3088 2006 3144 σφο-

354 3147 607 3227 δρότερον
667 3149 756 3205 καὶ
806 3151 1134 3226 ἀγριώτερον
1185 3151 1322 3224 πρὸς
1374 3146 1600 3228 ὄλεθρον
1647 3155 2004 3223 κατασῦρουσι

345 3241 438 3295 τὸν
473 3237 610 3294 ἴδιον
645 3234 930 3310 ἐπιϐάτην.
960 3239 1132 3296 Πλέον
1177 3240 1277 3316 γάρ
1327 3241 1604 3316 ἀγριοῦται
1651 3242 1702 3298 ἐν
1752 3246 1888 3317 ἡμῖν
1939 3247 2006 3299 τὰ

346 3327 492 3399 πάθη
555 3330 816 3404 ἀργοῦντα
880 3336 980 3399 τῆς
1039 3327 1088 3402 ἐξ
1149 3328 1448 3405 ἀνθρώπων
1526 3331 1847 3406 γυμνασίας,
1908 3335 1998 3389 καὶ

348 3418 515 3488 αὐτὴν
561 3419 660 3488 τὴν
710 3418 860 3474 σκιὰν
905 3425 1005 3489 τῆς
1049 3419 1336 3492 ὑπομονῆς
1376 3419 1464 3474 καὶ
1501 3423 1901 3496 μακροθυμίας,
1936 3425 2003 3493 ἣν

349 3508 630 3570 εἰκονικῶς
663 3505 928 3580 δοκοῦμεν
972 3505 1141 3584 ἔχειν,
1193 3508 1639 3583 ἀναμεμιγμένην
1685 3516 1800 3574 τοῖς
1853 3509 2008 3568 ἀδελ-

351 3602 474 3676 φοῖς
506 3601 573 3672 τῇ
606 3596 835 3670 ἀμελείᾳ
863 3603 962 3667 τῆς
1021 3595 1374 3671 ἀγυμνασίας,
1404 3599 1494 3677 καί
1552 3607 1653 3669 τῆς
1715 3602 2006 3674 μονώσεως

351 3685 695 3761 ἀπόλλυμεν.
745 3689 950 3761 ’Ὠσπερ
1000 3689 1104 3762 γὰρ
1168 3687 1232 3741 τά
1285 3683 1481 3743 ἰοϐόλα
1529 3694 1636 3743 τῶν
1693 3690 1897 3766 θηρίων
1952 3692 2002 3746 ἐν

351 3776 576 3852 ἐρημίᾳ,
607 3777 698 3831 καὶ
746 3775 796 3831 ἐν
844 3781 963 3838 ταῖς
1011 3774 1174 3838 ἰδίαις
1225 3776 1432 3840 κοίταις
1482 3781 1851 3854 ἡσυχάζοντα,
1883 3780 2007 3837 τότε

350 3869 446 3934 τὴν
481 3864 620 3921 ἰδίαν
667 3864 858 3940 μανίαν
912 3863 1328 3934 ἐπιδείκνυνται,
1362 3866 1485 3921 ὅταν
1536 3863 1811 3924 λάϐωνταί
1857 3891 2004 3933 τινος

355 3955 820 4032 προσεγγίζοντος·
855 3955 998 4011 οὕτω
1028 3955 1118 4010 καὶ
1165 3956 1216 4009 οἱ
1269 3955 1534 4028 ἐμπαθεῖς
1583 3955 1858 4033 ἄνθρωποι
1909 3961 2008 4014 οὐκ

355 4045 550 4122 ἀρετῆς
582 4043 840 4117 διαθέσει,
875 4043 1020 4100 ἀλλά
1064 4049 1133 4119 τῇ
1181 4053 1281 4114 τῆς
1329 4047 1564 4122 ἐρημίας
1615 4047 1814 4122 ἀνάγκῃ
1870 4053 2004 4120 ἡσυ-

356 4135 638 4211 χάζοντες,
667 4135 792 4191 τότε
845 4136 937 4190 τὸν
995 4138 1094 4204 τῆς
1150 4138 1336 4211 ψυχῆς
1397 4135 1472 4191 ἰὸν
1527 4136 1828 4209 ἐξεμοῦσιν,
1878 4137 2002 4193 ὅταν

350 4224 647 4302 δράξωνται
696 4228 794 4281 τοῦ
855 4224 1303 4301 προσεγγίζοντος
1359 4225 1448 4280 καὶ
1506 4225 1852 4298 ἐρεθίζοντος.
1905 4229 2003 4284 Καὶ

349 4315 546 4371 τούτου
589 4315 750 4392 χάριν
799 4320 915 4377 τοῖς
974 4311 1254 4370 τελείωσιν
1315 4314 1625 4392 πραότητος
1687 4315 2003 4387 ἐπιζητοῦσι

348 4402 559 4479 σπουδῇ
618 4405 761 4479 πάσῃ
824 4402 1033 4481 ὀφείλει
1095 4406 1171 4479 μὴ
1236 4405 1398 4478 μόνον
1474 4407 1610 4480 πρὸς
1681 4404 2000 4482 ἀνθρώπους

350 4495 428 4567 μή
463 4494 792 4571 ὀργίζεσθαι,
834 4493 980 4550 ἀλλὰ
1013 4492 1155 4568 μηδὲ
1183 4494 1319 4572 πρὸς
1348 4494 1415 4550 τὰ
1446 4495 1642 4571 ἄλογα,
1680 4494 1820 4569 μηδὲ
1867 4497 2002 4573 πρὸς

341 4584 409 4639 τὰ
457 4583 646 4660 ἄψυχα
695 4585 1010 4660 πράγματα.
1043 4585 1348 4658 Μέμνημαι
1405 4585 1505 4662 γάρ
1565 4585 1668 4662 ἐγὼ
1724 4585 1887 4651 ἡνίκα
1944 4587 1997 4641 ἐν

2127 641 2352 696 mitatis
2384 640 2806 712 attingere.(13)
2840 641 3081 694 Summa
3110 638 3322 710 quippe
3353 639 3784 695 emendationis

2127 735 2343 786 nostra;
2373 747 2486 786 non
2521 746 2588 785 ex
2617 730 2865 802 proximi
2898 746 3035 802 erga
3054 746 3159 784 nos
3177 729 3614 801 aequanimitate
3636 730 3783 784 obti-

2127 821 2438 890 netur,sed
2470 837 2538 875 ex
2568 825 2771 876 nostra
2800 836 2938 892 erga
2970 821 3303 890 proximum
3334 818 3782 892 longanimitate

2127 927 2192 965 ac
2226 910 2573 981 injuriarum
2606 910 3064 966 oblivione.Cum
3099 916 3294 964 autem
3326 910 3783 980 arquanimitatis

2127 1004 2424 1056 certamen
2445 1000 2733 1072 fugientes
2746 1016 3006 1055 eremum
3024 999 3278 1070 petimus
3298 1004 3354 1054 et
3375 998 3778 1070 solitudinem,

2127 1105 2509 1161 quascunque
2538 1090 2679 1146 illuc
2710 1090 2972 1144 nondum
3005 1093 3237 1144 curatas
3269 1089 3620 1160 sedatasque
3656 1105 3783 1160 pas-

2127 1179 2322 1235 siones
2354 1179 2940 1245 all’erimus,occultas
2960 1195 3202 1243 eas,non
3224 1178 3445 1234 deletas
3467 1195 3594 1233 esse
3617 1182 3780 1250 pute-

2127 1285 2282 1324 mus.
2318 1270 2624 1325 Enimvero
2653 1285 2890 1325 eremus
2912 1272 3086 1340 atque
3109 1267 3466 1324 secessusiis
3499 1267 3596 1338 qui
3632 1284 3777 1322 non-

2127 1360 2267 1414 dum
2302 1359 2677 1430 passionibus
2723 1359 2890 1414 liberi
2921 1363 3082 1422 sunt,
3116 1374 3230 1412 non
3279 1374 3573 1413 reservare
3605 1359 3777 1412 modo

2125 1448 2616 1520 imperfectiones,
2652 1449 2754 1504 sed
2813 1465 2909 1504 eas
2969 1447 3258 1504 occultare
3316 1462 3550 1518 quoque
3597 1446 3776 1502 novit.

2126 1537 2327 1609 Neque
2386 1539 2460 1594 iis
2518 1539 2736 1594 sentire
2794 1537 3061 1593 concedit
3119 1537 3335 1608 quibus
3390 1537 3508 1592 sint
3553 1536 3778 1608 passio-

2125 1627 2301 1683 nibus
2331 1627 2567 1684 obnoxii
2594 1647 2606 1697 ;
2642 1627 2911 1699 quintmo
2944 1627 3017 1683 iis
3048 1643 3196 1698 quas
3228 1626 3492 1699 suggerit
3531 1626 3778 1698 phanta-

2127 1717 2234 1774 siis
2265 1719 2474 1773 suadet
2515 1718 2662 1789 ipsis
2712 1718 2866 1789 quod
2919 1716 3438 1788 aequanimitatem,
3473 1717 3628 1788 quod
3669 1715 3779 1770 hu-

2125 1807 2435 1863 militatem
2496 1808 2616 1863 sint
2671 1807 2947 1875 assecuti,
2990 1808 3173 1863 donec
3225 1807 3393 1862 adest
3448 1823 3620 1862 nemo
3675 1806 3778 1877 qui

2125 1897 2375 1953 concitet
2423 1901 2480 1952 et
2511 1897 2719 1969 probet
2765 1897 2967 1969 ipsos;
3001 1913 3136 1951 cum
3185 1895 3398 1951 accidit
3444 1899 3638 1952 autem
3683 1911 3780 1950 oc-

2124 1987 2282 2043 casio
2331 2004 2448 2060 qua
2495 1987 2861 2042 concitentur
2913 1990 2970 2042 et
3013 1990 3413 2053 exerceantur,
3466 1984 3776 2041 reconditae

2128 2075 2329 2132 statim
2362 2093 2426 2132 ac
2481 2076 2707 2148 pridem
2741 2074 2980 2132 occultae
3031 2076 3358 2148 passiones,
3392 2091 3496 2130 ceu
3530 2075 3778 2131 eti‘renes

2123 2165 2275 2222 825
2310 2166 2446 2237 equi
2476 2183 2545 2221 ex
2575 2165 2825 2222 stabulis
2854 2170 3249 2236 erumpentes,
3284 2181 3349 2220 ac
3379 2163 3551 2235 longa
3583 2165 3780 2237 quiete

2122 2259 2181 2311 et
2232 2255 2528 2311 otiositate
2576 2256 2858 2329 perpasti,
2890 2255 3299 2311 vehementius
3359 2254 3776 2327 efferatiusque

2120 2347 2375 2417 equitem
2397 2345 2456 2400 in
2472 2345 2789 2417 perniciem
2813 2344 3472 2414 conjiciunt.Passiones
3486 2343 3702 2416 quippe
3716 2344 3774 2400 in

2120 2435 2236 2490 otio
2257 2451 2445 2505 neque
2459 2435 2717 2491 excitatas
2733 2435 2803 2490 ab
2817 2435 3154 2490 hominibus
3169 2434 3358 2506 magis
3375 2433 3662 2489 efferuntu
3676 2453 3701 2489 r
3714 2435 3773 2490 in

2121 2523 2626 2597 nobiszipsamque
2640 2524 2932 2596 patientiae
2947 2523 3472 2597 etaaquanimitatis
3485 2523 3772 2591 umbram,

2119 2629 2298 2684 quam
2348 2614 2660 2686 phantasia
2705 2618 2937 2668 tantum
2985 2617 3043 2669 et
3071 2613 3344 2686 opinione
3389 2620 3678 2680 tenemus,
3725 2612 3776 2669 si

2119 2703 2401 2758 fratribus
2433 2721 2539 2758 nos
2569 2703 3032 2771 immisceamus,
3069 2720 3170 2775 per
3200 2702 3538 2758 solitudinis
3561 2702 3772 2758 otium.

2119 2794 2192 2850 ob
2223 2793 2642 2865 negligentiam
2672 2793 3026 2848 exercitandi
3060 2792 3533 2864 amittimus.(lli)
3566 2795 3775 2859 Quem-

2119 2883 2437 2940 admodum
2469 2883 2626 2938 enim
2663 2887 2946 2938 venenata
2975 2882 3349 2950 animalia,in
3382 2883 3614 2938 deserto
3632 2887 3689 2938 et
3710 2883 3771 2938 in

2123 2971 2417 3029 cubilibus
2447 2973 2573 3027 suis
2620 2972 3045 3041 recumbentis,
3080 2975 3220 3025 tunc
3280 2972 3533 3027 furorem
3597 2989 3773 3028 suum

2117 3063 2544 3126 demonstrant,
2580 3078 2711 3116 cum
2745 3061 3114 3116 accedentem
3147 3061 3463 3132 quemdam
3497 3060 3769 3133 capiunt;

2115 3153 2195 3208 ita
2225 3152 2494 3207 homines
2525 3150 2901 3222 passionibus
2932 3149 3186 3217 obnoxii,
3220 3167 3334 3205 non
3366 3149 3602 3207 virtutis
3634 3150 3773 3206 affe-

2118 3245 2234 3311 ctu,
2270 3242 2371 3297 sed
2404 3257 2474 3297 ex
2502 3240 2714 3296 deserti
2745 3240 2851 3296 loci
2882 3239 3211 3296 necessaria
3241 3238 3576 3296 conditione
3605 3241 3773 3312 quie-

2116 3335 2366 3402 scentes,
2393 3337 2518 3386 tum
2552 3330 2760 3386 animae
2805 3329 2968 3385 virus
2999 3333 3295 3395 evomunt,
3328 3346 3460 3385 cum
3493 3330 3771 3386 acceden-

2115 3423 2233 3476 tem
2276 3419 2611 3492 quempiam
2661 3423 2717 3475 et
2765 3418 3094 3474 irritantem
3143 3435 3205 3475 se
3255 3419 3769 3492 apprehenderint.

2117 3509 2507 3574 Quamobrem
2551 3508 2649 3580 qui
2699 3508 3172 3564 mansuetudinis
3222 3508 3636 3580 perfectionem
3676 3526 3769 3565 ex-

2117 3599 2382 3670 quirunt,
2415 3615 2522 3672 par
2569 3598 2808 3653 omnino
2839 3605 2947 3668 est,
2981 3602 3048 3653 ut
3097 3615 3212 3653 non
3246 3598 3418 3654 modo
3458 3600 3771 3655 adversum

2116 3687 2388 3744 homines
2410 3704 2527 3743 non
2550 3688 2902 3754 irascantur,
2924 3689 3022 3744 sed
3049 3703 3238 3760 neque
3264 3688 3544 3743 adversus
3576 3688 3773 3755 bruta,

2119 3777 2239 3834 imo
2290 3795 2364 3833 ne
2413 3778 2695 3833 adversus
2727 3777 3053 3833 inanimata
3101 3777 3361 3849 quidem.
3397 3777 3637 3833 Memini
3683 3795 3774 3834 me

2117 3883 2251 3923 cum
2284 3868 2342 3922 in
2376 3884 2570 3923 eremo
2600 3869 3106 3940 degerem,contra
3136 3867 3430 3923 calamum
3461 3867 3609 3923 iram
3643 3885 3774 3925 con-

2117 3957 2362 4030 cepisse,
2395 3958 2551 4029 quod
2583 3957 2711 4027 ejus
2755 3959 2926 4014 modo
2976 3957 3240 4014 densitas
3292 3959 3464 4013 modo
3510 3958 3770 4014 tenuitas

2117 4047 2497 4118 displiceret:
2533 4052 2736 4103 contra
2787 4047 3014 4120 lignum
3067 4049 3230 4120 item,
3261 4049 3414 4120 quod
3464 4048 3773 4105 excindere

2116 4152 2249 4192 cum
2280 4135 2509 4207 vellem,
2530 4135 2796 4193 celeriter
2825 4154 2940 4193 non
2977 4153 3210 4209 possem
3252 4153 3264 4192 :
3299 4154 3536 4193 rursum
3569 4143 3772 4194 contra

2114 4225 2430 4298 igniarium
2455 4225 2704 4293 silicem,
2735 4227 2887 4296 quod
2923 4242 3017 4282 me
3051 4227 3363 4282 festinante
3393 4227 3588 4300 ignem
3620 4227 3768 4282 edu-

2115 4331 2265 4383 cere,
2299 4331 2415 4370 non
2461 4315 2661 4370 statim
2712 4315 2970 4371 exsiliret
3018 4314 3312 4381 scintilla;
3347 4314 3429 4370 ita
3481 4316 3766 4372 nimirum

2113 4408 2418 4478 grassatur
2446 4404 2625 4474 ira,ut
2657 4405 2727 4460 ad
2762 4420 2947 4475 usque
2968 4403 3339 4460 insensibilia
3355 4408 3410 4460 et
3440 4404 3766 4461 inanimato.

2113 4495 2409 4550 efferatur.
2442 4494 2554 4566 (15)
2585 4493 2645 4550 Si
2675 4493 2986 4566 cupiamus
3030 4494 3226 4566 itaque
3259 4493 3534 4565 consequi
3579 4494 3762 4549 beati-

2111 4583 2378 4640 tudinem
2427 4583 2677 4651 Chrisli;
2726 4601 2840 4639 non
2892 4584 3064 4640 modo
3111 4584 3259 4639 iram
3311 4600 3437 4656 quae
3487 4584 3558 4639 ad
3611 4601 3761 4657 opus

348 4673 543 4750 ἐρήμῳ
602 4668 873 4751 διέτριϐον
927 4673 1064 4729 κατὰ
1118 4673 1372 4748 καλάμου
1419 4675 1510 4730 τὸν
1545 4677 1714 4749 θυμὸν
1747 4679 1998 4748 κινήσας,

2118 4676 2553 4750 prorumpit,uti
2585 4694 2766 4749 supra
2789 4676 3013 4732 dictum
3038 4680 3146 4748 est,
3172 4693 3434 4732 coercere
3457 4677 3760 4746 debemus,

346 4769 446 4833 τῆς
527 4762 846 4839 παχύτητος
901 4763 1096 4818 τούτου
1153 4763 1189 4833 ἢ
1245 4762 1579 4834 λεπτότητος
1655 4764 1997 4842 ἀπαρεσάσης

350 4873 464 4925 μοι’
498 4852 589 4908 καὶ
628 4853 765 4908 κατὰ
822 4852 986 4924 ξύλου
1030 4851 1218 4926 παλιν,
1252 4851 1376 4908 ὅταν
1417 4854 1579 4927 κόψαι
1629 4859 1788 4910 τοῦτο
1839 4855 2001 4928 θελή-

346 4961 464 5011 σας,
517 4943 592 5015 μή
653 4941 869 5018 ταχέως
930 4940 1216 5013 ἐδυνήθην·
1277 4942 1366 4996 καὶ
1427 4941 1594 4997 πάλιν
1651 4944 1787 4998 κατά
1841 4943 1998 5000 λίθου

345 5025 710 5106 πυρεκϐόλου,
771 5029 919 5104 ὅταν,
975 5029 1376 5101 σπουδάζοντός
1439 5052 1543 5105 μου
1603 5026 1890 5089 ἐκϐάλλειν
1935 5035 1998 5090 τὸ

347 5121 583 5195 πῦρ,μή
643 5118 858 5196 ταχέως
919 5122 946 5176 ὁ
1006 5122 1238 5196 σπινθὴρ
1297 5119 1645 5194 ἐξεπήδησεν,
1705 5121 1846 5177 οὕτω
1897 5126 1995 5194 τῆς

348 5209 520 5285 ὀργῆς
580 5209 944 5283 ἐπιταθείσης,
997 5213 1073 5273 ὡς
1128 5212 1264 5265 κατά
1319 5215 1426 5266 τῶν
1487 5211 1846 5284 ἀναισθήτων,
1907 5214 1998 5268 καὶ

345 5298 574 5376 ἀψύχων
607 5300 943 5375 πραγμάτων
995 5299 1196 5370 ταύτην
1247 5299 1507 5378 ἐκφέρειν.
1540 5300 1603 5356 Εἰ
1652 5301 1828 5357 τοίνυν
1881 5301 1997 5358 ἐπι-

345 5394 621 5463 ποθοῦμεν
685 5395 874 5464 τυχεῖν
927 5388 1024 5445 τοῦ
1086 5395 1433 5466 μακαρισμοῦ
1488 5396 1586 5445 τοῦ
1635 5397 1895 5466 Χριστοῦ,
1929 5393 1996 5449 οὐ

349 5479 511 5552 μόνον
568 5479 669 5546 τήν
709 5478 841 5533 ’κατ’
891 5478 1154 5556 ἐνέργειαν
1200 5479 1489 5557 ὀφείλομεν
1527 5480 1694 5558 ὀργὴν
1727 5481 1995 5556 κωλῦσαι,

336 5570 473 5633 καθά
532 5565 766 5644 εἴρηται,
801 5566 948 5623 ἀλλά
999 5570 1089 5623 καὶ
1145 5571 1243 5638 τήν
1289 5571 1426 5625 κατὰ
1474 5567 1733 5629 διάνοιαν.
1768 5573 1846 5631 Οὐ
1891 5573 1994 5649 γὰρ

410 5695 524 5764 (13)
558 5693 706 5750 Ibid.
739 5709 786 5750 ο.
823 5695 910 5761 16,
945 5695 1031 5750 17.

416 5696 505 5764 (13
558 5696 706 5750 Ibid.
739 5709 786 5750 ο.
823 5696 910 5761 16,

416 5696 529 5841 (14;
561 5765 708 5825 Ibid.
751 5782 801 5825 ο.
837 5764 925 5823 18.

2111 4767 2212 4823 sed
2246 4783 2373 4823 eam
2406 4782 2636 4838 quoque
2669 4783 2795 4838 quae
2841 4771 3035 4822 mente
3067 4766 3416 4840 concipitur.
3447 4767 3573 4822 Non
3604 4767 3760 4823 enim

2110 4857 2474 4913 tantumdem
2507 4857 2675 4912 ali'ert
2716 4855 2990 4913 utilitatis
3021 4874 3086 4913 os
3132 4857 3430 4915 continere
3480 4874 3677 4925 suum,
3710 4861 3767 4914 et

2109 4947 2396 5003 furiosum
2429 4947 2766 5018 quodquam
2792 4947 3015 5003 dictum
3038 4965 3152 5004 non
3177 4948 3455 5020 proferre,
3472 4951 3759 5020 quantum

2109 5053 2208 5092 cor
2237 5053 2488 5109 purgare
2519 5037 2591 5091 ab
2621 5036 2976 5106 injuriarum
3008 5037 3376 5108 memoria,et
3407 5053 3612 5107 pravas
3642 5053 3759 5091 non

2109 5125 2299 5182 fovere
2330 5125 2733 5199 cogitationes.
2768 5127 2946 5182 Docet
2977 5127 3133 5182 enim
3186 5126 3516 5198 evangelica
3546 5125 3760 5181 doctri-

2108 5233 2207 5284 na,
2237 5215 2460 5272 excisas
2503 5220 2769 5289 oportere
2827 5222 3201 5288 peccatorum
3261 5215 3508 5282 radices,
3569 5215 3762 5288 potius

2108 5322 2285 5378 quam
2337 5322 2550 5363 ramos.
2589 5305 2795 5362 Excisa
2847 5307 3064 5379 quippe
3113 5323 3147 5361 a
3177 5306 3348 5360 corde
3396 5305 3494 5359 irae
3543 5305 3760 5378 radice,

2108 5395 2337 5451 nullum
2373 5397 2596 5464 odium,
2631 5396 2793 5452 nulla
2821 5395 3039 5451 invidia
3070 5395 3139 5450 ad
3173 5411 3322 5466 opus
3357 5409 3543 5465 usque
3575 5395 3756 5450 dedu-

2107 5493 2271 5542 cetur
2305 5504 2317 5542 :
2351 5502 2510 5552 nam,
2545 5486 2646 5557 qui
2678 5485 2799 5542 odit
2829 5485 3067 5541 fratrem
3099 5500 3296 5554 suum,
3332 5483 3627 5540 homicida
3646 5489 3756 5556 est,

2107 5575 2391 5632 nimirum
2414 5575 2608 5646 quoad
2634 5574 2906 5632 affectum
2929 5573 3045 5631 odii
3063 5571 3278 5630 occidit
3297 5589 3454 5630 eum.
3487 5572 3756 5631 Occisum

2177 5700 2290 5773 (15)
2321 5699 2470 5758 Ibid.
2504 5717 2554 5758 ο.
2589 5700 2676 5756 19.
