4148 6370
387 373 507 436 895

1567 381 1632 438 S.
1680 378 2204 442 ATHANASIUS.
2228 411 2307 424 —
2335 379 2646 443 SPURIA.

3703 387 3821 451 896

397 517 595 566 autem
640 510 796 566 videt
838 509 1008 566 illum
1053 511 1207 566 Deus
1244 526 1255 565 :
1289 512 1460 583 cujus
1509 510 1880 584 sanguinem,
1937 529 2048 567 non

2166 513 2421 566 τοσοῦτον
2482 508 2688 588 ὠφελεῖ
2739 513 2804 570 τὸ
2861 520 3075 592 κρατεῖν
3132 518 3230 569 τοῦ
3261 517 3552 589 πόματος,
3586 516 3673 572 καὶ
3736 519 3812 592 μή

397 598 592 671 gladio
623 600 873 655 effusum
905 599 1102 655 vident
1134 600 1423 668 homines,
1458 601 1558 656 sed
1593 617 1661 656 ex
1692 602 1900 657 affectu
1931 601 2050 656 odii

395 688 494 745 ille
525 689 756 746 occisus
792 689 920 745 fuit.
954 689 1106 746 Deus
1140 690 1336 762 itaque
1369 708 1483 746 non
1519 691 1690 746 modo
1723 708 1825 763 pro
1857 691 2049 763 operi-

397 779 532 845 bus,
565 780 667 836 sed
728 780 904 835 etiam
948 797 1050 852 pro
1109 779 1561 851 cogitationibus
1620 785 1673 836 et
1730 781 2046 852 proposito,

390 869 708 941 unicuique
728 886 972 925 coronas
999 874 1100 924 aut
1120 869 1410 942 supplicia
1435 871 1732 937 retribuet,
1759 869 2048 941 quemad-

392 959 633 1014 modum
665 958 790 1030 ipse
840 975 941 1030 per
973 959 1316 1031 pr0phetam
1352 960 1433 1014 uit
1468 978 1480 1015 :
1514 959 1633 1031 Ego
1675 958 1842 1015 venio
1874 958 2047 1014 colle-

387 1052 546 1105 ctum
579 1065 776 1120 opera,
828 1047 1236 1119 cogitationes,
1269 1052 1325 1104 et
1376 1048 1788 1104 meditationes
1819 1065 2045 1104 eorum.

391 1139 472 1193 Ac
503 1153 740 1191 rursum
791 1136 1104 1208 Apostolus
1156 1137 1235 1192 ait
1268 1153 1280 1191 :
1321 1141 1476 1192 Inter
1507 1154 1568 1193 se
1617 1137 1863 1194 invucem
1898 1138 2051 1210 cogi-

379 1226 700 1283 tationibus
733 1226 1169 1293 accusantibus,
1203 1232 1304 1282 aut
1342 1228 1523 1282 etiam
1573 1228 2045 1295 defendentibus,

387 1317 447 1372 in
477 1318 570 1372 die
604 1333 734 1372 cum
759 1316 1053 1385 judicabit
1103 1317 1255 1371 Deus
1289 1316 1525 1372 occulta
1573 1317 1881 1372 hominum
1911 1319 1976 1373 ⁸¹.
2017 1342 2038 1370 ι

389 1405 520 1478 Ipse
551 1409 747 1461 autem
785 1404 1064 1460 Dominus
1099 1406 1334 1475 docens,
1367 1410 1634 1476 oportere
1678 1422 1782 1462 nos
1812 1422 2045 1462 omnem

383 1493 750 1550 iracundiam
803 1494 1112 1564 deponere,
1147 1493 1227 1548 ait
1278 1493 1334 1548 in
1386 1492 1759 1567 Evangeliis:
1802 1517 1821 1542 ι
1857 1495 2042 1566 Quod,

383 1583 721 1656 quicunque
753 1582 1024 1637 irascitur
1049 1582 1213 1638 fratri
1237 1600 1365 1653 suo,
1393 1599 1524 1638 reus
1550 1583 1902 1655 eritjudicio
1923 1584 1987 1638 ⁸³.
2015 1605 2042 1632 ››

383 1673 496 1744 (16)
529 1673 612 1727 Ita
659 1671 815 1727 enim
863 1671 1083 1727 habent
1131 1677 1410 1728 accurata
1468 1672 1824 1746 exemplaria
1859 1691 1871 1729 :
1905 1690 2040 1728 nam

379 1761 482 1818 illa
514 1780 674 1833 vox,«
709 1765 948 1832 temere,
982 1786 1008 1811 ››
1046 1763 1346 1834 adjectitia
1376 1768 1464 1818 est
1495 1781 1508 1818 :
1543 1763 1698 1834 quod
1733 1763 1924 1836 palam
1956 1767 2046 1819 est

380 1867 451 1909 ex
480 1850 830 1924 praecedenti
862 1850 1172 1923 Scriptum
1203 1852 1492 1910 clausula.
1531 1854 1754 1926 Scopus
1787 1869 2042 1925 namque

381 1941 614 1998 Domini
652 1940 777 1997 vult
807 1959 912 1998 nos
945 1943 1198 1998 radicem
1236 1958 1302 1998 ac
1336 1941 1654 1999 scintillam
1675 1942 1771 1998 irae
1803 1959 2044 2014 prorsus

384 2030 752 2098 abscindere,
785 2049 850 2087 ac
882 2049 953 2087 ne
985 2031 1292 2088 minimam
1343 2032 1439 2087 ira
1471 2032 1835 2089 occasionem
1890 2031 2045 2088 intra

388 2137 498 2177 nos
528 2136 798 2193 servare;
837 2126 899 2177 ut
928 2139 1000 2178 ne
1051 2121 1276 2178 scilicet
1316 2121 1362 2178 si
1410 2138 1478 2178 ex
1507 2127 1901 2178 consentanea
1953 2139 2044 2178 ra-

382 2211 543 2266 tione
572 2209 720 2265 iram
753 2211 1138 2281 concitemus,
1173 2213 1412 2267 demum
1446 2212 1505 2267 in
1539 2212 1698 2267 bruti
1740 2212 1919 2267 animi
1952 2213 2043 2266 fu-

385 2315 578 2355 rorem
613 2301 964 2356 incidamus.
1002 2302 1114 2373 (17)
1148 2302 1403 2372 Hujusce
1456 2319 1627 2374 porro
1679 2301 1867 2357 morbi
1923 2301 2044 2356 haec

383 2393 474 2444 est
506 2389 764 2460 perfecta
795 2389 1019 2445 medela
1050 2408 1063 2457 ;
1093 2396 1159 2445 ut
1191 2389 1416 2446 scilicet
1450 2407 1796 2462 persuasum
1831 2391 2045 2446 habea-

383 2494 539 2547 mus,
575 2479 744 2534 nobis
780 2496 964 2550 neque
987 2480 1155 2551 justa
1193 2497 1379 2552 neque
1416 2481 1635 2552 injusta
1665 2481 1735 2536 de
1768 2497 1945 2536 causa
1975 2479 2044 2535 li-

382 2582 512 2623 cere
545 2567 1009 2640 indignationem
1045 2569 1334 2625 concitare
1367 2570 1805 2626 nostram.Nam
1837 2570 1888 2625 si
1923 2568 2045 2642 spi—

380 2657 532 2714 ritus
553 2656 650 2711 irze
675 2662 926 2713 mentem
954 2658 1224 2714 obscuret
1273 2659 1468 2725 nobis,
1502 2675 1692 2732 neque
1713 2660 1813 2716 lux
1834 2659 2048 2716 discre-

385 2749 587 2818 tionis,
621 2767 811 2821 neque
841 2751 982 2805 recti
1015 2750 1243 2807 consilii
1290 2753 1648 2824 justitiaeque
1677 2753 2044 2825 gubernacu-

393 2837 520 2894 lum
553 2839 612 2895 in
645 2839 815 2894 nobis
849 2839 1170 2911 reperietur
1201 2857 1214 2894 :
1247 2858 1436 2913 neque
1477 2842 1686 2914 spiritu
1720 2842 1814 2897 iraa
1861 2841 2046 2897 domi-

392 2933 570 2984 nante
602 2928 722 2985 fieri
757 2933 968 3002 potest,
991 2933 1052 2984 ut
1083 2930 1281 2986 anima
1313 2935 1513 2988 nostra
1543 2931 1827 3004 templum
1863 2931 2049 2987 sancti

393 3018 648 3090 Spiritus
707 3017 1017 3075 elﬁciatur.
1052 3019 1299 3074 Demum
1373 3025 1599 3092 oportet
1632 3025 1694 3074 ut
1766 3019 2047 3076 incertam

385 3107 596 3163 mortis
642 3107 851 3164 horam
901 3125 1016 3180 prae
1065 3109 1252 3165 oculis
1299 3110 1599 3176 habentes,
1645 3109 2049 3166 custodiamus

389 3214 496 3252 nos
527 3197 599 3251 ab
633 3197 737 3264 ira,
773 3214 838 3253 ac
871 3198 1127 3254 sciamus
1162 3215 1349 3270 neque
1401 3199 1653 3264 ascesin,
1687 3215 1875 3270 neque
1904 3203 2046 3255 tem-

2162 599 2405 679 ἐκφέρειν
2491 600 2641 678 ῥῆμα
2701 602 2990 677 μανιῶδες,
3051 604 3174 660 ὅσον
3234 605 3295 660 τὸ
3353 606 3654 680 καθαρίζειν
3711 609 3808 677 τήν

2159 689 2383 766 καρδίαν
2419 691 2523 746 ἀπὸ
2575 693 2956 766 μνησικακίας,
2987 694 3078 749 καὶ
3141 695 3216 769 μή
3277 695 3581 774 ἀνατρέφειν
3637 719 3811 767 πονη-

2161 779 2288 855 ροὺς
2337 779 2659 858 λογισμούς.
2716 783 2824 845 Τὰς
2873 783 3022 859 ῥίζας
3070 785 3173 860 γὰρ
3229 789 3336 839 τῶν
3397 785 3808 859 ἁμαρτημάτων

2161 868 2438 926 ἐκκόπτειν
2517 870 2886 947 παραγγέλλει
2945 876 2980 942 ἡ
3052 871 3382 949 εὐαγγελικὴ
3464 872 3812 943 διδασκαλία,

2157 958 2298 1036 ἤπερ
2328 960 2453 1022 τοὺς
2483 961 2744 1036 καρπούς·
2778 969 2876 1030 τῆς
2925 962 3079 1038 ῥίζης
3127 963 3228 1040 γὰρ
3275 968 3374 1018 τοῦ
3432 968 3607 1037 θυμοῦ
3655 963 3812 1019 ἐκκο-

2158 1049 2349 1120 πείσης
2379 1050 2485 1106 ἀπὸ
2513 1055 2615 1116 τῆς
2646 1048 2892 1126 καρδίας,
2930 1049 3053 1106 οὔτε
3104 1058 3284 1125 μῖσος,
3318 1050 3440 1108 οὕτε
3489 1051 3685 1130 φθόνος
3735 1053 3811 1114 εἷς

2158 1131 2316 1213 ἔργον
2375 1142 2804 1216 προαχθήσεται*
2839 1139 2927 1194 καὶ
2977 1142 3080 1217 γὰρ
3133 1142 3159 1195 ὁ
3216 1145 3385 1214 μισῶν
3435 1141 3527 1196 τὸν
3579 1139 3814 1220 ἀδελφὸν

2155 1227 2319 1282 αὐτοῦ
2351 1230 2801 1305 ἀνθρωποκτόνος
2833 1229 2966 1298 ἐστὶ,
3000 1231 3237 1308 φονεύων
3265 1229 3424 1285 αὐτὸν
3458 1229 3507 1284 έν
3565 1235 3634 1305 τῇ
3694 1228 3810 1285 δια-

2158 1318 2296 1382 θέσει
2327 1323 2424 1373 τοῦ
2477 1318 2687 1391 μίσους.
2725 1319 3118 1395 Ἀναιρεθέντος
3175 1320 3304 1381 Θεὸς
3363 1319 3558 1398 ἀφορᾷ·
3595 1319 3808 1383 οὗτινος

2153 1408 2216 1462 τὸ
2248 1409 2406 1480 αἷμα,
2434 1407 2494 1463 ού
2528 1405 2617 1463 διὰ
2646 1408 2830 1487 ξίφους
2860 1409 3108 1485 ἐκχυθὲν,
3143 1409 3420 1484 ἄνθρωποι
3487 1408 3807 1486 βλέπουσιν,

2155 1494 2300 1551 ἀλλὰ
2330 1500 2398 1572 τῇ
2432 1495 2664 1553 διαθέσει
2712 1502 2810 1553 τοῦ
2862 1498 3053 1572 μίσους
3103 1498 3494 1575 ἀναιρεθέντος.
3531 1499 3661 1562 Θεὸς
3713 1501 3814 1576 ἄρα

2154 1586 2217 1641 οὐ
2253 1586 2414 1660 μόνον
2450 1587 2582 1664 ὑπὲρ
2630 1589 2896 1665 πράξεων,
2929 1586 3076 1644 ἀλλὰ
3105 1588 3192 1643 καὶ
3228 1589 3360 1661 ὑπὲρ
3393 1585 3680 1663 )ογισμῶν
3721 1588 3808 1644 καὶ

2155 1676 2288 1751 ὑπὲρ
2319 1677 2687 1754 προαιρέσεων
2739 1677 2816 1732 ἑνὶ
2857 1679 3067 1750 ἑκάστῳ
3113 1677 3404 1755 στεφάνους
3452 1679 3488 1747 ἢ
3537 1678 3803 1751 τιμωρίας

2151 1763 2470 1836 ἀποδιδοὺς,
2519 1768 2699 1832 καθὼς
2758 1765 2917 1829 αὐτὸς
2976 1765 3064 1822 διὰ
3121 1771 3218 1822 τοῦ
3275 1770 3561 1844 προφήτου
3620 1766 3806 1838 φησίν’

2153 1880 2180 1906 ‹‹
2217 1856 2360 1931 Ἐγὼ
2391 1854 2628 1932 ἔρχομαι
2662 1861 2978 1933 συναγαγεῖν
3019 1856 3085 1910 τὰ
3127 1853 3279 1931 ἔργα,
3332 1856 3419 1912 καὶ
3469 1854 3595 1917 τοὺς
3647 1853 3801 1928 λογι-

2157 1944 2352 2019 σμοὺς,
2403 1946 2492 2001 καὶ
2550 1947 2646 2008 τὰς
2705 1945 3025 2019 ἐνθυμήσεις
3087 1945 3288 2002 αὐτῶν.
3339 1971 3366 1997 ››
3409 1943 3507 1999 Καὶ
3565 1942 3728 1998 πάλιν
3780 1945 3808 1998 ὁ

2155 2033 2492 2096 Ἀπόστολος
2551 2033 2741 2111 λέγει·
2808 2058 2834 2085 ‹‹
2893 2033 3108 2106 Μεταξὺ
3165 2033 3428 2105 ἀλλήλων
3485 2037 3593 2088 τῶν
3653 2031 3810 2108 λογι-

2155 2128 2308 2197 σμῶν
2366 2127 2800 2198 κατηγοροῦναες
2861 2124 3381 2200 [κατηγορούντων],
3437 2123 3472 2192 ἢ
3525 2122 3614 2177 καὶ
3673 2123 3810 2177 ἀπο-

2155 2211 2506 2287 λογουμένων
2556 2211 2609 2267 έν
2658 2211 2860 2288 ἡμέρᾳ,
2897 2211 2986 2269 ὅτε
3034 2218 3207 2289 κρινεῖ
3236 2213 3262 2266 6
3310 2211 3439 2274 Θεὸς
3487 2212 3554 2266 τά
3599 2212 3809 2286 κρυπτά

2152 2307 2261 2358 τῶν
2318 2301 2642 2378 ἀνθρώπων.
2676 2322 2702 2354 s
2742 2301 2916 2365 Αύτὸς
2976 2300 3034 2358 δὲ
3090 2303 3117 2357 6
3177 2301 3473 2372 Δεσπότης,
3536 2298 3804 2356 διδάσκων

2154 2394 2325 2466 ἡμᾶς,
2376 2390 2458 2446 ὅτι
2512 2387 2596 2446 δεῖ
2649 2397 2820 2446 πᾶσαν
2891 2391 3057 2468 ὀργὴν
3125 2389 3494 2460 ἀποτίθεσθαι,
3546 2390 3708 2469 φησὶν
3759 2389 3811 2444 ιν

2154 2487 2271 2542 τοῖς
2337 2477 2735 2556 Εὖαγγελίοις·
2801 2505 2827 2532 ‹‹
2886 2481 3009 2536 ’Ότι
3068 2485 3170 2541 πᾶς
3228 2479 3256 2534 6
3319 2478 3677 2554 ὀργιζόμενος
3731 2484 3812 2552 τῷ

2157 2567 2380 2648 ἀδελφῷ
2437 2568 2600 2624 αὐτοῦ
2658 2566 2851 2645 ἔνοχος
2912 2564 3155 2642 ἔσταιτῇ
3206 2567 3397 2644 κρίσει,
3438 2593 3464 2619 ››
3495 2568 3650 2623 Οὕτω
3706 2569 3806 2646 γὰρ

2155 2665 2264 2715 τῶν
2323 2658 2661 2738 ἀντιγράφων
2719 2659 2786 2714 τὰ
2845 2653 3040 2730 ἀκριϐῆ
3096 2658 3361 2734 περιέχει·
3395 2659 3456 2713 τὸ
3503 2658 3604 2735 γάρ
3664 2657 3810 2730 εἰκῆ,

2159 2749 2218 2805 ἐκ
2266 2751 2585 2826 προσθήκης
2637 2747 2812 2820 ἐτέθη
2857 2747 2948 2803 καὶ
2993 2752 3153 2803 τοῦτο
3203 2745 3370 2817 δῆλον
3421 2747 3480 2802 ἐκ
3530 2751 3626 2802 τοῦ
3673 2767 3805 2823 προ-

2156 2837 2410 2912 κειμένου
2441 2839 2738 2914 λήμματος
2767 2844 2866 2908 τῆς
2916 2843 3152 2916 Γραφῆς.
3188 2838 3249 2894 Ὁ
3295 2839 3396 2913 γάρ
3449 2838 3648 2900 σκοπὸς
3707 2835 3807 2891 τοῦ

2159 2927 2357 3005 Κυρίου
2387 2930 2486 2998 τὴν
2519 2927 2693 3006 ῥίζαν,
2724 2927 2814 2983 καὶ
2852 2927 2944 2982 τὸν
2992 2934 3265 3003 σπινθῆρα
3305 2933 3404 2996 τῆς
3463 2927 3635 3002 ὀργῆς
3683 2926 3815 2982 ἀπι-

2156 3018 2374 3074 κόπτειν
2408 3019 2538 3074 πὰσι
2578 3017 2803 3094 τρόποις
2854 3019 3003 3090 ἡμᾶς
3056 3015 3333 3092 βούλεται,
3367 3016 3455 3072 καὶ
3508 3019 3646 3088 μήτε
3689 3015 3814 3090 μίαν

2157 3107 2426 3188 πρόφασιν
2491 3107 2662 3182 ὀργῆς
2722 3105 2773 3161 έν
2837 3104 3023 3167 αὐτοῖς
3102 3101 3522 3184 διαφυλάττειν·
3579 3103 3674 3160 ’ίνα
3733 3106 3809 3180 μή

2159 3197 2404 3272 εὐλόγως
2437 3194 2595 3266 δῆθεν
2629 3197 2725 3264 τὴν
2759 3194 2930 3272 ὀργὴν
2958 3194 3294 3268 κινούμενοι,
3326 3193 3544 3270 ὕστερον
3707 3215 3809 3269 μα-

386 3285 739 3358 perantiam,
760 3303 946 3358 neque
977 3287 1409 3344 abdicationem
1443 3289 1524 3344 rei
1556 3289 1750 3345 omnis
1780 3288 2047 3345 materia-

2161 3288 2248 3359 νίᾳ
2301 3291 2399 3342 τοῦ
2457 3283 2666 3361 ἀλόγου
2725 3289 2901 3359 θυμοῦ
2955 3283 3356 3358 περιπέσωμεν.
3389 3290 3497 3354 Τῆς
3549 3281 3606 3339 δὲ
3653 3285 3814 3340 νόσου

390 3375 488 3446 lis,
522 3391 711 3447 neque
753 3376 984 3448 jejunia
1014 3379 1071 3432 et
1099 3377 1348 3450 vigilias,
1394 3376 1638 3433 utilitati
1688 3377 1856 3434 nobis
1908 3378 2046 3444 fore,

386 3464 437 3520 si
470 3464 556 3520 ira
585 3470 764 3537 atque
793 3466 926 3522 odio
975 3466 1249 3540 correpti,
1281 3467 1363 3522 rei
1413 3467 1602 3522 simus
1642 3467 1891 3540 judicio.
1925 3469 2048 3533 Quo

385 3553 612 3609 utinam
641 3555 978 3621 liberemur,
995 3557 1186 3627 gratia
1207 3556 1438 3612 Domini
1468 3557 1650 3613 nostri
1679 3558 1819 3614 Jesu
1852 3557 2046 3614 Chris-

383 3643 512 3714 stri,
547 3644 640 3699 cui
671 3643 857 3713 gloria
888 3645 948 3700 in
981 3647 1194 3702 saecula
1223 3645 1596 3702 saeculorum.

2157 3377 2358 3446 ταύτης
2412 3372 2597 3430 τελεία
2651 3372 2854 3450 ἰατρεία
2911 3373 3046 3444 αὐτή
3103 3372 3237 3441 ἐστι,
3283 3372 3375 3428 ’ίνα
3417 3372 3813 3447 πιστεύσωμεν,

2159 3466 2242 3523 ὅτι
2274 3461 2398 3520 οὔτε
2429 3463 2516 3519 ἐπὶ
2566 3461 2820 3532 δικαίοις,
2855 3460 2979 3518 οὔτε
3029 3461 3116 3516 ἐπὶ
3168 3459 3396 3532 ἀδίκοις,
3430 3458 3626 3533 ἔξεστιν
3677 3465 3811 3536 ἡμῖν

2157 3561 2323 3612 κινεῖν
2353 3552 2444 3608 τὸν
2481 3552 2673 3626 θυμόν.
2706 3555 2812 3606 Τοῦ
2841 3551 2940 3628 γὰρ
2974 3550 3280 3624 πνεύματος
3311 3555 3410 3618 τῆς
3462 3551 3630 3628 ὀργῆς
3680 3572 3807 3605 axo-

2157 3643 2404 3705 τίσαντος
2460 3642 2559 3711 τήν
2617 3638 2882 3712 διάνοιαν,
2936 3636 3058 3695 οὕτε
3116 3637 3435 3717 διακρίσεως
3493 3644 3626 3719 φῶς,
3685 3637 3809 3694 οὔτε

386 3730 553 3806 ὀρθοῦ
614 3731 1014 3807 βουλεύματος,
1072 3731 1195 3789 οὔτε
1249 3731 1596 3805 δικαιοσύνης
1656 3729 1978 3809 κυϐέρνησις
2038 3733 2089 3790 ἐν
2149 3736 2284 3807 ἡμῖν
2345 3733 2712 3808 εὑρεθήσεται,
2773 3726 2895 3784 οὔτε
2945 3730 3071 3784 ναὸν
3127 3734 3223 3784 τοῦ
3284 3729 3441 3804 ἁγίου
3500 3728 3813 3801 Πνεύματος

383 3823 483 3892 τὴν
543 3822 812 3898 ἡμετέραν
865 3826 1049 3900 ψυχὴν
1097 3825 1342 3900 γενέσθαι
1391 3823 1635 3895 δυνατὸν,
1666 3831 1762 3880 τοῦ
1812 3827 2117 3899 πνεύματος
2168 3827 2340 3902 ὀργῆς
2393 3822 2762 3894 κυριεύοντος.
2803 3818 2973 3884 Τέλος
3023 3820 3080 3876 δὲ
3122 3822 3336 3877 πάντων
3369 3822 3480 3898 χρή
3514 3820 3576 3876 τὸ
3609 3817 3817 3890 ἄδηλον

387 3916 484 3967 τοῦ
544 3913 772 3966 θανάτου
831 3916 948 3977 καθ’
987 3915 1213 3984 ἑκάστην
1269 3916 1475 3990 ἡμέραν
1540 3915 1646 3992 πρὸ
1703 3914 2002 3994 ὀφθαλμῶν
2062 3913 2312 3991 ἔχοντας,
2347 3911 2634 3991 φυλάττειν
2692 3909 2914 3974 ἑαυτοὺς
2960 3911 3066 3966 ἀπὸ
3111 3914 3212 3985 τῇς
3247 3910 3440 3988 ὀργῆς,
3472 3910 3562 3964 καὶ
3595 3907 3818 3978 εἰδέναι,

389 3999 474 4055 δτι
534 3997 655 4054 οὔτε
713 3999 961 4072 ἄσκησις,
996 4000 1118 4057 οὔτε
1178 4004 1524 4079 σωφροσύνη,
1569 4001 1690 4059 οὔτε
1746 4004 1995 4079 ἀποταγή
2053 4005 2232 4074 πάσης
2290 3999 2452 4074 ὕλης,
2508 3998 2636 4057 οὔτε
2687 4004 2797 4054 τῶν
2852 3999 3112 4072 νηστειῶν
3171 4000 3263 4054 καὶ
3322 4001 3630 4075 ἀγρυπνιῶν
3691 3995 3814 4076 ὄφε-

393 4089 489 4150 λος
520 4092 654 4161 ἡμῖν
691 4087 856 4161 ἔσται,
890 4091 1000 4165 ἐὰν,
1037 4092 1137 4146 ὑπὸ
1176 4093 1345 4168 ὀργῆς
1376 4093 1462 4148 καὶ
1526 4093 1716 4167 μίσους
1776 4093 2160 4169 κατεχόμενοι,
2203 4089 2389 4169 ἔνοχοι
2449 4091 2754 4166 εὑρεθῶμεν
2813 4093 2883 4163 τῇ
2941 4088 3136 4164 κρίσει.
3167 4094 3266 4153 Ἦς
3325 4089 3646 4166 ῥυσθείημεν
3709 4089 3818 4164 χά-

399 4199 508 4256 ριτι
539 4184 635 4234 τοῦ
669 4181 866 4254 Κυρίου
897 4184 1056 4254 ἡμῶν
1091 4183 1269 4252 Ἰησοῦ
1302 4188 1558 4260 Χριστοῦ,
1591 4185 1635 4256 ᾧ
1667 4187 1700 4252 ἠ
1735 4181 1861 4254 δόξα
1892 4184 1967 4246 εἷς
1997 4183 2125 4246 τοὺς
2156 4183 2352 4246 αἰῶνας
2383 4185 2489 4236 τῶν
2518 4179 2755 4238 αἶ’ώνων.

465 4271 620 4327 820
642 4273 694 4327 5.
721 4272 832 4344 (18)
854 4274 1131 4338 Quintum
1150 4275 1316 4330 nobis
1331 4280 1421 4331 est
1451 4281 1747 4331 certamen
1773 4276 2055 4332 adversus

392 4361 665 4433 spiritum
702 4362 982 4434 tristitiae,
1013 4363 1114 4435 qui
1147 4363 1406 4421 animam
1456 4365 1738 4421 obscurat
1789 4369 2053 4421 nostram

394 4454 459 4506 ut
515 4449 662 4506 nulli
717 4452 904 4522 possit
951 4452 1248 4524 spirituali
1293 4453 1773 4526 contemplationi
1834 4470 2054 4520 vacare,

394 4539 749 4612 cohibetque
782 4541 943 4597 illam
978 4543 1050 4598 ab
1099 4544 1260 4598 omni
1296 4544 1448 4599 bono
1498 4559 1689 4616 Opere.
1721 4543 1866 4598 Cum
1899 4544 2056 4598 enim

397 4645 613 4702 pravus
645 4630 743 4686 ille
784 4630 1028 4702 spiritus
1059 4633 1317 4688 animam
1367 4632 1817 4705 apprehenderit
1848 4636 2057 4688 totam-

400 4733 515 4788 que
545 4719 966 4792 obscuraverit,
1001 4738 1115 4776 non
1172 4737 1370 4793 preces
1419 4739 1552 4777 cum
1588 4721 1887 4778 alacritate
1927 4722 2058 4777 fun-

401 4807 539 4862 dere
569 4809 977 4876 concedit,non
1012 4811 1070 4864 in
1101 4827 1404 4866 sacrarum
1430 4810 1744 4866 lectionum
1779 4809 2061 4883 capienda

401 4897 658 4953 utilitate
687 4915 911 4967 vacare,
945 4916 1062 4955 non
1092 4899 1373 4956 fratribus
1408 4905 1779 4956 mansuetum
1814 4905 1869 4957 et
1899 4919 2056 4956 com-

401 4987 646 5043 modum
679 5004 809 5044 esse
840 4988 983 5044 sinit
1015 5005 1028 5043 :
1063 4989 1264 5045 odium
1296 4990 1489 5047 omnis
1519 4991 1673 5045 circa
1726 5008 1902 5064 opera
1932 4997 2054 5047 stu-

395 5076 498 5144 dii,
531 5075 835 5149 ipsiusque
888 5078 1017 5134 vitaa
1050 5080 1524 5151 professionibus
1575 5081 1862 5153 suggerit.
1903 5081 2054 5138 Dum

399 5165 599 5222 omnia
624 5167 877 5240 denique
908 5167 1193 5225 salutaria
1237 5169 1445 5224 animas
1477 5169 1722 5226 consilia
1752 5171 2058 5228 confundit

393 5255 658 5323 tristitia,
719 5258 967 5329 ejusque
1030 5258 1372 5314 firmitatem
1430 5277 1496 5316 ac
1559 5261 2051 5332 perseverantiam

398 5344 593 5415 solvit,
629 5347 800 5417 quasi
857 5347 1102 5402 stultam
1136 5346 1296 5403 illam
1328 5353 1385 5404 et
1413 5349 1722 5404 attonitam
1755 5347 1955 5416 efﬁcit,
1990 5364 2055 5404 ac

475 5507 516 5543 ⁸¹
550 5507 718 5564 Rom.
752 5525 816 5578 ιι,
853 5510 943 5565 15.
1019 5510 1065 5546 ⁸³
1095 5509 1307 5568 Matth.
1339 5527 1396 5579 v,
1433 5510 1518 5565 12.

470 5665 584 5808 γιξ)
616 5664 764 5746 Ibid,
795 5679 846 5719 c.
877 5667 969 5722 20.

502 5736 524 5793 ι
575 5745 592 5808 )
624 5736 774 5794 una.
807 5751 863 5794 ο.
890 5737 958 5795 21

502 5736 592 5809 ιτ)
624 5736 774 5794 Ibid.
807 5751 863 5794 0.
890 5737 983 5795 21.

2235 4275 2288 4330 5.
2325 4270 2580 4345 Πέμπτος
2609 4272 2745 4343 ἡμῖν
2779 4267 2920 4325 ἐστιν
2971 4268 3112 4344 ἀγὼν
3173 4269 3308 4323 κατὰ
3356 4272 3453 4324 τοῦ
3512 4267 3816 4341 πνεύματος

2164 4369 2266 4432 τῆς
2314 4359 2516 4433 λύπης,
2564 4363 2661 4414 τοῦ
2710 4358 3121 4420 ἐπισκοτοῦντος
3169 4361 3238 4432 τῇ
3289 4360 3440 4432 ψυχῇ
3491 4355 3598 4410 ἀπὸ
3639 4355 3818 4426 πάσης

2165 4457 2535 4524 πνευματικῆς
2563 4448 2811 4525 θεωρίας,
2843 4447 2932 4503 καὶ
2980 4445 3296 4509 κωλύοντος
3339 4444 3504 4513 αὐτὴν
3555 4445 3662 4499 ἀπὸ
3713 4443 3820 4498 πά-

2168 4563 2267 4611 σης
2303 4541 2501 4615 ἀγαθῆς
2549 4538 2825 4616 ἐργασίας.
2856 4540 3021 4597 ’Όταν
3081 4539 3185 4612 γάρ
3237 4537 3299 4591 τὸ
3356 4535 3596 4608 πονηρὸν
3655 4537 3817 4589 τοῦτο

2168 4634 2380 4704 πνεῦμα
2433 4626 2821 4706 περιδράξηται
2878 4635 2978 4698 τῆς
3033 4628 3237 4703 ψυχῆς,
3295 4623 3383 4679 καὶ
3443 4621 3582 4694 ὅλην
3651 4622 3816 4691 αὐτὴν

2170 4721 2436 4794 σκοτώσῃ,
2485 4718 2585 4774 οὐκ
2628 4717 2793 4794 εὐχὰς
2849 4716 3085 4773 ἐκτελεῖν
3149 4715 3282 4789 μετά
3329 4712 3637 4789 προθυμίας
3687 4733 3820 4786 συγ-

2167 4814 2364 4886 χωρεῖ,
2397 4808 2458 4863 ού
2493 4812 2598 4862 τῶν
2650 4808 2811 4883 ἰερῶν
2863 4804 3302 4882 ἀναγνωσμάτων
3350 4807 3418 4878 τῇ
3470 4801 3706 4880 ὠφελείᾳ
3736 4800 3820 4876 έγ-

2167 4904 2466 4974 καρτερεῖν,
2500 4904 2672 4975 πρᾶον
2719 4895 2805 4952 καῖ
2857 4895 3252 4969 εὐκατάμικτον
3305 4894 3442 4969 πρὸς
3483 4891 3612 4951 τοὺς
3661 4887 3820 4946 ἀδελ-

2169 4987 2302 5067 φοὺς
2335 4987 2467 5043 εἶναι
2515 4987 2577 5042 οὗ
2625 4989 2921 5062 συγχωρεῖ,
2954 4983 3043 5038 καὶ
3095 4983 3230 5059 πρὸς
3281 4982 3454 5035 πάντα
3501 4982 3606 5032 τῶν
3653 4975 3822 5054 ἔργων

2165 5066 2230 5133 τὰ
2262 5074 2688 5149 ἐπιτηδεύματα,
2721 5073 2811 5129 καὶ
2844 5074 2978 5148 πρὸς
3005 5071 3173 5140 αὐτὴν
3202 5073 3300 5126 τοῦ
3336 5067 3458 5143 βίου
3506 5068 3606 5136 τὴν
3659 5066 3822 5144 ἐπαγ-

2163 5167 2346 5244 γελίαν
2409 5171 2568 5239 μῖσος
2625 5164 2864 5237 ἐμποιεῖ.
2899 5162 3001 5218 Καὶ
3061 5161 3236 5216 πάντα
3294 5155 3484 5218 ἁπλῶς
3541 5157 3607 5211 τὰ
3639 5178 3818 5225 σωτη-

2167 5242 2340 5330 ριώδη
2381 5253 2727 5330 βουλεύματα
2755 5255 2853 5316 τῆς
2899 5252 3083 5326 ψυχῆς
3121 5251 3158 5318 ἡ
3210 5246 3358 5318 λύπη
3411 5245 3686 5322 συγχέασα
3735 5242 3825 5299 καῖ

2163 5347 2266 5416 τήν
2325 5344 2569 5400 εὐτονίαν
2628 5342 2818 5412 αὐτῆς,
2848 5339 2936 5395 καὶ
2993 5336 3281 5415 καρτερίαν
3336 5333 3712 5410 παραλύσασα,
3746 5335 3820 5398 ὡς

2235 5663 2351 5737 (18)
2381 5662 2531 5723 Ibid.
2564 5666 2609 5722 Ι.
2640 5677 2720 5733 ιι,
2751 5678 2802 5721 o.
2838 5663 2889 5720 1.
