4148 6362
338 426 453 489 897

1491 418 1868 482 EPISTOLA
1914 415 1962 479 Il
2012 411 2114 477 AD
2160 410 2601 477 CASTOREM.

3640 422 3757 484 898

342 558 547 639 ἄφρονα
576 558 767 628 αὐτην,
815 552 904 611 καὶ
953 554 1291 632 παραπλῆγα
1340 552 1716 630 ἀπεργάζεται,
1763 556 1844 623 τῷ
1890 556 1989 618 τῆς

2137 553 2347 604 lemum
2420 565 2549 603 eam
2631 548 3056 620 desperationis
3119 549 3469 622 cogitatione
3546 552 3755 625 illigat.

345 648 705 725 ἀπογνώσεως
764 644 957 701 λοιπὸν
1022 642 1287 715 ἐνδήσασα
1343 641 1615 719 λογισμῷ.
1678 641 1775 695 Διά
1830 644 1991 695 τοῦτο

347 740 416 801 εἷς
444 738 646 798 σκοπὸς
695 739 828 809 ἡμῖν
878 733 1013 790 ἔστω
1064 732 1423 809 ἀγωνίσασθαι
1481 731 1570 785 τὸν
1630 729 1991 803 πνευματικὸν

350 829 553 904 ἀγῶνα,
585 826 674 881 καὶ
723 831 939 894 νικῆσαι
989 822 1080 877 σὺν
1129 827 1245 895 Θεῷ
1289 822 1357 876 τὰ
1385 821 1667 893 πνεύματα
1694 827 1792 888 τῆς
1824 840 1996 888 πονη-

351 917 491 995 ρίας,
541 916 631 971 καὶ
676 916 819 989 πάσῃ
869 911 1087 991 φυλακῇ
1137 918 1373 987 τηρῆσαι
1410 912 1509 980 τήν
1540 911 1740 965 ἑαυτῶν
1774 905 1994 981 καρδίαν

352 1008 456 1062 ἀπὸ
485 1011 582 1061 τοῦ
614 1004 925 1077 πνεύματος
970 1005 1068 1072 τῆς
1102 1001 1306 1071 λύπης,
1354 1003 1553 1077 Ὥσπερ
1584 1000 1684 1076 γάρ
1718 1000 1814 1067 σῆς
1866 995 1998 1070 ἱμά-

348 1117 487 1166 τιον,
519 1094 607 1149 καὶ
642 1092 863 1163 σκώληξ
897 1090 1080 1165 ξύλον,
1117 1091 1287 1153 οὕτως
1329 1092 1364 1160 ἡ
1416 1088 1563 1158 λύπη
1616 1089 1714 1155 τὴν
1763 1090 1861 1142 τοῦ
1905 1085 2001 1139 ἀν-

354 1184 574 1262 θρώπου
622 1183 807 1257 ψυχὴν
863 1179 1151 1253 κατεσθίει,
1196 1177 1459 1235 ἐκκλίνειν
1517 1176 1776 1233 πείθουσα
1831 1180 2000 1229 πᾶσαν

353 1261 559 1349 ἀγαθὴν
618 1270 928 1346 συντυχίαν,
980 1271 1069 1324 καὶ
1131 1266 1255 1324 οὐδέ
1312 1268 1458 1343 παρά
1506 1272 1615 1322 τῶν
1647 1264 1884 1341 γνησίων
1916 1261 2004 1341 φί-

355 1363 467 1418 λων
519 1362 680 1437 λόγον
742 1355 1078 1432 συμϐουλίας
1130 1355 1383 1431 δέχεσθαι
1451 1360 1831 1433 συγχωροῦσα,
1883 1349 2007 1407 οὐδὲ

355 1451 605 1527 χρηστὴν
653 1448 936 1525 ἀπόκρισιν
986 1450 1021 1516 ἢ
1069 1446 1349 1519 εἶ’ρήνικὴν
1404 1442 1763 1520 ὲπιτρὲπουσά
1792 1442 2008 1503 τούτοις

363 1536 705 1613 μεταδοῦναι·
742 1536 886 1592 ἀλλά
915 1542 1059 1591 πᾶσα
1087 1536 1187 1605 τὴν
1221 1536 1404 1610 ψυχὴν
1454 1528 1741 1600 θλίϐουσα,
1790 1530 2009 1607 πικρίας

360 1628 525 1696 αὐτὴν
584 1627 673 1681 καὶ
732 1624 959 1696 ἀκηδίας
1019 1629 1247 1698 πληροῖ·
1319 1622 1407 1677 καὶ
1461 1622 1653 1677 λοιπὸν
1707 1615 2010 1676 ὑποϐάλλει

359 1716 525 1784 αὐτὴν
606 1716 818 1793 φεύγειν
892 1713 1022 1775 τοὺς
1080 1713 1423 1786 ἀνθρώπους,
1479 1712 1553 1773 ὡς
1610 1711 1814 1772 αἰτίους
1875 1708 2011 1781 αὐτῇ

359 1813 457 1875 τῆς
517 1810 768 1879 ταραχῆς
825 1804 1168 1876 γενομὲνους·
1250 1802 1340 1855 καὶ
1389 1799 1451 1855 οὐ
1508 1805 1789 1876 συγχωρεῖ
1844 1798 2011 1867 αὐτὴν

362 1895 671 1971 ἐπιγνῶναι,
706 1892 787 1946 ὅτι
822 1890 920 1945 οὐκ
949 1886 1162 1961 ἔξωθεν,
1195 1888 1322 1946 ἀλλ’
1352 1887 1564 1953 ἔνδοθεν
1615 1886 1729 1963 ἔχει
1772 1889 1869 1956 τὴν
1920 1887 2011 1940 νόι

367 2004 454 2038 σον
508 1980 894 2054 ἀποκειμένην,
944 1987 1064 2049 ῆτις
1114 1979 1235 2034 τότε
1283 1983 1624 2057 φανεροῦται,
1657 1977 1782 2032 ὅταν
1816 1978 1867 2030 οἱ
1898 1997 2015 2031 πει-

370 2071 564 2147 ρασμοὶ
597 2069 906 2131 ἐπιστάντες
940 2065 1029 2123 διὰ
1055 2075 1156 2137 τῆς
1190 2068 1487 2144 γυμνασίας
1540 2067 1615 2128 εἰς
1665 2068 1726 2122 τὸ
1785 2065 2017 2144 ἐμφανὲς

367 2161 528 2230 αὐτὴν
578 2158 993 2236 προενεγκωσιν.
1028 2154 1303 2215 Οὐδέποτε
1345 2158 1447 2232 γάρ
1498 2157 1600 2211 ὑπὸ
1650 2153 1824 2210 ἄλλου
1882 2152 2015 2230 βλα-

367 2245 587 2321 ϐήσεται
648 2247 955 2325 ἅνθρωπος,
1019 2246 1063 2301 εἰ
1125 2248 1201 2319 μὴ
1247 2242 1457 2301 ἔνδοθεν
1507 2245 1873 2318 ἀποκειμένην
1904 2240 2017 2320 ἔχει

366 2342 463 2408 τὴν
518 2339 700 2409 νόσον,
750 2335 876 2406 ἤτοι
920 2337 1015 2399 τὰς
1069 2341 1177 2391 τῶν
1210 2338 1393 2390 παθῶν
1428 2333 1625 2403 αἰτίας,
1682 2334 1772 2388 καὶ
1824 2334 2019 2388 τούτου

369 2428 528 2505 χάριν
574 2429 601 2481 ὁ
650 2426 862 2481 πάντων
914 2424 1247 2501 δημιουργὸς
1297 2424 1387 2479 καὶ
1437 2425 1618 2499 ἱατρὸς
1672 2427 1778 2477 τῶν
1831 2426 2021 2497 ψυχῶν

372 2519 518 2587 Θεὸς,
552 2516 641 2570 καὶ
678 2514 839 2587 μόνος
872 2513 1227 2585 ἐπιστάμενος
1258 2512 1325 2567 τὰ
1352 2512 1639 2587 τραύματα
1686 2518 1782 2580 τῆς
1833 2515 2020 2585 ψυχῆς

374 2599 635 2676 ἀκριϐῶς,
665 2603 726 2656 οὐ
754 2602 849 2664 τὰς
886 2606 992 2655 τῶν
1040 2601 1337 2675 ἀνθρώπων
1385 2597 1662 2675 διατριϐάς
1707 2597 2023 2674 παραγγελ-

375 2690 457 2747 λει
514 2692 965 2764 καταλιμπάνειν,
1024 2688 1171 2745 ἀλλὰ
1226 2690 1319 2751 τὰς
1379 2689 1430 2743 ἐν
1490 2691 1625 2762 ἡμῖν
1684 2695 1782 2757 τῆς
1834 2686 2022 2750 κακίας

372 2782 652 2837 ἐκκόπτειν
700 2780 895 2849 αἰτίας,
961 2780 1241 2855 γινώσσων
1284 2780 1383 2847 τὴν
1451 2778 1623 2832 αἰτίαν
1676 2784 1776 2846 τῆς
1837 2780 2021 2852 ψυχῆς

477 2872 484 2883 .
655 2870 667 2885 ,
908 2874 921 2883 .
1226 2872 1252 2882 -
1358 2872 1384 2881 η
1485 2867 1499 2883 ,
1631 2867 1640 2884 ι

376 2872 553 2945 ύγε.ας
614 2891 712 2924 ουκ
759 2869 809 2923 ἐν
856 2891 934 2941 τῳ
992 2888 1265 2944 χωρισμῳ
1318 2889 1426 2922 των
1475 2878 1771 2943 ανθρωπων
1826 2886 2021 2941 κατορ-

375 2962 617 3028 θοῦσθαι,
664 2957 789 3014 ἀλλ’
844 2957 897 3013 ἐν
942 2961 1009 3031 τῇ
1041 2961 1146 3011 τῶν
1196 2955 1496 3032 ἀνθρώπων
1544 2953 1883 3031 συνδιαγωγῇ
1935 2957 2023 3009 καὶ

373 3048 662 3123 γυμνασίᾳ.
714 3049 878 3105 ’Όταν
946 3045 1125 3101 τοίνυν
1188 3042 1277 3100 διά
1331 3066 1480 3107 τινας
1539 3043 1801 3119 εὐλόγους
1864 3041 2023 3113 δῆθεν

374 3137 672 3216 προφάσεις
718 3136 845 3198 τοὺς
905 3133 1173 3213 ἀδελφοὺς
1234 3133 1754 3206 καταλιμπάνωμεν,
1814 3132 1876 3188 οὐ
1934 3134 2026 3195 τὰς

374 3230 475 3292 τῆς
508 3225 688 3296 λύπης
721 3225 972 3303 ἀφορμὰς
1005 3223 1353 3297 ἐξεκόψαμεν,
1387 3222 1534 3278 ἀλλά
1583 3222 1743 3296 μόνον
1792 3219 2025 3293 ἐνηλλά-

2103 638 2215 712 (49)
2256 640 2620 710 QuaprOpter
2666 654 2823 692 unus
2865 639 3033 693 nobis
3078 638 3155 693 sit
3186 656 3419 713 scapus,
3455 642 3759 713 spirituale

2105 732 2399 783 certamen
2413 726 2909 797 certare,spiritus
2930 728 3206 799 nequitiae
3231 746 3363 784 cum
3379 731 3494 786 Deo
3510 732 3759 797 vincere,

2105 820 2163 873 et
2206 816 2365 872 omni
2419 816 2687 871 custodia
2730 833 2827 871 cor
2877 821 3144 873 nostrum
3204 836 3434 875 servare
3484 837 3518 875 a
3547 821 3758 891 spiritu

2107 906 2358 962 tristitia:
2389 906 2457 960 ⁸³.
2492 906 2998 971 Quemadmodum
3046 908 3201 962 cnim
3249 909 3411 963 tinca
3440 909 3761 965 vestimen-

2107 998 2258 1062 tum,
2291 1000 2348 1050 et
2378 995 2591 1049 vermis
2632 994 2880 1065 lignum,
2936 997 3014 1049 ita
3066 997 3305 1051 tristitia
3348 998 3601 1053 corrodil
3655 999 3758 1055 ho-

2112 1084 2290 1140 minis
2322 1084 2603 1151 animam,
2638 1084 2777 1138 dum
2812 1086 3021 1141 suadet
3064 1085 3147 1141 illi
3190 1092 3253 1140 ut
3282 1087 3353 1142 ab
3386 1088 3547 1143 omni
3576 1089 3759 1160 probo

2114 1174 2405 1230 consortio
2452 1172 2720 1243 declinet,
2777 1190 2962 1245 neque
3012 1177 3275 1231 concedit
3325 1176 3410 1231 illi
3467 1183 3589 1232 uta
3620 1179 3772 1233 veris

2116 1263 2321 1319 amicis
2353 1262 2663 1318 consilium
2696 1264 2967 1336 accipiat,
2999 1282 3103 1320 nec
3140 1271 3201 1320 ut
3249 1267 3452 1321 mitem
3514 1271 3571 1322 et
3601 1268 3759 1338 paci-

2118 1353 2287 1408 licam
2320 1353 2758 1424 responsionem
2795 1355 2890 1407 det
2940 1354 3083 1424 ipsis
3118 1373 3130 1421 ;
3165 1356 3265 1409 scd
3316 1356 3577 1411 animam
3628 1374 3772 1411 con-

2120 1444 2323 1497 turbat
2369 1448 2578 1509 totam,
2624 1442 2863 1497 tristitia
2919 1452 2974 1497 et
3018 1444 3244 1499 incuria
3303 1446 3529 1516 replet:
3592 1450 3770 1517 atque

2120 1532 2359 1587 demum
2390 1532 2599 1586 suadet
2631 1539 2693 1585 ut
2726 1531 2908 1602 fugiat
2940 1532 3010 1586 ab
3044 1533 3403 1602 hominibus,
3454 1535 3625 1606 quasi
3658 1534 3771 1590 sibi

2124 1621 2185 1676 in
2216 1637 2397 1676 causa
2443 1620 2661 1674 iuerint
2710 1620 3135 1691 pertubationis
3167 1640 3178 1677 :
3208 1639 3404 1694 neque
3461 1624 3604 1679 sinit
3647 1639 3777 1680 eam

2127 1726 2460 1781 agnoscere,
2497 1726 2611 1764 non
2644 1709 2899 1764 exterius
2929 1711 3032 1765 sed
3070 1711 3317 1767 interius
3364 1713 3774 1784 aegritudinem

2124 1816 2253 1854 esse
2284 1798 2482 1867 sitam,
2529 1815 2657 1869 qua:
2719 1805 2857 1852 tunc
2914 1807 3174 1870 apparet,
3232 1818 3369 1857 cum
3426 1802 3768 1874 ingruentes

2127 1889 2477 1944 tentationes
2552 1887 2947 1958 experimento
3018 1887 3178 1943 illam
3275 1892 3469 1961 palam
3535 1893 3777 1948 faciunt.

2126 1978 2240 2050 (20)
2272 1983 2588 2047 Nunquam
2613 1976 2768 2031 enim
2784 1977 3303 2034 homolwdeturab
3329 1979 3591 2048 alio,nisi
3618 1981 3780 2037 intus

2128 2067 2308 2122 situm
2340 2065 2553 2121 habeat
2583 2066 2877 2131 morbum,
2910 2066 3135 2122 scilicet
3160 2068 3502 2138 passionum
3545 2087 3777 2126 causas:

2129 2173 2257 2227 quae
2289 2172 2467 2210 causa
2498 2155 2768 2225 estquod
2803 2154 3068 2211 omnium
3116 2159 3309 2228 opifex
3362 2166 3419 2213 et
3448 2160 3783 2215 animarum

2132 2244 2397 2299 medicus
2432 2244 2610 2310 Deus,
2643 2244 2744 2314 qui
2776 2244 2937 2299 solus
2970 2247 3150 2316 probe
3179 2250 3235 2301 et
3277 2254 3543 2304 accurate
3575 2250 3785 2304 animas

2130 2334 2373 2390 vulnera
2405 2334 2581 2401 novit,
2616 2352 2729 2388 non
2764 2334 3072 2390 hominum
3118 2339 3411 2394 consortia
3450 2339 3784 2410 relinquere

2132 2422 2448 2496 praecipiat,
2483 2424 2584 2477 sed
2617 2422 2850 2478 malitiae
2885 2441 3094 2480 causas
3126 2426 3183 2480 in
3218 2427 3387 2482 nobis
3419 2428 3787 2493 exscindere,

2133 2529 2351 2584 gnarus
2374 2528 2611 2567 causam
2644 2513 2917 2568 sanitatis
2948 2516 3156 2569 animae
3180 2532 3293 2570 non
3328 2518 3383 2571 in
3417 2518 3785 2589 separatione

2133 2602 2207 2657 ab
2236 2600 2576 2656 hominibus
2608 2601 2879 2669 obtineri,
2915 2604 3014 2658 sed
3076 2605 3133 2658 in
3182 2607 3618 2663 conversatione
3647 2625 3782 2663 cum

2134 2690 2474 2746 hominibus
2526 2698 2581 2745 et
2629 2691 2689 2745 in
2753 2692 3189 2749 exercitatione.
3247 2696 3391 2751 Cum
3460 2697 3660 2768 itaque
3710 2697 3782 2753 ob

2135 2782 2557 2834 consentaneas
2587 2781 2872 2850 quasdam
2890 2782 3229 2839 occasiones
3262 2786 3470 2840 l'ratres
3502 2787 3786 2858 relinqui-

2139 2885 2293 2933 mus,
2327 2885 2700 2939 nequaquam
2732 2869 2983 2924 tristitize
3014 2872 3351 2927 occasiones
3386 2875 3785 2944 praecidimus,

2138 2959 2237 3013 sed
2271 2958 2463 3013 solum
2496 2959 2987 3015 commutavimus
3018 2963 3349 3027 eas,inorbo
3372 2963 3595 3019 scilicet
3625 2965 3787 3020 intus

2138 3048 2325 3119 posito
2357 3064 2452 3103 eas
2487 3064 2590 3120 pro
2623 3065 2816 3104 rerum
2840 3050 3172 3105 conditione
3203 3054 3607 3125 movente.(21)
3633 3056 3784 3119 Qua-

2137 3142 2373 3209 propter
2416 3143 2619 3193 contra
2684 3138 2988 3193 interiores
3072 3140 3376 3209 passiones
3436 3148 3624 3197 totum
3685 3159 3788 3199 no-

2138 3227 2230 3282 bis
2262 3228 2338 3282 sit
2368 3226 2608 3282 bellum.
2643 3227 2717 3281 lis
2762 3228 2919 3282 enim
2982 3228 3081 3283 Dei
3142 3229 3357 3285 auxilio
3414 3232 3639 3301 ejectis,
3674 3248 3789 3287 non

378 3318 540 3389 ξαμεν
590 3315 749 3377 αὐτὸς
804 3322 904 3383 τῆς
964 3314 1389 3387 ἐναποκειμένης
1449 3309 1599 3367 ἔνδον
1678 3313 1860 3386 νόσου,
1936 3312 2023 3366 καὶ

2142 3316 2271 3371 dico
2302 3332 2437 3370 cum
2472 3314 2828 3382 hominibus,
2881 3317 2981 3371 sed
3024 3334 3158 3371 cum
3210 3319 3345 3373 feris
3395 3321 3571 3375 etiam
3628 3320 3799 3376 facile

382 3404 595 3463 διετο...
644 3408 978 3480 πραγμάτων
1031 3404 1228 3465 ταύτας
1287 3400 1665 3473 ἀνακινούσης.
1727 3403 1824 3455 Δια
1873 3405 2033 3456 τοῦτο

382 3497 518 3551 κατά
571 3499 679 3549 τῶν
746 3490 953 3557 ἔνδοθεν
1026 3494 1209 3547 παθῶν
1266 3493 1401 3554 ἅπας
1456 3494 1591 3564 ἡμῖν
1642 3488 1779 3546 ἔστω
1848 3493 1875 3547 ὁ
1934 3490 2033 3545 πό-

387 3584 579 3656 λεμος.
639 3583 860 3641 Τούτων
926 3582 1028 3657 γάρ
1108 3578 1197 3636 διὰ
1246 3588 1347 3650 τῆς
1404 3584 1502 3636 τοῦ
1564 3585 1697 3635 Θεοῦ
1756 3580 2033 3657 συνεργίας

384 3668 800 3743 ἐκϐληθέντων,
850 3671 910 3726 οὐ
971 3670 1118 3746 λέγω
1179 3671 1313 3744 μετὰ
1368 3669 1689 3746 ἀνθρώπων,
1742 3668 1887 3726 ἀλλά
1943 3669 2034 3725 καὶ

388 3763 521 3835 μετά
568 3762 773 3838 Θηρίων
819 3759 1061 3822 εὐκόλως
1112 3756 1580 3835 συνδιατρίψομεν,
1640 3760 1773 3815 κατά
1820 3760 1883 3814 τὸ
1931 3759 2034 3815 ὑπὸ

380 3857 477 3907 ~.03
532 3851 796 3926 μακαρίου
856 3844 980 3905 Ἰὼϐ
1039 3849 1351 3925 εἰρημένον·
1409 3874 1437 3901 ‹‹
1497 3852 1669 3924 Θῆρες
1729 3846 1906 3925 ἄγριοι
1965 3848 2037 3904 εί·-

384 3941 702 4018 ρηνεύσουσί
762 3961 868 3998 σοι,
922 3964 950 3990 υ
997 3937 1435 4013 Προηγουμὲνως
1492 3937 1671 3992 τοίνυν
1705 3937 2031 4013 ἀγωνιστὲον

381 4031 518 4087 κατά
546 4035 640 4084 τοῦ
672 4029 980 4101 πνεύματος
1037 4030 1135 4092 τῆς
1191 4026 1394 4099 λύπης,
1445 4025 1543 4081 τοῦ
1598 4024 1900 4101 βάλλοντος
1933 4028 2033 4095 τὴν

388 4120 576 4195 ψυχὴν
610 4118 684 4181 εἷς
739 4117 1071 4192 ἀπόγνωσιν,
1128 4113 1277 4177 ὅπως
1326 4114 1684 4188 ἀπελάσωμεν
1734 4120 1896 4170 τοῦτο
1934 4120 2033 4180 τῆς

389 4207 659 4283 ἡμετερας
689 4203 937 4282 καρδίας.
982 4209 1155 4260 Τοῦτο
1214 4205 1317 4280 γὰρ
1369 4205 1459 4259 τὸν
1514 4204 1645 4261 Κάϊν
1698 4202 1758 4257 οὐ
1792 4206 2033 4279 συνεχώ-

385 4317 517 4373 ρησε
564 4297 697 4370 μετά
740 4297 840 4365 τήν
897 4292 1316 4371 ἀδελφοκτονίαν
1368 4300 1719 4367 μετανοῆσαι,
1778 4289 1900 4348 οὔτε
1945 4294 2039 4348 τὸν

385 4383 589 4442 Ἰούδαν
652 4385 785 4458 μετά
834 4386 932 4453 τὴν
985 4388 1083 4438 τού
1140 4382 1411 4438 Δεσπότου
1490 4380 1802 4458 προδοσίαν.
1863 4382 2037 4440 Ἐκεί-

383 4497 480 4544 νην
517 4474 688 4548 μόνην
738 4475 837 4543 τήν
890 4471 1069 4543 λύπην
1126 4473 1475 4545 ἀσκήσωμεν,
1521 4472 1619 4541 τὴν
1651 4470 1738 4526 ἐπὶ
1775 4473 1845 4544 τῇ
1877 4493 2038 4547 μετα-

384 4564 507 4636 νοίᾳ
533 4570 639 4620 τῶν
672 4564 1076 4640 ἡμαρτημένων
1112 4564 1245 4636 μετά
1292 4560 1513 4625 ἐλπίδος
1564 4562 1772 4637 ἀγαθῆς
1820 4566 2039 4639 γινομέ-

385 4675 507 4723 νην,
582 4654 670 4707 καὶ
744 4656 812 4726 τῇ
887 4652 1165 4722 ἐπικτήσει
1222 4656 1329 4706 τῶν
1393 4649 1446 4705 ἐν
1506 4650 1761 4727 οὐρανοῖς
1822 4651 2041 4728 ἀγαθῶν

2144 3405 2628 3476 degemus,juxta
2656 3403 2802 3458 illud
2837 3404 2988 3459 beati
3018 3404 3192 3461 Jobin
3216 3406 3437 3463 dictum
3474 3425 3485 3463 :
3522 3432 3549 3460 «
3584 3411 3799 3465 Imma-

2148 3511 2250 3550 nes
2283 3495 2415 3549 fera:
2456 3510 2655 3565 pacem
2704 3499 2896 3549 tecum
2957 3494 3263 3551 habebunt
3308 3498 3372 3551 3‘.
3410 3519 3437 3547 »
3473 3500 3535 3553 In
3593 3497 3801 3570 primis

2146 3583 2330 3654 igitur
2358 3587 2745 3655 pugnandum
2798 3588 3003 3639 contra
3047 3585 3324 3656 spiritum
3385 3587 3662 3657 tristitiae,
3696 3588 3799 3659 qui

2145 3673 2403 3728 animam
2436 3671 2673 3742 oonjicit
2702 3671 2760 3726 in
2792 3672 3285 3745 desperationem;
3321 3681 3383 3731 ut
3412 3677 3681 3749 (malum)
3720 3677 3797 3732 il-

2144 3761 2244 3816 lud
2277 3778 2343 3817 ex
2377 3761 2546 3817 corde
2578 3768 2775 3816 nostro
2808 3761 3115 3833 pellamus.
3149 3765 3297 3819 Illud
3322 3766 3478 3821 enim
3511 3783 3625 3822 non
3659 3767 3799 3822 sivit

2146 3850 2388 3906 Cainum
2422 3856 2555 3922 post
2575 3850 2770 3904 fratris
2791 3852 3007 3907 caedem
3040 3853 3340 3923 poenitere;
3362 3872 3549 3927 neque
3577 3856 3795 3912 Judam

2146 3946 2278 4011 post
2308 3938 2541 3994 Domini
2586 3938 2995 4010 proditionem.
3055 3941 3196 3997 Eam
3255 3942 3439 3998 solam
3472 3943 3803 4000 habeamus

2146 4028 2465 4095 tristitiam,
2499 4044 2624 4097 quae
2658 4029 3061 4098 paenitentiam
3112 4039 3491 4100 peccatorum
3544 4034 3806 4105 respicit,

2145 4133 2281 4171 cum
2310 4117 2461 4171 bona
2490 4134 2593 4187 spe
2613 4117 3073 4186 conjunctam,st
3103 4137 3230 4191 quae
3260 4120 3588 4178 caelestium
3619 4124 3801 4179 bono-

2147 4222 2279 4261 rum
2311 4204 2738 4276 possessionem
2774 4205 3046 4261 conciliat
3075 4224 3087 4274 ;
3122 4208 3194 4262 de
3226 4226 3342 4280 qua
3372 4210 3517 4265 dixit
3550 4216 3809 4284 Aposto-

2147 4294 2241 4350 lus
2274 4312 2286 4349 :
2325 4315 2354 4345 «
2386 4296 2519 4360 Quas
2552 4294 2876 4348 secundum
2909 4300 3091 4351 Deum
3123 4297 3363 4352 tristitia
3393 4305 3482 4354 est
3510 4299 3560 4334 ⁸⁸
3591 4323 3621 4349 ››
3663 4341 3678 4355 .
3723 4343 3736 4356 .
3785 4342 3799 4357 .

2148 4387 2229 4441 Ea
2259 4384 2456 4455 itaque
2506 4382 2749 4437 tristitia
2799 4400 2928 4454 quas
2984 4384 3337 4455 pcenitentia:
3386 4404 3491 4459 spe
3530 4388 3634 4443 alit
3667 4388 3799 4444 ani-

2151 4491 2328 4540 mam,
2382 4471 2599 4544 gaudio
2648 4473 2958 4527 commista
3009 4480 3095 4528 est
3152 4489 3165 4527 :
3217 4491 3399 4543 quare
3448 4476 3701 4531 alacrem
3751 4481 3810 4531 et

2155 4563 2226 4618 ad
2282 4578 2455 4617 omne
2505 4561 2724 4615 bonum
2774 4578 2923 4631 opus
2970 4562 3391 4634 obsequentem
3457 4566 3649 4622 reddit
3702 4565 3806 4621 ho-

2153 4654 2401 4717 minem,
2462 4666 2700 4705 accessu
2775 4668 3009 4721 quoque
3086 4651 3315 4708 facilem
3395 4660 3454 4710 et
3500 4654 3812 4711 humilem.

386 4740 868 4815 ἐπιτηδευομένην.
905 4741 1034 4817 Περὶ
1060 4741 1127 4810 ἦς
1156 4740 1242 4795 καὶ
1276 4742 1303 4794 ὁ
1340 4738 1673 4802 Ἀπόστολος
1706 4740 1876 4811 εἶπεν,
1909 4741 1991 4797 ὅτι
2026 4766 2055 4795 ‹‹
2085 4745 2149 4800 Ἠ
2181 4740 2318 4795 κατά
2346 4739 2473 4794 Θεὸν
2509 4736 2751 4808 λύπη....
2794 4762 2814 4788 ι
2849 4742 2917 4811 τῇ
2965 4736 3145 4793 ἐλπίδι
3194 4748 3294 4810 τῆς
3352 4743 3639 4815 μετανοίας
3695 4743 3817 4819 τρέ-

389 4853 560 4910 φουσα
584 4834 681 4901 τὴν
716 4832 925 4906 ψυχὴν,
959 4830 1105 4907 χαρὰ
1134 4830 1442 4903 σύμμικτος
1472 4828 1726 4905 ὑπάρχει⁶
1759 4830 1877 4895 ὅθεν
1908 4834 1997 4887 καὶ
2028 4832 2309 4909 πρόθυμον
2344 4828 2433 4883 καὶ
2467 4828 2707 4897 ὑπήκοον
2738 4829 2872 4903 πρὸς
2904 4834 3075 4883 πᾶσαν
3107 4830 3312 4905 ἀγαθὴν
3361 4832 3609 4909 ἐργασίαν
3636 4852 3817 4909 παρα-

389 4920 631 4990 σκευάζει
662 4921 753 4975 τὸν
788 4921 1070 4995 ἄνθρωπον
1104 4917 1444 4995 εὐπρόσιτον,
1476 4919 1745 4975 ταπεινὸν.

463 5022 669 5100 [ᾼείπει
704 5020 921 5100 φύλλον⁵
968 5018 1047 5091 ἓν,
1109 5018 1353 5100 τουτέστι
1404 5019 1469 5100 τὸ
1524 5017 1714 5100 λεῖπον
1756 5020 1892 5074 κατά
1929 5024 2045 5100 ⁸τοῖν
2077 5027 2123 5089 Ι)

392 5091 700 5169 πνεύματος
716 5091 825 5162 ’τῆς
859 5091 1062 5163 λύπης,
1093 5092 1183 5148 καὶ
1213 5094 1247 5162 ἡ
1283 5092 1431 5169 ἀρχὴ
1462 5094 1558 5145 τοῦ
1589 5091 1724 5145 κατὰ
1769 5099 1867 5161 τῆς
1917 5092 2047 5162 ἀκη-

396 5162 513 5228 δίας
531 5162 897 5239 ’πνεύματοςῂ

644 5264 840 5340 Ἄρτον
867 5261 1132 5327 ἐσθίωσιν.
1166 5261 1515 5335 Ἀκούσωμεν
1550 5264 1664 5323 πῶς
1695 5265 1874 5340 σοφῶς
1906 5263 2044 5334 ἡμῖν

394 5348 736 5407 ὑποδείκνυσι
757 5352 851 5413 τὰς
876 5351 1048 5413 αἶτίας
1066 5358 1163 5421 τῆς
1189 5347 1415 5420 ἀκηδίας
1439 5351 1466 5405 ὁ
1493 5350 1826 5412 Ἀπόστολος
1854 5374 1878 5405 ιι
1898 5350 2051 5405 Ἀτά-

390 5461 550 5504 κτους
584 5465 614 5494 ››
639 5442 741 5518 γὰρ
774 5438 932 5498 καλιῖ
954 5440 1082 5503 τοὺς
1110 5441 1185 5515 μή
1218 5439 1720 5517 ἐργαζομένους,ἒνὶ
1748 5438 1929 5513 τούτῳ
1955 5440 2050 5517 ῥή-

1522 5567 1568 5603 "
1599 5566 1648 5628 ll
1679 5552 1808 5626 Cor.
1841 5583 1943 5640 vn,
1978 5568 2067 5624 10.

466 5568 512 5603 ⁸³
542 5568 706 5624 Prov.
738 5582 813 5637 iv,
841 5566 933 5622 23.
1011 5568 1058 5603 ⁸⁴
1080 5567 1300 5637 Job.‘v,
1330 5568 1422 5623 23.

469 5693 586 5839 (19g
613 5693 760 5750 Ibid.
794 5708 847 5750 ο.
878 5693 915 5747 2
937 5696 996 5750 et
1025 5709 1150 5766 seq.

471 5765 565 5839 (20
618 5764 765 5823 Ibid.
798 5780 849 5823 ο.
879 5764 937 5824 7.

471 5764 586 5841 (20)
618 5764 765 5823 Ibid.
798 5780 849 5823 ο.
879 5764 937 5824 7.

2231 5022 2349 5092 [Hic
2377 5019 2540 5094 deest,
2584 5036 2760 5074 unum
2810 5022 3031 5089 folium,
3092 5023 3307 5078 scilicet
3364 5025 3507 5094 quod
3563 5031 3809 5093 superest

2157 5094 2418 5148 adversus
2465 5093 3042 5165 tristitiaespz'rilum,
3092 5105 3145 5148 ct
3195 5093 3417 5150 initium
3465 5112 3651 5150 eorum
3682 5110 3810 5165 qua

2157 5166 2418 5221 dicuntur
2444 5162 2511 5217 de
2533 5164 2774 5234 torporis
2803 5166 3053 5236 spz'rz'tu.]

2234 5261 2575 5319 ...6.Panem
2592 5263 2964 5320 manducent.
2984 5264 3228 5318 Audiam
3242 5281 3307 5319 us
3321 5280 3499 5333 quam
3515 5262 3813 5335 sapienter

2162 5352 2330 5411 nobis
2361 5351 2631 5407 ostendat
2659 5350 2974 5423 Apostolus
3005 5352 3254 5422 torporis
3300 5352 3544 5422 hujusce
3577 5367 3808 5408 causas.

2162 5463 2191 5492 ‹‹
2220 5438 2515 5512 Inquietos
2544 5438 2623 5489 ⁸⁸»
2654 5440 2869 5512 quippe
2893 5444 3061 5495 vocat
3077 5456 3176 5496 eos
3207 5440 3309 5512 qui
3337 5456 3453 5497 non
3469 5447 3807 5513 operantur:

2169 5567 2214 5603 ⁸⁸
2244 5566 2288 5622 Il
2318 5564 2525 5622 Thess.
2558 5578 2645 5632 ιιι,
2675 5564 2731 5619 7.

2222 5690 2339 5765 (21)
2371 5690 2517 5748 Ibid.
2551 5705 2602 5747 ο.
2634 5690 2689 5746 s.
