4148 6360
376 379 495 443 899

1546 375 1608 436 S.
1656 372 2180 437 ATHANASIUS.
2199 410 2275 419 —
2307 378 2618 442 SPURIA.

3687 391 3808 451 900

383 514 490 571 hac
523 530 640 569 una
670 530 808 570 voce
837 513 1083 570 multam
1116 511 1421 569 declarans
1454 510 1740 567 malitiam
1772 510 1886 581 (22)
1921 511 2012 575 Qu:

2147 528 2275 580 ματι
2304 508 2522 580 πολλὴν
2556 511 2741 568 κακίαν
2774 512 3071 591 εμφαίνων.
3105 516 3166 573 Ὁ
3197 515 3302 592 γὰρ
3341 516 3508 594 ἄργος
3536 520 3625 575 καὶ
3655 542 3801 598 προ-

379 603 536 659 enim
569 602 795 659 otiosus
815 601 1141 669 est,verbis‘
1155 618 1389 675 quoque
1404 600 1754 657 temerarius
1776 598 2029 666 exsistit,

374 696 804 765 promptusque
826 693 897 748 ad
922 691 1465 762 conviciandum,ac
1499 691 1738 746 demum
1770 690 1841 744 ad
1867 688 2029 762 quie-

374 785 497 837 tam
526 780 704 837 vitam
754 780 1044 853 agendam
1093 781 1348 851 ineptus,
1395 784 1452 834 et
1500 778 1753 851 torporis
1802 793 2026 833 servus.

375 870 525 928 827
559 869 830 942 Praecipit
860 870 1058 943 itaque
1091 874 1154 924 ut
1180 868 1688 937 subtrahamus,id
1721 871 1810 924 est
1830 882 2027 939 segre-

373 977 584 1034 gemus
612 977 719 1017 nos
747 961 821 1017 ab
853 959 979 1028 illo,
1011 960 1183 1032 quasi
1213 977 1247 1015 a
1270 959 1544 1031 pestifero
1576 956 2030 1014 morbo.Deinde

375 1049 521 1122 quid
554 1050 637 1106 ait
667 1066 680 1106 :
720 1072 750 1102 (ς
783 1050 850 1105 Et
880 1066 995 1105 non
1043 1049 1368 1105 secundum
1419 1048 1799 1104 traditionem
1848 1061 2026 1117 quam

373 1142 724 1212 acceperunt
752 1157 787 1195 a
816 1138 985 1196 nobis
1015 1139 1078 1208 ⁸⁷,
1112 1161 1140 1189 ››
1174 1154 1241 1194 ac
1271 1155 1375 1211 per
1421 1137 1531 1193 hoc
1577 1137 1800 1193 dictum
1833 1140 2025 1192 osten-

371 1230 457 1286 dit
487 1246 586 1286 eos
617 1246 746 1286 esse
777 1228 1085 1301 superbos,
1117 1231 1569 1300 contemptores,
1590 1234 1642 1282 et
1674 1225 2025 1298 apostolica-

366 1336 500 1376 rum
528 1317 913 1375 traditionum
942 1316 1273 1374 violatores.
1310 1322 1391 1372 Ac
1422 1332 1659 1371 rursum
1697 1333 1709 1371 :
1744 1336 1773 1366 ι(
1829 1318 2025 1384 Neque

368 1408 555 1481 gratis
613 1425 848 1480 panem,
908 1408 1010 1476 ait,
1091 1407 1577 1463 manducavimus
1656 1404 1729 1461 ab
1801 1403 2022 1475 aliquo,

367 1498 470 1554 sed
494 1496 553 1553 in
585 1497 781 1554 labore
819 1500 877 1553 et
925 1497 986 1551 in
1036 1496 1399 1569 fatigatione,
1456 1499 1627 1551 nocte
1672 1498 1729 1550 et
1758 1493 1851 1549 die
1882 1508 2022 1564 ope-

372 1592 591 1658 rantes,
626 1603 697 1642 ne
728 1602 905 1659 quem
936 1590 1198 1642 vestrum
1230 1600 1610 1657 gravaremus
1652 1584 1715 1640 ⁸⁸.
1753 1604 1783 1633 ››
1818 1584 2024 1638 Doctor

370 1677 466 1733 ille
497 1678 783 1750 gentium,
817 1674 1114 1747 Evangelii
1140 1691 1347 1747 prisco,
1391 1673 1491 1746 qui
1523 1673 1794 1730 sublatus
1817 1676 1907 1729 est
1922 1688 2021 1728 us-

368 1783 480 1840 que
502 1767 574 1823 ad
600 1765 839 1822 tertium
858 1764 1067 1821 coelum
1098 1764 1271 1836 8°,qui
1300 1764 1383 1821 ait
1401 1763 1659 1835 jussisse
1683 1761 2019 1829 Dominum,

371 1861 437 1912 ut
464 1873 566 1912 eos
597 1855 696 1928 qui
740 1853 1119 1927 Evangelium
1152 1852 1523 1921 annuntiant,
1582 1869 1653 1908 ex
1707 1851 2018 1923 Evangelio

370 1945 567 2002 vivant
612 1945 676 2014 9°,
728 1944 788 1999 in
838 1942 1038 2000 labore
1079 1946 1249 1999 nocte
1296 1947 1353 1999 et
1394 1941 1487 1998 die
1543 1942 1918 2014 operabatur,
1952 1957 2024 1997 ne

371 2050 546 2105 quem
596 2035 883 2105 gravaret.
928 2030 1079 2097 Quid
1111 2030 1296 2104 igitur
1324 2047 1431 2086 nos
1477 2046 1721 2102 agemus
1771 2028 1873 2101 qui
1905 2045 2021 2101 pre

367 2129 601 2196 torpore
630 2139 779 2194 opus
811 2138 1173 2191 aversamur,
1214 2118 1692 2192 corporalemque
1732 2117 2021 2191 perquiri-

373 2231 509 2270 mus
544 2213 799 2282 quietem
836 2228 849 2266 :
883 2211 1101 2282 quibus
1149 2226 1256 2265 nec
1308 2208 1603 2281 Evangelii
1664 2207 2021 2278 praedicatio,

369 2320 561 2376 neque
593 2301 986 2358 Ecclesiarum
1019 2316 1160 2355 cura
1187 2298 1506 2355 commissa
1536 2302 1624 2354 est
1657 2315 1671 2366 ;
1704 2299 1805 2354 sed
1836 2297 2021 2355 solius

370 2398 578 2451 animae
608 2391 854 2465 propria
897 2389 1231 2446 sollicitudo
1272 2388 1565 2445 incumdit
1592 2390 1617 2443 Ἰ
1648 2387 1867 2444 Deinde
1897 2388 2020 2445 cla-

369 2485 496 2540 rius
525 2482 845 2540 ostendens
893 2484 1182 2553 quantum
1229 2496 1298 2535 ex
1326 2477 1443 2534 otio
1498 2476 1702 2534 damni
1759 2477 2014 2546 accedat,

367 2572 675 2645 subjungit
709 2587 722 2628 :
762 2594 784 2621 ι
817 2568 976 2625 Nihil
1026 2573 1357 2641 operantes,
1409 2568 1512 2623 sed
1569 2567 1797 2623 curiose
1836 2583 2013 2639 agen-

366 2669 457 2720 tes
487 2664 529 2699 ⁰¹
563 2678 578 2717 :
613 2684 643 2713 »
687 2677 756 2717 ex
801 2658 941 2730 otio,
990 2658 1395 2725 inordinatio;
1445 2673 1513 2712 ex
1556 2655 2013 2729 inordinatione,

361 2751 557 2809 omnis
580 2748 807 2807 malitia
836 2747 1342 2804 exoriturJleinde
1363 2746 1502 2802 huic
1527 2745 1850 2802 remedium
1870 2762 2014 2816 prie-

363 2857 582 2914 parans
613 2839 696 2896 ait
727 2855 740 2893 :
768 2861 796 2890 ‹‹
830 2837 908 2893 lis
933 2841 1133 2894 autem
1164 2837 1262 2907 qui
1295 2835 1589 2907 ejusmodi
1618 2838 1762 2890 sunt
1790 2835 2014 2890 denun-

362 2930 604 2998 tiamus,
638 2933 697 2986 et
741 2927 1070 2997 hortamur,
1120 2930 1186 2983 ut
1234 2942 1370 2982 cum
1418 2924 1652 2981 silentio
1702 2928 2013 2996 operantes

364 3036 540 3076 suum
572 3034 785 3092 panem
817 3017 1179 3073 manducent
1219 3016 1289 3087 9³,
1322 3038 1352 3065 ››
1400 3019 1579 3086 atque
1609 3030 1745 3069 cum
1797 3030 2013 3086 magna

358 3109 757 3180 increpatione
783 3106 1022 3178 subjicit
1053 3123 1066 3162 :
1099 3127 1128 3157 «
1160 3105 1215 3161 Si
1247 3104 1383 3177 quis
1436 3121 1551 3160 non
1604 3102 1729 3159 vult
1757 3103 2006 3176 operari,

358 3215 464 3255 nec
496 3199 811 3254 manducet
838 3197 901 3254 ⁸³.
938 3218 967 3246 ››
1000 3195 1111 3267 (23)
1142 3194 1312 3251 Hisce
1339 3194 1679 3267 apostolicis
1702 3194 2007 3266 praeceptis

2143 598 2310 668 πετὴς
2342 598 2392 653 ἐν
2427 598 2618 676 λύγοις
2649 602 2930 679 τυγχάνει,
2962 604 3053 659 καὶ
3084 604 3219 682 πρὸς
3252 604 3530 681 λοιδορίαν
3563 611 3796 686 πρόχει-

2142 708 2256 762 ρος,
2286 688 2376 744 καὶ
2405 688 2599 746 λοιπὸν
2629 692 2703 754 εἲς
2733 692 2968 769 ἡσυχίαν
2998 692 3397 770 ἀνεπιτήδειος,
3420 698 3510 752 καὶ
3531 706 3630 769 τῆς
3658 701 3796 772 ἀκη-

2141 773 2258 840 δίας
2285 774 2505 843 δοῦλος.
2539 781 2916 857 Παραγγέλλει
2949 782 3040 838 οὗν
3093 782 3413 850 στέλλεσθαι
3461 787 3553 842 ἀπ’
3604 788 3796 865 αὐτοῦ,

2138 865 2410 923 τουτέστιν
2436 868 2783 948 ἀφορίζεσθαι
2815 871 2889 934 ὡς
2923 872 3028 926 ἀπὸ
3061 871 3327 946 λοιμικῆς
3358 875 3543 932 νόσου.
3578 877 3714 934 Εἶτα
3739 879 3794 935 τί

2138 976 2296 1033 φησι*
2317 981 2346 1008 ι(
2380 958 2479 1013 Καὶ
2513 960 2590 1032 μή
2622 961 2758 1015 κατά
2787 962 2885 1030 τὴν
2920 959 3214 1034 παράδοσιν
3240 965 3301 1033 ἣν
3325 961 3640 1040 παρέλαϐον
3664 971 3793 1046 παρ’

2136 1047 2319 1119 ἡμῶν,
2353 1069 2381 1099 ι)
2412 1044 2502 1102 διὰ
2520 1055 2620 1117 τῆς
2670 1047 2866 1122 λέξεως
2916 1050 3118 1123 ταύτης
3170 1052 3548 1132 ὑπερηφάνους
3594 1044 3794 1122 αὐτούς

2136 1134 2294 1205 εἶναι,
2342 1140 2853 1214 καταφρονήσαντας
2910 1138 3209 1219 ἐμφαίνων,
3266 1143 3355 1199 καὶ
3404 1149 3513 1200 τῶν
3555 1145 3791 1204 ἀποστο-

2136 1221 2306 1279 λικῶν
2348 1223 2698 1303 παραδόσεων
2742 1228 3066 1293 καταλυτοὶς⁵
3098 1230 3188 1287 xvi
3233 1232 3417 1289 πάλιν·
3475 1258 3503 1291 α
3551 1238 3787 1311 Δωρεάν,

2135 1315 2321 1391 φησὶν,
2390 1314 2564 1391 ἄρτων
2637 1317 2737 1372 οὐκ
2797 1316 3064 1396 ἐφάγομεν
3122 1322 3269 1397 παρά
3324 1344 3496 1394 τινος,
3556 1324 3682 1381 ἀλλ’
3737 1326 3789 1383 ἐν

2133 1402 2289 1477 κόπῳ
2347 1405 2438 1459 καὶ
2498 1405 2716 1482 μόχθῳ,
2775 1409 2967 1471 νυκτὸς
3022 1410 3111 1465 καὶ
3169 1412 3381 1488 ἡμέρας
3433 1412 3786 1489 ἐργαζόμενοι

2132 1494 2269 1569 πρὸς
2300 1496 2363 1550 τὸ
2396 1496 2473 1569 μή
2525 1492 2853 1573 ἐπιϐαρῆσαί
2899 1520 3016 1554 τινα
3064 1500 3241 1573 ὑμῶν.
3296 1526 3318 1554 ι
3353 1504 3413 1561 Ὁ
3458 1501 3787 1571 διδάσκαλος

2130 1590 2237 1641 τῶν
2271 1584 2463 1656 ἐθνῶν,
2522 1588 2550 1641 6
2606 1590 2775 1664 κήρυξ
2822 1587 3183 1667 Εὐαγγελίου,
3244 1592 3272 1645 6
3334 1596 3623 1671 μετάρσιος
3683 1595 3785 1660 ἕως

2129 1675 2316 1749 τρίτου
2377 1676 2626 1752 οὐρανοῦ,
2679 1678 2707 1732 ὁ
2765 1675 2943 1753 λέγων
2988 1680 3079 1735 τὸν
3112 1679 3308 1757 Κύριον
3359 1685 3783 1762 προστεταχέναι

2127 1764 2255 1827 τοὺς
2285 1766 2348 1821 τὸ
2379 1765 2713 1843 Εὐαγγέλιον
2763 1767 3235 1845 καταγγέλλοντας
3290 1769 3350 1826 ἐκ
3400 1778 3499 1828 τοῦ
3546 1774 3783 1854 Εὐαγγέ-

2132 1854 2255 1911 λίου
2289 1855 2406 1930 ζῇν,
2456 1855 2507 1910 ἐν
2565 1856 2720 1930 κόπῳ
2770 1858 2861 1913 καὶ
2912 1859 3105 1922 νυκτὸς
3147 1861 3236 1915 καὶ
3268 1862 3479 1938 ἡμέρας
3507 1863 3782 1940 εἰργάζετο

2131 1945 2266 2020 πρὸς
2295 1946 2358 2000 τὸ
2393 1946 2470 2020 μὴ
2502 1940 2851 2023 ἐπιϐαρῆσαι.
2882 1947 2942 2003 Τί
2973 1949 3063 2003 οὗν
3097 1952 3400 2024 ποιήσομεν
3448 1954 3612 2026 ἡμεῖς
3644 1955 3783 2027 ἀκη-

2134 2032 2356 2098 διῶντες
2386 2035 2491 2090 ἀπὸ
2520 2040 2617 2090 τοῦ
2661 2034 2841 2114 ἔργου,
2881 2037 2971 2093 καὶ
3021 2041 3121 2109 τήν
3168 2044 3484 2114 σωματικὴν
3547 2044 3782 2100 ἀνάπαυ-

2132 2146 2214 2180 σιν
2269 2122 2716 2199 μεταδιώκοντες·
2781 2126 2861 2189 οίς
2920 2123 3045 2183 οὔτε
3112 2131 3369 2207 κήρυγμα
3445 2130 3782 2209 Εὐαγγελίου

2131 2214 2622 2292 ἐνεχειρίσθη,οὕτε
2644 2221 2750 2272 τῶν
2786 2214 3125 2288 Ἐκκλησιῶν
3155 2221 3190 2288 ἡ
3227 2218 3482 2295 μέριμνα,
3516 2221 3662 2278 ἀλλά
3679 2230 3781 2294 τῆς

2132 2302 2271 2367 ἰδίας
2307 2300 2480 2378 μόνης
2529 2308 2713 2381 ψυχῆς
2758 2308 2792 2376 ἡ
2828 2308 3046 2384 φροντὶς
3076 2335 3090 2377 ;
3124 2308 3274 2378 Εἶτα,
3309 2309 3635 2388 σαφέστερον
3667 2310 3782 2368 δει-

2128 2393 2303 2450 κνύων
2333 2397 2433 2464 τήν
2463 2396 2787 2468 τικτομένην
2826 2391 3038 2472 βλάϐην
3081 2397 3141 2453 ἐκ
3179 2405 3281 2469 τῆς
3329 2399 3544 2476 ἀργίας,
3593 2401 3779 2480 ἐπιφέ-

2130 2503 2230 2561 ρει⁶
2274 2508 2303 2537 ‹‹
2335 2482 2518 2556 Μηδὲν
2552 2485 2975 2562 ἐργαζομένους,
3009 2485 3157 2543 ἀλλὰ
3183 2488 3722 2565 περιεργάζομένους·
3747 2517 3778 2547 ››

2126 2574 2234 2630 ἀπὸ
2294 2575 2485 2651 ἀργίας
2546 2576 2748 2649 ἀταξία,
2820 2575 2909 2631 καὶ
2965 2576 3071 2632 ἀπὸ
3126 2577 3341 2649 ἀταξίας
3395 2584 3538 2634 πᾶσα
3591 2581 3773 2642 κακία.

2126 2666 2546 2734 Κατασκευάζων
2602 2662 2660 2719 δὲ
2716 2664 2879 2721 πάλιν
2935 2666 3034 2735 τήν
3070 2667 3353 2743 θεραπείαν
3386 2667 3556 2738 αὐτῆς
3588 2670 3772 2747 ἐπιφέ-

2126 2772 2227 2831 ρει’
2267 2779 2289 2807 ιι
2319 2759 2443 2816 Τοῖς
2491 2751 2550 2809 δὲ
2594 2751 2869 2817 τοιούτοις
2918 2754 3399 2831 παραγγέλλομεν,
3447 2758 3537 2812 καὶ
3594 2779 3770 2834 παρα-

2119 2842 2397 2917 καλοῦμεν
2430 2842 2480 2899 ἐν
2510 2842 2718 2918 ἡσυχίᾳ
2768 2842 3165 2918 ἐργαζομένους
3219 2845 3310 2900 τὸν
3365 2846 3565 2901 ἑαυτῶν
3607 2844 3768 2924 ἄρτον

2120 2931 2336 2987 ἐσθίειν·
2371 2957 2399 2985 ››
2431 2932 2520 2987 καὶ
2565 2930 3103 3005 έπιπληκτικώτερον
3150 2931 3337 3008 ἐπάγει
3389 2932 3670 3010 λέγων’“‹‹
3706 2935 3776 2994 E’I’

2117 3021 2200 3085 τίς
2243 3021 2304 3076 o6
2361 3018 2504 3075 θέλει
2561 3019 2895 3095 ἐργάζεσθαι,
2949 3018 3090 3092 μηδὲ
3146 3020 3390 3086 ἐσθιέτω.
3452 3047 3481 3075 ››
3537 3025 3774 3089 Τούτοις

2115 3117 2234 3173 τοῖς
2276 3107 2663 3172 ἀποπολικοῖς
2693 3108 3138 3186 παραγγέλμασιν
3173 3112 3226 3166 oi
3272 3111 3407 3167 κατά
3449 3113 3550 3182 τὴν
3600 3112 3770 3192 Αἴγυ-

2119 3222 2251 3257 πτον
2280 3200 2427 3274 ἅγιοι
2462 3199 2716 3275 ΙΙατέρες,
2749 3197 3153 3273 παιδευόμενοι,
3204 3198 3395 3257 οὐδένα
3440 3204 3627 3278 καιρὸν
3676 3205 3767 3280 ἀρ-

358 3288 548 3346 sanoti
577 3287 777 3345 Patres
806 3264 1059 3359 Egyptii
1090 3264 1326 3355 eruditi,
1359 3264 1431 3341 ne
1463 3264 1721 3340 minimo—
1766 3264 2007 3356 quidem

2122 3288 2252 3365 γοὺς
2286 3288 2418 3343 εἶναι
2473 3289 2601 3351 τοὺς
2653 3289 2931 3365 μοναγοὺς
2982 3289 3354 3367 ἐπιτρέπουσι,
3394 3293 3483 3347 καὶ
3535 3291 3770 3366 μάλιστα

353 3388 617 3451 tempore
646 3377 976 3433 concedunt
1003 3376 1224 3432 otiosos
1254 3391 1383 3431 esse
1406 3374 2007 3443 monachos,maxime

347 3466 641 3537 juniores,
674 3463 842 3537 gnari
872 3481 935 3520 se
965 3480 1069 3536 per
1098 3463 1444 3536 patientiam
1476 3463 1690 3535 operis,
1709 3468 2005 3535 torporem

356 3554 684 3623 eliminare,
734 3570 1029 3624 suumque
1077 3552 1191 3609 sibi
1251 3551 1599 3608 alimentum
1646 3569 2002 3625 comparare,

355 3646 532 3714 atque
543 3640 848 3713 egentibus
869 3638 1088 3696 auxilio
1104 3638 1372 3711 esse.(2-t)
1399 3638 1522 3695 Non
1540 3638 1711 3695 modo
1729 3638 1886 3694 enim
1901 3655 2004 3708 pro

355 3730 481 3787 suis
510 3730 964 3786 necessitatibus
979 3728 1422 3800 operantur,sed
1455 3726 1781 3799 peregrinis
1801 3727 2000 3795 etiam,

354 3819 733 3891 pauperibus,
791 3817 1012 3874 carceri
1071 3817 1299 3873 traditis
1358 3817 1753 3887 omnibusque
1801 3814 2005 3887 egenis

353 3909 685 3966 necessaria
713 3924 784 3963 ex
823 3924 930 3964 suo
961 3922 1135 3979 opere
1181 3906 1563 3979 suppeditant
1593 3923 1606 3960 :
1642 3904 2005 3975 creduntque

352 3997 612 4054 ofﬁcium
671 3997 1013 4068 hujusmodi
1070 3997 1426 4053 sacriﬁcium
1480 4011 1609 4051 esse
1665 3994 1781 4050 Deo
1840 4010 2003 4050 acce-

351 4088 660 4160 ptum.(25)
691 4087 809 4143 Hoc
837 4086 973 4142 item
995 4086 1162 4143 aiunt
1192 4086 1391 4142 Patres
1413 4101 1548 4141 eum
1581 4083 1681 4156 qui
1704 4091 2001 4156 operatur,

349 4190 487 4232 cum
519 4192 638 4233 uno
668 4176 935 4231 daemone
965 4191 1247 4247 pugnare,
1279 4191 1347 4230 ac
1396 4173 1748 4246 plerumque
1796 4174 1868 4230 ab
1901 4173 2002 4231 illo

349 4264 621 4321 tribulari
650 4282 663 4335 ;
692 4265 948 4322 otiosum
978 4269 1174 4320 autem
1205 4263 1455 4319 inﬁnitis
1485 4264 1853 4321 daemonibus
1873 4279 2003 4321 esse

349 4354 668 4427 captivum.
696 4355 812 4427 (26)
841 4355 1041 4427 Operae
1067 4358 1263 4410 autem
1282 4354 1539 4426 pretium
1572 4353 1748 4410 fuerit
1780 4355 2000 4412 dictum

348 4459 677 4502 memorare
709 4444 939 4501 abbatis
965 4442 1202 4517 Moysis,
1235 4443 1389 4498 inter
1434 4442 1638 4499 Patres
1686 4445 2001 4517 spectatis-

346 4532 504 4603 simi,
532 4534 688 4606 quod
721 4534 794 4590 ad
828 4550 919 4590 me
950 4533 1186 4591 loeutus
1244 4536 1353 4588 est.
1415 4533 1506 4591 Me
1562 4534 1781 4605 quippe
1841 4534 1998 4591 brevi

2113 3379 2243 3442 τοὺς
2274 3378 2593 3454 νεωτέρους,
2655 3376 2880 3452 εἰδότες,
2941 3378 3024 3435 ὅτι
3076 3377 3165 3435 διὰ
3192 3388 3291 3451 τῆς
3345 3382 3625 3454 ὑπομονῆς
3672 3387 3770 3439 τοῦ

2115 3467 2274 3545 ἔργου
2305 3466 2529 3538 ἀκηδίαν
2581 3467 2964 3538 ἀπελαύνουσι,
3026 3469 3115 3524 καὶ
3163 3470 3261 3538 τήν
3313 3471 3513 3525 ἑαυτῶν
3561 3473 3768 3549 τροφὴν

2113 3557 2568 3632 προσπορίζουσι,
2599 3556 2688 3611 καὶ
2716 3561 2835 3618 τοῖς
2869 3554 3149 3628 δεομένοις
3188 3558 3501 3632 βοηθοῦσιν·
3534 3558 3610 3615 Οὐ
3664 3559 3764 3631 μό-

2114 3645 2205 3702 νδν
2233 3646 2336 3720 γάρ
2367 3651 2467 3713 τῆς
2514 3643 2716 3698 ἐαυνῶν
2764 3641 2952 3719 χρείας
2993 3640 3170 3699 ἕνεκεν
3220 3644 3559 3719 ἐργάζονται,
3616 3646 3763 3704 ἀλλὰ

2115 3733 2173 3791 δὲ
2204 3734 2374 3805 ξένοις
2403 3732 2493 3788 καὶ
2524 3738 2796 3807 πτωχοῖς,
2827 3732 2915 3786 καὶ
2945 3737 3064 3795 τοῖς
3094 3733 3144 3787 ἐν
3180 3732 3469 3810 φυλακαῖς,
3508 3736 3597 3790 καὶ
3628 3742 3759 3792 πᾶσι

2111 3828 2227 3885 τοῖς
2259 3821 2558 3896 δεομένοις,
2590 3821 2650 3876 ἐκ
2680 3826 2777 3877 τοῦ
2805 3819 2951 3877 ἰδίου
3005 3819 3163 3898 ἔργου
3209 3822 3630 3900 ἐπιχορηγοῦσι,
3680 3848 3770 3880 πι-

2114 3912 2390 3975 στεύοντες
2420 3913 2518 3981 τήν
2562 3912 2763 3966 έαυτῶν
2817 3910 3086 3983 εὐποιίαν,
3135 3912 3318 3967 θυσίαν
3361 3913 3644 3989 εὐάρεστον
3692 3912 3774 3988 τῷ

2113 4007 2232 4075 Θεῷ
2272 4002 2534 4077 γίνεσθαι.
2581 4000 2678 4056 Καὶ
2704 4005 2865 4057 τοῦτο
2900 3998 2958 4056 δὲ
2998 4000 3244 4079 λέγουσιν
3279 4002 3330 4057 oi.
3383 4005 3636 4081 Πατέρες,
3689 4004 3774 4061 ὅτι

2115 4093 2143 4147 6
2174 4091 2534 4169 ἐργαζόμενος
2567 4090 2641 4147 ἐνὶ
2674 4088 2895 4164 δαίμονι
2925 4091 3184 4165 πολεμεῖ,
3215 4093 3305 4148 καὶ
3356 4091 3632 4156 πολλάκις
3687 4094 3778 4149 ὑπ’

2114 4182 2279 4238 αὐτοῦ
2339 4176 2606 4238 θλίϐεται·
2660 4182 2688 4236 6
2738 4179 2795 4236 δὲ
2844 4181 3006 4258 ἀργὸς
3060 4182 3162 4237 ὑπὸ
3209 4181 3416 4258 μυρίων
3451 4184 3771 4256 πνευμάτων

2114 4271 2610 4347 αἱχμαλωτίζεται.
2669 4268 2846 4326 Καλὸν
2908 4268 2967 4326 δὲ
3015 4271 3153 4347 πρὸς
3194 4271 3413 4334 τούτοις
3455 4273 3543 4327 καὶ
3603 4272 3771 4348 λόγον

2115 4359 2521 4433 ἐπιμνησθῆναι
2574 4361 2671 4414 τοῦ
2731 4352 2873 4413 ἀϐϐἄ
2902 4359 3177 4420 Μωϋσέως
3227 4361 3324 4412 τοῦ
3388 4356 3769 4433 δοκιμωτάτου

2114 4447 2166 4504 ἐν
2212 4454 2330 4510 τοῖς
2393 4449 2689 4523 ΙΙατρασιν,
2748 4445 2807 4501 ὅν
2864 4447 3002 4520 πρὸς
3062 4447 3129 4519 μὲ
3186 4447 3571 4525 ἀπεφθέγξατο.
3631 4452 3774 4505 Καθ-

2113 4537 2352 4598 εσθέντος
2378 4536 2480 4612 γάρ
2511 4557 2615 4608 μου
2646 4533 2835 4610 ὀλίγον
2867 4534 3066 4612 χρόνον
3100 4536 3152 4591 ἐν
3193 4536 3262 4612 τῇ
3310 4536 3526 4613 ἐρήμῳ,
3574 4536 3772 4614 ὠχλή-

342 4627 606 4695 tempore
635 4624 935 4680 sedentem
967 4623 1027 4679 in
1066 4639 1263 4679 eremo
1313 4628 1514 4694 torpor
1561 4621 1791 4688 afﬂixit,
1822 4628 2002 4694 atque

2122 4636 2209 4696 δην
2241 4625 2343 4680 ὑπὸ
2377 4621 2629 4695 ἀκηδίας,
2659 4624 2751 4681 καὶ
2808 4620 3141 4700 παραϐαλὼν
3200 4626 3369 4700 αὐτῷ,
3431 4626 3575 4701 λέγω
3628 4628 3765 4704 πρὸς

344 4712 627 4769 accedens
658 4715 727 4769 ad
761 4712 953 4776 illum.
996 4713 1082 4770 sic
1114 4711 1381 4784 alloquor
1414 4728 1426 4767 :
1460 4712 1714 4783 Torpore
1745 4713 1999 4784 graviter

346 4800 623 4871 afﬂictus,
657 4808 832 4874 atque
862 4802 1181 4861 admodum
1212 4802 1572 4872 inﬁrmatus,
1598 4817 1712 4857 non
1744 4801 1909 4874 prius
1929 4819 1996 4860 eo

345 4890 630 4947 liberatus
661 4909 792 4948 sum
825 4909 1004 4963 quam
1054 4892 1277 4948 abirem
1325 4896 1384 4948 et
1431 4890 1701 4947 abbatem
1747 4891 1996 4949 Paulum

343 4978 733 5035 convenirem.
797 4979 1119 5051 Respondit
1190 4979 1334 5035 mihi
1427 4980 1609 5035 abbas
1693 4980 1923 5054 Moyses
1978 4998 1992 5038 :

341 5071 691 5140 Pespectum
724 5068 895 5136 habe,
928 5070 1187 5141 teipsum
1238 5068 1482 5125 minime
1511 5069 1584 5126 ab
1615 5085 1681 5125 eo
1712 5069 1997 5127 hactenus

343 5157 648 5229 liberasse,
682 5159 802 5216 imo
834 5158 1030 5232 potius
1060 5157 1350 5216 deditium
1379 5164 1436 5215 te
1475 5164 1651 5230 atque
1682 5176 1917 5218 servum
1943 5161 1996 5218 ei

412 5334 458 5406 '3
487 5332 539 5406 _II
563 5333 728 5391 Tess.
759 5350 846 5406 III,
873 5335 930 5390 6.
1040 5334 1086 5371 ⁸⁸
1109 5332 1255 5391 ibid.
1287 5334 1342 5391 8.

344 5403 390 5440 ³³
419 5404 563 5463 ibid.
599 5406 688 5463 10.

1453 5334 1500 5370 ⁸ο
1539 5333 1591 5390 ΙΙ
1621 5337 1749 5392 Cor.
1780 5349 1889 5409 xu,
1912 5335 1969 5392 2.

557 5584 1032 5665 ga_s_sian._l_nstit.
1064 5583 1105 5641 ι.
1140 5601 1197 5656 x,
1232 5603 1284 5643 c.
1318 5585 1406 5642 13.

435 5582 528 5655 22)
557 5584 822 5665 Ca_ssian.
852 5586 917 5642 In

412 5582 710 5802 laniis;
741 5674 794 5787 ἓξ
823 5659 917 5787 ii:

2109 4714 2291 4785 αὐτὸν,
2323 4713 2406 4770 ὃτι
2439 4738 2467 4767 ι(
2501 4714 2697 4776 Δείνῶς
2727 4712 2995 4791 ὀχληθεὶς
3049 4716 3152 4770 ὑπὸ
3208 4723 3307 4786 τῆς
3364 4715 3617 4791 ἁκηδίας,
3674 4716 3765 4773 καὶ

2110 4804 2461 4876 ἐξασθενήσας
2511 4802 2739 4884 σφόδρα,
2773 4803 2833 4861 ού
2877 4804 3141 4880 πρότερον
3192 4805 3519 4881 ἀπηλλάγην
3571 4806 3762 4877 αὐτῆς,

2111 4895 2160 4950 εἷ’
2192 4894 2266 4968 μή
2302 4892 2571 4966 ἀπῆλθον,
2601 4895 2693 4950 καὶ
2724 4892 3034 4972 παρέϐαλον
3068 4899 3147 4967 τῷ
3175 4891 3317 4966 ἀϐϐᾇ
3349 4894 3609 4969 Παύλῳ.»
3638 4897 3766 4953 Ἀπ-

2112 4983 2357 5061 εκρίνατο
2392 4983 2449 5039 δέ
2483 5006 2577 5057 μοι
2607 4986 2743 5061 πρὸς
2773 4990 2941 5040 ταῦτα
2971 4985 2999 5039 6
3052 4980 3222 5046 ἀϐϐἆς
3268 4987 3511 5054 Μωϋσῆς
3559 4984 3759 5060 λέγων·

2114 5099 2142 5128 ι(
2172 5076 2390 5150 Θάρσει,
2421 5073 2531 5149 οὐχ
2580 5074 2766 5130 ἑαυτὸν
2802 5074 2907 5129 ἀπό
2937 5073 3137 5145 ταύτης
3166 5072 3569 5150 ἧλευθέρωσας,
3622 5073 3767 5131 ἀλλὰ

2115 5162 2331 5238 μᾶλλον
2364 5162 2583 5219 ἔκδοτον
2613 5164 2704 5218 καὶ
2730 5160 2927 5217 δοῦλον
2960 5162 3127 5237 ταύτῃ
3156 5160 3497 5238 πτορέδωκας·
3533 5165 3769 5221 Γίνωσκε

2081 5338 2130 5374 ⁰⁰
2159 5338 2183 5394 Ι
2210 5338 2341 5396 Cor.
2373 5354 2450 5411 Ix,
2480 5338 2567 5395 14.
2682 5338 2725 5375 ⁹¹
2763 5337 2814 5395 II
2843 5337 3051 5396 Thess.
3086 5355 3174 5410 ιιι,
3208 5340 3296 5407 14,
3408 5340 3455 5377 ⁸³
3483 5340 3633 5401 ibid.
3675 5341 3762 5398 12.

2182 5585 2301 5733 με)
2331 5587 2481 5645 Ibid.
2513 5605 2562 5645 ο.
2595 5586 2687 5645 23.

2204 5658 2297 5733 26)
2328 5659 2477 5719 Ibid.
2512 5677 2563 5719 ο.
2594 5662 2687 5719 25.

2204 5658 2297 5734 26)
2328 5659 2477 5719 Ibid.
2512 5677 2563 5719 ο.
2594 5662 2687 5719 25.
