4148 6358
333 400 445 462 901

1487 373 1862 439 EPISTULA
1912 375 1964 434 ll
2010 369 2112 433 AD
2159 371 2602 434 CAS'l‘OREM.

3648 377 3767 437 902

337 529 540 599 τοίνυν,
575 523 658 580 ὅτι
694 524 1002 597 βαρυτερῳς
1034 535 1090 570 σε
1140 513 1216 574 ὡς
1268 507 1630 578 λειποτάκτην
1680 502 1982 561 καταπολε-

2128 503 2433 560 radidisse.
2466 505 2621 560 Scito
2658 505 2837 577 igitur
2880 504 3117 576 gravius
3149 510 3224 572 te,
3259 509 3456 578 utpote
3504 509 3767 563 deserto-

346 621 525 694 μήσει·
561 615 607 670 εἰ
644 613 720 686 μὴ
751 614 846 665 106
879 607 1082 664 λοιποῦ
1114 601 1183 658 δι’
1217 603 1498 694 ὑπομονῆς
1551 598 1638 653 καὶ
1671 599 1986 694 προσευχῆς

339 683 430 764 καῖ
485 708 584 761 106
645 683 810 776 ἔργου
871 701 976 752 τῶν
1045 697 1270 770 χειρῶν,
1328 687 1528 758 ταύτην
1588 683 1988 742 καταπαλαῖσαι

345 793 670 866 σπουδάσῃς.
706 816 727 844 ι
1187 872 1200 883 .
1259 872 1270 883 ι
1475 868 1488 883 κ
1613 869 1638 880 θ
1801 863 1812 883 Ι

412 889 468 942 7.
501 878 778 953 Ἕϐδομος
807 880 942 949 ἡμῖν
987 874 1125 928 ἐστιν
1177 872 1320 947 ἀγὼν
1365 868 1500 923 κατά
1545 869 1642 920 106
1688 868 1992 936 πνεύματος

342 983 440 1046 τῆς
470 969 805 1040 κενοδοξίας,
836 964 1198 1040 πολύμορφον
1227 963 1393 1015 τοῦτο
1422 957 1512 1012 καὶ
1541 954 1870 1011 λεπτότατον
1903 954 2000 1046 πάτ

344 1036 462 1136 θος,
494 1062 583 1118 καὶ
615 1057 741 1115 οὐδὲ
768 1057 855 1112 ὑπ’
886 1054 1050 1110 αὐτοῦ
1083 1056 1180 1108 τοῦ
1210 1048 1602 1126 πειραζομένου
1641 1036 1998 1115 καταλαμϐα-

346 1129 600 1227 νόμενον.
635 1147 737 1206 Καὶ
769 1148 870 1222 γὰρ
901 1149 1010 1199 τῶν
1042 1140 1229 1197 ἄλλων
1261 1140 1446 1194 παθῶν
1480 1138 1533 1192 αἱ
1567 1129 1873 1208 προσϐολαὶ
1907 1151 2002 1208 φα-

346 1221 636 1319 νερώτεραι
666 1221 1020 1312 τυγχάνουσι,
1050 1231 1142 1286 καὶ
1175 1227 1546 1304 εὐκολώτερον
1580 1245 1696 1286 πως
1724 1224 1822 1290 την
1864 1221 2001 1294 πρὸς

344 1310 512 1388 ταῦτα
546 1310 1071 1403 μάχηννκέκτηνται,
1105 1319 1196 1374 καὶ
1247 1322 1347 1383 τῆς
1407 1321 1593 1390 ψυχῆς
1631 1314 1721 1368 τὸν
1755 1310 2000 1412 πόλεμον

349 1417 852 1495 ἐπιγινωσκομένης
889 1410 978 1466 διὰ
1006 1417 1106 1480 τῆς
1141 1405 1510 1483 ἀντιρῥησεως
1557 1403 1644 1458 καὶ
1692 1403 2003 1495 προσευχῆς

350 1488 540 1563 τοῦτον
605 1488 1028 1578 ἀνατρεπούσης.
1077 1500 1142 1555 Ἡ
1202 1494 1260 1551 δὲ
1311 1499 1410 1560 τῆς
1468 1490 1771 1562 κενοδοξίας
1826 1488 2005 1561 κακία,

351 1595 715 1672 πολύμορφος
767 1590 920 1662 οὖσα,
979 1589 1160 1650 καθὼς
1220 1582 1451 1661 εἶ’ρηται,
1511 1580 2005 1657 δυσκαταγώνιστος

351 1669 639 1761 τυγχάνει..
672 1682 767 1736 Καὶ
798 1682 898 1756 γάρ
932 1679 982 1732 ἐν
1016 1676 1173 1732 παντὶ
1227 1670 1623 1744 ἐπιτηδεύματι
1679 1669 2009 1748 παρυφίστα-

364 1755 562 1829 ται-*ἔν
609 1791 669 1826 τε
719 1755 987 1843 σχήματι,
1021 1765 1109 1819 καὶ
1164 1766 1373 1840 μορφῇ,
1420 1761 1510 1816 καὶ
1575 1756 1888 1836 βαδίσματι,
1919 1755 2008 1811 καὶ

2112 610 2255 664 rem,
2305 595 2377 648 ab
2422 611 2487 650 eo
2540 593 2955 650 debellandum
3001 611 3172 650 esse:
3206 594 3320 650 nisi
3361 595 3636 668 deinceps
3669 615 3772 671 per

2101 682 2466 755 patientiam,
2485 683 2805 740 orationem
2833 689 2889 740 et
2918 701 3067 756 opus
3089 701 3398 753 manuum,
3421 704 3555 742 eum
3579 704 3772 762 oppu-

2103 788 2284 844 gnare
2315 774 2636 830 studueris.

2176 862 2621 935 7.(27)Septimu
2634 881 2688 919 m
2703 863 2872 920 nobis
2889 868 2977 920 est
2991 867 3286 920 certamen
3305 867 3586 924 adversus
3599 869 3768 940 spiri-

2107 956 2235 1006 tum
2261 953 2454 1008 inanis
2486 953 2704 1025 gloriae,
2741 954 3140 1009 multifornem
3174 955 3338 1010 illam
3365 973 3431 1012 ac
3479 958 3762 1016 tenuissi-

2111 1058 2268 1096 mam
2301 1043 2660 1114 passionem,
2693 1060 2818 1116 quae
2851 1061 2923 1099 ne
2955 1045 3027 1098 ab
3058 1061 3124 1100 eo
3156 1045 3394 1114 quidem
3425 1048 3524 1118 qui
3570 1051 3766 1104 tenta-

2111 1134 2229 1197 tur,
2255 1133 2794 1203 comprehenditur.
2818 1136 3166 1189 Caeterarum
3191 1134 3408 1207 quippe
3430 1138 3776 1208 passionum

2115 1218 2496 1291 irruptiones,
2547 1221 2868 1294 apertiores
2927 1227 3089 1291 sunt,
3136 1228 3312 1293 atque
3362 1225 3592 1282 facilius
3640 1244 3776 1283 cum

2115 1308 2190 1364 iis
2222 1310 2776 1380 pugnaturzanima
2807 1311 3026 1384 quippe
3059 1329 3190 1367 cum
3221 1313 3443 1370 bellum
3494 1316 3779 1388 agnoscit,

2117 1401 2499 1470 repugnando
2529 1406 2586 1456 et
2634 1401 2854 1456 orando
2905 1408 3162 1473 superat.
3216 1407 3290 1457 At
3336 1403 3531 1461 inanis
3580 1406 3776 1478 glorias

2119 1487 2344 1543 malitia
2374 1487 2759 1544 multiformis
2791 1507 2921 1545 cum
2957 1493 3050 1559 sit,
3086 1491 3170 1546 uti
3203 1509 3384 1564 supra
3414 1494 3634 1551 dictum
3665 1499 3778 1564 est,

2117 1582 2453 1649 expugnata
2485 1579 2746 1634 difﬁcilis
2776 1584 2882 1635 est.
2936 1581 2997 1635 In
3047 1582 3204 1636 omni
3251 1582 3471 1655 quippe
3517 1585 3779 1642 hominis

2119 1666 2317 1722 studia
2364 1683 2622 1739 praesens
2653 1686 2713 1725 se
2745 1669 2918 1738 sistit,
2955 1669 3012 1724 in
3044 1669 3249 1726 habitu
3282 1671 3525 1741 scilicet,
3566 1675 3779 1744 forma,

2121 1772 2350 1828 gressu,
2387 1773 2677 1826 sermone,
2713 1757 2949 1831 vigiliis,
2977 1759 3242 1830 jejuniis,
3279 1761 3336 1816 in
3368 1764 3651 1832 oratione,
3699 1764 3779 1819 le-

367 1861 542 1937 λόγῳ,
573 1860 663 1914 καὶ
721 1857 772 1912 ἐν
835 1853 1175 1930 ἀγρυπνίαις,
1207 1851 1297 1906 καὶ
1360 1847 1412 1903 ἐν
1469 1847 1763 1919 νηστείαις,
1805 1845 1894 1900 καὶ
1956 1843 2006 1898 ἐν

2128 1845 2333 1914 ctione,
2368 1846 2586 1918 quiete,
2618 1846 2676 1902 in
2711 1847 3167 1918 aequanimitate.
3207 1851 3281 1904 Iis
3311 1851 3467 1906 enim
3500 1854 3780 1908 omnibus

369 1932 670 2026 προσευχῇ,
693 1945 785 2000 καὶ
841 1943 890 1998 ἐν
946 1941 1260 2018 ἀναγνώσει,
1293 1939 1383 1993 καὶ
1443 1937 1492 1991 ἐν
1539 1936 1764 2011 ἡσυχίᾳ,
1813 1933 1900 1988 καὶ
1957 1932 2007 1987 ἐν

365 2024 727 2115 μακροθυμίᾳ.
763 2034 859 2090 Διά
914 2031 1127 2087 πάντων
1185 2029 1289 2104 γὰρ
1347 2026 1552 2082 τούτων
1608 2025 1877 2101 ἐπιχειρεῖ
1921 2024 2011 2077 τὸν

359 2113 688 2205 στρατιώτην
718 2129 819 2180 106
853 2125 1088 2197 Χριστοῦ
1122 2116 1513 2190 κατατοξεύειν.
1549 2116 1644 2170 Καὶ
1677 2117 1780 2190 γὰρ
1830 2113 2012 2168 ὅντινα

361 2201 436 2292 μη
469 2215 675 2291 δυνηθῇ
710 2212 799 2268 διὰ
827 2209 1185 2270 πολυτελείας
1217 2205 1524 2279 ἐνδυμάτων
1552 2206 1688 2280 πρὸς
1705 2201 2009 2272 κενοδοξίαν

357 2309 648 2378 ἀπατῆσαι,
679 2309 870 2359 τοῦτον
907 2299 974 2355 δι’
1004 2297 1260 2360 εὐτελοῦς
1301 2297 1526 2362 ἐσθῆτος
1579 2295 1848 2370 ἐπιχειρεῖ
1895 2314 2010 2347 πει-

360 2399 556 2473 ράζειν.
599 2394 697 2448 Καὶ
727 2392 786 2447 ’ὸν
819 2390 918 2445 οὐκ
945 2387 1193 2459 ἠδυνήθη
1229 2385 1318 2440 διὰ
1345 2389 1512 2458 τιμῆς
1575 2383 1788 2457 ἐπᾶραι,
1819 2386 2010 2437 τοῦτον

360 2469 448 2542 διὰ
475 2489 572 2538 106
604 2481 780 2559 φέρειν
818 2477 975 2543 δῆθεν
1022 2475 1238 2550 ἀτιμίαν
1295 2474 1372 2536 εἰς
1422 2472 1680 2527 ἀπόνοιαν
1729 2469 1890 2546 αἴρει·
1923 2471 2013 2524 καὶ

358 2575 418 2627 ὃν
451 2571 550 2625 οὐκ
577 2556 822 2639 ἠδυνήθη
861 2563 950 2620 διὰ
975 2568 1074 2630 τῆς
1105 2563 1414 2634 ἐπιστήμης
1464 2565 1560 2615 106
1611 2556 1782 2635 λόγου
1832 2563 2013 2613 πεῖσαι

361 2656 679 2730 κενοδοξεῖν,
727 2659 919 2710 τοῦτον
975 2657 1044 2727 τῇ
1100 2654 1283 2724 σιωπῇ
1329 2651 1402 2712 ὡς
1461 2647 1671 2725 ἥσυχον
1735 2645 2010 2716 δελεάζει’

359 2748 448 2803 καὶ
481 2748 538 2801 ὃν
573 2745 672 2800 οὐκ
699 2741 946 2814 ἠδυνήθη
980 2738 1312 2810 πολυτελείᾳ
1346 2737 1651 2815 βρωμάτων
1714 2741 2014 2813 χαυνῶσαι,

359 2841 551 2892 τοῦτον
586 2832 674 2888 διὰ
721 2831 967 2903 νηστείας
1026 2830 1103 2891 εἰς
1154 2825 1370 2883 ἔπαινον
1431 2826 1633 2883 ἐκλύει.
1667 2827 1765 2881 Καὶ
1825 2826 2015 2888 ἀπλῶς

363 2933 468 2981 πᾶν
525 2922 702 2999 ἔργον,
786 2926 890 2975 πᾶν
968 2917 1326 2989 ἐπιτήδευμα,

366 3013 593 3090 παρέγει
623 3011 800 3082 τούτῳ
830 3013 908 3081 τῷ
940 3005 1179 3081 δαίμονι.
1217 3009 1336 3062 Ἔτι
1378 3003 1434 3060 δὲ
1484 3005 1619 3080 πρὸς
1667 3004 1884 3067 τούτοις
1928 3005 2017 3059 καὶ

363 3103 570 3178 κλῆρον
625 3099 944 3178 φαντάζεται
990 3099 1018 3152 ὁ
1066 3095 1486 3169 πολεμούμενος
1538 3094 1624 3148 ὑπ’
1673 3093 1862 3152 αὐτοῦ,
1904 3095 2016 3151 Μέ-

371 3215 580 3268 μνημαι
636 3192 735 3266 γάρ
793 3210 941 3250 τινος
993 3192 1271 3263 γέροντος,
1303 3186 1465 3256 ἡνίκα
1515 3185 1565 3238 ἐν
1602 3188 1786 3260 Σκήτῃ
1818 3183 2020 3261 διέτρι-

1411 2916 1677 2992 πρόφασιν
1761 2914 2016 2988 πολέμου

2122 1939 2367 1990 conatur
2426 1935 2676 1991 militem
2727 1936 2942 1992 Christi
2995 1939 3342 1995 confodere.
3393 1943 3576 2006 Quem
3621 1943 3780 1998 enim

2121 2024 2609 2080 vestimentorum
2634 2026 3091 2098 sumptuositate
3114 2028 3379 2100 decipere
3404 2032 3691 2102 nequit,et
3713 2033 3783 2087 ad

2120 2129 2331 2168 vanam
2357 2113 2607 2185 gloriam
2637 2115 2967 2183 deﬂectere,
2999 2134 3134 2172 eum
3166 2119 3503 2175 vestimenti
3555 2120 3785 2177 vilitate

2123 2206 2327 2256 tentat.
2373 2204 2438 2257 Et
2470 2220 2646 2274 quem
2679 2221 2795 2259 non
2828 2206 3018 2277 potuit
3046 2207 3286 2276 honore,
3315 2226 3448 2265 eum
3483 2209 3786 2265 dedecoris

2125 2291 2408 2363 patientia
2439 2294 2510 2347 ad
2545 2291 2943 2365 insipientiam
2979 2311 3168 2366 usque
3201 2296 3571 2369 inﬂat:quem
3603 2298 3793 2354 scien-

2125 2384 2202 2438 tia
2234 2383 2305 2438 ad
2339 2401 2548 2439 vanam
2581 2384 2829 2456 gloriam
2863 2387 3152 2442 deducere
3201 2389 3484 2460 nequivit,
3534 2406 3668 2446 eum
3719 2407 3789 2446 ex

2127 2471 2384 2542 silentio,
2438 2473 2606 2543 quasi
2660 2474 2924 2544 quietum
2958 2475 3280 2545 hominem,
3314 2479 3580 2550 decipere
3611 2496 3788 2535 cona-

2124 2565 2223 2616 tur
2254 2577 2267 2615 :
2303 2578 2479 2632 quem
2512 2563 2776 2618 ciborum
2810 2563 3043 2620 lautitia
3093 2567 3162 2621 ad
3217 2566 3524 2624 mollitiem
3556 2568 3788 2625 trahere

2127 2665 2241 2704 non
2295 2647 2500 2715 valuit,
2551 2666 2686 2705 eum
2728 2652 2958 2722 jejunio
3007 2655 3078 2709 ad
3123 2654 3363 2711 laudum
3396 2657 3786 2729 cupiditatem

2126 2737 2382 2792 deducit.
2417 2743 2660 2793 Demum
2693 2756 2840 2812 opus
2875 2758 3072 2810 omne,
3105 2761 3280 2800 omne
3311 2747 3577 2802 studium
3629 2747 3783 2804 328

2125 2825 2263 2881 belli
2295 2828 2662 2883 occasionem
2695 2829 2830 2885 huic
2863 2831 3110 2888 daemoni
3147 2835 3382 2906 praebet.
3410 2836 3522 2908 (28)
3551 2837 3634 2890 Ad
3667 2837 3790 2892 haec

2128 2916 2230 2986 qui
2275 2916 2346 2970 ab
2398 2916 2498 2972 illo
2549 2925 2944 2990 oppugnatur,
2997 2939 3424 2993 nonnunquam
3475 2925 3590 2979 sibi
3633 2927 3788 2981 sacri

2130 3004 2353 3060 ordinis
2394 3007 2612 3077 gradus
2652 3008 2954 3081 confingit.
2990 3010 3229 3066 Memini
3262 3012 3570 3082 cujusdam
3603 3014 3788 3083 senis,

2130 3093 2250 3164 qui,
2286 3110 2419 3150 cum
2452 3095 2512 3151 in
2543 3097 2708 3153 Scete
2763 3098 3058 3170 degerem,
3092 3097 3365 3154 cellulam
3388 3101 3533 3156 adiit
3581 3103 3786 3173 cujus-

2129 3184 2265 3237 dam
2291 3183 2489 3240 fratris
2511 3187 2786 3242 visitandi
2810 3204 3007 3257 causa,
3023 3193 3080 3244 et
3101 3191 3371 3260 utjanuae
3395 3189 3551 3246 cellaa
3573 3209 3785 3264 appro-

383 3245 554 3267 ""Ir’"
650 3245 660 3266 I
709 3249 716 3264 ι
929 3245 940 3250 -
1007 3245 1016 3261 ι
1059 3245 1066 3263 ι
1236 3245 1271 3258 “1
1327 3245 1337 3256 .
1705 3245 1715 3255 .
1763 3245 1786 3260 ,.
1935 3245 1942 3261 ι

369 3245 488 3351 δον,
516 3280 840 3343 ἀπελθόντος
871 3277 944 3339 είς
974 3276 1195 3332 κελλίον
1233 3277 1383 3338 τινὸς
1414 3272 1654 3353 ἀδελφοῦ
1685 3275 2015 3349 ἐπισκέψεως

2131 3271 2456 3343 pinquavit,
2487 3273 2680 3347 ipsum
2712 3276 2937 3331 audivit
2969 3245 3126 3332 intus
3156 3245 3494 3350 loquentem
3527 3299 3540 3336 :
3576 3245 3783 3337 etcum

369 3372 552 3448 χάριν,
583 3369 672 3424 καὶ
705 3369 776 3429 ὡς
807 3365 1107 3436 ἐπλησίασε
1134 3369 1203 3438 τῇ
1247 3364 1382 3438 θύρᾳ
1429 3369 1530 3429 τῆς
1575 3364 1804 3436 κὲλλης,
1838 3365 2021 3420 ἀκούει

371 3459 534 3514 αύτοῦ
566 3455 867 3516 λαλοῦντος
902 3452 1078 3509 ἔνδον
1106 3453 1195 3508 καὶ
1227 3453 1450 3526 νομίσας
1482 3454 1508 3508 ὁ
1535 3455 1706 3530 γέρων
1741 3453 1845 3508 ἀπὸ
1889 3461 2022 3530 Γρα-

377 3553 483 3628 φῇς
515 3547 674 3602 αὐτὸν
723 3542 972 3619 μελετᾷν.
1005 3541 1130 3614 ἔστη
1181 3541 1549 3618 ἀκροώμενος,
1579 3544 1668 3598 καὶ
1719 3543 2025 3606 αἶ’σθάνεται

375 3636 541 3692 αὐτοῦ
599 3633 702 3689 ὑπὸ
759 3629 1062 3702 κενοδοξίας
1129 3635 1625 3709 παραφρονοῦντος,
1679 3632 1768 3686 καὶ
1840 3633 2024 3688 ἑαυτὸν

372 3728 815 3802 χειροτονοῦντος
848 3719 1119 3790 διάκονον,
1151 3720 1242 3776 καὶ
1272 3726 1386 3782 τοῖς
1418 3722 1858 3796 κατηχουμένοις
1891 3722 2025 3776 ἀπό-

371 3815 524 3871 λυσιν
557 3813 889 3889 παρὲχοντα.
941 3812 1027 3872 Ὠς
1085 3809 1174 3865 οὖν
1221 3806 1423 3879 ἤκουσε
1461 3815 1622 3864 τοῦτο
1653 3812 1681 3864 ὁ
1711 3810 1906 3886 γέρων,
1938 3813 2025 3866 τέ-

372 3902 468 3966 λος
502 3905 718 3974 ώθήσας
749 3902 848 3969 την
879 3899 1039 3977 θύραν
1096 3899 1334 3970 εἰσῆλθε,
1367 3900 1456 3954 καὶ
1509 3901 1820 3970 ἀπαντήσας
1879 3900 2027 3973 αὐτῷ

371 3995 398 4047 ὁ
431 3991 665 4058 ἀδελφὸς
698 3987 1067 4063 προσεκύνησε
1095 3989 1232 4043 κατά
1275 3989 1336 4041 τὸ
1388 3984 1532 4055 ἔθος,
1563 3988 1655 4042 καὶ
1711 3988 1869 4059 ἠξίου
1923 4011 2024 4063 μα-

371 4087 481 4146 θεῖν
507 4082 633 4157 παρ’
666 4079 851 4148 αὐτοῦ,
888 4078 933 4132 εί
964 4076 1182 4146 πολλὴν
1217 4076 1358 4153 ὥραν
1394 4074 1509 4152 ἔχει
1558 4078 1694 4150 πρὸς
1747 4081 1815 4152 τῇ
1869 4077 2024 4152 θύρᾳ,

367 4174 428 4229 Ὁ
460 4169 516 4225 δὲ
547 4171 720 4247 γέρων
781 4167 1082 4244 χαριέντως
1129 4166 1394 4241 ἀπεκρίθῆ
1446 4166 1583 4243 πρὸς
1635 4166 1812 4221 αὐτόν·
1846 4169 2026 4241 ”Αρτι,

372 4259 558 4339 φησὶν,
590 4257 785 4328 ἦλθον,
819 4256 908 4312 ὅτε
938 4257 1000 4311 σὺ
1047 4257 1146 4326 τὴν
1200 4254 1465 4311 ἀπόλυσιν
1517 4261 1632 4317 τοῖς
1679 4255 2027 4330 κατηχουμέ-

369 4371 483 4412 νοις
517 4347 809 4410 ἐπετέλεις.
843 4348 973 4402 Τότε
1005 4348 1032 4402 ὁ
1062 4343 1318 4424 ἀδελφὸς,
1353 4343 1585 4408 ἀκούσας
1634 4349 1821 4414 ταῦτα,
1874 4342 2028 4400 ἔπεσε

371 4439 515 4512 παρά
543 4439 670 4498 τοὺς
717 4434 886 4498 πόδας
935 4441 1031 4490 106
1077 4436 1355 4512 γέροντος,
1395 4435 1484 4489 καὶ
1524 4434 1829 4508 παρακαλεῖ
1867 4433 2024 4488 αὐτὸν

371 4525 623 4604 εύχισθαι
659 4526 788 4601 ὑπὲρ
819 4525 1004 4597 αὐτοῦ,
1033 4523 1127 4578 *ίνα
1153 4524 1321 4601 ῥυσθῇ
1353 4530 1452 4593 τῆς
1486 4523 1742 4594 τοιαύτης
1788 4522 2024 4593 πλάνης.

2131 3367 2366 3433 putaret
2395 3379 2571 3420 senex
2601 3365 2904 3437 quidpiam
2938 3365 3107 3422 illum
3159 3384 3226 3422 ex
3271 3369 3570 3441 Scriptura
3618 3388 3789 3444 repe-

2134 3458 2274 3517 tere,
2325 3454 2488 3508 stetit
2541 3454 3004 3521 auscultaturus,
3056 3461 3234 3529 atque
3285 3462 3472 3514 sensit
3518 3460 3687 3516 illum
3719 3477 3790 3517 ex

2135 3541 2294 3596 inani
2327 3541 2512 3614 gloria
2541 3541 2823 3612 insanire,
2856 3561 2922 3599 ac
2953 3562 3080 3601 sese
3129 3546 3441 3603 diaconum
3495 3549 3788 3618 ordinare,

2135 3631 2689 3704 catechumenisque
2719 3633 3129 3692 dimissionem
3161 3636 3510 3694 tribuere.Id
3533 3656 3667 3695 cum
3690 3658 3793 3696 au-

2138 3720 2322 3776 disset
2354 3738 2550 3799 senex,
2589 3723 2826 3778 demum
2879 3732 3080 3796 aperta
3123 3727 3312 3795 janua
3357 3727 3638 3800 introivit,
3693 3729 3789 3785 cui

2136 3812 2316 3866 frater
2363 3828 2674 3867 occurrens
2706 3813 2775 3868 de
2809 3831 2968 3870 more
3009 3815 3285 3871 salutavit
3331 3834 3486 3887 eum,
3539 3820 3790 3890 rogavit-

2137 3915 2249 3971 que
2279 3916 2352 3955 an
2380 3901 2482 3956 diu
2517 3901 2585 3955 ad
2613 3901 2862 3973 januam
2907 3903 3185 3960 stetisset.
3239 3905 3388 3960 Tum
3437 3923 3616 3962 senex
3663 3905 3790 3978 pla-

2135 3988 2264 4044 cide
2311 3990 2616 4061 respondit
2665 3990 2744 4045 illi
2796 4006 2810 4045 :
2861 3991 3012 4061 Mox,
3049 3993 3264 4064 inquit,
3298 3995 3526 4064 adveni,
3559 4012 3693 4051 cum
3727 4001 3790 4051 tu

2135 4077 2573 4133 catechumenis
2625 4079 3034 4136 dimissionem
3092 4082 3414 4138 tribuebas.
3465 4084 3569 4140 His
3615 4085 3796 4140 frater

2135 4167 2352 4223 auditis
2382 4168 2631 4238 procidit
2660 4170 2730 4223 ad
2767 4169 2924 4225 senis
2957 4171 3154 4242 pedes,
3189 4176 3254 4226 ut
3284 4173 3556 4243 precibus
3589 4180 3796 4245 postu-

2135 4255 2282 4312 laret
2313 4255 2424 4311 sibi
2466 4257 2683 4312 erroris
2731 4258 3141 4327 hujuscemodi
3194 4259 3624 4319 liberationem.
3675 4263 3795 4319 Hu-

2129 4346 2298 4416 jusce
2332 4346 2412 4401 rei
2442 4345 2684 4400 memini
2719 4351 2782 4402 ut
2811 4348 3181 4403 ostenderem
3222 4348 3282 4403 in
3314 4355 3595 4420 quantam
3646 4351 3798 4408 insi-

2136 4434 2419 4507 pientiam
2478 4434 2573 4490 hic
2637 4436 2865 4492 damon
2935 4437 3211 4507 conjiciat
3279 4438 3618 4495 hominem.
3687 4439 3799 4504 Qui

2135 4523 2262 4580 vult
2303 4523 2502 4596 itaque
2554 4526 2802 4596 perfecte
2859 4529 3105 4592 certare,
3165 4531 3223 4581 et
3270 4527 3517 4598 justitiee
3584 4544 3799 4584 corona

369 4615 572 4670 Τούτου
605 4612 663 4669 δὲ
692 4613 967 4688 ἐμνήσθην
1022 4611 1188 4684 δεῖξαι
1242 4611 1579 4686 βουλόμενος
1629 4612 1706 4674 εἷς
1756 4611 1887 4682 ὅσην
1939 4613 2015 4666 ἀν-

2134 4614 2430 4686 redimiri,
2487 4613 2766 4670 omnibus
2833 4621 3062 4687 satagat
3121 4617 3312 4673 modis
3372 4616 3797 4674 multiformem

368 4705 648 4775 αισθησίαν
682 4703 829 4782 φέρει
855 4704 946 4758 τὸν
982 4704 1265 4779 ἄνθρωπον
1297 4702 1454 4763 υῦτος
1489 4702 1517 4756 ὁ
1550 4699 1782 4774 δαίμων.
1816 4703 1876 4758 Ὁ
1906 4702 2024 4756 τοί-

367 4817 454 4848 νυν
493 4793 830 4870 βουλόμενος
855 4791 1081 4854 τελείως
1109 4791 1368 4861 ἀθλῆσαι,
1396 4791 1486 4845 καὶ
1524 4792 1616 4846 τὸν
1661 4798 1764 4860 τῆς
1814 4789 2026 4846 δικαιο-

368 4883 532 4954 σύνης
565 4882 821 4961 στέφανον
874 4879 1262 4952 ἀναδήσασθαι,
1295 4886 1423 4934 πᾶσι
1473 4879 1700 4955 τρόποις
1753 4877 2029 4955 σπουδάσῃ

366 4973 428 5027 τὸ
462 4972 822 5050 πολύμορφον
856 4969 1016 5026 10610
1062 4970 1249 5042 θηρίον
1297 4973 1541 5038 νικῆσαι,
1573 4969 1679 5043 πρὸ
1727 4967 2026 5047 ὀφθαλμῶν

371 5060 514 5136 ἔχων
573 5062 802 5117 πάντοτε
858 5062 920 5116 τὸ
982 5061 1082 5115 ὑπὸ
1140 5063 1235 5115 106
1275 5059 1430 5136 ἁγίου
1492 5056 1658 5113 Δαυῖδ
1714 5059 2024 5135 εἰρημένον·

375 5179 398 5202 α
447 5151 642 5228 Κύριος
696 5150 1066 5229 διεσκόρπισεν
1120 5150 1251 5205 ὀστᾶ
1299 5150 1790 5227 ἀνθρωπαρὲσκωψ
1852 5174 1880 5199 ››
1939 5148 2028 5203 καὶ

374 5239 542 5314 μηδὲν
620 5243 845 5297 ποιείτω
920 5235 1388 5316 περιϐλεπόμενος
1464 5239 1556 5294 τὸν
1623 5237 1672 5311 ἐξ
1736 5238 2032 5316 ἀνθρώπων

372 5326 612 5406 ἔπαινον,
646 5329 790 5388 ἀλλά
818 5331 908 5387 τὸν
939 5330 1084 5406 ποιρά
1126 5333 1262 5386 Θεοῦ
1315 5329 1507 5404 μισθὸν
1563 5327 1906 5398 ἐπιζητείτω,
1939 5327 2028 5382 καὶ

451 5534 498 5570 “
523 5531 680 5593 Psal.
714 5552 815 5602 nn,
841 5535 899 5590 6.

455 5730 569 5807 (27)
599 5731 862 5792 Cassian.
894 5729 1135 5788 Institut.
1169 5728 1274 5787 lib.
1306 5745 1385 5800 xx,
1417 5744 1468 5786 ο.
1502 5729 1529 5786 1
1563 5732 1622 5788 et
1651 5745 1775 5801 seq.

2139 4704 2289 4759 hanc
2321 4720 2596 4774 superare
2637 4705 2840 4774 feram,
2895 4722 3013 4775 prae
3062 4704 3246 4762 oculis
3293 4723 3528 4779 semper
3574 4707 3800 4764 habens

2139 4794 2360 4848 dictum
2412 4790 2559 4847 illud
2609 4793 2799 4848 sancti
2852 4793 3136 4850 Davidis:
3180 4815 3201 4843 ι
3239 4795 3519 4852 Dominus
3549 4795 3802 4869 dissipa-

2140 4883 2222 4937 vit
2251 4899 2387 4937 ossa
2416 4898 2618 4936 eorum
2651 4883 2752 4952 qui
2783 4881 3126 4940 hominibus
3159 4883 3391 4955 placent
3419 4885 3464 4920 ⁰⁴
3492 4904 3508 4940 :
3548 4905 3575 4938 ι
3625 4885 3801 4941 nihil-

2141 4988 2252 5044 que
2303 4977 2436 5043 agat
2468 4971 2684 5026 intuitu
2717 4973 2960 5028 laudum
2997 4973 3411 5042 humanarum,
3446 4975 3546 5030 sed
3579 4991 3800 5030 merce-

2141 5062 2274 5116 dem
2307 5065 2528 5131 quaerat
2557 5077 2591 5115 a
2620 5061 2757 5128 Deo,
2791 5078 2856 5117 ac
2888 5063 3272 5134 cogitationes
3307 5064 3553 5134 propriae
3584 5063 3800 5132 laudis,

2143 5168 2241 5206 cor
2290 5167 2460 5205 suam
2521 5149 2869 5206 invadentes
2917 5169 3152 5224 semper
3201 5153 3440 5222 abjiciat
3493 5170 3505 5208 :
3561 5169 3688 5207 sese
3739 5152 3802 5208 in

2141 5244 2458 5312 conspectu
2489 5240 2585 5295 Dei
2612 5239 2916 5312 despiciat.
2933 5245 3054 5297 Hoc
3075 5240 3366 5312 siquidem
3396 5245 3565 5310 pacto
3587 5241 3802 5311 poterit

2141 5329 2257 5386 Deo
2311 5330 2552 5400 juvante
2609 5328 2848 5387 liberari
2897 5329 2968 5386 ab
3019 5329 3213 5387 inanis
3259 5328 3460 5402 gloria:
3514 5329 3800 5402 daemone,

2132 5727 2245 5802 (28)
2276 5726 2420 5785 Ibid.
2446 5743 2496 5784 ο.
2532 5726 2620 5797 14,
2653 5727 2738 5784 15.
