4148 6414
380 397 499 461 903

1552 390 1616 455 S.
1664 390 2182 456 ATHANASIUS.
2214 427 2290 441 -—
2318 392 2633 460 SPURIA.

3692 405 3808 467 904

378 533 571 608 gratia
604 530 832 589 Domini
865 530 1050 588 nostri
1098 530 1261 602 Jesu,
1312 529 1405 585 cui
1451 527 1636 602 gloria
1683 527 1745 584 in
1798 527 2007 585 saecula

2147 526 2500 604 ἀπορρίπτων
2549 528 2631 583 ἀεὶ
2679 528 2805 591 τοὺς
2854 526 3258 607 ἐπερχομένους
3280 518 3342 587 ’ἐν
3369 535 3437 606 τῇ
3468 531 3663 610 καρδίᾳ
3711 538 3805 593 αὖ-

381 629 590 680 Amen.

2144 621 2244 671 τοῦ
2301 616 2610 693 λογισμοὺς
2667 619 2757 673 καὶ
2816 618 3167 684 ἐπαινοῦντας
3228 619 3409 690 αὐτὸν,
3460 621 3807 694 ἐξουθενείτω

379 712 567 768 ἑαυτὸν
628 708 854 765 ἐνώπιον
906 713 1001 765 τοῦ
1059 712 1212 765 Θεοῦ.
1247 707 1430 768 Οὕτως
1488 707 1589 783 γὰρ
1648 703 1932 775 δυνήσεται
1995 703 2087 760 σὺν
2120 712 2239 779 Θεῷ
2269 705 2653 783 ἀπαλλαγῆναι
2711 713 2807 764 τοῦ
2868 708 3128 784 δαίμονος
3183 715 3284 777 τῆς
3341 711 3649 785 κενοδοξίας
3707 717 3806 793 χά-

378 823 486 878 ριτι
517 805 613 857 τοῦ
647 798 845 874 Κυρίου
875 802 1037 873 ἡμῶν
1067 800 1271 870 Ἰησοῦ,
1304 798 1349 870 ᾦ
1380 799 1414 867 ἡ
1446 794 1573 867 δόξα
1604 795 1679 858 εἷς
1705 794 1833 858 τοὺς
1865 795 2085 852 αἰῶνας.
2123 797 2318 869 Ἀμήν.

448 893 629 965 8.(29)
661 891 943 949 Octavum
979 890 1148 945 nobis
1179 894 1270 945 est
1298 892 1591 944 certamen
1618 888 1902 944 adversus
1924 886 2040 958 spi-

374 981 556 1038 ritum
590 980 899 1053 superbiaa,
926 979 1081 1052 quod
1106 983 1195 1034 est
1215 978 1453 1051 gravius
1477 975 1787 1048 acriusque
1812 974 2036 1032 caateris

375 1070 674 1139 omnibus,
709 1086 823 1142 quo
854 1068 1095 1142 perfecti
1131 1066 1384 1123 maxime
1415 1069 1853 1139 Oppugnantur,
1899 1063 2033 1136 qui-

377 1177 491 1232 que
538 1176 637 1216 eos
667 1159 767 1231 qui
801 1159 917 1214 fere
949 1159 1020 1214 ad
1052 1156 1335 1213 virtutum
1362 1156 1662 1228 fastigium
1698 1169 2030 1227 pervenere,

374 1250 708 1305 subvertere
738 1253 982 1304 conatur
1013 1264 1025 1304 :
1059 1263 1126 1304 ac
1156 1245 1344 1303 morbi
1377 1246 1638 1319 pestiferi
1681 1245 1869 1301 instar
1913 1260 2028 1300 non

367 1342 593 1410 partem
625 1338 907 1411 corporis,
941 1338 1040 1393 scd
1072 1340 1260 1393 totum
1294 1335 1505 1409 perdit.
1532 1339 1596 1390 Et
1629 1333 1753 1390 alia:
1786 1333 2025 1406 quidem

364 1427 611 1500 singulas
643 1427 970 1500 passiones,
1002 1426 1237 1483 tametsi
1270 1427 1526 1481 animum
1572 1425 1837 1489 turbant,
1887 1423 2026 1495 quia

356 1521 550 1573 tamen
568 1533 701 1573 cum
716 1533 834 1572 una
848 1519 1076 1572 tantum
1089 1516 1306 1572 virtute
1322 1514 1432 1571 sibi
1450 1514 1721 1586 opposita
1736 1516 2020 1585 pugnant,

352 1607 529 1678 atque
554 1621 686 1661 eam
720 1621 1000 1677 superare
1032 1604 1327 1674 nituntur,
1357 1621 1425 1660 ex
1456 1608 1620 1677 parte
1650 1602 1845 1659 solum
1895 1601 2020 1658 ani-

353 1710 511 1750 mam
546 1695 868 1751 obscurant
900 1699 1074 1767 atque
1096 1694 1483 1761 conturbant;
1510 1692 1796 1766 superbia:
1820 1695 2017 1748 autem

352 1784 550 1855 passio
600 1789 784 1841 totam
835 1783 1094 1841 tenebris
1146 1783 1423 1852 offundit,
1472 1788 1529 1839 et
1575 1784 1647 1839 ad
1693 1787 2015 1839 extremam

296 1906 305 1931 τ
357 1871 593 1928 deducit
625 1871 878 1929 ruinam.
912 1872 1104 1944 thue
1130 1871 1417 1945 liquidius
1449 1872 1600 1942 quod
1651 1872 1872 1928 dictum
1928 1874 2017 1927 est

361 1960 782 2034 excogitemus,
819 1962 923 2018 hac
963 1962 1187 2018 ratione
1233 1978 1357 2019 rem
1406 1959 1800 2034 speculamur.
1853 1958 2013 2016 Gula:

356 2049 570 2105 vitium
629 2051 1045 2107 abstinentiam
1095 2067 1469 2123 corrumpere
1527 2051 1776 2123 satagit,
1828 2050 2012 2106 forni-

356 2138 509 2195 catio
541 2138 1234 2212 continentiam,avaritia
1256 2138 2012 2213 paupertatem,indignatio

356 2228 899 2297 mansuetudinem,
931 2246 998 2286 ac
1029 2229 1268 2302 reliqua:
1318 2229 1542 2302 species
1583 2228 1822 2285 malitia
1873 2246 2012 2286 con-

352 2316 566 2374 trarias
627 2318 741 2374 sibi
800 2319 1082 2388 virtutes;
1133 2324 1193 2374 at
1246 2318 1535 2391 superbia:
1595 2318 1820 2375 malitia
1874 2336 2009 2375 cum

358 2406 585 2463 miserae
634 2408 843 2464 animae
892 2408 1252 2479 dominatur,
1286 2407 1442 2464 haud
1477 2424 1647 2464 secus
1678 2408 1799 2481 agit
1830 2424 2008 2480 quam

354 2494 905 2553 truculentissimus
937 2496 1180 2570 quidam
1211 2503 1520 2570 tyrannus,
1555 2496 1657 2569 qui
1708 2497 1906 2569 ampla
1955 2500 2012 2552 et

358 2583 587 2642 excelsa
632 2591 802 2658 capto
834 2586 996 2659 urbe,
1031 2592 1211 2643 totam
1245 2587 1427 2643 diruit
1453 2590 1511 2643 et
1542 2604 1575 2643 a
1608 2586 2009 2643 fundamentis

358 2674 583 2731 evertit.
617 2673 797 2748 Cujus
829 2675 911 2731 rei
955 2676 1126 2733 testis
1174 2682 1263 2732 est
1306 2675 1551 2749 angelus
1604 2677 1705 2749 qui
1749 2694 1818 2733 ex
1865 2676 2008 2732 caalo

354 2768 595 2835 propter
643 2764 978 2835 superbiam
1029 2765 1272 2834 cecidit;
1328 2765 1428 2838 qui
1476 2782 1510 2822 a
1546 2767 1658 2821 Deo
1689 2768 1923 2822 creatus
1952 2769 2009 2822 et

349 2851 514 2907 omni
545 2851 761 2909 virtute
791 2870 856 2910 ac
887 2854 1177 2927 sapientia
1207 2860 1472 2923 ornatus,
1508 2871 1623 2910 non
1654 2854 1755 2911 Dei
1806 2854 2006 2927 gratiae

344 2940 468 2997 hac
517 2942 810 2999 ascribere
858 2943 1061 3015 voluit,
1115 2944 1219 3000 sed
1268 2944 1515 3017 propriae
1544 2949 1766 3000 naturae
1800 2961 1812 2999 :
1850 2944 2005 3000 unde

341 3048 404 3086 se
438 3035 549 3088 Deo
576 3031 861 3103 aequalem
892 3050 1023 3091 esse
1071 3033 1298 3105 putavit
1330 3050 1343 3088 :
1379 3050 1556 3105 quam
1605 3035 1735 3105 ejus
1784 3034 2007 3105 cogita-

2217 889 2272 943 8.
2305 884 2539 963 Ὄγδοος
2599 889 2735 961 ἡμῖν
2797 886 2937 943 ἐστιν
2994 888 3140 963 ἀγὼν
3198 890 3334 944 κατὰ
3362 894 3460 945 τοῦ
3491 890 3799 967 πνεύματος

2143 983 2243 1047 τῆς
2279 977 2663 1056 ὑπερηφανίας·
2698 976 3092 1054 χαλεπώτατος
3126 978 3283 1041 οὗτος
3312 979 3402 1034 καὶ
3433 979 3649 1035 πάντων
3693 986 3801 1037 τῶν

2146 1067 2425 1142 προτέρων
2476 1066 2832 1142 ἀγριώτερος,
2864 1067 2994 1130 τοὺς
3045 1066 3287 1131 τελείους
3341 1066 3581 1143 μάλιστα
3629 1068 3799 1126 πολε-

2147 1159 2286 1228 μῶν,
2316 1156 2406 1212 καὶ
2439 1152 2633 1232 σχεδὸν
2664 1155 2791 1219 τοὺς
2821 1158 2884 1212 τὸ
2928 1156 3062 1231 ὕψος
3111 1161 3218 1213 τῶν
3271 1158 3475 1233 ἀρετῶν
3526 1154 3795 1231 ἀναϐεϐη-

2138 1244 2301 1307 κότας
2360 1245 2632 1323 ἐπιχειρεῖ
2706 1245 3088 1325 καταστρέφειν
3125 1264 3138 1279 ⁸
3197 1247 3287 1302 καὶ
3344 1248 3584 1324 καθάπερ
3636 1248 3792 1312 νόσος

2140 1332 2370 1407 λοιμικὴ
2420 1336 2755 1413 φθοροποιὸς
2806 1335 2933 1412 οὑχῖ
2983 1335 3148 1413 μέρος
3194 1337 3624 1411 τοῦσώματος,
3666 1337 3793 1395 ἀλλ’

2136 1421 2263 1478 ὅλον
2294 1421 2609 1502 διαφθείρει.
2644 1424 2744 1478 Καὶ
2773 1428 2881 1480 τῶν
2918 1425 3013 1499 μὲν
3064 1422 3250 1481 ἄλλων
3300 1431 3485 1491 παθῶν
3541 1423 3791 1499 ἕκαστον,

2135 1513 2179 1567 εἰ
2211 1514 2298 1569 καὶ
2328 1513 2580 1590 ταράσσει
2612 1515 2710 1583 τήν
2743 1514 2953 1590 ψυχὴν,
2985 1514 3132 1571 ἀλλᾶ
3159 1516 3295 1592 πρὸς
3334 1514 3462 1589 μίαν
3489 1516 3589 1585 τὴν
3639 1518 3789 1572 ἀντι-

2130 1602 2387 1676 κειμένην
2421 1602 2570 1676 αὐτῴ
2600 1603 2793 1679 ἀρετὴν
2841 1602 3145 1677 πολεμοῦν,
3176 1603 3267 1659 καὶ
3313 1605 3516 1675 ταύτην
3569 1613 3787 1677 νικῆσαι

2130 1690 2496 1769 φιλονεικοῦν,
2547 1692 2607 1748 ἐκ
2673 1692 2872 1767 μέρους
2940 1692 3217 1749 ἐπισκοτεῖ
3267 1696 3366 1764 τήν
3420 1696 3630 1771 ψυχὴν,
3693 1696 3782 1751 καὶ

2122 1781 2375 1857 ταράσσει
2406 1780 2573 1853 αὐτήν
2603 1782 2665 1837 τὸ
2710 1779 2768 1837 δὲ
2819 1785 2917 1852 τῆς
2966 1783 3335 1861 ὑπερηφανίας
3387 1790 3560 1839 πᾶσαν
3615 1783 3780 1854 αὐτὴν

2124 1868 2417 1943 ἐπισκοτεῖ,
2448 1870 2536 1926 καὶ
2572 1870 2647 1933 είς
2680 1875 2884 1926 πτῶσιν
2937 1868 3055 1947 ἄγει
3098 1873 3356 1949 ἐσχάτην.
3391 1874 3497 1930 Καὶ
3541 1871 3636 1929 ’ίνα
3689 1895 3780 1929 σα-

2124 1960 2374 2039 φέστερον
2425 1962 2712 2034 νοήσωμεν
2770 1960 2835 2016 τὸ
2893 1961 3208 2038 εἷρημένον,
3270 1965 3633 2037 σκοπήσωμεν
3690 1963 3780 2018 οὕ-

2122 2071 2250 2112 τως.
2308 2055 2371 2107 Ἠ
2442 2050 2842 2127 γαστριμαργία
2913 2052 3014 2121 τὴν
3105 2050 3413 2128 ἐγκράτειαν
3492 2050 3778 2122 σπουδάζει

2124 2137 2448 2218 διαφθεῖραι,
2480 2141 2514 2209 ἡ
2548 2139 2771 2216 πορνεία
2813 2140 2911 2209 τήν
2963 2140 3340 2217 σωφροσύνην,
3373 2144 3408 2211 ἡ
3443 2140 3779 2221 φιλαργυρία

2119 2230 2217 2298 τὴν
2278 2227 2683 2303 ἀκτημοσὺνην·
2738 2229 2765 2283 6
2825 2230 2993 2303 θυμὸς
3050 2231 3149 2299 τὴν
3209 2230 3509 2306 ηραότητα,
3565 2232 3658 2285 καὶ
3713 2231 3781 2287 τὰ

2122 2317 2291 2373 λοιπὰ
2319 2320 2417 2387 τῆς
2467 2317 2655 2380 κακίας
2707 2315 2823 2389 εἷ’δη
2882 2318 2978 2380 τὰς
3037 2317 3276 2381 ἐναντίας
3324 2319 3501 2375 αὐτῶν
3562 2320 3773 2397 ἀρετάς·

2119 2411 2153 2478 ἡ
2214 2404 2272 2462 δὲ
2329 2414 2427 2477 γῆς
2501 2407 2869 2484 ὑπερηφανίας
2929 2407 3113 2477 κακία,
3171 2407 3298 2463 ὅταν
3355 2408 3610 2486 κυριεύσῃ
3674 2412 3774 2479 τῆς

2118 2496 2308 2559 ἀθλίας
2338 2500 2546 2572 ψυχῆς,
2581 2495 2763 2571 ὥσπερ
2793 2518 2876 2559 τις
2909 2495 3305 2573 χαλεπώτατος
3351 2498 3612 2576 τὺραννος
3674 2519 3768 2573 με·

2115 2587 2289 2662 γάλην
2345 2586 2508 2642 πόλιν
2560 2586 2649 2641 καὶ
2709 2585 2926 2661 ὑψηλὴν
2982 2583 3345 2661 παραλαϐὼν,
3406 2588 3541 2660 ὅλην
3603 2588 3770 2659 αὐτὴν

2115 2676 2493 2755 καταστρέφει,
2548 2676 2638 2731 καὶ
2696 2672 2800 2739 ἕως
2875 2674 3143 2750 θεμελίων
3221 2677 3604 2735 κατασκάπτει.
3669 2678 3771 2735 Καὶ

2120 2765 2323 2842 μάρτυς
2353 2765 2549 2821 τούτου
2580 2767 2607 2821 ὁ
2638 2765 2865 2843 ἄγγελος
2900 2767 2927 2820 ὁ
2959 2765 3018 2822 ἐκ
3044 2770 3142 2821 τοῦ
3193 2766 3423 2843 οὐρανοῦ
3455 2769 3632 2821 πεσὼν
3681 2763 3770 2822 διὰ

2115 2858 2212 2926 τήν
2247 2856 2640 2934 ὑπερηφανίαν
2673 2856 2751 2926 ὃς,
2785 2854 2846 2910 ἐκ
2871 2860 2968 2910 τοῦ
3013 2859 3147 2911 Θεοῦ
3196 2855 3453 2923 κτισθεὶς,
3484 2856 3573 2910 καὶ
3624 2857 3768 2931 πάσῃ

2116 2946 2279 3021 ἀρετῇ
2308 2944 2397 2999 καὶ
2431 2944 2593 3022 σοφίᾳ
2620 2944 2938 3018 κοσμηθεὶς,
2974 2944 3035 2999 οὑ
3076 2948 3145 3019 τῇ
3192 2949 3290 2999 τοῦ
3345 2944 3614 2999 Δεπότου
3665 2944 3769 3020 χάο

2116 3056 2222 3111 ριτι
2256 3028 2536 3105 ἐϐουλήθη
2569 3039 2737 3089 ταῦτα
2768 3032 3109 3111 ἐπιγράφειν,
3142 3031 3288 3089 ἀλλὰ
3318 3038 3386 3108 τῇ
3433 3030 3544 3106 ἰδίᾳ
3591 3033 3765 3112 φύσει·

344 3121 566 3177 tionem
600 3138 853 3195 arguens
885 3122 1170 3196 propheta
1200 3122 1343 3179 dicit
1375 3139 1389 3178 :
1425 3145 1453 3174 «
1490 3121 1689 3179 Dixisti
1722 3123 1782 3178 in
1830 3122 2003 3178 corde

2120 3124 2235 3179 ὅθεν
2267 3124 2357 3179 καὶ
2393 3120 2503 3178 ἴσον
2538 3123 2723 3179 ἑαυτὸν
2758 3118 3023 3178 ὑπέλαϐεν
3054 3122 3188 3179 εἶναι
3237 3127 3392 3179 Θεοῦ.
3426 3122 3530 3179 Καὶ
3566 3124 3769 3194 ταύτην

345 3212 450 3265 tuo
502 3226 516 3266 :
565 3209 789 3267 Sedebo
838 3212 898 3266 in
952 3215 1148 3268 monte
1195 3210 1443 3283 excelso,
1478 3228 1686 3284 penam
1718 3211 2001 3269 thronum

347 3314 545 3355 meum
577 3315 757 3372 supra
786 3300 974 3356 nubes
1003 3303 1061 3356 et
1099 3300 1312 3357 similis
1360 3317 1457 3356 ero
1504 3299 1806 3357 Altissimo
1852 3301 1917 3357 ⁸⁸.
1971 3324 2000 3351 ››

342 3388 433 3443 Tu
483 3403 619 3444 vero
670 3388 867 3455 homo,
916 3394 973 3445 et
1024 3406 1138 3445 non
1194 3391 1364 3446 Deus.
1400 3389 1684 3463 Aliusque
1714 3391 2001 3463 propheta

338 3474 422 3531 ait
449 3494 462 3532 :
497 3500 525 3527 «
561 3476 708 3541 Quid
740 3477 1010 3549 gloriaris
1042 3478 1100 3533 in
1135 3477 1379 3547 malitia,
1415 3479 1513 3551 qui
1544 3484 1755 3553 potens
1778 3497 1841 3537 es
1864 3480 1946 3536 ὀἳ
1968 3501 1996 3532 ››

336 3565 419 3621 Ει
474 3567 680 3638 paucis
734 3567 1055 3638 interjectis
1110 3584 1123 3624 :
1179 3589 1207 3618 ‹‹
1256 3568 1520 3625 Dilexisti
1579 3570 1777 3624 omnia
1826 3571 2001 3626 verba

346 3653 757 3723 demersionis,
816 3656 1079 3729 linguam
1138 3656 1422 3714 dolosam.
1486 3657 1796 3729 Propterea
1848 3664 2000 3715 Deus

349 3743 611 3801 destruet
644 3750 699 3801 te
731 3744 789 3801 in
823 3746 1021 3814 ﬁnem,
1053 3746 1259 3803 evellet
1287 3752 1343 3803 te
1373 3752 1431 3802 et
1469 3749 1782 3803 transferet
1823 3755 1879 3805 te
1929 3750 2002 3806 de

342 3832 724 3890 tabernaculo
772 3840 892 3904 tuo,
942 3840 1000 3891 et
1029 3836 1285 3892 radicem
1317 3841 1483 3892 tuam
1516 3838 1588 3893 de
1618 3844 1773 3895 terra
1804 3839 1998 3896 viven-

345 3922 515 3978 tium.
553 3922 1017 3995 Videbuntjusti
1063 3930 1119 3982 et
1169 3926 1481 3994 timebunt,
1534 3933 1591 3983 et
1639 3944 1816 3999 super
1861 3945 1997 3985 eum

340 4010 620 4067 ridebunt
666 4017 724 4068 et
772 4014 968 4070 dicent
1018 4033 1032 4071 :
1081 4016 1225 4071 Ecce
1273 4015 1449 4071 homo
1500 4016 1602 4089 qui
1653 4034 1768 4073 non
1800 4018 2000 4089 posuit

342 4098 527 4155 Deum
562 4102 891 4172 adjutorem
940 4120 1134 4172 suum,
1188 4107 1247 4160 et
1289 4105 1581 4176 praavaluil
1633 4106 1692 4160 in
1739 4108 1998 4163 vanitate

342 4204 451 4244 sua
473 4189 540 4245 “.
576 4213 598 4241 ι
639 4192 766 4248 Hac
794 4209 930 4248 cum
965 4191 1245 4263 sciamus,
1278 4192 1595 4250 timeamus
1625 4200 1681 4251 et
1711 4196 1872 4251 omni
1904 4212 2001 4253 cu-

344 4278 539 4335 stodia
569 4295 872 4337 servemus
902 4298 1002 4338 cor
1032 4287 1304 4339 nostrum
1330 4283 1373 4318 9'
1405 4300 1439 4339 a
1467 4282 1735 4340 lethitero
1785 4285 1996 4356 spiritu

340 4369 657 4440 superbiae,
712 4371 882 4428 nobis
942 4371 1090 4444 ipsis
1148 4371 1269 4427 haec
1332 4374 1595 4445 Apostoli
1661 4374 1993 4443 recitantes,

338 4458 577 4529 quando
635 4459 870 4517 virtutis
928 4460 1265 4533 cujuspiam
1324 4477 1472 4533 opus
1517 4461 1933 4535 perfecerimus
1979 4480 1992 4518 :

338 4570 365 4598 «
407 4546 531 4602 Non
581 4564 689 4620 ego
736 4555 956 4618 autem,
1008 4551 1109 4607 sed
1177 4550 1364 4623 gratia
1429 4550 1529 4607 Dei
1596 4569 1724 4623 quae
1766 4567 1998 4608 mecum

336 4640 427 4691 cst
455 4637 518 4689 ⁸ο.
552 4658 582 4688 ››
619 4637 687 4692 Et
716 4639 871 4709 quod
900 4656 935 4695 a
964 4638 1207 4695 Domino
1242 4639 1463 4711 pictum
1496 4644 1587 4698 est
1618 4658 1630 4694 :
1666 4664 1692 4692 ιι
1728 4640 1866 4695 Sine
1905 4657 2000 4697 me

340 4725 494 4781 329
528 4724 674 4780 nihil
708 4727 952 4798 potestis
987 4728 1172 4784 facere
1208 4732 1247 4784 '.
1283 4751 1310 4777 »
1344 4728 1412 4784 Et
1443 4728 1598 4800 quod
1628 4749 1659 4783 ει
1708 4728 1999 4801 Pr0pheta

345 4814 569 4871 dictum
619 4821 709 4873 est
744 4834 757 4873 :
794 4841 822 4868 «
855 4817 979 4875 Nisi
1010 4816 1299 4877 Dominus
1328 4820 1702 4877 aedificaverit
1730 4820 1997 4892 domum,

347 4905 407 4959 in
440 4922 655 4961 vanum
690 4907 1103 4964 laboraverunt
1133 4909 1232 4981 qui
1263 4909 1555 4965 aedificant
1583 4924 1711 4965 eam
1750 4910 1792 4966 9.
1828 4933 1856 4960 »
1889 4912 1997 4967 Ite-

340 5012 596 5068 rumque
629 5015 642 5052 :
676 5020 704 5047 «
739 4997 864 5053 Non
896 4997 1162 5067 volentis,
1190 5015 1378 5071 neque
1406 4998 1721 5069 currentis,
1754 5000 1855 5056 sed
1887 5000 1997 5057 mi-

337 5085 592 5141 serantis
625 5092 715 5142 est
744 5086 845 5142 Dei
874 5087 915 5143 ⁸.
963 5109 991 5137 ››
1041 5087 1187 5144 Nam
1236 5087 1470 5145 etiamsi
1519 5089 1653 5161 quis
1702 5088 1997 5147 alacritate

341 5171 591 5243 fervens,
641 5192 708 5231 ac
756 5177 1056 5250 praposito
1106 5177 1412 5234 studiosus
1463 5178 1659 5248 fuerit,
1690 5180 1791 5235 sed
1824 5197 1999 5239 carne

335 5261 598 5336 illigatus
626 5268 684 5322 et
712 5266 1017 5339 sanguine,
1050 5283 1167 5323 non
1196 5265 1409 5339 poterit
1456 5267 1528 5322 ad
1580 5268 1996 5340 perfectionem

338 5357 661 5426 pervenire,
693 5355 806 5413 nisi
839 5356 913 5413 ad
944 5356 1066 5413 haec
1097 5354 1297 5412 omnia
1322 5354 1383 5411 in
1415 5355 1822 5415 misericordia
1850 5365 1906 5415 et
1934 5359 1996 5416 in

404 5510 448 5546 "
472 5511 733 5587 Isa._xxv,
766 5516 855 5573 13.
947 5516 993 5554 ⁸⁸
1022 5516 1176 5576 Psal.
1207 5533 1281 5573 LI.
1376 5515 1420 5553 '7
1450 5515 1599 5573 Ibid.
1629 5516 1755 5575 6-9.

332 5596 450 5639 xvr.
529 5586 552 5619 ³
584 5584 751 5642 Rom.
784 5604 862 5658 rx,
898 5589 989 5645 16.

405 5750 518 5827 (20)
547 5751 809 5814 Cassian.
841 5759 1077 5819 Institut.
1108 5756 1212 5816 lib.
1243 5770 1347 5827 xu,
1378 5771 1427 5814 ο.
1463 5757 1490 5814 1
1525 5760 1584 5817 et
1613 5773 1735 5833 seq.

1849 5519 1893 5560 ⁸⁸
1921 5523 2093 5582 Prov.
2125 5537 2204 5590 xv,
2234 5517 2327 5575 23.

2115 3212 2278 3269 αὐτοῦ
2332 3213 2430 3281 τὴν
2492 3211 2784 3286 ἐνθύμησιν
2845 3211 3088 3288 ἐλέγχων
3147 3213 3175 3267 6
3227 3214 3520 3291 προφήτης
3581 3212 3766 3291 φησίν

2114 3328 2139 3354 (ι
2177 3302 2347 3364 Είπας
2397 3300 2449 3356 ἐν
2499 3306 2568 3376 τῇ
2625 3300 2822 3376 καρδίᾳ
2868 3321 2983 3356 σου·
3037 3306 3218 3367 Καθιῶ
3269 3302 3321 3357 ἐν
3373 3300 3487 3379 ὅρει
3546 3300 3768 3376 ὑψηλῷ,

2113 3393 2265 3463 θήσω
2320 3394 2412 3446 τὸν
2472 3391 2664 3467 θρόνον
2716 3412 2820 3465 μου
2871 3390 3094 3447 ἐπὶτῶν
3128 3392 3390 3470 νεφελῶν,
3422 3392 3512 3447 καὶ
3570 3387 3767 3464 ἔσομαι

2113 3480 2304 3554 ὅμοιος
2333 3485 2411 3553 τῷ
2441 3479 2696 3555 Ὑψίστῳ.
2729 3505 2756 3533 ››
2793 3480 2868 3534 Σὺ
2913 3477 2971 3534 δὲ
3020 3481 3325 3554 ἄνθρωπος,
3357 3481 3445 3555 καὶ
3495 3479 3558 3533 οὐ
3608 3480 3765 3541 Θεός.

2112 3570 2209 3626 Καὶ
2264 3570 2437 3634 ἄλλος
2493 3571 2780 3648 προφήτης
2838 3567 3003 3644 λέγει’
3041 3592 3065 3621 (ι
3099 3568 3169 3626 Τί
3200 3568 3441 3643 ἐγκαυχᾷ
3470 3565 3521 3621 ἐν
3579 3566 3764 3638 κακίᾳ,

2112 3662 2139 3716 6
2194 3658 2463 3730 δυνατόςς
2522 3659 2613 3715 καὶ
2674 3658 2790 3732 μετ’
2849 3656 3009 3732 ὀλίγα
3115 3681 3144 3708 ‹‹
3204 3658 3521 3728 Ἠγάπησας
3589 3656 3763 3709 πάντα

2112 3750 2331 3826 ῥήματα
2361 3750 2824 3819 καναποντισμοῦ,
2858 3743 3111 3820 γλῶσσαν
3172 3741 3384 3799 δολίαν.
3444 3744 3542 3798 Διὰ
3600 3747 3758 3798 τοῦτο

2111 3841 2138 3895 6
2170 3840 2300 3902 Θεὸς
2330 3839 2551 3893 καθελεῖ
2574 3856 2633 3889 σε
2679 3834 2755 3896 εἷς
2802 3832 2984 3907 τέλος,
3018 3832 3228 3889 ἐκτῖλαί
3282 3854 3359 3905 σε,
3391 3834 3481 3887 καὶ
3535 3853 3765 3905 μετανα-

2111 3926 2323 3983 στεῦσαί
2353 3946 2411 3980 σε
2441 3923 2546 3979 ἀπὸ
2598 3921 2956 3996 σκηνώματός
3008 3943 3126 3995 σου,
3156 3922 3245 3977 καὶ
3292 3921 3355 3977 τὸ
3402 3921 3617 3997 ῥίζωμά
3668 3942 3763 3975 σου

2111 4017 2169 4073 ἐκ
2195 4023 2296 4093 γῆς
2326 4014 2565 4084 ζώντων.
2599 4016 2860 4087 Ὄψονται
2919 4009 3138 4082 δίκαιοι,
3181 4011 3269 4067 καὶ
3330 4006 3766 4090 φοϐηθήσονται,

2108 4105 2196 4160 καὶ
2247 4103 2328 4158 ἐπ’
2359 4101 2518 4158 αὑτὸν
2567 4101 2908 4177 γελάσονται,
2943 4101 3032 4156 καὶ
3094 4099 3329 4176 ἐροῦσιν.
3364 4097 3503 4158 Ἰδοὺ
3554 4098 3766 4175 ἅνθρω-

2108 4215 2209 4256 πος
2237 4195 2294 4255 ὃς
2328 4192 2426 4248 06x
2456 4189 2604 4257 ἔθετο
2635 4193 2725 4248 τὸν
2775 4193 2904 4247 Θεὸν
2961 4191 3162 4267 βοηθὸν
3220 4189 3403 4257 αὐτοῦ,
3436 4193 3524 4244 xui
3583 4186 3764 4243 ἐνεδυ-

2107 4284 2336 4357 ναμώθη
2390 4281 2478 4337 ἐπὶ
2531 4285 2601 4356 τῇ
2660 4281 2981 4355 ματαιότητι
3031 4279 3217 4335 αὐτοῦ.
3256 4304 3276 4332 ι
3339 4281 3524 4336 Ταῦτα
3578 4277 3759 4333 τοίνυν

2109 4373 2492 4449 γινώσκοντες,
2549 4365 2905 4449 φοϐηθῶμεν,
2963 4369 3052 4424 καὶ
3112 4368 3256 4443 πάσῃ
3314 4367 3532 4443 φυλακῇ
3579 4368 3762 4442 τηρή-

2108 4483 2288 4535 σωμεν
2348 4463 2447 4532 τὴν
2503 4461 2706 4516 ἑαυτῶν
2768 4457 2992 4535 καρδίαν
3049 4457 3155 4513 ἀπὸ
3210 4461 3312 4513 τοῦ
3383 4456 3757 4535 θανατηφόρου

2106 4552 2413 4626 πνεύματος
2440 4556 2539 4621 τῆς
2590 4549 2974 4628 ὑπερηφανίας,
3026 4545 3370 4624 ἐπιλέγοντες
3430 4547 3642 4609 ἑαυτοῖς
3700 4545 3762 4601 τὸ

2107 4646 2201 4698 τοῦ
2259 4638 2622 4706 Ἀποττὸλου,
2672 4636 2798 4693 ὅταν
2852 4637 3049 4714 ἀρετήν
3109 4657 3226 4692 τινα
3279 4635 3713 4713 κατορθώσωμεν
3744 4653 3758 4668 ο

2112 4756 2140 4785 ‹‹
2165 4730 2275 4786 Οὐκ
2304 4730 2413 4806 ἐγὼ
2446 4727 2527 4800 δὲ,
2558 4727 2686 4785 ἀλλ’
2715 4731 2749 4798 ἡ
2783 4727 2945 4803 χάρις
2981 4732 3079 4782 τοῦ
3128 4731 3262 4781 Θεοῦ
3312 4729 3347 4797 ἡ
3400 4725 3490 4781 σὺν
3552 4724 3695 4797 ἐμοί·
3733 4747 3758 4775 υ

2106 4821 2195 4877 καὶ
2226 4821 2285 4878 ’,ὸ
2320 4819 2422 4875 ὑπὸ
2469 4822 2568 4875 τοῦ
2608 4817 2810 4892 Κυρίου
2863 4816 3176 4892 εἰρημένον,
3211 4815 3292 4871 ὅτι
3327 4840 3354 4867 ι(
3390 4814 3570 4890 Χωρὶς
3622 4813 3758 4887 ἐμοῦ

2107 4911 2167 4967 οὗ
2201 4908 2424 4973 δύνασθε
2452 4912 2627 4963 ποιεῖν
2663 4904 2838 4962 οὐδέν·
2876 4931 2904 4958 ››
2935 4906 3023 4960 καὶ
3053 4906 3115 4960 τὸ
3148 4906 3249 4960 ὑπὸ
3298 4908 3396 4958 τοῦ
3445 4904 3759 4981 Ηροφήτου.

2110 5027 2138 5055 ‹‹
2165 4986 2400 5073 Ἐὰν.μή
2431 4997 2629 5073 Κ·5ριος
2660 4994 3004 5069 οἷκοδομήσῃ
3048 4993 3220 5062 οἶκον,
3265 4992 3341 5055 εἷς
3404 4992 3579 5064 μάτην
3638 4990 3758 5048 ἐκο-

2106 5090 2298 5145 πίασαν
2317 5089 2367 5142 οἱ
2387 5084 2833 5160 οἰκοδομοῦντες·
2856 5109 2884 5136 ››
2906 5083 2996 5138 καὶ
3018 5081 3205 5137 πάλιν·
3231 5106 3251 5131 ι
3270 5080 3343 5133 Οὐ
3364 5083 3462 5134 τοῦ
3486 5078 3765 5150 θέλοντος,

2106 5177 2355 5234 οὐδὲτοῦ
2383 5175 2701 5253 τρέχοντος,
2734 5171 2881 5228 ἀλλὰ
2918 5175 3017 5225 τοῦ
3065 5168 3348 5232 ἐλεοῦντος
3398 5174 3554 5226 Θεοῦ.
3593 5194 3621 5220 ››
3657 5170 3761 5226 Καὶ

2103 5268 2205 5344 γὰρ
2237 5266 2282 5321 εἰ
2313 5265 2403 5321 καὶ
2432 5264 2500 5319 τὰ
2532 5260 2769 5337 μάλιστα
2797 5257 2970 5316 ἔσεταί
3016 5280 3100 5322 τις
3151 5257 3282 5328 ζέων
3335 5261 3406 5333 τῇ
3455 5257 3756 5335 προθυμίᾳ,

2104 5361 2193 5413 καί
2225 5352 2517 5416 σπουδαῖος
2547 5354 2618 5427 τῇ
2671 5349 3007 5427 προαιρέσει,
3038 5347 3185 5405 ἀλλὰ
3236 5347 3392 5425 σαρκὶ
3442 5344 3762 5421 συνδεδεμέ-

3543 5512 3565 5551 ⁸
3594 5510 3754 5572 Psal.

2422 5515 2467 5554 ”
2498 5513 2678 5575 IGor.
2710 5530 2804 5589 xv,
2835 5514 2924 5572 10.
3021 5517 3041 5555 ⁸
3070 5513 3239 5575 Joan.
3271 5529 3365 5586 xv,
3394 5512 3451 5570 5.
