4148 6358
330 368 449 432 905

1203 367 1534 431 HOMILlA
1574 368 1655 430 IN
1699 367 2242 432 NATIVITATEM
2290 370 2879 435 PRECURSORIS.

3632 371 3754 435 906

329 522 423 564 νος
453 500 541 556 καὶ
573 499 785 574 αἶ’ματι,
817 500 879 555 οὐ
912 496 1195 570 δυνήσεται
1226 500 1362 576 πρὸς
1409 498 1729 571 τελειότητα
1768 502 1982 578 φθάσαι,
2016 507 2055 571 Α

2100 504 2287 573 gratia
2310 503 2525 559 Christi
2560 504 2898 575 speraverit.
2928 504 3073 560 Nam
3098 504 3268 576 juxta
3297 504 3561 560 divinum
3593 504 3757 561 Jaco-

334 590 379 646 εἰ
415 592 490 664 μὴ
523 591 658 667 πρὸς
686 590 902 653 τούτοις
931 597 1091 645 πᾶσιν
1116 589 1204 644 ἐπὶ
1234 595 1311 661 τῷ
1341 588 1480 644 ἐλέει
1514 595 1750 663 Χριστοῦ
1782 590 1987 659 ἐλπίζει

331 680 422 735 καὶ
450 684 520 753 τῇ
576 682 764 755 χάριτι
807 680 993 736 αὐτοῦ.
1043 680 1187 735 Κατὰ
1233 680 1337 755 γὰρ
1367 679 1459 733 τὸν
1511 685 1653 743 θεῖον
1704 674 1987 751 Ἰάκωϐον,

334 792 363 822 ι(
396 775 539 823 πᾶσα
571 767 720 831 δόσις
745 768 945 844 ἀγαθὴ,
979 769 1067 823 καὶ
1118 774 1220 823 πᾶν
1273 766 1509 841 δώρημα
1546 768 1755 823 τέλειον
1785 768 1986 824 ἄνωθᾶν

332 858 465 925 ἐστι,
496 854 820 913 καταϐαῖνον
856 858 915 913 ὲκ
960 863 1057 913 τοῦ
1110 858 1320 934 Πατρὸς
1366 862 1475 913 τῶν
1517 860 1733 932 φώτων.
1768 883 1796 910 ››
1831 858 1927 913 Καὶ
1961 860 1989 913 ὁ

335 946 553 1010 Παῦλός
584 969 735 1027 φησι·
775 973 803 1001 ‹‹
832 949 892 1002 Τί
923 949 1027 1023 γὰρ
1062 947 1208 1024 ἔχεις
1241 947 1271 1002 δ
1302 946 1402 1001 οὐκ
1450 943 1640 1008 ἔλαϐες
1673 966 1687 1017 ;
1722 947 1783 1002 Ei
1816 944 1873 1002 δὶ
1900 947 1990 1001 καὶ

337 1033 552 1111 ἔλαϐες,
602 1038 653 1093 τί
699 1044 969 1113 καυχᾶσαι
1021 1037 1094 1099 ὡς
1151 1038 1226 1111 μὴ
1279 1032 1464 1092 λαϐών
1496 1057 1509 1107 ;
1544 1062 1573 1089 »
1626 1035 1749 1092 ἀλλ’
1800 1037 1873 1098 ὠς
1906 1036 1988 1091 in’

338 1124 497 1189 ἰδίοις
541 1132 659 1188 τοῖς
704 1125 1024 1202 ἀλλοτρίοις
1077 1125 1407 1201 χαρίσμασιν
1458 1124 1837 1201 ἆπαιρόμενος.
1870 1128 1987 1180 Ὅτι

337 1214 395 1270 δὲ
424 1217 611 1292 χάριτι
661 1215 749 1271 καὶ
801 1214 939 1271 ἆλὲει
990 1220 1125 1271 Θεοῦ
1154 1217 1190 1284 ἠ
1226 1213 1468 1287 σωτηρία
1516 1216 1651 1286 ἡμῖν
1706 1213 1990 1290 προσγίνε-

330 1326 442 1376 ται,
482 1304 686 1380 μάρτυς
717 1306 744 1360 ὁ
776 1302 981 1379 λῃστὴς
1013 1304 1238 1376 ἐκεῖνος,
1271 1303 1331 1365 ὃς
1365 1302 1463 1358 οὐκ
1510 1303 1705 1379 ἀρετῆς
1752 1301 1987 1360 ἔπαθλον

333 1395 433 1463 τὴν
469 1391 744 1468 βασιλείαν
775 1397 883 1448 τῶν
932 1394 1175 1469 οὐρανῶν
1229 1391 1558 1465 ἐκομίσατο,
1609 1390 1755 1448 ἀλλά
1801 1394 1990 1469 χάριτι

337 1487 471 1538 Θεοῦ
500 1484 591 1537 καὶ
623 1481 782 1540 ἐλέει.
832 1486 1008 1537 Ταῦτα
1052 1481 1143 1537 καὶ
1194 1482 1245 1536 οἱ
1298 1482 1531 1556 Πατέρες
1574 1484 1734 1554 ἡμῶν
1767 1481 1989 1537 ἐπιστά-

338 1592 520 1644 μενοι,
572 1573 767 1634 πάντες
826 1576 923 1644 μιᾷ
968 1572 1163 1647 γνώμη
1208 1568 1622 1647 παραδεδώκασι
1676 1572 1751 1643 μὴ
1802 1570 1991 1635 ἄλλως

329 1656 587 1714 δύνασθαι
614 1663 761 1733 ἡμᾶς
813 1659 1066 1733 θεμέλιον
1117 1660 1331 1737 ἀσφαλῆ
1380 1660 1515 1734 πρὸς
1553 1658 1835 1715 τελείωσιν
1867 1659 1987 1734 ἀρε-

326 1754 429 1818 τῆς
462 1744 923 1818 καταϐάλλεσθαι,
956 1748 1002 1805 εἰ
1038 1750 1114 1822 μὴ
1167 1745 1257 1803 διὰ
1299 1749 1697 1818 ταπεινώσεως,
1728 1747 1852 1817 ἥτις
1883 1748 1989 1803 ἀπὸ

330 1837 568 1899 πὲστεως
614 1837 704 1892 καὶ
753 1837 1064 1911 πραότητος
1097 1880 1111 1907 ,
1170 1837 1261 1893 καὶ
1330 1836 1541 1899 τελείας
1608 1835 1989 1910 ἀκτημοσύνης

332 1925 709 2002 προσγίνεσθαι
757 1927 981 2002 πὲφυκε,
1032 1922 1102 1980 δι’
1155 1926 1230 1980 ὧν
1260 1927 1295 1995 ἡ
1326 1923 1512 1981 τελεία
1561 1925 1741 2001 ἀγάπη
1791 1946 1987 2002 κατορ-

337 2020 520 2080 θοῦται
555 2017 741 2092 χάριτι
779 2019 878 2070 τοῦ
910 2014 1112 2090 Κυρίου
1159 2017 1320 2087 ἡμῶν
1367 2016 1548 2086 Ἰησοῦ
1586 2015 1822 2091 Χριστοῦ
1876 2016 1992 2089 μεθ’

2098 592 2262 663 bum,
2290 615 2315 640 α
2345 610 2517 648 omne
2548 595 2753 648 datum
2784 595 3027 661 bonum,
3051 598 3107 649 et
3129 610 3302 649 omne
3326 595 3545 650 donum
3575 594 3756 667 perfe-

2098 686 2259 736 ctum
2278 682 2589 738 desursum
2612 688 2721 750 est,
2738 684 3102 739 descendens
3122 700 3154 739 a
3169 687 3339 739 Patre
3363 682 3660 741 luminum
3680 686 3756 739 ‘.»

2098 774 2165 824 Et
2194 770 2413 826 Paulus
2443 771 2525 827 ait
2555 789 2567 827 :
2602 794 2628 825 α
2658 772 2807 838 Quid
2851 772 3007 828 enim
3041 773 3223 828 habes
3256 772 3411 844 quod
3447 789 3560 829 non
3595 789 3755 829 acce-

2100 858 2281 930 pisti?
2311 860 2371 914 Si
2404 866 2597 915 autem
2645 861 2945 933 accepisti,
2970 862 3108 932 quid
3143 860 3412 932 gloriaris
3436 860 3606 933 quasi
3638 878 3755 917 non

2100 949 2527 1020 acceperis'?»
2560 951 2658 1005 sed
2694 951 2765 1005 de
2818 950 3027 1006 alienis
3069 950 3239 1006 donis
3287 950 3458 1022 quasi
3514 951 3583 1005 de
3633 952 3755 1006 tuis

2099 1038 2412 1093 extolleris.
2452 1039 2614 1103 Quod
2677 1044 2874 1095 autem
2934 1040 3103 1095 nobis
3161 1041 3353 1112 gratia
3408 1044 3465 1095 et
3519 1039 3755 1095 miseri-

2100 1127 2297 1182 cordia
2345 1128 2447 1182 Dei
2506 1128 2668 1183 salus
2726 1130 2985 1195 accedat,
3035 1129 3203 1183 testis
3252 1134 3343 1184 est
3393 1128 3542 1183 latro
3591 1126 3690 1183 ille
3710 1129 3754 1195 ⁸,

2100 1216 2200 1286 qui
2241 1233 2357 1271 non
2407 1217 2465 1271 in
2514 1216 2749 1273 virtutis
2810 1217 3117 1289 praemium
3176 1233 3421 1289 regnum
3472 1217 3751 1273 castorum

2099 1306 2348 1377 adeptus
2396 1310 2520 1374 est;
2553 1308 2653 1362 sed
2689 1307 2877 1378 gratia
2926 1312 2982 1363 et
3032 1307 3432 1363 misericordia
3472 1307 3591 1362 Dei.
3626 1307 3757 1363 Haec

2098 1410 2235 1449 eum
2267 1395 2445 1466 probe
2478 1401 2718 1451 nossent
2748 1396 2950 1453 Patres
2982 1396 3192 1464 nostri,
3224 1413 3344 1451 una
3374 1412 3578 1452 omnes
3622 1411 3754 1451 sen-

2097 1484 2286 1539 tentia
2316 1485 2686 1540 tradiderunt
2714 1502 2827 1541 non
2860 1502 3033 1558 posse
3074 1502 3183 1542 nos
3214 1486 3452 1541 ﬁrmum
3481 1485 3552 1539 ad
3586 1484 3763 1540 virtu-

2098 1572 2177 1628 tis
2234 1573 2651 1645 perfectionem
2694 1574 2893 1645 jacere
2951 1573 3426 1642 fundamentum,
3479 1573 3595 1629 nisi
3659 1589 3763 1646 per

2099 1660 2518 1731 humilitatem,
2561 1680 2689 1734 quaa
2744 1680 2777 1719 a
2826 1663 2960 1730 fide,
3012 1664 3471 1720 mansuetudine
3521 1670 3577 1719 et
3626 1679 3759 1735 per-

2098 1750 2250 1807 fecta
2290 1756 2636 1823 paupertate
2688 1753 2985 1825 procedit;
3019 1754 3235 1824 quibus
3285 1752 3542 1825 perfecta
3571 1752 3759 1807 chari-

2098 1843 2189 1895 tas
2237 1839 2555 1908 obtinetur,
2592 1841 2781 1913 gratia
2829 1841 3062 1897 Domini
3094 1841 3283 1898 nostri
3326 1841 3468 1897 Jssu
3519 1839 3760 1910 Christi,

2100 1945 2232 1984 cum
2268 1944 2386 2001 quo
2433 1929 2587 1986 Patri
2618 1930 2826 2003 gloria,
2860 1946 2997 1987 cum
3050 1936 3256 1986 sancto
3306 1929 3528 2002 Spiritu
3560 1929 3620 1985 in
3652 1946 3763 1985 sm-

2102 2017 2256 2074 cula.
2288 2020 2495 2075 Amen.

337 2104 399 2160 οὗ
429 2104 599 2182 Πατρὶ
630 2108 666 2175 ἡ
700 2102 827 2176 δόξα
858 2104 950 2160 σὺν
977 2109 1056 2178 τῷ
1086 2104 1227 2181 ἁγίῳ
1258 2103 1534 2177 Πνεῦματι
1566 2102 1641 2167 εἷς
1666 2104 1795 2168 τοὺς
1828 2104 2046 2169 αἰῶνας.
2080 2105 2282 2179 Ἀμήν.

403 2251 426 2285 ⁸
451 2250 577 2307 Jac.
610 2266 650 2318 ι,
684 2250 771 2307 17.
847 2251 868 2286 ⁸
896 2255 917 2305 Ι
947 2251 1076 2308 Cor.
1112 2267 1189 2329 1v,
1218 2249 1275 2307 7.
1349 2250 1373 2286 ⁸
1403 2250 1542 2307 Luc.
1576 2266 1739 2321 nm,
1772 2250 1863 2306 43.

1672 2500 2435 2635 HOMILUE

603 2706 892 2818 QUZE
963 2704 1645 2801 ATHANASII
1715 2703 2214 2799 NOMINE
2278 2705 3471 2802 CIBCUMFERUNTUR.

1261 2995 1341 3055 IN
1384 2993 1863 3066 SEQUENTEM
1914 2993 2307 3055 HOMILIAM
2354 2994 2821 3056 ADMONI'I‘IO.

402 3131 553 3187 Hanc
602 3130 893 3187 homiliam
940 3145 1058 3185 esse
1105 3127 1416 3184 Athanasii
1442 3143 1603 3184 nemo
1628 3129 2003 3197 existimabit,
2036 3132 2251 3184 tantum
2290 3129 2503 3185 scilicet
2549 3129 2807 3185 abhorret
2853 3129 2921 3184 ab
2965 3129 3258 3185 Athanasii
3284 3129 3447 3200 stylo,
3476 3129 3748 3201 gravitate

321 3219 604 3288 elegantia
634 3236 653 3272 :
685 3220 796 3273 imo
844 3227 910 3274 ut
957 3233 1028 3274 ex
1071 3218 1337 3273 orationi:
1382 3231 1584 3286 genere
1632 3217 2125 3289 vocabulorumque
2161 3217 2379 3271 ratione
2431 3216 2731 3287 conjectare
2788 3216 2937 3287 licet,
2967 3216 3158 3271 multis
3211 3220 3333 3288 post
3387 3217 3751 3271 Athanasium

322 3308 545 3364 seculis
574 3309 780 3378 scripta
809 3310 917 3369 est;
947 3306 1377 3379 quamplurima?
1403 3320 1639 3376 namque
1683 3306 1773 3360 hic
1817 3311 2114 3362 occurrunt
2142 3322 2299 3361 voces
2330 3308 2640 3378 composita
2667 3321 2793 3378 quatp
2819 3305 2890 3361 ad
2920 3307 3175 3375 infimam
3221 3305 3491 3362 accedunt
3541 3304 3749 3360 Graeci-

318 3400 509 3453 tatem.
540 3398 772 3453 Demum
808 3398 985 3468 magis
1013 3397 1282 3467 sequioris
1328 3396 1438 3453 aevi
1464 3393 1785 3453 Graecorum
1830 3396 2222 3467 loquacitatem
2251 3395 2458 3451 redolet
2486 3394 2607 3453 haec
2638 3395 2890 3465 homilia,
2925 3412 3091 3467 quam
3121 3397 3477 3468 antiquorum
3516 3400 3752 3451 Patrum

320 3486 717 3559 eloquentiam.

1482 3731 1606 3781 ΤΟΥ
1645 3727 1735 3785 EN
1774 3728 2009 3786 ΑῙἾΟῙΣ
2049 3726 2331 3785 ΠΑΤΡΟΣ
2372 3730 2564 3784 ΠΗΩΝ

1653 3875 2389 3975 ΑΘΑΝΑΣΙΟΥ

760 4066 856 4129 Εἲς
886 4065 949 4122 τὸ
979 4062 1260 4141 γενέθλιον
1292 4067 1391 4120 τοῦ
1420 4060 1769 4140 Προδρόμου,
1800 4064 1889 4118 καὶ
1920 4063 1996 4127 εἷς
2024 4063 2125 4133 τὴν
2158 4056 2467 4132 Ἐλισάϐετ,
2496 4064 2587 4119 καὶ
2620 4063 2698 4126 εἰς
2726 4064 2826 4132 τὴν
2858 4062 3120 4119 Θεοτόκον
3152 4064 3289 4137 (30).

1432 4344 1528 4439 S.
1590 4343 1690 4438 P.
1762 4342 1874 4441 N.
1945 4342 2627 4439 ATHANASII

1142 4523 1203 4580 In
1232 4522 1587 4579 nativitatem
1614 4521 2004 4590 Przcurtoris,
2033 4521 2097 4578 in
2134 4522 2395 4592 Elisabet,
2426 4525 2478 4579 et
2508 4522 2571 4579 in
2600 4521 2919 4594 Deiparam.

392 4776 447 4833 4.
496 4775 690 4852 Χώραν
746 4773 841 4846 μὶν
894 4773 1405 4849 ἀποχερσωθεῖσαν,
1447 4771 1537 4826 καὶ
1588 4769 1830 4847 ὀνάγρων
1877 4791 1972 4827 κα·
2004 4778 2048 4846 C

2160 4774 2208 4829 1.
2242 4774 2546 4830 Exsiccata
2596 4781 2767 4840 terra,
2808 4776 2866 4829 et
2919 4787 3269 4844 onagrorum
3321 4771 3748 4831 conouloationi

318 4866 621 4937 ταπάτημα
647 4864 891 4939 γενέσθαι
921 4859 1389 4939 καταλειφθεῖσαν,
1447 4860 1576 4935 βοῦς
1627 4860 1833 4936 ἀροτὴρ
1881 4881 1976 4914 κα-

2088 4862 2386 4930 derelicta,
2438 4864 2687 4919 aratoris
2736 4862 2902 4919 bovis
2953 4860 3149 4918 labore
3200 4860 3479 4918 sulcetur.
3520 4865 3749 4930 Quanto

327 4952 483 5027 μάτῳ
534 4952 889 5029 ῥυμοτομῶν,
949 4949 1145 5027 ἆγείρει
1202 4948 1328 5010 τοὺς
1388 4944 1651 5010 αὔλακας·
1703 4948 1825 5003 ὅσον
1873 4950 1976 5024 γὰρ

2097 4951 2311 5007 diutius
2342 4953 2500 5008 enim
2551 4951 2810 5007 incultus
2843 4967 2982 5023 ager
3030 4950 3160 5021 fuit,
3194 4954 3357 5006 tanto
3405 4952 3654 5024 graviori
3688 4953 3749 5008 in

324 5041 727 5118 ἀκατὲργαστος
758 5044 793 5111 ἡ
826 5042 985 5117 χώρα
1032 5038 1110 5112 τῷ
1145 5038 1334 5115 χρόνῳ
1386 5039 1677 5111 μεμένηκε,
1719 5042 1980 5092 τοσοῦτον

2097 5040 2310 5095 arando
2361 5041 2465 5095 bos
2514 5041 2799 5112 premitur
2859 5040 3078 5110 labore,
3121 5044 3569 5111 atterunturque
3616 5040 3747 5112 jugi

328 5133 356 5187 ὁ
385 5132 523 5208 πρὸς
570 5134 669 5201 τὴν
722 5130 1031 5204 ἀροτρίασιν
1080 5131 1208 5203 βοῦς
1253 5127 1657 5204 παριστάμενος
1707 5125 1978 5181 ἐπιπονω-

327 5222 474 5297 τέρῳ
504 5221 733 5293 καμάτῳ
784 5220 1192 5295 συγκάμπτεται
1237 5218 1329 5273 τὸν
1384 5216 1679 5293 ζυγοφόρον
1732 5214 1980 5289 ἑπεκτρί-

2091 5145 2265 5184 onere
2296 5129 2566 5185 cervices.
2594 5128 2805 5184 Mulier
2845 5128 2985 5184 item
3029 5128 3247 5185 sterilis
3276 5145 3341 5183 ac
3372 5134 3542 5184 aetate
3570 5144 3747 5199 gran-

2094 5219 2273 5283 daeva,
2304 5219 2483 5287 inque
2513 5220 2628 5274 duo
2664 5217 2816 5273 mala
2849 5216 3143 5289 prolapsa,
3176 5217 3547 5272 sterilitatem
3583 5216 3749 5273 scili-

331 5303 440 5363 ϐων
495 5309 717 5385 αὐχένα·
768 5314 995 5385 γυναῖκα
1052 5305 1109 5362 δὲ
1165 5308 1542 5379 στειρωθεῖσαν
1601 5306 1691 5359 καὶ
1755 5310 1982 5381 μακροῖς

2097 5312 2183 5362 cet
2212 5312 2268 5362 et
2299 5306 2803 5373 imbecillitatem;
2837 5307 3230 5375 sterilitatem,
3283 5305 3545 5376 inquam,
3577 5309 3749 5361 natu-

329 5399 554 5475 χρόνοις
585 5398 1011 5469 παλαιωθεῖσαν,
1043 5396 1133 5452 καὶ
1176 5393 1295 5451 δυσὶ
1325 5401 1514 5458 κακοῖς
1565 5400 1983 5471 περιπεσοῦσαν,

328 5487 527 5564 ἀγονίᾳ
551 5508 610 5542 τε
647 5485 736 5542 καί
782 5486 990 5557 ἀτονίᾳ,
1026 5485 1220 5560 ἀγονίᾳ
1266 5484 1475 5563 φύσεως
1526 5484 1615 5538 καὶ
1663 5482 1851 5555 ἀτονία
1880 5505 1983 5559 γη-

331 5573 690 5657 ραλεότητος,
742 5574 919 5652 λόγῳ,
959 5575 1050 5630 καὶ
1103 5573 1166 5629 οὐ
1208 5574 1383 5647 πόνῳ,
1418 5574 1447 5628 ὁ
1492 5580 1593 5643 τῆς
1643 5571 1851 5652 φύσεως
1882 5570 1984 5643 δη-

2094 5414 2190 5462 rae,
2232 5400 2290 5451 et
2339 5394 2801 5450 imbecillitatem
2859 5394 3202 5463 senectutis,
3236 5393 3434 5460 verbo,
3486 5410 3603 5449 non
3664 5393 3748 5449 la-

2094 5486 2256 5551 bore,
2290 5502 2324 5540 a
2354 5492 2575 5540 natura;
2627 5484 2928 5540 conditore
2977 5487 3090 5537 Deo
3120 5481 3332 5551 Verbo,
3363 5483 3625 5554 corporis
3657 5498 3750 5539 se-

2096 5578 2329 5631 nectute
2372 5573 2654 5630 liberatur
2685 5577 2861 5644 atque
2902 5574 3232 5637 renovatur,
3264 5572 3573 5629 sterilitate
3619 5588 3752 5630 vero

404 5708 523 5781 (30)
551 5707 634 5764 Ex
663 5707 862 5765 codice
891 5704 1053 5762 Colb.
1088 5705 1246 5773 1711,
1277 5705 1845 5778 quadringentorum
1875 5704 2107 5762 circiter
2133 5720 2272 5761 ann.

655 5836 923 5898 Panos.
970 5834 1087 5896 Ga.
1130 5832 1411 5895 XXVIII.
