4120 6422
377 359 498 418 907

1531 354 1597 415 S.
1644 350 2177 414 ATHANASIUS.
2210 384 2290 395 -—
2328 352 2643 416 SPURIA.

3682 359 3805 422 908

384 494 608 547 naturai
637 488 882 545 levatur.
915 488 1110 544 Testis
1159 487 1303 543 mihi
1332 487 1457 542 haec
1487 485 1750 557 loquenti
1778 488 1866 541 est
1897 500 2029 539 uxor

2156 484 2416 559 μιουργὸς
2464 484 2594 546 Θεὸς
2639 483 2811 560 Λόγος
2860 483 2951 541 καὶ
2997 485 3100 554 τὴν
3143 489 3240 541 τοῦ
3285 488 3539 559 σώματος
3568 486 3805 545 παλαιό-

378 578 665 635 Zachariae
717 578 1060 648 sacerdotis,
1111 577 1390 647 Elisabet,
1443 592 1569 647 qua:
1628 593 1744 632 non
1791 574 1922 630 risit
1971 577 2037 628 ut

380 669 525 725 Sara
544 670 585 736 ’⁷,
620 669 720 725 sed
755 672 819 724 ut
847 674 1016 723 Anna
1045 666 1354 733 credidit”,
1381 682 1506 736 quis
1538 664 1596 719 in
1630 665 1757 721 suis
1779 665 1905 734 jam
1937 662 2036 717 de-

381 757 624 813 bilitatis
659 757 944 814 membris
971 761 1034 813 ut
1054 754 1253 829 aquila
1279 759 1553 811 renovata
1585 758 1674 811 est
1699 755 1720 789 θ
1746 772 1760 810 :
1786 768 2036 826 puerum

381 863 637 920 namque
666 846 945 903 enutrivit
976 845 1341 919 praeclarum,
1375 844 1797 913 venerandum,
1832 841 1889 896 in
1917 843 2038 897 Jor-

381 936 608 992 danicis
639 937 878 992 ﬂuentis
909 941 1262 992 versantem.
1296 934 1440 990 Vere
1472 950 1687 1005 magna
1716 933 1872 989 inter
1902 948 2036 986 mu-

376 1025 550 1083 lieres
589 1026 744 1083 330
794 1025 1073 1093 Elisabet,
1107 1027 1305 1095 utpote
1336 1023 1598 1096 gloriosas
1630 1020 1890 1094 Virginis
1937 1037 2033 1076 co-

377 1122 576 1187 gnata,
596 1115 1091 1188 quemadmodum
1136 1114 1387 1185 jamjam
1419 1110 1637 1169 audisti
1671 1128 1740 1168 ex
1769 1108 2036 1167 Gabriele

377 1203 642 1260 dicente:
668 1226 698 1255 ε(
722 1204 791 1261 Et
819 1220 951 1260 ecce
982 1202 1239 1261 Elisabet
1285 1207 1536 1275 cognata
1583 1206 1681 1257 tua
1704 1201 1770 1255 ιο.
1797 1222 1826 1250 ››
1856 1199 1902 1255 Ο
1933 1215 2034 1272 ge-

378 1293 539 1349 neris
569 1291 974 1348 nobilitatem!
1010 1307 1042 1347 o
1073 1290 1308 1364 pietatis
1339 1288 1851 1346 exercitationem!
1886 1305 1919 1344 ο
1949 1288 2036 1344 vi-

377 1385 450 1437 ιω
483 1382 823 1455 puritatem!
852 1398 885 1438 o
909 1380 1168 1454 corporis
1189 1379 1550 1437 castitatem!
1576 1396 1608 1435 0
1632 1380 1812 1436 Deum
1833 1394 2034 1434 aman-

380 1471 454 1528 tis
504 1472 712 1529 animae
761 1470 1070 1528 allectum!
1106 1487 1138 1527 ο
1170 1487 1272 1526 vas
1321 1467 1809 1544 unguentarium!
1860 1468 2036 1523 Evam

379 1560 773 1632 supplantavit
820 1576 1086 1632 serpens,
1121 1559 1474 1617 Elisabetam
1519 1558 1765 1630 angelus
1795 1557 1856 1612 in
1886 1572 2038 1628 pras-

377 1648 564 1705 claras
597 1666 690 1706 res
724 1648 996 1705 initiavit.
1023 1649 1168 1704 Vere
1198 1664 1413 1720 magna
1443 1648 1597 1703 inter
1621 1646 1902 1704 mulieres
1933 1644 2041 1703 Eli.

377 1739 559 1804 sabet,
591 1755 721 1812 quae
748 1739 1034 1795 Joannem
1069 1739 1393 1810 Baptistam
1426 1737 1697 1811 gestavit,
1732 1733 2037 1792 incredulo

2144 591 2283 640 τητα
2336 572 2663 643 ἀνακαινίζει
2698 620 2713 647 ,
2769 573 2859 629 καὶ
2928 575 3028 644 τὴν
3094 581 3195 645 τῆς
3250 574 3462 652 φύσεως
3518 577 3801 649 στείρωσιν

2149 656 2481 736 διορθοῦται.
2518 663 2617 718 Καὶ
2652 668 2915 740 μαρτυρεῖ
2946 684 3051 738 μου
3079 668 3158 736 τῷ
3188 663 3344 740 λόγῳ
3373 667 3409 735 ἡ
3441 667 3655 741 γαμετὴ
3703 672 3802 722 τοῦ

2148 747 2333 825 ἷέρὲως
2380 751 2675 829 Ζαχαρίου,
2726 748 3048 824 Ἐλισάόετ,
3106 755 3142 824 ἢ
3204 754 3281 827 μή
3331 753 3608 830 γελάσασα
3663 756 3801 812 κατὰ

2143 838 2243 906 τήν
2306 838 2543 916 Σάρῥαν,
2594 840 2738 898 ἀκλᾶ
2785 844 3113 898 πιστεύσασα
3163 844 3302 898 κατὰ
3341 843 3440 912 τὴν
3487 849 3703 914 Ἅνναν,
3758 848 3796 916 ἡ

2143 932 2260 990 τοῖς
2290 928 2726 1004 κεχαλασμὲνοις
2759 930 2975 1005 μέλεσιν
3025 932 3101 995 ὡς
3147 933 3303 995 ἀετὸς
3344 932 3794 990 ἀνακαινισθεῖσα·

2146 1015 2576 1097 ἐπωλοτρόφησε
2597 1020 2700 1096 γὰρ
2720 1018 2888 1075 παῖδα
2908 1019 3638 1097 γνώριμον,αἰδέσιμον,τῶν
3663 1024 3801 1099 Ἰορ-

2147 1102 2370 1161 δανείων
2405 1107 2631 1185 ῥείθρων
2652 1108 2968 1183 συνόμιλον.
2999 1111 3210 1173 Ὄντως
3236 1109 3450 1187 μεγάλη
3479 1111 3532 1166 ἂν
3561 1114 3802 1189 γυνιαιξὶν

2148 1191 2453 1269 Ἐλισάϐετ,
2485 1197 2562 1260 ὡς
2605 1200 2871 1275 συγγενὴς
2904 1206 3003 1270 τῆς
3044 1197 3261 1272 ἐνδόξου
3289 1202 3585 1277 Παρθένου,
3618 1204 3799 1267 καθὼς

2144 1279 2343 1350 ἤκουες
2374 1285 2513 1357 (30‘)
2542 1283 2741 1360 ἀρτίως
2788 1290 2886 1341 τοῦ
2935 1281 3182 1363 Γαϐριὴλ
3228 1289 3365 1364 πρὸς
3394 1290 3496 1357 τὴν
3527 1290 3797 1364 Παρθένον

2146 1368 2424 1444 λὲγοντος·
2464 1393 2486 1423 ε
2514 1371 2613 1427 Καὶ
2663 1371 2782 1429 ἰδοὺ
2831 1369 3114 1432 Ἐλισάόετ
3146 1378 3179 1446 ἡ
3214 1379 3480 1454 συγγενής
3522 1399 3639 1439 σου.
3674 1404 3702 1431 δ)
3734 1381 3799 1436 Ὢ

2147 1460 2388 1535 εὐγένεια
2416 1462 2644 1536 γένουςί
2679 1470 2724 1517 ω
2765 1459 2993 1535 ἄσκησις
3038 1459 3363 1528 εὐλαϐείαςί
3396 1463 3442 1521 ὣ
3488 1468 3799 1544 καθαρότης

2151 1548 2308 1625 βίουί
2340 1549 2385 1606 ὣ
2416 1552 2603 1627 ἁγνεία
2631 1554 2885 1627 σώματος
2913 1554 2925 1610 l
2960 1552 3005 1609 ὣ
3038 1553 3318 1634 θεοφίλεια
3354 1558 3544 1632 ψυχῆς
3571 1559 3583 1614 !
3617 1555 3663 1612 ὢ
3695 1580 3796 1631 μυ-

2147 1636 2383 1714 ροδόχον
2412 1645 2601 1705 σκεῦος
2626 1643 2639 1698 !
2670 1643 2784 1710 Τὴν
2808 1642 2948 1699 Εὕαν
2977 1642 3280 1720 ἔπτὲρνισεν
3315 1646 3345 1700 6
3374 1639 3520 1724 ὄφις·
3541 1646 3613 1721 τῇ
3644 1644 3793 1703 Ἐλι-

2146 1724 2307 1784 σάϐετ
2336 1730 2404 1784 τὰ
2455 1729 2713 1806 βέλτιστα
2742 1731 2769 1785 6
2801 1730 3054 1807 ἄγγελος.
3085 1738 3292 1796 ’Όντως
3344 1732 3558 1810 μεγάλη
3607 1735 3659 1792 ἐν
3691 1758 3794 1812 γυ-

372 1825 661 1883 Zacharias
705 1826 1111 1899 exprobravit!
1139 1828 1301 1894 Quod
1333 1831 1529 1883 autem
1559 1824 1899 1885 incredulus
1927 1824 2029 1879 Za-

2146 1817 2313 1888 ναιξὶν
2341 1814 2644 1891 Ἑλισάόετ,
2694 1821 2729 1890 ἡ
2776 1819 2868 1874 καὶ
2914 1820 3005 1875 τὸν
3056 1823 3360 1892 Βαπτιστὴν
3411 1824 3658 1895 Ἰωάννην
3694 1827 3790 1901 βα-

2230 1904 2240 1919 ,
2523 1907 2536 1924 .
2625 1908 2639 1924 .
2734 1906 2759 1924 ,ρ
3001 1915 3033 1924 ,.
3194 1910 3205 1924 ,
3328 1911 3341 1924 .
3438 1910 3485 1924 ...
3694 1922 3728 1924 __
3774 1913 3788 1924 .

375 1916 608 1973 cbarias
655 1915 1120 1973 imbecillitatem
1170 1915 1456 1987 corporis,
1488 1915 1589 1972 Dei
1640 1914 2029 1986 promissione

375 2004 471 2075 (ad
507 2006 1002 2077 persuadendum)
1033 2004 1350 2060 ﬁrmiorem
1400 2021 1529 2060 esse
1576 2004 1896 2060 arbitratus
1928 2002 2033 2074 sit,

376 2093 597 2149 audisti
641 2094 806 2166 prius
837 2109 906 2149 ex
946 2095 1054 2150 hac
1098 2095 1264 2150 Lucae
1314 2091 1686 2166 evangelista:
1733 2091 2028 2147 lectione:

376 2203 405 2231 «
439 2181 615 2238 Visus
646 2187 735 2239 est
772 2183 824 2238 ei
874 2182 1119 2255 angelus
1157 2182 1597 2253 Domini,stans
1630 2198 1663 2236 a
1692 2180 1911 2237 dextris
1941 2179 2031 2235 al-

374 2271 521 2327 taris
553 2271 778 2327 incensi
807 2274 874 2329 “.
905 2295 925 2321 ι
962 2272 1171 2328 Modus
1220 2272 1344 2343 ipse
1386 2271 1633 2328 visionis
1664 2271 1791 2341 ejus
1822 2271 2030 2326 verita-

376 2364 496 2416 tem
540 2363 788 2417 suadere
834 2361 1006 2418 valet.
1038 2368 1085 2416 Α
1117 2361 1338 2418 dextris
1385 2360 1632 2433 angelus
1678 2358 1857 2427 stetit,
1892 2360 2033 2431 quia

378 2449 580 2506 dexter
624 2451 973 2523 faustusque
1022 2450 1173 2507 fetus
1223 2450 1455 2505 futurus
1503 2452 1648 2514 erat,
1680 2448 1782 2520 qui
1834 2449 2031 2505 dexte-

378 2555 506 2595 ram
558 2539 724 2612 regni
773 2539 1048 2597 ccelorum
1078 2540 1233 2595 viam
1286 2538 1647 2611 praedicaret,
1668 2539 1840 2610 juxta
1884 2537 2030 2592 illud

388 2628 609 2684 dictum
639 2645 653 2684 :
680 2651 709 2681 ‹‹
738 2628 880 2685 Vias
914 2646 1038 2700 quae
1087 2647 1121 2686 a
1165 2629 1386 2684 dextris
1432 2633 1571 2684 sunt
1621 2628 1781 2682 novit
1826 2627 1980 2683 Deus
2015 2645 2029 2683 :

387 2733 673 2789 perversa:
692 2723 833 2775 sunt
863 2722 1057 2775 autem
1085 2736 1213 2791 quae
1237 2723 1374 2775 sunt
1393 2736 1427 2774 a
1449 2718 1707 2774 sinistris
1730 2718 1790 2771 ¹².
1817 2738 1846 2767 ι)
1868 2716 2031 2780 Quod

386 2807 470 2862 ait
495 2824 610 2863 non
643 2813 708 2863 ut
734 2808 965 2864 viarum
1009 2808 1354 2864 discrimina
1402 2811 1578 2874 notet,
1612 2808 1711 2862 sed
1746 2811 1812 2861 ut
1842 2823 2034 2863 mores

385 2896 719 2954 adumbrat.
753 2919 782 2948 «
812 2897 988 2954 Visus
1037 2901 1127 2954 est
1167 2901 1358 2953 autem
1408 2896 1460 2953 ei
1510 2895 1754 2969 angelus
1802 2895 2032 2951 Domini

383 2990 548 3042 stans
579 3002 613 3042 a
641 2986 859 3043 dextris
909 2986 1111 3043 altaris
1160 2985 1405 3042 incensi.
1433 3007 1461 3036 ››
1492 2985 1748 3042 Audiant
1778 2983 1880 3056 qui
1928 2985 2031 3040 ad-

381 3078 547 3142 sunt,
574 3075 1022 3149 intelligantque
1053 3075 1220 3132 altari
1252 3082 1444 3132 astare
1478 3075 1719 3148 angelos
1753 3091 1765 3130 :
1798 3073 1898 3129 ubi
1929 3091 2032 3129 au-

382 3168 501 3220 tem
532 3164 874 3237 angelorum
906 3164 1231 3238 praesentia,
1258 3165 1339 3220 ibi
1354 3164 1454 3221 Dei
1478 3164 1903 3221 habitaculum.
1928 3164 2031 3219 Za-

2145 1904 2399 1975 στάσασα,
2448 1907 2539 1963 καὶ
2585 1908 2676 1964 τὸν
2729 1906 2951 1964 ἄπιστον
2998 1910 3269 1986 Ζαχαρίαν
3318 1910 3641 1970 ὀνειδίσασα.
3693 1913 3793 1971 Καὶ

2143 1994 2227 2050 ὅτι
2266 1997 2489 2059 ἄπιστος
2519 1997 2793 2075 Ζαχαρίας
2841 1999 2939 2067 τήν
2970 2005 3068 2054 τοῦ
3112 2000 3365 2073 σώματος
3396 2002 3668 2058 ἀσθένειαν
3702 2004 3797 2079 βε-

2142 2080 2425 2162 ϐαιοτὲραν
2478 2090 2577 2157 τῆς
2634 2092 2731 2143 τοῦ
2782 2092 2916 2144 Θεοῦ
2990 2087 3320 2165 ἐπαγγελίας
3379 2088 3743 2168 λογισάμενος
3776 2140 3793 2167 ,

2139 2171 2341 2243 ἤκουες
2369 2180 2437 2250 τῇ
2465 2177 2704 2253 προτὲρᾳ
2732 2181 2829 2231 τοῦ
2860 2176 3247 2253 εὐαγγελιστοῦ
3278 2186 3459 2235 Λουκᾶ
3503 2180 3795 2256 λέγοντος·

2143 2288 2171 2316 ‹‹
2204 2266 2380 2343 Ὠφθη
2407 2263 2464 2320 δὲ
2484 2265 2630 2338 αὐτῷ
2653 2264 2887 2343 ἅγγελος
2910 2267 3130 2344 Κυρίου,
3154 2266 3213 2323 ἐκ
3234 2265 3417 2339 δεξιῶν
3441 2269 3606 2333 ἑστὼς
3628 2274 3794 2344 (30“¹’)
3826 2274 3843 2289 ’

2139 2357 2235 2408 τοῦ
2259 2354 2645 2431 θυσιαστηρίου
2667 2359 2765 2410 τοῦ
2790 2356 3191 2429 θυμιάματος.»
3215 2352 3541 2431 Σύμϐουλος
3564 2361 3599 2429 ἡ
3624 2360 3794 2415 ὀπτα-

2141 2442 2229 2497 σία
2264 2449 2364 2514 τῆς
2393 2443 2643 2518 θεωρίας.
2679 2446 2771 2500 Ἐκ
2800 2442 2987 2515 δεξιῶν
3021 2446 3049 2501 6
3081 2443 3314 2522 ἄγγελος
3346 2445 3557 2519 ἵστατο,
3600 2445 3791 2519 ἐπειδὴ

2143 2529 2314 2603 δεξιὸς
2340 2529 2557 2606 ἤμελλε
2585 2533 2745 2597 τόκος
2764 2533 3059 2604 τίκτεσθαι,
3087 2537 3185 2605 τὴν
3206 2532 3377 2606 δεξιὰν
3401 2533 3525 2591 ὁδὸν
3551 2544 3651 2607 τῆς
3681 2541 3793 2593 τῶν

2142 2620 2384 2698 οὐρανῶν
2422 2620 2699 2698 βασιλείας
2745 2622 3050 2697 κηρύττων,
3084 2625 3221 2680 κατὰ
3259 2626 3321 2680 τὸ
3363 2627 3567 2704 φάσκον
3601 2624 3789 2703 ῥητόν·

2143 2734 2170 2763 ‹‹
2203 2708 2391 2774 Ὁδοὺς
2421 2713 2518 2775 τὰς
2551 2711 2611 2767 ἐκ
2663 2709 2847 2783 δεξιῶν
2891 2710 3032 2768 οἶδεν
3065 2714 3093 2767 ὁ
3124 2710 3702 2790 Θεός·διεστραμμᾶναι
3734 2713 3794 2772 δέ

2143 2800 2275 2855 εἰσιν
2306 2802 2362 2855 αἱ
2394 2799 2444 2871 ἐξ
2475 2801 2792 2877 ἀριστερῶν·
2830 2826 2851 2853 ι
2888 2802 2950 2857 οὐ
2978 2803 3078 2871 τὴν
3103 2800 3228 2857 ὁδὸν
3255 2800 3616 2875 διαλλάττων,
3647 2804 3796 2861 ἀλλὰ

2142 2891 2230 2945 τὸν
2262 2889 2468 2966 τρόπον
2500 2890 2896 2965 αἰνιττόμενος.
2921 2915 2950 2943 cc
2973 2892 3148 2969 Ὠφθη
3183 2889 3240 2947 δὲ
3262 2891 3408 2965 αὐτῷ
3436 2890 3669 2970 ἄγγελος
3692 2902 3792 2951 Κυ-

2143 2979 2264 3055 ρίου
2295 2979 2357 3034 ἒκ
2385 2977 2571 3051 δεξιῶν
2606 2980 2774 3043 ἑστὼς
2803 2984 2899 3034 τοῦ
2942 2980 3324 3055 θυσιαστηρίου
3372 2986 3470 3037 τοῦ
3514 2983 3791 3057 θυμιάμα-

2140 3090 2256 3132 τος.
2292 3094 2319 3122 ››
2353 3070 2720 3125 ’Δκουὲτωσαν
2772 3070 2823 3125 οἱ
2871 3069 3152 3147 παρόντες,
3187 3070 3275 3126 καὶ
3333 3070 3674 3143 συνήτωσαν,
3709 3072 3794 3130 ὅτι

2142 3155 2369 3235 ἄγγελοι
2412 3162 2492 3232 τῷ
2539 3159 2904 3235 θυσιαστηρίῳ
2952 3159 3331 3236 παρίστανται·
3359 3161 3496 3216 ὃπου
3544 3158 3601 3217 δὲ
3632 3162 3793 3239 ἀγγε-

381 3254 612 3312 charias
642 3257 917 3312 sacerdos
966 3256 1089 3312 vice
1135 3273 1244 3313 sua
1292 3256 1514 3324 aderat,
1554 3254 1874 3328 ordineque
1921 3270 2028 3311 suo

2294 3229 2643 3324 παράστασις,
2695 3229 2813 3304 ἐκεῖ·
2859 3229 2992 3307 Θεοῦ
3033 3229 3473 3321 ’κατασκήνωσις
3521 3229 3796 3329 Ζαχαρίας

379 3360 485 3415 per
504 3344 799 3416 quoddam
827 3344 1053 3400 dierum
1078 3344 1333 3417 spatium
1358 3345 1639 3401 intererat
1659 3345 1986 3401 ministerio
2010 3361 2025 3402 :

381 3449 571 3505 neque
600 3449 833 3506 semper
861 3451 928 3490 eo
957 3434 1290 3502 accedebat,
1313 3435 1415 3490 sed
1442 3434 1564 3490 vice
1589 3451 1699 3490 sua
1727 3435 2026 3490 ministra-

380 3521 500 3578 bat.
531 3522 737 3594 Angeli
767 3539 902 3579 vero
938 3523 1032 3579 Dei
1064 3523 1164 3595 qui
1209 3522 1279 3578 ad
1331 3522 1512 3579 altare
1550 3523 1813 3594 deputati
1863 3527 2024 3592 sunt,

380 3626 753 3684 nequaquam
786 3630 888 3686 per
915 3613 1067 3669 vices
1097 3612 1457 3683 ministrant,
1485 3613 1588 3667 sed
1620 3618 1786 3668 nocte
1815 3612 2027 3685 dieque

377 3699 780 3759 indesinenter
825 3701 994 3758 altari
1026 3706 1241 3757 astant.
1270 3702 1497 3758 Norunt
1543 3702 1642 3775 qui
1689 3705 2027 3759 contemnat

378 3793 436 3847 et
456 3791 564 3862 qui
599 3808 714 3847 non
736 3796 1075 3848 contemnat
1097 3808 1111 3847 :
1136 3791 1314 3863 probe
1334 3791 1531 3847 sciunt
1550 3791 1788 3863 quinam
1818 3791 1909 3863 pie
1931 3809 2024 3847 ac-

375 3881 611 3946 cedant,
644 3882 886 3952 quinam
925 3880 1083 3936 haud
1115 3880 1242 3953 pari
1275 3882 1448 3936 modo
1482 3885 1825 3938 accurrant:
1854 3880 2024 3937 intel-

373 3967 567 4041 ligunt
586 3971 829 4042 quinam
859 3974 1009 4026 recte
1029 3970 1513 4041 jurent,quinam
1560 3970 1892 4042 perjurent:
1919 3972 2022 4027 ob-

373 4057 610 4130 signant
629 4075 729 4115 eos
751 4059 849 4131 qui
876 4060 1131 4117 fructum
1158 4059 1377 4127 ferunt,
1399 4075 1617 4129 eosque
1639 4059 1737 4130 qui
1766 4064 2018 4132 torpent.

370 4146 454 4203 Ne
484 4153 710 4219 spectes
742 4148 924 4205 altare
950 4149 1106 4221 quod
1150 4148 1450 4220 lapidibus
1499 4148 1575 4204 sit
1621 4152 1912 4216 ornatum,
1948 4150 2020 4206 ab

371 4236 596 4310 angelis
644 4254 900 4310 namque
948 4237 1325 4310 gestatur,ab
1373 4236 1739 4310 archangelis
1769 4238 2019 4294 circum-

371 4326 646 4400 cingitur.
676 4327 730 4382 Si
785 4328 943 4383 enim
974 4326 1163 4398 quivis
1212 4327 1472 4399 gentium
1521 4326 1810 4384 terminus
1852 4328 2022 4398 juxta

369 4432 685 4473 numerum
711 4416 1052 4489 angelorum
1074 4416 1412 4489 assignatus
1434 4420 1542 4487 est,
1561 4416 1884 4472 secundum
1912 4416 2018 4473 hoc

282 4565 287 4569 ,
370 4507 595 4563 dictum
631 4524 697 4561 :«
728 4505 1042 4563 Constituit
1087 4506 1370 4578 terminos
1400 4505 1665 4578 gentium
1705 4506 1878 4576 juxta
1907 4524 2016 4573 nu-

2138 3336 2166 3391 6
2211 3336 2382 3414 ἱερεὺς
2433 3336 2788 3417 ἒξεφημερίαν
2838 3337 3028 3405 ἐποίει,
3078 3337 3130 3410 ἐξ
3178 3341 3401 3415 ἡμερῶν
3453 3339 3529 3403 εἷς
3578 3339 3792 3417 ἡμέρας

2135 3427 2536 3501 παριστάμενος
2583 3429 2653 3500 τῇ
2710 3425 3043 3503 λειτουργίᾳ·
3094 3427 3224 3503 οὐχῖ
3273 3424 3343 3482 δι’
3390 3425 3526 3483 ὅλου
3563 3433 3790 3505 χωρῶν,

2137 3513 2264 3570 ἀλλ’
2293 3515 2345 3570 ἰν
2403 3519 2470 3590 τῇ
2523 3514 2796 3594 ἐφημερίᾳ
2844 3514 3199 3591 λειτουργῶν.
3233 3515 3296 3570 Οἳ
3344 3514 3402 3570 δὲ
3451 3515 3789 3593 ἀποκληρω-

2137 3603 2314 3668 θέντες
2346 3604 2571 3681 ἄγγελοι
2618 3609 2717 3659 τοῦ
2760 3607 2895 3659 Θεοῦ
2944 3602 3019 3663 εἷς
3067 3604 3447 3677 θυσιαστήριον
3483 3601 3783 3679 ἐφημερίαν

2135 3693 2198 3748 οὐ
2229 3698 2504 3763 ποιοῦσιν,
2537 3690 2683 3749 ἀλλὰ
2710 3691 2922 3765 νύκτωρ
2971 3687 3061 3744 καί
3113 3689 3230 3762 μεθ’
3277 3689 3487 3764 ἡμέραν
3519 3687 3784 3745 ἀδιασπά-

2135 3805 2275 3847 στως
2331 3783 2686 3860 παρίστανται
2732 3784 2812 3851 τῷ
2859 3776 3263 3852 θυσιαστηρίῳ.
3315 3778 3484 3835 Ἰσασι
3542 3778 3633 3833 καὶ
3688 3779 3780 3833 τὸν

2132 3871 2592 3951 καταφρονοῦντα,
2649 3869 2739 3924 καὶ
2797 3869 2888 3923 τὸν
2955 3869 3031 3942 μὴ
3088 3871 3544 3945 καταφρονοῦντα·
3579 3868 3787 3943 γνωρί-

2136 3967 2287 4032 ζουσι
2335 3963 2425 4017 καὶ
2471 3960 2601 4021 τοὺς
2650 3951 2896 4020 εὐλαϐῶς
2950 3956 3297 4034 προσιόντας,
3349 3956 3438 4011 καὶ
3489 3956 3617 4019 τοὺς
3676 3956 3786 4032 οὐχ

2133 4052 2277 4109 οὕτω
2316 4050 2776 4128 προστρέχοντας·
2825 4044 3134 4105 ἐπίστανται
3184 4045 3273 4101 καὶ
3329 4045 3460 4108 τοὺς
3505 4045 3785 4122 εὐορκοῦν-

2128 4163 2265 4208 τας,
2315 4141 2405 4196 καὶ
2458 4138 2587 4202 τοὺς
2646 4137 3050 4213 ἐπιορκοῦντας·
3112 4134 3461 4214 σφραγίζουσι
3521 4135 3611 4190 καὶ
3657 4134 3784 4198 τοὺς

2129 4234 2636 4309 καρποφοροῦντας,
2665 4228 2755 4282 καὶ
2796 4227 2923 4289 τοὺς
2966 4229 3317 4302 ναρκιῶντας·
3354 4225 3442 4293 Μὴ
3494 4224 3576 4280 ὅτι
3609 4223 3786 4288 λίθοις

2129 4318 2573 4378 κεκαλλώπισται
2605 4317 2667 4372 16
2696 4317 3073 4389 θυσιαστήριον
3108 4313 3315 4369 σκόπει·
3354 4313 3457 4369 ὑπὸ
3485 4313 3588 4389 γὰρ
3622 4311 3783 4390 ἀγγέ-

2130 4411 2242 4464 λων
2276 4408 2614 4485 βαστάζεται,
2651 4407 2753 4461 ὑπὸ
2802 4402 3167 4481 ἆρχαγγὲλων
3213 4400 3531 4459 κυκλοῦται.
3578 4401 3642 4457 Εἰ
3680 4402 3784 4479 γὰρ

2126 4505 2231 4555 πᾶν
2263 4498 2416 4574 ὅριον
2447 4496 2649 4555 ἐθνικὸν
2677 4493 2812 4553 κατᾶ
2849 4493 3080 4568 ἀριθμὸν
3124 4491 3372 4568 άγγέλων
3425 4491 3781 4568 ὁροθετεῖται,

370 4611 600 4651 merum
648 4595 989 4667 angelorum
1039 4594 1142 4650 Dei
1167 4595 1294 4663 ως»
1329 4599 1550 4665 quanto
1598 4595 1789 4667 magis
1834 4594 2017 4652 altare

2139 4587 2263 4643 ιατὰ
2306 4588 2369 4642 τὸ
2410 4588 2611 4663 φάσκον
2664 4583 2850 4661 ῥητόν·
2886 4606 2914 4635 ‹‹
2957 4587 3216 4652 ’Ἐστησεν
3269 4579 3392 4653 ὅρια
3436 4579 3598 4635 ἐθνῶν
3648 4579 3786 4635 κατὰ

368 4683 612 4756 plenum
654 4684 879 4756 angelis
935 4682 1077 4753 erit;
1130 4684 1229 4739 ubi
1280 4684 1438 4755 jacet
1487 4684 1661 4740 carbo
1710 4685 2023 4757 mysticus,
2062 4678 2071 4681 ’

365 4790 540 4845 quem
591 4773 805 4846 forcipe
851 4772 1092 4846 spiritus
1123 4791 1228 4845 per
1255 4773 1576 4830 sacerdotis
1625 4772 2019 4831 ministerium

365 4861 718 4934 accipientes
767 4861 1087 4934 seraphini,
1113 4863 1207 4933 qui
1239 4880 1306 4919 eo
1355 4868 1791 4935 pertranseunt,
1824 4880 2027 4935 pecca-

360 4957 557 5008 torum
608 4952 1015 5025 purgationem
1060 4952 1279 5024 petenti
1311 4950 1688 5024 largiuntur?
1719 4954 1881 5017 Quod
1916 4971 2021 5010 au-

361 5047 480 5098 tem
513 5040 636 5096 haec
674 5042 734 5096 in
766 5040 934 5097 altari
971 5041 1188 5108 adsint,
1222 5042 1361 5097 audi
1413 5041 1764 5097 clamantem
1805 5044 2016 5100 Isaiam

359 5130 706 5204 prophetam
741 5147 803 5185 :u
834 5130 989 5199 Vidi,
1013 5136 1071 5187 et
1101 5147 1233 5186 ecce
1263 5131 1485 5187 missus
1515 5134 1607 5185 est
1636 5131 1707 5185 ad
1741 5147 1831 5187 me
1862 5149 2017 5190 unus

356 5236 426 5276 ex
475 5218 797 5291 seraphim,
820 5225 877 5274 et
912 5217 1167 5274 habebat
1212 5217 1524 5273 carbonem
1556 5216 1615 5271 in
1652 5234 1831 5273 manu
1886 5237 2014 5288 sua,

358 5325 534 5381 quem
563 5306 782 5365 tulerat
811 5307 1028 5379 forcipe
1049 5307 1123 5363 de
1144 5305 1334 5363 altari.
1359 5310 1425 5361 Et
1456 5306 1649 5378 tetigit
1679 5305 1834 5363 labia
1865 5324 2014 5377 mea,

357 5401 414 5453 et
444 5398 525 5454 ait
551 5413 563 5455 :
592 5397 739 5455 Ecce
766 5396 957 5469 tetigit
986 5395 1143 5453 labia
1171 5400 1293 5465 tua,
1328 5399 1385 5451 et
1413 5394 1638 5451 auferet
1667 5394 2013 5468 iniquitates

425 5513 620 5586 [Gem
652 5530 813 5585 xvm,
847 5515 935 5570 10.
1045 5513 1067 5548 ⁸
1100 5512 1124 5570 Ι
1155 5516 1294 5586 Reg.
1340 5530 1380 5585 ι,
1432 5512 1519 5569 18.

355 5584 405 5629 “-
430 5584 603 5642 Deut.
634 5584 811 5656 χχχιι,
843 5588 899 5642 8.

424 5699 567 5779 (30⁶)
594 5700 794 5774 πλευ
821 5696 1045 5771 ἤκουσε.
1077 5701 1240 5760 Enrr.

1631 5511 1835 5570 ’Psal.
1884 5529 1986 5585 cu,
2034 5514 2091 5569 5.

2134 4678 2362 4754 ἀριθμὸν
2391 4673 2645 4752 ἀγγέλων
2681 4678 2834 4729 Θεοῦ·
2869 4696 2897 4723 ››
2931 4672 3085 4745 πόσῳ
3137 4669 3350 4744 μᾶλλον
3397 4670 3461 4725 τὸ
3492 4671 3782 4740 θυσιαστή-

2134 4788 2248 4843 ριον
2295 4764 2820 4845 ἀγγελοπλήρωτον,
2869 4761 3007 4818 ὅπου
3038 4762 3067 4816 6
3120 4760 3379 4835 μυστικὸς
3421 4760 3614 4838 ἄνθραξ
3663 4759 3787 4815 ἐπί-

2129 4879 2301 4914 κειται
2335 4876 2349 4927 ;
2382 4858 2439 4912 ’ὸν
2472 4859 2539 4930 τῇ
2573 4850 2760 4911 λαϐίδι
2789 4857 2890 4908 τοῦ
2921 4851 3228 4923 πνεύματος
3267 4851 3334 4906 τὰ
3364 4848 3601 4925 σεραφὶμ
3631 4846 3784 4924 διορ-

2129 4948 2344 5024 χόμενα
2372 4944 2461 5002 διὰ
2487 4952 2587 5015 τῆς
2610 4942 2955 5019 λειτουργίας
2976 4945 3070 4997 τοῦ
3092 4940 3303 5013 ἱερέως,
3324 4940 3578 5015 κάθαρσιν
3604 4940 3782 5013 ἁμαρ-

2125 5038 2388 5111 τημάτων
2427 5039 2504 5107 τῷ
2534 5033 2771 5089 αἰτοῦντι
2804 5029 3123 5106 χαρίζονται
3160 5046 3174 5096 ;
3210 5027 3307 5082 Καὶ
3339 5026 3452 5081 ὅντι
3484 5025 3536 5081 ἐν
3563 5026 3784 5088 τούτοις

2124 5127 2187 5182 τὸ
2219 5126 2622 5200 θυσιαστήριον,
2670 5119 2830 5175 ἄκουε
2877 5116 3097 5173 Ἡσαΐου
3141 5121 3237 5171 τοῦ
3278 5119 3562 5194 προφήτου
3599 5119 3784 5193 βοῶν-

2124 5235 2236 5277 τος·
2273 5241 2301 5268 ‹‹
2332 5214 2655 5287 Ἐθεώρουν,
2686 5210 2775 5264 καὶ
2821 5205 2940 5261 ἰδοὺ
2984 5204 3262 5276 ἀπεστάλη
3294 5205 3453 5282 πρὸς,
3491 5206 3558 5279 μὶ
3585 5205 3640 5260 ἓν
3668 5210 3780 5262 τῶν

2125 5305 2382 5380 σεραφὶμ,
2415 5300 2506 5357 καὶ
2539 5300 2683 5373 εἶχεν
2740 5294 2975 5372 ἄνθρακα
3005 5293 3056 5349 ἐν
3087 5297 3157 5368 τῇ
3208 5294 3357 5370 χειρὶ
3396 5294 3582 5366 αὐτοῦ,
3618 5295 3675 5350 ὃν
3708 5298 3780 5370 τῇ

2126 5387 2310 5450 λαϐίδι
2342 5384 2535 5446 ἔλαϐεν
2584 5385 2692 5440 ἀπὸ
2728 5389 2826 5440 τοῦ
2875 5381 3281 5459 θυσιαστηρίου·
3312 5381 3402 5439 καί
3452 5381 3632 5457 ἥψατο
3668 5388 3781 5441 τῶν

2208 5511 2253 5547 ¹⁰
2285 5509 2421 5566 Luc.
2488 5525 2524 5578 ι,
2580 5505 2671 5561 36.
2784 5501 3011 5561 “Ibid.
3062 5503 3151 5558 11.
3265 5502 3310 5538 ¹²
3341 5501 3507 5559 Prov.
3557 5518 3634 5571 ιν,
3684 5504 3779 5563 27.

2193 5697 2355 5774 (30“)
2380 5694 2577 5771 Vulg.,
2608 5690 2828 5765 δαῶτι,
2859 5706 3190 5766 perperam.
3223 5690 3390 5749 Iesu.
