4120 6386
382 447 503 507 909
1245 442 1579 505 HOMILIA
1624 442 1704 502 ΙΝ
1750 439 2294 501 NATIVITATEM
2337 439 2932 501 PRECURSORIS.
3680 436 3801 501 91"0

379 571 615 650 χειλέων
642 594 768 647 μου,
800 571 890 627 καὶ
920 574 1086 627 εἶπεν·
1123 570 1263 628 Ἰδοὺ
1293 572 1472 645 ἥψατο
1503 576 1609 625 τῶν
1654 570 1888 644 χειλέων
1910 590 1985 623 σοι

2101 620 2113 639 ι
2145 575 2298 638 tuas,
2332 575 2391 625 et
2435 576 2669 642 peccata
2701 576 2799 626 tua
2832 570 3106 642 purgabit
3137 570 3200 624 1‘.
3235 592 3263 619 υ
3312 570 3514 642 Viden,
3554 571 3797 643 quinam

374 664 463 718 καὶ
496 664 712 740 ἀφαιρεῖ
736 662 832 725 τὰς
865 662 1092 735 ἀνομίας
1115 682 1231 735 σου,
1262 662 1352 715 καὶ
1382 660 1479 723 τὰς
1510 660 1773 735 ἁμαρτίας
1807 679 1901 713 σου
1932 679 1985 712 πε

2138 661 2256 715 sint
2277 661 2377 732 qui
2400 660 2571 717 altari
2591 666 2808 731 astant,
2833 667 2887 715 et
2914 659 3273 732 quibusnam
3296 660 3484 717 oculis
3514 661 3795 734 introspi-

373 754 695 829 ρικαθαριεῖ.
734 774 763 803 ››
796 748 949 813 Εἶδες
979 751 1118 813 τίνες
1150 749 1502 826 παρίστανται
1532 747 1613 821 τῷ
1635 747 1985 822 θυσιαστηρίιι

2138 764 2266 805 cere
2308 766 2412 821 par
2459 750 2557 821 sit,
2591 750 2858 818 sinceris,
2893 749 3026 805 dolo
3078 749 3435 821 carentibus,
3471 750 3790 821 munificis,

369 841 458 895 καὶ
491 839 627 903 οἵοις
678 839 985 917 ὀφθαλμοῖς
1044 837 1125 895 δεῖ
1181 837 1493 907 ένατενίζειν
1538 835 1710 910 ἔνδον,
1745 838 1985 911 καθαροῖ‹

2137 855 2462 911 pauperum
2496 840 2835 895 amantibus
2858 839 2886 892 ?

368 928 613 998 ἀδόλοις,
644 928 1050 1002 εὖμεταδότοις,
1082 927 1171 1006 φιλ
1185 929 1505 1003 οπτώχοις;

436 1024 490 1076 2.
522 1018 581 1072 Τί
633 1019 723 1073 οὗν
757 1019 785 1073 6
817 1017 1206 1093 εὐαγγελιστής
1239 1022 1488 1085 Λουκᾶς;
1519 1014 1685 1071 καλὸν
1717 1016 1819 1091 γὰρ
1849 1016 2022 1086 ἡμᾶς,

363 1114 466 1173 τῆς
498 1109 674 1176 πάσης
706 1107 1074 1183 πραγματείας
1108 1105 1477 1162 ἐπιλαοέσθαι·
1509 1130 1536 1157 ι(
1590 1106 1764 1183 ’ᾨφθη
1819 1100 1877 1157 δὲ
1926 1102 2019 1157 αὐ-

363 1202 464 1270 τῷ,
518 1197 701 1274 φησὶν,
771 1196 1005 1272 ἅγγελος
1077 1194 1282 1269 Κυρίου
1340 1193 1509 1256 ἑστὼς
1567 1193 1627 1248 ἐκ
1685 1191 1869 1262 δεξιῶν
1923 1212 1985 1246 το

2133 1196 2300 1263 mini,
2334 1202 2499 1251 stans
2532 1214 2564 1251 a
2593 1195 2811 1251 dextris
2844 1195 3046 1251 altaris
3087 1196 3330 1262 incensi,
3361 1196 3429 1251 Et
3457 1196 3658 1251 videns
3679 1201 3781 1251 Za-

364 1286 747 1360 θυσιαστηρίου
803 1290 899 1341 τοῦ
952 1285 1316 1359 θυμιάματος.
1374 1285 1471 1338 Καὶ
1533 1280 1661 1336 ἰδὼν
1722 1281 1985 1357 Ζαχαρίας

2130 1285 2359 1342 charias
2390 1287 2661 1341 turbatus
2692 1290 2798 1354 est,
2846 1290 2900 1340 et
2953 1286 3129 1341 timor
3169 1286 3381 1340 cecidit
3411 1302 3589 1358 super
3620 1303 3778 1341 eum.

368 1376 669 1452 ἐταράχθη,
728 1375 817 1431 καὶ
875 1371 1043 1453 φόϐος
1099 1374 1348 1429 ἐπέπεσεν
1410 1372 1488 1427 ἐπ’
1550 1371 1728 1427 αὐτόν.
1784 1368 1985 1426 Εἶπεδ

2127 1376 2224 1431 Ait
2255 1380 2449 1431 autem
2484 1375 2565 1430 illi
2597 1373 2843 1447 angelus
2878 1392 2891 1430 :
2924 1374 3005 1430 Ne
3044 1374 3275 1443 timeas,
3308 1374 3606 1443 Zacharia,
3638 1393 3780 1447 quo-

364 1465 510 1537 αὐτῷ
541 1468 567 1521 6
598 1464 860 1541 ἄγγελοςο
912 1464 1006 1533 Μὴ
1057 1458 1230 1542 φοϐοῦ
1262 1461 1524 1538 Ζαχαρία,
1572 1459 1712 1515 διότι
1762 1460 1982 1531 είσηκού

2127 1465 2286 1520 niam
2319 1466 2592 1521 exaudita
2621 1468 2709 1521 est
2738 1464 2923 1520 oratio
2951 1468 3074 1532 tua,
3105 1468 3162 1520 et
3191 1481 3322 1520 ecce
3354 1464 3610 1522 Elisabet
3637 1480 3782 1521 uxor

364 1567 463 1625 σθη
500 1558 533 1625 ἡ
566 1553 751 1625 δέησίς
784 1576 902 1623 σου,
931 1554 1021 1609 καὶ
1054 1551 1172 1607 ἰδοὺ
1220 1546 1505 1607 Ἐλισάϐετ
1535 1553 1570 1620 ἡ
1603 1551 1862 1626 συγγενής
1897 1571 1985 1604 σου

2128 1559 2229 1610 tua
2260 1554 2448 1626 pariet
2480 1553 2583 1609 tibi
2616 1552 2803 1608 ﬁlium
2835 1557 2891 1608 et
2922 1553 3156 1608 vocabis
3207 1570 3419 1609 nomen
3447 1554 3576 1625 ejus
3603 1552 3779 1610 Joan-

359 1648 609 1717 γεννήσει
641 1645 755 1700 υἱόν
786 1666 892 1708 σοι,
924 1644 1012 1699 καὶ
1048 1643 1297 1704 καλέσεις
1343 1642 1405 1696 τὸ
1436 1636 1609 1713 ὄνομα
1638 1640 1804 1695 αὐτοῦ
1830 1639 1985 1696 Ἰωάν

2125 1661 2281 1699 nem.
2315 1645 2385 1699 Et
2433 1644 2543 1699 erit
2590 1642 2696 1698 tibi
2740 1642 3025 1714 gaudium
3076 1647 3133 1699 et
3180 1644 3490 1700 exsultatio
3529 1649 3587 1700 et
3617 1644 3779 1700 omni

356 1752 471 1802 νην,
532 1733 629 1787 Καὶ
683 1729 827 1787 ἔσται
876 1734 1022 1807 χαρά
1068 1752 1153 1786 σοι
1196 1731 1285 1785 καὶ
1334 1729 1678 1805 ἀγαλλίασις,
1729 1728 1818 1784 καὶ
1852 1750 1985 1784 παντ

2122 1733 2337 1806 populo
2366 1738 2465 1788 tuo
2495 1733 2557 1787 ¹⁵.
2593 1754 2619 1781 ››
2656 1731 2784 1787 Haec
2816 1731 3086 1802 loquente
3117 1732 3342 1805 angelio
3369 1750 3580 1804 pavore
3612 1750 3677 1789 ac
3702 1734 3775 1789 ti-

354 1827 433 1895 τῷ
492 1827 610 1894 Λαῷ
654 1842 770 1877 σου.
825 1845 851 1871 ››
900 1824 1075 1874 Ταῦτα
1102 1824 1199 1874 τοῦ
1240 1816 1479 1893 ἀγγέλου
1512 1816 1948 1893 διαγορεύοντος,
1982 1844 1985 1863 ι

2122 1839 2283 1879 more
2305 1822 2407 1878 Dei
2429 1825 2733 1893 correptus
2750 1820 3057 1877 Zacharias
3075 1821 3375 1893 respondit
3394 1822 3481 1877 illi
3502 1840 3514 1879 :
3537 1823 3775 1895 Absque

363 1909 634 1985 Ζαχαρίας
663 1908 715 1962 έν
746 1908 947 1981 τούτῳ,
981 1904 1159 1978 δειλίᾳ
1188 1906 1278 1960 καὶ
1312 1901 1467 1983 φόϐῳ
1497 1910 1628 1965 Θεοῦ
1652 1905 1985 1984 συλληφθεὶς

2120 1912 2525 1983 timorejubes
2564 1928 2658 1966 me
2709 1910 3065 1977 ministrare,
3117 1911 3319 1982 aisque
3353 1910 3499 1967 mihi
3534 1930 3546 1968 :
3580 1912 3660 1967 Ne
3695 1913 3771 1968 ti-

2202 1018 2261 1072 2.
2302 1017 2447 1080 Quid
2491 1017 2672 1089 igitur
2720 1017 2905 1073 Lucas
2933 1016 3338 1090 evangelista?
3369 1021 3594 1087 oportet
3626 1018 3783 1074 enim

2132 1110 2320 1161 tntum
2355 1124 2650 1163 resumere
2684 1124 2696 1162 :
2732 1130 2759 1157 ‹‹
2811 1106 2989 1162 Visus
3022 1108 3094 1178 ei,
3142 1107 3351 1179 inquit,
3399 1107 3642 1179 angelus
3672 1108 3781 1164 Do-

358 1998 713 2074 ἆνταπεκρίθη
765 1999 899 2073 πρὸς
946 1998 1036 2051 τὸν
1087 1994 1323 2071 ἄγγελον
1363 1996 1603 2073 φάσκων”
1656 1995 1800 2065 ’Έξω
1832 1990 2005 2071 φόϐου

358 2088 594 2143 κελεύεις
658 2107 723 2161 με
783 2087 1096 2161 ὑπουργεῖν,
1153 2084 1244 2139 καὶ
1301 2083 1479 2160 λέγεις
1532 2104 1645 2157 μοι·
1681 2086 1767 2152 Μὴ
1808 2079 2003 2157 φοϐοῦ,

354 2177 611 2254 Ζαχαρίαο
662 2178 751 2231 καὶ
798 2180 915 2238 πῶς
967 2174 1078 2229 οἶόν
1116 2196 1175 2229 τε
1217 2179 1378 2229 τοῦτο
1406 2192 1419 2241 ;
1451 2175 1520 2231 "0
1548 2172 1645 2227 οὐκ
1676 2169 1816 2227 εἶδόν
1848 2194 1999 2245 ποτε,

350 2271 439 2320 νῦν
491 2267 542 2321 ἐν
592 2267 833 2339 πρώτοις
874 2263 1152 2336 τεθέαμαι,
1201 2267 1308 2338 πῦρ
1358 2262 1744 2340 φθεγγόμενον,
1777 2262 2000 2334 ἀσώμα-

346 2376 437 2409 τον
503 2357 808 2430 ἄνθρωπον,
890 2353 1242 2429 ζωγραφητὸν
1315 2352 1631 2427 πρόσωπον,
1715 2351 1997 2414 ἀσύνθετον

345 2438 492 2516 ὄψιν,
524 2441 977 2519 νεφελοσύστατον
1013 2448 1228 2516 σχῆμα,
1265 2434 1558 2514 ἀερόϐατον
1615 2436 1823 2514 δρομέα
1876 2460 1996 2493 πτε-

342 2526 1029 2606 ροϐόλον,θυσιοπάρεδρον
1059 2528 1227 2603 λόγον
1260 2523 1663 2598 έκϐάλλεις,καὶ
1694 2522 1861 2603 φόϐον
1893 2525 1997 2582 δει-

344 2618 542 2680 κνύεις
574 2621 641 2673 τὰ
752 2617 891 2691 ματά
924 2639 1017 2672 σου
1047 2617 1360 2691 πύρινα,καὶ
1388 2618 1456 2671 τὰ
1485 2614 1873 2691 ἰπαγγέλματά
1898 2638 1995 2671 σου

343 2706 624 2765 δύσπιστα.
659 2703 943 2763 Ἐλισάϐετ
990 2708 1347 2785 κυοφορήσει,
1376 2705 1530 2781 κάγὼ
1571 2707 1751 2781 πατὴρ
1784 2703 1994 2761 ἀναδει-

343 2798 655 2872 χθήσομαι;
688 2799 814 2851 ’Ὀτε
842 2797 1068 2851 θανάτου
1096 2795 1353 2872 γειτονία,
1383 2795 1507 2851 τότε
1535 2792 1727 2856 παιδὸς
1760 2816 1992 2873 φυτουρ-

337 2887 427 2963 γία
451 2906 463 2958 ;
496 2890 621 2941 Ὅτε
651 2885 870 2948 πάππος
901 2888 999 2955 τὴν
1030 2884 1400 2955 ἠλικίαν,τότε
1429 2886 1606 2960 πατὴρ
1634 2886 1733 2954 τήν
1758 2881 1991 2961 προσδο-

339 2976 456 3031 κίαν
484 2997 497 3046 ;
534 2975 694 3052 λόγος
725 2976 861 3051 πρὸς
893 2975 1053 3050 γόνον
1085 2972 1278 3035 οὐδείς’
1313 2969 1535 3044 ἐσϐέσθη
1588 2976 1653 3028 τὰ
1702 2976 1992 3049 γεννητικὰ

345 3066 530 3141 μόρια,
581 3064 906 3135 ἑκαθεύδησε
955 3062 1149 3119 λοιπὸν
1190 3067 1224 3132 ἡ
1267 3063 1445 3141 φύσις,
1476 3062 1818 3125 ἀδιύπνιστος
1850 3064 1987 3138 πρὸς

338 3155 509 3232 ὄρεξιν
547 3158 714 3228 μένει,
758 3154 936 3226 λήθην
990 3154 1187 3223 εαυτῆς
1235 3153 1543 3229 εἰργάσατο,
1588 3154 1749 3228 Καγὼ
1779 3158 1856 3224 τῷ
1879 3156 1984 3228 γή-

334 3265 450 3317 ρατι
481 3250 550 3319 τῇ
578 3248 648 3321 γῇ
680 3239 1059 3320 προσνένευκα,
1108 3242 1197 3297 καὶ
1249 3237 1530 3298 Ἐλισάϐετ
1580 3243 1715 3316 πρὸς
1768 3242 1984 3315 ἑτοιμα-

2123 2018 2308 2068 meas,
2341 2001 2657 2067 Zacharia;
2690 2012 2875 2071 ecqua
2924 1999 3145 2055 ratione
3190 2000 3313 2056 fieri
3346 2000 3490 2056 illud
3523 2001 3770 2073 potest?

2121 2092 2276 2163 quod
2309 2106 2614 2161 nunquam
2644 2090 2899 2143 videram
2948 2106 3104 2144 nunc
3145 2089 3400 2160 primum
3447 2090 3762 2163 conspicio,

2111 2180 2449 2251 loquentem
2473 2178 3103 2251 ignem,incorporeum
3130 2178 3449 2244 hominem,
3467 2180 3763 2252 depictum

2112 2270 2365 2333 vultum,
2414 2268 2873 2339 incompositum
2926 2271 3249 2339 aspectum,
3283 2268 3554 2324 habitum
3587 2271 3763 2326 nubis

2111 2360 2365 2431 speciem
2393 2360 2936 2425 ferentem,aereum
2965 2372 3261 2411 cursorem
3285 2357 3759 2426 alatum,sermo-

2111 2467 2244 2505 nem
2277 2449 2426 2504 inter
2446 2447 2733 2503 sacriﬁcia
2753 2451 3157 2517 erumpentem
3180 2446 3653 2516 emittis,metum
3676 2449 3761 2505 in-

2108 2539 2280 2608 cutis,
2300 2538 2474 2592 verba
2496 2542 2595 2591 tua
2623 2536 2814 2607 ignea,
2838 2540 2893 2589 et
2914 2536 3205 2606 promissa
3222 2540 3322 2590 tua
3352 2537 3576 2593 creditu
3602 2537 3758 2612 diffi-

2108 2627 2260 2683 cilia.
2283 2626 2539 2682 Elisabet
2571 2630 2803 2681 uterum
2834 2624 3123 2695 gestabit;
3158 2640 3263 2697 ego
3296 2630 3458 2697 pater
3487 2642 3615 2683 esse
3656 2628 3754 2684 de-

2106 2716 2409 2772 clarabor?
2438 2717 2581 2772 Cum
2612 2714 2803 2771 vicina
2829 2730 3007 2783 mors,
3040 2718 3243 2769 tumne
3274 2731 3417 2786 puer
3446 2717 3757 2789 gignitur?

2104 2808 2249 2862 Cum
2282 2810 2447 2861 aetate
2477 2821 2616 2861 avus
2637 2820 2765 2859 esse
2788 2803 3031 2875 possim,
3054 2808 3257 2859 tumne
3277 2821 3367 2859 me
3387 2810 3608 2877 patrem
3635 2807 3754 2863 fore

2101 2897 2349 2967 sperand
2361 2896 2489 2951 um?
2502 2894 2672 2950 Nulla
2684 2892 2962 2966 gignendi
2986 2892 3439 2965 ratiozgenitalia
3464 2896 3751 2953 exstincta

2103 2978 2251 3043 3’31
2288 2991 2447 3053 sunt,
2481 2983 2697 3038 dormit
2725 2983 2850 3052 jam
2888 2986 3116 3048 natura,
3153 2998 3258 3036 nec
3289 2983 3525 3037 excitari
3558 2990 3750 3055 potest

2102 3078 2172 3131 ad
2206 3071 2845 3145 concupiscentiam,ad
2869 3070 3220 3126 oblivionem
3246 3072 3332 3125 sui
3358 3072 3605 3129 devenit.
3633 3079 3746 3146 Ego

2100 3182 2214 3237 prae
2248 3168 2545 3220 senectute
2568 3178 2773 3216 versus
2796 3166 3007 3214 terram
3032 3164 3307 3214 curvatus
3330 3162 3608 3231 sum,jam
3635 3163 3747 3219 sibi

2102 3253 2356 3309 Elisabet
2386 3249 2662 3306 baculum
2713 3248 3033 3320 apparavit.
3077 3248 3263 3303 Semel
3309 3248 3473 3303 arida
3500 3252 3748 3308 Aaronis

330 3316 446 3389 σίαν
506 3316 802 3410 βακτηρίαν
858 3335 1221 3407 μεμισθωται.
1272 3332 1450 3402 "Arreti
1498 3334 1532 3402 ἡ
1576 3332 1713 3408 ξηρὰ
1758 3326 1979 3406 ῥάϐδος,

2101 3344 2257 3415 virga
2287 3341 2485 3396 ﬂoruit
2520 3341 2581 3407 ιδ,
2632 3316 2899 3394 θεά-που
2951 3337 3189 3409 pluries.
3225 3340 3346 3403 Quo
3397 3340 3566 3411 signo
3598 3340 3744 3398 illud

324 3429 421 3478 τοῦ
455 3425 663 3500 ’Δαρὼν
686 3421 943 3493 ἤνθησεν,
977 3421 1105 3497 οὐχὶ
1140 3418 1198 3475 δὲ
1226 3419 1518 3483 πολλάκις.
1563 3423 1707 3475 Κατά
1734 3421 1786 3475 τί
1834 3422 1977 3496 γνώ-

2101 3432 2281 3488 norim
2302 3432 2329 3486 ?
2350 3432 2501 3486 Tum
2534 3427 2777 3500 angelus
2806 3426 2931 3482 illi:
2957 3426 3102 3490 Quid
3134 3428 3396 3498 nugaris,
3421 3429 3744 3487 Zacharia?

328 3518 723 3585 σομαιτοῦτο;
778 3514 838 3569 Ὀ
883 3509 941 3566 δὶ
987 3509 1214 3587 ἅγγελος
1261 3511 1398 3586 πρὸς
1446 3509 1629 3564 αὐτόν·
1688 3510 1748 3563 Τί
1781 3507 1978 3565 ἀδολε-

328 3607 503 3677 σχεῖς,
553 3601 829 3677 Ζαχαρία;
879 3600 968 3655 καὶ
1016 3600 1329 3675 ἱερατεύεις,
1378 3600 1467 3653 καὶ
1516 3597 1823 3669 διστάζεις;
1884 3600 1973 3668 Μὴ

325 3690 425 3745 οὐκ
452 3694 515 3760 ἦν
573 3686 824 3767 Ἀϐραὰμ
871 3690 1275 3760 ἐκατονταετής,
1329 3689 1417 3743 καὶ
1479 3688 1662 3764 Σάρῤα
1714 3689 1850 3763 πρὸς
1882 3689 1972 3745 νέ-

322 3799 523 3855 κρωσιν
557 3783 765 3856 μήτρας
798 3777 1186 3855 άσχολουμένη
1214 3796 1228 3845 ;
1287 3779 1376 3847 Μὴ
1408 3776 1642 3834 ἔστειλεν
1679 3780 1706 3833 6
1762 3778 1967 3833 τούτων

320 3870 569 3943 καρπός;
604 3869 664 3926 Et
700 3871 773 3941 μὴ
810 3869 955 3944 εἶχες
989 3865 1381 3943 ὑποδείγματα,
1429 3866 1613 3930 καλῶς
1664 3865 1964 3931 ἐδίστασας·

320 3958 366 4013 εἰ
417 3957 473 4013 δὲ
532 3958 582 4029 ἐξ
628 3956 849 4013 ὲκείδων
900 3956 1123 4031 κατάγῃ,
1171 3957 1224 4011 τί
1276 3957 1342 4010 τὰ
1381 3955 1597 4011 ἐκείνων
1649 3956 1709 4011 οὐ
1752 3954 1963 4032 διανοῇ,

316 4050 378 4105 Ὁ
428 4048 634 4111 ἐθνικὸς
686 4044 937 4121 ’Δϐραᾶμ
987 4045 1279 4113 ἐπίστευσε,
1324 4047 1414 4099 καὶ
1468 4047 1495 4099 6
1547 4047 1816 4120 ἱερατικὸς
1858 4047 1963 4118 ἀμ-

318 4132 645 4215 φιϐάλλεις;
698 4136 898 4191 ἐκεῖνος
946 4135 1097 4197 ἐκτὸς
1148 4136 1487 4207 θυμιάματος
1535 4134 1823 4207 ὶμυρίσθη,
1876 4136 1962 4190 καὶ

315 4227 378 4280 σὺ
426 4228 479 4281 ἐν
532 4231 610 4299 τῷ
658 4224 1021 4300 θυσιαστηρίῳ
1056 4223 1421 4291 έκαπνίσθηςς
1472 4224 1676 4286 ἐκεῖνος
1706 4226 1795 4278 τὸν
1823 4236 1962 4296 κλη-

314 4316 547 4391 ρονόμον
578 4313 880 4392 δεχόμενος
909 4311 1242 4389 ἠγαλλιᾶτο,
1276 4312 1364 4367 καὶ
1396 4312 1459 4367 σὺ
1501 4312 1592 4367 τόν
1644 4311 1959 4390 πρόδρομον

312 4405 564 4475 Ἰωάννην
615 4406 691 4468 εἷς
746 4402 897 4459 οὐδὲν
946 4403 1177 4479 λογίζῃ;
1227 4402 1398 4465 Αὐτός
1441 4424 1498 4457 σε
1544 4410 1641 4472 τῆς
1672 4402 1963 4476 καταδίκης

2101 4429 2197 4484 pse
2229 4410 2449 4466 clavem
2481 4407 2693 4479 linguae
2745 4410 2935 4478 gestat
2965 4410 3078 4460 tua:
3121 4423 3133 4460 :
3188 4409 3406 4462 multos
3436 4416 3728 4465 convertet

311 4493 593 4565 ἐξελεῖται,
642 4493 801 4555 αὐτός
848 4514 905 4548 σε
951 4500 1053 4563 τῆς
1099 4492 1333 4567 κατάρας
1384 4489 1751 4569 ἐλυτρώσατο·
1802 4493 1963 4556 αὐτός

2101 4501 2145 4556 .d
2177 4498 2490 4556 Dominum
2524 4513 2537 4554 :
2576 4496 2701 4568 ipse
2746 4495 2810 4561 ain
2862 4493 3074 4549 virtute
3105 4492 3236 4548 Elite
3272 4496 3566 4567 prophetae
3600 4513 3728 4569 pro-

310 4605 407 4640 σου
460 4586 559 4653 τήν
613 4582 941 4660 γλωττιαίαν
1024 4579 1216 4637 κλεῖδα
1277 4583 1548 4655 βαστάζει.
1606 4581 1767 4644 αὐτὸς
1823 4583 1961 4658 πρὸς

2101 4589 2338 4646 ὼθῒιιὺὶι
2360 4590 2548 4654 ¹⁹,οοι]
2576 4586 2746 4658 igneo
2770 4601 2944 4640 curru
2965 4587 3189 4649 vectus,
3217 4585 3318 4639 sed
3341 4586 3722 4644 Jordanicum

309 4674 505 4749 Κύριον
537 4673 784 4736 πολλοὺς
813 4672 1141 4745 ἐπιστρέψει·
1188 4670 1348 4733 αὐτὸς
1395 4669 1447 4725 ἐν
1497 4667 1720 4745 δυνάμει
1766 4670 1960 4728 Ἡλίου

2101 4694 2409 4751 πωροι-τως
2454 4676 2772 4742 lavacrum,
2830 4676 3066 4746 propter
3115 4672 3329 4729 multas
3385 4680 3722 4747 pecatorum

305 4768 403 4819 τοῦ
445 4766 733 4842 προφήτου
781 4761 1234 4837 προπορεύσεται.
1272 4760 1334 4814 οὐ
1391 4759 1616 4833 πύρινον
1651 4765 1837 4824 σκεῦος
1865 4762 1960 4837 ἀρ-

2104 4765 2915 4834 ordes.Quamobremjussus
2947 4779 3077 4818 sum
3100 4762 3207 4818 tibi
3233 4763 3459 4821 dicere:
3485 4788 3513 4815 «
3542 4765 3725 4823 Exau-

311 4858 662 4926 ματηλατῶν,
695 4851 840 4907 ἀλλὰ
867 4851 929 4906 τὸ
976 4847 1298 4926 Ἰορδάνιιον
1352 4848 1578 4924 λουτρὸν
1631 4849 1958 4923 εὐτρεπίζων

2101 4858 2193 4913 lita
2223 4861 2311 4913 est
2356 4854 2540 4912 oratio
2584 4860 2687 4909 tua
2708 4854 2793 4915 2⁰;
2829 4874 2856 4902 ››
2888 4852 3027 4923 quia
3048 4851 3285 4908 advenit
3316 4858 3549 4926 tempus
3581 4855 3721 4914 olim

307 4940 397 4997 διὰ
451 4943 543 4999 τὸν
597 4941 771 4997 πολὺν
829 4940 997 5017 ῥύπον
1054 4943 1165 4993 τῶν
1225 4939 1525 5012 ἁμαρτιῶν.
1588 4938 1679 4993 Διό
1738 4961 1820 4993 σοι
1870 4942 1958 4995 καὶ

2101 4944 2530 5001 ,Γωηυιιῐὶοῐυηι
2554 4960 2588 4998 a
2618 4940 2940 5012 prophetis,
2966 4957 3120 4995 nunc
3149 4940 3458 5013 impletum
3494 4962 3506 4999 :
3538 4965 3567 4993 ιι
3600 4944 3723 5001 Vox

307 5031 474 5087 εἲπεῖν
525 5032 930 5108 προσετάχθηψ
994 5052 1021 5082 ι(
1070 5027 1412 5098 Εξσηκούσθη
1464 5030 1499 5097 ἡ
1551 5024 1733 5098 δέησίς
1777 5050 1892 5084 σου·
1926 5053 1955 5083 ››

2106 5034 2379 5089 [amantis
2411 5031 2471 5087 in
2517 5032 2746 5086 deserto
2782 5047 2793 5085 :
2831 5029 3031 5084 Parate
3060 5029 3214 5085 viam
3246 5030 3498 5096 Domini,
3532 5037 3719 5088 rectas"

306 5120 388 5177 δτι
440 5120 655 5200 ἔφθασεν
707 5122 737 5176 6
782 5119 971 5193 καιρὸς
1019 5120 1047 5174 6
1092 5116 1263 5173 πάλαι
1294 5117 1686 5194 προφητευθεὶς
1742 5119 1831 5173 καὶ
1862 5124 1954 5174 νῦν

2101 5123 2237 5178 acite
2262 5122 2503 5177 semitas
2529 5122 2657 5191 ejus
2678 5120 2781 5174 ²¹.››
2806 5118 2929 5173 Non
2950 5116 3336 5190 angelus,non
3363 5119 3717 5191 legatus,sed

306 5212 636 5288 πληρωθείς’
670 5236 698 5263 ‹‹
739 5210 898 5277 Φωνὴ
936 5210 1170 5283 βοῶντος
1210 5206 1261 5262 ἐν
1310 5210 1379 5281 τῇ
1432 5206 1645 5282 ἐρήμῳ·
1696 5208 1957 5281 Ἑτοιμά-

2101 5229 2192 5282 pse
2222 5210 2509 5267 Dominus
2557 5209 2749 5264 veniet
2779 5214 2835 5263 et
2884 5207 3133 5264 salvahit
3164 5223 3289 5261 nos.
3335 5210 3717 5283 Quapropter,

312 5321 434 5356 σατι
475 5303 575 5371 τὴν
638 5297 763 5355 ὁδὸν
824 5297 1044 5373 Κυρίου,
1103 5295 1307 5360 εὐθείας
1357 5301 1564 5350 ποιεῖτε
1608 5298 1700 5358 τὰς
1732 5292 1954 5373 τρίϐους

2101 5302 2365 5367 acharia,
2399 5304 2462 5355 tu
2495 5303 2617 5355 esto
2663 5302 2886 5365 mutus,
2933 5299 3190 5367 accepto,
3227 5296 3284 5350 in
3320 5302 3718 5368 repugnantia)

304 5391 490 5448 αὐτοῦ.
551 5413 581 5443 ω
635 5389 745 5445 Οὔκ
791 5386 1047 5465 ἄγγελος,
1100 5385 1162 5441 οὐ
1211 5381 1469 5463 πρέσϐυς,
1529 5385 1656 5442 ἀλλ’
1705 5387 1864 5451 αὐτὸς
1925 5388 1953 5442 6

2101 5407 2326 5463 empore
2383 5389 2591 5444 merito
2649 5385 2941 5459 supplicio
2996 5402 3009 5439 :
3069 5401 3173 5456 ego
3226 5400 3361 5440 vero
3410 5384 3481 5440 ab
3512 5385 3626 5444 olio
3658 5391 3718 5446 in

303 5480 502 5556 Κύριος
554 5478 670 5554 ἥξει
727 5478 817 5535 καὶ
877 5479 1038 5532 σώσει
1094 5477 1265 5550 ἡμᾶς.
1325 5476 1423 5531 Διά
1468 5482 1657 5549 τοῦτο,
1686 5475 1949 5554 Ζαχαρία,

2101 5481 2246 5536 lium
2278 5479 2473 5536 locum
2505 5494 2702 5551 pergo,
2726 5481 2782 5532 et
2810 5474 3109 5546 Virginem
3132 5479 3530 5533 conventurus
3560 5492 3717 5553 sum,

2088 3521 2410 3578 sacerdotio
2462 3518 2722 3590 fungaris
2770 3522 2825 3572 et
2867 3516 3153 3572 dubitas?
3192 3516 3393 3572 Nonne
3445 3519 3737 3575 Abraham

2086 3608 2543 3678 centenarius,et
2562 3606 2716 3661 Sara:
2733 3604 2901 3660 vulva
2922 3606 3208 3661 exstincta
3229 3607 3272 3640 ¹⁷
3293 3606 3463 3662 erat?
3491 3611 3578 3663 An
3608 3608 3737 3666 ideo

2084 3716 2287 3757 eorum
2331 3699 2555 3752 fructus
2601 3694 2896 3751 cohibitus
2946 3693 3084 3749 est?
3124 3695 3181 3749 Si
3236 3713 3351 3751 non
3400 3700 3740 3769 suppeteret

2081 3786 2576 3856 exemplum,jure
2598 3784 2932 3853 dubitares;
2959 3782 3111 3854 quod
3137 3782 3186 3837 si
3210 3785 3282 3838 ab
3304 3784 3422 3840 illis
3448 3787 3734 3857 originem

2079 3879 2455 3947 ducis,quare
2476 3872 2753 3946 quaeillos
2774 3876 3045 3943 spectant
3075 3889 3190 3927 non
3223 3874 3508 3945 recogitas
3533 3872 3545 3929 l
3581 3876 3734 3931 Gen-

2074 3966 2199 4022 tilis
2228 3964 2521 4019 Abraham
2555 3961 2802 4017 credidit
2846 3962 2911 4030 ‘3,
2943 3964 3000 4016 et
3039 3965 3101 4016 tu
3129 3964 3400 4018 sacerdos
3434 3964 3729 4037 ambigis?

2074 4055 2173 4110 ille
2203 4055 2424 4123 absque
2455 4053 2692 4107 incenso
2735 4051 2960 4117 sufﬁtu,
2995 4051 3274 4121 perﬂatus
3320 4056 3428 4119 est,
3465 4058 3522 4108 et
3568 4058 3629 4109 tu
3663 4054 3721 4111 in

2075 4144 2242 4201 altari
2302 4142 2620 4213 fumigatus
2642 4139 2669 4193 ?
2700 4139 2935 4194 Haerede
2968 4138 3064 4194 ille
3100 4144 3333 4211 accepto
3365 4144 3675 4200 exsultavit
3708 4162 3723 4213 ;

2071 4239 2133 4289 tu
2194 4247 2610 4303 praecursorem
2669 4230 2954 4284 Joannem
3014 4227 3160 4282 nihil
3192 4234 3427 4301 reputas
3450 4232 3476 4285 ?
3505 4230 3636 4303 Ipse
3668 4240 3724 4290 te

2074 4319 2452 4377 damnatione
2505 4317 2777 4373 liberabit
2809 4334 2820 4371 :
2873 4317 2998 4388 ipse
3025 4322 3080 4371 te
3111 4321 3274 4372 eruet
3303 4330 3337 4373 a
3366 4316 3673 4377 maledicto
3709 4339 3723 4378 :

2197 5706 2265 5787 ¹¹¹γ
2298 5704 2441 5761 Gen.
2475 5718 2612 5773 xvu,
2646 5704 2704 5757 7.
2741 5698 2783 5735 ¹⁸
2826 5695 2970 5756 Gen.
3001 5714 3093 5754 xv.
3169 5690 3226 5755 6.
3306 5694 3355 5737 η
3382 5696 3517 5757 Luc.
3549 5698 3591 5770 1,
3626 5682 3716 5764 1'7.

368 5706 394 5741 ‘
421 5709 535 5762 lea.
560 5720 640 5775 vr,
669 5705 725 5772 6,
773 5704 830 5761 7.
925 5704 971 5740 ¹⁸
1000 5703 1140 5762 Luo.
1172 5720 1212 5774 ι,
1286 5703 1471 5760 11-14.
1549 5704 1592 5740 ιδ
1638 5704 1813 5763 Num.
1862 5722 2004 5775 xvu,
2046 5705 2104 5763 8.

297 5777 352 5817 ⁸⁸
377 5776 525 5837 ibid.
558 5778 644 5836 13.
720 5777 765 5816 ²¹
798 5776 908 5834 lea.
938 5792 1029 5845 ιι,
1060 5778 1115 5833 3.
