4120 6424
360 368 466 429 911

1523 369 1586 428 S.
1638 364 2160 428 ATHANASIUS.
2197 399 2275 411 —
2301 365 2613 431 SPURlA.

3663 383 3782 446 912

357 509 415 557 et
445 517 478 556 a
509 501 886 558 conversione
912 518 1043 557 cum
1076 501 1329 557 exercitu
1362 499 1598 568 caelesti,
1643 500 1713 555 ad
1750 499 1971 554 ministe

2084 543 2098 565 ι
2126 497 2188 551 σὺ
2241 499 2692 606 μὶνκφιμώθητι,
2741 503 2806 606 ἐν
2838 509 3013 606 καιρῷ
3040 513 3142 576 τῆς
3172 505 3488 586 ἀντιλογίας
3519 512 3582 568 τὸ
3613 511 3781 589 πρόσ-

356 595 511 650 rium
544 611 659 665 quo
690 595 909 650 missus
936 610 1066 649 sum
1101 611 1192 648 me
1223 594 1476 648 confero.
1508 593 1656 662 Haec,
1684 590 1912 657 dilecte,
1939 591 1971 646 d

2115 607 2276 658 τιμον
2305 595 2404 657 τῆς
2434 590 2703 664 τιμωρίας
2738 587 3056 669 δεχόμενος·
3093 594 3198 672 ἐγὼ
3248 594 3304 652 δὲ
3358 597 3526 655 τόπον
3578 601 3636 657 ἔκ
3660 587 3778 658 -τό-

351 685 640 741 Zachariaa
670 685 1081 740 incredulitate
1112 684 1314 756 paucis
1346 683 1650 755 prmmissa
1679 685 1873 736 sunto.

2117 697 2223 730 που
2258 677 2621 754 μετέρχομαι,
2652 681 2741 735 καὶ
2791 683 2928 758 πρὸς
2959 685 3056 754 τὴν
3107 686 3373 761 Παρθένον
3427 688 3620 762 μέλλω
3670 715 3775 749 πο-

355 773 617 848 ρεύεσθαι,
649 773 754 829 ἀπὸ
785 781 884 843 τῆς
913 778 1306 850 στρατιωτικῆς
1333 769 1556 843 ὁμιλίας
1588 769 1674 824 ἐπὶ
1705 769 1803 837 τὴν
1834 763 2206 852 ἀποστολλικήν
2242 763 2512 822 διακονίαν
2549 774 2773 845 χωρῶν.
2807 773 2981 826 Ταῦτά
3017 796 3108 847 μοι
3143 771 3232 829 διὰ
3256 776 3531 852 βραχέων,
3555 782 3601 834 ὦ
3624 780 3751 852 φίλε

355 803 617 848 Ρευεσυαι,
649 803 754 829 απυ
785 803 883 843 της
913 803 1305 850 (rupium-“au”,
1333 803 1555 843 υμιΛιαι,
1589 803 1674 824 an:
1715 803 1803 837 u‘v
1834 803 2205 833 υισευυενηυυιν
2242 803 2512 822 unusuva
2552 803 2773 845 LWIJWV.
2816 803 2981 826 ιαυνια
3017 803 3108 847 μοι
3143 803 3232 829 una
3256 803 3508 852 ρραχεων
3555 803 3601 834 ω
3624 803 3751 859 φιΛε

354 854 429 917 εἷς
457 855 556 923 τὴν
588 852 1029 930 παραληφθεῖσαν
1060 861 1161 923 τῆς
1193 857 1288 906 :06
1321 851 1592 927 Ζαχαρίου
1625 847 1872 910 ἀπιστίας
1903 843 2411 921 προιοδοιπόρηται.
3516 827 3531 849 ’
3757 828 3771 853 ’

421 947 475 1002 3.
509 945 675 1002 Nunc
705 962 840 1002 vero
870 947 1134 1018 quaedam
1166 962 1232 999 ex
1278 945 1530 1014 jamjam
1579 941 1748 997 lectis
1780 939 2002 1011 disqui-

352 1037 533 1093 renda
565 1037 732 1092 nobis
763 1040 922 1091 sunt.
975 1036 1247 1099 Quaenam
1295 1033 1443 1088 illa?
1474 1034 1609 1096 Quae
1664 1049 1697 1085 a
1736 1029 2000 1085 Gabriele

351 1128 723 1198 annuntiata,
755 1132 811 1182 et
841 1144 874 1182 a
903 1126 1142 1198 Virgine
1173 1123 1413 1188 credita,
1461 1138 1493 1177 a
1543 1120 1761 1194 Spiritu
1795 1123 1998 1174 sancto

347 1227 632 1292 promota,
665 1235 697 1272 a
726 1216 972 1273 Domino
1005 1215 1172 1287 quasi
1204 1213 1520 1269 thesaurus
1552 1210 1936 1275 recondita,et
1965 1225 1999 1263 a

345 1312 518 1364 Patre
548 1308 876 1379 obsignata,
909 1309 966 1362 et
995 1322 1028 1360 a
1060 1304 1172 1377 piis
1202 1301 1543 1358 hominibus
1575 1303 1805 1356 servata
1833 1308 1992 1354 sunt.

343 1397 573 1453 Audisti
608 1396 781 1451 modo
809 1393 1225 1466 evangelistam
1261 1393 1475 1446 Lucam
1508 1389 1838 1444 dicentem:
1875 1389 1991 1442 «In

343 1502 544 1542 mense
570 1488 751 1554 sexto,
784 1483 1005 1540 missus
1036 1486 1124 1538 est
1145 1479 1390 1552 angelus
1437 1477 1666 1534 Gabriel
1701 1477 1759 1532 in
1792 1477 1992 1532 civita-

337 1581 458 1632 tem
487 1574 753 1642 Galilwae,
800 1574 890 1630 cui
928 1589 1138 1628 nomen
1172 1571 1436 1635 Nazaret,
1476 1569 1547 1624 ad
1575 1567 1860 1640 virginem
1893 1567 1990 1622 de-

340 1670 682 1738 sponsatam
704 1665 848 1734 viro,
873 1664 964 1719 cui
997 1678 1207 1717 nomen
1238 1659 1450 1731 Josepb
1482 1660 1548 1714 5”.
1575 1681 1603 1706 »
1627 1657 1670 1713 Ο
1693 1655 1990 1728 sponsalia

340 1771 473 1812 cum
509 1755 621 1810 alio
654 1758 971 1820 contracta,
997 1751 1094 1807 alii
1121 1750 1416 1824 promissa
1442 1747 1454 1802 l
1481 1765 1512 1803 o
1533 1745 1988 1820 sponsalia,quaa

339 1845 624 1917 gaudium
646 1843 939 1910 exhibent,
960 1840 1458 1914 perturbationem
1482 1837 1692 1892 sedant
1717 1837 1727 1890 !
1759 1834 1987 1890 Audisti

340 1935 514 1990 modo
539 1935 750 1989 Lucam
785 1930 1199 2005 evangelistam
1231 1929 1314 1984 ita
1343 1928 1678 1999 loquentem
1716 1942 1730 1979 :
1769 1925 1990 1997 Ingres-

338 2040 440 2080 sus
472 2024 715 2079 domum
747 2021 1013 2094 angelus,
1045 2019 1345 2092 Virginem
1380 2016 1661 2071 salutavit
1699 2031 1764 2069 ac
1794 2013 1937 2068 dixit
1972 2030 1985 2068 :

337 2136 365 2163 ‹‹
398 2116 532 2184 Ave,
564 2114 750 2186 gratia
783 2110 974 2184 plena,
996 2109 1281 2164 Dominus
1310 2111 1504 2160 tecum
1539 2121 1552 2160 :
1587 2103 1892 2159 benedicta
1922 2109 1986 2157 tu

332 2203 394 2258 in
429 2201 792 2258 mulieribus.
844 2202 977 2266 Qum
1029 2214 1161 2253 cum
1208 2195 1471 2262 vidisset,
1523 2193 1756 2249 turbata
1794 2197 1884 2247 est
1923 2191 1982 2246 in

333 2309 602 2349 sermone
653 2292 802 2362 ejus,
855 2293 912 2345 et
959 2287 1251 2359 cogitabat
1293 2284 1448 2356 apud
1487 2283 1739 2354 seipsam
1789 2280 1984 2353 qualis

336 2386 494 2438 esset
524 2381 638 2436 ista
670 2377 944 2435 salutatio
975 2378 1087 2431 ²².-›
1124 2373 1395 2430 Vidistin'
1417 2371 1835 2428 salutationem
1879 2387 1982 2426 an-

331 2471 445 2544 geli
477 2462 976 2543 perturbationem
1011 2468 1262 2522 excitare
1287 2463 1314 2516 Ῡ
1345 2478 1450 2518 nec
1481 2461 1654 2516 modo
1686 2460 1985 2532 perturba-

327 2561 570 2631 tionem,
594 2559 694 2616 sed
727 2558 902 2614 etiam
935 2555 1352 2628 cogitationes;
1380 2552 1497 2606 imo
1529 2549 1979 2618 dubitationem,

330 2654 504 2721 atque
527 2649 621 2704 his
643 2645 1131 2703 similia.Tacitus
1157 2659 1412 2714 namque
1434 2639 1626 2713 angeli
1651 2640 1980 2710 ingressus,

325 2719 524 2786 vultus
563 2728 851 2796 insuetus,
912 2723 1187 2796 colloquii
1245 2721 1577 2789 insolentia,
1637 2719 1979 2792 magnitudo

329 2817 1193 2892 promissionis,inexspectata
1223 2813 1379 2867 vocis
1410 2809 1976 2881 auditus,Virginem

329 2908 576 2980 conjecit
625 2907 684 2961 in
737 2910 981 2974 metum,
1023 2920 1151 2975 quae
1196 2901 1546 2974 cogitatione
1592 2899 1976 2970 temperantis

326 2997 510 3054 animi
543 3013 778 3053 omnem
811 3010 1048 3068 pravam
1081 2993 1292 3064 abjecit
1323 2991 1973 3062 cogitationem.Quam-

325 3089 522 3144 obrem
576 3087 812 3142 turbata
867 3089 974 3151 est,
1033 3088 1210 3154 atque
1262 3081 1499 3135 turbata
1545 3079 1971 3151 imperturbata

2181 938 2234 992 3.
2295 937 2422 991 Τίνα
2479 935 2538 992 δὲ
2584 941 2673 994 καὶ
2721 940 2787 996 τὰ
2836 941 3036 1018 ἀρτίως
3076 947 3613 1023 παραναγνωσθίντα,
3649 972 3768 1007 και-

2110 1025 2202 1098 ρὸς
2262 1023 2457 1081 λοιπὸν
2513 1026 2861 1100 ἐπιζητῆσαι.
2921 1038 3062 1088 Ποῖα
3117 1038 3326 1105 :u6:u;
3386 1038 3462 1092 Τὰ
3518 1039 3622 1094 ὑπὸ
3668 1042 3766 1096 :06

2109 1109 2354 1189 Γαϐριὴλ
2389 1118 2711 1190 μηνυθὲντα,
2745 1121 2834 1174 καὶ
2879 1120 2983 1176 ὐπὸ
3013 1130 3113 1192 τῆς
3148 1124 3424 1196 Παρθένου
3453 1131 3768 1194 πιστευθὲν-

2104 1223 2189 1275 τοι,
2221 1204 2310 1258 καὶ
2368 1205 2471 1260 ὑπὸ
2518 1211 2615 1261 :06
2669 1207 2983 1282 Πνεύματος
3028 1208 3486 1289 προϐιϐασθέντα,
3539 1219 3630 1274 καὶ
3664 1221 3764 1276 ὑπὸ

2103 1296 2201 1346 τοῦ
2276 1294 2473 1368 Κυρίου
2549 1298 2995 1371 θησαυρισθὲντα,
3069 1302 3158 1357 καὶ
3229 1303 3332 1359 ὑπὸ
3395 1311 3493 1360 :06
3551 1310 3760 1384 Πατρὸν

2105 1385 2518 1474 σφραγισθέντα,
2598 1386 2688 1441 καὶ
2758 1387 2863 1443 ὐπὸ
2920 1394 3027 1444 τῶν
3107 1388 3340 1448 εὐσεϐῶν
3415 1396 3762 1474 φυλαχθέντα

2104 1471 2332 1533 Ἢκουις
2383 1473 2582 1549 ἀρτίως
2635 1480 2732 1530 τοῦ
2790 1477 3172 1554 εὐαγγελιστοῦ
3223 1471 3437 1538 Λουκᾶν
3482 1471 3757 1563 λέγοντος·

2109 1566 2363 1653 ιοἘνᾉτῷ
2410 1563 2557 1653 -μηνὶ
2587 1569 2664 1636 τῷ
2694 1563 2834 1639 ἕκτῳ
2875 1567 3153 1640 ἀπεστάλη
3211 1572 3239 1624 6
3283 1569 3512 1648 ἄγγελος
3561 1573 3760 1653 Γαϐρι-

2100 1647 2174 1717 ἠλ
2224 1651 2300 1740 είς
2348 1651 2511 1706 πόλιν
2542 1660 2642 1722 τῆς
2674 1652 2993 1726 Γαλιλαίας,
3025 1657 3061 1732 ᾖ
3094 1653 3267 1732 ὄνομα
3298 1647 3560 1739 Ναζαρὲτ,
3625 1647 3760 1740 πρὸς

2098 1739 2360 1814 παρθὶνον
2418 1743 2895 1831 μεμνηστευμένην
2946 1745 3123 1822 ἀνδρί,
3157 1750 3203 1820 ᾦ
3256 1746 3432 1823 ὄνομα
3464 1739 3688 1831 Ἰωσήφ,
3728 1780 3757 1808 ››

2100 1834 2166 1882 ’Ώ
2216 1837 2499 1922 ΔμνῆστραΔ
2529 1830 2686 1905 ἄλλῳ
2750 1837 3168 1906 μνηστευθὲντα,
3228 1839 3317 1894 καὶ
3373 1839 3534 1915 ἄλλῳ
3563 1830 3754 1922 κατεγ-

2098 1917 2398 2009 γυηθὲνταί
2462 1919 2506 1973 ὥ
2559 1924 2803 1998 μνῆστρα
2853 1931 3028 2000 χαρᾶς
3079 1925 3438 2004 ἐμφανιοτικὰ
3466 1931 3557 1985 καὶ
3587 1917 3753 2009 ταρα-

2096 2013 2205 2081 χῆς
2263 2004 2601 2083 διαιρετικάί
2661 2013 2890 2074 Ἢκουες
2939 2014 3138 2089 ἀρτίως
3202 2022 3299 2072 :06
3366 2004 3753 2095 εὐαγγελιστοῦ

2095 2102 2279 2187 λουκᾶ
2328 2097 2606 2173 λὲγοντος’
2663 2100 2935 2156 Εἰσελθὼν
2989 2101 3046 2158 δὲ
3098 2105 3172 2166 εἰς
3218 2107 3308 2161 τὸν
3343 2107 3489 2164 οἶκον
3524 2111 3551 2164 ὁ
3585 2109 3751 2187 ἅγγε-

2096 2183 2214 2258 λος,
2275 2187 2556 2255 ἠσπάσατο
2611 2190 2711 2258 τήν
2788 2191 3055 2266 Παρθένον
3116 2195 3204 2248 καὶ
3263 2198 3398 2251 εἷπε·
3464 2223 3491 2250 ι(
3562 2183 3750 2276 Χαῖρε,

2091 2278 2534 2350 κεχαριτωμένη,
2591 2279 2618 2332 6
2679 2279 2875 2354 Κύριος
2928 2284 3062 2353 μετὰ
3107 2304 3222 2338 σου’
3285 2285 3632 2362 εὐλογημένη
3686 2289 3749 2344 σὺ

2093 2363 2147 2456 ἐν
2195 2367 2448 2439 γυναιξίν.
2490 2369 2578 2456 ΓΗ,
2610 2365 2688 2436 δὲ,
2740 2367 2949 2438 ἰδοῦσα,
2991 2369 3321 2450 διεταράχθη
3374 2375 3460 2431 ἐπὶ
3492 2384 3568 2450 τῷ
3600 2377 3750 2456 λόγῳ

2090 2452 2275 2526 αὐτοῦ,
2333 2456 2424 2510 καὶ
2485 2453 2822 2532 διελογίζετο
2883 2459 2934 2514 ἐν
3006 2462 3192 2536 ἑαυτῇ,
3271 2467 3514 2529 ποταπὸς
3576 2452 3748 2538 εἷήἰὸ

2089 2541 2373 2616 ἀσπασμὸς
2400 2545 2584 2608 οὗτος.
2622 2569 2646 2596 ι)
2680 2545 2834 2610 Εἶδες
2864 2551 2963 2618 τὴν
2996 2552 3171 2626 χαρὰν
3217 2559 3314 2608 :06
3364 2553 3600 2631 ἀγγέλου
3653 2579 3746 2612 τα-

2091 2635 2268 2720 ραχὴν
2331 2633 2682 2709 ἐγείρουσαν;
2733 2636 2806 2691 Οὐ
2867 2634 3033 2710 μόνον
3089 2639 3145 2696 δὲ
3199 2645 3446 2720 ταραχὴν
3483 2643 3746 2702 ἀλλὰκαὶ

2089 2719 2507 2798 διαλογισμοὺς,
2538 2723 2684 2781 ἀλλὰ
2715 2726 2803 2781 καί
2836 2724 3195 2806 ἀμφιϐολίαν,
3230 2719 3376 2787 ἄλλα
3406 2733 3494 2789 καὶ
3526 2735 3594 2790 τὰ
3641 2757 3744 2790 πα-

2089 2808 2368 2885 ραπλήσια
2390 2810 2622 2869 τούτων.
2681 2815 2751 2868 Τὸ
2801 2817 2904 2891 γὰρ
2955 2815 3152 2892 ἄθροον
3175 2825 3276 2888 τῆς
3311 2819 3606 2895 ἀγγελικῆς
3636 2823 3739 2878 εἴσ-

2087 2896 2238 2968 όδου,
2283 2901 2373 2954 καὶ
2421 2901 2484 2956 :6
2532 2901 2674 2972 ξένον
2721 2906 2820 2973 τῆς
2871 2900 3070 2979 ὄψεως,
3103 2907 3194 2962 καί
3221 2909 3284 2964 τὸ
3314 2909 3580 2980 ἀσύνηθες
3635 2920 3742 2984 τῆς

2085 2989 2400 3064 συντυχίας,
2459 2991 2549 3045 καὶ
2605 2993 2667 3046 :6
2721 2992 3020 3069 ὑπέρογκον
3079 3004 3180 3066 τῆς
3226 2997 3580 3073 ἐπαγγελίας,
3648 3004 3739 3058 καὶ

2082 3076 2146 3132 τὸ
2187 3076 2595 3153 ἀπροσδόκητον
2645 3089 2743 3150 τῆς
2794 3085 2987 3153 ἀκοῆς,
3043 3085 3117 3147 εἷς
3151 3083 3357 3142 δειλίαν
3388 3084 3610 3146 ὶνέϐαλε
3636 3093 3737 3161 τὴν

321 3177 666 3250 permansit.
709 3174 854 3240 Quid
903 3177 991 3229 est
1033 3172 1202 3235 illud,
1253 3175 1434 3242 atqua
1464 3170 1722 3234 turbata,
1753 3169 1970 3240 imper-

2084 3169 2368 3258 lluptlévov,
2418 3169 2506 3258 τῇ,
2539 3169 2746 3225 ἐπινοία
2792 3179 2892 3242 τῆς
2933 3177 3285 3252 σωφροσύνης
3316 3185 3488 3233 πᾶσαν
3521 3179 3736 3258 φαύλην

321 3266 561 3322 turbata
606 3261 976 3337 permansit?
1035 3259 1309 3316 Studiose
1357 3257 1514 3313 audi.
1565 3259 1707 3312 Cum
1741 3256 1972 3314 Gabriel

321 3355 566 3428 angelus
583 3353 948 3410 utmissionis
963 3368 1078 3406 suae
1104 3348 1495 3404 ministerium
1513 3347 1973 3419 impleret,nullo

323 3445 570 3501 excitato
604 3445 818 3516 pedum
845 3441 1090 3512 strepitu
1113 3436 1397 3510 virginale
1418 3435 1756 3492 cubiculum
1786 3437 1931 3492 adiit
1957 3454 1970 3504 ;

321 3535 450 3591 sola
478 3532 695 3606 quippe
743 3531 918 3603 Virgo
951 3535 1075 3584 erat
1104 3529 1161 3583 in
1194 3529 1391 3599 sponsi
1426 3526 1517 3582 sui
1549 3526 1741 3581 domo.
1776 3527 1972 3582 Nostis

321 3640 494 3696 porro
525 3623 717 3679 cuncti
742 3638 856 3693 quo
878 3623 1044 3692 pacto
1074 3619 1380 3673 erubescat
1401 3615 1562 3688 virgo
1595 3617 1704 3671 sub
1735 3615 1970 3672 initium

321 3713 826 3786 initinuptiarum
875 3708 1046 3783 pacti,
1084 3707 1361 3763 inclinato
1401 3706 1564 3761 vultu
1597 3705 1854 3762 demissa
1885 3707 1968 3762 lo-

322 3822 511 3877 quens
541 3821 700 3869 voce,
733 3802 966 3858 nullum
1003 3799 1284 3856 exhibens
1333 3799 1565 3864 nutum,
1599 3793 1820 3850 nullam
1854 3811 1969 3850 non

323 3911 534 3966 gerens
591 3891 992 3964 temperantia
1027 3885 1504 3946 sollicitudinem.
1538 3889 1683 3939 Cum
1714 3884 1798 3940 sic
1831 3885 1967 3940 atie-

320 3991 476 4042 ctam
507 3985 729 4040 videret
759 3981 1026 4053 angelus,
1055 3978 1137 4034 ait
1163 3976 1246 4031 illi
1271 3993 1283 4030 :
1313 3997 1340 4026 «
1362 3975 1444 4030 Ne
1472 3975 1910 4040 timeas,Maria,
1937 3996 1967 4024 »

318 4076 559 4132 tametsi
589 4074 847 4144 anxia,et
870 4074 1068 4142 utpote
1087 4067 1269 4139 virgo,
1293 4063 1693 4136 temperantia:
1716 4062 1966 4120 sollicita

315 4166 498 4235 fuisti,
535 4181 606 4221 ne
653 4165 884 4220 irruens
932 4174 1186 4232 sponsus
1237 4161 1397 4222 tuus,
1430 4157 1541 4209 tuae
1571 4154 1687 4207 vim
1731 4155 1964 4209 afferret

311 4255 694 4311 verecundiae.
753 4251 903 4307 Illud
963 4249 1115 4304 scias
1172 4243 1366 4313 velim,
1422 4259 1454 4298 ο
1506 4241 1698 4314 Virgo,
1729 4242 1960 4298 nullum

309 4345 431 4400 fore
461 4344 566 4400 tibi
598 4361 730 4400 cum
764 4355 980 4414 sponso
1001 4343 1101 4393 tuo
1124 4335 1339 4406 Josepb
1375 4332 1958 4403 congressum.Aliud

309 4439 363 4490 te
381 4433 681 4506 negotium
705 4432 1016 4502 exspectat,
1040 4425 1326 4490 divinum,
1352 4422 1735 4487 dominicum,
1760 4422 1959 4476 inelI‘a-

306 4522 443 4589 bile,
475 4518 1062 4595 inexplicabile,332
1091 4515 1243 4587 quod
1270 4529 1536 4568 sermone
1567 4511 1825 4566 enarrari
1857 4527 1953 4565 ne-
1990 4550 2033 4614 Β

308 4617 501 4682 queat.
540 4611 908 4666 Dominicum
943 4609 1138 4661 futura
1167 4621 1228 4660 es
1268 4601 1708 4668 habitaculum;
1746 4605 1952 4669 mater,

306 4699 588 4772 nuptialis
620 4716 822 4770 expers
873 4697 985 4752 tori
1023 4691 1432 4767 praedicaberis
1461 4707 1475 4758 ;
1510 4689 1637 4746 coeli
1668 4695 1955 4759 terraeque

303 4788 619 4845 Dominum
681 4791 1024 4860 susceptura
1054 4801 1138 4852 es,
1186 4783 1588 4852 incorruptum
1651 4783 1953 4852 gestatura

300 4878 507 4934 fetum.
541 4900 570 4928 «
595 4878 676 4933 Ne
697 4876 928 4945 timeas,
963 4873 1164 4940 Maria,
1202 4895 1228 4920 ››
1251 4877 1414 4926 tuam
1450 4870 1617 4924 ﬁrma
1649 4867 1948 4939 cogitatio-

295 4984 452 5037 nem,
486 4968 745 5024 animam
777 4965 1107 5029 corrobora,
1140 4979 1236 5016 cor
1279 4961 1583 5016 confirma.
1613 4958 1693 5013 Ne
1724 4957 1949 5013 imitere

293 5058 638 5114 Zachariam
673 5073 684 5112 :
721 5073 812 5119 ne,
854 5052 1354 5126 quemadmodum
1400 5049 1519 5114 ille,
1565 5047 1944 5114 dubitaveris,

291 5149 354 5202 tu
408 5164 535 5220 quae
581 5145 896 5202 mulierum
945 5142 1128 5215 gloria
1159 5157 1266 5196 es:
1315 5146 1377 5193 tu
1411 5136 1708 5192 lsraelitici
1745 5136 1943 5208 populi

289 5236 602 5293 exsultatio
637 5253 649 5291 :
683 5239 744 5290 tu
779 5233 1042 5306 gentium
1073 5232 1506 5296 ornamentum,
1534 5231 1591 5280 tu
1627 5227 1826 5298 gaudii
1859 5245 1944 5282 ra-

286 5327 410 5395 dix,
440 5331 503 5382 tu
536 5323 960 5382 benedictionis
1006 5319 1309 5394 plantatio.
1361 5317 1446 5371 Tu
1501 5332 1615 5386 prae
1663 5316 1940 5371 omnibus

280 5415 613 5487 virginibus
644 5412 919 5470 invenisti
945 5410 1194 5484 gratiam
1227 5407 1381 5478 apud
1415 5406 1619 5460 Deum.
1642 5406 1714 5460 Et
1745 5428 1772 5455 ‹‹
1809 5422 1939 5460 ecce

279 5505 576 5578 concipias
604 5505 813 5572 tilium,
845 5506 903 5558 et
931 5499 1166 5556 vocabis
1199 5511 1411 5552 nomen
1443 5497 1572 5566 ejus
1601 5493 1939 5551 Jesuzn.Hic

348 5632 393 5667 ³⁸
423 5631 562 5687 Luc.
593 5648 635 5702 ι,
664 5631 757 5700 26,
786 5631 876 5686 27.
954 5628 1000 5662 ³³
1029 5626 1196 5695 ibid.,
1227 5623 1318 5693 28,
1350 5622 1442 5677 29.

331 5711 343 5718 ς

347 5738 540 5816 (3Ο⁶¹”)
569 5737 766 5810 Vulg.,
795 5728 1165 5809 ποιησαμένη,
1195 5730 1361 5789 nullo
1391 5744 1596 5791 sensu.
1628 5732 1789 5790 EDIT.

2085 3255 2321 3312 ἐπίνοιαν
2352 3256 2596 3314 ἐκποδὼν
2628 3265 3003 3334 ποιησαμένην
3033 3268 3242 3340 (30*“).
3278 3268 3372 3322 Διὸ
3409 3269 3497 3324 καὶ
3533 3255 3739 3344 *ἐταρά-

2084 3349 2216 3422 χθη,
2275 3347 2363 3402 καὶ
2411 3353 2742 3426 ταραχθεῖσα
2790 3352 3063 3429 ἀτάραχος
3106 3353 3302 3428 ἔμεινε.
3351 3357 3412 3412 Τί
3444 3359 3574 3432 ἐστι,
3637 3361 3738 3416 Καὶ

2079 3439 2412 3512 ταραχθεῖσα
2442 3439 2714 3516 ἀτάραχος
2741 3437 2948 3514 ἔμεινεν
2975 3463 2988 3512 ;
3021 3445 3221 3500 Ἀκουε
3251 3451 3504 3510 συνετῶς.
3552 3450 3738 3507 Ἡνίκα

2082 3521 2327 3601 Γαϐριὴλ
2398 3529 2422 3583 6
2483 3526 2739 3604 ἄγγελος,
2811 3531 3180 3601 ἀποστολικήν
3251 3531 3524 3590 διακονίαν
3579 3537 3733 3610 πληι

2081 3619 2214 3691 ρῶν,
2270 3616 2467 3696 ἀψόφῳ
2524 3616 2654 3673 ποδὶ
2711 3617 2798 3672 ἐπὶ
2846 3620 2937 3674 τὸν
2975 3623 3303 3692 ’παρθενικὸν
3355 3622 3555 3697 ἐχώρει
3612 3646 3732 3681 κοι-

2077 3708 2243 3760 τῶνα³
2301 3706 2439 3777 μόνη
2488 3709 2588 3783 γὰρ
2638 3713 2815 3782 παρῆν
2855 3709 2890 3776 ἡ
2944 3708 3231 3783 Παρθένος,
3275 3710 3328 3764 ἐν
3359 3715 3438 3782 τῷ
3468 3709 3604 3784 02'pr
3629 3719 3728 3768 :06

2082 3794 2546 3868 μνηστευσαμένου
2623 3793 2903 3870 διάγουσα’
2973 3794 3090 3851 ⁶ίστε
3147 3796 3340 3860 πάντες
3405 3804 3586 3877 σαφῶς
3635 3802 3725 3856 καὶ

2076 3889 2194 3946 πῶς
2244 3883 2462 3960 ἐρυθριᾷ
2510 3884 2654 3960 παρὰ
2683 3885 2776 3946 τὰς
2827 3884 3001 3961 ἀρχὰς
3054 3891 3151 3940 :06
3196 3885 3654 3964 συναλλάγματος
3689 3893 3726 3960 ἡ

2076 3973 2347 4049 Παρθενος
2403 3973 2550 4028 κάτω
2606 3974 2698 4036 τὰς
2749 3970 2898 4047 ὄψεις
2942 3973 3198 4050 φέρουσα,
3245 3975 3428 4050 ἡμέρα
3458 3975 3727 4047 λαλοῦσα,

2078 4065 2152 4135 μή
2205 4061 2552 4132 ἀνανεύουσα,
2614 4062 2789 4133 πάσης
2855 4063 3209 4140 σωφροσύνης
3289 4064 3725 4138 ἐπιμελουμένη.

2071 4154 2158 4208 Ἐν
2218 4152 2431 4216 τούτοις
2494 4151 2622 4208 ἰδὼν
2674 4153 2840 4222 αὐτὴν
2881 4155 2908 4208 6
2943 4152 3173 4229 ἄγγελός
3205 4175 3336 4231 φησι
3367 4155 3502 4231 πρὸς
3535 4155 3725 4226 αὐτήν·

2073 4266 2101 4295 ‹‹
2131 4244 2218 4311 Μὴ
2252 4238 2446 4320 φοϐοῦ,
2499 4243 2742 4318 Μαριὰμ,
2795 4267 2824 4293 ››
2858 4242 2903 4297 εί
2933 4241 3022 4296 καὶ
3066 4242 3400 4317 ἠγωνίασας,
3427 4245 3518 4298 καὶ
3544 4243 3726 4322 ὥσπερ

2068 4332 2332 4406 παρθένος
2381 4333 2482 4400 τῆς
2527 4330 2884 4408 σωφροσύνης
2937 4327 3273 4408 ἐφρόντισας,
3340 4334 3415 4404 μὴ
3462 4331 3726 4411 καταδρα-

2072 4420 2188 4491 μὼν
2222 4421 2248 4472 ὁ
2287 4421 2536 4492 μνηστήρ
2569 4439 2664 4472 σου
2694 4419 3139 4495 καταψηφίσηταί
3166 4440 3262 4473 σου
3290 4426 3390 4488 τῆς
3411 4416 3715 4485 εὐλαϐείας.

2065 4512 2234 4562 Τοῦτο
2292 4508 2545 4581 γίνωσκε,
2597 4507 2860 4581 ΙΙαρΘένε,
2922 4507 2997 4568 ὡς
3055 4506 3284 4579 οὐδεμία
3347 4530 3432 4564 σοι
3463 4512 3722 4568 κοινωνία

2065 4595 2210 4651 ἔσται
2269 4596 2404 4670 πρὸς
2462 4595 2553 4649 τὸν
2609 4597 2898 4670 μνηστῆρά
2945 4616 3041 4650 σου
3103 4598 3326 4675 Ἰωσήφ.
3379 4599 3599 4674 Ἔτερόν
3661 4623 3720 4656 σε

2064 4690 2289 4760 πρᾶγμα
2372 4685 2677 4758 περιμένει,
2753 4686 2916 4755 θεῖον,
2994 4682 3331 4754 δεσποτικὸν,
3421 4685 3717 4765 ἄφραστον,

2064 4775 2479 4850 ἀνερμήνευτον,
2542 4773 2690 4849 λόγῳ
2739 4782 3079 4849 παραστῆναι
3135 4778 3209 4848 μὴ
3265 4773 3576 4848 δυνάμενον.
3619 4787 3714 4834 Δε-

2060 4864 2316 4925 σποτικὸς
2368 4863 2630 4938 εὐρεθήσῃ
2683 4863 2872 4934 σηκὸς,
2921 4863 3294 4940 ἀπειρόγαμος
3343 4861 3714 4941 ἀναδειχθήσῃ

2063 4957 2269 5028 μήτηρ,
2310 4954 2400 5008 τὸν
2432 4953 2662 5027 οὐρανοῦ
2693 4954 2781 5008 καὶ
2815 4956 2916 5028 γῆς
2952 4951 3218 5024 δεσπότην
3258 4953 3483 5026 μέλλεις
3517 4953 3712 5010 ὑποδὲ-

2056 5047 2267 5121 χεσθαι,
2301 5041 2628 5121 ἀδιάφθορον
2659 5038 2820 5097 τόκυν
2852 5048 3258 5118 κυοφοροῦσα.‹‹
3280 5044 3368 5112 Μή
3404 5039 3716 5120 φοϐοῦ,Μα-

2057 5135 2212 5208 ριὰμ,
2249 5157 2275 5184 ››
2309 5132 2558 5207 στήριξόν
2593 5153 2692 5185 σου
2721 5132 2814 5185 τὸν
2846 5129 3136 5205 λογισμὸν,
3161 5131 3431 5207 νεύρωσόν
3464 5154 3560 5188 σου
3607 5135 3708 5204 τὴν

2053 5225 2262 5297 ψυχὴν,
2313 5218 2533 5295 ἔδρασάν
2568 5241 2663 5273 σου
2693 5220 2792 5288 τὴν
2824 5217 3067 5294 καρδίαν.
3104 5221 3195 5288 Μὴ
3235 5223 3449 5295 μιμήσῃ
3479 5223 3568 5276 τὸν
3602 5229 3710 5278 Ζα-

2051 5312 2270 5388 χαρίαν,
2307 5310 2381 5381 μή
2417 5304 2754 5385 ἁμφιϐάλῃς,
2789 5309 2862 5369 ὡς
2896 5307 3122 5380 ἐκεῖνος,
3173 5309 3234 5362 σὺ
3287 5316 3391 5364 τῶν
3437 5317 3706 5386 γυναικῶν

2047 5402 2110 5456 τὸ
2139 5399 2426 5474 καύχημα⁸
2461 5397 2524 5450 σὺ
2553 5400 2649 5450 :06
2681 5395 3083 5472 Ἰσραηλιτικοῦ
3107 5397 3247 5453 λαοῦ
3268 5398 3329 5454 τὸ
3361 5398 3706 5474 ἀγαλλίαμα.

2050 5512 2112 5545 συ
2141 5492 2250 5544 τῶν
2284 5485 2445 5550 ἐθνῶν
2475 5486 2538 5540 τὸ
2569 5482 3024 5562 ἐγκαλλώπισμα’
3061 5486 3124 5542 σὺ
3167 5495 3270 5559 τῆς
3298 5494 3476 5566 χαρᾶς
3501 5491 3563 5546 τὸ
3623 5490 3707 5569 ῥι-
