4120 6402
413 491 532 551 913

1334 487 1599 548 SERMO
1644 488 1721 548 ΙΝ
1768 485 2487 548 ANNUNTlATlONEM
2535 484 2925 544 DEIPARIE.

3720 476 3838 537 914

416 624 591 691 ζωμα’
654 619 715 672 σὺ
773 625 875 688 τῆς
936 617 1191 693 εὐλογίας
1247 618 1308 671 τὸ
1368 616 1746 694 φυτούργημα.
1801 614 1875 669 Σὺ
1920 612 2069 685 εὗρες

2182 617 2292 671 erit
2312 633 2557 685 magnus
2576 620 2631 670 et
2655 615 2833 670 Filius
2856 613 3142 669 Altissimi
3159 610 3537 668 vocabitur“.
3560 629 3587 663 ιι
3614 610 3837 665 Horum

414 710 575 784 χάριν
606 710 752 783 παρὰ
779 712 858 779 τῷ
888 712 1004 779 Θεῷ
1049 709 1194 782 παρὰ
1242 708 1414 767 πάσας
1462 706 1557 766 τὰς
1589 705 1903 779 παρθένους.
1939 704 2062 775 Καὶ,

416 820 442 849 ‹‹
480 795 597 851 ἰδοὺ
629 796 885 870 συλλήψῃ
916 798 1059 867 Υἱὸν,
1094 798 1182 850 καὶ
1210 795 1462 856 καλέσεις
1484 795 1545 849 τὸ
1569 790 1741 867 ὄνομα
1765 792 1929 848 αύτοῦ
1961 795 2066 861 Ἰη-

413 890 555 942 σοῧν.
590 885 761 948 Οὗτος
814 885 958 940 ἔσται
1015 886 1197 961 μίγας,
1248 886 1336 939 καὶ
1388 886 1509 945 Υἱὸς
1557 884 1805 957 Ὑψίττου
1851 882 2065 953 κληθή-

410 997 577 1031 σεται.
615 1001 642 1027 ››
687 975 902 1030 Τούτων
936 997 1017 1030 σοι
1066 980 1172 1029 τῶν
1215 976 1429 1049 ἀγαθῶν
1464 975 1584 1042 ἥκω
1620 975 1865 1045 μηνυτὴς
1897 974 2063 1048 ὑπάρ-

409 1084 545 1141 χων,
608 1065 655 1119 εἰ
712 1064 800 1119 καὶ
834 1062 933 1134 ἔξω
992 1064 1202 1141 φύσεως
1258 1064 1325 1117 τὰ
1385 1063 1673 1137 Λεγὸμενα·
1746 1060 1871 1116 ἀλλ’
1912 1062 2063 1134 ὅμως

407 1154 553 1228 παρὰ
576 1152 656 1227 τῷ
690 1159 1000 1230 φυσιουργῷ
1032 1153 1208 1221 πάσης
1256 1160 1357 1221 τῆς
1388 1152 1613 1213 κτίσεως
1649 1149 1800 1206 οὐδὲν
1843 1152 2061 1205 σκοΛιὸν

406 1244 441 1312 ἢ
477 1241 941 1319 στραγγαλιῶδες,
976 1242 1122 1297 ἀλλὰ
1170 1241 1342 1295 πάντα
1391 1242 1543 1305 εὐθέα
1591 1243 1679 1295 καὶ
1716 1243 1850 1316 πρὸς
1902 1240 2063 1315 εύχὲ-

406 1353 551 1408 ρειαν
586 1333 873 1407 βλέποντα.
907 1338 992 1385 Ἐν
1026 1331 1245 1392 ταύταις
1277 1337 1395 1393 ταῖς
1449 1328 1790 1406 ἐπαγγελίαις
1838 1332 1871 1398 ἡ
1916 1336 2063 1405 Παρ-

406 1420 557 1481 Θένος
616 1426 1003 1496 σαγηνευθεῖσα
1039 1467 1052 1489 ,
1110 1420 1200 1473 καὶ
1276 1420 1452 1490 πάσης
1537 1418 1753 1496 φαύλης
1831 1418 2066 1479 ἐπινοίας

404 1508 805 1584 ἀπαλλαγεῖσα,
860 1509 1035 1564 οὐκετι
1089 1510 1164 1570 ὡς
1216 1508 1655 1584 ἀπαρρησίαστος
1705 1507 1930 1575 ἐσιώπα,
1974 1506 2063 1562 λέ-

402 1618 574 1671 γουσα
604 1600 742 1671 πρὸς
767 1600 859 1653 τὸν
890 1598 1141 1674 ἄγγελον,
1185 1623 1211 1650 ι(
1248 1603 1370 1659 Πῶς
1416 1595 1559 1651 ἔσται
1625 1618 1715 1668 μοι
1765 1601 1947 1666 τοῦτο,
1982 1594 2064 1650 ὅτι

402 1683 570 1759 ἄνδρα
601 1686 662 1740 οὐ
692 1689 944 1761 γινώσκω
979 1704 993 1754 ;
1023 1708 1049 1738 ιι
1088 1685 1153 1743 Τί
1189 1707 1292 1758 μου
1324 1687 1412 1740 καὶ
1446 1687 1545 1754 τὴν
1595 1683 1818 1760 καρδίαν
1862 1690 2063 1759 θροεῖς,

398 1774 488 1827 καὶ
542 1774 640 1842 τήν
692 1774 861 1842 ἀκοὴν
914 1775 1231 1849 ξενοφωνεῖς
1268 1792 1280 1842 ;
1314 1774 1373 1827 Τί
1418 1775 1477 1828 τὸ
1527 1776 1602 1846 μη
1657 1774 1913 1828 ἀκουσθέν
1962 1773 2067 1827 ἀπὸ

396 1866 494 1939 τοῦ
524 1861 723 1924 αἰῶνος
752 1861 1097 1939 διαγγέλλεις
1129 1884 1151 1917 ε
1184 1862 1377 1937 ἔγκυος
1406 1863 1793 1938 εύρεθήσομαι,
1835 1864 1927 1917 καὶ
1977 1864 2067 1916 ἀν-

2176 706 2283 759 tibi
2318 707 2601 759 bonorum
2637 706 2879 759 nuntius
2930 703 3161 770 accedo,
3198 700 3428 756 etiamsi
3472 704 3635 755 extra
3666 703 3839 753 natu-

2177 811 2303 849 ram
2336 794 2457 849 sint
2503 810 2629 865 quse
2682 795 2813 848 dico
2859 811 2871 860 ;
2927 798 3185 847 attamen
3238 808 3271 845 a
3320 789 3622 845 conditore
3656 788 3839 843 totius

2180 900 2369 938 rerum
2408 890 2616 939 natura
2636 883 2780 937 nihil
2804 882 3133 951 obliquum,
3159 880 3301 934 nihil
3326 884 3695 943 tortuosum;
3731 877 3832 933 sed

2176 978 2333 1027 recta
2391 975 2607 1037 omnia,
2656 978 2711 1026 et
2760 988 2997 1026 suavem
3052 975 3226 1040 atque
3279 967 3519 1038 planum
3569 965 3832 1021 ordinem

2192 1063 2537 1133 spectantia.
2581 1061 2679 1116 His
2712 1068 2880 1132 capta
2927 1058 3234 1131 promissis
3287 1058 3474 1128 Virgo,
3509 1056 3830 1126 omnnique

2181 1168 2357 1222 parva
2406 1150 2737 1221 suspicione
2776 1150 3044 1214 libarata,
3082 1165 3197 1202 non
3230 1149 3381 1200 ultra
3414 1145 3582 1216 quasi
3636 1145 3830 1199 diftisa

2177 1240 2381 1304 tacuit,
2416 1241 2515 1294 sed
2558 1241 2639 1293 ait
2672 1239 2877 1310 angelo
2914 1256 2924 1293 :
2976 1237 3276 1303 Quomodo
3328 1236 3422 1289 fiet
3472 1233 3615 1288 mihi
3646 1233 3825 1302 istud,

2179 1330 2453 1401 quoniam
2483 1330 2670 1384 virum
2706 1346 2821 1383 non
2852 1343 3140 1398 cognosco
3166 1325 3255 1378 ’5?
3280 1346 3306 1371 ››
3337 1322 3483 1387 Quid
3518 1339 3615 1377 cor
3644 1326 3826 1377 terres

2177 1436 2396 1490 meum,
2450 1435 2768 1490 auremque
2802 1417 3035 1471 insolita
3065 1432 3200 1470 voce
3232 1413 3539 1468 attonitam
3574 1410 3769 1466 reddis
3799 1410 3829 1465 ?

2176 1510 2322 1574 Quid
2376 1526 2495 1563 rem
2540 1507 2854 1563 annuntias
2909 1524 2941 1561 a
2990 1505 3201 1561 saeculo
3244 1500 3704 1571 non'fauditam?
3736 1507 3822 1554 An

2176 1616 2482 1669 praegnans
2524 1598 2805 1662 inveniar,
2859 1595 3001 1666 quin
3051 1593 3155 1647 viri
3210 1591 3674 1663 experimentum
3724 1605 3826 1643 ca-

2179 1688 2333 1760 piam
2352 1689 2378 1742 ?
2411 1712 2429 1737 α
2460 1687 2759 1750 Quomodo
2785 1686 2881 1739 ﬁet
2903 1682 3048 1738 mihi
3072 1682 3226 1737 istud
3246 1682 3272 1736 ‘2
3301 1702 3327 1733 (ι
3350 1680 3533 1735 Mater
3553 1678 3822 1747 vocabor,

2178 1784 2233 1832 et
2265 1777 2543 1831 maternis
2579 1781 2783 1847 partus
2814 1773 3116 1828 doloribus
3148 1787 3351 1841 expers
3410 1786 3506 1823 ero
3528 1769 3555 1823 ?
3604 1790 3631 1819 ››
3670 1770 3822 1831 Quo-

2178 1868 2352 1920 modo
2386 1866 2481 1920 ﬁet
2512 1865 2655 1919 mihi
2686 1865 2845 1919 istud
2880 1862 2908 1917 ?
2934 1866 3246 1915 Mammam
3289 1858 3578 1930 praebebo,
3612 1855 3825 1928 pannis

400 1936 529 2026 δρὸς
559 1957 748 2028 πεῖραν
782 1952 845 2007 οὐ
883 1951 1137 2025 λήψομαι
1172 1971 1185 2021 ;
1221 1978 1247 2004 ‹‹
1284 1958 1405 2013 Πῶς
1458 1951 1601 2006 ἔσται
1644 1974 1735 2023 μοι
1784 1957 1945 2006 τοῦτο
1979 1970 1992 2021 ;
2026 1977 2055 2005 ››

400 2048 447 2057 --
472 2043 483 2057 ,
665 2042 678 2057 ,
872 2053 885 2057 -
919 2044 930 2057 .
1269 2042 1281 2057 .
1558 2046 1580 2056 -
1702 2041 1715 2057 ,
1738 2039 1785 2057 ..ι
1949 2038 2001 2057 τι..

2175 1956 2486 2023 involvam,
2538 1970 2783 2026 puerum
2834 1952 3082 2019 lactabo,
3116 1967 3220 2005 cur
3271 1949 3423 2020 quod
3474 1964 3567 2002 me
3597 1948 3822 2018 spectat

398 2043 592 2116 Μήτηρ
656 2042 1136 2115 ὀνομασθήσομαι,
1196 2042 1284 2096 καὶ
1342 2046 1621 2117 μητρικῶν
1684 2039 1895 2095 ὠδίνων
1949 2038 2051 2111 ἕξω

397 2132 697 2205 γενήσομαι
732 2151 745 2200 ;
780 2156 809 2183 ‹‹
863 2136 985 2193 Πῶς
1035 2128 1180 2185 ἔσται
1236 2153 1327 2204 μοι
1379 2136 1540 2186 τοῦτο
1576 2151 1589 2201 ;
1627 2156 1653 2183 ››
1707 2134 1886 2200 Μαζὸν
1930 2132 2050 2185 ἐπι-

398 2214 578 2289 δώσω,
613 2219 702 2275 καὶ
756 2220 1036 2295 σπάργανα
1086 2220 1380 2298 συσφίγξω,
1430 2221 1519 2274 καὶ
1568 2218 1735 2275 παῖδα
1781 2220 2047 2297 γαλακτο-

395 2311 775 2385 τροφήσω,καί
810 2310 861 2364 τί
890 2312 953 2364 τὸ
980 2309 1030 2363 ἐν
1065 2310 1186 2382 ἐμοὶ
1220 2310 1280 2364 ού
1311 2312 1588 2386 γνώσομαι
1624 2328 1637 2379 ;
1676 2334 1701 2361 ‹‹
1737 2315 1859 2371 Πῶς
1906 2307 2050 2364 ἔσται

398 2419 491 2471 μοι
523 2402 684 2453 τοῦτο
724 2419 736 2467 ;
773 2424 800 2449 ››
832 2397 962 2473 λὲγε
994 2421 1086 2471 μοι
1116 2402 1215 2468 τὴν
1250 2397 1483 2474 εὔλογον
1514 2398 1711 2470 αἰτίαν,
1738 2397 1831 2454 ’ίνα
1857 2401 2050 2475 γνώσω

393 2486 493 2553 τὴν
528 2482 839 2561 ἀμφίϐολον
868 2487 1182 2563 κυοφορίαν,
1214 2487 1384 2541 Ξένον
1412 2490 1509 2555 τῆς
1540 2483 1682 2548 Εὔας
1713 2490 1748 2556 ἡ
1780 2486 2049 2562 γέννησις,

399 2571 524 2628 ἀλλ’
556 2573 707 2645 ὅμως
768 2575 826 2629 ἐκ
874 2580 971 2629 τοῦ
1031 2573 1221 2651 ἀνδρὸς
1280 2576 1447 2645 αὐτῆς
1505 2574 1741 2653 ἐλήφθη’
1789 2576 1877 2631 καὶ
1923 2575 2051 2653 ἔσχε

392 2663 455 2716 τὸ
496 2663 668 2717 αἴτιον
720 2663 835 2718 ὅθεν
883 2663 1182 2741 ἐγνωρίσθη
1215 2665 1278 2719 τὸ
1328 2665 1570 2742 φύραμα,
1602 2661 1685 2718 ὅτι
1734 2664 1785 2736 ἐξ
1816 2666 1980 2720 αὐτοῦ
2012 2669 2046 2735 ἡ

393 2749 540 2821 αὖτῷ
574 2752 861 2828 ληφθεῖσα,
908 2753 996 2807 καὶ
1034 2754 1060 2806 ὁ
1092 2750 1232 2815 ἴδιος
1277 2755 1354 2825 τῷ
1404 2751 1523 2826 ἰδίῳ
1573 2752 1933 2828 ἀνεπληρώθη
1965 2754 2051 2809 τό·

392 2860 494 2901 πος
540 2840 1019 2916 Ξένοπρεπεστέρα
1072 2839 1128 2896 δὲ
1165 2850 1265 2911 τῆς
1317 2841 1455 2905 Εὔας
1506 2846 1541 2913 ὴ
1573 2848 1670 2897 τοῦ
1716 2841 1893 2916 Ἀδὰμ
1929 2846 2044 2919 γὲν-

394 2949 569 2997 νησις⁶
622 2928 749 2984 ἀλλ’
798 2930 950 3003 ὅμως
1000 2931 1089 2985 καὶ
1137 2932 1270 3000 αύτή
1323 2935 1830 3009 φανεροποιηθεῖσα,
1864 2938 2047 3012 γραφῇ

394 3015 693 3093 παρεδόθη,
727 3019 817 3073 καὶ
870 3024 986 3081 πῶς
1036 3027 1382 3096 παραχρῆμα
1428 3022 1609 3097 γέγονε
1658 3026 1839 3099 σαφῶς
1881 3023 2046 3097 ἐγνω-

394 3107 580 3177 ρίσθη,
627 3105 708 3161 ὅτι
758 3108 864 3162 ἀπὸ
911 3114 1012 3177 τῆς
1062 3115 1167 3182 γῆς
1217 3114 1352 3184 χοῦν
1404 3105 1589 3164 λαϐὼν
1624 3112 1651 3165 ὁ
1684 3108 2044 3185 δημιουργὸς,

391 3195 696 3273 θεόμορφον
760 3200 895 3266 ζῶον
974 3197 1329 3253 κατεσκεύασε
1397 3200 1489 3254 τὸν
1561 3195 1991 3273 πρωτόπλαστον
2032 3246 2044 3259 .

390 3286 478 3347 Ὠς
512 3286 687 3340 ἐκεῖνα
715 3287 993 3362 γνώριμα,
1045 3288 1134 3341 καὶ
1181 3292 1342 3343 τοῦτο
1395 3291 1709 3366 σαφήνισον*
1745 3288 1932 3359 ἐπειδὴ
1983 3292 2046 3345 τὸ

2170 2063 2281 2100 non
2317 2045 2637 2115 intelligam
2661 2044 2688 2098 7
2715 2066 2741 2092 ε(
2767 2042 3067 2109 Quomodo
3092 2041 3188 2095 liet
3218 2038 3359 2093 mihi
3393 2039 3550 2092 istud
3573 2037 3600 2091 ?
3623 2060 3649 2087 »
3677 2053 3817 2091 con-

2163 2141 2506 2191 sentaneum
2539 2134 2731 2205 profer
2752 2133 2892 2187 mihi
2920 2148 3182 2196 causam,
3208 2136 3273 2185 ut
3302 2131 3614 2185 obscuram
3647 2126 3810 2182 illam

2162 2226 2307 2280 uteri
2341 2225 2724 2296 gestationem
2752 2220 3094 2293 intelligam.
3132 2219 3395 2275 Insolens
3424 2218 3531 2272 fuit
3562 2218 3687 2271 Eva;
3718 2232 3813 2288 ge-

2162 2314 2671 2383 neratio,attamen
2691 2329 2758 2367 ex
2778 2312 2898 2366 viro
2921 2310 3021 2364 illa
3044 2314 3279 2381 sumpta
3302 2308 3494 2361 fuit“:
3515 2323 3809 2377 causaque

2162 2404 2273 2458 fuit
2295 2420 2411 2475 qua
2432 2401 2723 2473 ejusmodi
2748 2418 2954 2456 massae
2988 2399 3133 2454 ratio
3166 2401 3633 2469 cognosceretur,
3661 2413 3809 2468 quo-

2162 2493 2317 2547 niam
2356 2492 2578 2547 scilicet
2598 2508 2665 2545 ex
2691 2490 2810 2556 illo,
2832 2508 2959 2561 qua:
2986 2506 3085 2559 pro
3106 2488 3225 2555 illo,
3252 2492 3489 2559 sumpta
3509 2491 3600 2541 est
3631 2504 3644 2541 :
3678 2503 3811 2558 pro-

2162 2582 2445 2653 priusque
2479 2579 2640 2635 locus
2673 2580 2908 2650 propria
2943 2578 3067 2633 loco
3101 2575 3360 2648 repletus
3401 2580 3508 2632 est.
3546 2575 3810 2630 Insolen-

2162 2671 2276 2726 tior
2311 2671 2438 2725 Evaa
2485 2668 2857 2741 generatione
2906 2667 3110 2721 Adami
3168 2666 3502 2739 generatio;
3554 2669 3811 2719 attamen

2160 2760 2261 2814 illa
2290 2760 2503 2829 scripto
2534 2757 2748 2811 tradita
2781 2775 2845 2812 ac
2885 2761 3155 2812 enarrata
3208 2755 3336 2823 fuit,
3369 2760 3695 2825 notumque
3724 2758 3815 2809 est

2161 2867 2277 2920 qua
2308 2849 2531 2903 ratione
2562 2852 2796 2917 repente
2845 2846 2994 2900 facta
3043 2845 3140 2899 sit.
3198 2845 3271 2899 De
3320 2849 3555 2916 accepto
3588 2843 3813 2899 scilicet

2160 2938 2300 2993 limo
2336 2944 2496 2991 terrae
2528 2938 2780 3004 Creator,
2833 2934 3051 2989 animal
3094 2934 3395 2999 deiforme,
3443 2934 3810 3004 praeparavit,

2160 3044 2370 3099 nempe
2402 3026 2657 3098 primum
2694 3028 3017 3096 parentem.
3053 3028 3124 3077 Ut
3176 3022 3276 3076 illa
3324 3027 3459 3077 nota
3507 3026 3665 3087 sunt,
3700 3021 3811 3077 hoo

2161 3120 2299 3172 item
2348 3115 2577 3170 declara
2626 3114 2789 3180 mihi,
2842 3112 3321 3185 quandoquidem
3358 3111 3413 3165 id
3464 3112 3618 3183 quod
3676 3114 3811 3167 ante

2159 3206 2357 3262 dixisti
2409 3204 2576 3274 mihi,
2610 3204 2710 3258 illa
2763 3204 2880 3258 alia
2912 3202 3084 3273 longe
3127 3205 3365 3271 superat
3400 3217 3412 3254 :
3451 3220 3478 3251 α
3510 3200 3812 3263 Quomodo

2158 3296 2267 3351 erit
2291 3294 2434 3349 mihi
2472 3295 2652 3359 istud,
2686 3294 2962 3364 quoniam
2995 3291 3184 3345 virum
3235 3306 3350 3344 non
3389 3304 3676 3359 cognosco
3706 3289 3734 3343 ?
3782 3310 3812 3339 »

389 3372 696 3450 προλεχθέν
732 3359 845 3448 μοι
895 3377 1040 3451 παρὰ
1092 3374 1187 3430 σοῦ
1242 3359 1629 3453 ὑπερηκόντισε
1657 3380 1725 3432 τὰ
1763 3378 2042 3454 λεχθένταο

2165 3386 2307 3440 Tum
2331 3382 2563 3439 Gabriel
2589 3383 2657 3437 ad
2682 3359 2978 3453 Virginem
3000 3396 3010 3434 :
3036 3378 3336 3445 Quomodo
3358 3378 3469 3432 erit
3488 3376 3593 3431 tibi
3611 3376 3768 3432 istud
3784 3376 3812 3430 ?

395 3488 417 3515 ι
453 3468 577 3526 Πῶς
610 3462 755 3518 ἔσται
808 3485 902 3537 μοι
948 3470 1131 3535 τοῦτο,
1190 3464 1305 3521 ἐπεὶ
1355 3464 1521 3542 ἄνδρα
1570 3467 1632 3522 ού
1678 3468 1930 3542 γινώσκω
1965 3488 1978 3537 ;
2015 3494 2044 3521 ››

388 3552 447 3606 Ὀ
499 3549 557 3607 δὲ
606 3548 852 3628 Γαϐριὴλ
892 3555 1029 3629 πρὸς
1078 3555 1177 3623 τήν
1230 3555 1538 3630 Παρθένον’
1593 3561 1716 3618 Πῶς
1765 3556 1911 3612 ἔσται
1960 3580 2042 3613 σοι

387 3646 548 3696 τοῦτο
583 3661 596 3710 ;
631 3649 763 3718 Παρ’
803 3642 938 3715 ἐμοῦ
986 3645 1077 3698 τὸν
1127 3645 1327 3719 τρόπον
1376 3650 1579 3713 ζητεῖς,
1626 3648 1884 3721 Παρθένε,
1937 3670 2043 3719 μα·-

390 3736 500 3794 θεῖν
535 3750 549 3800 ;
582 3732 675 3800 Μὴ
720 3730 938 3787 δύναται
984 3731 1187 3795 δοῦλος
1236 3735 1437 3789 σκοπὸν
1484 3732 1678 3789 είδὲναι
1733 3733 2039 3806 δεσπότου;

386 3824 511 3882 Πῶς
560 3818 705 3875 ἔσται
758 3842 842 3875 σοι
890 3827 1052 3877 τοῦτο
1088 3841 1101 3891 ;
1138 3824 1403 3907 Μηνυτής
1437 3823 1770 3896 ἀπεστάλην,
1813 3825 1921 3901 οὐχ
1950 3827 2036 3899 ἑρ-

389 3912 682 3981 μηνευτής.
718 3935 745 3961 ‹‹
778 3910 867 3971 Τίς
906 3910 1044 3987 ἔγνω
1074 3916 1195 3965 νοῦν
1244 3912 1443 3987 Κυρίου
1479 3930 1492 3981 ;
1526 3915 1561 3981 ἢ
1594 3913 1673 3975 τίς
1728 3910 2042 3986 σύμϐουλος

382 3996 546 4052 αὐτοῦ
578 3997 785 4074 ἐγένετο
821 4019 834 4068 ;
872 4025 899 4051 ››
934 4002 1000 4055 ’Δ
1033 4001 1216 4055 ἀκούω
1243 4000 1423 4069 λαλῶ,
1448 3999 1602 4056 οὐδὲν
1629 3999 1772 4055 ’ίδιον
1792 4003 2037 4059 πλάττω.

379 4091 503 4148 Πῶς
558 4085 703 4142 ἔσται
754 4109 840 4142 σοι
887 4092 1091 4157 τοῦτος
1124 4089 1193 4143 Τὸ
1241 4094 1357 4150 πῶς
1405 4090 1493 4143 ἐπὶ
1544 4094 1677 4145 Θεοῦ
1738 4091 1814 4163 μή
1868 4093 2038 4161 ζήτει.

378 4178 502 4237 Πῶς
564 4174 709 4230 ἔσται
786 4198 869 4231 σοι
929 4182 1133 4247 τοῦτο;
1192 4183 1279 4240 Ὡς
1360 4176 1582 4238 Ἠσαίας
1657 4179 2039 4255 προηγόρευσε

378 4266 619 4341 φάσκωνο
656 4263 855 4321 «Ἰδοὺ
913 4269 949 4336 ἡ
1010 4267 1284 4343 Παρθὰνος
1344 4267 1396 4323 ἐν
1454 4268 1645 4343 γαστρὶ
1702 4264 1831 4339 ἕξει⁸
1897 4293 1924 4319 ››
1976 4270 2038 4324 τὸ

377 4349 512 4425 ἕξειν
542 4375 599 4409 σε
642 4355 1067 4432 προηγόρευσεν,
1114 4356 1221 4431 ἐγὼ
1272 4353 1328 4411 δὶ
1360 4354 1508 4431 λέγω
1540 4378 1646 4429 σοι,
1681 4356 1765 4412 ὅτι
1800 4380 1827 4409 ‹‹
1869 4357 2037 4431 τέξεις

380 4441 495 4496 υἱὸν
543 4442 632 4497 καὶ
689 4443 938 4507 καλέσεις
992 4446 1055 4499 τὸ
1113 4440 1291 4518 ὄνομα
1347 4446 1512 4500 αὐτοῦ
1571 4447 1796 4512 Ἰησοῦν·
1830 4473 1858 4501 ››
1892 4447 2039 4520 αὐτῷ

2155 3491 2189 3527 a
2221 3490 2331 3541 me,
2363 3472 2559 3543 Virgo,
2595 3472 2835 3526 modum
2887 3469 3101 3541 quaeris
3148 3469 3405 3523 ediscere
3427 3466 3455 3521 ?
3502 3468 3586 3521 An
3620 3471 3812 3539 potest

2154 3579 2359 3618 servus
2391 3578 2632 3632 scopum
2660 3576 2833 3615 nosse
2881 3558 3106 3615 domini
3156 3557 3295 3613 sui?
3345 3557 3646 3622 Quomodo
3698 3556 3808 3611 erit

2152 3652 2258 3707 tibi
2286 3650 2470 3705 illud?
2494 3649 2888 3715 Nuntius,non
2914 3647 3449 3718 interpres,missus
3472 3644 3811 3707 sum.«Quis

2156 3740 2315 3795 novit
2347 3744 2601 3794 mentem
2635 3738 2888 3802 Domini,
2924 3742 3025 3791 aut
3074 3735 3207 3807 quis
3256 3734 3629 3790 consiliarius
3680 3735 3811 3803 eius

2157 3829 2265 3883 fuit
2293 3830 2335 3863 ²⁷
2366 3828 2393 3882 ?
2430 3851 2455 3877 »
2490 3829 2627 3892 Quae
2659 3828 2833 3883 audio
2884 3825 3115 3897 loquor,
3157 3824 3304 3879 nihil
3335 3842 3368 3880 a
3396 3841 3487 3880 me
3518 3825 3810 3895 contingo.

2153 3918 2454 3983 Quomodo
2485 3917 2595 3972 erit
2625 3916 2729 3971 tibi
2772 3915 2928 3970 istud
2962 3915 2990 3969 ‘l
3041 3915 3200 3985 Apud
3248 3914 3428 3969 Deum
3460 3929 3531 3968 ne
3580 3929 3810 3984 quaeras

2153 4006 2464 4077 quomodo.
2491 4005 2792 4067 Quomodo
2822 4002 2929 4057 erit
2950 4003 3055 4057 tibi
3078 4003 3234 4058 istud
3253 4001 3278 4054 ?
3295 4001 3806 4065 Quemadmodum

2152 4093 2334 4148 Isaias
2368 4093 2783 4164 praenuntiavit
2813 4092 3015 4146 dicens
3059 4108 3071 4145 :
3111 4113 3136 4140 ‹‹
3170 4091 3310 4145 Ecce
3342 4090 3516 4161 Virgo
3549 4090 3607 4144 in
3638 4093 3803 4145 utero

2149 4181 2387 4237 habebit
2418 4181 2463 4215 2°
2488 4197 2499 4235 :
2529 4204 2556 4229 ››
2582 4184 2638 4234 te
2661 4180 2717 4233 in
2744 4184 2907 4234 utero
2926 4179 3263 4234 habituram
3282 4178 3679 4249 praedixit,ego
3697 4194 3806 4232 au-

2146 4275 2263 4325 tem
2297 4270 2425 4325 dico
2457 4269 2587 4336 tibi,
2619 4269 2772 4339 quod
2810 4290 2836 4317 «
2869 4268 3061 4339 paries
3095 4266 3302 4331 ﬁlium,
3338 4272 3397 4322 et
3432 4266 3670 4322 vocabis
3701 4281 3805 4321 no-

2148 4376 2279 4416 men
2306 4360 2433 4430 ejus
2450 4359 2652 4414 Jesum
2678 4375 2689 4413 :
2722 4380 2747 4406 ››
2772 4356 2882 4427 ipsi
2909 4355 3095 4427 gloria
3116 4355 3175 4410 in
3198 4358 3413 4411 saecula
3433 4355 3805 4412 saeculorum.

2149 4452 2352 4506 Amen.

379 4531 413 4601 ἠ
448 4527 575 4602 δόξα
605 4531 681 4595 είς
712 4532 841 4597 τοὺς
871 4532 1069 4596 αἰῶνας
1101 4538 1205 4589 τῶν
1241 4534 1478 4592 αἰώνων.
1513 4536 1705 4609 Ἀμήν.
2070 4542 2119 4607 D

450 4700 495 4737 ³⁸
524 4702 666 4758 Luc.
700 4720 740 4774 I,
770 4704 860 4774 30,
894 4704 984 4759 31.
1098 4705 1144 4740 ²⁵
1174 4703 1317 4759 ibid.
1347 4706 1433 4761 34.

1549 4707 1593 4742 ’⁸
1622 4707 1765 4763 Gen.
1799 4725 1862 4778 ιι,
1894 4710 1983 4764 23.
2099 4710 2143 4747 ³⁷
2177 4711 2286 4766 Isa.
2324 4727 2416 4778 XL,
2447 4709 2534 4764 13.
2647 4707 2691 4742 ²⁸
2723 4707 2834 4763 Isa.
2868 4722 2967 4776 v11,
3000 4706 3087 4761 14.

2099 4710 2143 4747 ³⁷
2177 4711 2286 4766 Isa.
2324 4727 2416 4778 XL,
2447 4709 2534 4764 13.

672 4992 753 5051 IN
798 4991 1236 5053 SERMONEM
1281 4993 1383 5053 DE
1430 4996 2079 5058 ANNUN'I‘IA'I‘IONE
2126 4997 2661 5059 SANGTISSIM/E
2703 4997 3074 5057 DEIPARIE
3116 4996 3511 5058 MONITUM.

455 5124 721 5196 Spurium
771 5143 885 5183 esse
931 5126 1079 5183 hunc
1119 5143 1425 5185 sermonem
1470 5144 1633 5186 nemo
1670 5133 1794 5203 jam
1834 5132 2083 5189 eruditus
2110 5150 2223 5189 non
2242 5134 2487 5205 judicat,
2526 5150 2653 5189 cum
2680 5133 2794 5189 sole
2820 5133 3037 5188 clarior
3064 5147 3171 5188 sese
3194 5131 3391 5203 prodat
3419 5131 3553 5203 styli
3582 5130 3811 5203 hujusce

381 5215 449 5269 ab
495 5215 874 5271 Athanasium
922 5216 1322 5289 discrepantia.
1374 5219 1672 5275 Athanasii
1715 5221 1867 5275 enim
1914 5224 2091 5277 oratio
2138 5223 2317 5278 nitida
2362 5238 2610 5293 puraque
2655 5225 2733 5276 est
2779 5239 2798 5275 :
2846 5229 3039 5275 contra
3083 5236 3208 5275 vero
3256 5221 3480 5286 huiusce
3521 5221 3808 5291 scriptoris

383 5304 462 5357 ita
490 5304 762 5374 perplexa
791 5308 842 5361 et
868 5307 1123 5372 obscura,
1150 5310 1209 5360 ut
1238 5307 1333 5361 vix
1366 5308 1711 5378 intelligatur
1743 5325 1754 5364 :
1790 5309 1931 5379 quod
1960 5320 2057 5381 est,
2100 5314 2181 5367 ait
2212 5313 2418 5367 Tullius
2450 5312 2658 5383 (30“),
2692 5312 2753 5365 in
2780 5310 3026 5365 oratione
3059 5310 3255 5363 vitium
3286 5309 3366 5363 vel
3395 5310 3809 5364 maximumAd

378 5390 497 5447 haec
538 5406 703 5462 nugae
733 5393 821 5447 hic
848 5397 1165 5464 comparent
1209 5398 1527 5463 permultae.
1560 5400 1747 5467 sagaci
1794 5400 1981 5469 quovis
2029 5400 2263 5466 homine,
2296 5417 2363 5455 ne
2392 5400 2572 5455 dicam
2603 5399 2906 5455 Athanasio
2932 5398 3217 5469 indigna,
3260 5406 3320 5451 ut
3349 5401 3424 5452 est
3474 5399 3665 5468 inepta
3698 5396 3808 5452 illa

380 5481 714 5551 etymologia
769 5483 915 5536 vocis
971 5480 1146 5547 οὐσία,
1199 5483 1273 5537 ab
1322 5481 1450 5553 ἶσία,
1508 5490 1558 5541 et
1601 5487 1717 5541 alia
1763 5488 2031 5556 eiusmodi
2088 5507 2107 5545 :
2168 5506 2425 5561 vocesque
2472 5490 2777 5559 complures
2812 5486 3114 5541 Athanasio
3164 5488 3381 5554 ignotae,
3424 5491 3485 5540 ut
3512 5490 3639 5541 sunt
3669 5487 3804 5552 illae,

382 5563 812 5636 Θεοϋπόστατος,
847 5564 1427 5640 ἀνθρωποϋπόστατος,
1488 5569 1744 5643 ἀρχίθεος
1785 5577 1837 5629 et
1884 5571 2071 5647 ὑπεράρ

2165 5593 2236 5641 τις,
2267 5584 2318 5630 et
2347 5576 2481 5631 alia?
2510 5590 2643 5645 quas
2684 5576 2815 5629 bene
2842 5573 3064 5637 multas,
3110 5587 3211 5642 pro
3243 5571 3506 5627 brevitate
3534 5572 3805 5643 opusculi,

380 5654 487 5710 huc
527 5657 765 5711 contulit
805 5657 1043 5727 scriptor
1088 5658 1229 5719 iste;
1278 5666 1339 5713 ut
1386 5660 1710 5730 inferiorem
1755 5666 1976 5720 omnino
2020 5663 2368 5721 Gracitatem
2409 5665 2677 5721 redoleat.
2711 5665 2777 5717 Et
2824 5678 2957 5717 sane
2984 5678 3103 5733 quae
3132 5661 3197 5717 de
3227 5661 3443 5718 Christi
3498 5662 3807 5735 hypostasi-

457 5803 654 5878 (30“)
682 5804 762 5862 De
785 5807 1029 5866 orators.
