4120 6394
351 448 469 508 917
1264 441 1531 505 SERMO
1576 441 1654 502 ΙΝ
1700 441 2415 503 ΑΝΝΓΝΤῙΑΤΙΟΝΕΜ
2467 441 2854 502 ΟΕΙΡΑΒᾹΞ.
3649 442 3770 501 918

341 579 536 623 tionem.
567 576 672 620 Hoc
701 576 843 631 igitur
872 575 1015 620 modo
1046 575 1252 618 divinum
1287 575 1632 619 lncarnationis
1664 573 1945 630 mysterium
1979 573 2309 629 praedicantes,
2343 573 2673 617 hmreticorum
2703 573 3033 628 blasphemias
3062 572 3384 628 repudiamus.
3414 572 3460 616 in
3489 572 3657 628 quibus
3685 572 3754 628 ip-

345 655 429 687 sos
462 640 779 693 relinquentes
803 639 1079 682 transimus.
1111 652 1128 679 ll
1163 639 1270 681 Ηερα
1301 645 1482 680 auctor.
1515 637 1609 682 Sed
1639 649 1873 693 quosnam
1905 637 2151 680 hwreticos
2177 641 2328 692 urget.
2361 650 2533 690 qumso.
2562 637 2652 679 nisi
2684 635 3058 680 Monothelitas?
3089 635 3287 686 Quinam
3332 647 3448 678 vero
3497 634 3571 678 vel
3614 634 3764 678 Atha-

343 703 464 748 nasii
493 711 725 757 tempore.
749 702 820 744 vel
855 701 994 744 etiam
1029 706 1134 743 ante
1163 701 1351 743 fuerunt
1383 700 1600 751 hmietici,
1633 700 1708 754 qui
1739 699 1797 742 de
1828 711 1919 742 una
1947 700 1992 740 in
2024 698 2217 742 Christo
2247 700 2537 753 operatione,
2569 707 2614 741 et
2659 699 2795 741 unica
2838 698 3076 741 voluntate
3124 697 3246 740 adeo
3287 697 3508 752 explicito
3554 695 3764 751 disputa-

344 767 449 817 rint,
480 772 528 808 ut
556 763 850 807 incumberet
880 763 1150 806 Athanasio
1180 773 1275 805 tam
1307 771 1478 805 exacta
1507 761 1774 804 deﬁnitione
1797 761 1905 803 illos
1931 773 2133 814 arguere
2154 762 2173 800 ‘?
2207 760 2376 816 Sicque
2409 761 2544 816 plane
2568 762 2670 815 jam
2705 761 2925 815 liquidum
2979 768 3051 803 est
3091 761 3308 803 convinci
3359 773 3418 802 ex
3467 759 3568 802 suis
3610 758 3762 812 ipsius

343 828 507 873 verbis
532 837 794 876 auctorem,
825 838 882 869 ea
914 825 1172 881 scripsisse
1205 833 1310 880 post
1340 833 1558 867 exortam
1588 823 2002 866 Monothelitarum
2038 823 2270 866 hlt'l'eSiln.

399 890 532 935 Vlll.
559 889 881 942 Quamobrem
914 901 973 930 ex
1027 900 1083 930 eo
1133 888 1250 929 mihi
1281 886 1552 929 rec-mandi
1586 886 1889 941 palimorliam
1920 898 2042 928 onus
2066 885 2302 933 incumbit,
2331 883 2455 936 quod
2485 883 2529 925 in
2559 884 2681 925 notis
2713 883 2771 926 ad
2806 885 3070 926 Romanum
3116 883 3508 936 Martyrologium
3539 883 3759 933 dixerim,

347 951 594 994 homiliam
627 951 755 994 illam
788 949 1118 994 ascribendam
1149 961 1260 991 esse
1284 949 1468 1001 Cyrillo
1500 947 1832 990 Alexandrino
1865 947 2020 1003 potius
2050 959 2189 1001 quam
2223 946 2491 989 Athanasio
2526 961 2534 986 :
2564 959 2671 988 cum
2700 947 2880 989 nonnisi
2908 946 3108 988 auctori.
3138 945 3213 999 qui
3244 945 3414 988 vixerit
3460 953 3565 995 post
3603 945 3759 999 prodi-

350 1017 446 1056 tam
474 1013 888 1057 Monothelitarum
922 1012 1138 1055 haeresim
1169 1010 1343 1054 ascribi
1368 1011 1477 1066 jure
1507 1010 1689 1061 valeat;
1712 1016 1894 1052 tantum
1921 1011 2057 1052 abest
2080 1015 2128 1049 ut
2157 1008 2421 1051 concedam
2449 1019 2554 1050 eam
2587 1022 2696 1051 esse
2724 1009 2993 1051 Athanasio
3024 1007 3335 1049 tribuendam.
3371 1006 3464 1050 Sed
3515 1007 3554 1050 si
3595 1007 3638 1048 in
3687 1007 3760 1050 his

342 1075 486 1118 rebus
516 1075 671 1119 dubiis
698 1074 981 1125 coniecturu-
1013 1073 1073 1117 sit
1105 1073 1253 1121 locus,
1286 1073 1509 1121 dicerem,
1542 1071 1602 1115 ob
1633 1071 1986 1114 similitudinem
2018 1070 2240 1120 nominis,
2272 1083 2382 1113 esse
2413 1070 2659 1112 Anastasii
2712 1070 2865 1123 potius
2921 1082 3066 1123 quam
3124 1069 3377 1112 Athanasii
3433 1068 3759 1123 scriptionem,

339 1136 481 1180 illius.
516 1137 723 1192 inquam.
756 1135 1003 1179 Anastasii
1027 1135 1240 1191 episcopi
1269 1133 1561 1177 Antiocheni
1591 1134 1845 1176 sanctitate
1872 1140 1920 1176 et
1948 1132 2212 1176 eruditione
2236 1131 2527 1185 clarissimi;
2558 1133 2698 1187 cujus
2729 1131 2902 1175 nobilis
2953 1131 3122 1186 ingenii
3174 1131 3401 1174 nonnulla
3457 1139 3764 1173 monumenta

341 1205 610 1255 supersunt.
644 1200 754 1243 Haec
781 1199 988 1254 quidem.
1019 1211 1115 1252 quin
1143 1197 1201 1240 de
1233 1197 1498 1240 Athanasio
1529 1196 1655 1239 dicta
1684 1202 1807 1242 sunt.
1844 1195 1968 1238 haud
2000 1194 2244 1237 afﬁrmare
2275 1206 2350 1236 me
2377 1200 2489 1248 puto
2517 1206 2626 1236 cum
2654 1194 2879 1238 Ecclesim
2910 1193 3200 1236 detrimento
3231 1210 3238 1235 :
3266 1205 3359 1236 non
3389 1193 3513 1236 enim
3570 1204 3630 1236 ex
3688 1192 3764 1236 his

336 1254 577 1316 jacturam
609 1261 749 1304 sentit
772 1274 885 1316 qum,
917 1274 1026 1304 cum
1059 1259 1120 1304 sit
1147 1261 1369 1302 columna
1397 1263 1445 1301 et
1474 1258 1826 1301 ﬁrmamentum
1863 1256 2091 1308 veritatis,
2125 1256 2288 1312 procul
2312 1256 2553 1304 abhorret,
2582 1262 2630 1299 ut
2658 1256 2810 1299 instar
2839 1257 3010 1312 Aisopi
3035 1255 3296 1300 Corniculm
3326 1254 3528 1298 ascititia
3572 1260 3764 1310 quierat,

339 1336 448 1367 cum
481 1323 725 1380 pulchrior
748 1335 837 1367 sua
865 1323 1044 1379 fulgeat
1073 1322 1285 1378 simplex
1315 1320 1495 1365 veritas
1520 1320 1742 1364 nuditate.
1777 1320 1915 1372 Vale,
1947 1319 2105 1370 freter,
2138 1319 2321 1374 hasque
2349 1317 2726 1380 accipelitteras
2757 1318 3048 1363 defensionis
3077 1323 3238 1370 testes,
3270 1325 3410 1374 atque
3441 1329 3551 1362 mea:
3575 1328 3696 1373 erga
3718 1323 3764 1361 te

336 1378 673 1430 benevolentia:
703 1391 751 1431 et
773 1378 1086 1431 observantiae
1116 1384 1325 1429 obsides.
1357 1383 1519 1426 Romae
1551 1381 1751 1426 Kalend.
1785 1381 2096 1433 Novembris,
2127 1391 2251 1424 anno
2282 1380 2469 1424 Domini
2502 1378 2624 1426 1592.

2873 1442 3054 1488 CESAR
3077 1444 3355 1489 BAaomus.

1521 1607 1646 1657 ΤΟΥ
1682 1608 1771 1657 ΕΝ
1809 1607 2040 1658 ΑΓΙΟΙΣ
2079 1604 2346 1658 ΠΑΤΡΟΣ
2387 1603 2582 1659 ΗΜΩΝ

1691 1724 2422 1820 ΑΘΑΝΑΣΙΟΥ

906 1871 1241 1945 Κηρυκτικὸν
1275 1869 1351 1933 εἷς
1379 1871 1472 1926 τὸν
1523 1868 1910 1947 εὐαγγελισμὸν
1941 1871 2042 1938 τῆς
2074 1867 2363 1945 ὑπεραγίας
2394 1867 2694 1940 Δεσποίνης
2725 1871 2883 1943 ἡμῶν
2919 1869 3206 1927 Θεοτόκου.

1451 2061 1542 2158 s.
1617 2061 1714 2152 P.
1788 2059 1896 2154 N.
1972 1989 2654 2153 ᾸῙΓΗΑΝΑΞΠ

981 2210 1166 2267 Sermo
1191 2211 1250 2266 in
1281 2212 1774 2268 Annuntiatz‘onem
1801 2211 2170 2268 sanctissimae
2203 2212 2450 2266 Dominw
2472 2219 2673 2269 nostra?
2703 2213 2952 2284 Deiparw
2982 2211 3118 2284 (3'2).

2021 2343 2098 2354 c—

410 2435 458 2489 1.
492 2430 632 2493 Τοὺς
663 2429 840 2494 θείους
873 2432 1232 2506 ἱεροκήρυκας
1280 2433 1348 2485 ού
1390 2433 1526 2504 πρὸς
1570 2433 1669 2500 τὴν
1721 2430 1989 2486 ἀσθένειαν

2178 2435 2224 2487 1.
2253 2433 2426 2489 Divos
2449 2451 2752 2490 sacrarum
2775 2451 2969 2490 rerum
2993 2452 3313 2508 praecones,
3338 2453 3455 2493 non
3507 2435 3761 2493 infirmi-

336 2527 438 2588 τῆς
472 2518 779 2594 ἀκροάσεως
813 2516 892 2573 δεῖ
924 2514 1275 2575 ἀποϐλέπειν·
1315 2519 1461 2575 ἀλλὰ
1503 2522 1640 2596 πρὸς
1687 2523 1786 2590 τὴν
1837 2520 2018 2575 ἀπαισ-Δ

341 2606 615 2679 τουμένην
663 2605 913 2678 δύναμιν,
965 2608 1054 2662 καὶ
1106 2608 1379 2678 ὑπόθεσιν,
1430 2608 1745 2674 καὶαίτίαν,
1795 2612 1854 2678 ἣν
1885 2609 2000 2664 ἐπι-

344 2700 706 2771 θεωροῦντας,
783 2699 1025 2771 προσῆκε
1092 2699 1586 2773 καταστοχάζεσθαι
1656 2703 1754 2752 τοῦ
1823 2698 1999 2771 κηρύ-

341 2805 568 2860 γματος.
613 2785 705 2838 Διὸ
736 2784 824 2838 καὶ
858 2789 945 2837 νῦν
980 2784 1068 2839 ἐπὶ
1102 2786 1162 2839 τὸ
1211 2787 1470 2862 κήρυγμα
1496 2791 1594 2841 τοῦ
1628 2787 1771 2842 θείου
1823 2787 1998 2862 Εὐαγ-

337 2873 531 2948 γελίου
590 2879 688 2941 τῆς
737 2872 1002 2928 Θεοτόκου
1052 2873 1140 2928 καὶ
1192 2876 1416 2950 Μητρὸς
1463 2874 1560 2930 τοῦ
1601 2881 1733 2931 Θεοῦ
1763 2877 1997 2946 ἥκοντας

336 2963 516 3033 ἡμᾶς,
557 2962 646 3015 καὶ
695 2965 854 3016 τοῦτο
911 2960 1215 3032 μέλλοντας
1264 2963 1650 3040 ἀνακηρύττειν
1702 2967 1839 3040 πρὸς
1871 2987 1997 3020 συν-

337 3047 548 3104 έλευσιν
766 3057 865 3119 τῆς
919 3051 1134 3126 ἑορτῆς,
1182 3052 1412 3125 ἀνάγκη,
1461 3055 1582 3117 καθ’
1625 3053 1875 3108 ὑπόθεσιν
1907 3055 1997 3110 καὶ

335 3137 510 3192 αἷτίαν
556 3144 656 3206 τῆς
699 3137 934 3212 ἀσάρκου
983 3139 1073 3194 καὶ
1126 3139 1384 3215 ὑπερθέου
1435 3139 1684 3216 Τριάδος,
1731 3145 1828 3211 τήν
1865 3143 1997 3220 σάρ-

334 3248 504 3282 κωσιν
550 3231 648 3282 τοῦ
699 3228 815 3289 ἑνὸς
863 3235 964 3297 τῆς
1019 3228 1167 3304 ἁγίας
1213 3228 1440 3304 Τριάδος
1487 3231 1812 3295 ἀνατιθέναι.
1874 3234 1993 3287 Ἐὰν

335 3315 438 3392 γὰρ
467 3317 542 3389 μὴ
577 3314 1040 3390 προδιαπελῆται
1069 3320 1207 3391 (33")
1239 3319 1305 3373 τά
1337 3319 1458 3394 περὶ
1491 3319 1743 3392 Τριάδος,
1777 3322 1843 3376 τά
1871 3322 1995 3397 περὶ

331 3409 431 3459 τοῦ
466 3404 582 3467 ἐνὸς
617 3407 982 3477 σαρκωθὲντος
1031 3411 1150 3470 πῶς
1190 3406 1534 3482 ἐξέλθωμεν;
1595 3409 1798 3464 Οὐκοῦν
1851 3408 1993 3483 δέον,

338 3493 538 3549 ἐκεῖθεν
601 3495 1031 3571 ἐπαναγαγόντας
1086 3497 1177 3552 τὸν
1234 3495 1426 3572 λόγον,
1502 3501 1857 3575 μετέρχεσθαι
1916 3499 1993 3564 εἷς

334 3583 402 3638 τὰ
430 3584 568 3638 κατά
623 3585 720 3653 τὴν
776 3585 1063 3657 σάρκωσιν,
1113 3585 1204 3641 καὶ
1250 3586 1423 3649 οὓτως
1455 3587 1521 3642 τὰ
1546 3590 1681 3642 κατά
1709 3590 1801 3643 τὸν
1835 3588 1992 3664 εὐαγ-

336 3671 601 3747 γελισμὸν
653 3672 932 3728 ἐπακούειν
990 3675 1122 3748 (34).
1172 3675 1275 3731 Καὶ
1323 3675 1585 3754 πρότερον
1633 3676 1990 3751 ἐπισημαινό-

341 3783 518 3835 μενοι,
571 3761 1155 3836 ὑπαναμιμνήσκομεν,
1219 3763 1301 3820 ὅτι
1363 3765 1458 3838 μία
1509 3771 1617 3822 τῶν
1657 3765 1986 3823 δεσποτικῶν
2023 3803 2069 3868 Β

435 3851 446 3868 ι
754 3850 767 3868 ι
874 3851 884 3868 ι
1163 3854 1175 3868 .
1303 3855 1316 3868 .
1512 3855 1523 3868 .
1627 3857 1639 3868 .
1747 3860 1773 3868 -

333 3851 526 3924 πρώτη
581 3872 640 3905 τε
680 3850 769 3905 καὶ
816 3851 1116 3915 πάνσεπτος
1162 3854 1348 3929 ἑορτή,
1397 3855 1534 3909 κατὰ
1581 3857 1680 3925 τὴν
1709 3860 1813 3910 τῶν
1847 3877 1985 3932 προι-

331 3939 558 4016 γμάτων
607 3939 755 4011 τάξιν
802 3940 892 3995 καὶ
937 3940 1176 4012 σύνταξιν
1223 3946 1332 3997 τῶν
1384 3942 1752 4016 ὑποκειμένων
1793 3945 1844 3999 ἐν
1873 3949 1986 4006 τοῖς

328 4030 466 4084 κατὰ
521 4030 750 4105 Χριστὸν
808 4030 1191 4106 κηρύγμασιν,
1267 4032 1630 4108 ὑπάρχουσα,
1691 4038 1785 4087 τοῦ
1843 4033 1986 4098 θείου

338 4118 736 4194 εὐαγγελισμοῦ
782 4119 962 4188 κλητή
996 4118 1125 4194 ἀγία
1154 4121 1354 4197 ἡμέρα,
1389 4121 1513 4192 περὶ
1542 4129 1641 4191 τῆς
1675 4121 1724 4191 ἐξ
1758 4121 1987 4196 ούρανοῦ

337 4202 682 4270 καταϐάσεως
733 4212 830 4263 τοῦ
875 4209 1005 4263 Υῖοῦ
1050 4213 1147 4264 τοῦ
1197 4214 1330 4266 Θεοῦ
1377 4209 1756 4279 κατασκευάζει
1795 4210 1856 4265 τὸ
1887 4213 1987 4280 κή-

332 4318 517 4373 ρυγμα
546 4341 558 4353 .
621 4297 720 4351 Καὶ
779 4298 882 4374 γὰρ
930 4296 1259 4354 κατελθόντα
1305 4298 1463 4353 αὐτὸν
1496 4298 1556 4353 ἐκ
1597 4303 1704 4354 τῶν
1747 4299 1985 4375 οὐρανῶν

333 4384 692 4459 πιστεύομεν,
768 4387 945 4449 καθὼς
1016 4387 1106 4442 καὶ
1169 4383 1462 4444 ἀνελθόντα
1519 4385 1985 4464 διομολογοῦμεν.

335 4476 461 4530 Δέον
520 4474 722 4547 τοίνυν,
761 4474 1204 4550 ἐπειλημμένους
1262 4482 1360 4531 τοῦ
1417 4477 1560 4532 θείου
1611 4478 1985 4554 κηρύγματος,

334 4562 532 4618 ἐκεῖθεν
590 4561 862 4638 ἄρξασθαι,
924 4563 1044 4619 ὅθεν
1099 4566 1188 4620 καὶ
1243 4563 1652 4622 διαστέλλεσθαι
1705 4564 1987 4638 δυνήσεται

333 4651 403 4706 τὰ
431 4651 721 4729 λεγόμενα.

406 4744 460 4799 2.
494 4741 826 4816 Πιστεύομεν
874 4747 1166 4818 τοιγαροῦν
1216 4743 1293 4806 εἷς
1344 4743 1574 4821 Πατέρα,
1603 4746 1692 4800 καὶ
1724 4745 1867 4818 Υἱὸν,
1899 4745 1988 4801 καὶ

336 4829 492 4907 ἃγίον
526 4835 769 4904 Πνεῦμα,
812 4829 1012 4908 Ἑριάδα
1041 4833 1406 4904 ὑποστάσεων,
1439 4832 1799 4890 ἀδιάσπαστον
1832 4835 1988 4912 ἐχόν-

332 4940 439 4975 των
491 4921 590 4988 τὴν
649 4917 927 4994 διαίρεσιν,
979 4921 1066 4975 καὶ
1109 4922 1208 4990 τὴν
1258 4917 1446 4977 ἕνωσιν
1494 4923 1820 4999 ἀσύγχυτον.
1855 4922 1990 4978 Οὐδὲ

333 5007 434 5085 γὰρ
466 5010 602 5064 κατὰ
650 5012 884 5079 τοπικὴν
937 5007 1210 5065 διάστασιν
1257 5012 1353 5080 τὴν
1388 5009 1644 5088 διαίρεσιν
1677 5017 1784 5067 τῶν
1819 5013 1987 5088 ἁγίων

332 5102 497 5171 τριῶν
540 5104 847 5175 θεαρχικῶν
893 5099 1233 5155 ὑποστάσεων
1287 5095 1677 5176 πρεσϐεύομεν,
1711 5100 1836 5156 οίδὶ
1865 5124 1990 5178 συγ-

336 5189 570 5262 χυτικὴν
602 5191 701 5258 τήν
749 5185 964 5244 ἕνωσιν⁸
1021 5187 1146 5244 ἀλλ’
1195 5188 1511 5246 ἀδιάστατον
1555 5192 1653 5260 τήν
1705 5190 1987 5266 διαίρεσιν,
2023 5173 2064 5240 C

337 5276 427 5330 καὶ
472 5277 782 5354 ἀσύγχυτον
831 5280 931 5348 τὴν
971 5277 1186 5351 ἕνωσιν,
1235 5276 1290 5334 ἓν
1323 5275 1499 5354 ὄνομα
1526 5282 1608 5351 τὸ,
1644 5281 1794 5354 Θεὸς,
1827 5277 1986 5357 ἕχον-

333 5385 399 5420 τα
448 5368 560 5440 (35)
609 5368 744 5422 κατὰ
796 5366 921 5440 μίαν
976 5365 1182 5442 μονάδα
1231 5370 1554 5432 συστάσεως.
1599 5369 1747 5426 Ἐπεὶ
1779 5369 1866 5424 καὶ
1898 5366 1992 5424 ἕνα

405 5490 523 5584 (322
551 5491 876 5584 Titulu‘snin
907 5493 1081 5580 Basil.
1120 5498 1179 5584 et
1196 5494 1368 5584 ‘Felc.
1418 5497 1488 5552 6:
1540 5499 1659 5584 Τοῦ,
1689 5493 1838 5584 ὁσίοιυ
1887 5514 1989 5584 πει-

335 5561 465 5635 τρὸς
497 5564 656 5634 ἡμῶν
715 5564 894 5620 Ἀθαν.
948 5565 1077 5638 ἀρχ.
1129 5561 1306 5633 Ἀλεξ.
1365 5566 1710 5640 κηρυκτικόν,
1762 5573 1873 5623 etc.
1926 5569 1990 5623 In

337 5633 589 5705 Anolic._
627 5653 760 5692 vero
789 5654 801 5692 :
858 5638 963 5688 T06
1021 5633 1170 5689 ὁσίου
1201 5656 1326 5691 πατ.
1359 5638 1462 5705 ἡμ.
1497 5640 1611 5696 Ἀθ.
1644 5637 1990 5705 πατριάρχαυ

341 5657 567 5690 ΛΠΟΙΙΕ.
627 5657 760 5692 vero
789 5657 801 5692 ἶ
867 5657 963 5688 1ου
1021 5657 1170 5689 οσιου
1201 5657 1326 5691 πατ.
1359 5657 1462 5708 ημ.
1497 5657 1611 5696 VA“.
1644 5657 1924 5715 πατριαρχ

341 5702 863 5782 Ἀλεξανδρείας-,εἰς
901 5707 993 5782 τὸν
1025 5705 1476 5782 εὖοιγγελισμόνη-

411 5777 525 5850 (33)
556 5777 711 5836 Edit.
740 5779 1018 5838 Gommel.
1051 5777 1195 5851 sola,
1228 5777 1669 5855 προσυνὲλευσιν.

2107 2527 2286 2577 tatem
2322 2523 2654 2579 auditorum
2687 2529 2952 2596 spectare
2983 2530 3210 2596 Oportet
3237 2544 3249 2593 ;
3285 2527 3386 2582 sed
3417 2525 3761 2597 requisitam

2105 2611 2247 2678 vim,
2280 2617 2692 2683 argumentum
2725 2622 2782 2668 et
2833 2630 3110 2669 causam:
3173 2631 3351 2685 quam
3413 2632 3531 2685 praa
3577 2615 3762 2671 oculis

2107 2700 2408 2766 habentes,
2443 2702 2512 2755 de
2545 2702 2953 2773 przedicatione
2985 2703 3379 2773 conjecturam
3410 2703 3598 2760 facere
3630 2721 3762 2760 con-

2107 2789 2284 2845 venit.
2321 2791 2507 2854 Quare
2537 2790 2713 2845 etiam
2747 2808 2903 2846 nunc
2935 2792 3005 2846 ad
3051 2792 3523 2863 praedicationem
3573 2795 3760 2850 divini

2107 2877 2400 2950 Evangelii
2433 2879 2504 2935 de
2538 2879 2800 2951 Deipara,
2827 2896 2892 2934 ac
2925 2884 3110 2934 matre
3153 2881 3253 2935 Dei
3304 2898 3410 2936 nos
3459 2882 3760 2939 conferen-

2107 2973 2214 3036 tes,
2249 2967 2649 3023 concionaturi
2677 2969 2747 3022 ad
2781 2973 3133 3023 conventum
3169 2969 3499 3024 festivitatis
3557 2971 3760 3041 hujus,

2108 3057 2504 3112 necessarium
2547 3061 2636 3112 est
2684 3061 2748 3112 ut
2794 3058 2851 3111 in
2905 3061 3254 3129 argumenta
3303 3059 3657 3130 incorporeas
3707 3067 3764 3114 et

2105 3146 2487 3200 divinissimaa
2509 3145 3312 3211 Trinitatis,incarnationem
3340 3147 3514 3203 unius
3534 3165 3604 3203 ex
3630 3147 3763 3202 Per-

2107 3235 2268 3291 sonis
2299 3235 2562 3304 ejusdem
2595 3235 2899 3290 Trinitatis
2932 3235 2988 3289 in
3023 3235 3284 3290 medium
3337 3253 3755 3308 proponamus.

2105 3324 2223 3380 Nisi
2248 3325 2404 3378 enim
2429 3324 2700 3379 distincte
2729 3325 2798 3379 de
2821 3324 3107 3379 Trinitate
3151 3328 3349 3380 actum
3402 3326 3596 3393 fuerit,
3626 3344 3756 3397 quae

2107 3414 2177 3468 ad
2203 3429 2382 3468 unam
2408 3430 2714 3483 personam
2740 3414 3104 3469 incarnatam
3127 3415 3442 3484 pertinent,
3469 3416 3761 3487 quomodo

2105 3502 2350 3574 expendi
2401 3502 2718 3574 poterunt?
2767 3502 3151 3566 Quamobrem
3206 3520 3312 3574 par
3360 3507 3450 3559 est
3492 3509 3557 3559 ut
3625 3505 3760 3562 inde

2103 3593 2620 3658 orsi,transeamus
2636 3593 2706 3647 ad
2731 3609 2798 3647 ea
2815 3609 2940 3664 quis
2961 3593 3429 3649 Incarnationem
3464 3598 3762 3665 spectant,

2102 3687 2278 3754 atque
2307 3683 2387 3737 ita
2416 3683 2488 3736 de
2519 3681 2979 3737 Annuntiatione
3011 3685 3438 3752 consequenter
3465 3683 3640 3738 verba
3674 3683 3755 3738 fa-

2103 3771 2348 3825 ciamus.
2377 3774 2460 3824 Ac
2491 3770 2748 3842 primum
2783 3769 3016 3840 quidem
3051 3769 3197 3825 illud
3234 3769 3528 3825 memoriae
3564 3769 3750 3839 subji—

2099 3860 2370 3915 ciendum
2405 3859 2700 3924 duximus,
2735 3875 2912 3914 unam
2946 3875 3013 3914 ex
3045 3858 3364 3914 Dominicis
3423 3857 3750 3914 festivitati-

2096 3947 2228 4013 bus,
2262 3948 2513 4002 maxime
2541 3948 2954 4016 venerandam,
3006 3951 3062 4003 et
3111 3946 3356 4018 primam
3411 3947 3615 4002 ordine
3664 3964 3752 4003 re-

2097 4053 2226 4091 rum
2254 4037 2796 4106 pertractandarum
2818 4037 2877 4090 in
2906 4036 3418 4107 praedicationibus
3439 4051 3569 4104 quaa
3591 4035 3769 4092 Chri--

2098 4129 2255 4179 stum
2282 4124 2622 4195 respiciunt,
2649 4141 2776 4196 quae
2800 4125 3008 4178 divinae
3026 4123 3503 4179 Annuntiationis
3549 4129 3754 4180 sancta

2097 4214 2222 4269 dies
2271 4217 2666 4284 nuncupatur,
2726 4214 3074 4268 descensum
3135 4213 3266 4267 Filii
3324 4213 3426 4268 Dei
3483 4229 3551 4268 ex
3607 4215 3751 4269 ccelo

2097 4302 2463 4358 denuntiare.
2497 4302 2614 4356 Nos
2645 4301 2802 4356 enim
2860 4317 2995 4356 eum
3047 4301 3118 4355 de
3177 4301 3319 4356 coelo
3377 4301 3753 4358 descendisse

2097 4392 2417 4458 credimus,
2454 4397 2518 4446 ut
2547 4395 2604 4446 et
2659 4391 2931 4445 eumdem
2991 4391 3328 4446 ascendisse
3384 4391 3746 4448 conﬁtemur.

2097 4485 2335 4553 Oportet
2364 4480 2545 4553 igitur
2575 4496 2682 4535 nos
2721 4478 2919 4535 divina
2967 4479 3378 4551 praedicatione
3419 4478 3746 4548 institutos,

2099 4572 2236 4626 inde
2265 4570 2440 4625 ordiri
2474 4585 2829 4635 sermonem,
2864 4569 3020 4623 unde
3051 4585 3179 4638 quae
3211 4567 3623 4640 pertractanda
3645 4586 3751 4624 no-

2100 4661 2190 4716 bis
2218 4664 2375 4727 sunt,
2410 4660 2591 4731 probe
2621 4657 2905 4730 distingui
2938 4661 3238 4729 poterunt.

2172 4751 2320 4806 335
2355 4752 2408 4802 2.
2436 4748 2741 4804 Credimus
2772 4747 2971 4819 itaque
2994 4747 3054 4802 in
3085 4751 3340 4813 Patrem,
3372 4752 3428 4802 et
3456 4747 3756 4820 Filium,et

2099 4838 2379 4910 Spiritum
2425 4845 2715 4902 sanctum,
2764 4835 3112 4892 Trinitatem
3153 4837 3582 4909 hypostasium,
3625 4855 3752 4910 qua:

2100 4926 2717 5004 distinctioneminter
2739 4942 2800 4981 se
2823 4925 3041 4982 habent
3063 4925 3558 4992 indissolubilem,
3593 4931 3650 4982 et
3669 4927 3756 4982 in-

2099 5016 2406 5073 confusam
2425 4995 2730 5071 iiuionem.
2764 5019 2888 5070 Non
2912 5014 3068 5070 enim
3092 5015 3418 5072 secundum
3447 5015 3756 5072 intervalla

2101 5106 2385 5170 locorum,
2435 5103 2874 5159 distinctionem
2917 5103 3099 5160 trium
3148 5109 3484 5159 sanctarum
3529 5103 3752 5159 divina-

2097 5209 2347 5264 rumque
2383 5192 2794 5265 hypostasium
2821 5192 3426 5264 predioamusmeque
3448 5191 3753 5248 confusam

2099 5283 2414 5352 unionem;
2450 5283 2549 5337 sed
2584 5280 3020 5337 distinctionem
3055 5280 3182 5335 sine
3216 5279 3337 5335 ulla
3365 5279 3665 5351 distantia,
3698 5287 3756 5337 et

2097 5371 2470 5428 inconfusam
2503 5371 2805 5436 unionem,
2835 5369 2929 5424 cui
2972 5385 3185 5425 nomen
3216 5385 3400 5424 unum
3434 5373 3542 5436 est,
3575 5369 3752 5442 Deus,

2172 5496 2312 5565 (33')
2374 5496 2435 5551 F.
2493 5491 2875 5569 προδιασταλῇ
2933 5491 3047 5560 καί,
3106 5491 3196 5549 vel
3252 5487 3754 5566 προδιαστέλληται

2101 5571 2138 5621 Ε
2242 5610 2254 5622 .

2147 5585 2285 5711 oga)
2318 5636 2651 5711 Ἐπακούειν.
2689 5643 2764 5711 De
2795 5635 2950 5711 vocis
2999 5636 3179 5706 hujus
3226 5635 3405 5692 variis
3453 5635 3751 5709 signiﬁca-

2099 5709 2366 5768 ti0nibus
2395 5710 2636 5767 consule
2669 5709 3067 5766 Onomasticon.

2173 5784 2285 5857 (35)
2321 5784 2378 5840 F.
2413 5776 2643 5858 ἔχουσαν
2654 5824 2665 5836 .
