4120 6420
317 16 1495 47 ...ιρι-Μ
537 29 546 32 ·’
663 16 698 24 “τ
733 16 804 22 ἯὟ-
935 16 938 18 ⁷
997 16 1009 18 ﬂ

315 424 432 488 919

316 558 638 615 secundum
671 575 849 614 unam
881 559 1351 633 singularitatem
1384 558 1844 616 constitutionis.
1876 557 1964 612 Si-

2096 555 2206 610 Dsov
2240 553 2293 609 ἐν
2319 550 2506 630 Τριάδι
2567 554 2876 630 προσώπων
2925 554 3438 633 καθομολογοῦμεν,
3465 558 3530 612 τὸ
3579 553 3740 635 ἄναρ-

317 649 555 720 quidem
579 665 768 704 unum
791 649 982 705 Deum
1007 651 1065 705 in
1090 650 1377 705 Trinitate
1400 665 1780 722 personarum
1797 647 1971 703 conﬁ-

1487 428 1556 490 S.
1597 426 2120 489 ATHANASIUS.
2155 458 2231 471 -—
2260 424 2568 487 SPURIA.

3620 429 3742 491 920

2081 665 2182 720 χον
2215 644 2304 699 καὶ
2336 643 2571 720 ἄχρονον
2606 642 2726 708 λαθ⁹
2758 644 2985 716 ἑκάστην
3031 649 3140 700 τῶν
3187 645 3352 723 ἁγίων
3399 649 3566 722 τριῶν
3611 657 3740 721 θαρ-

319 743 534 805 temur,
569 737 802 794 nullum
830 739 1208 810 principium,
1241 738 1595 809 nullumque
1626 745 1878 808 tempus,
1911 736 1972 790 in

2096 739 2256 811 χικῶν
2310 733 2652 789 ὑποστάσεων
2711 733 3016 806 τάττοντες,
3074 733 3211 790 κατᾶ
3247 736 3346 803 τὴν
3398 754 3742 813 χαρακτηρι-

319 845 676 900 unaquaque
706 833 1048 884 sanctarum
1081 828 1532 902 divinarumque
1569 827 1975 901 hypostasium

319 919 766 986 constituentes,
793 919 962 988 juxta
993 917 1345 990 peculiarem
1387 935 1591 974 earum
1648 917 1974 990 proprieta-

317 1012 458 1063 tem:
477 1007 1385 1079 Patrem,ingenitum,dicentes,
1409 1007 1642 1075 Filium,
1668 1007 1933 1079 genitum
1961 1023 1974 1073 ;

318 1097 604 1169 Spiritum
636 1101 931 1166 sanctum,
961 1095 1393 1166 procedentem.
1420 1096 1651 1151 Patrem
1674 1095 1800 1151 sine
1823 1094 1980 1167 prin-

321 1185 476 1258 cipio
509 1190 566 1242 et
597 1184 723 1240 sine
778 1190 1042 1256 tempore
1099 1201 1230 1240 esse
1286 1185 1716 1252 existimantes,
1765 1181 1978 1240 Filium

323 1275 452 1332 sine
484 1273 770 1347 principio
803 1278 861 1328 et
893 1273 1020 1328 sine
1053 1278 1314 1346 tempore
1345 1273 1750 1346 praedicantes,
1793 1271 1977 1345 Spiri-

325 1368 452 1421 tum
485 1367 756 1420 sanctum
791 1362 918 1418 sine
945 1362 1230 1435 principio
1262 1367 1321 1418 et
1348 1365 1475 1418 sine
1507 1366 1769 1434 tempore
1793 1361 1980 1417 conﬁ-

327 1458 553 1509 tentes:
581 1470 695 1508 non
729 1457 793 1507 ut
823 1453 983 1524 prior
1010 1452 1089 1507 sit
1109 1456 1301 1519 Pater,
1333 1451 1620 1524 posterior
1652 1451 1832 1506 Filius
1888 1449 1981 1506 vel

329 1543 585 1616 Spiritus
618 1547 881 1612 sanctus,
915 1541 1015 1597 sed
1047 1541 1228 1597 simul
1286 1545 1515 1597 Patrem
1565 1545 1622 1597 et
1668 1539 1878 1596 Filium
1926 1543 1982 1596 et

329 1632 612 1704 Spiritum
645 1635 940 1700 sanctum,
983 1631 1310 1686 secundum
1359 1647 1538 1686 unam
1590 1630 1876 1702 principio
1925 1633 1983 1686 et

329 1726 591 1792 tempore
615 1724 934 1786 carentem,
957 1737 1022 1775 ac
1045 1720 1672 1791 supersubstantialem
1699 1720 1981 1774 unitatem

330 1809 683 1866 exsistentize
706 1809 985 1865 colentes:
1011 1826 1195 1864 unum
1219 1809 1405 1865 Deum
1431 1809 1489 1864 in
1511 1809 1701 1864 tribus
1724 1811 1982 1881 proprie-

2085 827 2272 894 στικὴν
2305 824 2479 879 αὐτῶν
2528 821 2800 895 ῗδιότητα·
2835 823 2886 878 ἐν
2918 823 3088 900 Πατρὶ
3118 825 3182 878 τὸ
3214 823 3533 900 ἀγέννητον,
3569 825 3619 881 ἐν
3651 830 3732 898 τῷ

2087 915 2197 987 Υἱῷ
2251 915 2314 969 τὸ
2365 911 2626 989 γεννητὸν
2686 912 2737 967 ἐν
2799 917 2877 984 τῷ
2936 913 3212 986 Πνεύματι
3265 915 3328 968 τὸ
3385 913 3734 990 ἐκπορευτόν·

2087 1007 2323 1080 ἄναρχον
2357 1003 2446 1057 καὶ
2477 1004 2708 1078 ἄχρονον
2741 1003 2830 1057 τὸν
2864 1001 3074 1078 Πατέρα
3122 1000 3458 1073 δοξάζοντες.
3503 1005 3742 1080 ἄναρχον

2087 1092 2176 1147 καὶ
2235 1089 2470 1168 ἄχρονον
2514 1090 2607 1145 τὸν
2661 1092 2782 1146 Υἱὸν
2830 1090 3315 1167 καταγγέλλοντες,
3376 1090 3614 1168 ἄναρχον
3655 1091 3746 1148 καὶ

2090 1182 2325 1256 ἄχρονον
2377 1181 2441 1237 τὸ
2500 1185 2718 1254 Πνεῦμα
2771 1182 2836 1236 τὸ
2890 1181 3041 1257 ἄγιον
3092 1181 3618 1258 καθομολογοῦντες·
3681 1181 3745 1236 οὑ

2087 1271 2350 1347 πρότερον
2404 1272 2495 1326 τὸν
2545 1272 2776 1346 Πατέρα,
2834 1271 2925 1324 καὶ
2957 1270 3177 1347 ὕστερον
3205 1271 3298 1327 τὸν
3331 1272 3476 1341 Υἱὸν,
3535 1270 3624 1326 καὶ
3680 1271 3744 1326 τὸ

2090 1365 2332 1434 Πνεῦμα,
2407 1358 2532 1416 ἀλλ’
2605 1359 2720 1434 ἃμα
2804 1359 3035 1436 Πατὲρα,
3095 1359 3186 1415 καὶ
3240 1361 3387 1431 Υἱὸν,
3446 1361 3535 1415 οιαὶ
3597 1360 3747 1436 ἅγιον

2093 1454 2330 1522 Πνεῦμα,
2359 1451 2496 1504 κατᾶ
2529 1451 2655 1522 μίαν
2707 1451 2942 1525 ἄναρχον
3001 1449 3090 1505 διαἱ
3143 1447 3378 1526 ἄχρονον
3428 1449 3749 1525 ὑπερούσιον

2095 1537 2302 1613 μονάδα
2331 1537 2607 1615 ὑπάρξεως
2639 1533 2908 1610 σέϐοντες,
2951 1534 3046 1593 ἕνα
3074 1540 3202 1594 Θεὸν
3255 1537 3307 1593 ἐν
3364 1538 3541 1615 τρισὶν
3607 1536 3748 1594 ἰδιό-

2089 1649 2214 1698 τησι
2281 1627 2620 1689 πιστεύοντες
2676 1627 2766 1685 καὶ
2826 1627 3053 1698 ἀληθῶς
3113 1625 3448 1698 δοξάζοντες,
3504 1627 3618 1704 ὀὐχ
3674 1628 3750 1690 ὡς

2092 1715 2263 1774 ἄλλον
2298 1717 2426 1773 Θεὸν
2457 1718 2547 1772 τὸν
2582 1715 2794 1792 Πατέρα
2821 1713 3269 1794 προῦπάρχοντα,
3293 1717 3383 1772 καὶ
3416 1715 3586 1772 ἄλλον
3619 1721 3746 1773 Θεὸν

2090 1808 2181 1862 τὸν
2233 1807 2354 1862 Υἱὸν
2397 1806 2616 1883 ὕστερον
2663 1806 3070 1882 ἐπεισάχθέντα,
3130 1806 3220 1861 καὶ
3270 1805 3440 1862 ἄλλον
3500 1806 3629 1861 Θεὸν
3687 1807 3750 1862 τὸ

329 1899 553 1955 tatibus
584 1899 906 1965 credentes,
939 1913 1191 1969 vereque
1217 1897 1641 1971 gloriﬁcantes:
1666 1914 1780 1954 non
1812 1899 1981 1970 quasi

2096 1900 2312 1970 Πνεῦμα
2342 1897 2404 1952 τὸ
2461 1896 2610 1972 ἅγιον
2665 1895 3029 1964 ἐπινοηθὲντα,
3073 1895 3210 1950 κατὰ
3263 1894 3391 1958 τοὺς
3443 1895 3750 1972 αἱρετικοὺς

333 1987 516 2045 alium
556 1989 734 2044 Deum
765 1987 994 2042 Patrem
1019 1987 1182 2059 prius
1213 1987 1614 2054 exsistentem,
1646 2004 1751 2043 nec
1799 1986 1982 2043 alium

336 2076 521 2132 Deum
556 2075 766 2131 Filium
789 2075 1081 2146 posterius
1115 2075 1556 2140 inductum,nec
1587 2075 1770 2131 alium
1800 2075 1986 2132 Deum

335 2163 620 2237 Spiritum
654 2167 921 2219 sanctum
954 2170 1157 2236 postea
1194 2165 1611 2237 excogitatum,
1657 2165 1986 2221 secundum

337 2252 737 2326 blasphemiae
768 2251 1170 2308 haereticorum
1197 2271 1211 2321 ;
1245 2254 1343 2309 sed
1375 2270 1560 2308 unum
1594 2258 1773 2310 Deum
1803 2255 1864 2310 in
1887 2257 1988 2311 tri-

2101 1984 2579 2064 βλασφημοῦντας·
2641 1983 2770 2041 ἀλλ’
2809 1981 2904 2040 ἕνα
2951 1985 3078 2040 Θεὸν
3131 1983 3182 2039 ἰν
3224 1985 3398 2061 τρισὶν
3429 1984 3750 2040 ὑποστάσεσι

2096 2075 2498 2151 θεολογοῦντες,
2553 2073 2678 2148 μίαν
2724 2073 2924 2151 ἔχοντα
2967 2075 3066 2142 τὴν
3099 2073 3307 2144 οὐσίαν,
3337 2074 3428 2129 καὶ
3458 2075 3557 2144 τὴν
3589 2071 3750 2130 δύνα-

2101 2188 2214 2240 μιν,
2245 2165 2333 2220 καὶ
2363 2166 2462 2234 τὴν
2493 2164 2782 2240 ἒνὲργειαν,
2815 2162 2905 2219 καὶ
2936 2161 3036 2218 ὅσα
3065 2161 3210 2218 ἄλλα
3253 2163 3378 2239 περὶ
3426 2164 3525 2233 τὴν
3571 2161 3752 2218 οὑσίαν

2098 2258 2380 2331 θεωρεῖται
2409 2257 2522 2328 (36)
2552 2251 2958 2328 θεολογούμενα
2986 2252 3076 2307 καὶ
3108 2251 3438 2326 ὑμνούμενα,

329 2343 440 2398 bus
463 2342 884 2415 hypostasibus
907 2358 1035 2398 esse
1057 2343 1544 2412 docentes,unam
1590 2343 1803 2400 habere
1841 2349 2266 2419 substantiam,
2309 2346 2587 2403 virtutem
2627 2349 2686 2402 et
2716 2344 3062 2416 efﬁcaciam,
3110 2349 3169 2399 et
3222 2349 3590 2416 quaecunque
3637 2343 3753 2400 alia

329 2431 402 2487 de
441 2431 778 2487 substantia
804 2432 1269 2497 considerantur,
1303 2431 1629 2504 theologice
1651 2434 1953 2505 docentur,
1987 2437 2378 2494 celebrantur.

398 2539 452 2594 3.
485 2539 554 2594 Et
583 2544 648 2594 ut
679 2538 986 2595 formulam
1041 2539 1296 2595 sermoni
1337 2540 1566 2609 demus,
1600 2557 1827 2597 necnon
1870 2542 1988 2615 pls-

327 2627 658 2684 nitudinem
717 2631 778 2683 et
829 2628 1426 2695 consummationem,
1483 2647 1608 2700 quas
1659 2630 1987 2703 theologica

329 2716 615 2772 docentur
631 2721 959 2772 teneamus.
985 2717 1120 2782 Quae
1145 2716 1265 2771 sint
1283 2715 1403 2783 illa,
1438 2721 1495 2773 et
1516 2717 1672 2774 circa
1715 2736 1985 2790 quisnam

328 2811 639 2860 versentur
667 2804 943 2877 deinceps
976 2805 1328 2861 audiamus:
1365 2806 1647 2862 nimirum
1679 2807 1792 2864 dici
1815 2808 1984 2866 illum

329 2893 678 2965 inoreatum,
713 2893 1144 2966 incorporeum,
1175 2899 1438 2968 tempore
1471 2900 1528 2951 et
1557 2896 1843 2969 principio
1884 2915 1983 2954 oa-

328 2987 576 3051 rentem,
641 2983 1092 3056 sempiternum,
1151 2983 1604 3052 indesinentem,
1663 2985 1983 3056 inﬁnitum,

329 3077 634 3140 internum,
669 3072 1060 3145 incognitum,
1092 3072 1471 3143 ineffabilem,
1505 3073 1727 3130 nullius
1758 3076 1982 3148 ﬁgura),

327 3159 830 3232 investigabilem:
861 3163 1038 3215 Deum
1063 3161 1331 3226 deorum,
1365 3159 1679 3217 Dominum
1722 3162 1984 3218 domino-

334 3249 710 3322 rem,Regem
736 3266 964 3322 regum,
982 3251 1465 3321 omnipotentem,
1501 3252 1800 3319 factorem,
1824 3268 1984 3309 crea-

328 3343 545 3409 torem,
580 3337 803 3408 lumen,
833 3339 1040 3407 vitam,
1073 3343 1366 3406 sanctum,
1397 3339 1640 3405 bonum,
1686 3340 1986 3397 immorta-

329 3427 469 3495 lem,
495 3428 723 3498 fortem,
747 3428 1267 3500 cunctipotentem,
1297 3433 1354 3484 et
1375 3444 1739 3502 quiscunque
1770 3430 1989 3487 similia

333 3531 437 3587 per
479 3514 880 3570 excellentiam
933 3521 992 3570 et
1031 3514 1382 3587 aatiologiam
1431 3516 1607 3572 dicta.
1657 3517 1779 3573 Non
1829 3519 1985 3590 quod

332 3602 567 3676 singula
596 3604 930 3660 substantia
962 3604 1362 3673 dicantur,sed
1386 3604 1543 3661 circa
1563 3605 1986 3680 substantiam,

331 3693 504 3764 quasi
535 3710 604 3749 ex
633 3693 751 3750 duo
782 3698 882 3748 aut
912 3692 1182 3766 pluribus
1212 3695 1284 3750 ad
1318 3712 1502 3750 unum
1535 3695 1791 3752 habeant
1840 3697 1986 3753 rela-

330 3782 549 3838 tionem
571 3782 792 3854 (qualia
811 3798 942 3839 esse
959 3782 1277 3839 didicimus
1299 3800 1427 3856 quas
1441 3784 1627 3840 divisa
1639 3786 1824 3858 sunt),
1860 3803 1986 3858 quae

332 3870 566 3928 coalitio
597 3877 653 3927 ct
685 3871 985 3943 plenitudo
1017 3872 1256 3928 deitatis
1314 3873 1611 3938 dicuntur,
1659 3877 1986 3932 secundum

333 3960 698 4032 Scripturam
722 3978 734 4029 ;
768 3977 882 4016 non
902 3963 1058 4034 quod
1080 3962 1152 4016 ad
1185 3978 1362 4018 unam
1389 3962 1566 4018 unius
1590 3963 1987 4022 substantiam

333 4050 791 4119 referantur,sed
826 4052 898 4106 ad
923 4067 1408 4124 unamquamque
1433 4058 1772 4110 sanctarum
1804 4055 1984 4111 trium

332 4155 717 4211 personarum
776 4139 1071 4210 aequaliter
1117 4145 1454 4212 spectentur
1508 4147 1565 4198 et
1649 4144 1986 4202 doceantur.

331 4229 520 4293 Quare
541 4229 667 4301 ipse
691 4229 1028 4302 unigenitus
1051 4229 1206 4286 Deus
1250 4231 1332 4286 ait
1358 4247 1371 4286 :
1399 4251 1428 4282 «
1453 4232 1660 4288 Omnia
1708 4249 1987 4305 quascun-

333 4334 448 4390 que
468 4317 646 4374 habet
669 4322 842 4375 Pater
866 4334 995 4375 mea
1043 4323 1182 4375 sunt
1210 4320 1275 4375 9°.
1300 4342 1321 4370 ι
1376 4321 1446 4376 Et
1494 4322 1567 4376 ad
1599 4325 1830 4379 Patrem
1864 4324 1984 4381 ait:

336 4407 597 4464 «Omnia
622 4423 751 4464 mea
767 4413 868 4464 tua
899 4415 1061 4479 sunt,
1083 4413 1141 4464 et
1157 4413 1260 4466 tua
1301 4426 1432 4467 mea
1471 4415 1630 4480 sunt,
1671 4417 1730 4468 et
1767 4411 1988 4486 gloriﬁ-

2167 2545 2220 2599 3.
2255 2539 2354 2597 Καὶ
2395 2538 2486 2595 ’ίνα
2532 2538 2700 2594 τύπον
2753 2536 2930 2612 δῶμεν
2980 2541 3059 2610 τῷ
3088 2536 3262 2612 λόγῳ.
3295 2536 3384 2593 καὶ
3416 2537 3685 2613 ἄθροισμα
3713 2537 3750 2608 ἤ

2094 2628 2400 2707 πλήρωμα,
2429 2629 2497 2684 τὰ
2524 2630 2660 2684 κατὰ
2717 2626 3006 2704 θεολογίαν
3058 2623 3296 2702 ἔχωμεν.
3355 2626 3424 2684 Τί
3483 2623 3540 2682 δὶ
3587 2631 3756 2682 ταῦτα

2095 2718 2237 2775 ἐστιν
2296 2720 2332 2788 ἢ
2391 2718 2515 2794 περὶ
2564 2718 2617 2773 τί
2645 2721 2832 2790 ταῦτα,
2893 2717 3120 2787 καθεξῆς
3172 2713 3488 2788 ἆκούσωμιν
3548 2715 3632 2771 ὅτι
3688 2717 3751 2771 τὸ

2095 2810 2369 2876 ἄκτιστον,
2398 2807 2462 2862 τὸ
2493 2807 2806 2880 ἀσώματον,
2838 2805 2900 2860 τὸ
2944 2807 3203 2881 ἄχρονον,
3259 2806 3321 2860 τὸ
3375 2802 3630 2881 ἄναρχον,
3687 2805 3753 2860 τὸ

2093 2894 2291 2966 ἆλιδιον,
2345 2897 2409 2952 τὸ
2468 2893 2849 2966 ἀτελεύτητον,
2893 2894 2958 2950 τὸ
3007 2893 3246 2971 ἄπειρον,
3295 2893 3360 2950 τὸ
3392 2894 3633 2966 αἰώνιον,
3687 2895 3752 2950 τὸ

2094 2983 2400 3063 ἄγνωστον,
2429 2985 2491 3041 τὸ
2523 2986 2936 3060 ἀνερμήνευτον,
2967 2982 3028 3040 τὸ
3061 2983 3205 3060 ἂσχη
3218 2984 3496 3057 μάτιστον,
3518 2983 3579 3039 τὰ
3606 2983 3752 3058 ἀνεξι-

2099 3075 2395 3151 ιχνίαστον,
2444 3076 2505 3129 τὸ
2555 3074 2684 3129 Θεὸν
2735 3075 2869 3128 θεών
2920 3071 3173 3148 λέγεσθαι
3224 3071 3407 3142 αὐτὸν,
3455 3074 3519 3129 τὸ
3550 3072 3747 3150 Κύριον

2095 3165 2317 3241 κυρίων,
2351 3165 2414 3219 τὸ
2449 3162 2683 3220 Βασιλέα
2715 3161 3132 3240 βασιλευόντων,
3187 3164 3250 3218 τὸ
3314 3163 3748 3240 παντοκράτορα,

2096 3255 2160 3310 τὸ
2192 3255 2451 3325 ποιητὴν,
2481 3254 2545 3308 τὸ
2586 3250 3007 3329 δημιευργὸν,τὸ
3039 3255 3177 3330 φῶς,
3209 3252 3270 3306 τὸ
3305 3253 3540 3322 ζωὴν,τὸ
3571 3255 3750 3328 ἅγιον,

2093 3344 2158 3399 τὸ
2208 3342 2427 3420 ἀγαθὸν,
2475 3343 2536 3397 τὸ
2587 3343 2870 3410 ἀθάνατον,
2920 3343 2983 3397 τὸ
3033 3342 3283 3418 ἰσχυρὸν,
3318 3342 3380 3398 τὸ
3411 3340 3752 3398 παντοδύνα-

2102 3453 2226 3505 μον,
2283 3429 2374 3485 καὶ
2425 3429 2524 3485 ὅσα
2572 3429 2718 3486 ἄλλα
2757 3431 2893 3485 κατά
2937 3451 2997 3485 τε
3046 3431 3324 3507 ὑπεροχὴν
3385 3430 3476 3486 καὶ
3509 3430 3752 3487 οῐτιολο-

2094 3520 2238 3597 γίαν,
2291 3519 2396 3596 οὑχ
2441 3516 2663 3575 ἕκαστον
2715 3519 2869 3574 οὐσία
2914 3519 3147 3597 λέγεται,
3182 3520 3325 3577 ἀλλᾶ
3376 3521 3501 3596 περὶ
3531 3522 3630 3589 τὴν
3665 3522 3754 3576 οὐ·

2098 3609 2240 3664 σίαν·
2273 3609 2347 3671 ὡς
2381 3609 2439 3664 ἐκ
2466 3606 2562 3664 δύο
2593 3611 2710 3683 (37)
2738 3607 2827 3665 καὶ
2859 3606 3128 3666 πλειόνων
3175 3609 3260 3665 ἐπὶ
3290 3609 3346 3664 ἓν
3402 3607 3603 3685 ἔχοντα
3654 3611 3754 3678 τὴν

2099 3698 2369 3776 ἀναφορὰν
2419 3699 2555 3752 κατᾶ
2603 3699 2666 3753 τὸ
2724 3697 3170 3775 ἂπιμεριζόμενον
3221 3699 3514 3770 ὶμάθομεν,
3577 3697 3609 3751 ἃ
3655 3697 3746 3751 καὶ

2098 3786 2372 3861 ἄθροισμα
2418 3787 2506 3842 καὶ
2565 3785 2851 3863 πλήρωμα
2909 3787 3164 3858 θεότητος
3213 3783 3429 3860 λέγεται
3476 3784 3612 3841 κατὰ
3648 3786 3744 3855 τὴν

2100 3879 2345 3954 Γραφήν·
2380 3875 2477 3932 ·οὑ
2531 3879 2668 3932 κατά
2718 3877 2843 3951 μίαν
2895 3876 3182 3932 ὑπόστασιν
3236 3875 3406 3949 μόνου
3463 3874 3746 3951 ἀνάγοντα,

2097 3965 2245 4022 ἀλλὰ
2283 3968 2400 4022 καθ’
2452 3966 2680 4038 ἑκάστην
2718 3971 2826 4022 τῶν
2878 3965 3044 4044 ἁγίων
3085 3969 3250 4040 τριῶν
3283 3963 3472 4035 ἔπὶσης
3505 3963 3749 4038 θεωρού-

2101 4076 2237 4129 μενα
2290 4056 2380 4111 καὶ
2434 4055 2863 4131 θεολογούμενα.
2925 4057 3019 4112 Διὸ
3077 4055 3167 4111 καὶ
3197 4053 3359 4116 αὑτὸς
3392 4055 3420 4110 ὁ
3454 4053 3752 4130 μονογενὴς

2098 4145 2230 4208 Θεός
2261 4166 2417 4224 φησι.
2452 4171 2479 4198 ι(
2531 4147 2712 4201 Πάντα
2759 4145 2858 4202 ὅσα
2906 4141 3024 4222 ἔχει
3072 4145 3100 4200 ό
3146 4146 3356 4222 Πατὴρ,
3408 4143 3514 4216 ἐμά
3555 4143 3686 4200 ἐστι.
3719 4164 3752 4198 ι)

2096 4233 2346 4311 καὶπρὸς
2393 4236 2485 4290 τὸν
2524 4234 2736 4312 Πατέρα
2762 4233 2959 4311 λέγων’
2995 4259 3025 4289 ιι
3055 4235 3131 4288 Τὰ
3161 4233 3272 4306 ἰμὰ
3320 4233 3494 4288 πάντα
3525 4233 3591 4286 σά
3622 4231 3753 4304 ἆστι,

2096 4324 2189 4379 καὶ
2218 4325 2286 4379 τὰ
2328 4325 2394 4378 σὰ
2449 4323 2575 4398 ἐμὰ,
2629 4325 2721 4379 καὶ
2752 4321 3076 4396 δεδόξασμαι
3111 4323 3163 4377 ἐν
3196 4322 3404 4383 αὑτοῖς.
3441 4344 3468 4371 ι)
3502 4322 3587 4376 Ἐν
3621 4321 3756 4377 ἃπα-

2099 4435 2151 4468 σι
2201 4415 2302 4489 γὰρ
2363 4414 2444 4476 οἷς
2506 4411 2781 4488 δοξάζεται
2839 4415 2868 4468 ὁ
2929 4413 3116 4487 Πατὴρ
3181 4409 3644 4485 θεολογούμενος,
3705 4410 3758 4465 ἐν

330 4503 499 4552 catus
530 4513 663 4552 sum
694 4496 754 4552 in
777 4497 861 4554 eis
884 4495 947 4550 ³ο.
977 4518 1004 4546 ››
1030 4497 1092 4553 In
1114 4499 1393 4556 omnibus
1416 4517 1668 4568 namque
1690 4501 1748 4557 in
1772 4502 1983 4573 quibus

2101 4505 2284 4566 αὑτοῖς
2318 4501 2594 4574 δοξάζεται
2622 4502 2712 4559 καὶ
2753 4504 2781 4559 ὸ
2803 4502 2947 4571 Υῐὸς,
2979 4501 3068 4557 καὶ
3096 4501 3160 4556 τὸ
3202 4503 3423 4572 Πνεῦμα
3467 4499 3532 4554 τὸ
3582 4499 3754 4576 ἅγιον.

329 4585 652 4658 theologice
673 4585 1035 4656 gloriﬁcatur
1066 4588 1251 4658 Pater,
1276 4587 1333 4642 in
1374 4589 1584 4644 iisdem
1630 4589 1983 4662 gloriﬁcatur

2099 4591 2200 4646 Καὶ
2232 4591 2469 4648 ἐντεῦθεν
2498 4591 2706 4655 τέλειος
2772 4591 2903 4654 Θεὸς
2961 4593 2991 4646 ὸ
3048 4591 3237 4666 Πατὴρ
3271 4587 3506 4665 λέγεται,
3546 4590 3637 4644 καὶ
3664 4589 3754 4644 τὲ-

334 4672 514 4728 Filius
544 4678 600 4728 et
633 4673 886 4744 Spiritus
933 4680 1195 4732 sanctus.
1253 4677 1445 4747 Atque
1501 4677 1638 4734 inde
1696 4680 1988 4751 perfectus

335 4762 483 4816 Deus
514 4761 732 4818 dicitur
765 4763 952 4834 Pater,
988 4764 1282 4835 perfectus
1315 4767 1466 4821 Deus
1494 4766 1697 4834 Filius,
1755 4773 1812 4823 et
1864 4785 1986 4842 per-

333 4851 520 4906 fectus
554 4855 703 4906 Deus
732 4852 988 4924 Spiritus
1019 4857 1284 4910 sanctus.
1317 4855 1618 4927 Siquidem
1679 4857 1826 4915 nihil
1881 4858 1986 4914 ulli

332 4938 530 5029 deﬁcit
549 4955 618 4995 ex
652 4940 1014 5011 plenitudine
1037 4941 1393 4998 divinitatis:
1447 4945 1548 4999 sed
1589 4945 1984 5029 aq‘ualitatem

333 5027 511 5084 habet
541 5029 947 5101 unusquisque
975 5031 1241 5086 omnium
1275 5027 1723 5105 proprietatum,
1768 5037 1987 5108 quibus

331 5116 635 5190 aequaliter
662 5117 965 5190 plenitudo
1005 5119 1238 5177 deitatis
1295 5122 1674 5194 conspicitur.
1734 5125 1878 5181 Nam
1917 5142 1984 5181 ex

334 5203 830 5263 derivationei’cou
881 5209 964 5276 [id
987 5213 1077 5264 est
1094 5209 1490 5283 asqualis]lc€a
1531 5213 1611 5282 [id
1654 5219 1743 5270 est
1793 5232 1984 5286 aaqua-

331 5295 489 5368 litas]
511 5295 750 5362 dicitur,
781 5296 1032 5353 feminea
1079 5299 1492 5358 terminatione
1522 5319 1649 5374 quaa
1681 5308 1770 5360 est
1799 5321 1988 5376 aequa-

333 5385 516 5441 litatis
543 5384 866 5442 multorum
898 5386 1246 5460 complexio.
1281 5389 1505 5457 Quibus
1536 5393 1693 5448 enim
1743 5393 1987 5465 aequalis

406 5526 451 5565 ²⁰
476 5527 643 5583 Joan.
676 5543 791 5596 xw,
825 5529 914 5586 15.
990 5529 1036 5565 ³ο
1063 5528 1233 5586 Joan.
1255 5547 1398 5602 ινιτ,
1431 5533 1518 5588 10.

405 5686 516 5814 (3391)
547 5686 800 5770 Anglic,
830 5688 1042 5758 θεωρεῖ.
1077 5759 1090 5780 ν

406 5760 422 5814 ί
507 5758 523 5814 l
555 5759 812 5814 Anzllcu
841 5759 915 5814 ὡς
945 5761 997 5814 ἐν
1032 5756 1090 5814 δυ

406 5756 523 5830 (37)
555 5756 812 5831 Anglia,
841 5759 915 5823 ὡς
941 5756 997 5816 ιν
1032 5756 1150 5817 δύο.

2097 4681 2247 4743 λειος
2305 4683 2435 4744 Θεὸς
2483 4683 2511 4737 ὁ
2561 4683 2706 4755 Υἱὸς,
2756 4680 2848 4736 καὶ
2895 4679 3108 4742 τέλειος
3154 4680 3283 4741 Θεὸς
3329 4679 3392 4734 τὸ
3441 4683 3662 4751 Πνεῦμα
3690 4679 3755 4735 τὸ

2097 4771 2273 4839 ἅγιον.
2309 4771 2561 4848 Ἑπείπερ
2596 4770 2765 4846 μηδὲν
2801 4769 3043 4828 ἐλλείπει
3075 4773 3172 4825 τοῦ
3201 4769 3325 4841 περὶ
3364 4768 3463 4837 τὴν
3524 4767 3756 4839 θεότητα

2096 4857 2474 4933 πληρώματος
2506 4857 2727 4916 ἕκαστον
2756 4858 2884 4916 ἀλλ’
2917 4859 3052 4915 ίσίαν
3085 4857 3201 4934 ἔχει
3233 4856 3406 4913 πάντα
3433 4860 3542 4912 τῶν
3595 4854 3751 4912 ἰδιω-

2099 4949 2307 5022 μάτων,
2359 4951 2430 5005 ὤν
2479 4949 2671 5019 ἐπίσης
2715 4950 2805 5005 καὶ
2868 4949 2960 5004 τὸν
3005 4946 3291 5023 πλήρωμα
3334 4953 3435 5016 τῆς
3494 4945 3752 5017 θεότητος

2098 5044 2402 5116 θεωρεῖται.
2456 5040 2547 5094 Ἐκ
2593 5040 2924 5115 παραγωγῆς
2956 5037 3060 5113 γὰρ
3090 5041 3188 5092 τοῦ
3219 5033 3361 5108 ξ’σου,
3388 5035 3503 5090 ΐσία
3531 5033 3752 5110 λέγεται

2097 5128 2316 5200 Θηλυκῇ
2344 5129 2546 5207 ἐκφορᾷ
2575 5131 2610 5198 ὴ
2641 5135 2741 5198 τῆς
2774 5127 3032 5198 ἰσότητος
3061 5130 3169 5180 τῶν
3201 5123 3425 5180 πολλῶν
3460 5125 3752 5196 συστατικὴ

2095 5216 2516 5290 περίληψις.Ὦν
2539 5217 2641 5293 γὰρ
2665 5220 2780 5292 (38)
2802 5215 2890 5288 ἴση
2915 5216 2997 5278 τίς
3031 5215 3170 5271 ἐστιν
3205 5210 3758 5292 οὑσία,διαφερόντων

2098 5303 2437 5378 ἰδιωμάτων,
2471 5306 2580 5362 ἶσία
2609 5305 2848 5382 λέγεται,
2884 5304 3067 5382 ὥσπερ
3114 5304 3204 5360 καὶ
3236 5303 3356 5360 ὸσία
3381 5303 3472 5359 καὶ
3503 5303 3618 5378 μία.
3653 5302 3754 5360 Καὶ

2095 5393 2315 5472 ἐπείπερ
2352 5395 2464 5452 ἷσία
2494 5397 2710 5474 λέγεται
2765 5397 2883 5453 κατ’
2931 5394 3324 5472 ἐτυμολογίαν,
3379 5398 3559 5472 τροπῇ
3605 5399 3702 5451 τοῦ
3737 5417 3755 5452 ι

2165 5696 2280 5768 (38)
2310 5696 2417 5774 Γάρ
2448 5700 2613 5758 deest
2640 5700 2703 5759 in
2733 5698 2958 5773 Anglic.
