4120 6354
377 365 490 428 921

1299 367 1565 429 SERMO
1606 366 1687 427 IN
1731 360 2451 425 ANNUNTIATIONEM
2493 360 2885 424 DEIPARE.

3678 362 3800 425 922

375 496 452 559 εἰς
485 518 532 565 o,
566 498 655 552 καὶ
706 496 1036 572 πλεονασμῷ
1085 496 1187 553 τοῦ
1249 498 1583 575 υοτοιχείου,
1616 496 1772 552 οὐσία
1802 493 2033 569 διερμη-

2149 498 2237 550 est
2258 494 2609 561 substantia,
2643 495 2892 552 diversis
2937 499 3131 552 tamen
3176 493 3651 569 proprietatibus,
3686 493 3799 550 ίσία

374 586 603 656 νεύεται,
637 588 712 649 ὡς
744 588 876 642 οὖσά
904 610 985 650 τις
1018 591 1308 658 συστατικὴ
1345 588 1718 664 ὕπαρξις,τῶν
1753 585 1811 641 ἐκ
1841 584 2032 640 πλειό-

518 674 541 729 ἐ
589 676 603 696 \
690 676 699 693 Ι
933 675 980 693 ΙΝ
1476 675 1497 695 Ἰ
1874 674 1887 689 \
1975 672 2001 691 (1

379 696 484 729 νων
544 697 603 730 πι
642 698 763 749 μιαν
810 690 1017 749 μοναοα
1068 678 1308 752 ἐχόντων
1358 678 1421 732 τὸ
1470 689 1758 749 αθροισμα.
1791 681 1889 729 Και
1942 694 2031 727 ou-

376 785 485 825 τως
533 765 607 826 εἷς
654 766 744 820 τὸν
802 768 919 821 κατ’
975 766 1155 821 εἶκόνα
1206 771 1340 822 Θεοῦ
1399 766 1691 841 γενόμενον
1749 764 2029 838 ἄνθρωπον

379 847 781 915 ἀποϐλέποντες
815 856 949 927 (39),
1004 854 1377 927 κανονίζομεν,
1428 855 1509 909 ὅτι
1559 857 1593 924 ἡ
1637 853 1886 913 σύστασις
1928 855 2034 905 τῶν

378 941 502 1016 περὶ
534 941 698 996 αὑτοῦ
732 940 1069 1017 ἰδιωμάτων,
1102 946 1238 999 κατὰ
1278 945 1376 1013 τὴν
1430 944 1594 998 αὑτοῦ
1644 941 1891 1016 ὕπαρξιν,
1943 940 2033 994 ού·-

380 1029 467 1085 σία
496 1032 973 1107 προσαγορεύεται,
1023 1035 1097 1095 ὡς
1150 1032 1281 1087 οὖσα
1331 1032 1633 1107 περίληψις
1661 1032 1750 1086 καὶ
1794 1031 2031 1106 περιοχὴ

377 1124 483 1173 τῶν
520 1117 814 1190 πλειόνων,
866 1122 953 1176 ἐπὶ
983 1122 1039 1177 ἓν
1088 1123 1326 1199 ἐχόντων
1371 1122 1434 1177 τὸ
1488 1124 1690 1177 ἑαυτῶν
1742 1119 2032 1195 ἄθροισμα.

379 1209 477 1263 Καὶ
510 1211 613 1285 γὰρ
645 1212 707 1264 τὸ
751 1212 965 1266 κτιστὸν
1021 1214 1151 1266 εἶναι
1200 1214 1292 1266 τὸν
1348 1212 1653 1287 ἄνθρωπον,
1708 1210 1770 1265 τὸ
1826 1211 2031 1283 νοερὸν,

375 1297 439 1352 τὸ
470 1297 713 1375 λογικὸν,
745 1302 807 1355 τὸ
835 1299 1107 1377 ἔμψυχον,
1139 1302 1201 1356 τὸ
1236 1303 1567 1374 σωματικὸν,
1600 1301 1662 1355 τὸ
1711 1299 2034 1369 παθητικὸν,

375 1386 438 1441 τὸ
472 1386 713 1463 ῥευστὸν,
744 1390 804 1443 τὸ
858 1392 1137 1465 χρονικὸν,
1189 1392 1251 1445 τὸ
1300 1390 1523 1459 θνητὸν,
1552 1391 1614 1444 τὸ
1663 1390 1945 1463 γεννητὸν,
1973 1388 2035 1442 τὸ

378 1474 637 1552 φθαρτὸν,
661 1478 723 1531 τὸ
751 1477 1126 1550 αύξητικὸν,τὸ
1147 1480 1399 1554 τρεπτὸν,
1422 1478 1483 1533 τό
1511 1478 1875 1533 ἀλλοιωτικὸν
1900 1478 2035 1549 (40),

375 1564 439 1618 τὸ
470 1564 737 1640 λυπηρὸν,
761 1568 850 1621 καὶ
882 1567 987 1645 ὅφα
1019 1566 1161 1623 ἄλλα
1190 1574 1415 1623 τοιαῦτα
1444 1568 1579 1623 κατά
1627 1566 1913 1641 ἀναλογίαν
1946 1564 2035 1618 καὶ

377 1650 709 1726 ἐκλογισμὸν
766 1654 959 1726 ἆπίσης
1007 1656 1094 1710 ἐπὶ
1152 1657 1241 1710 τὸν
1301 1654 1581 1729 ἄνθρωπον
1642 1650 2036 1727 λαμϐανόμενα

374 1741 513 1795 κατὰ
542 1743 605 1795 τὸ
638 1741 771 1814 ἴσον,
808 1743 917 1797 ἰ¹σία
967 1743 1200 1820 λέγεται,
1232 1746 1321 1799 καὶ
1352 1748 1530 1819 τροπῇ
1563 1745 1653 1799 καὶ
1702 1744 2035 1815 πλεονασμῷ

2144 585 2382 651 dicitur,
2418 589 2483 639 ut
2512 590 2567 639 et
2599 582 2716 637 ὁσία
2747 590 2802 640 et
2836 584 2952 655 μία.
2984 586 3048 640 Et
3078 602 3210 641 cum
3247 583 3353 637 ἰσία
3414 585 3798 657 etymologica
3878 618 3881 625 -

2145 673 2397 744 dicatur,
2431 676 2804 730 conversione
2826 679 2920 727 τοῦ
2959 695 2972 726 ι
3002 675 3061 729 in
3095 696 3142 744 ο,
3176 692 3241 731 ac
3266 675 3475 730 deinde
3498 676 3797 731 additione

2144 762 2350 818 littera:
2382 784 2432 829 υ,
2468 762 2619 817 οὐσία
2652 765 2923 829 efﬁcitur,
2958 765 3125 835 quasi
3159 766 3254 829 sit,
3304 764 3462 819 velut
3521 770 3798 820 constans

2146 854 2412 924 quaedam
2439 854 3024 922 exsistentia,rerum,
3051 870 3178 924 que:
3205 870 3273 907 ex
3296 852 3495 907 multis
3519 854 3575 907 in
3611 854 3801 908 unita-

2143 946 2259 996 tem
2294 942 2648 997 coalescunt.
2684 947 2869 1013 Atque
2897 943 2976 996 ita
2998 942 3296 996 hominem
3322 941 3379 995 in
3407 941 3506 997 Dei
3542 942 3801 1013 imagine

2146 1031 2365 1085 factum
2391 1036 2747 1102 spectantes,
2772 1032 3112 1087 deﬁnimus:
3145 1031 3301 1102 quod
3331 1032 3554 1086 scilicet
3585 1031 3799 1086 consti-

2145 1119 2292 1173 tutio
2325 1121 2451 1189 ejus
2485 1120 2931 1191 proprietatum,
2964 1120 3288 1174 secundum
3340 1120 3467 1189 ejus
3517 1119 3800 1175 exsistan-

2147 1209 2315 1274 tiam,
2346 1210 2600 1264 essentia
2624 1208 3181 1281 appelletur,utpote
3203 1226 3329 1280 quae
3356 1209 3434 1263 sit
3480 1208 3802 1280 complexio

2148 1304 2203 1353 et
2235 1299 2675 1369 comprehensio
2724 1298 3070 1363 multorum,
3121 1315 3247 1369 quae
3297 1298 3355 1352 in
3410 1315 3595 1352 unum
3649 1298 3802 1353 336

2146 1387 2501 1441 coalescunt.
2537 1387 2681 1442 Nam
2716 1389 2871 1458 quod
2906 1393 3136 1442 creatus
3169 1388 3245 1441 sit
3274 1387 3469 1453 homo,
3504 1389 3654 1457 quod
3715 1388 3804 1442 in-

2150 1474 2445 1547 telligens,
2478 1477 2632 1546 quod
2683 1476 3010 1542 rationalis,
3064 1477 3216 1547 quod
3268 1477 3588 1543 animatus,
3651 1476 3803 1547 quod

2148 1564 2490 1634 corporalis,
2524 1566 2678 1635 quod
2715 1565 2995 1635 patibilis,
3029 1566 3183 1636 quod
3217 1565 3431 1635 ﬂuxus,
3466 1566 3618 1637 quod
3650 1570 3799 1620 tem-

2147 1654 2386 1725 poralis,
2420 1655 2575 1724 quod
2610 1653 2898 1720 mortalis,
2956 1655 3111 1725 quod
3164 1655 3418 1725 genitus,
3471 1654 3625 1725 quod
3677 1671 3802 1708 cor-

2146 1742 2467 1814 ruptibilis,
2501 1743 2654 1813 quod
2682 1742 3046 1814 vegetabilis,
3071 1744 3225 1814 quod
3249 1743 3580 1813 mutationi,
3612 1744 3806 1799 varie-

369 1832 478 1882 τῶν
513 1831 829 1905 στοιχείων,
861 1831 1015 1885 οὐσία
1044 1834 1527 1909 προσαγορεύεται,
1570 1834 1850 1887 κάντεῦθεν
1883 1831 2027 1902 πλή-

628 1924 655 1931 -
746 1920 760 1931 .
981 1914 990 1931 μ
1214 1922 1225 1931 .
1434 1922 1443 1931 ,
1686 1923 1698 1931 .
1922 1917 1939 1931 ς

2147 1831 2249 1885 tati
2282 1834 2339 1885 et
2370 1830 2619 1885 tristitiae
2670 1831 2746 1886 sit
2804 1831 3110 1897 obnoxius,
3169 1836 3343 1901 atque
3401 1830 3493 1886 his
3543 1831 3801 1889 similia:

374 1936 535 1991 Ρωμα
590 1924 689 1987 τῆς
736 1914 1155 1995 ἀνθρωπότητος
1213 1922 1587 1997 ἑρμηνεύεται,
1647 1923 1710 1975 τὸ
1767 1917 2025 1993 συμπλη-

376 2010 497 2082 ροῦν
550 2006 717 2076 αὐτῆς
746 2010 807 2063 τὸ
865 2010 1163 2085 ἄθροισμα,
1216 2012 1352 2066 κατὰ
1407 2011 1468 2066 τὸ
1517 2008 1807 2083 μοναδικὸν
1854 2007 2021 2077 αὐτῆς

373 2094 535 2166 σύστη
550 2116 622 2170 μα
632 2141 642 2153 .

2146 1936 2274 1991 quae
2296 1919 2498 1974 habita
2528 1919 2755 1974 ratione
2787 1924 2962 1989 atque
3010 1919 3404 1990 proportione,
3456 1919 3515 1973 in
3565 1919 3802 1975 homine

2141 2009 2468 2064 scoundum
2492 2008 2905 2079 aequalitatem,
2928 2005 3038 2060 ἰσία
3070 2008 3204 2078 [hoc
3227 2014 3315 2063 est
3350 2008 3681 2079 aequalitas]
3714 2007 3802 2063 di-

2139 2102 2396 2164 cuntur;
2449 2097 2904 2168 mutationeque
2935 2114 2999 2151 ac
3051 2097 3390 2168 pleonasmo
3442 2098 3799 2155 litterarum.

368 2183 522 2240 οὐσία
551 2192 790 2244 vocatur
821 2207 834 2244 :
870 2194 1045 2262 atque
1074 2191 1213 2246 hinc
1247 2191 1547 2263 plenitudo
1580 2192 1852 2246 humanas
1885 2194 2106 2245 naturae
2138 2188 2480 2259 explicatur,
2514 2188 2669 2258 quod
2702 2188 2830 2257 ejus
2862 2188 3358 2244 coacervationem
3382 2187 3661 2259 complet,
3701 2203 3792 2242 se-

375 2277 634 2333 cundum
669 2278 905 2334 unicam
934 2281 1061 2351 ejus
1094 2281 1598 2337 constitutionem.

450 2368 501 2422 4.
537 2368 625 2422 Ἐν
660 2367 741 2428 οἷς
773 2368 1173 2441 σημειούμεθα,
1207 2369 1289 2424 δτι
1343 2370 1498 2441 οὐρὶν
1541 2370 1751 2424 τούτων
1797 2369 1913 2423 καθ’
1944 2366 2039 2421 αὑ·

373 2455 437 2508 τὸ
472 2453 626 2508 οὐσία
656 2453 874 2529 λέγεται
922 2461 1029 2511 τῶν
1079 2461 1215 2511 κατᾶ
1251 2459 1344 2512 τὸν
1396 2456 1679 2530 ἄνθρωπον
1727 2454 2041 2528 ἰδιωμάτων

380 2541 810 2615 ἀθροιζομένων.
844 2543 917 2597 Ού
953 2546 1059 2617 μήν
1108 2565 1161 2598 τι
1211 2544 1420 2599 τούτων
1473 2545 1766 2606 ὑπόστασις
1803 2543 2041 2619 λέγεταιο

383 2627 529 2684 ἀλλά
556 2635 755 2692 κοινῶς
786 2632 903 2705 μὶν,
939 2634 1052 2687 οἷον
1102 2631 1393 2696 ἀπολύτως
1449 2633 1536 2689 ἰπὶ
1577 2634 1789 2689 πάντων
1823 2632 2043 2709 συναγό-

385 2738 539 2791 μενα,
593 2718 748 2775 οὐσία
798 2720 1007 2796 λέγεται
1054 2726 1162 2776 τῶν
1231 2724 1368 2778 κατᾶ
1413 2724 1509 2778 τὸν
1560 2721 1841 2798 ἄνθρωπον
1891 2719 2045 2776 ἰδιω-

384 2806 567 2878 μάτων
598 2809 661 2862 τὸ
693 2804 984 2881 ἄθροισμα*
1024 2808 1174 2873 ἰδίως
1220 2809 1277 2866 δὲ
1323 2812 1411 2867 καὶ
1465 2811 1545 2889 ἐφ’
1582 2811 1698 2874 ἰνὸς
1730 2810 2041 2873 ὑπόστασις.

376 2896 537 2950 Ὅταν
595 2897 689 2969 μὲν
740 2896 830 2951 οῦν
884 2904 1084 2961 κοινῶς
1124 2900 1211 2955 ἐπὶ
1262 2899 1489 2955 πολλῶν
1548 2906 1715 2956 ταῦτα
1752 2903 2043 2976 Θεωρῆται,

382 2983 535 3039 οὐσία
564 2986 1042 3062 προσαγορεύεται·
1081 2987 1205 3043 ὅταν
1238 2987 1296 3043 δὲ
1343 2990 1435 3044 καὶ
1470 2990 1559 3045 ἐπὶ
1610 2988 1700 3044 ἕνα
1740 2988 1895 3051 ἰδίως
1926 3011 2045 3043 συν-

380 3074 605 3149 άγηται,
668 3075 961 3138 ὑπόστασις
1019 3076 1426 3151 ἐξονομάζεται.
1488 3079 1589 3134 Καὶ
1647 3078 1828 3155 ὥσπερ
1885 3078 2049 3134 πάλιν

380 3162 458 3225 εἰς
486 3164 578 3233 τὸν
614 3166 731 3219 κατ’
764 3164 945 3220 εἰκόνα
973 3166 1063 3220 καὶ
1097 3168 1362 3240 ὁμοίωσιν
1410 3174 1553 3224 Θεοῦ
1631 3169 1921 3244 γενόμενον
1955 3169 2044 3223 ἄν·

382 3252 601 3328 θρωπον
635 3248 1063 3327 ἀποϐλέποντες,
1105 3256 1218 3328 ἅμα
1265 3262 1457 3312 τοῦτον
1506 3262 1628 3312 νοῦν
1677 3260 1787 3331 (44)
1827 3257 1914 3312 καὶ
1946 3256 2039 3313 λό-

374 3361 470 3415 γον
517 3342 606 3396 καὶ
665 3346 880 3413 πνεῦμα
937 3345 1280 3420 καθορῶμεν,
1335 3346 1424 3401 καὶ
1476 3345 1629 3401 ούδὶν
1664 3346 1869 3401 τούτων
1902 3346 2037 3419 πρό-

371 3450 531 3505 τερον
594 3428 718 3486 οὔτε
766 3432 1008 3508 ὕστερον,
1057 3433 1203 3490 ἀλλὰ
1258 3435 1395 3490 κατά
1436 3436 1602 3491 ταύτὸ
1651 3436 1899 3505 συνέστη,
1942 3438 2033 3490 καὶ

372 3514 465 3573 ἵνά
499 3520 593 3593 μὶν
642 3519 958 3595 λεγόμενον,
1006 3521 1201 3599 τριάδα
1250 3522 1307 3579 δὶ
1338 3524 1652 3598 νοούμενον,
1697 3525 1770 3587 ὡς
1801 3527 1915 3580 οἷον
1945 3526 2034 3580 καὶ

373 3608 466 3663 τὸν
519 3614 615 3664 νοῦ
667 3612 761 3682 μὲν
812 3609 1127 3687 ἀγέννητον,
1180 3614 1433 3689 γεννητὸν
1486 3612 1544 3669 δὲ
1588 3616 1681 3669 τὸν
1723 3613 1913 3689 λόγον,
1944 3617 2034 3670 καὶ

374 3701 568 3753 τοῦτον
626 3700 764 3754 κατά
816 3700 1005 3775 καιρὸν
1071 3700 1499 3775 μελανούμενον,
1562 3703 1650 3758 ιιαὶ
1699 3702 2035 3779 ἐγγραφόμε-

374 3808 487 3855 νον,
515 3787 605 3842 xui
657 3786 1154 3863 ἀποστελλόμενονσ
1190 3791 1366 3854 οὕτως
1412 3792 1501 3847 καὶ
1554 3792 1643 3847 ἐπὶ
1690 3797 1788 3847 τοῦ
1818 3792 2032 3847 πάντων

376 3881 532 3948 Θεοῦ,
562 3878 654 3932 τὸν
682 3878 777 3951 μὶν
810 3882 1029 3955 Πατέρα
1058 3880 1134 3942 ὡς
1178 3885 1303 3935 νοῦν
1352 3882 1667 3956 ἀγέννητον,
1696 3882 1786 3936 τὸν
1820 3879 1878 3936 δὶ
1908 3882 2031 3937 Υὶὸν

376 3965 456 4029 ὡς
486 3966 663 4042 Λόγον
697 3968 983 4043 γεννητὸν,
1022 3968 1112 4024 καὶ
1164 3974 1357 4025 τοῦτον
1402 3969 1903 4043 ἀποστελλόμενον,
1934 3992 2033 4025 κα-

372 4055 442 4110 τὰ
468 4056 656 4131 καιρὸν
691 4054 939 4120 εὐδοκίας
986 4062 1084 4112 τοῦ
1134 4063 1403 4131 πατρικοῦ
1449 4058 1782 4131 Θελήματος,
1816 4058 1925 4134 οὑχ
1955 4060 2030 4123 ὡς

373 4145 711 4222 προφορικὸν
740 4146 878 4200 κατᾶ
903 4147 1091 4222 καιρὸν
1122 4147 1212 4202 καὶ
1244 4147 1445 4223 χρόνον
1487 4148 1624 4224 πρὸς
1670 4147 1857 4223 χρείαν
1889 4147 2031 4203 ἀπο-

373 4239 731 4308 γεννώμενον,
792 4233 920 4290 ἀλλ’
973 4237 1047 4299 ὡς
1103 4237 1504 4309 ὑποστατικὸν,
1552 4237 1644 4292 καὶ
1699 4237 2031 4312 αὐτόχρημα

370 4326 535 4378 τοῦτο
592 4318 742 4395 ὄντα,
800 4325 978 4387 καθὼς
1034 4324 1125 4380 καί
1179 4328 1483 4403 γεγένναται
1529 4329 1665 4401 (42).
1709 4327 1885 4399 ’Ἄπαξ
1926 4328 2027 4404 γὰρ

372 4412 649 4488 γεννηθεὶς
712 4412 773 4468 ἐκ
826 4417 925 4469 τοῦ
984 4416 1219 4490 ΙΙατρὸς,
1284 4416 1575 4478 ὑπόστασίς
1629 4416 1738 4470 ἔστι
1783 4458 1797 4484 ,
1850 4416 2030 4472 στάσιν

372 4497 664 4557 ἀδιάλυτον
713 4498 885 4578 ἔχων,
938 4504 1023 4581 ὑφ’
1068 4505 1142 4559 ὧν
1196 4504 1283 4560 καὶ
1337 4507 1472 4561 εἶναι
1520 4504 1742 4584 πέφυκε.
1796 4505 1875 4563 Τδ
1925 4506 2026 4583 γὰρ

2225 2369 2276 2421 4.
2301 2368 2363 2423 In
2397 2367 2613 2437 quibus
2643 2372 2991 2423 annotamus
3025 2366 3246 2423 nullam
3278 2385 3479 2423 earum
3540 2370 3801 2440 proprie'

2152 2461 2340 2511 tatum
2365 2472 2492 2526 quae
2516 2456 2572 2509 in
2597 2456 3514 2511 hominecoalescuntsecundum
3532 2474 3595 2513 se
3615 2456 3798 2511 οὐσίαν

2150 2546 2366 2611 vocari,
2392 2561 2495 2600 nec
2522 2545 2843 2616 quidquam
2872 2545 3101 2612 horum,
3139 2544 3463 2606 ὑπόστασιςῑ
3521 2547 3619 2602 sed
3671 2564 3803 2602 con-

2144 2635 2399 2705 junctim
2420 2639 2477 2688 et
2497 2635 2772 2690 omnibus
2797 2636 3033 2702 coactis,
3069 2636 3429 2691 coacervatio
3479 2636 3801 2708 proprieta-

2154 2728 2277 2777 tum
2310 2723 2586 2789 hominis,
2620 2720 2792 2793 οὐσία,
2829 2740 2930 2778 seu
2964 2725 3221 2779 essentia
3279 2724 3514 2790 dicitur,
3568 2726 3800 2796 proprie

2150 2828 2285 2866 vero
2318 2818 2494 2884 atque
2518 2812 2574 2865 in
2597 2829 2712 2866 uno
2737 2809 3049 2879 ὑπόστασις,
3076 2829 3176 2868 seu
3212 2813 3617 2869 subsistentia.
3653 2820 3796 2869 Cum

2152 2902 2351 2972 itaque
2370 2907 2425 2956 et
2446 2918 2760 2957 commune
2788 2901 2857 2956 de
2875 2901 3078 2956 multis
3102 2902 3222 2957 haec
3241 2903 3589 2974 cogitantur,
3642 2900 3797 2955 οὐσία

2154 3007 2255 3045 seu
2288 2992 2539 3046 essentia
2572 2995 2985 3061 nuncupatur;
3019 3007 3152 3045 cum
3186 2996 3379 3045 autem
3415 2992 3485 3045 de
3518 3008 3632 3046 uno
3666 3008 3798 3063 pro-

2154 3080 2278 3151 prie
2309 3079 2685 3151 colliguntur,
2711 3078 3021 3147 ὑπόστασις,
3058 3097 3159 3135 seu
3193 3080 3575 3136 subsistentia
3623 3080 3805 3136 nomi-

2155 3173 2348 3223 natur.
2384 3170 2449 3224 Et
2480 3169 2633 3223 sicut
2664 3168 2896 3231 iterum,
2931 3170 3166 3240 quando
3197 3169 3491 3224 hominem
3539 3170 3608 3223 ad
3662 3168 3806 3225 ima-

2154 3257 2348 3327 ginem
2382 3262 2438 3312 et
2469 3256 2917 3312 similitudinem
2952 3258 3053 3313 Dei
3103 3259 3321 3312 factum
3382 3258 3804 3329 conspicimus,

2148 3362 2263 3401 una
2292 3352 2571 3414 mentem,
2596 3348 2836 3402 verbum
2870 3352 2926 3402 et
2958 3348 3231 3419 spiritum
3278 3348 3798 3420 apprehendimus,

2148 3451 2253 3489 nec
2284 3435 2493 3490 horum
2527 3436 2851 3507 quidquam
2882 3435 2970 3490 vel
3005 3436 3167 3507 prius
3198 3437 3286 3491 vel
3333 3438 3644 3508 posterius,
3696 3439 3798 3493 sed

2147 3525 2364 3596 pariter
2392 3510 2747 3591 consistunt,
2781 3530 2955 3596 atque
2987 3542 3171 3580 unum
3204 3526 3440 3597 quidem
3493 3527 3793 3593 dicuntur,

2147 3614 2245 3669 sed
2282 3615 2603 3669 trinitatem
2627 3632 2755 3669 esse
2780 3615 3215 3686 quodammodo
3240 3617 3598 3687 cogitamus:
3622 3622 3797 3689 atque

2147 3708 2400 3758 mentem
2421 3703 2656 3774 quidem
2686 3704 3006 3775 ingenitam
3019 3704 3281 3769 ,verbum
3303 3709 3497 3760 autem
3514 3706 3798 3776 genitum,

2145 3791 2462 3863 ipsumque
2492 3807 2597 3863 pro
2626 3796 2887 3861 tempore
2919 3796 3248 3847 atramento
3280 3796 3606 3860 exaratum,
3654 3793 3799 3846 scri-

2144 3886 2311 3952 ptum
2330 3897 2395 3934 ac
2415 3881 2663 3935 missum
2684 3905 2697 3947 ;
2716 3881 2795 3934 ita
2817 3897 3048 3952 quoque
3070 3885 3125 3935 et
3144 3881 3200 3934 in
3222 3882 3626 3935 universorum
3651 3881 3788 3951 Deo,

2145 3973 2373 4024 Patrem
2426 3968 2595 4039 quasi
2646 3974 2902 4023 mentem
2958 3969 3311 4040 ingenitum,
3363 3968 3571 4024 Filium
3614 3970 3791 4040 quasi

2140 4057 2396 4112 Verbum
2422 4056 2707 4129 genitum,
2734 4059 3051 4129 ipsumque
3087 4058 3360 4125 missum,
3394 4074 3508 4129 quo
3535 4063 3797 4131 tempore

2141 4145 2361 4219 placuit
2382 4150 2633 4217 paterna:
2655 4145 2970 4214 voluntati;
2999 4164 3113 4201 non
3134 4147 3307 4217 quasi
3344 4147 3662 4218 prolatum,
3684 4147 3798 4203 ali-

2141 4250 2257 4305 quo
2288 4238 2552 4304 tempore
2583 4238 2640 4287 et
2674 4238 2992 4299 momento,
3026 4234 3096 4287 ad
3130 4234 3448 4303 quemdam
3483 4251 3657 4289 usum
3690 4251 3795 4307 ge-

2139 4323 2328 4378 nitum
2357 4322 2453 4387 sit,
2478 4322 2578 4376 sed
2600 4320 2771 4391 quasi
2799 4322 3153 4389 subsistens,
3179 4338 3244 4375 ac
3272 4338 3372 4392 per
3393 4337 3455 4376 se
3507 4323 3787 4389 existens,

2139 4410 2636 4481 quemadmodum
2669 4415 2726 4464 et
2756 4414 2960 4464 natum
2990 4414 3097 4464 est.
3131 4409 3318 4464 Semel
3350 4426 3608 4480 namque
3631 4410 3794 4481 geni-

2138 4504 2234 4556 tus
2256 4516 2323 4555 ex
2353 4501 2520 4556 Patre
2572 4499 2901 4571 bypostasis
2944 4503 3053 4566 est,
3103 4497 3515 4553 indissolutam
3572 4497 3795 4554 habens

373 4589 664 4653 ὑπόστασις
695 4593 808 4646 κατ’
836 4590 1197 4669 ἐτυμολογίαν
1232 4591 1640 4669 διερμηνεύεται
1684 4594 2026 4659 ὑπό-στασις.

2147 4590 2565 4656 exeistentiam,
2601 4590 2710 4644 sub
2743 4588 2815 4643 iis
2846 4605 2974 4659 quas
3004 4605 3133 4643 esse
3161 4588 3351 4659 ipsius
3400 4588 3792 4644 constituunt.

373 4679 469 4737 Καὶ
494 4680 596 4756 γὰρ
629 4680 705 4743 ὡς
731 4685 855 4743 νοῦς
887 4682 916 4735 ὁ
947 4682 1163 4757 Πατὴρ,
1203 4684 1321 4738 κατ’
1367 4683 1542 4739 αἰτίαν
1591 4688 1688 4739 τοῦ
1737 4683 2024 4760 γεννητοῦ,

372 4767 448 4831 ὡς
477 4770 735 4845 γεννητὸν
766 4770 856 4825 τὸν
887 4770 1009 4825 Υἱὸν
1040 4769 1125 4826 ἐπ’
1171 4770 1329 4826 αὐτὸν
1381 4770 1519 4849 ἔχει.
1552 4774 1646 4828 Διὸ
1684 4774 1775 4828 καὶ
1807 4775 1835 4828 ὁ
1867 4774 2021 4851 εὐαγ-

369 4855 626 4934 γελιστής
684 4859 797 4915 ἀντὶ
848 4857 945 4914 τοῦ
977 4884 1006 4912 ‹‹
1060 4860 1163 4916 ὑπὸ
1196 4884 1224 4912 ››
1254 4861 1317 4917 τὸ
1347 4884 1376 4913 ‹‹
1426 4862 1563 4937 πρὸς
1614 4886 1642 4914 ››
1692 4862 2025 4943 ἀναγέγραφε

370 4943 571 5021 λᾶγων·
604 4972 633 4999 ‹‹
670 4949 755 5003 Ἐν
790 4948 939 5024 ἀρχῇ
986 4949 1053 5019 ἦν
1087 4951 1115 5005 ὁ
1146 4948 1341 5026 Λόγος.
1373 4950 1462 5005 καὶ
1516 4951 1544 5006 ὁ
1576 4950 1749 5027 Λόγος
1780 4954 1845 5021 ἦν
1884 4953 2023 5028 πρὸς

367 5035 459 5090 τὸν
508 5037 657 5109 Θεὸν,
709 5037 798 5092 καὶ
847 5038 977 5101 Θεὸς
1026 5041 1091 5107 ἦν
1144 5040 1173 5094 ὸ
1224 5039 1428 5115 Λόγος,
1461 5063 1488 5091 ››
1532 5039 1735 5096 Οὐκοῦν
1770 5039 2023 5096 ίσοδύνα-

372 5125 473 5200 μόν
532 5125 683 5199 ἐστι,
742 5127 832 5182 καὶ
878 5129 996 5182 καθ’
1052 5126 1106 5182 ’ὲν
1162 5130 1563 5203 σημαινόμενον
1626 5130 2021 5208 ἐπαναστρὲφον

366 5215 449 5287 τὸ,
486 5215 611 5287 ὑπὸ,
645 5216 736 5271 καὶ
766 5217 926 5292 πρὸς,
955 5216 1091 5273 κατὰ
1135 5218 1388 5295 πρόθεσιν
1424 5225 1521 5275 τοῦ
1550 5219 1815 5293 ὀνόματος
1844 5241 2023 5298 προσ-

370 5303 611 5377 κείμενα.

435 5467 479 5502 ³¹
508 5468 680 5524 Joan.
715 5482 756 5534 ι,
789 5466 843 5523 4.

439 5555 552 5627 (39)
588 5555 941 5635 Anglicanus
971 5556 1365 5635 solostquem
1398 5563 1668 5635 sequitur
1696 5563 1833 5619 edit.
1859 5563 2021 5635 Pari-

365 5623 573 5695 siensl,
618 5623 1047 5689 ἀτῖοολᾶποντες.
1105 5623 1254 5687 Εάἣ.
1313 5623 1541 5691 Comm.
1597 5639 1657 5691 et
1712 5634 1833 5706 alii,
1895 5631 2022 5709 βλέ-

366 5717 586 5761 ποντες.

438 5772 554 5843 (40)
581 5768 835 5843 Anglio.,
866 5766 930 5824 τὸ
962 5765 1292 5831 ἀλλοιωτόν.

2140 4680 2286 4735 Nam
2319 4680 2671 4752 hypostasis,
2706 4678 3031 4733 secundum
3066 4676 3502 4749 etymologiam,
3535 4676 3790 4747 explica-

2133 4774 2232 4824 tur
2262 4767 2739 4824 subexsistentia.
2774 4767 3077 4839 Siquidem
3113 4772 3301 4835 Pater,
3337 4770 3539 4838 utpote
3598 4782 3787 4837 mens,

2134 4862 2426 4929 quatenus
2450 4863 2538 4913 est
2556 4856 2737 4929 geniti
2760 4873 2955 4927 causa,
2978 4857 3143 4927 quasi
3167 4856 3429 4927 genitum
3476 4855 3687 4912 Filium
3728 4857 3787 4912 in

2134 4964 2196 5003 se
2219 4947 2410 5003 habet.
2435 4947 2824 5013 Quamobrem
2848 4946 3225 5019 evangelista,
3262 4946 3439 5017 hujus
3468 4945 3794 5015 vocisloco,

2136 5034 2237 5090 ὑπό
2270 5037 2350 5105 [id
2377 5040 2467 5092 est
2488 5058 2517 5085 «
2544 5037 2654 5091 sub
2680 5059 2701 5085 ι
2735 5033 2900 5107 ]πρός
2952 5036 3032 5104 [id
3053 5041 3140 5107 est
3158 5057 3184 5084 ‹‹
3202 5036 3379 5106 apud]
3397 5057 3423 5084 »
3442 5034 3793 5105 conscripsit

2134 5098 2335 5182 dicens
2359 5144 2371 5181 :
2395 5149 2423 5175 ‹‹
2452 5128 2511 5179 ln
2550 5098 3270 5197 princi‘pioeratVeibum,
3310 5098 3378 5178 et,
3393 5122 3648 5178 Verbum
3672 5098 3798 5179 erat

2133 5216 2287 5288 apud
2312 5216 2519 5285 Deum,
2553 5218 2610 5269 et
2630 5216 2778 5270 Deus
2801 5220 2925 5269 erat
2945 5213 3203 5267 Verbum
3247 5213 3316 5277 δ’,
3334 5234 3362 5261 ››
3412 5212 3568 5265 Idem
3596 5211 3793 5282 itaque

2133 5304 2243 5361 sibi
2275 5304 2419 5373 vult,
2451 5308 2508 5360 et
2537 5305 2607 5359 ad
2644 5321 2823 5359 unam
2872 5302 3259 5371 eamdemque
3296 5299 3789 5372 significationem

2131 5395 2304 5462 redit,
2337 5391 2461 5460 ὑπό,
2493 5397 2549 5449 et
2577 5390 2734 5467 πρός,
2770 5408 2900 5447 cum
2935 5388 3157 5446 nomini
3182 5388 3501 5444 adduntur.

2196 5554 2313 5639 (41)
2352 5556 2433 5610 Ita
2462 5551 2718 5624 Anglic.,
2754 5554 2923 5607 recte.
2959 5547 3112 5605 Editi
3159 5564 3314 5615 vero,
3368 5545 3481 5618 ἅμα
3538 5550 3634 5601 τοῦ
3690 5547 3783 5603 τὸν

2130 5645 2278 5680 νουν.

2205 5698 2315 5770 (42)
2345 5694 2594 5768 Anglia,
2628 5692 2963 5769 γεγέννηται.
