4120 6356
290 404 410 465 923

1456 406 1523 469 S.
1567 403 2098 467 ATHANASIUS.
2124 434 2197 449 -
2230 404 2542 467 SPURIA.

3591 411 3710 472 924

368 539 423 593 5.
458 537 642 607 Igitur
662 535 956 599 ὑπόστασις
1009 542 1098 594 est
1146 537 1350 608 Filius,
1409 539 1577 610 quasi
1613 538 1722 593 sub
1774 541 1942 591 Patre

2123 535 2179 589 5.
2211 533 2525 597 Ὑπόστασις
2572 533 2755 590 τοίνυν
2799 534 2939 591 ἐστὶν
2972 535 3007 597 6
3052 536 3199 607 Υἱὸς,
3250 537 3327 600 ὡς
3370 538 3473 593 ὑπό
3519 561 3573 595 τι
3614 542 3706 597 τὸν

296 627 696 684 exsistentiam
731 627 975 693 habens,
1010 645 1113 684 nec
1145 628 1272 684 sine
1303 630 1489 695 Patre,
1524 630 1619 684 sed
1652 628 1809 699 apud
1842 632 1948 681 Pa-

296 722 442 774 trem
472 735 705 789 semper
734 717 1041 783 exsistens,
1076 734 1265 790 neque
1315 718 1487 774 aliam
1535 735 1711 789 quam
1765 717 1948 773 Patris

296 807 654 863 voluntatem
687 808 929 875 habens,
964 825 1152 878 neque
1200 807 1376 863 aliam
1438 812 1805 879 potestatem,
1857 806 1943 861 vel

294 898 791 969 operationem,ut
814 914 1003 969 neque
1026 897 1201 952 aliam
1240 897 1655 962 substantiam;
1685 897 1784 951 sed
1812 913 1943 950 cum

294 987 495 1043 omnia
528 1003 892 1059 quaecunque
926 991 1095 1042 Pater
1145 986 1343 1053 habet,
1377 987 1589 1042 habeat
1614 990 1670 1041 et
1699 985 1824 1056 ipse
1856 986 1945 1040 Fi-

292 1076 430 1143 lius,
458 1075 983 1132 consubstantialis
1008 1080 1097 1131 est
1118 1076 1275 1132 Patri
1299 1080 1356 1131 et
1377 1074 1753 1148 Spiritui.Hic
1774 1074 1944 1145 juxta

295 1171 605 1238 paternum
622 1165 1273 1237 consilium,antiquum
1300 1170 1474 1237 atque
1495 1181 1718 1234 verum,
1743 1168 1946 1236 utpote

297 1256 494 1323 magni
516 1254 741 1310 consilii
764 1256 950 1310 Patris
973 1253 1534 1325 angelus,mirabilis
1552 1253 1945 1321 consiliarius,

296 1345 393 1416 qui
429 1343 566 1399 olim
602 1348 665 1398 ut
692 1344 944 1401 Verbum
978 1344 1164 1400 Patris
1195 1343 1578 1398 multifariam
1628 1341 1948 1414 multisque

296 1434 487 1489 modis
510 1432 740 1489 locutus
763 1438 852 1490 est
874 1434 1140 1506 patrihus
1163 1433 1222 1489 in
1244 1432 1581 1505 prophetis;
1608 1432 1947 1489 novissimis

296 1522 503 1579 diebus
533 1521 650 1590 his,
684 1520 919 1579 locutus
949 1526 1039 1578 est
1070 1520 1260 1589 nobis,
1294 1521 1635 1577 incarnatus
1665 1524 1722 1577 et
1771 1521 1950 1577 homo

297 1611 523 1667 factus:
558 1612 681 1683 qui,
707 1616 773 1666 ut
794 1610 895 1680 ait,
929 1615 988 1667 et
1026 1609 1241 1667 saicula
1266 1609 1436 1665 fecit:
1470 1626 1585 1666 non
1618 1609 1773 1682 quod
1835 1609 1949 1666 diis

298 1700 656 1773 quibusdam
684 1700 1044 1772 portentosis
1070 1716 1238 1755 suam
1261 1698 1686 1771 providentiam
1710 1699 1950 1754 commi-

297 1790 457 1857 serit,
483 1792 548 1844 ut
567 1790 732 1845 aiunt
760 1788 1008 1857 ethnici;
1032 1789 1133 1844 sed
1155 1788 1282 1862 ipse
1304 1788 1484 1844 Filius
1505 1804 1574 1845 ex
1614 1788 1803 1844 Patris
1857 1789 1952 1845 be-

2061 622 2272 698 ΙΙατίρα
2302 624 2483 679 στάσιν
2515 621 2685 700 ἔχων,
2733 624 2822 680 καὶ
2873 625 2934 679 οὑ
2984 625 3162 701 χωρὶς
3210 632 3306 681 τοῦ
3358 628 3568 703 Ιῐατρὸς
3615 627 3709 699 ὢν,

2059 711 2204 768 ἀλλὰ
2233 714 2370 788 πρὸς
2400 715 2490 769 τὸν
2545 715 2754 791 ΙΙατὲρα
2786 715 2865 770 ἀεὶ
2900 712 2994 769 ὢν·
3028 716 3116 770 καὶ
3164 716 3285 771 οὑτε
3317 716 3536 791 θέλημα
3567 718 3708 776 ἄλλο

2056 802 2203 877 παρᾶ
2243 807 2343 857 τοῦ
2396 804 2605 877 Πατρὸς
2656 801 2841 880 ἔχων,
2892 800 3014 859 οὔτε
3066 806 3174 877 μὴν
3223 803 3445 876 δύναμιν
3503 806 3708 881 ἒτέραν,

2057 887 2181 944 οὔτε
2235 892 2342 964 μὴν
2395 892 2691 968 ἐνέργειαν,
2751 893 2827 955 ὡς
2883 890 3008 948 οὐδὲ
3066 892 3212 963 ἄλλη
3274 895 3456 950 οὐσίαν
3492 943 3505 968 ,
3566 898 3713 954 ἀλλὰ

2056 980 2262 1050 πάντα,
2314 980 2413 1035 ὅσα
2469 978 2584 1058 ἔχει
2636 983 2665 1035 6
2701 978 3082 1057 Ιῐατὴρ,ἕχων
3133 983 3223 1038 καὶ
3274 984 3434 1048 αὐτὸς
3486 988 3513 1042 6
3562 989 3710 1056 Υἱὸς,

2056 1068 2350 1140 ὁμοούσιός
2404 1070 2515 1125 ἐστι
2562 1076 2642 1143 τῷ
2692 1072 2864 1145 ΙΙατρὶ
2912 1074 3001 1127 καὶ
3058 1078 3138 1145 τῷ
3188 1073 3485 1147 Ιῐνεὺματι.
3543 1078 3710 1142 Οὗτος

2055 1158 2190 1213 κατά
2220 1161 2489 1236 πατρικὴν
2526 1159 2732 1233 βουλῆν
2781 1160 3013 1237 ἀρχαίαν
3054 1163 3145 1217 καὶ
3174 1161 3465 1234 ἀληθινὴν,
3500 1167 3574 1229 ὡς
3614 1188 3708 1240 με-

2056 1246 2235 1321 γάλης
2291 1247 2497 1323 βουλῆς
2548 1250 2762 1325 ΙΙατρὸς
2812 1249 3059 1327 ἅγγελος,
3114 1254 3421 1326 θαυμαστὸς
3466 1250 3710 1328 σύμϐου-

2058 1335 2175 1404 λος,
2209 1337 2300 1392 καὶ
2330 1337 2523 1411 πάλαι,
2556 1340 2631 1402 ὡς
2665 1339 2840 1415 Λόγος
2867 1345 2966 1396 τοῦ
2992 1342 3226 1416 ΙΙατρὸς,
3258 1342 3591 1417 πολυμερῶς
3620 1345 3712 1400 καὶ

2057 1426 2423 1503 πολυτρόπως
2472 1426 2719 1499 ὶαλήσας
2763 1435 2880 1492 τοῖς
2932 1434 3194 1507 πατράσιν
3242 1431 3294 1487 ἐν
3344 1438 3463 1496 τοῖς
3492 1436 3712 1513 προφή-

2055 1536 2194 1584 ταις,
2226 1516 2308 1571 επ⁹
2341 1515 2587 1592 ἐσχάτων
2612 1521 2718 1572 τῶν
2770 1519 2993 1594 ἡμερων
3038 1519 3246 1574 τούτων
3280 1518 3547 1592 ἐλάλησεν
3576 1524 3714 1595 ἡμῖν

2058 1605 2354 1681 σαρκωθεὶς
2392 1605 2483 1660 καὶ
2527 1604 2967 1683 ἐνανθρωπήσας,
3016 1608 3099 1677 ὃς,
3148 1609 3306 1687 φησί,
3336 1608 3427 1664 καὶ
3468 1609 3596 1673 τοὺς
3626 1610 3711 1667 αἶ-

2059 1697 2197 1756 ὧνας
2244 1692 2517 1764 ἐποίησεν·
2575 1694 2637 1750 οὐ
2683 1698 2830 1759 θεοῖς
2875 1718 2984 1753 τισι
3030 1699 3475 1775 τερατευομὲνοις
3525 1699 3714 1777 ἔγχει-

2062 1784 2228 1857 ρήσας
2257 1784 2358 1852 τὴν
2392 1782 2555 1840 αὖ)τοῦ
2583 1784 2866 1861 πρόνοιαν,
2893 1785 3027 1842 καθά
3058 1808 3213 1864 φασιν
3245 1786 3541 1862 Ἕλληνες,
3584 1788 3713 1846 ἀλλ’

295 1878 610 1952 neplacito,
643 1883 700 1935 et
729 1878 982 1949 Spiritus
1011 1877 1198 1933 sancti
1231 1878 1656 1949 cooperatione,
1714 1894 1947 1934 omnem

2063 1871 2222 1935 αὑτὸς
2253 1873 2282 1926 6
2313 1873 2437 1935 Υἱὸς
2486 1870 2705 1946 εὐδοκία
2742 1878 2841 1929 τοῦ
2889 1877 3104 1951 Πατρὸς
3147 1877 3237 1932 καὶ
3285 1878 3568 1954 συνεργείᾳ
3612 1882 3712 1934 τοῦ

297 1984 494 2024 rerum
528 1966 955 2040 providentiam
988 1967 1296 2039 acceperit.
1331 1966 1638 2037 Siquidem
1686 1983 1951 2023 commu-

298 2057 537 2113 nionem
562 2058 879 2113 ostendens
902 2057 1166 2127 ejusdem
1190 2060 1248 2113 et
1272 2056 1450 2112 unius
1473 2056 1844 2128 providentiae
1865 2060 1952 2113 at-

298 2162 414 2219 que
431 2145 791 2219 operationis
803 2145 885 2201 ait
904 2162 916 2200 :
942 2169 971 2195 ‹‹
996 2146 1164 2201 Pater
1181 2162 1346 2202 meus
1365 2162 1546 2218 usque
1560 2146 1733 2202 modo
1750 2161 1952 2219 opera-

295 2240 412 2301 tur,
434 2241 608 2307 etego
632 2236 914 2306 operor”.
936 2256 957 2286 ι
985 2235 1108 2290 Non
1132 2237 1286 2291 enim
1322 2236 1642 2291 secundum
1690 2235 1864 2291 aliam
1898 2239 1954 2291 et

300 2326 475 2382 aliam
500 2325 922 2397 providentiam
940 2329 1108 2380 Pater
1123 2329 1179 2380 et
1200 2324 1380 2380 Filius
1397 2325 1840 2397 operantur,sed
1864 2342 1953 2381 se-

301 2419 560 2473 cundum
583 2433 762 2472 unam
788 2421 961 2488 atque
982 2417 1251 2473 eamdem
1276 2417 1953 2474 substantialemdivini-

297 2505 1031 2578 tatisoperationem.«Qui
1051 2523 1184 2562 cum
1210 2507 1284 2561 sit
1304 2530 1330 2556 η
1353 2508 1441 2579 (υι
1462 2508 1545 2563 ait
1564 2509 1780 2565 iterum
1814 2526 1952 2581 prte-

297 2612 363 2652 co
384 2595 505 2667 ille)
528 2619 557 2646 «
581 2595 860 2667 splendor
878 2595 1075 2667 gloriae
1099 2601 1155 2651 et
1180 2597 1366 2668 ﬁgura
1390 2598 1737 2653 substantiae
1760 2601 1946 2669 ejus,»

298 2686 607 2758 palamque
621 2685 795 2741 etiam
814 2689 971 2741 estet
985 2686 1197 2741 Patris:
1240 2686 1502 2759 feratque
1524 2710 1550 2737 ‹‹
1575 2688 1773 2744 omnia
1794 2689 1946 2745 881

295 2775 471 2831 verbo
496 2774 729 2830 virtutis
750 2774 958 2846 ipsius,
993 2776 1397 2847 purgationem
1441 2781 1811 2849 peccatorum
1846 2795 1949 2835 no-

298 2867 555 2920 strorum
587 2863 828 2930 faciens,
862 2865 1026 2919 sedet
1046 2865 1102 2920 in
1152 2865 1389 2921 dextera
1433 2866 1858 2938 magnitudinis
1888 2869 1949 2924 in

297 2952 543 3010 excelsis
561 2953 626 3007 3’.
654 2976 682 3004 ››
706 2952 1034 3011 Conversus
1058 2958 1251 3010 autem
1276 2972 1467 3011 sermo
1494 2957 1550 3010 in
1570 2956 1837 3013 eamdem
1861 2974 1950 3014 re-

303 3041 445 3100 cidit
475 3041 909 3115 cogitationem,
943 3044 1371 3100 considerando
1407 3044 1631 3100 scilicet
1673 3046 1950 3118 splendo—

297 3148 444 3196 rem,
512 3131 682 3203 quasi
738 3132 967 3188 radium
1026 3149 1094 3188 ex
1156 3136 1272 3190 toto
1331 3132 1452 3189 sole
1508 3138 1723 3205 ortum,
1781 3136 1952 3208 quasi

295 3220 520 3277 scilicet
550 3235 619 3276 ex
648 3220 810 3277 disco
840 3224 1027 3276 totum
1061 3221 1241 3277 solem
1293 3223 1627 3279 continente
1677 3224 1950 3289 oriretur,

293 3310 679 3367 indiscretum
739 3310 954 3366 habere
1004 3309 1321 3383 fulgorem;
1377 3316 1433 3367 et
1491 3313 1763 3385 ﬁguram,
1822 3331 1952 3371 esse

297 3399 694 3457 ostensionem
727 3399 1069 3457 substantia;
1100 3399 1280 3466 illius,
1341 3418 1443 3472 per
1499 3419 1676 3475 quam
1735 3404 1951 3476 ﬁgura-

294 3491 413 3545 tur.
1488 3496 1511 3511 ‘

366 3597 421 3651 8.
446 3596 957 3661 Quemadmodum
981 3595 1136 3653 enim
1163 3596 1390 3653 annulli
1416 3597 1720 3671 signatorii
1754 3600 1954 3657 chara-

296 3681 757 3753 cterimpressus
777 3684 1044 3742 eamdem
1068 3684 1246 3742 habet
1258 3702 1593 3756 expressam
1610 3688 1952 3761 imaginem,

298 3788 428 3844 quae
452 3771 631 3827 etiam
653 3771 913 3844 sigillum
938 3778 1333 3845 nuncupatur,
1357 3791 1603 3848 quasque
1626 3778 1952 3834 secundum

300 3860 766 3918 substantiamin
794 3861 954 3917 nullo
978 3862 1203 3929 deﬁcit;
1228 3863 1307 3917 ita
1329 3880 1564 3936 quoque
1587 3864 1769 3921 Filius
1789 3883 1953 3922 eum-

298 3950 431 4005 dem
453 3965 627 4020 quem
644 3954 817 4005 Pater
837 3951 951 4007 fert
971 3951 1394 4008 characterem.
1420 3953 1620 4024 Neque
1642 3955 1797 4011 enim
1822 3956 1957 4013 cha-

302 4044 494 4094 racter
538 4055 852 4109 expressus
910 4040 1115 4108 variat,
1172 4041 1271 4097 sed
1313 4041 1677 4100 invariabilis
1737 4049 1954 4111 manet,

292 4129 467 4200 juxta
495 4143 623 4183 eam
656 4145 784 4200 qum
816 4128 876 4184 in
905 4128 1146 4185 annullo
1176 4138 1256 4185 esl
1292 4129 1561 4200 ﬁguram,
1594 4132 1713 4187 sive
1744 4132 1800 4188 in
1824 4151 1955 4190 cero

302 4216 505 4273 sivein
537 4234 681 4273 auro
713 4217 1093 4289 exprimatur,
1119 4234 1223 4289 pro
1247 4218 1469 4274 ratione
1501 4220 1643 4291 regii
1689 4222 1912 4278 denarii
1939 4240 1953 4279 :

301 4312 359 4363 et
381 4305 467 4362 sic
486 4306 683 4362 divina
712 4306 839 4362 Filii
878 4307 1068 4377 ﬁgura
1088 4306 1433 4363 substantiae
1486 4308 1672 4365 Patris
1700 4310 1954 4368 invaria-

297 4395 417 4452 hile
445 4395 710 4467 sigillum
737 4400 863 4465 est,
897 4400 955 4452 et
1009 4396 1202 4452 ferens
1256 4399 1456 4453 omnia
1500 4400 1675 4454 verbo
1721 4401 1957 4457 virtutis

300 4485 777 4550 sum,secundum
800 4484 996 4556 ipsum
1022 4485 1324 4556 preprium
1350 4501 1525 4541 suum
1540 4486 1954 4556 characterem,

300 4589 536 4629 carnem
558 4573 728 4645 quasi
747 4589 974 4629 ceream
1010 4573 1076 4628 in
1107 4590 1171 4629 se
1205 4574 1743 4647 suscepit,eamque
1766 4578 1822 4632 in
1866 4595 1955 4635 se-

2066 1961 2222 2037 ἁγίου
2253 1962 2569 2036 Ιῐνεόματος
2600 1969 2771 2019 πᾶσαν
2801 1966 2902 2034 τὴν
2933 1969 3040 2020 τῶν
3092 1961 3261 2022 ὄντων
3293 1966 3551 2043 πρόνοιαν
3584 1968 3710 2023 ἀνα-

2065 2048 2405 2128 δεδεγμένος.
2441 2053 2693 2127 Ἐπείπερ
2725 2054 2813 2109 καὶ
2858 2055 2922 2110 τὸ
2951 2056 3128 2110 κοινὸν
3170 2053 3573 2129 ὲνδεικνύμενος
3600 2060 3702 2128 τῆς

2063 2139 2230 2211 αὐτῆς
2272 2141 2362 2196 καὶ
2414 2147 2540 2216 μιᾶς
2585 2141 2843 2218 προνοίας
2892 2142 2981 2198 καὶ
3030 2142 3335 2220 ἐνεργείας,
3384 2145 3566 2223 φησίν·
3600 2147 3711 2202 «Ὃ

2064 2231 2255 2305 Πατήρ
2305 2251 2409 2303 μου
2460 2226 2565 2293 ἕως
2614 2231 2733 2305 ἄρτι
2783 2229 3083 2308 ἐργάζεται,
3126 2233 3275 2310 κάγὼ
3325 2232 3651 2309 ἐργάζομαι.
3684 2260 3706 2287 ιι

2063 2316 2199 2373 Οὐδὲ
2248 2319 2352 2394 γὰρ
2400 2320 2536 2374 κατὰ
2586 2315 2767 2389 ἄλλην
2802 2321 2893 2375 καὶ
2944 2318 3124 2392 ἄλλην
3174 2322 3431 2399 πρόνοιαν
3460 2326 3488 2379 6
3518 2325 3709 2402 Ιιατήρ

2062 2408 2151 2464 καὶ
2203 2408 2327 2471 Υἱὸς
2379 2407 2677 2484 ἐργάζεται,
2730 2406 2876 2464 ἀλλὰ
2913 2412 3049 2465 κατὰ
3098 2410 3225 2484 μίαν
3279 2411 3368 2467 καὶ
3399 2413 3497 2481 τήν
3544 2412 3712 2481 αὑτὴν

2062 2495 2303 2568 οὐσιώδη
2336 2505 2435 2567 τῆς
2454 2497 2711 2569 θεότητος
2736 2497 3022 2575 ἐνέργειαν.
3047 2525 3075 2553 ‹‹
3098 2502 3198 2563 "Oc
3221 2500 3295 2556 ὢν
3319 2525 3345 2553 ››
3379 2502 3477 2574 (ὡς
3501 2502 3593 2557 καὶ
3614 2504 3717 2557 πά-

2062 2585 2148 2643 λιν
2182 2587 2344 2665 φησὶν
2377 2588 2405 2642 6
2435 2589 2629 2663 κῆρυξ)
2660 2613 2689 2639 ‹‹
2721 2586 3052 2664 ἀπαύγασμα
3094 2596 3197 2660 τῆς
3241 2587 3425 2662 δόξης,
3475 2590 3565 2646 καὶ
3606 2611 3716 2668 χα-

2061 2678 2266 2753 ρακτὴρ
2295 2684 2396 2747 τῆς
2428 2678 2769 2741 ὑποστάσεως
2812 2677 2976 2733 αὐτοῦ
3003 2702 3032 2733 ››
3064 2677 3234 2749 δῆλον
3270 2677 3327 2735 δὲ
3355 2679 3445 2735 καὶ
3473 2687 3574 2750 τῆς
3615 2686 3713 2738 τοῦ

2059 2765 2314 2839 ΙΙατρὸς),
2346 2761 2520 2841 φὲρων
2554 2785 2610 2819 τε
2642 2788 2670 2817 ‹‹
2700 2765 2768 2819 τὰ
2814 2770 2987 2820 πάντα
3034 2770 3114 2837 τῷ
3165 2766 3370 2841 ῥήματι
3420 2775 3520 2838 τῆς
3554 2765 3713 2823 δυνά-

2064 2875 2207 2927 μεως
2241 2853 2429 2921 αὐτοῦ,
2459 2854 2795 2929 καθαρισμὸν
2823 2858 2929 2909 τῶν
2965 2856 3245 2932 ἁμαρτιῶν
3286 2858 3446 2929 ἡμῶν
3476 2856 3712 2928 ποιησά-

2065 2964 2246 3017 μενος,
2298 2942 2537 2998 ἐκάθισεν
2589 2942 2641 2999 iv
2693 2941 2839 3015 δεξιᾷ
2873 2951 2972 3013 τῆς
3025 2945 3415 3020 μεγαλωσύνης
3463 2946 3515 3002 ἐν
3569 2949 3711 3023 ὑψη-

2063 3032 2203 3095 λοῖς.
2241 3057 2268 3083 »ι
2302 3031 2670 3111 Ἀναστρέφων
2705 3031 2763 3088 δὲ
2791 3032 2880 3088 καὶ
2913 3032 3066 3097 αὖθις
3096 3036 3124 3089 6
3157 3034 3349 3111 λόγος,
3378 3036 3456 3100 εἷς
3483 3039 3583 3107 τήν
3618 3036 3712 3092 αὖ·

2059 3123 2160 3192 τήν
2208 3120 2414 3177 ἔννοιαν
2466 3122 2857 3198 ἐπισυνάγεται,
2904 3118 3277 3200 περιϐλέπων,
3312 3126 3395 3181 ὅτι
3444 3126 3506 3181 τὸ
3536 3126 3713 3181 ἀπαύ-

2060 3232 2264 3287 γασμα,
2317 3212 2393 3274 ὡς
2431 3211 2581 3266 ἀκτὶν
2631 3209 2927 3282 πανήλιος,
2979 3213 3052 3275 ὡς
3092 3213 3152 3269 ἐκ
3197 3212 3383 3270 δίσκου
3430 3214 3712 3286 πανηλίου

2063 3298 2381 3357 ἀδιάστατον
2432 3296 2549 3377 ἔχει
2595 3302 2696 3369 τὴν
2737 3299 3036 3377 ἔλλαμψιν,
3087 3306 3175 3359 καὶ
3225 3306 3510 3381 χαρακτὴρ
3544 3300 3711 3360 ἔνδει-

2063 3391 2141 3461 ξίς
2170 3390 2253 3454 τίς
2287 3410 2399 3446 εστι
2442 3394 2543 3461 τῆς
2588 3390 2950 3464 ὑποστάσεως,
3001 3389 3071 3448 δι’
3124 3394 3191 3463 ἧς
3234 3394 3325 3450 καὶ
3375 3393 3715 3471 χαρακτηρί-

2066 3484 2208 3549 ζεται
2218 3522 2230 3537 .

2132 3590 2187 3643 6.
2217 3586 2306 3648 Ὧς
2365 3586 2477 3641 οἷον
2532 3586 2635 3662 γὰρ
2687 3587 2825 3642 κατὰ
2882 3586 3176 3644 δακτυλίου
3222 3588 3507 3665 χαρακτὴρ
3556 3585 3705 3641 ἐντυ-

2063 3675 2381 3749 ποὺμενος,
2427 3677 2493 3731 τὸ
2548 3676 2679 3731 αὐτὸ
2733 3675 3047 3750 ἐκτύπωμα,
3110 3678 3137 3733 ὃ
3192 3677 3281 3731 καὶ
3338 3676 3709 3753 ἐκσφράγισμα

2065 3765 2442 3842 ἑρμηνεύεται,
2478 3762 2646 3838 μηδὲν
2680 3765 2732 3821 ἐν
2765 3771 2880 3828 τοῖς
2909 3766 3025 3820 κατ’
3057 3764 3241 3820 οὐσίαν
3281 3763 3536 3820 ἐλλεῖπον
3570 3761 3706 3839 ἔχει·

2066 3854 2239 3917 οὕτως
2272 3855 2299 3908 6
2332 3855 2454 3917 Υἱὸς
2482 3855 2573 3910 τὸν
2604 3855 2763 3911 αὐτὸν
2794 3860 3117 3931 χαρακτῆρα
3143 3858 3240 3909 τοῦ
3290 3853 3499 3929 Ιιατρὸς
3530 3852 3705 3931 φέρει.

2065 3941 2202 3999 Οὐδὲ
2252 3944 2353 4019 γὰρ
2413 3942 2786 4021 παραλλάσσει
2844 3945 2871 3999 ὁ
2928 3944 3213 4021 χαρακτὴρ
3265 3941 3663 4015 ἐκτυπούμενος
3700 3985 3713 4008 ,

2065 4030 2193 4088 ἀλλ’
2223 4030 2643 4110 ἀπαράλλακτος
2679 4034 2848 4105 μᾶνει,
2881 4033 3018 4089 κατὰ
3062 4036 3153 4088 τὸν
3200 4032 3359 4088 αὐτὸν
3411 4031 3463 4087 ἓν
3511 4035 3592 4102 τῷ
3625 4027 3715 4086 δα-

2064 4122 2273 4195 κτυλίῳ
2299 4130 2643 4198 χαρακτῆρα,
2677 4118 2728 4179 ἔν
2778 4143 2836 4177 τε
2884 4124 3040 4197 κηρῷ
3089 4123 3180 4179 καὶ
3220 4143 3412 4199 χρυσῳ
3461 4118 3720 4176 ἐκτυπού-

2070 4233 2229 4285 μενος
2257 4212 2393 4266 κατὰ
2420 4212 2485 4267 τὸ
2529 4209 2810 4287 βασιλικὸν
2861 4209 3133 4287 δηνάριον
3175 4212 3264 4266 καὶ
3314 4211 3485 4272 οὕτως
3517 4211 3545 4265 6
3578 4213 3719 4274 θεῖος

2068 4302 2353 4378 χαρακτὴρ
2382 4305 2481 4356 τοῦ
2511 4303 2639 4356 Υἱοῦ
2668 4307 2767 4369 τῆς
2797 4305 2895 4354 τοῦ
2931 4300 3140 4376 ΙΙατρὸς
3175 4298 3517 4360 ὑποστάσεως
3547 4299 3719 4374 ἀπαρ-

2067 4389 2341 4454 άλλακτος
2400 4382 2629 4467 σφραγίς
2685 4387 2836 4457 ἐστι,
2895 4388 2985 4442 καὶ
3059 4387 3235 4464 φέρων
3292 4387 3360 4441 τὰ
3414 4388 3585 4442 πάντα
3641 4391 3722 4460 τῷ

2069 4479 2274 4557 ῥήματι
2330 4485 2430 4548 τῆς
2467 4476 2742 4550 δυνάμεως
2798 4475 2983 4548 αὐτοῦ,
3041 4478 3158 4532 κατ’
3215 4474 3373 4531 αὐτὸν
3429 4477 3521 4531 τὸν
3578 4473 3717 4533 ἷ¹διον

2065 4574 2426 4645 χαρακτῆρα,
2472 4567 2568 4635 τὴν
2620 4567 2697 4628 ὡς
2745 4565 2973 4643 κηρίνην
3035 4566 3208 4642 σάρκα
3257 4565 3333 4627 εἰς
3383 4565 3569 4622 ἑαυτὸν
3625 4566 3718 4621 άν-

302 4663 512 4717 metiso
532 4660 866 4733 obsignavit
885 4662 1037 4734 (quae
1088 4678 1181 4718 res
1207 4677 1348 4718 sane
1378 4678 1569 4734 neque
1617 4632 1951 4736 impossibi-

2068 4632 3007 4729 εδέξατοηέντυπωσάμενος-.αὐτὴν
3069 4632 3135 4711 ἐν
3177 4654 3351 4728 ἑαυτῷ
3409 4653 3559 4730 (οὐδὲ
3614 4655 3720 4731 γὰρ

300 4749 401 4818 lis,
424 4766 614 4821 neque
635 4749 997 4806 incredibilis
1020 4752 1132 4817 est)
1156 4768 1171 4815 ;
1196 4754 1261 4805 ut
1296 4754 1557 4822 tempore
1578 4758 1833 4824 paternae
1860 4773 1957 4813 vo-

304 4837 572 4897 luntatis.
606 4842 671 4894 ut
701 4837 1004 4895 character
1034 4839 1347 4910 (siquidem
1390 4845 1448 4896 et
1503 4841 1802 4899 character
1848 4847 1959 4918 est)

2070 4744 2328 4802 ἀδύνατον
2378 4749 2561 4820 τοῦτο,
2614 4742 2740 4801 οὐδὲ
2791 4746 2898 4819 μὴν
2944 4743 3214 4817 ἄπιστον)·
3241 4743 3334 4801 ’ίνα
3367 4747 3503 4801 κατὰ
3531 4745 3719 4822 καιρὸν

2067 4843 2336 4913 πατρικῆς
2396 4833 2663 4908 εὐδοκίας,
2722 4836 2799 4892 ὡς
2854 4837 3142 4913 χαρακτὴρ
3199 4834 3337 4909 (ἐπεὶ
3395 4834 3486 4891 καὶ
3544 4855 3720 4912 χαρα-

303 4927 771 4984 Incarnationem
796 4928 853 4983 in
878 4945 941 4984 se
961 4928 1443 5000 exprimeret,illa
1464 4945 1611 4987 usus
1633 4934 1802 5004 quasi
1826 4950 1951 4990 cera

2067 4927 2230 5003 κτήρ)
2286 4926 2562 5002 ἑντυπώσῃ
2618 4926 2669 4982 ὲν
2731 4928 2907 4999 ἑαυτῷ
2962 4927 3062 4995 τὴν
3120 4926 3389 4997 σάρκωσιν
3420 4970 3435 4998 ,
3490 4925 3565 4987 ὡς
3623 4927 3723 4995 κή-

298 5017 544 5074 velauro
570 5016 1083 5089 :quandoquidem
1108 5021 1300 5073 totum
1325 5019 1665 5091 mysterium
1690 5021 1957 5078 ineffabi-

300 5105 376 5163 lis
406 5106 567 5162 illius
598 5110 655 5162 et
687 5104 1108 5178 inexplicabilis
1166 5107 1589 5163 Incarnationis
1646 5111 1956 5167 subosten-

301 5195 405 5251 dit.
430 5196 576 5253 Nam
597 5194 739 5250 illud
764 5195 942 5250 etiam
968 5212 1125 5250 nunc
1151 5195 1447 5251 ineffabile
1476 5200 1534 5251 et
1558 5196 1957 5258 inenarrabile

302 5291 523 5351 manet,
556 5284 629 5341 ob
661 5284 947 5341 rationem
978 5285 1298 5350 crescendi,
1334 5284 1625 5356 siquidem
1675 5289 1956 5360 gradibus

305 5375 661 5447 quibusdam
686 5374 966 5447 dogmata
997 5373 1307 5442 tradimus,
1324 5389 1514 5445 neque
1527 5391 1644 5433 uno
1657 5385 1957 5436 momento

372 5604 418 5642 ⁸³
444 5604 616 5662 Joan.
655 5621 711 5674 v,
745 5605 832 5663 17.
907 5606 953 5643 ⁸³
984 5603 1157 5676 Hebr,
1191 5622 1234 5677 ι,
1266 5606 1320 5663 3.

372 5746 488 5821 (42)
514 5745 769 5821 Ausum,
794 5748 932 5813 καθὰ
958 5747 1052 5804 καὶ
1077 5745 1143 5804 τὸ
1172 5741 1331 5807 ὅλον.

2072 5038 2235 5093 ρωσιν
2313 5017 2516 5089 ταύτην
2595 5017 2811 5096 φέρων,
2869 5016 2905 5084 ἢ
2955 5013 3252 5091 χρύσωσιν*
3324 5012 3440 5068 ἐπεὶ
3511 5012 3603 5070 καὶ
3657 5014 3721 5069 τὸ

2067 5106 2197 5164 ὅλον
2258 5108 2374 5182 (43)
2453 5108 2750 5181 μυστήριον
2827 5102 3219 5181 ὑπεμφαίνεται
3294 5104 3392 5171 τῆς
3461 5102 3720 5172 τοιαύτης

2064 5197 2340 5275 άφράστου
2397 5197 2486 5252 καὶ
2543 5193 2947 5270 ἀνερμηνεύτου
3006 5191 3328 5267 σαρκώσεως
3361 5234 3376 5249 .
3437 5194 3561 5249 Ἔτι
3615 5194 3720 5267 γὰρ

2063 5286 2155 5341 καὶ
2204 5287 2471 5363 ἄφραστον
2523 5284 2613 5339 καὶ
2665 5284 3065 5357 ἀνερμήνευτον
3116 5281 3264 5353 μὲνει
3315 5277 3401 5335 διὰ
3446 5282 3508 5336 τὸ
3553 5281 3719 5353 αὐξη-

2062 5375 2235 5433 τικόν·
2291 5374 2510 5445 ἐπείπερ
2548 5372 2638 5428 καὶ
2686 5373 2802 5428 κατ’
2853 5368 3072 5441 αὔξησιν
3134 5367 3571 5448 δογματίζομεν,
3628 5373 3720 5427 καὶ
