4120 6368
339 418 457 481 925

1254 416 1519 480 SERMO
1560 417 1641 479 IN
1686 413 2401 478 ANNUNTIATIONEM
2448 412 2839 474 DEIPARIE.

3634 411 3754 472 926

341 547 402 604 οὐ
449 522 600 602 κατὰ.
638 547 700 602 τὸ
758 546 872 620 ἅμα
920 553 1021 618 τῆς
1079 545 1396 626 σφραγῖδος.
1445 547 1568 602 Ἐπὶ
1603 548 1696 620 μὶν
1725 546 1828 622 γὰρ
1886 552 1985 616 τῆς

2101 551 2284 603 totum
2309 546 2708 617 imprimimus
2733 543 3231 616 sigillum.Sigillo
3251 543 3579 613 enim,cum
3605 541 3754 598 mul-

341 634 658 715 σφραγῖδος,
691 635 806 708 ἃμα
835 657 894 690 τε
919 637 1023 712 πρὸ
1055 635 1282 692 πολλῶν
1312 635 1401 691 καὶ
1442 636 1493 691 ἐν
1527 635 1764 698 πολλοῖς
1795 640 1990 710 κηροῖς

341 724 558 782 δύναται
609 725 960 800 ἀναφέρεσθαι
1008 727 1069 780 τὸ
1123 725 1438 798 ἐκτύπωμα’
1492 725 1579 780 ἐπὶ
1631 724 1687 780 δὲ
1714 732 1814 794 τῆς
1844 725 1989 788 θείας

340 816 661 889 σαρκώσεως
715 813 822 890 οὐχ
871 816 1005 888 ἅμα,
1063 813 1210 871 ἀλλὰ
1255 817 1370 869 κατ’
1422 812 1640 886 αὔξησιν
1690 814 1753 870 τὸ
1781 812 1991 868 τέλειον

340 901 745 980 δογματίζεται.
797 908 970 959 Τοῦτο
1026 901 1071 958 δ’
1116 903 1174 958 ἂν
1225 903 1314 959 καί
1347 901 1674 959 διανοεῖσθαι
1706 900 1869 957 πάλιν
1905 899 1992 955 δύ-

337 1014 518 1062 νηται,
577 993 650 1054 ὡς
699 991 745 1046 εἷ’
792 1014 874 1055 τις
927 991 1048 1068 ἔχοι
1103 992 1414 1063 λεπτότητα
1456 997 1572 1062 νοῦ,
1628 993 1716 1047 καὶ
1773 990 1992 1046 δύναται

339 1080 571 1138 εἰσδῦναι
629 1085 763 1137 κατά
817 1084 1011 1157 βάθους
1059 1088 1152 1137 τοῦ
1203 1085 1444 1159 ψυχικοῦ
1495 1081 1852 1157 σπειρομένου
1885 1081 1990 1134 σώ-

343 1193 532 1244 ματος.
566 1171 654 1225 καὶ
688 1169 917 1225 συνιδεῖν
954 1171 1239 1248 ἀφραστως
1286 1172 1375 1225 καὶ
1411 1171 1823 1242 ἆθεκλαλήτως,
1875 1174 1989 1230 πῶς

339 1259 450 1315 ἐκεῖ
503 1260 869 1333 ἐμπίπτοντος
913 1265 1009 1315 τοῦ
1059 1261 1294 1336 γονίμου
1344 1261 1674 1334 σπέρματος,
1706 1261 1859 1320 ευθὺς
1896 1260 1988 1332 μὲν

342 1349 429 1405 ἐπί
485 1371 537 1404 τι
593 1349 781 1424 μόριον
841 1349 1143 1427 συντρέχει,
1203 1351 1338 1406 κατὰ
1398 1351 1588 1424 μικρὸν
1653 1347 1709 1404 δὲ
1757 1349 1845 1403 καὶ
1877 1349 1992 1403 κατ’

343 1437 581 1494 ἐπίδοσιν
615 1441 711 1508 τὴν
745 1437 965 1509 αὔξησιν
1009 1436 1295 1513 λαμϐάνει,
1347 1437 1487 1497 Οὐδὲ
1512 1439 1615 1515 γὰρ
1665 1437 1790 1494 οὐδὲ
1831 1439 1990 1493 τοῦτο

343 1528 430 1582 ἐπὶ
461 1532 568 1582 τῶν
597 1530 715 1592 καθ’
762 1531 909 1601 ἡμᾶς
961 1527 1231 1601 λαλεῖται,
1281 1528 1426 1597 πλην
1481 1527 1563 1584 ὅτι
1612 1526 1872 1606 φαντασίᾳ
1920 1528 1993 1589 ὡς

345 1616 651 1694 ὑπέμφασις
698 1616 903 1692 γίνεται
958 1615 1255 1688 ἀλαλήτως
1323 1618 1412 1672 καὶ
1484 1617 1786 1694 ἀφράστως·
1849 1614 1993 1670 ἀλλὰ

338 1711 453 1759 κατ’
513 1705 730 1775 αὔξησιν
788 1707 880 1778 μὶν
933 1705 1022 1760 οὖν
1075 1709 1109 1776 ἡ
1159 1708 1275 1770 θεία
1321 1711 1415 1761 τοῦ
1483 1707 1665 1782 Λόγου
1725 1704 1993 1781 σάρκωσις

333 1793 559 1870 γίνεται,
595 1792 693 1847 οὐκ
722 1791 976 1864 αὔξοντος
1001 1798 1100 1848 τοῦ
1131 1795 1278 1849 θείου
1311 1798 1684 1871 χαρακτῆρος,
1726 1792 1849 1848 οὐδὲ
1884 1795 1990 1864 μὴν

339 1882 714 1955 συναύξοντος’
762 1881 890 1938 ἀλλ’
927 1882 1262 1956 ἐπαυξούσης
1317 1890 1415 1953 τῆς
1482 1883 1736 1959 ἐμψύχου
1795 1884 1989 1959 σαρκὸς

337 1973 454 2035 καθ’
486 1969 616 2026 ὅλον
670 1972 732 2026 τὸ
781 1971 1086 2048 πλήρωμα,
1136 1974 1254 2026 καθ’
1295 1972 1324 2027 6'
1356 1976 1640 2049 ἅνθρωπος
1672 1970 1989 2043 ἐξιδιάζεται

338 2060 425 2116 καὶ
475 2067 845 2139 κυοφορεῖται.
893 2063 990 2116 Διὰ
1035 2066 1196 2117 τοῦτο
1244 2061 1573 2135 ἐννεαμηνος
1605 2083 1761 2136 νομῳ
1783 2061 1990 2138 ἀνθρω-

342 2149 503 2219 πίνης
560 2150 875 2227 κυοφορίας,
935 2151 1214 2206 κάντεῦθεν
1273 2152 1666 2213 Θεοῦπόστατος
1726 2147 1988 2224 δογματι-

341 2243 483 2308 ζεται
529 2241 564 2309 ἡ
616 2244 850 2314 Χριστοῦ
899 2241 1188 2314 σάρκωσις,
1237 2242 1324 2295 καὶ
1377 2238 1634 2312 οὐδαμῶς
1694 2240 1987 2315 ἀνθρωπο-

337 2327 662 2390 ὓπόστατοςο
711 2327 899 2398 ἐπειδὴ
944 2331 1080 2384 κατὰ
1134 2329 1226 2385 τὸν
1283 2331 1424 2384 θεῖον
1457 2336 1779 2405 χαρακτῆρα
1807 2329 1870 2383 τὸ
1902 2329 1990 2382 ἀν-

338 2419 610 2492 θρώπινον
661 2421 853 2494 σχῆμα
902 2419 1000 2486 τήν
1051 2419 1230 2472 στάσιν
1281 2419 1472 2473 ἐαυτοῦ
1519 2416 1820 2488 ἀνεδέξατο,
1875 2419 1991 2472 καθ’

338 2503 532 2562 ἓνωσιν
592 2507 684 2578 μὲν
738 2507 813 2568 ὡς
869 2508 1174 2580 πνεύματος
1225 2509 1361 2582 πρὸς
1406 2509 1614 2583 ψυχήν.
1673 2506 1827 2561 Οὕτω
1884 2509 1987 2580 γὰρ

343 2591 442 2648 δύο
490 2591 549 2648 τέ
600 2594 842 2658 ἐστικκαὶ
893 2593 1001 2670 οὐχ
1038 2592 1092 2648 ’ἐν
1143 2596 1169 2649 6
1217 2596 1470 2672 Χριστὸς,
1521 2595 1610 2650 καὶ
1636 2596 1709 2658 εἷς
1740 2595 1828 2650 καὶ
1862 2595 1990 2672 οὐχὶ

339 2680 455 2737 δύο·
492 2683 580 2737 καὶ
642 2680 736 2738 δύο
792 2684 884 2756 μὲν
933 2685 1024 2738 καὶ
1073 2684 1182 2760 οὐχ
1231 2682 1284 2738 ἕν
1330 2683 1438 2738 ἐστι
1486 2685 1622 2739 κατὰ
1648 2686 1742 2746 τὰς
1775 2682 1870 2738 δύο
1898 2685 1990 2762 φύ-

338 2793 470 2840 σεις,
504 2771 593 2826 καὶ
638 2774 712 2834 εἷς
765 2773 856 2827 καὶ
904 2774 1032 2848 οὗχί
1084 2771 1179 2828 δύο
1218 2773 1353 2828 κατὰ
1383 2775 1479 2842 τὴν
1516 2774 1638 2846 μίαν
1674 2773 1986 2829 ὑπόστασιν.

335 2861 430 2916 Διὸ
460 2861 550 2915 καὶ
582 2859 677 2916 δύο
710 2862 804 2934 μὲν
837 2859 1120 2934 θελήματα
1152 2863 1406 2937 λὲγομεν,
1441 2861 1528 2917 καὶ
1562 2861 1690 2938 οὐχὶ
1723 2859 1814 2918 δύε
1861 2863 1988 2926 τοὺς

335 2951 617 3022 θέλοντας,
669 2951 758 3005 καὶ
804 2949 899 3005 δύο
941 2952 1206 3028 ἐνεργείας
1248 2951 1337 3006 καὶ
1390 2951 1520 3027 οὐχὶ
1553 2950 1647 3006 δύο
1675 2952 1803 3014 τοὺς
1838 2951 1988 3026 ἐνερ-

333 3044 578 3115 γοῦντας.
606 3037 766 3096 Ἀλλ’
790 3037 884 3094 ἕνα
918 3041 1012 3111 μὲν
1045 3040 1273 3096 Θέλοντα
1302 3043 1436 3095 κατά
1464 3043 1562 3110 τήν
1601 3040 1724 3115 μίαν
1763 3042 1991 3096 ὑπόστα-

338 3149 439 3198 σιν,
470 3125 566 3183 δύο
599 3126 657 3183 δὲ
688 3125 972 3202 θελήματα
1000 3129 1090 3183 καὶ
1125 3127 1219 3184 δύο
1263 3129 1554 3206 ἐνεργείας,
1587 3131 1722 3185 κατὰ
1751 3131 1846 3200 τὴν
1879 3135 1986 3185 τῶν

332 3216 543 3296 φύσεων
577 3215 907 3294 ἷδιολογίαν.

399 3399 454 3453 7.
491 3397 578 3449 Ἐν
610 3395 823 3458 τούτοις
853 3393 942 3451 οὖν
979 3393 1430 3469 διακηρύττοντες
1460 3396 1521 3451 τὸ
1566 3402 1707 3461 θεῖον
1734 3403 1834 3466 τῆς
1866 3417 1990 3473 σαρ-

328 3485 552 3546 κώσεως
602 3483 690 3540 καὶ
751 3484 1210 3561 ἐνανθρωπήσεως
1283 3487 1604 3562 μυστήριον,
1667 3482 1987 3542 ἀποϐαλλό·

337 3585 471 3649 μεθα
528 3575 626 3636 τὰς
671 3578 780 3628 τῶν
829 3575 1114 3650 αἱρετικῶν
1169 3572 1543 3651 βλασφημίας,
1606 3577 1722 3630 καθ’
1784 3572 1843 3638 ἅς
1899 3576 1989 3630 καὶ

335 3658 760 3741 βεϐυθισμὲνους
805 3663 1000 3726 αὐτοὺς
1031 3663 1555 3736 καταλιμπάνοντες,
1610 3664 1992 3740 μετερχόμεθα

331 3752 410 3816 εἷς
455 3755 523 3808 τὰ
570 3754 716 3826 παρά
757 3758 854 3808 τοῦ
904 3752 1288 3829 εὐαγγελιστοῦ
1347 3753 1814 3827 καθιστορούμενα
1866 3755 1989 3830 περὶ

326 3847 425 3898 τοῦ
456 3841 850 3920 εὐαγγελισμώ
879 3845 979 3911 τῆς
1019 3841 1284 3898 Θεοτόκου
1314 3842 1402 3897 καὶ
1438 3843 1658 3919 Μητρὸς
1686 3847 1783 3898 τοῦ
1832 3841 1986 3898 Θεοῦ·

327 3930 419 3986 καὶ
469 3931 544 3994 ὡς
588 3929 703 4007 ἔχει
755 3930 1074 4001 συντάξεως,
1126 3928 1562 4004 διεξοδικώτερον
1624 3931 1986 4004 ἀκουσόμεθα.

331 4019 722 4092 Σημειούμεθα
771 4015 836 4086 δὴ
888 4015 1002 4090 οὖν,
1053 4015 1135 4072 ὅτι
1186 4018 1320 4071 κατά
1362 4017 1548 4092 καιρὸν
1597 4014 1841 4079 εὐδοκίας
1893 4023 1988 4072 τοῦ

323 4113 590 4185 πατρικοῦ
638 4107 952 4181 θελήματος
1004 4106 1091 4161 ἐπὶ
1144 4105 1541 4180 συμπληρώσει
1592 4110 1696 4160 τῶν
1741 4102 1987 4179 ἐϐδομή-

323 4219 487 4253 κοντα
517 4193 837 4270 ἐϐδομάδων
870 4195 1074 4264 Δανιὴλ
1102 4199 1198 4250 τοῦ
1243 4198 1553 4274 προφήτου,
1591 4196 1724 4269 μετὰ
1750 4196 1811 4250 τὸ
1840 4195 1987 4250 οἷκο-

331 4285 641 4360 δομηθῆναι
692 4283 1075 4358 Ἰερουσαλὴμ,
1109 4284 1160 4338 ἐν
1190 4288 1269 4356 τῷ
1299 4283 1615 4360 ἐπιστρέψαι
1644 4286 1743 4354 τὴν
1779 4285 1989 4361 αἰχμα-

340 4373 546 4431 λωσίαν
606 4372 784 4430 Ἰούδα
841 4375 946 4428 ἀπὸ
1001 4368 1348 4443 Βαϐυλῶνος,
1390 4371 1479 4428 διὰ
1537 4373 1820 4444 Σαλαθιηλ
1899 4373 1988 4429 καὶ

331 4466 514 4536 Ἰησοῦ
570 4467 666 4518 τοῦ
711 4460 979 4531 Ἰωσεδὲκ,
1034 4463 1335 4538 ἀρχιερέων
1366 4462 1490 4518 τότε
1520 4465 1824 4538 γενομένων
1855 4463 1992 4518 κατὰ

328 4556 428 4624 τήν
487 4552 885 4628 συμπλήρωσιν
936 4556 1041 4606 τῶν
1088 4551 1448 4624 τετρακοσίων
1484 4551 1799 4624 ἐνενήκοντα
1832 4551 1986 4620 ἐτῶν,

331 4649 446 4699 κατ’
488 4641 788 4732 ἐφημερίαν
843 4641 1126 4717 ὶεραρχίας
1185 4641 1370 4732 αὐτοῦ,
1430 4640 1649 4732 εἲᾲσῇλθε
1713 4641 1986 4732 Ζαχαρίας
2019 4667 2065 4732 D

329 4733 404 4796 εἰς
452 4731 543 4788 τὸν
588 4731 712 4787 ναὸν
763 4734 858 4785 τοῦ
915 4735 1047 4785 Θεοῦ
1090 4731 1368 4803 θυμιάσαι’
1401 4730 1489 4786 καὶ
1523 4726 1678 4808 ὤφθη
1713 4731 1858 4803 αᾶιτῴ
1890 4729 1986 4809 ἄγ-

327 4820 492 4894 γελος
550 4819 750 4896 Κυρίου
798 4818 858 4875 ἐκ
905 4817 1091 4890 δεξιῶν
1141 4824 1238 4874 τοῦ
1269 4819 1674 4895 θυσιαστηρίου,
1705 4821 1796 4875 καὶ
1826 4821 1984 4896 εὐαγ-

327 4909 599 4988 γελίζεται
659 4909 806 4982 αὐτῷ
854 4910 979 4984 περὶ
1039 4907 1291 4964 Ἰωάννου
1348 4913 1446 4964 τοῦ
1503 4907 1622 4963 υἱοῦ
1664 4909 1848 4980 αὐτοῦ,
1910 4910 1986 4972 ὡς

328 4998 674 5075 συλλήψεται
707 4993 990 5054 Ἐλισάϐετ
1017 5000 1052 5068 ἡ
1093 4999 1228 5075 γυνὴ
1281 4997 1468 5072 αὐτοῦ,
1511 4997 1600 5053 καὶ
1647 4998 1850 5072 τέξεται
1893 4999 1984 5054 τὸν

327 5091 631 5159 Βαπτιστὴν
683 5088 774 5146 καὶ
814 5085 1132 5165 πρόδρομον
1177 5093 1273 5143 τοῦ
1323 5092 1579 5164 Χριστοῦ.
1634 5088 1730 5142 Καὶ
1773 5085 1840 5158 δὴ
1888 5096 1986 5159 τῆς

328 5177 658 5252 συλλήψεως
706 5178 1027 5252 γενομένης,
1058 5181 1138 5249 τῷ
1174 5179 1310 5250 μηνί
1340 5181 1419 5249 τῷ
1450 5173 1590 5250 ἕκτῳ
1630 5184 1730 5247 τῆς
1785 5178 1836 5232 ἐν
1881 5200 1986 5254 γα-

329 5267 445 5341 στρὶ
473 5265 790 5344 κυοφορίας.
826 5259 1138 5332 Ἐλισάϐετ,
1176 5264 1625 5337 ἐξαποστέλλεται
1658 5267 1685 5321 6
1719 5268 1989 5345 ἀρχάγγε-

334 5352 428 5418 λος
496 5349 744 5432 Γαϐριὴλ
821 5355 967 5430 παρᾶ
1029 5359 1184 5423 Θεοῦ,
1245 5353 1320 5417 εἰς
1376 5356 1617 5432 Ναζαρὲτ
1676 5355 1838 5411 πόλιν
1887 5364 1986 5427 τῆς

331 5442 630 5506 Γαλιλαίας
679 5443 814 5518 πρὸς
861 5444 960 5512 τὴν
1008 5444 1277 5518 Παρθὲνον
1311 5446 1557 5519 Μαριάμ.
1600 5446 1696 5502 Καὶ
1730 5444 1986 5502 εἶσελθὼν

328 5534 467 5610 πρὸς
518 5533 686 5602 αὐτὴν
738 5534 766 5588 6
823 5529 1074 5608 ἄγγελος,
1151 5534 1423 5604 ἠσπάζετο
1499 5534 1700 5607 ταύτην
1761 5535 1981 5612 λέγων.

402 5749 451 5788 ³⁴
477 5747 616 5807 Luc.
645 5747 689 5820 i,
717 5746 813 5804 28.

2100 637 2179 692 tis
2209 641 2342 691 ante
2372 635 2756 706 temporibus,
2788 640 2911 688 tum
2963 634 3023 688 in
3076 633 3273 689 multis
3324 633 3472 688 ceris
3505 631 3750 705 exprimi

2100 731 2294 799 potest
2325 727 2516 798 imago
2544 743 2556 780 :
2582 727 2639 780 in
2673 725 2870 780 divina
2899 742 3032 780 vero
3066 725 3490 790 Incarnatione,
3524 741 3638 778 non
3671 724 3749 776 si—

2103 816 2360 879 mul,sed
2388 816 2638 886 quodam
2670 817 3026 870 incremento
3059 830 3150 868 res
3183 814 3432 884 perfecte
3453 813 3747 867 edocetur.

2101 905 2234 969 Quae
2267 921 2358 960 res
2390 905 2568 977 probe
2597 904 2840 975 intelligi
2874 908 3075 974 queat;
3100 904 3145 958 si
3172 903 3304 973 quis
3334 902 3546 956 mentis
3569 901 3752 957 subti-

2100 994 2262 1050 litate
2295 995 2594 1066 praaditus,
2629 995 2914 1066 profunde
2954 993 3140 1066 possit
3189 997 3491 1063 penetrare
3521 992 3594 1046 ad
3626 1008 3750 1046 cor-

2103 1101 2213 1155 pus
2245 1083 2485 1138 animale
2519 1101 2706 1155 nuper
2735 1090 2952 1146 satum,
2986 1087 3160 1153 atque
3192 1080 3308 1135 illic
3341 1097 3461 1135 rem
3495 1079 3752 1134 ineffabi-

2101 1172 2216 1227 lem
2250 1171 2832 1244 inexplioabilemqua
2855 1169 3260 1241 contemplari,
3284 1169 3576 1240 quomodo
3600 1167 3753 1222 scili-

2103 1269 2192 1318 cet
2213 1263 2513 1317 desidente
2536 1261 2653 1315 illic
2676 1260 2914 1333 genitali
2938 1261 3180 1325 semine,
3206 1259 3404 1314 statim
3429 1258 3667 1330 quidem
3689 1257 3765 1330 ir;

2102 1351 2450 1424 particulam
2502 1353 2814 1422 quamdam
2864 1349 3164 1416 coalescit;
3218 1347 3502 1421 paulatim
3530 1363 3666 1401 vero
3696 1350 3752 1401 et

2102 1458 2205 1513 per
2234 1441 2628 1496 accessionem
2661 1441 3090 1494 incrementum
3120 1439 3350 1508 accipit.
3374 1437 3568 1507 Neque
3592 1435 3750 1490 enim

2101 1531 2244 1585 illud
2295 1529 2493 1601 ipsum
2539 1531 2692 1601 apud
2745 1545 2851 1583 nos
2881 1528 2994 1582 dici
3028 1532 3244 1598 potest;
3290 1543 3489 1582 verum
3541 1525 3750 1596 imagi-

2104 1619 2297 1674 nando
2328 1623 2556 1673 tantum
2599 1617 2816 1688 aliquid
2867 1615 3200 1689 percipitur,
3233 1617 3336 1671 sed
3380 1613 3753 1670 ineﬁ'abiliter

2104 1713 2279 1777 atque
2295 1707 2782 1762 inenarrabiliter.
2802 1708 2998 1776 Itaque
3020 1722 3153 1761 cum
3176 1705 3371 1776 aliquo
3390 1703 3750 1759 incremento

2104 1797 2300 1852 divina
2319 1796 2489 1852 Verbi
2527 1795 2852 1851 Incarnatio
2883 1795 3154 1860 efﬁcitur,
3180 1811 3294 1848 non
3329 1793 3484 1865 quod
3515 1792 3751 1848 divinus

2105 1885 2404 1940 character
2443 1890 2729 1955 augeatur
2757 1883 2843 1938 vel
2890 1887 3254 1948 concrescat;
3307 1883 3405 1937 sed
3456 1886 3752 1936 crescente

2103 1973 2342 2030 animali
2366 1989 2540 2029 carne
2562 1972 2883 2028 secundum
2910 1987 3145 2028 omnem
3179 1971 3751 2043 plenitudinem,qua

2099 2064 2274 2120 homo
2306 2064 2542 2136 propria
2564 2068 2771 2119 natura
2792 2063 2998 2119 crescit
3017 2063 3159 2117 dum
3192 2062 3248 2117 in
3274 2067 3439 2117 utero
3461 2065 3746 2133 gestetur.

2100 2154 2491 2219 Quamobrem
2515 2152 2638 2224 lege
2661 2153 2988 2218 hominum,
3010 2169 3216 2207 novem
3241 2151 3534 2207 mensium
3558 2150 3748 2221 spatio

2099 2245 2381 2314 gestatur,
2405 2246 2579 2312 atque
2610 2242 2817 2297 exinde
2839 2241 3054 2297 Christi
3089 2241 3414 2295 Incarnatio
3437 2239 3537 2294 Dei
3568 2239 3750 2311 hypo-

2099 2332 2286 2387 stasin
2313 2331 2524 2386 habere
2545 2331 2775 2396 dicitur,
2804 2335 2859 2384 et
2886 2329 3220 2384 nullatenus
3253 2329 3544 2384 hominis:
3570 2345 3751 2401 quan-

2099 2421 2583 2492 doquidemjuxta
2605 2419 2866 2475 divinum
2883 2420 3274 2474 characterem
3288 2419 3322 2472 h
3335 2435 3549 2474 umana
3564 2418 3750 2473 forma

2099 2510 2504 2567 exsistentiam
2549 2526 2718 2564 suam
2777 2510 3020 2580 accepit,
3083 2510 3410 2564 secundum
3471 2509 3746 2564 unionem

2100 2599 2266 2671 quasi
2290 2598 2534 2669 spiritus
2567 2600 2637 2653 ad
2661 2599 2944 2653 animam.
2969 2599 3048 2652 Ea
3076 2597 3234 2652 enim
3266 2598 3488 2652 ratione
3514 2598 3629 2651 duo
3661 2600 3751 2652 est

2096 2687 2362 2743 Christus
2393 2692 2447 2742 et
2478 2704 2592 2742 non
2627 2704 2830 2756 unum,
2851 2704 2918 2741 ac
2949 2687 3124 2742 simul
3160 2703 3344 2741 unum
3373 2692 3430 2742 et
3459 2703 3573 2741 non
3609 2687 3745 2740 duo.

2099 2776 2222 2831 Duo
2245 2776 2483 2848 quidem
2507 2779 2596 2830 est
2625 2781 2680 2830 et
2702 2792 2814 2829 non
2847 2793 3030 2829 unum
3061 2776 3384 2830 secundum
3410 2775 3556 2830 duas
3580 2779 3748 2829 natu-

2100 2883 2222 2931 ras;
2259 2882 2441 2918 unum
2475 2880 2604 2918 vero
2635 2869 2692 2919 et
2720 2881 2832 2919 non
2858 2864 2973 2918 duo
3005 2865 3330 2919 secundum
3356 2881 3532 2918 unam
3567 2863 3747 2934 hypo-

2099 2955 2306 3009 stasin.
2331 2954 2720 3016 Quamobrem
2767 2954 2915 3007 duas
2965 2951 3216 3008 dicimus
3249 2952 3598 3019 voluntates,
3632 2968 3748 3005 non

2099 3043 2246 3097 duos
2279 3041 2566 3108 volentes;
2593 3043 2740 3097 duas
2772 3041 3161 3112 operationes,
3186 3057 3297 3096 non
3333 3042 3481 3095 duos
3512 3056 3753 3111 operan-

2098 3135 2208 3186 tes.
2243 3131 2354 3186 Sed
2391 3148 2572 3186 unum
2617 3131 2792 3201 quide
2820 3148 2852 3184 n
2886 3131 3174 3186 volentem
3215 3131 3536 3186 secundum
3569 3145 3746 3184 unam

2098 3219 2463 3291 hypostasin,
2498 3221 2646 3275 duas
2691 3226 2884 3274 autem
2919 3219 3244 3275 voluntates
3273 3224 3330 3275 et
3359 3219 3505 3275 duas
3548 3235 3750 3291 opera-

2019 3295 2062 3363 C
2099 3308 2289 3364 tiones
2322 3308 2481 3381 juxta
2513 3314 2856 3364 naturarum
2889 3308 3322 3380 proprietatem.

2169 3400 2222 3452 7.
2250 3397 2348 3452 His
2379 3397 2560 3469 igitur
2580 3397 2844 3452 divinum
2884 3397 3267 3470 pradicantes
3290 3397 3633 3470 mysterium
3659 3397 3752 3450 In-

2100 3487 2478 3551 carnationis,
2521 3487 2834 3557 abjicimus
2897 3486 3300 3542 haereticorum
3356 3485 3755 3558 blasphemiae

2103 3577 2316 3648 quibus
2349 3575 2482 3632 illos
2515 3576 2815 3632 demersos
2867 3576 3290 3647 relinquentes,
3323 3577 3395 3631 ad
3445 3575 3757 3631 historiam

2100 3665 2469 3736 evangelista;
2517 3665 2964 3736 pertransimus,
2991 3683 3108 3736 qua
3153 3670 3353 3720 narrat
3385 3666 3483 3720 ille
3514 3669 3755 3720 Annun-

2100 3754 2405 3810 tiationem
2437 3753 2694 3824 Deiparze
2724 3759 2782 3809 et
2824 3755 2922 3809 Dei
2961 3753 3183 3822 Matris,
3213 3759 3271 3808 et
3320 3760 3385 3808 ut
3430 3770 3521 3808 res
3553 3753 3757 3808 ordine

2101 3860 2163 3899 se
2197 3843 2371 3898 habet
2420 3843 2766 3915 explicatius
2817 3845 3151 3899 audiamus.
3187 3844 3304 3899 Hoc
3352 3843 3758 3915 signiﬁcamus

2099 3933 2316 4004 igitur:
2351 3950 2465 4003 quo
2511 3938 2775 4003 tempore
2809 3938 3060 4004 paternae
3094 3931 3377 3987 voluntati
3430 3931 3649 4002 placuit
3697 3931 3757 3985 in

2099 4021 2606 4076 consummatione
2639 4021 3012 4092 septuaginta
3045 4021 3478 4077 hebdomadum
3505 4020 3760 4076 Danielis

2100 4111 2395 4182 prophet-ce
2429 4115 2560 4180 post
2587 4109 3071 4164 instaurationem
3103 4110 3503 4181 Jerosolymaa,
3537 4109 3595 4163 in
3629 4110 3760 4164 red-

2099 4200 2183 4255 itu
2216 4199 2378 4253 Judte
2421 4215 2489 4252 ex
2538 4198 2871 4268 captivitate
2923 4198 3290 4270 Babylonica,
3325 4215 3424 4268 per
3473 4197 3758 4253 Salathie-

2099 4288 2213 4343 lem
2248 4293 2304 4342 et
2332 4288 2533 4342 Jesum
2590 4286 2775 4341 lilium
2827 4287 3072 4342 Josedec
3120 4291 3262 4341 tunc
3312 4288 3666 4351 sacerdotes,
3699 4288 3759 4342 in

2099 4377 2609 4433 consummatione
2639 4377 2792 4431 338
2825 4375 3395 4447 quadringentorum
3438 4375 3758 4447 nonaginta

2100 4483 2420 4530 annorum;
2444 4465 2754 4521 Zacharias
2777 4467 3102 4521 secundum
3124 4464 3307 4518 vicem
3331 4465 3638 4520 sacerdotii
3664 4465 3758 4518 sui

2099 4559 2404 4629 ingressus
2445 4560 2535 4610 est
2581 4555 2639 4609 in
2688 4553 2973 4626 templum
3006 4553 3106 4609 Dei
3156 4555 3226 4609 ad
3282 4555 3583 4609 incensum
3617 4552 3756 4610 otl‘e-

2100 4647 2369 4711 rendum,
2392 4643 2779 4716 apparuitque
2811 4642 2896 4697 illi
2929 4643 3174 4715 angelus
3197 4643 3426 4698 Domini
3459 4644 3531 4697 ad
3564 4643 3759 4699 dexte-

2100 4753 2226 4791 ram
2261 4734 2484 4801 altaris,
2512 4734 3000 4804 annuntiat-itque
3032 4732 3116 4787 illi
3141 4734 3212 4789 de
3231 4732 3455 4789 Joanne
3478 4733 3598 4788 {ilio
3629 4751 3756 4802 suo,

2099 4842 2210 4896 quo
2243 4831 2592 4894 conceptura
2621 4829 2775 4878 esset
2807 4840 2950 4878 uxor
2972 4840 3080 4878 sua
3112 4822 3384 4889 Elisabet,
3411 4829 3466 4878 et
3500 4825 3756 4895 paritura

2098 4915 2424 4986 Baptistam
2457 4918 2514 4968 et
2553 4929 2972 4983 praeursorem
3004 4912 3240 4969 Christi.
3276 4915 3355 4967 Ac
3384 4913 3762 4984 conceptione

2100 5010 2353 5076 peracta,
2378 5019 2580 5058 mense
2611 5007 2771 5057 sexto
2807 5001 3158 5074 praegnantis
3188 5001 3464 5068 Elisabet,
3505 5000 3760 5054 mittitur

2098 5092 2489 5163 archangelus
2522 5090 2757 5146 Gabriel
2789 5108 2819 5144 a
2851 5091 2966 5146 Deo
2998 5091 3055 5144 in
3088 5091 3292 5144 urbem
3325 5089 3569 5143 Nazaret
3595 5088 3756 5142 Gali-

2099 5180 2213 5236 laesa
2246 5181 2314 5235 ad
2348 5180 2633 5250 virginem
2677 5178 2939 5234 Mariam.
2967 5179 3034 5232 Et
3074 5178 3374 5248 ingressus
3406 5175 3651 5246 angelus
3683 5176 3756 5230 ad

2097 5269 2259 5325 illam
2290 5269 2569 5324 salutavit
2596 5285 2745 5334 eam,
2771 5267 2971 5322 dicens
2995 5282 3045 5320 :«
3070 5269 3207 5329 Ave,
3226 5265 3413 5336 gratia
3439 5264 3628 5334 plena,
3650 5264 3757 5319 Do-

2099 5359 2297 5414 minus
2320 5364 2509 5413 tecum
2529 5358 2592 5411 3‘.
2621 5382 2639 5405 ιι
2671 5357 2857 5412 Etiam
2894 5356 2984 5410 hic
3007 5353 3532 5409 animadvertimus
3557 5370 3752 5408 vocem

2096 5449 2257 5505 illam
2292 5447 2481 5520 angeli
2519 5447 2847 5502 secundum
2895 5444 3278 5516 prolationem
3329 5443 3574 5514 spiritus
3627 5443 3750 5497 soni

2096 5539 2209 5606 sui,
2241 5536 2730 5610 significationem
2771 5535 3004 5604 habere,
3037 5549 3142 5588 nec
3171 5536 3369 5587 tamen
3397 5531 3589 5605 ipsam
3620 5547 3750 5590 esse
