4120 6380
357 427 472 488 927

1529 435 1595 495 S.
1641 433 2167 496 ATHANASIUS.
2191 465 2270 478 —-
2298 431 2611 494 SPURIA.

3655 430 3777 492 928

360 561 488 616 Filii
534 562 898 634 hypostasin,
932 581 1121 636 neque
1165 565 1353 638 ipsam
1385 582 1515 622 esse
1546 583 1673 638 quas
1722 567 1875 622 facta
1921 569 2008 621 est

2128 588 2146 616 ι
2177 568 2361 638 Χαῖρε,
2393 561 2832 638 κεχαριτωμένη,
2885 564 2912 618 6
2946 563 3139 637 Κύριος
3193 560 3326 635 μετά
3376 565 3492 619 σοῦ.
3546 585 3575 615 ›ι
3631 561 3778 616 Κάν-

361 666 532 705 caro:
563 652 663 706 sed
713 652 782 706 ad
819 669 945 707 eam
991 671 1215 722 vocem,
1239 655 1408 710 Verbi
1440 659 1495 709 et
1529 656 1622 709 Dei
1657 655 2005 726 proprietas,

365 756 490 810 quas
525 740 641 796 alia
672 749 758 796 est
790 742 1115 797 secundum
1146 743 1509 816 hypostasin,
1539 744 1737 799 statim
1772 746 2012 799 descen-

361 829 447 883 dit
495 828 553 884 in
605 835 833 885 uterum
881 830 1182 902 Virginis:
1224 833 1756 904 blasphemantque
1813 833 1850 886 ii
1910 833 2010 904 qui

361 919 546 989 aiunt,
580 919 770 990 ipsam
821 921 1152 991 archangeli
1189 939 1403 992 vocem,
1440 922 1616 977 fuisse
1665 921 2011 994 hypostasin

357 1007 451 1062 Dei
478 1007 665 1062 Verbi.
694 1008 944 1080 Ideoque
973 1010 1347 1080 blasphemiae
1379 1011 1810 1066 damnationem
1844 1029 2012 1083 repu-

357 1095 609 1166 diantes,
643 1096 834 1152 locum
870 1100 1301 1154 annotavimus.

2117 655 2286 707 ταῦθα
2316 651 2478 707 πάλιν
2513 657 2844 728 θεωροῦμεν,
2877 653 2959 707 ’ὁτι
3006 655 3040 721 ἠ
3104 653 3198 725 μὶν
3251 652 3404 728 φωνή
3461 653 3559 705 τοῦ
3613 651 3774 727 ἀγγέ-

2122 742 2244 812 λου,
2313 742 2448 798 κατὰ
2506 743 2788 818 προφορὰν
2847 742 3152 815 πνεύματος
3212 742 3550 817 ἀπηχήσεως
3607 741 3774 795 αὐτοῦ

2122 829 2611 907 διερμηνευομένη,
2643 831 2742 886 οὐκ
2767 831 2902 900 αύτή
2937 829 2993 885 δὲ
3019 832 3084 901 ἧν
3127 833 3161 900 ἡ
3212 835 3308 885 τοῦ
3358 831 3484 884 Υὶοῦ
3535 829 3772 884 ὑπόστα-

2123 943 2226 988 σις,
2289 919 2414 975 οὐδὲ
2470 920 2604 989 αὐτή
2657 923 2847 995 γὲγονε
2890 921 3036 995 σάρξο
3085 919 3229 976 ἀλλά
3277 921 3392 974 κατ’
3446 918 3611 987 αὐτὴν
3669 919 3769 986 τήν

2121 1013 2326 1089 φωνὴν,
2371 1010 2524 1086 ἐτέρα
2575 1010 2706 1064 οῦσα
2759 1011 2895 1064 κατὰ
2940 1011 3040 1077 τήν
3103 1009 3389 1064 ὑπόστασιν
3435 1006 3644 1079 ἰδιότης
3673 1011 3773 1062 τοῦ

2122 1099 2302 1174 Λόγου
2351 1100 2438 1154 καὶ
2489 1103 2622 1155 Θεοῦ
2674 1100 2784 1171 ἅμα
2833 1099 3183 1175 ἐπεφοίτησεν
3239 1098 3289 1152 ἐν
3331 1101 3398 1171 τῇ
3430 1097 3618 1168 κοιλίᾳ
3670 1103 3771 1166 τῆς

351 1181 644 1257 Παρθένου.
682 1183 784 1238 Καὶ
822 1184 1236 1262 βλασφημοῦσιν
1265 1188 1315 1240 οἱ
1347 1185 1621 1262 λέγοντες,
1651 1186 1734 1241 ὅτι
1766 1188 1900 1257 αύτή
1936 1190 1969 1257 ἡ
2004 1189 2155 1266 φωνή
2180 1193 2278 1243 τοῦ
2313 1188 2670 1265 ἀρχαγγέλου
2717 1191 2781 1257 ἦν
2815 1191 2849 1258 ἡ
2892 1187 3182 1250 ὑπόστασις
3233 1192 3331 1242 τοῦ
3389 1191 3522 1242 Θεοῦ
3571 1185 3771 1262 Λόγου.

348 1274 441 1326 Διὸ
473 1272 562 1326 καὶ
596 1273 1049 1347 ἐσημειιισάμεθα
1075 1277 1166 1329 τὸν
1192 1276 1382 1345 τόπον,
1418 1273 1863 1349 ἀποϐαλλόμενοι
1894 1285 1992 1346 τῆς
2028 1277 2347 1356 βλαφημίας
2371 1280 2471 1347 τὴν
2502 1277 2835 1351 κατάκρισιν.

413 1364 464 1416 8.
499 1368 636 1418 Cum
661 1364 888 1419 diversa
922 1365 1098 1436 igitur
1128 1371 1283 1421 esset
1313 1385 1346 1421 a
1366 1385 1503 1423 voce
1535 1368 1866 1440 archangeli
1899 1369 2005 1440 by-

348 1453 601 1524 postasis
624 1452 796 1508 Verbi
822 1458 879 1508 et
912 1453 1037 1508 Filii
1064 1454 1180 1520 Dei,
1207 1456 1423 1527 apertis
1447 1457 1611 1529 prius
1636 1475 1737 1529 per
1757 1457 2002 1512 archan-

353 1541 466 1613 geli
495 1558 690 1597 vocem
718 1542 971 1614 Virginis
1001 1545 1265 1614 auribus,
1290 1545 1487 1600 statim
1520 1546 1577 1600 in
1609 1545 1769 1601 illam
1802 1545 2004 1602 introi-

353 1631 436 1686 vit
467 1631 662 1686 divina
695 1631 819 1686 Filii
853 1632 1205 1704 bypostasis.
1239 1636 1361 1701 Qua
1411 1636 1634 1691 ratione
1682 1642 1901 1701 autem,
1935 1651 2006 1691 ne

354 1721 482 1792 ipsa
515 1721 753 1791 quidem
775 1720 951 1793 Virgo
975 1724 1280 1795 cognovit:
1308 1726 1465 1780 novit
1493 1742 1627 1781 vero
1648 1726 1747 1796 qui
1779 1726 2005 1797 ingres-

353 1827 454 1866 sus
487 1816 574 1865 est
605 1828 719 1881 qua
750 1812 972 1866 ratione
1020 1811 1097 1866 sit
1146 1813 1465 1885 ingressus.
1499 1814 1686 1878 Quare
1735 1821 1797 1871 ut
1841 1817 2006 1888 igno-

350 1916 489 1954 rans
535 1900 793 1971 mysterii
845 1908 1137 1968 eventum,
1171 1905 1368 1958 statim
1403 1905 1748 1975 perturbata
1795 1911 1884 1960 est
1933 1905 2003 1960 ad

2185 1372 2237 1425 8.
2292 1367 2477 1440 Ἐτέρα
2526 1366 2709 1422 τοίνυν
2755 1370 2900 1444 παρᾶ
2948 1369 3045 1436 τὴν
3106 1367 3292 1444 φωνὴν
3337 1369 3434 1420 τοῦ
3489 1366 3769 1440 ἀρχαγγέ-

2114 1453 2214 1511 λου
2247 1454 2378 1510 οῦσα
2407 1459 2442 1525 ἡ
2477 1456 2766 1518 ὑπόστασις
2794 1460 2890 1511 τοῦ
2924 1456 3104 1531 Λόγου
3152 1457 3241 1510 καὶ
3292 1455 3420 1508 Υἱοῦ
3465 1459 3563 1509 τοῦ
3613 1459 3769 1525 Θεοῦ,

2115 1547 2246 1618 ἅμα,
2300 1546 2372 1607 ὡς
2415 1543 2931 1622 προδιανοιχθείσης
2977 1553 3077 1615 τῆς
3134 1547 3302 1613 ἀκοῆς
3354 1546 3453 1613 τῆς
3489 1544 3769 1618 Παρθένου

2115 1632 2204 1690 διὰ
2248 1643 2348 1704 τῆς
2407 1635 2821 1711 ἀρχαγγελικῆς
2884 1642 3089 1713 φωνῆς,
3144 1632 3389 1703 εἰσῆλθεν
3425 1632 3500 1695 εἷς
3533 1633 3699 1702 αὐτὴν
3729 1635 3766 1698 ἡ

2114 1725 2228 1779 θεία
2281 1728 2378 1779 τοῦ
2427 1726 2555 1779 Υἱοῦ
2604 1725 2914 1787 ὑπόστασις.
2968 1731 3054 1786 Ὡς
3101 1724 3237 1792 αύτή
3291 1724 3386 1796 μὲν
3425 1725 3458 1792 ἡ
3495 1723 3770 1798 ΙΙαρθὲνος

2115 1813 2214 1868 οὐκ
2245 1811 2408 1868 οἶδενο
2443 1811 2557 1868 οἶδε
2590 1811 2647 1869 δὲ
2678 1815 2705 1868 6
2737 1813 3020 1886 εἰσελθὼν,
3052 1814 3203 1874 ὃπως
3235 1811 3472 1880 εἰσῆλθε.
3523 1811 3623 1866 Λιὸ
3655 1811 3766 1884 καὶ,

2115 1904 2190 1965 ὡς
2249 1905 2322 1976 μὴ
2377 1900 2550 1957 εἰδυῖα
2595 1908 2692 1958 τοῦ
2746 1902 3046 1976 μυστηρίου
3095 1902 3194 1970 τὴν
3245 1895 3480 1970 ἔκϐασιν,
3540 1900 3653 1974 ἅμα
3685 1897 3771 1955 δι-

351 2004 684 2044 sermonem
716 1989 908 2061 angeli
937 1990 1184 2046 dicentis
1212 2009 1268 2047 :«
1295 1995 1430 2063 Ave,
1459 1993 1647 2066 gratia
1679 1993 1869 2065 plena,
1894 1999 2006 2049 Do-

2128 1992 2389 2067 ιταράχθη
2419 1991 2505 2046 ἐπὶ
2534 1995 2614 2064 τῷ
2643 1989 2794 2068 λόγῳ
2822 1996 2919 2046 τοῦ
2952 1988 3192 2067 ἀγγέλου
3224 1989 3550 2084 εἰπόντοςὶα
3579 1990 3768 2084 Χαῖρε,

352 2095 549 2133 minus
571 2083 763 2133 tecum
783 2098 796 2146 ;
817 2102 842 2127 »
858 2085 912 2134 et
935 2081 1226 2152 cogitabat
1251 2081 1442 2153 qualis
1464 2082 1761 2138 essethaec
1785 2082 2005 2138 saluta-

352 2167 433 2222 tio
455 2168 520 2232 ³⁵,
546 2185 726 2239 quare
748 2170 1110 2240 respondens
1134 2171 1522 2243 archangelus
1545 2173 1692 2227 dixit
1712 2172 1781 2228 ad
1803 2171 1964 2227 illam
1990 2187 2003 2228 :

359 2278 387 2307 ιι
424 2257 502 2313 Ne
541 2255 771 2325 timeas,
798 2258 999 2324 Maria,
1025 2259 1299 2314 invenisti
1348 2261 1506 2316 enim
1552 2261 1800 2333 gratiam
1849 2261 2005 2333 apud

356 2345 562 2401 Deum.
588 2347 656 2401 Et
684 2363 815 2402 ecce
845 2348 1140 2419 concipies
1178 2349 1233 2402 in
1276 2354 1462 2416 utero,
1488 2354 1545 2405 et
1574 2351 1765 2422 paries
1797 2349 2004 2416 ﬁlium,

351 2440 409 2492 et
437 2436 674 2492 vocabis
706 2453 917 2493 nomen
951 2440 1079 2509 ejus
1108 2438 1332 2493 Jesum.
1366 2439 1468 2494 Hic
1500 2441 1610 2494 erit
1643 2457 1916 2512 magnus,
1951 2443 2008 2494 et

353 2524 532 2580 Filius
582 2525 871 2581 Altissimi
919 2527 1241 2582 vocabitur.
1277 2528 1345 2582 Et
1376 2527 1536 2583 dabit
1584 2527 1668 2582 illi
1721 2529 2006 2585 Dominus

353 2613 507 2670 Deus
555 2614 831 2669 thronum
883 2616 1059 2670 David
1109 2617 1290 2686 patris
1338 2618 1488 2688 ejus,
1521 2623 1578 2674 et
1626 2619 1890 2690 regnabit
1947 2618 2004 2673 in

357 2703 530 2758 domo
561 2703 740 2758 Jacob
783 2704 841 2758 in
891 2704 1123 2773 saecula,
1156 2711 1214 2760 et
1244 2707 1404 2777 regni
1456 2708 1584 2775 ejus
1636 2724 1747 2761 non
1801 2708 1911 2762 erit
1940 2707 2006 2761 {i-

358 2791 450 2846 nis
473 2792 537 2844 ³⁸.
567 2814 594 2839 ››
625 2793 708 2847 Ad
746 2792 863 2847 haec
897 2794 1033 2848 item
1067 2795 1239 2849 verba
1290 2795 1448 2849 stetit
1499 2796 1775 2851 haesitans
1806 2796 2005 2868 Virgo,

361 2883 564 2952 utpote
602 2882 674 2936 ad
723 2886 990 2936 naturam
1024 2883 1362 2956 respiciens,
1396 2889 1452 2939 et
1501 2886 1569 2940 de
1616 2886 1868 2958 Josepho
1916 2887 2010 2941 cui

358 2971 711 3042 desponsata
741 2976 864 3026 erat
906 2972 1192 3044 cogitans,
1226 2972 1550 3046 angeloque
1601 2976 1684 3031 sic
1733 2975 2006 3047 reponit:

359 3082 387 3110 «
422 3061 721 3125 Quomodo
769 3060 868 3116 ﬁet
925 3061 1066 3116 mihi
1121 3063 1298 3132 istud,
1334 3065 1609 3135 quoniam
1644 3066 1832 3120 virum
1894 3080 2010 3119 non

359 3165 644 3222 cognosco
669 3149 756 3203 3"?
781 3171 806 3198 »
830 3151 1338 3222 Quandoquidem,
1368 3153 1469 3223 ait,
1503 3171 1534 3208 ο
1565 3152 1787 3226 angele,
1822 3155 2011 3209 virum

275 3255 283 3261 δ
368 3254 484 3293 non
519 3255 821 3309 cognosco,
853 3244 914 3293 tu
941 3256 1074 3295 vero
1109 3257 1208 3313 per
1234 3240 1401 3310 illud,
1433 3259 1586 3308 ecce,
1609 3244 1761 3314 quod
1795 3249 1884 3298 est
1913 3245 2011 3298 ad-

369 3327 634 3382 verbium
695 3328 1161 3401 demonstrandi,
1213 3331 1373 3385 ais.«
1418 3332 1563 3386 Ecce
1622 3331 1934 3403 concipies,
1987 3353 2008 3380 ι»

2117 2081 2556 2158 κεχαριτωμένη,
2587 2083 2614 2136 6
2649 2081 2848 2156 Κύριος
2883 2081 3016 2154 μετᾶ
3055 2084 3172 2150 σοῦ,
3224 2103 3252 2130 ››
3292 2080 3381 2133 καὶ
3415 2077 3772 2154 διελογίζετο,

2116 2172 2361 2233 ποταπὸς
2413 2168 2494 2239 εἷή
2549 2172 2576 2226 6
2623 2171 2906 2242 ἀσπασμὸς
2954 2167 3132 2231 οὗτος·
3184 2169 3304 2233 ὃθεν
3349 2168 3438 2223 καὶ
3482 2163 3774 2223 ὑπολαϐὼν

2117 2261 2146 2314 6
2176 2257 2542 2336 ἀρχάγγελος,
2571 2260 2687 2315 εἶπε
2715 2260 2850 2335 πρὸς
2884 2259 3074 2329 αὐτήν·
3122 2283 3142 2310 ιι
3179 2259 3268 2325 Μὴ
3301 2252 3494 2334 φοϐοῦ,
3523 2257 3769 2332 Μαριάμ’

2117 2349 2268 2423 εὗρες
2300 2350 2402 2424 γὰρ
2435 2349 2596 2424 χάριν
2646 2350 2793 2424 παρά
2837 2351 2916 2420 τῷ
2964 2352 3098 2420 Θεῷ,
3148 2347 3251 2404 Καὶ
3289 2344 3406 2401 ἰδοῦ
3429 2344 3688 2420 συλλήψῃ
3718 2344 3770 2400 ἐν

2114 2439 2325 2516 γαστρὶ,
2385 2437 2476 2493 καί
2520 2439 2642 2512 τέξῃ
2688 2439 2828 2509 υἱὸν,
2877 2438 2967 2492 καὶ
3016 2437 3266 2499 καλέσεις
3307 2437 3369 2491 τὸ
3401 2435 3574 2509 ὄνομα
3605 2435 3772 2490 αὐτοῦ

2119 2529 2351 2598 Ἰησοῦν.
2401 2527 2571 2590 Οὗτος
2619 2525 2764 2583 ἔσται
2819 2527 3010 2602 μέγας,
3057 2527 3147 2582 καὶ
3191 2527 3314 2589 Υἱὸς
3345 2525 3601 2599 Ὑψίστου
3631 2521 3774 2594 κλη-

2119 2618 2361 2688 θήσεται,
2412 2617 2502 2672 καὶ
2561 2614 2721 2671 δώσει
2771 2615 2918 2688 αὐτῷ
2967 2615 3164 2690 Κύριος
3215 2616 3243 2669 6
3305 2614 3435 2675 Θεὸς
3463 2614 3554 2668 τὸν
3587 2613 3774 2689 θρόνον

2119 2702 2285 2761 Δαϐἶδ
2315 2710 2412 2761 τοῦ
2444 2707 2648 2781 πατρὸς
2679 2705 2866 2774 αὐτοῦ,
2906 2704 2996 2760 καὶ
3029 2703 3337 2781 βασιλεύσει
3373 2703 3460 2758 ἐπὶ
3499 2704 3590 2757 τὸν
3625 2704 3774 2757 οἶκον

2117 2793 2315 2854 Ἰακὼϐ
2347 2796 2423 2858 είς
2471 2800 2598 2857 τοὺς
2651 2795 2871 2862 αἰῶνας,
2910 2795 2999 2849 καὶ
3029 2801 3128 2864 τῆς
3163 2792 3443 2869 βασιλείας
3473 2792 3637 2847 αὐτοῦ
3677 2791 3777 2847 οὐκ

2121 2885 2265 2942 ἔσται
2313 2884 2495 2947 τέλος·
2552 2909 2578 2936 ››
2631 2884 2805 2941 Ἀλλὰ
2851 2883 2951 2961 γὰρ
2999 2883 3090 2938 καὶ
3131 2884 3268 2960 πρὸς
3297 2887 3465 2938 ταῦτα
3496 2879 3621 2953 ἔστη
3658 2879 3774 2936 δια-

2121 2981 2366 3051 ποροῦσα
2394 2977 2427 3043 ἡ
2466 2973 2756 3050 ΙΙαρθένος,
2786 2975 2875 3028 καὶ
2909 2973 2983 3035 ὡς
3015 2974 3152 3046 πρὸς
3189 2973 3288 3041 τήν
3318 2971 3472 3050 φύσιν
3536 2967 3775 3028 ἀποϐλέ-

2121 3085 2315 3135 πουσα,
2365 3063 2455 3117 καὶ
2501 3062 2636 3117 κατὰ
2681 3064 2770 3118 τὸν
2822 3063 3025 3138 Ἰωσὴφ
3075 3060 3528 3136 διαλογιζομένη,
3559 3062 3671 3116 ἀνθ’
3701 3061 3774 3116 ὧν

2127 3153 2576 3227 μεμνηστευμένη
2630 3151 2776 3223 αύτῷ
2839 3152 2927 3221 ἦν,
2997 3149 3440 3228 ἀνταποκρίνεται
3495 3151 3630 3226 πρὸς
3680 3150 3772 3205 τὸν

2125 3239 2375 3317 ἄγγελον,
2407 3241 2497 3296 καί
2527 3260 2696 3317 φησι·
2732 3263 2753 3290 α
2788 3245 2914 3303 ΙΙῶς
2963 3239 3110 3296 ἔσται
3145 3262 3238 3314 μοι
3285 3238 3469 3312 τοῦτο,
3518 3239 3631 3295 ἐπεὶ
3683 3240 3778 3294 ἂν-

2126 3329 2226 3406 δρα
2277 3330 2338 3385 οὐ
2396 3331 2690 3407 γινώσκω;
2754 3354 2780 3382 ››
2833 3330 2932 3385 Καὶ
2967 3329 3208 3404 ἐπείπερ,
3259 3329 3446 3407 φησὶν,
3478 3330 3523 3384 ὦ
3553 3327 3776 3405 ἄγγελε,

367 3416 535 3487 quasi
566 3423 800 3490 tempus
852 3419 1062 3487 instet;
1096 3392 1300 3491 ignoro
1345 3422 1634 3491 quomodo
1687 3392 1846 3476 istud
1896 3392 2011 3475 fiet.

2131 3417 2298 3496 ἄνδρα
2351 3419 2414 3474 ού
2471 3419 2745 3495 γινώσκω,
2805 3417 2867 3472 σὺ
2925 3416 2982 3473 δὲ
3038 3419 3126 3473 διὰ
3177 3423 3297 3488 τοῦ,
3332 3417 3471 3492 ἰδοὺ,
3506 3415 3778 3474 δεικτικοῦ

366 3505 501 3574 Sed,
547 3523 578 3560 ο
629 3506 853 3578 angele,
903 3512 988 3575 tu,
1039 3509 1238 3578 dicito,
1271 3513 1335 3563 tu
1379 3508 1834 3580 interpretare,«
1869 3524 2013 3578 quo-

363 3595 536 3650 modo
569 3596 666 3651 ﬁet
694 3596 871 3652 istud.
900 3620 926 3645 ››
954 3597 1335 3670 Respondens
1358 3603 1551 3652 autem
1580 3600 1847 3669 angelus,
1872 3595 2018 3651 dixit

364 3683 412 3739 ei
441 3702 452 3738 :
485 3707 504 3734 ιι
532 3684 786 3757 Spiritus
832 3691 1074 3741 sanctus
1122 3686 1497 3758 superveniet
1543 3686 1603 3740 in
1636 3691 1712 3756 te,
1746 3693 1800 3741 et
1832 3686 2017 3739 virtus

368 3773 657 3828 Altissimi
691 3775 1067 3830 obumbrabit
1106 3775 1206 3829 tibi
1231 3775 1291 3829 ⁸⁸.
1322 3799 1343 3827 ι
1384 3775 1512 3830 Haec
1543 3779 1652 3845 est,
1685 3778 1787 3847 ait,
1821 3774 2017 3830 conci-

373 3863 568 3934 piendi
603 3864 751 3918 ratio
778 3881 788 3918 :
815 3863 894 3917 ita
925 3863 1217 3934 concipies
1247 3863 1304 3917 in
1339 3870 1524 3920 utero.
1559 3865 1782 3936 Spiritu
1815 3869 2018 3920 sancto

368 3949 428 4005 in
462 3956 517 4006 te
539 3951 1006 4022 superveniente,
1040 3957 1097 4007 et
1135 3953 1347 4008 virtute
1375 3953 1660 4008 Altissimi
1713 3959 1766 4009 te
1812 3955 2021 4009 obum-

369 4041 593 4096 brante.
620 4063 647 4089 ‹‹
681 4041 952 4107 Ideoque,
985 4041 1084 4108 ait,
1116 4047 1173 4096 et
1215 4044 1369 4113 quod
1422 4047 1696 4098 nascetur
1724 4048 2018 4112 sanctum,

369 4129 550 4184 Filius
571 4128 858 4183 Altissimi
884 4130 1188 4186 vocabitur
1206 4132 1303 4186 δ’.»
1334 4132 1438 4186 Illa
1457 4149 1591 4187 vero
1624 4132 1814 4188 adhuc
1845 4133 2022 4188 hensi-

370 4223 750 4283 tans,verum
793 4218 905 4274 sibi
946 4219 1068 4275 haec
1099 4225 1330 4292 optans,
1365 4222 1535 4277 ait:«
1569 4223 1694 4277 Fiat
1742 4222 1886 4278 mihi
1936 4240 2024 4280 se-

372 4306 630 4361 cundum
661 4307 902 4363 verbum
952 4313 1119 4364 tuum
1142 4310 1206 4365 ‘0.
1237 4332 1264 4359 ›ι
1295 4312 1356 4366 Et
1410 4311 1681 4368 discessit
1713 4314 1784 4368 ab
1817 4329 1884 4368 ea
1913 4330 2023 4369 an-

375 4395 563 4467 gelus.
589 4397 733 4452 Nam
767 4398 1122 4471 evangelista
1169 4399 1462 4472 significat
1511 4402 1784 4473 angelum
1837 4405 1908 4456 ab
1957 4419 2026 4458 ea

376 4486 740 4552 discessisse,
775 4505 847 4543 ne
873 4489 1237 4544 occasionem
1286 4490 1360 4545 iis
1410 4490 1781 4561 relinqueret,
1806 4492 1902 4561 qui
1936 4493 2023 4547 di-

375 4593 503 4633 cere
531 4576 762 4642 vellent,
791 4579 983 4649 ipsum
1007 4579 1279 4651 angelum
1312 4579 1370 4633 in
1392 4579 1630 4652 Virgine
1661 4580 2025 4636 habitantem

376 4666 748 4722 incarnatum
803 4668 1004 4734 fuisse,
1035 4674 1136 4724 aut
1165 4670 1405 4725 verbum
1455 4670 1645 4742 angeli
1697 4672 2023 4726 secundum

372 4755 756 4826 prolationem
788 4757 938 4823 soni,
973 4757 1436 4814 Incarnationem
1472 4765 1778 4831 operatum
1822 4760 2023 4817 fuisse.

370 4844 478 4899 Sed
513 4844 756 4913 indicat,
789 4846 1139 4903 abscedente
1179 4835 1385 4919 angelo
1418 4849 1703 4921 Spiritum
1753 4855 2026 4906 sanctum

373 4933 433 4988 in
486 4934 786 5005 Virginem
849 4937 1279 5009 supervenisse,
1311 4943 1368 4993 et
1413 4940 1686 4995 virtutem
1739 4939 2027 4996 Altissimi

377 5023 763 5080 obumbresse
793 5024 877 5080 illi
911 5044 923 5080 :
959 5031 1133 5098 atque
1163 5027 1244 5083 ita
1273 5028 1510 5083 demum
1543 5028 1898 5100 completum
1942 5035 2032 5087 est

378 5129 610 5168 sacrum
645 5115 1044 5186 puerperium.
1085 5116 1309 5180 Quibus
1339 5123 1428 5173 est
1457 5118 1668 5174 iterum
1701 5121 2029 5176 necessario

377 5204 795 5272 insistendum,
817 5221 883 5259 ac
907 5205 1398 5261 considerandum
1424 5225 1540 5278 qua
1561 5208 1786 5264 ratione
1807 5209 1878 5263 ad
1903 5209 2032 5263 Vir-

376 5295 572 5366 ginem
604 5293 826 5348 dictum
881 5292 958 5347 sit
990 5309 1002 5346 :
1029 5317 1056 5342 α
1090 5294 1345 5365 Spiritus
1390 5303 1631 5350 sanctus
1663 5298 2035 5369 superveniet

377 5383 437 5437 in
462 5386 537 5447 te,
557 5387 613 5438 et
633 5383 820 5438 virtus
840 5382 1123 5438 Altissimi
1150 5384 1525 5439 obumbrabit
1547 5385 1671 5442 tibi.
1703 5408 1729 5435 »
1753 5386 2033 5457 Nunquid

378 5471 579 5527 eodem
619 5471 794 5527 modo
850 5488 966 5543 quo
1018 5473 1090 5528 ad
1142 5473 1439 5544 apostolos
1497 5473 1690 5529 aiebat
1747 5473 2034 5546 Christus,

387 5579 414 5611 ε
443 5560 560 5615 Vos
599 5566 795 5616 autem
847 5561 1042 5616 sedete
1090 5561 1149 5615 in
1195 5561 1424 5618 civitate
1471 5563 1822 5631 Jerusalem,
1855 5565 2038 5621 donec

451 5675 590 5744 (43')
621 5675 814 5748 Vulg.,
844 5675 960 5736 τόν.
995 5677 1156 5734 Enrr.

449 5776 494 5811 ⁸⁵
525 5777 664 5833 Luc.
696 5793 736 5845 ι,
765 5777 865 5846 28,
894 5780 984 5834 29.
1060 5777 1105 5815 ³⁸
1136 5778 1278 5836 ibid.
1311 5778 1500 5840 30-33.
1581 5780 1625 5817 ³⁷
1654 5779 1796 5841 ibid.
1827 5781 1918 5840 34'
1993 5780 2015 5818 ⁸

2128 5779 2209 5838 uid.
2240 5779 2330 5837 35.

2123 3511 2534 3584 προσρήματος,
2585 3506 2786 3582 λέγεις,
2849 3529 2876 3560 ει
2932 3505 3072 3563 Ἰδοὺ
3119 3506 3399 3580 συλλήψῃ,
3432 3529 3460 3557 ››
3519 3505 3595 3567 ὡς
3643 3507 3781 3560 κατὰ

2125 3597 2326 3674 χρόνον
2387 3596 2669 3651 ἐνεστῶτα⁶
2723 3616 2839 3656 πως
2888 3593 3056 3664 ἔσται,
3084 3593 3184 3648 οὐκ
3213 3591 3350 3649 οῖδα.
3381 3591 3538 3648 Ἀλλ’
3562 3592 3699 3660 sint,
3733 3595 3776 3647 ὧ

2128 3684 2434 3762 ἅγγελε,καὶ
2467 3683 2912 3759 διερμήνευσον,‹‹
2931 3688 3048 3744 πῶς
3073 3681 3218 3737 ἔσται
3243 3686 3430 3750 τοῦτο;
3465 3705 3493 3733 ››
3519 3682 3778 3753 ’Δποκρι-

2128 3774 2236 3836 θεὶς
2293 3771 2352 3828 δὲ
2405 3775 2432 3828 6
2492 3773 2746 3849 ἄγγελος,
2799 3770 3128 3845 εἶπενιιιύτῇ⁹
3168 3773 3455 3844 «Πνεῦμα
3485 3771 3634 3846 ἅγιον
3686 3769 3780 3825 ἐπ-

2132 3863 2405 3918 ελεύσεται
2465 3862 2553 3917 ἐπὶ
2609 3862 2686 3932 σὲ,
2745 3861 2835 3916 καὶ
2897 3859 3123 3933 δύναμις
3183 3859 3434 3934 Ὑψίστου
3483 3859 3785 3914 ἐπισκιάσει

2131 3974 2237 4008 σοι.
2294 3976 2321 4002 ››
2368 3953 2558 4021 Οὗτος,
2610 3951 2773 4029 φησὶν
2807 3952 2834 4007 6
2863 3949 3065 4026 τρόπος
3094 3953 3192 4017 τῆς
3227 3948 3580 4022 συλλήψεως,
3615 3947 3788 4010 οὕτως

2132 4041 2390 4116 συλλήψῃ
2447 4041 2498 4096 ἐν
2559 4041 2771 4116 γαστρὶ,
2835 4039 3150 4112 ΙΙνεύματος
3203 4038 3353 4115 ἁγίου
3413 4037 3785 4114 ἐπερχομένου

2131 4155 2240 4205 σοι,
2271 4133 2360 4186 καὶ
2393 4129 2674 4204 δυνάμεως
2705 4130 2955 4204 Ὑψίστου
2989 4126 3406 4198 ἐπισκιαζούσης
3441 4149 3546 4184 σοι.
3609 4151 3636 4179 ‹‹
3671 4125 3784 4198 Διό,

2133 4223 2290 4301 φησὶ,
2339 4220 2428 4277 καί
2483 4221 2546 4276 τὸ
2604 4221 2937 4295 γεννώμενον
2990 4220 3139 4295 ἅγιον
3190 4218 3313 4278 Υἱὸς
3360 4217 3608 4291 Ὑψίστου
3639 4214 3783 4286 κλη-

2135 4313 2374 4382 θήσεται.
2433 4335 2452 4361 ι
2504 4315 2563 4364 Ἡ
2613 4307 2671 4364 δὶ
2699 4309 2788 4364 καὶ
2821 4305 2900 4362 ἔτι
2937 4305 3294 4380 διαποροῦσα,
3339 4305 3485 4374 πλὴν
3522 4305 3786 4382 ἐπευχου-

2139 4403 2273 4474 μὲνη
2309 4398 2490 4474 ἑαυτῇ,
2523 4399 2676 4476 φησί·
2714 4422 2741 4449 ‹‹
2771 4395 2987 4452 Γένοιτό
3023 4416 3114 4469 μοι
3146 4395 3283 4450 κατὰ
3309 4396 3371 4450 τὸ
3607 4415 3722 4451 σου.
3758 4416 3786 4446 ››

2135 4490 2240 4547 Καὶ
2292 4487 2534 4557 ἀπῆλθεν
2595 4487 2685 4541 ἀπ’
2739 4486 2904 4556 αὐτῆς
2956 4485 2984 4540 ὁ
3033 4482 3296 4560 ἄγγελος.
3339 4482 3787 4556 Ἐπισημαίνεται

2137 4579 2239 4654 γὰρ
2295 4582 2458 4632 τοῦτο
2511 4577 2538 4631 6
2590 4572 2997 4651 εὐαγγελιστῖκ,
3048 4572 3130 4629 ὅτι
3163 4572 3406 4644 ἀπῆλθεν
3438 4572 3530 4627 ἀπ’
3560 4572 3730 4642 αὐτῆς
3761 4573 3789 4627 6

2137 4666 2394 4744 ἅγγελος,
2444 4664 2538 4720 ’ίνα
2595 4666 2672 4739 μὴ
2718 4663 3017 4738 καταλείψῃ
3070 4663 3323 4740 ἀφορμὴν
3380 4667 3500 4724 τοῖς
3541 4659 3788 4726 ἐθέλουσι

2137 4755 2333 4833 λεγειν,
2368 4754 2452 4811 ὅτι
2485 4754 2644 4816 αὐτὸς
2675 4754 2702 4808 6
2735 4751 2966 4830 ἄγγελος
2995 4749 3275 4822 ἐνοικήσας
3322 4750 3373 4806 ἐν
3416 4754 3484 4825 τῇ
3533 4750 3791 4826 Παρθένῳ

2139 4845 2442 4922 ἐσαρκώθη,
2503 4840 2629 4899 οὐδὲ
2683 4844 2767 4899 ὅτι
2820 4844 2849 4898 6
2907 4839 3069 4918 λόγος
3126 4840 3292 4896 αὐτοῦ
3349 4841 3486 4895 κατὰ
3512 4839 3792 4918 προφορὰν

2140 4937 2480 5010 ἀπηχήσεως
2539 4933 2811 5009 ἐνήργησε
2863 4932 2963 5001 τὴν
3014 4931 3460 5006 ἐνανθρώπησιν’
3519 4928 3648 4985 ἀλλ’
3707 4929 3792 4984 ὃτι

2139 5025 2474 5087 ἀπελθόντος
2503 5027 2601 5079 τοῦ
2632 5020 2868 5099 ἀγγίλου
2901 5019 3133 5090 ἐπῆλθεν
3163 5020 3252 5074 ἐπὶ
3280 5019 3380 5086 τήν
3435 5019 3702 5090 Παρθένον
3731 5019 3794 5073 τὸ

2141 5114 2294 5191 ἃγιον
2352 5117 2591 5185 Πνεῦμα,
2649 5110 2738 5166 καὶ
2782 5108 3093 5165 ἐπεσκίασεν
3143 5107 3280 5180 αὐτῇ
3325 5111 3359 5177 ἡ
3393 5105 3621 5181 δύναμις
3653 5106 3799 5182 Ὑψί-

2143 5223 2289 5259 στου*
2325 5202 2413 5257 καὶ
2448 5201 2620 5262 οὕτως
2650 5200 2868 5274 ὕστερον
2897 5195 3151 5268 ἐτελέσθη
3183 5198 3246 5252 τὸ
3276 5199 3546 5271 σωτήριον
3581 5197 3792 5271 κύημα.

2145 5293 2303 5368 ’Υπὲρ
2331 5293 2405 5345 ὧν
2437 5289 2525 5345 καὶ
2559 5287 2711 5350 αὖθις
2744 5289 2856 5364 χρή
2888 5287 3023 5342 κατὰ
3051 5287 3114 5342 τὸ
3147 5289 3283 5361 (43")
3333 5287 3619 5360 ἀναγκαῖον
3674 5286 3793 5342 ἐπι-

2145 5389 2359 5451 στῆσαι,
2393 5379 2481 5435 καὶ
2514 5378 2918 5449 ἐπισκέψασθαι,
2963 5380 3080 5438 πῶς
3116 5375 3326 5452 εἷ’ρηται
3355 5376 3491 5450 πρὸς
3521 5378 3620 5445 τὴν
3650 5381 3797 5450 Παρ-

2147 5470 2316 5526 θένοψ
2379 5492 2408 5522 ‹‹
2459 5472 2678 5540 Πνεῦμα
2735 5469 2884 5543 ἅγιον
2943 5465 3287 5522 ἐπελεύσεται
3335 5465 3423 5521 ἐπὶ
3475 5466 3554 5534 σὶ,
3585 5464 3673 5521 καὶ
3709 5463 3798 5520 δύ-

2146 5581 2307 5634 ναμις
2358 5558 2608 5633 Ὑψίστου
2653 5557 2951 5614 ἐπισκιάσει
3002 5578 3108 5614 σοι.
3169 5581 3197 5610 ››
3257 5557 3399 5633 Ἀρα
3454 5557 3557 5632 γὰρ
3616 5553 3801 5633 ὥσπερ

2405 5778 2452 5815 ³⁹
2479 5777 2622 5836 ibid.
2700 5777 2746 5816 ιο
2776 5776 2920 5834 ibid.
2945 5775 3038 5836 38.
