4120 6356
329 371 449 433 929

1279 364 1545 428 SERMO
1589 365 1667 427 IN
1714 360 2431 426 ANNUNTIATIONEM
2477 362 2867 447 DEIPARAZ.

3630 376 3751 437 930

329 506 421 562 xui.
477 504 612 581 πρὸς
670 502 794 565 τοὺς
841 501 1180 563 ἀποστόλους
1235 500 1387 575 ἔλεγε
1432 500 1685 575 Χριστὸς,
1721 523 1749 551 ι(
1796 500 2019 573 ’Υμεῖςγ

2116 501 2423 555 nduamini
2455 502 2668 558 virtute
2698 519 2766 557 ex
2797 503 2913 558 alto
2934 504 3001 570 ⁴¹,
3030 527 3050 556 1
3078 504 3297 575 Spiritu
3322 511 3523 562 sancto
3556 509 3614 564 in
3646 527 3747 567 vos

332 593 390 650 δὲ
462 592 711 649 καθίσατε
783 593 834 646 ἐν
912 596 980 664 τῇ
1058 590 1220 645 πόλει
1294 588 1703 665 Ἰερουσαλὴμ,
1758 584 1861 649 ἕως
1920 586 1981 642 οὗ

332 682 621 754 ἐνδύσησθε
671 680 897 754 δύναμιν
948 680 998 751 ἐξ
1040 680 1230 754 ὕψους,
1267 676 1643 739 »ἐπελθόντος
1693 682 1793 730 τοῦ
1825 676 1984 751 ἁγίου

331 772 649 845 ΙΙνεύματος
709 771 788 849 ἐφ’
844 772 983 844 ὑμᾶς
1018 790 1031 839 ;
1065 769 1254 839 ἐπίσης
1310 769 1411 843 γὰρ
1462 770 1495 837 ή
1530 766 1850 841 ἐπαγγελία,
1895 766 1984 820 καὶ

332 861 392 917 ἐκ
419 866 516 915 τοῦ
548 858 664 915 ἷ¹σου
693 860 899 933 τρόπου
953 854 1319 931 λαμϐάνεσθαι
1372 855 1612 925 δύναται,
1646 855 1864 931 ἐπείπερ
1895 855 1984 909 καὶ

333 952 556 1007 ἐνταῦθα
605 948 830 1023 δύναμιν
884 948 935 1020 ἐξ
986 949 1236 1022 Ὑψίστου
1294 945 1672 1009 ἐπελεύσεσθαι
1722 945 1808 1000 ἐπὶ
1856 944 1983 1006 τοὺς

331 1040 671 1101 ἀποστόλους
699 1039 789 1094 καὶ
835 1038 1152 1111 Πνεύματος
1204 1036 1359 1111 ἁγίου
1391 1036 1707 1111 παρουσίαν.
1742 1034 1809 1091 Τί
1844 1034 1934 1087 οῦν
1969 1052 1983 1104 ;

2093 591 2581 661 superveniente?
2630 592 2891 663 [Equalis
2924 593 3141 665 quippe
3188 599 3278 649 est
3328 599 3661 669 promissio,
3694 604 3750 655 et

2096 680 2217 749 pari
2254 679 2477 734 ratione
2508 682 2693 751 accipi
2742 687 2954 752 potest,
2980 684 3459 754 quandoquidem
3489 686 3584 741 hic
3605 706 3748 759 quo-

2096 785 2209 839 que
2242 769 2476 835 dicitur,
2502 770 2774 824 virtutem
2804 787 2870 825 ex
2895 771 3195 827 Altissimo
3227 772 3285 826 in
3318 775 3615 844 apostolos
3644 781 3749 833 ad-

2094 862 2425 925 venturam,
2448 875 2551 912 nec
2575 876 2688 912 non
2715 860 2964 931 Spiritus
2986 862 3169 915 sancti
3194 865 3582 933 praesentiam.
3600 867 3749 932 Quid

2096 946 2314 1015 igitur?
2346 947 2497 1001 339
2531 947 2680 1002 Num
2714 948 2867 1003 sicut
2895 950 3175 1019 apostolis
3207 951 3445 1021 spiritus
3479 960 3533 1008 et
3566 955 3751 1011 virtus

2093 1035 2379 1090 Altissimi
2414 1038 2795 1107 promittitur,
2831 1037 2913 1093 ita
2944 1056 3179 1111 quoque
3215 1040 3479 1112 Virgini?

334 1131 436 1207 ἆρα
462 1132 536 1192 ὡς
566 1131 702 1207 πρὸς
733 1128 861 1191 τοὺς
890 1127 1230 1189 ἀποστόλους
1256 1128 1316 1181 τὸ
1354 1131 1569 1198 Πνεῦμα
1600 1125 1688 1181 καὶ
1720 1128 1753 1193 ἡ
1785 1123 2009 1196 δύναμις
2033 1128 2130 1179 τοῦ
2163 1124 2413 1197 Ὑψίστου
2446 1124 2804 1200 ἐπήγγελται,
2830 1126 3003 1189 οὕτως
3024 1129 3112 1181 xui
3144 1129 3279 1202 πρὸς
3300 1131 3399 1198 τὴν
3435 1134 3708 1208 Παρθένον
3736 1154 3749 1205 ;

403 1224 456 1279 9.
492 1220 589 1274 Καὶ
639 1220 685 1274 εἰ
740 1220 832 1291 μὶν
885 1219 1056 1281 οὕτως
1096 1218 1275 1291 ὥσπερ
1324 1216 1414 1271 καὶ
1464 1216 1539 1277 εἷς
1572 1216 1697 1276 τοὺς
1753 1210 1986 1269 ἀποστό-

333 1309 484 1371 λους.
534 1308 623 1363 καὶ
672 1311 707 1378 ἡ
761 1306 989 1381 δύναμις
1042 1312 1138 1362 τοῦ
1187 1306 1442 1379 Ὑψίστου
1489 1304 1579 1359 xui
1629 1306 1662 1373 ἡ
1707 1302 1988 1364 ἐπέλευσις

330 1404 429 1454 τοῦ
487 1396 805 1471 ΙΙνεύματος
860 1400 1064 1473 γέγονε,
1118 1396 1207 1451 καὶ
1267 1395 1317 1450 ἐν
1363 1399 1480 1456 τοῖς
1532 1392 1860 1454 ἀποστόλοις
1921 1392 1987 1446 οὐ

332 1494 795 1570 παρηκολούθησε
824 1497 1110 1571 σάρκωσις.
1147 1492 1340 1565 δῆλον,
1364 1491 1446 1547 ὅτι
1480 1494 1644 1565 (45⁴’¹’)
1680 1488 1803 1546 οῦτε
1836 1489 1887 1543 ἐν
1919 1494 1990 1563 τῇ

333 1585 599 1661 Παρθένῳ
628 1589 663 1655 ἡ
712 1583 935 1657 δύναμις
982 1584 1288 1659 ἐσαρκώθη,
1324 1580 1446 1637 οὕτε
1475 1583 1537 1636 τὸ
1589 1584 1809 1653 Πνεῦμα
1839 1578 1990 1649 ἐνην-

331 1675 663 1748 θρώπησεν,
718 1675 764 1728 εί
824 1676 913 1727 καὶ
972 1673 1129 1734 αὐτὸς
1186 1673 1213 1726 ὁ
1270 1671 1410 1732 Ὑὶὸς
1456 1669 1592 1724 κατᾶ
1648 1667 1992 1744 κοινολογίαν

332 1772 615 1848 θεολογίας
674 1771 885 1847 λέγεται
946 1769 1174 1843 δύναμις
1232 1769 1489 1843 Ὑψίστου
1524 1810 1536 1822 .
1598 1768 1754 1824 Ἀλλ’
1811 1766 1991 1839 ὥσπερ

336 1862 386 1918 ἐν
432 1867 549 1923 τοῖς
580 1860 909 1921 ἀποστόλοις
939 1862 974 1929 ἡ
1027 1857 1256 1931 δύναμις
1306 1860 1443 1933 πρὸς
1474 1858 1536 1911 τὸ
1569 1854 1824 1911 δύνασθαι
1857 1857 1994 1910 κατὰ
2025 1876 2070 1938 Β

337 1949 514 2021 πάσης
573 1950 950 2023 ἀντικειμένης
1010 1945 1293 2020 δυνάμεως
1353 1944 1588 2021 ἐγένετο,
1649 1944 1737 1998 καὶ
1801 1946 1836 2014 ἡ
1898 1944 1992 1998 ἐπ-

341 2039 544 2101 έλευσις
574 2043 671 2093 τοῦ
694 2034 1010 2110 ῙΙνεύματος
1036 2037 1154 2100 καθ’
1177 2034 1280 2089 ὅλα
1308 2036 1375 2089 τὰ
1406 2032 1687 2095 οὐσιωδῶς
1719 2032 1995 2107 προσόντα

340 2139 502 2211 αὐτῷ,
536 2137 823 2213 ἐνεργοῦσα
879 2135 931 2190 ἐν
993 2136 1119 2190 πὰσι
1182 2133 1461 2207 σημείοις,
1516 2132 1606 2187 καὶ
1663 2132 1870 2208 τέρασι,
1904 2130 1993 2186 καὶ

339 2225 616 2301 δυνάμεσι,
670 2227 806 2301 πρὸς
860 2220 1150 2301 βεϐαίωσιν
1200 2224 1290 2277 καὶ
1330 2222 1590 2277 πίστωσιν
1623 2227 1723 2290 τῆς
1757 2217 1996 2296 Χριστοῦ

339 2326 683 2403 ἐπαγγελίας·
739 2323 881 2378 οὕτω
930 2323 1017 2378 καὶ
1068 2322 1155 2377 ἐπὶ
1204 2321 1273 2395 τῇ
1316 2322 1578 2397 Παρθένῳ
1628 2323 1663 2389 ἡ
1717 2319 1996 2381 ἐπέλευσις

337 2421 433 2471 τοῦ
458 2414 787 2486 Ἰινεύματος
838 2412 1075 2487 ἐγένετο,
1108 2411 1158 2466 έν
1210 2418 1341 2464 πᾶσι
1371 2415 1486 2471 τοῖς
1523 2406 1805 2470 οὐσιωδῶς
1836 2429 2000 2484 προσ-

341 2510 488 2560 οῦσιν
520 2503 665 2575 αὐτῷ
695 2503 833 2557 κατὰ
877 2503 977 2569 τήν
1025 2499 1303 2576 θεαρχίαν,
1336 2499 1498 2574 χάριν
1532 2498 1819 2571 ἐμποιοῦν,
1864 2498 1999 2571 πρὸς

340 2610 404 2665 τὸ
447 2608 499 2663 ἐν
552 2613 681 2662 πᾶσι
731 2606 945 2682 χαίρειν
1005 2604 1194 2675 αὑτήν.
1247 2607 1503 2680 Ἐπείπερ
1552 2604 1642 2658 καὶ
1694 2601 1782 2657 διὰ
1833 2608 1998 2658 τοῦτο

342 2695 759 2773 κεχαριτωμένη
809 2695 1271 2772 προσωνομάσθη,
1319 2690 1408 2747 διὰ
1454 2694 1515 2747 τὸ
1564 2692 1614 2747 ἐν
1660 2694 1857 2754 πάσαις
1892 2694 1997 2767 χά-

348 2807 454 2863 ρισι
485 2792 604 2847 ταῖς
640 2784 729 2840 διὰ
757 2790 854 2839 τοῦ
903 2782 1223 2855 Πνεύματος
1270 2781 1652 2855 ἐμπεπλῆσσαι
1684 2781 1874 2852 αὐτήν·
1910 2782 1997 2836 καὶ

346 2883 577 2957 δύναμιν
625 2882 875 2957 Ὑψίςτου
951 2881 1277 2949 ἐπισκιάζειν
1333 2880 1469 2953 αὑτῇ
1503 2925 1520 2951 ,
1580 2879 1669 2934 καί
1743 2879 1889 2954 ἔχειν
1946 2878 1996 2933 ἐν

345 2973 505 3029 παντὶ
554 2972 744 3048 χρόνῳ
790 2976 869 3043 τῷ
914 2971 1049 3025 κατὰ
1094 2972 1193 3038 τὴν
1244 2967 1542 3043 σύλληψιν,
1583 2967 1912 3023 πεπίστευκα
1943 2965 2001 3022 δὲ

347 3064 429 3119 ὃτι
478 3061 567 3117 καὶ
623 3060 757 3135 μετά
811 3061 909 3129 τὴν
942 3057 1241 3132 σύλληψιν.
1289 3056 1425 3113 Οὐδὲ
1453 3060 1554 3133 γὰρ
1604 3059 1740 3133 πρὸς
1786 3058 1996 3133 καιρὸν,

347 3163 420 3224 ὡς
462 3160 745 3232 πείθομαι,
783 3162 943 3213 τοῦτο
988 3157 1195 3233 ἐγένετο
1244 3156 1295 3211 ἐν
1327 3160 1394 3230 τῇ
1462 3157 1739 3231 Παρθένῳ,
1794 3155 1918 3210 ἀλλ’
1949 3156 2037 3209 ἐν

2168 1216 2221 1269 9.
2240 1216 2399 1280 Quod
2416 1215 2563 1283 si,ut
2579 1218 2638 1271 in
2661 1218 3522 1287 apostolis,virtusAltissimiet
3538 1226 3754 1281 adven-

2100 1309 2196 1358 tus
2218 1304 2465 1375 Spiritus
2490 1306 2677 1360 sancti
2708 1307 2836 1374 fuit,
2856 1312 2912 1361 et
2935 1308 2991 1362 in
3019 1310 3299 1379 apostolis
3323 1328 3435 1366 non
3460 1318 3546 1368 est
3567 1315 3760 1371 incar-

2101 1392 2259 1447 natio
2282 1394 2620 1460 subsecuta,
2645 1411 2748 1449 nec
2776 1395 2833 1449 in
2858 1396 3099 1469 Virgine
3132 1398 3305 1469 igitur
3332 1400 3517 1457 virtus
3549 1408 3638 1458 est
3667 1404 3764 1459 in-

2101 1487 2359 1553 carnata,
2381 1500 2569 1554 neque
2594 1485 2846 1555 Spiritus
2870 1486 3043 1541 homo
3070 1488 3257 1543 factus
3280 1495 3390 1558 est,
3414 1491 3644 1548 etiamsi
3670 1493 3764 1548 Fi-

2101 1569 2217 1624 lius
2241 1570 2557 1641 ipsejuxta
2588 1590 2960 1629 communem
2990 1575 3298 1648 theologia:
3324 1596 3496 1635 usum
3527 1582 3761 1638 dicatur

2100 1658 2286 1714 virtus
2298 1660 2605 1715 Altissimi.
2624 1662 2733 1717 Sed
2752 1663 2904 1718 sicut
2918 1664 2976 1717 in
2996 1666 3291 1736 apostolos
3310 1666 3438 1724 ideo
3452 1669 3637 1727 virtus
3655 1673 3757 1727 ad-

2100 1746 2478 1815 venit,utvim
2498 1747 2577 1802 illi
2602 1749 3094 1806 haberentcontra
3108 1770 3340 1809 omnem
3361 1757 3757 1815 adversariam

2102 1836 2709 1909 potestatem,fuitque
2724 1839 3005 1894 adventus
3020 1840 3275 1911 Spiritus
3293 1848 3620 1902 secundum
3641 1866 3761 1904 om-

2104 1924 2201 1977 nia
2223 1940 2348 1994 quaa
2372 1926 2836 1981 substantialiter
2860 1928 2918 1983 in
2944 1946 3009 1983 eo
3038 1936 3196 1997 sunt,
3218 1949 3466 2002 operans
3488 1935 3547 1990 in
3571 1938 3763 1992 omni-

2104 2012 2216 2067 bus
2237 2013 2424 2084 signis
2440 2018 2494 2068 et
2511 2014 2791 2087 prodigiis
2810 2022 2864 2071 et
2879 2018 3196 2074 virtutibus
3210 2022 3279 2074 ad
3296 2024 3762 2082 confirmandam

2106 2105 2162 2155 et
2185 2104 2559 2157 asserendam
2580 2103 2797 2158 Christi
2823 2108 3307 2178 promissionem;
3334 2110 3411 2165 ita
3430 2116 3485 2166 et
3506 2113 3565 2167 in
3582 2113 3765 2185 Virgi-

2107 2207 2178 2245 ne
2204 2190 2309 2244 fuit
2334 2192 2619 2247 adventus
2652 2193 2904 2265 Spiritus
2936 2197 3297 2266 sancti,cum
3323 2202 3598 2256 omnibus
3632 2220 3760 2274 quis

2108 2280 2574 2336 substantialiter
2593 2280 2649 2335 in
2673 2299 2739 2337 eo
2762 2288 2903 2338 sunt
2930 2284 3147 2341 ralione
3171 2287 3346 2342 divini
3370 2289 3756 2364 principatus,

2107 2370 2357 2440 gratiam
2391 2368 2473 2423 illi
2507 2370 2793 2437 tribuens,
2821 2376 2886 2426 ut
2914 2372 2972 2427 in
3014 2375 3291 2431 omnibus
3321 2376 3422 2432 illa
3453 2380 3756 2450 gauderet.

2109 2458 2410 2529 Siquidem
2444 2474 2509 2513 eo
2540 2459 2730 2530 gratia
2760 2461 2928 2531 plena
2962 2468 3160 2518 vocata
3190 2468 3450 2537 estquod
3484 2470 3759 2525 omnibus

2110 2562 2212 2618 per
2250 2545 2534 2617 Spiritum
2585 2548 2791 2617 gratiis
2824 2550 3042 2621 repleta
3091 2558 3266 2620 esset,
3292 2560 3347 2609 et
3386 2558 3539 2626 quod
3573 2559 3762 2615 virtus

2109 2632 2400 2689 Altissimi
2425 2637 2804 2693 obumbraret
2834 2638 2981 2710 ipsi;
3014 2643 3289 2713 quodque
3308 2644 3365 2698 id
3391 2645 3627 2702 haberet
3647 2653 3766 2705 toto

2109 2724 2506 2793 conceptionis
2555 2731 2839 2798 tempore,
2890 2729 3030 2798 imo,
3065 2737 3128 2785 ut
3175 2733 3367 2800 credo,
3403 2736 3581 2790 etiam
3635 2744 3770 2808 post

2109 2813 2570 2883 conceptionem.
2597 2814 2791 2886 Neque
2842 2817 2998 2872 enim
3057 2820 3308 2875 arbitror
3337 2824 3408 2877 ad
3444 2828 3677 2896 tempus
3706 2827 3765 2881 in

2108 2901 2344 2974 Virgine
2368 2903 2586 2958 factum
2609 2903 2754 2959 illud
2772 2922 2921 2971 esse,
2937 2908 3037 2961 sed
3059 2909 3217 2963 omni
3238 2913 3517 2981 tempore,
3535 2919 3592 2968 et
3611 2919 3765 2981 tum,

2111 2991 2327 3061 etjam,
2352 2995 2409 3045 et
2438 2992 2495 3045 in
2522 2999 2870 3064 perpetuum
2904 2994 3081 3050 habet
3100 2996 3276 3069 Virgo
3307 3000 3759 3056 obumbrantem

2111 3078 2221 3133 sibi
2255 3079 2525 3134 virtutem
2559 3080 2867 3148 Altissimi,
2901 3089 2958 3138 et
2989 3085 3269 3155 Spiritum
3306 3088 3362 3141 in
3396 3105 3457 3143 se
3490 3106 3766 3162 superve-

2112 3168 2400 3235 nientem;
2460 3169 2739 3224 nimirum
2794 3177 2858 3226 ut
2905 3174 3095 3245 gratia
3149 3174 3320 3245 plena
3370 3185 3621 3234 maneat.
3648 3184 3771 3235 Hoc

347 3250 507 3306 παντὶ
552 3253 747 3325 καιρῷ,
792 3247 880 3301 xui
927 3247 1071 3314 τότε,
1116 3246 1207 3301 καὶ
1236 3250 1352 3317 νῦν,
1389 3246 1479 3299 καὶ
1513 3245 1589 3307 εἰς
1640 3245 1702 3299 τὸ
1760 3242 2000 3313 διηνεκὲς

2115 3258 2268 3313 enim
2302 3263 2468 3329 pacto
2500 3276 2568 3314 ea
2610 3260 2678 3315 de
2729 3278 2787 3316 re
2836 3262 3164 3334 cogitamus
3199 3282 3212 3319 :
3246 3265 3425 3320 Erant
3472 3269 3520 3322 ei
3574 3270 3774 3325 omnia

349 3338 760 3407 ἐπισκιάζουσαν
792 3336 929 3409 αὑτῇ
962 3332 1164 3411 ἔχουσα
1192 3337 1291 3405 τήν
1336 3333 1562 3407 δύναμιν
1614 3338 1711 3389 τοῦ
1756 3333 2002 3407 Ὑψίστου

419 3436 704 3509 Παρθένος,
754 3435 844 3489 καὶ
891 3435 991 3502 τήν
1042 3432 1319 3488 ἐπέλευσιν
1366 3437 1462 3486 τοῦ
1502 3432 1658 3505 ἁγίου
1692 3430 2006 3504 Πνεύματος

352 3524 731 3603 ἐπερχομένην
780 3523 916 3597 αὐτῇ
966 3543 978 3556 ο
1020 3522 1109 3577 τίνα
1155 3520 1572 3599 κεχαριτωμένη
1639 3521 1770 3596 μένῃ
1806 3567 1818 3578 .
1852 3519 2005 3574 Οὕτω

351 3626 456 3702 γὰρ
511 3622 873 3697 διανοούμεθα
929 3622 1052 3697 περὶ
1108 3620 1302 3676 τούτου
1348 3640 1359 3652 ⁸
1422 3623 1588 3677 Ἦσαν
1646 3620 1782 3693 αὑτῇ
1838 3620 2008 3673 πάντα

352 3714 774 3792 κεχαριτωμέυα
827 3710 915 3767 διὰ
960 3716 1057 3766 τοῦ
1106 3710 1419 3784 Πνεύματος
1467 3711 1557 3765 καὶ
1607 3718 1710 3781 τῆς
1738 3714 1835 3764 τοῦ
1863 3709 2008 3783 Ὺψίο

354 3827 480 3860 στου
513 3803 816 3877 δυνάμεως·
867 3803 957 3857 καὶ
1006 3802 1135 3876 οὐχ,
1168 3802 1241 3863 ὡς
1292 3802 1344 3854 οἱ
1394 3800 1656 3877 αἱρετικοί
1701 3820 1871 3878 φασινσ
1925 3798 2007 3854 ὅτι

353 3902 592 3979 ἐνέργειά
620 3923 704 3964 τις
736 3901 883 3976 παρὰ
929 3903 1027 3955 τοῦ
1070 3899 1386 3971 Πνεύματος
1437 3897 1649 3973 ἐγένετο
1680 3899 1732 3951 ἐν
1764 3901 1831 3971 τῇ
1865 3903 2008 3972 Παρ-

354 3992 513 4065 θένῳ,
560 3996 658 4047 τοῦ
708 3989 1024 4058 τελεσθῆναι
1074 3989 1170 4057 τὴν
1231 4008 1523 4067 σαρκωσιν.
1586 3985 1689 4040 Κᾶν
1737 3985 1836 4061 γὰρ
1887 3987 2010 4039 ἄνευ

355 4086 582 4157 σπορᾶς,
615 4080 724 4155 οὐχ
754 4077 897 4133 οὕτω
930 4076 1128 4155 φαμεν,
1160 4075 1241 4131 ὅτι
1290 4077 1426 4131 κατὰ
1472 4076 1571 4143 τήν
1611 4073 1869 4150 διαίρεσιν
1901 4079 2009 4128 τῶν

357 4170 714 4247 χαρισμάτων
747 4171 849 4221 τοῦ
898 4165 1210 4238 Πνεύματος
1262 4162 1601 4239 διαιροῦντος
1655 4162 1788 4235 ἰδίᾳ,
1832 4163 2011 4224 καθὼς

365 4266 641 4343 βούλεται,
675 4264 975 4335 διεπλάσθη
1026 4264 1175 4341 σὰρξ,
1230 4264 1374 4338 παρὰ
1419 4264 1517 4331 τὴν
1576 4261 1864 4317 ὑπόστασιν
1910 4261 2010 4328 τήν

359 4363 723 4436 ἐξιδιάζουσαν
768 4365 866 4417 τοῦ
917 4360 1044 4414 Υἱοῦ
1090 4364 1187 4414 τοῦ
1238 4363 1393 4431 Θεοῦ,
1431 4359 1505 4431 μὴ
1556 4358 1770 4432 γένοιτο
1807 4357 1819 4412 ί
1851 4359 2013 4411 τοῦτο

359 4454 460 4531 γὰρ
492 4454 555 4509 τὸ
604 4452 748 4507 οὕτω
794 4455 1008 4529 φρονεῖν
1060 4447 1282 4503 Παύλου
1332 4452 1429 4502 τοῦ
1479 4446 1841 4520 Σαμοσατέως
1877 4443 2011 4517 ἐστὶ,

356 4550 445 4607 xui
472 4556 579 4607 τῶν
611 4551 822 4607 λοιπῶν
873 4550 1176 4625 αἱρετικῶψ
1225 4544 1350 4602 ἀλλ’
1398 4544 1541 4601 οὕτω
1595 4545 1829 4620 λέγομεν
1878 4543 2015 4598 κατὰ

357 4652 457 4721 τὴν
508 4655 612 4706 τῶν
666 4646 970 4725 ὀρθοδόξων
1019 4644 1308 4721 δογμάτων
1362 4644 1661 4717 ὀρθότητα,
1715 4642 1797 4697 ὅτι
1859 4640 2012 4697 δυνά-

366 4761 511 4813 μεως
568 4739 657 4794 καὶ
717 4738 1033 4809 Πνεύματος
1107 4732 1352 4803 ἐπλήσθη
1415 4736 1448 4802 ἡ
1511 4734 1804 4808 Παρθένος.
1869 4732 2014 4808 Πρὸς

360 4828 630 4903 ἁγιασμὸν
694 4829 877 4900 μέντοι
942 4832 1044 4895 τῆς
1104 4824 1298 4900 σαρκὸς
1355 4822 1545 4892 αὐτῆς,
1604 4825 1693 4877 καὶ
1761 4823 1897 4895 πρὸς
1952 4822 2016 4876 τὸ

363 4925 617 4982 δύνασθαι
650 4927 828 5004 φέρειν
862 4925 922 4979 τὸ
955 4924 1223 4997 σωτήριον
1256 4920 1467 4993 κύημα,
1501 4919 1673 4981 οὕτως
1702 4918 2018 4982 ἀκολούθως

363 5016 499 5089 αὐτῇ
547 5019 582 5085 ἡ
633 5015 746 5070 θεία
792 5019 889 5069 τοῦ
938 5013 1121 5087 Λόγου
1174 5011 1484 5079 ὑπόστασις,
1537 5009 1916 5079 ἐνσκηνώσασα
1965 5007 2015 5061 ἐν

367 5114 526 5188 αὐτῇ,
562 5115 839 5187 ἐσαρκώθη
896 5112 984 5166 καὶ
1035 5110 1475 5183 ἐνηνθρώπησεν’
1541 5107 1602 5162 οὐ
1659 5104 1882 5180 δυνάμει
1928 5106 2017 5160 καὶ

369 5203 625 5280 ἐνεργείᾳ,
659 5202 785 5258 ἀλλ’
820 5202 1129 5268 ὑποστάσει,
1162 5200 1277 5253 καθ’
1327 5196 1461 5251 ὅλον
1505 5197 1568 5251 τὸ
1608 5196 1892 5269 πλήρωμα
1918 5202 2021 5265 τῆς

371 5302 647 5373 θεότητος,
688 5301 822 5370 αὑτὴ
856 5302 891 5369 ἠ
942 5299 1198 5375 ἀργίθεος
1247 5296 1336 5352 xui
1392 5296 1725 5371 ὑπεράρχιος
1765 5295 1862 5348 τοῦ
1900 5295 2022 5349 Υἱοῦ

367 5390 464 5446 τοῦ
520 5396 655 5447 Θεοῦ
730 5390 1018 5451 ὑπόστασις
1098 5386 1377 5463 ἐσαρκώθη
1436 5385 1525 5441 καὶ
1585 5384 1973 5459 ἐνηνθρώπησε
2009 5428 2021 5440 .

369 5489 793 5566 Ῑῖροαπεδείχθη
825 5489 950 5564 γὰρ,
994 5485 1076 5541 ὅτι
1123 5485 1231 5562 οὐχ
1278 5484 1590 5553 ὑπόστασις,
1623 5480 1750 5539 ἀλλ’
1782 5481 1962 5559 ὥσπερ
1987 5486 2023 5553 ἡ

369 5579 527 5635 οὐσία
551 5580 640 5635 καὶ
666 5582 701 5651 ἡ
737 5577 972 5651 ἐξουσία,
999 5576 1089 5630 xui
1125 5573 1395 5649 βασιλεία,
1427 5574 1517 5629 καὶ
1557 5572 1624 5627 τὰ
1656 5571 1803 5627 ἄλλα
1832 5571 2023 5645 πάντα,

367 5676 405 5732 ἃ
459 5679 597 5733 κατὰ
651 5673 933 5752 θεολογίαν
990 5672 1353 5747 προτέθειται,
1408 5670 1517 5747 οὐχ
1572 5669 1861 5732 ὑπόστασις
1908 5665 2030 5725 ἕκα-

443 5776 487 5812 ⁴¹
520 5777 658 5833 Luc.
691 5790 849 5843 xxxv,
884 5774 976 5830 49.

444 5864 618 5946 (43η)
642 5862 844 5939 ang.,
875 5857 1153 5927 δνλονότι.
1183 5862 1338 5922 Enn.

2116 3347 2303 3420 gratia
2334 3347 2503 3419 plena
2543 3366 2645 3419 per
2689 3350 2972 3421 Spiritum
3006 3358 3299 3419 sanctum,
3332 3361 3388 3409 et
3436 3374 3535 3427 per
3584 3358 3770 3413 virtu-

2115 3440 2234 3490 tem
2292 3435 2597 3492 Altissimi.
2648 3438 2880 3510 Neque,
2936 3445 3001 3495 ut
3046 3442 3210 3496 aiunt
3257 3443 3533 3511 haeretici,
3567 3446 3769 3519 aliqua

2118 3522 2354 3598 ἐνέργεια
2384 3544 2416 3580 a
2446 3526 2661 3598 Spiritu
2708 3533 2909 3583 sancto
2962 3530 3112 3585 facta
3164 3536 3253 3586 est
3300 3531 3359 3586 in
3409 3533 3669 3606 Virgine,
3705 3543 3773 3593 ut

2116 3614 2506 3685 compleretur
2534 3617 2875 3673 incarnatio.
2901 3618 3022 3673 Etsi
3053 3621 3208 3675 enim
3253 3622 3474 3693 absque
3518 3626 3765 3695 semine,

2118 3721 2232 3759 non
2258 3704 2511 3759 dicimus
2540 3710 2760 3772 tamen,
2781 3724 2881 3779 per
2912 3707 3254 3764 divisionem
3287 3714 3610 3782 gratiarum
3638 3714 3768 3786 Spi-

2120 3793 2266 3848 ritus
2290 3793 2603 3849 dividentis
2621 3796 2874 3867 singulis
2893 3802 3063 3868 prout
3080 3798 3223 3864 vult,
3239 3800 3603 3857 eﬂ‘ormatam
3627 3805 3772 3858 fuis-

2120 3898 2181 3936 se
2199 3900 2433 3937 carnem
2454 3884 2607 3937 circa
2626 3885 2920 3955 propriam
2942 3886 3069 3940 Filii
3089 3887 3188 3943 Dei
3208 3888 3569 3961 hypostasin,
3588 3891 3770 3947 absitl

2119 3972 2421 4039 Ejusmodi
2444 3972 2599 4026 enim
2625 3976 2934 4039 sententia,
2966 3975 3131 4031 Pauli
3159 3977 3523 4034 Samosateni
3558 3985 3613 4034 et
3644 3980 3775 4036 reli-

2122 4076 2371 4130 quorum
2423 4060 2830 4117 haereticorum
2864 4069 2981 4130 est;
3016 4066 3113 4119 sed
3150 4066 3229 4119 ita
3260 4067 3513 4123 dicimus
3567 4086 3777 4125 secun-

2121 4148 2262 4202 dum
2312 4149 2769 4204 orthodoxorum
2820 4152 3159 4223 dogmatum
3213 4157 3573 4225 puritatem:
3608 4159 3774 4225 Quod

2119 4236 2333 4291 virtute
2372 4242 2429 4292 et
2465 4238 2684 4309 Spiritu
2727 4247 2927 4295 sancto
2962 4241 3178 4311 repleta
3208 4244 3286 4298 sit
3318 4244 3505 4315 Virgo,
3530 4262 3664 4301 eum
3700 4247 3775 4303 ad

2123 4325 2643 4382 sanctiﬁcationem
2676 4328 2868 4383 carnis
2902 4346 3040 4392 suae.
3062 4333 3189 4384 tum
3225 4338 3285 4385 ut
3317 4339 3517 4402 posset
3545 4340 3777 4406 gestare

2123 4415 2439 4471 salutarem
2474 4416 2675 4471 fetum.
2700 4416 2816 4470 Hoc
2840 4422 3006 4488 pacto
3030 4418 3210 4489 igitur
3232 4420 3357 4491 ipsa
3379 4420 3576 4477 divina
3598 4422 3777 4478 Verbi

2124 4504 2481 4578 hypostasis,
2505 4506 2563 4559 in
2597 4505 2835 4577 Virgine
2874 4506 3236 4576 inhabitans,
3260 4509 3565 4566 incarnata
3603 4515 3693 4565 est
3723 4515 3783 4566 et

2046 4613 2089 4677 Ι)
2122 4595 2551 4650 humanitatem
2575 4595 2900 4667 assumpsit
2927 4614 2938 4651 :
2964 4614 3077 4651 non
3102 4597 3315 4653 virtute
3343 4604 3399 4653 et
3420 4600 3782 4669 operatione,

2128 4685 2227 4739 sed
2263 4685 2925 4757 hypostasi,eecundum
2955 4690 3136 4741 totam
3173 4688 3597 4758 plenitudinem
3631 4689 3784 4745 Divi-

2128 4774 2492 4846 nitatis,ipsa
2514 4791 2639 4846 quae
2670 4775 2743 4829 ab
2777 4775 2940 4830 initio
2973 4780 3028 4830 et
3060 4777 3212 4831 ultra
3244 4777 3479 4833 initium
3510 4780 3661 4835 Deus
3694 4785 3785 4836 est

2131 4863 2256 4920 Filii
2276 4864 2374 4918 Dei
2395 4863 3056 4936 bypostasis,incarnata
3073 4875 3157 4921 est
3175 4871 3232 4921 et
3250 4868 3675 4925 humanitatem
3691 4887 3784 4926 as-

2131 4954 2404 5025 sumpsit.
2440 4953 2722 5023 Superius
2754 4954 2907 5007 enim
2944 4956 3251 5025 probatum
3292 4958 3418 5021 fuit,
3441 4958 3595 5029 quod
3629 4960 3785 5013 sicut

2131 5043 2481 5108 substantia,
2511 5043 2788 5112 potentia,
2814 5047 2871 5096 et
2903 5059 3146 5114 regnum
3180 5050 3234 5099 et
3266 5045 3377 5099 alia
3409 5046 3625 5111 omnia,
3651 5062 3779 5116 qua:

2125 5132 2293 5201 juxta
2311 5131 2661 5201 theologiam
2684 5130 2774 5185 his
2793 5132 3352 5203 adduntur,singula
3374 5134 3785 5204 haec,inquam,

2135 5237 2248 5274 non
2271 5218 2608 5291 hypostasis
2626 5219 2921 5285 dicuntur,
2938 5223 3034 5273 sed
3055 5219 3208 5275 circa
3228 5220 3563 5291 hypostasin
3583 5238 3790 5277 secun-

2134 5311 2274 5364 dum
2298 5309 2691 5363 substantiam
2716 5309 3017 5378 speciatim
3041 5309 3528 5378 interpretantur;
3552 5310 3633 5364 sic
3652 5327 3788 5382 ope-

2135 5398 2284 5454 ratio
2308 5405 2364 5453 et
2387 5398 2568 5452 virtus
2597 5398 2751 5453 circa
2784 5397 3126 5468 hypostasin
3152 5397 3623 5454 substantialiter
3642 5400 3787 5455 refe-

2136 5493 2348 5544 runtur
2364 5489 2491 5543 etin
2505 5486 3065 5556 communequidem
3082 5488 3151 5541 ad
3170 5504 3647 5560 unamquamque
3661 5506 3794 5545 san-

2137 5583 2367 5635 ctarum
2388 5576 2565 5631 trium
2585 5575 2915 5630 divinarum
2949 5574 3377 5647 hypostasium,
3394 5576 3623 5649 proprie
3645 5579 3782 5634 item

2138 5669 2211 5725 ad
2235 5682 2414 5723 unam
2444 5663 2577 5721 Filii
2597 5665 2716 5733 Dei,
2732 5664 3095 5720 incarnatam
3118 5668 3176 5720 et
3195 5664 3494 5722 hominem
3518 5668 3754 5728 factam.
