4120 6368
348 400 460 461 931

1513 393 1581 459 S.
1624 391 2155 457 ATHANASIUS.
2190 422 2266 436 --
2293 391 2604 456 SPURIA.

3652 397 3772 461 932

354 551 475 586 υτον
527 528 761 605 λέγεται,
819 526 966 583 ἀλλὰ
1023 527 1146 603 περὶ
1203 527 1305 596 τὴν
1363 524 1650 581 ὑπόστασιν
1706 523 1823 578 κατ’
1880 520 2065 576 οὐσίαν
2125 517 2238 593 ἰδίᾳ
2295 518 2779 597 διερμηνευόμενα’
2841 524 3015 588 οὕτως
3069 525 3159 580 καὶ
3219 528 3255 596 ἡ
3315 526 3552 604 ἐνέργεια
3598 528 3689 583 καὶ
3732 530 3771 600 ἡ

355 618 584 693 δύναμις
641 617 766 693 περί
821 618 920 686 τὴν
976 617 1263 671 ὑπόστασιν
1322 613 1601 677 ούσιωδῶς
1657 613 1994 691 ἀναφέρεται·
2052 609 2143 666 καὶ
2198 616 2399 674 κοινῶς
2458 612 2553 685 μὲν
2614 612 2697 692 ἐφ’
2753 614 2982 687 ἑκάστης
3027 620 3135 670 τῶν
3188 616 3359 691 ἁγίων
3404 621 3571 694 τριῶν
3616 628 3773 693 θεαρ-

352 714 526 787 χικῶν
583 706 947 780 ὑποσπάσεων⁷
982 703 1132 768 ῗδίως
1186 704 1243 761 δὲ
1297 705 1388 761 καὶ
1447 704 1528 761 ἐπ’
1580 702 1746 772 αὐτὴν
1774 702 1874 771 τὴν
1911 700 2036 774 μίαν
2091 704 2192 755 τοῦ
2247 701 2378 756 Υἱοῦ
2405 705 2503 756 τοῦ
2534 706 2669 757 Θεοῦ
2701 709 3065 778 σαρκωθεῖσαν
3114 705 3204 760 καὶ
3257 704 3773 782 ἐνανθρωπήσασαν.

426 818 511 875 10.
544 816 893 890 Supervenit
939 814 1121 889 igitur
1149 814 1407 887 Spiritus
1450 817 1692 868 sanctus
1723 810 1783 865 in
1817 808 1994 881 Virgi-

2190 809 2278 866 ΙΟ.
2332 807 2572 879 Ἐπῆλθε
2616 810 2797 865 τοίνυν
2850 812 2911 866 τὸ
2962 816 3184 887 Πνεῦμα
3228 813 3293 868 τὸ
3342 813 3496 889 ἅγιον
3550 812 3766 884 ἐπίτὴδ

351 924 488 964 nem
519 911 577 963 et
604 905 989 962 sanctiﬁcavit
1018 903 1203 971 illam,
1239 907 1303 958 ut
1333 904 1390 957 in
1424 901 1672 957 Psalmis
1704 899 1785 955 ait
1816 897 2005 969 Spiri—

349 1002 447 1052 tus
489 1013 552 1051 ;‹‹
601 992 997 1050 Sanctiﬁcavit
1044 990 1491 1048 tabernaculum
1540 1005 1717 1045 suum
1767 985 2004 1041 Altissi-

351 1103 487 1141 mus
507 1086 608 1153 ⁴²,››
627 1089 685 1140 et
706 1082 1082 1138 obumbravit
1101 1081 1286 1137 virtus
1307 1079 1599 1136 Altissimi
1621 1077 2005 1133 corroborans

349 1192 501 1241 eam,
533 1179 592 1229 et
628 1172 833 1227 divinae
883 1172 1103 1227 umbraa
1150 1171 1547 1225 ostensionem
1597 1167 1907 1232 induccns,
1942 1169 2007 1218 ut

347 1263 487 1319 hinc
517 1262 786 1318 instituta
815 1261 1008 1316 videre
1038 1263 1255 1331 posset,
1280 1262 1566 1330 quantum
1600 1256 1822 1312 scilicet
1845 1258 2003 1326 pote-

350 1356 444 1407 rat
468 1350 684 1412 videre.
709 1348 893 1404 Deum
918 1348 1112 1403 formae
1135 1351 1433 1419 expertem
1456 1345 1514 1400 in
1538 1345 1668 1417 ipsa
1686 1346 2001 1416 gestatum.

350 1441 554 1512 Neque
583 1440 739 1494 enim
773 1437 1197 1509 suspicandum
1230 1442 1318 1492 est
1341 1435 1641 1508 Virginem
1675 1432 2003 1489 secundum

352 1529 682 1601 simplicem
714 1533 936 1583 naturae
969 1525 1384 1598 proprietatem
1431 1524 1613 1580 Deum
1647 1524 1707 1578 in
1740 1538 1801 1578 se
1832 1519 2005 1575 habi-

348 1623 572 1674 tantem
608 1617 798 1672 videre
829 1617 1090 1683 potuisse
1124 1616 1278 1685 (cum
1328 1630 1401 1670 ne
1442 1613 1574 1685 ipsa
1606 1611 1842 1684 quidem
1876 1609 2004 1665 ani-

348 1706 544 1773 malis,
576 1702 881 1761 rationalis
908 1707 966 1759 et
1003 1701 1329 1775 spiritualis
1368 1700 1692 1758 incarnatio
1721 1699 1781 1754 id
1813 1699 2004 1754 videre

347 1793 652 1867 potuerit);
684 1794 785 1849 sed
821 1809 922 1864 pro
952 1790 1199 1859 viribus,
1226 1796 1427 1865 utpote
1457 1791 1845 1847 obumbrante
1874 1788 2005 1859 ipsa

346 1883 638 1939 Altissimi
666 1882 900 1950 virtute,
933 1886 990 1937 et
1019 1881 1190 1952 quasi
1221 1881 1493 1936 umbram
1529 1879 1795 1947 faciente,
1825 1881 1887 1931 ut
1914 1875 2003 1929 vi-

347 1973 529 2038 deret,
581 1976 875 2043 quatenus
922 1974 1169 2041 poterat,
1217 1969 1649 2025 inhabitantem
1702 1966 1901 2021 Deum.
1937 1963 2004 2019 Et

347 2060 847 2134 quemadmodum
882 2075 987 2113 nos
1019 2058 1297 2114 habentes
1318 2058 1578 2113 animam
1610 2057 1669 2111 in
1693 2070 1865 2110 carne
1894 2069 1999 2108 no-

345 2155 470 2205 stra
497 2148 951 2213 inhabitantem,
979 2163 1106 2202 eam
1142 2151 1204 2201 ut
1235 2147 1293 2201 in
1327 2163 1389 2201 se
1415 2151 1505 2201 est
1534 2162 1651 2200 non
1686 2157 2001 2215 possumus

345 2238 563 2303 videre,
583 2238 684 2292 sed
718 2236 885 2308 quasi
919 2236 1160 2290 umbras
1181 2235 1462 2307 quasdam
1486 2239 1543 2289 et
1572 2234 1789 2288 formas
1811 2248 1845 2286 a
1865 2230 1998 2284 viri-

345 2327 456 2382 bus
482 2332 541 2383 et
560 2325 1000 2397 operationibus
1023 2325 1187 2395 ejus;
1212 2324 1329 2379 tale
1349 2323 1629 2395 quiddam
1656 2328 1778 2377 tum
1804 2319 1999 2391 Virgo,

345 2420 473 2471 tum
499 2415 630 2487 ipsa
660 2412 966 2470 rationalis
1000 2418 1056 2469 et
1085 2412 1438 2484 intelligens,
1462 2411 1660 2467 anima
1678 2410 1872 2465 videre
1900 2425 1999 2480 po-

345 2505 736 2577 tuit,jamque
758 2506 951 2576 potest
972 2518 1073 2574 per
1092 2502 1340 2558 traditas
1369 2500 1482 2557 sibi
1515 2499 1823 2555 facultates
1843 2496 2000 2554 340

348 2599 525 2666 atque
557 2593 729 2648 vires.
753 2596 944 2664 Atque
965 2591 1289 2647 secundum
1313 2590 1464 2645 hanc
1487 2590 1771 2645 rationem
1805 2586 2001 2659 potius

347 2702 443 2741 res
475 2682 885 2756 pertractanda
928 2686 1037 2750 est,
1068 2682 1222 2753 quod
1266 2681 1466 2738 fecerit
1494 2680 1776 2735 Dominus
1807 2677 1998 2733 homi-

348 2791 505 2846 nem,
537 2776 594 2829 et
622 2773 694 2828 ad
745 2770 1063 2843 imaginem
1097 2770 1194 2826 Dei
1249 2769 1445 2826 fecerit
1492 2769 1710 2841 ipsum.
1746 2768 1891 2822 Nam
1923 2765 1992 2821 ad

346 2863 662 2936 imaginem
701 2866 757 2917 et
787 2859 1233 2917 similitudinem
1269 2858 1612 2929 bujusmodi
1644 2855 1997 2913 incarnatio-

343 2951 437 3008 nis
465 2956 525 3006 et
554 2954 871 3021 assumptis
906 2948 1290 3004 humanitatis
1321 2948 1456 3003 fecit
1476 2947 1631 3002 Deus
1661 2944 1993 3012 hominem;

347 3047 413 3097 ut
440 3040 502 3094 in
533 3056 595 3095 se
624 3043 862 3112 gestans
891 3037 1051 3092 illam
1084 3037 1402 3110 imaginem
1435 3041 1492 3092 et
1521 3032 1995 3100 similitudinem,

345 3146 417 3184 ne
448 3128 742 3183 dubitaret
769 3127 840 3181 de
866 3125 1156 3197 ejusmodi
1188 3125 1590 3181 incarnatione
1611 3128 1668 3180 et
1690 3126 1997 3192 assumpta

345 3217 743 3284 humanitate;
763 3215 1255 3280 Incarnationem,
1274 3213 1539 3286 inquam,
1554 3217 1611 3268 et
1628 3215 1995 3282 assumptam

343 3305 799 3373 humanitatem,
826 3320 959 3358 nam
982 3319 1050 3358 ea
1074 3319 1191 3358 una
1211 3302 1428 3374 duplici
1452 3318 1587 3357 voce
1607 3298 1994 3374 appellamus,

343 3412 448 3451 nec
481 3393 673 3450 solum
717 3392 1179 3448 incarnationem
1224 3392 1635 3464 praedicamus,
1667 3390 1767 3445 sed
1816 3388 1995 3444 etiam

342 3488 715 3554 assumptam
763 3479 1220 3549 humanitatem;
1256 3495 1327 3536 ne
1364 3479 1567 3550 impiis
1598 3477 1883 3533 haereticis
1913 3475 1995 3530 vi-

2116 898 2417 972 ΙΙαρθὲνον,
2464 898 2554 953 καὶ
2602 897 2821 976 ἡγίασεν
2868 900 3067 970 αὐτὴν,
3124 901 3201 963 ὡς
3248 901 3337 956 καὶ
3396 900 3450 958 ἐν
3506 900 3770 976 Ψαλμοῖς

2117 1007 2248 1062 φησι
2305 986 2368 1043 τὸ
2428 992 2655 1061 Πνεῦμα
2697 1009 2711 1023 ·
2772 1014 2794 1041 ι
2852 991 3144 1065 Ἠγιάσατο
3201 993 3465 1064 σκήνωμα
3514 991 3680 1048 αὐτοῦ
3739 994 3769 1048 ὁ

2113 1077 2395 1148 ⁹’ὶ’ψιστος,
2434 1101 2455 1127 ι
2490 1077 2580 1131 καὶ
2631 1077 2940 1135 ἐπεσκίαοΐν
2990 1081 3026 1149 ἡ
3080 1076 3307 1154 δύναμις
3354 1085 3451 1136 τοῦ
3488 1081 3763 1155 Ὑψίστου,

2116 1160 2476 1236 δυναμώσασα
2522 1165 2713 1236 αὐτὴν,
2764 1168 2855 1223 καὶ
2914 1174 3067 1232 σκιᾶς
3126 1169 3271 1233 θείας
3329 1167 3619 1247 ἐμφανείας
3675 1170 3769 1244 ἐμ-

2114 1255 2408 1323 ποιήσασα,
2445 1250 2538 1309 ἵνα
2584 1251 2729 1310 ἓνθεν
2770 1259 3086 1331 τυπουμένη
3149 1254 3280 1313 ἰδεῖν
3343 1257 3590 1330 δύνηται,
3646 1260 3768 1325 καθ’

2114 1338 2237 1396 ὅσον
2272 1338 2489 1397 δύναται
2522 1340 2795 1413 ίδεῖν,τὸν
2845 1344 2896 1400 ἐν
2948 1345 3084 1422 αὐτῇ
3134 1347 3580 1426 κυοφορούμενον
3627 1347 3768 1405 ἀνεί-

2115 1427 2235 1486 δεον
2267 1431 2415 1489 Θεόν.
2449 1430 2608 1505 Μηδὲ
2636 1433 2739 1509 γὰρ
2773 1432 3145 1506 ὑποληπτὲον,
3178 1435 3263 1492 ὅτι
3290 1438 3410 1493 καθ’
3436 1435 3617 1507 ἁπλῆν
3661 1446 3764 1510 τῆς

2114 1519 2326 1597 φύσεως
2375 1517 2624 1593 ἰδιότητα
2675 1520 2805 1579 ἰδεῖν
2857 1523 3093 1594 ἠδύνατο
3135 1524 3229 1581 τὸν
3283 1524 3334 1581 ἂν
3387 1525 3525 1602 αὐτῇ
3573 1524 3767 1600 ἰνσκη-

2113 1609 2359 1664 νώσαντα
2409 1611 2539 1666 Θεὸν
2588 1614 2624 1681 ἡ
2676 1614 2946 1689 ΙΙαρθὲνος
2997 1616 3182 1689 (τοῦτο
3233 1615 3337 1691 γὰρ
3388 1612 3512 1671 οὔτε
3556 1615 3696 1687 αύτή
3726 1619 3763 1690 ἡ

2112 1694 2387 1774 ἔμψυχος,
2439 1697 2640 1775 λογική
2691 1722 2750 1756 τε
2798 1701 2886 1757 καὶ
2933 1703 3094 1775 νοερὰ
3140 1704 3410 1781 σάρκωσις
3457 1701 3592 1760 ΐδεῖν
3636 1702 3771 1776 ἡδύ-

2109 1789 2282 1861 νατο)·
2344 1785 2490 1843 ἀλλὰ
2552 1788 2689 1844 κατὰ
2755 1791 2820 1845 τὸ
2876 1786 3149 1859 δυνατὸν,
3199 1792 3275 1855 ὡς
3346 1792 3769 1867 ἐπισκιαζούσης

2112 1876 2281 1945 αὐτῆς
2335 1883 2437 1947 τῆς
2490 1882 2587 1932 τοῦ
2645 1879 2903 1953 Ὑψίστου
2948 1877 3246 1954 δυνάμεως,
3296 1882 3386 1937 καὶ
3444 1882 3558 1937 οἷον
3609 1885 3766 1947 σκιὰς

2112 1963 2451 2036 ἐμποιούσης
2482 1967 2619 2040 πρὸς
2670 1969 2734 2023 τὸ
2782 1966 2916 2023 ῗδεῖν
2946 1968 3039 2024 τὸν
3086 1968 3449 2041 ἐνσκηνοῦντα
3480 1970 3626 2030 Θεόν.
3662 1973 3762 2028 Καὶ

2111 2052 2293 2130 ὥσπερ
2337 2057 2500 2128 ἡμεῖς
2551 2055 2703 2111 αὐτοὶ
2753 2060 2938 2134 ψυχήν
2988 2056 3342 2128 ἐνσκηνοῦσαν
3396 2060 3446 2115 ἐν
3491 2056 3562 2136 τῇ
3607 2062 3765 2137 σαρκὶ

2109 2144 2269 2215 ἡμῶν
2303 2140 2542 2219 ἔχοντες,
2575 2145 2682 2221 οὐχ
2729 2146 2802 2208 ὡς
2850 2144 2991 2202 ἔστιν
3035 2150 3070 2218 ἡ
3102 2150 3255 2224 ψυχή
3306 2147 3437 2204 ἰδεῖν
3470 2151 3638 2221 αὐτὴν
3671 2148 3762 2207 δυ-

2106 2230 2331 2304 νάμεθα,
2382 2232 2509 2289 ἀλλ’
2558 2236 2671 2289 οἷον
2718 2235 2871 2298 σκιὰς
2920 2235 3087 2306 αὐτῆς
3136 2239 3226 2292 καὶ
3274 2237 3476 2301 τύπους
3514 2240 3621 2295 ἀπὸ
3649 2245 3760 2296 τῶν

2109 2318 2388 2395 δυνάμεων
2444 2323 2612 2394 αὐτῆς
2665 2324 2754 2379 καὶ
2809 2329 2917 2380 τῶν
2976 2323 3280 2403 ἐνεργειῶν·
3339 2333 3558 2385 τοιοῦτο
3607 2329 3645 2400 ἤ
3702 2350 3763 2387 τε

2107 2409 2401 2486 ΙΙαρθὲνος,
2449 2412 2539 2466 καὶ
2587 2411 2722 2482 αὐτή
2776 2415 2812 2483 ἡ
2858 2413 3053 2490 λογική
3104 2414 3192 2470 καὶ
3224 2415 3385 2491 νοερὰ
3434 2418 3588 2493 ψυχὴ
3625 2414 3757 2473 ἰδεῖν

2106 2497 2365 2572 ἠδύνατο,
2397 2501 2487 2556 καὶ
2515 2506 2609 2557 νῦν
2639 2499 2699 2557 δὶ
2728 2499 2948 2559 δύναται
2979 2503 3038 2559 ἐκ
3063 2509 3173 2560 τῶν
3206 2501 3568 2579 ἐνδιδομένων
3616 2506 3754 2583 αὐτῇ

2108 2586 2388 2663 δυνάμεων
2437 2591 2529 2646 καὶ
2576 2591 2851 2668 ἐνεργειῶν
2889 2637 2902 2650 .
2955 2594 3054 2648 Καὶ
3101 2596 3238 2649 κατά
3289 2599 3480 2650 τοῦτον
3542 2595 3758 2669 μᾶλλον

2108 2677 2366 2754 ἀναλογεῖ
2409 2678 2598 2756 λόγον,
2646 2681 2728 2736 ὅτι
2778 2681 3028 2752 ἐποίησεν
3082 2683 3110 2738 ὁ
3140 2684 3271 2747 Θεὸς
3317 2684 3407 2740 τὸν
3450 2682 3755 2762 ἄνθρωπον,

2104 2767 2194 2822 καὶ
2240 2773 2353 2823 κατ’
2401 2767 2583 2823 εἷ’κόνα
2644 2773 2779 2825 Θεοῦ
2829 2768 3081 2840 ἐποίησεν
3149 2771 3308 2827 αὐτόν
3336 2816 3349 2831 .
3402 2773 3528 2829 Κατ’
3577 2773 3760 2831 εἰκόνα

2103 2858 2205 2933 γὰρ
2235 2856 2326 2913 καὶ
2354 2857 2616 2931 ὁμοίωσιν
2665 2866 2765 2929 τῆς
2816 2860 3075 2931 τοιαύτης
3126 2862 3448 2938 σαρκώσεως
3478 2868 3569 2919 καί
3599 2864 3755 2920 ἐναν-

2106 2948 2440 3021 θρωπήσεως
2491 2945 2738 3017 ἐποίησεν
2790 2950 2818 3003 ὁ
2863 2949 2992 3012 Θεὸς
3038 2950 3131 3005 τὸν
3178 2948 3480 3027 ἄνθρωπον·
3523 2950 3655 3023 ἵνα,
3701 2953 3754 3010 ἐν

2106 3035 2252 3120 αὑτῷ
2282 3034 2457 3113 φέρων
2489 3038 2550 3090 τὸ
2579 3038 2695 3092 κατ’
2748 3038 2928 3093 εἰκόνα
2974 3040 3064 3094 καὶ
3112 3041 3400 3113 ὁμοίωσιν,
3455 3044 3530 3117 μὴ
3581 3042 3754 3120 ἀμφί-

2105 3119 2270 3180 ϐολον
2296 3121 2399 3200 ἔχῃ
2427 3126 2493 3180 τὰ
2533 3123 2619 3180 ἐπί
2666 3133 2765 3196 τῆς
2811 3128 3071 3200 τοιαύτης
3115 3132 3437 3206 σαρκώσεως
3477 3132 3565 3187 καὶ
3615 3119 3755 3189 ἔναν-

2104 3215 2462 3289 θρωπήσεως·
2524 3216 2843 3291 σαρκώσεως
2900 3218 3003 3295 γὰρ
3076 3220 3167 3274 καὶ
3242 3220 3702 3298 ὲνανθρωπήσεως
3733 3241 3747 3254 ·

2104 3302 2195 3357 καί
2252 3323 2317 3379 γε
2368 3303 2458 3358 καὶ
2515 3306 2861 3384 συνεκφράσει
2920 3308 3301 3385 προσηγορίαν
3359 3311 3701 3387 κηρύττομεν
3741 3357 3756 3382 ,

2104 3393 2193 3447 καὶ
2251 3390 2312 3446 ού
2376 3391 2540 3465 μόνον
2603 3392 2871 3471 σάρκωσιν
2933 3396 3408 3474 καταγγέλλομεν,
3465 3398 3611 3456 ἀλλὰ
3665 3399 3756 3456 καὶ

2107 3480 2525 3555 ὲνανθρώπησιν·
2579 3480 2673 3539 ἵνα
2731 3486 2808 3558 μή
2865 3482 3001 3558 δοκῇ
3056 3492 3173 3548 τοῖς
3234 3487 3412 3549 ἀθέοις
3460 3488 3754 3561 αἱρετικοῖς

341 3573 554 3629 deatur
605 3587 714 3626 nos
761 3574 957 3625 mente
986 3574 1044 3625 et
1073 3567 1296 3624 ratione
1345 3572 1634 3624 carentem
1684 3566 1994 3640 pradicare

2110 3569 2322 3648 ἄψυχον
2366 3571 2457 3627 καὶ
2505 3570 2662 3628 ἄνουν
2712 3557 2802 3629 καὶ
2851 3557 3054 3649 ἄλογον
3088 3574 3356 3648 σάρκωσιν
3409 3557 3754 3649 δογματίζειν

340 3659 840 3726 incarnationem;
892 3658 992 3714 sed
1044 3657 1289 3714 dicendo
1319 3657 1784 3714 incarnationem
1815 3660 1871 3712 et
1899 3672 1993 3711 as-

340 3754 643 3821 sumptam
674 3747 1128 3813 humanitatem,
1160 3765 1266 3803 nos
1299 3752 1358 3803 et
1385 3763 1618 3803 carnem
1650 3747 1905 3817 credere,
1937 3750 1994 3801 et

339 3838 600 3896 animam
660 3836 1006 3893 rationalem
1058 3841 1116 3891 et
1164 3836 1587 3909 intelligentem
1639 3837 1989 3909 signiﬁcare.

340 3928 589 3999 Ideoque
619 3943 718 3981 eos
772 3926 873 3998 qui
923 3925 1130 3981 dicunt
1159 3942 1336 3981 unam
1369 3925 1471 3981 Dei
1499 3925 1672 3981 Verbi
1720 3934 1989 3981 naturam

336 4016 727 4085 incarnstam,
748 4031 937 4087 neque
958 4015 1184 4070 addunt
1206 4017 1549 4085 animatam,
1569 4016 1911 4071 rationalem
1935 4020 1993 4071 et

334 4103 788 4176 intelligentem,
811 4119 927 4158 non
959 4103 1279 4159 admodum
1314 4103 1648 4175 recipimus,
1672 4103 1784 4158 nisi
1814 4120 1988 4176 expo-

334 4192 952 4265 nant,etdogmatibus
969 4192 1038 4246 ad
1040 4191 1250 4263 jiciant
1267 4191 1407 4247 dicti
1428 4193 1984 4263 interpretationem.

335 4283 487 4338 Illud
518 4282 692 4348 enim,
720 4281 884 4354 prius
914 4279 1260 4352 simpliciter
1289 4281 1514 4336 dictum
1546 4298 1579 4336 a
1609 4282 1987 4354 quibusdam,

334 4371 713 4445 postmodum
755 4370 812 4425 in
860 4386 1101 4442 pravam
1148 4371 1495 4426 sententiam
1527 4371 1844 4427 deductum
1877 4375 1987 4441 est,

334 4460 626 4518 haereticis
654 4476 852 4516 vocem
885 4459 1047 4515 illam
1080 4459 1557 4531 depravantibus.

408 4570 494 4625 11.
526 4567 900 4623 Sanctiﬁcata
958 4565 1140 4638 igitur
1190 4565 1444 4637 Spiritus
1492 4569 1681 4623 sancti
1733 4568 1988 4623 adventu

331 4657 530 4729 Virgo,
586 4661 644 4712 et
699 4656 1074 4711 corroborata
1121 4654 1337 4711 virtute
1386 4655 1698 4723 Altissimi,
1747 4653 1988 4728 gravida

332 4763 468 4803 eum
501 4750 694 4818 gestat
722 4744 825 4815 qui
868 4744 1194 4799 secundum
1234 4745 1533 4817 propriam
1566 4762 1732 4801 suam
1765 4746 1988 4815 hypos-

332 4834 492 4891 tasin
525 4833 708 4888 Filius
740 4832 840 4887 Dei
890 4838 998 4899 est,
1031 4835 1355 4889 secundum
1388 4851 1565 4890 unam
1599 4833 1835 4889 deitatis
1865 4849 1985 4888 sua;

2101 3662 2269 3733 ἡμᾶς,
2331 3660 2478 3717 ἀλλὰ
2534 3660 2624 3718 διὰ
2668 3668 2765 3718 τοῦ
2824 3661 2998 3739 λέγειν
3050 3664 3317 3736 σάρκωσιν
3364 3662 3455 3717 καὶ
3487 3662 3753 3739 ἐνανθρώ-

2101 3770 2285 3821 πησιν,
2317 3752 2416 3822 τήν
2464 3772 2524 3806 τε
2573 3753 2743 3828 σάρκα
2790 3749 3057 3806 πιστεύειν
3110 3753 3279 3823 ἡμᾶς,
3329 3753 3426 3822 τήν
3458 3772 3518 3807 τε
3565 3752 3749 3828 ψυχὴν

2102 3837 2330 3914 λογικήν
2380 3862 2438 3895 τε
2482 3841 2571 3895 καὶ
2614 3839 2802 3916 νοεράν
2853 3836 3329 3912 διασημαίνοντας.
3370 3841 3463 3895 Διὸ
3504 3840 3750 3905 καὶτοὺς

2101 3925 2360 4004 λέγοντας
2396 3928 2518 4003 μίαν
2569 3928 2723 4006 φύσιν
2773 3931 2869 3982 τοῦ
2918 3932 3052 3984 Θεοῦ
3102 3929 3280 4005 Λόγου
3311 3932 3751 4005 σεσαρκωμὲνην,

2097 4018 2187 4073 καὶ
2247 4019 2322 4092 μὴ
2392 4016 2746 4094 ἐπιφέροντας
2796 4015 3197 4093 ἐψυχωμένην,
3261 4018 3489 4096 λογικήν
3546 4040 3606 4075 τε
3661 4018 3752 4074 καὶ

2098 4107 2310 4182 νοερὰν,
2373 4105 2433 4160 οὑ
2483 4106 2621 4159 πάνυ
2670 4101 3089 4182 ἀποδεχόμεθα,
3149 4108 3295 4178 πλὴν
3358 4106 3752 4183 ἔπιλυομὲνους

2096 4192 2269 4249 καὶέν
2320 4190 2583 4267 δόγμασιν
2632 4192 2979 4257 ἀνατιθέντας
3024 4197 3125 4265 τήν
3176 4196 3464 4272 ἑρμηνείαν
3513 4205 3614 4268 τῆς
3648 4196 3753 4274 ῥή-

2100 4303 2237 4344 σεως
2273 4300 2286 4314 '
2346 4282 2416 4336 Τὸ
2473 4282 2577 4357 γὰρ
2634 4283 2725 4337 καὶ
2782 4285 2974 4358 πρώην
3035 4282 3329 4347 ἀπλάστως
3389 4284 3592 4363 ἐρῥήθη
3647 4285 3749 4341 ὑπό

2093 4392 2277 4444 τινων,
2313 4367 2400 4425 ἅλ’
2433 4370 2809 4447 ἱκακουργήθη
2863 4371 3105 4449 ὕστερον,
3155 4374 3608 4451 πονηρευομὲνων
3643 4380 3750 4431 τῶν

2096 4460 2381 4535 αἱρετικῶν
2413 4460 2547 4514 κατὰ
2577 4461 2675 4529 τήν
2710 4459 2889 4537 ῥῆσιν.

2170 4568 2255 4622 11.
2289 4567 2631 4643 Ἃγιασθεῖσα
2660 4566 2839 4622 τοίνυν
2871 4572 2940 4642 τῇ
2974 4567 3249 4625 ἐπελεύσει
3271 4574 3368 4625 τοῦ
3400 4570 3554 4648 ἁγίου
3585 4569 3753 4627 Ιῐνεύ-

2100 4674 2267 4727 ματος
2301 4657 2335 4725 ἡ
2370 4657 2667 4731 ΙΙαρθένος,
2703 4656 2791 4712 καὶ
2825 4655 3204 4731 δυναμωθεῖσα
3249 4658 3308 4715 ἐκ
3341 4667 3443 4730 τῆς
3474 4665 3574 4715 τοῦ
3601 4660 3750 4734 Ὑψί-

2096 4764 2225 4799 στου
2257 4742 2560 4817 δονάμεως,
2609 4752 2870 4825 κυοφορεῖ
2909 4748 3001 4802 τὸν
3052 4750 3188 4804 κατὰ
3233 4750 3333 4818 τήν
3382 4746 3746 4821 ὲξιδιάζουσαν

2095 4831 2260 4888 αὐτοῦ
2294 4833 2583 4889 ὑπόστασιν
2620 4836 2740 4891 Γὶὸν
2787 4840 2885 4891 τοῦ
2930 4841 3089 4907 Θεοῦ,
3118 4839 3255 4893 κατὰ
3290 4840 3390 4908 τήν
3429 4838 3553 4914 μίαν
3584 4839 3755 4895 αὐτοῦ

333 4928 608 4979 naturam
641 4939 654 4977 :
690 4921 958 4993 peritque
1004 4938 1138 4977 eum
1187 4922 1559 4978 incarnatum
1597 4926 1655 4977 et
1683 4921 1982 4977 hominem

2105 4929 2191 4992 τῆς
2224 4923 2484 4994 θεότητος
2515 4925 2691 5002 φύσινο
2722 4926 2811 4980 καὶ
2841 4926 3011 4982 τίκτει
3058 4931 3250 4982 τοῦτον
3289 4928 3629 5004 σαρκωθὲντα
3658 4928 3749 4984 καὶ

334 5013 554 5069 factum
595 5011 767 5082 juxta
813 5011 1063 5066 duarum
1117 5017 1461 5066 naturarum
1518 5009 1979 5083 proprietatem:

334 5102 435 5175 qui
467 5118 537 5157 ex
580 5100 813 5156 duobus
860 5105 917 5155 et
963 5100 1023 5155 in
1074 5101 1308 5155 duobus
1358 5100 1726 5170 praedicatur,
1759 5101 1985 5172 absque

330 5191 697 5255 confusione,
719 5189 1045 5244 mutatione
1083 5192 1140 5243 et
1182 5188 1467 5245 divisione
1499 5206 1512 5245 :
1549 5207 1663 5245 non
1694 5190 1981 5247 deit‘erum

330 5280 652 5346 hominem,
674 5279 777 5334 sed
805 5278 1105 5333 hominem
1138 5293 1375 5333 carnem
1407 5285 1755 5350 gestantem.
1783 5279 1984 5351 Neque

329 5370 510 5438 enim,
535 5373 600 5423 ut
619 5368 833 5424 iterum
854 5366 1143 5433 dicamus,
1168 5365 1278 5421 hoc
1304 5375 1472 5439 pacto
1506 5367 1846 5440 intelligunt
1867 5366 1981 5423 hae-

331 5458 515 5528 retici,
538 5459 637 5514 sed
669 5460 844 5529 prout
884 5456 1105 5511 dictum
1137 5461 1247 5525 est,
1279 5457 1605 5512 secundum
1659 5457 1979 5514 efficaciam

330 5548 583 5621 Spiritus
612 5552 670 5604 et
697 5545 930 5604 virtutis
956 5544 1268 5617 Altissimi,
1298 5552 1530 5601 uterum
1562 5549 1822 5617 gestasse
1851 5546 1980 5603 Vir-

401 5854 449 5894 “
473 5850 638 5915 Psal.
662 5865 796 5927 nr,
818 5853 880 5911 5.

2093 5012 2582 5089 ἐνανθρωπήσαντα
2611 5017 2747 5070 κατὰ
2776 5017 2874 5085 τὴν
2906 5019 3012 5070 τῶν
3046 5012 3141 5070 δύο
3173 5016 3383 5094 φύσεων
3412 5013 3752 5090 ἴδιότητα’ἐκ

2093 5100 2189 5158 δύο
2218 5103 2309 5158 καὶ
2341 5102 2392 5158 ἐν
2418 5101 2514 5158 δύο
2544 5100 3016 5178 δογματιζόμενον
3050 5104 3399 5181 ἀσυγχύτως,
3442 5107 3747 5182 ἀτρέπτως,

2090 5189 2430 5269 ἇδιαιρέτωςο
2466 5191 2527 5247 ού
2561 5191 2822 5270 θεοφόρον
2856 5190 3163 5267 ἄνθρωπον,
3219 5192 3365 5251 ἀλλὰ
3407 5197 3744 5276 σαρκοφόρον

2092 5280 2245 5337 Θεόν.
2301 5280 2392 5349 Μὴ
2433 5280 2561 5356 γὰρ,
2620 5280 2696 5342 ὡς
2748 5281 2913 5336 πάλιν
2976 5281 3163 5355 εἰπεῖν,
3215 5282 3358 5339 οὕτω
3405 5290 3573 5342 ταῦτα
3615 5290 3744 5358 νοή-

2091 5390 2273 5431 σαντες
2306 5369 2357 5423 oi
2389 5367 2676 5443 αἱρετικοὶ,
2708 5367 2837 5425 ἀλλ’
2886 5370 3001 5426 οἷον
3050 5371 3282 5447 εἴρηται,
3312 5376 3429 5430 κατ’
3471 5374 3740 5453 ἐνέργειαν

2093 5458 2414 5533 Ιίνεύματος
2445 5456 2534 5512 καὶ
2587 5455 2869 5533 δυνάμεως
2914 5461 3165 5536 Ὑψίστου
3211 5463 3507 5540 γενομῦνην
3551 5467 3653 5537 τὴν
3686 5465 3740 5524 ἰν

2091 5546 2352 5621 Παρθένῳ
2395 5547 2715 5626 κυοφορίαν,
2764 5548 3023 5631 θεοφόρον
3067 5550 3354 5631 ἄνθρωπον
3398 5555 3491 5611 τὸν
3537 5554 3597 5611 ἐκ
3642 5561 3743 5628 τῆς

2086 5850 2117 5861 ...ο
