4120 6354
366 382 484 441 933

1283 377 1549 440 SERMO
1595 376 1673 436 IN
1718 374 2438 438 ANNUNTIATIONEM
2487 377 2876 438 DEIPARIE.

3663 385 3785 445 934

367 510 640 587 Παρθένου
697 508 1078 585 έδογμάτισανο
1140 508 1527 585 πεφορημένην
1589 507 1732 570 θείαν
1788 503 2052 578 δύναμιν,

2146 505 2351 578 ginem,
2367 507 2778 581 Deiferumque
2795 510 3091 565 hominem
3109 527 3177 566 ex
3207 512 3440 583 Virgine
3461 513 3786 571 docuerunt

366 602 457 657 xui
516 601 784 678 ἐνέργειαν
840 606 935 655 τοῖ’)
994 599 1331 673 Ιινεύματος,
1378 599 1737 674 ὲνεργήσαντα
1785 597 2022 652 ἐναντίον

373 692 574 768 Φαραὼ
601 692 688 746 καὶ
722 690 936 745 πάντων
965 694 1070 745 τῶν
1105 691 1235 744 υἱῶν
1268 689 1487 766 Ἰσραήλ
1537 690 1669 762 (44).
1718 688 1878 744 ’Όθεν
1933 685 2023 741 xui

369 777 854 858 προσλαμϐάνουσι
884 781 978 842 τὰς
1010 780 1156 855 παρᾶ
1183 783 1278 834 τοῦ
1311 777 1607 855 κορυφαίου
1660 775 1862 855 φωνὰς,
1923 773 2020 846 δη-

360 876 701 947 ηγοροῦντος
736 870 788 925 έν
821 876 941 931 ταῖς
979 870 1208 944 [Ιράξεσι
1277 868 1399 941 περὶ
1434 869 1690 943 Χριστοῦ,
1739 866 1828 920 καὶ
1862 865 2024 920 αὐτοῦ

375 960 470 1033 μὲν
508 959 686 1035 ὀρθῶς
722 959 1006 1034 λέγοντος,
1039 956 1187 1012 οὗτοι
1217 955 1275 1011 δὲ
1308 951 1583 1032 στρεϐλῶς
1629 956 1718 1010 καὶ
1768 958 2022 1029 πονηρῶς

373 1044 831 1122 ἐκλαμϐάνοντες,
865 1047 977 1102 ἀνθ’
1008 1048 1080 1100 ὢν
1112 1045 1203 1100 καί
1233 1067 1394 1125 φησιν
1421 1049 1548 1120 (45)·
1595 1069 1622 1098 ‹‹
1673 1046 1881 1113 Ἰησοῦν
1935 1043 2026 1097 τὸν

355 1139 476 1194 ’ἀπὸ
526 1139 784 1208 Ναζαρὲτ,
837 1136 894 1191 δν
951 1135 1164 1212 ἔχρισεν
1217 1138 1244 1191 6
1290 1137 1417 1197 Θεὸς
1470 1133 1742 1207 ιινεόματι
1795 1132 1955 1208 ἁγίῳ·
1996 1155 2024 1182 ››

368 1231 615 1282 τοιοῦτον
676 1225 954 1301 λέγοντες,
988 1226 1069 1280 ὅτι
1101 1225 1152 1280 ἐν
1180 1225 1372 1300 γαστρὶ
1404 1231 1503 1293 τῆς
1535 1223 1806 1296 Παρθένου
1857 1218 2024 1276 ἔπλα-

373 1339 456 1373 σεν
520 1319 548 1372 ὁ
625 1316 756 1379 Θεὸς
823 1315 1103 1391 ἄνθρωπον
1165 1312 1290 1368 ἄνευ
1348 1319 1574 1390 σπορᾶς,
1635 1311 1877 1388 ἐνεργείᾳ
1928 1314 2025 1365 τοῖ’)

380 1407 712 1480 [[νεύματος,
790 1405 878 1460 xui
956 1405 1168 1480 ἔχρισεν
1250 1402 1406 1458 αὐτὸν
1465 1399 1689 1474 δύναμιν
1767 1399 2022 1473 Υψίστου,

379 1497 454 1558 ὡς
509 1495 598 1550 καὶ
641 1491 828 1550 ἔλαιον
908 1491 1288 1568 ἀγαλλιάσεως
1345 1492 1491 1567 παρά
1557 1489 1685 1552 τοὺς
1758 1488 2027 1564 μετόχους

382 1583 574 1653 αὐτοῦ,
625 1586 942 1660 γέγραπται.
1024 1581 1121 1636 Καὶ
1176 1586 1367 1635 τοῦτον
1425 1580 1545 1634 Υἱὸν
1600 1577 1847 1653 Ὑψίστου
1907 1574 2027 1630 ἐκά-

378 1673 530 1729 λεσεν
584 1676 618 1742 ἡ
676 1673 884 1750 Γραφή,
943 1673 1055 1726 οἷον
1102 1671 1191 1725 καὶ
1242 1667 1451 1743 εἶ’ρηται
1502 1668 1553 1723 ἐν
1597 1673 1712 1730 τοῖς
1747 1664 2027 1738 Ψαλμοῖς,

377 1760 633 1838 λέγοντος
664 1765 760 1815 τοῦ
792 1765 925 1814 Θεοῦ
958 1760 1094 1832 πρὸς
1125 1757 1394 1820 πολλούς’
1455 1783 1476 1811 α
1530 1758 1669 1833 Ἐγὼ
1716 1756 1856 1826 εἶπα,
1908 1753 2029 1809 Θεοί

376 1851 513 1920 ἐστε,
564 1850 652 1904 καὶ
703 1849 812 1902 υἱοὶ
872 1846 1106 1921 Υψίστου
1137 1849 1358 1909 πάντες.
1405 1869 1426 1899 ι
1461 1849 1635 1920 "Amp
1665 1849 1887 1900 τοιαῦτα
1936 1843 2026 1896 τὸν

374 1945 481 1994 τῶν
514 1940 798 2016 αἱρετικῶν
834 1937 1123 2013 δογμάτων
1173 1934 1550 2012 διελέγχοντες
1591 1938 1737 2001 νοῦν,
1795 1934 1884 1987 καὶ
1933 1930 2030 1985 ἐπ-
2063 1912 2110 1977 Β

379 2030 637 2105 ανορθοῦν
685 2025 1131 2104 προθυμούμενοι
1181 2023 1270 2080 διὰ
1315 2030 1415 2080 τοῦ
1445 2023 1713 2099 παρόντος
1742 2021 2026 2098 κηρύγμα-

378 2138 490 2187 τος,
555 2116 811 2194 λέγομεν,
871 2116 952 2170 ὅτι
1017 2116 1078 2170 οὐ
1140 2114 1399 2192 θεοφόρος
1455 2112 1739 2189 ἄνθρωπός
1800 2111 1937 2166 ἔστιν
2001 2111 2028 2163 6

378 2208 634 2283 Χριστὸς,
690 2205 836 2260 ἀλλὰ
883 2205 1220 2282 σαρκοφόρος
1270 2205 1422 2275 Θεὸς,
1475 2203 1589 2258 ἀνθ’
1637 2205 1711 2256 ὧν
1757 2202 1846 2256 καί
1898 2199 2029 2260 Θεὸς

379 2294 475 2364 ὢν,
533 2293 816 2370 ἄνθρωπον
869 2293 1089 2370 ἐφόρεσε
1135 2293 1250 2346 καθ’
1309 2291 1437 2346 ὅλον
1494 2291 1556 2346 τὸ
1599 2291 1883 2366 πλήρωμα
1928 2295 2028 2356 τῆς

380 2383 822 2460 ἀνθρωπότητος.
887 2382 1016 2442 Θεὸς
1061 2380 1270 2442 τέλειος
1317 2380 1406 2435 καὶ
1466 2381 1750 2455 ἅνθρωπος
1795 2378 2029 2448 τέλειος,

381 2475 459 2535 εἷς
517 2468 590 2526 ὤν
649 2471 785 2526 κατὰ
837 2470 958 2544 μίαν
1008 2469 1322 2538 ὑπόστασιν,
1352 2468 1439 2523 καί
1472 2469 1531 2524 ἐκ
1579 2467 1675 2523 δύο
1701 2469 1790 2523 καὶ
1849 2467 1899 2522 ἐν
1935 2463 2030 2520 δύο

382 2567 502 2623 ταῖς
552 2559 758 2636 φύσεσι.
809 2563 1005 2613 Τοῦτον
1054 2559 1158 2633 γὰρ
1205 2559 1297 2612 τὸν
1346 2559 1657 2633 ἄνθρωπον,
1688 2557 1746 2612 6'v
1801 2557 1891 2611 xui
1948 2554 2034 2610 λέ-

386 2670 575 2726 γομεν,
609 2648 692 2703 ὅτι
726 2643 965 2724 ἐφόρεσε,
997 2651 1185 2702 τοῦτον
1218 2648 1245 2701 ὁ
1277 2649 1405 2709 Θεὸς
1437 2647 1524 2701 καὶ
1578 2648 1763 2721 Ιιατήρ
1817 2642 2036 2715 εὐδοκία

386 2739 573 2809 αὐτοῦ,
624 2737 713 2792 καὶ
764 2736 1039 2812 συνεργείᾳ
1080 2741 1178 2791 τοῦ
1227 2736 1378 2811 ἁγίου
1413 2736 1725 2809 Ιινεόματος
1755 2735 1891 2790 κατὰ
1933 2735 2032 2802 τήν

391 2828 513 2902 μίαν
566 2825 893 2902 αὐτουργίαν
943 2830 1040 2879 τοῦ
1092 2827 1240 2892 Ποῦ,
1301 2824 1487 2901 ἔχρισε
1544 2824 1820 2896 ιΙνεῦματι
1871 2822 2033 2897 ἁγίῳ,

384 2924 555 2973 πᾶσαν
589 2916 872 2990 ἐνέργειαν
904 2915 1201 2991 παρασχὼν
1235 2914 1400 2986 αὐτῷ,
1452 2914 1540 2968 καὶ
1597 2911 1820 2986 δύναμιν
1888 2912 2033 2985 Ὑψί-

384 3029 511 3062 στου
570 3003 886 3080 περιέζωσε,
949 3004 1086 3079 πρὸς
1151 3005 1212 3058 τὸ
1289 3001 1543 3057 δύνασθαι
1620 3001 1795 3081 φέρειν
1859 3003 2036 3070 πάσης

385 3091 757 3165 ἀντικειμένης
842 3088 1124 3164 δυνάμεως
1219 3086 1560 3164 προσϐολὴν,
1632 3091 1721 3145 καὶ
1807 3089 2036 3165 ἐνεργεῖν

385 3189 556 3239 πᾶσαν
634 3178 918 3256 Θεραπείαν
991 3178 1042 3233 ἐν
1109 3183 1186 3250 τῷ
1235 3178 1371 3252 λαῷ·
1435 3179 1653 3256 ἐπείπερ
1706 3179 1794 3234 καὶ
1849 3177 2036 3255 πειρά-

2135 612 2263 651 esse
2293 603 2577 668 gestatam
2611 599 2710 654 Dei
2741 600 3016 654 virtutem
3049 606 3105 654 et
3133 600 3453 656 efficaciam
3499 603 3777 674 Spiritus,

2135 686 2233 758 qui
2266 693 2540 757 operatus
2573 688 2650 742 sit
2709 704 2903 742 coram
2936 688 3234 744 Pharaone
3259 698 3316 744 et
3332 691 3609 748 omnibus
3643 694 3779 749 ﬁliis

2135 773 2335 829 Israel.
2352 777 2902 847 Quaproptervcrba
2925 783 3214 849 usurpant
3245 781 3528 852 Principis
3547 788 3779 853 aposto-

2134 862 2322 917 lorum
2359 865 2728 934 przedicantis
2763 865 2819 918 in
2841 866 3084 920 Actibus
3117 868 3187 921 de
3218 867 3470 934 Christo,
3503 872 3602 941 qui
3628 878 3780 928 recte

2135 952 2370 1022 quidem
2399 953 2656 1008 locutum
2689 959 2811 1008 est:
2846 961 2904 1008 at
2937 954 3018 1008 illi
3059 961 3318 1012 tortuose
3342 964 3396 1011 et
3417 959 3670 1031 maligne
3693 961 3782 1017 in-

2133 1042 2456 1112 terpretati,
2507 1059 2642 1096 cum
2703 1041 2798 1097 ille
2827 1044 3073 1099 dixerit:
3110 1068 3136 1094 <<
3169 1045 3372 1100 Jesum
3395 1047 3780 1118 Nazarenum,

2135 1147 2310 1201 quem
2346 1131 2508 1184 unxit
2539 1137 2689 1186 Deus
2721 1132 2942 1202 Spiritu
2977 1139 3178 1187 sancto
3197 1134 3261 1202 ‘3,
3299 1157 3326 1183 »
3383 1136 3454 1190 de
3512 1137 3640 1208 ipso
3700 1138 3785 1193 illi

2136 1218 2318 1284 aiunt,
2381 1221 2536 1290 quod
2577 1220 2636 1274 in
2689 1226 2853 1275 utero
2908 1221 3163 1292 Virginis
3195 1223 3584 1280 etformaverit
3630 1226 3786 1283 Deus

2136 1305 2433 1363 hominem
2470 1309 2596 1363 sine
2626 1309 2871 1376 semine,
2905 1311 3240 1381 operatione
3286 1313 3536 1383 Spiritus
3572 1317 3785 1383 sancti,

2137 1401 2195 1451 et
2229 1395 2458 1452 unxerit
2477 1413 2609 1452 eum
2635 1398 2846 1453 virtute
2869 1399 3180 1466 altissimi,
3216 1401 3298 1456 uti
3322 1403 3605 1475 scriptum
3626 1406 3786 1473 est“,

2137 1484 2261 1541 oleo
2284 1485 2694 1542 exsultationis
2728 1504 2842 1558 prae
2891 1490 3264 1545 consortibus
3325 1493 3474 1562 ejus.
3505 1497 3791 1566 Huncque

2136 1574 2424 1631 Altissimi
2455 1575 2665 1631 Filium
2701 1577 2924 1632 vocavit
2955 1579 3280 1651 Scriptura,
3313 1597 3430 1652 qua
3461 1583 3686 1639 ratione
3730 1585 3789 1640 in

2140 1663 2390 1720 Psalmis
2421 1666 2644 1720 dictum
2677 1671 2788 1733 est,
2815 1667 2929 1722 Deo
2964 1668 3179 1724 multos
3213 1669 3584 1741 alloquente:
3625 1697 3646 1721 ι
3676 1673 3790 1746 Ego

2140 1753 2256 1808 dixi
2289 1771 2300 1808 :
2337 1754 2425 1809 Dii
2456 1755 2623 1823 estis,
2654 1761 2711 1811 et
2763 1756 2890 1810 Filii
2925 1757 3145 1812 Excelsi
3173 1775 3378 1814 omnes
3407 1761 3470 1816 ιδ.
3508 1783 3536 1810 ››
3568 1763 3702 1827 Quae
3735 1768 3793 1819 et

2138 1842 2379 1912 similia,
2407 1843 3033 1912 nos,uthaereticorum
3066 1847 3405 1917 dogmatum
3437 1853 3789 1908 sententiam

2139 1934 2532 2000 confutemus,
2565 1933 2746 1988 ethac
2779 1935 3191 2004 praedicatione
3222 1937 3608 2010 corrigamus,
3644 1941 3787 1995 dici-

2140 2038 2271 2075 mus
2304 2021 2750 2086 Christum,non
2789 2023 3078 2079 Deiferum
3114 2024 3434 2096 hominem,
3469 2028 3568 2082 sed
3607 2034 3787 2086 Deum

2140 2127 2373 2164 carnem
2406 2117 2731 2182 gestantem
2766 2128 2916 2180 esse,
2951 2113 3229 2184 quoniam
3263 2115 3416 2170 Deus
3448 2133 3580 2172 cum
3613 2125 3790 2187 esset,

2139 2198 2438 2255 hominem
2459 2200 2706 2270 gestavit
2733 2203 3055 2256 secundum
3072 2201 3495 2274 plenitudinem
3521 2206 3792 2264 humanas

2141 2297 2400 2345 naturae:
2437 2291 2590 2345 Deus
2646 2293 2940 2364 perfectus
2997 2299 3053 2348 et
3084 2294 3258 2349 homo
3291 2297 3606 2365 perfectus,
3635 2314 3792 2353 unus

2140 2379 2466 2435 secundum
2528 2397 2706 2434 unam
2757 2381 3119 2453 hypostasin,
3169 2389 3225 2439 et
3254 2400 3322 2438 ex
3352 2385 3585 2441 duabus
3616 2392 3794 2459 atque

2141 2469 2201 2522 in
2236 2469 2464 2522 duabus
2499 2469 2748 2524 naturis.
2782 2474 2949 2524 Hunc
2971 2471 3129 2526 enim
3162 2472 3474 2542 hominem,
3500 2491 3673 2546 quem
3708 2477 3794 2530 di-

2141 2558 2334 2614 cimus
2366 2560 2519 2627 quod
2553 2558 3206 2630 (Verbum)gestaverit,
3231 2562 3386 2617 hunc
3417 2563 3611 2634 ipsum
3641 2566 3790 2620 Deus

2143 2651 2200 2701 et
2232 2650 2400 2700 Pater
2432 2645 2727 2702 voluntate
2766 2665 2894 2713 sua,
2930 2655 2986 2703 et
3015 2652 3351 2720 operatione
3383 2653 3639 2723 Spiritus
3662 2671 3794 2709 san-

2145 2735 2242 2801 cti,
2269 2752 2384 2790 una
2416 2737 2552 2790 item
2584 2743 2861 2807 operante
2920 2737 3085 2804 Filio,
3122 2741 3290 2795 unxit
3320 2740 3543 2812 Spiritu
3569 2749 3798 2814 sancto,

2143 2823 2409 2880 tribuens
2440 2825 2490 2880 ei
2536 2843 2770 2880 omnem
2823 2828 3170 2894 efﬁcaciam,
3236 2829 3449 2886 virtute
3509 2831 3798 2888 Altissimi

2145 2913 2553 2968 circumcinxit
2602 2913 2792 2981 illum,
2853 2921 2918 2969 ut
2977 2923 3174 2986 posset
3223 2920 3416 2972 omnis
3447 2920 3792 2975 adversaria;

2147 3003 2452 3073 potestatis
2483 3003 2761 3074 impetum
2814 3004 3125 3074 sustinere,
3161 3022 3514 3079 omnemque
3537 3008 3795 3065 curatio-

2147 3108 2278 3146 nem
2312 3090 2368 3144 in
2404 3091 2616 3164 populo
2649 3093 2895 3163 operari.
2932 3094 3233 3165 Siquidem
3264 3103 3319 3150 et
3353 3098 3562 3152 tentari
3611 3115 3643 3153 a
3693 3100 3796 3153 Sa-

2146 3185 2287 3236 tana
2318 3180 2516 3246 voluit,
2549 3199 2902 3254 omnemque
2934 3182 3322 3240 humilitatem
3359 3192 3796 3258 paupertatem-

391 3275 565 3344 ζεσθαι
627 3272 728 3326 ὑπὸ
774 3273 871 3324 τοῦ
923 3274 1133 3324 Σατανᾶ
1178 3267 1515 3340 κατεδέξατο,
1570 3269 1660 3324 καὶ
1717 3275 1889 3323 πᾶσαν
1943 3289 2036 3323 τα-

2151 3286 2263 3341 que
2296 3270 2350 3324 in
2385 3287 2558 3326 carne
2581 3288 2689 3326 sua
2714 3271 3000 3335 toleravit,
3024 3274 3520 3343 quemadmodum
3549 3293 3802 3347 magnus

390 3362 646 3418 πείνωσιν
725 3360 815 3413 καὶ
886 3358 1162 3434 πτωχείαν
1239 3359 1521 3432 ὑπέμεινεν
1608 3357 1660 3412 ἐν
1731 3363 1798 3431 τῇ
1883 3357 2038 3434 σαρκὶ

394 3451 577 3507 αὐτοῦ·
630 3449 810 3510 καθὼς
865 3447 955 3502 καὶ
1010 3447 1132 3523 περὶ
1190 3447 1386 3502 τούτου
1444 3449 1472 3502 6
1525 3447 1695 3523 μέγας
1751 3446 2040 3524 ἱεροκήρυξ

397 3542 500 3619 βοᾷ
545 3539 740 3616 λέγων·
793 3561 820 3588 ‹‹
873 3538 944 3592 Τὸ
999 3539 1102 3612 γὰρ
1165 3533 1423 3592 ἀδύνατον
1491 3542 1587 3592 τοῦ
1631 3537 1823 3610 νόμου,
1893 3537 1944 3592 ἐν
1996 3539 2041 3604 ᾧ

394 3631 609 3701 ἠσθένει
665 3625 754 3682 διὰ
803 3633 906 3696 τῆς
953 3627 1170 3702 σαρκὸς,
1224 3627 1252 3680 6
1301 3627 1430 3688 Θεὸς
1476 3627 1566 3680 τὸν
1601 3627 1791 3682 ἑαυτοῦ
1823 3626 2040 3700 πέμψας

393 3720 516 3774 Υἱὸν
597 3718 647 3772 ἐν
713 3718 1027 3790 ὁμοιώματι
1114 3716 1310 3789 σαρκὸς
1379 3715 1666 3791 ἁμαρτίας,
1743 3716 1834 3772 καὶ
1918 3715 2041 3790 περὶ

392 3807 680 3885 ἁμαρτίας,
751 3805 1030 3881 κατέκρινε
1091 3806 1190 3872 τήν
1243 3804 1506 3880 ἁμαρτίαν
1559 3809 1610 3859 έν
1659 3809 1726 3878 τῇ
1788 3805 1962 3881 σαρκί.
2015 3829 2042 3855 ››

392 3896 658 3953 Οὐκοῦνὸ
719 3895 844 3956 Υἱὸς
895 3897 992 3948 τοῦ
1044 3897 1198 3960 Θεοῦ,
1252 3892 1302 3947 έν
1342 3894 1496 3966 σαρκὶ
1523 3894 1835 3969 γενόμενος,
1883 3893 2042 3956 αὐτὸς

391 3989 607 4063 λέγεται
661 3984 1101 4057 ένανθρωπήσας,
1155 3979 1335 4057 ὥσπερ
1386 3981 1474 4035 καὶ
1525 3980 1576 4036 ἐν
1638 3981 1832 4043 ἄλλοις
1863 3981 2039 4055 φησίνο

399 4102 425 4134 c
452 4081 580 4131 "Oos
613 4073 668 4130 δὲ
698 4073 838 4143 ἦλθε
865 4072 927 4126 τὸ
959 4071 1244 4144 πλήρωμα
1271 4074 1367 4124 τοῦ
1400 4069 1624 4146 χρόνου,
1676 4068 2041 4141 ἐξαπέστειλεν

2151 3359 2540 3430 sacerqueille
2554 3376 2740 3431 praeco
2755 3359 3002 3415 clamat:
3051 3362 3236 3416 «Nam
3261 3365 3412 3433 quod
3440 3360 3805 3436 impossibile

2150 3454 2274 3504 erat
2307 3449 2441 3520 legi,
2468 3448 2526 3502 in
2559 3466 2674 3520 quo
2707 3449 3117 3505 intirmabatur
3166 3469 3266 3522 per
3317 3469 3552 3508 carnem
3583 3471 3594 3508 :
3652 3459 3802 3511 Deus

2153 3537 2366 3592 Filium
2401 3555 2577 3592 suum
2611 3538 2849 3593 mittens
2873 3539 2932 3592 in
2951 3538 3341 3596 similitudine
3365 3542 3556 3598 carnis
3582 3544 3801 3614 peccati

2152 3631 2208 3681 et
2237 3627 2308 3681 de
2339 3632 2596 3697 peccato,
2650 3627 2952 3681 damnavit
3002 3634 3302 3699 peccatum
3356 3631 3412 3684 in
3476 3647 3650 3687 carne
3671 3633 3734 3685 ⁸⁸.
3772 3655 3802 3683 ››

2155 3715 2353 3786 Itaque
2387 3715 2566 3772 Filius
2598 3716 2696 3770 Dei
2731 3716 2830 3787 qui
2866 3716 2922 3770 in
2955 3734 3188 3772 carnem
3221 3719 3540 3787 descendit,
3560 3721 3684 3792 ipse
3715 3722 3802 3776 di-

2154 3803 2305 3858 citur
2336 3804 2502 3859 homo
2529 3805 2740 3873 factus,
2777 3810 2840 3860 ut
2873 3805 3007 3860 alibi
3038 3806 3156 3862 ait:
3211 3829 3238 3857 «
3270 3811 3340 3861 At
3373 3809 3470 3863 ubi
3501 3809 3657 3864 venit
3686 3810 3806 3881 ple-

2154 3894 2361 3948 nitudo
2393 3893 2695 3965 temporis,
2760 3895 2923 3949 misit
2978 3895 3133 3950 Deus
3186 3896 3396 3951 Filium
3457 3915 3657 3963 suum,
3691 3901 3806 3954 fac-

2153 3987 2278 4036 tum
2315 4000 2379 4036 ex
2437 3983 2692 4052 muliere,
2757 3983 2974 4039 factum
3009 3985 3119 4039 sub
3156 3983 3302 4057 lege,
3335 3991 3400 4042 ut
3429 4003 3529 4043 eos
3561 3989 3660 4060 qui
3691 3989 3805 4044 sub

2155 4071 2280 4142 lege
2320 4077 2486 4126 erant
2521 4073 2832 4126 redimeret
2857 4075 2917 4127 ⁵⁷.
2959 4096 2984 4122 ι)

392 4167 581 4229 ὁΘεὸς
638 4165 728 4219 τὸν
774 4162 896 4217 Υἱὸν
948 4159 1134 4231 αὐτοῦ,
1194 4159 1483 4234 γενόμενον
1543 4158 1601 4213 ἐκ
1658 4159 1934 4234 γυναικὸς,
1992 4157 2282 4234 γενόμενον
2345 4157 2447 4211 ὑπὸ
2498 4157 2690 4229 νόμον,
2744 4155 2835 4212 't'vu
2882 4158 3008 4221 τοὺς
3070 4159 3172 4214 ὑπὸ
3229 4160 3398 4232 νόμον
3456 4164 3571 4236 (46)
3619 4162 3805 4240 ἐξαγο-

392 4255 545 4331 ράσῃ.
584 4279 605 4305 ι

469 4347 554 4401 12.
585 4342 871 4397 Κάντεῦθεν
901 4336 1261 4411 σημειωτέον,
1313 4337 1397 4392 ’ὁτι
1444 4340 1659 4413 πρῶτον
1691 4337 1718 4391 ὁ
1752 4336 1873 4398 Υἱὸς
1904 4334 2050 4408 παρὰ

2232 4337 2518 4400 341,12.
2554 4337 2740 4405 Atque
2791 4335 2926 4392 hinc
2986 4338 3313 4393 notandum
3355 4341 3511 4410 quod
3543 4339 3805 4411 primum

394 4438 492 4489 τοῦ
524 4433 733 4506 [Ιατρὸς
765 4428 1056 4503 πέμπεται,
1108 4426 1196 4482 καί
1242 4427 1366 4482 τότε
1410 4427 1615 4502 γίνεται
1664 4425 1722 4481 ἐκ
1769 4425 2045 4503 γυναικὸς,

396 4523 463 4578 οὗ
493 4527 710 4598 πρῶτον
742 4520 964 4596 γίνεται,
1024 4519 1113 4572 καὶ
1164 4516 1223 4572 ἐκ
1261 4516 1385 4572 τότε
1433 4520 1545 4589 (47)
1576 4516 1868 4589 πέμπεται·
1903 4513 2050 4570 ἀλλὰ

396 4617 611 4690 πρῶτον
662 4610 954 4683 πέμπεται,
1002 4606 1091 4662 καὶ
1131 4607 1254 4661 τότε
1300 4607 1500 4682 γίνεται
1552 4605 1611 4661 lx
1638 4605 1912 4682 γυναικός,
1946 4604 2048 4662 Καὶ

396 4702 611 4764 τούτοις
663 4705 780 4761 τοῖς
828 4695 1216 4757 ἀποστολικοῖς
1256 4701 1633 4772 συμφωνοῦσιν
1669 4697 1718 4751 οἱ
1750 4702 2048 4774 προφῆται,

399 4790 804 4862 ἀπεσταλμένον
857 4786 1015 4841 αὐτὸν
1063 4786 1184 4839 Υὶὸν
1236 4784 1506 4859 λέγοντες.
1543 4785 1644 4841 Καὶ
1703 4785 1964 4862 πρότερον
2000 4785 2050 4840 ὲν

399 4878 590 4952 Ἠσαίᾳ
620 4879 786 4933 αὐτοῦ
815 4880 916 4930 τοῦ
947 4872 1354 4946 ἀπεσταλμένου
1370 4872 1623 4948 λέγοντος
1649 4875 1826 4928 ἄκουε·
1858 4900 1877 4924 ι
1905 4875 2052 4948 Ἐγώ

404 4970 518 5043 εἶμι
568 4973 802 5042 πρῶτος,
853 4965 940 5019 καὶ
992 4963 1097 5039 ἐγώ
1146 4963 1256 5036 εἰμι
1292 4963 1365 5024 είς
1393 4964 1483 5017 τὸν
1518 4963 1707 5035 αἰῶνα,
1739 4964 1828 5017 καὶ
1858 4967 1892 5032 ἡ
1929 4964 2050 5040 χείρ

409 5081 512 5133 μου
563 5055 887 5131 ἐθεμελίωσε
931 5055 1028 5122 τήν
1080 5060 1205 5127 γῆν,
1253 5052 1340 5108 καὶ
1391 5049 1603 5124 ἢδεξιά
1637 5073 1740 5125 μου
1765 5052 2054 5127 ἐστερέωσε

405 5151 491 5203 τὸν
545 5147 791 5223 οὐρανὸνο
827 5168 853 5196 ››
904 5144 993 5198 xui
1044 5142 1400 5217 ἐξερχόμενος
1431 5143 1498 5196 τὰ
1522 5143 1656 5196 κατᾶ
1685 5143 1870 5217 καιρὸν
1907 5143 2052 5218 ἐνερ-

404 5239 574 5315 γείας,
628 5237 876 5291 συνάπτει
931 5231 1130 5308 λέγων·
1188 5256 1207 5282 ιι
1263 5233 1360 5286 Καὶ
1410 5236 1500 5286 νῦν
1527 5232 1721 5307 Κύριος
1753 5233 2054 5288 ἀπέσταλκέ

471 5387 667 5439 “Act.
728 5400 784 5450 χ,
842 5381 929 5434 38.

400 5474 596 5524 XLVIII,
632 5457 722 5524 12,
756 5453 843 5509 13.

476 5584 588 5657 (44)
619 5581 721 5637 His
738 5580 870 5657 fere
898 5575 1094 5657 verbis
1150 5579 1399 5657 utuntur
1453 5578 1749 5651 Ephesius
1797 5579 2058 5651 synodus

404 5673 463 5732 p.
633 5657 710 5732 Aet
729 5647 1240 5732 Qhaleed'onsnsis.

481 5718 867 5803 (45)'Anglio.,
895 5718 986 5776 καί
1009 5737 1193 5796 φασιν.

1009 5378 1055 5414 ⁸⁸
1113 5377 1281 5434 Psal.
1340 5395 1488 5448 XLIV,
1541 5380 1598 5444 8.
1663 5380 1709 5414 ‘5
1763 5379 1917 5436 Psal.
1978 5397 2161 5449 um,
2220 5381 2274 5433 6.
2337 5377 2382 5411 ⁸³
2439 5379 2605 5429 Rom.
2666 5388 2790 5440 vm,
2849 5371 2901 5424 3.

2158 4425 2565 4480 FiliusaPatre
2581 4425 2869 4494 mittatur,
2903 4442 2967 4481 ac
3001 4431 3124 4481 tum
3159 4427 3423 4482 nascitur
3452 4445 3522 4484 ex
3538 4428 3808 4501 muliere,

2161 4532 2274 4570 non
2305 4515 2558 4585 primum
2596 4514 2860 4569 nascitur
2887 4520 3095 4570 ettunc
3131 4515 3400 4585 mittitur;
3425 4518 3525 4573 sed
3552 4518 3811 4589 primum

2161 4605 2438 4670 mittitur,
2471 4619 2534 4657 ac
2569 4603 2775 4658 deinde
2808 4605 3070 4659 nascitur
3101 4620 3168 4658 ex
3200 4603 3467 4661 muliere.
3500 4609 3686 4678 Atque
3719 4608 3813 4664 his

2163 4692 2499 4766 apostolicis
2543 4693 2714 4747 dictis
2774 4699 3100 4748 consonant
3133 4695 3446 4766 prophetae,
3479 4696 3578 4768 qui
3612 4697 3810 4769 ipsum

2162 4785 2374 4839 Filium
2433 4800 2558 4838 esse
2617 4781 2863 4837 missum
2915 4783 3138 4838 dicunt.
3175 4785 3242 4839 Et
3275 4785 3532 4855 primum
3567 4787 3625 4842 in
3664 4789 3812 4844 Isaia

2163 4874 2351 4946 ipsius
2385 4873 2482 4942 qui
2516 4872 2735 4926 missus
2767 4876 2855 4926 est
2885 4873 3058 4926 verba
3099 4873 3402 4930 ausculta:
3465 4899 3493 4925 «
3527 4877 3642 4948 Ego
3677 4893 3810 4932 sum

2164 4964 2412 5034 primus,
2439 4967 2494 5015 et
2523 4978 2628 5031 ego
2662 4978 2791 5015 sum
2827 4961 2883 5014 in
2921 4963 3154 5032 saecula,
3188 4968 3244 5018 et
3279 4982 3487 5020 manus
3520 4983 3646 5019 mea
3679 4969 3810 5021 fun-

2164 5051 2322 5107 davit
2353 5056 2650 5120 terram,et
2681 5050 2916 5104 dextera
2951 5067 3078 5105 mea
3112 5053 3363 5106 firmavit
3392 5052 3685 5119 oculum“;
3707 5076 3732 5100 »
3759 5058 3816 5108 et

2166 5147 2475 5214 postquam
2511 5139 2796 5210 percurrit
2828 5139 3003 5194 variis
3055 5141 3417 5210 temporibus
3465 5143 3652 5195 editas
3684 5159 3817 5213 ope-

2164 5232 2440 5296 rationes,
2475 5229 2674 5283 subdit
2707 5245 2719 5283 :
2755 5251 2782 5277 ‹‹
2818 5228 2886 5282 Et
2918 5245 3072 5282 nunc
3105 5228 3388 5284 Dominus
3416 5229 3574 5284 misit
3611 5245 3725 5298 me,
3757 5235 3815 5286 et

2982 5371 3023 5405 ‘7
3082 5370 3269 5426 Galat.
3329 5388 3408 5442 ιν,
3494 5373 3544 5428 Ii.
3619 5372 3808 5430 “Isa.

2262 5578 2351 5644 46)
2383 5570 2632 5644 Anglic.,
2667 5567 2768 5644 ὑπὸ
2799 5561 2993 5644 νόμου.

2261 5637 2348 5720 47)
2381 5637 2630 5718 Anglic“,
2659 5639 2749 5695 xui
2778 5637 2923 5698 τότε.
