4120 6370
344 421 462 482 935

1510 417 1574 478 S.
1622 415 2140 480 ATHANASIUS.
2173 451 2248 460 --
2282 418 2593 482 SPURlA.

3649 427 3770 486 936

347 551 605 623 Spiritus
637 551 844 621 ejus“;
885 573 909 598 ››
943 549 1034 604 his
1061 549 1368 606 manifeste
1397 549 1697 605 declarans
1721 566 1782 605 se
1812 548 1974 604 Deun

2115 567 2202 618 με,
2262 548 2352 601 καὶ
2407 550 2469 604 τὸ
2529 554 2750 623 Πνεῦμα
2803 549 2987 606 αὐτοῦ’
3025 574 3053 603 ››
3105 556 3344 630 φανερῶς
3406 550 3494 607 διὰ
3551 553 3767 610 τούτων

347 657 500 706 esse,
531 640 632 710 qui
665 639 799 694 fecit
829 638 1040 693 cmlum
1073 645 1131 694 et
1182 645 1418 708 terram,
1476 640 1592 694 ait:
1659 657 1678 686 ι
1715 640 1783 692 Et
1840 655 1974 692 nunc

2104 633 2424 707 παραδείξας
2483 639 2693 706 ἑαυτὸν,
2747 639 2829 695 ὅτι
2880 641 3039 703 αὐτὸς
3090 641 3117 694 6
3169 641 3298 703 Θεὸς
3336 644 3365 696 6
3412 663 3647 712 ποιησας
3674 645 3766 699 τὸν

348 730 635 786 Dominus
669 729 832 783 misit
859 744 948 783 me
968 735 1024 783 et
1048 729 1302 799 Spiritus
1323 731 1473 798 ejus.
1506 751 1532 778 »
1570 729 1634 782 Et
1666 744 1767 798 per
1786 727 1997 782 Zacha-

349 819 498 874 riam
532 817 649 872 ait:
683 839 710 867 «
745 817 946 872 Gaude
967 821 1023 870 et
1051 816 1267 884 lastare,
1294 817 1412 871 ﬁlia
1442 817 1602 879 Sion,
1635 815 1775 886 quia
1801 815 1993 881 venio,

349 912 407 963 et
436 907 712 962 habitabo
735 906 790 959 in
827 905 1016 960 medio
1039 906 1146 970 tui,
1170 912 1226 960 et
1252 906 1586 975 confugient
1614 911 1817 975 gentes
1842 903 1991 958 mul-

343 1001 415 1052 tis
448 997 522 1051 ad
553 995 869 1050 Dominum
903 995 961 1048 in
995 993 1098 1049 illa
1121 995 1245 1050 die:
1278 999 1335 1050 et
1366 1010 1684 1065 cognosces
1715 994 1853 1064 quia
1884 997 1990 1047 Do-

2107 725 2330 800 ούρανὸν
2389 728 2478 781 καὶ
2531 730 2630 798 τὴν
2691 736 2791 804 γῆν
2841 728 3006 805 λέγει’
3059 755 3086 782 cc
3140 730 3238 784 Καὶ
3286 735 3378 785 νῦν
3408 730 3604 808 Κύριος
3665 733 3768 787 ἀπ-

2106 811 2330 869 έσταλκέ
2373 837 2458 889 με,
2489 817 2580 872 καὶ
2609 817 2671 872 τὸ
2705 823 2931 891 Πνεῦμα
2960 819 3144 874 αὑτοῦ.
3182 844 3208 870 ››
3243 820 3342 875 Καὶ
3375 819 3464 875 διὰ
3493 822 3767 898 Ζαχαρίου

2105 900 2304 977 λέγων.
2343 929 2366 959 (ι
2400 906 2606 984 Τὲρπου
2637 907 2726 964 xui
2761 908 3073 987 εὐφραίνου,
3111 910 3339 987 θύγατερ
3374 912 3540 978 Σιὼν,
3571 912 3654 967 δτι
3683 910 3767 989 ἔρ-

2102 1011 2279 1068 χομαι
2309 997 2418 1068 (48)
2453 996 2544 1051 καὶ
2593 999 3002 1069 κατασκηνώσω
3063 999 3115 1054 ἐν
3153 999 3301 1072 μέσῳ
3332 1021 3450 1071 σου,
3481 1001 3571 1056 καὶ
3602 1023 3765 1057 κατα-

343 1085 542 1140 minus
577 1083 735 1138 misit
768 1100 858 1138 me
891 1084 960 1138 ad
988 1088 1042 1137 te
1065 1083 1127 1137 ⁸ο.
1165 1106 1192 1132 ››
1229 1084 1364 1138 Inde
1396 1083 1540 1154 ipse,
1579 1083 1919 1136 incarnatus
1937 1096 1974 1136 e‘

2102 1081 2383 1159 φεύξονται
2439 1084 2562 1156 ἔθνη
2619 1085 2812 1143 πολλᾶ
2869 1087 2955 1142 ἐπὶ
2985 1088 3178 1162 Κύριον
3213 1087 3264 1142 ἐν
3291 1092 3360 1162 τῇ
3391 1090 3574 1164 ἡμέρᾳ
3627 1089 3762 1145 ἐκεί-

337 1173 514 1230 homo
546 1175 754 1242 factus,
788 1188 916 1228 sese
963 1174 1272 1227 conlitetur
1321 1174 1484 1228 aiens
1515 1190 1527 1228 :
1562 1173 1775 1226 Missus
1806 1188 1974 1225 sumi

2098 1191 2181 1244 νην
2237 1174 2327 1226 καὶ
2371 1173 2666 1250 ἐπιγνώσῃ,
2715 1177 2797 1231 ὅτι
2853 1177 3050 1253 Κύριος
3098 1176 3455 1248 ἐξαπέσταλκέ
3509 1200 3575 1252 με
3625 1182 3763 1255 πρὸς

336 1265 528 1331 Patre,
561 1268 636 1332 et,
670 1262 832 1316 misit
864 1278 956 1317 me
987 1267 1174 1329 Pater,
1210 1261 1589 1333 idipsumque
1609 1259 1987 1315 multistesti-

2097 1261 2174 1316 σι.
2211 1286 2239 1312 ››
2300 1263 2572 1328 Ἐντεῦθεν
2624 1265 2714 1320 καὶ
2770 1265 2930 1328 αὐτὸς
2985 1268 3013 1321 ὁ
3044 1266 3341 1342 σαρκωθεὶς
3370 1268 3460 1322 καὶ
3493 1268 3759 1346 ἐνανθρω-

331 1355 544 1409 ﬁcatur
572 1353 784 1408 verbis.
823 1354 1023 1422 Itaque
1055 1369 1168 1406 non
1203 1356 1269 1406 ut
1299 1351 1473 1406 homo
1505 1351 1724 1405 missus
1756 1354 1866 1416 est,
1884 1350 1974 1404 sed

2096 1351 2275 1420 πήσας
2330 1349 2655 1430 διομολογεῖ
2723 1354 2883 1410 αὐτὸν
2945 1354 3149 1430 λέγων’
3208 1355 3555 1427 Ἀπεστάλην
3615 1360 3762 1435 παρὰ

331 1448 397 1498 ut
427 1441 579 1497 Deus
602 1447 657 1496 et
678 1440 984 1505 Dominus,
1013 1439 1209 1507 Filius,
1233 1457 1266 1494 a
1297 1438 1543 1494 Domino
1576 1439 1777 1493 Patre:
1815 1437 1974 1509 quale

2093 1443 2191 1493 τοῦ
2231 1441 2468 1515 ΙΙατρός³
2517 1445 2607 1498 καὶ
2658 1443 2990 1500 Ἀπέσταλκέ
3046 1466 3112 1518 με
3165 1447 3192 1500 6
3257 1448 3472 1520 Πατὴρ,
3529 1447 3598 1503 τὰ
3627 1447 3762 1502 αὐτὰ

329 1531 475 1586 illud
507 1535 632 1586 est:
693 1550 721 1579 «
762 1529 913 1583 Pluit
950 1529 1229 1584 Dominus
1263 1545 1295 1584 a
1329 1529 1571 1583 Domino
1598 1528 1666 1581 εί.
1721 1548 1750 1575 ‹‹

331 1620 491 1675 mino
522 1619 741 1674 dictum
772 1622 880 1673 est.
906 1617 1128 1673 Etillud
1156 1634 1168 1672 :
1204 1641 1232 1668 «
1255 1618 1409 1673 Dixit
1429 1617 1716 1672 Dominus
1742 1616 1982 1671 Domino

330 1709 535 1764 meo“
573 1730 600 1757 ››
635 1707 865 1777 Accipit
920 1712 1118 1762 autem
1177 1708 1234 1761 in
1285 1706 1449 1762 hisce
1477 1706 1671 1760 verbis
1701 1705 1979 1761 thronum

327 1799 528 1865 David,
563 1797 662 1870 qui
715 1802 1024 1852 enarratur
1053 1812 1181 1851 esse
1204 1795 1585 1868 corporaliter
1615 1799 1778 1866 pater
1808 1794 1856 1864 ej
1871 1809 1975 1849 us:

328 1907 358 1940 ε(
391 1887 458 1942 Et
488 1886 755 1958 regnabit
786 1886 844 1940 in
901 1886 1071 1941 domo
1125 1885 1304 1941 Jacob
1360 1885 1419 1940 in
1461 1885 1696 1954 saecula,
1729 1889 1784 1939 et
1816 1883 1974 1954 regni

2089 1903 2184 1937 πεν
2247 1885 2275 1938 ὁ
2333 1885 2530 1961 Κύριος
2586 1892 2666 1960 τῷ
2725 1890 2908 1964 Κυρίῳ
2960 1911 3087 1964 μου.
3140 1915 3168 1942 ››

324 1978 464 2047 ejus
496 1992 611 2031 non
631 1976 740 2030 erit
769 1974 904 2029 ﬁnis
925 1975 986 2030 ⁵⁸.
1024 1997 1051 2026 ››

1803 1532 1847 1580 Α
1881 1531 1986 1582 Do-

2095 1527 2148 1582 ἐν
2211 1527 2451 1593 πολλαῖς
2513 1531 2730 1606 ῥήσεσιν
2780 1533 3186 1610 ἐπιμαρτυρῶν.
3249 1535 3459 1593 Οὐκοῦν
3519 1535 3626 1612 οὐχ
3683 1537 3761 1600 ὡς

2093 1612 2377 1689 ἄνθρωπος
2407 1619 2710 1692 ἀπεστάλη,
2745 1622 2870 1679 ἀλλ’
2909 1624 2984 1686 ὡς
3016 1624 3170 1692 Θεὸς,
3200 1625 3291 1679 καὶ
3342 1624 3567 1699 Κύριος,
3629 1627 3754 1690 Υἱὸς

2090 1706 2236 1782 παρὰ
2269 1708 2470 1783 Κυρίου
2497 1714 2594 1764 τοῦ
2627 1712 2861 1786 ΙΙατρὸς,
2895 1712 2970 1775 ὡς
3001 1711 3091 1767 καὶ
3123 1715 3207 1784 τὸ,
3242 1739 3270 1765 ‹‹
3307 1709 3530 1790 Ἐὗρεξε
3558 1715 3758 1786 Κύριος

2088 1795 2234 1871 παρᾶ
2290 1797 2511 1871 Κυρίου,
2573 1824 2600 1851 ››
2649 1801 2796 1876 παρὰ
2845 1800 3048 1878 Κυρίου
3097 1807 3293 1857 κεῖταιο
3340 1803 3430 1857 καὶ
3459 1803 3546 1876 τὸ,
3598 1829 3627 1857 ‹‹
3659 1805 3756 1860 Εἶ-

3219 1886 3497 1964 Λαμϐάνει
3551 1890 3608 1948 δὲ
3653 1895 3751 1948 κάν

2088 1971 2306 2058 τούτοις
2355 1977 2443 2031 τὸν
2478 1977 2667 2053 θρόνον
2703 1973 2894 2050 Δαὸὶδ,
2919 1983 3016 2034 τοῦ
3037 1985 3364 2054 σωματικῶς
3393 1981 3754 2058 γενεαλογου-

325 2065 490 2144 μένου
521 2064 723 2137 πατρὸς
754 2061 937 2117 αὐτοῦ·
976 2085 1003 2114 ‹‹
1038 2063 1134 2117 Καὶ
1171 2061 1478 2138 βασιλεύσει
1508 2061 1595 2116 ἐπὶ
1624 2061 1714 2116 τὸν
1750 2060 1896 2116 οἶκον
1931 2056 2124 2116 Ἰακὼϐ
2159 2062 2236 2125 εἷς
2266 2065 2392 2128 τοὺς
2435 2067 2657 2138 αἰῶνας,
2690 2068 2778 2123 καὶ
2806 2075 2905 2138 τῆς
2939 2069 3217 2144 βασιλείας
3249 2056 3414 2126 αὐτοῦ
3464 2071 3563 2127 οὐκ
3601 2056 3746 2128 ἔσται

320 2135 506 2197 τέλος.

399 2227 484 2281 13.
518 2225 818 2297 Intelligas
841 2224 1012 2281 velim
1047 2241 1377 2282 sermonem
1410 2225 1852 2295 doctrinamque
1872 2223 1982 2279 hac

325 2315 386 2372 in
421 2313 757 2371 narratione
785 2315 1185 2370 constitutam:
1223 2315 1422 2370 omnia
1453 2314 1609 2370 enim
1640 2313 1983 2369 concutiunt

325 2410 382 2461 et
416 2403 1150 2478 perscrutanturhaaretici,
1171 2421 1237 2459 ac
1255 2420 1389 2459 cum
1422 2402 1982 2458 simulationeinter-

322 2499 571 2567 rogant:
607 2495 759 2549 Num
791 2492 935 2548 illud
961 2493 1426 2550 incarnationem
1459 2492 1670 2548 Christi
1696 2491 1977 2546 subsecu-

319 2588 449 2640 tum
483 2584 694 2651 fuerit;
731 2600 804 2638 an
865 2581 1091 2638 scilicet
1149 2583 1436 2653 acceperit
1485 2582 1768 2636 thronum
1800 2580 1976 2635 David

325 2673 509 2744 patris
541 2671 656 2737 sui,
690 2675 746 2726 et
769 2671 1096 2743 regnaverit
1144 2670 1202 2725 in
1234 2671 1408 2725 domo
1438 2671 1618 2726 Jacob
1650 2669 1707 2724 in
1742 2669 1970 2724 saecula.

324 2761 551 2827 Quibus
582 2761 664 2816 ita
683 2761 1260 2832 respondemus,cum
1286 2760 1538 2831 quadam
1571 2759 1977 2815 observatione

321 2850 820 2907 considerandum
852 2864 1002 2915 esse,
1035 2849 1310 2920 angelum
1355 2848 1454 2904 ubi
1485 2849 1588 2917 ait,
1634 2872 1652 2897 ι
1690 2852 1757 2903 Et
1813 2847 1977 2903 dabit

317 2939 406 2993 illi
443 2938 726 2994 Dominus
758 2936 1036 2993 thronum
1062 2937 1238 2992 David
1263 2938 1326 3006 δ”,
1365 2959 1393 2987 ››
1418 2954 1792 3010 nequaquam
1817 2936 1976 2991 addi-

323 3028 502 3094 disse,
537 3033 604 3082 ut
631 3027 1008 3082 conﬁrmaret
1027 3031 1084 3082 et
1101 3028 1500 3082 corroboraret
1523 3044 1536 3094 ;
1559 3028 1662 3082 sed
1686 3025 1972 3096 absolute,

325 3141 346 3168 σ
383 3122 440 3173 et
468 3116 1172 3188 dabit.»Hincoportetex
1203 3116 1276 3170 iis
1299 3133 1426 3188 qua
1451 3134 1514 3172 re
1540 3123 1598 3171 et
1627 3133 1799 3187 opere
1815 3132 1973 3171 com-

322 3205 479 3278 pleta
495 3211 654 3276 sunt,
671 3204 1077 3261 difﬁcultatem
1098 3205 1335 3262 solvere.
1368 3205 1510 3262 Nam
1530 3204 1735 3272 illud,«
1753 3205 1969 3273 dabit,»

2163 2226 2248 2281 13.
2284 2225 2382 2280 Καὶ
2437 2226 2687 2282 κατανόει
2735 2225 2902 2302 λόγον
2957 2229 3047 2284 καὶ
3079 2226 3262 2306 δόγμα
3288 2233 3750 2310 συνυφιστάμενον

2086 2312 2157 2386 τῇ
2189 2311 2440 2390 ἐξηγήσει
2469 2315 2656 2390 ταύτῃ.
2691 2321 2920 2388 Ζητοῦσι
2950 2319 3051 2394 γὰρ
3104 2319 3573 2395 παρασαλεύοντες
3629 2323 3748 2396 (49)

2085 2405 2257 2458 πάντα
2313 2405 2364 2458 oi
2413 2405 2699 2482 αἱρετικοὶ,
2749 2405 2838 2461 καὶ
2889 2404 3218 2481 διερωτῶσιν
3303 2409 3743 2484 ὑποκρινόμενοι·

2087 2493 2153 2549 El
2203 2497 2366 2548 τοῦτο
2416 2493 2874 2569 παρηκολούθησε
2921 2498 2989 2569 τῇ
3032 2497 3298 2571 σαρκώσει
3330 2499 3583 2571 Χριστοῦο
3619 2495 3745 2567 ἤτοι

2088 2577 2356 2644 λαϐόντος
2407 2583 2496 2636 τὸν
2556 2582 2745 2656 θρόνον
2802 2577 2966 2638 Δαϐἰδ
3023 2589 3120 2638 τοῦ
3181 2585 3386 2656 πατρὸς
3417 2585 3602 2658 αὐτοῦ,
3654 2587 3746 2642 καὶ

2090 2669 2508 2745 βασιλεύσαντος
2556 2670 2644 2726 ἐπὶ
2691 2673 2782 2726 τὸν
2833 2672 2980 2727 οἷκον
3026 2667 3220 2728 Ἰακὼϐ
3253 2671 3327 2736 εἷς
3358 2673 3485 2737 τοὺς
3519 2675 3739 2739 αἰῶναςο

2087 2760 2232 2836 Πρὸς
2265 2759 2358 2822 οὕς
2390 2760 2841 2836 ἀπογρινόμενοι,
2873 2763 3072 2839 φαμὶν,
3105 2764 3186 2817 δτι
3219 2764 3334 2835 μετ’
3360 2762 3740 2841 ἐπιτηρήσεως

2086 2848 2168 2903 δεῖ
2195 2849 2506 2925 προσέχειν,
2541 2848 2645 2920 ὅτι,
2678 2849 2925 2912 εἰπόντος
2955 2855 3052 2906 τοῦ
3083 2850 3336 2927 ἀγτὲλου,
3387 2877 3415 2906 ‹‹
3446 2853 3545 2909 Καὶ
3578 2851 3740 2910 δώσει

2083 2938 2230 3009 αύτῴ
2289 2937 2484 3013 Κύριος
2529 2939 2620 2994 τὸν
2673 2939 2862 3014 θρόνον
2915 2935 3105 3012 Δαϐἱδ,
3139 2965 3168 2992 ››
3202 2941 3301 2996 οὐκ
3331 2941 3738 3016 ἐπεσημήνατο,

2085 3027 2167 3105 ἐφ’
2224 3027 2269 3100 ᾦ
2325 3027 2571 3100 στηρίξαι
2623 3029 2658 3097 ἢ
2715 3024 3031 3104 βεϐαιῶσαι·
3084 3027 3212 3084 ἀλλ’
3244 3029 3536 3094 ἀπολύτως
3569 3033 3736 3110 λέγει,

2087 3141 2115 3167 ‹‹
2172 3118 2261 3172 xui
2311 3115 2491 3174 δώσει.
2545 3142 2573 3170 ››
2624 3118 2912 3173 Κάντεῦθεν
2957 3120 3068 3196 χρὴ
3105 3117 3164 3175 ἐκ
3190 3125 3300 3175 τῶν
3327 3127 3441 3176 κατ’
3466 3121 3735 3199 ἐνέργειαν

2085 3206 2544 3262 ἀποτελεσθέντων
2578 3205 2930 3263 ἐπιλύσασθαι
2959 3209 3023 3264 τὸ
3067 3208 3295 3286 ἅπορον’
3329 3209 3412 3265 ὅτι
3464 3213 3526 3267 τὸ
3562 3238 3582 3263 ε
3636 3210 3738 3268 δώ-

318 3294 545 3350 dictum
578 3294 778 3359 est,ita
810 3298 872 3348 ut
899 3292 1269 3348 transtulerit
1296 3309 1532 3364 regnum
1565 3293 1732 3361 illud,
1762 3299 1825 3348 ut
1853 3293 1974 3364 ipse

2089 3318 2168 3350 σει
2200 3320 2230 3348 ››
2262 3293 2494 3373 εἷ’ρηται,
2529 3297 2609 3376 ἐφ’
2638 3298 2683 3370 ᾧ
2717 3305 3044 3370 μεταστῆσαι
3076 3304 3266 3354 τοῦτον
3293 3301 3382 3356 τὸν
3417 3301 3627 3377 θρόνον,
3659 3303 3735 3366 ὡς

326 3383 592 3439 Christus
649 3382 724 3436 ad
779 3381 1013 3436 Judaeos
1071 3380 1319 3453 loquens
1373 3381 1796 3454 interpretatus
1834 3388 1966 3436 est:

319 3492 348 3524 ‹‹
389 3472 519 3526 Ideo
551 3470 846 3526 auferetur
902 3488 934 3525 a
975 3470 1139 3526 vobis
1171 3488 1437 3542 regnum,
1472 3476 1529 3526 et
1558 3471 1792 3527 dabitur
1811 3472 1968 3544 genti

315 3560 556 3616 facienti
589 3559 814 3615 fructus
845 3561 973 3629 ejus
993 3559 1106 3613 “.n
1154 3561 1355 3631 Itaque
1407 3566 1644 3632 accepto
1701 3561 1970 3618 Christus

318 3666 502 3722 regno
533 3649 788 3716 Davidis,
850 3649 1156 3704 transtulit
1213 3648 1357 3704 illud
1418 3651 1693 3722 deditque
1752 3651 1968 3706 sanctis

324 3739 795 3794 Christianorum
857 3738 1114 3809 regibus,
1149 3742 1214 3792 ut
1241 3745 1598 3795 converteret
1628 3757 1726 3796 eos
1757 3742 1825 3795 ad
1860 3742 1969 3796 do—

320 3845 484 3884 mum
510 3827 710 3896 Jacob,
745 3837 803 3881 et
831 3827 1088 3882 traderet
1124 3826 1284 3882 illam
1318 3827 1376 3882 in
1409 3829 1787 3900 opprobrium
1820 3835 1876 3886 et
1906 3831 1965 3886 in

319 3916 730 3988 direptionem.
765 3916 994 3987 Regnat
1047 3917 1104 3971 in
1154 3915 1515 3974 Christianos
1547 3919 1604 3973 in
1639 3919 1870 3988 saecula,
1912 3925 1969 3977 et

315 4005 484 4078 regni
514 4005 640 4076 ejus
673 4021 787 4060 non
828 4003 938 4058 erit
995 4004 1150 4059 ﬁnis.
1210 4005 1401 4076 Neque
1433 4009 1588 4062 enim
1622 4008 1718 4063 alii
1753 4010 1966 4082 populo

317 4094 690 4165 relinquetur
709 4094 881 4163 juxta
907 4093 1162 4149 visiones
1194 4094 1449 4151 Danielis
1480 4098 1772 4170 prOpheta:
1798 4118 1810 4168 ;
1863 4102 1965 4158 sed

319 4182 640 4255 praedicant
668 4182 1008 4254 (prophetis)
1035 4183 1229 4254 ipsum
1262 4183 1554 4241 Christum
1590 4203 1784 4261 regem
1815 4207 1966 4259 esse,

316 4276 788 4344 perseverantem
806 4287 990 4342 usque
1004 4272 1076 4327 ad
1096 4273 1418 4328 secundum
1433 4292 1607 4330 suum
1623 4278 1964 4336 adventum:

315 4377 432 4432 quo
463 4365 725 4432 tempore
747 4376 880 4415 cum
905 4360 1146 4430 venerit,
1180 4377 1279 4416 rex
1301 4364 1558 4420 manebit
1587 4365 1646 4421 in
1669 4369 1968 4439 saecula,et

317 4447 481 4520 regni
503 4450 633 4520 ejus
657 4466 772 4504 non
799 4448 911 4504 erit
928 4448 1084 4504 ﬁnis.
1103 4453 1243 4504 Cum
1259 4450 1413 4506 enim
1448 4458 1621 4510 natus
1643 4471 1710 4510 ex
1729 4455 1967 4530 Virgine

315 4537 503 4594 omnia
531 4536 910 4609 compleverit
939 4554 1062 4608 quae
1094 4544 1358 4609 spectant
1394 4545 1777 4601 mconomiam
1813 4563 1962 4601 mor-

2075 3386 2165 3441 xui
2215 3386 2372 3448 αὐτὸς
2422 3388 2449 3441 6
2500 3387 2726 3462 Χριστὸς
2779 3385 3150 3460 διερμηνεύων
3203 3386 3360 3463 ἔλεγε
3407 3392 3544 3467 πρὸς
3595 3393 3735 3446 Ἰου-

2079 3473 2282 3538 δαίους·
2339 3500 2365 3527 ‹‹
2417 3477 2514 3530 Διὰ
2557 3481 2719 3530 τοῦτο
2760 3475 3050 3552 ἀρθήσεται
3083 3475 3173 3554 ἀφ’
3206 3478 3354 3549 ὑμῶν
3387 3481 3422 3548 ἡ
3461 3478 3730 3552 βασιλεία,

2076 3566 2166 3620 καὶ
2225 3563 2511 3636 δοθήσεται
2565 3564 2697 3620 ἔθνει
2755 3569 3001 3619 ποιοῦντι
3044 3563 3172 3626 τοὺς
3200 3566 3440 3637 καρποὺς
3473 3565 3660 3634 αὐτῆς.
3695 3591 3724 3619 ›)

2077 3653 2279 3709 Οὐκοῦν
2313 3650 2497 3710 λαϐὼν
2531 3656 2558 3709 6
2589 3653 2826 3727 Χριστὸς
2848 3652 2939 3706 τὸν
2970 3652 3159 3726 θρόνον
3179 3647 3368 3722 Δαόὶδ,
3409 3654 3722 3725 μετέστησεν

2075 3745 2234 3800 αὐτὸν
2289 3745 2379 3801 καὶ
2439 3742 2607 3798 ἔδωκε
2661 3747 2777 3803 τοῖς
2828 3741 3003 3816 ἁγίοις
3050 3742 3381 3815 Χριστιανῶν
3419 3740 3720 3817 βασιλεῦσι,

2075 3835 2468 3911 ἐπαναστρὲψαι
2515 3831 2738 3892 τούτους
2785 3828 2872 3884 ἐπὶ
2921 3830 3011 3884 τὸν
3058 3831 3206 3884 οἷκον
3247 3827 3467 3886 Ἰακώ6’
3500 3830 3589 3885 xui
3619 3852 3725 3886 πα-

2078 3922 2276 4001 ραδοὺς
2307 3923 2463 3978 αὐτὸν
2493 3920 2566 3981 εἷς
2598 3915 2926 3991 ὀνειδισμὸν,
2957 3918 3046 3973 καί
3077 3918 3160 3980 εἷς
3191 3916 3516 3995 διαρπαγὴν,
3572 3920 3726 3996 βασι-

2077 4014 2222 4071 λεύει
2273 4013 2324 4067 ἐν
2380 4013 2725 4086 Χριστιανοῖς
2777 4007 2850 4070 εἷς
2899 4007 3022 4071 τοὺς
3056 4007 3280 4076 αἰῶνας,
3311 4007 3401 4063 καὶ
3433 4011 3533 4078 τῆς
3566 4009 3721 4084 βασι-

2077 4101 2226 4164 λείας
2283 4099 2446 4155 αύτοῦ
2495 4097 2595 4153 οὐκ
2640 4093 2785 4153 ἔσται
2823 4095 3003 4159 τέλος·
3065 4094 3190 4152 ούδὶ
3238 4097 3341 4172 γὰρ
3391 4094 3509 4170 λαῷ
3557 4097 3728 4173 ἑτέρῳ

2077 4188 2554 4266 ὑπολειφθήσεται,
2585 4188 2721 4242 κατᾶ
2767 4187 2864 4249 τὰς
2896 4185 3107 4263 ὁράσεις
3140 4184 3363 4255 Λαπιήλ
3391 4190 3490 4242 τοῦ
3509 4189 3728 4265 προφή-

2073 4275 2328 4334 του-ἀλλ’
2357 4276 2816 4352 ἀνακηρύττουσιν
2849 4274 3006 4331 αὐτὸν
3040 4275 3269 4352 Χριστὸν
3308 4273 3535 4350 βασιλέα
3566 4275 3724 4346 εἶναι,

2074 4367 2233 4424 αὐτὸν
2294 4364 2488 4443 διαρκῆ
2547 4365 2709 4442 μέχρι
2750 4367 2847 4434 τῆς
2898 4361 3148 4441 δευτᾶρας
3194 4363 3358 4419 αὐτοῦ
3407 4366 3728 4440 παρουσίας,

2074 4458 2190 4514 καθ’
2218 4459 2282 4527 ἣν
2336 4455 2716 4528 ἐλευσόμενος,
2754 4455 2898 4527 μὲνει
2947 4451 3200 4528 βασιλεὺς
3234 4453 3310 4516 εἰς
3340 4452 3466 4516 τοὺς
3493 4455 3715 4518 αἰῶνας.

2074 4548 2163 4603 καὶ
2219 4553 2319 4616 τῆς
2376 4542 2653 4622 βασιλείας
2710 4543 2874 4598 αὐτοῦ
2931 4541 3030 4598 ούκ
3084 4539 3230 4598 ἔσται
3289 4540 3469 4605 τέλος.
3512 4542 3577 4598 Ei
3624 4545 3726 4622 γὰρ

314 4627 395 4682 tis
424 4630 483 4680 et
513 4626 725 4695 crucis,
758 4630 970 4697 etpost
998 4628 1483 4707 resurrectionem
1516 4633 1760 4689 dixerit:
1792 4636 1967 4692 -Data

2087 4635 2353 4712 γεννηθεὶς
2413 4634 2472 4690 ἐκ
2523 4641 2623 4704 τῆς
2680 4634 2979 4707 Παρθένου,
3028 4632 3116 4688 καὶ
3167 4633 3340 4688 πάντα
3385 4631 3608 4696 τελέσας
3664 4634 3731 4688 τὰ

317 4717 408 4768 est
439 4712 585 4768 mihi
609 4714 802 4768 omnis
854 4719 1110 4785 potestas
1158 4716 1215 4772 in
1267 4718 1407 4775 cmlo
1465 4725 1521 4776 et
1551 4722 1608 4776 in
1639 4727 1795 4778 terra
1815 4724 1858 4758 ⁶⁶
1892 4743 1905 4792 ;
1940 4747 1968 4774 ››

308 4803 434 4874 jam
468 4801 606 4857 inde
640 4803 924 4874 regnavit,
958 4808 1015 4858 et
1060 4805 1527 4864 Christianorum
1562 4828 1657 4866 rex
1684 4813 1967 4882 praedica-

313 4896 430 4946 tur:
448 4891 842 4962 quemadmod
855 4909 949 4947 um
965 4893 1132 4949 initio
1148 4912 1384 4966 precum
1402 4905 1605 4954 mutuo
1619 4917 1742 4956 com
1755 4902 1970 4974 pellan-

314 4985 426 5048 tes,
448 4979 701 5036 clamare
715 4981 900 5036 solent
917 4999 929 5036 :
946 4983 1488 5050 Venite,adoremus
1509 4993 1566 5044 et
1595 4992 1970 5061 procidamus

321 5085 518 5126 coram
554 5068 784 5126 Christo
815 5070 967 5142 Rege
1001 5077 1221 5128 nostro.
1246 5075 1313 5129 Et
1360 5081 1640 5133 venturus
1666 5081 1722 5136 in
1757 5100 1969 5154 magno

313 5162 370 5214 et
398 5159 615 5214 illustri
647 5161 904 5214 secundo
936 5161 1186 5216 adventu
1219 5181 1346 5235 suo,
1379 5166 1497 5237 ipse
1556 5173 1815 5227 manebit
1875 5191 1972 5230 rex

313 5247 374 5303 in
406 5247 638 5316 sacula,
661 5254 718 5304 et
740 5249 905 5320 regni
937 5250 1065 5319 ejus
1097 5267 1212 5306 non
1245 5255 1355 5309 erit
1397 5256 1551 5315 ﬁnis.
1587 5259 1889 5332 Siquidem
1924 5265 1973 5321 is
2002 5265 2004 5268 ’

2078 4728 2215 4782 κατά
2265 4727 2364 4795 τὴν
2423 4723 2734 4797 οἰκονομίαν
2790 4720 2888 4777 τοῦ
2939 4723 3168 4787 θανάτου
3215 4722 3304 4777 καὶ
3343 4727 3442 4778 τοῦ
3474 4727 3727 4797 σταυροῦ,

2077 4816 2304 4878 ἀναστάς
2349 4834 2534 4893 φησιν’
2589 4838 2616 4868 ‹‹
2666 4810 2859 4882 Ἐδόθη
2917 4834 3008 4884 μοι
3042 4817 3184 4866 πᾶσα
3215 4811 3425 4884 ἐξουσία
3455 4812 3506 4866 ἐν
3566 4811 3728 4888 οὐρα-

2076 4911 2154 4979 νῷ
2182 4903 2271 4961 xui
2302 4903 2389 4960 ἐπὶ
2419 4910 2548 4980 γῆς’
2597 4928 2623 4956 ››
2670 4900 2779 4973 ἤδη
2836 4901 3034 4956 ἐκεῖθεν
3081 4896 3413 4971 ἐϐασίλευσε,
3462 4900 3552 4955 καὶ
3602 4900 3728 4955 ἀνα-

2077 4995 2400 5072 κηρύττεται
2456 4995 2787 5068 Χριστιανῶν
2859 4987 3133 5066 βασιλεύς·
3189 4989 3262 5050 ὡς
3323 4988 3411 5042 xui
3468 4996 3582 5044 κατ’
3638 4990 3730 5064 ἀρ-

2079 5085 2184 5161 χὰς
2227 5089 2334 5139 τῶν
2383 5083 2562 5156 εὐχῶν
2621 5077 3057 5153 συγκαλούμενοι
3112 5074 3421 5146 ἀλλήλους,
3497 5078 3726 5154 ἀνακρά-

2084 5180 2232 5243 ζουσι
2295 5171 2565 5246 λέγοντεςο
2625 5171 2806 5234 Δεῦτε,
2857 5167 3341 5240 προσκυνήσωμεν,
3369 5167 3457 5220 καὶ
3489 5169 3734 5243 προσπέ-

2083 5283 2263 5336 σωμεν
2311 5260 2456 5331 αὐτῷ
2504 5260 2719 5332 Χριστῷ
2763 5260 2842 5326 τῷ
2897 5254 3112 5330 βασιλεῖ
3154 5256 3334 5328 ἡμῶν.
3369 5257 3464 5310 Καὶ
3498 5254 3736 5333 ἐρχόμε.

388 5429 600 5515 “uisa.
643 5429 1012 5515 XLVIII',n15.“
1037 5432 1308 5515 ‘Q-Z‘ach.
1369 5452 1431 5504 ii,
1496 5440 1730 5515 1Ο,Λ11.
1785 5445 1829 5480 δι
1891 5447 1970 5500 Ge

2093 5461 2208 5515 xix,
2265 5443 2354 5497 24.
2429 5440 2474 5475 ⁸³
2505 5437 2658 5494 Psal.
2690 5453 2804 5504 uix,
2865 5439 2916 5492 1.
2991 5436 3204 5494 ‘3an.
3239 5453 3278 5508 1,
3312 5437 3400 5492 32.
3487 5438 3533 5473 5‘
3588 5438 3732 5495 ibid.

315 5502 360 5537 ⁵⁵
415 5502 620 5558 Matth.
658 5503 892 5571 1111,43.
969 5503 1014 5537 ⁵⁸
1070 5505 1277 5562 Matth.
1309 5502 1510 5577 xxviii,
1568 5502 1654 5565 18.

319 5680 506 5809 aegis?
539 5679 982 5753 Anglican.,6":i
1045 5681 1163 5739 ἰδοὺ
1221 5681 1480 5761 ἔρχομαι.
1544 5689 1605 5746 In
1665 5691 1818 5766 aliis,
1851 5689 1969 5750 ἰδού

2153 5691 2618 5770 (49)Anglioan.,
2667 5687 3150 5770 παρακελεύοντες.
3235 5693 3419 5762 Quom
3498 5694 3742 5752 secutus

2076 5766 2343 5829 Nannius
2372 5769 2484 5827 est:
