4120 6348
312 379 430 439 937

1223 367 1491 429 SERMO
1537 369 1614 428 IN
1664 364 2380 428 ANNUNTIATIONEM
2425 365 2814 459 DElPARzE.

3610 371 3732 433 938

314 532 407 574 νος
435 511 570 565 κατά
623 509 722 576 τὴν
782 503 1026 582 μεγάλην
1081 501 1172 558 καὶ
1232 501 1470 578 ἐπιφανῆ
1521 499 1684 554 αὐτοῦ
1726 496 2015 574 δευτέρανλ

2115 515 2212 570 pse
2243 498 2344 572 qui
2401 515 2470 555 ex
2513 499 2754 573 Virgine
2812 503 2988 556 natus
3035 503 3145 570 est,
3203 517 3303 556 rex
3341 505 3451 571 est,
3511 507 3568 560 et
3615 503 3742 575 ipse

315 597 633 675 παρουσίαν,
665 595 822 658 αὐτὸς
859 595 1005 668 μένει
1043 591 1294 668 βασιλεὺς
1328 590 1403 652 εἷς
1454 589 1584 651 τοὺς
1642 588 1859 655 αἰῶνας,
1889 586 1978 641 καὶ

316 692 414 754 τῆς
448 685 726 764 βασιλείας
758 683 923 739 αὐτοῦ
971 682 1071 736 οὐκ
1113 679 1258 736 ἔσται
1308 677 1488 741 τέλος.
1522 677 1620 732 Καὶ
1672 676 1788 732 ἐπεὶ
1820 675 1978 738 αὐτὸς

323 775 576 854 βασιλευς
609 775 748 829 ἐστιν
784 774 812 828 ὁ
844 771 903 827 έκ
930 775 1031 837 τῆς
1087 768 1362 847 Παρθένου
1409 767 1710 845 γεννηθεὶς,
1743 765 1832 820 καὶ
1883 764 1982 820 αύ-

2097 588 2379 643 Dominus
2412 588 2583 645 Deus.
2621 590 2879 660 Ejusque
2902 589 3112 662 gratia,
3145 606 3272 662 quae
3296 591 3494 664 ipsum
3512 594 3741 665 genuit,

2091 677 2329 750 Regina,
2367 678 2611 734 Domina
2656 684 2714 734 et
2747 679 2991 751 Deipara
3035 680 3268 752 proprie
3313 697 3379 736 ac
3427 699 3559 738 vere
3605 700 3748 756 prae-

2095 767 2346 821 dicetur.

319 853 412 930 ⁸τὸς
447 865 644 942 Κύριος
675 865 702 919 ὁ
736 862 883 924 Θεός.
935 862 1013 916 Δι’
1059 859 1217 915 αὐτὸν
1264 859 1355 914 καὶ
1397 861 1432 929 ἡ
1473 855 1706 913 τεκοῦσα
1752 855 1913 910 αὐτὸν
1967 853 2274 931 βασίλισσα,
2305 855 2396 909 καὶ
2447 855 2614 932 Κυρία
2659 855 2748 911 καὶ
2799 856 3084 929 Θεοτόκος,
3135 857 3339 934 κυρίως
3386 857 3475 913 καὶ
3527 856 3749 929 ἀληθῶς

325 954 729 1031 δογματίζεται.

398 1074 484 1128 14.
546 1070 645 1125 Καὶ
695 1067 1055 1147 ἐφαρμόζεται
1115 1064 1396 1120 κάντεῦθεν
1460 1063 1639 1139 λέγειν
1700 1063 1775 1124 ὡς
1845 1061 1981 1137 πρὸς

326 1161 495 1230 αὐτὴν
527 1159 844 1237 ἀφορῶντας
871 1160 1042 1230 ἡμᾶς,
1073 1156 1163 1210 καὶ
1218 1155 1354 1228 πρὸς
1399 1153 1558 1208 αὐτὸν
1607 1153 1699 1207 τὸν
1733 1151 1784 1222 ἐξ
1818 1150 1986 1220 αὐτῆς

324 1249 586 1326 τεχθέντα
629 1246 966 1325 σαρκοφόρον
1020 1246 1142 1300 Υἳὸν
1193 1243 1384 1310 αὐτῆς.
1437 1247 1542 1298 Νῦν
1573 1269 1600 1294 (ι
1635 1241 1875 1318 παρέστη
1928 1239 1989 1294 ἐκ

331 1338 517 1410 δεξιῶν
565 1359 660 1392 σου
710 1337 762 1392 έν
812 1338 1099 1410 ἱματισμῷ
1151 1331 1458 1409 διαχρύσῳ,
1509 1326 1984 1408 περιϐεϐλημένη,

327 1427 756 1501 πεποικιλμένη.
813 1448 836 1478 ι
892 1424 990 1480 Καὶ
1035 1425 1135 1500 γὰρ
1184 1423 1321 1478 καθά
1365 1422 1498 1496 γυνή
1550 1417 1916 1495 ἐχρημάτισεν
1951 1419 1985 1486 ἡ

337 1516 647 1595 βασίλισσα,
677 1515 767 1571 καὶ
813 1514 1004 1589 Κυρία,
1037 1513 1128 1568 καὶ
1175 1513 1377 1588 Μήτηρ
1426 1515 1524 1565 τοῦ
1574 1514 1730 1580 Θεοῦ,
1763 1507 1900 1563 κατά
1926 1506 1988 1561 τὸ

329 1612 632 1684 γυναικεῖον
662 1605 830 1675 αὐτῆς
862 1610 1077 1680 σχῆμα,
1121 1602 1210 1657 καὶ
1260 1605 1352 1656 νῦν
1403 1601 1478 1662 ὡς
1516 1597 1805 1674 βασίλισσα
1853 1615 1990 1670 παρ-

335 1683 595 1768 ισταμένη
631 1693 689 1748 έκ
719 1691 902 1763 δεξιῶν
947 1695 1043 1746 τοῦ
1092 1684 1488 1762 παμϐασιλέως
1538 1689 1666 1742 Υὶοῦ
1715 1686 1904 1755 αὐτῆς,
1937 1683 1988 1738 ἐν

333 1789 618 1860 ἱματισμῷ
665 1782 949 1860 διαχρύσῳ
997 1789 1099 1851 τῆς
1149 1781 1468 1860 ἀφθαρσίας,
1517 1773 1990 1852 περιϐεϐλημένη,

335 1873 762 1946 πεποικιλμένη,
795 1871 1183 1946 ἱερολογεῖται·
1220 1870 1332 1924 ἀνθ’
1381 1870 1453 1923 ὧν
1489 1866 1632 1940 μηδὲ
1669 1868 1788 1931 καθ’
1817 1863 1991 1920 ἁπλό-

336 1985 472 2035 τητα
527 1963 896 2036 πνευματικὴν
924 2006 940 2030 ,
981 1959 1074 2014 καὶ
1122 1960 1236 2013 οἷον
1284 1959 1512 2034 ἄσαρκον
1558 1956 1648 2012 καὶ
1700 1956 1990 2028 ἀσώματον

341 2051 682 2128 παρίσταται,
732 2049 878 2106 ἀλλά
925 2043 1372 2125 περιϐεϐλημένη
1419 2047 1512 2120 μὲν
1561 2045 1698 2102 κατά
1725 2045 1822 2114 τήν
1857 2065 1992 2098 παν-

340 2141 638 2217 αγεστάτην
695 2137 862 2208 αὐτῆς
923 2139 1091 2214 σάρκα
1148 2139 1249 2206 τὴν
1306 2135 1602 2214 ἀφθαρσίαν
1651 2134 1742 2190 καὶ
1793 2135 1991 2190 ἀθανα-

341 2232 494 2302 σίαν,
546 2231 637 2284 καὶ
690 2225 1089 2301 πεποικιλμένη
1141 2228 1279 2282 κατά
1323 2227 1391 2280 τά
1439 2223 1784 2300 έπερείδοντα
1827 2224 1994 2293 αὐτῆς

337 2321 435 2389 τήν
489 2319 660 2393 σάρκα
709 2316 1091 2392 παναγιώτατα
1139 2315 1289 2371 ὀστᾶ.
1337 2314 1439 2372 Καὶ
1489 2315 1592 2390 γὰρ
1640 2314 1731 2369 καὶ
1781 2313 1840 2368 έκ
1882 2318 1990 2368 τῶν

343 2413 556 2486 σαρκῶν
617 2407 785 2476 αὐτῆς
843 2405 934 2460 καὶ
993 2404 1052 2460 ἐκ
1107 2410 1215 2459 τῶν
1277 2403 1474 2459 ὀστέων
1533 2402 1700 2472 αὐτῆς
1734 2446 1748 2468 ,
1807 2403 1880 2464 ὡς
1937 2401 1996 2457 ἐκ

341 2502 439 2552 τοῦ
470 2495 642 2551 πάλαι
688 2493 889 2566 ’Λδάμ,
940 2494 968 2547 ὁ
1016 2495 1137 2555 νέος
1189 2490 1382 2565 Ἀδὰμ,
1413 2494 1526 2547 κατ’
1582 2491 1996 2567 ἀντιπρόσωπον

343 2584 557 2645 πλάσας
587 2585 762 2654 έαυτῷ
805 2583 904 2651 τήν
955 2583 1031 2643 ὡς
1078 2579 1316 2656 πλευρὰν
1369 2579 1656 2656 σάρκωσιν,
1698 2581 1846 2658 φέρει
1897 2580 1996 2634 αύ-

341 2675 444 2741 τήν
489 2675 601 2745 (50)
651 2673 727 2734 εἰς
773 2672 836 2725 τὸ
887 2668 1168 2740 διηνεκές.
1223 2669 1321 2724 Καὶ
1370 2669 1604 2733 ἐντεῦθεν
1648 2671 1684 2738 ἡ
1726 2668 1817 2723 νέα
1862 2665 1994 2740 Εὕα,

345 2763 550 2837 Μήτηρ
575 2767 672 2830 τῆς
705 2766 851 2830 ζωῆς
901 2759 1302 2832 ὀνομαζομένη,
1339 2756 1484 2830 μένει
1525 2752 1996 2834 περιϐεϐλημένη,

343 2847 745 2923 πεποικιλμένη
774 2895 788 2921 ,
838 2848 913 2910 εἷς
959 2849 1214 2924 ἀπαρχὴν
1272 2853 1416 2918 ζωῆς
1467 2846 1732 2902 ἀθανάτου
1780 2847 1994 2901 πάντων

341 2947 451 2998 τῶν
488 2941 727 3010 ζώντων.
760 2937 1016 3012 Εἱ’πωμεν
1046 2938 1218 2993 τοίννν
1268 2938 1358 2992 καὶ
1408 2936 1558 2999 αὖθις
1594 2937 1684 2992 καὶ
1715 2938 1880 2992 πάΑιν
1907 2937 1997 2990 καὶ

347 3031 428 3085 ἀεὶ
457 3028 548 3083 καὶ
580 3025 670 3084 διὰ
698 3040 923 3094 παντὸς,
946 3027 1020 3088 ὡς
1050 3025 1188 3103 πρὸς
1216 3024 1376 3081 αὐτὸν
1409 3026 1498 3080 τὸν
1537 3024 1764 3101 βασιλέα
1796 3025 1995 3102 Κύριον

346 3118 436 3174 καὶ
468 3119 618 3184 Θεὸν,
649 3116 906 3192 καὶπρὸς
956 3115 1122 3184 αὐτὴν
1171 3116 1270 3184 τὴν
1326 3113 1643 3192 βασίλισσαν
1694 3114 1892 3190 Κυρίαν
1941 3135 2000 3169 τε

348 3207 438 3262 καὶ
473 3207 732 3262 Θεοτόκον
775 3200 1204 3273 ἀποϐλέποντες,
1237 3206 1448 3276 κινήσει
1486 3204 1710 3281 θεωρίας
1739 3208 1836 3258 τοῦ
1865 3203 2002 3258 κατὰ

2169 1063 2254 1118 14.
2290 1062 2555 1135 Hincque
2577 1065 2740 1120 decet
2769 1081 2876 1120 nos
2905 1081 3032 1120 eam
3058 1066 3463 1138 respicientes,
3497 1082 3603 1122 nec
3634 1084 3747 1123 non

2096 1168 2165 1207 ex
2194 1169 2261 1207 ea
2307 1152 2570 1222 genitum
2619 1154 2976 1208 carniferum
3041 1154 3248 1219 lilium,
3310 1155 3539 1211 dicere:
3583 1157 3750 1212 Nunc

2103 1264 2123 1289 ι
2161 1241 2347 1296 astitit
2376 1258 2409 1295 a
2441 1242 2658 1296 dextris
2691 1242 2808 1297 tuis
2834 1243 2891 1298 in
2925 1243 3136 1298 vestitu
3169 1245 3472 1311 deaurato,
3505 1244 3752 1302 circum-

2099 1331 2332 1397 amicta,
2358 1331 2724 1387 circumdata
2755 1331 3031 1387 varietate
3061 1333 3124 1386 ⁵⁷.
3162 1355 3188 1381 ››
3223 1333 3293 1388 Ut
3321 1334 3478 1388 enim
3511 1333 3750 1401 femina,

2100 1420 2322 1492 Regina
2360 1424 2450 1475 est
2479 1425 2655 1492 atque
2691 1422 2932 1477 Domina
2961 1427 3018 1477 et
3048 1423 3232 1478 Mater
3263 1423 3398 1479 Dei:
3427 1424 3663 1494 jamque
3691 1429 3756 1479 ut

2100 1509 2304 1581 regina
2350 1510 2503 1565 342
2557 1514 2758 1565 astans
2787 1527 2820 1565 a
2851 1511 3071 1566 dextris
3122 1512 3388 1567 omnium
3437 1515 3592 1585 regis
3625 1511 3755 1568 Filii

2101 1597 2216 1664 sui,
2245 1598 2302 1652 in
2335 1598 2548 1652 vestitu
2572 1599 2851 1654 deaurato
2885 1600 3342 1673 incorruptionis
3365 1606 3421 1657 et
3449 1601 3754 1659 immorta-

2103 1687 2309 1754 litatis,
2345 1687 2808 1757 circumamicta,
2839 1690 3120 1746 varietate
3153 1691 3535 1761 circumdata,
3570 1693 3758 1748 sacris

2102 1776 2294 1830 verbis
2325 1775 2691 1845 celebratur;
2747 1794 2864 1833 non
2894 1778 3133 1851 quidem
3168 1781 3494 1836 secundum
3528 1780 3756 1854 simpli-

2103 1864 2338 1920 citatem
2373 1864 2743 1936 spiritualem
2778 1871 2833 1922 et
2862 1867 3034 1940 quasi
3068 1867 3196 1924 sine
3226 1886 3400 1924 carne
3431 1875 3488 1924 et
3516 1886 3757 1942 corpore

2103 1957 2280 2023 astat,
2313 1954 2414 2010 scd
2448 1954 2910 2025 circumamicta,
2946 1957 3273 2013 secundum
3305 1975 3475 2013 suam
3509 1960 3758 2015 sanctis-

2102 2043 2314 2099 simam
2347 2061 2603 2112 carnem,
2641 2045 3077 2118 incorruptione
3108 2051 3165 2103 et
3206 2045 3672 2114 immortalitate,
3701 2053 3758 2104 et

2102 2134 2464 2190 circumdata
2491 2133 2791 2201 varietate,
2818 2137 3145 2192 secundum
3179 2153 3316 2191 ossa
3346 2138 3474 2206 eius
3507 2138 3757 2194 sanctis-

2103 2223 2257 2280 sima
2286 2239 2413 2296 quae
2447 2241 2681 2279 carnem
2707 2224 2894 2298 ipsius
2929 2225 3196 2281 fulciunt.
3225 2227 3454 2282 Etenim
3477 2243 3546 2282 ex
3575 2228 3762 2282 carni-

2106 2313 2216 2369 bus
2246 2317 2303 2368 et
2341 2313 2574 2370 ossibus
2605 2315 2756 2386 ejus,
2793 2315 2962 2386 quasi
2994 2331 3063 2370 ex
3083 2316 3264 2372 veteri
3294 2317 3538 2380 Adamo,
3571 2332 3758 2372 novus

2104 2401 2289 2457 Adam
2323 2401 2790 2458 Incarnationem
2823 2402 2934 2458 sibi
2968 2403 3136 2476 quasi
3161 2409 3383 2460 costam
3415 2404 3758 2471 eti‘ormavit,

2106 2495 2413 2563 gestatque
2445 2490 2602 2547 illam
2629 2495 2686 2547 in
2720 2498 3090 2564 perpetuum.
3115 2496 3301 2566 Atque
3324 2493 3460 2549 hinc
3491 2495 3784 2565 estquod.

2107 2596 2255 2634 nova
2303 2585 2434 2645 Eva,
2469 2580 2654 2635 Mater
2702 2584 2834 2636 vitae
2864 2587 3221 2654 nuncupata,
3275 2586 3472 2638 manet
3503 2583 3762 2638 circum-

2109 2667 2322 2722 amicta
2345 2673 2402 2722 et
2451 2667 2813 2724 circumdata
2855 2670 3154 2737 varietate,
3203 2672 3273 2725 ad
3308 2672 3600 2744 primitias
3631 2672 3760 2726 vitae

2101 2757 2452 2812 immortalis
2475 2758 2742 2814 omnium
2772 2759 3112 2816 viventium.
3138 2761 3414 2816 Dicamus
3437 2761 3617 2832 igitur
3646 2761 3758 2816 ite-

2109 2863 2238 2901 rum
2272 2853 2442 2916 atque
2474 2848 2687 2902 iterum
2715 2865 2947 2920 semper
2969 2854 3023 2904 et
3054 2850 3110 2903 in
3138 2857 3505 2922 perpetuum,
3530 2868 3664 2906 cum
3691 2851 3761 2906 ad

2107 2935 2304 3008 ipsum
2336 2937 2547 3008 Regem
2599 2937 2915 2993 Dominum
2946 2944 3002 2993 et
3051 2939 3256 3004 Deum,
3304 2943 3433 2994 tum
3466 2941 3535 2994 ad
3569 2941 3761 3011 ipsam

2109 3026 2408 3097 Reginam,
2459 3025 2762 3082 Dominam
2795 3032 2854 3083 et
2901 3027 3210 3100 Deiparam
3261 3029 3663 3100 respicientes,
3693 3046 3765 3084 ex

2111 3119 2273 3170 motu
2293 3116 2548 3187 quodam
2573 3117 3088 3188 contemplationis
3110 3117 3434 3189 spiritualis
3455 3134 3521 3172 ac
3545 3117 3764 3190 perspi-

2110 3207 2264 3260 caeis
2286 3204 2437 3259 oculi
2471 3205 2684 3261 nostri:
2727 3226 2752 3257 ι
2782 3206 2980 3261 Astitit
3001 3207 3220 3279 Regina
3241 3225 3274 3263 a
3303 3207 3524 3262 dextris
3548 3207 3670 3263 tuis
3699 3207 3760 3264 in

347 3301 472 3351 νοῦν
506 3298 666 3368 ἡμῶν
719 3291 1030 3368 διορατικοῦ
1077 3291 1386 3372 ὀφθαλμοῦ·
1419 3317 1447 3344 ‹‹
1481 3293 1726 3368 Παρέστη
1759 3294 1794 3361 ἡ
1850 3291 2000 3368 βασί-

2115 3293 2327 3348 vestitu
2358 3293 2659 3360 deaurato,
2711 3295 3171 3362 eircumamicta,
3204 3296 3483 3352 varietate
3514 3297 3766 3352 circum-

348 3385 510 3442 λισσα
539 3384 599 3439 ἐκ
629 3381 814 3456 δεξιῶν
862 3404 957 3437 σου
1006 3382 1056 3437 ἐν
1102 3383 1385 3456 ἱματισμῷ
1433 3380 1738 3458 διαχρύσῳ,
1782 3376 2001 3458 περιϐε-

350 3469 635 3546 ϐλημένη,
685 3470 1110 3545 πεποικιλμένη.
1146 3471 1305 3526 »Καὶ
1355 3468 1422 3540 δὴ
1475 3470 1725 3538 ἄκουσον,
1778 3470 2002 3546 θύγατερ

351 3558 517 3618 Δαϐὶδ
563 3561 654 3617 καὶ
702 3556 974 3636 Ἀϐραὰμ,
1023 3560 1112 3615 καὶ
1156 3561 1346 3616 κλῖνον
1383 3561 1447 3615 τὸ
1495 3559 1586 3622 οῦς
1634 3583 1728 3615 σου
1778 3559 1855 3623 εἷς
1902 3561 2002 3628 τὴν

352 3651 535 3722 δέησιν
569 3653 752 3724 ἡμῶν,
809 3652 900 3705 καὶ
961 3651 1037 3724 μὴ
1097 3649 1331 3725 έπιλάθῃ
1387 3654 1483 3705 τοῦ
1530 3647 1667 3705 λαοῦ
1711 3671 1828 3719 σου,
1866 3647 2007 3723 μηδὲ

351 3745 514 3814 ἡμῶν
545 3745 641 3796 τοῦ
672 3737 826 3795 οἷ’κου
875 3737 1089 3815 Πατρός
1133 3760 1248 3797 σου.
1291 3740 1524 3816 Πατέρες
1569 3741 1670 3815 γάρ
1717 3761 1813 3794 σου
1845 3738 2003 3812 ἐσμὲν

351 3830 488 3885 κατά
537 3831 638 3900 τὴν
688 3826 985 3904 ἀναλογίαν
1043 3831 1179 3900 (51),
1227 3827 1318 3882 καὶ
1378 3829 1616 3904 θυγάτηρ
1666 3830 1827 3900 ἡμῶν
1871 3829 2009 3882 κατά

359 3920 459 3988 τὴν
488 3917 540 3990 ἐξ
571 3921 734 3992 ἡμῶν
767 3918 1040 3993 γέννησιν.
1091 3918 1181 3972 καὶ
1230 3917 1434 3989 πρέπον
1476 3917 1561 3971 σοί
1591 3915 1733 3971 ἐστιν
1780 3917 1854 3978 ὡς
1889 3923 2008 3987 Μη-

354 4007 484 4082 τέρα
529 4012 627 4064 τοῦ
677 4011 811 4063 Θεοῦ
860 4005 1184 4081 γενομένην,
1221 4005 1534 4082 βασίλισσαν
1577 4027 1636 4060 τε
1666 4005 1756 4060 καὶ
1790 4005 2008 4081 Κυρίαν,

355 4099 445 4154 καὶ
478 4097 761 4153 δέσποιναν
821 4094 893 4151 δι’
921 4096 1083 4151 αὐτὸν
1112 4097 1203 4152 τὸν
1248 4096 1306 4150 ἐκ
1350 4099 1446 4150 σοῦ
1475 4096 1734 4170 τεχθέντα
1786 4095 2013 4170 βασιλέα

356 4189 446 4242 καὶ
507 4187 725 4264 Κύριον,
784 4185 874 4240 καὶ
931 4187 1080 4257 Θεὸν,
1140 4183 1230 4240 καὶ
1280 4180 1574 4255 δεσπότην,
1625 4183 2009 4258 μνημονεύειν,

359 4281 709 4352 παρεστῶσαν
755 4274 842 4329 ἐπὶ
896 4273 992 4329 τοῦ
1039 4276 1175 4348 ἡμῖν
1233 4274 1327 4348 μὲν
1379 4268 1635 4352 φοϐεροῦ,
1669 4275 1753 4328 σοὶ
1804 4271 1859 4328 δὲ
1890 4294 2012 4349 τερ-

358 4370 517 4437 πνοῦ,
576 4365 668 4420 καὶ
724 4363 896 4426 πάσας
949 4365 1289 4440 παρέχοντος
1339 4363 1588 4440 χάριτας’
1649 4362 1759 4417 ἀνθ’
1805 4361 1876 4418 ὧν
1922 4362 2012 4418 καὶ

359 4453 779 4529 κεχαριτωμένη
813 4452 1166 4525 ὠνομάσθης,
1200 4453 1276 4514 ὡς
1306 4453 1484 4522 πάσης
1515 4457 1690 4527 χαρᾶς
1731 4451 2014 4515 ἀνάπλεως

361 4540 762 4618 ἀναδειχθεῖσα,
823 4539 912 4597 διὰ
965 4548 1064 4612 τῆς
1123 4539 1210 4596 ἐπὶ
1267 4542 1325 4596 σέ
1371 4545 1468 4597 τοῦ
1515 4541 1666 4618 ἁγίου
1701 4542 2014 4616 Πνεύματος

363 4630 714 4694 έπελεύσεως.
768 4631 862 4686 Διὸ
911 4630 1000 4686 καὶ
1047 4631 1110 4686 τὸ
1162 4629 1454 4706 πρόσωπόν
1508 4651 1603 4685 σου
1644 4631 2013 4694 λιτανεύοντες

362 4721 414 4776 οἱ
445 4719 705 4775 πλούσιοι
735 4724 830 4774 τοῦ
862 4718 998 4774 λαοῦ
1029 4717 1492 4792 πεπλουτισμένοι
1536 4719 1800 4775 τοιούτων
1831 4719 2014 4776 καλῶν

363 4808 453 4865 καὶ
511 4811 894 4882 πνευματικῶν
943 4809 1353 4882 θεωρημάτων,
1411 4806 1536 4882 περὶ
1597 4811 1693 4862 σοῦ
1755 4808 1969 4884 βοῶμεν
2004 4827 2018 4840 ο

365 4900 658 4970 Μνήσθητι
689 4901 875 4971 ἡμῶν,
908 4896 1137 4973 παναγία
1176 4894 1430 4971 Παρθένε,
1475 4895 1565 4951 καὶ
1619 4897 1753 4970 μετὰ
1789 4897 1852 4952 τὸ
1900 4918 2022 4973 γεν-

363 4996 525 5060 νῆσαι
557 4987 817 5059 παρθένος
853 4986 1096 5062 μείνασα,
1153 4985 1243 5041 καὶ
1292 4982 1508 5048 ἀντίδος
1561 4988 1695 5058 ἡμῖν
1747 4987 1862 5041 ἀντὶ
1910 4983 2018 5041 τῶν

371 5081 578 5153 μικρῶν
609 5075 817 5132 τούτων
853 5075 1054 5152 λογίων
1088 5074 1326 5152 μεγάλας
1371 5074 1467 5137 τάς
1514 5071 1721 5151 δωρεὰς
1770 5075 1878 5130 ἀπὸ
1925 5079 2022 5129 τοῦ

366 5165 610 5222 πλούτου
655 5171 761 5221 τῶν
808 5167 1164 5242 χαρισμάτων
1209 5186 1344 5235 σου,
1392 5165 1833 5241 κεχαριτωμένη·
1891 5165 2022 5240 ὑπὲρ

367 5255 465 5329 ὧν,
511 5255 601 5310 καὶ
651 5257 726 5318 ὡς
773 5254 1144 5329 ὑποκειμένων
1189 5253 1279 5310 καὶ
1328 5257 1658 5310 συστατικῶν
1713 5251 2025 5332 διαφωνῶν,

440 5480 484 5516 ⁵⁷
515 5479 670 5537 Psal.
706 5495 858 5550 χειν,
896 5479 980 5536 10.
1059 5479 1104 5516 ⁸⁸
1133 5479 1277 5537 ibid.
1312 5481 1396 5537 11.

441 5711 553 5786 (50)
586 5713 673 5770 Ita
702 5709 929 5783 Anglic.
965 5710 1118 5767 Editi
1147 5727 1282 5768 vero
1314 5716 1372 5768 et
1401 5713 1521 5782 alii,
1552 5710 1730 5772 αύτὸν.

653 5840 921 5901 ΡΑι-ιιοι.
971 5839 1084 5902 Ga.
1126 5839 1408 5903 XXVIII.

2113 3383 2269 3438 data.
2291 3403 2312 3432 ι
2340 3383 2537 3454 Etjam
2554 3383 2712 3450 audi,
2733 3383 2854 3439 lilia
2868 3384 3047 3440 David
3068 3385 3455 3452 etAbraham,
3471 3390 3527 3442 et
3547 3385 3769 3442 inclina

2115 3488 2317 3527 aurem
2352 3476 2511 3528 tuam
2544 3473 2616 3528 ad
2649 3472 3142 3546 supplicationem
3181 3479 3470 3543 nostram,
3512 3492 3585 3531 ne
3618 3476 3768 3530 obli-

2112 3561 2357 3617 viscaris
2377 3559 2575 3633 populi
2599 3561 2704 3626 tui,
2729 3579 2916 3634 neque
2934 3567 3206 3620 nostrum
3225 3564 3326 3637 qui
3348 3565 3560 3620 domus
3580 3565 3772 3623 Patris

2117 3667 2327 3706 sumus
2351 3652 2436 3706 tui
2458 3651 2523 3706 ⁸³.
2547 3651 2748 3708 Patres
2771 3669 3028 3726 namque
3051 3654 3134 3708 tui
3157 3670 3365 3709 sumus
3391 3655 3646 3724 quadam
3679 3671 3769 3711 ra-

2115 3741 2295 3806 tione,
2328 3745 2385 3795 et
2417 3739 2537 3796 lilia
2567 3745 2770 3797 nostra
2805 3745 2867 3797 tu
2900 3759 2962 3798 es
2993 3759 3094 3815 per
3123 3743 3560 3815 generationem
3603 3747 3768 3800 tuam

2118 3845 2186 3884 ex
2208 3829 2398 3884 nobis:
2425 3830 2705 3902 decetque
2725 3834 2798 3898 te,
2820 3836 3021 3902 utpote
3042 3831 3140 3888 Dei
3165 3833 3431 3898 Matrem,
3457 3832 3764 3905 Reginam,

2121 3917 2425 3973 Dominam
2460 3923 2519 3974 et
2573 3919 2798 3987 heram,
2847 3925 3084 3992 propter
3132 3921 3369 3994 Regem,
3427 3921 3766 3994 Dominum,

2121 4010 2302 4061 Deum
2333 4011 2389 4062 et
2420 4007 2626 4062 herum
2661 4023 2730 4063 ex
2766 4012 2824 4064 te
2854 4013 3078 4076 natum,
3131 4016 3400 4065 nostrum
3451 4010 3767 4081 recordari,

2120 4099 2412 4150 astantem
2447 4094 2530 4149 illi
2562 4096 2662 4167 qui
2685 4097 2965 4153 terribilis
2993 4097 3180 4165 nobis,
3204 4098 3630 4169 tibijucundus
3661 4101 3772 4167 est,

2123 4199 2448 4255 omnesque
2478 4183 2584 4238 tibi
2616 4183 2865 4255 largitur
2893 4186 3112 4256 gratias
3137 4203 3151 4253 ;
3188 4187 3344 4242 unde
3373 4188 3562 4256 gratia
3600 4188 3776 4260 plena

2122 4277 2454 4344 nuncupata
2491 4288 2574 4341 es,
2618 4274 2788 4344 quasi
2833 4274 2995 4328 omni
3043 4273 3245 4330 laetitia
3294 4275 3484 4347 plena,
3540 4282 3781 4349 propter

2123 4362 2438 4416 adventum
2461 4361 2710 4432 Spiritus
2732 4362 2918 4417 sancti
2941 4361 3000 4417 in
3030 4367 3106 4418 te.
3131 4364 3521 4427 Quamobrem
3549 4365 3777 4421 vultum

2122 4453 2292 4505 tuum
2342 4451 2727 4522 deprecamur
2775 4466 2983 4507 omnes
3034 4451 3244 4508 divites
3285 4452 3494 4525 plebis,
3560 4453 3780 4509 talibus

2125 4539 2291 4594 ditati
2317 4539 2488 4596 bonis
2510 4557 2576 4595 ac
2607 4539 3014 4612 spiritualibus
3050 4541 3676 4612 contemplationibus:
3709 4544 3782 4600 ad

2125 4633 2180 4685 te
2209 4629 2567 4684 clamamus:
2604 4629 2926 4686 Recordare
2950 4629 3155 4696 nostri,
3185 4629 3568 4686 sanctissima
3590 4631 3783 4704 Virgo,

2128 4735 2261 4791 quae
2292 4723 2426 4792 post
2457 4722 2690 4792 partum
2713 4719 2870 4791 virgo
2895 4720 3300 4792 permansisti,
3325 4724 3381 4776 et
3401 4720 3592 4777 tribue
3613 4721 3786 4778 nobis

2133 4825 2235 4881 pro
2266 4808 2494 4880 exiguis
2527 4807 2618 4864 bis
2645 4808 3037 4879 sermonibus,
3063 4825 3278 4882 magna
3301 4810 3456 4866 dona
3478 4826 3546 4865 ex
3568 4811 3786 4868 divitiis

2131 4897 2457 4966 gratiarum
2515 4900 2774 4965 tuarum,
2836 4914 2868 4952 o
2899 4898 3088 4970 gratia
3135 4898 3347 4971 plena:
3409 4915 3512 4971 pro
3545 4899 3787 4972 quibus,

2135 4986 2306 5059 quasi
2354 4986 2509 5043 veris
2540 4990 2599 5042 et
2628 4987 2996 5043 celebrandis
3045 4987 3344 5054 laudibus,
3377 4988 3484 5044 tibi
3518 4989 3589 5043 ad
3623 5003 3791 5045 enco-

2135 5075 2345 5147 mium,
2380 5075 2430 5132 si
2463 5092 2580 5148 qua
2602 5075 2810 5144 virtus,
2840 5076 2890 5131 si
2922 5093 3035 5148 qua
3063 5076 3212 5146 laus,
3247 5095 3280 5131 a
3310 5077 3500 5148 nobis,
3533 5092 3640 5133 nec
3671 5095 3788 5133 non

2137 5165 2208 5222 ab
2238 5165 2398 5221 omni
2437 5169 2708 5221 creatura
2755 5165 3014 5239 hymnus
3062 5167 3323 5235 offertur,
3366 5165 3554 5238 gratia
3584 5166 3790 5240 plena,

2146 5254 2424 5324 Dominae,
2458 5255 2558 5310 Dei
2591 5254 2760 5311 Matri
2792 5258 2849 5311 et
2877 5271 3022 5310 arca
3051 5253 3554 5310 sanctiﬁcationis.

2209 5714 2322 5786 (51)
2357 5717 2419 5770 in
2453 5711 2715 5787 margine
2745 5709 2970 5784 Anglic.
2997 5709 3232 5783 legitur,
3261 5710 3402 5781 forte
3424 5705 3793 5787 γενεαλογίαν.

3434 5836 3514 5896 30
