4120 6356
317 460 439 521 941
1242 447 1509 511 SERMO
1554 447 1632 507 IN
1680 442 2394 506 ANNUNTIATIONEM
2440 444 2830 507 DEIPARE.
3620 443 3740 504 942

388 616 687 679 Praefatio
717 615 1043 677 HOLs'rsnu
1074 610 1137 671 in
1170 613 1409 687 septem
1445 606 1741 667 bomilias
1775 624 1915 682 quae
1950 623 2075 665 non
2108 605 2735 687 consequenter,_sed
2756 603 2943 687 juxta
2974 621 3185 687 rerum
3216 610 3277 665 et
3308 605 3667 682 argumenti

908 692 1191 755 ordinem
1224 684 1482 750 inferius
1516 688 1738 767 positae
1772 692 1940 746 sunt.
1971 688 2132 746 Sunt
2160 693 2373 746 autem
2407 684 2682 747 homiliaa
2726 685 3091 764 hujusmodi
3126 702 3139 745 :

387 850 430 906 l.
464 851 522 904 In
555 847 974 918 descriptionem
1003 844 1114 898 sive
1136 856 1361 896 censum
1392 838 1555 895 beata:
1592 838 1853 905 Virginis.

392 940 459 995 Il.
496 940 555 993 In
593 936 739 991 illud
773 933 978 989 Matth.
1002 948 1115 998 χχι,
1146 934 1202 999 2,
1236 933 1318 985 Ite
1348 930 1405 983 in
1438 927 1747 991 castellum,
1785 924 1923 997 quod
1953 928 2144 980 contra
2172 940 2264 981 vos
2294 934 2389 981 est.

389 1028 484 1083 ΙΙΙ.
518 1027 581 1082 In
616 1024 759 1078 illud
796 1023 966 1078 Lucae
998 1039 1110 1089 xix,
1141 1020 1232 1085 26,
1264 1022 1447 1075 Eunt:
1475 1025 1664 1073 autem
1693 1014 1817 1083 illo,
1850 1014 2243 1071 subternebant
2270 1016 2611 1071 vestimenta.

389 1116 480 1174 IV.
518 1118 577 1171 In
611 1114 667 1169 S.
700 1114 955 1185 quintam
981 1112 1203 1181 feriam,
1234 1118 1286 1164 et
1312 1106 1689 1179 proditionem
1715 1104 1890 1161 Judz.

388 1205 459 1260 V.
488 1208 552 1260 In
580 1205 643 1259 5.
680 1202 913 1269 Pascha,
945 1203 999 1255 et
1030 1201 1090 1255 in
1120 1214 1306 1254 recens
1336 1197 1708 1260 illuminatos,
1738 1193 1971 1249 Sabbato
2001 1194 2062 1253 in
2101 1193 2273 1249 Albis.

389 1294 484 1349 Vl.
517 1295 574 1348 Ia
605 1308 806 1348 caecum
834 1308 869 1345 a
897 1290 1219 1357 nativitate,
1251 1286 1423 1342 Joan.
1454 1302 1531 1341 IX.

389 1382 511 1438 VII.
545 1387 612 1439 In
644 1381 736 1437 SS.
773 1382 962 1435 Patres
994 1387 1047 1435 et
1077 1378 1387 1449 prophetas,
1417 1379 1471 1431 et
1500 1373 1871 1429 venerandam
1901 1373 2221 1439 Ecclesiam,
2248 1379 2633 1444 psalmumque
2663 1374 3005 1429 tricesimum
3036 1380 3312 1445 quartum.

1520 1632 1732 1691 LUCAS
1770 1630 2190 1691 HOLSTENIUS
2228 1631 2532 1689 LECTORI.

389 1760 532 1811 Cum
569 1755 681 1810 divi
718 1753 1019 1811 Athanasii
1051 1769 1225 1825 opera
1254 1751 1453 1807 recudi
1480 1768 1513 1806 a
1543 1748 1929 1823 typographis
1960 1748 2249 1818 audirem,
2279 1765 2399 1803 rem
2437 1765 2528 1803 me
2564 1748 2855 1805 facturum
2883 1749 3207 1805 existimavi
3249 1753 3304 1805 et
3351 1750 3585 1821 publico
3624 1750 3747 1806 uti-

318 1846 456 1916 lem,
508 1860 614 1900 nec
657 1844 828 1899 bonis
854 1843 1162 1913 doctisque
1194 1842 1509 1910 ingratam,
1545 1838 1593 1893 si
1628 1845 1835 1894 caetera
1864 1837 2229 1893 sanctissimi
2266 1837 2452 1893 Patris
2484 1834 2745 1891 ἀνέκδοτα
2775 1838 3204 1910 conquirerem,
3237 1844 3293 1894 et
3323 1840 3380 1893 in
3415 1838 3603 1895 lucem
3637 1841 3747 1896 hac

321 1935 626 1991 occasione
659 1934 1069 2005 producerem.
1106 1930 1321 2002 Collegi
1355 1946 1492 2001 ergo
1525 1944 1701 2001 opera
1728 1926 2119 1982 tumultuaria
2162 1944 2229 1982 ex
2278 1926 2765 1983 Christianissimi
2814 1929 2983 2000 Regis
3034 1928 3406 1995 bibliotheca,
3459 1934 3633 2000 atque
3681 1947 3749 1985 ex

319 2024 401 2080 Cl.
436 2028 491 2078 et
524 2023 590 2077 R.
626 2022 687 2076 Ρ.
720 2020 1036 2084 Sirmondi,
1068 2018 1333 2090 meisque
1364 2018 1600 2073 schedis
1634 2016 1909 2072 homilias
1946 2021 2191 2087 septem.
2226 2015 2532 2071 Athanasii
2586 2016 2824 2071 nomine
2878 2020 3229 2089 praenotatas
3284 2034 3296 2071 :
3352 2033 3542 2089 neque
3588 2017 3744 2073 enim

324 2112 627 2168 Athanasii
659 2126 863 2165 omnes
895 2124 1023 2165 esse
1057 2109 1277 2176 credat,
1302 2107 1395 2161 cui
1427 2106 1514 2162 vel
1549 2106 1865 2161 minimum
1900 2105 1957 2159 in
1999 2104 2162 2161 hisce
2193 2105 2406 2160 studiis
2431 2105 2661 2176 judicii,
2687 2106 2907 2178 quique
2939 2106 3027 2161 vel
3060 2107 3247 2162 obiter
3276 2110 3506 2162 tantum
3540 2112 3748 2162 caetera

320 2204 448 2273 ejus
480 2200 701 2270 scripta
730 2198 1071 2270 inspexerit.
1106 2198 1387 2261 Quocirca
1423 2214 1494 2251 ne
1527 2196 1810 2251 carbones
1842 2194 2105 2250 thesauri
2136 2194 2261 2249 loco
2290 2196 2591 2251 venditare
2622 2194 2839 2266 videar,
2872 2196 3255 2251 indicandum
3292 2196 3495 2268 paucis
3545 2196 3750 2251 existi-

325 2292 499 2360 mavi,
528 2291 680 2345 unde
711 2287 974 2359 singulas
996 2288 1461 2358 deprompserim
1486 2291 1643 2350 ;tum
1680 2302 1871 2339 meam
1897 2285 1967 2339 de
1999 2285 2071 2341 iis
2101 2285 2477 2354 sententiam,
2504 2284 2664 2338 nullo
2697 2289 2893 2339 tamen
2918 2285 3184 2339 veritatis
3215 2290 3317 2339 aut
3346 2285 3747 2359 κριτικωτὲρων

326 2379 688 2453 prasjudicio,
722 2378 984 2449 proferre
1012 2376 1191 2430 volui.
1225 2376 1421 2430 Primo
1453 2390 1590 2445 ergo
1620 2374 1748 2430 loco
1779 2380 2079 2445 comparet
2110 2375 2358 2430 llomilia
2389 2376 2444 2429 in
2492 2374 2909 2445 descriptionem
2958 2378 3020 2428 Β.
3080 2376 3337 2445 Virginis,
3385 2379 3518 2428 ante
3568 2374 3753 2429 trien-

330 2471 493 2525 nium
524 2484 557 2522 a
587 2482 679 2521 me
710 2464 997 2520 Oxoniiin
1029 2464 1240 2517 celebri
1273 2462 1374 2517 illa
1402 2463 1718 2517 Bodleiana
1740 2462 2096 2518 bibliotheca
2146 2479 2211 2517 ex
2265 2462 2345 2517 ill.
2405 2462 2620 2533 equitis
2673 2462 2899 2517 Henrici
2950 2462 3147 2517 Savilii
3196 2464 3550 2517 membranis
3595 2468 3756 2517 tran-

326 2556 567 2626 scripta.
623 2555 832 2625 Reperi
882 2552 1147 2607 eamdem
1198 2552 1258 2605 in
1317 2551 1580 2622 quinque
1608 2555 1710 2605 aut
1740 2566 1839 2605 sex
1873 2551 2048 2622 regiis
2078 2552 2403 2617 codicibus,
2438 2552 2800 2606 assumentis
2832 2552 3186 2623 quibusdam
3222 2552 3539 2607 auctiorem
3572 2568 3585 2605 :
3622 2568 3755 2607 cum

326 2646 546 2719 quibus
578 2648 633 2699 et
664 2644 728 2698 Β..
767 2643 827 2697 Ρ.
862 2642 1157 2696 Sirmondi
1192 2640 1490 2712 exemplar
1521 2641 1717 2695 Romae
1749 2641 2110 2711 descriptum
2146 2642 2455 2697 consentit.
2484 2641 2687 2696 Latine
2708 2642 3063 2714 jampridem
3096 2660 3224 2697 eam
3258 2643 3568 2697 ediderunt
3598 2644 3760 2714 Lipo-

329 2749 545 2788 manus
576 2736 634 2786 et
663 2730 871 2785 Surius
903 2729 962 2783 in
995 2729 1146 2784 Vitis
1177 2734 1540 2794 sanctorum,
1576 2730 1674 2783 sed
1708 2729 2078 2800 paraphrasi,
2112 2733 2175 2783 ut
2200 2729 2408 2791 solent,
2444 2729 2697 2783 liberiori
2734 2746 2745 2785 :
2782 2730 2842 2784 in
2875 2747 2989 2800 qua
3025 2730 3296 2802 Dialogus
3328 2729 3444 2797 ille,
3496 2746 3566 2785 ne
3617 2730 3756 2801 quid

323 2822 562 2896 gravius
595 2821 809 2885 dicam,
844 2818 1015 2891 plane
1048 2818 1495 2891 intempestivus
1527 2818 1678 2873 inter
1698 2818 2022 2889 Josephum
2056 2827 2109 2872 et
2139 2819 2368 2873 beatam
2396 2818 2716 2891 Virginem,
2752 2820 2948 2874 nescio
2980 2824 3173 2874 utrum
3200 2820 3377 2874 Graeci
3409 2819 3759 2891 exemplaris

326 2913 465 2976 fide,
497 2928 569 2965 an
602 2910 839 2963 illorum
866 2908 1117 2979 judicio,
1170 2907 1426 2962 omissus
1458 2912 1567 2962 est.
1602 2908 1721 2980 Ego
1753 2912 1819 2961 ut
1848 2908 1905 2960 in
1940 2908 2357 2978 manuscriptis
2390 2908 2689 2963 codicibus
2722 2908 2929 2978 reperi,
2959 2908 3039 2962 ita
3068 2909 3220 2963 bona
3251 2909 3361 2963 ﬁde
3384 2914 3755 2980 repraesento,

330 3002 485 3056 bona
516 2998 709 3065 malis,
744 3005 797 3053 et
827 2995 1033 3070 χρύσεα
1064 2994 1350 3071 χαλκείοις
1382 2997 1686 3069 permista.
1727 3001 1927 3068 Neque
1960 2996 2143 3052 solius
2173 2997 2474 3052 Athanasii
2507 3014 2574 3051 ca
2606 2999 2858 3064 fortuna,
2910 3002 2974 3052 ut
3021 2998 3527 3069 ineptissimorum
3578 2998 3755 3054 inter-

327 3089 657 3164 polatorum
711 3105 923 3143 manus
971 3088 1216 3151 subiret,
1254 3103 1383 3141 cum
1416 3086 1838 3158 Chrysostomi,
1873 3085 2081 3154 Procli,
2116 3087 2459 3158 alorumque
2489 3086 2785 3151 homilias,
2820 3086 3117 3141 similibus
3149 3088 3484 3157 aequiorum
3514 3088 3757 3143 saeculo-

327 3196 459 3235 rum
494 3176 731 3250 ineptiis
772 3177 1015 3232 foedatae
1048 3176 1105 3229 in
1143 3175 1348 3231 iisdem
1386 3176 1561 3248 regiis
1593 3176 1890 3230 codicibus
1922 3175 2265 3231 invenerim.
2287 3176 2355 3230 Et
2385 3176 2583 3230 fucum
2608 3176 2914 3231 manifeste
2938 3181 3194 3247 arguunt
3212 3176 3511 3248 Lipomani
3532 3181 3587 3232 et
3608 3177 3757 3231 Oxo-

329 3269 553 3323 niensis
585 3266 897 3321 academiaa
928 3265 1279 3336 exemplaria
1304 3283 1316 3320 :
1339 3281 1473 3320 cum
1508 3266 1579 3320 ab
1610 3264 1731 3319 illis
1760 3264 2107 3335 penitus,ab
2138 3264 2247 3319 hoc
2281 3269 2475 3320 autem
2501 3281 2777 3337 magnam
2804 3268 3025 3336 partem
3055 3266 3520 3321 assumentailla
3543 3266 3758 3323 absint.

325 3356 696 3428 Comparatio
728 3354 1021 3427 speluncae
1054 3353 1547 3409 Bethlehemiticzn
1579 3362 1633 3409 et
1668 3353 1935 3409 Ecclesia;
1966 3353 2186 3426 prolixe
2218 3370 2251 3409 a
2279 3358 2480 3409 sancto
2528 3354 2818 3409 Germano
2866 3352 2917 3407 ἐν
2966 3356 3032 3426 τῇ
3088 3357 3319 3426 posuicf;
3378 3353 3578 3430 Θεωρίᾳ
3626 3373 3758 3429 per-

324 3450 615 3501 tractatur
647 3461 658 3498 :
695 3445 753 3498 in
787 3461 855 3498 ea
883 3449 1082 3498 tamen
1115 3443 1172 3497 id
1209 3443 1510 3514 proprium
1537 3443 1844 3498 Athanasii
1869 3447 1975 3513 est,
2004 3444 2157 3515 quod
2182 3443 2506 3515 Josephum
2532 3440 2630 3517 ἔφη
2644 3443 2904 3515 μερευτήν
2930 3442 3208 3515 appeliat,
3232 3460 3368 3499 voce
3392 3443 3535 3499 mihi
3558 3445 3760 3501 hecto-

332 3552 445 3589 nus
476 3532 687 3588 uullibi
721 3532 887 3587 lecta.
924 3533 1197 3587 Vzcarium
1226 3532 1390 3601 verti,
1425 3548 1557 3586 cum
1591 3531 1960 3586 commodius
2011 3531 2155 3586 nihil
2208 3536 2552 3587 occurreret.
2604 3530 2848 3586 Alliudit
2898 3536 3091 3586 autem
3146 3534 3215 3587 ad
3267 3530 3589 3607 ἐφημερίας,
3643 3534 3762 3589 sive

329 3623 485 3678 vices
535 3622 904 3678 sacerdotum
955 3620 1355 3685 Leviticorum,
1392 3638 1643 3693 quarum
1674 3625 1729 3675 et
1760 3625 1823 3675 Β.
1859 3621 2044 3675 Lucas
2074 3638 2200 3692 cap.
2238 3639 2255 3675 ι
2296 3621 2583 3675 meminit.
2620 3621 2762 3683 Quid
2799 3614 3166 3697 φλεϐοσυλὶας
3198 3639 3305 3677 vox
3337 3623 3450 3677 sibi
3480 3623 3619 3678 velit
3647 3623 3759 3678 sub

330 3713 445 3767 fine
476 3712 602 3781 ejus
634 3712 791 3765 344
821 3709 1097 3777 homiliaa,
1131 3710 1382 3782 ingenue
1414 3710 1598 3765 fateor
1628 3727 1721 3765 me
1748 3709 2008 3765 nescire:
2034 3726 2139 3766 nec
2171 3709 2559 3765 eruditissimi
2592 3710 2720 3777 viri,
2757 3726 2903 3781 quos
2934 3726 3002 3765 ea
3032 3727 3210 3781 super
3239 3728 3299 3767 re
3329 3711 3619 3780 consului,
3654 3729 3759 3767 no-

330 3803 471 3857 dum
505 3800 673 3855 illum
706 3800 976 3869 expedire
1008 3804 1344 3871 potuerunt.
1380 3800 1661 3865 Versione
1692 3800 1790 3865 ita,
1842 3799 1924 3854 uti
1976 3799 2266 3855 sententia
2314 3815 2623 3871 exposcere
2670 3800 2918 3866 videtur,
2972 3804 3270 3873 utcunque
3317 3802 3601 3872 expressi,
3651 3818 3756 3857 nec

330 3891 502 3963 longe
531 3906 623 3945 me
655 3890 727 3945 ab
760 3888 1065 3944 Athanasii
1099 3892 1295 3943 mente
1327 3888 1633 3943 aberrasse
1666 3892 1827 3960 puto.
1859 3888 2154 3958 Sequente:
2183 3888 2322 3943 duas
2348 3890 2603 3943 homilzas
2634 3903 2700 3943 ex
2732 3890 2907 3945 unico
2941 3890 3118 3962 Regio
3142 3890 3457 3961 exemplari
3482 3892 3759 3947 transcri-

334 3981 428 4053 psi
457 3998 470 4035 :
505 3979 809 4035 Athanasii
842 3995 940 4033 eas
970 3994 1099 4033 esse
1125 3994 1264 4032 sane
1296 3977 1665 4047 crediderim,
1700 3993 1888 4048 neque
1918 3977 2235 4048 quidquam
2264 3978 2451 4044 video,
2486 3994 2590 4032 cur
2621 3977 2789 4033 aliter
2818 3979 3100 4049 judicem.
3156 3981 3432 4043 Quartam
3484 3980 3647 4035 illam
3698 3981 3756 4035 in

336 4072 390 4126 S.
426 4086 689 4137 magnam
719 4072 979 4139 quintam
1015 4068 1233 4136 feriam,
1267 4083 1335 4121 ex
1364 4068 1568 4121 eodem
1612 4066 1787 4137 Regio
1818 4065 2016 4121 codice
2044 4072 2101 4122 et
2132 4068 2192 4121 Β.
2221 4066 2281 4120 Ρ,
2315 4066 2607 4122 Sirmondi
2668 4068 2983 4139 exemplari
3035 4075 3406 4140 repraeseuto.
3458 4070 3642 4125 Habet
3691 4087 3759 4125 ea

335 4161 702 4215 characteres
752 4159 875 4213 sive
924 4162 1095 4211 notas
1143 4172 1448 4226 expressas
1501 4155 1636 4227 styli
1684 4153 1962 4210 Athanasi

2157 4154 2357 4210 Photio
2390 4157 2747 4226 observatas,
2778 4156 2839 4208 τὸ
2869 4155 3152 4231 ἀπέριττον
3185 4156 3273 4209 καὶ
3304 4158 3366 4210 τὸ
3391 4154 3576 4232 δριμύ,
3611 4164 3676 4215 ut
3705 4164 3762 4215 et

340 4252 549 4322 quinta
578 4249 680 4304 illa
709 4251 769 4303 in
801 4248 855 4304 S.
890 4248 1120 4314 Pascha,
1145 4264 1273 4303 meo
1299 4248 1525 4317 judicio
1557 4246 1823 4301 omnium
1859 4245 2082 4316 optima
2113 4250 2170 4300 et
2200 4244 2659 4317 elegantissima,
2686 4264 2861 4317 quam
2894 4248 2993 4301 uni
3030 4248 3088 4301 P.
3113 4248 3424 4303 Sirmondo
3456 4250 3763 4318 debemus,

341 4340 441 4411 qui
475 4339 670 4394 Roma:
702 4338 807 4393 abs
844 4353 906 4392 se
939 4337 1293 4409 descriptam
1327 4336 1684 4407 perbenigne
1708 4350 1939 4391 mecum
1973 4334 2449 4389 communicavit.
2484 4334 2804 4389 Sabbatum
2836 4340 2935 4402 τῆς
2965 4331 3333 4406 ἀπολυσίμου,
3382 4353 3498 4406 quo
3548 4339 3619 4393 ad
3672 4354 3767 4393 re-

341 4444 478 4483 cens
528 4426 854 4498 baptizatos
902 4442 1028 4481 eam
1085 4425 1344 4481 habitam
1396 4424 1704 4496 inscriptio
1763 4427 2036 4489 testatur,
2069 4422 2367 4494 appellant
2399 4423 2602 4489 Graeci,
2638 4426 2787 4494 quod
2824 4425 3187 4480 Dominicam
3221 4424 3280 4479 in
3312 4424 3493 4491 Albis,
3529 4425 3668 4493 sive,
3703 4430 3769 4481 ut

342 4515 521 4571 iidem
553 4520 784 4582 vocant,
817 4513 1093 4589 Κυριακῆν
1125 4516 1223 4567 τοῦ
1248 4512 1581 4587 Ἀντιπάσχα
1604 4513 1969 4584 ρῐεεοοάἰῖ,ῳ

2143 4511 2398 4567 aschalis
2430 4512 2737 4581 festivitas,
2758 4518 2877 4568 toto
2900 4514 3133 4569 octiduo
3156 4513 3293 4569 olim
3318 4514 3605 4569 celebrata
3629 4511 3767 4587 (δια-

342 4605 676 4673 παινήσιμον
710 4620 837 4658 eam
873 4603 1263 4674 septimanam
1295 4605 1626 4658 Graecorum
1661 4601 1903 4657 rituales
1931 4601 2065 4655 libri
2085 4606 2314 4667 vocant,
2335 4602 2407 4656 ob
2440 4601 2725 4668 fidelium,
2745 4618 2816 4657 ne
2847 4602 3034 4668 fallor,
3057 4619 3157 4674 per
3178 4603 3551 4675 baptismatis
3574 4621 3770 4660 sacra-

346 4697 607 4749 mentum
644 4693 1120 4765 revocationem),
1152 4709 1219 4748 eo
1250 4691 1343 4746 die
1370 4692 1659 4756 finiretur,
1689 4696 1993 4762 cmtusqus
2023 4691 2172 4746 sacri
2206 4690 2590 4755 solverentur,
2624 4691 2682 4746 id
2734 4692 2889 4746 enim
2923 4689 3071 4745 λύειν
3104 4692 3223 4747 sive
3273 4690 3532 4746 ἀπολύειν
3581 4694 3760 4750 iidem

347 4786 576 4848 vocant,
630 4781 785 4836 unde
836 4786 1174 4853 postremus
1201 4780 1552 4834 solemnium
1587 4780 1867 4835 festorum
1898 4779 2023 4834 dies
2055 4777 2321 4840 ἀπόλυσις
2355 4781 2649 4851 quondam
2683 4782 3190 4852 vocabatur,quod
3230 4799 3297 4836 ex
3330 4782 3539 4839 Basilio
3578 4784 3774 4840 Seleu-

348 4871 531 4927 ciensi
563 4870 1192 4943 aliisquejampridem
1224 4872 1291 4924 V.
1324 4868 1407 4924 Cl.
1441 4872 1496 4923 et
1526 4868 1928 4923 amicissimus
1951 4868 2212 4924 Joannes
2243 4868 2533 4924 Meursius
2565 4869 2621 4923 in
2666 4870 2964 4925 Glossario
3015 4887 3121 4926 suo
3175 4872 3394 4927 docuit.
3452 4872 3529 4927 Eo
3579 4877 3773 4928 autem

349 4961 606 5017 Sabbato
628 4960 972 5016 Christianae
1004 4959 1225 5015 militias
1260 4960 1500 5031 tirones,
1536 4975 1751 5031 magno
1783 4959 2038 5015 Sabbato
2069 4958 2414 5032 baptizatos,
2451 4959 2613 5016 albas
2643 4965 2833 5017 vestes
2865 4962 3208 5033 deposuisse
3238 4963 3435 5019 notius
3467 4966 3575 5029 est,
3600 4978 3779 5035 quam

350 5056 417 5106 ut
446 5049 693 5105 indicari
726 5049 953 5105 debeat.

423 5139 618 5210 Rejeci
650 5139 888 5194 tandem
921 5138 981 5193 in
1014 5139 1189 5194 ﬁnem
1221 5138 1357 5193 duas
1386 5138 1664 5208 homilias,
1700 5153 1827 5209 quae
1860 5140 2068 5209 printer
2098 5137 2338 5193 titulum
2372 5137 2517 5193 nihil
2549 5141 2747 5212 magni
2778 5140 2941 5196 illius
2969 5140 3269 5196 Athanasii
3304 5140 3522 5195 habent
3556 5156 3568 5193 :
3599 5144 3701 5195 aut
3731 5140 3779 5197 si

356 5245 619 5301 unquam
653 5245 788 5284 eum
822 5232 1045 5300 patrem
1082 5232 1465 5301 agnoverunt,
1500 5228 1582 5282 ita
1614 5243 1769 5282 nunc
1801 5226 2163 5299 interpolata:
2196 5232 2355 5293 sunt,
2392 5233 2457 5283 ut
2488 5229 2846 5286 Athanasius
2871 5230 3018 5300 ipse,
3054 5230 3100 5285 si
3152 5246 3250 5284 cas
3298 5230 3530 5301 legeret,
3578 5246 3778 5285 earum

356 5317 759 5372 auctoritatem
794 5317 1116 5388 defugeret,
1150 5316 1209 5371 in
1243 5316 1458 5388 quibus
1490 5332 1595 5372 nec
1628 5315 1774 5385 vola,
1811 5316 1961 5388 quod
1998 5316 2183 5381 aiunt,
2217 5333 2323 5371 nec
2354 5316 2665 5389 vestigium
2701 5318 2918 5390 ingenii
2952 5316 3202 5388 stylique
3236 5315 3393 5370 illius
3423 5317 3779 5387 agnoscitur.

359 5404 522 5460 Prior
544 5408 740 5460 tamen
772 5405 887 5460 ista
915 5407 975 5459 in
1003 5420 1213 5461 caecum
1239 5414 1452 5471 natum,
1487 5406 1684 5459 minus
1719 5403 2119 5459 contaminata
2148 5411 2238 5459 est
2281 5422 2313 5459 a
2340 5404 2687 5460 rhetorculis
2721 5406 2870 5470 istis,
2903 5404 2995 5474 qui
3023 5421 3091 5458 ex
3121 5404 3358 5475 optimis
3390 5404 3490 5459 SS.
3542 5404 3782 5461 Patrum

361 5493 619 5549 bomiliis
673 5493 937 5565 dialogos
988 5495 1279 5566 pessimos
1328 5494 1498 5550 nobis
1528 5494 1992 5573 .concinnarunt.
2026 5494 2225 5548 Prodit
2251 5511 2319 5549 ea
2346 5511 2415 5549 ex
2447 5494 2626 5566 Regio
2661 5494 3083 5565 manuscripto,
3119 5494 3429 5549 emendata
3452 5498 3647 5551 tamen
3679 5495 3786 5551 ali-

359 5588 507 5654 quot
548 5582 693 5639 locis
726 5601 794 5638 ex
824 5583 883 5637 P.
908 5583 1213 5659 Sirmondi
1242 5583 1581 5655 exemplari,
1616 5584 1787 5655 cujus
1818 5600 1925 5655 ope
1956 5583 2192 5655 egregie
2223 5583 2449 5655 aliquot
2480 5584 2607 5639 loca
2636 5584 2890 5640 restitui.

432 5673 731 5729 Postrema
756 5671 859 5728 illa
890 5672 949 5727 in
982 5671 1076 5728 SS.
1113 5678 1302 5729 Patres
1348 5677 1403 5729 et
1454 5673 1833 5742 patriarchas,
1884 5673 2258 5745 ineptissime
2306 5678 2416 5739 est,
2470 5680 2526 5728 et
2570 5673 2697 5745 ipso
2745 5690 2880 5728 rure
2928 5672 3237 5729 inficetior.
3291 5674 3498 5746 Reperi
3546 5690 3675 5732 eam
3726 5674 3787 5730 in

361 5762 534 5817 unico
569 5762 742 5833 Regio
775 5761 991 5827 codice,
1012 5778 1127 5833 quo
1160 5761 1305 5817 nihil
1340 5778 1430 5817 me
1462 5763 1650 5834 magis
1682 5763 2003 5819 barbarum
2033 5763 2251 5819 vidisse
2284 5763 2545 5832 memini,
2566 5765 2709 5819 adeo
2742 5763 2905 5819 nulla
2933 5762 3363 5835 orthographia:
3394 5769 3495 5820 aut
3524 5767 3788 5819 constru-
