2060 3188
1586 15 1590 19 ”
1607 25 1611 27 .
1639 16 1714 31 ἦνπτ
1759 18 1811 27 νῆές
1865 19 1926 34 η-ζηςτ

1923 30 1947 54 ιτλ

1998 103 2005 122 9

1998 103 2005 122 θ

165 217 225 247 9η
764 211 796 240 s.
820 210 1084 241 ATHANASIUS.
1098 228 1137 234 —
1153 211 1284 244 DUBIA.
1818 216 1878 246 ou

166 282 272 311 ctionis
286 280 362 309 ratio
378 279 463 307 isthic
479 279 602 311 servata,
619 279 648 304 et
662 278 724 304 tota
737 276 816 304 vitiis
832 276 972 309 scatebat,
990 284 1117 311 quorum
1135 278 1293 307 maximam
1310 281 1424 316 partem
1440 280 1559 314 sustuli,
1575 280 1617 309 ita
1631 283 1664 309 ut
1687 281 1743 318 legi
1770 281 1878 310 intelli-

165 328 254 365 gique
273 327 335 361 jam
352 325 449 359 queat.
466 322 613 351 Potuisset
628 321 691 349 sine
706 321 814 349 scelere
829 320 936 353 omitti,
951 320 1006 348 nisi
1020 321 1188 350 doctissimi
1203 323 1258 351 viri
1275 324 1339 359 ejus
1356 324 1529 353 auctoritate
1543 326 1718 361 iampridem
1735 326 1765 354 in
1782 327 1878 354 crucis

165 381 220 400 usu
237 370 387 408 probando
404 367 622 402 asserendoque
637 366 762 393 fuissent
778 365 834 393 usi.
850 366 978 397 Quorum
997 373 1049 401 ego
1061 367 1209 401 judicium
1225 368 1413 396 vehementer
1426 369 1481 408 hac
1495 370 1524 397 in
1542 373 1622 406 parte
1637 370 1782 399 desidero.
1805 371 1878 399 Nam

164 401 290 453 qum‘de
316 413 499 450 imaginibus
524 401 581 439 sub
605 411 691 438 linem
707 410 854 446 leguntur,
872 409 1120 438 lconoclastarum
1135 414 1269 449 tempora
1282 413 1413 449 sapiunt,
1430 401 1525 450 iisque
1540 401 1694 451 impostor,
1711 415 1880 451 quicunque

164 462 284 490 demum
300 459 325 487 is
339 457 435 491 fuerit,
452 456 542 485 veluti
558 464 641 483 sorex
657 455 831 490 suojudicio
848 454 1003 483 manifeste
1019 463 1050 483 se
1066 456 1173 491 prodit.
1189 460 1262 485 Loca
1275 460 1441 493 Scriptum,
1459 468 1522 495 qua:
1539 459 1703 496 imaginum
1720 461 1787 488 usui
1811 468 1878 497 pro-

164 505 262 535 bando
287 504 460 534 al‘l‘eruntur,
484 501 644 528 admodum
670 497 868 536 ἀπροσδιόνυσα
891 501 985 527 sunt:

1048 500 1077 527 lit
1097 502 1175 529 enim
1192 502 1220 529 in
1238 503 1324 530 verbo
1338 502 1462 541 γράφειν,
1479 512 1536 540 quo
1551 505 1642 532 (ἓτωεὶ
1658 507 1686 532 et
1701 505 1878 541 scripturam

164 552 193 579 et
208 549 352 586 picturam
371 547 537 582 promiscue
552 545 730 581 signiﬁcant.
748 544 828 576 Quod
846 544 881 571 de
898 544 1044 572 Zacharize
1059 546 1203 582 sanguine
1219 548 1333 581 scribit,
1356 551 1440 576 notas
1464 549 1528 583 ejus
1552 551 1580 576 et
1598 549 1723 585 vestigia
1746 550 1776 576 in
1802 549 1880 577 saxis

165 593 350 631 apparuisse,
375 592 404 619 id
430 593 458 619 et
478 589 650 618 Tertulliani
668 589 841 616 auctoritate
856 589 1047 617 confirmatur
1063 598 1127 626 cap.
1143 592 1160 618 8
1175 592 1317 628 Scorpiaci
1331 601 1339 620 :
1356 593 1492 628 quamvis
1508 593 1538 620 Β.
1555 593 1750 630 Hieronymus
1764 594 1794 621 in
1809 602 1880 622 mu

163 639 257 668 Matth.
274 639 306 664 ut
321 637 402 672 pium
419 637 621 663 commentum
638 634 665 661 id
682 634 783 661 elevet.

198 685 280 711 Hanc
295 681 432 710 editionis
449 682 554 707 nostra:
571 679 712 707 rationem
727 678 829 714 paucis
845 679 1046 713 exponendam
1062 680 1162 716 putavi
1180 689 1186 709 :
1204 682 1232 709 et
1247 684 1328 709 certe
1343 689 1389 709 me
1405 690 1473 718 spes
1488 684 1566 710 tenet
1582 682 1674 710 bonos
1697 685 1725 710 et
1749 683 1880 711 eruditos

161 728 251 762 viros,
277 727 301 754 si
325 735 381 754 non
407 733 536 761 operam,
564 726 640 751 certe
668 725 805 751 conatum
830 725 858 750 et
873 722 1051 751 voluntatem
1069 726 1199 753 nostram
1217 727 1403 762 probaturos.
1420 726 1530 754 Caetera
1545 735 1608 763 quas
1625 727 1721 754 adhuc
1737 727 1830 755 latent
1844 727 1873 755 in

162 773 251 802 Italiae
263 774 291 799 et
301 771 447 806 Hispania:
464 768 651 796 bibliothecis
663 768 712 794 alii
729 768 852 801 dabunt,
863 767 1025 803 praesertim
1043 769 1276 798 Commenlarium
1290 772 1453 807 perpetuum
1468 772 1499 799 in
1512 772 1648 806 Psalmox,
1656 772 1733 807 quod
1750 780 1803 808 ego
1819 771 1879 808 pal-

163 817 289 845 marium
305 814 455 843 Athanasii
471 822 545 850 opus
561 812 708 840 existimo.
725 812 793 844 Qure
809 813 837 839 in
854 812 882 840 S.
898 813 1013 840 Antonii
1028 813 1086 840 Vita
1102 821 1136 841 ex
1152 815 1353 851 manuscripto
1377 815 1476 843 codice
1501 816 1737 844 reverendissimi
1763 818 1791 844 et
1817 815 1877 844 cla-

162 861 273 889 rissimi
298 860 411 887 domini
435 858 530 887 Caroli
556 858 591 885 de
605 857 763 889 Montchal,
780 856 895 885 abbatis
911 857 1009 884 Sancti
1025 858 1151 886 Amantii
1168 859 1301 895 suppleri
1317 861 1344 887 ct
1360 860 1522 895 emendavi,
1539 860 1660 888 scorsim
1677 860 1879 896 typographul

161 906 253 939 dabit,
270 907 321 932 aut
336 902 548 932 Hmscbclianis
564 902 642 930 notis
657 902 784 936 inseret;
801 901 874 929 mihi
889 901 967 929 enim
983 910 1062 929 nunc
1077 910 1178 930 eorum
1195 904 1279 940 copia
1294 912 1352 932 non
1369 907 1424 939 est,
1441 912 1494 932 nec
1519 904 1561 932 ita
1583 905 1625 932 uti
1649 905 1754 932 vellem
1778 913 1877 933 recen-

161 958 225 979 sere
250 949 327 977 licet.
356 948 432 982 Vale,
460 949 488 976 et
510 948 565 975 hoc
591 946 790 984 qualicunque
814 947 914 974 nostro
940 945 1039 974 labore
1054 946 1149 975 fruere
1166 947 1299 976 feliciter.
1316 948 1529 983 Antissiodoro,
1545 951 1716 977 cloiocxxvx.
1734 948 1876 978 Postridie

196 994 267 1022 Idus
283 993 428 1022 Octobrio.

738 1108 804 1135 ΤΟΥ
826 1109 870 1135 EN
890 1109 1005 1135 ΑΓΙΟΙΣ
1026 1108 1162 1137 ΠΑΤΡΟΣ
1182 1110 1280 1136 ΗΜΩΝ

834 1191 1202 1241 ΑΘΑΝΑΣΙΟΥ

339 1285 397 1313 ΕΙΣ
418 1283 631 1311 ΑΠΟΓΡΑΦΗΝ
652 1282 707 1319 (55)
727 1283 799 1310 ΤΗΣ
818 1284 922 1310 ΑΓΙΑΣ
944 1283 1087 1318 ΜΑΡΙΑΣ,
1108 1284 1167 1312 ΚΑΙ
1187 1284 1244 1311 ΕΙΣ
1265 1284 1336 1312 TON
1356 1286 1475 1320 ΙΩΣΗΦ,
1497 1285 1610 1313 ΛΟΓΟΣ

329 1528 368 1555 ΙΝ
384 1525 527 1555 CENSUM
547 1525 621 1553 SIVE
641 1525 926 1554 DESCRIPTIONEM
945 1525 983 1553 SA

1048 1526 1088 1553 ἈΞ
1107 1524 1234 1560 MARI/E,
1254 1526 1298 1553 ET
1313 1526 1352 1554 IN
1368 1526 1558 1561 JOSEPHUM,
1579 1526 1700 1557 SERMO.

197 1676 224 1705 1.
240 1674 497 1709 Quemadmodum
517 1673 642 1711 operarii
667 1673 799 1702 aurifera:
823 1675 906 1701 terra
929 1680 988 1700 me-

1082 1673 1109 1701 4.
1126 1674 1227 1711 Ὥσπερ
1250 1674 1276 1701 οἱ
1300 1674 1350 1709 τὴν
1375 1677 1472 1713 χρυσῖν
1499 1676 1551 1712 γῆν
1577 1674 1753 1712 μεταλλεύειν
1772 1674 1875 1714 Λαχόν-

161 1720 233 1749 talla
258 1719 422 1748 eﬂ‘odienda
447 1719 541 1753 nacti,
568 1727 633 1747 cum
659 1719 689 1746 in
713 1725 818 1746 venam
846 1717 988 1751 incidunt,

1048 1727 1090 1748 τες
1114 1716 1243 1755 ἐργάται,
1269 1718 1334 1746 ἐπὰν
1361 1719 1460 1757 εὕρωσι
1481 1718 1568 1758 φλέϐα
1592 1721 1724 1757 ψήγματα
1746 1723 1795 1747 τοῦ
1824 1723 1875 1756 ζη-

161 1764 276 1801 quaesiti
293 1763 357 1792 auri
372 1766 504 1791 ramenta
521 1763 717 1798 exhibentem,
730 1762 790 1790 illic
804 1770 922 1798 operam
938 1769 992 1797 po-

161 1811 236 1838 nunt
252 1807 419 1841 suam,illic
436 1808 588 1843 cll'odiunt,
598 1809 699 1844 utpote
713 1806 759 1835 via
772 1806 814 1833 ibi
829 1806 992 1834 adlucrum

161 1855 402 1886 commonstrato,
422 1862 479 1881 non
495 1854 572 1880 retro
585 1852 704 1884 cedunt,
728 1858 782 1879 nec
805 1853 871 1878 ante
892 1850 991 1878 sedem

162 1900 357 1931 commutant,
382 1906 471 1934 quam
488 1896 643 1933 proposita!
659 1895 701 1923 rei
715 1894 870 1923 latibulum
888 1895 993 1930 depre-

162 1943 309 1976 hendant;
327 1943 429 1970 eadem
445 1949 567 1978 prorsus
583 1940 696 1968 ratione
720 1947 774 1967 nos
800 1938 991 1966 ecclesiastici

164 1988 261 2024 operis
273 1987 490 2018 distributores,
507 1985 615 2012 Lucam
631 1983 840 2018 evangelistam
857 1991 913 2019 prae
928 1991 992 2010 ma-

162 2032 250 2060 nibus
265 2031 417 2065 habentes,
429 2031 462 2057 ut
478 2029 661 2056 Dominicum
677 2027 797 2064 virginei
813 2030 914 2064 partus
928 2028 992 2055 the-

163 2085 285 2106 saurum
300 2074 544 2110 contemplemur,
555 2082 612 2100 non
630 2075 697 2101 ante
708 2073 793 2100 finem
805 2072 992 2108 pcrquircndi

163 2122 320 2154 faciamus,
336 2127 425 2155 quam
456 2118 619 2154 propositas
642 2117 796 2153 diligenter
819 2117 992 2153 colligamus

164 2165 291 2195 divitias.
317 2164 510 2197 Quamobrem
534 2163 636 2190 ordine
661 2162 845 2198 evangelista;
870 2162 993 2198 vestigia

161 2209 381 2247 indagabimus,
393 2216 428 2236 ne
440 2207 590 2244 quidpiam
606 2207 688 2234 lucro
704 2206 837 2234 faciendo
852 2206 991 2234 idoneum

161 2256 344 2284 omittamus.
354 2252 475 2281 Etiamsi
491 2252 570 2280 enim
581 2251 670 2279 verba
680 2251 824 2288 principio
835 2250 942 2287 exigua
949 2251 991 2278 vi-

161 2301 330 2334 deantur,at
340 2306 447 2334 magna
457 2297 558 2334 gratiae
570 2295 813 2332 mysteria.Nemo
824 2303 991 2324 sermonem

158 2343 303 2378 fastidiat,
318 2342 404 2379 quasi
421 2342 500 2378 parvi
518 2341 658 2369 momenti
674 2340 831 2368 lectionem
854 2340 990 2368 audierit.

157 2389 231 2417 Nam
241 2388 266 2417 si
275 2389 423 2423 spectetur
435 2386 494 2414 nati
506 2386 622 2414 Domini
636 2384 886 2421 potestas,exigua
893 2386 921 2412 et
930 2392 990 2420 per-

157 2441 247 2470 quam
272 2432 346 2460 845
374 2431 479 2467 exigua
503 2432 573 2458 sunt
596 2438 661 2466 qua:
685 2430 772 2458 modo
804 2428 877 2457 lecta
905 2431 984 2463 sunt,

156 2478 247 2516 panni
264 2477 385 2510 scilicet,
398 2484 537 2512 priesepe,
549 2475 756 2503 incommodus
770 2473 863 2502 locus.
876 2474 910 2501 Et
925 2474 986 2502 hinc

157 2523 275 2560 quidem
292 2522 398 2558 exigua
412 2522 493 2554 sunt,
510 2528 572 2556 qum
598 2522 695 2547 autem
721 2519 750 2547 in
775 2519 855 2547 hisce
880 2527 984 2555 propo-

155 2570 268 2597 nuntur
279 2567 403 2604 mystica
415 2568 494 2599 sunt,
507 2573 612 2601 nempe
627 2567 730 2593 uterus
745 2564 984 2598 inennarrabilis,

153 2614 238 2643 sinus
254 2610 571 2648 incomprehensibilis,
593 2610 685 2638 ubera
709 2611 810 2638 sancte
843 2609 983 2643 radicata,

275 2703 420 2741 Colbert._
435 2702 448 2729 1
468 2723 487 2741 ,_
502 2701 552 2741 τῇς
579 2699 743 2741 ιξπεραγζας-
754 2699 904 2741 γενχήσειρς
916 2700 982 2741 "106

148 2735 253 2783 Κυρίου
281 2738 326 2767 καὶ
355 2739 422 2766 Θεοῦ
445 2736 490 2764 καὶ
517 2735 648 2774 Σωτῆρος
672 2735 765 2772 Ἲήμῶν
796 2735 886 2770 Ἰησοῦ
916 2735 982 2773 Χρι-

153 2785 246 2847 ﬁgo)
259 2810 302 2839 Ex
316 2818 388 2839 mss.
405 2809 475 2846 Reg.
492 2809 584 2837 Oxon.
601 2808 635 2837 Β.
646 2810 680 2836 Ρ.
698 2806 858 2841 Sirmondi,
874 2808 903 2834 et
917 2805 980 2835 Col-

151 2844 247 2918 δθῖῑξίι)
261 2880 342 2910 Golb.
359 2882 386 2916 1,
402 2882 469 2917 post
491 2879 605 2916 τρόπον,
622 2879 711 2909 habet
726 2877 771 2914 δή.
789 2878 900 2908 Ibidem
916 2877 981 2914 qui-

1045 1761 1180 1797 τουμὲνου
1203 1760 1428 1801 προϐάλλουσαν,
1444 1763 1499 1791 ἐκεῖ
1523 1762 1717 1800 σχολάζουσιν,
1737 1763 1792 1791 ἐκεῖ
1806 1774 1874 1802 παρ-

1047 1806 1217 1843 ορύττουσιν,
1241 1807 1279 1838 ὡς
1304 1805 1400 1844 ὁδηγῷ
1425 1809 1473 1834 τοῦ
1500 1806 1624 1844 κέρδους
1654 1807 1699 1835 καὶ
1715 1807 1746 1835 οὐ
1760 1806 1873 1835 κατόπιν
1912 1823 1918 1829 -

1047 1848 1182 1885 ὁδεύουσι,
1208 1851 1245 1887 μή
1268 1850 1400 1889 πρότερον
1422 1851 1467 1878 τὸν
1491 1851 1574 1878 τόπον
1602 1849 1762 1887 ἀμείϐοντες
1778 1873 1785 1885 ,
1819 1850 1871 1879 ἕως

1047 1894 1078 1922 οὗ
1093 1894 1138 1922 τὸν
1153 1894 1259 1934 φωλεὸν
1285 1897 1333 1922 τοῦ
1357 1895 1537 1934 προκειμένου
1561 1893 1745 1923 καταλάϐωσι·
1760 1896 1805 1923 τὸν
1823 1896 1871 1922 αὖ-

1046 1939 1091 1966 τὸν
1121 1939 1221 1977 τρόπον
1250 1941 1305 1976 (57)
1331 1941 1375 1967 καὶ
1405 1941 1487 1976 ἡμεῖς
1517 1941 1543 1968 οἱ
1569 1943 1617 1973 τῆς
1644 1939 1872 1975 ἐκκλησιαπικῆς

1047 1983 1172 2021 ἐργασίας
1197 1983 1357 2021 ἐργοδόται,
1383 1984 1428 2012 τὸν
1454 1984 1648 2022 εὐαγγελιστὴν
1674 1987 1777 2011 Λουκᾶν
1806 1985 1874 2021 μετὰ

1047 2031 1141 2066 χεῖρας
1159 2026 1278 2066 ἔχοντες,
1294 2029 1362 2065 πρὸς
1387 2029 1550 2064 κατανόησιν
1576 2031 1623 2056 τοῦ
1649 2028 1810 2056 δεσποτικοῦ
1824 2030 1875 2065 τῆς

1047 2073 1076 2099 ἐκ
1103 2074 1239 2111 Παρθένου
1278 2073 1454 2109 ἀποκυήσεως
1493 2076 1627 2111 Θησαυροῦ
1644 2097 1650 2109 ,
1680 2073 1711 2100 οὗ
1740 2073 1872 2112 πρότερον

1046 2117 1095 2151 τῆς
1126 2117 1235 2156 ἐρεύνης
1263 2118 1446 2154 παυσώμεθα,
1474 2116 1527 2149 ἕως
1557 2117 1588 2145 οὗ
1617 2117 1663 2146 τὸν
1693 2118 1874 2156 προκείμενον

1046 2162 1165 2190 πλοῦτον
1187 2163 1307 2200 γνησίως
1331 2163 1532 2199 ἀναλεξώμεθα.
1559 2164 1608 2190 Διὰ
1633 2165 1713 2190 τοῦτο
1740 2162 1785 2190 καιὶ
1810 2162 1877 2190 κατὰ

1045 2207 1118 2242 τάξιν
1141 2206 1187 2234 τὸν
1213 2206 1409 2245 εὐαγγελιστήν
1435 2206 1630 2245 ἀνιχνεύσομεν
1646 2208 1712 2244 (58),
1726 2205 1771 2234 ’ίνα
1788 2205 1873 2243 μηδὲν

1046 2251 1099 2278 τῶν
1123 2250 1270 2289 ἐπικερδῶν
1295 2250 1514 2287 καταλείπωμεν.
1539 2251 1570 2278 Εἰ
1595 2252 1645 2289 γὰρ
1670 2251 1714 2278 καὶ
1742 2252 1826 2288 μικρὰ
1849 2251 1875 2279 ἐν

1046 2295 1205 2333 προοιμίοις
1221 2296 1254 2322 τὰ
1270 2295 1389 2333 ῥήματα,
1407 2295 1470 2323 ἀλλ’
1495 2295 1571 2332 ὅμως
1598 2295 1705 2333 μεγάλα
1719 2297 1770 2328 τῆς
1785 2299 1874 2334 χαρᾶς

1046 2341 1079 2367 τὲ
1096 2341 1344 2377 μυσταγωγήματα.
1371 2339 1419 2367 Καὶ
1448 2339 1543 2376 μηδεὶς
1569 2339 1703 2377 ἀκηδιάσῃ
1728 2342 1768 2376 τῷ
1785 2340 1872 2378 λόγῳ,

1049 2384 1132 2421 μικρά
1154 2384 1187 2411 τὰ
1210 2384 1470 2422 παραναγνωσθέντα
1487 2385 1522 2420 τῇ
1545 2384 1614 2421 ἀκοῇ
1637 2383 1782 2421 δεξάμενος
1805 2385 1872 2421 (59).

1041 2431 1084 2461 Ὡς
1099 2430 1149 2467 γὰρ
1165 2429 1233 2467 πρὸς
1249 2430 1297 2464 τὴν
1319 2428 1435 2466 δύναμιν
1461 2431 1509 2457 τοῦ
1534 2428 1709 2467 γεννηθέντος
1734 2426 1872 2457 Δεσπὸτου

1042 2475 1126 2511 μικρά
1140 2474 1184 2502 καὶ
1201 2473 1304 2512 σφόδρα
1331 2474 1415 2511 μικρὰ
1438 2474 1472 2501 τὰ
1495 2474 1763 2511 παραναγνωσοέντα,
1787 2473 1872 2511 σπάρ-

1040 2530 1118 2557 γανα,
1133 2519 1178 2546 καὶ
1201 2519 1299 2558 φάτνῃ,
1315 2517 1360 2546 καί
1384 2518 1469 2549 τόπος
1496 2516 1696 2552 ἀνεπιτήδειος.
1713 2517 1763 2545 Καὶ
1787 2519 1874 2546 ταῦτα

1042 2564 1089 2600 μὲν
1108 2564 1201 2601 μικρὰ,
1217 2564 1250 2591 τὰ
1272 2561 1302 2591 δὲ
1326 2562 1494 2601 προκείμενα
1519 2562 1645 2599 μυπικὰ’
1668 2563 1773 2600 γαστὴρ
1789 2563 1870 2600 ἀνερ-

1042 2610 1184 2646 μήνευτος,
1211 2607 1316 2638 κόλπος
1344 2606 1537 2642 ἆκατάληπτος
1562 2607 1629 2643 (60),
1647 2606 1732 2644 μαζὸς
1757 2604 1869 2645 ἀγιὸριο

1038 2699 1107 2728 dam
1123 2706 1195 2726 mss.
1212 2697 1249 2727 ὡς
1264 2697 1313 2729 τῆς
1330 2696 1387 2724 tax.

1084 2734 1131 2779 ἐξ)
1145 2734 1227 2779 ξριιι-
1244 2734 1270 2779 ιι
1285 2733 1316 2779 κέ
1331 2731 1536 2779 ἀνιχνειέσειμεν·

1083 2767 1128 2806 59)
1143 2769 1224 2806 Coll).
1250 2770 1287 2806 1,7
1299 2770 1337 2806 2,_
1353 2767 1581 2806 προσδεξάμενος.
1601 2769 1715 2806 Ibidem
1735 2769 1805 2798 edit.
1822 2767 1869 2801 Ὦς

1035 2804 1132 2843 γὰργτὸ
1147 2804 1225 2843 προς,
1242 2805 1291 2843 sed
1307 2804 1338 2843 τό
1354 2804 1437 2843 deest
1452 2805 1481 2834 in
1491 2804 1606 2843 βαιὴ]
1616 2806 1666 2843 ,2.

1070 2840 1128 2879 (60)
1143 2840 1222 2879 Golb.
1241 2842 1266 2877 1,
1282 2840 1362 2879 rgian
1387 2840 1463 2870 ἆκατ.
1492 2842 1557 2870 Mox
1582 2841 1708 2870 Colbert.
1736 2840 1762 2874 l,
1780 2840 1867 2877 μαζὸς

1036 2875 1139 2915 ἅρὶζοξ.
1156 2877 1237 2907 Colb.
1252 2875 1279 2911 2,
1296 2876 1415 2915 ἆρῥιζος.

1890 3149 1923 3161 2:“.
