4120 6410
444 407 564 468 945

1429 402 1696 464 SERMO
1744 402 1844 461 DE
1891 398 2458 460 DESCRIPTIONE
2508 398 2891 456 DElPAll/E.

3744 398 3863 457 946

449 544 561 607 ζος,
594 533 739 612 γάλα
769 534 1068 612 ξενορῥυὲς,
1103 533 1248 605 θήλη
1289 537 1388 604 τῆς
1424 539 1654 611 φυσικῆς
1700 538 1875 605 νομῆς
1926 526 2068 585 ἀλλο

2212 530 2301 586 lac
2332 529 2567 585 insolito
2599 530 2789 585 ﬂuens
2818 527 3014 595 modo,
3048 526 3313 583 mamilla
3344 545 3377 584 a
3420 526 3674 583 naturali
3702 528 3861 584 ordi-

441 631 586 702 τρία,
618 627 653 695 ἠ
706 627 907 701 Μήτηρ
952 628 1055 679 τοῦ
1104 622 1304 700 Κυρίου
1354 622 1730 699 ὲναπόγραφος
1781 624 1890 693 (61)
1939 640 2096 694 γενο-

447 714 605 788 μὲνη,
637 715 667 770 6
702 715 951 790 μνηστήρ
986 715 1187 788 Ἰωσὴφ
1249 712 1541 787 ὀνόματος,
1574 711 1663 766 καὶ
1724 709 1783 765 ού
1840 708 2095 784 πράγμα-

438 825 531 865 τος
559 803 844 858 κοινωνίαν
879 802 1271 875 ἀσπαζόμενος.

510 896 565 949 2.
596 895 824 955 ’Ήκουες
857 891 1055 968 ἀρτίως
1076 896 1170 947 τοῦ
1194 891 1574 968 εὐαγγελιστοῦ
1599 894 1781 945 Λουκᾶ
1810 886 2091 963 λὲγοντος·

444 1005 470 1037 ι
533 983 619 1039 Ἐν
678 987 797 1043 ταῖς
854 980 1088 1058 ἡμέραις
1146 979 1370 1043 ἐκείναις
1441 979 1634 1050 ἐξῆλθε
1709 976 1885 1052 δόγμα
1950 977 2096 1051 παρὰ

440 1070 701 1146 Καίσαρος
749 1069 1086 1145 Αὐγούστου,
1152 1069 1551 1147 ἀπογράφεσθαι
1622 1070 1793 1122 πᾶσαν
1853 1067 1951 1134 τήν
2012 1065 2093 1119 οἷ-

437 1160 732 1232 κουμὲνην.
764 1158 911 1229 Αὕτη
952 1159 987 1229 ἠ
1040 1159 1327 1236 ἀπογραφὴ
1384 1158 1573 1233 πρώτη
1618 1156 1847 1231 ἐγένετο,
1880 1156 2092 1229 ἠγεμο-

436 1250 682 1310 νεύοντος
713 1255 815 1317 τῆς
846 1246 1046 1323 Συρίας
1099 1246 1393 1322 Κυρηνίου.
1428 1246 1526 1301 Καὶ
1586 1244 1906 1321 ἐπορεύοντο
1956 1240 2091 1296 πάν·-

437 1358 524 1399 τες
584 1337 1011 1414 ἀπογράφεσθαι,
1058 1332 1281 1397 ἕκαστος
1343 1334 1417 1395 εἷς
1485 1336 1582 1402 τῆν
1659 1334 1848 1388 ἑαυτοῦ
1904 1331 2090 1386 πόλιν.

440 1425 742 1501 Ἐπορεύθη
793 1423 851 1480 δὲ
892 1426 981 1480 καὶ
1014 1426 1215 1501 Ἰωσὴφ
1275 1423 1334 1478 ἐκ
1389 1423 1490 1489 τῆς
1544 1420 1838 1477 Γαλιλαίας
1887 1420 1946 1475 ἐκ
1986 1416 2092 1474 πό·-

442 1514 582 1576 λεως
640 1515 913 1590 Ναζαρὲθ,
976 1514 1052 1576 εἷς
1108 1516 1205 1582 τὴν
1268 1510 1527 1570 Ἰουδαίαν
1583 1515 1737 1585 (62),
1799 1510 1873 1572 εἰς
1931 1508 2093 1564 πόλιν

439 1598 627 1674 Δαϐὶδ,
659 1602 780 1671 ἥτις
810 1602 1053 1658 καλεῖται
1084 1602 1357 1675 Βηθλεὲμ,
1392 1600 1479 1656 διὰ
1525 1603 1588 1656 τὸ
1640 1601 1773 1655 εἶναι
1832 1599 1987 1654 αύτὸν
2040 1598 2088 1671 ἐξ

437 1688 592 1745 οἷ’κου
620 1692 709 1745 καὶ
754 1698 985 1764 πατριᾶς
1035 1687 1225 1759 Δαϐὶδ,
1259 1692 1662 1766 ἀπογράφεσθαι
1713 1689 1804 1743 σὺν
1863 1689 2092 1762 Μαριὰμ

432 1783 502 1852 τῇ
557 1781 1005 1853 μεμνηπευμένῃ
1052 1779 1198 1850 αὐτῷ
1245 1780 1475 1855 γυναικὶ,
1525 1776 1656 1850 οὔσῃ
1704 1777 1899 1853 ἐγκύῳ.
1934 1802 1962 1829 ››
1997 1777 2087 1833 Εἴ-

436 1865 522 1929 δες
551 1872 668 1929 πῶς
707 1869 872 1941 μικρὰ
897 1870 964 1922 τὰ
1016 1867 1256 1943 ῥήματα,
1290 1867 1381 1922 καὶ
1436 1868 1645 1943 μεγάλα
1689 1868 1757 1921 τὰ
1810 1888 2090 1940 μυσταγω-

435 1959 697 2032 γήματα;
757 1958 818 2014 Ὀ
869 1957 1070 2033 Κύριος
1116 1956 1487 2034 ἐκυοφορεῖτο,
1538 1960 1629 2010 καί
1688 1957 1879 2032 πρώτη
1949 1956 2089 2011 ἀπο-

441 2047 622 2124 γραφή
657 2045 1026 2119 ἐνομοθετεῖτο
1070 2047 1098 2100 ὁ
1130 2052 1299 2101 πᾶσαν
1347 2047 1445 2114 τὴν
1495 2045 1665 2100 κτίσιν
1716 2044 2084 2123 ἐναπόγραφον

440 2133 607 2210 ἔχων,
638 2135 728 2190 καί
784 2136 923 2211 πρὸς
976 2135 1104 2197 τοὺς
1163 2137 1352 2190 ἑαυτοῦ
1388 2135 1630 2209 μαθητὰς
1662 2137 1854 2212 φήσας·
1891 2158 1919 2186 ‹‹
1951 2134 2085 2189 Χαί-

440 2244 557 2299 ρετε
612 2225 701 2280 καὶ
758 2222 1112 2300 ἀγαλλιᾶσθε,
1145 2223 1227 2280 δτι
1286 2226 1351 2279 τὰ
1406 2224 1643 2299 ὀνόματα
1692 2224 1844 2296 ὑμῶν
1877 2224 2080 2302 ἐγράφη

435 2313 487 2367 ἐν
517 2319 635 2376 τοῖς
667 2314 913 2390 οὐρανοῖς
947 2317 1079 2388 (63).
1118 2337 1146 2366 ››
1179 2316 1267 2371 Ἐν
1310 2320 1427 2376 τοῖς
1490 2319 1706 2389 μικροῖς
1756 2315 2083 2386 Ῥωμαϊκοῖς

432 2400 621 2475 κώδιξι
676 2404 776 2471 τήν
846 2404 1034 2457 ἑαυτοῦ
1113 2405 1321 2477 μητέρα
1395 2403 1767 2480 ἐναπόγραφον
1840 2404 2081 2476 γενέσθαι

430 2492 751 2565 συνεχώρει.
811 2491 906 2552 Τίς
960 2494 1036 2563 μὴ
1098 2489 1488 2565 λαλήσῃ;Τίς
1545 2493 1619 2564 μή
1680 2493 1927 2566 θαυμάσῃ
1978 2494 2076 2562 τὴν

430 2583 526 2632 τοῦ
557 2579 759 2649 Κυρίου
791 2574 1180 2654 συγκατάϐησιν
1211 2599 1224 2649 ;
1257 2586 1406 2634 ’Ἃνω
1448 2578 1753 2655 ἐλεύθερος,
1785 2581 1875 2635 καὶ
1931 2583 2079 2636 κάτω

432 2666 822 2745 ἐναπόγραφος·
858 2666 969 2722 ἄνω
1012 2669 1157 2739 Υἱὸς,
1190 2668 1278 2722 καὶ
1329 2668 1475 2722 κάτω
1520 2665 1737 2731 δοῦλος·
1773 2667 1884 2723 ἅνω
1935 2671 2081 2745 βασι-

430 2752 577 2822 λεὺς,
609 2756 697 2809 καὶ
730 2757 875 2810 κάτω
910 2756 1202 2829 μισθωτός·
1237 2754 1347 2811 ἅνω
1378 2755 1662 2829 πλούσιος,
1695 2758 1783 2812 καὶ
1813 2757 1959 2812 κάτω
2005 2758 2080 2813 ἐν·

430 2840 576 2912 διής·
612 2840 722 2898 ἄνω
754 2844 1247 2919 προσκυνούμενος,
1280 2845 1368 2900 καὶ
1399 2847 1544 2900 κάτω
1576 2846 2073 2924 φορολογούμενος·

427 2930 538 2985 ἄνω
571 2932 746 2996 θεϊκὸς
780 2933 992 3004 θρόνος,
1014 2932 1103 2988 καὶ
1132 2932 1279 2987 κάτω
1303 2935 1612 3008 ἀγροικικὸν
1649 2935 1939 3005 σπήλαιον·
1965 2937 2075 2990 ἄνω

428 3021 456 3074 ὁ
487 3025 738 3096 πατρῷος
766 3021 856 3076 καὶ
887 3020 1270 3092 ἀκατάληπτος
1303 3023 1530 3091 κόλπος,
1564 3025 1648 3077 καὶ
1680 3026 1828 3078 κάτω
1873 3026 2077 3099 ἄλογο-

424 3116 673 3187 τροφεῐον
712 3112 926 3184 μικρὸν,
946 3111 1035 3166 καὶ
1068 3113 1285 3189 φάτνιον
1318 3113 1452 3183 (64).
1474 3112 1571 3174 Τίς
1601 3114 1677 3185 μὴ
1712 3105 1960 3185 θαυμάσῃ
1988 3135 2078 3185 με·

424 3196 564 3273 γάλα
622 3197 730 3253 ἄνω
788 3199 1105 3276 πράγματα,
1139 3200 1226 3255 καὶ
1290 3201 1457 3277 μικρὰ
1495 3198 1641 3256 κάτω
1672 3204 1948 3278 σπάργανα
1974 3223 1985 3271 ;
2016 3205 2075 3260 Ὀ

2206 636 2277 675 ne
2308 619 2520 687 aliena,
2556 619 2743 674 Mater
2771 618 3003 673 Domini
3053 634 3231 673 censu
3283 618 3596 689 descripta,
3642 617 3861 690 Joseph

2204 726 2460 781 sponsus
2491 709 2749 776 nomine,
2782 724 2886 763 nec
2918 724 2980 763 re
3014 707 3305 763 consortio
3338 707 3573 763 fruitur.

2274 889 2329 943 2.
2360 886 2588 943 Audisti
2622 887 2794 942 modo
2823 887 3037 943 Lucam
3065 886 3489 959 evangelistam
3521 886 3809 943 dicentem
3842 904 3855 943 :

2205 1000 2233 1028 «
2268 982 2331 1032 In
2362 977 2572 1033 diebus
2602 975 2719 1032 illis
2753 992 2765 1031 :
2799 977 2936 1032 exiit
2981 977 3234 1033 edictum
3261 995 3295 1032 a
3318 977 3542 1033 Caesare
3570 979 3857 1049 Augusto,

2208 1071 2270 1122 ut
2298 1066 2726 1122 describeretur
2774 1066 3087 1122 universus
3134 1066 3314 1121 orbis.
3366 1066 3499 1121 Haec
3545 1066 3859 1138 descriptio

2203 1156 2396 1228 prima
2439 1157 2591 1211 facta
2647 1159 2736 1211 est
2784 1157 2894 1211 sub
2945 1155 3191 1227 praeside
3244 1154 3418 1228 Syriae
3468 1155 3730 1227 Cyrenio.
3789 1157 3859 1211 Et

2203 1246 2367 1300 ibant
2395 1262 2601 1300 omnes
2630 1248 2694 1300 ut
2726 1245 3158 1316 profiterentur,
3183 1244 3402 1316 singuli
3425 1245 3483 1299 in
3514 1261 3685 1300 suam
3717 1244 3855 1300 civi—

2202 1338 2403 1389 tatem.
2439 1334 2739 1390 Profectus
2769 1338 2858 1389 est
2890 1339 3085 1388 autem
3119 1338 3176 1388 et
3204 1333 3423 1406 Joseph
3456 1351 3490 1390 a
3522 1333 3757 1390 Galilaea
3786 1334 3858 1390 de

2202 1423 2431 1479 civitate
2453 1424 2730 1480 Nazareth
2751 1424 2808 1477 in
2828 1422 3116 1488 Judwam,
3132 1422 3190 1477 in
3215 1422 3507 1479 civitatem
3532 1423 3708 1478 David
3730 1440 3856 1493 quis

2202 1520 2440 1567 vocatur
2465 1511 2785 1578 Bethleem,
2816 1529 2883 1567 eo
2928 1512 3084 1583 quod
3130 1514 3286 1567 esset
3332 1512 3402 1567 de
3451 1512 3625 1567 domo
3674 1517 3728 1567 et
3773 1513 3857 1568 fa-

2203 1601 2366 1656 milia
2392 1601 2596 1669 David,
2628 1605 2693 1656 ut
2723 1602 3099 1673 profiteretur
3124 1618 3257 1655 cum
3290 1601 3472 1656 Maria
3502 1603 3861 1673 desponsata

2203 1691 2315 1745 sibi
2351 1707 2527 1746 uxore
2576 1696 2916 1762 praegnante
2946 1692 3010 1744 5°.
3067 1712 3087 1739 ι
3142 1689 3372 1756 Viden’,
3424 1707 3601 1762 quam
3651 1690 3861 1761 exigua

2199 1780 2395 1845 verba,
2430 1796 2606 1852 quam
2662 1796 2878 1851 magna
2928 1778 3207 1851 mysteria
3229 1779 3257 1833 ‘2
3286 1780 3563 1836 Dominus
3602 1779 3661 1834 in
3693 1784 3857 1835 utero

2200 1872 2487 1940 gestatur,
2520 1873 2577 1924 et
2608 1869 2801 1942 prima
2830 1868 3151 1940 descriptio
3183 1867 3447 1925 edicitur.
3484 1868 3594 1932 Qui
3628 1869 3859 1924 univer-

2201 1973 2327 2013 sam
2360 1960 2687 2012 creaturam
2721 1956 3079 2027 descriptam
3103 1955 3528 2028 habet,quique
3552 1954 3858 2026 discipulis

2197 2046 2344 2114 suis,
2378 2045 2459 2101 ait
2492 2062 2505 2099 :
2544 2068 2571 2096 «
2597 2047 2854 2101 Gaudete
2885 2051 2943 2101 et
2972 2044 3280 2113 exsultate,
3315 2045 3454 2115 quia
3486 2044 3726 2100 nomina
3755 2061 3855 2099 ve-

2196 2140 2320 2191 stra
2348 2135 2563 2206 scripta
2594 2139 2733 2190 sunt
2773 2134 2833 2189 in
2884 2134 3045 2190 ccelis
3094 2135 3162 2204 δι,
3195 2157 3225 2185 ››
3276 2134 3333 2190 in
3384 2134 3580 2206 parvis
3630 2132 3853 2188 Latinis

2194 2224 2493 2280 codicibus
2540 2224 2785 2279 Matrem
2835 2241 3004 2280 suam
3064 2224 3313 2280 describi
3366 2222 3673 2280 concessit.
3708 2222 3849 2287 Quis

2193 2329 2309 2369 non
2343 2312 2662 2385 loquatur?
2693 2312 2832 2378 Quis
2864 2330 2979 2369 non
3012 2312 3263 2368 miretur
3294 2312 3579 2367 humilem
3616 2310 3845 2366 Domini

2190 2402 2779 2472 attemperatiunem?
2817 2402 3066 2457 Sursum
3117 2402 3283 2470 liber,
3341 2402 3615 2457 deorsum
3664 2416 3843 2455 censu

2188 2491 2519 2562 descriptus
2552 2507 2566 2548 :
2594 2509 2832 2547 sursum
2866 2490 3067 2560 Filius,
3101 2493 3375 2548 deorsum
3415 2506 3619 2547 servus
3653 2506 3665 2544 :
3708 2506 3838 2544 sur-

2188 2596 2322 2636 sum
2381 2597 2499 2648 rex,
2556 2581 2826 2637 deorsum
2882 2582 3326 2636 mercenarius:
3381 2596 3621 2636 sursum
3656 2578 3839 2647 dives,

2188 2670 2463 2724 deorsum
2495 2686 2714 2741 egenus
2740 2687 2751 2725 :
2774 2688 3012 2726 sursum
3047 2670 3623 2740 adoratur,deorsum
3654 2668 3841 2723 tribu-

2185 2762 2313 2814 tum
2350 2759 2566 2815 solvit:
2624 2777 2863 2817 sursum
2924 2760 3157 2817 divinus
3209 2762 3499 2828 Athonus,
3553 2761 3830 2815 deorsum

2185 2848 2467 2919 spelunca
2505 2850 2722 2904 rustica
2774 2867 2786 2905 :
2838 2867 3076 2905 sursum
3112 2854 3390 2921 paternus
3421 2854 3479 2905 et
3510 2848 3848 2919 incompre-

2184 2936 2493 2993 hensibilis
2523 2937 2996 3005 sinus,deorsum
3022 2938 3323 2993 stabulum
3350 2954 3596 3010 parvum
3623 2941 3680 2992 et
3700 2953 3848 3008 pran-

2187 3044 2343 3099 sepe.
2364 3028 2506 3091 Quis
2529 3045 2643 3082 non
2678 3027 2991 3083 mirabitur
3024 3044 3267 3099 magnas
3298 3044 3539 3083 sursum
3571 3029 3750 3096 res,et
3769 3024 3849 3079 vi-

2186 3116 2275 3171 les
2294 3117 2571 3172 deorsum
2596 3119 2861 3188 pannos?
2883 3116 2990 3179 Qui
3014 3116 3203 3186 solvit,
3227 3115 3444 3189 ligatur
3468 3132 3479 3170 :
3514 3115 3612 3187 qui
3641 3112 3848 3179 nutrit,

2185 3206 2480 3260 enutritur
2516 3222 2529 3260 :
2563 3204 3200 3277 incomprehensibilis,
3236 3221 3382 3277 puer
3415 3208 3698 3276 apparet:
3744 3201 3848 3273 qui

425 3284 569 3362 λύων
605 3285 834 3344 ἐδέδετο·
870 3289 898 3343 ὁ
928 3288 1137 3367 τρέφων
1171 3276 1441 3367 ἐτρέφετο·
1476 3290 1504 3344 ὁ
1541 3276 1924 3360 ἀκατάληπτος
1950 3314 2075 3347 παι-

2192 3293 2379 3349 fontes
2410 3294 2693 3350 scaturire
2726 3276 2881 3361 l'acit,
2916 3294 3098 3349 ubera
3130 3276 3436 3349 mutuatur
3470 3311 3483 3349 :
3518 3292 3616 3364 qui
3652 3290 3850 3347 omnia

424 3372 537 3431 δίον
560 3376 829 3452 ἐφαίνετο·
855 3379 883 3432 ὁ
912 3379 1091 3455 πηγὰς
1126 3378 1382 3434 ἀπολύων
1420 3382 1530 3452 (65)
1564 3381 1729 3452 μαζὸν
1756 3378 2071 3451 ἐδανείζετο·

421 3466 449 3521 6
481 3464 654 3522 πάντα
708 3466 907 3545 φέρων,
959 3467 1372 3544 ἀνερμηνεύτως
1434 3467 1672 3547 ἐφέρετο·
1727 3470 1754 3524 ὁ
1815 3467 2074 3543 μηδαμοῦ

418 3553 944 3629 ἀπολιμπανόμενος
990 3555 1043 3611 ἐν
1089 3558 1239 3633 μέρει
1282 3557 1698 3634 ἀπεριγράπτως
1741 3559 2072 3637 περιγραφό-

421 3664 597 3716 μενος.
628 3652 690 3699 Ὠ
733 3650 840 3700 τῶν
891 3642 1210 3722 παραδόξων
1270 3647 1604 3721 πραγμάτων
1634 3648 1646 3703 l
1676 3650 1734 3703 ‘ll
1787 3643 2072 3704 Ἐλισάϐετ

417 3729 469 3789 ἒν
504 3732 731 3808 οἰκίσκῳ
762 3732 974 3812 φαιδρῷ
1007 3734 1303 3808 ἆπεκύησε,
1336 3736 1426 3791 καὶ
1478 3737 1511 3805 ἡ
1564 3735 1836 3812 ΙΙαρθὲνος
1862 3736 1943 3796 ,ἐν
1994 3742 2072 3810 τῷ

420 3827 601 3896 μικρῷ
658 3821 920 3896 σπηλαίῳ
978 3822 1255 3901 ἐγέννησεν
1292 3844 1306 3859 ·
1368 3824 1626 3894 Ἰωάννης
1704 3824 1791 3880 ἐπὶ
1853 3824 2069 3896 κλίνης,

416 3912 507 3966 καὶ
535 3912 563 3965 ὁ
591 3910 790 3989 Κύριος
820 3912 871 3967 ἐν
904 3910 1094 3991 φάτνῃ.
1130 3912 1252 3989 Οὐχ
1293 3911 1484 3976 ἁπλῶς
1533 3915 1567 3984 ἡ
1617 3919 1715 3969 τοῦ
1765 3914 1968 3988 Κυρίου
2012 3913 2071 3969 ἐκ

417 4001 691 4074 Παρθένου
750 4002 1015 4076 γέννησις·
1051 4001 1160 4077 οὐχ
1208 4001 1399 4065 ἁπλῶς
1457 4004 1526 4057 τὰ
1576 4008 1693 4066 τοῖς
1747 4004 2068 4079 σπαργάνοις

414 4088 573 4144 αὐτὸν
631 4087 1045 4161 κατειληθῆναι·
1080 4090 1186 4167 οὐχ
1244 4090 1436 4152 ἁπλῶς
1492 4092 1556 4146 τὸ
1610 4092 1775 4164 μαζὸν
1824 4090 2065 4147 ἐλκῦσαι·

415 4178 524 4254 οὐχ
553 4177 746 4242 ἁπλῶς
774 4180 838 4235 τὸ
866 4178 916 4235 ἰν
961 4178 1132 4258 φάντῃ
1166 4178 1522 4250 ἀνακλιθῆναι
1551 4183 1691 4254 (66)·
1728 4180 1833 4254 οὐχ
1877 4179 2068 4242 ἁπλῶς

412 4268 475 4323 τὸ
503 4271 572 4333 τῆ
603 4272 700 4324 τοῦ
732 4268 1046 4345 Αὐγούστου
1078 4270 1371 4347 ἀπογράφῇ
1422 4268 1862 4343 προσκληθῆναι·
1896 4269 2068 4324 πάντα

414 4354 504 4412 διὰ
530 4358 606 4428 τί,
639 4358 731 4413 καὶ
786 4359 921 4434 πρὸς
964 4358 1042 4429 τὶ,
1071 4359 1161 4414 καὶ
1210 4355 1615 4434 αἰνιγματώδη.
1652 4359 1746 4415 Ἐκ
1793 4360 2066 4435 Παρθένου

410 4445 666 4520 τίκτεται,
695 4444 788 4503 ⁸ίνα
814 4448 905 4503 τὸν
967 4448 1025 4503 ἐκ
1080 4449 1357 4525 Παρθένου
1414 4456 1518 4524 γῆς
1578 4447 2067 4524 χοοπλαστηθὲντα

411 4536 841 4611 πρωτόπλαστον
882 4534 1061 4611 Ἀδὰμ
1108 4535 1496 4613 διορθώσηται.
1550 4538 1884 4614 Σπαργάνοις
1936 4559 2063 4593 κατ-

2186 3386 2397 3454 gestat,
2434 3382 2828 3455 inexplicabili
2861 3383 3035 3438 modo
3062 3387 3328 3455 gestetur
3359 3398 3372 3437 :
3408 3381 3507 3454 qui
3549 3397 3845 3452 nusquam

2186 3487 2301 3527 non
2334 3470 2511 3537 est,in
2542 3474 2697 3526 certo
2720 3470 2846 3526 loco
2878 3471 3388 3543 incircumscripte
3413 3469 3843 3527 circumscribi-

2183 3564 2298 3615 tur.
2322 3560 2365 3615 Ο
2396 3576 2489 3615 res
2519 3561 2841 3632 stupendae
2867 3560 2878 3615 ι
2915 3560 3173 3617 Elisabet
3201 3560 3260 3615 in
3291 3560 3577 3616 concinna
3594 3558 3839 3615 aedicula

2184 3648 2357 3720 parit,
2389 3651 2446 3705 et
2473 3648 2648 3721 Virgo
2698 3649 2755 3703 in
2797 3666 2977 3721 parva
3006 3650 3198 3722 gignit
3222 3649 3504 3721 spelunca
3538 3667 3550 3704 :
3582 3648 3840 3705 Joannes

2181 3739 2239 3792 in
2270 3737 2442 3807 lecto,
2470 3737 2755 3794 Dominus
2786 3738 2845 3794 in
2876 3739 3181 3812 praesepio.
3214 3740 3338 3796 Non
3373 3740 3501 3795 sine
3530 3756 3704 3795 causa
3726 3738 3839 3793 Do-

2182 3826 2380 3883 minus
2409 3844 2479 3884 ex
2511 3827 2748 3900 Virgine
2779 3833 2952 3884 natus
2978 3846 2989 3883 :
3015 3846 3132 3884 non
3159 3828 3286 3885 sine
3314 3846 3492 3885 causa
3522 3828 3732 3900 pannis
3753 3827 3839 3883 in-

2179 3918 2412 3973 velutus
2442 3921 2532 3973 est
2562 3934 2576 3973 :
2612 3934 2718 3973 nec
2745 3917 2872 3973 sine
2900 3934 3074 3974 causa
3104 3918 3431 3974 mamillam
3463 3917 3621 3974 suxit
3652 3934 3666 3973 :
3718 3933 3838 3974 non

2180 4005 2307 4060 sine
2365 4022 2539 4061 causa
2584 4006 2645 4061 in
2691 4006 2974 4078 praesepio
3026 4006 3345 4063 reclinatus
3397 4011 3532 4063 est:
3576 4023 3681 4062 nec
3710 4005 3840 4061 sine

2178 4110 2358 4149 causa
2386 4094 2639 4165 Augusti
2684 4095 3076 4167 descriptione
3117 4096 3339 4151 accitus
3382 4100 3508 4161 est;
3542 4094 3742 4150 omnia
3770 4112 3841 4151 ex

2177 4185 2334 4237 certa
2363 4199 2543 4237 causa
2566 4187 2623 4237 et
2649 4182 2897 4250 ratione,
2921 4183 3030 4239 etsi
3058 4185 3308 4254 occulta,
3332 4188 3571 4256 peracta
3592 4184 3838 4239 sunt.Ex

2178 4270 2417 4343 Virgine
2467 4272 2748 4339 nascitur,
2783 4276 2847 4327 ut
2876 4272 3137 4343 primum
3187 4272 3491 4328 hominem
3541 4274 3723 4328 Adam
3767 4288 3836 4328 ex

2176 4359 2317 4416 limo
2348 4360 2592 4433 virginis
2622 4364 2791 4416 terrae
2822 4362 3140 4417 formatum
3171 4362 3468 4417 reformat.
3501 4362 3717 4418 Pannis
3748 4361 3834 4416 in-

2178 4449 2441 4518 volvitur,
2478 4453 2542 4505 ut
2585 4454 2955 4521 peccatorum
3005 4455 3344 4507 nostrorum
3388 4467 3571 4506 nexus
3621 4449 3828 4517 solvat,

2174 4538 2409 4595 vincula
2463 4538 2719 4596 vinculis
2772 4538 3025 4608 solvens,
3079 4540 3251 4609 juxta
3323 4538 3543 4595 dictum
3603 4537 3749 4593 illud
3815 4556 3827 4593 :

413 4624 651 4697 είληται,
677 4623 769 4681 ’ίνα
814 4627 909 4689 τὰς
958 4627 1138 4703 σειρὰς
1182 4631 1287 4682 τῶν
1332 4628 1611 4705 ἁμαρτιῶν
1644 4629 1803 4700 ἡμῶν
1838 4625 2062 4698 ἐκλύση,

2192 4651 2205 4679 ι
2241 4630 2658 4701 Unusquisque
2705 4629 2864 4685 enim
2896 4629 3146 4685 vinculis
3180 4635 3550 4702 peccatorum
3584 4645 3828 4684 suorum

412 4712 585 4788 δεσμὰ
615 4712 837 4789 δεσμοῖς
868 4714 1038 4787 λύων,
1070 4716 1206 4772 κατά
1233 4717 1296 4772 τὸ
1327 4717 1527 4794 φάσκον
1562 4716 1745 4793 ῥητόν.
1786 4741 1812 4767 ‹‹
1847 4722 2061 4794 Σειραῐς

410 4805 512 4880 γὰρ
551 4810 660 4861 τῶν
718 4806 908 4861 ἑαυτοῦ
962 4806 1242 4879 ἁμαρτιῶν
1292 4802 1516 4869 ἕκαστος
1549 4806 1842 4883 σφίγγεται.
1881 4831 1906 4857 ››
1941 4808 2060 4863 Μα-

413 4894 500 4963 ζὸν
531 4893 795 4967 ε’ίλκυσεν,
822 4892 915 4949 *ίνα
965 4896 1027 4949 τὸ
1085 4893 1229 4969 γάλα
1284 4902 1385 4964 τῆς
1443 4896 1669 4972 χάριτος
1703 4895 1894 4970 βρύσῃ,
1928 4894 2059 4971 ὅπερ

410 4981 468 5039 ἐκ
520 4990 619 5055 τῆς
679 4983 880 5047 οἰκείας
937 4983 1175 5060 πλευρᾶς
1241 4979 1507 5041 ἀνέϐλυσε
1563 4987 1697 5059 (67)·
1759 4984 1900 5059 γάλα
1955 4984 2057 5061 γὰρ

476 5136 521 5172 ⁸ο
549 5136 687 5193 Luc.
726 5153 788 5207 ιι,
826 5136 936 5193 1-5.
1013 5138 1057 5174 ⁶ι
1094 5136 1231 5193 Luc.
1264 5153 1322 5209 Χ,
1356 5136 1446 5192 20.
1523 5137 1569 5173 ⁶²
1604 5137 1766 5195 Prov.
1801 5152 1855 5208 v,
1887 5139 1977 5192 22.

474 5306 588 5384 (fit)
625 5305 786 5384 ἔξοιδα
823 5308 879 5384 1.»
909 5305 959 5361 ἐν
982 5304 1357 5384 ﬁrmaret:-

478 5376 591 5451 (62)
623 5379 773 5441 Haec,
806 5377 881 5439 εἷς
936 5378 1035 5451 τὴν
1084 5376 1373 5451 Ἰουδαίαν,
1407 5380 1622 5437 desunt
1678 5378 1737 5436 in
1770 5378 2058 5438 Colberti-

407 5466 493 5525 no.
512 5449 717 5525 tet}.
760 5450 1144 5525 Ini'rajid‘em,
1177 5449 1608 5525 ἀπογράψασθαι.

477 5521 592 5605 (63)
624 5521 720 5577 Sic
750 5538 896 5579 mss.
927 5522 1081 5578 Editi
1112 5539 1268 5593 vero,
1301 5521 1351 5577 ἐν
1395 5521 1474 5595 τῷ
1525 5523 1754 5599 οὐρανῷ,
1785 5527 1901 5585 τοῖς
1955 5543 2056 5596 μα-

406 5611 578 5651 κροις.

444 5610 589 5734 ρῗ6ἷ)
623 5663 783 5743 ΟΨ.
819 5664 871 5730 1,
902 5664 958 5743 2,
987 5665 1096 5743 τῶν
1127 5661 1339 5743 ἀλόγων
1477 5665 1645 5743 φάτνῃ
1695 5662 1875 5743 τούτῳ
1930 5665 2054 5743 civi-

406 5751 623 5798 παυσις.
682 5733 778 5797 Τίς
850 5733 928 5808 μὴ
1004 5733 1286 5809 θαυμάσεὶ,
1340 5733 1422 5799 τίς
1483 5733 1559 5810 μὴ
1619 5733 1910 5812 ἐκπλαγείη
1973 5734 2055 5791 ὅτι

2174 4717 2599 4791 constringitur
2627 4718 2692 4773 ⁵³.
2727 4741 2755 4769 ‹‹
2799 4717 3119 4775 Mamillam
3164 4719 3341 4789 suxit,
3373 4722 3439 4774 ut
3482 4718 3683 4791 gratias
3714 4717 3825 4789 lac,

2174 4808 2330 4880 quod
2357 4825 2426 4864 ex
2454 4808 2632 4864 latere
2664 4808 3067 4879 ejus,efﬂuxit,
3100 4811 3411 4865 scaturiret
3443 4826 3455 4862 :
3491 4808 3637 4864 nihil
3669 4807 3826 4864 enim

2172 4896 2330 4952 aliud
2362 4896 2452 4953 lac
2483 4900 2591 4963 est,
2626 4896 2741 4952 nisi
2784 4896 3029 4969 sanguis
3060 4897 3364 4954 albescens
3395 4916 3407 4953 ε
3444 4899 3501 4953 ἱη
3544 4897 3827 4970 praesepio

2173 4986 2491 5042 reclinatus
2525 4990 2634 5054 est,
2659 4991 2724 5042 ut
2755 4986 3083 5044 humanum
3116 5003 3304 5060 genus
3332 4987 3643 5044 brutorum
3667 5003 3829 5044 more

2174 5326 2306 5364 ανω.

2242 5379 2544 5455 (65)(3011).
2611 5381 2662 5451 4,
2720 5384 2775 5453 2,
2835 5380 3012 5455 πηγὰς
3079 5377 3279 5454 βρύων.
3341 5378 3499 5436 Infra
3555 5378 3715 5435 Colb.
3763 5381 3820 5449 2,

2172 5452 2593 5526 ἀπερίγραπτος.

2241 5519 2543 5596 (66)]3011).
2582 5526 2630 5594 1,
2663 5528 2718 5594 2,
2752 5521 3091 5592 ἀνατεθῆναι.
3152 5522 3310 5578 Infra
3366 5521 3527 5577 Colb.
3581 5522 3631 5592 1,
3681 5519 3817 5574 αἰνι-

2166 5615 2199 5668 γ
2208 5592 2494 5666 ματωδῶς.

2244 5668 2356 5739 (67)
2389 5668 2475 5736 ha
2504 5665 2911 5738 manuscripti.
2944 5664 3098 5721 Editi
3127 5681 3282 5734 vero,
3316 5656 3621 5739 ἀνέϐρυσεν.
