4120 6376
344 348 463 406 947

1541 349 1605 407 S.
1654 346 2180 409 ATHANASIUS.
2204 378 2282 390 —
2310 345 2577 408 DUBIA.

3648 349 3766 411 948

342 475 639 550 desipiens
695 475 1031 549 corrigeret,
1063 477 1432 551 duorumque
1471 478 1822 535 animalium
1869 494 2002 534 esca

2119 472 2273 531 οὐδὲν
2329 471 2512 549 ἔτερόν
2595 473 2735 530 ἐστιν
2794 475 2829 546 ἢ
2890 478 3027 550 αἷμα
3088 474 3394 533 λευκανθέν.
3451 478 3538 533 Ἔν
3599 477 3766 557 φάτνῃ

346 566 510 627 ﬁeret
543 584 556 620 :
590 583 842 639 quorum
873 568 1123 623 duorum
1169 567 1518 624 animalium
1540 568 1569 623 ?
1607 568 1860 639 Ethnici,
1891 567 2003 625 Ju-

347 656 616 729 daicique
646 655 870 729 populi,
902 657 973 712 de
1005 657 1220 727 quibus
1252 659 1539 731 scriptum
1572 663 1663 715 est
1693 675 1706 712 :
1737 679 1765 711 ιι
1788 658 1848 713 in
1882 674 2004 713 me-

347 745 443 802 dio
493 746 744 801 duorum
797 745 1143 801 animalium
1198 746 1572 819 cognosceris
1602 748 1668 801 ⁶³.
1702 769 1730 797 »
1781 745 2003 802 Descri-

344 833 606 907 ptionem
638 835 749 890 sub
782 837 1046 908 Augusto
1096 834 1320 891 Caesare
1351 835 1613 903 admisit,
1646 844 1706 891 ut
1736 835 2002 891 incondi-

345 929 474 981 tum
523 924 683 981 orbis
742 929 963 980 statum
1017 932 1411 997 componeret.
1467 927 1599 999 Ipsa
1652 924 1870 997 quippe
1899 925 2001 980 de-

342 1014 605 1086 scriptio,
639 1013 805 1086 probi
839 1014 897 1069 in
929 1014 1069 1069 orbe
1100 1014 1287 1069 futuri
1318 1014 1544 1070 ordinis
1585 1014 1800 1088 pignus
1834 1014 1963 1069 fuit.

2114 563 2512 636 ἀνεκλίθη,’ἰνα
2556 565 2654 634 τὴν
2718 566 2947 642 ἀλογίαν
2990 567 3088 636 τῆς
3139 565 3561 642 ἀνθρωπότητος
3613 565 3765 643 διορ-

2114 656 2379 724 θώσηται,
2429 655 2517 709 καὶ
2560 659 2668 709 τῶν
2720 652 2815 710 δύο
2866 656 3018 725 ζώων
3066 656 3244 734 τροφή
3296 657 3538 731 γένηται·
3593 656 3762 712 ποίων

2114 742 2209 799 δύο
2244 744 2395 813 ζώων
2424 764 2437 813 ;
2469 748 2566 799 τοῦ
2597 743 2803 800 ἐθνικοῦ
2832 745 2923 801 καὶ
2960 750 3059 800 τοῦ
3111 741 3410 800 Ἰουδαϊκοῦ
3456 745 3594 801 λαοῦ
3641 745 3768 823 περὶ

2111 834 2186 887 ὦν
2246 834 2629 909 γέγραπτανα
2664 834 2747 888 Ἐν
2808 833 2958 907 μὲςῳ
3019 830 3114 888 δύο
3176 835 3332 903 ζώων
3389 836 3765 910 γνωσθήσῃ.»

2111 923 2222 991 Τὴν
2257 921 2341 977 ἐπὶ
2376 921 2685 998 Αὐγούστου
2735 922 3001 1000 Καίσαρος
3049 922 3372 1000 ἀπογραφὴν
3420 921 3764 997 κατεδέξατο,

2106 1009 2198 1066 τίνα
2252 1012 2351 1081 τὴν
2413 1011 2797 1086 οίκουμενικὴν
2859 1011 3072 1084 ἀταξίαν
3146 1010 3549 1089 διορθώσηται.
3612 1014 3763 1086 Αὕτη

340 1101 442 1178 γὰρ
473 1102 507 1171 ἠ
542 1101 830 1179 ἀπογραφὴ
862 1103 958 1172 τῆς
992 1101 1377 1175 οἷκουμενικῆς
1410 1101 1650 1173 εὐταξίας
1684 1095 1934 1178 ἀρραϐὼν
1964 1100 2274 1177 γεγένηται.

413 1212 469 1266 3.
505 1211 574 1266 Et
601 1211 758 1283 quod
788 1227 925 1266 vera
954 1210 1074 1266 hac
1116 1211 1253 1278 sint,
1285 1212 1490 1283 paucis
1537 1211 1788 1282 percipe.
1824 1214 2000 1266 Ante-

345 1316 525 1373 quam
547 1299 835 1356 Dominus
857 1299 1032 1355 homo
1051 1301 1551 1367 fieret,hominum
1577 1316 1765 1373 genus
1789 1316 2004 1372 magna

346 1388 615 1462 tyrannis
644 1389 987 1460 occupabat,
1011 1388 1176 1443 nulla
1205 1388 1430 1444 ratione
1451 1393 1610 1445 terra
1631 1389 2003 1461 gubernaba-

348 1484 466 1545 tur,
516 1477 677 1550 regia
720 1476 979 1551 dignitas
1022 1477 1277 1533 ludibrio
1323 1481 1469 1547 erat,
1524 1478 1683 1550 apud
1731 1476 2004 1534 homines

351 1566 569 1622 multos
601 1566 810 1638 ingens
858 1582 1104 1638 regnum
1155 1566 1330 1622 turba
1371 1566 1741 1622 exoriebatur
1774 1584 1787 1621 :
1821 1567 1871 1622 si
1910 1565 2005 1622 cui

351 1659 521 1711 erant
549 1661 788 1711 centum
838 1655 1072 1711 circiter
1099 1654 1369 1712 homines
1424 1656 1665 1725 subditi,
1696 1655 1924 1729 regium
1955 1655 2007 1712 is

351 1745 465 1802 sibi
505 1744 774 1800 habitum
804 1745 1083 1802 continuo
1114 1746 1459 1818 usurpabat.
1480 1745 1643 1801 Talis
1665 1751 1792 1802 erat
1821 1744 2008 1801 homi-

351 1849 497 1889 num
529 1833 684 1889 846
717 1850 915 1905 pugna
945 1851 960 1889 :
994 1850 1129 1890 cum
1161 1839 1453 1891 certorum
1491 1834 1753 1890 locorum
1783 1833 2006 1907 princi-

351 1930 527 1996 patus
557 1922 869 1991 ambirent,
902 1939 1009 1979 nec
1036 1939 1107 1979 ex
1152 1922 1278 1980 loco
1321 1924 1642 1982 transirent
1669 1925 1729 1979 in
1784 1922 2004 1991 alium;

351 2012 468 2069 nisi
498 2013 855 2085 quandoque
885 2012 1001 2068 sibi
1033 2017 1239 2069 mutuo
1271 2013 1491 2069 bellum
1523 2012 1829 2068 inferrent.
1861 2015 2006 2069 Cum

352 2102 578 2158 diutius
599 2102 891 2173 ejusmodi
915 2101 1182 2158 confusio
1208 2102 1734 2174 perseveraret,uhi
1751 2101 2009 2174 primum

354 2191 635 2247 Dominus
683 2190 744 2246 in
794 2196 949 2247 terra
978 2191 1309 2264 virgineum
1360 2191 1673 2264 occupavit
1703 2190 2009 2262 palatium,

358 2279 679 2352 permultos
700 2278 833 2335 illos
858 2278 1106 2335 abstulit
1128 2279 1585 2352 principatus,ac
1608 2280 2011 2337 monarchiam

356 2368 1153 2436 instituit,ubiRomanorum
1182 2368 1495 2440 imperium
1521 2385 1729 2425 omnes
1748 2369 2013 2425 obtinere

356 2457 628 2522 decrevit,
704 2458 773 2513 ad
837 2457 1091 2513 cmlestis
1149 2457 1375 2514 scilicet
1430 2457 1661 2529 imperii
1718 2474 2009 2513 normam.

361 2547 866 2610 Quemadmodum
920 2546 1077 2602 enim
1130 2564 1317 2603 unum
1348 2547 1407 2603 in
1439 2547 1583 2603 ccelo
1635 2547 1732 2603 Dei
1765 2563 2012 2619 regnum

362 2636 609 2700 obtinet,
640 2651 960 2705 omnesque
990 2634 1179 2708 angeli
1213 2636 1494 2692 voluntati
1524 2636 1653 2706 ejus
1684 2635 2013 2706 subjiciun-

361 2730 489 2794 tur;
512 2724 878 2780 daemonibus
898 2725 1281 2781 barbarorum
1302 2741 1463 2781 more
1492 2725 1805 2797 imperium
1833 2725 2016 2781 detre-

358 2813 660 2869 ctantibus
691 2812 893 2869 eadem
927 2814 1153 2869 ratione
1184 2818 1241 2869 et
1262 2813 1321 2868 in
1348 2819 1524 2884 terra,
1542 2811 1678 2869 licet
1707 2813 2013 2886 permultas

359 2904 480 2959 sint
509 2900 808 2957 indomitas
852 2907 1080 2974 gentes,
1133 2919 1319 2958 unum
1363 2907 1563 2958 tamen
1616 2902 2011 2958 Romanorum

355 2991 671 3062 imperium
693 2990 933 3046 obtinet.
963 2990 1135 3046 Probi
1159 2990 1340 3063 igitur
1359 2990 1460 3063 huj
1472 3007 1609 3046 usoe
1638 2991 1863 3047 ordinis
1884 3008 2016 3046 con-

352 3079 638 3135 stituendi
657 3078 1115 3151 causa,primam
1138 3079 1248 3136 sub
1272 3083 1536 3151 Augusto
1560 3078 2014 3151 descriptionem

358 3184 459 3224 rex
488 3167 551 3224 in
579 3173 744 3225 utero
774 3172 1041 3241 gestatus
1072 3168 1220 3224 edici
1252 3167 1555 3224 mandavit
1598 3184 1612 3223 :
1665 3168 1821 3223 unde
1850 3174 1908 3223 et
1954 3185 2017 3224 se

356 3258 483 3330 ipse
516 3258 575 3313 in
607 3258 857 3314 Romani
884 3258 1119 3329 imperii
1146 3274 1325 3314 censu
1354 3257 1608 3313 describi
1642 3256 1908 3328 permisit
1941 3257 2013 3311 ad

2181 1212 2236 1265 3.
2297 1209 2393 1263 Καὶ
2441 1207 2526 1264 ὅτι
2581 1207 2762 1280 ἀληθῆ
2840 1209 2908 1264 τὰ
2978 1208 3286 1286 λεγόμενα,
3346 1206 3437 1265 διὰ
3510 1210 3764 1286 βραχέων

2112 1298 2293 1354 ἄκουε.
2336 1297 2449 1369 Πρὸ
2503 1301 2603 1363 τῆς
2647 1302 2743 1352 τοῦ
2801 1296 3002 1374 Κυρίου
3061 1298 3518 1375 ἐνανθρωπήσεως
3576 1298 3767 1368 πολλή

2109 1385 2360 1460 τυραννὶς
2432 1389 2549 1459 (68)
2596 1387 2659 1441 τὸ
2714 1391 2822 1442 τῶν
2889 1386 3190 1464 ἀνθρώπων
3273 1393 3496 1464 κατεῖχε
3561 1387 3714 1462 γένος
3748 1407 3761 1421 ⁸

2113 1472 2333 1550 ἀλόγως
2380 1476 2442 1530 τὸ
2488 1482 2588 1545 τῆς
2636 1483 2741 1551 γῆς
2801 1470 3123 1554 ἐκυϐερνᾶτο
3175 1476 3382 1553 χωρίον
3421 1495 3434 1511 ο
3482 1475 3760 1547 ἐνέπαιζον

2114 1564 2189 1627 είς
2242 1564 2306 1619 τὸ
2368 1561 2650 1639 βασιλικὸν
2702 1564 2915 1637 ἀξίωμα
2948 1583 2960 1595 ·
3020 1562 3250 1620 πολλῶν
3304 1569 3414 1620 τῶν
3471 1565 3772 1642 ἀνθρώπων

2113 1653 2331 1723 πλῆθος
2387 1651 2654 1730 βασιλέων
2710 1653 3112 1732 ἐφυτουργεῖτοο
3148 1653 3337 1709 ἑκατόν
3391 1653 3498 1709 πού
3554 1675 3637 1716 τις
3682 1651 3770 1709 ἅν-

2116 1742 2245 1818 δρας
2302 1740 2446 1819 ἔχων
2508 1743 2595 1820 ὐφ’
2666 1743 2892 1813 ἑαυτὸν,
2953 1742 3151 1807 εὐθέως
3208 1744 3271 1798 τὸ
3326 1750 3425 1812 τῆς
3489 1741 3771 1818 βασιλείας

2116 1831 2481 1909 ἐσφετερίζετο
2514 1839 2727 1907 σχῆμα.
2761 1830 3002 1902 Τοιαύτη
3053 1836 3159 1886 τῶν
3208 1830 3374 1896 ἐθνῶν
3429 1833 3465 1901 ἡ
3514 1831 3770 1907 ἅμιλλα*

2113 1920 2423 1996 τοπαρχίας
2454 1921 2782 1995 ἀγαπῶντες,
2813 1920 2904 1975 καὶ
2955 1919 3120 1976 τόπον
3172 1919 3232 1975 ἐκ
3284 1921 3457 1976 τόπου
3519 1922 3596 1995 μὴ
3650 1918 3769 1978 δια-

2122 2004 2420 2087 ϐαίνοντες,
2471 2010 2518 2064 εἷ
2569 2010 2644 2083 μὴ
2689 2009 2892 2085 τρόπον
2930 2010 3054 2065 τινὰ
3104 2013 3218 2065 κατ’
3269 2008 3536 2082 ἀλλήλων
3588 2010 3769 2067 ὡπλί-

2122 2120 2316 2155 σαντο.
2376 2097 2588 2169 Ταύτης
2659 2105 2759 2169 τῆς
2819 2097 3137 2174 συγχύσεως
3192 2094 3735 2175 χρονοτριϐουμίνης
3764 2142 3780 2169 ,

2126 2186 2290 2261 μόνον
2320 2189 2348 2242 ὁ
2407 2186 2602 2262 Κύριος
2658 2185 2975 2258 κατεδέξατο
3034 2187 3123 2242 ἐπὶ
3182 2194 3286 2263 γῆς
3340 2189 3404 2243 τὸ
3460 2190 3785 2266 παρθενικόν

2124 2277 2343 2347 οἰκῆσαι
2400 2276 2691 2348 παλάτιον,
2725 2275 2923 2338 εὐθὲως
2954 2278 3055 2346 τὴν
3089 2276 3185 2350 μὲν
3220 2277 3568 2355 πολυαρχίαν
3595 2277 3779 2348 παύει,

2120 2367 2221 2436 τήν
2271 2364 2329 2421 δὶ
2376 2364 2678 2443 μοναρχίαν
2738 2370 3049 2444 φυτουργεῖ,
3106 2367 3207 2435 τήν
3263 2367 3548 2440 Ῥωμαίων
3598 2369 3781 2444 ἀρχὴν

2121 2456 2337 2510 πάντων
2398 2456 2747 2534 ἡγεμονεύειν
2816 2454 3131 2531 κληρώσας,
3184 2457 3321 2511 κατὰ
3379 2455 3613 2529 μίμησιν
3671 2463 3773 2526 τῆς

2123 2543 2446 2619 ἐπουρανίου
2496 2538 2799 2620 διατριϐῆς.
2832 2546 3035 2619 ’Ὠσπερ
3081 2544 3182 2620 γὰρ
3235 2545 3287 2599 ἐν
3340 2545 3554 2622 οὐρανῷ
3609 2545 3708 2620 μία
3737 2548 3772 2616 ἡ

2121 2637 2218 2687 τοῦ
2248 2637 2381 2689 Θεοῦ
2417 2631 2666 2709 βασιλεία
2713 2637 2919 2705 κρατεῖ,
2944 2632 3032 2687 καὶ
3081 2634 3274 2696 πάντες
3324 2634 3376 2688 οἳ
3427 2632 3648 2710 ἄγγελοι
3694 2639 3776 2707 τῷ

2124 2721 2397 2794 θελήματι
2464 2721 2629 2777 αὐτοῦ
2697 2722 3111 2789 ὑποτάσσονται,
3159 2725 3267 2777 τῶν
3343 2720 3613 2797 δαιμόνων
3685 2720 3769 2778 δί-

2122 2832 2223 2881 κην
2254 2813 2366 2882 (69)
2401 2806 2693 2887 βαρϐάρων
2756 2809 3186 2884 ἀφηνιασάντων’
3255 2812 3347 2867 τὸν
3378 2811 3538 2867 αὐτὸν
3570 2812 3776 2887 τρόπον

2123 2898 2213 2955 καὶ
2246 2899 2332 2954 ἐπὶ
2363 2902 2460 2968 τῆς
2491 2906 2619 2974 γῆς,
2653 2899 2697 2953 εἰ
2735 2899 2824 2954 καὶ
2873 2897 3060 2956 πολλᾶ
3101 2900 3171 2956 τὰ
3225 2900 3566 2957 ἀνυπότακτα
3623 2898 3775 2973 ἔθνη,

2124 2986 2250 3044 ἀλλ’
2281 2987 2432 3061 ὅμως
2471 2987 2622 3061 μίαή
2654 2993 2760 3043 τῶν
2794 2987 3079 3061 Ῥωμαίων
3135 2988 3385 3066 βασιλεία
3432 2996 3639 3066 κρατεῖ.
3673 2993 3774 3047 Διὰ

2122 3076 2321 3148 ταύτην
2383 3076 2474 3132 οὖν
2521 3079 2620 3146 τήν
2674 3077 2911 3148 εὐταξίαν
2968 3079 3066 3148 τήν
3117 3079 3340 3155 πρώτην
3391 3080 3709 3159 ἀπογραφὴν
3743 3080 3771 3135 ὁ

2124 3165 2564 3243 κυοφορούμενος
2616 3165 2870 3243 βασιλεὺς
2928 3167 3249 3243 προσέταξεν
3310 3167 3397 3224 ἐπὶ
3452 3168 3771 3244 Αὐγούστου

2127 3257 2578 3330 συγκροτηθῆ’ναι’
2637 3255 2755 3311 ὅθεν
2809 3256 2900 3311 καὶ
2953 3256 3113 3320 αὐτὸς
3155 3258 3340 3313 ἑαυτὸν
3398 3257 3771 3339 ἐναπόγραφον

357 3346 867 3402 conﬁrmationem
890 3350 1245 3402 statutarum
1279 3346 1497 3418 legum.
1519 3349 1665 3400 Tum
1683 3344 1840 3400 enim
1861 3344 2004 3416 regis

2126 3343 2367 3418 γενέσθαι
2414 3349 2483 3419 τῇ
2514 3345 2795 3419 Ῥωμαίων
2854 3346 3004 3423 ἀρχῇ
3061 3347 3428 3423 παρεχώρησε
3484 3332 3635 3425 πρδς
3676 3332 3771 3425 βε-

355 3435 448 3490 lex
466 3434 710 3503 obtinet,
729 3450 863 3491 cum
889 3435 1049 3506 prior
1071 3434 1197 3507 ipse
1219 3451 1396 3506 quam
1416 3431 1554 3489 tulit
1574 3432 1764 3505 legem
1786 3432 2008 3505 implet.

355 3522 504 3579 Nam
535 3522 635 3593 qui
666 3521 854 3594 legem
889 3523 1072 3594 ponit,
1110 3538 1216 3579 nec
1245 3521 1472 3594 implet,
1504 3523 1555 3577 is
1587 3521 1734 3593 legis
1764 3523 2010 3594 abroga-

355 3619 447 3669 tor
481 3617 572 3668 est
597 3612 793 3685 potius
826 3630 1004 3684 quam
1038 3612 1359 3686 legislator.
1411 3613 1553 3670 Boni
1586 3613 1768 3685 igitur
1795 3613 2007 3684 hujus-

354 3702 515 3759 modi
544 3702 769 3759 ordinis
798 3702 1052 3774 ponendi
1093 3719 1295 3772 causa,
1346 3703 1538 3774 prima
1583 3704 1694 3758 sub
1742 3708 2008 3775 Augusto

352 3790 665 3863 descriptio
696 3792 848 3847 facta
879 3802 987 3860 est,
1009 3796 1074 3846 ut
1102 3796 1158 3846 et
1188 3791 1337 3862 legis
1365 3792 1561 3847 cultus
1591 3791 1934 3855 auferretur,
1952 3794 2009 3846 et

346 3881 679 3937 Judazorum
736 3879 898 3936 natio
938 3878 1327 3949 cohiberetur,
1362 3885 1426 3935 ut
1456 3897 1529 3935 ne
1564 3880 1849 3952 perversis
1895 3879 2003 3935 Ju-

347 3969 511 4040 dzsis,
542 3970 593 4026 si
624 3987 731 4026 suo
755 3971 893 4041 jure
921 3971 1200 4038 viverent,
1231 3968 1432 4026 liceret
1477 3968 1747 4025 innoxios
1777 3969 2001 4025 occide-

344 4077 427 4128 re,
459 4059 562 4116 sed
594 4060 964 4114 necessitatis
986 4059 1134 4130 jugo
1158 4058 1390 4130 legibus
1421 4063 1714 4130 parerent.

2123 3428 2344 3487 ϐαίωσιν
2404 3439 2514 3489 τῶν
2563 3434 2966 3508 θεσπιζομένων
3011 3435 3219 3508 νόμων.
3276 3436 3415 3494 Τότε
3460 3438 3562 3513 γὰρ
3620 3439 3773 3513 βασι-

2121 3518 2260 3583 λέως
2292 3522 2462 3594 νόμος
2492 3530 2697 3601 κρατεῖ,
2730 3524 2819 3579 ὅτε
2849 3525 2877 3579 ὁ
2907 3529 3214 3597 νομοθετῶν
3250 3522 3507 3599 βασιλεὺς
3555 3530 3772 3597 πρῶτος

2117 3609 2388 3686 πληρώσῃ
2441 3614 2532 3668 τὸν
2576 3614 2769 3686 νόμον.
2801 3614 2859 3669 Ὀ
2906 3611 3006 3686 γὰρ
3038 3613 3152 3686 (70)
3180 3616 3498 3683 νομοθετῶν
3547 3613 3637 3666 καὶ
3690 3613 3767 3683 μὴ

2116 3697 2346 3775 πληρῶν
2380 3701 2699 3777 καθαιρὲτης
2750 3699 2907 3770 ἐστὶν,
2940 3701 2976 3767 ἢ
3009 3702 3123 3772 (71)
3151 3695 3482 3770 νομοδότης.
3520 3699 3619 3754 Διὰ
3660 3700 3765 3768 τὴν

2114 3787 2516 3866 προλεχθεῖσαν
2574 3788 2665 3843 οὖν
2726 3786 2987 3859 εὐταξίαν,
3039 3789 3073 3857 ἡ
3126 3786 3213 3841 ἐπὶ
3272 3785 3584 3862 Αὐγούστου
3633 3788 3766 3843 ἀπο-

2113 3880 2295 3958 γραφή
2328 3880 2521 3954 πρώτη
2552 3877 2794 3952 γέγονεν,
2829 3874 2978 3937 ὅπως
3004 3876 3096 3931 καὶ
3127 3878 3162 3945 ἡ
3192 3880 3289 3932 τοῦ
3337 3875 3511 3949 νόμου
3541 3874 3768 3952 λατρεία

2116 3971 2414 4045 μετενεχθῇ
2444 4014 2458 4039 ,
2516 3967 2606 4021 καὶ
2663 3965 2724 4020 τὸ
2800 3970 2908 4020 τῶν
2970 3962 3243 4021 Ἰουδαίων
3320 3965 3490 4035 φῦλον
3564 3986 3769 4040 καταρ-

2110 4060 2256 4131 γηθῇ
2291 4058 2399 4129 (72)
2429 4054 2564 4128 πρὸς
2605 4054 2669 4108 τὸ
2721 4054 2799 4127 μὴ
2849 4052 3041 4125 ἐξεῖναι
3094 4053 3289 4112 λοιπὸν
3346 4059 3463 4117 τοῖς
3515 4054 3767 4117 ἀτάκτοις

345 4144 630 4209 Ἰουδαίοις
706 4145 1002 4218 αὐτονομίᾳ
1077 4146 1390 4222 χρωμένοις
1446 4145 1686 4225 φονεύειν
1757 4144 1882 4207 τοὺς
1966 4144 2312 4214 ἀνευθύνους,
2371 4140 2585 4197 ἔπεσθαι
2665 4141 2722 4198 δὲ
2791 4148 2910 4207 τοῖς
2985 4143 3178 4218 νόμοις
3235 4148 3314 4216 τῷ
3367 4150 3468 4213 τῆς
3527 4145 3767 4223 ἀνάγκης

348 4240 492 4310 ζυγῷ
519 4236 656 4309 (73).

415 4344 469 4399 4.
503 4343 845 4401 Necessaria
868 4343 1069 4415 itaque
1098 4344 1207 4399 fuit
1236 4342 1578 4415 supradicta
1604 4344 1713 4399 sub
1737 4348 2001 4416 Augusto

344 4434 682 4507 descriptio.
715 4439 845 4506 Ipsa
865 4434 1083 4504 quippe
1112 4433 1787 4504 descriptioJudzeorum
1822 4448 2004 4504 popu-

345 4524 470 4579 lum
501 4523 812 4593 depressit,
846 4521 1310 4577 Christianorum
1340 4528 1546 4578 contra
1576 4538 1763 4594 genus
1793 4521 2006 4575 exalta-

343 4611 446 4681 vit,
476 4610 716 4681 Judaais,
750 4610 997 4665 Romani
1032 4615 1186 4665 metu
1218 4610 1467 4681 imperii,
1503 4627 1616 4665 non
1650 4610 2003 4665 audentibus

344 4701 538 4773 priore
566 4715 672 4755 suo
704 4699 788 4753 uti
819 4699 1034 4753 furore.
1060 4698 1425 4770 Quapropter
1456 4704 1589 4771 post
1620 4715 1749 4755 eam
1783 4696 2000 4752 descri-

2186 4342 2237 4396 4.
2268 4338 2564 4416 Ἀναγκαία
2591 4339 2771 4394 τοίνυν
2810 4342 2838 4410 ἢ
2887 4338 3261 4417 προλεχθεῖσα
3308 4339 3395 4394 ἐπὶ
3446 4338 3764 4414 Αὐγούστου

2114 4428 2431 4504 ἀπογραφή·
2459 4428 2594 4499 αὕτη
2654 4431 2690 4498 ἡ
2740 4428 3029 4505 ἀπογραφή
3077 4430 3137 4484 τὸ
3192 4429 3287 4502 μὶν
3324 4433 3433 4484 τῶν
3485 4425 3760 4486 Ἰουδαίων

2113 4514 2434 4571 ἐταπείνωσε
2463 4515 2654 4593 φῦλον,
2683 4516 2744 4572 τὸ
2777 4513 2836 4572 δὲ
2888 4521 2996 4572 τῶν
3054 4521 3389 4593 Χριστιανῶν
3444 4517 3765 4593 ὐπερύψωσε

2110 4606 2290 4679 γένος·
2347 4604 2540 4677 μηκέτι
2598 4605 2934 4679 τολμώντων
2992 4605 3266 4663 Ἰουδαίων
3328 4608 3443 4681 (74)
3500 4605 3605 4663 δέει
3661 4612 3764 4675 τῆς

2110 4693 2395 4767 Ῥωμαίων
2453 4694 2631 4771 ἀρχῆς
2686 4698 2754 4770 τῇ
2811 4695 3049 4773 προτέρᾳ
3094 4702 3398 4772 κεχρῆσθαι
3450 4694 3632 4769 μανίᾳ.
3669 4695 3764 4751 Διὸ

343 4788 765 4861 ptionem,cum
795 4786 1110 4843 Dominum
1143 4788 1806 4860 comprehendissentet
1828 4786 1999 4841 morti

2119 4785 2199 4838 καὶ
2258 4784 2393 4858 μετὰ
2436 4787 2539 4855 τὴν
2613 4785 2933 4864 ἀπογραφὴν
2983 4784 3211 4857 ταύτην,
3253 4785 3343 4841 τὸν
3395 4785 3591 4861 Κύριον
3637 4805 3765 4855 κρα-

342 4878 575 4934 tradere
607 4874 971 4943 festinarent,
1034 4892 1147 4932 non
1193 4877 1319 4933 ausi
1364 4883 1505 4933 sunt
1561 4877 1848 4932 arbitratu
1891 4890 1999 4930 suo

342 4983 532 5041 agere,
558 4965 708 5021 sicut
729 4964 867 5020 olim
899 4980 1033 5020 cum
1060 4966 1389 5040 prophetis,
1413 4982 1565 5038 quos
1594 4980 1744 5021 caaco
1772 4964 1998 5037 impetu

410 5099 456 5137 ⁸³
488 5098 700 5156 Habac.
737 5114 822 5167 ιιι,
856 5099 909 5153 2.

409 5251 524 5334 αξξ)
556 5251 645 5334 ita
668 5248 825 5334 ροιιλ
865 5249 915 5334 ι,
1029 5247 1190 5334 seu:
1409 5248 1678 5334 τιᾶρανῖία·

410 5320 524 5449 ξον)
552 5328 640 5378 Ita
667 5323 825 5407 Colb.
860 5321 912 5389 Ι,
943 5324 996 5376 2.
1029 5320 1184 5377 Editi
1213 5320 1372 5391 vero,
1404 5320 1502 5395 μία
1530 5320 1801 5379 πλειόνων
1839 5320 1995 5396 βασι-

338 5388 403 5448 λε
429 5415 463 5449 α
490 5396 701 5451 κρατεῖ,
732 5413 839 5447 των
871 5389 1147 5451 δαιμόνων
1178 5387 1356 5451 δίκην.
1391 5399 1497 5451 etc.
1534 5396 1665 5451 Mox
1697 5391 1994 5451 maeniana-

340 5412 463 5449 Αεια
490 5412 701 5470 κρατει,
732 5413 839 5447 των
871 5412 1147 5463 οαιμονων
1178 5412 1356 5465 οικην,
1391 5412 1497 5451 etc.
1534 5412 1665 5451 mox
1697 5412 1994 5468 meaequ-

337 5466 645 5535 νισθὲντων,
741 5482 803 5522 ro
846 5461 1275 5540 άφηνιασάντων.
1327 5468 1482 5523 Intra
1528 5466 1693 5535 editi,
1748 5460 1995 5538 βασιλεία

337 5540 546 5591 κοατεῖ.
578 5480 765 5591 ἐπειδῆ
824 5529 1026 5591 ἄνωθεν
1077 5532 1376 5591 ἐκρατεῖτο.
1430 5534 1517 5591 διὰ
1573 5529 1787 5591 ταυτὸν.
1840 5534 1993 5591 Editi

337 5540 546 5608 κρατεῖ,
578 5532 766 5620 ἐπειδὴ
796 5532 1026 5620 Διῖἰνιζυθεν
1077 5532 1377 5611 ἐκρατεῖτο,
1430 5534 1517 5591 διὰ
1573 5532 1787 5592 ταυτὸν.
1840 5534 1993 5591 Editi

336 5624 475 5665 vero
508 5612 573 5665 ut
602 5610 664 5663 in
693 5610 876 5666 textu.
1143 5610 1149 5611 “

413 5679 530 5750 (70)
560 5677 720 5737 Coll).
755 5679 806 5751 1,
841 5679 897 5749 2,
928 5676 1068 5735 Τότε
1098 5672 1157 5733 δὲ
1188 5674 1461 5754 βασιλέως
1488 5673 1656 5755 νόμος
1696 5680 1882 5756 κρατεῖ
1908 5693 1988 5751 τε,

2107 4875 2390 4944 τήσαντες,
2444 4874 2533 4930 καὶ
2595 4874 2807 4948 θανάτῳ
2864 4872 3199 4947 παραδοῦναι
3266 4871 3609 4944 σπεύδοντες,
3665 4873 3765 4930 οὐκ

2108 4962 2418 5036 ἐτόλμησαν
2478 4963 2614 5020 κατὰ
2667 4964 2731 5019 τὸ
2790 4960 2983 5020 δοκοῦν
3062 4963 3246 5025 αὐτοῖς
3322 4959 3712 5041 διαπράξασθαι
3746 5010 3762 5035 ,

2105 5245 2450 5325 δτεᾼπρῶτος-
2466 5244 2625 5325 αὐτδς
2641 5246 2845 5325 ιτοῦτον
2878 5243 3184 5325 πληροῖ-Ο
3214 5248 3337 5325 γάρ,

2199 5315 2291 5404 '11)
2324 5320 2490 5404 éd'de
2524 5315 2760 5404 μᾶλλον,
2792 5321 2896 5374 aut
2924 5315 3050 5404 lege
3079 5319 3141 5375 οὐ
3172 5315 3365 5396 pro'ﬁ.

2200 5391 2292 5463 72)
2520 5392 2571 5463 1,
2602 5391 2657 5459 2,
2691 5391 3047 5463 καταρτισθῇ.

2179 5411 2292 5463 (IK)
2323 5411 2484 5446 U010.
2520 5411 2571 5457 1,
2602 5411 2657 5459 ι,
2691 5411 2983 5462 καταρτισο
3033 5436 3047 5449 .

2179 5465 2284 5541 $23?
2318 5461 2477 5541 (zoth-
2510 5462 2562 5541 ιν
2594 5464 2647 5541 ἓν
2678 5464 2881 5541 ranis
2913 5411 3321 5541 ἀνῖγκης-ςωῇ,ο

2105 5533 2478 5660 ing/ﬁgam.
2515 5534 2568 5603 1,
2597 5534 2654 5603 2,
2684 5531 3459 5608 τολμώντωκπαίδῶνῐἹουδ.
3493 5541 3669 5614 Editi,
3692 5546 3759 5598 ut

2101 5620 2163 5659 ιιι
2196 5620 2353 5660 ῑθχιυ
2363 5646 2375 5659 .
