4120 6406
377 407 494 466 919

1353 397 1624 459 SEllMO
1673 399 1773 458 DE
1819 395 2392 457 DESClllP'l‘lONE
2438 395 2830 454 DEIPARAS.

3681 390 3803 452 950

376 533 494 597 καθ’
527 527 830 606 ὁμοιὸτητα
875 535 982 586 τῶν
1030 532 1350 608 προφητῶν,
1401 526 1494 589 οὕς
1541 522 1852 601 ἀδιακρισιᾳ
1910 525 2010 597 (75,

2141 524 2531 590 dilaniarunt;
2567 525 2667 579 sed
2694 523 2878 580 Pilato
2909 538 3106 578 coram
3130 523 3419 577 steterunt
3448 522 3573 576 tum
3592 520 3802 578 Roma-

378 621 749 698 διεσπάραξαν·
835 620 980 676 ἀλλά
1043 624 1123 692 τῷ
1181 616 1402 689 Πιλάτῳ
1477 617 1874 690 προσήνεγκαν,
1936 614 2030 689 ἄρ-

375 731 529 787 χοντι
612 708 916 783 Ῥωμαίων,
995 707 1244 783 ἐντυχίαν
1338 702 1744 780 εἰσπραξαμένῳ
1776 747 1789 772 ,
1881 699 2028 762 δίκας

380 799 770 873 ἀπαιτούμενοι
842 803 949 854 τῶν
1026 796 1360 872 λεγομὲνων,
1442 792 1825 866 συγκατάθεσιν
1907 791 2030 863 μεθ-

381 886 717 962 οδευόμενοι.
753 887 846 942 Διὸ
876 889 965 942 καὶ
999 888 1026 942 6
1060 883 1320 948 Πιλᾶτος,
1353 885 1380 938 6
1412 881 1695 954 Ῥωμαίων
1733 878 2029 955 ἄρχων,ὡς

379 975 487 1032 εἶδε
517 977 643 1040 τοὺς
689 973 983 1039 Ἰουδαίους
1046 976 1565 1050 κυνογΛωσσοῦντας
1614 969 1750 1025 κατὰ
1792 976 1891 1037 τῆς
1935 971 2032 1022 τοῦ

377 1067 578 1142 Κυρίου
637 1066 960 1142 ἀναιρέσεως
1008 1066 1145 1139 (76),
1194 1062 1282 1117 καὶ
1335 1058 1518 1134 εἰδὼς,
1568 1059 1650 1114 ὅτι
1702 1056 1789 1112 διὰ
1841 1056 2034 1135 φθόνον

374 1153 689 1232 παρέδωκαν
725 1155 909 1225 αὐτὸν,
961 1151 1218 1228 ἐπηρώτα
1247 1149 1373 1212 τοὺς
1422 1145 1738 1217 Ἰουδαίους,
1790 1147 2028 1225 φάσκων

373 1248 558 1306 Καθὼς
629 1243 748 1299 τίστε
822 1244 1017 1304 πάντες
1097 1245 1301 1318 σαφῶς,
1388 1235 1539 1294 οὐδὲν
1599 1238 1742 1308 ἄξιον
1805 1235 2032 1290 θανάτου

374 1332 608 1410 εὑρίσκω
639 1333 690 1388 ἐν
739 1338 820 1406 τῷ
850 1332 1122 1408 ἀνθρώπῳ
1151 1330 1351 1401 τούτῳ,
1394 1326 1438 1382 ὦ
1489 1324 1766 1382 Ἰουδαῖοι.
1817 1323 1877 1378 Τί
1934 1325 2033 1392 τήν

374 1429 483 1478 τῶν
543 1422 829 1496 Ῥωμαίων
883 1422 1064 1498 ἀρχὴν
1149 1417 1399 1492 μολύνειν
1469 1414 1743 1486 σπεύδετε,
1805 1415 2033 1489 ἀκρασῖᾳ

377 1515 722 1586 κρατοῦντες,
755 1511 845 1566 τὸν
877 1507 1104 1577 δίκαιον,
1136 1508 1224 1562 καὶ
1264 1507 1354 1560 τὸν
1403 1505 1688 1569 ἀνεύθυνον
1743 1502 2033 1558 ὑπεύθυνον

404 1602 432 1624 τ
586 1602 596 1618 1
941 1596 952 1616 ν
1008 1603 1018 1617 ς
1117 1599 1141 1612 ν
1414 1594 1424 1612 Ι
1612 1595 1624 1614 r
1679 1594 1690 1615 Ι
1859 1591 1872 1612 9
1995 1596 2019 1606 -

381 1621 512 1655 ειναι
547 1600 840 1669 θελοντες;
895 1595 1057 1654 Ουδεν
1109 1599 1253 1667 αξιον
1302 1607 1526 1660 θανατου
1577 1615 1807 1667 ευρισκω
1855 1613 1906 1646 εν
1953 1614 2032 1663 τῳ

374 1689 648 1762 ἀνθρώπῳ
698 1689 898 1761 τούτῳ.
954 1686 1180 1743 Μᾶλλον
1244 1683 1334 1740 οῦν
1387 1687 1413 1739 ὁ
1455 1678 1740 1759 Βαραϐϐᾶς
1791 1685 1903 1756 (77)
1935 1702 2031 1759 φο-

372 1779 559 1850 νευθῇ,
594 1778 622 1831 6
668 1775 726 1831 δὲ
781 1777 1010 1851 Χριστὸς
1062 1774 1332 1847 ἀπολυθῇ⁸
1389 1773 1472 1828 ὅτι
1520 1773 1720 1834 ἐκεῖνος
1776 1773 1869 1844 μὲν
1932 1792 2032 1848 φο-

375 1866 570 1934 νευτής
601 1864 690 1919 καὶ
724 1861 1050 1935 στασιώδης,
1081 1864 1239 1924 οὗτος
1275 1861 1332 1916 δὲ
1363 1863 1640 1936 εὐερνέτης
1691 1861 1780 1915 καὶ
1832 1857 2028 1929 ζωοδόο

372 1973 497 2026 της’
559 1951 748 2023 ἐπειδὴ
807 1953 898 2008 καὶ
953 1952 1156 2021 ταύτην
1206 1952 1323 2006 κατ’
1369 1950 1532 2006 αὐτοῦ
1564 1951 1660 2018 τήν
1695 1948 2028 2024 κατηγορίαν

379 2043 710 2113 ήσπάσασθε.
772 2042 869 2097 Καὶ
921 2042 1094 2104 οὑτως
1153 2038 1210 2096 δὲ
1265 2037 1538 2095 Ἰουδαίων
1593 2040 1666 2112 μὴ
1720 2037 2030 2111 συντιθεμὲ-

379 2154 505 2205 νων,
536 2130 663 2187 ἀλλ’
709 2129 908 2207 ἐχθρὰν
953 2135 1050 2185 τοῦ
1101 2129 1362 2202 Καίσαρος
1417 2127 1505 2183 τὸν
1558 2124 1798 2184 Πιλᾶτον
1854 2148 2029 2204 φημι-

378 2219 598 2289 ζόντων,
657 2218 852 2282 οἵτινες
899 2221 1036 2274 κατά
1083 2217 1376 2292 πρόσωπον
1418 2214 1602 2293 ἔλεγον
1652 2220 1730 2287 τῷ
1780 2213 2025 2288 Πιλάτῳ,

370 2311 760 2384 συνηγοροῦντι
819 2310 898 2378 τῷ
958 2309 1194 2381 Χριστῷ·
1263 2327 1283 2353 ι
1341 2303 1451 2358 Ούκ
1499 2303 1548 2358 εἴ
1576 2302 1735 2381 φίλος
1765 2307 1860 2357 τοῦ
1890 2302 2025 2358 Καί-

368 2417 554 2473 σαρος,
594 2419 622 2448 ››
654 2392 842 2463 ἐπειδὴ
872 2395 962 2449 τὸν
997 2393 1224 2470 λεγοντα
1268 2393 1452 2448 ἑαυτὸν
1507 2390 1734 2467 βασιλέα
1788 2396 2023 2460 ζωοποι-

369 2487 537 2538 εἴσθαι
570 2483 762 2544 θέλεις.
799 2482 896 2536 Καὶ
931 2481 1103 2544 οὕτως
1133 2485 1244 2553 (⁵78)
1298 2481 1324 2535 ὁ
1379 2484 1614 2542 Πιλᾶτος
1663 2479 1724 2534 ού
1783 2480 2020 2556 συνεχώ-

371 2594 501 2647 ρησε
523 2579 642 2634 τοῖς
673 2569 958 2634 Ἰουδαίοις
983 2575 1051 2645 τῇ
1085 2571 1260 2642 οῗκείᾳ
1289 2570 1484 2644 γνώμῃ
1514 2576 1615 2623 πᾶν
1672 2571 1851 2624 ὁτιοῦν
1904 2567 2018 2624 δια-

365 2661 683 2736 πράξασθαι.
753 2661 816 2717 Εἰ
872 2660 972 2736 γὰρ
1023 2660 1082 2715 ἂν
1138 2659 1491 2734 συνεχώρησε
1537 2663 1653 2720 τοῖς
1709 2655 2015 2730 Ἰουδαίοις,

366 2751 418 2803 oi.
453 2747 710 2806 Ἰουδαῖοι
741 2748 913 2811 λίθοις
945 2749 1037 2804 τὸν
1078 2748 1275 2824 Κύριον
1326 2746 1683 2817 ἐθανάτωσαν,
1735 2747 1769 2815 ἢ
1816 2747 2016 2820 ξυλίνῳ

362 2839 548 2913 πρίονι
607 2841 957 2914 κατέπρισαν.
1017 2836 1228 2894 Τούτου
1287 2835 1344 2891 δὲ
1399 2835 1796 2911 πραττομένου,
1854 2838 2016 2909 ὑμεῖς

359 2927 450 2982 τὸν
513 2927 739 3004 σταυρὸν
791 2925 1184 3000 ἐζημιούμεθα·
1245 2923 1430 2994 ἐπειδὴ
1486 2924 1773 2997 Ῥωμαίων
1822 2927 2014 3001 κριτή-

362 3037 477 3089 ριον
519 3017 582 3072 τὸ
627 3021 725 3072 τοῦ
779 3020 1012 3090 σταυροῦ
1063 3014 1244 3088 ξύλον.
1299 3015 1391 3069 Διὸ
1438 3015 1527 3068 καὶ
1573 3015 1600 3068 6
1645 3011 1883 3077 Πιλᾶτος
1917 3014 2011 3070 ἒπ-

359 3106 548 3181 ηρώτα
604 3106 729 3168 τοὺς
787 3102 1103 3166 Ἰουδαίους·
1159 3129 1186 3156 ‹‹
1238 3103 1303 3162 Τί
1347 3103 1530 3167 θέλετε
1559 3105 1774 3173 ποιήσω
1808 3105 2008 3174 ’[ησοῦ,

352 3195 444 3248 τὸν
478 3193 778 3270 λεγόμενον
809 3193 1036 3269 Χριστόν
1069 3194 1218 3267 (79);
1273 3217 1300 3245 ››
1350 3193 1416 3249 Οἱ
1471 3189 1548 3261 δὲ,
1607 3195 1675 3266 τῇ
1724 3192 2010 3265 Ῥωμαίων

2143 630 2352 669 norum
2377 612 2629 685 praesidi,
2665 617 2935 668 exacturo
2967 616 3030 666 ut
3059 627 3256 666 coram
3289 627 3349 665 se
3388 615 3794 680 accusaretur;

2143 703 2313 771 idque
2346 708 2411 757 ut
2444 719 2546 774 pro
2578 702 2749 758 dictis
2779 704 2907 772 ejus
2932 718 3133 773 pmnas
3177 703 3574 772 exposcerent,
3614 703 3670 755 et
3700 717 3796 755 ar-

2140 792 2321 847 tiﬁcio
2353 809 2708 847 consensum
2732 792 2860 862 ejus
2891 790 3239 846 obtinerent.
3266 790 3678 856 Quamobrem.
3704 790 3797 845 Pi-

2143 879 2324 948 latus,
2359 885 2557 952 utpote
2588 882 2982 936 Romanorum
3018 897 3251 952 praeses,
3287 884 3348 934 ut
3385 879 3619 934 Judazos
3657 877 3802 933 vidit

2143 967 2357 1024 canina
2375 967 2577 1041 lingua
2615 969 2848 1025 Domini
2888 987 3088 1025 necem
3141 967 3526 1040 postulantes,
3577 982 3799 1039 gnarus

2142 1074 2239 1114 eos
2269 1074 2384 1129 prae
2416 1057 2638 1114 invidia
2664 1057 2979 1114 tradidisse
3009 1057 3200 1127 illum,
3246 1057 3644 1128 interrogabat
3688 1055 3798 1111 Ju-

2144 1147 2299 1203 daaos
2329 1147 2488 1204 hisce
2519 1147 2743 1204 verbis:
2787 1147 2860 1203 Ut
2907 1147 3086 1220 probe
3145 1147 3331 1203 nostis
3379 1161 3606 1216 omnes,
3657 1142 3805 1200 nihil

2146 1241 2332 1292 morte
2362 1237 2607 1309 dignum
2657 1236 2892 1293 invenio
2936 1237 2996 1291 in
3046 1236 3154 1291 hoc
3203 1234 3460 1303 homine,
3514 1251 3546 1290 ο
3592 1233 3800 1289 Judai.

2143 1325 2289 1388 Quid
2313 1325 2714 1382 Romanorum
2738 1325 3054 1398 imperium
3079 1324 3336 1398 polluere
3359 1322 3676 1390 conamini,
3701 1339 3800 1395 pc-

2145 1415 2402 1471 tulanter
2452 1417 2686 1488 justum
2742 1417 3060 1488 capientes,
3107 1420 3165 1470 et
3220 1415 3510 1470 insontem
3573 1417 3802 1468 sontem

2144 1520 2272 1560 esse
2302 1503 2600 1561 volentes?
2622 1504 2776 1560 Nihil
2813 1507 2992 1560 morte
3024 1504 3269 1576 dignum
3301 1502 3528 1558 invenio
3581 1502 3640 1556 in
3691 1502 3798 1558 hoc

2143 1592 2398 1649 homine.
2431 1594 2729 1650 Barabbas
2751 1610 2887 1666 ergo
2920 1593 3238 1664 occidatur,
3283 1592 3550 1647 Christus
3598 1595 3796 1646 autem

2144 1682 2670 1754 dimittatur:quia
2699 1681 2794 1738 ille
2825 1683 3064 1754 quidem
3111 1681 3408 1737 homicida
3453 1684 3508 1735 et
3555 1679 3796 1735 seditio-

2144 1787 2268 1836 sus,
2302 1771 2395 1826 hic
2427 1789 2559 1828 vero
2581 1773 2948 1828 beneﬁcuset
2977 1771 3108 1825 vita:
3136 1770 3399 1842 largitor,
3428 1769 3795 1840 quandoqui-

2142 1859 2273 1914 dem
2292 1860 2444 1916 hanc
2475 1861 2756 1917 adversus
2777 1861 2946 1916 illum
2975 1860 3408 1916 accusationem
3439 1859 3795 1915 adornastis.

2142 1947 2359 2004 Verum
2391 1966 2526 2005 cum
2550 1967 2621 2005 ne
2665 1950 2773 2004 hac
2813 1950 3050 2020 quidem
3099 1948 3322 2004 ratione
3373 1947 3800 2003 assentirentur

2139 2037 2351 2107 Judaei,
2385 2038 2486 2094 sed
2536 2039 2781 2096 Cesaris
2826 2038 3135 2094 inimicum
3175 2037 3425 2093 Pilatum
3470 2036 3796 2109 proclama-

2142 2131 2304 2182 rent:
2341 2127 2644 2200 Pilatoque
2675 2127 2888 2184 Christi
2919 2127 3310 2199 patrocinium
3343 2126 3687 2199 suscipienti
3737 2126 3797 2181 in

2137 2216 2346 2272 faciem
2380 2217 2643 2273 dicerent
2667 2235 2678 2272 :
2707 2241 2734 2267 «
2758 2217 2882 2273 Non
2905 2233 2968 2272 es
3000 2217 3227 2271 amicus
3277 2215 3523 2271 Caesaris
3543 2215 3608 2285 ⁶⁴,
3631 2236 3660 2265 ››
3713 2214 3800 2270 si-

2137 2305 2376 2378 quidem
2407 2305 2550 2362 velis
2581 2323 2714 2362 eum
2740 2306 2928 2363 vivere
2959 2306 3058 2378 qui
3090 2323 3151 2361 se
3183 2321 3378 2376 regem
3411 2305 3570 2359 dicit.
3625 2306 3696 2358 At
3727 2319 3800 2359 ne

2133 2394 2216 2450 ita
2259 2394 2498 2467 quidem
2554 2395 2773 2450 Judazis
2816 2395 3105 2451 concessit
3144 2393 3388 2460 Pilatus,
3451 2397 3512 2447 ut
3561 2390 3796 2463 quidvis

2132 2484 2368 2557 proprio
2399 2490 2638 2557 agerent
2676 2484 2938 2540 arbitrio.
2991 2483 3050 2538 Si
3100 2499 3355 2554 namque
3403 2480 3795 2537 concessisset

2129 2571 2268 2640 illis,
2300 2573 2488 2629 Judaei
2519 2573 2831 2629 Dominum
2863 2572 3162 2645 lapidibus
3193 2571 3649 2638 interemissent,
3689 2573 3790 2625 aut

2129 2679 2292 2718 serra
2321 2661 2515 2734 lignea
2537 2663 2978 2718 dissecuissent.
3013 2662 3176 2726 Quod
3207 2661 3256 2716 si
3303 2662 3518 2715 factum
3558 2659 3785 2727 fuisset,

2128 2768 2236 2807 nos
2266 2751 2456 2806 crucis
2485 2752 2778 2823 jacturam
2812 2751 3180 2807 fecissemus.
3214 2749 3358 2806 Nam
3395 2749 3550 2821 apud
3575 2752 3786 2804 Roma-

2127 2856 2232 2895 nos
2263 2839 2643 2911 supplicium,
2691 2839 2883 2896 crucis
2926 2845 3048 2895 erat
3089 2839 3338 2912 lignum.
3393 2839 3786 2903 Quamobrem

2124 2927 2525 3000 interrogabat
2550 2929 2785 2984 Judaaos
2817 2927 3038 2984 Pilatus
3066 2944 3076 2983 :
3108 2952 3127 2976 ι
3152 2927 3300 2991 Quid
3352 2926 3532 2982 vultis
3573 2925 3784 2982 faciam

2122 3016 2194 3070 de
2223 3016 2385 3084 Jesu,
2419 3017 2518 3087 qui
2551 3016 2766 3072 dicitur
2797 3017 3064 3072 Christus
3093 3017 3137 3051 ⁸⁸
3168 3017 3233 3071 ‘2»
3269 3019 3342 3072 At
3363 3015 3445 3071 illi
3494 3016 3785 3071 Romano-

2121 3121 2249 3160 rum
2299 3105 2570 3161 instituto
2638 3105 2869 3172 confisi,
2923 3104 3291 3161 clamarunt:
3331 3127 3355 3158 «
3393 3103 3573 3173 Tolle,
3618 3103 3777 3172 tolle,

2118 3196 2393 3269 cruciﬁge
2413 3214 2546 3253 eum
2578 3198 2643 3268 εδ,
2667 3217 2693 3247 η
2723 3201 2780 3253 et
2810 3197 3118 3253 confestim
3153 3196 3372 3254 Pilatus
3404 3196 3645 3254 annuit:
3676 3196 3776 3252 de-

353 3280 571 3355 παιδείᾳ
601 3280 947 3360 θαρροῦντες,
980 3277 1234 3352 ἐϐόησαψ
1272 3305 1300 3334 ‹‹
1331 3283 1518 3355 Ἀρον,
1552 3281 1701 3358 ἆρον.
1759 3281 2002 3358 σταύρω-

2123 3300 2293 3358 super
2321 3286 2478 3342 enim
2513 3291 2719 3342 nutum
2753 3286 2910 3343 hunc
2935 3291 3256 3360 acceperat.

351 3393 447 3427 σον
480 3371 661 3427 αὐτόν·
698 3394 725 3424 ι)
758 3371 848 3427 καὶ
881 3371 1079 3435 εὐθέως
1111 3373 1139 3426 6
1167 3370 1404 3433 Πιλᾶτος
1438 3369 1762 3426 συνένευσεν·
1799 3368 1999 3436 ἄνωθεν

348 3460 448 3537 γὰρ
482 3460 738 3531 ὲκίκτητο
768 3461 831 3516 τὸ
862 3464 1054 3534 νεῦμα.

417 3554 472 3606 5.
508 3551 604 3605 Διά
632 3549 832 3620 ταύτην
880 3549 971 3604 οῦν
1017 3550 1117 3618 τὴν
1165 3547 1402 3618 εὐταξίαν
1458 3551 1492 3618 ἡ
1545 3547 1630 3603 ἐπὶ
1691 3547 2000 3622 Αὐγούστου

347 3639 616 3716 Καίσαρος
667 3639 858 3716 πρώτη
912 3637 1202 3716 ἀπογραφή
1253 3637 1646 3712 ἐνομοθετεῖτο·
1701 3637 1745 3692 εἰ
1790 3639 1864 3707 μὴ
1897 3639 1997 3715 γαρ

345 3729 828 3802 προενομοθετηθη
880 3729 915 3798 ἡ
965 3727 1254 3805 ἀπογραφή
1323 3725 1480 3800 αὕτη,
1531 3725 1631 3782 οὐκ
1676 3726 1734 3781 ἂν
1783 3727 1846 3782 τὸ
1900 3732 1997 3782 τοῦ

347 3817 546 3894 Κυρίου
605 3821 764 3890 σῶμα
809 3814 991 3888 τελείᾳ
1032 3819 1174 3890 ταφῇ
1240 3813 1538 3892 παρεδόθη·
1592 3815 1827 3888 ἔμελλον
1893 3817 1994 3893 γὰρ

343 3904 532 3969 παῖδες
563 3903 838 3964 Ἰουδαίων
865 3909 934 3980 τῇ
968 3899 1386 3982 ὑπερϐαλλούσῃ
1436 3905 1597 3978 μανίᾳ
1625 3905 1660 3974 ἢ
1710 3905 1838 3978 πυρὶ
1891 3927 1993 3960 πα-

344 3993 596 4071 ραδοῦναι
653 3996 716 4051 τὸ
763 3999 860 4050 τοῦ
915 3994 1120 4069 Κυρίου
1173 3998 1354 4067 σῶμα,
1384 3994 1419 4062 ἢ
1453 3991 1693 4067 θαλάσσῃ
1721 4015 1991 4048 καταπον-

337 4084 522 4154 τίζειν.
559 4084 627 4143 Εἴ
651 4085 755 4161 γὰρ
784 4084 876 4139 τὸν
910 4083 1070 4162 φίλον
1100 4083 1360 4158 Ἱερεμίαν
1410 4082 1485 4144 εἷς
1539 4081 1738 4138 λάκκον
1794 4078 1990 4158 βορϐό-

341 4195 438 4250 ρου
496 4176 807 4249 κατήγαγον
865 4175 997 4247 (80)·
1049 4173 1102 4227 τί
1148 4168 1382 4245 ἔμελλον
1431 4171 1505 4233 εἰς
1562 4173 1623 4226 τὸ
1661 4175 1757 4225 τοῦ
1789 4172 1990 4248 Κυρίου

340 4268 501 4336 σῶμα
551 4261 991 4339 διαπράττεσθαι,
1041 4262 1086 4315 εἱ
1148 4261 1224 4334 μή
1254 4260 1347 4315 τὸν
1380 4259 1683 4333 Ῥωμαϊκὸε
1713 4255 1876 4334 νόμον
1913 4261 1985 4315 εἶ-

338 4372 440 4428 χον
491 4351 895 4430 κολαφίζοντα;
931 4351 1024 4406 Διὸ
1055 4351 1265 4405 καὶτὸν
1311 4347 1584 4404 Ἰουδαίων
1640 4351 1715 4423 μὴ
1766 4369 1986 4426 συγχω-

339 4443 620 4517 ρυυμὲνων
651 4442 798 4514 παρά
825 4438 922 4496 τοῦ
954 4438 1194 4496 Πιλάτου
1242 4436 1485 4510 δέξασθαι
1535 4439 1597 4494 τὸ
1643 4444 1740 4494 τοῦ
1788 4441 1985 4514 Κυρίου

339 4536 518 4606 σῶμα,
550 4532 748 4609 Ἰωσὴφ
781 4531 808 4585 ὁ
841 4529 946 4586 ἀπὸ
978 4528 1359 4606 Ἀριμαθαίας,
1407 4527 1567 4607 φίλος
1613 4527 1685 4583 ὦν
1742 4533 1838 4584 τοῦ
1887 4536 1986 4585 Πι-

2183 3554 2333 3610 847
2367 3553 2420 3608 5.
2455 3554 2540 3610 Ob
2571 3570 2707 3609 eum
2739 3553 2920 3626 igitur
2966 3553 3216 3626 probum
3261 3553 3522 3610 ordinem
3574 3553 3763 3626 prima

2109 3644 2220 3699 sub
2274 3647 2541 3714 Augusto
2583 3642 2808 3699 Caesare
2854 3643 3170 3715 descriptio
3211 3643 3401 3699 edicta
3456 3643 3596 3699 fuit:
3648 3642 3765 3699 nisi

2107 3735 2266 3792 enim
2323 3735 2513 3791 edicta
2568 3735 2797 3806 fuisset,
2843 3751 3214 3807 nequaquam
3258 3735 3491 3791 Domini
3549 3751 3764 3807 corpus

2107 3826 2377 3897 perfectae
2402 3823 2719 3896 sepulturas
2741 3825 3023 3880 traditum
3048 3824 3256 3880 fuisset
3281 3825 3574 3892 ;t'uturum
3606 3823 3764 3879 enim

2104 3918 2230 3968 erat
2261 3917 2326 3967 ut
2352 3913 2695 3985 Judtei,prm
2719 3913 2902 3969 nimio
2933 3914 3150 3980 furore,
3169 3929 3382 3985 corpus
3412 3911 3645 3967 Domini
3665 3913 3767 3966 aut

2105 4000 2164 4055 in
2194 4001 2390 4073 ignem
2423 4002 2802 4072 conjicerent,
2834 4005 2936 4056 aut
2961 4001 3017 4056 in
3055 4019 3214 4057 mare
3244 4002 3668 4072 demergerent.
3702 3992 3762 4054 Si

2101 4090 2259 4144 enim
2286 4090 2542 4145 amicum
2566 4089 2676 4144 sibi
2704 4089 3020 4145 Jeremiam
3044 4091 3100 4144 in
3119 4091 3314 4146 lacum
3344 4090 3491 4146 caeni
3510 4089 3762 4145 demise-

2102 4183 2258 4244 runt,
2283 4178 2424 4249 quid
2459 4177 2671 4232 facturi
2702 4183 2869 4233 erant
2902 4179 2957 4233 in
2991 4177 3221 4234 Domini
3264 4196 3498 4250 corpus,
3552 4177 3666 4233 nisi
3698 4193 3760 4234 se

2099 4266 2470 4322 cohibentem
2504 4266 2858 4336 reperissent
2888 4267 3281 4322 Romanorum
3315 4266 3541 4339 legem?
3572 4270 3760 4333 Quare

2097 4370 2232 4410 cum
2264 4353 2484 4411 Judaeis
2517 4353 2763 4410 minime
2794 4355 3211 4411 concederetur
3233 4373 3266 4410 a
3288 4356 3472 4411 Pilato
3521 4359 3586 4410 ut
3631 4373 3758 4412 cor-

2098 4461 2210 4516 pus
2243 4443 2472 4499 Domini
2506 4442 3088 4515 acciperent,Joseph
3114 4444 3187 4499 ab
3210 4444 3589 4512 Arimathaea,
3615 4443 3760 4499 ami'

2098 4550 2202 4588 cus
2234 4533 2426 4600 Pilati,
2460 4531 2664 4589 adiens
2695 4531 2884 4602 illum,
2924 4532 3094 4606 petiit
3146 4533 3219 4590 ab
3274 4551 3340 4590 eo
3391 4550 3604 4605 corpus
3647 4537 3757 4589 Do-

339 4619 506 4676 λάτου
537 4617 854 4698 προσελθὼν
888 4618 1130 4694 ᾐτήσατο
1161 4625 1285 4693 παρ’
1330 4618 1494 4673 αὐτοῦ
1538 4619 1601 4673 τὸ
1645 4623 1742 4674 τοῦ
1789 4619 1986 4694 Κυρίου

2123 4622 2266 4689 nini,
2309 4621 2486 4678 allato
2529 4639 2632 4694 pro
2679 4639 2748 4678 ea
2785 4639 2844 4679 re
2896 4623 3120 4695 ingenti
3166 4624 3370 4696 pretio.
3421 4622 3759 4679 Necessaria

337 4714 516 4783 σῶμα,
570 4708 893 4786 ἀσύγκριτόν
951 4729 1006 4763 τι
1072 4709 1186 4781 (81)
1253 4707 1633 4783 προσενέγκας.
1702 4708 1990 4783 Ἀναγκαία

333 4798 511 4854 τοίνυν
571 4801 607 4868 ἡ
669 4797 957 4875 ἀπογραφή
1003 4798 1039 4866 ἡ
1090 4795 1178 4852 ἐπὶ
1222 4795 1532 4872 Αὐγούστου
1593 4797 1882 4873 Καίσαρος·
1943 4798 1989 4853 εί

2099 4713 2297 4784 itaque
2342 4711 2452 4767 fuit
2499 4711 2816 4784 descriptio
2855 4713 2966 4769 sub
3014 4714 3271 4786 Augusto
3307 4713 3532 4770 Cassare
3574 4713 3758 4769 facta:

2098 4801 2336 4859 tametsi
2365 4801 2545 4871 enim,
2579 4801 2664 4857 uti
2699 4802 2872 4860 modo
2914 4803 3153 4873 audisti,
3203 4821 3460 4876 sponsus
3508 4801 3762 4877 Virginis

403 4935 450 4970 “
476 4934 506 4990 J
523 4951 645 4992 .ian.
677 4950 795 5004 xxx,
835 4933 918 4998 l2,
957 4931 1004 4967 ⁸⁸
1032 4929 1236 4987 Matth.
1269 4947 1444 4998 xxvu,
1475 4931 1568 5002 22,
1601 4931 1646 4966 ⁸⁸
1674 4930 1844 4987 Joan.
1876 4949 1993 5001 xxx,
2027 4933 2113 4990 15.

403 5090 518 5159 05)
548 5085 703 5144 Colb.
739 5087 793 5158 1,
821 5087 880 5155 2,
919 5081 1263 5159 ἀδιακρίτως.
1299 5084 1450 5159 Mox_
1468 5083 1666 5159 iidem,
1699 5083 1983 5155 Ῥωμαίων

333 5154 832 5234 ψευδοκατήγορίας
869 5154 1240 5234 πλασάμενοι,
1292 5155 1404 5234 καὶ⁸
1433 5154 1980 5234 εξτιαιτούμενοι-τῶν

334 5224 778 5307 λεγομὲνων’τῆν
809 5224 1102 5307 ἀπόδειξιν.
1137 5225 1240 5307 Aid
1260 5225 1350 5282 καὶ
1383 5225 1411 5280 ὁ
1442 5224 1572 5282 Πιλ.
1607 5224 1740 5307 Μῌὸχ
1781 5227 1983 5300 iidem,

334 5300 506 5360 κυνῶν
539 5301 692 5374 δίκην
727 5301 1111 5374 ὑλακτοῦντας,
1144 5300 1244 5356 alii
1274 5302 1827 5374 xoivoyawacoﬁvruc.

407 5377 521 5447 (76)
555 5369 660 5432 Sic'
703 5391 879 5447 mss._
908 5369 1670 5447 Εᾶὶιὶ-ίνονο,ν,ἀναςρὲσεως,
1698 5442 1711 5447 _
1751 5369 1986 5426 omissis

334 5442 566 5573 innati};
606 5448 760 5573 lii/10;,
810 5443 1004 5505 πάντες
1048 5445 1249 5501 deerat
1297 5444 1355 5500 in
1387 5442 1586 5510 editis,
1618 5442 1988 5514 habeturque

334 5536 393 5573 ιῑι
471 5537 502 5573 Ο
573 5561 586 5573 .
655 5563 671 5573 .
744 5557 757 5571 ο

334 5519 393 5575 in
427 5519 586 5576 Colb.
618 5521 671 5576 1.
701 5519 757 5572 2.

404 5563 822 5661 (ῐῆΐέιέὦὲε.
855 5585 1032 5651 Editi,
1064 5583 1100 5652 ἢ
1137 5581 1511 5661 δλωςΑᾲλθαρ.

410 5650 800 5732 (78)(101δ.1,
826 5661 884 5730 2,
938 5650 1223 5725 ζωοποιεῖν
1285 5650 1478 5717 θέλειξ.
1536 5652 1691 5712 Ἀλλ’
1744 5650 1870 5710 οὐδὲ
1901 5653 1988 5708 οῦ-

336 5748 472 5794 τως.

2165 5087 2280 5215 (79)
2313 5088 2406 5144 Sic
2437 5089 2572 5145 Colb
2625 5091 2677 5157 1,
2717 5090 2771 5144 2.
2824 5089 2978 5146 Editi
3008 5107 3164 5174 vero,
3198 5089 3255 5144 ὅν
3286 5090 3469 5167 λέγετε
3497 5090 3748 5166 Χριστόν.

2095 5159 2156 5215 ln
2190 5160 2443 5234 raColb.
2475 5163 2528 5234 _2,
2564 5161 2994 5234 συγκατενευσεν.
3028 5165 3365 5234 Ιὺιᾱηϐοἰὸ.
3421 5167 3470 5229 1,
3501 5165 3558 5231 2,
3608 5161 3748 5216 ἅνω-

2097 5240 2182 5320 θεν
2216 5230 2320 5306 γὰρ
2347 5231 2412 5302 ἦν
2440 5231 2502 5287 τὸ
2531 5230 2743 5305 πνεῦμα
2771 5232 3036 5295 τοιούτως
3084 5231 3344 5310 γενέσθαι.
3398 5235 3494 5288 Διὰ
3547 5230 3748 5305 ταύτην

2095 5322 2562 5446 το(8ιίῆ.οιιίάεω
2595 5392 2740 5431 mss.
2793 5377 3144 5448 κατνςγγισαν.
3203 5377 3361 5448 Infra
3410 5394 3554 5434 mss.
3589 5379 3745 5448 utin

2096 5444 2276 5502 teitu.
2313 5447 2462 5524 Εᾱὶξί
2491 5463 2646 5514 vero,
2677 5444 3100 5524 163v_jleo§aiimy
3151 5445 3355 5524 μηδενὶ-
3395 5447 3746 5524 συγχωρούν-

2093 5536 2224 5572 των.
2272 5559 2284 5573 .
2331 5559 2344 5574 .
2388 5517 2544 5580 οὗτος
2597 5515 2877 5572 ποσελθὼν
2930 5515 3173 5592 ᾐτήσατο
3217 5515 3367 5596 παρά
3420 5515 3538 5575 τόῖῗ
3574 5515 3748 5576 Πιλά-

2093 5608 2474 5804 fflb'
2537 5661 2588 5734 1³
2643 5661 2698 5729 ²’
2747 5655 3068 5735 ἀσύκγριτον
3115 5661 3304 5734 τιμήν.
3355 5663 3530 5738 Editi,
3589 5660 3752 5740 ἀσῦγ..
