4120 6376
357 386 476 447 951

1559 388 1621 448 S.
1671 384 2194 450 ATHANASIUS.
2216 418 2295 432 —
2323 386 2587 451 DUBIA.

3664 393 3782 453 952

360 534 609 576 moerere
637 519 879 577 affectus
910 523 1018 588 est,
1079 523 1339 577 attamen
1390 520 1653 577 mundus
1699 519 2013 577 universus

2136 516 2228 593 γὰρ
2276 518 2365 574 καὶ
2424 519 2453 575 ὁ
2515 520 2765 595 μνηστὴρ
2820 521 2920 590 τῆς
2979 520 3274 596 Παρθένου,
3341 522 3520 585 καθὼς
3578 521 3781 600 ἀρτίως

362 608 786 683 praestantioris
818 609 1037 666 ordinis
1083 609 1321 666 initium
1367 611 1610 683 accepit.
1663 609 1812 676 Quid
1871 607 2016 664 illud

364 703 473 767 est,
499 698 764 771 Sponsus
784 699 1045 773 Virginis
1078 716 1325 755 maerore
1363 700 1607 755 affectus
1643 705 1732 755 est
1753 698 1782 754 ‘2
1817 696 2020 771 paucis

364 790 654 846 ausculta.
689 790 835 846 Cum
860 789 1075 862 Josepb
1108 789 1368 863 Virginis
1407 807 1683 863 sponsus,
1734 794 1799 845 ut
1847 789 2019 844 modo

362 879 601 949 audisti,
635 883 871 952 prapter
891 879 1140 953 Augusti
1171 896 1414 935 censum
1442 879 1500 934 in
1546 877 1840 935 Bethleem
1881 895 2018 933 con-

360 969 538 1025 cessit
593 985 728 1025 cum
790 969 973 1024 Maria
1038 970 1399 1042 desponsata
1449 969 1562 1024 sibi
1630 984 1808 1024 uxore
1869 984 2018 1038 prm-

357 1061 598 1131 gnante,
648 1058 961 1131 ignorabat
1006 1058 1228 1131 Joseph
1273 1058 1619 1131 mysterium
1668 1057 1729 1112 in
1777 1054 2017 1129 Virgine

355 1147 647 1219 abditum,
682 1149 931 1204 necdum
982 1147 1175 1222 angeli
1206 1147 1511 1205 oraculum
1575 1150 1914 1219 acceperat:
1959 1149 2022 1200 at

355 1234 556 1308 Virgo,
586 1240 715 1293 tum
746 1254 814 1293 ex
831 1237 1044 1305 verbis,
1088 1241 1213 1293 tum
1250 1253 1319 1293 ex
1364 1236 1517 1292 uteri
1559 1240 1811 1301 tumore,
1863 1239 2020 1290 certo

361 1324 585 1383 sciebat
630 1326 773 1399 quid
811 1330 1045 1399 gestum
1092 1332 1295 1395 esset;
1344 1331 1563 1398 quanto
1613 1327 1770 1381 enim
1829 1324 2020 1397 magis

361 1418 564 1472 uterus
595 1415 1228 1483 intumescebat,tanto
1248 1416 1604 1472 securiorem
1637 1415 1815 1487 Virgo
1835 1413 2019 1469 vitam

364 1504 632 1577 degebat,
672 1521 794 1562 una
840 1504 1239 1578 virginitatem
1289 1522 1531 1562 servans
1584 1504 2019 1571 intemeratam,

362 1593 666 1666 fetumque
691 1598 930 1667 gestans
961 1594 1104 1651 citra
1145 1593 1236 1652 vel
1288 1593 1598 1651 minimam
1648 1592 2018 1662 molestiam;

363 1698 468 1739 nec
499 1686 734 1740 tantum
763 1682 863 1740 illo
893 1688 1150 1757 gravata,
1184 1688 1475 1757 quantum
1522 1683 1734 1740 levata.

2125 603 2347 677 ἤκουες,
2378 605 2711 683 ὲστύγνασέν,
2747 605 2874 662 ἀλλ’
2904 607 3057 682 ὅμως
3092 609 3120 664 ὁ
3166 609 3381 684 σύμπας
3424 609 3631 684 κόσμος
3680 612 3784 688 ἀρ-

2127 696 2236 770 χὴν
2291 695 2531 768 εὐταξίας
2562 694 2795 768 ἐδέξατο.
2823 697 2885 753 Τί
2917 696 3079 769 ἐστιν,
3111 699 3168 753 '0
3206 699 3454 775 μνηστήρ
3484 707 3586 770 τῆς
3629 705 3778 778 Παρ-

2129 783 2282 839 θένου
2342 784 2671 860 ἐστῦγνασεν,
2732 786 2893 842 ἄκουε
2951 784 3041 842 διὰ
3101 787 3376 865 βραχέων.
3435 789 3622 845 Ἡνίκα
3660 791 3781 848 Ἰω-

2129 875 2238 952 σὴφ
2265 876 2292 929 ὁ
2329 877 2572 952 μνηστήρ
2603 884 2703 946 τῆς
2732 876 3032 953 Παρθένου,
3080 879 3260 941 καθὼς
3308 877 3510 955 ἀρτίως
3557 878 3780 953 ἤκουες,

2130 959 2219 1018 διὰ
2247 965 2345 1033 τὴν
2377 964 2695 1044 ἀπογραφὴν
2726 970 2823 1021 τοῦ
2854 966 3170 1042 Αὐγούστου
3216 969 3316 1037 τὴν
3352 968 3613 1043 Βηθλεὰμ
3653 991 3783 1026 κατ-

2128 1048 2401 1126 ελάμϐανε
2459 1053 2551 1109 σὺν
2600 1054 2827 1131 Μαριὰμ
2879 1059 2948 1130 τῇ
3011 1059 3463 1131 μεμνηστευμένῃ
3511 1059 3659 1130 αὑτῷ
3686 1081 3782 1135 γυ-

2127 1142 2293 1211 ναικὶ,
2352 1140 2484 1219 οὔσῃ
2540 1142 2737 1219 ἐγκύῳ,
2792 1143 2977 1220 ἠγνόει
3033 1146 3062 1200 ὁ
3121 1145 3324 1224 Ἰωσὴφ
3364 1145 3428 1201 τὸ
3458 1145 3509 1201 έν
3566 1151 3636 1222 τῇ
3669 1149 3785 1222 (82)

2130 1232 2385 1308 Παρθένῳ
2419 1233 2962 1311 μυσταγωγούμενοψ
2998 1233 3097 1290 οὐκ
3145 1238 3211 1304 ἧι
3258 1232 3473 1291 οὐδέπω
3522 1238 3779 1312 χρησμὸν

2129 1320 2369 1397 ἀγγέλου
2474 1320 2812 1397 δεξάμενος.
2906 1325 2968 1382 Ἡ
3060 1325 3332 1401 Παρθένος
3408 1326 3470 1381 τὸ
3545 1324 3786 1397 ἀσφαλὲς

2129 1409 2407 1483 ἐκέκτητο,
2438 1412 2629 1486 καὶτῷ
2655 1410 2805 1490 λόγῳ
2833 1412 2924 1468 καὶ
2953 1416 3033 1486 τῷ
3063 1409 3235 1489 ὄγκῳ
3270 1413 3397 1469 ὅσον
3424 1414 3525 1491 γὰρ
3556 1418 3654 1485 τῆς
3684 1436 3787 1491 γα-

2129 1500 2290 1573 στρὸς
2320 1503 2355 1570 ἡ
2387 1496 2609 1573 αὔξησις
2641 1500 2870 1577 ἐγίνετο,
2908 1507 3167 1558 τοσοῦτον
3225 1505 3260 1573 ἡ
3324 1503 3597 1579 Παρθένος
3649 1505 3785 1579 ἆμε-

2131 1589 2452 1667 ριμνότερον
2517 1591 2632 1667 βίον
2693 1586 2976 1668 διέτριϐεν·
3038 1592 3181 1665 ὁμοῦ
3231 1592 3321 1647 καὶ
3364 1593 3465 1662 τήν
3496 1594 3783 1671 παρθενίαν

2040 1710 2047 1716 -
2130 1678 2436 1751 ἀμόλυντον
2506 1673 2883 1758 φυλάττουσα,
2954 1681 3043 1735 καὶ
3116 1681 3205 1736 τὸν
3281 1680 3440 1737 τόκον
3521 1682 3787 1739 ἆσκυλτον

2131 1768 2353 1845 ἄγουσα,
2381 1768 2442 1825 οὐ
2473 1773 2728 1825 τοσοῦτον
2760 1770 3103 1842 κοπουμένη,
3137 1769 3261 1826 ὅσον
3294 1770 3692 1848 κουφιζομένη.

427 1862 482 1918 6.
515 1861 737 1919 l-lorum
760 1878 940 1919 causa
960 1861 1169 1919 anxius
1199 1861 1440 1936 Joseph,
1475 1879 1608 1920 cum
1640 1862 1862 1918 videret
1891 1876 2021 1916 eam

2201 1859 2256 1913 6.
2290 1857 2434 1933 Πρὸς
2458 1856 2676 1921 τούτοις
2729 1859 2975 1934 ἀγωνιῶν
3025 1860 3138 1933 (83)
3171 1859 3199 1914 ὁ
3247 1859 3472 1936 Ἰωσὴφ,
3526 1860 3603 1922 ὡς
3650 1856 3787 1916 είδεν

359 1955 597 2006 uterum
650 1955 900 2024 gestare,
961 1950 1375 2025 ignoraretque
1441 1952 1602 2008 intus
1658 1949 2026 2008 reconditum

358 2040 734 2109 thesaurum,
761 2057 1010 2097 mcerore
1032 2041 1299 2107 affectus,
1337 2040 1641 2114 Virginem
1685 2040 1744 2097 in
1791 2040 1885 2095 via
1922 2039 2028 2095 ob-

353 2129 619 2202 jurgavit
651 2128 811 2185 hisce
841 2129 1032 2186 verbis
1066 2147 1079 2185 :
1114 2129 1263 2194 Quid
1297 2130 1404 2185 tibi
1435 2130 1687 2201 videtur,
1720 2145 1752 2186 ο
1802 2127 2032 2184 Maria?

364 2217 570 2276 Nonne
597 2222 660 2274 tu
694 2235 757 2275 es
785 2236 912 2291 quae
947 2225 1009 2275 ut
1028 2220 1357 2276 verecunda
1375 2218 1550 2293 Virgo
1581 2219 1641 2276 in
1682 2218 1889 2291 templi
1935 2234 2027 2274 se-

372 2312 475 2380 pto
507 2324 569 2364 es
600 2308 895 2365 educata?
938 2309 1142 2365 Nonne
1173 2312 1234 2365 tu
1286 2327 1369 2378 es,
1421 2327 1454 2366 ο
1499 2309 1700 2377 Maria,
1747 2326 1874 2381 quae
1922 2307 2030 2363 viri

376 2401 683 2470 aspectum
717 2415 834 2454 non
866 2397 1247 2455 sustinebas?
1274 2399 1479 2457 Nonne
1518 2403 1581 2454 tu
1612 2416 1697 2467 es,
1736 2414 1768 2454 ο
1829 2396 2028 2466 Maria,

375 2503 503 2559 quae
534 2492 733 2543 contra
766 2489 1130 2560 propositum
1161 2492 1323 2544 tuum
1354 2505 1447 2544 me
1496 2487 1556 2543 in
1599 2505 1885 2559 sponsum
1929 2486 2031 2543 ad-

378 2574 635 2632 misisti?
662 2576 866 2633 Nonne
898 2582 960 2633 tu
990 2595 1072 2646 es,
1098 2596 1130 2634 ο
1162 2579 1365 2647 Maria,
1396 2595 1524 2650 qua:
1555 2577 1911 2651 virginitatis
1937 2595 2031 2634 ro-

374 2680 504 2720 sam
543 2664 1092 2722 immarcessibilem
1141 2684 1371 2723 servare
1407 2667 1799 2738 peroptabas‘?
1826 2667 2031 2724 Nonne

372 2757 433 2809 tu
471 2770 555 2822 es,
605 2770 638 2809 ο
695 2754 900 2821 Maria,
944 2772 1071 2828 qua:
1128 2760 1458 2812 Eusannam
1509 2755 1819 2827 diligebas,
1859 2756 2030 2829 Egy-

367 2841 554 2914 ptiam
585 2844 793 2900 oderas
820 2843 848 2900 ?
876 2844 1081 2901 Nonne
1100 2849 1161 2901 tu
1187 2862 1271 2912 es,
1312 2862 1344 2901 ο
1375 2845 1580 2912 Maria,
1623 2862 1751 2916 quae
1798 2844 1853 2901 vi
1903 2852 2031 2901 stu-

364 2935 596 3004 pratum
642 2932 903 2988 Thamar
944 2951 1098 3005 saepe
1140 2933 1375 3007 lugebas
1436 2935 1502 3006 ‘7,
1546 2938 1605 2989 et
1657 2934 2027 3006 impudicum

360 3026 694 3077 Amnonem
728 3022 1151 3079 exsecrabare?
1181 3027 1475 3091 Quorsum
1508 3022 1652 3079 abiit
1696 3021 1793 3078 ille
1836 3023 2027 3079 conti-

362 3109 577 3166 nentiae
602 3115 715 3166 tua:
746 3110 1091 3168 thalamus?
1122 3114 1416 3179 Quorsum
1440 3110 1538 3168 ille
1573 3111 1866 3169 castitatis
1916 3112 2023 3168 iui-

360 3198 694 3254 maculatus
724 3198 971 3256 thorus?
1025 3200 1318 3265 Quorsum
1362 3199 1727 3256 verecundus
1771 3199 1869 3256 ille
1906 3199 2027 3255 vul-

2136 1943 2303 2017 αὐτὴν
2350 1947 2486 2003 κατά
2525 1947 2754 2024 γαστρὸς
2803 1943 3056 2024 ἔχουσαν,
3117 1945 3210 2003 τὰν
3262 1943 3469 2003 ἔνδοθεν
3517 1949 3789 2024 θησαυρὸν

2138 2036 2368 2110 ἀγνοῶν,
2423 2035 2735 2113 στυγνάσας,
2785 2036 2922 2090 κατᾶ
2969 2037 3068 2106 τήν
3114 2034 3237 2092 ὁδὸν
3293 2032 3600 2093 ἀντέϐαλλε
3653 2038 3790 2114 πρὸς

2135 2125 2235 2194 τὴν
2286 2123 2579 2198 Παρθένον,
2632 2124 2828 2202 λέγων·
2877 2124 2938 2179 Τί
2989 2146 3072 2180 σοι
3118 2125 3183 2181 τὸ
3215 2123 3396 2197 δόξαν,
3430 2127 3653 2203 Μαρίας
3712 2127 3790 2184 Οὐ

2138 2212 2202 2268 σὺ
2234 2215 2284 2268 εἴ
2309 2215 2345 2283 ἡ
2378 2215 2452 2276 ὡς
2485 2211 2766 2287 αἰδέσιμος
2797 2212 3062 2291 Παρθένος
3092 2214 3142 2269 ἒν
3176 2220 3291 2277 τοῖς
3334 2215 3505 2292 ἱεροῖς
3560 2211 3795 2292 περιϐό-

2140 2301 2264 2365 λοις
2315 2302 2708 2381 ἀνατραφεῖσα;
2761 2301 2836 2361 Οὐ
2886 2302 2948 2357 σὺ
3011 2302 3062 2358 εἴ
3109 2303 3363 2379 Μαριὰμ,
3412 2305 3448 2373 ἡ
3497 2305 3791 2380 πρόσωπον

2141 2390 2335 2470 ἀνδρὸς
2382 2395 2652 2469 θεωρῆσαι
2700 2395 2776 2468 μή
2827 2390 3282 2470 καταδεχομένη;
3333 2394 3410 2453 Οὐ
3459 2394 3522 2450 σὺ
3567 2398 3618 2452 εἴ
3673 2398 3794 2455 Μα-

2141 2483 2297 2561 ριὰμ,
2367 2486 2403 2554 ἡ
2478 2484 2625 2559 παρᾶ
2697 2483 2951 2558 πρόθεσιν
3023 2484 3454 2559 κατεγγυηθῆναι
3519 2506 3614 2559 μοι
3671 2506 3792 2541 πει-

2141 2574 2321 2627 σθεῖσα
2363 2574 2511 2645 (84);
2562 2571 2638 2631 Οὐ
2684 2571 2748 2627 σὺ
2798 2571 2849 2628 εἶ
2890 2572 3136 2647 Μαριὰμ,
3185 2574 3220 2643 ἡ
3251 2573 3313 2628 τὸ
3342 2580 3443 2643 τῆς
3503 2574 3791 2651 παρθενίας

2140 2659 2302 2739 ῥόδον
2354 2661 2663 2738 ἀμάραντον
2710 2660 2940 2741 φυλάξαι
2985 2661 3432 2738 προσευξαμένη;
3493 2662 3570 2722 Οὐ
3633 2663 3697 2719 σὺ
3743 2664 3794 2720 εί

2138 2750 2391 2825 Μαριὰμ,
2424 2753 2458 2821 ἡ
2490 2751 2589 2821 τὴν
2620 2753 2901 2807 Σωσάνναν
2934 2752 3278 2827 ἀγαπήσασα,
3327 2752 3419 2807 καὶ
3466 2754 3567 2823 τὴν
3622 2753 3788 2829 Αἴγυ-

2137 2841 2293 2896 πτίαν
2348 2843 2654 2915 μισήσασα;
2715 2841 2792 2899 Οὐ
2842 2840 2904 2896 σὺ
2954 2841 3002 2896 εί
3046 2842 3293 2918 Μαριὰμ,
3335 2843 3369 2913 ἡ
3400 2842 3500 2912 τὴν
3559 2843 3794 2919 βιασθεῖ-

2138 2951 2233 2986 σαν
2290 2931 2479 3007 Θσὶμαρ
2536 2929 2930 3006 ἀναλεγομένη,
2989 2929 3077 2985 καὶ
3151 2930 3244 2986 τὸν
3303 2931 3533 2987 ἄτακτον
3588 2933 3787 3006 Ἀμνὸν

2141 3017 2545 3096 βδελυττομένη
2575 3038 2588 3087 ;
2626 3023 2737 3073 Ποῦ
2770 3040 2864 3074 σου
2893 3025 2995 3089 τῆς
3025 3018 3380 3098 σωφροσύνης
3427 3021 3455 3075 ὁ
3506 3019 3789 3096 θάλαμος;

2138 3110 2253 3165 llo?»
2284 3129 2379 3163 σου
2408 3111 2507 3173 τῆς
2541 3106 2750 3183 ἁγνείας
2782 3110 2817 3177 ὴ
2869 3105 3099 3169 ἃσπιλος
3143 3110 3351 3171 παστὰς
3399 3112 3520 3165 Ποῦ
3578 3130 3673 3166 σου
3728 3109 3792 3165 τὸ

2135 3194 2436 3251 αἷδεστικὸν
2468 3196 2800 3270 πρόσωπον;
2837 3196 2976 3271 Ἐγὼ
3008 3195 3362 3275 αἰσχύνομαι,
3391 3196 3482 3252 καὶ
3528 3197 3590 3253 σὺ
3637 3197 3781 3274 παῤ-

358 3285 507 3342 tus?
537 3285 653 3359 Ego
685 3289 906 3358 pudore
937 3286 1180 3358 afﬁcior,
1203 3293 1264 3343 tu
1293 3288 1654 3344 conﬁdenter
1682 3287 1852 3360 agis?
1881 3287 2027 3352 Quia

2138 3284 2448 3363 ῥησιάζεις;
2479 3287 2602 3343 Ὅτι
2634 3290 2827 3341 σιωπῶ
2864 3287 2964 3356 τὴν
2994 3285 3258 3361 ἁμαρτίαν
3290 3307 3407 3359 σου,
3468 3286 3616 3344 οὕτω
3649 3287 3792 3359 πλη-

362 3379 671 3446 peccatum
701 3376 844 3432 sileo
860 3380 1147 3441 'tuum,tu
1178 3377 1421 3449 prepius
1453 3378 1717 3433 accedere
1749 3378 2029 3434 festinas?

365 3462 491 3519 Non
521 3464 683 3520 vides
714 3464 826 3519 alvi
845 3469 958 3521 tuae
982 3468 1276 3522 tumorem
1302 3467 1511 3521 Plutus
1538 3465 1734 3522 infans
1759 3466 2026 3538 palpitat,

369 3557 429 3610 et
454 3556 519 3607 tu
551 3552 721 3626 quasi
748 3553 894 3610 nihil
938 3559 1175 3627 experta
1222 3554 1429 3611 hilaris
1486 3554 1597 3611 es?
1634 3555 1767 3625 Abi,
1826 3556 2031 3624 Maria,

369 3641 628 3714 remigra
655 3643 717 3698 in
747 3642 988 3700 domum
1018 3650 1213 3700 tuam:
1248 3661 1441 3716 quare
1474 3644 1770 3716 pudiCitim
1798 3648 1914 3701 tuas
1946 3646 2031 3701 fu-

370 3746 519 3799 rem,
541 3747 675 3787 cum
710 3731 812 3788 illo
845 3732 1199 3789 describere.
1236 3733 1351 3804 Ego
1391 3732 1810 3789 contumeliam
1867 3733 2031 3789 illam

371 3836 487 3875 non
520 3820 791 3887 admitto,
819 3820 1041 3877 nullam
1061 3822 1131 3877 ad
1146 3838 1377 3894 poenam
1409 3822 1838 3894 deprecandam
1870 3820 2033 3880 inve-

371 3907 497 3965 nies
523 3909 979 3965 excusationem.
1015 3911 1167 3966 Tum
1201 3910 1371 3983 Virgo
1390 3911 1460 3965 ad
1488 3912 1813 3983 Josephum
1843 3929 1855 3969 :
1882 3912 2034 3978 Quid

368 3996 721 4069 indignaris,
756 3998 837 4053 mi
860 3997 1120 4070 sponse?
1154 3998 1301 4066 Quid
1333 4016 1427 4055 me
1458 4004 1524 4055 ut
1551 3998 1916 4072 impudicam
1938 4002 2036 4057 da-

371 4085 583 4141 mnas?
604 4085 749 4151 Quid
772 4087 1211 4144 contumeliosis
1232 4087 1417 4144 oculis
1441 4088 1590 4144 uteri
1608 4089 1721 4144 mei
1742 4094 2035 4145 tumorem

373 4174 668 4246 conspicis
687 4175 715 4230 ‘?
735 4175 883 4239 Quid
908 4192 1001 4231 me
1020 4177 1093 4232 ad
1117 4177 1587 4234 erubescendum
1618 4178 1778 4251 cogis
1794 4179 1821 4234 ?
1843 4178 2041 4235 Gloria

373 4279 507 4319 sum
539 4263 879 4337 mulierum,
905 4282 937 4321 a
967 4266 1158 4339 priore
1188 4266 1321 4322 illas
1347 4267 1712 4339 turpitudine
1734 4283 2035 4341 emergere

372 4352 523 4410 feci:
558 4354 732 4410 Evam
757 4356 1017 4412 revocavi
1048 4371 1060 4410 :
1087 4355 1144 4428 ig
1159 4373 1291 4412 nem
1326 4356 1607 4412 transtuli
1638 4356 1923 4429 gladium,
1983 4362 2041 4414 et

374 4445 438 4498 tu
462 4442 735 4514 meiuhes
768 4443 1092 4500 occultari?
1110 4444 1290 4500 Nemo
1311 4461 1511 4517 pcenas
1529 4461 1563 4501 a
1590 4462 1682 4501 me
1714 4461 2025 4517 reposcere

381 4531 614 4604 poterit,
650 4546 778 4604 quas
809 4549 1186 4590 communem
1213 4531 1478 4589 omnium
1512 4538 1675 4605 gesto
1698 4533 2037 4589 Dominum.

2135 3373 2404 3451 σιὲστερον
2432 3379 2634 3450 χωρεῖν
2690 3371 2957 3450 ἐπείγεσαι
2989 3375 3105 3449 (85)
3134 3394 3148 3445 ;
3180 3373 3299 3452 Οὐχ
3329 3376 3456 3450 ὁρᾷς
3485 3375 3576 3432 τὸν
3628 3371 3786 3453 ὄγκον

2134 3469 2237 3532 τῆς
2285 3462 2499 3525 κοιλίας
2546 3481 2680 3532 σου;
2731 3459 2920 3518 Ἐνδον
2967 3461 3030 3517 τὸ
3078 3462 3277 3541 βρέφος
3308 3464 3545 3538 σπαίρει,
3602 3463 3787 3521 καὶσὺ

2139 3551 2213 3614 ὡς
2282 3549 2603 3626 ἀπείραστος
2671 3555 2987 3627 πειρασμῶν
3036 3549 3341 3630 φαιδρύνῃ;
3393 3557 3604 3621 νΑπιθι,
3663 3555 3784 3611 Μα-

2141 3641 2295 3716 ριάμ·
2349 3639 2682 3716 ὑπόστρεψον
2734 3639 2809 3702 εἷς
2836 3640 2927 3696 τὸν
2957 3640 3105 3696 οἶκόν
3136 3662 3251 3697 σου·
3305 3640 3634 3713 ἐπιζήτησον
3690 3644 3783 3698 τὸν

2139 3728 2505 3805 κλεψίγαμον·
2538 3729 2724 3802 ἐκείνῳ
2772 3728 3203 3807 ἐναπογράφηθι.
3256 3728 3584 3804 Ἀλλοτρίαν
3636 3725 3791 3807 ὕϐριν

2143 3816 2206 3873 οὐ
2248 3814 2646 3893 καταδέχομαι·
2701 3816 2807 3894 οὐχ
2855 3818 3119 3895 εὑρίσκεις
3170 3817 3466 3896 ἀπολογίαν
3524 3820 3662 3896 πρὸς
3691 3820 3795 3888 τὴν

2141 3905 2434 3980 τιμωρίαν.
2483 3907 2547 3963 ἸΙ
2592 3903 2650 3961 δὲ
2692 3906 2969 3983 Παρθένος
3011 3907 3148 3981 πρὸς
3178 3909 3270 3964 τὸν
3307 3909 3535 3981 Ἰωσήφ·
3569 3908 3637 3966 Τί
3670 3905 3798 3964 δυσ-

2143 3994 2437 4071 χεραίνεις,
2498 4001 2733 4070 μνῆστερ
2784 3993 2963 4069 luci};
3009 3995 3078 4052 Τί
3126 3997 3203 4059 ὡς
3232 3996 3466 4053 ἀτάκτου
3500 4017 3605 4071 μου
3634 4018 3805 4054 κατα-

2144 4085 2445 4164 ψηφίζειςς
2496 4082 2554 4139 Τί
2603 4078 2942 4162 ἐφυϐρίστοις
2995 4084 3301 4163 ὀφθαλμοῖς
3344 4087 3437 4142 τὸν
3495 4082 3658 4162 ὄγκον
3707 4093 3806 4156 τῆς

2143 4174 2372 4250 γαστρός
2426 4194 2531 4247 μου
2574 4168 2964 4247 περιϐλέπεις;
3015 4173 3081 4231 Τί
3125 4173 3375 4251 ἐρυθριᾷν
3435 4197 3501 4250 με
3530 4196 3809 4252 καταναγ-

2145 4262 2366 4332 κάζεις;
2429 4261 2564 4332 Δόξα
2619 4266 2728 4317 τῶν
2785 4268 3052 4337 γυναικῶν
3108 4266 3324 4342 γέγονα·
3376 4272 3477 4335 τῆς
3538 4266 3806 4342 προτέρας

2147 4350 2313 4413 αὐτὰς
2364 4349 2632 4425 αἰσχύνης
2690 4348 2946 4407 ἀπέδυσα’
3003 4353 3103 4422 τὴν
3162 4351 3302 4409 Εὕαν
3365 4353 3797 4428 ἆηκαλεσάμην·

2145 4441 2246 4509 τὴν
2279 4437 2541 4518 φλογίνην
2603 4438 2874 4517 ῥομφαίαν
2933 4443 3254 4514 μετέστησα·
3308 4443 3397 4499 καὶ
3438 4441 3502 4498 σὺ
3530 4442 3807 4499 καλύπτε·

2151 4528 2271 4592 σθαί
2304 4548 2371 4601 με
2398 4527 2820 4603 παρασκευάζεις
2842 4531 2990 4604 (86);
3031 4528 3225 4594 Οὐδεὶς
3275 4528 3429 4596 δίκας
3484 4532 3585 4606 ἐμὲ
3641 4529 3808 4604 δυνή-

379 4619 439 4675 Si
471 4621 542 4677 de
574 4635 667 4676 me
704 4621 834 4692 ipsa
884 4621 1291 4678 testimonium
1341 4620 1549 4689 feram,
1611 4621 1807 4679 inanis
1846 4620 2027 4694 gloria

2154 4636 2299 4671 σεται
2359 4615 2759 4691 εἰσπράξασθαι·
2809 4617 2986 4672 κοινὸν
3031 4620 3133 4695 γὰρ
3184 4619 3458 4691 Δεσπότην
3526 4619 3798 4697 βαστάζω.

384 4708 599 4779 cupida
648 4708 1073 4781 deprehendar.
1116 4709 1424 4766 Paululum
1466 4715 1762 4782 exspecta,
1798 4708 2027 4781 Joseph.

2152 4706 2273 4761 Ἐὰν
2342 4704 2451 4781 ἐγὼ
2491 4706 2616 4783 περὶ
2675 4705 2916 4780 ἐμαυτῆς
2981 4712 3333 4785 μαρτυρήσω,
3392 4709 3466 4773 ὡς
3524 4708 3807 4780 κενόδοξός

380 4796 604 4876 tibique
635 4803 898 4869 pastores
941 4815 1078 4855 vera
1117 4799 1573 4870 persuadebunt,
1615 4804 1674 4855 te
1714 4799 1871 4871 magi
1921 4815 2027 4854 ceri

2150 4816 2236 4859 τις
2293 4795 2679 4873 εὑρεθήσομαι.
2730 4798 2935 4873 Μικρὸν
2989 4799 3415 4873 καρτέρησον,ὦ
3454 4800 3680 4876 Ἰωσὴφ,
3718 4798 3809 4854 καὶ

379 4869 589 4942 tiorem
641 4885 897 4943 facient:
935 4869 1380 4959 stellaipudore
1428 4888 1677 4944 afﬁciet:
1727 4869 1921 4961 angeli
1971 4905 2027 4943 at

2153 4869 2410 4958 ποιμένες
2470 4905 2529 4940 σε
2579 4869 2874 4940 πείσουσιν·
2939 4869 3101 4960 μάγοι
3267 4869 3814 4966 πληροφορήσουσιν·

381 4976 895 5048 compunctionem
917 4976 1274 5033 excitabunt.
1290 4976 1318 5033 J
1328 4994 1423 5033 am
1456 4976 1895 5050 dubitas,paulo
1913 4994 2027 5050 pos‘

2153 4973 2324 5050 ἀστήρ
2384 4995 2442 5029 σε
2490 4970 2824 5044 δυσωπήσεν
2884 4972 3114 5049 ἄγγελοί
3163 4996 3222 5031 σε
3269 4977 3650 5050 κατανύξουσι.
3707 4981 3813 5033 Νῦν

380 5063 629 5138 gloriam
654 5067 845 5137 dabis,
871 5067 970 5122 ubi
1001 5066 1295 5123 caelestem
1321 5065 1642 5123 exercitum
1670 5067 1877 5124 audies
1906 5082 2027 5123 cun

2155 5058 2549 5143 ἀμφιϐάλλεις.
2586 5063 2701 5135 μετ’
2732 5061 2795 5118 οὐ
2824 5061 2972 5118 πολὺ
3003 5059 3060 5118 δὶ
3093 5059 3360 5135 δοξάσεις,
3393 5065 3483 5121 ὅτε
3504 5071 3605 5136 τῆς
3657 5065 3816 5122 ἐπου-

383 5160 670 5213 concentu
702 5155 1087 5214 clamantem:
1118 5176 1143 5209 ιι
1169 5154 1365 5213 Gloria
1394 5155 1454 5213 in
1493 5155 1742 5215 excelsis
1789 5156 1929 5230 Deo,
1988 5168 2027 5213 e‘

2158 5153 2342 5230 ρανίου
2376 5157 2627 5229 στρατιᾶς
2661 5149 2908 5215 ἀκούτεις
2958 5153 3264 5232 συμφώνως
3317 5154 3557 5232 βοώσης·
3604 5180 3632 5209 ι(
3683 5156 3820 5230 Δόξα

461 5339 507 5375 ⁸⁷
535 5338 745 5397 Genes.
776 5354 1019 5396 xxxvm.

471 5522 939 5603 £82>.0.°1b-.i:2:
972 5516 1161 5603 ἥγγᾷει
1192 5519 1221 5574 ὁ
1254 5517 1454 5603 Emi?
1483 5513 1552 5593 τῇ
1596 5516 1729 5603 ista
1785 5539 2038 5603 πραγμα·
2146 5515 3012 5603 mansuetius.eteae???”-

395 5591 515 5669 tei}
530 5587 603 5669 fe
617 5592 684 5669 ⁸ἦν
713 5587 1002 5669 ’τῇ-ιιιΐζα
1016 5587 1201 5669 Alidem
1215 5587 1648 5669 ..χρηματισμῷ
1672 5587 1945 5668 ἀγγέλουΪ

2156 5662 2181 5669 Α
2220 5587 2334 5669 (⁸85)
2367 5587 2455 5646 Ita
2480 5587 2912 5669 ῼοιδζ-ᾉῇᾱίιί
2931 5605 3090 5669 vero,
3121 5587 3410 5669 ἐπήγεσας.
3444 5594 3605 5653 Idem
3639 5601 3795 5662 mox,

466 5659 580 5738 (83)
610 5665 705 5723 Sic
733 5659 896 5721 Colb.
930 5666 981 5735 1,
1012 5664 1066 5719 2.
1100 5662 1251 5719 Editi
1278 5659 1432 5733 vero,
1463 5659 1698 5736 ἀγνοῶν.
1720 5659 1730 5666 ’
1756 5659 1767 5668 ’

472 5738 583 5808 (84)
614 5735 710 5795 Sic
741 5751 886 5794 mss.
918 5734 1078 5795 Colb.
1113 5735 1272 5794 Editi
1310 5751 1466 5808 vero,
1514 5735 1551 5805 ἡ
1600 5732 1737 5791 κατὰ
1785 5733 2027 5808 πρόθεσιι

2154 5659 2350 5792 βρέἕὲς
2381 5659 2611 5738 σπαίρει.
2648 5661 2800 5720 Editi
2826 5661 3008 5732 male,
3039 5659 3268 5741 σπείρει’.

2223 5734 2240 5808 (
2317 5737 2337 5808 )
2366 5732 2522 5793 Colb.
2559 5736 2614 5808 1,
2642 5736 2699 5807 2,
2734 5752 2803 5808 με
2829 5735 3268 5808 καταναγκάζεις.

472 5732 583 5810 (84)
614 5735 710 5795 Sic
741 5751 886 5794 mss.
918 5732 1078 5795 οδω.
1113 5735 1272 5794 Editi
1310 5751 1466 5809 vero,
1513 5732 1551 5805 ἢ
1600 5732 1737 5791 κατὰ
1785 5733 2027 5813 πρόθεσιι

2155 5732 2165 5739 ’
2192 5732 2200 5736 ’
2223 5732 2337 5809 (86)
2366 5732 2525 5793 Colbl
2559 5736 2614 5808 1,
2642 5736 2699 5807 2,
2734 5752 2803 5809 με
2829 5732 3269 5811 καταναγκάζεις.

2347 5524 2579 5592 υηθῆναι
2616 5518 2691 5592 μὴ
