4120 6376
364 411 482 472 953

1335 407 1601 469 SERMO
1645 405 1748 466 DE
1791 402 2366 466 DESCRIPTIONE
2411 406 2806 466 DEIPAIUE.

3659 405 3778 464 954

367 542 416 598 έν
453 540 697 615 ὑψίστοις
741 544 878 611 Θεῷ,
909 539 998 594 καὶ
1049 539 1136 594 ἐπὶ
1195 546 1298 614 γῆς
1359 540 1568 614 ιῖρήνη,
1603 539 1654 593 ἐν
1709 538 2012 614 ἀνθρώποις

2128 537 2190 593 in
2221 543 2377 594 terra
2407 555 2538 610 pax,
2571 539 2630 595 in
2660 539 3002 595 hominibus
3031 537 3462 609 beneplacitum
3484 539 3550 593 ⁸⁸.
3575 559 3605 588 ››
3627 539 3776 594 Tum

369 628 605 687 εὐδοκία.
644 655 672 681 ››
721 629 852 683 Τότε
895 630 1301 704 γονυπετήσεις,
1346 629 1435 683 καὶ
1486 627 1546 682 οὐ
1595 630 2012 698 καταζητήσεις.

369 719 489 795 Ούχ
520 721 650 794 ὁρᾷς
678 725 778 787 τῆς
812 715 941 772 ὁδοῦ
970 719 1068 786 τήν
1104 713 1370 787 διάϐασιν,
1406 719 1628 796 Ἰωσὴφ,
1660 717 1748 772 καὶ
1783 716 1864 771 ὅτι
1897 714 2017 770 οὐδ-

369 809 442 869 εὶς
489 805 698 879 ἀνδρῶν
756 804 1136 881 συνοδοιπορεῖ
1165 811 1339 880 ἡμῖν;
1375 806 1497 883 Οὐχ
1541 809 1667 880 ὁρᾷς
1713 808 1804 860 τὸν
1851 804 2012 874 ἥλιον

367 896 750 973 λαμπροτέραν
797 895 996 964 στολὴν
1050 893 1490 969 ἀναϐαλλόμενον
1529 900 1675 969 ι87);
1710 895 1832 970 Οὐχ
1886 896 2012 968 ὁρᾷς

365 992 536 1040 πᾶσαν
565 986 666 1053 τὴν
699 985 868 1040 κτίσιν
902 989 1241 1057 σκιρτῶσαν;
1275 986 1397 1060 Οὐχ
1455 987 1582 1060 ὁρᾷς
1632 985 1698 1038 τά
1744 980 1845 1060 ὅρη
1906 1005 2015 1053 πη-

367 1072 581 1144 δῶντας
641 1073 766 1149 Ούχ
822 1075 950 1148 ὁρᾷς
1007 1073 1133 1136 τοὺς
1213 1074 1441 1150 βουνοὺς
1511 1071 2014 1150 εὐφραινομένους;

364 1163 488 1238 Οὐχ
517 1165 645 1238 ὁρᾷς
691 1164 788 1224 τὰς
833 1163 1044 1240 ἀφέσεις
1097 1168 1204 1218 τῶν
1268 1161 1474 1218 ὑδάτων
1529 1157 2013 1236 ὕπερϐλυζούσας;

365 1251 486 1328 Οὐχ
542 1253 670 1327 ὁρᾷς
728 1251 820 1306 τὸν
875 1249 1150 1327 Ἰορδάνην
1211 1249 1311 1324 ἔξω
1387 1252 1826 1326 περιτρέχοντα;
1882 1249 2014 1305 Ἀπὸ

363 1345 470 1395 τῶν
530 1339 772 1413 σημείων
833 1340 1094 1414 στόχασαι
1141 1341 1204 1395 τὸ
1261 1343 1582 1414 τεκμήριον,
1642 1339 1732 1394 καὶ
1796 1341 1896 1411 μή,
1931 1338 2015 1393 ὅτι

367 1427 554 1504 ἕγκυὸς
615 1429 748 1501 εἶμι,
810 1426 1042 1498 δίσταζε,
1077 1430 1298 1506 Ἰωσήφ.
1347 1427 1706 1498 Ἐὂανείσθην,
1740 1428 1838 1483 οὐκ
1885 1427 2014 1499 ἐμο-

371 1517 595 1588 λύδθην·
630 1514 838 1592 ἔχρησα
866 1518 964 1586 τὴν
998 1516 1233 1590 κοιλίαν,
1267 1518 1365 1572 οὐκ
1422 1517 1661 1590 ἐμόλυνα
1718 1519 1816 1586 τὴν
1877 1537 2015 1587 παρ-

367 1607 565 1662 θενίαν.
601 1608 691 1674 Μὴ
747 1607 1042 1680 ἀπιστήσῃς
1088 1612 1203 1668 τοῖς
1261 1608 1663 1679 προκειμένοις,
1700 1606 1743 1660 ὦ
1791 1609 2012 1683 Ἰωσήφ.

365 1697 495 1752 ’Ὁτε
545 1696 934 1768 μαιωθήσομαι
986 1698 1120 1769 (88),
1170 1695 1292 1750 τότε
1338 1695 1420 1758 τίς
1470 1696 1582 1769 εἰμι
1632 1697 2014 1771 γνωρισθησο-

369 1802 486 1858 μαι’
537 1788 624 1838 νῦν
672 1781 1031 1856 ὀνειδίζομαι,
1079 1784 1202 1839 τότε
1254 1787 1746 1858 μακαρισθησομαι·
1798 1789 1888 1838 νῦν
1940 1785 2013 1846 ὠς

2126 644 2318 700 genna
2364 635 2576 696 llcctes,
2627 647 2734 684 nec
2784 628 3106 700 perquires.
3157 637 3244 683 An
3297 647 3410 684 non
3457 629 3778 683 transitum

2127 724 2395 772 nostrum
2426 719 2828 785 consideras,o
2850 719 3248 788 Joseph,quod
3277 718 3500 773 scilicet
3522 717 3675 772 348
3695 717 3782 770 vir

2126 807 2326 861 nullus
2358 807 2526 862 nobis
2558 808 2634 862 sit
2664 824 2859 862 comes
2889 807 3158 861 itineris?
3211 806 3331 860 Non
3381 807 3542 861 vides
3592 806 3777 861 solem

2126 897 2521 966 splendidiore
2552 898 2832 952 amictum
2864 894 3062 950 veste?
3099 897 3219 952 Non
3253 895 3411 951 vides
3444 895 3777 951 universam

2126 992 2453 1040 creaturam
2481 985 2874 1041 exultantem?
2909 985 3032 1039 Non
3063 985 3230 1040 vides
3262 992 3489 1039 montes
3520 983 3778 1039 saltare?

2125 1075 2249 1129 Non
2282 1075 2442 1130 vides
2469 1075 2645 1130 colles
2675 1075 2900 1130 laetari?
2930 1075 3054 1130 Non
3077 1074 3237 1129 vides
3268 1091 3555 1144 aquarum
3589 1073 3780 1128 alveos

2125 1165 2461 1219 exu‘ndare?
2493 1165 2617 1219 Non
2672 1165 2832 1219 vides
2872 1163 3188 1219 Jordanem
3239 1167 3404 1216 extra
3453 1162 3641 1232 ripam
3691 1162 3777 1216 ef-

2127 1253 2447 1308 ﬂuentem?
2496 1253 2571 1308 Ex
2603 1253 2789 1325 signis
2819 1270 2940 1307 rem
2973 1253 3196 1322 conjice
3227 1251 3645 1322 significatam,
3675 1267 3781 1305 nec

2125 1344 2412 1415 ambigas,
2446 1361 2477 1398 o
2509 1343 2749 1414 Joseph,
2786 1343 2940 1413 quod
2977 1358 3069 1396 me
3102 1346 3500 1412 praegnantem
3550 1356 3777 1401 cernas.

2123 1432 2212 1487 Me
2260 1432 2451 1503 ipsam
2485 1437 2689 1486 mutuo
2736 1431 2891 1501 dedi,
2926 1447 3032 1485 nec
3077 1428 3302 1500 polluta
3332 1445 3464 1483 sum
3501 1446 3513 1483 :
3546 1434 3778 1483 uterum

2124 1522 2508 1586 commodavi,
2543 1537 2647 1576 nec
2674 1521 3069 1592 virginitatem
3100 1519 3404 1573 temeravi.
3439 1523 3520 1572 Ne
3568 1533 3778 1588 propo-

2125 1609 2253 1664 sitis
2285 1611 2459 1664 rebus
2493 1611 2666 1664 tidem
2691 1610 2962 1680 abneges,
2985 1607 3251 1678 oJoseph
3273 1625 3284 1662 :
3307 1623 3440 1661 cum
3465 1606 3780 1661 obstetrice

2123 1715 2232 1753 usa
2262 1700 2446 1763 fuero,
2477 1704 2601 1753 tum
2625 1716 2751 1769 ques
2783 1699 2895 1753 sim
2926 1697 3290 1768 exploratum
3323 1695 3463 1763 erit;
3486 1697 3609 1765 jam
3647 1711 3779 1765 pro-

2125 1787 2247 1842 bris
2279 1787 2520 1856 alﬁcior,
2553 1793 2680 1842 tum
2713 1788 2882 1841 beata
2914 1785 3303 1857 praedicabor;
3339 1801 3492 1839 nunc
3523 1789 3587 1838 ut
3618 1799 3777 1838 ream

364 1871 537 1928 αἴτιον
592 1872 938 1943 ἀπελαύνεις,
967 1873 1090 1928 τότε
1144 1873 1218 1936 ὡς
1277 1874 1431 1949 ἁγίαν
1481 1873 1638 1950 ἐγγὺς
1681 1875 1808 1929 εἶναι
1841 1893 2011 1948 παρα-

435 1960 490 1975 κ.
667 1963 745 1975 --.
831 1960 856 1975 ..
963 1959 987 1975 ε.
1089 1967 1108 1975 -
1265 1961 1327 1975 ς,
1516 1966 1619 1975 ...ω
1822 1961 1885 1975 κ,

2128 1877 2333 1948 abigis,
2367 1882 2508 1932 tunc
2539 1881 2603 1931 ut
2631 1881 2894 1932 sanctam
2928 1892 3104 1947 prOpe
3137 1875 3342 1930 adesse
3391 1873 3644 1945 rogabis.
3697 1873 3778 1927 Ne

362 1960 634 2024 καλέσεις.
666 1963 777 2032 Mi,
826 1960 908 2016 ὅτι
959 1959 1136 2024 δοκεῖς
1192 1961 1476 2040 φυλάττειν
1511 1966 1643 2036 (89),
1683 1961 2010 2038 μεγαιλύνου⁸

364 2049 470 2126 ἐγὼ
499 2050 600 2126 γάρ
633 2071 689 2104 σε
719 2049 991 2127 φυλάττω
1027 2051 1055 2104 ὁ
1085 2051 1184 2126 γὰρ
1215 2053 1314 2120 τὴν
1360 2050 1496 2123 ἐμῆν
1551 2049 1764 2104 κοιλίαν
1808 2051 2012 2120 σκηνὴν

361 2146 590 2208 ποιῆσαι
651 2137 1099 2212 καταδεξάμενος,
1159 2139 1316 2202 οὗτος
1392 2139 1569 2210 πάσης
1638 2147 1736 2208 τῆς
1799 2140 2008 2217 φύσεως

362 2227 556 2305 φύλαξ.
618 2231 974 2302 ιιορευθῶμεν
1033 2229 1234 2299 τοίνυν,
1282 2229 1371 2283 καὶ
1423 2225 1792 2306 ἐναπόγραφοι
1841 2230 2011 2304 γενώ-

367 2320 524 2390 μεθα,
557 2317 704 2379 ὅπως
755 2316 1029 2392 πληρωθῇ
1078 2318 1166 2372 καὶ
1205 2320 1240 2388 ἡ
1277 2320 1636 2394 στρατιωτική
1695 2319 2011 2391 νομοθεσία,

365 2406 454 2460 καὶ
485 2409 520 2476 ἠ
558 2404 815 2481 βασιλικὴ
850 2403 1262 2482 δογματοθεσία.

437 2498 492 2550 7.
525 2496 608 2549 ’Ev
640 2495 860 2557 τούτοις
891 2497 919 2550 6
952 2497 1150 2574 Ἰωσὴφ
1191 2491 1535 2566 εὐλαϐηθεὶς,
1572 2494 1754 2566 διττὴν
1816 2495 2009 2552 λοιπὸν

373 2579 496 2637 ὁδὸν
529 2578 754 2653 ἐϐάδιζε·
789 2590 907 2646 τοῖς
942 2585 1035 2657 μὲν
1067 2584 1195 2640 ποσὶ
1242 2585 1339 2652 τὴν
1390 2591 1491 2661 γῆν
1543 2585 1844 2661 ἷχνοποιῶν
1879 2589 1895 2660 (
1933 2590 2010 2658 Ο),

367 2677 483 2734 τοῖς
546 2669 600 2727 δὲ
655 2671 944 2749 λογισμοῖς
1001 2674 1095 2735 τὰς
1148 2673 1370 2751 νεφέλας
1431 2671 1864 2747 ὁπερπηδῶν.Τί
1909 2675 2011 2750 γάρ

363 2758 546 2836 ἕτερον
579 2761 723 2838 εἶχεν
758 2765 786 2816 6
819 2763 1018 2840 Ἰωσὴφ
1053 2760 1487 2838 διαπράττεσθαι,
1520 2765 1555 2832 ἢ
1589 2761 1699 2818 ἄνω
1743 2765 1832 2818 τὸν
1885 2769 2011 2819 νοῦν

364 2849 681 2924 σχολάζειν,
743 2849 930 2920 ἐπειδὴ
989 2858 1134 2906 πᾶσα
1198 2849 1345 2914 δόσις
1405 2853 1580 2927 ἀγαθὴ
1641 2849 1840 2906 ἄνωθέν
1901 2853 2010 2908 ἐστι

365 2937 654 3012 δεδομένη.
690 2941 786 2995 Διὰ
813 2945 974 2995 τοῦτο
1009 2939 1200 2996 λοιπὸν
1235 2943 1263 2996 ὁ
1295 2942 1495 3018 Ἰωσὴφ
1556 2944 2012 3021 συμπεριεφέρετο

360 3031 430 3102 τῇ
465 3030 742 3102 Παρθένῳ,
775 3030 915 3101 ὁμοῦ
946 3031 1034 3084 καὶ
1072 3031 1272 3106 βοηθὸς
1327 3029 1416 3084 καὶ
1457 3030 1658 3093 σκόπος
1705 3037 1812 3085 τῶν
1877 3030 2008 3105 μελ-

360 3115 569 3172 λόντων
616 3117 922 3193 γενόμενος·
955 3118 1062 3194 οὐχ
1106 3119 1188 3174 ὅτι
1235 3117 1463 3194 ἔχρῃζεν
1500 3121 1706 3195 βοηθοῦ
1736 3124 1770 3191 ἡ
1805 3121 2008 3197 Παρθέ..

358 3227 471 3277 νος,
509 3205 720 3278 μᾶλλον
773 3204 830 3262 δὲ
882 3209 909 3262 ὁ
966 3207 1016 3262 ἐν
1067 3208 1324 3284 Παρθένῳ
1355 3209 1816 3285 κυοφορούμενος·
1849 3210 2008 3273 αὐτὸς

361 3297 466 3370 γὰρ
497 3296 525 3349 ὁ
555 3294 769 3350 πάντων
807 3296 1008 3370 βοηθὸς
1040 3297 1105 3365 ἧν
1140 3295 1228 3351 καὶ
1262 3294 1371 3351 ἔστι
1404 3299 1537 3370 (91),
1570 3298 1656 3352 καὶ
1685 3299 1819 3373 πρὸς
1851 3299 2006 3354 αὐτὸν

367 3383 654 3459 ἐκέκραγεν
687 3385 714 3439 6
743 3386 976 3458 κράζων·
1012 3409 1039 3436 ‹‹
1071 3387 1134 3442 ἹΙ
1179 3386 1406 3461 βοήθειά
1458 3408 1566 3458 μου
1614 3387 1760 3464 παρᾶ
1816 3388 2014 3461 Κυρίου

360 3477 463 3528 τοῦ
494 3475 821 3544 ποιήσαντος
847 3473 937 3529 τὸν
972 3473 1194 3547 οὐρανὸν
1235 3475 1324 3529 καὶ
1371 3477 1470 3543 τήν
1521 3482 1648 3550 γῆν.
1683 3501 1709 3528 ››
1746 3474 1902 3532 Ἀλλ’
1932 3477 2013 3532 ὅτι

365 3563 654 3638 ἀναγκαῖον
713 3563 780 3632 ἦν
841 3563 916 3625 ὡς
972 3565 1346 3638 πραγματείαν
1401 3571 1502 3633 τῆς
1552 3563 2015 3638 οἰκονομίας,τοῦ

365 3654 500 3708 εἶναι
526 3653 620 3708 τὸν
655 3653 855 3730 Ἰωσὴφ
911 3653 1134 3728 βοηθὸν,
1165 3654 1302 3730 πρὸς
1349 3655 1410 3709 τὸ
1467 3656 1564 3723 τὴν
1623 3655 1888 3732 Παρθένον
1939 3658 2014 3719 ὡς

359 3741 634 3819 ὕπανδρον
669 3745 1018 3821 φημίζεσθαι,
1051 3745 1188 3820 πρὸς
1216 3746 1277 3799 τὸ
1309 3745 1488 3800 λαθεῖν
1517 3746 1609 3800 τὸν
1648 3742 1906 3804 διάϐολον
1951 3749 2014 3803 τὸ

357 3833 916 3907 κατασκευαζόμενον,
952 3833 1101 3896 ὅπως
1133 3834 1210 3906 μή
1266 3837 1410 3908 μάθῃ
1455 3835 1517 3890 τὸ
1563 3835 1846 3910 γενόμενον
1880 3840 2010 3912 (92)’

354 3926 476 3984 πῶς
536 3924 564 3977 6
620 3923 750 3986 Θεὸς
808 3922 941 3995 μετᾶ
1022 3927 1130 3978 τῶν
1213 3922 1513 3998 ἀνθρώπων
1584 3934 2014 4003 συναναστραφῆ-

355 4032 444 4065 ναι
477 4008 812 4081 κατεδέξατο.
848 4011 908 4066 Τί
967 4011 1059 4065 οὖν
1108 4013 1136 4065 6
1187 4009 1571 4087 εύαγγελιστὴς
1624 4020 1874 4084 Λουκᾶς;
1908 4022 2012 4069 Κα-

354 4097 453 4155 λὸν
486 4101 586 4174 γὰρ
628 4097 821 4155 λοιπὸν
849 4097 1080 4155 συνιδεῖν
1126 4099 1217 4155 καὶ
1247 4101 1338 4155 τὸν
1373 4101 1567 4176 Ἰωσὴρ
1622 4100 2012 4180 πληροφορού·

361 4209 524 4263 μενον
553 4191 690 4262 (93),
722 4189 811 4244 καὶ
869 4190 960 4244 τὸν
1025 4189 1285 4257 οἲκίσκον,
1318 4185 1440 4252 ἔνθα
1496 4193 1530 4260 ἡ
1593 4191 1860 4266 Παρθένος
1915 4193 2014 4246 ἀπ-

356 4277 574 4348 εκύησε,
606 4285 706 4348 τῆς
745 4276 1074 4349 Ἐκκλησίας
1121 4279 1212 4333 τὸν
1262 4278 1429 4333 τύπον
1482 4275 1779 4354 δεχόμενον
1810 4303 1822 4315 υ
1874 4279 2011 4336 ὅπου

363 4370 747 4444 θυσιαστήριον
814 4368 907 4442 μὲν
958 4370 991 4438 ἡ
1050 4369 1246 4442 φάτνη,
1287 4367 1662 4447 ἐφημερευτὴς
1711 4367 1768 4425 δὲ
1824 4371 1852 4424 6
1895 4372 2009 4426 Ἰω-

360 4455 493 4533 σὴφ,
527 4452 767 4511 διάκονοι
821 4452 879 4510 δὲ
935 4456 988 4510 οἱ
1033 4456 1312 4528 ποιμένες,
1345 4458 1508 4532 ἱερεῖς
1565 4459 1617 4512 οἱ
1649 4457 1893 4534 ἄγγελοι,
1922 4460 2013 4535 ἀρ-

361 4542 582 4618 χιερεὺς
639 4545 666 4598 ὁ
725 4544 944 4620 Κύριος,
975 4545 1164 4621 θρόνος
1224 4547 1258 4616 ἠ
1316 4547 1606 4620 Παρθένος,
1641 4552 1906 4626 κρατῆρες
1960 4549 2012 4603 οἱ

2124 1965 2390 2037 glorieris
2437 1968 2590 2037 quod
2639 1981 2734 2020 me
2782 1964 3076 2020 custodire
3124 1961 3374 2018 videaris
3409 1979 3421 2018 :
3454 1978 3560 2034 ego
3605 1978 3780 2016 nam.-

2125 2071 2238 2126 que
2269 2059 2324 2109 te
2354 2055 2644 2110 custodio.
2682 2053 2822 2109 Nam
2857 2053 2957 2125 qui
2992 2059 3223 2107 uterum
3255 2067 3453 2106 meum
3485 2051 3546 2104 in
3577 2051 3775 2104 taber-

2126 2143 2402 2198 naculum
2434 2143 2547 2199 sibi
2579 2159 2862 2215 apparare
2890 2142 3171 2214 dignatus
3204 2146 3313 2206 est,
3365 2141 3416 2196 is
3459 2143 3548 2195 est
3595 2138 3776 2194 totius

2125 2240 2346 2288 natura:
2394 2238 2612 2288 custos.
2647 2233 2966 2304 Pergamus
2997 2248 3134 2302 ergo
3165 2237 3222 2285 et
3251 2229 3678 2295 describamur,
3714 2233 3779 2283 ut

2125 2328 2180 2378 et
2199 2321 2471 2378 militaris
2489 2325 2668 2390 lex,et
2687 2320 3134 2392 imperatorium
3152 2319 3412 2374 edictum
3433 2317 3772 2390 impleatur.

2191 2501 2246 2554 7.
2279 2500 2381 2554 His
2410 2500 2753 2570 pudefactus
2799 2498 3038 2569 Joseph,
3091 2495 3311 2568 duplici
3361 2496 3636 2566 deinceps
3683 2497 3776 2552 via

2121 2589 2448 2654 incedebat,
2470 2590 2714 2660 pedibus
2739 2587 2976 2659 quidem
2995 2592 3211 2642 terram
3245 2586 3487 2655 vestigio
3519 2585 3772 2650 calcans,

2121 2679 2574 2749 cogitationibus
2590 2683 2784 2732 autem
2804 2679 2990 2732 nubes
3007 2694 3072 2730 eu
3086 2675 3598 2748 pergressus.Quid
3617 2676 3774 2730 enim

2124 2767 2280 2824 aliud
2313 2769 2606 2839 agendum
2634 2767 2888 2837 Josepho
2919 2767 3197 2831 restabat,
3230 2783 3406 2836 quam
3438 2769 3502 2819 ut
3535 2783 3772 2820 sursum

2124 2863 2316 2912 mente
2348 2859 2596 2927 degeret.
2632 2855 3116 2922 Quandoquidem
3152 2869 3324 2907 omne
3373 2854 3592 2907 donum
3645 2869 3773 2923 per-

2124 2950 2340 3002 fectum
2367 2947 2618 3016 desuper
2647 2946 2848 2998 datum
2893 2949 3000 2997 est.
3048 2943 3438 3006 Quamobrem
3495 2942 3772 3012 deinceps

2119 3034 2335 3106 Joseph
2386 3051 2503 3089 una
2548 3033 2774 3104 Virgini
2818 3048 3037 3098 comes,
3071 3037 3128 3085 et
3159 3031 3395 3099 adjutor
3427 3038 3567 3093 erat,
3600 3036 3772 3097 atque

2122 3128 2452 3179 futurarum
2481 3127 2773 3194 spectator
2804 3137 3020 3176 rerum.
3056 3124 3176 3174 Non
3219 3118 3373 3190 quod
3406 3118 3626 3189 Virgini
3668 3119 3769 3172 ad-

2113 3215 2312 3284 jutore
2358 3217 2512 3267 esset
2559 3228 2728 3282 Opus,
2761 3211 2977 3264 nedum
3007 3208 3057 3262 ei
3084 3208 3181 3278 qui
3216 3207 3273 3261 in
3307 3207 3545 3279 Virgine
3575 3212 3774 3278 gesta-

2125 3304 2314 3367 batur,
2341 3301 2560 3372 quique
2581 3299 2843 3354 omnium
2875 3297 3180 3352 auxiliator
3210 3301 3334 3350 erat
3362 3301 3420 3350 et
3448 3301 3555 3361 est,
3603 3301 3661 3350 et
3700 3295 3773 3350 ad

2125 3408 2300 3462 quem
2332 3389 2619 3444 exclamat
2649 3387 2744 3442 ille
2771 3386 2871 3457 qui
2903 3387 2985 3440 ita
3014 3385 3395 3440 vociferatur:
3420 3406 3447 3434 ‹‹
3476 3385 3773 3438 Auxilium

2127 3496 2322 3535 meum
2359 3495 2390 3533 a
2421 3477 2666 3533 Domino
2699 3475 2798 3547 qui
2826 3475 2960 3530 fecit
2987 3473 3197 3528 ccelum
3248 3478 3306 3526 et
3352 3477 3566 3527 terram
3614 3473 3688 3538 ους
3743 3493 3772 3521 ››

2126 3571 2226 3624 sed
2266 3569 2418 3640 quod
2456 3582 2695 3621 necesse
2725 3569 2901 3627 esset,
2936 3563 3004 3618 ad
3039 3562 3374 3618 oeconomiae
3406 3561 3567 3615 illius
3597 3576 3772 3631 nego-

2123 3659 2296 3724 tium,
2330 3657 2655 3728 adjutorem
2684 3653 2901 3725 Joseph
2937 3668 3084 3718 esse,
3113 3655 3178 3706 ut
3200 3652 3376 3722 Virgo
3419 3651 3632 3720 conjux
3681 3665 3774 3703 re-

2125 3753 2448 3821 putaretur,
2483 3750 2548 3801 ut
2577 3742 2806 3799 diabolo
2839 3742 3045 3797 lateret
3073 3741 3228 3811 quod
3261 3740 3563 3812 agebatur,
3588 3755 3776 3810 neque

2125 3855 2246 3894 rem
2271 3841 2495 3909 gestam
2519 3833 2618 3888 ille
2640 3833 2959 3887 edisceret:
2987 3846 3104 3899 qua
3127 3830 3351 3884 ratione
3380 3828 3601 3884 scilicet
3626 3829 3776 3883 Deus

2124 3944 2258 3982 cum
2290 3924 2629 3980 hominibus
2660 3919 2990 3976 conversari
3021 3919 3297 3990 dignatus
3320 3917 3568 3980 sit.Quid
3595 3918 3777 3988 igitur

2126 4017 2306 4072 Lucas
2337 4011 2742 4084 evangelista?
2776 4026 2907 4064 nam
2943 4025 3130 4079 operae
3163 4007 3413 4078 pretium
3447 4013 3534 4060 est
3582 4006 3775 4061 videre

2121 4108 2179 4159 et
2219 4101 2436 4174 Joseph
2468 4100 2776 4155 certiorem
2810 4099 3049 4166 factum,
3083 4101 3139 4151 et
3167 4095 3532 4151 domicilium
3567 4095 3626 4149 in
3659 4111 3776 4165 quo

2124 4191 2347 4264 peperit
2373 4189 2570 4259 Virgo,
2606 4187 2759 4258 quod
2791 4185 3060 4241 Ecclesiae
3092 4192 3293 4256 typum
3326 4185 3477 4255 gerit
3507 4201 3520 4240 :
3556 4184 3655 4238 ubi
3690 4183 3774 4238 al-

2122 4289 2245 4337 tare
2274 4286 2364 4336 est
2391 4293 2683 4351 praesepe;
2715 4275 2817 4347 qui
2845 4273 2967 4328 vice
3000 4291 3109 4328 sua
3153 4273 3472 4344 ministrat,
3522 4272 3772 4344 Joseph;

2122 4369 2374 4440 diaconi,
2426 4372 2723 4440 pastores;
2785 4363 3135 4424 sacerdotes,
3207 4361 3431 4433 angeli;
3501 4377 3776 4416 summus

2123 4459 2424 4526 sacerdos,
2490 4455 2806 4519 Dominus;
2875 4451 3155 4518 thronus,
3222 4449 3430 4520 Virgo;
3500 4454 3774 4517 crateres,

2124 4563 2425 4614 mammae;
2458 4543 2635 4600 vestis
2668 4540 3064 4610 sacerdotalis,
3109 4537 3468 4604 incarnatio;
3519 4537 3773 4609 ﬂabella,

368 4632 551 4706 μαζοὶ,
602 4627 930 4689 ἀναϐόλαιον
985 4636 1019 4704 ἡ
1083 4633 1525 4710 ἱνανθριόπησις,
1585 4635 1898 4712 ῥιπιστῆρες
1956 4639 2012 4694 τὰ

2130 4635 2470 4702 cherubim;
2524 4633 2743 4697 discus,
2785 4628 3042 4702 Spiritus
3073 4635 3345 4694 sanctus;
3382 4627 3548 4682 Pater
3577 4632 3770 4683 autem

362 4717 661 4796 χερουϐὶμ,
697 4720 878 4785 δίσκος
925 4723 988 4778 τὸ
1038 4724 1191 4798 ἅγιον
1243 4728 1482 4796 Πνεῦμα,
1517 4725 1545 4780 6
1590 4727 1775 4799 Πατὴρ
1835 4724 2015 4783 δισκοο

360 4809 632 4884 κάλυμμα
667 4814 801 4886 (94).
833 4815 956 4871 ’Ότι
1008 4809 1066 4866 δὲ
1111 4819 1209 4881 τῆς
1246 4810 1571 4882 Ἐκκλησίας
1620 4813 1786 4870 τύπον
1842 4838 2018 4894 προσ-

429 4937 474 4973 ⁶⁸
516 4938 646 4994 Luc.
681 4956 742 5009 ιι,
777 4941 861 4996 14.
940 4941 986 4976 ⁶⁹
1015 4938 1166 4997 Psal.
1200 4957 1322 5008 cxx,
1352 4940 1408 4994 2.

574 5085 732 5159 Colb.
766 5087 817 5152 1,
848 5085 902 5150 2,
931 5079 1230 5159 περιϐεϐλη
1244 5082 1424 5157 μένον.

575 5157 734 5233 golb.
772 5160 822 5224 1,
856 5159 910 5233 _2,
949 5155 1133 5233 patiar:
1167 5155 1501 5233 ὀφθήσομαι.

430 5227 542 5310 (89)
571 5228 734 5310 βίου’.
771 5233 822 5293 1,
850 5231 914 5310 β,
951 5227 1291 5310 ’φυλάττεινζ
1319 5227 1543 5310 Ἰω-σήφ,
1602 5229 1739 5306 μέγα
1786 5231 1970 5310 φρόνει
1997 5251 2010 5265 ⁸

359 5292 464 5380 lvd)
513 5292 726 5380 γάρῌσε
775 5292 1052 5380 φυλάττω,
1086 5300 1240 5380 ὁμὴν
1397 5292 1576 5380 Paulo
1602 5292 2011 5380 'post,.ilidem,

363 5369 540 5453 πάσης
591 5369 692 5438 τῆς
747 5369 975 5433 κτίσεως
1044 5370 1215 5449 φύλαξ
1273 5369 1348 5434 ὧς
1423 5369 1781 5452 δημιουργόςξ
1839 5369 2010 5450 Editi,

364 5437 778 5512 αμπελοφύλαξ.
951 5511 956 5512 γ
1088 5508 1105 5512 -

364 5457 778 5510 αμπεΛοφύΑαξ.

580 5508 756 5589 ςρΙὸξ
776 5517 825 5589 1,
855 5518 911 5586 2,
931 5508 1274 5589 νῗχνοϐᾲατῶν,

436 5581 548 5662 (91)
579 5586 674 5662 ξςξο
721 5581 1064 5662 Οοὶὺ.’1,’“2,
1104 5587 1165 5642 In
1214 5585 1595 5662 editisvero,
1645 5592 1711 5659 ἦν
1763 5591 1851 5645 καὶ
1901 5587 2012 5662 ἔστι

369 5652 713 5737 ἀεςείξιῐγιοχ
745 5675 904 5737 ωδεχ
925 5652 1077 5737 ptnin
1109 5658 1475 5737 t_e_xtu.__Editi
1497 5652 1782 5737 vero,'ro?3
1812 5661 2012 5737 Κυρίου

370 5727 467 5779 τοῦ
495 5724 746 5803 Ὑψίστου
779 5725 940 5785 Ἀλλ’
987 5727 1092 5787 ὅτι.
1123 5729 1254 5788 Mox
1291 5729 1506 5804 iidem,
1533 5724 1821 5810 ἀναὴκαῖον
1871 5724 2012 5810 πρα-

2128 4729 2272 4784 disci
2306 4723 2666 4798 operculum.
2687 4721 2848 4786 Quod
2882 4725 3074 4774 autem
3107 4716 3373 4772 Ecclesiae
3403 4721 3605 4789 typum
3638 4733 3777 4788 prae-

2127 4819 2406 4890 ﬁguraret
2434 4813 2595 4868 locus
2625 4810 2682 4865 in
2730 4826 2844 4882 quo
2895 4807 3214 4863 Dominum
3266 4806 3507 4880 peperit,
3558 4807 3777 4865 audisti

2165 5089 2383 5163 ματείαν
2443 5092 2540 5156 τῆς
2600 5085 2952 5163 οἶκονομίας,
3011 5086 3357 5154 πιστευθῆναι
3415 5084 3505 5138 τὸν
3571 5083 3772 5160 Ἰωσὴφ

2165 5112 2383 5163 μ’ΖτΞιαν
2443 5112 2540 5156 ττ,ς
2615 5112 2892 5158 οῑκΟνομῑα

2122 5112 2292 5232 ἕῆλον
2327 5161 2564 5216 ἐντεῦθεν
2599 5157 2702 5214 ἔδει
2731 5161 2892 5226 τὴνκ.

2194 5235 2590 5305 (92)Colb.1,
2646 5236 2700 5305 2,
2751 5225 3242 5305 κατασκιαζόμενον
3303 5225 3432 5305 ὅξος
3493 5230 3566 5305 μῇ
3633 5229 3773 5305 μάθῃ

2120 5327 2173 5378 τι
2203 5299 2501 5378 γινόμενον
2551 5304 2602 5374 (6
2638 5302 2898 5374 τύραννος
2957 5302 3118 5358 Colb.
3173 5303 3248 5372 1,)
3278 5299 3394 5361 πῶς
3453 5299 3580 5361 Θεὸς
3636 5299 3772 5373 μετὰ

2121 5377 2239 5452 ἀνθ,
2261 5377 2697 5452 ,ἀναστραφγ-ῇναι.

2194 5450 2302 5520 (93)
2337 5441 2583 5519 0011).’1,
2614 5449 2668 5515 2,
2704 5441 2834 5498 ἰδεῖν
2901 5442 2993 5495 τὸν
3044 5442 3245 5519 Ἰωσὴφ
3295 5449 3468 5518 χαρᾶς
3527 5441 3774 5519 πληρού-

2171 5539 2308 5573 ενον.

2337 5591 2496 5646 Colb.
2532 5591 2583 5653 1,
2614 5593 2668 5660 2,
2701 5583 3119 5662 διποκᾴλυμμα
3136 5582 3493 5662 -ἒπισκιάζων
3541 5589 3608 5662 τῇ
3657 5583 3770 5662 ίδίᾳ

2122 5655 2370 5732 δυνάμει.
2433 5655 2663 5732 Ιὶᾀθω,’
2695 5655 3107 5732 προεχᾴραξςνη
3136 5657 3308 5732 Editi,
3344 5655 3766 5732 προσεχάραξευ.

2121 5725 2364 5804 Ibidem,
2397 5732 2426 5786 6
2454 5725 2628 5793 τόπος
2651 5725 2940 5788 ἀθετοῖἱὲι
2970 5725 3164 5796 editis,
3180 5730 3283 5786 sed
3313 5725 3768 5788 exstat'i'n'm’ss.
