4120 6382
304 363 421 424 955

1496 369 1561 425 S.
1609 366 2131 428 ATHANASIUS.
2163 398 2241 410 -
2274 364 2532 429 DUBIA.

3601 355 3722 418 956

298 496 547 568 jamjam
581 496 996 571 evangelistam
1034 498 1249 554 Lucam
1285 499 1572 557 dicentem
1606 517 1621 557 :
1656 522 1683 551 ιι
1720 501 1957 556 Factum

2074 496 2329 572 εχάραξεν
2390 497 2419 551 ὁ
2473 495 2663 568 τόπος,
2726 494 2850 550 ἔνθα
2906 495 2942 563 ἢ
3002 489 3273 569 ΙῙαρθὲνος
3302 487 3574 559 ἆπεκύησε
3630 488 3720 542 τὸν

314 592 404 640 est
434 592 629 642 autem
665 603 796 642 cum
832 593 1029 643 essent
1059 588 1162 651 ibi,
1196 589 1425 660 impleti
1454 598 1593 646 sunt
1624 591 1750 646 dies
1781 595 1846 644 ut
1869 605 1963 660 pa-

318 680 472 731 reret
497 676 683 731 ﬁlium
722 693 897 732 suum
932 677 1414 751 primogenitum,
1468 686 1526 735 ct
1571 680 1781 752 pannis
1824 694 1960 733 eum

314 762 577 829 involvit,
626 769 683 820 et
735 764 1036 821 reclinavit
1081 783 1215 822 eum
1246 768 1302 822 in
1337 768 1639 841 praesepio,
1672 767 1812 840 quia
1846 783 1961 823 non

310 858 435 907 erat
464 855 548 909 eis
579 852 743 910 locus
776 855 834 908 in
865 854 1185 911 diversorio
1215 858 1279 912 7°.
1314 879 1340 907 ››

2074 585 2291 661 Κύριον,
2317 583 2514 656 ἤκουες
2564 584 2764 662 ἀρτίως
2806 588 2903 639 τοῦ
2951 579 3336 657 εὐαγγελιποῦ
3394 584 3578 635 Λουκᾶ
3627 577 3724 633 λέ-

2069 693 2282 749 γοντος·
2319 700 2346 726 ι(
2382 676 2479 730 Καὶ
2511 675 2718 751 ἐγένετο
2749 673 2801 728 ἐν
2832 678 2911 745 τῷ
2942 673 3078 728 εἶναι
3128 669 3320 724 αὐτοὺς
3374 668 3504 739 ἐκεῖ,
3555 665 3727 737 ἐπλή-

2071 775 2272 833 σθησαν
2308 765 2363 819 αἱ
2392 765 2593 840 ἡμέραι
2638 768 2736 819 τοῦ
2765 767 2937 818 τεκεῖν
2967 760 3133 828 αὐτὴν
3168 760 3257 814 τὸν
3287 759 3400 813 υἱὸν
3435 756 3601 826 αὐτῆς
3632 756 3724 810 τὸν

2074 855 2186 927 (95)
2252 854 2605 930 πρωτότοκον
2641 873 2654 887 ·
2707 852 2797 908 καὶ
2867 851 3276 927 ἐσπαργάνωσεν
3353 846 3512 903 αὐτὸν
3561 892 3577 919 ,
3636 844 3729 901 καὶ

304 939 577 995 ἀνέκλινεν
606 940 766 996 αὐτὸν
795 940 847 996 ἐν
876 946 944 1015 τῇ
991 940 1180 1019 φάτνῃ,
1215 943 1297 998 ὅτι
1330 944 1429 999 οὑκ
1456 948 1522 1015 ἦν
1550 944 1735 1006 αὑτοῖς
1765 940 1932 1004 τόπος
1967 939 2018 996 ἐν
2051 946 2130 1014 τῷ
2159 941 2525 1015 καταλύματι.
2558 967 2586 995 ››

375 1031 501 1085 8.0
533 1048 626 1087 res
657 1031 1059 1086 admirabiles!
1114 1049 1299 1105 papas,
1330 1051 1507 1105 quam
1534 1034 1746 1103 exigua
1766 1031 1963 1099 verba,

310 1135 486 1188 quam
533 1136 749 1192 magna
778 1121 1089 1191 mysteria!
1124 1144 1151 1171 ‹‹
1187 1122 1427 1178 Factum
1460 1128 1569 1191 est,
1601 1139 1735 1177 cum
1767 1124 1967 1177 essent

307 1206 412 1276 ibi,
447 1207 669 1278 impleti
702 1214 842 1263 sunt
871 1208 996 1265 dies
1027 1214 1092 1265 ut
1122 1216 1367 1282 pareret.
1402 1233 1431 1261 η
1461 1210 1506 1266 Ο
1549 1227 1672 1266 rem
1719 1215 1961 1281 stupen-

307 1296 467 1361 dam,
497 1295 774 1351 Conditor
804 1303 1134 1369 temporum
1166 1298 1473 1354 deﬁnitum
1506 1303 1740 1370 tempus
1762 1314 1962 1369 exspe-

309 1381 459 1438 ctat!
493 1383 599 1447 Qui
631 1385 947 1441 terminum
989 1380 1240 1458 tempori
1290 1388 1616 1457 constituit,
1668 1392 1961 1443 statutum

308 1473 603 1529 mensium
655 1476 913 1545 spatium
962 1477 1348 1548 exspectavit;
1400 1482 1465 1533 ut
1505 1493 1676 1533 nemo
1711 1476 1963 1548 phanta-

306 1561 459 1617 siam
493 1566 595 1618 aut
624 1565 879 1628 speciem
915 1568 1148 1621 tantum
1199 1565 1345 1621 illud
1397 1583 1528 1622 esse
1577 1565 1958 1621 existimaret.

301 1672 331 1701 «
370 1651 604 1707 Factum
636 1657 746 1721 est,
770 1669 906 1708 cum
938 1659 1138 1709 essent
1167 1654 1271 1725 ibi,
1298 1654 1523 1726 impleti
1557 1659 1696 1710 sunt
1727 1655 1876 1720 dies,
1901 1659 1964 1708 ut

307 1744 537 1810 pareret
586 1740 774 1797 filium
834 1758 1008 1796 suum
1069 1742 1526 1815 primogenitum
1580 1759 1593 1797 :
1645 1746 1704 1798 et
1753 1741 1964 1814 pannis

304 1844 444 1883 eum
475 1827 720 1886 involvit
747 1835 806 1887 et
835 1830 1138 1887 reclinavit
1167 1849 1303 1888 eum
1326 1832 1385 1887 in
1420 1831 1720 1903 praesepio.
1745 1850 1775 1882 ι
1829 1831 1961 1886 Per-

303 1919 495 1989 pende
542 1919 853 1991 mysticum
905 1919 1166 1992 Virginis
1212 1926 1447 1993 partum
1501 1937 1515 1976 :
1565 1922 1690 1993 ipsa
1720 1920 1966 1993 peperit,

310 2006 443 2077 ipsa
474 2009 685 2080 pannis
716 2008 974 2064 involvit.
1015 2009 1171 2065 Inter
1219 2011 1470 2066 feminas
1523 2009 1705 2080 huius
1755 2006 1973 2064 saeculi,

311 2094 426 2150 alia
457 2095 628 2168 parit,
653 2097 769 2154 alia
800 2098 1013 2170 pannis
1044 2098 1305 2168 involvit,
1336 2099 1492 2172 apud
1523 2098 1824 2170 Virginem
1859 2114 1974 2152 non

311 2183 490 2252 item;
524 2187 654 2259 ipsa
687 2188 933 2259 peperit,
967 2187 1096 2260 ipsa
1124 2189 1336 2261 pannis
1366 2187 1641 2244 involvit:
1665 2187 1796 2259 ipsa
1825 2187 1974 2242 infa-

305 2272 563 2345 tigabilis
610 2279 822 2344 mater,
854 2275 984 2347 ipsa
1013 2275 1298 2332 obstetrix
1328 2276 1456 2332 sine
1504 2276 1806 2348 magistra,
1856 2292 1973 2331 non

305 2362 464 2418 849
490 2365 766 2435 permisit
788 2381 1143 2436 quemquam
1170 2366 1421 2437 impuris
1445 2365 1719 2421 manibus
1739 2370 1969 2437 partum

305 2451 724 2507 intemeratum
785 2453 1162 2525 contingere;
1224 2454 1355 2526 ipsa
1413 2472 1514 2527 per
1564 2470 1694 2510 sese
1748 2443 1975 2510 curavit

304 2556 464 2605 eum,
484 2541 584 2611 qui
618 2556 685 2596 ex
717 2547 873 2609 se,et
902 2547 1036 2597 ante
1070 2559 1153 2608 se,
1175 2547 1231 2598 et
1261 2548 1496 2614 prepter
1525 2559 1586 2598 se
1617 2550 1791 2599 natus
1812 2547 1969 2604 erat;

306 2629 409 2683 «Et
440 2630 653 2700 pannis
686 2647 823 2686 eum
858 2631 1202 2687 involvit:et
1232 2631 1535 2687 reclinavit
1564 2649 1697 2687 eum
1730 2632 1789 2687 in
1826 2649 1969 2703 prae-

305 2717 631 2790 scpio,quia
664 2736 777 2774 non
811 2725 939 2775 erat
968 2719 1052 2775 eis
1086 2721 1247 2776 locus
1281 2721 1336 2776 in
1373 2719 1967 2777 diversorio.»Vides'

303 2823 335 2861 ο
370 2806 602 2876 dilecte,
630 2809 927 2880 quomodo
959 2809 1228 2865 Ecclesiae
1257 2815 1462 2883 typum
1495 2810 1665 2865 nobis
1689 2812 1812 2880 jam
1835 2814 1969 2865 ante

302 2896 636 2966 depinxerit
667 2896 778 2953 vile
811 2896 953 2953 illud
988 2897 1507 2967 diversorium,ubi
1540 2898 1710 2972 Virgo
1738 2897 1839 2953 illa
1868 2915 1965 2970 pe-

301 2983 453 3054 perit
487 3002 612 3054 qua:
645 2984 826 3041 semel
860 2991 1091 3042 uterum
1120 2987 1393 3059 gestavit.
1417 3004 1523 3043 nec
1553 2988 1809 3043 secunda
1842 2988 1965 3044 vice

302 3073 526 3144 genuit,
561 3090 667 3129 nec
698 3074 1069 3130 contumelias
1105 3082 1303 3132 notam
1337 3076 1624 3132 sustinuit
1657 3093 1670 3132 :
1707 3076 1843 3131 licet
1872 3075 1961 3131 in-

304 3159 434 3215 sani
464 3160 730 3230 quidam,
762 3163 915 3235 quod
949 3163 1244 3219 audierint
1274 3164 1489 3220 Lucam
1539 3163 1957 3237 evangelistam

2146 1033 2200 1087 8.
2235 1037 2302 1086 Ὤ
2350 1035 2459 1086 τῶν
2495 1027 2811 1105 παροδόξων
2856 1027 3232 1105 πραγμάτωνί
3271 1018 3457 1101 βαϐαὶ,
3488 1027 3605 1085 πῶς
3639 1044 3729 1095 μι-

2075 1118 2179 1194 κρᾶ
2231 1121 2298 1174 τὰ
2355 1118 2595 1195 ῥήματα,
2650 1119 2741 1174 καὶ
2804 1116 3011 1193 μεγάλα
3073 1116 3143 1171 τὰ
3200 1114 3726 1189 μυσταγωγήμαται

2077 1232 2104 1260 ι(
2139 1207 2378 1284 Ἐγένετο
2429 1207 2480 1262 ἐν
2539 1213 2618 1281 τῷ
2665 1208 2797 1262 εἶναι
2844 1205 3038 1269 αὐτοὺς
3089 1204 3219 1275 ἐκεῖ,
3272 1202 3619 1273 ἐπλήσθησαν
3676 1201 3733 1256 αἱ

2075 1299 2279 1374 ἠμὲραι
2305 1302 2402 1353 τοῦ
2430 1303 2602 1352 τεκεῖν
2663 1296 2851 1367 αὐτήν.
2912 1321 2933 1347 ι
2988 1302 3055 1350 ’Ὠ
3078 1298 3185 1350 τῶν
3213 1289 3532 1368 παραδόξων
3588 1309 3731 1361 πρα-

2074 1387 2319 1460 γμάτων,
2378 1388 2407 1441 ὁ
2450 1391 2555 1441 τῶν
2617 1380 2834 1461 χρόνων
2890 1385 3126 1455 ποιητὴς
3178 1382 3481 1459 ὡρισμένον
3531 1379 3731 1455 χρόνον

2075 1474 2424 1550 περιέμενενί
2480 1476 2541 1532 Ὀ
2600 1474 2861 1550 ὁροθὲτν,ς
2918 1478 3027 1528 τῶν
3104 1472 3321 1549 χρόνων
3400 1481 3737 1547 προθεσμιαν

2080 1567 2267 1635 μηνῶν
2288 1563 2563 1635 ἀνέμενεν,
2590 1560 2683 1619 ’ἱνα
2717 1561 2910 1637 μηδεὶς
2942 1582 3233 1642 φαντασιαν
3271 1561 3306 1630 ἢ
3358 1557 3582 1629 δόκησιν
3643 1579 3734 1613 νο-

2081 1652 2210 1726 μίσῃ
2240 1654 2374 1725 (96).
2431 1677 2451 1704 ι
2487 1653 2729 1729 Ἐγένετο
2761 1652 2813 1707 ἐν
2843 1657 2924 1724 τῷ
2957 1651 3090 1707 εἶναι
3123 1649 3318 1711 αὐτοὺς
3368 1648 3501 1716 ἐκεῖ,
3557 1644 3734 1716 ἐπλή-

2077 1742 2274 1810 σθησαν
2308 1742 2362 1796 αἱ
2394 1742 2597 1817 ἡμέραι
2626 1746 2723 1796 τοῦ
2752 1747 2924 1796 τεκεῖν
2957 1740 3125 1809 αὐτὴν
3170 1740 3262 1794 τὸν
3292 1737 3406 1792 υἱὸν
3434 1735 3603 1805 αὐτῆς
3645 1735 3737 1790 τὸν

2073 1830 2444 1901 πρωτότοκον·
2489 1830 2579 1885 καὶ
2635 1828 3046 1905 ἐσπαργάνωσεν
3074 1827 3256 1897 αὐτὸν,
3284 1826 3374 1882 καὶ
3416 1824 3732 1881 ἆνὲκκλινεν

2085 1918 2245 1974 αὐτὸν
2278 1918 2328 1973 ἐν
2356 1924 2425 1993 τῇ
2458 1918 2646 1997 φάτνῃ.
2683 1944 2704 1970 ι
2739 1917 2920 1976 Βλέπε
2961 1919 3060 1987 τὴν
3116 1916 3377 1991 μυστισήν
3428 1913 3734 1983 ἀποκύησιν

2085 2015 2185 2079 τῆς
2263 2010 2558 2085 Παρθένουσ
2629 2008 2764 2079 αὕτη
2840 2007 3037 2081 ἔτεκεν,
3105 2006 3238 2076 αὕτη
3301 2002 3731 2081 ἐσπαργάνωσεν.

2085 2097 2208 2155 Ἐπὶ
2254 2102 2362 2152 τῶν
2415 2102 2695 2170 κοσμικῶν
2743 2101 3007 2173 γυναικῶν
3042 2094 3189 2167 ἁλλη
3219 2093 3410 2166 τίκτει,
3441 2091 3529 2148 καὶ
3584 2090 3730 2162 ἄλλη

2084 2192 2398 2263 σπαργανοῖ·
2459 2186 2546 2241 ἐπὶ
2606 2183 2665 2241 δὶ
2710 2192 2812 2256 τῆς
2859 2186 3131 2261 Παρθένου
3178 2182 3286 2259 οὐχ
3346 2180 3540 2244 οὕτως·
3595 2180 3731 2252 αὕτη

2083 2271 2278 2344 ἔτεκεν,
2337 2275 2426 2331 καὶ
2482 2274 2615 2346 αὕτη
2677 2273 3107 2350 ἐσπαργάνωσεν·
3163 2272 3254 2328 καὶ
3325 2271 3461 2342 αὓτη
3525 2270 3730 2332 ἅκοπος

2085 2367 2270 2441 μήτηρ
2328 2364 2418 2419 καὶ
2474 2361 2761 2425 ἀδίδακτος
2837 2368 2991 2436 μαῖα,
3053 2361 3114 2417 οὐ
3191 2358 3569 2437 συνεχώρησεν
3639 2359 3731 2413 ἆν-

2082 2454 2262 2529 άγνοις
2319 2453 2507 2530 χερσὶν
2564 2455 2677 2527 (97)
2732 2452 2963 2527 ἅψασθαί
3019 2472 3142 2507 τινα
3186 2454 3283 2505 τοῦ
3330 2448 3606 2525 ἀχράντου
3633 2445 3729 2502 τό·

2078 2562 2199 2598 κου·
2259 2539 2391 2613 αὕτη
2470 2539 2560 2597 διὰ
2634 2542 2828 2611 ἑαυτῆς
2885 2542 2974 2595 τὸν
3046 2539 3098 2611 ἐξ
3154 2538 3343 2609 αὐτῆς,
3399 2537 3507 2613 πρὸ
3563 2536 3732 2607 αὐτῆς

2077 2632 2168 2687 καὶ
2246 2632 2379 2706 ὑπὲρ
2455 2631 2622 2702 αὐτῆς
2692 2631 3059 2707 ἐθεράπευσεν·
3133 2653 3163 2682 (ι
3220 2627 3319 2683 Καὶ
3380 2625 3730 2701 ἐσπαργάνω-

2078 2742 2163 2775 σεν
2249 2720 2433 2790 αὑτὸν,
2515 2720 2608 2776 καὶ
2689 2717 2960 2775 ἀνέκλινεν
3033 2717 3193 2773 αὐτὸν
3271 2715 3322 2771 ἐν
3388 2718 3459 2790 τῇ
3530 2716 3727 2793 φάτνῃ,

2077 2806 2216 2865 διότι
2247 2810 2346 2865 οὑκ
2373 2810 2439 2879 ἦν
2474 2808 2655 2871 αὐτοῖς
2682 2807 2848 2869 τόπος
2879 2805 2931 2861 ἐν
2977 2809 3056 2879 τῷ
3082 2803 3447 2877 καταλύματι.
3479 2826 3509 2856 ››
3545 2798 3726 2874 Εἶδες,

2075 2897 2119 2953 ὦ
2166 2898 2312 2977 φίλε,
2362 2902 2480 2961 πῶς
2525 2905 2625 2968 τῆς
2668 2896 3005 2967 Ἐκκλησίας
3048 2895 3139 2950 τὸν
3194 2893 3365 2949 τύπον
3422 2896 3728 2969 προανεζω·

2072 2990 2320 3068 γράφησε
2375 2990 2485 3061 (98)
2531 2987 2595 3042 τὸ
2644 2983 2857 3048 εὐτελὲς
2906 2984 3272 3060 καταγώγιον,
3317 2980 3443 3047 ἔνθα
3495 2983 3531 3051 ὴ
3578 2986 3723 3056 Παρ-

2072 3067 2222 3140 eam
2273 3072 2470 3147 ἔτεκεν,
2530 3076 2564 3146 ἠ
2640 3074 2777 3146 ἅπαξ
2847 3074 3256 3152 κυοφορήσασα,
3320 3070 3412 3127 καὶ
3471 3067 3721 3146 δεύτερον

2074 3167 2148 3239 μὴ
2207 3168 2527 3242 γεννήσασα,
2572 3163 2661 3220 καὶ
2709 3158 2916 3240 ὕϐρεως
2960 3160 3187 3240 ἔμφασιν
3226 3161 3302 3235 μὴ
3363 3158 3717 3233 ὑπομείνασιν

301 3249 387 3305 sic
416 3248 753 3321 loquentem
781 3267 793 3306 :
820 3275 847 3302 «
882 3252 950 3307 Et
981 3253 1203 3324 peperit
1231 3251 1417 3308 filium
1464 3269 1638 3308 suum
1672 3253 1955 3326 primoge-

2074 3254 2111 3310 ιῖ
2140 3255 2229 3311 καί
2255 3276 2399 3318 τινες
2459 3253 2731 3328 μανέντες,
2785 3250 2874 3307 διὰ
2919 3253 2981 3307 τὸ
3024 3251 3247 3306 ἀκοῦσαι
3294 3247 3489 3311 αὐτοὺς
3536 3245 3725 3322 λεγον-

299 3337 512 3404 nitum,
546 3360 574 3389 »
614 3340 939 3396 secundum
974 3341 1157 3396 fuisse
1200 3340 1460 3414 Virginis
1510 3341 1952 3413 conceptionem

295 3426 633 3497 docuerint,
668 3428 1168 3501 incorruptionem
1203 3430 1261 3486 in
1293 3430 1724 3502 corruptionem
1760 3436 1953 3488 trans-

302 3521 598 3572 mutantes
632 3534 645 3572 :
676 3517 735 3572 in
768 3516 894 3572 suis
924 3518 1301 3590 dogmatibus
1330 3519 1413 3575 ita
1456 3519 1764 3591 loquentes
1798 3538 1810 3576 :
1843 3521 1950 3578 Ne-

295 3618 595 3674 quaquam
622 3605 1050 3677 primogenitus
1068 3607 1264 3664 dictus
1287 3608 1477 3679 fuerit,
1497 3608 1608 3665 nisi
1631 3611 1954 3682 subsequa-

296 3694 394 3745 tur
426 3692 591 3746 alter.
622 3692 951 3749 Adversarii
984 3698 1178 3750 autem
1212 3695 1421 3767 nostri,
1455 3712 1571 3752 non
1621 3697 1793 3752 modo
1845 3699 1950 3753 Lu-

297 3796 426 3835 cam
458 3796 577 3835 suee
608 3781 911 3853 pravitatis
943 3783 1276 3854 producunt
1323 3788 1567 3854 testem;
1622 3785 1723 3841 sed
1774 3787 1948 3843 etiam

298 3867 719 3941 evangelistam
778 3871 1090 3927 Matbznum
1151 3874 1252 3944 qui
1301 3890 1369 3929 ea
1416 3874 1543 3946 ipsa
1592 3881 1844 3948 enarret,
1895 3880 1952 3933 et

300 3959 562 4030 apertius
594 3959 784 4015 adhuc
811 3961 1084 4027 affirmet,
1110 3967 1287 4034 atque
1315 3964 1444 4034 ejus
1465 3980 1634 4020 voces
1666 3965 1833 4037 impii
1866 3966 1951 4021 illi

298 4048 704 4119 proferunt,in
736 4050 972 4121 scriptis
1004 4051 1129 4107 suis
1151 4068 1218 4108 ea
1237 4051 1542 4123 loquentes
1574 4071 1700 4126 quas
1731 4054 1949 4128 Joseph

296 4136 355 4190 in
390 4135 612 4192 visione
642 4139 935 4210 accepisse
965 4140 1259 4206 scribitur,
1291 4141 1562 4199 Matthiae
1593 4143 1952 4217 evangelista

297 4224 529 4281 dicente
556 4244 569 4281 :
594 4249 622 4277 ‹‹
648 4228 937 4300 Apparuit
965 4235 1157 4286 autem
1193 4231 1436 4303 angelus
1466 4232 1697 4288 Domini
1720 4234 1778 4289 in
1802 4252 1952 4290 som-

300 4315 391 4369 nis
422 4313 661 4389 Josepb,
695 4317 898 4373 dicens
931 4334 944 4374 :
977 4319 1194 4391 Josepb
1227 4318 1308 4375 ﬁli
1339 4320 1542 4393 David,
1576 4322 1692 4379 noli
1745 4324 1952 4380 timere

300 4403 564 4477 accipere
596 4405 835 4462 Mariam
868 4409 1178 4481 conjugem
1204 4414 1384 4477 tuam,
1418 4412 1573 4483 quod
1608 4412 1763 4468 enim
1798 4413 1855 4469 in
1886 4431 1954 4470 ea

300 4498 504 4549 natum
537 4497 648 4564 est,
679 4512 747 4551 ex
776 4496 992 4567 Spiritu
1038 4502 1239 4554 sancto
1287 4503 1399 4557 est.
1450 4500 1709 4573 Surgens
1755 4506 1950 4559 autem

298 4581 541 4654 Joseph,
574 4583 676 4651 ait,
710 4586 935 4658 accepit
987 4586 1233 4643 Mariam
1280 4590 1593 4662 eonjugem
1641 4607 1848 4661 suam;
1897 4599 1954 4647 et
1981 4613 2028 4678 D

300 4687 416 4728 non
466 4674 736 4745 cognovit
774 4690 903 4730 eam
937 4676 1119 4731 donec
1152 4678 1376 4749 peperit
1405 4678 1593 4735 filium
1627 4697 1801 4736 suum
1831 4681 1948 4753 pri-

300 4761 661 4832 mogenitum
693 4762 757 4818 7'.
782 4782 808 4815 η
854 4764 1042 4820 Simili
1075 4766 1243 4822 modo
1271 4767 1584 4823 adversarii
1624 4768 1731 4825 has
1778 4786 1948 4826 voces

297 4854 664 4921 mutuantur,
710 4857 776 4907 ut
804 4852 1120 4925 gloriosam
1155 4855 1454 4928 Virginem
1484 4858 1742 4914 secundo
1774 4875 1946 4932 pepe—

295 4939 446 4995 risse
477 4939 738 4997 doceant.
775 4942 884 4998 Sed
920 4959 1103 5016 apage
1131 4944 1553 5002 absurditatem
1576 4963 1589 5002 :
1610 4947 1952 5004 immacula-

294 5034 424 5087 tum
456 5046 701 5105 prorsus
732 5033 1060 5103 permansit
1091 5032 1200 5089 boc
1229 5034 1608 5107 virginale,et
1627 5036 1948 5110 gloriosum

370 5145 415 5183 ’⁸ο
445 5146 577 5205 Luc.
609 5163 674 5217 ιι,
703 5148 759 5219 6,
790 5148 843 5203 7.
920 5150 964 5186 τί
994 5149 1201 5207 Matth.
1223 5166 1265 5222 ι,
1295 5150 1487 5207 20-25.

367 5270 673 5355 (εξελᾳοιι).
700 5274 779 5355 ⁸1,
824 5272 1106 5355 2,.αύτήν
1162 5274 1253 5329 καὶ
1308 5269 1486 5330 ἔτεκεν
1531 5277 1620 5331 τὸν
1679 5298 1739 5336 π.
1774 5278 1951 5355 Paulo

301 5346 435 5415 post
462 5339 663 5415 iidem,
696 5339 837 5399 διότι
865 5339 964 5399 οὑκ
990 5339 1079 5413 iv.

368 5414 486 5485 (96)
520 5414 893 5493 Colbertinus
924 5419 1153 5493 primus
1182 5421 1241 5473 et
1270 5419 1571 5493 secundus
1598 5418 1799 5493 νομίσῃ
1848 5422 1952 5492 τὴν

300 5479 559 5564 ἔνσαρκον
596 5479 952 5564 οίκονομίανῖ-
970 5487 1370 5564 ’Έτεκεηφη-σὶ,
1395 5489 1486 5544 τὸν
1515 5491 1639 5548 Υἱὸν
1665 5479 1858 5564 fabri-3g.

375 5502 559 5609 ταρκον
596 5502 936 5560 οικονομιαν.
972 5502 1177 5554 "Escae,
1210 5502 1364 5564 φησι,
1395 5502 1486 5544 τον
1517 5502 1639 5548 ι’ὶόν
1673 5502 1858 5561 αὐτῆς.

375 5558 438 5645 (ίᾷ¹
472 5557 488 5626 )
520 5557 684 5645 Colb.
722 5561 774 5645 1,
806 5558 1432 5645 εἰξαγέσι.χερσί.“1ρΐι“ἃ
1477 5570 1610 5637 post
1659 5561 1712 5634 ἐξ
1765 5562 1953 5645 αὐτῆς,

301 5628 520 5757 ledgittur
548 5628 639 5683 καὶ
670 5630 776 5705 πρὸ
806 5628 973 5703 αὐτῆς
1031 5628 1089 5688 iii
1119 5628 1435 5691 'codicibus
1477 5628 1653 5707 11188.,
1694 5628 1866 5695 secus
1889 5628 1955 5693 in

310 5717 342 5755 Θ
387 5715 404 5755 ι
435 5716 505 5757 IS.

310 5715 379 5756 OG
387 5715 505 5758 ιῑιε.

2062 3365 2156 3408 τος
2184 3348 2282 3401 τοῦ
2328 3343 2709 3420 εὐαγγελιποῦ
2762 3346 2963 3398 Λουκᾶ·
3016 3364 3045 3393 ‹‹
3097 3338 3197 3394 Καὶ
3245 3336 3393 3394 ἔτεκε
3447 3338 3541 3393 τὸν
3603 3334 3720 3393 υἱόν

2061 3436 2229 3504 αὐτῆς
2256 3433 2348 3489 τὸν
2379 3431 2753 3509 πρωτότοκον,
2788 3454 2818 3484 ››
2865 3429 2956 3486 καὶ
2989 3427 3239 3505 δευτίραν
3289 3426 3567 3501 σύλληψιν
3616 3433 3717 3496 τῆς

2064 3521 2332 3597 Παρθένου
2364 3519 2722 3598 ἰδογμάτισαν
2767 3522 2901 3594 (99),
2948 3519 3048 3588 τὴν
3095 3516 3393 3595 ἀφθαρσίαν
3449 3514 3527 3578 είς
3580 3526 3716 3593 φθο-

2062 3613 2156 3688 ρὰν
2227 3605 2686 3685 μεταϐάλλοντες·
2740 3608 3029 3687 φάσκοντες
3080 3606 3133 3662 ἐν
3177 3612 3295 3669 τοῖς
3354 3603 3577 3665 οἰκείοις
3628 3600 3715 3657 δό-

2059 3718 2284 3778 γμασιν
2335 3700 2447 3755 Οὔκ
2495 3698 2553 3755 ἂν
2606 3698 2832 3775 Λεχθείη
2884 3695 3256 3773 πρωτότοκος,
3315 3690 3567 3766 δευτέρου
3630 3692 3708 3764 μή

2060 3787 2667 3865 παρακολουθήσαντος.
2726 3787 2804 3845 Οὐ
2856 3786 3021 3859 μόνον
3065 3782 3123 3840 δὲ
3171 3785 3223 3840 οἱ
3256 3782 3307 3854 ἐξ
3356 3779 3588 3843 ἐναντίας
3616 3779 3708 3835 τὸν

2060 3885 2270 3934 Λουκᾶν
2311 3885 2413 3947 τῆς
2470 3877 2675 3939 οἰκείας
2731 3872 3060 3948 ἀϐελτηρίας
3107 3867 3515 3949 προϐάλλονται
3581 3868 3712 3946 μάρ-

2057 3966 2393 4043 summa
2447 3966 2536 4022 καὶ
2581 3966 2675 4022 τὸν
2725 3962 3118 4041 εὐαγγελιστήν
3164 3961 3437 4017 Ματθαῖον
3484 3959 3551 4014 τὰ
3579 3958 3713 4014 αὖτᾶ

2065 4055 2360 4129 μηνύοντα,
2421 4054 2510 4110 καὶ
2567 4053 2647 4110 ἔτι
2725 4053 3047 4131 σαφεστερον
3123 4053 3529 4125 παρεγγυῶντα·
3591 4046 3709 4112 ὅθεν

2059 4144 2273 4207 καὶτὰς
2322 4142 2522 4199 ἐκείνου
2580 4141 2752 4212 λέξεις
2814 4142 3262 4219 φανεροποιοῦσιν
3322 4138 3375 4193 οἱ
3436 4136 3609 4211 ἄθεοι,
3654 4135 3707 4192 ἐν

2057 4240 2175 4296 τοῖς
2248 4233 2452 4288 ἑαυτῶν
2530 4232 2911 4308 συγγράμμασι
2988 4227 3241 4304 λέγοντες
3315 4228 3450 4304 ἅπερ
3509 4226 3711 4304 Ἰωσὴφ

2062 4322 2114 4379 ἂν
2148 4321 2376 4394 ὀπτασίᾳ
2404 4324 2483 4394 (1)
2533 4318 2820 4393 δεξάμενος
2868 4319 3289 4395 ἀναγέγραπται,
3337 4319 3435 4371 τοῦ
3490 4315 3710 4392 εὐαγγε-

2063 4411 2251 4468 λιστοῦ
2302 4407 2589 4468 Ματθαίου
2637 4407 2911 4485 λέγοντος·
2970 4431 2995 4463 ι
3043 4412 3221 4486 ’Ώφθη
3258 4403 3317 4461 δὲ
3346 4405 3582 4480 ἄγγελος
3613 4411 3713 4460 Κυ-

2063 4499 2183 4576 ρίου
2213 4501 2330 4555 κατ“
2360 4496 2485 4573 ὄναρ
2528 4501 2609 4570 τῷ
2656 4497 2881 4576 Ἰωσὴφ,
2933 4495 3132 4573 λέγων·
3186 4494 3389 4572 Ἰωσὴφ
3437 4493 3553 4556 υἱὸς
3611 4501 3713 4549 Δα-

2061 4583 2172 4660 ϐὶδ,
2219 4588 2296 4663 μή
2352 4581 2600 4666 φοϐηθῇς
2654 4581 2990 4664 παραλαϐεῖν
3050 4585 3283 4661 Μαριὰμ
3337 4585 3436 4654 τὴν
3485 4583 3712 4659 γυναῖκά

2060 4697 2175 4734 σου·
2233 4678 2296 4733 τὸ
2353 4676 2453 4753 γὰρ
2513 4675 2567 4733 ἐν
2624 4675 2760 4751 αὐτῇ
2810 4678 2887 4750 (2)
2943 4674 3221 4751 γεννηθὲν,
3280 4671 3341 4728 ἐκ
3395 4671 3709 4747 Πνεύματός

2059 4767 2200 4823 ἐστιν
2275 4765 2449 4843 ἁγίου*
2524 4765 2782 4828 ’Δναστὰς
2850 4762 2928 4836 δὶ,
3004 4762 3190 4842 φησὶν,
3263 4762 3489 4840 Ἰωσὴφ,
3569 4782 3709 4840 παρ-

2061 4850 2224 4914 έλαϐε
2252 4855 2480 4933 Μαριὰμ
2528 4855 2627 4924 τὴν
2685 4859 2910 4931 γυναῖκα
2968 4852 3155 4922 αὐτοῦ,
3202 4850 3294 4906 καὶ
3346 4849 3715 4927 ἰπορεύθησαν

2062 4947 2138 5009 εἷς
2198 4944 2490 5023 Δῖ’γυπτνν⁶
2550 4945 2640 4999 καὶ
2717 4942 2817 4998 οὐκ
2887 4941 3176 5017 ἐγίνωσκεν
3247 4938 3439 5010 αὐτὴν,
3494 4937 3601 5005 ἕως
3652 4939 3715 4996 οὗ

2064 5036 2209 5092 ἔτεκε
2261 5035 2352 5091 τὸν
2383 5033 2502 5089 υἱὸν
2536 5032 2702 5103 αὐτῆς
2729 5032 2822 5088 τὸν
2877 5030 3250 5109 πρωτότοκον.
3281 5052 3309 5082 ι)
3357 5029 3595 5104 Ὁμοίως
3624 5030 3716 5086 καὶ

2131 5278 2247 5350 (98)
2285 5275 2444 5350 Galb-
2478 5276 2532 5350 1»
2560 5269 3159 5350 2ε-προε,ζωγράφησεγε

2132 5342 2245 5422 (99)
2264 5342 2569 5422 ’Σύλληψιν
2598 5342 2952 5421 ἐδογμάτισκν
2981 5342 3082 5415 τὴν
3116 5342 3380 5418 Παρθένον
3402 5343 3717 5419 ὑπομεῖναι.

2107 5420 2157 5478 ic
2187 5420 2345 5478 Cslb.
2381 5421 2432 5489 1,
2464 5420 2520 5476 2.
2706 5420 2711 5421 ί
2916 5488 2925 5489 ί
3004 5488 3009 5489 γ
3052 5488 3059 5489 ί
3257 5476 3266 5485 .

2062 5422 2157 5479 Sic
2187 5422 2345 5478 Cslb.
2381 5422 2432 5489 1,
2464 5422 2520 5476 2.
3257 5476 3266 5485 ,

2135 5494 2328 5566 (t)_lta
2369 5491 2530 5566 C_olb-
2581 5493 2637 5563 2,
2686 5494 2863 5547 recte.
2912 5488 3064 5545 Editi
3114 5503 3253 5546 vero
3292 5486 3462 5566 φαλὶν
3515 5488 3717 5566 Ἰωσὴφ

2073 5560 2187 5637 μιλεῖ
2220 5560 2500 5637 ὀπτασίαγτ

2136 5635 2340 5706 (2ὶλεὶς
2382 5634 2556 5706 Colb.
2599 5634 2651 5703 1,
2686 5636 2755 5706 Δ2.
2805 5631 2960 5689 Editi
2987 5627 3409 5706 veruti-tvm"
3461 5629 3717 5706 ξΔναστᾲς

2066 5698 2363 5784 παράλαϐε
2386 5703 2617 5783 Μαριὰμ
2635 5698 2741 5774 τὴν
2772 5700 3005 5779 γυναῖκά
3031 5698 3159 5776 σου,
3182 5698 3321 5759 διότι
3351 5700 3414 5759 τὸ
3466 5702 3520 5759 δν
3554 5700 3712 5777 αὐτῇ.
