4120 6356
345 379 462 438 957

347 513 424 584 (3)
453 507 650 569 ταύτας
702 508 796 568 τὰς
847 505 1016 578 λᾶξεις
1070 507 1123 559 οἱ
1171 505 1222 575 ἐξ
1271 504 1511 567 ἐναντίας
1563 511 1996 582 παρεγγυῶνται,

2114 507 2411 564 cimelium
2453 525 2465 562 :

2111 597 2322 653 caelum
2369 615 2382 652 :

347 597 406 652 ἐκ
430 595 681 672 δευτέρου
711 597 811 663 τὴν
841 591 1052 664 ἔνδοξον
1105 593 1371 667 Παρθένον
1417 597 1753 671 κυοφορῆσαι
1796 593 1998 671 δογμα-

344 686 578 756 τίζοντες
617 727 630 741 .
692 682 848 738 Ἀλλ’
905 680 1078 758 ἄπαγε
1147 686 1244 750 τῆς
1321 683 1585 745 ἀτοπίαςῐ
1655 682 2000 753 ἀκηλίδωτον

347 772 527 849 ἔμεινε
573 775 788 834 πάντως
835 773 896 827 τὸ
946 773 1267 846 παρθενικὸν
1313 772 1401 825 xxi
1443 769 1653 844 ἔνδοξον
1688 773 2000 845 κειμήλιον

348 863 446 920 οὐκ
496 862 772 936 ἐμολύνθη
808 863 836 916 6
888 859 1139 938 δεύτερος
1189 859 1432 935 οὐρανός
1469 860 1569 915 οὐκ
1615 863 1901 936 ἡχρειώθη
1941 864 2003 918 τὸ

344 958 446 1008 τοῦ
492 952 744 1026 Ὑψίστου
789 951 1138 1026 θεοχώρητον
1191 954 1398 1012 σκεῦος.
1453 950 1806 1025 ΙΙρωτότοκος
1839 951 1867 1004 6
1901 951 2005 1005 Κό-

349 1063 465 1118 ριος
509 1039 738 1109 ἤκουσεν
789 1039 848 1094 ἐκ
885 1047 986 1108 τῆς
1039 1040 1329 1115 Παρθένου·
1381 1040 1468 1092 καὶ
1519 1038 1703 1101 καλῶς
1752 1041 2000 1108 ἤκουσεν·

347 1131 456 1206 οὐχ
516 1131 599 1185 ὅτι
660 1127 910 1204 δεύτερόν
965 1150 1088 1184 τινα
1163 1130 1461 1204 ὁμοιογενῆ
1520 1129 1954 1200 προσεκαλέσατο
1989 1148 2022 1178 ·.

346 1219 474 1276 ἀλλ’
527 1219 610 1273 ὅτι
685 1213 1035 1292 πρωτότοκος
1087 1217 1303 1292 ὑπῆρχε
1341 1263 1355 1284 ,
1410 1219 1684 1272 τουτέστιν
1746 1218 2004 1293 ἀσύγκρι-

343 1330 460 1371 τος.
508 1305 649 1366 Οὐδὶ
696 1308 795 1381 γὰρ
847 1310 948 1380 (4),
1002 1303 1090 1360 διὰ
1131 1307 1193 1361 τὸ
1243 1307 1410 1360 εἰπεῖν
1461 1307 1521 1360 τὸ
1567 1307 1829 1382 μακάριον
1863 1313 2005 1362 Παῦ-

348 1398 446 1454 λον
504 1398 626 1470 περὶ
679 1403 780 1464 τῆς
836 1400 934 1451 τοῦ
988 1392 1184 1471 Κυρίου
1245 1394 1304 1450 ἐκ
1358 1400 1454 1450 τοῦ
1507 1396 1716 1470 Πατρὸς
1762 1397 2006 1472 ἀνάρχου

349 1489 674 1563 γεννήσεως,
723 1485 780 1547 ὅς
831 1484 941 1539 ἐστι
990 1484 1344 1560 πρωτότοκος
1393 1485 1570 1554 πάσης
1613 1486 1862 1557 κτίσεως,
1894 1485 2002 1556 ἢδη

349 1575 440 1629 καὶ
497 1571 726 1650 ἀδελφὸν
781 1571 876 1627 τοῖ’)
932 1573 1128 1646 Κυρίου
1183 1573 1406 1650 φυσικὸν
1468 1574 1831 1649 συνέγραψεν·
1892 1573 2004 1629 οὔδ’

1321 373 1586 434 SEBMO
1631 373 1732 433 DE
1783 374 2355 434 DESCRIPTIONE
2401 375 2791 436 DEIPARE.

3651 368 3770 432 958

2512 521 2880 578 nequaquam
2941 504 3227 576 pollutum
3278 505 3388 560 fuit
3435 503 3765 560 secundum

2437 612 2806 666 nequaquam
2854 595 3223 665 profanatum
3277 595 3387 648 fuit
3435 610 3535 648 vas
3590 591 3766 656 illud,

2114 689 2268 759 quod
2302 691 2484 741 Deum
2516 685 2873 739 altissimum
2904 684 3210 739 continuit.
3236 684 3520 739 Dominus
3550 681 3768 752 primo-

2114 777 2350 849 genitus
2378 794 2445 830 ex
2476 774 2712 845 Virgine
2747 773 2989 843 audivit,
3025 790 3088 827 ac
3122 774 3296 844 probe
3328 771 3547 826 audivit
3581 788 3596 837 ;
3652 785 3769 824 non

2115 867 2268 936 quod
2303 865 2628 920 secundum
2688 879 2753 917 ex
2800 864 3003 917 eodem
3053 878 3263 933 genere
3310 860 3614 926 acciverit;
3667 859 3769 912 sed

2116 953 2256 1025 quia
2287 953 2736 1024 primogenitus,
2772 951 2826 1005 id
2860 955 2949 1006 est
2979 949 3457 1020 incomparabilis
3489 952 3632 1002 erat.
3658 947 3772 1001 Ne-

2117 1059 2230 1110 que
2260 1042 2415 1096 enim
2449 1040 2584 1112 quia
2609 1041 2671 1096 Β.
2710 1040 2920 1095 Paulus
2949 1042 3018 1094 de
3049 1047 3267 1094 aeterna
3304 1037 3530 1092 Domini
3562 1053 3630 1090 ex
3662 1036 3767 1090 Pa-

2115 1137 2201 1186 tre
2231 1131 2607 1201 generatione
2637 1129 2720 1183 ait
2752 1146 2762 1183 :
2797 1152 2823 1179 ‹‹
2855 1129 2961 1194 Qui
2994 1133 3084 1184 est
3115 1125 3540 1198 primogenitus
3572 1125 3766 1180 omnis

2116 1226 2394 1275 creaturae
2443 1221 2509 1288 τε,
2549 1239 2576 1271 ι
2643 1217 2967 1274 naturalem
3007 1217 3206 1273 statim
3248 1214 3479 1271 Domini
3531 1215 3768 1268 fratrem

2115 1309 2504 1380 conscripsit:
2532 1324 2716 1378 neque
2741 1325 2976 1362 rursum
3012 1307 3135 1378 ipse
3158 1303 3539 1369 Paulus,cum
3572 1303 3768 1374 ipsum

2120 1397 2432 1453 Dominum
2492 1397 2945 1468 primogenitum
2995 1411 3063 1450 ex
3096 1391 3344 1448 mortuis
3375 1393 3620 1461 vocavit,
3655 1395 3770 1445 sta-

2117 1486 2224 1541 tim
2256 1486 2436 1541 alium
2467 1485 2713 1540 Domino
2745 1485 2997 1540 similem
3031 1482 3280 1549 induxit,
3306 1481 3407 1552 qui
3442 1481 3564 1552 pari
3600 1480 3772 1535 modo

2117 1576 2303 1630 infern
2317 1593 2347 1630 u
2361 1593 2414 1630 m
2456 1574 2900 1630 conculcaverit.

348 1661 415 1716 αὖ
445 1660 611 1716 πάλιν
645 1663 672 1716 6
704 1661 864 1724 αὐτὸς
898 1661 1138 1733 Παῦλος,
1169 1663 1260 1717 τὸν
1287 1662 1443 1716 αὐτὸν
1479 1661 1676 1736 Κύριον
1708 1664 2057 1736 πρωτότοκον
2108 1663 2168 1718 ἐκ
2214 1667 2321 1718 τῶν
2351 1667 2548 1738 νεκρῶν
2597 1660 2852 1730 καλέσας,
2887 1660 2991 1733 ἤδη
3043 1661 3130 1716 καὶ
3181 1659 3373 1734 ὅμοιον
3421 1663 3517 1714 τοῦ
3564 1657 3766 1731 Κυρίου

258 1754 266 1761 ”
347 1753 742 1828 παρεισήγαγε,
774 1750 1176 1825 παραπλησίως
1206 1751 1295 1806 τὸν
1333 1747 1464 1822 ᾅδην
1499 1755 1830 1822 πατήσαντα.

413 1843 470 1896 9.
531 1840 622 1893 Διὸ
683 1837 843 1894 ἄκουε
896 1843 1127 1901 συνετῶς
1163 1883 1177 1909 ,
1236 1839 1325 1893 καὶ
1404 1839 1620 1894 πίστευε
1683 1839 1996 1918 θεοφιλῶς.

2181 1843 2236 1898 9.
2265 1843 2652 1907 Quamobrem
2708 1844 3024 1915 prudenter
3069 1842 3228 1906 audi,
3272 1857 3338 1896 ac
3385 1841 3478 1912 pie
3519 1838 3758 1894 credito.

349 1930 704 2005 Πρωτότοκος
764 1933 792 1986 6
853 1930 1046 2007 Κύριος
1096 1929 1156 1985 ἐκ
1205 1935 1316 1985 τῶν
1377 1937 1601 2006 νεκρῶν,
1650 1933 1740 1986 καὶ
1793 1933 1852 1988 ἐκ
1905 1937 2002 1987 τοῦ

349 2020 558 2094 Πατρὸς
587 2021 676 2075 καὶ
710 2020 770 2074 ἐκ
815 2027 914 2088 τῆς
967 2019 1267 2096 Παρθένου,
1295 2019 1387 2074 ’ίνα
1418 2018 1506 2075 διὰ
1536 2023 1750 2075 πάντων
1781 2024 1999 2096 γνωσθῆ

346 2108 406 2160 τὸ
443 2103 733 2179 μοναδικὸν
792 2114 891 2177 τῆς
935 2107 1188 2176 υἱότητος
1237 2107 1467 2180 ἀξίωμα.
1531 2107 1888 2182 Ἀσῦγκριτος
1945 2107 2002 2163 δὲ

346 2196 373 2250 6
407 2193 726 2257 δεσποτικὰς
774 2196 964 2257 τόκος’
1026 2195 1163 2251 ὅπου
1218 2197 1318 2271 γὰρ
1350 2199 1384 2264 ἡ
1446 2200 1643 2273 Μήτηρ
1708 2199 1998 2274 Παρθένος,

344 2290 462 2347 πῶς
507 2285 670 2347 τόκος
721 2285 1205 2360 ὲρμηνευόμενος;
1267 2285 1506 2357 Ὁμοίως
1563 2286 1651 2340 καὶ
1707 2288 1769 2341 τὸ
1829 2287 1998 2341 εἰπεῖν

344 2374 434 2428 τὸν
498 2372 888 2450 εὐαγγελιστήν
946 2376 1219 2429 Ματθαῖον
1275 2373 1399 2449 περὶ
1452 2379 1548 2429 τοῦ
1607 2376 1805 2453 Ἰωσῆφ
1845 2419 1858 2442 ,
1917 2375 1998 2430 ὅτι

349 2485 376 2512 ‹‹
411 2460 525 2519 Οὐκ
575 2460 860 2538 ἐγίνωσκεν
920 2462 1112 2531 αὐτὴν,
1172 2459 1276 2524 ἕως
1311 2462 1373 2516 οὗ
1428 2461 1576 2518 ἓτεκε
1620 2465 1711 2517 τὸν
1746 2465 1860 2518 υἱὸν
1910 2465 2001 2518 αὐ-

348 2555 448 2618 τῆς
504 2551 594 2604 τὸν
645 2549 1014 2626 πρωτότοκον⁸
1078 2575 1107 2602 ››
1166 2551 1286 2606 οὐκ-
1326 2550 1608 2627 ἐγίνωσκεν
1671 2554 1773 2626 γὰρ
1830 2553 1997 2622 αὐτὴν

350 2636 594 2708 ἀληθῶς,
626 2637 732 2701 ἓως
783 2637 844 2693 οὗ
896 2637 1042 2694 ἔτεκε
1087 2641 1176 2694 τὸν
1234 2641 1350 2694 υἱὸν
1394 2641 1560 2709 αὐτῆς
1591 2643 1684 2696 τὸν
1717 2642 2000 2716 πρωτότο-

346 2746 462 2783 κον.
497 2729 643 2789 Ἕως
691 2728 754 2782 οὗ
803 2730 837 2797 ἡ
892 2729 1164 2803 ΙΙαρθένος
1217 2728 1499 2807 ἐκυοφόρει
1545 2733 1645 2804 (5),
1680 2731 1778 2786 οὐκ
1825 2731 1999 2806 ἐγνώ-

345 2820 487 2890 ριζεν
519 2815 741 2884 αὐτήνὸ
775 2819 996 2895 Ἰωσήφ·
1046 2817 1144 2872 οὐκ
1189 2815 1333 2892 ᾔδει,
1381 2818 1435 2873 τί
1483 2821 1544 2873 τὸ
1591 2819 1642 2873 ἐν
1697 2820 1853 2894 αὐτῇ·
1903 2821 2002 2876 οὐκ

343 2903 484 2978 ᾔδει,
515 2905 569 2960 τί
625 2907 686 2960 τὸ
739 2907 1281 2981 πραγματευόμενον·
1337 2907 1437 2963 οὐκ
1491 2906 1634 2983 ᾔδει,
1684 2910 1735 2964 τί
1791 2911 1854 2964 τὸ
1905 2932 2000 2964 κα-

340 2995 824 3068 τασκευαζόμενον·
891 2996 1053 3069 μόνον
1101 2998 1202 3073 γὰρ
1263 2993 1436 3067 ἔτεκε,
1497 2998 1587 3052 καὶ
1641 2995 1766 3052 τότε
1825 2999 2000 3073 ἐγνώ-

344 3103 473 3158 ρισε·
524 3084 650 3139 τότε
698 3081 838 3159 ἔγνω
874 3086 900 3140 6
934 3087 1136 3163 Ἰωσὴφ
1177 3086 1258 3147 τίς
1306 3089 1382 3160 (6)
1430 3089 1494 3156 ἦν
1543 3089 1576 3157 ἠ
1627 3085 1854 3160 δύναμις
1901 3091 2000 3158 τῆς

341 3173 640 3247 Παρθένου,
673 3175 763 3228 καὶ
795 3174 847 3228 τί
874 3173 1112 3250 γενέσθαι
1145 3175 1482 3246 κατηξιώθη·
1534 3176 1654 3230 τότε
1695 3172 1854 3252 ἔγνω,
1911 3177 1991 3232 ὅτι
2027 3215 2070 3283 C

425 3265 470 3283 νο
568 3263 582 3283 Ἰ
641 3261 689 3283 νδ
949 3265 961 3283 \
1054 3263 1074 3283 Χ
1121 3258 1151 3283 ρ
1258 3265 1276 3283 Ἰ
1302 3263 1312 3283 Ι
1471 3265 1483 3283 ἱ
1575 3267 1588 3283 ο
1652 3267 1661 3283 Ι
1922 3267 1932 3283 1

345 3265 511 3334 μαζὸν
565 3261 822 3331 ἐπέδωκε,
873 3265 964 3318 καὶ
1013 3258 1377 3342 φλεϐοσυλίαν
1429 3265 1536 3340 οὐχ
1570 3267 1840 3338 ὑπέμεινε³
1874 3267 1996 3322 τότε

344 3345 504 3425 ἔγνω,
557 3351 637 3406 ὅτι
699 3351 1036 3428 ἐξελόγευσε,
1094 3354 1184 3408 καὶ
1240 3353 1308 3408 τὰ
1361 3359 1468 3409 τῶν
1531 3353 1718 3430 λοχῶν
1771 3355 1832 3409 οὐ
1879 3377 2002 3410 κατ-

345 3438 554 3510 ενόησεν
585 3441 709 3496 τότε
739 3437 895 3516 ἔγνω,
947 3443 1029 3496 δτι
1081 3440 1254 3513 θηλὺν
1303 3448 1562 3520 παρεῖχεν
1610 3446 1644 3513 ἡ
1691 3444 1999 3516 ἀκρότομος

344 3528 514 3604 πέτρα
566 3533 635 3603 τῇ
693 3535 866 3604 νοητῇ
925 3529 1114 3604 πέτρα·
1173 3532 1295 3586 τότε
1352 3529 1489 3607 ἔγνω
1544 3533 1570 3586 6
1628 3534 1854 3610 Ἰωσὴφ,
1916 3533 1998 3587 ὅτι

345 3616 466 3692 περὶ
522 3617 688 3687 αὐτῆς
745 3616 976 3692 ἔγραψεν
1031 3616 1282 3681 Ἡσαΐας·
1349 3645 1377 3672 ‹‹
1442 3617 1583 3674 ἰδοὺ
1641 3623 1675 3690 ἡ
1738 3621 2000 3696 παρθένος

343 3703 394 3760 ἐν
427 3706 618 3780 γαστρὶ
670 3701 793 3778 ἔξει,
830 3731 857 3757 ››
891 3706 987 3761 Διά
1035 3707 1096 3761 τὸ
1146 3707 1470 3783 ἀσύγκριτον
1520 3714 1803 3783 τοιγαροῦν
1848 3731 2000 3785 πρω-

343 3793 566 3856 τότοκος
601 3794 628 3848 ὁ
661 3795 888 3865 Ἰησοῦς.
930 3795 990 3851 Εἰ
1042 3793 1099 3850 δὲ
1149 3793 1232 3850 δεῖ
1279 3796 1645 3866 ἐπαληθεῦσαι
1694 3803 1774 3870 τῷ
1825 3798 1998 3874 λόγῳ,

342 3882 370 3936 6
412 3881 570 3945 αὐτὸς
635 3883 828 3956 Κύριος
888 3883 976 3938 καὶ
1037 3887 1350 3960 Μονογενὴς
1408 3885 1468 3940 ἐκ
1528 3887 1764 3958 Πατρός·
1832 3883 1998 3959 μόνος

339 3971 441 4047 γὰρ
485 3971 544 4026 ἐκ
589 3970 755 4044 μόνου
805 3972 1060 4047 ἀνάρχως
1108 3975 1427 4048 γεγέννηται
1463 3995 1474 4007 ο
1506 3976 1533 4028 ὁ
1582 3974 1742 4036 αὐτὸς
1799 3975 1997 4050 Κύριος

340 4059 431 4113 καὶ
489 4062 806 4136 Μονογενὴς
863 4061 952 4116 καὶ
1001 4061 1386 4138 πρωτότοκος·
1437 4065 1746 4138 Μονογενὴς
1795 4063 1854 4118 ἐκ
1902 4069 1998 4119 τοῦ

341 4147 576 4224 Ιίατρὸς,
635 4151 953 4225 Μονογενής
1014 4149 1074 4205 ἐκ
1127 4158 1227 4220 τῆς
1291 4152 1522 4227 μητρὸς,
1583 4149 1674 4206 διὰ
1729 4153 1819 4206 τὸν
1869 4152 1995 4228 ὅρον

337 4243 438 4307 τῆς
471 4237 806 4312 οἰκονομίας.
841 4243 1004 4314 Ἔχει
1037 4239 1140 4315 γὰρ
1189 4239 1438 4303 πολλοὺς
1483 4238 1770 4318 ἀδελφοὺς,
1804 4241 1865 4296 οὐ
1897 4242 1996 4321 φό-

340 4346 440 4395 σει,
474 4325 618 4382 ἀλλὰ
649 4332 860 4404 χάριτι,
892 4328 982 4382 καὶ
1031 4327 1082 4382 ἐν
1132 4334 1200 4403 τῇ
1252 4332 1510 4404 Παρθένῳ
1559 4331 1648 4385 καὶ
1697 4329 1746 4386 ἐν
1778 4335 1858 4404 τῷ
1886 4333 1995 4388 Ila-

335 4416 445 4491 τρί.
509 4417 746 4490 Ὁμοίως
792 4416 881 4473 καὶ
933 4417 985 4471 ἐν
1038 4423 1105 4492 τῇ
1158 4419 1433 4475 ἀναστάσει
1484 4418 1600 4496 ἔχει
1657 4417 1925 4498 ἀδελφοὺς
1967 4423 1994 4476 6

338 4509 553 4575 Κύριος·
615 4507 704 4561 καὶ
778 4506 914 4569 τίνες
991 4507 1193 4578 οὕτως
1256 4510 1372 4580 ΙΙρὸ
1429 4509 1642 4564 πάντων
1719 4510 1771 4564 οἱ
1847 4512 1993 4585 ἅγιοι

2114 1932 2549 2004 Primogenitus
2581 1936 2670 1988 est
2702 1933 2885 1988 Filius
2915 1949 2984 1987 ex
3015 1932 3285 2000 mortuis,
3317 1947 3386 1986 ex
3419 1930 3584 1984 Patre
3614 1933 3671 1984 et
3700 1945 3770 1984 ex

2112 2022 2371 2094 Virgine,
2419 2027 2484 2076 ut
2538 2038 2640 2093 per
2687 2022 2886 2076 omnia
2929 2020 3101 2075 unica
3150 2017 3452 2074 {iliationis
3511 2017 3769 2090 dignitas

2112 2116 2550 2183 agnosceretur.
2587 2111 3070 2183 Incomparabilis
3102 2114 3297 2164 autem
3349 2113 3438 2163 est
3469 2107 3774 2163 Dominica

2113 2200 2306 2270 proles
2335 2217 2347 2255 :
2375 2217 2506 2254 nam
2542 2200 2640 2254 ubi
2673 2207 2861 2254 mater
2889 2199 3086 2270 Virgo,
3111 2215 3367 2270 quanam
3398 2197 3623 2251 ratione
3647 2212 3776 2268 pro-

2111 2289 2195 2344 les
2216 2288 2581 2360 explicatur?
2599 2288 2890 2377 §imiliter
2909 2289 3059 2358 quod
3079 2286 3437 2358 evangelista
3460 2285 3768 2340 Matthaeus

2113 2377 2183 2432 de
2211 2377 2460 2448 Josepho
2494 2374 2650 2432 dicat
2684 2397 2696 2433 :
2737 2399 2764 2430 (ι
2805 2377 2928 2433 Non
2961 2377 3351 2448 cognoscebat
3396 2391 3546 2438 eam,
3580 2374 3765 2429 donec

2114 2466 2543 2537 peperitﬁlium
2579 2483 2752 2521 suum
2786 2465 3301 2536 primogenitum.»
3326 2470 3449 2517 Non
3484 2462 3655 2534 plane
3677 2479 3768 2517 co-

2113 2556 2427 2623 gnoscebat
2458 2571 2608 2618 eam,
2643 2556 2826 2610 donec
2860 2555 3080 2626 peperit
3116 2553 3300 2608 tilium
3336 2569 3511 2607 suum
3545 2551 3763 2622 primo-

2111 2641 2397 2713 genitum.
2451 2643 2640 2698 Donec
2695 2649 2924 2698 uterum
2965 2644 3141 2715 Virgo
3189 2643 3476 2714 gestabat,
3524 2657 3636 2694 non
3671 2656 3767 2693 eo-

2110 2734 2429 2802 gnoscebat
2475 2749 2600 2786 eam
2646 2732 2906 2802 Joseph:
2946 2749 3049 2787 nec
3103 2732 3323 2787 sciebat
3370 2730 3510 2802 quid
3564 2730 3623 2782 in
3667 2728 3770 2783 illa

2111 2828 2284 2886 esset,
2319 2823 2625 2890 ignorabat
2673 2823 2812 2892 quid
2837 2822 3049 2892 negotii
3098 2825 3418 2891 gereretur,
3465 2819 3771 2891 ignorabat

2113 2909 2252 2979 quid
2287 2916 2702 2980 appararetur:
2729 2919 2903 2981 atque
2934 2916 3074 2964 tunc
3104 2910 3295 2963 solum
3329 2908 3602 2979 cognovit
3627 2923 3762 2962 cum

2109 2998 2210 3052 illa
2241 2999 2499 3070 peperit:
2536 3003 2674 3054 tunc
2695 3000 2930 3071 agnovit
2956 2999 3172 3070 Joseph
3198 3014 3469 3069 quaenam
3501 2997 3759 3067 Virginis

2110 3094 2263 3142 esset
2319 3089 2525 3154 virtus,
2558 3094 2612 3143 et
2645 3089 2786 3158 quid
2820 3094 2967 3143 Deus
3013 3090 3198 3142 facere
3250 3087 3527 3156 dignatus
3557 3089 3712 3139 esset
3746 3101 3759 3138 :

2109 3180 2246 3231 tunc
2271 3177 2420 3231 novit
2475 3193 2602 3231 eam
2657 3177 2835 3232 ubera
2851 3177 3104 3242 dedisse,
3130 3193 3232 3230 nec
3263 3177 3320 3230 in
3348 3191 3491 3228 vena
3521 3191 3630 3228 sua
3662 3190 3757 3228 ra-

2113 3267 2310 3336 pinam
2364 3266 2758 3334 sustinuisse;
2789 3271 2926 3321 tunc
2977 3266 3134 3320 novit
3186 3281 3312 3320 eam
3361 3263 3678 3335 peperisse,
3709 3266 3767 3317 et

2112 3372 2237 3426 quas
2269 3355 2338 3409 ad
2390 3359 2622 3425 partum
2671 3355 2920 3410 attinent
2964 3372 3076 3409 non
3121 3355 3390 3408 novisse:
3425 3359 3565 3407 tunc
3597 3353 3765 3407 scivit

2112 3443 2434 3499 mamillam
2462 3461 2494 3499 a
2521 3451 2814 3516 praerupta
2838 3449 3022 3516 petra,
3043 3442 3329 3514 spirituali
3367 3448 3542 3514 petrae
3567 3443 3764 3496 datam

2111 3531 2327 3588 fuisse:
2353 3538 2493 3588 tunc
2525 3535 2680 3588 novit
2700 3533 3017 3604 Joscpb,do
3048 3533 3150 3587 illa
3174 3532 3382 3588 Isaiam
3408 3530 3719 3602 scripsisse
3751 3546 3764 3585 :

2111 3643 2140 3672 «
2203 3621 2340 3677 Ecce
2397 3623 2557 3694 virgo
2615 3622 2987 3694 concipiet.»
3053 3619 3497 3693 lncomparabili
3559 3620 3758 3690 itaque

2112 3711 2284 3767 modo
2318 3711 2738 3783 primogenitus
2767 3718 2856 3767 est
2883 3717 3072 3768 Jesus.
3099 3711 3259 3775 Quod
3297 3710 3374 3765 sit
3402 3709 3460 3763 in
3496 3708 3575 3764 rei
3609 3708 3756 3762 veri-

2111 3803 2227 3854 tate
2259 3799 2414 3871 loqui
2449 3807 2732 3871 oporteat,
2759 3801 2882 3872 ipse
2915 3801 3199 3856 Dominus
3233 3805 3291 3854 et
3322 3797 3669 3870 Unigenitus
3691 3813 3762 3851 ex

2111 3893 2319 3955 Patre;
2356 3891 2511 3947 350
2543 3891 2705 3946 solus
2741 3907 2994 3961 namque
3041 3908 3108 3944 ex
3139 3889 3283 3954 solo,
3320 3889 3447 3943 sine
3475 3887 3760 3958 principio

2111 3983 2285 4032 natus
2314 3983 2403 4032 est
2435 3996 2446 4031 :
2481 3979 2632 4032 idem
2667 3979 2954 4033 Dominus
2984 3982 3040 4033 et
3071 3977 3419 4049 Unigenitus
3459 3980 3514 4030 et
3546 3976 3762 4046 primo-

2108 4067 2340 4137 genitus
2373 4082 2386 4122 :
2422 4066 2772 4138 Unigenitus
2818 4085 2885 4122 ex
2940 4067 3125 4136 Patre,
3163 4064 3512 4137 Un‘genitus
3543 4081 3608 4120 ex
3645 4082 3764 4119 ma-

2107 4159 2213 4223 tre,
2249 4161 2483 4226 propter
2502 4157 2836 4210 ceconomiae
2861 4157 3178 4211 decretum.
3206 4155 3390 4211 Habet
3419 4155 3574 4210 enim
3611 4153 3763 4208 mul-

2107 4247 2198 4298 tos
2251 4243 2478 4311 fratres,
2533 4261 2644 4298 non
2680 4251 2911 4312 natura,
2947 4246 3045 4299 sed
3081 4245 3290 4316 gratia,
3325 4249 3381 4298 et
3411 4244 3470 4297 in
3518 4243 3758 4314 Virgine

2107 4335 2164 4387 et
2193 4332 2250 4387 in
2280 4335 2468 4388 Patre.
2518 4333 2708 4388 Simili
2763 4350 2994 4404 quoque
3025 4333 3196 4388 modo
3238 4332 3297 4386 in
3333 4331 3758 4386 resurrectione

2105 4420 2314 4476 fratres
2331 4421 2504 4477 habet
2525 4421 2805 4477 Dominus
2831 4439 2842 4476 :
2865 4421 3173 4493 ecquinam
3196 4420 3321 4475 illi?
3354 4423 3498 4475 Ante
3524 4437 3755 4485 omnes,

2107 4510 2292 4565 sancti
2325 4510 2592 4582 apostoli,
2626 4511 2842 4581 quibus
2875 4511 3158 4566 Dominus
3212 4508 3352 4564 dicit
3386 4527 3398 4563 :
3436 4532 3461 4556 α
3497 4507 3655 4562 Vado
3687 4509 3758 4563 ad

337 4587 659 4665 ἀπόστολοι,
721 4597 859 4672 πρὸς
919 4594 1011 4658 οὓς
1068 4598 1097 4652 6
1153 4598 1350 4670 litigio:
1409 4595 1534 4674 ἔφη’
1617 4623 1643 4649 ‹‹
1693 4601 1996 4675 ΙΙορεόομαι

2114 4602 2341 4655 Patrem
2377 4616 2568 4655 meum
2605 4605 2658 4654 et
2695 4606 2921 4655 Patrem
2955 4605 3213 4655 vestrum
3237 4599 3318 4664 ἠς
3357 4621 3384 4646 ι)
3417 4597 3628 4669 quibus
3655 4599 3760 4652 Do-

335 4682 472 4756 πρὸς
500 4683 594 4738 τὸν
625 4687 840 4758 Πατέρα
887 4706 1014 4756 μου,
1064 4685 1154 4740 καὶ
1207 4688 1422 4762 Πατέρα
1471 4687 1646 4761 ὑμῶν·
1684 4713 1711 4739 ››
1743 4689 1879 4763 πρὸς
1912 4689 2002 4750 οὖς

337 4771 365 4824 6
402 4771 600 4846 Κύριος
658 4772 782 4852 ἔφη’
817 4799 844 4825 ‹‹
889 4775 1070 4846 Ὑμεῖς
1132 4771 1208 4842 δὲ,
1270 4776 1732 4850 προσευχόμενοι,
1794 4774 1998 4852 λέγετε·

337 4859 512 4934 Πάτερ
561 4864 722 4934 ἡμῶν
771 4863 799 4916 6
846 4861 900 4917 ἐν
947 4869 1065 4924 τοῖς
1123 4862 1378 4936 οὐρανοῖς
1435 4867 1533 4937 (7),
1568 4866 1882 4939 ἁγιασθήτω
1935 4867 1998 4920 τὸ

337 4943 515 5021 ὄνομά
547 4971 665 5022 σου,
699 4975 726 5002 ››
761 4950 811 5005 ἐν
847 4956 1063 5028 Χριστῷ
1114 4952 1300 5020 Ἰησοῦ
1357 4956 1436 5025 τῷ
1494 4953 1678 5029 Κυρίῳ
1737 4956 1920 5027 ἡμῶν,
1952 4953 1996 5026 ᾧ

335 5039 369 5107 ἡ
406 5035 534 5111 δόξα
562 5039 652 5094 καὶ
682 5039 746 5094 τὸ
775 5039 973 5111 κράτος
1004 5045 1096 5097 νῦν
1129 5041 1220 5096 καὶ
1253 5041 1356 5115 ἀεὶ,
1383 5041 1473 5098 καὶ
1504 5040 1580 5105 εἲς
1620 5041 1749 5106 τοὺς
1800 5041 1997 5106 αἰῶνας

329 5130 440 5181 τῶν
472 5127 706 5188 αἰώνων.
742 5131 937 5202 Ἀμήν.

405 5299 454 5333 ⁷²
488 5299 710 5357 Coloss.
747 5318 786 5368 ι,
821 5303 905 5358 15.
984 5302 1029 5337 ⁷⁸
1057 5301 1227 5359 Joan.
1259 5319 1351 5373 xx,
1387 5305 1472 5360 17.

406 5479 483 5624 (3)
522 5482 682 5539 Colb.
719 5483 770 5549 1,
803 5485 860 5549 2,
890 5481 1130 5554 Ὁμοίως
1164 5479 1288 5556 γάρ.

406 5555 460 5621 (4
514 5553 674 5610 Colb.
711 5555 760 5622 1,
789 5559 844 5621 2,
890 5552 1255 5624 πρωτοτόκων

405 5551 480 5632 (4)
514 5553 674 5632 Colb.
709 5555 760 5632 ξ,
789 5559 844 5632 2_,
875 5551 1255 5632 Απρξωτοτόκων
1302 5551 1629 5632 ᾀσόγκριτός
1683 5555 1793 5612 ἐστι
1854 5555 1989 5632 πρὸς

327 5620 638 5700 τοίξςίυῖους
665 5620 773 5700 τῶν
805 5620 1002 5700 ἀνθρώ.
1025 5622 1114 5700 Ὀὐ
1145 5620 1229 5680 δεῖ
1257 5625 1382 5700 γάρ.

405 5696 484 5768 (5)
513 5696 672 5756 Colb.
706 5697 759 5770 4,
781 5701 836 5771 2,
871 5692 1193 5768 ἀπεκύησεν.

2111 4690 2310 4744 minus
2342 4690 2461 4744 ait:
2501 4712 2525 4738 ‹‹
2560 4689 2669 4744 Vos
2702 4696 2897 4745 autem
2932 4706 3064 4744 cum
3100 4689 3300 4754 oratis,
3336 4689 3510 4743 dicite
3545 4705 3556 4742 :
3592 4687 3765 4742 Pater

2111 4779 2437 4850 noster,qui
2461 4796 2522 4833 es
2545 4779 2601 4832 in
2629 4779 3213 4843 cmiis,sanctiﬁcetur
3235 4793 3443 4834 nomen
3469 4781 3638 4832 tuum
3661 4778 3756 4847 ἠρ

2108 4866 2167 4920 in
2201 4866 2430 4923 Christo
2459 4871 2599 4922 Jesu
2633 4867 2879 4923 Domino
2912 4873 3129 4933 nostro,
3155 4867 3244 4921 cui
3275 4865 3461 4938 gloria
3491 4871 3547 4921 et
3576 4865 3760 4938 impe-

2105 4955 2259 5011 rium
2295 4973 2451 5012 nunc
2501 4961 2557 5012 et
2604 4973 2856 5030 semper,
2907 4962 2965 5013 et
3011 4957 3068 5013 in
3123 4956 3335 5012 saecula
3384 4954 3754 5011 saeculorum.

2111 5049 2312 5101 Amen.

1551 5305 1596 5351 τι
1627 5303 1834 5363 Matth.
1869 5319 1947 5371 v1,
1979 5303 2033 5361 9.
2068 5302 2151 5360 10.

2284 5486 2376 5563 _Sic
2406 5487 2564 5563 Colb.
2602 5489 2653 5563 1,
2770 5485 3065 5563 Εᾷν-’ῐωι
3090 5486 3486 5563 τήνῄῐῐαρθένον
3518 5489 3620 5559 τίς,
3645 5499 3761 5550 etc.

2176 5561 2249 5638 (7)
2288 5561 2371 5638 Ita
2399 5559 2537 5638 pglb
2591 5561 2642 5638 il,
2689 5561 2747 5615 2.
2782 5559 2932 5638 ξίᾱὶιῖ
2951 5559 3568 5638 Μνθτοὶεὶρ..οὑρανοῖςο
3603 5564 3749 5636 αὖτῷ

2101 5629 2360 5721 πρέπειτῄ
2395 5625 2540 5719 δθόξα,
2591 5625 2703 5721 ἅμα
2749 5633 2830 5701 τῶ
2879 5629 3006 5714 figo,
3055 5627 3144 5721 καὶ
3195 5629 3335 5707 ἁγίῳ
3363 5625 3452 5687 καὶ
3492 5625 3749 5709 ζωοποιῷ

2100 5699 2264 5757 αὐτοῦ
2295 5699 2591 5776 Πνεόματι,
2623 5699 2872 5773 πάντοτε,
2899 5703 3015 5772 νῦν,
3044 5707 3153 5758 etc.
