4120 6358
404 372 525 431 959
1604 385 1668 447 S.
1715 383 2238 447 ATHANASIUS.
2270 419 2347 430 -
2378 385 2639 449 DUBIA.
2713 434 2723 440 .
3713 389 3835 449 960

414 538 449 545 -
462 538 487 544 ιΑ
502 540 943 551 ——_-‘_—-_.—.‘.___

954 548 1001 553 Α.
1024 547 1244 556 ὴ-η-κοῇμ
1274 552 2103 563 λ-ήρ-...ι-...κ--ηῂ-μ-Ἦ-ω--δ
2136 553 2581 564 ————-—_

2202 553 3829 566 ———————————-————-—.————————-—

1628 556 2002 563 *μ’-*Ἣ

1195 703 1263 759 ΙΝ
1311 704 1709 761 SERMONEM
1750 706 1843 762 DE
1890 706 2347 763 NATIVITAT/E
2382 707 2664 765 CHRISTI
2708 706 3045 764 MONITUM

482 835 647 889 Haud
676 840 759 893 ita
784 837 1004 909 pridem
1029 855 1339 895 sermonem
1367 842 1436 897 de
1463 844 1768 898 Natiuitate
1798 842 2004 898 Christi
2029 859 2100 899 ere
2139 843 2449 900 Barociano
2493 845 2699 915 codice,
2745 860 2851 900 sua
2893 861 3067 900 manu
3102 846 3458 917 exscriptum,
3527 847 3845 902 transmisit

403 923 562 976 nobis
601 925 693 979 vir
718 924 1067 981 doctissimus
1111 928 1342 984 Jac-obus
1386 931 1535 991 Mill,
1589 930 1924 1002 principalis
1969 932 2198 1001 collegii
2248 932 2592 999 Oxoniensis,
2624 933 2780 1004 cujus
2806 934 3091 1001 prolixam
3134 949 3264 1006 erga
3307 949 3406 991 nos
3472 932 3840 998 voluntatem,

402 1011 570 1079 inque
596 1013 804 1068 studiis
834 1015 1037 1071 nostris
1064 1018 1453 1084 promovendis
1481 1017 1811 1074 desiderium
1841 1036 1956 1075 non
1981 1020 2147 1075 semet
2174 1021 2391 1091 experti
2424 1036 2636 1076 sumus.
2687 1022 2976 1078 Indicarat
3006 1024 3120 1094 ipse
3168 1023 3329 1080 nobis
3379 1024 3441 1079 in
3487 1021 3721 1095 quodam
3747 1038 3840 1080 co-

403 1098 525 1154 dice
574 1101 884 1159 Barociano
913 1112 1026 1159 tres
1055 1111 1281 1161 exstare
1312 1107 1576 1163 homitias
1604 1108 1901 1165 Athanasio
1924 1110 2253 1166 attributas.
2285 1110 2727 1182 negantibusque
2752 1114 2816 1166 ut
2843 1127 3036 1167 earum
3065 1113 3223 1168 nobis
3248 1112 3465 1184 copiam
3489 1114 3690 1184 facere,
3721 1112 3844 1170 haec

401 1187 501 1242 ille
531 1192 811 1261 rescripsit
840 1210 859 1248 :
892 1192 1177 1249 Homilies
1210 1198 1282 1250 de
1312 1195 1628 1252 Nativitate
1663 1196 1876 1252 Christi
1908 1197 2063 1269 quod
2097 1205 2344 1270 spectat,
2368 1203 2602 1255 exstant
2630 1199 2756 1255 istae
2788 1216 2995 1256 omnes
3026 1200 3086 1256 in
3116 1202 3429 1273 exemplari
3459 1200 3559 1257 illo
3589 1217 3702 1258 ms.
3747 1210 3842 1266 cui

404 1283 678 1349 acceptas
710 1280 936 1351 pridem
967 1282 1128 1338 dedit
1160 1282 1235 1339 cl.
1267 1283 1605 1340 Holstenius
1637 1285 1913 1342 bomilias
1945 1302 2092 1357 quas
2124 1286 2183 1342 in
2216 1293 2442 1343 tomum
2478 1292 2531 1343 lt
2578 1287 2833 1360 Operum
2890 1290 3195 1346 Athanasii
3227 1291 3299 1347 ad
3335 1290 3511 1346 ﬁnem
3541 1290 3840 1360 conjectas

402 1366 586 1436 vides,
622 1367 850 1438 Primis,
884 1371 1055 1441 cujus
1086 1373 1493 1444 apographum
1525 1375 1749 1445 petitis,
1780 1392 1918 1447 pars
1948 1378 2029 1446 pri

2212 1393 2326 1448 que
2350 1378 2422 1433 ad
2451 1378 2630 1434 verba
2660 1378 2796 1442 ista,
2850 1378 2939 1432 καὶ
2972 1377 3019 1432 εἰ
3053 1375 3253 1453 βούλῃ,
3283 1378 3584 1453 ἐρώτησον,
3612 1386 3839 1449 etc.,ex

402 1453 648 1514 homilia
677 1461 931 1530 quadam
963 1468 1233 1535 excerpta
1253 1467 1346 1519 est
1360 1464 1616 1535 (rejectis
1648 1465 1786 1520 hinc
1818 1465 1951 1521 inde
1982 1465 2254 1537 plurimis
2285 1485 2389 1540 pro
2412 1468 2652 1525 arbitrio
2681 1468 3072 1539 defloratoris)
3094 1485 3273 1541 quam
3297 1469 3410 1525 sub
3432 1467 3842 1542 Cbrysostomi

403 1547 642 1602 nomine
673 1548 826 1605 inter
857 1545 1346 1628 ἀμφισϐητούμενα
1376 1570 1411 1609 a
1458 1552 1673 1610 Savilio
1703 1555 2037 1626 evulgatam
2068 1556 2250 1612 babes
2280 1563 2440 1615 tomo
2475 1561 2542 1627 V,
2591 1575 2840 1632 quaeque
2861 1558 3096 1630 jamdiu
3127 1558 3544 1631 Chrysostomo
3603 1557 3840 1629 adjudi-

401 1640 530 1691 cata
577 1643 668 1693 est
710 1655 744 1693 a
795 1640 1005 1712 Cyrillo
1047 1642 1458 1709 Alexandrino,
1496 1644 1643 1699 libro
1698 1644 1780 1700 Ad
1825 1646 2080 1716 Reginus.
2124 1645 2370 1719 Reliqua
2417 1647 2636 1715 omnia,
2690 1647 2818 1703 luce
2865 1654 3152 1719 quantum
3184 1647 3348 1703 video
3403 1665 3521 1704 non
3570 1647 3838 1720 indigna,

402 1722 644 1780 aliunde
674 1727 992 1800 desumpta
1021 1736 1181 1787 sunt.
1217 1731 1528 1788 Homiliam
1560 1732 1847 1805 integram
1881 1733 2035 1788 dedi.
2070 1734 2341 1791 Secunda
2371 1736 2616 1792 bomilia
2642 1736 2713 1791 de
2744 1735 3064 1792 Nativitate
3093 1735 3331 1802 Christi,
3367 1735 3596 1808 integra
3624 1737 3735 1792 sub
3768 1734 3841 1790 ti-

400 1812 523 1869 tulo
583 1814 982 1888 Chrysostomi
1015 1824 1175 1875 extat
1201 1818 1263 1874 in
1297 1826 1455 1876 temo
1486 1823 1555 1887 V,
1605 1838 1674 1876 ex
1731 1820 1989 1877 editione
2047 1822 2354 1880 Frontonis
2402 1824 2596 1881 Ducari
2644 1825 2804 1880 hom.
2853 1825 2947 1891 31,
2980 1829 3045 1880 ut
3082 1829 3140 1882 et
3167 1825 3343 1881 tertia
3372 1829 3516 1881 tom.
3550 1823 3600 1879 V
3630 1823 3836 1895 Savil.,

400 1902 651 1973 praeﬁxis
680 1906 967 1962 duntaxat
995 1906 1125 1964 istis
1154 1908 1349 1965 verbis
1380 1925 1395 1964 :
1428 1907 1480 1962 τί
1504 1912 1667 1963 τοῦτο
1699 1914 1925 1981 σημεῖον
1960 1910 2027 1963 ἀνι

2205 1909 2380 1984 Ξμενον
2414 1929 2429 1980 ;
2481 1915 2608 1971 Hac
2635 1915 2722 1969 vir
2767 1914 3135 1970 clarissimus.
3184 1915 3387 1971 Prima
3432 1915 3621 1986 itaque
3654 1912 3832 1969 homi-

400 1992 502 2060 lia,
533 2009 671 2064 quae,
703 1998 767 2049 ut
792 1996 958 2065 probe
982 1999 1200 2053 monuit
1236 2014 1370 2070 ipse,
1399 2000 1577 2054 multa
1606 2004 1782 2071 re/ert
1812 2001 1973 2056 initio
2001 2016 2072 2056 ea:
2097 2018 2348 2058 sermone
2376 2005 2435 2057 in
2467 2005 2827 2060 Nativitatem
2858 2002 3082 2071 Christi,
3111 2020 3238 2060 cuso
3268 2005 3330 2059 in
3362 2003 3398 2059 γ
3422 2008 3553 2060 tam.
3583 2002 3830 2074 Operam

400 2080 772 2153 Chrysostomi
797 2100 867 2139 ea:
897 2085 1138 2142 editione
1156 2086 1361 2143 Savilii
1384 2105 1441 2159 p.
1473 2089 1600 2156 846,
1634 2090 1780 2144 inier
1807 2082 2291 2164 ἀμφιϐαλΛόμενα,
2324 2093 2462 2157 hac,
2494 2094 2746 2163 inquam,
2778 2093 3028 2161 homilia,
3061 2095 3194 2165 quia
3248 2092 3494 2165 exceptis
3549 2091 3829 2153 clausulis

394 2172 686 2228 nonnullis
729 2173 829 2229 sub
876 2176 1107 2231 initium
1148 2176 1279 2231 hinc
1319 2177 1446 2232 inde
1491 2177 1778 2249 dispersis,
1830 2179 1954 2234 alia
1982 2182 2208 2236 omnino
2238 2189 2316 2236 est
2339 2182 2408 2237 ab
2447 2182 2548 2237 illa
2592 2181 2909 2251 Saviliana,
2944 2181 3149 2237 idcirco
3180 2182 3271 2237 hic
3301 2183 3451 2237 inter
3475 2181 3829 2252 supposititia

396 2260 575 2316 locum
600 2260 763 2319 habet
790 2281 810 2318 :
837 2280 970 2318 nam
999 2280 1066 2321 ne
1093 2267 1368 2336 suspicari
1394 2267 1615 2337 quidem
1638 2268 1765 2323 licet
1791 2282 1916 2323 eam
1941 2284 2056 2324 esse
2082 2269 2377 2325 Athanasii
2401 2286 2421 2325 :
2446 2285 2569 2324 cum
2603 2269 2811 2341 liquido
2841 2274 3043 2325 constet
3081 2272 3260 2340 fuisse
3288 2270 3446 2325 illam
3475 2286 3549 2325 ex
3576 2268 3826 2326 laudata-

397 2349 778 2420 Chrysostomi
803 2352 1041 2409 homitia
1069 2354 1134 2409 de
1160 2355 1462 2411 Nativitate
1487 2365 1801 2426 excerptam
1828 2375 1850 2411 .·
1877 2373 2072 2429 quam,
2122 2365 2183 2414 ut
2222 2358 2437 2414 erudite
2477 2357 2711 2414 advertit
2755 2360 2844 2413 vir
2890 2358 3260 2427 clarissimus,
3293 2357 3671 2431 Chrysostomo
3721 2357 3831 2415 ad-

386 2437 749 2510 judicandam
803 2442 993 2498 suadet
1049 2443 1311 2515 Cyrillus,
1343 2446 1443 2516 qui
1489 2463 1620 2501 eam
1675 2450 1736 2501 ut
1789 2447 2162 2518 Chrysostomi
2216 2448 2394 2518 fetum
2440 2451 2707 2503 memorat
2737 2449 2799 2503 in
2829 2447 2971 2504 libro
3000 2451 3120 2509 ταῖς
3153 2443 3504 2508 Βασιλίσσαις
3537 2448 3827 2518 inscripto,

393 2544 459 2598 ρ.
481 2528 575 2595 50,
604 2529 707 2583 ubi
743 2530 859 2601 ejus
902 2533 1283 2602 fragmentum
1312 2549 1422 2589 non
1450 2535 1727 2590 modicum
1767 2536 1949 2606 aﬁert.
1983 2535 2231 2591 Secunda
2259 2553 2379 2606 quae
2410 2539 2558 2592 inter
2585 2536 2959 2609 Chrysostomi
3004 2538 3185 2606 Opera
3229 2537 3465 2593 habetur
3496 2538 3559 2592 in
3586 2536 3830 2593 editione

398 2617 691 2674 Frontonis
717 2621 914 2675 Duccei
942 2637 1172 2677 numero
1201 2621 1292 2690 34,
1331 2639 1386 2693 p.
1417 2624 1541 2693 M7,
1573 2629 1626 2679 et
1656 2626 1828 2679 tertia
1857 2639 1984 2695 quae
2013 2626 2163 2681 inter
2206 2625 2447 2696 ejusdem
2479 2625 2854 2699 Chrysostomi
2902 2630 3096 2695 Opera
3142 2630 3417 2698 comparet
3472 2629 3535 2682 in
3579 2625 3825 2683 editione

397 2704 618 2773 Savitii,
646 2709 783 2763 tom.
829 2709 880 2777 V,
911 2724 966 2779 p.
996 2710 1122 2779 851,
1154 2726 1279 2765 cum
1311 2713 1370 2766 in
1397 2712 1512 2768 solo
1550 2714 1862 2769 Barociano
1892 2714 2075 2769 codice
2106 2715 2368 2787 tegantur
2407 2717 2630 2772 nomine
2675 2716 2990 2781 Athanasii,
3016 2732 3088 2771 ea:
3127 2717 3323 2771 mendo
3369 2721 3509 2787 puta
3557 2714 3820 2787 quodam,

398 2793 646 2864 aliasque
675 2797 734 2850 in
763 2798 929 2852 editis
956 2805 1009 2852 et
1035 2798 1309 2854 codicibus
1348 2800 1483 2855 bene
1527 2802 1719 2856 multis
1764 2800 1987 2858 exstent
2021 2802 2387 2875 Chrysostomi
2426 2805 2674 2872 nomine,
2707 2807 2769 2860 in
2797 2805 3047 2861 editione
3088 2804 3339 2875 ejusdem
3387 2802 3758 2876 Chrysostomi
3785 2819 3824 2859 α

396 2883 553 2938 nobis
580 2884 906 2941 adornanda
933 2896 1272 2958 reponentur
1304 2905 1317 2943 :
1350 2890 1562 2960 ibique,
1589 2890 1697 2946 Deo
1727 2891 1972 2958 iuvante,
2003 2892 2136 2962 quid
2166 2893 2232 2948 de
2260 2893 2382 2949 illis
2409 2893 2753 2950 sentiendum
2783 2894 3159 2965 indagabitur.

467 2974 765 3044 Propalam
792 2984 979 3030 autem
1007 2980 1087 3032 est
1115 2976 1257 3032 hanc
1284 2994 1450 3048 quam
1477 2978 1708 3049 edimus,
1739 2984 1859 3051 post
1886 2982 2122 3038 Nestorii
2156 2998 2334 3038 (suum
2361 2984 2748 3055 conscriptam,
2778 3000 2875 3040 seu
2916 2985 3099 3056 potius
3126 2984 3570 3039 consarcinatum
3596 2984 3769 3054 fuisse
3799 3001 3818 3037 :

395 3077 466 3116 ea:
514 3064 584 3117 iis
635 3065 838 3120 scilicet
886 3080 1012 3136 quae
1055 3081 1152 3136 pro
1200 3070 1493 3123 asserenda
1538 3083 1662 3124 voce
1707 3064 1982 3144 Θεοδόχος
2022 3071 2302 3127 dicuntur.
2351 3076 2827 3130 Commonstratur
2872 3075 3021 3129 enim
3069 3078 3133 3130 Β.
3191 3073 3467 3144 Virginem
3519 3089 3629 3129 non
3659 3072 3820 3128 modo

394 3148 681 3219 Θεοτόκον,
713 3168 902 3208 verum
930 3157 1103 3209 etiam
1126 3153 1390 3209 Θεοτόκον
1418 3171 1552 3212 esse.
1584 3158 1649 3213 At
1675 3159 1837 3214 nulla
1864 3162 1983 3215 erat
2011 3177 2021 3216 λ

2191 3161 2446 3218 thanasii
2472 3160 2539 3218 de
2567 3178 2693 3219 voce
2721 3160 2984 3223 Θεοτόκος
3014 3164 3411 3227 controversia,
3442 3177 3563 3235 quas
3592 3163 3818 3218 demum

392 3240 630 3296 Nestorii
657 3248 896 3314 tempore
924 3245 1070 3299 mota
1097 3246 1228 3315 fuit.
1261 3245 1633 3313 Quamobrem
1662 3260 1763 3303 nec
1813 3247 2106 3305 Athanasii
2133 3265 2266 3321 esse,
2298 3266 2398 3307 nec
2425 3260 2554 3307 ante
2580 3252 2893 3307 Nestorium
2923 3250 3168 3323 prodisse
3196 3250 3431 3307 videtur.

1563 3564 1691 3618 ΤΟΥ
1730 3566 1816 3617 ΕΝ
1856 3567 2086 3618 ΑΓΙΟΙΣ
2128 3568 2399 3621 ΠΑΤΡΟΣ
2440 3570 2631 3621 ΗΜΩΝ

1739 3730 2473 3831 ΑΘΑΝΑΣΙΟΥ

1502 3919 1618 3975 ΕΙΣ
1658 3923 1793 3974 ΤΗΝ
1832 3922 2183 3980 ΓΕΝΝΙΙΣΙΝ
2220 3926 2348 3981 ΤΟΥ
2386 3926 2696 3984 ΧΡΙΣΤΟΥ.

2067 4098 2139 4111 -

1471 4233 1565 4328 S.
1641 4232 1753 4328 P.
1828 4233 1948 4329 N.
2024 4237 2743 4335 ATHANASII

1661 4413 1741 4469 IN
1775 4414 2222 4474 NATIVITATEM
2264 4417 2549 4475 CHRISTI.

462 4714 513 4773 1.
546 4713 885 4789 Mysterium
908 4719 1072 4775 video
1096 4736 1333 4786 novum,
1363 4718 1505 4777 solis
1527 4718 1654 4777 loco
1670 4719 1853 4776 solem
1876 4720 2045 4792 justi-
2073 4747 2089 4789 λ

2230 4724 2282 4779 1.
2316 4724 2628 4799 Μυστήριον
2656 4722 2802 4795 ξένον
2829 4721 3040 4800 βλέπω,
3062 4725 3180 4781 ἀντὶ
3202 4723 3369 4796 ἡλίου
3397 4727 3488 4781 τὸν
3520 4722 3683 4795 ἥλιον
3709 4728 3812 4791 τῆς

390 4806 484 4862 tia;
516 4807 573 4861 in
604 4807 906 4880 Virginem
938 4808 1156 4875 venire,
1197 4808 1711 4882 incircumscripto
1738 4810 1934 4865 modo.
1968 4810 2015 4865 N

2183 4811 2513 4884 ῖικαιοσύνης
2568 4812 2989 4891 ἀπεριγράπτως
3048 4817 3376 4890 χωρήσαντα
3430 4814 3483 4870 ἐν
3540 4817 3610 4889 τῇ
3659 4816 3810 4890 Παρ-

390 4913 584 4967 quaars
605 4899 916 4968 quomodo,
938 4899 1037 4954 ubi
1075 4900 1184 4954 Deo
1215 4900 1297 4954 ita
1327 4898 1535 4971 placet,
1561 4903 1876 4970 superatur
1906 4900 2017 4956 ordl

2183 4899 2314 4975 νένῳ.
2351 4902 2452 4959 Καὶ
2507 4904 2581 4976 μὴ
2639 4906 2787 4975 ζήτει
2819 4909 2954 4966 πῶς’
3002 4903 3139 4959 ὅπου
3194 4905 3297 4981 γὰρ
3344 4904 3474 4968 Θεὸς
3529 4901 3810 4979 βούλεται,

392 4991 634 5041 θεῖαι-ω.
668 4986 933 5059 Namque
960 4986 1164 5055 voluit.
1199 4988 1410 5059 potuit,
1444 4988 2019 5056 descendit,rsdemit

2187 4997 2363 5046 ικᾶται
2393 4989 2603 5068 φύσεως
2632 4992 2800 5065 τάξις.
2842 4988 3159 5066 Ἢϐουλήθη
3211 4994 3335 5071 γὰρ,
3385 4990 3648 5066 ἠδυνήθη,
3677 5013 3808 5049 κατ-

392 5072 516 5132 Una
537 5075 869 5131 concurrite
890 5075 1122 5131 omnia:
1147 5075 1302 5131 Deus
1323 5074 1424 5147 qui
1447 5074 1677 5132 exsistit
1702 5080 1759 5132 et
1781 5080 2019 5149 praeexsi

2180 5077 2344 5153 ξλθεν,
2407 5076 2593 5139 ἔσωτε.
2656 5078 2995 5159 Συνδράμετε
3049 5084 3242 5138 πάντα·
3303 5083 3431 5146 Θεὸς
3486 5084 3729 5159 σήμερον
3780 5083 3807 5137 ὁ

390 5163 691 5231 stit,hodie
714 5164 769 5220 id
788 5164 1040 5220 efﬁcitur
1060 5165 1213 5236 quod
1235 5180 1349 5219 non
1371 5168 1532 5220 erat:
1559 5181 1693 5221 cum
1716 5166 1873 5223 enim
1894 5173 2010 5225 Deu

2183 5169 2228 5223 ὃν
2260 5169 2351 5224 καὶ
2382 5168 2569 5246 προὼν
2602 5169 2808 5245 γίνεται
2839 5171 2970 5246 ὅπερ
3018 5172 3119 5228 οὐκ
3162 5172 3255 5241 ἦν’
3287 5169 3361 5227 ὢν
3390 5173 3491 5250 γὰρ
3537 5173 3691 5237 Θεὸς,
3721 5171 3810 5248 γί-

389 5252 748 5321 esset,bomo
770 5252 1040 5322 elﬁcitur,
1064 5268 1170 5308 nec
1189 5257 1526 5308 ceseatesss
1539 5253 1712 5312 Deus.
1736 5255 1852 5311 Neo
1882 5272 2015 5314 exce

2188 5278 2299 5314 εται
2355 5259 2666 5334 ἅνθρωπος,
2722 5258 2825 5317 οὐκ
2880 5260 3068 5324 ἐκστὰς
3123 5264 3222 5316 τοῦ
3273 5260 3404 5317 εἶναι
3463 5260 3614 5326 Θεός.
3674 5260 3810 5316 Οῧτε

390 5341 536 5396 dens
559 5341 774 5396 deitate
791 5340 966 5397 homo
991 5342 1178 5397 factus
1193 5344 1310 5407 est;
1334 5357 1525 5413 neque
1540 5359 1747 5400 rursus
1768 5345 2017 5402 exhomi:

2182 5347 2252 5420 ’ἄρ
2300 5350 2417 5403 κατ’
2466 5346 2709 5404 ἔκστασιν
2757 5347 3014 5420 θεὸτητος
3062 5349 3278 5426 γέγονεν
3324 5351 3634 5427 ἄνθρωπος,
3685 5346 3809 5405 οὔτε

391 5446 465 5485 ne
495 5431 788 5502 profectus
818 5434 876 5485 et
905 5434 1114 5486 auctus
1143 5430 1299 5487 Deus
1327 5433 1417 5487 est
1448 5429 1689 5488 effectus
1714 5450 1728 5502 ;
1769 5435 1871 5490 sed
1905 5434 2017 5492 Ver

2179 5435 2316 5492 πάλιν
2378 5436 2429 5508 ἐξ
2482 5438 2781 5513 ἀνθρώπων
2841 5440 2978 5495 κατὰ
3030 5440 3317 5512 προκοπὴν
3384 5440 3570 5517 γέγονε
3627 5438 3759 5501 Θεός
3793 5459 3806 5472 ·

392 5518 533 5572 bum
563 5533 696 5573 cum
756 5522 934 5587 esset,
992 5518 1239 5590 ideoque
1279 5518 1650 5591 impatibilis,
1710 5523 1899 5581 factus
1955 5541 2019 5581 es

2178 5522 2301 5581 ὶλλὰ
2328 5524 2502 5604 Λόγος
2533 5523 2632 5597 ὣν,
2665 5525 2755 5584 διὰ
2780 5532 2943 5584 τοῦτο
2974 5527 3187 5596 ἀπαθὴς
3236 5528 3459 5603 γέγονεν
3496 5530 3805 5605 ἄνθρωπος,

391 5606 586 5668 homo.
622 5613 828 5663 natura
858 5613 1237 5679 permanente
1267 5608 1594 5666 immutata.
1650 5611 1844 5682 Atque
1895 5630 2018 5672 nov:

2176 5608 2544 5697 ὶμετᾳϐλήτου
2595 5619 2865 5690 μενούσης
2920 5622 3022 5687 τῆς
3078 5614 3310 5697 φύσεως.
3372 5618 3470 5674 Καὶ
3529 5616 3803 5689 ξένηνκαὶ

390 5699 447 5751 et
493 5694 649 5752 invio
704 5711 1054 5770 progressus
1114 5695 1346 5765 itinere,
1403 5712 1474 5755 ex
1516 5697 1643 5759 alvo
1688 5700 1908 5773 prodiit
1950 5701 2014 5760 in

2177 5696 2353 5780 ιτριϐῆ
2436 5701 2664 5782 βαδίσας
2745 5704 2870 5765 ὁδὸν
2902 5746 2922 5782 ,
2979 5704 3033 5778 ἐξ
3093 5694 3476 5784 Ἴάγιωργήτου
3552 5705 3804 5784 προῆλθε
