4120 6362
299 415 410 479 961

1329 407 1595 468 SERMO
1640 407 1716 468 ΙΝ
1762 404 2306 466 NATIVITATEM
2357 403 2690 464 CHRISTI.

3602 404 3720 466 962

299 545 550 623 γαστρὸς,
609 539 733 597 οὕτε
795 559 922 600 τους
983 535 1252 613 ἀγγέλους
1330 536 1494 591 αὖτοῦ
1553 536 1794 613 ἐρήμους
1850 537 2005 603 τῆς]

2117 539 2244 606 icta,
2279 535 2604 590 illaborata.
2639 536 2836 607 Neque
2879 536 3116 609 angelos
3151 540 3313 623 Deus
3343 535 3583 609 reliquit
3614 555 3724 594 sua

303 635 614 696 ἐπιστασίας
670 631 982 700 κατέλιπεν,
1038 629 1161 685 051s
1206 634 1276 703 τῇ
1325 631 1462 704 πρὸς
1512 631 1661 701 ἡμᾶς
1695 628 1958 701 ἐνανθρω-

305 729 493 798 πήσει,
544 728 646 789 τῆς
679 723 881 783 οἰκείας
923 720 1178 790 θεότητος
1229 718 1438 781 ἐκστάς.
1492 716 1668 773 Ἀλλά
1719 715 1960 790 βασιλεῖς

313 818 405 891 μὲν
437 815 529 870 τὸν
564 811 884 888 ἐπουράνιον
932 807 1156 886 βασιλέα
1210 806 1377 877 ἦλθον
1427 810 1822 884 προσκυνῆσαι,
1871 805 1961 858 τὸν

310 904 637 982 γεννηθέντα
683 899 937 977 ἀρρήτως
990 897 1048 952 ἐκ
1097 897 1322 969 Πατρὸς,
1370 898 1609 969 σήμερον
1645 891 1702 949 δὲ
1758 893 1817 948 ἐκ
1863 900 1964 961 τῆς

315 981 589 1071 Παρθένου
643 987 963 1060 τικτόμενον
1010 985 1078 1040 δι’
1127 981 1243 1058 ἐμέ·
1295 984 1441 1040 ἀλλὰ
1481 984 1606 1039 τότε
1652 984 1745 1056 μὲν
1773 1003 1964 1057 γεννη-

319 1068 429 1145 θεὶς
457 1081 595 1136 κατά
621 1081 721 1147 τήν
755 1077 934 1154 φύσιν,
970 1077 1208 1150 σήμερον
1238 1071 1295 1129 δὲ
1340 1071 1429 1128 διὰ
1473 1074 1572 1140 τὴν
1621 1074 1811 1127 ἑαυτοῦ
1870 1068 1968 1148 φύ-

322 1195 424 1229 σιν.
458 1171 572 1246 ΙΙρὸ
616 1167 828 1223 αἰώνων
879 1165 982 1241 γὰρ
1024 1164 1297 1240 γεννηθεὶς
1350 1162 1401 1218 ἐν
1443 1167 1540 1218 τοῦ
1573 1161 1804 1237 Πατρὸς,
1839 1160 1913 1221 ὡς
1943 1159 1971 1213 6

321 1261 581 1338 γεννήσας
634 1253 769 1324 οἶδε,
826 1256 1066 1330 σήμερον
1127 1251 1187 1308 ἐκ
1236 1259 1338 1322 τῆς
1384 1250 1658 1329 Παρθένου
1710 1249 1842 1324 ὑπὲρ
1875 1247 1973 1338 φύ-

326 1337 407 1406 σιν
465 1348 684 1423 ἱτέχθη,
738 1344 918 1408 καθὼς
963 1346 999 1412 ἡ
1057 1347 1154 1397 τοῦ
1206 1342 1514 1414 Πνεύματος
1561 1339 1838 1395 ἐπίσταται
1871 1337 1974 1413 χά-

333 1459 436 1516 ρις·
470 1439 531 1494 Ὀ
584 1433 822 1495 Παλαιὸς
866 1435 974 1487 τῶν
1033 1433 1258 1507 ἡμερῶν
1288 1427 1504 1485 παιδίον
1560 1429 1793 1504 γέγονεν·
1829 1427 1857 1480 6
1889 1425 1975 1480 ἐπὶ

334 1515 527 1603 θρόνου
581 1522 793 1598 ύψήλου
851 1523 1160 1593 καθήμενος
1207 1519 1258 1574 έν
1310 1517 1479 1597 φάτνῃ
1525 1518 1746 1573 τίθεται⁶
1805 1517 1832 1570 6
1891 1515 1977 1569 ἀν-

330 1617 472 1695 αφὴς
522 1614 611 1669 καὶ
669 1611 956 1684 ἀσώματος
1008 1607 1193 1686 χερσῖν
1246 1608 1606 1683 ἀνθρωπίναις
1669 1606 1974 1662 εἱλίσσεται.

331 1708 360 1762 6
417 1705 484 1760 τὰ
539 1709 638 1772 τῆς
696 1699 964 1775 ἁμαρτίας
1026 1697 1265 1753 διασπῶν
1335 1696 1507 1770 δεσμὰ
1554 1697 1605 1752 ὲν
1664 1697 1978 1770 σπαργὲνοις

331 1791 684 1868 ἐμπλέκεταιο
719 1789 811 1845 καὶ
842 1785 1028 1856 ἐπειδὴ
1061 1791 1222 1842 τοῦτο
1257 1786 1422 1850 θέλει.
1470 1785 1599 1840 Τίνα
1652 1782 1743 1839 οὖν
1807 1780 1978 1838 ἔτεκεν

2071 625 2490 693 gubernatione
2520 626 2777 693 orbatos,
2811 642 3000 697 neque
3033 625 3209 682 homo
3240 616 3394 697 ap'ud
3428 644 3534 683 nos
3565 629 3715 685 351

2074 715 2284 782 factus,
2318 715 2552 785 propria
2591 714 2840 769 excessit
2879 714 3114 770 deitate.
3148 715 3258 770 Sed
3291 732 3456 787 reges
3488 718 3727 788 quidem

2076 803 2370 858 caelestem
2439 819 2635 873 regem
2696 803 3004 858 adoratum
3061 810 3376 871 venerunt,
3445 805 3729 860 ineffabili

2077 893 2248 946 modo
2279 908 2347 947 ex
2377 892 2545 947 Patre
2592 895 2890 964 genitum;
2944 899 3002 948 et
3051 893 3226 947 hodie
3274 898 3510 966 propter
3540 911 3633 949 me
3665 911 3732 950 ex

2080 981 2317 1052 Virgine
2343 986 2580 1049 natum;
2623 982 2727 1036 sed
2776 986 2903 1037 tum
2935 983 3171 1054 quidem
3205 984 3490 1054 genitum,
3524 1002 3731 1040 secun-

2081 1072 2221 1125 dum
2256 1074 2527 1125 naturam
2566 1085 2579 1126 :
2612 1071 2719 1125 hac
2768 1070 2863 1125 die
2894 1087 3027 1126 vero
3056 1077 3296 1144 propter
3325 1089 3495 1128 suam
3546 1073 3736 1146 ipsius

2083 1166 2379 1216 naturam.
2411 1163 2553 1214 Ante
2575 1160 2786 1216 saecula
2819 1178 3072 1233 namque
3097 1162 3329 1233 genitus
3364 1180 3432 1219 ex
3455 1167 3643 1232 Patre,
3676 1168 3742 1220 ut

2085 1249 2244 1304 novit
2274 1250 2370 1321 qui
2396 1249 2590 1321 ipsum
2624 1251 3032 1322 genuit,hodie
3062 1269 3132 1307 ex
3161 1252 3402 1324 Virgine
3435 1270 3615 1326 supra
3636 1271 3744 1309 na-

2085 1343 2280 1394 turam
2305 1341 2535 1411 genitus
2557 1347 2666 1403 est,
2687 1344 2752 1394 ut
2774 1340 2936 1395 novit
2957 1341 3202 1412 spiritus
3225 1342 3434 1414 gratia.
3450 1343 3742 1414 Antiquus

2087 1427 2314 1482 dierum
2357 1428 2544 1483 factus
2587 1433 2676 1484 est
2723 1428 2918 1484 infans
2953 1445 2966 1486 :
2999 1430 3100 1502 qui
3147 1429 3207 1485 in
3259 1431 3471 1487 throno
3503 1433 3744 1488 sedebat

2087 1516 2336 1582 excelso,
2359 1517 2416 1571 in
2447 1517 2727 1588 prwsepio
2757 1519 3063 1590 reponitur
3090 1537 3102 1574 :
3127 1520 3225 1590 qui
3257 1519 3535 1576 intactilis
3567 1526 3624 1578 et
3654 1523 3746 1578 in-

2090 1622 2402 1677 corporeus
2448 1611 2555 1673 est,
2598 1607 2875 1662 manibus
2925 1607 3237 1663 involvitur
3290 1609 3567 1665 humanis
3599 1629 3611 1666 :
3648 1611 3748 1682 qui

2091 1695 2313 1767 peccati
2350 1695 2582 1750 vincula
2633 1696 2930 1768 discerpit,
2965 1697 3022 1752 in
3073 1698 3287 1768 pannis
3336 1699 3744 1771 complicatur.

2094 1785 2214 1840 Imo
2244 1784 2557 1856 vero,quia
2585 1784 2642 1840 id
2675 1785 2758 1839 illi
2791 1785 2998 1858 placet.
3023 1788 3348 1852 Quemnam
3377 1789 3554 1860 igitur
3574 1789 3751 1862 Virgo

332 1887 368 1954 ἡ
439 1881 745 1956 Παρθένος;
804 1878 903 1932 Τὸν
953 1875 1225 1946 Δεσπότην
1277 1879 1376 1940 τῆς
1428 1875 1660 1952 φύσεως.
1723 1872 1827 1928 Κᾶν
1878 1872 1980 1946 γὰρ

2117 1873 2357 1945 )eperit?
2379 1873 2696 1928 Dominum
2719 1879 2960 1930 naturae.
2984 1876 3229 1931 Etiamsi
3261 1877 3418 1933 enim
3451 1883 3513 1934 tu
3547 1879 3746 1948 sileas,

338 1972 399 2029 σὺ
454 1975 692 2040 σιωπᾷς,
751 1970 786 2038 ἡ
848 1966 1002 2044 φύσις
1065 1967 1186 2040 βοᾷ.
1244 1966 1431 2020 Ἔτεκε
1475 1964 1575 2039 γὰρ
1624 1966 1659 2033 ἡ
1714 1963 1984 2038 Παρθένος

340 2061 544 2138 Μαρία,
596 2059 671 2120 ὡς
704 2059 731 2113 6
762 2057 980 2132 τεχθεὶς
1008 2061 1272 2130 τεχθῆναι
1315 2052 1602 2125 ἠθέλησεν.
1637 2051 1712 2110 Ού
1745 2053 1849 2127 γὰρ
1881 2050 1987 2105 ἀπὸ

338 2157 438 2221 τῆς
469 2149 681 2229 φύσεως
712 2143 993 2222 ἔστρεπτο,
1024 2143 1148 2199 ἀλλ’
1180 2143 1254 2206 ὡς
1303 2142 1578 2212 Δεσπότης
1631 2143 1728 2210 τῆς
1779 2139 1990 2229 φύσεως

342 2225 492 2312 ξένον
541 2239 846 2315 γεννήσεως
894 2234 1149 2309 εἰσήγαγε
1202 2229 1436 2308 τρόπον.
1493 2234 1703 2304 Ὅμως,
1762 2229 1850 2284 καὶ
1905 2225 1992 2282 ἄν·

343 2342 561 2406 θρωπος
616 2321 928 2401 γενόμενος,
979 2323 1088 2399 οὐχ
1142 2322 1216 2384 ὡς
1276 2323 1561 2396 ἄνθρωπος
1611 2319 1867 2375 τίκτεται.
1927 2318 1992 2372 Εἰ

341 2419 446 2495 γὰρ
479 2416 540 2472 ἐκ
578 2412 764 2470 κοινοῦ
802 2415 982 2490 γάμου
1029 2410 1297 2488 προῆλθε,
1345 2409 1582 2485 καθάπερ
1631 2408 1803 2486 κάγὼ,
1861 2411 1993 2481 ψεῦ-

346 2506 440 2569 δος
470 2510 586 2567 τοῖς
612 2501 850 2564 πολλοῖς
909 2500 1209 2575 ἐνομίζετο.
1261 2501 1371 2557 Νῦν
1427 2497 1516 2554 διὰ
1541 2503 1702 2554 τοῦτο
1732 2497 1792 2552 ἐκ
1848 2503 1996 2571 Παρ-

349 2597 508 2650 θένου
542 2593 774 2648 τίκτεται
807 2593 836 2645 6
867 2589 1210 2663 τικτόμενος,
1241 2589 1330 2643 καὶ
1377 2589 1477 2658 τήν
1538 2586 1745 2663 μητέρα
1803 2585 1994 2642 λοιπὸν

351 2682 618 2759 διατηρεῖ,
647 2681 738 2737 καὶ
767 2681 868 2749 την
915 2677 1200 2754 παρθενίαν
1248 2675 1444 2732 ἄλυτον
1497 2674 1868 2755 διαφυλάττει,
1911 2674 2000 2729 ’ίνα

351 2775 380 2828 6
421 2771 567 2845 ξένος
614 2773 713 2840 τῆς
770 2770 1017 2840 κυήσεως
1067 2765 1270 2842 τρόπος
1318 2766 1550 2830 πίστεώς
1605 2787 1698 2839 μοι
1751 2765 1998 2840 μεγάλης

352 2861 608 2938 πρόξενος
640 2858 879 2936 γένηται.
912 2857 1066 2911 Ὅθεν
1097 2854 1195 2911 κᾶν
1243 2853 1481 2926 Ἕλλην,
1513 2854 1608 2909 κᾶν
1640 2851 1897 2916 Ἰουδαῖός
1935 2874 2002 2927 με

355 2951 553 3028 ἐρωτᾷ,
611 2949 658 3004 εἰ
714 2948 942 3024 Χριστὸς
988 2945 1126 3002 κατᾶ
1177 2944 1330 3024 φύσιν
1381 2943 1600 3020 γέγονεν
1631 2945 1932 3018 ἄνθρωπος,
1965 2943 2001 3011 ἢ

356 3039 503 3115 παρά
527 3039 628 3108 τὴν
662 3037 852 3092 ἑαυτοῦ
891 3034 1070 3114 φύσιν,
1120 3033 1348 3110 ἐροῦμαι
1396 3034 1640 3110 μάρτυρα
1683 3037 1780 3087 τοῦ
1834 3032 2004 3108 λόγου

357 3131 455 3199 τήν
485 3126 717 3184 ἄσπιλον
746 3129 846 3190 τῆς
894 3123 1186 3200 παρθενίας
1245 3121 1516 3202 σφραγῖδα
1569 3121 1772 3178 καλῶν·
1832 3121 2006 3184 οὕτως

358 3218 462 3294 γὰρ
493 3217 624 3279 Θεὸς
651 3219 816 3271 νικῶν
847 3221 947 3284 τῆς
975 3215 1185 3292 φύσεως
1213 3213 1380 3284 τάξιν.

429 3276 485 3364 ὲ.
518 3276 621 3361 Καί
648 3304 693 3361 εἰ
755 3276 950 3380 βούλη,
989 3276 1306 3378 ιέρώτησολ
1331 3301 1422 3357 τὸν
1484 3303 1746 3378 μακάριον
1798 3306 2006 3356 Λουκᾶν
2041 3276 2083 3344 C

357 3397 451 3452 τὸν
485 3392 1018 3470 εύαγγελιστήν,καὶ
1063 3390 1409 3468 ἀποκρίνεταί
1458 3411 1543 3445 σοι
1593 3391 1716 3466 περὶ
1771 3397 1870 3461 τῆς
1925 3390 2013 3445 έν-

364 3486 563 3564 σάρκου
593 3484 758 3539 αὐτοῦ
789 3480 1130 3555 οἰκονομίας.
1161 3481 1499 3557 Ἀρχόμενος
1544 3481 1643 3554 γὰρ
1694 3478 1868 3542 οὕτως
1925 3478 2014 3535 λέ-

368 3595 473 3652 γει·
508 3599 537 3626 ‹‹
571 3575 656 3628 Ἐν
688 3569 746 3627 ὃὶ
775 3577 854 3644 τῷ
887 3571 1020 3644 μηνὶ
1049 3575 1128 3643 τῷ
1167 3566 1308 3642 ἕκτῳ
1353 3572 1450 3638 τῆς
1496 3567 1826 3643 συλλήψεως
1869 3569 2018 3624 Ἐλι-

372 3660 530 3720 σάϐετ
563 3659 838 3729 ἀπεστάλη
874 3661 901 3714 6
952 3657 1185 3736 ἅγγελος
1214 3653 1460 3734 Γαϐριὴλ
1493 3659 1596 3713 ὑπὸ
1625 3663 1723 3714 τοῦ
1777 3663 1912 3714 Θεοῦ
1941 3659 2018 3720 εἷς

373 3751 534 3808 πόλιν
566 3757 668 3821 τῆς
697 3749 1017 3819 Γαλιλαίας,
1064 3749 1100 3824 ᾗ
1155 3749 1334 3822 ὄνομα
1377 3749 1640 3825 Ναζαρὲτ,
1689 3749 1824 3824 πρὸς
1878 3769 2019 3825 παρ-

375 3841 523 3897 θένον
557 3840 1037 3915 μεμνηστευμένην
1069 3835 1220 3910 ἀνδρὶ
1253 3839 1298 3910 ᾧ
1329 3836 1505 3910 ὄνομα
1537 3839 1763 3914 Ἰωσήφ,
1819 3839 1908 3892 καὶ
1959 3839 2023 3893 τὸ

377 3929 544 4003 ὅνομν
576 3936 679 3998 τῆς
713 3927 982 4003 παρθένου
1030 3928 1276 4002 Μαριάμ.
1309 3927 1405 3981 Καὶ
1440 3927 1695 3982 εἰσελθὼν
1727 3928 1756 3982 6
1788 3925 2024 4001 ἅγγελος

373 4021 510 4093 πρὸς
570 4019 735 4087 αὐτὴν
797 4017 932 4072 εἴπεο
997 4022 1182 4089 Χαῖρε,
1241 4015 1686 4090 κεχαριτωμένη,
1749 4016 1777 4070 6
1826 4015 2026 4090 Κύριος

377 4108 513 4181 μετᾶ
543 4111 659 4164 σοῦ.
692 4101 1055 4180 Εὕλογημένη
1088 4103 1150 4158 σὺ
1182 4103 1233 4158 ἐν
1266 4103 1524 4178 γυναιξίν.
1576 4105 1638 4160 'Il
1689 4101 1767 4171 δὲ,
1817 4101 2026 4174 ἰδοῦσα,

374 4193 701 4272 διεταράχθη
757 4193 843 4249 ἐπὶ
892 4198 972 4265 τῷ
1020 4192 1175 4268 λόγω
1224 4193 1411 4259 αὐτοῦ,
1440 4193 1529 4247 καὶ
1563 4189 1897 4268 διελογίζετο
1928 4214 2027 4247 πο-

373 4287 566 4354 ταπὸς,
627 4283 711 4355 εἷή
764 4284 792 4338 6
843 4284 1126 4356 ἀσπασμὸς
1161 4282 1338 4345 οὗτος,
1375 4281 1471 4336 Καὶ
1506 4283 1647 4336 εἶπεν
1681 4282 1816 4356 αὐτῇ
1849 4283 1877 4337 ὁ
1935 4279 2028 4357 ἄγ-

373 4373 553 4450 γελος·
589 4374 678 4442 Μὴ
712 4367 907 4449 φοϐοῦ,
957 4372 1204 4448 Μαριάμ·
1240 4369 1390 4444 εῦρες
1436 4371 1536 4445 γὰρ
1570 4371 1730 4446 χάριν
1762 4370 1908 4443 παρᾶ
1934 4375 2031 4426 τοῦ

375 4467 530 4520 Θεοῦ.
594 4462 694 4520 Καὶ
755 4459 874 4516 ἰδοὺ
933 4459 1192 4535 συλλήψῃ
1245 4459 1296 4515 ἓν
1336 4461 1551 4536 γαστρὶ,
1602 4459 1691 4515 καί
1736 4461 1858 4535 τέξῃ
1891 4461 2031 4530 υἱὸν,

373 4553 465 4609 καὶ
515 4551 763 4614 καλέσεις
820 4552 881 4606 τὸ
931 4549 1106 4624 ὄνομα
1161 4550 1326 4606 αὐτοῦ
1376 4552 1607 4620 Ἰησοῦν.
1656 4549 1824 4614 Οὗτος
1885 4549 2029 4606 ἔσται

2095 1963 2224 2035 ipsa.
2255 1961 2472 2017 clamat
2519 1967 2750 2019 natura.
2793 1963 3022 2035 Peperit
3061 1965 3279 2038 quippe
3327 1967 3490 2040 virgo
3540 1968 3747 2034 Maria,

2098 2067 2278 2124 quare
2301 2051 2403 2124 qui
2435 2056 2609 2108 natus
2638 2056 2728 2109 est
2755 2054 2916 2109 nasci
2947 2053 3148 2110 voluit.
3183 2055 3307 2111 Non
3340 2057 3496 2113 enim
3526 2062 3750 2114 naturas

2097 2141 2287 2213 legem
2318 2143 2706 2214 sequebatur;
2738 2144 2838 2198 sed
2871 2146 3156 2217 tanquam
3185 2149 3410 2202 naturae
3440 2146 3750 2215 Dominus,

2101 2247 2317 2286 novum
2351 2232 2672 2288 nativitatis
2705 2232 2936 2288 induxit
2982 2235 3246 2290 modum.
3277 2237 3548 2293 Attamen
3579 2237 3754 2293 homo

2102 2319 2238 2375 licet
2269 2320 2458 2376 factus
2497 2321 2594 2387 sit,
2621 2337 2739 2376 non
2769 2326 3048 2393 tanquam
3082 2323 3256 2379 homo
3286 2324 3571 2380 nascitur.
3605 2326 3754 2384 Nam

2105 2409 2154 2465 si
2177 2426 2246 2464 ex
2265 2408 2495 2481 vulgari
2521 2411 2793 2483 conjugio
2815 2411 2970 2466 sicut
2988 2416 3044 2466 et
3064 2428 3168 2485 ego
3193 2415 3527 2486 prodiisset,
3549 2415 3607 2471 id
3631 2432 3756 2472 rem

2106 2514 2235 2554 ese
2273 2497 2586 2554 conﬁctam
2635 2499 2807 2554 multi
2854 2499 3311 2558 existimassent.
3345 2503 3512 2560 Nunc
3560 2510 3756 2561 autem

2106 2587 2236 2643 ideo
2265 2604 2334 2642 ex
2350 2586 2591 2659 Virgine
2612 2589 2895 2658 nascitur,
2921 2595 3286 2664 matremque
3306 2598 3612 2651 conservat
3640 2594 3726 2650 illi
3741 2626 3761 2638 ο

2109 2677 2329 2746 batam,
2353 2693 2419 2731 ac
2449 2676 2579 2746 ejus
2607 2677 3002 2749 virginitatem
3035 2680 3443 2738 intemeratam
3475 2684 3761 2752 custodit;

2111 2769 2177 2820 ut
2205 2764 2464 2821 insolens
2496 2769 2700 2837 partus
2733 2767 2968 2837 modus,
2997 2783 3224 2841 magnae
3251 2769 3396 2825 mihi
3431 2771 3559 2828 ﬁdei
3594 2773 3762 2829 foret.

2111 2855 2277 2911 Unde
2299 2854 2349 2908 si
2369 2853 2458 2910 vel
2487 2853 2744 2924 gentilis,
2766 2853 2851 2910 vel
2873 2855 3116 2912 Judaaus
3137 2875 3230 2914 me
3254 2859 3591 2934 interroget,
3620 2879 3764 2918 num

2111 2943 2378 3000 Christus
2411 2943 2738 3000 secundum
2768 2948 3041 3001 naturam
3094 2946 3266 3004 homo
3315 2949 3502 3006 factus
3533 2950 3632 3014 sit.
3663 2955 3767 3008 aut

2115 3036 2317 3090 contra
2347 3049 2515 3089 suam
2546 3036 2844 3102 naturam,
2873 3051 2974 3106 pro
3001 3037 3380 3108 responsione
3407 3043 3619 3096 testem
3650 3040 3766 3097 hu-

2111 3123 2282 3194 jusce
2311 3121 2393 3177 rei
2413 3122 2706 3178 advocabo
2731 3122 3177 3181 immaculatum
3198 3125 3551 3199 virginitatis
3571 3129 3770 3202 signa-

2119 3211 2318 3268 culum
2355 3227 2368 3268 :
2402 3210 2483 3266 ita
2513 3227 2722 3282 nempe
2752 3211 2908 3268 Deus
2945 3217 3170 3271 natura;
3197 3215 3378 3271 vincit
3406 3217 3698 3274 ordinem.

2191 3304 2245 3355 2.
2287 3299 2449 3363 Quod
2518 3298 2568 3355 si
2632 3299 2831 3371 libeat,
2889 3301 3188 3376 interroga
3253 3305 3487 3364 beatum
3552 3308 3772 3364 Lucam

2124 3388 2566 3462 evangelistam,
2601 3389 2827 3461 tibique
2875 3390 2974 3446 ille
3021 3395 3395 3465 respondebit
3437 3397 3509 3452 de
3555 3397 3683 3469 ejus
3712 3399 3774 3456 in

2126 3495 2300 3535 carne
2330 3478 2671 3535 ceconomia.
2697 3480 2801 3535 His
2831 3481 2986 3536 enim
3021 3481 3146 3554 ipse
3165 3484 3357 3540 verbis
3381 3486 3609 3542 orditur
3634 3503 3687 3541 :«
3711 3488 3775 3543 1n

2129 3584 2330 3624 mense
2373 3572 2567 3623 autem
2617 3576 2773 3624 sexto
2823 3572 3219 3642 conceptionis
3250 3574 3521 3643 Elisabet,
3555 3576 3778 3633 missus

2129 3662 2219 3714 est
2248 3656 2493 3730 angelus
2515 3657 2745 3714 Gabriel
2777 3676 2811 3714 a
2841 3664 2953 3715 Deo
2984 3661 3041 3715 in
3066 3663 3358 3719 civitatem
3383 3665 3650 3737 Galilaaaa,
3682 3667 3776 3722 cui

2133 3763 2342 3803 nomen
2373 3747 2637 3811 Nazaret,
2657 3748 2730 3802 ad
2757 3747 3042 3822 virginem
3073 3753 3491 3826 desponsatam
3521 3756 3664 3823 viro,
3685 3754 3780 3812 cui

2133 3853 2349 3891 nomen
2379 3841 2504 3891 erat
2520 3836 2762 3908 Joseph,
2787 3843 2844 3892 et
2865 3856 3077 3895 nomen
3102 3841 3364 3914 virginis,
3389 3843 3590 3899 Maria.
3614 3846 3682 3900 Et
3701 3845 3786 3900 in-

2135 3942 2378 3998 gressus
2407 3925 2652 3997 angelus
2693 3927 2766 3981 ad
2815 3944 2944 3983 eam
2977 3929 3123 3985 dixit
3155 3948 3168 3986 :
3202 3937 3338 4002 Ave,
3370 3935 3560 4004 gratia
3589 3933 3786 4006 plena,

2137 4014 2423 4070 Dominus
2454 4019 2665 4070 tecum.
2695 4016 3002 4074 Benedicta
3022 4024 3084 4074 tu
3117 4019 3176 4075 in
3206 4021 3573 4079 mulieribus.
3602 4026 3788 4090 Quem

2139 4120 2270 4159 cum
2303 4103 2551 4159 vidisset
2579 4103 2701 4162 illa.
2735 4105 2971 4161 turbata
3019 4113 3109 4163 est
3143 4108 3200 4164 in
3251 4127 3522 4168 sermone
3551 4115 3700 4185 ejus,
3733 4117 3793 4170 et

2139 4192 2666 4264 cogi'tabat,qualis
2687 4199 2843 4250 esset
2872 4195 2984 4251 ista
3013 4197 3311 4254 salutatio.
3343 4201 3408 4256 Et
3438 4202 3519 4258 ait
3547 4202 3792 4277 angelus

2140 4282 2190 4338 ei
2216 4299 2228 4336 :
2255 4281 2338 4336 Ne
2367 4281 2598 4347 timeas,
2621 4282 2833 4350 Maria;
2863 4284 3135 4342 invenisti
3167 4289 3322 4344 enim
3355 4291 3604 4362 gratiam
3636 4293 3794 4364 apud

2141 4372 2342 4427 Deum.
2375 4371 2445 4426 Et
2473 4387 2604 4426 ecce
2634 4372 2927 4443 concipies
2971 4372 3031 4429 in
3077 4379 3242 4432 utero
3273 4383 3330 4433 et
3359 4380 3552 4451 paries
3584 4380 3794 4448 filium,

2142 4466 2199 4515 et
2223 4460 2461 4516 vocabis
2493 4477 2703 4516 nomen
2749 4463 2879 4531 ejus
2925 4466 3149 4521 Jesum.
3184 4466 3287 4521 Hic
3316 4471 3426 4522 erit
3457 4485 3710 4541 magnus
3741 4474 3800 4526 et

2145 4549 2329 4606 Filius
2375 4548 2661 4605 Altissimi
2710 4552 3030 4620 vocabitur,
3065 4558 3122 4610 et
3165 4556 3328 4612 dabit
3379 4557 3462 4612 illi
3511 4558 3798 4616 Dominus

383 4641 553 4718 μέγας
580 4640 672 4696 καί
703 4641 829 4702 Υἱὸς
877 4637 1130 4714 Ὑψίστου
1175 4638 1534 4710 κληθήσεται,
1579 4640 1670 4695 καὶ
1719 4637 1882 4695 δώσει
1939 4639 2001 4694 σύ

2144 4645 2294 4696 Deus
2326 4639 2604 4694 thronum
2629 4638 2805 4694 David
2839 4641 3027 4699 Patris
3057 4645 3206 4715 ejus,
3229 4650 3287 4701 et
3317 4648 3585 4718 regnabit
3612 4648 3672 4703 in
3695 4649 3796 4704 do-

376 4736 457 4803 τῷ
489 4731 685 4805 Κύριος
718 4732 746 4786 6
805 4731 937 4792 Θεὸς
983 4730 1074 4784 τὸν
1122 4729 1313 4804 θρόνον
1367 4727 1528 4784 Δαυῗδ
1575 4733 1672 4784 τοῦ
1704 4730 1906 4806 πατρὸς
1937 4729 2030 4784 αύ-

377 4825 496 4878 τοῦ.
531 4821 630 4876 Καὶ
667 4819 976 4894 βασιλεύσει
1009 4817 1096 4873 ἐπὶ
1126 4817 1219 4873 τὸν
1249 4818 1397 4873 οἶκον
1429 4813 1627 4873 Ἰακὼϐ
1679 4818 1756 4880 εἷς
1787 4817 1912 4880 τοὺς
1947 4819 2033 4872 αἷ-

379 4915 542 4972 ῶνας,
563 4909 653 4964 καὶ
685 4916 787 4979 τῆς
822 4906 1102 4984 βασιλείας
1136 4906 1300 4962 αὐτοῦ
1331 4906 1432 4962 οὐκ
1461 4904 1610 4960 ἔσται
1659 4904 1842 4969 τέλος.
1902 4906 2035 4963 Eius

379 4997 439 5053 δὲ
465 4998 699 5074 Μαριὰμ
747 4998 883 5073 πρὸς
930 4998 1022 5052 τὸν
1069 4994 1325 5073 ἄγγελον.
1370 4997 1494 5057 Πῶς
1527 4990 1671 5050 ἔσται
1709 5017 1803 5068 μοι
1851 4999 2034 5058 τοῦτο,

381 5088 498 5143 ἐπεὶ
557 5084 726 5162 ἄνδρα
770 5085 832 5142 ού
872 5087 1166 5161 γινώσκω;
1217 5085 1316 5141 Καὶ
1365 5083 1681 5160 ἀποκριθεὶς
1730 5084 1757 5138 6
1808 5081 2034 5160 ἄγγελος

383 5178 527 5233 εἶπεν
587 5175 746 5250 αὐτῇ·
807 5180 1027 5249 Πνεῦμα
1073 5175 1226 5250 ἅγιον
1287 5173 1630 5231 ἐπελεύσεται
1683 5172 1770 5229 ἐπὶ
1818 5174 1896 5243 σὲ,
1947 5173 2036 5228 καὶ

384 5264 615 5339 δύναμις
638 5264 890 5338 Ὑψίστου
922 5263 1218 5320 ἐπισκιάσει
1249 5284 1355 5320 σοι.
1391 5287 1418 5315 ››
1471 5263 1638 5322 ...Καὶ
1689 5259 2038 5338 δυσχεραίνε-

382 5377 492 5411 ται.
553 5353 824 5424 Εἰσῆλθεν
880 5353 1131 5431 ἄσαρκος,
1205 5353 1548 5432 ὲκυοφορήθη
1631 5351 2036 5426 ἐννεαμηνιαῖον

386 5443 588 5520 χρόνον
622 5442 675 5498 ἐν
705 5447 774 5517 τῇ
811 5445 994 5519 μήτρᾳ
1020 5451 1119 5514 τῆς
1165 5441 1459 5517 Παρθένου.
1501 5441 1767 5511 Εἰσῆλθεν
1799 5443 1874 5504 ὡς
1906 5442 2037 5510 ἠθὲ-

386 5533 577 5606 λησεν,
610 5532 955 5610 έκυοφορήθη
987 5534 1060 5596 ὡς
1092 5530 1389 5606 ηὖδόκησε.
1434 5531 1716 5610 Προῆλθεν
1751 5531 1826 5595 ὡς
1879 5525 2040 5588 ἐϐου-

462 5756 508 5792 π
536 5755 676 5810 Luc.
711 5769 752 5820 ι,
781 5753 973 5810 26-35.

2145 4746 2240 4785 mo
2267 4729 2449 4784 Jacob
2479 4728 2537 4783 in
2571 4733 2874 4800 aeternum,
2908 4737 2967 4786 et
2994 4735 3156 4806 regni
3189 4736 3317 4806 ejus
3349 4754 3463 4792 non
3497 4738 3608 4794 erit
3638 4739 3796 4794 finis.

2148 4819 2296 4874 Dixit
2317 4822 2515 4874 autem
2541 4817 2723 4874 Maria
2743 4820 2816 4874 ad
2853 4820 3128 4893 angelum
3156 4842 3170 4880 :
3199 4825 3500 4889 Quomodo
3528 4827 3628 4884 ﬁet
3653 4829 3800 4884 mihi

2146 4907 2327 4975 istud,
2354 4907 2634 4979 quoniam
2663 4908 2855 4964 virum
2908 4928 3025 4967 non
3075 4917 3402 4986 cognosco?
3453 4917 3520 4972 Et
3557 4934 3801 4990 respon-

2146 4997 2292 5053 dens
2323 4997 2570 5069 angelus
2593 4997 2737 5052 dixit
2757 4998 2807 5054 ei
2834 5015 2846 5054 :
2872 4999 3131 5070 Spiritus
3162 5009 3404 5060 sanctus
3433 5008 3806 5076 superveniet

2147 5086 2304 5151 inte,
2323 5089 2380 5141 et
2397 5085 2586 5143 virtus
2609 5085 2894 5143 Altissimi
2917 5091 3208 5148 obumbra
3253 5095 3297 5148 it
3320 5093 3424 5148 tibi
3443 5095 3610 5149 πη»...
3633 5096 3804 5168 ,λΕεῐιθ

2148 5174 2372 5231 scilicet
2418 5173 2563 5230 illud
2610 5175 2849 5233 ferebat.
2885 5179 3194 5252 Ingressus
3225 5187 3421 5239 autem
3452 5184 3666 5257 (Iesus)
3699 5185 3804 5257 qui

2149 5264 2342 5320 carnis
2362 5267 2488 5319 erat
2511 5281 2738 5337 expers,
2758 5271 3022 5339 gestatus
3053 5274 3142 5325 est
3169 5287 3377 5326 novem
3414 5273 3718 5329 mensibus
3742 5274 3801 5330 in

2150 5356 2313 5408 utero
2344 5353 2622 5426 Virginis.
2654 5354 2961 5427 Ingressus
2992 5362 3082 5413 est
3111 5363 3284 5430 prout
3311 5358 3518 5427 voluit,
3537 5366 3806 5432 gestatus

2152 5441 2263 5497 fuit
2293 5445 2358 5496 ut
2388 5441 2499 5497 sibi
2541 5442 2782 5516 placuit.
2817 5446 3040 5502 Prodiit
3089 5455 3148 5502 ut
3201 5447 3330 5520 ipse
3379 5449 3670 5522 cupiebat.
3707 5453 3806 5508 In-

2150 5547 2391 5606 gressus
2421 5535 2510 5588 est
2539 5533 2733 5590 carnis
2770 5550 3006 5608 expers;
3043 5536 3232 5592 factus
3263 5543 3353 5596 est
3381 5539 3579 5611 homo,
3640 5541 3808 5599 unita
