4120 6360
351 405 470 468 983

1540 404 1604 463 S.
1653 400 2182 464 ATHANASIUS.
2206 432 2287 447 -
2315 402 2584 466 DUBIA.

3653 409 3773 472 θοι

353 537 588 594 deitatis
618 535 959 593 ceconomia.
992 536 1193 608 Neque
1225 535 1374 592 duos
1412 534 1667 590 dicimus
1695 533 1870 598 ﬁlios.
1901 533 1997 589 sed

2119 529 2286 602 λήθη.
2319 532 2588 603 Εἰσῆλθεν
2621 534 2873 610 ἄσαρκος,
2905 535 3114 613 ἐγένετο
3144 538 3455 614 ἅνθρωπος,
3478 540 3775 613 ἠνωμένης

354 645 561 698 unum,
585 629 902 701 ipsumque
934 642 1001 682 ac
1033 625 1296 681 eumdem
1324 624 1710 695 intelligimus
1741 623 1841 678 Dei
1868 621 2008 677 Ver-

354 717 496 773 bum
540 721 598 772 et
651 715 960 772 Dominum
995 720 1265 771 nostrum
1295 714 1498 770 Jesum
1548 713 1865 767 Christum.
1900 714 2007 765 Fa-

352 811 482 864 ctus
513 812 602 861 est
651 806 827 860 homo
861 822 873 859 :
912 805 1135 874 fuitque
1182 810 1393 858 natura
1446 803 1644 857 homo.
1679 802 1890 856 Factus
1918 802 2009 853 est

349 896 502 968 quod
565 911 677 950 non
734 899 878 957 erat,
911 899 969 948 et
1012 891 1297 948 remansit
1323 891 1507 963 {quod
1565 894 1708 944 erat.
1742 888 2006 958 Namque

351 1004 379 1037 ιι
410 984 470 1040 In
502 982 788 1055 principio
842 987 964 1037 erat
990 982 1250 1037 Verbum
1282 989 1335 1036 el
1367 979 1624 1034 Verbum
1673 980 1800 1033 erat
1847 976 2002 1046 apud

346 1075 551 1140 Deum,
585 1078 645 1127 et
696 1077 848 1128 Deus
876 1076 1002 1127 erat
1043 1071 1298 1126 Verbum
1323 1070 1388 1124 7°.
1415 1090 1442 1117 »
1474 1071 1681 1122 Factus
1727 1071 1818 1120 est
1846 1080 2001 1132 caro,

349 1179 457 1219 nec
486 1162 687 1217 amisit
717 1161 869 1233 quod
919 1164 1060 1215 erat.
1085 1181 1113 1209 «
1149 1159 1218 1214 Et
1246 1158 1535 1213 habitavit
1580 1155 1639 1210 in
1692 1154 1863 1209 nobis
1882 1154 1946 1207 ⁸⁸⁷.
1976 1174 2003 1201 ››

348 1251 578 1321 Illud,«
629 1249 916 1305 habitavit
973 1250 1031 1303 in
1093 1248 1292 1311 nobis;
1326 1268 1348 1297 υ
1403 1247 1460 1300 id
1520 1250 1629 1311 est,
1693 1244 2001 1298 nobiscum

343 1344 724 1397 conversatus
754 1344 842 1393 est
865 1339 1035 1409 juxta
1072 1341 1343 1393 sanctum
1375 1334 1716 1402 Jeremiam,
1750 1332 1871 1387 imo
1902 1347 2002 1403 po—

342 1430 463 1486 tius
494 1430 624 1502 ejus
674 1428 1011 1484 ministrum
1063 1426 1289 1482 Barucb
1326 1443 1394 1481 :«
1432 1424 1531 1479 Hic
1585 1424 1733 1478 Deus
1784 1426 2000 1488 noster,

342 1537 451 1576 nec
508 1518 899 1574 sastimabitur
953 1516 1106 1573 alius
1155 1516 1437 1571 adversus
1494 1512 1788 1578 eum.0ui
1835 1511 2003 1566 adin-

339 1609 500 1665 venit
549 1623 786 1664 omnem
844 1606 995 1662 viam
1052 1604 1398 1676 disciplinae,
1430 1607 1488 1659 et
1544 1601 1790 1657 tradidit
1840 1599 1998 1655 illam

339 1697 520 1754 Jacob
552 1712 733 1770 puero
764 1712 873 1752 suo
902 1698 962 1751 et
991 1693 1169 1750 Israel
1213 1692 1425 1748 dilecto
1455 1707 1585 1747 suo.
1619 1690 1759 1746 Post
1786 1689 1909 1745 haee
1939 1688 1999 1743 in

340 1787 514 1842 terris
569 1786 731 1842 visus
786 1788 896 1854 est,
928 1786 985 1839 et
1040 1799 1174 1838 cum
1235 1780 1577 1838 hominibus
1623 1782 2001 1834 conversatus

347 1880 437 1932 est
459 1876 526 1929 ⁷³.
547 1896 577 1927 ι)

417 1966 470 2020 3.
504 1964 655 2021 Audi
696 1963 880 2038 igitur
907 1961 1203 2034 Evangelii
1231 1976 1432 2017 vocem
1466 1974 1479 2015 :
1514 1973 1796 2031 magnum
1842 1955 2000 2011 enim

342 2053 514 2111 nobis
543 2052 846 2126 quidpiam
889 2051 1184 2124 signiﬁcat
1225 2051 1347 2106 haec
1395 2046 1584 2121 angeli
1614 2063 1723 2102 vox
1754 2046 1825 2101 ad
1858 2061 1994 2099 san-

340 2149 496 2201 stam
525 2142 826 2217 Virginem
859 2158 874 2197 :
905 2164 933 2191 ‹‹
965 2141 1128 2205 Ecce,
1174 2140 1385 2212 inquit,
1409 2136 1705 2208 ceneipies
1747 2135 1805 2189 in
1839 2134 1993 2190 352

339 2239 527 2301 utero,
552 2237 608 2288 et
638 2231 830 2305 paries
870 2230 1082 2295 ﬁlium,
1105 2234 1160 2284 et
1191 2227 1426 2283 vocabis
1456 2243 1669 2282 nomen
1700 2226 1830 2295 ejus
1864 2224 1992 2278 Em-

336 2321 597 2388 manuel,
629 2321 787 2393 quod
815 2324 908 2377 est
935 2318 1408 2390 interpretatum,
1432 2315 1749 2371 Nobiscum
1785 2315 1993 2368 Deus.»

336 2412 689 2483 Priusquam
719 2409 780 2465 in
813 2413 977 2465 utero
1006 2424 1151 2480 puer
1182 2407 1605 2477 conciperetur,
1636 2408 1877 2458 vocatus
1904 2405 1995 2455 est

336 2502 516 2571 Deus,
540 2499 787 2567 scilicet,
811 2497 1129 2554 Nobiscum
1153 2495 1328 2551 Deus.
1358 2493 1659 2565 Prophetas
1677 2490 1856 2564 igitur
1876 2507 1993 2546 ser-

342 2591 501 2645 moni
534 2587 790 2645 concinit
819 2586 988 2658 illud,
1015 2609 1035 2633 κ
1075 2602 1207 2640 cum
1241 2584 1583 2640 hominibus
1614 2586 1993 2638 conversatus

341 2683 449 2747 est,
478 2702 505 2730 »
534 2682 592 2735 et
633 2676 780 2733 illud
815 2693 882 2731 :«
914 2674 1201 2730 habitavit
1227 2673 1284 2728 in
1320 2673 1509 2728 nobis.
1538 2694 1565 2721 ››
1596 2674 1743 2727 Ante
1789 2685 1994 2724 conce-

338 2769 597 2843 ptionem
649 2782 786 2840 ergo
836 2780 1000 2838 puer,
1032 2766 1270 2819 vocatus
1316 2767 1406 2818 est
1456 2765 1627 2817 Deus.
1651 2763 1774 2825 Quo
1824 2761 1993 2829 pacto

337 2858 520 2932 igitur
547 2856 795 2928 Deipara
823 2871 939 2910 non
973 2852 1150 2909 fuerit
1180 2856 1384 2909 sancta
1410 2850 1573 2922 virgo
1604 2847 1829 2905 Maria?
1847 2847 1991 2902 Cum

335 2949 534 3020 itaque
553 2962 760 3002 nomen
781 2943 927 2999 illud
946 2941 1168 2998 nullam
1192 2939 1451 2997 heminis
1471 2939 1686 2994 habeat
1704 2935 1997 3009 significa-

335 3037 579 3101 tionem,
601 3035 750 3090 Deus
768 3036 858 3089 est
884 3047 1028 3105 puer
1050 3031 1146 3087 ille
1166 3028 1468 3100 natus,qui
1484 3026 1742 3099 Virginis
1764 3030 1997 3079 natura-

336 3122 456 3181 lem
488 3122 651 3179 illam
685 3121 1080 3194 virginitatem
1125 3134 1241 3175 non
1273 3117 1473 3185 solvit,
1507 3116 1608 3171 sed
1639 3114 1723 3169 ita
1764 3113 1994 3185 genitus

341 3230 409 3269 ex
431 3213 702 3284 Deipara,
727 3211 884 3279 Deus
904 3213 994 3265 est
1022 3213 1079 3264 et
1106 3208 1309 3273 homo;
1346 3211 1497 3261 Deus
1529 3204 1854 3261 secundum
1887 3218 1996 3257 nn-

2118 626 2218 687 τῆς
2249 619 2506 692 θεότητος
2532 626 2603 697 τῇ
2635 623 2949 697 οἰκονομίᾳ.
2980 627 3081 682 Καὶ
3113 625 3175 681 ού
3209 625 3440 703 λέγομεν
3475 623 3572 682 δύο
3597 628 3774 701 υἱοὺς,

2116 706 2246 764 ἀλλ’
2291 706 2385 765 ἵνα
2431 711 2519 766 καὶ
2571 714 2664 767 τὸν
2715 712 2874 768 αὐτὸν
2914 719 3146 788 νοοῦμεν
3178 716 3270 770 τὸν
3300 721 3399 771 τοῦ
3431 721 3566 772 Θεοῦ
3597 716 3772 794 Λόγον

2115 795 2206 851 καί
2233 798 2323 852 τὸν
2358 798 2557 876 Κύριον
2613 804 2774 874 ἡμῶν
2838 805 3047 874 Ἰησοῦν
3098 805 3349 876 Χριστόν.
3403 804 3648 882 Ἐγένετο
3681 805 3774 861 ἅν-

2117 882 2336 961 θρωπος
2364 888 2454 943 καὶ
2511 890 2597 961 ἦν,
2650 890 2724 945 ὥν
2770 894 2838 965 τῇ
2888 893 3063 969 φύσειο
3095 894 3337 969 Ἐγένετο
3369 892 3400 948 6'
3432 894 3531 949 οὐκ
3557 897 3650 964 ἦν,
3680 896 3772 951 καὶ

2115 972 2322 1048 ἔμεινεν
2356 976 2387 1031 6'
2415 978 2539 1046 ἧν.ιι
2573 981 2661 1036 ’Ev
2694 980 2843 1056 ἀρχῇ
2878 1005 2905 1032 ››
2938 983 3042 1057 γὰρ
3073 1006 3101 1033 ‹‹
3135 983 3202 1052 ἦν
3236 984 3264 1037 6
3297 982 3590 1059 Λόγος,καὶ
3619 985 3648 1039 6
3672 984 3775 1039 Λό-

2114 1084 2211 1139 γος
2242 1066 2308 1133 ἦν
2332 1067 2470 1142 πρὸς
2497 1068 2589 1122 τὸν
2618 1067 2865 1139 Θεὸν,καὶ
2898 1071 3029 1131 Θεὸς
3056 1074 3121 1139 ἦν
3157 1072 3185 1124 6
3220 1071 3453 1146 Λόγος.»
3485 1073 3626 1145 Σὰρξ
3657 1072 3778 1148 ἐγέ-

2113 1174 2254 1226 νετο,
2288 1154 2387 1209 οὐκ
2417 1155 2749 1229 ἀποθέμενος
2780 1156 2810 1212 6'
2837 1161 2927 1227 ἦν.
2952 1184 2980 1211 ι(
3016 1160 3115 1214 Καὶ
3147 1158 3451 1231 ἐσκήνωσεν
3485 1161 3537 1215 ἐν
3570 1163 3708 1233 ἡμῖν
3744 1186 3773 1214 ›)

2112 1243 2203 1310 Τὸ,
2239 1265 2268 1293 υ
2299 1244 2633 1315 Ἐσκήνωσεν
2664 1245 2715 1300 ἐν
2742 1248 2903 1319 ἡμῖν,
2935 1270 2964 1300 ››
3013 1249 3161 1303 τοῦτ’
3208 1246 3318 1304 ἔστι
3366 1250 3769 1330 συνανεστράφη

2111 1332 2273 1404 ἡμῖν,
2303 1334 2439 1388 κατὰ
2460 1334 2553 1388 τὸν
2586 1335 2740 1410 ἅγιον
2771 1335 3059 1410 Ἱερεμίαν,
3118 1336 3331 1411 μᾶλλον
3362 1335 3421 1392 δὶ
3447 1337 3542 1395 τὸν
3571 1339 3772 1395 τούτου

2115 1419 2386 1497 ὑπουργὸν
2419 1422 2657 1499 Βάρουχο
2691 1447 2721 1476 ί(
2753 1425 2925 1487 Οὗτος
2956 1426 2984 1480 6
3014 1427 3144 1488 Θεὸς
3175 1428 3337 1500 ἡμῶν
3392 1428 3454 1483 οὐ
3507 1426 3771 1504 λογισθή-

2114 1530 2261 1565 σεται
2319 1508 2503 1586 ἕτερος
2560 1513 2698 1587 πρὸς
2754 1513 2938 1587 αὐτὸν,
2990 1514 3049 1578 ὃς
3081 1515 3258 1591 ἐξεῦρε
3287 1522 3459 1572 πᾶσαν
3493 1514 3619 1573 ὁδὸν
3650 1517 3770 1574 ἐπι-

2114 1601 2357 1672 στήμης,
2415 1600 2506 1655 καὶ
2564 1598 2763 1679 ἔδωκεν
2822 1602 2988 1673 αὐτὴν
3052 1600 3246 1662 Ἰακὼϐ
3288 1607 3368 1679 τῷ
3396 1604 3552 1661 παιδὶ
3581 1606 3768 1668 αὐτοῦ.

2111 1688 2200 1742 καὶ
2252 1689 2473 1763 Ἰσραὴλ
2511 1695 2591 1763 τῷ
2638 1692 2983 1768 ἠγαπημένῳ
3046 1692 3134 1747 ὑπ’
3183 1693 3369 1751 αὐτοῦ.
3423 1696 3572 1751 Μετὰ
3598 1701 3768 1752 ταῦτα

2112 1775 2198 1831 ἐπὶ
2229 1785 2327 1847 τῆς
2367 1786 2470 1855 γῆς
2528 1777 2705 1858 ὣςρθη,
2756 1782 2846 1835 καὶ
2888 1787 3005 1845 τοῖς
3056 1782 3360 1857 ἀνθρώποις
3411 1785 3767 1863 συνανεστράο

2031 1901 2078 1967 Β
2112 1887 2211 1967 φη;
2248 1890 2277 1967 ’ἴ

2179 1959 2232 2013 3.
2267 1958 2469 2014 Ἄκουε
2500 1957 2591 2013 οὖν
2622 1960 2713 2014 καὶ
2759 1964 2856 2015 τοῦ
2909 1960 3252 2037 Εύαγγελίου
3290 1969 3390 2032 τῆς
3421 1970 3632 2041 φωνῆς·
3668 1987 3765 2038 με-

2102 2043 2276 2121 γάλην
2308 2046 2409 2122 γὰρ
2453 2049 2588 2121 ἡμῖν
2640 2046 2869 2126 ἔμφασιν
2923 2051 3072 2127 φέρει
3116 2053 3151 2120 ἡ
3184 2055 3280 2106 τοῦ
3310 2051 3548 2129 ἀγγέλου
3607 2054 3761 2132 φωνὴ

2103 2134 2238 2221 πρὸς
2290 2136 2390 2203 τὴν
2444 2137 2599 2211 ἁγίαν
2649 2140 2914 2213 Παρθένον
2985 2138 3229 2215 ῥηθεῖσα.
3297 2164 3326 2194 ιι
3387 2139 3550 2210 Ἰδοὺ,
3606 2142 3762 2221 φησὶ,

2103 2220 2363 2297 συλλήψη
2425 2222 2474 2278 ἐν
2524 2225 2734 2301 γαστρὶ,
2784 2226 2874 2281 καὶ
2922 2226 3046 2301 τέξῃ
3106 2228 3245 2296 υἱὸν,
3276 2227 3366 2283 καὶ
3396 2220 3646 2290 καλέσεις
3699 2231 3764 2284 τὸ

2104 2311 2281 2384 ὗνομα
2337 2311 2502 2368 αὐτοῦ
2549 2314 2935 2387 Ἐμμανουήλ,
2982 2316 3227 2371 τουτέστι
3282 2318 3757 2391 μεθερμηνευόμε-

2101 2420 2211 2472 νον,
2247 2402 2380 2464 Μεθ’
2410 2404 2571 2474 ἡμῶν
2631 2404 2659 2457 6
2708 2403 2861 2466 Θεός;
2914 2427 2943 2456 »
2997 2406 3110 2481 Πρὸ
3155 2410 3253 2460 τοῦ
3289 2403 3675 2484 συλληφθῆναι
3710 2406 3763 2462 έν

2107 2491 2287 2565 μήτρᾳ
2317 2490 2446 2551 Θεὸς
2477 2490 2686 2562 ἐκλήθη
2721 2492 2780 2547 τὸ
2827 2491 3045 2548 παιδίον
3093 2495 3157 2549 τὸ
3204 2496 3337 2559 Μεθ’
3380 2497 3542 2567 ἡμῶν
3600 2494 3753 2558 Θεόςο

2104 2575 2329 2650 Συνᾳδει
2363 2579 2455 2633 οὗν
2482 2584 2562 2652 τῷ
2588 2581 2687 2635 τοῦ
2718 2583 3005 2660 προφήτου
3038 2578 3187 2657 λόγῳ
3215 2583 3302 2648 τὸ,
3335 2607 3362 2635 ‹‹
3396 2589 3512 2645 τοῖς
3541 2584 3751 2660 ἀνθρώ-

2102 2687 2229 2729 ποις
2258 2669 2678 2745 συνανεστράφη,
2712 2692 2739 2720 ι)
2773 2670 2862 2725 καὶ
2893 2671 2975 2738 τὸ,
3013 2695 3039 2723 ‹‹
3072 2670 3372 2742 ἐσκήνωσεν
3424 2671 3476 2727 ἐν
3527 2674 3690 2745 ἡμῖν.
3725 2696 3756 2725 »

2104 2756 2217 2830 Πρὸ
2261 2757 2358 2824 τῆς
2419 2754 2510 2810 οὖν
2566 2755 2895 2832 συλλήψεως
2949 2761 3080 2822 Θεὸς
3119 2757 3383 2832 κέκληται
3414 2762 3477 2816 τὸ
3509 2758 3755 2817 παιδίον·

2106 2847 2229 2906 Ιιῶς
2262 2842 2353 2899 οὖν
2381 2844 2443 2900 ού
2475 2845 2736 2909 Θεοτόκος
2767 2849 2802 2917 ἡ
2836 2846 2959 2922 ἁγία
2990 2847 3261 2925 [Ιαρθένος
3309 2849 3494 2925 Μαρία
3521 2870 3536 2921 ;
3588 2853 3762 2907 Ἐπει-

2104 2930 2171 3003 δὴ
2204 2931 2295 2988 οὖν
2330 2930 2453 2988 οὔτε
2501 2933 2649 2998 ὅλως
2699 2936 2987 3012 ἀνθρώπου
3037 2935 3153 3012 ἔχει
3182 2939 3283 3008 τὴν
3307 2936 3596 3015 ἑρμηνείαν
3630 2940 3762 2996 αύτὸ

2103 3021 2300 3095 ὅνομα,
2360 3021 2490 3084 Θεὸς
2538 3024 2601 3078 τὸ
2658 3022 2875 3079 παιδίον
2917 3025 2983 3080 τὰ
3024 3028 3216 3102 τεχθὶν
3253 3028 3315 3083 τὸ
3351 3028 3427 3101 μὴ
3459 3027 3625 3084 λῦσαν
3657 3036 3760 3098 τῆς

2104 3110 2377 3184 Παρθένου
2436 3113 2535 3181 τὴν
2582 3116 2720 3168 κατὰ
2771 3113 2929 3192 φύσιν
2976 3115 3288 3192 παρθενίαν.
3340 3115 3467 3172 ἀλλ’
3500 3116 3674 3180 οὕτως
3703 3118 3763 3173 ἐκ

2105 3203 2206 3265 τῆς
2238 3201 2503 3256 Θεοτόκου
2557 3203 2795 3277 τεχθεὶς,
2840 3204 2968 3265 Θεὸς
3013 3204 3104 3259 καὶ
3154 3206 3457 3280 ἄνθρωπος’
3493 3207 3626 3269 Θεὸς
3663 3208 3759 3280 μὲν

340 3272 558 3367 turam,
589 3272 766 3356 homo
802 3276 948 3371 quia
995 3298 1078 3353 ita
1125 3296 1344 3369 placuit
1373 3293 1508 3366 ipsi.
1541 3297 1748 3349 Factus
1795 3295 1991 3348 autem

2110 3289 2240 3345 κατᾶ
2295 3289 2475 3368 φύσιν,
2526 3272 2807 3367 ἅνθρωπος
2855 3290 2913 3348 δὲ
2955 3290 3026 3348 δι’
3054 3272 3261 3349 οἰκείαν·
3289 3291 3559 3352 εὐδοκίαν.
3603 3272 3762 3351 Γενό-

345 3391 543 3454 homo,
574 3394 666 3446 est
701 3388 877 3444 etiam
927 3387 1102 3452 Deus,
1136 3384 1466 3454 conjunctis
1498 3383 1724 3438 scilicet
1769 3381 2000 3437 duabus

339 3478 590 3535 naturis.
627 3479 696 3532 At
725 3477 973 3532 fortasse
1008 3475 1162 3530 dicet
1208 3471 1578 3529 adversarius
1612 3488 1625 3527 :
1660 3471 1719 3525 Si
1751 3469 1999 3542 Deipara

336 3568 540 3640 Virgo,
574 3571 685 3622 Deo
731 3564 920 3621 Verbo
952 3581 1022 3620 ex
1049 3562 1291 3635 Virgine
1338 3561 1574 3617 initium
1617 3559 1854 3615 tribuis.
1886 3559 1997 3614 Ne-

340 3672 638 3730 quaquam
675 3654 807 3710 dico
836 3652 1032 3725 ipsum
1063 3669 1132 3707 ex
1162 3656 1365 3707 sancta
1385 3650 1623 3724 Virgine
1652 3649 1886 3705 initium
1909 3666 1999 3704 ac-

343 3745 590 3817 cepisse,
621 3744 807 3800 absit!
842 3744 989 3798 Ante
1020 3741 1231 3797 saecula
1260 3740 1417 3796 enim
1444 3743 1588 3807 erat,
1621 3739 1747 3811 ipse
1779 3738 1998 3810 quippe

341 3834 558 3890 saecula
587 3833 742 3902 fecit,
775 3832 901 3904 ipse
931 3835 1021 3886 est
1067 3828 1353 3886 universae
1399 3829 1480 3884 rei
1531 3832 1733 3884 create
1781 3827 1994 3899 opifex,

342 3926 408 3980 ut
437 3922 520 3979 ait
548 3921 914 3992 Evangelista
946 3937 958 3975 :
987 3943 1013 3969 ‹‹
1047 3923 1256 3976 Omnia
1288 3936 1391 3992 per
1418 3920 1610 3990 ipsum
1652 3918 1806 3972 facta
1833 3921 1993 3984 sunt,

334 4017 393 4069 et
423 4012 549 4068 sine
581 4012 708 4083 ipso
742 4011 959 4065 factum
991 4013 1083 4065 est
1125 4007 1274 4063 nihil
1305 4008 1459 4080 quod
1510 4007 1728 4062 factum
1763 4011 1854 4062 est
1871 4007 1935 4061 ⁷⁸.
1965 4027 1993 4056 n

289 4157 298 4166 ,
334 4101 439 4157 Hic
474 4102 600 4174 ipse
623 4116 726 4173 per
744 4116 914 4170 quem
940 4098 1139 4154 omnia
1171 4098 1321 4153 iacta
1341 4101 1499 4168 sunt,
1528 4111 1732 4152 novem
1762 4112 1997 4152 menses

331 4190 391 4246 in
439 4194 605 4245 utero
654 4188 832 4261 degit,
868 4203 975 4243 nec
1024 4186 1222 4244 sinum
1272 4189 1583 4258 paternum
1617 4185 1897 4241 deseruit.
1931 4185 1994 4241 In

332 4283 501 4335 utero
532 4276 794 4351 Virginis
829 4292 965 4331 eum
1007 4279 1183 4345 esset,
1210 4292 1243 4331 a
1271 4290 1663 4346 supernorum
1706 4276 1992 4330 virtutum

334 4368 551 4442 populo
569 4366 847 4423 laudibus
868 4363 1276 4422 celebrabatur
1290 4367 1348 4418 et
1364 4363 1811 4419 adorabatur.ln
1831 4367 1998 4419 utero

338 4456 603 4530 Virginis
633 4471 767 4512 eum
799 4458 974 4520 esset,
1000 4452 1211 4508 caelum
1235 4456 1292 4507 et
1319 4457 1534 4507 terram
1566 4450 1872 4523 implebat,
1896 4451 1997 4523 qui

330 4547 551 4603 coelum
583 4549 639 4602 et
667 4549 884 4600 terram
919 4547 1130 4615 gestat,
1159 4558 1277 4596 non
1310 4540 1538 4610 robore,
1562 4542 1660 4595 sed
1693 4545 1838 4595 nutu
1867 4556 1994 4596 suo.

2112 3399 2272 3453 μενος
2304 3377 2363 3435 δὶ
2393 3380 2701 3453 ἅνθρωπος,
2733 3378 2844 3437 ἔστι
2871 3381 2962 3437 καὶ
3013 3384 3167 3451 Θεὸς,
3216 3385 3520 3457 ἡνωμένων
3573 3386 3757 3458 μέντοι

2106 3472 2216 3523 τῶν
2247 3466 2343 3523 δύο
2376 3468 2606 3546 φύσεων.
2648 3468 2806 3526 Ἀλλ’
2857 3469 2990 3533 ἴσως
3045 3471 3156 3544 ἐρεῖ
3199 3474 3228 3527 6
3273 3472 3326 3544 ἐξ
3375 3471 3641 3536 ἐναντίαςο
3693 3474 3760 3532 Εἴ

2108 3557 2371 3619 Θεοτόκος
2401 3560 2437 3627 ἡ
2470 3559 2754 3634 Παρθένος,
2780 3560 2960 3636 ἀρχὴν
2995 3559 3158 3624 δίδως
3190 3565 3269 3633 τῷ
3313 3566 3428 3634 Θεῷ
3478 3563 3639 3637 Λόγῳ
3696 3564 3758 3618 ἐκ

2104 3646 2204 3714 τὴς
2264 3648 2560 3723 Παρθένου.
2611 3648 2688 3705 Ού
2739 3648 2883 3726 λέγω
2936 3650 3093 3705 αὐτὸν
3144 3651 3324 3726 ἀρχὴν
3358 3650 3635 3729 εἰληφέναι
3694 3651 3755 3706 ἐκ

2103 3742 2204 3805 τῆς
2264 3735 2414 3812 ἁγίας
2479 3736 2774 3812 Παρθένου·
2828 3738 3033 3813 ἅπαγεί
3094 3740 3205 3813 Πρὸ
3250 3741 3352 3816 γὰρ
3397 3744 3504 3795 τῶν
3535 3740 3750 3795 αἱώνων

2109 3826 2376 3902 ὑπῆρχεν*
2436 3825 2597 3888 αὐτὸς
2640 3828 2740 3902 γὰρ
2788 3828 2879 3881 καὶ
2925 3827 3053 3890 τοὺς
3101 3828 3305 3891 αΐῶνας
3333 3828 3607 3899 ἐποίησεν,
3661 3828 3758 3883 αὖ·

2101 3916 2195 3978 τὸς
2227 3916 2316 3970 καὶ
2345 3917 2524 3987 πάσης
2553 3916 2780 3978 κτίοεώς
2813 3916 2923 3972 ἐστι
2956 3914 3319 3993 δημιουργὸς,
3369 3919 3551 3981 καθώς
3600 3938 3761 3995 φησιν

2107 4005 2135 4060 6
2165 4003 2595 4081 Εὖαγγελιστής’
2649 4030 2678 4057 ‹‹
2729 4003 2909 4061 Πάντα
2941 4003 3011 4060 δι’
3039 4004 3204 4060 αὐτοῦ
3244 4006 3479 4082 ἐγένετο,
3514 4006 3603 4062 καὶ
3634 4026 3754 4082 χω·-

2108 4094 2191 4166 ρὶς
2222 4094 2387 4149 αὐτοῦ
2437 4092 2649 4169 ἐγένετο
2702 4092 2826 4149 οὐδὲ
2854 4090 2909 4149 ἓν
2943 4093 2974 4149 6'
3001 4096 3238 4170 γέγονεν.
3275 4119 3305 4148 υ
3336 4094 3536 4162 Οὗτος,
3596 4092 3669 4150 δι’
3699 4094 3762 4151 οὗ

2101 4184 2171 4239 τὰ
2224 4183 2398 4238 πάντα
2463 4183 2676 4259 ἐγένετο
2745 4182 3157 4257 ἐννεαμηνιαῖον
3207 4185 3397 4259 καιρὸν
3457 4184 3509 4239 ἐν
3570 4185 3764 4260 γαστρὶ

2108 4272 2339 4348 ἐγένετο.
2371 4272 2462 4327 καὶ
2490 4277 2598 4327 τῶν
2630 4270 2854 4327 κόλπων
2886 4278 2996 4327 τῶν
3027 4277 3306 4350 πατρικῶν
3351 4273 3451 4328 οὒκ
3504 4271 3763 4343 ἀπηλλο-

2107 4361 2337 4436 τριώθη.
2368 4366 2454 4414 ’Ev
2488 4358 2556 4433 τῇ
2593 4363 2775 4434 μήτρᾳ
2801 4363 2901 4424 τῆς
2935 4360 3205 4433 Παρθένου
3237 4360 3335 4431 ὧν,
3366 4361 3474 4417 ύπὸ
3519 4366 3618 4417 τοῦ
3667 4359 3763 4433 δή·

2113 4471 2217 4523 μου
2273 4447 2380 4503 τῶν
2458 4449 2568 4503 ἂνω
2627 4445 2906 4521 δυνάμεων
2982 4449 3289 4527 ἐξολογεῖτο
3355 4450 3447 4506 καὶ
3502 4470 3765 4524 προσεκυ-

2110 4544 2276 4592 νεῑτο.
2318 4539 2405 4591 Ἐν
2438 4537 2631 4611 γαστρὶ
2676 4544 2779 4606 τῆς
2831 4537 3104 4612 Παρθένου
3161 4537 3260 4607 ὧν,
3290 4539 3381 4594 τὸν
3415 4539 3640 4615 οὐρανὸν
3672 4541 3765 4595 καὶ

347 4635 450 4691 Hic
480 4639 644 4691 utero
677 4633 1019 4706 gestabatur
1045 4635 1110 4686 ut
1139 4630 1335 4695 homo,
1361 4630 1713 4701 eperabatur
1733 4632 1800 4682 ut
1827 4630 1997 4695 Deus,

2110 4627 2204 4695 τήν
2236 4632 2334 4701 γῆν
2387 4624 2653 4700 ἐπλήρου,
2702 4627 2730 4680 ὁ
2781 4627 2872 4682 τὸν
2924 4628 3150 4698 οὐρανὸν
3199 4629 3288 4684 καὶ
3320 4630 3419 4697 τὴν
3451 4636 3552 4705 γῆν
3586 4630 3768 4706 φέρων

341 4741 459 4780 non
491 4724 953 4794 circumquaque
1001 4720 1231 4777 delatus
1274 4720 1333 4774 in
1366 4718 1625 4791 Virginis
1676 4723 1862 4784 utero,
1897 4718 1998 4773 sed

341 4812 541 4868 omnia
561 4811 979 4884 complectens,
996 4810 1195 4867 omnia
1209 4808 1549 4882 gubernans
1569 4811 1635 4863 ut
1655 4807 2003 4877 Deus,juxta

339 4900 458 4956 vim
503 4899 760 4957 nominis
793 4899 955 4955 illius
979 4916 1029 4956 tu
1055 4898 1372 4955 Nobiscum
1418 4898 1626 4963 Deus,»
1650 4895 1747 4967 qui
1781 4896 2003 4952 scilicet

340 5003 409 5044 ex
440 4986 679 5059 Virgine
728 4994 901 5043 natus
938 4990 1047 5043 est.
1072 4986 1236 5050 Quod
1269 4984 1319 5040 si
1350 4983 1566 5040 dixeris
1594 4984 1863 5056 eumqui
1894 5001 1999 5039 na-

339 5081 436 5133 tus
467 5080 558 5132 est
588 5075 938 5149 simpliciter
988 5092 1235 5148 puerum
1269 5090 1421 5143 esse,
1455 5089 1572 5129 non
1621 5073 1827 5143 Deum,
1861 5072 1998 5129 audi

339 5181 622 5239 magnum
657 5181 979 5238 praeconem
1014 5164 1224 5220 Isaiam
1253 5163 1604 5219 clamantem
1628 5166 1686 5218 et
1707 5162 1997 5218 dicentem

337 5255 585 5328 ingrata
613 5254 956 5328 Synagogaz,
982 5270 1080 5309 seu
1119 5253 1314 5325 potius
1353 5268 1642 5324 exagogae,
1677 5252 1731 5307 id
1767 5255 1875 5321 est,
1909 5252 1997 5308 fe-

339 5360 435 5401 ras
466 5346 652 5416 cjeeto
681 5344 852 5399 coetui
904 5343 1243 5400 Judaorum
1280 5359 1336 5396 τι
1374 5346 1525 5397 Puer
1571 5347 1747 5398 natus
1776 5345 1866 5396 est
1895 5358 1998 5397 no-

337 5432 454 5500 bis,
478 5432 637 5489 ﬁlius
656 5433 830 5489 datus
862 5437 953 5490 est
982 5433 1185 5501 nobis;
1219 5433 1390 5504 cujus
1421 5431 1792 5504 principatus
1823 5447 2000 5503 super

337 5522 653 5578 humerum
683 5524 834 5595 ejus.
864 5523 936 5578 Et
964 5525 1205 5578 vocatur
1229 5536 1443 5577 nomen
1471 5520 1623 5592 ejus,
1647 5519 1844 5593 magni
1866 5536 1998 5575 con-

2111 4715 2174 4770 οὐ
2207 4712 2453 4788 δυνάμει,
2485 4714 2632 4771 ἀλλὰ
2658 4714 2908 4788 νεύματι.
2940 4717 3108 4779 Οὗτος
3162 4717 3265 4773 ὑπὸ
3301 4720 3513 4794 μήτρας
3545 4718 3767 4796 ἐφέρετο

2115 4805 2208 4878 μὶν
2259 4803 2334 4867 ὡς
2394 4805 2702 4879 ἄνθρωπος,
2764 4804 3039 4879 εἰργάζετο
3090 4804 3148 4861 δὶ
3195 4807 3270 4869 ὡς
3319 4808 3472 4869 Θεόςθ
3526 4808 3590 4863 οὐ
3620 4827 3770 4883 περι-

2110 4893 2409 4968 φερόμενος
2469 4892 2525 4948 ἐν
2572 4897 2641 4967 τῇ
2695 4895 2877 4969 μήτρᾳ
2922 4900 3023 4963 τῆς
3070 4894 3368 4970 Παρθένου,
3419 4895 3566 4952 ἀλλὰ
3593 4899 3771 4953 πάντα

2110 4987 2448 5059 περικρατῶν
2481 4982 2571 5036 καὶ
2603 4979 2804 5036 διέπων
2838 4982 2914 5044 ὡς
2945 4983 3076 5044 Θεὸς
3117 4984 3253 5040 κατὰ
3295 4985 3395 5053 τήν
3425 4984 3622 5052 κλῆσιν
3668 4989 3768 5041 τοῦ

2114 5070 2400 5145 ὀνόματος,
2433 5096 2459 5122 u
2495 5071 2625 5132 Θεὸς
2650 5072 2767 5143 μεθ’
2796 5072 2981 5143 ἡμῶν,
3013 5095 3043 5124 ›ι
3075 5074 3104 5127 6
3134 5071 3193 5128 ἐκ
3223 5073 3496 5151 Παρθένου
3526 5075 3764 5151 τεχθείς.

2110 5160 2176 5215 Ei’
2222 5157 2281 5214 δὲ
2335 5160 2510 5235 λέγεις
2559 5157 2777 5214 παιδίον
2822 5157 2986 5233 ψιλὸν
3032 5162 3096 5217 τὸ
3147 5163 3363 5237 τεχθὲν,
3394 5163 3485 5218 καὶ
3516 5163 3579 5219 ού
3610 5164 3766 5234 Θεὸς,

2110 5249 2271 5306 ἄκουε
2297 5255 2395 5306 τοῦ
2431 5248 2675 5325 μεγάλου
2723 5251 2962 5326 κήρυκος
2992 5251 3215 5311 Ἡσαΐου
3252 5256 3491 5329 βοῶντος
3547 5254 3638 5310 καὶ
3671 5255 3764 5311 λέ-

2109 5361 2299 5413 γοντος
2355 5342 2493 5415 πρὸς
2543 5340 2639 5408 τὴν
2693 5340 2990 5416 ἀχάριστον
3039 5344 3387 5418 συναγωγὴν,
3450 5342 3662 5417 μᾶλλον
3708 5342 3769 5399 δὶ

2110 5429 2386 5507 ἐξαγωγὴν
2446 5434 2555 5484 τῶν
2616 5426 2915 5484 Ἰουδαίων·
2977 5432 3061 5486 ’ὁτι
3125 5456 3145 5481 ι
3199 5430 3425 5488 Παιδίον
3476 5434 3763 5508 ἐγεννήθη,

2110 5519 2225 5581 υἱὸς
2255 5522 2346 5573 καὶ
2378 5516 2538 5589 ἐδόθη
2575 5521 2733 5593 ἡμῖν·
2785 5517 2847 5574 οὗ
2876 5522 2912 5590 ἡ
2945 5519 3092 5597 ἀρχὴ
3125 5522 3211 5576 ἐπὶ
3239 5527 3335 5578 τοῦ
3385 5523 3543 5596 ὤμου
3576 5523 3764 5595 αὐτοῦ,

410 5739 454 5774 ⁷⁸
483 5736 652 5794 Joan.
686 5753 727 5806 ι,
764 5738 813 5792 1.
890 5737 933 5774 ⁷⁷
964 5736 1108 5793 ibid.
1144 5737 1230 5792 14.
1304 5737 1350 5772 ⁷⁸
1383 5736 1609 5794 Baruch
1642 5751 1727 5802 ιιι,
1761 5736 1952 5792 36-38.

2110 5736 2271 5793 Joan.
2304 5753 2345 5810 ι,
2375 5736 2429 5791 3.
