4120 6350
330 419 449 478 965

1364 406 1632 468 SEltMO
1678 408 1758 468 IN
1803 405 2348 466 NATIVITATEM
2393 406 2726 466 CHRISTI.

3636 415 3756 484 966

328 547 418 604 καὶ
478 543 724 600 καλεῖται
767 541 830 596 τὸ
879 535 1053 611 ὄνομα
1102 537 1290 605 αὐτοῦ,
1323 535 1583 612 Μεγάλης
1634 533 1842 612 βουλῆς
1894 532 1982 608 ἄγ-

2115 535 2211 590 silii
2245 535 2511 609 angelus,
2545 537 2930 609 admirabilis,
2961 540 3350 610 consiliarius,
3375 544 3530 602 Deus
3564 547 3753 608 fortis.

327 635 512 714 γελος,
546 630 878 705 θαυμαστὸς,
911 621 1282 702 σῦμϐουλους,
1311 626 1440 687 Θεὸς
1471 626 1719 701 ἰσχυρὸς,
1754 623 1989 695 ἐξουσια-

332 712 484 793 στής,
520 721 707 799 ἅρχων
742 719 990 792 εἰρήνης,
1016 717 1196 792 πατὴρ
1245 712 1344 769 τοῦ
1398 712 1698 786 μέλλοντος
1756 713 1980 773 αἶ’ὦνος.

333 815 536 887 Ἀμην.
600 835 628 864 ››
690 806 914 864 Παιδίον
985 806 1123 860 κατὰ
1174 804 1329 883 φύσιν
1409 802 1540 858 πότε
1595 803 1801 878 ἐγένετο
1860 802 1990 863 Θεὸς

334 900 706 974 ἑξουσιαστής,
740 898 815 959 ὠς
865 897 927 950 τὸ
976 891 1190 949 παιδίον
1226 898 1410 963 τοῦτο,
1461 891 1752 962 ἐπικληθὲν
1800 891 1986 946 «Μεθ’

333 997 496 1066 ἡμῶν
532 991 559 1046 ὁ
590 983 762 1057 Θεός;

407 1085 459 1139 4.
494 1079 558 1136 Εἰ
590 1076 648 1133 δὶ
676 1075 801 1138 Θεὸς
834 1074 1083 1150 ἰσχυρὸς,
1117 1071 1484 1143 ἐξουσιαστής,
1505 1070 1595 1126 καὶ
1628 1069 1814 1146 ἅρχων
1848 1069 1994 1144 εἴρη-

336 1193 458 1241 νης,
489 1168 576 1224 καὶ
611 1167 794 1241 πατὴρ
823 1169 920 1219 τοῦ
957 1161 1258 1236 μὲλλοντος
1289 1161 1483 1223 αἰῶνος
1511 1161 1572 1215 τὸ
1604 1157 1817 1215 παιδίον
1840 1159 1902 1214 τὸ
1935 1158 1994 1212 ἐκ

336 1263 432 1330 τῆς
467 1255 738 1332 Παρθένου
795 1253 1010 1329 τεχθὲν,
1043 1255 1162 1313 πῶς
1213 1250 1274 1306 οὐ
1333 1250 1594 1312 Θεοτόκος
1632 1253 1666 1320 ἡ
1701 1249 1989 1323 Παρθένος,

337 1349 484 1406 ἀλλὰ
512 1345 812 1420 Θεοδόχος,
846 1343 890 1398 εἰ
922 1341 1008 1396 καὶ
1040 1335 1325 1408 συνέλαϐε,
1355 1339 1444 1394 καὶ
1503 1337 1668 1409 ἔτεκε,
1721 1339 1810 1393 καὶ
1861 1339 1990 1399 Θεὸς

337 1441 402 1496 τὸ
429 1435 660 1513 τεχθὲν;
694 1434 796 1492 Καὶ
828 1431 992 1487 πάλιν
1027 1429 1172 1503 αὖτῷ
1232 1429 1399 1506 λέγω,
1445 1430 1517 1492 ὡς
1569 1427 1837 1500 ἠθέλησεν
1889 1427 1993 1482 εἷσ-

341 1529 532 1598 ῆλθεν,
593 1525 665 1587 ὡς
743 1519 1047 1592 ηὐδόκησεν
1135 1518 1502 1596 ἐκυοφορήθη,
1563 1519 1637 1581 ὡς
1697 1513 1988 1588 ἠϐουλήθη

340 1615 620 1691 προῆλθεν
653 1615 681 1669 ὁ
711 1610 948 1687 τεχθείς.
980 1609 1040 1664 Τί
1098 1609 1311 1686 ἐρευνᾷς
1363 1609 1527 1664 αὐτοῦ
1567 1609 1665 1676 τήν
1727 1607 1947 1677 θέλησιν
1977 1627 1990 1675 ;

339 1707 409 1765 Τί
443 1698 765 1779 ἐξακριϐάζῃ
795 1701 960 1755 αὐτοῦ
1005 1699 1104 1766 τὴν
1139 1695 1421 1768 εὖδοκίαη
1461 1698 1521 1752 Τί
1571 1697 1848 1773 ἒξιχνιάζῃ
1898 1695 1992 1750 αὐ-

337 1800 436 1852 τοῦ
465 1796 564 1864 τὴν
620 1790 922 1869 βούλησιν;
956 1795 1158 1844 ’Ἄκουε
1205 1787 1350 1862 παρὰ
1400 1785 1640 1856 Ηαῦλου,
1677 1784 1889 1860 μᾶλλον
1937 1782 1994 1839 δὲ

2101 628 2344 696 potens,
2415 625 2684 698 princeps
2765 627 2958 697 pacis,
3037 635 3201 702 pater
3267 633 3446 688 futuri
3533 636 3752 692 saeculi.

2098 715 2281 769 Amen
2304 714 2367 770 ⁸ο.
2402 735 2428 763 ››
2469 718 2620 769 Puer
2672 717 2998 771 secundum
3052 724 3323 775 naturam
3375 725 3751 794 quandonam

2102 803 2287 858 factus
2317 809 2406 859 est
2436 808 2587 859 Deus
2633 808 2861 876 potens,
2895 808 3394 877 quemadmodum
3445 829 3590 884 puer
3623 814 3752 884 iste,

2102 892 2199 964 qui
2236 893 2687 965 cognominatur
2720 915 2747 943 ‹‹
2777 894 3097 950 Nobiscum
3133 899 3326 954 Deus?
3350 923 3378 948 ››

2173 1071 2224 1125 4.
2259 1071 2420 1135 Quod
2455 1071 2502 1126 si
2539 1071 2694 1127 ﬁlius
2745 1071 2843 1126 ille
2872 1089 2937 1128 ex
2969 1073 3208 1147 Virgine
3238 1081 3434 1142 natus,
3466 1082 3556 1134 est
3607 1085 3755 1136 Deus

2103 1161 2288 1230 fortis,
2315 1165 2540 1232 potens,
2582 1163 2853 1234 princeps
2889 1163 3073 1234 pacis,
3105 1169 3162 1219 et
3211 1170 3374 1237 pater
3420 1167 3600 1223 futuri
3650 1187 3754 1225 ειε-

2102 1249 2239 1315 culi,
2271 1265 2452 1320 quare
2480 1249 2656 1323 Virgo
2689 1267 2802 1306 non
2843 1252 2952 1306 erit
2981 1251 3230 1324 Deipara
3265 1269 3277 1308 :
3311 1257 3412 1310 sed
3444 1255 3543 1311 Dei
3590 1272 3752 1312 exce-

2102 1339 2276 1412 ptrix,
2301 1339 2593 1409 siquidem
2633 1341 2902 1412 concepit
2940 1345 2996 1395 et
3029 1342 3268 1413 peperit,
3296 1347 3564 1416 Deusque
3609 1345 3754 1400 illud

2101 1429 2363 1501 estquod
2393 1433 2597 1483 natum
2629 1429 2755 1484 est?
2782 1430 3036 1484 Rursum
3068 1430 3182 1502 ipsi
3213 1432 3403 1488 dicam
3432 1450 3445 1488 :
3472 1433 3543 1490 Ut
3573 1435 3756 1490 voluit

2104 1519 2406 1588 ingressus
2435 1522 2545 1588 est,
2567 1521 2632 1572 ut
2662 1518 2772 1573 sibi
2800 1518 3018 1590 placuit
3046 1524 3310 1592 gestatus
3341 1521 3399 1577 in
3429 1528 3590 1578 utero
3622 1525 3750 1592 fuit,

2104 1613 2168 1662 ut
2199 1607 2373 1662 libuit
2403 1607 2638 1678 genitus
2672 1607 2906 1678 prodiit.
2931 1611 3044 1662 Cur
3073 1609 3200 1679 ejus
3230 1609 3588 1668 voluntatem
3620 1629 3752 1668 exa-

2106 1696 2341 1752 minas?
2379 1697 2493 1751 Cur
2522 1695 2649 1765 ejus
2682 1695 3109 1767 beneplacitum
3145 1699 3480 1770 perquiris?
3511 1705 3624 1756 Cur
3653 1703 3752 1757 de-

2102 1789 2326 1840 cretum
2358 1783 2721 1856 investiges?
2750 1783 2993 1840 Paulum
3025 1786 3184 1856 audi,
3211 1787 3327 1843 imo
3359 1789 3552 1860 potius
3581 1791 3654 1846 ab
3687 1807 3752 1847 eo

338 1882 747 1960 καταγινώσκου
781 1880 868 1936 ὑπ’
899 1878 1082 1934 αὐτοῦ·
1120 1902 1146 1928 ‹‹
1179 1882 1266 1948 Τῷ
1298 1878 1400 1952 γὰρ
1455 1875 1770 1952 βουλήματι
1829 1873 1992 1928 αὐτοῦ

2115 1874 2469 1930 :onvincare.
2491 1895 2518 1922 «
2545 1871 2843 1928 Voluntati
2873 1874 3029 1929 enim
3054 1876 3182 1946 ejus
3205 1877 3339 1948 quis
3369 1879 3586 1934 restitit
3605 1879 3648 1916 ⁸¹
3673 1879 3700 1934 ‘?
3723 1901 3750 1931 »ι

337 1975 422 2036 τίς
446 1973 782 2042 ἀνθέστηκε;
816 1993 843 2020 n
877 1971 1084 2024 Μενοῦν
1146 1986 1230 2041 γε,
1263 1967 1308 2020 ὦ
1366 1962 1633 2038 ἄνθρωπε,
1669 1963 1730 2018 σὺ
1763 1963 1840 2025 τίς
1891 1962 1940 2017 εἶ
1969 1962 1995 2016 ό

343 2064 568 2139 ἐρευνῶν
601 2060 692 2116 καὶ
725 2058 1043 2134 ἐξιχνιάζων
1075 2054 1239 2110 αὐτοῦ
1268 2055 1366 2123 τὴν
1411 2053 1680 2128 γέννησιν,
1710 2057 1806 2107 τοῦ
1863 2073 1997 2129 προ-

343 2156 518 2231 φήτου
551 2149 825 2225 λίγοντος·
852 2173 878 2199 ‹‹
911 2147 1014 2214 Τὴν
1048 2144 1232 2220 γενεὰν
1261 2143 1425 2198 αὐτοῦ
1454 2142 1537 2205 τίς
1573 2140 1879 2217 διηγήσεται
1909 2144 1997 2211 ;⁴Ο

339 2229 630 2319 προφήτης
664 2237 843 2312 φεύγει
876 2237 975 2304 τήν
1002 2235 1185 2310 γενεὰν
1217 2232 1381 2288 αὐτοῦ
1413 2229 1900 2305 διηγίίσασθαι,κτὶ
1935 2229 1997 2284 σὺ

337 2317 654 2403 τὴν-φύσιν
709 2325 1040 2400 περιεργάζη
1098 2323 1186 2378 καὶ
1242 2320 1771 2395 πολυπραγμονεῖς;
1831 2321 1889 2377 Ὀ
1941 2317 1998 2374 δὲ

343 2416 737 2495 εὐαγγελιστής
771 2419 983 2475 Λουκᾶς
1039 2413 1137 2480 τήν
1183 2411 1331 2465 κάτω
1389 2409 1632 2484 γέννησιν
1692 2408 1856 2463 αὐτοῦ
1917 2406 1998 2462 δι-

345 2507 649 2584 ηγούμενος
686 2503 830 2560 οὕτω
861 2501 1030 2577 λέγει·
1069 2525 1088 2550 ε
1128 2498 1389 2571 Ιίοιμὲνες
1420 2501 1553 2567 ἦσαν
1609 2497 1658 2552 ἐν
1839 2499 2000 2573 χώρᾳ

345 2583 417 2670 τῇ
449 2593 582 2668 αὐτῇ
615 2589 1034 2668 ἀγραυλοῦντες,
1065 2588 1156 2643 καὶ
1207 2586 1566 2663 φυλάσσοντες
1619 2583 1860 2662 φυλακὰς
1910 2585 1996 2640 ἐπὶ

345 2688 448 2754 την
478 2682 717 2756 ποίμνην
753 2679 948 2734 αὐτῶν·
983 2677 1072 2733 καὶ
1106 2675 1224 2732 ἰδευ
1280 2674 1503 2751 ἅγγελος
1548 2675 1744 2748 Κυρίου
1802 2674 1995 2746 ἐπέστη

347 2773 551 2841 αὐτοῖς,
608 2769 698 2825 καὶ
758 2766 885 2838 δόξα
942 2765 1140 2842 Κυρίου
1213 2763 1580 2840 περιέλαμψεν
1635 2762 1853 2830 αὐτοὺς,
1909 2763 1998 2818 καὶ

348 2859 695 2942 ἐφοϐήθησαν
758 2853 926 2936 ιρὸϐον
984 2857 1169 2932 μεγαν.
1205 2853 1301 2908 Καὶ
1360 2853 1500 2942 εἶπεν
1560 2852 1740 2915 αὐτοῖς
1775 2853 1801 2907 ὁ
1843 2851 1996 2929 ἅγγε-

347 2941 462 3014 λος·
499 2950 593 3018 Μὴ
627 2942 899 3027 φοϐεῖσθε·
936 2942 1054 3000 ἰδοῦ
1087 2945 1189 3019 γὰρ
1241 2941 1660 3018 εὐαγγελίζομαι
1711 2943 1837 3015 ὑμῖν
1892 2963 1999 3018 χα-

350 3042 442 3116 ρὰν
499 3035 767 3112 μεγάλην,
798 3034 919 3104 ἥτις
970 3029 1116 3088 ἔσται
1164 3031 1319 3086 παντὶ
1368 3035 1445 3102 τῷ
1495 3030 1632 3103 λαῷ·
1667 3030 1750 3085 ὅτι
1802 3030 1998 3106 ἐτέχθη

354 3131 479 3202 ὑμῖν
512 3129 752 3202 σήμερον
785 3124 1004 3198 Σωτὴρ,
1039 3121 1098 3184 ὅς
1130 3121 1238 3176 ἐστι
1271 3120 1502 3194 Χριστὸς
1552 3119 1749 3196 Κύριος
1792 3119 1844 3174 ἐν
1898 3119 2000 3174 πό-

350 3219 438 3276 λει
487 3213 673 3273 Δαυΐδ.
709 3239 736 3265 ››
770 3215 832 3270 Ὁ
876 3209 1106 3287 ἄγγελος
1163 3209 1392 3286 Χριστὸν
1444 3208 1534 3262 καὶ
1585 3207 1782 3285 Κύριον
1831 3206 2000 3286 λέγει,

2109 1965 2176 2019 Ει
2205 1979 2347 2019 sane
2373 1961 2506 2034 quis
2536 1967 2596 2016 tu
2620 1978 2702 2030 es,
2728 1980 2760 2018 ο
2790 1963 2988 2034 homo,
3013 1963 3113 2034 qui
3147 1965 3411 2037 inquiras
3437 1972 3493 2023 et
3522 1967 3758 2025 investi-

2107 2069 2208 2124 ges
2237 2054 2366 2123 ejus
2399 2052 2802 2107 nativitatem?
2846 2053 2990 2108 Cum
3039 2053 3191 2109 dicat
3229 2057 3513 2126 propheta
3545 2074 3558 2112 :
3585 2081 3612 2108 ‹‹
3645 2058 3756 2115 Ge-

2109 2144 2468 2198 nerationem
2522 2142 2650 2213 ejus
2698 2142 2831 2212 quis
2878 2142 3333 2199 enarrabit"?»
3366 2145 3578 2202 Renuit
3627 2165 3758 2220 pro-

2109 2231 2282 2304 pheta
2328 2231 2768 2302 generationem
2802 2231 2930 2302 ejus
2959 2247 3252 2303 enarrare,
3283 2238 3340 2288 et
3373 2239 3434 2289 tu
3486 2242 3758 2292 naturam

2107 2322 2236 2393 ejus
2267 2321 2495 2376 curiose
2537 2319 2827 2392 perquiris
2873 2325 2930 2376 et
2978 2321 3346 2393 investiges?
3393 2324 3762 2398 Evangelista

2108 2426 2278 2482 porro
2307 2415 2489 2464 Lucas
2519 2410 2646 2479 ejus
2676 2409 2733 2463 in
2767 2409 2987 2466 infimis
3017 2411 3452 2482 generationem
3479 2431 3763 2471 enarrans

2108 2500 2188 2555 ait
2221 2515 2233 2553 :
2263 2519 2289 2551 ει
2319 2501 2592 2553 Pastores
2623 2502 2792 2553 erant
2839 2497 2897 2553 in
2951 2499 3186 2572 regione
3219 2501 3422 2556 eadem
3455 2501 3763 2575 vigilantes

2108 2594 2166 2645 et
2215 2587 2617 2643 custodientes
2673 2586 2906 2659 vigilias
2961 2605 3139 2660 super
3184 2605 3416 2660 gregem
3468 2607 3665 2648 suum.
3698 2593 3767 2648 Et

2109 2694 2240 2734 ecce
2271 2674 2510 2747 angelus
2543 2675 2774 2730 Domini
2801 2676 2962 2732 stetit
2986 2677 3157 2748 juxta
3187 2677 3339 2745 illos,
3365 2683 3423 2733 et
3443 2679 3628 2752 gloria
3655 2681 3766 2737 Do~

2109 2765 2252 2821 mini
2279 2763 2669 2820 circumfulsit
2698 2763 2850 2829 illos,
2875 2769 2931 2820 et
2954 2766 3279 2821 timuerunt
3297 2767 3510 2823 timore
3534 2785 3765 2842 magno.

2109 2855 2381 2925 Dixitque
2421 2852 2541 2907 illis
2580 2852 2824 2924 angelus
2858 2870 2870 2908 :
2907 2853 3095 2910 Nolite
3143 2855 3396 2913 timere‘:
3429 2874 3560 2913 ecce
3610 2859 3770 2915 enim

2111 2941 2438 3016 evangelizo
2459 2940 2625 2996 vobis
2655 2941 2937 3012 gaudium
2972 2959 3276 3015 magnum,
3300 2946 3453 3015 quod
3479 2947 3587 3001 erit
3609 2947 3770 3002 omni

2111 3033 2328 3106 populo
2361 3048 2374 3086 :
2410 3030 2550 3102 quia
2597 3035 2771 3086 natus
2819 3036 2909 3086 est
2940 3032 3102 3088 vobis
3152 3032 3324 3088 hodie
3355 3034 3638 3100 Salvator,
3671 3052 3770 3108 qui

2111 3129 2200 3179 est
2229 3120 2499 3177 Christus
2532 3120 2819 3176 Dominus
2860 3120 2917 3174 in
2961 3120 3189 3176 civitate
3225 3122 3394 3177 David
3427 3123 3491 3178 ⁸⁸.
3521 3146 3548 3173 »
3580 3126 3768 3198 Ange-

2116 3212 2210 3268 lus
2241 3208 2646 3282 evangelizuns
2677 3209 3013 3281 pastoribus
3044 3226 3178 3264 eum
3211 3212 3306 3282 qui
3344 3216 3520 3268 natus
3551 3218 3675 3268 erat
3702 3231 3772 3270 ex

350 3303 842 3382 εὐαγγελιζόμενος
884 3301 1010 3362 τοὺς
1043 3297 1329 3372 ποιμὲνας,
1360 3297 1453 3352 τὸν
1493 3296 1751 3371 τεχθέντα
1798 3297 1858 3352 ἐκ
1902 3306 2000 3366 τῆς

2115 3279 2714 3372 νὶτείιιρδϐὶιιιὶεῐυιιι
2765 3301 2822 3354 et
2880 3298 3194 3354 Dominum
3227 3279 3442 3372 ipsum
3495 3305 3675 3357 vocat.
3709 3302 3772 3358 Si

352 3394 645 3468 Παρθένου.
680 3391 740 3446 Εἰ
775 3389 868 3444 οῦν
903 3388 1100 3464 Κύριος
1131 3390 1158 3444 ὁ
1189 3386 1426 3464 τεχθεὶς,
1457 3391 1576 3448 πῶς
1627 3385 1688 3440 οὐ
1740 3387 2003 3462 Κυριοτό.

348 3505 443 3546 κος
477 3486 512 3553 ἡ
545 3478 812 3557 Πιρθὲνος
846 3509 859 3548 -,
891 3478 1032 3553 Ἐγὼ
1064 3475 1122 3532 δὲ
1173 3475 1316 3552 λέγω
1359 3475 1446 3531 καὶ
1498 3475 1883 3550 Χριστοτόκον,
1916 3477 2005 3531 καὶ

352 3570 710 3647 Κυριοτόκον,
763 3568 855 3624 καὶ
941 3565 1382 3642 Σωτηριοτόκον,
1440 3564 1529 3620 καὶ
1585 3565 1849 3621 Θεοτόκον
1904 3567 2004 3636 τὴν

353 3661 508 3737 ἁγίαν
560 3653 832 3734 Παρθένον
878 3657 1015 3711 κατὰ
1054 3656 1154 3724 τήν
1184 3657 1368 3732 φωνην
1401 3659 1498 3709 τοῦ
1530 3653 1765 3730 ἀγγέλου
1794 3653 1890 3710 τοῦ
1921 3655 2004 3710 εὖ·

354 3748 794 3825 αγγελισαμὲνου
841 3744 969 3808 τοὺς
1014 3745 1280 3816 ποιμένας
1327 3744 1417 3798 καὶ
1463 3743 1560 3810 τήν
1617 3743 1910 3817 Ηαρθένον.
1946 3744 2006 3801 Εἰ

357 3837 582 3916 ἄγγελοι
637 3842 890 3911 Σωτῆρα,
921 3833 1010 3888 καὶ
1058 3832 1312 3906 Χριστὸν,
1343 3832 1432 3886 καὶ
1483 3831 1699 3907 Κύριον,
1745 3831 1832 3887 καὶ
1879 3832 2007 3888 Θεὸν

345 3925 733 4003 κηρύττουσιν,
765 3927 928 3995 ἡμεῖς
957 3921 1010 3978 τί
1041 3921 1457 3996 ἀποκρουόμεθα
1515 3919 1688 3974 αὐτῶν
1742 3922 1839 3990 τὴν
1874 3943 2008 3997 μαρ-

347 4017 532 4094 τυρίαν
561 4035 575 4086 ;
609 4011 855 4083 εἰσῆλθεν
898 4011 948 4066 ἐν
1000 4015 1067 4085 τῇ
1119 4011 1372 4086 Παρθένῳ
1417 4008 1672 4085 ἄσαρκος,
1705 4009 2008 4088 έκυοφορῆ-

335 4107 404 4178 θη
443 4107 785 4178 σωματικῶς
817 4101 908 4157 καὶ
941 4101 1121 4165 καθὼς
1151 4097 1478 4170 ηὐδόκησεν.
1515 4096 1744 4168 Ἐξῆλθε
1797 4096 1886 4153 διὰ
1913 4107 2012 4169 τῆς

341 4200 622 4271 μητρικῆς
695 4193 906 4271 φύσεως
954 4189 1350 4263 οἰκονομικῶς,
1411 4187 1473 4242 οὐ
1522 4192 1707 4260 μέντοι
1764 4190 1897 4260 μετᾶ
1948 4189 2012 4244 τὸ

358 4284 622 4359 τεχθῆναι
648 4281 838 4351 ἡνώθη
872 4279 901 4334 δ
941 4278 1070 4341 Θεὸς
1106 4277 1278 4355 Λόγος
1332 4280 1401 4350 τῇ
1447 4276 1754 4348 οἰκονομίᾳ.
1793 4275 2010 4352 Προῆλ-

349 4375 434 4428 θεν
477 4371 755 4447 ἀτρέπτως
802 4372 872 4442 τῇ
922 4369 1078 4444 φύσει
1129 4366 1424 4442 γενόμενος
1455 4366 1483 4420 ’ὀ
1517 4364 1616 4420 οὐκ
1646 4365 1735 4434 ἧν,
1773 4365 1955 4438 μείνας
1984 4366 2013 4420 ὃ

348 4462 439 4531 ἦν.
474 4459 589 4518 Οὐκ
621 4456 952 4520 ἁλλοιωθεὶς
982 4459 1050 4530 τῇ
1097 4454 1275 4527 οὐσίᾳ,
1331 4455 1518 4510 ἑαυτὸν
1576 4454 1822 4526 ἐκένωσε,
1854 4476 2016 4510 τουτ-

349 4549 461 4606 ἐστι
518 4547 698 4613 καθὼς
757 4540 1052 4630 ἠϐουλήθη
1090 4564 1104 4578 °
1168 4543 1275 4620 οὐχ
1335 4544 1420 4621 ὑφ’
1481 4543 1666 4620 ἑτερου
1740 4544 2016 4630 κενωθεῖς,

2117 3407 2254 3462 ergo
2289 3387 2570 3443 Dominus
2599 3391 2690 3442 est
2717 3387 2812 3456 qui
2855 3391 3030 3442 natus
3061 3391 3169 3456 est,
3195 3389 3294 3460 qui
3347 3406 3460 3444 non
3512 3391 3771 3445 Domini-

2119 3496 2259 3551 para
2289 3476 2467 3546 Virgo
2516 3475 2731 3530 fuerit?
2783 3477 2902 3548 Ego
2961 3493 3094 3532 vero
3153 3481 3210 3532 et
3265 3478 3688 3549 Christiparam
3720 3484 3780 3535 et

2120 3567 2583 3638 Dominiparam,
2607 3572 2664 3621 et
2685 3565 3198 3637 Salvatoriparam,
3224 3572 3282 3622 et
3305 3567 3613 3640 Deiparam
3648 3569 3777 3625 dico

2121 3661 2386 3715 sanctam
2417 3655 2718 3728 Virginem
2749 3671 2896 3722 esse,
2918 3657 3088 3726 juxta
3119 3672 3314 3711 vocem
3350 3657 3562 3729 angeli,
3588 3659 3688 3729 qui
3719 3662 3779 3714 et

2120 3746 2454 3820 pastoribus
2508 3749 2563 3800 et
2609 3744 2836 3816 Virgini
2892 3744 3165 3800 nuntium
3217 3745 3436 3802 attulit.
3473 3746 3531 3802 Si
3583 3746 3776 3818 angeli

2119 3835 2480 3893 Salvatorem
2503 3842 2560 3890 et
2589 3833 2884 3888 Christum
2911 3839 2967 3889 et
2995 3834 3302 3890 Dominum
3330 3840 3387 3890 et
3412 3841 3591 3890 Deum
3623 3837 3775 3894 358

2122 3925 2459 3998 praedicant,
2483 3939 2587 3977 nos
2617 3939 2797 3994 quare
2831 3922 3235 3978 testimonium
3270 3923 3505 3979 illorum
3541 3941 3777 3996 respue-

2124 4014 2297 4070 mus?
2320 4015 2625 4084 Ingressus
2648 4015 2740 4066 est
2772 4012 2828 4066 in
2855 4011 3151 4084 Virginem
3178 4014 3374 4068 carnis
3405 4030 3629 4086 expers,
3653 4030 3777 4069 cor-

2125 4101 2398 4177 poraliter
2429 4105 2491 4156 ut
2521 4100 2630 4156 sibi
2664 4099 2884 4173 placuit
2913 4105 3176 4173 gestatus
3207 4106 3297 4157 est
3330 4118 3343 4156 :
3381 4119 3444 4158 ex
3481 4103 3784 4176 dispensa-

2123 4193 2278 4248 tione
2313 4207 2414 4262 per
2444 4193 2769 4244 maternam
2803 4205 3078 4261 egressus
3121 4195 3212 4246 est
3259 4196 3555 4258 naturam,
3592 4209 3781 4265 neque

2123 4287 2322 4338 tamen
2357 4282 2490 4352 post
2521 4283 2752 4349 partum
2787 4277 2991 4333 unitus
3023 4283 3113 4334 est
3142 4279 3297 4334 Deus
3327 4280 3586 4335 Verbum
3620 4282 3782 4338 carni

2125 4387 2228 4443 per
2259 4366 2758 4440 dispensationem
2806 4371 3148 4438 assumptss.
3181 4368 3403 4424 l’rodiit
3433 4370 3532 4441 qui
3565 4370 3784 4425 immu-

2128 4459 2326 4515 tabilis
2357 4461 2566 4512 natura
2611 4460 2755 4521 erat,
2790 4455 2978 4510 factus
3010 4457 3163 4528 quod
3213 4474 3326 4512 non
3360 4461 3503 4526 erat,
3536 4474 3784 4515 manens

2131 4549 2285 4622 quod
2330 4550 2474 4603 erat.
2506 4545 2630 4600 Non
2690 4545 3027 4600 substantia
3075 4551 3359 4618 mutatus,
3397 4547 3782 4620 semetipsum

349 4639 567 4715 μορφὴν
625 4633 829 4691 δούλου
893 4628 1102 4690 ἔλαϐενο
1162 4632 1224 4688 οὐ
1273 4632 1525 4696 κενωθεὶς
1580 4636 1678 4701 τῆς
1735 4632 2000 4702 θεότητος,

2128 4634 2475 4698 exinanivit;
2509 4635 2608 4690 sed
2646 4637 2708 4688 ut
2741 4633 2854 4688 sibi
2886 4633 3103 4704 placuit
3137 4651 3149 4689 :
3187 4652 3293 4691 nec
3331 4637 3403 4691 ab
3435 4636 3550 4691 alio
3582 4636 3784 4692 exina-

347 4729 485 4783 κατὰ
540 4726 633 4781 τὸν
694 4724 958 4799 μακάριον
1017 4719 1236 4777 Παῦλον
1290 4721 1380 4775 τὸν
1442 4719 1691 4795 λέγονται
1733 4746 1758 4771 ‹‹
1810 4724 1928 4792 Ὃς,
1963 4721 2014 4777 ἐν

358 4814 546 4893 μορφῇ
578 4818 713 4871 Θεοῦ
746 4811 1034 4887 ὑπάρχων,
1066 4809 1174 4885 οὐχ
1210 4809 1502 4886 ἁρπαγμὸν
1536 4812 1780 4884 ἡγήσατο
1828 4811 1890 4864 τὸ
1940 4811 2011 4865 εἴ.

356 4928 445 4961 ναι
504 4903 594 4960 ἴσα
641 4901 778 4975 Θεῷ,
839 4900 988 4957 ἀλλὰ
1041 4900 1226 4955 ἑαυτὸν
1289 4898 1515 4952 ἐκένωσε
1569 4900 1783 4976 μορφὴν
1813 4897 2013 4954 δούλου

353 4990 562 5051 λαϐών.
602 5019 623 5045 ι
663 4991 951 5047 Ἐκένωσεν
998 4989 1203 5055 ἑαυτὸν,
1235 4981 1524 5065 γενόμενος
1574 4988 1603 5042 ὃ
1652 4987 1750 5042 οὐκ
1805 4989 1890 5057 ἦν·
1923 4989 2012 5044 καὶ

352 5083 521 5138 παλιν
582 5081 713 5137 αὐτὸ
769 5079 938 5154 λέγω,
975 5077 1159 5152 μείνας
1189 5078 1218 5132 ’ὁ
1260 5077 1350 5146 ἦν,
1383 5076 1512 5137 Θεὸς
1571 5076 1672 5152 γὰρ
1721 5079 1785 5144 ἦν
1829 5077 1856 5131 ὁ
1909 5077 2014 5131 Λόο

351 5195 451 5249 γος
481 5172 660 5233 οὗτος
697 5170 774 5232 ὡς
809 5167 1023 5224 παιδίον
1072 5168 1385 5242 γενόμενος,
1423 5165 1497 5228 ὡς
1547 5166 1663 5228 υἱὸς
1714 5163 2012 5237 δοξάζεται.

354 5260 623 5332 Εἰσῆλθεν
653 5260 962 5331 ἀσώματος,
997 5253 1275 5312 ἐνεδῦσστο
1309 5260 1467 5327 σῶμα
1515 5256 1692 5317 καθὼς
1751 5255 2011 5329 ἠθέλησε,

355 5351 446 5407 καὶ
477 5347 752 5418 κατεπόθη
782 5348 845 5402 τὸ
876 5346 1066 5416 θνητὸν
1100 5345 1202 5400 ὑπὸ
1233 5351 1332 5414 τῆς
1367 5348 1535 5413 ζωῆς.

2127 4728 2506 4791 nitionem,et
2528 4723 2775 4778 formam
2803 4721 2960 4778 illam
2987 4724 3132 4779 servi
3157 4726 3407 4796 accepit;
3438 4742 3542 4782 nec
3565 4727 3788 4783 amissa

2125 4817 2342 4873 deitate
2373 4815 2545 4884 juxta
2576 4814 2810 4868 beatum
2844 4812 3116 4880 Paulum,
3148 4815 3245 4885 qui
3297 4815 3376 4870 ait
3409 4832 3422 4870 :
3455 4838 3474 4864 α
3511 4816 3618 4882 Qui
3648 4833 3783 4872 cum

2124 4907 2184 4961 in
2218 4906 2406 4961 forma
2427 4902 2524 4958 Dei
2549 4910 2720 4972 esset,
2748 4919 2863 4956 non
2896 4902 3164 4974 rapinam
3201 4904 3521 4960 arbitratus
3550 4909 3638 4961 est
3659 4922 3785 4962 esse

2124 5013 2187 5050 se
2217 4991 2498 5065 aequalem
2530 4990 2680 5059 Deo;
2721 4991 2822 5045 sed
2859 4991 3242 5065 semetipsum
3295 4991 3615 5048 exinanivit
3665 4994 3783 5050 for-

2125 5100 2279 5138 mam
2312 5080 2461 5137 servi
2487 5079 2863 5152 acoipiens".
2892 5102 2920 5128 »
2945 5080 3335 5154 Semetipsum
3361 5080 3699 5148 exinanivit,
3724 5083 3783 5138 id

2124 5172 2364 5226 elfectus
2397 5169 2549 5240 quod
2581 5184 2692 5224 non
2725 5171 2870 5238 erat,
2889 5172 2947 5223 et
2972 5173 3036 5224 ut
3067 5169 3274 5225 iterum
3299 5170 3513 5235 dicam,
3537 5186 3784 5226 manens

2124 5261 2278 5329 quod
2345 5263 2490 5314 erat.
2550 5261 2699 5313 Deus
2765 5257 2919 5311 enim
2990 5262 3113 5313 erat
3170 5258 3280 5314 hoc
3339 5259 3620 5327 Verbum,
3681 5259 3784 5330 qui

2127 5347 2295 5420 quasi
2345 5346 2623 5420 parvulus
2673 5345 2860 5402 factus
2907 5351 3016 5413 est,
3064 5347 3230 5418 quasi
3282 5347 3440 5404 filius
3488 5348 3784 5420 gloriﬁca-

353 5447 480 5496 tus.
516 5440 828 5512 Ingressus
859 5441 948 5493 est
976 5437 1378 5508 incorporeus,
1409 5450 1624 5508 corpus
1673 5433 1867 5491 induit
1915 5440 2089 5508 prout
2115 5435 2319 5507 voluit,
2353 5440 2526 5509 atque
2574 5435 2919 5506 absorptum
2969 5441 3059 5491 est
3105 5436 3259 5507 quod
3307 5435 3552 5492 mortale
3595 5438 3782 5491 erata

359 5529 499 5585 vita.

435 5743 480 5779 ⁸ο
513 5743 628 5798 Isa.
660 5757 740 5808 ιιι,
770 5739 824 5795 6.
902 5740 942 5775 ⁸¹
981 5738 1148 5796 Rom.
1183 5754 1260 5806 ιιι,
1295 5739 1380 5794 19.
1456 5738 1502 5774 ⁸³
1534 5738 1646 5796 Isa.
1681 5755 1802 5810 Lm,
1833 5742 1886 5796 8.
1964 5740 2000 5776 ⁸³

2115 5756 2174 5796 ac.
2210 5757 2270 5806 ιι,
2301 5741 2462 5795 8ο11.

2538 5740 2586 5774 ⁸⁸
2615 5735 2862 5808 Philipp.
2898 5752 2958 5805 ιι,
2989 5740 3044 5792 6.
