4120 6358
392 390 509 450 967
1581 386 1645 448 8.
1692 384 2219 449 ATHANASIUS.
2244 420 2321 432 —
2353 389 2619 451 DUBlA.
3625 441 3630 448 .
3687 392 3808 455 968

461 527 517 581 5.
550 523 736 581 Dicito
763 523 965 595 itaque
990 522 1296 595 Deiparam
1323 522 1647 594 Virginem,
1671 538 1789 577 non
1819 520 1921 576 Dei
1951 536 2044 575 ex-
2069 530 2088 589 λ

2221 520 2277 575 5.
2310 518 2446 575 Εἷπὶ
2476 518 2568 576 οῦν
2621 520 2881 577 Θεοτόκον
2930 522 3029 592 τήν
3083 523 3376 597 Παρθένον,
3407 523 3500 578 καὶ
3554 523 3632 596 μὴ
3682 521 3806 601 λέγε

393 614 734 687 ceptricemt
775 613 894 668 imo
942 611 1140 683 potius
1187 611 1364 667 dicito
1407 611 1508 667 Dei
1556 611 1939 683 exceptricem
1989 626 2018 664 e

2181 605 2447 686 9εοδόχοψ
2483 609 2698 684 μᾶλλον
2726 608 2784 667 δὲ
2812 609 2941 688 λέγε
2968 608 3241 688 Θεοδόχον
3290 612 3381 667 καὶ
3428 611 3711 669 Θεοτόκον.
3746 613 3808 669 Εἰ

396 703 722 775 Deiparam.
756 700 816 756 Si
854 700 953 756 Dei
985 699 1280 772 exeeptrix
1308 703 1400 755 est
1447 703 1506 755 et
1551 699 1819 769 Deipara,
1851 713 2023 753 annor

2176 694 2426 774 9eo66xoc
2475 699 2586 755 ἐστὶ
2637 700 2725 756 καὶ
2770 697 3055 764 Θεοτόκος’
3089 702 3261 773 σάρκα
3306 699 3405 756 οὐκ
3434 701 3493 756 ἂν
3529 696 3722 757 ἔλαϐεν
3752 702 3803 766 ἐς

392 807 626 847 carnem
664 806 733 845 ex
765 788 867 845 illa
896 789 1121 860 accepit
1150 789 1305 844 Deus
1333 788 1574 843 verbum
1594 787 1622 842 ?
1664 786 1775 843 Sed
1808 786 1900 841 hic
1927 786 2019 840 vin

2183 786 2324 856 ιύτῆς
2356 790 2385 843 6
2416 788 2545 851 Θεὸς
2576 788 2755 862 Λόγος
2784 807 2798 859 ;
2831 787 2976 845 ἀλλὰ
3005 789 3115 846 ἐκεῖ
3148 789 3388 866 βιάζεταί
3422 811 3489 864 με
3519 791 3547 846 6
3578 790 3810 868 Εὐαγγει

392 880 540 937 mihi
563 880 731 935 affert
752 877 1141 951 Evangelista,
1168 893 1382 949 magna
1399 893 1536 932 voce
1557 876 1820 932 clamans
1843 893 1892 931 ;‹‹
1915 873 2019 930 Ver

2182 878 2350 947 ιιστής
2385 879 2529 949 βοῶν
2561 877 2773 954 μεγάλῃ
2800 882 2869 953 τῇ
2909 884 3085 957 φωνῇ·
3126 902 3154 933 α
3182 881 3243 937 Ὁ
3274 879 3452 955 Λόγος
3514 880 3643 956 σὰρξ
3692 880 3809 956 ἐγέ-

392 972 533 1025 bum
567 985 701 1024 caro
734 968 951 1023 factum
986 967 1187 1022 est”.-
1223 966 1282 1022 In
1317 966 1431 1022 alio
1462 970 1655 1022 autem
1689 963 2019 1036 evangelisti

2190 986 2297 1021 ετο.
2332 988 2361 1018 n
2417 968 2504 1023 Ἐν
2559 964 2618 1022 δὲ
2671 972 2751 1038 τῷ
2807 965 2967 1040 ἄλλῳ
3027 967 3384 1045 εὐαγγελιστῇ
3434 968 3579 1024 οὕτω
3635 966 3813 1046 λέγει⁹

389 1060 476 1114 sic
517 1058 734 1114 dicitur
762 1073 775 1112 :
808 1077 836 1107 ‹‹
868 1055 1275 1128 Interrogabat
1321 1055 1498 1112 Jesus
1541 1054 1862 1127 discipulos
1911 1069 2016 1108 suo

2184 1077 2189 1105 :
2221 1055 2434 1130 Ἤρώτα
2465 1056 2492 1110 6
2525 1056 2736 1127 Ἰησοῦς
2764 1056 2892 1119 τοὺς
2944 1058 3186 1130 μαθητὰς
3234 1058 3419 1128 αὐτοῦ,
3455 1057 3650 1134 λέγων·
3683 1058 3811 1114 Τίνα

386 1149 594 1204 dicens
620 1164 633 1202 :
657 1147 839 1211 Quem
877 1162 968 1201 me
999 1146 1205 1201 dicunt
1236 1145 1505 1201 homines
1537 1160 1686 1213 esse,
1720 1144 1907 1199 ﬁlium
1941 1143 2013 1198 bo

2180 1161 2230 1195 ιε
2276 1142 2527 1216 λέγουσιν
2579 1144 2631 1198 οἱ
2686 1139 2958 1220 ἅνθρωποι
2998 1144 3133 1200 εἶναι
3179 1145 3273 1201 τὸν
3312 1145 3435 1200 Υἶὸν
3464 1149 3561 1199 τοῦ
3593 1144 3807 1221 ἀνθρώ-

390 1236 615 1293 minis?
637 1236 1077 1308 Respondentes
1100 1239 1297 1290 autem
1331 1233 1581 1306 apostoli
1605 1232 1876 1289 dixerunt
1900 1249 1913 1288 :
1936 1231 2017 1287 Ali

2182 1250 2303 1301 tO'J;
2338 1230 2745 1308 Ἀποκριθέντες
2803 1230 2862 1287 δὲ
2918 1234 2971 1288 oi.
3026 1233 3323 1290 ἀπόστολοι
3375 1234 3549 1290 εἶπαν⁸
3582 1236 3650 1293 Οἱ
3712 1235 3809 1308 μὲν

389 1323 601 1390 Eliam,
629 1323 726 1377 alii
752 1338 885 1377 vero
916 1321 1259 1383 Jeremiam.
1288 1327 1389 1376 aut
1407 1337 1593 1377 unum
1625 1337 1694 1376 ex
1727 1319 2016 1393 prophetis

2181 1319 2375 1392 Ηλίαν,
2403 1322 2454 1376 οἱ
2504 1318 2563 1375 δὲ
2591 1319 2877 1396 Ἱερεμίαν,
2910 1322 2946 1391 ἢ
2999 1319 3093 1377 ἕνα
3147 1327 3253 1378 τῶν
3314 1328 3634 1401 προφητῶν.
3672 1326 3808 1379 Eine

388 1411 547 1467 Dixit
577 1427 711 1467 vero
737 1410 916 1467 Jesus
943 1427 957 1468 :
984 1411 1091 1467 Vos
1122 1415 1316 1466 autem
1352 1427 1525 1481 quem
1560 1426 1649 1466 me
1679 1409 1917 1465 dicitis?
1950 1409 2015 1465 RE

2179 1409 2217 1463 i‘e
2245 1409 2274 1463 6
2327 1410 2556 1480 Ἰησοῦςο
2598 1416 2777 1484 Ὑμεῖς
2827 1408 2885 1466 δὲ
2938 1412 3060 1468 τίνα
3091 1433 3160 1485 με
3206 1410 3427 1486 λέγετες
3460 1413 3806 1489 Ἀποκριθεὶς

391 1500 693 1573 spondens
714 1504 911 1555 autem
937 1504 1143 1555 Petrus
1168 1499 1349 1554 dixit:
1373 1500 1455 1555 Tu
1490 1514 1551 1555 es
1573 1499 1840 1555 Christus
1869 1497 2013 1554 Filiu

2181 1497 2216 1552 :a
2246 1498 2274 1551 6
2305 1497 2509 1575 Πέτρος
2540 1499 2675 1555 εἶπε·
2712 1499 2787 1554 Σὺ
2819 1499 2869 1555 εἴ
2895 1502 2924 1556 6
2954 1501 3185 1576 Χριστὸς
3216 1502 3244 1556 6
3267 1502 3388 1564 Υἱὸς
3418 1505 3517 1557 τοῦ
3546 1506 3682 1556 Θεοῦ
3710 1506 3808 1557 τοῦ

389 1591 492 1647 Dei
524 1589 635 1646 vivi
656 1590 726 1643 ⁸⁸.
748 1610 778 1641 »ι
801 1589 927 1644 Non
960 1587 1107 1644 dixit
1135 1605 1148 1645 :
1185 1590 1270 1645 Tu
1304 1605 1369 1644 es
1397 1587 1495 1659 qui
1528 1605 1631 1660 per
1671 1588 1919 1660 gratiam
1955 1587 2014 1643 Fi

2179 1592 2375 1656 ζῶντος·
2424 1612 2452 1639 ››
2506 1588 2603 1644 Καὶ
2663 1588 2763 1645 οὐκ
2810 1590 2942 1645 εἶπε⁸
2995 1591 3070 1645 Σὺ
3116 1590 3165 1645 εἴ
3209 1592 3238 1646 6
3275 1589 3563 1665 γενόμενος
3618 1610 3806 1667 χαριτι

389 1680 507 1736 lius
537 1679 637 1735 Dei
666 1677 910 1734 effectus
954 1695 1039 1749 es,
1071 1679 1172 1733 sed
1219 1677 1378 1733 clara
1405 1693 1542 1734 voce
1574 1695 1588 1733 :
1614 1700 1642 1727 «
1674 1681 1757 1732 Tu
1788 1693 1851 1732 es
1881 1676 2015 1733 Chri

2180 1677 2279 1739 ’ἱὸς
2311 1681 2467 1747 Θεοῦ,
2500 1676 2666 1749 ἀλλὰ,
2699 1703 2726 1727 «ε
2762 1678 2839 1733 Σὺ
2870 1680 2899 1735 6
2929 1681 3184 1755 Χριστὸς,
3214 1703 3244 1732 »
3290 1684 3458 1755 τρανῇ
3504 1684 3574 1755 τῇ
3626 1685 3807 1758 φωνῇ,

388 1773 519 1825 stus
549 1767 735 1825 Filius
764 1766 867 1823 Dei
897 1766 1036 1821 vivi.
1060 1788 1088 1819 »
1126 1766 1356 1823 Marcus
1406 1780 1549 1821 sane
1595 1764 1952 1838 evangelista
1980 1782 2009 1821 e

2181 1768 2238 1822 r6
2270 1768 2391 1829 Υἱὸς
2440 1772 2538 1822 τοῦ
2586 1772 2721 1823 Θεοῦ
2775 1772 2873 1824 τοῦ
2924 1773 3210 1838 ζῶντος.»
3264 1769 3367 1825 Καὶ
3421 1768 3644 1845 Μάρκος
3692 1768 3750 1825 δὲ
3779 1772 3808 1826 6

389 1858 522 1931 ipsa
552 1874 698 1913 usus
743 1862 836 1913 est
861 1872 1019 1923 voce,
1052 1857 1207 1912 beati
1257 1854 1413 1912 Petri
1443 1855 1746 1911 sententias
1791 1871 2016 1911 consoni

392 1947 439 1966 I-
462 1952 623 1966 _,,A-__
662 1964 671 1966 _
777 1945 1011 1966 τ-.2ι2μ....Δ
1076 1944 1371 1966 π---..--ιεξ
1441 1947 1568 1966 1----
1632 1944 1843 1966 (‘L_E_1:
1921 1942 2016 1966 πειε

2184 1853 2539 1931 ὖαγγελιστὴς
2573 1854 2737 1910 πάλιν
2764 1861 2833 1921 τῇ
2881 1856 3017 1931 αὐτῇ
3065 1856 3333 1932 κέχρηται
3378 1860 3557 1936 φωνῇ,
3592 1855 3807 1932 συνῳδὰ

2180 1944 2245 1966 ,Δ-
2292 1942 2419 1966 HI”,
2470 1965 2516 1966 κγ
2560 1948 2616 1966 ια’
2824 1946 2864 1966 ,l
2950 1944 3015 1966 π’
3265 1946 3314 1966 Ἀ
3426 1947 3440 1965 \
3555 1951 3581 1961 ν
3634 1946 3699 1966 π’

390 1947 733 2004 locutus:«
776 1945 1018 2002 Initium
1076 1944 1376 2017 Evangelii
1429 1947 1572 2000 Jesu
1631 1944 1868 2012 Christi,
1920 1942 2017 1999 Fili

2182 1942 2520 2019 ›θεγγόμενος
2550 1948 2629 2016 τῷ
2663 1946 2916 2020 μακαρίῳ
2948 1944 3161 2020 Πέτρῳ.
3201 1966 3224 1995 α
3265 1946 3448 2022 Ἀρχή
3487 1951 3586 2003 τοῦ
3634 1946 3809 2022 Εὐαγ-

394 2037 492 2093 Dei
513 2037 580 2092 ⁸⁷.
605 2057 634 2086 »
665 2036 730 2093 In
759 2033 1070 2109 Evangelio
1101 2040 1296 2090 autem
1332 2034 1657 2091 secundum
1688 2033 2018 2088 Matthaaum

2182 2030 2339 2088 ἐλίου
2386 2034 2567 2104 Ἰησοῦ
2615 2037 2849 2109 Χριστοῦ
2894 2038 2992 2090 τοῦ
3036 2036 3165 2090 Υἱοῦ
3213 2039 3310 2090 τοῦ
3358 2040 3515 2094 Θεοῦ.
3550 2060 3579 2089 ››
3614 2037 3695 2093 Ἐν
3749 2036 3809 2094 δὲ

389 2126 491 2182 ubi
553 2130 829 2183 narratur
882 2124 1234 2181 resurrectio
1290 2122 1606 2180 Salvatoris
1665 2122 1849 2178 nostri
1905 2122 2016 2178 Jem

2186 2125 2231 2193 ᾦ
2261 2120 2397 2176 κατὰ
2425 2124 2697 2178 Ματθαῖον
2745 2123 3089 2199 Εὐαγγελίῳ,
3120 2124 3196 2186 εἰς
3240 2126 3341 2193 τήν
3392 2124 3679 2182 ἀνάστασιν
3712 2131 3811 2181 τοῦ

387 2214 628 2283 Christi,
660 2215 743 2270 ait
790 2214 1053 2271 centurio
1083 2218 1141 2269 et
1168 2213 1271 2285 qui
1303 2229 1438 2269 cum
1485 2212 1585 2269 illo
1611 2212 1817 2268 Jesum
1850 2216 2014 2268 custo

2179 2217 2415 2287 Ξωτῆρος
2481 2214 2641 2284 ἡμῶν
2676 2213 2857 2283 Ἰησοῦ
2912 2216 3167 2287 Χριστοῦ,
3200 2215 3363 2292 φησὶν
3409 2214 3438 2268 6
3488 2213 3806 2289 ἑκατόνταρ-

385 2304 650 2374 diebant,
679 2304 805 2360 viso
843 2307 1012 2359 terrae
1062 2307 1247 2373 motu,
1279 2301 1573 2374 editisque
1603 2300 1812 2375 signis,
1842 2301 2012 2356 admo

2178 2320 2258 2377 [ος
2286 2300 2375 2355 καὶ
2407 2302 2459 2355 οἱ
2494 2303 2607 2374 μετ’
2653 2300 2819 2356 αὐτοῦ
2865 2306 3157 2378 τηροῦντες
3201 2304 3290 2358 τὸν
3336 2305 3570 2377 Ἰησοῦν,
3599 2301 3805 2367 ἰδόντες

386 2394 531 2450 dum
560 2392 881 2466 perterriti,
913 2392 1036 2449 haec
1065 2391 1244 2448 verba
1272 2391 1566 2464 protulere
1600 2406 1663 2445 :«
1698 2391 1837 2446 Vere
1865 2388 2008 2445 Filiu

2177 2391 2243 2445 τὸν
2304 2390 2523 2465 σεισμὸν
2582 2390 2671 2446 καὶ
2729 2391 2796 2446 τὰ
2845 2391 3111 2468 γενόμενα
3186 2399 3412 2466 σημεῖα,
3458 2388 3804 2472 ἐφοϐήθησαν

388 2483 488 2540 Dei
519 2488 647 2540 erat
695 2483 804 2539 iste
823 2482 926 2537 ⁸⁸.»
959 2480 1219 2554 Angelus
1263 2496 1402 2538 vero
1449 2479 1789 2553 pastoribus
1820 2498 1871 2536 :«
1901 2480 2009 2535 Ecc

2181 2477 2360 2558 ’φόδρα
2408 2478 2674 2555 λέγοντες,
2715 2505 2744 2533 ι(
2779 2478 3030 2551 Ἀληθῶς
3081 2486 3214 2538 Θεοῦ
3264 2482 3388 2545 Υἱὸς
3436 2484 3502 2551 ἦν
3554 2482 3734 2545 οὗτος
3780 2506 3808 2534 »ι

385 2571 718 2645 evangelizo
774 2571 941 2628 vobis
995 2569 1279 2643 gaudium
1339 2585 1660 2642 magnum,
1720 2568 1877 2641 quod
1934 2567 2012 2623 eri

2180 2600 2182 2615 ι
2240 2567 2298 2624 δὲ
2357 2566 2590 2645 ἄγγελος
2645 2574 2761 2632 τοῖς
2816 2571 3091 2643 ποιμέσινι
3132 2592 3155 2621 ε
3190 2567 3332 2626 Ἰδοὺ
3390 2569 3807 2648 εὐαγγελίζομαι

386 2663 549 2718 omni
582 2659 819 2733 populo,
845 2659 986 2732 quia
1027 2663 1203 2715 natus
1232 2663 1323 2715 est
1349 2659 1514 2715 vobis
1554 2657 1728 2715 hodie
1758 2656 2013 2713 Salvator

2180 2663 2283 2732 νμῖν
2333 2659 2506 2735 χαρὰν
2558 2658 2828 2735 μεγάλην,
2859 2659 2982 2728 ἥτις
3040 2656 3184 2715 ἔσται
3232 2658 3392 2715 παντὶ
3437 2665 3517 2732 τῷ
3546 2659 3693 2734 λαῷ,
3721 2658 3807 2716 ὅτι

386 2750 485 2822 qui
530 2754 622 2806 est
667 2749 937 2806 Christus
992 2748 1269 2804 Dominus
1328 2748 1389 2803 in
1439 2747 1673 2803 civitate
1723 2746 1986 2802 David”.

2178 2749 2349 2824 τὲγθη
2386 2748 2511 2820 ὑμῖν
2546 2750 2784 2825 σήμερον
2817 2750 3036 2825 Σωτὴρ,
3068 2748 3127 2812 ὅς
3162 2748 3271 2805 ἐστι
3315 2749 3545 2825 Χριστὸς
3578 2750 3804 2826 Κύριος,

384 2839 445 2895 Si
473 2855 612 2912 ergo
641 2838 795 2912 quod
846 2842 1050 2894 natum
1093 2844 1183 2894 est
1212 2838 1494 2894 Dominus
1522 2843 1633 2907 est,
1667 2836 2010 2908 Dominipar

2179 2858 2204 2891 ν
2236 2834 2395 2892 πόλει
2431 2832 2617 2893 Δαϐίδ.
2653 2861 2674 2888 ι
2710 2836 2772 2892 Εἰ
2819 2836 2911 2892 οὖν
2960 2839 3024 2893 τὸ
3073 2838 3262 2913 τεχθὲν
3312 2837 3530 2913 Κύριος,
3561 2839 3650 2894 καὶ
3700 2846 3806 2895 Κυ-

385 2934 475 2986 est
499 2930 699 3002 Virgo.
729 2927 838 2985 Ubi
890 2933 1087 2984 autem
1139 2926 1449 2994 Dominus,
1480 2926 1562 2983 ibi
1611 2929 1672 2982 et
1717 2926 1893 2982 Deus.
1927 2925 2009 2982 Ne

2174 2924 2403 2987 ›ιοτόκος
2433 2928 2468 2995 ἡ
2504 2926 2797 2999 Παρθενος·
2831 2924 2970 2982 ὅπου
2998 2922 3056 2981 δὲ
3086 2926 3310 3001 Κύριος,
3344 2925 3457 2982 ἐκεῖ
3501 2926 3592 2983 καὶ
3648 2927 3801 2990 Θεός’

384 3019 838 3091 distinguuntur
865 3017 1152 3073 Dominus
1178 3034 1212 3072 a
1238 3022 1369 3087 Deo,
1394 3031 1499 3072 nec
1529 3016 1686 3072 Deus
1708 3032 1742 3071 a
1762 3014 2008 3071 Domino

2176 3013 2214 3068 νῦ
2254 3016 2588 3090 κεχώρισται
2638 3014 2834 3088 Κύριος
2878 3019 3010 3069 Θεοῦ
3058 3015 3093 3084 ἢ
3140 3016 3270 3078 Θεὸς
3318 3015 3540 3091 Κυρίου,
3572 3016 3647 3078 ὡς
3691 3014 3803 3073 λὲει

386 3112 452 3165 ut
481 3107 541 3163 in
575 3106 766 3163 Veteri
795 3106 1175 3162 Testamento
1206 3105 1424 3161 dicitur
1455 3121 1470 3160 :
1496 3127 1524 3155 ‹‹
1559 3105 1628 3160 Et
1658 3103 1807 3176 pluit
1840 3104 2013 3160 Domit

2177 3124 2201 3157 ν
2256 3107 2325 3168 τῇ
2375 3099 2608 3173 Παλαιᾷ·
2644 3127 2673 3156 ‹‹
2706 3102 2802 3159 Καὶ
2861 3098 3040 3180 ἔϐρεξε
3097 3102 3300 3180 Κύριος
3355 3108 3463 3181 πῦρ
3507 3106 3657 3180 παρά
3701 3111 3804 3160 Κυ-

385 3213 499 3253 nus
528 3196 726 3269 ignem
757 3212 793 3251 a
826 3195 1070 3251 Domino
1090 3194 1156 3249 9°.
1183 3216 1205 3245 ι
1243 3194 1309 3250 Et
1336 3195 1549 3250 iterum
1583 3211 1597 3250 :
1624 3212 1647 3240 ε
1686 3192 1899 3266 Diliges
1929 3192 2010 3248 Do

2173 3192 2292 3248 δίου·
2347 3215 2375 3244 ››
2426 3192 2515 3246 καὶ
2572 3189 2757 3248 πάλιν·
2792 3217 2822 3245 ‹‹
2883 3194 3210 3269 ’Δγαπήσεις
3266 3192 3462 3270 Κύριον
3520 3194 3618 3250 τὸν
3672 3193 3800 3250 Θεόν

385 3287 617 3342 minum
648 3286 833 3341 Deum
866 3288 1035 3340 tuum
1058 3285 1126 3340 9'.
1154 3307 1176 3334 ι
1201 3286 1281 3340 Ac
1312 3300 1548 3340 rursum
1575 3299 1624 3338 :«
1647 3282 1821 3351 Audi,
1845 3280 2012 3339 Israel

2176 3300 2277 3338 που·
2314 3305 2342 3334 ››
2373 3280 2463 3336 καὶ
2516 3280 2705 3337 πάλιν*
2733 3306 2763 3334 ‹‹
2795 3283 3010 3354 Ἄκουε,
3063 3280 3308 3358 Ἰσραὴλ,
3370 3282 3569 3359 Κύριος
3612 3284 3641 3339 6
3673 3284 3803 3347 Θεός

384 3375 675 3433 Dominus
704 3374 861 3430 Deus
887 3378 1049 3439 tuus,
1081 3373 1370 3429 Dominus
1400 3388 1554 3428 unus
1584 3378 1675 3428 est
1698 3372 1760 3426 θ’.
1787 3393 1815 3421 ››
1836 3371 1907 3427 Et
1936 3371 2011 3426 ite

2174 3392 2250 3427 που
2282 3371 2481 3445 Κύριος
2514 3372 2591 3434 εἷς
2624 3370 2756 3426 ἔστι·
2790 3394 2818 3423 ››
2851 3372 2941 3427 καὶ
2984 3370 3148 3427 πάλιν
3193 3373 3222 3428 6
3253 3369 3596 3446 Ψαλμῳδός·
3630 3397 3660 3426 ι(
3691 3373 3801 3431 Κύ-

382 3483 513 3523 rum
562 3465 879 3521 Psalmista
909 3480 924 3518 :
949 3487 978 3516 α
1012 3463 1260 3521 Domine
1311 3463 1466 3520 Deus
1495 3463 1805 3532 virtutum,
1836 3462 2009 3517 sxaud

2176 3482 2267 3524 νιος
2308 3461 2336 3516 ὁ
2369 3461 2498 3521 Θεὸς
2528 3464 2636 3515 τῶν
2667 3457 2970 3533 δυνάμεων,
3003 3460 3313 3516 εἰσάκουσον
3343 3469 3445 3533 τῆς
3490 3465 3803 3539 προσευχῆς

380 3556 708 3611 orationem
766 3570 956 3611 meam
1000 3554 1064 3607 93.
1112 3576 1140 3605 ››
1194 3554 1442 3625 Ipseque
1490 3567 1727 3607 rursum
1766 3565 1839 3605 :«
1890 3554 2005 3605 Dcu

2174 3568 2281 3605 ιουο
2335 3573 2363 3601 ››
2395 3550 2423 3604 6
2467 3548 2627 3612 αὐτὸς
2676 3549 2861 3605 πάλιν·
2899 3572 2927 3601 (ι
2967 3550 3096 3612 Θεὸς
3146 3549 3365 3622 Κύριος,
3397 3550 3489 3606 καὶ
3546 3550 3801 3629 ἐπέκρανεν

380 3643 665 3701 Dominus
695 3648 755 3699 et
782 3642 977 3699 illuxit
1005 3643 1177 3699 nobis
1200 3643 1303 3699 οδ.»
1335 3643 1479 3698 Item
1513 3641 1640 3712 ipse
1672 3657 1724 3695 τι
1754 3638 2007 3696 Dominu

2177 3644 2310 3711 δμῖν·
2345 3661 2374 3691 ››
2408 3638 2496 3692 καὶ
2526 3636 2691 3693 πάλιν
2721 3638 2749 3693 ὁ
2782 3637 2962 3701 αὐτός.
2997 3663 3027 3692 ‹‹
3060 3639 3258 3710 Κύριος
3282 3640 3311 3694 6
3342 3640 3471 3703 Θεὸς
3497 3640 3605 3694 τῶν
3647 3638 3804 3695 δυνά-

377 3733 534 3791 Deus
562 3733 873 3801 virtutum,
897 3733 1034 3804 quis
1090 3730 1304 3789 similis
1351 3730 1458 3786 tibi
1480 3731 1542 3786 ⁸⁵.
1567 3749 1595 3782 ι
1632 3730 1702 3785 Et
1730 3728 1949 3785 Paulus
1978 3728 2004 3783 i;

2176 3747 2324 3800 ιεων,
2352 3725 2437 3787 τίς
2470 3725 2662 3800 ὅμοιός
2694 3745 2816 3796 σοι;
2849 3751 2878 3781 »
2904 3727 3003 3783 Καὶ
3046 3727 3260 3790 Παῦλος
3292 3728 3353 3783 ἂν·
3375 3731 3445 3803 τῇ
3474 3726 3607 3801 πρὸς
3639 3726 3803 3784 Τίτον

375 3839 484 3880 sua
504 3823 576 3878 ad
599 3822 794 3878 Titum
819 3820 1079 3894 Epistola
1100 3821 1181 3875 ita
1203 3820 1409 3875 scribit
1432 3836 1482 3875 :«
1512 3818 1800 3891 Apparuit
1821 3817 2002 3873 saluta

2173 3814 2450 3890 Βπιστολῇ
2483 3815 2654 3879 οὕτως
2683 3817 2947 3893 γράφει’‹‹
2980 3818 3248 3895 Ἐπεφάνη
3277 3818 3313 3888 ἡ
3347 3817 3506 3893 χάρις
3534 3820 3633 3872 τοῦ
3663 3820 3800 3872 Θεοῦ

370 3912 452 3969 ris
481 3912 674 3986 gratia
726 3910 822 3967 Dei
860 3910 1138 3967 omnibus
1172 3908 1535 3974 hominibus,
1567 3906 1846 3965 erudiens
1895 3923 1997 3963 nos

2172 3906 2484 3982 δσωτηριος
2532 3911 2691 3962 πᾶσιν
2742 3905 3072 3980 ἀνθρώποις,
3103 3904 3435 3963 παιδεύουσα
3485 3908 3654 3981 ἡμᾶς·
3681 3905 3799 3979 ἵνα,

371 4006 438 4057 ut
463 4002 822 4073 abnegantes
871 3999 1238 4071 impietatem
1288 4002 1344 4053 et
1374 3997 1681 4054 saecularia
1726 3997 1998 4053 desiderii

2176 3996 2644 4071 ερνησάμενοιτήν
2694 3990 2939 4052 ἀσέϐειαν
2993 3996 3082 4051 καὶ
3139 3997 3234 4059 τὰς
3289 3995 3557 4069 κοσμικὰς
3614 3995 3803 4051 ἐπιθυ-

372 4091 567 4146 sobrie
597 4094 654 4145 et
675 4090 842 4160 juste
884 4093 943 4143 et
992 4087 1085 4160 pie
1130 4088 1398 4143 vivamus
1430 4087 1487 4142 in
1520 4086 1631 4142 hoc
1678 4086 1910 4155 saeculo,
1943 4102 1999 4142 ex

2177 4084 2296 4153 ιίας,
2312 4084 2606 4163 σωφρόνως
2636 4085 2727 4140 καὶ
2757 4082 2979 4147 δικαίως
3007 4087 3099 4141 καὶ
3118 4080 3354 4149 εὐσεϐῶς
3379 4089 3629 4160 ζήσωμεν
3650 4085 3701 4142 ἐν
3723 4090 3804 4159 τῷ

372 4183 706 4251 spectantes
738 4178 973 4234 beatam
1001 4194 1164 4250 spem
1188 4183 1247 4233 et
1267 4178 1583 4233 adventum
1617 4175 1813 4249 gloria
1841 4191 1999 4248 mag:

2179 4178 2237 4265 6v
2268 4171 2904 4265 αἱῶνι,προσδεχόμενοι
2926 4176 3023 4243 τὴν
3059 4174 3321 4253 μακαρίαν
3354 4173 3553 4232 ἐλπίδα
3579 4176 3670 4232 καὶ
3692 4174 3806 4231 ἐπι-

372 4267 499 4336 Dei,
531 4273 591 4325 et
635 4266 952 4324 Salvatoris
1001 4267 1185 4323 nostri
1234 4267 1373 4323 Jesu
1407 4264 1621 4322 Christi
1644 4266 1709 4320 θθ.
1740 4287 1768 4315 ››
1802 4264 1908 4321 Hic
1952 4281 1999 4321 ει

2181 4263 2365 4319 ιάνειαν
2403 4271 2505 4333 τῆς
2556 4261 2739 4334 δόξης·
2780 4268 2878 4319 τοῦ
2930 4264 3172 4341 μεγάλου
3221 4269 3354 4322 Θεοῦ
3394 4265 3485 4321 καὶ
3544 4270 3808 4339 Σωτῆρος

375 4358 477 4432 qui
510 4362 685 4416 natus
716 4361 803 4414 est
847 4374 916 4413 ex
966 4361 1173 4413 sancta
1203 4355 1460 4428 Virgine,
1481 4355 1583 4428 qui
1630 4359 1724 4411 est
1770 4354 2002 4410 Christu

2177 4358 2309 4426 ιμῶν
2342 4354 2521 4423 Ἰησοῦ
2553 4354 2810 4427 Χριστοῦ.
2843 4376 2872 4405 »
2901 4354 3076 4416 Οὗτος
3111 4353 3139 4410 6
3169 4354 3387 4431 τεχθεὶς
3419 4353 3480 4411 ἐκ
3512 4361 3615 4425 τῆς
3647 4354 3804 4430 ἁγίας

375 4449 685 4507 Dominus.
709 4452 878 4504 Hunc
897 4448 1198 4504 Christum
1221 4452 1279 4502 et
1303 4445 1642 4508 Dominum.
1665 4446 1871 4501 beatus
1897 4444 2002 4500 Pan

2179 4440 2444 4516 [αρθὲνου.
2476 4442 2536 4503 ’ὀς
2569 4439 2678 4495 ἐστι
2726 4442 2957 4516 Χριστὸς
3012 4443 3233 4517 Κύριος.
3263 4446 3472 4501 Τοῦτον
3528 4444 3620 4499 τὸν
3669 4449 3806 4519 Χρι-

374 4538 469 4595 lus
500 4553 784 4611 magnum
838 4542 1017 4593 Deum
1069 4540 1238 4592 vocat
1284 4536 1486 4592 dicens
1519 4552 1586 4591 τι(
1620 4533 1817 4606 Magni
1848 4533 1951 4589 Dei
1980 4550 2001 4588 ε

2178 4529 2271 4584 τὸν
2305 4529 2394 4585 καὶ
2426 4528 2622 4605 Κύριον
2673 4529 2935 4605 μακάριος
2967 4530 3186 4594 Παῦλος
3239 4534 3407 4609 μέγαν
3458 4531 3590 4590 Θεὸν
3645 4532 3805 4589 αὐτὸν

369 4627 692 4684 Salvatoris
752 4626 939 4682 nostri
986 4625 1127 4681 Jesu
1178 4624 1466 4680 Christi.»
1501 4624 1757 4680 Rursum
1817 4623 1879 4677 in
1930 4638 1996 4677 su

2179 4618 2402 4692 ,ηρύττει
2435 4615 2636 4693 λέγων’
2671 4642 2699 4670 ‹‹
2735 4622 2849 4677 Τοῦ
2907 4619 3154 4696 μεγάλου
3201 4627 3336 4679 Θεοῦ
3393 4621 3483 4677 καὶ
3543 4629 3806 4698 Σωτῆρος

372 4717 445 4774 ad
484 4717 783 4773 Romanos
814 4713 1077 4787 Epistola
1108 4714 1191 4769 ita
1220 4714 1428 4769 scribit
1458 4731 1471 4770 :
1498 4736 1527 4764 ‹‹
1558 4712 1846 4785 Optabam
1877 4711 1999 4767 sui:

2177 4711 2310 4779 ιμῶν
2341 4708 2524 4776 Ἱησοῦ
2554 4712 2811 4785 Χριστοῦ.
2847 4732 2875 4761 ››
2907 4708 3077 4766 Πάλιν
3111 4709 3164 4765 ἐν
3222 4714 3291 4785 τῇ
3326 4711 3465 4786 πρὸς
3494 4709 3804 4784 Ῥωμαίους

371 4821 481 4878 ego
522 4804 652 4878 ipse
694 4803 1010 4860 anathema
1058 4818 1189 4859 esse
1242 4820 1275 4859 a
1322 4801 1555 4860 Christo
1606 4816 1711 4873 pro
1757 4800 1998 4855 fratribu

2184 4797 2308 4858 ὗτος
2368 4798 2583 4874 γράφει·
2621 4822 2642 4849 ι
2696 4797 2970 4875 Ηύχόμην
3028 4800 3130 4876 γάρ
3188 4799 3377 4863 αὐτὸς
3410 4799 3517 4877 ἐγὼ
3565 4799 3808 4874 ἀνάθεμα

374 4894 548 4959 meis,
571 4895 671 4966 qui
705 4897 843 4950 sunt
874 4892 1105 4966 cognati
1138 4893 1251 4949 mei
1284 4891 1613 4949 secundum
1645 4904 1903 4955 carnem,
1935 4906 2001 4961 qu

2176 4884 2283 4940 ἶναι
2330 4885 2436 4942 ἀπὸ
2482 4891 2579 4942 τοῦ
2627 4892 2889 4961 Χριστοῦ,
2924 4888 3057 4965 ὑπὲρ
3104 4893 3212 4944 τῶν
3253 4886 3502 4967 ἀδελφῶν
3539 4910 3667 4962 μου,
3692 4894 3803 4944 τῶν

374 4988 515 5043 sunt
544 4982 842 5051 Israelita,
867 4998 1121 5056 quorum
1155 4981 1389 5055 adoptio
1409 4984 1499 5036 est
1528 4978 1806 5047 ﬁliorum,
1828 4983 1885 5033 et
1911 4977 2001 5051 glo

2182 4980 2419 5051 υγγετῶν
2457 4997 2563 5050 μου
2594 4977 2731 5032 κατᾶ
2774 4978 2964 5053 σάρκα,
2997 4975 3194 5041 θ’ίτινὲς
3256 4979 3386 5034 εἰσιν
3438 4976 3806 5054 Ἰσραηλῖται,

375 5074 461 5129 ria
493 5077 553 5129 et
581 5074 1002 5129 testamentum
1050 5073 1110 5125 et
1154 5068 1446 5140 legislatio
1494 5070 1553 5121 et
1599 5065 1949 5136 obsequium
1978 5080 2002 5121 e

2181 5087 2219 5119 ιν
2256 5065 2291 5134 η
2325 5064 2586 5138 υἱοθεσία,
2616 5066 2707 5121 καὶ
2736 5068 2771 5136 η
2808 5063 2960 5138 δόξα,
2988 5066 3077 5122 καὶ
3120 5068 3154 5137 ἠ
3207 5064 3464 5139 διαθήκη,
3492 5066 3582 5123 καὶ
3632 5068 3667 5138 ἡ
3713 5089 3808 5124 νο-

376 5161 672 5235 promissa
696 5176 710 5215 :
734 5174 987 5232 quorum
1008 5158 1212 5214 Patres
1241 5159 1301 5211 et
1331 5170 1400 5210 ex
1419 5152 1633 5226 quibus
1655 5155 1745 5207 est
1764 5151 1998 5207 Christu

2178 5153 2392 5226 ιοθεσία,
2437 5154 2528 5209 καὶ
2586 5155 2621 5222 ἡ
2668 5151 2913 5230 λατρεία,
2959 5154 3050 5210 καὶ
3110 5158 3166 5211 αἱ
3214 5155 3573 5235 ἐπαγγελίαι·
3621 5158 3698 5212 ὥν
3747 5159 3805 5212 οἱ

374 5252 700 5309 secundum
735 5264 997 5316 carnem,
1017 5246 1117 5319 qui
1168 5248 1258 5301 est
1297 5259 1476 5315 super
1503 5240 1703 5298 omnia
1731 5240 1885 5297 Deus
1907 5241 1970 5276 97-

2176 5242 2392 5319 πατέρες,
2428 5242 2520 5298 καὶ
2572 5241 2622 5315 ἐξ
2673 5242 2748 5297 ὧν
2801 5243 2830 5299 6
2879 5243 3112 5321 Χριστὸς
3158 5247 3221 5301 τὸ
3264 5247 3401 5302 κατά
3438 5247 3631 5323 σάρκα,
3667 5245 3696 5301 6
3728 5243 3803 5301 ὢν

371 5342 454 5397 Ac
483 5355 722 5397 rursum
772 5338 899 5411 ipse
950 5333 1164 5392 Paulus
1199 5352 1211 5390 :
1242 5355 1271 5384 «
1303 5331 1510 5389 Omnis
1560 5329 1898 5401 fornicator,
1929 5345 1998 5385 au

2180 5330 2231 5385 πί
2272 5332 2489 5386 πάντων
2522 5330 2673 5394 Θεός.
2709 5355 2738 5384 n
2773 5332 2877 5390 Καὶ
2907 5332 3073 5389 πάλιν
3108 5334 3138 5389 6
3166 5334 3324 5398 αὐτὸς
3354 5333 3595 5398 Παῦλος’
3633 5357 3655 5386 ι
3691 5340 3807 5397 Πᾶς

372 5447 611 5501 avarus,
643 5432 750 5485 aut
782 5427 1074 5493 ebriosus,
1106 5428 1209 5481 aut
1245 5422 1615 5489 immundus,
1647 5422 1752 5476 aut
1780 5417 1998 5476 idolola

2179 5417 2371 5495 τόρνος,
2403 5420 2494 5475 καὶ
2524 5418 2888 5494 πλεονέκτης,
2912 5425 3002 5479 καὶ
3048 5424 3297 5497 μέθυσος,
3328 5424 3419 5481 καὶ
3474 5423 3806 5499 ἀκάθαρτος,

444 5606 491 5642 ⁸⁸
518 5607 691 5663 Joan.
726 5622 762 5676 ι,
786 5604 882 5676 ί14.
959 5602 1007 5638 ⁸⁸
1035 5600 1249 5676 Matth.
1276 5616 1401 5676 xvi,
1429 5598 1637 5676 13-16;
1670 5597 1735 5676 _"
1768 5596 1942 5676 Mare.
1976 5612 2018 5667 I,
2050 5595 2071 5651 1

2179 5596 2224 5632 ⁸⁸
2254 5597 2464 5676 Matth:
2504 5613 2684 5667 xxvu,
2720 5599 2811 5676 5ft.
2887 5600 3195 5676 'th_\10._11,
3231 5604 3317 5672 10,
3353 5603 3438 5659 11.
3483 5603 3561 5676 ‘90
3588 5604 3801 5676 Cenes.

374 5696 493 5750 xxx,
525 5679 625 5750 24.
692 5667 937 5750 “:Deut.
968 5688 1047 5740 vr,
1077 5674 1150 5750 5._
1188 5673 1254 5750 _°’
1286 5672 1430 5728 ibid.
1463 5672 1517 5725 4.
1595 5670 1638 5705 ³⁵³
1668 5668 1824 5725 Psal.
1861 5684 2001 5724 Lxxx

2173 5708 2179 5723 .
2255 5670 2301 5706 9‘
2331 5670 2482 5729 Psal.
2531 5687 2704 5743 cxvn,
2748 5675 2839 5729 27.
2916 5672 2960 5710 ’⁸
2990 5673 3142 5731 Psal.
3177 5667 3445 5742 avxivm,
3476 5673 3530 5729 9.
3609 5674 3654 5709 ⁹⁶
3683 5674 3800 5730 Tit.

370 5769 436 5821 ιι,
471 5745 660 5807 11-13.
737 5748 779 5784 9"
812 5747 978 5816 Rom.
1011 5762 1091 5812 Ix,
1120 5745 1241 5801 3-5.
