4120 6392
317 455 434 514 969

1314 440 1648 503 HOMILIA
1696 441 1769 498 IN
1816 438 2354 500 NATIVITATEM
2400 443 2735 505 CHRISTI.

3613 452 3734 513 9'70

315 584 403 639 καὶ
436 580 874 655 εἰδωλολάτρης,
905 577 1004 632 οὒκ
1035 573 1149 652 ἔχει
1200 572 1570 649 κληρονομίαν
1625 571 1674 627 ἐν
1707 574 1775 645 τῇ
1814 571 1964 645 βασι-

2110 589 2193 642 ra,
2228 589 2341 628 non
2393 572 2565 630 habet
2615 577 3009 634 hareditatem
3063 580 3122 635 in
3173 597 3350 654 regno
3400 583 3637 639 Domini
3680 585 3740 639 et

317 672 437 745 λείᾳ
468 670 667 745 Κυρίου
697 669 786 724 καὶ
819 671 973 722 Θεοῦ.
1013 692 1034 716 ι

387 767 441 818 6.
474 764 635 815 "Quae
696 753 1070 813 ἀποδέδεικται
1119 754 1210 809 τὸν
1267 750 1462 827 Κύριον
1511 751 1600 805 καὶ
1654 751 1780 805 Θεὸν
1815 749 1972 817 εἶναι,

318 853 407 907 καὶ
455 851 582 908 Θεὸν
631 849 724 904 τὸν
781 846 1003 919 Κύριον.
1036 843 1105 898 Εἴ
1147 840 1203 897 δὲ
1233 841 1322 897 καὶ
1372 841 1576 896 τούτων
1607 840 1706 894 ούκ
1737 838 1971 914 ἀνάσχῃ,

320 939 548 997 πείσωσί
581 961 637 994 σε
669 939 720 992 οἱ
750 935 1003 1010 δαίμονες
1036 934 1086 988 οἳ
1119 933 1169 987 ἐν
1202 935 1271 1006 τῇ
1303 931 1464 1006 χώρᾳ
1491 935 1597 985 τῶν
1627 932 1974 1004 Γεργεσηνῶν

319 1030 631 1106 κράζοντες·
667 1053 692 1079 ‹‹
739 1029 862 1096 Ἔα,
915 1024 967 1079 τί
1026 1026 1160 1095 ἡμῖν
1219 1021 1310 1075 καὶ
1362 1020 1468 1092 σοὶ,
1517 1020 1607 1073 Υἱὲ
1647 1017 1742 1072 τοῦ
1791 1021 1970 1085 Θεοῦ;

319 1120 485 1189 ἦλθες
537 1117 644 1191 ῷδε
690 1117 794 1189 πρὸ
838 1118 1028 1186 καιροῦ
1087 1110 1366 1188 βασανίσαι
1417 1112 1588 1182 ἡμᾶς.
1647 1131 1674 1159 ››
1707 1106 1973 1170 Πειθέτω-

321 1211 412 1264 σάν
447 1230 503 1263 σε
535 1209 585 1262 oi
643 1204 918 1278 δαίμονες.
954 1201 1017 1257 Ei
1060 1203 1162 1270 τὴν
1212 1198 1509 1276 μαρτυρίαν
1565 1198 1771 1271 Πέτρου
1803 1216 1975 1271 παρα-

318 1301 521 1377 γράφη,
545 1295 634 1352 καὶ
669 1295 746 1357 εἷς
772 1294 872 1364 τὴν
903 1296 999 1346 τοῦ
1050 1287 1388 1365 Εὖαγγελίου
1421 1288 1603 1366 φωνὴν
1639 1286 1971 1362 ἀποστρέφπ

316 1372 601 1458 τῆν’κατά
660 1385 877 1460 Μάρκον
931 1379 1232 1450 αἰδέσθητι.
1281 1373 1570 1448 Φοϐήθητι
1619 1377 1711 1431 τὸν
1740 1372 1974 1450 ἄγγελον

320 1479 412 1533 τὸν
475 1473 748 1551 εἰρηκότα,
804 1477 1039 1545 Σωτῆρα
1095 1469 1183 1524 καὶ
1238 1467 1466 1541 Χριστὸν
1518 1465 1607 1520 καὶ
1657 1465 1853 1540 Κύριον
1886 1464 1979 1518 τὸν

323 1569 580 1642 τεχθέντα
633 1563 692 1617 ἐκ
745 1568 844 1630 τῆς
907 1560 1201 1636 Παρθένου.
1256 1557 1379 1614 Ἐπὶ
1418 1555 1633 1617 τούτοις
1686 1555 1976 1624 ἀπιστεῖς;

322 1657 641 1714 Χαλίνωσον
670 1653 767 1721 την
797 1651 975 1726 ὁρμὴν
1006 1655 1104 1718 τῆς
1143 1645 1500 1724 βλασφημίας
1552 1666 1667 1715 σου,
1699 1643 1788 1698 καὶ
1838 1644 1979 1717 ὁμο-

325 1741 560 1820 λόγησον
592 1742 690 1810 τὴν
727 1745 825 1795 τοῦ
874 1737 1110 1815 ἀγγέλου
1161 1737 1346 1815 φωνὴν
1393 1736 1492 1804 τήν
1537 1734 1588 1790 ἐν
1639 1738 1719 1805 τῷ
1752 1733 1983 1808 Εὐαγγε,

323 1834 430 1908 λιῳ
485 1831 815 1906 λεχθεῖσαν,
877 1826 1261 1902 Έμμανουὴλ,
1318 1825 1566 1880 τουτέστι
1626 1823 1762 1880 Μεθ’
1819 1825 1978 1894 ἡμῶν

323 1924 350 1977 ὁ
384 1921 534 1983 Θεός.
585 1920 698 1995 [Ιρὸ
752 1921 848 1987 τῆς
906 1915 1237 1989 συλλήψεως
1298 1912 1426 1975 Θεὸς
1482 1911 1752 1968 καλεῖται·
1785 1910 1874 1964 καὶ
1927 1908 1977 1964 ἐν

323 2016 399 2084 τῷ
428 2007 816 2087 συλληφθῆναι
865 2005 1023 2060 αὐτὸν
1066 2003 1432 2075 οἰκονομικῶς
1466 2001 1528 2056 οὐ
1575 2001 1710 2056 κατά
1741 1999 1896 2077 φύσιν
1927 1997 1978 2053 ἐν

325 2103 390 2174 τῇ
419 2099 608 2175 γαστρὶ
658 2099 758 2167 τῆς
811 2095 1081 2171 Παρθένου
1131 2094 1267 2168 ἀρνῇ
1317 2091 1476 2146 αὐτὸν
1527 2091 1656 2146 Θεὸν
1701 2089 1834 2144 εἶναι
1869 2107 1882 2157 ;
1915 2087 1980 2145 Εἰ

329 2187 385 2244 δὲ
410 2187 695 2263 ὁμολογῇς
728 2185 886 2240 αὐτὸν
938 2183 1064 2238 Θεὸν
1121 2183 1252 2236 εἶναι
1284 2179 1334 2235 ἐν
1368 2184 1435 2254 τῇ
1465 2179 1655 2256 γαστρῖ
1704 2185 1804 2248 τῆς
1837 2180 1982 2252 ΙΙαρο

327 2280 500 2349 θένου,
553 2276 685 2352 ὅπερ
734 2274 822 2329 καὶ
885 2272 1044 2341 ἔστιν,
1088 2271 1177 2326 καὶ
1229 2273 1468 2340 ἡνῶσθαι
1512 2269 1670 2323 αὐτὸν
1728 2269 1818 2322 τὸν
1853 2267 1979 2322 Θεὸν

335 2369 507 2445 Λόγον
561 2371 630 2441 τῇ
687 2365 930 2441 ἐνσάρκῳ
990 2361 1295 2433 οἰκονομίᾳ,
1352 2359 1404 2414 τί
1464 2359 1679 2438 φεύγεις
1721 2353 1979 2412 Θεοτὸκον

334 2444 513 2533 λέγειν
571 2458 669 2526 τὴν
732 2455 1004 2531 Παρθένον
1038 2471 1050 2520 ;
1084 2451 1149 2505 Εἴ
1214 2449 1473 2510 Θεοτόκος
1532 2447 1631 2503 ούκ
1678 2444 1808 2519 ἔστι,
1861 2444 1984 2501 οὐδὲ

339 2548 606 2623 Παρθένος
664 2545 796 2618 μετά
839 2542 1016 2599 τόκον.
1051 2540 1194 2615 Ἐγὼ
1236 2536 1292 2593 δὲ
1324 2537 1492 2612 λέγω,
1527 2536 1577 2592 ἐν
1611 2541 1679 2610 τῇ
1712 2535 1983 2609 συλλήψει

336 2643 438 2703 τῆς
471 2636 794 2708 παρθενικῆς
845 2633 1052 2704 μήτρας
1084 2627 1180 2701 ὢν,
1215 2627 1265 2682 ἐν
1316 2633 1433 2689 τοῖς
1461 2631 1558 2681 τοῦ
1603 2625 1815 2699 [Ιατρὸς
1846 2623 1984 2679 κόλ-

334 2747 462 2787 ποις
521 2722 748 2793 ἐκάθητο
811 2722 887 2792 μή
948 2714 1441 2796 περιγραφὸμενος.
1499 2713 1680 2784 Ἀπλῆ
1734 2715 1834 2790 γὰρ
1895 2713 1985 2768 καὶ

331 2813 618 2874 ἀσύνθετος
716 2809 871 2889 φύσις
989 2807 1101 2862 θεία
1158 2807 1232 2881 μὴ
1284 2803 1759 2882 περιγραφομένη.
1794 2806 1984 2878 "A195-

330 2924 466 2964 πτος
495 2904 530 2972 ἡ
564 2900 743 2979 φύσις,
775 2899 866 2954 καὶ
920 2896 1300 2958 ἀναλλοίωτος
1349 2898 1383 2964 ἡ
1436 2894 1611 2949 οὐσία.
1645 2893 1742 2948 Καὶ
1794 2897 1984 2947 τοῦτον

329 2994 420 3048 τὸν
456 2990 507 3045 ἐν
534 2978 652 3052 τοῖς
712 2987 944 3050 κόλποις
1002 2991 1098 3041 τοῦ
1159 2985 1373 3062 ΙῙατρὸς
1403 2981 1550 3052 ὄντα,
1590 2987 1781 3038 τοῦτον
1844 2978 1989 3037 ἔτεκε

330 3087 423 3136 νῦν
456 3084 525 3155 τῇ
558 3079 846 3152 οἰκονομίᾳ
874 3081 908 3147 ἡ
945 3079 1238 3153 Ιιαρθένυς.
1272 3076 1360 3137 Ὠς
1406 3072 1672 3144 ἠθέλησεν
1718 3071 1985 3141 εἰσῆλθεν·

336 3171 410 3233 ὡς
443 3167 739 3241 ηὐδόκησε,
774 3167 1087 3243 συνελήφθη
1123 3165 1174 3219 ἐν
1207 3168 1274 3238 τῇ
1306 3164 1495 3240 γαστρὶ
1541 3171 1639 3232 τῆς
1689 3160 1986 3238 Παρθένου·

337 3261 414 3322 ὡς
445 3253 748 3330 ἐϐουλήθη,
777 3255 1026 3332 προῆλθε
1045 3253 1365 3330 τεχθείς.Σὺ
1395 3253 1446 3308 τί
1478 3252 1988 3330 περιερ-ίάζῃαύτοῦ

2013 1962 2059 2026 Β

2084 661 2188 716 Dei
2220 662 2283 716 εδ.
2323 684 2342 712 ι

2155 752 2311 808 354
2367 752 2422 807 6,
2483 753 2959 811 Demonstraturn
3011 758 3209 831 itaque
3250 765 3338 816 est
3395 761 3734 830 Dominum,

2084 840 2305 907 Deum;
2336 845 2392 896 et
2429 847 2630 912 Deum,
2663 845 2977 901 Dominum
3011 865 3158 904 esse.
3189 849 3350 912 Quod
3383 850 3431 906 si
3467 851 3588 907 haec
3621 868 3735 907 non

2085 930 2370 996 admittis,
2395 931 2450 986 id
2474 933 2578 986 tibi
2608 933 2694 988 vel
2721 936 3013 992 (Immones
3042 939 3396 1009 persuadent
3423 939 3479 994 in
3504 941 3740 1012 regione

2085 1019 2546 1088 Gergesenorum
2574 1023 2924 1080 clamantes:
2960 1047 2986 1076 ‹‹
3009 1026 3315 1100 Sine,quid
3343 1029 3450 1084 tibi
3471 1033 3528 1086 et
3550 1029 3739 1101 nobis,

2089 1109 2192 1163 Fili
2215 1108 2362 1164 Dei?
2395 1111 2507 1167 huc
2529 1113 2740 1168 venisti
2765 1120 2897 1170 ante
2933 1121 3166 1188 tempus
3197 1124 3464 1190 torquere
3486 1137 3592 1174 nos
3620 1121 3682 1175 9°.
3715 1140 3742 1169 »

2087 1198 2146 1252 Id
2171 1198 2871 1272 tibi,inquam,dcemones
2900 1208 3375 1276 persuadeant.Si
3403 1207 3554 1263 Petri
3575 1207 3748 1263 testi-

2088 1286 2352 1343 monium
2379 1307 2636 1357 recusas,
2660 1297 2716 1346 et
2743 1293 3034 1366 Evangelii
3063 1312 3263 1351 vocem
3294 1301 3526 1369 respuis
3551 1315 3564 1365 ;
3586 1297 3747 1353 illam

2091 1376 2266 1431 Marci
2309 1394 2507 1434 vocem
2555 1397 2871 1438 revereare.
2920 1383 3209 1456 Angelum
3257 1402 3473 1453 verere,
3509 1387 3610 1458 qui
3643 1386 3746 1455 ait,

2089 1464 2471 1532 Salvatorem,
2503 1469 2804 1526 Christum
2840 1476 2896 1527 et
2935 1474 3250 1529 Dominum
3283 1490 3413 1531 esse
3446 1475 3612 1531 illum
3647 1475 3751 1547 qui

2091 1557 2266 1609 natus
2297 1572 2364 1610 ex
2394 1556 2631 1628 Virgine
2660 1562 2768 1615 est.
2797 1562 2882 1614 An
2915 1560 3076 1617 hisce
3098 1579 3209 1618 non
3245 1564 3435 1619 credis
3455 1563 3753 1620 ?Refrena

2091 1642 2375 1714 impetum
2396 1645 2772 1719 blasphemiae
2792 1653 2986 1718 tua3,et
3006 1653 3282 1708 conﬁtere
3305 1652 3499 1725 angeli
3523 1670 3747 1722 vocem,

2093 1749 2219 1803 quae
2253 1733 2312 1787 in
2347 1734 2652 1808 Evangelio
2701 1737 2936 1794 dicitur.
2991 1741 3358 1812 Emmanuel,
3393 1743 3451 1798 id
3505 1746 3615 1810 est,
3647 1759 3748 1800 no-

2095 1822 2297 1878 biscum
2325 1825 2488 1880 Deus.
2524 1831 2673 1881 Ante
2705 1832 3146 1901 conceptionem
3177 1831 3332 1888 Deus
3360 1836 3601 1889 vocatur
3647 1850 3660 1888 :
3694 1837 3754 1890 et

2093 1912 2234 1967 dum
2282 1913 2610 1986 concipitur
2659 1934 2762 1988 per
2808 1921 3216 1988 mconomiam,
3265 1938 3371 1977 nec
3420 1923 3749 1979 secundum

2096 2007 2387 2072 naturam,
2413 2003 2472 2058 in
2507 2010 2667 2061 utero
2691 2006 3158 2082 Virginis,negas
3180 2011 3366 2066 Deum
3399 2011 3566 2067 illum
3592 2010 3750 2068 esse?

2093 2092 2254 2156 Quod
2287 2092 2336 2146 si
2370 2093 2680 2150 conﬁteare
2709 2095 2905 2167 ipsum
2953 2115 3080 2154 esse
3115 2105 3297 2156 Deum
3332 2100 3392 2156 in
3426 2105 3591 2158 utero
3617 2101 3746 2157 Vir-

2093 2179 2267 2251 ginis,
2301 2182 2455 2252 quod
2499 2183 2674 2238 etiam
2728 2185 2812 2240 sic
2865 2203 2926 2242 se
2975 2189 3180 2256 habet;
3214 2193 3270 2245 et
3317 2189 3512 2261 ipsum
3559 2191 3746 2247 Deum

2092 2267 2349 2323 Verbum
2399 2269 2629 2326 unitum
2679 2272 2859 2328 fuisse
2889 2275 3048 2329 carni
3082 2293 3182 2348 per
3225 2276 3746 2350 dispensationem,

2094 2374 2199 2412 cur
2229 2357 2427 2413 renuis
2459 2359 2755 2431 Virginem
2785 2379 2990 2419 vocare
3028 2365 3327 2435 Deiparam
3350 2366 3377 2419 ?
3407 2367 3468 2421 Si
3499 2367 3750 2440 Deipara

2093 2463 2210 2501 non
2241 2452 2350 2516 est,
2386 2465 2573 2520 neque
2612 2451 2788 2523 Virgo
2838 2458 2968 2523 post
3015 2459 3269 2525 partum.
3313 2457 3379 2510 At
3431 2473 3536 2528 ego
3594 2456 3746 2526 dico,

2093 2538 2398 2601 eum,dum
2432 2544 2762 2609 gestaretur
2795 2547 3167 2599 maternorno
3187 2545 3247 2599 in
3273 2546 3534 2613 utero,in
3562 2544 3748 2601 Patris

2092 2626 2224 2680 sinu
2255 2625 2836 2702 incircumscriptum
2873 2633 3387 2706 sedisse.Simplex
3418 2651 3674 2708 namque
3695 2637 3754 2691 et

2096 2716 2487 2788 incomposita
2531 2724 2621 2773 est
2651 2725 2862 2776 natura
2892 2721 3108 2792 divina,
3144 2739 3249 2778 nec
3282 2724 3751 2796 circumscripta.

2096 2805 2491 2862 Immutabilis
2525 2812 2735 2864 natura
2756 2815 2813 2865 et
2837 2810 3196 2868 invariabilis
3227 2813 3756 2871 substantia.Hunc

2097 2899 2294 2950 autem
2326 2895 2519 2967 ipsum
2554 2897 2650 2968 qui
2678 2897 2737 2952 in
2770 2898 2904 2953 sinu
2939 2899 3126 2955 Patris
3156 2903 3263 2965 est,
3290 2918 3446 2955 nunc
3479 2918 3583 2973 per
3603 2917 3754 2957 uaco-

2099 2985 2356 3039 nomiam
2396 2985 2564 3057 Virgo
2597 2987 2820 3058 genuit.
2858 2987 2931 3043 Ut
2962 2988 3166 3055 voluit,
3198 2989 3457 3044 introivit
3487 3007 3500 3056 ;
3548 2994 3612 3044 ut
3641 2988 3755 3044 sibi

2101 3072 2342 3144 placuit,
2377 3081 2693 3147 conceptus
2723 3082 2812 3130 est
2840 3076 2900 3131 in
2935 3082 3098 3132 utero
3140 3076 3414 3150 Virginis.
3448 3077 3522 3134 Ut
3551 3077 3759 3146 voluit,

2101 3167 2274 3217 natus
2301 3165 2602 3234 processit.
2629 3165 2777 3227 Quid
2801 3170 2862 3221 tu
2888 3167 3116 3222 curiose
3150 3167 3401 3238 inquiris
3432 3168 3559 3238 ejus
3591 3183 3760 3239 gene-

2100 3252 2388 3307 rationem
2408 3252 2435 3307 ‘?
2455 3257 2561 3308 Aut
2587 3260 2648 3309 ut
2665 3255 2850 3310 Deum
2870 3258 3011 3311 time
3040 3274 3052 3310 :
3073 3262 3175 3312 aut
3200 3262 3263 3312 ut
3283 3257 3492 3313 herum
3523 3273 3755 3313 verere:

334 3351 436 3418 τήν
469 3350 710 3425 γέννησιν
749 3369 762 3418 ;
793 3352 859 3401 ΊΙ
892 3346 965 3408 ὡς
1016 3346 1142 3400 Θεὸν
1196 3338 1469 3422 φοϐήθητι
1506 3388 1519 3412 ,
1552 3343 1587 3412 ἢ
1622 3343 1694 3404 ὡς
1729 3340 1991 3410 δεσπότην

2108 3345 2209 3397 aut
2239 3345 2566 3396 Creatorem
2607 3347 2665 3398 et
2715 3344 2978 3416 Opiﬁcem
3015 3343 3136 3401 cole
3170 3362 3182 3399 :
3218 3353 3318 3401 aut
3349 3350 3415 3401 ut
3443 3346 3761 3401 Dominum

338 3437 638 3508 αἰδέσθητι,
667 3437 702 3506 ἢ
732 3438 804 3499 ὡς
838 3436 1058 3504 κτιστὴν
1118 3435 1208 3490 καὶ
1254 3431 1593 3509 δημιουργὸν
1635 3426 1993 3501 εὖλαϐήθητι,

339 3529 375 3598 ἣ
405 3528 478 3590 ὡς
507 3526 703 3604 Κύριον
764 3525 1065 3600 τρόμησον,
1167 3524 1242 3587 ὡς
1296 3524 1486 3598 κριτὴν
1545 3521 1748 3600 φρίξον.
1785 3521 1994 3597 Ἐντρέ-

338 3616 502 3692 ψουσί
533 3638 591 3672 σε
621 3617 672 3671 οἱ
733 3613 987 3688 δαίμονες
1048 3614 1099 3669 οἱ
1150 3613 1278 3676 τοὺς
1337 3611 1562 3688 χοίρους
1608 3610 1992 3681 ἀπελάσαντες,

337 3707 432 3762 καὶ
487 3707 586 3776 τήν
648 3704 849 3782 ἀγέλην
907 3709 986 3776 τῷ
1061 3702 1235 3780 βυθίῳ
1296 3703 1507 3774 θανάτῳ
1561 3699 1946 3770 ἀποπνίξαντες
1983 3742 1994 3755 .

337 3800 569 3852 Ἐκεῖνοι
600 3794 904 3869 ἐπιγνόντες
953 3794 1044 3848 τὸν
1095 3791 1358 3862 δεσπότην
1412 3790 1655 3866 λέγουσι·
1690 3815 1717 3842 ‹‹
1750 3789 1811 3843 Τί
1860 3793 1996 3862 ἡμῖν

337 3886 431 3942 καὶ
465 3885 549 3940 σοὶ
584 3928 598 3952 ,
631 3886 722 3938 Υἱὲ
753 3887 849 3937 τοῦ
899 3887 1034 3938 Θεοῦ
1069 3902 1082 3951 ;
1114 3883 1283 3951 ἦλθες
1334 3881 1440 3956 πρὸ
1470 3884 1663 3953 καιροῦ
1717 3877 2000 3952 βασανίσαι

342 3974 514 4048 ἡμᾶς,
549 3997 578 4027 »
631 3975 858 4028 Ἐκεῖνοι
902 3971 995 4026 τὸν
1045 3967 1295 4026 κίνδυνον
1343 3970 1432 4024 καὶ
1480 3970 1578 4036 τήν
1629 3966 1861 4036 ἀπειλὴν
1902 3973 2000 4036 τῆς

349 4063 582 4142 βασάνου
637 4061 914 4140 φεύγουσι,
973 4061 1061 4115 καὶ
1122 4059 1184 4114 σὺ
1243 4061 1359 4123 καθ’
1415 4059 1606 4113 ἑαυτοῦ
1666 4057 1764 4126 τὴ]
1823 4054 1998 4132 κρίσιν

343 4161 450 4223 τῆς
488 4152 721 4228 βασάνου
753 4150 954 4228 ἐφέλκῃ
989 4193 1001 4206 .
1034 4150 1256 4205 Ἐκεῖννι
1284 4146 1516 4223 ἔγνωσαν
1576 4147 1667 4201 τὸν
1703 4144 1762 4200 ἐκ
1794 4143 2001 4220 Μαρίας

345 4241 614 4318 τεχθέντα
644 4240 837 4311 Κύριον
903 4239 991 4293 καί
1050 4238 1241 4312 κριτὴν
1271 4242 1368 4292 τοῦ
1399 4235 1600 4297 παντὸς
1631 4234 1839 4306 κόσμου
1875 4278 1888 4302 ,
1914 4231 2002 4286 καὶ

349 4330 558 4394 ἰδόντες
612 4329 771 4384 αὐτὸν
825 4329 930 4404 πρὸ
978 4335 1076 4397 τῆς
1133 4327 1358 4402 κρίσεως
1419 4325 1744 4400 ἐτρόμησαν·
1795 4322 1884 4377 καὶ
1942 4320 2006 4376 σὺ

346 4421 552 4490 ταύτην
583 4419 681 4488 τήν
714 4417 888 4492 κρίσιν
920 4418 1026 4490 πρὸ
1078 4415 1377 4494 ὀφθαλμῶν
1425 4411 1568 4490 ἔχων
1601 4417 1954 4491 καταφρονεῖς
1990 4458 2005 4484 ,

349 4511 442 4568 καὶ
476 4509 574 4566 οὐκ
604 4507 882 4580 ἐκπλήττῃ
919 4527 932 4575 ;
968 4507 1070 4564 Καὶ
1101 4505 1264 4560 πάλιν
1308 4509 1474 4560 ταῦτα
1507 4503 1673 4580 λέγω,
1715 4502 1803 4557 καὶ
1835 4501 2006 4578 λέγων

352 4599 416 4655 οὗ
447 4601 752 4673 παύσομαι,
785 4597 1021 4672 καθαράν
1083 4593 1442 4651 ἐκλευκαίνων
1502 4595 1628 4666 ὑμῖν
1683 4598 1778 4648 τοῦ
1838 4591 2008 4666 λόγου

2105 3429 2352 3486 formida
2387 3449 2398 3487 :
2433 3437 2534 3486 aut
2568 3433 2915 3504 utjudicem
2940 3434 3129 3490 horre.
3165 3435 3390 3491 Pudore
3421 3441 3475 3492 te
3506 3434 3764 3492 afﬁciant

2106 3520 2402 3576 daemones
2430 3521 2530 3593 qui
2565 3539 2773 3593 porcos
2807 3523 3177 3596 pepulerunt,
3217 3529 3275 3580 et
3307 3530 3494 3580 totum
3526 3541 3762 3598 gregem

2107 3611 2462 3682 praecipitem
2496 3617 2690 3667 actum
2740 3615 3120 3669 suti‘ocarunt.
3157 3614 3245 3669 Illi
3277 3632 3410 3669 cum
3445 3615 3762 3670 Dominum

2110 3705 2352 3755 nossent
2382 3701 2547 3756 aiunt
2583 3719 2595 3756 :
2633 3723 2661 3750 «
2693 3704 2841 3768 Quid
2876 3703 3044 3758 nobis
3075 3708 3132 3758 et
3163 3704 3289 3772 tibi,
3326 3703 3454 3760 Filii
3487 3701 3630 3760 Dei?
3669 3718 3767 3776 ve..-

2109 3789 2247 3844 nisti
2271 3795 2404 3845 ante
2425 3796 2657 3862 tempus
2677 3798 2948 3863 torquere
2973 3810 3134 3848 nos.»
3156 3793 3245 3848 Illi
3265 3792 3591 3865 periculum
3606 3809 3766 3848 com-

2113 3879 2614 3950 minationemque
2637 3881 2913 3952 supplicii
2946 3882 3278 3954 refugiunt;
3312 3887 3370 3937 et
3389 3887 3451 3938 tu
3476 3883 3585 3938 tibi
3605 3881 3768 3954 judi-

2113 3967 2266 4022 cium
2301 3967 2576 4039 supplicii
2599 3969 2967 4024 attrahis.llli
3003 3975 3219 4025 norunt
3254 3971 3565 4026 Dominum
3594 3976 3651 4027 et
3675 3972 3771 4026 iu-

2113 4057 2300 4111 dicem
2335 4055 2542 4110 mundi
2573 4057 2775 4124 totius,
2801 4075 2868 4112 ex
2899 4059 3082 4114 Maria
3113 4060 3402 4132 genitum,
3435 4076 3609 4133 quem
3631 4076 3768 4116 cum

2113 4145 2198 4200 vel
2233 4150 2364 4199 ante
2389 4145 2682 4216 judicium
2716 4147 3000 4218 viderent,
3025 4156 3467 4204 contremuere:
3498 4155 3555 4204 et
3584 4153 3646 4204 tu
3665 4149 3770 4220 qui

2115 4234 2224 4289 hoc
2255 4252 2370 4304 prae
2403 4235 2589 4290 oculis
2614 4234 2905 4304 judicium
2933 4237 3131 4306 habes,
3153 4237 3299 4292 nihil
3330 4256 3503 4293 curas
3520 4255 3626 4294 nec
3647 4254 3771 4294 me-

2117 4324 2274 4379 tuis?
2293 4324 2548 4378 Rursum
2578 4323 2699 4378 haec
2723 4325 2911 4379 dicam
2937 4341 3041 4379 nec
3065 4325 3241 4381 ﬁnem
3273 4326 3506 4382 dicendi
3537 4327 3769 4398 faciam,

2121 4420 2184 4467 ut
2212 4412 2381 4483 plane
2413 4413 2579 4468 vobis
2611 4413 2748 4468 dicti
2781 4412 2941 4467 illius
2973 4419 3379 4484 argumentum
3425 4416 3684 4487 aperiam
3716 4421 3776 4473 et

2119 4502 2439 4567 declarem;
2465 4507 2528 4556 ut
2559 4519 2626 4557 ex
2658 4507 2816 4557 certa
2839 4502 3170 4575 cognitione
3203 4505 3433 4559 ﬁrmam
3463 4510 3638 4577 atque
3660 4511 3775 4562 sta-

2120 4591 2296 4646 bilem
2330 4591 2500 4646 ﬁdem
2529 4591 2872 4663 habeamus,
2903 4597 2960 4648 et
2989 4593 3123 4648 ﬁdei
3157 4594 3608 4651 fundamentum
3650 4612 3774 4652 cer-

348 4690 451 4760 τήν
487 4683 759 4752 ὑπόθεσιν·
811 4685 951 4740 ὥστε
1005 4684 1056 4739 ἐν
1112 4685 1305 4761 γνώσει
1364 4682 1656 4760 ἀσφαλείας
1716 4682 1991 4737 ἀσάλευτο·

2120 4685 2241 4735 tam
2273 4679 2496 4736 scilicet
2525 4682 2952 4738 confessionem
2987 4683 3366 4740 retineamus.

349 4773 500 4855 ἔχειν
533 4779 632 4846 τὴν
683 4775 862 4831 πίστιν
915 4774 1006 4829 καὶ
1054 4775 1153 4843 τήν
1210 4770 1456 4850 κρηπῖδα
1500 4780 1600 4842 τῆς
1650 4771 1884 4834 πίστεως
1913 4772 2012 4839 τὴν

354 4865 658 4943 ὁμολογίαν
696 4860 915 4942 βεϐαίαν
952 4863 1225 4939 κατέχειν.

427 4959 484 5013 7.
518 4955 690 5010 Πάλιν
724 4954 810 5009 ἐπὶ
841 4953 903 5008 τὸ
944 4952 1294 5028 προκείμενον
1358 4947 1650 5027 βαδιοῦμεν
1682 4996 1696 5022 ,
1730 4947 1896 5024 δρθὴν
1925 4949 2013 5004 καὶ

357 5045 557 5115 ἀκλινῆ
587 5048 688 5114 τὴν
749 5041 873 5099 ὁδὸν
928 5049 1028 5112 τῆς
1079 5040 1312 5102 πίστεως
1371 5037 1793 5101 ἀναδεικνύντες.
1853 5039 2013 5111 Ἐμοὶ

363 5135 594 5212 μὲνγὰρ
643 5133 707 5189 τὸ
764 5131 938 5208 λέγειν
999 5130 1097 5186 οὐκ
1151 5130 1406 5206 ὀκνηρὸν,
1469 5130 1594 5202 ὑμῖν
1657 5127 1715 5183 δὲ
1754 5127 2012 5206 ἀσφαλές.

361 5225 540 5286 Οὗτος
571 5225 599 5277 ὁ
630 5223 758 5284 Θεὸς
793 5221 1011 5292 εἰσῆλθε
1041 5218 1130 5274 διὰ
1156 5224 1256 5285 τῆς
1288 5219 1456 5289 ἀκοῆς
1489 5222 1587 5288 τῆς
1633 5216 1907 5293 Παρθένου
1940 5215 2013 5278 ὠς

360 5311 654 5384 ἠθέλησεν,
685 5311 1030 5390 ὲκυοφορήθη
1069 5311 1148 5364 ὠσ
1180 5307 1475 5381 ηύὸόκησε,
1517 5307 1766 5382 προῆλθε
1803 5307 2017 5383 τεχθεὶς

361 5403 437 5467 ὡς
471 5398 788 5474 ἠϐουλήθη·
823 5398 1072 5470 εἰσῆλθεν
1102 5399 1393 5472 ἀσώματος
1425 5399 1498 5460 ὡς
1527 5395 1826 5469 ἠθέλησεν·
1863 5396 2016 5452 ἐκυο-

359 5495 580 5571 φορήθη
613 5492 641 5547 ὁ
673 5491 968 5568 ἀχώρητος
999 5489 1049 5546 ἐν
1082 5493 1386 5566 χωρητικῷ
1417 5485 1614 5556 σκεύει,
1643 5486 1695 5542 ἐν
1723 5490 1794 5561 τῇ
1839 5489 2020 5562 μήτρᾳ

356 5589 465 5654 τῆς
497 5580 772 5659 Παρθένου
830 5579 1218 5654 οἰκονομικῶς,
1277 5578 1353 5640 ὡς
1412 5575 1704 5649 ηὐδόκησε.
1765 5575 2020 5653 ΙΙροῆλθε

439 5793 484 5832 ⁸⁸
514 5792 724 5868 Ephes,
754 5807 812 5864 v,
845 5791 899 5846 5.
990 5788 1035 5824 θ’
1067 5789 1208 5844 Luc.
1239 5803 1317 5857 xv,
1349 5787 1441 5843 34.

691 5923 956 5985 ΡΑτιιοι..
1005 5919 1116 5982 Gn.
1166 5915 1444 5981 XXVIII.

2197 4953 2250 5006 7.
2284 4952 2370 5007 Ad
2402 4969 2523 5009 rem
2551 4952 2764 5009 iterum
2797 4955 3133 5026 redeamus,
3166 4959 3383 5012 rectam
3430 4958 3489 5011 et
3538 4955 3782 5013 minime

2129 5041 2409 5096 deflexam
2442 5041 2595 5097 viam
2629 5042 2764 5098 ﬁdei
2806 5045 3124 5100 ostensuri.
3157 5044 3287 5100 Haec
3317 5059 3410 5099 me
3443 5044 3635 5100 dicere
3665 5061 3782 5100 non

2131 5130 2307 5200 piget,
2356 5130 2640 5202 vobisque
2695 5135 2890 5188 tutum
2945 5139 3054 5189 est.
3116 5133 3218 5188 Hic
3277 5134 3428 5189 Deus
3477 5132 3784 5205 ingressus

2130 5225 2218 5274 est
2267 5236 2367 5290 per
2422 5221 2692 5276 auditum
2744 5221 3020 5294 Virginis,
3072 5227 3244 5295 prout
3273 5221 3488 5290 voluit;
3521 5227 3787 5295 gestatus

2133 5313 2296 5364 utero
2325 5313 2432 5376 est,
2469 5315 2532 5364 ut
2561 5309 2673 5365 sibi
2701 5309 2876 5366 libuit
2904 5329 2917 5366 :
2952 5316 3128 5368 natus
3158 5311 3393 5384 prodiit,
3428 5316 3492 5369 ut
3523 5312 3634 5368 sibi
3665 5312 3789 5386 pla-

2131 5398 2362 5455 cuitzin
2395 5397 2775 5471 incorporeus
2806 5400 3112 5473 ingressus
3142 5405 3250 5471 est,
3273 5406 3337 5459 ut
3356 5402 3540 5459 voluit
3565 5420 3577 5458 :
3603 5406 3790 5473 gesta-

2131 5492 2228 5544 tus
2259 5493 2348 5544 est
2378 5488 2479 5559 qui
2513 5487 2674 5544 nullo
2706 5491 2993 5545 contineri
3024 5495 3237 5563 potest,
3272 5491 3333 5548 in
3385 5510 3486 5550 vas
3517 5493 3619 5566 qui
3647 5508 3789 5550 con-

2131 5577 2318 5636 tinere
2347 5578 2626 5650 potest,in
2649 5577 2905 5651 Virginis
2930 5580 3101 5636 vulva
3127 5598 3231 5653 per
3261 5581 3786 5656 dispensationem,

3388 5919 3465 5980 3i
