4120 6396
401 398 513 456 971

1571 392 1635 449 s.
1683 387 2211 477 ΑτΗΑμΑειυε.
2239 419 2315 431 -
2348 389 2657 451 SPURIA.

3708 395 3828 458 972

400 532 465 584 ut
494 526 604 584 sibi
638 525 875 599 placuit.
910 523 1133 580 Prodiit
1157 526 1331 580 natus
1362 522 1517 578 Deus
1554 525 1609 577 et
1639 520 1833 591 homo,
1866 524 1930 574 ut
1959 536 2052 574 vo-

2168 517 2383 592 τεχθεὶς
2410 519 2539 577 Θεὸς
2571 520 2659 575 καὶ
2711 517 3018 599 ἅνθρωπος,
3051 523 3125 587 ὡς
3172 518 3475 597 ἐϐουλήθη.
3521 527 3766 603 Ἐγένετο
3797 528 3827 583 ὃ

398 616 528 672 luit.
568 617 777 672 Factus
809 618 899 671 est
927 614 1084 685 quod
1118 629 1233 669 non
1267 617 1409 682 erat,
1438 611 1662 668 habens
1693 608 2054 666 invariabilis

400 706 749 762 substantiae
778 704 934 775 quod
967 707 1109 758 erat.
1145 701 1299 757 Deus
1329 701 1485 757 enim
1523 703 1647 756 erat
1696 699 1968 766 Verbum,
2000 701 2059 753 et

399 795 653 852 Verbum
680 799 804 851 erat
835 793 990 866 apud
1022 791 1230 849 Deum.
1260 790 1507 847 Proinde
1536 787 1847 861 Apostolus
1878 787 2053 843 dicit:

401 905 430 934 «
464 883 624 940 Misit
651 882 806 939 Deus
841 879 1046 937 Filium
1082 896 1256 936 suum
1291 878 1511 934 factum
1554 892 1622 933 ex
1662 874 1905 931 muliere
1938 876 1983 929 ί.
2029 895 2056 923 ιν

401 974 565 1028 Hunc
596 970 810 1029 Filium
858 970 1019 1026 misit
1068 969 1244 1038 Deus,
1281 967 1497 1023 factum
1549 982 1615 1021 ex
1664 963 1932 1029 muliere,
1988 978 2059 1017 ex

399 1060 783 1117 immaculata
805 1063 1015 1116 natura
1030 1057 1160 1131 geni
1173 1062 1231 1113 tu
1244 1074 1294 1112 m
1307 1102 1319 1126 ,
1336 1072 1406 1112 ex
1425 1053 1701 1111 ineffabili
1726 1051 2061 1108 substantia

399 1151 830 1225 procedentem,
881 1150 980 1221 qui
1033 1165 1103 1204 ex
1158 1152 1403 1220 paterno
1434 1145 1566 1202 sinu
1603 1159 1714 1198 non
1750 1141 2057 1209 abscessit,

400 1240 503 1313 qui
533 1256 602 1297 ex
633 1240 790 1312 regio
834 1238 1041 1294 throno
1076 1254 1189 1292 non
1243 1240 1476 1291 amotus
1521 1237 1649 1302 est;
1692 1233 1792 1289 sed
1828 1231 2060 1305 proprie

398 1347 585 1387 unum
616 1345 753 1385 cum
783 1332 954 1384 Patre
977 1328 1253 1383 thronum
1287 1329 1555 1397 occupat,
1591 1340 1708 1379 una
1736 1322 1902 1379 sedet
1922 1336 2058 1376 cum

395 1418 536 1487 illo;
570 1435 683 1474 non
706 1416 912 1490 gratia,
946 1416 1045 1472 sed
1079 1414 1277 1470 divina
1317 1416 1548 1482 natura,
1571 1417 1630 1468 et
1662 1415 1905 1483 paterna
1926 1408 2060 1465 sub-

396 1507 636 1566 stantia.
671 1507 972 1574 Quomodo
1004 1520 1257 1574 namque
1308 1502 1529 1558 isthinc
1577 1506 1840 1557 semotus
1880 1503 2057 1569 esset,

398 1597 493 1654 die
525 1596 707 1665 mihi;
738 1612 872 1652 cum
902 1595 1026 1666 ipse
1052 1593 1208 1648 dicat
1241 1609 1252 1645 :
1291 1614 1318 1643 «
1350 1591 1468 1663 Ego
1498 1589 1557 1645 in
1593 1589 1783 1658 Patre,
1815 1592 1872 1643 et
1894 1587 2063 1644 Pater

396 1687 456 1743 in
490 1704 582 1743 me
602 1685 657 1741 ’P
682 1708 708 1735 ››
732 1685 799 1741 Et
824 1700 1062 1740 rursum
1089 1700 1102 1737 :
1129 1706 1156 1732 ‹‹
1182 1686 1355 1737 Pater
1382 1684 1574 1737 autem
1609 1679 1667 1734 in
1697 1695 1791 1735 me
1812 1693 2060 1734 manens

389 1777 515 1849 ipse
551 1776 684 1833 fecit
713 1776 999 1847 opera-“un
1028 1775 1231 1845 Ipsum
1264 1770 1569 1841 (dicimus)
1603 1772 1815 1825 natum
1842 1785 1910 1824 ex
1942 1771 2060 1824 Ma-

2176 605 2273 660 οὐκ
2302 606 2392 681 ἦν,
2425 604 2568 684 ἔχων
2620 608 2997 667 ἀναλλοιώτου
3046 612 3229 677 οὐσίας
3261 615 3290 670 ’ὀ
3319 615 3409 685 ἦν.
3446 615 3575 678 Θεὸς
3623 617 3727 692 γὰρ
3757 616 3825 693 ᾖν

2170 695 2197 750 6
2232 695 2427 772 Λόγος,
2459 698 2550 752 καὶ
2591 699 2619 753 6
2666 699 2845 775 Λόγος
2897 702 2962 773 ᾖν
3013 703 3149 776 πρὸς
3194 703 3285 758 τὸν
3336 703 3488 760 Θεόν·
3540 706 3719 761 καίτοι
3765 726 3829 781 γε

2162 788 2262 840 τοῦ
2311 786 2652 844 Ἀποστόλου
2698 787 2977 865 λεγοντος·
3015 816 3044 844 ‹‹
3079 791 3479 864 Ἐξαπέστειλεν
3513 796 3541 851 6
3573 795 3704 859 Θεὸς
3731 797 3824 852 τὸν

2164 875 2289 929 Υἱὸν
2349 875 2534 946 αὐτοῦ,
2594 877 2884 954 γενόμενον
2945 877 3006 935 ἐκ
3058 881 3333 958 γυναικός.
3399 906 3424 936 ιι
3476 887 3677 941 Τοῦτον
3735 885 3829 943 τὸν

2167 964 2291 1019 Υἱὸν
2326 963 2692 1036 ἐξαπέστειλεν
2726 968 2753 1022 6
2787 968 2918 1032 Θεὸς
2965 970 3257 1046 γενόμενον
3304 969 3365 1028 ix
3407 975 3684 1048 γυναικὸς,
3732 972 3828 1031 τὸν

2169 1052 2230 1108 ἐκ
2282 1060 2382 1123 τῆς
2440 1055 2714 1132 ἀχράντου
2773 1058 2983 1137 φύσεως
3039 1061 3360 1135 γεννηθέντα
3387 1108 3402 1132 ,
3460 1063 3552 1118 τὸν
3610 1061 3670 1119 ἐκ
3723 1072 3827 1135 τῆς

2170 1142 2443 1220 ἀφράστου
2502 1144 2686 1209 οὐσίας
2746 1146 3086 1224 προελθόντα
3119 1194 3134 1220 ,
3189 1151 3281 1206 τὸν
3359 1156 3469 1206 τῶν
3544 1159 3824 1226 πατρικῶν

2166 1230 2389 1288 κόλπων
2448 1233 2548 1290 οὐκ
2604 1234 3126 1312 ἀπαλλοτριωθὲντα
3157 1285 3173 1312 ,
3224 1240 3317 1295 τὸν
3374 1245 3473 1299 τοῦ
3536 1241 3827 1318 βασιλικοῦ

2170 1321 2364 1396 θρόνου
2416 1324 2493 1397 μὴ
2529 1324 2903 1401 χωρισθέντα,
2954 1325 3101 1383 ἀλλά
3150 1325 3306 1393 ῗδίως
3355 1335 3434 1404 τῷ
3477 1330 3649 1408 Πατρὶ
3700 1353 3827 1387 συν-

2169 1412 2489 1487 θρονεῦοντα
2537 1414 2626 1468 καὶ
2678 1415 3157 1490 συγκαθεζόμενον,
3212 1416 3311 1474 οὐκ
3354 1417 3406 1475 ἐν
3458 1422 3669 1497 χάριτι,
3699 1418 3827 1478 ἀλλ’

2169 1500 2221 1556 ἐν
2258 1503 2410 1577 θεῖκῇ
2460 1501 2612 1581 φύσει
2661 1503 2751 1558 καὶ
2799 1508 3035 1580 πατρικῇ
3089 1505 3261 1579 οὐσίᾳ.
3314 1513 3439 1571 Πῶς
3488 1511 3592 1587 γὰρ
3639 1511 3827 1587 κεχώ-

2169 1609 2365 1664 ρισται,
2414 1591 2614 1668 φράσον
2670 1613 2786 1666 μοι,
2831 1593 2996 1649 αὐτοῦ
3051 1593 3328 1671 λέγοντος,
3381 1622 3408 1649 ‹‹
3456 1597 3597 1675 Ἐγὼ
3648 1598 3700 1654 ἐν
3746 1604 3827 1673 τῷ

2171 1680 2364 1754 Πατρὶ,
2395 1679 2485 1735 καὶ
2514 1681 2542 1735 ὁ
2574 1682 2761 1757 Πατὴρ
2804 1681 2855 1736 ἐν
2890 1681 3035 1756 ἐμοί·
3068 1708 3098 1739 ››
3131 1686 3221 1739 καὶ
3264 1684 3448 1742 πάλιν·
3487 1711 3515 1740 ‹‹
3544 1688 3607 1745 Ὁ
3637 1690 3825 1766 Πατήρ

2174 1789 2277 1841 μου
2309 1769 2337 1823 ὁ
2366 1767 2417 1825 ἐν
2466 1767 2586 1844 ἐμοὶ
2640 1771 2833 1844 μένων,
2882 1771 3043 1837 αὐτὸς
3096 1775 3338 1831 ποιεῖτά
3378 1773 3509 1853 ἔργα
3541 1797 3557 1847 ;
3593 1800 3623 1829 »
3653 1778 3825 1836 Αὐτὸν

396 1865 486 1921 ria
514 1864 769 1938 Virgine.
805 1863 970 1919 Hunc
999 1867 1133 1918 ante
1164 1859 1605 1932 conceptionem
1638 1857 1886 1931 angelus
1919 1858 2052 1913 Em-

2168 1858 2258 1966 τὸν
2272 1858 2548 1966 κτιεῖίθὲντιιξ
2679 1866 2780 1966 τῆς
2813 1861 2964 1938 ἁγίας
3016 1863 3313 1940 Παρθένου,
3344 1869 3538 1921 τοῦτον
3586 1868 3694 1944 πρὸ
3723 1874 3828 1939 τῆς

398 1954 634 2010 manuel
663 1952 908 2019 vocavit,
938 1950 995 2007 id
1028 1955 1138 2022 est,
1166 1971 1194 2003 α
1222 1949 1538 2005 Nobiscum
1574 1949 1747 2015 Deus,
1781 1968 1807 1997 ››
1843 1948 1915 2002 de
1937 1963 2053 2019 quo

2165 1945 2495 2022 συλλήψεως
2528 1949 2557 2003 6
2587 1946 2824 2024 ἄγγελος
2870 1951 3228 2025 Ἐμμανουήλ
3262 1954 3523 2028 κέκΛηκε,
3553 1955 3828 2026 τουτέστι,

398 2043 632 2101 locutus
662 2046 750 2099 est
780 2041 963 2098 Isaias
982 2039 1271 2113 propheta
1300 2040 1346 2094 ⁴.
1386 2042 1575 2106 Hunc,
1606 2036 1873 2107 inquam,
1907 2053 2053 2109 pue-

398 2149 531 2190 rum
564 2132 665 2204 qui
691 2149 759 2187 ex
788 2129 1026 2202 Virgine
1059 2127 1362 2200 processit,
1393 2126 1579 2183 Deum
1613 2126 2054 2198 fortem,poten-

401 2227 536 2293 tem,
571 2221 894 2294 principem
937 2218 1119 2292 pacis,
1156 2222 1383 2290 patrem
1434 2216 1617 2272 futuri
1660 2215 1872 2272 seaculi.
1913 2214 2051 2280 Qui-

396 2329 533 2368 nam
564 2310 867 2383 puerulus,
901 2308 1231 2365 secundum
1285 2311 1555 2362 naturam
1605 2305 1864 2378 genitus,
1897 2305 2054 2361 Deus

395 2402 562 2458 fortis
579 2406 905 2473 potensque
932 2394 1082 2453 fuit?
1108 2396 1250 2461 Quis
1280 2413 1424 2468 puer
1454 2394 1792 2452 natu9355
1818 2393 2052 2449 stellam

396 2490 633 2547 attraxit
653 2506 780 2561 quae
799 2485 1195 2560 perquisitum
1215 2485 1501 2540 infantem
1524 2482 1910 2556 signiﬁcaret;
1934 2483 2053 2539 imo

401 2580 595 2653 potius
625 2582 943 2651 angustum
993 2573 1227 2630 Domini
1271 2572 1698 2629 diversorium?
1728 2572 1869 2639 Quis
1911 2588 2057 2645 puer

402 2686 607 2743 magos
636 2684 705 2725 ex
732 2667 965 2724 Oriente
1012 2664 1255 2732 vocavit,
1298 2674 1362 2718 ut
1409 2679 1471 2719 se
1527 2660 1880 2718 adorarent?
1912 2661 2053 2727 Quis

399 2776 545 2831 puer
573 2761 795 2814 natura:
828 2754 1160 2811 conditione
1183 2753 1417 2825 genitus
1447 2753 1601 2808 dona
1626 2769 1656 2807 a
1676 2751 1864 2823 magis
1891 2767 2056 2807 acce-

399 2848 522 2922 pitl
556 2846 834 2919 Donaque
864 2843 959 2901 illa
979 2842 1593 2909 consideremus,num
1618 2839 1798 2909 illi,ut
1818 2840 2055 2897 inﬁrmo

397 2936 625 2994 homini
656 2934 852 2992 oblata
909 2933 1069 3001 sint;
1101 2948 1296 2987 annon
1328 2929 1528 3001 potius
1561 2934 1628 2984 ut
1656 2928 1794 3000 Deo,
1836 2928 1954 3002 regi
1997 2934 2056 2985 et

396 3026 642 3084 homini.
674 3034 901 3080 Aurum
934 3026 998 3078 ut
1046 3020 1206 3094 regi;
1240 3019 1375 3075 thus
1409 3023 1473 3073 ut
1514 3018 1665 3087 Deo;
1720 3017 1958 3091 myrrha
1990 3022 2054 3075 ut

396 3116 620 3174 homini
676 3115 749 3171 ad
806 3110 1194 3184 sepulturam.
1248 3113 1466 3164 Aurum
1511 3105 1748 3178 quidem
1782 3110 1847 3162 ut
1877 3106 1996 3180 regi
2033 3124 2046 3163 ε

396 3231 423 3258 ‹‹
460 3208 632 3276 Deus,
656 3201 950 3276 judicium
983 3204 1153 3255 tuum
1185 3198 1303 3270 regi
1346 3197 1439 3260 da,
1472 3201 1527 3252 et
1560 3197 1849 3267 justitiam
1882 3202 2046 3252 tuam

2164 2061 2191 2089 «
2227 2037 2360 2095 Μεθ’
2393 2038 2553 2110 ἡμῶν
2584 2039 2612 2093 6
2644 2038 2797 2111 Θεὸς,
2833 2064 2854 2090 ο
2891 2041 2948 2095 ’ὸν
2982 2040 3127 2096 εἶπεν
3176 2040 3397 2105 Ἡσαΐας
3428 2045 3457 2099 6
3503 2053 3819 2123 προφήτης,

2160 2126 2222 2180 τὸ
2253 2124 2468 2182 παιδίον
2499 2131 2661 2183 τοῦτο
2691 2127 2751 2183 τὸ
2785 2128 2844 2184 ἐκ
2888 2132 2987 2200 τῆς
3046 2128 3322 2207 Παρθένου
3360 2133 3656 2211 προελθὸν,
3689 2137 3819 2191 Θεὸν

2165 2215 2416 2292 ἰσχυρὸν,
2458 2215 2827 2288 ἐξουσιαστήν,
2875 2216 3118 2296 ἄρχοντα
3175 2221 3418 2297 εἰρήνης,
3468 2223 3676 2301 πατέρα
3720 2222 3820 2281 τοῦ

2167 2304 2470 2379 μέλλοντος
2500 2306 2717 2370 αἰῶνος.
2767 2314 2931 2364 Ποῖον
2982 2306 3198 2366 παιδίον
3246 2313 3381 2367 κατὰ
3423 2313 3580 2391 φύσιν
3625 2314 3819 2391 τεχθὶν

2163 2394 2292 2458 Θεὸς
2325 2394 2575 2470 ἰσχυρὸς,
2610 2395 2954 2470 {immaturae
2985 2397 3197 2475 ἐγένετο
3227 2420 3240 2470 ;
3274 2406 3438 2457 Ποῖον
3485 2400 3704 2459 παιδίον
3731 2425 3821 2461 τι·

2163 2484 2292 2559 χθὶν
2326 2483 2522 2562 ἀστέρα
2564 2484 2779 2541 ε’ίλκυσε
2832 2487 3107 2562 μηνύοντα
3150 2489 3249 2545 τοῦ
3300 2493 3638 2566 ζητουμένου
3693 2494 3821 2570 βρι-

2163 2595 2317 2652 φους,
2356 2573 2570 2648 μᾶλλον
2603 2573 2659 2631 δὲ
2690 2576 2986 2647 Δεσπότου,
3015 2578 3079 2634 τὸ
3127 2580 3397 2635 στενωπὸν
3431 2583 3820 2659 καταγώγιον;

2166 2669 2333 2719 Ποῖον
2386 2661 2602 2721 παιὸἕον
2659 2666 2864 2742 μάγους
2920 2666 2970 2740 ἐξ
3029 2667 3305 2724 ἀνατολῶν
3380 2669 3823 2745 προσεκαλέσατο

2163 2761 2534 2829 προσκυνῆσαι
2559 2753 2747 2828 ebrii);
2784 2761 2945 2811 Ποῖον
2993 2753 3208 2812 παιδίον
3254 2759 3391 2814 κατᾶ
3438 2758 3595 2837 φύσιν
3627 2761 3822 2836 τεχθὲν

2165 2840 2314 2928 δῷρά
2360 2863 2495 2897 ποτε
2541 2841 2891 2920 προσηνέχθη
2936 2846 3081 2921 παρᾶ
3132 2847 3363 2922 μάγων;
3409 2847 3507 2903 Καὶ
3554 2849 3620 2905 τὰ
3669 2847 3822 2928 δῶρα

2163 2926 2414 3005 εἴδωμεν,
2446 2930 2491 2987 ei
2524 2932 2597 2994 ὡς
2626 2933 2838 2997 ἀσθενεῖ
2863 2935 3134 3010 ἀνθρώπῳ
3168 2943 3545 3013 προσηνέχθη,
3570 2941 3660 2994 καὶ
3683 2926 3815 3017 οὐχὶ

2161 3024 2299 3092 Θεῷ,
2335 3019 2550 3096 βασιλεῖ
2598 3020 2686 3076 καὶ
2735 3022 3027 3098 ἀνθρώπῳ·
3080 3026 3282 3100 χρυσὸν
3338 3026 3434 3099 μὲν
3468 3026 3542 3090 ὡς
3574 3025 3811 3103 βαοιλεῖ,

2160 3102 2383 3164 λίϐανον
2416 3107 2474 3164 δὲ
2503 3109 2576 3164 ὡς
2609 3114 2746 3182 Θεῷ,
2776 3111 2865 3165 καὶ
2898 3111 3137 3189 σμῦρναν
3171 3113 3246 3176 ὡς
3296 3102 3583 3190 ἂνθρώπῳῗ
3623 3116 3701 3180 εἷς
3733 3115 3817 3172 ἐν·

2162 3197 2486 3275 ταφιασμόν.
2520 3200 2727 3274 Χρυσὸν
2758 3200 2852 3272 μὲν
2888 3200 2961 3263 ὡς
2996 3200 3229 3275 βασιλεῖ’
3264 3228 3292 3256 α
3324 3205 3382 3259 Ὀ
3413 3204 3567 3278 Θεὸς,
3602 3206 3666 3261 τὸ
3706 3212 3823 3283 κρῖ-

392 3295 513 3352 ﬁlio
543 3269 699 3367 regis
728 3292 770 3347 ³.
805 3314 835 3342 ››
867 3289 986 3346 Ηοο
1016 3289 1239 3344 dictum
1263 3269 1521 3358 protulit
1551 3284 1748 3341 David.
1785 3285 2048 3342 Postbzec
2078 3282 2085 3323 ⁴

2167 3288 2242 3359 μά
2276 3307 2371 3341 σου
2397 3290 2477 3359 τῷ
2529 3284 2745 3362 βασιλεῖ
2791 3286 2901 3359 δὸς,
2933 3289 3025 3344 καὶ
3069 3290 3166 3359 τήν
3214 3288 3562 3367 δικαιοσύνην
3612 3269 3821 3369 σου

393 3383 639 3459 angelus
670 3396 801 3438 cum
835 3382 1120 3437 salutaret
1152 3375 1387 3432 Mariam
1422 3390 1435 3428 :
1463 3397 1490 3426 «
1525 3374 1591 3429 Et
1621 3375 1784 3430 dabit
1815 3373 1896 3429 illi
1932 3375 2046 3431 Do-

2158 3374 2260 3445 υἱῷ
2286 3377 2384 3429 τοῦ
2417 3373 2707 3449 βασιλέως.
2737 3398 2765 3428 n
2798 3375 3010 3447 Ταύτην
3036 3380 3135 3449 τὴν
3169 3381 3356 3459 φωνὴν
3383 3381 3529 3437 εἶπεν
3564 3383 3594 3437 6
3626 3378 3818 3443 Δαϐίδ.

393 3474 594 3531 minus
623 3472 778 3528 Deus
808 3468 1008 3525 sedem
1044 3465 1217 3521 David
1271 3463 1453 3537 patris
1486 3463 1636 3535 ejus,
1679 3468 1735 3519 et
1783 3464 2050 3536 regnabit

2165 3463 2305 3519 Μετὰ
2351 3467 2518 3518 ταῦτα
2570 3464 2598 3519 6
2649 3462 2880 3542 ἅγγελος
2926 3465 3004 3529 εἰς
3072 3468 3161 3523 τὸν
3214 3469 3499 3544 ἀσπασμὸν
3550 3479 3651 3543 τῆς
3700 3478 3820 3531 Μα-

393 3565 453 3620 in
484 3564 728 3620 domum
755 3557 939 3615 Jacob
970 3557 1029 3611 in
1060 3553 1297 3623 saecula,
1327 3557 1385 3610 et
1415 3553 1575 3627 regni
1609 3553 1737 3624 ejus
1781 3569 1895 3608 non
1936 3554 2048 3611 erit

2165 3552 2296 3638 ρῑας·
2336 3577 2357 3602 ι
2413 3552 2517 3609 Καὶ
2570 3548 2731 3608 δώσει
2779 3552 2926 3627 αὐτῷ
2977 3554 3179 3632 Κύριος
3223 3558 3251 3613 6
3302 3558 3435 3621 Θεὸς
3480 3560 3573 3615 τὸν
3624 3561 3819 3638 θρόνον

391 3653 529 3710 finis
549 3653 590 3708 °.
626 3672 655 3703 ι)
687 3649 801 3720 Ipsi
836 3645 1022 3721 gloria
1051 3648 1108 3701 et
1129 3642 1444 3715 imperium
1471 3644 1528 3699 in
1561 3640 1773 3699 secula
1804 3641 2044 3699 saeculo-

2165 3636 2326 3696 Δαϐὶδ
2354 3645 2452 3696 τοῦ
2473 3641 2676 3718 πατρὸς
2709 3641 2893 3714 αὐτοῦ,
2925 3643 3015 3700 καὶ
3058 3644 3370 3721 βασιλεύσει
3403 3647 3492 3704 ἐπὶ
3520 3650 3612 3705 τὸν
3660 3636 3816 3707 οἷκον

391 3758 546 3800 rum.
578 3748 784 3797 Amen.
2157 3724 2351 3787 Ἰακὼϐ
2382 3728 2459 3794 εἰς
2490 3728 2618 3794 τοὺς
2650 3731 2871 3804 αἶῶνας,
2901 3733 2993 3788 καὶ
3042 3737 3138 3805 τῆς
3195 3735 3471 3813 βασιλείας
3519 3736 3683 3793 αὐτοῦ
3714 3739 3816 3795 οὐκ

389 3825 536 3886 ἔσται
563 3825 741 3888 τέλος,
778 3849 805 3876 ››
836 3825 955 3877 ’Ότι
983 3818 1131 3895 αὐτῷ
1160 3822 1195 3890 ἡ
1225 3816 1349 3891 δόξα
1372 3817 1463 3874 καὶ
1490 3818 1554 3874 τὸ
1583 3817 1780 3896 κράτος
1812 3818 1887 3881 εἰς
1917 3817 2047 3883 τοὺς
2074 3819 2274 3883 αἰῶνας
2305 3823 2413 3875 τῶν
2439 3818 2672 3877 αἰώνων.
2706 3821 2909 3896 Ἀμήν.

1246 4156 1318 4211 ΙΝ
1367 4154 1725 4212 HOMILIAM
1775 4154 1866 4211 DE
1905 4154 2187 4212 CHRISTI
2226 4155 2550 4214 OCCURSU
2590 4155 2950 4214 MONITUM.

457 4330 607 4384 Hanc
662 4326 906 4397 primum
958 4321 1133 4378 edidit
1191 4320 1564 4390 Combeﬁsius,
1596 4319 1686 4374 vir
1740 4317 1805 4372 de
1832 4333 1893 4373 re
1922 4319 2216 4381 litterario,
2248 4318 2603 4389 potissimum
2630 4320 3000 4377 ecclesiastica
3053 4322 3183 4379 bene
3227 4327 3475 4395 meritus,
3510 4330 3608 4398 qui
3652 4330 3813 4387 illam

383 4417 688 4475 Athanasio
721 4428 964 4470 asserere
991 4427 1091 4484 pro
1119 4413 1279 4466 virili
1305 4414 1533 4464 conatus
1563 4412 1642 4463 est
1670 4406 1769 4478 (8).
1814 4407 1983 4477 thue
2019 4410 2344 4477 argumento
2393 4409 2643 4462 occurrat
2691 4407 2975 4481 desumpta
3019 4426 3092 4466 ea:
3147 4417 3479 4469 memoratis
3523 4432 3684 4475 num.
3745 4419 3818 4476 45

381 4507 635 4563 Nestorio
664 4519 735 4558 ac
765 4499 1029 4572 Eutyche.
1064 4500 1146 4552 ait
1174 4514 1365 4553 eorum
1397 4497 1631 4551 nomina
1660 4510 1694 4548 a
1725 4493 1956 4548 libraria
2009 4493 2245 4565 quodam
2287 4502 2415 4562 post
2463 4496 2709 4550 Nestorii
2736 4500 2790 4550 et
2820 4497 3085 4569 Eutychis
3129 4503 3345 4556 aetatem
3395 4502 3608 4560 inserta
3635 4510 3817 4579 fuisse

379 4596 696 4668 adjectaque
754 4590 1017 4656 Simonis,
1067 4589 1385 4653 Marcianis,
1430 4584 1663 4640 Sabellii
1710 4587 1762 4636 et
1791 4584 1913 4637 Arii
1941 4581 2265 4636 nominibus
2290 4600 2311 4634 .-
2339 4583 2479 4652 quod
2509 4584 2590 4637 ita
2616 4590 2830 4653 gestum
2858 4587 3037 4658 fuisse
3064 4588 3185 4644 ideo
3227 4600 3463 4661 pugnat,
3513 4595 3656 4664 quod
3696 4612 3813 4652 me-

376 4684 613 4740 moratis
643 4680 856 4736 ibidem
904 4678 1188 4749 praedictis
1219 4676 1512 4742 hareticis,
1547 4687 1739 4727 eorum
1766 4685 1902 4725 mox
1949 4685 2163 4725 errares
2194 4676 2490 4737 recenseat,
2521 4674 2590 4727 de
2617 4673 2856 4730 Nestorii
2882 4690 3007 4731 vero
3037 4682 3090 4731 et
3117 4679 3386 4751 Eutychis
3414 4682 3717 4740 hmresibus
3741 4701 3815 4743 ne

375 4773 606 4827 verbum
635 4767 853 4839 quidem
881 4767 1073 4836 faciat.
1111 4769 1313 4819 Verum
1340 4764 1599 4831 fatemur,
1627 4759 1784 4813 nobis
1835 4758 2002 4827 plane
2046 4773 2157 4813 non
2207 4760 2457 4835 tiquere,_
2488 4776 2606 4815 esse
2647 4761 2892 4818 Nestorii
2939 4770 2994 4820 et
3035 4767 3271 4839 Eutychi
3296 4771 3525 4825 nomina
3555 4772 3660 4830 hac
3689 4776 3810 4832 loco

374 4859 673 4931 adjmma
703 4874 722 4910 ..
752 4873 903 4921 nam,
936 4856 1313 4925 praeterquam
1343 4849 1482 4924 quod
1506 4855 1727 4903 exstant
1774 4848 1835 4901 in
1864 4847 2079 4904 duobus
2128 4847 2405 4904 radicibus
2450 4851 2638 4920 regiis,
2684 4851 2759 4907 ad
2788 4868 3019 4923 quarum
3054 4855 3223 4923 ﬁdem
3254 4859 3371 4913 haec
3398 4860 3631 4918 homitiu
3659 4865 3808 4921 edita

374 4951 524 5023 fuit;
554 4963 679 5004 cum
706 4948 944 5016 scriptor
971 4945 1076 4999 iste
1101 4946 1220 5014 post
1250 4940 1430 4995 allata
1456 4954 1557 4993 sea:
1588 4937 2096 4994 haresiarcharum
2134 4940 2365 4993 nomina
2410 4939 2617 4995 multas
2646 4942 2886 4998 haereses
2915 4949 3200 5016 memoret,
3230 4948 3400 5004 tacito
3416 4949 3805 5008 hereticorum

373 5040 617 5106 nomine,
647 5052 698 5091 υ.
731 5053 785 5104 ῃ.
843 5034 1186 5097 habitorum,
1218 5027 1758 5096 Apollinaristarum
1785 5025 2136 5096 aliarumque
2167 5042 2189 5086 ;
2229 5042 2362 5082 sane
2392 5029 2625 5083 innuere
2672 5029 2918 5094 videtur,
2948 5048 3295 5105 nequaquam
3339 5038 3452 5091 sibi
3487 5037 3545 5092 id
3572 5041 3807 5097 consilii

374 5130 563 5200 fuisse,
606 5130 669 5181 ut
712 5124 1022 5196 praemissis
1071 5119 1389 5175 nominibus
1436 5117 1689 5186 Simonis,
1729 5115 2047 5181 Marcionis,
2100 5114 2348 5180 Sabellii,
2398 5115 2540 5187 Arii,
2563 5117 2820 5188 Nestorii,
2874 5122 3167 5194 Eutychis,
3206 5125 3519 5181 earumdem
3551 5133 3803 5186 omnium

375 5217 610 5275 haereses
637 5212 831 5270 ordine
853 5219 1045 5283 postea
1075 5213 1426 5274 memoraret,
1459 5204 1551 5259 sed
1590 5203 1783 5259 allatis
1832 5210 2069 5274 quatuor
2110 5204 2361 5273 priorum
2387 5205 2693 5275 erroribus,
2725 5206 2966 5280 reliquas
3013 5211 3269 5285 deinceps
3299 5215 3536 5271 Itaereses
3578 5220 3644 5272 ut
3689 5234 3804 5277 sese

371 5307 661 5365 memoria?
687 5303 992 5374 oﬂerebant
1025 5296 1376 5355 recensuisse.
1433 5292 1585 5362 Quod
1629 5294 1820 5364 utique
1845 5291 2136 5365 prudentis
2182 5294 2401 5349 lectoris
2435 5292 2654 5365 judicio
2693 5298 3071 5368 permittatur.
3125 5301 3204 5356 Ad
3260 5301 3398 5370 hac,
3433 5304 3549 5360 alia
3576 5318 3802 5367 emant

445 5524 463 5558 ¹
498 5517 687 5578 Galat.
719 5533 797 5586 ιν,
822 5516 879 5573 5.
955 5513 978 5549 ³
1006 5511 1175 5569 Joan.
1206 5527 1323 5580 xxv,
1356 5510 1445 5566 10.
1523 5509 1545 5545 ³
1575 5507 1722 5565 ibid.
1799 5507 1823 5543 ⁴
1850 5505 1965 5564 Isa.
1998 5522 2078 5579 xx,

2165 5553 2166 5558 η
2241 5506 2263 5541 ⁵
2291 5505 2447 5566 Psal.
2484 5521 2641 5583 Lm,
2663 5511 2720 5568 2.
2795 5510 2819 5548 ⁸
2842 5511 2984 5575 Lua.
3018 5530 3059 5587 ι,
3088 5515 3179 5574 32.

445 5734 522 5813 (8)
554 5733 620 5793 In
647 5728 1006 5789 Bibliotheca
1023 5729 1135 5804 PP.
1164 5730 1311 5787 tom.
1342 5726 1389 5802 Ι,
1422 5743 1480 5803 p.
1514 5726 1638 5784 496.
