4120 6388
339 415 459 477 9'73
1420 413 1750 476 HOMUJA
1794 416 1868 473 ΙΝ
1920 413 2339 476 OCCUltSUM
2387 415 2690 476 DUMINI.
3643 417 3764 478 974

343 553 398 606 in
435 551 537 605 hac
561 549 820 616 homilia,
851 563 976 621 quae
1001 557 1130 618 post
1158 547 1394 603 Nestorii
1425 553 1648 603 aetatem
1675 549 2052 616 conscriptam
2081 547 2234 601 illam
2269 553 2550 619 arguant;
2582 553 2640 602 ut
2681 555 2757 604 est
2790 549 2930 604 illud
2953 565 3188 603 numero
3237 549 3268 601 4
3301 565 3314 603 :
3369 546 3465 600 Διὰ
3510 547 3572 601 τὸ
3620 565 3764 622 χρη-

347 637 563 710 ματίσαι
621 641 814 692 τοῦτον
881 636 1006 691 Θεὸν
1067 637 1156 689 καὶ
1215 636 1521 711 ἄνθρωπον,
1584 633 1705 706 μίαν
1760 631 1809 706 ἐξ
1860 633 2183 712 ἀμφοτέρων
2231 634 2546 708 ὑπόστασιν,
2598 635 2689 690 καὶ
2738 633 2826 690 διὰ
2881 642 3006 710 μιᾶς
3037 635 3239 706 ταύτης
3273 633 3437 712 ἄμφω
3470 639 3639 691 ταῦτα
3676 635 3768 690 καὶ

346 721 473 781 ὄντα
503 725 594 780 καὶ
626 726 1056 802 γνωριζόμενον.
1111 731 1176 781 Et
1223 727 1374 798 quod
1427 726 1504 780 sit
1555 742 1672 780 una
1719 730 1870 780 Deus
1921 731 2000 794 att

2131 726 2329 791 homo,
2383 744 2500 782 una
2540 745 2606 783 ex
2657 733 2901 797 utroque
2955 727 3310 799 hypostasis,
3353 744 3419 782 ac
3449 744 3552 800 per
3592 743 3771 782 unam

343 817 506 874 illam
541 818 948 890 (hypostasim)
986 822 1305 886 utrumque
1336 821 1427 871 est
1461 831 1527 870 ac
1579 814 1968 887 dignoscitur.
1999 819 2141 884 Qua)
2170 815 2295 869 licet
2327 831 2513 870 revera
2542 818 2616 870 sit
2643 815 2936 870 Athanasii
2958 819 3250 884 sententia,
3284 825 3341 871 at
3374 818 3468 870 vix
3493 832 3773 873 concesse-

347 909 453 962 rim
488 908 853 963 Athanasium
888 906 973 960 his
1001 923 1124 961 eam
1155 904 1491 977 explicuisse
1533 906 1727 958 verbis.
1775 903 2026 958 Indicant
2056 907 2185 958 item
2215 909 2273 958 in
2319 907 2624 976 posteriora
2677 907 2916 960 Nestorio
2962 909 3227 977 tempora,
3277 922 3394 976 qua
3442 921 3667 961 numero
3709 906 3776 962 16

347 999 635 1063 dicuntur,
670 997 886 1051 beatam
917 994 1132 1051 scilicet
1170 996 1440 1066 Virginem
1470 995 1674 1064 ubique
1707 1001 1983 1048 terrarum
2029 991 2290 1046 Θεοτὸκον
2340 995 2548 1049 vocari.
2599 995 2732 1062 Quae
2777 1012 2882 1050 v0.1:
2929 995 3236 1050 Athanasio
3285 996 3412 1050 licet
3453 999 3637 1066 ignota
3664 1010 3777 1052 non

343 1089 535 1159 fuerit,
563 1089 620 1141 at
648 1103 759 1141 non
791 1091 914 1140 erat
941 1086 1057 1156 ejus
1102 1100 1218 1141 aevo
1268 1085 1468 1154 ubique
1526 1086 1803 1139 terrarum
1848 1086 2120 1150 evulgato.
2180 1083 2399 1154 Stylum
2455 1086 2506 1138 si
2558 1093 2780 1154 spectes,
2825 1083 2893 1138 ab
2940 1083 3316 1140 Athanasiuno
3366 1084 3776 1140 alienissimum

345 1177 562 1248 fateare
590 1191 808 1230 necesse
834 1183 948 1241 est;
995 1191 1117 1229 cum
1173 1173 1320 1245 apud
1369 1173 1766 1238 Athanasium,
1798 1175 1928 1227 teste
1987 1171 2206 1239 Photio,
2235 1188 2446 1242 semper
2482 1175 2743 1241 emineat,
2777 1171 2838 1224 τὸ
2872 1171 3180 1245 ἀπέριττον,
3211 1189 3276 1227 ac
3307 1174 3362 1228 vi
3403 1174 3578 1243 magis
3606 1189 3776 1245 quam

344 1269 498 1338 capia
531 1266 815 1321 verborum
843 1265 937 1319 ille
984 1263 1240 1334 gaudeat.
1272 1263 1518 1334 Scriptor
1546 1270 1730 1317 autem
1783 1262 1886 1315 iste
1937 1260 2188 1328 aliquam
2239 1261 2362 1316 licet
2420 1262 2713 1330 elegantiae
2758 1264 3025 1333 praeferat
3072 1263 3326 1334 speciem,
3379 1262 3448 1316 ad
3507 1259 3772 1337 φλυαρίαν

347 1372 516 1428 usque
547 1356 705 1411 verba
735 1370 881 1425 saepe
912 1353 1250 1425 multiplicat
1282 1370 1294 1408 :
1330 1351 1474 1424 quod
1501 1355 1781 1407 neminem
1807 1354 1941 1421 puto
1975 1365 2081 1405 non
2113 1349 2496 1405 adversarum.
2531 1352 2700 1406 Tanta
2730 1353 2958 1422 insuper
2986 1368 3177 1407 vocum
3207 1351 3514 1407 Athanasio
3543 1353 3778 1407 minime

348 1447 726 1515 familiarium
755 1444 911 1514 sylva
943 1443 1028 1497 hic
1045 1444 1252 1512 passim
1281 1443 1549 1508 occurrit,
1583 1449 1642 1496 ut
1674 1439 1754 1495 vel
1785 1439 1914 1494 hinc
1942 1440 2121 1494 solum
2150 1437 2356 1499 νοθείας
2383 1441 2549 1510 possit
2578 1441 2720 1511 ferri
2740 1440 3065 1511 judicium:
3095 1444 3156 1495 ut
3191 1449 3338 1508 sunt,
3389 1436 3771 1516 νυμφοστόλος

350 1538 581 1601 Λουκᾶς,
611 1535 1096 1606 χοροστατοῦντος,
1130 1528 1477 1608 ἐκφαντορία,
1509 1526 1924 1604 χειραπλοῦντι,
1961 1526 2324 1604 βρεφοφανής,
2380 1532 2743 1604 νεκροφανῶς,
2796 1526 3170 1604 θεοφύτευτος,
3222 1527 3514 1601 ὀμματόω.
3557 1534 3608 1586 et
3659 1531 3778 1587 alia

351 1626 482 1680 bene
509 1625 703 1690 multa,
737 1640 971 1694 quorum
1002 1626 1247 1678 omnium
1283 1623 1391 1677 vim
1419 1631 1470 1677 et
1498 1621 1961 1692 signiﬁcationem
1991 1620 2051 1674 in
2083 1619 2457 1676 Onomastico
2483 1620 2705 1676 videsis.

1524 1907 1654 1965 ΤΟΥ
1691 1911 1778 1962 EN
1820 1907 2042 1963 ΑΓΙΟΙΣ
2083 1906 2355 1962 ΙΙΑΤΡΟΣ
2396 1911 2591 1962 ΗΜΘΝ

1694 2055 2426 2153 ΑΘΑΝΑΣΙΟΥ

639 2233 865 2289 ΛΟΓΟΣ
907 2236 1019 2285 ΕΙΣ
1059 2232 1193 2287 ΤΗΝ
1236 2231 1571 2288 ΥΠΛΝΤΗΝ
1614 2231 1750 2288 ΤΟΥ
1788 2230 2000 2357 ΚΥΡὲζΕέ

2117 2233 2206 2356 girl
2247 2231 2442 2300 eEOr,
2485 2231 2609 2288 KAI
2649 2233 2969 2289 ΣΩΤΗΡΟΣ
3013 2232 3214 2289 ΗΜΩΝ
3251 2233 3463 2290 1H20r

1433 2591 1526 2685 S.
1604 2591 1715 2684 P.
1790 2589 1909 2683 N.
1985 2590 2701 2684 ATHANASII

786 2758 1007 2816 SERMO
1048 2759 1120 2814 IN
1156 2757 1513 2816 OCCURSUM
1556 2757 1790 2813 DOMINI
1833 2757 1956 2813 DEI
1987 2757 2074 2813 AC
2103 2756 2506 2814 SALVATORIS
2543 2757 2783 2814 NOSTRI
2816 2757 2988 2817 JESU
3027 2758 3316 2816 CHRISTI.

417 3048 442 3101 1
496 3045 570 3099 Τὰ
597 3046 694 3113 τῆς
746 3043 1028 3120 παρούσης
1079 3043 1226 3119 ἱερᾶς
1276 3041 1633 3120 πανηγύρεως
1685 3043 1720 3112 ἡ
1772 3041 1994 3119 εὐαγγε-

2182 3046 2231 3100 1.
2294 3045 2646 3100 Praesentem
2706 3063 2936 3103 sacram
2989 3046 3426 3104 solemnitatem
3488 3053 3763 3122 personet

346 3134 476 3203 λική
511 3131 744 3208 σάλπιγξ
774 3131 1111 3208 περιηχείτω
1161 3136 1256 3205 (9)’
1288 3133 1377 3187 καὶ
1425 3131 1551 3194 τοὺς
1583 3136 1662 3204 τῷ
1699 3134 2000 3203 παρθενικῷ

345 3221 483 3296 τῷδε
537 3227 789 3301 νυμφῶνι
961 3219 1289 3297 εἰλικρινοῦς
1339 3219 1576 3283 διανοίας
1627 3222 1999 3296 παραστάντας

346 3317 498 3385 ἡμᾶς
531 3313 557 3366 ὁ
594 3313 852 3386 μυστικὸς
896 3309 1276 3388 νυμεροστόλος
1329 3317 1537 3373 Λουκᾶς
1583 3312 1720 3386 πρὸς
1759 3312 1858 3380 τὴν
1891 3315 1997 3364 τῶν

349 3400 400 3455 ὲν
445 3401 589 3473 αὐτῴ
635 3399 820 3456 καλῶν
865 3399 1186 3470 κατανόησιν
1235 3401 1314 3458 τῶ
1365 3400 1515 3476 Λόγῳ
1564 3399 1998 3476 χειραγωγεῖτω.

349 3488 490 3547 Οὐδὲ
542 3492 644 3566 γὰρ
696 3489 864 3558 ὅσιον,
915 3489 1079 3544 αότοῦ
1127 3494 1592 3565 χοροπατοῦντος
1637 3490 1704 3543 τὰ
1749 3490 1865 3545 κατ’
1906 3488 1998 3543 αὖ-

348 3582 450 3649 τὴν
486 3583 620 3654 (10),
677 3575 857 3656 ἕτερόν
917 3600 1037 3634 τινα
1095 3577 1261 3654 λόγον
1318 3575 1505 3649 ἔξωθεν
1566 3580 1998 3655 παρεισάγεσθαι,

347 3667 623 3742 μηδεμίαν
653 3670 746 3742 μὲν
782 3667 1122 3744 εὐπρέπειαν,
1156 3667 1256 3722 οὐκ
1287 3667 1471 3744 ὀλίγον
1516 3665 1573 3722 δὲ
1621 3668 1787 3741 ταύτῃ
1817 3669 1876 3722 τὸ
1916 3667 1997 3721 αἶ-

343 3778 478 3833 σχος
531 3755 1012 3830 περιποιούμενον.
1065 3758 1154 3819 Ὡς
1205 3756 1330 3832 γὰρ,
1381 3755 1545 3825 ἡλίου
1592 3761 1838 3830 καθαρῶς
1887 3755 1999 3810 ἐπι-

344 3846 688 3920 λάμποντος,
752 3846 953 3920 ματαία
1002 3867 1084 3908 τις
1140 3850 1174 3915 ἡ
1233 3850 1329 3900 τοῦ
1387 3844 1600 3920 λύχνου
1659 3851 1848 3923 φαῦσις
1907 3844 1996 3899 καὶ

342 3934 620 4012 ἄχρηστος
717 3935 891 3997 οὕτως
952 3932 1074 3999 ἔνθα
1130 3941 1363 4006 Λουκᾶς,
1422 3935 1456 4003 ἢ
1519 3933 1688 3997 ἄλλος
1746 3956 1830 3997 τις
1886 3939 1993 3988 τῶν

341 4023 740 4102 εὐαγγελιστῶν
825 4025 1136 4100 ἁπηχήσειε
1170 4068 1183 4093 ,
1239 4030 1342 4086 πᾶς
1415 4022 1575 4097 λόγος
1643 4023 1804 4098 ἀργὸς
1834 4068 1846 4091 ,
1906 4023 1993 4076 καὶ

340 4115 676 4191 προσκορὴς,
709 4113 798 4168 καὶ
830 4113 1114 4183 ἀνόνητος.
1165 4112 1382 4180 Λεγὲτω
1435 4109 1501 4181 δὴ
1555 4111 1712 4174 οὗτος
1743 4118 1842 4180 τῆς
1876 4110 1994 4187 ἐορ-

337 4210 440 4274 τῆς
481 4203 548 4258 τὰ
596 4201 966 4278 γνωρίσματα,
996 4203 1087 4258 καὶ
1138 4199 1395 4257 δειγνύτω
1444 4200 1642 4270 ταύτην
1695 4203 1805 4272 (11)
1855 4198 1995 4272 μᾶλ-

343 4293 440 4349 λον
473 4297 590 4355 τοῖς
623 4291 934 4369 φιλεόρτοις
965 4295 1099 4364 ἡμῖν
1133 4291 1166 4360 ἢ
1199 4297 1314 4353 τοῖς
1347 4288 1751 4366 φιλοπολέμοις
1772 4289 1868 4350 τὰς
1900 4309 1996 4343 πα-

344 4383 588 4458 ρατάξεις
640 4381 694 4434 αἱ
753 4379 1067 4457 σάλπιγγες.
1117 4378 1268 4450 Λὲξει
1319 4377 1376 4434 δὲ
1420 4379 1632 4440 πάντως
1691 4379 1779 4433 καὶ
1838 4375 1994 4448 δείξει

347 4471 496 4544 μάλα
541 4474 774 4546 τρανῶς,
818 4469 984 4537 ἀκοὴν
1034 4471 1194 4540 ἡμῶν
1250 4467 1608 4523 ὑποτιθέντων
1658 4467 1995 4543 εὐγνώμονα.

342 4560 451 4616 Καὶ
484 4558 550 4629 δὴ
609 4559 959 4635 προσεκτέον,
1004 4558 1095 4612 καὶ
1142 4557 1284 4632 πάσῃ
1329 4556 1546 4635 φυλακῇ
1593 4554 1999 4632 τηρητὲον,’ί-ια

350 4649 450 4721 μὴ,
495 4650 804 4724 κατήγορον
853 4647 943 4701 τὸν
995 4649 1296 4722 συνήγορον
1343 4647 1431 4701 καὶ
1482 4648 1673 4720 κριτὴν
1724 4647 1814 4701 τὸν
1867 4669 1997 4701 παν-

346 4738 650 4812 ηγυριστήν
698 4735 1058 4812 παραφρὸνως
1109 4736 1566 4810 ἀπεργασάμενοι,
1619 4736 2002 4809 μεταμελετῶ-

352 4846 447 4899 μεν
479 4827 592 4900 (12)
624 4824 706 4880 ἐπ’
737 4824 1008 4900 ἐσχάτων,
1041 4822 1187 4892 πλὴν
1217 4822 1472 4900 ἀνωφελῆ
1505 4823 1594 4878 καὶ
1627 4824 1882 4892 ἀνόνητα.

418 4916 471 4970 2.
512 4937 540 4965 ‹‹
577 4915 884 4990 ’Δνήγαγον
909 4937 935 4964 )›
969 4913 1019 4967 οἳ
1069 4918 1248 4987 γονεῖς
1279 4913 1342 4967 τὸ
1374 4910 1585 4966 παιδίον
1623 4914 1833 4980 Ἰησοῦν
1867 4937 1893 4964 ‹‹
1929 4912 2003 4974 εἶς

347 5001 711 5080 Ἱεροσόλυμα
765 5004 1102 5078 παραστῆσαι
1154 5007 1231 5073 τῷ
1287 5000 1474 5076 Κυρίῳ
1510 5046 1523 5068 ,
1584 5002 1759 5063 καθὼς
1815 5002 2008 5077 γέγρα-

349 5112 480 5147 πται
531 5091 581 5146 ἐν
634 5091 792 5165 νόμῳ
845 5090 1068 5164 Κυρίου.
1105 5115 1132 5142 n
1165 5091 1256 5152 Τίς
1306 5090 1363 5144 ἂν
1415 5089 1654 5168 ἐφίκοιτο
1707 5089 1867 5166 λόγος
1900 5096 2006 5145 τῶν

352 5179 712 5258 λεγι)μὲνων;
766 5183 933 5243 ΙΙοῖος
993 5185 1118 5241 νοῦς
1179 5179 1231 5234 ἐν
1290 5178 1538 5252 περινοίᾳ
1597 5185 1689 5234 τοῦ
1736 5178 2007 5253 θαύματος

350 5268 702 5347 περιγένηται
742 5289 755 5340 ;
789 5267 930 5325 Ποία
972 5269 1109 5338 ἀκοὴ
1157 5269 1222 5324 τὸ
1278 5266 1564 5345 μεγαλεῖον
1619 5270 1862 5344 χωρήσει
1911 5273 2012 5326 τοῦ

353 5356 701 5436 διηγήματος
738 5377 751 5429 ;
783 5359 855 5412 Ὠ
901 5361 1006 5413 τῶν
1053 5351 1300 5437 φοϐερῶν
1350 5358 1744 5430 ἀκουσμάτωνξ
1777 5357 1834 5415 Ὀ
1874 5379 2013 5435 προ-

429 5488 450 5523 ⁷
485 5487 620 5544 Luc.
653 5503 720 5554 ιι,
751 5487 844 5542 22.

456 5608 512 5682 9)
546 5609 773 5682 Ηθεκ2,
805 5611 1177 5682 περιηχεῖται.

432 5609 512 5751 (9)
546 5609 686 5682 Reg.
717 5609 773 5677 2,
805 5611 1177 5738 περιηέεῖται.
1429 5679 1438 5688 Ι
1485 5679 1495 5690 .
1626 5679 1636 5694 1
1995 5678 2011 5700 ‘

353 5681 838 5810 κατείρύξξςῗβθεο
875 5683 926 5738 1.
1002 5679 1270 5738 ombeﬁs.
1323 5683 1528 5735 omisit
1574 5699 1660 5737 τα,
1699 5681 1840 5756 ΗΘΒ,
1865 5682 1922 5752 2,
1953 5701 2020 5736 τα

2111 3132 2447 3205 evangelica
2479 3135 2637 3190 tuba.
2664 3135 3062 3207 Mysticusque
3085 3137 3425 3208 nuptiarum
3447 3141 3765 3194 adornator

2115 3222 2320 3289 Lucas,
2355 3240 2460 3278 nos
2491 3226 2592 3294 qui
2640 3223 2910 3295 virginali
2960 3225 3165 3281 huicce
3197 3229 3534 3298 nuptiarum
3567 3227 3761 3282 thala-

2110 3328 2206 3366 mo
2238 3329 2383 3382 pura
2409 3318 2603 3368 mente
2634 3313 3018 3382 intersumus,
3044 3314 3234 3369 verbis
3260 3316 3385 3370 suis
3406 3315 3658 3371 deducat
3686 3317 3760 3371 ad

2107 3399 2558 3472 intelligentiam
2620 3401 2907 3456 bonorum
2955 3401 3014 3457 in
3061 3419 3128 3458 eo
3169 3403 3600 3460 exsistentium.
3634 3404 3762 3460 Non

2109 3490 2275 3544 decet
2303 3491 2485 3554 enim,
2517 3492 2590 3544 ad
2640 3508 2708 3546 ea
2737 3491 3006 3546 initiante
3047 3491 3220 3556 Luca,
3263 3493 3444 3548 alium
3479 3494 3761 3549 extrinse-

2109 3596 2213 3633 cus
2256 3580 2566 3634 admittere
2599 3596 2952 3643 sermonem,
2986 3581 3137 3635 unde
3195 3581 3306 3652 ipsi
3356 3581 3585 3637 decoris
3631 3583 3762 3654 qui-

2109 3669 2240 3725 dem
2275 3667 2441 3734 nihil,
2472 3684 2575 3723 nec
2600 3668 2896 3723 modicum
2930 3669 3128 3741 probri
3157 3671 3452 3725 ati'eratur.
3476 3672 3764 3736 Quemad-

2109 3758 2349 3812 modum
2383 3758 2539 3813 enim
2572 3757 2694 3812 sole
2743 3757 2957 3813 clarius
2989 3758 3238 3824 lucente,
3271 3777 3456 3817 vanus
3499 3761 3758 3816 inutilis-

2107 3865 2220 3918 que
2252 3846 2502 3902 lucernes
2535 3845 2761 3918 fulgor;
2814 3850 2893 3902 ita
2926 3848 3025 3902 ubi
3060 3850 3262 3917 Lucas,
3293 3856 3395 3904 aut
3439 3850 3571 3921 quis
3603 3849 3757 3906 alius

2104 3935 2593 4004 evangelistarum
2670 3940 2964 4006 personat,
3022 3955 3215 3993 sermo
3279 3939 3470 4010 quivis
3529 3938 3755 3997 otiosus

2106 4025 2260 4081 358
2291 4032 2400 4090 est,
2432 4023 2732 4088 molestus,
2765 4025 3131 4096 inutilisque.
3171 4033 3462 4098 Loquatur
3488 4044 3626 4100 ergo
3657 4029 3755 4085 ille

2106 4120 2170 4169 ut
2211 4131 2317 4168 nos
2365 4115 2437 4168 ad
2489 4111 2822 4169 festivitatis
2876 4114 3141 4170 notitiam
3193 4118 3466 4174 deducat.
3498 4123 3758 4192 Eamque

2107 4202 2276 4256 nobis
2308 4201 2438 4256 testi
2483 4203 2843 4269 amantibus,
2891 4205 3151 4272 apertius
3181 4221 3358 4276 quam
3407 4209 3560 4263 tubae
3615 4207 3753 4265 belli

2105 4291 2338 4363 cupidis
2368 4292 2689 4345 instructas
2723 4291 2899 4360 acies,
2933 4293 3223 4349 ostendat.
3253 4294 3432 4351 Plane
3461 4297 3756 4368 loquetur,

2108 4379 2414 4452 perspicue
2433 4379 2746 4433 admodum
2770 4381 3267 4449 ostendet,aurem
3292 4385 3463 4440 modo
3485 4386 3761 4443 benevole

2109 4471 2492 4540 praebeamus.
2518 4469 2857 4522 Curandum
2889 4467 3042 4523 enim
3076 4477 3250 4542 atque
3270 4473 3444 4527 omni
3471 4474 3758 4530 sollicitu-

2107 4559 2311 4612 tudine
2334 4557 2754 4623 cavendum,ut
2778 4575 2848 4612 ne
2868 4563 3178 4628 patronum
3206 4567 3765 4632 accusatorem,con-

2111 4647 2583 4717 cionatoremque
2605 4646 2866 4716 judicem
2899 4647 3109 4703 stolide
3129 4649 3764 4724 ei‘ticientes,pmniten-

2111 4736 2195 4792 tia
2223 4736 2461 4790 tandem
2495 4734 2630 4790 licet
2658 4733 2854 4790 inutili
2881 4739 2937 4791 et
2965 4736 3330 4796 infructuosa
3359 4741 3663 4800 ducamur.

2187 4918 2240 4969 2.
2279 4934 2305 4965 α
2354 4913 2641 4968 Tulerunt
2692 4936 2720 4963 ››
2772 4918 3044 4985 parentes
3096 4934 3342 4988 puerum
3385 4918 3614 4989 Jesum,
3647 4939 3672 4970 ι
3706 4920 3767 4978 in

2115 5003 2466 5070 Jerusalem,
2505 5010 2566 5057 ut
2615 5003 2890 5058 sisterent
2937 5022 3072 5059 eum
3124 5007 3389 5078 Domino,
3435 5011 3590 5064 sicut
3621 5011 3772 5066 scri-

2121 5099 2288 5164 ptum
2321 5098 2412 5148 est
2442 5094 2497 5146 in
2535 5094 2659 5163 lege
2697 5094 2921 5148 Domini
2952 5095 2992 5150 ⁷.
3041 5117 3070 5145 ››
3119 5096 3261 5159 Quis
3318 5115 3511 5154 sermo
3546 5115 3614 5154 ea
3642 5117 3770 5171 quas

2123 5183 2280 5237 dicta
2320 5186 2460 5235 sunt
2513 5185 2866 5252 assequatur
2891 5185 2912 5237 Ρ
2942 5184 3075 5248 Quae
3119 5202 3289 5240 mens
3330 5203 3452 5241 rem
3483 5187 3567 5240 ita
3597 5188 3772 5242 mira-

2123 5270 2299 5326 bilem
2333 5269 2759 5340 complectatur
2779 5271 2805 5324 ?
2838 5271 2980 5334 Quis
3011 5273 3251 5329 auditus
3283 5279 3504 5331 tantam
3529 5275 3779 5348 excipiet

2126 5358 2523 5416 narrationem
2544 5358 2571 5413 ‘?
2601 5358 2644 5413 Ο
2680 5360 3044 5416 tremendam
3074 5361 3422 5419 lectioneml
3467 5364 3780 5437 Antiquior

2200 5607 2425 5687 (11)~1ta
2452 5608 2760 5687 Combeﬁs.
2795 5609 3094 5687 Duomss.
3122 5611 3368 5687 habent,
3407 5630 3593 5687 ταυτῃ.
3625 5613 3783 5674 Infra

2131 5677 2496 5759 R6322me
2521 5677 3030 5759 πολέμοιςλδᾶιρει
3059 5677 3484 5759 φιλοπολέμοις.

2203 5749 2316 5828 (12)
2344 5749 2490 5824 Reg.
2519 5752 2574 5825 2,
2611 5749 3082 5829 μεταμελητῶμεν
3119 5755 3235 5831 μὲν.
