  <div class='ocr_page' id='page_1' title='image "/cluster/home/n/w/nwhite01/storage/ocr_20150623/28:no.4/coo.31924054873090/502.png"; bbox 0 0 4120 6354; ppageno 0'>
   <div class='ocr_carea' id='block_1_1' title="bbox 346 397 462 458">
    <p class='ocr_par' dir='ltr' id='par_1_1' title="bbox 346 397 462 458">
     <span class='ocr_line' id='line_1_1' title="bbox 346 397 462 458; baseline -0.017 0"><span class='ocrx_word' id='word_1_1' title='bbox 346 397 462 458; x_wconf 82' lang='grc'>977</span> 
     </span>
    </p>
   </div>
   <div class='ocr_carea' id='block_1_2' title="bbox 1421 399 2697 462">
    <p class='ocr_par' dir='ltr' id='par_1_2' title="bbox 1421 399 2697 462">
     <span class='ocr_line' id='line_1_2' title="bbox 1421 399 2697 462; baseline -0.002 -2"><span class='ocrx_word' id='word_1_2' title='bbox 1421 401 1753 462; x_wconf 84' lang='lat' dir='ltr'>HOMILlA</span> <span class='ocrx_word' id='word_1_3' title='bbox 1797 402 1874 461; x_wconf 89' lang='lat' dir='ltr'>IN</span> <span class='ocrx_word' id='word_1_4' title='bbox 1923 399 2341 461; x_wconf 81' lang='lat' dir='ltr'>OCCURSUM</span> <span class='ocrx_word' id='word_1_5' title='bbox 2392 401 2697 460; x_wconf 86' lang='lat' dir='ltr'>DOMINI.</span> 
     </span>
    </p>
   </div>
   <div class='ocr_carea' id='block_1_3' title="bbox 3656 403 3776 462">
    <p class='ocr_par' dir='ltr' id='par_1_3' title="bbox 3656 403 3776 462">
     <span class='ocr_line' id='line_1_3' title="bbox 3656 403 3776 462; baseline -0.008 -1"><span class='ocrx_word' id='word_1_6' title='bbox 3656 403 3776 462; x_wconf 88' lang='lat'>978</span> 
     </span>
    </p>
   </div>
   <div class='ocr_carea' id='block_1_4' title="bbox 353 528 1974 608">
    <p class='ocr_par' dir='ltr' id='par_1_4' title="bbox 353 528 1974 608">
     <span class='ocr_line' id='line_1_4' title="bbox 353 528 1974 608; baseline 0.001 -24"><span class='ocrx_word' id='word_1_7' title='bbox 353 532 487 584; x_wconf 81' lang='grc' dir='ltr'>Θεοῦ</span> <span class='ocrx_word' id='word_1_8' title='bbox 516 528 922 606; x_wconf 87' lang='grc' dir='ltr'>ταπεινότερος,</span> <span class='ocrx_word' id='word_1_9' title='bbox 972 535 1218 604; x_wconf 81' lang='grc' dir='ltr'>τουοῦτῳ</span> <span class='ocrx_word' id='word_1_10' title='bbox 1246 529 1337 586; x_wconf 81' lang='grc' dir='ltr'>καὶ</span> <span class='ocrx_word' id='word_1_11' title='bbox 1396 537 1492 600; x_wconf 71' lang='grc' dir='ltr'>τῆς</span> <span class='ocrx_word' id='word_1_12' title='bbox 1550 539 1649 601; x_wconf 83' lang='grc' dir='ltr'>σῆς</span> <span class='ocrx_word' id='word_1_13' title='bbox 1705 534 1974 608; x_wconf 77' lang='grc' dir='ltr'>γεννήσεω</span> 
     </span>
    </p>
   </div>
   <div class='ocr_carea' id='block_1_5' title="bbox 2088 528 3771 608">
    <p class='ocr_par' dir='ltr' id='par_1_5' title="bbox 2088 533 3771 604">
     <span class='ocr_line' id='line_1_5' title="bbox 2088 533 3771 604; baseline 0.002 -18"><span class='ocrx_word' id='word_1_14' title='bbox 2088 533 2375 604; x_wconf 85' lang='lat' dir='ltr'>_rendum</span> <span class='ocrx_word' id='word_1_15' title='bbox 2409 537 2498 586; x_wconf 87' lang='lat' dir='ltr'>est</span> <span class='ocrx_word' id='word_1_16' title='bbox 2535 550 2546 587; x_wconf 95' lang='lat'><strong>:</strong></span> <span class='ocrx_word' id='word_1_17' title='bbox 2583 537 2800 602; x_wconf 89' lang='lat' dir='ltr'>quanto</span> <span class='ocrx_word' id='word_1_18' title='bbox 2831 533 2987 587; x_wconf 90' lang='lat' dir='ltr'>enim</span> <span class='ocrx_word' id='word_1_19' title='bbox 3019 537 3083 587; x_wconf 90' lang='lat' dir='ltr'>tu</span> <span class='ocrx_word' id='word_1_20' title='bbox 3132 533 3247 588; x_wconf 92' lang='lat' dir='ltr'>Deo</span> <span class='ocrx_word' id='word_1_21' title='bbox 3297 534 3553 601; x_wconf 79' lang='lat' dir='ltr'>inferior,</span> <span class='ocrx_word' id='word_1_22' title='bbox 3605 537 3771 590; x_wconf 90' lang='lat' dir='ltr'>tanto</span> 
     </span>
    </p>
   </div>
   <div class='ocr_carea' id='block_1_6' title="bbox 351 615 2009 695">
    <p class='ocr_par' dir='ltr' id='par_1_6' title="bbox 351 615 2009 695">
     <span class='ocr_line' id='line_1_6' title="bbox 351 615 2009 695; baseline 0.001 -21"><span class='ocrx_word' id='word_1_23' title='bbox 351 617 790 695; x_wconf 69' lang='grc' dir='ltr'>ἆπορῥητοτέρα,</span> <span class='ocrx_word' id='word_1_24' title='bbox 821 621 910 674; x_wconf 80' lang='grc' dir='ltr'>καὶ</span> <span class='ocrx_word' id='word_1_25' title='bbox 943 615 1020 675; x_wconf 78' lang='grc' dir='ltr'>ἔτι</span> <span class='ocrx_word' id='word_1_26' title='bbox 1062 618 1294 693; x_wconf 79' lang='grc' dir='ltr'>μᾶλλον,</span> <span class='ocrx_word' id='word_1_27' title='bbox 1328 623 1362 690; x_wconf 89' lang='grc' dir='ltr'>ἡ</span> <span class='ocrx_word' id='word_1_28' title='bbox 1397 625 1491 676; x_wconf 78' lang='grc' dir='ltr'>τοῦ</span> <span class='ocrx_word' id='word_1_29' title='bbox 1522 627 1677 677; x_wconf 78' lang='grc' dir='ltr'>Θεοῦ.</span> <span class='ocrx_word' id='word_1_30' title='bbox 1717 646 1740 673; x_wconf 74' lang='grc' dir='ltr'>ξ(</span> <span class='ocrx_word' id='word_1_31' title='bbox 1785 623 2009 695; x_wconf 74' lang='grc' dir='ltr'>Ἀνήγα-</span> 
     </span>
    </p>
   </div>
   <div class='ocr_carea' id='block_1_7' title="bbox 350 706 2003 784">
    <p class='ocr_par' dir='ltr' id='par_1_7' title="bbox 350 706 2003 784">
     <span class='ocr_line' id='line_1_7' title="bbox 350 706 2003 784; baseline 0.001 -22"><span class='ocrx_word' id='word_1_32' title='bbox 350 728 442 784; x_wconf 98' lang='grc' dir='ltr'>γον</span> <span class='ocrx_word' id='word_1_33' title='bbox 477 731 497 759; x_wconf 81' lang='grc' dir='ltr'>ι</span> <span class='ocrx_word' id='word_1_34' title='bbox 535 709 588 762; x_wconf 71' lang='grc' dir='ltr'>οἱ</span> <span class='ocrx_word' id='word_1_35' title='bbox 619 713 802 783; x_wconf 82' lang='grc' dir='ltr'>γονεῖς</span> <span class='ocrx_word' id='word_1_36' title='bbox 830 709 891 763; x_wconf 85' lang='grc' dir='ltr'>τὸ</span> <span class='ocrx_word' id='word_1_37' title='bbox 921 707 1136 764; x_wconf 87' lang='grc' dir='ltr'>παιδίον</span> <span class='ocrx_word' id='word_1_38' title='bbox 1177 711 1386 780; x_wconf 77' lang='grc' dir='ltr'>Ἰησοῦν</span> <span class='ocrx_word' id='word_1_39' title='bbox 1421 714 1532 784; x_wconf 80' lang='grc'>(17)</span> <span class='ocrx_word' id='word_1_40' title='bbox 1567 736 1594 762; x_wconf 89' lang='grc'>‹‹</span> <span class='ocrx_word' id='word_1_41' title='bbox 1649 712 1725 773; x_wconf 69' lang='grc' dir='ltr'>εἷς</span> <span class='ocrx_word' id='word_1_42' title='bbox 1773 706 2003 784; x_wconf 82' lang='grc' dir='ltr'>Ἰεροσό-</span> 
     </span>
    </p>
   </div>
   <div class='ocr_carea' id='block_1_8' title="bbox 352 795 2002 875">
    <p class='ocr_par' dir='ltr' id='par_1_8' title="bbox 352 795 2002 875">
     <span class='ocr_line' id='line_1_8' title="bbox 352 795 2002 875; baseline 0.001 -24"><span class='ocrx_word' id='word_1_43' title='bbox 352 795 522 870; x_wconf 89' lang='grc' dir='ltr'>λυμα.</span> <span class='ocrx_word' id='word_1_44' title='bbox 579 821 607 848; x_wconf 77' lang='grc' dir='ltr'>ιι</span> <span class='ocrx_word' id='word_1_45' title='bbox 667 797 736 854; x_wconf 92' lang='grc' dir='ltr'>Τί</span> <span class='ocrx_word' id='word_1_46' title='bbox 795 819 928 854; x_wconf 89' lang='grc' dir='ltr'>ποτε</span> <span class='ocrx_word' id='word_1_47' title='bbox 979 795 1081 870; x_wconf 77' lang='grc' dir='ltr'>ἄρα</span> <span class='ocrx_word' id='word_1_48' title='bbox 1130 796 1456 874; x_wconf 85' lang='grc' dir='ltr'>δράσοντες;</span> <span class='ocrx_word' id='word_1_49' title='bbox 1509 802 1721 875; x_wconf 74' lang='grc' dir='ltr'>Μήτιγε</span> <span class='ocrx_word' id='word_1_50' title='bbox 1749 801 1846 868; x_wconf 74' lang='grc' dir='ltr'>τὴν</span> <span class='ocrx_word' id='word_1_51' title='bbox 1907 804 2002 854; x_wconf 79' lang='grc' dir='ltr'>τοῦ</span> 
     </span>
    </p>
   </div>
   <div class='ocr_carea' id='block_1_9' title="bbox 352 885 2002 965">
    <p class='ocr_par' dir='ltr' id='par_1_9' title="bbox 352 885 2002 965">
     <span class='ocr_line' id='line_1_9' title="bbox 352 885 2002 965; baseline 0 -23"><span class='ocrx_word' id='word_1_52' title='bbox 352 885 572 962; x_wconf 75' lang='grc' dir='ltr'>Ἰσραὴλ</span> <span class='ocrx_word' id='word_1_53' title='bbox 618 887 895 962; x_wconf 73' lang='grc' dir='ltr'>βασιλείαν</span> <span class='ocrx_word' id='word_1_54' title='bbox 942 888 1440 963; x_wconf 84' lang='grc' dir='ltr'>παραληψόμενοι;</span> <span class='ocrx_word' id='word_1_55' title='bbox 1491 891 1523 958; x_wconf 69' lang='grc' dir='ltr'><strong>ἢ</strong></span> <span class='ocrx_word' id='word_1_56' title='bbox 1578 889 1721 944; x_wconf 79' lang='grc' dir='ltr'>ὅπλα</span> <span class='ocrx_word' id='word_1_57' title='bbox 1770 887 2002 965; x_wconf 83' lang='grc' dir='ltr'>χαλκεύ-</span> 
     </span>
    </p>
   </div>
   <div class='ocr_carea' id='block_1_10' title="bbox 351 977 1999 1054">
    <p class='ocr_par' dir='ltr' id='par_1_10' title="bbox 351 977 1999 1054">
     <span class='ocr_line' id='line_1_10' title="bbox 351 977 1999 1054; baseline -0.001 -22"><span class='ocrx_word' id='word_1_58' title='bbox 351 998 554 1044; x_wconf 84' lang='grc' dir='ltr'>σοντες,</span> <span class='ocrx_word' id='word_1_59' title='bbox 585 978 620 1047; x_wconf 72' lang='grc' dir='ltr'>ἢ</span> <span class='ocrx_word' id='word_1_60' title='bbox 656 979 878 1053; x_wconf 86' lang='grc' dir='ltr'>στρατὸν</span> <span class='ocrx_word' id='word_1_61' title='bbox 908 981 1344 1054; x_wconf 80' lang='grc' dir='ltr'>συγκινήσοντες,</span> <span class='ocrx_word' id='word_1_62' title='bbox 1453 977 1593 1034; x_wconf 71' lang='grc' dir='ltr'>ἄλλο</span> <span class='ocrx_word' id='word_1_63' title='bbox 1641 1001 1690 1033; x_wconf 86' lang='grc' dir='ltr'>τι</span> <span class='ocrx_word' id='word_1_64' title='bbox 1738 983 1844 1032; x_wconf 86' lang='grc' dir='ltr'>τῶν</span> <span class='ocrx_word' id='word_1_65' title='bbox 1896 999 1999 1053; x_wconf 85' lang='grc' dir='ltr'>χα-</span> 
     </span>
    </p>
   </div>
   <div class='ocr_carea' id='block_1_11' title="bbox 352 1066 1999 1144">
    <p class='ocr_par' dir='ltr' id='par_1_11' title="bbox 352 1066 1999 1144">
     <span class='ocr_line' id='line_1_11' title="bbox 352 1066 1999 1144; baseline 0 -23"><span class='ocrx_word' id='word_1_66' title='bbox 352 1071 628 1140; x_wconf 89' lang='grc' dir='ltr'>μαιπετῶν</span> <span class='ocrx_word' id='word_1_67' title='bbox 711 1067 799 1122; x_wconf 78' lang='grc' dir='ltr'>καὶ</span> <span class='ocrx_word' id='word_1_68' title='bbox 870 1066 1220 1141; x_wconf 77' lang='grc' dir='ltr'>προσκαίρων</span> <span class='ocrx_word' id='word_1_69' title='bbox 1290 1067 1834 1144; x_wconf 72' lang='grc' dir='ltr'>συνεπικερδήσοντες</span> <span class='ocrx_word' id='word_1_70' title='bbox 1919 1073 1999 1139; x_wconf 80' lang='grc' dir='ltr'>τῷ</span> 
     </span>
    </p>
   </div>
   <div class='ocr_carea' id='block_1_12' title="bbox 345 1153 1994 1235">
    <p class='ocr_par' dir='ltr' id='par_1_12' title="bbox 345 1153 1994 1235">
     <span class='ocr_line' id='line_1_12' title="bbox 345 1153 1994 1235; baseline 0 -24"><span class='ocrx_word' id='word_1_71' title='bbox 345 1154 535 1224; x_wconf 87' lang='grc' dir='ltr'>παιδί;</span> <span class='ocrx_word' id='word_1_72' title='bbox 568 1153 667 1224; x_wconf 67' lang='grc' dir='ltr'>Οὔ,</span> <span class='ocrx_word' id='word_1_73' title='bbox 701 1157 885 1235; x_wconf 84' lang='grc' dir='ltr'>φησίν·</span> <span class='ocrx_word' id='word_1_74' title='bbox 922 1155 1065 1213; x_wconf 77' lang='grc' dir='ltr'>ἀλλὰ</span> <span class='ocrx_word' id='word_1_75' title='bbox 1091 1182 1120 1210; x_wconf 90' lang='grc'>‹‹</span> <span class='ocrx_word' id='word_1_76' title='bbox 1153 1166 1490 1233; x_wconf 76' lang='grc' dir='ltr'>παραστῆσαι</span> <span class='ocrx_word' id='word_1_77' title='bbox 1519 1164 1598 1230; x_wconf 76' lang='grc' dir='ltr'>τῷ</span> <span class='ocrx_word' id='word_1_78' title='bbox 1632 1158 1834 1234; x_wconf 81' lang='grc' dir='ltr'>Κυρίῳ,</span> <span class='ocrx_word' id='word_1_79' title='bbox 1864 1170 1994 1221; x_wconf 84' lang='grc' dir='ltr'>καθ-</span> 
     </span>
    </p>
   </div>
   <div class='ocr_carea' id='block_1_13' title="bbox 345 1245 1990 1325">
    <p class='ocr_par' dir='ltr' id='par_1_13' title="bbox 345 1245 1990 1325">
     <span class='ocr_line' id='line_1_13' title="bbox 345 1245 1990 1325; baseline 0 -25"><span class='ocrx_word' id='word_1_80' title='bbox 345 1246 418 1308; x_wconf 87' lang='grc' dir='ltr'>ὼς</span> <span class='ocrx_word' id='word_1_81' title='bbox 442 1247 736 1322; x_wconf 87' lang='grc' dir='ltr'>γέγραπται</span> <span class='ocrx_word' id='word_1_82' title='bbox 787 1245 838 1300; x_wconf 84' lang='grc' dir='ltr'>ἐν</span> <span class='ocrx_word' id='word_1_83' title='bbox 887 1246 1045 1321; x_wconf 85' lang='grc' dir='ltr'>νόμῳ</span> <span class='ocrx_word' id='word_1_84' title='bbox 1096 1246 1314 1322; x_wconf 65' lang='grc' dir='ltr'>Κυρίου.</span> <span class='ocrx_word' id='word_1_85' title='bbox 1371 1272 1399 1298; x_wconf 87' lang='grc'><strong>››</strong></span> <span class='ocrx_word' id='word_1_86' title='bbox 1439 1247 1506 1304; x_wconf 89' lang='grc' dir='ltr'>Τί</span> <span class='ocrx_word' id='word_1_87' title='bbox 1539 1247 1667 1325; x_wconf 71' lang='grc' dir='ltr'>φῂς,</span> <span class='ocrx_word' id='word_1_88' title='bbox 1703 1249 1990 1323; x_wconf 75' lang='grc' dir='ltr'>ἅνθρωπε;</span> 
     </span>
    </p>
   </div>
   <div class='ocr_carea' id='block_1_14' title="bbox 339 1331 1989 1411">
    <p class='ocr_par' dir='ltr' id='par_1_14' title="bbox 339 1331 1989 1411">
     <span class='ocr_line' id='line_1_14' title="bbox 339 1331 1989 1411; baseline 0 -21"><span class='ocrx_word' id='word_1_89' title='bbox 339 1335 427 1390; x_wconf 87' lang='grc' dir='ltr'>καὶ</span> <span class='ocrx_word' id='word_1_90' title='bbox 460 1331 571 1390; x_wconf 77' lang='grc' dir='ltr'>ἔστι</span> <span class='ocrx_word' id='word_1_91' title='bbox 607 1340 704 1390; x_wconf 77' lang='grc' dir='ltr'>τοῦ</span> <span class='ocrx_word' id='word_1_92' title='bbox 759 1335 981 1406; x_wconf 85' lang='grc' dir='ltr'>ἀληθῶς</span> <span class='ocrx_word' id='word_1_93' title='bbox 1031 1334 1164 1391; x_wconf 76' lang='grc' dir='ltr'>Θεοῦ</span> <span class='ocrx_word' id='word_1_94' title='bbox 1213 1338 1361 1399; x_wconf 81' lang='grc' dir='ltr'>Θεός·</span> <span class='ocrx_word' id='word_1_95' title='bbox 1488 1341 1584 1392; x_wconf 72' lang='grc' dir='ltr'>τοῦ</span> <span class='ocrx_word' id='word_1_96' title='bbox 1635 1335 1833 1411; x_wconf 84' lang='grc' dir='ltr'>κυρίως</span> <span class='ocrx_word' id='word_1_97' title='bbox 1878 1337 1989 1410; x_wconf 86' lang='grc'>(18)</span> 
     </span>
    </p>
   </div>
   <div class='ocr_carea' id='block_1_15' title="bbox 337 1422 1986 1504">
    <p class='ocr_par' dir='ltr' id='par_1_15' title="bbox 337 1422 1986 1504">
     <span class='ocr_line' id='line_1_15' title="bbox 337 1422 1986 1504; baseline -0.001 -23"><span class='ocrx_word' id='word_1_98' title='bbox 337 1424 534 1501; x_wconf 78' lang='grc' dir='ltr'>Κυρίου</span> <span class='ocrx_word' id='word_1_99' title='bbox 562 1425 760 1500; x_wconf 83' lang='grc' dir='ltr'>Κύριος</span> <span class='ocrx_word' id='word_1_100' title='bbox 807 1423 1024 1503; x_wconf 83' lang='grc' dir='ltr'>ἕτερος;</span> <span class='ocrx_word' id='word_1_101' title='bbox 1079 1427 1255 1494; x_wconf 84' lang='grc' dir='ltr'>Ἔστι,</span> <span class='ocrx_word' id='word_1_102' title='bbox 1311 1426 1464 1504; x_wconf 85' lang='grc' dir='ltr'>φησὶ,</span> <span class='ocrx_word' id='word_1_103' title='bbox 1514 1426 1603 1482; x_wconf 84' lang='grc' dir='ltr'>καὶ</span> <span class='ocrx_word' id='word_1_104' title='bbox 1660 1428 1750 1500; x_wconf 74' lang='grc' dir='ltr'>μὴ·</span> <span class='ocrx_word' id='word_1_105' title='bbox 1783 1422 1986 1500; x_wconf 80' lang='grc' dir='ltr'>δείσῃς·</span> 
     </span>
    </p>
   </div>
   <div class='ocr_carea' id='block_1_16' title="bbox 335 1514 1986 1593">
    <p class='ocr_par' dir='ltr' id='par_1_16' title="bbox 335 1514 1986 1593">
     <span class='ocr_line' id='line_1_16' title="bbox 335 1514 1986 1593; baseline 0 -24"><span class='ocrx_word' id='word_1_106' title='bbox 335 1514 397 1569; x_wconf 83' lang='grc' dir='ltr'>οὐ</span> <span class='ocrx_word' id='word_1_107' title='bbox 423 1515 522 1592; x_wconf 67' lang='grc' dir='ltr'>γὰρ</span> <span class='ocrx_word' id='word_1_108' title='bbox 571 1516 707 1570; x_wconf 78' lang='grc' dir='ltr'>κατὰ</span> <span class='ocrx_word' id='word_1_109' title='bbox 755 1514 911 1593; x_wconf 84' lang='grc' dir='ltr'>φύσιν</span> <span class='ocrx_word' id='word_1_110' title='bbox 956 1520 1145 1585; x_wconf 79' lang='grc' dir='ltr'>τοῦτο,</span> <span class='ocrx_word' id='word_1_111' title='bbox 1194 1517 1330 1571; x_wconf 68' lang='grc' dir='ltr'>κατὰ</span> <span class='ocrx_word' id='word_1_112' title='bbox 1372 1518 1533 1593; x_wconf 85' lang='grc' dir='ltr'>χάριν</span> <span class='ocrx_word' id='word_1_113' title='bbox 1568 1514 1624 1571; x_wconf 73' lang='grc' dir='ltr'>δὲ</span> <span class='ocrx_word' id='word_1_114' title='bbox 1650 1515 1739 1570; x_wconf 76' lang='grc' dir='ltr'>καὶ</span> <span class='ocrx_word' id='word_1_115' title='bbox 1773 1515 1986 1570; x_wconf 85' lang='grc' dir='ltr'>οἰκονο-</span> 
     </span>
    </p>
   </div>
   <div class='ocr_carea' id='block_1_17' title="bbox 334 1604 1989 1682">
    <p class='ocr_par' dir='ltr' id='par_1_17' title="bbox 334 1604 1989 1682">
     <span class='ocr_line' id='line_1_17' title="bbox 334 1604 1989 1682; baseline 0 -24"><span class='ocrx_word' id='word_1_116' title='bbox 334 1604 462 1677; x_wconf 85' lang='grc' dir='ltr'>μίαν</span> <span class='ocrx_word' id='word_1_117' title='bbox 493 1605 592 1674; x_wconf 82' lang='grc' dir='ltr'>τὴν</span> <span class='ocrx_word' id='word_1_118' title='bbox 626 1606 903 1660; x_wconf 81' lang='grc' dir='ltr'>ἀνωτάτω.</span> <span class='ocrx_word' id='word_1_119' title='bbox 942 1607 1148 1681; x_wconf 83' lang='grc' dir='ltr'>Ὥσπερ</span> <span class='ocrx_word' id='word_1_120' title='bbox 1179 1606 1282 1682; x_wconf 72' lang='grc' dir='ltr'>γὰρ</span> <span class='ocrx_word' id='word_1_121' title='bbox 1335 1611 1440 1661; x_wconf 86' lang='grc' dir='ltr'>τῶν</span> <span class='ocrx_word' id='word_1_122' title='bbox 1497 1605 1559 1661; x_wconf 84' lang='grc' dir='ltr'>ού</span> <span class='ocrx_word' id='word_1_123' title='bbox 1599 1607 1800 1682; x_wconf 88' lang='grc' dir='ltr'>κυρίως</span> <span class='ocrx_word' id='word_1_124' title='bbox 1858 1606 1989 1659; x_wconf 67' lang='grc' dir='ltr'>υἱῶν</span> 
     </span>
    </p>
   </div>
   <div class='ocr_carea' id='block_1_18' title="bbox 331 1693 1984 1774">
    <p class='ocr_par' dir='ltr' id='par_1_18' title="bbox 331 1693 1984 1774">
     <span class='ocr_line' id='line_1_18' title="bbox 331 1693 1984 1774; baseline 0 -26"><span class='ocrx_word' id='word_1_125' title='bbox 331 1694 520 1768; x_wconf 75' lang='grc' dir='ltr'>Πατήρ</span> <span class='ocrx_word' id='word_1_126' title='bbox 579 1696 607 1749; x_wconf 86' lang='lat'>6</span> <span class='ocrx_word' id='word_1_127' title='bbox 665 1695 796 1756; x_wconf 82' lang='grc' dir='ltr'>Θεὸς</span> <span class='ocrx_word' id='word_1_128' title='bbox 855 1693 1091 1770; x_wconf 81' lang='grc' dir='ltr'>λέγεται·</span> <span class='ocrx_word' id='word_1_129' title='bbox 1155 1720 1182 1747; x_wconf 93' lang='grc'>‹‹</span> <span class='ocrx_word' id='word_1_130' title='bbox 1246 1697 1390 1771; x_wconf 82' lang='grc' dir='ltr'>Ἐγὼ</span> <span class='ocrx_word' id='word_1_131' title='bbox 1439 1697 1567 1771; x_wconf 77' lang='grc' dir='ltr'>γάρ,</span> <span class='ocrx_word' id='word_1_132' title='bbox 1614 1695 1798 1774; x_wconf 81' lang='grc' dir='ltr'>φησὶν,</span> <span class='ocrx_word' id='word_1_133' title='bbox 1842 1695 1984 1765; x_wconf 83' lang='grc' dir='ltr'>εἶπα,</span> 
     </span>
    </p>
   </div>
   <div class='ocr_carea' id='block_1_19' title="bbox 329 1781 1983 1858">
    <p class='ocr_par' dir='ltr' id='par_1_19' title="bbox 329 1781 1983 1858">
     <span class='ocr_line' id='line_1_19' title="bbox 329 1781 1983 1858; baseline -0.001 -20"><span class='ocrx_word' id='word_1_134' title='bbox 329 1783 454 1838; x_wconf 84' lang='grc' dir='ltr'>Θεοί</span> <span class='ocrx_word' id='word_1_135' title='bbox 513 1781 652 1852; x_wconf 81' lang='grc' dir='ltr'>ἐστε,</span> <span class='ocrx_word' id='word_1_136' title='bbox 709 1783 800 1838; x_wconf 81' lang='grc' dir='ltr'>καὶ</span> <span class='ocrx_word' id='word_1_137' title='bbox 862 1783 970 1838; x_wconf 76' lang='grc' dir='ltr'>υἱοὶ</span> <span class='ocrx_word' id='word_1_138' title='bbox 1027 1785 1275 1858; x_wconf 75' lang='grc' dir='ltr'>Ὑψίστου</span> <span class='ocrx_word' id='word_1_139' title='bbox 1333 1784 1547 1846; x_wconf 81' lang='grc' dir='ltr'>πάντες·</span> <span class='ocrx_word' id='word_1_140' title='bbox 1607 1809 1634 1835; x_wconf 89' lang='grc'><strong>››</strong></span> <span class='ocrx_word' id='word_1_141' title='bbox 1695 1783 1838 1839; x_wconf 74' lang='grc' dir='ltr'>οὓτω</span> <span class='ocrx_word' id='word_1_142' title='bbox 1894 1783 1983 1838; x_wconf 81' lang='grc' dir='ltr'>καὶ</span> 
     </span>
    </p>
   </div>
   <div class='ocr_carea' id='block_1_20' title="bbox 328 1871 1984 1952">
    <p class='ocr_par' dir='ltr' id='par_1_20' title="bbox 328 1871 1984 1952">
     <span class='ocr_line' id='line_1_20' title="bbox 328 1871 1984 1952; baseline -0.001 -24"><span class='ocrx_word' id='word_1_143' title='bbox 328 1877 425 1928; x_wconf 82' lang='grc' dir='ltr'>τοῦ</span> <span class='ocrx_word' id='word_1_144' title='bbox 480 1871 685 1948; x_wconf 81' lang='grc' dir='ltr'>κυρίως</span> <span class='ocrx_word' id='word_1_145' title='bbox 742 1871 870 1928; x_wconf 79' lang='grc' dir='ltr'>Υἱοῦ</span> <span class='ocrx_word' id='word_1_146' title='bbox 909 1873 1045 1929; x_wconf 82' lang='grc' dir='ltr'>κατὰ</span> <span class='ocrx_word' id='word_1_147' title='bbox 1092 1873 1247 1952; x_wconf 87' lang='grc' dir='ltr'>φύσιν</span> <span class='ocrx_word' id='word_1_148' title='bbox 1293 1875 1608 1948; x_wconf 68' lang='grc' dir='ltr'>(ἑμοούσιος</span> <span class='ocrx_word' id='word_1_149' title='bbox 1655 1873 1758 1949; x_wconf 76' lang='grc' dir='ltr'>γὰρ</span> <span class='ocrx_word' id='word_1_150' title='bbox 1803 1873 1830 1927; x_wconf 98' lang='lat'>6</span> <span class='ocrx_word' id='word_1_151' title='bbox 1862 1873 1984 1933; x_wconf 76' lang='grc' dir='ltr'>Υἱὸς</span> 
     </span>
    </p>
   </div>
   <div class='ocr_carea' id='block_1_21' title="bbox 329 1961 1979 2038">
    <p class='ocr_par' dir='ltr' id='par_1_21' title="bbox 329 1961 1979 2038">
     <span class='ocr_line' id='line_1_21' title="bbox 329 1961 1979 2038; baseline 0 -22"><span class='ocrx_word' id='word_1_152' title='bbox 329 1966 409 2034; x_wconf 80' lang='grc' dir='ltr'>τῷ</span> <span class='ocrx_word' id='word_1_153' title='bbox 435 1962 652 2038; x_wconf 81' lang='grc' dir='ltr'>Πατρὶ),</span> <span class='ocrx_word' id='word_1_154' title='bbox 681 1962 816 2018; x_wconf 73' lang='grc' dir='ltr'>κατὰ</span> <span class='ocrx_word' id='word_1_155' title='bbox 845 1961 1005 2038; x_wconf 84' lang='grc' dir='ltr'>χάριν</span> <span class='ocrx_word' id='word_1_156' title='bbox 1040 1961 1098 2017; x_wconf 78' lang='grc' dir='ltr'>δὲ</span> <span class='ocrx_word' id='word_1_157' title='bbox 1147 1965 1236 2018; x_wconf 82' lang='grc' dir='ltr'>καὶ</span> <span class='ocrx_word' id='word_1_158' title='bbox 1269 1964 1586 2036; x_wconf 75' lang='grc' dir='ltr'>οἰκονομίαν</span> <span class='ocrx_word' id='word_1_159' title='bbox 1640 1965 1768 2024; x_wconf 86' lang='grc' dir='ltr'>Θεὸς</span> <span class='ocrx_word' id='word_1_160' title='bbox 1819 1962 1979 2037; x_wconf 86' lang='grc' dir='ltr'>λέγε-</span> 
     </span>
    </p>
   </div>
   <div class='ocr_carea' id='block_1_22' title="bbox 329 2047 1980 2131">
    <p class='ocr_par' dir='ltr' id='par_1_22' title="bbox 329 2047 1980 2131">
     <span class='ocr_line' id='line_1_22' title="bbox 329 2047 1980 2131; baseline -0.001 -25"><span class='ocrx_word' id='word_1_161' title='bbox 329 2071 436 2108; x_wconf 85' lang='grc' dir='ltr'>ται.</span> <span class='ocrx_word' id='word_1_162' title='bbox 505 2073 533 2106; x_wconf 77' lang='grc' dir='ltr'>ιι</span> <span class='ocrx_word' id='word_1_163' title='bbox 591 2047 890 2107; x_wconf 80' lang='grc' dir='ltr'>’Δναϐαίνω</span> <span class='ocrx_word' id='word_1_164' title='bbox 964 2052 1088 2128; x_wconf 81' lang='grc' dir='ltr'>γὰρ,</span> <span class='ocrx_word' id='word_1_165' title='bbox 1162 2054 1315 2131; x_wconf 81' lang='grc' dir='ltr'>φησὶ,</span> <span class='ocrx_word' id='word_1_166' title='bbox 1393 2054 1528 2128; x_wconf 87' lang='grc' dir='ltr'>πρὸς</span> <span class='ocrx_word' id='word_1_167' title='bbox 1599 2054 1689 2107; x_wconf 90' lang='grc' dir='ltr'>τὸν</span> <span class='ocrx_word' id='word_1_168' title='bbox 1767 2051 1980 2126; x_wconf 90' lang='grc' dir='ltr'>Πατέρα</span> 
     </span>
    </p>
   </div>
   <div class='ocr_carea' id='block_1_23' title="bbox 330 2141 1974 2218">
    <p class='ocr_par' dir='ltr' id='par_1_23' title="bbox 330 2141 1974 2218">
     <span class='ocr_line' id='line_1_23' title="bbox 330 2141 1974 2218; baseline -0.003 -22"><span class='ocrx_word' id='word_1_169' title='bbox 330 2161 434 2214; x_wconf 89' lang='grc' dir='ltr'>μου</span> <span class='ocrx_word' id='word_1_170' title='bbox 463 2141 555 2196; x_wconf 86' lang='grc' dir='ltr'>καὶ</span> <span class='ocrx_word' id='word_1_171' title='bbox 590 2141 799 2218; x_wconf 87' lang='grc' dir='ltr'>Πατέρα</span> <span class='ocrx_word' id='word_1_172' title='bbox 832 2143 1006 2214; x_wconf 80' lang='grc' dir='ltr'>ὑμῶν,</span> <span class='ocrx_word' id='word_1_173' title='bbox 1040 2142 1127 2196; x_wconf 87' lang='grc' dir='ltr'>καὶ</span> <span class='ocrx_word' id='word_1_174' title='bbox 1161 2143 1288 2198; x_wconf 86' lang='grc' dir='ltr'>Θεὸν</span> <span class='ocrx_word' id='word_1_175' title='bbox 1327 2164 1432 2216; x_wconf 91' lang='grc' dir='ltr'>μου</span> <span class='ocrx_word' id='word_1_176' title='bbox 1462 2144 1551 2197; x_wconf 84' lang='grc' dir='ltr'>καὶ</span> <span class='ocrx_word' id='word_1_177' title='bbox 1582 2143 1708 2198; x_wconf 79' lang='grc' dir='ltr'>Θεὸν</span> <span class='ocrx_word' id='word_1_178' title='bbox 1743 2143 1911 2214; x_wconf 85' lang='grc' dir='ltr'>ὑμῶν.</span> <span class='ocrx_word' id='word_1_179' title='bbox 1947 2165 1974 2192; x_wconf 83' lang='grc'><strong>››</strong></span> 
     </span>
    </p>
   </div>
   <div class='ocr_carea' id='block_1_24' title="bbox 321 2227 1976 2309">
    <p class='ocr_par' dir='ltr' id='par_1_24' title="bbox 321 2227 1976 2309">
     <span class='ocr_line' id='line_1_24' title="bbox 321 2227 1976 2309; baseline 0.001 -26"><span class='ocrx_word' id='word_1_180' title='bbox 321 2234 486 2284; x_wconf 85' lang='grc' dir='ltr'>Ὃτου</span> <span class='ocrx_word' id='word_1_181' title='bbox 544 2228 706 2306; x_wconf 80' lang='grc' dir='ltr'>χάριν</span> <span class='ocrx_word' id='word_1_182' title='bbox 769 2255 797 2283; x_wconf 80' lang='grc' dir='ltr'>α</span> <span class='ocrx_word' id='word_1_183' title='bbox 859 2227 984 2285; x_wconf 76' lang='grc' dir='ltr'>οὐδὲ</span> <span class='ocrx_word' id='word_1_184' title='bbox 1040 2228 1306 2309; x_wconf 74' lang='grc' dir='ltr'>ἀδελφοὺς</span> <span class='ocrx_word' id='word_1_185' title='bbox 1355 2233 1505 2305; x_wconf 77' lang='grc' dir='ltr'>ἡμᾶς</span> <span class='ocrx_word' id='word_1_186' title='bbox 1557 2233 1584 2286; x_wconf 90' lang='grc' dir='ltr'>ὁ</span> <span class='ocrx_word' id='word_1_187' title='bbox 1637 2231 1760 2286; x_wconf 74' lang='grc' dir='ltr'>Υἱὸς</span> <span class='ocrx_word' id='word_1_188' title='bbox 1792 2228 1976 2287; x_wconf 78' lang='grc' dir='ltr'>καλεῖν</span> 
     </span>
    </p>
   </div>
   <div class='ocr_carea' id='block_1_25' title="bbox 319 2319 1974 2400">
    <p class='ocr_par' dir='ltr' id='par_1_25' title="bbox 319 2319 1974 2400">
     <span class='ocr_line' id='line_1_25' title="bbox 319 2319 1974 2400; baseline 0.001 -26"><span class='ocrx_word' id='word_1_189' title='bbox 319 2319 725 2396; x_wconf 77' lang='grc' dir='ltr'>ἐπαισχύνεται·</span> <span class='ocrx_word' id='word_1_190' title='bbox 787 2320 1116 2396; x_wconf 84' lang='grc' dir='ltr'>Ἀπαγγελῶ</span> <span class='ocrx_word' id='word_1_191' title='bbox 1172 2321 1296 2398; x_wconf 72' lang='grc' dir='ltr'>γὰρ,</span> <span class='ocrx_word' id='word_1_192' title='bbox 1352 2322 1507 2400; x_wconf 85' lang='grc' dir='ltr'>φησὶ,</span> <span class='ocrx_word' id='word_1_193' title='bbox 1549 2323 1612 2377; x_wconf 90' lang='grc' dir='ltr'>τὸ</span> <span class='ocrx_word' id='word_1_194' title='bbox 1644 2319 1822 2395; x_wconf 75' lang='grc' dir='ltr'>ὄνομά</span> <span class='ocrx_word' id='word_1_195' title='bbox 1878 2343 1974 2376; x_wconf 91' lang='grc' dir='ltr'>σου</span> 
     </span>
    </p>
   </div>
   <div class='ocr_carea' id='block_1_26' title="bbox 313 2406 1965 2484">
    <p class='ocr_par' dir='ltr' id='par_1_26' title="bbox 313 2406 1965 2484">
     <span class='ocr_line' id='line_1_26' title="bbox 313 2406 1965 2484; baseline 0.001 -20"><span class='ocrx_word' id='word_1_196' title='bbox 313 2414 434 2472; x_wconf 79' lang='grc' dir='ltr'>τοῖς</span> <span class='ocrx_word' id='word_1_197' title='bbox 466 2406 722 2483; x_wconf 81' lang='grc' dir='ltr'>ἀδελφοῖς</span> <span class='ocrx_word' id='word_1_198' title='bbox 755 2431 886 2483; x_wconf 84' lang='grc' dir='ltr'>μου,</span> <span class='ocrx_word' id='word_1_199' title='bbox 918 2410 969 2464; x_wconf 75' lang='grc' dir='ltr'>ἐν</span> <span class='ocrx_word' id='word_1_200' title='bbox 1009 2409 1158 2484; x_wconf 85' lang='grc' dir='ltr'>μέσῳ</span> <span class='ocrx_word' id='word_1_201' title='bbox 1191 2407 1516 2481; x_wconf 75' lang='grc' dir='ltr'>Ἐκκλησίας</span> <span class='ocrx_word' id='word_1_202' title='bbox 1555 2412 1783 2484; x_wconf 75' lang='grc' dir='ltr'>ὑμνήσω</span> <span class='ocrx_word' id='word_1_203' title='bbox 1829 2433 1905 2469; x_wconf 91' lang='grc' dir='ltr'>σε.</span> <span class='ocrx_word' id='word_1_204' title='bbox 1937 2433 1965 2465; x_wconf 75' lang='lat' dir='ltr'>n</span> 
     </span>
    </p>
   </div>
   <div class='ocr_carea' id='block_1_27' title="bbox 315 2498 1971 2575">
    <p class='ocr_par' dir='ltr' id='par_1_27' title="bbox 315 2498 1971 2575">
     <span class='ocr_line' id='line_1_27' title="bbox 315 2498 1971 2575; baseline 0.003 -24"><span class='ocrx_word' id='word_1_205' title='bbox 315 2522 345 2550; x_wconf 90' lang='lat'><strong>«</strong></span> <span class='ocrx_word' id='word_1_206' title='bbox 379 2499 568 2562; x_wconf 82' lang='grc' dir='ltr'>Καθὼς</span> <span class='ocrx_word' id='word_1_207' title='bbox 599 2502 897 2575; x_wconf 63' lang='grc' dir='ltr'>γέγραπιαι</span> <span class='ocrx_word' id='word_1_208' title='bbox 931 2498 982 2553; x_wconf 79' lang='grc' dir='ltr'>ἐν</span> <span class='ocrx_word' id='word_1_209' title='bbox 1013 2498 1172 2572; x_wconf 84' lang='grc' dir='ltr'>νόμῳ</span> <span class='ocrx_word' id='word_1_210' title='bbox 1201 2499 1429 2575; x_wconf 86' lang='grc' dir='ltr'>Κυρίου.</span> <span class='ocrx_word' id='word_1_211' title='bbox 1467 2525 1494 2552; x_wconf 90' lang='grc'><strong>››</strong></span> <span class='ocrx_word' id='word_1_212' title='bbox 1529 2503 1595 2555; x_wconf 84' lang='grc' dir='ltr'>Ὤ</span> <span class='ocrx_word' id='word_1_213' title='bbox 1625 2509 1724 2570; x_wconf 69' lang='grc' dir='ltr'>τῆς</span> <span class='ocrx_word' id='word_1_214' title='bbox 1758 2502 1971 2557; x_wconf 87' lang='grc' dir='ltr'>οἰκονο-</span> 
     </span>
    </p>
   </div>
   <div class='ocr_carea' id='block_1_28' title="bbox 319 2584 1972 2665">
    <p class='ocr_par' dir='ltr' id='par_1_28' title="bbox 319 2584 1972 2665">
     <span class='ocr_line' id='line_1_28' title="bbox 319 2584 1972 2665; baseline 0.003 -25"><span class='ocrx_word' id='word_1_215' title='bbox 319 2586 488 2660; x_wconf 75' lang='grc' dir='ltr'>μίαςί</span> <span class='ocrx_word' id='word_1_216' title='bbox 522 2584 565 2641; x_wconf 82' lang='grc' dir='ltr'>ὣ</span> <span class='ocrx_word' id='word_1_217' title='bbox 605 2595 705 2657; x_wconf 76' lang='grc' dir='ltr'>τῆς</span> <span class='ocrx_word' id='word_1_218' title='bbox 739 2587 1144 2664; x_wconf 79' lang='grc' dir='ltr'>ἀνεξιχνιάστου</span> <span class='ocrx_word' id='word_1_219' title='bbox 1177 2590 1299 2664; x_wconf 86' lang='grc' dir='ltr'>περὶ</span> <span class='ocrx_word' id='word_1_220' title='bbox 1327 2593 1476 2663; x_wconf 78' lang='grc' dir='ltr'>ἡμᾶς</span> <span class='ocrx_word' id='word_1_221' title='bbox 1525 2595 1622 2645; x_wconf 78' lang='grc' dir='ltr'>τοῦ</span> <span class='ocrx_word' id='word_1_222' title='bbox 1664 2591 1843 2665; x_wconf 74' lang='grc' dir='ltr'>Λόγου</span> <span class='ocrx_word' id='word_1_223' title='bbox 1893 2590 1972 2645; x_wconf 86' lang='grc' dir='ltr'>οἷ-</span> 
     </span>
    </p>
   </div>
   <div class='ocr_carea' id='block_1_29' title="bbox 311 2675 1967 2754">
    <p class='ocr_par' dir='ltr' id='par_1_29' title="bbox 311 2675 1967 2754">
     <span class='ocr_line' id='line_1_29' title="bbox 311 2675 1967 2754; baseline 0.004 -24"><span class='ocrx_word' id='word_1_224' title='bbox 311 2675 576 2749; x_wconf 85' lang='grc' dir='ltr'>κονομίας</span> <span class='ocrx_word' id='word_1_225' title='bbox 607 2677 697 2732; x_wconf 85' lang='grc' dir='ltr'>καὶ</span> <span class='ocrx_word' id='word_1_226' title='bbox 731 2678 1070 2754; x_wconf 83' lang='grc' dir='ltr'>ἀγαθότητος</span> <span class='ocrx_word' id='word_1_227' title='bbox 1098 2679 1110 2734; x_wconf 82' lang='lat'>!</span> <span class='ocrx_word' id='word_1_228' title='bbox 1169 2679 1231 2736; x_wconf 75' lang='grc' dir='ltr'>Ὀ</span> <span class='ocrx_word' id='word_1_229' title='bbox 1276 2678 1579 2752; x_wconf 70' lang='grc' dir='ltr'>νομοθέτης</span> <span class='ocrx_word' id='word_1_230' title='bbox 1622 2681 1722 2734; x_wconf 85' lang='grc' dir='ltr'>ὑπὸ</span> <span class='ocrx_word' id='word_1_231' title='bbox 1751 2681 1842 2735; x_wconf 87' lang='grc' dir='ltr'>τὸν</span> <span class='ocrx_word' id='word_1_232' title='bbox 1877 2681 1967 2737; x_wconf 88' lang='grc' dir='ltr'>νό-</span> 
     </span>
    </p>
   </div>
   <div class='ocr_carea' id='block_1_30' title="bbox 318 2766 1965 2846">
    <p class='ocr_par' dir='ltr' id='par_1_30' title="bbox 318 2766 1965 2846">
     <span class='ocr_line' id='line_1_30' title="bbox 318 2766 1965 2846; baseline 0.005 -28"><span class='ocrx_word' id='word_1_233' title='bbox 318 2783 442 2839; x_wconf 87' lang='grc' dir='ltr'>μον·</span> <span class='ocrx_word' id='word_1_234' title='bbox 473 2766 500 2820; x_wconf 90' lang='grc' dir='ltr'>ὁ</span> <span class='ocrx_word' id='word_1_235' title='bbox 530 2769 636 2820; x_wconf 86' lang='grc' dir='ltr'>τῶν</span> <span class='ocrx_word' id='word_1_236' title='bbox 671 2769 980 2824; x_wconf 82' lang='grc' dir='ltr'>Μωσαϊκῶν</span> <span class='ocrx_word' id='word_1_237' title='bbox 1022 2769 1453 2843; x_wconf 81' lang='grc' dir='ltr'>προσταγμάτων</span> <span class='ocrx_word' id='word_1_238' title='bbox 1489 2767 1656 2845; x_wconf 73' lang='grc' dir='ltr'>δοτὴρ</span> <span class='ocrx_word' id='word_1_239' title='bbox 1687 2776 1802 2832; x_wconf 86' lang='grc' dir='ltr'>τοῖς</span> <span class='ocrx_word' id='word_1_240' title='bbox 1832 2791 1965 2846; x_wconf 85' lang='grc' dir='ltr'>προ-</span> 
     </span>
    </p>
   </div>
   <div class='ocr_carea' id='block_1_31' title="bbox 315 2846 1967 2929">
    <p class='ocr_par' dir='ltr' id='par_1_31' title="bbox 315 2846 1967 2929">
     <span class='ocr_line' id='line_1_31' title="bbox 315 2846 1967 2929; baseline 0.002 -19"><span class='ocrx_word' id='word_1_241' title='bbox 315 2846 699 2928; x_wconf 78' lang='grc' dir='ltr'>παττομένοις</span> <span class='ocrx_word' id='word_1_242' title='bbox 734 2857 1060 2913; x_wconf 82' lang='grc' dir='ltr'>ὑποκύπτειν</span> <span class='ocrx_word' id='word_1_243' title='bbox 1093 2857 1193 2912; x_wconf 85' lang='grc' dir='ltr'>ούκ</span> <span class='ocrx_word' id='word_1_244' title='bbox 1234 2856 1597 2914; x_wconf 87' lang='grc' dir='ltr'>ἀπαναίνεται.</span> <span class='ocrx_word' id='word_1_245' title='bbox 1634 2861 1694 2916; x_wconf 91' lang='grc' dir='ltr'>Ὁ</span> <span class='ocrx_word' id='word_1_246' title='bbox 1742 2863 1838 2929; x_wconf 77' lang='grc' dir='ltr'>τῆς</span> <span class='ocrx_word' id='word_1_247' title='bbox 1869 2865 1967 2914; x_wconf 72' lang='grc' dir='ltr'>τοῦ</span> 
     </span>
    </p>
   </div>
   <div class='ocr_carea' id='block_1_32' title="bbox 311 2945 1966 3025">
    <p class='ocr_par' dir='ltr' id='par_1_32' title="bbox 311 2945 1966 3025">
     <span class='ocr_line' id='line_1_32' title="bbox 311 2945 1966 3025; baseline 0.004 -27"><span class='ocrx_word' id='word_1_248' title='bbox 311 2945 486 3018; x_wconf 86' lang='grc' dir='ltr'>νόμου</span> <span class='ocrx_word' id='word_1_249' title='bbox 517 2945 750 3022; x_wconf 81' lang='grc' dir='ltr'>κατάρας</span> <span class='ocrx_word' id='word_1_250' title='bbox 783 2945 1150 3022; x_wconf 81' lang='grc' dir='ltr'>ἐλευθερώσας</span> <span class='ocrx_word' id='word_1_251' title='bbox 1180 2949 1270 3002; x_wconf 88' lang='grc' dir='ltr'>τὸν</span> <span class='ocrx_word' id='word_1_252' title='bbox 1318 2949 1626 3025; x_wconf 82' lang='grc' dir='ltr'>ἄνθρωπον,</span> <span class='ocrx_word' id='word_1_253' title='bbox 1658 2949 1731 3010; x_wconf 83' lang='grc' dir='ltr'>ὡς</span> <span class='ocrx_word' id='word_1_254' title='bbox 1762 2947 1966 3025; x_wconf 80' lang='grc' dir='ltr'>ἄνθρω-</span> 
     </span>
    </p>
   </div>
   <div class='ocr_carea' id='block_1_33' title="bbox 312 3032 1570 3109">
    <p class='ocr_par' dir='ltr' id='par_1_33' title="bbox 312 3032 1570 3109">
     <span class='ocr_line' id='line_1_33' title="bbox 312 3032 1570 3109; baseline 0.004 -21"><span class='ocrx_word' id='word_1_255' title='bbox 312 3054 417 3096; x_wconf 84' lang='grc' dir='ltr'>πος</span> <span class='ocrx_word' id='word_1_256' title='bbox 454 3035 533 3107; x_wconf 81' lang='grc' dir='ltr'>τῷ</span> <span class='ocrx_word' id='word_1_257' title='bbox 564 3035 720 3109; x_wconf 84' lang='grc' dir='ltr'>νόμῳ</span> <span class='ocrx_word' id='word_1_258' title='bbox 753 3033 1028 3092; x_wconf 81' lang='grc' dir='ltr'>δουλεύειν</span> <span class='ocrx_word' id='word_1_259' title='bbox 1060 3035 1158 3091; x_wconf 79' lang='grc' dir='ltr'>οὐκ</span> <span class='ocrx_word' id='word_1_260' title='bbox 1187 3032 1570 3093; x_wconf 76' lang='grc' dir='ltr'>ἀναϐάλλεται.</span> 
     </span>
    </p>
   </div>
   <div class='ocr_carea' id='block_1_34' title="bbox 386 3125 1964 3202">
    <p class='ocr_par' dir='ltr' id='par_1_34' title="bbox 386 3125 1964 3202">
     <span class='ocr_line' id='line_1_34' title="bbox 386 3125 1964 3202; baseline 0.001 -22"><span class='ocrx_word' id='word_1_261' title='bbox 386 3125 436 3180; x_wconf 81' lang='grc'>4.</span> <span class='ocrx_word' id='word_1_262' title='bbox 488 3148 516 3176; x_wconf 80' lang='grc' dir='ltr'>α</span> <span class='ocrx_word' id='word_1_263' title='bbox 554 3125 742 3189; x_wconf 86' lang='grc' dir='ltr'>Καθώς</span> <span class='ocrx_word' id='word_1_264' title='bbox 793 3125 906 3181; x_wconf 74' lang='grc' dir='ltr'>ἐστι</span> <span class='ocrx_word' id='word_1_265' title='bbox 953 3125 1330 3201; x_wconf 83' lang='grc' dir='ltr'>γεγραμμένον</span> <span class='ocrx_word' id='word_1_266' title='bbox 1381 3127 1433 3181; x_wconf 85' lang='grc' dir='ltr'>ἐν</span> <span class='ocrx_word' id='word_1_267' title='bbox 1479 3127 1632 3201; x_wconf 74' lang='grc' dir='ltr'>νόμῳ</span> <span class='ocrx_word' id='word_1_268' title='bbox 1683 3129 1964 3202; x_wconf 77' lang='grc' dir='ltr'>Κυρίου.»</span> 
     </span>
    </p>
   </div>
   <div class='ocr_carea' id='block_1_35' title="bbox 312 3211 1966 3292">
    <p class='ocr_par' dir='ltr' id='par_1_35' title="bbox 312 3211 1966 3292">
     <span class='ocr_line' id='line_1_35' title="bbox 312 3211 1966 3292; baseline 0.005 -26"><span class='ocrx_word' id='word_1_269' title='bbox 312 3211 410 3274; x_wconf 87' lang='grc' dir='ltr'>Τίς</span> <span class='ocrx_word' id='word_1_270' title='bbox 441 3214 468 3268; x_wconf 88' lang='grc' dir='ltr'>ὁ</span> <span class='ocrx_word' id='word_1_271' title='bbox 502 3213 733 3287; x_wconf 81' lang='grc' dir='ltr'>γράψας,</span> <span class='ocrx_word' id='word_1_272' title='bbox 781 3213 902 3285; x_wconf 88' lang='grc' dir='ltr'>τίς;</span> <span class='ocrx_word' id='word_1_273' title='bbox 964 3220 1018 3270; x_wconf 88' lang='grc' dir='ltr'>Ὁ</span> <span class='ocrx_word' id='word_1_274' title='bbox 1051 3215 1268 3290; x_wconf 80' lang='grc' dir='ltr'>Κύριος.</span> <span class='ocrx_word' id='word_1_275' title='bbox 1311 3216 1435 3292; x_wconf 83' lang='grc' dir='ltr'>Ούχ</span> <span class='ocrx_word' id='word_1_276' title='bbox 1480 3219 1556 3279; x_wconf 84' lang='grc' dir='ltr'>εἷς</span> <span class='ocrx_word' id='word_1_277' title='bbox 1606 3218 1694 3272; x_wconf 88' lang='grc' dir='ltr'>καὶ</span> <span class='ocrx_word' id='word_1_278' title='bbox 1745 3220 1772 3273; x_wconf 86' lang='lat'>6</span> <span class='ocrx_word' id='word_1_279' title='bbox 1806 3215 1966 3282; x_wconf 80' lang='grc' dir='ltr'>αὐτός</span> 
     </span>
    </p>
   </div>
   <div class='ocr_carea' id='block_1_36' title="bbox 2119 621 3767 693">
    <p class='ocr_par' dir='ltr' id='par_1_36' title="bbox 2119 621 3767 693">
     <span class='ocr_line' id='line_1_36' title="bbox 2119 621 3767 693; baseline -0.002 -16"><span class='ocrx_word' id='word_1_280' title='bbox 2119 621 2399 677; x_wconf 78' lang='lat' dir='ltr'>occultior</span> <span class='ocrx_word' id='word_1_281' title='bbox 2430 622 2527 676; x_wconf 87' lang='lat' dir='ltr'>Dei</span> <span class='ocrx_word' id='word_1_282' title='bbox 2559 621 2857 692; x_wconf 81' lang='lat' dir='ltr'>generatio</span> <span class='ocrx_word' id='word_1_283' title='bbox 2891 626 2980 676; x_wconf 87' lang='lat' dir='ltr'>est</span> <span class='ocrx_word' id='word_1_284' title='bbox 3010 638 3186 693; x_wconf 81' lang='lat' dir='ltr'>quam</span> <span class='ocrx_word' id='word_1_285' title='bbox 3219 627 3339 678; x_wconf 88' lang='lat' dir='ltr'>tua.</span> <span class='ocrx_word' id='word_1_286' title='bbox 3379 645 3406 673; x_wconf 86' lang='grc'>‹‹</span> <span class='ocrx_word' id='word_1_287' title='bbox 3427 623 3715 680; x_wconf 89' lang='lat' dir='ltr'>Tulerunt</span> <span class='ocrx_word' id='word_1_288' title='bbox 3740 646 3767 674; x_wconf 82' lang='lat'><strong>»</strong></span> 
     </span>
    </p>
   </div>
   <div class='ocr_carea' id='block_1_37' title="bbox 2117 711 3768 782">
    <p class='ocr_par' dir='ltr' id='par_1_37' title="bbox 2117 711 3768 782">
     <span class='ocr_line' id='line_1_37' title="bbox 2117 711 3768 782; baseline 0.002 -17"><span class='ocrx_word' id='word_1_289' title='bbox 2117 715 2388 782; x_wconf 88' lang='lat' dir='ltr'>parentes</span> <span class='ocrx_word' id='word_1_290' title='bbox 2415 727 2662 782; x_wconf 87' lang='lat' dir='ltr'>puerum</span> <span class='ocrx_word' id='word_1_291' title='bbox 2695 711 2897 766; x_wconf 87' lang='lat' dir='ltr'>Jesum</span> <span class='ocrx_word' id='word_1_292' title='bbox 2937 731 2964 764; x_wconf 74' lang='grc' dir='ltr'>α</span> <span class='ocrx_word' id='word_1_293' title='bbox 2992 711 3052 765; x_wconf 90' lang='lat' dir='ltr'>in</span> <span class='ocrx_word' id='word_1_294' title='bbox 3084 711 3427 768; x_wconf 80' lang='lat' dir='ltr'>Jerusalem.</span> <span class='ocrx_word' id='word_1_295' title='bbox 3456 733 3484 761; x_wconf 83' lang='lat'>»</span> <span class='ocrx_word' id='word_1_296' title='bbox 3507 713 3654 776; x_wconf 87' lang='lat' dir='ltr'>Quid</span> <span class='ocrx_word' id='word_1_297' title='bbox 3682 715 3768 769; x_wconf 86' lang='lat' dir='ltr'>fa-</span> 
     </span>
    </p>
   </div>
   <div class='ocr_carea' id='block_1_38' title="bbox 2115 800 3767 875">
    <p class='ocr_par' dir='ltr' id='par_1_38' title="bbox 2115 800 3767 875">
     <span class='ocr_line' id='line_1_38' title="bbox 2115 800 3767 875; baseline 0.003 -21"><span class='ocrx_word' id='word_1_298' title='bbox 2115 800 2314 855; x_wconf 85' lang='lat' dir='ltr'>cturi?</span> <span class='ocrx_word' id='word_1_299' title='bbox 2344 801 2494 857; x_wconf 77' lang='lat'>357</span> <span class='ocrx_word' id='word_1_300' title='bbox 2531 800 2680 854; x_wconf 87' lang='lat' dir='ltr'>Num</span> <span class='ocrx_word' id='word_1_301' title='bbox 2716 805 2778 854; x_wconf 90' lang='lat' dir='ltr'>ut</span> <span class='ocrx_word' id='word_1_302' title='bbox 2811 800 3042 855; x_wconf 87' lang='lat' dir='ltr'>Israelis</span> <span class='ocrx_word' id='word_1_303' title='bbox 3075 817 3323 872; x_wconf 83' lang='lat' dir='ltr'>regnum</span> <span class='ocrx_word' id='word_1_304' title='bbox 3370 803 3767 875; x_wconf 85' lang='lat' dir='ltr'>occuparent?</span> 
     </span>
    </p>
   </div>
   <div class='ocr_carea' id='block_1_39' title="bbox 2114 889 3768 964">
    <p class='ocr_par' dir='ltr' id='par_1_39' title="bbox 2114 889 3768 964">
     <span class='ocr_line' id='line_1_39' title="bbox 2114 889 3768 964; baseline 0.002 -20"><span class='ocrx_word' id='word_1_305' title='bbox 2114 906 2186 944; x_wconf 89' lang='lat' dir='ltr'>an</span> <span class='ocrx_word' id='word_1_306' title='bbox 2233 894 2298 944; x_wconf 90' lang='lat' dir='ltr'>ut</span> <span class='ocrx_word' id='word_1_307' title='bbox 2344 907 2508 944; x_wconf 89' lang='lat' dir='ltr'>arma</span> <span class='ocrx_word' id='word_1_308' title='bbox 2551 889 2945 944; x_wconf 75' lang='lat' dir='ltr'>fabricarent?</span> <span class='ocrx_word' id='word_1_309' title='bbox 2975 895 3076 944; x_wconf 89' lang='lat' dir='ltr'>aut</span> <span class='ocrx_word' id='word_1_310' title='bbox 3100 891 3415 946; x_wconf 86' lang='lat' dir='ltr'>exercitum</span> <span class='ocrx_word' id='word_1_311' title='bbox 3447 893 3768 964; x_wconf 74' lang='lat' dir='ltr'>cogerent?</span> 
     </span>
    </p>
   </div>
   <div class='ocr_carea' id='block_1_40' title="bbox 2109 977 3766 1052">
    <p class='ocr_par' dir='ltr' id='par_1_40' title="bbox 2109 977 3766 1052">
     <span class='ocr_line' id='line_1_40' title="bbox 2109 977 3766 1052; baseline 0.002 -19"><span class='ocrx_word' id='word_1_312' title='bbox 2109 996 2182 1034; x_wconf 85' lang='lat' dir='ltr'>an</span> <span class='ocrx_word' id='word_1_313' title='bbox 2219 983 2282 1033; x_wconf 86' lang='lat' dir='ltr'>ut</span> <span class='ocrx_word' id='word_1_314' title='bbox 2313 979 2615 1050; x_wconf 86' lang='lat' dir='ltr'>quidpiam</span> <span class='ocrx_word' id='word_1_315' title='bbox 2651 977 2807 1032; x_wconf 87' lang='lat' dir='ltr'>aliud</span> <span class='ocrx_word' id='word_1_316' title='bbox 2844 996 2912 1034; x_wconf 75' lang='lat' dir='ltr'>ex</span> <span class='ocrx_word' id='word_1_317' title='bbox 2943 978 3161 1034; x_wconf 83' lang='lat' dir='ltr'>inﬁmis</span> <span class='ocrx_word' id='word_1_318' title='bbox 3193 984 3249 1034; x_wconf 88' lang='lat' dir='ltr'>et</span> <span class='ocrx_word' id='word_1_319' title='bbox 3270 982 3661 1052; x_wconf 90' lang='lat' dir='ltr'>temporaneis</span> <span class='ocrx_word' id='word_1_320' title='bbox 3686 982 3766 1037; x_wconf 85' lang='lat' dir='ltr'>lu-</span> 
     </span>
    </p>
   </div>
   <div class='ocr_carea' id='block_1_41' title="bbox 2109 1069 3762 1140">
    <p class='ocr_par' dir='ltr' id='par_1_41' title="bbox 2109 1069 3762 1140">
     <span class='ocr_line' id='line_1_41' title="bbox 2109 1069 3762 1140; baseline 0.004 -19"><span class='ocrx_word' id='word_1_321' title='bbox 2109 1069 2187 1122; x_wconf 92' lang='lat' dir='ltr'>cri</span> <span class='ocrx_word' id='word_1_322' title='bbox 2224 1085 2403 1139; x_wconf 90' lang='lat' dir='ltr'>puero</span> <span class='ocrx_word' id='word_1_323' title='bbox 2434 1073 2885 1138; x_wconf 78' lang='lat' dir='ltr'>compararent?</span> <span class='ocrx_word' id='word_1_324' title='bbox 2915 1069 3174 1134; x_wconf 85' lang='lat' dir='ltr'>Minime,</span> <span class='ocrx_word' id='word_1_325' title='bbox 3208 1069 3435 1140; x_wconf 86' lang='lat' dir='ltr'>inquit;</span> <span class='ocrx_word' id='word_1_326' title='bbox 3477 1071 3600 1138; x_wconf 88' lang='lat' dir='ltr'>sed,</span> <span class='ocrx_word' id='word_1_327' title='bbox 3634 1094 3662 1121; x_wconf 87' lang='grc'><em>‹‹</em></span> <span class='ocrx_word' id='word_1_328' title='bbox 3697 1076 3762 1126; x_wconf 86' lang='lat' dir='ltr'>ut</span> 
     </span>
    </p>
   </div>
   <div class='ocr_carea' id='block_1_42' title="bbox 2106 1157 3758 1232">
    <p class='ocr_par' dir='ltr' id='par_1_42' title="bbox 2106 1157 3758 1232">
     <span class='ocr_line' id='line_1_42' title="bbox 2106 1157 3758 1232; baseline 0.003 -22"><span class='ocrx_word' id='word_1_329' title='bbox 2106 1157 2385 1212; x_wconf 78' lang='lat' dir='ltr'>sisterent</span> <span class='ocrx_word' id='word_1_330' title='bbox 2412 1175 2544 1212; x_wconf 90' lang='lat' dir='ltr'>eum</span> <span class='ocrx_word' id='word_1_331' title='bbox 2581 1159 2850 1222; x_wconf 89' lang='lat' dir='ltr'>Domino,</span> <span class='ocrx_word' id='word_1_332' title='bbox 2884 1158 3038 1213; x_wconf 85' lang='lat' dir='ltr'>sicut</span> <span class='ocrx_word' id='word_1_333' title='bbox 3069 1159 3353 1229; x_wconf 89' lang='lat' dir='ltr'>scriptum</span> <span class='ocrx_word' id='word_1_334' title='bbox 3389 1163 3476 1213; x_wconf 85' lang='lat' dir='ltr'>est</span> <span class='ocrx_word' id='word_1_335' title='bbox 3523 1159 3583 1215; x_wconf 91' lang='lat' dir='ltr'>in</span> <span class='ocrx_word' id='word_1_336' title='bbox 3633 1161 3758 1232; x_wconf 89' lang='lat' dir='ltr'>lege</span> 
     </span>
    </p>
   </div>
   <div class='ocr_carea' id='block_1_43' title="bbox 2104 1245 3758 1320">
    <p class='ocr_par' dir='ltr' id='par_1_43' title="bbox 2104 1245 3758 1320">
     <span class='ocr_line' id='line_1_43' title="bbox 2104 1245 3758 1320; baseline 0.003 -20"><span class='ocrx_word' id='word_1_337' title='bbox 2104 1245 2358 1300; x_wconf 87' lang='lat' dir='ltr'>Domini.</span> <span class='ocrx_word' id='word_1_338' title='bbox 2413 1268 2439 1294; x_wconf 84' lang='grc'><strong>››</strong></span> <span class='ocrx_word' id='word_1_339' title='bbox 2496 1246 2640 1311; x_wconf 83' lang='lat' dir='ltr'>Quid</span> <span class='ocrx_word' id='word_1_340' title='bbox 2677 1246 2784 1314; x_wconf 86' lang='lat' dir='ltr'>ais,</span> <span class='ocrx_word' id='word_1_341' title='bbox 2820 1264 2851 1301; x_wconf 91' lang='grc' dir='ltr'>ο</span> <span class='ocrx_word' id='word_1_342' title='bbox 2884 1247 3060 1302; x_wconf 89' lang='lat' dir='ltr'>homo</span> <span class='ocrx_word' id='word_1_343' title='bbox 3082 1247 3110 1303; x_wconf 92' lang='lat'>?</span> <span class='ocrx_word' id='word_1_344' title='bbox 3140 1251 3305 1302; x_wconf 91' lang='lat' dir='ltr'>estne</span> <span class='ocrx_word' id='word_1_345' title='bbox 3337 1249 3464 1317; x_wconf 86' lang='lat' dir='ltr'>ejus</span> <span class='ocrx_word' id='word_1_346' title='bbox 3496 1249 3596 1320; x_wconf 90' lang='lat' dir='ltr'>qui</span> <span class='ocrx_word' id='word_1_347' title='bbox 3626 1266 3758 1306; x_wconf 89' lang='lat' dir='ltr'>vere</span> 
     </span>
    </p>
   </div>
   <div class='ocr_carea' id='block_1_44' title="bbox 2103 1335 3755 1409">
    <p class='ocr_par' dir='ltr' id='par_1_44' title="bbox 2103 1335 3755 1409">
     <span class='ocr_line' id='line_1_44' title="bbox 2103 1335 3755 1409; baseline 0.004 -20"><span class='ocrx_word' id='word_1_348' title='bbox 2103 1335 2254 1390; x_wconf 87' lang='lat' dir='ltr'>Deus</span> <span class='ocrx_word' id='word_1_349' title='bbox 2310 1340 2418 1403; x_wconf 87' lang='lat' dir='ltr'>est,</span> <span class='ocrx_word' id='word_1_350' title='bbox 2474 1336 2663 1399; x_wconf 89' lang='lat' dir='ltr'>Deus;</span> <span class='ocrx_word' id='word_1_351' title='bbox 2715 1341 2816 1390; x_wconf 91' lang='lat' dir='ltr'>aut</span> <span class='ocrx_word' id='word_1_352' title='bbox 2865 1338 2994 1406; x_wconf 89' lang='lat' dir='ltr'>ejus</span> <span class='ocrx_word' id='word_1_353' title='bbox 3045 1337 3145 1408; x_wconf 87' lang='lat' dir='ltr'>qui</span> <span class='ocrx_word' id='word_1_354' title='bbox 3197 1336 3426 1409; x_wconf 85' lang='lat' dir='ltr'>proprie</span> <span class='ocrx_word' id='word_1_355' title='bbox 3471 1338 3755 1396; x_wconf 89' lang='lat' dir='ltr'>Dominus</span> 
     </span>
    </p>
   </div>
   <div class='ocr_carea' id='block_1_45' title="bbox 2101 1423 3751 1496">
    <p class='ocr_par' dir='ltr' id='par_1_45' title="bbox 2101 1423 3751 1496">
     <span class='ocr_line' id='line_1_45' title="bbox 2101 1423 3751 1496; baseline 0.002 -16"><span class='ocrx_word' id='word_1_356' title='bbox 2101 1429 2210 1495; x_wconf 88' lang='lat' dir='ltr'>est,</span> <span class='ocrx_word' id='word_1_357' title='bbox 2268 1425 2553 1480; x_wconf 87' lang='lat' dir='ltr'>Dominus</span> <span class='ocrx_word' id='word_1_358' title='bbox 2604 1423 2790 1480; x_wconf 83' lang='lat' dir='ltr'>alter?</span> <span class='ocrx_word' id='word_1_359' title='bbox 2819 1426 2918 1480; x_wconf 88' lang='lat' dir='ltr'>Est</span> <span class='ocrx_word' id='word_1_360' title='bbox 2950 1425 3142 1496; x_wconf 84' lang='lat' dir='ltr'>plane,</span> <span class='ocrx_word' id='word_1_361' title='bbox 3177 1442 3283 1481; x_wconf 89' lang='lat' dir='ltr'>nec</span> <span class='ocrx_word' id='word_1_362' title='bbox 3314 1426 3444 1482; x_wconf 91' lang='lat' dir='ltr'>ideo</span> <span class='ocrx_word' id='word_1_363' title='bbox 3475 1431 3704 1484; x_wconf 86' lang='lat' dir='ltr'>metuas</span> <span class='ocrx_word' id='word_1_364' title='bbox 3738 1445 3751 1484; x_wconf 91' lang='lat'><strong>:</strong></span> 
     </span>
    </p>
   </div>
   <div class='ocr_carea' id='block_1_46' title="bbox 2101 1515 3752 1590">
    <p class='ocr_par' dir='ltr' id='par_1_46' title="bbox 2101 1515 3752 1590">
     <span class='ocr_line' id='line_1_46' title="bbox 2101 1515 3752 1590; baseline 0.004 -22"><span class='ocrx_word' id='word_1_365' title='bbox 2101 1532 2212 1570; x_wconf 79' lang='lat' dir='ltr'>non</span> <span class='ocrx_word' id='word_1_366' title='bbox 2249 1520 2338 1571; x_wconf 90' lang='lat' dir='ltr'>est</span> <span class='ocrx_word' id='word_1_367' title='bbox 2370 1516 2587 1586; x_wconf 87' lang='lat' dir='ltr'>quippe</span> <span class='ocrx_word' id='word_1_368' title='bbox 2615 1531 2716 1587; x_wconf 86' lang='lat' dir='ltr'>per</span> <span class='ocrx_word' id='word_1_369' title='bbox 2748 1520 3020 1570; x_wconf 88' lang='lat' dir='ltr'>naturam</span> <span class='ocrx_word' id='word_1_370' title='bbox 3052 1515 3219 1583; x_wconf 89' lang='lat' dir='ltr'>illud,</span> <span class='ocrx_word' id='word_1_371' title='bbox 3245 1517 3345 1570; x_wconf 85' lang='lat' dir='ltr'>sed</span> <span class='ocrx_word' id='word_1_372' title='bbox 3371 1533 3472 1588; x_wconf 91' lang='lat' dir='ltr'>per</span> <span class='ocrx_word' id='word_1_373' title='bbox 3501 1517 3752 1590; x_wconf 81' lang='lat' dir='ltr'>gratiam</span> 
     </span>
    </p>
   </div>
   <div class='ocr_carea' id='block_1_47' title="bbox 2098 1605 3749 1676">
    <p class='ocr_par' dir='ltr' id='par_1_47' title="bbox 2098 1605 3749 1676">
     <span class='ocr_line' id='line_1_47' title="bbox 2098 1605 3749 1676; baseline 0.001 -17"><span class='ocrx_word' id='word_1_374' title='bbox 2098 1609 2155 1659; x_wconf 93' lang='lat' dir='ltr'>et</span> <span class='ocrx_word' id='word_1_375' title='bbox 2204 1621 2523 1676; x_wconf 87' lang='lat' dir='ltr'>supernam</span> <span class='ocrx_word' id='word_1_376' title='bbox 2581 1605 2987 1660; x_wconf 82' lang='lat' dir='ltr'>oeconomiam.</span> <span class='ocrx_word' id='word_1_377' title='bbox 3039 1606 3547 1670; x_wconf 87' lang='lat' dir='ltr'>Quemadmodum</span> <span class='ocrx_word' id='word_1_378' title='bbox 3592 1607 3749 1661; x_wconf 87' lang='lat' dir='ltr'>enim</span> 
     </span>
    </p>
   </div>
   <div class='ocr_carea' id='block_1_48' title="bbox 2097 1694 3751 1766">
    <p class='ocr_par' dir='ltr' id='par_1_48' title="bbox 2097 1694 3751 1766">
     <span class='ocr_line' id='line_1_48' title="bbox 2097 1694 3751 1766; baseline 0.002 -17"><span class='ocrx_word' id='word_1_379' title='bbox 2097 1710 2300 1749; x_wconf 89' lang='lat' dir='ltr'>eorum</span> <span class='ocrx_word' id='word_1_380' title='bbox 2352 1694 2452 1765; x_wconf 90' lang='lat' dir='ltr'>qui</span> <span class='ocrx_word' id='word_1_381' title='bbox 2506 1711 2619 1748; x_wconf 90' lang='lat' dir='ltr'>non</span> <span class='ocrx_word' id='word_1_382' title='bbox 2671 1698 2809 1750; x_wconf 92' lang='lat' dir='ltr'>sunt</span> <span class='ocrx_word' id='word_1_383' title='bbox 2862 1694 3092 1766; x_wconf 88' lang='lat' dir='ltr'>proprie</span> <span class='ocrx_word' id='word_1_384' title='bbox 3150 1694 3253 1748; x_wconf 77' lang='lat' dir='ltr'>lilii</span> <span class='ocrx_word' id='word_1_385' title='bbox 3309 1699 3482 1750; x_wconf 89' lang='lat' dir='ltr'>Pater</span> <span class='ocrx_word' id='word_1_386' title='bbox 3533 1696 3751 1752; x_wconf 89' lang='lat' dir='ltr'>dicitur</span> 
     </span>
    </p>
   </div>
   <div class='ocr_carea' id='block_1_49' title="bbox 2095 1783 3748 1854">
    <p class='ocr_par' dir='ltr' id='par_1_49' title="bbox 2095 1783 3748 1854">
     <span class='ocr_line' id='line_1_49' title="bbox 2095 1783 3748 1854; baseline 0.001 -16"><span class='ocrx_word' id='word_1_387' title='bbox 2095 1783 2250 1838; x_wconf 90' lang='lat' dir='ltr'>Deus</span> <span class='ocrx_word' id='word_1_388' title='bbox 2285 1783 2472 1837; x_wconf 88' lang='lat' dir='ltr'>:Nam</span> <span class='ocrx_word' id='word_1_389' title='bbox 2525 1804 2553 1831; x_wconf 82' lang='lat'>«</span> <span class='ocrx_word' id='word_1_390' title='bbox 2604 1783 2740 1854; x_wconf 85' lang='lat' dir='ltr'>Ego,</span> <span class='ocrx_word' id='word_1_391' title='bbox 2790 1783 2891 1852; x_wconf 87' lang='lat' dir='ltr'>ait,</span> <span class='ocrx_word' id='word_1_392' title='bbox 2938 1783 3054 1837; x_wconf 80' lang='lat' dir='ltr'>dixi</span> <span class='ocrx_word' id='word_1_393' title='bbox 3109 1801 3120 1838; x_wconf 91' lang='lat'>:</span> <span class='ocrx_word' id='word_1_394' title='bbox 3173 1783 3263 1838; x_wconf 91' lang='lat' dir='ltr'>Dii</span> <span class='ocrx_word' id='word_1_395' title='bbox 3321 1784 3484 1852; x_wconf 87' lang='lat' dir='ltr'>estis,</span> <span class='ocrx_word' id='word_1_396' title='bbox 3536 1788 3593 1839; x_wconf 89' lang='lat' dir='ltr'>et</span> <span class='ocrx_word' id='word_1_397' title='bbox 3642 1785 3748 1839; x_wconf 86' lang='lat' dir='ltr'>ﬁlii</span> 
     </span>
    </p>
   </div>
   <div class='ocr_carea' id='block_1_50' title="bbox 2096 1871 3742 1944">
    <p class='ocr_par' dir='ltr' id='par_1_50' title="bbox 2096 1871 3742 1944">
     <span class='ocr_line' id='line_1_50' title="bbox 2096 1871 3742 1944; baseline 0.002 -18"><span class='ocrx_word' id='word_1_398' title='bbox 2096 1871 2319 1927; x_wconf 87' lang='lat' dir='ltr'>Excelsi</span> <span class='ocrx_word' id='word_1_399' title='bbox 2352 1887 2558 1926; x_wconf 91' lang='lat' dir='ltr'>omnes</span> <span class='ocrx_word' id='word_1_400' title='bbox 2580 1873 2633 1939; x_wconf 76' lang='lat'>9;</span> <span class='ocrx_word' id='word_1_401' title='bbox 2662 1894 2689 1920; x_wconf 82' lang='grc'>››</span> <span class='ocrx_word' id='word_1_402' title='bbox 2724 1872 2806 1926; x_wconf 89' lang='lat' dir='ltr'>ita</span> <span class='ocrx_word' id='word_1_403' title='bbox 2835 1889 3064 1942; x_wconf 90' lang='lat' dir='ltr'>quoque</span> <span class='ocrx_word' id='word_1_404' title='bbox 3093 1871 3252 1927; x_wconf 90' lang='lat' dir='ltr'>illius</span> <span class='ocrx_word' id='word_1_405' title='bbox 3285 1873 3386 1944; x_wconf 88' lang='lat' dir='ltr'>qui</span> <span class='ocrx_word' id='word_1_406' title='bbox 3415 1875 3742 1929; x_wconf 88' lang='lat' dir='ltr'>secundum</span> 
     </span>
    </p>
   </div>
   <div class='ocr_carea' id='block_1_51' title="bbox 2091 1960 3742 2032">
    <p class='ocr_par' dir='ltr' id='par_1_51' title="bbox 2091 1960 3742 2032">
     <span class='ocr_line' id='line_1_51' title="bbox 2091 1960 3742 2032; baseline 0.001 -16"><span class='ocrx_word' id='word_1_407' title='bbox 2091 1965 2365 2016; x_wconf 87' lang='lat' dir='ltr'>naturam</span> <span class='ocrx_word' id='word_1_408' title='bbox 2397 1960 2578 2016; x_wconf 85' lang='lat' dir='ltr'>Filius</span> <span class='ocrx_word' id='word_1_409' title='bbox 2608 1964 2698 2016; x_wconf 91' lang='lat' dir='ltr'>est</span> <span class='ocrx_word' id='word_1_410' title='bbox 2729 1960 3276 2032; x_wconf 86' lang='lat' dir='ltr'>(consubstantialis</span> <span class='ocrx_word' id='word_1_411' title='bbox 3297 1962 3452 2017; x_wconf 87' lang='lat' dir='ltr'>enim</span> <span class='ocrx_word' id='word_1_412' title='bbox 3475 1966 3562 2018; x_wconf 87' lang='lat' dir='ltr'>est</span> <span class='ocrx_word' id='word_1_413' title='bbox 3584 1963 3742 2019; x_wconf 88' lang='lat' dir='ltr'>Patri</span> 
     </span>
    </p>
   </div>
   <div class='ocr_carea' id='block_1_52' title="bbox 2089 2049 3738 2123">
    <p class='ocr_par' dir='ltr' id='par_1_52' title="bbox 2089 2049 3738 2123">
     <span class='ocr_line' id='line_1_52' title="bbox 2089 2049 3738 2123; baseline 0.002 -18"><span class='ocrx_word' id='word_1_414' title='bbox 2089 2049 2313 2122; x_wconf 88' lang='lat' dir='ltr'>Filius),</span> <span class='ocrx_word' id='word_1_415' title='bbox 2338 2067 2440 2122; x_wconf 84' lang='lat' dir='ltr'>per</span> <span class='ocrx_word' id='word_1_416' title='bbox 2468 2050 2718 2121; x_wconf 85' lang='lat' dir='ltr'>gratiam</span> <span class='ocrx_word' id='word_1_417' title='bbox 2750 2055 2945 2106; x_wconf 90' lang='lat' dir='ltr'>autem</span> <span class='ocrx_word' id='word_1_418' title='bbox 2976 2055 3033 2107; x_wconf 91' lang='lat' dir='ltr'>et</span> <span class='ocrx_word' id='word_1_419' title='bbox 3053 2053 3460 2123; x_wconf 82' lang='lat' dir='ltr'>ceconomiam,</span> <span class='ocrx_word' id='word_1_420' title='bbox 3485 2058 3635 2109; x_wconf 89' lang='lat' dir='ltr'>Deus</span> <span class='ocrx_word' id='word_1_421' title='bbox 3657 2055 3738 2110; x_wconf 79' lang='lat' dir='ltr'>di-</span> 
     </span>
    </p>
   </div>
   <div class='ocr_carea' id='block_1_53' title="bbox 2087 2139 3740 2212">
    <p class='ocr_par' dir='ltr' id='par_1_53' title="bbox 2087 2139 3740 2212">
     <span class='ocr_line' id='line_1_53' title="bbox 2087 2139 3740 2212; baseline 0.002 -16"><span class='ocrx_word' id='word_1_422' title='bbox 2087 2141 2321 2196; x_wconf 88' lang='lat' dir='ltr'>citur:«</span> <span class='ocrx_word' id='word_1_423' title='bbox 2346 2140 2610 2195; x_wconf 88' lang='lat' dir='ltr'>Ascendo</span> <span class='ocrx_word' id='word_1_424' title='bbox 2643 2139 3052 2212; x_wconf 88' lang='lat' dir='ltr'>enim,inquit,</span> <span class='ocrx_word' id='word_1_425' title='bbox 3088 2142 3158 2196; x_wconf 89' lang='lat' dir='ltr'>ad</span> <span class='ocrx_word' id='word_1_426' title='bbox 3191 2146 3419 2197; x_wconf 87' lang='lat' dir='ltr'>Patrem</span> <span class='ocrx_word' id='word_1_427' title='bbox 3453 2159 3650 2200; x_wconf 88' lang='lat' dir='ltr'>meum</span> <span class='ocrx_word' id='word_1_428' title='bbox 3682 2149 3740 2200; x_wconf 90' lang='lat' dir='ltr'>et</span> 
     </span>
    </p>
   </div>
   <div class='ocr_carea' id='block_1_54' title="bbox 2085 2230 3732 2300">
    <p class='ocr_par' dir='ltr' id='par_1_54' title="bbox 2085 2230 3732 2300">
     <span class='ocr_line' id='line_1_54' title="bbox 2085 2230 3732 2300; baseline 0 -15"><span class='ocrx_word' id='word_1_429' title='bbox 2085 2230 2315 2286; x_wconf 88' lang='lat' dir='ltr'>Patrem</span> <span class='ocrx_word' id='word_1_430' title='bbox 2340 2233 2814 2300; x_wconf 87' lang='lat' dir='ltr'>vestrum,Deum</span> <span class='ocrx_word' id='word_1_431' title='bbox 2845 2247 3040 2285; x_wconf 89' lang='lat' dir='ltr'>meum</span> <span class='ocrx_word' id='word_1_432' title='bbox 3066 2235 3124 2286; x_wconf 90' lang='lat' dir='ltr'>et</span> <span class='ocrx_word' id='word_1_433' title='bbox 3143 2231 3326 2287; x_wconf 91' lang='lat' dir='ltr'>Deum</span> <span class='ocrx_word' id='word_1_434' title='bbox 3349 2236 3608 2289; x_wconf 89' lang='lat' dir='ltr'>vestrum</span> <span class='ocrx_word' id='word_1_435' title='bbox 3634 2235 3732 2288; x_wconf 78' lang='grc' dir='ltr'>ιο.»</span> 
     </span>
    </p>
   </div>
   <div class='ocr_carea' id='block_1_55' title="bbox 2084 2320 3736 2392">
    <p class='ocr_par' dir='ltr' id='par_1_55' title="bbox 2084 2320 3736 2392">
     <span class='ocr_line' id='line_1_55' title="bbox 2084 2320 3736 2392; baseline 0.004 -18"><span class='ocrx_word' id='word_1_436' title='bbox 2084 2321 2449 2392; x_wconf 86' lang='lat' dir='ltr'>Quapropter</span> <span class='ocrx_word' id='word_1_437' title='bbox 2471 2342 2498 2369; x_wconf 87' lang='lat'><strong>«</strong></span> <span class='ocrx_word' id='word_1_438' title='bbox 2523 2337 2638 2376; x_wconf 92' lang='lat' dir='ltr'>non</span> <span class='ocrx_word' id='word_1_439' title='bbox 2663 2321 3042 2376; x_wconf 84' lang='lat' dir='ltr'>confunditur</span> <span class='ocrx_word' id='word_1_440' title='bbox 3065 2320 3244 2376; x_wconf 82' lang='lat' dir='ltr'>Filius</span> <span class='ocrx_word' id='word_1_441' title='bbox 3269 2339 3375 2376; x_wconf 89' lang='lat' dir='ltr'>nos</span> <span class='ocrx_word' id='word_1_442' title='bbox 3398 2339 3598 2378; x_wconf 89' lang='lat' dir='ltr'>vocare</span> <span class='ocrx_word' id='word_1_443' title='bbox 3621 2325 3736 2380; x_wconf 80' lang='lat' dir='ltr'>fra-</span> 
     </span>
    </p>
   </div>
   <div class='ocr_carea' id='block_1_56' title="bbox 2080 2408 3733 2479">
    <p class='ocr_par' dir='ltr' id='par_1_56' title="bbox 2080 2408 3733 2479">
     <span class='ocr_line' id='line_1_56' title="bbox 2080 2408 3733 2479; baseline 0.002 -15"><span class='ocrx_word' id='word_1_444' title='bbox 2080 2409 2307 2477; x_wconf 88' lang='lat' dir='ltr'>tres,ait</span> <span class='ocrx_word' id='word_1_445' title='bbox 2322 2408 2476 2464; x_wconf 86' lang='lat' dir='ltr'>enim</span> <span class='ocrx_word' id='word_1_446' title='bbox 2499 2425 2513 2463; x_wconf 88' lang='lat'><strong>:</strong></span> <span class='ocrx_word' id='word_1_447' title='bbox 2536 2408 2831 2465; x_wconf 87' lang='lat' dir='ltr'>Nuntiabo</span> <span class='ocrx_word' id='word_1_448' title='bbox 2850 2426 3063 2465; x_wconf 90' lang='lat' dir='ltr'>nomen</span> <span class='ocrx_word' id='word_1_449' title='bbox 3082 2413 3248 2466; x_wconf 92' lang='lat' dir='ltr'>tuum</span> <span class='ocrx_word' id='word_1_450' title='bbox 3268 2411 3545 2468; x_wconf 83' lang='lat' dir='ltr'>fratribus</span> <span class='ocrx_word' id='word_1_451' title='bbox 3564 2413 3733 2479; x_wconf 88' lang='lat' dir='ltr'>meis,</span> 
     </span>
    </p>
   </div>
   <div class='ocr_carea' id='block_1_57' title="bbox 2080 2497 3735 2574">
    <p class='ocr_par' dir='ltr' id='par_1_57' title="bbox 2080 2497 3735 2574">
     <span class='ocr_line' id='line_1_57' title="bbox 2080 2497 3735 2574; baseline 0.002 -20"><span class='ocrx_word' id='word_1_452' title='bbox 2080 2499 2140 2554; x_wconf 90' lang='lat' dir='ltr'>in</span> <span class='ocrx_word' id='word_1_453' title='bbox 2165 2498 2354 2554; x_wconf 90' lang='lat' dir='ltr'>medio</span> <span class='ocrx_word' id='word_1_454' title='bbox 2379 2497 2644 2554; x_wconf 67' lang='lat' dir='ltr'>Ecclesia:</span> <span class='ocrx_word' id='word_1_455' title='bbox 2675 2498 2927 2555; x_wconf 88' lang='lat' dir='ltr'>laudabo</span> <span class='ocrx_word' id='word_1_456' title='bbox 2958 2504 3035 2554; x_wconf 88' lang='lat' dir='ltr'>te.</span> <span class='ocrx_word' id='word_1_457' title='bbox 3062 2521 3090 2550; x_wconf 84' lang='lat'>»</span> <span class='ocrx_word' id='word_1_458' title='bbox 3110 2531 3180 2540; x_wconf 90' lang='lat'>—-</span> <span class='ocrx_word' id='word_1_459' title='bbox 3203 2523 3230 2552; x_wconf 87' lang='grc'><strong>‹‹</strong></span> <span class='ocrx_word' id='word_1_460' title='bbox 3254 2501 3414 2557; x_wconf 91' lang='lat' dir='ltr'>Sicut</span> <span class='ocrx_word' id='word_1_461' title='bbox 3446 2502 3735 2574; x_wconf 88' lang='lat' dir='ltr'>scriptum</span> 
     </span>
    </p>
   </div>
   <div class='ocr_carea' id='block_1_58' title="bbox 2079 2587 3734 2663">
    <p class='ocr_par' dir='ltr' id='par_1_58' title="bbox 2079 2587 3734 2663">
     <span class='ocr_line' id='line_1_58' title="bbox 2079 2587 3734 2663; baseline 0.002 -19"><span class='ocrx_word' id='word_1_462' title='bbox 2079 2592 2169 2644; x_wconf 90' lang='lat' dir='ltr'>est</span> <span class='ocrx_word' id='word_1_463' title='bbox 2201 2589 2260 2642; x_wconf 89' lang='lat' dir='ltr'>in</span> <span class='ocrx_word' id='word_1_464' title='bbox 2296 2587 2416 2660; x_wconf 87' lang='lat' dir='ltr'>lege</span> <span class='ocrx_word' id='word_1_465' title='bbox 2452 2587 2678 2644; x_wconf 91' lang='lat' dir='ltr'>Domini</span> <span class='ocrx_word' id='word_1_466' title='bbox 2715 2590 2780 2644; x_wconf 79' lang='grc' dir='ltr'>ίί.</span> <span class='ocrx_word' id='word_1_467' title='bbox 2815 2608 2842 2638; x_wconf 85' lang='grc'><strong>››</strong></span> <span class='ocrx_word' id='word_1_468' title='bbox 2872 2588 2914 2644; x_wconf 92' lang='grc' dir='ltr'>Ο</span> <span class='ocrx_word' id='word_1_469' title='bbox 2963 2589 3382 2645; x_wconf 85' lang='lat' dir='ltr'>oeconomiam!</span> <span class='ocrx_word' id='word_1_470' title='bbox 3435 2608 3466 2645; x_wconf 91' lang='grc' dir='ltr'>ο</span> <span class='ocrx_word' id='word_1_471' title='bbox 3515 2590 3734 2663; x_wconf 86' lang='lat' dir='ltr'>imper-</span> 
     </span>
    </p>
   </div>
   <div class='ocr_carea' id='block_1_59' title="bbox 2079 2677 3734 2750">
    <p class='ocr_par' dir='ltr' id='par_1_59' title="bbox 2079 2677 3734 2750">
     <span class='ocr_line' id='line_1_59' title="bbox 2079 2677 3734 2750; baseline 0.002 -18"><span class='ocrx_word' id='word_1_472' title='bbox 2079 2677 2463 2734; x_wconf 87' lang='lat' dir='ltr'>scrutabilem</span> <span class='ocrx_word' id='word_1_473' title='bbox 2513 2677 2686 2733; x_wconf 89' lang='lat' dir='ltr'>Verbi</span> <span class='ocrx_word' id='word_1_474' title='bbox 2738 2694 2878 2750; x_wconf 89' lang='lat' dir='ltr'>erga</span> <span class='ocrx_word' id='word_1_475' title='bbox 2925 2695 3030 2734; x_wconf 89' lang='lat' dir='ltr'>nos</span> <span class='ocrx_word' id='word_1_476' title='bbox 3064 2679 3434 2735; x_wconf 88' lang='lat' dir='ltr'>clementiam</span> <span class='ocrx_word' id='word_1_477' title='bbox 3469 2698 3534 2736; x_wconf 89' lang='lat' dir='ltr'>ac</span> <span class='ocrx_word' id='word_1_478' title='bbox 3565 2682 3734 2738; x_wconf 83' lang='lat' dir='ltr'>boni-</span> 
     </span>
    </p>
   </div>
   <div class='ocr_carea' id='block_1_60' title="bbox 2076 2766 3732 2842">
    <p class='ocr_par' dir='ltr' id='par_1_60' title="bbox 2076 2766 3732 2842">
     <span class='ocr_line' id='line_1_60' title="bbox 2076 2766 3732 2842; baseline 0.003 -19"><span class='ocrx_word' id='word_1_479' title='bbox 2076 2767 2285 2823; x_wconf 87' lang='lat' dir='ltr'>tatem!</span> <span class='ocrx_word' id='word_1_480' title='bbox 2322 2766 2642 2840; x_wconf 87' lang='lat' dir='ltr'>Legislator</span> <span class='ocrx_word' id='word_1_481' title='bbox 2671 2769 2782 2823; x_wconf 90' lang='lat' dir='ltr'>sub</span> <span class='ocrx_word' id='word_1_482' title='bbox 2813 2767 3381 2840; x_wconf 78' lang='lat' dir='ltr'>legezMosaicorum</span> <span class='ocrx_word' id='word_1_483' title='bbox 3415 2769 3562 2826; x_wconf 86' lang='lat' dir='ltr'>lator</span> <span class='ocrx_word' id='word_1_484' title='bbox 3592 2788 3732 2842; x_wconf 71' lang='lat' dir='ltr'>pra:-</span> 
     </span>
    </p>
   </div>
   <div class='ocr_carea' id='block_1_61' title="bbox 2075 2861 3732 2935">
    <p class='ocr_par' dir='ltr' id='par_1_61' title="bbox 2075 2861 3732 2935">
     <span class='ocr_line' id='line_1_61' title="bbox 2075 2861 3732 2935; baseline 0.004 -21"><span class='ocrx_word' id='word_1_485' title='bbox 2075 2863 2400 2930; x_wconf 71' lang='lat' dir='ltr'>ceptorum,</span> <span class='ocrx_word' id='word_1_486' title='bbox 2433 2877 2550 2914; x_wconf 91' lang='lat' dir='ltr'>non</span> <span class='ocrx_word' id='word_1_487' title='bbox 2583 2863 2814 2915; x_wconf 86' lang='lat' dir='ltr'>recusat</span> <span class='ocrx_word' id='word_1_488' title='bbox 2857 2861 3002 2931; x_wconf 89' lang='lat' dir='ltr'>ipsis</span> <span class='ocrx_word' id='word_1_489' title='bbox 3053 2861 3355 2930; x_wconf 85' lang='lat' dir='ltr'>subjacere</span> <span class='ocrx_word' id='word_1_490' title='bbox 3404 2864 3732 2935; x_wconf 63' lang='lat' dir='ltr'>praeceptis.</span> 
     </span>
    </p>
   </div>
   <div class='ocr_carea' id='block_1_62' title="bbox 2075 2949 3731 3021">
    <p class='ocr_par' dir='ltr' id='par_1_62' title="bbox 2075 2949 3731 3021">
     <span class='ocr_line' id='line_1_62' title="bbox 2075 2949 3731 3021; baseline 0.004 -18"><span class='ocrx_word' id='word_1_491' title='bbox 2075 2949 2181 3012; x_wconf 89' lang='lat' dir='ltr'>Qui</span> <span class='ocrx_word' id='word_1_492' title='bbox 2209 2967 2243 3005; x_wconf 90' lang='lat' dir='ltr'>a</span> <span class='ocrx_word' id='word_1_493' title='bbox 2271 2949 2417 3021; x_wconf 84' lang='lat' dir='ltr'>legis</span> <span class='ocrx_word' id='word_1_494' title='bbox 2450 2950 2758 3005; x_wconf 87' lang='lat' dir='ltr'>maledicto</span> <span class='ocrx_word' id='word_1_495' title='bbox 2791 2950 3090 3005; x_wconf 84' lang='lat' dir='ltr'>hominem</span> <span class='ocrx_word' id='word_1_496' title='bbox 3122 2950 3413 3016; x_wconf 89' lang='lat' dir='ltr'>liberavit,</span> <span class='ocrx_word' id='word_1_497' title='bbox 3440 2970 3554 3008; x_wconf 91' lang='lat' dir='ltr'>non</span> <span class='ocrx_word' id='word_1_498' title='bbox 3591 2971 3731 3010; x_wconf 88' lang='lat' dir='ltr'>cun-</span> 
     </span>
    </p>
   </div>
   <div class='ocr_carea' id='block_1_63' title="bbox 2075 3039 3120 3111">
    <p class='ocr_par' dir='ltr' id='par_1_63' title="bbox 2075 3039 3120 3111">
     <span class='ocr_line' id='line_1_63' title="bbox 2075 3039 3120 3111; baseline 0.003 -18"><span class='ocrx_word' id='word_1_499' title='bbox 2075 3042 2269 3093; x_wconf 89' lang='lat' dir='ltr'>ctatur</span> <span class='ocrx_word' id='word_1_500' title='bbox 2299 3040 2411 3109; x_wconf 89' lang='lat' dir='ltr'>ipsi</span> <span class='ocrx_word' id='word_1_501' title='bbox 2444 3039 2554 3111; x_wconf 85' lang='lat' dir='ltr'>legi</span> <span class='ocrx_word' id='word_1_502' title='bbox 2586 3045 2651 3094; x_wconf 89' lang='lat' dir='ltr'>ut</span> <span class='ocrx_word' id='word_1_503' title='bbox 2680 3040 2855 3095; x_wconf 90' lang='lat' dir='ltr'>homo</span> <span class='ocrx_word' id='word_1_504' title='bbox 2883 3041 3120 3096; x_wconf 88' lang='lat' dir='ltr'>servire.</span> 
     </span>
    </p>
   </div>
   <div class='ocr_carea' id='block_1_64' title="bbox 2150 3128 3727 3201">
    <p class='ocr_par' dir='ltr' id='par_1_64' title="bbox 2150 3128 3727 3201">
     <span class='ocr_line' id='line_1_64' title="bbox 2150 3128 3727 3201; baseline 0.004 -19"><span class='ocrx_word' id='word_1_505' title='bbox 2150 3129 2203 3184; x_wconf 85' lang='grc'>4.</span> <span class='ocrx_word' id='word_1_506' title='bbox 2240 3151 2267 3178; x_wconf 86' lang='grc'><em>‹‹</em></span> <span class='ocrx_word' id='word_1_507' title='bbox 2295 3128 2456 3183; x_wconf 85' lang='lat' dir='ltr'>Sicut</span> <span class='ocrx_word' id='word_1_508' title='bbox 2488 3130 2773 3200; x_wconf 87' lang='lat' dir='ltr'>scriptum</span> <span class='ocrx_word' id='word_1_509' title='bbox 2806 3135 2896 3184; x_wconf 89' lang='lat' dir='ltr'>est</span> <span class='ocrx_word' id='word_1_510' title='bbox 2925 3128 2982 3184; x_wconf 91' lang='lat' dir='ltr'>in</span> <span class='ocrx_word' id='word_1_511' title='bbox 3015 3129 3140 3201; x_wconf 86' lang='lat' dir='ltr'>lege</span> <span class='ocrx_word' id='word_1_512' title='bbox 3171 3131 3422 3187; x_wconf 92' lang='lat' dir='ltr'>Domini.</span> <span class='ocrx_word' id='word_1_513' title='bbox 3472 3154 3498 3182; x_wconf 85' lang='grc'><strong>››</strong></span> <span class='ocrx_word' id='word_1_514' title='bbox 3552 3132 3727 3198; x_wconf 88' lang='lat' dir='ltr'>Quis-</span> 
     </span>
    </p>
   </div>
   <div class='ocr_carea' id='block_1_65' title="bbox 2077 3218 3725 3291">
    <p class='ocr_par' dir='ltr' id='par_1_65' title="bbox 2077 3218 3725 3291">
     <span class='ocr_line' id='line_1_65' title="bbox 2077 3218 3725 3291; baseline 0.004 -20"><span class='ocrx_word' id='word_1_515' title='bbox 2077 3233 2215 3272; x_wconf 88' lang='lat' dir='ltr'>nam</span> <span class='ocrx_word' id='word_1_516' title='bbox 2242 3219 2458 3288; x_wconf 90' lang='lat' dir='ltr'>estqui</span> <span class='ocrx_word' id='word_1_517' title='bbox 2491 3218 2766 3290; x_wconf 82' lang='lat' dir='ltr'>scripsit?</span> <span class='ocrx_word' id='word_1_518' title='bbox 2797 3219 2944 3290; x_wconf 87' lang='lat' dir='ltr'>quis,</span> <span class='ocrx_word' id='word_1_519' title='bbox 2981 3220 3244 3291; x_wconf 89' lang='lat' dir='ltr'>inquam,</span> <span class='ocrx_word' id='word_1_520' title='bbox 3277 3222 3725 3278; x_wconf 79' lang='lat' dir='ltr'>estPDominus.</span> 
     </span>
    </p>
   </div>
   <div class='ocr_carea' id='block_1_66' title="bbox 315 3288 1974 3381">
    <p class='ocr_par' dir='ltr' id='par_1_66' title="bbox 315 3300 1963 3381">
     <span class='ocr_line' id='line_1_66' title="bbox 315 3300 1963 3381; baseline 0.005 -25"><span class='ocrx_word' id='word_1_521' title='bbox 315 3300 457 3356; x_wconf 72' lang='grc' dir='ltr'>ἐστιν</span> <span class='ocrx_word' id='word_1_522' title='bbox 491 3301 671 3374; x_wconf 76' lang='grc' dir='ltr'>οὗτος,</span> <span class='ocrx_word' id='word_1_523' title='bbox 705 3303 732 3357; x_wconf 87' lang='grc' dir='ltr'>ὁ</span> <span class='ocrx_word' id='word_1_524' title='bbox 767 3303 860 3358; x_wconf 73' lang='grc' dir='ltr'>σὺν</span> <span class='ocrx_word' id='word_1_525' title='bbox 889 3304 1057 3380; x_wconf 85' lang='grc' dir='ltr'>Πατρὶ</span> <span class='ocrx_word' id='word_1_526' title='bbox 1097 3305 1187 3360; x_wconf 87' lang='grc' dir='ltr'>καὶ</span> <span class='ocrx_word' id='word_1_527' title='bbox 1242 3305 1513 3379; x_wconf 87' lang='grc' dir='ltr'>Πνεύματι</span> <span class='ocrx_word' id='word_1_528' title='bbox 1565 3304 1963 3381; x_wconf 72' lang='grc' dir='ltr'>δοξάζομενοςς</span> 
     </span>
    </p>
   </div>
   <div class='ocr_carea' id='block_1_67' title="bbox 2088 3288 3729 3381">
    <p class='ocr_par' dir='ltr' id='par_1_67' title="bbox 2088 3307 3729 3381">
     <span class='ocr_line' id='line_1_67' title="bbox 2088 3307 3729 3381; baseline 0.003 -19"><span class='ocrx_word' id='word_1_529' title='bbox 2088 3307 2280 3362; x_wconf 63' lang='lat' dir='ltr'>Nonne</span> <span class='ocrx_word' id='word_1_530' title='bbox 2311 3325 2464 3362; x_wconf 89' lang='lat' dir='ltr'>unus</span> <span class='ocrx_word' id='word_1_531' title='bbox 2493 3313 2667 3378; x_wconf 89' lang='lat' dir='ltr'>atque</span> <span class='ocrx_word' id='word_1_532' title='bbox 2701 3309 2749 3362; x_wconf 88' lang='lat' dir='ltr'>is</span> <span class='ocrx_word' id='word_1_533' title='bbox 2793 3308 2918 3378; x_wconf 90' lang='lat' dir='ltr'>ipse</span> <span class='ocrx_word' id='word_1_534' title='bbox 2966 3313 3072 3379; x_wconf 87' lang='lat' dir='ltr'>est,</span> <span class='ocrx_word' id='word_1_535' title='bbox 3123 3311 3222 3381; x_wconf 92' lang='lat' dir='ltr'>qui</span> <span class='ocrx_word' id='word_1_536' title='bbox 3275 3326 3409 3365; x_wconf 89' lang='lat' dir='ltr'>cum</span> <span class='ocrx_word' id='word_1_537' title='bbox 3455 3311 3623 3367; x_wconf 86' lang='lat' dir='ltr'>Patre</span> <span class='ocrx_word' id='word_1_538' title='bbox 3672 3316 3729 3367; x_wconf 90' lang='lat' dir='ltr'>et</span> 
     </span>
    </p>
   </div>
   <div class='ocr_carea' id='block_1_68' title="bbox 311 3391 1962 3471">
    <p class='ocr_par' dir='ltr' id='par_1_68' title="bbox 311 3391 1962 3471">
     <span class='ocr_line' id='line_1_68' title="bbox 311 3391 1962 3471; baseline 0.004 -27"><span class='ocrx_word' id='word_1_539' title='bbox 311 3391 438 3446; x_wconf 79' lang='grc' dir='ltr'>Ναὶ.</span> <span class='ocrx_word' id='word_1_540' title='bbox 475 3391 652 3469; x_wconf 85' lang='grc' dir='ltr'>φησίν·</span> <span class='ocrx_word' id='word_1_541' title='bbox 687 3391 833 3448; x_wconf 82' lang='grc' dir='ltr'>ἀλλά</span> <span class='ocrx_word' id='word_1_542' title='bbox 864 3400 964 3464; x_wconf 78' lang='grc' dir='ltr'>τῆς</span> <span class='ocrx_word' id='word_1_543' title='bbox 1015 3393 1332 3468; x_wconf 75' lang='grc' dir='ltr'>οἶκονομίας</span> <span class='ocrx_word' id='word_1_544' title='bbox 1380 3399 1562 3465; x_wconf 74' lang='grc' dir='ltr'>τοῦτο,</span> <span class='ocrx_word' id='word_1_545' title='bbox 1616 3396 1705 3450; x_wconf 81' lang='grc' dir='ltr'>καὶ</span> <span class='ocrx_word' id='word_1_546' title='bbox 1754 3395 1850 3452; x_wconf 82' lang='grc' dir='ltr'>τοῦ</span> <span class='ocrx_word' id='word_1_547' title='bbox 1886 3399 1962 3471; x_wconf 79' lang='grc' dir='ltr'>μὴ</span> 
     </span>
    </p>
   </div>
   <div class='ocr_carea' id='block_1_69' title="bbox 306 3482 1962 3559">
    <p class='ocr_par' dir='ltr' id='par_1_69' title="bbox 306 3482 1962 3559">
     <span class='ocr_line' id='line_1_69' title="bbox 306 3482 1962 3559; baseline 0.005 -25"><span class='ocrx_word' id='word_1_548' title='bbox 306 3482 638 3554; x_wconf 74' lang='grc' dir='ltr'>νομισθῆναι</span> <span class='ocrx_word' id='word_1_549' title='bbox 696 3488 817 3545; x_wconf 87' lang='grc' dir='ltr'>τοῖς</span> <span class='ocrx_word' id='word_1_550' title='bbox 873 3482 1280 3559; x_wconf 84' lang='grc' dir='ltr'>χριστομάχοις</span> <span class='ocrx_word' id='word_1_551' title='bbox 1340 3484 1600 3547; x_wconf 83' lang='grc' dir='ltr'>ἀντίθεος.</span> <span class='ocrx_word' id='word_1_552' title='bbox 1637 3509 1665 3538; x_wconf 92' lang='grc'>‹‹</span> <span class='ocrx_word' id='word_1_553' title='bbox 1722 3487 1814 3555; x_wconf 57' lang='lat' dir='ltr'>Mi)</span> <span class='ocrx_word' id='word_1_554' title='bbox 1876 3508 1962 3542; x_wconf 85' lang='grc' dir='ltr'>νο-</span> 
     </span>
    </p>
   </div>
   <div class='ocr_carea' id='block_1_70' title="bbox 313 3569 1961 3649">
    <p class='ocr_par' dir='ltr' id='par_1_70' title="bbox 313 3569 1961 3649">
     <span class='ocr_line' id='line_1_70' title="bbox 313 3569 1961 3649; baseline 0.005 -26"><span class='ocrx_word' id='word_1_555' title='bbox 313 3569 509 3642; x_wconf 87' lang='grc' dir='ltr'>μίσητε</span> <span class='ocrx_word' id='word_1_556' title='bbox 563 3572 690 3646; x_wconf 80' lang='grc' dir='ltr'>γὰρ,</span> <span class='ocrx_word' id='word_1_557' title='bbox 751 3572 937 3649; x_wconf 81' lang='grc' dir='ltr'>φησὶν,</span> <span class='ocrx_word' id='word_1_558' title='bbox 998 3571 1082 3628; x_wconf 74' lang='grc' dir='ltr'>ὅτι</span> <span class='ocrx_word' id='word_1_559' title='bbox 1135 3573 1307 3642; x_wconf 74' lang='grc' dir='ltr'>ἦλθον</span> <span class='ocrx_word' id='word_1_560' title='bbox 1367 3572 1665 3630; x_wconf 74' lang='grc' dir='ltr'>καταλῦσαι</span> <span class='ocrx_word' id='word_1_561' title='bbox 1721 3576 1812 3631; x_wconf 86' lang='grc' dir='ltr'>τὸν</span> <span class='ocrx_word' id='word_1_562' title='bbox 1870 3576 1961 3631; x_wconf 83' lang='grc' dir='ltr'>νό-</span> 
     </span>
    </p>
   </div>
   <div class='ocr_carea' id='block_1_71' title="bbox 314 3660 1964 3740">
    <p class='ocr_par' dir='ltr' id='par_1_71' title="bbox 314 3660 1964 3740">
     <span class='ocr_line' id='line_1_71' title="bbox 314 3660 1964 3740; baseline 0.004 -26"><span class='ocrx_word' id='word_1_563' title='bbox 314 3679 416 3733; x_wconf 90' lang='grc' dir='ltr'>μον</span> <span class='ocrx_word' id='word_1_564' title='bbox 447 3660 482 3729; x_wconf 79' lang='grc' dir='ltr'><strong>ἢ</strong></span> <span class='ocrx_word' id='word_1_565' title='bbox 532 3660 660 3723; x_wconf 82' lang='grc' dir='ltr'>τοὺς</span> <span class='ocrx_word' id='word_1_566' title='bbox 712 3663 1020 3740; x_wconf 76' lang='grc' dir='ltr'>προφήτας·</span> <span class='ocrx_word' id='word_1_567' title='bbox 1081 3663 1180 3718; x_wconf 81' lang='grc' dir='ltr'>οὐκ</span> <span class='ocrx_word' id='word_1_568' title='bbox 1225 3661 1396 3732; x_wconf 70' lang='grc' dir='ltr'>ἦλθον</span> <span class='ocrx_word' id='word_1_569' title='bbox 1443 3663 1764 3735; x_wconf 67' lang='grc' dir='ltr'>καταλῦσαι,</span> <span class='ocrx_word' id='word_1_570' title='bbox 1817 3663 1964 3722; x_wconf 82' lang='grc' dir='ltr'>ἀλλᾶ</span> 
     </span>
    </p>
   </div>
   <div class='ocr_carea' id='block_1_72' title="bbox 309 3746 1959 3833">
    <p class='ocr_par' dir='ltr' id='par_1_72' title="bbox 309 3746 1959 3833">
     <span class='ocr_line' id='line_1_72' title="bbox 309 3746 1959 3833; baseline 0.004 -30"><span class='ocrx_word' id='word_1_571' title='bbox 309 3746 630 3826; x_wconf 87' lang='grc' dir='ltr'>πληρῶσαι.</span> <span class='ocrx_word' id='word_1_572' title='bbox 671 3772 697 3804; x_wconf 73' lang='grc' dir='ltr'>ιο</span> <span class='ocrx_word' id='word_1_573' title='bbox 736 3751 831 3806; x_wconf 80' lang='grc' dir='ltr'>Δαὶ</span> <span class='ocrx_word' id='word_1_574' title='bbox 861 3749 914 3805; x_wconf 90' lang='grc' dir='ltr'>τί</span> <span class='ocrx_word' id='word_1_575' title='bbox 969 3751 1114 3822; x_wconf 82' lang='grc' dir='ltr'>ξένον</span> <span class='ocrx_word' id='word_1_576' title='bbox 1163 3753 1209 3807; x_wconf 82' lang='grc' dir='ltr'>εἰ</span> <span class='ocrx_word' id='word_1_577' title='bbox 1261 3754 1288 3807; x_wconf 90' lang='grc' dir='ltr'>ὁ</span> <span class='ocrx_word' id='word_1_578' title='bbox 1335 3754 1582 3829; x_wconf 84' lang='grc' dir='ltr'>γέννησιν</span> <span class='ocrx_word' id='word_1_579' title='bbox 1633 3755 1721 3809; x_wconf 84' lang='grc' dir='ltr'>καὶ</span> <span class='ocrx_word' id='word_1_580' title='bbox 1758 3754 1959 3833; x_wconf 79' lang='grc' dir='ltr'>φάτνην</span> 
     </span>
    </p>
   </div>
   <div class='ocr_carea' id='block_1_73' title="bbox 309 3838 1964 3917">
    <p class='ocr_par' dir='ltr' id='par_1_73' title="bbox 309 3838 1964 3917">
     <span class='ocr_line' id='line_1_73' title="bbox 309 3838 1964 3917; baseline 0.005 -25"><span class='ocrx_word' id='word_1_581' title='bbox 309 3838 402 3893; x_wconf 83' lang='grc' dir='ltr'>καὶ</span> <span class='ocrx_word' id='word_1_582' title='bbox 461 3838 756 3915; x_wconf 85' lang='grc' dir='ltr'>σπάργανα,</span> <span class='ocrx_word' id='word_1_583' title='bbox 815 3840 904 3895; x_wconf 81' lang='grc' dir='ltr'>καὶ</span> <span class='ocrx_word' id='word_1_584' title='bbox 962 3843 1270 3917; x_wconf 76' lang='grc' dir='ltr'>περιτομὴν</span> <span class='ocrx_word' id='word_1_585' title='bbox 1332 3841 1754 3917; x_wconf 80' lang='grc' dir='ltr'>καταδεξάμενος</span> <span class='ocrx_word' id='word_1_586' title='bbox 1809 3845 1964 3900; x_wconf 70' lang='grc' dir='ltr'>ὀκταο</span> 
     </span>
    </p>
   </div>
   <div class='ocr_carea' id='block_1_74' title="bbox 312 3927 1960 4008">
    <p class='ocr_par' dir='ltr' id='par_1_74' title="bbox 312 3927 1960 4008">
     <span class='ocr_line' id='line_1_74' title="bbox 312 3927 1960 4008; baseline 0.004 -26"><span class='ocrx_word' id='word_1_587' title='bbox 312 3929 546 4002; x_wconf 69' lang='grc' dir='ltr'>ἥμερον,</span> <span class='ocrx_word' id='word_1_588' title='bbox 581 3928 670 3984; x_wconf 86' lang='grc' dir='ltr'>καὶ</span> <span class='ocrx_word' id='word_1_589' title='bbox 702 3937 1037 4005; x_wconf 77' lang='grc' dir='ltr'>παραστῆναι</span> <span class='ocrx_word' id='word_1_590' title='bbox 1090 3927 1259 3987; x_wconf 79' lang='grc' dir='ltr'>ἔναντι</span> <span class='ocrx_word' id='word_1_591' title='bbox 1311 3931 1509 4008; x_wconf 87' lang='grc' dir='ltr'>Κυρίου</span> <span class='ocrx_word' id='word_1_592' title='bbox 1556 3933 1692 3988; x_wconf 81' lang='grc' dir='ltr'>κατά</span> <span class='ocrx_word' id='word_1_593' title='bbox 1736 3934 1827 3988; x_wconf 90' lang='grc' dir='ltr'>τὸν</span> <span class='ocrx_word' id='word_1_594' title='bbox 1871 3930 1960 3988; x_wconf 87' lang='grc' dir='ltr'>νό-</span> 
     </span>
    </p>
   </div>
   <div class='ocr_carea' id='block_1_75' title="bbox 314 4018 1962 4096">
    <p class='ocr_par' dir='ltr' id='par_1_75' title="bbox 314 4018 1962 4096">
     <span class='ocr_line' id='line_1_75' title="bbox 314 4018 1962 4096; baseline 0.003 -24"><span class='ocrx_word' id='word_1_595' title='bbox 314 4038 416 4091; x_wconf 89' lang='grc' dir='ltr'>μον</span> <span class='ocrx_word' id='word_1_596' title='bbox 450 4018 648 4073; x_wconf 75' lang='grc' dir='ltr'>ἅνεισιν</span> <span class='ocrx_word' id='word_1_597' title='bbox 683 4019 759 4080; x_wconf 84' lang='grc' dir='ltr'>εἷς</span> <span class='ocrx_word' id='word_1_598' title='bbox 789 4019 1163 4096; x_wconf 82' lang='grc' dir='ltr'>Ἱεροσόλυμα·</span> <span class='ocrx_word' id='word_1_599' title='bbox 1209 4020 1268 4082; x_wconf 82' lang='grc' dir='ltr'>ὅς</span> <span class='ocrx_word' id='word_1_600' title='bbox 1298 4041 1361 4096; x_wconf 88' lang='grc' dir='ltr'>γε</span> <span class='ocrx_word' id='word_1_601' title='bbox 1387 4026 1645 4076; x_wconf 73' lang='grc' dir='ltr'>τοσοῦτον</span> <span class='ocrx_word' id='word_1_602' title='bbox 1700 4023 1799 4077; x_wconf 87' lang='grc' dir='ltr'>ούκ</span> <span class='ocrx_word' id='word_1_603' title='bbox 1847 4021 1962 4077; x_wconf 81' lang='grc' dir='ltr'>ἐπι-</span> 
     </span>
    </p>
   </div>
   <div class='ocr_carea' id='block_1_76' title="bbox 306 4105 1962 4186">
    <p class='ocr_par' dir='ltr' id='par_1_76' title="bbox 306 4105 1962 4186">
     <span class='ocr_line' id='line_1_76' title="bbox 306 4105 1962 4186; baseline 0.003 -25"><span class='ocrx_word' id='word_1_604' title='bbox 306 4105 640 4162; x_wconf 84' lang='grc' dir='ltr'>καλύπτεται</span> <span class='ocrx_word' id='word_1_605' title='bbox 668 4107 904 4179; x_wconf 76' lang='grc' dir='ltr'>τούτοις,</span> <span class='ocrx_word' id='word_1_606' title='bbox 941 4107 1023 4163; x_wconf 82' lang='grc' dir='ltr'>ὅτι</span> <span class='ocrx_word' id='word_1_607' title='bbox 1053 4110 1142 4164; x_wconf 79' lang='grc' dir='ltr'>καὶ</span> <span class='ocrx_word' id='word_1_608' title='bbox 1171 4114 1253 4182; x_wconf 77' lang='grc' dir='ltr'>τῷ</span> <span class='ocrx_word' id='word_1_609' title='bbox 1286 4109 1537 4186; x_wconf 78' lang='grc' dir='ltr'>Στεφάνῳ</span> <span class='ocrx_word' id='word_1_610' title='bbox 1579 4108 1962 4167; x_wconf 88' lang='grc' dir='ltr'>λιθολευστου-</span> 
     </span>
    </p>
   </div>
   <div class='ocr_carea' id='block_1_77' title="bbox 322 4193 1963 4276">
    <p class='ocr_par' dir='ltr' id='par_1_77' title="bbox 322 4193 1963 4276">
     <span class='ocr_line' id='line_1_77' title="bbox 322 4193 1963 4276; baseline 0.003 -26"><span class='ocrx_word' id='word_1_611' title='bbox 322 4193 470 4268; x_wconf 84' lang='grc' dir='ltr'>μένῳ</span> <span class='ocrx_word' id='word_1_612' title='bbox 501 4196 638 4271; x_wconf 85' lang='grc' dir='ltr'>πρὸς</span> <span class='ocrx_word' id='word_1_613' title='bbox 666 4193 943 4251; x_wconf 83' lang='grc' dir='ltr'>Ἰουδαίων</span> <span class='ocrx_word' id='word_1_614' title='bbox 988 4196 1050 4252; x_wconf 75' lang='grc' dir='ltr'>ἐκ</span> <span class='ocrx_word' id='word_1_615' title='bbox 1098 4195 1285 4269; x_wconf 79' lang='grc' dir='ltr'>δεξεῶν</span> <span class='ocrx_word' id='word_1_616' title='bbox 1339 4199 1545 4255; x_wconf 72' lang='grc' dir='ltr'>ἑστῶτα</span> <span class='ocrx_word' id='word_1_617' title='bbox 1597 4205 1693 4255; x_wconf 81' lang='grc' dir='ltr'>τοῦ</span> <span class='ocrx_word' id='word_1_618' title='bbox 1755 4201 1963 4276; x_wconf 77' lang='grc' dir='ltr'>[ἰατρὸς</span> 
     </span>
    </p>
   </div>
   <div class='ocr_carea' id='block_1_78' title="bbox 309 4284 1959 4364">
    <p class='ocr_par' dir='ltr' id='par_1_78' title="bbox 309 4284 1959 4364">
     <span class='ocr_line' id='line_1_78' title="bbox 309 4284 1959 4364; baseline 0.005 -26"><span class='ocrx_word' id='word_1_619' title='bbox 309 4284 593 4363; x_wconf 74' lang='grc' dir='ltr'>ἐμφανίζει</span> <span class='ocrx_word' id='word_1_620' title='bbox 627 4285 839 4355; x_wconf 74' lang='grc' dir='ltr'>ἑαυτὸν,</span> <span class='ocrx_word' id='word_1_621' title='bbox 869 4285 1046 4342; x_wconf 87' lang='grc' dir='ltr'>καίτοι</span> <span class='ocrx_word' id='word_1_622' title='bbox 1081 4287 1319 4360; x_wconf 79' lang='grc' dir='ltr'>μονίμην</span> <span class='ocrx_word' id='word_1_623' title='bbox 1354 4285 1498 4364; x_wconf 81' lang='grc' dir='ltr'>ἔχων</span> <span class='ocrx_word' id='word_1_624' title='bbox 1528 4291 1623 4359; x_wconf 77' lang='grc' dir='ltr'>τήν</span> <span class='ocrx_word' id='word_1_625' title='bbox 1671 4289 1730 4345; x_wconf 82' lang='grc' dir='ltr'>ἐκ</span> <span class='ocrx_word' id='word_1_626' title='bbox 1777 4288 1959 4361; x_wconf 82' lang='grc' dir='ltr'>δεξιῶν</span> 
     </span>
    </p>
   </div>
   <div class='ocr_carea' id='block_1_79' title="bbox 305 4375 1959 4460">
    <p class='ocr_par' dir='ltr' id='par_1_79' title="bbox 305 4375 1959 4460">
     <span class='ocr_line' id='line_1_79' title="bbox 305 4375 1959 4460; baseline 0.003 -30"><span class='ocrx_word' id='word_1_627' title='bbox 305 4375 509 4431; x_wconf 75' lang='grc' dir='ltr'>τούτου</span> <span class='ocrx_word' id='word_1_628' title='bbox 539 4375 802 4453; x_wconf 82' lang='grc' dir='ltr'>καθέδραν</span> <span class='ocrx_word' id='word_1_629' title='bbox 836 4378 924 4432; x_wconf 80' lang='grc' dir='ltr'>καὶ</span> <span class='ocrx_word' id='word_1_630' title='bbox 958 4375 1320 4436; x_wconf 79' lang='grc' dir='ltr'>ἀδιάπτωτον.</span> <span class='ocrx_word' id='word_1_631' title='bbox 1355 4404 1383 4432; x_wconf 85' lang='grc'>‹‹</span> <span class='ocrx_word' id='word_1_632' title='bbox 1419 4382 1551 4438; x_wconf 68' lang='lat' dir='ltr'>Eine</span> <span class='ocrx_word' id='word_1_633' title='bbox 1599 4381 1723 4456; x_wconf 73' lang='grc' dir='ltr'>γὰρ,</span> <span class='ocrx_word' id='word_1_634' title='bbox 1775 4382 1959 4460; x_wconf 79' lang='grc' dir='ltr'>φησὶν,</span> 
     </span>
    </p>
   </div>
   <div class='ocr_carea' id='block_1_80' title="bbox 307 4465 1960 4545">
    <p class='ocr_par' dir='ltr' id='par_1_80' title="bbox 307 4465 1960 4545">
     <span class='ocr_line' id='line_1_80' title="bbox 307 4465 1960 4545; baseline 0.004 -25"><span class='ocrx_word' id='word_1_635' title='bbox 307 4465 338 4520; x_wconf 85' lang='grc' dir='ltr'>ὁ</span> <span class='ocrx_word' id='word_1_636' title='bbox 396 4465 593 4541; x_wconf 86' lang='grc' dir='ltr'>Κύριος</span> <span class='ocrx_word' id='word_1_637' title='bbox 651 4470 732 4538; x_wconf 82' lang='grc' dir='ltr'>τῷ</span> <span class='ocrx_word' id='word_1_638' title='bbox 793 4466 974 4542; x_wconf 87' lang='grc' dir='ltr'>Κυρίῳ</span> <span class='ocrx_word' id='word_1_639' title='bbox 1036 4489 1160 4540; x_wconf 90' lang='grc' dir='ltr'>μου.</span> <span class='ocrx_word' id='word_1_640' title='bbox 1223 4469 1404 4526; x_wconf 83' lang='grc' dir='ltr'>Κάθου</span> <span class='ocrx_word' id='word_1_641' title='bbox 1463 4469 1521 4525; x_wconf 80' lang='grc' dir='ltr'>ἐκ</span> <span class='ocrx_word' id='word_1_642' title='bbox 1595 4468 1778 4545; x_wconf 77' lang='grc' dir='ltr'>δεξιῶν</span> <span class='ocrx_word' id='word_1_643' title='bbox 1835 4493 1960 4545; x_wconf 78' lang='grc' dir='ltr'>μου,</span> 
     </span>
    </p>
   </div>
   <div class='ocr_carea' id='block_1_81' title="bbox 303 4551 1959 4632">
    <p class='ocr_par' dir='ltr' id='par_1_81' title="bbox 303 4551 1959 4632">
     <span class='ocr_line' id='line_1_81' title="bbox 303 4551 1959 4632; baseline 0.004 -22"><span class='ocrx_word' id='word_1_644' title='bbox 303 4551 412 4617; x_wconf 69' lang='grc' dir='ltr'>ἕως</span> <span class='ocrx_word' id='word_1_645' title='bbox 444 4555 503 4609; x_wconf 76' lang='grc' dir='ltr'>ἃν</span> <span class='ocrx_word' id='word_1_646' title='bbox 533 4556 610 4609; x_wconf 90' lang='grc' dir='ltr'>θῶ</span> <span class='ocrx_word' id='word_1_647' title='bbox 639 4556 766 4618; x_wconf 80' lang='grc' dir='ltr'>τοὺς</span> <span class='ocrx_word' id='word_1_648' title='bbox 825 4554 1056 4632; x_wconf 79' lang='grc' dir='ltr'>ἐχθρούς</span> <span class='ocrx_word' id='word_1_649' title='bbox 1117 4579 1212 4612; x_wconf 89' lang='grc' dir='ltr'>σου</span> <span class='ocrx_word' id='word_1_650' title='bbox 1273 4557 1569 4614; x_wconf 81' lang='grc' dir='ltr'>ὑποπόδιον</span> <span class='ocrx_word' id='word_1_651' title='bbox 1626 4565 1732 4616; x_wconf 88' lang='grc' dir='ltr'>τῶν</span> <span class='ocrx_word' id='word_1_652' title='bbox 1776 4559 1959 4617; x_wconf 83' lang='grc' dir='ltr'>ποδῶν</span> 
     </span>
    </p>
   </div>
   <div class='ocr_carea' id='block_1_82' title="bbox 2075 3395 3729 3470">
    <p class='ocr_par' dir='ltr' id='par_1_82' title="bbox 2075 3395 3729 3470">
     <span class='ocr_line' id='line_1_82' title="bbox 2075 3395 3729 3470; baseline 0.003 -18"><span class='ocrx_word' id='word_1_653' title='bbox 2075 3396 2294 3468; x_wconf 89' lang='lat' dir='ltr'>Spiritu</span> <span class='ocrx_word' id='word_1_654' title='bbox 2344 3395 2748 3468; x_wconf 85' lang='lat' dir='ltr'>gloriﬁcatur?</span> <span class='ocrx_word' id='word_1_655' title='bbox 2777 3397 2982 3467; x_wconf 88' lang='lat' dir='ltr'>Etiam,</span> <span class='ocrx_word' id='word_1_656' title='bbox 3017 3398 3241 3470; x_wconf 90' lang='lat' dir='ltr'>inquit;</span> <span class='ocrx_word' id='word_1_657' title='bbox 3275 3399 3373 3454; x_wconf 88' lang='lat' dir='ltr'>sed</span> <span class='ocrx_word' id='word_1_658' title='bbox 3409 3400 3550 3455; x_wconf 90' lang='lat' dir='ltr'>illud</span> <span class='ocrx_word' id='word_1_659' title='bbox 3584 3419 3729 3457; x_wconf 82' lang='lat' dir='ltr'>meo-</span> 
     </span>
    </p>
   </div>
   <div class='ocr_carea' id='block_1_83' title="bbox 2074 3485 3729 3553">
    <p class='ocr_par' dir='ltr' id='par_1_83' title="bbox 2074 3485 3729 3553">
     <span class='ocr_line' id='line_1_83' title="bbox 2074 3485 3729 3553; baseline 0.003 -11"><span class='ocrx_word' id='word_1_660' title='bbox 2074 3486 2284 3542; x_wconf 66' lang='lat' dir='ltr'>nomize</span> <span class='ocrx_word' id='word_1_661' title='bbox 2317 3491 2426 3553; x_wconf 89' lang='lat' dir='ltr'>est,</span> <span class='ocrx_word' id='word_1_662' title='bbox 2461 3490 2518 3540; x_wconf 87' lang='lat' dir='ltr'>et</span> <span class='ocrx_word' id='word_1_663' title='bbox 2544 3502 2614 3541; x_wconf 91' lang='lat' dir='ltr'>ne</span> <span class='ocrx_word' id='word_1_664' title='bbox 2646 3485 2915 3542; x_wconf 87' lang='lat' dir='ltr'>Christus</span> <span class='ocrx_word' id='word_1_665' title='bbox 2946 3487 3202 3542; x_wconf 85' lang='lat' dir='ltr'>inimicis</span> <span class='ocrx_word' id='word_1_666' title='bbox 3233 3489 3357 3544; x_wconf 91' lang='lat' dir='ltr'>suis</span> <span class='ocrx_word' id='word_1_667' title='bbox 3390 3506 3518 3545; x_wconf 90' lang='lat' dir='ltr'>esse</span> <span class='ocrx_word' id='word_1_668' title='bbox 3539 3490 3729 3547; x_wconf 88' lang='lat' dir='ltr'>videa-</span> 
     </span>
    </p>
   </div>
   <div class='ocr_carea' id='block_1_84' title="bbox 2074 3563 3730 3644">
    <p class='ocr_par' dir='ltr' id='par_1_84' title="bbox 2074 3563 3730 3644">
     <span class='ocr_line' id='line_1_84' title="bbox 2074 3563 3730 3644; baseline 0.004 -14"><span class='ocrx_word' id='word_1_669' title='bbox 2074 3580 2172 3632; x_wconf 88' lang='lat' dir='ltr'>tur</span> <span class='ocrx_word' id='word_1_670' title='bbox 2236 3572 2499 3644; x_wconf 75' lang='grc' dir='ltr'>ἀντίθεος,</span> <span class='ocrx_word' id='word_1_671' title='bbox 2547 3575 2603 3629; x_wconf 90' lang='lat' dir='ltr'>id</span> <span class='ocrx_word' id='word_1_672' title='bbox 2663 3579 2773 3643; x_wconf 90' lang='lat' dir='ltr'>est,</span> <span class='ocrx_word' id='word_1_673' title='bbox 2836 3576 2952 3632; x_wconf 91' lang='lat' dir='ltr'>Deo</span> <span class='ocrx_word' id='word_1_674' title='bbox 3010 3563 3475 3634; x_wconf 41' lang='lat' dir='ltr'>adversarius...</span> <span class='ocrx_word' id='word_1_675' title='bbox 3539 3580 3730 3636; x_wconf 88' lang='lat' dir='ltr'>Nolite</span> 
     </span>
    </p>
   </div>
   <div class='ocr_carea' id='block_1_85' title="bbox 2073 3665 3724 3738">
    <p class='ocr_par' dir='ltr' id='par_1_85' title="bbox 2073 3665 3724 3738">
     <span class='ocr_line' id='line_1_85' title="bbox 2073 3665 3724 3738; baseline 0.004 -18"><span class='ocrx_word' id='word_1_676' title='bbox 2073 3665 2230 3721; x_wconf 90' lang='lat' dir='ltr'>enim</span> <span class='ocrx_word' id='word_1_677' title='bbox 2293 3670 2519 3737; x_wconf 89' lang='lat' dir='ltr'>putare,</span> <span class='ocrx_word' id='word_1_678' title='bbox 2578 3665 2792 3738; x_wconf 89' lang='lat' dir='ltr'>inquit,</span> <span class='ocrx_word' id='word_1_679' title='bbox 2855 3667 2992 3737; x_wconf 85' lang='lat' dir='ltr'>quia</span> <span class='ocrx_word' id='word_1_680' title='bbox 3047 3669 3304 3723; x_wconf 86' lang='lat' dir='ltr'>venerim</span> <span class='ocrx_word' id='word_1_681' title='bbox 3366 3669 3586 3726; x_wconf 84' lang='lat' dir='ltr'>solvere</span> <span class='ocrx_word' id='word_1_682' title='bbox 3642 3670 3724 3727; x_wconf 90' lang='lat' dir='ltr'>le-</span> 
     </span>
    </p>
   </div>
   <div class='ocr_carea' id='block_1_86' title="bbox 2072 3755 3724 3827">
    <p class='ocr_par' dir='ltr' id='par_1_86' title="bbox 2072 3755 3724 3827">
     <span class='ocr_line' id='line_1_86' title="bbox 2072 3755 3724 3827; baseline 0.003 -16"><span class='ocrx_word' id='word_1_683' title='bbox 2072 3772 2205 3827; x_wconf 85' lang='lat' dir='ltr'>gem</span> <span class='ocrx_word' id='word_1_684' title='bbox 2238 3760 2342 3810; x_wconf 89' lang='lat' dir='ltr'>aut</span> <span class='ocrx_word' id='word_1_685' title='bbox 2373 3755 2692 3826; x_wconf 88' lang='lat' dir='ltr'>prophetas</span> <span class='ocrx_word' id='word_1_686' title='bbox 2727 3772 2738 3808; x_wconf 94' lang='lat'>:</span> <span class='ocrx_word' id='word_1_687' title='bbox 2776 3772 2889 3810; x_wconf 91' lang='lat' dir='ltr'>non</span> <span class='ocrx_word' id='word_1_688' title='bbox 2921 3755 3052 3811; x_wconf 91' lang='lat' dir='ltr'>veni</span> <span class='ocrx_word' id='word_1_689' title='bbox 3083 3755 3328 3827; x_wconf 89' lang='lat' dir='ltr'>solvere,</span> <span class='ocrx_word' id='word_1_690' title='bbox 3381 3759 3481 3813; x_wconf 92' lang='lat' dir='ltr'>sed</span> <span class='ocrx_word' id='word_1_691' title='bbox 3535 3760 3724 3816; x_wconf 87' lang='lat' dir='ltr'>adim-</span> 
     </span>
    </p>
   </div>
   <div class='ocr_carea' id='block_1_87' title="bbox 2073 3843 3725 3918">
    <p class='ocr_par' dir='ltr' id='par_1_87' title="bbox 2073 3843 3725 3918">
     <span class='ocr_line' id='line_1_87' title="bbox 2073 3843 3725 3918; baseline 0.004 -18"><span class='ocrx_word' id='word_1_692' title='bbox 2073 3844 2230 3917; x_wconf 88' lang='lat' dir='ltr'>plere</span> <span class='ocrx_word' id='word_1_693' title='bbox 2279 3846 2340 3898; x_wconf 82' lang='grc'>¹².</span> <span class='ocrx_word' id='word_1_694' title='bbox 2395 3869 2416 3896; x_wconf 75' lang='grc' dir='ltr'>ι</span> <span class='ocrx_word' id='word_1_695' title='bbox 2472 3845 2621 3908; x_wconf 89' lang='lat' dir='ltr'>Quid</span> <span class='ocrx_word' id='word_1_696' title='bbox 2671 3861 2840 3916; x_wconf 91' lang='lat' dir='ltr'>porro</span> <span class='ocrx_word' id='word_1_697' title='bbox 2893 3843 3131 3910; x_wconf 88' lang='lat' dir='ltr'>mirum,</span> <span class='ocrx_word' id='word_1_698' title='bbox 3162 3845 3210 3899; x_wconf 92' lang='lat' dir='ltr'>si</span> <span class='ocrx_word' id='word_1_699' title='bbox 3244 3846 3294 3900; x_wconf 89' lang='lat' dir='ltr'>is</span> <span class='ocrx_word' id='word_1_700' title='bbox 3325 3847 3425 3918; x_wconf 87' lang='lat' dir='ltr'>qui</span> <span class='ocrx_word' id='word_1_701' title='bbox 3459 3848 3725 3906; x_wconf 84' lang='lat' dir='ltr'>nativita-</span> 
     </span>
    </p>
   </div>
   <div class='ocr_carea' id='block_1_88' title="bbox 2072 3933 3724 4008">
    <p class='ocr_par' dir='ltr' id='par_1_88' title="bbox 2072 3933 3724 4008">
     <span class='ocr_line' id='line_1_88' title="bbox 2072 3933 3724 4008; baseline 0.005 -20"><span class='ocrx_word' id='word_1_702' title='bbox 2072 3937 2214 4002; x_wconf 91' lang='lat' dir='ltr'>tem,</span> <span class='ocrx_word' id='word_1_703' title='bbox 2252 3949 2526 4004; x_wconf 64' lang='lat' dir='ltr'>prmsepe,</span> <span class='ocrx_word' id='word_1_704' title='bbox 2561 3949 2811 4005; x_wconf 86' lang='lat' dir='ltr'>pannos,</span> <span class='ocrx_word' id='word_1_705' title='bbox 2862 3933 3369 3991; x_wconf 81' lang='lat' dir='ltr'>circumcisionem</span> <span class='ocrx_word' id='word_1_706' title='bbox 3421 3942 3552 4008; x_wconf 88' lang='lat' dir='ltr'>post</span> <span class='ocrx_word' id='word_1_707' title='bbox 3600 3940 3724 3996; x_wconf 88' lang='lat' dir='ltr'>dies</span> 
     </span>
    </p>
   </div>
   <div class='ocr_carea' id='block_1_89' title="bbox 2072 4021 3726 4100">
    <p class='ocr_par' dir='ltr' id='par_1_89' title="bbox 2072 4021 3726 4100">
     <span class='ocr_line' id='line_1_89' title="bbox 2072 4021 3726 4100; baseline 0.005 -22"><span class='ocrx_word' id='word_1_708' title='bbox 2072 4027 2201 4078; x_wconf 90' lang='lat' dir='ltr'>octo</span> <span class='ocrx_word' id='word_1_709' title='bbox 2230 4021 2490 4087; x_wconf 81' lang='lat' dir='ltr'>admisit,</span> <span class='ocrx_word' id='word_1_710' title='bbox 2511 4022 2560 4076; x_wconf 89' lang='lat' dir='ltr'>is</span> <span class='ocrx_word' id='word_1_711' title='bbox 2593 4024 2715 4092; x_wconf 88' lang='lat' dir='ltr'>ipse</span> <span class='ocrx_word' id='word_1_712' title='bbox 2743 4022 2872 4077; x_wconf 88' lang='lat' dir='ltr'>sisti</span> <span class='ocrx_word' id='word_1_713' title='bbox 2903 4022 3148 4078; x_wconf 92' lang='lat' dir='ltr'>Domino</span> <span class='ocrx_word' id='word_1_714' title='bbox 3181 4026 3507 4082; x_wconf 90' lang='lat' dir='ltr'>secundum</span> <span class='ocrx_word' id='word_1_715' title='bbox 3538 4026 3726 4100; x_wconf 88' lang='lat' dir='ltr'>legem</span> 
     </span>
    </p>
   </div>
   <div class='ocr_carea' id='block_1_90' title="bbox 2071 4109 3726 4190">
    <p class='ocr_par' dir='ltr' id='par_1_90' title="bbox 2071 4109 3726 4190">
     <span class='ocr_line' id='line_1_90' title="bbox 2071 4109 3726 4190; baseline 0.007 -26"><span class='ocrx_word' id='word_1_716' title='bbox 2071 4111 2321 4167; x_wconf 89' lang='lat' dir='ltr'>voluerit</span> <span class='ocrx_word' id='word_1_717' title='bbox 2351 4111 2410 4165; x_wconf 91' lang='lat' dir='ltr'>in</span> <span class='ocrx_word' id='word_1_718' title='bbox 2443 4109 2771 4166; x_wconf 85' lang='lat' dir='ltr'>Jerusalem</span> <span class='ocrx_word' id='word_1_719' title='bbox 2809 4127 2821 4165; x_wconf 86' lang='lat'><strong>:</strong></span> <span class='ocrx_word' id='word_1_720' title='bbox 2858 4111 2956 4183; x_wconf 89' lang='lat' dir='ltr'>qui</span> <span class='ocrx_word' id='word_1_721' title='bbox 2991 4116 3220 4166; x_wconf 89' lang='lat' dir='ltr'>tantum</span> <span class='ocrx_word' id='word_1_722' title='bbox 3252 4114 3420 4169; x_wconf 88' lang='lat' dir='ltr'>abest</span> <span class='ocrx_word' id='word_1_723' title='bbox 3468 4121 3532 4171; x_wconf 91' lang='lat' dir='ltr'>ut</span> <span class='ocrx_word' id='word_1_724' title='bbox 3578 4117 3726 4190; x_wconf 89' lang='lat' dir='ltr'>ipsis</span> 
     </span>
    </p>
   </div>
   <div class='ocr_carea' id='block_1_91' title="bbox 2073 4199 3730 4273">
    <p class='ocr_par' dir='ltr' id='par_1_91' title="bbox 2073 4199 3730 4273">
     <span class='ocr_line' id='line_1_91' title="bbox 2073 4199 3730 4273; baseline 0.006 -19"><span class='ocrx_word' id='word_1_725' title='bbox 2073 4200 2251 4256; x_wconf 89' lang='lat' dir='ltr'>latere</span> <span class='ocrx_word' id='word_1_726' title='bbox 2279 4199 2438 4269; x_wconf 89' lang='lat' dir='ltr'>velit,</span> <span class='ocrx_word' id='word_1_727' title='bbox 2463 4204 2528 4254; x_wconf 90' lang='lat' dir='ltr'>ut</span> <span class='ocrx_word' id='word_1_728' title='bbox 2559 4200 2854 4270; x_wconf 89' lang='lat' dir='ltr'>Stephano</span> <span class='ocrx_word' id='word_1_729' title='bbox 2887 4217 2920 4254; x_wconf 89' lang='lat' dir='ltr'>a</span> <span class='ocrx_word' id='word_1_730' title='bbox 2948 4200 3167 4256; x_wconf 64' lang='lat' dir='ltr'>Judmis</span> <span class='ocrx_word' id='word_1_731' title='bbox 3192 4201 3474 4273; x_wconf 88' lang='lat' dir='ltr'>lapidato,</span> <span class='ocrx_word' id='word_1_732' title='bbox 3497 4209 3665 4263; x_wconf 88' lang='lat' dir='ltr'>stans</span> <span class='ocrx_word' id='word_1_733' title='bbox 3697 4226 3730 4264; x_wconf 89' lang='lat' dir='ltr'>a</span> 
     </span>
    </p>
   </div>
   <div class='ocr_carea' id='block_1_92' title="bbox 2071 4288 3726 4362">
    <p class='ocr_par' dir='ltr' id='par_1_92' title="bbox 2071 4288 3726 4362">
     <span class='ocr_line' id='line_1_92' title="bbox 2071 4288 3726 4362; baseline 0.004 -17"><span class='ocrx_word' id='word_1_734' title='bbox 2071 4289 2288 4345; x_wconf 83' lang='lat' dir='ltr'>dextris</span> <span class='ocrx_word' id='word_1_735' title='bbox 2320 4288 2513 4344; x_wconf 86' lang='lat' dir='ltr'>Patris</span> <span class='ocrx_word' id='word_1_736' title='bbox 2545 4289 2636 4343; x_wconf 86' lang='lat' dir='ltr'>sui</span> <span class='ocrx_word' id='word_1_737' title='bbox 2659 4289 3030 4359; x_wconf 89' lang='lat' dir='ltr'>apparuerit;</span> <span class='ocrx_word' id='word_1_738' title='bbox 3083 4305 3422 4362; x_wconf 88' lang='lat' dir='ltr'>quanquam</span> <span class='ocrx_word' id='word_1_739' title='bbox 3451 4295 3726 4353; x_wconf 87' lang='lat' dir='ltr'>stabilem</span> 
     </span>
    </p>
   </div>
   <div class='ocr_carea' id='block_1_93' title="bbox 2073 4377 3729 4452">
    <p class='ocr_par' dir='ltr' id='par_1_93' title="bbox 2073 4377 3729 4452">
     <span class='ocr_line' id='line_1_93' title="bbox 2073 4377 3729 4452; baseline 0.004 -18"><span class='ocrx_word' id='word_1_740' title='bbox 2073 4383 2534 4452; x_wconf 85' lang='lat' dir='ltr'>perpetuamqne</span> <span class='ocrx_word' id='word_1_741' title='bbox 2565 4395 2599 4433; x_wconf 88' lang='lat' dir='ltr'>a</span> <span class='ocrx_word' id='word_1_742' title='bbox 2628 4377 2846 4433; x_wconf 88' lang='lat' dir='ltr'>dextris</span> <span class='ocrx_word' id='word_1_743' title='bbox 2877 4378 3004 4450; x_wconf 88' lang='lat' dir='ltr'>ejus</span> <span class='ocrx_word' id='word_1_744' title='bbox 3036 4377 3212 4434; x_wconf 89' lang='lat' dir='ltr'>habet</span> <span class='ocrx_word' id='word_1_745' title='bbox 3240 4381 3441 4436; x_wconf 90' lang='lat' dir='ltr'>sedem</span> <span class='ocrx_word' id='word_1_746' title='bbox 3479 4398 3490 4438; x_wconf 93' lang='lat'>:</span> <span class='ocrx_word' id='word_1_747' title='bbox 3524 4404 3552 4432; x_wconf 85' lang='lat'>«</span> <span class='ocrx_word' id='word_1_748' title='bbox 3578 4386 3729 4440; x_wconf 85' lang='lat' dir='ltr'>Dixit</span> 
     </span>
    </p>
   </div>
   <div class='ocr_carea' id='block_1_94' title="bbox 2071 4466 3726 4540">
    <p class='ocr_par' dir='ltr' id='par_1_94' title="bbox 2071 4466 3726 4540">
     <span class='ocr_line' id='line_1_94' title="bbox 2071 4466 3726 4540; baseline 0.002 -16"><span class='ocrx_word' id='word_1_749' title='bbox 2071 4469 2252 4535; x_wconf 89' lang='lat' dir='ltr'>enim,</span> <span class='ocrx_word' id='word_1_750' title='bbox 2285 4468 2494 4540; x_wconf 88' lang='lat' dir='ltr'>inquit,</span> <span class='ocrx_word' id='word_1_751' title='bbox 2529 4466 2816 4523; x_wconf 91' lang='lat' dir='ltr'>Dominus</span> <span class='ocrx_word' id='word_1_752' title='bbox 2848 4468 3095 4522; x_wconf 89' lang='lat' dir='ltr'>Domino</span> <span class='ocrx_word' id='word_1_753' title='bbox 3127 4483 3277 4534; x_wconf 92' lang='lat' dir='ltr'>meo,</span> <span class='ocrx_word' id='word_1_754' title='bbox 3320 4469 3456 4525; x_wconf 89' lang='lat' dir='ltr'>sede</span> <span class='ocrx_word' id='word_1_755' title='bbox 3505 4487 3538 4526; x_wconf 87' lang='lat' dir='ltr'>a</span> <span class='ocrx_word' id='word_1_756' title='bbox 3590 4474 3726 4528; x_wconf 89' lang='lat' dir='ltr'>dex-</span> 
     </span>
    </p>
   </div>
   <div class='ocr_carea' id='block_1_95' title="bbox 2074 4556 3727 4628">
    <p class='ocr_par' dir='ltr' id='par_1_95' title="bbox 2074 4556 3727 4628">
     <span class='ocr_line' id='line_1_95' title="bbox 2074 4556 3727 4628; baseline 0.002 -14"><span class='ocrx_word' id='word_1_757' title='bbox 2074 4559 2182 4615; x_wconf 88' lang='lat' dir='ltr'>tris</span> <span class='ocrx_word' id='word_1_758' title='bbox 2213 4559 2362 4614; x_wconf 89' lang='lat' dir='ltr'>meis</span> <span class='ocrx_word' id='word_1_759' title='bbox 2395 4574 2406 4612; x_wconf 91' lang='lat'><strong>:</strong></span> <span class='ocrx_word' id='word_1_760' title='bbox 2445 4558 2626 4614; x_wconf 90' lang='lat' dir='ltr'>donec</span> <span class='ocrx_word' id='word_1_761' title='bbox 2661 4574 2872 4628; x_wconf 89' lang='lat' dir='ltr'>ponam</span> <span class='ocrx_word' id='word_1_762' title='bbox 2906 4556 3175 4613; x_wconf 90' lang='lat' dir='ltr'>inimicos</span> <span class='ocrx_word' id='word_1_763' title='bbox 3219 4561 3354 4614; x_wconf 90' lang='lat' dir='ltr'>tuos</span> <span class='ocrx_word' id='word_1_764' title='bbox 3404 4561 3727 4618; x_wconf 88' lang='lat' dir='ltr'>scabellum</span> 
     </span>
    </p>
   </div>
   <div class='ocr_carea' id='block_1_96' title="bbox 309 4642 1974 4730">
    <p class='ocr_par' dir='ltr' id='par_1_96' title="bbox 309 4642 1966 4718">
     <span class='ocr_line' id='line_1_96' title="bbox 309 4642 1966 4718; baseline 0.005 -20"><span class='ocrx_word' id='word_1_765' title='bbox 309 4664 490 4698; x_wconf 82' lang='grc' dir='ltr'>σου.»</span> <span class='ocrx_word' id='word_1_766' title='bbox 526 4642 684 4700; x_wconf 84' lang='grc' dir='ltr'>Ἀλλ’</span> <span class='ocrx_word' id='word_1_767' title='bbox 732 4644 906 4699; x_wconf 84' lang='grc' dir='ltr'>έκεῖνο</span> <span class='ocrx_word' id='word_1_768' title='bbox 964 4646 1059 4718; x_wconf 80' lang='grc' dir='ltr'>μὲν</span> <span class='ocrx_word' id='word_1_769' title='bbox 1120 4644 1231 4700; x_wconf 82' lang='grc' dir='ltr'>ἄνω</span> <span class='ocrx_word' id='word_1_770' title='bbox 1281 4648 1370 4701; x_wconf 84' lang='grc' dir='ltr'>καὶ</span> <span class='ocrx_word' id='word_1_771' title='bbox 1421 4649 1633 4718; x_wconf 86' lang='grc' dir='ltr'>θεῖκῶς,</span> <span class='ocrx_word' id='word_1_772' title='bbox 1685 4654 1847 4705; x_wconf 79' lang='grc' dir='ltr'>τοῦτο</span> <span class='ocrx_word' id='word_1_773' title='bbox 1910 4649 1966 4706; x_wconf 77' lang='grc' dir='ltr'>δὲ</span> 
     </span>
    </p>
   </div>
   <div class='ocr_carea' id='block_1_97' title="bbox 2088 4642 3728 4730">
    <p class='ocr_par' dir='ltr' id='par_1_97' title="bbox 2088 4646 3728 4722">
     <span class='ocr_line' id='line_1_97' title="bbox 2088 4646 3728 4722; baseline 0.002 -18"><span class='ocrx_word' id='word_1_774' title='bbox 2088 4649 2292 4721; x_wconf 72' lang='lat' dir='ltr'>pedum</span> <span class='ocrx_word' id='word_1_775' title='bbox 2338 4651 2578 4703; x_wconf 89' lang='lat' dir='ltr'>tuorum</span> <span class='ocrx_word' id='word_1_776' title='bbox 2635 4649 2697 4701; x_wconf 67' lang='lat'>‘3.</span> <span class='ocrx_word' id='word_1_777' title='bbox 2758 4669 2784 4696; x_wconf 86' lang='lat'><strong>»</strong></span> <span class='ocrx_word' id='word_1_778' title='bbox 2838 4647 2947 4702; x_wconf 89' lang='lat' dir='ltr'>Sed</span> <span class='ocrx_word' id='word_1_779' title='bbox 2982 4646 3126 4702; x_wconf 89' lang='lat' dir='ltr'>illud</span> <span class='ocrx_word' id='word_1_780' title='bbox 3159 4648 3421 4721; x_wconf 88' lang='lat' dir='ltr'>quidem,</span> <span class='ocrx_word' id='word_1_781' title='bbox 3454 4668 3728 4722; x_wconf 89' lang='lat' dir='ltr'>superne,</span> 
     </span>
    </p>
   </div>
   <div class='ocr_carea' id='block_1_98' title="bbox 306 4731 1962 4810">
    <p class='ocr_par' dir='ltr' id='par_1_98' title="bbox 306 4731 1962 4810">
     <span class='ocr_line' id='line_1_98' title="bbox 306 4731 1962 4810; baseline 0.005 -23"><span class='ocrx_word' id='word_1_782' title='bbox 306 4731 456 4788; x_wconf 86' lang='grc' dir='ltr'>κάτω</span> <span class='ocrx_word' id='word_1_783' title='bbox 487 4733 575 4788; x_wconf 79' lang='grc' dir='ltr'>καὶ</span> <span class='ocrx_word' id='word_1_784' title='bbox 607 4734 976 4807; x_wconf 84' lang='grc' dir='ltr'>οἰκονομικῶς</span> <span class='ocrx_word' id='word_1_785' title='bbox 1009 4732 1098 4789; x_wconf 77' lang='grc' dir='ltr'>διὰ</span> <span class='ocrx_word' id='word_1_786' title='bbox 1142 4737 1241 4803; x_wconf 85' lang='grc' dir='ltr'>τήν</span> <span class='ocrx_word' id='word_1_787' title='bbox 1276 4731 1608 4810; x_wconf 76' lang='grc' dir='ltr'>πρόσληψιν,</span> <span class='ocrx_word' id='word_1_788' title='bbox 1667 4738 1754 4794; x_wconf 79' lang='grc' dir='ltr'>καὶ</span> <span class='ocrx_word' id='word_1_789' title='bbox 1785 4737 1873 4794; x_wconf 81' lang='grc' dir='ltr'>διὰ</span> <span class='ocrx_word' id='word_1_790' title='bbox 1900 4740 1962 4795; x_wconf 88' lang='grc' dir='ltr'>τὸ</span> 
     </span>
    </p>
   </div>
   <div class='ocr_carea' id='block_1_99' title="bbox 310 4819 1965 4906">
    <p class='ocr_par' dir='ltr' id='par_1_99' title="bbox 310 4819 1965 4906">
     <span class='ocr_line' id='line_1_99' title="bbox 310 4819 1965 4906; baseline 0.005 -31"><span class='ocrx_word' id='word_1_791' title='bbox 310 4821 657 4898; x_wconf 84' lang='grc' dir='ltr'>χρηματίσαι</span> <span class='ocrx_word' id='word_1_792' title='bbox 687 4827 881 4878; x_wconf 80' lang='grc' dir='ltr'>τοῦτον</span> <span class='ocrx_word' id='word_1_793' title='bbox 910 4819 1038 4877; x_wconf 82' lang='grc' dir='ltr'>Θεόν</span> <span class='ocrx_word' id='word_1_794' title='bbox 1065 4825 1154 4877; x_wconf 84' lang='grc' dir='ltr'>καὶ</span> <span class='ocrx_word' id='word_1_795' title='bbox 1187 4823 1496 4900; x_wconf 81' lang='grc' dir='ltr'>ἄνθρωπον,</span> <span class='ocrx_word' id='word_1_796' title='bbox 1533 4826 1656 4898; x_wconf 86' lang='grc' dir='ltr'>μίαν</span> <span class='ocrx_word' id='word_1_797' title='bbox 1705 4827 1755 4898; x_wconf 78' lang='grc' dir='ltr'>ἐξ</span> <span class='ocrx_word' id='word_1_798' title='bbox 1785 4829 1965 4906; x_wconf 78' lang='grc' dir='ltr'>ἀμφοο</span> 
     </span>
    </p>
   </div>
   <div class='ocr_carea' id='block_1_100' title="bbox 308 4907 1964 4994">
    <p class='ocr_par' dir='ltr' id='par_1_100' title="bbox 308 4907 1964 4994">
     <span class='ocr_line' id='line_1_100' title="bbox 308 4907 1964 4994; baseline 0.004 -28"><span class='ocrx_word' id='word_1_799' title='bbox 308 4911 477 4988; x_wconf 83' lang='grc' dir='ltr'>τέρων</span> <span class='ocrx_word' id='word_1_800' title='bbox 510 4907 823 4968; x_wconf 73' lang='grc' dir='ltr'>ὑπόστασιν·</span> <span class='ocrx_word' id='word_1_801' title='bbox 854 4911 943 4967; x_wconf 85' lang='grc' dir='ltr'>καὶ</span> <span class='ocrx_word' id='word_1_802' title='bbox 1000 4908 1088 4966; x_wconf 73' lang='grc' dir='ltr'>διὰ</span> <span class='ocrx_word' id='word_1_803' title='bbox 1150 4919 1276 4985; x_wconf 83' lang='grc' dir='ltr'>μιᾶς</span> <span class='ocrx_word' id='word_1_804' title='bbox 1330 4913 1529 4983; x_wconf 87' lang='grc' dir='ltr'>ταύτης</span> <span class='ocrx_word' id='word_1_805' title='bbox 1579 4911 1744 4994; x_wconf 70' lang='grc' dir='ltr'>ἄμφω</span> <span class='ocrx_word' id='word_1_806' title='bbox 1776 4923 1964 4985; x_wconf 72' lang='grc' dir='ltr'>ταῦτα,</span> 
     </span>
    </p>
   </div>
   <div class='ocr_carea' id='block_1_101' title="bbox 306 4996 1964 5084">
    <p class='ocr_par' dir='ltr' id='par_1_101' title="bbox 306 4996 1964 5084">
     <span class='ocr_line' id='line_1_101' title="bbox 306 4996 1964 5084; baseline 0.002 -29"><span class='ocrx_word' id='word_1_807' title='bbox 306 5001 398 5056; x_wconf 82' lang='grc' dir='ltr'>καὶ</span> <span class='ocrx_word' id='word_1_808' title='bbox 431 4996 559 5056; x_wconf 73' lang='grc' dir='ltr'>ὅντα</span> <span class='ocrx_word' id='word_1_809' title='bbox 588 5001 677 5056; x_wconf 81' lang='grc' dir='ltr'>καὶ</span> <span class='ocrx_word' id='word_1_810' title='bbox 708 4996 1137 5077; x_wconf 77' lang='grc' dir='ltr'>γνωριζόμενον·</span> <span class='ocrx_word' id='word_1_811' title='bbox 1199 5000 1284 5057; x_wconf 82' lang='grc' dir='ltr'>ἶνα</span> <span class='ocrx_word' id='word_1_812' title='bbox 1311 5006 1381 5077; x_wconf 77' lang='grc' dir='ltr'>τῇ</span> <span class='ocrx_word' id='word_1_813' title='bbox 1431 5006 1689 5076; x_wconf 79' lang='grc' dir='ltr'>κοινωνίᾳ</span> <span class='ocrx_word' id='word_1_814' title='bbox 1727 5010 1833 5061; x_wconf 84' lang='grc' dir='ltr'>τῶν</span> <span class='ocrx_word' id='word_1_815' title='bbox 1867 5005 1964 5084; x_wconf 79' lang='grc' dir='ltr'>φύ-</span> 
     </span>
    </p>
   </div>
   <div class='ocr_carea' id='block_1_102' title="bbox 305 5089 1968 5170">
    <p class='ocr_par' dir='ltr' id='par_1_102' title="bbox 305 5089 1968 5170">
     <span class='ocr_line' id='line_1_102' title="bbox 305 5089 1968 5170; baseline 0.001 -24"><span class='ocrx_word' id='word_1_816' title='bbox 305 5111 442 5146; x_wconf 90' lang='grc' dir='ltr'>σεων</span> <span class='ocrx_word' id='word_1_817' title='bbox 513 5090 602 5145; x_wconf 81' lang='grc' dir='ltr'>καὶ</span> <span class='ocrx_word' id='word_1_818' title='bbox 673 5095 778 5145; x_wconf 89' lang='grc' dir='ltr'>τῶν</span> <span class='ocrx_word' id='word_1_819' title='bbox 840 5089 1052 5145; x_wconf 80' lang='grc' dir='ltr'>οἰκείων</span> <span class='ocrx_word' id='word_1_820' title='bbox 1108 5090 1331 5153; x_wconf 89' lang='grc' dir='ltr'>ταύταις</span> <span class='ocrx_word' id='word_1_821' title='bbox 1393 5089 1706 5166; x_wconf 81' lang='grc' dir='ltr'>ἰδιωμάτων</span> <span class='ocrx_word' id='word_1_822' title='bbox 1769 5095 1968 5170; x_wconf 78' lang='grc' dir='ltr'>ῥᾴστην</span> 
     </span>
    </p>
   </div>
   <div class='ocr_carea' id='block_1_103' title="bbox 300 5178 1964 5260">
    <p class='ocr_par' dir='ltr' id='par_1_103' title="bbox 300 5178 1964 5260">
     <span class='ocr_line' id='line_1_103' title="bbox 300 5178 1964 5260; baseline 0.004 -27"><span class='ocrx_word' id='word_1_823' title='bbox 300 5183 442 5252; x_wconf 78' lang='grc' dir='ltr'>ἡμῖν</span> <span class='ocrx_word' id='word_1_824' title='bbox 497 5178 586 5234; x_wconf 88' lang='grc' dir='ltr'>καὶ</span> <span class='ocrx_word' id='word_1_825' title='bbox 648 5178 1068 5253; x_wconf 87' lang='grc' dir='ltr'>συντομωτάτην</span> <span class='ocrx_word' id='word_1_826' title='bbox 1126 5180 1226 5248; x_wconf 84' lang='grc' dir='ltr'>τήν</span> <span class='ocrx_word' id='word_1_827' title='bbox 1276 5181 1550 5256; x_wconf 82' lang='grc' dir='ltr'>σωτηρίαν</span> <span class='ocrx_word' id='word_1_828' title='bbox 1599 5187 1964 5260; x_wconf 73' lang='grc' dir='ltr'>περιποιήση-</span> 
     </span>
    </p>
   </div>
   <div class='ocr_carea' id='block_1_104' title="bbox 303 5290 416 5325">
    <p class='ocr_par' dir='ltr' id='par_1_104' title="bbox 303 5290 416 5325">
     <span class='ocr_line' id='line_1_104' title="bbox 303 5290 416 5325; baseline 0.009 -1"><span class='ocrx_word' id='word_1_829' title='bbox 303 5290 416 5325; x_wconf 89' lang='grc' dir='ltr'>ται.</span> 
     </span>
    </p>
   </div>
   <div class='ocr_carea' id='block_1_105' title="bbox 373 5355 1970 5439">
    <p class='ocr_par' dir='ltr' id='par_1_105' title="bbox 373 5355 1970 5439">
     <span class='ocr_line' id='line_1_105' title="bbox 373 5355 1970 5439; baseline 0.001 -23"><span class='ocrx_word' id='word_1_830' title='bbox 373 5361 431 5416; x_wconf 88' lang='grc'>5.</span> <span class='ocrx_word' id='word_1_831' title='bbox 467 5383 496 5411; x_wconf 89' lang='grc'>‹‹</span> <span class='ocrx_word' id='word_1_832' title='bbox 536 5360 660 5415; x_wconf 74' lang='grc' dir='ltr'>’Ότι</span> <span class='ocrx_word' id='word_1_833' title='bbox 702 5363 806 5412; x_wconf 79' lang='grc' dir='ltr'>πᾶν</span> <span class='ocrx_word' id='word_1_834' title='bbox 866 5355 1024 5434; x_wconf 79' lang='grc' dir='ltr'>ἄρσεν</span> <span class='ocrx_word' id='word_1_835' title='bbox 1083 5356 1359 5434; x_wconf 85' lang='grc' dir='ltr'>διανοῖγον</span> <span class='ocrx_word' id='word_1_836' title='bbox 1426 5364 1635 5439; x_wconf 73' lang='grc' dir='ltr'>μήτραν</span> <span class='ocrx_word' id='word_1_837' title='bbox 1693 5359 1842 5438; x_wconf 79' lang='grc' dir='ltr'>ἅγιον</span> <span class='ocrx_word' id='word_1_838' title='bbox 1891 5367 1970 5435; x_wconf 82' lang='grc' dir='ltr'>τῷ</span> 
     </span>
    </p>
   </div>
   <div class='ocr_carea' id='block_1_106' title="bbox 387 5531 1475 5604">
    <p class='ocr_par' dir='ltr' id='par_1_106' title="bbox 387 5531 1475 5604">
     <span class='ocr_line' id='line_1_106' title="bbox 387 5531 1475 5604; baseline -0.001 -14"><span class='ocrx_word' id='word_1_839' title='bbox 387 5534 410 5570; x_wconf 74' lang='grc'>³</span> <span class='ocrx_word' id='word_1_840' title='bbox 439 5531 595 5590; x_wconf 78' lang='lat' dir='ltr'>Psal.</span> <span class='ocrx_word' id='word_1_841' title='bbox 629 5549 823 5602; x_wconf 72' lang='lat' dir='ltr'>Lxxm,</span> <span class='ocrx_word' id='word_1_842' title='bbox 851 5533 905 5588; x_wconf 86' lang='lat'>6.</span> <span class='ocrx_word' id='word_1_843' title='bbox 988 5531 1032 5568; x_wconf 75' lang='grc' dir='ltr'>ιο</span> <span class='ocrx_word' id='word_1_844' title='bbox 1061 5531 1228 5588; x_wconf 88' lang='lat' dir='ltr'>Joan.</span> <span class='ocrx_word' id='word_1_845' title='bbox 1260 5549 1353 5604; x_wconf 84' lang='lat' dir='ltr'>xx,</span> <span class='ocrx_word' id='word_1_846' title='bbox 1389 5534 1475 5589; x_wconf 89' lang='grc'>17.</span> 
     </span>
    </p>
   </div>
   <div class='ocr_carea' id='block_1_107' title="bbox 406 5693 1980 5769">
    <p class='ocr_par' dir='ltr' id='par_1_107' title="bbox 406 5693 1980 5769">
     <span class='ocr_line' id='line_1_107' title="bbox 406 5693 1980 5769; baseline 0.003 -19"><span class='ocrx_word' id='word_1_847' title='bbox 406 5694 525 5769; x_wconf 76' lang='grc'>(17)</span> <span class='ocrx_word' id='word_1_848' title='bbox 555 5693 644 5769; x_wconf 84' lang='lat' dir='ltr'>It_a_</span> <span class='ocrx_word' id='word_1_849' title='bbox 673 5694 828 5769; x_wconf 29' lang='lat' dir='ltr'>,Reg.</span> <span class='ocrx_word' id='word_1_850' title='bbox 861 5695 933 5769; x_wconf 86' lang='lat'>_2.</span> <span class='ocrx_word' id='word_1_851' title='bbox 981 5693 1220 5769; x_wconf 61' lang='grc' dir='ltr'>Ἰησοῦνῴ</span> <span class='ocrx_word' id='word_1_852' title='bbox 1242 5693 1428 5769; x_wconf 69' lang='lat' dir='ltr'>deest</span> <span class='ocrx_word' id='word_1_853' title='bbox 1453 5694 1514 5751; x_wconf 90' lang='lat' dir='ltr'>in</span> <span class='ocrx_word' id='word_1_854' title='bbox 1562 5696 1703 5769; x_wconf 79' lang='lat' dir='ltr'>Reg.</span> <span class='ocrx_word' id='word_1_855' title='bbox 1738 5698 1790 5755; x_wconf 90' lang='lat'>1.</span> <span class='ocrx_word' id='word_1_856' title='bbox 1846 5698 1980 5754; x_wconf 86' lang='lat' dir='ltr'>Mox</span> 
     </span>
    </p>
   </div>
   <div class='ocr_carea' id='block_1_108' title="bbox 324 5765 1768 5844">
    <p class='ocr_par' dir='ltr' id='par_1_108' title="bbox 324 5765 1768 5844">
     <span class='ocr_line' id='line_1_108' title="bbox 324 5765 1768 5844; baseline -0.002 -19"><span class='ocrx_word' id='word_1_857' title='bbox 324 5765 470 5839; x_wconf 77' lang='lat' dir='ltr'>Reg.</span> <span class='ocrx_word' id='word_1_858' title='bbox 499 5767 557 5838; x_wconf 87' lang='lat'>2,</span> <span class='ocrx_word' id='word_1_859' title='bbox 590 5765 828 5842; x_wconf 71' lang='grc' dir='ltr'>Μήτιγὶ·</span> <span class='ocrx_word' id='word_1_860' title='bbox 861 5765 1003 5840; x_wconf 81' lang='lat' dir='ltr'>Reg.</span> <span class='ocrx_word' id='word_1_861' title='bbox 1034 5765 1058 5824; x_wconf 76' lang='grc' dir='ltr'><strong>Ι</strong></span> <span class='ocrx_word' id='word_1_862' title='bbox 1097 5770 1154 5824; x_wconf 88' lang='lat' dir='ltr'>et</span> <span class='ocrx_word' id='word_1_863' title='bbox 1181 5765 1468 5839; x_wconf 84' lang='lat' dir='ltr'>Gombef.,</span> <span class='ocrx_word' id='word_1_864' title='bbox 1499 5765 1768 5844; x_wconf 74' lang='grc' dir='ltr'>Μήτοῖγε,</span> 
     </span>
    </p>
   </div>
   <div class='ocr_carea' id='block_1_109' title="bbox 1554 5535 2145 5607">
    <p class='ocr_par' dir='ltr' id='par_1_109' title="bbox 1554 5535 2145 5607">
     <span class='ocr_line' id='line_1_109' title="bbox 1554 5535 2145 5607; baseline 0 -17"><span class='ocrx_word' id='word_1_865' title='bbox 1554 5535 1802 5592; x_wconf 85' lang='lat' dir='ltr'>“Hebr.</span> <span class='ocrx_word' id='word_1_866' title='bbox 1839 5554 1902 5607; x_wconf 80' lang='grc' dir='ltr'>ιι,</span> <span class='ocrx_word' id='word_1_867' title='bbox 1936 5538 2023 5606; x_wconf 77' lang='grc' dir='ltr'>ιι,</span> <span class='ocrx_word' id='word_1_868' title='bbox 2060 5536 2145 5591; x_wconf 78' lang='lat'>12.</span> 
     </span>
    </p>
   </div>
   <div class='ocr_carea' id='block_1_110' title="bbox 2074 4737 3727 4811">
    <p class='ocr_par' dir='ltr' id='par_1_110' title="bbox 2074 4737 3727 4811">
     <span class='ocr_line' id='line_1_110' title="bbox 2074 4737 3727 4811; baseline 0.002 -17"><span class='ocrx_word' id='word_1_869' title='bbox 2074 4743 2132 4795; x_wconf 90' lang='lat' dir='ltr'>et</span> <span class='ocrx_word' id='word_1_870' title='bbox 2162 4742 2360 4811; x_wconf 90' lang='lat' dir='ltr'>utpote</span> <span class='ocrx_word' id='word_1_871' title='bbox 2392 4739 2581 4805; x_wconf 89' lang='lat' dir='ltr'>Deus;</span> <span class='ocrx_word' id='word_1_872' title='bbox 2615 4737 2723 4793; x_wconf 87' lang='lat' dir='ltr'>hoc</span> <span class='ocrx_word' id='word_1_873' title='bbox 2755 4741 2951 4792; x_wconf 90' lang='lat' dir='ltr'>autem</span> <span class='ocrx_word' id='word_1_874' title='bbox 2984 4737 3213 4792; x_wconf 84' lang='lat' dir='ltr'>inferne</span> <span class='ocrx_word' id='word_1_875' title='bbox 3243 4742 3301 4792; x_wconf 88' lang='lat' dir='ltr'>et</span> <span class='ocrx_word' id='word_1_876' title='bbox 3349 4756 3452 4811; x_wconf 91' lang='lat' dir='ltr'>per</span> <span class='ocrx_word' id='word_1_877' title='bbox 3498 4758 3727 4798; x_wconf 73' lang='lat' dir='ltr'>reconc-</span> 
     </span>
    </p>
   </div>
   <div class='ocr_carea' id='block_1_111' title="bbox 2075 4827 3731 4898">
    <p class='ocr_par' dir='ltr' id='par_1_111' title="bbox 2075 4827 3731 4898">
     <span class='ocr_line' id='line_1_111' title="bbox 2075 4827 3731 4898; baseline 0.003 -16"><span class='ocrx_word' id='word_1_878' title='bbox 2075 4827 2254 4882; x_wconf 87' lang='lat' dir='ltr'>miam</span> <span class='ocrx_word' id='word_1_879' title='bbox 2306 4832 2630 4898; x_wconf 81' lang='lat' dir='ltr'>assumptae</span> <span class='ocrx_word' id='word_1_880' title='bbox 2679 4831 2923 4893; x_wconf 69' lang='lat' dir='ltr'>naturae,</span> <span class='ocrx_word' id='word_1_881' title='bbox 2975 4831 3032 4881; x_wconf 90' lang='lat' dir='ltr'>et</span> <span class='ocrx_word' id='word_1_882' title='bbox 3083 4827 3236 4898; x_wconf 90' lang='lat' dir='ltr'>quod</span> <span class='ocrx_word' id='word_1_883' title='bbox 3284 4827 3362 4883; x_wconf 90' lang='lat' dir='ltr'>sit</span> <span class='ocrx_word' id='word_1_884' title='bbox 3410 4845 3528 4884; x_wconf 86' lang='lat' dir='ltr'>una</span> <span class='ocrx_word' id='word_1_885' title='bbox 3576 4831 3731 4887; x_wconf 90' lang='lat' dir='ltr'>Deus</span> 
     </span>
    </p>
   </div>
   <div class='ocr_carea' id='block_1_112' title="bbox 2073 4916 3731 4988">
    <p class='ocr_par' dir='ltr' id='par_1_112' title="bbox 2073 4916 3731 4988">
     <span class='ocr_line' id='line_1_112' title="bbox 2073 4916 3731 4988; baseline 0.002 -16"><span class='ocrx_word' id='word_1_886' title='bbox 2073 4922 2248 4988; x_wconf 89' lang='lat' dir='ltr'>atque</span> <span class='ocrx_word' id='word_1_887' title='bbox 2300 4917 2474 4972; x_wconf 91' lang='lat' dir='ltr'>homo</span> <span class='ocrx_word' id='word_1_888' title='bbox 2530 4933 2540 4970; x_wconf 93' lang='lat'>:</span> <span class='ocrx_word' id='word_1_889' title='bbox 2595 4920 2651 4971; x_wconf 88' lang='lat' dir='ltr'>et</span> <span class='ocrx_word' id='word_1_890' title='bbox 2699 4933 2818 4970; x_wconf 89' lang='lat' dir='ltr'>una</span> <span class='ocrx_word' id='word_1_891' title='bbox 2863 4932 2932 4971; x_wconf 85' lang='lat' dir='ltr'>ex</span> <span class='ocrx_word' id='word_1_892' title='bbox 2964 4921 3214 4987; x_wconf 89' lang='lat' dir='ltr'>utroque</span> <span class='ocrx_word' id='word_1_893' title='bbox 3247 4916 3584 4988; x_wconf 82' lang='lat' dir='ltr'>hypostasis</span> <span class='ocrx_word' id='word_1_894' title='bbox 3617 4939 3631 4977; x_wconf 75' lang='grc' dir='ltr'>ε</span> <span class='ocrx_word' id='word_1_895' title='bbox 3666 4938 3731 4976; x_wconf 88' lang='lat' dir='ltr'>ac</span> 
     </span>
    </p>
   </div>
   <div class='ocr_carea' id='block_1_113' title="bbox 2076 5005 3732 5081">
    <p class='ocr_par' dir='ltr' id='par_1_113' title="bbox 2076 5005 3732 5081">
     <span class='ocr_line' id='line_1_113' title="bbox 2076 5005 3732 5081; baseline 0.002 -21"><span class='ocrx_word' id='word_1_896' title='bbox 2076 5023 2180 5077; x_wconf 92' lang='lat' dir='ltr'>per</span> <span class='ocrx_word' id='word_1_897' title='bbox 2207 5023 2383 5061; x_wconf 89' lang='lat' dir='ltr'>unam</span> <span class='ocrx_word' id='word_1_898' title='bbox 2416 5006 2576 5061; x_wconf 91' lang='lat' dir='ltr'>illam</span> <span class='ocrx_word' id='word_1_899' title='bbox 2609 5005 3000 5079; x_wconf 82' lang='lat' dir='ltr'>(hypostasin)</span> <span class='ocrx_word' id='word_1_900' title='bbox 3029 5011 3346 5077; x_wconf 88' lang='lat' dir='ltr'>utrumque</span> <span class='ocrx_word' id='word_1_901' title='bbox 3373 5023 3503 5062; x_wconf 88' lang='lat' dir='ltr'>esse</span> <span class='ocrx_word' id='word_1_902' title='bbox 3525 5009 3732 5081; x_wconf 88' lang='lat' dir='ltr'>digno-</span> 
     </span>
    </p>
   </div>
   <div class='ocr_carea' id='block_1_114' title="bbox 2076 5094 3735 5169">
    <p class='ocr_par' dir='ltr' id='par_1_114' title="bbox 2076 5094 3735 5169">
     <span class='ocr_line' id='line_1_114' title="bbox 2076 5094 3735 5169; baseline 0.002 -19"><span class='ocrx_word' id='word_1_903' title='bbox 2076 5095 2291 5162; x_wconf 89' lang='lat' dir='ltr'>scitur;</span> <span class='ocrx_word' id='word_1_904' title='bbox 2325 5100 2392 5150; x_wconf 90' lang='lat' dir='ltr'>ut</span> <span class='ocrx_word' id='word_1_905' title='bbox 2424 5100 2765 5151; x_wconf 88' lang='lat' dir='ltr'>naturarum</span> <span class='ocrx_word' id='word_1_906' title='bbox 2807 5094 3241 5164; x_wconf 88' lang='lat' dir='ltr'>communione,</span> <span class='ocrx_word' id='word_1_907' title='bbox 3274 5099 3450 5166; x_wconf 88' lang='lat' dir='ltr'>atque</span> <span class='ocrx_word' id='word_1_908' title='bbox 3478 5099 3735 5169; x_wconf 88' lang='lat' dir='ltr'>proprie-</span> 
     </span>
    </p>
   </div>
   <div class='ocr_carea' id='block_1_115' title="bbox 2075 5183 3735 5257">
    <p class='ocr_par' dir='ltr' id='par_1_115' title="bbox 2075 5183 3735 5257">
     <span class='ocr_line' id='line_1_115' title="bbox 2075 5183 3735 5257; baseline 0.003 -18"><span class='ocrx_word' id='word_1_909' title='bbox 2075 5188 2263 5240; x_wconf 84' lang='lat' dir='ltr'>tatum</span> <span class='ocrx_word' id='word_1_910' title='bbox 2291 5183 2365 5241; x_wconf 89' lang='lat' dir='ltr'>iis</span> <span class='ocrx_word' id='word_1_911' title='bbox 2397 5183 2882 5257; x_wconf 88' lang='lat' dir='ltr'>competentium,</span> <span class='ocrx_word' id='word_1_912' title='bbox 2915 5183 3257 5240; x_wconf 86' lang='lat' dir='ltr'>facillimam</span> <span class='ocrx_word' id='word_1_913' title='bbox 3292 5185 3460 5242; x_wconf 91' lang='lat' dir='ltr'>nobis</span> <span class='ocrx_word' id='word_1_914' title='bbox 3491 5203 3558 5242; x_wconf 83' lang='lat' dir='ltr'>ac</span> <span class='ocrx_word' id='word_1_915' title='bbox 3604 5187 3735 5245; x_wconf 89' lang='lat' dir='ltr'>bre-</span> 
     </span>
    </p>
   </div>
   <div class='ocr_carea' id='block_1_116' title="bbox 2078 5273 3379 5346">
    <p class='ocr_par' dir='ltr' id='par_1_116' title="bbox 2078 5273 3379 5346">
     <span class='ocr_line' id='line_1_116' title="bbox 2078 5273 3379 5346; baseline 0.001 -18"><span class='ocrx_word' id='word_1_916' title='bbox 2078 5273 2320 5329; x_wconf 88' lang='lat' dir='ltr'>vissimo</span> <span class='ocrx_word' id='word_1_917' title='bbox 2352 5274 2699 5346; x_wconf 89' lang='lat' dir='ltr'>compendio</span> <span class='ocrx_word' id='word_1_918' title='bbox 2733 5273 2985 5329; x_wconf 87' lang='lat' dir='ltr'>salutem</span> <span class='ocrx_word' id='word_1_919' title='bbox 3019 5273 3379 5330; x_wconf 85' lang='lat' dir='ltr'>conciliaret.</span> 
     </span>
    </p>
   </div>
   <div class='ocr_carea' id='block_1_117' title="bbox 2149 5362 3735 5436">
    <p class='ocr_par' dir='ltr' id='par_1_117' title="bbox 2149 5362 3735 5436">
     <span class='ocr_line' id='line_1_117' title="bbox 2149 5362 3735 5436; baseline 0.001 -17"><span class='ocrx_word' id='word_1_920' title='bbox 2149 5365 2204 5419; x_wconf 90' lang='lat'>5.</span> <span class='ocrx_word' id='word_1_921' title='bbox 2238 5385 2263 5415; x_wconf 83' lang='grc'>‹‹</span> <span class='ocrx_word' id='word_1_922' title='bbox 2299 5364 2447 5429; x_wconf 82' lang='lat' dir='ltr'>Quia</span> <span class='ocrx_word' id='word_1_923' title='bbox 2476 5378 2650 5418; x_wconf 88' lang='lat' dir='ltr'>omne</span> <span class='ocrx_word' id='word_1_924' title='bbox 2680 5362 3076 5418; x_wconf 88' lang='lat' dir='ltr'>masculinum</span> <span class='ocrx_word' id='word_1_925' title='bbox 3111 5363 3458 5436; x_wconf 86' lang='lat' dir='ltr'>adaperiens</span> <span class='ocrx_word' id='word_1_926' title='bbox 3480 5363 3735 5436; x_wconf 86' lang='lat' dir='ltr'>vulvam,</span> 
     </span>
    </p>
   </div>
   <div class='ocr_carea' id='block_1_118' title="bbox 2227 5533 3271 5606">
    <p class='ocr_par' dir='ltr' id='par_1_118' title="bbox 2227 5533 3271 5606">
     <span class='ocr_line' id='line_1_118' title="bbox 2227 5533 3271 5606; baseline -0.003 -15"><span class='ocrx_word' id='word_1_927' title='bbox 2227 5536 2270 5572; x_wconf 63' lang='grc' dir='ltr'>ιθ</span> <span class='ocrx_word' id='word_1_928' title='bbox 2302 5535 2510 5592; x_wconf 88' lang='lat' dir='ltr'>Matth.</span> <span class='ocrx_word' id='word_1_929' title='bbox 2547 5553 2601 5606; x_wconf 92' lang='lat' dir='ltr'>v,</span> <span class='ocrx_word' id='word_1_930' title='bbox 2637 5537 2722 5591; x_wconf 86' lang='lat'>17.</span> <span class='ocrx_word' id='word_1_931' title='bbox 2803 5535 2848 5570; x_wconf 83' lang='grc'>¹³</span> <span class='ocrx_word' id='word_1_932' title='bbox 2881 5533 3032 5589; x_wconf 88' lang='lat' dir='ltr'>Psal.</span> <span class='ocrx_word' id='word_1_933' title='bbox 3065 5550 3186 5600; x_wconf 73' lang='lat' dir='ltr'>cur,</span> <span class='ocrx_word' id='word_1_934' title='bbox 3223 5535 3271 5589; x_wconf 94' lang='lat'>1.</span> 
     </span>
    </p>
   </div>
   <div class='ocr_carea' id='block_1_119' title="bbox 2162 5694 3058 5770">
    <p class='ocr_par' dir='ltr' id='par_1_119' title="bbox 2162 5694 3058 5770">
     <span class='ocr_line' id='line_1_119' title="bbox 2162 5694 3058 5770; baseline -0.003 -16"><span class='ocrx_word' id='word_1_935' title='bbox 2162 5699 2276 5770; x_wconf 89' lang='lat'>(18)</span> <span class='ocrx_word' id='word_1_936' title='bbox 2311 5694 2513 5770; x_wconf 83' lang='grc' dir='ltr'>Κύριος</span> <span class='ocrx_word' id='word_1_937' title='bbox 2544 5699 2710 5754; x_wconf 88' lang='lat' dir='ltr'>deest</span> <span class='ocrx_word' id='word_1_938' title='bbox 2739 5697 2798 5753; x_wconf 89' lang='lat' dir='ltr'>in</span> <span class='ocrx_word' id='word_1_939' title='bbox 2832 5697 2972 5770; x_wconf 84' lang='lat' dir='ltr'>Reg.</span> <span class='ocrx_word' id='word_1_940' title='bbox 3005 5700 3058 5751; x_wconf 88' lang='lat'>2.</span> 
     </span>
    </p>
   </div>
  </div>
