4120 6356
360 417 483 479 979

1533 417 1595 473 S.
1648 416 2165 475 A'i‘HANASIUS.
2202 450 2277 459 -
2309 416 2617 478 SPUltlA.

3673 416 3796 477 980

366 557 636 607 sanctum
671 550 918 608 Domino
948 550 1252 606 vocabitur
1283 551 1343 605 1".
1366 574 1393 601 ι)
1429 550 1573 614 Quid
1610 566 1767 619 ergo,
1788 566 1860 603 an
1892 565 2019 604 sau-

2151 545 2316 617 Κυρίῳ
2345 543 2698 616 κληθήσεται.
2739 569 2767 597 ››
2795 545 2865 603 Τί
2893 544 3007 617 οὖν,
3054 549 3159 608 πᾶς
3214 543 3567 613 πρωτότοκος
3600 546 3753 623 ἅγιος
3781 554 3795 606 ἶ

368 645 498 697 ctus
530 642 722 697 omnis
759 639 1227 713 primogenitus?
1250 640 1446 695 Restat
1477 640 1677 712 igitur,
1700 646 1762 694 ut
1793 638 2025 704 Ismuel,

370 730 624 795 Esau,et
655 735 786 787 ante
819 729 950 784 illos
984 729 1142 797 Cain,
1166 728 1453 800 multique
1485 728 1581 783 alii
1619 730 1728 784 Deo
1757 728 1928 783 invisi
1963 744 2029 782 ac

373 819 667 877 maledicti
708 818 991 874 homines.
1018 818 1169 890 quod
1205 817 1378 889 primi
1412 817 1644 872 vulvam
1672 817 2029 888 aperuerint,

375 909 563 968 sancti
595 909 839 964 Domino
870 908 1375 978 vocentur.Ecqua
1396 908 1465 961 de
1489 924 1667 962 causa
1687 908 1757 961 de
1788 906 2031 962 [smaele

376 999 596 1057 dicitur
628 1016 641 1053 ε
680 1020 707 1048 ‹‹
739 997 896 1068 Ejice
922 996 1193 1051 ancillam
1228 1001 1287 1051 et
1319 996 1502 1051 filium
1536 998 1664 1068 ejus
1713 997 1796 1049 1‘?
1848 1019 1875 1045 »
1919 1000 2033 1051 Cur

377 1091 450 1147 de
479 1089 632 1145 Esau
650 1104 663 1141 :
680 1109 707 1137 ‹‹
727 1087 908 1142 Jacob
931 1085 1122 1153 dilevi,
1146 1086 1295 1139 Esau
1320 1089 1515 1141 autem
1544 1086 1675 1141 odio
1697 1085 1875 1141 habui
1899 1086 1980 1157 "i?
2001 1107 2029 1136 ι)

379 1180 515 1245 Quae
548 1193 725 1233 causa
756 1175 885 1246 fuit,
911 1174 958 1230 si
990 1179 1234 1229 sanctus
1266 1175 1398 1229 Cain
1433 1175 1681 1230 Domino
1712 1179 1854 1245 erat,
1876 1176 2028 1248 quod

377 1284 483 1340 pro
512 1267 667 1323 caede
700 1265 917 1327 fratris,
951 1263 1166 1336 septies
1199 1263 1343 1319 ultio
1375 1265 1447 1319 ab
1477 1281 1543 1320 co
1591 1264 2034 1338 reposcerelur?

379 1358 439 1414 Si
473 1372 647 1411 omne
680 1352 1077 1410 masculinum
1109 1353 1453 1425 adaperiens
1478 1356 1735 1421 vulvam,
1758 1358 2031 1409 sanctum

385 1445 630 1504 Domino
660 1444 996 1511 vocabitur;
1020 1442 1159 1515 quid
1197 1443 1328 1514 plus
1359 1443 1532 1499 habet
1553 1443 1837 1511 Christus,
1856 1461 2030 1515 quam

381 1535 588 1592 Ruben
615 1537 637 1588 Ρ
662 1532 809 1599 Quid
843 1531 1097 1601 amplius
1119 1532 1202 1587 illi
1234 1549 1413 1604 quam
1443 1532 1738 1588 Amnoni?
1783 1533 1926 1588 Nam
1978 1536 2035 1588 et

380 1623 497 1698 ipsi
546 1637 782 1695 quoque
830 1621 1020 1695 primo
1072 1625 1241 1692 partu
1293 1621 1454 1693 editi,
1505 1622 1737 1677 vulvam
1769 1622 2037 1677 videntur

380 1713 704 1786 aperuisse.
738 1710 849 1766 Sed
882 1727 1017 1765 cave
1049 1727 1120 1766 ne
1154 1711 1469 1766 ferventius
1500 1711 1655 1767 circa
1702 1712 2035 1783 Scripturas

377 1802 629 1868 insilias,
681 1817 747 1856 ac
799 1801 1032 1873 longius
1083 1816 1117 1855 a
1163 1804 1323 1855 meta
1368 1816 1662 1856 excurras.
1697 1801 1821 1855 Non
1853 1800 2033 1869 cnim,

2134 636 2253 710 (19)
2286 638 2425 711 Ὥρα
2456 655 2539 690 σοι
2574 633 2791 704 λοιπὸν,
2852 636 2942 690 καὶ
3003 633 3259 708 Ἰσμαήλ,
3317 634 3407 689 καὶ
3458 635 3646 704 Ἠσαῦ,
3706 636 3799 691 καὶ

2137 724 2244 799 πρὸ
2274 724 2479 779 τούτων
2512 724 2603 779 τὸν
2638 727 2791 792 Κάῖν,
2825 725 2914 779 καὶ
2962 722 3209 787 πολλοὺς
3254 724 3458 787 ἄλλους
3514 729 3624 780 τῶν
3675 726 3798 780 θεο-

2140 819 2350 887 στυγῶν
2382 833 2441 868 τε
2469 813 2558 867 καὶ
2589 812 2977 889 κατηραμένων
3013 811 3244 889 ἀνδρῶν,
3274 819 3356 887 τῷ
3386 818 3645 890 πρῶτους
3679 816 3794 888 (20)

2138 902 2332 964 αὐτοὺς
2374 900 2635 973 διανοῖξαι
2685 904 2918 977 μήτραν,
2971 902 3155 979 ἁγίους
3210 906 3289 975 τῷ
3349 900 3535 979 Κυρίῳ
3583 901 3795 960 καλεῖν.

2142 992 2238 1045 Καὶ
2267 991 2409 1053 τίνος
2440 992 2599 1067 χάριν
2635 990 2847 1069 λέγεται
2878 992 3003 1067 περὶ
3036 992 3291 1065 Ἰσμαὴλ,
3341 993 3424 1047 ’ὁτι
3474 1018 3500 1043 η
3558 986 3801 1048 Ἔκϐαλι

2138 1082 2238 1149 τὴν
2285 1078 2577 1150 παιδίσκην
2638 1081 2729 1136 καὶ
2785 1082 2875 1137 τὸν
2921 1081 3035 1136 υἱὸν
3078 1080 3265 1151 αὐτῆς·
3304 1105 3331 1132 »ι
3363 1081 3486 1156 περὶ
3520 1078 3578 1136 δὲ
3608 1078 3800 1153 Ἠσαῦ,

2142 1170 2224 1226 ὅτι
2258 1194 2286 1223 ‹‹
2322 1172 2429 1229 Τὸν
2466 1166 2661 1227 Ἰακὼό
2693 1171 2979 1246 ἠγάπησα,
3007 1172 3099 1226 τὸν
3145 1168 3205 1227 δὲ
3252 1173 3419 1229 Ἠσαῦ
3461 1170 3734 1244 spiens-1;
3771 1194 3800 1221 »

2142 1260 2303 1322 Τίνος
2338 1258 2396 1315 δὲ
2425 1261 2612 1336 χάριν,
2646 1261 2693 1315 εἴ
2725 1261 2876 1337 ἅγιος
2908 1263 2974 1330 ἦν
3000 1265 3080 1332 τῷ
3108 1258 3299 1338 Κυρίῳ
3331 1262 3358 1315 ὁ
3395 1259 3546 1334 Κάῖν,
3578 1259 3665 1315 ἐπὶ
3720 1264 3803 1332 τῷ

2141 1348 2337 1403 τούτου
2387 1349 2537 1427 φόνῳ
2586 1349 2718 1405 ἐπτᾶ
2777 1347 3135 1424 ἐκδικοῦμενα
3185 1349 3528 1425 παρελόετο;
3571 1348 3636 1404 Εἰ
3693 1355 3797 1404 πᾶν

2144 1434 2299 1513 ἄρσεν
2335 1436 2606 1515 διανοῖγον
2643 1440 2853 1512 μήτραν
2909 1439 3036 1515 ἅγυν
3066 1443 3147 1512 τῷ
3196 1438 3383 1514 Κυρίῳ
3439 1436 3801 1513 κληθήσεται,

2141 1526 2194 1581 τί
2224 1527 2391 1583 πλέον
2422 1526 2537 1604 ἔχει
2568 1528 2799 1602 Χριστὸς
2827 1532 2925 1583 τοῦ
2954 1523 3219 1602 Ῥουϐίμς
3273 1527 3339 1585 Τί
3398 1525 3455 1583 δὲ
3502 1528 3565 1583 τὸ
3619 1548 3803 1603 περισ-

2144 1617 2234 1671 σὸν
2275 1617 2472 1671 τούτου
2502 1621 2639 1693 πρὸς
2670 1618 2761 1671 τὸν
2796 1618 3008 1691 Ἀμνὼν
3036 1620 3189 1690 (21);
3244 1616 3334 1673 καὶ
3381 1616 3482 1693 γὰρ
3528 1615 3619 1672 καὶ
3651 1617 3805 1672 οὗτοι

2147 1703 2353 1776 δόξαιεν
2402 1705 2485 1774 ἂν,
2539 1710 2619 1779 τῷ
2671 1707 2903 1783 πρώτως
2960 1705 3354 1783 ἀποτεχθῆναι,
3415 1708 3626 1781 μήτραν
3685 1728 3806 1769 πως

2148 1792 2434 1867 διανοῖξαι.
2472 1793 2627 1852 Ἀλλ’
2656 1793 2777 1871 ὅρα,
2813 1796 2887 1869 μή
2921 1797 3141 1870 θερμῶς
3171 1793 3296 1866 ᾆττε
3326 1795 3450 1869 περὶ
3499 1796 3570 1850 τὰ
3623 1794 3805 1870 Γράμ-

380 1891 596 1963 inquit,
617 1889 698 1944 ita
731 1888 846 1943 dixi
878 1905 892 1943 :
927 1887 1111 1944 Omne
1142 1888 1600 1961 primogenitum
1634 1893 1900 1944 sanctum
1939 1893 2040 1944 Do~

2152 1904 2312 1957 ματα,
2364 1884 2452 1938 καὶ
2502 1886 2579 1956 μὴ
2633 1883 2824 1961 πόρρω
2872 1890 2972 1953 τῆς
3006 1884 3206 1955 νύσσης
3237 1879 3532 1961 ἀπότρεχε.
3564 1883 3643 1942 Οὐ
3699 1883 3803 1960 γὰρ

384 1980 546 2036 mino
575 1977 882 2033 vocabitur
913 1996 927 2033 :
962 1977 1222 2050 alioquin
1255 1978 1324 2032 ad
1354 1978 1585 2034 brutam
1632 1994 1822 2050 usque
1872 1984 2040 2034 natu-

388 2086 515 2126 ram
566 2068 848 2125 sanctitas
895 2071 1226 2138 permearet
1259 2084 1270 2122 :
1307 2067 1407 2124 sed
1443 2085 1456 2122 :
1493 2090 1520 2117 «
1558 2067 1743 2123 Omne
1773 2066 2042 2124 masculi-

389 2174 532 2214 num
564 2157 833 2229 aperiens
861 2155 1095 2211 vulvam
1134 2173 1147 2212 :
1184 2177 1212 2217 ν)
1255 2157 1497 2222 Quando
1548 2156 1772 2213 scilicet
1822 2158 2043 2229 absque

386 2246 702 2304 concubitu
737 2250 942 2318 partus
972 2246 1229 2301 evenerit
1263 2263 1276 2300 :
1310 2262 1443 2300 cum
1481 2263 1597 2301 non
1631 2263 1699 2301 ex
1730 2246 2041 2318 sanguini-

390 2337 523 2403 bus,
573 2351 764 2407 neque
819 2351 889 2390 ex
944 2334 1099 2392 858
1156 2334 1457 2390 voluntate
1515 2334 1622 2389 viri
1686 2336 1764 2403 ‘7;
1820 2336 1920 2391 sed
1977 2351 2046 2391 ex

390 2423 614 2497 Spiritu
663 2426 865 2478 sancto
898 2424 1048 2478 fetus
1079 2422 1371 2495 suscsptir
1398 2423 1608 2478 fuerit:
1643 2440 1779 2479 cum
1810 2423 2046 2480 nemine

391 2514 535 2570 foris
587 2512 878 2584 pulsante,
928 2512 1126 2568 infans
1172 2512 1298 2584 ipse
1345 2513 1506 2568 intus
1537 2514 1874 2584 aperuerit:
1909 2530 2042 2569 eum

389 2599 750 2672 virginitatis
779 2598 1104 2671 signaculis
1133 2605 1309 2667 atque
1340 2601 1543 2673 septis,
1574 2602 1837 2658 infractis
1886 2603 2046 2659 intus

390 2689 938 2756 conservatis,foras
960 2688 1113 2744 fetus
1135 2689 1411 2744 exsilierit
1427 2706 1439 2744 :
1458 2690 1541 2745 sic
1565 2692 1792 2763 utique:
1812 2714 1840 2743 «
1861 2691 2046 2747 Omne

392 2776 793 2835 masculinum
825 2778 1171 2850 adaperiens
1200 2778 1428 2834 vulvam
1484 2786 1755 2836 sanctum
1806 2784 2048 2837 Domino

388 2866 715 2924 wcabitur.
748 2888 778 2919 »
811 2871 956 2922 Nam
991 2866 1112 2923 illic
1144 2867 1379 2940 quidem
1416 2885 1529 2925 non
1561 2868 1815 2925 infantes
1842 2861 2048 2925 vulvas

390 2957 876 3029 adaperuere,sed
912 2957 1019 3011 viri
1052 2973 1184 3012 cum
1222 2956 1469 3014 muliere
1499 2959 2045 3030 congressuanm,

387 3070 417 3098 «
474 3047 764 3120 cognovit,
814 3046 1026 3119 inquit,
1083 3047 1266 3101 Adam
1323 3047 1496 3102 Evam
1560 3064 1799 3103 uxorem
1857 3066 2045 3114 suam,

387 3154 517 3209 qua:
552 3136 818 3209 concepit
849 3140 907 3191 et
937 3136 1161 3208 peperit
1190 3135 1331 3191 Cain
1367 3136 1433 3191 ¹⁸.
1469 3158 1497 3187 ››
1531 3136 1635 3192 Hic
1685 3141 1880 3192 autem
1932 3154 2046 3192 non

385 3226 550 3296 item,
602 3225 702 3281 sed
752 3225 877 3296 ipse
929 3225 1099 3295 fetus,
1151 3225 1334 3279 vulva:
1384 3226 1533 3281 fores
1584 3226 1831 3297 aperuit,
1882 3226 2044 3281 nullo

2150 1977 2333 2046 τοῦτο,
2367 1973 2552 2051 φησὶν,
2584 1974 2760 2045 εἷπον,
2809 1972 2892 2028 ὅτι
2958 1977 3063 2030 Ηᾶν
3121 1973 3473 2048 πρωτότοκον
3530 1974 3685 2049 ἅγιον
3724 1977 3806 2045 τῷ

2153 2062 2339 2136 Κυρίῳ
2393 2060 2751 2133 κληθήσεται·
2804 2064 2840 2132 ἢ
2899 2062 3002 2138 γὰρ
3061 2062 3118 2117 ἂν
3173 2063 3315 2117 οὕτω
3363 2062 3455 2118 καὶ
3514 2064 3649 2137 πρὸς
3704 2063 3806 2131 τὴν

2154 2151 2352 2229 ἄλογον
2386 2151 2542 2229 φύσιν
2574 2154 2608 2221 ἡ
2643 2151 2868 2227 ἀγιότης
2899 2147 3187 2206 διέϐαινεν
3234 2150 3363 2207 ἀλλ’
3395 2151 3479 2207 ὅτι
3511 2158 3621 2208 Ηᾶν
3654 2149 3811 2226 ἄρσεν

2157 2239 2426 2317 διανοῖγον
2481 2243 2713 2317 μήτραν”
2774 2242 3072 2310 τουτέστιν,
3139 2242 3302 2298 ’Ὁταν
3365 2239 3813 2317 ἀπειρογάμωςὸ

2150 2332 2312 2393 τόκος
2343 2325 2548 2405 προϐῇ·
2581 2325 2713 2385 ὅταϐ
2745 2330 2845 2385 οὐκ
2874 2330 2925 2402 ἐξ
2956 2331 3225 2404 αἱμάτων,
3272 2327 3399 2387 οὐδὲ
3447 2329 3508 2385 ἐκ
3557 2328 3813 2404 θελήμα-

2152 2440 2245 2482 τος
2281 2418 2500 2495 σαρκὸς,
2534 2418 2660 2475 οὐδὲ
2689 2419 2747 2474 ἐκ
2772 2417 3083 2493 θελήματος
3115 2418 3331 2495 ἀνδρὸς,
3379 2418 3506 2475 ἀλλ’
3554 2419 3605 2491 ἐξ
3651 2419 3816 2493 ἁγίου

2158 2509 2472 2583 Πνεΰματος
2503 2512 2538 2579 ἡ
2590 2512 2689 2565 τοῦ
2712 2508 3033 2583 τικτομένου
3076 2510 3296 2585 γένηται
3328 2506 3625 2583 σύλληψις·
3663 2508 3815 2579 ὅταν,

2163 2596 2394 2672 μηδενὸς
2426 2597 2618 2669 ἔξωθεν
2670 2596 3021 2673 κρούσαντος,
3079 2596 3210 2652 αὐτὸ
3264 2597 3326 2651 τὸ
3385 2598 3583 2675 βρέφος
3615 2593 3815 2653 ἔσωθεν

2158 2685 2415 2762 διανοίξῃσ
2451 2686 2598 2757 ὅταν,
2651 2695 2751 2757 τῆς
2805 2686 3085 2764 παρθενίας
3145 2684 3451 2765 σφραγίδων
3508 2686 3599 2741 καὶ
3654 2685 3813 2742 κλεί-

2157 2789 2299 2854 θρων
2332 2776 2643 2832 ἀσαλεῦτων
2677 2774 3102 2855 φυλαττομένων
3138 2772 3371 2845 ἔνδοθεν,
3403 2771 3505 2848 ἔξω
3532 2775 3599 2831 τὸ
3626 2775 3809 2831 τικτόο

2162 2887 2319 2941 μενον
2352 2863 2656 2941 ἐκπηδήσῃ*
2689 2865 2832 2921 οὕτω
2865 2889 2893 2917 ‹‹
2925 2871 3035 2921 Πᾶν
3066 2864 3220 2942 ἄρσεν
3265 2861 3542 2941 διανοῖγον
3600 2867 3810 2942 μήτραν

2158 2958 2307 3031 ἅγιον
2353 2961 2433 3027 τῷ
2481 2955 2662 3031 Κυρίῳ
2705 2946 3063 3025 κληθήσεται.
3100 2979 3127 3004 υ
3161 2956 3306 3012 Ἐκεῖ
3338 2955 3432 3027 μὶν
3460 2954 3561 3030 γὰρ
3596 2952 3722 3010 οὐδὲ
3747 2953 3816 3009 τὰ

2161 3046 2333 3122 βρέφη
2365 3045 2458 3106 τὰς
2496 3046 2705 3117 μήτρας
2736 3041 3025 3116 διήνοιξεν,
3059 3042 3184 3099 ἀλλ’
3212 3046 3248 3114 ἡ
3277 3048 3377 3099 τοῦ
3426 3042 3620 3121 ἀνδρὸς
3678 3045 3819 3121 πρὸς

2153 3134 2252 3203 τήν
2331 3138 2557 3210 γυναῖκα
2646 3132 2973 3195 συνέλευσις
3064 3157 3093 3184 ‹‹
3179 3134 3358 3209 Ἔγνω
3428 3131 3552 3208 γὰρ,
3628 3132 3816 3210 φησὶν,

2155 3220 2337 3296 Ἀδὰμ
2397 3220 2535 3301 Εὕαν
2594 3222 2695 3293 τὴν
2750 3227 2977 3298 γυναῖκα
3032 3220 3221 3289 αὐτοῦ,
3297 3221 3389 3277 καὶ
3466 3216 3820 3279 συλλαϐοῦσα

389 3331 569 3387 egens
600 3314 855 3370 exterius
888 3313 1104 3369 carnali
1152 3314 1487 3370 concubitu.
1540 3315 1793 3386 Etenim,
1850 3337 1873 3367 (ι
1926 3320 2039 3371 An-

2157 3309 2302 3368 ἔτεκε
2332 3312 2422 3367 τὸν
2457 3312 2621 3369 Κάῖν.
2662 3335 2689 3363 ››
2723 3312 2982 3376 Ἐνταῦθα
3010 3308 3068 3367 δὲ
3116 3310 3225 3387 οὐχ
3270 3309 3463 3384 οὕτως,
3516 3308 3643 3367 ἀλλ’
3690 3310 3820 3367 αὐτὸ

389 3408 672 3475 tequam,
741 3402 968 3474 inquit,
1039 3402 1458 3471 convenirent,
1524 3403 1763 3460 iuventa
1829 3410 1917 3459 est
1982 3404 2040 3459 in

388 3497 557 3549 utero
587 3491 813 3555 habens
845 3492 917 3547 de
948 3491 1167 3562 Spiritu
1203 3494 1404 3547 sancto
1437 3492 1499 3547 1’.
1536 3514 1564 3541 »
1618 3492 1768 3546 Licet
1817 3510 2046 3565 quoque

386 3580 624 3637 brevius
675 3596 871 3636 vocem
917 3581 1181 3653 excipere
1213 3586 1388 3651 a'que
1417 3581 1808 3654 interpretari,
1843 3583 2043 3638 subin-

387 3668 704 3742 telligendc
753 3667 1119 3724 extrinsecus
1170 3692 1195 3719 «
1251 3668 1513 3741 Virginis
1548 3693 1574 3720 ››
1607 3688 1828 3741 vocem,
1863 3676 1925 3726 ut
1959 3672 2045 3727 sic

386 3762 816 3830 consequenter
859 3757 1224 3830 intelligatur
1273 3774 1286 3813 :
1340 3781 1368 3809 «
1417 3758 1601 3815 Omne
1645 3760 2042 3815 masculinum

385 3848 738 3921 adaperieus
768 3846 999 3903 vulvam
1031 3846 1339 3918 virginem,
1372 3853 1640 3903 sanctum
1680 3849 1920 3905 Domino
1946 3868 2043 3903 vo-

386 3936 638 3993 cabitur.
691 3958 720 3986 »
770 3936 932 4001 Quod
986 3936 1042 3989 in
1096 3935 1325 3992 Christo
1374 3936 1566 3993 solum
1626 3939 1858 4005 accidit,
1908 3956 2040 3994 cum

388 4024 611 4083 nemini
642 4025 741 4082 alii
771 4026 826 4081 id
860 4039 1174 4081 commune
1209 4026 1398 4080 fuerit.
1434 4031 1563 4098 Ipse
1596 4043 1849 4099 namque
1882 4027 2042 4083 solus

388 4114 689 4187 Virginem
722 4113 952 4170 vulvam
987 4113 1042 4168 in
1076 4130 1250 4169 carne
1282 4116 1572 4170 nascendo
1603 4117 1828 4188 aperuit
1850 4132 1863 4173 :
1884 4134 2040 4172 eam-

389 4219 505 4277 que
532 4203 673 4261 item
704 4202 1024 4277 Virginem,
1059 4207 1120 4257 ut
1151 4207 1286 4259 ante
1330 4208 1564 4275 partum
1617 4210 1759 4277 erat,
1809 4222 2042 4262 conser-

388 4292 567 4350 vavit.

456 4473 512 4527 6.
562 4495 584 4522 ι
636 4472 706 4528 Et
753 4476 819 4527 ut
865 4472 1075 4527 darent
1138 4472 1416 4544 hostiam,
1485 4474 1813 4529 secundum
1885 4475 2038 4545 quod

386 4560 607 4618 dictum
640 4567 731 4617 est
778 4562 835 4615 in
889 4561 1015 4631 lege
1064 4562 1293 4617 Domini
1346 4578 1361 4616 :
1416 4580 1522 4633 par
1568 4568 1890 4630 turturum,
1942 4569 2044 4617 aut

2152 3403 2214 3459 τὸ
2244 3402 2436 3479 τεχθὲν
2475 3402 2573 3464 τὰς
2606 3408 2705 3471 τῆς
2759 3403 2969 3478 μήτρας
3003 3398 3243 3474 διήνοιξε
3270 3400 3472 3472 πύλας,
3531 3397 3671 3475 μηδὲ
3701 3407 3825 3475 μιᾶς

2151 3490 2487 3568 προσδεήθὲν
2544 3491 2816 3566 σαρκίκῆς
2857 3489 3173 3570 συμφωνίας
3233 3488 3341 3544 ἀπὸ
3413 3494 3522 3545 τῶν
3607 3487 3824 3561 ἔξωθεν.

2156 3581 2355 3658 «Πρὶν
2418 3581 2452 3649 ἢ
2495 3580 2620 3655 γὰρ,
2680 3579 2835 3658 φησὶ,
2896 3578 3171 3644 συνελθεῖν
3231 3578 3451 3642 αὐτοὺς.
3511 3578 3703 3657 εὑρέθη
3765 3579 3818 3635 ἐν

2155 3670 2346 3745 γαστρὶ
2400 3665 2605 3744 ἔχουσα
2659 3666 2710 3722 ἐν
2767 3668 3084 3741 Πνεύματος
3144 3667 3319 3743 ἁγίου.
3381 3690 3410 3719 ››
3470 3666 3695 3723 Δύνασαι
3749 3664 3808 3722 δὲ

2150 3760 2240 3814 καὶ
2286 3762 2399 3833 (22)
2450 3755 2982 3833 συνεκδοχικώτερον
3031 3757 3130 3825 τὴν
3178 3757 3365 3836 φωνὴν
3413 3750 3654 3812 ἐκλαϐεῖν
3696 3762 3799 3825 τῆς

2152 3847 2450 3921 Παρθένου,
2481 3846 2671 3918 ἔξωθεν
2704 3845 3167 3919 συνακουομένης,
3198 3845 3267 3899 ’ἐν’
3358 3847 3422 3901 τὸ
3453 3845 3573 3917 ἑξῆς
3605 3843 3798 3905 οὕτως’

2153 3963 2177 3990 ιι
2216 3943 2323 3993 Πᾶν
2358 3938 2512 4009 ἄρσεν
2574 3934 2850 4012 διανοῖγον
2915 3938 3124 4010 μήτραν
3183 3936 3477 4007 παρθένον,
3510 3936 3665 4009 ἅγιον
3722 3938 3803 4007 τῷ

2152 4027 2332 4101 Κυρίῳ
2361 4025 2715 4097 κληθήσεται.
2750 4050 2779 4079 ››
2822 4027 2997 4102 ’Όπερ
3050 4023 3215 4098 μόνον
3422 4023 3509 4079 ἐπὶ
3567 4024 3805 4099 Χριστοῦ

2149 4116 2473 4194 πέπρακται,
2511 4112 2744 4189 μηδενὸς
2774 4112 2948 4170 ἄλλου
2977 4117 3087 4169 τῶν
3144 4111 3360 4168 πάντων
3402 4112 3809 4183 κεκοινωνήκό-

2148 4227 2242 4268 τος
2270 4211 2349 4277 τῷ
2380 4206 2650 4281 χρήματι.
2686 4203 2870 4265 Μόνος
2915 4203 3017 4278 γὰρ
3067 4202 3225 4265 οὗτος
3276 4202 3537 4277 παρθένον
3592 4203 3810 4276 μήτραν

2152 4294 2308 4372 σαρκὶ
2337 4292 2553 4369 τεχθεὶς
2584 4291 2848 4366 ἐξανὲῳξε·
2880 4290 2972 4345 καὶ
2997 4289 3162 4346 πάλιν
3192 4289 3394 4362 ταύτην
3415 4290 3704 4366 παρθένον,
3731 4290 3807 4351 ὡς

2150 4384 2258 4457 πρὸ
2286 4385 2383 4436 τοῦ
2411 4380 2597 4450 τόκου,
2629 4382 2950 4455 τετήρηκεν.

2222 4474 2275 4528 6.
2309 4496 2335 4521 ι(
2371 4470 2468 4524 Καὶ
2500 4473 2596 4524 τοῦ
2627 4465 2811 4523 δοῦναι
2845 4466 3029 4523 θυσίαν
3086 4468 3223 4523 κατὰ
3275 4468 3340 4524 τὸ
3397 4466 3687 4544 εἰρημένον
3751 4467 3804 4524 ἐν

2149 4560 2307 4632 νόμῳ
2340 4556 2557 4634 Κυρίου·
2593 4561 2779 4634 ζεῦγος
2827 4557 3130 4634 τρυγόνων,
3161 4560 3197 4627 ἢ
3250 4555 3346 4613 δύο
3400 4559 3658 4620 νεοσσοὺς
3708 4578 3805 4614 πε-

385 4650 535 4705 duos
563 4650 758 4722 pullos
785 4648 1188 4705 columbarum
1226 4650 1289 4703 9°.
1327 4672 1352 4698 »ι
1388 4650 1535 4714 Quid
1568 4651 1746 4705 vero?
1774 4652 2040 4706 Etiamne

2154 4652 2434 4725 ριστεεῶν.
2498 4670 2523 4698 ››
2581 4646 2649 4704 Τί
2711 4644 2808 4716 δέ;
2869 4651 2967 4701 Καὶ
3027 4645 3216 4710 θυσίας
3270 4647 3409 4703 κατὰ
3457 4646 3548 4702 τὸν
3635 4646 3808 4720 νόμον

386 4738 614 4794 hostias
671 4740 996 4794 secundum
1065 4738 1249 4812 legem
1319 4738 1576 4795 obtulit?
1643 4740 1837 4811 Ecqua
1903 4755 2038 4810 ergo

388 4827 615 4883 ratione
643 4827 862 4882 Paulus
897 4829 979 4882 ait
1010 4844 1022 4882 :
1062 4851 1087 4877 (ι
1123 4826 1282 4883 Talis
1314 4828 1559 4882 decebat
1592 4832 1655 4881 ut
1688 4829 1857 4882 nobis
1888 4834 2041 4883 esset

388 4916 649 4988 pontifex
699 4917 796 4988 qui
849 4934 964 4971 non
1016 4916 1255 4972 haberet
1304 4916 1713 4971 necessitatem
1758 4916 2039 4989 quotidie,

385 5005 883 5077 quemadmodum
937 5006 1259 5075 pontifices,
1310 5005 1474 5076 prius
1523 5021 1625 5076 pro
1657 5005 1781 5060 suis
1815 5005 2043 5062 delictis

386 5093 611 5150 hostias
640 5093 868 5158 offerre,
901 5094 1112 5148 deinde
1144 5111 1247 5166 pro
1274 5093 1497 5165 populi.
1533 5094 1649 5149 Hoc
1696 5095 1850 5150 enim
1907 5097 2042 5151 fecit

382 5181 565 5239 semel
621 5182 1004 5255 semetipsum
1063 5183 1361 5238 offerendo
1422 5183 1491 5251 9t,
1546 5203 1575 5232 »
1626 5182 1735 5239 hoc
1782 5190 1891 5257 est,
1941 5201 2044 5257 per

454 5332 499 5367 ιδ
528 5329 703 5386 Exod.
737 5346 863 5397 xm,
893 5330 961 5397 2;
995 5332 1127 5385 Luc.
1163 5348 1228 5401 ιι,
1254 5331 1344 5385 23.
1477 5332 1519 5365 1⁸
1550 5330 1757 5388 Genes.
1790 5348 1909 5397 xxx,
1942 5332 2031 5387 l0.

380 5403 425 5436 ¹⁹
454 5402 661 5457 Matth.
698 5420 736 5469 ι,
774 5403 856 5456 18.
936 5402 981 5436 ²⁰
1013 5401 1148 5458 Luc.
1181 5419 1243 5471 ιι,
1274 5403 1365 5458 24.
1445 5402 1485 5437 ²¹
1524 5401 1702 5462 Hebr.
1741 5420 1841 5471 vn,
1871 5405 1964 5469 26,
1995 5405 2086 5460 27.

451 5544 563 5627 (19)
594 5543 1171 5627 E'x'plica'tiojsthazc
1220 5544 1675 5627 habetur‘apud
1736 5546 2041 5627 Amphilo-

380 5614 604 5689 chium,
638 5614 893 5670 Homilia
917 5617 988 5671 de
1020 5633 1289 5683 occursu,
1326 5633 1457 5688 pag.
1492 5614 1602 5672 25':
1637 5614 2040 5689 itaque'sin'si-

381 5682 471 5761 Ii_s_
490 5682 626 5741 huic
656 5693 765 5750 est,
801 5693 865 5741 ut
896 5688 1162 5744 videatur
1191 5682 1445 5761 scripto}
1474 5689 1583 5746 iste
1618 5690 1690 5745 ab
1742 5682 2040 5761 Amphilo-

381 5757 514 5815 chic
544 5773 673 5815 eam
708 5762 1034 5815 mutuatus.

2150 4739 2445 4813 ἀνήνεγκε;
2479 4734 2580 4793 Καῖ
2610 4741 2732 4798 πῶς
2764 4756 2925 4814 φησιν
2955 4736 2983 4790 ὁ
3028 4735 3262 4809 Παῦλοι,
3313 4734 3395 4791 ὅτι
3451 4761 3479 4787 ‹‹
3534 4739 3806 4799 Τοιοῦτος

2148 4829 2282 4899 ἡμῖν
2346 4821 2570 4900 ἔπρεπεν
2623 4825 2928 4900 ἀρχιερεὺς,
2991 4823 3050 4887 ὅς
3108 4825 3208 4880 οὐκ
3263 4822 3380 4901 ἔχει
3438 4826 3558 4890 καθ’
3588 4824 3801 4901 ἡμέραν

2148 4915 2405 4991 ἀνάγκην,
2466 4913 2647 4989 ὣσπερ
2702 4915 2753 4968 οἱ
2812 4914 3126 4990 ἀρχιερεῖς,
3176 4913 3440 4990 πρότερον
3503 4914 3635 4990 ὑπὲρ
3694 4918 3801 4969 τῶν

2151 5004 2304 5061 ἰδίων
2354 5006 2632 5081 ἁμαρτιῶν
2702 5002 2883 5066 θυσίας
2939 5001 3243 5081 ἀναφέρειν,
3303 5000 3489 5059 ἔπειτα
3541 5008 3650 5058 τῶν
3705 5007 3804 5058 τοῦ

2152 5094 2308 5151 λαοῦ.
2342 5097 2518 5151 Τοῦτο
2551 5094 2655 5169 γὰρ
2688 5092 2939 5161 ἐποίησεν
2975 5090 3177 5170 ἐφάπαξ
3209 5093 3396 5149 ἑαυτὸν
3434 5093 3741 5169 ἅνενὲγκας,
3778 5116 3805 5143 ))

2149 5184 2393 5239 τουτέστι
2425 5180 2514 5237 διὰ
2540 5186 2638 5236 τοῦ
2669 5185 2905 5258 σταυροῦ
2952 5183 3243 5252 θυσιάσας;
3295 5181 3355 5239 Εἰ
3403 5178 3461 5237 δὲ
3508 5182 3598 5238 καὶ
3646 5183 3808 5245 αὐτὸς

2164 5334 2208 5369 ¹⁶
2238 5331 2485 5389 Malach.
2518 5349 2557 5399 ι,
2587 5333 2624 5385 2
2753 5330 2796 5368 ⁸⁷
2825 5330 2994 5387 Joan.
3026 5347 3066 5399 ι,
3101 5330 3187 5387 13.

3321 5331 3364 5369 ¹⁸
3395 5330 3605 5390 Genes.
3639 5348 3720 5402 ιν,
3756 5331 3806 5387 1.

2223 5545 2335 5616 (20)
2370 5545 2447 5617 Ita
2478 5543 2616 5614 Reg.
2633 5545 2702 5617 _2.
2737 5541 2980 5617 At_Reg.
3019 5544 3070 5612 1,
3123 5542 3377 5617 πρώτως.

2222 5612 2338 5687 (21)
2371 5616 2509 5687 Reg.
2542 5612 2597 5681 2—,
2632 5612 2885 5687 [ᾼμμών.

2371 5680 2511 5758 Reg.
2633 5680 2854 5761 δόνασαι
2883 5685 2984 5761 γὰρ
3017 5704 3195 5744 συνεκ.

2224 5755 2336 5833 (23)
2367 5755 2505 5831 Reg.
2536 5758 2594 5829 2,
2627 5755 2814 5831 μόνος.
2896 5755 2906 5758 ⁷
2955 5755 2965 5761 ⁷
3194 5780 3204 5786 ·
