4120 6376
375 417 484 482 981

1452 424 1785 485 HOMILlA
1832 425 1906 484 ΙΝ
1958 421 2375 483 OCCURSUM
2425 421 2723 480 DOMINI.

3682 417 3800 478 982

375 552 643 618 θυσιάσων
679 553 987 629 ἀνέρχεται,
1037 559 1255 630 πρῶτον
1305 555 1398 629 μὶν
1454 555 1796 632 εὑρεθήσεται
1848 560 2009 633 κυρῶι

2141 573 2374 612 crucem
2405 572 2533 612 sese
2553 552 2952 610 immolando?
2975 554 3132 619 Quod
3165 553 3208 608 si
3236 551 3648 607 immolaturus
3671 551 3797 623 ipse

371 662 429 697 τε
458 641 547 697 καὶ
608 647 866 698 συνιστῖυν
918 647 1085 698 ταῦτα
1143 645 1275 719 ἅπερ
1336 645 1494 708 αὐτὸς
1554 645 1733 716 οὗτος,
1789 648 1923 723 πρὸς
1963 647 2023 701 τὸ

371 737 614 804 κρεῖττον
692 733 918 806 ἀμεῖψαι
973 735 1314 808 παρεγένετο-
1375 733 1556 791 ἔπειτα
1615 734 1671 792 δὲ
1726 737 1814 791 καὶ
1864 735 2021 798 αὐτὸς

371 816 515 876 ἔσται
541 825 649 876 τῶν
678 820 903 876 πολλῶν
938 821 1034 891 εἷς,
1071 820 1342 878 δουλεύων
1374 829 1441 899 τῇ
1479 830 1568 879 τοῦ
1600 825 1765 898 νόμου
1795 823 2019 897 κατάρᾳ.

371 910 472 966 Καὶ
502 911 651 973 τίνος
684 909 845 986 χάριν
880 913 906 966 6
942 909 1154 974 Παῦλός
1185 934 1364 991 φησιν,
1399 914 1482 968 ὅτι
1535 939 1561 965 ‹‹
1595 917 1823 990 Χριστὸς
1872 917 2020 987 ἡμᾶς

370 995 693 1075 ἐξηγόρασεν
729 999 787 1054 ἐκ
814 1007 917 1069 τῆς
945 1003 1179 1075 κατάρας
1209 1007 1305 1056 10-3
1337 1003 1538 1076 νόμου;
1575 1031 1596 1059 υ
1634 1007 1702 1062 Ἦ
1748 1006 1854 1080 οὐχ
1886 1004 2018 1080 ὑπὲρ

366 1092 464 1142 τοῦ
500 1088 734 1164 βρέφους
765 1093 970 1158 ταῦτας
1006 1085 1104 1147 Οῧ.
1159 1093 1374 1168 φήσειεν
1428 1093 1509 1160 ἂν,
1559 1094 1648 1147 καὶ
1701 1093 1847 1166 μάλα
1899 1114 2016 1168 γεν-

364 1177 526 1240 ναίως
560 1179 588 1232 6
607 1175 1154 1254 εύαγγελιστής,ἀλλ’
1178 1181 1309 1256 ὑπὲρ
1335 1188 1433 1252 τῆς
1454 1183 1516 1237 τὸ
1543 1183 1738 1260 βρέφος
1761 1182 2020 1253 τεκούσης

365 1266 611 1342 Μητρός.
648 1268 744 1321 Καὶ
775 1271 936 1322 τοῦτο
962 1265 1131 1338 δῆλον
1167 1271 1274 1344 (24)
1309 1269 1368 1326 ἐκ
1393 1275 1500 1326 τῶν
1544 1271 1742 1328 ἄνωθεν
1795 1270 2016 1347 εἰρημέ-

364 1375 493 1411 νων·
549 1379 576 1408 ι(
626 1358 749 1412 Ὅτε
787 1358 913 1432 γὰρ,
969 1358 1154 1435 φησίν,
1189 1357 1537 1432 ἐπλήσθησαν
1574 1362 1626 1415 αἱ
1658 1363 1859 1438 ἡμὲραι
1917 1365 2015 1415 τοῦ

365 1446 703 1520 καθαρισμοῦ
743 1444 930 1516 αὐτῆς,
963 1447 1238 1523 ἀνήγαγον
1285 1450 1347 1503 τὸ
1392 1447 1603 1504 παιδίον
1657 1449 1730 1512 εἰς
1787 1451 2009 1523 Ἱεροσύο

369 1533 518 1607 λυμα
574 1539 909 1611 παραστῆσαι
969 1539 1050 1608 τῷ
1119 1536 1318 1613 Κυρίῳ,
1379 1539 1555 1602 καθὼς
1613 1539 1915 1615 γέγραπται
1966 1539 2016 1593 ἐν

362 1621 522 1695 νόμῳ
553 1623 776 1696 Κυρίουο
813 1647 839 1674 ››
870 1629 1030 1680 τοῦτο
1062 1625 1185 1702 περὶ
1233 1631 1330 1682 τοῦ
1383 1627 1634 1706 βρέφους·
1695 1654 1722 1681 ιι
1771 1628 1860 1684 καὶ
1917 1633 2015 1683 τοῦ

363 1709 546 1768 δοῦναι
605 1715 787 1770 θυσίαν
845 1717 982 1770 κατά
1037 1716 1099 1771 τὸ
1157 1717 1451 1794 εἰρημένον
1510 1719 1563 1773 ἐν
1608 1719 1760 1792 νόμῳ
1792 1719 2010 1797 Κυρίου,

364 1805 547 1877 ζεῦγος
578 1799 876 1879 τρυγόνων,
905 1805 940 1874 ἢ
976 1802 1072 1860 δύο
1101 1806 1355 1870 νεοσσοὺς
1395 1814 1746 1884 περιστερῶν·
1804 1834 1824 1860 ι
1850 1813 2011 1864 τοῦτο

360 1892 483 1967 περὶ
513 1899 616 1962 τῆς
648 1893 916 1966 Παρθένου
954 1894 1044 1950 καὶ
1094 1900 1192 1950 τοῦ
1247 1897 1450 1966 ταύτης
1506 1905 1817 1974 μνηστῆρος
2042 1939 2089 2003 Β

360 1980 422 2003 πὶ
461 1977 507 2003 βλ
619 1983 632 2002 \
774 1984 788 2001 \
911 1988 938 2000 α
1006 1985 1033 2003 n
1083 1985 1094 2003 1
1355 1991 1380 2000 ν
1527 1988 1570 2003 ιιι
1753 1985 1829 2003 an:
1948 1989 2004 2003 ιιΛ

360 1980 424 2036 Ei
457 1977 514 2036 δὲ
545 1983 634 2036 καὶ
665 1984 790 2059 περὶ
845 1988 942 2038 τοῦ
1005 1985 1238 2063 βρέφους
1284 1991 1471 2060 ταῦτα,
1523 1988 1669 2057 ξενον
1712 1985 1886 2043 οὐδέν.
1948 1989 2008 2046 Ὁ

359 2070 456 2146 γὰρ
488 2078 896 2146 περιτμηθῆναι
928 2072 1065 2128 κατά
1093 2072 1186 2128 τόν
1221 2073 1386 2148 νόμον
1417 2077 1493 2147 μή
1526 2075 1856 2147 ἀπαξιώσας,
1890 2082 2007 2140 πῶς

359 2158 419 2214 ἃν
452 2159 544 2222 τάς
577 2163 712 2216 κατά
741 2161 913 2236 νόμον
963 2162 1144 2226 θυσίας
1194 2165 1495 2234 ἀπείπατο;
1549 2167 1594 2238 ᾧ
1647 2187 1710 2240 γε
1755 2171 2012 2222 τοσοῦτον

357 2247 500 2318 ἀπῆν
551 2249 614 2304 τὸ
673 2245 1072 2316 ἀναϐάλλεσθαι
1121 2258 1290 2308 ταῦτα
1335 2253 1426 2308 καὶ
1473 2254 1866 2330 ὑπερτίθεσθαι,
1928 2255 2010 2311 ὅτι

356 2339 538 2394 καὶτὸ
587 2340 842 2395 Ἰωάννου
899 2341 1182 2416 βάπτισμα
1231 2343 1591 2418 βαπτισθῆναι
1648 2344 1707 2399 οὐ
1765 2347 2008 2421 παρῃτή-

359 2448 511 2483 σατο·
537 2428 716 2484 καίτοι
747 2433 844 2484 τοῦ
880 2431 1178 2506 βαπτιστοῦ
1221 2431 1408 2509 χρείαν
1453 2431 1678 2508 ἔχοντος
1714 2435 1800 2488 ὑπ’
1847 2435 2010 2490 αὐτοῦ

365 2518 743 2594 βαπτισθῆναι.
796 2517 950 2576 Ἀλλ’
983 2519 1136 2594 ὅμως
1189 2522 1448 2577 τοσοῦτον
1501 2524 1634 2596 ἡμῖν
1681 2518 2008 2600 συγκατέϐη,

361 2607 450 2662 καὶ
483 2607 652 2670 οὕτως
679 2608 782 2664 ὑπὸ
813 2617 910 2679 τῆς
943 2608 1080 2672 ἰδίας
1129 2608 1537 2689 φιλανθρωπίας
1584 2611 1883 2684 κεκίνηται,
1935 2613 2012 2675 ὡς

363 2698 438 2770 μὴ
473 2697 537 2752 τά
567 2697 701 2753 κατά
729 2698 898 2773 νόμον
931 2699 1116 2773 μόνον,
1150 2699 1296 2756 ἀλλά
1327 2700 1417 2755 καὶ
1459 2702 1683 2777 σταυρὸν
1716 2702 1804 2756 καὶ
1853 2700 2008 2756 θάνα-

353 2808 446 2842 τον
509 2785 916 2861 καταδέξασθαι,
973 2785 1065 2843 ’ίνα
1115 2790 1253 2865 πρὸς
1304 2788 1489 2844 ἐαυτὸν
1518 2793 1666 2863 ἡμᾶς
1716 2789 2010 2866 ἀνελκύσῃ,

354 2875 501 2931 κάτω
531 2873 814 2950 κειμένους
846 2877 897 2932 ἂν
928 2882 1007 2950 τῷ
1035 2881 1135 2947 τῆς
1168 2873 1522 2952 παραϐάσεως
1554 2880 1829 2953 πτώματι.

423 2968 478 3023 7.
530 2992 558 3019 ι(
619 2967 718 3021 Καὶ
779 2964 899 3022 ἰδοὺ
954 2968 1044 3039 ἦν,
1106 2967 1298 3043 φησὶν,
1358 2969 1641 3044 ἅνθρωπος
1703 2969 1752 3024 ἐν
1813 2970 2008 3044 Ἰερου-

356 3051 566 3127 σαλὴμ,
618 3055 664 3127 ᾦ
706 3049 880 3129 ὄνομα
930 3057 1178 3130 Συμεών·
1238 3055 1325 3111 καὶ
1361 3059 1388 3112 6
1421 3055 1705 3134 ἅνθρωπος
1738 3057 1896 3121 οὗτος
1927 3056 2008 3113 δί-

354 3164 507 3207 καιος
567 3145 656 3198 καὶ
705 3141 962 3217 εὐλαϐὴς,
1017 3143 1470 3223 προσδεχόμενος
1523 3146 1867 3222 παράκλησιν
1914 3153 2009 3203 τοῦ

353 3233 598 3308 Ἰσραήλ.
650 3258 676 3285 ››
728 3234 828 3296 Τίς
881 3233 939 3288 ἂν
990 3234 1279 3310 ἀξιώτερον
1333 3231 1547 3290 ἔπαινον
1597 3240 1702 3291 τῶν
1734 3236 2007 3313 βραχυτάο

355 3325 463 3376 τῶν
511 3322 718 3378 τούτων
769 3321 1030 3400 ῥημάτων
1074 3328 1154 3396 τῷ
1186 3321 1335 3398 ἀνδρὶ
1363 3325 1789 3400 προσκομίσειες
1844 3350 1870 3377 ‹‹
1910 3326 2008 3383 Καὶ

360 3408 480 3466 ἴδοὺ
511 3415 575 3481 ἦν
634 3410 937 3488 ἄνθρωπος’
997 3438 1026 3466 ››
1085 3411 1363 3488 ἅνθρωπος
1419 3415 1480 3468 τὸ
1514 3415 1862 3492 φαινόμενον,
1921 3415 2009 3470 καὶ

362 3500 492 3576 ὑπὲρ
526 3499 810 3578 ἄνθρωπον
835 3503 899 3557 τὸ
928 3502 1248 3577 νοούμενον·
1305 3499 1586 3579 ἅνθρωπος
1646 3506 1744 3574 τὴν
1806 3503 2006 3575 οὐσίαν,

359 3588 503 3645 ἀλλὰ
529 3591 630 3660 τὴν
665 3590 812 3662 ἀξίαν
841 3590 1037 3664 πολλῷ
1065 3596 1142 3665 τῷ
1176 3594 1324 3667 μέσῳ
1371 3597 1476 3648 τῶν
1519 3592 1818 3667 ἀνθρώπων
1855 3593 2010 3670 ὑπερ-

359 3677 606 3752 κείμενος
636 3681 769 3754 (26)’
801 3682 901 3750 τήν
934 3681 1090 3758 φύσιν
1123 3679 1427 3757 ἅνθρωπος,
1471 3681 1616 3738 ἀλλά
1661 3684 1760 3752 τὴν
1812 3682 2005 3759 ἀρε·τήν

358 3766 611 3844 ἄγγελος.
672 3771 998 3846 Ἄνθρωπος
1055 3770 1322 3842 αἰσθητὴν
1383 3773 1478 3843 μὲν
1536 3769 1856 3845 ἐνδιαίτημα
1909 3773 2006 3841 τὴν

360 3859 508 3911 κάτω
566 3858 932 3934 Ἰερουσαλὴμ
984 3861 1340 3932 κεκτημένος·
1402 3861 1597 3931 νοητὸν
1659 3857 1714 3915 δὲ
1770 3862 1868 3929 τήν
1899 3859 2008 3915 ἅνω

355 3945 729 4021 Ἰερουσαλήμ
768 3949 868 4018 τήν
927 3946 1295 4025 μητρόπολιν,
1340 3974 1367 4001 ‹‹
1401 3952 1465 4018 ἧς
1497 3948 1758 4025 τεχνίτης
1789 3949 1878 4004 καὶ
1911 3947 2008 4021 δη-

363 4037 625 4113 μιουργὸς
658 4038 685 4091 ὁ
717 4036 865 4100 Θεός·
905 4061 934 4089 η
967 4036 1251 4113 ἄνθρωπος
1284 4037 1591 4114 ἀνθρώποις
1629 4039 1722 4112 μὲν
1749 4038 1819 4114 τῇ
1852 4039 2007 4114 σαρκὶ

360 4127 945 4205 συναναστρεφόμενος,
995 4125 1246 4203 ἀγγέλοις
1307 4124 1364 4182 δὶ
1418 4131 1498 4200 τῷ
1560 4129 1821 4202 πνεύματι
1879 4151 2009 4203 συμ-

356 4213 808 4289 πολιτευόμενος·
845 4214 1058 4290 μᾶλλον
1093 4214 1149 4272 δὲ
1177 4215 1266 4271 καὶ
1296 4221 1403 4272 τῶν
1439 4216 1683 4293 ἀγγέλων
1718 4218 1744 4272 ὁ
1779 4219 2004 4290 Συμεὼν

364 4303 376 4324 ε
435 4303 452 4335 ι
491 4327 520 4338 ..
654 4323 666 4335 .
759 4304 782 4323 ν
1383 4307 1395 4324 ς
1707 4307 1733 4326 ν
1873 4306 1886 4328 ν
1955 4312 1977 4323 -

358 4324 646 4380 υπιριερος
728 4326 877 4382 ε.περ
932 4307 1022 4361 τὸν
1086 4304 1312 4369 ἐκείνοις
1373 4308 1619 4376 αθέατον,
1672 4328 1831 4370 ουτος
1876 4305 2003 4361 ιδειν

351 4393 700 4465 κατηξίωται·
733 4395 821 4450 καὶ
855 4394 953 4450 οὐκ
984 4393 1113 4451 ίδεῖν
1147 4395 1324 4469 μόνον,
1361 4393 1486 4452 ἀλλ’
1517 4394 1547 4450 6'
1575 4394 1771 4452 τούτου
1820 4401 2003 4470 μεῖζον

354 4484 420 4553 ἦν
455 4485 541 4538 καὶ
590 4482 1043 4561 παραδοξότερον,
1090 4485 1180 4540 καὶ
1231 4484 1704 4560 ἐναγκαλίσασθαι.
1757 4511 1783 4538 ‹‹
1842 4485 1943 4542 Καὶ
1977 4487 2004 4540 6

353 4574 641 4649 ἄνθρωπος
675 4571 833 4636 οὗτος
865 4571 1092 4636 δίκαιος·
1151 4597 1179 4627 ››
1223 4572 1481 4630 ἀπεδίδου
1532 4577 1631 4651 γὰρ
1681 4573 1889 4648 ἑκάστῳ
1943 4576 2004 4631 16

355 4663 473 4717 κατ’
502 4662 668 4733 ἀξίαν’
700 4667 780 4736 τῷ
815 4663 908 4736 μὶν
961 4662 1115 4738 λόγῳ
1142 4663 1204 4719 τὸ
1251 4663 1319 4718 τὰ
1368 4668 1483 4728 θεῖα
1522 4664 1620 4724 ,καὶ
1665 4662 1859 4720 ἐννοεῖν
1915 4665 2005 4719 καὶ

359 4749 685 4826 λογίζεσθαι·
746 4752 808 4807 τὸ
869 4750 1304 4828 αἷχμαλωτίζειν
1370 4759 1471 4807 πᾶν
1538 4754 1720 4826 νόημα
1779 4753 1855 4816 εἰς
1904 4756 2003 4823 τὴν

361 4840 606 4910 ὑπακοὴν
640 4843 753 4915 (27)
800 4846 896 4896 τοῦ
926 4843 1180 4917 Χριστοῦ·
1217 4842 1278 4896 τὸ
1315 4842 1391 4914 μή
1443 4840 1726 4912 ἐπανιστᾷν
1770 4844 1868 4911 τὴν
1900 4843 2008 4898 κτί-

356 4951 436 4985 σιν
469 4934 546 5002 τῷ
581 4931 801 5006 Κτίστῃ,
835 4931 969 4987 κατὰ
1000 4929 1124 4992 τοὺς
1158 4927 1409 5009 ἄφροναςο
1444 4931 1505 4984 τὸ
1539 4928 1708 5003 μηδὲν
1758 4929 1857 5002 ἔξω
1906 4939 2006 5001 τῆς

355 5019 498 5081 θείας
531 5020 663 5076 εἶναι
693 5021 948 5095 προνοίας
1001 5014 1429 5093 ὑπολαμϐάνειν·
1481 5021 1543 5076 τὸ
1598 5016 1687 5075 διά
1736 5025 1842 5075 τῶν
1894 5024 2005 5095 (28)

353 5107 664 5182 κτισμάτων
693 5108 979 5186 ἀναλόγως
1008 5109 1098 5164 τὸν
1141 5109 1520 5187 Γενεσιουργὸν
1570 5108 1788 5164 ἐννοεῖν·
1821 5115 1900 5182 τῷ
1949 5107 2006 5165 δὲ

359 5198 520 5271 θυμῷ
561 5199 662 5267 τὴν
711 5199 847 5254 κατὰ
891 5203 988 5255 τοῦ
1037 5195 1213 5277 ὄφεως
1262 5197 1576 5274 αὐστηρίαν,
1605 5199 1666 5254 τὸ
1719 5199 1854 5254 κατά
1908 5205 2006 5270 τῆς

423 5375 471 5410 ³³
507 5372 694 5432 Galat.
730 5391 814 5446 ιιι,
847 5374 933 5430 13.

1011 5374 1058 5410 ³⁸
1088 5373 1223 5432 Luo.
1256 5391 1318 5441 ιι,
1350 5375 1441 5431 25.
1518 5376 1564 5411 ²⁴
1597 5375 1767 5431 Hebr.
1799 5392 1881 5442 ιιι,
1915 5377 2000 5431 10.

447 5557 542 5626 24)
574 5555 715 5627 Reg.
746 5554 806 5623 2,
836 5549 1022 5622 δηλοῖ.

569 5624 832 5700 εἱοἸὶοε.
857 5629 914 5700 2,
948 5625 1147 5700 probe.
1179 5628 1255 5680 At
1282 5624 1420 5700 Reg.
1450 5627 1508 5700 β,
1546 5626 1870 5700 μνήστορος.

430 5644 542 5700 (κο)
569 5644 664 5684 me
694 5644 832 5700 neg.
857 5644 914 5695 κ,
948 5644 1147 5698 prone.
1179 5644 1255 5680 At
1285 5644 1420 5752 neg.
1457 5644 1508 5694 1,
1546 5644 1870 5700 μνηστορος.

577 5701 803 5773 Reg._2,
860 5697 1327 5773 bitegaxxeipcvoq.
1398 5698 1548 5771 nfra’
1581 5694 1864 5772 ἄνθρωποι
1902 5717 2006 5755 ειη-

349 5777 412 5829 te
438 5769 697 5841 suam;
727 5769 785 5826 in
818 5771 942 5827 solo
963 5769 1106 5843 Reg.
1139 5769 1176 5824 2
1204 5772 1410 5826 exstat.

2079 5375 2125 5410 ³⁸
2155 5375 2205 5432 ΙΙ
2236 5376 2366 5432 Cor.
2403 5391 2459 5443 x,
2490 5375 2544 5430 5.

2138 647 2440 714 ascendat,
2474 645 2732 717 primum
2783 645 3017 715 quidem
3051 643 3409 713 comperitur
3439 659 3504 696 ea
3536 641 3793 710 ﬁrmare,

2135 735 2207 790 iis
2241 736 2641 790 auctoritatem
2666 733 2941 805 praebere,
2995 749 3121 803 qua:
3151 731 3276 803 ipse
3308 731 3363 784 in
3401 730 3608 786 melius
3641 747 3798 784 com-

2136 829 2475 878 mutaturus
2509 823 2780 878 accessit.
2814 821 3058 887 Deinde,
3092 821 3214 892 ipse
3248 835 3480 892 quoque
3510 836 3666 875 unus
3689 819 3800 875 erit

2134 929 2202 968 ex
2236 912 2434 968 multis
2485 913 2584 984 qui
2638 911 2784 984 legis
2835 911 3149 965 maledicto
3199 909 3546 963 serviebant.
3596 909 3796 980 Ecqua

2130 1019 2268 1074 ergo
2305 1002 2524 1056 ratione
2558 1001 2773 1056 Paulus
2813 1001 2895 1055 ait
2943 1018 2954 1054 :
2993 1023 3019 1050 ‹‹
3074 998 3338 1054 Christus
3392 1015 3495 1053 nos
3547 998 3794 1052 redemit

2130 1109 2197 1148 ex
2231 1090 2540 1147 maledicto
2574 1089 2720 1162 legis
2754 1090 2847 1143 2'?
2881 1113 2907 1138 »
2940 1091 3145 1144 Annon
3175 1105 3279 1160 pro
3311 1102 3490 1159 puero
3522 1087 3645 1140 haec
3675 1087 3792 1141 dic-

2128 1185 2188 1236 ta
2231 1181 2419 1235 sunt?
2452 1181 2599 1246 Non,
2636 1181 2789 1235 dicet
2843 1179 3096 1250 ingenue
3141 1176 3516 1248 evangelista,
3550 1177 3652 1231 sed
3684 1193 3788 1248 pro

2130 1275 2316 1326 matre
2345 1271 2510 1343 pueri
2543 1270 2844 1342 genitrice.
2878 1269 3039 1334 Quod
3070 1285 3136 1322 ex
3178 1284 3356 1339 supra
3386 1265 3558 1322 dictis
3590 1265 3785 1338 palam

2128 1364 2236 1416 est.
2287 1360 2454 1426 Nam,
2509 1384 2533 1409 α
2587 1362 2901 1431 postquam
2951 1357 3174 1429 impleti
3224 1360 3383 1420 sunt,
3419 1355 3629 1426 inquit,
3664 1355 3788 1411 dies

2128 1449 2496 1522 purgationis
2529 1449 2681 1520 ejus,
2715 1447 2982 1503 tulerunt
3029 1462 3278 1518 puerum
3327 1445 3384 1500 in
3436 1444 3788 1512 Jerusalem,

2127 1543 2191 1595 ut
2223 1539 2498 1594 sisterent
2551 1554 2682 1592 eum
2737 1536 3005 1603 Domino,
3060 1536 3210 1590 sicut
3263 1535 3546 1606 scripturn
3598 1537 3686 1588 est
3726 1534 3785 1587 in

2125 1628 2252 1702 lege
2284 1627 2516 1684 Domini
2557 1645 2567 1681 :
2605 1649 2633 1677 »
2684 1627 2790 1683 hoc
2823 1627 2892 1682 de
2940 1642 3120 1698 puero
3156 1641 3167 1680 :
3202 1647 3228 1674 «
3265 1630 3318 1680 et
3351 1628 3411 1679 ut
3443 1624 3650 1679 darent
3680 1622 3786 1678 ho-

2125 1719 2324 1787 stiam,
2361 1719 2690 1774 secundum
2723 1718 2881 1788 quod
2914 1717 3135 1770 dictum
3172 1718 3260 1770 est
3291 1714 3347 1768 in
3378 1713 3504 1785 lege
3526 1713 3782 1784 Domini,

2124 1826 2230 1882 par
2275 1812 2595 1877 turturum,
2644 1810 2741 1861 aut
2792 1808 2941 1861 duos
2997 1804 3189 1876 pullos
3245 1803 3651 1859 columbarum
3702 1819 3775 1856 ε»

2123 1897 2233 1954 hoc
2266 1898 2334 1953 de
2369 1896 2602 1968 Virgine
2633 1913 2700 1951 ac
2731 1896 2860 1966 ejus
2893 1911 3128 1968 sponso.
3164 1893 3325 1958 Quod
3358 1895 3404 1947 si
3439 1893 3508 1947 de
3554 1892 3778 1947 infante

2122 2003 2353 2060 quoque
2396 1987 2687 2057 dicantur,
2720 1984 2864 2040 nihil
2916 1984 3260 2040 absurdum.
3313 1983 3421 2049 Qui
3469 1983 3625 2037 enim
3658 1999 3774 2038 non

2119 2077 2473 2148 dedignatus
2503 2080 2595 2130 est
2624 2075 2946 2131 secundum
2993 2073 3178 2146 legem
3230 2074 3591 2146 circumcidi,
3626 2093 3769 2150 quo-

2120 2167 2294 2222 modo
2324 2164 2469 2238 legis
2501 2164 2726 2220 hostias
2757 2164 3243 2230 recusasset?0ui
3266 2169 3493 2220 tantum
3513 2166 3676 2223 abest
3708 2171 3772 2223 ut

2119 2270 2188 2312 ea
2231 2255 2488 2311 diﬂ'crret
2536 2257 2636 2309 aut
2696 2254 3131 2322 intermitteret,
3165 2259 3227 2308 ut
3263 2270 3332 2309 ne
3363 2253 3604 2310 Joannis
3638 2257 3770 2328 qui-

2121 2346 2251 2399 dem
2323 2343 2616 2416 baptismo
2664 2342 2944 2415 baptizari
2995 2342 3315 2409 abnuerit;
3367 2344 3599 2400 etiamsi
3651 2345 3773 2418 ipse

2119 2433 2383 2505 Baptista
2413 2450 2560 2506 opus
2591 2432 2832 2488 haberet
2856 2432 2928 2487 ab
2959 2448 3024 2487 eo
3061 2432 3368 2504 baptizari.
3420 2433 3504 2488 Ita
3563 2435 3774 2492 nihilo-

2122 2523 2321 2577 minus
2370 2538 2432 2578 se
2494 2521 2660 2577 nobis
2725 2519 3152 2593 attemperavit,
3212 2524 3385 2593 atque
3430 2527 3593 2577 tanta
3640 2540 3779 2596 erga

2122 2627 2228 2667 nos
2262 2610 2571 2667 clementia
2621 2615 2921 2683 permotus
2973 2613 3098 2678 est;
3145 2614 3210 2665 ut
3256 2627 3368 2666 non
3403 2611 3592 2666 solum
3622 2612 3776 2685 lega-

2118 2702 2221 2771 lia,
2253 2702 2352 2757 sed
2382 2717 2614 2756 erucem
2649 2706 2823 2772 atque
2858 2704 3105 2756 mortem
3138 2701 3475 2768 sustineret,
3522 2721 3634 2774 quo
3672 2721 3776 2760 nos

2121 2790 2347 2847 inferne
2379 2791 2436 2845 in
2456 2791 2946 2863 transgressionis
2973 2791 3142 2846 ruina
3163 2792 3528 2861 jacentes,al
3553 2809 3614 2848 se
3647 2811 3774 2864 per-

2120 2880 2397 2936 traheret.

2189 2971 2243 3026 7.
2279 2994 2306 3020 ‹‹
2341 2971 2406 3026 Et
2439 2985 2589 3040 ecce,
2641 2969 2853 3041 inquit,
2903 2969 3080 3025 homo
3131 2973 3254 3024 erat
3304 2971 3357 3024 in
3419 2970 3770 3031 Jerusalem,

2119 3060 2213 3116 cui
2247 3077 2457 3116 nomen
2490 3060 2736 3132 Symeon
2774 3076 2784 3115 :
2822 3063 2875 3114 et
2910 3059 3080 3114 homo
3113 3059 3222 3114 iste
3246 3061 3468 3129 justus,
3503 3065 3560 3114 et
3599 3062 3772 3117 timo-

2121 3154 2285 3206 ratus
2335 3153 2681 3220 exspectans
2730 3147 3191 3203 consolationem
3253 3149 3421 3203 Israel
3457 3149 3520 3203 ³³.
3556 3171 3583 3200 ››
3633 3149 3775 3212 Quis

2119 3239 2240 3294 viro
2291 3239 2614 3309 digniorem
2666 3237 2897 3292 laudem
2967 3253 3142 3308 quam
3198 3254 3382 3308 pauca
3442 3238 3775 3295 istiusmodi

2041 3314 2083 3380 C
2119 3330 2296 3384 verba
2326 3328 2830 3399 complectunctur
2862 3326 3066 3381 afferre.
3097 3327 3331 3397 possit?
3363 3349 3390 3377 «
3425 3328 3568 3384 Ecce
3600 3328 3775 3385 homo

2121 3421 2243 3472 erat
2283 3434 2296 3486 ;
2356 3439 2383 3467 »
2441 3417 2614 3471 homo
2662 3416 2966 3471 videbatur
2996 3420 3052 3470 et
3083 3433 3260 3488 supra
3291 3416 3587 3472 hominem
3647 3434 3776 3474 esse

2120 3505 2578 3580 intelligebatur.
2640 3505 2823 3560 Homo
2882 3504 3261 3573 substantia;
3339 3506 3438 3560 sed
3493 3507 3777 3578 dignitate

2123 3613 2337 3669 magno
2371 3594 2640 3650 homines
2688 3593 2994 3648 intervallo
3026 3594 3339 3665 superabat
3373 3613 3385 3662 ;
3437 3601 3646 3651 natura
3675 3595 3776 3650 ho-

2122 3702 2239 3754 mo,
2323 3685 2422 3740 sed
2497 3685 2712 3738 virtute
2787 3683 3052 3754 angelus.
3121 3686 3304 3736 Homo
3363 3683 3453 3738 cui
3535 3683 3771 3756 quidem

2121 3773 2401 3830 sensibile
2433 3771 2832 3829 habitaculum
2865 3776 2988 3828 erat
3019 3771 3259 3827 inferior
3281 3771 3379 3827 illa
3401 3772 3725 3829 Jerusalem
3757 3793 3769 3843 ;

2119 3863 2426 3936 spirituale
2484 3880 2642 3933 vero,
2709 3878 2964 3934 superna
3026 3861 3374 3931 Jerusalem,
3436 3862 3773 3936 Metropolis

2119 3950 2242 4022 illa,
2294 3976 2320 4002 ‹‹
2370 3952 2541 4022 cujus
2588 3951 2793 4006 artifex
2840 3951 3223 4022 conditorque
3270 3950 3426 4006 Deus
3475 3953 3536 4007 ³⁸.
3591 3975 3616 4001 ››
3656 3957 3768 4008 Ho-

2121 4059 2237 4109 mo,
2293 4041 2393 4114 qui
2443 4055 2615 4096 carne
2663 4056 2794 4094 cum
2846 4039 3185 4095 hominibus
3244 4057 3360 4095 una
3410 4042 3770 4114 versabatur,

2118 4130 2329 4203 spiritu
2388 4135 2580 4184 autem
2643 4145 2776 4184 cum
2837 4127 3060 4200 angelis
3119 4130 3403 4200 degebat,
3455 4131 3570 4186 imo
3627 4131 3774 4204 ipsis

2119 4218 2342 4291 angelis
2405 4217 2671 4289 superior
2745 4217 3042 4288 Symeon:
3096 4217 3386 4288 siquidem
3464 4236 3600 4275 eum
3675 4222 3771 4293 qui

2119 4310 2271 4366 359
2311 4306 2749 4379 inaspectabilis
2797 4305 2944 4377 ipsis
2989 4309 3096 4372 est,
3141 4305 3336 4360 videre
3387 4308 3637 4377 meruit;
3673 4327 3776 4365 nec

2117 4399 2290 4454 modo
2343 4397 2557 4464 videre,
2589 4396 2688 4452 sed
2723 4395 2876 4467 quod
2910 4395 3287 4466 praestantius
3344 4412 3409 4450 ac
3443 4396 3774 4454 mirabilius

2117 4493 2225 4554 est,
2259 4491 2314 4542 et
2340 4485 2495 4541 ulnis
2559 4484 2876 4557 suscipere.
2932 4507 2958 4534 (ι
3011 4483 3080 4538 Ει
3127 4483 3299 4539 homo
3349 4483 3446 4540 ille
3479 4484 3708 4555 justus,
3748 4509 3773 4536 ››

2117 4577 2330 4648 cuique
2360 4575 2516 4632 enim
2552 4591 2652 4647 pro
2678 4575 2811 4644 jure
2854 4576 2910 4628 et
2952 4572 3280 4628 conditione
3314 4573 3627 4629 tribuebat.
3662 4575 3771 4630 Ra-

2118 4665 2262 4723 tioni
2297 4665 2561 4739 quidem,
2597 4667 2662 4719 ut
2694 4662 2891 4718 divina
2932 4664 3207 4734 cogitaret
3239 4679 3306 4718 ac
3349 4664 3726 4721 meditaretur
3758 4683 3770 4722 :

2119 4759 2183 4811 ut
2211 4772 2450 4810 sensum
2508 4770 2739 4809 omnem
2776 4753 3092 4824 eaptivaret
3131 4751 3187 4807 in
3220 4753 3571 4826 obsequium
3605 4755 3770 4811 Chri-

2118 4845 2189 4901 sti
2221 4846 2264 4879 ²⁵
2297 4861 2308 4900 :
2345 4850 2406 4900 ut
2444 4860 2532 4908 ne,
2567 4843 2968 4914 insipientium
3033 4859 3214 4909 more,
3260 4849 3528 4899 creatura
3573 4844 3763 4900 insur-

2116 4938 2277 5007 geret
2309 4935 2363 4988 in
2398 4934 2724 4989 Creatorem
2753 4949 2764 4985 :
2798 4938 2862 4986 ut
2894 4949 2964 4987 ne
2993 4932 3128 5002 quid
3162 4935 3326 4987 extra
3355 4932 3610 4988 divinam
3643 4951 3772 4990 esse

2119 5022 2543 5094 providentiam
2617 5020 2976 5077 existimaret
3050 5038 3062 5074 :
3143 5024 3208 5075 ut
3272 5036 3340 5075 ex
3399 5023 3770 5092 proportione

2118 5112 2370 5184 quadam
2403 5127 2508 5183 per
2552 5115 2767 5182 creata,
2817 5109 3146 5166 Creatorem
3192 5108 3545 5182 intelligeret
3573 5111 3636 5165 ’⁸.
3670 5111 3770 5166 Irae

2115 5205 2336 5268 autem,
2371 5199 2775 5257 austeritatem
2805 5199 2864 5254 in
2914 5203 3268 5271 serpentem,
3315 5199 3678 5256 severitatem
3712 5201 3771 5256 in

2624 5375 2668 5409 ²⁶
2699 5374 2866 5429 Rom.
2901 5389 2941 5439 ι,
2971 5374 3060 5426 20.

2190 5555 2303 5678 (ΞἹ)
2337 5555 2422 5610 Ita
2457 5559 2594 5626 Reg.
2625 5555 2659 5608 2
2689 5560 2745 5609 et
2774 5554 2837 5609 G.
2870 5551 3174 5623 Scriptura:
3207 5554 3416 5607 lextus.
3451 5553 3518 5609 Β.
3550 5552 3602 5623 ιΙ,
3630 5552 3763 5606 ὑπο-

2190 5646 2216 5678 ‘l
2246 5645 2310 5678 iV.

2114 5645 2310 5698 ταγην.

2331 5697 2471 5770 Reg.
2503 5699 2558 5768 2,
2585 5694 2648 5750 τὸ
2671 5693 2728 5748 ἐκ
2755 5697 2884 5749 τῶν.
