4120 6378
334 369 450 430 983

1499 373 1564 430 ὃ.
1616 360 2140 429 ATHANASIUS.
2165 391 2238 400 —-
2268 356 2578 418 SPUlllA.

3632 366 3749 427 984

334 508 637 576 peccatum
665 523 679 561 :
711 505 1123 562 inclementem
1156 509 1331 578 atque
1364 505 1574 560 durum
1608 518 1747 575 erga
1774 497 1984 570 impios

2107 489 2375 567 ἁμαρτίας
2432 490 2724 565 ἀσότομον·
2778 492 2842 548 τὸ
2894 493 3030 549 κατὰ
3064 497 3172 549 τῶν
3204 490 3539 550 ἀοεὸοὐντων
3572 495 3748 571 ἀσυμ-

337 594 629 649 animum.
658 595 733 650 Ea
756 595 950 651 Helias
982 597 1264 651 adversus
1286 594 1507 651 Acliabi
1531 588 1985 656 centenarios”,

341 683 585 740 Phineas
619 690 821 739 contra
849 685 1290 741 Madianiticum
1347 683 1540 740 scelus
1571 683 1613 717 ²⁸
1650 700 1661 736 :
1696 682 1902 736 Petrus
1932 680 1989 731 et

336 769 592 840 Paulus;
629 773 786 844 prior
816 773 1055 845 quidem
1102 777 1307 828 contra
1337 772 1619 826 Ananiam
1654 773 1710 824 et
1738 764 1986 838 Sapphi-

340 876 464 915 ram
522 861 567 896 '9
616 879 631 930 ;
708 861 999 933 posterior
1061 878 1194 917 vero
1258 866 1460 917 contra
1513 859 1776 931 Elymam
1831 857 1877 890 ⁸ο
1933 856 1991 908 et

342 947 733 1005 Alexandrum
760 952 801 986 ³¹
828 955 885 1004 et
907 950 1053 1006 alios
1087 950 1676 1020 multos,justissime
1708 962 1851 1001 usus
1878 948 1983 1000 est.

263 1082 283 1100 ,
336 1038 652 1109 Cupiditati
687 1044 905 1107 autem,
955 1043 1019 1094 ut
1047 1039 1115 1094 in’
1140 1040 1265 1111 lege
1293 1038 1521 1095 Domini
1558 1040 1835 1110 perpetuo
1867 1051 1989 1090 me-

336 1126 646 1197 ditaretur,
680 1128 1099 1183 desidcrabiles
1143 1128 1504 1183 existimaret
1537 1124 1990 1197 justiﬁcationes

334 1215 568 1271 Domini
601 1233 778 1289 super
816 1235 1026 1274 aurum
1076 1224 1133 1274 et
1178 1216 1432 1291 lapidem
1482 1216 1805 1289 pretiosum
1838 1212 1991 1268 mul-

332 1308 484 1371 tum,
506 1309 564 1361 et
593 1305 885 1362 dulciores
917 1324 1094 1379 super
1125 1307 1237 1363 mel
1264 1313 1321 1362 et
1354 1308 1543 1361 favum
1563 1306 1609 1340 ³³
1635 1322 1647 1359 :
1674 1309 1738 1359 ut
1775 1304 1994 1359 diceret

335 1409 470 1449 cum
501 1394 719 1451 Davide
753 1412 766 1451 :
801 1420 827 1445 ‹‹
863 1396 1046 1460 Quam
1079 1395 1293 1452 dilecta
1320 1394 1697 1469 tabernacula
1723 1399 1846 1463 tua,
1879 1392 1990 1447 Do-

337 1483 496 1540 mine
522 1484 803 1540 virtutum
838 1501 850 1538 :
890 1485 1256 1558 concupiscit
1287 1472 1353 1541 et,
1390 1484 1586 1540 deﬁcit
1633 1482 1832 1539 anima
1863 1497 1993 1536 mea

334 1571 396 1628 in
428 1572 578 1628 atria
622 1572 853 1629 Domini
885 1575 952 1631 ³³.
987 1596 1015 1625 ››
1047 1576 1135 1630 Ita
1157 1576 1357 1646 justus
1399 1580 1525 1629 erat
1553 1578 1799 1646 Symeon
1831 1569 1992 1626 nullo

335 1660 575 1719 virtutis
595 1678 806 1734 genere
832 1663 1155 1721 destitutus
1180 1683 1193 1720 :
1219 1665 1514 1737 siquidem
1537 1663 1829 1735 justitiam
1857 1661 1990 1717 reli-

335 1766 486 1823 quas
514 1769 719 1808 omnes
762 1753 1174 1811 existimamus
1221 1754 1531 1827 complecti
1566 1754 1828 1822 virtutes,
1862 1768 1990 1823 quae

2094 582 2255 641 παθὲς
2285 578 2377 635 καὶ
2408 580 2705 657 ἀνήμερον.
2739 584 2799 640 Ὀ
2829 580 3018 646 Ἦλίας
3055 583 3149 658 μὶν
3199 584 3336 639 κατὰ
3381 589 3489 640 τῶν
3536 582 3747 663 ’Ᾱχαὰϐ

2095 672 2604 747 πεντηκονταρχων.
2662 675 2845 735 Φινεὲς
2905 670 2963 729 δὲ
3019 674 3155 730 κατά
3221 679 3319 730 τοῦ
3395 674 3747 732 Μαδιανιτίου

2100 761 2323 833 μύσους’
2379 761 2579 837 Πὲτρος
2630 760 2689 817 δὲ
2734 764 2823 817 καὶ
2873 763 3111 835 Παῦλος,
3146 766 3175 820 ὁ
3209 765 3304 837 μὲν
3332 764 3468 821 κατᾶ
3498 764 3748 821 ’Δνανίου

2096 848 2185 906 καί
2217 850 2546 926 Σαπφείρας,
2581 852 2609 905 ὁ
2668 848 2725 907 δὲ
2780 852 2916 908 κατᾶ
2964 851 3177 927 Ἐλύμα
3217 854 3307 909 καὶ
3367 852 3746 931 Ἀλεξάνδρου,

2095 940 2185 994 καὶ
2215 938 2442 994 πολλῶν
2478 939 2662 996 ἄλλων
2695 938 3008 998 δικαιότατα
3036 944 3412 1019 ἀπεχρήσατο.
3442 948 3519 1018 Τῇ
3552 942 3610 1000 δὲ
3635 944 3750 1001 ἐπι-

2099 1030 2267 1104 θυμίᾳ
2294 1031 2356 1086 τὸ
2391 1030 2617 1103 μελετᾷν
2652 1031 2704 1086 ἐν
2735 1032 2892 1106 νόμῳ
2923 1034 3121 1110 Κυρίου
3154 1032 3465 1098 διαπαντός·
3521 1037 3583 1091 τὸ
3631 1035 3749 1092 ἐπι-

2099 1119 2317 1193 θυμητὰ
2345 1122 2593 1197 ἡγεῖσθαι
2621 1120 2689 1176 τὰ
2718 1118 3061 1196 δικαιώματα
3103 1123 3303 1199 Κυρίου
3345 1124 3476 1201 ὑπὲρ
3525 1125 3752 1202 χρυσίον

2096 1209 2187 1264 xui
2219 1206 2373 1264 λίθον
2400 1207 2586 1282 τίμιον
2633 1210 2836 1280 πολὺν,
2864 1211 2956 1266 καὶ
2981 1209 3285 1289 γλυκύτερα
3317 1213 3449 1291 ὑπὲρ
3486 1212 3612 1288 μέλι
3660 1214 3753 1271 καὶ

2098 1297 2308 1372 κηρίονο
2368 1300 2429 1354 τὸ
2486 1298 2664 1375 λέγειν
2725 1301 2859 1373 μετᾶ
2916 1299 3100 1356 Δαυ’ίδ”
3162 1327 3191 1356 ‹‹
3239 1305 3329 1367 Ὠς
3380 1304 3631 1379 ἀγαπητὰ
3684 1307 3752 1361 τὰ

2098 1388 2431 1461 σκηνώματά
2478 1409 2595 1460 σου,
2645 1389 2811 1465 Κύριε
2854 1395 2962 1446 τῶν
3010 1388 3313 1465 δυνάμεων
3346 1391 3604 1449 ἐπιποθεῖ
3661 1396 3751 1451 καὶ

2100 1475 2339 1532 ἐκλείπει
2370 1480 2404 1547 ἡ
2439 1480 2591 1554 ψυχή
2630 1500 2734 1552 μου
2767 1480 2843 1542 εἷς
2872 1481 2966 1542 τὰς
2997 1480 3165 1545 αὐλὰς
3195 1486 3293 1537 τοῦ
3318 1481 3542 1558 Κυρίου.
3578 1509 3600 1538 ι
3638 1480 3753 1542 Οὐ-

2097 1586 2205 1629 τως
2236 1567 2303 1635 ἦν
2336 1564 2542 1630 δίκαιος
2576 1568 2603 1622 ὁ
2635 1570 2881 1642 Συμεὼν,
2926 1567 3159 1642 μηδενὸς
3195 1568 3372 1634 εἷ’δους
3417 1579 3518 1642 τῆς
3553 1572 3749 1648 ἀρετῆς

2101 1655 2510 1732 ὑστερούμενος·
2581 1654 2731 1733 εἷ’περ
2806 1657 3224 1732 ἐμπεριεκτικὴν
3298 1656 3450 1734 ἴσμεν
3506 1661 3606 1730 τὴν
3667 1659 3750 1717 δι-

2098 1745 2389 1816 καιοσύνην
2444 1746 2534 1801 καὶ
2573 1749 2679 1799 τῶν
2739 1743 2925 1802 ἄλλων
2974 1752 3160 1804 πασῶν
3211 1747 3437 1822 ἀρετῶν,
3484 1749 3603 1805 ὅσαι
3632 1756 3751 1815 ταῖς

333 1841 635 1913 genericas
658 1841 802 1899 istas
836 1843 1302 1915 subsequuntur.
1329 1866 1356 1895 ι(
1382 1845 1718 1900 Timoratus
1742 1864 1770 1891 ››
1795 1857 1984 1913 porro,

2099 1839 2341 1909 γενικαῖς
2370 1833 2586 1898 ταύταις
2617 1830 3041 1907 ὐποϐεϐήκασιν.
3076 1862 3106 1891 ‹‹
3137 1833 3392 1910 Εὐλαϐής
3450 1863 3471 1890 ιι
3517 1837 3575 1895 δὲ
3594 1844 3751 1911 πῶς;

2137 1922 2183 1938 η
2239 1918 2269 1938 ρ
2320 1924 2332 1938 ,
2567 1925 2580 1938 .
2640 1924 2652 1938 ι
2885 1924 2896 1938 .
3067 1932 3103 1938 --
3187 1927 3197 1938 .
3383 1926 3396 1938 .
3488 1932 3515 1938 _
3631 1929 3644 1938 .
3727 1934 3749 1938 μ

331 1946 450 2000 qua
507 1931 780 1986 ratione?
812 1933 970 2004 quod
1026 1937 1325 1988 vereretur
1383 1933 1588 1988 faciem
1652 1931 1880 1987 Domini
1937 1934 1984 1985 et

2101 1918 2504 1996 εὐλαϐούμενος
2556 1924 2662 1980 ἀπὸ
2718 1924 3016 1999 προσώπου
3067 1927 3264 2003 Κυρίου
3310 1926 3400 1984 καὶ
3447 1932 3556 1984 τῶν
3587 1929 3753 1985 αὐτοῦ

329 2020 617 2075 mandata
646 2020 774 2092 ejus
807 2039 820 2076 :
856 2021 1072 2092 legerat
1102 2023 1321 2095 quippe
1369 2022 1512 2078 illud
1565 2037 1670 2077 nec
1701 2021 1831 2077 sine
1864 2036 1992 2075 ma-

326 2122 444 2180 gna
473 2108 796 2164 attentione
820 2126 867 2164 :u
904 2111 1094 2183 Super
1122 2127 1296 2183 quem
1330 2109 1782 2183 respiciam,nisi
1815 2124 1995 2181 super

327 2194 557 2265 mitem,
637 2201 694 2253 et
769 2199 1061 2271 quietum,
1135 2204 1193 2256 et
1262 2206 1609 2256 trementem
1691 2215 1993 2255 sermones

326 2300 496 2342 meos
527 2287 575 2323 3‘
602 2284 626 2341 ?
654 2308 705 2342 ››.

395 2373 450 2428 8.
486 2375 903 2448 «Exspectans
952 2377 1413 2434 consolationem
1470 2377 1669 2433 Israel.
1725 2401 1746 2430 ι
1803 2378 1988 2442 Quam

326 2461 837 2521 consolationem?
893 2466 1033 2521 Eam
1086 2466 1311 2522 scilicet
1357 2484 1531 2539 quam
1585 2467 1876 2523 Abraham
1928 2466 1986 2521 in

327 2551 523 2625 angeli
552 2554 746 2625 specie
776 2555 1007 2610 videns.
1034 2555 1409 2627 religiose,ut
1439 2555 1554 2611 Deo
1586 2555 1989 2621 conveniebat,

326 2640 590 2696 adoravit
620 2643 685 2696 ³⁵.
720 2644 902 2709 Quam
960 2644 1421 2701 consolationem
1447 2644 1474 2700 ?
1508 2650 1581 2701 De
1628 2662 1742 2717 qua
1783 2646 1986 2716 praefa-

321 2732 420 2785 tus
452 2734 543 2786 est
569 2730 750 2787 Jacob
800 2748 812 2787 :
870 2755 892 2783 ι
940 2733 1065 2788 Non
1117 2734 1368 2804 deficiet,
1402 2735 1586 2801 aiens,
1622 2734 1892 2806 princeps
1921 2751 1989 2790 ex

319 2819 494 2887 Juda,
530 2835 721 2891 neque
773 2820 889 2876 dux
936 2837 1005 2878 ex
1041 2822 1364 2879 femoribus
1396 2823 1547 2894 ejus,
1582 2822 1763 2879 donec
1792 2823 1987 2879 veniat

324 2905 417 2963 cui
452 2908 774 2979 repositum
805 2914 913 2981 est,
947 2915 1003 2966 et
1031 2910 1157 2984 ipse
1188 2912 1541 2984 exspectatio
1574 2913 1836 2982 gentium
1869 2912 1931 2966 ³⁸.
1959 2935 1978 2960 η

326 2996 510 3062 Quam
544 2996 1029 3065 consolationem,
1054 2999 1340 3070 inquam?
1372 3000 1507 3055 Eam
1541 3000 1731 3072 ipsam
1765 3002 1835 3055 de
1868 3018 1985 3074 qua

327 3083 588 3156 Balaam,
648 3084 786 3142 licet
830 3091 994 3143 extra
1044 3088 1499 3145 ecclesiasticam
1534 3089 1728 3144 aulam
1775 3094 1978 3156 staret,

325 3173 697 3246 prophetavit
749 3175 841 3231 his
882 3177 1076 3233 verbis
1111 3195 1123 3232 :
1152 3199 1180 3227 ‹‹
1216 3178 1447 3234 Orietur
1480 3178 1652 3235 stella
1683 3196 1749 3234 ex
1775 3179 1977 3247 Jacob,

323 3266 381 3317 et
409 3267 615 3335 surget
645 3262 820 3320 homo
854 3281 923 3322 ex
954 3266 1128 3322 Israel
1162 3268 1206 3303 ³⁷
1240 3284 1252 3323 :
1286 3291 1306 3317 ι

322 3345 551 3424 Movses
573 3351 655 3407 ait
688 3371 700 3410 :
733 3375 759 3404 (ι
784 3354 1139 3426 Ρτορὴθιειιυ
1161 3357 1474 3412 suscitabit
1501 3358 1663 3413 vobis
1695 3358 1983 3412 Dominus

324 3438 481 3496 Deus
534 3445 737 3496 noster
783 3460 851 3498 ex
912 3444 1192 3500 fratribus
1248 3445 1460 3502 vestris
1517 3446 1672 3501 sicut
1730 3463 1821 3501 me
1850 3447 1915 3501 ³⁸.
1948 3466 1972 3497 11

329 3528 493 3584 Hanc
521 3530 984 3588 consolationem
1039 3536 1413 3606 exspectabat
1441 3536 1712 3607 Symeon,
1745 3540 1981 3607 accepto

326 3616 587 3691 Spiritus
615 3621 802 3675 sancti
826 3621 1082 3677 oraculo.
1109 3623 1256 3689 Quid
1286 3624 1510 3697 igitur?
1540 3624 1818 3696 Nunquid
1852 3642 1979 3680 eam

326 3721 563 3778 semper
609 3713 975 3780 exspectans,
1008 3728 1112 3783 spe
1143 3729 1250 3766 sua
1278 3713 1520 3781 (excidit,
1549 3720 1650 3768 aut
1686 3720 1981 3786 exspecta-

323 3794 481 3850 tione
514 3796 833 3854 frustratus
854 3804 945 3854 est
967 3799 989 3854 ?
1011 3800 1670 3873 Nequaquam,minime
1690 3805 1981 3875 gentium;

324 3884 428 3939 sed
461 3887 520 3939 et
546 3885 695 3940 vidit
745 3891 802 3942 et
843 3886 1000 3944 ulnis
1039 3891 1282 3962 excepit.
1343 3890 1386 3947 Ο
1444 3892 1714 3947 virtutem
1768 3893 1914 3949 viri!
1951 3910 1982 3948 ο

324 3972 665 4043 praeclaram
689 3975 962 4046 pietatem
990 3979 1418 4051 puritatemquc
1436 3980 1448 4035 l
1469 4004 1495 4030 υ
1519 3981 1579 4036 In
1605 3998 1754 4052 quae,
1775 3982 1984 4053 njuxta

322 4060 387 4116 B.
422 4061 673 4118 Paulum
708 4064 770 4135 [ι.
807 4064 1085 4138 Petrum],
1114 4090 1139 4117 α
1167 4068 1501 4125 desiderant
1531 4069 1718 4143 angeli
1755 4072 1981 4144 prospi-

322 4164 452 4206 cere
479 4150 565 4217 39;
596 4173 624 4201 ››
646 4151 703 4206 in
730 4169 796 4208 ea
819 4153 951 4225 ipsa
970 4160 1241 4228 Symcon,
1277 4174 1390 4212 non
1425 4158 1756 4231 prospicere
1786 4160 1981 4227 modo,

321 4238 425 4294 sed
458 4254 600 4311 pure
631 4239 881 4315 ingredi,
916 4260 984 4299 ea
1032 4250 1391 4302 contrectare
1446 4246 1646 4321 iisque
1688 4265 1831 4320 pure
1867 4249 1980 4305 ini-

318 4325 456 4383 tiari
489 4327 670 4385 valuit
689 4329 702 4385 l

388 4504 443 4559 9.
483 4524 504 4554 ι
539 4507 607 4562 Et
638 4509 767 4563 veni
800 4509 858 4563 in
890 4511 1105 4583 Spiritu
1168 4512 1225 4568 in
1285 4514 1571 4586 templum
1602 4515 1665 4569 ιο.
1703 4538 1730 4564 ››
1785 4516 1829 4570 Ο
1878 4516 1981 4570 mi-

2102 2013 2566 2088 προσταγμάτωνο
2600 2012 2892 2089 ἀνεγνώκει
2922 2016 3023 2091 γὰρ
3053 2015 3143 2071 καὶ
3176 2014 3299 2072 λίαν
3336 2016 3752 2091 ἐπεσκεμμένως

2098 2101 2183 2173 τὸ,
2237 2123 2265 2156 α
2314 2101 2435 2156 Ἐπὶ
2482 2100 2603 2157 τίνα
2647 2098 2929 2178 ἐπιϐλέψω
2986 2103 3115 2160 ἀλλ’
3144 2105 3178 2175 ἢ
3215 2104 3302 2162 ἐπὶ
3333 2105 3425 2161 τὸν
3458 2113 3630 2184 πρᾶον
3662 2109 3754 2164 καὶ

2099 2190 2333 2267 ἡσύχιον
2366 2191 2457 2247 καὶ
2484 2192 2757 2268 τρέμοντά
2792 2213 2897 2267 μου
2927 2192 3054 2257 τοὺς
3087 2192 3284 2272 λόγους
3310 2216 3323 2265 ;
3355 2218 3382 2251 ι

2168 2372 2223 2426 8.
2259 2394 2285 2421 ‹‹
2348 2366 2795 2446 Προσδεχόμενος
2847 2371 3192 2448 παράκλησιν
3248 2376 3366 2432 τοῦ.
3426 2374 3671 2448 Ἰσραήλ.
3717 2399 3747 2432 ιι

2100 2460 2265 2514 Ποίαν
2315 2458 2699 2534 παράκλησιν;
2751 2460 2848 2517 Ἢν
2899 2455 3145 2538 ’Δϐραάὄ
3193 2461 3243 2517 ἐν
3296 2462 3538 2539 ἀγγέλου
3578 2466 3753 2541 ἑωρα-

2096 2551 2207 2612 κὼς
2240 2550 2509 2625 σχήματι,
2557 2550 2867 2624 θεοπρεπῶς
2915 2551 3305 2628 προσεκύνησε.
3359 2551 3519 2607 Ποίαν
3573 2555 3750 2630 παρά-

2095 2638 2292 2708 κλησιν
2320 2655 2333 2706 ;
2367 2638 2498 2712 Περὶ
2527 2637 2594 2707 ἧς
2625 2633 2824 2694 Ἰακὼϐ
2853 2639 3279 2715 προηγόρευσεν⁹
3332 2663 3361 2694 ιι
3410 2641 3526 2698 Οὐκ
3570 2640 3749 2698 ἐκλείο

2095 2731 2184 2801 ψει
2216 2724 2426 2804 ἅρχων,
2460 2727 2626 2782 εἰπὼν
2661 2730 2795 2803 (29),
2829 2727 2882 2800 ἐξ
2909 2727 3104 2803 Ἰούδα,
3153 2727 3281 2785 οὐδὶ
3328 2728 3639 2805 ἡγούμενος
3691 2732 3752 2789 ἐκ

2093 2821 2201 2872 τῶν
2268 2822 2459 2893 μηρῶν
2512 2817 2698 2887 αὐτοῦ,
2742 2814 2848 2880 ἕως
2898 2817 2955 2872 ἂν
3007 2816 3138 2893 ἔλθῃ
3188 2820 3234 2893 ᾧ
3293 2819 3598 2891 ἀπόκειται,
3658 2821 3751 2878 καὶ

2096 2906 2258 2969 αὐτὸς
2289 2904 2587 2981 προσδοκία
2619 2906 2806 2970 ἐθνῶν.
2856 2930 2882 2958 ›;
2927 2907 3104 2963 Ἀλλᾶ
3147 2908 3306 2963 ποίαν
3364 2908 3750 2984 παράκλησιν;

2092 2996 2272 3064 Αὐτὴν
2307 2995 2517 3065 ἐκείνην
2562 2995 2686 3070 περὶ
2734 2996 2803 3066 ἧς
2853 2994 3105 3068 Βαλαὰμ,
3156 2996 3201 3052 si
3249 2997 3339 3052 καὶ
3395 3004 3495 3068 τῆς
3547 2998 3754 3071 ἐκκλη-

2094 3091 2378 3154 σιαστικῆς
2466 3083 2639 3155 αὐλῆς
2724 3081 2913 3158 ἔξωθεν
2992 3083 3254 3157 ἑστηκὼς,
3326 3089 3751 3166 προεφήτευσεν·

2094 3198 2122 3226 ‹‹
2175 3172 2477 3241 Ἀνατελεϊ,
2564 3171 2761 3249 λέγων,
2842 3171 3035 3249 ἄστρον
3090 3173 3141 3245 ἐξ
3200 3171 3420 3249 Ἰακὼϐ,
3477 3176 3569 3232 καὶ
3627 3178 3751 3233 ἁνα-

1363 3268 1504 3323 Eam
1538 3269 1728 3340 ipsam
1762 3269 1832 3324 de
1864 3242 1980 3340 qua

2098 3264 2347 3333 στήσεται
2380 3242 2665 3337 ἅνθρωπος
2696 3242 2756 3333 ἐξ.
2778 3242 3021 3337 Ἰσραήλ.
3061 3286 3088 3313 ››
3121 3242 3302 3333 Ᾰύτήν
3354 3242 3565 3335 ἐκείνην
3624 3266 3748 3343 περὶ

2089 3353 2157 3421 ἧς
2192 3353 2435 3422 Μωϋσῆς
2486 3373 2673 3431 φησιν,
2713 3350 2796 3406 ὅτι
2862 3374 2889 3407 α
2931 3353 3226 3430 Προφήτην
3281 3354 3405 3427 ὑμῖν
3458 3354 3749 3427 ἀναστήσει

2091 3439 2287 3517 Κύριος
2329 3442 2355 3494 ὁ
2387 3442 2515 3502 Θεὸς
2543 3444 2702 3514 ἡμῶν
2735 3439 2794 3495 ἐκ
2820 3444 2928 3496 τῶν
2963 3439 3210 3520 ἀδελφῶν
3246 3442 3423 3517 ὑμῶν,
3459 3443 3537 3507 ὡς
3568 3444 3688 3518 ἐμὲ.
3712 3469 3742 3498 »

2091 3532 2306 3602 Ταύτην
2355 3531 2453 3599 τήν
2499 3528 2867 3605 παράκλησιν,
2918 3526 3008 3585 διὰ
3056 3529 3366 3604 Πνεύματος
3398 3531 3552 3609 ἁγίου
3596 3554 3740 3611 χρη-

2094 3619 2367 3692 ματισθεῖς
2418 3619 2668 3692 Συμεὼν,
2734 3615 3118 3695 προσεδέχετο.
3175 3618 3241 3677 Τί
3291 3621 3425 3691 οὗν;
3490 3624 3621 3696 μήτι
3677 3644 3740 3697 γε

2091 3709 2195 3783 ἄρα
2248 3709 2446 3778 ταύτην
2510 3707 2591 3762 ἀεὶ
2662 3705 3109 3784 προσδεχόμενος
3169 3708 3401 3783 ἐψεύσθη
3457 3715 3573 3772 πῶς
3627 3714 3732 3765 τῶν

2092 3795 2354 3862 ἐλπίδων,
2425 3799 2460 3866 ἢ
2517 3804 2616 3867 τῆς
2674 3794 3003 3874 προσδοκίας
3063 3794 3383 3873 διήμαρτεν,
3443 3794 3735 3873 Οὐμενουν,

2091 3884 2369 3960 οὐδαμῶςο
2428 3884 2573 3943 ἀλλᾶ
2630 3886 2719 3941 καὶ
2774 3883 2883 3942 εἶδε
2932 3887 3022 3942 καὶ
3064 3885 3488 3964 ἐνηγκαλίσατο.
3545 3889 3612 3944 Ὠ
3641 3895 3740 3957 τῆς

2088 3980 2187 4032 τοῦ
2218 3972 2411 4051 ἀνδρὸς
2442 3976 2637 4048 ἀρετῆς
2659 3997 2686 4031 Λ
2744 3972 2789 4031 ὣ
2816 3981 2916 4045 τῆς
2952 3970 3411 4053 ὑπερϐαλλούσης
3460 3972 3743 4041 εὐλαϐείας

2089 4064 2178 4120 καὶ
2218 4064 2631 4141 καθαρότητοςί
2696 4088 2724 4117 ‹‹
2779 4064 2871 4127 Εἷς
2930 4064 2984 4129 ἃ,
3036 4089 3065 4118 ››
3124 4065 3262 4120 κασὰ
3316 4065 3409 4122 τὸν
3473 4068 3743 4143 μακάριον

2092 4153 2304 4209 Παῦλον
2340 4156 2401 4229 [ι.
2437 4155 2686 4231 Πέτρον],
2718 4179 2746 4206 ‹‹
2780 4153 3134 4228 ἐπιθυμοῦσιν
3160 4153 3385 4231 ἄγγελοι
3406 4156 3742 4232 παρακύψαι,

2091 4240 2165 4304 εἲς
2212 4246 2380 4298 ταῦτα
2437 4242 2662 4315 Συμεὼν
2726 4240 2789 4296 οὐ
2845 4241 3158 4317 παρακύψαι
3216 4243 3401 4317 μόνον,
3459 4240 3607 4299 ἀλλὰ
3653 4244 3744 4300 καὶ

2088 4335 2337 4406 καθαρῶς
2415 4325 2763 4404 ἐμϐατεῦσαι,
2834 4331 2924 4386 καὶ
3001 4329 3326 4411 ψηλαφῆσαι
3398 4329 3587 4406 ταῦτα,
3654 4335 3744 4388 καὶ

2089 4421 2394 4499 ἀκραιφνῶς
2427 4419 2695 4492 μυηθῆναι
2728 4415 3035 4491 δεδύνηται.

2161 4514 2215 4567 9.
2252 4535 2278 4562 ‹‹
2308 4507 2408 4563 Καὶ
2437 4507 2604 4577 ἦλθεν
2657 4508 2708 4563 ἐν
2759 4513 2839 4581 τῷ
2892 4509 3167 4583 Πνεύματι
3218 4510 3294 4573 εἰς
3325 4511 3387 4566 τὸ
3416 4509 3584 4588 ἱερόν.
3618 4535 3647 4563 ››
3677 4513 3744 4567 Ὦ

317 4593 623 4650 raculum!
661 4596 743 4652 Ne
775 4598 901 4653 suis
953 4601 1192 4672 quidem
1231 4603 1483 4674 pedibus
1517 4604 1587 4658 ad
1634 4609 1984 4660 sacramenti

2098 4603 2191 4653 τοῦ
2223 4596 2528 4670 θαύματοςί
2560 4593 2697 4653 Οὐδὲ
2725 4596 2880 4652 ποσὶν
2915 4596 3138 4661 οἰκείοις
3168 4599 3304 4673 πρὸς
3346 4599 3447 4668 τὴν
3496 4602 3595 4654 τοῦ
3642 4621 3744 4673 μυ-

320 4679 719 4738 ministerium
770 4700 916 4742 usus
966 4694 1074 4745 est.
1130 4689 1351 4745 Curras
1412 4691 1523 4763 ipsi
1582 4697 1671 4746 est
1722 4692 1979 4761 Spiritus

317 4774 559 4826 sanctus
610 4773 712 4842 qui
760 4789 894 4829 eum
954 4779 1126 4849 quasi
1178 4778 1427 4848 elatum,
1460 4779 1548 4835 vel
1593 4780 1759 4851 quasi
1794 4780 1976 4837 alium

317 4858 469 4915 aeris
500 4875 797 4917 cursorem
832 4866 1176 4934 Ambacum,
1212 4867 1270 4922 in
1313 4867 1597 4940 templum
1630 4869 1875 4935 inducit,
1911 4886 1977 4925 ac

317 4946 478 5003 sistit
507 4950 763 5005 sacrario
795 4952 859 5007 δι.
913 4954 1011 5009 llis
1063 4956 1234 5028 plane
1275 4958 1466 5013 verbis
1499 4957 1859 5030 compellans
1892 4962 1976 5013 vi-

317 5052 449 5092 rum
483 5053 498 5092 :
531 5039 778 5110 Accede,
810 5041 1022 5099 dilecte
1054 5061 1251 5112 senex,
1301 5063 1417 5120 quo
1467 5046 1826 5103 redditorum
1865 5049 1973 5105 tibi

386 5260 432 5295 ³⁷
460 5261 546 5336 IYA
561 5266 701 5336 Reg.
738 5282 776 5335 ι,
814 5265 899 5320 14.

386 5266 431 5295 ³7
460 5266 528 5318 IV
561 5266 701 5336 Reg.
738 5282 776 5335 1,
814 5266 899 5320 14.
1005 5267 1049 5301 ’⁸
1104 5266 1278 5324 Num.
1305 5286 1436 5336 xxv,
1467 5272 1521 5324 9.

314 5330 402 5385 11.
505 5333 550 5369 ³³
573 5334 724 5385 Psal.
760 5352 989 5385 1.xxx1n-
1022 5343 1075 5385 2_
1183 5341 1228 5376 δι
1256 5342 1363 5385 Ian,
1406 5359 1521 5385 nm

1639 5271 1684 5306 ²⁹
1713 5275 1840 5327 Act.
1876 5288 1925 5341 ν,
1960 5272 2011 5328 4.

505 5333 550 5369 ³³
573 5333 724 5392 Psal.
758 5333 989 5401 Lxxxm,
1022 5343 1076 5394 2.
1183 5341 1228 5376 ³⁵
1256 5342 1368 5397 lsa.
1405 5333 1553 5407 1.xv1,
1584 5343 1638 5397 2.

1743 5343 1788 5378 ³⁵
1818 5344 2027 5399 Genes.

2091 4687 2313 4763 στηρίου
2364 4683 2634 4741 διακονίαν
2675 4686 2945 4764 κέχρηται
2999 4689 3131 4763 (3Ο)’
3180 4689 3327 4765 ἅρμα
3356 4686 3416 4744 δὲ
3469 4688 3650 4761 τούτῳ
3680 4690 3744 4745 τὸ

2094 4781 2309 4851 Πνεῦμα
2365 4775 2427 4830 τὸ
2486 4776 2639 4852 ἅγιον
2698 4775 2902 4853 γίνεται
2959 4776 3048 4831 καὶ
3100 4776 3213 4832 οἷον
3265 4776 3568 4853 ὑπόπτερόν
3598 4798 3739 4851 τινα,

2086 4866 2175 4922 καὶ
2234 4860 2624 4942 α”θεροδρόμον
2689 4858 3009 4939 Ἀμϐακοὺμ
3060 4861 3252 4937 ἄλλον,
3307 4866 3443 4938 πρὸς
3491 4864 3584 4921 τὸν
3615 4867 3737 4922 ναὸν

2088 4956 2309 5032 ε’σάγει,
2368 4955 2458 5009 καὶ
2512 4958 2593 5027 τῷ
2649 4954 2781 5030 ἱερῷ
2836 4958 3091 5031 παριστᾷ·
3134 4953 3349 5017 πάντως
3377 4977 3483 5011 που
3511 4960 3742 5011 τοιαῦτα

2086 5047 2221 5123 πρὸς
2252 5044 2411 5101 αὐτὸν
2463 5041 2627 5119 λέγον
2678 5042 2768 5098 καὶ
2817 5043 3327 5123 προσφθεγγόμενον
3355 5047 3492 5120 (31)·
3547 5049 3740 5123 Δεῦρο,

2115 5273 2161 5308 ³ο
2188 5275 2313 5328 Act.
2347 5288 2482 5336 χιιι,
2513 5271 2567 5324 8.
2666 5268 2711 5304 ³¹
2748 5267 2768 5323 1
2798 5268 2948 5324 Tim.
3002 5286 3040 5335 1,
3092 5270 3181 5325 20.

2077 5361 2238 5410 xvm,
2288 5346 2343 5398 2.
2448 5343 2493 5377 ⁸⁵
2550 5340 2758 5397 Genes.
2790 5356 2941 5411 χιιι,
2974 5342 3062 5397 10.

3284 5270 3332 5305 ³⁹
3386 5268 3543 5326 Psal.
3575 5285 3739 5337 xvm,

3165 5341 3211 5377 ⁸³⁷
3240 5341 3416 5398 Num.
3447 5356 3602 5414 xxxv,
3635 5342 3729 5399 17.

315 5402 360 5439 ³⁸
394 5404 557 5461 Deut.
590 5424 750 5477 xvm,
788 5408 874 5464 15.
953 5410 1000 5444 ³9
1032 5411 1053 5466 Ι
1086 5415 1238 5468 Petr.
1275 5430 1312 5482 1,
1350 5415 1435 5469 12.
1515 5402 1560 5449 ιδ
1593 5414 1730 5470 Luc.
1768 5432 1832 5483 11,
1862 5415 1954 5470 26.

2107 5402 2253 5472 Dan'.
2284 5432 2400 5485 x1v,
2432 5415 2521 5469 35.

385 5621 501 5768 ἕως
533 5626 617 5683 Ita
648 5630 783 5699 Reg.
814 5630 867 5685 2.
901 5633 980 5687 At
1006 5630 1069 5687 in
1102 5632 1241 5707 Reg.
1279 5635 1330 5707 1,
1365 5634 1529 5690 εἰπών
1564 5638 1746 5694 deest.

409 5694 479 5749 30
531 5696 672 5768 Reg.
706 5700 742 5755 2
771 5698 1169 5768 ἀποκέχρηται.

409 5694 501 5768 30)
531 5696 672 5771 Reg.
706 5694 757 5755 2'
771 5698 1169 5777 ἀποκέχρηται.

2145 5636 2258 5709 (31)
2291 5636 2379 5691 Ita
2407 5634 2550 5711 Reg.
2582 5635 2639 5704 2,
2697 5633 2939 5708 optime.
2995 5635 3069 5692 At
3134 5633 3275 5711 Reg.
3337 5636 3388 5707 1,
3431 5631 3607 5711 λέγων
3640 5643 3734 5691 και

2078 5703 2607 5787 προσφθεγγόμινος.
