4120 6390
405 394 523 454 985

1478 396 1804 456 HOMILIA
1853 396 1928 453 lN
1974 390 2395 453 OCCURSUM
2448 391 2748 450 DOMINI.

3702 392 3822 453 986

408 522 504 592 ἴθι,
537 523 692 600 γέρον
724 523 873 603 φίλε,
908 524 989 580 ἱνα
1016 530 1122 580 τῶν
1162 526 1333 582 πάλαι
1392 548 1475 581 σοι
1531 527 2028 603 κεχρηματισμένω

2144 584 2147 592 ν
2176 522 2317 578 olim
2343 522 2711 579 oraculorum
2743 527 3015 579 eventum
3045 523 3268 595 liquido
3319 524 3669 598 conspicias,
3722 542 3822 581 ηο-

409 613 698 687 θαυμάτων
759 615 855 677 τὰς
917 610 1162 678 ἐκϐάσεις
1221 615 1459 692 ἐναργῶς
1516 618 1749 691 κατόψῃ,
1781 617 1871 671 καὶ
1920 621 2061 692 γνῷς

406 700 533 757 θ’ίων
594 702 929 779 πραγμάτων
993 706 1201 777 μύστης
1259 704 1611 778 ἐταμιεύθης,
1645 704 1761 768 οἵας
1813 702 2059 767 εὐκλείας

408 793 555 867 παρὰ
611 792 739 854 τοὺς
800 791 1004 855 ἄλλους
1059 793 1384 870 τετύχηκας.
1446 800 1632 869 Δεῦρο,
1663 796 1755 857 τὰς
1814 791 2057 857 ἐκϐάσεις

408 887 509 950 τῆς
568 882 745 950 καλῆς
780 886 887 951 (32)
920 884 1112 958 ἀρετῆς
1172 879 1536 956 ἀναλάμϐανε*
1578 884 1666 941 καὶ
1717 884 1750 939 ’ἀ
1795 884 2055 961 πρότερον

406 971 434 1025 6
468 970 701 1042 θεόπτης
734 972 1001 1041 αἰσθητῶς
1041 974 1134 1046 μὲν
1164 978 1230 1047 τῇ
1263 973 1431 1049 πέτρᾳ
1458 978 1527 1049 τῇ
1560 974 1611 1029 ἐν
1660 980 1814 1044 Σινᾶ,
1844 978 2055 1045 νοητῶς

411 1056 469 1114 δὲ
498 1063 565 1125 τῆ
597 1060 720 1133 περὶ
752 1060 843 1115 τὸν
872 1062 998 1117 Θεὸν
1029 1062 1251 1139 ἀρῥαγεῖ
1296 1063 1611 1128 πεπασθεῖς
1667 1064 1842 1119 πίστει
1896 1062 2057 1137 μόλις

406 1147 482 1210 ὡς
528 1146 616 1203 διά
663 1170 811 1212 τινος
847 1150 1003 1218 ὀπῆς,
1034 1159 1135 1221 τῆς
1186 1150 1455 1229 ἀμυδρᾶς,
1491 1155 1665 1227 οἶμαι,
1698 1154 1922 1230 θεωρίας
1964 1154 2055 1209 καὶ

401 1236 676 1311 γνώσεως,
710 1237 760 1292 ἐν
820 1238 1078 1295 ὀπισθίων
1140 1238 1268 1297 εἷ’δει
1316 1244 1581 1298 τεθέαται·
1616 1248 1782 1299 ταῦτα
1841 1242 1902 1298 σὺ
1960 1248 2051 1298 νῦν

402 1324 643 1401 ἐναργῶς
676 1329 1066 1401 καταμάνθανε,
1099 1330 1187 1386 καὶ
1224 1328 1511 1404 μετάϐαινε
1560 1332 1753 1388 λοιπὸν
1803 1334 1908 1388 ἀπὸ
1954 1337 2052 1389 τοῦ

404 1415 627 1469 θανάτου
682 1421 779 1471 τοῦ
836 1416 887 1471 ἐν
947 1423 1027 1491 τῷ
1083 1420 1299 1492 σώματι
1349 1422 1483 1495 πρὸς
1537 1424 1636 1491 τήν
1690 1425 1834 1492 ζωήν
1868 1423 1966 1491 τὴν
2000 1423 2052 1478 ἐν

403 1504 688 1576 πνεύματι·
720 1505 808 1559 καὶ
839 1506 929 1561 τὸν
964 1506 1016 1563 ἐν
1045 1508 1329 1583 γράμματι
1361 1510 1552 1584 νόμον,
1585 1513 1630 1585 ᾧ
1672 1511 1857 1574 καλῶς
1913 1513 2046 1588 ἄγαν

397 1594 488 1649 καί
548 1592 813 1673 θεοφιλῶς
867 1596 1313 1674 ἐλειτουργήσας,
1374 1602 1596 1673 μετάθες
1667 1602 1801 1677 πρὸς
1857 1602 1948 1655 τὸν
1996 1601 2049 1657 ἐν

394 1682 607 1759 χάριτι.
650 1684 935 1758 Κὲκμηκας
992 1686 1094 1763 γὰρ
1152 1688 1346 1751 ἱκανῶς
1403 1686 1511 1760 ἤδη
1560 1696 1677 1753 τοῖς
1707 1691 1898 1754 τύποις
1955 1691 2045 1746 καὶ

390 1777 508 1833 ταῖς
540 1778 737 1835 σκιαῖς’
772 1776 949 1829 νεάσαι
983 1797 1039 1831 σε
1085 1773 1167 1831 δεῖ
1207 1781 1275 1851 τῇ
1326 1776 1558 1851 ἀληθείᾳ
1602 1778 1819 1853 λοιπὸν,
1846 1778 1935 1835 ’ίνα
1979 1780 2046 1836 τά

2172 615 2440 685 verisque
2489 613 2729 685 quantis
2780 614 2954 668 rebus
3002 611 3325 668 initiandus
3357 619 3687 671 reservatus
3719 616 3818 678 sis,

2171 708 2454 776 quantam
2488 719 2604 774 pra
2636 700 2767 757 aliis
2799 702 3045 775 gloriam
3088 703 3170 757 sis
3228 709 3598 759 consecutus.
3650 706 3816 773 Veni,

2170 792 2445 865 praclare
2491 791 2726 847 virtutis
2774 796 2885 846 tuae
2936 794 3205 847 eventum
3256 793 3506 864 percipe.
3566 796 3646 849 Ac
3694 812 3818 865 quae

2169 882 2308 938 olim
2341 882 2439 937 ille
2475 882 2568 937 Dei
2602 883 2913 954 inspector,
2960 880 3319 936 sensibiliter
3367 882 3604 953 quidem
3656 889 3816 955 petra

2169 973 2386 1028 montis
2416 971 2591 1040 Sinai,
2617 970 3002 1043 spiritualiter
3033 974 3229 1025 autem
3263 971 3513 1026 infracta
3543 988 3651 1027 sua
3681 990 3819 1045 erga

2168 1063 2352 1118 Deum
2386 1063 2498 1117 fide
2547 1062 2833 1127 obtectus,
2887 1060 2979 1116 vix
3029 1059 3197 1131 quasi
3249 1075 3352 1131 per
3400 1060 3658 1117 foramen
3710 1065 3815 1117 ob-

2166 1169 2369 1217 scurae,
2416 1151 2642 1221 opinor,
2675 1149 3093 1223 speculationis
3125 1153 3301 1221 atque
3332 1150 3683 1221 cognitionis
3717 1170 3815 1223 po-

2164 1242 2477 1297 steriorum
2510 1240 2700 1312 specie
2744 1239 2887 1294 vidit
2925 1239 2999 1307 ⁴²;
3055 1254 3122 1294 ea
3168 1242 3232 1292 tu
3289 1238 3461 1293 modo
3511 1241 3817 1311 perspicue

2163 1330 2412 1395 ediscas,
2462 1334 2636 1401 atque
2684 1330 2922 1385 demum
2951 1331 3214 1383 transeas
3246 1344 3279 1381 a
3309 1327 3592 1399 corporali
3629 1336 3812 1385 morte

2162 1422 2234 1476 ad
2269 1420 2445 1475 vitam
2496 1418 2863 1492 spiritualem
2915 1434 2928 1474 :
2980 1434 3045 1472 ac
3094 1417 3282 1489 legem
3334 1433 3461 1488 quae
3511 1418 3569 1472 in
3620 1416 3812 1474 littera

2163 1510 2276 1566 sita
2319 1516 2442 1576 est,
2495 1509 2588 1564 cui
2639 1508 2817 1581 probe
2865 1507 3185 1562 admodum
3235 1521 3301 1563 ac
3353 1505 3627 1579 religioso
3673 1524 3811 1580 erga

2164 1602 2341 1655 Deum
2375 1600 2584 1655 affectu
2638 1596 3003 1666 ministrasti,
3055 1600 3354 1651 commuto.
3384 1596 3442 1652 in
3492 1612 3622 1652 eam
3680 1614 3812 1669 quae

2157 1691 2313 1745 860
2342 1694 2430 1744 est
2454 1689 2512 1743 in
2545 1688 2754 1760 gratia.
2786 1686 3035 1741 Multum
3067 1702 3323 1757 namque
3360 1685 3419 1740 in
3468 1685 3673 1758 ﬁguris
3717 1693 3810 1743 at-

2156 1797 2269 1851 que
2302 1778 2528 1834 umbris
2558 1777 3005 1833 laborasti.Jam
3038 1780 3094 1831 te
3122 1779 3346 1847 oportet
3375 1775 3435 1830 in
3458 1776 3809 1847 veritateju-

387 1861 519 1932 τέλη
552 1866 659 1917 τῶν
688 1869 930 1937 νομικῶν
957 1886 1244 1943 παρατηρη
1258 1866 1439 1939 μάτων
1474 1872 1580 1940 (33)
1608 1871 1752 1945 ἀρχή
1791 1892 1873 1925 σοι
1906 1871 2028 1948 πρὸς

2156 1870 2285 1925 nior
2315 1868 2489 1937 efﬁci,
2525 1871 2588 1922 ut
2615 1866 2895 1939 legalium
2946 1865 3419 1920 Observationum
3469 1866 3637 1935 ﬁnes,
3686 1865 3804 1921 ini-

386 1950 453 2005 τὰ
475 1957 575 2021 τῆς
611 1954 841 2028 χάριτος
873 1956 1194 2031 χρηματίσῃ
1226 1954 1554 2033 διδάγματα.

459 2043 543 2098 10.
576 2047 754 2098 Ταῦτα
784 2045 1009 2100 κατὰτὸ
1039 2047 1234 2116 νοητὸν
1284 2047 1375 2109 οὖς
1422 2048 1449 2101 6
1503 2054 1645 2112 θεῖος
1700 2050 1861 2112 οὗτος
1911 2071 2038 2126 πρε-

386 2124 585 2201 σϐύτης
618 2130 854 2195 ἀκούσας
883 2135 1033 2209 παρὰ
1059 2139 1156 2189 τοῦ
1188 2136 1525 2210 Ηνεύματος,
1560 2145 1733 2214 χαρᾶς
1776 2140 1919 2201 ὅλως
1949 2124 2037 2194 καὶ

385 2218 716 2297 εὐφροσύνης
775 2220 1169 2298 πεπλήρωται·
1230 2226 1318 2281 καὶ
1373 2229 1486 2281 οἷον
1544 2226 1724 2289 ἔνθους
1785 2230 1886 2283 ὑπὸ
1940 2234 2037 2285 τοῦ

384 2304 625 2382 θάμϐους
686 2311 1029 2386 γενόμενος,
1092 2315 1289 2369 οὑτωσί
1347 2338 1463 2379 πως
1520 2316 1601 2389 τῷ
1660 2315 2035 2394 διαλεγομένῳ

380 2395 883 2472 προσαντημείϐετο
920 2422 930 2433 ·
997 2404 1095 2458 Καὶ
1152 2402 1319 2473 ἦλθεν
1374 2405 1550 2460 ἐκεῖνα
1584 2453 1598 2476 ,
1660 2406 1986 2483 ΙΙαράκλητε
2020 2452 2034 2477 ,

384 2486 515 2558 ἅπερ
582 2486 686 2561 ἐγὼ
755 2490 1040 2555 θεάσασθαι
1109 2493 1597 2568 κεχρημάτισμαι;
1658 2495 1803 2558 ὅλως
1869 2498 2035 2567 ἦλθεν

383 2574 573 2647 ἐκεῖνα,
631 2577 766 2652 ἅπερ
830 2577 958 2634 ἰδεῖν
1018 2581 1122 2657 ἐγὼ
1176 2584 1323 2659 παρὰ
1380 2589 1474 2639 σοῦ
1530 2586 2030 2662 προεπήγγελμαι;

381 2664 481 2726 Δὸς
541 2672 828 2742 τοιγαροῦν
901 2675 979 2741 τῷ
1058 2673 1204 2745 γήρᾳ
1262 2679 1443 2749 χεῖρα,
1506 2675 1851 2749 Ηαράκλητε,
1915 2674 2029 2739 δός.

376 2752 594 2842 Ὑπόθες
656 2778 748 2829 μοι
803 2759 903 2826 τὴν
960 2760 1104 2835 παρά
1164 2766 1260 2815 σοῦ
1314 2764 1499 2838 χάριν,
1536 2763 1749 2828 ὑπόθες.
1807 2766 1876 2820 Τὸ
1927 2766 2028 2842 γὰρ

377 2841 537 2915 σῶμά
584 2866 679 2915 μοι
725 2846 997 2919 κέκμηκεν
1048 2846 1180 2919 ἤδη,
1213 2849 1303 2905 καὶ
1356 2849 1589 2926 βαδίζειν
1624 2856 1737 2927 (34)
1770 2841 2024 2925 ἐξατονεῖ.

376 2930 642 2987 Βάστασον
691 2933 869 3001 αὐτὸς,
933 2934 976 2990 ὦ
1036 2936 1191 3015 φύσις
1260 2942 1561 3016 παντουργὲ
1616 2942 1703 2997 καὶ
1765 2944 2026 3017 ἀκάματε,

380 3019 643 3093 βάστασόν
710 3045 775 3096 με
831 3026 921 3079 τὸν
980 3025 1199 3097 ἀσθενῆ,
1257 3030 1347 3083 τὸν
1428 3029 1673 3107 γέροντα,
1726 3032 1815 3087 καὶ
1892 3033 2028 3108 πρὸς

375 3107 547 3165 ἐκεῖνα
605 3112 668 3166 τὸ
726 3112 894 3189 τάχος
950 3116 1207 3191 ἀπάγαγε.
1265 3119 1384 3172 Ἐάν
1433 3120 1534 3196 γάρ
1592 3121 1809 3192 θελήσω
1866 3107 2024 3177 ποσὶν

376 3198 598 3286 οἷ’κείοις
656 3201 791 3275 πρὸς
854 3200 1063 3278 βάδισιν
1124 3208 1452 3281 χρησασθαι,
1507 3209 1748 3286 χρονίζω
1807 3210 2023 3275 πάντως

2149 1959 2297 2014 tium
2326 1957 2430 2013 tibi
2458 1957 2581 2013 sint
2611 1957 2683 2012 ad
2715 1955 2910 2027 gratim
2940 1956 3311 2010 documenta.

2224 2049 2310 2104 10.
2344 2047 2446 2102 His
2477 2045 2829 2117 intelligibili
2864 2061 3003 2100 aure
3034 2061 3067 2098 a
3095 2044 3316 2115 Spiritu
3368 2043 3607 2115 auditis,
3653 2044 3801 2101 divi-

2149 2154 2261 2193 nus
2310 2153 2487 2192 senex
2516 2134 2729 2207 gaudio
2761 2134 2933 2207 plane
2962 2137 3136 2204 atque
3167 2132 3367 2188 laetitia
3387 2133 3645 2205 repletus
3688 2138 3799 2202 est,

2148 2244 2213 2282 ac
2262 2231 2503 2299 stupore
2551 2224 2715 2296 quasi
2768 2224 3071 2289 attonitus,
3122 2222 3477 2294 afﬂatusque
3523 2222 3796 2294 Numine,

2147 2316 2268 2372 haec
2290 2317 2407 2371 fere
2437 2313 2812 2387 compellanti
2844 2311 3105 2384 reposuit
3136 2327 3149 2367 :
3185 2312 3427 2383 Ergone,
3482 2311 3798 2382 Paraclete,

2144 2412 2429 2463 venerunt
2455 2406 2576 2474 illa,
2611 2423 2739 2478 quas
2766 2405 3030 2461 visurum
3064 2420 3156 2459 me
3188 2405 3423 2459 oraculo
3447 2404 3687 2476 accepi?
3709 2405 3795 2460 An

2144 2497 2316 2569 plane
2346 2501 2633 2552 venerunt
2664 2494 2763 2550 illa
2796 2511 2922 2566 quae
2954 2510 3045 2548 me
3076 2495 3528 2564 conspecturum
3556 2492 3794 2564 pollice-

2142 2587 2282 2642 bare
2297 2587 2324 2641 ?
2344 2590 2581 2642 Manum
2612 2585 2899 2640 senectuti
2931 2583 3182 2657 porrige,
3204 2581 3518 2651 Paraclete,
3540 2583 3791 2655 porrige,

2141 2676 2406 2747 inquam.
2444 2674 2702 2732 Gratiam
2736 2690 3001 2747 suppone
3031 2676 3230 2741 tuam;
3264 2687 3551 2744 suppone,
3574 2687 3789 2744 quaeso.

2140 2764 2436 2820 Caducum
2481 2780 2695 2836 corpus
2744 2779 2941 2819 meum
2989 2762 3256 2817 incedere
3304 2761 3397 2817 vix
3442 2764 3651 2832 potest.
3703 2763 3790 2818 Tu

2137 2858 2383 2927 gestato,
2436 2843 2663 2927 quaso;
2702 2868 2733 2908 ο
2784 2857 2993 2907 natura
3021 2850 3287 2906 omnium
3320 2850 3512 2923 opifex
3541 2855 3594 2905 et
3626 2852 3788 2907 inde-

2137 2945 2311 3009 fessa,
2343 2948 2589 3015 gestata,
2622 2960 2715 2998 me
2744 2941 3127 3008 imbecillum,
3160 2940 3466 3011 senem,let
3496 2956 3672 3010 quam
3695 2956 3788 2994 ce-

2136 3032 2372 3089 lerrime
2402 3050 2469 3088 eo
2500 3032 2796 3088 adducito.
2831 3032 2978 3086 Nam
3010 3031 3059 3087 si
3092 3030 3342 3101 pedibus
3365 3028 3513 3085 meis
3544 3029 3655 3085 iter
3682 3046 3783 3101 ag-

2135 3123 2388 3194 grediar,
2416 3122 2475 3177 in
2508 3123 2601 3178 via
2630 3122 2970 3190 cunctabor,
3015 3119 3118 3175 illa
3165 3119 3398 3175 interim
3448 3119 3781 3188 abscedent,

2135 3228 2240 3267 nec
2288 3212 2626 3284 conspicere
2671 3210 2867 3267 licebit
2914 3208 3080 3264 mihi.
3131 3211 3208 3264 Ac
3254 3225 3335 3264 vae
3391 3207 3552 3275 mihi,
3603 3224 3779 3280 quam

375 3285 426 3342 ἐν
458 3292 525 3362 τῇ
559 3286 694 3361 ὁδῷ,
726 3292 942 3347 κάκεῖνα
992 3295 1345 3371 παρέρχεται,
1376 3299 1466 3351 καὶ
1499 3299 1560 3353 οὐ
1620 3304 1808 3375 θεωρῶ
1867 3300 2018 3359 αὐτά.

2144 3301 2299 3358 triste
2345 3301 2511 3371 illud,
2555 3301 2604 3356 si
2647 3301 2719 3355 iis
2749 3299 3040 3372 privabor,
3073 3314 3321 3370 quorum
3342 3296 3573 3370 jamdiu
3603 3297 3780 3353 visio-

372 3377 471 3431 Καὶ
506 3374 566 3431 οἷ’
609 3401 703 3453 μοι
732 3385 840 3436 τῶν
875 3389 1229 3457 σκυθρωπῶν,
1263 3387 1308 3440 εἰ
1364 3386 1509 3459 ξένος
1558 3388 1762 3444 τούτων
1794 3392 2019 3465 γενήσο-

370 3488 489 3539 μαι,
526 3469 598 3521 ῶν
648 3469 742 3531 τὰς
793 3470 1051 3548 ἐμφάσεις
1082 3476 1196 3547 (35)
1244 3475 1523 3552 πόρῥωθεν
1576 3474 1806 3536 ἔλαϐονῑ
1852 3478 2020 3537 Οὔπω

364 3561 531 3612 ταῦτα
559 3559 696 3614 κατὰ
725 3564 848 3614 νοῦν
892 3561 919 3615 6
966 3559 1274 3638 πρεσϐύτης
1325 3567 1724 3637 ἀνετυπώσατο,
1754 3571 1843 3624 καὶ
1899 3576 2020 3634 ταῖς

361 3650 458 3700 τοῦ
501 3645 607 3702 νεὼ
660 3648 859 3711 πύλαις
909 3652 1097 3707 θᾶττον
1139 3654 1172 3721 ἢ
1202 3651 1367 3730 λόγος
1418 3656 1756 3732 παρίσταται.
1792 3684 1818 3709 ‹‹
1851 3659 2019 3724 Ἦλθε

361 3735 463 3811 γὰρ
524 3735 574 3790 ἐν
629 3742 707 3809 τῷ
767 3738 1064 3812 Πνεύματι,
1098 3743 1280 3819 φησὶν,
1315 3742 1366 3797 ἐν
1416 3749 1495 3817 τῷ
1535 3747 1686 3821 ἱερῷ.
1722 3773 1750 3799 ››
1782 3748 2014 3818 Τοιαύτη

2133 3408 2235 3447 nes
2266 3392 2480 3464 accepi.
2514 3390 2644 3446 Hzec
2673 3390 2911 3445 vixdum
2943 3403 3121 3444 senex
3167 3386 3362 3443 animo
3416 3393 3781 3460 conceperat,

2130 3485 2306 3553 atque
2338 3482 2409 3537 ad
2440 3479 2642 3552 templi
2676 3480 2826 3535 fores
2856 3477 3031 3534 citius
3063 3476 3215 3533 dicto
3241 3476 3475 3533 sistitur
3504 3492 3517 3531 :
3553 3499 3581 3528 «
3622 3477 3785 3533 Venit

2129 3572 2310 3637 enim,
2339 3569 2573 3642 linquit,
2606 3570 2666 3624 in
2696 3569 2911 3641 Spiritu
2938 3566 2997 3621 in
3027 3567 3337 3638 templum.
3372 3588 3399 3615 »
3436 3566 3784 3637 Hujusmodi

2130 3665 2218 3716 est
2245 3661 2401 3716 enim
2432 3661 2617 3715 virtus
2648 3659 2926 3731 Spiritus,
2960 3662 3025 3712 ut
3056 3656 3130 3711 sit
3164 3655 3247 3711 illi
3289 3654 3561 3713 voluntas
3608 3673 3779 3729 opus,

2127 3754 2183 3805 et
2213 3767 2305 3806 res
2332 3749 2473 3821 ipsaa
2504 3749 2825 3821 cogitatum
2859 3746 3315 3818 subsequantur.

363 3823 463 3899 γὰρ
523 3826 558 3894 ἦ
612 3830 708 3881 τοῦ
770 3828 1084 3901 Πνεύματος
1143 3827 1410 3905 δόναμις,
1468 3833 1621 3911 ἔργον
1697 3838 1794 3906 τήν
1876 3836 2139 3914 βούλησιν
2201 3835 2443 3912 ἔχουσα,
2498 3836 2589 3892 καὶ
2645 3839 2713 3911 τῇ
2777 3833 3038 3913 βουλήσει
3093 3837 3659 3909 συμπαρομαρτοῦντα
3714 3836 3781 3889 τά

370 3914 681 3990 πράγματα.

434 4006 521 4060 ll.
559 4028 584 4051 η
622 4005 717 4059 Καὶ
777 4005 828 4060 ἐν
888 4012 968 4079 τῷ
1026 4008 1254 4086 εἰσάγειν
1315 4010 1441 4075 τοὺς
1501 4020 1677 4089 γονεῖς
1705 4014 1768 4070 τὸ
1797 4013 2012 4072 παιδίον

362 4093 595 4161 Ἰησοῦν,
629 4098 726 4148 τοῦ
756 4103 982 4165 ποιῆσαι
1041 4099 1177 4153 κατὰ
1220 4100 1281 4155 τὸ
1335 4099 1630 4177 εἰθισμένον
1689 4103 1785 4159 τοῦ
1844 4106 2014 4178 νόμου

362 4180 485 4253 περὶ
519 4180 702 4251 αὐτοῦ,
735 4185 823 4238 καί
856 4185 1015 4248 αὐτὸς
1066 4184 1279 4261 ἐδέξατο
1330 4190 1459 4245 αὐτὸ
1511 4191 1587 4254 εἷς
1634 4195 1726 4255 τὰς
1777 4194 2013 4270 ἀγκάλας

358 4268 542 4325 αὐτοῦ.
582 4295 609 4322 ››
644 4270 795 4336 Εἶδες
824 4272 1120 4345 ἀπάντησιν
1169 4278 1320 4350 ξένην
1366 4281 1454 4335 καὶ
1506 4282 1637 4359 ὑπὲρ
1686 4268 2009 4360 ἄνθρωπονς

357 4356 510 4420 Εἶδες
542 4360 977 4432 ἀπάντησιν,οὒκ
1005 4363 1065 4421 ἐκ
1095 4366 1387 4444 συντυχίας
1417 4356 1635 4441 τινὸς,ἣ
1667 4356 1830 4444 συνσή
1843 4395 2012 4447 ματος

352 4450 672 4539 γενομένην,
694 4450 820 4539 ἀλλ’
842 4451 901 4507 ἐκ
929 4464 1301 4527 πνευματικῆς
1336 4457 1600 4535 ἐνεργείας
1627 4463 1717 4517 καὶ
1749 4464 2007 4539 χάριτος;

357 4534 473 4607 Καὶ,
492 4533 535 4589 ὣ
567 4542 663 4591 τοῦ
693 4538 967 4612 θαύματος
986 4542 998 4596 l
1020 4539 1147 4596 οὐδὲ
1180 4546 1373 4620 μικρόν
1400 4533 1706 4623 τινθάτερος
1736 4533 2011 4626 προέλαϐε

353 4624 599 4699 θάτερον,
625 4624 752 4681 ἀλλ’
784 4629 925 4701 ὁμοῦ
956 4631 1185 4703 Χριστός
1217 4654 1274 4688 τε
1304 4634 1392 4689 καὶ
1428 4638 1677 4709 Συμεὼν,
1698 4641 1725 4693 ὁ
1763 4624 1857 4713 μὶν
1889 4648 2008 4704 ταῖς

355 4721 644 4789 μητρικαῖς
671 4715 919 4804 ὠλέναις,
953 4720 981 4773 6
1026 4717 1083 4774 δὲ
1128 4725 1207 4793 τῷ
1257 4724 1529 4797 Πνεύματι
1585 4728 2006 4804 βασταζόμενος,

2200 4019 2285 4074 11.
2323 4040 2351 4068 ‹‹
2381 4019 2451 4074 Ει
2479 4034 2615 4073 cum
2646 4017 2993 4074 inducerent
3022 4033 3271 4089 puerum
3315 4016 3519 4073 Jesum
3571 4032 3778 4088 paren-

2124 4111 2213 4163 tes
2244 4109 2394 4178 ejus,
2429 4112 2495 4162 ut
2526 4107 2784 4162 facerent
2816 4106 3141 4162 secundum
3174 4105 3664 4162 consuetudinem
3697 4104 3777 4161 le-

2122 4196 2213 4267 gis
2247 4214 2348 4268 pro
2381 4213 2446 4252 eo
2484 4213 2496 4252 :
2531 4201 2590 4251 et
2622 4196 2747 4266 ipse
2777 4195 3002 4267 accepit
3030 4211 3164 4250 eum
3200 4195 3256 4249 in
3292 4194 3464 4250 ulnas
3495 4211 3635 4251 suas
3657 4195 3720 4249 ‘3.
3748 4218 3776 4244 »

2123 4286 2393 4342 Vidistin‘
2426 4302 2734 4341 occursum
2768 4284 3120 4352 mirabilem,
3147 4301 3213 4340 ac
3234 4301 3414 4356 supra
3440 4282 3777 4339 hominem?

2118 4375 2394 4432 Vidistin’
2425 4391 2759 4442 occursum,
2791 4391 2906 4429 non
2953 4390 3130 4429 causa
3177 4378 3280 4428 aut
3327 4374 3645 4429 constituto
3696 4374 3775 4428 fa-

2120 4470 2302 4535 ctum,
2336 4467 2434 4521 sed
2466 4482 2535 4521 ex
2565 4463 2861 4536 spirituali
2893 4462 3231 4535 Operatione
3264 4467 3321 4518 et
3350 4462 3541 4533 gratia
3562 4462 3590 4516 τ
3620 4467 3704 4527 Et,
3741 4480 3772 4519 ο

2120 4572 2213 4611 res
2242 4556 2411 4627 mira,
2449 4572 2518 4611 ne
2550 4555 2864 4610 minimum
2899 4553 3134 4625 quidem
3170 4552 3316 4607 alter
3344 4552 3590 4607 alterum
3623 4568 3768 4623 prai-

2118 4647 2443 4719 occupavit,
2476 4647 2577 4702 sed
2612 4664 2729 4701 una
2758 4644 3025 4702 Christus
3056 4648 3113 4699 et
3160 4644 3432 4717 Symeon,
3484 4642 3768 4700 maternis

2120 4735 2218 4792 ille
2268 4735 2445 4802 ulnis,
2496 4735 2591 4792 hic
2640 4736 2862 4808 Spiritu
2904 4738 3191 4807 gestatus,
3223 4734 3294 4789 ad
3327 4733 3532 4807 templi
3562 4732 3767 4790 limina

346 4805 415 4876 τῇ
469 4808 565 4858 τοῦ
607 4803 755 4879 ίεροῦ
806 4804 941 4883 φλιᾷ
991 4812 1467 4883 παρειστήκεισαν.
1502 4816 1559 4872 Ὀ
1615 4818 1707 4889 μὲν
1760 4817 1871 4887 οὖν,
1904 4828 2004 4889 τῆς

2144 4825 2291 4881 imul
2341 4796 2651 4882 steterunt.
2685 4796 2949 4898 .Symeo‘n
2999 4796 3194 4880 autem
3247 4841 3280 4879 a
3328 4796 3611 4880 curvitate
3660 4841 3768 4880 sua

350 4892 485 4968 πρὸς
536 4900 638 4969 γῆν
700 4895 989 4958 ἁνανεύσας
1046 4899 1381 4974 συγκύψεως’
1415 4905 1561 4958 κάτω
1589 4906 1689 4981 γὰρ
1749 4906 1814 4975 ἦν
1865 4908 2001 4971 τὲως

347 4982 614 5038 συννεύων
660 4988 737 5055 τῷ
789 4987 937 5061 γήρᾳ
981 4990 1390 5063 καμπτόμενος*
1428 4993 1607 5069 βραχύ
1653 5017 1706 5050 τι
1734 4996 1813 5051 τὼ
1844 4995 1998 5069 πόδε,

342 5071 442 5163 τήν
474 5071 795 5163 ’βακτηρίαν
855 5073 1040 5150 ῥίψας,
1072 5075 1495 5156 ἐπιστηρίζεται,
1529 5083 1617 5138 καὶ
1660 5084 1754 5149 τὰς
1807 5092 1999 5163 χεῖρας

343 5158 602 5231 ἐκτείνας,
660 5166 767 5216 τῶν
829 5170 1111 5237 μητγῖικῶν
1185 5169 1440 5243 ἀγκαΛῶν
1499 5168 1684 5230 λαϐεῖν
1744 5158 1993 5252 ἐπειράτο

338 5250 430 5302 τὸν
482 5248 828 5326 θεάνθρωπον
879 5255 1097 5323 νήπιον·
1149 5260 1183 5327 ἡ
1235 5256 1291 5314 δὲ
1331 5262 1523 5337 μικρὸν
1586 5264 1681 5336 μὲν
1742 5248 1988 5343 ἐπέσχεν·

408 5459 454 5494 ⁴²
486 5459 663 5516 Exod.
695 5478 902 5531 xxxm,
930 5462 1023 5519 2i.
1101 5466 1146 5501 ‘3
1178 5467 1310 5524 Luc.
1344 5487 1409 5540 ιι,
1443 5472 1537 5529 27.

410 5652 742 5799 γ32γκΚαλῆς
768 5657 935 5713 deest
966 5656 1026 5714 in
1060 5659 1199 5735 Reg.
1230 5664 1287 5721 2.

436 5725 505 5782 33
560 5726 699 5799 Reg.
730 5728 786 5798 2,
818 5731 927 5783 τῶν
956 5734 1166 5799 νοητῶν
1192 5752 1287 5799 παρ

436 5725 699 5801 33)”ἣθε.
730 5728 786 5798 2,
818 5731 927 5783 τῶν
956 5725 1177 5802 νοητῶῖ
1192 5752 1321 5812 παρ.

2112 4931 2328 4987 corpus
2377 4916 2609 4988 erigens
2656 4931 2668 4969 :

2108 5021 2218 5060 vus
2248 5021 2587 5077 pronusque
2617 5008 2761 5073 erat,
2796 5004 3019 5076 abjecto
3050 5002 3278 5070 baculo,
3313 5002 3560 5074 pedibus
3609 5003 3763 5058 brevi

2108 5096 2370 5165 tempore
2420 5095 2648 5163 nititur,
2698 5093 3073 5164 extensisque
3122 5091 3421 5159 manibus,
3471 5090 3758 5146 infantem

2717 4932 2850 4970 nam
2886 4930 3001 4986 prae
3033 4918 3332 4971 senectute
3362 4930 3602 4985 corpore
3634 4931 3763 4969 cur-

2111 5186 2289 5238 Deum
2338 5182 2638 5240 hominem
2689 5182 2973 5239 maternis
3003 5197 3072 5237 ex
3105 5180 3261 5237 ulnis
3291 5180 3551 5252 accipere
3582 5197 3760 5236 cona-

2100 5271 2311 5328 batur.
2356 5273 2667 5331 Paululum
2698 5274 2882 5331 Mater
2936 5271 3235 5342 cohibuit,
3291 5270 3543 5327 necdum
3599 5269 3753 5328 enim

2198 5676 2290 5821 34g
2320 5676 2460 5749 Reg.
2490 5678 2546 5747 2,
2584 5672 2840 5764 βαδίζων.

2199 5747 2269 5803 35
2324 5747 2465 5821 Reg.
2495 5751 2552 5819 2,
2580 5767 2675 5810 τας
2707 5742 2836 5803 ὲκϐά

2199 5742 2290 5821 35)
2324 5742 2465 5822 ἣθέ.
2495 5742 2552 5819 2,
2580 5742 2675 5810 τὰς
2707 5742 2970 5809 ξκϐάσεις.
