  <div class='ocr_page' id='page_1' title='image "/cluster/home/n/w/nwhite01/storage/ocr_20150623/28:no.4/coo.31924054873090/508.png"; bbox 0 0 4120 6374; ppageno 0'>
   <div class='ocr_carea' id='block_1_1' title="bbox 380 433 498 492">
    <p class='ocr_par' dir='ltr' id='par_1_1' title="bbox 380 433 498 492">
     <span class='ocr_line' id='line_1_1' title="bbox 380 433 498 492; baseline -0.008 -1"><span class='ocrx_word' id='word_1_1' title='bbox 380 433 498 492; x_wconf 84' lang='grc'>989</span> 
     </span>
    </p>
   </div>
   <div class='ocr_carea' id='block_1_2' title="bbox 1453 429 2723 492">
    <p class='ocr_par' dir='ltr' id='par_1_2' title="bbox 1453 429 2723 492">
     <span class='ocr_line' id='line_1_2' title="bbox 1453 429 2723 492; baseline 0.002 -4"><span class='ocrx_word' id='word_1_2' title='bbox 1453 429 1781 489; x_wconf 84' lang='lat' dir='ltr'>HOMILIA</span> <span class='ocrx_word' id='word_1_3' title='bbox 1828 431 1906 489; x_wconf 85' lang='lat' dir='ltr'><strong>IN</strong></span> <span class='ocrx_word' id='word_1_4' title='bbox 1951 429 2373 492; x_wconf 81' lang='lat' dir='ltr'>OCCURSUM</span> <span class='ocrx_word' id='word_1_5' title='bbox 2423 432 2723 492; x_wconf 80' lang='lat' dir='ltr'>DOMIN].</span> 
     </span>
    </p>
   </div>
   <div class='ocr_carea' id='block_1_3' title="bbox 3674 429 3793 487">
    <p class='ocr_par' dir='ltr' id='par_1_3' title="bbox 3674 429 3793 487">
     <span class='ocr_line' id='line_1_3' title="bbox 3674 429 3793 487; baseline -0.008 0"><span class='ocrx_word' id='word_1_6' title='bbox 3674 429 3793 487; x_wconf 83' lang='lat'>990</span> 
     </span>
    </p>
   </div>
   <div class='ocr_carea' id='block_1_4' title="bbox 381 557 2031 635">
    <p class='ocr_par' dir='ltr' id='par_1_4' title="bbox 381 557 2030 635">
     <span class='ocr_line' id='line_1_4' title="bbox 381 557 2030 635; baseline -0.003 -17"><span class='ocrx_word' id='word_1_7' title='bbox 381 563 578 627; x_wconf 73' lang='grc' dir='ltr'>οἶκτος,</span> <span class='ocrx_word' id='word_1_8' title='bbox 611 560 701 616; x_wconf 78' lang='grc' dir='ltr'>καὶ</span> <span class='ocrx_word' id='word_1_9' title='bbox 730 561 792 615; x_wconf 87' lang='grc' dir='ltr'>τὸ</span> <span class='ocrx_word' id='word_1_10' title='bbox 832 559 906 633; x_wconf 73' lang='grc' dir='ltr'>μὴ</span> <span class='ocrx_word' id='word_1_11' title='bbox 944 557 1234 635; x_wconf 88' lang='grc' dir='ltr'>βούλεσθαι</span> <span class='ocrx_word' id='word_1_12' title='bbox 1269 557 1485 635; x_wconf 82' lang='grc' dir='ltr'>βλέπειν</span> <span class='ocrx_word' id='word_1_13' title='bbox 1513 559 1612 627; x_wconf 75' lang='grc' dir='ltr'>τὴν</span> <span class='ocrx_word' id='word_1_14' title='bbox 1661 559 1797 630; x_wconf 66' lang='grc' dir='ltr'>ἐμὴν</span> <span class='ocrx_word' id='word_1_15' title='bbox 1849 557 2030 614; x_wconf 75' lang='grc' dir='ltr'>εἰκόνα</span> 
     </span>
    </p>
   </div>
   <div class='ocr_carea' id='block_1_5' title="bbox 2144 557 3790 635">
    <p class='ocr_par' dir='ltr' id='par_1_5' title="bbox 2144 559 3790 634">
     <span class='ocr_line' id='line_1_5' title="bbox 2144 559 3790 634; baseline -0.002 -17"><span class='ocrx_word' id='word_1_16' title='bbox 2144 576 2280 634; x_wconf 84' lang='lat' dir='ltr'>erga</span> <span class='ocrx_word' id='word_1_17' title='bbox 2311 577 2412 618; x_wconf 91' lang='lat' dir='ltr'>vos</span> <span class='ocrx_word' id='word_1_18' title='bbox 2443 561 2862 632; x_wconf 80' lang='lat' dir='ltr'>misericordia,</span> <span class='ocrx_word' id='word_1_19' title='bbox 2912 564 3063 634; x_wconf 89' lang='lat' dir='ltr'>quod</span> <span class='ocrx_word' id='word_1_20' title='bbox 3116 563 3296 618; x_wconf 85' lang='lat' dir='ltr'>nolim</span> <span class='ocrx_word' id='word_1_21' title='bbox 3344 576 3534 616; x_wconf 84' lang='lat' dir='ltr'><strong>meam</strong></span> <span class='ocrx_word' id='word_1_22' title='bbox 3578 559 3790 630; x_wconf 83' lang='lat' dir='ltr'>imagi-</span> 
     </span>
    </p>
   </div>
   <div class='ocr_carea' id='block_1_6' title="bbox 382 645 2029 726">
    <p class='ocr_par' dir='ltr' id='par_1_6' title="bbox 382 645 2029 726">
     <span class='ocr_line' id='line_1_6' title="bbox 382 645 2029 726; baseline -0.002 -20"><span class='ocrx_word' id='word_1_23' title='bbox 382 648 573 712; x_wconf 89' lang='grc' dir='ltr'>δεινῶς</span> <span class='ocrx_word' id='word_1_24' title='bbox 605 647 1146 726; x_wconf 68' lang='grc' dir='ltr'>ἀνδραποδιζομένην</span> <span class='ocrx_word' id='word_1_25' title='bbox 1177 653 1295 710; x_wconf 84' lang='grc' dir='ltr'>τοῖς</span> <span class='ocrx_word' id='word_1_26' title='bbox 1342 645 1582 719; x_wconf 89' lang='grc' dir='ltr'>δαίμοσι·</span> <span class='ocrx_word' id='word_1_27' title='bbox 1615 649 1678 702; x_wconf 86' lang='grc' dir='ltr'>τὸ</span> <span class='ocrx_word' id='word_1_28' title='bbox 1730 649 1805 720; x_wconf 74' lang='grc' dir='ltr'>μὴ</span> <span class='ocrx_word' id='word_1_29' title='bbox 1852 649 2029 726; x_wconf 70' lang='grc' dir='ltr'>φέρειν</span> 
     </span>
    </p>
   </div>
   <div class='ocr_carea' id='block_1_7' title="bbox 381 735 2031 814">
    <p class='ocr_par' dir='ltr' id='par_1_7' title="bbox 381 735 2031 814">
     <span class='ocr_line' id='line_1_7' title="bbox 381 735 2031 814; baseline -0.003 -19"><span class='ocrx_word' id='word_1_30' title='bbox 381 741 508 813; x_wconf 81' lang='grc' dir='ltr'>ὁρᾷν</span> <span class='ocrx_word' id='word_1_31' title='bbox 543 740 635 794; x_wconf 87' lang='grc' dir='ltr'>τὸν</span> <span class='ocrx_word' id='word_1_32' title='bbox 672 738 898 814; x_wconf 88' lang='grc' dir='ltr'>βασιλέα</span> <span class='ocrx_word' id='word_1_33' title='bbox 923 745 1022 807; x_wconf 80' lang='grc' dir='ltr'>τῆς</span> <span class='ocrx_word' id='word_1_34' title='bbox 1072 738 1296 798; x_wconf 78' lang='grc' dir='ltr'>κτίσεως</span> <span class='ocrx_word' id='word_1_35' title='bbox 1341 742 1521 798; x_wconf 87' lang='grc' dir='ltr'>κακῶς</span> <span class='ocrx_word' id='word_1_36' title='bbox 1568 741 1635 810; x_wconf 78' lang='grc' dir='ltr'>τῇ</span> <span class='ocrx_word' id='word_1_37' title='bbox 1684 736 1850 792; x_wconf 81' lang='grc' dir='ltr'>κτίσει</span> <span class='ocrx_word' id='word_1_38' title='bbox 1903 735 2031 792; x_wconf 87' lang='grc' dir='ltr'>δου-</span> 
     </span>
    </p>
   </div>
   <div class='ocr_carea' id='block_1_8' title="bbox 381 826 2031 904">
    <p class='ocr_par' dir='ltr' id='par_1_8' title="bbox 381 826 2031 904">
     <span class='ocr_line' id='line_1_8' title="bbox 381 826 2031 904; baseline -0.003 -19"><span class='ocrx_word' id='word_1_39' title='bbox 381 827 628 885; x_wconf 86' lang='grc' dir='ltr'>λεύοντα·</span> <span class='ocrx_word' id='word_1_40' title='bbox 663 829 726 883; x_wconf 87' lang='grc' dir='ltr'>τὸ</span> <span class='ocrx_word' id='word_1_41' title='bbox 761 830 835 902; x_wconf 78' lang='grc' dir='ltr'>μὴ</span> <span class='ocrx_word' id='word_1_42' title='bbox 871 832 1144 904; x_wconf 74' lang='grc' dir='ltr'>καρτερεῖν</span> <span class='ocrx_word' id='word_1_43' title='bbox 1177 829 1398 903; x_wconf 83' lang='grc' dir='ltr'>θεωρεῖν</span> <span class='ocrx_word' id='word_1_44' title='bbox 1445 826 1536 881; x_wconf 87' lang='grc' dir='ltr'>τὸν</span> <span class='ocrx_word' id='word_1_45' title='bbox 1587 826 1892 898; x_wconf 75' lang='grc' dir='ltr'>ἀποστάτην</span> <span class='ocrx_word' id='word_1_46' title='bbox 1944 827 2031 881; x_wconf 78' lang='grc' dir='ltr'>καὶ</span> 
     </span>
    </p>
   </div>
   <div class='ocr_carea' id='block_1_9' title="bbox 384 915 2034 996">
    <p class='ocr_par' dir='ltr' id='par_1_9' title="bbox 384 915 2034 996">
     <span class='ocr_line' id='line_1_9' title="bbox 384 915 2034 996; baseline -0.001 -23"><span class='ocrx_word' id='word_1_47' title='bbox 384 919 725 996; x_wconf 67' lang='grc' dir='ltr'>ὑπερήφανον</span> <span class='ocrx_word' id='word_1_48' title='bbox 815 921 911 971; x_wconf 77' lang='grc' dir='ltr'>τοῦ</span> <span class='ocrx_word' id='word_1_49' title='bbox 955 986 957 988; x_wconf 19' lang='grc' dir='ltr'><strong>η</strong></span> <span class='ocrx_word' id='word_1_50' title='bbox 995 917 1130 989; x_wconf 66' lang='grc' dir='ltr'>ἐμοῦ</span> <span class='ocrx_word' id='word_1_51' title='bbox 1215 915 1497 994; x_wconf 63' lang='grc' dir='ltr'>σφαλερῶς</span> <span class='ocrx_word' id='word_1_52' title='bbox 1571 917 2034 991; x_wconf 81' lang='grc' dir='ltr'>κατεπαιρόμενον</span> 
     </span>
    </p>
   </div>
   <div class='ocr_carea' id='block_1_10' title="bbox 381 1005 2033 1085">
    <p class='ocr_par' dir='ltr' id='par_1_10' title="bbox 381 1005 2033 1085">
     <span class='ocr_line' id='line_1_10' title="bbox 381 1005 2033 1085; baseline 0.001 -24"><span class='ocrx_word' id='word_1_53' title='bbox 381 1005 721 1081; x_wconf 80' lang='grc' dir='ltr'>πλάσματος.</span> <span class='ocrx_word' id='word_1_54' title='bbox 779 1005 951 1060; x_wconf 73' lang='grc' dir='ltr'>Ταῦτά</span> <span class='ocrx_word' id='word_1_55' title='bbox 1021 1027 1085 1078; x_wconf 84' lang='grc' dir='ltr'>με</span> <span class='ocrx_word' id='word_1_56' title='bbox 1138 1009 1244 1061; x_wconf 89' lang='grc' dir='ltr'>τῶν</span> <span class='ocrx_word' id='word_1_57' title='bbox 1303 1009 1578 1080; x_wconf 84' lang='grc' dir='ltr'>πατρικῶν</span> <span class='ocrx_word' id='word_1_58' title='bbox 1630 1007 2033 1085; x_wconf 75' lang='grc' dir='ltr'>ἆνεκφοιτήτως</span> 
     </span>
    </p>
   </div>
   <div class='ocr_carea' id='block_1_11' title="bbox 383 1093 2036 1171">
    <p class='ocr_par' dir='ltr' id='par_1_11' title="bbox 383 1093 2036 1171">
     <span class='ocr_line' id='line_1_11' title="bbox 383 1093 2036 1171; baseline 0 -19"><span class='ocrx_word' id='word_1_59' title='bbox 383 1095 699 1167; x_wconf 80' lang='grc' dir='ltr'>ἐξανέστησε</span> <span class='ocrx_word' id='word_1_60' title='bbox 751 1095 1003 1163; x_wconf 78' lang='grc' dir='ltr'>κόλπων,</span> <span class='ocrx_word' id='word_1_61' title='bbox 1061 1093 1149 1149; x_wconf 84' lang='grc' dir='ltr'>καὶ</span> <span class='ocrx_word' id='word_1_62' title='bbox 1207 1094 1282 1157; x_wconf 86' lang='grc' dir='ltr'>ὡς</span> <span class='ocrx_word' id='word_1_63' title='bbox 1343 1095 1482 1168; x_wconf 78' lang='grc' dir='ltr'>ὑμᾶς</span> <span class='ocrx_word' id='word_1_64' title='bbox 1539 1097 1638 1164; x_wconf 73' lang='grc' dir='ltr'>τήν</span> <span class='ocrx_word' id='word_1_65' title='bbox 1697 1095 1784 1151; x_wconf 72' lang='grc' dir='ltr'>διὰ</span> <span class='ocrx_word' id='word_1_66' title='bbox 1841 1097 2036 1171; x_wconf 85' lang='grc' dir='ltr'>σαρκὸς</span> 
     </span>
    </p>
   </div>
   <div class='ocr_carea' id='block_1_12' title="bbox 383 1183 2035 1263">
    <p class='ocr_par' dir='ltr' id='par_1_12' title="bbox 383 1183 2035 1263">
     <span class='ocr_line' id='line_1_12' title="bbox 383 1183 2035 1263; baseline 0 -23"><span class='ocrx_word' id='word_1_67' title='bbox 383 1185 606 1263; x_wconf 84' lang='grc' dir='ltr'>πορείαν</span> <span class='ocrx_word' id='word_1_68' title='bbox 666 1187 997 1256; x_wconf 85' lang='grc' dir='ltr'>ποιήσασθαι</span> <span class='ocrx_word' id='word_1_69' title='bbox 1052 1183 1338 1252; x_wconf 76' lang='grc' dir='ltr'>πεποίηκε’</span> <span class='ocrx_word' id='word_1_70' title='bbox 1370 1184 1536 1240; x_wconf 79' lang='grc' dir='ltr'>ταῦτά</span> <span class='ocrx_word' id='word_1_71' title='bbox 1595 1206 1661 1259; x_wconf 87' lang='grc' dir='ltr'>με</span> <span class='ocrx_word' id='word_1_72' title='bbox 1708 1193 2035 1260; x_wconf 83' lang='grc' dir='ltr'>γεννηθῆναι</span> 
     </span>
    </p>
   </div>
   <div class='ocr_carea' id='block_1_13' title="bbox 381 1274 2034 1352">
    <p class='ocr_par' dir='ltr' id='par_1_13' title="bbox 381 1274 2034 1352">
     <span class='ocr_line' id='line_1_13' title="bbox 381 1274 2034 1352; baseline -0.001 -21"><span class='ocrx_word' id='word_1_73' title='bbox 381 1276 470 1331; x_wconf 77' lang='grc' dir='ltr'>καὶ</span> <span class='ocrx_word' id='word_1_74' title='bbox 502 1274 782 1348; x_wconf 80' lang='grc' dir='ltr'>νηπιάσαι,</span> <span class='ocrx_word' id='word_1_75' title='bbox 813 1280 902 1330; x_wconf 81' lang='grc' dir='ltr'><strong>καί</strong></span> <span class='ocrx_word' id='word_1_76' title='bbox 932 1279 1011 1347; x_wconf 83' lang='grc' dir='ltr'>τῷ</span> <span class='ocrx_word' id='word_1_77' title='bbox 1042 1274 1174 1351; x_wconf 78' lang='grc' dir='ltr'>ἱερῷ</span> <span class='ocrx_word' id='word_1_78' title='bbox 1222 1281 1580 1352; x_wconf 77' lang='grc' dir='ltr'>παραστῆναι,</span> <span class='ocrx_word' id='word_1_79' title='bbox 1610 1276 1700 1330; x_wconf 85' lang='grc' dir='ltr'>καὶ</span> <span class='ocrx_word' id='word_1_80' title='bbox 1748 1281 1864 1338; x_wconf 87' lang='grc' dir='ltr'>ταῖς</span> <span class='ocrx_word' id='word_1_81' title='bbox 1917 1281 2034 1339; x_wconf 86' lang='grc' dir='ltr'>σαῖς</span> 
     </span>
    </p>
   </div>
   <div class='ocr_carea' id='block_1_14' title="bbox 384 1361 2033 1442">
    <p class='ocr_par' dir='ltr' id='par_1_14' title="bbox 384 1361 2033 1442">
     <span class='ocr_line' id='line_1_14' title="bbox 384 1361 2033 1442; baseline 0 -22"><span class='ocrx_word' id='word_1_82' title='bbox 384 1365 650 1441; x_wconf 74' lang='grc' dir='ltr'>ἀγκάλαις</span> <span class='ocrx_word' id='word_1_83' title='bbox 701 1361 1059 1434; x_wconf 68' lang='grc' dir='ltr'>ἀνακλιθῆναι</span> <span class='ocrx_word' id='word_1_84' title='bbox 1103 1362 1420 1436; x_wconf 79' lang='grc' dir='ltr'>πεποίηκεν.</span> <span class='ocrx_word' id='word_1_85' title='bbox 1453 1363 1527 1418; x_wconf 84' lang='grc' dir='ltr'>Ού</span> <span class='ocrx_word' id='word_1_86' title='bbox 1576 1366 1679 1442; x_wconf 76' lang='grc' dir='ltr'>γὰρ</span> <span class='ocrx_word' id='word_1_87' title='bbox 1728 1367 1794 1435; x_wconf 79' lang='grc' dir='ltr'>ἧν</span> <span class='ocrx_word' id='word_1_88' title='bbox 1848 1365 2033 1428; x_wconf 80' lang='grc' dir='ltr'>ἄλλως</span> 
     </span>
    </p>
   </div>
   <div class='ocr_carea' id='block_1_15' title="bbox 385 1452 2035 1532">
    <p class='ocr_par' dir='ltr' id='par_1_15' title="bbox 385 1452 2035 1532">
     <span class='ocr_line' id='line_1_15' title="bbox 385 1452 2035 1532; baseline 0.001 -23"><span class='ocrx_word' id='word_1_89' title='bbox 385 1457 478 1510; x_wconf 80' lang='grc' dir='ltr'>τὸν</span> <span class='ocrx_word' id='word_1_90' title='bbox 511 1455 768 1532; x_wconf 83' lang='grc' dir='ltr'>τύραννον</span> <span class='ocrx_word' id='word_1_91' title='bbox 803 1452 1186 1527; x_wconf 78' lang='grc' dir='ltr'>δεσμευθῆναι,</span> <span class='ocrx_word' id='word_1_92' title='bbox 1217 1455 1308 1508; x_wconf 79' lang='grc' dir='ltr'>καὶ</span> <span class='ocrx_word' id='word_1_93' title='bbox 1336 1453 1402 1509; x_wconf 67' lang='grc' dir='ltr'>τὰ</span> <span class='ocrx_word' id='word_1_94' title='bbox 1429 1456 1624 1510; x_wconf 85' lang='grc' dir='ltr'>τούτου</span> <span class='ocrx_word' id='word_1_95' title='bbox 1672 1455 1832 1526; x_wconf 86' lang='grc' dir='ltr'>σκεύη</span> <span class='ocrx_word' id='word_1_96' title='bbox 1886 1452 2035 1530; x_wconf 89' lang='grc' dir='ltr'>διαρ-</span> 
     </span>
    </p>
   </div>
   <div class='ocr_carea' id='block_1_16' title="bbox 387 1542 2038 1620">
    <p class='ocr_par' dir='ltr' id='par_1_16' title="bbox 387 1542 2038 1620">
     <span class='ocr_line' id='line_1_16' title="bbox 387 1542 2038 1620; baseline -0.001 -19"><span class='ocrx_word' id='word_1_97' title='bbox 387 1548 677 1614; x_wconf 70' lang='grc' dir='ltr'>πασθῆναι,</span> <span class='ocrx_word' id='word_1_98' title='bbox 741 1543 786 1598; x_wconf 74' lang='grc' dir='ltr'>εἰ</span> <span class='ocrx_word' id='word_1_99' title='bbox 843 1545 918 1617; x_wconf 85' lang='grc' dir='ltr'>μή</span> <span class='ocrx_word' id='word_1_100' title='bbox 983 1542 1382 1620; x_wconf 81' lang='grc' dir='ltr'>παραπλησίως</span> <span class='ocrx_word' id='word_1_101' title='bbox 1439 1543 1561 1616; x_wconf 85' lang='grc' dir='ltr'>ὑμῖν</span> <span class='ocrx_word' id='word_1_102' title='bbox 1615 1551 1716 1614; x_wconf 76' lang='grc' dir='ltr'>τῆς</span> <span class='ocrx_word' id='word_1_103' title='bbox 1773 1543 2038 1618; x_wconf 83' lang='grc' dir='ltr'>ἁμαρτίας</span> 
     </span>
    </p>
   </div>
   <div class='ocr_carea' id='block_1_17' title="bbox 385 1632 2038 1712">
    <p class='ocr_par' dir='ltr' id='par_1_17' title="bbox 385 1632 2038 1712">
     <span class='ocr_line' id='line_1_17' title="bbox 385 1632 2038 1712; baseline -0.001 -23"><span class='ocrx_word' id='word_1_104' title='bbox 385 1634 564 1712; x_wconf 71' lang='grc' dir='ltr'>χωρὶς</span> <span class='ocrx_word' id='word_1_105' title='bbox 593 1635 913 1704; x_wconf 84' lang='grc' dir='ltr'>κοινωνήσω</span> <span class='ocrx_word' id='word_1_106' title='bbox 960 1639 1061 1703; x_wconf 74' lang='grc' dir='ltr'>τῆς</span> <span class='ocrx_word' id='word_1_107' title='bbox 1122 1632 1568 1708; x_wconf 83' lang='grc' dir='ltr'>ἀνθρωπότητος·</span> <span class='ocrx_word' id='word_1_108' title='bbox 1603 1634 1702 1689; x_wconf 80' lang='grc' dir='ltr'>οὐκ</span> <span class='ocrx_word' id='word_1_109' title='bbox 1730 1634 1796 1703; x_wconf 78' lang='grc' dir='ltr'>ἦν</span> <span class='ocrx_word' id='word_1_110' title='bbox 1853 1633 2038 1696; x_wconf 85' lang='grc' dir='ltr'>ἄλλως</span> 
     </span>
    </p>
   </div>
   <div class='ocr_carea' id='block_1_18' title="bbox 381 1717 2036 1798">
    <p class='ocr_par' dir='ltr' id='par_1_18' title="bbox 381 1717 2036 1798">
     <span class='ocr_line' id='line_1_18' title="bbox 381 1717 2036 1798; baseline -0.002 -18"><span class='ocrx_word' id='word_1_111' title='bbox 381 1729 489 1781; x_wconf 88' lang='grc' dir='ltr'>τῶν</span> <span class='ocrx_word' id='word_1_112' title='bbox 522 1721 893 1778; x_wconf 87' lang='grc' dir='ltr'>πολυπλόκων</span> <span class='ocrx_word' id='word_1_113' title='bbox 924 1727 1021 1778; x_wconf 79' lang='grc' dir='ltr'>τοῦ</span> <span class='ocrx_word' id='word_1_114' title='bbox 1054 1717 1184 1792; x_wconf 74' lang='grc' dir='ltr'>ᾅδου</span> <span class='ocrx_word' id='word_1_115' title='bbox 1217 1722 1428 1798; x_wconf 82' lang='grc' dir='ltr'>ἀρκύων</span> <span class='ocrx_word' id='word_1_116' title='bbox 1479 1723 1569 1777; x_wconf 85' lang='grc' dir='ltr'>τὸν</span> <span class='ocrx_word' id='word_1_117' title='bbox 1604 1721 1782 1797; x_wconf 77' lang='grc' dir='ltr'>Ἀδὰμ</span> <span class='ocrx_word' id='word_1_118' title='bbox 1836 1721 2036 1793; x_wconf 83' lang='grc' dir='ltr'>ἆναθῆ-</span> 
     </span>
    </p>
   </div>
   <div class='ocr_carea' id='block_1_19' title="bbox 382 1811 2036 1886">
    <p class='ocr_par' dir='ltr' id='par_1_19' title="bbox 382 1811 2036 1886">
     <span class='ocr_line' id='line_1_19' title="bbox 382 1811 2036 1886; baseline -0.001 -18"><span class='ocrx_word' id='word_1_119' title='bbox 382 1834 491 1884; x_wconf 86' lang='grc' dir='ltr'>ναι,</span> <span class='ocrx_word' id='word_1_120' title='bbox 521 1813 611 1867; x_wconf 83' lang='grc' dir='ltr'>καὶ</span> <span class='ocrx_word' id='word_1_121' title='bbox 669 1813 768 1881; x_wconf 76' lang='grc' dir='ltr'>τήν</span> <span class='ocrx_word' id='word_1_122' title='bbox 827 1812 1050 1884; x_wconf 81' lang='grc' dir='ltr'>πρώτην</span> <span class='ocrx_word' id='word_1_123' title='bbox 1111 1811 1426 1867; x_wconf 82' lang='grc' dir='ltr'>κατάστασιν</span> <span class='ocrx_word' id='word_1_124' title='bbox 1487 1813 1887 1886; x_wconf 78' lang='grc' dir='ltr'>ἀπολήψεσθαι,</span> <span class='ocrx_word' id='word_1_125' title='bbox 1945 1814 2036 1868; x_wconf 71' lang='grc' dir='ltr'>καὶ</span> 
     </span>
    </p>
   </div>
   <div class='ocr_carea' id='block_1_20' title="bbox 380 1900 2036 1979">
    <p class='ocr_par' dir='ltr' id='par_1_20' title="bbox 380 1900 2036 1979">
     <span class='ocr_line' id='line_1_20' title="bbox 380 1900 2036 1979; baseline -0.001 -20"><span class='ocrx_word' id='word_1_126' title='bbox 380 1904 444 1959; x_wconf 84' lang='grc' dir='ltr'>τὸ</span> <span class='ocrx_word' id='word_1_127' title='bbox 497 1901 626 1957; x_wconf 78' lang='grc' dir='ltr'>ὅλον</span> <span class='ocrx_word' id='word_1_128' title='bbox 676 1901 804 1958; x_wconf 83' lang='grc' dir='ltr'>Θεὸν</span> <span class='ocrx_word' id='word_1_129' title='bbox 855 1906 1045 1956; x_wconf 75' lang='grc' dir='ltr'>τοῦτον</span> <span class='ocrx_word' id='word_1_130' title='bbox 1099 1902 1366 1978; x_wconf 84' lang='grc' dir='ltr'>γενέσθαι,</span> <span class='ocrx_word' id='word_1_131' title='bbox 1401 1902 1444 1956; x_wconf 81' lang='grc' dir='ltr'>εἰ</span> <span class='ocrx_word' id='word_1_132' title='bbox 1499 1903 1574 1975; x_wconf 83' lang='grc' dir='ltr'>μὴ</span> <span class='ocrx_word' id='word_1_133' title='bbox 1609 1901 1718 1978; x_wconf 83' lang='grc' dir='ltr'>ἐγὼ</span> <span class='ocrx_word' id='word_1_134' title='bbox 1751 1900 2036 1979; x_wconf 79' lang='grc' dir='ltr'>ἅνθρωπος</span> 
     </span>
    </p>
   </div>
   <div class='ocr_carea' id='block_1_21' title="bbox 383 1989 2038 2069">
    <p class='ocr_par' dir='ltr' id='par_1_21' title="bbox 383 1989 2038 2069">
     <span class='ocr_line' id='line_1_21' title="bbox 383 1989 2038 2069; baseline 0.001 -22"><span class='ocrx_word' id='word_1_135' title='bbox 383 1993 647 2069; x_wconf 85' lang='grc' dir='ltr'>γένωμαι,</span> <span class='ocrx_word' id='word_1_136' title='bbox 678 1991 895 2062; x_wconf 75' lang='grc' dir='ltr'>καὶτῆς</span> <span class='ocrx_word' id='word_1_137' title='bbox 927 1989 1095 2060; x_wconf 79' lang='grc' dir='ltr'>αὐτῆς</span> <span class='ocrx_word' id='word_1_138' title='bbox 1149 1991 1294 2064; x_wconf 81' lang='grc' dir='ltr'>αύτῷ</span> <span class='ocrx_word' id='word_1_139' title='bbox 1340 1994 1660 2063; x_wconf 79' lang='grc' dir='ltr'>κοινωνήσω</span> <span class='ocrx_word' id='word_1_140' title='bbox 1708 1993 1797 2047; x_wconf 80' lang='grc' dir='ltr'>καὶ</span> <span class='ocrx_word' id='word_1_141' title='bbox 1858 1992 2038 2055; x_wconf 81' lang='grc' dir='ltr'>οὐσίας</span> 
     </span>
    </p>
   </div>
   <div class='ocr_carea' id='block_1_22' title="bbox 384 2081 737 2160">
    <p class='ocr_par' dir='ltr' id='par_1_22' title="bbox 384 2081 737 2160">
     <span class='ocr_line' id='line_1_22' title="bbox 384 2081 737 2160; baseline 0.003 -23"><span class='ocrx_word' id='word_1_142' title='bbox 384 2083 472 2137; x_wconf 85' lang='grc' dir='ltr'>καὶ</span> <span class='ocrx_word' id='word_1_143' title='bbox 505 2081 737 2160; x_wconf 78' lang='grc' dir='ltr'>φύσεως.</span> 
     </span>
    </p>
   </div>
   <div class='ocr_carea' id='block_1_23' title="bbox 458 2167 2035 2245">
    <p class='ocr_par' dir='ltr' id='par_1_23' title="bbox 458 2167 2035 2245">
     <span class='ocr_line' id='line_1_23' title="bbox 458 2167 2035 2245; baseline 0.001 -22"><span class='ocrx_word' id='word_1_144' title='bbox 458 2174 544 2228; x_wconf 81' lang='grc'>13,</span> <span class='ocrx_word' id='word_1_145' title='bbox 579 2169 765 2224; x_wconf 80' lang='grc' dir='ltr'>Τοίνυν</span> <span class='ocrx_word' id='word_1_146' title='bbox 819 2169 913 2232; x_wconf 82' lang='grc' dir='ltr'>τὰς</span> <span class='ocrx_word' id='word_1_147' title='bbox 968 2177 1068 2240; x_wconf 80' lang='grc' dir='ltr'>τῆς</span> <span class='ocrx_word' id='word_1_148' title='bbox 1122 2167 1576 2245; x_wconf 81' lang='grc' dir='ltr'>ἐνανθρωπήσεως</span> <span class='ocrx_word' id='word_1_149' title='bbox 1608 2192 1707 2241; x_wconf 82' lang='grc' dir='ltr'>της</span> <span class='ocrx_word' id='word_1_150' title='bbox 1756 2170 1893 2244; x_wconf 80' lang='grc' dir='ltr'>ἐμῆς</span> <span class='ocrx_word' id='word_1_151' title='bbox 1953 2172 2035 2225; x_wconf 86' lang='grc' dir='ltr'>αἷ-</span> 
     </span>
    </p>
   </div>
   <div class='ocr_carea' id='block_1_24' title="bbox 381 2256 2037 2334">
    <p class='ocr_par' dir='ltr' id='par_1_24' title="bbox 381 2256 2037 2334">
     <span class='ocr_line' id='line_1_24' title="bbox 381 2256 2037 2334; baseline -0.001 -18"><span class='ocrx_word' id='word_1_152' title='bbox 381 2261 499 2324; x_wconf 90' lang='grc' dir='ltr'>τίας</span> <span class='ocrx_word' id='word_1_153' title='bbox 562 2260 768 2333; x_wconf 86' lang='grc' dir='ltr'>μαθὼν,</span> <span class='ocrx_word' id='word_1_154' title='bbox 802 2260 972 2314; x_wconf 72' lang='grc' dir='ltr'>ἄπιθι·</span> <span class='ocrx_word' id='word_1_155' title='bbox 1007 2259 1096 2314; x_wconf 77' lang='grc' dir='ltr'>καὶ</span> <span class='ocrx_word' id='word_1_156' title='bbox 1159 2264 1498 2334; x_wconf 80' lang='grc' dir='ltr'>σκυθρωπῶς</span> <span class='ocrx_word' id='word_1_157' title='bbox 1548 2261 1600 2314; x_wconf 80' lang='grc' dir='ltr'>έν</span> <span class='ocrx_word' id='word_1_158' title='bbox 1648 2266 1764 2323; x_wconf 85' lang='grc' dir='ltr'>τοῖς</span> <span class='ocrx_word' id='word_1_159' title='bbox 1799 2261 1873 2323; x_wconf 68' lang='grc' dir='ltr'>εῗ’ς</span> <span class='ocrx_word' id='word_1_160' title='bbox 1907 2256 2037 2330; x_wconf 68' lang='grc' dir='ltr'>ᾅδου</span> 
     </span>
    </p>
   </div>
   <div class='ocr_carea' id='block_1_25' title="bbox 381 2342 2027 2427">
    <p class='ocr_par' dir='ltr' id='par_1_25' title="bbox 381 2342 2027 2427">
     <span class='ocr_line' id='line_1_25' title="bbox 381 2342 2027 2427; baseline 0 -24"><span class='ocrx_word' id='word_1_161' title='bbox 381 2353 462 2421; x_wconf 71' lang='grc' dir='ltr'>τῷ</span> <span class='ocrx_word' id='word_1_162' title='bbox 520 2345 701 2421; x_wconf 80' lang='grc' dir='ltr'>Ἀδὰμ</span> <span class='ocrx_word' id='word_1_163' title='bbox 756 2342 1086 2422; x_wconf 74' lang='grc' dir='ltr'>διατρίϐοντι</span> <span class='ocrx_word' id='word_1_164' title='bbox 1145 2345 1566 2424; x_wconf 81' lang='grc' dir='ltr'>φαιδροπρεπῶς</span> <span class='ocrx_word' id='word_1_165' title='bbox 1641 2348 2027 2427; x_wconf 71' lang='grc' dir='ltr'>ἐμφανίσθητι’</span> 
     </span>
    </p>
   </div>
   <div class='ocr_carea' id='block_1_26' title="bbox 380 2434 2037 2512">
    <p class='ocr_par' dir='ltr' id='par_1_26' title="bbox 380 2434 2037 2512">
     <span class='ocr_line' id='line_1_26' title="bbox 380 2434 2037 2512; baseline 0 -20"><span class='ocrx_word' id='word_1_166' title='bbox 380 2438 472 2492; x_wconf 79' lang='grc' dir='ltr'>καὶ</span> <span class='ocrx_word' id='word_1_167' title='bbox 500 2437 614 2491; x_wconf 82' lang='grc' dir='ltr'>ἀντὶ</span> <span class='ocrx_word' id='word_1_168' title='bbox 645 2440 752 2491; x_wconf 86' lang='grc' dir='ltr'>τῶν</span> <span class='ocrx_word' id='word_1_169' title='bbox 788 2436 838 2490; x_wconf 85' lang='grc' dir='ltr'>ἐν</span> <span class='ocrx_word' id='word_1_170' title='bbox 873 2435 1071 2498; x_wconf 88' lang='grc' dir='ltr'>λύπαις</span> <span class='ocrx_word' id='word_1_171' title='bbox 1105 2434 1316 2491; x_wconf 81' lang='grc' dir='ltr'>ὠδίνων</span> <span class='ocrx_word' id='word_1_172' title='bbox 1349 2437 1415 2492; x_wconf 78' lang='grc' dir='ltr'>τὰ</span> <span class='ocrx_word' id='word_1_173' title='bbox 1443 2440 1539 2504; x_wconf 71' lang='grc' dir='ltr'>τῆς</span> <span class='ocrx_word' id='word_1_174' title='bbox 1583 2443 1756 2512; x_wconf 78' lang='grc' dir='ltr'>χαρᾶς</span> <span class='ocrx_word' id='word_1_175' title='bbox 1806 2442 1874 2512; x_wconf 80' lang='grc' dir='ltr'>τῇ</span> <span class='ocrx_word' id='word_1_176' title='bbox 1927 2436 2037 2510; x_wconf 67' lang='grc' dir='ltr'>Εύᾳ</span> 
     </span>
    </p>
   </div>
   <div class='ocr_carea' id='block_1_27' title="bbox 383 2523 2032 2604">
    <p class='ocr_par' dir='ltr' id='par_1_27' title="bbox 383 2523 2032 2604">
     <span class='ocr_line' id='line_1_27' title="bbox 383 2523 2032 2604; baseline 0 -24"><span class='ocrx_word' id='word_1_177' title='bbox 383 2523 704 2598; x_wconf 83' lang='grc' dir='ltr'>διακόμισον</span> <span class='ocrx_word' id='word_1_178' title='bbox 763 2524 1097 2600; x_wconf 75' lang='grc' dir='ltr'>εὐαγγέλια·</span> <span class='ocrx_word' id='word_1_179' title='bbox 1158 2528 1336 2598; x_wconf 81' lang='grc' dir='ltr'>’Ήκει,</span> <span class='ocrx_word' id='word_1_180' title='bbox 1395 2525 1590 2602; x_wconf 79' lang='grc' dir='ltr'>λέγων,</span> <span class='ocrx_word' id='word_1_181' title='bbox 1646 2529 1680 2596; x_wconf 79' lang='grc' dir='ltr'>ἡ</span> <span class='ocrx_word' id='word_1_182' title='bbox 1742 2525 2032 2604; x_wconf 76' lang='grc' dir='ltr'>λύτρωσις·</span> 
     </span>
    </p>
   </div>
   <div class='ocr_carea' id='block_1_28' title="bbox 382 2612 2033 2693">
    <p class='ocr_par' dir='ltr' id='par_1_28' title="bbox 382 2612 2033 2693">
     <span class='ocr_line' id='line_1_28' title="bbox 382 2612 2033 2693; baseline 0.003 -24"><span class='ocrx_word' id='word_1_183' title='bbox 382 2614 503 2684; x_wconf 75' lang='grc' dir='ltr'>ἥκει</span> <span class='ocrx_word' id='word_1_184' title='bbox 563 2616 590 2669; x_wconf 97' lang='lat'>6</span> <span class='ocrx_word' id='word_1_185' title='bbox 626 2613 849 2690; x_wconf 77' lang='grc' dir='ltr'>ρύστης”</span> <span class='ocrx_word' id='word_1_186' title='bbox 884 2615 1007 2684; x_wconf 77' lang='grc' dir='ltr'>ἥκει</span> <span class='ocrx_word' id='word_1_187' title='bbox 1037 2617 1071 2683; x_wconf 78' lang='grc' dir='ltr'>ἡ</span> <span class='ocrx_word' id='word_1_188' title='bbox 1107 2612 1313 2693; x_wconf 74' lang='grc' dir='ltr'>ἄφεσις·</span> <span class='ocrx_word' id='word_1_189' title='bbox 1378 2615 1500 2684; x_wconf 75' lang='grc' dir='ltr'>ἥκει</span> <span class='ocrx_word' id='word_1_190' title='bbox 1556 2617 1583 2669; x_wconf 87' lang='lat'>6</span> <span class='ocrx_word' id='word_1_191' title='bbox 1644 2615 2033 2691; x_wconf 65' lang='grc' dir='ltr'>ἐλευθερωτής.</span> 
     </span>
    </p>
   </div>
   <div class='ocr_carea' id='block_1_29' title="bbox 383 2703 2036 2782">
    <p class='ocr_par' dir='ltr' id='par_1_29' title="bbox 383 2703 2036 2782">
     <span class='ocr_line' id='line_1_29' title="bbox 383 2703 2036 2782; baseline -0.001 -20"><span class='ocrx_word' id='word_1_192' title='bbox 383 2705 597 2775; x_wconf 78' lang='grc' dir='ltr'>Μηκέτι</span> <span class='ocrx_word' id='word_1_193' title='bbox 649 2706 858 2779; x_wconf 82' lang='grc' dir='ltr'>θρήνει,</span> <span class='ocrx_word' id='word_1_194' title='bbox 895 2703 1052 2782; x_wconf 66' lang='grc' dir='ltr'>φύσις</span> <span class='ocrx_word' id='word_1_195' title='bbox 1105 2706 1138 2773; x_wconf 79' lang='grc' dir='ltr'>ἡ</span> <span class='ocrx_word' id='word_1_196' title='bbox 1176 2703 1504 2780; x_wconf 85' lang='grc' dir='ltr'>ἀνθρωπεία·</span> <span class='ocrx_word' id='word_1_197' title='bbox 1538 2703 1652 2775; x_wconf 78' lang='grc' dir='ltr'>ἥξει</span> <span class='ocrx_word' id='word_1_198' title='bbox 1706 2707 1810 2782; x_wconf 78' lang='grc' dir='ltr'>γὰρ</span> <span class='ocrx_word' id='word_1_199' title='bbox 1869 2707 1897 2761; x_wconf 87' lang='grc' dir='ltr'>ὁ</span> <span class='ocrx_word' id='word_1_200' title='bbox 1945 2707 2036 2762; x_wconf 85' lang='grc' dir='ltr'>ἀν-</span> 
     </span>
    </p>
   </div>
   <div class='ocr_carea' id='block_1_30' title="bbox 379 2793 2035 2871">
    <p class='ocr_par' dir='ltr' id='par_1_30' title="bbox 379 2793 2035 2871">
     <span class='ocr_line' id='line_1_30' title="bbox 379 2793 2035 2871; baseline 0.001 -21"><span class='ocrx_word' id='word_1_201' title='bbox 379 2793 760 2868; x_wconf 79' lang='grc' dir='ltr'>τιληψόμενος</span> <span class='ocrx_word' id='word_1_202' title='bbox 795 2795 969 2868; x_wconf 80' lang='grc' dir='ltr'>ὑμῶν,</span> <span class='ocrx_word' id='word_1_203' title='bbox 1001 2793 1116 2864; x_wconf 75' lang='grc' dir='ltr'>ἥξει</span> <span class='ocrx_word' id='word_1_204' title='bbox 1146 2794 1236 2848; x_wconf 81' lang='grc' dir='ltr'>καὶ</span> <span class='ocrx_word' id='word_1_205' title='bbox 1287 2794 1346 2848; x_wconf 77' lang='grc' dir='ltr'>οὐ</span> <span class='ocrx_word' id='word_1_206' title='bbox 1396 2800 1628 2871; x_wconf 82' lang='grc' dir='ltr'>χρονιεῖ.</span> <span class='ocrx_word' id='word_1_207' title='bbox 1656 2795 1873 2850; x_wconf 89' lang='grc' dir='ltr'>Τούτων</span> <span class='ocrx_word' id='word_1_208' title='bbox 1921 2796 2035 2852; x_wconf 82' lang='grc' dir='ltr'>τοί-</span> 
     </span>
    </p>
   </div>
   <div class='ocr_carea' id='block_1_31' title="bbox 380 2881 2037 2959">
    <p class='ocr_par' dir='ltr' id='par_1_31' title="bbox 380 2881 2037 2959">
     <span class='ocr_line' id='line_1_31' title="bbox 380 2881 2037 2959; baseline 0.002 -23"><span class='ocrx_word' id='word_1_209' title='bbox 380 2905 473 2938; x_wconf 83' lang='grc' dir='ltr'>νυν</span> <span class='ocrx_word' id='word_1_210' title='bbox 532 2888 639 2938; x_wconf 91' lang='grc' dir='ltr'>τῶν</span> <span class='ocrx_word' id='word_1_211' title='bbox 699 2881 855 2937; x_wconf 83' lang='grc' dir='ltr'>θείων</span> <span class='ocrx_word' id='word_1_212' title='bbox 916 2887 1109 2958; x_wconf 83' lang='grc' dir='ltr'>φωνῶν</span> <span class='ocrx_word' id='word_1_213' title='bbox 1168 2883 1302 2937; x_wconf 81' lang='grc' dir='ltr'>κατᾶ</span> <span class='ocrx_word' id='word_1_214' title='bbox 1351 2885 1413 2937; x_wconf 81' lang='grc' dir='ltr'>τὸ</span> <span class='ocrx_word' id='word_1_215' title='bbox 1439 2883 1624 2959; x_wconf 82' lang='grc' dir='ltr'>νοερὸν</span> <span class='ocrx_word' id='word_1_216' title='bbox 1659 2885 1808 2946; x_wconf 78' lang='grc' dir='ltr'>οὗςὸ</span> <span class='ocrx_word' id='word_1_217' title='bbox 1839 2881 2037 2959; x_wconf 79' lang='grc' dir='ltr'>Ἀϐρα-</span> 
     </span>
    </p>
   </div>
   <div class='ocr_carea' id='block_1_32' title="bbox 388 2967 2036 3052">
    <p class='ocr_par' dir='ltr' id='par_1_32' title="bbox 388 2967 2036 3052">
     <span class='ocr_line' id='line_1_32' title="bbox 388 2967 2036 3052; baseline 0.003 -28"><span class='ocrx_word' id='word_1_218' title='bbox 388 2977 570 3040; x_wconf 85' lang='grc' dir='ltr'>μιαῖος</span> <span class='ocrx_word' id='word_1_219' title='bbox 600 2971 802 3034; x_wconf 80' lang='grc' dir='ltr'>ἐκεῖνος</span> <span class='ocrx_word' id='word_1_220' title='bbox 836 2971 1067 3033; x_wconf 86' lang='grc' dir='ltr'>ἀκούσας</span> <span class='ocrx_word' id='word_1_221' title='bbox 1109 2967 1433 3046; x_wconf 71' lang='grc' dir='ltr'>πρεσϐύτης,</span> <span class='ocrx_word' id='word_1_222' title='bbox 1468 2977 1564 3027; x_wconf 78' lang='grc' dir='ltr'>τοῦ</span> <span class='ocrx_word' id='word_1_223' title='bbox 1609 2975 1797 3049; x_wconf 89' lang='grc' dir='ltr'>γήρως</span> <span class='ocrx_word' id='word_1_224' title='bbox 1855 2973 2036 3052; x_wconf 81' lang='grc' dir='ltr'>ὥσπερ</span> 
     </span>
    </p>
   </div>
   <div class='ocr_carea' id='block_1_33' title="bbox 383 3062 2034 3143">
    <p class='ocr_par' dir='ltr' id='par_1_33' title="bbox 383 3062 2034 3143">
     <span class='ocr_line' id='line_1_33' title="bbox 383 3062 2034 3143; baseline 0.002 -25"><span class='ocrx_word' id='word_1_225' title='bbox 383 3062 434 3118; x_wconf 83' lang='grc' dir='ltr'>έν</span> <span class='ocrx_word' id='word_1_226' title='bbox 490 3063 636 3139; x_wconf 80' lang='grc' dir='ltr'>λήθῃ</span> <span class='ocrx_word' id='word_1_227' title='bbox 689 3063 1003 3140; x_wconf 78' lang='grc' dir='ltr'>γενόμενος,</span> <span class='ocrx_word' id='word_1_228' title='bbox 1036 3065 1224 3119; x_wconf 82' lang='grc' dir='ltr'>θᾶττον</span> <span class='ocrx_word' id='word_1_229' title='bbox 1288 3066 1521 3141; x_wconf 81' lang='grc' dir='ltr'>ἀνέθορε,</span> <span class='ocrx_word' id='word_1_230' title='bbox 1581 3065 1670 3121; x_wconf 85' lang='grc' dir='ltr'>καὶ</span> <span class='ocrx_word' id='word_1_231' title='bbox 1727 3067 2034 3143; x_wconf 86' lang='grc' dir='ltr'>προθυμίας</span> 
     </span>
    </p>
   </div>
   <div class='ocr_carea' id='block_1_34' title="bbox 385 3149 2033 3233">
    <p class='ocr_par' dir='ltr' id='par_1_34' title="bbox 385 3149 2033 3233">
     <span class='ocr_line' id='line_1_34' title="bbox 385 3149 2033 3233; baseline 0.002 -27"><span class='ocrx_word' id='word_1_232' title='bbox 385 3151 515 3214; x_wconf 82' lang='grc' dir='ltr'>ὅλος</span> <span class='ocrx_word' id='word_1_233' title='bbox 548 3149 834 3221; x_wconf 76' lang='grc' dir='ltr'>πλησθεὶς,</span> <span class='ocrx_word' id='word_1_234' title='bbox 868 3151 1220 3227; x_wconf 83' lang='grc' dir='ltr'>γεγωνοτάτῃ</span> <span class='ocrx_word' id='word_1_235' title='bbox 1251 3157 1426 3231; x_wconf 76' lang='grc' dir='ltr'>φωνῇ·</span> <span class='ocrx_word' id='word_1_236' title='bbox 1455 3178 1480 3204; x_wconf 88' lang='grc'>‹‹</span> <span class='ocrx_word' id='word_1_237' title='bbox 1518 3154 1817 3229; x_wconf 85' lang='grc' dir='ltr'>’[σχύσατε,</span> <span class='ocrx_word' id='word_1_238' title='bbox 1850 3155 2033 3233; x_wconf 79' lang='grc' dir='ltr'>φησὶν,</span> 
     </span>
    </p>
   </div>
   <div class='ocr_carea' id='block_1_35' title="bbox 384 3241 2032 3320">
    <p class='ocr_par' dir='ltr' id='par_1_35' title="bbox 384 3241 2032 3320">
     <span class='ocr_line' id='line_1_35' title="bbox 384 3241 2032 3320; baseline 0.002 -24"><span class='ocrx_word' id='word_1_239' title='bbox 384 3243 660 3315; x_wconf 80' lang='grc' dir='ltr'>ἀνειμέναι</span> <span class='ocrx_word' id='word_1_240' title='bbox 716 3247 918 3317; x_wconf 86' lang='grc' dir='ltr'>χεῖρες,</span> <span class='ocrx_word' id='word_1_241' title='bbox 982 3241 1277 3317; x_wconf 76' lang='grc' dir='ltr'>ἰσχύσατε·</span> <span class='ocrx_word' id='word_1_242' title='bbox 1336 3242 1534 3318; x_wconf 69' lang='grc' dir='ltr'>γόνατα</span> <span class='ocrx_word' id='word_1_243' title='bbox 1589 3243 2032 3320; x_wconf 74' lang='grc' dir='ltr'>παραλελυμένοι,</span> 
     </span>
    </p>
   </div>
   <div class='ocr_carea' id='block_1_36' title="bbox 386 3330 2031 3408">
    <p class='ocr_par' dir='ltr' id='par_1_36' title="bbox 386 3330 2031 3408">
     <span class='ocr_line' id='line_1_36' title="bbox 386 3330 2031 3408; baseline 0.003 -24"><span class='ocrx_word' id='word_1_244' title='bbox 386 3330 749 3406; x_wconf 83' lang='grc' dir='ltr'>ἀνορθώθητε·</span> <span class='ocrx_word' id='word_1_245' title='bbox 806 3357 827 3384; x_wconf 73' lang='grc' dir='ltr'><strong><em>ι</em></strong></span> <span class='ocrx_word' id='word_1_246' title='bbox 881 3337 1088 3403; x_wconf 82' lang='grc' dir='ltr'>κνῆμαι</span> <span class='ocrx_word' id='word_1_247' title='bbox 1149 3332 1618 3406; x_wconf 87' lang='grc' dir='ltr'>συντετριμμέναι,</span> <span class='ocrx_word' id='word_1_248' title='bbox 1675 3335 2031 3408; x_wconf 77' lang='grc' dir='ltr'>κρατυνθῆτε,</span> 
     </span>
    </p>
   </div>
   <div class='ocr_carea' id='block_1_37' title="bbox 377 3414 2029 3496">
    <p class='ocr_par' dir='ltr' id='par_1_37' title="bbox 377 3414 2029 3496">
     <span class='ocr_line' id='line_1_37' title="bbox 377 3414 2029 3496; baseline 0.003 -23"><span class='ocrx_word' id='word_1_249' title='bbox 377 3415 616 3488; x_wconf 72' lang='grc' dir='ltr'>ἵνα,τήν</span> <span class='ocrx_word' id='word_1_250' title='bbox 678 3419 752 3482; x_wconf 80' lang='grc' dir='ltr'>εἷς</span> <span class='ocrx_word' id='word_1_251' title='bbox 811 3414 946 3490; x_wconf 70' lang='grc' dir='ltr'>ᾅδου</span> <span class='ocrx_word' id='word_1_252' title='bbox 1002 3420 1222 3496; x_wconf 81' lang='grc' dir='ltr'>πορείαν</span> <span class='ocrx_word' id='word_1_253' title='bbox 1281 3416 1594 3483; x_wconf 75' lang='grc' dir='ltr'>εὐθυϐόλως</span> <span class='ocrx_word' id='word_1_254' title='bbox 1625 3421 1900 3496; x_wconf 88' lang='grc' dir='ltr'>ἀνύσασαι,</span> <span class='ocrx_word' id='word_1_255' title='bbox 1932 3445 2029 3491; x_wconf 87' lang='grc' dir='ltr'>τη-</span> 
     </span>
    </p>
   </div>
   <div class='ocr_carea' id='block_1_38' title="bbox 381 3505 2028 3588">
    <p class='ocr_par' dir='ltr' id='par_1_38' title="bbox 381 3505 2028 3588">
     <span class='ocr_line' id='line_1_38' title="bbox 381 3505 2028 3588; baseline 0.002 -25"><span class='ocrx_word' id='word_1_256' title='bbox 381 3506 653 3564; x_wconf 78' lang='grc' dir='ltr'>λικούτων</span> <span class='ocrx_word' id='word_1_257' title='bbox 686 3508 904 3584; x_wconf 79' lang='grc' dir='ltr'>ἀγαθῶν</span> <span class='ocrx_word' id='word_1_258' title='bbox 934 3505 1161 3584; x_wconf 75' lang='grc' dir='ltr'>ἄγγελοι</span> <span class='ocrx_word' id='word_1_259' title='bbox 1210 3509 1596 3584; x_wconf 73' lang='grc' dir='ltr'>χρηματίσητε</span> <span class='ocrx_word' id='word_1_260' title='bbox 1650 3516 1766 3574; x_wconf 85' lang='grc' dir='ltr'>τοῖς</span> <span class='ocrx_word' id='word_1_261' title='bbox 1822 3511 2028 3588; x_wconf 77' lang='grc' dir='ltr'>προγό-</span> 
     </span>
    </p>
   </div>
   <div class='ocr_carea' id='block_1_39' title="bbox 379 3596 2030 3680">
    <p class='ocr_par' dir='ltr' id='par_1_39' title="bbox 379 3596 2030 3680">
     <span class='ocr_line' id='line_1_39' title="bbox 379 3596 2030 3680; baseline 0.002 -28"><span class='ocrx_word' id='word_1_262' title='bbox 379 3619 517 3660; x_wconf 85' lang='grc' dir='ltr'>νοις.</span> <span class='ocrx_word' id='word_1_263' title='bbox 551 3598 668 3655; x_wconf 65' lang='grc' dir='ltr'>Εῗθ’</span> <span class='ocrx_word' id='word_1_264' title='bbox 699 3598 774 3660; x_wconf 83' lang='grc' dir='ltr'>ὡς</span> <span class='ocrx_word' id='word_1_265' title='bbox 833 3598 951 3674; x_wconf 71' lang='grc' dir='ltr'>εἶχε</span> <span class='ocrx_word' id='word_1_266' title='bbox 998 3596 1202 3673; x_wconf 82' lang='grc' dir='ltr'>τάχους</span> <span class='ocrx_word' id='word_1_267' title='bbox 1231 3599 1366 3674; x_wconf 86' lang='grc' dir='ltr'>πρὸς</span> <span class='ocrx_word' id='word_1_268' title='bbox 1396 3599 1458 3653; x_wconf 85' lang='grc' dir='ltr'>τὸ</span> <span class='ocrx_word' id='word_1_269' title='bbox 1491 3601 1632 3654; x_wconf 88' lang='grc' dir='ltr'>θεῖον</span> <span class='ocrx_word' id='word_1_270' title='bbox 1689 3599 2030 3680; x_wconf 67' lang='grc' dir='ltr'>ἐπιστραφεὶς</span> 
     </span>
    </p>
   </div>
   <div class='ocr_carea' id='block_1_40' title="bbox 385 3683 2026 3766">
    <p class='ocr_par' dir='ltr' id='par_1_40' title="bbox 385 3683 2026 3766">
     <span class='ocr_line' id='line_1_40' title="bbox 385 3683 2026 3766; baseline 0.002 -24"><span class='ocrx_word' id='word_1_271' title='bbox 385 3687 603 3765; x_wconf 79' lang='grc' dir='ltr'>βρέφος·</span> <span class='ocrx_word' id='word_1_272' title='bbox 642 3711 666 3742; x_wconf 76' lang='grc' dir='ltr'>σ</span> <span class='ocrx_word' id='word_1_273' title='bbox 695 3691 802 3742; x_wconf 85' lang='grc' dir='ltr'>Νὖν</span> <span class='ocrx_word' id='word_1_274' title='bbox 836 3686 1118 3758; x_wconf 85' lang='grc' dir='ltr'>ἀπολύεις,</span> <span class='ocrx_word' id='word_1_275' title='bbox 1138 3683 1365 3766; x_wconf 76' lang='grc' dir='ltr'>ἔφη,τὸν</span> <span class='ocrx_word' id='word_1_276' title='bbox 1399 3686 1595 3745; x_wconf 67' lang='grc' dir='ltr'>δοῦλόν</span> <span class='ocrx_word' id='word_1_277' title='bbox 1630 3711 1745 3750; x_wconf 85' lang='grc' dir='ltr'>σου.</span> <span class='ocrx_word' id='word_1_278' title='bbox 1767 3691 2026 3761; x_wconf 88' lang='grc' dir='ltr'>Δέσποτα,</span> 
     </span>
    </p>
   </div>
   <div class='ocr_carea' id='block_1_41' title="bbox 378 3775 2031 3857">
    <p class='ocr_par' dir='ltr' id='par_1_41' title="bbox 378 3775 2031 3857">
     <span class='ocr_line' id='line_1_41' title="bbox 378 3775 2031 3857; baseline 0.002 -26"><span class='ocrx_word' id='word_1_279' title='bbox 378 3778 516 3831; x_wconf 81' lang='grc' dir='ltr'>κατᾶ</span> <span class='ocrx_word' id='word_1_280' title='bbox 540 3777 602 3831; x_wconf 84' lang='grc' dir='ltr'>τὸ</span> <span class='ocrx_word' id='word_1_281' title='bbox 636 3775 789 3853; x_wconf 75' lang='grc' dir='ltr'>ῥῆμά</span> <span class='ocrx_word' id='word_1_282' title='bbox 821 3798 916 3831; x_wconf 84' lang='grc' dir='ltr'>σου</span> <span class='ocrx_word' id='word_1_283' title='bbox 970 3776 1021 3832; x_wconf 84' lang='grc' dir='ltr'>έν</span> <span class='ocrx_word' id='word_1_284' title='bbox 1064 3777 1270 3852; x_wconf 76' lang='grc' dir='ltr'>εἰρήνῃ·</span> <span class='ocrx_word' id='word_1_285' title='bbox 1307 3776 1389 3833; x_wconf 79' lang='grc' dir='ltr'>ὅτι</span> <span class='ocrx_word' id='word_1_286' title='bbox 1453 3776 1591 3833; x_wconf 60' lang='grc' dir='ltr'>εἶδον</span> <span class='ocrx_word' id='word_1_287' title='bbox 1647 3780 1698 3833; x_wconf 76' lang='grc' dir='ltr'>οἱ</span> <span class='ocrx_word' id='word_1_288' title='bbox 1757 3779 2031 3857; x_wconf 72' lang='grc' dir='ltr'>ὀφθαλμοί</span> 
     </span>
    </p>
   </div>
   <div class='ocr_carea' id='block_1_42' title="bbox 386 3865 2028 3944">
    <p class='ocr_par' dir='ltr' id='par_1_42' title="bbox 386 3865 2028 3944">
     <span class='ocr_line' id='line_1_42' title="bbox 386 3865 2028 3944; baseline 0.002 -24"><span class='ocrx_word' id='word_1_289' title='bbox 386 3887 490 3939; x_wconf 87' lang='grc' dir='ltr'>μου</span> <span class='ocrx_word' id='word_1_290' title='bbox 547 3866 610 3920; x_wconf 87' lang='grc' dir='ltr'>τὸ</span> <span class='ocrx_word' id='word_1_291' title='bbox 669 3865 937 3941; x_wconf 70' lang='grc' dir='ltr'>σωτήριόν</span> <span class='ocrx_word' id='word_1_292' title='bbox 996 3885 1111 3920; x_wconf 92' lang='grc' dir='ltr'>σου·</span> <span class='ocrx_word' id='word_1_293' title='bbox 1145 3866 1174 3920; x_wconf 77' lang='grc' dir='ltr'>ὃ</span> <span class='ocrx_word' id='word_1_294' title='bbox 1205 3865 1507 3939; x_wconf 78' lang='grc' dir='ltr'>ἡτοίμασας</span> <span class='ocrx_word' id='word_1_295' title='bbox 1553 3868 1690 3922; x_wconf 84' lang='grc' dir='ltr'>κατὰ</span> <span class='ocrx_word' id='word_1_296' title='bbox 1736 3869 2028 3944; x_wconf 85' lang='grc' dir='ltr'>πρόσωπον</span> 
     </span>
    </p>
   </div>
   <div class='ocr_carea' id='block_1_43' title="bbox 379 3952 2029 4033">
    <p class='ocr_par' dir='ltr' id='par_1_43' title="bbox 379 3952 2029 4033">
     <span class='ocr_line' id='line_1_43' title="bbox 379 3952 2029 4033; baseline 0.003 -26"><span class='ocrx_word' id='word_1_297' title='bbox 379 3952 592 4008; x_wconf 78' lang='grc' dir='ltr'>πάντων</span> <span class='ocrx_word' id='word_1_298' title='bbox 650 3958 756 4009; x_wconf 85' lang='grc' dir='ltr'>τῶν</span> <span class='ocrx_word' id='word_1_299' title='bbox 809 3952 980 4010; x_wconf 79' lang='grc' dir='ltr'>λαῶν·</span> <span class='ocrx_word' id='word_1_300' title='bbox 1023 3958 1138 4033; x_wconf 70' lang='grc' dir='ltr'>φῶς</span> <span class='ocrx_word' id='word_1_301' title='bbox 1189 3955 1264 4016; x_wconf 87' lang='grc' dir='ltr'>εἰς</span> <span class='ocrx_word' id='word_1_302' title='bbox 1304 3954 1648 4030; x_wconf 77' lang='grc' dir='ltr'>ἀποκάλυψιν</span> <span class='ocrx_word' id='word_1_303' title='bbox 1703 3957 1890 4026; x_wconf 80' lang='grc' dir='ltr'>ἐθνῶν,</span> <span class='ocrx_word' id='word_1_304' title='bbox 1939 3958 2029 4013; x_wconf 84' lang='grc' dir='ltr'>καὶ</span> 
     </span>
    </p>
   </div>
   <div class='ocr_carea' id='block_1_44' title="bbox 381 4041 2028 4120">
    <p class='ocr_par' dir='ltr' id='par_1_44' title="bbox 381 4041 2028 4120">
     <span class='ocr_line' id='line_1_44' title="bbox 381 4041 2028 4120; baseline 0.004 -24"><span class='ocrx_word' id='word_1_305' title='bbox 381 4041 535 4113; x_wconf 74' lang='grc' dir='ltr'>δόξαν</span> <span class='ocrx_word' id='word_1_306' title='bbox 596 4048 691 4098; x_wconf 71' lang='grc' dir='ltr'>τοῦ</span> <span class='ocrx_word' id='word_1_307' title='bbox 750 4043 885 4099; x_wconf 78' lang='grc' dir='ltr'>λαοῦ</span> <span class='ocrx_word' id='word_1_308' title='bbox 946 4065 1043 4099; x_wconf 91' lang='grc' dir='ltr'>σου</span> <span class='ocrx_word' id='word_1_309' title='bbox 1101 4044 1342 4120; x_wconf 80' lang='grc' dir='ltr'>Ἰσραήλ.</span> <span class='ocrx_word' id='word_1_310' title='bbox 1377 4070 1404 4096; x_wconf 87' lang='grc'>››</span> <span class='ocrx_word' id='word_1_311' title='bbox 1459 4046 1524 4099; x_wconf 89' lang='grc' dir='ltr'><strong>Ὢ</strong></span> <span class='ocrx_word' id='word_1_312' title='bbox 1572 4049 1672 4116; x_wconf 78' lang='grc' dir='ltr'>τῆς</span> <span class='ocrx_word' id='word_1_313' title='bbox 1722 4047 1950 4116; x_wconf 75' lang='grc' dir='ltr'>ζέσεωςί</span> <span class='ocrx_word' id='word_1_314' title='bbox 1985 4045 2028 4102; x_wconf 82' lang='grc' dir='ltr'><strong>ὣ</strong></span> 
     </span>
    </p>
   </div>
   <div class='ocr_carea' id='block_1_45' title="bbox 377 4130 2027 4212">
    <p class='ocr_par' dir='ltr' id='par_1_45' title="bbox 377 4130 2027 4212">
     <span class='ocr_line' id='line_1_45' title="bbox 377 4130 2027 4212; baseline 0.003 -26"><span class='ocrx_word' id='word_1_315' title='bbox 377 4140 479 4201; x_wconf 69' lang='grc' dir='ltr'>τῆς</span> <span class='ocrx_word' id='word_1_316' title='bbox 529 4132 909 4208; x_wconf 80' lang='grc' dir='ltr'>θερμύτητοςί</span> <span class='ocrx_word' id='word_1_317' title='bbox 961 4130 1182 4204; x_wconf 82' lang='grc' dir='ltr'>Ἐπειδή</span> <span class='ocrx_word' id='word_1_318' title='bbox 1248 4155 1354 4206; x_wconf 88' lang='grc' dir='ltr'>σοι,</span> <span class='ocrx_word' id='word_1_319' title='bbox 1416 4134 1601 4212; x_wconf 72' lang='grc' dir='ltr'>φησὶν,</span> <span class='ocrx_word' id='word_1_320' title='bbox 1664 4135 1708 4188; x_wconf 81' lang='grc' dir='ltr'>ὦ</span> <span class='ocrx_word' id='word_1_321' title='bbox 1763 4136 2027 4208; x_wconf 86' lang='grc' dir='ltr'>Δέσποτα,</span> 
     </span>
    </p>
   </div>
   <div class='ocr_carea' id='block_1_46' title="bbox 375 4219 2026 4302">
    <p class='ocr_par' dir='ltr' id='par_1_46' title="bbox 375 4219 2026 4302">
     <span class='ocr_line' id='line_1_46' title="bbox 375 4219 2026 4302; baseline 0.001 -26"><span class='ocrx_word' id='word_1_322' title='bbox 375 4226 544 4276; x_wconf 74' lang='grc' dir='ltr'>ταῦτα</span> <span class='ocrx_word' id='word_1_323' title='bbox 574 4219 742 4293; x_wconf 82' lang='grc' dir='ltr'>ἔδοξε,</span> <span class='ocrx_word' id='word_1_324' title='bbox 775 4222 864 4276; x_wconf 85' lang='grc' dir='ltr'>καὶ</span> <span class='ocrx_word' id='word_1_325' title='bbox 895 4221 1114 4291; x_wconf 73' lang='grc' dir='ltr'>ἐλεῆσαι</span> <span class='ocrx_word' id='word_1_326' title='bbox 1144 4222 1208 4276; x_wconf 82' lang='grc' dir='ltr'>τὸ</span> <span class='ocrx_word' id='word_1_327' title='bbox 1239 4223 1328 4276; x_wconf 87' lang='grc' dir='ltr'>σὸν</span> <span class='ocrx_word' id='word_1_328' title='bbox 1385 4223 1486 4278; x_wconf 85' lang='grc' dir='ltr'>ὑπὸ</span> <span class='ocrx_word' id='word_1_329' title='bbox 1543 4229 1643 4292; x_wconf 83' lang='grc' dir='ltr'>τῆς</span> <span class='ocrx_word' id='word_1_330' title='bbox 1702 4222 1841 4286; x_wconf 79' lang='grc' dir='ltr'>ἰδίας</span> <span class='ocrx_word' id='word_1_331' title='bbox 1901 4222 2026 4302; x_wconf 76' lang='grc' dir='ltr'>φιλ-</span> 
     </span>
    </p>
   </div>
   <div class='ocr_carea' id='block_1_47' title="bbox 379 4309 2028 4387">
    <p class='ocr_par' dir='ltr' id='par_1_47' title="bbox 379 4309 2028 4387">
     <span class='ocr_line' id='line_1_47' title="bbox 379 4309 2028 4387; baseline 0.004 -23"><span class='ocrx_word' id='word_1_332' title='bbox 379 4311 689 4386; x_wconf 84' lang='grc' dir='ltr'>ανθρωπίας</span> <span class='ocrx_word' id='word_1_333' title='bbox 719 4310 996 4382; x_wconf 81' lang='grc' dir='ltr'>κεκίνησαι</span> <span class='ocrx_word' id='word_1_334' title='bbox 1028 4309 1274 4384; x_wconf 83' lang='grc' dir='ltr'>πλάσμα,</span> <span class='ocrx_word' id='word_1_335' title='bbox 1307 4310 1412 4386; x_wconf 84' lang='grc' dir='ltr'>ἐγώ</span> <span class='ocrx_word' id='word_1_336' title='bbox 1442 4333 1498 4367; x_wconf 91' lang='grc' dir='ltr'>τε</span> <span class='ocrx_word' id='word_1_337' title='bbox 1545 4314 1667 4387; x_wconf 81' lang='grc' dir='ltr'>περὶ</span> <span class='ocrx_word' id='word_1_338' title='bbox 1718 4313 1812 4375; x_wconf 75' lang='grc' dir='ltr'>τὰς</span> <span class='ocrx_word' id='word_1_339' title='bbox 1873 4313 2028 4370; x_wconf 83' lang='grc' dir='ltr'>ἐλπί-</span> 
     </span>
    </p>
   </div>
   <div class='ocr_carea' id='block_1_48' title="bbox 377 4397 2026 4479">
    <p class='ocr_par' dir='ltr' id='par_1_48' title="bbox 377 4397 2026 4479">
     <span class='ocr_line' id='line_1_48' title="bbox 377 4397 2026 4479; baseline 0.004 -26"><span class='ocrx_word' id='word_1_340' title='bbox 377 4397 470 4461; x_wconf 87' lang='grc' dir='ltr'>δας</span> <span class='ocrx_word' id='word_1_341' title='bbox 503 4399 602 4455; x_wconf 78' lang='grc' dir='ltr'>οὐκ</span> <span class='ocrx_word' id='word_1_342' title='bbox 632 4399 895 4474; x_wconf 74' lang='grc' dir='ltr'>ἐψεύσθην</span> <span class='ocrx_word' id='word_1_343' title='bbox 929 4402 1062 4474; x_wconf 82' lang='grc'>(43),</span> <span class='ocrx_word' id='word_1_344' title='bbox 1097 4401 1184 4454; x_wconf 75' lang='grc' dir='ltr'>καὶ</span> <span class='ocrx_word' id='word_1_345' title='bbox 1221 4399 1247 4455; x_wconf 77' lang='grc' dir='ltr'>ὁ</span> <span class='ocrx_word' id='word_1_346' title='bbox 1278 4406 1373 4456; x_wconf 80' lang='grc' dir='ltr'>τοῦ</span> <span class='ocrx_word' id='word_1_347' title='bbox 1432 4401 1575 4457; x_wconf 82' lang='grc' dir='ltr'>θείου</span> <span class='ocrx_word' id='word_1_348' title='bbox 1633 4405 2026 4479; x_wconf 85' lang='grc' dir='ltr'>χρηματισμὸς</span> 
     </span>
    </p>
   </div>
   <div class='ocr_carea' id='block_1_49' title="bbox 378 4488 2028 4567">
    <p class='ocr_par' dir='ltr' id='par_1_49' title="bbox 378 4488 2028 4567">
     <span class='ocr_line' id='line_1_49' title="bbox 378 4488 2028 4567; baseline 0.003 -23"><span class='ocrx_word' id='word_1_349' title='bbox 378 4489 690 4562; x_wconf 84' lang='grc' dir='ltr'>Πνεύματος</span> <span class='ocrx_word' id='word_1_350' title='bbox 742 4489 1200 4567; x_wconf 81' lang='grc' dir='ltr'>ἀπαραχάρακτος</span> <span class='ocrx_word' id='word_1_351' title='bbox 1258 4488 1483 4563; x_wconf 74' lang='grc' dir='ltr'>ἔμεινεν·</span> <span class='ocrx_word' id='word_1_352' title='bbox 1518 4491 1797 4548; x_wconf 75' lang='grc' dir='ltr'>ἀπόλυσόν.</span> <span class='ocrx_word' id='word_1_353' title='bbox 1851 4516 1918 4566; x_wconf 86' lang='grc' dir='ltr'>με</span> <span class='ocrx_word' id='word_1_354' title='bbox 1965 4495 2028 4550; x_wconf 87' lang='grc' dir='ltr'>τὸ</span> 
     </span>
    </p>
   </div>
   <div class='ocr_carea' id='block_1_50' title="bbox 373 4578 2027 4659">
    <p class='ocr_par' dir='ltr' id='par_1_50' title="bbox 373 4578 2027 4659">
     <span class='ocr_line' id='line_1_50' title="bbox 373 4578 2027 4659; baseline 0.004 -25"><span class='ocrx_word' id='word_1_355' title='bbox 373 4579 567 4655; x_wconf 85' lang='grc' dir='ltr'>τάχος·</span> <span class='ocrx_word' id='word_1_356' title='bbox 603 4578 902 4650; x_wconf 81' lang='grc' dir='ltr'>ἀπόλυσον,</span> <span class='ocrx_word' id='word_1_357' title='bbox 935 4578 1147 4653; x_wconf 88' lang='grc' dir='ltr'>δέομαι.</span> <span class='ocrx_word' id='word_1_358' title='bbox 1183 4583 1273 4652; x_wconf 79' lang='grc' dir='ltr'>Μή</span> <span class='ocrx_word' id='word_1_359' title='bbox 1329 4604 1395 4654; x_wconf 86' lang='grc' dir='ltr'>με</span> <span class='ocrx_word' id='word_1_360' title='bbox 1442 4583 1673 4659; x_wconf 77' lang='grc' dir='ltr'>κατέχῃς</span> <span class='ocrx_word' id='word_1_361' title='bbox 1723 4583 1809 4639; x_wconf 81' lang='grc' dir='ltr'>ἐπὶ</span> <span class='ocrx_word' id='word_1_362' title='bbox 1859 4585 2027 4656; x_wconf 79' lang='grc' dir='ltr'>πολὺ,</span> 
     </span>
    </p>
   </div>
   <div class='ocr_carea' id='block_1_51' title="bbox 2143 649 3788 724">
    <p class='ocr_par' dir='ltr' id='par_1_51' title="bbox 2143 649 3788 724">
     <span class='ocr_line' id='line_1_51' title="bbox 2143 649 3788 724; baseline -0.003 -18"><span class='ocrx_word' id='word_1_363' title='bbox 2143 667 2275 707; x_wconf 89' lang='lat' dir='ltr'>nem</span> <span class='ocrx_word' id='word_1_364' title='bbox 2317 652 2651 724; x_wconf 86' lang='lat' dir='ltr'>conspicere</span> <span class='ocrx_word' id='word_1_365' title='bbox 2701 652 3113 709; x_wconf 82' lang='lat' dir='ltr'>miserabiliter</span> <span class='ocrx_word' id='word_1_366' title='bbox 3162 669 3194 707; x_wconf 90' lang='lat' dir='ltr'>a</span> <span class='ocrx_word' id='word_1_367' title='bbox 3250 649 3615 706; x_wconf 75' lang='lat' dir='ltr'>daemonibus</span> <span class='ocrx_word' id='word_1_368' title='bbox 3660 649 3788 702; x_wconf 75' lang='lat' dir='ltr'>vin~</span> 
     </span>
    </p>
   </div>
   <div class='ocr_carea' id='block_1_52' title="bbox 2141 739 3790 814">
    <p class='ocr_par' dir='ltr' id='par_1_52' title="bbox 2141 739 3790 814">
     <span class='ocr_line' id='line_1_52' title="bbox 2141 739 3790 814; baseline -0.002 -18"><span class='ocrx_word' id='word_1_369' title='bbox 2141 744 2293 796; x_wconf 83' lang='lat' dir='ltr'>ctam</span> <span class='ocrx_word' id='word_1_370' title='bbox 2330 757 2342 795; x_wconf 89' lang='lat'><strong>:</strong></span> <span class='ocrx_word' id='word_1_371' title='bbox 2380 743 2533 813; x_wconf 90' lang='lat' dir='ltr'>quod</span> <span class='ocrx_word' id='word_1_372' title='bbox 2554 758 2668 797; x_wconf 91' lang='lat' dir='ltr'>non</span> <span class='ocrx_word' id='word_1_373' title='bbox 2704 743 2883 798; x_wconf 86' lang='lat' dir='ltr'>feram</span> <span class='ocrx_word' id='word_1_374' title='bbox 2901 747 3115 814; x_wconf 84' lang='lat' dir='ltr'>Regem</span> <span class='ocrx_word' id='word_1_375' title='bbox 3149 747 3427 796; x_wconf 68' lang='lat' dir='ltr'>creaturae</span> <span class='ocrx_word' id='word_1_376' title='bbox 3458 739 3790 810; x_wconf 82' lang='lat' dir='ltr'>conspicere</span> 
     </span>
    </p>
   </div>
   <div class='ocr_carea' id='block_1_53' title="bbox 2141 829 3786 903">
    <p class='ocr_par' dir='ltr' id='par_1_53' title="bbox 2141 829 3786 903">
     <span class='ocr_line' id='line_1_53' title="bbox 2141 829 3786 903; baseline -0.002 -18"><span class='ocrx_word' id='word_1_377' title='bbox 2141 829 2256 903; x_wconf 84' lang='lat' dir='ltr'>ipsi</span> <span class='ocrx_word' id='word_1_378' title='bbox 2287 835 2566 887; x_wconf 64' lang='lat' dir='ltr'>creaturis</span> <span class='ocrx_word' id='word_1_379' title='bbox 2599 833 2810 887; x_wconf 83' lang='lat' dir='ltr'>misere</span> <span class='ocrx_word' id='word_1_380' title='bbox 2845 832 3193 888; x_wconf 77' lang='lat' dir='ltr'>servientem</span> <span class='ocrx_word' id='word_1_381' title='bbox 3227 849 3240 886; x_wconf 90' lang='lat'><strong>:</strong></span> <span class='ocrx_word' id='word_1_382' title='bbox 3274 831 3426 901; x_wconf 93' lang='lat' dir='ltr'>quod</span> <span class='ocrx_word' id='word_1_383' title='bbox 3461 845 3576 884; x_wconf 89' lang='lat' dir='ltr'>non</span> <span class='ocrx_word' id='word_1_384' title='bbox 3609 829 3786 884; x_wconf 85' lang='lat' dir='ltr'>susti-</span> 
     </span>
    </p>
   </div>
   <div class='ocr_carea' id='block_1_54' title="bbox 2143 919 3792 992">
    <p class='ocr_par' dir='ltr' id='par_1_54' title="bbox 2143 919 3792 992">
     <span class='ocr_line' id='line_1_54' title="bbox 2143 919 3792 992; baseline -0.002 -17"><span class='ocrx_word' id='word_1_385' title='bbox 2143 936 2313 975; x_wconf 88' lang='lat' dir='ltr'>neam</span> <span class='ocrx_word' id='word_1_386' title='bbox 2329 926 2658 992; x_wconf 89' lang='lat' dir='ltr'>apostatam</span> <span class='ocrx_word' id='word_1_387' title='bbox 2680 920 2848 976; x_wconf 91' lang='lat' dir='ltr'>illum</span> <span class='ocrx_word' id='word_1_388' title='bbox 2882 925 3058 992; x_wconf 87' lang='lat' dir='ltr'>atque</span> <span class='ocrx_word' id='word_1_389' title='bbox 3091 919 3408 992; x_wconf 89' lang='lat' dir='ltr'>superbum</span> <span class='ocrx_word' id='word_1_390' title='bbox 3437 934 3669 974; x_wconf 91' lang='lat' dir='ltr'>cernere</span> <span class='ocrx_word' id='word_1_391' title='bbox 3694 919 3792 972; x_wconf 88' lang='lat' dir='ltr'>ad-</span> 
     </span>
    </p>
   </div>
   <div class='ocr_carea' id='block_1_55' title="bbox 2142 1006 3789 1083">
    <p class='ocr_par' dir='ltr' id='par_1_55' title="bbox 2142 1006 3789 1083">
     <span class='ocr_line' id='line_1_55' title="bbox 2142 1006 3789 1083; baseline -0.004 -18"><span class='ocrx_word' id='word_1_392' title='bbox 2142 1026 2347 1066; x_wconf 86' lang='lat' dir='ltr'>versus</span> <span class='ocrx_word' id='word_1_393' title='bbox 2379 1009 2676 1083; x_wconf 86' lang='lat' dir='ltr'>opiﬁcium</span> <span class='ocrx_word' id='word_1_394' title='bbox 2709 1027 2905 1066; x_wconf 90' lang='lat' dir='ltr'>meum</span> <span class='ocrx_word' id='word_1_395' title='bbox 2939 1008 3184 1066; x_wconf 84' lang='lat' dir='ltr'>subdole</span> <span class='ocrx_word' id='word_1_396' title='bbox 3217 1007 3634 1080; x_wconf 78' lang='lat' dir='ltr'>insurgentem.</span> <span class='ocrx_word' id='word_1_397' title='bbox 3660 1006 3789 1061; x_wconf 72' lang='lat' dir='ltr'>Haec</span> 
     </span>
    </p>
   </div>
   <div class='ocr_carea' id='block_1_56' title="bbox 2145 1094 3792 1172">
    <p class='ocr_par' dir='ltr' id='par_1_56' title="bbox 2145 1094 3792 1172">
     <span class='ocr_line' id='line_1_56' title="bbox 2145 1094 3792 1172; baseline -0.002 -18"><span class='ocrx_word' id='word_1_398' title='bbox 2145 1115 2239 1154; x_wconf 91' lang='lat' dir='ltr'>me</span> <span class='ocrx_word' id='word_1_399' title='bbox 2274 1116 2341 1155; x_wconf 86' lang='lat' dir='ltr'>ex</span> <span class='ocrx_word' id='word_1_400' title='bbox 2373 1105 2611 1172; x_wconf 78' lang='lat' dir='ltr'>paterno</span> <span class='ocrx_word' id='word_1_401' title='bbox 2655 1101 2789 1156; x_wconf 85' lang='lat' dir='ltr'>sinu</span> <span class='ocrx_word' id='word_1_402' title='bbox 2838 1100 3184 1168; x_wconf 82' lang='lat' dir='ltr'>excitarunt,</span> <span class='ocrx_word' id='word_1_403' title='bbox 3221 1097 3355 1152; x_wconf 87' lang='lat' dir='ltr'>licet</span> <span class='ocrx_word' id='word_1_404' title='bbox 3384 1097 3520 1152; x_wconf 90' lang='lat' dir='ltr'>inde</span> <span class='ocrx_word' id='word_1_405' title='bbox 3551 1094 3792 1150; x_wconf 89' lang='lat' dir='ltr'>minimc</span> 
     </span>
    </p>
   </div>
   <div class='ocr_carea' id='block_1_57' title="bbox 2144 1186 3794 1261">
    <p class='ocr_par' dir='ltr' id='par_1_57' title="bbox 2144 1186 3794 1261">
     <span class='ocr_line' id='line_1_57' title="bbox 2144 1186 3794 1261; baseline -0.005 -17"><span class='ocrx_word' id='word_1_406' title='bbox 2144 1188 2516 1244; x_wconf 85' lang='lat' dir='ltr'>discesserim</span> <span class='ocrx_word' id='word_1_407' title='bbox 2559 1193 2734 1261; x_wconf 90' lang='lat' dir='ltr'>atque</span> <span class='ocrx_word' id='word_1_408' title='bbox 2775 1205 2973 1244; x_wconf 91' lang='lat' dir='ltr'>meum</span> <span class='ocrx_word' id='word_1_409' title='bbox 3019 1189 3090 1244; x_wconf 90' lang='lat' dir='ltr'>ad</span> <span class='ocrx_word' id='word_1_410' title='bbox 3144 1204 3243 1243; x_wconf 83' lang='lat' dir='ltr'>vos</span> <span class='ocrx_word' id='word_1_411' title='bbox 3294 1186 3351 1242; x_wconf 91' lang='lat' dir='ltr'>in</span> <span class='ocrx_word' id='word_1_412' title='bbox 3401 1202 3574 1241; x_wconf 88' lang='lat' dir='ltr'>carne</span> <span class='ocrx_word' id='word_1_413' title='bbox 3607 1186 3794 1257; x_wconf 85' lang='lat' dir='ltr'>prol&#39;e-</span> 
     </span>
    </p>
   </div>
   <div class='ocr_carea' id='block_1_58' title="bbox 2144 1275 3797 1346">
    <p class='ocr_par' dir='ltr' id='par_1_58' title="bbox 2144 1275 3797 1346">
     <span class='ocr_line' id='line_1_58' title="bbox 2144 1275 3797 1346; baseline -0.004 -12"><span class='ocrx_word' id='word_1_414' title='bbox 2144 1282 2303 1334; x_wconf 89' lang='lat' dir='ltr'>ctum</span> <span class='ocrx_word' id='word_1_415' title='bbox 2336 1278 2810 1334; x_wconf 67' lang='lat' dir='ltr'>effeceruntﬂmc</span> <span class='ocrx_word' id='word_1_416' title='bbox 2835 1279 2891 1333; x_wconf 90' lang='lat' dir='ltr'>in</span> <span class='ocrx_word' id='word_1_417' title='bbox 2923 1294 3105 1334; x_wconf 90' lang='lat' dir='ltr'>causa</span> <span class='ocrx_word' id='word_1_418' title='bbox 3134 1277 3390 1343; x_wconf 84' lang='lat' dir='ltr'>fuerunt,</span> <span class='ocrx_word' id='word_1_419' title='bbox 3423 1275 3574 1346; x_wconf 89' lang='lat' dir='ltr'>quod</span> <span class='ocrx_word' id='word_1_420' title='bbox 3601 1279 3797 1339; x_wconf 88' lang='lat' dir='ltr'>natus,</span> 
     </span>
    </p>
   </div>
   <div class='ocr_carea' id='block_1_59' title="bbox 2145 1361 3802 1438">
    <p class='ocr_par' dir='ltr' id='par_1_59' title="bbox 2145 1361 3802 1438">
     <span class='ocr_line' id='line_1_59' title="bbox 2145 1361 3802 1438; baseline -0.005 -14"><span class='ocrx_word' id='word_1_421' title='bbox 2145 1368 2342 1424; x_wconf 83' lang='lat' dir='ltr'>infans</span> <span class='ocrx_word' id='word_1_422' title='bbox 2373 1369 2593 1436; x_wconf 87' lang='lat' dir='ltr'>ﬁerem,</span> <span class='ocrx_word' id='word_1_423' title='bbox 2632 1369 2686 1423; x_wconf 92' lang='lat' dir='ltr'>in</span> <span class='ocrx_word' id='word_1_424' title='bbox 2742 1367 2956 1438; x_wconf 86' lang='lat' dir='ltr'>templo</span> <span class='ocrx_word' id='word_1_425' title='bbox 2997 1367 3253 1433; x_wconf 84' lang='lat' dir='ltr'>eisterer,</span> <span class='ocrx_word' id='word_1_426' title='bbox 3289 1364 3524 1436; x_wconf 80' lang='lat' dir='ltr'>tuisque</span> <span class='ocrx_word' id='word_1_427' title='bbox 3552 1364 3613 1418; x_wconf 93' lang='lat' dir='ltr'>in</span> <span class='ocrx_word' id='word_1_428' title='bbox 3646 1361 3802 1418; x_wconf 84' lang='lat' dir='ltr'>ulnis</span> 
     </span>
    </p>
   </div>
   <div class='ocr_carea' id='block_1_60' title="bbox 2147 1455 3803 1528">
    <p class='ocr_par' dir='ltr' id='par_1_60' title="bbox 2147 1455 3803 1528">
     <span class='ocr_line' id='line_1_60' title="bbox 2147 1455 3803 1528; baseline -0.004 -15"><span class='ocrx_word' id='word_1_429' title='bbox 2147 1457 2481 1513; x_wconf 88' lang='lat' dir='ltr'>reclinarer.</span> <span class='ocrx_word' id='word_1_430' title='bbox 2519 1457 2644 1515; x_wconf 84' lang='lat' dir='ltr'>Non</span> <span class='ocrx_word' id='word_1_431' title='bbox 2675 1457 2833 1513; x_wconf 89' lang='lat' dir='ltr'>enim</span> <span class='ocrx_word' id='word_1_432' title='bbox 2867 1457 3012 1513; x_wconf 85' lang='lat' dir='ltr'>alias</span> <span class='ocrx_word' id='word_1_433' title='bbox 3047 1455 3165 1512; x_wconf 89' lang='lat' dir='ltr'>ﬁeri</span> <span class='ocrx_word' id='word_1_434' title='bbox 3200 1455 3392 1528; x_wconf 92' lang='lat' dir='ltr'>potuit</span> <span class='ocrx_word' id='word_1_435' title='bbox 3424 1458 3487 1509; x_wconf 90' lang='lat' dir='ltr'>ut</span> <span class='ocrx_word' id='word_1_436' title='bbox 3515 1458 3803 1526; x_wconf 73' lang='lat' dir='ltr'>tyrannus</span> 
     </span>
    </p>
   </div>
   <div class='ocr_carea' id='block_1_61' title="bbox 2145 1541 3800 1619">
    <p class='ocr_par' dir='ltr' id='par_1_61' title="bbox 2145 1541 3800 1619">
     <span class='ocr_line' id='line_1_61' title="bbox 2145 1541 3800 1619; baseline -0.004 -16"><span class='ocrx_word' id='word_1_437' title='bbox 2145 1547 2544 1619; x_wconf 75' lang='lat' dir='ltr'>colligeretur,</span> <span class='ocrx_word' id='word_1_438' title='bbox 2599 1552 2778 1618; x_wconf 89' lang='lat' dir='ltr'>utque</span> <span class='ocrx_word' id='word_1_439' title='bbox 2828 1564 2969 1603; x_wconf 88' lang='lat' dir='ltr'>vasa</span> <span class='ocrx_word' id='word_1_440' title='bbox 3019 1545 3178 1602; x_wconf 90' lang='lat' dir='ltr'>illius</span> <span class='ocrx_word' id='word_1_441' title='bbox 3221 1544 3652 1616; x_wconf 86' lang='lat' dir='ltr'>diriperentur;</span> <span class='ocrx_word' id='word_1_442' title='bbox 3687 1541 3800 1596; x_wconf 90' lang='lat' dir='ltr'>nisi</span> 
     </span>
    </p>
   </div>
   <div class='ocr_carea' id='block_1_62' title="bbox 2147 1631 3802 1709">
    <p class='ocr_par' dir='ltr' id='par_1_62' title="bbox 2147 1631 3802 1709">
     <span class='ocr_line' id='line_1_62' title="bbox 2147 1631 3802 1709; baseline -0.004 -17"><span class='ocrx_word' id='word_1_443' title='bbox 2147 1636 2272 1707; x_wconf 90' lang='lat' dir='ltr'>pari</span> <span class='ocrx_word' id='word_1_444' title='bbox 2304 1641 2478 1709; x_wconf 89' lang='lat' dir='ltr'>atque</span> <span class='ocrx_word' id='word_1_445' title='bbox 2509 1653 2611 1692; x_wconf 86' lang='lat' dir='ltr'>vos</span> <span class='ocrx_word' id='word_1_446' title='bbox 2651 1637 2896 1702; x_wconf 86' lang='lat' dir='ltr'>ratione,</span> <span class='ocrx_word' id='word_1_447' title='bbox 2937 1640 3173 1707; x_wconf 86' lang='lat' dir='ltr'>excepto</span> <span class='ocrx_word' id='word_1_448' title='bbox 3217 1639 3476 1707; x_wconf 89' lang='lat' dir='ltr'>peccato,</span> <span class='ocrx_word' id='word_1_449' title='bbox 3525 1631 3802 1687; x_wconf 65' lang='lat' dir='ltr'>humana:</span> 
     </span>
    </p>
   </div>
   <div class='ocr_carea' id='block_1_63' title="bbox 2148 1721 3800 1798">
    <p class='ocr_par' dir='ltr' id='par_1_63' title="bbox 2148 1721 3800 1798">
     <span class='ocr_line' id='line_1_63' title="bbox 2148 1721 3800 1798; baseline -0.002 -18"><span class='ocrx_word' id='word_1_450' title='bbox 2148 1732 2368 1780; x_wconf 71' lang='lat' dir='ltr'>natura:</span> <span class='ocrx_word' id='word_1_451' title='bbox 2401 1726 2691 1798; x_wconf 87' lang='lat' dir='ltr'>particeps</span> <span class='ocrx_word' id='word_1_452' title='bbox 2741 1726 2959 1781; x_wconf 90' lang='lat' dir='ltr'>ﬁerem.</span> <span class='ocrx_word' id='word_1_453' title='bbox 2992 1725 3117 1780; x_wconf 88' lang='lat' dir='ltr'>Non</span> <span class='ocrx_word' id='word_1_454' title='bbox 3160 1726 3384 1796; x_wconf 88' lang='lat' dir='ltr'>poterat</span> <span class='ocrx_word' id='word_1_455' title='bbox 3412 1721 3582 1778; x_wconf 85' lang='lat' dir='ltr'>aliter</span> <span class='ocrx_word' id='word_1_456' title='bbox 3611 1721 3800 1776; x_wconf 83' lang='lat' dir='ltr'>Adam</span> 
     </span>
    </p>
   </div>
   <div class='ocr_carea' id='block_1_64' title="bbox 2148 1812 3800 1888">
    <p class='ocr_par' dir='ltr' id='par_1_64' title="bbox 2148 1812 3800 1888">
     <span class='ocr_line' id='line_1_64' title="bbox 2148 1812 3800 1888; baseline -0.004 -17"><span class='ocrx_word' id='word_1_457' title='bbox 2148 1815 2466 1888; x_wconf 89' lang='lat' dir='ltr'>implicatis</span> <span class='ocrx_word' id='word_1_458' title='bbox 2498 1815 2713 1871; x_wconf 82' lang='lat' dir='ltr'>inferni</span> <span class='ocrx_word' id='word_1_459' title='bbox 2745 1815 2970 1887; x_wconf 82' lang='lat' dir='ltr'>laqueis</span> <span class='ocrx_word' id='word_1_460' title='bbox 3011 1813 3176 1885; x_wconf 84' lang='lat' dir='ltr'>solvi,</span> <span class='ocrx_word' id='word_1_461' title='bbox 3210 1819 3384 1885; x_wconf 90' lang='lat' dir='ltr'>atque</span> <span class='ocrx_word' id='word_1_462' title='bbox 3425 1812 3678 1884; x_wconf 84' lang='lat' dir='ltr'>priorem</span> <span class='ocrx_word' id='word_1_463' title='bbox 3711 1827 3800 1865; x_wconf 93' lang='lat' dir='ltr'>re-</span> 
     </span>
    </p>
   </div>
   <div class='ocr_carea' id='block_1_65' title="bbox 2147 1899 3804 1976">
    <p class='ocr_par' dir='ltr' id='par_1_65' title="bbox 2147 1899 3804 1976">
     <span class='ocr_line' id='line_1_65' title="bbox 2147 1899 3804 1976; baseline -0.004 -15"><span class='ocrx_word' id='word_1_464' title='bbox 2147 1921 2380 1962; x_wconf 85' lang='lat' dir='ltr'>sumere</span> <span class='ocrx_word' id='word_1_465' title='bbox 2434 1905 2852 1976; x_wconf 85' lang='lat' dir='ltr'>conditionem,</span> <span class='ocrx_word' id='word_1_466' title='bbox 2912 1921 2978 1961; x_wconf 84' lang='lat' dir='ltr'>ac</span> <span class='ocrx_word' id='word_1_467' title='bbox 3036 1905 3276 1960; x_wconf 90' lang='lat' dir='ltr'>demum</span> <span class='ocrx_word' id='word_1_468' title='bbox 3328 1900 3477 1957; x_wconf 83' lang='lat' dir='ltr'>efﬁci</span> <span class='ocrx_word' id='word_1_469' title='bbox 3509 1899 3688 1968; x_wconf 90' lang='lat' dir='ltr'>Deus,</span> <span class='ocrx_word' id='word_1_470' title='bbox 3718 1899 3804 1954; x_wconf 88' lang='lat' dir='ltr'>ni-</span> 
     </span>
    </p>
   </div>
   <div class='ocr_carea' id='block_1_66' title="bbox 2150 1988 3799 2067">
    <p class='ocr_par' dir='ltr' id='par_1_66' title="bbox 2150 1988 3799 2067">
     <span class='ocr_line' id='line_1_66' title="bbox 2150 1988 3799 2067; baseline -0.005 -15"><span class='ocrx_word' id='word_1_471' title='bbox 2150 1997 2200 2052; x_wconf 90' lang='lat' dir='ltr'>si</span> <span class='ocrx_word' id='word_1_472' title='bbox 2231 1995 2405 2052; x_wconf 86' lang='lat' dir='ltr'>homo</span> <span class='ocrx_word' id='word_1_473' title='bbox 2435 2011 2540 2067; x_wconf 88' lang='lat' dir='ltr'>ego</span> <span class='ocrx_word' id='word_1_474' title='bbox 2573 1994 2792 2062; x_wconf 88' lang='lat' dir='ltr'>ﬁerem,</span> <span class='ocrx_word' id='word_1_475' title='bbox 2825 1999 2999 2066; x_wconf 83' lang='lat' dir='ltr'>atque</span> <span class='ocrx_word' id='word_1_476' title='bbox 3016 1993 3217 2049; x_wconf 88' lang='lat' dir='ltr'>eadem</span> <span class='ocrx_word' id='word_1_477' title='bbox 3252 2008 3367 2064; x_wconf 89' lang='lat' dir='ltr'>qua</span> <span class='ocrx_word' id='word_1_478' title='bbox 3397 1988 3496 2046; x_wconf 88' lang='lat' dir='ltr'>ille</span> <span class='ocrx_word' id='word_1_479' title='bbox 3525 1989 3799 2047; x_wconf 86' lang='lat' dir='ltr'>substan-</span> 
     </span>
    </p>
   </div>
   <div class='ocr_carea' id='block_1_67' title="bbox 2147 2083 3226 2156">
    <p class='ocr_par' dir='ltr' id='par_1_67' title="bbox 2147 2083 3226 2156">
     <span class='ocr_line' id='line_1_67' title="bbox 2147 2083 3226 2156; baseline -0.005 -17"><span class='ocrx_word' id='word_1_480' title='bbox 2147 2085 2228 2140; x_wconf 90' lang='lat' dir='ltr'>tio</span> <span class='ocrx_word' id='word_1_481' title='bbox 2259 2089 2435 2156; x_wconf 88' lang='lat' dir='ltr'>atque</span> <span class='ocrx_word' id='word_1_482' title='bbox 2467 2089 2674 2140; x_wconf 88' lang='lat' dir='ltr'>natura</span> <span class='ocrx_word' id='word_1_483' title='bbox 2709 2084 2997 2156; x_wconf 83' lang='lat' dir='ltr'>particeps</span> <span class='ocrx_word' id='word_1_484' title='bbox 3023 2083 3226 2138; x_wconf 85' lang='lat' dir='ltr'>forem.</span> 
     </span>
    </p>
   </div>
   <div class='ocr_carea' id='block_1_68' title="bbox 2223 2168 3796 2245">
    <p class='ocr_par' dir='ltr' id='par_1_68' title="bbox 2223 2168 3796 2245">
     <span class='ocr_line' id='line_1_68' title="bbox 2223 2168 3796 2245; baseline -0.004 -16"><span class='ocrx_word' id='word_1_485' title='bbox 2223 2175 2307 2230; x_wconf 88' lang='grc'>13.</span> <span class='ocrx_word' id='word_1_486' title='bbox 2343 2177 2476 2229; x_wconf 67' lang='lat' dir='ltr'>Meae</span> <span class='ocrx_word' id='word_1_487' title='bbox 2508 2174 2702 2245; x_wconf 84' lang='lat' dir='ltr'>itaque</span> <span class='ocrx_word' id='word_1_488' title='bbox 2731 2171 3156 2229; x_wconf 85' lang='lat' dir='ltr'>incarnationis</span> <span class='ocrx_word' id='word_1_489' title='bbox 3188 2187 3397 2226; x_wconf 89' lang='lat' dir='ltr'>causas</span> <span class='ocrx_word' id='word_1_490' title='bbox 3427 2169 3668 2226; x_wconf 88' lang='lat' dir='ltr'>edoctus</span> <span class='ocrx_word' id='word_1_491' title='bbox 3698 2168 3796 2224; x_wconf 90' lang='lat' dir='ltr'>ab-</span> 
     </span>
    </p>
   </div>
   <div class='ocr_carea' id='block_1_69' title="bbox 2149 2257 3796 2332">
    <p class='ocr_par' dir='ltr' id='par_1_69' title="bbox 2149 2257 3796 2332">
     <span class='ocr_line' id='line_1_69' title="bbox 2149 2257 3796 2332; baseline -0.004 -12"><span class='ocrx_word' id='word_1_492' title='bbox 2149 2265 2319 2320; x_wconf 83' lang='lat' dir='ltr'>scede</span> <span class='ocrx_word' id='word_1_493' title='bbox 2353 2283 2364 2320; x_wconf 92' lang='lat'>:</span> <span class='ocrx_word' id='word_1_494' title='bbox 2396 2281 2462 2320; x_wconf 89' lang='lat' dir='ltr'>ac</span> <span class='ocrx_word' id='word_1_495' title='bbox 2491 2265 2714 2320; x_wconf 89' lang='lat' dir='ltr'>Adamo</span> <span class='ocrx_word' id='word_1_496' title='bbox 2746 2279 2876 2318; x_wconf 89' lang='lat' dir='ltr'>cum</span> <span class='ocrx_word' id='word_1_497' title='bbox 2911 2261 3147 2318; x_wconf 88' lang='lat' dir='ltr'>tristitia</span> <span class='ocrx_word' id='word_1_498' title='bbox 3176 2261 3233 2316; x_wconf 88' lang='lat' dir='ltr'>in</span> <span class='ocrx_word' id='word_1_499' title='bbox 3287 2260 3515 2315; x_wconf 85' lang='lat' dir='ltr'>inferno</span> <span class='ocrx_word' id='word_1_500' title='bbox 3563 2257 3796 2332; x_wconf 78' lang='lat' dir='ltr'>degenti</span> 
     </span>
    </p>
   </div>
   <div class='ocr_carea' id='block_1_70' title="bbox 2148 2350 3796 2420">
    <p class='ocr_par' dir='ltr' id='par_1_70' title="bbox 2148 2350 3796 2420">
     <span class='ocr_line' id='line_1_70' title="bbox 2148 2350 3796 2420; baseline -0.005 -10"><span class='ocrx_word' id='word_1_501' title='bbox 2148 2371 2281 2410; x_wconf 92' lang='lat' dir='ltr'>cum</span> <span class='ocrx_word' id='word_1_502' title='bbox 2331 2353 2625 2409; x_wconf 85' lang='lat' dir='ltr'>hilaritate</span> <span class='ocrx_word' id='word_1_503' title='bbox 2667 2369 2732 2408; x_wconf 91' lang='lat' dir='ltr'>ac</span> <span class='ocrx_word' id='word_1_504' title='bbox 2783 2351 2982 2408; x_wconf 73' lang='lat' dir='ltr'>laetitia</span> <span class='ocrx_word' id='word_1_505' title='bbox 3020 2357 3075 2406; x_wconf 91' lang='lat' dir='ltr'>te</span> <span class='ocrx_word' id='word_1_506' title='bbox 3119 2351 3279 2406; x_wconf 90' lang='lat' dir='ltr'>siste.</span> <span class='ocrx_word' id='word_1_507' title='bbox 3332 2350 3457 2405; x_wconf 72' lang='lat' dir='ltr'>Evae</span> <span class='ocrx_word' id='word_1_508' title='bbox 3501 2350 3641 2403; x_wconf 88' lang='lat' dir='ltr'>item</span> <span class='ocrx_word' id='word_1_509' title='bbox 3692 2365 3796 2420; x_wconf 91' lang='lat' dir='ltr'>pro</span> 
     </span>
    </p>
   </div>
   <div class='ocr_carea' id='block_1_71' title="bbox 2147 2437 3798 2516">
    <p class='ocr_par' dir='ltr' id='par_1_71' title="bbox 2147 2437 3798 2516">
     <span class='ocr_line' id='line_1_71' title="bbox 2147 2437 3798 2516; baseline -0.004 -17"><span class='ocrx_word' id='word_1_510' title='bbox 2147 2447 2351 2516; x_wconf 88' lang='lat' dir='ltr'>partus</span> <span class='ocrx_word' id='word_1_511' title='bbox 2385 2441 2686 2498; x_wconf 90' lang='lat' dir='ltr'>doloribus</span> <span class='ocrx_word' id='word_1_512' title='bbox 2718 2443 2911 2498; x_wconf 83' lang='lat' dir='ltr'>fausta</span> <span class='ocrx_word' id='word_1_513' title='bbox 2940 2441 3187 2512; x_wconf 70' lang='lat' dir='ltr'>laetaque</span> <span class='ocrx_word' id='word_1_514' title='bbox 3233 2441 3393 2496; x_wconf 80' lang='lat' dir='ltr'>defer</span> <span class='ocrx_word' id='word_1_515' title='bbox 3426 2437 3651 2493; x_wconf 88' lang='lat' dir='ltr'>nuntia.</span> <span class='ocrx_word' id='word_1_516' title='bbox 3685 2437 3798 2492; x_wconf 88' lang='lat' dir='ltr'>Ve-</span> 
     </span>
    </p>
   </div>
   <div class='ocr_carea' id='block_1_72' title="bbox 2148 2526 3798 2604">
    <p class='ocr_par' dir='ltr' id='par_1_72' title="bbox 2148 2526 3798 2604">
     <span class='ocr_line' id='line_1_72' title="bbox 2148 2526 3798 2604; baseline -0.005 -16"><span class='ocrx_word' id='word_1_517' title='bbox 2148 2533 2257 2599; x_wconf 89' lang='lat' dir='ltr'>nit,</span> <span class='ocrx_word' id='word_1_518' title='bbox 2293 2531 2476 2600; x_wconf 90' lang='lat' dir='ltr'>aiens,</span> <span class='ocrx_word' id='word_1_519' title='bbox 2509 2531 2858 2604; x_wconf 81' lang='lat' dir='ltr'>redemptio,</span> <span class='ocrx_word' id='word_1_520' title='bbox 2891 2531 3049 2585; x_wconf 85' lang='lat' dir='ltr'>venit</span> <span class='ocrx_word' id='word_1_521' title='bbox 3095 2530 3473 2600; x_wconf 84' lang='lat' dir='ltr'>Redemptor,</span> <span class='ocrx_word' id='word_1_522' title='bbox 3504 2526 3662 2582; x_wconf 88' lang='lat' dir='ltr'>venit</span> <span class='ocrx_word' id='word_1_523' title='bbox 3709 2542 3798 2580; x_wconf 91' lang='lat' dir='ltr'>re-</span> 
     </span>
    </p>
   </div>
   <div class='ocr_carea' id='block_1_73' title="bbox 2149 2615 3800 2690">
    <p class='ocr_par' dir='ltr' id='par_1_73' title="bbox 2149 2615 3800 2690">
     <span class='ocr_line' id='line_1_73' title="bbox 2149 2615 3800 2690; baseline -0.004 -13"><span class='ocrx_word' id='word_1_524' title='bbox 2149 2621 2374 2688; x_wconf 89' lang='lat' dir='ltr'>missio,</span> <span class='ocrx_word' id='word_1_525' title='bbox 2415 2621 2572 2677; x_wconf 86' lang='lat' dir='ltr'>venit</span> <span class='ocrx_word' id='word_1_526' title='bbox 2602 2620 2884 2677; x_wconf 87' lang='lat' dir='ltr'>liberator</span> <span class='ocrx_word' id='word_1_527' title='bbox 2917 2635 2929 2676; x_wconf 93' lang='lat'>:</span> <span class='ocrx_word' id='word_1_528' title='bbox 2967 2635 3036 2674; x_wconf 88' lang='lat' dir='ltr'>ne</span> <span class='ocrx_word' id='word_1_529' title='bbox 3079 2617 3232 2674; x_wconf 88' lang='lat' dir='ltr'>ultra</span> <span class='ocrx_word' id='word_1_530' title='bbox 3271 2617 3495 2690; x_wconf 82' lang='lat' dir='ltr'>lugeas,</span> <span class='ocrx_word' id='word_1_531' title='bbox 3530 2633 3561 2672; x_wconf 91' lang='grc' dir='ltr'>ο</span> <span class='ocrx_word' id='word_1_532' title='bbox 3595 2615 3800 2672; x_wconf 87' lang='lat' dir='ltr'>buma-</span> 
     </span>
    </p>
   </div>
   <div class='ocr_carea' id='block_1_74' title="bbox 2149 2705 3804 2784">
    <p class='ocr_par' dir='ltr' id='par_1_74' title="bbox 2149 2705 3804 2784">
     <span class='ocr_line' id='line_1_74' title="bbox 2149 2705 3804 2784; baseline -0.005 -16"><span class='ocrx_word' id='word_1_533' title='bbox 2149 2729 2292 2768; x_wconf 91' lang='lat' dir='ltr'>num</span> <span class='ocrx_word' id='word_1_534' title='bbox 2324 2727 2548 2784; x_wconf 82' lang='lat' dir='ltr'>genus;</span> <span class='ocrx_word' id='word_1_535' title='bbox 2581 2709 2774 2766; x_wconf 89' lang='lat' dir='ltr'>veniet</span> <span class='ocrx_word' id='word_1_536' title='bbox 2803 2710 2960 2766; x_wconf 90' lang='lat' dir='ltr'>enim</span> <span class='ocrx_word' id='word_1_537' title='bbox 2991 2708 3090 2780; x_wconf 91' lang='lat' dir='ltr'>qui</span> <span class='ocrx_word' id='word_1_538' title='bbox 3124 2724 3293 2780; x_wconf 91' lang='lat' dir='ltr'>opem</span> <span class='ocrx_word' id='word_1_539' title='bbox 3327 2707 3492 2778; x_wconf 83' lang='lat' dir='ltr'>ferat,</span> <span class='ocrx_word' id='word_1_540' title='bbox 3522 2705 3713 2762; x_wconf 80' lang='lat' dir='ltr'>veniet</span> <span class='ocrx_word' id='word_1_541' title='bbox 3745 2709 3804 2761; x_wconf 89' lang='lat' dir='ltr'>et</span> 
     </span>
    </p>
   </div>
   <div class='ocr_carea' id='block_1_75' title="bbox 2148 2794 3800 2869">
    <p class='ocr_par' dir='ltr' id='par_1_75' title="bbox 2148 2794 3800 2869">
     <span class='ocr_line' id='line_1_75' title="bbox 2148 2794 3800 2869; baseline -0.004 -13"><span class='ocrx_word' id='word_1_542' title='bbox 2148 2818 2266 2858; x_wconf 91' lang='lat' dir='ltr'>non</span> <span class='ocrx_word' id='word_1_543' title='bbox 2297 2801 2571 2857; x_wconf 88' lang='lat' dir='ltr'>tardabit.</span> <span class='ocrx_word' id='word_1_544' title='bbox 2609 2799 2826 2855; x_wconf 89' lang='lat' dir='ltr'>Divinis</span> <span class='ocrx_word' id='word_1_545' title='bbox 2856 2798 3016 2855; x_wconf 88' lang='lat' dir='ltr'>hisce</span> <span class='ocrx_word' id='word_1_546' title='bbox 3045 2797 3289 2854; x_wconf 88' lang='lat' dir='ltr'>vocibus</span> <span class='ocrx_word' id='word_1_547' title='bbox 3333 2794 3628 2869; x_wconf 87' lang='lat' dir='ltr'>spirituali</span> <span class='ocrx_word' id='word_1_548' title='bbox 3660 2812 3800 2851; x_wconf 85' lang='lat' dir='ltr'>aure</span> 
     </span>
    </p>
   </div>
   <div class='ocr_carea' id='block_1_76' title="bbox 2150 2884 3797 2956">
    <p class='ocr_par' dir='ltr' id='par_1_76' title="bbox 2150 2884 3797 2956">
     <span class='ocr_line' id='line_1_76' title="bbox 2150 2884 3797 2956; baseline -0.005 -10"><span class='ocrx_word' id='word_1_549' title='bbox 2150 2891 2368 2946; x_wconf 86' lang='lat' dir='ltr'>auditis</span> <span class='ocrx_word' id='word_1_550' title='bbox 2414 2887 2841 2946; x_wconf 80' lang='lat' dir='ltr'>Abrahamicus</span> <span class='ocrx_word' id='word_1_551' title='bbox 2884 2888 2978 2944; x_wconf 91' lang='lat' dir='ltr'>ille</span> <span class='ocrx_word' id='word_1_552' title='bbox 3027 2903 3221 2955; x_wconf 83' lang='lat' dir='ltr'>senex,</span> <span class='ocrx_word' id='word_1_553' title='bbox 3255 2885 3574 2942; x_wconf 87' lang='lat' dir='ltr'>senectutis</span> <span class='ocrx_word' id='word_1_554' title='bbox 3627 2884 3797 2956; x_wconf 88' lang='lat' dir='ltr'>quasi</span> 
     </span>
    </p>
   </div>
   <div class='ocr_carea' id='block_1_77' title="bbox 2148 2974 3796 3049">
    <p class='ocr_par' dir='ltr' id='par_1_77' title="bbox 2148 2974 3796 3049">
     <span class='ocr_line' id='line_1_77' title="bbox 2148 2974 3796 3049; baseline -0.004 -13"><span class='ocrx_word' id='word_1_555' title='bbox 2148 2979 2388 3049; x_wconf 89' lang='lat' dir='ltr'>oblitus,</span> <span class='ocrx_word' id='word_1_556' title='bbox 2424 2979 2577 3033; x_wconf 79' lang='lat' dir='ltr'>illim</span> <span class='ocrx_word' id='word_1_557' title='bbox 2611 2978 2845 3035; x_wconf 79' lang='lat' dir='ltr'>exsiliit.</span> <span class='ocrx_word' id='word_1_558' title='bbox 2882 2977 3278 3048; x_wconf 83' lang='lat' dir='ltr'>Repletusque</span> <span class='ocrx_word' id='word_1_559' title='bbox 3321 2974 3623 3030; x_wconf 83' lang='lat' dir='ltr'>alacritate</span> <span class='ocrx_word' id='word_1_560' title='bbox 3653 2991 3796 3046; x_wconf 83' lang='lat' dir='ltr'>prae-</span> 
     </span>
    </p>
   </div>
   <div class='ocr_carea' id='block_1_78' title="bbox 2148 3065 3800 3136">
    <p class='ocr_par' dir='ltr' id='par_1_78' title="bbox 2148 3065 3800 3136">
     <span class='ocr_line' id='line_1_78' title="bbox 2148 3065 3800 3136; baseline -0.004 -10"><span class='ocrx_word' id='word_1_561' title='bbox 2148 3069 2266 3126; x_wconf 88' lang='lat' dir='ltr'>alta</span> <span class='ocrx_word' id='word_1_562' title='bbox 2291 3085 2427 3126; x_wconf 90' lang='lat' dir='ltr'>voce</span> <span class='ocrx_word' id='word_1_563' title='bbox 2457 3069 2578 3124; x_wconf 77' lang='lat' dir='ltr'>haec</span> <span class='ocrx_word' id='word_1_564' title='bbox 2607 3067 2840 3123; x_wconf 90' lang='lat' dir='ltr'>locutus</span> <span class='ocrx_word' id='word_1_565' title='bbox 2872 3073 2961 3123; x_wconf 89' lang='lat' dir='ltr'>est</span> <span class='ocrx_word' id='word_1_566' title='bbox 2995 3084 3006 3121; x_wconf 91' lang='lat'><strong>:</strong></span> <span class='ocrx_word' id='word_1_567' title='bbox 3047 3087 3073 3118; x_wconf 76' lang='grc' dir='ltr'>ι</span> <span class='ocrx_word' id='word_1_568' title='bbox 3112 3065 3554 3136; x_wconf 82' lang='lat' dir='ltr'>Confortamini,</span> <span class='ocrx_word' id='word_1_569' title='bbox 3587 3080 3800 3119; x_wconf 90' lang='lat' dir='ltr'>manus</span> 
     </span>
    </p>
   </div>
   <div class='ocr_carea' id='block_1_79' title="bbox 2148 3151 3802 3228">
    <p class='ocr_par' dir='ltr' id='par_1_79' title="bbox 2148 3151 3802 3228">
     <span class='ocr_line' id='line_1_79' title="bbox 2148 3151 3802 3228; baseline -0.005 -13"><span class='ocrx_word' id='word_1_570' title='bbox 2148 3158 2468 3226; x_wconf 62' lang='lat' dir='ltr'>dissoluta,</span> <span class='ocrx_word' id='word_1_571' title='bbox 2512 3155 2927 3213; x_wconf 80' lang='lat' dir='ltr'>coniortamini</span> <span class='ocrx_word' id='word_1_572' title='bbox 2979 3171 2992 3210; x_wconf 90' lang='lat'><strong>:</strong></span> <span class='ocrx_word' id='word_1_573' title='bbox 3048 3171 3240 3228; x_wconf 87' lang='lat' dir='ltr'>genua</span> <span class='ocrx_word' id='word_1_574' title='bbox 3283 3151 3591 3222; x_wconf 88' lang='lat' dir='ltr'>dissoluta,</span> <span class='ocrx_word' id='word_1_575' title='bbox 3627 3152 3802 3224; x_wconf 85' lang='lat' dir='ltr'>erigi-</span> 
     </span>
    </p>
   </div>
   <div class='ocr_carea' id='block_1_80' title="bbox 2149 3242 3802 3313">
    <p class='ocr_par' dir='ltr' id='par_1_80' title="bbox 2149 3242 3802 3313">
     <span class='ocr_line' id='line_1_80' title="bbox 2149 3242 3802 3313; baseline -0.005 -9"><span class='ocrx_word' id='word_1_576' title='bbox 2149 3249 2293 3305; x_wconf 90' lang='lat' dir='ltr'>mini</span> <span class='ocrx_word' id='word_1_577' title='bbox 2325 3249 2370 3284; x_wconf 77' lang='lat'>‘°</span> <span class='ocrx_word' id='word_1_578' title='bbox 2421 3264 2433 3302; x_wconf 88' lang='lat'>:</span> <span class='ocrx_word' id='word_1_579' title='bbox 2493 3274 2513 3296; x_wconf 76' lang='grc' dir='ltr'><strong><em>ι</em></strong></span> <span class='ocrx_word' id='word_1_580' title='bbox 2569 3246 2723 3302; x_wconf 70' lang='lat' dir='ltr'>tibiae</span> <span class='ocrx_word' id='word_1_581' title='bbox 2773 3244 3054 3313; x_wconf 77' lang='lat' dir='ltr'>contritae,</span> <span class='ocrx_word' id='word_1_582' title='bbox 3090 3242 3488 3312; x_wconf 88' lang='lat' dir='ltr'>roboramini;</span> <span class='ocrx_word' id='word_1_583' title='bbox 3533 3245 3599 3297; x_wconf 86' lang='lat' dir='ltr'>ut</span> <span class='ocrx_word' id='word_1_584' title='bbox 3648 3248 3802 3298; x_wconf 88' lang='lat' dir='ltr'>recto</span> 
     </span>
    </p>
   </div>
   <div class='ocr_carea' id='block_1_81' title="bbox 2064 3303 3799 3404">
    <p class='ocr_par' dir='ltr' id='par_1_81' title="bbox 2064 3303 3799 3404">
     <span class='ocr_line' id='line_1_81' title="bbox 2064 3303 3799 3404; baseline -0.005 -10"><span class='ocrx_word' id='word_1_585' title='bbox 2064 3303 2107 3370; x_wconf 80' lang='lat' dir='ltr'>C</span> <span class='ocrx_word' id='word_1_586' title='bbox 2146 3356 2322 3394; x_wconf 90' lang='lat' dir='ltr'>cursu</span> <span class='ocrx_word' id='word_1_587' title='bbox 2352 3338 2463 3393; x_wconf 89' lang='lat' dir='ltr'>iter</span> <span class='ocrx_word' id='word_1_588' title='bbox 2494 3337 2551 3392; x_wconf 92' lang='lat' dir='ltr'>in</span> <span class='ocrx_word' id='word_1_589' title='bbox 2584 3337 2879 3391; x_wconf 84' lang='lat' dir='ltr'>infernum</span> <span class='ocrx_word' id='word_1_590' title='bbox 2913 3351 3182 3404; x_wconf 69' lang='lat' dir='ltr'>emensas,</span> <span class='ocrx_word' id='word_1_591' title='bbox 3234 3337 3532 3389; x_wconf 84' lang='lat' dir='ltr'>tantorum</span> <span class='ocrx_word' id='word_1_592' title='bbox 3581 3332 3799 3387; x_wconf 66' lang='lat' dir='ltr'>nuntia:</span> 
     </span>
    </p>
   </div>
   <div class='ocr_carea' id='block_1_82' title="bbox 2140 3418 3798 3498">
    <p class='ocr_par' dir='ltr' id='par_1_82' title="bbox 2140 3418 3798 3498">
     <span class='ocr_line' id='line_1_82' title="bbox 2140 3418 3798 3498; baseline -0.005 -15"><span class='ocrx_word' id='word_1_593' title='bbox 2140 3429 2428 3484; x_wconf 88' lang='lat' dir='ltr'>bonorum</span> <span class='ocrx_word' id='word_1_594' title='bbox 2486 3423 2961 3498; x_wconf 83' lang='lat' dir='ltr'>progenitoribus</span> <span class='ocrx_word' id='word_1_595' title='bbox 3005 3421 3156 3478; x_wconf 88' lang='lat' dir='ltr'>sitis.</span> <span class='ocrx_word' id='word_1_596' title='bbox 3192 3422 3365 3486; x_wconf 83' lang='lat' dir='ltr'>Tum,</span> <span class='ocrx_word' id='word_1_597' title='bbox 3401 3437 3576 3491; x_wconf 88' lang='lat' dir='ltr'>quam</span> <span class='ocrx_word' id='word_1_598' title='bbox 3617 3418 3798 3474; x_wconf 90' lang='lat' dir='ltr'>citius</span> 
     </span>
    </p>
   </div>
   <div class='ocr_carea' id='block_1_83' title="bbox 2141 3508 3794 3591">
    <p class='ocr_par' dir='ltr' id='par_1_83' title="bbox 2141 3508 3794 3591">
     <span class='ocr_line' id='line_1_83' title="bbox 2141 3508 3794 3591; baseline -0.007 -18"><span class='ocrx_word' id='word_1_599' title='bbox 2141 3517 2334 3591; x_wconf 85' lang='lat' dir='ltr'>potuit</span> <span class='ocrx_word' id='word_1_600' title='bbox 2365 3516 2437 3572; x_wconf 90' lang='lat' dir='ltr'>ad</span> <span class='ocrx_word' id='word_1_601' title='bbox 2467 3515 2734 3571; x_wconf 87' lang='lat' dir='ltr'>divinum</span> <span class='ocrx_word' id='word_1_602' title='bbox 2767 3529 3086 3570; x_wconf 85' lang='lat' dir='ltr'>conversus</span> <span class='ocrx_word' id='word_1_603' title='bbox 3109 3511 3393 3567; x_wconf 82' lang='lat' dir='ltr'>Infantem</span> <span class='ocrx_word' id='word_1_604' title='bbox 3419 3526 3431 3564; x_wconf 91' lang='lat'>:</span> <span class='ocrx_word' id='word_1_605' title='bbox 3459 3531 3486 3559; x_wconf 85' lang='grc'>‹‹</span> <span class='ocrx_word' id='word_1_606' title='bbox 3511 3509 3679 3565; x_wconf 88' lang='lat' dir='ltr'>Nunc</span> <span class='ocrx_word' id='word_1_607' title='bbox 3712 3508 3794 3563; x_wconf 80' lang='lat' dir='ltr'>di-</span> 
     </span>
    </p>
   </div>
   <div class='ocr_carea' id='block_1_84' title="bbox 2143 3599 3790 3677">
    <p class='ocr_par' dir='ltr' id='par_1_84' title="bbox 2143 3599 3790 3677">
     <span class='ocr_line' id='line_1_84' title="bbox 2143 3599 3790 3677; baseline -0.007 -14"><span class='ocrx_word' id='word_1_608' title='bbox 2143 3606 2352 3674; x_wconf 88' lang='lat' dir='ltr'>mittis,</span> <span class='ocrx_word' id='word_1_609' title='bbox 2386 3606 2597 3677; x_wconf 90' lang='lat' dir='ltr'>inquit,</span> <span class='ocrx_word' id='word_1_610' title='bbox 2631 3621 2867 3660; x_wconf 84' lang='lat' dir='ltr'>servum</span> <span class='ocrx_word' id='word_1_611' title='bbox 2914 3607 3104 3669; x_wconf 87' lang='lat' dir='ltr'>tuum,</span> <span class='ocrx_word' id='word_1_612' title='bbox 3157 3600 3425 3668; x_wconf 90' lang='lat' dir='ltr'>Domine,</span> <span class='ocrx_word' id='word_1_613' title='bbox 3466 3599 3790 3655; x_wconf 88' lang='lat' dir='ltr'>secundum</span> 
     </span>
    </p>
   </div>
   <div class='ocr_carea' id='block_1_85' title="bbox 2138 3689 3799 3766">
    <p class='ocr_par' dir='ltr' id='par_1_85' title="bbox 2138 3689 3799 3766">
     <span class='ocr_line' id='line_1_85' title="bbox 2138 3689 3799 3766; baseline -0.006 -14"><span class='ocrx_word' id='word_1_614' title='bbox 2138 3697 2381 3754; x_wconf 87' lang='lat' dir='ltr'>verbum</span> <span class='ocrx_word' id='word_1_615' title='bbox 2413 3699 2583 3751; x_wconf 92' lang='lat' dir='ltr'>tuum</span> <span class='ocrx_word' id='word_1_616' title='bbox 2617 3696 2675 3751; x_wconf 90' lang='lat' dir='ltr'>in</span> <span class='ocrx_word' id='word_1_617' title='bbox 2709 3711 2847 3766; x_wconf 89' lang='lat' dir='ltr'>pace</span> <span class='ocrx_word' id='word_1_618' title='bbox 2873 3712 2886 3750; x_wconf 87' lang='lat'><strong>:</strong></span> <span class='ocrx_word' id='word_1_619' title='bbox 2912 3692 3051 3766; x_wconf 88' lang='lat' dir='ltr'>quia</span> <span class='ocrx_word' id='word_1_620' title='bbox 3080 3691 3356 3747; x_wconf 88' lang='lat' dir='ltr'>viderunt</span> <span class='ocrx_word' id='word_1_621' title='bbox 3385 3689 3538 3746; x_wconf 90' lang='lat' dir='ltr'>oculi</span> <span class='ocrx_word' id='word_1_622' title='bbox 3569 3689 3680 3745; x_wconf 88' lang='lat' dir='ltr'>mei</span> <span class='ocrx_word' id='word_1_623' title='bbox 3707 3707 3799 3744; x_wconf 88' lang='lat' dir='ltr'>sa-</span> 
     </span>
    </p>
   </div>
   <div class='ocr_carea' id='block_1_86' title="bbox 2139 3779 3791 3856">
    <p class='ocr_par' dir='ltr' id='par_1_86' title="bbox 2139 3779 3791 3856">
     <span class='ocr_line' id='line_1_86' title="bbox 2139 3779 3791 3856; baseline -0.007 -13"><span class='ocrx_word' id='word_1_624' title='bbox 2139 3787 2330 3843; x_wconf 84' lang='lat' dir='ltr'>lutare</span> <span class='ocrx_word' id='word_1_625' title='bbox 2359 3793 2528 3842; x_wconf 90' lang='lat' dir='ltr'>tuum</span> <span class='ocrx_word' id='word_1_626' title='bbox 2565 3803 2576 3840; x_wconf 92' lang='lat'>:</span> <span class='ocrx_word' id='word_1_627' title='bbox 2612 3784 2767 3856; x_wconf 92' lang='lat' dir='ltr'>quod</span> <span class='ocrx_word' id='word_1_628' title='bbox 2819 3783 3036 3856; x_wconf 88' lang='lat' dir='ltr'>parasti</span> <span class='ocrx_word' id='word_1_629' title='bbox 3089 3787 3223 3838; x_wconf 89' lang='lat' dir='ltr'>ante</span> <span class='ocrx_word' id='word_1_630' title='bbox 3270 3779 3477 3836; x_wconf 80' lang='lat' dir='ltr'>faciem</span> <span class='ocrx_word' id='word_1_631' title='bbox 3527 3779 3791 3834; x_wconf 88' lang='lat' dir='ltr'>omnium</span> 
     </span>
    </p>
   </div>
   <div class='ocr_carea' id='block_1_87' title="bbox 2140 3868 3798 3949">
    <p class='ocr_par' dir='ltr' id='par_1_87' title="bbox 2140 3868 3798 3949">
     <span class='ocr_line' id='line_1_87' title="bbox 2140 3868 3798 3949; baseline -0.005 -18"><span class='ocrx_word' id='word_1_632' title='bbox 2140 3875 2492 3949; x_wconf 80' lang='lat' dir='ltr'>papulorum</span> <span class='ocrx_word' id='word_1_633' title='bbox 2542 3873 2788 3930; x_wconf 88' lang='lat' dir='ltr'>:lumcn</span> <span class='ocrx_word' id='word_1_634' title='bbox 2838 3873 2910 3928; x_wconf 90' lang='lat' dir='ltr'>ad</span> <span class='ocrx_word' id='word_1_635' title='bbox 2957 3871 3366 3928; x_wconf 88' lang='lat' dir='ltr'>revelationem</span> <span class='ocrx_word' id='word_1_636' title='bbox 3418 3868 3682 3942; x_wconf 86' lang='lat' dir='ltr'>gentium</span> <span class='ocrx_word' id='word_1_637' title='bbox 3741 3875 3798 3924; x_wconf 79' lang='lat' dir='ltr'>et</span> 
     </span>
    </p>
   </div>
   <div class='ocr_carea' id='block_1_88' title="bbox 2139 3959 3794 4038">
    <p class='ocr_par' dir='ltr' id='par_1_88' title="bbox 2139 3959 3794 4038">
     <span class='ocr_line' id='line_1_88' title="bbox 2139 3959 3794 4038; baseline -0.005 -18"><span class='ocrx_word' id='word_1_638' title='bbox 2139 3966 2386 4038; x_wconf 80' lang='lat' dir='ltr'>gloriam</span> <span class='ocrx_word' id='word_1_639' title='bbox 2416 3965 2604 4037; x_wconf 88' lang='lat' dir='ltr'>plebis</span> <span class='ocrx_word' id='word_1_640' title='bbox 2635 3969 2746 4020; x_wconf 71' lang='lat' dir='ltr'>tuas</span> <span class='ocrx_word' id='word_1_641' title='bbox 2781 3962 2958 4019; x_wconf 91' lang='lat' dir='ltr'>Israel</span> <span class='ocrx_word' id='word_1_642' title='bbox 2988 3964 3052 4017; x_wconf 72' lang='lat'>‘7.</span> <span class='ocrx_word' id='word_1_643' title='bbox 3105 3984 3133 4011; x_wconf 83' lang='lat'>»</span> <span class='ocrx_word' id='word_1_644' title='bbox 3175 3960 3218 4018; x_wconf 94' lang='grc' dir='ltr'><strong>Ο</strong></span> <span class='ocrx_word' id='word_1_645' title='bbox 3247 3959 3567 4016; x_wconf 85' lang='lat' dir='ltr'>fervorem!</span> <span class='ocrx_word' id='word_1_646' title='bbox 3615 3975 3646 4014; x_wconf 92' lang='grc' dir='ltr'>ο</span> <span class='ocrx_word' id='word_1_647' title='bbox 3695 3976 3794 4013; x_wconf 87' lang='lat' dir='ltr'>ar-</span> 
     </span>
    </p>
   </div>
   <div class='ocr_carea' id='block_1_89' title="bbox 2138 4047 3793 4125">
    <p class='ocr_par' dir='ltr' id='par_1_89' title="bbox 2138 4047 3793 4125">
     <span class='ocr_line' id='line_1_89' title="bbox 2138 4047 3793 4125; baseline -0.005 -14"><span class='ocrx_word' id='word_1_648' title='bbox 2138 4057 2374 4112; x_wconf 91' lang='lat' dir='ltr'>dentem</span> <span class='ocrx_word' id='word_1_649' title='bbox 2407 4056 2670 4110; x_wconf 88' lang='lat' dir='ltr'>animum</span> <span class='ocrx_word' id='word_1_650' title='bbox 2697 4056 2707 4110; x_wconf 92' lang='lat' dir='ltr'>l</span> <span class='ocrx_word' id='word_1_651' title='bbox 2747 4051 3257 4125; x_wconf 87' lang='lat' dir='ltr'>Quandoquidem,</span> <span class='ocrx_word' id='word_1_652' title='bbox 3289 4049 3555 4115; x_wconf 89' lang='lat' dir='ltr'>Domine,</span> <span class='ocrx_word' id='word_1_653' title='bbox 3588 4047 3669 4103; x_wconf 88' lang='lat' dir='ltr'>ita</span> <span class='ocrx_word' id='word_1_654' title='bbox 3699 4054 3793 4103; x_wconf 92' lang='lat' dir='ltr'>de-</span> 
     </span>
    </p>
   </div>
   <div class='ocr_carea' id='block_1_90' title="bbox 2137 4141 3788 4216">
    <p class='ocr_par' dir='ltr' id='par_1_90' title="bbox 2137 4141 3788 4216">
     <span class='ocr_line' id='line_1_90' title="bbox 2137 4141 3788 4216; baseline -0.005 -15"><span class='ocrx_word' id='word_1_655' title='bbox 2137 4144 2388 4212; x_wconf 89' lang='lat' dir='ltr'>crevisti,</span> <span class='ocrx_word' id='word_1_656' title='bbox 2436 4149 2612 4216; x_wconf 85' lang='lat' dir='ltr'>atque</span> <span class='ocrx_word' id='word_1_657' title='bbox 2661 4141 3015 4214; x_wconf 83' lang='lat' dir='ltr'>benignitate</span> <span class='ocrx_word' id='word_1_658' title='bbox 3070 4144 3372 4213; x_wconf 84' lang='lat' dir='ltr'>permotus</span> <span class='ocrx_word' id='word_1_659' title='bbox 3427 4155 3575 4210; x_wconf 88' lang='lat' dir='ltr'>opus</span> <span class='ocrx_word' id='word_1_660' title='bbox 3618 4142 3788 4192; x_wconf 91' lang='lat' dir='ltr'>tuum</span> 
     </span>
    </p>
   </div>
   <div class='ocr_carea' id='block_1_91' title="bbox 2138 4226 3786 4304">
    <p class='ocr_par' dir='ltr' id='par_1_91' title="bbox 2138 4226 3786 4304">
     <span class='ocr_line' id='line_1_91' title="bbox 2138 4226 3786 4304; baseline -0.005 -15"><span class='ocrx_word' id='word_1_661' title='bbox 2138 4233 2438 4290; x_wconf 81' lang='lat' dir='ltr'>misereris</span> <span class='ocrx_word' id='word_1_662' title='bbox 2473 4250 2485 4286; x_wconf 88' lang='lat'><strong>:</strong></span> <span class='ocrx_word' id='word_1_663' title='bbox 2521 4247 2709 4304; x_wconf 88' lang='lat' dir='ltr'>neque</span> <span class='ocrx_word' id='word_1_664' title='bbox 2735 4247 2840 4302; x_wconf 86' lang='lat' dir='ltr'>ego</span> <span class='ocrx_word' id='word_1_665' title='bbox 2872 4247 2975 4302; x_wconf 89' lang='lat' dir='ltr'>spe</span> <span class='ocrx_word' id='word_1_666' title='bbox 3006 4230 3211 4301; x_wconf 88' lang='lat' dir='ltr'>lapsus</span> <span class='ocrx_word' id='word_1_667' title='bbox 3239 4245 3373 4283; x_wconf 89' lang='lat' dir='ltr'>sum</span> <span class='ocrx_word' id='word_1_668' title='bbox 3409 4243 3558 4295; x_wconf 89' lang='lat' dir='ltr'>mea,</span> <span class='ocrx_word' id='word_1_669' title='bbox 3599 4243 3666 4282; x_wconf 87' lang='lat' dir='ltr'>ac</span> <span class='ocrx_word' id='word_1_670' title='bbox 3699 4226 3786 4280; x_wconf 90' lang='lat' dir='ltr'>di-</span> 
     </span>
    </p>
   </div>
   <div class='ocr_carea' id='block_1_92' title="bbox 2133 4314 3788 4394">
    <p class='ocr_par' dir='ltr' id='par_1_92' title="bbox 2133 4314 3788 4394">
     <span class='ocr_line' id='line_1_92' title="bbox 2133 4314 3788 4394; baseline -0.005 -15"><span class='ocrx_word' id='word_1_671' title='bbox 2133 4323 2255 4379; x_wconf 88' lang='lat' dir='ltr'>vini</span> <span class='ocrx_word' id='word_1_672' title='bbox 2287 4321 2542 4394; x_wconf 87' lang='lat' dir='ltr'>Spiritus</span> <span class='ocrx_word' id='word_1_673' title='bbox 2571 4319 2872 4376; x_wconf 88' lang='lat' dir='ltr'>oraculum</span> <span class='ocrx_word' id='word_1_674' title='bbox 2905 4315 3238 4373; x_wconf 87' lang='lat' dir='ltr'>inviolabile</span> <span class='ocrx_word' id='word_1_675' title='bbox 3269 4315 3523 4371; x_wconf 90' lang='lat' dir='ltr'>mansit:</span> <span class='ocrx_word' id='word_1_676' title='bbox 3557 4314 3788 4370; x_wconf 90' lang='lat' dir='ltr'>dimitte</span> 
     </span>
    </p>
   </div>
   <div class='ocr_carea' id='block_1_93' title="bbox 2138 4402 3790 4483">
    <p class='ocr_par' dir='ltr' id='par_1_93' title="bbox 2138 4402 3790 4483">
     <span class='ocr_line' id='line_1_93' title="bbox 2138 4402 3790 4483; baseline -0.005 -16"><span class='ocrx_word' id='word_1_677' title='bbox 2138 4427 2231 4467; x_wconf 91' lang='lat' dir='ltr'>me</span> <span class='ocrx_word' id='word_1_678' title='bbox 2261 4410 2724 4483; x_wconf 85' lang='lat' dir='ltr'>quamprimum,</span> <span class='ocrx_word' id='word_1_679' title='bbox 2760 4407 3009 4476; x_wconf 89' lang='lat' dir='ltr'>dimitte,</span> <span class='ocrx_word' id='word_1_680' title='bbox 3045 4421 3274 4478; x_wconf 58' lang='lat' dir='ltr'>quasso;</span> <span class='ocrx_word' id='word_1_681' title='bbox 3307 4421 3378 4460; x_wconf 89' lang='lat' dir='ltr'>ne</span> <span class='ocrx_word' id='word_1_682' title='bbox 3425 4420 3518 4459; x_wconf 90' lang='lat' dir='ltr'>me</span> <span class='ocrx_word' id='word_1_683' title='bbox 3565 4402 3790 4458; x_wconf 88' lang='lat' dir='ltr'>diutius</span> 
     </span>
    </p>
   </div>
   <div class='ocr_carea' id='block_1_94' title="bbox 2138 4493 3790 4569">
    <p class='ocr_par' dir='ltr' id='par_1_94' title="bbox 2138 4493 3790 4569">
     <span class='ocr_line' id='line_1_94' title="bbox 2138 4493 3790 4569; baseline -0.005 -13"><span class='ocrx_word' id='word_1_684' title='bbox 2138 4501 2435 4557; x_wconf 84' lang='lat' dir='ltr'>detineas:</span> <span class='ocrx_word' id='word_1_685' title='bbox 2464 4516 2534 4554; x_wconf 88' lang='lat' dir='ltr'>ne</span> <span class='ocrx_word' id='word_1_686' title='bbox 2564 4500 2788 4554; x_wconf 89' lang='lat' dir='ltr'>tardem</span> <span class='ocrx_word' id='word_1_687' title='bbox 2824 4496 3030 4569; x_wconf 90' lang='lat' dir='ltr'>primis</span> <span class='ocrx_word' id='word_1_688' title='bbox 3066 4493 3402 4568; x_wconf 80' lang='lat' dir='ltr'>parentibus</span> <span class='ocrx_word' id='word_1_689' title='bbox 3433 4493 3562 4548; x_wconf 65' lang='lat' dir='ltr'>laeta</span> <span class='ocrx_word' id='word_1_690' title='bbox 3583 4493 3790 4548; x_wconf 71' lang='lat' dir='ltr'>aﬂerre</span> 
     </span>
    </p>
   </div>
   <div class='ocr_carea' id='block_1_95' title="bbox 2138 4583 3784 4658">
    <p class='ocr_par' dir='ltr' id='par_1_95' title="bbox 2138 4583 3784 4658">
     <span class='ocr_line' id='line_1_95' title="bbox 2138 4583 3784 4658; baseline -0.005 -13"><span class='ocrx_word' id='word_1_691' title='bbox 2138 4591 2342 4646; x_wconf 87' lang='lat' dir='ltr'>nuntia</span> <span class='ocrx_word' id='word_1_692' title='bbox 2375 4608 2387 4645; x_wconf 90' lang='lat'>:</span> <span class='ocrx_word' id='word_1_693' title='bbox 2423 4607 2494 4644; x_wconf 91' lang='lat' dir='ltr'>ne</span> <span class='ocrx_word' id='word_1_694' title='bbox 2526 4607 2636 4658; x_wconf 92' lang='lat' dir='ltr'>me,</span> <span class='ocrx_word' id='word_1_695' title='bbox 2680 4587 2945 4657; x_wconf 89' lang='lat' dir='ltr'>Domine,</span> <span class='ocrx_word' id='word_1_696' title='bbox 2988 4587 3244 4641; x_wconf 76' lang='lat' dir='ltr'>infantes</span> <span class='ocrx_word' id='word_1_697' title='bbox 3278 4583 3650 4656; x_wconf 69' lang='lat' dir='ltr'>praeveniant,</span> <span class='ocrx_word' id='word_1_698' title='bbox 3685 4584 3784 4654; x_wconf 89' lang='lat' dir='ltr'>qui</span> 
     </span>
    </p>
   </div>
   <div class='ocr_carea' id='block_1_96' title="bbox 379 4669 2031 4753">
    <p class='ocr_par' dir='ltr' id='par_1_96' title="bbox 379 4669 2026 4751">
     <span class='ocr_line' id='line_1_96' title="bbox 379 4669 2026 4751; baseline 0.004 -27"><span class='ocrx_word' id='word_1_699' title='bbox 379 4669 638 4725; x_wconf 88' lang='grc' dir='ltr'>Δέσποτα·</span> <span class='ocrx_word' id='word_1_700' title='bbox 677 4671 753 4743; x_wconf 83' lang='grc' dir='ltr'>μή</span> <span class='ocrx_word' id='word_1_701' title='bbox 791 4669 1041 4746; x_wconf 85' lang='grc' dir='ltr'>βραδύνω</span> <span class='ocrx_word' id='word_1_702' title='bbox 1097 4674 1262 4726; x_wconf 78' lang='grc' dir='ltr'>ταῦτα</span> <span class='ocrx_word' id='word_1_703' title='bbox 1303 4678 1418 4734; x_wconf 80' lang='grc' dir='ltr'>τοῖς</span> <span class='ocrx_word' id='word_1_704' title='bbox 1469 4673 1763 4751; x_wconf 83' lang='grc' dir='ltr'>γενάρχαις</span> <span class='ocrx_word' id='word_1_705' title='bbox 1820 4675 2026 4731; x_wconf 83' lang='grc' dir='ltr'>ἀποκο-</span> 
     </span>
    </p>
   </div>
   <div class='ocr_carea' id='block_1_97' title="bbox 2144 4669 3784 4753">
    <p class='ocr_par' dir='ltr' id='par_1_97' title="bbox 2144 4672 3784 4753">
     <span class='ocr_line' id='line_1_97' title="bbox 2144 4672 3784 4753; baseline -0.005 -17"><span class='ocrx_word' id='word_1_706' title='bbox 2144 4685 2375 4753; x_wconf 82' lang='lat' dir='ltr'>propter</span> <span class='ocrx_word' id='word_1_707' title='bbox 2403 4684 2459 4735; x_wconf 93' lang='lat' dir='ltr'>te</span> <span class='ocrx_word' id='word_1_708' title='bbox 2485 4680 2556 4734; x_wconf 89' lang='lat' dir='ltr'>ab</span> <span class='ocrx_word' id='word_1_709' title='bbox 2588 4678 2811 4734; x_wconf 85' lang='lat' dir='ltr'>Herode</span> <span class='ocrx_word' id='word_1_710' title='bbox 2851 4675 3026 4732; x_wconf 86' lang='lat' dir='ltr'>occisi</span> <span class='ocrx_word' id='word_1_711' title='bbox 3079 4681 3217 4731; x_wconf 89' lang='lat' dir='ltr'>sunt</span> <span class='ocrx_word' id='word_1_712' title='bbox 3252 4693 3263 4729; x_wconf 92' lang='lat'>:</span> <span class='ocrx_word' id='word_1_713' title='bbox 3309 4672 3475 4746; x_wconf 89' lang='lat' dir='ltr'>pueri</span> <span class='ocrx_word' id='word_1_714' title='bbox 3527 4677 3685 4744; x_wconf 88' lang='lat' dir='ltr'>sunt,</span> <span class='ocrx_word' id='word_1_715' title='bbox 3720 4689 3784 4728; x_wconf 89' lang='lat' dir='ltr'>ac</span> 
     </span>
    </p>
   </div>
   <div class='ocr_carea' id='block_1_98' title="bbox 381 4757 2026 4843">
    <p class='ocr_par' dir='ltr' id='par_1_98' title="bbox 381 4757 2026 4843">
     <span class='ocr_line' id='line_1_98' title="bbox 381 4757 2026 4843; baseline 0.005 -30"><span class='ocrx_word' id='word_1_716' title='bbox 381 4757 534 4832; x_wconf 88' lang='grc' dir='ltr'>μίσαι</span> <span class='ocrx_word' id='word_1_717' title='bbox 563 4760 629 4814; x_wconf 72' lang='grc' dir='ltr'>τα</span> <span class='ocrx_word' id='word_1_718' title='bbox 659 4759 937 4835; x_wconf 81' lang='grc' dir='ltr'>χαροποιᾶ</span> <span class='ocrx_word' id='word_1_719' title='bbox 967 4759 1270 4835; x_wconf 64' lang='grc' dir='ltr'>εὐαγγέλιαε</span> <span class='ocrx_word' id='word_1_720' title='bbox 1308 4762 1383 4833; x_wconf 77' lang='grc' dir='ltr'>μή</span> <span class='ocrx_word' id='word_1_721' title='bbox 1417 4757 1670 4837; x_wconf 79' lang='grc' dir='ltr'>προλάϐῃ</span> <span class='ocrx_word' id='word_1_722' title='bbox 1726 4765 1794 4819; x_wconf 68' lang='grc' dir='ltr'>τὰ</span> <span class='ocrx_word' id='word_1_723' title='bbox 1855 4767 2026 4843; x_wconf 79' lang='grc' dir='ltr'>βρέφη</span> 
     </span>
    </p>
   </div>
   <div class='ocr_carea' id='block_1_99' title="bbox 381 4846 2032 4930">
    <p class='ocr_par' dir='ltr' id='par_1_99' title="bbox 381 4846 2032 4930">
     <span class='ocr_line' id='line_1_99' title="bbox 381 4846 2032 4930; baseline 0.004 -28"><span class='ocrx_word' id='word_1_724' title='bbox 381 4869 468 4920; x_wconf 85' lang='grc' dir='ltr'>με,</span> <span class='ocrx_word' id='word_1_725' title='bbox 502 4849 764 4920; x_wconf 89' lang='grc' dir='ltr'>Δέσποτα,</span> <span class='ocrx_word' id='word_1_726' title='bbox 796 4848 830 4902; x_wconf 77' lang='grc' dir='ltr'><strong>ἆ</strong></span> <span class='ocrx_word' id='word_1_727' title='bbox 862 4846 951 4903; x_wconf 78' lang='grc' dir='ltr'>διὰ</span> <span class='ocrx_word' id='word_1_728' title='bbox 991 4848 1049 4902; x_wconf 75' lang='grc' dir='ltr'>σὲ</span> <span class='ocrx_word' id='word_1_729' title='bbox 1101 4851 1192 4903; x_wconf 82' lang='grc' dir='ltr'>τὸν</span> <span class='ocrx_word' id='word_1_730' title='bbox 1241 4849 1376 4923; x_wconf 83' lang='grc' dir='ltr'>πρὸς</span> <span class='ocrx_word' id='word_1_731' title='bbox 1423 4847 1667 4926; x_wconf 85' lang='grc' dir='ltr'>Ἡρώδου</span> <span class='ocrx_word' id='word_1_732' title='bbox 1717 4852 1878 4930; x_wconf 76' lang='grc' dir='ltr'>φόνον</span> <span class='ocrx_word' id='word_1_733' title='bbox 1938 4856 2032 4909; x_wconf 83' lang='grc' dir='ltr'>ὑπ-</span> 
     </span>
    </p>
   </div>
   <div class='ocr_carea' id='block_1_100' title="bbox 377 4939 2029 5020">
    <p class='ocr_par' dir='ltr' id='par_1_100' title="bbox 377 4939 2029 5020">
     <span class='ocr_line' id='line_1_100' title="bbox 377 4939 2029 5020; baseline 0.004 -26"><span class='ocrx_word' id='word_1_734' title='bbox 377 4939 575 5011; x_wconf 81' lang='grc' dir='ltr'>έμεινε.</span> <span class='ocrx_word' id='word_1_735' title='bbox 631 4942 816 5011; x_wconf 80' lang='grc' dir='ltr'>Νήπια</span> <span class='ocrx_word' id='word_1_736' title='bbox 865 4939 966 4994; x_wconf 72' lang='grc' dir='ltr'>εἶσι</span> <span class='ocrx_word' id='word_1_737' title='bbox 1015 4939 1104 4994; x_wconf 81' lang='grc' dir='ltr'>καὶ</span> <span class='ocrx_word' id='word_1_738' title='bbox 1155 4939 1332 5016; x_wconf 83' lang='grc' dir='ltr'>γοργᾶ</span> <span class='ocrx_word' id='word_1_739' title='bbox 1378 4941 1466 4994; x_wconf 78' lang='grc' dir='ltr'>καὶ</span> <span class='ocrx_word' id='word_1_740' title='bbox 1508 4940 1783 5012; x_wconf 78' lang='grc' dir='ltr'>εύκίνητα·</span> <span class='ocrx_word' id='word_1_741' title='bbox 1817 4943 1921 5020; x_wconf 82' lang='grc' dir='ltr'>ἐγὼ</span> <span class='ocrx_word' id='word_1_742' title='bbox 1972 4945 2029 5000; x_wconf 75' lang='grc' dir='ltr'>δὲ</span> 
     </span>
    </p>
   </div>
   <div class='ocr_carea' id='block_1_101' title="bbox 373 5024 2026 5106">
    <p class='ocr_par' dir='ltr' id='par_1_101' title="bbox 373 5024 2026 5106">
     <span class='ocr_line' id='line_1_101' title="bbox 373 5024 2026 5106; baseline 0.003 -24"><span class='ocrx_word' id='word_1_743' title='bbox 373 5026 546 5104; x_wconf 88' lang='grc' dir='ltr'>γέρων</span> <span class='ocrx_word' id='word_1_744' title='bbox 607 5027 696 5082; x_wconf 85' lang='grc' dir='ltr'>καὶ</span> <span class='ocrx_word' id='word_1_745' title='bbox 749 5024 948 5104; x_wconf 79' lang='grc' dir='ltr'>βραδὺς</span> <span class='ocrx_word' id='word_1_746' title='bbox 995 5027 1084 5083; x_wconf 80' lang='grc' dir='ltr'>καὶ</span> <span class='ocrx_word' id='word_1_747' title='bbox 1139 5025 1477 5100; x_wconf 57' lang='grc' dir='ltr'>δυσκίνητος</span> <span class='ocrx_word' id='word_1_748' title='bbox 1519 5030 1608 5084; x_wconf 75' lang='grc' dir='ltr'>καὶ</span> <span class='ocrx_word' id='word_1_749' title='bbox 1659 5027 1874 5086; x_wconf 83' lang='grc' dir='ltr'>δέδοικα</span> <span class='ocrx_word' id='word_1_750' title='bbox 1920 5035 2026 5106; x_wconf 82' lang='grc' dir='ltr'>μή·</span> 
     </span>
    </p>
   </div>
   <div class='ocr_carea' id='block_1_102' title="bbox 375 5116 2024 5196">
    <p class='ocr_par' dir='ltr' id='par_1_102' title="bbox 375 5116 2024 5196">
     <span class='ocr_line' id='line_1_102' title="bbox 375 5116 2024 5196; baseline 0.003 -25"><span class='ocrx_word' id='word_1_751' title='bbox 375 5139 503 5188; x_wconf 88' lang='grc' dir='ltr'>που,</span> <span class='ocrx_word' id='word_1_752' title='bbox 533 5116 833 5193; x_wconf 87' lang='grc' dir='ltr'>ταχύτερον</span> <span class='ocrx_word' id='word_1_753' title='bbox 867 5116 1252 5194; x_wconf 82' lang='grc' dir='ltr'>προδραμόντα</span> <span class='ocrx_word' id='word_1_754' title='bbox 1303 5123 1434 5194; x_wconf 88' lang='grc' dir='ltr'>μου’</span> <span class='ocrx_word' id='word_1_755' title='bbox 1463 5119 1730 5196; x_wconf 76' lang='grc' dir='ltr'>μεγίστων</span> <span class='ocrx_word' id='word_1_756' title='bbox 1765 5119 1906 5176; x_wconf 80' lang='grc' dir='ltr'>οὕτω</span> <span class='ocrx_word' id='word_1_757' title='bbox 1937 5123 2024 5176; x_wconf 76' lang='grc' dir='ltr'>καὶ</span> 
     </span>
    </p>
   </div>
   <div class='ocr_carea' id='block_1_103' title="bbox 374 5204 2025 5286">
    <p class='ocr_par' dir='ltr' id='par_1_103' title="bbox 374 5204 2025 5286">
     <span class='ocr_line' id='line_1_103' title="bbox 374 5204 2025 5286; baseline 0.003 -25"><span class='ocrx_word' id='word_1_758' title='bbox 374 5204 645 5282; x_wconf 85' lang='grc' dir='ltr'>λαμπρῶν</span> <span class='ocrx_word' id='word_1_759' title='bbox 700 5205 912 5282; x_wconf 73' lang='grc' dir='ltr'>ἀγαθῶν</span> <span class='ocrx_word' id='word_1_760' title='bbox 974 5205 1193 5283; x_wconf 69' lang='grc' dir='ltr'>ἄγγελοι</span> <span class='ocrx_word' id='word_1_761' title='bbox 1247 5214 1366 5271; x_wconf 85' lang='grc' dir='ltr'>τοῖς</span> <span class='ocrx_word' id='word_1_762' title='bbox 1421 5213 1518 5264; x_wconf 77' lang='grc' dir='ltr'>τοῦ</span> <span class='ocrx_word' id='word_1_763' title='bbox 1569 5211 1755 5286; x_wconf 82' lang='grc' dir='ltr'>γένους</span> <span class='ocrx_word' id='word_1_764' title='bbox 1809 5211 2025 5285; x_wconf 87' lang='grc' dir='ltr'>προπά-</span> 
     </span>
    </p>
   </div>
   <div class='ocr_carea' id='block_1_104' title="bbox 370 5297 2024 5371">
    <p class='ocr_par' dir='ltr' id='par_1_104' title="bbox 370 5297 2024 5371">
     <span class='ocr_line' id='line_1_104' title="bbox 370 5297 2024 5371; baseline 0.004 -21"><span class='ocrx_word' id='word_1_765' title='bbox 370 5317 525 5370; x_wconf 88' lang='grc' dir='ltr'>τορσι</span> <span class='ocrx_word' id='word_1_766' title='bbox 581 5297 840 5371; x_wconf 86' lang='grc' dir='ltr'>γένωνται</span> <span class='ocrx_word' id='word_1_767' title='bbox 875 5300 1009 5368; x_wconf 77' lang='grc'>(44).</span> <span class='ocrx_word' id='word_1_768' title='bbox 1066 5297 1226 5354; x_wconf 79' lang='grc' dir='ltr'>Οὕτω</span> <span class='ocrx_word' id='word_1_769' title='bbox 1282 5298 1375 5370; x_wconf 71' lang='grc' dir='ltr'>μὶν</span> <span class='ocrx_word' id='word_1_770' title='bbox 1431 5298 1521 5354; x_wconf 78' lang='grc' dir='ltr'>οὖν</span> <span class='ocrx_word' id='word_1_771' title='bbox 1575 5300 1603 5354; x_wconf 84' lang='grc' dir='ltr'>ὁ</span> <span class='ocrx_word' id='word_1_772' title='bbox 1653 5302 1797 5363; x_wconf 82' lang='grc' dir='ltr'>θεῖος</span> <span class='ocrx_word' id='word_1_773' title='bbox 1854 5297 2024 5365; x_wconf 80' lang='grc' dir='ltr'>ὅντως</span> 
     </span>
    </p>
   </div>
   <div class='ocr_carea' id='block_1_105' title="bbox 371 5386 2024 5465">
    <p class='ocr_par' dir='ltr' id='par_1_105' title="bbox 371 5386 2024 5465">
     <span class='ocr_line' id='line_1_105' title="bbox 371 5386 2024 5465; baseline 0.004 -25"><span class='ocrx_word' id='word_1_774' title='bbox 371 5387 532 5460; x_wconf 75' lang='grc' dir='ltr'>ἀνὴρ,</span> <span class='ocrx_word' id='word_1_775' title='bbox 574 5386 664 5440; x_wconf 83' lang='grc' dir='ltr'>καὶ</span> <span class='ocrx_word' id='word_1_776' title='bbox 713 5393 814 5454; x_wconf 83' lang='grc' dir='ltr'>τῆς</span> <span class='ocrx_word' id='word_1_777' title='bbox 865 5391 1098 5457; x_wconf 68' lang='grc' dir='ltr'>Χριστοῦ</span> <span class='ocrx_word' id='word_1_778' title='bbox 1141 5387 1436 5462; x_wconf 83' lang='grc' dir='ltr'>παρουσίας</span> <span class='ocrx_word' id='word_1_779' title='bbox 1489 5386 1803 5464; x_wconf 87' lang='grc' dir='ltr'>διαπρύσιος</span> <span class='ocrx_word' id='word_1_780' title='bbox 1854 5391 2024 5465; x_wconf 78' lang='grc' dir='ltr'>κήρυξ</span> 
     </span>
    </p>
   </div>
   <div class='ocr_carea' id='block_1_106' title="bbox 372 5474 2024 5554">
    <p class='ocr_par' dir='ltr' id='par_1_106' title="bbox 372 5474 2024 5554">
     <span class='ocr_line' id='line_1_106' title="bbox 372 5474 2024 5554; baseline 0.004 -25"><span class='ocrx_word' id='word_1_781' title='bbox 372 5474 797 5549; x_wconf 77' lang='grc' dir='ltr'>εὐχαριστήσας,</span> <span class='ocrx_word' id='word_1_782' title='bbox 828 5480 989 5529; x_wconf 80' lang='grc' dir='ltr'>τοῦτο</span> <span class='ocrx_word' id='word_1_783' title='bbox 1019 5476 1118 5550; x_wconf 80' lang='grc' dir='ltr'>γὰρ</span> <span class='ocrx_word' id='word_1_784' title='bbox 1167 5476 1230 5531; x_wconf 86' lang='grc' dir='ltr'>τὸ</span> <span class='ocrx_word' id='word_1_785' title='bbox 1273 5477 1364 5531; x_wconf 86' lang='grc' dir='ltr'>τὸν</span> <span class='ocrx_word' id='word_1_786' title='bbox 1415 5478 1542 5533; x_wconf 84' lang='grc' dir='ltr'>Θεὸν</span> <span class='ocrx_word' id='word_1_787' title='bbox 1589 5476 1886 5554; x_wconf 84' lang='grc' dir='ltr'>εὐλογῆσαι</span> <span class='ocrx_word' id='word_1_788' title='bbox 1920 5478 2024 5550; x_wconf 84' lang='grc' dir='ltr'>δη-</span> 
     </span>
    </p>
   </div>
   <div class='ocr_carea' id='block_1_107' title="bbox 449 5620 1526 5692">
    <p class='ocr_par' dir='ltr' id='par_1_107' title="bbox 449 5620 1526 5692">
     <span class='ocr_line' id='line_1_107' title="bbox 449 5620 1526 5692; baseline 0.003 -17"><span class='ocrx_word' id='word_1_789' title='bbox 449 5621 494 5655; x_wconf 68' lang='lat'>“</span> <span class='ocrx_word' id='word_1_790' title='bbox 525 5621 606 5676; x_wconf 85' lang='lat' dir='ltr'>Cf.</span> <span class='ocrx_word' id='word_1_791' title='bbox 636 5621 746 5676; x_wconf 89' lang='lat' dir='ltr'>Isa.</span> <span class='ocrx_word' id='word_1_792' title='bbox 777 5636 944 5688; x_wconf 84' lang='lat' dir='ltr'>xxxv,</span> <span class='ocrx_word' id='word_1_793' title='bbox 968 5620 1022 5675; x_wconf 89' lang='lat'>3.</span> <span class='ocrx_word' id='word_1_794' title='bbox 1103 5621 1146 5655; x_wconf 73' lang='lat'>‘7</span> <span class='ocrx_word' id='word_1_795' title='bbox 1181 5622 1312 5679; x_wconf 89' lang='lat' dir='ltr'>Luc.</span> <span class='ocrx_word' id='word_1_796' title='bbox 1348 5637 1411 5692; x_wconf 80' lang='grc' dir='ltr'>ιι,</span> <span class='ocrx_word' id='word_1_797' title='bbox 1434 5623 1526 5678; x_wconf 87' lang='grc'>29.</span> 
     </span>
    </p>
   </div>
   <div class='ocr_carea' id='block_1_108' title="bbox 448 5759 1282 5838">
    <p class='ocr_par' dir='ltr' id='par_1_108' title="bbox 448 5759 1282 5838">
     <span class='ocr_line' id='line_1_108' title="bbox 448 5759 1282 5838; baseline 0.005 -19"><span class='ocrx_word' id='word_1_798' title='bbox 448 5765 561 5838; x_wconf 76' lang='grc'>(43)</span> <span class='ocrx_word' id='word_1_799' title='bbox 594 5764 732 5838; x_wconf 78' lang='lat' dir='ltr'>Reg.</span> <span class='ocrx_word' id='word_1_800' title='bbox 763 5767 819 5837; x_wconf 86' lang='lat'>2,</span> <span class='ocrx_word' id='word_1_801' title='bbox 853 5760 915 5817; x_wconf 76' lang='grc' dir='ltr'>οὗ</span> <span class='ocrx_word' id='word_1_802' title='bbox 946 5759 1282 5838; x_wconf 78' lang='grc' dir='ltr'>διεψεύσθην.</span> 
     </span>
    </p>
   </div>
   <div class='ocr_carea' id='block_1_109' title="bbox 2141 4764 3782 4842">
    <p class='ocr_par' dir='ltr' id='par_1_109' title="bbox 2141 4764 3782 4842">
     <span class='ocr_line' id='line_1_109' title="bbox 2141 4764 3782 4842; baseline -0.006 -16"><span class='ocrx_word' id='word_1_803' title='bbox 2141 4769 2326 4842; x_wconf 87' lang='lat' dir='ltr'>vegeti</span> <span class='ocrx_word' id='word_1_804' title='bbox 2357 4769 2689 4842; x_wconf 88' lang='lat' dir='ltr'>agilesque;</span> <span class='ocrx_word' id='word_1_805' title='bbox 2714 4771 2772 4822; x_wconf 90' lang='lat' dir='ltr'>at</span> <span class='ocrx_word' id='word_1_806' title='bbox 2791 4784 2896 4838; x_wconf 76' lang='lat' dir='ltr'>ego</span> <span class='ocrx_word' id='word_1_807' title='bbox 2925 4781 3099 4822; x_wconf 85' lang='lat' dir='ltr'>senex</span> <span class='ocrx_word' id='word_1_808' title='bbox 3122 4781 3135 4832; x_wconf 89' lang='lat'><strong>;</strong></span> <span class='ocrx_word' id='word_1_809' title='bbox 3158 4764 3462 4831; x_wconf 80' lang='lat' dir='ltr'>tardus,ao</span> <span class='ocrx_word' id='word_1_810' title='bbox 3484 4777 3634 4834; x_wconf 60' lang='lat' dir='ltr'>aegre</span> <span class='ocrx_word' id='word_1_811' title='bbox 3655 4777 3782 4817; x_wconf 85' lang='lat' dir='ltr'>mo-</span> 
     </span>
    </p>
   </div>
   <div class='ocr_carea' id='block_1_110' title="bbox 2138 4856 3783 4930">
    <p class='ocr_par' dir='ltr' id='par_1_110' title="bbox 2138 4856 3783 4930">
     <span class='ocr_line' id='line_1_110' title="bbox 2138 4856 3783 4930; baseline -0.006 -14"><span class='ocrx_word' id='word_1_812' title='bbox 2138 4859 2272 4916; x_wconf 91' lang='lat' dir='ltr'>bilis</span> <span class='ocrx_word' id='word_1_813' title='bbox 2307 4878 2319 4915; x_wconf 93' lang='lat'>:</span> <span class='ocrx_word' id='word_1_814' title='bbox 2353 4873 2669 4930; x_wconf 82' lang='lat' dir='ltr'>vereorque</span> <span class='ocrx_word' id='word_1_815' title='bbox 2702 4873 2772 4912; x_wconf 87' lang='lat' dir='ltr'>ne</span> <span class='ocrx_word' id='word_1_816' title='bbox 2820 4856 2934 4912; x_wconf 90' lang='lat' dir='ltr'>cito</span> <span class='ocrx_word' id='word_1_817' title='bbox 2967 4871 3144 4910; x_wconf 90' lang='lat' dir='ltr'>cursu</span> <span class='ocrx_word' id='word_1_818' title='bbox 3185 4858 3626 4925; x_wconf 69' lang='lat' dir='ltr'>praecurrentes,</span> <span class='ocrx_word' id='word_1_819' title='bbox 3658 4869 3783 4907; x_wconf 85' lang='lat' dir='ltr'>ma-</span> 
     </span>
    </p>
   </div>
   <div class='ocr_carea' id='block_1_111' title="bbox 2135 4940 3784 5020">
    <p class='ocr_par' dir='ltr' id='par_1_111' title="bbox 2135 4940 3784 5020">
     <span class='ocr_line' id='line_1_111' title="bbox 2135 4940 3784 5020; baseline -0.007 -15"><span class='ocrx_word' id='word_1_820' title='bbox 2135 4950 2431 5005; x_wconf 80' lang='lat' dir='ltr'>ximorum</span> <span class='ocrx_word' id='word_1_821' title='bbox 2473 4946 3004 5020; x_wconf 71' lang='lat' dir='ltr'>praeclarorumquc</span> <span class='ocrx_word' id='word_1_822' title='bbox 3031 4943 3320 4998; x_wconf 88' lang='lat' dir='ltr'>bonorum</span> <span class='ocrx_word' id='word_1_823' title='bbox 3355 4940 3544 4996; x_wconf 90' lang='lat' dir='ltr'>nuntii</span> <span class='ocrx_word' id='word_1_824' title='bbox 3577 4941 3784 5011; x_wconf 86' lang='lat' dir='ltr'>primis</span> 
     </span>
    </p>
   </div>
   <div class='ocr_carea' id='block_1_112' title="bbox 2137 5028 3784 5111">
    <p class='ocr_par' dir='ltr' id='par_1_112' title="bbox 2137 5028 3784 5111">
     <span class='ocr_line' id='line_1_112' title="bbox 2137 5028 3784 5111; baseline -0.006 -17"><span class='ocrx_word' id='word_1_825' title='bbox 2137 5038 2368 5111; x_wconf 83' lang='lat' dir='ltr'>generis</span> <span class='ocrx_word' id='word_1_826' title='bbox 2405 5037 2744 5109; x_wconf 88' lang='lat' dir='ltr'>parentibus</span> <span class='ocrx_word' id='word_1_827' title='bbox 2775 5035 2911 5090; x_wconf 87' lang='lat' dir='ltr'>sint.</span> <span class='ocrx_word' id='word_1_828' title='bbox 2935 5034 3023 5089; x_wconf 91' lang='lat' dir='ltr'>lta</span> <span class='ocrx_word' id='word_1_829' title='bbox 3042 5033 3196 5089; x_wconf 71' lang='lat'>862</span> <span class='ocrx_word' id='word_1_830' title='bbox 3229 5029 3401 5103; x_wconf 87' lang='lat' dir='ltr'>plane</span> <span class='ocrx_word' id='word_1_831' title='bbox 3432 5029 3666 5084; x_wconf 85' lang='lat' dir='ltr'>divinus</span> <span class='ocrx_word' id='word_1_832' title='bbox 3687 5028 3784 5085; x_wconf 88' lang='lat' dir='ltr'>ille</span> 
     </span>
    </p>
   </div>
   <div class='ocr_carea' id='block_1_113' title="bbox 2135 5117 3786 5199">
    <p class='ocr_par' dir='ltr' id='par_1_113' title="bbox 2135 5117 3786 5199">
     <span class='ocr_line' id='line_1_113' title="bbox 2135 5117 3786 5199; baseline -0.006 -17"><span class='ocrx_word' id='word_1_833' title='bbox 2135 5129 2241 5198; x_wconf 89' lang='lat' dir='ltr'>vir,</span> <span class='ocrx_word' id='word_1_834' title='bbox 2273 5145 2337 5183; x_wconf 88' lang='lat' dir='ltr'>ac</span> <span class='ocrx_word' id='word_1_835' title='bbox 2370 5125 2687 5199; x_wconf 70' lang='lat' dir='ltr'>praeclarus</span> <span class='ocrx_word' id='word_1_836' title='bbox 2737 5125 3024 5180; x_wconf 88' lang='lat' dir='ltr'>adventus</span> <span class='ocrx_word' id='word_1_837' title='bbox 3075 5119 3290 5176; x_wconf 85' lang='lat' dir='ltr'>Christi</span> <span class='ocrx_word' id='word_1_838' title='bbox 3339 5134 3549 5191; x_wconf 68' lang='lat' dir='ltr'>praeco,</span> <span class='ocrx_word' id='word_1_839' title='bbox 3579 5117 3786 5190; x_wconf 78' lang='lat' dir='ltr'>gratiis</span> 
     </span>
    </p>
   </div>
   <div class='ocr_carea' id='block_1_114' title="bbox 2137 5206 3790 5285">
    <p class='ocr_par' dir='ltr' id='par_1_114' title="bbox 2137 5206 3790 5285">
     <span class='ocr_line' id='line_1_114' title="bbox 2137 5206 3790 5285; baseline -0.007 -14"><span class='ocrx_word' id='word_1_840' title='bbox 2137 5215 2304 5281; x_wconf 89' lang='lat' dir='ltr'>actis,</span> <span class='ocrx_word' id='word_1_841' title='bbox 2339 5219 2406 5271; x_wconf 89' lang='lat' dir='ltr'>ut</span> <span class='ocrx_word' id='word_1_842' title='bbox 2437 5214 2572 5270; x_wconf 90' lang='lat' dir='ltr'>hinc</span> <span class='ocrx_word' id='word_1_843' title='bbox 2616 5213 2824 5285; x_wconf 88' lang='lat' dir='ltr'>liquet,</span> <span class='ocrx_word' id='word_1_844' title='bbox 2869 5211 3026 5283; x_wconf 87' lang='lat' dir='ltr'>quod</span> <span class='ocrx_word' id='word_1_845' title='bbox 3058 5210 3242 5266; x_wconf 87' lang='lat' dir='ltr'>Deum</span> <span class='ocrx_word' id='word_1_846' title='bbox 3274 5206 3654 5277; x_wconf 80' lang='lat' dir='ltr'>benedixerit,</span> <span class='ocrx_word' id='word_1_847' title='bbox 3686 5223 3790 5280; x_wconf 86' lang='lat' dir='ltr'>ap-</span> 
     </span>
    </p>
   </div>
   <div class='ocr_carea' id='block_1_115' title="bbox 2137 5293 3784 5376">
    <p class='ocr_par' dir='ltr' id='par_1_115' title="bbox 2137 5293 3784 5376">
     <span class='ocr_line' id='line_1_115' title="bbox 2137 5293 3784 5376; baseline -0.007 -16"><span class='ocrx_word' id='word_1_848' title='bbox 2137 5309 2526 5376; x_wconf 89' lang='lat' dir='ltr'>prccatusque</span> <span class='ocrx_word' id='word_1_849' title='bbox 2577 5303 2861 5359; x_wconf 88' lang='lat' dir='ltr'>dimissus</span> <span class='ocrx_word' id='word_1_850' title='bbox 2891 5305 2999 5358; x_wconf 88' lang='lat' dir='ltr'>est.</span> <span class='ocrx_word' id='word_1_851' title='bbox 3036 5299 3262 5355; x_wconf 80' lang='lat' dir='ltr'>Afﬂavit</span> <span class='ocrx_word' id='word_1_852' title='bbox 3291 5295 3449 5353; x_wconf 89' lang='lat' dir='ltr'>enim</span> <span class='ocrx_word' id='word_1_853' title='bbox 3479 5293 3784 5350; x_wconf 88' lang='lat' dir='ltr'>invisibili-</span> 
     </span>
    </p>
   </div>
   <div class='ocr_carea' id='block_1_116' title="bbox 2134 5383 3784 5465">
    <p class='ocr_par' dir='ltr' id='par_1_116' title="bbox 2134 5383 3784 5465">
     <span class='ocr_line' id='line_1_116' title="bbox 2134 5383 3784 5465; baseline -0.007 -15"><span class='ocrx_word' id='word_1_854' title='bbox 2134 5401 2242 5460; x_wconf 91' lang='lat' dir='ltr'>ter,</span> <span class='ocrx_word' id='word_1_855' title='bbox 2275 5394 2502 5465; x_wconf 90' lang='lat' dir='ltr'>opinor,</span> <span class='ocrx_word' id='word_1_856' title='bbox 2536 5397 2786 5449; x_wconf 87' lang='lat' dir='ltr'>mentem</span> <span class='ocrx_word' id='word_1_857' title='bbox 2832 5394 2958 5461; x_wconf 89' lang='lat' dir='ltr'>ejus</span> <span class='ocrx_word' id='word_1_858' title='bbox 2997 5388 3278 5453; x_wconf 89' lang='lat' dir='ltr'>Salvator,</span> <span class='ocrx_word' id='word_1_859' title='bbox 3312 5403 3378 5442; x_wconf 86' lang='lat' dir='ltr'>ac</span> <span class='ocrx_word' id='word_1_860' title='bbox 3434 5383 3784 5441; x_wconf 55' lang='lat' dir='ltr'>obsecratio.</span> 
     </span>
    </p>
   </div>
   <div class='ocr_carea' id='block_1_117' title="bbox 2134 5472 3784 5557">
    <p class='ocr_par' dir='ltr' id='par_1_117' title="bbox 2134 5472 3784 5557">
     <span class='ocr_line' id='line_1_117' title="bbox 2134 5472 3784 5557; baseline -0.007 -18"><span class='ocrx_word' id='word_1_861' title='bbox 2134 5501 2270 5541; x_wconf 89' lang='lat' dir='ltr'>nem</span> <span class='ocrx_word' id='word_1_862' title='bbox 2302 5485 2430 5556; x_wconf 88' lang='lat' dir='ltr'>ejus</span> <span class='ocrx_word' id='word_1_863' title='bbox 2460 5483 2631 5557; x_wconf 89' lang='lat' dir='ltr'>plane</span> <span class='ocrx_word' id='word_1_864' title='bbox 2662 5478 2978 5545; x_wconf 82' lang='lat' dir='ltr'>exaudivit,</span> <span class='ocrx_word' id='word_1_865' title='bbox 3010 5482 3067 5534; x_wconf 87' lang='lat' dir='ltr'>et</span> <span class='ocrx_word' id='word_1_866' title='bbox 3101 5483 3162 5534; x_wconf 90' lang='lat' dir='ltr'>ut</span> <span class='ocrx_word' id='word_1_867' title='bbox 3190 5473 3496 5550; x_wconf 88' lang='lat' dir='ltr'>proprium</span> <span class='ocrx_word' id='word_1_868' title='bbox 3528 5473 3642 5531; x_wconf 89' lang='lat' dir='ltr'>sibi</span> <span class='ocrx_word' id='word_1_869' title='bbox 3664 5472 3784 5529; x_wconf 83' lang='lat' dir='ltr'>cul-</span> 
     </span>
    </p>
   </div>
   <div class='ocr_carea' id='block_1_118' title="bbox 2213 5767 2854 5846">
    <p class='ocr_par' dir='ltr' id='par_1_118' title="bbox 2213 5767 2854 5846">
     <span class='ocr_line' id='line_1_118' title="bbox 2213 5767 2854 5846; baseline -0.011 -18"><span class='ocrx_word' id='word_1_870' title='bbox 2213 5772 2328 5843; x_wconf 81' lang='grc'>(44)</span> <span class='ocrx_word' id='word_1_871' title='bbox 2357 5771 2496 5844; x_wconf 83' lang='lat' dir='ltr'>Reg.</span> <span class='ocrx_word' id='word_1_872' title='bbox 2529 5774 2587 5839; x_wconf 86' lang='lat'>2,</span> <span class='ocrx_word' id='word_1_873' title='bbox 2616 5767 2854 5846; x_wconf 82' lang='grc' dir='ltr'>γένηται.</span> 
     </span>
    </p>
   </div>
  </div>
