4120 6388
320 399 434 459 991
1487 404 1548 460 S.
1599 401 2126 462 ATHANASIUS.
2150 434 2225 445 —
2257 400 2570 462 SPURIA.
3617 396 3738 455 992

319 535 509 588 torem
561 533 910 605 assumpsit,
944 533 1042 606 qui
1078 535 1187 590 sub
1225 534 1351 607 lege
1395 539 1451 591 et
1480 536 1590 591 sub
1635 536 1846 591 umbra
1874 534 1970 590 diu

2091 531 2203 602 λοῖ,
2234 533 2666 608 προσευξάμενος
2716 530 3007 588 ἀπελύετο.
3036 532 3248 604 Ἥψατο
3305 530 3405 606 γὰρ
3463 526 3735 602 ἀοράτως,

327 620 701 694 multumque
733 621 1081 693 laborasset,
1115 628 1374 696 tuncque
1419 625 1614 680 divina
1644 625 1845 698 gratiae
1876 624 1970 679 do-

2089 623 2268 696 οἷμαι,
2296 628 2405 678 τῶν
2437 623 2638 678 τούτου
2671 627 2876 700 φρενῶν
2911 623 2939 677 ὁ
2974 623 3191 693 Σωτήρ,
3223 620 3311 675 καὶ
3359 626 3462 689 τῆς
3503 616 3738 690 δεήσεως

327 710 518 766 ctrina
539 711 745 782 junior
773 712 1013 768 effectus
1040 717 1212 769 esset.

2086 711 2282 767 τούτου
2313 712 2448 767 κατὰ
2493 711 2663 767 πάντα
2709 712 3013 784 εἷσήκουσε,
3045 711 3133 765 καὶ
3193 711 3267 772 ὡς
3326 706 3464 764 ἴδιον
3507 707 3738 783 λάτρην,

325 797 639 871 κεκμηκότα
699 799 794 872 μὶν
852 797 1082 854 πλεῖστα
1136 804 1213 872 τῷ
1268 799 1426 872 νόμῳ
1483 799 1571 855 καὶ
1629 802 1696 874 τῇ
1755 803 1896 872 σκιᾷ,
1948 798 2201 871 νεάζοντα
2257 798 2315 856 δὲ
2369 807 2485 864 τοῖς
2544 799 2709 863 θείοις
2773 807 2872 871 τῆς
2948 802 3176 877 χάριτος
3251 796 3509 874 δόγμασι,
3568 817 3738 873 προσ-

316 881 564 945 ελάϐετο.

389 979 474 1033 14.
504 977 720 1050 Josepb
754 982 950 1034 autem
983 984 1040 1035 et
1085 981 1268 1036 Mater
1296 981 1444 1051 ejus,
1480 1003 1507 1030 ‹‹
1542 981 1846 1048 mirantes,
1877 981 1971 1036 in-

315 1067 465 1139 quit,
499 1072 666 1123 erant
692 1085 867 1139 super
900 1069 989 1125 bis
1040 1087 1166 1142 quae
1213 1070 1560 1124 dicebantur
1606 1071 1676 1124 de
1708 1069 1806 1124 illo
1840 1070 1903 1124 ⁸³.
1941 1093 1970 1120 ››

310 1156 676 1212 Mirabantur
706 1163 926 1225 autem,
962 1159 1409 1229 arbitror,quod
1444 1159 1707 1214 nondum
1742 1159 1811 1214 de
1840 1160 1970 1230 ejus

310 1245 614 1301 divinitate
645 1247 918 1304 certiores
951 1247 1088 1302 tacti
1121 1252 1356 1303 essent:
1381 1248 1616 1304 tametsi
1640 1250 1783 1304 satis
1805 1251 1971 1304 erant

309 1335 595 1392 miracula
617 1335 674 1390 in
703 1337 831 1407 ejus
854 1337 1157 1393 nativitate
1174 1342 1378 1410 gesta;
1419 1337 1536 1404 illa,
1567 1337 1967 1410 inquam,qua3

308 1440 513 1496 magos
544 1430 810 1498 spectant
839 1431 1012 1497 atque
1046 1431 1314 1499 pastores
1351 1445 1362 1482 :
1399 1443 1622 1483 necnon
1655 1427 1825 1482 varis:
1861 1444 1967 1482 an-

309 1513 573 1585 gelorum
605 1515 856 1570 visiones
891 1534 902 1570 :
939 1517 1213 1589 quodque
1259 1517 1545 1572 miracula
1575 1525 1812 1588 superat
1840 1533 1966 1571 om-

307 1601 426 1673 nia,
474 1602 834 1676 virginitatis
880 1607 1244 1662 conservatio
1289 1624 1356 1662 ac
1406 1606 1859 1678 perseverantia,
1893 1607 1965 1661 ad

307 1691 388 1747 rei
419 1696 637 1747 certam
669 1693 868 1762 ﬁdem,
901 1711 966 1750 ac
997 1697 1263 1751 omnium
1300 1712 1676 1752 consensum.
1697 1697 1964 1750 Attamen

302 1795 436 1835 cum
483 1781 753 1837 miraculi
801 1783 1274 1856 magnitudinem
1325 1785 1752 1858 conspicerent,
1785 1788 1962 1856 atque

305 1867 518 1941 pietate
567 1887 677 1926 sua
719 1871 1102 1944 cogitationes
1151 1873 1447 1930 frenarent
1492 1873 1624 1946 (rati
1672 1890 1952 1946 magnum

306 1974 459 2029 esse,
492 1964 557 2014 ut
604 1976 803 2016 revera
833 1966 942 2028 est,
975 1963 1130 2034 quod
1181 1968 1332 2018 Deus
1364 1963 1815 2034 incarnaretur),
1841 1964 1955 2018 ﬂu-

309 2051 547 2104 ctuante
576 2049 768 2106 adhuc
795 2056 972 2122 atque
1002 2052 1309 2109 dubitante
1334 2057 1502 2109 erant
1526 2054 1744 2108 animo.
1770 2057 1960 2119 Quare

309 2151 445 2192 cum
478 2139 682 2210 paucis
737 2155 916 2195 senex
945 2139 1456 2213 quasielementis
1487 2158 1614 2214 quae
1641 2142 1806 2214 pueri
1839 2143 1960 2198 dei-

312 2229 491 2282 tatem
526 2228 872 2298 spectabant
902 2229 1261 2298 tradidisset,
1290 2230 1422 2288 illos
1453 2231 1686 2304 deiceps
1718 2231 1963 2303 alloqui-

310 2317 428 2385 tur,
461 2317 834 2387 benedicens,
885 2336 952 2375 ac
1000 2320 1199 2376 beatos
1240 2319 1373 2376 illos
1425 2321 1769 2394 praedicans,
1803 2322 1960 2394 quod

312 2409 510 2461 essent
537 2407 870 2463 mconomiaa
894 2408 1056 2465 illius
1081 2409 1445 2478 administri;
1473 2427 1539 2466 ea
1569 2427 1695 2484 quae
1728 2427 1962 2467 crucem

316 2496 664 2568 spectabant
690 2496 909 2570 optime
938 2503 995 2554 et
1025 2499 1466 2556 absolutissime
1497 2501 1781 2572 praedixit.

385 2760 474 2815 14.
512 2783 540 2813 κ
571 2761 869 2818 Benedixit
897 2763 1077 2832 enim,
1109 2765 1321 2838 inquit,
1347 2766 1463 2823 illis
1492 2772 1762 2841 Symeon,
1796 2774 1852 2826 et
1880 2771 1964 2825 di-

314 2849 398 2904 xit
427 2849 500 2904 ad
531 2849 776 2908 Mariam
807 2855 1048 2909 Matrem
1097 2856 1226 2925 ejus
1257 2872 1270 2910 :
1306 2856 1450 2913 Ecce
1492 2856 1587 2912 hic
1617 2860 1844 2929 positus
1876 2864 1966 2915 est

314 2936 374 2992 in
405 2938 659 3009 ruinam,
694 2945 750 2996 et
778 2941 834 2996 in
887 2945 1371 3000 resurrectionem
1415 2946 1738 3003 multorum
1788 2948 1850 3003 in
1882 2949 1964 3005 Is-

315 3027 436 3084 rael
469 3045 482 3085 :
515 3033 572 3086 et
603 3030 661 3086 in
693 3031 930 3104 signum
962 3032 1053 3088 cui
1100 3034 1532 3091 contradicetur
1559 3037 1622 3090 ιο.
1657 3059 1685 3086 ››
1731 3036 1968 3094 Contra-

317 3116 470 3172 dicet
498 3118 654 3174 enim
689 3124 865 3192 atque
905 3121 1257 3194 disceptabit
1303 3123 1374 3178 de
1423 3123 1540 3193 illo,
1591 3142 1657 3180 ac
1700 3127 1969 3182 doctrina

2155 983 2237 1038 14.
2275 982 2334 1038 Ὁ
2393 977 2452 1035 δὲ
2501 982 2698 1058 Ἰωσὴφ
2749 979 2837 1036 καὶ
2891 983 2925 1050 ἡ
2983 981 3166 1054 μήτηρ
3221 977 3407 1047 αὐτοῦ,
3445 1000 3472 1028 ‹‹
3527 976 3733 1048 θαυμάο

2082 1073 2280 1140 ζοντες,
2339 1070 2524 1148 φησὶν,
2601 1072 2734 1139 ἦσαν
2813 1070 2900 1123 ἐπὶ
2974 1074 3091 1130 τοῖς
3167 1064 3533 1140 λαλουμένοις
3609 1065 3736 1139 περὶ

2081 1159 2264 1217 αὐτοῦ.
2300 1184 2328 1213 ››
2379 1159 2715 1232 Ἐθαύμαζον
2773 1156 2849 1228 δὲ,
2906 1160 3075 1231 μήπω
3123 1154 3356 1224 τελείαν,
3408 1155 3584 1227 οἶμαι,
3632 1151 3732 1208 λα-

2079 1243 2261 1310 ϐόντες
2295 1247 2674 1327 πληροφορίαν
2715 1255 2814 1318 τῆς
2859 1248 3054 1302 τούτου
3105 1246 3380 1315 θεότητος·
3413 1241 3592 1298 καίτοι
3636 1241 3732 1318 ἀρ-

2076 1337 2317 1393 κούντων
2374 1343 2478 1392 τῶν
2538 1339 2674 1394 κατά
2719 1340 2818 1408 τήν
2864 1338 3113 1414 γέννησιν
3146 1335 3457 1408 Θαυμάτων·
3493 1331 3733 1399 ἐκείνων,

2079 1427 2244 1506 φημὶ,
2294 1433 2401 1483 τῶν
2460 1427 2596 1482 κατά
2649 1427 2777 1490 τοὺς
2843 1429 3050 1502 μάγους
3107 1424 3196 1480 καὶ
3253 1422 3380 1485 τοὺς
3437 1422 3726 1494 ποιμένας·

2075 1514 2151 1571 ἔτι
2202 1538 2260 1572 τε
2315 1524 2415 1587 τῆς
2476 1514 2743 1595 διαφόρου
2791 1517 2902 1570 τῶν
2960 1513 3205 1590 ἀγγέλων
3257 1511 3588 1583 ἐπιστασίας,
3639 1509 3729 1565 καὶ

2073 1610 2170 1662 τοῦ
2201 1607 2416 1661 πάντων
2475 1605 2764 1680 θαυμάτων
2815 1604 3062 1660 ἐπέκεινα
3108 1601 3407 1676 θαύματος,
3435 1607 3534 1671 τῆς
3590 1619 3728 1676 παρ-

2074 1694 2249 1757 θενίας
2281 1697 2314 1764 ἡ
2349 1695 2566 1772 φυλακή
2598 1695 2690 1750 καὶ
2722 1697 3046 1770 συντήρησις
3095 1693 3231 1768 πρὸς
3288 1689 3496 1747 τελείαν
3527 1688 3726 1744 τούτου

2073 1783 2452 1861 πληροφορίαν
2532 1783 2621 1839 καὶ
2679 1783 3086 1860 συγκατάθεσιν.
3144 1779 3301 1838 Ἀλλ’
3357 1778 3533 1852 ὅμως,
3587 1778 3724 1854 πρὸς

2064 1873 2156 1929 τὸν
2190 1869 2348 1950 ὄγκον
2385 1874 2823 1936 ἀποσκοποῦντες
2874 1877 2972 1928 τοῦ
3021 1869 3318 1945 θαύματος,
3349 1869 3439 1924 καὶ
3492 1869 3592 1936 τήν
3639 1867 3720 1923 οἷ-

2065 1962 2214 2018 κείαν
2268 1959 2549 2018 εὐλάϐειαν
2598 1961 2930 2039 χαλινοῦσαν
2977 1960 3103 2024 τοὺς
3147 1959 3447 2036 λογισμοὺς
3497 1955 3716 2034 ἔχοντες

2069 2050 2234 2127 (μέγα
2292 2052 2395 2126 γὰρ
2465 2050 2551 2106 καὶ
2629 2053 2744 2106 κατ’
2801 2051 3059 2122 ἀλήθειαν
3114 2051 3172 2105 ὃν
3226 2049 3290 2104 τὸ
3346 2047 3716 2123 σεσαρκῶσθαι

2069 2143 2197 2197 Θεὸν
2257 2137 2684 2215 ὑπελάμϐανον),
2717 2139 2794 2197 ἔτι
2843 2143 2934 2196 τὸν
2977 2144 3098 2196 νοῦν
3145 2137 3513 2211 κλονούμενον
3564 2138 3716 2212 εἶχον

2069 2231 2159 2286 καὶ
2225 2226 2670 2310 ἀμφιϐάλλοντα.
2722 2232 2880 2288 ⁸Ὀθεν
2928 2229 2979 2284 ἐν
3053 2229 3284 2306 βραχέσι
3329 2243 3428 2296 την
3478 2225 3616 2281 κατά
3660 2225 3723 2280 τὸ

2075 2319 2271 2398 βρέφος
2327 2318 2614 2394 θεολογίαν
2656 2321 2684 2376 ὁ
2741 2314 2984 2396 πρέσϐυς
3042 2317 3556 2394 στοιχειωσάμενος,
3590 2316 3726 2391 πρὸς

2071 2410 2306 2471 ἐκείνους
2337 2407 2530 2464 λοιπὸν
2560 2430 2658 2472 τας
2691 2414 2796 2464 τῶν
2831 2407 3013 2484 λόγων
3055 2407 3209 2478 ἡνίας
3266 2405 3724 2481 μεταχειρίζεται,

2072 2498 2311 2574 εὐλογῶν
2346 2519 2405 2553 σε
2431 2499 2657 2560 τούτους
2691 2499 2782 2553 καὶ
2818 2497 3129 2573 μακαρίζων
3157 2502 3256 2566 τῆς
3305 2495 3428 2570 περὶ
3483 2495 3582 2564 τὴν
3643 2493 3725 2548 οἶ·

2070 2588 2333 2662 κονομίαν
2393 2585 2686 2650 διακονίας·
2730 2586 3021 2664 προλέγων
3074 2607 3134 2642 τε
3186 2585 3276 2641 καὶ
3332 2585 3402 2639 τὰ
3458 2582 3583 2659 περὶ
3637 2583 3734 2637 τὸν

2073 2678 2299 2754 σταυρὸν
2325 2675 2518 2754 ἄριστά
2544 2699 2604 2732 τε
2632 2676 2721 2732 καὶ
2749 2674 3081 2731 τελεώτατα.

2147 2770 2234 2825 15.
2296 2792 2323 2818 ‹‹
2384 2764 2674 2842 Εὐλόγησε
2748 2764 2892 2842 γὰρ,
2951 2765 3154 2840 φησὶν,
3210 2761 3405 2825 αὐτοὺς
3478 2761 3727 2834 Συμεὼν,

2072 2857 2161 2913 καὶ
2221 2858 2340 2912 εἷπε
2385 2854 2524 2931 πρὸς
2574 2855 2806 2931 Μαριὰμ
2850 2855 2949 2923 τήν
3005 2853 3212 2928 μητέρα
3243 2851 3428 2907 αὐτοῦ·
3462 2848 3600 2909 Ἰδοὺ
3632 2851 3726 2906 οὗ-

2072 2966 2164 3008 τος
2223 2951 2397 3000 κεῖται
2453 2945 2528 3007 είς
2587 2949 2792 3000 πτῶσιν
2823 2965 2913 2999 και
2949 2944 3232 2999 ἀνάστασιν
3267 2938 3500 2997 πολλῶν
3546 2939 3599 2995 ἐν
3647 2944 3728 3014 τῷ

2075 3031 2318 3108 Ἰσραὴλ,
2375 3033 2466 3089 καὶ
2525 3032 2600 3096 εἲς
2659 3038 2887 3107 σημεῖον
2967 3031 3398 3107 ἀντιλεγόμενον.
3461 3055 3482 3084 s
3545 3031 3728 3084 Ἀντι-

2076 3121 2217 3194 λέξει
2275 3122 2378 3199 γὰρ
2422 3121 2512 3177 καὶ
2560 3118 2864 3198 ἀμφιϐαλεῖ
2911 3120 3034 3196 περὶ
3080 3119 3276 3175 τούτου
3324 3118 3415 3174 καὶ
3457 3123 3555 3174 τοῦ
3612 3123 3729 3174 κατ’

313 3221 446 3261 cum
480 3213 803 3279 spectante,
838 3209 1038 3266 Simon
1080 3213 1360 3268 adversus
1382 3213 1757 3283 Marcionem,
1790 3215 1965 3272 Arius

2081 3212 2236 3268 αὐτὸν
2297 3210 2567 3288 δόγματος
2629 3212 2815 3284 Σίμων
2892 3211 3031 3288 πρὸς
3105 3209 3198 3265 τὸν
3263 3207 3579 3286 Μαρκίωνα,
3640 3207 3730 3263 καὶ

318 3296 598 3352 adversus
630 3297 1274 3372 Sabellium,Eutyches
1304 3303 1582 3359 adversus
1611 3304 1968 3372 Nestorium,

323 3385 557 3457 utrique
606 3387 888 3444 adversus
936 3388 1254 3446 Ecclesiam
1294 3409 1308 3460 ;
1359 3391 1443 3448 ita
1490 3396 1555 3447 ut
1602 3393 1699 3449 alii
1730 3395 1969 3462 quidem

319 3474 506 3532 solam
532 3475 646 3549 ipsi
677 3477 971 3547 deitatem,
1006 3477 1105 3534 alii
1155 3497 1390 3537 carnem
1441 3481 1626 3538 solam
1667 3484 1968 3539 tribuant:

321 3564 419 3620 alii
451 3571 734 3635 creatum,
768 3583 833 3624 ac
855 3559 1118 3640 paternas
1149 3571 1493 3627 substantiae
1525 3571 1781 3628 alienum
1807 3573 1972 3628 indu-

315 3658 470 3722 cant,
496 3655 594 3711 alil
616 3657 874 3713 Verbum
906 3659 1202 3731 quoddam
1234 3661 1535 3733 hypostasi
1553 3679 1619 3718 ac
1641 3663 1976 3720 substantia

318 3759 594 3814 vacuum,
620 3745 886 3818 nihilque
917 3747 1257 3820 discrepans
1281 3749 1352 3805 ab
1373 3766 1439 3806 eo
1461 3751 1615 3821 quod
1651 3767 1753 3823 per
1782 3751 1973 3824 prola-

317 3831 537 3890 tionem
570 3835 895 3891 effunditur
928 3853 940 3892 :
974 3836 1071 3892 alii
1100 3839 1230 3909 ejus
1257 3854 1362 3912 per
1389 3855 1625 3895 carnem
1658 3843 1972 3898 adventum

319 3921 695 3996 phantasiam
725 3941 855 3982 esse
875 3931 1192 3996 suggerant
1216 3945 1229 3983 :
1255 3927 1355 3983 alii
1377 3945 1610 3986 carnem
1637 3929 1974 3988 nullatenus

323 4013 654 4085 sumpsisse
679 4014 1167 4082 contendant,aut
1188 4017 1583 4089 assumpsisse
1605 4020 1973 4090 quidem,sed

320 4101 917 4177 inanimatam,atque
940 4105 1294 4163 inefﬁcacem
1321 4125 1334 4176 ;
1358 4111 1460 4163 aut
1479 4109 1736 4166 animam
1760 4110 1976 4167 baben-

321 4193 572 4259 tem,sed
588 4197 783 4250 mente
797 4211 862 4251 ac
876 4195 1098 4252 ratione
1113 4197 1480 4255 destitutam.
1494 4199 1734 4256 Demum
1749 4201 1848 4257 alii
1863 4202 1974 4259 alio

322 4283 495 4339 modo
519 4282 874 4340 baesitabunt
895 4301 960 4340 ac
982 4286 1661 4362 contradicent,singulis
1684 4291 1974 4349 arbitratu

320 4389 428 4429 suo
458 4389 586 4446 quae
605 4372 802 4446 ipsum
824 4379 1093 4446 spectant
1124 4377 1711 4436 determinantibus.«
1736 4380 1882 4437 Nam
1905 4382 1976 4436 de

315 4467 476 4519 secta
505 4462 636 4532 hac,
669 4487 698 4514 »
744 4465 914 4521 aiunt
955 4465 1144 4521 Judaei
1186 4468 1254 4523 ad
1286 4467 1556 4536 Paulum,
1587 4491 1615 4520 κ
1649 4473 1856 4527 notum
1887 4473 1978 4526 est

314 4553 484 4610 nobis
501 4553 642 4625 quia
669 4554 889 4627 ubique
911 4555 961 4610 ei
985 4557 1518 4614 contradiciturm.»
1539 4558 1978 4616 Contradicitur

318 4643 579 4716 quidem,
613 4647 672 4698 at
707 4660 822 4699 non
851 4644 1126 4716 dejicitur
1148 4662 1161 4700 :
1187 4652 1583 4720 oppugnatur,
1614 4653 1675 4703 at
1717 4665 1829 4704 non
1853 4649 1978 4703 vin-

318 4732 474 4787 citur
506 4748 519 4787 :
553 4731 685 4788 telis
717 4731 954 4804 petitur,
989 4737 1046 4790 at
1074 4751 1191 4791 non
1221 4735 1567 4792 vulneratur
1595 4752 1608 4792 :
1651 4736 1975 4806 obsidetur,

324 4825 382 4876 at
428 4837 544 4876 non
594 4822 824 4893 captiva
873 4823 1110 4880 ducitur
1146 4840 1159 4880 :
1204 4825 1479 4898 quodque
1509 4825 1835 4882 maximum
1866 4830 1976 4895 est,

326 4909 504 4977 cadit,
550 4927 654 4966 nec
686 4911 1026 4979 conteritur,
1051 4912 1190 4985 quin
1217 4913 1413 4987 potius
1443 4914 1504 4970 in
1537 4916 1735 4988 fugam
1784 4916 1978 4972 vertit.

322 4999 400 5056 Ea
430 4999 648 5074 quippe
675 5004 763 5057 est
803 5018 950 5074 pura
1007 5003 1142 5059 fidei
1191 5007 1408 5060 nostra?
1457 5005 1816 5077 praestantia,
1850 5023 1978 5079 qua

322 5106 496 5147 omne
525 5095 765 5164 superat
795 5090 1188 5161 miraculum;
1221 5096 1286 5148 ut
1316 5110 1432 5150 non
1465 5094 1638 5149 modo
1672 5094 1818 5167 ipsa,
1845 5095 1982 5152 licet

322 5180 583 5254 undique
616 5181 878 5239 factiosis
927 5181 1219 5239 haeresum
1265 5183 1457 5240 turbis
1503 5187 1679 5256 atque
1709 5185 1980 5257 procellis

321 5271 736 5344 circumsessa,
771 5272 1016 5328 immota
1046 5276 1104 5327 et
1133 5272 1486 5330 inconcussa
1536 5279 1773 5331 maneat
1812 5293 1826 5344 ;
1877 5276 1980 5332 sed

326 5364 393 5418 ut
421 5361 597 5419 etiam
629 5378 699 5419 ex
747 5361 1058 5420 contrariis
1087 5362 1379 5419 contraria
1422 5363 1717 5436 sapienter
1745 5365 1980 5436 efﬁciat,

393 5557 439 5594 ⁴⁸
470 5557 608 5614 Luc.
632 5573 696 5625 ιι,
726 5555 816 5614 33.
895 5556 941 5593 ιο
959 5555 1103 5614 ibid.
1135 5557 1225 5616 34.
1301 5557 1347 5594 ³ο
1373 5560 1504 5615 Act.
1535 5573 1711 5628 xxvu,
1736 5557 1829 5615 22.

397 5750 511 5823 (45)
539 5751 679 5810 Vide
704 5765 836 5823 qua
867 5752 939 5810 ds
965 5752 1061 5812 bis
1089 5751 1348 5812 diximus
1376 5752 1435 5812 in
1465 5754 1704 5814 Monito.

2079 3305 2293 3378 ’Ἄρειος
2333 3301 2468 3375 πρὸς
2496 3302 2587 3356 τὸν
2624 3295 2953 3370 Σαϐέλλιον,
2984 3299 3073 3355 καὶ
3131 3297 3386 3374 Εὖτυχὴς
3447 3297 3582 3373 πρὸς
3638 3297 3730 3351 τὸν

2079 3391 2369 3468 Νεστόριον
2425 3393 2560 3464 (45),
2613 3390 2703 3445 καὶ
2761 3390 3063 3468 ἀμφότεροι
3147 3389 3282 3466 πρὸς
3344 3387 3443 3456 τὴν
3500 3385 3731 3452 Ἐκκλη-

2081 3481 2220 3536 σίαν·
2255 3483 2307 3536 οἱ
2368 3480 2463 3554 μὶν
2521 3481 2619 3549 τήν
2679 3479 2912 3551 θεότητα
2971 3479 3165 3552 μόνην,
3200 3479 3250 3532 οἱ
3300 3475 3358 3532 δὲ
3404 3479 3504 3546 τήν
3566 3475 3734 3554 σάρκα

2079 3571 2257 3644 τούτῳ
2304 3571 2724 3646 προσνέμοντεςο
2759 3570 2811 3624 οἱ
2864 3569 2958 3643 μὶν
3007 3567 3220 3624 κτιστὸν
3272 3567 3604 3642 εἰσάγοντες,
3644 3564 3732 3620 καὶ

2081 3662 2180 3730 τῆς
2238 3666 2509 3735 πατρικῆς
2568 3658 2751 3720 οὐσίας
2805 3657 3100 3734 ἀλλότριον
3131 3699 3145 3724 ,
3195 3657 3246 3712 οἱ
3306 3653 3364 3712 δὲ
3413 3655 3583 3732 Λόγον
3633 3653 3731 3708 ἀν-

2085 3748 2382 3805 υπόστατόν
2415 3769 2531 3804 τινα
2560 3747 2650 3803 καὶ
2680 3749 2826 3803 κενὸν
2861 3746 3071 3817 οὐσίας,
3103 3747 3192 3802 καὶ
3243 3743 3413 3819 μηδὲν
3451 3747 3546 3798 τοῦ
3593 3740 3727 3796 κατά

2081 3839 2359 3918 προφορὰν
2406 3839 2677 3914 χεομένου
2728 3835 3201 3894 διεναλλάττοντα·
3265 3837 3318 3890 οἱ
3379 3836 3472 3908 μὲν
3530 3851 3730 3912 φαντα-

2084 3926 2199 3984 σίαν
2233 3928 2397 3984 αὐτοῦ
2427 3929 2527 3998 τὴν
2575 3925 2665 3983 διὰ
2719 3928 2914 4004 σαρκὸς
2976 3925 3270 4003 παρουσίαν
3332 3923 3731 3997 ὑποτιθέμενοι,

2083 4020 2135 4074 οἱ
2168 4015 2225 4074 δὲ
2260 4015 2401 4091 μηδὲ
2431 4015 2777 4095 ἀνειληφέναι
2811 4016 2980 4090 σάρκα
3021 4014 3262 4071 καθόλου
3315 4011 3730 4085 διατεινάμενοι·

2083 4109 2117 4177 ἢ
2150 4104 2500 4178 ἀνειληφέναι
2543 4107 2662 4178 μὲν,
2695 4103 2906 4180 ἄψυχον
2959 4099 3019 4158 δὲ
3063 4100 3263 4173 ταύτην
3309 4101 3400 4156 καὶ
3447 4097 3734 4173 ἀνενέργη-

2081 4219 2196 4266 τον,
2227 4197 2263 4266 ἣ
2291 4196 2476 4270 ψυχὴν
2513 4195 2608 4267 μὲν
2642 4191 2894 4271 ἔχουσαν,
2927 4188 3084 4247 ἄνουν
3121 4189 3178 4246 δὲ
3203 4189 3404 4261 ταύτην
3464 4187 3554 4244 καὶ
3602 4185 3734 4242 ἄλο-

2082 4305 2195 4362 γον’
2248 4286 2337 4340 καὶ
2386 4281 2720 4354 ἁπαξαπλῶς
2772 4282 2938 4337 ἄλλοι
2986 4279 3174 4343 ἄλλως
3223 4274 3598 4359 ἀμφιϐαλοῦσι
3647 4274 3738 4330 καὶ

2084 4372 2476 4447 ἀντιλέξουσιν,
2506 4369 2730 4433 ἕκαστος
2790 4371 2925 4426 κατά
2972 4371 3035 4426 τὸ
3085 4368 3276 4425 δοκοῦν
3308 4369 3454 4440 αὐτῷ
3493 4367 3559 4421 τὰ
3614 4364 3740 4440 περὶ

2084 4464 2250 4518 αὐτοῦ
2307 4460 2788 4538 συμπεραίνοντες.
2848 4485 2876 4513 ‹‹
2936 4460 3066 4535 Περὶ
3131 4461 3236 4534 γὰρ
3307 4465 3406 4529 τῆς
3481 4457 3740 4531 αἱρέσεως

2083 4551 2308 4624 ταύτης,
2330 4575 2358 4603 ›)
2379 4550 2518 4625 πρὸς
2537 4551 2629 4606 τὸν
2667 4549 2884 4606 Παῦλον
2918 4552 2970 4605 οἱ
2998 4547 3255 4607 Ἰουδαῖοί
3286 4568 3478 4627 φασι,‹‹
3499 4544 3739 4621 γνωστὸν

2086 4642 2225 4716 ἡμῖν
2271 4641 2434 4711 ἐστιν,
2494 4641 2576 4697 ὅτι
2628 4644 2910 4718 πανταχοῦ
2959 4638 3381 4715 ἀντιλέγεται.»
3432 4633 3740 4710 Ἀντιλέγε-

2085 4755 2172 4790 ται
2209 4735 2327 4808 μὶν,
2359 4732 2484 4790 ἀλλ’
2513 4733 2574 4789 οὐ
2628 4732 2906 4809 βάλλεται·
2957 4731 3307 4805 πολεμεῖται,
3366 4728 3493 4786 ἀλλ’
3545 4727 3608 4783 οὐ
3659 4749 3739 4781 νι-

2086 4830 2263 4882 κᾶται’
2325 4824 2614 4896 τοξεύεται,
2665 4822 2792 4880 ἀλλ’
2849 4823 2912 4878 οὐ
2968 4823 3362 4898 τιτρώσκεταιο
3421 4817 3739 4888 πολιορκεῖ-

2084 4937 2194 4984 ται,
2240 4913 2368 4972 ἀλλ’
2414 4913 2514 4969 οὐκ
2570 4909 3038 4988 ἀνδραποδίζεται·
3070 4911 3133 4965 τὸ
3195 4909 3470 4985 μέγιστον,
3528 4904 3742 4974 πίπτει,

2087 5004 2213 5061 ἀλλ’
2266 5003 2328 5060 οὐ
2386 4997 2724 5080 συντρίϐεται
2759 5021 2772 5034 ·
2839 5000 3051 5074 μᾶλλον
3129 4997 3188 5056 δὲ
3262 4997 3353 5053 καὶ
3430 4993 3739 5070 ἀνατρέπει.

2087 5099 2258 5150 Τοῦτο
2291 5095 2396 5169 γὰρ
2424 5100 2526 5163 τῆς
2557 5093 2794 5167 καθαρᾶς
2831 5089 3063 5151 πίστεως
3111 5090 3272 5162 ἡμῶν
3332 5086 3394 5140 τὸ
3451 5083 3742 5160 ἐξαίρετον,

2090 5183 2181 5239 καὶ
2214 5183 2416 5244 παντὸς
2467 5180 2711 5238 ἐπέκεινα
2760 5178 3053 5254 θαύματος
3087 5177 3170 5234 ὅτι
3230 5176 3292 5232 οὗ
3354 5174 3522 5249 μόνον
3582 5173 3744 5243 αὕτη,

2089 5273 2266 5329 καίτοι
2326 5271 2663 5347 πανταχόθεν
2723 5267 2975 5349 σφοδρῶς
3049 5265 3568 5343 περιστοιχιζομένη
3629 5266 3748 5322 ταῖς

2094 5362 2154 5420 ἐκ
2181 5367 2288 5419 τῶν
2329 5363 2584 5438 αἱρέσεων
2613 5365 2938 5439 συστροφαῖς
2967 5381 3026 5416 τε
3052 5358 3141 5414 καὶ
3181 5355 3468 5430 λαίλαψιν,
3501 5352 3748 5415 ἄσειστος
