  <div class='ocr_page' id='page_1' title='image "/cluster/home/n/w/nwhite01/storage/ocr_20150623/28:no.4/coo.31924054873090/510.png"; bbox 0 0 4120 6404; ppageno 0'>
   <div class='ocr_carea' id='block_1_1' title="bbox 337 444 458 506">
    <p class='ocr_par' dir='ltr' id='par_1_1' title="bbox 337 444 458 506">
     <span class='ocr_line' id='line_1_1' title="bbox 337 444 458 506; baseline -0.017 0"><span class='ocrx_word' id='word_1_1' title='bbox 337 444 458 506; x_wconf 83' lang='grc'>993</span> 
     </span>
    </p>
   </div>
   <div class='ocr_carea' id='block_1_2' title="bbox 1411 429 2682 495">
    <p class='ocr_par' dir='ltr' id='par_1_2' title="bbox 1411 429 2682 495">
     <span class='ocr_line' id='line_1_2' title="bbox 1411 429 2682 495; baseline -0.003 -1"><span class='ocrx_word' id='word_1_2' title='bbox 1411 431 1743 495; x_wconf 82' lang='lat' dir='ltr'>HOMILIA</span> <span class='ocrx_word' id='word_1_3' title='bbox 1787 429 1867 491; x_wconf 83' lang='lat' dir='ltr'>IN</span> <span class='ocrx_word' id='word_1_4' title='bbox 1912 429 2334 492; x_wconf 83' lang='lat' dir='ltr'>OCCURSUM</span> <span class='ocrx_word' id='word_1_5' title='bbox 2383 430 2682 491; x_wconf 76' lang='lat' dir='ltr'>DOMIM.</span> 
     </span>
    </p>
   </div>
   <div class='ocr_carea' id='block_1_3' title="bbox 3635 436 3756 495">
    <p class='ocr_par' dir='ltr' id='par_1_3' title="bbox 3635 436 3756 495">
     <span class='ocr_line' id='line_1_3' title="bbox 3635 436 3756 495; baseline -0.008 0"><span class='ocrx_word' id='word_1_6' title='bbox 3635 436 3756 495; x_wconf 68' lang='lat'>994</span> 
     </span>
    </p>
   </div>
   <div class='ocr_carea' id='block_1_4' title="bbox 337 561 2031 638">
    <p class='ocr_par' dir='ltr' id='par_1_4' title="bbox 337 561 2031 632">
     <span class='ocr_line' id='line_1_4' title="bbox 337 561 2031 632; baseline -0.011 0"><span class='ocrx_word' id='word_1_7' title='bbox 337 571 575 632; x_wconf 82' lang='grc' dir='ltr'>διατελεῖ</span> <span class='ocrx_word' id='word_1_8' title='bbox 631 571 722 627; x_wconf 78' lang='grc' dir='ltr'>καὶ</span> <span class='ocrx_word' id='word_1_9' title='bbox 780 567 1078 629; x_wconf 85' lang='grc' dir='ltr'>άτίνακτος·</span> <span class='ocrx_word' id='word_1_10' title='bbox 1145 566 1270 620; x_wconf 75' lang='grc' dir='ltr'>ἀλλ’</span> <span class='ocrx_word' id='word_1_11' title='bbox 1323 565 1408 621; x_wconf 81' lang='grc' dir='ltr'>δτι</span> <span class='ocrx_word' id='word_1_12' title='bbox 1453 563 1544 618; x_wconf 81' lang='grc' dir='ltr'>καί</span> <span class='ocrx_word' id='word_1_13' title='bbox 1577 561 1667 618; x_wconf 79' lang='grc' dir='ltr'>διὰ</span> <span class='ocrx_word' id='word_1_14' title='bbox 1695 567 1805 616; x_wconf 89' lang='grc' dir='ltr'>κῶν</span> <span class='ocrx_word' id='word_1_15' title='bbox 1840 561 2031 628; x_wconf 55' lang='grc' dir='ltr'>ἔνανη</span> 
     </span>
    </p>
   </div>
   <div class='ocr_carea' id='block_1_5' title="bbox 2145 561 3754 638">
    <p class='ocr_par' dir='ltr' id='par_1_5' title="bbox 2145 561 3754 638">
     <span class='ocr_line' id='line_1_5' title="bbox 2145 561 3754 638; baseline 0.003 -21"><span class='ocrx_word' id='word_1_16' title='bbox 2145 579 2172 617; x_wconf 85' lang='grc' dir='ltr'>ο</span> <span class='ocrx_word' id='word_1_17' title='bbox 2204 562 2480 634; x_wconf 64' lang='lat' dir='ltr'>praeclara</span> <span class='ocrx_word' id='word_1_18' title='bbox 2509 563 2817 618; x_wconf 89' lang='lat' dir='ltr'>adversum</span> <span class='ocrx_word' id='word_1_19' title='bbox 2851 561 3200 619; x_wconf 81' lang='lat' dir='ltr'>insidiantes</span> <span class='ocrx_word' id='word_1_20' title='bbox 3231 563 3280 619; x_wconf 89' lang='lat' dir='ltr'>si</span> <span class='ocrx_word' id='word_1_21' title='bbox 3309 564 3496 637; x_wconf 77' lang='lat' dir='ltr'>erigat</span> <span class='ocrx_word' id='word_1_22' title='bbox 3514 573 3754 638; x_wconf 82' lang='lat' dir='ltr'>tropaea.</span> 
     </span>
    </p>
   </div>
   <div class='ocr_carea' id='block_1_6' title="bbox 333 665 3212 755">
    <p class='ocr_par' dir='ltr' id='par_1_6' title="bbox 333 665 3212 755">
     <span class='ocr_line' id='line_1_6' title="bbox 333 665 3212 755; baseline -0.005 -17"><span class='ocrx_word' id='word_1_23' title='bbox 333 683 464 742; x_wconf 83' lang='grc' dir='ltr'>τίων</span> <span class='ocrx_word' id='word_1_24' title='bbox 495 682 563 736; x_wconf 78' lang='grc' dir='ltr'>τὰ</span> <span class='ocrx_word' id='word_1_25' title='bbox 592 677 800 735; x_wconf 67' lang='grc' dir='ltr'>ἐναντία</span> <span class='ocrx_word' id='word_1_26' title='bbox 829 680 1010 755; x_wconf 86' lang='grc' dir='ltr'>σοφῶς</span> <span class='ocrx_word' id='word_1_27' title='bbox 1042 676 1154 749; x_wconf 77' lang='grc'>(46)</span> <span class='ocrx_word' id='word_1_28' title='bbox 1184 673 1586 750; x_wconf 73' lang='grc' dir='ltr'>κατεργάζεται,</span> <span class='ocrx_word' id='word_1_29' title='bbox 1620 668 1850 745; x_wconf 84' lang='grc' dir='ltr'>λαμπρᾶ</span> <span class='ocrx_word' id='word_1_30' title='bbox 1877 669 2013 723; x_wconf 74' lang='grc' dir='ltr'>κατὰ</span> <span class='ocrx_word' id='word_1_31' title='bbox 2039 672 2144 723; x_wconf 88' lang='grc' dir='ltr'>τῶν</span> <span class='ocrx_word' id='word_1_32' title='bbox 2179 665 2572 746; x_wconf 73' lang='grc' dir='ltr'>ἐφεδρεύόντων</span> <span class='ocrx_word' id='word_1_33' title='bbox 2606 665 2930 722; x_wconf 86' lang='grc' dir='ltr'>διανιστῶσα</span> <span class='ocrx_word' id='word_1_34' title='bbox 2958 667 3212 742; x_wconf 78' lang='grc' dir='ltr'>τρόπαια.</span> 
     </span>
    </p>
   </div>
   <div class='ocr_carea' id='block_1_7' title="bbox 415 777 1997 860">
    <p class='ocr_par' dir='ltr' id='par_1_7' title="bbox 415 777 1997 860">
     <span class='ocr_line' id='line_1_7' title="bbox 415 777 1997 860; baseline -0.011 -12"><span class='ocrx_word' id='word_1_35' title='bbox 415 794 502 848; x_wconf 85' lang='grc'>16.</span> <span class='ocrx_word' id='word_1_36' title='bbox 534 793 791 849; x_wconf 85' lang='grc' dir='ltr'>Τοιοῦτος</span> <span class='ocrx_word' id='word_1_37' title='bbox 829 786 924 860; x_wconf 76' lang='grc' dir='ltr'>μὶν</span> <span class='ocrx_word' id='word_1_38' title='bbox 958 781 1068 853; x_wconf 74' lang='grc' dir='ltr'>οὖν,</span> <span class='ocrx_word' id='word_1_39' title='bbox 1113 781 1298 860; x_wconf 84' lang='grc' dir='ltr'>φησὶν,</span> <span class='ocrx_word' id='word_1_40' title='bbox 1348 782 1393 835; x_wconf 85' lang='grc' dir='ltr'>ῶ</span> <span class='ocrx_word' id='word_1_41' title='bbox 1451 777 1689 854; x_wconf 84' lang='grc' dir='ltr'>μακαρία</span> <span class='ocrx_word' id='word_1_42' title='bbox 1739 777 1997 853; x_wconf 77' lang='grc' dir='ltr'>Παρθένε,</span> 
     </span>
    </p>
   </div>
   <div class='ocr_carea' id='block_1_8' title="bbox 345 863 2002 956">
    <p class='ocr_par' dir='ltr' id='par_1_8' title="bbox 345 863 2002 956">
     <span class='ocr_line' id='line_1_8' title="bbox 345 863 2002 956; baseline -0.011 -19"><span class='ocrx_word' id='word_1_43' title='bbox 345 880 402 936; x_wconf 79' lang='grc' dir='ltr'>ὅν</span> <span class='ocrx_word' id='word_1_44' title='bbox 434 881 494 937; x_wconf 80' lang='grc' dir='ltr'>ἐκ</span> <span class='ocrx_word' id='word_1_45' title='bbox 520 876 752 956; x_wconf 87' lang='grc' dir='ltr'>γαστρός</span> <span class='ocrx_word' id='word_1_46' title='bbox 803 896 897 930; x_wconf 83' lang='grc' dir='ltr'>σου</span> <span class='ocrx_word' id='word_1_47' title='bbox 955 874 1311 950; x_wconf 78' lang='grc' dir='ltr'>προήνεγκας·</span> <span class='ocrx_word' id='word_1_48' title='bbox 1375 868 1586 944; x_wconf 86' lang='grc' dir='ltr'>θραύων</span> <span class='ocrx_word' id='word_1_49' title='bbox 1650 869 1743 941; x_wconf 74' lang='grc' dir='ltr'>μὶν</span> <span class='ocrx_word' id='word_1_50' title='bbox 1805 863 2002 942; x_wconf 72' lang='grc' dir='ltr'>ῥᾳδίως</span> 
     </span>
    </p>
   </div>
   <div class='ocr_carea' id='block_1_9' title="bbox 347 956 2001 1043">
    <p class='ocr_par' dir='ltr' id='par_1_9' title="bbox 347 956 2001 1043">
     <span class='ocr_line' id='line_1_9' title="bbox 347 956 2001 1043; baseline -0.011 -16"><span class='ocrx_word' id='word_1_51' title='bbox 347 973 438 1028; x_wconf 88' lang='grc' dir='ltr'>καὶ</span> <span class='ocrx_word' id='word_1_52' title='bbox 495 968 777 1043; x_wconf 79' lang='grc' dir='ltr'>ταράσσων</span> <span class='ocrx_word' id='word_1_53' title='bbox 825 963 952 1026; x_wconf 78' lang='grc' dir='ltr'>τοὺς</span> <span class='ocrx_word' id='word_1_54' title='bbox 1015 960 1235 1022; x_wconf 72' lang='grc' dir='ltr'>ἑαυτοὺς</span> <span class='ocrx_word' id='word_1_55' title='bbox 1290 967 1389 1029; x_wconf 82' lang='grc' dir='ltr'>τῆς</span> <span class='ocrx_word' id='word_1_56' title='bbox 1448 956 1706 1030; x_wconf 85' lang='grc' dir='ltr'>ἀληθείας</span> <span class='ocrx_word' id='word_1_57' title='bbox 1757 957 2001 1010; x_wconf 85' lang='grc' dir='ltr'>ἀποσπα-</span> 
     </span>
    </p>
   </div>
   <div class='ocr_carea' id='block_1_10' title="bbox 353 1044 2003 1139">
    <p class='ocr_par' dir='ltr' id='par_1_10' title="bbox 353 1044 2003 1139">
     <span class='ocr_line' id='line_1_10' title="bbox 353 1044 2003 1139; baseline -0.011 -23"><span class='ocrx_word' id='word_1_58' title='bbox 353 1061 630 1139; x_wconf 77' lang='grc' dir='ltr'>ράξαντας·</span> <span class='ocrx_word' id='word_1_59' title='bbox 688 1058 916 1111; x_wconf 86' lang='grc' dir='ltr'>άνιστῶν</span> <span class='ocrx_word' id='word_1_60' title='bbox 969 1050 1027 1107; x_wconf 72' lang='grc' dir='ltr'>δὲ</span> <span class='ocrx_word' id='word_1_61' title='bbox 1073 1051 1164 1106; x_wconf 86' lang='grc' dir='ltr'>καὶ</span> <span class='ocrx_word' id='word_1_62' title='bbox 1212 1054 1292 1120; x_wconf 77' lang='grc' dir='ltr'>τῷ</span> <span class='ocrx_word' id='word_1_63' title='bbox 1343 1048 1512 1124; x_wconf 83' lang='grc' dir='ltr'>Πατρὶ</span> <span class='ocrx_word' id='word_1_64' title='bbox 1539 1047 1852 1123; x_wconf 88' lang='grc' dir='ltr'>προσάγων,</span> <span class='ocrx_word' id='word_1_65' title='bbox 1886 1044 2003 1099; x_wconf 79' lang='grc' dir='ltr'>ὅσοι</span> 
     </span>
    </p>
   </div>
   <div class='ocr_carea' id='block_1_11' title="bbox 351 1131 2005 1224">
    <p class='ocr_par' dir='ltr' id='par_1_11' title="bbox 351 1131 2005 1224">
     <span class='ocr_line' id='line_1_11' title="bbox 351 1131 2005 1224; baseline -0.012 -18"><span class='ocrx_word' id='word_1_66' title='bbox 351 1131 814 1224; x_wconf 11' lang='grc' dir='ltr'>ίὶνγπρόσθωνται</span> <span class='ocrx_word' id='word_1_67' title='bbox 855 1140 1056 1214; x_wconf 89' lang='grc' dir='ltr'>τούτῳ,</span> <span class='ocrx_word' id='word_1_68' title='bbox 1107 1139 1196 1194; x_wconf 87' lang='grc' dir='ltr'>καὶ</span> <span class='ocrx_word' id='word_1_69' title='bbox 1243 1139 1311 1194; x_wconf 80' lang='grc' dir='ltr'>τά</span> <span class='ocrx_word' id='word_1_70' title='bbox 1355 1137 1551 1192; x_wconf 88' lang='grc' dir='ltr'>τούτου</span> <span class='ocrx_word' id='word_1_71' title='bbox 1586 1133 1864 1215; x_wconf 79' lang='grc' dir='ltr'>φυλάξωσι</span> <span class='ocrx_word' id='word_1_72' title='bbox 1925 1131 2005 1188; x_wconf 89' lang='grc' dir='ltr'>δι-</span> 
     </span>
    </p>
   </div>
   <div class='ocr_carea' id='block_1_12' title="bbox 350 1221 2005 1311">
    <p class='ocr_par' dir='ltr' id='par_1_12' title="bbox 350 1221 2005 1311">
     <span class='ocr_line' id='line_1_12' title="bbox 350 1221 2005 1311; baseline -0.011 -15"><span class='ocrx_word' id='word_1_73' title='bbox 350 1221 663 1311; x_wconf 84' lang='grc' dir='ltr'>καιώματα.</span> <span class='ocrx_word' id='word_1_74' title='bbox 714 1232 791 1292; x_wconf 80' lang='grc' dir='ltr'>Οὐ</span> <span class='ocrx_word' id='word_1_75' title='bbox 856 1233 962 1307; x_wconf 78' lang='grc' dir='ltr'>μὴν</span> <span class='ocrx_word' id='word_1_76' title='bbox 1016 1227 1092 1299; x_wconf 79' lang='grc' dir='ltr'>δὲ,</span> <span class='ocrx_word' id='word_1_77' title='bbox 1146 1225 1334 1296; x_wconf 76' lang='grc' dir='ltr'>ἐπειδὴ</span> <span class='ocrx_word' id='word_1_78' title='bbox 1365 1231 1612 1281; x_wconf 88' lang='grc' dir='ltr'>τοιοῦτον</span> <span class='ocrx_word' id='word_1_79' title='bbox 1646 1221 1803 1300; x_wconf 80' lang='grc' dir='ltr'>ἔσχες</span> <span class='ocrx_word' id='word_1_80' title='bbox 1859 1224 2005 1292; x_wconf 73' lang='grc' dir='ltr'>Υἱὸν,</span> 
     </span>
    </p>
   </div>
   <div class='ocr_carea' id='block_1_13' title="bbox 353 1311 2005 1396">
    <p class='ocr_par' dir='ltr' id='par_1_13' title="bbox 353 1311 2005 1396">
     <span class='ocr_line' id='line_1_13' title="bbox 353 1311 2005 1396; baseline -0.01 -13"><span class='ocrx_word' id='word_1_81' title='bbox 353 1328 444 1384; x_wconf 84' lang='grc' dir='ltr'>καὶ</span> <span class='ocrx_word' id='word_1_82' title='bbox 497 1324 754 1394; x_wconf 77' lang='grc' dir='ltr'>τοιαύτης</span> <span class='ocrx_word' id='word_1_83' title='bbox 807 1322 1086 1396; x_wconf 77' lang='grc' dir='ltr'>λέλογχας</span> <span class='ocrx_word' id='word_1_84' title='bbox 1142 1315 1408 1388; x_wconf 83' lang='grc' dir='ltr'>εὐκλείας,</span> <span class='ocrx_word' id='word_1_85' title='bbox 1469 1316 1542 1377; x_wconf 81' lang='grc' dir='ltr'>ὡς</span> <span class='ocrx_word' id='word_1_86' title='bbox 1602 1315 1780 1384; x_wconf 88' lang='grc' dir='ltr'>πάσης</span> <span class='ocrx_word' id='word_1_87' title='bbox 1837 1311 2005 1388; x_wconf 79' lang='grc' dir='ltr'>ἄρδην</span> 
     </span>
    </p>
   </div>
   <div class='ocr_carea' id='block_1_14' title="bbox 359 1400 2010 1489">
    <p class='ocr_par' dir='ltr' id='par_1_14' title="bbox 359 1400 2010 1489">
     <span class='ocr_line' id='line_1_14' title="bbox 359 1400 2010 1489; baseline -0.011 -16"><span class='ocrx_word' id='word_1_88' title='bbox 359 1416 604 1473; x_wconf 75' lang='grc' dir='ltr'>ἒπὲκεινα</span> <span class='ocrx_word' id='word_1_89' title='bbox 646 1411 1009 1489; x_wconf 80' lang='grc' dir='ltr'>γνωρισθῆναι</span> <span class='ocrx_word' id='word_1_90' title='bbox 1068 1410 1331 1483; x_wconf 74' lang='grc' dir='ltr'>γηγενοῦς</span> <span class='ocrx_word' id='word_1_91' title='bbox 1399 1404 1635 1485; x_wconf 68' lang='grc' dir='ltr'>φύσεως,</span> <span class='ocrx_word' id='word_1_92' title='bbox 1688 1400 2010 1478; x_wconf 77' lang='grc' dir='ltr'>ἀπείραστός</span> 
     </span>
    </p>
   </div>
   <div class='ocr_carea' id='block_1_15' title="bbox 362 1489 2011 1578">
    <p class='ocr_par' dir='ltr' id='par_1_15' title="bbox 362 1489 2011 1578">
     <span class='ocr_line' id='line_1_15' title="bbox 362 1489 2011 1578; baseline -0.011 -17"><span class='ocrx_word' id='word_1_93' title='bbox 362 1527 446 1568; x_wconf 90' lang='grc' dir='ltr'>τις</span> <span class='ocrx_word' id='word_1_94' title='bbox 493 1500 586 1578; x_wconf 74' lang='grc' dir='ltr'>ἔσῃ</span> <span class='ocrx_word' id='word_1_95' title='bbox 630 1501 720 1557; x_wconf 79' lang='grc' dir='ltr'>καὶ</span> <span class='ocrx_word' id='word_1_96' title='bbox 761 1499 994 1568; x_wconf 77' lang='grc' dir='ltr'>ἀπαθὴς,</span> <span class='ocrx_word' id='word_1_97' title='bbox 1045 1497 1137 1552; x_wconf 79' lang='grc' dir='ltr'>καὶ</span> <span class='ocrx_word' id='word_1_98' title='bbox 1168 1495 1330 1550; x_wconf 73' lang='grc' dir='ltr'>οἱονεὶ</span> <span class='ocrx_word' id='word_1_99' title='bbox 1362 1495 1496 1571; x_wconf 86' lang='grc' dir='ltr'>πρὸς</span> <span class='ocrx_word' id='word_1_100' title='bbox 1524 1493 1620 1555; x_wconf 74' lang='grc' dir='ltr'>τὰς</span> <span class='ocrx_word' id='word_1_101' title='bbox 1652 1489 1860 1557; x_wconf 86' lang='grc' dir='ltr'>θλίλεις</span> <span class='ocrx_word' id='word_1_102' title='bbox 1921 1491 2011 1545; x_wconf 85' lang='grc' dir='ltr'>άν-</span> 
     </span>
    </p>
   </div>
   <div class='ocr_carea' id='block_1_16' title="bbox 371 1579 2011 1657">
    <p class='ocr_par' dir='ltr' id='par_1_16' title="bbox 371 1579 2011 1657">
     <span class='ocr_line' id='line_1_16' title="bbox 371 1579 2011 1657; baseline -0.01 -7"><span class='ocrx_word' id='word_1_103' title='bbox 371 1592 604 1654; x_wconf 87' lang='grc' dir='ltr'>άλωτος·</span> <span class='ocrx_word' id='word_1_104' title='bbox 636 1588 780 1645; x_wconf 81' lang='grc' dir='ltr'>ἀλλὰ</span> <span class='ocrx_word' id='word_1_105' title='bbox 810 1612 839 1639; x_wconf 90' lang='grc'>‹‹</span> <span class='ocrx_word' id='word_1_106' title='bbox 869 1587 960 1642; x_wconf 82' lang='grc' dir='ltr'>καὶ</span> <span class='ocrx_word' id='word_1_107' title='bbox 992 1590 1088 1640; x_wconf 90' lang='grc' dir='ltr'>σοῦ</span> <span class='ocrx_word' id='word_1_108' title='bbox 1120 1584 1286 1652; x_wconf 76' lang='grc' dir='ltr'>αὐτῆς</span> <span class='ocrx_word' id='word_1_109' title='bbox 1317 1584 1416 1652; x_wconf 80' lang='grc' dir='ltr'>τήν</span> <span class='ocrx_word' id='word_1_110' title='bbox 1448 1583 1633 1657; x_wconf 80' lang='grc' dir='ltr'>ψυχὴν</span> <span class='ocrx_word' id='word_1_111' title='bbox 1682 1579 2011 1636; x_wconf 78' lang='grc' dir='ltr'>διελεύσεται</span> 
     </span>
    </p>
   </div>
   <div class='ocr_carea' id='block_1_17' title="bbox 363 1668 2014 1763">
    <p class='ocr_par' dir='ltr' id='par_1_17' title="bbox 363 1668 2014 1763">
     <span class='ocr_line' id='line_1_17' title="bbox 363 1668 2014 1763; baseline -0.009 -26"><span class='ocrx_word' id='word_1_112' title='bbox 363 1681 631 1763; x_wconf 80' lang='grc' dir='ltr'>φομφαία·</span> <span class='ocrx_word' id='word_1_113' title='bbox 693 1703 722 1730; x_wconf 82' lang='grc'><strong>››</strong></span> <span class='ocrx_word' id='word_1_114' title='bbox 787 1678 862 1751; x_wconf 82' lang='grc' dir='ltr'>μή</span> <span class='ocrx_word' id='word_1_115' title='bbox 922 1676 1023 1763; x_wconf 85' lang='grc' dir='ltr'>γάρ</span> <span class='ocrx_word' id='word_1_116' title='bbox 1082 1696 1161 1745; x_wconf 90' lang='grc' dir='ltr'>σε,</span> <span class='ocrx_word' id='word_1_117' title='bbox 1229 1673 1385 1752; x_wconf 81' lang='grc' dir='ltr'>φησὶ,</span> <span class='ocrx_word' id='word_1_118' title='bbox 1441 1673 1502 1727; x_wconf 88' lang='grc' dir='ltr'>τὸ</span> <span class='ocrx_word' id='word_1_119' title='bbox 1565 1668 1855 1763; x_wconf 76' lang='grc' dir='ltr'>μεγαλεῖον</span> <span class='ocrx_word' id='word_1_120' title='bbox 1915 1673 2014 1763; x_wconf 82' lang='grc' dir='ltr'>τοῦ</span> 
     </span>
    </p>
   </div>
   <div class='ocr_carea' id='block_1_18' title="bbox 365 1757 2014 1845">
    <p class='ocr_par' dir='ltr' id='par_1_18' title="bbox 365 1757 2014 1845">
     <span class='ocr_line' id='line_1_18' title="bbox 365 1757 2014 1845; baseline -0.009 -18"><span class='ocrx_word' id='word_1_121' title='bbox 365 1757 641 1845; x_wconf 80' lang='grc' dir='ltr'>θαύματος</span> <span class='ocrx_word' id='word_1_122' title='bbox 709 1768 844 1844; x_wconf 88' lang='grc' dir='ltr'>πρὸς</span> <span class='ocrx_word' id='word_1_123' title='bbox 920 1760 1084 1840; x_wconf 77' lang='grc' dir='ltr'>ὄγκον</span> <span class='ocrx_word' id='word_1_124' title='bbox 1164 1763 1336 1838; x_wconf 79' lang='grc' dir='ltr'>ἐπάρῃ</span> <span class='ocrx_word' id='word_1_125' title='bbox 1395 1763 1734 1838; x_wconf 78' lang='grc' dir='ltr'>φυσήματος.</span> <span class='ocrx_word' id='word_1_126' title='bbox 1796 1757 1859 1813; x_wconf 81' lang='grc' dir='ltr'>Εἰ</span> <span class='ocrx_word' id='word_1_127' title='bbox 1913 1758 2014 1834; x_wconf 81' lang='grc' dir='ltr'>γὰρ</span> 
     </span>
    </p>
   </div>
   <div class='ocr_carea' id='block_1_19' title="bbox 2182 777 3766 852">
    <p class='ocr_par' dir='ltr' id='par_1_19' title="bbox 2182 777 3766 852">
     <span class='ocr_line' id='line_1_19' title="bbox 2182 777 3766 852; baseline 0.004 -20"><span class='ocrx_word' id='word_1_128' title='bbox 2182 779 2269 834; x_wconf 89' lang='grc'>16.</span> <span class='ocrx_word' id='word_1_129' title='bbox 2302 777 2458 835; x_wconf 82' lang='lat' dir='ltr'>Talis</span> <span class='ocrx_word' id='word_1_130' title='bbox 2488 783 2596 846; x_wconf 89' lang='lat' dir='ltr'>est,</span> <span class='ocrx_word' id='word_1_131' title='bbox 2629 778 2844 849; x_wconf 83' lang='lat' dir='ltr'>inquit,</span> <span class='ocrx_word' id='word_1_132' title='bbox 2878 795 2909 833; x_wconf 93' lang='grc' dir='ltr'>ο</span> <span class='ocrx_word' id='word_1_133' title='bbox 2944 779 3115 834; x_wconf 86' lang='lat' dir='ltr'>beata</span> <span class='ocrx_word' id='word_1_134' title='bbox 3145 778 3339 851; x_wconf 89' lang='lat' dir='ltr'>Virgo,</span> <span class='ocrx_word' id='word_1_135' title='bbox 3373 781 3424 837; x_wconf 91' lang='lat' dir='ltr'>is</span> <span class='ocrx_word' id='word_1_136' title='bbox 3471 799 3646 852; x_wconf 86' lang='lat' dir='ltr'>quem</span> <span class='ocrx_word' id='word_1_137' title='bbox 3695 800 3766 840; x_wconf 81' lang='lat' dir='ltr'>ex</span> 
     </span>
    </p>
   </div>
   <div class='ocr_carea' id='block_1_20' title="bbox 2112 863 3767 941">
    <p class='ocr_par' dir='ltr' id='par_1_20' title="bbox 2112 863 3767 941">
     <span class='ocr_line' id='line_1_20' title="bbox 2112 863 3767 941; baseline 0.002 -19"><span class='ocrx_word' id='word_1_138' title='bbox 2112 871 2278 923; x_wconf 80' lang='lat' dir='ltr'>utero</span> <span class='ocrx_word' id='word_1_139' title='bbox 2328 872 2428 922; x_wconf 88' lang='lat' dir='ltr'>tuo</span> <span class='ocrx_word' id='word_1_140' title='bbox 2477 867 2771 939; x_wconf 79' lang='lat' dir='ltr'>protulisti</span> <span class='ocrx_word' id='word_1_141' title='bbox 2809 885 2821 922; x_wconf 91' lang='lat'><strong>:</strong></span> <span class='ocrx_word' id='word_1_142' title='bbox 2857 863 2953 938; x_wconf 85' lang='lat' dir='ltr'>qui</span> <span class='ocrx_word' id='word_1_143' title='bbox 2989 867 3156 924; x_wconf 82' lang='lat' dir='ltr'>facile</span> <span class='ocrx_word' id='word_1_144' title='bbox 3187 868 3416 941; x_wconf 83' lang='lat' dir='ltr'>frangat</span> <span class='ocrx_word' id='word_1_145' title='bbox 3446 875 3503 926; x_wconf 90' lang='lat' dir='ltr'>et</span> <span class='ocrx_word' id='word_1_146' title='bbox 3531 877 3767 928; x_wconf 89' lang='lat' dir='ltr'>contur-</span> 
     </span>
    </p>
   </div>
   <div class='ocr_carea' id='block_1_21' title="bbox 2114 958 3770 1034">
    <p class='ocr_par' dir='ltr' id='par_1_21' title="bbox 2114 958 3770 1034">
     <span class='ocr_line' id='line_1_21' title="bbox 2114 958 3770 1034; baseline 0.003 -21"><span class='ocrx_word' id='word_1_147' title='bbox 2114 958 2209 1014; x_wconf 88' lang='lat' dir='ltr'>bet</span> <span class='ocrx_word' id='word_1_148' title='bbox 2239 975 2337 1013; x_wconf 90' lang='lat' dir='ltr'>eos</span> <span class='ocrx_word' id='word_1_149' title='bbox 2370 959 2470 1030; x_wconf 92' lang='lat' dir='ltr'>qui</span> <span class='ocrx_word' id='word_1_150' title='bbox 2503 975 2630 1014; x_wconf 88' lang='lat' dir='ltr'>sese</span> <span class='ocrx_word' id='word_1_151' title='bbox 2659 976 2691 1014; x_wconf 91' lang='lat' dir='ltr'>a</span> <span class='ocrx_word' id='word_1_152' title='bbox 2728 959 2970 1013; x_wconf 80' lang='lat' dir='ltr'>veritate</span> <span class='ocrx_word' id='word_1_153' title='bbox 3017 958 3417 1028; x_wconf 88' lang='lat' dir='ltr'>divulserunt;</span> <span class='ocrx_word' id='word_1_154' title='bbox 3469 962 3770 1034; x_wconf 85' lang='lat' dir='ltr'>erigatque</span> 
     </span>
    </p>
   </div>
   <div class='ocr_carea' id='block_1_22' title="bbox 2113 1047 3769 1122">
    <p class='ocr_par' dir='ltr' id='par_1_22' title="bbox 2113 1047 3769 1122">
     <span class='ocr_line' id='line_1_22' title="bbox 2113 1047 3769 1122; baseline 0.004 -20"><span class='ocrx_word' id='word_1_155' title='bbox 2113 1051 2171 1103; x_wconf 90' lang='lat' dir='ltr'>et</span> <span class='ocrx_word' id='word_1_156' title='bbox 2219 1049 2422 1103; x_wconf 70' lang='lat' dir='ltr'>offerat</span> <span class='ocrx_word' id='word_1_157' title='bbox 2471 1048 2622 1103; x_wconf 84' lang='lat' dir='ltr'>Patri</span> <span class='ocrx_word' id='word_1_158' title='bbox 2655 1065 2754 1103; x_wconf 90' lang='lat' dir='ltr'>eos</span> <span class='ocrx_word' id='word_1_159' title='bbox 2785 1064 2990 1102; x_wconf 91' lang='lat' dir='ltr'>omnes</span> <span class='ocrx_word' id='word_1_160' title='bbox 3022 1047 3121 1120; x_wconf 88' lang='lat' dir='ltr'>qui</span> <span class='ocrx_word' id='word_1_161' title='bbox 3154 1047 3266 1119; x_wconf 88' lang='lat' dir='ltr'>ipsi</span> <span class='ocrx_word' id='word_1_162' title='bbox 3300 1049 3670 1122; x_wconf 63' lang='lat' dir='ltr'>adhaeserint,</span> <span class='ocrx_word' id='word_1_163' title='bbox 3703 1069 3769 1108; x_wconf 86' lang='lat' dir='ltr'>ac</span> 
     </span>
    </p>
   </div>
   <div class='ocr_carea' id='block_1_23' title="bbox 2115 1137 3771 1214">
    <p class='ocr_par' dir='ltr' id='par_1_23' title="bbox 2115 1137 3771 1214">
     <span class='ocr_line' id='line_1_23' title="bbox 2115 1137 3771 1214; baseline 0.004 -22"><span class='ocrx_word' id='word_1_164' title='bbox 2115 1137 2243 1208; x_wconf 86' lang='lat' dir='ltr'>ejus</span> <span class='ocrx_word' id='word_1_165' title='bbox 2266 1138 2437 1208; x_wconf 88' lang='lat' dir='ltr'>jussa</span> <span class='ocrx_word' id='word_1_166' title='bbox 2468 1137 2873 1193; x_wconf 88' lang='lat' dir='ltr'>custodierint.</span> <span class='ocrx_word' id='word_1_167' title='bbox 2911 1137 3067 1192; x_wconf 86' lang='lat' dir='ltr'>Licet</span> <span class='ocrx_word' id='word_1_168' title='bbox 3095 1155 3265 1208; x_wconf 89' lang='lat' dir='ltr'>porro</span> <span class='ocrx_word' id='word_1_169' title='bbox 3290 1137 3468 1195; x_wconf 84' lang='lat' dir='ltr'>talem</span> <span class='ocrx_word' id='word_1_170' title='bbox 3499 1157 3771 1214; x_wconf 87' lang='lat' dir='ltr'>suscepe-</span> 
     </span>
    </p>
   </div>
   <div class='ocr_carea' id='block_1_24' title="bbox 2117 1225 3775 1299">
    <p class='ocr_par' dir='ltr' id='par_1_24' title="bbox 2117 1225 3775 1299">
     <span class='ocr_line' id='line_1_24' title="bbox 2117 1225 3775 1299; baseline 0.004 -19"><span class='ocrx_word' id='word_1_171' title='bbox 2117 1225 2198 1280; x_wconf 87' lang='lat' dir='ltr'>ris</span> <span class='ocrx_word' id='word_1_172' title='bbox 2243 1225 2455 1293; x_wconf 85' lang='lat' dir='ltr'>ﬁlium,</span> <span class='ocrx_word' id='word_1_173' title='bbox 2506 1243 2572 1282; x_wconf 89' lang='lat' dir='ltr'>ac</span> <span class='ocrx_word' id='word_1_174' title='bbox 2621 1230 2847 1282; x_wconf 85' lang='lat' dir='ltr'>tantam</span> <span class='ocrx_word' id='word_1_175' title='bbox 2899 1231 3213 1282; x_wconf 85' lang='lat' dir='ltr'>consecuta</span> <span class='ocrx_word' id='word_1_176' title='bbox 3261 1228 3344 1283; x_wconf 91' lang='lat' dir='ltr'>sis</span> <span class='ocrx_word' id='word_1_177' title='bbox 3391 1227 3662 1299; x_wconf 76' lang='lat' dir='ltr'>gloriam,</span> <span class='ocrx_word' id='word_1_178' title='bbox 3710 1235 3775 1286; x_wconf 89' lang='lat' dir='ltr'>ut</span> 
     </span>
    </p>
   </div>
   <div class='ocr_carea' id='block_1_25' title="bbox 2117 1315 3771 1390">
    <p class='ocr_par' dir='ltr' id='par_1_25' title="bbox 2117 1315 3771 1390">
     <span class='ocr_line' id='line_1_25' title="bbox 2117 1315 3771 1390; baseline 0.005 -22"><span class='ocrx_word' id='word_1_179' title='bbox 2117 1319 2348 1370; x_wconf 89' lang='lat' dir='ltr'>terrena</span> <span class='ocrx_word' id='word_1_180' title='bbox 2381 1331 2614 1386; x_wconf 90' lang='lat' dir='ltr'>quoque</span> <span class='ocrx_word' id='word_1_181' title='bbox 2645 1315 2803 1369; x_wconf 92' lang='lat' dir='ltr'>omni</span> <span class='ocrx_word' id='word_1_182' title='bbox 2837 1320 3047 1371; x_wconf 89' lang='lat' dir='ltr'>natura</span> <span class='ocrx_word' id='word_1_183' title='bbox 3079 1317 3345 1388; x_wconf 84' lang='lat' dir='ltr'>superior</span> <span class='ocrx_word' id='word_1_184' title='bbox 3387 1320 3726 1390; x_wconf 86' lang='lat' dir='ltr'>agnoscaris</span> <span class='ocrx_word' id='word_1_185' title='bbox 3758 1337 3771 1376; x_wconf 89' lang='lat'>:</span> 
     </span>
    </p>
   </div>
   <div class='ocr_carea' id='block_1_26' title="bbox 2119 1405 3775 1481">
    <p class='ocr_par' dir='ltr' id='par_1_26' title="bbox 2119 1405 3775 1481">
     <span class='ocr_line' id='line_1_26' title="bbox 2119 1405 3775 1481; baseline 0.004 -22"><span class='ocrx_word' id='word_1_186' title='bbox 2119 1420 2493 1475; x_wconf 82' lang='lat' dir='ltr'>nequaquam</span> <span class='ocrx_word' id='word_1_187' title='bbox 2516 1405 2908 1460; x_wconf 84' lang='lat' dir='ltr'>tentationum</span> <span class='ocrx_word' id='word_1_188' title='bbox 2945 1406 3403 1478; x_wconf 87' lang='lat' dir='ltr'>passionumque</span> <span class='ocrx_word' id='word_1_189' title='bbox 3431 1425 3636 1481; x_wconf 83' lang='lat' dir='ltr'>expers</span> <span class='ocrx_word' id='word_1_190' title='bbox 3685 1411 3775 1466; x_wconf 84' lang='lat' dir='ltr'>fu-</span> 
     </span>
    </p>
   </div>
   <div class='ocr_carea' id='block_1_27' title="bbox 2120 1495 3782 1572">
    <p class='ocr_par' dir='ltr' id='par_1_27' title="bbox 2120 1495 3782 1572">
     <span class='ocr_line' id='line_1_27' title="bbox 2120 1495 3782 1572; baseline 0.005 -24"><span class='ocrx_word' id='word_1_191' title='bbox 2120 1496 2256 1549; x_wconf 88' lang='lat' dir='ltr'>tura</span> <span class='ocrx_word' id='word_1_192' title='bbox 2313 1510 2396 1562; x_wconf 86' lang='lat' dir='ltr'>es,</span> <span class='ocrx_word' id='word_1_193' title='bbox 2459 1510 2648 1566; x_wconf 89' lang='lat' dir='ltr'>neque</span> <span class='ocrx_word' id='word_1_194' title='bbox 2707 1495 2986 1549; x_wconf 80' lang='lat' dir='ltr'>aerumnis</span> <span class='ocrx_word' id='word_1_195' title='bbox 3043 1512 3225 1551; x_wconf 89' lang='lat' dir='ltr'>vacua</span> <span class='ocrx_word' id='word_1_196' title='bbox 3263 1497 3379 1553; x_wconf 83' lang='lat' dir='ltr'>eris</span> <span class='ocrx_word' id='word_1_197' title='bbox 3413 1515 3426 1554; x_wconf 91' lang='lat'><strong>:</strong></span> <span class='ocrx_word' id='word_1_198' title='bbox 3462 1499 3629 1572; x_wconf 88' lang='lat' dir='ltr'>quin,</span> <span class='ocrx_word' id='word_1_199' title='bbox 3662 1523 3689 1550; x_wconf 79' lang='grc' dir='ltr'>ιι</span> <span class='ocrx_word' id='word_1_200' title='bbox 3723 1504 3782 1557; x_wconf 81' lang='lat' dir='ltr'>et</span> 
     </span>
    </p>
   </div>
   <div class='ocr_carea' id='block_1_28' title="bbox 2119 1583 3778 1658">
    <p class='ocr_par' dir='ltr' id='par_1_28' title="bbox 2119 1583 3778 1658">
     <span class='ocr_line' id='line_1_28' title="bbox 2119 1583 3778 1658; baseline 0.001 -19"><span class='ocrx_word' id='word_1_201' title='bbox 2119 1588 2285 1640; x_wconf 84' lang='lat' dir='ltr'>tuam</span> <span class='ocrx_word' id='word_1_202' title='bbox 2353 1583 2544 1655; x_wconf 86' lang='lat' dir='ltr'>ipsius</span> <span class='ocrx_word' id='word_1_203' title='bbox 2615 1583 2878 1638; x_wconf 86' lang='lat' dir='ltr'>animam</span> <span class='ocrx_word' id='word_1_204' title='bbox 2941 1583 3177 1655; x_wconf 88' lang='lat' dir='ltr'>gladius</span> <span class='ocrx_word' id='word_1_205' title='bbox 3243 1589 3632 1658; x_wconf 88' lang='lat' dir='ltr'>pertransibit</span> <span class='ocrx_word' id='word_1_206' title='bbox 3681 1606 3694 1646; x_wconf 91' lang='lat'>:</span> <span class='ocrx_word' id='word_1_207' title='bbox 3748 1611 3778 1642; x_wconf 82' lang='lat'><em>»</em></span> 
     </span>
    </p>
   </div>
   <div class='ocr_carea' id='block_1_29' title="bbox 2124 1671 3780 1745">
    <p class='ocr_par' dir='ltr' id='par_1_29' title="bbox 2124 1671 3780 1745">
     <span class='ocr_line' id='line_1_29' title="bbox 2124 1671 3780 1745; baseline 0.005 -18"><span class='ocrx_word' id='word_1_208' title='bbox 2124 1689 2196 1728; x_wconf 88' lang='lat' dir='ltr'>ne</span> <span class='ocrx_word' id='word_1_209' title='bbox 2260 1677 2340 1740; x_wconf 86' lang='lat' dir='ltr'>te,</span> <span class='ocrx_word' id='word_1_210' title='bbox 2413 1672 2629 1744; x_wconf 91' lang='lat' dir='ltr'>inquit,</span> <span class='ocrx_word' id='word_1_211' title='bbox 2691 1671 2962 1728; x_wconf 88' lang='lat' dir='ltr'>miraculi</span> <span class='ocrx_word' id='word_1_212' title='bbox 3029 1675 3389 1745; x_wconf 84' lang='lat' dir='ltr'>magnitudo,</span> <span class='ocrx_word' id='word_1_213' title='bbox 3461 1677 3518 1733; x_wconf 91' lang='lat' dir='ltr'>in</span> <span class='ocrx_word' id='word_1_214' title='bbox 3586 1681 3780 1736; x_wconf 89' lang='lat' dir='ltr'>tumo-</span> 
     </span>
    </p>
   </div>
   <div class='ocr_carea' id='block_1_30' title="bbox 2125 1760 3783 1840">
    <p class='ocr_par' dir='ltr' id='par_1_30' title="bbox 2125 1760 3783 1840">
     <span class='ocr_line' id='line_1_30' title="bbox 2125 1760 3783 1840; baseline 0.005 -24"><span class='ocrx_word' id='word_1_215' title='bbox 2125 1778 2249 1816; x_wconf 89' lang='lat' dir='ltr'>rem</span> <span class='ocrx_word' id='word_1_216' title='bbox 2309 1761 2595 1833; x_wconf 84' lang='lat' dir='ltr'>superbiae</span> <span class='ocrx_word' id='word_1_217' title='bbox 2653 1760 2872 1817; x_wconf 79' lang='lat' dir='ltr'>eﬂ&#39;erat.</span> <span class='ocrx_word' id='word_1_218' title='bbox 2926 1761 3047 1819; x_wconf 89' lang='lat' dir='ltr'>Etsi</span> <span class='ocrx_word' id='word_1_219' title='bbox 3097 1763 3277 1834; x_wconf 89' lang='lat' dir='ltr'>enim,</span> <span class='ocrx_word' id='word_1_220' title='bbox 3335 1766 3548 1838; x_wconf 86' lang='lat' dir='ltr'>inquit,</span> <span class='ocrx_word' id='word_1_221' title='bbox 3601 1784 3783 1840; x_wconf 85' lang='lat' dir='ltr'>supra</span> 
     </span>
    </p>
   </div>
   <div class='ocr_carea' id='block_1_31' title="bbox 363 1846 2031 1934">
    <p class='ocr_par' dir='ltr' id='par_1_31' title="bbox 363 1846 2020 1934">
     <span class='ocr_line' id='line_1_31' title="bbox 363 1846 2020 1934; baseline -0.009 -18"><span class='ocrx_word' id='word_1_222' title='bbox 363 1861 457 1917; x_wconf 83' lang='grc' dir='ltr'>καὶ</span> <span class='ocrx_word' id='word_1_223' title='bbox 516 1859 649 1934; x_wconf 68' lang='grc' dir='ltr'>ὑπὲρ</span> <span class='ocrx_word' id='word_1_224' title='bbox 708 1855 863 1933; x_wconf 81' lang='grc' dir='ltr'>φύσιν</span> <span class='ocrx_word' id='word_1_225' title='bbox 926 1853 1176 1924; x_wconf 74' lang='grc' dir='ltr'>ἐκύησας,</span> <span class='ocrx_word' id='word_1_226' title='bbox 1237 1850 1384 1907; x_wconf 82' lang='grc' dir='ltr'>ἀλλὰ</span> <span class='ocrx_word' id='word_1_227' title='bbox 1440 1850 1625 1924; x_wconf 79' lang='grc' dir='ltr'>θλίψιν</span> <span class='ocrx_word' id='word_1_228' title='bbox 1706 1846 1842 1921; x_wconf 70' lang='grc' dir='ltr'>ἕξεις</span> <span class='ocrx_word' id='word_1_229' title='bbox 1898 1852 2020 1911; x_wconf 63' lang='grc' dir='ltr'>ταῖς</span> 
     </span>
    </p>
   </div>
   <div class='ocr_carea' id='block_1_32' title="bbox 2145 1846 3785 1934">
    <p class='ocr_par' dir='ltr' id='par_1_32' title="bbox 2145 1852 3785 1931">
     <span class='ocr_line' id='line_1_32' title="bbox 2145 1852 3785 1931; baseline 0.005 -26"><span class='ocrx_word' id='word_1_230' title='bbox 2145 1855 2402 1906; x_wconf 67' lang='lat' dir='ltr'>naturam</span> <span class='ocrx_word' id='word_1_231' title='bbox 2435 1856 2664 1905; x_wconf 89' lang='lat' dir='ltr'>uterum</span> <span class='ocrx_word' id='word_1_232' title='bbox 2696 1852 2962 1922; x_wconf 87' lang='lat' dir='ltr'>gestasti,</span> <span class='ocrx_word' id='word_1_233' title='bbox 3012 1857 3070 1906; x_wconf 89' lang='lat' dir='ltr'>at</span> <span class='ocrx_word' id='word_1_234' title='bbox 3117 1854 3494 1911; x_wconf 82' lang='lat' dir='ltr'>al&#39;ﬁictionem</span> <span class='ocrx_word' id='word_1_235' title='bbox 3543 1874 3785 1931; x_wconf 86' lang='lat' dir='ltr'>perpes-</span> 
     </span>
    </p>
   </div>
   <div class='ocr_carea' id='block_1_33' title="bbox 369 1935 2023 2026">
    <p class='ocr_par' dir='ltr' id='par_1_33' title="bbox 369 1935 2023 2026">
     <span class='ocr_line' id='line_1_33' title="bbox 369 1935 2023 2026; baseline -0.008 -21"><span class='ocrx_word' id='word_1_236' title='bbox 369 1950 506 2006; x_wconf 71' lang='grc' dir='ltr'>κατὰ</span> <span class='ocrx_word' id='word_1_237' title='bbox 535 1949 691 2026; x_wconf 85' lang='grc' dir='ltr'>φύσιν</span> <span class='ocrx_word' id='word_1_238' title='bbox 721 1943 1014 2022; x_wconf 83' lang='grc' dir='ltr'>γεννώσαις</span> <span class='ocrx_word' id='word_1_239' title='bbox 1065 1940 1390 2018; x_wconf 72' lang='grc' dir='ltr'>ἐφάμιλλον·</span> <span class='ocrx_word' id='word_1_240' title='bbox 1455 1938 1667 2014; x_wconf 76' lang='grc' dir='ltr'>μᾶλλον</span> <span class='ocrx_word' id='word_1_241' title='bbox 1719 1936 1775 1993; x_wconf 76' lang='grc' dir='ltr'>δὲ</span> <span class='ocrx_word' id='word_1_242' title='bbox 1824 1935 2023 2010; x_wconf 81' lang='grc' dir='ltr'>πολλῷ</span> 
     </span>
    </p>
   </div>
   <div class='ocr_carea' id='block_1_34' title="bbox 376 2025 2027 2114">
    <p class='ocr_par' dir='ltr' id='par_1_34' title="bbox 376 2025 2027 2114">
     <span class='ocr_line' id='line_1_34' title="bbox 376 2025 2027 2114; baseline -0.008 -21"><span class='ocrx_word' id='word_1_243' title='bbox 376 2025 638 2114; x_wconf 78' lang='grc' dir='ltr'>μεγίστην</span> <span class='ocrx_word' id='word_1_244' title='bbox 667 2035 755 2090; x_wconf 80' lang='grc' dir='ltr'>καὶ</span> <span class='ocrx_word' id='word_1_245' title='bbox 789 2028 1262 2105; x_wconf 75' lang='grc' dir='ltr'>ὑπερϐάλλουσαν,</span> <span class='ocrx_word' id='word_1_246' title='bbox 1296 2029 1419 2084; x_wconf 82' lang='grc' dir='ltr'>ὅσον</span> <span class='ocrx_word' id='word_1_247' title='bbox 1452 2027 1648 2083; x_wconf 83' lang='grc' dir='ltr'>ἐκεῖναι</span> <span class='ocrx_word' id='word_1_248' title='bbox 1703 2028 1797 2102; x_wconf 73' lang='grc' dir='ltr'>μὲν</span> <span class='ocrx_word' id='word_1_249' title='bbox 1850 2025 2027 2102; x_wconf 86' lang='grc' dir='ltr'>χωρὶς</span> 
     </span>
    </p>
   </div>
   <div class='ocr_carea' id='block_1_35' title="bbox 385 2113 2031 2200">
    <p class='ocr_par' dir='ltr' id='par_1_35' title="bbox 385 2113 2031 2200">
     <span class='ocr_line' id='line_1_35' title="bbox 385 2113 2031 2200; baseline -0.007 -19"><span class='ocrx_word' id='word_1_250' title='bbox 385 2113 671 2200; x_wconf 84' lang='grc' dir='ltr'>θαυμάτων</span> <span class='ocrx_word' id='word_1_251' title='bbox 703 2124 800 2180; x_wconf 78' lang='grc' dir='ltr'>τὰς</span> <span class='ocrx_word' id='word_1_252' title='bbox 832 2121 955 2197; x_wconf 87' lang='grc' dir='ltr'>περὶ</span> <span class='ocrx_word' id='word_1_253' title='bbox 984 2122 1050 2175; x_wconf 80' lang='grc' dir='ltr'>τά</span> <span class='ocrx_word' id='word_1_254' title='bbox 1096 2119 1254 2174; x_wconf 77' lang='grc' dir='ltr'>τὲκνα</span> <span class='ocrx_word' id='word_1_255' title='bbox 1284 2117 1498 2192; x_wconf 75' lang='grc' dir='ltr'>θλίψεις</span> <span class='ocrx_word' id='word_1_256' title='bbox 1533 2116 1842 2191; x_wconf 57' lang='grc' dir='ltr'>ὑπέμειναν</span> <span class='ocrx_word' id='word_1_257' title='bbox 1878 2115 1940 2170; x_wconf 78' lang='grc' dir='ltr'>σὺ</span> <span class='ocrx_word' id='word_1_258' title='bbox 1973 2113 2031 2170; x_wconf 73' lang='grc' dir='ltr'>δὲ</span> 
     </span>
    </p>
   </div>
   <div class='ocr_carea' id='block_1_36' title="bbox 386 2204 2029 2291">
    <p class='ocr_par' dir='ltr' id='par_1_36' title="bbox 386 2204 2029 2291">
     <span class='ocr_line' id='line_1_36' title="bbox 386 2204 2029 2291; baseline -0.007 -20"><span class='ocrx_word' id='word_1_259' title='bbox 386 2216 520 2291; x_wconf 86' lang='grc' dir='ltr'>μετὰ</span> <span class='ocrx_word' id='word_1_260' title='bbox 549 2213 819 2280; x_wconf 84' lang='grc' dir='ltr'>τοσαύτην</span> <span class='ocrx_word' id='word_1_261' title='bbox 847 2209 1059 2281; x_wconf 79' lang='grc' dir='ltr'>πληθὺν</span> <span class='ocrx_word' id='word_1_262' title='bbox 1087 2206 1400 2283; x_wconf 83' lang='grc' dir='ltr'>τεραστίων,</span> <span class='ocrx_word' id='word_1_263' title='bbox 1445 2209 1580 2280; x_wconf 82' lang='grc' dir='ltr'>μετὰ</span> <span class='ocrx_word' id='word_1_264' title='bbox 1624 2207 1720 2268; x_wconf 77' lang='grc' dir='ltr'>τὰς</span> <span class='ocrx_word' id='word_1_265' title='bbox 1762 2204 2029 2268; x_wconf 70' lang='grc' dir='ltr'>ἀπλέτους</span> 
     </span>
    </p>
   </div>
   <div class='ocr_carea' id='block_1_37' title="bbox 384 2291 2032 2376">
    <p class='ocr_par' dir='ltr' id='par_1_37' title="bbox 384 2291 2032 2376">
     <span class='ocr_line' id='line_1_37' title="bbox 384 2291 2032 2376; baseline -0.008 -15"><span class='ocrx_word' id='word_1_266' title='bbox 384 2304 588 2366; x_wconf 73' lang='grc' dir='ltr'>ἐκείνας</span> <span class='ocrx_word' id='word_1_267' title='bbox 659 2306 767 2357; x_wconf 90' lang='grc' dir='ltr'>τῶν</span> <span class='ocrx_word' id='word_1_268' title='bbox 834 2303 1190 2376; x_wconf 79' lang='grc' dir='ltr'>προφητικῶν</span> <span class='ocrx_word' id='word_1_269' title='bbox 1246 2297 1505 2374; x_wconf 75' lang='grc' dir='ltr'>ῥημάτων</span> <span class='ocrx_word' id='word_1_270' title='bbox 1562 2291 1825 2368; x_wconf 74' lang='grc' dir='ltr'>ἐκϐάσεις,</span> <span class='ocrx_word' id='word_1_271' title='bbox 1899 2295 2032 2368; x_wconf 72' lang='grc' dir='ltr'>μετὰ</span> 
     </span>
    </p>
   </div>
   <div class='ocr_carea' id='block_1_38' title="bbox 380 2385 2034 2468">
    <p class='ocr_par' dir='ltr' id='par_1_38' title="bbox 380 2385 2034 2468">
     <span class='ocr_line' id='line_1_38' title="bbox 380 2385 2034 2468; baseline -0.008 -17"><span class='ocrx_word' id='word_1_272' title='bbox 380 2397 480 2465; x_wconf 81' lang='grc' dir='ltr'>τήν</span> <span class='ocrx_word' id='word_1_273' title='bbox 512 2389 841 2468; x_wconf 72' lang='grc' dir='ltr'>περιϐόητον</span> <span class='ocrx_word' id='word_1_274' title='bbox 873 2392 984 2463; x_wconf 75' lang='grc'>(47)</span> <span class='ocrx_word' id='word_1_275' title='bbox 1015 2391 1113 2458; x_wconf 76' lang='grc' dir='ltr'>τῆς</span> <span class='ocrx_word' id='word_1_276' title='bbox 1146 2387 1435 2462; x_wconf 84' lang='grc' dir='ltr'>παρθενίας</span> <span class='ocrx_word' id='word_1_277' title='bbox 1480 2385 1726 2464; x_wconf 72' lang='grc' dir='ltr'>φυλακὴν</span> <span class='ocrx_word' id='word_1_278' title='bbox 1774 2385 1863 2439; x_wconf 79' lang='grc' dir='ltr'>καὶ</span> <span class='ocrx_word' id='word_1_279' title='bbox 1914 2406 2034 2439; x_wconf 88' lang='grc' dir='ltr'>συν-</span> 
     </span>
    </p>
   </div>
   <div class='ocr_carea' id='block_1_39' title="bbox 383 2474 2031 2560">
    <p class='ocr_par' dir='ltr' id='par_1_39' title="bbox 383 2474 2031 2560">
     <span class='ocr_line' id='line_1_39' title="bbox 383 2474 2031 2560; baseline -0.007 -21"><span class='ocrx_word' id='word_1_280' title='bbox 383 2487 636 2560; x_wconf 78' lang='grc' dir='ltr'>νήρησιν,</span> <span class='ocrx_word' id='word_1_281' title='bbox 697 2478 741 2535; x_wconf 79' lang='grc' dir='ltr'><strong>ὣ</strong></span> <span class='ocrx_word' id='word_1_282' title='bbox 796 2483 893 2534; x_wconf 88' lang='grc' dir='ltr'>τοῦ</span> <span class='ocrx_word' id='word_1_283' title='bbox 955 2477 1264 2550; x_wconf 77' lang='grc' dir='ltr'>θαύματοςί</span> <span class='ocrx_word' id='word_1_284' title='bbox 1314 2476 1403 2531; x_wconf 82' lang='grc' dir='ltr'>καὶ</span> <span class='ocrx_word' id='word_1_285' title='bbox 1453 2479 1547 2530; x_wconf 88' lang='grc' dir='ltr'>σοῦ</span> <span class='ocrx_word' id='word_1_286' title='bbox 1579 2474 1744 2544; x_wconf 76' lang='grc' dir='ltr'>αὐτῆς</span> <span class='ocrx_word' id='word_1_287' title='bbox 1771 2476 1872 2543; x_wconf 71' lang='grc' dir='ltr'>τὴν</span> <span class='ocrx_word' id='word_1_288' title='bbox 1930 2477 2031 2547; x_wconf 75' lang='grc' dir='ltr'>ψυ-</span> 
     </span>
    </p>
   </div>
   <div class='ocr_carea' id='block_1_40' title="bbox 387 2562 2032 2649">
    <p class='ocr_par' dir='ltr' id='par_1_40' title="bbox 387 2562 2032 2649">
     <span class='ocr_line' id='line_1_40' title="bbox 387 2562 2032 2649; baseline -0.007 -21"><span class='ocrx_word' id='word_1_289' title='bbox 387 2575 496 2649; x_wconf 69' lang='grc' dir='ltr'>χὴν</span> <span class='ocrx_word' id='word_1_290' title='bbox 530 2570 858 2627; x_wconf 75' lang='grc' dir='ltr'>διελεύσεται</span> <span class='ocrx_word' id='word_1_291' title='bbox 893 2567 1154 2646; x_wconf 79' lang='grc' dir='ltr'>ῥομφαία.</span> <span class='ocrx_word' id='word_1_292' title='bbox 1192 2592 1219 2616; x_wconf 84' lang='grc'>››</span> <span class='ocrx_word' id='word_1_293' title='bbox 1249 2564 1444 2634; x_wconf 86' lang='grc' dir='ltr'>Τίνος;</span> <span class='ocrx_word' id='word_1_294' title='bbox 1479 2588 1507 2616; x_wconf 78' lang='grc' dir='ltr'>(ι</span> <span class='ocrx_word' id='word_1_295' title='bbox 1546 2568 1662 2632; x_wconf 90' lang='grc' dir='ltr'>σοῦ,</span> <span class='ocrx_word' id='word_1_296' title='bbox 1718 2563 1904 2642; x_wconf 80' lang='grc' dir='ltr'>φησὶν,</span> <span class='ocrx_word' id='word_1_297' title='bbox 1937 2562 2032 2617; x_wconf 85' lang='grc' dir='ltr'>αύ-</span> 
     </span>
    </p>
   </div>
   <div class='ocr_carea' id='block_1_41' title="bbox 386 2650 2033 2732">
    <p class='ocr_par' dir='ltr' id='par_1_41' title="bbox 386 2650 2033 2732">
     <span class='ocr_line' id='line_1_41' title="bbox 386 2650 2033 2732; baseline -0.007 -16"><span class='ocrx_word' id='word_1_298' title='bbox 386 2669 540 2732; x_wconf 72' lang='grc' dir='ltr'>τῆς,»</span> <span class='ocrx_word' id='word_1_299' title='bbox 573 2663 671 2725; x_wconf 78' lang='grc' dir='ltr'>τῆς</span> <span class='ocrx_word' id='word_1_300' title='bbox 699 2659 790 2714; x_wconf 87' lang='grc' dir='ltr'>τὸν</span> <span class='ocrx_word' id='word_1_301' title='bbox 827 2651 1073 2730; x_wconf 76' lang='grc' dir='ltr'>Γαϐριὴλ</span> <span class='ocrx_word' id='word_1_302' title='bbox 1098 2654 1502 2729; x_wconf 80' lang='grc' dir='ltr'>εὑμοιρησάσης</span> <span class='ocrx_word' id='word_1_303' title='bbox 1531 2650 2033 2728; x_wconf 78' lang='grc' dir='ltr'>εὐαγγελιστήν,καὶ</span> 
     </span>
    </p>
   </div>
   <div class='ocr_carea' id='block_1_42' title="bbox 385 2739 2035 2821">
    <p class='ocr_par' dir='ltr' id='par_1_42' title="bbox 385 2739 2035 2821">
     <span class='ocr_line' id='line_1_42' title="bbox 385 2739 2035 2821; baseline -0.006 -15"><span class='ocrx_word' id='word_1_304' title='bbox 385 2755 482 2806; x_wconf 89' lang='grc' dir='ltr'>τοῦ</span> <span class='ocrx_word' id='word_1_305' title='bbox 511 2750 674 2806; x_wconf 86' lang='grc' dir='ltr'>τόκου</span> <span class='ocrx_word' id='word_1_306' title='bbox 707 2747 1041 2821; x_wconf 84' lang='grc' dir='ltr'>σημάντορα·</span> <span class='ocrx_word' id='word_1_307' title='bbox 1081 2770 1102 2795; x_wconf 74' lang='grc' dir='ltr'>ι</span> <span class='ocrx_word' id='word_1_308' title='bbox 1161 2748 1278 2813; x_wconf 89' lang='grc' dir='ltr'>σοῦ,</span> <span class='ocrx_word' id='word_1_309' title='bbox 1315 2767 1342 2794; x_wconf 94' lang='grc'><strong>››</strong></span> <span class='ocrx_word' id='word_1_310' title='bbox 1399 2749 1500 2812; x_wconf 80' lang='grc' dir='ltr'>τῆς</span> <span class='ocrx_word' id='word_1_311' title='bbox 1528 2743 1626 2810; x_wconf 80' lang='grc' dir='ltr'>τήν</span> <span class='ocrx_word' id='word_1_312' title='bbox 1680 2739 1905 2814; x_wconf 86' lang='grc' dir='ltr'>δύναμιν</span> <span class='ocrx_word' id='word_1_313' title='bbox 1938 2745 2035 2796; x_wconf 89' lang='grc' dir='ltr'>τοῦ</span> 
     </span>
    </p>
   </div>
   <div class='ocr_carea' id='block_1_43' title="bbox 386 2831 2034 2914">
    <p class='ocr_par' dir='ltr' id='par_1_43' title="bbox 386 2831 2034 2914">
     <span class='ocr_line' id='line_1_43' title="bbox 386 2831 2034 2914; baseline -0.005 -19"><span class='ocrx_word' id='word_1_314' title='bbox 386 2839 642 2914; x_wconf 78' lang='grc' dir='ltr'>Ὑψίστου</span> <span class='ocrx_word' id='word_1_315' title='bbox 720 2835 1152 2904; x_wconf 80' lang='grc' dir='ltr'>ἐπισκιάζουσαν,</span> <span class='ocrx_word' id='word_1_316' title='bbox 1212 2832 1302 2886; x_wconf 85' lang='grc' dir='ltr'>καὶ</span> <span class='ocrx_word' id='word_1_317' title='bbox 1377 2831 1506 2886; x_wconf 83' lang='grc' dir='ltr'>αὐτὸ</span> <span class='ocrx_word' id='word_1_318' title='bbox 1561 2833 1624 2886; x_wconf 89' lang='grc' dir='ltr'>τὸ</span> <span class='ocrx_word' id='word_1_319' title='bbox 1683 2836 1900 2905; x_wconf 80' lang='grc' dir='ltr'>Πνεῦμα</span> <span class='ocrx_word' id='word_1_320' title='bbox 1972 2831 2034 2887; x_wconf 87' lang='grc' dir='ltr'>τὸ</span> 
     </span>
    </p>
   </div>
   <div class='ocr_carea' id='block_1_44' title="bbox 390 2919 2033 3005">
    <p class='ocr_par' dir='ltr' id='par_1_44' title="bbox 390 2919 2033 3005">
     <span class='ocr_line' id='line_1_44' title="bbox 390 2919 2033 3005; baseline -0.006 -22"><span class='ocrx_word' id='word_1_321' title='bbox 390 2933 565 3005; x_wconf 80' lang='grc' dir='ltr'>ἅγιον,</span> <span class='ocrx_word' id='word_1_322' title='bbox 599 2927 890 3004; x_wconf 78' lang='grc' dir='ltr'>ἐπιφοιτῶν</span> <span class='ocrx_word' id='word_1_323' title='bbox 941 2945 999 2980; x_wconf 88' lang='grc' dir='ltr'>τε</span> <span class='ocrx_word' id='word_1_324' title='bbox 1044 2923 1133 2978; x_wconf 85' lang='grc' dir='ltr'>καὶ</span> <span class='ocrx_word' id='word_1_325' title='bbox 1181 2920 1600 2996; x_wconf 86' lang='grc' dir='ltr'>περιιπτάμενόν</span> <span class='ocrx_word' id='word_1_326' title='bbox 1663 2941 1740 2991; x_wconf 87' lang='grc' dir='ltr'>σε,</span> <span class='ocrx_word' id='word_1_327' title='bbox 1790 2919 2033 2994; x_wconf 89' lang='grc' dir='ltr'>σχούσης</span> 
     </span>
    </p>
   </div>
   <div class='ocr_carea' id='block_1_45' title="bbox 390 3006 2036 3093">
    <p class='ocr_par' dir='ltr' id='par_1_45' title="bbox 390 3006 2036 3093">
     <span class='ocr_line' id='line_1_45' title="bbox 390 3006 2036 3093; baseline -0.006 -19"><span class='ocrx_word' id='word_1_328' title='bbox 390 3016 779 3093; x_wconf 83' lang='grc' dir='ltr'>ἀριδηλότατα·</span> <span class='ocrx_word' id='word_1_329' title='bbox 815 3040 841 3066; x_wconf 91' lang='grc'><em>‹‹</em></span> <span class='ocrx_word' id='word_1_330' title='bbox 877 3017 973 3068; x_wconf 89' lang='grc' dir='ltr'>σοῦ</span> <span class='ocrx_word' id='word_1_331' title='bbox 1004 3011 1195 3081; x_wconf 76' lang='grc' dir='ltr'>αὐτῆς,</span> <span class='ocrx_word' id='word_1_332' title='bbox 1235 3036 1262 3062; x_wconf 86' lang='grc'>››</span> <span class='ocrx_word' id='word_1_333' title='bbox 1296 3011 1357 3079; x_wconf 80' lang='grc' dir='ltr'>ἢν</span> <span class='ocrx_word' id='word_1_334' title='bbox 1395 3010 1561 3085; x_wconf 86' lang='grc' dir='ltr'>μάγοι</span> <span class='ocrx_word' id='word_1_335' title='bbox 1597 3009 1731 3082; x_wconf 82' lang='grc' dir='ltr'>μετά</span> <span class='ocrx_word' id='word_1_336' title='bbox 1757 3013 1853 3063; x_wconf 87' lang='grc' dir='ltr'>τοῦ</span> <span class='ocrx_word' id='word_1_337' title='bbox 1885 3006 2036 3064; x_wconf 72' lang='lat' dir='ltr'>amt-</span> 
     </span>
    </p>
   </div>
   <div class='ocr_carea' id='block_1_46' title="bbox 394 3097 2037 3186">
    <p class='ocr_par' dir='ltr' id='par_1_46' title="bbox 394 3097 2037 3186">
     <span class='ocr_line' id='line_1_46' title="bbox 394 3097 2037 3186; baseline -0.001 -32"><span class='ocrx_word' id='word_1_338' title='bbox 394 3129 484 3186; x_wconf 78' lang='grc' dir='ltr'>ρος</span> <span class='ocrx_word' id='word_1_339' title='bbox 513 3107 626 3181; x_wconf 66' lang='lat'>(118‘</span> <span class='ocrx_word' id='word_1_340' title='bbox 674 3102 743 3159; x_wconf 81' lang='grc' dir='ltr'>δι’</span> <span class='ocrx_word' id='word_1_341' title='bbox 792 3100 1012 3176; x_wconf 63' lang='grc' dir='ltr'>ἀστέρος</span> <span class='ocrx_word' id='word_1_342' title='bbox 1064 3097 1424 3174; x_wconf 80' lang='grc' dir='ltr'>ὀδηγηθὲντες</span> <span class='ocrx_word' id='word_1_343' title='bbox 1473 3098 1898 3174; x_wconf 78' lang='grc' dir='ltr'>προσεκύνησαν,</span> <span class='ocrx_word' id='word_1_344' title='bbox 1946 3101 2037 3152; x_wconf 81' lang='grc' dir='ltr'>καί</span> 
     </span>
    </p>
   </div>
   <div class='ocr_carea' id='block_1_47' title="bbox 2137 1939 3788 2020">
    <p class='ocr_par' dir='ltr' id='par_1_47' title="bbox 2137 1939 3788 2020">
     <span class='ocr_line' id='line_1_47' title="bbox 2137 1939 3788 2020; baseline 0.006 -24"><span class='ocrx_word' id='word_1_345' title='bbox 2137 1957 2276 1996; x_wconf 91' lang='lat' dir='ltr'>sura</span> <span class='ocrx_word' id='word_1_346' title='bbox 2332 1956 2414 2006; x_wconf 88' lang='lat' dir='ltr'>es,</span> <span class='ocrx_word' id='word_1_347' title='bbox 2466 1939 2539 1995; x_wconf 90' lang='lat' dir='ltr'>iis</span> <span class='ocrx_word' id='word_1_348' title='bbox 2581 1957 2706 2011; x_wconf 86' lang='lat' dir='ltr'>quae</span> <span class='ocrx_word' id='word_1_349' title='bbox 2736 1941 3060 1995; x_wconf 88' lang='lat' dir='ltr'>secundum</span> <span class='ocrx_word' id='word_1_350' title='bbox 3120 1947 3391 2000; x_wconf 87' lang='lat' dir='ltr'>naturam</span> <span class='ocrx_word' id='word_1_351' title='bbox 3433 1953 3788 2020; x_wconf 85' lang='lat' dir='ltr'>pepererunt</span> 
     </span>
    </p>
   </div>
   <div class='ocr_carea' id='block_1_48' title="bbox 2139 2027 3785 2108">
    <p class='ocr_par' dir='ltr' id='par_1_48' title="bbox 2139 2027 3785 2108">
     <span class='ocr_line' id='line_1_48' title="bbox 2139 2027 3785 2108; baseline 0.008 -26"><span class='ocrx_word' id='word_1_352' title='bbox 2139 2027 2418 2100; x_wconf 88' lang='lat' dir='ltr'>qualem;</span> <span class='ocrx_word' id='word_1_353' title='bbox 2487 2028 2605 2084; x_wconf 90' lang='lat' dir='ltr'>imo</span> <span class='ocrx_word' id='word_1_354' title='bbox 2682 2027 2865 2084; x_wconf 88' lang='lat' dir='ltr'>multo</span> <span class='ocrx_word' id='word_1_355' title='bbox 2943 2031 3224 2101; x_wconf 87' lang='lat' dir='ltr'>majorem</span> <span class='ocrx_word' id='word_1_356' title='bbox 3293 2038 3348 2088; x_wconf 89' lang='lat' dir='ltr'>et</span> <span class='ocrx_word' id='word_1_357' title='bbox 3415 2037 3785 2108; x_wconf 87' lang='lat' dir='ltr'>graviorem;</span> 
     </span>
    </p>
   </div>
   <div class='ocr_carea' id='block_1_49' title="bbox 2139 2117 3791 2192">
    <p class='ocr_par' dir='ltr' id='par_1_49' title="bbox 2139 2117 3791 2192">
     <span class='ocr_line' id='line_1_49' title="bbox 2139 2117 3791 2192; baseline 0.006 -18"><span class='ocrx_word' id='word_1_358' title='bbox 2139 2118 2292 2174; x_wconf 74' lang='lat'>363</span> <span class='ocrx_word' id='word_1_359' title='bbox 2325 2123 2617 2190; x_wconf 90' lang='lat' dir='ltr'>quatenus</span> <span class='ocrx_word' id='word_1_360' title='bbox 2648 2117 2869 2173; x_wconf 88' lang='lat' dir='ltr'>scilicet</span> <span class='ocrx_word' id='word_1_361' title='bbox 2899 2117 3009 2172; x_wconf 69' lang='lat' dir='ltr'>illa:</span> <span class='ocrx_word' id='word_1_362' title='bbox 3041 2119 3262 2192; x_wconf 87' lang='lat' dir='ltr'>absque</span> <span class='ocrx_word' id='word_1_363' title='bbox 3293 2123 3574 2181; x_wconf 90' lang='lat' dir='ltr'>miraculo</span> <span class='ocrx_word' id='word_1_364' title='bbox 3624 2127 3791 2184; x_wconf 88' lang='lat' dir='ltr'>dolo-</span> 
     </span>
    </p>
   </div>
   <div class='ocr_carea' id='block_1_50' title="bbox 2139 2206 3792 2285">
    <p class='ocr_par' dir='ltr' id='par_1_50' title="bbox 2139 2206 3792 2285">
     <span class='ocr_line' id='line_1_50' title="bbox 2139 2206 3792 2285; baseline 0.007 -23"><span class='ocrx_word' id='word_1_365' title='bbox 2139 2223 2232 2263; x_wconf 90' lang='lat' dir='ltr'>res</span> <span class='ocrx_word' id='word_1_366' title='bbox 2277 2206 2593 2263; x_wconf 89' lang='lat' dir='ltr'>liberorum</span> <span class='ocrx_word' id='word_1_367' title='bbox 2645 2223 2824 2262; x_wconf 85' lang='lat' dir='ltr'>causa</span> <span class='ocrx_word' id='word_1_368' title='bbox 2870 2215 3176 2280; x_wconf 90' lang='lat' dir='ltr'>susceptos</span> <span class='ocrx_word' id='word_1_369' title='bbox 3225 2213 3636 2272; x_wconf 82' lang='lat' dir='ltr'>sustinuerunt</span> <span class='ocrx_word' id='word_1_370' title='bbox 3673 2235 3686 2285; x_wconf 89' lang='lat'><strong>;</strong></span> <span class='ocrx_word' id='word_1_371' title='bbox 3731 2221 3792 2274; x_wconf 86' lang='lat' dir='ltr'>at</span> 
     </span>
    </p>
   </div>
   <div class='ocr_carea' id='block_1_51' title="bbox 2140 2296 3788 2374">
    <p class='ocr_par' dir='ltr' id='par_1_51' title="bbox 2140 2296 3788 2374">
     <span class='ocr_line' id='line_1_51' title="bbox 2140 2296 3788 2374; baseline 0.008 -24"><span class='ocrx_word' id='word_1_372' title='bbox 2140 2296 2293 2366; x_wconf 83' lang='lat' dir='ltr'>quod</span> <span class='ocrx_word' id='word_1_373' title='bbox 2325 2303 2381 2351; x_wconf 86' lang='lat' dir='ltr'>te</span> <span class='ocrx_word' id='word_1_374' title='bbox 2414 2300 2659 2369; x_wconf 85' lang='lat' dir='ltr'>spectat,</span> <span class='ocrx_word' id='word_1_375' title='bbox 2684 2301 2814 2367; x_wconf 89' lang='lat' dir='ltr'>post</span> <span class='ocrx_word' id='word_1_376' title='bbox 2845 2301 3068 2353; x_wconf 88' lang='lat' dir='ltr'>tantam</span> <span class='ocrx_word' id='word_1_377' title='bbox 3103 2299 3504 2373; x_wconf 87' lang='lat' dir='ltr'>prodigiorum</span> <span class='ocrx_word' id='word_1_378' title='bbox 3529 2305 3788 2374; x_wconf 84' lang='lat' dir='ltr'>turbam,</span> 
     </span>
    </p>
   </div>
   <div class='ocr_carea' id='block_1_52' title="bbox 2141 2383 3799 2464">
    <p class='ocr_par' dir='ltr' id='par_1_52' title="bbox 2141 2383 3799 2464">
     <span class='ocr_line' id='line_1_52' title="bbox 2141 2383 3799 2464; baseline 0.007 -23"><span class='ocrx_word' id='word_1_379' title='bbox 2141 2391 2271 2457; x_wconf 84' lang='lat' dir='ltr'>post</span> <span class='ocrx_word' id='word_1_380' title='bbox 2295 2383 2757 2441; x_wconf 87' lang='lat' dir='ltr'>innumerabiles</span> <span class='ocrx_word' id='word_1_381' title='bbox 2789 2384 2921 2441; x_wconf 93' lang='lat' dir='ltr'>illos</span> <span class='ocrx_word' id='word_1_382' title='bbox 2935 2388 3352 2458; x_wconf 85' lang='lat' dir='ltr'>prophetarum</span> <span class='ocrx_word' id='word_1_383' title='bbox 3371 2409 3506 2448; x_wconf 80' lang='lat' dir='ltr'>voce</span> <span class='ocrx_word' id='word_1_384' title='bbox 3525 2411 3799 2464; x_wconf 81' lang='lat' dir='ltr'>praenun-</span> 
     </span>
    </p>
   </div>
   <div class='ocr_carea' id='block_1_53' title="bbox 2141 2475 3792 2555">
    <p class='ocr_par' dir='ltr' id='par_1_53' title="bbox 2141 2475 3792 2555">
     <span class='ocr_line' id='line_1_53' title="bbox 2141 2475 3792 2555; baseline 0.007 -25"><span class='ocrx_word' id='word_1_385' title='bbox 2141 2475 2315 2531; x_wconf 90' lang='lat' dir='ltr'>tiatos</span> <span class='ocrx_word' id='word_1_386' title='bbox 2344 2481 2634 2542; x_wconf 83' lang='lat' dir='ltr'>eventus;</span> <span class='ocrx_word' id='word_1_387' title='bbox 2684 2480 2819 2547; x_wconf 90' lang='lat' dir='ltr'>post</span> <span class='ocrx_word' id='word_1_388' title='bbox 2868 2475 3393 2536; x_wconf 78' lang='lat' dir='ltr'>celebratissimum</span> <span class='ocrx_word' id='word_1_389' title='bbox 3439 2482 3792 2555; x_wconf 77' lang='lat' dir='ltr'>virginitatis</span> 
     </span>
    </p>
   </div>
   <div class='ocr_carea' id='block_1_54' title="bbox 2143 2563 3786 2636">
    <p class='ocr_par' dir='ltr' id='par_1_54' title="bbox 2143 2563 3786 2636">
     <span class='ocr_line' id='line_1_54' title="bbox 2143 2563 3786 2636; baseline 0.008 -17"><span class='ocrx_word' id='word_1_390' title='bbox 2143 2564 2537 2636; x_wconf 86' lang='lat' dir='ltr'>integritatem</span> <span class='ocrx_word' id='word_1_391' title='bbox 2569 2579 2636 2619; x_wconf 89' lang='lat' dir='ltr'>ac</span> <span class='ocrx_word' id='word_1_392' title='bbox 2665 2563 3014 2636; x_wconf 88' lang='lat' dir='ltr'>custodiam,</span> <span class='ocrx_word' id='word_1_393' title='bbox 3034 2582 3066 2621; x_wconf 91' lang='grc' dir='ltr'>ο</span> <span class='ocrx_word' id='word_1_394' title='bbox 3098 2567 3528 2626; x_wconf 76' lang='lat' dir='ltr'>miraculumlu</span> <span class='ocrx_word' id='word_1_395' title='bbox 3548 2577 3604 2629; x_wconf 88' lang='lat' dir='ltr'>et</span> <span class='ocrx_word' id='word_1_396' title='bbox 3624 2579 3786 2632; x_wconf 88' lang='lat' dir='ltr'>tuam</span> 
     </span>
    </p>
   </div>
   <div class='ocr_carea' id='block_1_55' title="bbox 2142 2651 3796 2732">
    <p class='ocr_par' dir='ltr' id='par_1_55' title="bbox 2142 2651 3796 2732">
     <span class='ocr_line' id='line_1_55' title="bbox 2142 2651 3796 2732; baseline 0.008 -26"><span class='ocrx_word' id='word_1_397' title='bbox 2142 2651 2328 2725; x_wconf 83' lang='lat' dir='ltr'>ipsius</span> <span class='ocrx_word' id='word_1_398' title='bbox 2360 2651 2618 2707; x_wconf 86' lang='lat' dir='ltr'>animam</span> <span class='ocrx_word' id='word_1_399' title='bbox 2654 2652 3029 2724; x_wconf 90' lang='lat' dir='ltr'>pertransibit</span> <span class='ocrx_word' id='word_1_400' title='bbox 3058 2654 3313 2727; x_wconf 83' lang='lat' dir='ltr'>gladius.</span> <span class='ocrx_word' id='word_1_401' title='bbox 3344 2679 3374 2708; x_wconf 88' lang='grc'><strong><em>››</em></strong></span> <span class='ocrx_word' id='word_1_402' title='bbox 3423 2661 3745 2732; x_wconf 76' lang='lat' dir='ltr'>Cujusnam</span> <span class='ocrx_word' id='word_1_403' title='bbox 3771 2668 3796 2720; x_wconf 75' lang='grc' dir='ltr'><strong><em>Ρ</em></strong></span> 
     </span>
    </p>
   </div>
   <div class='ocr_carea' id='block_1_56' title="bbox 2147 2741 3788 2816">
    <p class='ocr_par' dir='ltr' id='par_1_56' title="bbox 2147 2741 3788 2816">
     <span class='ocr_line' id='line_1_56' title="bbox 2147 2741 3788 2816; baseline 0.01 -22"><span class='ocrx_word' id='word_1_404' title='bbox 2147 2764 2174 2794; x_wconf 75' lang='grc' dir='ltr'>α</span> <span class='ocrx_word' id='word_1_405' title='bbox 2221 2747 2407 2807; x_wconf 89' lang='lat' dir='ltr'>tuam,</span> <span class='ocrx_word' id='word_1_406' title='bbox 2459 2741 2673 2812; x_wconf 89' lang='lat' dir='ltr'>inquit,</span> <span class='ocrx_word' id='word_1_407' title='bbox 2725 2742 2934 2814; x_wconf 84' lang='lat' dir='ltr'>ipsius,</span> <span class='ocrx_word' id='word_1_408' title='bbox 2986 2765 3015 2793; x_wconf 85' lang='lat'>»</span> <span class='ocrx_word' id='word_1_409' title='bbox 3060 2761 3186 2816; x_wconf 76' lang='lat' dir='ltr'>qua:</span> <span class='ocrx_word' id='word_1_410' title='bbox 3219 2747 3481 2806; x_wconf 88' lang='lat' dir='ltr'>faustum</span> <span class='ocrx_word' id='word_1_411' title='bbox 3513 2754 3788 2810; x_wconf 90' lang='lat' dir='ltr'>nuntium</span> 
     </span>
    </p>
   </div>
   <div class='ocr_carea' id='block_1_57' title="bbox 2145 2830 3793 2915">
    <p class='ocr_par' dir='ltr' id='par_1_57' title="bbox 2145 2830 3793 2915">
     <span class='ocr_line' id='line_1_57' title="bbox 2145 2830 3793 2915; baseline 0.006 -27"><span class='ocrx_word' id='word_1_412' title='bbox 2145 2830 2472 2888; x_wconf 88' lang='lat' dir='ltr'>Gabrielem</span> <span class='ocrx_word' id='word_1_413' title='bbox 2505 2836 2677 2886; x_wconf 88' lang='lat' dir='ltr'>nacta</span> <span class='ocrx_word' id='word_1_414' title='bbox 2706 2848 2767 2886; x_wconf 93' lang='lat' dir='ltr'>es</span> <span class='ocrx_word' id='word_1_415' title='bbox 2799 2849 2862 2886; x_wconf 87' lang='lat' dir='ltr'>ac</span> <span class='ocrx_word' id='word_1_416' title='bbox 2895 2838 3095 2903; x_wconf 86' lang='lat' dir='ltr'>partus</span> <span class='ocrx_word' id='word_1_417' title='bbox 3123 2835 3399 2894; x_wconf 88' lang='lat' dir='ltr'>indicem.</span> <span class='ocrx_word' id='word_1_418' title='bbox 3425 2862 3451 2889; x_wconf 80' lang='grc' dir='ltr'>α</span> <span class='ocrx_word' id='word_1_419' title='bbox 3485 2841 3670 2897; x_wconf 85' lang='lat' dir='ltr'>Tuam</span> <span class='ocrx_word' id='word_1_420' title='bbox 3703 2843 3793 2915; x_wconf 89' lang='lat' dir='ltr'>ip-</span> 
     </span>
    </p>
   </div>
   <div class='ocr_carea' id='block_1_58' title="bbox 2145 2922 3798 2995">
    <p class='ocr_par' dir='ltr' id='par_1_58' title="bbox 2145 2922 3798 2995">
     <span class='ocr_line' id='line_1_58' title="bbox 2145 2922 3798 2995; baseline 0.007 -16"><span class='ocrx_word' id='word_1_421' title='bbox 2145 2923 2269 2980; x_wconf 86' lang='lat' dir='ltr'>sius</span> <span class='ocrx_word' id='word_1_422' title='bbox 2287 2943 2314 2972; x_wconf 87' lang='grc'>››</span> <span class='ocrx_word' id='word_1_423' title='bbox 2335 2922 2658 2994; x_wconf 89' lang='lat' dir='ltr'>(animam),</span> <span class='ocrx_word' id='word_1_424' title='bbox 2676 2940 2805 2995; x_wconf 72' lang='lat' dir='ltr'>qua:</span> <span class='ocrx_word' id='word_1_425' title='bbox 2828 2923 3101 2980; x_wconf 89' lang='lat' dir='ltr'>virtutem</span> <span class='ocrx_word' id='word_1_426' title='bbox 3136 2927 3423 2984; x_wconf 83' lang='lat' dir='ltr'>Altissimi</span> <span class='ocrx_word' id='word_1_427' title='bbox 3443 2932 3798 2991; x_wconf 87' lang='lat' dir='ltr'>obumbran-</span> 
     </span>
    </p>
   </div>
   <div class='ocr_carea' id='block_1_59' title="bbox 2144 3011 3797 3094">
    <p class='ocr_par' dir='ltr' id='par_1_59' title="bbox 2144 3011 3797 3094">
     <span class='ocr_line' id='line_1_59' title="bbox 2144 3011 3797 3094; baseline 0.008 -28"><span class='ocrx_word' id='word_1_428' title='bbox 2144 3016 2284 3078; x_wconf 89' lang='lat' dir='ltr'>tem,</span> <span class='ocrx_word' id='word_1_429' title='bbox 2317 3011 2633 3083; x_wconf 90' lang='lat' dir='ltr'>ipsumque</span> <span class='ocrx_word' id='word_1_430' title='bbox 2663 3012 2947 3084; x_wconf 89' lang='lat' dir='ltr'>Spiritum</span> <span class='ocrx_word' id='word_1_431' title='bbox 2978 3020 3249 3071; x_wconf 89' lang='lat' dir='ltr'>sanctum</span> <span class='ocrx_word' id='word_1_432' title='bbox 3299 3019 3372 3073; x_wconf 89' lang='lat' dir='ltr'>ad</span> <span class='ocrx_word' id='word_1_433' title='bbox 3419 3025 3474 3075; x_wconf 90' lang='lat' dir='ltr'>te</span> <span class='ocrx_word' id='word_1_434' title='bbox 3523 3039 3797 3094; x_wconf 89' lang='lat' dir='ltr'>superve-</span> 
     </span>
    </p>
   </div>
   <div class='ocr_carea' id='block_1_60' title="bbox 2147 3101 3805 3169">
    <p class='ocr_par' dir='ltr' id='par_1_60' title="bbox 2147 3101 3805 3169">
     <span class='ocr_line' id='line_1_60' title="bbox 2147 3101 3805 3169; baseline 0.008 -14"><span class='ocrx_word' id='word_1_435' title='bbox 2147 3101 2405 3156; x_wconf 87' lang='lat' dir='ltr'>nientem</span> <span class='ocrx_word' id='word_1_436' title='bbox 2437 3117 2504 3157; x_wconf 90' lang='lat' dir='ltr'>ac</span> <span class='ocrx_word' id='word_1_437' title='bbox 2536 3101 2757 3157; x_wconf 88' lang='lat' dir='ltr'>circum</span> <span class='ocrx_word' id='word_1_438' title='bbox 2791 3108 2846 3158; x_wconf 93' lang='lat' dir='ltr'>te</span> <span class='ocrx_word' id='word_1_439' title='bbox 2868 3103 3160 3160; x_wconf 85' lang='lat' dir='ltr'>volantem</span> <span class='ocrx_word' id='word_1_440' title='bbox 3193 3106 3671 3168; x_wconf 84' lang='lat' dir='ltr'>manifestissime</span> <span class='ocrx_word' id='word_1_441' title='bbox 3703 3113 3805 3169; x_wconf 84' lang='lat' dir='ltr'>ba-</span> 
     </span>
    </p>
   </div>
   <div class='ocr_carea' id='block_1_61' title="bbox 394 3186 2031 3294">
    <p class='ocr_par' dir='ltr' id='par_1_61' title="bbox 394 3186 2031 3294">
     <span class='ocr_line' id='line_1_61' title="bbox 394 3186 2031 3294; baseline -0.006 -43"><span class='ocrx_word' id='word_1_442' title='bbox 394 3197 651 3269; x_wconf 79' lang='grc' dir='ltr'>ποιμὲνες</span> <span class='ocrx_word' id='word_1_443' title='bbox 706 3193 839 3266; x_wconf 73' lang='grc' dir='ltr'>μετὰ</span> <span class='ocrx_word' id='word_1_444' title='bbox 885 3188 1132 3267; x_wconf 71' lang='grc' dir='ltr'>ἀγγέλων</span> <span class='ocrx_word' id='word_1_445' title='bbox 1181 3192 1260 3260; x_wconf 79' lang='grc' dir='ltr'>τῷ</span> <span class='ocrx_word' id='word_1_446' title='bbox 1307 3187 1435 3261; x_wconf 82' lang='grc' dir='ltr'>θείῳ</span> <span class='ocrx_word' id='word_1_447' title='bbox 1469 3186 1652 3266; x_wconf 68' lang='grc' dir='ltr'>βρέφει</span> <span class='ocrx_word' id='word_1_448' title='bbox 1684 3187 2031 3294; x_wconf 55' lang='grc' dir='ltr'>συνεμακάρι-</span> 
     </span>
    </p>
   </div>
   <div class='ocr_carea' id='block_1_62' title="bbox 2145 3186 3801 3294">
    <p class='ocr_par' dir='ltr' id='par_1_62' title="bbox 2153 3189 3801 3272">
     <span class='ocr_line' id='line_1_62' title="bbox 2153 3189 3801 3272; baseline 0.008 -27"><span class='ocrx_word' id='word_1_449' title='bbox 2153 3190 2354 3245; x_wconf 90' lang='lat' dir='ltr'>buisti.</span> <span class='ocrx_word' id='word_1_450' title='bbox 2394 3214 2414 3240; x_wconf 76' lang='grc' dir='ltr'><strong>α</strong></span> <span class='ocrx_word' id='word_1_451' title='bbox 2450 3191 2632 3246; x_wconf 87' lang='lat' dir='ltr'>Tuam</span> <span class='ocrx_word' id='word_1_452' title='bbox 2656 3189 2846 3262; x_wconf 83' lang='lat' dir='ltr'>ipsius</span> <span class='ocrx_word' id='word_1_453' title='bbox 2868 3191 3150 3262; x_wconf 90' lang='lat' dir='ltr'>animam,</span> <span class='ocrx_word' id='word_1_454' title='bbox 3187 3216 3214 3245; x_wconf 77' lang='lat'><strong>»</strong></span> <span class='ocrx_word' id='word_1_455' title='bbox 3247 3213 3426 3268; x_wconf 90' lang='lat' dir='ltr'>quam</span> <span class='ocrx_word' id='word_1_456' title='bbox 3459 3200 3616 3272; x_wconf 88' lang='lat' dir='ltr'>magi</span> <span class='ocrx_word' id='word_1_457' title='bbox 3665 3219 3801 3258; x_wconf 90' lang='lat' dir='ltr'>cum</span> 
     </span>
    </p>
   </div>
   <div class='ocr_carea' id='block_1_63' title="bbox 395 3271 2038 3357">
    <p class='ocr_par' dir='ltr' id='par_1_63' title="bbox 395 3271 2038 3357">
     <span class='ocr_line' id='line_1_63' title="bbox 395 3271 2038 3357; baseline -0.007 -16"><span class='ocrx_word' id='word_1_458' title='bbox 395 3307 514 3357; x_wconf 89' lang='grc' dir='ltr'>σαν,</span> <span class='ocrx_word' id='word_1_459' title='bbox 561 3284 651 3339; x_wconf 85' lang='grc' dir='ltr'>καὶ</span> <span class='ocrx_word' id='word_1_460' title='bbox 707 3282 1072 3354; x_wconf 76' lang='grc' dir='ltr'>συνύμνησανο</span> <span class='ocrx_word' id='word_1_461' title='bbox 1124 3302 1151 3329; x_wconf 89' lang='grc'>‹‹</span> <span class='ocrx_word' id='word_1_462' title='bbox 1187 3281 1282 3332; x_wconf 87' lang='grc' dir='ltr'>σοῦ</span> <span class='ocrx_word' id='word_1_463' title='bbox 1312 3275 1499 3346; x_wconf 79' lang='grc' dir='ltr'>αὐτῆς,</span> <span class='ocrx_word' id='word_1_464' title='bbox 1534 3301 1561 3329; x_wconf 86' lang='grc'><em>‹‹</em></span> <span class='ocrx_word' id='word_1_465' title='bbox 1596 3277 1656 3346; x_wconf 84' lang='grc' dir='ltr'>ἣν</span> <span class='ocrx_word' id='word_1_466' title='bbox 1691 3271 1886 3334; x_wconf 81' lang='grc' dir='ltr'>Ἰακὼό</span> <span class='ocrx_word' id='word_1_467' title='bbox 1918 3297 2038 3354; x_wconf 79' lang='grc' dir='ltr'>φοι-</span> 
     </span>
    </p>
   </div>
   <div class='ocr_carea' id='block_1_64' title="bbox 392 3365 2042 3445">
    <p class='ocr_par' dir='ltr' id='par_1_64' title="bbox 392 3365 2042 3445">
     <span class='ocr_line' id='line_1_64' title="bbox 392 3365 2042 3445; baseline -0.005 -16"><span class='ocrx_word' id='word_1_468' title='bbox 392 3379 566 3430; x_wconf 86' lang='grc' dir='ltr'>τῶσαν</span> <span class='ocrx_word' id='word_1_469' title='bbox 619 3373 693 3435; x_wconf 84' lang='grc' dir='ltr'>ὡς</span> <span class='ocrx_word' id='word_1_470' title='bbox 743 3369 1001 3445; x_wconf 79' lang='grc' dir='ltr'>οὐρανοὺς</span> <span class='ocrx_word' id='word_1_471' title='bbox 1054 3368 1259 3443; x_wconf 68' lang='grc' dir='ltr'>ἑώρακε</span> <span class='ocrx_word' id='word_1_472' title='bbox 1304 3365 1564 3439; x_wconf 82' lang='grc' dir='ltr'>κλίμακα·</span> <span class='ocrx_word' id='word_1_473' title='bbox 1607 3365 1696 3420; x_wconf 84' lang='grc' dir='ltr'>καὶ</span> <span class='ocrx_word' id='word_1_474' title='bbox 1739 3367 1980 3435; x_wconf 76' lang='grc' dir='ltr'>Μωυσῆς</span> <span class='ocrx_word' id='word_1_475' title='bbox 2014 3365 2042 3420; x_wconf 80' lang='grc' dir='ltr'>ὁ</span> 
     </span>
    </p>
   </div>
   <div class='ocr_carea' id='block_1_65' title="bbox 399 3453 2042 3538">
    <p class='ocr_par' dir='ltr' id='par_1_65' title="bbox 399 3453 2042 3538">
     <span class='ocr_line' id='line_1_65' title="bbox 399 3453 2042 3538; baseline -0.006 -19"><span class='ocrx_word' id='word_1_476' title='bbox 399 3463 632 3533; x_wconf 76' lang='grc' dir='ltr'>θεὸπτης</span> <span class='ocrx_word' id='word_1_477' title='bbox 670 3462 830 3538; x_wconf 83' lang='grc' dir='ltr'>βάτον</span> <span class='ocrx_word' id='word_1_478' title='bbox 864 3456 1362 3535; x_wconf 79' lang='grc' dir='ltr'>πυράφ).εκτον,καὶ</span> <span class='ocrx_word' id='word_1_479' title='bbox 1395 3453 1647 3530; x_wconf 81' lang='grc' dir='ltr'>λυχνίαν,</span> <span class='ocrx_word' id='word_1_480' title='bbox 1679 3455 1768 3510; x_wconf 85' lang='grc' dir='ltr'>καὶ</span> <span class='ocrx_word' id='word_1_481' title='bbox 1786 3454 2042 3529; x_wconf 87' lang='grc' dir='ltr'>στάμνον,</span> 
     </span>
    </p>
   </div>
   <div class='ocr_carea' id='block_1_66' title="bbox 394 3539 2041 3625">
    <p class='ocr_par' dir='ltr' id='par_1_66' title="bbox 394 3539 2041 3625">
     <span class='ocr_line' id='line_1_66' title="bbox 394 3539 2041 3625; baseline -0.005 -16"><span class='ocrx_word' id='word_1_482' title='bbox 394 3554 483 3609; x_wconf 77' lang='grc' dir='ltr'>καὶ</span> <span class='ocrx_word' id='word_1_483' title='bbox 515 3551 720 3620; x_wconf 76' lang='grc' dir='ltr'>πλάκα,</span> <span class='ocrx_word' id='word_1_484' title='bbox 752 3549 839 3604; x_wconf 83' lang='grc' dir='ltr'>καὶ</span> <span class='ocrx_word' id='word_1_485' title='bbox 864 3547 1152 3625; x_wconf 79' lang='grc' dir='ltr'>τράπεζαν·</span> <span class='ocrx_word' id='word_1_486' title='bbox 1203 3545 1292 3600; x_wconf 84' lang='grc' dir='ltr'>καὶ</span> <span class='ocrx_word' id='word_1_487' title='bbox 1327 3546 1533 3616; x_wconf 89' lang='grc' dir='ltr'>Ἀαρὼν</span> <span class='ocrx_word' id='word_1_488' title='bbox 1569 3539 1764 3620; x_wconf 72' lang='grc' dir='ltr'>ῥάϐδον</span> <span class='ocrx_word' id='word_1_489' title='bbox 1798 3543 2041 3618; x_wconf 88' lang='grc' dir='ltr'>ἀνίκμως</span> 
     </span>
    </p>
   </div>
   <div class='ocr_carea' id='block_1_67' title="bbox 399 3632 2044 3720">
    <p class='ocr_par' dir='ltr' id='par_1_67' title="bbox 399 3632 2044 3720">
     <span class='ocr_line' id='line_1_67' title="bbox 399 3632 2044 3720; baseline -0.006 -23"><span class='ocrx_word' id='word_1_490' title='bbox 399 3641 797 3720; x_wconf 61' lang='grc' dir='ltr'>βλαςντνςσασσιν⁸</span> <span class='ocrx_word' id='word_1_491' title='bbox 841 3663 867 3690; x_wconf 87' lang='grc'>‹‹</span> <span class='ocrx_word' id='word_1_492' title='bbox 899 3642 996 3692; x_wconf 91' lang='grc' dir='ltr'>σοῦ</span> <span class='ocrx_word' id='word_1_493' title='bbox 1028 3635 1218 3700; x_wconf 77' lang='grc' dir='ltr'>αὐτῆς,</span> <span class='ocrx_word' id='word_1_494' title='bbox 1255 3660 1276 3686; x_wconf 78' lang='grc' dir='ltr'>ι»</span> <span class='ocrx_word' id='word_1_495' title='bbox 1308 3632 1353 3688; x_wconf 85' lang='grc' dir='ltr'><strong>ὦ</strong></span> <span class='ocrx_word' id='word_1_496' title='bbox 1404 3635 1715 3711; x_wconf 86' lang='grc' dir='ltr'>πανάφθορε</span> <span class='ocrx_word' id='word_1_497' title='bbox 1771 3633 1860 3688; x_wconf 80' lang='grc' dir='ltr'>καὶ</span> <span class='ocrx_word' id='word_1_498' title='bbox 1908 3655 2044 3688; x_wconf 88' lang='grc' dir='ltr'>παν-</span> 
     </span>
    </p>
   </div>
   <div class='ocr_carea' id='block_1_68' title="bbox 394 3718 2042 3804">
    <p class='ocr_par' dir='ltr' id='par_1_68' title="bbox 394 3718 2042 3804">
     <span class='ocr_line' id='line_1_68' title="bbox 394 3718 2042 3804; baseline -0.006 -18"><span class='ocrx_word' id='word_1_499' title='bbox 394 3718 614 3804; x_wconf 85' lang='grc' dir='ltr'>άμωμε,</span> <span class='ocrx_word' id='word_1_500' title='bbox 665 3731 726 3798; x_wconf 82' lang='grc' dir='ltr'>ἢν</span> <span class='ocrx_word' id='word_1_501' title='bbox 809 3723 971 3782; x_wconf 73' lang='grc' dir='ltr'>Δαυίδ</span> <span class='ocrx_word' id='word_1_502' title='bbox 1033 3725 1128 3798; x_wconf 73' lang='grc' dir='ltr'>μὲν</span> <span class='ocrx_word' id='word_1_503' title='bbox 1183 3718 1415 3777; x_wconf 73' lang='grc' dir='ltr'>κιϐωτὸν</span> <span class='ocrx_word' id='word_1_504' title='bbox 1474 3721 1632 3777; x_wconf 86' lang='grc' dir='ltr'>καλεῖ</span> <span class='ocrx_word' id='word_1_505' title='bbox 1686 3721 2042 3798; x_wconf 85' lang='grc' dir='ltr'>ἀγιάσματος,</span> 
     </span>
    </p>
   </div>
   <div class='ocr_carea' id='block_1_69' title="bbox 397 3808 2046 3891">
    <p class='ocr_par' dir='ltr' id='par_1_69' title="bbox 397 3808 2046 3891">
     <span class='ocr_line' id='line_1_69' title="bbox 397 3808 2046 3891; baseline -0.004 -18"><span class='ocrx_word' id='word_1_506' title='bbox 397 3818 672 3891; x_wconf 73' lang='grc' dir='ltr'>Σολομὼν</span> <span class='ocrx_word' id='word_1_507' title='bbox 707 3813 765 3870; x_wconf 74' lang='grc' dir='ltr'>δὲ</span> <span class='ocrx_word' id='word_1_508' title='bbox 793 3812 988 3882; x_wconf 83' lang='grc' dir='ltr'>κλίνην</span> <span class='ocrx_word' id='word_1_509' title='bbox 1021 3817 1256 3887; x_wconf 79' lang='grc' dir='ltr'>χρυσῆν,</span> <span class='ocrx_word' id='word_1_510' title='bbox 1285 3809 1374 3864; x_wconf 81' lang='grc' dir='ltr'>καὶ</span> <span class='ocrx_word' id='word_1_511' title='bbox 1405 3809 1617 3885; x_wconf 80' lang='grc' dir='ltr'>θρόνον,</span> <span class='ocrx_word' id='word_1_512' title='bbox 1668 3808 1758 3865; x_wconf 64' lang='lat' dir='ltr'>imi</span> <span class='ocrx_word' id='word_1_513' title='bbox 1814 3808 2046 3868; x_wconf 84' lang='grc' dir='ltr'>κοιλάδα</span> 
     </span>
    </p>
   </div>
   <div class='ocr_carea' id='block_1_70' title="bbox 397 3896 2043 3983">
    <p class='ocr_par' dir='ltr' id='par_1_70' title="bbox 397 3896 2043 3983">
     <span class='ocr_line' id='line_1_70' title="bbox 397 3896 2043 3983; baseline -0.005 -21"><span class='ocrx_word' id='word_1_514' title='bbox 397 3906 618 3983; x_wconf 82' lang='grc' dir='ltr'>κρίνων·</span> <span class='ocrx_word' id='word_1_515' title='bbox 675 3904 898 3979; x_wconf 85' lang='grc' dir='ltr'>ἀρετῶν,</span> <span class='ocrx_word' id='word_1_516' title='bbox 951 3901 1128 3973; x_wconf 78' lang='grc' dir='ltr'>οἶμαι,</span> <span class='ocrx_word' id='word_1_517' title='bbox 1194 3903 1300 3954; x_wconf 89' lang='grc' dir='ltr'>τῶν</span> <span class='ocrx_word' id='word_1_518' title='bbox 1351 3899 1531 3972; x_wconf 86' lang='grc' dir='ltr'>θείων,</span> <span class='ocrx_word' id='word_1_519' title='bbox 1580 3899 1668 3952; x_wconf 81' lang='grc' dir='ltr'>καὶ</span> <span class='ocrx_word' id='word_1_520' title='bbox 1718 3896 2043 3975; x_wconf 85' lang='grc' dir='ltr'>παράδεισον</span> 
     </span>
    </p>
   </div>
   <div class='ocr_carea' id='block_1_71' title="bbox 399 3985 2043 4073">
    <p class='ocr_par' dir='ltr' id='par_1_71' title="bbox 399 3985 2043 4073">
     <span class='ocr_line' id='line_1_71' title="bbox 399 3985 2043 4073; baseline -0.005 -23"><span class='ocrx_word' id='word_1_521' title='bbox 399 3995 774 4073; x_wconf 83' lang='grc' dir='ltr'>οεοφύτευτον.</span> <span class='ocrx_word' id='word_1_522' title='bbox 812 3991 906 4048; x_wconf 86' lang='lat' dir='ltr'>Kui</span> <span class='ocrx_word' id='word_1_523' title='bbox 940 4015 968 4043; x_wconf 86' lang='lat'><strong>«</strong></span> <span class='ocrx_word' id='word_1_524' title='bbox 995 3987 1091 4045; x_wconf 78' lang='grc' dir='ltr'>σοῦ</span> <span class='ocrx_word' id='word_1_525' title='bbox 1125 4013 1152 4041; x_wconf 84' lang='grc'><strong>››</strong></span> <span class='ocrx_word' id='word_1_526' title='bbox 1183 3986 1240 4043; x_wconf 74' lang='grc' dir='ltr'>δὲ</span> <span class='ocrx_word' id='word_1_527' title='bbox 1271 4014 1296 4040; x_wconf 89' lang='grc'><em>‹‹</em></span> <span class='ocrx_word' id='word_1_528' title='bbox 1333 3987 1499 4058; x_wconf 82' lang='grc' dir='ltr'>αὐτῆς</span> <span class='ocrx_word' id='word_1_529' title='bbox 1555 3989 1653 4056; x_wconf 75' lang='grc' dir='ltr'>τήν</span> <span class='ocrx_word' id='word_1_530' title='bbox 1697 3989 1880 4064; x_wconf 73' lang='grc' dir='ltr'>ψυχὴν</span> <span class='ocrx_word' id='word_1_531' title='bbox 1935 3985 2043 4044; x_wconf 88' lang='grc' dir='ltr'>διε-</span> 
     </span>
    </p>
   </div>
   <div class='ocr_carea' id='block_1_72' title="bbox 398 4075 2046 4159">
    <p class='ocr_par' dir='ltr' id='par_1_72' title="bbox 398 4075 2046 4159">
     <span class='ocr_line' id='line_1_72' title="bbox 398 4075 2046 4159; baseline -0.005 -19"><span class='ocrx_word' id='word_1_532' title='bbox 398 4083 643 4140; x_wconf 85' lang='grc' dir='ltr'>λεύσεται</span> <span class='ocrx_word' id='word_1_533' title='bbox 679 4080 941 4159; x_wconf 74' lang='grc' dir='ltr'>ῥομφαία·</span> <span class='ocrx_word' id='word_1_534' title='bbox 999 4083 1094 4134; x_wconf 88' lang='grc' dir='ltr'>σοῦ</span> <span class='ocrx_word' id='word_1_535' title='bbox 1127 4101 1154 4130; x_wconf 88' lang='grc'><strong>››</strong></span> <span class='ocrx_word' id='word_1_536' title='bbox 1211 4083 1311 4147; x_wconf 81' lang='grc' dir='ltr'>τῆς</span> <span class='ocrx_word' id='word_1_537' title='bbox 1369 4075 1770 4152; x_wconf 66' lang='grc' dir='ltr'>ἐκλελεγμένης</span> <span class='ocrx_word' id='word_1_538' title='bbox 1819 4076 1907 4131; x_wconf 86' lang='grc' dir='ltr'>καὶ</span> <span class='ocrx_word' id='word_1_539' title='bbox 1939 4079 2046 4153; x_wconf 86' lang='grc' dir='ltr'>πρὸ</span> 
     </span>
    </p>
   </div>
   <div class='ocr_carea' id='block_1_73' title="bbox 398 4165 2046 4250">
    <p class='ocr_par' dir='ltr' id='par_1_73' title="bbox 398 4165 2046 4250">
     <span class='ocr_line' id='line_1_73' title="bbox 398 4165 2046 4250; baseline -0.004 -23"><span class='ocrx_word' id='word_1_540' title='bbox 398 4176 724 4250; x_wconf 63' lang='grc' dir='ltr'>γεννήσεως,</span> <span class='ocrx_word' id='word_1_541' title='bbox 763 4178 862 4241; x_wconf 80' lang='grc' dir='ltr'>τῆς</span> <span class='ocrx_word' id='word_1_542' title='bbox 915 4165 1334 4244; x_wconf 83' lang='grc' dir='ltr'>προωρισμένης</span> <span class='ocrx_word' id='word_1_543' title='bbox 1387 4166 1490 4220; x_wconf 80' lang='grc' dir='ltr'>ἀπὸ</span> <span class='ocrx_word' id='word_1_544' title='bbox 1537 4170 1645 4221; x_wconf 89' lang='grc' dir='ltr'>τῶν</span> <span class='ocrx_word' id='word_1_545' title='bbox 1683 4165 1896 4220; x_wconf 78' lang='grc' dir='ltr'>αἰώνων</span> <span class='ocrx_word' id='word_1_546' title='bbox 1957 4166 2046 4220; x_wconf 79' lang='grc' dir='ltr'>καὶ</span> 
     </span>
    </p>
   </div>
   <div class='ocr_carea' id='block_1_74' title="bbox 400 4253 2048 4336">
    <p class='ocr_par' dir='ltr' id='par_1_74' title="bbox 400 4253 2048 4336">
     <span class='ocr_line' id='line_1_74' title="bbox 400 4253 2048 4336; baseline -0.004 -18"><span class='ocrx_word' id='word_1_547' title='bbox 400 4264 505 4318; x_wconf 82' lang='grc' dir='ltr'>άπὸ</span> <span class='ocrx_word' id='word_1_548' title='bbox 532 4267 640 4317; x_wconf 88' lang='grc' dir='ltr'>τῶν</span> <span class='ocrx_word' id='word_1_549' title='bbox 673 4264 890 4336; x_wconf 72' lang='grc' dir='ltr'>γενεῶψ</span> <span class='ocrx_word' id='word_1_550' title='bbox 931 4280 951 4308; x_wconf 78' lang='grc' dir='ltr'>α</span> <span class='ocrx_word' id='word_1_551' title='bbox 993 4261 1090 4311; x_wconf 88' lang='grc' dir='ltr'>σοῦ</span> <span class='ocrx_word' id='word_1_552' title='bbox 1141 4255 1334 4326; x_wconf 72' lang='grc' dir='ltr'>αὐτῆς,</span> <span class='ocrx_word' id='word_1_553' title='bbox 1386 4280 1414 4306; x_wconf 84' lang='grc'>››</span> <span class='ocrx_word' id='word_1_554' title='bbox 1445 4255 1510 4325; x_wconf 79' lang='grc' dir='ltr'>ἣν</span> <span class='ocrx_word' id='word_1_555' title='bbox 1559 4256 1587 4310; x_wconf 83' lang='grc' dir='ltr'>ὁ</span> <span class='ocrx_word' id='word_1_556' title='bbox 1645 4256 1828 4332; x_wconf 74' lang='grc' dir='ltr'>Πατὴρ</span> <span class='ocrx_word' id='word_1_557' title='bbox 1880 4253 2048 4326; x_wconf 75' lang='grc' dir='ltr'>ἐξελέ-</span> 
     </span>
    </p>
   </div>
   <div class='ocr_carea' id='block_1_75' title="bbox 400 4345 2046 4423">
    <p class='ocr_par' dir='ltr' id='par_1_75' title="bbox 400 4345 2046 4423">
     <span class='ocr_line' id='line_1_75' title="bbox 400 4345 2046 4423; baseline -0.004 -16"><span class='ocrx_word' id='word_1_558' title='bbox 400 4355 550 4423; x_wconf 76' lang='grc' dir='ltr'>ξατο,</span> <span class='ocrx_word' id='word_1_559' title='bbox 581 4351 670 4406; x_wconf 86' lang='grc' dir='ltr'>καὶ</span> <span class='ocrx_word' id='word_1_560' title='bbox 703 4351 730 4404; x_wconf 88' lang='grc' dir='ltr'><strong>ὁ</strong></span> <span class='ocrx_word' id='word_1_561' title='bbox 761 4347 884 4410; x_wconf 66' lang='lat' dir='ltr'>ride;</span> <span class='ocrx_word' id='word_1_562' title='bbox 913 4347 1266 4417; x_wconf 76' lang='grc' dir='ltr'>ἐνεσκήνωσε,</span> <span class='ocrx_word' id='word_1_563' title='bbox 1297 4345 1386 4400; x_wconf 85' lang='grc' dir='ltr'>καὶ</span> <span class='ocrx_word' id='word_1_564' title='bbox 1416 4345 1478 4399; x_wconf 83' lang='grc' dir='ltr'>τὸ</span> <span class='ocrx_word' id='word_1_565' title='bbox 1523 4350 1738 4418; x_wconf 84' lang='grc' dir='ltr'>Πνεῦμα</span> <span class='ocrx_word' id='word_1_566' title='bbox 1783 4345 1846 4400; x_wconf 89' lang='grc' dir='ltr'>τὸ</span> <span class='ocrx_word' id='word_1_567' title='bbox 1896 4345 2046 4421; x_wconf 79' lang='grc' dir='ltr'>ἅγιον</span> 
     </span>
    </p>
   </div>
   <div class='ocr_carea' id='block_1_76' title="bbox 400 4431 2049 4513">
    <p class='ocr_par' dir='ltr' id='par_1_76' title="bbox 400 4431 2049 4513">
     <span class='ocr_line' id='line_1_76' title="bbox 400 4431 2049 4513; baseline -0.005 -16"><span class='ocrx_word' id='word_1_568' title='bbox 400 4445 712 4513; x_wconf 79' lang='grc' dir='ltr'>θεοπρεπῶς</span> <span class='ocrx_word' id='word_1_569' title='bbox 752 4436 1051 4493; x_wconf 71' lang='grc' dir='ltr'>ἐπεσκίασεο</span> <span class='ocrx_word' id='word_1_570' title='bbox 1106 4435 1195 4490; x_wconf 84' lang='grc' dir='ltr'>καὶ</span> <span class='ocrx_word' id='word_1_571' title='bbox 1245 4439 1387 4489; x_wconf 77' lang='grc' dir='ltr'>πᾶσα</span> <span class='ocrx_word' id='word_1_572' title='bbox 1439 4436 1473 4504; x_wconf 83' lang='grc' dir='ltr'>ἡ</span> <span class='ocrx_word' id='word_1_573' title='bbox 1519 4433 1694 4496; x_wconf 85' lang='grc' dir='ltr'>κτίσις</span> <span class='ocrx_word' id='word_1_574' title='bbox 1738 4431 1872 4489; x_wconf 78' lang='grc' dir='ltr'>Θεοῦ</span> <span class='ocrx_word' id='word_1_575' title='bbox 1926 4439 2049 4506; x_wconf 84' lang='grc' dir='ltr'>Μη-</span> 
     </span>
    </p>
   </div>
   <div class='ocr_carea' id='block_1_77' title="bbox 401 4521 2047 4604">
    <p class='ocr_par' dir='ltr' id='par_1_77' title="bbox 401 4521 2047 4604">
     <span class='ocr_line' id='line_1_77' title="bbox 401 4521 2047 4604; baseline -0.004 -19"><span class='ocrx_word' id='word_1_576' title='bbox 401 4531 528 4604; x_wconf 82' lang='grc' dir='ltr'>τέρα</span> <span class='ocrx_word' id='word_1_577' title='bbox 557 4529 645 4584; x_wconf 81' lang='grc' dir='ltr'>καὶ</span> <span class='ocrx_word' id='word_1_578' title='bbox 692 4526 953 4582; x_wconf 78' lang='grc' dir='ltr'>Θεοτὸκον</span> <span class='ocrx_word' id='word_1_579' title='bbox 1004 4523 1258 4600; x_wconf 82' lang='grc' dir='ltr'>κηρύττει</span> <span class='ocrx_word' id='word_1_580' title='bbox 1306 4521 1614 4599; x_wconf 86' lang='grc' dir='ltr'>κυριώτατά</span> <span class='ocrx_word' id='word_1_581' title='bbox 1666 4543 1724 4577; x_wconf 87' lang='grc' dir='ltr'>τε</span> <span class='ocrx_word' id='word_1_582' title='bbox 1769 4522 1858 4576; x_wconf 82' lang='grc' dir='ltr'>καὶ</span> <span class='ocrx_word' id='word_1_583' title='bbox 1906 4521 2047 4594; x_wconf 86' lang='grc' dir='ltr'>άλη-</span> 
     </span>
    </p>
   </div>
   <div class='ocr_carea' id='block_1_78' title="bbox 2153 3277 3804 3358">
    <p class='ocr_par' dir='ltr' id='par_1_78' title="bbox 2153 3277 3804 3358">
     <span class='ocr_line' id='line_1_78' title="bbox 2153 3277 3804 3358; baseline 0.007 -23"><span class='ocrx_word' id='word_1_584' title='bbox 2153 3277 2524 3347; x_wconf 87' lang='lat' dir='ltr'>stella,stella</span> <span class='ocrx_word' id='word_1_585' title='bbox 2546 3280 2693 3336; x_wconf 90' lang='lat' dir='ltr'>duce</span> <span class='ocrx_word' id='word_1_586' title='bbox 2713 3281 3032 3337; x_wconf 84' lang='lat' dir='ltr'>adorarunt</span> <span class='ocrx_word' id='word_1_587' title='bbox 3052 3282 3096 3316; x_wconf 81' lang='grc'>⁸⁸</span> <span class='ocrx_word' id='word_1_588' title='bbox 3113 3300 3125 3338; x_wconf 91' lang='lat'><strong>:</strong></span> <span class='ocrx_word' id='word_1_589' title='bbox 3141 3300 3318 3356; x_wconf 88' lang='lat' dir='ltr'>quam</span> <span class='ocrx_word' id='word_1_590' title='bbox 3343 3292 3607 3358; x_wconf 89' lang='lat' dir='ltr'>pastores</span> <span class='ocrx_word' id='word_1_591' title='bbox 3629 3297 3685 3346; x_wconf 89' lang='lat' dir='ltr'>et</span> <span class='ocrx_word' id='word_1_592' title='bbox 3706 3308 3804 3346; x_wconf 89' lang='lat' dir='ltr'>an-</span> 
     </span>
    </p>
   </div>
   <div class='ocr_carea' id='block_1_79' title="bbox 2152 3367 3805 3445">
    <p class='ocr_par' dir='ltr' id='par_1_79' title="bbox 2152 3367 3805 3445">
     <span class='ocr_line' id='line_1_79' title="bbox 2152 3367 3805 3445; baseline 0.007 -21"><span class='ocrx_word' id='word_1_593' title='bbox 2152 3367 2286 3441; x_wconf 83' lang='lat' dir='ltr'>geli,</span> <span class='ocrx_word' id='word_1_594' title='bbox 2315 3385 2432 3424; x_wconf 91' lang='lat' dir='ltr'>una</span> <span class='ocrx_word' id='word_1_595' title='bbox 2447 3384 2581 3424; x_wconf 89' lang='lat' dir='ltr'>cum</span> <span class='ocrx_word' id='word_1_596' title='bbox 2602 3368 2798 3425; x_wconf 90' lang='lat' dir='ltr'>divino</span> <span class='ocrx_word' id='word_1_597' title='bbox 2817 3369 3038 3428; x_wconf 80' lang='lat' dir='ltr'>infante</span> <span class='ocrx_word' id='word_1_598' title='bbox 3055 3371 3285 3430; x_wconf 84' lang='lat' dir='ltr'>beatam</span> <span class='ocrx_word' id='word_1_599' title='bbox 3307 3377 3696 3445; x_wconf 72' lang='lat' dir='ltr'>praedicarunt</span> <span class='ocrx_word' id='word_1_600' title='bbox 3713 3386 3805 3436; x_wconf 86' lang='lat' dir='ltr'>at-</span> 
     </span>
    </p>
   </div>
   <div class='ocr_carea' id='block_1_80' title="bbox 2153 3457 3805 3539">
    <p class='ocr_par' dir='ltr' id='par_1_80' title="bbox 2153 3457 3805 3539">
     <span class='ocr_line' id='line_1_80' title="bbox 2153 3457 3805 3539; baseline 0.009 -27"><span class='ocrx_word' id='word_1_601' title='bbox 2153 3474 2266 3530; x_wconf 90' lang='lat' dir='ltr'>que</span> <span class='ocrx_word' id='word_1_602' title='bbox 2288 3457 2656 3513; x_wconf 79' lang='lat' dir='ltr'>celebrarunt</span> <span class='ocrx_word' id='word_1_603' title='bbox 2676 3459 2736 3513; x_wconf 82' lang='grc'>⁵³.</span> <span class='ocrx_word' id='word_1_604' title='bbox 2749 3463 2959 3515; x_wconf 82' lang='lat' dir='ltr'>«Tuam</span> <span class='ocrx_word' id='word_1_605' title='bbox 2982 3461 3168 3533; x_wconf 89' lang='lat' dir='ltr'>ipsius</span> <span class='ocrx_word' id='word_1_606' title='bbox 3185 3463 3685 3539; x_wconf 87' lang='lat' dir='ltr'>animam,»quam</span> <span class='ocrx_word' id='word_1_607' title='bbox 3708 3470 3805 3526; x_wconf 85' lang='lat' dir='ltr'>Ja-</span> 
     </span>
    </p>
   </div>
   <div class='ocr_carea' id='block_1_81' title="bbox 2153 3545 3807 3631">
    <p class='ocr_par' dir='ltr' id='par_1_81' title="bbox 2153 3545 3807 3631">
     <span class='ocr_line' id='line_1_81' title="bbox 2153 3545 3807 3631; baseline 0.007 -28"><span class='ocrx_word' id='word_1_608' title='bbox 2153 3547 2260 3603; x_wconf 92' lang='lat' dir='ltr'>cob</span> <span class='ocrx_word' id='word_1_609' title='bbox 2292 3545 2512 3603; x_wconf 89' lang='lat' dir='ltr'>scalam</span> <span class='ocrx_word' id='word_1_610' title='bbox 2543 3547 2688 3603; x_wconf 89' lang='lat' dir='ltr'>vidit</span> <span class='ocrx_word' id='word_1_611' title='bbox 2709 3549 2780 3603; x_wconf 89' lang='lat' dir='ltr'>ad</span> <span class='ocrx_word' id='word_1_612' title='bbox 2813 3549 2989 3606; x_wconf 74' lang='lat' dir='ltr'>crclos</span> <span class='ocrx_word' id='word_1_613' title='bbox 3021 3553 3403 3625; x_wconf 86' lang='lat' dir='ltr'>attingentem</span> <span class='ocrx_word' id='word_1_614' title='bbox 3436 3556 3516 3627; x_wconf 71' lang='grc'>³⁴;</span> <span class='ocrx_word' id='word_1_615' title='bbox 3552 3557 3807 3631; x_wconf 85' lang='lat' dir='ltr'>Moyses-</span> 
     </span>
    </p>
   </div>
   <div class='ocr_carea' id='block_1_82' title="bbox 2155 3637 3806 3716">
    <p class='ocr_par' dir='ltr' id='par_1_82' title="bbox 2155 3637 3806 3716">
     <span class='ocr_line' id='line_1_82' title="bbox 2155 3637 3806 3716; baseline 0.005 -22"><span class='ocrx_word' id='word_1_616' title='bbox 2155 3656 2268 3713; x_wconf 89' lang='lat' dir='ltr'>que</span> <span class='ocrx_word' id='word_1_617' title='bbox 2298 3637 2397 3693; x_wconf 88' lang='lat' dir='ltr'>ille</span> <span class='ocrx_word' id='word_1_618' title='bbox 2427 3639 2524 3709; x_wconf 89' lang='lat' dir='ltr'>qui</span> <span class='ocrx_word' id='word_1_619' title='bbox 2556 3638 2741 3694; x_wconf 85' lang='lat' dir='ltr'>Deum</span> <span class='ocrx_word' id='word_1_620' title='bbox 2772 3639 2939 3709; x_wconf 89' lang='lat' dir='ltr'>vidit,</span> <span class='ocrx_word' id='word_1_621' title='bbox 2988 3642 3201 3697; x_wconf 91' lang='lat' dir='ltr'>rubum</span> <span class='ocrx_word' id='word_1_622' title='bbox 3252 3643 3692 3704; x_wconf 86' lang='lat' dir='ltr'>incombustum</span> <span class='ocrx_word' id='word_1_623' title='bbox 3741 3649 3806 3716; x_wconf 79' lang='grc'>⁵⁵,</span> 
     </span>
    </p>
   </div>
   <div class='ocr_carea' id='block_1_83' title="bbox 2153 3728 3808 3806">
    <p class='ocr_par' dir='ltr' id='par_1_83' title="bbox 2153 3728 3808 3806">
     <span class='ocr_line' id='line_1_83' title="bbox 2153 3728 3808 3806; baseline 0.007 -24"><span class='ocrx_word' id='word_1_624' title='bbox 2153 3729 2478 3793; x_wconf 88' lang='lat' dir='ltr'>lucernam,</span> <span class='ocrx_word' id='word_1_625' title='bbox 2512 3744 2726 3795; x_wconf 90' lang='lat' dir='ltr'>arcam,</span> <span class='ocrx_word' id='word_1_626' title='bbox 2758 3728 3139 3804; x_wconf 88' lang='lat' dir='ltr'>tabulamque</span> <span class='ocrx_word' id='word_1_627' title='bbox 3171 3749 3235 3788; x_wconf 88' lang='lat' dir='ltr'>ac</span> <span class='ocrx_word' id='word_1_628' title='bbox 3267 3749 3527 3792; x_wconf 89' lang='lat' dir='ltr'>mensam</span> <span class='ocrx_word' id='word_1_629' title='bbox 3554 3753 3567 3792; x_wconf 91' lang='lat'>:</span> <span class='ocrx_word' id='word_1_630' title='bbox 3591 3739 3808 3806; x_wconf 86' lang='lat' dir='ltr'>Aaron,</span> 
     </span>
    </p>
   </div>
   <div class='ocr_carea' id='block_1_84' title="bbox 2155 3816 3802 3898">
    <p class='ocr_par' dir='ltr' id='par_1_84' title="bbox 2155 3816 3802 3898">
     <span class='ocr_line' id='line_1_84' title="bbox 2155 3816 3802 3898; baseline 0.007 -26"><span class='ocrx_word' id='word_1_631' title='bbox 2155 3817 2281 3873; x_wconf 87' lang='lat' dir='ltr'>sine</span> <span class='ocrx_word' id='word_1_632' title='bbox 2333 3816 2580 3872; x_wconf 91' lang='lat' dir='ltr'>humore</span> <span class='ocrx_word' id='word_1_633' title='bbox 2638 3817 3072 3890; x_wconf 88' lang='lat' dir='ltr'>germinantem</span> <span class='ocrx_word' id='word_1_634' title='bbox 3122 3820 3339 3892; x_wconf 78' lang='lat' dir='ltr'>virgam</span> <span class='ocrx_word' id='word_1_635' title='bbox 3390 3825 3693 3898; x_wconf 81' lang='lat' dir='ltr'>conspexit</span> <span class='ocrx_word' id='word_1_636' title='bbox 3738 3829 3802 3885; x_wconf 73' lang='grc'>⁵⁸.</span> 
     </span>
    </p>
   </div>
   <div class='ocr_carea' id='block_1_85' title="bbox 2161 3904 3807 3986">
    <p class='ocr_par' dir='ltr' id='par_1_85' title="bbox 2161 3904 3807 3986">
     <span class='ocr_line' id='line_1_85' title="bbox 2161 3904 3807 3986; baseline 0.011 -32"><span class='ocrx_word' id='word_1_637' title='bbox 2161 3925 2182 3954; x_wconf 76' lang='grc' dir='ltr'>ι</span> <span class='ocrx_word' id='word_1_638' title='bbox 2206 3905 2390 3960; x_wconf 86' lang='lat' dir='ltr'>Tuam</span> <span class='ocrx_word' id='word_1_639' title='bbox 2421 3904 2609 3976; x_wconf 89' lang='lat' dir='ltr'>ipsius</span> <span class='ocrx_word' id='word_1_640' title='bbox 2642 3905 2924 3972; x_wconf 78' lang='lat' dir='ltr'>animam,</span> <span class='ocrx_word' id='word_1_641' title='bbox 2946 3930 2974 3956; x_wconf 85' lang='lat'><em>»</em></span> <span class='ocrx_word' id='word_1_642' title='bbox 2993 3924 3026 3962; x_wconf 96' lang='lat' dir='ltr'>o</span> <span class='ocrx_word' id='word_1_643' title='bbox 3057 3907 3227 3979; x_wconf 87' lang='lat' dir='ltr'>plane</span> <span class='ocrx_word' id='word_1_644' title='bbox 3255 3911 3600 3970; x_wconf 88' lang='lat' dir='ltr'>intemerata</span> <span class='ocrx_word' id='word_1_645' title='bbox 3629 3919 3807 3986; x_wconf 87' lang='lat' dir='ltr'>atque</span> 
     </span>
    </p>
   </div>
   <div class='ocr_carea' id='block_1_86' title="bbox 2155 3993 3807 4066">
    <p class='ocr_par' dir='ltr' id='par_1_86' title="bbox 2155 3993 3807 4066">
     <span class='ocr_line' id='line_1_86' title="bbox 2155 3993 3807 4066; baseline 0.005 -18"><span class='ocrx_word' id='word_1_646' title='bbox 2155 3993 2457 4065; x_wconf 88' lang='lat' dir='ltr'>inculpata</span> <span class='ocrx_word' id='word_1_647' title='bbox 2494 3993 2701 4066; x_wconf 83' lang='lat' dir='ltr'>Virgo!</span> <span class='ocrx_word' id='word_1_648' title='bbox 2738 4013 2914 4066; x_wconf 89' lang='lat' dir='ltr'>quam</span> <span class='ocrx_word' id='word_1_649' title='bbox 2949 3996 3129 4052; x_wconf 85' lang='lat' dir='ltr'>David</span> <span class='ocrx_word' id='word_1_650' title='bbox 3163 4016 3356 4056; x_wconf 89' lang='lat' dir='ltr'>arcam</span> <span class='ocrx_word' id='word_1_651' title='bbox 3392 4007 3556 4057; x_wconf 90' lang='lat' dir='ltr'>vocat</span> <span class='ocrx_word' id='word_1_652' title='bbox 3585 4002 3807 4058; x_wconf 84' lang='lat' dir='ltr'>sancti-</span> 
     </span>
    </p>
   </div>
   <div class='ocr_carea' id='block_1_87' title="bbox 2155 4081 3807 4158">
    <p class='ocr_par' dir='ltr' id='par_1_87' title="bbox 2155 4081 3807 4158">
     <span class='ocr_line' id='line_1_87' title="bbox 2155 4081 3807 4158; baseline 0.007 -22"><span class='ocrx_word' id='word_1_653' title='bbox 2155 4081 2446 4137; x_wconf 80' lang='lat' dir='ltr'>ficationis</span> <span class='ocrx_word' id='word_1_654' title='bbox 2465 4083 2542 4146; x_wconf 67' lang='lat'>‘7;</span> <span class='ocrx_word' id='word_1_655' title='bbox 2577 4083 2853 4139; x_wconf 82' lang='lat' dir='ltr'>Salomon</span> <span class='ocrx_word' id='word_1_656' title='bbox 2876 4090 3096 4156; x_wconf 88' lang='lat' dir='ltr'>autem,</span> <span class='ocrx_word' id='word_1_657' title='bbox 3119 4084 3336 4144; x_wconf 88' lang='lat' dir='ltr'>lectum</span> <span class='ocrx_word' id='word_1_658' title='bbox 3367 4106 3611 4146; x_wconf 89' lang='lat' dir='ltr'>aureum</span> <span class='ocrx_word' id='word_1_659' title='bbox 3636 4091 3679 4127; x_wconf 80' lang='grc'>³⁸</span> <span class='ocrx_word' id='word_1_660' title='bbox 3701 4109 3714 4158; x_wconf 89' lang='grc'>;</span> <span class='ocrx_word' id='word_1_661' title='bbox 3739 4107 3807 4148; x_wconf 83' lang='lat' dir='ltr'>ao</span> 
     </span>
    </p>
   </div>
   <div class='ocr_carea' id='block_1_88' title="bbox 2155 4170 3807 4246">
    <p class='ocr_par' dir='ltr' id='par_1_88' title="bbox 2155 4170 3807 4246">
     <span class='ocr_line' id='line_1_88' title="bbox 2155 4170 3807 4246; baseline 0.005 -21"><span class='ocrx_word' id='word_1_662' title='bbox 2155 4171 2436 4225; x_wconf 86' lang='lat' dir='ltr'>thronum</span> <span class='ocrx_word' id='word_1_663' title='bbox 2459 4170 2897 4242; x_wconf 86' lang='lat' dir='ltr'>convallemque</span> <span class='ocrx_word' id='word_1_664' title='bbox 2914 4171 3168 4229; x_wconf 91' lang='lat' dir='ltr'>liliorum</span> <span class='ocrx_word' id='word_1_665' title='bbox 3190 4176 3545 4246; x_wconf 74' lang='lat' dir='ltr'>5°,virtutum</span> <span class='ocrx_word' id='word_1_666' title='bbox 3564 4178 3807 4246; x_wconf 88' lang='lat' dir='ltr'>scilicet,</span> 
     </span>
    </p>
   </div>
   <div class='ocr_carea' id='block_1_89' title="bbox 2159 4258 3807 4339">
    <p class='ocr_par' dir='ltr' id='par_1_89' title="bbox 2159 4258 3807 4339">
     <span class='ocr_line' id='line_1_89' title="bbox 2159 4258 3807 4339; baseline 0.007 -25"><span class='ocrx_word' id='word_1_667' title='bbox 2159 4263 2225 4314; x_wconf 88' lang='lat' dir='ltr'>ut</span> <span class='ocrx_word' id='word_1_668' title='bbox 2255 4263 2415 4330; x_wconf 88' lang='lat' dir='ltr'>puto,</span> <span class='ocrx_word' id='word_1_669' title='bbox 2439 4258 2797 4325; x_wconf 87' lang='lat' dir='ltr'>divinarum,</span> <span class='ocrx_word' id='word_1_670' title='bbox 2820 4271 2876 4314; x_wconf 83' lang='lat' dir='ltr'>et</span> <span class='ocrx_word' id='word_1_671' title='bbox 2901 4263 3236 4331; x_wconf 87' lang='lat' dir='ltr'>paradisum</span> <span class='ocrx_word' id='word_1_672' title='bbox 3261 4282 3294 4320; x_wconf 91' lang='lat' dir='ltr'>a</span> <span class='ocrx_word' id='word_1_673' title='bbox 3315 4265 3431 4322; x_wconf 89' lang='lat' dir='ltr'>Deo</span> <span class='ocrx_word' id='word_1_674' title='bbox 3453 4267 3807 4339; x_wconf 86' lang='lat' dir='ltr'>plantatum.</span> 
     </span>
    </p>
   </div>
   <div class='ocr_carea' id='block_1_90' title="bbox 2158 4347 3807 4428">
    <p class='ocr_par' dir='ltr' id='par_1_90' title="bbox 2158 4347 3807 4428">
     <span class='ocr_line' id='line_1_90' title="bbox 2158 4347 3807 4428; baseline 0.006 -25"><span class='ocrx_word' id='word_1_675' title='bbox 2158 4349 2228 4403; x_wconf 91' lang='lat' dir='ltr'>Et</span> <span class='ocrx_word' id='word_1_676' title='bbox 2259 4369 2288 4398; x_wconf 87' lang='grc'>‹‹</span> <span class='ocrx_word' id='word_1_677' title='bbox 2336 4352 2496 4402; x_wconf 88' lang='lat' dir='ltr'>tuam</span> <span class='ocrx_word' id='word_1_678' title='bbox 2548 4347 2739 4419; x_wconf 91' lang='lat' dir='ltr'>ipsius</span> <span class='ocrx_word' id='word_1_679' title='bbox 2786 4349 3042 4404; x_wconf 69' lang='lat' dir='ltr'>animum</span> <span class='ocrx_word' id='word_1_680' title='bbox 3093 4354 3475 4422; x_wconf 87' lang='lat' dir='ltr'>pertransibit</span> <span class='ocrx_word' id='word_1_681' title='bbox 3524 4355 3807 4428; x_wconf 87' lang='lat' dir='ltr'>gladius:</span> 
     </span>
    </p>
   </div>
   <div class='ocr_carea' id='block_1_91' title="bbox 2155 4437 3813 4515">
    <p class='ocr_par' dir='ltr' id='par_1_91' title="bbox 2155 4437 3813 4515">
     <span class='ocr_line' id='line_1_91' title="bbox 2155 4437 3813 4515; baseline 0.007 -24"><span class='ocrx_word' id='word_1_682' title='bbox 2155 4442 2322 4492; x_wconf 88' lang='lat' dir='ltr'>tuam</span> <span class='ocrx_word' id='word_1_683' title='bbox 2346 4437 2535 4507; x_wconf 85' lang='lat' dir='ltr'>ipsius</span> <span class='ocrx_word' id='word_1_684' title='bbox 2554 4459 2582 4486; x_wconf 88' lang='grc'>››</span> <span class='ocrx_word' id='word_1_685' title='bbox 2605 4443 2737 4492; x_wconf 88' lang='lat' dir='ltr'>ante</span> <span class='ocrx_word' id='word_1_686' title='bbox 2761 4438 3124 4495; x_wconf 87' lang='lat' dir='ltr'>nativitatem</span> <span class='ocrx_word' id='word_1_687' title='bbox 3147 4442 3358 4507; x_wconf 63' lang='lat' dir='ltr'>electas,</span> <span class='ocrx_word' id='word_1_688' title='bbox 3385 4445 3813 4515; x_wconf 65' lang='lat' dir='ltr'>prmdestinata</span> 
     </span>
    </p>
   </div>
   <div class='ocr_carea' id='block_1_92' title="bbox 2159 4525 3806 4605">
    <p class='ocr_par' dir='ltr' id='par_1_92' title="bbox 2159 4525 3806 4605">
     <span class='ocr_line' id='line_1_92' title="bbox 2159 4525 3806 4605; baseline 0.005 -23"><span class='ocrx_word' id='word_1_689' title='bbox 2159 4544 2193 4582; x_wconf 89' lang='lat' dir='ltr'>a</span> <span class='ocrx_word' id='word_1_690' title='bbox 2215 4525 2445 4582; x_wconf 69' lang='lat' dir='ltr'>saeculis</span> <span class='ocrx_word' id='word_1_691' title='bbox 2466 4531 2524 4581; x_wconf 91' lang='lat' dir='ltr'>et</span> <span class='ocrx_word' id='word_1_692' title='bbox 2549 4526 3047 4598; x_wconf 84' lang='lat' dir='ltr'>generationibus.</span> <span class='ocrx_word' id='word_1_693' title='bbox 3073 4530 3310 4586; x_wconf 81' lang='lat' dir='ltr'>«Tuam</span> <span class='ocrx_word' id='word_1_694' title='bbox 3344 4532 3552 4605; x_wconf 85' lang='lat' dir='ltr'>ipsius,</span> <span class='ocrx_word' id='word_1_695' title='bbox 3578 4551 3806 4605; x_wconf 76' lang='lat' dir='ltr'>nquam</span> 
     </span>
    </p>
   </div>
   <div class='ocr_carea' id='block_1_93' title="bbox 402 4601 2031 4696">
    <p class='ocr_par' dir='ltr' id='par_1_93' title="bbox 402 4601 2026 4688">
     <span class='ocr_line' id='line_1_93' title="bbox 402 4601 2026 4688; baseline -0.004 -14"><span class='ocrx_word' id='word_1_696' title='bbox 402 4601 644 4675; x_wconf 78' lang='grc' dir='ltr'>θὲστατα.</span> <span class='ocrx_word' id='word_1_697' title='bbox 683 4642 709 4670; x_wconf 86' lang='grc'>‹‹</span> <span class='ocrx_word' id='word_1_698' title='bbox 741 4617 840 4672; x_wconf 82' lang='grc' dir='ltr'>Καὶ</span> <span class='ocrx_word' id='word_1_699' title='bbox 877 4620 971 4670; x_wconf 85' lang='grc' dir='ltr'>σοῦ</span> <span class='ocrx_word' id='word_1_700' title='bbox 1004 4611 1061 4669; x_wconf 77' lang='grc' dir='ltr'>δὲ</span> <span class='ocrx_word' id='word_1_701' title='bbox 1090 4612 1256 4683; x_wconf 79' lang='grc' dir='ltr'>αὐτῆς</span> <span class='ocrx_word' id='word_1_702' title='bbox 1311 4613 1411 4682; x_wconf 71' lang='grc' dir='ltr'>τήν</span> <span class='ocrx_word' id='word_1_703' title='bbox 1468 4613 1652 4688; x_wconf 77' lang='grc' dir='ltr'>ψυχὴν</span> <span class='ocrx_word' id='word_1_704' title='bbox 1717 4609 2026 4668; x_wconf 79' lang='grc' dir='ltr'>διελεύσετα</span> 
     </span>
    </p>
   </div>
   <div class='ocr_carea' id='block_1_94' title="bbox 2145 4601 3810 4696">
    <p class='ocr_par' dir='ltr' id='par_1_94' title="bbox 2158 4601 3810 4696">
     <span class='ocr_line' id='line_1_94' title="bbox 2158 4601 3810 4696; baseline 0.006 -25"><span class='ocrx_word' id='word_1_705' title='bbox 2158 4620 2330 4671; x_wconf 84' lang='lat' dir='ltr'>Pater</span> <span class='ocrx_word' id='word_1_706' title='bbox 2357 4614 2552 4687; x_wconf 90' lang='lat' dir='ltr'>elegit,</span> <span class='ocrx_word' id='word_1_707' title='bbox 2602 4614 2784 4671; x_wconf 89' lang='lat' dir='ltr'>Filius</span> <span class='ocrx_word' id='word_1_708' title='bbox 2829 4616 3199 4691; x_wconf 78' lang='lat' dir='ltr'>inhabitavit,</span> <span class='ocrx_word' id='word_1_709' title='bbox 3243 4601 3500 4692; x_wconf 83' lang='lat' dir='ltr'>Spiritus</span> <span class='ocrx_word' id='word_1_710' title='bbox 3537 4601 3810 4696; x_wconf 43' lang='lat' dir='ltr'>san-ctus,</span> 
     </span>
    </p>
   </div>
   <div class='ocr_carea' id='block_1_95' title="bbox 406 4708 729 4786">
    <p class='ocr_par' dir='ltr' id='par_1_95' title="bbox 406 4708 729 4786">
     <span class='ocr_line' id='line_1_95' title="bbox 406 4708 729 4786; baseline -0.015 -22"><span class='ocrx_word' id='word_1_711' title='bbox 406 4708 666 4786; x_wconf 70' lang='grc' dir='ltr'>ῥομφαία.</span> <span class='ocrx_word' id='word_1_712' title='bbox 702 4731 729 4759; x_wconf 89' lang='grc'>››</span> 
     </span>
    </p>
   </div>
   <div class='ocr_carea' id='block_1_96' title="bbox 2160 4707 3816 4786">
    <p class='ocr_par' dir='ltr' id='par_1_96' title="bbox 2160 4707 3816 4786">
     <span class='ocr_line' id='line_1_96' title="bbox 2160 4707 3816 4786; baseline 0.007 -26"><span class='ocrx_word' id='word_1_713' title='bbox 2160 4710 2226 4760; x_wconf 91' lang='lat' dir='ltr'>ut</span> <span class='ocrx_word' id='word_1_714' title='bbox 2255 4711 2368 4761; x_wconf 89' lang='lat' dir='ltr'>Deo</span> <span class='ocrx_word' id='word_1_715' title='bbox 2399 4707 2689 4774; x_wconf 90' lang='lat' dir='ltr'>convenit,</span> <span class='ocrx_word' id='word_1_716' title='bbox 2723 4708 3125 4765; x_wconf 87' lang='lat' dir='ltr'>obrumbravit</span> <span class='ocrx_word' id='word_1_717' title='bbox 3157 4727 3170 4764; x_wconf 87' lang='lat'><strong>:</strong></span> <span class='ocrx_word' id='word_1_718' title='bbox 3204 4712 3516 4786; x_wconf 87' lang='lat' dir='ltr'>omnisque</span> <span class='ocrx_word' id='word_1_719' title='bbox 3547 4721 3816 4772; x_wconf 84' lang='lat' dir='ltr'>creatura</span> 
     </span>
    </p>
   </div>
   <div class='ocr_carea' id='block_1_97' title="bbox 408 4791 3814 4878">
    <p class='ocr_par' dir='ltr' id='par_1_97' title="bbox 408 4791 3814 4878">
     <span class='ocr_line' id='line_1_97' title="bbox 408 4791 3814 4878; baseline 0.002 -23"><span class='ocrx_word' id='word_1_720' title='bbox 408 4801 504 4857; x_wconf 79' lang='lat' dir='ltr'>Dei</span> <span class='ocrx_word' id='word_1_721' title='bbox 535 4804 784 4854; x_wconf 87' lang='lat' dir='ltr'>matrem</span> <span class='ocrx_word' id='word_1_722' title='bbox 827 4813 892 4852; x_wconf 92' lang='lat' dir='ltr'>ac</span> <span class='ocrx_word' id='word_1_723' title='bbox 941 4794 1253 4866; x_wconf 88' lang='lat' dir='ltr'>Dciparam</span> <span class='ocrx_word' id='word_1_724' title='bbox 1303 4791 1712 4864; x_wconf 88' lang='lat' dir='ltr'>propriissime</span> <span class='ocrx_word' id='word_1_725' title='bbox 1757 4808 1824 4848; x_wconf 88' lang='lat' dir='ltr'>ac</span> <span class='ocrx_word' id='word_1_726' title='bbox 1861 4792 2162 4850; x_wconf 82' lang='lat' dir='ltr'>verissime</span> <span class='ocrx_word' id='word_1_727' title='bbox 2213 4796 2510 4869; x_wconf 69' lang='lat' dir='ltr'>praedicat.</span> <span class='ocrx_word' id='word_1_728' title='bbox 2561 4819 2588 4846; x_wconf 85' lang='grc'><em>‹‹</em></span> <span class='ocrx_word' id='word_1_729' title='bbox 2642 4799 2710 4851; x_wconf 83' lang='lat' dir='ltr'>Et</span> <span class='ocrx_word' id='word_1_730' title='bbox 2757 4801 2922 4854; x_wconf 89' lang='lat' dir='ltr'>tuam</span> <span class='ocrx_word' id='word_1_731' title='bbox 2969 4797 3159 4870; x_wconf 85' lang='lat' dir='ltr'>ipsius</span> <span class='ocrx_word' id='word_1_732' title='bbox 3208 4799 3469 4859; x_wconf 88' lang='lat' dir='ltr'>animam</span> <span class='ocrx_word' id='word_1_733' title='bbox 3514 4809 3814 4878; x_wconf 86' lang='lat' dir='ltr'>pertrans-</span> 
     </span>
    </p>
   </div>
   <div class='ocr_carea' id='block_1_98' title="bbox 406 4888 858 4962">
    <p class='ocr_par' dir='ltr' id='par_1_98' title="bbox 406 4888 858 4962">
     <span class='ocr_line' id='line_1_98' title="bbox 406 4888 858 4962; baseline -0.011 -17"><span class='ocrx_word' id='word_1_734' title='bbox 406 4890 516 4946; x_wconf 88' lang='lat' dir='ltr'>ibit</span> <span class='ocrx_word' id='word_1_735' title='bbox 545 4888 798 4962; x_wconf 88' lang='lat' dir='ltr'>gladius.</span> <span class='ocrx_word' id='word_1_736' title='bbox 829 4908 858 4936; x_wconf 84' lang='lat'><strong>»</strong></span> 
     </span>
    </p>
   </div>
   <div class='ocr_carea' id='block_1_99' title="bbox 481 4983 2054 5069">
    <p class='ocr_par' dir='ltr' id='par_1_99' title="bbox 481 4983 2054 5069">
     <span class='ocr_line' id='line_1_99' title="bbox 481 4983 2054 5069; baseline -0.007 -18"><span class='ocrx_word' id='word_1_737' title='bbox 481 4997 566 5051; x_wconf 84' lang='grc'>17.</span> <span class='ocrx_word' id='word_1_738' title='bbox 601 4994 697 5048; x_wconf 70' lang='grc' dir='ltr'>Διά</span> <span class='ocrx_word' id='word_1_739' title='bbox 741 4991 817 5060; x_wconf 88' lang='grc' dir='ltr'>τί,</span> <span class='ocrx_word' id='word_1_740' title='bbox 856 4990 1042 5069; x_wconf 81' lang='grc' dir='ltr'>φησὶν,</span> <span class='ocrx_word' id='word_1_741' title='bbox 1103 4987 1259 5062; x_wconf 80' lang='grc' dir='ltr'>ἐμοῦ,</span> <span class='ocrx_word' id='word_1_742' title='bbox 1297 4987 1453 5063; x_wconf 76' lang='grc' dir='ltr'>γὲρον</span> <span class='ocrx_word' id='word_1_743' title='bbox 1488 4983 1940 5060; x_wconf 85' lang='grc' dir='ltr'>θαυμασιώτατε;</span> <span class='ocrx_word' id='word_1_744' title='bbox 1978 4989 2054 5061; x_wconf 70' lang='grc' dir='ltr'>μὴ</span> 
     </span>
    </p>
   </div>
   <div class='ocr_carea' id='block_1_100' title="bbox 407 5075 2055 5160">
    <p class='ocr_par' dir='ltr' id='par_1_100' title="bbox 407 5075 2055 5160">
     <span class='ocr_line' id='line_1_100' title="bbox 407 5075 2055 5160; baseline -0.021 -19"><span class='ocrx_word' id='word_1_745' title='bbox 407 5085 512 5160; x_wconf 72' lang='grc' dir='ltr'>γὰρ</span> <span class='ocrx_word' id='word_1_746' title='bbox 569 5082 677 5158; x_wconf 74' lang='grc' dir='ltr'>ἐγὼ</span> <span class='ocrx_word' id='word_1_747' title='bbox 735 5084 869 5137; x_wconf 87' lang='grc' dir='ltr'>Θεοῦ</span> <span class='ocrx_word' id='word_1_748' title='bbox 916 5080 1036 5134; x_wconf 85' lang='grc' dir='ltr'>Υιὸν</span> <span class='ocrx_word' id='word_1_749' title='bbox 1100 5077 1338 5151; x_wconf 66' lang='grc' dir='ltr'>ἐμαυτὴν</span> <span class='ocrx_word' id='word_1_750' title='bbox 1403 5075 1738 5152; x_wconf 77' lang='grc' dir='ltr'>ἀνεκήρύεα;</span> <span class='ocrx_word' id='word_1_751' title='bbox 1805 5077 1895 5144; x_wconf 64' lang='grc' dir='ltr'>Μὴ</span> <span class='ocrx_word' id='word_1_752' title='bbox 1953 5077 2055 5154; x_wconf 66' lang='grc' dir='ltr'>γὰρ</span> 
     </span>
    </p>
   </div>
   <div class='ocr_carea' id='block_1_101' title="bbox 408 5164 2054 5250">
    <p class='ocr_par' dir='ltr' id='par_1_101' title="bbox 408 5164 2054 5250">
     <span class='ocr_line' id='line_1_101' title="bbox 408 5164 2054 5250; baseline -0.004 -22"><span class='ocrx_word' id='word_1_753' title='bbox 408 5173 516 5250; x_wconf 81' lang='grc' dir='ltr'>ἐγὼ</span> <span class='ocrx_word' id='word_1_754' title='bbox 590 5171 713 5249; x_wconf 86' lang='grc' dir='ltr'>περὶ</span> <span class='ocrx_word' id='word_1_755' title='bbox 759 5174 856 5226; x_wconf 87' lang='grc' dir='ltr'>τοῦ</span> <span class='ocrx_word' id='word_1_756' title='bbox 911 5173 1041 5224; x_wconf 81' lang='grc' dir='ltr'>ναοῦ</span> <span class='ocrx_word' id='word_1_757' title='bbox 1099 5167 1515 5245; x_wconf 71' lang='grc' dir='ltr'>προεφήτευσα;</span> <span class='ocrx_word' id='word_1_758' title='bbox 1569 5164 1604 5234; x_wconf 68' lang='grc' dir='ltr'>ἢ</span> <span class='ocrx_word' id='word_1_759' title='bbox 1662 5165 1752 5219; x_wconf 89' lang='grc' dir='ltr'>τὸν</span> <span class='ocrx_word' id='word_1_760' title='bbox 1811 5164 2054 5241; x_wconf 82' lang='grc' dir='ltr'>Λάζαρον</span> 
     </span>
    </p>
   </div>
   <div class='ocr_carea' id='block_1_102' title="bbox 406 5252 2056 5339">
    <p class='ocr_par' dir='ltr' id='par_1_102' title="bbox 406 5252 2056 5339">
     <span class='ocr_line' id='line_1_102' title="bbox 406 5252 2056 5339; baseline -0.01 -21"><span class='ocrx_word' id='word_1_761' title='bbox 406 5261 655 5339; x_wconf 77' lang='grc' dir='ltr'>ἤγειρα;</span> <span class='ocrx_word' id='word_1_762' title='bbox 710 5262 747 5330; x_wconf 71' lang='grc' dir='ltr'><strong>ἢ</strong></span> <span class='ocrx_word' id='word_1_763' title='bbox 804 5260 897 5315; x_wconf 88' lang='grc' dir='ltr'>τὸν</span> <span class='ocrx_word' id='word_1_764' title='bbox 955 5255 1265 5334; x_wconf 87' lang='grc' dir='ltr'>παράλυτον</span> <span class='ocrx_word' id='word_1_765' title='bbox 1329 5253 1692 5331; x_wconf 82' lang='grc' dir='ltr'>ἐθεράπευσα;</span> <span class='ocrx_word' id='word_1_766' title='bbox 1751 5253 1787 5323; x_wconf 69' lang='grc' dir='ltr'><strong>ἢ</strong></span> <span class='ocrx_word' id='word_1_767' title='bbox 1846 5254 1935 5310; x_wconf 83' lang='grc' dir='ltr'>τὸν</span> <span class='ocrx_word' id='word_1_768' title='bbox 1997 5252 2056 5310; x_wconf 71' lang='grc' dir='ltr'>ἐκ</span> 
     </span>
    </p>
   </div>
   <div class='ocr_carea' id='block_1_103' title="bbox 2241 4992 3820 5063">
    <p class='ocr_par' dir='ltr' id='par_1_103' title="bbox 2241 4992 3820 5063">
     <span class='ocr_line' id='line_1_103' title="bbox 2241 4992 3820 5063; baseline 0.008 -17"><span class='ocrx_word' id='word_1_769' title='bbox 2241 4993 2326 5046; x_wconf 86' lang='grc'>17.</span> <span class='ocrx_word' id='word_1_770' title='bbox 2357 4993 2489 5060; x_wconf 89' lang='lat' dir='ltr'>Cur,</span> <span class='ocrx_word' id='word_1_771' title='bbox 2524 4992 2734 5063; x_wconf 91' lang='lat' dir='ltr'>inquit,</span> <span class='ocrx_word' id='word_1_772' title='bbox 2769 5009 2958 5050; x_wconf 90' lang='lat' dir='ltr'>meam</span> <span class='ocrx_word' id='word_1_773' title='bbox 2993 4995 3273 5061; x_wconf 84' lang='lat' dir='ltr'>animam,</span> <span class='ocrx_word' id='word_1_774' title='bbox 3298 4996 3820 5058; x_wconf 86' lang='lat' dir='ltr'>admirabilissime</span> 
     </span>
    </p>
   </div>
   <div class='ocr_carea' id='block_1_104' title="bbox 2167 5079 3821 5159">
    <p class='ocr_par' dir='ltr' id='par_1_104' title="bbox 2167 5079 3821 5159">
     <span class='ocr_line' id='line_1_104' title="bbox 2167 5079 3821 5159; baseline 0.007 -25"><span class='ocrx_word' id='word_1_775' title='bbox 2167 5079 2389 5134; x_wconf 81' lang='lat' dir='ltr'>senex?</span> <span class='ocrx_word' id='word_1_776' title='bbox 2417 5083 2463 5133; x_wconf 78' lang='grc' dir='ltr'><strong>Ν</strong></span> <span class='ocrx_word' id='word_1_777' title='bbox 2474 5097 2570 5135; x_wconf 90' lang='lat' dir='ltr'>um</span> <span class='ocrx_word' id='word_1_778' title='bbox 2603 5097 2708 5152; x_wconf 89' lang='lat' dir='ltr'>ego</span> <span class='ocrx_word' id='word_1_779' title='bbox 2741 5083 3026 5154; x_wconf 90' lang='lat' dir='ltr'>meipsam</span> <span class='ocrx_word' id='word_1_780' title='bbox 3062 5083 3158 5138; x_wconf 90' lang='lat' dir='ltr'>Dei</span> <span class='ocrx_word' id='word_1_781' title='bbox 3207 5083 3418 5140; x_wconf 86' lang='lat' dir='ltr'>Filium</span> <span class='ocrx_word' id='word_1_782' title='bbox 3469 5087 3821 5159; x_wconf 74' lang='lat' dir='ltr'>praedicavi?</span> 
     </span>
    </p>
   </div>
   <div class='ocr_carea' id='block_1_105' title="bbox 2166 5168 3821 5244">
    <p class='ocr_par' dir='ltr' id='par_1_105' title="bbox 2166 5168 3821 5244">
     <span class='ocr_line' id='line_1_105' title="bbox 2166 5168 3821 5244; baseline 0.007 -21"><span class='ocrx_word' id='word_1_783' title='bbox 2166 5168 2319 5224; x_wconf 88' lang='lat' dir='ltr'>Num</span> <span class='ocrx_word' id='word_1_784' title='bbox 2345 5185 2450 5241; x_wconf 87' lang='lat' dir='ltr'>ego</span> <span class='ocrx_word' id='word_1_785' title='bbox 2483 5171 2552 5225; x_wconf 87' lang='lat' dir='ltr'>de</span> <span class='ocrx_word' id='word_1_786' title='bbox 2585 5169 2798 5242; x_wconf 88' lang='lat' dir='ltr'>templo</span> <span class='ocrx_word' id='word_1_787' title='bbox 2829 5173 3202 5244; x_wconf 78' lang='lat' dir='ltr'>prophetavi?</span> <span class='ocrx_word' id='word_1_788' title='bbox 3219 5179 3308 5229; x_wconf 81' lang='lat' dir='ltr'>An</span> <span class='ocrx_word' id='word_1_789' title='bbox 3327 5175 3609 5232; x_wconf 89' lang='lat' dir='ltr'>Lazarum</span> <span class='ocrx_word' id='word_1_790' title='bbox 3633 5177 3821 5234; x_wconf 85' lang='lat' dir='ltr'>susci-</span> 
     </span>
    </p>
   </div>
   <div class='ocr_carea' id='block_1_106' title="bbox 2165 5257 3821 5333">
    <p class='ocr_par' dir='ltr' id='par_1_106' title="bbox 2165 5257 3821 5333">
     <span class='ocr_line' id='line_1_106' title="bbox 2165 5257 3821 5333; baseline 0.007 -20"><span class='ocrx_word' id='word_1_791' title='bbox 2165 5257 2431 5313; x_wconf 85' lang='lat' dir='ltr'>tavi?An</span> <span class='ocrx_word' id='word_1_792' title='bbox 2463 5259 2856 5333; x_wconf 78' lang='lat' dir='ltr'>paralyticum</span> <span class='ocrx_word' id='word_1_793' title='bbox 2888 5260 3130 5318; x_wconf 80' lang='lat' dir='ltr'>curavi?</span> <span class='ocrx_word' id='word_1_794' title='bbox 3155 5264 3243 5317; x_wconf 83' lang='lat' dir='ltr'>An</span> <span class='ocrx_word' id='word_1_795' title='bbox 3275 5279 3422 5320; x_wconf 65' lang='lat' dir='ltr'>casco</span> <span class='ocrx_word' id='word_1_796' title='bbox 3455 5281 3488 5321; x_wconf 88' lang='lat' dir='ltr'>a</span> <span class='ocrx_word' id='word_1_797' title='bbox 3517 5265 3821 5325; x_wconf 83' lang='lat' dir='ltr'>nativitate</span> 
     </span>
    </p>
   </div>
   <div class='ocr_carea' id='block_1_107' title="bbox 479 5435 2031 5517">
    <p class='ocr_par' dir='ltr' id='par_1_107' title="bbox 479 5435 2025 5517">
     <span class='ocr_line' id='line_1_107' title="bbox 479 5435 2025 5517; baseline -0.008 -14"><span class='ocrx_word' id='word_1_798' title='bbox 479 5448 524 5486; x_wconf 84' lang='grc'>⁶¹</span> <span class='ocrx_word' id='word_1_799' title='bbox 559 5445 699 5502; x_wconf 91' lang='lat' dir='ltr'>Luc.</span> <span class='ocrx_word' id='word_1_800' title='bbox 728 5443 919 5517; x_wconf 56' lang='lat' dir='ltr'>n,_35,</span> <span class='ocrx_word' id='word_1_801' title='bbox 995 5440 1040 5475; x_wconf 66' lang='grc'>⁵⁸</span> <span class='ocrx_word' id='word_1_802' title='bbox 1069 5438 1274 5517; x_wconf 78' lang='lat' dir='ltr'>Matt_h.</span> <span class='ocrx_word' id='word_1_803' title='bbox 1308 5453 1375 5517; x_wconf 63' lang='grc' dir='ltr'>ιε,</span> <span class='ocrx_word' id='word_1_804' title='bbox 1395 5437 1550 5517; x_wconf 55' lang='lat'>2:11.</span> <span class='ocrx_word' id='word_1_805' title='bbox 1629 5435 1673 5471; x_wconf 77' lang='grc'>⁸⁸</span> <span class='ocrx_word' id='word_1_806' title='bbox 1700 5437 2025 5517; x_wconf 42' lang='grc' dir='ltr'>Ιίιιοκιιιβ-</span> 
     </span>
    </p>
   </div>
   <div class='ocr_carea' id='block_1_108' title="bbox 2145 5435 3820 5517">
    <p class='ocr_par' dir='ltr' id='par_1_108' title="bbox 2196 5437 3820 5517">
     <span class='ocr_line' id='line_1_108' title="bbox 2196 5437 3820 5517; baseline 0.006 -25"><span class='ocrx_word' id='word_1_807' title='bbox 2196 5437 2242 5517; x_wconf 67' lang='grc' dir='ltr'><em>υς</em></span> <span class='ocrx_word' id='word_1_808' title='bbox 2271 5438 2478 5495; x_wconf 82' lang='lat' dir='ltr'>Cenes.</span> <span class='ocrx_word' id='word_1_809' title='bbox 2509 5455 2707 5510; x_wconf 84' lang='lat' dir='ltr'>xxvm,</span> <span class='ocrx_word' id='word_1_810' title='bbox 2743 5439 2830 5495; x_wconf 86' lang='grc'>12.</span> <span class='ocrx_word' id='word_1_811' title='bbox 2907 5439 2952 5475; x_wconf 79' lang='grc'>⁵⁸</span> <span class='ocrx_word' id='word_1_812' title='bbox 2983 5439 3159 5499; x_wconf 83' lang='lat' dir='ltr'>Exod.</span> <span class='ocrx_word' id='word_1_813' title='bbox 3199 5459 3354 5517; x_wconf 77' lang='lat' dir='ltr'>xm,</span> <span class='ocrx_word' id='word_1_814' title='bbox 3389 5445 3476 5503; x_wconf 89' lang='grc'>11.</span> <span class='ocrx_word' id='word_1_815' title='bbox 3555 5447 3600 5485; x_wconf 62' lang='lat' dir='ltr'><strong>ﬂ</strong></span> <span class='ocrx_word' id='word_1_816' title='bbox 3645 5445 3820 5504; x_wconf 88' lang='lat' dir='ltr'>Num.</span> 
     </span>
    </p>
   </div>
   <div class='ocr_carea' id='block_1_109' title="bbox 713 5508 1774 5581">
    <p class='ocr_par' dir='ltr' id='par_1_109' title="bbox 713 5508 1774 5581">
     <span class='ocr_line' id='line_1_109' title="bbox 713 5508 1774 5581; baseline -0.005 -10"><span class='ocrx_word' id='word_1_817' title='bbox 713 5516 756 5554; x_wconf 74' lang='grc'>⁵⁷</span> <span class='ocrx_word' id='word_1_818' title='bbox 779 5508 946 5572; x_wconf 69' lang='grc' dir='ltr'>Ῥεοι.</span> <span class='ocrx_word' id='word_1_819' title='bbox 979 5527 1167 5581; x_wconf 77' lang='lat' dir='ltr'>cxm,</span> <span class='ocrx_word' id='word_1_820' title='bbox 1198 5511 1253 5568; x_wconf 91' lang='lat'>8.</span> <span class='ocrx_word' id='word_1_821' title='bbox 1330 5509 1376 5546; x_wconf 77' lang='grc'>⁸⁸</span> <span class='ocrx_word' id='word_1_822' title='bbox 1406 5508 1571 5566; x_wconf 86' lang='lat' dir='ltr'>Cant.</span> <span class='ocrx_word' id='word_1_823' title='bbox 1603 5524 1692 5576; x_wconf 78' lang='grc' dir='ltr'>ιιι,</span> <span class='ocrx_word' id='word_1_824' title='bbox 1718 5509 1774 5566; x_wconf 88' lang='lat'>9.</span> 
     </span>
    </p>
   </div>
   <div class='ocr_carea' id='block_1_110' title="bbox 407 5519 634 5586">
    <p class='ocr_par' dir='ltr' id='par_1_110' title="bbox 407 5519 634 5586">
     <span class='ocr_line' id='line_1_110' title="bbox 407 5519 634 5586; baseline -0.009 -11"><span class='ocrx_word' id='word_1_825' title='bbox 407 5533 552 5586; x_wconf 84' lang='lat' dir='ltr'>xvn,</span> <span class='ocrx_word' id='word_1_826' title='bbox 583 5519 634 5574; x_wconf 91' lang='lat'>8.</span> 
     </span>
    </p>
   </div>
   <div class='ocr_carea' id='block_1_111' title="bbox 488 5712 1376 5867">
    <p class='ocr_par' dir='ltr' id='par_1_111' title="bbox 488 5712 1376 5867">
     <span class='ocr_line' id='line_1_111' title="bbox 488 5712 1376 5867; baseline -0.017 -91"><span class='ocrx_word' id='word_1_827' title='bbox 488 5718 604 5867; x_wconf 49' lang='grc' dir='ltr'>(ὥς</span> <span class='ocrx_word' id='word_1_828' title='bbox 629 5722 770 5792; x_wconf 80' lang='lat' dir='ltr'>Reg.</span> <span class='ocrx_word' id='word_1_829' title='bbox 800 5717 858 5784; x_wconf 83' lang='lat'>2,</span> <span class='ocrx_word' id='word_1_830' title='bbox 888 5712 1096 5790; x_wconf 75' lang='grc' dir='ltr'>σαφῶς.</span> <span class='ocrx_word' id='word_1_831' title='bbox 1361 5775 1376 5798; x_wconf 41' lang='grc' dir='ltr'>ε</span> 
     </span>
     <span class='ocr_line' id='line_1_112' title="bbox 491 5778 1376 5867; baseline -0.017 -17"><span class='ocrx_word' id='word_1_832' title='bbox 491 5791 580 5867; x_wconf 77' lang='grc'>(47</span> <span class='ocrx_word' id='word_1_833' title='bbox 637 5792 722 5848; x_wconf 87' lang='lat' dir='ltr'>Ita</span> <span class='ocrx_word' id='word_1_834' title='bbox 750 5789 892 5863; x_wconf 79' lang='lat' dir='ltr'>Reg.</span> <span class='ocrx_word' id='word_1_835' title='bbox 920 5785 980 5843; x_wconf 88' lang='lat'>2.</span> <span class='ocrx_word' id='word_1_836' title='bbox 1003 5785 1072 5841; x_wconf 82' lang='grc' dir='ltr'>Δι</span> <span class='ocrx_word' id='word_1_837' title='bbox 1099 5781 1242 5856; x_wconf 84' lang='lat' dir='ltr'>Reg.</span> <span class='ocrx_word' id='word_1_838' title='bbox 1267 5778 1324 5848; x_wconf 81' lang='grc'>1,</span> <span class='ocrx_word' id='word_1_839' title='bbox 1356 5798 1376 5835; x_wconf 75' lang='grc' dir='ltr'>ι</span> 
     </span>
    </p>
   </div>
   <div class='ocr_carea' id='block_1_112' title="bbox 491 5770 1718 5867">
    <p class='ocr_par' dir='ltr' id='par_1_112' title="bbox 491 5770 1718 5867">
     <span class='ocr_line' id='line_1_113' title="bbox 491 5770 1718 5867; baseline -0.011 -17"><span class='ocrx_word' id='word_1_840' title='bbox 491 5770 604 5867; x_wconf 55' lang='grc' dir='ltr'>ζῇ)</span> <span class='ocrx_word' id='word_1_841' title='bbox 920 5770 981 5843; x_wconf 62' lang='lat'>2:</span> <span class='ocrx_word' id='word_1_842' title='bbox 1003 5770 1072 5841; x_wconf 78' lang='lat' dir='ltr'>At</span> <span class='ocrx_word' id='word_1_843' title='bbox 1099 5781 1242 5856; x_wconf 84' lang='lat' dir='ltr'>Reg.</span> <span class='ocrx_word' id='word_1_844' title='bbox 1267 5778 1324 5848; x_wconf 76' lang='grc'>1,</span> <span class='ocrx_word' id='word_1_845' title='bbox 1356 5770 1718 5858; x_wconf 77' lang='grc' dir='ltr'>ὑπερϐόητον.</span> 
     </span>
    </p>
   </div>
   <div class='ocr_carea' id='block_1_113' title="bbox 1850 5507 2273 5580">
    <p class='ocr_par' dir='ltr' id='par_1_113' title="bbox 1850 5507 2273 5580">
     <span class='ocr_line' id='line_1_114' title="bbox 1850 5507 2273 5580; baseline -0.002 -14"><span class='ocrx_word' id='word_1_846' title='bbox 1850 5507 1896 5547; x_wconf 64' lang='grc'>⁸9</span> <span class='ocrx_word' id='word_1_847' title='bbox 1919 5507 2090 5567; x_wconf 77' lang='lat' dir='ltr'>Cant.</span> <span class='ocrx_word' id='word_1_848' title='bbox 2124 5524 2187 5580; x_wconf 78' lang='grc' dir='ltr'>ιι,</span> <span class='ocrx_word' id='word_1_849' title='bbox 2222 5510 2273 5566; x_wconf 91' lang='grc'>1.</span> 
     </span>
    </p>
   </div>
   <div class='ocr_carea' id='block_1_114' title="bbox 2246 5705 3201 5794">
    <p class='ocr_par' dir='ltr' id='par_1_114' title="bbox 2246 5705 3201 5794">
     <span class='ocr_line' id='line_1_115' title="bbox 2246 5705 3201 5794; baseline 0.006 -30"><span class='ocrx_word' id='word_1_850' title='bbox 2246 5707 2360 5782; x_wconf 86' lang='grc'>(48)</span> <span class='ocrx_word' id='word_1_851' title='bbox 2391 5706 2530 5783; x_wconf 80' lang='lat' dir='ltr'>Reg.</span> <span class='ocrx_word' id='word_1_852' title='bbox 2560 5709 2618 5781; x_wconf 84' lang='lat'>2,</span> <span class='ocrx_word' id='word_1_853' title='bbox 2654 5705 2788 5783; x_wconf 82' lang='grc' dir='ltr'>μετᾶ</span> <span class='ocrx_word' id='word_1_854' title='bbox 2816 5711 2915 5766; x_wconf 84' lang='grc' dir='ltr'>τοῦ</span> <span class='ocrx_word' id='word_1_855' title='bbox 2949 5708 3201 5794; x_wconf 69' lang='grc' dir='ltr'>βρέφους.</span> 
     </span>
    </p>
   </div>
  </div>
