4120 6378
367 386 488 447 995

370 629 559 670 meam
592 610 827 685 gladius
889 606 1313 683 pertransibit?
1359 611 1445 663 An
1497 606 1654 679 quod
1703 606 2027 662 Sabbatum

365 699 661 758 violat-im?
690 706 778 757 An
814 700 966 773 quod
998 698 1186 772 legem
1217 704 1587 770 transgressa
1618 696 1759 751 sim?
1784 695 1863 750 En
1894 693 2024 763 tibi,

366 794 495 863 ejus
527 791 826 848 servandis
859 806 1060 859 causa,
1091 788 1305 843 Filium
1338 785 1704 853 circumcidi,
1757 784 2023 840 Hieroso-

365 881 582 954 lymam
615 879 943 953 properavi,
975 877 1032 933 in
1070 877 1286 949 templo
1319 877 1552 942 adsum,
1586 892 1652 931 ac
1681 872 1873 947 pullos
1904 879 2026 929 tur-

364 977 590 1037 turum,
623 973 1041 1042 argumentum
1074 967 1231 1038 parvi
1282 965 1675 1038 pauperisque
1725 961 2020 1029 sacriﬁcii,

364 1060 437 1117 ad
487 1059 748 1115 divinam
799 1075 1017 1130 repono
1082 1072 1368 1112 mensam.
1421 1054 1567 1120 Quid
1624 1052 1802 1127 igitur
1857 1051 2019 1125 parvi

363 1148 636 1223 magnive
667 1152 755 1204 est
786 1149 845 1202 in
875 1147 1023 1219 lege,
1058 1146 1212 1218 quod
1244 1149 1613 1217 transgressa
1642 1144 1778 1209 sim,
1812 1147 1877 1196 ut
1905 1139 2021 1212 gla-

358 1239 493 1296 dius
524 1239 782 1296 animam
816 1254 1007 1293 meam
1040 1236 1116 1293 sit
1145 1233 1651 1307 pertransiturus?
1686 1233 1781 1288 Dic
1809 1232 1920 1287 cito
1946 1247 2019 1287 ne

352 1328 604 1386 delirum
627 1334 703 1398 te,
724 1346 787 1384 ar
812 1327 995 1382 nimia
1024 1331 1194 1382 setate
1245 1325 1635 1396 desipientem
1666 1339 1794 1378 esse
1825 1321 2018 1394 suspi-

348 1434 468 1476 cer.
506 1417 917 1489 Nequaquam,
951 1417 1031 1470 ait
1059 1414 1295 1471 divinus
1326 1430 1525 1484 senex,
1558 1429 1625 1468 ac
1673 1409 2016 1484 prophetica

346 1506 559 1580 plenus
607 1506 815 1578 gratia.
871 1502 1030 1559 Nihil
1065 1519 1267 1559 eorum
1301 1502 1361 1558 in
1394 1518 1574 1558 causa
1605 1506 1733 1569 est;
1760 1505 1821 1555 tu
1852 1504 2014 1555 extra

350 1612 417 1652 ac
447 1611 630 1668 supra
661 1593 760 1649 illa
785 1593 986 1649 omnia
1015 1593 1206 1665 posita
1236 1607 1299 1646 es
1324 1608 1339 1660 ;
1374 1591 1500 1661 sed,
1538 1613 1560 1639 ιι
1598 1595 1661 1645 ut
1685 1587 2013 1645 revelentur

350 1699 419 1742 ex
471 1683 678 1741 multis
745 1683 1023 1739 cordibus
1088 1680 1471 1753 cogitationes
1521 1679 1587 1733 ⁸ο.
1640 1701 1662 1728 ι
1708 1678 1872 1743 Quod
1921 1676 2010 1734 ais

350 1772 648 1846 mulgmati
679 1771 874 1828 simile
903 1774 1013 1838 est,
1037 1769 1300 1826 nondum
1332 1767 1639 1841 perspicue
1671 1766 2009 1824 afﬂictionis

346 1879 586 1920 causam
636 1860 941 1934 aperuisti.
995 1860 1161 1917 Dicas
1210 1862 1438 1931 oportet
1483 1856 1697 1913 clarius
1745 1872 1759 1911 :
1811 1855 2006 1913 adhuc

339 1952 499 2009 enim
546 1951 865 2008 obscurum
897 1966 963 2006 ac
996 1950 1374 2006 tenebrosum
1408 1950 1499 2003 est
1528 1945 1685 2019 quod
1715 1944 2000 2017 loqueris.

338 2042 494 2099 Tum
523 2038 662 2097 ille:
696 2039 849 2111 Tibi,
899 2038 1109 2110 inquit,
1139 2054 1170 2092 ο
1222 2034 1436 2092 Christi
1488 2034 1800 2106 possessio,
1851 2051 2001 2107 pras-

342 2129 529 2198 dium,
549 2135 606 2185 et
636 2126 1061 2197 habitaculum,
1081 2141 1314 2182 omnem
1340 2123 1737 2197 quastionum
1761 2127 1999 2179 tuarum

344 2218 564 2275 solvam
595 2215 1023 2274 difficultatem.
1043 2219 1118 2270 At
1139 2230 1272 2271 cavo
1296 2229 1388 2281 ne,
1406 2212 1456 2269 si
1473 2217 1530 2268 te
1547 2212 1712 2268 dolor
1741 2215 1998 2283 superet,

345 2306 768 2381 pusillanimen
788 2310 864 2374 te,
889 2322 993 2362 nec
1014 2304 1163 2362 satis
1183 2302 1387 2360 virtuti
1417 2307 1716 2360 assuetam
1746 2306 1994 2374 arguat:

345 2397 504 2471 quod
530 2395 639 2453 tibi
668 2412 782 2452 non
816 2394 949 2469 plus
974 2394 1110 2451 licet
1140 2393 1452 2460 ascribere,
1484 2407 1661 2464 quam
1684 2389 1792 2447 soli
1845 2389 1996 2447 lucis

343 2491 519 2560 atque
567 2484 778 2543 caloris
807 2483 1181 2540 vacuitatem.
1211 2482 1361 2539 Eum
1393 2497 1565 2552 quem
1595 2479 1789 2536 divino
1822 2478 1995 2536 modo

339 2574 595 2649 genuisti
626 2573 829 2631 visura
856 2589 918 2629 es
946 2572 1124 2643 tradi,
1156 2570 1347 2644 ligari,
1379 2569 1646 2643 conspui,
1678 2568 1992 2637 verberari,

341 2662 592 2738 ﬂagellis
616 2662 999 2736 colaphisque
1045 2662 1209 2730 caedi,
1261 2659 1484 2717 calamo
1535 2658 1782 2732 percuti,
1805 2656 1993 2731 spinis

335 2750 624 2822 coronari,
658 2751 965 2826 chlamyde
991 2751 1179 2821 indui,
1212 2749 1639 2807 Pharisaeorum
1679 2747 1992 2828 calumniis

335 2844 561 2915 impeti,
581 2860 615 2898 a
643 2840 978 2898 Sadducaeis
1009 2841 1219 2912 probro
1250 2838 1426 2907 affici,
1446 2857 1481 2895 a
1503 2836 1687 2893 Pilato
1709 2835 1989 2909 judicari,

339 2949 372 2987 a
404 2931 693 2988 militibus
725 2929 977 2998 irrideri,
1004 2947 1036 2984 a
1067 2929 1306 2985 cohorte
1334 2945 1489 3000 genu
1522 2926 1669 2983 ﬂexo
1707 2925 1939 2982 adorari
1972 2943 1986 2982 :

336 3020 664 3077 Barabham
694 3019 892 3076 visura
920 3037 981 3074 es
1014 3017 1099 3074 illi
1132 3016 1512 3089 anteponi,ac
1536 3015 1721 3087 pluris
1750 3030 1817 3070 eo
1840 3014 1987 3085 ﬁeri,

336 3111 576 3166 demum
632 3109 789 3166 cruci
822 3106 990 3164 illum
1020 3106 1203 3178 afﬁgi,
1230 3109 1392 3162 aceto
1421 3120 1556 3161 cum
1595 3103 1727 3160 felle
1776 3104 1985 3177 potari,

326 3198 531 3256 lancea
574 3198 891 3272 perforari,
932 3195 1202 3269 sepulcro
1250 3193 1557 3262 concludi,
1609 3194 1981 3250 seductorem

1537 383 1600 443 S.
1649 376 2172 443 ATHANASIUS.
2190 417 2267 426 —-
2299 384 2609 446 SPURIA.

370 524 559 578 visum
604 519 878 579 restitui?
924 519 1073 584 Quid
1133 535 1323 575 causae
1380 517 1491 574 erit
1548 517 1703 589 quod
1761 513 1992 572 animas

2102 519 2350 589 ,γενετῆς
2398 515 2599 595 τυφλὸν
2654 516 2975 591 ὠμμάτωσα
3022 521 3135 593 (49)

3675 394 3798 452 998

3191 542 3206 592 ς
3264 519 3418 584 Τίνος
3465 522 3630 597 χάριν
3687 526 3789 591 τήν

2138 602 2274 677 ἐμὴν
2307 606 2489 681 ψυχὴν
2522 608 2556 675 ἡ
2591 606 2833 683 ῥομφαία
2865 604 3281 685 διαδραμεῖταιης
3316 611 3439 668 ’Ότι
3469 612 3531 666 τὸ
3564 607 3788 667 Σάϐϐα-

2133 713 2225 748 τον
2258 690 2459 765 ἔλυσα,
2487 697 2610 753 ’Ότι
2640 698 2731 751 τὸν
2762 696 2929 771 νόμον
2960 693 3204 775 παρέϐην
3233 719 3248 769 ;
3282 697 3420 756 Ἰδοὺ
3471 698 3543 756 δι’
3574 700 3780 758 ἐκεῖνον

2132 782 2223 838 τόν
2276 804 2332 838 τε
2360 785 2484 839 Υἱὸν
2516 785 2858 863 περιέτεμον,
2890 789 2988 859 τήν
3038 809 3096 843 τε
3146 788 3512 865 Ἰερουσαλὴμ
3559 787 3783 870 ἔφθασα,

2132 872 2221 926 καὶ
2250 878 2330 945 τῷ
2360 878 2469 948 ναῷ
2502 873 2748 950 πάρειμι,
2785 877 2874 931 καὶ
2903 876 3030 939 τοὺς
3059 880 3308 942 νεοττοὺς
3339 884 3446 935 τῶν
3478 880 3780 957 τρυγόνων,

2133 958 2328 1038 δεῖγμα
2360 970 2555 1040 μικρᾶς
2583 985 2639 1019 τε
2664 963 2752 1019 καὶ
2787 966 3111 1038 πενεστάττ,ς
3134 963 3290 1031 ὄντας
3325 966 3534 1041 θυσίας,
3568 973 3632 1043 τῇ
3666 971 3783 1043 θείᾳ

2128 1051 2365 1127 τραπέζῃ
2420 1053 2874 1129 προσαναιίθημι.
2922 1053 2985 1110 Τί
3031 1056 3208 1113 τοίνυν
3249 1055 3450 1127 ἑστῖνῆ
3490 1060 3684 1133 μικρὸν
3744 1059 3778 1129 ἤ

2132 1146 2335 1212 μεῖζον,
2370 1141 2400 1197 6'
2428 1146 2524 1197 τοῦ
2554 1138 2724 1217 νόμου
2753 1141 3053 1221 παρέλυσα,
3079 1142 3167 1201 ’ίνα
3193 1144 3437 1225 ῥομφαία
3462 1147 3562 1216 τὴν
3594 1150 3783 1224 ψυχὴν

2129 1227 2266 1302 ἐμὴν
2298 1228 2640 1302 διελεύσηται
2669 1251 2682 1301 ;
2716 1234 2927 1309 Φράσον
2958 1235 3020 1290 τὸ
3048 1236 3242 1311 τάχος,
3283 1215 3483 1309 μήπως
3513 1236 3587 1299 ὡς
3621 1215 3781 1315 ὑπερ-

2125 1313 2417 1393 ϐεϐηκότα,
2448 1321 2537 1376 καὶ
2569 1320 2768 1395 πολλῷ
2794 1327 2876 1396 τῷ
2911 1323 3015 1400 βίῳ
3036 1324 3477 1401 καταγηράσαντα
3506 1313 3778 1383 ὑποπτεύ-

2121 1427 2324 1482 τωμεν.
2359 1410 2457 1480 Οὔ,
2491 1410 2674 1489 φησὶν,
2710 1412 2737 1466 ὁ
2768 1418 2909 1476 θεῖος
2940 1412 3141 1476 ἐκεῖνος
3173 1409 3504 1489 πρεσϐύτης,
3538 1416 3627 1471 καὶ
3675 1420 3774 1488 τῆς

2122 1506 2470 1575 προφητικῆς
2544 1499 2829 1564 ἀνάπλεως
2887 1501 3133 1578 χάριτος·
3196 1500 3265 1557 δι’
3326 1502 3478 1559 ούδὶν
3538 1505 3770 1561 τούτων·

2122 1583 2222 1656 ἔξω
2396 1588 2500 1664 γὰρ
2554 1588 2763 1644 τούτων
2824 1588 3038 1645 πάντων
3096 1593 3236 1660 ἦσθα
3291 1592 3383 1647 καὶ
3433 1593 3768 1668 ὑπερέκεινα·

2118 1674 2246 1732 ἀλλ’
2300 1702 2320 1728 ιι
2374 1676 2522 1740 ὅπως
2571 1678 2629 1732 ἂν
2679 1676 3134 1758 ἀποκαλυφθῶσιν
3187 1679 3246 1737 ἔκ
3274 1680 3502 1738 πολλῶν
3531 1681 3767 1760 καρδιῶν

2118 1760 2493 1842 διαλογισμοί.
2527 1792 2555 1820 ››
2591 1766 2903 1842 Αίνίγματι,
2936 1768 3091 1847 φησὶ,
3142 1769 3321 1845 λέγεις
3352 1768 3569 1844 ὅμοιον·
3613 1769 3768 1830 οὔπω

2118 1859 2302 1933 σαφῶς
2331 1857 2428 1925 τήν
2461 1856 2631 1912 αἶτίαν
2660 1862 2758 1913 τοῦ
2787 1856 2990 1922 πάθους
3019 1857 3295 1937 ἐνίφηνας.
3348 1859 3536 1917 Εἰπεῖν
3580 1883 3639 1918 σε
3685 1860 3770 1919 δεῖ

2113 1945 2506 2022 φανερώτερον·
2567 1943 2644 2001 ἔτι
2688 1947 2788 2024 γὰρ
2837 1946 3034 2024 ἀφανὲς
3079 1969 3200 2011 πως
3256 1949 3346 2004 καὶ
3395 1949 3655 2007 ὐπόσκιον
3701 1952 3766 2007 τὸ

2113 2032 2477 2108 λαλούμενον.
2512 2036 2651 2112 Ἐγώ
2682 2057 2787 2105 σοι,
2822 2033 3007 2114 φησῗν,
3040 2037 3085 2091 ὦ
3134 2039 3367 2112 Χριστοῦ
3413 2043 3622 2112 κτῆμα,
3672 2042 3763 2098 καὶ

2108 2124 2421 2200 χρῆμα,καί
2453 2126 2850 2199 σκήνωμα,τῶν
2885 2125 3234 2199 ζητουμένων
3267 2127 3404 2183 ἅπαν
3435 2128 3679 2186 ἐπιλύσω
3698 2133 3764 2187 τὸ

2108 2214 2333 2289 ἄπορον.
2367 2212 2528 2269 Ἀλλ’
2560 2212 2659 2287 δρα
2692 2215 2767 2286 μή
2803 2234 2859 2268 σε
2885 2214 2948 2269 τὸ
2979 2214 3149 2279 πάθος
3169 2218 3388 2285 νικῆσαν
3412 2219 3759 2297 μικρόψυχόν

2102 2322 2224 2357 τινα
2254 2299 2398 2377 δείξῃ
2426 2301 2516 2357 καὶ
2548 2299 2903 2380 ἀφιλόσοφον·
2930 2301 3061 2380 ὅπερ
3093 2302 3180 2359 ἐπὶ
3212 2309 3308 2360 σοῦ
3330 2303 3509 2383 λέγειν
3537 2307 3757 2381 μᾶλλον

2106 2390 2167 2446 οὐ
2216 2392 2372 2465 θέμις
2427 2392 2461 2461 ἢ
2506 2390 2593 2447 ἐπὶ
2648 2390 2813 2462 ἡλίου
2858 2392 2922 2449 τὸ
2970 2393 3202 2469 ἀφεγγὲς
3249 2395 3340 2450 καὶ
3393 2395 3754 2473 ἀθέρμαντον·

2102 2478 2501 2556 Προδιδόμενον
2536 2476 2654 2555 ὄψει
2684 2485 2899 2553 τοῦτον,
2931 2480 2990 2537 δν
3022 2484 3335 2558 θεοπρεπῶς
3359 2484 3755 2561 ἀπεγέννησας,

2100 2570 2189 2626 καὶ
2222 2567 2610 2644 δεσμούμενον,
2642 2569 2971 2643 ἐπτυσμένον
3003 2572 3091 2627 καὶ
3142 2571 3528 2648 ῥαπιζόμενον,
3578 2597 3751 2654 φραγ-

2097 2658 2430 2737 γελούμενον
2473 2660 2563 2715 καὶ
2607 2657 3062 2738 κολαφιζόμενον,
3107 2659 3343 2735 καλάμῳ
3390 2664 3752 2738 τυπτόμενον,

2099 2747 2349 2812 ἀκάνθαις
2428 2748 2893 2827 στεφανούμενον,
2969 2747 3201 2826 χλαῖνον
3278 2747 3753 2827 ἐνδιδυσκόμενον,

3121 521 3135 549 κ
3179 521 3183 524 ,

2102 2839 2205 2894 ὑπὸ
2262 2838 2572 2916 Φαρισαίων
2625 2838 3147 2917 συκοφαντούμενον,
3210 2840 3310 2895 ὑπὸ
3365 2838 3748 2899 Σαδδουκαίων

2099 2924 2519 3001 δνειδιζόμενον,
2572 2927 2673 2983 ὑπὸ
2721 2926 2961 2984 Πιλάτου
3018 2927 3364 3003 κρινόμενον,
3427 2930 3530 2986 ὑπὸ
3588 2953 3748 3008 στρα-

2094 3021 2305 3073 τιωτῶν
2338 3015 2767 3093 χλευαζόμενον,
2798 3019 2866 3090 τῇ
2898 3015 3089 3091 σπείρᾳ
3120 3017 3615 3092 γονυπετούμενον·
3653 3023 3747 3078 τὸν

2096 3100 2377 3182 Βαραϐϐᾶν
2428 3101 2549 3180 ὄψει
2580 3105 3004 3181 προτιμώμενον
3036 3126 3097 3162 το
3112 3105 3231 3161 ὅτου
3260 3106 3351 3162 καὶ
3382 3110 3748 3185 προκρινόμε-

2092 3215 2202 3252 νον·
2233 3196 2395 3259 τέλος
2427 3201 2641 3271 σταυρῷ
2669 3195 3187 3272 προσπηγνύμενον,
3221 3192 3345 3269 ὅξος
3379 3199 3514 3272 μετά
3564 3198 3748 3277 χολῆς

325 3286 538 3356 vocari,
571 3286 890 3359 signaculis
921 3284 1232 3357 obstringi,
1266 3302 1300 3340 a
1329 3283 1617 3339 militibus
1668 3283 1974 3340 custodiri.

2102 3285 2470 3359 ποτιζόμενον,
2504 3263 2683 3361 λόγχῃ
2710 3263 3029 3359 νυττόμενον
3062 3263 3198 3361 (51),
3245 3263 3402 3364 τάφῶ
3432 3263 3745 3365 περικλειόέ

324 3385 429 3444 Ac,
463 3384 527 3432 ut
556 3376 903 3450 compendio
936 3375 1151 3441 dicam,
1201 3390 1375 3430 omne
1422 3375 1482 3429 in
1532 3388 1598 3428 eo
1647 3371 1864 3428 doloris
1914 3388 1981 3428 ac

323 3465 626 3523 dedecoris
654 3483 863 3539 genus,
883 3462 1252 3522 atrocissime
1271 3462 1522 3533 illatum,
1542 3461 1738 3517 visura
1757 3460 1980 3517 es.Pro—

326 3561 525 3628 pterea
570 3557 830 3612 animam
879 3560 1043 3611 tuam
1091 3553 1471 3626 pertransibit
1497 3550 1731 3625 gladius
1763 3567 1778 3607 :
1810 3567 1879 3608 ea
1907 3551 1979 3607 de

324 3661 506 3702 causa
534 3642 766 3718 lugebis
795 3660 863 3702 ac
891 3642 1321 3717 congemisces;
1351 3646 1408 3698 et
1435 3645 1634 3712 utpote
1658 3640 1858 3709 Mater,
1876 3657 1978 3713 pro

324 3734 469 3791 Filio
500 3733 936 3806 lacrymaberis,
970 3748 1146 3805 quem
1195 3729 1395 3787 sclesti
1446 3729 1619 3786 morti
1669 3731 1905 3786 tradent
1959 3746 1973 3787 :

320 3827 574 3895 tumque
622 3820 876 3879 maxime
924 3823 1081 3879 864
1129 3836 1265 3877 cum
1314 3825 1570 3877 secretas
1619 3818 1749 3876 illas
1779 3825 1974 3876 tecum

320 3913 520 3969 volves
585 3912 988 3983 cogitationes,
1047 3910 1293 3980 scilicet,
1360 3911 1621 3965 faustum
1688 3909 1976 3967 Gabrielis

318 4002 617 4073 nuntium,
667 3999 1112 4073 conceptionem
1168 4000 1392 4071 absque
1438 3998 1684 4069 semine,
1737 4005 1972 4071 partum

317 4092 446 4148 sine
476 4090 872 4163 corruptione,
904 4088 1238 4146 inviolatam
1272 4088 1690 4161 virginitatem,
1722 4090 1971 4145 inteme-

314 4185 504 4238 ratam
527 4181 882 4246 castitatem,
915 4180 975 4235 in
1008 4185 1176 4253 partu
1209 4179 1563 4235 vacuitatem
1594 4176 1836 4245 doloris,
1862 4177 1969 4251 qui

316 4268 645 4326 naturalem
678 4271 883 4325 matris
913 4268 1102 4342 legem
1152 4268 1555 4340 consequitur,
1602 4269 1742 4341 quia
1791 4268 1967 4323 nimi-

315 4375 450 4415 rum
502 4365 621 4416 tam
667 4365 801 4415 ante
831 4374 1013 4432 quam
1046 4361 1179 4431 post
1207 4363 1443 4430 partum
1474 4358 1635 4430 virgo
1666 4358 1971 4414 verissime

310 4448 505 4522 fuisti,
532 4467 597 4506 ac
623 4448 705 4506 ita
734 4445 1130 4521 permansisti.

2092 3397 2273 3449 μενον,
2307 3375 2507 3431 πλάνον
2537 3375 2965 3448 ἀνομαζόμενον,
2997 3380 3251 3452 σφραγῖσι
3297 3374 3741 3453 καταὸεσμούμε-

2086 3485 2201 3534 νον,
2234 3462 2640 3540 φρουρούμενον
2670 3462 2889 3541 φύλαξι.
2918 3463 3012 3518 Καὶ
3036 3463 3387 3539 ἁπαξαπλῶς,
3421 3472 3524 3522 πᾶν
3554 3466 3742 3545 ἀλγει-

2084 3553 2176 3608 νὸν
2208 3554 2297 3608 καὶ
2328 3552 2545 3626 ἀτιμίας
2588 3551 2914 3630 ἐμφαντικὸν
2965 3551 3046 3607 ἐπ’
3106 3552 3251 3627 αὐτῷ
3297 3556 3520 3631 κατόψει
3569 3578 3738 3631 πρατο

2083 3642 2311 3715 τόμενον
2367 3642 2485 3715 μεθ’
2535 3636 2866 3717 ὑπερϐολῆς·
2915 3638 3005 3696 διά
3057 3646 3245 3716 ταῦτα,
3281 3649 3377 3699 σοῦ
3423 3646 3522 3715 τὴν
3551 3649 3737 3722 ψυχήν

2087 3727 2415 3786 διελεύσεται
2465 3730 2723 3808 ῥομφαία·
2795 3727 2884 3784 διὰ
2924 3734 3090 3786 ταῦτα
3133 3729 3387 3796 κλαύσεις
3434 3735 3521 3789 καί
3568 3735 3727 3808 κόψῃ,

2083 3820 2172 3875 καὶ
2204 3820 2295 3876 οἷα
2353 3821 2538 3896 μήτηρ
2586 3821 2873 3895 θρηνήσεις
2919 3817 3006 3874 ἐπὶ
3056 3820 3186 3893 rte,
3234 3822 3324 3877 τὸν
3356 3827 3461 3879 τῶν
3504 3822 3731 3901 κακούρ-

2083 3931 2197 3985 γων
2263 3910 2587 3983 ὑπομένοντι
2632 3910 2876 3974 θάνατον·
2930 3908 3171 3983 μάλιστα
3215 3911 3344 3975 τοὺς
3390 3910 3735 3990 ἀπορῤήτους

2083 4000 2320 4064 ἐκείνους
2354 4003 2473 4056 καθ’
2505 4000 2700 4071 ἑαυτὴν
2732 3998 3081 4056 ἀνελίττουσα
3136 4000 3454 4077 λογισμούς·
3505 4005 3645 4074 οἷον,
3674 4005 3738 4059 τὸ

2080 4094 2177 4144 τοῦ
2226 4086 2469 4166 Γαϐριὴλ
2504 4088 2836 4167 εὐαγγέλιον,
2868 4090 2967 4159 τὴν
3002 4090 3239 4165 ἄσπορον
3273 4089 3548 4166 σύλληψιν
3600 4096 3735 4169 (52),

2076 4181 2170 4235 τὸν
2226 4179 2385 4235 τόκον
2435 4179 2525 4235 τὸν
2588 4178 2849 4257 ἄφθορον,
2901 4178 2999 4247 τὴν
3046 4177 3246 4236 ἄσυλον
3309 4181 3617 4257 παρθενίαν,
3674 4183 3737 4238 τὸ

2081 4267 2388 4342 ἀμόλυντον
2419 4271 2518 4338 τῆς
2549 4267 2785 4344 ἁγνείας,
2816 4267 2878 4323 τὸ
2931 4266 3100 4341 μηδὲν
3132 4271 3320 4325 παθεῖν
3372 4269 3425 4326 ἐν
3456 4275 3536 4343 τῷ
3582 4270 3734 4346 τόκῳ

2079 4362 2306 4432 φυσικοῦ
2335 4358 2510 4430 νόμου
2541 4357 2630 4412 καὶ
2665 4359 2935 4431 μητρικῆς
2965 4356 3317 4427 ἀκολουθίας,
3372 4356 3461 4414 διὰ
3515 4365 3615 4415 τοῦ
3643 4362 3733 4417 καὶ

2076 4447 2182 4523 πρὸ
2210 4446 2375 4501 τόκου
2404 4446 2493 4500 καὶ
2530 4445 2663 4519 μετά
2690 4445 2847 4500 τόκον
2880 4457 3143 4522 παρθενον
3178 4446 3436 4512 ὡσαύτως
3466 4451 3559 4504 καὶ
3592 4449 3728 4506 εἶναι

2076 4535 2165 4590 καὶ
2201 4540 2378 4608 μεῖναι
2403 4532 2871 4605 παναληθὲστατα.

382 4628 471 4683 18.
506 4650 533 4678 ‹‹
568 4626 643 4684 Ut
674 4627 1001 4711 revelantur
1051 4643 1121 4683 ex
1172 4625 1375 4682 multis
1418 4625 1696 4682 cordibus
1745 4622 1966 4697 cogita-

2150 4628 2237 4681 18.
2273 4649 2301 4676 ι(
2350 4624 2538 4685 ’Ὀπως
2589 4622 2649 4677 ἃν
2698 4622 3155 4702 ἀποκαλυφθῶσιν
3208 4623 3267 4680 ἐκ
3307 4624 3530 4683 πολλῶν
3598 4649 3729 4706 καρ-

308 4716 519 4772 tiones.
539 4737 566 4767 ι)
588 4717 954 4773 Revelabitur
979 4716 1194 4787 quippe
1221 4715 1450 4771 fervens
1470 4720 1644 4786 atque
1677 4714 1966 4770 ardentis-

310 4804 503 4862 simus
533 4806 685 4861 Petri
716 4805 896 4877 zelus,
928 4804 1164 4877 tepidus
1188 4822 1254 4860 ac
1285 4803 1534 4875 frigidus
1562 4819 1663 4874 per
1706 4801 1966 4875 negatio-

314 4910 450 4951 nem
484 4895 672 4951 l‘actus
705 4911 719 4950 :
753 4894 999 4951 Joannis
1031 4900 1250 4962 autem,
1279 4893 1484 4949 Jacobi
1514 4900 1572 4949 et
1601 4897 1964 4964 caeterorum,

311 4999 416 5055 per
443 4984 642 5056 fugam
674 5002 792 5057 qua
832 5002 899 5041 eo
946 4983 1224 5040 derelicto
1273 4998 1480 5039 omnes
1529 4982 1963 5053 abscesserunt,

311 5073 483 5145 quasi
514 5072 781 5130 omnium
816 5072 1207 5128 maximorum
1236 5071 1615 5126 immemores
1648 5071 1963 5130 miraculo-

307 5179 462 5219 rum.
496 5163 640 5220 Item
672 5164 1050 5227 revelabitur,
1080 5162 1234 5231 quod
1282 5160 1506 5216 Pilatus
1549 5163 1621 5216 ad
1677 5163 1963 5233 poeniten-

2077 4710 2205 4768 δῶν
2258 4710 2630 4789 διαλογισμοί.
2703 4738 2730 4764 ››
2779 4712 3324 4792 ’Δποκαλυφθιξσεται
3371 4716 3474 4791 γὰρ
3521 4717 3731 4794 ΙΙὲτρου

2080 4802 2175 4877 μὶν
2204 4802 2231 4858 ὁ
2264 4801 2432 4877 πυρὸς
2464 4803 2599 4864 τὲως
2651 4804 2764 4875 (53)
2796 4801 3122 4878 θερμότερος
3159 4800 3349 4873 ζῆλος,
3380 4803 3618 4882 χλιαρός
3645 4829 3730 4870 τις

2073 4891 2163 4948 καὶ
2194 4892 2307 4948 οἷον
2362 4891 2679 4968 ὑπόψυχρος
2730 4889 2819 4946 διὰ
2873 4898 2975 4961 τῆς
3023 4890 3322 4967 ἀρνήσεως·
3385 4893 3639 4951 Ἰωάννου
3672 4893 3730 4952 δὶ

2073 4982 2162 5037 καὶ
2223 4977 2484 5039 Ἰακώϐου
2534 4981 2625 5036 καὶ
2682 4985 2791 5036 τῶν
2853 4979 3061 5036 λοιπῶν
3122 4978 3211 5035 διὰ
3251 4984 3351 5047 τῆς
3401 4988 3602 5061 φυγῆς,
3635 4986 3725 5057 ἣν,

2072 5069 2297 5148 ἆφὲοτες
2343 5070 2526 5142 αὐτὸν,
2573 5072 2801 5132 ἅπαντες
2846 5066 3067 5146 ἔφυγον,
3117 5070 3335 5126 πάντων
3384 5070 3565 5148 ὣσπερ
3616 5078 3723 5130 τῶν

2076 5162 2340 5238 μεγίστων
2389 5158 2674 5233 θαυμάτων
2728 5158 3133 5232 ἐπιλαθόμενοι.
3187 5160 3285 5215 Καὶ
3335 5160 3400 5216 αὗ
3443 5161 3610 5218 πάλιν
3665 5163 3727 5220 ἐκ

304 5253 449 5308 tiam
503 5253 848 5320 deducatur,
898 5268 1001 5324 per
1043 5266 1329 5307 manuum
1360 5248 1722 5307 ablutionem
1757 5269 1774 5308 :
1804 5253 1960 5324 quod

2105 5254 2167 5306 οῦ
2215 5247 2459 5306 ἐναντίου
2499 5245 3012 5326 ἀποκαλυφθήσεται
3065 5246 3304 5312 Πιλᾶτος
3346 5251 3440 5324 μὲν
3496 5251 3572 5314 εἰς
3630 5252 3724 5309 τὸν

376 5433 422 5468 ⁸ο
456 5433 585 5490 Luc.
616 5448 677 5498 ιι,
709 5432 802 5490 35.

378 5585 490 5653 (49)
520 5585 654 5657 Reg.
686 5585 743 5650 2,
774 5580 1095 5657 ὠμμάτωσα
1124 5580 1187 5657 ἐν,
1215 5574 1505 5657 Σαϐϐάτῳ.

377 5652 490 5728 (50)
525 5652 776 5783 lta'Reg.
805 5652 966 5712 2.'At
994 5656 1133 5727 Reg.
1165 5655 1219 5726 4,
1251 5652 1475 5710 νούτων·
1510 5652 1640 5711 ἀλλ’
1669 5653 1843 5720 ὅπως.

377 5726 489 5783 (51)
529 5731 659 5783 Haec
690 5724 723 5783 λ
759 5745 868 5783 wn
897 5725 1248 5783 νυττόμενον.
1279 5728 1493 5783 desunt
1523 5729 1583 5783 in
1614 5733 1754 5783 Βθα.
1787 5731 1842 5783 ΑΙ.

376 5724 489 5807 (51)
529 5731 659 5786 Herc
690 5724 868 5806 λόγχῃ
897 5724 1248 5803 νυττόμενον,
1279 5728 1493 5786 desunt
1523 5729 1583 5786 in
1614 5733 1754 5805 Reg.
1787 5731 1842 5789 1.

2132 5584 2249 5730 ξ52ζ
2282 5583 2423 5656 Reg.
2456 5586 2511 5655 2,
2541 5579 2633 5638 τὸν
2666 5579 2975 5660 ἀπόρρητον
3009 5579 3307 5656 σύλληψιν.

2132 5657 2226 5730 ⁵53
2278 5660 2366 5713 Ita
2396 5656 2536 5730 Reg.
2569 5659 2623 5711 2.
2656 5655 2797 5730 Reg.
2831 5671 2966 5715 vero
2999 5656 3049 5728 1,
3080 5656 3108 5709 ὁ
3157 5651 3307 5710 διάπι

2154 5651 2246 5729 53)
2278 5651 2536 5737 Ita—Reg.
2569 5659 2623 5711 2.
2656 5651 2966 5731 Reg'.'vero
2999 5656 3049 5728 1,
3080 5656 3108 5709 ὁ
3157 5651 3422 5733 διάπυρος
3478 5662 3572 5714 καῖ
3600 5670 3720 5737 θερ-

2066 5726 2301 5803 μότατος
2337 5731 2380 5801 ζ.
2456 5794 2461 5799 _
