4120 6356
364 429 482 489 999

1530 408 1593 470 S.
1644 402 2261 469 ATHANASIUS.—
2290 401 2577 468 SPURIA
2597 449 2611 463 .

3631 398 3789 461 1000

367 573 555 617 causa
586 559 677 613 est
696 552 853 628 quod
883 550 1027 609 adeo
1059 549 1397 605 accuratam
1427 540 1790 614 evangelista
1810 535 2013 594 fecerit

2125 532 2380 628 τοιαύτην
2438 528 2637 609 ἀκριϐῆ
2696 534 2821 610 περὶ
2867 539 2967 604 τῆς
3022 530 3365 613 προφήτιδος
3415 530 3621 600 ταύτης
3679 531 3774 585 τὸν

365 647 545 721 hujus
569 641 953 719 prophetissa
1000 636 1437 703 narrationem;
1484 635 1551 687 ut
1596 634 1654 686 et
1700 631 1927 702 patrem
1958 630 2014 681 et

365 717 649 794 familiam
680 717 811 806 ejus
850 725 1282 791 memoraverit,
1315 723 1470 796 quod
1500 720 1594 776 vix
1625 719 1695 776 de
1724 717 1836 774 alio
1867 730 2013 789 quo-

362 843 542 900 quam
575 822 936 899 reperiatur?
956 819 1104 875 Sane
1125 820 1344 871 certam
1368 812 1615 882 hujusce
1645 808 1727 864 rei
1748 820 2011 874 causam,

363 916 526 973 solus
556 895 780 971 noverit
828 913 1171 966 sanctorum
1219 903 1395 969 Deus,
1427 900 1586 971 iique
1635 896 1734 969 qui
1766 912 1837 951 ex
1884 895 2015 964 ejus

361 1006 621 1079 Spiritus
678 1000 963 1057 instinctu
1021 996 1366 1067 loquuntur,
1448 986 1725 1060 mysteria
1801 980 2012 1051 edocti,

355 1070 528 1166 juxta
558 1092 823 1149 divinum
869 1083 1239 1159 Apostolum.
1290 1084 1423 1136 Haec
1474 1092 1643 1149 porro
1674 1070 2016 1146 prophetica

364 1162 518 1241 365
565 1181 797 1254 fulgens
828 1175 1034 1251 gratia,
1066 1174 1139 1229 iis
1170 1170 1270 1245 qui
1301 1168 1361 1225 in
1388 1165 1715 1254 Jerusalem
1748 1162 2013 1233 redemp-

362 1274 581 1331 tionem
616 1253 1052 1341 exspectabant,
1085 1279 1120 1318 a
1143 1263 1252 1318 Deo
1282 1260 1480 1314 datam
1499 1253 1783 1321 afferebat
1811 1265 2016 1306 conso-

362 1362 665 1428 lationem,
690 1375 818 1416 cum
848 1355 1086 1419 diceret,
1119 1348 1373 1407 universi
1396 1344 1700 1402 advenisse
1731 1341 2016 1411 Redemp-

366 1460 572 1523 torem,
605 1448 989 1518 omniumque
1038 1440 1391 1499 Salvatorem
1439 1434 1671 1491 venisse
1722 1436 1781 1487 et
1831 1445 2014 1502 appa-

366 1522 580 1613 ruisse,
597 1554 768 1596 suam
791 1536 1237 1606 redempturum
1264 1525 1605 1598 imaginem,
1627 1522 2013 1577 liberaturum

366 1630 525 1703 quod
556 1607 897 1685 condiderat
924 1620 1247 1695 opiﬁcium.
1291 1615 1512 1672 Idcirco
1561 1610 1719 1668 enim
1745 1607 2015 1664 Christus

365 1699 538 1775 jesus
567 1721 826 1784 vocatur,
879 1710 1175 1785 siquidem
1223 1707 1399 1765 Jesus
1436 1701 1701 1760 Salvator
1728 1699 2015 1769 interpre-

364 1812 546 1865 tatur.

434 1898 526 1955 20.
561 1897 662 1954 His
691 1893 970 1952 omnibus
991 1891 1073 1947 ita
1100 1887 1306 1962 gestis,
1337 1885 1420 1940 ita
1447 1878 1790 1948 enuntiatis,
1813 1876 2014 1933 obstu-

367 1988 644 2061 pescebat
658 1984 758 2042 Dei
779 1987 966 2040 mater
984 1978 1188 2045 Maria,
1211 1980 1269 2034 et
1286 1974 1611 2030 mirabatur
1625 1969 1727 2043 qui
1745 1983 1866 2023 una
1885 1966 2018 2023 ade-

366 2057 459 2135 rat
486 2074 727 2149 Joseph.
780 2070 1045 2145 Impletis
1075 2075 1272 2125 tamen
1321 2065 1396 2120 iis
1421 2079 1542 2135 qua:
1574 2060 1699 2132 lege
1730 2057 2016 2149 praecepta

365 2169 564 2234 erant;
597 2142 893 2236 siquidem
926 2157 1163 2215 advenit
1192 2154 1460 2212 Christus
1490 2150 1690 2207 omnia
1719 2163 1846 2219 qua:
1868 2142 2016 2217 legis

364 2260 510 2314 sunt
526 2252 899 2324 impleturus,
925 2264 991 2305 ac
1014 2248 1190 2303 ﬁnem
1220 2243 1368 2316 legis
1393 2238 1696 2314 praeceptis
1727 2238 1975 2292 daturus
1998 2249 2013 2301 ;

361 2345 426 2402 in
456 2344 706 2403 Nazaret
733 2339 1074 2411 remigrant,
1103 2334 1200 2391 ubi
1231 2351 1266 2389 a
1295 2328 1563 2388 Gabriele
1581 2330 1846 2384 faustum
1870 2340 2019 2380 nun-

364 2435 517 2491 tium
556 2435 863 2504 acceperat
890 2444 960 2485 ea
989 2443 1118 2499 qua:
1148 2421 1506 2480 Salvatorem
1540 2417 1760 2474 mundo
1790 2412 2015 2488 genuit,

368 2538 615 2597 quaque
644 2521 772 2578 sine
800 2516 1026 2575 semine
1047 2512 1425 2585 concipiendo
1457 2523 1767 2582 praegnans
1798 2504 1930 2570 fuit,
1961 2506 2019 2558 et

368 2591 536 2686 virgo
563 2614 696 2684 post
723 2613 959 2681 partum
993 2603 1234 2668 mansit,
1255 2599 1709 2669 videntibusque
1741 2591 2017 2650 omnibus

369 2683 630 2759 ostendit
658 2703 856 2754 notum
894 2696 1115 2751 factum
1144 2708 1275 2748 esse
1324 2689 1583 2746 salutare
1611 2683 1734 2752 Dei,
1786 2684 2016 2738 lumen-

370 2807 486 2864 que
515 2787 790 2864 gentibus
819 2783 1124 2850 illuxisse;
1175 2780 1277 2836 Dei
1310 2779 1450 2834 item
1494 2773 1792 2849 justitiam
1826 2786 1892 2826 ac
1922 2784 2019 2825 re-

369 2859 767 2951 demptionem
797 2875 858 2930 in
880 2872 1156 2931 omnibus
1185 2873 1352 2926 terrm
1385 2865 1602 2921 ﬁnibus
1633 2859 2017 2934 apparuisse;

371 2985 439 3026 ac
468 2948 759 3041 quotquot
787 2966 1134 3035 receperunt
1163 2975 1321 3026 eum,
1361 2954 1548 3028 gloria
1579 2951 1776 3008 divina
1804 2948 2022 3022 pariter

372 3074 437 3114 ac
486 3039 847 3128 sempiterna
891 3050 1182 3117 induisse,
1230 3044 1509 3103 ﬂuxionis
1556 3039 1735 3097 simul
1785 3054 1849 3093 ac
1892 3052 2020 3092 cor-

372 3145 664 3220 ruptionis
694 3140 915 3201 nescia.

2124 621 2514 699 εύαγγελιστὴν
2572 625 2904 694 ποιήσασθαι
2958 624 3059 693 τὴν
3119 622 3431 701 ἀφήγησιν·
3495 618 3635 674 ὥστε
3689 618 3780 675 καὶ

2121 716 2219 767 τοῦ
2245 712 2447 785 ταύτης
2481 713 2684 791 πατρὸς
2714 712 2805 769 καὶ
2835 719 2936 782 τῆς
2965 710 3144 792 φυλῆς
3186 711 3612 784 ἐπιμνησθῆναι,
3645 708 3779 786 ὅπερ

2124 800 2207 858 ἐπ’
2237 801 2415 859 οὐδενὶ
2448 803 2616 882 ἑτέρῳ
2647 801 2845 880 σχεδὸν
2878 803 3098 879 εὕρηται
3124 820 3138 872 ;
3171 802 3270 857 Τὸν
3305 800 3402 876 μὶν
3422 798 3547 875 περὶ
3576 798 3775 854 τούτου

2122 888 2324 969 ἀκριϐῆ
2352 891 2520 969 λόγον
2558 893 2723 967 μόνος
2756 892 2814 948 ἂν
2847 889 3014 962 εἰδείη
3050 890 3206 954 αὐτὸς
3232 893 3386 947 ὁτῶν
3420 888 3586 966 ἁγίων
3618 888 3773 957 Θεὸς,

2119 982 2211 1037 καὶ
2244 984 2297 1037 οἱ
2325 987 2392 1057 τῇ
2424 982 2588 1038 αὐτοῦ
2615 982 2849 1057 ἐμπνοία
2893 982 3205 1055 [Ινεύματος
3396 977 3609 1051 λαλεῖν,
3642 978 3778 1033 κατὰ

2118 1072 2210 1126 τὸν
2244 1078 2386 1136 θεῖον
2418 1070 2782 1146 Ἀπόστολον,
2815 1068 3185 1149 δεδιδαγμένοι
3220 1072 3513 1147 μυστήρια·
3548 1068 3682 1139 αύτή
3718 1066 3777 1123 δὲ

2122 1165 2437 1240 προφητικῇ
2467 1159 2853 1236 διαλάμπουσα
2881 1159 3091 1238 χάριτι,
3135 1165 3254 1223 τοῖς
3302 1156 3769 1236 προσδεχομένοις

2124 1249 2175 1304 ἑν
2198 1250 2564 1327 Ἰερουσαλὴμ
2583 1249 2854 1325 λύτρωσιν
2877 1252 3014 1326 (56),
3037 1246 3324 1316 θεόσδοτον
3343 1247 3584 1325 ἐνεγέννα
3605 1246 3776 1322 παράο

2121 1338 2341 1412 κὶ-ησιν·
2375 1340 2456 1396 ὅτι
2489 1343 2518 1397 6
2546 1345 2645 1396 τοῦ
2671 1341 2866 1403 παντὸς
2899 1340 3217 1417 Λυτρωτής,
3250 1336 3506 1416 λέγουσα,
3541 1334 3778 1413 παραγέ-

2120 1451 2264 1508 γονε,
2295 1430 2384 1486 καὶ
2414 1436 2522 1486 τῶν
2550 1430 2762 1486 πάντων
2796 1432 2824 1486 6
2858 1431 3053 1504 Σωτήρ
3084 1427 3222 1499 ἦλθε
3250 1427 3339 1483 καὶ
3377 1426 3776 1504 πεφανέρωται,

2121 1521 2220 1589 τήν
2254 1517 2393 1575 ίδίαν
2427 1521 2605 1575 εἰκόνα
2635 1519 2962 1594 λυτροῦσθαι
2999 1517 3359 1595 βουλόμενος,
3387 1515 3475 1571 καὶ
3494 1516 3684 1585 σώζειν
3713 1514 3778 1568 τὸ

2123 1609 2351 1682 πλάσμα
2387 1608 2579 1678 θέλων,
2627 1610 2656 1664 ’ὁ
2707 1606 2927 1679 ἔπλασε.
2965 1609 3062 1663 Διά
3106 1611 3271 1662 τοῦτο
3316 1606 3420 1682 γάρ
3472 1606 3500 1660 6
3553 1602 3782 1678 Χριστὸς

2124 1700 2335 1769 Ἰησοῦς
2387 1698 2733 1771 ὀνομάζεται,
2784 1694 2973 1767 ἐπειδὴ
3024 1696 3114 1751 καὶ
3158 1696 3352 1769 Σωτὴρ
3385 1695 3413 1749 ὁ
3445 1695 3657 1765 Ἰησοῦς
3690 1690 3781 1770 ἐρ-

2130 1788 2434 1862 μηνεύεται.

2193 1880 2283 1935 20.
2324 1877 2541 1933 Τούτων
2589 1873 2647 1930 δὲ
2692 1877 2907 1930 πάντων
2955 1873 3256 1949 γινόμένων
3302 1877 3421 1935 τοῖς
3470 1871 3774 1946 πράγμασι,

2124 1965 2215 2023 καὶ
2265 1965 2580 2042 λεγομένων
2625 1970 2743 2027 τοῖς
2778 1964 3018 2041 ῥήμασν,
3049 1963 3084 2033 ἧ
3117 1985 3176 2018 τε
3219 1963 3519 2036 Θεομήτωρ
3552 1959 3780 2036 Μαριὰμ

2127 2056 2420 2128 ἐξενίζετο,
2481 2056 2570 2110 καὶ
2628 2055 2657 2109 6
2718 2053 3017 2128 συμπαρὼν
3078 2053 3312 2130 Ἰωστὴφ
3370 2049 3776 2123 ἀπεθαύμαζεν.

2123 2148 2317 2220 ’Όμως
2364 2146 2432 2200 τὰ
2470 2142 2770 2219 δεδογμένα
2811 2143 3124 2204 τελέσαντες
3166 2146 3246 2214 τῷ
3293 2139 3452 2214 νόμῳ
3487 2183 3502 2209 ,
3555 2138 3775 2215 ἐπείπερ

2127 2237 2334 2291 ἅπαντα
2356 2239 2453 2290 τοῦ
2483 2234 2657 2307 νόμου
2688 2231 2937 2308 πληροῦν
2972 2233 2999 2287 6
3031 2231 3257 2307 Χριστὸς
3281 2229 3616 2307 παραγέγονε
3636 2230 3777 2302 (57),

2124 2326 2215 2381 καὶ
2245 2325 2539 2381 ἀνάπαυσιν
2586 2320 2793 2378 διδόναι
2837 2327 2955 2384 τοῖς
3002 2325 3101 2377 τοῦ
3139 2321 3312 2392 νόμου
3342 2318 3776 2395 προστάγμασιν,

2127 2416 2204 2477 είς
2234 2416 2474 2488 Ναζαρὲτ
2526 2412 2937 2487 ἐπανέρχονται·
2971 2408 3094 2474 ἔνθα
3148 2409 3238 2464 καὶ
3286 2408 3424 2483 πρὸς
3472 2411 3570 2462 τοῦ
3618 2405 3779 2481 ἀγγέ-

2127 2504 2230 2561 λου
2258 2497 2504 2578 Γαϐριὴλ
2554 2499 2945 2577 εὐηγγελίσατο
2973 2502 3009 2570 ἡ
3039 2499 3130 2554 τὸν
3184 2505 3419 2572 Σωτῆρα
3463 2501 3543 2569 τῷ
3581 2495 3780 2568 κόσμῳ

2125 2594 2426 2669 γεννήσασα
2457 2639 2473 2663 ,
2532 2590 2584 2661 ἐξ
2641 2590 2883 2665 ἀσπόρου
2945 2588 3039 2662 μὶν
3101 2586 3430 2661 συλλήψεως
3486 2587 3732 2655 κυήσασα
3767 2627 3781 2655 ,

2125 2681 2392 2757 παρθένος
2450 2677 2509 2735 δὲ
2570 2680 2705 2753 μετὰ
2759 2679 3010 2753 γέννησιν
3073 2676 3315 2750 μείνασα,
3360 2673 3450 2730 καὶ
3502 2677 3632 2729 πάσι
3665 2670 3783 2728 δειο

2124 2771 2362 2827 κνύουσα
2405 2774 2525 2832 τοῖς
2573 2769 2892 2844 βλέπουσιν,
2924 2767 2997 2828 ὡς
3045 2764 3344 2843 ἐγνωρίσθη
3391 2768 3525 2819 Θεοῦ
3570 2764 3634 2817 τὸ
3665 2768 3783 2817 Σω-

2126 2863 2340 2936 τήριον,
2372 2859 2462 2914 καὶ
2492 2858 2555 2913 τὸ
2587 2862 2700 2936 (θῶς
2730 2862 2849 2919 τοῖς
2876 2854 3075 2911 ἔθνεσιν
3122 2851 3353 2929 ἔλαμψε·
3387 2853 3477 2908 καὶ
3527 2853 3603 2915 ὡς
3647 2854 3784 2907 Θεοῦ

2131 2947 2448 3018 δικαιοσύνη
2507 2947 2596 3002 καὶ
2661 2946 2930 3023 λύτρωσις
2988 2950 3120 3000 πᾶσι
3167 2947 3267 3015 τῆς
3313 2949 3417 3019 γῆς
3469 2941 3631 3021 ἐφάνη
3664 2945 3784 3003 τοῖς

2129 3040 2342 3114 πέρασι·
2393 3037 2481 3092 καὶ
2530 3033 2684 3107 δόξαν
2734 3034 2862 3097 τοὺς
2912 3031 3268 3108 δεδεγμένους
3322 3029 3535 3088 ἐνέδυσε
3591 3030 3780 3099 θεῖκὴν

2133 3129 2275 3202 ὁμοῦ
2303 3128 2395 3182 καί
2425 3123 2623 3197 ἀΐδιον,
2654 3124 2744 3179 καὶ
2774 3124 2950 3201 ῥεῦσιν
2983 3123 3072 3179 καὶ
3128 3121 3329 3202 φθορὰν
3381 3120 3445 3177 ού
3480 3122 3783 3197 γινώσκου-

2135 3237 2227 3271 σαν
2234 3260 2247 3273 ο

436 3327 528 3383 21.
560 3325 679 3382 Nos
709 3326 931 3387 autem,
965 3335 997 3375 ο
1023 3311 1535 3379 desideratissimi,
1576 3307 1815 3381 perinde
1845 3309 2015 3378 atque

2201 3309 2292 3363 21‘.
2322 3306 2513 3377 Ἡμεῖς
2573 3300 2652 3374 δὲ,
2700 3303 2746 3358 ὧ
2801 3301 3207 3371 ποθεινότατοι,
3265 3298 3502 3376 καθάπερ
3560 3297 3782 3371 ἰκεῖνοι,

364 3416 475 3484 illi,
508 3414 739 3472 Christo
783 3411 900 3467 Deo
943 3421 1348 3471 occurramus,
1398 3397 1846 3472 temperantiam
1878 3394 2017 3450 affe-

363 3510 582 3575 rentes,
623 3492 955 3559 castitatem
979 3498 1303 3570 gestantes,
1332 3488 1735 3547 innocentiam
1765 3484 2020 3542 offeren-

364 3602 475 3665 tes,
509 3574 863 3666 injuriarum
911 3584 1263 3643 oblivionem
1310 3580 1676 3643 exhibentes,
1722 3592 1757 3631 a
1800 3574 2016 3630 distra-

366 3682 647 3740 hentibus
694 3678 852 3736 curis
911 3693 1019 3732 nos
1075 3675 1479 3746 segregantes,
1540 3684 1608 3723 ac
1666 3666 1781 3722 Deo
1835 3678 2017 3736 puros

365 3774 696 3841 offerentes,
729 3782 961 3824 morum
999 3764 1298 3820 lenitatem
1352 3762 1642 3833 gerentes,
1676 3757 2018 3811 mansuetu-

364 3862 563 3919 dinem
594 3867 773 3932 atque
827 3854 1173 3912 charitatem
1224 3855 1492 3906 mutuam
1544 3845 1821 3902 omnibus
1853 3841 2014 3898 exhi-

364 3952 589 4009 beutes.
608 3949 693 4006 Ad
725 3948 847 4003 haec
879 3943 1080 4003 omnia
1099 3937 1672 3998 commiserationem
1695 3935 1755 3990 in
1789 3934 2017 3989 univer-

363 4058 460 4099 sos
492 4039 802 4106 habentes;
835 4040 1011 4108 atque
1039 4049 1108 4089 ex
1138 4027 1576 4088 commiseranti
1608 4025 1806 4081 animo
1838 4023 2014 4079 mise-

362 4129 676 4188 ricordiam
707 4142 941 4198 semper
971 4122 1140 4196 quasi
1172 4117 1580 4181 scaturientes,
1618 4115 1700 4169 ita
1727 4113 2012 4169 acceden-

362 4225 481 4276 tem
512 4217 811 4274 Christum
842 4213 1237 4285 excipiamus;
1286 4209 1369 4263 ita
1397 4206 1696 4262 Christum
1725 4204 1785 4258 in
1820 4201 2011 4270 ulnas,

363 4314 429 4366 ut
458 4309 645 4366 Deum
691 4307 876 4371 decet,
913 4300 1335 4374 suscipiamus,
1376 4300 1551 4367 atque
1579 4292 1841 4349 vicissim
1874 4307 2013 4363 pro-

362 4397 611 4472 pheticis
657 4396 1047 4453 conﬁteamur
1086 4388 1301 4454 verbis,
1350 4385 1712 4441 celebrantes
1769 4382 1899 4452 ejus
1938 4378 2011 4435 ad

360 4504 467 4545 nos
501 4486 847 4560 profectum:
871 4483 1119 4554 ejusque
1147 4494 1285 4550 erga
1308 4492 1416 4532 nos
1436 4469 2012 4531 commiserationem

361 4576 694 4649 magnificis
741 4572 1129 4646 praedicamus
1184 4566 1467 4632 vocibus;
1529 4567 1594 4618 ut
1652 4565 1710 4616 et
1764 4574 2011 4631 regnum

2129 3395 2273 3452 οὕτω
2327 3394 2543 3472 Χριστῷ
2599 3397 2679 3466 τῷ
2738 3397 2853 3465 Θεῴ
2913 3393 3370 3466 συναντήσωμεν,
3424 3387 3782 3468 σωφροσύνην

2125 3483 2447 3559 κομίζοντες
2482 3530 2497 3557 ,
2555 3482 2767 3559 ἁγνείαν
2829 3481 3213 3559 βαστάζοντες,
3272 3478 3494 3535 ἀκακίαν
3549 3476 3785 3557 προσφέ-

2129 3595 2331 3648 ροντες,
2391 3570 2691 3647 ἀμνηστίαν
2750 3570 3101 3650 ἰμφαίνοντες
3138 3615 3152 3641 ,
3213 3574 3606 3646 περισπασμῶν
3664 3569 3786 3623 ἑαυ-

2123 3662 2251 3726 τοὺς
2301 3662 2672 3740 ἀφορίζοντες,
2727 3659 2818 3715 καὶ
2876 3664 2994 3733 Θεῷ
3050 3657 3324 3734 καθαροὺς
3379 3655 3782 3733 προσκομίζον-

2123 3773 2232 3826 τες,
2260 3752 2478 3829 τρόπων
2530 3749 2848 3826 ἡμερότητα
2892 3747 3166 3827 φέροντες,
3200 3747 3288 3803 καὶ
3337 3748 3402 3804 τὸ
3439 3748 3574 3823 πρὸς
3607 3745 3772 3800 ἃπαν-

2122 3864 2217 3906 τας
2246 3840 2516 3918 προσηνές
2542 3840 2633 3895 καὶ
2664 3837 3017 3918 φιλάλληλον
3071 3835 3309 3915 ἔχοντες.
3347 3838 3447 3894 Καὶ
3485 3836 3617 3914 πρὸς
3644 3833 3769 3891 τού-

2120 3952 2237 3995 τοις
2270 3933 2432 3986 ἅπασι
2461 3931 2562 3999 τήν
2593 3929 2729 4006 πρὸς
2776 3927 2978 3990 πάντας
3021 3928 3356 4002 συμπάθειαν
3406 3927 3655 4002 ἄγοντες,
3683 3921 3775 3981 καὶ

2121 4021 2212 4077 τὸν
2247 4020 2306 4076 ἐκ
2339 4021 2524 4096 ψυχῆς
2556 4022 2873 4091 συμπαθοῦς
2901 4016 2984 4072 ἀεὶ
3014 4016 3427 4095 προερχόμενον
3462 4011 3615 4071 ἔλεον
3652 4013 3784 4092 βλύ-

2127 4117 2348 4181 ζοντες,
2408 4108 2552 4164 οὕτω
2610 4106 2839 4185 Χριστὸν
2897 4104 3190 4182 προσιόντα
3249 4102 3571 4179 δεξώμεθα·
3633 4101 3780 4158 οὕτω

2123 4201 2359 4277 Χριστὸν
2437 4196 2815 4270 εἷσοικίσωμεν
2849 4215 2862 4228 ·
2925 4194 3068 4250 οὕτω
3154 4194 3385 4272 Χριστὸν
3462 4196 3779 4270 θεοπρεπῶς

2123 4287 2629 4366 ἒναγκαλισώμεθα,
2661 4284 2752 4340 καὶ
2784 4288 3147 4361 προφητικοῖς
3192 4280 3782 4358 ἀνθομολογησώμεθα

2125 4379 2353 4457 ῥήμασι,
2384 4377 2485 4445 τὴν
2516 4373 2679 4430 αύτοῦ
2727 4374 2864 4451 πρὸς
2912 4374 3063 4447 ἡμᾶς
3106 4372 3469 4447 άνυμνοῦντες
3512 4371 3780 4449 προέλευ-

2124 4488 2226 4540 σιν,
2254 4466 2343 4521 καὶ
2374 4467 2436 4535 ἣν
2467 4465 2605 4540 πρὸς
2636 4465 2784 4537 ἡμᾶς
2828 4462 3161 4537 συμπάθειαν
3214 4460 3491 4539 εἴργασται
3544 4459 3782 4539 μεγαλο-

2125 4557 2326 4635 φώνοις
2354 4552 2713 4630 κηρύττοντες
2762 4552 3045 4627 στόμασιν⁹
3074 4550 3168 4608 ’ίνα
3213 4552 3304 4608 καὶ
3358 4550 3636 4628 βασιλείας
3687 4549 3823 4606 ού-’

361 4664 641 4721 caelorum
658 4654 1354 4733 consequamur,etbonis
1369 4652 1742 4725 perfruamur
1755 4646 2008 4704 aeternis:

2127 4649 2301 4723 ρανῶν
2346 4643 2717 4720 ἐπιτύχωμεν,
2759 4642 2849 4697 καὶ
2906 4642 3141 4698 αἰωνίων
3195 4643 3404 4717 ἀγαθῶν
3454 4638 3783 4696 ἀπολαύσω-

361 4755 424 4811 in
453 4753 584 4827 ipso
613 4751 840 4808 Christo
871 4755 984 4806 Deo
1017 4752 1240 4815 nostro,
1274 4743 1369 4801 cui
1400 4758 1536 4797 cum
1567 4738 1789 4811 optimo
1819 4741 2010 4807 Patre,

363 4861 433 4902 ac
462 4841 837 4900 sanctissimo
893 4838 1116 4911 Spiritu
1170 4834 1377 4909 gloria,
1409 4828 1751 4903 imperium,
1804 4829 2011 4899 honor,

360 4932 629 4991 adoratio
657 4937 715 4989 et
768 4925 1225 5003 magniﬁcentia,
1288 4937 1445 4978 nunc
1473 4925 1531 4977 et
1572 4933 1806 4990 semper
1834 4923 1892 4973 et
1950 4916 2013 4972 in

362 5023 577 5080 saecula
607 5018 979 5078 seculorum.
1021 5020 1226 5072 Amen.

437 5187 527 5255 (55
577 5185 717 5258 Reg.
747 5183 802 5252 2,
834 5177 924 5235 καὶ
951 5178 1022 5252 τῇ
1063 5174 1227 5231 αὐτοῦ
1258 5169 1517 5242 ἐπιπνοίᾳ
1545 5168 1839 5243 ΙΙνεύματι.

437 5186 548 5331 (ὃϐί
580 5258 722 5329 Reg.
754 5255 811 5324 2,
847 5248 1257 5325 ἀπολύτρωσιν.

580 5248 722 5329 [ὶθέ.
754 5248 811 5324 2⁷,
847 5248 1257 5325 ἀπολύτρωσιν.

2127 4756 2241 4811 μεν,
2303 4733 2355 4789 ἐν
2413 4731 2562 4807 αύτῷ
2621 4733 2841 4808 Χριστῷ
2885 4735 2965 4804 τῷ
3013 4735 3133 4805 Θεῷ
3178 4733 3364 4805 ἡμῶν,
3419 4731 3535 4804 μεθ’
3584 4729 3647 4784 οὗ
3694 4733 3777 4803 τῷ

2120 4824 2417 4900 παναγάθῳ
2448 4820 2619 4896 Πατρὶ
2676 4821 2767 4876 καὶ
2831 4825 2913 4893 τῷ
2969 4819 3222 4896 παναγίῳ
3278 4820 3567 4893 Πνεύματι,
3632 4817 3783 4889 δόξα,

2120 4915 2340 4991 κράτος,
2389 4911 2527 4984 τιμὴ
2586 4907 2679 4964 καὶ
2736 4907 3108 4985 προσκύνησις
3164 4907 3254 4963 καὶ
3316 4904 3784 4983 μεγαλοπρέπεια,

2121 5008 2213 5059 νῦν
2246 5001 2336 5057 καὶ
2366 4999 2449 5055 ἀεὶ
2478 4997 2569 5054 καὶ
2601 4996 2677 5061 είς
2725 4996 2853 5059 τοὺς
2897 4995 3095 5061 αἰῶνας
3141 5000 3249 5052 τῶν
3303 4996 3540 5052 αἰώνων.
3575 4996 3787 5069 ’Δμήν.

2205 5167 2320 5239 (57)
2350 5164 2491 5237 Reg.
2522 5163 2579 5234 2,
2609 5159 2951 5236 παρεγένετο.
