4120 6356
347 345 490 407 1001

1327 343 1660 403 HOMILIA
1707 344 1782 402 ΙΝ
1834 343 2112 402 C/ECUM
2164 343 2210 398 A
2258 342 2762 402 NA'l‘lVl'l‘ATE.

3605 347 3766 408 1002

1291 616 1361 670 ΙΝ
1407 616 1768 671 IIOMILIAM
1809 614 1898 670 DE
1941 613 2139 669 G/ECU
2180 612 2366 668 ΝΑΤο
2405 611 2830 667 ADMONITIO.

409 744 525 799 Non
583 747 663 798 est
719 743 862 816 quod
920 745 978 798 in
1035 744 1262 816 hujusce
1318 743 1571 799 homilim
1599 738 1779 809 νοθείᾳ
1833 739 2314 796 commonstranda
2373 739 2471 794 diu
2527 741 2905 809 immoremur,
2945 757 3069 795 cuni
3101 743 3367 797 orationis
3395 759 3584 812 genus,
3617 758 3772 798 voces

338 835 644 902 certet-aque
668 833 857 887 omnia
885 833 1205 903 scriptorem
1229 830 1472 902 prodant
1503 829 1801 886 Athanasio
1836 829 2001 901 longe
2029 829 2328 899 imparem.
2377 828 2442 881 Et
2498 842 2621 882 vero
2673 842 2783 880 non
2850 843 2918 882 ex
2973 829 3188 884 vocibus
3243 838 3296 884 et
3351 831 3492 901 stylo
3549 835 3767 886 tantum

337 923 535 990 spuria
591 921 698 976 illa
752 921 1186 992 deprehenditur
1234 940 1256 976 .-

1313 937 1438 978 cum
1495 920 1671 975 multa
1699 919 2080 990 complectatur
2109 920 2315 988 inepta,
2346 920 2398 972 et
2423 919 2612 986 sagaci
2641 917 2828 988 quovis
2861 917 3099 984 homine,
3132 935 3202 973 ne
3232 918 3410 974 dicam
3441 919 3764 988 Athanasio,

337 1009 610 1078 indigna:
641 1018 704 1065 ut
728 1015 808 1066 est
836 1010 981 1067 illud
1009 1012 1079 1068 de
1110 1011 1364 1068 Samuele
1389 1009 1660 1084 propheta
1715 1014 2102 1077 commentum,
2163 1010 2216 1062 et
2269 1006 2501 1073 similia,
2557 1020 2676 1077 quat
2735 1006 2924 1062 lectori
2975 1009 3159 1080 primo
3210 1013 3431 1082 aspectu
3485 1017 3771 1066 occurrent

334 1101 700 1158 observanda.

1501 1339 1629 1391 ΤΟΥ
1668 1334 1754 1388 ΕΝ
1795 1332 2030 1388 ΑΓΙΟΙΣ
2073 1331 2345 1389 ΙΙΑΤΡΟΣ
2388 1332 2578 1388 ΗΜΩΝ

1691 1473 2423 1572 ΑΘΑΝΑΣΙΟΥ

1273 1640 1385 1711 (58)
1425 1639 1677 1696 unum
1719 1639 1830 1694 ΕΙΣ
1871 1637 2004 1694 ros
2045 1638 2137 1693 EK
2177 1639 2488 1694 reseras
2531 1638 2813 1694 Trcmoa

1461 1913 1552 2006 S.
1607 1914 1710 2006 P.
1763 1913 1873 2007 N.
1947 1912 2624 2006 ATHANASII

1430 2083 1505 2132 IN
1537 2082 1791 2134 C/ECUM
1825 2085 1864 2132 Α
1902 2081 2313 2132 ΝΑΤΙνιΤΑΤΕ
2355 2082 2662 2132 HOMILIA.

395 2385 444 2438 1.
483 2377 970 2438 Πολυσποῦὂαστόν
1019 2379 1128 2436 ἐστι
1186 2386 1344 2436 πᾶσιν
1397 2380 1706 2456 ἀνθρώποις
1750 2379 1813 2434 τὸ
1871 2383 1972 2434 τῶν

2171 2382 2219 2436 1.
2255 2381 2500 2436 Summa
2529 2397 2671 2436 cura
2701 2379 3040 2436 hominibus
3083 2379 3364 2438 colendus
3421 2385 3510 2438 est
3565 2381 3756 2440 dulcis

319 2470 522 2548 γονέων
579 2469 890 2546 γλύκασμα,
951 2472 1198 2546 γνήσιον,
1258 2470 1499 2540 ποθητὸν
1556 2471 1716 2544 (59),
1775 2469 1975 2530 παντὸς

326 2560 558 2636 χρυσίου
612 2560 962 2636 τιμιώτερον.
1023 2559 1138 2617 Οὐκ
1195 2556 1333 2614 ἔστιν
1387 2559 1436 2613 ἐν
1491 2564 1572 2631 τῷ
1611 2557 1836 2633 παρόντι
1874 2557 1976 2633 βίῳ

324 2654 568 2725 γονεῦσιν
620 2649 1174 2721 ἀντισταομιζόμενον
1225 2656 1430 2722 κτῆμα,
1466 2649 1672 2724 Χρυσὸς
1703 2646 1977 2708 πολλάκις

323 2737 653 2793 ἀπόλλυται·
704 2738 903 2814 γονέων
963 2736 1018 2793 δὲ
1074 2736 1300 2816 φίλτρον
1346 2737 1407 2792 οὐ
1459 2738 1790 2814 μαραίνεται.
1843 2741 1974 2812 ’Ἁρ-

321 2848 485 2904 γυρος
517 2827 788 2890 πολλάκις
837 2829 1031 2882 ἱοῦται·
1081 2833 1186 2882 τῶν
1239 2826 1295 2882 δὲ
1343 2828 1713 2903 γεννησάντων
1757 2829 1810 2881 αἱ
1842 2824 1971 2881 ὡδῖ-

321 2937 405 2978 νες
456 2914 517 2968 οὗ
571 2920 875 2988 μειοῦνται.
929 2918 1272 2991 Μαργαρῖται
1315 2912 1584 2976 πολλάκις
1637 2912 1970 2991 διαφθείρον-

318 3023 434 3058 ται*
462 3003 665 3079 γονέων
701 3002 757 3058 δὲ
784 3001 986 3078 δάκρυα
1009 3009 1088 3076 τῷ
1123 3005 1304 3079 Κυρίῳ
1334 3003 1708 3080 παρίστανται.
1745 3003 1836 3056 Διὸ
1883 3003 1971 3056 καὶ

311 3099 430 3158 ,τῶν
488 3092 687 3169 γονέων
749 3093 812 3147 τὸ
864 3093 1047 3166 τίμιον
1105 3095 1139 3162 ἡ
1204 3094 1321 3146 Θεία
1379 3095 1562 3170 Γραφή
1614 3092 1970 3168 γνωρίζουσα,

321 3188 573 3256 παραινεῖ
620 3187 734 3244 τοῖς
780 3182 987 3244 τέκνοις
1041 3183 1222 3257 βοῶσα
1259 3202 1270 3213 ·
1312 3204 1337 3234 α
1384 3183 1445 3238 ἰ)
1489 3181 1809 3258 κακολογῶν
1868 3202 1970 3235 πα-

322 3272 451 3344 τέρα
494 3273 528 3339 ἢ
581 3270 810 3346 μητέρα,
865 3270 1076 3343 θανάτῳ
1121 3269 1445 3326 τελευτάτω.
1487 3296 1505 3321 ι
1542 3277 1694 3325 ’Ἐστι
1728 3269 1785 3325 δὲ
1833 3269 1971 3324 πάν-

321 3382 434 3422 τως
496 3361 658 3415 εἰπεῖν
687 3380 825 3414 τινα·
863 3360 960 3414 Καὶ
1005 3360 1052 3414 εἰ
1083 3358 1544 3436 περισπούδαστόν
1598 3361 1708 3415 ἐστι
1753 3361 1814 3414 τὸ
1860 3364 1966 3414 τῶν

317 3449 520 3526 γονέων
571 3447 886 3524 γλύκασμα,
936 3449 1081 3511 τίνος
1113 3446 1286 3503 ἕνεκεν
1345 3445 1568 3504 ὸΔαϐὶδ
1615 3451 1741 3510 τοὺς
1792 3453 1970 3524 γονεῖς

318 3532 634 3594 διαϐάλλων
666 3535 869 3613 ἔλεγεν·
908 3562 935 3590 ‹‹
967 3539 1027 3594 Ὁ
1062 3541 1249 3613 Πατήρ
1286 3560 1390 3611 μου
1438 3539 1526 3593 καὶ
1558 3540 1592 3608 ἡ
1632 3540 1815 3613 μήτηρ
1865 3560 1969 3611 μου

318 3626 670 3702 ἐγκατέλιπον
723 3645 807 3701 με’
860 3628 888 3681 6
937 3625 995 3681 δῖε
1039 3627 1232 3700 Κύριος
1284 3622 1652 3702 προσελάϐετό
1707 3646 1815 3700 με;
1854 3651 1880 3678 ››
1910 3627 1970 3680 Τί

2091 2468 2209 2535 ille,
2269 2484 2608 2540 germanus,
2661 2467 3092 2533 desiderabilis,
3125 2468 3332 2540 quovis
3362 2486 3502 2524 auro
3535 2470 3750 2542 pretio-

2088 2559 2226 2628 sior,
2262 2563 2572 2631 parentum
2597 2556 2972 2614 amor.Nullte
3004 2563 3140 2614 sunt
3169 2558 3228 2613 in
3263 2560 3369 2615 hac
3399 2559 3517 2615 vita
3569 2559 3757 2615 facul-

2085 2653 2236 2704 tates
2266 2648 2607 2721 parentibus
2639 2648 3068 2720 comparanda.
3104 2653 3328 2704 Aurum
3361 2666 3512 2720 saepe
3570 2651 3739 2722 perit,

2086 2744 2394 2810 parentum
2426 2743 2620 2794 autem
2651 2755 2818 2794 amor
2846 2755 2962 2793 non
2992 2739 3737 2811 exstinguitur.Argentum

2084 2829 2432 2901 plerumque
2461 2827 2788 2900 rubiginem
2825 2827 3135 2895 contrahit,
3169 2832 3480 2900 parentum
3540 2833 3736 2884 autem

2083 2936 2219 2985 erga
2267 2917 2486 2990 prolem
2519 2918 2762 2974 aﬂ'ectus
2792 2934 2909 2972 non
2944 2917 3586 2990 minuitur.Margaritze
3621 2936 3735 2974 non

2085 3024 2214 3062 raro
2245 3010 3044 3079 corrumpuntur,parentum
3075 3022 3208 3061 vero
3240 3005 3510 3078 lacrymae
3539 3024 3734 3062 coram
3797 3065 3806 3070 ,

2083 3097 2197 3152 Deo
2230 3096 2544 3152 sistuntur.
2586 3095 2977 3160 Quamobrem
3011 3095 3206 3150 divina
3235 3095 3560 3167 Scriptura,
3591 3095 3739 3150 indi-

2082 3203 2221 3241 cans
2255 3191 2511 3256 quantus
2543 3185 2619 3240 sit
2650 3187 2834 3240 honor
2863 3201 3002 3257 erga
3023 3189 3295 3256 parentes
3317 3185 3738 3251 habendus,sic

2083 3281 2281 3330 monet
2314 3275 2485 3341 ﬁlios,
2521 3274 2858 3330 exclamans
2892 3291 2905 3331 :
2941 3298 2968 3325 ‹‹
3001 3275 3109 3339 Qui
3141 3274 3437 3330 maledicit
3470 3274 3617 3345 patri
3650 3274 3735 3329 vel

2083 3364 2277 3429 matri,
2310 3369 2493 3418 morte
2529 3363 2812 3418 moriatur
2841 3363 2904 3418 ⁸³.
2960 3385 2989 3412 ››
3047 3363 3157 3418 Sed
3227 3363 3472 3417 fortasse
3530 3363 3741 3416 dixerit

2081 3453 2396 3525 quispiam.
2457 3453 2515 3508 Si
2570 3457 2732 3508 tanta
2763 3469 2903 3508 cura
2935 3454 3088 3508 366
3119 3452 3400 3507 colendus
3431 3457 3518 3506 est
3549 3451 3740 3507 dulcis

2081 3542 2178 3598 ille
2208 3559 2345 3614 erga
2375 3547 2648 3612 parentes
2671 3542 2934 3606 affectus,
2992 3541 3131 3613 quid
3191 3557 3380 3596 causa:
3441 3545 3531 3596 est
3585 3541 3737 3612 quod

2081 3631 2258 3686 David
2293 3637 2565 3704 parentes
2596 3647 2882 3686 accusans
2915 3631 3124 3686 dixerit
3163 3647 3175 3684 :
3217 3652 3244 3683 ιι
3277 3635 3446 3685 Pater
3477 3646 3641 3685 meus
3684 3635 3743 3685 et

317 3716 524 3790 λέγεις,
558 3718 602 3770 ὦ
634 3715 779 3795 φίλε,
812 3717 948 3792 πρὸς
995 3716 1062 3770 τὰ
1108 3715 1347 3790 παρόντα
1378 3737 1390 3784 ;
1425 3719 1630 3778 Παντὸς
1675 3717 1971 3789 κτίσματος

2089 3727 2272 3777 mater
2302 3739 2428 3776 mea
2459 3719 2901 3792 dereliquerunt
2933 3737 3058 3789 me;
3093 3721 3379 3776 Dominus
3407 3725 3604 3775 autem
3655 3737 3747 3776 as-

314 3804 647 3880 τιμιώτερον
704 3806 767 3860 τὸ
821 3811 927 3861 τῶν
984 3805 1182 3882 γονέων
1244 3803 1555 3880 γλύκασμα·
1615 3806 1690 3878 μὴ
1748 3805 1847 3880 γὰρ
1898 3805 1974 3868 ὡς

315 3895 455 3968 πρὸς
507 3897 596 3950 τὸν
642 3893 981 3970 δημιουργὸν
1030 3900 1139 3949 τῶν
1193 3895 1442 3949 ἀπάντων
1493 3894 1659 3949 Θεόν·
1712 3893 1810 3948 οὐκ
1863 3893 1972 3948 ἔστι

314 3985 521 4057 κτίσμα
575 3985 763 4059 κτίστῃ
818 3986 1166 4060 συγκριθῆναι
1229 3981 1548 4057 δυνάμενον.
1603 3983 1661 4040 Ei
1708 3983 1803 4055 μὶν
1849 3985 1914 4052 ἦν
1945 3983 1974 4036 6

317 4068 486 4127 A6“
575 4072 621 4105 ’ν
730 4073 802 4104 ὀ
903 4075 916 4093 ⁸
1143 4077 1154 4094 ’
1409 4094 1420 4104 ·
1482 4073 1495 4089 ⁸

365 4094 394 4127 α
440 4093 486 4126 ιο
548 4093 782 4148 ειρηκως
841 4097 868 4125 (ι
920 4075 964 4130 Ο
1013 4093 1193 4145 πατηρ
1248 4095 1353 4146 μου
1411 4094 1498 4127 και
1550 4074 1584 4142 ἡ
1643 4075 1824 4146 μήτηρ
1869 4093 1973 4144 μου

313 4161 671 4238 ἐγκατέλιπον
709 4184 793 4235 με.
831 4188 857 4215 ››
892 4157 1216 4218 ἀντελάϐετο
1267 4159 1324 4216 δέ
1376 4184 1481 4235 μου
1531 4164 1558 4216 6
1600 4159 1768 4230 δεῖνα,
1801 4163 1829 4216 6
1859 4161 1972 4236 γεί-

310 4252 514 4320 των,ἢ
559 4252 586 4306 6
645 4253 929 4326 συγγενὴς,
988 4252 1080 4321 ἢὸ
1140 4250 1324 4330 φίλος,
1384 4251 1458 4314 ὡς
1515 4251 1823 4306 ὑπεναντίον
1865 4249 1974 4306 διε-

312 4335 538 4396 ϐεϐαίου
594 4344 726 4414 (60)·
762 4339 808 4395 εἷ’
856 4337 912 4395 δὲ
970 4341 1059 4396 καὶ
1106 4346 1214 4396 τῶν
1259 4341 1460 4417 γονέων
1509 4341 1600 4396 τὸν
1648 4341 1842 4417 Κύριον
1895 4339 1975 4394 εὐ-

315 4428 758 4506 σπλαγχνότερον
807 4431 1143 4509 ἀπεφήνατο,
1193 4429 1283 4486 καὶ
1328 4429 1458 4493 τοὺς
1506 4437 1688 4506 γονεῖς
1737 4429 1836 4486 οὐκ
1889 4429 1974 4484 ἐν-

316 4514 524 4594 ύϐρισε,
552 4519 640 4573 καὶ
671 4519 762 4573 τὸν
797 4520 925 4574 Θεὸν
960 4517 1223 4591 ἐδόξασεν.

393 4790 446 4842 2.
481 4786 642 4849 Τίνος
678 4783 735 4842 δὶ
779 4787 942 4863 χάριν
992 4788 1019 4841 ὸ
1071 4781 1238 4840 Δαϐἱδ
1288 4805 1603 4859 προσηκατο
1643 4787 1738 4847 τὰς
1768 4784 1972 4841 συλλα-

319 4872 440 4946 ϐὰς,
476 4875 674 4952 λέγων’
707 4899 727 4926 α
751 4881 810 4934 Ὁ
842 4877 1025 4951 Πατήρ
1063 4896 1167 4948 μου
1197 4875 1286 4930 καὶ
1325 4877 1353 4944 ὴ
1394 4877 1576 4950 μήτηρ
1604 4896 1708 4947 μου
1760 4873 1973 4951 ἐγκατέ-

320 4964 483 5020 λιπόν
539 4986 624 5038 με·
680 4967 707 5019 6
761 4962 817 5019 δὲ
868 4965 1069 5042 Κύριος
1123 4959 1447 5019 ἀντελάϐετό
1479 4966 1592 5037 (61)
1627 4984 1692 5036 με
1727 4981 1740 5032 ;
1775 4987 1802 5015 ››
1836 4967 1976 5019 "lc-te

315 5055 514 5116 πάντες
567 5059 773 5131 σαφῶς,
825 5053 924 5108 ὅσα
968 5075 1026 5108 τε
1070 5051 1384 5130 φιλόλογοι,
1436 5057 1551 5114 πῶς
1595 5054 1622 5107 6
1661 5057 1768 5106 τῶν
1804 5053 1972 5106 ἁπάν-

2085 3811 2342 3882 sumpsit
2399 3828 2490 3865 me
2522 3810 2612 3864 “‘I
2647 3831 2672 3859 »
2706 3809 2853 3874 Quid
2890 3811 2959 3866 ad
2997 3812 3114 3865 hzec
3147 3810 3256 3875 ais,
3291 3808 3538 3865 dilecte?
3570 3809 3744 3865 Omni

2084 3906 2351 3954 creatura
2376 3898 2682 3970 pretiosior
2703 3915 2827 3954 esse
2848 3899 3023 3954 debet
3043 3898 3233 3954 dulcis
3259 3898 3355 3954 ille
3382 3915 3519 3971 erga
3542 3915 3744 3970 paren-

2084 3994 2172 4044 tes
2203 3989 2466 4057 aﬂ'ectus,
2502 4003 2607 4043 nec
2638 3993 2834 4042 tamen
2867 4004 3000 4042 cum
3048 3993 3161 4044 Deo
3214 3987 3479 4043 omnium
3538 3987 3744 4060 opiﬁce

2084 4077 2520 4148 comparandus
2554 4093 2566 4130 :
2601 4075 2764 4131 nulla
2793 4076 3008 4148 quippe
3037 4080 3126 4132 est
3155 4080 3422 4132 creatura
3448 4093 3574 4148 qua:
3607 4093 3741 4131 cum

2083 4170 2350 4220 Creatore
2383 4165 2631 4220 conferri
2664 4165 2868 4237 possit.
2901 4165 2959 4219 Si
2991 4164 3170 4219 David
3205 4168 3517 4236 postquam
3551 4163 3694 4219 dixit
3727 4180 3739 4217 :

2087 4277 2115 4306 ‹‹
2147 4255 2317 4309 Pater
2345 4271 2512 4309 meus
2545 4259 2601 4309 et
2631 4258 2818 4309 mater
2846 4269 2976 4308 mea
3007 4253 3448 4324 dereliquerunt
3472 4255 3746 4322 me,»ad—

2075 4343 2448 4416 jecisset,llle
2473 4343 2712 4414 quidam
2742 4342 2996 4408 vicinus,
3011 4347 3113 4397 aut
3142 4347 3449 4413 cognatus,
3468 4347 3569 4396 aut
3593 4343 3742 4397 ami-

2083 4450 2187 4488 cus
2218 4431 2479 4504 suscepit
2511 4448 2633 4499 me;
2670 4431 2726 4486 id
2760 4431 2928 4503 quasi
2958 4447 3026 4485 ex
3053 4432 3298 4487 adverso
3357 4431 3736 4486 afﬁrmasset.

2085 4523 2247 4586 Quod
2267 4522 2345 4577 sit
2367 4520 2555 4593 magis
2578 4537 2752 4592 quam
2783 4524 3054 4592 parentes
3085 4519 3523 4575 misericordem
3561 4521 3740 4575 Deum

2086 4610 2504 4685 pronuntiavit,
2539 4609 2882 4682 parentibus
2907 4609 3186 4682 injuriam
3217 4627 3333 4666 non
3368 4610 3596 4676 fecit,et
3627 4609 3743 4666 Deo

2085 4701 2334 4773 gloriam
2369 4699 2549 4755 dedit.

2155 4792 2207 4843 2.
2243 4787 2390 4852 Quid
2415 4805 2609 4844 causas
2641 4791 2730 4843 est
2759 4793 2980 4859 autem,
3031 4788 3185 4860 quod
3245 4787 3424 4843 David
3489 4787 3747 4861 syllabas

2086 4879 2328 4950 apponit
2358 4877 2558 4933 dicens
2592 4894 2604 4932 :
2643 4900 2670 4926 ‹‹
2705 4877 2877 4932 Pater
2908 4893 3074 4932 meus
3105 4881 3161 4932 et
3192 4881 3380 4933 mater
3411 4893 3540 4933 mea
3580 4879 3747 4936 dere-

2088 4967 2390 5038 liquerunt
2449 4984 2561 5034 me,
2623 4965 2910 5022 Dominus
2955 4971 3150 5021 autem
3179 4967 3507 5038 assumpsit
3538 4967 3673 5022 me?
3717 4991 3738 5018 ι

2086 5056 2264 5111 Gnari
2296 5073 2502 5112 omnes
2533 5054 2697 5124 estis,
2729 5059 2928 5126 utpote
2977 5055 3246 5110 lectionis
3301 5054 3574 5121 studiosi,
3633 5073 3746 5125 quo

312 5165 424 5198 των
458 5145 586 5205 Θεὸς
621 5139 963 5219 βουλόμενος
995 5145 1088 5198 τὸν
1124 5143 1326 5211 Σαοὺλ,
1362 5143 1436 5206 ὡς
1470 5142 1698 5221 φαῦλον,
1729 5149 1828 5210 τῆς
1883 5142 1972 5216 βα-

2089 5149 2254 5216 pacto
2287 5145 2551 5200 omnium
2583 5123 2738 5200 Deus
2771 5123 2902 5199 cum
2935 5142 3110 5199 vellet
3137 5143 3613 5215 Saulem,utpote
3642 5123 3747 5200 im-

314 5231 524 5295 σιλείας
558 5231 918 5304 διαδέξασθαι,
951 5234 1040 5288 καὶ
1088 5234 1179 5288 τὸν
1215 5227 1402 5305 Δαϐὶδ,
1435 5233 1508 5295 ὠς
1556 5231 1738 5310 φίλον,
1773 5231 1848 5293 εἷς
1876 5231 1974 5300 τὴν

387 5379 435 5415 ⁸³
466 5378 642 5434 Exod.
676 5395 792 5448 xxi,
828 5378 916 5435 17.
993 5378 1040 5414 ⁸⁸
1070 5377 1227 5434 Psal.
1262 5395 1414 5451 xxvr,
1452 5378 1539 5434 10.

390 5519 499 5596 (ξξ)
533 5522 674 5596 βεε.
718 5520 772 5588 1,
805 5515 1021 5596 ὁμιλίᾳ.
1051 5519 1191 5592 Reg.
1225 5520 1451 5596 2,Acum
1483 5518 1684 5590 editis,
1714 5515 1901 5596 λόγος.

536 5590 795 5666 Ιῐαιξιεε.
832 5590 1168 5666 [Ξάᾔὶᾲγβιιοξ
1201 5590 1465 5666 ποθηρόν.

542 5664 628 5720 Ita
657 5662 800 5737 Reg.
831 5663 886 5718 2.
923 5661 1071 5720 Editi
1101 5656 1430 5732 autem,”ch
1468 5661 1554 5716 ὑπ’
1587 5659 1834 5716 ἐναντίων
1869 5656 1976 5716 διε-

648 5791 915 5855 ΡΑτιιοι.
963 5791 1077 5853 Gn.
1120 5790 1398 5855 XXVIII.

2088 5234 2337 5306 probum
2371 5233 2671 5288 hominem
2705 5249 2882 5303 regno
2916 5232 3204 5302 abdicare,
3237 5237 3294 5287 et
3326 5232 3622 5301 Davidem,
3681 5238 3748 5289 ut

2088 5508 2396 5571 ϐεϐαιοῦτο.

2159 5589 2272 5660 (61)
2304 5592 2441 5660 Reg.
2492 5589 2528 5642 2
2575 5588 2760 5655 solus,
2810 5577 3199 5659 προσελάϐετο.
3235 5585 3382 5642 Item
3434 5584 3604 5654 ibid.,
3654 5603 3743 5657 με,

2089 5663 2146 5716 et
2174 5661 2256 5717 ita
2286 5675 2538 5734 semper.
2573 5661 2744 5728 Editi,
2780 5678 2904 5732 μου.

3344 5785 3425 5846 32
