4120 6372
409 415 567 476 1003

1579 414 1641 472 S.
1691 408 2211 472 ATHANASIUS.
2239 443 2315 454 —
2346 411 2652 475 SPURlA.

3682 414 3841 476 1004

409 548 688 603 dilectum
719 546 855 613 sibi,
885 562 1133 618 regnum
1162 546 1343 613 adire,
1376 545 1714 602 ministrum
1747 560 1919 601 suum
1955 543 2048 597 mi-

2183 540 2459 615 βασιλείαν
2514 543 2890 618 προσήκασοαι
2948 544 3060 618 (62)
3109 543 3435 602 ἀποστέλλει
3492 547 3583 601 τὸν
3644 546 3838 603 ἑαυτοῦ

410 638 553 694 serit
578 636 909 692 Samuelem
941 636 1012 691 ad
1044 636 1285 691 domum
1320 639 1635 708 parentum
1668 634 1868 700 David,
1888 649 2067 689 cornu

411 727 691 782 ferentem
725 724 1133 791 ordinationis,
1167 723 1494 795 dixeritque
1551 721 1809 779 Samueli
1872 721 2063 778 Domi-

409 832 525 872 nus
555 814 887 885 “:Pergead
904 814 1145 870 domum
1167 814 1433 880 Jessze,et
1464 829 1615 885 unge
1635 811 1777 867 mihi
1803 828 2068 867 unumex

411 903 550 960 filiis
581 904 709 975 ejus
741 904 798 958 in
830 919 1046 975 regem.
1079 901 1311 958 Samuel
1344 908 1540 958 autem
1571 903 1640 956 ad
1675 899 2066 957 ministerium

411 991 966 1065 missus,respondit
982 991 1226 1048 Domino
1243 1009 1256 1046 ε
1274 995 1527 1063 Ecquem
1552 989 2070 1046 ordinabo?lndica

409 1081 932 1151 nomen,Domine,
952 1084 1016 1136 ut
1047 1080 1393 1153 diligentius
1427 1080 1499 1135 ad
1526 1081 1700 1150 jussa
1729 1084 1832 1134 tua
1862 1094 2067 1149 prope-

410 1172 712 1228 rem.Tum
745 1170 1030 1226 Dominus
1053 1171 1125 1226 ad
1151 1170 1480 1225 Samuelem
1503 1187 1516 1225 :
1538 1166 1682 1225 Nolo
1713 1168 1866 1224 scias
1893 1183 2065 1239 quem

408 1260 839 1326 constituerim,
873 1276 943 1316 ne
981 1259 1150 1330 quasi
1184 1275 1495 1331 personam
1528 1256 1843 1330 acceperis,
1897 1273 2067 1312 accu-

408 1366 557 1406 sere.
591 1350 781 1405 Habes
810 1366 992 1405 cornu
1018 1347 1428 1413 ordinationis,
1463 1347 1522 1402 in
1556 1363 1731 1420 quem
1764 1345 2068 1402 inclinabi-

404 1441 504 1495 tur
532 1441 800 1505 cornu,et
821 1436 1013 1493 oleum
1048 1437 1367 1503 emanabit,
1400 1436 1564 1492 illum
1599 1437 1744 1491 mihi
1777 1434 2069 1491 constitue

404 1528 777 1601 regem.Cum
809 1543 990 1583 cornu
1024 1531 1222 1583 teneas
1250 1528 1405 1598 quod
1431 1525 1653 1581 nullam
1681 1541 2066 1598 personarum

404 1617 802 1689 acceptionem
834 1618 1127 1673 facturum
1160 1622 1269 1685 est,
1305 1631 1376 1671 ne
1431 1616 1676 1672 moleste
1734 1615 1905 1670 feras.
1964 1613 2066 1669 His

404 1706 622 1763 auditis
670 1705 925 1776 Samuel,
984 1706 1157 1778 quasi
1216 1724 1250 1762 a
1301 1706 1418 1762 Deo
1447 1708 1683 1777 accepta
1714 1703 2063 1776 cognitione,

404 1796 786 1865 statim,haud
821 1795 1000 1851 dubio
1032 1794 1467 1869 pede,accurrit
1490 1794 1560 1850 ad
1587 1795 1827 1849 domum
1860 1793 2062 1861 Jessee,

403 1900 579 1956 quem
612 1885 695 1940 sic
725 1883 1253 1957 alloquitur:Misit
1285 1899 1377 1939 me
1408 1882 1695 1939 Dominus
1724 1882 2062 1938 ordinatum

402 1990 471 2030 ex
499 1974 636 2030 ﬁliis
666 1975 784 2029 tuis
817 1991 1002 2029 unum
1032 1974 1093 2029 in
1131 1988 1350 2046 regem.
1408 1972 1728 2030 Confestim
1787 1972 1954 2029 Jesse
2009 1975 2066 2027 et

403 2080 549 2119 uxor
574 2065 704 2134 ejus
733 2062 918 2118 lilium
949 2079 1125 2118 suum
1160 2062 1480 2134 producere
1513 2065 1650 2117 natu
1684 2062 1964 2133 primum,
1998 2064 2062 2116 ut

402 2152 498 2223 qui
534 2153 1061 2224 primogenitorum
1106 2152 1573 2207 benedictionem
1606 2154 1886 2223 gestaret,
1911 2156 1969 2205 et
1999 2152 2063 2205 ut

401 2241 554 2296 inter
584 2241 798 2297 liberos
827 2257 968 2297 suos
997 2245 1220 2297 rectum
1254 2240 1518 2296 ordinem
1539 2238 2059 2296 servaret.Samuel

400 2335 593 2386 autem
626 2331 860 2386 elevans
891 2331 1089 2386 statim
1122 2347 1385 2397 manum,
1422 2346 1486 2386 ac
1517 2346 1645 2386 sese
1692 2331 1764 2385 ad
1821 2330 2053 2385 ordina-

397 2418 615 2475 tionem
686 2436 1050 2492 componens
1083 2459 1098 2485 ,
1156 2418 1557 2490 inclinatoque
1613 2435 1793 2474 cornu
1827 2460 1842 2479 ,
1899 2418 2051 2489 prio-

396 2523 519 2564 rem
580 2509 803 2580 absque
859 2507 1225 2564 ordinatione
1283 2508 1546 2575 dimisit,
1605 2508 1771 2572 oleo,
1826 2525 1895 2563 ex
1954 2508 2051 2563 Dei

396 2597 810 2666 nutu,cfﬂnere
841 2597 1245 2654 nolente.Cum
1277 2603 1476 2653 autem
1510 2597 1592 2653 illi
1624 2602 1867 2654 cunctos
1900 2597 2051 2653 ﬁlios

393 2701 532 2742 suos
562 2692 769 2760 praeter
790 2687 1064 2742 Davidem
1097 2688 1463 2755 adduxisset,
1493 2689 1909 2744 abscesserunt
1930 2704 2050 2742 om-

395 2791 500 2831 nes
530 2776 696 2831 vacui
729 2793 835 2832 nec
864 2775 1137 2832 ordinati.

2181 626 2429 685 διάκονον
2467 630 2735 705 Σαμουὴλ
2770 631 2846 694 εἷς
2891 634 2982 688 τὸν
3031 633 3177 688 οἶκον
3229 639 3339 689 τῶν
3369 634 3572 711 γονὲων
3604 640 3702 691 τοῖ’)
3732 642 3836 693 Δα-

2179 713 2268 774 ϐὶδ
2299 722 2434 795 (63),
2467 719 2855 799 ἐπιφερόμενον
2904 722 2966 777 τὸ
2997 722 3154 799 κὲρας
3202 730 3302 793 τῆς
3343 727 3710 800 χειροτονίας,
3744 724 3834 783 λέ-

2177 830 2287 884 γων
2319 810 2454 884 πρὸς
2497 810 2591 865 τὸν
2637 809 2906 883 Σαμουὴλ
2954 812 2981 865 6
3034 812 3252 889 Κύριος
3291 815 3583 889 ΙΙορευΘεὶς
3635 814 3713 877 εἷς
3740 816 3832 871 τὸν

2179 899 2325 953 οἷκον
2356 900 2571 971 Ἰεσσαὶ,
2603 899 2795 975 χρῖσόν
2831 921 2925 973 μοι
2956 898 3048 956 ἕνα
3078 907 3184 957 τῶν
3241 903 3374 957 υἱῶν
3424 902 3588 959 αὐτοῦ
3619 903 3696 967 εἷς
3733 906 3834 980 βα-

2179 985 2352 1045 σιλέα.
2387 989 2448 1045 Ὁ
2480 986 2537 1044 δὲ
2570 988 2834 1061 Σαμουὴλ
2891 989 2965 1053 ὡς
3017 990 3091 1053 εἷς
3142 988 3413 1046 διακονίαν
3465 990 3831 1068 στελλόμενος

2178 1078 2506 1153 ἀντερήσατο
2556 1080 2667 1153 (64)
2724 1079 2860 1154 πρὸς
2907 1080 2999 1135 τὸν
3049 1081 3267 1155 Κύριον,
3319 1081 3514 1159 λέγων’
3567 1082 3665 1137 Καὶ
3714 1082 3834 1138 τίνα

2179 1167 2664 1242 προχειρίσομαι;
2724 1168 2860 1244 Λέγε
2920 1191 3013 1243 μοι
3070 1170 3133 1225 τὸ
3189 1166 3380 1243 ὄνομα,
3415 1171 3694 1241 Δέσποτα,
3747 1169 3837 1227 *ἕνα

2179 1253 2596 1331 σπουδαιότερον
2647 1258 2783 1332 πρὸς
2830 1258 2894 1312 τὸ
2943 1255 3135 1313 δοκοῦν
3198 1280 3281 1314 σοι
3341 1254 3718 1334 διαϐήσωμαι.
3770 1261 3832 1318 Ὀ

2179 1340 2236 1399 δὲ
2267 1345 2469 1420 Κύριος
2498 1346 2633 1422 πρὸς
2678 1346 2771 1401 τὸν
2814 1347 3102 1420 Σαμουὴλ·
3137 1346 3215 1405 Οὐ
3265 1348 3408 1413 οέλω
3459 1370 3518 1404 σε
3545 1349 3831 1424 γινώσκειν

2174 1435 2266 1489 τὸν
2298 1434 2810 1511 προχειριζόμενον,
2838 1434 2930 1490 ’ἕνα
2966 1438 3042 1510 μὴ
3076 1438 3149 1499 ὡς
3178 1435 3669 1514 προσωπολήπτης
3717 1436 3835 1494 δια·

2177 1518 2416 1599 ϐληθῇς.
2449 1530 2639 1600 Ἔχεις
2667 1526 2729 1579 τὸ
2759 1526 2918 1601 κέρας
2968 1533 3068 1596 τῆς
3120 1527 3490 1602 χειροτονίας,
3524 1527 3661 1583 ὅπου
3694 1526 3740 1583 δ’
3772 1528 3829 1583 ἃν

2176 1612 2436 1668 ἐπινεύσει
2482 1615 2544 1668 τὸ
2585 1614 2767 1690 κὲρας,
2817 1614 2910 1678 καὶ¹
2954 1617 3016 1669 τὸ
3068 1613 3250 1671 ἔλαιον
3302 1615 3572 1690 λιμνάσει,
3626 1615 3828 1673 ἐκεῖνον

2179 1723 2273 1770 μοι
2303 1703 2656 1780 προχείρισον
2688 1706 2795 1778 (65)
2825 1704 2901 1767 εἷς
2956 1704 3200 1778 βασιλέα.
3245 1707 3500 1781 Κατέχων
3545 1707 3608 1761 τὸ
3644 1706 3828 1783 κέρας,

2174 1790 2687 1867 ἀπροσωπόληπτον
2748 1790 3055 1863 διαιτητὴν,
3119 1791 3394 1866 μηδαμῶς
3455 1790 3776 1870 δυσχέραινε
3813 1839 3825 1852 .

2171 1885 2346 1935 Ταῦτα
2402 1881 2633 1943 ἀκούσας
2692 1883 2720 1936 6
2781 1882 3072 1956 Σαμουὴλ,
3104 1883 3193 1937 καὶ
3249 1884 3322 1946 ὡς
3371 1884 3517 1957 παρά
3564 1888 3698 1940 Θεοῦ
3725 1885 3828 1954 τὴν

2172 1975 2372 2045 γνῶσιν
2409 1967 2715 2045 δεξάμενος,
2767 1970 2965 2036 εὐοέως
3013 1967 3380 2050 ἀναμφιϐόλῳ
3413 1970 3540 2028 ποδὶ
3568 1972 3828 2051 κατέδρα-

2176 2081 2270 2132 μεν
2302 2058 2390 2114 ἐπὶ
2447 2060 2538 2115 τὸν
2597 2061 2741 2115 οἶκον
2797 2064 2893 2115 τοῦ
2953 2061 3163 2130 Ἰεσσαὶ,
3227 2059 3401 2137 λέγων
3451 2063 3588 2138 πρὸς
3643 2062 3824 2119 αὐτόν’

2169 2148 2483 2205 Ἀπέστειλὲ
2557 2170 2623 2221 με
2681 2150 2709 2204 ὁ
2770 2149 2968 2225 Κύριος
3048 2150 3501 2226 προχειρίσασθαι
3568 2150 3662 2208 ἕνα
3714 2157 3828 2209 τῶν

2167 2238 2298 2292 υἱῶν
2333 2259 2429 2293 σου
2461 2239 2534 2300 εἱς
2569 2238 2817 2315 βασιλέα.
2852 2238 3065 2301 Εὐθέως
3101 2236 3158 2294 δὲ
3189 2242 3216 2295 6
3249 2240 3443 2296 Ἰεσσαὶ
3484 2241 3575 2296 καὶ
3624 2244 3659 2312 ἡ
3689 2240 3821 2297 τού-

2162 2348 2259 2382 του
2308 2328 2519 2403 γαμετὴ
2567 2328 2658 2383 τὸν
2711 2332 2926 2404 πρῶτον
2973 2329 3086 2383 υἱὸν
3148 2324 3536 2403 προεϐίϐασαν,
3586 2331 3665 2394 ὡς
3718 2331 3820 2401 τὴν

2164 2414 2416 2491 εὐλογίαν
2470 2421 2577 2472 τῶν
2629 2417 2991 2493 πρωτοτόκων
3048 2418 3399 2493 βαστάζοντα,
3451 2419 3542 2475 καὶ
3593 2418 3644 2474 ἐν
3696 2426 3816 2484 τοῖς

2158 2506 2366 2568 τέκνοις
2425 2508 2520 2576 τὴν
2582 2506 2821 2578 εὐταξίαν
2880 2506 3234 2584 φυλάττοντα.
3288 2510 3348 2565 Ὁ
3404 2505 3459 2563 δὲ
3518 2508 3812 2583 Σαμουὴλ,

2160 2595 2356 2660 εὐθέως
2386 2597 2485 2665 τὴν
2532 2604 2695 2674 χεῖρα
2742 2597 2983 2671 ὑψώσας,
3015 2597 3105 2651 καὶ
3152 2598 3289 2674 πρὸς
3337 2600 3437 2668 τὴν
3469 2597 3814 2675 χειροτονίαν

2156 2686 2579 2761 σχηματισθεὶς,
2629 2686 2717 2741 καὶ
2758 2687 2820 2741 τὸ
2870 2686 3027 2763 κὲρας
3080 2687 3379 2758 ἐπινεύσας,
3432 2685 3666 2743 ἀπέλυσε
3721 2688 3813 2743 τὸν

2155 2777 2371 2847 πρῶτον
2436 2773 2859 2850 ἀχειροτόνητον
2895 2820 2909 2845 ,
2970 2774 3099 2845 θείῳ
3167 2774 3392 2847 νεύματι
3466 2779 3563 2830 τοῦ
3624 2774 3810 2831 ἐλαίου

393 2866 577 2937 στάξαι
614 2867 689 2941 μὴ
728 2866 1114 2942 βουληθέντος.
1147 2868 1235 2930 Ὡς
1264 2863 1355 2922 ἕνα
1382 2862 1604 2922 ἕκαστον
1630 2870 1737 2921 τῶν
1768 2866 1897 2920 υἱῶν
1931 2863 2095 2920 αὐτοῦ
2123 2866 2435 2940 παρήγαγεν
2472 2865 2616 2939 αὐτῷ
2646 2864 2797 2928 ἐκτὸς
2829 2870 2924 2921 τοῦ
2956 2860 3143 2937 Δαϐὶδ,
3178 2865 3511 2941 ὑπέστρεψαν
3537 2868 3590 2922 οἱ
3619 2869 3813 2931 πάντες

392 2953 541 3011 λιτοὶ
570 2958 679 3031 (69)
710 2956 800 3011 καὶ
833 2956 1267 3032 ἀχειροτόνητοι.

463 3047 612 3103 3.1is
645 3064 814 3119 porro
845 3050 1045 3104 vacuis
1077 3044 1720 3121 regressis,Samuelem
1753 3046 1919 3102 Jesse
1948 3063 2053 3118 ag-

403 3150 645 3208 gressus
670 3142 781 3206 est,
815 3135 909 3193 his
938 3138 1133 3193 verbis
1164 3154 1177 3192 :
1212 3136 1361 3201 Quid
1390 3135 1635 3205 l'ecisti,o
1667 3134 1882 3191 homo?
1925 3135 2049 3190 bal-

401 3223 701 3282 lucinatus
730 3242 812 3296 es,
847 3243 952 3282 nec
1010 3231 1065 3282 te
1121 3225 1551 3281 hallucinatum
1603 3225 1901 3297 intelligis.
1940 3232 2053 3279 Aut

363 3357 367 3361 .
400 3315 679 3387 deceptus
707 3332 792 3387 es,
821 3318 923 3371 aut
960 3330 1053 3371 me
1100 3313 1366 3370 illisurus
1424 3314 1540 3370 huc
1599 3315 1940 3385 properasti.
2000 3321 2043 3368 A

387 3403 587 3474 januae
643 3402 913 3476 ingressu
957 3403 1240 3460 aberrasti
1276 3420 1289 3458 :
1324 3403 1438 3458 alio
1471 3403 1713 3469 missus,
1745 3402 1840 3457 hic
1866 3419 2045 3458 cornu

394 3490 689 3563 protulisti
725 3510 738 3548 :
768 3508 875 3548 nos
903 3510 1050 3548 vano
1081 3492 1296 3564 gaudio
1330 3491 1626 3564 replevisti
1677 3508 1690 3546 :
1748 3490 2047 3563 pollicitus

391 3596 587 3643 es,ncc
617 3582 910 3653 promissa
934 3581 1472 3652 complevisti.Tum
1504 3579 1741 3636 Samuel
1764 3581 1834 3635 ad
1858 3580 2042 3636 Jesse:

390 3669 539 3736 Quid
562 3686 655 3726 me
683 3669 980 3740 incusus,o
1010 3670 1218 3726 senex?
1241 3669 1489 3725 damnas
1511 3687 1643 3724 eum
1679 3671 1780 3741 qui
1813 3687 1903 3725 me
1934 3671 2043 3724 mi-

389 3759 485 3814 sit.
504 3761 591 3814 An
624 3763 814 3830 potest
846 3777 1104 3833 unquam
1139 3776 1332 3815 errare
1365 3758 1691 3831 prepheta?
1721 3759 1775 3814 Si
1809 3759 2042 3831 proprio

389 3847 634 3904 consilio
660 3847 777 3903 huc
805 3848 1212 3913 accessissem,
1236 3849 1373 3919 jure
1405 3848 1805 3903 dubitares.At
1836 3847 1885 3902 si
1916 3864 2041 3904 cor-

388 3936 554 3992 dium
586 3941 878 3993 scrutator
909 3954 1000 3993 me
1029 3938 1213 4006 misit,
1247 3938 1387 4009 quid
1419 3938 1660 3992 renuis?
1688 3937 1855 3993 Jesse
1910 3955 2041 3993 vero

389 4026 463 4082 ad
494 4025 829 4082 Samuelem
850 4044 862 4082 :
887 4029 945 4083 ln
964 4044 1078 4099 quo
1110 4028 1347 4083 demum
1381 4024 1685 4081 annuam?
1716 4026 1941 4081 Adduxi
1967 4027 2038 4082 ad

387 4120 447 4171 te
477 4132 712 4172 omnem
745 4115 1060 4172 liberorum
1096 4132 1361 4171 meorum
1394 4114 1619 4180 ﬂorem,
1646 4118 1702 4169 et
1744 4132 2037 4187 nusquam

388 4205 663 4276 promissi
691 4205 776 4260 tui
806 4204 1087 4262 indicium
1123 4210 1440 4277 comparet.
1475 4208 1552 4259 An
1588 4221 1699 4260 non
1736 4205 1930 4276 potius
1960 4205 2039 4277 ig-

388 4310 559 4352 noras
592 4312 727 4350 eum
760 4295 862 4367 qui
894 4300 947 4351 te
980 4295 1182 4351 misit?
1212 4297 1298 4350 An
1329 4312 1442 4349 non
1476 4294 1589 4350 alio
1650 4294 1870 4349 missus
1927 4295 2038 4350 es?

384 4383 663 4456 Nunquid
696 4387 759 4440 ut
791 4400 882 4439 me
914 4400 1111 4441 senem
1140 4383 1526 4440 constitueres
1558 4400 1751 4455 regem
1770 4382 1884 4437 huc
1904 4400 2035 4455 pro-

381 4477 639 4547 perasti?
669 4477 819 4532 Tum
849 4477 1081 4534 Samuel
1113 4479 1183 4533 ad
1214 4476 1581 4542 Jessezouid
1619 4492 1712 4531 me
1744 4476 2030 4547 inerepas,

379 4579 413 4620 o
451 4580 647 4633 senex,
672 4581 744 4621 an
775 4582 889 4621 non
924 4565 1103 4622 alium
1139 4566 1317 4622 babes
1348 4563 1563 4620 ﬁlium?
1586 4564 1645 4620 Si
1675 4580 1794 4619 non
1825 4563 2028 4630 habes,

375 4652 780 4711 hallucinatus
810 4655 1074 4724 sum;sin
1099 4655 1680 4727 habes,nequaquam
1705 4653 2027 4708 erravi.Re-

2231 3047 2285 3100 3.
2313 3045 2790 3121 Ύποστρεψάντων
2833 3042 2891 3099 δὲ
2937 3045 3143 3100 τούτων
3196 3042 3386 3111 λιτῶν,
3419 3041 3749 3103 ἀντὲϐαλλεν
3785 3048 3813 3102 6

2162 3133 2354 3188 Ἰεσσαὶ
2412 3136 2547 3211 πρὸς
2605 3135 2694 3189 τὸν
2758 3134 3045 3208 Σαμουὴλ,
3107 3133 3305 3210 λέγων.
3365 3135 3425 3190 Τί
3481 3137 3811 3208 πεποίηκας,

2162 3220 2452 3294 ἄνθρωπε;
2488 3223 2750 3301 ἐσφάλης,
2805 3224 2894 3280 καὶ
2954 3223 3052 3279 οὐκ
3109 3222 3275 3286 οἶδας.
3334 3231 3398 3279 Ἠ
3458 3225 3723 3304 ἐσφάλης,
3773 3228 3808 3297 ἡ

2160 3312 2345 3382 παῖξαι
2403 3335 2469 3385 με
2515 3311 2881 3390 παρέδραμες.
2933 3313 3085 3388 Παρὰ
3129 3312 3293 3390 θύρας
3341 3313 3657 3384 εἷσήλυθες·
3710 3315 3810 3372 ἀλ-

2159 3398 2336 3476 λαχοῦ
2368 3401 2699 3476 ἀπεστάλης,
2732 3403 2822 3458 καὶ
2868 3400 2975 3458 ὦδε
3021 3404 3082 3457 τὸ
3129 3404 3287 3479 κέρας
3338 3402 3671 3479 ἐγύμνωσας·
3711 3406 3809 3478 μά-

2155 3511 2253 3560 την
2290 3493 2437 3564 ἡμᾶς
2489 3493 2921 3567 ἐχαροποίησας,
2976 3490 3313 3567 ορυλλ-ιςσας,
3365 3493 3455 3548 καὶ
3504 3494 3605 3563 τὴν
3644 3494 3805 3570 ἐπαγ-

2153 3577 2337 3655 γελίαν
2375 3582 2451 3653 μὴ
2486 3580 2809 3657 πληρώσας.
2841 3582 2897 3635 Ὀ
2946 3579 3003 3636 δὲ
3053 3580 3321 3654 Σαμουὴλ
3369 3584 3506 3657 πρὸς
3548 3583 3641 3638 τὸν
3675 3586 3803 3641 Ἰεσ-

2156 3668 2260 3724 σαί·
2320 3670 2380 3724 Τί
2437 3668 2838 3741 καταπλήττεις
2897 3673 3033 3745 (67),
3091 3666 3402 3745 πρεσϐῧτας
3452 3674 3800 3750 καταψηφίζῃ

2150 3763 2252 3813 τοῦ
2303 3757 2722 3823 ἀποστείλαντός
2772 3781 2859 3834 με.
2907 3762 3060 3817 ’Έστι
3117 3764 3404 3839 προφήτην
3458 3761 3801 3832 πλανηθῆναι

2152 3866 2284 3902 ποτε
2318 3867 2331 3918 ;
2461 3848 2555 3921 μὲν
2589 3848 2762 3921 οἰκείᾳ
2804 3849 3000 3925 γνώμῃ
3051 3846 3450 3927 παρεγενόμην,
3496 3850 3676 3912 καλῶς
3725 3847 3802 3905 δι-

2152 3937 2379 4006 στάζεις·
2414 3938 2458 3992 εἰ
2492 3936 2549 3993 δὲ
2579 3939 2606 3992 ὁ
2634 3943 2741 3994 τῶν
2790 3936 3025 4016 καρδιῶν
3082 3938 3331 4013 γνώστης
3381 3939 3664 3995 ἀπέστειλέ
3715 3961 3803 4013 με,

2148 4026 2202 4080 τί
2232 4026 2503 4091 ἀνανεύεις
2537 4048 2550 4098 ;
2584 4029 2645 4085 Ὀ
2685 4026 2743 4083 δὲ
2791 4028 2981 4084 Ἰεσσαὶ
3032 4029 3167 4104 πρὸς
3219 4029 3309 4083 τὸν
3362 4027 3652 4102 Σαμουήλ’
3704 4029 3801 4085 Καὶ

2150 4114 2203 4170 ἐν
2249 4116 2355 4171 τίνι
2404 4114 2598 4172 λοιπὸν
2649 4117 2911 4172 ἐπινεύσω
2947 4136 2960 4187 ;
2993 4118 3309 4193 Παρήγαγόν
3362 4139 3445 4173 σοι
3487 4124 3659 4173 πᾶσαν
3692 4124 3799 4174 τῶν

2147 4206 2344 4261 τέκνων
2381 4228 2484 4279 μου
2526 4208 2625 4276 τὴν
2673 4206 2974 4275 καλλονὴν,
3006 4207 3093 4261 καὶ
3141 4206 3385 4279 οὐδαμοῦ
3425 4214 3525 4277 τῆς
3575 4206 3799 4285 ἐπαγγε-

2147 4294 2269 4358 λίας
2299 4295 2360 4350 τὸ
2391 4294 2699 4372 γνώρισμα.
2733 4297 2826 4364 Μὴ
2864 4293 3076 4369 μᾶλλον
3113 4294 3211 4351 οὐκ
3232 4293 3401 4370 ἔγνως
3432 4297 3523 4351 τὸν
3555 4297 3801 4353 ἀποστεί-

2146 4383 2314 4439 λαντά
2346 4406 2401 4439 σε
2434 4403 2448 4453 ;
2483 4385 2571 4453 Μὴ
2606 4387 2707 4460 ἄρα
2745 4382 2998 4459 ἀλλαχοῦ
3049 4383 3357 4455 ἀπεστάλης
3391 4404 3404 4455 ;
3437 4386 3655 4462 Μήτιγε
3689 4389 3798 4461 (68)

2145 4471 2243 4545 ἐμὲ
2288 4472 2378 4526 τὸν
2431 4468 2737 4546 πρεσϐύτην
2782 4470 3115 4547 κατέδραμες
3163 4476 3548 4551 χειροτονῆσαι
3584 4494 3598 4543 ;
3630 4476 3690 4533 Ὁ
3740 4473 3799 4531 δὲ

2144 4561 2414 4633 Σαμουὴλ
2471 4566 2609 4637 πρὸς
2658 4562 2750 4617 τὸν
2801 4560 3045 4617 Ἰεσσαί·
3105 4563 3164 4616 Τί
3228 4584 3295 4636 με
3347 4565 3747 4635 καταπλήττεις
3779 4608 3794 4635 ,

2140 4644 2414 4726 πρεσϐῦτα
2446 4670 2460 4721 ;
2493 4650 2601 4705 Οὐκ
2650 4646 2796 4726 ἔχεις
2843 4647 3012 4706 ἄλλον
3065 4651 3180 4706 υἱόν
3218 4673 3229 4721 ;
3264 4652 3308 4707 εἰ
3345 4653 3440 4726 μὶν
3493 4651 3594 4709 οὐκ
3623 4651 3794 4729 ἔχεις,

373 4742 539 4814 ponit
566 4744 731 4800 Jesse
758 4744 828 4800 ad
863 4745 1198 4802 Samuelem
1233 4764 1244 4800 :
1282 4744 1439 4800 Alius
1465 4744 1705 4817 quidem
1740 4741 1882 4796 mihi
1925 4758 2022 4796 su-

2163 4737 2395 4817 σφάλην·
2453 4739 2497 4795 εἰ
2549 4736 2605 4794 δὲ
2654 4738 2822 4817 ἔχεις,
2855 4740 2959 4795 οὐκ
3007 4740 3345 4813 ἐπλανήθην.
3396 4744 3452 4796 Ὁ
3502 4739 3563 4797 δὲ
3602 4743 3794 4799 Ἰεσσαὶ

372 4837 568 4904 perest
597 4833 789 4901 filius;
822 4835 922 4889 sed
958 4851 1194 4906 parvus,
1227 4832 1825 4905 despicabilis,neque
1855 4835 2027 4902 aptus

371 4936 574 4992 regno,
608 4939 780 4995 quem
817 4924 1135 4995 producere
1167 4923 1401 4995 pudeat.
1455 4926 1600 4976 Tum
1660 4920 1895 4976 Samuel
1955 4920 2026 4976 ad

371 5008 540 5065 illum
575 5027 588 5066 :
625 5012 757 5067 Vin’
775 5018 837 5067 tu
871 5012 1185 5067 immutare
1217 5016 1568 5083 praeceptum
1601 5009 2029 5082 Creatoris?pu-

371 5099 471 5156 det
500 5104 556 5157 te
587 5101 735 5157 867
763 5100 932 5157 illum
965 5100 1323 5173 producere?
1347 5100 1494 5163 Quid
1528 5098 1728 5155 enim?
1759 5105 1845 5153 An
1872 5097 2024 5154 mul-

369 5191 493 5247 tam
521 5189 715 5247 carnis
747 5189 960 5247 molem
997 5191 1165 5261 ungit
1191 5187 1584 5244 Deus?Addne
1616 5187 1812 5259 itaque
1835 5187 2025 5256 illum;

435 5333 482 5369 ⁶⁵
510 5332 533 5391 1
564 5336 705 5408 Reg.
736 5350 851 5402 xvx,
887 5333 1030 5389 1-13.

456 5472 547 5547 62)
580 5473 670 5547 ita
698 5477 841 5547 Reg,
872 5476 924 5547 2.
956 5472 1107 5529 Editi
1128 5490 1292 5547 vero,
1324 5471 1692 5547 προήκασθοιι.

452 5540 546 5614 63)
577 5546 718 5618 Reg.
737 5540 1069 5616 2,6:dxovov
1098 5543 1173 5606 εἰς
1200 5540 1290 5598 τὸν
1320 5540 1467 5599 οἶκον
1501 5548 1598 5598 τοῦ
1631 5540 1840 5599 Ἰεσσαί.
1878 5542 2010 5600 Mox

358 5617 814 5692 χειροτονήσεως.
851 5619 986 5692 Reg.
1078 5622 1135 5675 et
1162 5618 1217 5673 2.

432 5634 814 5743 ιὲοτονησεως.
852 5634 986 5689 tteg.
1024 5634 1048 5673 1
1078 5634 1135 5675 et
1162 5634 1217 5673 Ζ.

428 5688 447 5760 (
489 5689 544 5760 4)
577 5688 716 5763 Reg.
755 5691 809 5757 2,
860 5688 1192 5767 ἀντερίσατο.
1244 5689 1375 5746 Mox
1424 5689 1602 5757 idem,
1650 5684 2011 5763 προχειρίσο-

360 5778 458 5834 μαι

2136 4829 2272 4905 πρὸς
2303 4829 2393 4883 τὸν
2441 4827 2726 4902 Σαμουήλ-
2781 4831 2936 4905 Ἒχω
2990 4830 3083 4903 μὲν
3129 4830 3219 4885 καὶ
3272 4828 3442 4887 ἄλλον
3494 4832 3631 4902 υἱὸν,
3663 4829 3797 4886 ἀλλ’

2137 4917 2289 4993 ὅμως
2327 4918 2544 4994 μικρὸν,
2576 4918 2793 4989 εὐτελῆ,
2851 4919 2927 4993 μὴ
2976 4924 3238 4974 ποιοῦντα
3292 4919 3538 4981 ϐασιλέα.
3577 4920 3787 4997 Αἰσχύ-

2134 5028 2298 5081 νομαι
2324 5008 2412 5062 καὶ
2444 5003 2775 5082 προϐιϐάσαι
2807 5007 2987 5064 αὐτόν.
3019 5009 3077 5065 Ὀ
3109 5005 3168 5063 δὲ
3201 5006 3464 5081 Σαμουὴλ
3516 5010 3653 5085 πρὸς
3687 5009 3786 5065 αὐ-

2133 5098 2248 5152 τόν·
2307 5095 2715 5170 ΙΙαραδιατάττῃ
2762 5101 2840 5169 τῷ
2889 5096 3136 5152 Κτῖσαντι
3174 5118 3187 5169 ;
3239 5096 3472 5174 αἰσχύνῃ
3516 5093 3786 5170 προϐιϐά·

2136 5208 2221 5241 σαι
2278 5192 2468 5241 τοῦτον
2506 5184 2591 5255 ςΤί
2649 5188 2797 5262 γάρς
2844 5183 3216 5261 ΙΙολυσαρκίαν
3279 5187 3457 5264 χρίζει
3516 5189 3544 5242 ὁ
3604 5188 3787 5261 Θεόςς

2341 5471 2496 5550 ΗΘΒ..
2517 5472 2569 5550 1,
2600 5470 3161 5550 προχείρησαιηῐίθε.
3202 5474 3257 5547 2,
3302 5472 3670 5550 προχειρίσαι.

2196 5541 2309 5617 (66)
2341 5541 2497 5596 Λιτοί
2527 5541 2691 5617 deest
2714 5541 2784 5617 in
2808 5541 2956 5617 Reg.
2988 5549 3044 5601 2.

2340 5620 2480 5688 Reg.
2516 5616 2569 5686 1,
2598 5617 2652 5683 2,
2684 5614 2737 5669 τί
2771 5613 2947 5688 λέγεῖς
2981 5635 2995 5686 ;

2217 5618 2284 5669 67
2340 5620 2480 5688 Reg.
2516 5618 2569 5686 1,
2598 5618 2652 5683 2,
2684 5618 2737 5669 τί
2772 5618 2834 5671 λὲ
2872 5636 2947 5679 εις
2981 5635 2995 5686 ;

2195 5618 2309 5760 £68)
2341 5687 2427 5745 Ita
2456 5687 2595 5762 Reg.
2620 5689 2674 5755 4,
2702 5689 2759 5747 2.
2794 5636 2938 5745 Editi
2968 5704 3124 5763 vero,
3162 5689 3237 5763 μή
3269 5688 3438 5747 τοίνε.
