4120 6354
389 433 542 492 1005
605 479 612 486 .

1374 432 1709 495 HOMILIA
1757 435 1832 493 IN
1882 434 2167 497 CIECUM
2216 440 2262 496 Λ
2310 440 2817 503 NATlVl’l‘ATE.

3649 452 3806 514 1006

385 561 740 638 Ιῐροχείρισαι
773 559 862 616 οὖν
902 566 1110 617 τοῦτον·
1164 563 1413 636 λιμνάσει
1475 564 1686 627 πάντως
1716 565 1778 618 τὸ
1835 562 2015 620 ἔλαιον

2151 569 2350 626 efﬂuet
2381 589 2520 628 sane
2554 573 2768 645 oleum,
2802 575 3108 632 inclinabit
3165 596 3246 647 se,
3303 587 3366 634 ut
3423 583 3600 652 probe
3650 584 3805 652 novi,

382 651 670 720 ἐπινεύσει,
701 648 842 723 οἶδα,
878 651 937 705 τὸ
995 653 1176 727 κέρας.
1215 651 1594 730 Εὐφραινέσθω
1645 674 1740 708 σου
1791 655 1818 708 6
1869 654 2035 714 οἶκος.

378 742 438 796 Τί
469 743 572 817 γάρ
600 767 613 809 ;
646 742 767 797 ’Ότι
823 741 1014 812 μικρός
1062 740 1225 809 ἐστιν,
1261 742 1322 795 ού
1372 748 1521 796 ποιεῖ
1576 743 1838 816 βασιλέα;
1875 741 2036 816 Περί-

385 850 568 902 μεινον
636 829 851 904 μικρὸν,
908 829 997 884 καὶ
1057 825 1180 903 ἔφη’
1245 831 1362 891 πῶς
1421 830 1577 891 οὗτος
1636 832 1663 884 6
1699 831 1890 906 μικρὸς
1949 831 2040 884 τὸν

382 923 689 993 γιγανταῖον
752 917 980 994 πύργον⁹
1010 918 1100 972 τὸν
1159 917 1358 973 Γολιάθ
1410 917 1552 995 λέγω
1604 916 1693 988 δὴ,
1749 918 2038 996 καταστρὲ-

384 1011 493 1080 Quae.
528 1011 823 1081 Τοιγαροῦν
869 1006 1072 1078 ταύτην
1116 1011 1224 1062 τῶν
1277 1009 1476 1084 γονέων
1529 1009 1628 1076 τὴν
1677 1005 1953 1081 λοιδορίαν
2010 1008 2037 1062 6

385 1093 550 1150 Δαϐὶό
611 1098 970 1168 κατανοήσας,
1028 1097 1115 1150 καὶ
1172 1098 1270 1166 την
1329 1103 1425 1152 τοῦ
1484 1096 1682 1174 Κυρίου
1738 1095 2039 1173 παράδοξον

385 1184 690 1261 εὐεργεσίαν
752 1185 866 1257 θεία
923 1189 1108 1263 Γραφῇ
1167 1184 1523 1262 παραδιδοὺς,
1557 1182 1706 1242 ἐϐόα·
1756 1212 1782 1239 ι(
1834 1189 1893 1244 Ὁ
1941 1208 2038 1241 πα-

379 1277 483 1351 τήρ
539 1297 651 1348 μου
690 1274 836 1344 κεὶὴ
874 1277 1058 1352 μήτηρ
1113 1297 1216 1349 μου
1249 1274 1604 1352 ἐγκατέλιπον
1644 1296 1735 1350 με’
1765 1278 1791 1331 6
1825 1274 1881 1332 δὲ
1925 1276 2029 1334 Κύ-

381 1385 497 1440 ριος
529 1358 901 1439 προσελάϐετο
937 1385 1022 1437 με.
1058 1387 1086 1416 ››

456 1474 504 1527 4.
539 1470 744 1541 Ταύτην
775 1470 958 1525 τοίνυν
980 1472 1077 1540 την
1109 1477 1206 1527 τοῦ
1257 1475 1544 1550 προφήτου
1596 1468 1760 1528 Δαϐὶδ
1809 1472 2030 1548 εὐχάρι-

382 1582 502 1615 στον
556 1562 760 1638 φωνην,
794 1560 1056 1634 εὐκαίρως
1095 1561 1182 1615 καὶ
1217 1563 1244 1616 6
1277 1561 1336 1616 ἐκ
1365 1570 1586 1636 γενετῆς
1648 1562 1854 1640 τυφλὸς
1908 1564 2031 1616 ἀνα-

379 1646 608 1724 ϐλέψας,
658 1649 770 1725 ἐρεῖ
829 1649 1236 1728 μεγαλοφώνως
1293 1652 1382 1706 καὶ
1441 1651 1621 1714 αὐτός·
1659 1676 1685 1704 ‹‹
1737 1653 1792 1705 '0
1850 1654 2030 1726 πατήρ

378 1760 482 1812 μου
540 1739 628 1793 καὶ
679 1741 713 1808 ἡ
770 1740 953 1813 μήτηρ
1011 1761 1114 1813 μου
1165 1739 1520 1814 ἐγκατέλιπὸν
1569 1762 1652 1813 με·
1689 1743 1713 1795 ὁ
1746 1739 1802 1796 δὲ
1834 1741 2028 1814 Κύριος

375 1823 746 1902 προσελάϐετο
781 1849 866 1902 με.
904 1852 931 1880 ››
963 1831 1100 1883 Ἴστε
1130 1829 1322 1892 πάντες
1357 1834 1562 1908 σαφῶς,
1595 1835 1710 1892 πῶς
1749 1831 1837 1885 καὶ
1871 1831 2028 1893 οὗτος

377 1918 480 1972 ὑπὸ
518 1917 611 1990 μὲν
644 1922 752 1972 τῶν
785 1917 987 1992 γονέων
1024 1915 1337 1988 διεπτύσθη,
1374 1921 1475 1974 ὑπὸ
1508 1917 1564 1973 δὲ
1606 1924 1701 1974 τοῦ
1750 1925 1882 1974 Θεοῦ
1932 1920 2030 1975 οὐκ
2061 1947 2106 2010 Β

375 2006 448 2061 ἐς
543 2007 850 2062 ,λρ,,η
996 2005 1342 2044 ,Mtlz
1590 2007 1611 2024 a
1721 2009 1732 2028 ν
2009 2011 2022 2028 κ

373 2028 563 2082 ,γριατε
609 2017 786 2084 ειφθη.
854 2009 1015 2068 Οπω..
1049 2023 1105 2061 οε
1136 2030 1194 2061 το
1251 2029 1425 2083 χρεως
1474 2010 1905 2081 ἀποοωσωμεθα,
1936 2031 2024 2064 και

378 2097 570 2170 μικρὸν
605 2095 977 2169 ἀναψύξωμεν,
1006 2095 1098 2151 ’ἕνα
1127 2099 1215 2151 καὶ
1248 2097 1412 2152 πάλιν
1460 2100 1831 2170 πιστευθῶμεν
1871 2098 2024 2176 ὀφει-

372 2183 637 2258 λήματα·
691 2185 816 2263 φέρε
891 2186 1068 2240 τοίνυν
1131 2186 1217 2240 ἐπὶ
1276 2187 1366 2241 τὸν
1427 2187 1486 2242 ἐκ
1542 2195 1762 2264 γενετῆς
1818 2189 2021 2266 τυφλὸν

374 2274 638 2348 εὐκαίρως
685 2277 1104 2350 παραγάγωμεν.
1163 2278 1413 2346 ’Πκουες,
1457 2276 1722 2351 ἀγαπητὲ,
1773 2277 1841 2351 τῇ
1888 2299 2022 2352 προ-

367 2362 496 2437 τέρᾳ
650 2361 1037 2438 εὐαγγελιστοῦ
1376 2365 1637 2441 βοῶντος·
1675 2391 1702 2416 α
1739 2366 1834 2420 Καὶ

370 2452 554 2526 άγων,
617 2452 777 2530 φησὶν
813 2500 828 2524 ,
890 2454 916 2506 6
981 2454 1224 2524 Ἰησοῦς,
1286 2451 1420 2508 εἶδεν
1483 2455 1764 2530 ἄνθρωπον
1819 2455 2023 2533 τυφλὸν

374 2540 435 2595 ἐκ
489 2544 702 2615 γενετῆς
760 2543 1066 2612 καθήμενον
1103 2560 1114 2572 ⁸
1176 2542 1264 2596 καὶ
1347 2542 1704 2618 ἐπηρώτησαν
1760 2543 1918 2598 αὐτὸν
1970 2546 2021 2599 οἱ

378 2630 610 2702 μαθηταὶ
671 2629 854 2702 αὐτοῦ,
919 2630 1184 2706 λέγοντες
1245 2627 1456 2701 Ῥαϐϐἱ,
1503 2632 1585 2693 τίς
1632 2633 1896 2708 ἥμαρτεν,
1930 2633 2021 2688 οὗ·

371 2739 460 2781 τος
559 2721 610 2773 οἱ
662 2725 837 2795 γονεῖς
883 2720 1067 2790 αὐτοῦ,
1095 2717 1186 2774 ἵνα
1231 2719 1434 2798 τυφλὸς
1486 2726 1760 2797 γεννηθῇ;
1797 2746 1824 2772 ››
1855 2723 1915 2779 Ὁ
1965 2720 2022 2777 δὲ

372 2808 566 2884 Κύριος
613 2809 748 2884 πρὸς
796 2808 1008 2870 αύτούς·
1043 2834 1070 2860 ‹‹
1107 2807 1246 2866 Οὐδὲ
1295 2811 1451 2872 οὗτος
1501 2810 1760 2886 ἥμαρτεν,
1796 2809 1920 2866 οὐδὲ
1968 2812 2020 2865 οἱ

365 2903 539 2972 γονεῖς
601 2897 783 2954 αὐτοῦ.
817 2895 1054 2953 ἀλλ’ἵνα
1111 2901 1394 2974 φανερωθῇ
1448 2899 1514 2953 τὰ
1562 2897 1694 2974 ἔργα
1735 2905 1831 2954 τοῦ
1885 2906 2018 2954 Θεοῦ

368 2986 419 3040 ἐν
471 2986 637 3058 αὐτῷ.
674 2989 855 3042 Ταῦτα
904 2987 1068 3042 εἰπὼν
1125 2989 1152 3041 6
1203 2987 1425 3062 Κύριος,
1460 2984 1651 3044 ἕπτυσε
1697 2989 1895 3065 χαμαὶ,
1928 2989 2016 3044 καὶ

369 3074 590 3146 ἐποίησε
619 3074 796 3147 πηλὸν
833 3076 891 3131 ἐκ
935 3081 1032 3131 τοῦ
1080 3077 1412 3150 πτύσματος,
1447 3079 1536 3132 καὶ
1591 3078 1842 3155 ἒπὲχρισε
1889 3078 2015 3140 τοὺς

369 3165 686 3243 ὀφθαλμοὺς
732 3170 829 3220 τοῦ
876 3165 1107 3244 τυφλοῦ.
1135 3168 1294 3221 »Καὶ
1355 3165 1668 3222 ἀπέστειλεν
1723 3167 1880 3223 αὐτὸν
1942 3168 2017 3230 εἷς

362 3256 454 3309 τὸν
517 3253 768 3328 Σιλωάμ·
819 3255 906 3310 καὶ
968 3256 1216 3319 ἀπελθὼν
1271 3255 1509 3330 ἐνίψατκ
1572 3256 1661 3311 καί
1717 3257 2012 3332 νιψάμενος

711 3315 719 3328 ,
1120 3315 1134 3319 ,
1367 3315 1374 3330 ,
1789 3315 1797 3332 ,
1855 3315 1864 3331 ,
1999 3315 2009 3320 -

309 3338 312 3340 ⁷
364 3341 668 3418 ἀνέϐλεψε·
733 3345 820 3399 καὶ
889 3341 1196 3419 ἀναϐλέψας
1273 3345 1546 3401 ἐπίστευσε
1608 3351 1686 3418 τῷ
1762 3315 2086 3427 ἀποστεί--ί1

367 3448 538 3490 Λαντι.
585 3440 781 3490 ’Ἄκουε
831 3438 1080 3496 συνετῶς.
1133 3434 1522 3510 Ἐπηρώτησαν
1571 3436 1662 3490 τὸν
1714 3435 1910 3512 Κύριον
1961 3437 2011 3490 οἱ

367 3523 623 3597 μαθηταὶ,
675 3521 946 3598 λέγοντες·
989 3550 1008 3574 «
1046 3521 1362 3596 Διδάσκαλε,
1394 3525 1478 3587 τίς
1537 3525 1802 3601 ἥμαρτεν,
1857 3526 2014 3586 οὗτος

360 3614 393 3681 ἣ
424 3614 476 3666 οἱ
505 3617 682 3687 γονεῖς
715 3613 901 3681 αὐτοῦ,
929 3610 1016 3667 τίνα
1044 3613 1246 3691 τυφλὸς
1295 3616 1528 3688 γεννηθῇ
1557 3635 1568 3684 ;
1608 3639 1635 3666 ››
1669 3616 1855 3670 Δικαία
1903 3621 2010 3671 τῶν

363 3701 684 3756 ἀποστόλων
741 3703 776 3771 ἡ
825 3701 1175 3777 ἐπερώτησις,
1229 3701 1372 3757 ἔνθεν
1435 3701 1723 3773 δείκνυται,
1785 3704 1866 3760 ὅτι
1937 3706 2011 3768 ὡς

361 3795 476 3861 Θεῷ
529 3795 608 3862 τῷ
669 3789 851 3863 Κυρίῳ
909 3793 1091 3861 Ἰησοῦ
1139 3791 1426 3866 προσίεσαν
1459 3796 1591 3868 (69).
1625 3794 1720 3856 Τίς
1763 3795 1865 3868 γὰρ
1900 3793 2012 3850 οἶδε

353 3880 422 3934 τὲι
473 3879 684 3952 κρυπτά
740 3883 848 3934 τῶν
909 3879 1234 3953 ἀνθρώπων,
1291 3881 1336 3935 εἶ
1395 3882 1468 3953 μή
1531 3883 1559 3935 ὁ
1612 3886 1718 3936 τῶν
1776 3880 2014 3956 καρδιῶν

360 3968 710 4044 ἰχνηλάτης;
750 3969 838 4022 Διὸ
868 3968 956 4023 καὶ
990 3969 1016 4023 ὁ
1050 3968 1247 4044 Κύριος
1301 3969 1399 4024 οὐκ
1437 3971 1678 4024 ἀνένευσε
1725 3971 1862 4046 πρὸς
1915 3973 2010 4040 τήν

359 4056 713 4132 ἐπερώτησιν,
755 4056 900 4113 ἀλλὰ
947 4060 1192 4131 παραυτᾶ
1241 4057 1410 4113 ἐποίει
1469 4060 1566 4127 τὴν
1618 4057 1924 4130 ἀπόκρισιν,
1957 4059 2008 4114 ἐν

353 4150 534 4217 ταυτῷ
563 4146 652 4200 καὶ
683 4149 790 4198 τῶν
835 4144 1155 4200 ἀποστόλων
1183 4148 1280 4214 τὴν
1335 4144 1667 4222 ἓπερώτησιν
1713 4145 2008 4224 πληροφο-

364 4239 491 4308 ρῶν,
523 4233 612 4288 καὶ
665 4234 764 4302 την
827 4233 990 4290 αὐτοῦ
1031 4233 1338 4298 θεοπιστίαν
1378 4229 1634 4310 βεϐαιῶν.
1667 4235 2009 4309 Ἀποκριθεὶς

356 4325 458 4399 γὰρ
499 4325 607 4396 ('70)
641 4325 668 4378 6
701 4324 898 4398 Κύριος
932 4323 1096 4378 εἶπεν·
1135 4350 1157 4377 α
1191 4322 1330 4380 Οὔτε
1378 4325 1534 4385 οὗτος
1590 4324 1856 4400 ἥμαρτεν,
1889 4321 2012 4380 οὕτε

360 4413 409 4466 οἱ
441 4418 616 4486 γονεῖς
648 4411 832 4467 αὐτοῦ·
868 4411 992 4468 ἀλλ’
1018 4410 1108 4467 ’ἕνα
1140 4415 1422 4490 φανερωθῇ
1452 4415 1520 4468 τὰ
1570 4409 1696 4490 ἔργα
1738 4418 1834 4468 τοῦ
1877 4417 2010 4468 Θεοῦ

356 4499 406 4553 ἐν
460 4501 625 4572 αὐτῷ·
665 4525 691 4553 ››
749 4501 1024 4556 τουτέστιν
1085 4503 1119 4570 ἡ
1181 4506 1427 4577 παροῦσα
1483 4501 1678 4557 τούτου
1731 4503 2008 4580 τύφλωσις

355 4589 455 4644 οὐκ
485 4589 626 4644 ἔστιν
661 4592 938 4665 ἁμαρτιῶν
973 4590 1491 4665 πρόσκομμα,ἁλλὰ
1521 4593 1730 4668 φύσεως
1763 4590 2007 4670 σφαλμα,

2151 675 2352 714 cornu.
2419 662 2659 717 Laetetur
2715 665 2927 719 domus
2980 671 3098 722 tua.
3133 669 3278 733 Quid
3313 670 3468 724 enim
3493 669 3514 724 ?
3544 674 3631 726 An
3666 673 3804 743 quia

2151 765 2363 818 parvus
2405 758 2510 820 est,
2547 769 2658 807 non
2686 761 2771 807 est
2805 758 2976 825 aptus
3012 757 3228 827 regno?
3259 762 3284 809 Ἰ
3307 760 3572 815 autillum
3604 778 3803 832 exspe-

2149 844 2260 904 cta,
2295 845 2351 893 et
2382 841 2604 897 videbis
2633 860 2746 915 quo
2781 852 2946 915 pacto
2980 846 3075 900 ille
3108 847 3386 917 parvulus
3436 849 3802 921 gigantiuam

2147 929 2392 995 turrem,
2425 931 2653 986 Goliath
2691 934 2929 1004 scilicet,
2966 940 3311 1006 prosternet.
3348 937 3506 993 Hanc
3536 956 3670 1011 ergo
3702 958 3799 1010 pa-

2147 1021 2375 1072 rentum
2410 1023 2824 1077 contumeliam
2858 1040 3054 1078 secum
3090 1030 3368 1096 reputans
3401 1028 3663 1095 David,et
3694 1030 3796 1084 ad-

2150 1107 2478 1163 mirandam
2511 1110 2741 1165 Domini
2778 1112 3197 1183 benignitatem
3233 1117 3414 1170 sacris
3437 1115 3644 1172 litteris
3667 1134 3798 1172 con-

2147 1195 2388 1267 signans
2419 1197 2788 1256 exclamabat
2823 1218 2835 1254 :
2873 1225 2900 1251 «
2935 1202 3105 1257 Pater
3135 1220 3301 1259 meus
3332 1209 3388 1259 et
3438 1210 3619 1261 mater
3669 1223 3798 1261 mea

2145 1284 2586 1358 dereliquerunt
2654 1306 2786 1357 me,
2860 1291 3138 1348 Dominus
3205 1298 3399 1349 autem
3468 1295 3798 1367 assumpsit

2147 1391 2240 1429 me
2269 1376 2332 1430 56.
2365 1399 2390 1424 ›)

2214 1465 2266 1520 4.
2306 1467 2461 1521 Hanc
2507 1467 2704 1539 itaque
2756 1471 3047 1542 prophetae
3100 1472 3278 1526 David
3330 1490 3524 1528 vocem
3577 1474 3794 1545 gratia-

2144 1570 2272 1608 rum
2325 1555 2550 1612 actione
2594 1557 2850 1628 plenam,
2887 1565 3210 1631 opportune
3245 1562 3381 1616 item
3417 1581 3601 1618 caecus
3633 1563 3732 1621 ille
3761 1582 3794 1620 a

2143 1644 2464 1712 nativitate,
2502 1647 2628 1701 visu
2666 1652 2915 1719 recepto,
2951 1665 3164 1720 magna
3195 1658 3253 1705 et
3287 1653 3407 1720 ipse
3438 1669 3572 1707 voce
3603 1654 3788 1710 dicet:

2141 1755 2167 1780 ‹‹
2210 1732 2380 1787 Pater
2413 1751 2577 1789 meus
2627 1742 2682 1791 et
2732 1743 2918 1792 mater
2985 1755 3114 1792 mea
3179 1740 3618 1811 dereliquerunt
3677 1760 3789 1812 me,

2142 1822 2424 1878 Dominus
2455 1829 2650 1879 autem
2683 1827 3008 1898 assumpsit
3039 1844 3150 1883 me.
3179 1851 3204 1877 η
3238 1830 3420 1885 Probe
3453 1832 3638 1886 nostis
3670 1849 3793 1887 om-

2143 1928 2264 1978 nes,
2295 1913 2445 1982 quod
2485 1913 2576 1968 hic
2609 1931 2840 1986 quoque
2872 1920 2926 1971 et
2955 1933 2987 1971 a
3018 1919 3360 1988 parentibus
3391 1920 3641 1990 rejectus
3673 1922 3791 1977 fue-

2140 2001 2234 2061 rit,
2271 2008 2328 2054 et
2360 2018 2392 2055 a
2429 2003 2538 2057 Deo
2571 2020 2684 2058 non
2717 2006 2892 2060 fuerit
2923 2006 3256 2062 derelictus.
3291 2009 3393 2063 Sed
3430 2014 3493 2064 ut
3525 2011 3788 2068 debitum

2137 2091 2560 2160 persolvamus,
2597 2093 3018 2166 paululumque
3047 2112 3395 2165 recreemur,
3433 2104 3496 2153 ut
3549 2117 3786 2156 rursum

2138 2179 2306 2234 nobis
2339 2182 2536 2236 debita
2567 2183 2992 2239 concredantur
3024 2203 3034 2238 :
3071 2203 3193 2257 age,
3228 2188 3299 2241 ad
3331 2205 3544 2242 cazcum
3573 2207 3605 2242 a
3638 2192 3787 2246 nati-

2133 2268 2308 2324 vitate
2339 2275 2664 2342 opportune
2693 2275 3786 2350 accedamus.Audisti,dilectc,(Domi-

2137 2359 2267 2413 nica
2299 2359 2435 2431 [7l])
2462 2363 2820 2430 praicedente
2865 2364 3152 2418 Joannem
3204 2367 3623 2437 evangelistam
3674 2369 3788 2423 cla-

2137 2453 2391 2503 mantem
2447 2466 2458 2502 :
2503 2473 2528 2498 ‹‹
2561 2451 2629 2504 Et
2662 2452 3018 2522 praeteriens,
3059 2477 3078 2500 »
3116 2454 3329 2525 inquit,
3365 2479 3391 2505 ‹‹
3424 2457 3612 2524 Jrsus,
3644 2457 3787 2512 vidit

2132 2537 2429 2593 hominem
2464 2555 2681 2595 caseum
2715 2559 2747 2596 a
2778 2541 3080 2597 nativitate
3131 2545 3449 2600 sedentem.
3487 2547 3554 2600 Et
3603 2546 3782 2602 inter-

2133 2631 2485 2698 rogaverunt
2550 2643 2684 2682 eum
2751 2627 3026 2700 discipuli
3091 2631 3218 2701 ejus
3289 2647 3302 2686 :
3376 2632 3580 2699 Rabbi,
3653 2627 3834 2705 quis’

2132 2715 2409 2786 peccavit,
2463 2715 2556 2770 hic
2607 2720 2707 2770 aut
2756 2721 3027 2787 parentes
3076 2721 3225 2787 ejus,
3261 2725 3324 2775 ut
3356 2738 3544 2776 caecus
3580 2741 3779 2778 nasce-

2131 2805 2329 2859 retur?
2358 2828 2385 2853 n
2419 2805 2642 2872 Quibus
2675 2806 2960 2861 Dominus
2995 2825 3006 2861 :
3043 2829 3070 2856 ‹‹
3119 2807 3317 2880 Neque
3365 2811 3458 2865 hic
3504 2815 3777 2882 peccavit,

2131 2911 2319 2966 neque
2369 2899 2638 2964 parentes
2684 2896 2830 2965 ejus,
2884 2898 2982 2951 sed
3029 2902 3092 2950 ut
3125 2898 3575 2955 manif'estentur
3605 2918 3781 2972 opera

2131 2983 2229 3037 Dei
2263 2985 2318 3038 in
2355 2984 2473 3039 illo.
2511 2984 2638 3039 Haec
2667 3001 2800 3039 eum
2834 2985 3078 3040 dixisset
3109 2987 3412 3054 Dominus,
3445 2991 3676 3060 exepuit
3719 2991 3778 3045 in

2129 3077 2367 3139 terram,
2420 3078 2476 3128 et
2525 3074 2656 3128 fecit
2703 3073 2892 3128 lutum
2945 3091 3011 3130 ex
3057 3080 3248 3146 sputo,
3296 3082 3351 3130 et
3382 3076 3570 3132 linivit
3602 3095 3779 3150 super

2128 3163 2328 3220 oculos
2359 3164 2491 3218 caeci
2521 3165 2584 3218 ⁵⁷.
2614 3185 2640 3213 ››
2668 3165 2732 3218 Et
2764 3165 2927 3220 misit
2956 3182 3091 3220 eum
3124 3167 3194 3220 ad
3224 3166 3439 3222 Siloam
3478 3185 3488 3220 :
3524 3185 3777 3240 eumque

2129 3254 2390 3320 abiisset,
2425 3253 2566 3308 lavit
2599 3271 2610 3307 :
2646 3253 2800 3309 lotus
2831 3254 3250 3326 vidit,visuque
3279 3260 3508 3327 recepto
3533 3259 3780 3312 credidit

2126 3343 2183 3397 in
2217 3358 2348 3397 eum
2379 3342 2479 3413 qui
2512 3341 2820 3397 mississet.
2853 3344 2983 3397 Haec
3016 3345 3334 3415 prudenter
3362 3345 3776 3400 audiJnterro-

2125 3432 2343 3503 gabant
2400 3432 2713 3486 Dominum
2768 3432 3043 3504 discipuli
3074 3433 3333 3488 dicentes
3367 3451 3380 3490 :
3422 3453 3443 3481 ι
3479 3435 3772 3506 Magister,

2125 3522 2259 3593 quis
2291 3523 2570 3592 peccavit,
2604 3521 2698 3576 hic
2731 3525 2832 3576 aut
2863 3526 3132 3594 parentes
3164 3525 3313 3594 ejus,
3349 3529 3413 3578 ut
3446 3541 3629 3579 (‘8‘.0llS
3675 3542 3774 3578 na-

2125 3611 2427 3666 sceretur?
2462 3633 2489 3659 ››
2525 3612 2707 3681 Hique
2753 3615 2878 3665 erat
2927 3611 3324 3683 apostolorum
3378 3613 3771 3685 interrogatio,

2124 3704 2188 3755 ut
2236 3700 2371 3756 inde
2421 3700 2624 3770 liquet,
2677 3701 2829 3771 quod
2884 3701 2955 3754 ad
3009 3701 3321 3756 Dominum
3366 3704 3586 3771 Jesum,
3620 3704 3775 3757 velut

2123 3776 2329 3856 Deum,
2358 3789 2727 3845 accesserint.
2763 3790 2904 3854 Quis
2931 3789 3088 3845 novit
3116 3791 3270 3845 enim
3314 3796 3537 3846 secreta
3585 3791 3768 3846 homi-

2124 3895 2290 3944 num,
2325 3878 2437 3933 nisi
2469 3883 2761 3934 serutator
2791 3879 3096 3934 cordiuru?
3127 3879 3408 3943 Quocirca
3440 3898 3542 3935 nec
3574 3880 3770 3934 Domi-

2124 3985 2235 4022 nus
2268 3968 2782 4039 interrogationem
2817 3968 3048 4037 abjecit;
3083 3970 3180 4024 sed
3216 3970 3418 4024 statim
3452 3969 3771 4041 respondit,

2123 4057 2326 4111 eadem
2359 4073 2535 4127 opera
2565 4060 2622 4111 et
2650 4056 3049 4128 apostolorum
3084 4058 3526 4130 interrogationi
3562 4060 3776 4115 faciens

2122 4145 2351 4208 satis,et
2381 4145 2618 4200 deitatis
2647 4162 2766 4201 suae
2802 4146 2973 4201 ﬁdem
3007 4147 3776 4219 conﬁrmans.Respondens

2123 4234 2278 4288 enim
2311 4233 2484 4288 Jesus
2535 4233 2724 4287 dixit:
2767 4254 2787 4280 α
2838 4234 3037 4304 Neque
3098 4235 3190 4289 hic
3248 4236 3525 4306 peccavit,
3589 4254 3776 4308 neque

2125 4326 2393 4394 parentes
2438 4323 2568 4392 ejus
2602 4339 2612 4375 :
2652 4322 2752 4376 sed
2805 4326 2868 4376 ut
2904 4322 3354 4378 manifestentur
3384 4341 3557 4395 opera
3590 4326 3683 4380 Dei
3716 4326 3775 4379 in

2124 4410 2256 4480 illo;
2294 4433 2320 4459 ››
2354 4411 2407 4464 id
2443 4415 2576 4478 est;
2616 4410 2814 4465 istbcec
2845 4411 2973 4480 ejus
3025 4411 3274 4480 caecitas,
3332 4429 3444 4467 non
3502 4420 3591 4468 est
3646 4429 3776 4485 pec—

2122 4504 2384 4555 catorum
2435 4516 2617 4570 paena,
2669 4499 2766 4553 sed
2823 4504 3043 4554 natura:
3095 4500 3379 4555 defectus.
3427 4501 3588 4555 Sicut
3621 4501 3773 4555 enim

2123 4591 2343 4662 planta,
2375 4593 2688 4660 antequam
2733 4593 2950 4643 eterra
2993 4588 3264 4659 pullulet,
3299 4590 3356 4643 in
3403 4591 3596 4645 radice
3652 4593 3776 4661 pte-

351 4683 553 4756 ’Ὡσπερ
605 4681 705 4756 γὰρ
762 4681 925 4758 φυτὸν
977 4681 1082 4756 πρὸ
1129 4685 1227 4734 τοῦ
1272 4687 1370 4750 τῆς
1401 4688 1507 4754 γῆς
1562 4681 1811 4755 ἐκκύψαι,
1842 4681 1892 4735 ἐν
1939 4685 2007 4755 τῇ

2133 4695 2367 4750 rumque
2398 4694 2466 4732 ex
2496 4665 2810 4733 ambientis
2841 4678 2990 4733 aeris
3024 4678 3326 4734 affectione
3359 4680 3642 4735 damnum
3679 4697 3773 4735 ac-

355 4767 475 4844 ῥίζῃ
525 4767 796 4832 πολλάκις
850 4769 955 4824 ἀπὸ
1003 4769 1368 4846 περιστάσεως
1418 4770 1599 4845 ἀερίου
1650 4773 1748 4840 τήν
1792 4766 2003 4845 βλάϐην

353 4855 593 4934 δέχεται,
629 4857 770 4914 οὕτω
827 4857 916 4912 καὶ
970 4859 1126 4920 οὗτος
1160 4859 1187 4911 6
1220 4859 1279 4913 ἐκ
1329 4865 1550 4934 γενετῆς
1596 4858 1824 4936 τυφλὸς,
1858 4859 1908 4913 ἐν
1940 4863 2008 4933 τῇ

351 4945 514 5018 νηδύϊ
543 4949 642 5018 τὴν
672 4951 922 5023 πήρωσιν
977 4946 1208 5018 ἐδέξατο·
1242 4949 1276 5017 ἣ
1321 4953 1417 5003 τοῦ
1479 4949 1741 5023 μητρῴου
1798 4948 2037 5015 κόλπου,

353 5036 634 5091 ἀνευθέτου
687 5038 1110 5113 ὑπάρχοντος,
1160 5043 1256 5092 τοῦ
1304 5038 1560 5109 πατρῴου
1606 5032 1811 5113 σπόρου
1840 5059 2007 5092 κακο-

353 5125 542 5201 χύμου
572 5122 1032 5197 καταϐληθέντος.
1053 5128 1111 5183 Ὁ
1135 5123 1192 5182 δὲ
1211 5129 1309 5196 τὴν
1344 5125 1635 5205 σφαλεῖσαν
1670 5124 1823 5204 φύσιν
1861 5123 2008 5201 διορ-

350 5213 622 5275 Θώσασθαι
658 5210 953 5285 δυνάμενος
993 5211 1143 5268 οὐδὲν
1175 5211 1355 5290 ἕτερον
1407 5215 1440 5283 ἣ
1489 5219 1596 5268 τῶν
1646 5212 1856 5292 φύσεων
1907 5211 2009 5286 δη-

354 5301 618 5376 μιουργὸς
677 5301 1042 5375 εὑρεθήσεται.
1073 5302 1166 5357 Διὸ
1213 5302 1304 5358 καὶ
1354 5304 1381 5358 ὁ
1436 5303 1637 5375 Κύριος
1697 5303 2009 5381 ἀπεφήνατο

425 5471 469 5507 ⁸⁸
499 5471 652 5528 Psal.
684 5489 837 5544 xxvr,
866 5473 953 5530 10.
1030 5475 1073 5510 ⁸⁷
1102 5473 1271 5531 Joan.
1305 5490 1382 5542 1x,
1419 5475 1539 5542 1-3,
1569 5476 1624 5530 6.

424 5639 664 5733 ᾲΙιθ.
693 5643 842 5733 Ριεεὶ
865 5643 926 5733 2,.
965 5642 1119 5733 Editi
1150 5647 1638 5733 vero,laeocjeav.
1661 5643 1830 5733 ‘Infrra

348 5714 407 5781 2,
433 5710 703 5788 ἐρῴτησιν
748 5710 851 5786 pro
895 5711 1251 5788 ἐπερωτησιν.
1285 5710 1436 5788 Ibid:
1469 5710 1606 5788 Reg.
1657 5716 1710 5783 1,
1761 5716 1816 5785 2,
1863 5710 2012 5787 ques

353 5784 684 5858 sequimur,
714 5784 1193 5864 παραυτά.Ἐ(ἰὶῐὶ,
1219 5787 1346 5864 παρ’
1379 5784 1571 5860 αὐτήνῖ

2118 4767 2297 4839 cipit;
2330 4769 2410 4822 ita
2439 4771 2496 4823 et
2526 4767 2621 4822 hic
2669 4783 2703 4821 a
2749 4766 3052 4822 nativitate
3101 4785 3308 4836 caecus,
3361 4769 3569 4825 vitium
3621 4771 3776 4840 ejus-

2124 4858 2283 4912 modi
2313 4856 2373 4911 in
2407 4861 2569 4912 utero
2597 4857 2904 4922 contraxit;
2939 4858 3057 4912 sive
3089 4859 3244 4929 quod
3280 4863 3580 4915 maternus
3613 4859 3779 4914 sinus

2123 4946 2278 5001 haud
2312 4951 2466 5000 recte
2492 4946 2854 5016 compositus
2887 4952 3061 5013 esset,
3095 4948 3216 5002 sive
3265 4949 3417 5018 quod
3469 4953 3777 5018 paternum

2123 5051 2320 5090 semen
2373 5035 2681 5105 emissum,
2714 5035 2993 5091 vitiosum
3026 5041 3200 5092 esset.
3235 5036 3340 5100 Qui
3377 5053 3546 5107 porro
3579 5053 3777 5091 erran-

2122 5129 2239 5179 tem
2295 5127 2563 5178 naturam
2619 5128 2813 5196 potest
2862 5125 3173 5196 corrigere,
3230 5123 3375 5178 nihil
3429 5142 3567 5180 sane
3619 5125 3774 5180 aliud

2123 5229 2298 5286 quam
2329 5219 2672 5268 naturarum
2708 5217 2930 5267 creator
2952 5213 3635 5283 deprehendetur.Quare
3659 5212 3777 5267 haec

2122 5301 2409 5359 Dominus
2439 5301 2845 5372 pronuntiavit
2877 5319 2888 5355 :
2923 5324 2951 5352 «
2985 5301 3180 5372 Neque
3211 5301 3304 5356 hic
3337 5300 3614 5373 peccavit,
3674 5316 3774 5356 ne-

2193 5643 2306 5713 (70)
2341 5640 2426 5696 Ita
2458 5641 2593 5713 Reg.
2627 5640 2684 5713 2._
2716 5639 2864 5713 Ediii
2899 5643 3118 5702 autem,
3155 5639 3499 5713 Ἀποκριθεὶς
3534 5636 3612 5697 δὲ.

2191 5711 2306 5784 (71)
2337 5713 2431 5768 Sic
2471 5711 2848 5768 Holsteinius.
