4120 6406
417 440 569 502 1007

1576 430 1635 490 S.
1685 428 2204 489 ATHANASIUS.
2240 464 2313 473 —
2354 432 2664 493 SPURIA.

3682 439 3838 500 1008

414 589 527 645 que
551 572 822 644 parentes
849 567 1002 639 ejus,
1033 565 1136 621 sed
1169 567 1235 619 ut
1265 562 1715 619 manilestentur
1746 577 1920 632 opera
1969 566 2052 616 De

2182 558 2375 635 λέγων·
2410 586 2437 613 ι(
2473 559 2610 619 Οὔτε
2659 564 2815 628 οὗτος
2871 565 3136 643 ἥμαρτεν,
3169 562 3293 623 οὔτε
3340 568 3392 623 oi
3438 574 3615 644 γονεῖς
3641 569 3832 641 αὐτοῦ,

413 664 471 717 in
522 661 641 717 illo.
696 684 718 711 ι
772 656 992 728 Hisque
1041 653 1306 727 prolatis,
1357 651 1666 708 confestim
1712 651 1840 722 ipso
1871 666 2064 721 opere,

367 766 371 770 '
412 767 541 807 sese
573 748 831 805 ostendit
862 762 992 802 esse
1022 747 1366 799 naturarum
1398 744 1740 809 creatorem,
1774 755 1840 794 ac
1891 739 1962 793 de
2007 754 2069 793 se

412 840 542 913 ipso
598 836 819 894 dixisse
878 853 892 890 :
948 856 976 885 ‹‹
1038 838 1104 888 ut
1165 830 1617 887 manifestentur
1668 844 1845 900 opera
1874 827 1972 882 Dei
2007 829 2066 881 in

411 929 511 986 illo
536 947 550 997 ;
584 949 611 979 ι)
643 927 698 983 id
735 931 845 992 est,
881 928 945 980 ut
974 939 1077 995 per
1107 920 1275 977 illum
1305 919 1672 991 exploratum
1704 918 1783 973 sit
1812 934 1926 987 me,
1953 934 2068 973 non

411 1034 643 1075 merum
670 1015 993 1083 hominem,
1025 1012 1127 1068 sed
1163 1015 1341 1065 Deum
1388 1009 1594 1064 fortem
1636 1022 1787 1062 esse.
1840 1006 2070 1062 Poterat

412 1109 569 1165 enim
607 1106 887 1162 Dominus
915 1101 1037 1157 solo
1069 1101 1488 1165 verboraecum
1518 1112 1743 1162 curare,
1766 1095 1862 1166 qui
1893 1095 2068 1151 verbo

413 1196 590 1253 ccelos
650 1195 1001 1256 ﬁrmaverat,
1051 1191 1224 1261 juxta
1280 1186 1544 1242 divinum
1602 1184 1750 1240 illud
1789 1184 2063 1240 dictum:

418 1309 448 1340 «
478 1287 665 1343 Verbo
696 1281 929 1341 Domini
961 1280 1088 1335 caeli
1120 1277 1332 1332 firmati
1367 1279 1504 1331 sunt
1530 1275 1609 1343 68;
1647 1295 1675 1324 ››
1706 1278 1931 1346 poterat
1957 1274 2067 1329 ita-

416 1393 530 1451 que
555 1376 731 1433 verbo
764 1373 919 1429 hunc
940 1367 1241 1425 nativitate
1298 1380 1520 1422 caecum
1579 1380 1802 1419 curare.
1863 1363 1923 1418 Id
1979 1368 2067 1419 ta-

416 1484 548 1523 men
584 1463 826 1521 minime
854 1459 1012 1528 facit,
1045 1457 1147 1513 sed
1177 1455 1301 1512 luto
1332 1453 1532 1511 oculos
1566 1452 1734 1525 ungit
1778 1451 1970 1520 illius;
2003 1457 2068 1508 ut

413 1557 607 1631 palam
671 1555 885 1610 faceret
950 1547 1248 1616 omnibus,
1315 1561 1445 1601 esse
1510 1561 1572 1599 se
1627 1541 1795 1598 illum
1860 1541 2065 1597 Adami

411 1645 682 1719 figulum,
725 1640 826 1715 qui
873 1635 1070 1696 simile
1115 1633 1296 1691 simili
1346 1632 1676 1689 resarciret.
1729 1631 1856 1688 Non
1894 1631 2065 1688 inno-

405 1740 504 1794 vat
533 1730 858 1790 curationis
889 1727 1124 1793 seriem,
1159 1740 1233 1780 ne
1279 1721 1633 1779 miraculum
1686 1721 2000 1793 dissiparet
2050 1738 2063 1775 :

405 1826 596 1882 lutum
664 1822 785 1878 luto
849 1815 1084 1889 inungit
1135 1831 1147 1868 :
1201 1828 1268 1869 ac
1301 1809 1495 1868 simile
1543 1808 1728 1866 simili
1798 1810 2061 1866 resarcit.

2178 646 2305 704 ἀλλ’
2330 648 2421 705 ἵνα
2452 652 2732 728 φανερωθῇ
2757 655 2825 710 τὰ
2853 651 2986 731 ἔργα
3032 661 3129 711 τοῦ
3178 660 3313 713 Θεοῦ
3365 656 3416 713 ἐν
3464 657 3630 732 αὐτῷ.
3665 683 3694 713 ››
3727 660 3831 717 Καὶ

2174 742 2341 793 ταῦτα
2372 739 2536 795 εἷ’πὼν
2572 740 2765 805 εὐθέως
2798 739 2888 798 διὰ
2922 749 3019 799 τοῦ
3069 743 3232 821 ἔργοα
3283 746 3561 822 γνωρίζει,
3594 746 3679 804 ὅτι
3729 749 3829 806 σύ-

2176 825 2267 888 τός
2300 826 2439 882 ἐστιν
2472 830 2500 883 6
2529 834 2635 885 τῶν
2670 831 2879 909 φύσεων
2912 830 3273 910 δημιουργὸς,
3304 836 3392 891 καὶ
3425 836 3510 892 ὅτι
3558 838 3683 913 περῖ
3734 839 3829 895 αὖ·

2175 922 2273 972 τοῦ
2331 914 2534 996 ἔλεγεν·
2587 946 2615 973 ‹‹
2660 920 2751 977 ’ίνα
2800 927 3086 1001 φανερωθῇ
3134 927 3202 981 τὰ
3248 923 3377 1003 ἔργα
3424 932 3520 983 τοῦ
3581 934 3716 984 Θεοῦ
3777 928 3829 984 ἐν

2178 1006 2344 1081 αὐτῷ·
2384 1033 2410 1059 ››
2438 1012 2733 1082 τουτέστιν,
2774 1010 2867 1067 ’ίνα
2914 1020 3204 1090 γνωρισθῶ
3256 1013 3325 1070 δι’
3378 1017 3564 1089 αὐτοῦ,
3593 1016 3677 1072 ὅτι
3729 1018 3830 1074 οὐκ

2176 1096 2291 1168 εἰμί
2326 1095 2474 1159 λιτὸς
2532 1095 2836 1176 ἅνθρωπος,
2869 1101 3014 1158 ἀλλὰ
3069 1104 3197 1168 Θεὸς
3256 1106 3533 1177 κραταιός.
3566 1104 3832 1164 Ἦδύνατο

2174 1185 2275 1261 γὰρ
2307 1186 2335 1239 ὁ
2366 1186 2560 1263 Κύριος
2589 1188 2670 1262 τῷ
2697 1189 2902 1265 ῥήματι
2934 1191 3085 1265 μόνῳ
3140 1195 3231 1249 τὸν
3287 1192 3493 1273 τυφλὸν
3555 1195 3830 1267 ἰάσασθαι,

2178 1274 2205 1329 ὁ
2238 1273 2392 1365 λόγῳ
2445 1276 2574 1340 τοὺς
2632 1279 2897 1356 οὐρανοὺς
2945 1283 3264 1359 στερεώσας,
3315 1286 3452 1339 κατά
3507 1285 3569 1340 τὸ
3627 1286 3829 1365 φάσκον

2178 1368 2320 1428 θεῖον
2352 1364 2544 1441 ῥητόν·
2574 1393 2601 1419 (ι
2634 1374 2722 1442 Τῷ
2753 1364 2906 1446 λόγῳ
2958 1372 3154 1446 Κυρίου
3200 1374 3252 1426 οἱ
3301 1372 3523 1450 οὐρανοὶ
3566 1364 3836 1451 ἐστερεώ-

2175 1455 2362 1523 θησαν·
2400 1479 2428 1508 ››
2460 1454 2693 1527 ἠδύνατο
2726 1457 2816 1514 οῦν
2853 1457 3008 1535 λόγῳ
3036 1461 3125 1516 καὶ
3156 1466 3347 1517 τοῦτον
3394 1464 3486 1519 τὸν
3519 1462 3579 1519 ἐκ
3607 1472 3832 1540 γενετῆς

2173 1541 2377 1622 τυφλὸν
2437 1553 2782 1623 θεραπεῦσαι.
2818 1547 2975 1607 Ἀλλ’
3008 1551 3069 1607 οὐ
3129 1558 3278 1607 ποιεῖ
3325 1558 3509 1625 τοῦτο,
3543 1554 3723 1626 πηλὸν
3773 1553 3833 1611 δὶ

2176 1631 2415 1723 ἐπιχρίει
2463 1641 2580 1699 τοῖς
2631 1636 2937 1716 ὀφθαλμοῖς
2974 1643 3087 1715 (72)
3118 1640 3423 1714 αὐτοῦ,“ίνα
3480 1649 3609 1699 πᾶσι
3670 1665 3832 1723 φανε-

2175 1720 2267 1793 ρὸν
2298 1726 2631 1799 καταστήσῃ,
2666 1726 2749 1781 ὅτι
2806 1726 2966 1790 αὑτός
3016 1728 3154 1784 ἐστιν
3188 1730 3215 1784 6
3246 1730 3337 1785 xui
3385 1735 3482 1786 τοῦ
3514 1720 3693 1807 Ἀδὰμ
3738 1753 3828 1789 κε-

2176 1809 2501 1884 ραμεῦς,καὶ
2528 1810 2618 1869 διὰ
2646 1818 2742 1868 τοῦ
2774 1815 2973 1887 ὁμοίου
3002 1817 3064 1872 τὸ
3098 1817 3289 1890 ὅμοιον
3324 1818 3665 1895 ἀποπληρῶν
3688 1823 3828 1896 (73).

404 1916 609 1972 Posset
639 1916 837 1968 autem
899 1905 1034 1979 quis
1087 1903 1298 1968 dicere,
1358 1900 1489 1957 ideo
1553 1899 1865 1956 Dominum
1927 1898 2052 1955 cteci

2175 1897 2253 1955 Οὐ
2291 1899 2482 1970 ξενίζει
2510 1903 2609 1971 τήν
2642 1902 2941 1977 περιοδίαν,
2971 1904 3064 1961 ’ἱνα
3098 1909 3172 1979 μή
3208 1905 3530 1984 διασκεδάσῃ
3558 1911 3658 1979 τὴν
3701 1921 3834 1976 θαυ-

407 2003 609 2062 oculos
656 1997 960 2056 inunxisse
1007 1994 1153 2061 luto,
1195 1996 1261 2047 ut
1289 1989 1483 2063 palam
1516 1989 1793 2045 omnibus
1826 1989 2058 2056 faceret,

408 2111 470 2151 se
499 2093 693 2165 ipsum
725 2102 854 2144 esse
883 2084 982 2157 qui
1010 2083 1302 2139 Adamum
1333 2097 1401 2135 ex
1432 2079 1555 2135 luto
1585 2078 1970 2134 eil‘ormasset.

2174 1991 2528 2066 ματουργίαι·
2564 1991 2741 2062 πηλὸν
2776 1992 2863 2049 ἐπὶ
2894 1994 3075 2066 πηλὸν
3105 1995 3474 2074 ἐπιχρίει,διά
3499 2004 3598 2055 τοῦ
3629 2001 3833 2074 ὁμοίου

2167 2079 2229 2133 τὸ
2260 2078 2453 2152 ὅμοιον
2485 2080 2838 2157 ἀναπληρῶν.
2872 2085 3024 2139 Ἔστι
3074 2083 3132 2140 δὲ
3182 2087 3396 2150 πάντως
3455 2088 3623 2144 εἰπεῖν
3682 2093 3830 2161 τινα,

405 2181 497 2238 καὶ
550 2180 635 2235 ὅτι
688 2175 882 2231 τούτου
936 2167 1099 2249 χάριν
1132 2170 1160 2224 6
1192 2169 1393 2245 Κύριος
1453 2165 1640 2242 ἔχρισε
1690 2163 1858 2238 πηλῷ
1911 2165 2039 2229 τοὺς
2102 2167 2421 2245 ὀφθαλμοὺς
2478 2175 2573 2225 τοῦ
2629 2170 2861 2251 τυφλοῦ,
2891 2171 2982 2229 ’ίνα
3039 2182 3168 2231 πᾶσι
3221 2178 3443 2255 φανερὸν
3493 2181 3827 2252 καταστήσῃ,

1550 2254 1553 2255 ν
3778 2235 3789 2253 .

409 2272 494 2327 ὅτι
527 2267 685 2331 αὐτός
715 2267 854 2321 ἐστιν
889 2265 917 2318 6
946 2261 1036 2317 xui
1064 2261 1158 2316 τὸν
1186 2256 1367 2331 Ἀδὰμ
1395 2254 1846 2333 χοοπλαστήσας.

480 2360 634 2418 368
663 2361 718 2416 5.
752 2355 901 2422 Quid
934 2369 1106 2426 porro
1135 2366 1325 2407 causae
1354 2353 1444 2405 est
1471 2347 1622 2419 quod
1667 2364 1804 2403 eum
1838 2346 2066 2402 miserit

407 2451 467 2508 in
513 2444 774 2506 Siloam?
805 2447 891 2500 An
921 2441 1097 2499 etiam
1127 2440 1418 2495 Adamum
1446 2436 1507 2492 in
1539 2436 1756 2493 Siloam
1787 2433 2063 2492 demisit?

407 2543 639 2597 Atteute
671 2534 828 2592 audi.
864 2530 1107 2598 Quando
1151 2529 1439 2585 Adamum
1492 2525 1778 2581 Dominus
1821 2542 1889 2581 ex
1938 2524 2061 2580 luto

407 2627 717 2692 formabat,
750 2618 1207 2694 repugnantium
1235 2617 1574 2672 Judteorum
1606 2615 1809 2669 aderat
1842 2630 2011 2669 nemo
2045 2630 2057 2668 :

407 2735 540 2774 cum
575 2731 747 2772 nemo
771 2715 968 2783 itaque
992 2709 1225 2765 adesset
1254 2705 1354 2778 qui
1385 2702 2062 2772 contradiceret,minore

405 2810 684 2880 apparatu
722 2798 1131 2859 rationabilem
1164 2796 1316 2853 hanc
1337 2800 1595 2851 statuam
1628 2792 2059 2866 perfecit.Nunc

403 2912 539 2953 vero
578 2909 712 2951 cum
775 2889 944 2947 multi
1003 2885 1425 2955 contradicant,
1486 2883 1659 2955 louga
1715 2882 2060 2938 circuitione

404 2985 611 3052 utitur;
638 2988 703 3037 ut
733 2981 1079 3055 potestatem
1109 2976 1364 3032 afﬁrmet
1395 2989 1599 3040 suam;
1635 2976 1701 3027 ut
1728 2970 1813 3027 vel
1846 2970 2059 3027 invitos

404 3073 873 3132 contradicentes
902 3069 972 3125 ad
1006 3064 1275 3123 miraculi
1314 3078 1625 3119 assensum
1674 3060 2054 3133 pertraheret.

407 3164 596 3234 Hujus
652 3160 732 3217 rei
765 3157 955 3232 gratia
986 3156 1107 3213 luto
1136 3156 1447 3210 inunctnm
1480 3150 1648 3207 illum
1681 3150 1843 3205 misit
1871 3149 1931 3204 in
1962 3149 2052 3205 Si-
2082 3212 2087 3219 ἱ

404 3251 585 3321 loam,
617 3254 685 3307 ut
715 3264 844 3306 sese
901 3246 1209 3302 ablueret:
1246 3260 1360 3299 non
1418 3242 1570 3313 quod
1631 3239 1788 3296 Siloa
1842 3243 2055 3310 egeret,

408 3340 576 3398 Siloa:
610 3337 931 3404 Dominus;
962 3334 1061 3390 sed
1095 3342 1155 3389 ut
1185 3335 1454 3388 currente
1483 3329 1763 3399 caico,qui
1796 3328 2058 3383 viderent

410 3431 820 3501 sequerentur,
850 3428 1122 3495 essetque
1151 3420 1250 3493 qui
1282 3436 1397 3475 non
1428 3418 1681 3488 videbat,
1730 3416 2056 3471 videntium

408 3520 530 3575 dux
573 3534 585 3573 :
637 3516 753 3590 ipsi
802 3518 996 3572 autem
1049 3512 1149 3583 qui
1197 3508 1819 3573 accnrrissent,testes
1870 3505 2058 3561 forent

408 3606 701 3665 miraculi.
733 3604 905 3674 Nam,
937 3617 1072 3657 cum
1102 3598 1246 3655 illud
1282 3598 1564 3654 Dominus
1594 3596 1825 3663 faceret,
1859 3595 2055 3650 mitte-

404 3703 608 3769 retque
655 3694 956 3751 hominem
1008 3691 1066 3745 in
1097 3688 1339 3753 Siloam,
1369 3702 1505 3741 accu
1519 3685 1756 3741 rrebant
1785 3685 2053 3756 ingentes

400 3787 608 3855 turbae,
633 3781 919 3840 miraculo
950 3778 1359 3836 testimonium
1394 3774 1785 3849 perhibentes.
1813 3774 1922 3829 Sed
1956 3773 2054 3828 ad-

397 3874 515 3931 huc
563 3872 956 3931 susurrabant
1008 3866 1305 3937 Pharisaei,
1356 3864 1586 3921 curiose
1636 3881 1757 3920 rem
1786 3864 2048 3934 iinvesti-

394 3967 722 4036 gantest,ac
755 3958 1126 4032 phantasiam
1159 3972 1288 4012 esse
1322 3954 1672 4010 miraculum
1695 3952 1840 4008 illud
1864 3952 2049 4008 excla-

394 4053 655 4108 mabant.
690 4049 837 4117 Quid
871 4046 1078 4103 facluri
1110 4049 1297 4113 erant,
1334 4042 1447 4097 nisi
1479 4042 1741 4113 longiore
1793 4042 2044 4097 circuitu

392 4141 745 4197 miraculum
763 4134 1332 4210 designasset?Quod
1353 4132 1399 4188 si
1419 4131 1534 4187 alia
1550 4133 1775 4187 ratione
1792 4131 2044 4186 volueris

393 4231 609 4287 Siloam
644 4230 705 4285 in
759 4228 1009 4300 figuram
1057 4227 1318 4295 accipere
1362 4220 1596 4292 piscinae
1641 4220 2039 4292 baptismatis,

391 4335 768 4392 nequaquam
800 4335 836 4374 a
862 4333 994 4373 vero
1026 4313 1407 4379 aberraveris,
1454 4310 1928 4381 quandoquidem
1977 4308 2038 4364 in

387 4409 490 4467 illa
538 4408 796 4466 universi
827 4404 1168 4479 ignorantia:
1199 4401 1456 4458 tenebris
1490 4400 1776 4469 lavantur,
1811 4398 2037 4455 lumen-

385 4515 502 4572 que
530 4498 639 4571 pize
664 4495 967 4569 religionis
999 4492 1313 4565 accipiunt.

2241 2348 2295 2403 5.
2327 2348 2483 2410 Τίνος
2542 2346 2598 2405 δὲ
2653 2346 2827 2406 ἕνεκεν
2873 2352 3184 2409 ἀπέστει)εν
3241 2354 3397 2411 αὐτὸν
3444 2355 3520 2419 εἷς
3577 2358 3668 2413 τὸν
3726 2363 3826 2413 Σι-

2174 2433 2375 2509 λωάμ;
2408 2438 2500 2508 Μὴ
2532 2439 2622 2494 καὶ
2653 2440 2744 2496 τὸν
2774 2439 2957 2514 Ἀδὰμ
2988 2443 3064 2506 εἰς
3094 2444 3186 2498 τὸν
3222 2443 3457 2519 Σιλωάμ
3508 2445 3775 2523 ἐχάλασεν
3810 2467 3825 2518 ;

2170 2531 2373 2581 ’Ἄκουε
2430 2534 2683 2591 συνετῶς.
2717 2531 2846 2588 "Ore
2897 2532 2988 2586 τὸν
3047 2530 3223 2606 Ἀδάμ
3278 2535 3305 2588 6
3361 2534 3555 2610 Κύριος
3616 2535 3825 2608 ἐπηλό-

2170 2613 2344 2669 πλασε
2375 2619 2508 2690 (74),
2538 2617 2663 2673 τότε
2721 2616 2898 2682 οὐδεὶς
2947 2626 3054 2675 τῶν
3106 2621 3500 2699 ἀντιλεγόντων
3545 2623 3822 2683 Ἰουδαίων

2168 2711 2365 2779 παρῆν·
2399 2704 2514 2760 ἐπεὶ
2546 2705 2634 2762 οὖν
2669 2705 2848 2771 οὐδεὶς
2888 2712 2954 2779 ἦν
3000 2709 3321 2788 ἀντιλέγων,
3353 2712 3476 2769 τότε
3526 2715 3621 2786 μὶν
3654 2716 3683 2769 6
3716 2716 3823 2773 Κύ-

2170 2813 2287 2869 ριος
2346 2793 2901 2869 εὐσυσταλτικώτερον
2959 2800 3050 2853 τὸν
3103 2798 3325 2875 λογικὸν
3387 2799 3677 2877 ἀνδριάντα
3722 2825 3821 2859 κα-

2166 2883 2497 2953 τασκευάζει·
2531 2887 2645 2940 νυνὶ
2707 2884 2765 2942 δὲ
2823 2888 2897 2950 ὡς
2954 2886 3181 2944 πολλῶν
3232 2888 3401 2946 ὄντων
3447 2897 3553 2947 τῶν
3605 2893 3819 2949 ἀντιλε-

2167 2972 2399 3046 γόντων,
2449 2973 2707 3030 πλατύνει
2765 2977 2863 3045 τὴν
2923 2976 3225 3054 περιοδίαν,
3283 2978 3373 3036 ’ίνα
3429 2983 3664 3058 κρατύνῃ
3718 2985 3820 3052 τὴν

2167 3060 2428 3131 ἐξουσίαν,
2478 3061 2626 3125 ὅπως
2676 3064 2766 3119 καὶ
2825 3062 3049 3129 ἄκοντας
3096 3068 3225 3131 τοὺς
3274 3069 3650 3146 ἀντιλέγοντας
3696 3070 3815 3127 ἐπι-

2163 3154 2345 3239 νεῦσαι
2397 3154 2477 3223 τῷ
2524 3151 2755 3226 θαύματι
2801 3158 3201 3232 παρασκευάσῃ.
3254 3158 3462 3215 Τούτου
3507 3158 3598 3215 οῦν
3650 3163 3814 3239 χάριν

2088 3287 2130 3353 C
2168 3238 2452 3346 ἀπέστειλε
2499 3243 2588 3297 τὸν
2641 3242 2958 3322 πηλοφόρον
3009 3246 3083 3307 εἷς
3130 3247 3221 3301 τὸν
3274 3247 3509 3322 Σιλωὰμ
3538 3249 3816 3324 νίψασθαι,

2174 3349 2271 3353 ΑΗ--
2311 3330 2382 3353 1,,
2424 3330 2636 3353 ,-~“\
2713 3333 2726 3351 κ
2813 3331 2836 3352 Ἡ
2954 3340 2980 3353 υ
3077 3337 3089 3353 ο
3192 3337 3344 3353 ν--ιὶ
3421 3339 3434 3353 \
3530 3336 3553 3353 κ
3676 3340 3686 3353 ι

2169 3327 2277 3404 οὐχ
2306 3328 2387 3384 ὅτι
2418 3335 2513 3386 τοῦ
2546 3330 2781 3406 Σιλωὰμ
2811 3331 3033 3410 ἔχρῃζεν
3071 3337 3097 3390 6
3126 3340 3223 3390 τοῦ
3255 3337 3490 3411 Σιλωὰμ
3526 3336 3815 3412 δεσπότης·

2169 3416 2295 3474 ἀλλ’
2325 3418 2498 3488 ὅπως,
2524 3425 2622 3476 τοῦ
2649 3421 2860 3500 τυφλοῦ
2888 3423 3209 3499 τρέχοντος,
3244 3427 3296 3481 oi
3351 3427 3641 3501 βλέποντες
3687 3430 3814 3486 uxo-

2167 3507 2502 3595 λουθήσωσι,
2546 3509 2635 3564 καὶ
2684 3514 2977 3586 γενήσηται
3011 3514 3038 3567 6
3072 3516 3146 3586 μὴ
3186 3512 3403 3588 βλὲπων
3433 3522 3542 3572 τῶν
3588 3517 3816 3595 βλεπόν-

2162 3617 2270 3650 των
2331 3594 2554 3672 ὁδηγὸς,
2602 3598 2755 3654 αὐτοὶ
2814 3598 2871 3655 δὲ
2928 3603 2979 3655 οἱ
3030 3600 3468 3679 καταδραμόντες
3551 3594 3815 3684 μαρτυρες

2163 3687 2496 3760 γενήσωνται
2564 3692 2660 3742 τοῦ
2739 3688 3033 3762 θαύματος.
3092 3694 3258 3749 Ὅταν
3334 3694 3435 3770 γὰρ
3493 3695 3585 3750 καὶ
3649 3701 3812 3752 τοῦτο

2163 3773 2413 3846 ἐποίησεν
2448 3777 2476 3831 ὁ
2509 3773 2724 3853 Κύριος,
2756 3778 2847 3833 καὶ
2891 3778 3202 3836 ἀπέστειλεν
3252 3781 3412 3838 αὐτὸν
3471 3783 3546 3847 εἰς
3592 3785 3681 3839 τὸν
3714 3791 3808 3839 Σι-

2162 3862 2346 3938 λωὰμ,
2405 3862 2600 3940 ἄπειρα
2654 3864 2843 3939 πλήθη
2901 3866 3241 3945 κατέδραμον
3301 3877 3675 3949 μαρτυροῦντα
3729 3876 3811 3947 τῷ

2157 3953 2409 4027 θαύματι.
2444 3954 2541 4009 Καὶ
2573 3953 2649 4011 ἔτι
2682 3955 2911 4032 ἐνήχουν
2947 3960 2998 4013 oi
3028 3963 3133 4015 τῶν
3164 3962 3473 4036 Φαρισαίων
3498 3961 3684 4026 παῖδες
3714 3983 3813 4019 πο-

2157 4042 2686 4119 λυπραγμονοῦντες,
2717 4045 2806 4100 xni
2865 4049 3154 4125 φαντασίαν
3210 4051 3307 4118 τήν
3366 4052 3808 4129 θαυματουργίαν

2157 4134 2412 4209 βοῶντες.
2446 4135 2506 4189 Τί
2536 4130 2771 4208 ἔμελλον
2803 4141 3000 4192 ποιεῖν.
3035 4136 3083 4191 εἷ’
3114 4139 3190 4210 μή
3225 4138 3487 4196 ἐπλάτυνε
3532 4143 3633 4211 τὴν
3680 4155 3808 4208 θαυ-

2156 4222 2523 4299 ματουργίαν;
2557 4222 2781 4286 Ἄλλως
2827 4221 2884 4279 δὲ
2928 4223 3115 4291 πάλιν,
3148 4226 3193 4281 εἰ
3231 4227 3513 4304 βουληθῇς
3557 4231 3652 4286 τὸν
3714 4239 3806 4287 Σι-

2152 4310 2317 4383 λωὰμ
2347 4311 2420 4373 εἷς
2453 4311 2621 4366 τύπον
2651 4308 2837 4367 λαϐεῖν
2877 4321 2976 4383 τῆς
3025 4319 3121 4369 τοῦ
3171 4317 3545 4392 βαπτίσματος
3595 4317 3808 4394 κολυμ-

2150 4394 2380 4471 ϐήθρας,
2415 4399 2512 4454 οὐκ
2569 4400 2628 4454 ἃν
2678 4401 2963 4476 ἁμάρτοις·
3021 4401 3211 4474 ἐπειδὴ
3272 4404 3329 4460 ἐν
3382 4403 3556 4481 ἐκείνῃ
3614 4407 3807 4471 πάντες

2148 4487 2536 4553 ἀπονίπτονται
2592 4488 2654 4543 τὸ
2711 4490 2902 4552 σκότος
2957 4498 3057 4561 τῆς
3112 4493 3399 4568 ἀγνωσίας,
3449 4495 3539 4550 καὶ
3588 4492 3804 4571 λαμϐά-

2146 4593 2296 4627 νουσι
2326 4574 2389 4628 τὸ
2422 4578 2535 4651 φῶς
2562 4581 2660 4645 τῆς
2690 4570 2985 4640 εὐσεϐείας,

451 4679 507 4733 6.
562 4677 724 4743 Quod
778 4678 976 4731 autem
1027 4677 1164 4745 post
1211 4674 1434 4725 tantam
1487 4664 1756 4722 miraculi
1809 4681 2034 4721 moram

2216 4664 2269 4719 6.
2305 4662 2402 4717 Καὶ
2435 4662 2517 4718 δτι
2579 4664 2713 4737 μετά
2760 4666 2859 4735 τὴν
2902 4667 3171 4739 τοσαύτην
3219 4675 3318 4725 τοῦ
3350 4670 3626 4745 θαύματος
3659 4688 3800 4730 πλα-

379 4766 724 4823 ιῖυᾱδιονιιω
786 4763 1048 4837 plerique
1105 4758 1391 4816 miraculo
1439 4754 1925 4821 contradixerint,
1974 4753 2033 4808 id

380 4854 595 4911 audisti
624 4870 692 4910 ex
722 4851 1090 4925 evangelista
1121 4849 1316 4905 verbis
1350 4865 1363 4902 :
1400 4869 1426 4897 «
1483 4847 1682 4916 Itaque
1728 4842 1926 4912 vicini,
1977 4846 2034 4898 et

376 4943 476 5016 qui
527 4943 796 4999 viderant
834 4957 969 4997 eum
1002 4940 1167 5012 prius
1199 4938 1298 5009 qui
1360 4935 1662 4991 mendicus
1693 4937 1838 5000 erat,
1874 4931 2031 4987 dice-

374 5004 565 5090 bant:
608 5032 812 5088 Nonne
854 5030 950 5085 hic
999 5004 1090 5084 est
1139 5004 1239 5098 qui
1302 5022 1697 5087 mendicabat,
1757 5037 1943 5076 caecus
1999 5038 2032 5077 a
2066 5004 2085 5019 ’

373 5121 717 5179 nativitate?
762 5120 874 5176 Alii
931 5117 1219 5184 dicebant,
1267 5115 1411 5178 Quia
1458 5113 1551 5167 hic
1599 5117 1688 5167 est
1733 5127 1745 5164 :
1798 5110 1896 5166 alii
1927 5128 2028 5166 au-

371 5215 488 5268 tem
524 5228 536 5266 :
569 5211 976 5283 Nequaquam,
1011 5206 1110 5262 sed
1145 5203 1361 5260 similis
1384 5210 1468 5259 est
1501 5202 1574 5258 ei.
1612 5201 1712 5257 Ille
1742 5218 1876 5255 vero
1927 5199 2027 5273 qui

371 5301 565 5359 visum
598 5302 919 5372 receperat,
969 5295 1201 5352 dicebat
1252 5310 1264 5348 :
1317 5293 1465 5359 Quia
1508 5308 1614 5364 ego
1665 5307 1818 5362 sum,
1852 5307 2028 5362 quem

437 5523 484 5562 ⁸⁸
512 5522 669 5582 Psal.
708 5536 888 5594 χχιιι,
919 5521 973 5577 6.

432 5719 546 5869 £72)
570 5719 707 5793 Reg.
740 5719 797 5789 2,
829 5713 1113 5811 ἐπέχρισεν
1147 5711 1277 5777 τοὺς
1311 5710 1651 5803 ὀφθαλμούς.
1708 5781 1716 5797 Ι

457 5792 549 5869 73)
581 5793 666 5849 Ita
697 5790 838 5864 Reg.
869 5792 923 5846 2.
954 5779 1109 5846 Ldltl
1136 5804 1294 5862 vero,
1328 5782 1419 5842 δια
1466 5805 1563 5841 του
1590 5804 1653 5840 το
1685 5784 1713 5838 6

457 5779 549 5869 73)
581 5779 838 5864 ΙιανΡιεέ.
869 5779 1109 5846 2ίΪῧάίῐί
1136 5804 1294 5862 vero,
1328 5779 1419 5842 δίἀ
1466 5779 1563 5841 τοῦ
1590 5783 1653 5840 τὸ
1685 5781 1879 5858 ὅμοιον
1907 5783 2022 5838 ἀνε-

2138 4749 2343 4821 τύτητα
2393 4752 2445 4806 οἱ
2493 4749 2718 4817 πλείους
2766 4759 2876 4809 τῶν
2913 4753 3193 4813 Ἰουδαίων
3237 4758 3520 4836 ἀντέλεγον
3548 4765 3629 4833 τῷ
3675 4761 3802 4826 θαύ-

2146 4861 2292 4914 ματι,
2320 4838 2517 4911 ἤκουες
2547 4846 2644 4899 τοῦ
2675 4842 3057 4919 εὐαγγελιστοῦ
3089 4844 3370 4923 λὲγοντος·
3411 4870 3434 4899 ι
3469 4849 3532 4904 Oi
3553 4855 3557 4860 ’
3578 4847 3636 4905 δὲ
3683 4850 3801 4925 γεί-

2138 4951 2305 5015 τονες,
2337 4931 2422 4986 xui
2458 4932 2509 4986 oi
2544 4930 2749 4996 ἰδόντες
2780 4934 2938 4989 αὺτὸν
2971 4936 3080 5011 πρὸ
3110 4935 3328 5009 τούτου,
3361 4937 3445 4994 ὅτι
3495 4941 3800 5015 προσαίτης

2138 5020 2225 5091 ἦν,
2261 5014 2471 5095 ἔλεγον·
2508 5019 2630 5097 Οὐχ
2659 5022 2816 5084 οὗτός
2863 5021 3003 5077 ἐστιν
3038 5023 3065 5078 6
3098 5030 3430 5100 προσαιτῶν,
3463 5028 3491 5082 6
3543 5014 3604 5083 ἐκ
3648 5050 3794 5105 γενε-

2136 5115 2236 5178 τῆς
2275 5107 2520 5186 τυφλός;
2555 5109 2754 5166 Ἄλλοι
2804 5109 3016 5187 ἔλεγον·
3053 5113 3224 5177 Ουτός
3277 5115 3438 5171 ἐστιν.
3471 5118 3689 5193 ’Έτεροι
3739 5115 3796 5173 δὲ

2137 5195 2493 5273 ἔλεγονσούκ
2548 5197 2687 5254 ἔστιν
2748 5221 2926 5267 ουτος,
2986 5199 3112 5257 ἀλλ’
3170 5203 3366 5276 ὅμοιος
3422 5204 3570 5278 αὐτῷ
3626 5203 3791 5263 ἔστιν.

2133 5290 2189 5341 '0
2239 5283 2297 5340 δὲ
2346 5281 2653 5362 ἀναϐλέψας
2704 5286 2884 5363 ἔλεγεν
2934 5288 3038 5364 ὅτι,
3072 5291 3212 5369 Ἐγώ
3261 5293 3399 5367 εἶμι,
3431 5294 3490 5348 ὃν
3524 5293 3729 5370 λέγετε.
3767 5320 3786 5347 ι

2130 5706 2435 5857 πλὲἵῧδυίιε
2465 5780 2606 5856 Reg.
2637 5783 2692 5841 2.
2726 5782 2880 5841 Editi
2917 5799 3074 5856 vero,
3105 5780 3529 5861 ἐπηλοπλάσθη.
