4120 6364
400 360 551 418 1009

1389 356 1716 416 HOMlLlA
1767 357 1835 412 IN
1884 353 2171 413 CAECUM
2223 360 2263 411 Λ
2319 354 2818 414 NA'I‘lVI'l‘ATE.

3661 357 3819 417 1010

395 485 550 549 Εἶδες
609 487 887 564 τύφλωσιν
963 483 1311 561 ἀναϐλέψεως
1371 487 1660 561 πρόξενον;
1729 487 1790 542 Ὀ
1845 481 2030 562 τυφλὸς

2165 485 2362 542 dicitis
2393 486 2456 540 σθ.
2494 507 2523 534 ››
2557 485 2773 541 Videns
2813 486 3129 543 caecitatem
3177 488 3433 544 restituti
3477 489 3640 545 visus
3672 505 3810 544 con-

393 572 654 650 ἀνέϐλεψε
703 578 792 632 καὶ
845 578 896 632 οἱ
959 577 1248 652 βλέποντες
1307 576 1696 654 ἐτυφλώθησαν
1746 578 1812 647 τῇ
1861 573 2040 644 κακίᾳ.

396 666 506 721 Ἀεὶ
565 669 664 741 γάρ
743 669 777 736 ἡ
817 665 979 721 κακία
1033 665 1212 744 τυφλή
1469 666 1568 719 Λιὸ
1624 665 1713 718 καὶ
1765 661 2041 718 Ἰουδαίων

392 753 580 817 παῖδες
613 756 718 809 ἀπὸ
749 755 938 817 κακίας
963 754 1210 831 ἐπήχουν
1242 757 1332 809 τὸν
1368 755 1426 810 ἐκ
1453 760 1668 828 γενετῆς
1700 751 1926 829 τυφλὸν,
1960 753 2045 806 λέ-

392 865 574 919 γοντες
623 845 758 919 πρὸς
809 843 988 899 αὐτόν·
1042 843 1173 918 Λέγε
1220 847 1376 915 ἡμῖν,
1435 845 1703 916 ἄνθρωπε,
1752 842 1894 902 τίνος
1940 842 2042 915 χά-

392 954 472 1007 ριν
526 940 837 1008 συγκροτεῖς
893 936 1028 1005 ἡμῖν
1071 934 1160 987 τὸν
1208 934 1321 986 υἱὸν
1373 937 1468 986 τοῦ
1517 934 1786 1002 τέκτονος,
1845 929 1932 984 καὶ
1967 931 2039 990 ὡς

391 1024 516 1077 Θεὸν
575 1023 732 1076 αὑτὸν
780 1021 954 1084 θέλεις
1005 1020 1464 1099 διαφημίζεσθαη
1527 1021 1641 1078 Ούκ
1687 1020 1729 1073 εἶ
1792 1019 1852 1073 σὺ
1898 1020 1924 1073 ὁ
1984 1017 2042 1073 ἐκ

386 1119 605 1187 γενετῆς
664 1110 890 1188 τυφλός·
950 1112 1289 1186 γνωρίζομεν
1349 1114 1512 1182 ἡμεῖς
1561 1109 1782 1164 ἐκεῖνον·
1828 1107 2040 1162 πολλο-

391 1203 512 1254 στὸν
576 1201 722 1270 adu]:
771 1202 838 1254 τὰ
884 1201 1020 1273 πρὸς
1068 1201 1160 1261 τάς
1193 1199 1384 1275 χρείας
1421 1199 1859 1275 ἐχορηγήσαμεν.
1917 1203 2037 1259 Πῶς

390 1288 482 1344 οὗν
539 1287 796 1365 θρυλλεῖς
856 1289 939 1361 σὺ,
997 1290 1088 1343 καὶ
1145 1289 1343 1362 λέγεις,
1387 1288 1467 1344 ὅτι
1503 1289 1673 1349 Αὐτὸς
1706 1287 1901 1359 ἀνέῳξέ
1936 1308 2040 1358 μου

388 1381 516 1440 τοὺς
551 1376 868 1455 ὀφθαλμούς
897 1399 910 1447 ;
947 1377 1007 1432 Εἰ
1040 1379 1346 1453 χρημάτων
1396 1376 1514 1453 δέῃ,
1546 1377 1634 1432 καὶ
1685 1378 1889 1432 τούτων
1937 1376 2038 1450 χά-

393 1488 476 1539 ριν
505 1465 876 1543 ψευδολογεῖς,
909 1467 1032 1522 ὅσον
1071 1467 1256 1543 βούλει
1290 1468 1516 1540 κομίζου
1551 1469 1685 1538 (76)·
1742 1465 1905 1539 μόνον
1937 1471 2038 1534 τῆς

389 1554 651 1626 ἀληθείας
711 1557 788 1629 μὴ
852 1559 1082 1632 ἀπέχου.
1148 1557 1324 1610 Πάντα
1381 1556 1471 1611 οὖν
1527 1556 1766 1624 ἐποίουν,
1807 1554 1895 1609 ἵνα
1923 1575 2038 1616 πως

387 1641 776 1698 διασκεδάσωσι
834 1645 895 1699 τὸ
939 1647 1139 1717 θαῦμα.
1191 1646 1250 1700 Ὁ
1298 1641 1354 1698 δέ
1403 1642 1706 1717 αναδλέψας
1747 1643 1882 1718 πρὸς
1910 1641 2036 1703 τοὺς

384 1733 764 1808 ἀντιλέγοντας
844 1731 1140 1795 Ἰουδαίους
1220 1731 1432 1806 ἔφασκε·
1512 1733 1578 1790 Τί
1649 1753 1716 1806 με
1771 1753 2038 1809 συκοφαν-

383 1828 564 1888 τεῖτε;
621 1822 681 1876 Τί
729 1844 831 1894 μου
879 1823 942 1877 τὸ
988 1823 1222 1897 ψυχικὸν
1278 1821 1502 1897 βλέμμα
1529 1821 1813 1900 τυφλῶσαι
1839 1841 2034 1896 προαι-

386 1913 598 1988 ρεῖσθε;
655 1908 975 1985 Ἅνέϐλεψα,
1028 1911 1089 1966 οὐ
1135 1911 1446 1990 τυρλοῦμαι
1479 1931 1490 1944 ’
1549 1914 1725 1984 μάτην
1789 1932 1881 1983 μοι
1941 1931 2035 1964 κο-

381 2001 592 2073 νιορτὸν
625 1998 977 2078 βλασφημίας
1010 1999 1367 2075 προσρίπτετέ
1398 2004 1532 2073 (77).
1564 1998 1770 2060 ’Ἄλλος
1815 1997 2035 2076 ἐφιλαν-

383 2089 754 2162 θρωπεύσατο,
804 2091 895 2144 καὶ
956 2089 1102 2152 ὑλεῖς
1154 2085 1526 2147 άντιϐάλλετε.
1559 2089 1636 2146 Ού
1667 2094 2034 2164 προσκυνεῖτε,

381 2178 528 2234 ἀλλὰ
560 2176 883 2254 λοιδορεῖτι’
937 2178 1127 2240 Καλῶς
1161 2177 1218 2233 δέ
1267 2179 1423 2233 αὐτὸν
1473 2180 1586 2233 υἱὸν
1641 2183 1738 2232 τοῦ
1786 2179 2034 2240 τέκτονος

381 2269 830 2345 προσαγορεύετε·
899 2268 1242 2346 μετημφίασε
1298 2269 1397 2344 γὰρ
1448 2273 1554 2322 τῶν
1617 2267 1762 2340 ἐμῶν
1835 2265 2038 2344 ὀφθαλ-

382 2362 496 2430 μῶν
528 2358 623 2419 τὰς
682 2355 920 2433 θυρίδας.
970 2357 1172 2433 Μικρόν
1227 2379 1320 2429 μοι
1362 2359 1780 2432 συγχωρήσατε,
1841 2355 1887 2410 εἷ’
1921 2357 2035 2429 μετ’

380 2445 571 2520 ὀλίγον
610 2447 735 2519 ὑμῖν
771 2443 1122 2520 διαλέγομαι.
1151 2445 1556 2522 Συγχωρήσατέ
1582 2467 1674 2519 μοι
1696 2450 1911 2521 πρῶτον
1944 2466 2036 2500 κα·

377 2543 635 2606 τανοῆσαι
666 2539 763 2590 τοῦ
823 2535 1053 2608 οὐρανοῦ
1096 2537 1158 2590 τὸ
1207 2534 1436 2604 κάλλος,
1478 2539 1574 2590 τοῦ
1623 2534 1789 2604 ἡλίου
1817 2537 1879 2590 τὸ
1910 2533 2034 2590 κέν-

381 2643 536 2699 τρον,
566 2627 663 2694 τῆς
697 2622 954 2695 σελήνης,
984 2625 1046 2678 τὸ
1079 2625 1236 2702 φάος,
1265 2632 1366 2693 τῆς
1392 2625 1602 2700 ἡμέρας
1627 2625 1719 2678 τὸν
1749 2625 1898 2699 ὅρον,
1930 2631 2030 2693 τῆς

377 2713 568 2774 νυκτὸς
623 2714 684 2767 τὸ
751 2712 968 2789 μέτρον,
1027 2718 1132 2767 τῶν
1195 2715 1430 2787 ἀστέρων
1489 2716 1590 2782 τήν
1623 2713 1868 2788 χορείαν,
1923 2718 2032 2768 τῶν

376 2823 552 2879 νεφρν
605 2803 703 2870 τήν
767 2800 1093 2878 διαδρομὴν,
1151 2805 1248 2870 τῆς
1298 2810 1402 2876 γῆς
1449 2803 1546 2870 τὴν
1589 2802 1871 2874 εὐθύτητα,
1929 2807 2028 2868 τῆς

379 2892 654 2962 θαλάσσης
683 2893 744 2946 τὸ
774 2891 956 2961 κύτος,
988 2897 1096 2946 τῶν
1131 2891 1340 2948 πλοίων
1374 2893 1472 2960 τήν
1508 2887 1729 2964 ἄτριϐον
1765 2895 1878 2965 (78)
1911 2890 2026 2946 διά-

383 2976 562 3049 ϐασιν,
619 2985 724 3035 τῶν
787 2980 1097 3055 ἀνωμάλων
1145 2984 1245 3050 τήν
1278 2983 1572 3057 περιοχὴν,
1624 2985 1730 3036 τῶν
1765 2980 1931 3055 ὀρέων
1962 2983 2029 3036 τὰ

377 3071 727 3146 κυρτώματα,
785 3075 890 3124 τῶν
946 3075 1208 3143 ποταμῶν
1262 3072 1327 3125 τά
1385 3071 1645 3146 ῥεύματα,
1696 3076 1802 3126 τῶν
1831 3076 2024 3144 πηγῶν

373 3161 440 3216 τὰ
469 3160 703 3233 νάματα,
734 3164 841 3213 τῶν
876 3161 1117 3236 φρεάτων
1149 3161 1214 3214 τά
1257 3157 1598 3233 ἀντλήματα,
1647 3161 1755 3215 τῶν
1811 3163 2024 3230 κτηνῶν

1220 1730 1432 1806 ἔφασκε·

2157 573 2501 630 ciliatricem
2525 577 2547 630 Ξ)
2573 576 2768 630 Caecus
2801 576 2989 631 visum
3025 578 3260 649 recepit,
3294 584 3348 632 et
3379 577 3481 648 qui
3514 577 3807 644 videbant,

2155 664 2383 719 malitia
2415 681 2523 719 sua
2554 664 2814 719 excmcali
2847 670 3004 720 sunt.
3041 666 3281 737 Semper
3317 666 3474 721 enim
3528 681 3678 722 caeca
3724 671 3814 721 est

2156 753 2402 807 malitia.
2453 755 2641 818 Quare
2687 753 2872 808 Judaei
2925 755 3148 810 malitia
3191 755 3350 810 ducti
3383 756 3520 810 caeci
3551 755 3672 810 nati
3701 772 3809 810 au-

2153 842 2318 897 ribus
2344 843 2738 913 personabant
2770 842 2860 898 his
2891 843 3085 898 verbis
3122 861 3132 898 :
3173 844 3268 900 Dic
3304 844 3495 912 nobis,
3526 861 3559 899 0
3610 844 3804 910 homo,

2153 948 2331 1002 quare
2365 930 2603 1001 jactitas
2639 932 2806 986 nobis
2839 931 2984 986 fabri
3020 932 3202 987 ﬁlium
3237 931 3428 1000 illum,
3461 949 3713 1004 eumque
3743 938 3808 988 ut

2157 1021 2333 1074 Deum
2360 1020 2444 1074 vis
2469 1019 2868 1091 proclamare?
2904 1021 3287 1092 Nequaquam
3313 1025 3372 1076 tu
3396 1038 3458 1076 es
3490 1020 3586 1077 ille
3617 1038 3804 1077 caecus

2152 1126 2186 1163 a
2218 1109 2550 1175 nativitate;
2588 1108 2858 1164 novimus
2892 1109 3080 1178 illum,
3133 1127 3198 1164 ac
3245 1126 3644 1182 saepenumero
3692 1110 3804 1182 ipsi

2153 1197 2483 1250 necessaria
2513 1197 3034 1267 suppeditavimus.
3061 1200 3244 1261 Quare
3278 1202 3337 1251 tu
3363 1197 3603 1268 jactitas
3631 1214 3697 1253 ac
3727 1199 3808 1252 di-

2150 1285 2278 1340 cis:
2318 1285 2443 1355 Ipse
2476 1285 2704 1356 aperuit
2755 1303 2915 1342 meos
2965 1286 3204 1342 oculos?
3253 1287 3305 1341 Si
3360 1287 3603 1358 pecunia
3649 1304 3806 1360 eges,

2149 1375 2397 1446 ejusque
2427 1391 2604 1431 causa
2638 1375 2922 1442 mentiris,
2957 1381 3247 1446 quantum
3280 1376 3535 1432 volueris
3567 1376 3764 1450 accipe
3793 1395 3805 1432 :

2151 1463 2343 1519 solum
2390 1480 2462 1518 ne
2511 1481 2543 1518 a
2590 1465 2834 1520 veritate
2885 1465 3145 1520 recedas.
3201 1464 3352 1520 Nihil
3426 1465 3625 1538 itaque
3693 1483 3806 1521 non

2149 1553 2401 1625 agebant
2458 1553 2807 1610 miraculum
2867 1559 2933 1610 ut
2989 1553 3383 1627 dissiparent.
3445 1555 3552 1621 Qui
3609 1559 3805 1612 autem

2148 1643 2338 1698 visum
2372 1648 2688 1715 receperat,
2723 1644 3260 1700 contradicentibus
3290 1645 3511 1700 Judaeis
3538 1647 3804 1717 reponit:

2147 1733 2264 1788 Cur
2313 1749 2406 1788 me
2451 1732 2946 1788 calumniamini?
2997 1734 3111 1789 Cur
3157 1734 3350 1789 visum
3401 1735 3611 1789 anima;
3661 1751 3804 1790 meas

2148 1837 2433 1878 excmcare
2487 1821 2783 1878 studetis?
2831 1823 3037 1878 Visum
3090 1823 3318 1894 recepi,
3373 1840 3488 1878 non
3539 1824 3799 1879 caicutio.

2148 1910 2386 1966 Frustra
2418 1927 2509 1965 me
2541 1911 2918 1982 blasphemiae
2951 1910 3184 1983 pulvere
3215 1911 3619 1983 conspergitis.
3641 1911 3805 1968 Alius

2150 2015 2241 2054 me
2275 1999 2554 2055 beneﬁcio
2587 1999 2800 2070 affecit,
2846 2005 2902 2056 et
2923 2017 3024 2056 vos
3074 2001 3447 2074 repugnatis.
3489 2001 3614 2056 Non
3664 2003 3803 2057 ado-

2149 2089 2314 2156 ratis,
2368 2090 2467 2145 sed
2522 2091 2750 2161 probris
2783 2090 3178 2145 insectamini.
3217 2092 3394 2146 Probe
3425 2097 3619 2147 autem
3654 2091 3804 2146 fabri

2149 2178 2333 2233 filium
2367 2179 2586 2234 vocatis
2619 2179 2819 2247 illnm;
2850 2197 2985 2235 nam
3019 2179 3320 2235 oculorum
3356 2196 3618 2236 meorum
3654 2181 3806 2237 fenc-

2147 2271 2300 2324 stras
2334 2268 2734 2324 commutavit.
2762 2270 3004 2325 Veniam
3041 2269 3205 2325 mihil
3239 2270 3555 2342 praebetote
3581 2271 3630 2326 si
3663 2287 3803 2326 non-

2147 2357 2259 2412 nisi
2309 2357 2482 2429 paulo
2533 2364 2664 2430 post
2720 2358 3022 2414 vobiscum
3085 2357 3404 2431 eolloquar.
3465 2359 3650 2416 Sinite
3711 2378 3802 2414 me

2147 2447 2404 2518 primum
2456 2447 2827 2502 considerare
2882 2447 3008 2503 θα)Ιὶ
3061 2449 3608 2520 pulchritudinem,
3660 2449 3804 2505 solis

2144 2536 2342 2591 orbem
2371 2578 2384 2604 ,
2437 2534 2589 2590 lunae
2661 2536 2945 2608 fulgorem
2975 2581 2988 2606 ,
3043 2537 3156 2592 dici
3200 2538 3516 2593 terminum
3548 2579 3561 2604 ,
3613 2539 3800 2593 noctis

2146 2623 2833 2693 mensuram,stellarum
2867 2625 3424 2693 choream,nubium
3459 2627 3801 2696 decursum,

2141 2718 2311 2768 terrae
2340 2713 2667 2785 planitiem,
2703 2714 2884 2770 maris
2917 2714 3316 2783 latitudinem,
3343 2716 3576 2772 navium
3611 2722 3798 2772 trans-

2140 2803 2289 2858 itum
2321 2802 2480 2858 nullo
2513 2803 2754 2874 vestigio
2805 2803 3027 2870 relicto,
3077 2804 3431 2860 convallium
3480 2806 3792 2876 ambitum,

2140 2892 2431 2948 montium
2499 2893 2940 2962 rotunditatem,
3002 2893 3311 2949 fluviorum
3381 2892 3596 2962 alveos,
3666 2894 3791 2950 fon-

2137 2982 2286 3036 tium
2338 2981 2748 3053 scaturigines,
2799 2987 3106 3052 puteorum
3157 2981 3439 3052 haustus,
3498 2983 3786 3056 pecudum

2137 3070 2347 3137 saltus,
2401 3071 2654 3126 ferarum
2697 3071 3026 3138 varietates,
3060 3071 3253 3126 avium
3285 3072 3608 3128 multiﬁdas
3640 3073 3784 3142 alas,

2137 3159 2388 3232 piscium
2421 3159 2830 3231 proprietates,
2859 3159 3134 3215 arborum
3188 3161 3620 3232 proceritatem,
3673 3162 3790 3216 fru-

373 3249 442 3303 τὰ
519 3250 881 3324 σκιρτήματα,
949 3252 1058 3302 τῶν
1119 3249 1318 3324 θῃρίων
1377 3250 1444 3303 τά
1500 3248 1857 3323 ποικίλματα,
1914 3255 2021 3303 τῶν

2144 3254 2336 3305 ctuum
2382 3248 2752 3304 suavitatem.
2805 3248 2990 3304 Sinite
3044 3265 3138 3304 me
3167 3249 3288 3305 ὶιεθο
3320 3249 3576 3321 primum
3608 3255 3666 3306 et
3697 3250 3790 3306 his

379 3336 578 3412 ὀρνέων
605 3339 672 3392 τὰ
694 3337 1048 3412 σχιζόπτερα,
1078 3342 1185 3392 τῶν
1221 3337 1428 3413 ἰχθύων
1459 3339 1526 3393 τά
1581 3336 1871 3412 ἰδιώματα,
1915 3343 2026 3394 τῶν

379 3423 612 3495 δένδρων
662 3427 730 3482 τὰ
785 3427 1075 3500 ὑψώματα,
1132 3431 1239 3481 τῶν
1284 3433 1504 3502 καρπῶν
1548 3429 1614 3483 τὰ
1645 3427 2023 3503 γλυκάσματα.

383 3515 788 3591 Συγχωρήσατέ
863 3536 954 3588 μοι
1033 3521 1248 3590 πρῶτον
1304 3521 1472 3572 ταῦτα
1525 3517 1612 3572 καὶ
1671 3516 2028 3591 παραπλήσια

377 3603 585 3659 τουτων
615 3605 925 3673 θεάσασθαι,
959 3603 1049 3659 καὶ
1102 3606 1199 3669 εἷθ’
1254 3605 1426 3668 οὕτως
1489 3606 1616 3680 ὑμῖν
1672 3603 2023 3683 διαλέγομαι,

377 3698 496 3754 πῶς
529 3687 817 3766 ἀνέϐλεψα.
881 3694 1056 3748 Πάλαι
1112 3695 1204 3767 μὲν
1236 3693 1545 3770 ἐγεννήθην,
1578 3695 1689 3750 νυνὶ
1722 3693 1780 3750 δὲ
1809 3701 2023 3772 πρῶτον

376 3780 636 3852 εἰσῆλθον
669 3782 744 3843 εἰς
774 3783 864 3836 τὸν
897 3784 1101 3854 κόσμον
1133 3789 1212 3855 τῷ
1245 3783 1394 3860 μέρει
1424 3791 1524 3854 τῆς
1555 3781 1754 3859 ὄψεως.
1789 3787 2027 3842 Ἤκουσα

371 3874 470 3925 τοῦ
501 3873 786 3948 προφήτου
839 3872 1093 3945 βοῶντος·
1144 3898 1169 3922 ‹‹
1202 3875 1294 3927 Ἐκ
1328 3875 1587 3947 μεγέθους
1631 3873 1718 3928 καὶ
1751 3873 2024 3944 καλλονῆς

376 3962 686 4034 κτισμάτων
747 3959 1033 4035 ἀναλόγως
1090 3962 1117 4014 ὁ
1174 3963 1545 4038 γενεσιουργὸς
1591 3963 1765 4017 αὐτῶν
1801 3971 2025 4038 θεωρεῖ-

372 4071 482 4106 ται.
519 4074 545 4101 ››
581 4051 722 4125 Ἐγὼ
750 4048 809 4104 ἐκ
855 4055 962 4104 τῶν
1014 4053 1350 4122 κτισμάτων,
1411 4052 1564 4124 ὑμεῖς
1622 4052 1680 4106 ὲκ
1736 4056 1842 4106 τῶν
1876 4052 2021 4124 ἐμῶν

377 4135 676 4216 ὀφθαλμῶν
734 4137 1019 4212 ἀναλόγως
1065 4138 1156 4191 τὸν
1209 4135 1548 4211 δημιουργὸν
1598 4141 1925 4212 θεωρήσατε.
1965 4139 2025 4193 Τί

378 4247 472 4299 μοι
519 4227 822 4302 χρημάτων
880 4225 1189 4300 περιουσίαν
1242 4225 1678 4302 anniliwa
1721 4228 1792 4281 Οὐ
1822 4230 2022 4301 πιπρά-

377 4337 490 4370 σκω
519 4315 582 4371 τὸ
613 4312 810 4391 δῶρον,
844 4316 903 4370 οὐ
934 4314 1232 4386 καπηλεύω
1262 4322 1368 4371 τῶν
1405 4316 1548 4389 ἐμῶν
1593 4316 1891 4393 ὀρθαλμῶν
1924 4318 2023 4385 τὴν

377 4400 692 4479 ἀνάϐλεψιν.
725 4410 987 4478 ’Ἄμεινον
1037 4405 1396 4480 εὐγνωμόνως
1453 4412 1788 4482 προσαιτεῖν,
1927 4427 2022 4460 κα-

373 4495 665 4570 κοτρόπως
739 4493 1018 4552 πλουτεῖν.
1099 4496 1168 4549 Τὸ
1233 4494 1426 4550 λοιπὸν
1483 4495 1661 4551 οὕκέτι
1722 4499 2020 4571 προσαιτῶ·

2135 3337 2357 3395 similia
2403 3337 2830 3410 contemplari,
2881 3344 3052 3410 atque
3099 3338 3307 3394 exinde
3355 3339 3606 3395 narrabo
3674 3357 3792 3410 qua

2137 3429 2362 3484 ratione
2407 3426 2598 3483 visum
2639 3427 2850 3498 recepi.
2899 3427 3034 3483 Jam
3082 3426 3222 3483 olim
3275 3432 3449 3483 natus
3499 3445 3655 3497 sum,
3688 3430 3791 3486 sed

2137 3519 2288 3589 quod
2324 3518 2515 3572 visum
2550 3521 2778 3589 spectat
2809 3517 2981 3572 modo
3017 3517 3274 3589 primum
3307 3516 3612 3590 ingressus
3658 3534 3787 3574 sum

2137 3607 2194 3662 in
2241 3607 2550 3662 mundum.
2600 3606 2808 3662 Audivi
2857 3606 3200 3679 prophetam
3246 3607 3598 3663 clamantem
3637 3624 3648 3662 :
3687 3628 3716 3658 ς(
3747 3609 3793 3662 Α

2137 3696 2544 3768 magnitudine
2561 3698 2618 3749 et
2634 3694 2827 3767 specie
2857 3695 3441 3766 creaturarum,quad
3453 3712 3547 3749 am
3572 3693 3795 3751 ratione

2136 3790 2363 3842 creator
2388 3801 2590 3840 eorum
2623 3784 2980 3856 conSpicitur
3008 3785 3072 3838 ⁷ο.
3127 3806 3155 3834 ››
3205 3784 3286 3839 Ex
3331 3783 3614 3840 creaturis
3664 3800 3790 3856 ego,

2134 3890 2237 3930 vos
2287 3891 2356 3928 ex
2408 3874 2560 3929 309
2611 3873 2759 3928 meis
2808 3872 2996 3928 oculis
3049 3872 3290 3944 quidam
3326 3873 3700 3945 preportione
3731 3889 3796 3928 ac

2137 3964 2363 4018 ratione
2395 3968 2718 4018 creatorem
2751 3961 3252 4033 contemplamini.
3297 3962 3444 4028 Quid
3496 3962 3638 4018 mihi
3692 3977 3793 4034 pe-

2135 4052 2446 4107 cuniarum
2498 4051 2610 4106 vim
2666 4049 3069 4122 pollicemini?
3132 4051 3515 4122 Nequaquam
3567 4051 3790 4105 donum

2135 4142 2339 4201 vendo,
2375 4141 2564 4194 visum
2601 4139 2786 4195 oculis
2818 4140 3023 4194 datum
3057 4139 3204 4194 meis
3236 4155 3350 4192 non
3383 4155 3697 4211 cauponor.
3727 4143 3799 4193 At

2135 4234 2376 4300 prmetat
2425 4245 2559 4283 cum
2593 4232 2757 4300 grato
2790 4228 2988 4282 animo
3014 4227 3364 4296 mendicare,
3399 4245 3577 4300 quam
3611 4228 3792 4284 scele-

2135 4320 2298 4373 ribus
2331 4318 2633 4374 ditescere.
2680 4322 2804 4370 Non
2855 4315 3104 4371 ulterius
3157 4315 3534 4383 mendicabo;
3589 4323 3798 4372 nactus

2134 4425 2265 4463 sum
2303 4408 2458 4461 enim
2494 4406 2591 4477 qui
2629 4405 2767 4460 mihi
2793 4406 2861 4459 ad
2886 4406 3147 4461 laborem
3200 4404 3499 4460 lucernam
3531 4407 3796 4477 corporis

2135 4497 2510 4552 accenderet.
2563 4495 2685 4550 Non
2737 4493 2984 4548 ulterius
3035 4492 3416 4559 mendicabo,
3467 4493 3567 4548 sed
3619 4510 3796 4564 agros

375 4578 572 4640 ἔλαϐον
608 4584 711 4659 γὰρ
742 4583 832 4638 τὸν
893 4584 1238 4660 παράπτοντά
1297 4606 1390 4657 μοι
1437 4586 1574 4658 πρὸς
1633 4585 1881 4662 ἐργασίαν
1934 4585 2026 4641 λύ-

2144 4585 2364 4656 colamf.
2415 4585 2538 4640 Non
2593 4583 2850 4656 amplius
2897 4582 3080 4655 gratis
3131 4586 3364 4653 petam,
3416 4582 3516 4638 sed
3568 4599 3787 4638 mercc-

373 4693 502 4749 χνον
533 4678 630 4728 τοῦ
662 4673 1140 4746 σώματος.ούκέτι
1175 4671 1270 4728 οὖν
1305 4673 1758 4749 προσαιτῶ,ἀλλά
1778 4679 2022 4750 γεωργῶ·

376 4761 558 4818 οὐκέτι
591 4761 752 4838 χάριν
781 4762 938 4831 αἰτῶ,
963 4763 1107 4818 ἀλλά
1141 4763 1329 4835 μισθὸν
1361 4764 1591 4818 ἀπαιτῶ·
1626 4763 1806 4818 οὐκέτι
1839 4759 2024 4840 ῥάϐδῳ

371 4853 472 4920 τὴν
501 4859 606 4926 γῆν
637 4849 1054 4930 ψηλαφῶ,ἁλλά
1073 4853 1173 4920 τήν
1195 4850 1440 4924 ἄμπελον
1475 4850 1724 4927 δρεπάνῳ
1753 4850 2022 4907 κλαδεύω·

377 4941 556 4996 οὐκέτι
589 4941 816 5018 ἀργύρια
847 4941 1083 5016 συνάγω,
1117 4939 1264 4996 ἀλλὰ
1295 4938 1578 5017 δράγματα
1630 4941 1845 5013 θερίζω·
1908 4941 2029 4995 οὑκ-

376 5029 452 5083 έτι
482 5032 582 5099 τὴν
615 5033 794 5104 πήραν
853 5031 1208 5110 περισφίγγω,
1269 5030 1394 5086 ἀλλ’
1446 5033 1648 5104 ἅμαξαν
1695 5028 1861 5085 ἕλκω·
1895 5031 2025 5085 οὑκ-

378 5116 454 5172 έτι
485 5115 662 5196 ἄρτων
721 5119 1011 5193 κλάσματα
1071 5115 1356 5192 λαμϐάνω,
1409 5119 1554 5175 ἀλλά
1608 5125 1756 5174 σῖτον
1788 5119 2025 5191 κομίζω⁶

378 5205 559 5262 οὐκέτι
589 5208 785 5264 στένων
823 5209 957 5283 βοῶ·
993 5213 1136 5263 Δῶτε
1166 5213 1243 5280 τῷ
1272 5209 1332 5262 τὸ
1367 5213 1478 5286 φῶς
1514 5210 1590 5282 μὴ
1632 5207 1835 5285 ἔχοντι,
1884 5206 2030 5264 ἀλλὰ

448 5379 495 5415 ⁸⁸
520 5381 688 5438 Joan.
722 5400 800 5454 ix,
833 5383 888 5451 8,
918 5383 971 5439 9.
1050 5383 1094 5416 7°
1123 5383 1255 5454 Sap.
1287 5399 1412 5452 xm,
1438 5383 1493 5438 5.

454 5551 566 5626 (ἶῦ)
597 5551 738 5626 Bas.
769 5552 824 5626 2,
855 5547 1076 5626 τυφλοῖς

454 5621 570 5696 (76)
599 5621 738 5695 Ree-
771 5623 828 5696 1»
855 5625 910 5694 2.
936 5621 1182 5696 milites
1209 5623 1424 5696 χρῆμα.

453 5691 570 5766 (77)
601 5691 741 5767 Βθὲ.
773 5691 828 5767 2,
860 5691 1327 5770 προσαντιλέγετε.

2135 4677 2268 4732 dem
2299 4681 2578 4747 repetam.
2606 4674 2730 4728 Non
2763 4671 3019 4744 amplius
3048 4671 3258 4728 baculo
3290 4676 3503 4726 terram
3536 4673 3794 4742 tentabo,

2139 4765 2237 4819 sed
2298 4765 2525 4818 vineam
2587 4759 2778 4816 facula
2827 4760 3086 4832 putabo.
3135 4759 3260 4814 Non
3322 4757 3571 4815 ulterius
3621 4776 3794 4814 num-

2140 4852 2332 4908 mulos
2391 4868 2617 4923 cogam,
2653 4851 2754 4905 sed
2786 4848 3118 4920 manipulos
3146 4848 3440 4920 colligam.
3473 4848 3599 4904 Non
3643 4849 3797 4904 ultra

2141 4959 2339 5013 peram
2399 4940 2842 5010 constringam,
2895 4939 2995 4994 sed
3058 4955 3297 4994 currum
3356 4937 3607 4994 traham.
3669 4938 3791 4994 Non

2141 5030 2293 5086 ultra
2327 5031 2512 5085 frusta
2561 5029 2730 5102 panis
2779 5027 3084 5099 accipiam,
3136 5028 3232 5082 sed
3285 5027 3647 5082 frumentum
3699 5027 3796 5083 de-

2141 5121 2342 5175 feram.
2405 5119 2529 5174 Non
2585 5117 2840 5189 amplius
2897 5133 3032 5172 eum
3090 5115 3314 5188 gemitu
3373 5114 3714 5171 exclamabo
3779 5133 3812 5173 ι

2143 5210 2280 5264 Date
2327 5206 2376 5262 ei
2426 5207 2525 5279 qui
2572 5206 2795 5262 lumine
2827 5222 2941 5261 non
2974 5203 3224 5272 fruitur;
3257 5204 3358 5260 sed
3392 5219 3605 5274 magna
3655 5221 3796 5261 voce

3400 5335 3422 5353 κ

2221 5551 2332 5622 (78)
2367 5554 2451 5605 Ita
2480 5550 2620 5622 Reg.
2658 5545 2980 5622 1,_2._14_3diti
3010 5561 3164 5622 vero,
3198 5538 3417 5619 ἀτριϐῆ.
3458 5549 3584 5602 Mox
3611 5545 3788 5602 iidem

2152 5617 2300 5679 mss.
2319 5617 2702 5696 ’κυρτώμᾶταί
2717 5619 2887 5689 Εάἱιὶ,
2916 5617 3256 5691 κυρτήματα.
