4120 6414
266 382 412 441 1011

1435 377 1497 437 S.
1546 375 2067 437 ATHANASIUS.
2102 410 2171 419 -—
2203 375 2516 438 SPUitIA.

3539 378 3694 438 1012

262 518 532 573 clamabo
568 532 578 567 :
616 514 899 570 Dominus
929 511 1284 568 iliuminatio
1317 527 1446 567 mea
1477 514 1532 566 et
1563 509 1725 566 salus
1764 523 1913 575 mea,

2037 506 2443 586 μεγαλοφώνως
2476 506 2684 582 κράζω·
2722 533 2749 561 ‹‹
2781 509 2979 584 Κύριος
3020 506 3302 583 φωτισμός
3337 529 3442 583 μου
3472 508 3562 565 καὶ
3594 530 3697 565 σω-

266 624 446 679 quem
479 604 699 660 timebo
730 605 772 638 ⁷1
795 603 822 657 ?
859 628 879 653 ιι
1406 669 1410 673 θ

335 700 391 751 7.
426 694 525 751 His
570 693 790 749 auditis
841 691 1307 748 contradicentes
1351 689 1563 757 Judaei,
1614 693 1677 744 ut
1723 689 1921 744 vident

266 786 433 840 illum
462 802 573 839 non
612 783 782 838 modo
815 786 1090 837 sanatum
1114 797 1261 847 esse,
1284 780 1383 835 sed
1410 778 1760 834 miraculum
1784 794 1922 850 quo-

265 892 377 948 que
409 873 741 940 defendere,
775 871 1061 926 accedunt
1094 871 1303 924 iterum
1344 868 1713 923 sciscitantes
1738 883 1751 922 :
1778 872 1924 933 Quo-

265 964 439 1019 modo
470 962 658 1016 visum
692 957 1013 1031 accepisti?
1044 958 1193 1024 Quid
1240 957 1375 1012 fecit
1422 957 1527 1012 tibi
1577 955 1751 1011 homo
1802 954 1920 1021 ille,

269 1054 425 1125 quod
479 1057 600 1106 tam
650 1049 901 1104 ﬁrmiter
949 1064 1077 1102 eam
1108 1063 1230 1101 rem
1263 1044 1519 1101 asseris?
1550 1046 1700 1100 Tum
1738 1044 1791 1099 is
1821 1043 1923 1115 qui

263 1143 454 1198 visum
490 1145 786 1211 receperat
814 1138 885 1193 ad
918 1142 1232 1192 exczscatos
1276 1134 1411 1191 illos
1447 1152 1458 1188 :
1493 1135 1795 1200 Quomodo
1838 1132 1924 1187 vi-

267 1248 401 1288 sum
450 1227 686 1301 accepi?
736 1228 929 1283 Deone
979 1226 1195 1290 dicitis,
1247 1225 1541 1295 quomodo
1591 1222 1734 1278 illud
1786 1239 1928 1278 con-

267 1326 582 1393 sequentcr
612 1318 683 1372 ad
719 1321 940 1371 naturae
974 1315 1237 1370 ordinem
1271 1315 1487 1368 factum
1523 1311 1652 1369 est?
1684 1311 1743 1367 Si
1774 1328 1928 1383 qure-

268 1411 420 1478 ritis,
475 1407 808 1480 quomodo;
862 1404 1126 1460 vicissim
1179 1420 1279 1459 vos
1330 1419 1436 1474 ego
1488 1401 1861 1474 interrogabo
1910 1417 1923 1455 :

272 1499 573 1566 Quomodo
606 1501 664 1551 in
696 1496 898 1551 vinum
930 1510 1145 1567 aquam
1177 1489 1599 1548 commutavit?
1636 1493 1723 1546 An
1755 1493 1926 1546 natu-

265 1607 339 1644 rae
373 1589 659 1655 ordinem,
695 1590 794 1641 aut
827 1583 1177 1639 miraculum
1211 1587 1277 1637 ut
1314 1580 1658 1637 exhiberet?
1681 1596 1926 1653 quomo-

267 1680 340 1734 do
373 1683 648 1733 Lazarum
701 1692 769 1730 ex
797 1672 1067 1746 sepulcro
1120 1670 1418 1728 evocavit?
1449 1669 1703 1727 naturali
1733 1686 1807 1725 an
1838 1668 1927 1724 di-

268 1769 402 1823 vino
435 1764 646 1822 modo?
678 1763 979 1829 Quomodo
1009 1762 1308 1834 leprosum
1362 1761 1567 1816 morbo
1616 1756 1928 1815 liberavit?

272 1855 615 1912 circuitione
668 1853 944 1925 quadam,
980 1869 1053 1906 an
1083 1848 1425 1906 voluntate?
1458 1848 1760 1913 Quomodo
1789 1864 1927 1904 san-

268 1946 467 2019 guinis
499 1944 658 1999 ﬂuxu
690 1942 1054 1997 laborantem
1089 1938 1420 2006 mulierem,
1452 1954 1580 2010 quas
1611 1935 1920 2008 sanguinis

272 2034 557 2107 profluvio
591 2030 760 2104 quasi
792 2029 1165 2102 naufragium
1194 2029 1428 2097 fecerat,
1476 2043 1546 2083 ex
1583 2042 1652 2082 ea
1697 2031 1919 2098 tempe-

270 2127 421 2180 state
468 2120 730 2195 eripuit?
777 2119 1250 2192 Perquirendone
1280 2116 1472 2172 morbi
1503 2117 1813 2182 rationem,
1846 2129 1921 2168 an

270 2215 584 2285 conspecta
614 2211 741 2281 ejus
782 2209 916 2265 ﬁde.
973 2208 1123 2263 Tum
1176 2204 1637 2262 contradicentes
1685 2202 1768 2260 illi
1816 2202 1917 2259 Ju-

270 2302 399 2373 daei,
453 2305 515 2356 ut
548 2300 815 2356 viderunt
844 2314 981 2353 eum
1011 2297 1071 2352 in
1106 2295 1403 2369 proposito
1431 2296 1918 2367 perseverantem,

266 2375 487 2447 acriter.
507 2386 997 2461 comprehensum
1027 2386 1079 2442 vi
1127 2383 1471 2459 pertrahunt
1514 2384 1586 2439 ad
1634 2381 1922 2440 Pharisai-

267 2497 400 2537 cum
434 2478 715 2545 tribunal,
750 2477 1140 2547 dicebantque
1171 2474 1255 2530 illi
1289 2491 1302 2529 :
1335 2474 1464 2530 Jam
1499 2488 1704 2529 carnes
1735 2471 1918 2528 lanci-

267 2568 395 2624 nari
426 2574 560 2624 tuas
589 2565 951 2633 curabimus,
976 2571 1040 2619 ut
1061 2563 1234 2630 servi,
1258 2580 1374 2619 non
1403 2562 1680 2629 doctoris,
1704 2577 1924 2617 munus

268 2673 609 2728 exsequare.
646 2654 771 2712 Non
798 2659 980 2723 taces,
1014 2654 1116 2708 sed
1146 2652 1486 2709 concionem
1519 2651 1724 2717 habes,
1749 2654 1924 2721 atque

269 2752 336 2802 ut
388 2748 567 2801 Deum
617 2743 784 2799 illum
829 2744 919 2798 vis
971 2741 1334 2814 proclamare
1404 2741 1592 2796 ﬁlium
1639 2738 1926 2810 Josephi?

270 2838 420 2892 Casu
478 2835 732 2906 quodam
781 2832 972 2889 visum
1008 2831 1298 2903 recepisti,
1327 2830 1636 2902 eti'utisque
1668 2830 1838 2885 nobis
1870 2834 1926 2885 te

272 2943 306 2981 ιι
336 2924 640 2980 nativitate
669 2938 887 2978 caecum
920 2938 1071 2992 esse,
1116 2926 1291 2997 atque
1335 2918 1580 2975 adducis
1625 2918 1794 2974 nobis
1845 2917 1924 2973 is-

270 3022 400 3071 tum
436 3013 582 3068 fabri
618 3012 852 3068 ﬁlium?
884 3012 1006 3068 Non
1034 3015 1187 3067 taces
1221 3028 1233 3066 :
1268 3011 1367 3066 sed
1402 3025 1617 3082 magna
1648 3024 1783 3064 voce
1815 3007 1927 3063 cla-

273 3103 446 3159 mas?
478 3102 583 3169 Qui
618 3119 790 3174 porro
822 3102 1012 3155 visum
1049 3103 1345 3170 receperat
1389 3098 1618 3170 reponit
1665 3099 1732 3152 ad
1783 3114 1923 3153 con-

268 3193 622 3248 tradicentes
674 3209 685 3244 :
736 3190 792 3245 Si
844 3206 936 3244 me
967 3188 1220 3244 clamare
1248 3205 1364 3243 non
1397 3187 1593 3255 vultis,
1626 3185 1768 3258 quid
1800 3189 1923 3241 tam

269 3284 603 3353 frequenter
631 3279 1058 3336 sciscitamini?
1088 3277 1490 3350 Vosmetipsos
1518 3275 1838 3332 diii‘amatis
1865 3280 1924 3331 et

272 3371 419 3427 mihi
451 3371 686 3441 culpam
719 3367 1122 3436 ascribitis.Si,
1157 3372 1221 3422 ut
1251 3366 1469 3433 dicitis,
1497 3383 1634 3423 casu
1666 3365 1923 3437 quodam

268 3461 460 3515 visum
493 3459 708 3531 accepi,
745 3476 848 3513 cur
880 3462 1151 3529 parentes
1196 3472 1358 3512 meos
1406 3455 1737 3511 accivistis?
1782 3455 1926 3511 Fru-

271 3555 396 3606 stra
444 3550 647 3603 turbas
698 3546 850 3603 datis
884 3565 896 3603 :
931 3564 1045 3602 non
1097 3545 1344 3618 potestis
1373 3546 1644 3617 obtegere
1674 3544 1926 3600 miracu-

270 3639 394 3694 lum
433 3655 445 3692 ε
479 3638 588 3693 etsi
621 3636 887 3693 siluerim
919 3652 1045 3708 ego,
1080 3634 1336 3691 clamant
1364 3632 1515 3689 oculi
1552 3632 1686 3689 mei.
1740 3633 1925 3688 Homo

273 3728 516 3800 quidam
566 3726 739 3783 Jesus
788 3725 1045 3793 nomine,
1098 3725 1271 3793 cujus
1320 3739 1532 3779 nomen
1562 3727 1651 3778 est
1679 3721 1926 3789 curatio,

271 3819 395 3874 luto
428 3816 595 3872 unxit
623 3815 823 3872 oculos
856 3831 1039 3883 meos,
1071 3818 1128 3869 et
1152 3813 1297 3869 dixit
1327 3811 1472 3868 mihi
1504 3831 1517 3868 :
1556 3811 1777 3880 «Vade,
1800 3811 1928 3866 lava

271 3909 332 3962 in
367 3906 594 3979 piscina
622 3905 839 3961 Siloam
871 3904 936 3957 79'.
970 3924 998 3953 n
1032 3902 1363 3974 Abieneque
1392 3901 1523 3974 lavi,
1547 3901 1703 3957 lotus
1735 3900 1926 3955 lutum

272 3995 541 4068 deposui,
575 3995 678 4050 sed
709 3992 900 4049 visum
932 3992 1144 4063 recepi.

344 4088 397 4141 8.
432 4082 533 4139 His
564 4082 782 4139 auditis
813 4080 1132 4137 Pharisaici
1159 4079 1408 4150 judices,
1441 4079 1784 4152 ingentique
1830 4096 1924 4135 co-

273 4180 404 4231 acta
448 4172 624 4229 turba
656 4190 667 4227 :
704 4172 1025 4228 Sabbatum
1074 4169 1231 4225 enim
1264 4173 1407 4234 erat,
1440 4185 1573 4224 cum
1608 4169 1717 4225 hoc
1744 4170 1924 4225 mira-

274 4263 471 4320 culum
506 4263 639 4318 fecit
666 4262 874 4318 Jesus:
909 4258 1344 4331 interrogabant
1372 4275 1506 4314 eum
1547 4259 1748 4315 eadem
1798 4276 1926 4331 quas

271 4353 458 4409 Judaei
509 4352 768 4408 dicentes
799 4368 811 4406 :
845 4349 1030 4414 Nosti,
1065 4367 1097 4404 ο
1129 4348 1323 4413 homo,
1358 4364 1474 4419 quo
1506 4353 1663 4404 astes
1697 4347 1924 4414 inloco,

273 4450 329 4498 et
357 4440 788 4514 indeprecabile
822 4441 925 4494 hoc
954 4437 1214 4493 tribunal
1245 4453 1393 4508 esse,
1427 4453 1616 4509 neque
1660 4436 1925 4493 fraudem

273 4533 368 4589 hic
416 4549 680 4604 unquam
725 4530 903 4586 latere
928 4545 1123 4599 posse.
1171 4526 1266 4582 Dic
1299 4526 1466 4582 nobis
1497 4526 1658 4583 omni
1689 4543 1924 4581 accura-

2027 597 2133 671 τήρ
2170 617 2299 668 μου,
2319 596 2438 651 τίνα
2465 592 2856 674 φοϐηθήσομαι
2882 618 2895 667 ;
2926 622 2953 649 ››

2101 688 2154 741 7.
2190 688 2373 742 Ταῦτα
2406 685 2728 749 ἀκούσαντες
2762 687 2813 742 οἱ
2861 686 3233 763 ἀντιλέγοντες
3283 685 3561 761 Ἰουδαῖοι,
3612 688 3687 751 ὡς

2031 768 2175 826 εἶδον
2234 772 2393 827 αὐτὸν
2454 775 2531 846 μή
2595 773 2758 847 μόνον
2823 774 3053 843 ἷαθέντα,
3114 774 3262 831 ἀλλά
3309 776 3399 832 καὶ
3458 796 3688 853 συνηγο-

2033 866 2229 937 ροῦντα
2272 868 2352 936 τῷ
2402 863 2657 936 θαύματι,
2709 865 3015 941 προσῄεσαν
3070 863 3145 921 ἔτι
3183 866 3561 941 ἐπερωτῶντες
3590 864 3686 921 αὖ-

2030 949 2145 1004 τόν·
2183 956 2305 1014 [Ιῶς
2356 948 2696 1027 ἀνέϐλεψας;
2755 955 2815 1009 Τί
2870 977 2953 1010 σοι
3006 954 3255 1027 ἐποίησεν
3304 955 3564 1018 ἐκεῖνοςὸ
3596 954 3685 1011 ἃν-

2035 1052 2275 1117 θρωπος,
2308 1043 2391 1098 ὃτι
2426 1042 2698 1115 ἐπιμένεις
2728 1049 2807 1117 τῷ
2839 1046 3125 1121 πράγματι
3152 1065 3165 1115 ;
3222 1047 3282 1103 Ὁ
3344 1043 3403 1101 δὲ
3459 1039 3687 1101 ἁναϐλέ-

2034 1132 2137 1203 qm
2199 1131 2333 1206 πρὸς
2395 1131 2522 1195 τοὺς
2579 1132 2961 1211 τυφλωθέντας
3017 1131 3142 1213 ἔφη·
3203 1139 3327 1198 Πῶς
3376 1129 3687 1208 ἀνέϐλεψα;

2036 1219 2159 1275 Ἐπὶ
2218 1225 2353 1275 Θεοῦ
2403 1220 2610 1297 λέγετε,
2663 1228 2779 1285 πῶς
2824 1230 2923 1294 τῆς
2973 1223 3181 1302 φύσεως
3229 1223 3526 1281 ἀκολουθία
3553 1223 3695 1301 γίνε-

2035 1327 2158 1377 ται;
2209 1309 2272 1363 Ei
2330 1311 2390 1364 τὸ
2440 1313 2556 1375 πῶς
2616 1312 2869 1388 ἐρωτᾶτε,
2924 1313 3282 1384 ἀντερωτήσω
3334 1314 3475 1387 ὑμᾶς
3521 1314 3693 1389 κάγώ·

2036 1399 2161 1459 Πῶς
2189 1399 2251 1453 τὸ
2281 1396 2428 1475 ὕδωρ
2460 1400 2536 1463 εἷς
2569 1401 2715 1456 οἶνον
2754 1395 3071 1473 μετέϐαλεν,
3118 1399 3441 1457 ἀκολουθίαν
3475 1401 3509 1471 ἦ
3560 1402 3692 1454 θαυ-

2040 1487 2374 1563 ματουργίαν
2411 1489 2655 1563 μηνύσας
2682 1510 2695 1561 ;
2730 1495 2853 1552 Πῶς
2880 1490 2971 1545 τὸν
3007 1491 3252 1563 Λάζαρον
3306 1489 3365 1545 ἐκ
3391 1495 3488 1545 τοῦ
3519 1489 3690 1568 τάφου

2037 1578 2297 1648 ἐκάλεσε,
2347 1587 2588 1656 φυσικῶς
2645 1582 2680 1651 ἢ
2738 1583 3094 1657 θεοπρεπῶς;
3156 1584 3282 1644 Πῶς
3335 1582 3426 1636 τὸν
3489 1580 3691 1651 λεπρὸν

2033 1672 2131 1724 τοῦ
2162 1669 2366 1733 πάθους
2397 1669 2655 1738 ἀπέλυσε,
2715 1669 3093 1747 περιοδεύσας,
3150 1671 3186 1741 ἢ
3239 1669 3514 1742 θελήσας
3564 1672 3691 1733 Πῶς

2033 1757 2132 1826 τὴν
2192 1757 2559 1835 αἳμοῤῥοῦσαν
2620 1765 2869 1835 γυναῖκα,
2927 1764 3258 1836 ναυαγοῦσαν
3320 1759 3380 1815 ἐκ
3428 1766 3531 1828 τῆς
3579 1763 3689 1814 τῶν

1954 1875 2002 1941 Β
2034 1846 2283 1918 αἱμάτων
2340 1853 2533 1926 φορᾶς,
2593 1854 2691 1904 τοῦ
2747 1846 3029 1912 κλύδωνος
3072 1846 3333 1919 διέσωσε;
3394 1850 3465 1904 Τὸ
3518 1849 3690 1910 πάθος

2031 1936 2345 2011 ἐρευνήσας,
2398 1937 2433 2006 ἢ
2484 1938 2584 2006 τήν
2634 1937 2811 1993 πίστιν
2861 1940 3236 2009 κατανοήσας;
3288 1938 3355 1994 Oi
3388 1935 3446 1993 δὲ
3475 1936 3687 1993 ἀντιλέ-

2028 2044 2216 2099 γοντες
2251 2022 2527 2097 Ἰουδαῖοι,
2561 2026 2634 2089 ὡς
2683 2024 2823 2081 εἶδον
2877 2026 3034 2082 αὐτὸν
3087 2025 3432 2101 ἐπιμένοντα,
3489 2024 3681 2101 δριμύ-

2026 2133 2181 2188 τερον
2239 2114 2664 2191 κατεσχηκότες,
2723 2117 2905 2171 εἷλκον
2957 2115 3116 2171 αὐτὸν
3168 2117 3304 2189 μετὰ
3351 2117 3469 2193 βίας
3503 2112 3590 2171 ἐπὶ
3617 2114 3682 2169 τὸ

2031 2204 2361 2281 Φαρισαϊκὸν
2392 2208 2701 2282 κριτήριον,
2736 2204 2989 2281 λέγοντες
3024 2208 3159 2281 πρὸς
3191 2206 3370 2263 αὐτόν.
3423 2207 3554 2262 Novi
3587 2230 3683 2264 σου

2029 2293 2123 2356 τὰς
2178 2292 2375 2370 σάρκας
2422 2296 2813 2366 καταξανθῆναι
2862 2298 3364 2370 παρασκευάσομεν,
3408 2294 3503 2350 ’ίνα
3560 2295 3684 2353 δου-

2032 2380 2205 2454 λείαν,
2238 2382 2327 2438 καῖ
2364 2385 2438 2457 μή
2474 2382 2824 2440 διδασκαλίαν
2861 2385 3125 2461 μετέρχῃ.
3158 2383 3229 2439 Οὐ
3260 2390 3490 2456 σιωπᾷς,
3542 2386 3691 2442 ἀλλὰ

2033 2469 2395 2548 δημηγορεῖς,
2427 2473 2516 2528 καὶ
2548 2475 2621 2536 ὡς
2652 2474 2781 2529 Θεὸν
2814 2473 2971 2529 αὐτὸν
2995 2473 3170 2536 θέλεις
3198 2474 3525 2552 φημίζεσθαι
3547 2478 3685 2547 (79),

2033 2560 2232 2617 ἐκεῖνον
2260 2563 2352 2618 τὸν
2383 2565 2498 2619 υἱὸν
2525 2568 2623 2619 τοῦ
2654 2566 2891 2643 Ἰωσήφ;
2949 2564 3086 2620 Ἀπὸ
3137 2559 3551 2638 συμϐεϐηκότος
3608 2588 3688 2621 τι-

2031 2650 2122 2712 νὸς
2176 2646 2496 2727 ἀνέϐλεψας,
2545 2652 2634 2708 καὶ
2682 2658 3022 2732 προσφωνεῖς
3054 2655 3214 2725 ἡμῖν,
3247 2654 3323 2716 ὡς
3355 2652 3416 2710 ἐκ
3463 2657 3685 2731 γενετῆς

2030 2739 2236 2818 τυφλὸς
2295 2740 2546 2818 ἐτέχθης,
2604 2741 2693 2797 καὶ
2747 2741 2967 2816 ἐτάγεις
3011 2745 3147 2816 ἡμῖν
3200 2741 3402 2798 ἐκεῖνον
3438 2744 3529 2799 τὸν
3588 2748 3686 2799 τοῦ

2030 2828 2281 2893 τέκτονος
2311 2831 2426 2885 υἱόν
2454 2850 2468 2901 ;
2501 2830 2578 2888 Οὐ
2610 2835 2839 2902 σιωπᾷς,
2888 2829 3035 2887 ἀλλᾶ
3087 2829 3294 2906 μεγάλα
3331 2833 3460 2906 βοᾷς
3488 2853 3501 2886 ι
3534 2834 3595 2890 Ὀ
3627 2830 3687 2888 δὲ

2033 2912 2336 2992 ἀναϐλέψας
2384 2921 2521 2995 πρὸς
2570 2919 2696 2982 τοὺς
2744 2917 3125 2995 ἀντιλέγοντας
3158 2917 3359 2995 ἔλεγεν·
3396 2920 3457 2975 Εἰ
3496 2921 3558 2976 οὗ
3592 2921 3684 2976 θέ-

2035 3005 2157 3062 λετέ
2235 3028 2302 3080 με
2377 3009 2529 3084 βοᾷν,
2585 3007 2638 3063 τί
2696 3008 3001 3084 έπερωτᾶτέ
3060 3030 3127 3081 με
3179 3013 3435 3085 συχνῶς;
3503 3015 3686 3083 Ὑμεῖς

2036 3094 2257 3158 ἑαυτοὺς
2311 3095 2616 3167 θρυλλεῖτε,
2675 3097 2844 3169 κάμοὶ
2893 3096 2955 3152 τὸ
3012 3093 3266 3173 ἔγκλημα
3323 3098 3681 3173 προσάπτετε,

2036 3187 2133 3248 ’Ὡς
2165 3207 2316 3264 φατε,
2368 3186 2413 3241 εἰ
2458 3186 2517 3242 ἐκ
2564 3182 2976 3261 συμϐεϐηκότος
3004 3188 3151 3249 τινὸς
3177 3183 3470 3260 ἀνέϐλεψα,
3497 3190 3549 3243 τί
3581 3211 3688 3261 μου

1954 3246 1997 3314 C
2034 3273 2162 3337 τοὺς
2217 3281 2393 3352 γονεῖς
2447 3278 2856 3351 παρεστήσατε;
2902 3281 3090 3347 Μάτην
3139 3271 3473 3354 θορυϐεῖσθε·
3509 3246 3692 3332 06.36-

2033 3376 2190 3429 ναςθε
2244 3365 2446 3441 κρύψαι
2502 3366 2562 3421 τό
2622 3371 2820 3439 θαῦμα·
2880 3365 2976 3420 κᾶν
3037 3366 3137 3442 γὰρ
3170 3366 3279 3441 ἐγὼ
3313 3368 3601 3439 σιωπήσω,
3636 3369 3692 3422 οἱ

2037 3455 2315 3534 ὀφθαλμοί
2351 3478 2455 3530 μου
2489 3458 2711 3532 βοῶσιλ.
2747 3458 3070 3530 ’Ἄνθρωπός
3109 3479 3193 3520 τις
3230 3456 3521 3534 λεγόμενος
3573 3463 3687 3532 Ἰη-

2036 3542 2184 3615 σοῦς,
2248 3545 2309 3599 οὗ
2356 3545 2446 3600 καὶ
2494 3546 2556 3600 τὸ
2606 3541 2782 3618 ὄνομα
2833 3545 2992 3613 ἷῖκσις,
3034 3544 3214 3616 πηλὸν
3266 3546 3522 3623 ἐπέχρισέ
3582 3571 3688 3623 μου

2032 3639 2151 3697 τοῖς
2176 3632 2510 3712 ὀφθαλμοῖς,
2543 3634 2633 3689 καὶ
2667 3636 2783 3690 εἶπέ
2836 3657 2950 3709 μοι·
2985 3660 3012 3686 ι‹
3062 3638 3270 3711 Ὕπαγε
3297 3638 3450 3711 νίψαι
3482 3637 3558 3702 εἷς
3585 3640 3683 3707 τὴν

2033 3717 2426 3796 κολυμϐήθραν
2477 3728 2575 3778 τοῦ
2627 3722 2879 3797 Σιλωάμ,
2936 3748 2963 3775 cc
2999 3723 3097 3778 Καὶ
3126 3723 3378 3780 ἀπελθὼν
3415 3726 3681 3801 ἐνιψάμην

2035 3814 2168 3885 (80)’
2201 3813 2515 3886 νιψάμενος,
2544 3813 2636 3868 τὸν
2674 3813 2766 3887 μὶν
2802 3812 2980 3883 πηλὸν
3022 3812 3309 3887 ἐπεθέμην,
3364 3816 3426 3870 τὸ
3459 3813 3514 3872 δὲ
3568 3820 3680 3893 φῶς

2035 3897 2320 3974 ἐδεξάμην.

2105 4082 2157 4137 8.
2189 4085 2363 4136 Ταῦτα
2394 4080 2712 4142 ἀκούσαντες
2746 4081 2796 4135 οἱ
2830 4081 3153 4155 Φαρισαῖκοῖ
3186 4081 3387 4157 κριταὶ,
3419 4083 3508 4136 γαὶ
3543 4082 3690 4153 πλή-

2035 4181 2161 4234 θους
2218 4168 2441 4245 ἀπείρου
2504 4169 3037 4244 συναθροιζομένου¹
3100 4164 3388 4238 σάϐϐατον,
3446 4170 3546 4245 γὰρ
3603 4173 3689 4243 ἦν,

2036 4257 2126 4314 ὅτε
2154 4259 2217 4313 τὸ
2248 4262 2431 4329 θαῦμα
2487 4263 2651 4312 τοῦτο
2706 4256 3000 4328 πεποίηκεν
3052 4258 3079 4312 ὁ
3126 4258 3356 4328 Ἰησοῦς·
3390 4256 3689 4334 ἐπηρώτων

2034 4347 2194 4403 αὐτὸν
2224 4346 2288 4401 τὰ
2319 4345 2452 4401 αὐτὰ
2506 4352 2625 4408 τοῖς
2682 4343 2965 4409 Ἰουδαίοις
3026 4345 3299 4422 λέγοντες·
3351 4344 3540 4416 Οἶδας,
3598 4347 3693 4404 ἄν·

2037 4448 2242 4511 θρωπε,
2274 4435 2417 4507 ποίῳ
2446 4435 2602 4507 τόπῳ
2632 4435 2995 4511 παρέστηκας,
3029 4437 3118 4490 καὶ
3157 4435 3243 4491 ὅτι
3287 4436 3687 4515 ἀσυγχώρητον

2035 4525 2096 4579 τὸ
2127 4523 2299 4598 παρὸν
2339 4525 2620 4598 κριτήριον
2678 4522 2951 4598 τυγχάνει,
3009 4525 3098 4579 καὶ
3149 4526 3223 4587 ὡς
3254 4525 3354 4581 οὐκ
3406 4525 3547 4580 ἔστιν
3600 4526 3691 4581 ἐν·

273 4624 433 4677 tione
466 4639 478 4676 ε
515 4620 815 4686 Quomodo
848 4618 1038 4673 visum
1070 4615 1387 4688 accepisti?
1424 4616 1587 4680 Quod
1637 4615 1741 4670 tibi
1794 4615 1924 4669 fecit

2037 4613 2202 4667 ταῦθα
2257 4611 2471 4680 πλάνην
2529 4612 2640 4683 (81)
2694 4608 2969 4675 διαλαθεῖν
3014 4634 3165 4670 ποτε.
3199 4614 3332 4690 Λέγε
3363 4616 3498 4687 ἡμῖν
3556 4617 3691 4688 μετὰ

275 4712 452 4767 homo
480 4708 575 4765 ille
607 4725 779 4779 quem
812 4705 1001 4762 dicis?
1032 4706 1181 4762 Tum
1208 4703 1303 4760 ille
1335 4705 1432 4776 qui
1466 4705 1658 4760 visum
1690 4718 1925 4774 accepe-

276 4806 367 4855 rat
397 4801 465 4855 ad
503 4797 904 4853 Pbarisaicum
955 4793 1214 4851 tribunal
1262 4793 1566 4866 respondit
1617 4810 1629 4848 :
1681 4793 1928 4857 Quomo-

277 4890 350 4942 do
405 4886 593 4942 visum
647 4882 988 4954 receperim,
1034 4898 1271 4938 rursum
1330 4880 1558 4936 curiose
1587 4878 1931 4951 iuquiritis?

276 4978 503 5031 Rursus
537 4979 599 5029 ut
632 4990 794 5028 reum
829 4989 918 5027 me
940 4968 1928 5036 examinatis,dicentes:Quomodo

270 5066 461 5120 visum
487 5062 801 5135 recepisti?
824 5062 871 5117 si
904 5060 1095 5116 dicam
1122 5059 1289 5115 vobis
1338 5059 1552 5113 iterum
1604 5056 1925 5112 tumultum

271 5152 621 5209 e‘xcitabitis.
674 5151 877 5207 Dicam
928 5149 1097 5205 vobis
1148 5148 1440 5219 quomodo
1472 5146 1663 5201 visum
1696 5163 1925 5219 recepe-

270 5243 397 5299 rini.
432 5248 681 5299 Causam
716 5241 955 5312 quidem
990 5237 1313 5295 curationis
1344 5236 1558 5301 dicam,
1615 5236 1713 5291 sed
1768 5241 1925 5308 pote-

265 5338 476 5387 statein
498 5330 708 5387 edendi
741 5319 1027 5385 miracula
1057 5327 1249 5382 dicere
1269 5341 1494 5398 nequeo
1520 5342 1533 5381 :
1559 5347 1585 5375 «
1610 5325 1750 5389 Quis
1768 5325 1925 5381 enim

339 5466 378 5499 τ¹
415 5464 566 5520 Psal.
599 5481 750 5533 xxvx,
788 5464 839 5518 1.
918 5463 962 5497 ⁷²
992 5462 1159 5517 Joan.
1195 5478 1272 5529 1x,
1300 5461 1385 5516 11.

348 5607 458 5677 (79)
487 5603 574 5661 Sic
610 5604 747 5679 Beg.
870 5604 1209 5679 Editiﬂvero,
1243 5600 1592 5679 ψηφίζεσθαι.

350 5670 463 5750 (80)
496 5679 582 5732 ita
614 5670 751 5748 Reg.
790 5676 839 5747 1,
874 5678 928 5732 2.
953 5674 1105 5731 Editi
1136 5670 1634 5749 νει-ό,νιψάμενος.

2037 4701 2217 4771 πάσης
2248 4694 2544 4775 ἀκριϐείας·
2608 4703 2729 4763 Πῶς
2791 4697 3129 4775 ἀνέϐλεψας;
3187 4701 3248 4756 Τί
3297 4724 3384 4757 σοι
3433 4701 3685 4775 ἐποίησεν

2038 4787 2240 4850 ἐκεῖνος
2275 4788 2301 4842 ὁ
2334 4786 2635 4864 ἅνθρωπος,
2670 4788 2727 4843 ὅν
2761 4788 2976 4864 λέγεις;
3008 4791 3069 4848 Ὁ
3117 4787 3175 4846 δὲ
3213 4786 3517 4865 ἀναϐλέψας
3549 4793 3687 4869 πρὸς

2036 4877 2098 4933 τὸ
2130 4877 2459 4953 Φαρισαϊκὸν
2485 4880 2792 4954 κριτήριον,
2826 4879 3172 4956 ἀπεκρίνατο·
3220 4886 3343 4945 Πῶς
3389 4876 3687 4956 ἀνέϐλεψα,

2037 4965 2200 5021 πάλιν
2252 4965 2701 5043 περιεργάζεσθε;
2751 4965 2914 5022 πάλιν
2962 4969 3036 5031 ὡς
3082 4966 3375 5025 κατάδικον
3423 4969 3688 5042 εὐθύνετε,

2038 5054 2281 5131 λέγοντές
2315 5076 2429 5128 μοι·
2469 5058 2591 5117 Πῶς
2623 5051 2922 5129 ἀνέϐλεψας
2953 5077 2966 5126 ;
2999 5058 3121 5112 Ἐάν
3170 5059 3296 5131 ὑμῖν
3330 5057 3489 5129 sibi-to,
3521 5058 3688 5115 πάλιν

2038 5140 2374 5220 θορυϐεῖσθε.
2433 5143 2505 5197 Τὸ
2561 5147 2675 5205 πῶς
2736 5139 3025 5219 ἀνέϐλεψα,
3088 5145 3197 5222 ἐγὼ
3245 5147 3371 5220 ὑμῖν
3422 5148 3550 5223 ἐρῶ.
3582 5150 3689 5217 Τὴν

2040 5234 2133 5307 μὲν
2167 5277 2171 5280 .
2200 5234 2373 5288 αἰτίαν
2424 5240 2525 5303 τῆς
2575 5231 2854 5307 περιοδίας
2900 5233 3066 5312 λέγω,
3098 5238 3196 5306 τήν
3232 5235 3288 5293 δὲ
3320 5237 3557 5309 ἐξουσίαν
3589 5246 3690 5310 τῆς

2038 5323 2498 5399 θαυματουργίας,
2530 5322 2628 5377 οὐκ
2658 5318 2774 5399 ἔχω
2805 5324 3002 5400 Λέγειν’
3036 5350 3064 5378 ‹‹
3097 5326 3184 5390 Τίς
3231 5328 3336 5403 γὰρ
3382 5322 3519 5404 ἔγνω
3566 5333 3690 5385 νοῦν

2108 5601 2219 5674 (81)
2255 5602 2398 5675 Reg.
2431 5603 2485 5674 1,
2516 5598 2746 5661 πλάνον.
2775 5602 2916 5677 Reg.
2948 5604 3003 5677 2,
3037 5600 3237 5677 πλάνῃ.
