4120 6354
357 361 527 422 1013¹

1346 356 1674 416 HUMILIA
1725 355 1802 413 IN
1851 353 2132 414 CIECUM
2193 361 2229 410 Α
2284 331 2792 415 ΝΑΊῚνΙΤΑΤιι.

3621 358 3782 417 1011

353 491 586 567 Κυρίου;
689 489 768 549 τίς
802 483 1112 561 ξύμϐουλος
1159 486 1322 540 αὐτοῦ
1371 485 1619 562 ἐγένετο;
1652 487 1686 556 ἢ
1733 486 1813 549 τίς
1865 507 1981 561 προ

2114 486 2382 558 cognovit
2440 504 2682 544 sensum
2731 487 3018 544 Domini?
3069 492 3170 544 aut
3219 489 3353 560 quis
3405 489 3776 546 consiliarius

351 578 543 634 ἔδωκεν
578 579 774 649 ἀύτῷ,
809 577 897 631 καὶ
953 576 1051 630 ούκ
1100 573 1594 646 ἀνταποδοθήσεται
1657 575 1840 648 αὐτῷ;
1877 600 1902 626 ›.
1935 573 1997 631 Εἰ

348 669 532 724 Οέλετε

348 764 634 834 προεῖπον·
673 782 698 808 ‹‹
744 754 929 825 Πηλὸν
981 755 1218 825 ἐποίησε,
1267 756 1355 809 καὶ
1410 754 1664 830 ἐπέχρισέ
1719 776 1822 826 μου
1870 753 1997 814 τοῦς

591 673 777 740 μαθεῖν
837 668 936 735 την
996 661 1294 739 περτοδῖαν,
1354 666 1486 736 αὕτη
1547 666 1710 732 ἐστὶν,
1770 667 1831 734 ἣν
1889 662 1996 734 ἤδη

347 847 689 928 ὀφθαλμούς⁸
723 846 811 900 καὶ
866 846 979 900 εἶπέ
1033 865 1146 916 μοι’
1197 847 1396 920 Ὕπαγε
1441 845 1587 917 νίψαι
1638 845 1712 906 εἷς
1763 845 1858 911 τήν
1910 864 1999 897 κο-

781 934 930 950 o--\
1016 936 1022 947 ι
1132 936 1172 950 ιι
1241 935 1332 950 ης-
1460 932 1500 950 αι

345 933 670 1011 λυμε-ιςθραν
714 940 809 990 τοῦ
844 934 1095 1007 Σιλωάμ.
1132 935 1404 1002 Ἀπῆλθον
1457 933 1532 1000 δὲ,
1564 933 1650 987 καὶ
1704 933 1993 1008 ἐνιψάμην,

341 1028 430 1081 καὶ
465 1027 661 1087 εύοὲως
711 1020 997 1096 ἀνέϐλεψα·
1036 1049 1061 1074 ››
1096 1024 1156 1077 οῦ
1205 1023 1297 1077 τοῦ
1347 1022 1537 1085 ὕδατος
1587 1023 1996 1098 ἐνεργήσαντος,

341 1114 488 1171 ἀλλά
516 1113 612 1169 τοῦ
646 1116 959 1186 πτύσματος
1010 1110 1614 1188 παραδοξοποιήσαντος
1647 1115 1778 1184 (82).
1814 1115 1996 1168 Ταῦτα

342 1206 664 1265 ἀκούσαντες
727 1204 777 1258 οἱ
838 1201 1159 1278 Φαρισαϊκοὶ
1217 1202 1418 1277 κριταὶ,
1481 1203 1554 1263 ὡς
1634 1199 1772 1255 εἶδον
1833 1201 1991 1254 αὐτὸν

341 1291 418 1348 ἔτι
452 1293 768 1365 ἐηιμένοντα
815 1297 930 1354 τοῖς
980 1291 1183 1358 αὐτοῖς,
1216 1297 1405 1346 τοῦτον
1457 1291 1826 1362 ἀπωσάμενοι,
1866 1289 1994 1350 τοῦς

339 1389 518 1458 γονεῖς
565 1389 660 1437 τοῦ
715 1377 1112 1454 ἀναϐλέψαντος
1163 1381 1462 1458 ἐτώνησαν,
1492 1380 1580 1435 καὶ
1634 1380 1990 1434 ἐπυνθάνοντο

344 1474 472 1546 παρ’
519 1473 689 1527 αὐτῶν
745 1472 991 1544 λέγοντες
1048 1498 1072 1523 ‹‹
1113 1470 1307 1526 Εῖπατε
1353 1473 1490 1544 ἡμῖν
1564 1469 1720 1532 οὗτός
1775 1469 1913 1524 ἐστιν
1961 1471 1989 1524 ὁ

343 1563 467 1623 Υἱὸς
523 1563 690 1634 ὑμῶν,
744 1562 801 1614 ὃν
847 1560 1084 1635 λέγεται,
1138 1559 1219 1614 ὅτι
1264 1559 1466 1637 τυφλὸς
1512 1559 1814 1635 ἐγεννήθη;
1867 1561 1991 1621 Πῶς

339 1649 432 1704 οῦν
494 1653 610 1726 ἄρτι
663 1649 892 1726 minet;
932 1677 950 1700 ι
999 1651 1062 1706 Οἳ
1111 1647 1166 1703 δε
1217 1656 1391 1723 γονεῖς
1440 1654 1535 1704 τοῦ
1584 1645 1989 1723 ἀναϐλέψαντος

338 1739 812 1814 ἀνταποκριθέντες
870 1739 1007 1812 πρὸς
1059 1738 1184 1800 τοῦς
1247 1738 1651 1815 ἐπερωτῶν-ξας,
1713 1740 1860 1794 εἶπον
1922 1742 1988 1794 τά

2112 577 2240 644 ejus
2277 577 2425 631 fuit?
2456 581 2554 632 aut
2587 577 2718 650 quis
2752 579 2909 650 prior
2940 579 3099 633 dedit
3138 577 3219 632 illi
3258 584 3313 632 et
3342 596 3453 634 non
3487 580 3770 635 retribue-

2113 670 2206 720 tur
2237 667 2284 720 ei
2319 666 2406 720 73?
2441 690 2466 714 ››
2496 667 2550 722 Si
2586 668 2812 722 discere
2835 667 3013 721 vultis
3051 667 3374 723 curationis
3420 668 3653 735 seriem,
3703 685 3770 724 ea

2109 760 2198 809 est
2244 772 2416 826 quam
2453 756 2623 810 modo
2656 757 2770 811 dixi
2810 774 2821 810 :
2856 780 2882 805 «
2924 761 3132 810 Lutum
3168 756 3321 823 fecit,
3353 761 3407 812 et
3431 759 3598 813 unxit
3629 776 3765 814 ocu-

2108 843 2194 898 los
2230 861 2421 911 meos;
2454 849 2511 898 ct
2541 845 2686 899 dixit
2722 845 2863 899 mihi
2902 863 2914 900 :
2951 846 3109 899 Vade
3151 845 3220 899 ad
3271 847 3426 900 370
3475 847 3764 902 natatoria

2107 933 2272 987 Siloe
2321 940 2374 986 et
2423 933 2552 988 lava
2599 952 2610 988 :
2662 935 2778 989 abii
2831 940 3027 989 autem
3083 938 3139 988 et
3189 934 3324 1003 lavi,
3375 939 3432 990 et
3485 936 3760 992 continuo

2107 1022 2295 1076 visum
2335 1024 2523 1095 recepi
2556 1024 2667 1089 3",»
2695 1042 2805 1079 non
2843 1041 3006 1095 aquae
3037 1023 3227 1087 vi,sed
3265 1025 3420 1096 sputi
3457 1024 3756 1080 miraculo.

2106 1110 2236 1165 Haec
2268 1129 2397 1165 cum
2435 1111 2738 1168 audissent
2769 1112 3085 1167 Pbarisaici
3114 1113 3370 1182 judices,
3405 1117 3468 1168 ut
3491 1114 3761 1170 viderunt

2105 1217 2236 1256 eum
2274 1202 2462 1256 adhuc
2497 1203 2551 1256 in
2596 1203 2766 1257 dictis
2816 1203 2940 1258 suis
2993 1207 3484 1274 perseverantem,
3533 1203 3759 1274 abjecto

2106 1290 2224 1359 illo,
2263 1297 2530 1362 parentes
2561 1294 2688 1363 ejus
2721 1293 2814 1348 cui
2845 1294 3008 1348 visus
3040 1293 3303 1347 redditus
3356 1293 3544 1348 fuerat
3585 1294 3756 1348 advo-

2105 1386 2332 1448 carunt,
2395 1388 2447 1436 et
2481 1383 2978 1453 percontabantur
3010 1399 3077 1437 ex
3108 1381 3180 1437 iis
3213 1399 3225 1437 ε
3262 1405 3287 1432 ‹‹
3327 1381 3504 1437 Dicite
3536 1382 3707 1437 nobis
3743 1400 3755 1436 :

2106 1468 2328 1524 hiccine
2361 1470 2517 1526 filius
2549 1475 2734 1526 vester
2765 1476 2875 1537 est,
2907 1488 3081 1542 quem
3115 1488 3214 1526 vos
3246 1471 3461 1538 dicitis,
3485 1469 3624 1543 quia
3655 1488 3754 1526 cae-

2101 1573 2206 1615 cus
2239 1564 2412 1615 natus
2443 1561 2574 1615 est?
2603 1561 2903 1624 Quomodo
2936 1577 3071 1632 ergo
3104 1577 3258 1614 nunc
3289 1560 3444 1615 videt
3472 1559 3554 1614 75?
3589 1584 3610 1613 ι
3649 1565 3755 1616 Pa-

2101 1653 2292 1703 rentes
2317 1666 2486 1721 porro
2518 1651 2644 1721 ejus
2678 1650 2776 1722 qui
2808 1650 2999 1705 visum
3051 1655 3365 1721 receperat,
3413 1649 3758 1706 sciscitanti-

2101 1737 2210 1792 bus
2245 1740 2883 1810 respondentes,verbis
2917 1738 3005 1794 usi
3029 1745 3165 1794 sunt
3187 1739 3367 1794 beata)
3387 1744 3665 1795 Susanna:
3683 1741 3748 1794 75:

335 1833 434 1898 τῆς
487 1829 755 1904 μακαρίας
805 1828 1126 1898 Σουσάννης’
1169 1829 1335 1882 Στενᾶ
1377 1831 1512 1900 ἡμῖν
1547 1827 1827 1892 πάντοθεν.
1864 1829 1981 1883 Ἐἀν

2098 1827 2392 1898 Angustias
2425 1829 2592 1883 nobis
2627 1830 2921 1900 undique;
2948 1828 2996 1883 si
3041 1828 3362 1883 dixerimus
3395 1845 3408 1882 :
3446 1828 3601 1885 filius
3652 1847 3750 1885 no-

336 1917 578 1991 εἷ’πωμεν
627 1918 708 1972 ὅτι
759 1919 880 1979 Υἱὸς
930 1921 1087 1989 ἡμῶν
1139 1917 1298 1987 ἐστιν,
1335 1917 1433 1972 ούκ
1481 1917 1843 1995 ἐκφευξόμεθα
1890 1919 1984 1981 τὶς

335 2012 526 2083 χεῖρας
582 2007 754 2080 ὑμῶν·
788 2011 948 2061 τοῦτο
997 2007 1095 2081 γὰρ
1151 2005 1561 2081 ἐπηγγείλασϐε·
1598 2006 1684 2060 ἐὰν
1732 2005 1786 2062 δὲ
1818 2008 1982 2062 εἶ’πω-

337 2118 455 2170 μεν,
490 2095 572 2150 ὅτι
606 2096 705 2150 οὐκ
736 2094 876 2150 ἔστιν
926 2097 1038 2157 υἱὸς
1089 2099 1268 2168 ἡμῶν,
1305 2095 1522 2150 ατλωνίαν
1573 2096 1795 2152 κόλασιν
1853 2099 1982 2153 ὑπο-

334 2185 666 2258 στησὸμεθα’
703 2189 861 2240 τοῦτο
922 2186 1025 2261 γὰρ
1082 2186 1359 2239 ἀπόκειται
1400 2191 1518 2247 τοῖς
1566 2189 1664 2255 τὴν
1725 2187 1984 2258 ἀληθειαν

331 2274 650 2351 κρύπτουσι.
687 2275 800 2344 Διὸ,
831 2275 928 2342 την
976 2275 1193 2328 σιτωνίαν
1250 2274 1461 2347 μᾶλλον
1509 2274 1734 2330 κόλασιν
1792 2298 1980 2353 προτι-

335 2366 626 2439 μήσαντες,
656 2368 914 2418 τοσοῦτον
950 2362 1200 2439 ἐροῦμεν,
1234 2363 1356 2417 ὅσον
1390 2364 1477 2418 καὶ
1511 2365 1560 2419 ἐν
1596 2372 1709 2428 τοῖς
1751 2372 1976 2442 παροῦσι

334 2453 532 2527 ζημίαν
581 2452 688 2528 οὐχ
745 2452 1142 2524 ὑπομείνωμεν·
1179 2477 1204 2503 (ι
1241 2454 1416 2514 Οὗτος
1449 2454 1476 2507 ὁ
1516 2460 1665 2523 παῖς,
1699 2456 1743 2509 ὧ
1779 2454 1980 2532 ἄρχον-

330 2564 444 2613 τες,
477 2541 557 2597 ὅτι
612 2543 704 2616 μὲν
759 2544 874 2604 υἷος
925 2545 1084 2613 ἡμῶν
1138 2541 1297 2612 ἐστιν,
1334 2541 1510 2614 ἴσμεν,
1541 2544 1630 2597 καὶ
1664 2543 1744 2598 ὅτι
1775 2546 1979 2624 τυφλὸς

331 2631 590 2706 ἐγεννήθη
653 2630 753 2686 οὐκ
799 2631 1123 2705 ἀγνοοῦμεν’
1155 2631 1217 2684 τὸ
1263 2627 1319 2684 δὲ
1371 2636 1485 2693 πῶς
1535 2628 1848 2706 ἀνέϐλεψεν,
1884 2636 1981 2690 ούκ

368 2718 421 2741 MN
569 2739 580 2752 .
804 2719 838 2749 ,ν
966 2741 982 2748 _
1109 2719 1122 2738 ν
1201 2725 1224 2734 ~
1278 2742 1304 2752 _
1345 2719 1402 2753 κ,
1473 2720 1481 2738 ι
1713 2723 1722 2738 ε
1827 2727 1840 2746 ρ
1932 2731 1954 2741 η.

329 2735 559 2794 οιοαμεν
614 2721 648 2790 ἢ
681 2720 764 2782 τίς
811 2721 1013 2790 ηνοιξεν
1066 2741 1228 2774 αυτου
1288 2743 1400 2782 κου,
1451 2719 1980 2798 ὁφθαλμους,ημεις

328 2809 430 2864 οὐκ
477 2807 724 2882 οἴδαμεν.
767 2808 1012 2864 Ἡλικίαν
1068 2807 1202 2885 ἔχει,
1236 2809 1394 2864 αὐτὸν
1445 2810 1770 2887 ἐρωτήσατε,
1820 2813 1978 2877 αύτὸς

327 2896 558 2969 λαλήσει
592 2899 713 2972 περῖ
746 2899 957 2954 ἑαυτοῦ.
998 2923 1022 2949 n

398 2993 451 3044 9.
483 2993 657 3043 Ταῦτα
681 2988 998 3050 ἀκούσαντες
1045 2988 1096 3041 οἱ
1129 2994 1438 3063 Φαρισαῖοι,
1463 2990 1550 3045 καὶ
1609 2989 1814 3068 σφόδρα
1862 2990 1975 3048 δια-

328 3077 686 3154 πορούμενοι·
723 3076 972 3155 ἐπέφερεν
1035 3077 1135 3153 γὰρ
1193 3077 1377 3140 αὐτοῖς
1439 3079 1499 3134 οῦ
1555 3083 1653 3149 τήν
1704 3087 1975 3157 τυχοῦσαν

327 3164 593 3242 αἰσχύνην
625 3168 687 3220 τὸ
715 3166 859 3227 ὅλως
893 3166 1304 3242 ὁμολογεῖσθαι,
1337 3166 1419 3222 ὅτι
1461 3170 1573 3231 υἱὸς
1617 3169 1790 3226 αὐτῶν
1842 3172 1972 3240 ἐστι,

2095 1921 2213 1972 ster
2241 1922 2469 1986 est,non
2504 1918 2853 1989 effugiemus
2883 1935 3090 1972 manus
3111 1917 3558 1988 vestraszidjam
3587 1918 3747 1974 enim

2095 2007 2432 2062 comminuti
2461 2007 2634 2074 estis;
2671 2008 2758 2062 sin
2792 2007 3138 2073 dixerimus,
3171 2022 3284 2062 non
3317 2011 3403 2062 est
3434 2006 3589 2064 illius
3642 2025 3746 2063 no-

2094 2101 2473 2167 ster,pcenam
2510 2097 2740 2152 luemus
2771 2101 3202 2167 aeternamque:
3233 2096 3535 2152 veritatem
3559 2096 3750 2152 occul-

2094 2186 2357 2241 tantibus
2391 2189 2644 2256 reposita
2675 2190 2780 2241 est.
2812 2187 2998 2251 Quare
3029 2203 3261 2258 pmnam
3291 2203 3422 2240 cum
3469 2192 3748 2259 praeopte-

2095 2292 2226 2329 mus
2255 2278 2792 2345 zeternam,tantum
2827 2275 3628 2347 respondebimus,quantum
3665 2294 3752 2332 sa-

2091 2364 2168 2421 tis
2199 2365 2308 2419 erit
2353 2370 2415 2419 ut
2467 2364 2994 2436 impraesentiarum
3050 2381 3276 2437 pmnam
3330 2366 3680 2436 eil‘ugiamus
3735 2385 3746 2421 :

2093 2474 2120 2501 «
2167 2452 2420 2519 Scimus,
2473 2471 2503 2507 o
2554 2454 2868 2525 principes,
2931 2454 3068 2526 quia
3126 2453 3220 2509 hic
3281 2459 3369 2510 est
3429 2455 3584 2510 filius
3647 2474 3749 2510 no-

2091 2548 2229 2608 ster,
2252 2546 2308 2598 et
2339 2543 2475 2614 quia
2499 2561 2686 2598 caecus
2719 2550 2894 2598 natus
2925 2551 3013 2600 est
3046 2561 3160 2599 non
3197 2544 3574 2615 ignoramus;
3607 2563 3748 2616 quo-

2092 2634 2263 2688 modo
2295 2639 2487 2689 autem
2524 2651 2679 2688 nunc
2701 2633 2910 2699 videat,
2946 2635 3242 2690 nescimus
3278 2653 3290 2691 :
3326 2641 3426 2690 aut
3457 2636 3591 2707 quis
3621 2638 3748 2707 ejus

2089 2723 2316 2794 aperuit
2344 2724 2563 2791 oculos,
2598 2741 2703 2778 nos
2741 2724 3061 2780 nescimus.
3116 2725 3313 2796 Ipsum
3367 2726 3743 2799 interrogate,

2087 2817 2317 2868 aetatem
2349 2812 2542 2880 habet,
2579 2813 2704 2885 ipse
2738 2814 2808 2868 de
2839 2830 2900 2868 se
2930 2813 3206 2886 loquetur
3233 2815 3296 2869 ⁷⁷,
3335 2837 3362 2864 ››

2154 2993 2212 3049 9.
2254 2991 2354 3047 His
2390 2991 2658 3047 Pharisaei
2691 2991 2927 3059 auditis,
2958 3009 3024 3048 ac
3057 2991 3311 3047 multum
3343 2992 3497 3047 anxii
3532 3009 3543 3046 :
3581 2991 3734 3049 haud

2086 3082 2380 3137 modicum
2411 3081 2567 3136 enim
2601 3080 2717 3136 illis
2759 3083 3040 3153 pudorem
3092 3081 3384 3148 attulerat,
3436 3082 3589 3153 quod
3649 3083 3738 3138 vel

2089 3171 2337 3228 confessi
2369 3175 2586 3237 essent,
2622 3170 2815 3243 ipsum
2853 3170 3037 3226 filium
3072 3187 3200 3226 esse
3231 3179 3607 3243 suum,ulque
3639 3188 3741 3228 cae-

326 3256 418 3310 καὶ
452 3255 531 3310 ὅτι
569 3255 766 3334 τυρλὸς
797 3255 1080 3330 ἐγεννήθη⁸
1116 3256 1187 3317 ὡς
1236 3253 1325 3309 οῦν
1367 3254 1506 3311 εἶδον
1559 3260 1609 3312 οἱ
1652 3262 1974 3335 Φαρισαικοὶ

2095 3277 2224 3316 cum
2258 3266 2461 3316 natum
2497 3260 2713 3316 fuisse:
2739 3277 2871 3316 cum
2906 3261 3167 3316 viderent
3197 3261 3392 3332 itaque
3423 3260 3743 3317 Pbarisaici

327 3345 508 3420 κριταὶ
556 3344 908 3418 ἐπιμένοντας
959 3343 1087 3406 τοῦς
1136 3351 1316 3420 γονεῖς
1366 3351 1462 3401 τοῦ
1504 3347 1734 3424 τυφλοῦ,
1767 3351 1856 3405 καὶ
1891 3351 1978 3407 λέ-

325 3455 544 3510 γοντας,
577 3433 659 3488 ὅτι
711 3433 882 3496 Οὗτος
916 3435 942 3488 ὁ
975 3435 1090 3496 υἱὸς
1133 3437 1292 3506 ἡμῶν
1328 3435 1460 3505 ἐστι,
1493 3437 1581 3492 καὶ
1634 3438 1716 3492 ὅτι
1773 3440 1978 3514 τυφλὸς

329 3523 610 3599 ἐγεννήθη,
645 3522 731 3577 ἐπὶ
778 3523 958 3596 τούτῳ
1006 3521 1346 3597 δακνόμενοι,
1399 3524 1584 3596 ἐπειδὴ
1635 3528 1980 3606 ὡμολογεῖτο

328 3615 363 3682 ἡ
423 3611 673 3684 ἀλήθεια,
725 3613 869 3674 τινας
928 3616 1034 3667 τῶν
1095 3614 1419 3669 ἀπατεώνων
1481 3614 1540 3670 ἐκ
1597 3622 1704 3672 τῶν
1761 3615 1977 3674 ὄπισθεν

328 3700 648 3756 ἀπέστειλαν
682 3702 816 3775 πρὸς
857 3699 985 3763 τοῦς
1014 3707 1195 3776 γονεῖς
1241 3706 1334 3756 τοῦ
1382 3703 1612 3781 τυφλοῦ,
1645 3712 1978 3782 περιηχοῦν-

319 3811 415 3852 τας
471 3788 646 3844 αὐτῶν
706 3791 802 3852 τὰς
858 3789 1044 3859 ἀκοὰς,
1076 3790 1164 3844 καὶ
1212 3790 1262 3845 ἐν
1308 3796 1387 3864 τῷ
1436 3799 1659 3867 κρυπτῷ
1702 3795 1976 3871 λεγονταςο

323 3881 661 3955 Ἀρνήσασθε
714 3880 776 3933 τὸ
824 3878 1005 3933 τέκνον
1056 3881 1231 3952 ὑμῶν,
1283 3881 1371 3935 καὶ
1428 3883 1502 3954 μὴ
1563 3881 1975 3959 ὁμολογήσητε,

318 3967 401 4023 ὅτι
431 3967 639 4044 τυφλὸς
674 3967 952 4043 ἐγεννήθην
989 3967 1139 4030 ὅπως
1188 3966 1342 4041 ἓξτιτε
1390 3970 1516 4032 τοὺς
1569 3969 1837 4048 ἄρχοντας
1888 3973 1975 4050 φί”

318 4053 478 4126 λους,
511 4055 600 4109 καὶ
633 4053 856 4110 πολλῶν
893 4053 1110 4130 δωρεῶν
1160 4056 1537 4128 ἀξιωθησεσοε.
1570 4060 1638 4115 Οἱ
1689 4057 1747 4114 δὲ
1799 4067 1976 4134 γονεῖς

318 4148 416 4198 τοῦ
447 4139 872 4218 ἀναϐλέψαντος,
907 4143 1003 4199 ὅσα
1043 4165 1100 4200 τε
1149 4151 1350 4219 γονεῖς,
1386 4144 1705 4222 δακρύοντες
1753 4149 1978 4225 ἀπεκρί-

317 4255 475 4289 ναντο
507 4235 646 4308 πρὸς
687 4233 814 4296 τοῦς
861 4235 926 4289 τὰ
979 4234 1176 4307 μάταια
1228 4231 1723 4308 συμϐουλεύοντας·
1774 4238 1835 4293 Τί
1886 4237 1975 4294 λέ-

318 4344 461 4398 γετε,
497 4322 541 4377 ὦ
592 4321 865 4399 ἅνθρωποι
896 4351 909 4392 ;
944 4324 1010 4380 Τί
1051 4327 1201 4397 ἡμᾶς
1253 4325 1578 4400 ὑποσύρετε;
1613 4329 1978 4403 ἀρνησώμεοα

317 4414 380 4468 τὸ
413 4409 551 4466 ἴδιον
596 4415 757 4485 ἡμῶν
806 4413 1027 4481 τέκνον;
1071 4412 1285 4488 θηρίων
1337 4417 1484 4487 ἡμᾶς
1527 4416 1838 4493 ὠμοτέρους
1890 4419 1976 4472 Θέ-

320 4499 443 4557 λετε
491 4502 648 4558 εἶναι.
679 4505 896 4577 Δράκων
951 4503 1017 4556 τὰ
1065 4500 1176 4557 ἴδια
1229 4503 1388 4558 τέκτα
1419 4505 1854 4581 περιπτύσσεται,
1886 4509 1974 4562 καὶ

321 4593 487 4662 ἡμεῖς
542 4588 602 4644 τὸ
655 4588 791 4644 ἴδιον
840 4592 1024 4645 τέκνον
1073 4592 1479 4666 ἀρνησώμεθα;

319 4681 450 4752 θησε
491 4685 606 4741 τοῖς
652 4679 865 4755 γονεῦσί
913 4700 1063 4735 ποτε·
1097 4679 1243 4736 ἀλλὰ
1287 4682 1375 4736 καὶ
1425 4682 1629 4760 τυφλὰς
1665 4681 1736 4738 ὢν
1772 4681 1973 4759 διέτρε-

319 4789 412 4848 φεν
444 4771 616 4841 ἡμᾶς,
647 4769 736 4822 καὶ
769 4764 1071 4843 ἀναϐλέψας
1102 4768 1300 4841 πολλῷ
1329 4769 1542 4842 μᾶλλον
1595 4777 1972 4848 γηροκομγςσει

317 4859 491 4931 ἡμᾶς.
530 4857 824 4932 Ἀρκείσθω
857 4859 946 4912 οὖν
1004 4859 1152 4931 ὑμῖν·
1188 4857 1344 4930 ἔστω,
1380 4859 1460 4914 ὅτι
1522 4860 1581 4914 οὐ
1631 4861 1859 4934 Θὲλομεν
1909 4861 1974 4917 δι’

323 4946 462 5019 ὑμᾶς
518 4945 802 5022 κηρύττειν
861 4949 953 5002 τὸν
1014 4945 1433 5024 περιοδεύσαντα
1479 4950 1540 5003 τὸ
1586 4949 1851 5022 ἡμέτερον
1882 4953 1972 5006 τέ-

321 5033 624 5103 κνον,οῦτε
681 5037 848 5092 εἰπεῖν
912 5037 1046 5109 μετά
1102 5037 1425 5113 παρᾇησίας,
1459 5038 1538 5100 τίς
1596 5037 1736 5093 ἐστιν
1791 5040 1970 5102 οὗτος.

323 5127 478 5182 Ἐστι
513 5123 570 5180 δὲ
600 5127 768 5182 εἰπεῖν
799 5149 916 5182 τινα
946 5129 1178 5189 πάντως·
1215 5128 1311 5182 Καὶ
1372 5128 1530 5183 πόθεν
1591 5130 1724 5200 ἡμῖν
1759 5129 1791 5198 ἡ
1825 5133 1975 5204 γνῶ-

321 5240 428 5291 σις,
463 5219 544 5274 ὅτι
605 5217 694 5274 διὰ
744 5221 834 5274 τὸν
885 5221 1214 5293 Φαρισαϊκὸν
1245 5216 1414 5299 φύϐον
1449 5220 1679 5296 ἔκρυψαν
1715 5223 1766 5276 οἱ
1796 5228 1973 5296 γονεῖς

319 5311 420 5362 τοῦ
464 5303 869 5383 ἀναϐλέψαντος
916 5310 979 5364 τὸ
1027 5310 1252 5386 κηρύξαι
1302 5310 1393 5366 τὸν
1437 5311 1710 5382 Δεσπότην
1744 5313 1970 5385 Χριστὸν

393 5498 438 5533 ⁸³
467 5498 638 5554 Rom.
670 5515 748 5569 χι,
779 5499 870 5564 34,
905 5499 994 5554 35.

1070 5501 1114 5533 ⁷⁴
1142 5500 1312 5556 Joan.
1345 5517 1425 5568 ιχ,
1460 5501 1550 5556 11.
1627 5502 1671 5537 ⁷⁵
1703 5501 1848 5558 lbid.
1885 5501 1970 5559 19.

397 5678 510 5752 (82)
551 5679 692 5752 Reg.
724 5682 782 5748 2,
813 5674 1130 5752 παραδόξως
1164 5679 1517 5753 ποιήσαντος.

2050 5502 2094 5538 7°
2122 5505 2264 5557 Dan.
2299 5515 2422 5566 xm,
2454 5499 2544 5554 22.

2084 3349 2315 3419 judices
2349 3363 2709 3418 perseverare
2741 3347 2873 3402 caeci
2906 3354 3199 3418 parentes,
3233 3364 3299 3402 ac
3329 3346 3541 3413 dicere,
3569 3347 3748 3402 Filius

2092 3444 2292 3494 noster
2321 3443 2430 3508 est,
2465 3453 2530 3492 ac
2560 3453 2747 3492 caecus
2797 3441 2971 3492 natus
3026 3453 3037 3491 :
3090 3453 3157 3491 eo
3205 3435 3542 3491 discruciatl
3591 3437 3748 3507 quod

2093 3529 2306 3585 veritas
2331 3527 2386 3582 in
2414 3525 2680 3582 confesso
2706 3525 3240 3597 esset,impostores
3263 3526 3551 3596 quosdam
3578 3524 3754 3580 clien-

2095 3623 2182 3674 tes
2217 3633 2356 3673 suos
2407 3616 2697 3672 miserunt
2743 3616 2814 3669 ad
2867 3619 3136 3687 parentes
3186 3614 3338 3677 caeci,
3393 3615 3490 3685 qui
3540 3631 3747 3670 eorum

2097 3708 2340 3764 auribus
2372 3706 2835 3772 insusurrarent,
2870 3709 3038 3776 atque
3071 3705 3220 3759 clam
3255 3704 3518 3759 dicerent
3567 3720 3580 3758 :
3635 3705 3749 3759 Ab-

2093 3803 2301 3868 negate
2352 3795 2542 3851 filium
2576 3800 2857 3864 vestrum,
2895 3810 3001 3849 nec
3039 3793 3338 3850 fateamini
3372 3810 3587 3848 caecum
3622 3810 3750 3850 esse

2091 3894 2316 3956 natum,
2354 3892 2414 3941 ut
2444 3885 2608 3940 vobis
2641 3883 2937 3956 principes
2970 3882 3088 3938 sint
3119 3882 3325 3949 amici;
3369 3887 3544 3954 atque
3594 3882 3746 3937 mul-

2090 3977 2162 4031 tis
2215 3975 2516 4031 donemini
2548 3973 2914 4029 muneribus.
2950 3973 3227 4028 Parentes
3258 3977 3454 4027 autem
3485 3972 3612 4043 ejus
3645 3971 3744 4043 qui

2088 4065 2279 4120 visum
2327 4069 2642 4136 receperat,
2695 4067 2894 4134 utpote
2943 4066 3235 4134 parentes,
3285 4077 3419 4116 cum
3467 4059 3744 4133 lacrymis

2091 4155 2518 4225 responderunt
2549 4151 2711 4207 vanis
2743 4151 2861 4208 illis
2892 4151 3372 4206 consiliatoribus
3405 4167 3417 4204 :
3453 4149 3598 4214 Quid
3652 4151 3744 4204 di-

2087 4243 2241 4310 citis,
2290 4260 2320 4297 o
2344 4241 2657 4297 homines?
2687 4240 2832 4307 Quid
2871 4257 2974 4295 nos
2999 4239 3333 4295 subornatis
3355 4239 3383 4293 ?
3415 4241 3742 4312 proprium-

2089 4349 2160 4387 ne
2192 4332 2374 4387 ﬁlium
2412 4329 2882 4403 abnegabimus?
2903 4328 3060 4385 Feris
3093 4345 3198 4383 nos
3229 4329 3584 4384 crudeliores
3616 4344 3744 4383 esse

2088 4420 2289 4477 vultis.
2327 4422 2506 4475 ltraco
2560 4419 2781 4490 prolem
2837 4435 3004 4473 suam
3055 4416 3481 4488 complectitur,
3518 4432 3743 4487 nosque

2089 4510 2386 4583 proprium
2420 4509 2769 4582 negabimus
2803 4507 2985 4562 filium
3013 4509 3034 4561 Ρ
3062 4507 3373 4576 Nunquam
3395 4505 3739 4576 parentibus

1542 4595 1617 4668 μὴ
1666 4597 1766 4671 γὰρ
1817 4597 1972 4666 ἠπεί-
2010 4612 2052 4674 D
2084 4599 2500 4671 immorigerus
2533 4598 2674 4665 fuit;
2711 4598 2809 4653 scd
2845 4613 3036 4652 caecus
3066 4613 3199 4650 cum
3232 4599 3387 4650 esset
3416 4611 3521 4650 nos
3551 4593 3736 4661 aluit;

2087 4693 2396 4760 postquam
2465 4688 2657 4742 visum
2730 4686 2994 4757 recepit,
3062 4683 3244 4740 multo
3314 4683 3502 4755 magis
3569 4699 3734 4738 sene-

2083 4783 2301 4833 ctutem
2337 4777 2549 4832 fovebit
2581 4775 3023 4831 nostram.Satis
3056 4775 3251 4845 itaque
3281 4773 3358 4828 sit
3387 4772 3733 4843 vobis,quod

2083 4872 2341 4922 vestrum
2377 4865 2566 4937 gratia
2595 4864 2850 4919 nolimus
2881 4880 3013 4918 eum
3049 4863 3365 4934 praedicare
3397 4861 3494 4934 qui
3545 4861 3732 4917 filium

2085 4961 2351 5011 nostrum
2401 4954 2640 5018 curavit,
2699 4969 2886 5024 neque
2925 4969 3059 5008 cum
3093 4951 3307 5007 ﬁducia
3331 4951 3540 5019 dicere,
3575 4952 3736 5022 quis-

2086 5064 2221 5101 nam
2251 5045 2349 5100 ille
2379 5044 2471 5099 sit.
2509 5043 2627 5098 Erit
2658 5043 2904 5098 fortasse
2930 5041 3225 5114 quispiam
3256 5041 3356 5111 qui
3384 5039 3541 5096 dicat
3573 5057 3586 5094 :
3620 5040 3736 5095 Un-

2085 5136 2156 5190 de
2191 5132 2358 5189 nobis
2389 5131 2592 5203 liquet,
2630 5136 2783 5187 metu
2819 5131 3245 5186 Pharisaeorum
3296 5131 3570 5199 parentes
3611 5129 3742 5199 ejus

2085 5225 2187 5295 qui
2218 5222 2404 5277 visum
2443 5225 2878 5291 rcccperat,non
2907 5237 3082 5275 ausos
3116 5219 3296 5274 fuisse
3330 5233 3524 5273 coram
3551 5218 3741 5273 omni-

2085 5314 2198 5368 bus
2234 5311 2544 5367 Dominum
2577 5310 2875 5366 Christum
2906 5307 3427 5382 praedicarePUnde
3453 5307 3561 5362 hoc
3593 5323 3747 5362 com-

2621 5499 2664 5534 ⁷⁷
2692 5497 2858 5554 Joan.
2892 5513 2970 5554 Ix.
3001 5497 3094 5566 20,
3124 5497 3215 5553 21.
