4120 6394
338 425 494 485 1015

1498 419 1562 479 S.
1615 415 2142 479 ATHANASIUS.
2169 450 2245 460 —
2280 417 2589 479 SPURIA.

3613 418 3769 480 1016

339 559 640 632 probetur,
674 556 1036 630 evangelista
1064 555 1189 626 ipse
1222 554 1482 610 Joannes
1516 550 1861 609 memoravit
1907 549 2002 605 his

2132 548 2203 602 ἐπὶ
2258 546 2511 617 πάντων;
2543 552 2716 608 Πόθεν
2767 550 2857 608 οὖν
2917 555 3053 628 ἡμῖν
3107 554 3141 625 ἡ
3199 548 3496 624 ἀπόδειξις,
3530 548 3693 615 αὐτὸς
3742 551 3771 606 ὁ

338 648 535 705 verbis
587 663 601 701 :
654 668 683 697 «
734 649 869 701 Haec
900 648 1097 700 autem
1129 643 1406 699 dixerunt
1436 646 1708 715 parentes
1737 642 1865 713 ejus
1896 639 1999 711 qui

340 737 537 792 visum
569 738 889 807 receperat,
941 733 1223 805 quoniam
1272 730 1519 787 timebat
1560 730 1816 786 Judieos.
1864 728 1998 785 Jam

345 827 501 883 enim
535 824 1014 896 conspiraverant
1038 821 1248 891 Judei,
1268 819 1407 876 utsi
1439 820 1572 892 quis
1602 836 1736 876 eum
1769 818 2003 875 conﬁte-

346 920 508 972 retur
538 930 667 970 esse
712 912 1037 979 Christum,
1061 915 1223 967 extra
1269 925 1632 983 synagogam
1654 909 1817 965 fieret
1855 909 1920 964 ⁷⁸.
1976 930 2003 957 ››

346 1004 551 1061 Viden’
585 1002 982 1058 Pharisaicam
1015 999 1332 1056 malitiam?
1352 1003 1495 1053 Cum
1529 1000 1887 1070 oportuisset
1907 1014 2006 1053 eos

348 1094 666 1150 Dominum
698 1090 988 1157 conﬁteri,
1037 1088 1338 1161 procidere
1387 1104 1582 1143 coram
1633 1087 1783 1159 ipso,
1826 1091 2009 1159 atque

347 1184 590 1239 adorare
619 1183 971 1247 Creatorem,
1004 1195 1070 1234 ac
1102 1177 1324 1233 morbis
1356 1176 1682 1232 remedium
1714 1192 2007 1247 quaerere;

349 1290 466 1329 non
499 1271 671 1326 modo
703 1268 790 1324 illi
823 1285 935 1324 non
968 1266 1420 1332 conﬁtebantur,
1442 1266 1543 1321 sed
1576 1282 1676 1321 eos
1721 1266 1822 1338 qui
1870 1281 2009 1321 con-

348 1362 660 1417 fiterentur
689 1358 1006 1415 caedebant.
1039 1356 1431 1421 Quamobrem
1463 1354 1545 1410 sic
1585 1371 1684 1410 eos
1733 1354 2008 1411 condem-

349 1454 457 1507 nat
504 1449 795 1506 Dominus
848 1464 862 1503 :
914 1469 941 1497 «
995 1447 1085 1502 Vsa
1131 1444 1322 1511 vobis,
1371 1443 1585 1500 Scriba:
1631 1449 1689 1499 et
1734 1443 2011 1499 Pharisaei

350 1538 687 1612 hypocrita,
719 1537 859 1609 quia
887 1534 1095 1592 tollitis
1138 1532 1357 1590 clavem
1390 1533 1555 1606 regni
1604 1533 1905 1601 ccelorum,
1954 1536 2014 1589 et

354 1644 463 1685 nec
510 1627 622 1700 ipsi
670 1625 926 1697 intratis,
960 1641 1068 1681 nec
1122 1621 1385 1680 volentes
1415 1622 1611 1680 sinitis
1640 1623 1859 1679 intrare
1887 1623 1950 1677 7°.
1982 1643 2012 1672 »

2110 636 2499 713 εὐαγγελιστής
2574 642 2832 714 Ἰωάννης
2910 641 3361 718 ἀπεμνημόνευσε
3408 687 3426 715 ,

2115 639 2499 713 εὐαγγελιστής
2574 642 2832 714 Ἰωάννης
2910 641 3361 718 ἀπεμνημόνευσε
3408 687 3426 715 ,
3534 639 3710 718 λέγων
3752 660 3766 674 ⁸

2115 750 2137 778 ι
2173 729 2356 783 Ταῦτα
2403 726 2461 784 δὲ
2518 726 2703 807 ἔλεγον
2751 732 2803 786 οἱ
2850 738 3026 808 γονεῖς
3067 733 3165 789 τοῦ
3210 727 3636 806 ἀναϐλέψαντος,
3686 728 3769 785 ὅτι

2112 810 2408 893 ἐφοϐοῦντο
2452 817 2578 882 τοὺς
2610 818 2929 884 Ἰουδαίους.
2961 820 3104 890 Ἤδη
3153 822 3253 899 γὰρ
3304 822 3667 878 συνετέθειντο
3718 821 3774 875 οἱ

2115 903 2389 978 Ἰουδαῖοι,
2417 904 2529 973 Ἵνα,
2557 907 2643 963 ἐάν
2675 929 2756 973 τις
2786 910 2944 967 αὑτὸν
2989 909 3318 985 ὁμολογήσῃ
3347 911 3603 986 Χριστὸν,
3634 909 3772 965 ἀπο-

2116 996 2432 1071 συνάγωγος
2489 997 2732 1072 γένηται.
2788 1025 2809 1053 ι
2866 997 3017 1063 Εἶδες
3077 1001 3416 1076 Φαρισαϊκὴν
3477 997 3815 1073 πονηρίαν.“

2119 1085 2246 1139 Δέον
2296 1084 2491 1148 αὐτοὺς
2542 1086 2836 1163 ὁμολογεῖν
2884 1089 2974 1144 τὸν
3027 1088 3246 1162 Κύριον,
3276 1087 3637 1165 προσπίπτειν
3690 1109 3770 1162 τε,

2117 1173 2206 1229 καὶ
2238 1181 2558 1251 προσκυνεῖν
2590 1176 2681 1231 τὸν
2714 1176 2963 1249 Κτίστην,
2991 1175 3071 1234 ἔτι
3104 1177 3163 1234 δὲ
3190 1179 3280 1234 καὶ
3308 1182 3417 1234 τῶν
3450 1183 3636 1243 παθῶν
3672 1178 3770 1247 τὴν

2119 1261 2274 1320 λύσιν
2309 1263 2604 1336 ἐπιζητεῖν·
2626 1264 2819 1322 ἐκεῖνοι
2854 1264 2913 1322 δὲ
2942 1267 3004 1323 οὐ
3038 1268 3203 1342 μόνον
3237 1267 3345 1343 οὐχ
3376 1266 3769 1343 ὡμολόγησαν,

2120 1352 2267 1408 ἀλλὰ
2313 1354 2401 1408 καὶ
2461 1354 2586 1417 τοὺς
2642 1354 3054 1433 ὁμολογοῦντας
3113 1357 3425 1431 ἐμάστιζον.
3460 1358 3552 1412 Διὸ
3609 1356 3698 1412 καὶ
3749 1358 3776 1411 6

2121 1441 2320 1519 Κύριος
2382 1442 2715 1520 κατακρίνων
2791 1444 2986 1509 αὐτοὺς
3044 1441 3223 1523 ἔλεγεν
3258 1464 3271 1478 ·
3334 1470 3363 1497 ‹‹
3423 1445 3562 1503 om;
3623 1446 3774 1517 ὑμῖν,

2123 1537 2471 1607 Γραμματεῖς
2503 1533 2593 1588 καὶ
2644 1539 2934 1610 Φαρισαῖοι
2970 1534 3280 1610 ὑποκριταὶ,
3311 1533 3396 1591 ὅτι
3447 1532 3618 1611 ἤρατε
3671 1535 3767 1604 τὴν

2120 1619 2313 1679 κλεῖδα
2360 1628 2461 1692 τῆς
2512 1621 2792 1699 βασιλείας
2832 1628 2951 1684 ⁶τῶν
2998 1624 3265 1700 οὐρανῶν,
3304 1623 3395 1680 καὶ
3444 1620 3568 1680 οὔτε
3620 1624 3773 1699 ὑμεῖς

2123 1711 2455 1788 εἰσέρχεσθε,
2487 1709 2611 1769 οὕτε
2641 1710 2701 1769 δὲ
2746 1712 2874 1776 τοὺς
2926 1712 3297 1790 βουλομένους
3346 1710 3605 1769 εἰσελθεῖν
3654 1734 3776 1790 συγ-

2122 1807 2378 1878 χωρεῖτε.
2412 1825 2442 1853 n

429 1898 515 1952 10.
560 1893 708 1959 Quid
758 1908 897 1967 ergo
934 1891 1168 1965 judices
1210 1890 1578 1948 Pharisaici?
1626 1891 1696 1948 Ut
1741 1889 2016 1947 viderunt

2193 1892 2283 1949 40.
2313 1889 2374 1945 Τί
2429 1888 2520 1946 οῦν
2581 1893 2635 1947 οἱ
2692 1891 3019 1968 Φαρισαῖκοὶ
3072 1890 3411 1968 κριταίςὩς
3465 1887 3604 1947 εἶδον
3649 1913 3775 1954 τους

356 1988 631 2058 parentes
687 1983 816 2054 ejus
872 1982 973 2054 qui
1020 1981 1217 2037 visum
1268 1983 1585 2053 receperat,
1636 1996 1752 2036 non
1802 1994 1871 2036 ex
1907 1995 2018 2036 sua

2132 1985 2299 2058 γονεῖς
2325 1984 2423 2035 τοῦ
2453 1975 2855 2055 ἀναϐλέψαντος
2891 1979 3059 2055 μηδὲν
3093 1981 3231 2058 πρὸς
3259 1981 3325 2037 τὸ
3359 1979 3549 2037 δοκοῦν
3593 1980 3776 2045 αὐτοῖς

356 2073 711 2146 respondere
759 2070 1087 2139 sententia;
1140 2070 1215 2126 iis
1262 2086 1364 2142 per
1394 2069 1571 2125 aliam
1594 2070 1844 2141 januam
1875 2069 2018 2141 reje-

356 2162 488 2233 ctis,
523 2166 700 2233 atque
730 2159 944 2215 iterum
973 2158 1157 2215 accito
1188 2175 1391 2215 eorum
1426 2158 1543 2214 ﬁlio
1574 2158 1676 2230 qui
1708 2157 1901 2214 visum
1933 2174 2019 2214 re-

357 2254 610 2323 ceperat,
643 2265 760 2305 non
791 2248 994 2304 aderat
1022 2247 1179 2304 enim
1214 2245 1394 2312 ﬁlius,
1424 2263 1558 2303 cum
1587 2246 1861 2303 Pharisaei
1911 2263 2017 2320 pa-

357 2342 551 2395 rentes
601 2337 730 2409 ejus
780 2336 1246 2409 interrogarent;
1278 2334 1551 2392 coloratis
1581 2335 1774 2393 verbis
1803 2334 2018 2392 iterum

357 2429 725 2500 interrogant
753 2425 1055 2483 hominem
1088 2426 1189 2498 qui
1220 2426 1411 2482 visum
1450 2431 1770 2499 receperat,
1822 2425 2020 2481 dicen-

358 2523 448 2574 tes
498 2533 511 2574 :
561 2516 662 2572 Vel
720 2516 894 2572 modo
922 2530 1060 2572 vera
1089 2515 1408 2585 conﬁteris,
1443 2519 1619 2587 atque
1650 2514 1843 2587 palam
1879 2513 2023 2571 facis

363 2606 664 2674 omnibus,
695 2608 754 2661 te
783 2620 899 2661 non
932 2620 1062 2660 esse
1089 2603 1264 2659 illum
1304 2621 1338 2660 a
1382 2603 1690 2660 nativitate
1742 2620 1957 2661 caecum
2005 2620 2019 2661 :

362 2697 539 2753 modo
581 2709 839 2768 praesens
895 2693 1133 2750 dicebas
1180 2699 1239 2750 te
1287 2692 1362 2749 iis
1411 2710 1542 2750 esse
1572 2694 1936 2766 parentibus,
1968 2697 2026 2750 et

367 2802 500 2842 ecce
530 2783 869 2840 audivimus
898 2783 970 2839 ab
1003 2782 1205 2852 illis,te
1234 2781 1472 2839 illorum
1505 2799 1621 2839 non
1651 2799 1782 2839 esse
1812 2783 2023 2852 ﬁlium,

364 2891 471 2932 nec
503 2873 783 2931 habuisse
812 2889 876 2929 se
911 2871 1102 2928 ﬁlium
1151 2889 1185 2928 a
1234 2871 1539 2928 nativitate
1586 2888 1824 2928 caecum.
1871 2875 2020 2929 871

363 2964 511 3031 Quid
543 2967 607 3019 tu
638 2978 777 3036 ergo
807 2979 1144 3035 perseveras
1176 2961 1638 3018 dicendozHomo
1660 2962 1902 3034 quidam
1925 2980 2027 3019 no-

366 3055 528 3110 mine
556 3055 726 3110 Jesus
750 3052 875 3109 luto
908 3051 1074 3108 unxit
1104 3050 1307 3108 oculos
1332 3055 1581 3120 meos,et
1607 3050 1807 3120 lavi,et
1832 3051 2030 3108 video?

367 3144 467 3199 llis
499 3142 718 3198 auditis
748 3141 846 3197 ille
877 3141 979 3213 qui
1008 3142 1201 3197 visum
1248 3145 1566 3212 receperat,
1616 3144 2030 3213 compertaque

367 3249 570 3290 eorum
604 3229 851 3298 malitia,
882 3230 1185 3302 respondit
1214 3228 1331 3286 illis
1364 3247 1377 3284 :
1413 3229 1619 3285 Mirum
1653 3229 1703 3286 si
1733 3246 1865 3287 vere
1908 3230 2030 3286 haec

2125 2069 2613 2145 ἀποκρινομένους,
2663 2070 2890 2134 τούτους
2940 2070 3288 2144 ἀπωσάμενοι
3341 2068 3409 2124 δι’
3457 2068 3639 2146 ἑτέρας
3688 2070 3778 2135 θύ-

2128 2178 2242 2234 ρας,
2269 2157 2359 2213 καὶ
2390 2156 2450 2213 ἐκ
2478 2155 2728 2234 δευτέρου
2759 2161 3218 2237 προφωνήσαντες
3266 2160 3357 2214 τὸν
3404 2155 3781 2232 ἀναϐλέψαντα

2126 2245 2315 2303 παῖδα’
2346 2248 2447 2303 οὑκ
2500 2251 2565 2317 ἦν
2623 2249 2725 2323 γὰρ
2787 2249 2973 2325 παρὼν
3036 2250 3064 2304 ὁ
3114 2254 3263 2316 παῖς,
3293 2248 3383 2304 ὅτε
3436 2249 3535 2318 τὴν
3597 2246 3779 2305 πεῦσιν

2128 2343 2407 2413 προσῆγον
2442 2338 2495 2392 οἱ
2526 2342 2815 2414 Φαρισαῖοι
2863 2343 2980 2400 τοῖς
3034 2342 3278 2413 γονεῦσιν
3335 2337 3519 2393 αὐτοῦ’
3554 2340 3781 2393 πιθανο-

2129 2424 2419 2504 λογοῦντες
2476 2428 2589 2500 (83)
2644 2425 2943 2503 ἐπηρώτων
3005 2425 3169 2482 πάλιν
3225 2428 3318 2481 τὸν
3379 2420 3779 2501 ἀναϐλέψαντα,

2131 2513 2384 2591 λέγοντες
2442 2514 2608 2590 αὐτῷ·
2668 2514 2778 2573 Κᾶν
2837 2520 2928 2570 νῦν
2991 2513 3286 2591 ὁμολογεῖς
3342 2517 3443 2585 τήν
3501 2514 3784 2586 ἀλήθειαν,

2131 2608 2222 2660 καὶ
2252 2611 2385 2660 πᾶσι
2416 2604 2642 2683 φανερὰν
2697 2609 2972 2677 καθιστᾷς,
3016 2604 3099 2660 ὅτι
3149 2603 3253 2660 οὐκ
3300 2604 3345 2660 εἶ
3392 2603 3455 2659 σὺ
3502 2605 3530 2659 6
3589 2604 3650 2659 ἐκ
3695 2625 3784 2680 γε·-

2133 2700 2290 2763 νετῆς
2341 2692 2566 2772 τυφλός·
2600 2690 2710 2765 ἤδη
2771 2693 2872 2771 γὰρ
2932 2695 3118 2771 παρὼν
3151 2691 3283 2772 ἔφης
3311 2694 3516 2769 γονέων
3567 2692 3785 2748 ἐκείνων

2136 2783 2290 2854 εἶναι,
2322 2781 2411 2838 καί
2471 2780 2589 2838 ἰδοὺ
2650 2784 2959 2857 ἀκηκόαμεν
3018 2784 3145 2859 παρ’
3196 2781 3396 2856 αὐτῶν,
3446 2781 3530 2838 δτι
3587 2780 3687 2838 οὑκ
3741 2781 3789 2838 εἴ

2134 2871 2308 2928 αὐτῶν
2368 2873 2506 2942 υἱὸς,
2541 2870 2665 2927 οὐδὲ
2721 2871 2884 2948 ἔσχον
2944 2872 3004 2928 ἐκ
3058 2874 3277 2949 γενετῆς
3320 2869 3524 2951 τυφλὸν
3579 2872 3787 2929 τέκνον.

2140 2963 2261 3024 Πῶς
2296 2961 2388 3016 οῦν
2441 2959 2504 3016 σὺ
2568 2957 2814 3036 ἒπιτρίϐῃ
2841 2959 3035 3037 λέγων,
3067 2962 3150 3017 ὅτι
3177 2960 3505 3035 ’Ἄνθρωπός
3560 2982 3643 3024 τις
3700 2957 3789 3016 λε-

2135 3049 2366 3126 γόμενος
2395 3051 2600 3117 Ἰησοῦς
2633 3048 2889 3126 ἐπέχρισε
2916 3048 3097 3122 πηλὸν
3132 3048 3221 3104 ἐπὶ
3253 3053 3366 3125 (84)
3393 3048 3522 3113 τοὺς
3585 3047 3793 3128 ὀφθαλ-

2144 3138 2279 3214 μούς
2315 3160 2440 3213 μου,
2468 3140 2557 3194 καὶ
2589 3138 2882 3214 ἐνιψάμην,
2915 3139 3004 3194 καὶ
3067 3138 3257 3215 βλέπω
3283 3158 3297 3210 ;
3329 3143 3506 3193 Ταῦτα
3564 3137 3797 3199 ἀκούσας

2142 3230 2170 3284 ὁ
2202 3223 2534 3303 ἀναϐλέψας,
2564 3228 2654 3284 καὶ
2710 3227 2960 3304 ἐπιγνοὺς
3017 3226 3197 3283 αὐτῶν
3251 3228 3353 3298 τήν
3401 3227 3612 3300 κακίαν,
3671 3226 3796 3283 ἀντ-

369 3321 585 3377 dicitis.
609 3292 889 3393 Nunquid
920 3292 1194 3392 parentes
1225 3318 1526 3392 proprium
1560 3318 1750 3375 ﬁlium
1781 3320 2021 3393 abnega-

2143 3292 2464 3396 απεκρίνατο
2520 3292 2660 3395 πρὸς
2717 3292 2913 3381 αὐτοὺς
2963 3315 3161 3392 λέγων’
3195 3292 3488 3389 Θαυμάζω.
3551 3292 3609 3371 εἷ’
3651 3314 3795 3387 ἀλη-

314 3427 317 3431 ·
370 3428 433 3467 re
462 3414 781 3483 potuerunt
811 3426 826 3466 :
860 3408 1186 3481 praesertim
1219 3412 1406 3465 mater
1434 3407 1900 3479 masculum,aut
1929 3426 2029 3481 pa-

373 3507 462 3557 ter
489 3499 549 3555 in
580 3498 745 3555 nullo
777 3498 1080 3555 oﬁ'ensus?
1110 3496 1364 3553 multum
1398 3496 1737 3554 incredibile
1768 3497 1913 3553 illud
1944 3497 2030 3553 vi-

377 3590 568 3656 detur,
602 3604 707 3644 nec
736 3586 883 3643 illud
915 3604 1057 3644 meze
1089 3590 1340 3658 possunt
1364 3602 1571 3658 capere
1600 3602 1792 3642 aures.
1840 3587 1898 3641 Si
1946 3590 2031 3641 ta-

378 3694 514 3734 men
561 3676 711 3733 illud
768 3676 989 3732 factum
1019 3674 1149 3743 fuit,
1181 3673 1328 3730 nihil
1359 3674 1577 3730 mirum
1611 3691 1624 3731 :
1658 3674 1718 3731 id
1757 3674 2033 3731 humanae

376 3771 600 3825 naturas
632 3764 937 3838 proprium
968 3768 1076 3835 est,
1123 3780 1304 3835 quare
1345 3763 1578 3820 veniam
1627 3765 2029 3835 merebuntur,

377 3855 533 3928 quod
564 3871 635 3910 ex
666 3858 822 3910 metu
856 3853 915 3909 id
946 3852 1191 3925 egerint.
1222 3851 1340 3908 Vos
1370 3850 1604 3923 Scriba,
1637 3851 1817 3908 Deum
1848 3852 2032 3909 abne-

375 3944 529 4018 gatis
555 3962 569 4000 :
597 3947 767 4015 atque
796 3943 879 3998 ita
908 3958 1011 3998 vos
1039 3941 1242 4013 geritis
1275 3940 1443 4014 quasi
1478 3940 1625 3996 nihil
1657 3940 1797 3996 mali
1828 3942 2036 3998 admit-

374 4033 598 4090 teretis.
627 4032 788 4096 Quod
818 4048 920 4088 vos
948 4031 1229 4087 adversus
1260 4035 1441 4086 Deum
1474 4029 1807 4102 admittitis,
1839 4031 1896 4085 id
1930 4048 2030 4104 pa-

376 4126 569 4179 rentes
600 4123 914 4178 adversum
947 4137 1041 4175 me
1073 4119 1280 4175 fecisse
1311 4118 1714 4175 insimulatis?
1758 4124 1956 4176 Nonne
2000 4139 2033 4177 a

377 4212 581 4268 multis
604 4213 731 4284 jam
748 4211 1115 4283 temporibus
1131 4209 1202 4264 de
1218 4208 1382 4265 vobis
1400 4208 1684 4266 Dominus
1702 4226 1804 4281 per
1818 4210 2028 4267 Isaiam

377 4301 722 4374 prophetam
756 4298 1100 4356 exclamavit
1128 4298 1330 4354 dicens
1379 4314 1392 4351 :
1447 4321 1475 4349 ‹‹
1527 4297 1704 4354 Filios
1752 4300 1928 4372 genui
1976 4304 2035 4357 et

375 4388 653 4459 exaltavi;
685 4388 798 4462 ipsi
829 4393 1023 4445 autem
1058 4390 1405 4459 spreverunt
1435 4403 1527 4443 me
1552 4388 1641 4443 3°?
1662 4409 1689 4437 »
1713 4388 1837 4444 Etsi
1868 4388 2033 4445 vobis

374 4478 685 4553 abnegatio
734 4479 813 4534 sit
860 4475 1190 4543 familiaris,
1239 4475 1387 4531 illud
1434 4480 1631 4533 tamen
1680 4475 1872 4532 facere
1915 4494 2031 4533 non

376 4568 757 4625 sustinerem.
792 4567 937 4622 Eum
972 4566 1254 4621 conﬁteor
1282 4564 1383 4637 qui
1418 4582 1511 4621 me
1550 4564 1796 4636 curavit,
1851 4582 2031 4638 agno-

377 4673 474 4712 sco
523 4659 796 4729 parentes
843 4670 1007 4710 meos
1054 4671 1068 4710 :

378 4746 513 4813 rint,
547 4760 619 4800 ne
662 4744 744 4800 ita
791 4743 1030 4815 quidem
1079 4744 1386 4816 augustior
1427 4760 1439 4799 :
1487 4743 1641 4809 novi,
1693 4742 1825 4798 novi
1872 4743 2031 4799 Davi-

377 4835 509 4890 dem
542 4832 758 4889 diserte
788 4832 1112 4889 exclamare
1164 4848 1177 4887 :
1231 4854 1260 4881 «
1310 4832 1479 4887 Pater
1526 4846 1694 4888 meus
1739 4836 1797 4885 et
1843 4837 2032 4888 mater

378 4940 509 4979 mea
539 4921 979 4995 dereliquerunt
1008 4938 1122 4990 me,
1155 4921 1445 4977 Dominus
1475 4924 1668 4976 autem
1704 4922 2029 4994 assumpsit

377 5030 471 5069 me
499 5013 563 5069 ⁸¹.
600 5034 627 5062 ››
660 5011 996 5084 Exasperati
1030 5028 1202 5084 porro
1232 5009 1511 5067 Pharisaei
1543 5008 1851 5066 dicebant:
1879 5011 2026 5079 Quid

376 5102 485 5171 ais,
518 5103 692 5158 homo
720 5100 1062 5168 vanissime,
1092 5103 1224 5156 tene
1254 5098 1458 5155 Davidi
1499 5098 1774 5156 confers?
1823 5101 1892 5156 Et
1942 5102 2026 5157 fa-

374 5192 463 5247 bri
514 5191 705 5247 ﬁlium
736 5188 1055 5246 Dominum
1087 5187 1408 5255 conﬁteris,
1438 5188 1541 5260 qui
1573 5205 1688 5244 non
1720 5188 1896 5246 habet
1926 5190 2023 5247 ubi

375 5288 548 5351 caput
597 5278 883 5335 reclinet?
929 5277 1296 5335 Concedatur
1341 5280 1399 5333 te
1441 5276 1634 5333 visum
1684 5279 2020 5351 recepisse:

373 5370 556 5426 Deum
590 5368 850 5425 laudato.
881 5366 1029 5433 Quid
1080 5365 1219 5422 huic
1269 5365 1492 5438 gratias
1533 5365 1705 5439 agis?
1755 5370 1881 5423 Non
1933 5373 2025 5424 est

2141 3407 2321 3483 θεύετε
2370 3412 2537 3463 ταῦτα
2593 3407 2871 3484 λέγοντες.
2902 3407 2971 3466 Οἱ
3026 3411 3203 3482 γονεῖς
3262 3408 3415 3482 εἶχον
3465 3406 3795 3481 ἀρνήσασθαι

2138 3499 2201 3553 τὸ
2234 3495 2373 3553 ἴδιον
2405 3498 2615 3567 τέκνον,
2646 3498 2737 3552 καὶ
2774 3495 3011 3571 μάλιστα
3063 3497 3249 3573 μήτηρ
3300 3495 3515 3572 ἄρρενα,
3548 3498 3584 3565 ἢ
3611 3496 3793 3572 πατὴρ

2144 3587 2220 3660 μή
2283 3586 2668 3663 παροξυνθείς;
2729 3583 2937 3665 σφόδρα
3003 3585 3226 3641 ἄπιστόν
3287 3606 3380 3658 μοι
3439 3584 3682 3663 φαίνεται
3733 3584 3798 3640 τὸ

2142 3674 2460 3750 λεγόμενον,
2492 3673 2583 3731 καὶ
2638 3679 2744 3730 τῶν
2791 3674 2936 3749 ἐμῶν
2988 3673 3163 3730 ἀκοῶν
3207 3671 3594 3750 ἁπρόσδεκτον.
3623 3673 3688 3729 Εἰ
3739 3671 3799 3728 δὲ

2139 3769 2302 3820 τοῦτο
2358 3766 2595 3843 γέγονεν,
2654 3762 2805 3820 οὐδὲν
2862 3763 3169 3838 θαυμαστόν
3204 3781 3218 3796 ·
3279 3767 3441 3819 τοῦτο
3499 3760 3637 3819 ἴδιον
3691 3767 3793 3832 τῆς

2143 3853 2487 3931 ἀνθρωπίνης
2544 3854 2756 3933 φύσεως
2824 3854 3107 3930 ὑπάρχει,
3169 3850 3254 3908 διὸ
3307 3852 3399 3908 καὶ
3475 3852 3796 3929 συγγνώμης

2140 3943 2551 4015 ἁξιωθήσονται,
2593 3943 2666 4004 ὡς
2719 3936 2874 4020 φόϐῳ
2920 3945 3079 3996 τοῦτο
3128 3942 3478 4011 ποιήσαντες.
3513 3940 3696 4013 Ὑμεῖς
3748 3938 3800 3993 οἱ

2139 4038 2481 4110 γραμματεῖς
2511 4032 2601 4087 τὸν
2635 4033 2764 4087 Θεὸν
2807 4032 3072 4108 ἁρνεῖσθε,
3105 4028 3197 4085 καὶ
3246 4030 3319 4092 ὡς
3372 4027 3540 4101 μηδὲν
3594 4026 3802 4106 φαῦλον

2141 4120 2463 4197 πράττοντες
2520 4118 2805 4177 διάκεισθε.
2841 4120 2943 4177 Καὶ
2999 4118 3123 4191 περὶ
3180 4119 3288 4173 τῶν
3341 4116 3487 4191 ἐμῶν
3533 4116 3737 4192 γονέων
3768 4118 3796 4171 ὁ

2142 4210 2330 4287 λόγος’
2363 4210 2392 4265 ’ὁ
2453 4211 2606 4282 ὑμεῖς
2667 4209 2802 4284 πρὸς
2859 4209 2949 4263 τὸν
3010 4208 3136 4262 Θεὸν
3193 4212 3422 4276 ποιεῖτε,
3451 4209 3615 4261 τοῦτο
3668 4203 3796 4267 τοὺς

2139 4305 2317 4377 γονεῖς
2350 4300 2484 4374 πρὸς
2516 4297 2612 4370 ἐμὲ
2650 4302 2826 4351 ποιεῖν
2857 4291 3201 4351 διαϐάλλετε.
3237 4293 3381 4370 Οὐχὶ
3412 4293 3535 4371 περὶ
3581 4294 3736 4367 ὑμῶν
3771 4294 3799 4347 ὁ

2140 4388 2338 4460 Κύριος
2369 4386 2580 4461 ἔκραξεν
2615 4385 2674 4441 ἐκ
2705 4384 2929 4441 πολλῶν
2957 4389 3064 4440 τῶν
3097 4383 3315 4460 χρόνων
3364 4381 3453 4438 διὰ
3506 4387 3606 4440 τοῦ
3656 4403 3799 4461 προ-

2142 4480 2318 4548 φήτου
2348 4473 2571 4532 Ἠσαίου
2623 4474 2825 4545 λέγων⁶
2859 4498 2885 4525 ‹‹
2918 4472 3081 4536 Υἱοὺς
3129 4472 3411 4550 ἐγέννησα,
3442 4473 3531 4528 καὶ
3583 4471 3793 4546 ῦψωσω

2142 4564 2294 4620 αὐτοὶ
2327 4561 2382 4619 δέ
2433 4573 2497 4637 μίε
2545 4560 2849 4633 ήΟέτησαν;
2885 4586 2913 4614 ››
2947 4561 2991 4617 εἰ
3048 4563 3137 4617 καὶ
3193 4563 3320 4635 ὑμῖν
3375 4559 3535 4640 φίλον
3588 4560 3654 4618 τὸ
3706 4563 3798 4638 ἀρ-

1124 4654 1300 4710 etiam
1353 4653 1400 4709 si
1451 4652 1536 4708 illi
1582 4670 1676 4709 me
1706 4653 2021 4725 abnegave-

2136 4660 2364 4723 νεῖσθαι,
2399 4651 2525 4708 me
2553 4652 2706 4725 ὅμως
2766 4650 2877 4727 ἐγὼ
2933 4655 3095 4707 τοῦτο
3145 4657 3324 4706 ποιεῖν
3375 4650 3475 4706 οὐκ
3503 4650 3797 4727 ἀνέχομαι.

2138 4741 2432 4818 Ὁμολογῶ
2477 4742 2567 4797 καὶ
2608 4741 2700 4796 τὸν
2752 4740 3152 4816 θεραπεύσαντα
3215 4761 3302 4814 με,
3331 4740 3583 4817 γνωρίζω
3616 4738 3674 4796 δὲ
3704 4739 3793 4796 καὶ

2136 4832 2268 4895 τοὺς
2325 4832 2680 4908 γεννήσαντάς
2737 4848 2822 4905 με·
2875 4829 2920 4885 εἰ
2970 4833 3075 4905 γὰρ
3134 4830 3224 4885 καὶ
3275 4828 3582 4906 ἠρνήσαντό
3629 4849 3698 4903 με
3747 4830 3798 4884 οἱ

2138 4926 2316 4999 γονεῖς
2355 4943 2480 4995 μου,
2512 4921 2601 4976 καὶ
2653 4920 2825 4983 οὕτως
2856 4920 2918 4974 οὐ
2952 4916 3209 4989 διστάζω.
3241 4916 3401 4986 Οἶδα,
3433 4915 3557 4974 οἴδα
3613 4918 3796 4997 σαφῶς

2142 5014 2358 5089 βοῶντα
2412 5011 2504 5065 τὸν
2562 5004 2749 5065 Δαϐίδ·
2786 5035 2812 5061 ‹‹
2845 5010 2902 5063 Ὁ
2960 5011 3141 5086 πατήρ
3201 5030 3308 5082 μου
3368 5007 3458 5063 καὶ
3512 5010 3548 5080 ἡ
3611 5009 3795 5084 μήτηρ

2140 5123 2245 5175 μου
2278 5093 2635 5175 ἐγκατέλιπόν
2674 5119 2758 5171 με,
2793 5098 2821 5152 6
2850 5095 2907 5152 δὲ
2939 5098 3133 5173 Κύριος
3166 5091 3539 5173 προσελάϐετό
3600 5117 3730 5169 μου.
3765 5118 3794 5149 ››

2137 5190 2203 5248 Οἱ
2237 5186 2294 5243 δὲ
2325 5191 2615 5263 Φαρισαῖοι
2651 5184 3041 5263 δριμυχθέντες
3072 5185 3256 5260 ἔλεγον
3289 5185 3456 5258 αὐτῷ·
3489 5186 3551 5241 Τί
3598 5184 3797 5262 λέγεις,

2138 5277 2496 5354 ματαιόφρον,
2546 5280 2628 5348 τῷ
2688 5271 2854 5330 Δαὸὶδ
2913 5276 3099 5331 ἑαυτὸν
3160 5275 3501 5352 συγκρίνειςς
3554 5277 3646 5330 καὶ
3702 5274 3794 5330 τὸν

2135 5367 2251 5423 υἱὸν
2282 5371 2381 5422 τοῦ
2410 5366 2659 5426 τέκτονος
2710 5364 2908 5439 Κύριον
2957 5362 3278 5441 ὁμολογεῖς,
3308 5365 3400 5420 τὸν
3458 5365 3534 5439 μή
3597 5359 3797 5440 ἔχοντα

446 5536 491 5572 ⁷⁸
520 5535 688 5593 Joan.
723 5552 805 5603 1x,
834 5536 922 5590 22.
1002 5536 1048 5571 ⁷³
1074 5533 1282 5591 Matth.
1314 5551 1476 5606 χχιιι,
1511 5536 1598 5590 13.
1676 5535 1721 5570 ⁸ο
1752 5535 1865 5593 lsa.
1896 5552 1935 5605 ι,
1961 5539 2017 5593 2.

2132 5542 2137 5575 ι
2169 5534 2326 5594 Psal.
2357 5552 2512 5605 xxvr,
2543 5533 2631 5591 40.

448 5747 561 5821 (83)
593 5747 733 5821 Reg.
769 5748 821 5817 1,
853 5745 1365 5825 πιθαναλογοῦντες.

2211 5750 2326 5822 (84)
2358 5747 2447 5805 ἐπὶ
2477 5751 2642 5809 deest
2668 5751 2729 5807 in
2763 5749 2905 5823 Reg.
2929 5749 2982 5822 1,
3011 5750 3066 5806 2.
