4120 6390
393 442 543 501 1017

1382 435 1708 495 HUMlLlA
1754 435 1827 494 IN
1877 432 2164 493 C/ECUM
2217 432 2262 489 A
2312 428 2822 492 NATlVlTATE.

3650 426 3805 486 1018

390 577 494 628 ποῦ
526 573 624 640 τὴν
661 570 901 650 κεφαλὴν
930 569 1148 638 κλῖναις
1184 571 1410 640 Κείσθω,
1456 570 1536 624 ὅτι
1585 563 1903 640 ἀνέϐλεψας·
1955 566 2036 620 τὸν

2158 564 2251 620 hic
2285 583 2317 620 a
2347 564 2480 622 Deo.
2507 564 2566 620 Si
2597 568 2753 620 esset
2782 582 2815 620 a
2846 568 2982 629 Deo,
3016 580 3130 618 non
3161 562 3407 620 solveret
3435 561 3755 619 Sabbatum
3793 579 3805 616 :

387 663 512 719 Θεὸν
575 659 890 736 ὑμνολόγει.
951 660 1011 714 Τί
1069 660 1246 732 τούτῳ
1304 661 1685 733 εὖχαριστεῖς;
1736 657 1849 714 Οὐκ
1897 652 2036 710 ἔστιν

389 753 549 813 οὗτος
584 750 642 804 ἐκ
669 754 766 804 106
797 747 948 805 Θεοῦ·
989 749 1032 804 εἰ
1066 753 1129 818 ἦν
1165 748 1223 804 ἐκ
1249 754 1350 804 106
1392 753 1546 812 Θεοῦ,
1579 747 1675 802 οὐκ
1709 748 1764 800 ἂν
1798 745 1948 801 ἔλυεν
1976 746 2039 799 τὸ

392 835 684 896 σάϐϐατον.
719 864 746 891 ‹‹
773 840 872 901 Δὸς
903 837 1056 912 δόξαν
1080 844 1158 910 τῷ
1187 844 1320 910 Θεῷ·
1355 841 1518 911 ἡμεῖς
1544 839 1643 913 γὰρ
1669 834 1912 908 οἴδαμεν,
1954 835 2037 889 ’ὁτι

387 933 414 987 ὁ
449 930 736 1004 ἄνθρωπος
769 927 925 990 οὗτος
961 927 1284 1004 ἁμαρτωλός
1317 927 1476 982 ἐστιν.
1513 953 1538 977 ››

459 1023 544 1075 11·
582 1020 642 1075 Ὀ
677 1016 731 1072 δὲ
784 1013 1114 1091 ἀναϐλέψας,
1176 1018 1404 1078 ἀκούσας
1466 1016 1547 1071 ὅτι
1591 1013 1917 1089 ἁμαρτωλὸν
1945 1013 2035 1068 τὸν

388 1109 588 1184 Κύριον
651 1106 890 1183 λέγουσι,
965 1108 1063 1176 τὴν
1140 1109 1324 1181 ψυχῆν
1387 1105 1737 1182 εἶ’)κιγγιάσας,
1796 1103 1883 1158 καὶ
1943 1103 2037 1164 τὰς

388 1197 553 1259 ἀκοὰς
586 1196 853 1271 ἐπισχὼν,
889 1196 1333 1269 ἀνταποκρίνεται
1366 1197 1499 1271 πρὸς
1530 1195 1658 1256 τοὺς
1710 1191 2039 1268 Φαρισαίους

388 1286 588 1361 λέγων·
639 1284 698 1338 Τί
757 1284 976 1360 λέγετε;
1027 1283 1386 1357 Ἂμαρτωλός
1440 1285 1603 1352 ἐστιν,
1656 1284 1682 1336 6
1731 1288 1838 1337 τῶν
1892 1281 2035 1354 ἐμῶν

386 1375 684 1452 ὀφθαλμῶν
743 1372 1102 1452 φωτοδὸτης;
1154 1374 1212 1428 Τί
1260 1376 1330 1445 τῇ
1383 1374 1572 1450 πικρίᾳ
1627 1372 1750 1445 μέλι
1802 1392 2036 1445 προσμι-

385 1465 606 1540 γνύετε;
641 1465 724 1516 Ἐν
777 1461 954 1534 ταῦτῷ
1011 1483 1076 1536 με
1122 1463 1211 1517 καὶ
1257 1459 1495 1532 δοξάζειν
1543 1461 1630 1516 καὶ
1685 1461 2035 1538 βλασμημεῖν

387 1549 797 1627 παρακελεύετε.
857 1553 927 1606 Τὸ
985 1552 1077 1624 μὲν
1141 1550 1355 1624 δοξάσαι
1419 1553 1510 1606 τὸν
1570 1551 1721 1620 Θεὸν,
1765 1549 1952 1616 καλὸν,
1977 1549 2038 1603 τὸ

384 1639 442 1696 δὲ
498 1639 822 1715 ἁμαρτωλὸν
885 1642 1077 1706 εἷπεῖν,
1156 1641 1537 1713 ἐσκοτίσμένης
1599 1638 1837 1701 διανοίας
1894 1638 2033 1693 ἐστὶν

385 1727 744 1803 ἐπιχείρημα.
803 1727 862 1786 Εἰ
925 1728 1254 1803 ἁμαρτωλός
1301 1728 1464 1798 ἐστιν,
1500 1726 1702 1801 δείξατέ
1737 1749 1829 1800 μοι
1863 1728 2037 1800 ἁμαρ-

380 1816 500 1880 τίας
535 1814 765 1895 ἔμφασιν
796 1817 846 1872 ἐν
891 1817 1058 1890 αὐτῷ,
1118 1819 1205 1872 καὶ
1267 1817 1540 1890 πείθωμαι
1589 1821 1658 1891 τῇ
1719 1813 2039 1886 διδασκαλίᾳ

387 1908 562 1980 ὑμῶν’
592 1907 626 1976 ἢ
664 1906 816 1979 ὑμεῖς
851 1905 1077 1985 ἔμφασιν
1140 1906 1188 1961 ἐν
1241 1907 1384 1978 αὖτῷ
1431 1907 1694 1981 ἁμαρτίας
1746 1903 1968 1977 δείξατε,
2000 1905 2034 1973 ἢ
2073 1945 2119 2009 Β

389 1995 403 2009 ς
460 1996 474 2009 ι
525 1997 548 2009 ..
592 1994 602 2009 .
702 1994 716 2009 ς
846 1995 858 2009 .
909 2001 934 2009 -
998 1998 1018 2009 ..
1353 1995 1363 2009 .
1485 1997 1496 2009 .
1569 1996 1576 2009 .
1793 1994 1805 2009 ς
1867 1993 1876 2009 ι

386 1995 492 2070 ἐγὼ
524 1994 664 2056 θείας
700 1994 750 2050 ἐν
801 1995 948 2068 αὐτῷ
995 1995 1426 2071 θαυματουργίας
1480 1996 1739 2070 ὑπάρχειν
1790 1993 2038 2070 ἐχέγγυα,

391 2083 805 2156 Καταλιμπάνω
861 2086 927 2139 τὰ
976 2092 1091 2139 κατ’
1140 2085 1392 2157 έμαυτὸν,
1443 2085 1529 2139 καὶ
1566 2083 1760 2146 λοιπὸς
1819 2084 1877 2138 ἐκ
1932 2087 2037 2162 τῶν

390 2171 578 2229 ἄλλων
637 2179 901 2246 ποιοῦμαι
950 2177 1050 2244 τὴν
1081 2175 1434 2250 έπερώτησιν·
1483 2173 1842 2249 Ἀμαρτωλὸς
1877 2176 2039 2240 ἐστιν,

389 2259 464 2324 ὣς
497 2283 666 2340 φατε;
703 2263 826 2338 Οὐχ
857 2262 1014 2325 οὗτος
1044 2265 1132 2318 τὸν
1166 2265 1277 2318 υἱὸν
1326 2271 1422 2333 τῆς
1455 2267 1636 2340 χήρας
1680 2261 2038 2335 ἐκκομιζόμε-

386 2369 474 2403 νον
523 2350 707 2424 νεκρὸν
761 2348 914 2425 λόγῳ
945 2349 1230 2421 ἀνέστησεν
1261 2373 1274 2421 ;
1306 2349 1670 2423 Ἀμαρτωλοῦ
1727 2352 2037 2426 ἀνθρώπου,

386 2438 422 2506 ἢ
456 2443 589 2494 Θεοῦ
643 2439 819 2516 Λόγου
876 2440 942 2508 ἦν
987 2441 1049 2494 τὸ
1100 2439 1299 2516 ἔργον;
1349 2440 1489 2515 Οὐχῖ
1522 2440 1627 2494 τῶν
1664 2438 1789 2494 δέκα
1821 2439 2035 2514 λεπρῶν

389 2527 557 2604 ὑφ”ὲν
600 2530 698 2596 τήν
758 2532 1205 2604 καταστιχθεῖσαν
1265 2529 1370 2584 ὐπὸ
1426 2535 1522 2584 106
1579 2528 1780 2592 πάθους
1836 2527 2039 2604 παρδα-

387 2614 564 2671 λιαίαν
597 2615 756 2690 δορὰν
796 2618 1000 2693 ῥήματι
1055 2618 1408 2694 ἐκκαθαίρων,
1471 2619 1544 2681 εἷς
1600 2620 1698 2688 τὴν
1751 2619 2037 2694 ἀνθρωπό-

388 2725 595 2784 μορφον
635 2705 894 2778 μονοειδῆ
933 2709 1230 2782 μετήνεγκε
1263 2710 1383 2763 Οέαν
1409 2728 1421 2778 ;
1447 2708 1814 2785 Ἀμαρτωλοῦ
1836 2709 2039 2786 ἀνθρώ-

566 2795 580 2816 \
717 2800 744 2810 «-
836 2791 855 2812 4
1029 2797 1042 2814 ς
1105 2795 1127 2813 ν
1395 2797 1405 2814 ν
1465 2799 1477 2814 π
1549 2799 1560 2814 ς
1642 2798 1654 2818 ρ
1716 2798 1728 2814 ε
1906 2803 1932 2812 ο-

385 2816 512 2865 που,
545 2797 580 2864 ἠ
614 2803 748 2850 Θεου
781 2804 961 2871 Λογου
990 2818 1052 2851 το
1104 2818 1259 2873 εργον
1289 2818 1302 2867 ;
1337 2801 1480 2872 Ουχι
1509 2819 1600 2852 τον
1636 2819 1738 2852 υπο
1769 2797 2039 2872 λεγεωνος

387 2887 494 2938 τῶν
510 2881 782 2956 δαιμόνων
808 2885 1326 2960 παρενοχλο·3μενον
1344 2887 1737 2960 ἄνθρωπον,τὸν
1765 2889 2040 2962 μήτεκρα-

385 2974 619 3042 τηθῆναι
653 2971 966 3046 δυνάμενον,
1023 2977 1161 3047 μήτε
1210 2976 1355 3030 οἶκον
1401 2973 1800 3052 εἷ’σδεχὸμενον,
1832 2975 1958 3031 ἀλλ’
1987 2977 2040 3032 ἐν

387 3066 504 3122 τοῖς
541 3063 815 3134 μνήμασιν
864 3061 1245 3135 αὐλιζόμενον,
1302 3063 1599 3140 βασιλικῶς
1645 3073 1743 3134 τῆς
1792 3066 2037 3142 τυραννί-

391 3147 480 3211 δος
520 3150 784 3206 ἀπέλυσεν
845 3155 954 3225 (85)
985 3198 998 3220 ,
1049 3151 1414 3229 Ἀμαρτωλοῦ
1462 3153 1768 3231 ἀνθρώπου,
1818 3157 1851 3224 ἣ
1907 3159 2039 3211 Θεοῦ

390 3240 564 3314 Λόγου
590 3241 650 3294 τὸ
691 3238 885 3317 ἔργονς
937 3243 1435 3318 Ἀγνωμονέστερόν
1495 3266 1560 3318 με
1606 3246 1714 3299 τῶν
1766 3242 2036 3318 δαιμόνων

391 3327 573 3392 θέλετε
603 3330 774 3398 sint;
809 3331 875 3387 Oi
906 3333 1006 3406 γὰρ
1041 3328 1314 3404 δαίμονες,
1368 3333 1457 3387 καὶ
1514 3334 1900 3406 μαστιζόμειοι
1953 3335 2036 3389 ὑπ’

2156 3333 2367 3389 Filium
2422 3332 2518 3388 Dei
2569 3332 2734 3387 illum
2798 3316 3142 3404 nuncupant
3199 3349 3210 3386 :

389 3416 573 3489 αὐτοῦ,
633 3419 755 3474 Υἱὸν
817 3424 951 3474 Θεοῦ
1005 3419 1164 3475 αὐτὸν
1211 3420 1601 3477 ἀποκαλοῦσιν’
1643 3423 1796 3498 κάγὼ
1829 3425 1857 3478 ὁ
1889 3435 2041 3497 θερα-

387 3506 598 3569 πευθεὶς
627 3509 755 3584 παρ’
783 3508 948 3563 αὐτοῦ
1001 3508 1328 3584 ἁμαρτωλὸν
1392 3511 1550 3566 αὐτὸν
1610 3515 2036 3591 προσφωνήσω;

390 3597 479 3658 Ὠς
512 3595 640 3658 Θεὸς
688 3597 986 3673 ἐργάζεται,
1045 3599 1133 3653 καὶ
1193 3599 1268 3660 ὡς
1321 3599 1649 3675 ἁμαρτωλὸς
1706 3602 2038 3679 φημίζεται;

389 3709 418 3736 ‹‹
451 3685 514 3740 Εἰ
547 3687 874 3761 ἁμαρτωλός
905 3687 1066 3759 ἐστιν,
1102 3686 1200 3743 οὐκ
1230 3685 1371 3743 οἴδα”
1404 3686 1458 3743 ἓν
1494 3687 1550 3744 δὲ
1580 3687 1718 3759 οἶδα,
1773 3691 1856 3745 ὃτι
1904 3713 2040 3770 τυφ-

389 3769 488 3833 λὸς
517 3771 616 3844 ὥν,
649 3771 769 3850 ἄρτι
814 3772 1022 3849 βλέπω.
1060 3798 1087 3826 ››
1118 3779 1287 3829 Τοῦτο
1322 3773 1380 3830 δὲ
1411 3781 1564 3845 Θεοῦ,
1598 3777 1686 3831 καὶ
1736 3778 1842 3854 οὐχ
1873 3769 2042 3856 ἀμαρ-

386 3859 572 3916 τωλοῦ
601 3864 664 3918 τὸ
694 3858 870 3939 ἔργον.

466 3953 550 4006 12.
585 3954 768 4008 Ταῦτα
797 3951 1118 4014 ἀκούσαντες
1150 3953 1200 4007 οἱ
1245 3959 1554 4028 Φαρισαῖοι,
1601 3955 1675 4016 ὡς
1731 3953 1870 4010 εἶδον
1920 3957 2041 4011 ἰαυ-

387 4039 513 4101 106:
570 4039 806 4096 ἐπιποὶὺ
861 4048 961 4110 τῆς
1020 4041 1282 4116 αὶσχῦνης
1343 4041 1636 4114 ἐμπλέους,
1689 4043 2040 4120 ἀπεκρίναντο

387 4129 523 4204 πρὸς
572 4131 662 4183 τὸν
714 4125 1106 4203 ἀναϐλέψαντα,
1171 4131 1440 4206 λέγοντες·
1505 4130 1651 4186 Ίίδει
1713 4135 1806 4206 μέν
1858 4155 1914 4189 σε
1964 4136 2040 4198 ὡς

384 4216 668 4272 κατάδικον
731 4227 1118 4294 μαστιχθῆναι,
1171 4220 1256 4274 καί
1307 4221 1439 4274 κατὰ
1468 4221 1592 4283 τοὺς
1635 4218 1834 4294 νόμους
1863 4245 2038 4296 τιμω-

383 4309 640 4380 ρηθῆναι·
700 4307 825 4362 ἀλλ’
877 4305 969 4362 ἵνα
1029 4310 1102 4380 μὴ
1155 4311 1301 4384 παρὰ
1341 4314 1448 4364 τῶν
1499 4311 1914 4389 ματαιοφρὸνων
1962 4314 2037 4376 ὡς

390 4395 648 4470 βάσκανοι
730 4391 1118 4468 διαϐληθῶμεν
1198 4401 1729 4476 συμπεριφερώμεθά
1797 4423 1892 4456 σου
1967 4408 2035 4469 τῆ

378 4483 503 4556 ἕξει·
535 4481 620 4538 διὸ
654 4482 721 4552 δὴ
756 4485 891 4558 πρὸς
947 4486 1046 4553 τὴν
1101 4484 1438 4560 ἐπειρώτησιν
1485 4489 1807 4561 ἀποκρίθητι
1839 4492 1890 4545 τί
1951 4514 2034 4547 σοι

381 4572 632 4643 ἐποίησεν
677 4573 917 4643 ἐκεῖνος;
968 4578 1083 4636 πῶς
1133 4571 1471 4650 ἀνέϐλεψας;
1531 4577 1682 4652 Λέγε.
1731 4580 1782 4634 τί
1829 4580 2034 4636 πέπον-

2152 679 2179 706 ‹‹
2216 656 2297 711 Da
2329 655 2576 727 gloriam
2608 656 2742 724 Deo,
2777 672 2882 710 nos
2915 653 3136 709 scimus
3168 653 3303 723 quia
3332 651 3427 708 hic
3475 652 3650 708 homo
3673 669 3804 724 pce-

2150 750 2311 800 cator
2341 748 2430 800 est
2458 744 2525 798 32.
2563 766 2590 792 »

2226 1015 2309 1068 11.
2343 1011 2448 1077 Qui
2484 1017 2680 1068 autem
2735 1013 2924 1066 visum
2987 1016 3304 1081 receperat,
3366 1011 3611 1067 audiens
3668 1010 3802 1067 illos

2154 1105 2463 1159 Dominum
2515 1103 2707 1158 dicere
2763 1106 3149 1174 peccatorem,
3196 1103 3394 1158 animo
3424 1107 3679 1157 aestuans
3712 1108 3802 1156 at-

2150 1211 2263 1265 que
2296 1210 2466 1248 aures
2495 1194 2798 1261 obturans,
2835 1192 2904 1247 ad
2966 1191 3292 1246 Pharismos
3349 1191 3664 1261 respondet
3715 1191 3801 1244 di-

2149 1299 2286 1338 cens
2339 1301 2352 1337 :
2414 1281 2558 1346 Quid
2623 1280 2856 1335 dicitis?
2914 1280 3062 1335 Num
3114 1284 3377 1352 peccator
3406 1278 3621 1350 estqui
3654 1279 3800 1334 meis

2149 1372 2334 1427 oculis
2383 1371 2571 1426 lucem
2616 1369 2966 1442 imperavit?
2995 1371 3110 1426 Cur
3139 1368 3439 1424 acerbitati
3472 1368 3585 1424 mel
3619 1370 3805 1424 admi-

2149 1461 2372 1516 scetis?
2400 1460 2614 1516 Eodem
2646 1464 2942 1514 momento
2978 1475 3070 1514 me
3128 1463 3185 1514 et
3242 1458 3488 1530 gloriam
3547 1459 3686 1514 dare
3746 1463 3801 1513 et

2148 1549 2558 1622 blasphemare
2597 1549 2840 1620 jubetis.
2895 1554 3007 1604 Deo
3037 1547 3284 1620 gloriam
3317 1549 3478 1618 dare,
3511 1548 3759 1620 probum
3784 1591 3797 1615 ,

2149 1643 2510 1711 peccatorem
2542 1644 2739 1694 autem
2765 1638 2956 1694 dicere
2976 1637 3570 1706 illum,obtenebratae
3592 1638 3800 1692 animai

2151 1729 2380 1784 facinus
2413 1727 2553 1783 illud
2586 1733 2694 1784 est.
2755 1728 2813 1784 Si
2870 1732 3157 1799 peccator,
3218 1726 3363 1782 mibi
3423 1731 3799 1799 peccatorum

2148 1819 2320 1889 signa
2371 1817 2430 1872 in
2478 1833 2544 1873 eo
2577 1821 3054 1883 commonstrate,
3084 1819 3258 1888 atque
3289 1815 3564 1871 doctrinas
3588 1819 3799 1870 vestrae

2149 1908 2536 1964 credam.Aut
2567 1910 2939 1978 peccatorum
2972 1906 3142 1977 signa
3164 1907 3294 1962 date
3314 1923 3328 1960 :
3349 1909 3450 1960 aut
3468 1905 3800 1961 divinorum

2153 1997 2212 2052 in
2256 2014 2323 2052 eo
2390 1995 2810 2052 miraculorum
2876 1996 3026 2051 dabo
3094 1999 3459 2068 argumenta.
3520 1996 3598 2050 Ea
3665 2011 3804 2067 pras-

2152 2087 2412 2142 termitto
2443 2104 2570 2158 qua:
2603 2103 2696 2142 me
2727 2089 3197 2158 spectant,atque
3227 2101 3296 2140 ex
3325 2085 3456 2140 aliis
3485 2084 3805 2156 interroga-

2151 2177 2339 2231 tiones
2373 2193 2530 2247 paro.
2563 2177 2647 2230 An
2681 2179 2948 2248 peccator
2979 2179 3084 2240 est,
3122 2183 3182 2230 ut
3207 2192 3306 2230 vos
3337 2174 3577 2230 dicitis?
3601 2174 3805 2229 Nonne

2149 2265 2244 2320 hic
2266 2268 2354 2320 est
2383 2265 2480 2336 qui
2517 2264 2700 2318 ﬁlium
2735 2264 2920 2318 viduas
2954 2263 3214 2318 delatum
3266 2267 3565 2318 mortuum
3624 2263 3803 2318 verbo

2151 2352 2498 2408 suscitavit?
2561 2352 2908 2407 Hominisne
2969 2351 3312 2422 peccatoris,
3371 2367 3443 2405 an
3493 2350 3595 2406 Dei
3626 2350 3804 2406 Verbi

2148 2460 2295 2515 opus
2327 2439 2473 2497 illud
2522 2442 2687 2497 erat?
2746 2441 2949 2496 Nonne
3009 2458 3124 2495 una
3182 2441 3381 2496 decem
3439 2439 3804 2512 leprosorum

2151 2533 2353 2588 morbo
2411 2530 2776 2587 maculosam
2835 2535 2889 2585 et
2949 2529 3354 2602 pantherinam
3387 2528 3594 2600 pellem
3629 2529 3804 2585 verbo

2149 2638 2429 2694 purgans,
2453 2621 2509 2676 in
2544 2621 2864 2676 humanam
2899 2619 3370 2690 uniformemque
3392 2619 3808 2674 transmutavit

2148 2710 2446 2782 speciem?
2475 2709 2877 2765 Peccatorisne
2907 2709 3188 2779 hominis,
3221 2725 3290 2762 an
3327 2707 3426 2763 Dei
3458 2723 3605 2779 opus
3655 2706 3801 2763 illud

2147 2801 2278 2857 est?
2303 2800 2506 2855 Nonne
2534 2815 2669 2855 eum
2703 2799 2801 2871 qui
2836 2798 3058 2869 legione
3088 2798 3422 2853 daemonum
3446 2795 3800 2870 agitabatur:

2149 2889 2250 2962 qui
2282 2905 2470 2960 neque
2500 2887 2683 2944 teneri
2716 2892 2961 2960 poterat,
2997 2903 3102 2942 nec
3130 2888 3188 2941 in
3221 2886 3394 2941 domo
3438 2901 3804 2962 permanere,

2149 2979 2249 3034 sed
2284 2977 2342 3032 in
2374 2976 2662 3049 sepulcris
2689 2978 3050 3042 morabatur,
3077 2973 3236 3047 regio
3295 2990 3455 3031 more
3510 2992 3544 3030 a
3599 2979 3804 3047 tyran-

2151 3069 2284 3122 nide
2312 3065 2624 3122 liberavit?
2654 3066 2998 3122 Hominisne
3029 3064 3376 3137 peccatoris,
3400 3082 3475 3119 an
3507 3063 3608 3120 Dei
3637 3064 3803 3120 Verbi

2150 3173 2298 3228 opus
2329 3155 2517 3211 illud?
2547 3155 2765 3211 Vultin’
2800 3172 2889 3211 me
2920 3154 3288 3211 damonibus
3319 3154 3464 3226 ipsis
3521 3153 3804 3226 ingratio-

2151 3264 2272 3302 rem
2307 3247 2462 3302 esse?
2483 3247 2784 3302 Daemones
2813 3246 3024 3317 quippe
3055 3245 3230 3300 etiam
3257 3242 3536 3315 ﬂagellati
3559 3245 3629 3298 ab
3653 3243 3802 3316 ipso,

3270 3336 3327 3387 et
3383 3348 3486 3403 ego
3543 3332 3617 3386 ab
3674 3331 3802 3403 ipso

2150 3427 2416 3489 sanatus,
2472 3427 2835 3493 peccatorem
2891 3421 3107 3477 vocabo
3139 3419 3307 3476 illum
3329 3421 3356 3475 τ
3386 3420 3458 3476 Ut
3486 3419 3640 3476 Deus
3672 3437 3805 3492 cpe-

2150 3516 2337 3580 ratur,
2365 3514 2421 3566 et
2451 3516 2515 3566 ut
2539 3514 2806 3583 peccator
2837 3509 3273 3583 proclamatur?
3325 3531 3353 3560 «
3412 3508 3474 3565 Si
3532 3514 3804 3582 peccator

2150 3604 2259 3667 est,
2321 3600 2515 3655 nescio
2575 3618 2589 3656 :
2650 3617 2833 3655 unum
2866 3599 3005 3667 scio,
3041 3598 3178 3671 quia
3209 3615 3395 3654 caecus
3425 3615 3560 3655 cum
3591 3615 3800 3665 essem,

2153 3705 2311 3745 nunc
2339 3689 2503 3745 video
2531 3689 2595 3744 ⁸³.
2632 3712 2653 3741 ι
2691 3687 2853 3752 Quod
2886 3704 3024 3744 sane
3052 3687 3174 3755 Dei,
3208 3693 3266 3743 et
3308 3704 3421 3744 non
3482 3688 3804 3760 peccatoris

2151 3783 2242 3834 est
2271 3795 2441 3851 opus.

2227 3868 2430 3924 12.His
2452 3866 2725 3923 Pharisaei
2759 3866 3151 3932 auditis,cum
3185 3883 3248 3922 se
3277 3867 3542 3923 viderent
3569 3882 3806 3922 summo

2153 3959 2374 4030 pudore
2404 3958 2664 4025 affectos,
2698 3957 3129 4028 responderunt
3158 3957 3228 4012 ad
3262 3974 3395 4012 eum
3458 3957 3558 4027 qui
3613 3955 3804 4011 visum

2153 4053 2482 4118 receperat:
2505 4048 2822 4120 Oportebat
2853 4047 3089 4120 quidem
3123 4052 3177 4103 te
3209 4051 3274 4102 ut
3304 4065 3466 4102 reum
3501 4046 3805 4119 ﬂagellari,

2151 4153 2218 4192 ac
2271 4138 2597 4193 secundum
2656 4137 2812 4208 leges
2872 4154 3073 4208 pinnas
3122 4137 3315 4202 luere;
3349 4139 3450 4192 sed
3479 4153 3548 4191 ne
3580 4154 3613 4190 a
3641 4135 3808 4191 vanis

2152 4226 2491 4281 hominibus
2524 4231 2587 4280 ut
2618 4226 2796 4280 invidi
2828 4225 3262 4290 insimulemur,
3288 4225 3664 4296 indulgemus
3694 4224 3806 4280 hoc

2149 4315 2381 4388 ingenio
2417 4319 2515 4370 tuo
2550 4333 2561 4370 :
2597 4331 2778 4385 quare
2811 4315 3097 4386 responde
3129 4315 3200 4368 ad
3234 4315 3753 4385 interrogationem
3791 4331 3803 4368 :

2148 4405 2292 4477 quid
2326 4403 2459 4460 fecit
2491 4404 2593 4459 tibi
2629 4403 2724 4459 illc
2753 4403 2973 4459 homo?
3002 4406 3124 4469 Qua
3157 4403 3379 4459 ratione
3411 4403 3600 4457 visum
3654 4418 3806 4457 rece-

2146 4492 2330 4565 pisti?
2363 4493 2481 4562 Dic,
2507 4493 2609 4548 tibi
2631 4492 2770 4565 quid
2791 4491 3065 4564 contigit?
3082 4492 3270 4547 Tuum
3303 4491 3398 4547 ille
3421 4491 3807 4551 confidenter,

2147 4599 2283 4637 nam
2315 4581 2374 4636 in
2411 4583 2563 4639 372
2599 4583 2708 4636 fide
2742 4582 3082 4652 profecerat,
3116 4580 3420 4653 respondit
3462 4579 3624 4636 hisce
3680 4596 3804 4635 vcr-

379 4663 472 4724 θας
496 4681 509 4731 ;
537 4663 598 4719 Ὁ
632 4659 689 4716 δὲ
718 4657 1047 4736 ἀναϐΛέψας,
1081 4663 1470 4740 ἐπιθαρῥήσας,
1503 4668 1806 4742 προέκοπτε
1835 4671 1934 4747 γὰρ
1965 4675 2033 4747 τῇ

2152 4671 2239 4727 bis
2274 4688 2284 4726 :
2317 4671 2571 4727 Rursum
2614 4669 3024 4741 sciscitamini,
3071 4670 3364 4742 quomodo
3393 4669 3586 4726 visum
3647 4687 3804 4725 rece-

383 4748 584 4818 πίστει,
662 4751 1074 4824 ἀνταπεκρίνετο
1154 4749 1349 4826 λέγων·
1432 4753 1600 4809 Πάλιν
1662 4755 1895 4830 ἐρωτᾶτέ
1948 4782 2033 4832 με,

382 4842 498 4901 πῶς
527 4833 836 4911 ἀνέϐλεψας
872 4841 999 4902 Καθ’
1032 4839 1234 4894 ἑαυτῶν
1267 4841 1546 4916 πράττετε,
1588 4845 1678 4897 καὶ
1728 4845 1826 4900 οὐκ
1885 4845 2035 4902 οἷ’δα-

380 4948 457 4984 τε.
491 4930 658 4983 ’Ὁσον
691 4925 873 4982 θέλετε
902 4928 962 4981 τὸ
994 4929 1172 5001 Θαῦμα
1200 4923 1405 5001 σϐέσαι,
1455 4935 1712 4986 τοσοῦτον
1761 4931 2034 4999 πλειὸνως

380 5016 511 5071 αὐτὸ
542 5013 911 5094 φαιδρύνεται.
946 5015 1118 5070 Πάλιν
1160 5015 1393 5094 ἐρωτᾶτέ
1429 5040 1514 5092 με,
1564 5024 1680 5082 πῶς
1740 5018 2031 5098 ἀνέϐλεψα,

378 5103 488 5176 ἤδη
548 5105 728 5179 τρίτον
788 5107 916 5179 ὑμῖν
978 5107 1151 5180 εἶπον,
1208 5107 1297 5162 καὶ
1358 5108 1456 5162 οὐκ
1513 5109 1855 5167 ἐπιστεύσατέ
1912 5135 2030 5187 μοι,

379 5220 406 5246 ‹‹
442 5194 508 5252 Τί
561 5194 726 5249 πάλιν
756 5193 939 5249 Θέλετε
969 5194 1221 5254 ἀκούεινε
1256 5199 1346 5266 Μὴ
1379 5197 1468 5252 καὶ
1505 5199 1656 5271 ὑμεῖς
1692 5199 1876 5257 θέλετε
1926 5225 2032 5277 μα-

393 5283 552 5353 θηταὶ
611 5283 775 5338 αὐτοῦ
831 5283 1113 5359 γενέσθαι;
1175 5312 1200 5337 ‹‹
1235 5285 1381 5362 Οὐχὶ
1423 5287 1510 5342 διὰ
1534 5293 1694 5344 τοῦτο
1727 5293 1840 5366 (86)
1901 5293 2034 5366 μετᾶ

377 5368 651 5447 ἀκριϐείας
709 5374 808 5441 τήν
859 5370 1137 5448 περιοδίαν
1201 5373 1484 5451 ἐρευνᾶτε;
1552 5377 1616 5433 Εἰ
1685 5385 1846 5436 τοῦτο
1909 5381 2034 5457 βού-

381 5459 562 5533 λεσθε,
622 5462 686 5516 τὸ
745 5459 939 5517 λοιπὸν
996 5460 1323 5539 προσέλθετε
1381 5467 1514 5540 πρὸς
1568 5467 1727 5524 αὐτὸν
1756 5467 2026 5526 ἀνενδοιά-

1001 5615 1047 5651 ⁸³
1075 5617 1225 5674 Ibid.
1257 5620 1348 5677 25.

454 5615 499 5650 ⁸²
523 5615 693 5672 Joan.
728 5632 806 5682 Ix,
835 5615 926 5670 24.
1001 5615 1047 5651 ⁸³
1075 5617 1225 5674 Ibid.
1257 5620 1348 5677 25.
1423 5620 1470 5656 ⁸⁸
1498 5621 1644 5679 Ibid.
1676 5623 1767 5680 27.

460 5769 575 5842 (85)
605 5769 744 5842 Reg.
781 5770 834 5839 1,
867 5764 1166 5841 ἀπήλασεν.

2148 4761 2356 4832 perim.
2416 4760 2626 4816 Contra
2685 4760 3075 4832 vosmetipsos
3125 4759 3313 4831 ignari
3347 4759 3541 4832 agitis.
3577 4761 3802 4826 Quanto

2149 4850 2338 4923 magis
2371 4849 2720 4904 miraculum
2754 4849 3081 4920 opprimere
3114 4850 3384 4920 studetis,
3418 4854 3581 4905 tanto
3613 4849 3800 4922 magis

2146 4940 2345 5010 ipsum
2379 4938 2728 4995 inclarescit.
2762 4939 3015 4994 Rursum
3051 4939 3497 5011 percontemini,
3531 4957 3648 5010 qua
3706 4957 3798 4993 ra-

2143 5029 2301 5084 tione
2353 5028 2541 5084 visum
2577 5029 2893 5100 receperim
2924 5047 2942 5084 :
2963 5031 3089 5099 jam
3116 5033 3204 5084 ter
3236 5029 3509 5092 iudicavi,
3545 5046 3649 5083 nec
3680 5046 3801 5084 cre-

2145 5116 2381 5171 didistis
2412 5115 2577 5170 mihi.
2617 5137 2642 5167 α
2674 5116 2820 5180 Quid
2853 5116 3063 5171 iterum
3111 5115 3287 5170 vultis
3346 5115 3594 5170 audire?
3650 5131 3800 5169 nun-

2143 5205 2281 5277 quid
2316 5209 2372 5261 et
2400 5221 2500 5261 vos
2524 5203 2702 5261 vultis
2726 5203 3000 5276 discipuli
3026 5205 3153 5275 ejus
3184 5203 3308 5258 ﬁeri
3338 5204 3424 5258 3‘?
3456 5225 3483 5251 »
3526 5207 3614 5257 An
3673 5203 3804 5258 ideo

2143 5295 2410 5350 studiose
2493 5295 2814 5349 curationis
2882 5293 3090 5349 seriem
3160 5291 3547 5364 perquiritis?
3611 5290 3671 5346 Si
3742 5291 3798 5346 id

2142 5385 2382 5456 optatis,
2406 5386 2528 5455 jam
2564 5385 2818 5438 accedite
2869 5383 2942 5438 ad
2998 5381 3163 5436 illum
3221 5385 3350 5436 sine
3408 5379 3796 5449 dubitatione,

2140 5477 2199 5530 et
2229 5473 2649 5529 illuminamini
2676 5490 2688 5528 :
2714 5471 3010 5544 agnoscite
3042 5471 3209 5526 illum
3243 5470 3370 5526 sine
3399 5469 3596 5542 aliqua
3625 5470 3795 5526 dubi-

2218 5780 2332 5851 (86)
2365 5778 2506 5851 Reg.
2540 5777 2593 5844 1,
2623 5777 2679 5849 2,
2715 5774 2801 5830 καὶ
2837 5772 2926 5830 διὰ
2956 5777 3139 5833 τοῦτο.
