4120 6380
311 358 466 420 1019
1475 366 1539 427 S.
1587 361 2106 426 ATHANASIUS.
2137 396 2213 406 —
2245 363 2554 425 SPURIA.
3572 368 3730 429 1020

311 489 530 546 tatione
564 509 576 545 :
611 507 724 546 non
756 497 1058 550 aversatur
1086 497 1355 570 quamvis
1388 497 1684 555 hominem
1718 513 1779 552 se
1826 511 1960 551 cum

2100 514 2239 561 meq,
2274 494 2362 548 καὶ
2394 493 2715 573 φωτίσθητεο
2747 493 3046 572 γνωρίσατε
3092 495 3249 550 αὐτὸν
3306 490 3730 576 ἀναμφιϐόλως·

315 580 426 636 lide
458 582 793 638 adeuntem.
829 583 959 640 Haec
989 602 1122 641 cum
1151 588 1456 644 audissent
1485 585 1967 654 Pharisaei,male-

2100 583 2173 638 ιὸκ
2204 584 2593 662 ἀποστρέφεται
2622 584 2713 639 τὸν
2750 585 2885 656 μετὰ
2927 584 3157 646 πίστεως
3201 586 3498 657 προσιόντα
3554 586 3723 660 αὐτῷ.

316 670 590 726 dixerunt
621 687 754 727 eum
784 673 874 728 cui
908 675 1076 731 visus
1130 677 1316 732 fuerat
1373 678 1702 744 restitutus,
1764 677 1963 731 dicen-

313 764 402 815 tes
461 760 569 831 ipsi
632 777 645 815 :
709 784 736 810 u
795 764 881 817 Tu
942 764 1268 837 discipulus
1310 767 1468 822 illius
1500 784 1560 822 es
1595 784 1607 822 :
1643 784 1749 821 nos
1807 766 1966 822 enim

315 847 493 903 Mosis
550 849 825 923 discipuli
882 869 1123 908 sumus.
1181 855 1298 911 Nos
1355 855 1578 911 scimus
1628 856 1766 927 quia
1824 854 1963 909 Μοεὶ

311 936 543 992 locutus
574 942 663 993 est
687 944 857 1003 ,Deus
918 957 930 996 ε
991 940 1149 997 hunc
1206 949 1399 999 autem
1459 944 1755 999 nescimus
1817 944 1968 998 unde

312 1027 408 1081 sit.
466 1027 549 1081 Tu
614 1026 942 1099 discipulus
976 1029 1134 1088 illius
1164 1049 1225 1087 es
1250 1033 1314 1086 ⁸⁵.
1358 1056 1380 1081 ιι
1412 1034 1518 1099 Qui
1552 1038 1746 1088 autem
1778 1032 1967 1088 visum

315 1121 619 1187 acceperat
650 1118 1007 1175 subridendo
1040 1122 1343 1193 respondit
1395 1140 1407 1177 :
1468 1124 1581 1195 Ego
1640 1120 1969 1194 discipulus

316 1204 479 1260 illius
511 1205 683 1261 sum?
713 1206 928 1262 bonum
965 1210 1107 1264 mihi
1141 1212 1466 1267 convicium
1499 1212 1737 1268 fecistis.
1771 1212 1815 1267 Ο
1845 1211 1969 1283 glo-

317 1294 535 1350 riosam
603 1297 1023 1353 contumeliam
1080 1297 1091 1352 !
1161 1301 1369 1371 Magna
1431 1318 1521 1356 me
1569 1301 1972 1373 imprudentes

317 1382 504 1456 gloria
535 1385 829 1441 effecistis.
857 1386 969 1443 Vos
1002 1388 1181 1445 Mosis
1211 1391 1355 1446 estis
1387 1390 1705 1464 discipuli?
1737 1391 1969 1463 Ecquod

320 1474 625 1545 potestatis
657 1480 855 1530 vestrae
888 1492 1034 1549 cpus
1063 1478 1370 1535 edidistis?
1397 1481 1504 1536 Vos
1536 1481 1772 1553 quidem
1795 1479 1973 1537 Mosis

320 1561 465 1617 estis
522 1562 829 1635 discipuli;
889 1567 991 1621 sed
1057 1567 1306 1640 apostoli
1375 1575 1515 1625 sunt
1579 1569 1792 1627 medici
1860 1569 1974 1626 mei

322 1648 619 1724 discipuli.
640 1651 963 1726 Ostendite,
989 1655 1169 1712 Mosis
1201 1658 1496 1729 discipuli,
1520 1657 1743 1731 aliquid
1773 1663 1977 1715 contra

321 1740 646 1812 discipulos
678 1743 888 1799 medici
924 1745 1059 1800 mei.
1092 1746 1153 1801 Si
1188 1748 1327 1818 quid
1359 1748 1522 1805 vobis
1551 1749 1693 1804 insit
1722 1753 1978 1820 potesta-

2071 677 2245 727 Ταῦτα
2269 672 2593 735 ἀκούσαντες
2626 674 2678 728 οἱ
2710 678 3023 748 Φαρισαῖοι,
3055 671 3412 750 ἐλοιδόρησαν
3458 676 3548 729 τὸν
3600 677 3725 731 ἀνα-

2074 757 2369 834 ϐλέψαντα,
2405 759 2657 836 λέγοντες
2690 762 2862 836 αὐτῷ·
2905 787 2931 814 ‹‹
2967 761 3043 817 Σὺ
3096 764 3146 817 εἴ
3199 765 3448 835 μαθητὴς
3501 763 3722 819 ἐκείνου·

2075 852 2238 923 ἡμεῖς
2266 850 2367 926 γὰρ
2398 855 2492 905 τοῦ
2524 852 2762 913 Μωσέως
2819 851 2976 925 ἐσμὲν
3041 852 3297 924 μαθηταί.
3342 855 3532 926 Ἡμεῖς
3576 850 3729 908 οἷ’δα-

2081 961 2197 1013 μεν,
2223 939 2303 994 ὅτι
2333 944 2502 1014 Μωσῇ
2539 939 2844 1011 λελάληκεν
2868 943 2897 996 6
2923 944 3072 1003 Θεός’
3102 946 3294 996 τοῦτον
3329 939 3386 997 δὲ
3437 942 3535 998 οὐκ
3582 941 3729 998 οἷ’δα-

2082 1050 2200 1102 μεν,
2260 1025 2423 1084 πόθεν
2485 1030 2617 1087 ἐστί.
2681 1030 2755 1084 Σὺ
2809 1030 2859 1085 εἴ
2910 1032 3156 1103 μαθητὴς
3217 1031 3443 1089 ἐκείνου.
3492 1058 3519 1084 ››
3573 1034 3631 1090 Ὁ
3672 1030 3730 1088 δὲ

2077 1112 2408 1192 ἀναϐλέψας,
2483 1117 2895 1192 ὑπομειδιάσας,
2946 1120 3264 1197 ἁπεκρίνατο
3327 1118 3525 1198 λέγων·
3584 1123 3728 1197 Ἐγώ

2080 1207 2194 1280 εἶμι
2230 1210 2476 1281 μαθητὴς
2506 1208 2747 1279 εκείνους
2799 1208 2982 1272 καλῶς
3045 1208 3259 1280 ἐλέξατε
3303 1208 3727 1287 λοιδορήσαντές

2085 1318 2168 1370 με.
2231 1299 2295 1352 Ὦ
2343 1293 2550 1375 ὕϐρεως
2599 1296 2853 1369 ἐνδόξουί
2889 1297 3207 1371 Ἐδοξάσατέ
3242 1321 3307 1373 με
3339 1298 3578 1373 μᾶλλον,
3638 1300 3727 1355 καὶ

2082 1386 2180 1441 οὐκ
2209 1384 2409 1445 οἷ’δατε.
2441 1392 2545 1443 Τοῦ
2606 1388 2851 1451 Μωσέως
2899 1387 3017 1444 ἐστὶ
3070 1388 3348 1461 μαθηταί;
3397 1389 3497 1444 Καὶ
3525 1388 3578 1445 τί
3636 1386 3729 1444 δυ-

2080 1478 2291 1550 νάμεως
2321 1474 2662 1548 ἀπεδείξασθε
2692 1475 2885 1553 ἔργον;
2939 1479 3121 1552 Ὑμεῖς
3180 1478 3273 1552 μὶν
3330 1482 3429 1534 τοῦ
3486 1479 3729 1541 Μωσέως

2084 1565 2201 1622 ἐστὶ
2234 1566 2490 1640 μαθηταί·
2524 1568 2576 1621 οἱ
2636 1564 2693 1622 δὲ
2721 1562 3021 1623 ἀπόστολοι
3050 1571 3149 1623 τοῦ
3200 1567 3337 1642 ἐμοῦ
3384 1567 3573 1645 ἰατροῦ
3629 1567 3730 1623 εἶσι

2089 1655 2345 1728 μαθηταί.
2380 1652 2707 1725 Ἐπιδείξατε
2735 1656 2825 1710 καὶ
2847 1656 3014 1729 ’ὑμεῖς
3040 1656 3091 1711 οἱ
3120 1659 3218 1710 τοῦ
3257 1655 3496 1719 Μωσέως
3557 1667 3733 1730 μαθη-

2083 1744 2172 1800 ταί
2204 1744 2253 1798 τί
2283 1766 2418 1800 ποτε
2448 1745 2583 1800 κατὰ
2609 1750 2716 1800 τῶν
2772 1749 3032 1818 μαθητῶν
3062 1749 3160 1801 τοῦ
3210 1744 3346 1819 ἐμοῦ
3397 1744 3609 1821 ἰατροῦ.
3669 1745 3733 1800 Et

322 1831 423 1898 tis,
458 1847 572 1886 non
607 1832 795 1888 dicam
830 1839 1116 1903 mortuos,
1146 1837 1246 1891 sed
1300 1837 1659 1894 dormientes
1712 1839 1977 1907 excitate,

2100 1834 2137 1889 rt
2165 1855 2298 1890 ποτε
2329 1833 2608 1908 δυνάμεως
2641 1832 2815 1911 ἔχετε,
2848 1834 2913 1889 ού
2946 1833 3095 1910 λέγω
3123 1835 3369 1912 νεκροὺς,
3416 1834 3544 1897 τοὺς
3602 1837 3734 1891 καθ-

2128 1920 2178 1938 ...
2375 1921 2401 1938 ει
2543 1923 2553 1938 .
2751 1924 2765 1938 .
2891 1924 2904 1938 .
2978 1924 2993 1938 .
3059 1923 3071 1938 .
3178 1923 3198 1938 ε
3393 1923 3401 1932 -
3571 1926 3594 1938 λ
3666 1929 3693 1938 -

327 1921 482 1976 sicut
538 1921 787 1993 apostoli
843 1924 1171 1980 defunctos.
1231 1926 1289 1982 Si
1350 1928 1630 1999 apostolis
1690 1927 1979 2001 exaequari

327 2011 604 2082 potestis;
639 2027 752 2065 non
786 2011 973 2068 dicam
1003 2030 1180 2086 super
1212 2016 1421 2082 undas,
1471 2017 1573 2072 sed
1632 2033 1810 2090 super
1864 2021 1977 2072 ter-

329 2116 455 2154 ram
511 2099 829 2168 ambulate,
881 2100 1051 2158 sicuti
1084 2108 1293 2160 Petrus
1324 2123 1503 2178 super
1533 2123 1712 2162 mare.
1747 2107 1804 2162 Si
1838 2106 1976 2178 quid

330 2188 486 2243 inest
516 2188 770 2260 virtutis,
803 2206 938 2246 cum
976 2193 1255 2265 apostolis
1312 2200 1659 2265 concertata,
1720 2212 1834 2251 non
1892 2195 1979 2249 di-

330 2293 457 2333 cam
513 2278 779 2350 spiritus,
834 2281 934 2336 sed
969 2298 1104 2338 aves
1135 2283 1372 2357 abigite,
1406 2285 1559 2341 sicut
1583 2285 1832 2358 apostoli
1864 2285 1978 2340 dre-

328 2382 554 2422 mones.
590 2366 771 2424 Dicite
802 2368 948 2425 mihi
980 2388 993 2426 :
1028 2371 1224 2427 Vosne
1251 2373 1429 2430 Mosis
1461 2374 1733 2448 discipuli
1794 2372 1981 2430 estis?

330 2454 391 2511 Si
446 2455 623 2513 Mosis
673 2456 946 2528 discipuli
979 2460 1211 2530 essetis,
1245 2463 1555 2519 crederetis
1587 2463 1730 2519 Mosi
1764 2462 1977 2518 dicenti

328 2546 398 2601 de
448 2545 574 2618 ipso
609 2563 623 2602 :
658 2568 687 2596 «
747 2549 1035 2613 Quoniam
1094 2551 1433 2623 prophetam
1488 2552 1653 2609 vobis
1711 2553 1983 2609 excitabit

335 2635 617 2691 Dominus
668 2637 820 2693 Deus
870 2637 943 2693 de
972 2638 1254 2695 fratribus
1283 2641 1513 2710 vestris,
1548 2647 1832 2714 tanquam
1867 2658 1979 2697 me.

333 2725 533 2795 Ipsum
566 2725 818 2782 audietis
847 2726 1022 2798 juxta
1079 2730 1275 2786 omnia
1331 2748 1695 2805 quaecunque
1752 2732 1983 2788 locutus

334 2813 510 2869 tuerit
560 2815 742 2872 vobis.
774 2815 896 2871 Erit
926 2821 1140 2888 autem,
1172 2820 1366 2876 omnis
1397 2822 1595 2877 anima
1624 2838 1984 2894 quiscunque

332 2919 447 2959 non
481 2902 733 2959 audierit
760 2904 1106 2978 prophetam
1137 2907 1323 2979 illum,
1356 2910 1840 2966 exterminabitur
1868 2911 1931 2964 ⁸⁸.
1959 2932 1978 2958 ι

329 2993 539 3051 Cavete
570 3010 642 3050 ne
672 2996 1164 3070 exterminemini,
1219 3002 1277 3055 et
1334 2999 1394 3055 in
1454 3016 1661 3056 omnes
1717 2998 1984 3057 nationes

329 3082 773 3155 dispergamini,
836 3088 1033 3157 utpote
1088 3087 1190 3158 qui
1248 3087 1408 3145 illius
1457 3089 1806 3162 apropheta
1836 3106 1985 3161 prae-

328 3172 581 3227 nuntiati
635 3172 892 3230 hominis
951 3175 1229 3232 virtutem
1290 3196 1405 3233 non
1463 3179 1837 3251 agnoveritis.
1897 3180 1983 3233 An

2087 1920 2340 1986 εύδοντας
2373 1921 2704 1991 διυπνίσατε,
2736 1924 2810 1986 ὡς
2859 1924 2911 1978 οἱ
2969 1923 3268 1979 ἀπόστολοι
3323 1923 3451 1987 τους
3506 1926 3737 1980 τεθνεῶ-

2086 2034 2204 2075 τας.
2239 2012 2303 2069 Εἰ
2355 2010 2580 2067 δύνασθε
2605 2019 2720 2075 τοῖς
2750 2008 3081 2075 ἀποστόλοις
3112 2011 3432 2084 ἐξισοῦσθαι,
3481 2012 3544 2069 ού
3593 2012 3737 2089 λέγω

2090 2100 2175 2157 ἐπὶ
2209 2099 2426 2168 ὕδατος,
2460 2101 2546 2156 ἐπὶ
2578 2108 2678 2178 γῆς
2712 2099 2985 2178 βαδίσατε,
3034 2102 3107 2164 ὡς
3158 2103 3186 2156 6
3243 2102 3448 2179 Πέτρος
3505 2100 3593 2158 ἐπὶ
3645 2104 3739 2157 θα-

2090 2189 2317 2261 λάσσης.
2354 2188 2490 2247 Εἷ¹τι
2524 2188 2805 2263 δυνάμεως
2836 2187 3009 2266 ἔχετε,
3042 2195 3161 2253 τοῖς
3191 2185 3521 2253 ἀποστόλοις
3571 2190 3739 2264 ἁμιλ-

2090 2278 2275 2351 λᾶσθε,
2310 2279 2370 2334 οὐ
2404 2279 2547 2355 λέγω
2595 2280 2894 2353 πνεύματα,
2938 2278 3006 2335 τὰ
3044 2276 3202 2357 ὄρνεα
3232 2275 3519 2351 σοϐήσατε,
3555 2280 3628 2343 ὡς
3687 2281 3739 2335 οἱ

2087 2367 2389 2425 ἀπόστολοι
2419 2369 2547 2431 τοὺς
2579 2365 2864 2442 δαίμονας.
2912 2366 3117 2427 Εἴπατε
3163 2390 3277 2443 μοι·
3333 2372 3445 2427 Τοῦ
3495 2371 3740 2432 Μωσέως

2090 2458 2205 2514 ἐστὲ
2259 2457 2528 2531 μαθηταίς
2585 2458 2648 2515 Εἰ
2710 2457 2954 2520 Μωσέως
3013 2456 3129 2513 ἐστὶ
3175 2458 3434 2532 μαθηταὶ,
3487 2458 3738 2536 ἐπειθαρ-

2090 2554 2241 2624 χεῖτε
2271 2546 2330 2602 ἃν
2358 2553 2437 2621 τῷ
2469 2551 2639 2622 Μωσῇ
2673 2545 2888 2623 λέγοντι
2935 2547 3060 2624 περὶ
3117 2547 3302 2603 αὐτοῦ·
3342 2574 3363 2599 ι
3424 2550 3550 2606 "Ott
3602 2568 3741 2620 προ-

2092 2640 2268 2716 φήτην
2305 2639 2429 2711 ὑμῖν
2458 2638 2743 2707 ἀναστήσει
2774 2635 2971 2712 Κύριος
3002 2637 3030 2691 6
3061 2634 3191 2700 Θεὸς
3242 2636 3303 2692 ἐκ
3337 2641 3446 2692 τῶν
3489 2634 3737 2715 ἀδελφῶν

2094 2729 2269 2801 ὑμῶν,
2300 2728 2374 2789 ὡς
2404 2725 2519 2801 ἐμέ.
2553 2725 2733 2782 Αὐτοῦ
2772 2725 3061 2790 ἀκούσεσθε
3108 2726 3244 2781 κατὰ
3298 2727 3492 2797 πάντα,
3550 2724 3647 2781 ὅσα
3678 2725 3737 2782 ἄν

2094 2816 2310 2893 λαλήσῃ
2339 2817 2473 2892 πρὸς
2505 2816 2665 2889 ὑμᾶς.
2697 2817 2884 2871 Ἔσται
2917 2813 2996 2887 δὲ,
3027 2821 3171 2871 πᾶσα
3199 2818 3353 2892 ψυχὴ
3385 2813 3509 2885 ἥτις
3542 2813 3603 2871 ἃν
3664 2817 3741 2889 μὴ

2093 2906 2296 2979 ἀκούσῃ
2357 2910 2453 2960 τοῦ
2511 2906 2796 2984 προφήτου
2847 2903 3074 2974 ἐκείνου,
3118 2902 3653 2979 ὲξολοθρευθήσεται.
3712 2927 3741 2958 »

2095 2995 2333 3053 Βλέπετε
2362 2996 2436 3068 μή
2470 2994 3006 3071 ἐξολοθρευθήσεσθε,
3037 2994 3126 3050 καὶ
3158 2994 3233 3056 εἷς
3276 2995 3449 3049 πάντα
3504 2997 3571 3050 τὰ
3618 2990 3741 3064 ἔθνη

2098 3081 2550 3158 διασπαρήσεσθε,
2603 3084 2678 3145 ὡς
2736 3087 2831 3137 τοῦ
2862 3082 3330 3158 προφητευθέντος
3382 3084 3483 3152 τὴν
3518 3080 3744 3155 δύναμιν

2101 3175 2175 3247 μή
2207 3173 2588 3249 γνωρίζοντες.
2649 3172 2764 3230 Οὐκ
2815 3168 2997 3227 οἷ’δατε
3053 3172 3134 3235 τίς
3196 3170 3335 3226 ἐστιν
3389 3174 3417 3228 6
3462 3176 3569 3226 τῶν
3602 3170 3746 3245 ἐμῶν

326 3261 612 3335 ignoratis
670 3262 769 3333 qui
829 3264 907 3320 sit
971 3264 1274 3322 oculorum
1342 3284 1606 3324 meorum
1675 3268 1984 3324 medicus?

2100 3244 2395 3340 όφθαλμῶν
2427 3258 2821 3337 περιοδευτής;
2854 3260 2969 3318 Οὐκ
2999 3257 3201 3332 οἷ’δατε,
3234 3257 3420 3329 ἐπειδὴ
3453 3260 3588 3335 πρὸς
3647 3260 3746 3338 φό-

328 3350 620 3423 Ignoratis
648 3351 872 3423 utique,
903 3353 1044 3426 quia
1093 3355 1478 3413 occidendum
1528 3358 1807 3430 quaeritis.
1865 3358 1982 3413 No-

332 3440 442 3497 stis
500 3457 673 3514 porro
703 3443 807 3515 qui
837 3444 934 3510 sit,
976 3447 1034 3499 et
1062 3445 1217 3500 unde
1248 3446 1346 3501 sit.
1380 3446 1525 3502 Nam
1561 3464 1697 3503 cum
1730 3447 1984 3503 Herodes

334 3529 735 3587 sciscitaretur
790 3549 825 3588 a
879 3532 1082 3601 vobis,
1140 3534 1239 3590 ubi
1296 3535 1563 3593 Christus
1623 3541 1985 3604 nasceretur,

336 3619 646 3677 confestim
714 3624 770 3676 et
824 3619 1017 3677 locum
1051 3627 1107 3679 et
1134 3624 1374 3680 modum
1405 3625 1733 3697 iudicastis,
1767 3626 1989 3683 aientes

335 3708 565 3765 eumiu
598 3709 935 3767 Bethlehem
996 3712 1384 3769 nasciturum.
1444 3718 1585 3772 Cum
1645 3716 1718 3773 ad
1776 3716 1988 3771 caedem

341 3798 641 3870 quaeritur,
675 3800 899 3868 nostis;
932 3816 1067 3857 cum
1099 3801 1384 3860 miracula
1408 3808 1776 3877 perpetrasse
1804 3811 1996 3861 osten-

341 3886 524 3954 ditur,
556 3887 862 3959 ignoratis.

418 3977 504 4032 13.
537 3976 658 4032 Erit
686 3977 820 4049 quis
851 3978 1099 4036 fortasse
1129 3981 1229 4053 qui
1260 3986 1518 4054 reponat.
1555 3983 1717 4040 Unde
1773 3984 1997 4040 scimus

346 4081 565 4121 caecum
596 4065 764 4123 illum
796 4067 899 4138 qui
929 4069 1121 4126 visum
1155 4077 1472 4144 receperat,
1502 4077 1622 4129 tam
1656 4075 1834 4146 probe
1864 4090 1997 4130 cum

350 4154 704 4213 Pharisaicis
755 4157 1062 4229 judioibus
1119 4161 1537 4219 contendisse?
1595 4164 1742 4230 Quid
1801 4165 1908 4235 ais,
1968 4180 2000 4219 0

349 4244 578 4302 amice?
607 4246 823 4304 ferrum
852 4248 973 4320 igni
1005 4250 1308 4306 admotum
1339 4269 1580 4324 prorsus
1614 4254 1880 4326 ignescit,
1900 4253 2002 4309 ubi

352 4336 619 4405 acuitur,
690 4337 907 4394 scindit
971 4340 1347 4410 acutissime;
1415 4347 1471 4397 et
1524 4342 1634 4399 iste
1692 4342 2005 4400 dominicis

353 4426 627 4485 manibus
659 4432 1077 4499 contrectatus,
1130 4446 1196 4485 ac
1246 4429 1441 4486 divino
1476 4432 1752 4488 inunctus
1810 4438 2005 4505 sputo,

355 4533 547 4573 nonne
605 4516 795 4589 potuit
833 4518 1056 4590 absque
1086 4519 1564 4593 syllogismorum
1597 4527 1882 4593 apparatu
1915 4520 2011 4576 ad-

355 4624 561 4662 versus
617 4607 919 4679 improbos
976 4607 1240 4664 rhetores
1296 4609 1741 4680 argumentari?
1797 4614 1988 4664 Anno:

2120 4607 2227 4660 τῶν
2300 4599 2627 4678 παρανόμων
2703 4599 2950 4676 ῥητόρων
3023 4600 3400 4679 σοφιστεύεινί

357 4696 429 4751 de
458 4694 558 4751 illo
589 4712 655 4751 ac
702 4695 787 4751 illi
845 4696 1144 4753 similibus
1200 4697 1402 4754 divina
1460 4698 1604 4753 dicit
1658 4699 2008 4769 Scriptura:

358 4807 387 4835 ‹‹
420 4783 709 4841 Dominus
733 4785 1032 4858 sapientes
1064 4787 1258 4843 reddit
1287 4803 1466 4843 caecos
1496 4787 1582 4842 ⁸τῖ
1616 4809 1644 4837 υ
1677 4787 2016 4859 Opportune

362 4872 660 4929 hominem
697 4874 796 4947 qui
830 4874 979 4932 miro
1008 4876 1181 4933 modo
1211 4876 1403 4933 visum
1438 4876 1675 4948 recepit,
1730 4875 1832 4947 qui
1890 4875 2014 4931 siu-

358 4980 486 5021 cere
531 4963 782 5020 Domino
823 4965 1090 5035 credidit,
1124 4966 1226 5037 qui
1256 4965 1477 5021 Judmis
1510 4964 1735 5021 fortiter
1763 4964 2012 5032 obstitit,

360 5053 784 5126 rationabilem,
819 5054 1194 5127 morigeram,
1220 5056 1369 5112 lacte
1400 5055 1814 5111 exuberantem
1848 5072 2011 5112 ovem

360 5161 566 5201 vocare
632 5144 813 5201 licet.
876 5144 1042 5200 Novit
1099 5145 1256 5201 enim
1327 5150 1629 5218 pastorum
1685 5145 2012 5218 principem

360 5235 679 5306 Christum,
714 5234 1080 5290 Pharisaicos
1109 5234 1315 5307 effugit
1343 5234 1513 5307 lupos
1548 5251 1561 5290 :
1598 5234 1895 5308 ingressus
1926 5238 2016 5291 est

364 5342 466 5398 per
495 5325 686 5381 crucis
719 5328 945 5395 portam
977 5322 1037 5378 in
1069 5322 1531 5379 ecclesiasticum
1564 5323 1732 5379 ovile.
1783 5323 2014 5378 Audisti

367 5415 537 5470 modo
591 5415 882 5470 dicentem
934 5411 1250 5469 Dominum
1309 5431 1321 5469 :
1386 5433 1413 5466 α
1444 5419 1651 5482 Amen,
1684 5429 1854 5469 amen
1888 5413 2016 5469 dico

366 5504 551 5574 vobis,
586 5503 685 5575 qui
718 5520 830 5559 non
864 5503 1043 5559 intrat
1077 5520 1176 5574 per
1205 5503 1420 5558 ostium
1476 5503 1532 5558 in
1593 5501 1738 5559 ovile
1796 5503 2015 5570 ovium,

2093 3373 2182 3409 νον
2211 3351 2370 3406 αὐτὸν
2404 3355 2633 3421 ζητεῖτε.
2667 3347 2857 3406 Οἴδατε
2891 3347 2948 3405 δὲ
2977 3350 3066 3405 καὶ
3116 3349 3199 3412 τίς
3257 3350 3392 3419 ἐστι,
3441 3351 3529 3405 ιιαὶ
3586 3344 3746 3405 πόθεν

2095 3440 2258 3497 ἐστίν.
2318 3442 2449 3497 ’Ὁτε
2504 3439 2603 3514 γὰρ
2652 3438 2799 3515 παρὰ
2866 3435 3115 3514 Ἡρώδου
3173 3440 3475 3514 ἠρωτᾶσθε,
3551 3443 3658 3493 ποῦ
3717 3439 3744 3493 ὁ

2095 3529 2325 3606 Χριστὸς
2351 3533 2621 3604 γεννᾶται,
2656 3521 2966 3588 εὐθυϐόλως
3003 3525 3091 3582 καὶ
3144 3527 3235 3581 τὸν
3278 3528 3444 3581 τόπον
3503 3526 3593 3581 καὶ
3652 3528 3742 3583 τὸν

2095 3619 2297 3696 τρόπον
2330 3615 2686 3692 ἀνηγγείλατε
2716 3615 2987 3691 λέγοντες,
3020 3614 3102 3671 ὅτι
3145 3615 3197 3671 ἐν
3259 3614 3513 3689 Βηθλεὲμ
3566 3622 3740 3692 γεννᾶ-

2098 3728 2209 3764 ται.
2242 3709 2373 3765 ’Ότε
2423 3707 2561 3780 πρὸς
2612 3705 2961 3784 φονοκτονίαν
3018 3702 3381 3775 ἓπιζητεῖται,
3440 3705 3748 3781 γνωρίζετε’

2103 3797 2194 3853 ὅτε
2241 3794 2300 3852 δὲ
2348 3798 2484 3872 πρὸς
2541 3795 2973 3872 θαυματουργίαν
3028 3792 3376 3868 ἐνδείκνυται,
3447 3794 3509 3849 οὐ
3556 3792 3755 3870 γνωρί-

2108 3896 2244 3961 ζετε.
3748 3877 3753 3881 η

2185 3982 2268 4036 13.
2306 3979 2456 4035 1Ἐιστι
2489 3974 2547 4033 δὲ
2573 3978 2789 4039 πάντως
2847 3974 3014 4030 εἰπεῖν
3074 3996 3214 4048 τινα,
3272 3974 3373 4031 Καὶ
3431 3974 3592 4039 πόθεν
3625 3977 3760 4047 ἡμῖν

2107 4072 2142 4139 ἡ
2175 4072 2397 4145 γνῶσις,
2450 4069 2533 4122 ’ὁτι
2590 4067 2618 4122 6
2666 4060 2968 4139 ἀναϐλέψας
3008 4063 3214 4142 τυφλὸς
3261 4064 3529 4135 τοσαύτην
3564 4061 3768 4119 δικαιο-

2112 4159 2301 4236 λογίαν
2337 4159 2453 4234 εῖχε
2481 4157 2811 4227 ποιήσασθαι
2856 4153 2991 4230 πρὸς
3044 4152 3173 4217 τοὺς
3224 4152 3592 4230 Φαρισαῖκοὺς
3648 4173 3767 4230 κρι-

2114 4249 2246 4311 τάς;
2280 4247 2341 4302 Τί
2371 4245 2568 4322 λέγεις,
2602 4246 2647 4299 ὦ
2686 4243 2851 4323 «pile;
2900 4241 3122 4320 σίδηρος
3161 4243 3291 4319 πυρὶ
3347 4240 3767 4319 προσομιλήσας

2117 4338 2262 4400 ὅλως
2322 4338 2711 4411 πυρακτοῦται,
2778 4333 2869 4388 καὶ
2928 4332 3228 4407 στομωθεὶς
3279 4332 3507 4406 ὀξύτατα
3560 4331 3765 4406 τέμνει·

2116 4427 2206 4484 καὶ
2239 4425 2394 4486 οὗτος
2429 4429 2535 4478 τῶν
2570 4427 2912 4478 Δεσποτικῶν
2947 4427 3151 4499 χειρῶν
3204 4422 3472 4497 ἀξιωθεὶς,
3526 4422 3617 4477 καὶ
3674 4424 3771 4476 τοῦ

2122 4519 2305 4571 θεῖκοῦ
2364 4512 2768 4586 ὲμπτύσματος,
2844 4512 2949 4567 οὐκ
3023 4512 3167 4587 εἶχεν
3217 4509 3587 4588 ἀσυλλόγιστα
3638 4512 3776 4566 κατά

3485 4599 3562 4658 Οὐ
3649 4599 3773 4672 περὶ

2122 4692 2320 4749 τούτου
2349 4691 2439 4746 κάὶ
2469 4695 2574 4746 τῶν
2605 4689 2874 4746 τοιούτων
2900 4687 3082 4766 ἔλεγεν
3115 4693 3150 4761 ἡ
3177 4687 3294 4746 θεία
3333 4691 3541 4769 Γραφή·
3591 4714 3617 4741 ‹‹
3671 4688 3774 4743 Κύ-

2125 4803 2241 4859 ριος
2275 4785 2433 4861 σοφοῖ
2460 4780 2700 4855 τυφλούς
2728 4800 2740 4839 :
2778 4805 2806 4833 ››
2838 4776 3103 4856 Εὕκαιρον
3153 4778 3243 4835 καὶ
3300 4784 3490 4835 τοῦτον
3539 4778 3634 4835 τὸν
3667 4799 3775 4833 πα-

2125 4867 2364 4950 ραδόξως
2424 4866 2819 4944 ἀναϐλέψαντα,
2879 4870 2968 4925 καὶ
3023 4873 3103 4942 τῷ
3158 4868 3339 4944 Κυρίῳ
3384 4867 3626 4944 γνησίως
3683 4888 3775 4922 πι-

2125 4962 2437 5033 στεύσαντα⁷
2468 4959 2556 5015 καὶ
2604 4960 2740 5014 κατὰ
2786 4955 3061 5017 Ἰουδαίων
3122 4962 3394 5034 κραταιῶς
3454 4956 3773 5033 ἐνισχύσαν-

2121 5074 2206 5125 τα,
2243 5050 2489 5126 λογικὸν,
2539 5049 2799 5115 εὐπειθὲς,
2847 5046 3267 5124 πολυγάλακτον
3298 5043 3573 5124 πρόϐατον
3605 5067 3773 5121 προσο

2125 5147 2316 5197 ειπεῖν.
2403 5139 2642 5215 Ἐπέγνω
2715 5138 2816 5213 γὰρ
2898 5139 2987 5192 τὸν
3066 5137 3438 5214 ἄρχιποιμένα
3522 5135 3775 5211 Χριστὸν,

2125 5227 2446 5301 ἀπεπήδησε
2513 5227 2639 5290 τοὺς
2711 5227 3077 5302 Φαρισαϊκοὺς
3134 5224 3359 5289 λύκους’
3421 5224 3642 5296 εἶ’σῆλθε
3691 5223 3779 5280 διὰ

2122 5322 2221 5389 τῆς
2277 5324 2567 5393 σταυρικῆς
2623 5316 2785 5393 θύρας
2834 5314 2910 5377 εἷς
2965 5316 3063 5384 τὴν
3123 5312 3579 5387 ἔχκλησιαστικὴν
3642 5314 3778 5389 μάν-

2128 5406 2279 5485 δραν.
2306 5409 2537 5469 ἽΙκουες
2567 5405 2765 5482 ἀρτίως
2796 5409 2892 5460 τοῦ
2926 5404 3128 5480 Κυρίου
3174 5402 3451 5480 λέγοντος·
3485 5427 3513 5457 ‹‹
3573 5403 3778 5476 Ἀμὴν,

2128 5499 2273 5572 ἀμὴν
2303 5497 2447 5575 λέγω
2506 5496 2657 5570 ὑμῖν,
2717 5496 2745 5550 ὁ
2805 5495 2879 5569 μὴ
2932 5488 3316 5571 εἰσερχόμενος
3366 5491 3457 5549 διὰ
3479 5500 3580 5564 τῆς
3612 5492 3778 5570 θύρας

439 5714 484 5750 ⁸⁸
513 5714 684 5772 Joan.
717 5732 792 5785 ix,
822 5718 913 5787 28,
944 5718 1036 5776 29.
1110 5718 1155 5755 ⁸⁸
1185 5721 1349 5777 Deut.
1382 5733 1542 5789 xvm,
1575 5718 1663 5788 15,
1698 5719 1795 5787 19;
1828 5719 1948 5776 Act.
1982 5731 1988 5773 π

2100 5715 2190 5789 22,
2218 5713 2312 5772 23.
2386 5712 2429 5751 ⁸⁷
2460 5710 2610 5772 Psal.
2641 5726 2805 5780 αχεν,
2836 5710 2890 5769 8.
