4120 6354
289 359 440 417 1021

1286 360 1609 419 IIOMILIA
1659 361 1736 419 ΙΝ
1785 357 2076 419 (1]ΕοοΜ
2123 363 2171 416 Α
2217 359 2724 421 NA'l‘lVlTATE.

3557 361 3712 420 14.22

281 491 364 552 εἷς
397 491 496 558 τὴν
531 488 702 558 αὖλὴν
736 494 842 542 τῶν
878 483 1191 565 προϐάτων,
1223 488 1366 544 ἀλλά
1418 486 1713 544 ἀναϐαίνων
1769 489 1939 546 ἀλλα-

2061 491 2157 546 sed
2189 491 2738 563 aseenditaliunde,
2786 491 2884 546 ille
2938 491 3032 546 fur
3083 495 3173 548 est
3231 495 3286 547 et
3340 490 3487 548 latro
3546 492 3611 547 ⁸³.
3680 514 3707 543 ››

277 581 469 657 χόθεν,
514 579 758 650 κλέπτης
804 578 913 634 ἐστὶ
963 580 1050 633 καὶ
1107 578 1328 653 λῃστής.
1369 605 1393 631 ››
1446 583 1616 658 Θόραν
1670 585 1696 637 6
1743 582 1940 658 Κύριος

281 671 469 725 ἑαυτὸν
517 671 942 746 προσηγόρευσε
976 670 1064 724 καὶ
1115 670 1213 745 γάρ
1268 671 1414 733 ὅπως
1469 674 1541 745 μἰς
1584 695 1744 740 τινες,
1780 673 1938 745 θύραν

280 758 631 827 ἀκούσαντες,
687 756 926 829 δόξουσιν
981 759 1170 814 ἁπλῶς
1214 760 1371 814 αὐτὸν
1421 763 1544 835 περὶ
1592 762 1751 835 θύρας
1784 761 1941 830 λιτῆς

284 849 486 924 λέγειν,
539 849 720 923 ἐπάγει
772 849 869 917 τὴν
925 850 1239 922 έρμηνείαν,
1282 847 1373 903 ’ίνα
1421 851 1657 925 aput-3m
1708 853 1804 919 τήν
1858 849 1942 904 δι-

284 936 613 994 δασκαλίαν
669 937 864 1000 εὐθέως
923 938 1021 1013 γάρ
1082 939 1332 1011 προσθεῖς
1392 934 1591 1013 ἔλεγεν·
1657 965 1682 990 ‹‹
1745 942 1943 1012 Ἀμην,

281 1027 431 1101 ἀμην
490 1026 640 1102 λέγω
693 1028 835 1099 ὑμῖν·
891 1027 1028 1101 Ἐγὼ
1079 1028 1190 1102 εἰμι
1225 1031 1258 1096 ἡ
1294 1030 1430 1104 θύρα
1477 1035 1584 1083 τῶν
1631 1025 1940 1103 προϐάτων·

289 1116 361 1172 δι’
392 1117 528 1190 ἐμοῦ
562 1116 648 1171 ἐάν
681 1137 761 1178 τις
795 1115 1011 1191 εἰσέλθῃ
1047 1118 1133 1171 καὶ
1178 1117 1385 1192 ἐξέλθῃ,
1418 1120 1591 1193 νομὴν
1642 1121 1878 1194 εὑρήσει.
1917 1145 1942 1170 ››

282 1207 482 1268 Καλῶς
529 1207 556 1260 ὁ
609 1205 804 1279 Κύριος
857 1205 1020 1282 θύραν
1077 1207 1264 1262 ἑαυτὸν
1328 1209 1810 1284 προσηγόρευσεν,
1873 1211 1945 1271 ὡς

283 1295 570 1374 φυλάττων
628 1293 755 1356 τοὺς
815 1292 960 1349 ἔνδον
1023 1303 1122 1365 τῆς
1188 1297 1464 1366 πίστεως,
1525 1299 1598 1360 ὡς
1654 1294 1942 1354 ἀποσοϐῶν

285 1385 420 1446 τοὺς
480 1383 577 1455 ἔξω
636 1389 1081 1460 περιαθροῦντας,
1123 1387 1212 1440 καὶ
1273 1387 1502 1461 εἰσάγων
1560 1388 1634 1451 εἷς
1692 1389 1790 1458 τὴν
1850 1393 1945 1443 τοῦ

285 1471 675 1528 οἰκοδεσπότου
707 1475 909 1546 πατρὸς
964 1475 1276 1550 συντυχίαν.
1309 1475 1501 1538 Οὐδείς
1553 1478 1652 1553 γάρ
1692 1479 1945 1554 γινώσκει

281 1563 381 1617 τὸν
421 1564 626 1638 Πατέρα
656 1563 700 1616 εἶ
754 1565 830 1635 μὴ
883 1561 969 1617 διά
1017 1569 1112 1618 τοῦ
1165 1566 1312 1633 me,
1361 1568 1472 1620 κατ’
1525 1567 1683 1622 αὐτὸν
1737 1568 1826 1620 τὸν
1859 1567 1945 1622 λέ-

286 1671 477 1727 γοντα·
522 1675 545 1705 α
573 1649 764 1714 Οὐδεὶς
807 1653 1055 1728 γινώσκει
1106 1656 1195 1708 τὸν
1251 1655 1459 1728 Πατέρα
1506 1655 1550 1709 εἰ
1606 1657 1679 1728 μὴ
1732 1657 1758 1710 6
1798 1658 1946 1724 Υἱὸς,

367 1742 378 1756 .
432 1742 453 1759 ν
547 1741 560 1758 ι
729 1743 740 1760 ,
955 1743 966 1758 .
1078 1743 1089 1758 ι
1194 1743 1206 1760 ς
1414 1744 1425 1761 ι
1645 1746 1695 1764 ,.
1750 1745 1761 1760 ς

287 1762 381 1796 και
415 1763 459 1812 ῳ
510 1739 595 1795 έαν
648 1740 914 1816 βουληται
948 1763 975 1797 0
1008 1743 1129 1804 Υἱος
1184 1744 1549 1816 αποκαλυψαι.
1585 1767 1611 1796 ››
1659 1751 1780 1820 [εγω
1834 1745 1948 1816 εἶμι

291 1833 329 1900 ἠ
363 1829 495 1903 θῦρα
525 1835 632 1884 τῶν
669 1825 979 1905 προϐάτων.
1014 1831 1204 1893 Καλῶς
1236 1833 1262 1885 6
1302 1831 1491 1901 Ιὶὖςῖιος
1546 1834 1728 1887 ἑαυτὸν
1776 1854 1948 1907 προσ·-

297 1918 561 1995 ηγόρευσε
621 1918 782 1994 θύραν
831 1965 843 1987 ,
903 1921 994 1974 καὶ
1071 1920 1133 1974 οὗ
1189 1920 1349 1996 θύρας
1385 1943 1396 1952 ’
1456 1922 1528 1983 εἷς
1602 1923 1703 1995 γὰρ
1764 1923 1790 1976 6
1850 1929 1952 1976 Πα-

296 2009 401 2082 τὴρ
434 2010 568 2081 (87),
627 2008 716 2062 καὶ
771 2010 847 2070 εἷς
897 2011 924 2063 ὁ
977 2011 1121 2078 Υἱὸς,
1173 2010 1258 2063 καὶ
1309 2009 1366 2063 ἓν
1422 2016 1634 2084 Πνεῦμα
1675 2012 1738 2066 τὸ
1771 2013 1946 2086 ἅγιον,

297 2096 386 2151 καὶ
422 2097 482 2152 οὐ
513 2102 658 2171 τρεῖς
707 2097 839 2151 θεοί·
894 2095 1039 2152 ἀλλὰ
1089 2098 1182 2171 μία
1222 2100 1356 2174 θύρα
1408 2100 1679 2172 γνώσεως.
1733 2101 1828 2155 Καὶ
1867 2100 1949 2164 τίς

291 2187 490 2240 τούτου
545 2184 796 2261 μάρτυς;
849 2186 1061 2249 Παῦλος
1125 2189 1289 2262 βοῶν·
1326 2213 1352 2238 ‹‹
1418 2189 1508 2250 Εἷς
1573 2189 1788 2260 Κύριος,
1855 2190 1950 2261 μία

293 2275 497 2344 πίστις,
549 2274 602 2329 ἓν
659 2277 957 2351 βάπτισμα.
994 2275 1330 2350 ››Οόδαμοῦ,
1379 2278 1440 2332 οὐ
1497 2275 1611 2347 δύο,
1670 2279 1730 2332 οὐ
1779 2287 1946 2355 τρεῖς,

293 2363 357 2419 οὗ
385 2364 660 2438 τέσσαρες,
712 2365 772 2419 οὐ
823 2366 1001 2438 πέντε,
1030 2365 1174 2422 ἀλλὰ
1225 2365 1505 2441 πανταχοῦ
1536 2368 1596 2421 τὸ
1632 2368 1723 2436 εἷς,
1758 2366 1946 2436 ἐπειδὴ

289 2454 383 2507 καὶ
445 2452 542 2526 μία
601 2453 754 2529 θύρα,
812 2455 886 2516 εἷς
951 2454 1164 2530 Κύριος,
1225 2453 1528 2530 ἀδιαίρετος
1587 2457 1784 2510 οὐσία·
1852 2458 1949 2530 μία

289 2543 558 2612 πίστις,
609 2540 976 2616 ἀϐαθμίδοτος
1025 2541 1312 2620 δοξολογία
1363 2548 1496 2618 (88),
1535 2543 1590 2598 ’ὲν
1646 2545 1944 2621 βάπτισμα,

290 2631 382 2686 καὶ
415 2631 789 2702 ἀκαπήλευτον
839 2634 1111 2710 φώτισμα’
1159 2635 1186 2687 6
1234 2634 1432 2705 ταύτην
1485 2632 1628 2711 ἔχων
1669 2637 1766 2705 τήν
1799 2641 1945 2711 γνῶ-

292 2743 378 2775 σιν
440 2719 527 2776 διὰ
582 2729 682 2790 τῆς
741 2723 903 2799 θύρας
964 2723 1287 2798 εἶσέρχεται,
1344 2725 1432 2778 καὶ
1491 2729 1559 2798 τῇ
1624 2725 1758 2797 θύρᾳ
1814 2732 1944 2801 Χρι-

292 2815 421 2864 στοῦ
478 2814 584 2884 (89)
641 2811 1077 2887 περιπτύσσεται,
1138 2813 1226 2866 καὶ
1284 2820 1383 2882 τῆς
1445 2813 1606 2890 θύρας
1648 2814 1709 2869 οὗ
1763 2815 1943 2890 χωρί-

296 2904 463 2968 ζεται.

367 2990 453 3044 M.
489 2989 662 3060 Ἣμᾶς
712 2990 739 3042 6
793 2988 985 3063 Κύριος
1039 2988 1238 3065 ἀρτίως
1289 2987 1400 3044 ἷ⁷ὂια
1444 2985 1689 3065 πρόϐατα
1740 2991 1940 3046 ἀκολα-

289 3075 494 3140 κεότως
553 3077 1013 3153 προσηγόρευσεν’
1076 3077 1187 3134 ἴδια
1246 3075 1512 3153 πρόϐατα,
1573 3081 1646 3142 ὡς
1700 3079 1944 3136 πολυπο-

287 3164 491 3220 κοῦντα
517 3171 584 3240 τῇ
618 3167 990 3243 φιλοπτωχίῳ
1037 3169 1110 3231 ὡς
1163 3168 1532 3237 πλεονάζοντα
1577 3169 1638 3224 τὸ
1671 3169 1814 3244 γάλα
1843 3175 1939 3225 τοῦ

289 3231 581 3330 θρεπτικοδ
617 3231 962 3330 λόγου
1001 3257 1073 3319 ὡς
1126 3231 1477 3334 χλοαζόμενα
1522 3259 1583 3312 τὸ
1613 3231 1709 3312 τοίό
1744 3258 1941 3335 Κυρίου
1973 3231 2015 3297 C

288 3350 474 3417 σῶμα·
530 3345 604 3406 ὡς
660 3345 1017 3418 πειθομένους
1076 3350 1144 3420 τῇ
1204 3350 1464 3422 σταυρικῇ
1529 3347 1816 3422 βακτηρίᾳ·
1870 3349 1946 3410 ὡς

287 3431 694 3507 συναγομένους
741 3438 809 3506 τῇ
858 3433 1143 3509 τριπλόκῳ
1196 3442 1294 3503 τῆς
1344 3435 1574 3497 πίστεως
1625 3435 1832 3491 ἀλύσεν
1870 3438 1942 3499 ὡς

291 3523 370 3595 μή
421 3519 930 3591 λειποτακτῶντας,
984 3522 1108 3578 ἀλλ’
1157 3522 1601 3600 ἐπερειδοςλιένους
1661 3530 1735 3596 τῷ
1778 3525 1944 3601 ἀκρο-

288 3610 534 3686 γωνιαίῳ
568 3610 706 3684 λίθῳ
758 3617 992 3686 Χριστῷ.
1044 3611 1214 3684 Θόραν
1249 3614 1276 3667 6
1311 3613 1504 3687 Κύριος
1556 3614 1737 3669 ἑαυτὸν
1775 3635 1943 3688 προσ-

291 3700 574 3775 ηγόρευσε·
625 3701 713 3755 καὶ
766 3700 950 3763 καλῶς
992 3700 1176 3777 θιόρανθ
1229 3697 1345 3777 ἔχει
1392 3703 1491 3776 γάρ
1547 3700 1642 3758 6'50
1675 3703 1945 3779 παραστά-

292 3787 388 3849 δας
447 3791 580 3862 (91),
639 3791 735 3859 τὴν
801 3788 1042 3845 Παλαιὰν
1101 3791 1189 3845 καὶ
1241 3793 1439 3859 Καινὴν
1491 3795 1784 3863 Διαθνίκην·
1821 3791 1942 3848 ὁδὸν

291 3876 383 3933 καῖ
447 3878 766 3955 ὑπέρθυρον,
818 3881 1122 3956 περιτομὴν
1185 3881 1276 3934 καὶ
1334 3875 1689 3955 ἀκροϐυστίαν
1728 3901 1740 3914 ·
1802 3882 1948 3937 οἶκον

291 3969 392 4036 τήν
456 3965 785 4038 ἐκκλησίαν
849 3970 1114 4044 τράπεζαν
1173 3970 1234 4022 τὸ
1293 3971 1674 4045 θυσιαστήριον
1711 3989 1724 4002 ·
1786 3971 1944 4045 ἄρτον

291 4058 385 4110 τὸν
419 4051 607 4128 ἀμνὸν·
664 4060 908 4132 κρατῆρα
958 4057 1049 4112 τὸν
1106 4059 1359 4130 μυστικὸν
1401 4058 1572 4112 οῖνον·
1602 4059 1802 4134 χρυσὸν
1844 4061 1944 4128 τὴν

291 4143 597 4216 ἀκίϐδηλον
648 4145 847 4201 πίστιν·
901 4143 1130 4222 ἄργυρον
1182 4148 1281 4216 τὴν
1335 4149 1590 4222 λαμπρὰν
1637 4146 1942 4203 πολιτείαν·

295 4235 632 4311 μαργαρίτας
692 4236 758 4290 τὰ
813 4241 929 4298 θεῖα
987 4233 1253 4311 δόγματα’
1317 4236 1548 4312 χλαῖναν
1599 4239 1695 4307 τὴν
1743 4237 1943 4306 στολὴν

287 4328 390 4379 τοῦ
453 4324 844 4398 βαπτίσματος.
904 4326 1131 4387 Ἥκουες
1187 4325 1403 4401 ἀρτίως.
1445 4325 1610 4380 αὖτοῦ
1667 4324 1943 4402 λέγοντος·

297 4441 316 4464 ε
355 4414 501 4489 Ἐγώ
554 4413 667 4486 εἰμι
717 4415 744 4468 6
795 4416 1013 4486 Ποιμήν
1070 4416 1097 4469 6
1144 4413 1333 4476 καλός
1387 4417 1414 4470 6
1459 4417 1670 4489 ποιμὴν
1703 4417 1731 4470 6
1780 4414 1947 4478 καλὸς

287 4504 392 4572 τὴν
453 4505 638 4578 ψυχήν
697 4502 861 4557 αὐτοῦ
917 4502 1126 4574 τίθησιν
1191 4505 1323 4579 ὑπὲρ
1383 4510 1489 4559 τῶν
1550 4501 1860 4580 προϐάτων.
1901 4526 1929 4558 ιι

2057 580 2284 635 Ostium
2323 598 2449 636 sese
2482 581 2767 636 Dominus
2799 581 3075 652 appellat;
3112 581 3328 636 etenim
3361 599 3431 637 ne
3464 582 3710 637 fortasse

2054 670 2317 740 quidam,
2352 669 2569 724 ostium
2620 669 2947 734 audientes,
2998 670 3426 724 arbitrarentur
3473 686 3605 725 eum
3645 671 3713 725 de

2054 758 2348 813 communi
2406 759 2661 830 quodam
2715 761 2863 814 ostio
2931 759 3105 812 verba
3156 760 3362 827 facere,
3418 759 3707 830 interpre-

2054 848 2334 902 tationem
2367 847 2694 919 subjungit,
2756 852 2820 902 ut
2851 847 3179 903 doctrinam
3241 847 3432 902 ﬁrmet
3476 865 3646 903 suam
3685 867 3696 904 :

2054 937 2329 990 continuo
2407 937 2562 990 enim
2627 937 2828 1007 adjicit
2892 955 2904 992 :
2960 960 2984 986 ‹‹
3047 949 3272 1001 Amen,
3335 954 3502 992 amen
3581 937 3708 992 dico

2054 1027 2257 1080 vobis:
2294 1027 2410 1097 Ego
2443 1044 2573 1080 sum
2624 1028 2841 1082 ostium
2875 1026 3072 1081 ovium
3123 1043 3266 1096 ψει·
3314 1043 3406 1080 me
3466 1027 3513 1080 si
3575 1027 3708 1097 quis

2059 1115 2437 1186 ingredietur,
2469 1121 2525 1170 et
2554 1115 3133 1188 egredietur,pascua
3165 1113 3484 1169 inveniet".
3519 1138 3545 1165 ››
3582 1117 3713 1170 Pul-

2056 1204 2192 1258 chre
2227 1203 2508 1259 Dominus
2539 1205 2752 1258 ostium
2789 1221 2916 1259 sese
2947 1204 3185 1273 vocavit,
3221 1208 3420 1274 utpote
3473 1203 3572 1274 qui
3607 1222 3708 1259 cu-

2058 1293 2277 1349 stodiat
2306 1311 2403 1348 eos
2438 1295 2535 1364 qui
2570 1294 2729 1349 intus
2762 1294 2817 1348 in
2880 1293 2993 1349 ﬁde
3052 1299 3190 1348 sunt
3225 1310 3234 1347 :
3271 1292 3372 1364 qui
3405 1296 3461 1348 et
3512 1293 3710 1362 abigat

2059 1383 2212 1438 373
2257 1399 2355 1437 eos
2409 1383 2508 1454 qui
2559 1383 2701 1439 foris
2750 1382 3238 1454 circumspiciunt
3272 1400 3284 1437 :
3314 1382 3415 1454 qui
3469 1382 3711 1437 inducat

2057 1473 2125 1526 ad
2163 1472 2344 1543 patris
2381 1472 2632 1527 familias
2665 1472 3231 1527 consortium.Nemo
3256 1471 3472 1544 quippe
3503 1488 3712 1543 cogno-

2058 1561 2169 1616 scit
2229 1562 2476 1627 Patrem,
2539 1561 2646 1616 nisi
2680 1579 2781 1632 per
2837 1561 3071 1627 Filium,
3131 1561 3283 1617 sicut
3335 1561 3459 1632 ipse
3519 1561 3708 1616 dicit:

2065 1671 2090 1702 α
2119 1651 2295 1705 Nemo
2329 1651 2487 1706 novit
2518 1651 2744 1706 Patrem
2782 1650 2892 1705 nisi
2943 1650 3148 1718 Filius,
3204 1655 3258 1705 et
3318 1651 3415 1705 cui
3461 1649 3713 1706 voluerit

2062 1739 2244 1795 Filius
2277 1740 2530 1795 revelare
2559 1740 2620 1794 9°.
2659 1763 2684 1788 »
2717 1741 2835 1812 Ego
2867 1756 2996 1795 sum
3029 1738 3244 1795 ostium
3274 1739 3491 1794 ovium.
3525 1738 3712 1794 Probe

2061 1845 2188 1884 sese
2220 1828 2506 1884 Dominus
2539 1827 2751 1883 ostium
2786 1827 3061 1899 appellat,
3095 1830 3150 1882 et
3180 1843 3293 1882 non
3319 1825 3470 1882 ostia
3503 1841 3514 1879 ε
3553 1842 3708 1881 unus

2063 1918 2218 1974 enim
2253 1918 2438 1986 Pater,
2473 1933 2624 1972 unus
2656 1915 2858 1984 Filius,
2897 1933 3048 1972 unus
3079 1915 3334 1987 Spiritus
3368 1918 3712 1971 sanctuszet

2063 2025 2174 2062 non
2246 2011 2360 2062 tres
2420 2007 2538 2074 dii;
2601 2007 2702 2062 sed
2774 2023 2955 2061 unum
3037 2004 3388 2077 cognitionis
3467 2004 3706 2059 ostium.

2061 2098 2416 2170 Ecquisnam
2485 2096 2732 2168 hujusce
2781 2095 2860 2151 rei
2911 2094 3122 2150 tostis?
3178 2093 3393 2150 Paulus
3442 2092 3544 2166 qui
3592 2092 3708 2148 cla-

2062 2191 2230 2243 mat:
2265 2210 2292 2237 «
2328 2187 2492 2243 Unus
2546 2186 2853 2256 Dominus,
2905 2203 3020 2241 una
3070 2185 3234 2254 ﬁdes,
3289 2201 3472 2239 unum
3519 2182 3706 2254 bapti-

2060 2293 2189 2331 sma
2219 2277 2286 2331 91.
2324 2298 2351 2324 ››
2397 2275 2700 2347 Nusquam
2749 2276 2882 2342 duo,
2918 2292 3031 2330 non
3079 2279 3215 2342 tres,
3266 2290 3379 2328 non
3431 2277 3704 2344 quatuor,

2062 2383 2176 2421 non
2228 2365 2531 2438 quinque;
2565 2366 2664 2420 sed
2720 2364 2939 2436 ubique
2995 2381 3171 2432 unus,
3221 2361 3702 2435 quandoquidem

2062 2471 2241 2508 unum
2304 2452 2750 2520 ostium;unus
2807 2452 3112 2522 Dominus,
3188 2451 3377 2508 invisa
3433 2450 3704 2506 substan-

2058 2545 2139 2599 tia
2174 2561 2186 2599 :
2223 2561 2339 2599 una
2371 2544 2535 2611 ﬁdes,
2569 2543 2754 2614 gloria
2793 2543 3016 2598 scilicet
3056 2541 3235 2598 nullis
3268 2540 3542 2597 distincta
3573 2557 3702 2612 gra-

2059 2634 2234 2688 dibus
2299 2650 2310 2686 :
2375 2649 2558 2687 unum
2620 2633 2935 2704 baptisma,
2986 2649 3050 2687 ac
3111 2649 3256 2702 pura
3324 2629 3702 2686 illuminatio.

2056 2723 2164 2788 Qui
2217 2722 2325 2778 hac
2384 2723 2709 2777 instructus
2766 2726 2854 2776 est
2911 2721 3265 2792 cognitione,
3326 2736 3428 2791 per
3485 2718 3701 2775 ostium

2053 2811 2404 2884 ingreditur,
2437 2827 2503 2866 ac
2533 2812 2707 2878 ostio,
2739 2809 2970 2866 Christo
3003 2809 3246 2878 scilicet,
3279 2808 3700 2876 circumdatur,

2053 2918 2242 2972 neque
2272 2901 2344 2955 ab
2377 2899 2526 2955 ostio
2555 2904 2878 2971 separatur.

2126 2992 2210 3045 14.
2247 2990 2362 3044 Nos
2397 2990 2567 3044 modo
2619 2989 2888 3044 Christus
2941 2988 3086 3042 citra
3136 2987 3532 3042 adulationem
3566 3004 3699 3059 pro-

2052 3079 2209 3152 prias
2254 3079 2480 3134 vocavit
2527 3095 2664 3133 oves
2718 3096 2730 3133 :
2789 3077 3055 3149 proprias
3103 3093 3260 3146 oves,
3313 3081 3510 3147 utpote
3561 3075 3705 3132 lani-

2053 3186 2221 3242 geras
2254 3168 2636 3223 beneﬁcentia
2666 3183 2803 3239 erga
2835 3182 3118 3238 pauperes
3156 3183 3168 3220 :
3205 3171 3267 3220 ut
3317 3165 3521 3238 plenas
3556 3165 3704 3221 lacte

2053 3259 2407 3315 exuberante
2459 3255 2812 3311 nutricantis
2844 3255 3179 3311 sermonis:
3216 3259 3278 3310 ut
3338 3261 3535 3326 pastas
3592 3254 3701 3310 Do-

2058 3346 2201 3402 mini
2234 3363 2472 3418 corpore
2506 3362 2517 3400 :
2557 3350 2620 3400 ut
2671 3346 3059 3416 obsequentes
3111 3343 3321 3400 baculo
3366 3343 3560 3400 crucis
3592 3361 3605 3398 :
3643 3348 3706 3398 ut

2057 3435 2350 3508 triplicata
2376 3438 2604 3491 coactas
2637 3434 2769 3490 fidei
2801 3439 3036 3490 catena:
3075 3438 3136 3489 ut
3162 3434 3428 3489 ordinem
3462 3431 3708 3488 minime

2055 3526 2412 3592 deserentes,
2468 3525 2570 3580 sed
2631 3524 2820 3579 inixas
2873 3522 3139 3596 angulari
3201 3523 3394 3595 lapide
3450 3522 3701 3578 Christo.

2057 3615 2284 3671 Ostium
2342 3630 2470 3669 sese
2545 3613 2831 3669 Dominus
2909 3612 3268 3686 appellavit;
3329 3629 3392 3667 ac
3467 3611 3709 3684 pulchre

2056 3705 2296 3775 ostium,
2330 3703 2508 3758 habet
2538 3704 2694 3759 enim
2726 3706 2920 3775 postes
2946 3703 3084 3770 duo,
3117 3705 3299 3757 Vetus
3357 3717 3423 3756 ac
3480 3701 3706 3755 Novum

2055 3795 2520 3861 Testamentum,
2556 3791 2734 3847 limen
2768 3810 2832 3847 ac
2873 3790 3340 3864 superliminare,
3393 3790 3709 3846 circumci-

2060 3884 2283 3938 sionem
2317 3899 2382 3936 ac
2412 3881 2764 3954 praeputium
2792 3900 2806 3952 ;
2839 3881 3104 3949 domum,
3131 3879 3434 3936 ecclesiam
3473 3896 3486 3947 ;
3539 3895 3705 3934 men-

2058 3989 2208 4038 sam,
2242 3970 2424 4027 altare
2469 3988 2480 4026 :
2533 3987 2767 4042 panem,
2819 3987 3088 4043 agnum;
3139 3975 3445 4034 craterem,
3502 3968 3706 4041 mysti-

2057 4077 2190 4116 cum
2224 4061 2466 4128 vinum;
2501 4077 2733 4128 aurum,
2767 4059 3058 4116 sinceram
3111 4060 3284 4115 ﬁdem
3314 4076 3327 4126 ;
3371 4063 3706 4128 argentum,

2057 4149 2395 4219 praeclaram
2429 4149 2555 4203 vitaé
2591 4150 2918 4216 rationem;
2958 4149 3328 4220 margaritas,
3379 4147 3580 4203 divina
3611 4149 3704 4202 do.

2056 4243 2296 4310 gmata;
2330 4237 3022 4309 chlaanam,baptismatis
3045 4235 3512 4292 stolam.Audisti
3539 4237 3707 4291 modo

2057 4330 2140 4384 ita
2171 4328 2505 4400 loquentem
2539 4327 2708 4382 illum
2745 4343 2757 4384 :
2790 4350 2817 4376 «
2854 4327 2971 4400 Ego
3005 4343 3133 4382 sum
3167 4327 3370 4382 Pastor
3391 4325 3709 4391 bonus,bo-

2059 4437 2171 4474 nus
2202 4423 2403 4491 pastor
2435 4416 2691 4472 animam
2741 4433 2909 4472 suam
2969 4416 3133 4489 ponit
3178 4432 3280 4487 pro
3338 4414 3543 4470 ovibus
3576 4415 3642 4469 οἳ.
3679 4435 3706 4462 ››

2058 4507 2338 4564 Dominus
2363 4504 3361 4578 semetispsumadumbrabat,quod
3396 4503 3551 4560 enim
3584 4505 3708 4559 erat

289 4595 303 4612 ρ
460 4594 472 4607 ι
554 4595 566 4610 ο
629 4593 677 4614 ιι
866 4592 878 4612 ν
929 4592 940 4614 ν
1177 4593 1185 4610 r
1260 4595 1272 4610 ε
1403 4599 1416 4617 ..-
1513 4592 1538 4614 »1
1877 4602 1898 4611 ..

310 4599 512 4648 Εαυτον
547 4613 574 4647 0
609 4599 802 4664 Κυριος
853 4613 1117 4666 ῃνιττετο·
1155 4595 1182 4648 6
1211 4614 1314 4668 γαρ
1341 4597 1455 4667 (93)
1503 4594 1720 4667 ημελλε
1751 4617 1944 4668 ποιειν,

2061 4599 2324 4654 facturus
2357 4596 2804 4669 praenuntiabat.
2837 4595 3018 4650 Nemo
3049 4596 3264 4667 quippe
3295 4599 3543 4650 mortem
3604 4610 3707 4666 pro

289 4680 607 4758 προέλεγενο
663 4679 841 4744 οὐδεὶς
891 4683 993 4756 γάρ
1056 4682 1188 4756 ὑπὲρ
1238 4688 1344 4736 τῶν
1391 4679 1678 4758 προϐάτων
1721 4683 1942 4740 θάνατον

287 4769 608 4841 κατεδέξατο
642 4771 683 4825 ετ
930 4771 960 4810 ἐ
1081 4773 1092 4792 '
1184 4772 1207 4806 ι’
1309 4793 1330 4808 ,-
1444 4771 1558 4810 nn,
1819 4775 1831 4793 τ
1887 4774 1902 4794 κ

459 4813 482 4824 ν
675 4815 685 4824 -
741 4772 816 4843 μὴ
874 4791 1039 4843 μοθος
1073 4793 1100 4826 ο
1134 4773 1350 4846 Κιδριο...
1384 4780 1556 4833 Anio.
1615 4775 1780 4845 μόνος
1813 4795 1943 4847 οπερ

285 4867 399 4918 τῶν
433 4861 668 4936 λογικῶν
704 4855 992 4936 προϐάτων
1024 4857 1338 4931 κατεδέξατο
1371 4860 1618 4933 θάνατον,
1653 4861 1752 4916 οὐκ
1782 4863 1944 4917 ἀκού-

288 4972 432 5018 σιον,
492 4947 620 5004 ἀλλ’
674 4948 940 5004 ἑκούσιον
999 4951 1223 5013 θάνατον
1285 4949 1384 5004 οὐκ.
1440 4949 1755 5022 ἐπιζήμιον,
1817 4951 1942 5007 ἀλλ’

285 5037 568 5115 ἐπικερὸῆ·
615 5040 838 5094 θάνατον
892 5039 952 5094 οὐ
993 5041 1194 5116 φθορᾶς
1248 5037 1513 5111 δεκτικὸν,
1566 5037 1690 5094 ἀλλ’
1739 5041 1940 5118 ἀφθαρ-

879 5194 925 5228 ⁸9
956 5193 1096 5249 ibid.
1129 5193 1182 5246 9.

358 5196 402 5230 ⁵⁸
432 5195 598 5250 Joan.
636 5211 690 5261 x,
723 5196 773 5248 1.
879 5194 925 5228 ⁸9
956 5193 1096 5249 ibid.
1129 5193 1182 5246 9.
1289 5194 1333 5228 9°
1365 5193 1571 5248 Matth.
1604 5210 1681 5262 x1,
1714 5194 1805 5250 27.

363 5348 476 5416 (87)
510 5346 569 5400 In
604 5346 740 5417 Heg.
774 5347 809 5398 2
839 5344 1339 5417 articulusdeest.

363 5411 477 5490 (88)
508 5411 956 5489 ApudUGraacos
1002 5416 1229 5490 duplegr
1263 5422 1351 5472 est
1398 5411 1704 5489 δοξολογία’
1757 5417 1950 5490 prima.

288 5487 479 5561 eaque
513 5487 701 5560 major
739 5493 829 5544 est
857 5492 1144 5559 Hymnus,
1169 5487 1436 5561 Gloriajn
1455 5487 1687 5544 excelsas
1713 5507 1735 5553 ;
1759 5487 1949 5547 altera

291 5559 435 5634 quis
453 5559 646 5617 minor
675 5563 937 5627 vocatur,
959 5566 1048 5616 est
1075 5576 1281 5616 versus
1306 5577 1318 5615 :
1345 5559 1532 5616 Gloria
1555 5563 1736 5632 Patri,
1769 5577 1946 5634 quam

292 5633 392 5690 hic
423 5633 670 5689 indicari
702 5637 1002 5705 putamus.

369 5705 482 5778 (89)
518 5705 658 5778 Reg.
703 5700 764 5775 2,
813 5702 903 5758 καὶ
956 5703 1055 5773 τὴν
1106 5701 1267 5780 θύραν
1318 5700 1572 5780 Χριστόν.
1606 5703 1738 5762 Mox
1767 5703 1944 5777 idem,

1908 5195 1946 5230 ⁰¹
1981 5195 2190 5268 Ephes.
2224 5212 2298 5266 ιν,
2329 5196 2384 5249 5.

2057 4688 2266 4744 ovibus
2299 4685 2500 4754 subiit,
2533 4686 2644 4741 nisi
2695 4685 2857 4741 solus
2917 4685 3216 4740 Dominus.
3252 4684 3382 4756 lpse
3413 4684 3574 4740 solus
3608 4700 3710 4754 pro

2055 4775 2442 4833 rationalibus
2475 4776 2680 4831 ovibus
2715 4779 2963 4830 mortem
3023 4773 3331 4842 sustinuit,
3382 4789 3498 4828 non
3530 4771 3711 4827 invite

2053 4867 2154 4922 sed
2190 4883 2296 4922 sua
2323 4869 2550 4936 sponte,
2587 4868 2831 4920 mortem
2877 4881 2992 4919 non
3043 4864 3390 4919 damnosam
3444 4863 3543 4916 sed
3577 4877 3706 4932 per-

2052 4955 2256 5010 utilem
2292 4976 2310 5021 ;
2346 4959 2594 5010 mortem
2639 4971 2751 5009 non
2810 4953 3204 5024 corruptionis
3261 4967 3550 5022 capacem,
3605 4950 3705 5005 sed

2052 5044 2510 5116 incorruptionis
2542 5042 2998 5099 conciliatricem
3034 5060 3047 5098 :
3083 5047 3332 5098 mortem
3380 5041 3494 5095 ﬁde
3534 5037 3703 5095 intel-

2463 5195 2507 5230 ⁰²
2539 5193 2706 5251 Joan.
2741 5211 2796 5266 Χ,
2832 5195 2917 5249 11.

2059 5348 2207 5420 ἡμᾶς
2240 5344 2518 5420 ὁψΚύριος.
2552 5345 2726 5420 Editi,
2762 5344 2900 5420 ὑμᾶς
2934 5345 2962 5397 ὁ
2989 5345 3204 5420 Κύριος.

2130 5419 2240 5490 (90)
2272 5411 2412 5492 Βθς.
2457 5420 2512 5492 2,
2565 5411 2720 5492 γάλα
2753 5411 2817 5470 τὸ
2868 5411 3171 5490 θρεπτιᾶιόνθ
3223 5414 3297 5477 ὡς
3343 5411 3542 5490 χλοαζ.
3577 5415 3705 5471 Mox

2057 5491 2236 5556 idem,
2268 5489 2589 5560 πειθομένηζ

2128 5554 2441 5686 (ΕῌλἙίξςξ
2468 5564 2519 5627 1,
2556 5554 2620 5627 ⁷2,
2656 5556 3018 5634 παραστάτας.
3062 5560 3191 5615 Mox
3245 5560 3385 5632 Reg.
3437 5560 3489 5623 2,
3523 5554 3707 5612 ὁδίονα

2180 5652 2310 5686 υπεο
2353 5675 2366 5686 .

2054 5652 2366 5706 καιᾼυπερυ.

2128 5704 2241 5778 (92)
2272 5701 2357 5762 Ita
2388 5704 2526 5776 Reg.
2560 5704 2613 5759 2..
2650 5704 2714 5759 In
2744 5701 2938 5773 editis,
2968 5701 3067 5776 γάρ
3099 5701 3282 5757 deest.
