4120 6362
390 373 545 436 1023
1210 397 1217 404 ’
1556 390 1620 451 s.
1667 388 2185 455 ATHANASIUS.
2213 425 2284 436 —
2317 393 2624 457 SPURIA.
3647 396 3695 454 1(
3720 398 3790 454 '24

393 505 715 580 ligendam,
750 527 865 567 non
893 514 1185 572 curiosius
1221 519 1674 577 examinandam
1731 540 1743 579 :
1794 530 2039 579 mortem
2070 525 2125 593 Α

2192 521 2271 586 ίας
2299 524 2563 599 χορηγόνο
2599 524 2821 581 θάνατον
2851 526 3028 582 πίστει
3056 524 3507 598 κατανοούμενον,
3534 522 3596 580 οὗ
3623 523 3792 580 πολυ-

400 613 515 652 non
554 598 625 654 ad
676 601 882 657 mortis
915 607 1403 664 consuetudinem
1448 611 1907 683 contingentem,
1938 613 2040 668 sed

2188 612 2639 688 τραγμονούμενον
2674 635 2686 647 ·
2746 615 2971 671 θάνατον
3047 613 3110 671 οὐ
3160 615 3278 678 καθ’
3353 613 3654 687 ὁμοιότητα
3700 617 3792 668 τοῦ

400 702 528 779 quas
559 687 748 779 ipsius
782 693 988 748 mortis
1020 711 1179 751 mors
1208 712 1338 752 esse
1389 699 1880 771 deprehendatur.
1940 701 2043 758 Nis

2188 700 2381 757 ανάτου
2409 703 2724 779 γενόμενον,
2778 703 2905 761 ἀλλ’
2954 703 3118 760 αὐτοῦ
3164 707 3261 759 τοῦ
3309 701 3539 758 Θανάτου
3576 699 3790 756 Θάνατον

397 774 552 830 enim
583 776 870 836 Dominus
900 782 1226 841 voluntarie
1259 792 1507 845 mortem
1539 791 1918 862 suscepisset,
1950 809 2046 848 ne-

2188 774 2558 868 hpta’xdpsvov.
2605 792 2668 848 Εἰ
2714 774 2793 867 μὴ
2837 796 2938 871 γὰρ
2986 794 3015 849 ὁ
3066 792 3260 869 Κύριος
3298 792 3390 848 τὸν
3439 788 3679 846 ἑκούσιον
3706 791 3794 845 θά-

398 880 695 937 quaquam
714 869 985 927 diabolus
1010 879 1258 931 mortem
1288 876 2045 948 pertulisset.0uamobrem

2188 901 2309 936 ατον
2362 880 2701 953 κατεδέξατο,
2749 869 2860 938 auxi
3011 884 3039 939 ὁ
3092 877 3353 944 διάϐολος
3413 879 3635 935 θάνατον
3682 879 3796 933 ὑπὲ-

401 953 688 1048 exclamat
718 958 931 1015 Paulus
965 961 1122 1017 hisce
1150 965 1367 1033 verbis;
1398 990 1418 1014 ε
1452 968 1743 1040 Absorpta
1771 973 1861 1023 est
1893 986 2047 1025 mors

2188 992 2326 1027 ιεινε.
2387 972 2479 1026 Διὸ
2535 972 2624 1026 καὶ
2682 974 2711 1027 ὁ
2770 971 2989 1034 Παῦλος
3043 973 3184 1048 βοῶν
3238 969 3409 1045 ἔλεγε·
3446 993 3474 1020 ‹‹
3524 966 3797 1037 Κατεπόθη

401 1040 462 1132 in
486 1043 755 1132 rvictoria.
789 1047 899 1103 Ubi
928 1055 1039 1120 est,
1072 1069 1251 1119 mors,
1285 1055 1567 1111 stimulus
1589 1061 1767 1113 tuus?
1799 1057 1905 1114 Ubi
1937 1063 2047 1127 est,

2249 1059 2473 1123 θάνατος
2520 1061 2597 1123 εἷς
2639 1066 2814 1124 νῖκος.
2850 1065 2961 1117 Ποῦ
3011 1082 3128 1128 σου,
3176 1060 3386 1130 θάνατε,
3433 1060 3497 1114 τὸ
3543 1058 3800 1132 κέντρονς

406 1131 650 1204 inferne,
686 1136 927 1193 victoria
958 1144 1058 1196 tua
1087 1142 1130 1176 ⁸⁸
1153 1142 1181 1196 ‘?
1213 1144 1418 1198 Verum
1454 1145 1546 1200 hic
1581 1163 1913 1203 sermonem
1945 1149 2050 1204 ob-

2188 1153 2273 1204 Ιοῦ
2305 1170 2423 1215 σου,
2483 1147 2609 1221 ᾅδῃ,
2666 1151 2728 1205 τὸ
2775 1155 2928 1212 νῖκος
2963 1169 2977 1220 ;
3015 1174 3043 1202 ››
3073 1147 3201 1205 ἀλλ’
3231 1147 3457 1204 ἐνταῦθα
3509 1146 3600 1201 τὸν
3647 1131 3800 1220 λόγον

410 1222 715 1293 signantes
746 1232 1263 1302 nostrum,gretias
1290 1235 1399 1289 Deo
1429 1251 1675 1307 agamus
1701 1253 1714 1290 :
1739 1236 1831 1292 cui
1868 1237 2052 1309 gloria

2188 1238 2571 1316 ·φραγίσαντες,
2622 1244 2700 1311 τῷ
2759 1244 2875 1313 Θεῷ
2929 1239 3414 1315 εὐχαριστήσωμεν
3444 1281 3458 1305 ,
3505 1236 3552 1308 ᾧ
3602 1236 3636 1303 ἡ
3689 1230 3807 1303 δόξα

407 1313 465 1365 et
494 1310 807 1385 imperium
845 1316 900 1372 in
934 1321 1149 1376 saecula
1180 1322 1546 1380 saeculorum.
1583 1328 1786 1381 Amen.

2283 1310 2344 1382 th
2398 1310 2597 1404 κράτος
2642 1310 2719 1391 εἷς
2770 1310 2898 1391 “rcis:
2939 1310 3139 1391 αἰῶνας
3187 1331 3294 1383 τῶν
3343 1325 3582 1382 αἰώνων.
3615 1325 3809 1396 Ἀμήν.

482 1436 527 1471 ⁹¹
555 1437 576 1491 Ι
604 1437 732 1495 Cor.
765 1458 856 1511 xv,
888 1445 978 1499 54.

1978 1611 2288 1619 _____.__.__
2314 1614 2405 1619 _-__
2448 1615 2525 1619 --κ
2568 1615 2825 1621 ____,._.____

1226 1723 1308 1783 IN
1350 1725 1558 1785 DUAS
1603 1725 2064 1796 SEQUENTES
2109 1726 2483 1789 HOMILIAS
2532 1677 3001 1790 ADMONIT'IO.

477 1847 622 1902 Duas
649 1857 935 1922 sequentes
962 1851 1224 1910 homilias
1251 1855 1499 1925 ejusdem
1519 1872 1638 1913 esse
1666 1859 1950 1929 scriptoris
1981 1860 2172 1930 arguit
2197 1873 2329 1916 cum
2356 1860 2491 1932 styli
2518 1875 2688 1929 genus
2740 1868 2858 1915 tum
2888 1858 3022 1914 ordo
3063 1862 3230 1931 atque
3280 1858 3454 1915 series
3510 1850 3779 1911 orationis
3807 1863 3826 1902 :

408 1950 580 2005 quare
619 1943 1016 2009 consequenter
1063 1947 1345 2014 ponuntur
1386 1946 1448 2000 in
1498 1946 1661 2016 Regio
1720 1947 1902 2004 codice
1937 1948 2062 2003 205.
2123 1948 2422 2006 Athanasii
2474 1964 2639 2021 porro
2698 1964 2789 2004 eas
2824 1963 2936 2005 esse
2990 1947 3224 2004 credidit
3277 1948 3368 2003 vir
3425 1942 3675 2002 eruditus
3702 1936 3823 1993 Hol-

403 2026 659 2095 steinius,
686 2027 814 2084 licet
834 2030 892 2083 in
922 2031 995 2085 iis
1020 2032 1383 2089 Athanasium
1415 2034 1568 2090 nihil
1595 2045 1922 2107 compareat.
1958 2036 2247 2110 Frigidum
2276 2039 2475 2110 quippe
2504 2046 2581 2094 est
2608 2039 2878 2094 orationis
2905 2052 3094 2109 genus,
3125 2036 3269 2110 quod
3315 2036 3465 2092 nihil
3518 2042 3822 2095 nervorum,

408 2113 554 2169 nihil
583 2117 719 2172 salis
746 2118 988 2175 obtineat
1017 2139 1036 2176 :
1065 2137 1166 2177 nec
1195 2139 1460 2193 magnum
1488 2141 1604 2180 sese
1617 2125 1804 2196 prodit
1835 2128 1895 2181 in
1922 2128 2040 2199 ejus
2071 2132 2365 2183 structura
2412 2127 2642 2198 hujusce
2695 2128 2979 2199 scriptoris
3026 2126 3330 2199 judicium.
3390 2120 3633 2180 Etiamsi
3671 2127 3826 2190 porro

411 2203 639 2260 aliunde
653 2221 763 2263 non
779 2207 1016 2279 liqueret
1043 2225 1155 2266 esse
1183 2210 1282 2268 has
1312 2212 1568 2269 homilias
1583 2215 1882 2272 Athanasio
1899 2215 2315 2287 abjudicandas,
2336 2220 2639 2287 coarguunt
2665 2233 2800 2273 sane
2824 2217 3017 2274 istth
3042 2215 3142 2271 sub
3170 2216 3338 2287 ﬁnem
3364 2210 3631 2271 secundas
3661 2202 3828 2262 homi-

410 2293 509 2352 liae
538 2297 707 2352 verba
738 2315 751 2354 :
784 2302 929 2374 τρεῖς
960 2298 1280 2364 ὑποστάσεις
1307 2300 1689 2377 κηρύττοντες,
1725 2304 1847 2379 μίαν
1881 2307 2112 2376 θεότητα

2188 2305 2572 2381 μολογοῦντες,
2604 2307 2784 2380 fuisse
2813 2309 2952 2365 itlas
2972 2310 3097 2380 post
3123 2307 3517 2363 Nestorianam
3562 2299 3832 2371 vulgatam

410 2382 653 2469 heresin
683 2385 1000 2461 descriptas.
1037 2391 1186 2447 Licet
1214 2394 1363 2448 enim
1394 2392 1736 2449 ὑποστάσεων
1767 2396 2092 2469 quandoque
2115 2399 2434 2453 meminerit
2464 2397 2819 2455 Athanasius.
2852 2412 3138 2469 nunquam
3166 2400 3355 2452 tamen
3384 2397 3471 2451 ait
3498 2401 3607 2450 tres
3638 2388 3829 2460 lit/PO"

403 2462 548 2529 ‘ases
580 2476 639 2530 in
670 2480 919 2549 confesso
948 2480 1100 2551 apud
1127 2497 1321 2538 omnes
1349 2499 1463 2538 esse
1490 2502 1508 2538 :
1542 2486 1653 2541 imo
1681 2486 1743 2541 in
1770 2462 2033 2557 synodali
2058 2487 2294 2557 epistola
2322 2486 2723 2554 Alexandrina,
2756 2484 2911 2542 nihil
2942 2487 3210 2541 interesse
3264 2484 3473 2556 inquit,
3523 2481 3579 2538 si
3619 2476 3701 2536 vel
3726 2488 3832 2530 una

407 2563 580 2619 solum
612 2565 699 2619 rel
728 2573 842 2622 tres
869 2566 1188 2640 hypostases
1214 2585 1327 2627 esse
1353 2570 1632 2641 dicantur,
1664 2573 1797 2629 dum
1825 2582 1973 2631 recta
2004 2584 2256 2631 servetur
2283 2576 2577 2632 sententia.

1586 2836 1719 2892 ΤΟΥ
1755 2841 1843 2891 EN
1886 2837 2119 2893 ΑΓΙΟΙΣ
2161 2840 2428 2892 ΠΑΤΡΟΣ
2470 2840 2662 2892 ΗΜΩΝ

1772 2986 2505 3083 ΑΘΑΝΑΣΙΟΥ

414 3149 511 3201 Ἐκ
536 3149 636 3204 τοῦ
664 3145 800 3204 κατά
830 3148 1107 3205 Ματθαῖον
1138 3147 1472 3227 Εὐαγγελίου
1503 3151 1581 3227 εἱς
1627 3149 1710 3227 τό*
1764 3148 2063 3227 Πορεύεσθε
2092 3148 2171 3227 εἷς
2196 3150 2298 3227 τὴν
2334 3151 2613 3227 κατέναντι
2650 3150 2884 3227 κώμην,
2928 3147 3020 3203 καὶ
3060 3146 3316 3225 εὑρήσετε
3366 3144 3494 3205 ὄνον
3533 3143 3834 3219 δεδεμένην,

1429 3222 1519 3278 καὶ
1548 3222 1737 3281 πῶλον
1774 3219 1889 3297 μετ’
1920 3219 2106 3291 αὐτῆς·
2143 3220 2400 3284 λύσαντες
2435 3220 2666 3298 ἀγάγετὲ
2699 3219 2814 3294 μοι.

1530 3473 1623 3568 S.
1695 3474 1794 3567 P.
1867 3473 1976 3568 N.
2051 3470 2732 3566 ATHANASII

429 3644 493 3698 In
530 3638 676 3698 illud
707 3641 1005 3717 Evangelii
1035 3644 1362 3701 secundum
1392 3643 1730 3717 Matthzeum
1766 3661 1779 3700 :
1813 3647 1895 3702 Ite
1923 3645 1983 3698 in
2011 3640 2303 3717 castellum
2325 3641 2693 3717 quod_con_tra
2712 3657 2802 3717 vos
2832 3649 2933 3717 est,
2961 3645 3013 3698 et
3042 3643 3336 3698 invenietis
3364 3640 3597 3698 asinam
3645 3634 3836 3705 alliga—

1342 3723 1459 3773 tam
1486 3724 1539 3773 et
1559 3716 1781 3789 pullum
1807 3732 1933 3772 eum
1960 3730 2026 3771 ea
2056 3733 2075 3770 :
2103 3713 2386 3785 solventes,
2415 3713 2670 3771 adducite
2699 3713 2843 3769 mihi
2871 3714 2934 3768 9‘.

496 3966 654 4023 ³74
699 3966 750 4021 1.
803 3966 1034 4023 Iteratis
1107 3983 1214 4023 nos
1256 3967 1556 4025 beneﬂciis
1603 3969 1832 4024 donans
1892 3966 2125 4035 Deus,I

2252 3967 2302 4020 1.
2337 3961 2508 4019 Πάλιν
2532 3965 2679 4037 ἡμᾶς
2713 3962 3002 4040 εὐεργετῶν
3037 3962 3065 4017 ὀ
3098 3960 3318 4038 Κύριος,
3347 3962 3440 4017 καὶ
3486 3962 3591 4031 τήν
3642 3950 3837 4011 οἰκείαν

425 4070 712 4128 suamque
739 4054 797 4111 in
832 4071 939 4112 nos
968 4056 1216 4129 gratiam
1243 4057 1569 4129 effundens,
1602 4056 1780 4114 simul
1810 4056 2076 4114 doctrina

429 4161 539 4200 sua
568 4145 797 4201 animas
831 4149 1062 4202 nostras
1091 4146 1407 4203 excitat.lis
1437 4147 1593 4202 enim
1626 4147 1728 4218 qui
1759 4146 1941 4218 hujus
1971 4161 2071 4201 sae-

427 4232 548 4290 culi
578 4234 751 4289 malis
782 4240 1150 4307 premuntur,
1183 4237 1430 4309 ejusque
1459 4237 1708 4311 negotiis
1739 4236 2077 4292 distrahun-

424 4327 540 4391 tur,
577 4323 683 4379 hoc
712 4324 870 4381 Deus
895 4325 1174 4382 saeculum
1209 4325 1370 4383 cordi
1402 4327 1714 4400 imprimit,
1765 4331 1831 4382 ut
1857 4341 2074 4398 cogno-

422 4417 592 4468 scant
620 4414 913 4483 homines,
947 4431 1010 4472 se
1040 4433 1157 4472 non
1188 4415 1406 4472 alecula
1447 4421 1801 4489 exspectare,
1834 4414 1936 4471 sed
1969 4414 2077 4470 hoc

422 4503 708 4559 duntaxat
737 4502 1013 4561 uinculum
1044 4505 1105 4560 in
1137 4504 1453 4578 phantasia
1482 4506 1716 4562 habere.
1772 4503 1846 4561 Ut
1874 4504 2077 4575 itaque

424 4592 498 4647 de
527 4591 725 4648 futuro
756 4592 968 4649 saeculo
1015 4594 1397 4667 prospicient,
1445 4594 1708 4651 innatam
1756 4591 1928 4649 nobis
1976 4606 2081 4663 per

427 4678 677 4736 liberum
710 4681 1019 4738 arbitrium
1051 4683 1379 4740 doctrinam
1403 4683 1650 4755 largitus
1693 4686 1800 4737 est.
1860 4680 2079 4736 Omnes

427 4768 609 4842 igitur
638 4769 928 4842 homines,
962 4772 1258 4844 sapientes
1288 4777 1347 4829 et
1382 4772 1752 4845 insipientes,
1786 4767 2079 4841 principes

428 4861 488 4914 et
516 4858 749 4931 privati,
781 4860 992 4917 divites
1021 4866 1080 4918 et
1107 4878 1417 4934 pauperes,
1450 4864 1814 4933 compertum
1860 4857 2081 4913 habent

427 4953 676 5005 mortem
708 4964 914 5007 omnes
955 4956 1345 5024 excepturum.
1399 4951 1549 5007 Illud
1598 4949 1752 5006 enim
1799 4952 1908 5017 est,
1967 4947 2078 5005 hoc

427 5037 709 5094 saeculum
741 5039 801 5094 in
854 5039 1169 5112 phantasia
1220 5041 1432 5097 habere
1460 5057 1481 5101 ;
1540 5039 1651 5095 hoc
1709 5041 1905 5094 autem
1964 5042 2075 5109 est,

425 5143 912 5201 unumquemque
943 5130 1120 5185 ﬁnem
1155 5146 1330 5186 suum
1353 5130 1425 5185 ob
1459 5128 1659 5185 oculos
1690 5143 1924 5202 ponere.
1958 5128 2080 5184 Ple-

428 5217 596 5289 rique
623 5218 791 5290 gnari
845 5219 1234 5276 obventuram
1286 5218 1395 5275 sibi
1449 5220 1722 5286 mortem,
1773 5220 1986 5289 putant
2014 5233 2078 5273 se

2184 4055 2376 4109 ἑαυτοῦ
2426 4052 2502 4116 εἷς
2560 4056 2710 4126 ἡμᾶς
2760 4051 3009 4108 ἐκτείνων
3061 4053 3250 4127 χάριν,
3294 4051 3436 4125 ὁμοῦ
3486 4050 3581 4108 καὶ
3630 4044 3716 4103 διὰ
3747 4044 3840 4107 τῆς

2184 4145 2378 4200 ἑαυτοῦ
2439 4141 2794 4206 διδασκαλίας
2844 4144 2939 4206 τὰς
2992 4140 3264 4217 ἡμετέρας
3325 4139 3585 4219 διεγείρει
3633 4132 3837 4212 ψυχάς·

2183 4239 2310 4296 Τοῖς
2341 4232 2445 4308 γὰρ
2476 4233 2533 4288 ἐν
2571 4231 2652 4305 τῷ
2687 4233 2793 4309 βίῳ
2835 4232 3014 4305 τούτῳ
3073 4233 3412 4307 μοχθήσασι,
3457 4231 3553 4286 καὶ
3590 4238 3842 4302 περισπα-

2187 4327 2386 4386 σθεῖσιν
2439 4320 2489 4375 ἐν
2541 4326 2658 4383 τοῖς
2714 4320 2879 4393 at}qu
2928 4319 3260 4396 πράγμασιν,
3295 4321 3323 4375 ὁ
3375 4319 3509 4380 Θεὸς
3554 4318 3644 4375 τὸν
3675 4312 3839 4368 αΐῶνα

2183 4414 2374 4466 τοῦτον
2425 4408 2477 4465 ἐν
2526 4407 2721 4486 καρδίᾳ
2769 4407 3023 4476 δεδωκεν,
3056 4408 3208 4472 ὅπως
3266 4408 3487 4484 γνόντες
3547 4406 3836 4485 γνώσονται

2189 4501 2242 4554 οἱ
2273 4499 2573 4575 ἄνθρωποι,
2598 4498 2681 4554 ὅτι
2715 4498 2776 4553 οὐ
2797 4497 2929 4561 τοὺς
2958 4501 3156 4562 αἰῶνας
3177 4496 3546 4571 διαμενοῦσιν,
3581 4490 3724 4552 ἀλλὰ
3748 4487 3833 4575 τρν

2188 4587 2361 4643 αῗῶνα
2414 4591 2611 4643 τοῦτον
2671 4588 3050 4664 φαντάζονται.
3112 4589 3226 4645 Ἵνα
3284 4587 3377 4643 οὗν
3427 4586 3522 4642 καὶ
3568 4586 3666 4640 τοῦ
3711 4573 3834 4653 μέλ’

2191 4675 2388 4738 λοντος
2448 4674 2646 4739 αἰῶνος
2704 4676 2960 4751 πρόνοιαν
3015 4679 3380 4748 ποιήσωνται,
3430 4672 3669 4754 ἔμφυτον
3705 4668 3831 4754 ἡμῖν

2190 4768 2425 4840 μάθησιν
2476 4765 2567 4822 διὰ
2613 4771 2711 4823 τοῦ
2758 4766 3103 4841 αὐτεξουσίου
3153 4764 3466 4844 ἐχαρίσατο,
3499 4751 3698 4823 Πάντες
3749 4751 3836 4844 οδΥ

2188 4857 2241 4912 οἱ
2290 4852 2589 4933 ἅνθρωποι,
2646 4856 2804 4935 σοφοί
2858 4877 2919 4912 τε
2974 4856 3067 4911 καὶ
3124 4841 3373 4935 ἄφρονες,
3433 4854 3695 4933 ἄρχοντες
3748 4841 3834 4902 καὶ

2189 4942 2428 5015 ἰδιῶται,
2485 4944 2744 5002 πλούσιοι
2794 4945 2885 5000 iui.
2942 4947 3167 5017 πένητες
3223 4941 3419 5019 ἴσασιν,
3475 4938 3559 5000 ὅτι
3619 4939 3832 4996 θάνατος

2186 5036 2389 5097 πάντας
2450 5032 2766 5108 διαδέξεται.
2796 5038 2967 5090 Τοῦτο
3022 5036 3122 5110 γάρ
3156 5035 3267 5091 ἐστι
3314 5035 3407 5091 τὸν
3450 5034 3625 5089 αἶ’ῶνα
3651 5031 3832 5084 τοῦτον

2187 5124 2540 5203 φαντάζεσθαι
2576 5142 2588 5156 ·
2634 5123 2796 5178 τοῦτό
2854 5123 2994 5179 ἐστιν
3045 5121 3267 5180 ἕκαστον
3321 5124 3384 5179 τὸ
3436 5124 3630 5179 ἑαυτοῦ
3683 5113 3833 5172 τέλος

2186 5215 2293 5289 πρὸ
2327 5210 2625 5290 ὀφθαλμῶν
2672 5208 2840 5288 ἔχειν.
2891 5212 3107 5271 Πολλοὶ
3159 5211 3238 5283 δὲ,
3291 5212 3381 5269 καὶ
3428 5217 3591 5269 τοῦτο
3621 5204 3834 5270 εἱδότεςν

430 5312 563 5379 post
591 5307 700 5364 hoc
731 5308 1011 5364 saeculum
1065 5309 1186 5365 fore
1242 5307 1409 5380 quasi
1462 5322 1768 5379 nunquam
1818 5305 2125 5403 exstitisw

2193 5300 2278 5357 ὅτι
2327 5302 2555 5363 θάνατος
2596 5300 2790 5365 αὐτοὺς
2841 5299 3157 5377 διαδέξεται,
3212 5300 3418 5359 οἶόνται
3471 5300 3607 5377 μετὰ
3653 5298 3834 5405 τοῦτογ

2233 5392 2246 5405 .
2352 5389 2403 5405 ς..
2529 5387 2554 5405 ,ν
2654 5392 2677 5405 ,κ
2801 5391 2814 5405 .
2948 5390 2961 5405 .
3068 5392 3082 5405 .
3153 5392 3162 5405 .
3211 5392 3231 5405 .
3502 5392 3526 5405 -
3630 5387 3660 5405 ιν
3749 5400 3810 5405 _-

432 5399 561 5452 sent
591 5412 606 5453 :
640 5396 848 5469 quales
878 5401 1048 5454 erant
1076 5397 1174 5469 qui
1207 5396 1443 5453 aiebant
1475 5412 1488 5450 :
1529 5417 1550 5444 α
1603 5394 1827 5468 Exigua
1873 5398 1932 5451 et
1977 5394 2082 5451 tri-

434 5486 545 5542 stis
575 5490 665 5542 est
693 5486 813 5542 vita
848 5491 1068 5555 nostra,
1093 5503 1198 5543 nec
1230 5491 1320 5542 est
1357 5500 1661 5558 regressus
1710 5484 1849 5540 ﬁnis
1876 5484 2084 5540 nostri.

434 5574 644 5632 Venite
672 5591 833 5648 ergo,
864 5576 1233 5648 inquiunt,et
1262 5576 1531 5632 fruamur
1561 5575 1732 5631 bonis
1763 5589 1891 5646 quas
1924 5577 2084 5641 sunt;

507 5717 552 5753 ιι
577 5715 783 5776 Matth.
816 5733 933 5788 xxx,
964 5716 1018 5773 9.

2193 5392 2285 5447 τὸν
2315 5389 2486 5445 αἰῶνα
2529 5387 2737 5446 ἔσεσθαι
2784 5391 2859 5453 ὡς
2906 5390 3015 5468 οὐχ
3063 5392 3386 5468 ὁπάρξαντες
3422 5411 3435 5425 ·
3472 5392 3579 5447 οἷοι
3626 5387 3756 5457 ἦσαν
3788 5377 3837 5433 οἳ

2198 5481 2458 5542 εἰπόντες
2508 5503 2537 5533 ‹‹
2587 5479 2806 5558 Ὀλίγος
2857 5480 2968 5537 ἐστὶ
3010 5480 3101 5538 καὶ
3149 5483 3395 5558 Λυπηρὸς
3428 5482 3458 5537 ὁ
3501 5479 3619 5558 βίος
3660 5474 3839 5547 ἡμῶν,

2196 5570 2286 5627 καὶ
2316 5568 2417 5626 οὐκ
2444 5566 2584 5626 ἔστιν
2617 5568 2988 5646 ἆναποδισμὸς
3016 5575 3115 5638 τῆς
3162 5573 3424 5637 τελευτῆς
3472 5572 3663 5646 ἡμῶν.
3696 5563 3849 5618 Δεῦτε
