4120 6354
361 401 511 464 1025
1307 394 1637 458 HOMILIA
1682 397 1756 456 ΙΝ
1805 391 2034 456 lLLUD

2086 414 2154 452 ;‹‹
2208 397 2534 468 EUNTES,
2571 423 2600 452 »
2653 395 2822 458 ETC.

3616 399 3770 462 1026

359 533 468 603 οῦν,
529 530 678 611 φασὶ,
737 529 827 584 καὶ
885 526 1283 600 ἀπολαύσωμεν
1345 531 1451 580 τῶν
1508 523 1678 580 ὄντων
1743 528 1959 600 ἀγαθῶν
1993 544 2006 556 ·

2158 529 2253 582 ino
2288 529 2540 598 pretioso
2571 536 2628 584 et
2661 531 2978 601 unguentis
3009 547 3114 585 nos
3145 531 3498 604 impleamus
3530 534 3631 588 ⁵⁵.»
3655 534 3772 590 Hos

360 621 503 679 οἴκου
534 619 873 681 πολυτελοῦς
905 618 994 674 καὶ
1029 617 1211 692 μύρων
1258 615 1689 688 ἐμπλησθῶμεν.
1729 641 1748 666 ιι
1783 615 2014 676 Τούτους

369 711 407 729 I“
523 711 535 728 ‘
578 713 590 728 '
667 731 685 742 ν·
771 707 794 740 ’ί
1036 711 1060 721 ”
1218 703 1259 748 ⁵1
1304 705 1354 738 θ’
1471 729 1479 748 ν
1576 705 1632 746 ειη
1771 725 1809 737 -ο
1937 705 2012 746 )’-

365 723 420 767 es
450 734 539 766 και
572 729 599 765 o
633 722 912 773 Oeensem:
953 705 1166 768 ιΙαυλος
1215 708 1484 774 cottona.
1537 705 1788 780 ληοντα..
1843 728 1867 757 α
1903 711 1986 758 (is:

363 822 545 877 γωμεν
606 798 697 854 καὶ
748 797 984 871 πίωμεν·
1017 793 1202 872 αὔριον
1256 797 1356 870 γάρ
1409 796 1842 867 ἀποθνήσκομεν.
1881 819 1906 844 ››
1952 793 2013 848 Εἰ

361 895 621 946 τοσυῦτον
682 885 774 942 οῦν
835 883 1059 962 ἴσχυσαν
1117 891 1312 961 γνῶναι
1357 885 1407 938 οἱ
1458 882 1657 953 ἄθλιοι,
1693 883 1773 938 ὅτι
1829 883 2014 958 ὀλίγος

366 979 477 1035 ἐστὶ
509 978 596 1032 καὶ
655 975 904 1049 λυπηρὸς
937 977 964 1030 6
1001 975 1116 1049 βίος
1174 973 1368 1028 αύτῶν·
1403 978 1519 1034 πῶς
1575 975 1666 1027 τὸν
1723 977 1829 1026 τῶν
1889 973 2014 1045 ἀγα,

369 1073 474 1132 θῶν
507 1066 743 1136 ποιητήν
790 1064 982 1139 τάχιον
1017 1063 1122 1139 οὐχ
1154 1064 1307 1138 εὗρον
1337 1083 1348 1130 ;
1391 1061 1554 1136 μόνον
1585 1060 1676 1116 οῦν
1708 1065 1876 1139 σοφοῦ
1910 1061 2018 1115 ἐστι

366 1161 568 1234 γνῶναι
617 1155 711 1217 τὰς
765 1152 937 1215 αἰτίας
982 1158 1088 1206 τῶν
1120 1153 1446 1228 γενομένων·
1483 1148 1597 1206 οἶδε
1655 1152 1753 1226 γάρ
1815 1155 2018 1227 σαιρῶς,

368 1247 458 1301 καὶ
517 1249 633 1306 πῶς
680 1243 949 1318 ἐγένοντο,
976 1241 1064 1296 καὶ
1115 1241 1180 1294 οὗ
1232 1240 1394 1317 χάριν
1441 1240 1704 1316 ἐγένοντο·
1742 1237 1904 1308 οἶδεν,
1939 1239 2021 1292 ὅτι

368 1340 476 1390 τῶν
509 1335 723 1389 πάντων
757 1333 784 1386 6
833 1332 961 1393 Θεὸς
1009 1332 1246 1401 ποιητής
1309 1329 1472 1384 ἐστιν·
1509 1328 1711 1398 ἤκουσε
1767 1329 1868 1405 γάρ
1926 1333 2021 1382 τοῦ

375 1423 716 1480 Ἀποστόλου
776 1421 1032 1498 λέγοντος
1067 1439 1078 1452 ·
1112 1445 1139 1471 ‹‹
1205 1419 1329 1476 Εἴτε
1388 1418 1610 1488 ἐσθίετε,
1667 1417 1772 1472 εἶτε
1822 1417 2020 1488 πίνετε,

379 1512 484 1568 εἶξε
538 1534 591 1567 τι
645 1515 874 1578 ποιεῖτε,
906 1511 1077 1565 πάντα
1134 1508 1207 1570 εἷς
1259 1505 1414 1578 δόξαν
1461 1512 1595 1563 Θεοῦ
1635 1512 1858 1562 ποιεῖτε.
1899 1532 1918 1558 ο
1958 1506 2024 1564 0".

378 1599 435 1656 δὲ
464 1599 543 1674 τῷ
572 1599 676 1676 βίῳ
705 1598 887 1672 τούτῳ
932 1599 1295 1673 χρησάμενοι,
1343 1597 1416 1658 ὡς
1478 1595 1530 1650 ἐν
1587 1597 1800 1667 νεότητι
1861 1617 2026 1650 σπου-

378 1688 565 1762 δαίως,
607 1689 696 1744 καὶ
748 1691 816 1762 τῇ
877 1689 1076 1742 έαυτῶν
1137 1686 1298 1757 κακία
1353 1683 1887 1755 καταδαπανηθέντες
1940 1685 2029 1738 ἀπ’

377 1781 554 1856 ἀρχῆς
609 1777 772 1853 μέχρι
820 1775 1034 1846 τέλους,
1067 1775 1164 1830 οὐκ
1212 1773 1451 1850 ἔγνωσαν
1493 1775 1560 1830 τά
1611 1776 1896 1844 ποιήματα
1931 1776 2028 1827 τοῦ

379 1872 532 1925 Θεοῦ.
586 1866 647 1923 Ei
712 1868 814 1941 γάρ
858 1867 991 1935 ἦσαν
1043 1859 1436 1940 άκριϐώσαντες
1496 1864 1618 1939 περὶ
1670 1862 1877 1917 τούτων
1936 1862 2027 1914 τὸν

377 1961 528 2025 νοῦν,
560 1958 775 2018 πάντως
829 1955 886 2009 ἂν
936 1954 1026 2008 καὶ
1079 1955 1168 2008 τὸν
1231 1953 1436 2008 τούτων
1503 1951 1840 2027 δημιουργὸν
1902 1950 2028 2004 Θεὸν

377 2050 572 2122 τάχιον
634 2045 1006 2121 ἐπεγίνωσκον·
1041 2068 1068 2094 ‹‹
1122 2045 1215 2099 Ἐκ
1273 2043 1376 2117 γάρ
1440 2043 1697 2116 μεγέθους
1755 2041 1843 2094 καὶ
1901 2038 2033 2095 καλ·

383 2134 554 2204 λονῆς
585 2134 894 2206 κτισμάτων
929 2134 956 2186 ὁ
1009 2133 1384 2208 γενεσιουργὸς
1435 2129 1608 2184 αὐτῶν
1669 2131 1970 2203 θεωρεῖται·
2005 2152 2032 2179 ››

381 2223 525 2297 Ὁδῷ
557 2222 648 2279 οὖν
681 2225 946 2299 κέχρηται
1001 2221 1202 2297 ἀγούσῃ
1258 2220 1384 2280 τοὺς
1436 2219 1754 2296 ἀνθρώπους
1816 2218 1876 2273 ἐκ
1932 2223 2038 2272 τῶν

381 2313 692 2386 κτισμάτων
754 2312 840 2367 ἐπὶ
894 2313 986 2367 τὸν
1040 2315 1147 2366 τῶν
1210 2309 1460 2364 ἁπάντων
1518 2309 1739 2379 κτίστην
1799 2307 1888 2362 καὶ
1939 2305 2037 2376 δη-

388 2402 648 2480 μιουργόν
659 2445 672 2458 .

457 2496 510 2548 2.
546 2495 728 2548 Ταῦτα
784 2490 878 2564 μὲν
937 2491 1348 2564 προσεθήκαμεν
1401 2493 1480 2560 τῷ
1540 2485 1711 2562 λόγῳ,
1745 2483 2037 2562 ἐπειδήπερ

389 2581 578 2643 πάντες
632 2581 705 2642 ὡς
756 2575 1001 2655 πρόϐατα
1032 2578 1471 2649 ιέπλανήθησαν·
1505 2576 1594 2632 καὶ
1645 2575 1724 2630 ὅτι
1778 2601 1804 2629 ‹‹
1858 2575 2040 2653 φθόνῳ

392 2668 652 2726 διαϐόλου
685 2671 909 2733 θάνατος
935 2667 1181 2737 εἰσῆλθεν
1217 2667 1292 2729 εἷς
1331 2668 1421 2721 τὸν
1471 2663 1698 2738 κόσμον,
1738 2690 1763 2715 ››
1793 2665 1882 2719 καὶ
1931 2687 2038 2720 σει-

392 2767 508 2834 ραῖς
562 2765 670 2815 τῶν
743 2760 932 2812 ἑαυτοῦ
993 2759 1400 2831 ἁμαρτημάτων
1456 2753 1677 2816 ἕκαστος
1740 2754 2036 2833 ἐσφίγγετο.

393 2877 418 2902 ‹‹
455 2845 799 2903 Ἐϐασίλευσε
845 2847 945 2922 γάρ
981 2848 1008 2902 ὁ
1038 2847 1263 2908 Θάνατος
1315 2845 1418 2899 άπὸ
1451 2841 1630 2916 Ἀδάμ
1683 2844 1848 2918 μέχρι
1907 2846 2039 2899 Μω-

393 2941 550 3004 σέως,
582 2937 671 2991 καὶ
703 2937 788 2990 ἐπὶ
819 2935 944 2997 τοὺς
980 2936 1054 3007 μὴ
1107 2935 1518 3009 ἁμαρτήσαντας
1570 2932 1656 2986 ἐπὶ
1705 2938 1784 3004 τῷ
1833 2933 2039 3004 ὁμοιώ-

397 3048 522 3100 ματι
583 3033 683 3095 τῆς
742 3019 1098 3100 παραϐάσεως
1160 3020 1353 3095 Ἀδάμ.
1387 3043 1411 3074 ιι
1453 3021 1607 3077 ’Δλλ’
1639 3018 1978 3094 ἐπεδήμησεν
2014 3022 2041 3075 ὁ

395 3115 588 3193 Κύριος
665 3117 826 3188 ἡμῶν
884 3115 1094 3184 Ἰησοῦς
1170 3113 1397 3188 Χριστὸς
1471 3110 1841 3186 λυτρούμενος
1914 3111 2040 3173 τοὺς

395 3205 810 3280 αἰχμαλώτους,
869 3202 958 3258 καὶ
1021 3206 1300 3271 ζωοποιῶν
1360 3200 1487 3262 τοὺς
1543 3201 2040 3273 τεθανατωμένους,

2125 620 2183 671 et
2209 617 2415 672 beatus
2450 617 2661 674 Paulus
2693 619 2776 673 sic
2808 619 3111 688 loquentes
3152 620 3386 677 exhibet
3418 639 3430 677 :
3471 644 3496 671 «
3529 625 3774 678 Mandu-

2125 722 2325 760 cemus
2355 713 2411 760 et
2441 707 2714 762 bibamus
2745 725 2756 762 :
2792 725 2920 762 cras
2969 707 3122 763 enim
3177 709 3497 766 moriemur
3542 713 3606 765 ⁸⁸.
3660 734 3687 761 ››
3719 713 3778 768 Si

2127 811 2265 866 ergo
2296 795 2497 850 miseri
2531 796 2614 850 illi
2650 802 2876 851 tantum
2905 813 3254 867 cognoscere
3297 799 3626 868 valuerunt,
3661 803 3778 856 exi-

2127 900 2304 954 guam
2338 884 2562 940 scilicet
2592 902 2656 939 ac
2689 887 2912 940 tristem
2947 902 3076 941 esse
3099 886 3276 940 vitam
3305 904 3472 942 suam
3511 905 3523 944 :
3557 905 3662 944 cur
3681 891 3780 945 bo-

2131 989 2336 1027 norum
2371 981 2665 1029 auctorem
2695 974 2866 1028 citius
2902 991 3014 1029 non
3065 974 3337 1030 invenere
3367 976 3394 1031 ?
3425 976 3619 1034 Solius
3667 979 3774 1034 ita-

2130 1077 2242 1132 que
2274 1063 2556 1133 sapientis
2587 1069 2675 1118 est
2709 1079 2880 1118 nosse
2930 1079 3123 1118 rerum
3176 1080 3386 1119 causas
3419 1082 3431 1118 :
3465 1065 3775 1123 manifeste

2132 1151 2290 1205 novit
2323 1151 2560 1223 quippe,
2595 1167 2710 1222 quo
2745 1153 2914 1207 modo
2940 1156 2996 1206 et
3028 1169 3144 1223 quo
3175 1153 3289 1208 fine
3311 1170 3403 1208 res
3434 1153 3600 1209 facta
3621 1155 3776 1212 sint:

2136 1239 2295 1294 novit
2340 1240 2548 1306 Deum,
2619 1240 2884 1295 omnium
2952 1257 3081 1296 esse
3131 1243 3409 1298 factorem
3472 1261 3484 1298 :
3557 1245 3782 1300 audivit

2135 1327 2354 1400 quippe
2381 1329 2676 1384 dicentem
2715 1329 3062 1400 Apostolum
3100 1347 3111 1384 :
3151 1353 3176 1380 α
3209 1329 3339 1386 Sive
3390 1334 3784 1404 manducetis,

2135 1417 2254 1471 sive
2284 1416 2506 1488 bibitis,
2537 1418 2657 1474 sive
2707 1420 2848 1490 quid
2899 1419 3137 1488 facitis;
3191 1421 3388 1477 omnia
3435 1422 3494 1476 in
3538 1422 3786 1495 gloriam

2137 1505 2236 1561 Dei
2271 1505 2440 1563 facite
2469 1509 2530 1560 97.
2569 1531 2596 1557 »
2628 1508 2735 1571 Qui
2767 1525 2900 1564 vero
2936 1509 3053 1563 vita
3087 1509 3266 1580 hujus
3315 1511 3512 1566 saeculi
3561 1514 3789 1586 vivunt,

2139 1599 2416 1665 tanquam
2445 1596 2503 1650 in
2529 1598 2840 1668 juventute
2870 1595 3157 1666 celeriter,
3190 1604 3246 1654 et
3277 1599 3502 1656 malitia
3551 1602 3789 1674 propria

2139 1701 2172 1739 a
2202 1685 2492 1757 principio
2525 1687 2595 1741 ad
2629 1687 2804 1742 finem
2841 1703 3021 1757 usque
3041 1689 3397 1760 consumpti,
3423 1707 3538 1746 non
3570 1696 3790 1748 norunt

2139 1773 2373 1845 opificia
2401 1774 2523 1830 Dei'
2558 1775 2700 1831 Nam
2735 1775 2783 1830 si
2818 1783 3008 1832 menle
3040 1793 3148 1831 sua
3199 1783 3469 1834 accurate
3517 1778 3618 1835 illa
3649 1797 3786 1837 con-

2140 1863 2518 1930 siderassent,
2551 1865 2720 1920 citius
2754 1864 2929 1941 plane.
2970 1883 3170 1921 eorum
3230 1873 3546 1924 creatorem
3600 1869 3786 1926 Deum

2143 1952 2566 2024 agnovissent:
2609 1973 2629 2000 α
2664 1958 2740 2008 Ex
2796 1955 3200 2026 magnitudine
3256 1956 3413 2011 enim
3470 1975 3538 2013 ac
3596 1963 3791 2030 specie

2145 2045 2568 2107 creaturarum,
2601 2047 2803 2097 auctor
2833 2059 3033 2097 earum
3069 2044 3420 2115 perspicitur
3450 2047 3513 2100 93.
3559 2069 3588 2097 ››
3622 2049 3789 2104 Viam

2146 2146 2282 2202 ergo
2314 2131 2385 2185 ad
2441 2147 2615 2186 usum
2669 2132 2993 2204 proposuit,
3049 2149 3175 2203 quae
3229 2132 3499 2191 homines
3555 2135 3794 2192 ducata

2147 2219 2431 2276 creaturis
2463 2222 2531 2276 ad
2565 2221 2829 2276 omnium
2863 2225 3178 2277 creatorem
3209 2226 3266 2277 et
3297 2223 3584 2294 opiﬁcem.

2218 2492 2271 2545 2.
2307 2489 2434 2544 Haec
2495 2490 2740 2546 orationi
2773 2494 2985 2546 nostrae
3032 2492 3349 2563 praeﬁmus,
3409 2493 3550 2566 quia
3591 2513 3796 2554 omnes

2149 2579 2314 2650 quasi
2348 2595 2483 2633 oves
2531 2585 2895 2647 erraverunt,
2945 2587 3002 2637 et
3054 2581 3194 2652 quia
3233 2606 3259 2632 (ι
3315 2582 3531 2639 invidia
3581 2585 3800 2642 diaboli

2151 2684 2307 2723 mors
2340 2667 2578 2722 intravit
2603 2668 2660 2722 in
2697 2670 2980 2725 mundum
3025 2671 3089 2736 9°,
3120 2695 3141 2724 ι
3180 2688 3244 2727 ac
3288 2671 3540 2730 vinculis
3589 2692 3802 2747 pecca-

2149 2761 2341 2812 torum
2375 2773 2617 2812 suorum
2649 2757 2900 2830 quisque
2917 2761 3359 2833 constringitur.
3399 2785 3420 2811 ι
3459 2763 3746 2835 Regnavit
3783 2784 3796 2822 :

2151 2847 2304 2901 enim
2340 2863 2498 2901 mors
2529 2848 2599 2900 ab
2636 2847 2818 2901 Adam
2855 2864 3041 2918 usque
3091 2850 3162 2902 ad
3213 2849 3454 2920 Mosem,
3507 2851 3683 2906 etiam
3737 2853 3795 2908 in

2150 2953 2248 2991 eos
2280 2936 2377 3007 qui
2409 2952 2524 2991 non
2557 2941 2944 3007 peccaverunt
2971 2935 3028 2990 in
3046 2936 3495 2994 similitudinem
3528 2941 3797 3012 praevari-

2151 3025 2396 3079 cationis
2430 3025 2562 3079 Adze
2596 3027 2634 3077 ³.
2672 3047 2697 3070 ››
2728 3025 2834 3078 Sed
2869 3025 3025 3079 venit
3056 3025 3342 3082 Dominus
3393 3034 3590 3083 noster
3617 3031 3792 3086 Jesus

2151 3114 2442 3181 Christus,
2478 3115 2888 3184 redempturus
2919 3115 3198 3186 captivos,
3229 3121 3285 3171 et
3316 3122 3579 3174 mortuos
3603 3119 3797 3175 viviﬁ-

2153 3209 2412 3260 caturus.
2450 3203 2634 3274 Hujus
2667 3219 2808 3258 sane
2841 3204 2916 3258 rei
2950 3220 3170 3275 gnarus
3206 3206 3413 3262 beatus
3453 3207 3797 3280 Apostolus,

392 3293 618 3366 Ἀμέλει
667 3293 757 3347 καὶ
791 3293 817 3346 6
846 3291 1122 3352 θεσπέσιος
1154 3288 1508 3356 Ἀπόστολος,
1541 3293 1702 3343 τοῦτο
1752 3287 2041 3360 ἐπιστάμε-

2155 3294 2275 3348 haec
2297 3269 2611 3363 scripsitvm
2647 3292 2704 3346 Si
2739 3292 2894 3347 enim
2927 3269 3103 3349 uwnius
3137 3294 3346 3349 delicto
3379 3269 3547 3350 multi
3580 3269 3796 3354 mortui

400 3380 725 3459 νος,ἔγραφε
758 3381 956 3455 λέγων·
985 3406 1004 3429 ι
1033 3379 1098 3436 Εἰ
1127 3381 1228 3454 γάρ
1259 3383 1338 3451 τῷ
1369 3383 1463 3432 τοῦ
1497 3379 1612 3439 ἑνὸς
1643 3379 2042 3453 παραπτώματι

399 3473 450 3527 οἱ
481 3470 685 3527 πολλοὶ
718 3467 1218 3540 ἀπέθανον,πολλῷ
1249 3466 1460 3540 μᾶλλον
1481 3473 1556 3540 τῷ
1572 3472 1669 3522 τοῦ
1691 3467 1806 3529 ἑνὸς
1831 3465 2035 3521 δικαιώ-

403 3564 594 3636 ματιὴ
649 3560 809 3636 χάσις
870 3559 944 3621 εἷς
1006 3557 1204 3620 πάντας
1259 3558 1573 3633 ἀνθρώπους
1634 3556 1711 3619 εἷς
1769 3554 2044 3612 δικαίωσιν

403 3657 566 3720 ζωῆς.
600 3674 629 3700 >>
662 3645 1008 3721 Ἐπεδήμησε
1037 3651 1325 3723 τοιγαροῦν
1359 3648 1496 3722 πρὸς
1545 3649 1692 3719 ἡμᾶς
1744 3647 1772 3700 ὁ
1815 3651 1918 3715 ζῶν
1961 3647 2049 3700 καὶ

401 3740 627 3814 ἐνεργὴς
657 3743 753 3792 τοῦ
785 3742 916 3792 Θεοῦ
947 3735 1146 3810 Λόγος,
1178 3736 1267 3790 καὶ
1299 3735 1456 3789 εἰκὼν
1553 3734 1994 3811 ἀπαράλλακτος,
2024 3736 2051 3790 ὁ

402 3829 524 3891 Υἱὸς
557 3830 586 3883 6
622 3829 939 3902 μονογενὴς,
975 3849 1000 3876 ‹‹
1035 3823 1104 3879 δι’
1137 3825 1199 3879 οὗ
1235 3824 1514 3900 γεγόνασιν
1549 3826 1600 3878 οἱ
1633 3825 1843 3896 ατῶνες,
1878 3827 2054 3903 φέρων

400 3940 459 3973 τε
486 3917 552 3972 τά
581 3918 753 3971 πάντα
779 3920 858 3987 τῷ
915 3914 1120 3990 ῥήματι
1176 3915 1274 3982 τῆς
1331 3911 1612 3986 δυνάμῖως
1670 3914 1854 3985 αὐτοῦ,
1885 3915 2052 3968 καθα-

405 4007 598 4083 ρισμὸν
627 4010 733 4060 τῶν
767 4007 1046 4079 ἁμαρτιῶν
1079 4002 1472 4075 ποιησάμενος.
1512 4027 1532 4053 ι
1569 4003 1662 4056 Διὸ
1725 4001 2053 4058 ἀποστέλλει

407 4093 502 4151 δύο
586 4093 826 4168 μαθητάς
912 4092 986 4154 εἷς
1068 4092 1166 4160 τὴν
1243 4091 1516 4146 κατέναντι
1600 4092 1817 4164 κώμην,
1881 4090 2052 4167 λέγων

405 4185 540 4260 πρὸς
569 4184 782 4244 αὐτούς·
824 4209 842 4232 ιι
895 4181 1204 4258 Πορεύθῆη
1255 4180 1329 4242 εἰς
1378 4181 1477 4250 τήν
1536 4180 1730 4253 κώμην
1781 4181 1879 4248 τήν
1926 4202 2052 4234 κατ-

408 4275 578 4328 έναντι
659 4273 809 4345 ὑμῶν
847 4315 860 4340 ,
921 4270 1010 4324 καὶ
1091 4268 1286 4331 εὐθέως
1373 4269 1628 4343 εὑρήσετε
1702 4265 1824 4323 ὅνον
1909 4266 2055 4323 δεδε-

412 4363 602 4435 μένην,
661 4361 752 4415 καὶ
824 4357 1012 4414 πῶλον
1093 4359 1206 4432 μετ’
1264 4356 1430 4428 αὐτῆς
1459 4378 1470 4390 ·
1533 4356 1788 4420 λύσαντες
1841 4356 2060 4432 ἀγάγετὲ

415 4473 528 4525 μοι.
567 4474 594 4499 ι)
627 4452 903 4513 Ματθαῖος
960 4449 1052 4520 μὲν
1097 4445 1404 4524 διαγράφων
1455 4448 1554 4516 τὴν
1588 4445 1938 4518 Ἐκκλησίαν,
1969 4445 2059 4501 καὶ

408 4541 476 4596 τά
529 4541 578 4612 ἐξ
641 4538 804 4608 αὐτῆς
861 4536 1149 4612 γενόμενα,
1210 4531 1330 4592 ὄνον
1388 4538 1479 4592 καὶ
1537 4536 1726 4592 πῶλον
1785 4536 2056 4610 ὠνόμασε·

2156 3387 2332 3450 sunt;
2368 3381 2551 3436 multo
2602 3381 2791 3452 magis
2836 3382 3012 3438 unius
3053 3382 3476 3452 justiticatione
3523 3386 3710 3458 gratia
3735 3386 3796 3441 in

2157 3487 2360 3526 omnes
2392 3470 2660 3526 homines
2692 3472 2759 3524 ad
2784 3471 3075 3542 justitiam
3098 3471 3227 3527 vitae
3254 3473 3275 3506 ²
3310 3495 3336 3521 ››
3363 3473 3800 3546 Peregrinatum

2159 3560 2357 3632 itaque
2388 3560 2459 3614 ad
2503 3575 2611 3614 nos
2658 3565 2748 3614 est
2799 3559 2993 3614 vivum
3043 3566 3101 3616 et
3137 3562 3340 3617 efficax
3387 3562 3486 3618 Dei
3517 3563 3798 3631 Verbum,

2158 3655 2332 3720 atque
2359 3649 2553 3720 imago
2586 3647 2968 3714 invariabilis,
3011 3648 3191 3706 Filius
3245 3652 3606 3723 unigenitus,
3647 3677 3666 3702 «ι
3701 3669 3805 3725 per

2163 3755 2336 3810 quem
2369 3738 2580 3793 saecula
2615 3738 2764 3793 facta
2797 3743 2954 3806 sunt,
3007 3744 3362 3811 portansque
3411 3742 3605 3798 omnia
3631 3743 3806 3798 verbo

2161 3828 2394 3882 virtutis
2427 3845 2568 3892 suae,
2602 3827 3006 3898 purgationem
3054 3834 3421 3899 peccatorum
3458 3830 3674 3887 faciens
3703 3832 3744 3887 ³.
3780 3854 3808 3880 ››

2165 3916 2386 3972 Idcirco
2421 3916 2600 3970 mittit
2631 3915 2957 3988 discipulos
3005 3918 3153 3972 duos
3206 3918 3264 3972 in
3312 3919 3620 3975 castellum
3653 3937 3684 3976 e
3715 3937 3806 3976 re-

2165 4006 2336 4078 gione
2369 4005 2570 4073 situm,
2596 4005 2797 4060 dicens
2829 4006 2912 4060 eis
2947 4022 2960 4060 :
2997 4029 3024 4057 «
3071 4008 3149 4061 Ite
3184 4009 3238 4062 in
3291 4009 3594 4064 castellum
3655 4010 3810 4082 quod

2165 4101 2369 4150 contra
2397 4111 2498 4148 vos
2529 4100 2636 4161 est,
2671 4100 2727 4148 et
2760 4095 2956 4149 statim
2989 4095 3298 4152 invenietis
3343 4097 3568 4154 asinam
3603 4099 3812 4171 alliga-

2166 4189 2310 4251 tam,
2344 4188 2399 4238 et
2430 4182 2652 4254 pullum
2688 4199 2817 4237 cum
2854 4200 2958 4249 ea;
2991 4184 3196 4239 solvite
3229 4191 3284 4239 et
3313 4187 3583 4242 adducite
3611 4187 3814 4244 mihi.»

2167 4274 2317 4330 375
2387 4271 2693 4326 Matthmus
2763 4272 2998 4342 quidem
3069 4275 3407 4329 describens
3468 4275 3814 4345 Ecclesium,

2168 4364 2414 4433 ejusque
2445 4359 2691 4432 prolem,
2724 4363 2950 4415 asinam
2985 4367 3042 4417 et
3073 4362 3298 4433 pullum
3331 4365 3675 4422 nominavit.
3708 4366 3816 4420 Lu-

2171 4469 2270 4507 cas
2298 4467 2429 4506 vero
2462 4451 2518 4504 in
2555 4467 2735 4504 unum
2769 4452 2940 4505 ambo
2974 4451 3328 4521 complexus,
3366 4452 3592 4525 pullum
3628 4454 3818 4510 nomi-

2172 4546 2274 4596 nat
2309 4557 2321 4594 :
2357 4538 2613 4594 aitenim
2648 4539 2771 4610 ipse
2803 4541 3057 4596 Lucasin
3093 4541 3402 4613 Evangelia
3425 4560 3531 4598 suo
3565 4559 3578 4598 ε
3615 4542 3821 4598 «Misit

416 4636 624 4692 Λουκᾶς
656 4626 712 4683 δὲ
749 4629 817 4684 τὰ
851 4627 1132 4705 ἀμφότερα
1195 4626 1272 4689 εἷς
1333 4626 1457 4700 μίαν
1521 4622 1743 4698 ἑνότητα
1799 4627 2041 4703 ἀνακεφα·

2173 4631 2320 4685 duos
2352 4625 2672 4700 discipulos
2701 4646 2839 4685 suos
2867 4629 3105 4685 dicens:
3142 4635 3222 4684 Ite
3256 4631 3313 4686 in
3336 4630 3640 4688 castellum
3666 4631 3819 4704 quod

416 4719 762 4790 λαιούμενος,
821 4715 1009 4772 πῶλον
1066 4714 1340 4787 ὀνομάζει·
1374 4716 1506 4793 φησί
1561 4716 1662 4791 γὰρ
1721 4715 1864 4770 οὕτω
1927 4723 2060 4770 Λου-

413 4814 510 4871 κᾶς
542 4807 593 4862 ἐν
638 4812 719 4880 τῷ
766 4807 886 4860 καθ’
917 4804 1104 4860 ἑαυτὸν
1160 4802 1500 4879 Εὖαγγελίῳ·
1534 4827 1561 4858 n
1597 4804 1911 4860 Ἀπέστειλε
1967 4802 2062 4858 δύο

413 4903 518 4953 τῶν
584 4898 840 4970 μαθητῶν
900 4893 1086 4964 αὐτοῦ,
1127 4892 1312 4946 εἰπών·
1364 4891 1616 4968 Ὑπάγετε
1673 4892 1748 4954 εἰς
1785 4895 1884 4961 τὴν
1942 4914 2066 4948 κατ-

418 4991 592 5042 έναντι
651 4986 870 5058 κώμην·
907 4983 958 5038 ἐν
1070 4981 1511 5057 εἰσπορευόμενοι
1571 4983 1824 5058 εὑρήσετε
1879 4982 2066 5038 πῶλον

419 5075 727 5149 δεδεμένον,
761 5073 837 5151 ἐφ’
867 5075 924 5128 ’ὸν
958 5071 1136 5135 οὐδεὶς
1193 5073 1417 5127 πώποτε
1474 5071 1773 5146 ἀνθρώπων
1835 5070 2064 5126 ἐκάθισε·

421 5165 677 5226 λύσαντες
711 5161 934 5237 ἀγάγετέ
967 5183 1080 5235 μοι.
1119 5186 1144 5212 ››
1179 5162 1442 5237 Εὗρήσεις
1503 5159 1592 5214 οὖν
1646 5161 1738 5215 τὸν
1791 5163 2066 5224 Ματθαῖον

421 5258 704 5330 πανταχοῦ
751 5250 847 5307 δύο
902 5249 1266 5324 ὀνομάζοντα,
1292 5249 1383 5304 τὸν
1431 5247 1486 5304 δὲ
1519 5255 1727 5319 Λουκᾶν
1779 5248 1854 5311 εἷς
1901 5248 1957 5303 ἓν
2003 5249 2072 5304 τά

422 5342 518 5399 δύο
575 5343 1094 5420 ἀνακεφαλαιοῦντα.
1128 5341 1255 5394 Οἴον
1313 5341 1402 5394 καὶ
1461 5338 1547 5393 ἐπὶ
1605 5343 1713 5394 τῶν
1765 5337 2010 5416 τυφλῶν,
2044 5339 2072 5392 ὁ

423 5438 699 5498 Ματθαῖος
761 5429 856 5485 δύο
914 5427 1078 5485 πάλιν
1142 5427 1418 5501 ὀνομάζει,
1473 5426 1658 5483 εἰπών·
1716 5451 1744 5480 ‹‹
1789 5427 1892 5486 Καὶ
1931 5447 2074 5502 παρ-

424 5525 607 5600 άγοντι
638 5521 836 5585 ἐκεῖθεν
868 5524 947 5592 τῷ
977 5519 1153 5589 Ἰησοῦ
1197 5515 1582 5589 ἠκολούθησαν
1631 5515 1779 5590 αύτῷ
1835 5513 1932 5572 δύο
1985 5538 2078 5573 τυ-

498 5671 542 5705 ⁹⁸
571 5671 708 5742 Sap.
743 5685 801 5740 ιι,
826 5668 974 5742 5L6.
1075 5667 1120 5702 ⁹⁶
1150 5665 1469 5742 I_Cor._xv,
1513 5666 1604 5722 32.

427 5743 450 5779 ³
479 5741 620 5799 ibid.
651 5736 744 5800 15.
789 5736 843 5774 ν³
874 5738 1046 5796 Hebr.
1080 5752 1124 5810 ι,
1154 5739 1212 5794 3.
1288 5739 1311 5774 ⁸
1342 5737 1478 5796 Luc.
1509 5754 1623 5809 xux,
1653 5736 1744 5810 29,
1777 5737 1868 5794 30.

1709 5665 1751 5701 ⁸⁷
1799 5663 1822 5721 Ι
1851 5666 1978 5722 Cor.
2009 5681 2067 5732 ι,
2099 5664 2188 5719 31.

2174 4723 2376 4774 contra
2416 4734 2517 4773 vos
2574 4721 2662 4772 est
2697 4735 2708 4772 :
2743 4717 2802 4773 in
2863 4720 3014 4788 quod
3073 4720 3458 4790 introeuntes,
3516 4719 3823 4777 invenietis

2174 4807 2403 4880 pullum
2437 4807 2615 4861 asina:
2649 4805 2974 4878 alligatum,
3009 4809 3100 4863 cui
3137 4827 3304 4866 nemo
3337 4826 3597 4883 unquam
3635 4809 3825 4866 homi-

2176 4915 2316 4951 num
2353 4897 2503 4950 sedit
2530 4912 2541 4950 :
2567 4895 2952 4952 solviteillum
2980 4903 3036 4952 et
3067 4898 3342 4954 adducite
3375 4901 3518 4955 mihi
3550 4901 3629 4954 ‘.»
3664 4899 3825 4955 Inve-

2179 4987 2305 5041 nies
2339 4985 2533 5056 itaque
2567 4985 2901 5041 Matthzeum
2934 4987 3052 5041 duo
3099 4989 3317 5060 ubique
3349 4989 3683 5055 nominare;
3721 4989 3828 5043 Lu-

2179 5091 2306 5130 cam
2339 5090 2470 5128 vero
2501 5075 2615 5128 duo
2646 5074 2704 5128 in
2740 5092 2924 5129 unum
2958 5076 3286 5147 complecti.
3347 5077 3690 5148 Cujnsmodi
3741 5081 3831 5132 est

2180 5163 2322 5217 illud
2358 5163 2428 5216 de
2459 5162 2802 5234 οιεείε,‹]υοε
2837 5164 3141 5219 Matthaeus
3173 5166 3320 5220 duos
3351 5165 3488 5220 item
3525 5169 3827 5232 memorat,

2181 5252 2380 5306 dicens
2434 5267 2446 5305 :
2491 5274 2518 5300 ‹‹
2569 5252 2637 5306 Et
2687 5257 3027 5307 transeunte
3077 5253 3212 5308 inde
3262 5253 3423 5324 Jesu,
3457 5253 3641 5308 secuti
3691 5257 3834 5308 sunt

2182 5357 2317 5396 eum
2363 5341 2478 5396 duo
2533 5341 2686 5408 caci,
2739 5341 3062 5396 clamantes
3116 5347 3172 5397 et
3215 5342 3522 5398 dicentes:
3559 5342 3835 5398 Miserere

2183 5428 2390 5496 nostri,
2427 5428 2504 5483 fili
2539 5429 2721 5486 David
2754 5430 2794 5485 ⁵.
2833 5452 2860 5479 ››
2894 5429 3080 5486 Lucas
3134 5447 3270 5486 vero
3331 5431 3478 5487 duos
3537 5431 3597 5486 in
3647 5447 3834 5487 unum

2184 5516 2544 5590 complexus,
2579 5518 2661 5574 ait
2696 5537 2707 5575 :
2746 5541 2771 5569 ‹‹
2807 5519 3049 5574 Factum
3081 5525 3170 5576 est
3201 5524 3422 5589 autem,
3457 5537 3592 5576 cum
3625 5535 3836 5592 appro-

2265 5663 2310 5698 ⁰⁸
2341 5664 2478 5739 Sap.
2509 5681 2635 5734 xm,
2666 5667 2720 5720 5.
2830 5667 2874 5710 οο
2919 5666 3056 5739 Sap.
3109 5681 3167 5732 ll,
3198 5663 3288 5720 24.

3369 5669 3387 5702 ¹
3440 5665 3608 5723 Rom.
3657 5683 3711 5742 ν,
3746 5665 3834 5726 14.

1945 5737 1967 5774 ⁵
1990 5735 2196 5794 Matth.
2232 5751 2309 5808 ιχ,
2339 5735 2431 5793 27.
