4120 6354
443 419 466 474 1
481 418 594 477 027

1617 403 1686 478 εἰ
1730 412 2252 479 ATHANASIUS.
2277 449 2356 460 —
2385 413 2694 478 spuma.

3698 426 3836 488 1028

444 549 756 620 pinquaret
796 548 1050 616 Jericho,
1110 565 1298 606 caecus
1349 550 1590 622 quidam
1634 549 1875 606 sedebat
1923 565 2056 605 secu

2207 545 2358 624 φλοῖ,
2391 547 2680 624 κράζοντες
2721 547 2811 602 καὶ
2863 547 3137 624 λέγοντες⁶
3172 575 3201 602 ‹‹
3234 551 3494 622 Ἐλέησον
3537 555 3702 628 ἡμᾶς,
3733 557 3836 621 υἱὸς

442 637 590 692 viam
616 638 1047 694 mendicans.Et
1072 655 1204 694 cum
1232 639 1464 696 audiret
1490 641 1716 694 turbam
1742 644 2096 712 praetereun-

438 733 579 792 tem,
613 728 1028 801 interrogabat,
1077 729 1213 800 quid
1269 728 1380 784 hoc
1431 741 1604 784 esset.
1657 729 1939 786 Dixerunt
1986 745 2094 784 au-

435 821 554 873 tem
588 817 662 886 ei,
697 817 852 890 quod
881 818 1054 874 Jesus
1086 819 1423 874 Nazarcnus
1453 818 1750 888 transiret,
1785 823 1839 874 et
1871 817 2094 874 clama-

433 908 515 962 vit
562 908 765 963 dicens
819 925 832 964 :
881 907 1046 976 Jesu,
1099 906 1178 961 fili
1231 906 1434 976 David,
1487 907 1761 963 miserere
1812 907 1924 963 mei
1967 907 2010 962 ⁶.
2059 928 2089 958 ››

433 997 719 1052 Similiter
751 996 1151 1068 deprehendes
1183 996 1572 1052 dzemoniacos
1604 997 1753 1052 duos
1787 997 2089 1053 nominare

439 1085 826 1154 Matthzeum;
878 1085 1093 1140 Lucam
1143 1101 1275 1140 vero
1315 1085 1674 1141 accuratiore
1724 1089 1936 1152 mente,
1996 1086 2089 1157 pie

435 1192 540 1248 pro
567 1175 797 1231 duobus
827 1191 1012 1231 unum
1044 1174 1253 1230 dicere.
1295 1174 1605 1230 Matthmus
1633 1191 1771 1246 ergo
1819 1175 1890 1230 de
1938 1174 2085 1230 duo-

433 1265 547 1321 bus
578 1265 661 1320 sic
695 1265 957 1337 loquitur
990 1281 1001 1320 :
1037 1288 1064 1315 «
1097 1265 1164 1319 Et
1194 1281 1326 1320 cum
1364 1264 1618 1320 venisset
1674 1268 1838 1320 trans
1869 1263 2084 1320 fretum

433 1353 490 1408 in
527 1353 822 1426 regionem
856 1355 1304 1420 Gerasenorum,
1338 1359 1722 1410 occurrerunt
1759 1351 1811 1408 ei
1835 1353 1951 1408 duo
1982 1353 2083 1409 ba-

434 1442 636 1500 bentes
675 1443 982 1510 daemonia,
1033 1443 1102 1498 de
1155 1443 1557 1498 monumentis
1605 1446 1908 1512 exeuntes,
1951 1441 2084 1498 suavi

435 1532 614 1590 nimis
643 1533 684 1588 ⁷.
711 1556 738 1584 ››
777 1537 959 1588 Lucas
989 1547 1124 1588 vero
1175 1548 1359 1586 unum
1393 1548 1497 1604 pro
1557 1531 1787 1587 duobus
1846 1530 2085 1604 scripsit

429 1621 524 1679 bis
555 1620 745 1678 verbis
779 1641 793 1679 :
827 1645 855 1672 ‹‹
891 1622 961 1678 Et
1000 1637 1134 1678 cum
1167 1637 1444 1694 egressus
1503 1625 1662 1677 esset
1710 1621 1781 1676 ad
1841 1623 2080 1690 terram,

429 1709 682 1768 occurrit
711 1710 797 1766 illi
825 1710 912 1766 vir
958 1711 1198 1783 quidam
1253 1725 1322 1765 ex
1368 1710 1534 1779 urbe,
1566 1709 1664 1781 qui
1696 1708 1950 1764 habebat
1975 1709 2082 1764 dae-

427 1801 628 1858 monia
649 1799 772 1870 jam
806 1817 839 1854 a
871 1799 1238 1872 temporibus
1278 1797 1482 1854 multis
1513 1799 1554 1852 ⁸.
1591 1821 1619 1848 ››
1669 1797 1895 1870 Ubique
1943 1813 2078 1870 ergo

425 1890 767 1947 Matthaeum
803 1889 1062 1946 invenies
1094 1904 1324 1960 semper
1353 1888 1423 1944 de
1449 1887 1682 1944 duobus
1715 1886 2074 1960 loquentem,

425 1981 639 2036 Lucam
672 1983 866 2035 autem
900 1979 970 2034 de
1013 1995 1150 2035 uno.
1197 1977 1322 2032 Non
1357 1977 1513 2050 quod
1572 1977 1771 2032 divina
1801 1975 2076 2033 labantur

424 2067 761 2142 Evangelia;
815 2067 1004 2124 absit!
1050 2084 1152 2124 nec
1208 2067 1360 2138 quod
1413 2067 1682 2139 opposita
1732 2065 2072 2138 loquantur,

426 2158 525 2231 qui
564 2175 682 2214 uno
731 2159 1054 2230 eodemque
1105 2155 1324 2229 Spiritu
1377 2161 1580 2212 sancto
1629 2155 1832 2228 repleti
1883 2159 2068 2213 sunt:

418 2263 600 2304 unam
631 2247 788 2304 enim
819 2246 1205 2318 eamdemque
1247 2245 1360 2301 vim
1411 2243 1594 2303 sacris
1641 2243 1852 2301 litteris
1883 2244 2071 2300 sancti

417 2338 526 2394 viri
558 2341 926 2395 conservant.

417 2426 629 2490 ἑαυτοῖς
686 2424 1008 2504 ἐφθέγξαντο
1057 2424 1108 2480 οἱ
1157 2421 1210 2495 ἐξ
1258 2423 1372 2486 ένὸς
1418 2427 1515 2479 τοῦ
1560 2421 1716 2499 ἁγίου
1764 2423 2078 2497 Πνεύματος
2127 2420 2526 2500 ἐμφορούμενοι

413 2521 520 2572 τῶν
555 2515 720 2594 ἁγίων
752 2519 978 2592 Γραφῶν
1009 2510 1234 2587 δύναμιν
1267 2513 1318 2567 οἱ
1350 2514 1520 2589 ἅγιοι.

485 2627 539 2681 3.
585 2625 804 2682 Horum
855 2640 1023 2696 porro
1073 2623 1289 2679 mentio
1321 2640 1356 2679 a
1403 2622 1571 2678 nobis
1623 2622 1773 2678 facta
1803 2627 1911 2692 est,
1947 2637 2064 2676 non

417 2716 568 2787 quod
590 2714 884 2788 proposito
909 2718 1107 2769 nostro
1130 2712 1783 2768 exciderimus.Lectum
1809 2727 2065 2783 namque

418 2805 528 2860 fuit
576 2804 765 2870 nobis,
813 2808 876 2860 ut
923 2801 1252 2872 audivistis,
1304 2801 1683 2874 Evangelium
1733 2801 2061 2856 secundum

412 2891 776 2948 Matthaaum.
821 2891 1136 2962 Scriptura
1167 2906 1338 2962 porro
1397 2890 1689 2945 sententia
1747 2889 1866 2944 haec
1923 2893 2058 2944 est:

415 3003 443 3031 ‹‹
475 2982 638 3037 Tunc
673 2980 836 3038 misit
864 2981 1038 3036 Jesus
1071 2980 1219 3035 duos
1249 2978 1800 3050 diseipulos,dicens
1829 2978 1914 3034 eis
1942 2994 1954 3032 :
1984 2983 2062 3033 lte

409 3070 468 3124 in
503 3069 830 3137 castellum,
866 3069 1022 3142 quod
1055 3073 1257 3124 contra
1280 3084 1384 3123 vos
1415 3072 1505 3122 est
1537 3083 1550 3122 :
1577 3072 1634 3122 et
1669 3069 1868 3122 statim
1900 3067 2058 3122 inve-

409 3161 585 3216 nietis
615 3161 842 3215 asinam
877 3157 1198 3230 alligatam,
1221 3161 1278 3212 et
1307 3155 1538 3228 pullum
1565 3173 1700 3212 cum
1733 3173 1820 3224 ea,
1855 3155 2060 3212 solvite

406 3255 463 3304 et
494 3249 768 3305 adducito
799 3247 965 3304 mihi.
1003 3269 1030 3296 »
1081 3246 1213 3302 Jam
1271 3263 1452 3318 supra
1507 3245 1765 3301 diximus
1827 3245 2055 3301 asinam

406 3336 930 3404 istam,Ecclesiam
962 3352 1092 3392 esse
1122 3351 1190 3390 ex
1204 3335 1477 3406 gentibus
1509 3341 1767 3390 coactam
1805 3352 1818 3390 :
1857 3333 2055 3406 pullus

403 3433 623 3495 autem,
658 3431 820 3500 pater
851 3430 1049 3481 noster
1077 3425 1260 3479 Adam
1294 3427 1402 3492 est,
1437 3440 1612 3496 quem
1643 3423 1893 3479 Satanas
1924 3440 2057 3478 ver-

401 3517 576 3571 sutiis
607 3516 730 3572 suis
762 3513 1042 3586 alligavit.
1078 3515 1210 3586 ipsa
1239 3512 1456 3584 quippe
1486 3513 1651 3568 asina
1676 3511 2051 3567 immundum

399 3609 526 3660 erat
550 3603 765 3660 animal
799 3605 914 3670 °,ut
941 3620 1065 3674 quae
1089 3602 1288 3658 cibum
1312 3619 1427 3658 non
1453 3601 1781 3657 ruminaret
1811 3617 2050 3656 sursum

398 3695 665 3751 ducendo
696 3711 764 3750 ac
791 3693 1156 3749 demittenda
1192 3709 1204 3748 :
1239 3710 1365 3764 quis
1405 3697 1496 3749 est
1543 3691 1810 3764 gentium
1855 3691 2050 3747 Eccle-

397 3783 504 3838 sia.
538 3783 685 3839 Nam
714 3781 962 3839 antehae
995 3781 1094 3836 illa
1117 3781 1289 3837 idolis
1342 3781 1466 3836 suis
1511 3780 2044 3848 contaminabatur,

395 3871 820 3944 immundoque
850 3869 1221 3943 polluebatur
1237 3870 1560 3943 sanguine;
1593 3870 1674 3925 ita
1697 3873 1758 3925 ut
1783 3887 1885 3942 per
1915 3869 2047 3926 Jere

394 3962 571 4016 miam
605 3960 945 4033 prophetam
979 3958 1028 4014 ei
1061 3959 1296 4015 dicatur
1328 3983 1342 4026 ;
1379 3981 1408 4010 «
1440 3959 1748 4014 Fornicata
1796 3976 1858 4016 es
1907 3975 2041 4015 cum

391 4051 730 4122 pastoribus
779 4049 986 4106 multis
1021 4049 1103 4116 i°;
1144 4070 1174 4098 »
1202 4048 1304 4104 sed
1354 4047 1456 4104 Dei
1512 4049 1688 4104 Filius
1733 4047 2039 4104 hominum

390 4138 940 4209 amantissimus,ad
973 4155 1079 4195 nos
1103 4137 1506 4210 peregrinatus
1527 4150 1650 4194 est:
1688 4161 1715 4190 (ι
1746 4143 1804 4194 et
1834 4137 2038 4194 habitu

387 4225 662 4284 inventus
693 4232 756 4284 ut
783 4227 982 4284 homo.
1035 4226 1370 4283 bumiliavit
1416 4228 1800 4299 semetipsum
1853 4229 2040 4283 lactus

387 4317 666 4374 obediens
699 4333 886 4389 usque
916 4317 987 4373 ad
1034 4321 1302 4384 mortem,
1357 4323 1599 4372 mortem
1650 4321 1848 4372 autem
1899 4333 2036 4372 cru-

387 4404 471 4461 cis
503 4409 567 4462 “.
603 4428 632 4457 »
664 4406 863 4479 Neque
883 4405 1040 4462 enim
1055 4405 1396 4478 angelorum
1423 4405 1673 4477 erat,Dei
1705 4412 2036 4462 creaturam

385 4494 606 4554 salvam
639 4496 826 4552 facere
861 4513 875 4564 ;
909 4496 1009 4552 sed
1058 4495 1255 4562 Verbi,
1307 4494 1406 4549 Dei
1455 4500 1512 4550 et
1575 4493 1854 4550 hominis.
1919 4494 2036 4566 [psi

383 4584 601 4656 quippe
632 4584 875 4641 debetur
903 4583 1071 4654 illud,
1120 4587 1321 4654 utpote
1377 4583 1473 4652 qui
1533 4591 1756 4638 creator
1811 4583 2036 4639 dicere-

383 4678 500 4730 tur.
537 4673 718 4730 Mittit
745 4674 947 4746 itaque
977 4672 1298 4744 discipulos
1330 4673 1478 4726 duos
1537 4671 1598 4726 in
1658 4671 1966 4728 castellum
2001 4688 2033 4728 e

2205 630 2390 692 Δαϐίδ.
2425 661 2452 688 ››
2486 637 2549 692 Ὀ
2609 633 2665 690 δὲ
2723 644 2933 701 Λουκᾶς
2988 638 3116 703 τοὺς
3179 636 3277 695 δύο
3336 639 3410 703 εἷς
3455 638 3546 696 ’ἕνα
3591 643 3832 722 ἀνακεφα-

2205 723 2531 798 λαιούμενός
2566 746 2748 803 φησιν·
2785 751 2812 778 ‹‹
2847 728 3094 803 Ἐγένετο
3143 726 3203 785 δὲ
3254 728 3305 785 έν
3355 734 3437 803 τῷ
3481 731 3705 808 εγγίζειν
3753 735 3834 790 αὖ·

2198 814 2291 869 τὸν
2327 815 2403 877 εἷς
2434 815 2674 890 Ἱεριχὼ,
2708 815 2912 893 τυφλός
2944 839 3025 880 τις
3077 818 3309 891 ἐκάθητο
3365 822 3511 897 παρᾶ
3559 823 3654 890 τήν
3702 821 3832 898 ὁδὸν,

2199 908 2532 979 προσαιτῶν.
2564 903 2829 968 ’Λκούσας
2859 903 2916 960 δὲ
2947 903 3125 982 ὄχλου
3175 905 3661 985 διαπορευομένου,
3692 911 3833 967 έπον-

2199 994 2388 1048 θάνετο
2443 993 2496 1048 τί
2539 992 2596 1048 ἂν
2656 991 2739 1064 εἶή
2791 992 2970 1051 τούτο.
3035 997 3398 1074 Ἀπήγγειλαν
3453 995 3510 1053 δὲ
3553 999 3713 1074 αὐτῷ,
3758 1001 3831 1057 δτι

2199 1083 2408 1152 Ἰησοῦς
2443 1083 2470 1136 ὁ
2505 1088 2808 1156 Ναζαραῖος
2841 1085 2952 1157 (93)
2987 1087 3342 1163 παρέρχεται,
3373 1087 3464 1144 καὶ
3517 1082 3706 1159 ἐϐόησε
3753 1089 3833 1145 λέ-

2193 1190 2326 1246 γων·
2371 1173 2549 1242 Ἰησοῦ
2607 1172 2689 1227 υἱέ
2748 1169 2935 1246 Δαϐὶδ,
2972 1173 3196 1246 ἐλέησόν
3254 1198 3340 1250 με.
3396 1203 3424 1229 υ
3473 1177 3709 1250 Ὁμοίως
3753 1181 3832 1234 καὶ

2195 1260 2284 1314 ἐπὶ
2343 1266 2448 1316 τῶν
2503 1258 2971 1336 δαιμονιζομένων
3019 1263 3271 1340 εὑρήσεις
3319 1266 3412 1321 τὸν
3451 1267 3546 1340 μὶν
3580 1269 3830 1324 Ματθαῖον

2195 1347 2290 1404 δύο
2324 1350 2682 1422 ὀνομάζοντα,
2713 1351 2804 1406 τὸν
2852 1349 2910 1407 δὲ
2957 1358 3167 1410 Λουκᾶν
3215 1350 3570 1434 ἀκριϐεστέρα
3734 1354 3832 1413 δια·

2192 1440 2313 1510 νοίᾳ
2364 1435 2596 1502 εὒσεϐῶς
2645 1441 2762 1496 ἀντὶ
2810 1445 2918 1496 τῶν
2967 1439 3062 1497 δύο
3109 1440 3202 1499 ἕνα
3233 1443 3513 1521 εἷ’ρηκότα.
3548 1447 3716 1517 Φησῖν
3748 1445 3829 1502 οὖν

2193 1529 2220 1584 ὁ
2253 1531 2530 1592 Ματθαῖος
2562 1529 2686 1604 περὶ
2717 1535 2826 1586 τῶν
2858 1528 2954 1586 δύο
2999 1531 3191 1596 οὕτως·
3231 1558 3257 1586 ι(
3289 1534 3389 1589 Καὶ
3441 1533 3656 1591 ἐλθόντι
3700 1535 3832 1609 αὐτῷ

2191 1616 2266 1678 ε”ς
2298 1617 2360 1672 τὸ
2390 1619 2555 1694 πέραν
2592 1617 2666 1681 εἷς
2694 1619 2793 1689 τήν
2827 1620 3014 1696 χώραν
3057 1626 3164 1676 τῶν
3216 1628 3562 1699 Γερασηνῶν,
3599 1624 3830 1696 ὑπήντη-

2191 1727 2283 1761 σαν
2315 1706 2462 1780 αὐτῷ
2493 1705 2588 1762 δύο
2621 1705 3084 1784 δαιμονιζόμενοι,
3118 1711 3178 1766 ἐκ
3205 1716 3315 1767 τῶν
3362 1713 3650 1786 μνημείων
3700 1713 3828 1788 ἐξερ-

2189 1796 2441 1870 χόμενοι,
2475 1795 2717 1872 χαλεποὶ
2749 1797 2892 1855 λίαν.
2933 1824 2959 1850 ››
2994 1800 3200 1864 Λούκᾶς
3251 1797 3308 1856 δὲ
3353 1801 3485 1865 τοὺς
3518 1800 3612 1858 δύο
3645 1803 3717 1865 εἰς
3743 1799 3830 1857 ἕνα

2188 1885 2410 1962 γράφων
2481 1885 2664 1962 ἔλεγεν
2698 1907 2709 1918 ·
2771 1913 2798 1939 ‹‹
2857 1885 3159 1958 Ἐξελθόντι
3220 1888 3277 1946 δὲ
3337 1891 3486 1965 αύτῷ
3542 1891 3594 1948 ἐν
3645 1895 3709 1968 τῇ
3761 1896 3824 1968 γῇ

2185 1975 2488 2046 ὑπήντησεν
2523 1977 2662 2052 ἀνήρ
2690 1997 2773 2038 τις
2804 1977 2862 2032 ἐκ
2889 1981 2987 2047 τῆς
3032 1977 3268 2050 πόλεως,
3303 1979 3364 2043 ὅς
3421 1981 3539 2058 εἶχε
3589 1979 3827 2056 δαιμόνια

2184 2063 2242 2119 ἐκ
2271 2063 2487 2140 χρόνων
2519 2065 2740 2122 ἱκανῶν.
2779 2089 2806 2117 ››
2841 2072 3131 2142 Πανταχοῦ
3164 2067 3254 2124 οὖν
3286 2070 3538 2144 εὑρήσεις
3565 2071 3654 2126 τὸν
3686 2077 3825 2127 Ματ-

2183 2155 2333 2208 θαῖον
2365 2151 2557 2218 διττῶς
2590 2153 2710 2231 περῖ
2745 2155 2958 2210 πάντων
3015 2158 3410 2236 φθεγγόμενονο
3444 2160 3536 2215 τὸν
3585 2157 3641 2215 δὲ
3694 2169 3822 2216 Λου-

2181 2249 2278 2298 κᾶν
2337 2243 2527 2305 ἑνικῶς
2575 2240 2985 2320 διαλεγόμενον.
3019 2249 3179 2302 Ὥστε
3229 2246 3327 2302 οὐκ
3376 2247 3683 2327 ἐσφαλμένα
3731 2249 3823 2304 εἰσὶ

2179 2332 2246 2386 τὰ
2277 2337 2392 2396 θεῖα
2425 2331 2760 2409 Εὐαγγέλια,
2795 2334 2872 2406 μή
2905 2335 3150 2409 γένοιτοὲ
3186 2334 3310 2391 οὔτε
3367 2337 3536 2393 πάλιν
3574 2338 3824 2393 ’ἀντίθετα

2563 2441 2575 2454 ’
2625 2422 2750 2495 μίαν
2802 2423 2906 2500 γὰρ
2953 2423 3043 2479 καὶ
3093 2425 3192 2494 τήν
3241 2425 3412 2496 αὐτὴν
3468 2428 3696 2497 σώζουσι
3743 2424 3822 2482 διὰ

2243 2621 2296 2677 3.
2328 2618 2554 2676 Τούτων
2590 2616 2646 2674 δὲ
2675 2620 2765 2674 καὶ
2799 2621 2962 2692 ἡμεῖς
2996 2619 3482 2696 ἐμνημονεύσαμεν
3534 2623 3633 2680 ούκ
3675 2622 3816 2680 ἐκπε·

2174 2707 2356 2770 σοντες
2412 2713 2510 2762 τοῦ
2567 2707 2960 2785 προκειμένου·
3012 2709 3324 2786 ἀνεγνώσθη
3385 2712 3488 2790 γὰρ
3547 2716 3700 2786 ἡμῖν,
3749 2713 3814 2774 ὡς

2171 2795 2458 2867 ἠκούσατε,
2511 2796 2838 2873 Ε·’›αγγέλιον
2887 2799 2950 2854 τὸ
2999 2799 3135 2854 κατᾶ
3183 2802 3484 2858 Ματθαῖον.
3519 2804 3583 2860 Ἡ
3627 2800 3683 2857 δὲ
3725 2821 3812 2856 πε-

2171 2887 2337 2962 Ριθχῆ
2391 2893 2490 2956 τῆς
2541 2893 2755 2966 Γραφῆς
2803 2887 2941 2943 ἐστιν
2994 2888 3150 2960 αὕτηο
3193 2915 3220 2942 ‹‹
3249 2889 3381 2945 Τότε
3437 2892 3646 2962 Ἰησοῦς
3693 2889 3787 2944 ἀπέ

2170 2974 2348 3030 στειλε
2405 2973 2500 3030 δύο
2553 2976 2816 3048 μαθητὰς,
2877 2975 3052 3053 λέγων
3115 2977 3335 3040 αὐτοῖς·
3393 2980 3708 3056 Πορεύθητε
3752 2977 3818 3040 εἷς

2166 3065 2265 3132 τήν
2325 3066 2544 3139 κώμην,
2577 3066 2677 3134 τὴν
2735 3066 3006 3120 κατέναντι
3061 3066 3234 3139 ὑμῶν,
3276 3067 3365 3122 καὶ
3416 3068 3622 3134 εὐθέως
3671 3069 3810 3140 εὑρή-

2169 3174 2285 3208 σετε
2341 3149 2460 3209 ὄνον
2512 3151 2830 3227 δεδεμένην,
2860 3155 2948 3210 καὶ
2998 3155 3182 3212 πῶλον
3239 3159 3354 3230 μετ’
3392 3158 3592 3230 αὐτῆς·
3633 3157 3812 3215 λύσαν-

2164 3263 2250 3304 τες
2307 3243 2526 3319 ἀγάγετέ
2579 3265 2692 3317 μοι.
2726 3268 2754 3295 ››
2785 3241 2928 3316 ’Ἤδη
2983 3249 3410 3320 προειρήκαμεν,
3477 3248 3560 3304 ὅτι
3606 3248 3732 3317 αὕτη
3779 3249 3809 3315 ἡ

2169 3328 2286 3394 ὄνος
2422 3332 2586 3387 ἐθνῶν
2635 3332 2931 3404 Ἐκκλησία
2979 3332 3308 3410 ἐτύγχανεν
3360 3337 3388 3390 ὁ
3439 3334 3506 3393 δὲ
3563 3336 3742 3399 πῶλος
3786 3336 3811 3390 ὁ

2165 3422 2345 3498 πατὴρ
2390 3424 2550 3494 ἡμῶν
2603 3419 2782 3494 Ἀδάμ
2831 3421 2996 3491 ἐστιν,
3029 3422 3085 3478 ὃν
3133 3422 3320 3495 ἔδησεν
3351 3427 3378 3479 ὁ
3413 3432 3658 3489 Σατανᾶς
3702 3431 3809 3486 ταῖς

2162 3511 2326 3564 αὑτοῦ
2357 3510 2734 3585 πανουργίαις.
2772 3511 2917 3582 Αὕτη
2957 3514 3056 3588 γὰρ
3089 3515 3122 3583 ἡ
3158 3509 3280 3576 ὄνος
3331 3513 3637 3592 ἀκάθαρτον
3682 3519 3806 3585 ζῶον

2162 3597 2521 3672 ἐχρημάτιζε,
2559 3599 2632 3672 μή
2695 3599 2983 3676 ἀνάγουσαι,
3032 3603 3172 3674 μήτε
3225 3603 3541 3679 κατάγουσα
3593 3625 3805 3679 μηρυκι-

2161 3683 2319 3760 σμόν·
2357 3687 2478 3758 ἥτις
2539 3686 2678 3743 ἐστὶν
2733 3689 2766 3758 ἡ
2823 3688 2873 3761 ἐξ
2933 3689 3097 3754 ἐθνῶν
3157 3691 3486 3763 Ἐκκλησια·
3547 3694 3800 3768 ἐμιαίνετο

2157 3776 2260 3852 γὰρ
2294 3778 2399 3852 πρὸ
2427 3776 2622 3832 τούτου
2647 3775 2698 3832 ἐν
2731 3783 2847 3841 τοῖς
2880 3775 3133 3841 εἰδώλοις
3166 3779 3356 3852 αὐτῆς,
3387 3783 3483 3837 καὶ
3519 3782 3798 3857 ἐμολύνετο

2157 3865 2208 3920 ἐν
2240 3871 2356 3928 τοῖς
2389 3866 2711 3942 ἀκαθάρτοις
2761 3866 3003 3940 α’ἶμασιν·
3039 3867 3114 3930 ὡς
3165 3868 3414 3945 λέγεσθαι
3475 3873 3612 3948 πρὸς
3643 3870 3794 3937 αύτήν

2154 3951 2244 4010 διὰ
2269 3955 2534 4032 Ἱερεμίου
2566 3959 2677 4030 (94)
2707 3961 2804 4011 τοῦ
2834 3959 3145 4036 προφήτου·
3183 3959 3590 4036 «Ἐμοίχευσας
3619 3960 3668 4016 ἐν
3690 3980 3800 4015 ποι-

2155 4047 2278 4118 μέσι
2327 4045 2581 4106 πολλοῖς·
2619 4069 2648 4097 ››
2679 4045 2802 4102 ἀλλ’
2837 4047 2864 4101 ὁ
2913 4044 3299 4122 φιλάνθρωπος
3353 4053 3450 4103 τοῦ
3506 4055 3638 4106 Θεοῦ
3686 4049 3798 4108 Υἱὸς

2152 4132 2465 4208 ἐπεδήμησε
2493 4135 2626 4209 πρὸς
2659 4137 2824 4208 ἡμᾶς,
2859 4160 2886 4187 ι(
2919 4135 3022 4192 καὶ.
3042 4137 3289 4211 σχήματι
3341 4138 3580 4213 εὑρεθεὶς
3613 4140 3684 4200 ὡς
3712 4135 3796 4192 ἄν·

2150 4235 2388 4297 θρωπος,
2434 4223 2780 4279 ἐταπείνωσεν
2832 4225 3042 4295 ἑαυτὸν,
3072 4226 3364 4300 γενόμενος
3417 4227 3660 4300 ὑπήκοος
3710 4225 3797 4300 μέ-

2147 4332 2242 4389 χρι
2292 4314 2539 4384 θανάτου,
2573 4314 2803 4368 θανάτου
2850 4311 2906 4368 δὲ
2955 4312 3208 4390 σταυροῧ.
3248 4339 3272 4366 ι)
3315 4313 3392 4372 Οὐ
3442 4318 3550 4394 γὰρ
3598 4319 3663 4387 ἦν
3708 4317 3794 4392 ἀγ·

2144 4399 2318 4476 γέλων
2351 4402 2413 4454 τὸ
2446 4405 2614 4455 σῶσαι
2655 4401 2828 4456 κτίσιν
2879 4407 3038 4472 Θεοῦ,
3073 4402 3217 4459 ἀλλᾶ
3283 4403 3483 4481 Λόγου,
3517 4411 3651 4464 Θεοῦ
3709 4403 3792 4459 καὶ

2146 4489 2453 4564 ἀνθρώπου.
2488 4489 2650 4561 Αὐτῷ
2680 4491 2784 4565 γὰρ
2814 4489 2904 4545 καί
2943 4490 3324 4567 ἐχρεωστεῖτο,
3358 4498 3436 4566 τῷ
3471 4497 3560 4551 καὶ
3610 4493 3791 4567 κτίστῃ

2145 4576 2442 4652 εἰρημένῳ.
2475 4578 2832 4635 Ἀποστέλλει
2865 4579 2955 4635 οὖν
2986 4580 3112 4644 τοὺς
3143 4578 3237 4636 δύο
3285 4584 3536 4655 μαθητὰς
3578 4585 3652 4648 εἰς
3697 4583 3791 4650 τήν

2145 4667 2421 4722 κατέναντι
2483 4668 2679 4742 κώμην
2741 4667 2900 4724 λῦσαι
2955 4671 3054 4740 τήν
3111 4667 3234 4726 ὄνον
3292 4673 3382 4727 καὶ
3439 4673 3534 4728 τὸν
3581 4670 3789 4740 πῶλον,

383 4762 620 4835 regione
647 4762 850 4830 situm,
873 4763 969 4834 qui
997 4761 1289 4818 solverent
1309 4760 1535 4816 asinam
1570 4765 1747 4832 atque
1781 4760 2033 4832 pullum,

2201 4755 2294 4812 'iva.
2347 4759 2664 4834 παραστήσῃ
2715 4759 2880 4828 αὐτὴν
2938 4761 3112 4833 ἐαυτῷ
3171 4758 3382 4832 ἔνδοξον
3446 4761 3789 4834 Ἐκκλησῖαν,

382 4874 410 4903 ‹‹
447 4855 510 4907 ut
537 4850 796 4908 exiberet
824 4867 951 4907 eam
993 4851 1104 4906 sibi
1151 4849 1464 4922 gloriosam
1517 4848 1857 4921 Ecclesium,
1913 4869 2030 4909 non

382 4941 691 4998 habentem
725 4940 980 5014 amplius
1015 4940 1329 5008 maculam,
1363 4946 1464 4996 aut
1493 4939 1714 5012 aliquid
1750 4957 1975 5012 eorum,
2001 4965 2030 4993 ››

377 5047 503 5102 qua;
535 5030 811 5103 superius
841 5030 996 5085 dicta
1025 5034 1167 5086 sunt
1195 5028 1380 5084 deilla
1406 5046 1419 5084 :
1441 5031 1542 5084 sed
1571 5051 1599 5079 «
1634 5034 1698 5084 ut
1728 5029 1806 5084 sit
1828 5035 2032 5088 sancta

377 5125 436 5176 et
466 5119 847 5176 immaculata
878 5119 1180 5175 Christo".
1206 5141 1232 5168 ›ι
1265 5119 1352 5175 Ita
1382 5120 1540 5175 enim
1573 5119 1674 5191 qui
1704 5135 1774 5174 ex
1802 5135 1869 5175 ea
1891 5137 2014 5177 nas-

374 5212 582 5264 centur
615 5207 798 5264 futuri
831 5211 973 5265 sunt
1001 5231 1029 5258 «
1067 5206 1320 5281 populus
1342 5207 1746 5282 acceptabilis,
1775 5212 2032 5267 sectator

373 5297 663 5355 bonorum
695 5313 939 5372 operum
973 5297 1039 5352 ¹³.
1074 5318 1105 5347 ››

441 5474 635 5548 ξΙιυο.
665 5492 825 5548 xvm,
856 5476 1077 5548 35-738.“
1126 5476 1147 5511 "
1178 5475 1384 5548 Matth.
1423 5476 1516 5531 28.

375 5545 420 5583 ³³
446 5547 660 5620 Ephes.
681 5565 737 5617 ν,
769 5545 860 5603 27.
941 5547 985 5584 ¹³
1016 5546 1130 5604 Tit.
1163 5563 1228 5616 ιι,
1259 5546 1354 5602 14.

442 5741 557 5820 (93)
588 5741 725 5818 Reg.
736 5785 750 5814 ,
783 5746 1120 5819 Ναζωραῖος.

1627 5476 1648 5510 ⁸
1678 5474 1814 5532 Luc.
1848 5491 1976 5546 vm,
2003 5475 2094 5532 27.

2267 4845 2502 4884 tau.
2747 4846 3356 4886 -κυκέκην
3726 4854 3750 4864 ~

2145 4869 2340 4920 μηκέτι
2391 4868 2622 4923 ειοδσαν
2672 4865 2862 4904 σπιοον
2916 4871 2950 4918 η
3005 4849 3212 4924 ρυτίοα,
3245 4872 3278 4920 η
3329 4849 3474 4906 αλλο
3525 4873 3578 4907 τι
3631 4877 3657 4902 ››
3686 4871 3787 4905 των

2693 4937 2706 4956 \
2787 4937 2799 4957 ,
2849 4945 2876 4956 ει
2979 4940 2990 4948 ⁸
3081 4940 3094 4960 ν
3183 4937 3206 4959 (Ι
3311 4939 3338 4958 τ’
3377 4941 3388 4958 ο
3593 4941 3605 4959 ι
3646 4937 3670 4954 ν

2139 4939 2554 5014 προλεχθέντων
2587 4959 2709 5012 περι
2743 4959 2932 5008 αυτης’
2968 4937 3075 4994 αλλ
3130 4965 3150 4990 ι
3194 4960 3273 4994 ινα
3301 4963 3336 5014 ῃ
3366 4940 3489 5016 αγία
3518 4963 3608 4996 και
3641 4961 3788 5013 αμω-

2143 5049 2243 5101 μος
2290 5031 2369 5098 τῷ
2417 5031 2650 5100 Χριστῷ.
2686 5053 2708 5080 ι
2745 5027 2936 5090 Οὕτως
2982 5029 3084 5104 γὰρ
3135 5029 3224 5083 καὶ
3274 5029 3338 5083 τὰ
3371 5029 3422 5100 ἐξ
3452 5030 3621 5100 αὐτῆς
3669 5049 3791 5105 γει-

2138 5117 2354 5188 νώμενα
2401 5113 2610 5170 ἔσονται
2660 5115 2736 5178 εἷς
2769 5144 2794 5167 «ι
2830 5115 2962 5171 λαὸν
3003 5117 3338 5194 περιούσιον,
3375 5115 3631 5188 ζηλωτὴν
3691 5135 3786 5172 κα-

2140 5203 2255 5261 λῶν
2286 5202 2476 5280 ἔργων.
2513 5229 2542 5257 ››

2209 5475 2231 5510 ⁸
2258 5472 2440 5532 Lavit.
2460 5491 2539 5531 XI.
2574 5474 2626 5544 4,
2741 5475 2786 5514 ¹⁰
2813 5476 2933 5536 Jer.
2968 5495 3055 5548 III,
3087 5481 3139 5536 1.
3279 5480 3325 5517 ¹ί
3357 5475 3608 5553 Philipp.
3641 5494 3704 5549 ῐῐ,
3731 5474 3784 5530 7.

2195 5742 2309 5822 (94)
2345 5742 2482 5818 Reg.
2514 5745 2571 5817 2,
2601 5739 2690 5801 διὰ
2719 5741 2964 5804 Ἡσαΐου.
2997 5747 3129 5807 Mox
3156 5748 3337 5818 idem,
3369 5743 3700 5825 ἐμοιχεύσω.
