4120 6358
364 427 516 486 1029

363 647 534 700 έναντι
593 646 816 715 κώμην,
875 640 963 695 καὶ
1013 639 1202 695 λύουσι
1252 640 1353 707 τήν
1405 633 1525 691 ὄνον
1563 637 1770 691 καὶτὸν
1804 635 2013 708 πῶλον,

359 735 494 790 κατὰ
552 734 617 787 τα
672 729 1024 787 κελευσθέντα
1081 729 1266 789 αὐτοῖς
1326 727 1469 800 παρὰ
1516 728 1611 781 τοῦ
1663 723 2013 781 διδασκάλου.

363 821 749 881 Ἀνεκαλέσατο
797 821 899 895 γάρ
951 822 1098 891 ἡμᾶς
1161 817 1220 872 ἐκ
1267 824 1365 886 τῆς
1407 817 1682 870 κατέναντι
1713 815 1908 888 κώμης
1941 813 2014 876 εἷς

359 915 458 981 τὴν
496 909 813 986 ἐπουράνιον
846 908 1031 975 πόλιν,
1062 908 1161 976 την
1205 907 1338 964 ἄνω,
1387 903 1766 980 Ἰερουσαλήμ.
1819 903 2018 958 ’Έλυσε

365 1001 420 1057 δὲ
469 1004 616 1072 ἡμᾶς
669 999 728 1054 ἐκ
770 1003 877 1052 τῶν
929 1001 1025 1051 τοῦ
1085 990 1347 1050 διαϐόλου
1397 993 1632 1066 δεσμῶν·
1679 995 1750 1055 ὡς
1781 993 1868 1047 καὶ
1927 993 2016 1046 τὸν

363 1092 652 1160 προφήτην
727 1085 948 1144 Ἠσαίαν
1028 1086 1134 1160 πρὸ
1211 1084 1426 1139 πολλου
1489 1085 1615 1158 βοᾷν
1675 1083 1763 1136 καὶ
1823 1081 2012 1156 λέγειν·

362 1206 389 1233 (ι
420 1177 642 1236 "ESin
672 1197 727 1231 σε
759 1176 833 1238 εἷς
867 1172 1129 1245 διαθήκην
1168 1174 1354 1249 γένους
1415 1194 1541 1244 μου,
1574 1172 1646 1232 εἷς
1678 1176 1790 1249 φῶς
1827 1171 2014 1240 ἐθνῶν,

363 1270 569 1340 ἀνοῖξαι
653 1262 971 1344 ὀφθαλμοὺς
1053 1262 1298 1340 τυφλῶν,
1357 1261 1630 1337 ἐξαγαγεῖν
1689 1259 1746 1314 ἐκ
1803 1257 2013 1333 δεσμῶν

362 1358 699 1429 ἀνειμένους,
758 1353 848 1408 καί
909 1353 959 1424 ἐξ
1015 1351 1168 1406 οᾚιου
1229 1351 1476 1428 φυλακῆς
1551 1350 1893 1423 καθημένους
1967 1349 2017 1404 ἐν

362 1446 559 1501 σκύτει.
620 1469 648 1495 ››
693 1443 1020 1518 Πρεύονται
1069 1443 1118 1495 οἱ
1185 1441 1420 1513 μαθηταὶ
1474 1439 1548 1501 εἷς
1597 1441 1697 1508 την
1746 1439 2016 1494 κατέναντι

363 1537 579 1610 κώμην,
643 1533 844 1606 Κώμην
899 1530 956 1586 δὲ
1006 1531 1093 1585 ἐὰν
1145 1529 1400 1603 ἀκούσῃς,
1443 1531 1533 1584 τὸν
1568 1528 1839 1604 περίγειον
1890 1533 2014 1582 τοῦ·

363 1646 454 1679 τον
488 1624 688 1695 κόσμον
727 1616 1103 1693 ὑπολάμϐανε·
1153 1622 1186 1683 ἡ
1239 1620 1341 1694 γάρ
1389 1617 1550 1680 πόλις
1697 1617 2013 1692 ἐπουράνιός

363 1713 524 1781 ἐστιν,
587 1713 662 1773 ὡς
718 1710 1073 1788 προείπαμεν.
1136 1709 1212 1764 Τὸ
1273 1705 1348 1779 δὲ,
1397 1705 1483 1762 καὶ
1534 1733 1560 1758 ι(
1607 1708 1699 1768 Εἷς
1731 1709 1829 1776 τὴν
1886 1727 2014 1760 κατ-

361 1804 537 1857 έναντι
585 1801 806 1872 κώμην,
837 1823 865 1851 ››
928 1801 1136 1867 Μωσῆς
1188 1796 1238 1851 ἐν
1281 1801 1348 1869 τῇ
1386 1795 1582 1850 Γενέσει
1614 1799 2014 1869 προεσήμανεν,

363 1891 552 1946 εἰπών·
590 1915 616 1941 ‹‹
678 1890 998 1958 ’Δπώκησεν
1053 1887 1079 1940 6
1132 1887 1258 1940 Θεὸς
1289 1885 1378 1939 τὸν
1431 1883 1610 1957 ’Δδαμ
1641 1885 1884 1939 ἀπέναντι
1920 1889 2014 1939 τοῦ

367 1977 705 2056 Παραδείσου
751 1985 846 2047 τῆς
894 1979 1125 2055 τρυρῆς,
1170 1975 1258 2029 καὶ
1310 1973 1552 2030 ἐκέλευσε
1601 1975 1664 2028 τά
1720 1969 2018 2049 χερουῧὶμ,

363 2070 452 2125 καὶ
501 2070 600 2136 τήν
649 2066 914 2143 ιρλογίνην
958 2065 1230 2142 λὗομφοιίαν
1259 2065 1357 2133 την
1393 2062 1764 2141 στρεφομένην
1823 2063 2024 2141 φυλάτο

366 2181 475 2215 τειν
527 2160 626 2227 την
678 2155 800 2211 ὁδὸν
851 2161 948 2211 τοῦ
1000 2155 1163 2226 ξύλου
1213 2162 1314 2224 τῆς
1368 2160 1528 2223 ζωῆς.
1565 2180 1590 2206 ι)
1627 2151 1859 2215 Οὐδενὸς
1919 2153 2022 2228 γάρ

372 2246 546 2303 ἄλλου
579 2247 644 2315 ἦν
680 2246 980 2322 εἰσαγαγεῖν
1014 2247 1184 2316 ἡμᾶς,
1221 2243 1336 2311 ὅθεν
1390 2238 1781 2314 ἐξεδλήθημεν,
1931 2241 2024 2296 αὐ-

371 2342 469 2392 τοῦ
501 2341 596 2390 τοῦ
638 2335 831 2409 Κυρίου
879 2339 974 2388 τοῦ
1021 2334 1323 2397 τεΟεικότος
1374 2334 1440 2387 τά
1488 2328 1764 2408 χερουῧέμ
1823 2331 2025 2410 φυλάτ-

375 2448 482 2480 τειν
516 2427 613 2494 τὴν
649 2423 772 2480 ὁδὸν
802 2428 896 2479 τοῦ
924 2424 1086 2494 ξύλου
1117 2432 1216 2492 τῆς
1253 2429 1418 2492 ζωῆς.
1452 2419 1680 2483 Οὐδενὸς
1711 2422 1810 2496 γὰρ
1853 2420 2028 2476 ἄλλου

383 2519 446 2584 ἦν
513 2513 934 2569 ἆνακαλέσασθαι
986 2517 1130 2585 ἡμᾶς
1195 2512 1254 2566 ἐκ
1294 2519 1393 2580 τῆς
1424 2511 1693 2565 κατέναντι
1726 2511 1922 2582 κώμης
1956 2510 2030 2570 είς

385 2605 482 2671 τὴν
528 2603 842 2678 ἐπουράνιον
898 2601 1059 2656 πόλιν
1217 2600 1402 2667 αύτοῦ,
1458 2604 1555 2654 τοῦ
1606 2600 2030 2677 ἀποφηναμένου

383 2693 499 2756 καθ’
530 2696 711 2764 ἡμῶν.
775 2691 962 2753 Ούτως
1025 2689 1114 2744 οὖν
1176 2692 1499 2760 νοηοήσεται
1549 2688 1636 2742 καὶ
1684 2690 1746 2742 τὸ
1798 2687 1883 2743 ἐπὶ
1936 2691 2032 2757 τῆς

382 2778 509 2836 ὅνου
542 2782 627 2836 καὶ
658 2786 753 2835 τοῦ
788 2779 1003 2850 πώλου,
1036 2781 1118 2835 ὅτι
1163 2785 1305 2833 πᾶσα
1358 2781 1391 2848 ἡ
1452 2777 1806 2854 ἀνθρωπότης
1868 2777 2028 2834 ἐστίν.

381 2869 765 2946 Ὑποδείγμασι
798 2870 897 2945 γάρ
955 2871 1224 2945 κέχρηται
1281 2870 1314 2938 ἡ
1377 2867 1867 2944 οεία1¹ραιρή·κᾶν
1928 2869 2031 2942 γὰρ

386 2963 485 3029 τήν
525 3005 537 3017 .
571 2958 895 3029 Ἐκκλησίαν
955 2953 1222 3028 διαλάϐω,
1280 2959 1368 3011 τὸν
1427 2955 1706 3025 ἄνθρωπον
1761 2955 2028 3029 σημαίνω·

386 3050 480 3105 κᾶν
513 3054 609 3104 τοῦ
642 3048 820 3122 Ἀδὰμ
853 3051 1074 3121 μνήμην
1108 3049 1449 3120 ποιήσωμαι,
1485 3045 1630 3100 ἀλλὰ
1672 3052 1842 3100 πάσαν
1893 3047 2034 3118 ὁμοῦ

387 3141 485 3209 τὴν
520 3139 912 3215 ἀνθρωπότητα
943 3137 1228 3213 ὁμολογῶ.
1266 3137 1361 3190 Διά
1390 3140 1548 3191 τοῦτο
1606 3136 1705 3211 γὰρ
1754 3132 2035 3208 ἐπεδήμη-

392 3250 476 3283 σεν
510 3230 537 3283 6
597 3228 788 3302 Κύριος
846 3227 933 3282 καὶ
997 3228 1192 3302 Σωτὴρ
1251 3229 1411 3298 ἡμῶν
1465 3226 1671 3295 Ἰησοῦς
1717 3225 1744 3278 6
1778 3226 2031 3299 Χριστὸς,

1309 414 1640 478 HOMILIA
1688 418 1765 477 IN
1812 411 1991 478 ILLU
2007 420 2050 476 Ι)

433 559 484 612 4.
516 554 876 628 Ἀπέρχονται
933 549 1022 605 οὖν
1085 550 1136 604 οἱ
1195 546 1289 602 δύο
1343 547 1578 620 μαθηταὶ
1629 548 1702 609 εἰς
1752 548 1850 615 την
1883 567 2009 600 κατ·
2043 555 2094 618 Α

2101 434 2112 474 1
2148 440 2177 471 «
2223 417 2554 491 EUNTES,
2594 445 2622 474 ››
2674 422 2839 480 ΕΤτ).

3628 441 3783 501 1030

2196 550 2248 602 4.
2286 549 2507 604 Abeunt
2538 567 2672 623 ergo
2697 553 2968 626 discipuli
2992 557 3106 613 duo
3131 561 3198 614 ad
3229 563 3419 619 vicum
3445 584 3511 622 ex
3533 570 3778 627 adverso

2128 637 2328 705 situm,
2366 639 2718 712 solvuntque
2749 643 2974 699 asinam
3009 653 3064 701 et
3115 649 3360 719 pullum,
3397 665 3568 726 prout
3601 660 3712 715 sibi
3748 679 3782 716 a

2130 726 2660 798 magistrojussum
2691 731 2893 786 Fuerat.
2925 725 3236 794 RevoCavit
3261 725 3413 797 enim
3440 762 3542 801 nos
3567 764 3634 803 ex
3655 750 3778 805 vico

2128 821 2330 870 contra
2381 816 2592 888 posito,
2635 819 2703 872 ad
2761 822 3052 878 caelestem
3105 826 3416 896 civitatem,
3462 851 3778 907 supernam

2127 903 2473 959 Jerusalem.
2509 905 2622 962 Nos
2657 914 2852 963 autem
2909 912 3082 967 solvit
3134 933 3200 970 ex
3235 917 3482 978 vinculis
3511 903 3728 981 diaboli
3763 946 3776 996 ;

2130 997 2193 1046 ut
2225 998 2280 1047 et
2308 995 2488 1048 lsaias
2523 997 2805 1068 propheta
2827 1000 2953 1069 jam
2988 1002 3124 1057 olim
3157 1006 3509 1066 exclamaret
3545 1031 3606 1068 ;‹‹
3639 1016 3781 1071 Dedi

2129 1086 2182 1137 te
2213 1082 2270 1136 in
2306 1083 2489 1137 fmdus
2512 1088 2741 1156 generis
2765 1089 2877 1143 mei
2913 1089 2967 1144 in
3003 1091 3190 1149 lucem
3224 1098 3485 1167 gentium
3514 1118 3526 1158 ε
3555 1107 3616 1159 ut
3645 1123 3778 1177 ape-

2129 1172 2244 1226 rias
2277 1171 2475 1227 oculos
2508 1189 2812 1246 caecorum,
2857 1184 2910 1232 et
2956 1183 3109 1237 476
3157 1185 3371 1242 educas
3419 1207 3486 1245 ex
3534 1171 3782 1252 vinculis

2131 1260 2430 1327 remissos,
2473 1266 2529 1316 et
2582 1279 2649 1317 ex
2699 1266 2870 1321 deme
2922 1272 3171 1327 carceris
3221 1277 3494 1335 sedentes
3530 1281 3586 1336 in
3622 1288 3778 1340 tene-

2129 1349 2248 1444 bris
2296 1351 2357 1404 η.
2396 1373 2422 1399 ››
2473 1352 2705 1444 abeunt
2736 1354 3009 1428 discipuli
3035 1359 3094 1415 in
3127 1364 3432 1422 castellum
3483 1387 3512 1425 e
3544 1373 3780 1444 regione

2127 1439 2403 1510 positum.
2465 1441 2776 1498 Castellum
2840 1463 3008 1516 porro
3069 1467 3202 1508 cum
3263 1455 3448 1528 audis,
3483 1439 3781 1520 terrenum

2126 1529 2281 1583 hunc
2316 1529 2603 1585 mundum
2638 1531 2916 1604 intellige.
2945 1537 3161 1595 Civitas
3194 1544 3351 1599 enim
3384 1548 3641 1607 cmlestis
3671 1559 3780 1626 est,

2126 1618 2214 1672 uti
2259 1634 2438 1688 supra
2488 1618 2764 1676 diximus.
2816 1622 2972 1679 Illud
3024 1634 3216 1684 autem
3270 1649 3282 1687 :
3320 1655 3346 1683 ι(
3379 1639 3442 1690 In
3474 1618 3781 1697 castellum

2126 1706 2279 1777 quod
2315 1711 2516 1762 contra
2549 1724 2644 1763 vos
2678 1714 2785 1778 est,
2823 1734 2850 1761 »
2883 1713 3072 1770 Moses
3106 1717 3162 1772 in
3195 1723 3405 1778 Genesi
3434 1725 3573 1782 olim
3606 1729 3788 1800 signi-

2129 1795 2330 1889 ficarat
2359 1795 2559 1889 dicens
2594 1814 2605 1851 :
2645 1799 3018 1889 «Collocavit
3050 1805 3200 1863 Deus
3233 1811 3414 1868 Adam
3469 1833 3498 1870 e
3547 1795 3782 1889 regione

2132 1884 2386 1954 paradisi
2422 1885 2738 1958 voluptatis
2789 1907 2802 1944 :
2837 1890 3136 1965 jussitque
3169 1898 3495 1972 cherubim,
3530 1911 3586 1960 et
3613 1884 3784 1964 tiam-

2135 1990 2329 2028 meum
2375 1973 2635 2046 gladium
2693 1983 2867 2050 atque
2917 1987 3245 2043 versatilem
3297 1994 3592 2051 custodire
3631 1997 3782 2055 viam

2133 2061 2276 2134 ligni
2312 2063 2440 2117 vita:
2476 2065 2536 2120 ‘5.
2577 2090 2597 2117 υ
2635 2066 2835 2138 Neque
2867 2071 3022 2126 enim
3056 2073 3298 2131 alterius
3331 2081 3640 2151 cujusdam
3664 2093 3787 2144 erat

2137 2152 2410 2208 reducere
2445 2171 2549 2209 nos
2582 2156 2650 2209 ad
2677 2155 2868 2214 locum
2905 2163 3058 2216 unde
3081 2164 3382 2226 fueramus
3415 2173 3784 2246 expulsi,nisi

2136 2249 2324 2320 ipsius
2374 2251 2627 2319 Domini,
2680 2256 2778 2325 qui
2824 2257 3126 2316 cherubim
3179 2275 3456 2336 posuerat
3488 2273 3558 2326 ad
3592 2279 3787 2332 custo-

2139 2339 2412 2394 diendam
2437 2339 2588 2395 viam
2614 2341 2756 2414 ligni
2779 2346 2924 2401 vitae.
2951 2347 3178 2406 Nullius
3209 2360 3332 2410 erat
3361 2357 3602 2416 alterius
3626 2379 3788 2421 reve-

2139 2443 2268 2482 care
2299 2445 2404 2484 nos
2434 2446 2499 2484 ex
2530 2431 2768 2488 castello
2800 2450 2829 2488 e
2862 2437 3095 2508 regione
3126 2441 3236 2498 site
3268 2447 3338 2500 ad
3381 2448 3678 2508 caelestem
3708 2455 3790 2510 ci-

2140 2515 2401 2584 vitatem,
2436 2535 2613 2589 quam
2645 2521 2772 2592 ejus
2803 2525 2899 2593 qui
2935 2526 2991 2580 in
3026 2546 3132 2585 nos
3154 2533 3398 2602 protulit
3417 2543 3787 2599 sententiam.

2140 2603 2375 2704 Ita-ergo
2399 2605 3013 2680 intelligetur,asinam
3035 2617 3193 2675 illam
3215 2633 3598 2685 memoratam
3618 2639 3793 2704 atque

2142 2694 2391 2765 pullum,
2443 2713 2571 2794 esse
2620 2703 2802 2794 totum
2865 2703 3189 2766 humanum
3240 2729 3446 2784 genus.
3499 2694 3791 2794 Exemplis

2145 2801 2398 2855 namque
2433 2787 2614 2842 utitur
2643 2789 2839 2846 divina
2870 2794 3170 2867 Scriptura
3203 2819 3215 2856 :
3260 2820 3395 2860 nam
3428 2805 3562 2864 licet
3593 2787 3789 2868 Eccle-

2143 2873 2288 2928 siam
2322 2875 2624 2946 accipiam,
2661 2879 2956 2939 hominem
2989 2888 3277 2960 significo,
3311 2901 3368 2950 et
3417 2897 3467 2951 si
3507 2900 3793 2958 Adamum

2145 2979 2487 3032 memorem,
2538 2985 2652 3022 una
2699 2975 2884 3026 totum
2924 2991 3111 3045 genus
3159 2979 3485 3040 humanum
3539 2988 3789 3048 declare.

2146 3053 2362 3107 Idcirco
2394 3055 2548 3110 enim
2582 3059 2814 3115 advenit
2863 3062 3148 3122 Dominus
3197 3087 3262 3124 ac
3295 3072 3558 3132 Salvator
3595 3087 3796 3137 noster

2143 3144 2314 3237 Jesus
2368 3141 2654 3237 Christus,
2711 3156 2771 3202 ut
2820 3153 2972 3221 quod
3037 3167 3328 3214 erraverat
3387 3164 3707 3237 reduceret,
3739 3179 3796 3226 et

2147 3231 2301 3326 quod
2335 3233 2585 3326 perierat
2616 3252 2881 3306 quarens
2916 3241 3216 3301 inveniret.
3263 3249 3391 3321 Ipse
3422 3231 3795 3326 namque'est

387 3316 481 3372 ’ἱνα
533 3319 594 3373 τὸ
650 3316 1070 3390 πεπλανημένον
1127 3314 1443 3390 ἐπιστρέψῃ,
1494 3314 1582 3368 καὶ
1627 3314 1689 3368 τὸ
1742 3311 2032 3375 ἀπολωλὸς

2148 3321 2245 3391 qui
2304 3320 2477 3376 solvit
2531 3327 2915 3416 compeditos,
2955 3334 3056 3402 qui
3109 3306 3436 3396 contractos

398 3409 630 3478 ζητήσας
663 3406 806 3481 εὕρῃ.
841 3406 1014 3468 Αὐτὸς
1049 3405 1145 3481 γάρ
1196 3404 1334 3459 ἐστιν
1378 3405 1404 3458 ὁ
1439 3402 1583 3459 λύων
1616 3402 1743 3465 τοὺς
1796 3400 2033 3473 πεπεδη-

396 3498 610 3568 μένους,
643 3495 731 3550 καὶ
766 3497 1006 3570 ἀνορθῶν
1052 3494 1178 3556 τοὺς
1229 3492 1720 3570 κατερραγμένους,
1773 3492 1860 3547 καὶ
1911 3495 2034 3546 ἀνα-

391 3584 728 3658 καλούμενος
788 3583 913 3646 τοὺς
963 3583 1302 3651 ἐκπεσόντας,
1351 3583 1438 3637 καὶ
1485 3581 1852 3657 λυτρούμενος
1910 3581 2036 3644 τους

391 3673 807 3749 αἰχμαλώτους.
839 3678 1007 3728 Τοῦτο
1040 3671 1096 3728 δὲ
1148 3672 1372 3746 μηνύων
1423 3674 1450 3726 6
1502 3671 1760 3749 θεοφόρος
1792 3667 1955 3725 Δαῧὶδ
1986 3670 2035 3725 ἐν

395 3763 654 3836 Ψαλμοῖς
716 3760 850 3834 ᾄδει,
913 3762 1106 3840 λέγων·
1172 3788 1198 3814 ‹‹
1263 3761 1636 3836 Ἐπίστρεψον,
1698 3762 1883 3836 Κύριε,
1939 3762 2037 3829 τὴν

392 3851 780 3927 αἰχμαλωσίαν
844 3855 1028 3925 ἡμῶν,
1085 3853 1158 3912 ὡς
1216 3849 1553 3927 χειμάρρους
1615 3849 1665 3904 ἐν
1706 3855 1782 3921 τῷ
1814 3850 1974 3922 νότῳ·
2012 3875 2038 3902 ››

392 3941 548 4004 οὗτός
612 3941 751 3997 ἐστιν
809 3943 836 3996 ὁ
867 3942 954 3996 καὶ
999 3942 1060 3996 τὸ
1112 3940 1300 4003 σκότος
1356 3938 1750 4012 καταλάμπων,
1799 3941 1919 4015 περὶ
1980 3940 2041 3995 οὗ

392 4031 713 4107 γέγραπται·
742 4057 769 4083 ‹‹
806 4029 1072 4087 Γαλιλαία
1102 4035 1208 4084 τῶν
1237 4029 1422 4099 ἐθνῶν,
1457 4029 1484 4083 6
1514 4027 1644 4090 λαὸς
1675 4030 1702 4082 6
1733 4031 2042 4101 καθήμενος

395 4121 447 4176 ἐν
481 4121 657 4176 σκότει
692 4119 798 4176 εἶδε
829 4122 941 4198 φῶς
978 4121 1164 4196 μέγα.»
1201 4126 1312 4189 Τῆς
1343 4119 1445 4194 γὰρ
1471 4117 1768 4193 παρουσίας
1805 4117 1899 4172 τοῦ
1933 4125 2046 4172 Σω-

393 4217 563 4284 τῆρος
619 4209 1053 4284 καταλαμψάσης
1111 4209 1176 4263 τά
1227 4208 1530 4282 σύμπαντα,
1565 4206 1747 4262 λύεται
1784 4205 2040 4277 λοιπὸν

399 4299 591 4354 λοιπὸν
749 4295 869 4360 ὅνος
927 4298 1015 4353 καὶ
1065 4299 1093 4353 6
1142 4297 1331 4359 πῶλος
1374 4296 1433 4352 ἐκ
1473 4301 1580 4351 τῶν
1626 4294 1857 4370 δεσμῶν.
1895 4296 2058 4360 Αὐτὸς
2105 4300 2206 4374 γὰρ
2255 4303 2343 4355 καὶ
2390 4303 2483 4365 τας
2533 4304 2797 4380 ἁμαρτίας
2845 4311 3005 4380 ἡμῶν

398 4390 704 4465 προφήτου·
740 4414 768 4441 ‹‹
803 4389 941 4464 Ἐγώ
974 4387 1087 4460 εἶμι
1120 4388 1147 4441 6
1180 4386 1470 4465 ἐξαλείφων
1501 4385 1595 4448 τὰς
1629 4385 1890 4462 ἁμαρτίας
1925 4408 2040 4444 σου.
2072 4410 2100 4444 ι

465 4482 520 4535 5.
555 4477 821 4551 Δείξωμεν
852 4475 941 4532 οὖν
1001 4476 1089 4532 καὶ
1150 4479 1314 4549 ἡμεῖς
1369 4476 1563 4552 ἀγαθὸν
1621 4479 1688 4548 τῇ
1735 4479 1887 4551 ψυχῇ
1921 4477 2041 4530 ἑαυ-

395 4572 525 4621 τῶν·
559 4567 813 4640 λύσωμεν
846 4567 1018 4621 πάντα
1050 4563 1243 4638 δεσμὸν
1295 4567 1408 4640 (95)
1441 4562 1668 4627 ἀδικίας.
1727 4569 1896 4619 Τοῦτο
1942 4565 2041 4641 γάρ

2147 3425 2281 3481 psos
2313 3417 2560 3479 revocat,
2597 3415 2696 3484 qui
2729 3417 2985 3488 captives
3037 3424 3289 3482 redimit.
3335 3431 3496 3494 Quod
3526 3415 3795 3495 indicans

2149 3497 2327 3597 deiter
2357 3498 2452 3554 ille
2503 3501 2682 3597 David
2715 3503 2772 3558 in
2806 3506 3056 3566 Psalmis
3088 3511 3167 3568 ita
3199 3517 3354 3572 canit
3386 3536 3399 3575 :
3434 3544 3461 3570 α
3497 3524 3795 3597 Converte,

2148 3587 2415 3660 Domine,
2449 3592 2844 3662 captivitatem
2906 3607 3190 3674 nostram,
3250 3605 3402 3662 sicut
3455 3616 3684 3670 torrens
3740 3587 3796 3671 in

2150 3683 2348 3775 austro
2383 3679 2440 3734 '°.
2470 3704 2495 3730 ››
2546 3679 2646 3735 Hic
2679 3687 2907 3775 estqui
2957 3692 3226 3748 tenebras
3271 3694 3546 3770 illustrat,
3580 3704 3652 3758 de
3684 3722 3799 3775 quo

2152 3766 2434 3863 scriptum
2469 3774 2558 3824 est
2591 3788 2601 3824 :
2628 3796 2659 3863 α,
2690 3772 2924 3863 Calilaza
2954 3779 3240 3853 gentium,
3271 3766 3652 3863 populus-qui
3683 3766 3801 3849 am-

2152 3854 2391 3910 bulabat
2421 3857 2477 3911 in
2512 3861 2769 3916 tenebris
2803 3864 2946 3919 vidit
2977 3866 3162 3924 lucem
3201 3854 3474 3944 magnam
3527 3854 3588 3936 ‘7:
3624 3904 3652 3931 ››
3681 3884 3803 3939 Sal-

2152 3944 2364 4000 vateris
2398 3947 2614 4020 quippe
2645 3952 2891 4006 adventu
2927 3962 3138 4014 cuncta
3167 3959 3519 4031 illustrante,
3562 3969 3808 4030 solvitur

2153 4033 2391 4088 demum
2426 4037 2591 4090 asina
2632 4044 2804 4110 atque
2855 4043 3052 4113 pullus
3085 4063 3154 4102 ex
3185 4049 3450 4110 vinculis.
3488 4057 3616 4128 Ipse
3647 4062 3804 4117 enim

2154 4126 2618 4223 peccata-nostra
2653 4129 2803 4194 tulit,
2849 4138 2912 4184 ut
2940 4150 3041 4203 per
3089 4139 3434 4209 prophetam
3468 4126 3547 4201 ait
3579 4165 3592 4203 :
3629 4173 3654 4199 «
3690 4151 3806 4223 Ego

2155 4230 2285 4268 sum
2319 4214 2420 4285 qui
2453 4215 2616 4271 deleo
2649 4225 2883 4288 peccata
2915 4230 3013 4278 tua
3045 4227 3104 4280 ¹³.
3139 4249 3166 4276 ››

3057 4315 3208 4406 ἦρεν,
3264 4319 3338 4381 ὥς
3388 4344 3518 4400 φησι
3569 4323 3658 4381 διὰ
3708 4334 3807 4385 τοῦ

2222 4481 2678 4567 ξ).08ιοοάθωυε
2701 4504 2836 4559 ergo
2858 4495 2913 4544 ct
2936 4509 3040 4548 nes
3063 4494 3279 4552 bonum
3306 4500 3514 4558 animae
3554 4512 3805 4567 nostrae:

2155 4562 2452 4620 solvamus
2475 4581 2646 4622 omne
2677 4568 3004 4641 iniquitatis
3039 4576 3356 4635 vinculum.
3387 4582 3531 4642 lllud
3557 4562 3810 4662 namque

399 4656 508 4711 ἐστι
538 4658 600 4711 τὸ
631 4656 833 4733 κυρίως
867 4656 1086 4732 ἀγαθὸν,
1141 4653 1232 4709 ’ίνα
1284 4653 1334 4709 ἐν
1387 4656 1468 4716 οἷς
1513 4655 1673 4716 αὐτὸς
1725 4655 1751 4708 ὁ
1797 4652 2032 4710 διδάσκω

2161 4662 2251 4707 cst
2283 4655 2512 4747 prepri‘e
2535 4658 2750 4713 bonum
2779 4679 2790 4714 2
2817 4666 2881 4716 ut
2902 4667 3176 4734 quoniam
3203 4670 3326 4741 ipse
3359 4673 3637 4747 Magister
3658 4652 3812 4737 recte

401 4745 496 4807 λος
535 4745 708 4820 ὀρθῶς
743 4745 830 4800 καὶ
862 4749 1045 4807 καλῶς
1083 4742 1491 4815 ἐπολιτεύσατο,
1553 4743 1903 4817 μανθάνωμεν
1952 4743 2043 4798 αύ-

397 4835 488 4889 τὸν
527 4836 602 4907 μὴ
636 4834 786 4911 Λόγῳ
839 4834 1001 4908 μόνον
1053 4829 1488 4908 παραδεδωκέναι
1538 4835 1697 4904 ἡμῖν,
1759 4831 1902 4887 ἀλλὰ
1957 4833 2046 4888 καὶ

401 4923 675 4999 πράγμασι
705 4925 771 4978 τὰ
832 4924 1192 5001 συμφέροντα.
1253 4924 1446 4978 ’Ἄκουε
1500 4923 1600 4997 γάρ
1651 4920 1814 4974 αὐτοῦ
1865 4923 2048 4997 λέγον-

396 5035 487 5075 τος
520 5012 608 5067 διὰ
636 5017 732 5068 τοῦ
766 5015 1071 5090 προφήτου·
1135 5036 1162 5064 ‹‹
1223 5015 1439 5084 Πνεῦμα
1497 5011 1696 5086 Κυρίου
1728 5011 1808 5064 ἐπ’
1841 5009 1956 5083 ἐμὲ,
1987 5011 2048 5065 οὗ

397 5101 572 5158 ἕνεκεν
607 5099 794 5178 ἔχρισέ
828 5123 914 5174 με,
967 5099 1409 5176 εὐαγγελίσασθαι
1461 5103 1708 5175 πτωχοῖς
1749 5097 2049 5154 ἀπέσταλκέ

405 5213 492 5266 με,
554 5191 800 5247 ἰάσασθαι
860 5191 987 5253 τοὺς
1063 5190 1548 5264 συντετριμμένους
1635 5189 1734 5257 τὴν
1801 5185 2050 5264 καρδίαν,

399 5281 627 5355 κηρύξαι
686 5279 1073 5356 αἰχμαλώτοις
1131 5277 1338 5357 ἄφεσιν,
1395 5280 1484 5333 καὶ
1534 5275 1762 5354 τυφλοῖς
1822 5272 2050 5332 ἀνάϐλε-

400 5373 512 5445 ψιν.
551 5394 578 5421 ››
615 5372 883 5441 Δήσαντες
915 5369 1016 5445 γὰρ
1047 5370 1206 5441 ἡμῶν
1240 5364 1409 5430 πόδας
1458 5368 1547 5421 καὶ
1601 5371 1788 5442 χεῖρας
1840 5366 1890 5420 οἱ
1946 5365 2052 5442 πρὸ

400 5459 596 5516 τούτου
635 5459 836 5532 κύριοι,
890 5457 1330 5533 ᾐχμαλώτευσαν
1380 5459 1550 5530 ἡμᾶς,
1599 5455 1927 5533 προκόπτειν
1957 5453 2054 5510 οὐκ

475 5578 519 5613 ¹³
569 5579 678 5634 Isa.
721 5593 854 5642 XLII,
895 5578 952 5644 6,
989 5575 1044 5632 7.
1180 5576 1222 5610 ¹⁵
1261 5575 1403 5632 Gen.
1447 5591 1530 5644 xu,
1571 5575 1662 5632 24.

402 5667 514 5718 LXI,
550 5651 598 5704 1.

476 5765 587 5839 (95)
618 5765 758 5838 Reg.
790 5757 1110 5837 σύνδεσμον.

1775 5575 1817 5610 ¹⁶
1857 5573 2012 5630 Psal.
2053 5588 2214 5640 exxv,
2259 5574 2310 5626 4.

2158 4751 2329 4814 atque
2365 4745 2541 4815 probe
2573 4755 2951 4807 conversatus
2975 4761 3083 4824 est,
3103 4757 3436 4818 ediscamus
3461 4745 3806 4838 ipsum,non

2155 4835 2331 4887 verbo
2363 4839 2612 4900 tantum,
2647 4839 2744 4892 sed
2790 4857 2849 4894 re
2879 4840 3027 4913 ipsa,
3062 4848 3228 4903 nobis
3274 4835 3806 4925 congruentiartra-

2159 4921 2400 4976 didisse.
2429 4924 2574 4978 Audi
2601 4926 2755 4980 enim
2790 4927 2952 4984 illum
2985 4935 3278 5005 propheta:
3311 4921 3444 4997 voce
3477 4944 3764 5002 dicentem
3795 4965 3808 5002 :

2163 5031 2186 5060 ‹ι
2238 5011 2490 5081 Spiritus
2539 5014 2967 5090 Dominisuper
3025 5039 3135 5091 me,
3173 5033 3405 5098 propter
3435 5035 3590 5101 quod
3648 5035 3812 5092 unxit

2162 5115 2272 5164 me,
2307 5101 2698 5170 evangelizare
2731 5109 3085 5178 pauperibus
3118 5113 3278 5169 misit
3309 5134 3420 5188 me,
3451 5138 3655 5177 scnure
3677 5141 3809 5180 con-

2160 5187 2327 5242 tritos
2375 5191 2545 5244 corde
2605 5196 2917 5262 praedicare
2965 5199 3209 5270 captivis
3260 5187 3688 5278 remissionem,
3751 5220 3810 5270 et

2143 5277 2326 5336 caecis
2357 5279 2519 5355 visus
2552 5284 2980 5341 restitutionem
3006 5288 3065 5342 '9.
3091 5312 3118 5339 »
3145 5292 3250 5356 Qui
3281 5293 3438 5350 enim
3470 5306 3603 5354 ante
3627 5277 3807 5359 istum

2163 5366 2385 5458 domini
2417 5374 2600 5440 erant,
2634 5370 2828 5443 ligatis
2859 5377 3108 5446 pedibus
3141 5379 3529 5458 manibusque
3572 5405 3678 5445 nos
3709 5408 3806 5447 ca-

2163 5456 2352 5527 ptivos
2382 5458 2682 5524 tenebant,
2714 5479 2818 5517 nec
2857 5465 3271 5535 permittebant
3301 5488 3408 5528 nos
3437 5456 3716 5545 proﬁcere
3748 5481 3807 5537 in

2426 5575 2467 5609 1⁷
2512 5575 2619 5632 Isa.
2660 5594 2738 5649 χι,
2770 5583 2822 5634 2.
2940 5583 2982 5617 ¹⁸
3011 5583 3122 5641 Isa.
3179 5603 3336 5661 XLIII,
3386 5592 3478 5648 25.

3594 5597 3638 5632 ¹⁹
3694 5599 3808 5660 Isa.
