4120 6394
421 383 574 443 1031

1581 373 1644 432 S.
1699 368 2221 430 ATHANASIUS.
2254 403 2331 412 ——
2359 368 2665 431 SPURIA.

3698 381 3842 445 1032

420 516 510 570 via
542 512 901 569 veritatis.At
930 510 1031 567 Dei
1062 509 1244 567 Filius
1283 522 1422 579 erga
1453 504 1722 561 homines
1757 502 2049 575 benignus

2186 499 2564 575 ἐπιτρέποντες
2596 504 2665 576 τῇ
2707 499 2820 576 ὁδῷ
2865 507 2968 572 τῆς
3020 501 3301 573 ἀληθείας.
3356 503 3525 561 ’Δλλ’
3571 508 3599 562 6
3652 511 3832 587 φιλάν-

422 604 489 659 ad
540 619 726 676 genus
778 601 1110 657 humanum
1165 596 1593 671 peregrinatus,
1636 610 1741 648 nos
1786 591 2073 646 liberavit.

421 692 690 764 Proprios
721 691 877 747 enim
910 687 1233 759 discipulos
1267 682 1745 754 misit,solvitque
1769 697 1925 735 nosa
1958 679 2076 735 vin-

419 781 565 836 culis
590 777 1126 835 diaboli.Mirabilia
1148 777 1345 847 itaque
1368 773 1466 828 illa
1489 771 1658 842 signa
1681 788 1711 825 a
1732 771 1869 826 Jesu
1893 769 2070 835 edita,

417 869 553 925 licet
582 868 908 925 secundum
938 864 1248 922 historiam
1280 860 1548 918 sensibili
1580 861 1748 917 modo
1783 858 1933 913 facta
1955 858 2073 912 fue-

420 959 560 1029 rint,
601 961 660 1012 at
697 954 1095 1029 spiritualium
1118 953 1309 1026 gratia
1338 953 1505 1023 gesta
1531 952 1689 1005 sunt.
1721 947 1856 1011 Quae
1889 945 2071 1002 histo-

420 1049 565 1104 riam
598 1049 865 1119 spectant
909 1043 1150 1116 impleta
1202 1040 1441 1113 quidem
1472 1042 1634 1105 sunt,
1656 1041 1831 1109 atque
1861 1034 2071 1089 divinae

419 1154 514 1194 res
534 1141 720 1203 erant,
747 1151 874 1208 quo
895 1133 969 1190 iis
996 1131 1503 1205 significabantur.
1526 1127 1648 1184 Nisi
1680 1125 1838 1182 enim
1860 1124 2072 1180 divina

419 1244 512 1283 res
546 1226 795 1281 fuissent
824 1222 1191 1297 significatis,
1222 1234 1595 1291 nequaquam
1631 1214 1927 1288 propheta
1969 1213 2072 1268 ad-

414 1319 657 1372 ventum
707 1313 897 1386 ipsius
946 1308 1393 1384 praenuntiaturi
1438 1307 1706 1363 fuissent.
1749 1303 1931 1359 Isaias
1962 1303 2071 1358 ita-

417 1420 533 1477 que
575 1404 792 1460 clamat
834 1402 1034 1458 dicens
1087 1417 1100 1456 :
1156 1421 1184 1451 ι(
1235 1398 1379 1455 Ecce
1427 1397 1547 1453 Rex
1593 1400 1735 1451 tuus
1776 1392 1934 1449 venit
1960 1390 2069 1447 tibi

418 1497 787 1561 mansuetus,
819 1491 1030 1549 sedens
1059 1505 1236 1561 super
1265 1489 1493 1543 asinam
1525 1490 1583 1542 et
1613 1483 1841 1558 pullum
1876 1481 2065 1537 filium

412 1580 744 1656 subjugalis
773 1581 837 1636 ⁸ο.
881 1579 1045 1636 Hisce
1076 1596 1109 1635 a
1136 1581 1271 1636 Jesu
1315 1574 1689 1632 mirabilibus
1720 1569 2067 1646 perpetratis

408 1671 595 1745 signis
617 1670 764 1727 nihil
795 1668 1218 1741 adjiciendum,
1250 1665 1399 1723 nihil
1442 1661 1892 1722 detrahendum.
1925 1659 2063 1716 Om-

408 1761 507 1816 nia
536 1759 695 1816 enim
737 1758 985 1832 perfecte
1027 1761 1087 1813 et
1130 1756 1354 1827 absque
1397 1751 1519 1810 ullo
1570 1752 1801 1808 defectu
1850 1747 2062 1805 effecit.

402 1849 537 1907 Erat
575 1864 831 1921 namque
860 1852 1066 1920 potens
1090 1846 1151 1901 in
1181 1861 1354 1917 opere
1382 1848 1439 1900 et
1459 1840 1887 1899 sermoneﬂzec
1917 1851 2060 1893 sane

396 1938 713 1996 Psalmista
741 1937 999 1995 declarat
1046 1934 1142 1991 his
1184 1934 1376 1990 verbis
1407 1951 1420 1990 :
1458 1957 1479 1982 ι
1516 1930 1830 2003 Accingere
1859 1925 2054 2000 gladio

394 2033 498 2085 tuo
529 2044 709 2100 super
736 2027 928 2082 femur
956 2031 1143 2093 tuum,
1170 2020 1600 2097 potentissime.
1628 2018 1833 2092 Specie
1868 2021 1969 2072 tua
1998 2020 2057 2072 et

396 2116 835 2191 pulchritudine
880 2119 1007 2181 tua,
1056 2113 1316 2181 intende,
1381 2125 1658 2184 prospere
1690 2107 1961 2181 procede,
1995 2108 2054 2161 et

398 2222 579 2279 regna
608 2206 676 2261 ³1.
715 2229 735 2256 ι
774 2205 984 2278 Magna
1031 2204 1230 2274 itaque
1260 2200 1519 2275 potentia
1549 2216 1657 2256 sua
1685 2202 1878 2271 totum.
1906 2195 2050 2251 libe-

399 2295 549 2353 ravit
576 2296 904 2352 humanum
938 2310 1141 2368 genus.

462 2476 517 2530 6.
550 2477 683 2531 Haec
713 2489 887 2547 porro
915 2472 1089 2529 Jesus
1121 2470 1294 2544 signa
1326 2470 1457 2526 fecit
1488 2482 1744 2541 presens
1775 2464 1899 2537 ipse
1942 2480 2046 2519 no-

398 2565 650 2630 hiscum,
685 2567 751 2620 ut
779 2562 1097 2618 timeamus
1120 2578 1153 2615 a
1197 2559 1341 2615 facie
1370 2559 1519 2629 ejus.
1554 2556 1716 2621 Quod
1752 2558 2047 2631 autem_ca

395 2656 517 2710 sint
548 2651 848 2710 sensibilia
894 2649 1290 2722 spiritualium
1340 2645 1622 2721 symbols,
1668 2643 1827 2701 audi.
1874 2642 2047 2699 Venit

393 2745 611 2816 quippe
632 2742 896 2799 Salvator
915 2741 973 2795 in
998 2739 1204 2811 primis
1236 2743 1298 2794 ut
1318 2736 1574 2793 hominis
1591 2735 1849 2790 animam
1876 2733 2046 2787 bene-

394 2834 521 2889 flcio
574 2832 835 2887 donaret.
888 2834 963 2884 At
1008 2827 1480 2901 quandoquidem
1542 2824 1743 2879 multis
1776 2823 2042 2894 ignotum

389 2921 536 2977 illud
578 2921 725 2977 877
762 2925 906 2985 erat,
942 2936 1041 2991 per
1083 2918 1416 2974 curationes
1464 2916 1575 2971 sub
1607 2918 1908 2984 aspectum
1942 2927 2042 2965 ca-

391 3015 615 3084 dentes,
648 3011 936 3068 occultam
968 3009 1217 3065 salutcm
1245 3008 1452 3063 animae
1492 3006 1809 3061 indicabat.
1848 3002 2041 3057 Enim-

389 3120 525 3159 vero
556 3104 691 3174 ipsi,
741 3103 883 3155 dum
930 3099 1274 3155 concederet
1305 3099 1674 3169 peccatorum
1725 3091 2040 3165 paralytico

387 3189 971 3260 remissionem,fides
1008 3204 1121 3243 non
1144 3187 1503 3242 habebatur:
1532 3183 1804 3238 dicebant
1825 3180 2041 3253 quippe

2184 591 2400 662 θρωπος
2448 595 2547 645 τοῦ
2574 595 2708 647 Θεοῦ
2737 591 2881 661 Υἱὸς,
2914 587 3261 666 ἐπιδημήσας
3291 596 3372 665 τῷ
3420 593 3557 670 γένει
3603 595 3707 651 τῶν
3749 599 3828 655 ἆν-

2185 678 2442 754 θρώπων,
2502 678 2875 753 ἠλευθέρωσεν
2930 683 3102 754 ἡμᾶς.
3180 680 3497 738 Ἀπέστειλε
3554 686 3653 760 γὰρ
3706 689 3825 750 τοὺς

2185 768 2375 823 ἑαυτοῦ
2411 770 2680 842 μαθητὰς,
2711 769 2799 824 καὶ
2832 766 3017 824 ἔλυσεν
3048 772 3200 842 ἡμᾶς
3245 769 3307 826 ἐκ
3349 775 3457 826 τῶν
3501 778 3599 827 τοῦ
3647 770 3824 831 διαϐό-

2184 855 2286 911 λου
2337 855 2572 931 δεσμῶν.
2617 857 2824 916 Οὐκοῦν
2873 858 2941 915 τὰ
2988 858 3256 934 γενόμενα
3307 858 3587 937 παράδοξα
3634 871 3826 936 σημεῖα

2181 949 2327 1022 παρὰ
2372 952 2469 1002 τοῦ
2522 950 2723 1019 Ἰησοῦ,
2782 948 2876 1003 κᾶν
2941 948 3213 1019 αἰσθητῶς
3260 950 3397 1005 κατὰ
3445 951 3543 1020 τήν
3595 951 3823 1029 ἱστορίαν

2183 1035 2417 1112 ἐγένετο,
2449 1035 2594 1092 ἀλλὰ
2623 1042 2835 1108 νοητῶν
2882 1039 3044 1115 χάριν
3093 1036 3327 1113 ἐγένετο·
3377 1038 3649 1096 Ἐτελεῖτο
3701 1047 3823 1118 γοῦν

2180 1125 2247 1180 τὰ
2273 1128 2371 1196 τῆς
2417 1124 2681 1203 ἱστορίας·
2730 1127 2820 1181 καὶ
2867 1126 3162 1203 πράγματα
3206 1130 3271 1198 ἦν
3305 1133 3422 1192 θεῖα
3468 1130 3535 1184 τὰ
3565 1132 3820 1204 σημαινό-

2185 1235 2337 1289 μενα.
2371 1215 2435 1273 Εἰ
2470 1216 2546 1290 μή
2577 1217 2680 1291 γὰρ
2711 1216 3002 1293 πράγματα
3040 1217 3159 1273 θεῖα
3203 1219 3267 1287 ἧν
3312 1218 3381 1273 τὰ
3429 1218 3821 1293 σημαινόμενα,

2181 1302 2280 1359 οὐκ
2305 1304 2364 1359 ἃν
2398 1304 2570 1368 οὕτως
2620 1301 2823 1378 ἔμελλε
2870 1310 2987 1367 τοῖς
3029 1308 3335 1385 προφήταις
3363 1306 3699 1384 προκηρύξαι
3733 1309 3820 1364 αὖ·

2177 1397 2274 1448 τοῦ
2346 1396 2445 1464 τὴν
2524 1391 2843 1467 ἐπιδημίαν.
2919 1392 3144 1458 Ἡσαΐας
3241 1394 3332 1451 οὗν
3432 1397 3555 1471 βοᾷ,
3633 1398 3820 1473 λέγων’

2178 1507 2206 1535 ‹‹
2242 1480 2381 1539 Ἰδοὺ
2414 1484 2442 1538 6
2477 1483 2730 1560 βασιλεύς
2762 1506 2857 1539 σου
2890 1480 3108 1560 ἔρχεταί
3169 1507 3254 1540 σοι
3310 1486 3508 1561 πραῢς,
3567 1487 3655 1541 καὶ
3710 1486 3820 1541 ἐπι-

2177 1566 2429 1643 ϐεϐηκὼς
2459 1572 2548 1628 ἐπὶ
2579 1568 2701 1628 ὄνον
2730 1572 2819 1628 καὶ
2846 1571 3059 1640 πῶλον,
3093 1574 3209 1629 υἱὸν
3254 1575 3578 1650 ὑποζυγίου·
3631 1601 3653 1631 ι
3705 1576 3820 1631 Ἐπὶ

2172 1661 2390 1725 τούτοις
2445 1668 2562 1725 τοῖς
2621 1664 2929 1740 γενομένοις
2994 1660 3320 1739 παραδόξοις
3378 1663 3636 1738 σημείοις
3682 1665 3819 1743 παρὰ

2171 1754 2268 1805 τοῦ
2301 1752 2480 1822 Ἰησοῦ
2531 1750 2631 1806 οὐκ
2661 1749 2802 1807 ἔστιν
2854 1752 2977 1807 οὑτε
3022 1759 3348 1828 προσϐῆναι,
3402 1750 3528 1809 οὔτε
3584 1752 3815 1833 ἀφελεῖν.

2172 1839 2352 1895 Πάντα
2398 1841 2500 1915 γὰρ
2550 1839 2777 1904 τελείως
2821 1842 2911 1896 καὶ
2940 1840 3249 1905 ἀνελλιπῶς
3281 1841 3564 1914 ἐποίησεν.
3600 1846 3695 1899 Ἦν
3723 1842 3816 1919 γὰρ

2169 1926 2387 1992 δυνατὸς
2417 1929 2468 1984 έν
2500 1925 2683 2005 ἔργοις
2713 1931 2803 1985 καὶ
2852 1930 3043 2005 Λόγοις
3095 1930 3281 1989 αὐτοῦ.
3342 1930 3569 2005 Ἀμέλει
3617 1932 3813 1987 τούτων

2169 2019 2390 2091 μηνύων
2419 2018 2508 2075 καὶ
2542 2021 2569 2074 6
2602 2016 2906 2093 ψαλμῳδὸς
2940 2018 3110 2097 ἔλεγε·
3150 2045 3171 2071 α
3210 2019 3519 2098 Περίζωσαι
3551 2022 3653 2090 τὴν
3685 2020 3813 2096 ῥομ-

2164 2108 2321 2185 φαίαν
2352 2130 2447 2164 σου
2477 2108 2565 2164 ἐπὶ
2597 2110 2688 2164 τὸν
2738 2109 2914 2185 μηρόν
2958 2130 3075 2181 σου,
3128 2107 3337 2168 δυνατέ.
3389 2116 3469 2186 Τῇ
3523 2110 3813 2188 ὡραιότητί

2163 2219 2259 2253 σου
2288 2197 2377 2253 καὶ
2406 2203 2486 2271 τῷ
2515 2196 2709 2254 κάλλει
2741 2219 2836 2253 σου
2868 2199 2956 2254 καὶ
2985 2195 3182 2255 ἔκτεινε
3211 2202 3346 2274 (96),
3374 2200 3469 2256 καῖ
3501 2197 3808 2271 κατευοδοῦ,

2160 2287 2247 2343 καὶ
2281 2287 2553 2364 βασίλευε.
2589 2312 2616 2339 ››
2647 2291 2724 2361 Τῇ
2751 2292 2879 2364 γοῦν
2914 2285 3140 2361 δυνάμει
3174 2289 3341 2345 αὐτοῦ
3371 2289 3445 2366 τῇ
3478 2289 3685 2367 μεγάλῃ
3711 2294 3810 2345 πᾶ-

2160 2398 2250 2431 σαν
2284 2376 2627 2453 ἠλευθέρωσε
2658 2379 2755 2446 τὴν
2787 2377 3203 2452 ἀνθρωπότητα.

2226 2469 2279 2524 6.
2312 2471 2486 2521 Ταῦτα
2519 2464 2576 2521 δὲ
2606 2466 2828 2538 ἐποίησε
2855 2467 2921 2522 τὰ
2960 2473 3161 2541 σημεῖα
3191 2470 3378 2543 παρὼν
3434 2468 3595 2530 αὐτὸς
3638 2469 3665 2523 ὁ
3700 2468 3802 2538 Ἰη-

2156 2560 2280 2617 σοῦς
2315 2558 2431 2629 μεθ’
2462 2558 2646 2629 ἡμῶν,
2682 2554 2773 2611 ’ίνα
2822 2552 3153 2634 φοϐηθῶμεν
3207 2558 3312 2613 ἀπὸ
3362 2560 3664 2636 προσώπου
3712 2556 3801 2611 αύ-

2152 2650 2275 2701 τοῦ.
2324 2647 2449 2703 ’Ὀτι
2508 2643 2564 2701 δὲ
2612 2647 2678 2700 τὰ
2734 2645 2965 2716 αἰσθητᾶ
3034 2642 3287 2720 σύμϐολα
3362 2649 3577 2720 νοητῶν
3642 2646 3801 2715 ἐστιν,

2156 2733 2334 2792 ἄκουε.
2371 2733 2719 2807 Ἐπεδήμησε
2746 2736 2846 2810 γᾶρ
2879 2736 2906 2789 6
2940 2737 3160 2812 Σωτὴρ,
3187 2735 3279 2792 ἵνα
3306 2739 3405 2807 τὴν
3460 2742 3557 2793 τοῦ
3598 2735 3799 2812 ἀνθρώ-

2152 2846 2256 2878 που
2300 2826 2484 2899 ψυχὴν
2530 2824 2959 2900 προηγουμένως
3009 2825 3346 2901 εὐεργετήση.
3399 2826 3562 2883 Ἀλλ’
3621 2822 3797 2893 ἐπειδὴ

2149 2918 2311 2967 τοῦτο
2342 2919 2456 2976 τοῖς
2489 2913 2726 2975 πολλοῖς
2767 2912 3045 2988 ἄγνωστον
3092 2915 3182 2985 ἦν,
3225 2913 3312 2969 διὶ
3358 2920 3471 2971 τῶν
3518 2915 3799 2992 ὁρωμένων

2154 3002 2344 3056 ἷάσεων
2392 3003 2491 3071 τὴν
2540 3002 2919 3079 κεκρυμμένην
2977 3004 3075 3072 τῆς
3125 3007 3311 3079 ψυχῆς
3362 3004 3639 3079 σωτηρίαν
3673 3001 3800 3059 ἐδεί-

2148 3112 2325 3147 κνυεν.
2383 3090 2607 3163 Ἀμέλει
2660 3096 2740 3163 τῷ
2793 3089 3161 3165 παραλυτικῶ
3220 3094 3404 3171 ἄφεσιν
3466 3099 3575 3150 τῶν
3634 3095 3796 3167 ἀμαρ-

2147 3186 2278 3235 τιῶν
2340 3178 2730 3257 δωρησάμενος
2784 3183 3086 3249 ἡπιστεῖτο·
3139 3180 3328 3257 ἔλεγον
3377 3186 3482 3259 γὰρ
3529 3180 3791 3242 Ἰουδαῖοι·

384 3280 571 3337 Judaei
605 3296 618 3334 :
651 3301 680 3329 ‹‹
714 3255 851 3342 Quis
879 3281 1068 3349 potest
1116 3280 1352 3348 peccata
1383 3273 1698 3341 dimittere,
1732 3271 1843 3325 nisi
1876 3269 2037 3326 solus

2161 3296 2174 3321 ι
2212 3270 2304 3332 Τίς
2338 3268 2554 3324 δύναται
2588 3270 2850 3343 ἁμαρτίας
2884 3270 3113 3348 ἀφιέναι,
3142 3270 3185 3325 εἰ
3221 3272 3297 3344 μὴ
3334 3272 3505 3345 μόνος
3540 3275 3566 3328 ὁ
3598 3271 3720 3333 Θεὸς
3746 3290 3790 3336 ;»

387 3370 540 3425 Deus
558 3367 726 3422 ²²Ῡ⁶ἶα
748 3366 964 3422 Dehinc
982 3370 1295 3437 postquam
1322 3363 1477 3434 quod
1500 3360 1793 3417 occultum
1818 3376 1883 3414 ac
1907 3375 2045 3431 prea-

386 3458 629 3530 cipuum
659 3461 784 3511 erat
811 3454 1061 3511 latenter
1102 3454 1349 3519 fecerat;
1383 3451 1640 3507 secundo
1676 3448 1799 3504 loco
1831 3465 2047 3521 corpus

388 3544 631 3603 curavit.
676 3545 773 3600 Ait
828 3544 981 3599 cnim
1036 3542 1149 3615 ipsi
1186 3559 1198 3597 :
1232 3564 1260 3591 «
1296 3541 1503 3613 Surge,
1553 3538 1689 3594 tolle
1736 3539 2043 3610 grabatum

385 3644 582 3703 tuum,
612 3639 670 3690 et
702 3632 941 3691 ambula
973 3633 1041 3688 ⁵³.
1069 3656 1090 3681 ι
1128 3630 1307 3686 Vides
1331 3646 1505 3701 quam
1532 3628 1645 3684 cito
1666 3627 1762 3684 hic
1792 3626 2043 3683 vinculis

384 3724 647 3781 solvatur
679 3740 692 3779 :
724 3740 832 3778 nec
863 3722 1056 3778 solum
1106 3719 1376 3775 exteriori
1418 3718 1721 3774 curatione
1752 3718 1993 3774 solvitu‘r
2027 3735 2040 3774 :

384 3814 482 3869 sed
519 3812 702 3868 tantis
733 3812 909 3867 etiam
946 3809 1206 3881 peccatis
1234 3808 1554 3863 liberatur:
1589 3807 1706 3863 imo
1728 3824 1861 3863 eum
1896 3823 2045 3879 quo-

381 3920 493 3974 que
523 3899 840 3957 curationis
866 3915 1189 3971 praeconem
1222 3897 1522 3953 exhibuit:
1560 3914 1626 3962 ac
1656 3898 1893 3952 demum
1918 3914 2042 3967 quin

380 3991 647 4047 sensibili
681 3991 854 4045 modo
879 3994 1043 4061 gesta
1070 3992 1227 4054 sunt,
1253 3985 1654 4059 spiritualium
1688 3986 1878 4058 gratia
1908 4001 2041 4058 age-

382 4080 617 4136 bantur.
664 4080 745 4135 Ea
766 4095 1000 4152 quoque
1024 4078 1095 4133 de
1117 4093 1295 4133 causa
1318 4077 1639 4132 mittuntur
1678 4081 1735 4132 et
1766 4074 2041 4147 discipuli

385 4170 441 4224 in
475 4167 781 4224 castellum
814 4184 882 4224 ex
906 4168 1146 4223 adverso
1164 4166 1441 4232 situm,ac
1473 4163 1706 4220 solvunt
1726 4165 1953 4220 asinam
1983 4170 2041 4220 et

382 4258 635 4331 pullum,
663 4256 836 4313 sicuti
868 4274 901 4312 a
933 4256 1215 4329 magistro
1237 4257 1474 4325 jussum
1509 4254 1657 4326 ipsis
1690 4254 1894 4309 fuerat.
1921 4254 2038 4311 Hoc

381 4353 577 4403 autem
610 4346 783 4419 plane
807 4346 1025 4402 factum
1052 4342 1649 4416 est,ut.implerentur
1677 4343 1879 4399 Jacobi
1905 4360 2036 4414 pro-

378 4437 611 4509 phetia.
670 4436 816 4492 Cum
865 4434 1232 4491 benediceret
1261 4433 1418 4488 enim
1451 4432 1759 4488 duodecim
1789 4432 2037 4503 patriar-

377 4525 540 4595 chas,
574 4525 675 4581 ubi
723 4524 795 4580 ad
826 4523 856 4579 J
866 4523 1041 4578 udam
1078 4521 1355 4593 pervenit,
1391 4520 1719 4594 prOphetat,
1752 4537 1819 4576 ac
1840 4520 2037 4576 divina

2160 3359 2310 3430 Εἶτα,
2363 3357 2550 3427 ἐπειδή
2607 3360 2669 3413 τὸ
2724 3360 2920 3437 ἀφανὲς
2957 3359 3045 3413 καὶ
3102 3362 3521 3437 προηγούμενον
3581 3362 3801 3431 ποιήσας

2156 3447 2428 3519 ἐλάνθανε,
2461 3449 2597 3503 κατὰ
2628 3447 2875 3521 δεύτερον
2910 3447 3073 3524 λόγον
3123 3450 3213 3503 καὶ
3260 3451 3322 3504 τὸ
3382 3458 3547 3526 σῶμα
3603 3451 3799 3505 ἰάσατο.

2158 3538 2289 3593 Eine
2317 3539 2417 3613 γὰρ
2452 3536 2615 3607 αύτῷ·
2652 3562 2678 3588 ι(
2727 3538 2996 3613 Ἕγειραι,
3046 3538 3173 3612 ἆρον
3205 3540 3296 3593 τὸν
3348 3537 3656 3616 κράϐὅατόν
3691 3558 3798 3605 σου,

2151 3626 2240 3680 καὶ
2292 3625 2595 3701 περιπάτει,
2650 3651 2676 3678 ››
2737 3626 2921 3701 Ὁρᾷς,
2973 3631 3090 3689 πῶς
3137 3629 3355 3703 ταχέως
3398 3630 3556 3687 οὗτος
3592 3627 3801 3685 λέλυται

2154 3716 2260 3769 ἀπὸ
2289 3720 2396 3769 τῶν
2456 3712 2691 3787 δεσμῶν·
2742 3716 2832 3769 καὶ
2884 3714 2944 3770 οὐ
3004 3716 3167 3788 μόνον
3214 3715 3301 3771 διὰ
3343 3726 3449 3789 τῆς
3502 3717 3687 3791 ἔξωθεν
3722 3712 3796 3769 ἰά-

2152 3824 2286 3866 σεως
2317 3802 2563 3872 λέλυται,
2617 3803 2762 3860 ἀλλὰ
2790 3804 2879 3859 καὶ
2909 3809 3015 3859 τῶν
3061 3806 3338 3861 τοσούτων
3394 3805 3797 3883 ἁμαρτημάτῶν

2153 3891 2548 3969 ἐλευθεροῦται·
2613 3892 2688 3948 ἔτι
2754 3895 2861 3966 μὴν
2921 3894 3012 3949 καὶ
3070 3897 3281 3970 κήρυκα
3346 3904 3446 3967 τῆς
3532 3893 3802 3973 Θεραπείας

2151 3982 2309 4037 αύτὸν
2340 3982 2599 4055 ἀπέδειξε,
2633 3983 2721 4038 καὶ
2754 3983 2901 4046 ὅλως
2930 3984 2996 4039 τὰ
3037 3985 3305 4060 γενόμενα
3354 3986 3637 4058 αἰσθητῶς
3677 4004 3802 4052 νοη-

2149 4076 2253 4126 τῶν
2291 4073 2449 4149 χάριν
2485 4072 2739 4149 ἐγίνοντο.
2792 4074 2889 4127 Διά
2928 4094 3015 4128 τοι
3061 4078 3222 4129 τοῦτο
3257 4074 3689 4132 ἀποστέλλονται
3719 4069 3800 4125 καὶ

2149 4162 2201 4216 οἱ
2254 4162 2488 4235 μαθηταὶ
2522 4162 2594 4224 εἰς
2623 4163 2722 4231 την
2755 4162 3026 4216 κατέναντι
3058 4164 3276 4235 κώμην,
3323 4164 3413 4221 καὶ
3475 4164 3661 4220 λύουσι
3708 4162 3801 4229 τὴν

2147 4245 2265 4305 ὄνον
2299 4251 2504 4305 καὶτὸν
2538 4249 2748 4313 πῶλον,
2782 4251 2918 4305 κατὰ
2945 4253 3012 4305 τὰ
3059 4250 3413 4310 κελευσθέντα
3469 4255 3654 4315 αὐτοῖς
3701 4248 3795 4305 ὑπὸ

2144 4345 2241 4395 τοῦ
2290 4336 2638 4396 διδασκάλου.
2669 4342 2846 4396 Τοῦτο
2879 4337 2935 4394 δὲ
2966 4339 3113 4403 ὅλῶς
3152 4344 3391 4420 γέγονεν,
3436 4343 3536 4401 ἵνα
3579 4342 3795 4417 πληρω-

2146 4433 2309 4492 θῶσιν
2337 4430 2389 4482 αἱ
2419 4434 2514 4482 τοῦ
2559 4423 2751 4485 Ἰακὼϐ
2800 4436 3144 4508 προφητεῖαι.
3198 4433 3462 4511 Εὐλογῶν
3515 4435 3615 4512 γὰρ
3671 4427 3789 4489 τοὺς

2148 4514 2357 4570 δώδεκα
2403 4516 2766 4592 πατριάρχας,
2818 4519 3020 4595 φθάσας
3070 4520 3146 4583 εἰς
3189 4522 3281 4577 τὸν
3319 4522 3552 4595 Ἰούδαν,
3586 4539 3794 4597 προφη-

376 4615 595 4686 profert
621 4614 816 4668 verba.
852 4610 1002 4667 Audi
1034 4627 1288 4683 namque
1325 4610 1488 4666 illum
1522 4609 1811 4665 dicentem
1846 4626 1859 4665 :
1889 4632 1909 4658 ι
1938 4607 2030 4663 Li-

2161 4605 2307 4673 τεύει,
2337 4604 2428 4659 καὶ
2477 4607 2591 4660 θεῖα
2642 4605 2860 4683 ῥήματα
2909 4607 3213 4685 φθέγγεται.
3264 4613 3464 4669 ’Ἄκουε
3507 4613 3609 4689 γὰρ
3641 4608 3792 4664 αὐτοῦ

376 4720 525 4774 gans
556 4702 627 4757 ad
659 4701 889 4756 vineam
923 4699 1151 4774 pullum
1183 4717 1385 4767 suum,
1406 4703 1463 4753 et
1492 4698 1563 4753 ad
1596 4698 1771 4752 vitem
1805 4696 2033 4769 pullum

379 4791 558 4848 asina:
589 4807 707 4846 suae
749 4791 814 4845 ει.
849 4811 876 4839 ››
913 4794 1156 4846 Demum
1199 4803 1567 4860 quacunque
1596 4787 1667 4841 de
1694 4786 1850 4841 Juda
1878 4785 2036 4842 dicta

379 4890 538 4946 sunt,
572 4879 895 4952 comperies
926 4878 997 4935 de
1028 4879 1278 4935 adventu
1296 4876 1617 4935 Salvatoris
1648 4874 1800 4931 dicta
1832 4875 2033 4932 fuisse.

378 4970 576 5026 Potest
606 4969 823 5042 quippe
853 4967 1124 5040 quisquis
1155 4973 1245 5023 est
1275 4966 1600 5029 studiosus,
1638 4963 1921 5036 paulatim
1953 4964 2034 5021 le-

376 5058 588 5132 gendo,
619 5074 688 5113 ea
719 5074 845 5129 quae
874 5058 945 5113 de
977 5055 1104 5128 ipso
1132 5055 1287 5111 dicta
1319 5058 1460 5108 sunt
1490 5052 1833 5126 intelligere.
1868 5058 1941 5108 At
1963 5071 2035 5109 ne

374 5152 558 5204 totam
590 5163 935 5204 enarramus
965 5145 1299 5211 historiam,
1345 5144 1659 5199 audiamus
1688 5142 2031 5215 Apostolum

376 5236 499 5292 hac
527 5235 864 5309 loquentem
901 5253 915 5291 :
949 5257 977 5287 «
1011 5233 1384 5290 Manifestum
1431 5237 1520 5288 est
1565 5231 1745 5299 enim,
1779 5233 1930 5303 quod
1963 5249 2033 5289 ex

373 5323 529 5383 Juda
556 5330 721 5382 ortus
751 5323 830 5382 sit
856 5324 1145 5381 Dominus
1175 5327 1374 5379 noster
1394 5322 1465 5406 ξε.
1495 5345 1523 5374 ››

448 5528 495 5567 ὀ
545 5530 656 5587 Isa.
716 5547 849 5599 Lxu,
912 5532 972 5586 11
1002 5547 1015 5598 ;
1049 5528 1219 5586 Zach.
1256 5544 1334 5596 ιχ,
1368 5529 1421 5583 9.

379 5600 469 5661 47.
584 5601 628 5637 ³⁸
657 5604 836 5659 Hebr.
876 5620 975 5670 vn,
1010 5604 1094 5658 14.

452 5719 564 5799 (96)
596 5719 735 5798 Reg.
767 5716 1023 5778 ἔκτεινον.

1534 5527 1577 5563 ²¹
1637 5524 1793 5584 Psal.
1865 5545 1975 5601 Liv,
2016 5529 2070 5602 4,
2135 5532 2192 5587 5.

2146 4693 2420 4769 λέγοντος⁶
2476 4718 2504 4748 ‹‹
2556 4696 2839 4768 Δεσμεύων
2890 4698 3026 4773 πρὸς
3070 4697 3318 4772 ἄμπελον
3365 4707 3459 4757 τὸν
3488 4700 3674 4758 πῶλον
3701 4695 3792 4752 αὖ·-

2142 4788 2258 4852 τοῦ,
2294 4783 2381 4839 καὶ
2531 4780 2673 4840 ἕλικι
2701 4787 2792 4841 τὸν
2842 4785 3029 4842 πῶλον
3062 4796 3162 4857 τῆς
3197 4786 3322 4845 ὄνου
3373 4791 3558 4848 αὐτοῦ.
3611 4815 3636 4840 ι)
3695 4782 3787 4840 Καὶ

2143 4871 2289 4936 ’ὀλῶς
2321 4874 2387 4929 τὰ
2418 4872 2682 4949 λεχθέντα
2730 4876 2902 4930 πάντα
2950 4876 3024 4939 εἷς
3074 4878 3166 4932 τὸν
3202 4876 3405 4935 Ἰούδαν
3437 4882 3680 4957 εὑρήσεις
3714 4872 3783 4935 εἲς

2140 4963 2240 5031 τήν
2270 4964 2562 5039 παρουσίαν
2621 4969 2718 5019 τοῦ
2777 4971 3037 5041 Σωτῆρος
3094 4969 3569 5047 προφητευόμενα·
3629 4964 3781 5022 δύνα-

2140 5075 2227 5108 ται
2276 5054 2379 5130 γὰρ
2410 5055 2438 5107 6
2470 5053 2783 5133 φιλομαθὴς
2818 5056 2933 5108 κατ’
2985 5054 3169 5132 ὀλίγον
3223 5059 3600 5135 ἀναγινώσκων
3649 5058 3780 5122 νοῆ-

2143 5163 2230 5199 σαι
2262 5143 2327 5198 τὰ
2357 5143 2479 5220 περῖ
2511 5142 2674 5197 αὐτοῦ
2732 5143 3013 5219 εἰρημένα.
3074 5149 3189 5202 Ἵνα
3248 5147 3306 5202 δέ
3357 5149 3432 5221 μὴ
3465 5153 3637 5203 πᾶσαν
3689 5142 3782 5209 τήν

2144 5232 2382 5307 ἰστορίαν
2443 5228 2859 5307 διηγησώμεθα,
2915 5232 3234 5308 ἀκούσωμεν
3292 5240 3389 5291 τοῦ
3450 5231 3783 5291 Ἀποστόλου

2142 5320 2415 5396 λέγοντος”
2453 5344 2480 5372 ‹‹
2512 5316 2800 5393 Πρόδηλον
2828 5321 2951 5398 γὰρ,
2987 5321 3067 5377 ὅτι
3100 5322 3150 5397 ἐξ
3212 5322 3389 5379 Ἰούδα
3439 5318 3780 5379 ἀνατέταλκεν

2141 5413 2170 5467 6
2202 5408 2403 5488 Κύριος
2439 5410 2625 5484 ἡμῶν,
2658 5434 2687 5463 »

2303 5530 2350 5565 ³³
2381 5532 2554 5585 Marc.
2611 5544 2674 5599 ιι,
2713 5529 2768 5586 7.
2882 5529 2928 5565 ⁸³
2965 5529 3108 5588 ibid.
3149 5532 3203 5587 9.
3316 5534 3362 5569 ²⁴
3388 5538 3595 5591 Genes.
3634 5542 3778 5593 xm»
