4120 6354
326 359 480 425 1033

393 498 448 552 7.
484 494 581 547 Διά
636 495 799 547 τοῦτο
856 495 987 566 γοῦν
1047 489 1259 563 ἐγένετο
1316 487 1382 541 τὰ
1428 485 1715 560 γενόμενα,
1741 482 1832 537 ’ίνα
1879 484 1969 537 τὸν

324 582 665 660 δημιουργὸν
700 580 788 637 διὰ
816 584 914 650 τῆς
946 581 1135 634 ἑαυτοῦ
1166 575 1510 651 λειτουργίας
1552 574 1777 651 φανερὸν
1810 575 1974 642 ποιή-

323 695 488 730 σωσι.
546 672 633 734 Τίς
688 672 811 747 γὰρ,
872 669 1197 743 θεασάμενος
1254 669 1380 720 ναῦν
1438 668 1628 739 ἄριστα
1686 660 1974 733 εὐθυνομέ-

321 785 443 834 νην,
478 761 577 817 οὐκ
607 758 814 817 ἔννοιαν
865 758 1079 834 δέχεται
1109 752 1443 831 κυϐερνήτου
1479 774 1492 822 ;
1528 756 1675 826 ἅρμα
1705 749 1763 806 δὲ
1791 749 1975 812 καλῶς

322 846 625 919 διαϐαῖνον,
656 850 745 905 καὶ
770 853 1045 924 τεχνικαῖς
1093 846 1269 916 ἡνίαις
1310 842 1629 921 φερόμενον,
1663 840 1761 895 οὐκ
1804 840 1975 895 έννοεῖ

320 942 413 997 τὸν
446 944 780 1015 ἡνιοχοῦντα
812 959 826 1009 ;
862 938 924 993 Εἴ
982 935 1071 991 οὖν
1135 936 1223 990 ἐπὶ
1268 938 1375 988 τῶν
1428 932 1479 987 ἐν
1530 931 1687 1007 χερσὶ
1726 934 1971 997 τοιαῦτα,

321 1031 373 1085 τί
408 1030 466 1085 ἃν
518 1027 766 1102 εἷ’ποιμεν
830 1026 914 1081 ἐπὶ
972 1031 1078 1080 τῶν
1133 1022 1231 1079 τοῦ
1292 1029 1550 1092 Σωτῆρος
1608 1016 1970 1095 παραδόξων;

320 1122 565 1194 Ὁρῶμεν
618 1119 721 1193 γὰρ
768 1121 877 1171 τῶν
928 1114 1252 1187 ποιημάτων
1308 1111 1471 1165 αὐτοῦ
1513 1110 1579 1164 τὰ
1628 1104 1832 1186 φοϐερὰ
1881 1108 1970 1161 καὶ

319 1206 617 1281 παράδοξαο
654 1207 766 1261 οἷον
808 1204 1082 1274 θαλάσσης
1132 1203 1225 1264 τας
1274 1200 1586 1276 τρικυμίας,
1628 1198 1715 1253 καὶ
1764 1202 1871 1252 τῶν
1920 1196 1971 1252 έν

320 1299 457 1371 αὐτῇ
492 1295 979 1372 προσαρασσόντων
1014 1293 1227 1365 ἀνέμων
1278 1291 1372 1352 τὰς
1418 1291 1677 1359 κινήσεις,
1720 1286 1884 1356 ἡλίου
1915 1308 1972 1342 τε

320 1388 415 1442 τὸν
446 1384 669 1455 κύκλον,
702 1383 792 1438 καὶ
833 1382 1069 1453 σελήνης
1099 1381 1188 1435 τὸν
1220 1377 1444 1454 δρόμον,
1475 1378 1564 1433 καὶ
1595 1382 1701 1432 τῶν
1734 1374 1970 1449 ἀστέρων

322 1477 426 1544 τὴν
474 1475 732 1538 σύνθεσιν.
782 1472 870 1534 Τίς
922 1469 979 1525 δὲ
1028 1470 1131 1524 οὐκ
1180 1464 1447 1547 ἐφοϐήθη,
1501 1466 1589 1522 ὅτε
1630 1467 1691 1521 τὸ
1736 1464 1974 1521 καταπέ-

322 1586 505 1637 τασμα
532 1568 626 1618 τοῦ
673 1567 804 1617 ναοῦ
857 1560 1081 1636 ἐσχίσθη
1134 1558 1239 1613 ἀπὸ
1288 1558 1487 1612 ἄνωθεν
1523 1552 1626 1618 ἕως
1657 1554 1804 1609 κάτω
1838 1574 1850 1623 ;
1886 1554 1976 1608 ὅτε

323 1655 352 1709 ὁ
385 1653 563 1724 ἡλιος,
600 1651 662 1707 οὐ
694 1653 870 1729 φέρων
910 1650 972 1705 τὸ
1020 1648 1316 1720 τολμηθὲν,
1349 1641 1504 1723 φόϐῳ
1551 1646 1614 1700 τὸ
1664 1650 1776 1722 φῶς
1808 1640 1973 1698 ἔστει-

324 1742 414 1798 λεν
448 1762 461 1809 ;
493 1743 526 1810 ἢ
576 1740 666 1796 ὅτε
714 1741 768 1795 αἱ
816 1739 1010 1815 πέτραι
1059 1736 1410 1812 ἐσχίσθησαν,
1469 1735 1557 1789 καὶ
1612 1734 1678 1789 τὰ
1738 1738 1975 1807 μνημεῖα

1289 350 1618 417 HOMlLlA
1661 353 1740 414 ΙΝ
1784 352 2019 415 lLLUD
2069 369 2143 411 τί(
2192 353 2479 429 EUNTE,
2517 380 2546 410 ›)
2592 355 2759 419 ΕΤΟ.

2002 497 2055 560 Α

3573 372 3747 435 1034

2154 489 2205 538 7.
2244 488 2377 543 Ideo
2407 489 2583 557 igitur
2614 508 2682 547 ea
2711 498 2876 565 gesta
2904 502 3066 567 sunt,
3125 503 3189 553 ut
3246 507 3565 559 creatorem
3625 506 3734 560 mi-

2088 574 2327 631 nisterio
2386 594 2493 634 suo
2548 583 2923 639 manifestum
2959 586 3234 643 facerent.
3272 591 3411 654 Quis
3445 594 3599 649 enim
3631 611 3739 649 na-

2085 665 2197 718 vim
2233 666 2598 737 conspiciens
2631 671 2808 740 probe
2839 673 3261 746 directam,non
3289 678 3345 734 in
3376 682 3736 753 gubernato-

2084 752 2164 808 ris
2197 755 2586 825 cognitionem
2618 759 2868 815 incidit?
2897 779 3133 821 currum
3167 777 3358 823 autem
3392 780 3546 827 recte
3575 772 3737 828 ince-

2085 843 2315 898 dentem
2387 848 2774 918 conspiciens,
2844 856 3019 924 atque
3078 854 3325 912 habenis
3382 864 3504 914 arte
3563 861 3736 916 factis

2083 936 2329 1003 rectum,
2365 951 2478 990 non
2511 938 2727 1009 cogitat
2755 941 3065 1013 aurigam?
3096 944 3152 999 Si
3187 950 3381 1001 autem
3433 949 3618 1004 obviis
3664 950 3735 1005 de

2084 1023 2260 1078 rebus
2317 1023 2394 1077 ita
2446 1026 2768 1095 judicatur,
2804 1030 2939 1101 quid
2975 1032 3297 1089 dixerimus
3329 1036 3399 1091 de
3431 1038 3734 1094 miraculis

2083 1110 2442 1168 Salvatoris?
2464 1114 2736 1172 Videmus
2770 1135 3022 1189 namque
3054 1139 3229 1193 opera
3259 1126 3387 1194 ejus
3419 1142 3543 1197 quae
3574 1130 3739 1183 terri-

2082 1199 2227 1256 bilia
2258 1206 2313 1256 et
2344 1203 2689 1259 admiranda
2718 1212 2875 1275 sunt;
2896 1210 3227 1279 cujusmodi
3255 1218 3396 1269 sunt
3429 1216 3609 1272 maris
3642 1217 3737 1273 de-

2083 1289 2318 1344 cumani
2352 1294 2582 1362 ﬂuctus,
2607 1300 2908 1351 ventorum
2943 1298 2997 1351 in
3031 1316 3096 1354 eo
3130 1300 3481 1358 illidentium
3518 1309 3734 1373 motus,

2084 1377 2225 1433 solis
2272 1379 2449 1446 orbis,
2512 1380 2663 1437 lunae
2720 1401 2950 1453 cursus,
3012 1392 3305 1446 astrorum
3365 1393 3735 1465 compositio.

2085 1467 2225 1533 Quis
2257 1485 2372 1522 non
2404 1472 2717 1527 exterritus
2749 1473 2877 1540 fuit,
2912 1491 3043 1530 cum
3086 1477 3276 1534 velum
3332 1481 3535 1553 templi
3592 1482 3741 1538 scis—

2087 1574 2218 1611 sum
2274 1564 2364 1612 est
2420 1577 2451 1613 a
2473 1576 2708 1617 summo
2742 1579 2929 1635 usque
2961 1566 3032 1620 ad
3067 1566 3295 1622 imum?
3325 1586 3455 1625 cum
3489 1571 3575 1627 sol
3607 1578 3741 1628 tan-

2086 1654 2209 1701 tum
2241 1664 2354 1702 non
2392 1650 2582 1704 ferens
2616 1668 2849 1721 ausum,
2885 1659 3043 1709 metu
3080 1655 3271 1713 lucem
3306 1660 3624 1716 contraxit?
3644 1666 3747 1717 aut

2087 1753 2219 1790 cum
2254 1743 2425 1807 petrae
2454 1741 2648 1794 scissae
2683 1746 2905 1811 sunt,et
2937 1752 3320 1803 monumenta
3350 1754 3550 1820 aperta
3582 1757 3743 1820 sunt,

320 1832 703 1906 ἠνεῴχθησαν,
755 1831 844 1884 καὶ
897 1828 947 1882 ol
996 1827 1403 1897 έναποκειμενοι
1455 1823 1767 1894 ἀνέστησαν,
1800 1822 1887 1877 καὶ
1923 1823 1971 1876 οἱ

688 1914 751 1926 ι..
985 1918 997 1926 .
1057 1918 1067 1926 .
1303 1915 1313 1926 .
1534 1912 1546 1926 .
1624 1917 1650 1926 η
1754 1909 1777 1926 ..
1813 1913 1824 1926 .
1957 1914 1969 1926 .

2088 1842 2153 1880 ac
2208 1826 2302 1896 qui
2361 1827 2420 1881 in
2481 1828 2549 1883 iis
2601 1831 2880 1899 jacehant
2912 1849 3280 1891 resurrexere
3307 1838 3747 1911 2‘,inimicique

322 1920 517 1995 ἐχθροὶ
580 1914 925 1993 ἐφοϐήθησαν
974 1918 1078 1971 ἀπὸ
1136 1915 1434 1990 προσώπου
1490 1912 1697 1981 aurei};
1751 1909 1835 1966 διὸ
1883 1914 1972 1966 καὶ

324 2008 540 2070 ἄκοντες
573 2007 927 2081 ὡμολόγουν,
962 2005 1043 2060 ὅτι
1079 2004 1301 2074 ἀληθῶς
1346 2007 1479 2058 Θεοῦ
1525 2003 1646 2065 Υἱὸς
1696 2003 1760 2071 ἡν
1795 2000 1975 2067 οὗτος,

323 2099 411 2153 καὶ
444 2096 589 2160 ὅλως
621 2098 689 2152 τὰ
718 2094 949 2151 πλείονα
975 2099 1081 2149 τῶν
1131 2093 1298 2169 ἔργων
1353 2094 1522 2147 αὑτοῦ
1555 2092 1604 2146 ἐν
1639 2091 1976 2169 ἀποκρύφοις

328 2186 458 2245 ἐστί.
492 2186 682 2242 Χίλιαι
741 2186 844 2261 γὰρ
902 2182 1152 2260 χιλιάδες
1209 2185 1645 2258 παραστήκουσιν
1696 2182 1841 2252 αὑτῷ
1889 2182 1977 2235 αἱ·

329 2281 565 2338 νοῦντες·
628 2274 717 2330 καὶ
776 2273 963 2350 μύριαι
1026 2270 1281 2348 μυριάδες
1344 2270 1752 2346 λειτουργοῦσιν
1810 2271 1973 2341 αὑτῷ,

330 2367 666 2441 Ἑπιγνῶμεν
694 2362 784 2418 οὖν
846 2364 1011 2435 ἡμεῖς
1066 2362 1158 2415 τὸν
1206 2360 1510 2435 εὐεργέτην*
1548 2357 1856 2431 δοξάσωμεν
1888 2360 1979 2413 τὸν

328 2454 535 2531 Πατέρα
565 2453 657 2508 σὺν
689 2453 818 2523 Υἱῷ,
872 2452 960 2505 καὶ
1021 2450 1159 2525 ἁγίῳ
1219 2448 1507 2521 ιΙνεόματι·
1573 2448 1696 2520 μίαν
1750 2447 1978 2517 θεότητα

324 2543 760 2619 ὁμολογήσωμεν
797 2561 809 2574 ·
868 2544 966 2595 τοῦ
1032 2538 1354 2613 ἁμαρτάνειν
1432 2539 1763 2610 παυσώμεθα
1798 2555 1809 2567 ·
1869 2542 1977 2591 τῶν

322 2637 561 2707 πτωχῶν
613 2630 1081 2705 μνημονεύσωμεν
1119 2650 1129 2660 ·
1165 2631 1199 2697 ἡ
1234 2625 1565 2706 φιλαδελφία
1619 2626 1843 2699 μενέτω·
1875 2634 1973 2696 τῆς

320 2721 626 2799 φιλοξενίας
677 2722 753 2793 μὴ
804 2717 1243 2774 ἐπιλανθάνεσθε.
1306 2717 1459 2771 Οὕτω
1516 2718 1618 2791 γὰρ
1679 2714 1975 2790 διάγοντες,

320 2810 599 2888 βασιλείαν
635 2810 879 2883 οὐρανῶν
914 2809 1435 2882 κληρονομήσομεν,
1468 2805 1518 2859 ἐν
1557 2810 1770 2880 Χριστῷ
1796 2810 1975 2875 Ἰησοῦ

317 2906 399 2975 τῷ
428 2901 611 2977 Κυρίῳ
642 2901 828 2971 ἡμῶν,
863 2900 909 2971 ᾧ
937 2898 971 2967 ἡ
1006 2895 1130 2967 δόξα
1181 2897 1257 2959 εἰς
1309 2895 1433 2958 τοὺς
1481 2895 1679 2957 αἰῶνας
1708 2899 1815 2949 τῶν
1848 2895 1977 2949 αἰώ-

319 3014 451 3048 νων.
485 2992 686 3063 Ἀμήν.

388 3148 432 3181 ³⁸
463 3143 669 3202 Matth.
701 3160 878 3211 xxvn,
908 3143 997 3198 54.
1075 3142 1121 3177 ’⁸
1150 3140 1323 3197 Eccli.
1360 3157 1515 3209 nun,
1547 3141 1636 3196 36.

2084 1914 2540 1971 reformidarunt
2571 1936 2602 1971 a
2628 1918 2775 1974 facie
2806 1922 2933 1990 ejus
2967 1940 2978 1977 :
3015 1940 3196 1994 quare
3227 1926 3311 1981 vel
3339 1925 3501 1982 inviti
3562 1930 3743 1983 conﬁ-

2084 2005 2380 2070 tebantur,
2442 2007 2595 2076 quod
2658 2022 2785 2063 vere
2816 2009 2998 2065 Filius
3034 2013 3128 2067 Dei
3162 2020 3317 2071 esset
3348 2016 3476 2072 iste.
3512 2018 3581 2072 Et
3608 2035 3743 2075 vere

2086 2094 2275 2149 multa
2334 2111 2509 2166 opera
2563 2096 2690 2166 ejus
2726 2097 3070 2156 abscondita
3113 2108 3253 2159 sunt
3284 2105 3345 2160 ’⁸.
3372 2104 3554 2161 Millia
3583 2109 3739 2163 enim

2089 2182 2339 2238 millium
2372 2184 2741 2239 laudantium
2774 2192 2965 2243 astant
3022 2190 3109 2257 ei;
3168 2199 3223 2247 et
3275 2194 3467 2250 decies
3530 2195 3746 2253 millies

2087 2272 2238 2326 dena
2298 2272 2483 2327 millia
2526 2274 2867 2331 ministrant
2897 2277 2946 2331 ei
2980 2279 3045 2334 2".
3080 2280 3515 2354 Cognoscamus
3545 2285 3745 2359 itaque

2087 2361 2515 2416 benefactorem
2580 2380 2591 2416 :
2650 2364 3047 2434 gloriﬁcamus
3082 2369 3311 2426 Patrem
3346 2388 3479 2428 cum
3514 2375 3659 2430 Filio
3690 2380 3747 2431 et

2087 2455 2288 2504 sancto
2318 2450 2538 2521 Spiritu
2578 2469 2588 2506 :
2625 2470 2799 2507 unam
2836 2457 3221 2514 conﬁteamur
3250 2460 3521 2517 deitatem
3560 2480 3572 2518 :
3609 2480 3743 2535 pec—

2086 2540 2255 2594 caudi
2316 2540 2492 2594 ﬁnem
2553 2541 2871 2609 faciamus,
2934 2563 3257 2620 pauperum
3320 2553 3738 2609 recordemur:

2086 2644 2249 2683 amor
2282 2629 2526 2684 fratrum
2560 2629 2617 2684 in
2655 2634 2822 2687 nobis
2881 2642 3116 2691 maneat
3147 2654 3160 2693 :
3198 2638 3611 2711 hospitalitatis
3670 2660 3743 2699 ne

2084 2717 2530 2773 obliviscamini.
2586 2720 2729 2775 Nam
2783 2723 2831 2777 si
2867 2724 2946 2779 ita
2977 2726 3154 2782 vitam
3186 2745 3453 2801 agamus,
3493 2748 3740 2804 regnum

2085 2805 2362 2861 caelorum
2398 2807 2739 2866 haereditate
2769 2813 3148 2886 accipiemus,
3200 2819 3259 2872 in
3315 2819 3545 2877 Christo
3600 2822 3739 2878 Jesu

2085 2896 2328 2951 Domino
2388 2902 2607 2969 nostro,
2671 2901 2763 2955 cui
2823 2902 3009 2973 gloria
3037 2904 3095 2959 in
3123 2907 3334 2962 saecula
3367 2908 3732 2967 seculorum.

2085 2987 2289 3040 Amen.

1713 3141 1756 3175 ²“¹
1789 3139 1936 3197 Dan.
1971 3157 2069 3209 v11,
2107 3142 2194 3195 10.

965 3299 3732 3325 .____——————————————__—_______.__.______________

1486 3430 1611 3479 ΤΟΥ
1651 3431 1736 3480 EN
1777 3426 2014 3481 ΑΓΙΟΙΣ
2058 3429 2326 3481 ΠΛΤΡΟΣ
2367 3432 2557 3483 ΗΜΩΝ

1669 3577 2402 3676 ΑΘΑΝΑΣΙΟΥ

382 3746 476 3809 Εἷς
535 3743 634 3800 τό·
696 3743 1077 3819 Πορευομένου
1129 3738 1186 3796 δὲ
1242 3738 1406 3796 αὐτοῦ
1465 3740 1868 3839 ὑπεστρώννυον
1910 3739 1991 3829 ’τᾶ
2043 3740 2236 3839 ¹ξμοὶτια
2290 3742 2465 3835 αὐτῶν
2522 3742 2572 3799 ἐν
2631 3743 2891 3839 ﬁnitae.
2952 3750 3009 3803 Ὁ
3067 3747 3125 3805 δὲ
3174 3750 3431 3817 πλεῖστος
3492 3751 3665 3831 ὄχλος

1027 3809 1211 3839 ’J---____
1254 3815 1428 3839 -.---.\--
1473 3815 1608 3839 ._-_-_'.
1651 3834 1717 3839 _-..
1778 3834 1864 3839 --μ-
1909 3814 2036 3839 ,⁸---μ
2074 3834 2143 3839 -..-
2204 3822 2405 3839 1\___.,.u
2450 3837 2493 3839 κν
2542 3822 2625 3839 καθ
2934 3823 2978 3839 an

784 3796 836 3819 ιη
888 3796 926 3816 ί·
966 3796 974 3797 ί
1027 3809 1216 3890 ἔχαιρε
1254 3815 1428 3889 χαρὰν
1470 3796 1737 3887 μεγάὶξην,
1778 3812 1868 3867 καὶ
1907 3796 2143 3887 ἔκραζεν
2185 3815 2407 3870 Ὡσαννὰ
2446 3814 2495 3871 ἐν
2536 3822 2625 3871 τοῖ
2666 3796 2911 3892 ῦψίστόις
2934 3823 2999 3880 ³⁸.

1445 4056 1537 4151 S.
1592 4058 1690 4151 P.
1753 4057 1864 4152 N.
1928 4058 2610 4155 ATHANASII

404 4237 467 4288 In
503 4230 647 4287 illud
678 4246 690 4285 :
724 4231 900 4285 Eunte
929 4237 1114 4285 autem
1146 4227 1271 4297 illo,
1299 4227 1713 4312 substernebant
1742 4228 2071 4312 vestimenta
2090 4246 2191 4283 sua
2228 4231 2287 4283 in
2319 4232 2426 4312 pia.
2464 4232 2715 4312 Ριᾳνξίηξᾳ
2742 4243 2927 4289 autem
2954 4238 3119 4292 turba
3146 4239 3417 4307 gaudebat
3445 4246 3647 4312 gaudio

1328 4316 1547 4369 magno,
1579 4308 1629 4355 et
1656 4298 1945 4356 clamabat
1972 4317 1990 4353 :
2024 4302 2283 4357 Hosanna
2312 4303 2372 4357 in
2401 4303 2629 4359 excelsis
2660 4305 2723 4357 ’3.

384 4565 435 4620 1.
481 4562 600 4618 Ἐὰν
658 4561 724 4616 τὰ
777 4563 1078 4618 καθεκαστα
1132 4565 1241 4616 τῶν
1304 4560 1354 4631 ἐξ
1413 4560 1590 4636 ἀρχῆς
1652 4561 1957 4637 γενομένων

308 4653 650 4729 πραγμάτων
698 4654 1085 4724 σκοπήσωμεν,
1138 4650 1332 4722 ἄπειρά
1388 4650 1551 4708 ἐστιν.
1602 4651 1665 4705 Εἰ
1712 4650 1802 4706 οῦν
1839 4651 1965 4728 βλε-

309 4742 565 4815 πομένων
616 4740 706 4796 καὶ
755 4738 1062 4816 γενομένων
1109 4739 1255 4814 παρὰ
1310 4742 1407 4792 τοῦ
1467 4743 1601 4793 Θεοῦ
1663 4740 1965 4812 μνησθῆναί

310 4852 394 4893 τις
428 4832 490 4885 οὑ
532 4827 770 4898 δύναται,
803 4834 919 4891 πῶς
973 4828 1031 4883 ἂν
1083 4827 1149 4881 τὰ
1196 4827 1544 4902 κεκρυμμένα
1590 4828 1756 4883 αὑτοῦ
1805 4850 1966 4884 κατα-

313 4919 507 4990 νοῆσαί
536 4940 619 4981 τις
651 4916 854 4993 δυνηθῇ
891 4938 902 4988 ;
936 4942 963 4968 ‹‹
997 4917 1079 4974 Τὰ
1116 4918 1220 4993 γὰρ
1268 4915 1517 4983 πλείονα,
1550 4942 1571 4970 ι
1611 4917 1763 4994 φησι,
1799 4941 1826 4969 ‹‹
1858 4923 1966 4972 τῶν

314 5008 487 5084 ἔργων
516 5013 613 5063 τοῦ
658 5012 791 5064 Θεοῦ
844 5006 897 5061 ἐν
948 5006 1282 5085 ἀποκρύφοις
1312 5004 1474 5063 ἐστίν.
1509 5030 1536 5057 ››
1566 5006 1774 5062 Οὐκοῦν
1826 5006 1966 5061 ἐστιν

316 5095 445 5174 ἔργα
473 5102 570 5154 τοῦ
601 5102 734 5154 Θεοῦ
764 5096 988 5172 ἀόρατα,
1022 5092 1176 5152 ἅτινα
1224 5095 1274 5151 ἐν
1317 5094 1655 5173 ἀποκρύφοις
1685 5097 1964 5171 τυγχάνει’

314 5188 439 5265 περὶ
483 5188 556 5242 ὧν
613 5186 703 5242 καὶ
755 5188 782 5241 ὁ
841 5188 1119 5249 θεσπέσιος
1178 5184 1509 5247 Ἀπόστολος
1570 5191 1965 5261 συμμαρτυρεῖ,

311 5276 403 5331 καὶ
435 5273 597 5350 λέγει·
629 5301 657 5328 ‹‹
703 5278 779 5330 Τὰ
820 5275 921 5350 γὰρ
976 5274 1178 5351 ἀόρατα
1227 5275 1392 5329 αὑτοῦ
1446 5274 1552 5328 ἀπὸ
1602 5273 1828 5337 κτίσεως
1875 5275 1966 5330 κό-

313 5387 457 5439 σμου
505 5370 622 5428 τοῖς
668 5366 943 5438 ποιήμασι
997 5364 1268 5437 νοούμενα
1316 5366 1610 5440 καθορᾶται
1672 5389 1700 5416 ››
1749 5364 1971 5435 ἀληθῶς

311 5454 440 5530 γὰρ,
473 5478 503 5508 ‹‹
536 5455 612 5518 ὡς
662 5454 1047 5530 ἁνεξιρεόνητα
1078 5455 1147 5509 τὰ
1193 5453 1433 5530 κρίματα
1463 5452 1650 5524 αὑτοῦ,
1702 5455 1794 5510 καὶ
1826 5455 1971 5526 ἀνεξ-

313 5543 595 5620 εχνίαστοι
643 5545 697 5599 αἱ
743 5540 861 5599 ὁδοὶ
908 5543 1074 5599 αὑτοῦ
1109 5545 1121 5600 Ξ
1161 5565 1182 5596 ι
1221 5542 1447 5616 Ἀμέλει
1476 5543 1566 5597 καὶ
1598 5543 1627 5597 ὁ
1657 5546 1970 5622 προφήτης,

387 5702 433 5738 ³⁸
463 5701 597 5758 Luc.
631 5718 749 5771 xu,
780 5702 869 5757 36.
949 5699 1154 5756 Matth.
1185 5716 1302 5771 XXI,
1333 5700 1387 5757 8.

609 5832 875 5897 ΡΑτιιοι.
908 5830 1021 5891 Gn.
1064 5827 1335 5893 XXVIII.

1992 4565 2035 4633 C

1467 5700 1513 5736 ²⁹
1542 5700 1716 5757 ΕοοΙί.
1750 5718 1911 5775 mn,
1943 5702 2035 5758 36.

2148 4566 2264 4621 1.Si
2298 4566 2531 4638 singula
2561 4585 2687 4640 quae
2719 4568 2791 4623 ab
2824 4569 2989 4625 initio
3022 4576 3188 4644 gesta
3218 4578 3357 4630 sunt
3385 4592 3561 4648 opera
3595 4594 3736 4635 con-

2077 4654 2348 4725 templari
2375 4655 2643 4723 velimus,
2675 4657 2907 4714 inﬁnita
2935 4659 3035 4716 illa
3064 4664 3395 4728 sunt.Quod
3428 4666 3477 4720 si
3508 4683 3577 4723 ea
3607 4684 3740 4740 qua:

2078 4743 2189 4798 sub
2222 4748 2525 4815 aspectum
2558 4747 2777 4801 cadunt
2807 4752 2984 4819 atque
3014 4766 3049 4803 a
3083 4751 3192 4806 Deo
3226 4757 3353 4807 acta
3402 4763 3567 4823 sunt,
3618 4774 3740 4813 me-

2079 4834 2266 4887 moria
2326 4842 2521 4889 tenere
2578 4851 2747 4890 nemo
2783 4836 2988 4906 possit,
3020 4839 3253 4896 occulta
3280 4844 3409 4913 ejus
3441 4848 3738 4915 quomodo

2077 4922 2208 4990 quis
2240 4922 2565 4995 intelligere
2596 4925 2853 4995 poterit?
2886 4950 2910 4976 ‹‹
2950 4926 3136 4984 Multa
3191 4932 3372 4999 enim,
3434 4955 3461 4982 »
3519 4935 3738 5021 inquit,

2081 5030 2107 5058 ‹‹
2154 5027 2331 5081 opera
2360 5011 2457 5066 Dei
2492 5014 2834 5070 abscondita
2865 5022 3002 5071 sunt
3030 5018 3095 5071 2°.
3130 5042 3157 5069 ››
3191 5020 3341 5075 Sunt
3370 5037 3507 5093 ergo
3532 5011 3740 5079 invisi;

2079 5097 2218 5152 bilia
2248 5101 2513 5170 quaedam
2547 5100 2647 5156 Dei
2679 5120 2872 5174 opera,
2906 5122 3032 5175 qua:
3061 5106 3119 5160 in
3152 5109 3378 5164 occulto
3438 5118 3611 5180 sunt;
3664 5114 3737 5169 de

2080 5188 2297 5257 quibus
2356 5189 2508 5244 378
2567 5190 2805 5247 divinus
2849 5194 3163 5265 Apostolus
3202 5201 3456 5253 testatur
3485 5201 3687 5257 dicens
3722 5220 3736 5258 :

2081 5299 2109 5326 ‹‹
2144 5277 2464 5333 lnvisibilia
2494 5280 2649 5334 enim
2684 5281 2871 5352 ipsius
2901 5301 2932 5337 a
2964 5290 3229 5339 creatura
3262 5288 3461 5342 mundi
3526 5306 3628 5361 per
3667 5306 3736 5345 ea

2083 5383 2208 5438 quae
2235 5367 2383 5422 facta
2414 5373 2574 5434 sunt,
2594 5369 2887 5425 intellecta
2918 5373 3364 5445 conspiciuntur
3387 5376 3451 5431 ³ο.
3476 5401 3496 5430 ι
3523 5377 3742 5435 Revera

2082 5456 2262 5524 enim,
2281 5480 2308 5507 ‹‹
2324 5474 2500 5528 quam
2532 5458 3147 5531 incomprehensibilia
3171 5470 3309 5520 sunt
3329 5466 3557 5537 judicia
3585 5469 3737 5539 ejus,

2082 5549 2140 5602 et
2166 5546 2602 5619 investigabiles
2633 5548 2735 5603 vite
2766 5549 2895 5619 ejus
2931 5550 3009 5605 εει
3062 5573 3089 5601 n
3134 5553 3205 5608 Et
3262 5570 3396 5611 vero
3455 5557 3740 5630 propheta

2111 5702 2157 5746 3°
2190 5702 2355 5759 Rom.
2385 5719 2424 5773 1,
2456 5704 2548 5758 20.
2625 5706 2668 5743 ³¹
2706 5703 2870 5760 Rom.
2904 5721 2983 5778 x1,
3012 5706 3101 5762 33.

3385 5839 3461 5903 33
