4120 6420
334 398 488 457 1035

332 529 594 601 ejusdem
620 545 751 584 cum
775 532 931 585 esset
960 525 1261 583 sententiae
1308 525 1390 581 ait
1448 543 1460 580 ε

333 635 509 691 opera
539 622 663 685 tua,
695 624 753 673 et
782 616 987 690 expavi
1017 617 1085 671 ³³.
1128 640 1147 666 ι
1186 618 1524 682 Quaeramus
1553 632 1690 689 ergo
1720 632 1833 671 non
1869 615 1984 687 pri-

331 725 494 764 mum
530 722 777 781 regnum
809 708 958 778 ejus,
990 710 1167 777 atque
1198 707 1279 761 ita
1306 705 1425 761 hinc
1459 705 1657 761 omnia
1704 703 1982 775 adjicien-

326 801 427 853 tur
457 797 656 866 nobis;
688 798 772 853 ita
801 795 956 851 enim
987 794 1271 851 Dominus
1302 799 1499 850 noster
1524 796 1693 850 Jesus
1718 792 1985 847 Christus

327 886 387 942 in
421 885 751 961 Ev‘angeliis
782 902 888 941 nos
918 885 1086 941 docet
1134 884 1227 941 his
1257 884 1449 940 verbis
1482 901 1494 939 :
1531 906 1559 935 ‹‹
1621 882 1872 947 Quaerite
1927 886 1985 937 et

327 976 638 1033 invenietis
695 977 761 1032 ³³.
816 998 843 1025 ››
872 974 1197 1042 Quaarimus
1230 991 1423 1047 porro,
1458 990 1573 1029 non
1607 971 1979 1044 margaritas,

327 1081 442 1121 non
476 1065 844 1138 hyacinthos,
895 1082 1019 1137 quae
1078 1062 1551 1135 imprudentibus
1608 1058 1983 1117 admirationi

326 1156 605 1222 sunt;sed
638 1153 988 1226 sapientiam
1022 1153 1123 1208 Dei
1156 1153 1214 1208 in
1250 1152 1526 1225 mysterio
1558 1150 1979 1223 absconditam;

327 1265 355 1293 υ
390 1245 572 1309 Quam
607 1260 776 1299 nemo
807 1242 1139 1315 principum
1178 1241 1359 1312 hujus
1389 1239 1587 1297 szeculi
1627 1240 1912 1311 cognovit.
1947 1260 1975 1291 ι)

324 1332 470 1387 Nam
502 1355 529 1382 ‹‹
564 1332 612 1389 si
653 1332 1085 1404 cognovissent,
1145 1330 1357 1401 inquit,
1417 1344 1719 1401 nunquam
1786 1327 1978 1384 Domi-

325 1437 467 1476 num
517 1421 712 1493 gloriae
758 1420 1187 1476 cruciﬁxissent
1216 1420 1281 1473 δι.
1319 1440 1346 1469 ››
1380 1419 1509 1474 Haec
1540 1424 1631 1474 est
1661 1422 1856 1474 autem
1890 1432 1979 1473 sa-

323 1510 563 1581 pientia,
598 1510 669 1565 de
700 1527 816 1582 qua
845 1517 903 1565 et
928 1509 1200 1565 Salomon
1247 1511 1307 1564 in
1354 1508 1661 1580 prophetia
1700 1508 1930 1562 dicebat
1961 1522 1974 1562 :

324 1619 353 1652 α
412 1600 571 1654 Mitte
623 1600 767 1655 mihi
824 1598 1053 1655 aedium
1085 1603 1322 1654 tuarum
1354 1596 1709 1653 assistricem
1745 1596 1978 1667 sapien-

321 1690 464 1745 tiam
495 1689 557 1743 ³⁵.
596 1710 622 1737 ››
655 1689 815 1752 Quod
851 1693 1045 1744 autem
1072 1692 1129 1743 et
1161 1686 1427 1743 Christus
1459 1686 1751 1757 sapientia
1781 1684 1980 1757 praedi-

319 1782 502 1842 cetur,
535 1777 705 1833 testis
734 1777 841 1833 erit
870 1776 1010 1832 mihi
1043 1776 1255 1832 Paulus
1286 1776 1488 1831 dicens
1548 1791 1561 1828 :
1627 1795 1654 1825 ι(
1707 1773 1977 1829 Christus

319 1867 416 1922 Dei
474 1867 656 1922 virtus
715 1872 772 1922 et
833 1867 927 1922 Dei
986 1865 1277 1938 sapientia
1306 1865 1372 1919 ⁸⁸.
1407 1864 1659 1929 Quaerite
1688 1879 1826 1935 ergo
1858 1861 1975 1934 pri-

319 1972 482 2011 mum
513 1971 757 2026 regnum
790 1954 891 2010 Dei
922 1959 981 2010 et
1020 1953 1317 2026 justitiam
1380 1954 1531 2024 ejus,
1591 1953 1714 2008 haec
1774 1951 1974 2007 omnia

317 2044 669 2115 adjicientur
697 2044 863 2100 vobis
891 2044 956 2099 ³⁷.
986 2066 1013 2093 ››
1044 2048 1190 2098 Nam
1223 2060 1351 2115 quas
1380 2043 1577 2098 futura
1605 2039 1975 2113 sunt,priori—

318 2133 429 2188 bus
461 2133 548 2204 (ac
581 2133 888 2206 praecipuis
916 2133 1053 2206 illis)
1085 2132 1409 2205 posteriora
1440 2136 1597 2188 sunt.
1631 2131 1755 2187 Etsi
1813 2131 1971 2186 enim

319 2222 602 2278 rationem
662 2223 982 2295 quamdam
1023 2221 1239 2278 habeat
1268 2221 1413 2295 legis
1446 2222 1675 2290 umbra,
1710 2224 1970 2276 attamen

316 2311 650 2367 futurorum
675 2313 960 2369 bonorum
993 2311 1243 2368 arrhabo
1274 2316 1383 2367 est.

379 2516 438 2569 2.
482 2508 668 2569 Judaei
700 2524 836 2581 ergo
868 2508 927 2564 in
957 2506 1310 2563 hodiernum
1344 2521 1532 2576 usque
1562 2504 1740 2574 diem,
1765 2503 1970 2559 littera:

313 2602 503 2676 magis
536 2616 713 2673 quam
747 2596 981 2670 spiritui
1017 2596 1366 2652 adhibentes
1399 2594 1689 2663 animum,
1748 2599 1968 2648 errant.

311 2693 459 2749 Audi
494 2705 747 2761 namque
781 2687 920 2759 quid
953 2685 1281 2740 dicantzﬂic
1313 2684 1486 2740 homo
1518 2683 1702 2755 legem
1738 2686 1794 2737 et
1823 2682 1966 2738 Sab-

312 2783 450 2838 bata
480 2779 739 2836 solutum
771 2775 951 2833 venit.
982 2774 1197 2830 Verum
1232 2774 1280 2829 si
1315 2773 1618 2828 mendicus
1649 2776 1855 2827 contra
1879 2770 1968 2827 di-

312 2871 483 2926 vitias
512 2868 809 2940 loquatur,
845 2880 1214 2936 nequaquam
1258 2861 1342 2916 illi
1402 2862 1547 2916 fides
1604 2860 1965 2916 habebitur:

314 2975 499 3030 neque
529 2958 577 3014 si
604 2958 1005 3027 intemperans
1024 2953 1200 3009 homo
1217 2952 1500 3007 adversus
1520 2951 1966 3021 temperantiam

311 3050 488 3105 verba
516 3046 915 3110 t'aciat,verum
947 3045 1038 3098 est
1066 3040 1465 3097 testimonium
1494 3039 1777 3111 ejus.Nun
1809 3038 1968 3096 enim

314 3155 380 3194 ex
411 3136 620 3193 affectu
651 3134 774 3190 haec
805 3129 1235 3187 afﬁrmant.llle
1268 3145 1521 3201 namque
1551 3129 1679 3184 ideo
1736 3128 1969 3184 divitias

312 3229 556 3284 damnat
587 3224 740 3298 quod
769 3240 867 3279 eas
896 3221 1139 3278 minime
1171 3220 1465 3292 possideat
1497 3237 1511 3276 :
1538 3220 1637 3292 qui
1671 3236 1803 3277 vero
1831 3236 1967 3275 con-

313 3315 624 3374 tinentiam
656 3331 771 3370 non
803 3315 1214 3382 servat,neque
1244 3326 1377 3366 cum
1407 3309 1605 3365 labore
1635 3313 1966 3380 temperan-

312 3406 455 3462 tiam
487 3407 733 3470 exercet,
760 3401 811 3458 is
840 3399 1111 3456 homines
1161 3399 1368 3455 irridet
1425 3414 1626 3454 earum
1682 3396 1966 3453 virtutum

310 3493 629 3551 studiosos.
683 3492 750 3547 Et
785 3506 923 3546 vero
955 3488 1239 3544 Dominus
1269 3492 1327 3543 et
1354 3486 1616 3543 Salvator
1645 3491 1843 3541 noster
1870 3489 1965 3541 Je-

312 3600 415 3638 sus
462 3581 752 3650 Christus,
814 3594 1016 3634 eorum
1076 3592 1401 3648 coarguens
1437 3574 1775 3641 amentiam,
1834 3573 1962 3628 ait:

310 3695 339 3723 ‹‹
371 3676 495 3728 Non
525 3670 655 3726 veni
688 3668 909 3725 solvere
936 3666 1123 3738 legem
1157 3670 1259 3721 aut
1291 3663 1623 3737 prophetas,
1643 3664 1743 3720 sed
1777 3663 1965 3719 adim-

311 3762 468 3833 plere
499 3761 560 3814 ³⁸.
586 3782 613 3809 ››
635 3761 885 3829 Ideoque
920 3757 1129 3812 beatus
1160 3753 1379 3808 Paulus
1413 3752 1532 3807 haec
1563 3751 1964 3808 scribit.«Ple-

309 3851 512 3906 nitudo
545 3849 725 3921 igitur
753 3845 899 3918 legis
929 3843 1298 3907 Christus,ad
1323 3841 1619 3913 justitiam
1651 3841 1813 3896 omni
1833 3857 1962 3897 cre-

308 3940 466 3996 denti
499 3939 562 3992 3’.
584 3959 611 3988 »
638 3934 983 3991 Aeeuratius
1014 3931 1236 4003 itaque,
1261 3929 1482 3997 dilecti,
1502 3928 1647 3985 illud
1682 3930 1753 3986 de
1783 3931 1961 3988 disci-

307 4028 462 4101 pulis
493 4025 933 4083 consideremus
967 4038 980 4077 :
1014 4018 1828 4092 consideremus,'jnquam,ir.
1861 4019 1959 4077 illa

307 4135 433 4189 quae
463 4115 780 4188 proprie,et
810 4111 937 4168 sine
969 4111 1370 4166 additamento
1392 4109 1682 4181 sapientia
1695 4114 1956 4166 vocatur.

305 4205 436 4261 Haec
466 4203 679 4276 quippe
709 4200 979 4258 notitiam
1029 4197 1358 4255 divinorum
1418 4198 1596 4255 habet
1653 4200 1959 4271 mysterio-

306 4312 458 4351 rum.
496 4295 620 4348 llasc
650 4291 708 4347 in
744 4294 939 4345 mente
969 4293 1168 4344 nostra
1199 4303 1303 4343 oeu
1336 4286 1397 4342 in
1428 4286 1603 4343 domo
1626 4286 1874 4351 habitat.
1906 4288 1957 4345 si

304 4383 627 4457 praesertim
686 4397 835 4454 pura
890 4378 989 4445 sit,
1050 4393 1117 4433 ac
1174 4376 1559 4449 cogitationes
1615 4377 1882 4432 observet
1938 4395 1952 4434 :

301 4495 330 4524 ‹‹
363 4472 649 4538 Quoniam
681 4471 740 4526 in
773 4466 1115 4525 malevolam
1141 4465 1399 4521 animam
1431 4482 1544 4521 non
1577 4463 1843 4520 introibit
1870 4481 1957 4521 sa-

301 4563 680 4635 pientia,neo
706 4557 996 4614 habitabit
1044 4555 1102 4610 in
1160 4570 1399 4627 corpore
1457 4553 1693 4610 subdito
1753 4569 1954 4624 pecca-

1503 396 1567 453 S.
1615 388 2142 457 ATHANASIUS.
2172 425 2247 440 -
2269 388 2581 458 SPURIA.

1524 547 1549 578 ιι
1612 526 1986 582 Consideravi
2023 529 2070 592 Α
2097 525 2194 591 τῆς
2228 522 2396 594 αὐτῆς
2441 523 2708 599 ἐχόμενος
2759 522 3013 599 γνώμης,
3042 518 3217 601 ἔλεγε·
3253 549 3281 579 ι(
3327 524 3644 596 Κατενόησα
3688 526 3757 581 τὰ

3598 392 3753 459 1036

2094 611 2227 688 ἔργα
2274 633 2392 683 σου,
2423 613 2513 668 καὶ
2564 612 2798 684 ἐξέστην.
2836 637 2865 665 ››
2915 615 3252 687 Ζητήσωμεν
3301 612 3394 669 οὗν
3444 618 3535 671 καί
3586 617 3753 689 ἡμεῖς

2093 707 2310 779 πρῶτον
2336 703 2435 771 τήν
2471 700 2749 776 βασιλείαν
2780 701 2968 775 αὐτοῦ,
3000 704 3091 759 καὶ
3152 702 3298 759 οὕτω
3351 708 3519 760 ταῦτα
3575 705 3753 761 πάντα

2092 793 2515 867 προστεθήσεται
2564 793 2722 865 ἡμῖν·
2775 792 2920 847 οὕτω
2975 793 3076 869 γὰρ
3124 792 3214 847 καὶ
3260 794 3288 848 6
3338 794 3539 870 Κύριος
3585 797 3747 868 ἡμῶν

2094 880 2303 951 Ἰησοῦς
2379 882 2609 956 Χριστὸς
2663 881 2715 937 ἐν
2773 880 3129 957 Εὐαγγελίοις
3210 880 3449 939 διδάσκει
3523 882 3697 958 λὲγων
3730 904 3746 917 ·

2093 994 2121 1022 ‹‹
2155 976 2398 1041 Ζητεῖτε,
2454 971 2546 1027 καὶ
2602 972 2895 1047 εὑρήσετε.
2947 997 2968 1023 ιι
3025 976 3303 1046 Ζητοῦμεν
3359 970 3417 1028 δὲ
3467 976 3632 1046 ἡμεῖς
3685 973 3749 1028 ού

2095 1060 2451 1137 μαργαρίτας,
2496 1058 2623 1116 οὐδὲ
2672 1062 2972 1131 ὑακίνθους,
3006 1063 3141 1138 ἅπερ
3191 1063 3244 1117 οἱ
3283 1062 3640 1138 ἀπειρόκαΛοι
3671 1065 3749 1138 (8)

2087 1148 2510 1223 τεθαυμάκασιψ
2560 1150 2704 1206 ἀλλὰ
2764 1156 3030 1225 ζητοῦμεν
3088 1156 3224 1207 Θεοῦ
3282 1151 3471 1229 σοφίαν
3530 1150 3582 1207 ἐν
3647 1174 3748 1226 μυ-

2091 1238 2302 1316 στηρίῳ
2375 1241 2476 1310 τὴν
2547 1240 3040 1316 ἀποκεκρυμμίνην
3075 1259 3089 1273 ο
3159 1265 3187 1293 ‹‹
3246 1242 3344 1295 Ἦν
3403 1240 3581 1304 οὐδεὶς
3639 1246 3748 1297 τῶν

2087 1324 2374 1405 ἀρχόντων
2420 1333 2519 1384 τοῦ
2576 1328 2771 1392 αἰῶνος
2824 1329 3019 1385 τούτου
3074 1327 3325 1407 ἔγνωκεν.
3362 1354 3389 1381 ››
3426 1354 3455 1382 α
3485 1329 3547 1385 Εἰ
3580 1355 3608 1381 ››
3641 1329 3744 1407 γὰρ

2088 1440 2118 1470 (ι
2178 1414 2438 1493 ἔγνωσαν,
2498 1418 2676 1496 φησὶν,
2746 1418 2848 1474 οὐκ
2898 1418 2956 1474 ἃν
3009 1419 3102 1474 τὸν
3155 1419 3351 1491 Κύριον
3407 1427 3508 1489 τῆς
3582 1414 3745 1491 δόξης

2087 1506 2451 1583 ἐσταύρωσαν.
2487 1532 2516 1561 ››
2546 1506 2692 1579 Αὕτη
2743 1506 2801 1563 δέ
2848 1507 2989 1564 ἐστιν
3041 1511 3075 1579 ἡ
3123 1508 3305 1587 σοφία,
3339 1508 3461 1583 περὶ
3490 1511 3559 1578 ἧς
3590 1507 3746 1585 ἔλεγε

2086 1595 2175 1651 καὶ
2208 1597 2236 1652 6
2271 1596 2541 1670 Σολομὼν
2603 1596 2655 1652 ἐν
2710 1597 3037 1676 προφητείᾳ”
3088 1621 3114 1647 ‹‹
3170 1595 3585 1667 Ἐξαπόστειλόν
3648 1618 3741 1671 μοι

2084 1686 2186 1755 τήν
2243 1689 2349 1740 τῶν
2408 1690 2512 1740 σῶν
2574 1686 2776 1762 θρόνων
2835 1683 3104 1763 πάρεδρον
3158 1686 3370 1764 σοφίαν.
3407 1690 3587 1742 »Ὅτι
3622 1684 3679 1742 δὲ
3713 1688 3741 1743 6

2088 1775 2316 1850 Χριστὸς
2373 1774 2462 1829 καὶ
2523 1775 2681 1853 σοφία
2740 1775 3106 1851 κηρύσσεται,
3174 1777 3506 1852 μαρτυρήσει
3569 1798 3663 1850 μοι
3712 1776 3742 1831 6

2086 1862 2322 1933 Παῦλος,
2373 1861 2570 1940 λέγων·
2605 1888 2632 1915 ‹‹
2685 1865 2914 1939 Χριστὸς
2975 1868 3109 1920 Θεοῦ
3169 1862 3399 1938 δύναμις
3457 1865 3547 1920 καὶ
3605 1870 3741 1922 Θεοῦ

2083 1951 2263 2027 σοφία.
2298 1958 2517 2024 Ζητείτε
2575 1950 2667 2008 οὖν
2726 1957 2943 2027 πρῶτον
2995 1956 3095 2022 τήν
3152 1951 3431 2030 βασιλείαν
3490 1955 3582 2008 καὶ
3637 1954 3738 2023 τὴν

2081 2037 2426 2112 δικαιοσύνην
2476 2046 2574 2097 τοῦ
2625 2047 2780 2115 Θεοῦ,
2812 2043 2903 2097 καὶ
2958 2042 3103 2097 οὕτω
3149 2047 3318 2099 ταῦτα
3356 2041 3531 2097 πάντα
3559 2063 3740 2117 προστ

2077 2130 2360 2201 τεθήσεται
2412 2130 2561 2204 ὑμῖν.
2597 2155 2623 2183 ι)
2673 2132 2748 2186 Τὰ
2803 2131 2904 2208 γὰρ
2963 2131 3195 2205 ἐσόμενα
3248 2136 3356 2187 τῶν
3413 2131 3739 2208 ἡγουμένων

2082 2216 2303 2295 δεύτερα
2355 2219 2631 2296 τυγχάνει·
2686 2221 2783 2276 κᾶν
2838 2221 2942 2297 γὰρ
3003 2219 3120 2296 ἔχει
3173 2220 3339 2297 λόγον
3371 2223 3406 2292 ἡ
3456 2221 3593 2277 κατὰ
3641 2221 3734 2277 τὸν

2079 2306 2244 2382 νόμον
2295 2309 2437 2383 σκιὰ,
2467 2307 2613 2365 ἀλλὰ
2665 2316 2773 2365 τῶν
2828 2306 3146 2384 μελλόντων
3207 2311 3422 2386 ἀγαθῶν
3481 2305 3735 2389 ἀῤῥαϐών

2082 2395 2245 2455 ἐστιν.

2149 2508 2204 2560 2.
2240 2501 2494 2560 Ἰουδαῖοι
2545 2511 2835 2582 τοιγαροῦν
2894 2506 3058 2583 μέχρι
3109 2508 3369 2582 σήμερον,
3420 2511 3502 2580 τῶ
3552 2507 3737 2582 γράμ-

2084 2614 2209 2667 ματι
2273 2592 2486 2667 μᾶλλον
2535 2595 2571 2664 ἢ
2615 2600 2694 2668 τῷ
2736 2594 3003 2669 πνεύματι
3052 2595 3441 2672 προσέχοντες,
3493 2593 3734 2668 ἐπλανή-

2080 2683 2270 2753 θησαν.
2302 2683 2497 2739 ’Ἄκουε
2550 2683 2651 2759 γὰρ
2701 2683 2876 2739 αὐτῶν
2927 2680 3219 2759 λεγόντωψ
3253 2684 3426 2748 Οὗτος
3456 2685 3485 2739 6
3518 2686 3731 2761 ἂνθρω-

2077 2790 2178 2833 πος
2208 2770 2297 2825 τὸν
2330 2770 2499 2843 νόμον
2533 2771 2670 2841 ἦλθε
2700 2771 2995 2828 καταλῦσαι
3026 2772 3115 2826 καὶ
3148 2767 3422 2830 Σάϐϐατα.
3450 2771 3612 2829 Ἀλλ’
3643 2772 3731 2829 ἐὰν

2078 2858 2303 2933 πτωχὸς
2364 2856 2509 2934 λέγει
2569 2859 2704 2913 κατᾶ
2755 2860 3102 2935 χρημάτων,
3156 2858 3217 2914 ού
3276 2863 3724 2932 πιστευθήσεται·

2079 2943 2281 3001 ούδ²ἂν
2336 2942 2637 3009 ἀκόλαστος
2681 2947 2806 3021 περὶ
2867 2948 3241 3027 σωφροσύνης,
3297 2949 3512 3020 ἀληθὴς
3567 2949 3733 3006 αὐτοῦ

2077 3038 2112 3106 ἡ
2148 3036 2436 3113 μαρτυρία.
2470 3037 2544 3093 Οὐ
2594 3039 2697 3114 γὰρ
2739 3037 2799 3093 ἐκ
2848 3036 3135 3102 διαθέσεως
3183 3039 3307 3113 περὶ
3351 3040 3560 3116 τούτων
3616 3038 3729 3097 δια-

2079 3120 2442 3182 ϐεϐαιοῦνται*
2476 3127 2505 3182 6
2539 3128 2634 3200 μὲν
2666 3128 2769 3204 γὰρ
2800 3133 2880 3201 τῷ
2932 3129 3008 3201 μή
3068 3125 3216 3205 ἔχειν
3273 3130 3730 3209 καταποφαίνεται

2078 3219 2175 3270 τοῦ
2204 3213 2469 3272 πλούτου·
2505 3218 2532 3272 ὁ
2566 3215 2623 3272 δὲ
2655 3220 2730 3291 μή
2782 3216 3074 3294 ἆνεργήσας
3128 3221 3197 3294 τῇ
3256 3218 3556 3297 ἐγκρατείᾳ,
3593 3218 3735 3294 μηδὲ

2083 3304 2218 3378 μετὰ
2244 3304 2415 3361 πὸνου
2448 3305 2804 3382 σωφροσύνην
2838 3308 3096 3379 ἀσκήσας,
3131 3306 3388 3384 χλευάζει
3438 3311 3570 3372 τοὺς
3615 3309 3734 3365 ἐπι-

2073 3395 2394 3457 ποθοῦντας.
2429 3394 2656 3469 Ἀμέλει
2688 3397 2716 3452 6
2752 3395 2947 3471 Κύριος
2976 3397 3067 3451 καὶ
3100 3398 3297 3471 Σωτὴρ
3329 3401 3492 3472 ἡμῶν
3517 3400 3731 3470 Ἰησοῦς

2074 3483 2103 3536 6
2161 3484 2411 3557 Χριστὸς,
2476 3482 2780 3560 διελέγχων
2843 3484 3019 3541 αὐτῶν
3076 3487 3174 3554 τήν
3231 3483 3441 3553 ἄνοιαν,
3501 3483 3727 3563 ἔλεγεν·

2075 3594 2103 3623 ‹‹
2137 3569 2252 3628 Οὐκ
2279 3570 2452 3641 ἦλθον
2484 3571 2783 3629 καταλῦσαι
2817 3574 2904 3627 τὸν
2938 3573 3131 3646 νόμον,
3166 3572 3291 3629 οὐδὲ
3330 3574 3460 3637 τοὺς
3509 3579 3726 3655 προφή-

2070 3679 2184 3731 τας,
2245 3659 2391 3715 sua
2446 3659 2766 3736 πληρῶσαι.
2799 3684 2820 3712 ι
2857 3662 2949 3717 Διὸ
3004 3662 3093 3717 καὶ
3126 3663 3154 3716 6
3190 3662 3453 3739 μακάριος
3508 3665 3727 3729 Παῦλος

2070 3747 2288 3825 γράφει,
2320 3747 2515 3824 λέγων·
2549 3774 2576 3801 ‹‹
2612 3748 2904 3824 Πλήρωμα
2934 3748 3023 3805 οῦν
3071 3748 3249 3823 νόμου
3300 3752 3329 3805 6
3377 3752 3602 3825 Χριστὸς
3652 3753 3728 3816 εἷς

2070 3834 2420 3908 δικαιοσύνην
2476 3838 2637 3893 παντὶ
2688 3842 2768 3911 τῷ
2826 3839 3157 3896 πιστεύοντι.
3190 3863 3218 3891 ››
3255 3841 3727 3914 Κατασκεψώμεθα

2068 3924 2161 3981 οὖν
2225 3926 2521 4003 βαθύτερον
2579 3927 2703 4004 περὶ
2762 3933 2869 3984 τῶν
2925 3930 3207 4002 μαθητῶν,
3239 3929 3531 4006 ἀγαπητοί’
3566 3950 3727 3985 κατα-

2068 4016 2391 4091 σκεψώμεθα
2447 4013 2507 4072 δὶ
2563 4016 2615 4071 ἐν
2672 4020 2741 4091 τῇ
2798 4018 3004 4094 κυρίως
3062 4017 3154 4073 καὶ
3218 4017 3342 4073 ἄνευ
3401 4020 3723 4094 προσθήκης

2066 4104 2230 4184 σοφίᾳ
2285 4103 2616 4181 καλουμένῃ·
2650 4106 2785 4174 αὕτη
2845 4106 2949 4182 γὰρ
3006 4110 3205 4183 γνῶσιν
3252 4104 3370 4183 ἔχει
3429 4107 3585 4171 θείων
3624 4128 3723 4181 μυ-

2067 4194 2320 4271 στηρίων·
2354 4195 2490 4264 αὕτη
2527 4194 2579 4250 ἐν
2610 4198 2679 4270 τῇ
2730 4192 2941 4267 διανοίᾳ
2991 4197 3153 4269 ἡμῶν
3200 4196 3274 4258 ὡς
3323 4194 3375 4251 ἐν
3414 4194 3551 4270 οἷ’κῳ
3600 4218 3725 4253 κατ-

2066 4289 2224 4355 οικεῖ,
2259 4283 2346 4340 ἐὰν
2407 4282 2647 4358 μάλιστα
2704 4285 2910 4361 καθαρὰ
2962 4286 3238 4361 τυγχάνῃ,
3283 4285 3407 4362 περὶ
3462 4287 3531 4342 τὰ
3595 4288 3726 4359 νοήο

2067 4394 2209 4446 ματα
2239 4371 2653 4449 ἀσχολουμένη·
2689 4397 2717 4426 ‹‹
2751 4373 2845 4435 Εἰς
2876 4374 2979 4449 γὰρ
3011 4372 3343 4449 κακότεχνον
3386 4376 3572 4451 ψυχὴν
3623 4375 3723 4432 οὐκ

2064 4460 2421 4517 εἰσελεύσεται
2454 4460 2634 4540 σοφία,
2669 4458 2795 4516 οὐδὲ
2824 4466 3139 4533 κατοικήσει
3183 4461 3235 4517 ἐν
3290 4465 3502 4538 σώματι
3555 4485 3720 4520 κατα-

2062 4550 2213 4627 χρέφ
2260 4552 2570 4623 ἁμαρτίαις.
2608 4574 2636 4602 ))
2686 4551 3079 4625 Καθαρίσωμεν
3140 4550 3236 4606 οὖν
3296 4552 3539 4621 ἑαυτοὺς,
3583 4554 3718 4630 ἀγα-

300 4652 378 4706 tis
402 4652 466 4706 ιο.
489 4672 518 4702 ››
537 4650 865 4721 Purgemus
893 4648 1094 4716 itaque
1124 4641 1559 4712 nos,dilecti,ab
1590 4641 1751 4697 omni
1783 4642 1957 4698 sorde

2077 4638 2252 4710 πητοὶ,
2299 4638 2406 4694 ἀπὸ
2460 4639 2658 4701 παντὸς
2719 4639 3014 4714 μολυσμοῦ
3072 4643 3259 4717 ψυχῆς
3306 4644 3397 4697 καὶ
3437 4642 3714 4717 σώματος·

299 4738 507 4795 animm
537 4742 595 4794 et
622 4732 1427 4808 corporis,auscullemusque
1456 4729 1802 4786 clamantem
1830 4747 1957 4802 pro-

298 4827 533 4901 phetam
570 4842 583 4882 :
623 4844 645 4874 ι
681 4824 957 4879 Mundste
988 4837 1221 4886 manus,
1257 4823 1590 4892 peccatores
1638 4834 1653 4874 :
1710 4825 1953 4892 purgate

295 4918 491 4984 corda,
542 4913 807 4986 duplices
854 4910 1051 4967 animo
1081 4910 1147 4961 ‘1.
1185 4930 1212 4958 ››
1250 4913 1333 4963 lta
1364 4909 1519 4963 enim
1553 4908 1684 4979 quis
1717 4909 1948 4980 poterit,

294 5012 351 5064 et
379 5003 689 5062 sensibilia
729 5001 995 5074 probare,
1031 5003 1089 5054 et
1119 4997 1455 5071 spiritualia
1484 5001 1715 5066 tenere;
1777 5004 1950 5070 atque

293 5095 414 5151 haec
470 5094 706 5166 eligere,
739 5092 811 5146 ab
849 5089 971 5145 illis
1003 5087 1202 5161 procul
1237 5087 1523 5143 recedere.
1553 5087 1947 5152 Quemadmo-

291 5185 433 5240 dum
465 5183 630 5257 probi
660 5179 975 5253 trapezitae,
1011 5179 1228 5234 bonum
1256 5175 1568 5249 eligamus,
1601 5180 1659 5231 et
1687 5176 1757 5232 ab
1787 5176 1946 5233 omni

290 5275 447 5331 mala
473 5272 665 5347 specie
694 5267 1289 5327 abstineamus.Bona
1318 5281 1454 5339 ergo
1486 5265 1642 5322 velut
1672 5282 1943 5324 necessa-

356 5484 403 5519 ³¹
432 5483 640 5539 Habeo.
675 5497 760 5549 ιιι,
788 5481 844 5536 2.
955 5479 1000 5515 ³³
1029 5475 1237 5534 Matth.
1268 5475 1452 5549 vn,7.

1565 5476 1613 5516 ³⁸
1640 5475 1662 5531 I
1693 5475 1820 5532 Cor.
1856 5491 1917 5545 ιι,
1937 5476 1993 5531 6.

2061 4727 2380 4801 ἀκούσωμεν
2407 4731 2505 4783 τοῦ
2559 4731 2845 4807 προφήτου
2909 4729 3169 4805 βοῶντος
3208 4756 3229 4783 ιι
3268 4730 3548 4807 ’Δγνίσατε
3592 4737 3718 4809 χεῖ-

2061 4838 2180 4893 ρας,
2213 4815 2557 4892 ἁμαρτωλοὶ,
2589 4818 2911 4895 καθαρίσατε
2940 4816 3184 4894 καρδίας,
3214 4817 3458 4898 δίψυχοι.
3496 4845 3524 4873 ››
3555 4820 3715 4879 Οὕτω

2057 4909 2160 4985 γάρ
2190 4928 2271 4970 τις
2318 4904 2526 4981 δυνηθῇ
2576 4907 2667 4962 καὶ
2723 4907 2791 4963 τὰ
2846 4908 3080 4979 αἶ’σθητά
3137 4904 3475 4982 δοκιμάζειν,
3500 4909 3589 4965 καὶ
3644 4911 3713 4966 τὰ

2057 4996 2228 5068 νοητὰ
2256 4994 2525 5071 κατέχεινο
2559 4995 2649 5051 καὶ
2678 4997 2746 5051 τὰ
2773 4998 2867 5070 μὶν
2922 4998 3208 5071 αἱρεῖσθαι,
3238 5002 3347 5053 τῶν
3407 4995 3464 5054 δὲ
3520 4997 3711 5075 πόρῤω

2055 5089 2318 5164 γενέσθαι.
2363 5086 2453 5148 Ὠς
2511 5081 2732 5159 δόκιμοι
2790 5091 3104 5163 τραπεζῖται
3160 5088 3223 5142 τὸ
3272 5088 3438 5143 καλὸν
3477 5085 3710 5158 ἐκλεξώι

2059 5178 2217 5251 μεθα,
2247 5175 2354 5230 ἀπὸ
2404 5175 2603 5237 παντὸς
2664 5172 2841 5238 εἷ’δους
2886 5180 3133 5251 πονηροῦ
3187 5171 3552 5251 ἀπεχόμενοι.
3582 5180 3709 5239 Τοῖς

2055 5265 2145 5322 οὖν
2178 5263 2373 5328 καλοῖς
2403 5265 2479 5328 ὡς
2504 5263 2815 5342 ἀναγκαίοις
2844 5262 3261 5341 προσέλθωμεν,
3290 5271 3406 5329 τοῖς
3450 5262 3508 5321 δὲ
3552 5262 3705 5321 ἀδια-

2632 5476 2677 5511 ³⁶
2708 5476 2730 5531 Ι
2761 5477 2889 5533 Cor.
2917 5494 2957 5546 ι,
2986 5477 3079 5534 24.
3183 5478 3226 5515 ³⁷
3258 5477 3467 5536 Matth.
3498 5495 3580 5547 v1,
3609 5477 3702 5535 33.

2107 5475 2320 5553 “ASap.
2352 5492 2430 5547 ιιι,
2464 5476 2515 5553 4.

287 5555 331 5590 ³⁸
364 5555 570 5613 Matth.
603 5571 659 5623 ν,
690 5547 776 5609 17.
852 5553 899 5588 ³³
931 5551 1099 5608 Rom.
1130 5566 1188 5618 x,
1223 5549 1274 5604 4.
1353 5547 1398 5582 ⁸ο
1426 5547 1559 5620 Sap.
1594 5563 1634 5617 ι,
1668 5547 1720 5602 4.
1798 5547 1842 5584 ⁴¹
1872 5547 1966 5605 Jac

2077 5563 2121 5618 ν,
2151 5548 2205 5603 8.

357 5741 434 5822 (8)
466 5740 606 5815 Reg.
637 5738 1008 5816 ὰπειρόκακοι.
