4120 6362
374 408 528 470 1037

1342 407 1675 474 HOMlLlA
1721 413 1797 472 ΙΝ
1844 412 2075 474 ILLUD
2127 430 2205 471 :«
2256 410 2541 487 EUNTE,
2578 436 2607 470 »
2660 416 2831 477 ETG.

3635 428 3792 490 1038

370 542 581 619 φόροις,
617 541 741 597 ὅσον
871 542 1031 617 χρεία
1088 542 1323 597 ἀπαιτεῖ.
1377 545 1432 596 Ὁ
1489 545 1591 619 γάρ
1648 544 1888 606 πλοῦτος
1950 548 2016 615 τῷ

2138 546 2224 601 ria
2255 547 2565 615 adeamus;
2599 548 3013 619 indifferentia,
3047 560 3336 623 quantum
3369 558 3631 627 postulat
3686 578 3791 617 ne-

370 628 492 702 ἰδίῳ
526 629 675 706 λόγῳ
706 629 829 685 οὐδὲ
859 631 1053 706 ἀγαθὸς
1087 629 1211 686 οὐδὲ
1243 631 1448 709 φαῦλος
1479 632 1757 708 τυγχάνει,
1779 632 1924 687 ἀλλά
1951 637 2018 706 τῇ

368 720 678 795 προαιρέσει
727 725 823 775 τοῦ
872 720 1165 796 χρωμένου
1220 720 1295 783 εἷς
1348 722 1572 798 ἑκάτερα
1617 722 1877 797 κρίνεται.
1910 721 2018 778 Αύ-

367 807 489 863 τίκα
521 811 548 864 6
584 810 747 885 μέγας
800 804 1053 885 Ἀϐραὰμ
1110 808 1373 872 πλούσιος
1436 808 1643 887 σφόδρα
1702 810 2017 885 ἐτύγχανεν³

379 896 498 953 ςλλ,
574 899 586 918 ν
631 896 654 915 ῃ
693 900 705 915 π
810 904 836 914 ι..
990 906 1049 931 ..⁸
1120 900 1131 919 ρ
1244 906 1268 916 ς
1358 899 1370 915 θ
1411 899 1446 930 ι.
1673 901 1685 917 ε
1825 899 1834 920 ι
1996 902 2011 919 \

370 918 401 951 α
532 921 593 953 ου
627 916 715 953 οια
744 920 903 953 τουτο
949 920 1048 967 τηε,
1108 919 1302 974 αρετης
1354 899 1637 969 εξωιλινεν.
1691 902 1913 972 Ομοιως
1965 898 2021 955 δε

364 988 454 1045 καὶ
487 991 514 1042 ὁ
546 989 770 1063 πτωχὸς
808 987 1066 1062 Λάζαρος,
1113 988 1162 1041 ἐν
1196 987 1349 1059 πενίᾳ
1378 986 1473 1055 ὣν,
1508 987 1582 1049 εἷς
1636 984 1877 1060 ἀνδρείαν
1929 989 2019 1044 καὶ

371 1076 783 1154 μεγαλοψυχίαν
816 1080 884 1149 τῇ
917 1076 1077 1153 σοφίᾳ
1107 1076 1193 1130 καὶ
1243 1081 1320 1148 τῷ
1374 1075 1626 1152 λογισμῷ
1683 1076 2017 1154 ἐνηλείφετο.

368 1166 592 1235 Οὐκοῦν,
628 1166 701 1227 ὡς
729 1160 884 1242 ἔφην,
920 1162 1042 1219 οὔτε
1089 1167 1123 1234 ἡ
1156 1164 1311 1219 πενία
1356 1167 1540 1237 κακὸν,
1570 1162 1692 1220 οὔτε
1724 1167 1751 1220 6
1782 1166 2019 1229 πλοῦτος

368 1254 575 1334 φαῦλος
610 1274 621 1286 ⁸
680 1252 826 1309 ἀλλά
882 1256 915 1323 ἡ
978 1262 1177 1330 χρῆσις
1241 1254 1375 1326 μετά
1428 1262 1527 1325 τῆς
1579 1253 1866 1318 διαθέσεως
1924 1261 2019 1311 τοῦ

367 1345 682 1422 χρωμένου.
738 1342 957 1416 Ἀμέλει
1014 1348 1112 1398 τοῦ
1171 1349 1366 1398 πιστοῦ
1422 1342 1552 1406 ὅλος
1587 1346 1614 1399 ὁ
1649 1345 1853 1419 κόσμος
1911 1350 2019 1400 τῶν

369 1436 696 1512 χρημάτωψ
730 1437 827 1488 τοῦ
860 1431 916 1488 δὲ
946 1433 1171 1487 ἀπίστου
1204 1431 1329 1488 οὐδὲ
1380 1429 1600 1496 ὀϐολός.
1633 1440 1720 1506 Τῷ
1776 1435 1869 1507 μὲν
1916 1435 2017 1510 γὰρ

369 1528 543 1595 πιστῷ
596 1524 661 1578 τά
720 1520 890 1577 πάντα
950 1523 1324 1591 ὑποτέτακται,
1358 1523 1447 1577 καὶ
1504 1521 1674 1578 δοῦλα
1724 1525 1791 1578 τά
1845 1525 2019 1579 πάντα

365 1615 669 1689 τυγχάνει·
725 1610 910 1681 ἐπειδὴ
966 1612 1055 1666 καὶ
1117 1612 1330 1666 πάντων
1405 1614 1584 1687 ἄρχει,
1644 1615 1731 1667 καὶ
1803 1613 2016 1668 πάντων

364 1707 711 1780 καταφρονεῖ’
766 1704 793 1756 6
846 1699 903 1756 δὲ
947 1700 1169 1764 ἄπιστος
1228 1703 1441 1756 πάντων
1503 1703 1613 1757 ἐστὶ
1672 1700 1892 1769 δοῦλος,
1923 1724 2015 1756 κυ-

369 1793 681 1869 ριευόμενος
733 1792 834 1845 ὑπὸ
878 1796 975 1845 τοῦ
1028 1796 1284 1863 μαμωνᾶ,
1322 1789 1554 1864 μηδενὸς
1610 1790 1819 1866 ἅρχων,
1873 1790 2018 1845 ἀλλά

369 1881 580 1954 μᾶλλον
612 1881 942 1957 ἀρχόμενος.
980 1881 1077 1935 Καὶ
1110 1882 1277 1935 πάντα
1312 1881 1404 1953 μὲν
1435 1881 1501 1935 τά
1527 1881 1622 1934 τοῦ
1672 1886 1805 1935 Θεοῦ
1852 1882 2015 1950 ποιή-

370 1992 510 2044 ματα
557 1970 716 2025 καλά·
751 1972 786 2039 ἡ
835 1969 892 2024 δὲ
940 1974 1047 2023 τῶν
1108 1971 1412 2045 χρωμένων
1474 1967 1709 2032 διάθεσις
1767 1968 1911 2025 πολὺ
1957 1970 2019 2024 τὸ

368 2059 623 2137 διάφορον
658 2054 796 2134 ἔχει.

436 2153 489 2206 3.
526 2148 753 2221 Ἀμέλει
786 2150 814 2202 ὁ
846 2149 1009 2225 σοφὸς
1034 2148 1489 2218 Ἐκκλησιαστὴς,
1522 2148 1656 2220 μετά
1686 2148 1874 2225 σοφίας
1903 2152 2018 2208 τοῖς

365 2244 495 2292 πᾶσι
550 2238 641 2292 τὸν
703 2242 826 2292 νοῦν
888 2238 1076 2291 ἐαυτοῦ
1133 2237 1447 2307 ἐπιστήσας,
1497 2236 1880 2310 κατεσκέψατο,
1928 2237 2015 2290 καὶ

368 2324 583 2401 διέγνω,
626 2331 741 2388 πῶς
792 2324 1019 2398 πλούτῳ
1068 2328 1371 2401 χρήσηται’
1404 2330 1522 2388 πῶς
1571 2327 1751 2381 πενίαν
1810 2326 2014 2399 ἐνεγκῃσ

365 2422 485 2477 πῶς
517 2414 672 2469 νόσον
705 2414 973 2487 ὑπομένηο
1007 2420 1122 2477 πῶς
1170 2414 1227 2469 δὲ
1275 2414 1476 2490 ὑγίειαν
1525 2415 1809 2489 καταμίξῃ.
1846 2415 2015 2470 Αῦται

365 2504 422 2560 δὲ
454 2506 583 2559 εἱσιν
616 2505 670 2558 αἱ
704 2504 908 2579 ἀρεταὶ,
941 2502 1137 2565 αἳτινες
1166 2505 1265 2573 τὴν
1311 2503 1623 2577 ἐπιμέλειαν
1676 2509 1753 2575 τῷ
1804 2505 2015 2580 ἀνθρω-

364 2594 502 2667 πίνῳ
557 2593 695 2669 γένει
752 2597 1054 2650 ποιοῦνται.
1088 2594 1447 2654 Ἀπεναντίως
1510 2590 1566 2646 δὲ
1612 2599 1727 2654 τοῖς
1790 2592 2014 2666 εἰρημέ-

372 2704 477 2745 νοις
507 2685 533 2737 6
570 2683 645 2755 μή
680 2682 842 2759 σοφὸς
878 2679 1269 2752 διατεθήσεται·
1317 2681 1475 2737 τοῦτο
1510 2680 1566 2736 δέ
1600 2681 1709 2736 ἐστι
1757 2683 1819 2736 τὸ
1870 2703 2018 2757 περι-

366 2773 611 2844 σπασμὸν
641 2772 876 2847 πονηρὸν
916 2768 1161 2826 δεδόσθαι
1202 2777 1318 2833 τοῖς
1371 2773 1509 2832 υἱοῖς
1556 2777 1661 2825 τῶν
1715 2773 2014 2845 ἀνθρώπων

364 2863 509 2939 παρὰ
558 2865 714 2930 Θεοῦ,
741 2859 831 2915 ⁹ίνα
878 2861 936 2915 ἐκ
981 2866 1078 2916 τοῦ
1127 2861 1386 2915 ἐπιπόνου
1421 2860 1656 2936 μόχθου,
1689 2862 1908 2931 καὶτῆς
1964 2862 2013 2917 ἐν

364 2957 479 3014 τοῖς
514 2950 817 3028 ὁρωμένοις
850 2950 1175 3025 ἀμηχανίας,
1212 2950 1297 3005 ἐπὶ
1327 2951 1426 3019 τήν
1457 2955 1553 3005 τοῦ
1585 2955 1716 3004 Θεοῦ
1759 2951 2013 3027 πρόνοιαν

363 3040 452 3094 καὶ
501 3040 691 3117 σοφίαν
742 3038 1141 3116 καταφεύγωσι.
1173 3039 1376 3093 Τούτου
1427 3038 1585 3113 χάριν
1636 3039 2013 3112 περισπασμὸν

367 3154 393 3179 ‹‹
425 3130 666 3202 πονηρὸν
698 3154 717 3179 ι
748 3125 976 3182 δέδωκεν
1007 3128 1034 3183 6
1067 3128 1197 3189 Θεὸς
1226 3133 1340 3189 τοῖς
1374 3128 1513 3189 υἱοῖς
1546 3132 1653 3206 τῶν
1686 3129 2012 3204 ἀνθρώπων,

360 3220 657 3288 τουτέστιν,
687 3217 967 3273 ἐπίπονον.
1000 3218 1122 3274 ’Ότι
1157 3213 1213 3271 δὲ
1246 3239 1273 3267 ‹‹
1304 3217 1365 3271 τὸ
1419 3218 1656 3292 πονηρὸν
1692 3242 1718 3269 ››
1754 3216 2009 3273 ἐπίπονόν

364 3307 543 3372 ἐστιν,
602 3306 763 3362 ἄκουε
836 3308 899 3361 τὸ
974 3301 1096 3362 Ἰὼϐ
1167 3305 1591 3382 γεγραμμένον·

366 3398 587 3452 Ἔπεσεν
633 3397 682 3451 ἐν
730 3401 809 3468 τῷ
856 3390 980 3451 Ἰὼϐ
1037 3392 1172 3463 ἕλκη
1206 3396 1441 3471 πονηρὰ,
1473 3396 1768 3463 τουτέστιν,
1822 3396 2013 3452 ἐπίπο-

363 3504 446 3540 να’
479 3487 565 3541 καὶ
600 3487 651 3540 αἱ
676 3485 888 3561 πληγαὶ
932 3484 1213 3560 Αἰγύπτου
1245 3486 1477 3561 πονηραὶ
1509 3484 1825 3554 κέκληνται,
1856 3508 2014 3542 τουτ-

363 3576 526 3643 ἐστιν,
581 3571 967 3630 ἐπίπονοιο⁹ίνα
1023 3574 1113 3629 καὶ
1171 3576 1268 3643 τὴν
1327 3571 1563 3629 διάνοιαν
1616 3576 1819 3630 ἑαυτῶν
1866 3579 2014 3646 κινή-

362 3686 525 3720 σωσιν
559 3666 611 3720 οἱ
642 3667 919 3737 ἅνθρωποι
943 3663 1031 3719 ἐπὶ
1059 3665 1125 3719 τά
1170 3665 1286 3719 θεῖα
1338 3663 1518 3740 λόγια,
1554 3665 1641 3719 καὶ
1694 3664 1744 3720 ἐν
1798 3666 2011 3727 τούτοις

363 3754 443 3808 ἀεὶ
504 3752 903 3829 φρονιμώτεροι
964 3752 1269 3828 γενόμενοι,
1330 3751 1662 3824 ἐπιστήσωσι
1731 3755 1821 3808 τὸν
1889 3758 2011 3808 νοῦν

366 3842 567 3897 ἑαυτῶν
625 3846 706 3913 τῷ
754 3845 1008 3912 ζωοποιῶ
1067 3840 1353 3915 πνεύματι.
1388 3838 1585 3898 Οἴδατε
1639 3843 1760 3918 γάρ,
1811 3842 1892 3897 δτι
1949 3843 2011 3897 τὸ

365 3932 458 4003 μὲν
486 3930 717 4006 γράμμα
747 3929 1072 4001 ἀποκτείνει,
1105 3930 1168 3985 τὸ
1218 3928 1273 3984 δὲ
1326 3935 1537 4003 πνεῦμα
1588 3936 1868 3999 ζωοποιεῖ.
1905 3932 2012 3986 Πό-

359 4042 439 4093 νῳ
472 4019 561 4075 οῦν
592 4021 682 4074 καὶ
714 4021 935 4090 ἀσκήσει
966 4020 1064 4088 τὴν
1098 4027 1196 4089 τῆς
1255 4022 1451 4097 ἀρετῆς
1510 4019 1774 4097 ὠφέλειαν
1838 4022 2010 4075 ἀσπα-

362 4111 600 4182 σώμεθα’
637 4108 787 4181 πόνῳ
842 4109 943 4185 γὰρ
1000 4110 1062 4163 τὸ
1117 4108 1285 4165 καλὸν
1331 4112 1715 4183 κατορθοῦται,
1746 4109 1821 4171 ὡς
1854 4111 1881 4164 6
1917 4132 2013 4184 μα-

359 4198 548 4275 κάριος
609 4197 822 4259 Παῦλος
884 4200 1076 4276 γράφει
1134 4198 1329 4273 λέγων·
1398 4224 1427 4251 (ι
1483 4205 1567 4253 Ἐν
1630 4197 1896 4272 θλίψεσιν,
1958 4200 2009 4256 ἐν

362 4291 617 4367 ἀνάγκαις
652 4293 753 4365 (9),
788 4290 839 4345 ἐν
888 4288 1151 4367 πληγαῖς,
1184 4288 1234 4344 ἐν
1286 4290 1721 4357 ἀκαταστασίαις,
1755 4312 1780 4342 ii
1814 4289 1903 4344 καὶ
1947 4290 2014 4344 τά

362 4381 503 4453 ἑξῆς.
565 4380 667 4437 Καὶ
726 4378 892 4434 πάλιν
953 4381 981 4434 6
1040 4378 1199 4441 αὐτός
1260 4399 1428 4458 φησι²
1492 4403 1519 4433 ››
1584 4378 1763 4434 Πάντα
1821 4378 2013 4454 στέγω,

358 4469 533 4525 πάντα
562 4468 839 4543 ὑπομένω,
866 4466 955 4523 ’ίνα
984 4471 1210 4543 μήτινα
1261 4467 1496 4545 ἐγκοπὴν
1559 4465 1738 4542 δῶμεν
1790 4473 1867 4523 τῶ
1921 4467 2014 4525 Εὐ-

361 4558 601 4636 αγγελίῳ
629 4563 726 4613 τοῦ
752 4560 1009 4633 Χριστοῦ.
1047 4582 1076 4609 ››

433 4652 486 4704 4.
523 4652 705 4705 Ταῦτα
735 4645 793 4702 δὲ
823 4648 1203 4724 προεθήκαμεν
1236 4651 1315 4719 τῷ
1364 4645 1539 4721 λόγῳ,
1575 4645 1764 4717 ἐπειδὴ
1793 4647 1855 4701 τὸ
1887 4645 2013 4702 ἀνά·
2051 4665 2096 4730 D

362 4758 593 4812 γνωσμα
623 4735 771 4792 δοκεῖ
797 4757 914 4792 τινα
961 4732 1105 4812 ἔχειν
1149 4732 1331 4811 λόγον’
1386 4736 1516 4813 φησί
1564 4737 1685 4811 γάρ·
1725 4760 1751 4785 ‹‹
1786 4740 2015 4807 Πορευο-

367 4825 529 4901 μένου
578 4824 635 4881 δὲ
685 4826 875 4895 αὑτοῦ,
910 4826 1316 4901 ὑπεστρώννυον
1363 4824 1430 4879 τά
1483 4824 1675 4892 ἱμάτια
1732 4824 1907 4879 αὐτῶν
1967 4823 2018 4878 ἐν

363 4919 429 4989 τῇ
463 4913 593 4987 ὁδῷ·
634 4940 660 4966 ››
688 4913 779 4969 τίνα
807 4916 899 4970 τὸν
952 4916 1160 4985 Ἰησοῦν
1220 4907 1625 4973 ἐπιϐιϐάσαντες
1681 4917 1760 4985 τῷ
1817 4914 2015 4985 πώλῳ,

364 5002 628 5081 ἄρξωνται
659 5004 1004 5079 πορεύεσθαι.
1035 5007 1204 5057 Τοῦτο
1257 5000 1314 5057 δὲ
1362 5003 1512 5075 ἡμᾶς
1559 5002 1620 5055 τὸ
1670 5000 2015 5077 εὐαγγελικὸν

365 5091 607 5148 διδάσκει
640 5092 821 5170 ῥητόν.
859 5092 955 5147 Καὶ
987 5091 1128 5146 πόσα
1158 5090 1303 5153 ὅλως
1355 5092 1406 5145 οἱ
1467 5088 1766 5145 ἀπόστολοι
1828 5089 2018 5161 ἱμάτια

368 5182 520 5259 εἶχον
580 5184 806 5255 ἑαυτῶν,
843 5181 981 5237 ὥστε
1033 5183 1100 5235 τὰ
1163 5182 1256 5253 μὲν
1319 5180 1493 5235 αὐτῶν
1557 5178 1890 5256 ἐπιρῥίπτειν
1947 5182 2016 5252 τῇ

366 5268 498 5345 ὄνῳ,
527 5270 617 5326 *ίνα
660 5266 1021 5326 ἐπιϐιϐάσωσι
1076 5272 1168 5325 τὸν
1213 5270 1447 5341 Ἰησοῦν,
1480 5269 1542 5323 τά
1593 5266 1651 5323 δὲ
1703 5269 2019 5343 ὑποστρων-

364 5360 510 5415 νύειν
552 5360 603 5415 ἐν
635 5362 705 5433 τῇ
735 5358 865 5433 ὁδῷ·
901 5361 1207 5434 ἀκτήμονες
1259 5356 1471 5434 ἄνδρες,
1505 5357 1590 5413 καὶ
1640 5357 1809 5412 πάντα
1856 5378 2017 5411 κατα-

439 5559 484 5593 ⁴²
516 5558 700 5616 Eccle.
736 5576 775 5629 ι,
810 5558 897 5613 13.
976 5557 1022 5597 ⁸³
1051 5556 1159 5615 Job
1194 5574 1257 5628 ιι,
1286 5558 1342 5614 7.
1418 5558 1465 5592 “
1494 5558 1542 5613 ΙΙ
1571 5559 1697 5613 Cor.
1728 5572 1807 5627 νι,
1839 5556 1890 5611 4.

445 5755 516 5828 (9)
548 5752 634 5815 Ita
663 5758 804 5829 Reg.
838 5757 893 5811 2.
926 5751 993 5812 In
1024 5754 1225 5828 editis,
1260 5751 1311 5809 ἐν
1345 5749 1606 5832 ἀνάγκαις
1640 5754 1825 5814 deest.

1971 5556 2016 5591 “
2044 5558 2070 5610 Ι
2100 5554 2228 5611 Cor.
2261 5569 2363 5620 vn,
2400 5554 2481 5607 12.

2132 636 2397 691 cessitas.
2436 638 2651 692 Divitiae
2685 655 2942 711 namque
2973 640 3197 697 ratione
3228 644 3454 709 sui,nec
3483 649 3652 703 bonae
3685 665 3793 705 nec

2134 724 2297 779 malae
2326 731 2493 792 sunt;
2521 728 2621 781 sed
2656 730 2873 782 utentis
2904 729 3100 785 animo
3123 730 3180 785 in
3214 738 3527 805 utramque
3557 743 3788 807 partem

2131 815 2518 869 aestimantur.
2554 820 2810 885 Repente
2843 833 3093 889 magnus
3125 818 3220 873 ille
3281 822 3576 878 Abraham
3623 828 3787 883 dives

2134 902 2242 956 fuit
2275 920 2287 957 :
2324 921 2429 958 nec
2462 904 2587 958 ideo
2621 926 2650 957 υ
2686 905 2895 961 virtute
2927 907 3260 963 declinavit.
3294 911 3575 967 Similiter
3625 933 3787 972 men-

2131 988 2297 1043 dicus
2343 990 2593 1045 Lazarus
2624 992 2681 1045 in
2714 999 3055 1064 paupertate
3078 1012 3213 1050 cum
3247 998 3480 1069 viveret,
3515 1004 3585 1057 ad
3622 1004 3786 1059 forti-

2131 1078 2394 1133 tudinem
2424 1084 2480 1134 et
2510 1082 3054 1150 magnanimitatem
3080 1085 3369 1155 sapientia
3397 1093 3455 1142 et
3484 1090 3786 1149 ratiocinio

2130 1183 2258 1222 sese
2288 1169 2688 1225 conﬁrmabat.
2728 1171 2951 1243 Itaque,
2988 1178 3050 1227 ut
3104 1174 3247 1240 dixi,
3308 1193 3412 1232 nec
3470 1185 3784 1250 paupertas

2130 1256 2352 1312 malum
2377 1264 2481 1325 est,
2508 1276 2612 1315 nec
2642 1260 2859 1315 divitiae
2890 1261 3264 1332 perniciosas;
3300 1266 3396 1320 sed
3435 1284 3579 1324 usus
3609 1274 3785 1341 atque

2133 1347 2352 1401 utentis
2384 1347 2646 1403 allectus.
2680 1349 2896 1404 Fidelis
2930 1367 3071 1406 sane
3106 1353 3362 1410 hominis
3394 1364 3534 1411 sunt
3581 1375 3786 1415 omnes

2130 1436 2338 1489 mundi
2398 1453 2571 1508 opes;
2636 1437 2887 1494 inﬁdelis
2941 1456 3011 1494 ne
3069 1441 3275 1496 obolus
3309 1443 3570 1513 quidem.
3605 1447 3785 1503 Fideli

2128 1523 2285 1579 enim
2316 1526 2514 1580 omnia
2538 1526 2803 1595 subjecta
2834 1531 3200 1595 sunt,omnia
3224 1532 3332 1603 ipsi
3359 1533 3791 1608 serviunt:quia

2130 1613 2257 1683 ipse
2284 1614 2563 1668 omnibus
2595 1616 2846 1686 imperat
2875 1622 2931 1671 et
2960 1619 3159 1673 omnia
3208 1621 3469 1690 spernit;
3527 1624 3787 1680 infidelis

2129 1708 2321 1756 autem
2357 1703 2621 1758 omnium
2654 1711 2742 1759 est
2771 1708 3113 1773 servus,sub
3145 1709 3449 1766 dominatu
3474 1729 3784 1771 mamonae:

2129 1791 2337 1845 nemiri
2372 1794 2701 1863 imperans;
2735 1795 2834 1849 sed
2868 1795 3060 1865 potius
3092 1800 3202 1851 sub
3230 1800 3493 1855 omnium
3543 1802 3787 1872 imperio

2128 1885 2235 1934 est.
2298 1880 2367 1934 Et
2426 1883 2664 1952 quidem
2717 1884 2918 1938 omnia
2952 1884 3044 1938 Dei
3076 1886 3310 1956 Opiﬁcia
3344 1888 3492 1944 bona
3522 1898 3694 1958 sunt;
3728 1900 3789 1951 at

2129 1968 2284 2025 inter
2315 1971 2605 2026 utentium
2637 1973 2879 2028 affectus
2910 1974 3120 2045 ingens
3142 1982 3240 2031 est
3265 1978 3602 2036 discrimen.

2201 2148 2352 2203 879
2386 2148 2439 2202 3.
2474 2148 2735 2205 Profecto
2769 2150 3005 2223 sapiens
3060 2153 3467 2228 Ecclesiastes,
3531 2165 3788 2218 mentem

2129 2237 2406 2293 omnibus
2438 2238 2735 2309 sapienter
2763 2240 3488 2310 applicans,consideravit
3509 2264 3575 2303 ac
3608 2251 3786 2317 novit,

2129 2343 2243 2396 qua
2275 2326 2497 2381 ratione
2527 2327 2745 2382 divitiis
2770 2334 3029 2384 uteretur
3062 2346 3074 2385 :
3104 2334 3398 2402 quomodo
3447 2340 3785 2407 pauperiem

2131 2417 2619 2485 l'erret,quomodo
2653 2419 2923 2472 morbum
2955 2419 3595 2493 sustineret,quomodo
3626 2427 3786 2481 sani-

2130 2510 2304 2558 tatem
2333 2510 2767 2575 attemperaret.
2806 2508 2897 2560 Hae
2930 2513 3070 2563 sunt
3101 2509 3346 2565 virtutes
3405 2528 3530 2582 quae
3581 2530 3784 2571 curam

2131 2594 2384 2647 humano
2416 2594 2615 2664 generi
2648 2596 2918 2649 afferunt.
2944 2597 3225 2669 Opposito
3257 2605 3453 2656 autem
3481 2604 3654 2658 modo
3684 2605 3786 2674 qui

2128 2682 2363 2752 sapiens
2396 2699 2506 2737 non
2540 2688 2628 2737 est
2658 2684 2897 2739 affectus
2928 2686 3039 2741 erit
3073 2704 3084 2741 :
3116 2687 3223 2742 hoc
3254 2694 3345 2743 est
3368 2695 3564 2746 autem
3596 2692 3740 2748 illud
3770 2709 3783 2749 :

2127 2773 2567 2843 occupationem
2600 2773 2917 2844 pessimam
2951 2776 3143 2831 datam
3167 2794 3295 2833 esse
3318 2779 3455 2835 {iliis
3476 2780 3784 2837 hominum

2129 2877 2161 2915 a
2187 2861 2323 2926 Deo,
2357 2867 2417 2914 ut
2448 2878 2517 2915 ex
2549 2862 2768 2931 ingenti
2793 2862 3009 2931 labore,
3033 2870 3091 2919 et
3121 2882 3336 2937 magna
3368 2868 3423 2921 in
3458 2871 3782 2940 aspectabi-

2126 2949 2281 3003 libus
2316 2950 2492 3004 rebus
2521 2950 2887 3015 difficultate,
2916 2953 2987 3006 ad
3020 2952 3117 3006 Dei
3152 2955 3574 3023 providentiam
3606 2962 3783 3028 atque

2128 3038 2479 3109 sapientiam
2516 3039 3103 3111 confugiantJdcirco
3135 3042 3578 3113 occupationem
3606 3067 3632 3093 ‹‹
3658 3062 3784 3117 pes.

2127 3129 2340 3182 simam
2370 3128 2415 3161 Η
2449 3150 2474 3176 ››
2511 3129 2671 3183 dedit
2696 3128 2851 3184 Deus
2883 3128 3019 3183 ﬁliis
3052 3130 3383 3201 hominum,
3418 3132 3475 3186 id
3508 3137 3597 3188 est
3619 3132 3779 3188 labo-

2126 3214 2365 3269 riosam.
2402 3216 2563 3280 Quod
2596 3222 2792 3271 autem
2825 3215 2993 3283 illud,
3029 3217 3432 3289 «pessimum,
3460 3241 3487 3268 ››
3520 3220 3778 3291 idipsum

1665 3307 1797 3383 φησὶ
1855 3310 1959 3383 γάρ
1995 3328 2007 3339 ·
2043 3296 2085 3362 C
2125 3302 2203 3358 sit
2234 3304 2388 3374 quod
2421 3302 2803 3372 laboriosum,
2837 3305 2974 3359 audi
3008 3303 3151 3361 illud
3183 3306 3240 3361 in
3269 3306 3418 3363 libro
3472 3308 3584 3363 Job
3641 3309 3781 3364 scri-

2125 3397 2289 3463 ptum
2323 3394 2367 3427 ‘3
2402 3409 2414 3447 :
2450 3392 2799 3448 Ceciderunt
2830 3394 2887 3448 in
2916 3394 3025 3449 Job
3060 3395 3255 3451 ulcera
3287 3398 3565 3467 pessima,
3600 3398 3655 3452 id
3691 3401 3780 3454 est

2122 3480 2414 3537 laboriosa
2447 3500 2459 3535 :
2488 3494 2544 3537 et
2572 3482 2799 3555 {Egypti
2832 3483 3013 3555 plagas
3060 3507 3086 3534 «
3147 3486 3415 3556 pessimae
3478 3510 3506 3535 n
3562 3492 3777 3543 vocata

2125 3571 2348 3638 sunt,id
2389 3577 2477 3626 est
2499 3571 2825 3639 laboriosa};
2851 3577 2910 3626 ut
2939 3577 2994 3627 et
3021 3581 3277 3629 mentem
3312 3592 3480 3630 suam
3509 3576 3777 3633 homines

2125 3660 2195 3715 ad
2225 3660 2422 3716 divina
2470 3660 2705 3716 oracula
2772 3662 3098 3731 concitent;
3168 3662 3227 3719 in
3294 3664 3481 3735 iisque
3549 3682 3780 3738 semper

2126 3750 2437 3821 prudentia
2470 3750 2791 3821 proficiant,
2818 3756 3075 3807 mentem
3107 3770 3275 3808 suam
3308 3754 3533 3810 viviﬁco
3566 3755 3778 3827 spiritu

2124 3840 2488 3895 confirment.
2518 3834 2714 3895 Nostis
2746 3842 2901 3895 enim
2936 3840 3190 3897 litteram
3224 3843 3463 3914 quidem
3494 3845 3779 3913 occidere,

2123 3928 2396 3999 spiritum
2431 3936 2628 3984 autem
2656 3929 2965 3985 vivil‘icare.
2998 3930 3217 3986 Labore
3247 3932 3444 4003 itaque
3476 3949 3542 3988 ac
3572 3934 3784 3989 exerci-

2124 4018 2342 4073 tatione
2372 4022 2573 4073 nostra
2603 4018 2832 4073 virtutis
2865 4019 3180 4075 utilitatem
3214 4020 3661 4093 amplectamur.
3679 4023 3780 4078 La-

2126 4108 2261 4161 bore
2292 4106 2507 4177 quippe
2541 4108 2756 4161 bonum
2790 4107 3108 4179 perﬁcitur,
3130 4111 3627 4180 quemadmodum
3656 4112 3786 4167 bea-

2123 4200 2219 4250 tus
2252 4195 2465 4250 Paulus
2496 4195 2701 4250 scribit
2734 4212 2746 4252 :
2782 4219 2809 4245 «
2839 4197 2897 4250 ln
2933 4197 3498 4270 lrihulationibus,in
3523 4201 3783 4257 necessi-

2124 4286 2364 4351 tatibus,
2398 4286 2455 4338 in
2479 4284 2689 4355 plagis,
2740 4285 2798 4338 in
2856 4285 3400 4355 perturbationibus
3454 4288 3521 4354 “,
3584 4311 3612 4337 »
3669 4296 3782 4345 etc.

2125 4372 2499 4443 Rursumque
2531 4372 2682 4426 idem
2718 4372 2797 4427 ait
2824 4390 2883 4427 :«
2902 4373 3113 4428 Omnia
3144 4375 3569 4446 operio,ornnia
3600 4377 3785 4432 susti-

2126 4479 2251 4529 nao,
2285 4478 2356 4517 ne
2386 4462 2539 4531 quod
2573 4461 2994 4518 offendiculum
3028 4463 3239 4519 demus
3273 4464 3586 4536 Evangelio
3617 4466 3785 4521 Chri-

2127 4552 2202 4607 sti
2233 4552 2297 4606 ‘5.
2334 4572 2362 4599 υ

2199 4643 2251 4695 4.
2286 4642 2416 4697 Haec
2446 4646 2641 4697 autem
2677 4641 2927 4697 orationi
2960 4646 3175 4697 nostra:
3206 4642 3585 4713 praeﬁximus,
3648 4644 3788 4718 quia

2129 4748 2262 4787 cum
2314 4732 2387 4785 iis
2437 4730 2608 4786 lectio
2641 4748 3014 4786 communem
3050 4733 3368 4803 quamdam
3401 4733 3578 4790 habet
3609 4735 3787 4791 ratio-

2130 4839 2294 4885 nem;
2330 4821 2411 4876 ait
2440 4821 2594 4876 enim
2632 4837 2643 4876 :
2682 4842 2709 4870 ‹‹
2747 4821 2929 4876 Eunte
2962 4824 3159 4877 autem
3195 4821 3315 4891 illo,
3337 4824 3790 4881 substernebant

2128 4913 2470 4967 vestimenta
2503 4930 2611 4966 sua
2644 4912 2699 4965 in
2727 4912 2816 4966 via
2845 4912 2923 4965 “5:
2951 4934 2978 4960 ››
2999 4914 3287 4968 utJesum
3310 4915 3470 4985 pullo
3491 4917 3794 4989 imponen-

2127 5005 2214 5055 tes
2246 5002 2553 5072 procedere
2586 5001 3058 5072 inciperent.Hoc
3092 5010 3287 5059 autem
3325 5006 3661 5077 evangelica
3688 5024 3792 5063 nos

2062 5097 2070 5103 '
2129 5091 2295 5145 docet
2325 5092 2516 5146 lectio.
2564 5093 2714 5156 Quot
2768 5106 2905 5162 ergo
2965 5089 3262 5147 habebant
3317 5094 3567 5164 apostoli
3621 5097 3793 5151 vesti-

2131 5184 2420 5245 menta,ut
2450 5179 2565 5235 alia
2593 5180 2828 5251 quidem
2864 5179 3172 5249 injicerent
3201 5180 3259 5235 in
3295 5185 3544 5251 asinam,
3581 5188 3646 5239 ut
3676 5185 3794 5239 im-

2129 5274 2411 5339 ponerent
2464 5268 2545 5322 illi
2606 5268 2845 5334 Jesum;
2879 5264 2993 5321 alia
3036 5268 3479 5333 substernerent
3534 5272 3593 5325 in
3651 5274 3795 5329 via:

2131 5357 2236 5412 viri
2268 5356 2490 5413 scilicet
2515 5357 2992 5429 possessionibus
3025 5358 3216 5424 vacui,
3244 5360 3347 5428 qui
3404 5361 3605 5416 omnia
3661 5361 3767 5417 reli

2561 5554 2603 5588 ⁴⁶
2636 5553 2772 5610 Luc.
2805 5569 2924 5622 xxx,
2959 5553 3045 5609 16.
