4120 6360
368 430 525 491 1039

1530 414 1595 473 S.
1642 406 2163 473 ATHANASIUS.
2197 444 2267 454 -ν
2308 403 2614 472 SPURIA.

3622 410 3785 475 1040

363 565 626 636 querant,
656 562 714 615 et
742 555 841 629 qui
871 560 997 610 tum
1031 551 1145 608 alia
1174 549 1373 605 omnia
1406 550 1711 621 praecepta,
1747 549 1873 600 tum
1907 544 2005 597 hoc

2130 540 2427 613 λείποντες,
2472 543 2560 596 καὶ
2613 542 2748 614 μετά
2786 548 2893 598 τῶν
2942 540 3128 599 ἄλλων
3177 544 3392 600 πάντων
3431 545 3521 600 καὶ
3578 547 3784 620 ταύτην

364 634 770 719 servabant,ut
802 660 991 715 neque
1021 642 1168 695 duas
1198 639 1431 695 tunicas
1464 636 1769 692 haberent?
1792 634 2021 696 Quanta

364 757 534 814 porro
563 738 764 793 isthmc
802 732 1087 797 hilaritas,
1121 733 1187 784 ut
1214 727 1580 784 incedentem
1611 723 1867 788 asinum,
1904 736 2016 774 non

362 811 659 897 humi,sed
695 842 795 898 per
822 822 1174 879 vestimenta
1203 817 1419 872 vellent
1447 812 1749 869 incedere?
1767 811 1882 865 Hoc
1915 825 2019 865 au-

362 926 480 974 tem
512 916 955 972 luxuriosorum
979 924 1045 964 ac
1076 907 1574 963 delicatorum.An
1606 904 1776 957 Jesus
1807 900 1887 953 ita
1916 898 2018 953 de-

364 1007 519 1063 liciis
550 1020 788 1078 operam
823 1002 1097 1065 dabat,ut
1127 995 1310 1051 nollet
1337 1012 1397 1050 se
1429 992 1734 1048 vehentem
1792 987 2018 1043 asinam

364 1097 532 1152 humi
561 1089 1211 1159 incedere?Dilecti,non
1244 1084 1626 1140 delicatorum
1659 1083 1750 1136 est
1779 1079 1897 1133 haec
1920 1078 2020 1131 do-

363 1189 555 1243 ctrina
587 1202 600 1241 :
633 1199 738 1239 nec
769 1180 903 1254 quis
935 1191 1195 1248 unquam
1215 1170 1678 1241 exstititquihoc
1701 1165 2019 1238 egerit.Ne-

363 1291 479 1348 que
503 1275 661 1330 enim
690 1272 846 1327 inter
861 1267 1108 1341 gentiles
1127 1258 1734 1322 Nabuchodonoserid
1759 1271 2016 1328 unquam

363 1366 530 1421 fecit:
557 1379 661 1419 nec
693 1360 793 1433 qui
826 1360 875 1414 ei
910 1354 1197 1415 successit
1225 1352 1523 1408 Baltasar:
1550 1365 1739 1420 neque
1766 1361 2017 1418 magnus

359 1453 655 1522 Salomon,
689 1466 822 1506 cum
854 1450 1013 1503 esset
1040 1445 1102 1499 in
1135 1458 1314 1514 regno
1347 1457 1475 1496 suo.
1510 1440 1699 1510 Supra
1757 1436 2016 1491 diximus

358 1545 517 1601 enim
552 1542 784 1598 novisse
818 1555 951 1595 eum
984 1552 1098 1608 quo
1130 1538 1300 1605 pacto
1330 1530 1553 1586 divitiis
1587 1532 1875 1592 uteretur,
1900 1539 2015 1597 quo

357 1631 696 1706 pauperiem
728 1630 924 1695 ferret,
956 1628 1066 1681 etc.
1100 1623 1300 1694 ipsum
1335 1619 1490 1676 enim
1537 1618 1620 1673 sic
1675 1614 2012 1686 loquentem

352 1722 553 1780 audire
576 1720 746 1775 licet:
787 1741 807 1765 ι
841 1714 1110 1779 Domine,
1147 1710 1384 1766 divitias
1415 1713 1471 1764 et
1502 1709 1911 1779 paupertatem
1943 1719 2016 1757 ne

354 1810 584 1868 dederis
617 1808 796 1874 mihi;
831 1806 933 1861 sed
967 1820 1101 1858 cum
1131 1815 1409 1856 mensura
1431 1798 1505 1852 da
1535 1796 1681 1850 mihi
1732 1810 1858 1865 quae
1918 1808 2013 1847 ne-

352 1900 609 1956 cessaria
667 1901 806 1952 sunt
834 1898 892 1950 et
920 1891 1227 1949 sufﬁciunt
1253 1889 1318 1942 ⁸⁷.
1360 1910 1385 1937 ››
1419 1885 1781 1957 Sapientiam
1816 1886 2010 1938 autem

357 1989 545 2061 magis
576 1987 843 2051 curabat,
880 1998 1062 2055 quare
1090 1979 1379 2035 exclamat
1411 1993 1476 2031 ac
1506 1975 1646 2029 dicit
1706 1989 1719 2027 :
1778 1995 1805 2022 ‹‹

355 2082 545 2152 ipsam
596 2078 811 2131 habere
844 2090 957 2144 prae
990 2087 1132 2126 auro
1164 2074 1221 2124 et
1253 2072 1515 2138 argento,
1549 2080 1727 2135 super
1756 2061 2009 2119 salutem

354 2185 421 2223 ac
451 2166 702 2239 speciem
738 2162 912 2218 dilexi
941 2159 1102 2215 illam
1134 2159 1197 2212 δε.
1219 2179 1246 2206 ››
1270 2155 1431 2211 Unde
1464 2152 1769 2224 discipulis
1798 2155 1884 2206 tot
1910 2166 2010 2205 ve-

353 2257 649 2323 stimenta,
684 2258 748 2309 ut
777 2270 810 2309 a
842 2250 1119 2306 Bethania
1152 2248 1334 2302 donec
1360 2242 1783 2314 Jerosolymam
1825 2240 2007 2295 intro—

352 2347 484 2415 iret,
516 2345 694 2401 asinaa
726 2340 1021 2397 incedenti
1053 2331 1617 2393 substernercntur?

420 2544 475 2598 5.
506 2543 618 2598 Sed
654 2555 742 2595 me
773 2537 956 2595 oratio
988 2535 1119 2607 ipsa
1156 2532 1412 2590 concitat
1468 2529 1540 2584 ad
1600 2525 2007 2583 sublimiorem

351 2632 624 2688 accedere
654 2624 1221 2700 interpretationem,
1255 2637 1321 2676 ac
1351 2617 1678 2691 disquirere
1709 2630 1840 2686 qua:
1890 2615 2009 2670 sint

349 2718 669 2792 apostolica
699 2716 1189 2773 vestimenta.Nos
1214 2710 1413 2781 itaque
1434 2707 1595 2779 ipsos
1621 2723 1654 2761 a
1686 2709 1839 2760 terra
1862 2721 2005 2775 pau-

350 2810 537 2864 lulum
569 2807 995 2864 subducamus.
1030 2802 1169 2857 Dico
1224 2799 1406 2871 igitur
1463 2796 1766 2851 substrata
1822 2792 2006 2848 asinae

346 2892 980 2961 vestimenta,morales
1009 2905 1139 2947 esse
1170 2885 1584 2962 praeceptiones
1606 2885 1734 2951 ejus
1757 2881 2007 2954 pedibus

346 2986 703 3059 suppositas,
738 2984 823 3039 hae
874 2980 1097 3037 scilicet
1130 2995 1142 3032 :
1180 3000 1207 3029 «
1244 2977 1369 3035 Non
1425 2972 1829 3037 mmchaberis,
1889 2987 2005 3025 non

347 3078 598 3141 occides,
660 3091 775 3129 non
838 3074 1059 3126 furtum
1122 3067 1321 3135 facies,
1357 3082 1467 3121 non
1504 3064 1759 3135 loqueris
1791 3060 2004 3117 falsum

349 3164 801 3223 testimonium:
850 3162 1072 3217 honora
1130 3162 1353 3229 patrem
1413 3159 1581 3209 tuum
1641 3155 1698 3207 ct
1755 3155 2003 3206 matrem

346 3262 509 3312 tuam
541 3256 607 3323 ιν,
645 3276 672 3303 ››
702 3261 755 3309 et
787 3251 879 3306 his
902 3247 1121 3306 similia
1152 3251 1459 3320 praecepta.
1493 3243 1575 3299 Ne
1603 3242 1803 3313 itaque
1838 3239 2001 3295 humi

345 3344 594 3401 ulterius
625 3343 971 3399 incedamus
996 3356 1009 3394 :
1031 3337 1264 3409 quando
1290 3336 1461 3390 nobis
1489 3333 1645 3388 enim
1680 3328 2001 3402 apostolica

348 3436 646 3492 substrata
663 3435 802 3486 sunt
818 3424 1356 3496 vestimenta,bumi
1379 3422 1676 3478 incerdere
1696 3436 1811 3474 non
1833 3419 2003 3473 debe-

350 3542 521 3590 mus;
556 3527 620 3577 ut
652 3537 723 3575 ne
757 3519 965 3575 animm
999 3520 1208 3572 nostra:
1239 3514 1416 3586 pedes
1448 3516 1615 3567 terra:
1648 3508 1881 3580 pulvere
1911 3507 2000 3561 in-

346 3615 681 3687 quinemus.
704 3608 865 3673 Quod
899 3607 945 3662 si
980 3606 1113 3678 quis
1146 3603 1216 3659 ad
1248 3604 1357 3658 hoc
1389 3618 1493 3655 nos
1528 3597 2000 3671 provocet,dica-

348 3685 481 3758 mus
513 3700 625 3771 ipsi
660 3716 672 3753 :
708 3722 734 3748 ‹‹
775 3696 910 3753 Lavi
942 3695 1120 3767 pedes
1150 3708 1331 3757 meos,
1358 3688 1646 3760 quomodo
1682 3685 2001 3757 inquinabo

347 3790 479 3847 illos
510 3788 592 3842 ⁶⁰Ρ
628 3810 655 3837 ››
687 3791 873 3858 Atque
896 3785 1025 3839 ideo
1058 3783 1305 3837 fortasse
1327 3779 1483 3834 lavat
1511 3778 1686 3832 Jesus
1743 3775 2000 3845 discipu-

347 3877 539 3933 lorum
578 3877 869 3950 pedes,ut,
892 3890 960 3929 eo
986 3871 1141 3927 380
1173 3868 1273 3941 qui
1305 3872 1437 3922 ante
1469 3865 1726 3920 haerebat
1754 3879 2001 3918 excusso

348 3968 727 4040 pulvere,non
760 3963 914 4019 ultra
945 3961 1107 4016 humi
1132 3956 1633 4020 ambularent,nec
1665 3955 1841 4026 pedes
1863 3969 2003 4009 suos

348 4063 512 4112 terrae
546 4056 779 4128 pulvere
815 4050 1213 4123 inquinarent,
1245 4047 1345 4103 sed
1395 4044 1623 4117 purgati
1679 4061 1781 4115 per
1825 4042 2000 4098 vesti-

347 4152 546 4202 menta
577 4145 933 4199 incederent.
977 4160 999 4187 cr
1031 4139 1213 4202 Quam
1248 4135 1563 4207 speciosi,»
1591 4132 1747 4188 enim
1781 4133 1995 4204 inquit,

344 4259 370 4285 «ι
408 4237 585 4307 pedes
633 4228 1161 4304 evangelizantium
1213 4241 1412 4297 pacem
1442 4224 1509 4278 δι.
1549 4245 1570 4272 ι
1609 4222 1999 4294 Accingamus

341 4324 539 4396 itaque
567 4331 624 4379 et
675 4338 781 4377 nos
815 4318 1050 4374 lumbos
1104 4315 1319 4370 mentis
1378 4317 1589 4369 nostrae
1620 4354 1634 4379 ,
1667 4316 1724 4366 et
1788 4311 2001 4366 calceis

342 4414 710 4485 subligemus
778 4409 955 4480 pedes
1015 4407 1071 4459 in
1109 4401 1534 4477 praeparatione
1563 4399 1858 4472 Evangelii
1895 4415 2000 4470 pa-

342 4503 425 4559 cis
455 4499 784 4572 ”.Contigit
812 4498 968 4553 enim
999 4512 1108 4550 nos
1139 4492 1454 4563 aliquando
1487 4491 1543 4545 in
1577 4493 1733 4544 terra
1760 4488 1998 4553 tentari,

342 4607 476 4648 cum
510 4596 773 4661 tempore
803 4584 1177 4657 captivitatis,
1211 4579 1423 4653 captivi
1455 4578 1611 4634 ducti
1673 4594 1882 4633 sumus
1940 4577 1998 4631 in

342 4690 554 4735 terram
613 4675 1041 4733 Chaldaeorum.
1103 4673 1471 4741 Quapropter
1523 4668 1830 4739 ingemens
1862 4682 1995 4738 pro-

341 4768 520 4841 pheta
550 4766 782 4821 dicebat
815 4781 828 4818 :
867 4761 1119 4816 uDelicta
1151 4776 1281 4813 mea
1310 4756 1632 4812 ambulavit
1660 4755 1782 4810 vias
1831 4772 1998 4828 aspe-

340 4875 435 4913 ras
467 4854 531 4912 ‘3.
568 4878 596 4905 ››
622 4855 767 4910 Nam
801 4858 940 4907 ante
972 4850 1289 4905 adventum
1328 4845 1577 4916 Domini,
1633 4844 1998 4917 experimen-

336 4952 461 5002 tum
498 4945 631 5002 fecit
662 4960 763 5014 pes
796 4941 1054 4995 delicatae
1087 4937 1296 4992 animae
1314 4934 1732 4991 ambulandiin
1752 4941 1991 4997 terram,

338 5036 437 5092 ubi
465 5051 597 5091 vero
629 5033 698 5088 ad
731 5048 837 5086 nos
869 5028 1029 5083 venit
1064 5026 1343 5082 Dominus
1378 5031 1579 5079 noster
1605 5023 1779 5080 Jesus
1832 5024 1995 5079 Chri-

338 5132 488 5193 stus,
521 5122 947 5197 prmdicaturus
976 5110 1223 5188 captivis
1275 5113 1683 5170 remissionem
1722 5130 1734 5167 :
1770 5136 1797 5163 ‹‹
1833 5114 1997 5169 Tunc

338 5213 520 5268 mittit
549 5227 762 5284 aquam
799 5209 852 5263 in
889 5205 1125 5278 pelvim,
1159 5210 1216 5260 et
1247 5204 1412 5276 ponit
1458 5202 1807 5258 vestimenta
1865 5219 1995 5269 sua,

336 5308 393 5356 et
437 5301 613 5356 linteo
646 5294 1050 5368 circumcingit
1084 5310 1165 5361 se,
1198 5304 1251 5349 et
1282 5292 1437 5348 lavat
1470 5294 1645 5364 pedes
1675 5291 1992 5364 discipulo-

335 5407 489 5446 rum.
523 5390 839 5461 Postquam
871 5401 1006 5441 vero
1036 5382 1170 5439 lavit
1201 5383 1378 5456 pedes
1438 5397 1664 5450 eorum,
1727 5379 2000 5438 induitur

404 5682 446 5722 ἠ
480 5678 639 5732 Prov.
673 5693 801 5741 xxx,
831 5675 886 5731 8.
960 5744 965 5745 γ
1000 5675 1043 5709 ⁸⁸
1074 5674 1210 5745 Bap.
1243 5687 1346 5741 vn,
1376 5670 1553 5745 9,10.

334 5752 379 5789 ”
413 5749 622 5825 Ephes.
653 5763 732 5815 v1,
766 5747 852 5801 14.
929 5744 974 5781 ⁸³
1003 5742 1251 5801 Baruch.
1287 5759 1361 5816 iv,
1392 5742 1482 5797 26.

1670 5672 1714 5705 ⁴⁹
1745 5668 1926 5729 Exod.
1958 5688 2053 5739 xx,
2089 5673 2281 5729 12-17.

2127 629 2226 697 τὴν
2259 628 2485 699 ἐντολὴν
2519 629 2871 709 φυλάξαντες,
2903 632 2964 686 τὸ
2998 635 3137 706 μήτε
3168 631 3262 689 δύο
3303 638 3544 710 χιτῶνας
3595 631 3785 712 ἔχεινς

2128 717 2219 780 Τίς
2269 715 2327 772 δὶ
2373 719 2461 773 καὶ
2517 722 2552 789 ἡ
2613 719 2849 790 τοσαύτη
2920 719 3205 797 ἱλαρότης,
3257 723 3395 778 ὥστε
3465 720 3785 800 βαδίζοντος

2130 801 2277 877 ὄνου,
2317 810 2391 881 μή
2424 806 2601 873 θέλειν
2633 804 2927 865 ἐπιϐαίνειν
2978 812 3178 888 χαμαὶ,
3211 811 3340 868 ἀλλ’
3368 812 3457 868 ἐπὶ
3506 813 3741 887 ἱματίων
3771 835 3785 884 ;

2128 896 2304 951 Ταῦτα
2352 894 2411 951 δέ
2458 895 2861 973 ἐκδιῃτημένων
2927 899 3037 955 ἐστῖ
3086 900 3178 957 καὶ
3245 903 3596 980 τρυφώντων.
3646 896 3789 979 ’Ἄρα

2128 985 2217 1039 καὶ
2264 988 2472 1051 Ἰησοῦς
2520 992 2698 1066 τρυφῇ
2748 988 3066 1065 ἐσχόλαζεν,
3101 988 3195 1045 ’ίνα
3251 992 3326 1065 μή
3382 989 3635 1068 βουληθῇ
3686 991 3785 1047 ἐπ-

2128 1076 2440 1150 οχουμένου
2470 1075 2632 1131 αὐτοῦ
2666 1079 2842 1153 χαμαὶ
2873 1083 3058 1133 πατεῖν
3109 1080 3209 1149 τήν
3260 1076 3419 1150 ὅνονς
3453 1082 3783 1157 Ἀγαπητοὶ,

2129 1163 2229 1218 οὐκ
2257 1162 2369 1220 ἔστι
2401 1166 2725 1244 τρυφώντων
2757 1168 2819 1222 τὸ
2851 1164 3220 1225 διδασκάλων·
3239 1166 3365 1224 ἀλλ’
3386 1167 3511 1226 οὐδὲ
3530 1175 3639 1226 τῶν
3673 1171 3785 1226 πώ-

2131 1255 2261 1309 ποτέ
2306 1275 2391 1318 τις
2424 1256 2452 1310 ὁ
2480 1256 2544 1312 τὸ
2590 1255 2754 1332 ῥητὸν
2802 1261 2964 1312 τοῦτο
3016 1259 3272 1329 ποιήσας·
3308 1256 3433 1314 οὐδὲ
3464 1258 3566 1335 γὰρ
3598 1260 3627 1314 6
3657 1262 3783 1338 παρ’

2127 1341 2370 1416 ’Έλλησι
2421 1340 2926 1423 Ναϐουχοδονόσωρ
2976 1351 3138 1403 τοῦτο
3188 1347 3485 1420 πεποίηκεν
3511 1358 3541 1382 ·’
3579 1347 3704 1405 οὐδὲ
3754 1351 3783 1406 6

2125 1437 2315 1487 τοῦτον
2345 1430 2725 1507 διαδεξάμενος
2760 1434 3055 1512 βαλτάσαρ·
3091 1433 3215 1492 οὕτε
3251 1438 3357 1511 μὴν
3393 1439 3420 1492 6
3456 1440 3627 1514 μέγας
3669 1445 3780 1494 Σο-

2128 1520 2341 1596 λομὼν,
2368 1522 2457 1579 ὅτε
2502 1524 2569 1594 ἦν
2615 1523 2667 1579 ἐν
2716 1528 2785 1599 τῇ
2843 1524 3091 1601 βασιλείᾳ
3143 1526 3328 1584 αὐτοῦ.
3369 1530 3782 1604 Προειρήκαμεν

2123 1612 2245 1688 γὰρ,
2278 1612 2363 1668 ὅτι
2411 1612 2727 1690 ἐγίγνωσκε,
2760 1619 2876 1677 πῶς
2913 1617 3207 1691 ¹χρήσηται
3253 1615 3334 1689 τῷ
3379 1616 3630 1691 πλούτῳ,
3661 1622 3781 1681 πῶς

2122 1702 2303 1756 πενίαν
2354 1701 2558 1778 ἐνέγκῃ,
2590 1703 2681 1758 καὶ
2732 1705 2799 1759 τὰ
2847 1704 2991 1775 ἑξῆς.
3043 1705 3221 1762 Αὐτοῦ
3270 1705 3373 1781 γάρ
3425 1705 3565 1762 ἐστιν
3617 1707 3783 1763 ἀκοῦ-

2123 1812 2210 1845 σαι
2242 1790 2515 1867 λέγοντος·
2551 1813 2579 1846 α
2608 1792 2796 1868 Κύριε,
2834 1795 2908 1865 μή
2948 1814 3039 1866 μοι
3073 1792 3182 1867 δῷς
3210 1792 3475 1866 πλοῦτον,
3515 1793 3654 1868 μηδὲ
3685 1817 3782 1852 πε-

2121 1879 2254 1934 νίαν·
2306 1878 2453 1937 ἀλλὰ
2498 1881 2765 1954 μέτρησόν
2816 1902 2908 1955 μοι
2956 1882 3023 1937 τὰ
3070 1880 3258 1938 δέοντα
3305 1885 3394 1939 καὶ
3442 1883 3704 1962 αὐτάρκη.
3748 1909 3778 1939 ιι

1864 1971 2011 2043 Eligi
2043 1942 2090 2006 Β
2125 1969 2326 2045 Σοφίας
2378 1967 2435 2024 δὲ
2485 1942 2698 2042 μᾶλλον
2752 1942 3114 2044 ἐπεμελεῖτο·
3172 1969 3257 2027 διὸ
3311 1973 3412 2049 βοᾷ
3466 1942 3775 2050 καὶιλέγει·

2127 2085 2145 2111 ο
2196 2055 2443 2131 Εἱλόμην
2497 2058 2664 2129 αὐτὴν
2712 2058 2857 2135 ἔχειν
2909 2060 3024 2114 ἀντὶ
3069 2061 3301 2137 χρυσίου
3345 2062 3435 2116 καὶ
3493 2062 3770 2138 ἀργυρίου·

2123 2147 2255 2222 ὑπὲρ
2307 2146 2480 2222 ὑγείαν
2531 2146 2619 2202 καὶ
2667 2146 2966 2226 εὐμορφίαν
3017 2150 3276 2225 ἠγάπησα
3325 2149 3510 2221 αὐτήν.
3548 2174 3571 2202 r.
3609 2150 3778 2216 Πόθεν

2120 2232 2178 2290 δὲ
2223 2241 2455 2290 τοσαῦτα
2500 2236 2694 2308 ἱμάτια
2736 2243 2853 2300 τοῖς
2915 2243 3211 2310 μαθηταῖς,
3264 2239 3404 2295 ὥστε
3450 2239 3558 2295 ἀπὸ
3599 2242 3780 2312 Βηθα-

2116 2325 2231 2386 νίας
2271 2321 2375 2387 ἓως
2424 2323 2638 2401 εἷσέλθῃ
2690 2325 2765 2389 είς
2809 2327 3169 2403 Ἱεροσόλυμα
3223 2329 3662 2406 ὑποστρωννύναι
3706 2333 3776 2405 τῇ

2119 2411 2228 2487 ὄνῳ
2263 2411 2559 2489 βαδιζούση
2588 2433 2602 2483 ;

2186 2523 2243 2578 5.
2277 2520 2452 2577 Ἀλλὰ
2481 2521 2653 2577 νύττει
2689 2545 2755 2596 με
2786 2523 2814 2578 6
2846 2522 3009 2600 λόγος
3042 2523 3218 2580 ἐλθεῖν
3273 2524 3358 2581 ἐπὶ
3404 2528 3504 2596 τήν
3558 2526 3779 2602 ἀναγω-

2117 2612 2246 2687 γήν,
2295 2612 2385 2667 καὶ
2451 2612 2743 2683 ἐκζητῆσαι
2791 2613 2859 2668 τὰ
2907 2613 3247 2669 ἀποστολικά
3300 2614 3512 2689 ἱμάτια,
3576 2617 3774 2672 Ἐπαν-

2116 2707 2405 2782 αγάγωμεν
2440 2704 2531 2760 06v
2566 2706 2792 2769 ἑαυτοὺς
2816 2705 2875 2762 ἐκ
2901 2714 3001 2778 τῆς
3034 2716 3141 2783 γῆς
3173 2706 3559 2786 ὀλίγον.Φημὶ
3588 2709 3770 2766 τοίνυν

2114 2795 2182 2849 τὰ
2231 2794 2719 2869 ὑποστρωννύμενα
2781 2797 2971 2870 ἱμάτια
3019 2800 3086 2871 τῇ
3137 2792 3247 2871 ὄνῳ
3292 2798 3358 2853 τὰ
3404 2799 3571 2868 ἠθικὰ
3639 2799 3772 2855 εἶναι

2115 2882 2476 2958 παιδεύματα,
2521 2883 2820 2961 ῥιπτόμενα
2868 2886 2972 2940 ὑπὸ
3000 2885 3131 2949 τοὺς
3179 2883 3349 2949 πόδας
3379 2886 3565 2957 αὐτῆς·
3599 2887 3770 2943 ταῦτά

2116 2972 2225 3029 ἐστι
2263 2973 2347 3028 τό·
2384 2998 2412 3026 ‹‹
2445 2971 2523 3029 Οὐ
2562 2972 2893 3049 πορνεύσεις·
2944 2974 3007 3029 οὐ
3057 2975 3351 3053 φονεύσεις·
3405 2976 3466 3043 οὐ
3519 2976 3763 3053 κλέψεις·

2116 3063 2178 3117 06
2211 3060 2914 3139 ψευδομαρτυρήσεις·τίμα
2935 3064 3024 3119 τὸν
3058 3064 3262 3141 πατέρα
3292 3087 3387 3121 σου
3417 3065 3507 3121 καὶ
3526 3067 3627 3136 τήν
3664 3089 3768 3141 μη-

2112 3152 2241 3229 τέρα
2271 3173 2388 3221 σου,
2406 3176 2433 3203 ››
2452 3151 2542 3206 καὶ
2571 3152 2638 3206 τὰ
2651 3151 2866 3214 τούτοις
2888 3152 3056 3226 ὅμοια
3076 3154 3531 3230 παραγγέλματα.
3553 3156 3769 3227 Μηκέτι

2116 3240 2205 3297 οὗν
2237 3240 2414 3318 χαμαὶ
2447 3246 2700 3315 πατῶμεν
2753 3242 2988 3315 ἱματίων
3039 3243 3143 3318 γὰρ
3194 3245 3332 3317 ἡμῖν
3381 3242 3766 3302 ἀποστολικῶν

2116 3332 2570 3407 ὑπεστρωμένων,
2605 3331 2784 3407 χαμαὶ
2815 3336 2999 3387 πατεῖν
3055 3332 3157 3387 οὐκ
3202 3331 3523 3411 ὀφείλομεν,
3550 3332 3642 3390 *ίνα
3692 3337 3770 3408 μή

2108 3420 2237 3483 τοὺς
2282 3418 2452 3482 πόδας
2503 3420 2702 3474 ἑαυτῶν
2751 3427 2852 3490 τῆς
2901 3424 3088 3498 ψυχῆς
3123 3419 3451 3496 μολύνωμεν
3512 3423 3619 3479 ἀπὸ
3668 3428 3766 3480 τοῦ

2110 3514 2218 3586 χοῦ
2250 3516 2348 3579 τῆς
2380 3512 2503 3585 γῆς·
2539 3507 2684 3565 ἀλλὰ
2712 3509 2803 3564 καὶ
2834 3509 2920 3565 ἐάν
2951 3532 3034 3572 τις
3064 3513 3212 3584 ἡμᾶς
3241 3509 3329 3566 ἐπὶ
3377 3512 3558 3587 τούτῳ
3589 3535 3764 3589 προσ-

2109 3595 2427 3669 καλέσηται,
2474 3596 2712 3671 εἷ’πωμεν
2756 3598 2938 3671 αὐτῷ·
2992 3624 3019 3651 ‹‹
3067 3598 3369 3673 Ἐνιψάμην
3418 3600 3547 3663 τοὺς
3594 3599 3763 3665 πόδας

2115 3708 2244 3761 μου,
2292 3685 2408 3750 πῶς
2471 3688 2695 3760 μολυνῶ
2751 3687 2982 3758 αὐτούς;
3031 3711 3060 3742 ››
3110 3687 3208 3743 Καὶ
3270 3689 3415 3764 τάχα
3462 3686 3551 3743 διὰ
3598 3694 3759 3745 τοῦτο

2108 3777 2285 3832 νίπτει
2331 3777 2543 3847 Ἰησοῦς
2588 3781 2693 3830 τῶν
2751 3781 3009 3850 μαθητῶν
3057 3776 3181 3838 τοὺς
3228 3774 3420 3846 πόδας,
3446 3775 3555 3851 ἵνα,
3586 3775 3759 3856 ἤνπερ

2112 3866 2262 3941 εἶχον
2296 3865 2557 3941 πρότερον
2588 3865 2736 3921 κόνιν
2771 3861 3162 3936 ἀποϐαλόντες,
3200 3865 3393 3939 μηκέτι
3443 3865 3621 3942 χαμαὶ
3652 3889 3757 3922 πα-

2108 3960 2264 4023 τῶσι,
2287 3951 2428 4029 μηδὲ
2454 3951 2762 4028 μολύνωσιν
2788 3954 2988 4010 ἑαυτῶν
3014 3954 3117 4009 ἀπὸ
3135 3958 3233 4010 τοῦ
3255 3959 3362 4030 χοῦ
3384 3963 3486 4026 τῆς
3508 3962 3612 4033 γῆς
3633 3956 3759 4020 τοὺς

2108 4043 2298 4116 πόδας,
2334 4043 2479 4099 ἀλλά
2521 4043 2749 4118 καθαροὶ
2798 4044 3086 4120 γενόμενοι
3136 4041 3223 4099 ἐπὶ
3271 4044 3504 4119 ἱματίων
3556 4042 3764 4102 ἐπιϐαί-

2110 4155 2292 4189 νωσιν.
2328 4158 2355 4187 ‹‹
2387 4134 2479 4197 Ὡς
2510 4135 2705 4210 ὡραῖοι
2741 4158 2769 4187 ι(
2798 4133 2923 4210 γὰρ,
2955 4133 3140 4211 φησὶν,
3177 4158 3205 4186 ‹‹
3236 4135 3289 4188 οἱ
3319 4130 3483 4197 πόδες
3532 4140 3639 4190 τῶν
3673 4135 3763 4192 e6-

2110 4222 2554 4298 αγγελιζομένων
2604 4222 2827 4299 εἰρήνην
2859 4265 2871 4278 .
2929 4246 2956 4273 ››
3016 4223 3452 4296 Περιζωσώμεθα
3528 4222 3618 4279 οὖν
3673 4226 3764 4281 καὶ

2108 4315 2272 4386 ἡμεῖς
2304 4312 2399 4374 τὰς
2435 4312 2637 4391 ὀσφύας
2687 4315 2784 4380 τῆς
2837 4307 3074 4373 διανοίας
3122 4313 3308 4383 ἡμῶν,
3339 4312 3429 4367 καὶ
3481 4312 3763 4369 ὑποδυσώ-

2113 4403 2248 4473 μεθα
2294 4400 2422 4463 τοὺς
2472 4399 2645 4463 πόδας
2699 4399 2750 4454 ἐν
2797 4398 3082 4472 ἑτοιμασίᾳ
3126 4403 3223 4454 τοῦ
3273 4399 3610 4477 Εὐαγγελίου
3663 4410 3764 4474 τῆς

2109 4490 2355 4563 εἰρήνης.
2392 4485 2595 4560 Συνέϐη
2628 4490 2730 4566 γὰρ
2761 4491 2911 4562 ἡμᾶς
2941 4509 3075 4543 ποτε
3123 4488 3210 4543 ἐπὶ
3258 4496 3363 4564 γῆς
3415 4498 3759 4567 πειραθῆναι,

2109 4579 2199 4635 ὅτε
2226 4581 2363 4636 κατά
2403 4580 2497 4635 τὸν
2546 4579 2732 4655 καιρὸν
2781 4584 2883 4648 τῆς
2935 4575 3327 4654 αέχμαλωσίας
3377 4578 3761 4656 έξῃχμαλωτί-

2108 4670 2312 4742 σθημεν
2346 4669 2422 4731 εἷς
2451 4669 2550 4737 τὴν
2584 4673 2685 4743 γῆν
2716 4671 2824 4723 τῶν
2854 4664 3165 4724 Χαλδαίων.
3202 4669 3299 4722 Διὰ
3328 4674 3488 4724 τοῦτο
3515 4669 3620 4747 γὰρ
3668 4671 3760 4726 καὶ

2107 4759 2136 4813 ὁ
2167 4760 2457 4837 προφήτης
2483 4756 2746 4827 στενάζων
2781 4755 2985 4832 ἔλεγεν·
3024 4780 3052 4809 ‹‹
3085 4758 3149 4815 Ἦ
3187 4758 3427 4837 τρυφερά
3479 4779 3584 4832 μου
3634 4756 3762 4814 ἐπο-

2108 4848 2269 4922 ρεύθη
2305 4845 2465 4910 ὁδοὺς
2495 4846 2777 4923 τραχείας.
2811 4870 2840 4899 ››
2873 4846 2987 4922 Πρὸ
3016 4847 3118 4923 γὰρ
3164 4853 3265 4917 τῆς
3313 4847 3611 4924 παρουσίας
3664 4851 3762 4903 τοῦ

2108 4938 2307 5012 Κυρίου
2366 4942 2554 5013 πεῖραν
2605 4930 2794 4992 ἔλαϐεν
2846 4936 2875 4990 6
2924 4940 3060 4997 ποῦς
3109 4941 3209 5005 τῆς
3265 4942 3530 5012 τρυφερᾶς
3572 4941 3761 5012 ψυχῆς

2110 5025 2309 5100 βαίνειν
2362 5024 2449 5080 ἐπὶ
2503 5031 2604 5094 τῆς
2651 5030 2793 5102 γῆς·
2846 5022 2937 5079 ὅτε
2984 5021 3040 5079 δὲ
3091 5021 3436 5098 ἐπεδήμησεν
3489 5026 3518 5080 6
3566 5025 3761 5100 Κύριος

2105 5117 2265 5187 ἡμῶν
2318 5116 2528 5183 Ἰησοῦς
2582 5114 2610 5166 6
2650 5113 2900 5188 Χριστὸς,
2931 5111 3158 5189 κηρύξαι
3208 5119 3325 5177 τοῖς
3370 5112 3757 5193 αἰχμαλώτοις

2106 5205 2314 5279 ἄφεσιν·
2351 5227 2378 5254 ‹‹
2410 5202 2543 5257 Τότε
2568 5195 2758 5257 ἔϐαλεν
2791 5198 2939 5278 ὕδωρ
2973 5201 3047 5263 εἰς
3076 5202 3168 5257 τὸν
3200 5211 3459 5281 νιπτῆρα,
3490 5201 3579 5259 καὶ
3621 5201 3757 5258 ἀπο-

2103 5291 2306 5355 τίθεται
2362 5291 2431 5345 τὰ
2486 5288 2698 5363 ἱμάτια,
2757 5288 2846 5345 καθ
2905 5288 3115 5346 λέντιον
3192 5293 3609 5369 περιζώννυται,
3668 5291 3760 5347 καὶ

2104 5379 2280 5436 νίπτει
2308 5384 2416 5435 τῶν
2464 5380 2722 5455 μαθητῶν
2769 5377 2897 5443 τοὺς
2947 5377 3139 5444 πόδας·
3171 5380 3267 5437 καὶ
3317 5382 3454 5457 μετὰ
3498 5384 3563 5438 τὸ
3608 5381 3762 5458 νίψαι

2394 5674 2439 5710 ⁸ο
2468 5674 2635 5732 Cant.
2669 5691 2726 5744 v,
2758 5674 2814 5733 3.
2929 5677 2973 5713 ‘1
3006 5673 3173 5732 Rom.
3203 5691 3263 5746 χ,
3295 5675 3400 5747 15;
3429 5675 3540 5737 Isa.
3574 5694 3675 5751 an,
3700 5675 3757 5733 7.
