4120 6350
375 397 524 460 1041

1341 403 1665 464 HOMllIA
1714 406 1785 462 IN
1834 404 2067 464 ILLUD
2119 421 2199 462 ;‹‹
2250 404 2534 475 EUNTE,
2578 428 2604 458 υ
2653 395 2823 462 ETC.

369 529 546 586 αὐτῶν
579 528 708 591 τοὺς
738 528 910 594 πόδας
944 528 1182 588 ἐνδύεται
1249 536 1362 608 (10)
1409 535 1476 588 τὰ
1530 534 1722 607 ἱμάτια
1780 535 1967 593 αὐτοῦ.
2009 561 2028 586 ιι

2168 536 2519 592 restimentis
2552 535 2676 591 suis
2707 538 2788 591 διε
2824 559 2852 587 ››
2887 539 3062 606 atque
3093 534 3335 589 indutus
3367 532 3616 588 coenavit
3663 548 3798 589 cu'n

371 619 458 675 καὶ
518 615 872 693 ἐνδεδυμένος
931 624 1210 692 συνήσθιεν
1266 623 1472 686 αὐτοῖς.
1532 627 1690 680 Ὣττε
1738 622 1826 679 διὰ
1873 630 2032 680 τοῦτο

374 705 720 784 ῦπέστρωσαν
753 710 820 764 τὰ
851 710 1046 783 ἱμάτια
1073 712 1248 767 αὐτῶν
1283 716 1334 767 οἱ
1371 714 1606 786 μαθηταὶ
1667 713 1718 768 ἐν
1775 719 1844 788 τῇ
1902 713 2033 788 ὁδῷ,

367 799 460 854 ⁴ἱνα
494 800 570 870 μὴ
627 799 716 853 ἐπὶ
747 806 850 875 γῆς
899 801 1196 876 βαίνωμεν,
1234 801 1374 875 μηδὲ
1406 803 1490 858 ἐπὶ
1521 810 1600 876 τῷ
1633 807 1815 874 στήθει
1847 805 1934 859 καὶ
1965 809 2032 878 τῇ

371 887 561 960 κοιλίᾳ
609 889 994 965 πορευώμεθα·
1042 889 1174 946 ἀλλ’
1221 892 1341 947 ἀντὶ
1388 898 1486 947 τοῦ
1531 893 1594 948 τὸ
1643 901 1839 962 στῆθος
1873 896 2032 965 ἡμῶν

375 977 462 1032 ἐπὶ
494 984 593 1048 τῆς
624 984 728 1052 γῆς
760 977 1228 1052 ἐπανακλίνεσθαι,
1262 982 1626 1055 ἐπικλίνωμεν
1657 986 1770 1056 (il)
1822 982 2032 1056 μᾶλλον

375 1065 543 1138 αὐτῷ,
596 1067 669 1128 ὡς
725 1069 996 1139 Ἰωάννης,
1050 1069 1136 1124 ἐπὶ
1186 1072 1247 1125 τὸ
1300 1079 1498 1141 στῆθος
1544 1078 1641 1126 τοῦ
1693 1074 1889 1142 Ἰησοῦ.
1930 1073 2035 1127 Κᾶν

377 1155 480 1230 γὰρ
535 1152 613 1210 ἔτι
668 1155 756 1210 ἐπὶ
803 1164 903 1226 τῆς
955 1161 1057 1232 γῆς
1107 1160 1134 1213 ὁ
1182 1165 1429 1221 τοιοῦτος
1479 1156 1749 1236 διατρίϐη,
1793 1161 1893 1216 οὐκ
1921 1159 2036 1237 ἔχει

376 1244 506 1306 τοὺς
537 1242 711 1307 πόδας
732 1247 1062 1320 συρομένους
1092 1248 1181 1304 ἐπὶ
1211 1256 1310 1319 τῆς
1341 1257 1466 1324 γῆς’
1499 1249 1625 1305 ἀλλ’
1657 1251 1730 1313 ὡς
1765 1253 1792 1306 6
1827 1251 2039 1314 Παῦλος

381 1333 470 1390 ἐπὶ
503 1337 602 1406 γῆς
631 1340 966 1409 περιπατῶν,
1002 1337 1054 1392 ἐν
1088 1337 1301 1414 οὐρανῷ
1331 1339 1641 1413 πολίτευμα
1674 1339 1806 1416 ἔχει.

454 1426 508 1477 6.
544 1447 571 1474 ‹‹
611 1424 964 1480 Ἐπειιάθισαν
1026 1426 1136 1494 οῦν,
1198 1428 1351 1505 φησὶ,
1409 1429 1499 1483 τὸν
1553 1431 1758 1499 Ἰησοῦν
1813 1430 1897 1484 ἐπὶ
1949 1431 2039 1484 τὸν

387 1510 601 1568 πῶλον.
638 1513 762 1579 Καὶ,
797 1515 1169 1588 πορευομένου
1199 1517 1384 1587 αὑτοῦ,
1440 1519 1780 1593 ὑπέστρωται)
1819 1520 1884 1574 τὰ
1911 1520 2043 1592 ἰμά-

387 1621 477 1654 τια
505 1599 676 1654 αὐτῶν
712 1601 766 1656 ἐν
801 1607 868 1676 τῇ
902 1601 1034 1675 ὁδῷ.
1070 1606 1138 1660 Ol
1170 1605 1226 1660 δὲ
1257 1602 1422 1683 ὄχλοι
1476 1609 1529 1661 οἱ
1579 1610 1904 1684 προάγοντες
1955 1608 2044 1662 αῦν-

389 1689 479 1743 τὸν
513 1690 604 1744 καὶ
637 1689 1066 1756 ἀκολουθοῦντες
1098 1692 1342 1770 ἔκραζον,
1390 1693 1660 1771 λέγοντες.
1712 1700 1935 1752 Ὡσαννὰ
1964 1703 2044 1770 τῷ

392 1778 494 1850 υἱῷ
526 1775 714 1834 Δαϐίᾶ
752 1780 1128 1856 εὐλογημένος
1157 1785 1186 1840 6
1219 1784 1518 1860 ἐρχόμενος
1563 1785 1612 1840 ἐν
1665 1786 1890 1859 ὀνόματι
1944 1794 2044 1841 Κυ-

2147 626 2287 682 illis.
2327 628 2457 682 [deo
2491 643 2627 697 ergo
2661 625 2936 697 discipuli
2969 626 3417 679 substraverunt
3446 624 3802 678 vestimenta

2149 735 2254 772 sua
2288 719 2342 771 in
2379 719 2571 785 via,ne
2603 717 2659 771 in
2695 721 2850 771 terra
2881 714 3514 784 ampliusincedamus,
3537 729 3677 768 neve
3701 729 3799 766 su-

2147 824 2251 878 pra
2286 813 2487 878 pectus
2518 811 2616 861 aut
2635 803 3270 875 ventremgradiamur;
3288 801 3386 855 sed
3406 801 3595 871 potius
3619 816 3796 870 quam

2147 913 2327 966 supra
2349 902 2561 950 terram
2597 900 2800 966 pectus
2831 898 3095 948 nostrum
3120 891 3677 961 reclinemus,supra
3701 906 3798 960 pc-

2143 984 2953 1056 ctusJesu,quemadmodum
2971 979 3608 1047 Joannes,reclinemus
3623 977 3792 1032 illud.

2147 1075 2290 1130 Nam
2308 1074 2407 1145 qui
2442 1073 2575 1129 talis
2607 1073 2952 1141 est,etiamsi
2988 1073 3043 1125 in
3078 1077 3232 1124 terra
3261 1073 3660 1130 versetur,non
3688 1067 3797 1120 ha-

2151 1164 2248 1219 bet
2277 1169 2470 1218 tamen
2497 1164 2672 1234 pedes
2704 1163 2759 1215 in
2796 1166 2950 1216 terra
2981 1164 3300 1224 versantes;
3337 1157 3437 1211 sed
3458 1155 3796 1210 sicutiPau-

2147 1253 2262 1321 lus,
2295 1254 2435 1306 dum
2470 1251 2526 1306 in
2558 1258 2712 1306 terra
2738 1247 3530 1316 ambulat,conversationem
3552 1261 3720 1299 suam
3741 1244 3798 1298 in

2154 1341 2315 1398 caelis
2347 1341 2542 1396 habet.

2220 1435 2275 1486 6.
2314 1453 2339 1480 ‹‹
2376 1432 2788 1500 lmposuerunt
2817 1444 2976 1497 ergo,
3014 1449 3040 1475 ››
3075 1427 3289 1497 inquit,
3327 1449 3352 1474 ‹‹
3388 1425 3592 1480 Jesum
3626 1439 3804 1495 super

2155 1521 2600 1594 pullum.Eunte
2631 1524 2824 1573 autem
2847 1517 2945 1572 illo
2969 1516 3428 1571 substernebant
3457 1513 3807 1568 vestimenta

2156 1628 2265 1666 sua
2295 1609 2350 1663 in
2376 1612 2489 1663 via.
2523 1609 2727 1663 Turbae
2759 1612 2955 1662 autem
2988 1624 3115 1678 quae
3142 1604 3566 1676 praecedebant,
3600 1608 3656 1656 et
3678 1620 3804 1672 quzn

2155 1695 2900 1770 sequebantur,clamabant
2929 1694 3188 1748 dicentes
3214 1711 3226 1748 :
3260 1691 3535 1746 Hosanna
3563 1690 3678 1744 lilio
3703 1689 3807 1744 Da—

2152 1789 2270 1856 vid,
2303 1787 2644 1843 benedictus
2676 1785 2774 1856 qui
2816 1785 2976 1838 venit
3030 1783 3086 1836 in
3132 1783 3367 1838 nomine
3419 1779 3644 1835 Domini
3677 1779 3740 1831 ⁵⁵.
3776 1801 3801 1826 ››

395 1865 539 1942 ρίου.
582 1892 602 1918 ι
637 1873 828 1942 Θαῦμα
857 1872 1039 1926 καινὸν
1067 1873 1155 1926 καὶ
1189 1871 1512 1948 παράδοξον,
1555 1876 1847 1950 ἀγαπητοί.
1905 1879 2047 1952 Ἀρα

442 1955 455 1971 ‘
482 1975 490 1976 κ
576 1955 595 1976 Ἴ
619 1964 676 1976 «ι-
779 1959 807 1976 ν
953 1961 979 1976 Λ
1066 1965 1090 1976 υ
1279 1963 1290 1976 ι
1399 1969 1423 1976 ,-
1460 1965 1495 1976 ι-
1611 1970 1633 1976 ι.
1740 1965 1751 1976 ι
1880 1968 1892 1976 ι
1954 1964 1975 1976 ιι
2005 1967 2014 1976 ι

2168 1876 2506 1934 Miraculum
2540 1892 2755 1931 novum
2787 1879 2842 1929 et
2873 1873 3254 1944 stupendum,
3276 1868 3490 1925 dilecti.
3524 1867 3803 1938 Nunquid

396 1955 498 2041 γὰρ
532 1955 746 2026 πλῆθος
773 1959 840 2028 ἦν
877 1961 1132 2032 μαθητῶν
1169 1963 1302 2035 μετὰ
1331 1969 1427 2017 τοῦ
1460 1965 1660 2034 Ἰησοῦ,
1693 1965 1803 2041 οὐχ
1847 1968 1898 2020 οἱ
1949 1964 2052 2020 δώ-

403 2040 531 2102 δεκα
559 2047 694 2116 ἦσαν
731 2049 885 2120 μόνοι
915 2068 928 2118 ;
965 2050 1060 2105 Καὶ
1091 2057 1208 2113 πῶς
1239 2052 1453 2121 πλῆθος
1509 2054 1730 2110 ἐνταῦθα
1771 2040 2051 2129 σημαίνει

402 2138 465 2193 τὸ
524 2136 891 2213 Εὐαγγὲλιον;
944 2138 1118 2195 Ἀλλὰ
1157 2140 1302 2217 τάχα
1348 2142 1437 2196 καί
1487 2142 1705 2219 ἄγγελοι
1739 2145 1885 2216 αὐτῷ
1914 2167 2053 2218 συμ-

403 2228 673 2300 παρῆσαν,
723 2226 812 2279 καὶ
863 2223 1117 2299 δυνάμεις
1165 2230 1300 2283 θεῖαι
1350 2229 1496 2301 αὐτῷ
1543 2230 1898 2304 ἐμαθητευον.
1943 2234 2054 2307 Πρὸ

401 2315 502 2390 γὰρ
556 2315 786 2389 Πέτρου,
836 2315 924 2369 καὶ
977 2316 1248 2388 Ἰωάννου,
1277 2319 1500 2373 καὶτῶν
1535 2319 1767 2387 λοιπῶν,
1808 2315 2052 2396 Γαϐριὴλ

402 2403 550 2475 αὐτῷ
612 2402 990 2476 μαθητεῦεται·
1050 2404 1212 2467 αὐτὸς
1268 2409 1371 2482 γάρ
1440 2408 1578 2462 ἐστιν
1641 2411 1668 2462 6
1727 2409 2053 2472 ἀποσταλεὶς

404 2493 540 2568 πρὸς
571 2493 670 2562 τὴν
703 2491 763 2547 ἐκ
809 2494 1115 2570 σπέρματος
1165 2491 1332 2552 Δαϐὶδ
1386 2501 1862 2571 μεμνηστευμὲνην
1914 2521 2056 2576 παρ-

406 2581 553 2636 θένον
588 2581 818 2659 Μαρίαν.
856 2582 1025 2646 Αὐτός
1054 2584 1192 2640 ἐστιν
1223 2587 1250 2641 6
1283 2586 1479 2661 λέγων,
1515 2613 1542 2639 ‹‹
1595 2591 1763 2662 Ἀρον
1817 2590 1879 2644 τὸ
1930 2611 2054 2644 παι-

408 2668 549 2743 δίον,
579 2670 670 2726 καὶ
702 2676 861 2748 φεῦγε
892 2673 966 2734 εἰς
996 2671 1291 2749 Αἴγυπτον.
1338 2700 1366 2726 ››
1413 2675 1584 2739 Αὐτός
1635 2677 1774 2732 ἐστιν
1828 2680 1855 2732 6
1905 2679 2054 2752 εἰρη-

405 2758 535 2820 κώς·
569 2784 597 2810 ‹‹
647 2765 868 2834 Πνεῦμα
916 2763 1066 2834 ἅγιον
1116 2762 1458 2820 ἐπελεύσεται
1508 2765 1595 2820 ἐπὶ
1647 2768 1724 2836 σὲ,
1775 2768 1863 2822 καὶ
1899 2766 2057 2822 δύνα-

412 2870 501 2922 μις
557 2849 809 2923 Ὑψίστου
857 2849 1154 2908 ἐπισκιάσει
1206 2875 1312 2909 σοι.
1374 2855 1605 2918 »Αὐτός
1638 2856 1778 2911 ἐστιν
1808 2858 1950 2912 ὁκαὶ
2007 2857 2060 2911 ἐν

405 2943 484 3010 τῷ
515 2937 771 3012 μνημείῳ
800 2939 1134 3004 ἀποκυλίσας
1175 2943 1266 2996 τὸν
1319 2943 1491 2999 λίθον·
1543 2945 1701 3008 αὐτός
1735 2947 1875 3002 ἐστιν
1901 2948 1930 3001 6
1967 2946 2056 3002 καὶ

407 3033 522 3090 ταῖς
571 3029 812 3103 γυναιξὶν
864 3028 1378 3105 εὐαγγελισάμενος,
1453 3034 1542 3088 καὶ
1601 3035 1793 3090 εἰπών·
1862 3061 1890 3089 ιι
1945 3036 2060 3094 Οὐκ

409 3117 548 3172 ἔστιν
600 3115 726 3188 ὧδε,
781 3119 838 3173 ὃν
893 3125 1122 3190 ζητεῖτε·
1171 3121 1363 3192 ἀνέστη
1399 3122 1456 3178 ἐκ
1482 3128 1589 3178 τῶν
1619 3131 1844 3201 νεκρῶν,
1879 3125 2057 3201 ὥσπερ

411 3203 610 3282 εἷ’ρηκε,
675 3211 853 3281 Δεῦτε,
906 3209 1091 3286 φησὶν,
1142 3207 1279 3266 ¹ἴδετε
1321 3213 1412 3267 τὸν
1453 3213 1638 3270 τόπον.
1694 3215 1830 3270 ὅπου
1863 3211 2055 3270 ἔκειτο’

2162 1965 2581 2038 discipulorum
2610 1965 3072 2018 multitudocum
3104 1961 3240 2016 Jesu
3261 1959 3423 2015 erat?
3455 1974 3645 2013 nonne
3670 1959 3806 2011 duo-

2163 2057 2352 2111 decim
2385 2055 2492 2111 soli
2533 2053 2746 2109 erant?
2777 2052 2996 2122 Ecquid
3050 2066 3187 2122 ergo
3238 2047 3679 2103 multitudinem
3713 2047 3807 2100 hic

2162 2148 2382 2201 indicat
2413 2143 2791 2216 Evangelium
2818 2147 2838 2197 Ρ
2867 2141 2970 2196 Sed
3015 2139 3280 2194 fortassis
3331 2137 3520 2209 angeli
3576 2153 3809 2206 quoque

2165 2237 2409 2292 aderant
2437 2234 2543 2300 illi,
2575 2251 2639 2288 ac
2669 2232 2877 2286 divinae
2906 2231 3148 2285 virtutes
3184 2246 3285 2300 pro
3316 2225 3623 2298 discipulis
3647 2231 3813 2279 erant

2169 2327 2310 2380 Nam
2345 2329 2477 2379 ante
2512 2325 2763 2387 Petrum,
2810 2321 3096 2375 Joannem
3147 2335 3212 2373 ac
3261 2318 3542 2388 reliquos,
3582 2314 3815 2370 Gabriel

2166 2415 2354 2486 ipsius
2384 2417 2474 2467 est
2504 2410 2827 2482 discipulus
2861 2427 2874 2464 :
2909 2410 3035 2480 ipse
3067 2423 3322 2479 namque
3355 2407 3575 2461 missus
3623 2409 3711 2458 est
3742 2405 3812 2457 ad

2168 2503 2409 2560 Mariam
2442 2501 2726 2572 virginem
2758 2516 2828 2554 ex
2877 2498 3102 2554 semine
3149 2495 3351 2561 David,
3401 2497 3814 2563 desponsatam

2165 2595 2308 2648 viro.
2349 2594 2472 2663 ipse
2503 2596 2594 2646 est
2623 2589 2722 2662 qui
2755 2589 2836 2643 ait
2868 2605 2880 2643 :
2921 2611 2947 2638 ι(
2982 2587 3183 2658 Accipe
3226 2601 3472 2658 puerum
3501 2588 3558 2638 et
3591 2584 3723 2652 fuge
3755 2583 3812 2634 in

2167 2683 2473 2753 .Egyptum
2506 2681 2569 2734 ⁸⁸.
2607 2701 2634 2727 ››
2671 2681 2798 2749 Ipse
2818 2682 2907 2733 est
2928 2677 3026 2748 qui
3071 2676 3218 2731 dixit
3251 2691 3262 2728 :
3299 2696 3328 2725 «
3373 2672 3628 2746 Spiritus
3679 2688 3819 2726 san-

2169 2777 2300 2827 ctus
2323 2769 2693 2842 superveniet
2724 2769 2780 2820 in
2806 2771 2949 2835 te,et
2971 2767 3157 2820 virtus
3189 2761 3477 2818 Altissimi
3504 2761 3816 2816 obumbra-

2169 2861 2254 2916 bit
2283 2861 2388 2915 tibi
2418 2861 2478 2913 ⁵⁷.
2517 2881 2544 2907 ››
2579 2862 2708 2928 Ipse
2738 2861 2829 2911 est
2866 2856 2963 2927 qui
3014 2854 3270 2926 lapidem
3320 2853 3378 2908 in
3434 2856 3815 2906 monumento

2168 2950 2517 3006 revolvebat.
2565 2949 2697 3018 Ipsa
2740 2951 2828 3001 est
2878 2944 2978 3015 qui
3028 2941 3374 2997 mulieribus
3428 2939 3819 2995 annuntiabat

2169 3039 2370 3094 dicens
2403 3054 2414 3091 :
2455 3057 2481 3088 ιι
2511 3037 2636 3091 Non
2670 3041 2759 3090 est
2789 3034 2882 3088 hic
2915 3049 3088 3104 quem
3121 3031 3382 3103 quzeritis
3436 3047 3449 3084 :
3502 3029 3754 3083 surrexit
3786 3045 3820 3082 a

2171 3127 2441 3194 mortuis,
2475 3127 2628 3181 sicut
2657 3125 2822 3179 dixit.
2857 3122 3080 3183 Venite.
3116 3121 3329 3192 inquit,
3379 3119 3568 3173 videte
3599 3117 3819 3183 locum,

2176 3217 2273 3272 ubi
2310 3217 2536 3288 positus
2566 3215 2861 3270 erat.Ecce
2895 3212 3180 3282 pracedet
3200 3226 3300 3264 vos
3326 3210 3379 3262 in
3409 3207 3818 3270 GalilmamJbi

415 3293 532 3350 ἰδοὺ
564 3295 791 3372 προάγει
827 3297 964 3369 ὑμᾶς
990 3299 1067 3361 εἰς
1098 3301 1196 3368 τὴν
1232 3299 1548 3370 Γαλιλαίαν,
1583 3303 1694 3358 ἐκεῖ
1744 3304 1901 3359 αὐτὸν
1933 3304 2053 3378 ὅψε-

2174 3323 2307 3362 eum
2343 3305 2617 3360 videbitis
2646 3305 2708 3359 ⁵⁸.
2745 3322 2769 3352 ι»
2809 3304 2997 3368 Quare
3029 3301 3127 3354 diu
3165 3304 3337 3354 antea
3387 3297 3671 3369 propheta
3703 3296 3822 3350 cla-

415 3395 524 3447 σθε.
561 3411 588 3435 υ
621 3386 711 3440 Διὸ
741 3387 830 3440 καὶ
880 3385 907 3440 6
957 3391 1245 3466 προφήτης
1295 3391 1401 3464 πρὸ
1450 3391 1666 3448 πολλοῦ
1720 3395 1821 3468 βοᾷ
1861 3393 2055 3470 λέγων·

414 3499 443 3525 ι(
475 3470 739 3530 Γαλιλαία
787 3479 894 3530 τῶν
942 3475 1131 3547 ἐθνῶν,
1185 3479 1211 3532 6
1264 3477 1394 3542 λαὸς
1447 3482 1474 3535 6
1518 3485 1824 3554 καθήμενος
1855 3483 1904 3538 ἐν
1940 3483 2060 3537 σκόο

408 3583 512 3630 τει,
565 3563 672 3619 εἶδε
719 3569 834 3642 φῶς
887 3565 1045 3641 μέγα.
1105 3593 1124 3618 ιι
1170 3568 1271 3625 Καὶ
1321 3568 1547 3645 ἄγγελοι
1590 3572 1679 3626 οῦν
1711 3572 1856 3645 αὐτῷ
1889 3575 2060 3646 μαθη-

408 3651 696 3725 τευόμενοι
745 3651 1078 3712 διακονοῦσι.
1145 3682 1163 3706 ι
1229 3657 1324 3712 Καὶ
1386 3657 1525 3730 ἰδοὺ,
1573 3660 1753 3738 φησὶν,
1806 3663 1858 3716 οἱ
1907 3659 2061 3738 ἄγγε-

411 3739 502 3796 λοι
535 3741 868 3816 προσῆλθον,
903 3744 992 3799 καὶ
1024 3741 1310 3816 διηκόνουν
1344 3747 1515 3821 αὐτῷ.
1550 3773 1577 3800 ››
1609 3751 1712 3806 Καὶ
1744 3753 1935 3814 πάντες
1965 3751 2059 3807 αὖ·

409 3835 489 3900 τῷ
525 3831 922 3904 μαθητεόοντες
953 3836 1064 3908 (12)
1117 3837 1424 3912 χαίρουσιν·
1460 3863 1487 3890 ‹‹
1537 3840 1802 3912 Ἤρξαντο
1857 3864 1883 3891 ››
1931 3842 2057 3916 γαρ,

411 3921 600 3996 φησὶν,
633 3945 662 3972 ‹‹
712 3922 848 3977 ἅπαν
880 3923 943 3978 τὸ
973 3922 1186 3993 πλῆθος
1216 3929 1322 3979 τῶν
1358 3928 1614 3999 μαθητῶν
1647 3929 1857 4004 χαίρειν
1885 3931 2058 4006 χαρὰν

414 4008 681 4085 μεγάλην.
717 4034 746 4062 ››

483 4100 538 4153 7.
572 4104 728 4169 Ζητῶ
762 4100 876 4171 οῦν,
909 4099 998 4156 ἐπὶ
1026 4101 1131 4156 τίνι
1181 4101 1464 4178 χαίρουσιν
1497 4105 1549 4158 οἱ
1603 4106 1840 4177 μαθηταὶ
1872 4105 1975 4160 ’καὶ
2008 4109 2059 4160 οἱ

413 4190 551 4244 θεῖαι
583 4185 861 4262 δυνάμεις,
891 4189 982 4244 καὶ
1012 4191 1295 4268 χαίρουσιν
1325 4193 1598 4256 αἰνοῦντες
1628 4196 1718 4249 τὸν
1769 4195 1896 4250 Θεὸν
1946 4217 2061 4273 φω-

412 4282 480 4352 νῇ
534 4277 787 4354 μεγάλῃ;
841 4281 980 4355 ’Δρα
1027 4281 1110 4336 ὅτι
1163 4282 1192 4337 6
1241 4281 1434 4353 Κύριος
1480 4283 1567 4338 ἐπὶ
1617 4283 1788 4358 ψιλοῦ
1842 4284 2062 4362 ὀναρίου

414 4367 710 4439 ἐκαθέσθη;
773 4369 870 4424 Καὶ
920 4367 1009 4424 διὰ
1054 4375 1214 4426 τοῦτο
1262 4372 1546 4448 χαίρουσιν
1600 4376 1651 4429 οἱ
1701 4375 1934 4447 μαθηταὶ
1973 4375 2062 4430 καὶ

414 4459 468 4512 αἱ
532 4460 670 4514 Θεῖαι
730 4456 1006 4532 δυνάμεις,
1059 4459 1142 4516 ὅτι
1193 4462 1220 4516 ὁ
1284 4464 1479 4538 Κύριος
1546 4463 1633 4518 ἐπὶ
1695 4464 1911 4541 ὀναρίου
1971 4465 2063 4520 ἐπ-

415 4553 663 4624 ωχεῖτο;
714 4549 807 4610 Τίς
859 4551 892 4618 ἡ
944 4550 1180 4618 τοσαύτη
1227 4550 1619 4627 ἀπειροκαλίας
1673 4553 1793 4611 Ἐάν
1843 4575 1927 4616 τις
1977 4553 2064 4610 ἐπὶ

2171 3400 2432 3451 maverat
2463 3413 2475 3449 :
2511 3418 2538 3444 «
2571 3393 2806 3448 Galilea
2836 3391 3121 3461 gentium,
3159 3387 3411 3460 populus
3445 3387 3544 3458 qui
3579 3387 3821 3439 sedebat

2169 3485 2228 3540 in
2261 3483 2543 3546 tenebris,
2574 3483 2722 3537 vidit
2753 3480 2940 3534 lucem
2975 3494 3253 3549 magnam
3285 3478 3351 3532 ⁸ο.
3390 3499 3416 3525 ››
3444 3476 3592 3545 Ergo
3624 3479 3678 3528 et
3713 3491 3820 3528 an-

2170 3575 2280 3648 geli
2334 3580 2397 3628 ut
2447 3571 2719 3643 discipuli
2773 3570 2822 3623 ei
2873 3568 3235 3624 ministrant.
3289 3591 3314 3616 ‹‹
3370 3566 3435 3619 Et
3503 3581 3656 3627 ecce,
3713 3565 3815 3627 ait,

2169 3663 2358 3735 angeli
2392 3666 2784 3722 accesserunt,
2817 3663 2874 3714 et
2924 3657 3340 3712 ministrabant
3368 3655 3419 3709 ei
3467 3656 3512 3689 ⁸ο
3546 3672 3558 3708 :
3590 3678 3614 3702 η
3663 3659 3817 3707 Gau-

2171 3757 2428 3825 dentque
2460 3767 2662 3808 omnes
2693 3751 2794 3820 qui
2828 3766 2857 3800 e
2906 3747 3333 3818 discipulorum
3383 3746 3512 3814 ejus
3570 3759 3814 3798 numero

2170 3847 2327 3898 sunt.
2377 3840 2521 3896 Nam
2582 3862 2608 3890 ‹‹
2659 3841 2982 3911 cmperunt,
3029 3837 3129 3905 ait,
3181 3834 3373 3890 omnis
3427 3834 3597 3887 turba
3640 3832 3812 3887 disci~

2171 3931 2442 4005 pulcrum
2475 3930 2728 4001 gaudere
2761 3927 2972 3991 gaudio
3004 3941 3218 3996 magno
3248 3925 3316 3978 ⁶¹.
3354 3945 3376 3972 ι

2241 4113 2296 4166 7.
2329 4113 2530 4176 Quzero
2564 4108 2786 4178 itaque,
2821 4105 2960 4177 quid
2994 4120 3184 4159 causa;
3217 4108 3305 4158 est
3334 4102 3488 4172 quod
3545 4100 3818 4171 diseipuli

2171 4204 2230 4254 et
2269 4197 2474 4252 divinae
2515 4196 2757 4248 virtutes
2787 4192 3103 4264 gaudeant,
3131 4190 3249 4244 imo
3281 4191 3573 4260 gaudeant
3608 4205 3822 4260 magna

2171 4303 2307 4342 voce
2342 4283 2843 4340 Deumlaudantes
2865 4281 2890 4334 ’ἶ
2922 4280 3073 4334 Num
3097 4280 3224 4334 ideo
3257 4279 3517 4349 gaudent
3548 4277 3822 4347 discipuli

2173 4394 2238 4432 ac
2269 4373 2476 4430 divinae
2507 4373 2772 4440 virtutes,
2807 4369 2962 4441 quod
3000 4367 3280 4423 Dominus
3312 4365 3408 4420 vili
3435 4365 3614 4419 asello
3644 4365 3824 4420 veha-

2172 4466 2298 4521 tur?
2330 4481 2460 4536 quze
2491 4467 2654 4518 tanta
2683 4459 3007 4530 imperitia?
3037 4459 3120 4512 An
3154 4456 3367 4527 gaudio
3395 4455 3638 4526 dignum
3665 4455 3822 4508 estsi

2175 4557 2313 4629 quis
2344 4553 2524 4610 asello
2575 4549 2848 4605 vehatur?
2891 4552 2975 4602 An
2999 4548 3125 4602 ideo
3158 4545 3562 4608 laetandum,et
3584 4543 3819 4614 quidem

416 4637 545 4692 δνου
603 4640 836 4712 καθεσθῇ
886 4645 1062 4714 χαρᾶς
1118 4637 1262 4710 ἄξιόν
1313 4640 1460 4710 Em;
1515 4642 1609 4697 Καὶ
1663 4644 1750 4698 ἰπὶ
1775 4643 1954 4716 τούτῳ
1983 4665 2053 4698 τις

2177 4643 2407 4701 Domini
2443 4642 2752 4714 discipulis
2781 4640 2807 4694 ‘I
2842 4640 2965 4694 Non
3000 4636 3255 4708 putarim
3287 4651 3393 4704 ego
3418 4633 3547 4689 ideo
3570 4633 3824 4705 gaudere

420 4725 628 4805 ὀφείλει
674 4725 912 4803 χαίρειν,
962 4729 1052 4783 καὶ
1098 4733 1266 4784 ταῦτα
1315 4731 1365 4784 οἱ
1415 4735 1512 4784 τοῦ
1563 4732 1758 4808 Κυρίου
1795 4735 2068 4806 μαθηταί;

419 4817 564 4892 Ἐγὼ
594 4817 692 4872 οὐκ
741 4817 893 4889 οἶμαι
944 4815 1033 4872 διὰ
1074 4822 1240 4872 τοῦτο
1288 4819 1497 4894 χαίρειν
1543 4819 1670 4882 τοὺς
1703 4823 1944 4892 μαθητὰς
1970 4827 2068 4877 τοῦ

420 4905 616 4978 Ἰησοῦ·
674 4907 909 4980 μάλιστα
955 4908 1044 4962 καὶ
1074 4907 1324 4983 ἀγγέλων
1357 4908 1540 4972 αὐτοῖς
1573 4910 1859 4983 συνόντων,
1891 4913 2066 4974 καθὼς

420 4998 738 5070 ὑπεθὲμεθα.
792 4997 1021 5054 Ἐκεῖνοι
1071 4998 1176 5072 γὰρ
1227 4994 1389 5070 ἴσασι,
1441 4995 1529 5053 διὰ
1590 5005 1720 5054 ποῖα
1774 5000 2071 5076 πράγματα

418 5087 696 5165 χαίρουσι.
753 5087 971 5149 Πάντως
1022 5087 1124 5161 γὰρ
1171 5088 1337 5162 ὁρῶσί
1383 5109 1520 5157 τινα,
1574 5087 1654 5166 ἐφ’
1699 5092 1779 5150 οἷς
1823 5089 1967 5160 ἄξιον
2001 5093 2065 5159 ἦν

417 5176 612 5238 αὐτοὺς
642 5176 877 5251 χαίρειν.
913 5175 1160 5251 Πρόσχες
1191 5177 1316 5252 γὰρ,
1347 5179 1400 5232 τί
1429 5200 1561 5256 φησι
1601 5178 1663 5233 τὸ
1694 5178 2059 5254 Εὐαγγέλιον·

417 5266 501 5323 ὅτι
534 5264 755 5341 ἔχαιρον
794 5288 816 5314 ε
851 5263 936 5319 ἐπὶ
971 5265 1260 5334 πασῶν,ὦν
1291 5265 1762 5340 εἷδονβυνάμεων.
1799 5294 1824 5319 η
1858 5266 1991 5330 Οἷάς
2011 5265 2069 5322 δὲ

495 5439 540 5474 ⁸⁸
569 5440 733 5494 Joan.
769 5453 892 5503 xm,
925 5437 982 5500 4,
1011 5437 1067 5499 5,
1101 5437 1187 5492 12.

422 5513 467 5548 ⁵⁸
502 5513 723 5580 Isa.1x,
757 5511 806 5581 1,
838 5510 892 5564 2.

1266 5438 1309 5472 ⁸⁵
1339 5437 1547 5493 Matth.
1579 5456 1697 5502 xxr,
1727 5439 1847 5492 7-9.

971 5507 1016 5543 ⁸ο
1052 5509 1154 5563 lsa.
1192 5526 1270 5573 ιχ,
1307 5511 1358 5574 1,
1388 5512 1443 5564 2.
1519 5511 1562 5546 ⁶¹
1597 5511 1731 5566 Luc.
1765 5528 1879 5578 xix,
1911 5512 1998 5565 37.

496 5665 609 5733 (10)
642 5663 783 5736 Reg.
814 5655 1200 5736 ξνδιδυσκεται.

497 5730 614 5809 (11)
642 5730 782 5807 Reg.
815 5730 1282 5806 ἔπανακλίνωμεν.

1925 5439 1970 5473 ⁸⁹
1999 5438 2204 5494 Matth.
2261 5455 2321 5506 ιι,
2372 5439 2459 5492 13.

1925 5512 1998 5565 37.
2079 5512 2124 5545 ⁸³
2154 5511 2297 5565 ibid.

2183 4732 2504 4806 discipulos
2532 4732 2696 4795 Jesu,
2731 4730 2983 4784 maxime
3028 4724 3416 4798 praesentibus
3466 4722 3711 4795 angelis,
3763 4728 3825 4776 ut

2181 4822 2658 4881 memoravimus.
2695 4820 2783 4876 Illi
2831 4832 3085 4887 namque
3124 4815 3321 4870 sciunt
3368 4831 3484 4885 qua
3529 4814 3599 4867 de
3651 4829 3826 4868 cauea

2180 4914 2477 4985 gaudeant
2509 4928 2521 4966 :
2556 4926 2788 4976 semper
2815 4908 2972 4962 enim
3009 4903 3294 4960 nonnulla
3322 4903 3542 4969 vident,
3575 4919 3825 4973 quorum

2180 5019 2357 5058 causa
2388 5001 2644 5071 gaudere
2676 4999 2808 5052 illos
2840 4995 3128 5052 convenit.
3179 4993 3426 5048 Attende
3474 4993 3652 5055 enim,
3687 4992 3825 5062 quid

2180 5091 2339 5146 dicat
2371 5087 2744 5160 Evangelium
2773 5103 2785 5140 :
2820 5087 3054 5156 gavisos
3083 5100 3181 5139 eos
3213 5083 3417 5150 fuisse,
3452 5105 3477 5130 ‹‹
3505 5098 3683 5152 super
3704 5097 3828 5134 cm-

2181 5180 2355 5234 nibus
2386 5196 2533 5250 quas
2567 5177 2833 5232 viderant
2865 5174 3180 5228 virtutibus
3231 5171 3298 5224 “9.
3354 5192 3379 5220 >2
3429 5170 3585 5233 Quas
3634 5176 3826 5225 autem

2176 5269 2424 5324 virtutes
2457 5267 2728 5321 videbant
2757 5263 3197 5335 discipuli,cum
3230 5259 3515 5316 Dominus
3545 5257 3720 5314 asins:
3744 5258 3830 5312 in-

2537 5439 2578 5471 “
2631 5437 2766 5490 Luc.
2817 5453 2854 5498 ι,
2909 5434 2998 5487 36.
3075 5431 3119 5465 ⁸⁸
3167 5430 3373 5486 Maltb.
3424 5444 3622 5496 xxvm,
3674 5430 3728 5497 6,
3777 5430 3835 5484 7.

2263 5663 2370 5734 (12)
2403 5662 2498 5719 Sic
2532 5663 2666 5734 Reg.
2696 5659 2851 5716 Editi
2881 5675 3012 5715 vero
3045 5653 3433 5716 διακονοῦντες.
