4120 6370
269 399 424 460 1043

1443 399 1507 457 S.
1560 396 2080 457 ATHANASIUS.
2116 430 2190 440 —
2219 397 2529 460 SPUI-tlA.

3543 405 3564 460 ί
3576 397 3695 463 OM

269 530 538 586 cideret?
568 530 692 586 Non
724 534 848 585 erat
881 529 1039 601 parvi
1071 546 1162 586 res
1195 530 1496 595 momenti,
1541 531 1639 585 sed
1692 546 1792 601 per
1839 529 1920 584 rei
1951 589 1953 594 λ

2070 529 2291 600 υνάμεις
2349 529 2614 607 ἐθεώρουν
2661 533 2712 586 οἱ
2775 531 3047 605 μαθηταὶ,
3107 531 3160 586 ἐν
3212 536 3293 605 τῷ
3350 531 3694 588 ἐπικαθέσθαι

270 618 430 674 illius
443 618 651 674 seriem
668 622 896 673 contem
908 617 1494 690 plabanturmysteria
1508 618 1774 689 quaedam
1790 617 1929 672 divi-

271 724 498 779 nasque
525 707 957 761 virtutes.Audi
989 707 1136 762 381
1171 707 1326 762 enim
1352 707 1705 762 Salvatorem
1739 707 1931 762 dicen-

273 805 393 854 tem
430 815 443 853 :
485 818 506 847 ι
540 799 832 854 Gaudium
863 799 972 853 erit
1005 798 1060 852 in
1092 798 1234 854 ccslo
1265 815 1442 870 super
1482 816 1598 854 uno
1631 803 1931 870 peccatore

281 887 689 959 pmnitentiam
725 891 1136 959 agente,quam
1160 904 1337 958 super
1371 888 1690 959 nonaginta
1725 905 1929 943 novem

274 977 456 1049 justis
488 977 586 1048 qui
621 964 734 1031 non
771 977 1035 1048 indigent
1066 977 1409 1054 poenitentia
1437 978 1540 1032 ⁸³.»
1573 978 1760 1041 Quare
1791 977 1933 1034 alibi

280 1067 450 1122 docet
476 1083 577 1122 eos
606 1066 854 1137 loquens
896 1066 953 1120 in
1012 1065 1306 1137 parabolis
1341 1085 1353 1122 :
1390 1090 1416 1117 ‹‹
1463 1070 1642 1122 Homo
1693 1067 1934 1139 quidam

279 1155 505 1211 habens
538 1159 771 1210 centum
806 1171 962 1225 oves,
997 1155 1043 1211 si
1077 1155 1355 1210 erraverit
1384 1173 1500 1211 una
1530 1173 1599 1212 ex
1629 1155 1937 1225 eis,nonne

282 1244 563 1316 relinquit
596 1244 915 1318 nonaginta
947 1261 1174 1313 novem,
1207 1262 1333 1316 qua
1365 1261 1481 1301 non
1512 1250 1862 1314 erraverant,
1883 1250 1941 1301 et

279 1335 440 1389 vadit
469 1349 726 1406 quaerere
756 1350 885 1388 eam
919 1350 1045 1405 quae
1077 1333 1334 1391 erravit?
1365 1333 1753 1390 Etinvenie‘ns
1786 1351 1937 1406 eam,

284 1427 500 1500 gaudet
530 1443 709 1498 super
735 1442 863 1481 eam
899 1427 1291 1498 magis,quam
1312 1444 1490 1499 super
1507 1428 1823 1499 nonaginta
1838 1444 1939 1482 no-

285 1532 436 1587 vem,
470 1533 598 1588 qum
631 1532 745 1570 non
777 1521 1117 1572 erraverunt
1144 1517 1250 1570 “.»
1283 1516 1416 1580 Quae
1448 1516 1603 1571 enim
1638 1533 1749 1572 non
1784 1534 1941 1572 erra-

289 1606 517 1672 verunt,
553 1619 665 1658 non
712 1606 885 1674 egent
930 1602 1286 1674 poenitentia.
1342 1603 1444 1659 Hic
1497 1604 1695 1676 itaque
1747 1603 1943 1676 pullus

290 1693 464 1748 etiam
497 1692 618 1749 ovis
649 1696 910 1762 vocatur,
944 1696 1000 1747 et
1033 1692 1187 1748 lilius
1238 1693 1666 1748 adolescentior
1702 1710 1713 1748 :
1751 1717 1776 1743 α
1812 1693 1947 1750 Ovis

291 1782 471 1850 enim,
504 1782 717 1854 inquit,
750 1798 952 1837 errans
987 1783 1174 1837 factus
1205 1786 1295 1837 est
1324 1782 1576 1854 populus
1624 1800 1791 1839 meus
1821 1784 1884 1836 ⁸³.
1919 1805 1946 1832 ››

2036 621 2106 690 τῇ
2140 613 2248 690 ὄνῳ
2275 619 2365 673 τὸν
2403 621 2612 690 Ἰησοῦν
2640 641 2653 690 ;
2686 621 2801 678 Οὐκ
2831 622 2898 689 ἦν
2943 620 3106 694 ψιλὸν
3153 621 3217 676 τὸ
3269 627 3496 697 πρᾶγμα
3548 621 3696 678 ἀλλά

2042 704 2131 762 διὰ
2156 714 2256 778 τῆς
2307 709 2547 785 ἱστορίας
2597 711 2860 787 ἐθεώρουν
2911 711 3030 765 τινὰ
3083 713 3355 783 μυστήρια
3397 711 3485 767 καὶ
3537 709 3696 767 δυνά-

2047 818 2165 870 μεις
2215 796 2382 861 θείας.
2433 806 2635 855 ”Δκουε
2682 802 2786 876 γὰρ
2833 805 2931 855 τοῦ
2976 807 3239 876 Σωτῆρος
3289 799 3564 876 λέγοντος,
3612 801 3697 857 ὅτι

2045 887 2257 962 «Χαρᾶ
2298 887 2498 963 γίνεται
2547 889 2598 944 έν
2643 889 2853 965 οὐρανῴ
2895 889 2982 944 ἐπὶ
3033 890 3107 944 ένὶ
3161 887 3476 966 ἁμαρτωλῷ
3529 911 3690 964 μετα-

2043 981 2282 1046 νοοῦντι,
2332 978 2365 1046 ἢ
2417 977 2504 1032 ἐπὶ
2555 978 2902 1048 ἐννενήκοντα
2948 978 3093 1034 ἐννέα
3124 977 3374 1047 δικαίοις,
3409 976 3601 1042 οἷ’τινες
3635 980 3697 1036 οὗ

2047 1065 2235 1141 χρείαν
2269 1064 2461 1141 ἔχουσι
2499 1067 2802 1141 μετανοίας.
2841 1093 2868 1120 ››
2901 1068 2992 1123 Διὸ
3023 1067 3112 1123 καὶ
3145 1068 3194 1122 ἐν
3227 1067 3394 1143 ἑτέρῳ
3426 1066 3701 1124 ἐδίδασκεν

2049 1152 2265 1223 αὐτοὺς,
2300 1153 2472 1231 λέγων
2507 1143 2558 1210 ἐν
2586 1152 2947 1232 παραϐολαῖς’
3001 1182 3030 1209 ί(
3062 1158 3383 1234 ’Ἄνθρωπός
3429 1180 3510 1220 τίς
3556 1157 3699 1234 ἔχων

2050 1243 2235 1298 ἑκατὸν
2296 1240 2565 1320 πρόϐατα,
2623 1245 2709 1300 ἐὰν
2767 1245 3024 1320 πλανηθῇ
3082 1242 3137 1300 ἓν
3199 1246 3250 1317 ἐξ
3309 1246 3509 1315 αὐτῶν,
3569 1246 3697 1323 οὐχῖ

2051 1331 2242 1411 ἀφίησι
2300 1333 2367 1388 τὰ
2421 1333 2774 1405 ἐννενήκοντα
2830 1333 2972 1390 ἐννέα
3027 1336 3092 1390 τὰ
3152 1336 3227 1408 μὴ
3282 1333 3699 1408 πεπλανημένα,

2052 1420 2139 1476 καὶ
2195 1422 2478 1497 πορεύεται
2535 1428 2709 1493 ζητῶν
2759 1423 2818 1478 τὸ
2862 1420 3323 1497 πεπλανημένονς
3379 1425 3478 1480 Καὶ
3529 1426 3702 1501 εὑρὼν

2053 1511 2204 1578 αὐτὸ,
2239 1512 2410 1588 χαρὰν
2447 1516 2556 1585 (13)
2589 1514 2767 1588 χαίρει
2803 1512 2883 1567 ἐπ’
2915 1513 3060 1584 αὐτῷ
3104 1513 3315 1586 μᾶλλον
3364 1515 3398 1584 ἢ
3451 1513 3539 1569 ἐπὶ
3586 1521 3706 1577 τοῖς

2055 1599 2400 1670 ἐννενήκοντα
2453 1601 2600 1656 ἐννέα
2645 1608 2761 1664 τοῖς
2815 1603 2889 1675 μή
2941 1601 3406 1676 πεπλανημένοις·
3451 1628 3477 1654 (ι
3509 1605 3577 1658 τὰ
3605 1604 3706 1680 γὰρ

2061 1691 2134 1762 μὴ
2165 1687 2557 1764 πεπλανημένα
2607 1692 2796 1767 χρείαν
2843 1692 2943 1746 οὐκ
2972 1690 3160 1767 ἔχουσι
3196 1692 3497 1765 μετανοίας.
3532 1693 3706 1756 Οὗτος

2059 1779 2148 1834 οὖν
2206 1781 2233 1835 6
2287 1780 2478 1843 πῶλος
2535 1781 2625 1835 καὶ
2655 1775 2929 1857 πρόϐατον
2959 1778 3228 1850 καλεῖται,
3259 1782 3347 1837 καὶ
3381 1783 3496 1844 υἱὸς
3525 1783 3710 1837 νεώτε-

291 1871 360 1927 Et
388 1871 525 1927 alibi
557 1888 570 1928 :
607 1894 633 1921 ‹‹
667 1871 947 1944 Cognovit
971 1871 1076 1928 bos
1108 1889 1503 1943 possessorem
1539 1891 1713 1930 suum
1745 1878 1800 1928 et
1833 1873 1946 1929 asi-

2066 1890 2172 1943 ρος.
2234 1893 2262 1920 ‹‹
2325 1865 2604 1944 ΙΙρὸϐατον
2659 1872 2782 1946 γὰρ,
2832 1872 2985 1948 φησὶ,
3027 1869 3384 1945 πλανώμενον
3419 1871 3646 1947 ἐγενήθη
3680 1873 3708 1926 6

292 1977 406 2016 nus
438 1977 695 2033 praesepe
739 1960 963 2016 domini
995 1961 1088 2016 sui
1114 1961 1180 2015 ⁸⁸.
1236 1984 1262 2011 ››
1297 1962 1442 2016 Item
1482 1980 1549 2021 ;‹‹
1619 1963 1796 2018 Filius
1856 1962 1950 2018 hic

289 2066 458 2106 meus
489 2049 916 2106 adolescentior
946 2051 1215 2123 perierat,
1246 2055 1303 2107 et
1329 2051 1599 2107 inventus
1629 2056 1718 2108 est
1748 2073 1765 2107 :
1799 2069 1953 2109 mor-

287 2143 429 2196 tuus
461 2142 605 2208 erat,
637 2144 694 2196 et
722 2139 929 2196 revixit
957 2141 1022 2196 ⁸⁷.
1054 2159 1080 2192 ι

369 2319 423 2373 8.
457 2319 586 2375 Haec
617 2318 817 2391 itaque
848 2319 1048 2376 omnia
1075 2319 1135 2376 in
1169 2337 1230 2376 se
1261 2319 1590 2392 suscipiens
1646 2321 1952 2393 Dominus,

301 2408 602 2464 hominem
635 2409 847 2475 induit,
880 2414 937 2466 et
966 2409 1135 2482 quasi
1182 2408 1303 2464 ovis
1346 2410 1416 2464 ad
1463 2410 1811 2466 occisionem
1846 2411 1956 2465 du-

306 2502 438 2553 ctus
469 2502 578 2565 est,
619 2515 684 2553 ac
729 2497 890 2568 sedit,
929 2515 1106 2571 super
1154 2497 1424 2568 asellum,
1479 2504 1536 2554 et
1567 2504 1834 2555 mortuus
1867 2505 1958 2556 est

307 2593 482 2662 atque
521 2587 789 2661 sepultus
837 2591 1164 2645 secundum
1217 2590 1574 2661 Scripturas.
1629 2591 1699 2646 Et
1745 2608 1958 2664 corpus

305 2678 544 2749 quidem
577 2679 704 2749 eius
740 2679 976 2748 jaeebat
1015 2679 1072 2733 in
1125 2683 1529 2750 monumento,
1582 2680 1767 2735 deitas
1826 2697 1958 2735 vero

302 2768 432 2838 ejus
463 2767 757 2822 infernum
792 2766 1116 2839 spoliabat;
1150 2784 1299 2840 aque
1348 2767 1610 2824 solvebat
1658 2771 1958 2841 compedic

300 2862 416 2925 tos,
470 2855 730 2930 captivos
778 2857 1121 2926 redimebat,
1179 2861 1561 2930 mortuosque
1611 2859 1956 2916 viviﬁcabat.

299 2947 434 3003 Ideo
461 2962 717 3018 namque
749 2946 807 3002 in
839 2962 1072 3002 crucem
1108 2947 1457 3003 ascenditde
1489 2947 1724 3003 inimico
1757 2949 1960 3004 trium-

306 3037 518 3110 phans,
552 3041 730 3108 atque
763 3037 953 3091 factus
983 3054 1088 3108 pro
1119 3035 1290 3092 nobis
1323 3035 1725 3105 maledictum,
1750 3038 1962 3108 spinis-

303 3140 418 3195 que
447 3129 783 3191 coronatus,
817 3129 882 3179 ut
913 3143 1019 3180 nos
1058 3143 1126 3180 ex
1176 3126 1295 3181 lata
1345 3127 1656 3182 adversum
1692 3143 1797 3182 nos
1829 3144 1960 3184 sen-

307 3214 494 3270 tentia
526 3215 859 3270 redimeret.
892 3215 1036 3269 Nam
1068 3215 1288 3270 Adamo
1321 3215 1542 3271 dictum
1584 3215 1694 3270 fuit
1726 3234 1741 3269 :
1771 3239 1797 3266 ‹‹
1829 3217 1960 3288 Spi-

309 3321 414 3359 nas
472 3304 830 3374 germinabit
889 3303 988 3358 tibi
1045 3309 1200 3359 terra
1254 3305 1298 3339 5'
1332 3321 1345 3358 :
1385 3327 1404 3353 ι
1442 3304 1630 3368 Quare
1683 3322 1957 3362 coronam

303 3391 568 3463 spineam
602 3390 834 3462 accipit,
867 3391 1280 3463 calamumque
1307 3392 1554 3448 dexterae
1596 3395 1724 3464 ejus
1757 3393 1959 3449 manui

303 3480 650 3552 gestandum
687 3484 989 3551 pararunt;
1025 3485 1198 3536 uteos
1230 3481 1522 3552 serpentis
1545 3483 1711 3540 facile
1744 3484 1957 3539 caedem

303 3573 580 3642 patraret.
620 3571 759 3626 Item
798 3587 900 3642 pro
928 3571 1219 3642 serpentis
1267 3588 1510 3640 veneno,
1563 3574 1715 3644 quod
1765 3574 1961 3630 hausit

301 3661 487 3715 Adam
520 3659 577 3713 in
614 3659 905 3729 paradiso,
956 3660 1081 3732 ipse
1113 3677 1214 3732 pro
1273 3661 1443 3717 nobis
1498 3662 1630 3718 felle
1685 3668 1742 3719 et
1799 3668 1959 3719 aceto

302 3752 558 3819 potatur.
588 3749 656 3803 Et
686 3765 790 3820 pro
824 3753 986 3804 costa
1015 3765 1082 3805 ex
1113 3766 1231 3820 qua
1285 3751 1502 3822 prodiit
1551 3757 1683 3819 Eva,
1720 3752 1845 3825 ipse
1879 3756 1962 3807 la-

301 3841 398 3892 tus
429 3853 603 3892 suum
637 3838 885 3908 praebuit
917 3839 1573 3909 perforandumMulier
1607 3842 1963 3910 Eva,mulier

307 3925 511 3993 Maria,
545 3943 613 3981 ex
644 3941 762 3997 qua
810 3932 984 3982 natus
1037 3933 1125 3982 est
1175 3928 1464 3984 Christus.
1519 3935 1704 3986 Homo
1752 3933 1958 3986 Adam.

305 4015 481 4070 homo
509 4015 685 4070 etiam
715 4031 888 4088 quem
914 4016 1183 4073 Christus
1205 4019 1962 4089 gestabat.Paradisuserat

307 4121 376 4159 ex
416 4120 531 4174 quo
569 4105 750 4160 Adam
796 4105 1018 4176 ejectus
1063 4111 1170 4173 est;
1225 4107 1537 4178 paradisus
1586 4109 1724 4164 item
1785 4126 1959 4180 quem

309 4193 524 4248 latroni
555 4195 784 4266 aperuit
813 4193 1426 4268 Christus.Hicitaque
1453 4197 1651 4269 pullus
1696 4204 1964 4270 peccator

312 4298 469 4337 unus
498 4288 608 4354 est,
635 4283 1036 4355 pcsnitentiam
1062 4301 1444 4359 agens,quem
1478 4287 1650 4344 solvit
1676 4287 1963 4346 Dominus

311 4387 377 4427 ex
409 4371 631 4428 diaboli
661 4372 934 4441 vinculis,
969 4375 1040 4429 de
1071 4393 1190 4447 quo
1231 4377 1517 4449 gaudium
1566 4385 1674 4448 est,
1727 4396 1842 4434 non
1902 4379 1958 4434 in

309 4465 462 4516 terra
493 4463 689 4528 modo,
721 4463 822 4518 sed
855 4464 1031 4519 etiam
1064 4465 1124 4520 in
1173 4466 1354 4521 caelis.
1409 4466 1553 4522 Cum
1603 4467 1783 4540 igitur
1812 4467 1965 4524 solu-

309 4555 410 4606 tus
441 4551 638 4622 pullus
672 4552 882 4608 fuisset
925 4571 957 4608 a
1009 4554 1337 4624 discipulis,
1395 4556 1697 4612 adducunt
1728 4573 1862 4613 eum
1891 4559 1964 4613 ad

2062 1956 2192 2019 λαός
2227 1978 2349 2031 μου·
2385 1982 2412 2009 ››
2443 1958 2532 2012 καὶ
2564 1958 2750 2014 πάλιν*
2788 1983 2814 2013 ιι
2844 1965 3021 2034 Ἔγνω
3056 1960 3185 2036 βοῦς
3214 1961 3304 2015 τὸν
3345 1959 3707 2033 κτησάμενον,

2059 2047 2149 2102 καὶ
2199 2043 2320 2109 ὄνος
2368 2048 2466 2117 τήν
2514 2047 2715 2125 φάτνην
2766 2053 2864 2103 τοῦ
2916 2048 3104 2125 κυρίου
3155 2048 3338 2104 αὐτοῦ’
3378 2074 3405 2100 ››
3447 2049 3558 2120 καὶ,
3592 2074 3619 2101 ‹‹
3652 2051 3710 2104 Ὁ

2063 2135 2180 2198 υἱός
2215 2157 2320 2209 μου
2353 2137 2510 2199 οὗτος
2543 2138 2571 2191 6
2603 2138 2864 2213 νεώτερος
2896 2136 3207 2200 ἀπολωλὼς
3235 2139 3326 2208 ἦν,
3357 2137 3445 2193 καὶ
3495 2137 3709 2215 εὑρέθηο

2062 2226 2250 2300 νεκρὸς
2280 2229 2366 2294 ἦν,
2399 2226 2488 2280 καὶ
2520 2225 2794 2298 ἀνέζησεν.
2831 2251 2858 2278 υ

2135 2317 2188 2372 8.
2249 2317 2432 2372 Ταῦτα
2490 2313 2582 2370 οὖν
2636 2315 2809 2370 πάντα
2865 2315 2942 2378 εἷς
2999 2316 3184 2371 ἑαυτὸν
3245 2314 3634 2389 ἀναδεξάμενος
3687 2315 3715 2370 6

2067 2404 2286 2479 Κύριος,
2347 2403 2630 2481 ἄνθρωπον
2691 2403 2994 2473 ἐνεδύσατο,
3050 2405 3139 2460 καὶ
3197 2406 3274 2468 ὡς
3320 2401 3593 2483 πρόϐατον
3628 2404 3714 2460 ἐπὶ

2067 2495 2276 2570 σφαγὴν
2336 2492 2513 2569 ἤχθη,
2571 2493 2658 2549 καί
2719 2493 2807 2549 ἐπὶ
2871 2495 3090 2570 ὀναρίου
3149 2493 3430 2567 ἐκαθέσθη,
3491 2495 3579 2550 καὶ
3614 2496 3716 2550 ἀπ-

2068 2585 2240 2656 έθανε,
2272 2582 2360 2638 καί
2409 2583 2599 2663 ἐτάφη,
2633 2585 2768 2639 κατὰ
2798 2586 2892 2647 τὰς
2924 2587 3153 2664 Γραφάς.
3191 2584 3288 2640 Καὶ
3335 2584 3400 2640 τὸ
3435 2585 3528 2658 μὶν
3558 2590 3718 2659 σῶμα

2068 2673 2232 2729 αὐτοῦ
2276 2669 2447 2728 ἔκειτο
2485 2672 2537 2728 ἐν
2585 2678 2664 2745 τῷ
2721 2673 2994 2746 μνημείῳ,
3037 2676 3071 2744 ἡ
3106 2671 3162 2729 δὲ
3211 2673 3402 2744 θεότης
3433 2672 3719 2729 ἐσκύλευσε

2067 2763 2159 2818 τὸν
2218 2757 2369 2833 ᾅδην·
2429 2761 2520 2818 καὶ
2580 2760 2739 2818 ἔλυσε
2797 2761 2924 2826 τοὺς
2982 2761 3411 2836 πεπεδημένους,
3470 2763 3560 2818 καὶ
3592 2763 3716 2821 ἐλυ-

2068 2856 2263 2926 τροῦτο
2309 2851 2437 2914 τοὺς
2485 2850 2898 2927 αἰχμαλώτους,
2939 2851 3028 2906 καὶ
3079 2851 3362 2921 ἐζωοποίει
3402 2851 3528 2915 τοὺς
3563 2864 3717 2917 τεθα⁸

2069 2940 2437 3014 νατωμένους.
2499 2941 2596 2994 Διὰ
2647 2945 2809 2995 τοῦτο
2869 2940 2971 3015 γὰρ
3026 2940 3114 2995 καὶ
3173 2940 3259 2995 ἐπὶ
3330 2943 3420 2996 τὸν
3495 2943 3720 3018 σταυρὸν

2071 3032 2355 3106 ἀνέρχεται
2416 3025 2760 3106 θριαμϐεύων
2815 3030 2908 3084 τὸν
2969 3029 3190 3105 ἐχθρὸν,
3262 3030 3348 3086 καὶ
3425 3030 3720 3107 γενόμενος

2074 3121 2204 3194 ὑπὲρ
2255 3123 2416 3193 ἡμῶν
2470 3120 2696 3196 κατάρα,
2746 3119 2837 3173 καὶ
2886 3119 3317 3197 στεφανούμενος
3368 3120 3418 3194 ἐξ
3451 3119 3720 3190 ἀκανθῶν,

2066 3207 2154 3264 ’ίνα
2212 3217 2310 3280 τῆς
2368 3207 2664 3284 γενομένης
2739 3209 2856 3263 καθ’
2909 3211 3070 3282 ἡμῶν
3129 3209 3452 3288 ἀποφάσεως
3508 3208 3721 3274 ἐλευθε-

1992 3276 2034 3342 C
2076 3276 2544 3379 ρώσῃίΛέλεκται
2592 3300 2694 3374 γὰρ
2724 3303 2802 3370 τῷ
2835 3276 3028 3371 Ἀδάμ,
3081 3302 3163 3354 δτι
3209 3276 3263 3351 «⁸
3292 3299 3554 3364 Ἀκάνθας
3599 3300 3726 3355 ἀνα-

2068 3389 2217 3447 τελεῖ
2269 3411 2355 3444 σοι
2399 3392 2432 3458 ἡ
2629 3386 2714 3442 διὸ
2763 3387 2850 3442 τὸν
2904 3387 2954 3458 ἐξ
3004 3389 3245 3443 ἀκανθῶν
3297 3390 3551 3465 στέφανον
3599 3390 3723 3444 ἀνα-

2071 3481 2310 3557 δέχεται,
2342 3483 2430 3533 καί
2461 3476 2708 3550 κάλαμον
2757 3477 2826 3552 τῇ
2876 3475 3019 3548 δεξιᾷ
3065 3477 3228 3532 αὐτοῦ
3277 3478 3424 3554 χειρὶ
3474 3477 3722 3554 κατέχειν

2069 3567 2493 3645 παρεσκεύασαν,
2539 3565 2631 3620 ’ίνα
2673 3564 2763 3621 διὰ
2808 3565 3009 3622 τούτου
3035 3564 3131 3622 τοῦ
3163 3563 3336 3643 ὄφεως
3372 3564 3573 3642 ῥᾳδίως
3623 3568 3726 3636 τὴν

2071 3658 2332 3733 ἀναίρεσιν
2392 3658 2707 3727 ποιήσηται.
2771 3655 2930 3713 Οὕτω
2988 3656 3088 3731 γὰρ
3146 3655 3310 3711 πάλιν
3343 3655 3460 3709 ἀντὶ
3505 3659 3603 3710 τοῦ
3636 3655 3720 3710 ἰοῦ

2069 3753 2164 3804 τοῦ
2220 3744 2413 3825 ὄφεως,
2460 3743 2522 3800 οὗ
2579 3740 2869 3819 μετέλαϐεν
2928 3742 3104 3816 Ἀδὰμ
3155 3742 3205 3796 ἐν
3253 3747 3333 3815 τῷ
3382 3739 3717 3818 παραδείσῳ,

2071 3837 2230 3900 αὐτὸς
2289 3836 2421 3910 ὑπὲρ
2481 3837 2639 3908 ἡμῶν
2690 3836 2871 3911 χολήν
2924 3839 3036 3905 μετ’
3079 3828 3232 3905 ὄξους
3273 3831 3568 3901 ποτίζεται¹
3629 3831 3719 3886 καὶ

2071 3927 2188 3982 ἀντὶ
2235 3933 2337 3995 τῆς
2403 3923 2661 4000 πλευρᾶς,
2723 3922 2774 3994 ἐξ
2821 3925 2886 3992 ἧς
2946 3921 3163 3992 ἐξῆλθεν
3224 3918 3355 3992 Εὕα,
3411 3921 3570 3983 αὐτὸς
3619 3921 3720 3990 τὴν

2073 4019 2264 4073 ἑαυτοῦ
2333 4015 2570 4090 πλευρὰν
2636 4013 2907 4089 παρέσχεν
2968 4011 3043 4074 εἷς
3102 4013 3330 4088 σφαγήν.
3391 4012 3532 4080 Γυνή
3593 4007 3720 4083 Εὕα,

2071 4109 2204 4184 γυνή
2256 4105 2456 4181 Μαρία,
2509 4103 2561 4174 ἐξ
2607 4106 2673 4172 ἧς
2721 4101 2976 4178 ἐγεννήθη
3028 4102 3056 4156 6
3106 4100 3358 4176 Χριστός.
3402 4101 3724 4176 ’Δντρωπος

2074 4199 2101 4253 ὁ
2160 4195 2358 4268 Ἀδὰμ,
2417 4192 2720 4264 ἅνθρωπος,
2771 4190 2830 4246 ὅν
2880 4190 3127 4269 ἐφόρεσεν
3176 4191 3204 4245 6
3253 4189 3506 4266 Χριστός.
3541 4189 3723 4263 Ηαρά-

2074 4285 2273 4353 δεισος,
2332 4282 2382 4353 ἐξ
2440 4283 2502 4335 οὗ
2574 4275 2840 4350 ἐξεϐλήθη
2903 4281 2931 4334 6
3005 4277 3199 4351 Ἀδάμ·
3259 4276 3603 4352 παράδεισος,
3665 4277 3722 4332 6'v

2074 4375 2270 4447 ἀνέῳξε
2298 4376 2376 4443 τῷ
2407 4370 2579 4444 λῃστῇ
2614 4370 2641 4422 6
2674 4366 2925 4441 Χριστός.
2961 4366 3134 4428 Οὗτος
3183 4365 3272 4420 οὖν
3307 4365 3336 4420 6
3368 4365 3558 4427 πῶλος
3590 4367 3618 4420 6
3651 4367 3726 4428 εἶς

2076 4460 2405 4538 ἁμαρτωλός
2463 4457 2626 4528 ἐστιν,
2681 4458 2708 4511 6
2769 4460 3067 4529 μετανοῶν,
3113 4455 3170 4510 ὃν
3231 4451 3417 4510 ἔλυσεν
3467 4454 3495 4509 ὀ
3528 4455 3726 4532 Κύριος

2075 4554 2135 4608 ἐκ
2161 4555 2268 4607 τῶν
2327 4552 2425 4602 τοῦ
2475 4540 2740 4600 διαϐόλου
2784 4542 3021 4617 δεσμῶν,
3071 4543 3194 4619 περὶ
3245 4541 3306 4598 οὗ
3338 4544 3488 4619 χαρά
3518 4543 3725 4618 γίνεται

305 4643 530 4708 Jesum,
562 4641 939 4712 gaudentque
969 4643 1182 4714 gaudio
1215 4661 1429 4715 magno
1462 4662 1473 4698 :
1511 4644 1650 4701 item
1683 4646 1872 4718 angeli
1906 4650 1953 4702 ei

2071 4642 2134 4698 αὐ
2199 4639 2364 4713 μόνον
2425 4635 2513 4691 ἐπὶ
2570 4637 2668 4703 τῆς
2725 4640 2853 4708 γῆς,
2905 4632 3053 4689 ἀλλὰ
3099 4631 3188 4688 καὶ
3220 4631 3272 4688 ἐν
3300 4639 3418 4695 τοῖς
3452 4632 3724 4708 οὐρανοῖς.

307 4727 516 4783 divinaa
549 4729 794 4785 virtutes
826 4732 1085 4803 gaudent
1105 4749 1282 4804 super
1311 4750 1376 4789 eo
1400 4735 1499 4805 qui
1523 4734 1773 4807 perierat
1800 4739 1856 4789 et
1880 4735 1965 4789 in-

306 4821 516 4873 ventus
547 4821 654 4873 est.
689 4819 794 4882 Qui
848 4820 1030 4892 igitur
1075 4821 1148 4878 iis
1196 4839 1322 4894 quae
1371 4823 1652 4892 diximus,
1696 4829 1965 4879 accurate

308 4907 576 4962 animum
609 4907 981 4980 applicuerit,
1013 4915 1070 4966 et
1116 4912 1453 4984 evangelica
1498 4913 1674 4968 verba
1722 4912 1968 4984 mystice

311 4995 540 5069 legerit,
574 4997 622 5051 is
656 5015 799 5054 sane
829 5000 1159 5071 perspiciet,
1195 5001 1351 5057 hunc
1383 5000 1610 5073 pullum
1658 5017 1787 5057 esse
1831 5017 1966 5074 pec-

309 5091 565 5141 catorem
599 5087 912 5142 Adamum.
943 5089 1086 5144 Cum
1119 5089 1247 5146 dico
1277 5091 1590 5157 Adamum,
1625 5091 1964 5147 universum

311 5191 499 5246 genus
531 5176 857 5232 humanum
883 5177 1279 5250 intellige.llic
1299 5195 1436 5251 ergo
1458 5179 1657 5250 pullus
1689 5187 1821 5237 ante
1842 5181 1967 5238 Sal-

310 5264 528 5320 vatoris
557 5267 894 5334 adventum,
931 5267 1066 5323 feris
1097 5275 1222 5324 erat
1253 5271 1966 5341 subjectus,quemadmo-

309 5353 452 5408 dum
481 5355 729 5410 antehac
750 5356 1210 5414 diximus.Feras
1225 5374 1363 5413 voco
1395 5375 1628 5414 omnem
1661 5361 1966 5416 adversam

379 5521 594 5594 “Luc.
628 5541 720 5594 xv,
751 5526 806 5581 7.

919 5527 965 5562 ⁸⁸
995 5527 1200 5583 Matth.
1234 5544 1396 5599 xvm,
1448 5528 1534 5597 12,
1570 5530 1656 5584 13.

305 5607 394 5661 m,
424 5592 511 5648 18.

382 5743 497 5816 (13)
528 5744 669 5817 Reg.
703 5753 868 5824 χαρᾷ.

1769 5531 1813 5566 ⁶⁶
1846 5533 1954 5587 Isa.
2001 5546 2119 5587 Lm.
2171 5529 2226 5584 6.

2074 4730 2225 4788 Μετᾶ
2279 4727 2369 4783 οὖν
2399 4727 2462 4781 τὸ
2523 4723 2752 4795 λυθῆναι
2784 4724 2874 4778 τὸν
2899 4722 3088 4779 πῶλον
3137 4723 3240 4778 ὑπὸ
3285 4727 3392 4778 τῶν
3446 4727 3726 4797 μαθητῶν,

2074 4821 2322 4900 φέρουσιν
2375 4816 2535 4872 αὐτὸν
2590 4816 2724 4892 πρὸς
2770 4815 2860 4870 τὸν
2914 4815 3122 4884 Ἰησοῦν
3173 4813 3262 4868 καὶ
3310 4812 3562 4889 χαίρουσι
3621 4833 3724 4888 χα-

2075 4897 2168 4986 ρὰν
2223 4907 2485 4984 μεγᾶλην·
2543 4901 2620 4961 ἔτι
2672 4906 2779 4977 μὴν
2829 4903 2919 4959 καὶ
2964 4901 3184 4979 ἄγγελοι
3228 4902 3317 4957 καὶ
3375 4907 3514 4966 θεῖαι
3565 4897 3729 4956 δυνά-

2079 5021 2196 5074 μεις
2247 4998 2533 5075 χαίρουσιν
2587 4994 2674 5050 ἐπὶ
2721 4999 2798 5066 τῷ
2844 4990 3166 5048 ἀπολωλότι
3224 4991 3312 5046 καὶ
3347 4991 3633 5063 εὑρεθέντι.
3666 4993 3726 5047 Ὀ

2076 5087 2166 5146 οῦν
2229 5085 2506 5160 ἐπιμελῶς
2553 5083 2841 5160 προσέχων
2891 5088 3009 5144 τοῖς
3055 5078 3400 5156 λεγομένοις,
3449 5079 3539 5135 καὶ
3595 5078 3724 5140 τοὺς

2076 5175 2460 5255 εὐαγγελικοὺς
2508 5173 2710 5247 λόγους
2765 5175 3040 5244 μυστικῶς
3081 5169 3482 5244 ἀναγινώσκων,
3514 5164 3722 5242 ὄψεται,

2077 5269 2150 5329 ὡς
2182 5254 2210 5322 6
2257 5265 2445 5327 πῶλος
2498 5264 2654 5324 οὗτος
2685 5263 2712 5316 6
2755 5257 3082 5335 ἁμαρτωλὸς
3115 5257 3288 5332 Ἀδάμ
3315 5257 3478 5314 ἐστιν.
3517 5257 3634 5312 Ἐὰν
3669 5254 3727 5312 δὲ

2077 5355 2223 5433 λέγω
2274 5352 2470 5426 Ἀδὰμ,
2515 5359 2657 5407 πᾶσα
2705 5349 3063 5425 ἀνθρωπότης
3113 5347 3272 5405 ἐστίν.
3325 5349 3496 5410 Οὗτος
3560 5344 3650 5403 οὖν
3700 5347 3728 5402 ὁ

3437 5520 3481 5557 ⁸⁸
3514 5517 3728 5576 Genes.

2337 5527 2382 5562 ⁵⁸
2434 5527 2618 5593 lsa.1,
2665 5525 2717 5579 3.
2831 5523 2876 5558 ⁸⁷
2904 5521 3040 5578 Luc.
3091 5538 3184 5591 xv,
3233 5520 3324 5576 32.
