4120 6394
399 430 555 492 1045

1368 428 1700 490 HOMILIA
1747 428 1819 486 ΙΝ
1869 427 2104 487 ILLUD
2156 444 2233 484 ια
2288 428 2575 492 EUN'l‘E,
2613 452 2641 482 »
2696 427 2861 487 ETC.

3673 425 3827 484 1046

394 563 585 624 πῶλος
644 563 751 635 πρὸ
805 568 905 631 τῆς
962 539 1060 617 rei}
1112 568 1373 634 Σωτῆρος
1404 558 1701 633 ἐπιδημίας
1734 558 1947 630 θηρίοις
1982 558 2027 626 ἧι

2162 562 2534 631 potestatem,
2568 562 2885 633 ipsumque
2937 576 3220 633 magnum
3282 560 3603 614 demonem
3661 558 3821 613 Sata-

396 645 871 723 ὑποϐεϐλημὲνος,
923 651 1101 715 καθὼς
1160 651 1248 704 καὶ
1308 652 1412 723 πρὸ
1471 648 1666 704 τούτου
1728 648 2050 719 ὑπεθέμεθα.

2166 665 2299 703 nam
2312 690 2323 704 .

395 741 569 815 Θηρία
600 737 658 795 δὲ
689 740 833 817 λέγω
865 746 1036 795 πᾶσαν
1066 741 1164 808 τὴν
1193 739 1570 812 ἀντικειμένην
1607 736 1857 810 δύναμιν,
1891 737 1981 790 καὶ
2014 735 2171 790 αὐτὸν
2204 738 2293 791 τὸν
2332 738 2498 812 μέγαν
2534 735 2767 810 δαίμονα
2801 742 3062 792 Σατανᾶν.

461 834 514 887 9.
549 834 675 885 Ὅτε
729 828 819 884 οὖν
871 826 1212 902 ἐπεδήμησεν
1257 830 1283 882 6
1334 829 1532 903 Κύριος
1582 827 1688 902 πρὸ
1733 829 1903 898 ἡμᾶς,
1958 825 2046 879 καὶ

390 917 620 975 δέδωκεν
654 921 790 991 ἡμῖν
818 917 1056 989 ἐξουσίαν
1091 917 1227 972 ὥστε
1275 923 1460 971 πατεῖν
1511 916 1685 971 ἐπάνω
1736 910 1909 991 ὄφεων
1955 913 2042 967 καί

388 1008 690 1085 σκορπίων,
716 1008 804 1062 καὶ
866 1007 951 1061 ἐπὶ
1011 1012 1181 1061 πᾶσαν
1240 1008 1337 1074 τήν
1401 1003 1625 1077 δύναμιν
1671 1008 1768 1057 τοῦ
1819 1002 2041 1077 ἐχθροῦ,

384 1098 508 1154 τότε
537 1098 625 1153 καὶ
659 1099 821 1170 ἡμεῖς
859 1094 1177 1172 θαρῥοῦντες
1212 1094 1441 1170 λέγομεν
1483 1094 1573 1147 σὺν
1623 1098 1701 1165 τῷ
1752 1094 2039 1170 Προφήτη-

384 1212 413 1239 ‹‹
448 1187 525 1245 Οὐ
558 1183 900 1261 παραδώσεις
931 1191 1046 1246 τοῖς
1092 1184 1303 1259 θηρίοις
1357 1184 1541 1259 ψυχήν
1596 1181 2038 1256 ἐξομολογουμέ-

379 1298 475 1348 νην
507 1298 612 1333 σοι,
646 1301 668 1327 ι
708 1274 1013 1329 Συνὲθλασε
1039 1274 1139 1349 γὰρ
1185 1275 1212 1328 6
1266 1272 1457 1348 Κύριος
1509 1273 1600 1333 τὰς
1650 1270 1884 1348 κεφαλὰς
1930 1272 2036 1325 τῶν

381 1364 711 1439 δρακόντων.
749 1364 840 1418 Διὸ
889 1364 977 1417 καὶ
1024 1364 1051 1417 ὁ
1104 1365 1401 1439 Προφήτης
1457 1362 1557 1436 βοᾷ
1607 1360 1799 1436 λέγων·
1836 1388 1861 1411 ‹‹
1914 1362 2036 1417 Ἐπὶ

382 1450 581 1510 ἀσπίδα
639 1453 729 1508 καὶ
794 1452 1108 1528 βασιλίσκον
1185 1446 1438 1524 ἐπιϐήσῃ,
1496 1452 1584 1505 καὶ
1641 1452 2036 1521 καταπατήσεις

384 1542 576 1600 λέοντα
650 1544 736 1597 καί
820 1540 1102 1617 δράκοντα.
1166 1543 1505 1615 Ἐκυρίευσαν
1568 1538 1658 1594 οὖν
1728 1540 1897 1609 οὗτοι,
1959 1540 2032 1601 ὡς

378 1635 662 1706 προεῖπον,
710 1635 807 1685 τοῦ
865 1629 1078 1685 πώλου.
1130 1628 1226 1684 Καί
1284 1629 1433 1683 οὗτοι
1483 1629 1617 1697 ἦσαν
1676 1630 1725 1683 οἱ
1778 1626 2035 1698 δήσαντες

378 1714 560 1777 αὐτόν.
614 1721 782 1793 Οἶμαι
841 1722 943 1795 γάρ
1012 1719 1099 1773 καὶ
1168 1719 1257 1772 τὸν
1326 1721 1619 1796 προφήτην
1669 1716 1885 1772 Ἡσαΐαν
1948 1716 2035 1772 διὰ

375 1814 538 1866 τοῦτο
606 1809 808 1884 λέγειν·
843 1833 871 1861 ‹‹
916 1810 1064 1863 Λέων
1115 1810 1203 1862 καὶ
1255 1808 1490 1880 σκύμνος
1538 1806 1778 1873 λέοντος,
1832 1806 2030 1862 ἐκεῖθεν

376 1896 467 1954 καὶ
523 1896 745 1961 ἀσπίδες
794 1900 883 1953 καὶ
932 1896 1121 1972 ἔκγονα
1170 1895 1410 1951 ἀσπίδων
1466 1899 1753 1969 πετώμενα
1801 1899 1932 1971 (lli),
1981 1898 2032 1950 οἳ
2063 1908 2111 1973 Β

376 1984 562 2064 ἔφερον
596 1987 685 2042 ἐπὶ
719 1983 856 2042 ὄνων
891 1988 977 2041 καὶ
1021 1984 1286 2059 καμήλων
1338 1986 1428 2040 τὸν
1475 1986 1713 2041 πλοῦτον
1769 1986 1965 2040 αὐτῶν.
2000 2011 2027 2037 ››

376 2073 659 2131 Παιδεῦσαι
700 2074 791 2130 οὗν
826 2078 973 2149 ἡμᾶς
1025 2075 1356 2150 βουλόμενος
1392 2076 1419 2129 6
1448 2079 1738 2153 προφήτης
1796 2076 1888 2137 τὰς
1930 2077 2027 2130 ἀν-

369 2166 678 2238 τικειμένας
731 2162 1008 2238 δυνάμεις,
1046 2162 1134 2218 διὰ
1181 2168 1287 2219 τῶν
1338 2165 1541 2240 Θηρίων
1589 2164 1895 2240 ἐγνώρισενο
1947 2164 2031 2219 α’ί-

368 2273 507 2316 τινες
568 2253 929 2326 ἀντικείμεναι
1008 2251 1264 2326 δυνάμεις
1338 2254 1428 2308 τὸν
1503 2254 1703 2309 ἑαυτῶν
1786 2254 2032 2330 ὀλέθριον

370 2342 610 2398 πλοῦτον
663 2343 946 2421 ἐφόρτιζον
1022 2344 1117 2411 τήν
1176 2338 1589 2418 άκθρωπότητα.
1639 2344 1734 2405 Τίς
1783 2341 1839 2399 δέ
1889 2345 2027 2399 ἐστιν

371 2431 401 2486 6
432 2432 671 2494 πλοῦτος
722 2437 820 2486 τοῦ
873 2426 1167 2501 διαϐόλου;
1202 2438 1258 2487 Ἠ
1308 2432 1489 2500 κακία,
1522 2434 1609 2486 καὶ
1642 2436 1677 2502 ἡ
1724 2431 2028 2489 εἰδωλολα-

369 2523 537 2595 τρεία,
571 2522 662 2576 καὶ
693 2524 728 2590 ἡ
762 2519 962 2591 ἡδονὴ,
997 2522 1086 2575 καὶ
1126 2524 1160 2589 ἡ
1193 2520 1492 2598 ἀφροσύνη,
1526 2522 1615 2575 καὶ
1664 2530 1805 2577 πᾶσα
1852 2525 2026 2599 ἁμαρ-

369 2610 474 2666 τία.
508 2614 706 2665 Τοῦτον
768 2611 870 2686 γὰρ
925 2609 1083 2664 αὐτὸν
1144 2610 1233 2665 τὸν
1294 2610 1531 2665 πλοῦτον
1588 2612 1621 2679 ἠ
1680 2608 1803 2673 ὄνος
1858 2613 1947 2666 καὶ
2000 2614 2025 2666 6

376 2698 563 2761 πῶλος
589 2698 728 2754 κατὰ
756 2696 977 2766 πολλὴν
1028 2700 1126 2766 τὴν
1178 2699 1413 2773 ἀνάγκην
1466 2695 1742 2772 ἐϐάσταζε,
1776 2701 1863 2754 καὶ
1914 2698 2025 2755 ἐδὲ-

373 2786 492 2843 δετο
548 2793 666 2850 τοῖς
725 2791 824 2856 τῆς
888 2788 1153 2863 ἁμαρτίας
1214 2785 1474 2861 δεσμοῖς’
1539 2786 1689 2843 οὐδὶν
1768 2790 1866 2865 γὰρ
1926 2797 2024 2859 τῆς

370 2877 633 2951 ἁμαρτίας
670 2876 965 2953 βαρύτερός
1000 2876 1109 2939 ἐστι
1137 2897 1147 2908 ·
1186 2874 1268 2931 διὸ
1326 2878 1415 2931 καὶ
1477 2874 1731 2950 μολίϐδῳ
1788 2877 2025 2934 ε’ίκασται

369 2967 514 3043 παρὰ
571 2971 648 3038 τῷ
698 2968 975 3043 προφήτῃ.
1030 2966 1163 3022 Ἀπὸ
1214 2963 1305 3020 οὖν
1363 2966 1569 3021 τούτων
1641 2967 1888 3023 ἁπάντων
1950 2969 2024 3031 εἷς

368 3057 512 3127 ἡμᾶς
603 3052 973 3127 ἐπιδημήσας,
1036 3054 1399 3129 ἠλευθέρωσε,
1484 3056 1573 3110 καὶ
1660 3058 2027 3136 ἀποφορτίσας

364 3146 453 3200 τὸν
511 3145 728 3200 ἰκείνων
798 3143 1037 3200 πλοῦτον
1076 3190 1090 3213 ,
1146 3146 1235 3199 καὶ
1314 3144 1478 3206 λύσας
1554 3145 1875 3218 ἐπεκαθὲσθη
1945 3153 2024 3222 τῷ

2233 829 2287 883 9.
2322 828 2465 883 Cum
2503 830 2679 899 igitur
2710 830 2780 882 ad
2836 845 2940 882 nos
2998 826 3255 881 Salvator
3311 827 3484 895 venit,
3545 826 3822 897 deditque

2162 926 2331 981 nobis
2362 930 2706 996 potestatem
2741 924 3002 981 calcandi
3038 942 3213 996 super
3245 929 3544 994 serpentes
3574 928 3632 978 et
3664 940 3820 978 scor-

2162 1015 2385 1086 piones,
2419 1019 2475 1069 et
2504 1032 2680 1087 super
2712 1031 2944 1069 omnem
2979 1014 3200 1067 inimici
3248 1016 3617 1083 potestatem,
3683 1017 3818 1065 tunc

2160 1110 2216 1158 et
2251 1121 2356 1159 nos
2384 1104 2629 1158 ﬁdenter
2661 1104 2915 1157 dicimus
2942 1120 3073 1157 cum
3109 1102 3429 1173 Propheta:
3454 1126 3478 1149 ‹‹
3508 1102 3588 1155 Ne
3618 1102 3818 1156 tradas

2160 1202 2362 1258 bestiis
2397 1203 2623 1257 animas
2657 1202 3002 1257 confitentes
3038 1200 3142 1255 tibi
3172 1201 3262 1254 ‘3'.
3290 1224 3314 1249 ››
3348 1198 3628 1254 Contrivit
3659 1198 3813 1253 enim

2154 1292 2441 1347 Dominus
2473 1291 2665 1363 capita
2695 1292 3037 1346 draconum.
3064 1290 3252 1354 Quare
3288 1289 3568 1360 Propheta
3599 1286 3816 1342 clamat

2154 1381 2356 1436 dicens
2387 1399 2399 1438 :
2438 1382 2672 1452 «Super
2703 1380 2961 1451 aspidem
2995 1384 3052 1434 et
3082 1378 3421 1434 basiliscum
3454 1375 3810 1443 ambulabis,

2160 1485 2217 1536 et
2248 1480 2619 1535 conculcabis
2653 1479 2877 1535 leonem
2915 1485 2969 1534 et
3002 1480 3312 1533 draconem
3344 1479 3408 1531 59.
3449 1501 3468 1525 η
3527 1477 3616 1532 [lli
3674 1495 3809 1549 ergo

2156 1570 2315 1642 pullo
2374 1569 2511 1624 huic
2568 1567 3045 1623 dominabantur.
3108 1567 3373 1621 Arbitror
3402 1566 3555 1621 enim
3596 1567 3803 1621 Isaiam

2153 1658 2499 1730 prophetam
2536 1658 2662 1711 ideo
2694 1656 2885 1711 dicere
2922 1673 2933 1709 :
2968 1678 2993 1705 ‹‹
3039 1657 3141 1709 Leo
3193 1660 3249 1710 et
3307 1654 3537 1709 catulus
3596 1654 3803 1724 leonis,

2150 1758 2286 1813 inde
2317 1762 2375 1813 et
2405 1758 2661 1829 aspides,
2696 1762 2751 1810 et
2782 1755 3081 1827 genimina
3111 1754 3381 1827 aspidum
3420 1755 3801 1825 volantia,qui

2151 1847 2415 1902 ferebant
2444 1863 2619 1917 super
2650 1846 2844 1900 asinos
2875 1850 2930 1899 et
2962 1844 3215 1899 camelos
3248 1844 3482 1899 divitias
3511 1862 3651 1899 suas
3671 1845 3799 1895 59‘.»

2143 1946 2430 2017 Propheta
2450 1942 2844 2015 igiturvolens
2869 1960 2973 1997 nos
2992 1944 3230 1997 edocere
3249 1942 3387 2013 quid
3409 1941 3527 1996 sint
3543 1942 3798 1996 adversae

2141 2049 2484 2115 potestates,
2517 2044 2770 2097 ferarum
2805 2040 3071 2111 exemplo
3103 2040 3233 2095 illas
3265 2040 3435 2095 nobis
3492 2056 3796 2110 represen-

2142 2133 2303 2188 tavit.
2354 2133 2491 2195 Quae
2521 2133 2773 2187 adversm
2808 2136 3122 2202 potestates
3154 2129 3511 2200 perniciosas
3543 2146 3680 2183 suas
3711 2129 3797 2182 di-

2142 2224 2312 2277 vitias
2344 2223 2743 2294 imposuerant
2773 2222 3030 2275 humano
3064 2220 3283 2290 generi.
3332 2219 3604 2281 Quaenam
3664 2224 3799 2272 sunt

2143 2319 2255 2375 illae
2286 2319 2503 2374 diaboli
2552 2316 2804 2372 divitiae?
2854 2317 3223 2388 lmprobitas,
3258 2314 3606 2383 idololatria,
3639 2314 3795 2369 volu-

2141 2415 2294 2480 ptas,
2356 2406 2712 2479 insipientia,
2773 2412 2829 2461 et
2886 2406 3279 2477 quodcunque
3322 2409 3648 2475 peccatum.
3683 2402 3797 2457 Has

2140 2500 2299 2553 enim
2331 2496 2563 2552 divitias
2596 2496 2761 2550 asina
2792 2501 2850 2549 et
2880 2496 3031 2550 382
3067 2494 3264 2566 pullus
3297 2495 3447 2565 ejus,
3481 2510 3694 2564 magna
3746 2494 3799 2545 vi

2140 2597 2345 2662 coacti,
2409 2595 2741 2666 portabant,
2804 2611 2869 2648 ac
2900 2593 3198 2648 constricti
3229 2596 3393 2647 erant
3426 2598 3794 2662 peccatorum

2140 2685 2412 2740 vinculis.
2448 2682 2601 2737 Nihil
2636 2684 2791 2737 enim
2828 2688 3061 2753 peccato
3094 2682 3350 2753 gravius,
3386 2697 3565 2751 quare
3598 2698 3631 2734 a
3662 2697 3800 2750 pro—

2140 2775 2316 2847 pheta
2347 2773 2587 2845 plumbo
2621 2777 3013 2843 comparatur.
3050 2772 3136 2825 Ab
3171 2772 3261 2824 his
3294 2772 3491 2841 itaque
3523 2770 3799 2824 omnibus

2136 2875 2206 2929 ad
2244 2890 2348 2927 nos
2381 2871 2780 2943 peregrinatus
2814 2870 3098 2923 Dominus
3132 2886 3237 2923 nos
3286 2869 3571 2937 liberavit,
3622 2872 3798 2938 atque

2138 2963 2364 3031 abiecto
2396 2962 2495 3016 illo
2528 2960 2865 3015 divitiarum
2900 2956 3412 3029 onere,solutoque
3436 2956 3800 3029 pullo,super

2136 3080 2269 3119 eum
2306 3060 2477 3115 sedit.
2515 3058 2905 3125 Quamobrem
2940 3055 3210 3126 discipuli
3246 3055 3519 3125 iniiciunt
3552 3055 3607 3108 in
3660 3070 3791 3108 eum

2138 3151 2403 3226 quaedam
2437 3166 2505 3203 ex
2536 3146 2923 3211 vestimentis,
2954 3145 3069 3199 alia
3100 3145 3155 3199 in
3189 3144 3280 3198 via
3310 3147 3601 3199 sternunt.

366 3234 563 3307 πώλῳ.
621 3235 714 3289 Διὸ
772 3234 861 3288 καὶ
921 3234 972 3288 οἱ
1039 3235 1275 3307 μαθηταὶ
1338 3234 1615 3309 ῥίπτουσιν
1673 3235 1757 3291 ἐπ’
1814 3237 1971 3294 αὐτόν
2043 3262 2160 3297 τινα
2231 3244 2339 3294 τῶν
2418 3235 2672 3309 ἱματίων,
2732 3234 2853 3288 τινὰ
2911 3231 2969 3287 δὲ
3022 3234 3111 3287 καὶ
3183 3231 3678 3306 ὑποστρωννύουσιν
3741 3230 3792 3284 ἐν

372 3326 442 3396 τῇ
472 3320 602 3395 ὁδῷ.

442 3413 527 3467 10.
561 3415 735 3466 Ταῦτα
782 3409 839 3466 δὲ
887 3412 990 3466 είσι
1033 3411 1100 3466 τὰ
1147 3412 1310 3481 ἠθικὰ
1356 3410 1697 3485 παιδεύματα
1754 3415 1827 3478 ὡς
1886 3437 2022 3493 προ-
2056 3421 2099 3488 C

369 3499 615 3572 είπαμεν.
648 3499 938 3577 Χαίρουσιν
999 3501 1055 3554 οἱ
1110 3501 1347 3573 μαθηταὶ
1397 3504 1571 3577 χαρὰν
1635 3504 1900 3577 μεγάλης·
1936 3506 2025 3561 καὶ

361 3590 462 3664 γάρ
511 3589 646 3644 κατὰ
699 3588 958 3659 ἀλήθειαν
1010 3596 1186 3666 χαρᾶς
1252 3591 1393 3645 ἐστιν
1442 3589 1584 3662 ἄξιον
1641 3591 1887 3667 μεγάλης
1937 3594 2022 3650 ἰπὶ

363 3678 582 3741 τούτοις
632 3684 814 3749 πᾶσιν,
850 3680 929 3740 οἷς
971 3680 998 3733 ὁ
1032 3681 1244 3748 Ἰησοῦς
1296 3678 1642 3753 ἐπιδημήσας
1697 3682 2026 3759 εὐηργέτησε

364 3767 463 3835 τήν
538 3766 976 3841 ἀνθρωπότητα.
1040 3767 1497 3842 Ἐπιμεληθῶμεν
1560 3770 1650 3825 οὖν
1708 3772 1797 3826 καὶ
1858 3774 2023 3846 ἡμεῖς

362 3859 471 3909 τῶν
515 3863 616 3926 τῆν
669 3854 905 3919 διανοίας
957 3855 1277 3933 ὀφθαλμῶν,
1309 3859 1399 3913 καὶ
1440 3861 1726 3934 γενώμεθα
1787 3862 2022 3934 μαθηταὶ

360 3949 461 4013 τῆς
518 3943 753 4022 σοφίας,
812 3944 960 4007 ὅπως
1021 3943 1223 4019 ἴδωμεν
1282 3947 1377 4010 τὰς
1438 3946 1688 4021 δυνάμεις
1759 3952 1853 4012 τὰς
1906 3952 2023 4005 καθ’

359 4032 587 4104 ἑκάστην
642 4032 784 4108 ὥραν
840 4031 1195 4097 διακονούσας
1244 4036 1323 4109 τῷ
1364 4039 1550 4107 Ἰησοῦ
1586 4081 1597 4093 .
1660 4037 2019 4107 Τηλικούτων

362 4120 453 4176 οὖν
515 4123 727 4198 ἀγαθῶν
787 4124 1204 4194 καταξιωθέντες
1234 4170 1247 4195 ,
1310 4124 1593 4201 χαίρωμεν
1668 4129 1752 4181 καὶ
1816 4129 2018 4200 ἡμεῖς.

358 4211 645 4288 Χαίρωμεν
697 4211 786 4266 καὶ
840 4214 1004 4285 ἡμεῖς
1056 4214 1228 4289 χαρὰν
1279 4213 1549 4290 μεγάλην,
1583 4214 1721 4271 διότι
1753 4217 2019 4290 κατηξίω-

358 4321 443 4355 σεν
476 4302 503 4354 6
536 4301 731 4377 Κύριος
790 4301 880 4355 καὶ
943 4304 1139 4378 Σωτήρ
1201 4305 1363 4375 ἡμῶν
1412 4306 1598 4360 παθεῖν
1637 4306 1768 4379 ὑπὲρ
1831 4308 2016 4378 ἡμῶν.

359 4388 584 4460 ’Δνέστη
637 4390 739 4466 γὰρ
795 4392 1096 4467 τριήμερος
1155 4392 1215 4447 ἐκ
1270 4398 1376 4447 τῶν
1438 4399 1667 4470 νεκρῶν,
1722 4394 2017 4457 σκυλεύσας

356 4478 449 4533 τὸν
501 4473 659 4551 ᾅδην,
709 4479 801 4534 τὸν
859 4479 1056 4556 ἐχθρὸν
1112 4485 1517 4553 καταπατήσας,
1567 4490 1666 4553 τῆς
1717 4479 2015 4555 θλιϐούσης

359 4568 510 4640 ἡμᾶς
548 4568 815 4641 ἁμαρτίας
866 4570 930 4623 τὰ
981 4566 1153 4642 δεσμὰ
1202 4568 1514 4647 διαρῥήξας.
1554 4574 1651 4627 Ᾱιὸ
1700 4574 1788 4627 καὶ
1832 4599 1858 4625 ‹‹
1894 4595 2015 4627 συν-

358 4657 574 4732 ήγειρεν
622 4658 793 4729 ἡμᾶς,
827 4659 915 4713 καὶ
969 4659 1307 4723 συνεκάθισεν
1356 4660 1407 4715 ἐν
1458 4667 1575 4723 τοῖς
1609 4660 1953 4738 ἐπουρανίοις
1988 4686 2014 4713 ››

358 4744 411 4799 ἰν
458 4742 602 4816 δεξιᾷ
655 4754 754 4815 τῆς
817 4746 1192 4822 μεγαλοσύνης
1244 4754 1339 4803 τοῦ
1396 4750 1621 4826 Πατρός.
1651 4754 1825 4806 Ὃπου
1874 4751 2013 4825 πρό-

360 4830 566 4909 δρομος
601 4834 733 4911 ὑπὲρ
775 4837 935 4908 ἡμῶν
986 4836 1213 4905 ἀνῆλθεν
1266 4836 1426 4899 αὐτὸς
1458 4838 1486 4892 6
1519 4840 1769 4914 Χριστὸς,
1796 4838 2015 4893 αἰωνίαν

359 4920 630 4998 λύτρωσιν
695 4925 1010 4997 εὑράμενος.
1048 4924 1303 4999 Εἷ’πωμεν
1369 4924 1458 4979 οὖν
1520 4927 1803 5000 καίήμεῖς
1863 4932 2015 5005 φωνῇ

363 5011 592 5087 μεγάλῃ·
629 5037 656 5063 ‹‹
708 5015 932 5069 Ὡσαννὰ
980 5014 1031 5069 ἐν
1084 5020 1203 5077 τοῖς
1255 5015 1522 5089 ὑψίστοις,
1568 5014 1942 5091 εὐλογημένος
1990 5018 2017 5071 6

359 5100 661 5177 ἐρχόμενος
704 5102 756 5158 ἐν
793 5103 1022 5177 ὀνόματι
1074 5105 1290 5180 Κυρίου.
1329 5129 1355 5155 n
1392 5108 1863 5181 [Ιροσκυνήσωμεν
1924 5103 2013 5159 οὗν

358 5193 580 5265 ΙΙατὲρα
608 5191 698 5246 σὺν
746 5193 854 5266 Υἱῷ
905 5194 993 5248 καὶ
1037 5195 1179 5269 ἁγίῳ
1229 5194 1528 5267 ΙΙνεύματι,
1579 5200 1725 5271 τρεῖς
1788 5194 2016 5250 ὑποστά-

359 5300 471 5342 σεις
520 5281 901 5357 κηρύττοντες,
950 5283 1073 5357 μίαν
1119 5284 1350 5355 θεότητα
1400 5284 1825 5361 ὁμολογοῦντες.
1860 5284 2017 5360 ’Δρε-

435 5532 505 5567 ⁶⁸⁴
541 5533 691 5590 Psal.
728 5549 960 5601 mum,
1001 5534 1082 5591 19.
1159 5536 1205 5570 ⁶⁹
1236 5536 1387 5595 Psal.
1418 5554 1509 5605 xc,
1545 5540 1629 5594 13.

435 5752 550 5828 (14)
582 5754 927 5829 ΙΙετωμένων
961 5754 1137 5813 habet
1167 5756 1306 5818 edit.
1342 5756 1501 5835 LXX.

1704 5539 1771 5574 ⁶⁰⁶
1804 5540 1915 5595 Ιει.
1950 5555 2080 5606 xxx,
2112 5539 2167 5593 6.

2212 3420 2298 3474 10.
2359 3417 2489 3472 Haec
2550 3431 2719 3487 porro
2778 3419 2916 3469 sunt
2976 3411 3219 3468 moralia
3278 3412 3649 3475 documenta,
3710 3412 3796 3465 uti

2137 3525 2316 3580 supra
2348 3506 2625 3561 diximus.
2659 3504 2926 3559 Gaudent
2956 3501 3229 3573 discipuli
3263 3500 3478 3573 gaudio
3528 3515 3741 3571 magno
3781 3518 3793 3554 :

2136 3614 2272 3653 nam
2332 3611 2529 3651 revera
2575 3592 2855 3647 beneﬁcia
2889 3590 2985 3646 illa
3020 3590 3217 3646 omnia
3249 3591 3461 3661 quibus
3491 3589 3664 3643 Jesus
3689 3589 3796 3643 ad—

2133 3686 2375 3742 veniens
2407 3683 2596 3738 afl'ecit
2628 3681 2952 3736 humanum
2988 3696 3414 3751 genus,magno
3446 3684 3584 3732 sunt
3618 3678 3794 3747 digna

2134 3772 2649 3848 gaudio.Studiose
2682 3772 2877 3841 itaque
2911 3786 3015 3824 nos
3037 3785 3313 3824 curemus
3337 3767 3550 3822 mentis
3569 3766 3789 3832 oculos,

2134 3864 2441 3932 simusque
2474 3861 2775 3932 sapientiae
2809 3857 3179 3929 diseipuli,ut
3209 3857 3457 3913 virtutes
3488 3856 3792 3909 videamus

2134 3970 2257 4024 quae
2292 3950 2546 4023 singulis
2579 3950 2736 4003 horis
2771 3948 3017 4003 Domino
3044 3948 3176 4002 Jesu
3234 3946 3591 4001 ministrant.
3644 3945 3788 3999 Cum

2131 4041 2313 4099 tantis
2344 4040 2541 4110 itaque
2564 4038 2731 4093 bonis
2754 4037 2951 4092 donati
2978 4036 3085 4090 sim
3098 4035 3560 4107 us,gaudeamus
3586 4040 3642 4089 et
3665 4050 3789 4089 nos.

2132 4130 2527 4191 Gaudeamus,
2552 4127 2816 4197 inquam,
2838 4124 3054 4195 gaudio
3088 4123 3479 4195 magno,quia
3509 4122 3794 4178 Dominus

2130 4224 2188 4275 et
2217 4217 2481 4273 Salvator
2513 4221 2714 4270 noster
2741 4232 2843 4286 pro
2872 4213 3042 4268 nobis
3071 4212 3191 4284 pati
3219 4212 3495 4283 dignatus
3527 4218 3632 4266 est.
3658 4213 3793 4265 Sur-

2130 4308 2280 4364 rexit
2308 4307 2462 4362 euim
2496 4305 2667 4359 tertia
2698 4304 2791 4359 die
2823 4321 2889 4357 ex
2951 4302 3224 4365 mortuis,
3285 4300 3591 4370 expoliatis
3649 4300 3795 4355 infe-

2129 4398 2233 4463 ris,
2294 4397 2462 4450 hoste
2518 4393 2879 4459 conculcato,
2913 4392 3166 4462 diruptis
3200 4389 3419 4461 peccati
3453 4405 3559 4443 nos
3593 4391 3794 4460 oppri-

2128 4486 2341 4542 mentis
2372 4483 2639 4539 vinculis.
2673 4484 3039 4553 Quapropter
3073 4496 3176 4534 nos
3221 4502 3247 4527 «
3296 4477 3791 4532 conresuscitavit

2125 4581 2181 4632 et
2212 4575 2527 4631 consedere
2560 4574 2693 4628 fecit
2726 4572 2783 4625 in
2820 4569 3227 4626 cmlestibus'70
3252 4591 3279 4617 ››
3312 4567 3369 4621 in
3401 4567 3635 4621 dextera
3667 4584 3790 4621 ma-

2116 4664 2352 4738 jestatis
2390 4663 2589 4718 Patris.
2625 4663 2744 4725 Quo
2780 4660 3049 4715 Christus
3083 4673 3405 4730 praecursor
3463 4674 3563 4728 pro
3623 4657 3789 4711 nobis

2126 4753 2639 4820 ascendit,aaterna
2676 4749 3075 4821 redemptione
3107 4745 3645 4802 inventa.[)ieamus
3678 4747 3787 4801 ita-

2129 4860 2244 4916 que
2275 4847 2329 4898 et
2363 4858 2468 4897 nos
2502 4840 2618 4895 alta
2647 4855 2782 4895 voce
2822 4857 2832 4893 :
2874 4860 2900 4888 «
2932 4838 3207 4892 Hosanna
3238 4837 3293 4891 in
3328 4835 3593 4900 excelsis,
3618 4836 3785 4889 bene-

2128 4932 2321 4987 dictus
2355 4930 2452 5001 qui
2486 4928 2641 4985 venit
2672 4929 2728 4982 in
2764 4928 2999 4983 nomine
3032 4925 3262 4981 Domini
3292 4926 3382 4979 70'.
3409 4946 3435 4973 η
3464 4924 3785 4979 Adoremus

2127 5035 2264 5091 ergo
2297 5019 2524 5074 Patrem
2559 5035 2690 5073 cum
2728 5017 2870 5071 Filio
2902 5021 2955 5071 et
2979 5020 3184 5070 sancto
3214 5014 3454 5086 Spiritu,
3508 5017 3623 5067 tres
3684 5013 3785 5084 hy-

2128 5113 2392 5180 postases
2447 5108 2849 5179 praedicantes,
2902 5121 3077 5160 unam
3112 5103 3385 5158 deitatem
3419 5102 3785 5157 conﬁtentes.

2126 5197 2443 5264 Virtutem,
2479 5196 2695 5262 dilecti,
2729 5195 3055 5267 eligamus;
3086 5192 3315 5247 labores
3348 5192 3474 5261 ejus
3508 5207 3687 5245 causa
3720 5191 3785 5244 li-

2128 5287 2332 5342 benter
2363 5282 3209 5357 suscipiamus,continentiam
3241 5296 3785 5351 exerceamus,pau-

2245 5538 2287 5573 ⁷ο
2318 5537 2527 5609 Ephes.
2565 5554 2623 5602 II,
2654 5537 2708 5590 6.
2786 5535 2854 5567 ⁷⁰”
2891 5531 3092 5589 Matth.
3124 5548 3241 5598 xxx,
3273 5532 3324 5587 9.
