4120 6362
273 409 296 466 1
310 409 427 466 047

1452 401 1516 462 S.
1563 403 2085 466 ATHANASIUS.
2123 435 2198 450 -—
2229 407 2539 467 SPURIA.

3535 411 3696 473 1048

269 557 476 613 perum
509 539 903 595 recordemur.
933 539 1018 594 Ita
1044 537 1198 593 enim
1226 537 1508 608 viventes,
1533 537 1928 594 haereditatem

2044 538 2141 606 τὴν
2169 541 2626 613 προτιμήσωμεν,
2657 540 2953 616 ἀγαπητοὶ,
2980 540 3070 597 καὶ
3115 541 3244 606 τοὺς
3301 542 3434 619 ὑπὶρ
3489 544 3693 619 ταύτης

267 630 437 702 regni
468 628 750 685 ccelorum
781 643 1233 699 consequemur,
1266 625 1324 681 in
1356 626 1585 682 Christo
1616 626 1756 682 Jesu
1815 627 1926 682 Do-

273 720 435 776 mino
468 723 691 784 nostro,
724 717 820 773 cui
850 715 1036 788 gloria
1065 728 1121 772 et
1146 715 1461 788 imperium
1495 717 1552 772 in
1585 715 1801 772 saecula
1827 733 1932 772 sae-

273 809 566 864 culorum.
600 811 807 862 Amen.

2039 625 2238 690 πόνους
2286 628 2544 692 ἒκουσίως
2619 631 3020 705 ἀσπασώμεθα·
3078 631 3391 707 ἐγκράτειαν
3439 635 3691 706 ἀσκήσω-

2044 736 2161 789 μεν·
2212 723 2320 772 τῶν
2380 724 2619 796 πτωχῶν
2684 720 3172 794 μνημονεύσωμεν.
3232 720 3390 780 Οὕτω
3446 723 3550 801 γὰρ
3608 723 3692 780 δι-

2040 804 2288 881 άγοντες,
2336 808 2426 862 καὶ
2480 807 2756 884 βασιλείαν
2803 809 3044 886 οὐρανῶν
3087 808 3584 887 κληρονομήσομεν
3636 813 3689 869 ἐν

275 900 494 973 Χριστῷ
526 897 706 966 Ἰησοῦ
733 899 813 967 τῷ
846 893 1029 966 Κυρίῳ
1060 895 1244 967 ἡμῶν,
1278 894 1324 966 ᾧ
1353 895 1388 964 ἡ
1423 889 1550 965 δόξα
1577 893 1754 950 καὶτὸ
1781 895 1978 971 κράτος
2012 895 2087 958 εἷς
2115 895 2241 960 τοὺς
2270 896 2470 961 αἷῶνας
2500 903 2608 954 τῶν
2639 899 2870 957 αἶ’ώνων.
2903 901 3099 974 Ἀμήν.

1269 1179 1342 1234 IN
1382 1177 1818 1243 SEQUENTEM
1860 1178 2223 1236 HOMILIAM
2261 1180 2688 1240 ADMONITIO.

349 1311 510 1364 Hanc
532 1310 698 1379 putat
727 1305 1040 1361 Holstenius
1071 1305 1367 1360 Athanasii
1420 1319 1553 1373 esse,
1611 1305 1667 1359 in
1721 1320 1893 1377 eaque
1919 1321 1979 1361 se
2031 1305 2400 1362 Athanasiani
2444 1308 2581 1379 styli
2635 1316 2810 1375 notas,
2877 1310 3101 1379 scilicet,
3148 1308 3210 1362 τὸ
3260 1305 3428 1383 δριμὺ
3481 1309 3567 1362 καὶ
3630 1311 3690 1365 τὸ

283 1394 589 1471 ἀπέριττον,
620 1413 652 1450 a
717 1395 914 1450 Photio
945 1396 1261 1449 observatas
1286 1395 1531 1464 reperire
1559 1393 1892 1449 arbitratur.
1925 1394 1991 1448 At
2022 1396 2203 1464 nobis,
2239 1397 2317 1451 ita
2348 1397 2568 1451 variant
2591 1399 2901 1468 opiniones,
2931 1405 3139 1469 prater
3170 1414 3370 1453 nomen
3403 1399 3555 1454 nihil
3602 1400 3692 1455 hic

271 1486 487 1542 videtur
541 1484 1007 1540 Athanasianum.
1072 1485 1214 1539 Licet
1243 1484 1393 1538 enim
1420 1499 1529 1538 non
1562 1484 1841 1554 inelegans
1869 1486 1942 1539 sit
1970 1485 2088 1542 haec
2117 1487 2367 1555 homilia,
2399 1491 2457 1541 at
2483 1488 2716 1542 minimc
2745 1489 2914 1555 refert
2936 1486 3100 1542 illam
3131 1489 3426 1543 Athanasii
3455 1489 3700 1556 gravita-

276 1583 402 1645 tem,
432 1583 489 1631 et
516 1575 766 1630 nativam
796 1573 1190 1646 eloquentiam.
1222 1577 1343 1630 Ima
1373 1589 1497 1629 vero
1527 1575 1776 1643 furatum
1806 1579 1881 1629 est
1915 1577 2189 1631 orationis
2213 1591 2405 1647 genus,
2437 1578 2529 1631 cui
2555 1579 2724 1632 etiam
2784 1576 3043 1632 nonnihil
3099 1577 3376 1633 interdum
3432 1578 3580 1633 satis
3636 1593 3701 1632 ac

269 1663 474 1734 iudicii
501 1664 687 1721 deesse
715 1663 1076 1736 deprehendet
1103 1668 1297 1719 acutus
1333 1661 1521 1719 lector.

1447 1908 1578 1964 ΤΟΥ
1614 1911 1702 1962 ΕΝ
1745 1908 1975 1966 ΑΓΙΟΙΣ
2017 1911 2285 1963 ΠΑΤΡΟΣ
2329 1912 2522 1964 ΗΜΩΝ

1637 2058 2368 2155 ΑΘΑΝΑΣΙΟΥ

723 2233 838 2290 ΕΙΣ
879 2235 1014 2287 ΤΗΝ
1051 2233 1257 2288 ΑΓΙΑΝ
1299 2236 1627 2288 ΗΕΜΠΤΗΝ
1668 2234 1788 2288 ΚΑΙ
1828 2237 1941 2286 ΕΙΣ
1981 2237 2114 2288 ΤΗΝ
2158 2232 2552 2288 ΠΡΟΔΟΣΙΑΝ
2591 2235 2714 2285 ΤΟΥ
2754 2233 2957 2289 ΙΟΥΔΑ
2997 2233 3241 2289 ΛΟΓΟΣ.

1949 2389 2020 2400 ..-

580 2695 876 2759 ΒΕΗΜΟ
917 2695 1018 2757 ΙΝ
1055 2694 1469 2758 SANCTAM
1511 2693 1899 2770 ΟΗΙΝΤΑΜ

2044 2693 2278 2756 ἪΙΑΜ
2316 2694 2442 2756 ΕΤ
2479 2691 3080 2756 ΡΒΟΒΙΤΙΟΝΕΜ
3119 2692 3403 2756 ΙΗΒΕ.

356 2974 408 3029 4.
442 2973 764 3030 Salvatoris
808 2975 992 3032 nostri
1051 2973 1269 3047 passio,
1329 2975 1664 3030 Judmorum
1721 2973 1932 3044 luctus,

2119 2972 2172 3028 Ι.
2205 2975 2310 3026 Τοῦ
2343 2977 2604 3046 Σωτῆρος
2631 2970 2699 3025 τὰ
2727 2967 2896 3040 πάθη,
2932 2968 3126 3031 πένθος
3158 2969 3252 3042 μὶν
3283 2967 3584 3038 Ἰουδαίων,
3616 2969 3674 3026 εὐ

287 3063 555 3119 Ecclesiae
585 3063 786 3118 laetitia
816 3070 908 3119 est
942 3080 954 3118 :
987 3063 1105 3119 illis
1137 3063 1353 3135 quippe
1382 3063 1800 3129 calamitatem,
1831 3080 1939 3118 no-

283 3151 374 3208 bis
405 3152 683 3224 gaudium
719 3153 977 3223 peperit;
1010 3152 1144 3208 illos
1175 3158 1362 3208 morte
1389 3153 1710 3217 damnavit,
1766 3152 1936 3207 nobis

278 3239 403 3297 dies
434 3243 614 3298 festos
645 3243 1089 3314 paravit.Hodie
1113 3241 1369 3296 Judaicaa
1401 3241 1794 3313 improbitatis
1825 3247 1936 3296 ter-

273 3332 472 3386 minus
503 3335 840 3402 compertus
871 3336 1053 3399 est,ac
1087 3331 1396 3386 Dominicis
1427 3330 1821 3386 beneficentiae
1852 3329 1936 3384 lu-

273 3437 457 3476 cernis
489 3436 744 3475 accensae
776 3425 935 3475 sunt.
966 3420 1147 3474 Hodie
1177 3419 1235 3474 in
1270 3419 1484 3492 angulo
1540 3436 1705 3474 omna
1765 3437 1932 3490 para-

273 3514 389 3576 tur,
451 3514 509 3564 et
564 3509 840 3564 universo
873 3509 999 3563 orbi
1034 3524 1237 3564 mensa
1268 3508 1606 3564 instruitur.
1641 3513 1773 3563 Haec
1805 3510 1932 3564 dies

274 3599 530 3655 ccelestis
561 3597 672 3654 cibi
703 3587 926 3670 spicam
959 3597 1271 3669 pullulavit
1303 3614 1314 3652 :
1351 3597 1524 3653 hodie
1554 3597 1781 3670 lignum
1833 3615 1931 3653 vo-

273 3687 514 3757 luptatis
545 3687 689 3743 citra
722 3686 1048 3759 periculum
1080 3687 1258 3742 homo
1309 3691 1630 3743 contrectat
1687 3704 1700 3741 :
1761 3688 1933 3743 hodie

273 3777 691 3849 mysteriorum
723 3776 1037 3831 thesaurus
1068 3775 1577 3832 reseraturzhodie
1607 3793 1742 3832 esca
1769 3793 1934 3848 para-

271 3873 370 3922 tur
399 3865 1094 3937 apostolis,beatitudinis
1124 3881 1332 3936 nempe
1363 3864 1533 3935 panis
1559 3881 1570 3918 :
1608 3864 1779 3920 hodie
1811 3865 1929 3937 spi-

273 3954 507 4010 ritualis
563 3953 810 4010 convivii
866 3953 1160 4025 perceptio
1192 3954 1428 4008 initium
1462 3954 1683 4026 accepit
1716 3973 1727 4009 :
1761 3954 1932 4009 hodie

275 4043 490 4099 dicitur
518 4042 664 4098 illud
700 4059 712 4099 :
749 4065 777 4092 «
813 4043 1587 4114 Accipite,manducate,hoo
1609 4048 1698 4098 est
1717 4061 1930 4116 corpus

277 4149 475 4188 meum
503 4134 575 4188 τί.
619 4155 646 4181 ››
679 4133 921 4189 Crucem
957 4149 1316 4204 praeoccupo,
1353 4132 1649 4204 portiones
1709 4134 1926 4202 divido,

278 4222 431 4278 883
462 4221 854 4278 venditionem
886 4225 1049 4276 tuam
1083 4226 1436 4287 anteverto,o
1465 4221 1930 4292 Juda,eﬂ‘usione

277 4311 606 4385 sanguinis,
631 4327 805 4383 quem
831 4316 891 4366 tu
924 4311 1171 4368 vendere
1203 4328 1373 4383 paras
1406 4328 1419 4368 :
1454 4319 1510 4367 te
1535 4329 1934 4384 preoccupans

276 4401 460 4472 gratis
493 4401 821 4468 distribuo;
853 4416 1048 4456 meum
1081 4401 1354 4472 quippe,o
1384 4400 1775 4472 Juda,corpus
1807 4408 1931 4457 est:

272 4496 442 4545 tuum
477 4495 672 4544 autem
705 4494 795 4545 est
826 4489 1027 4546 osculo
1055 4490 1251 4561 ipsum
1283 4490 1532 4546 vendere
1566 4507 1578 4544 :
1615 4506 1812 4545 meum
1844 4493 1935 4546 est

272 4596 422 4650 opus
452 4578 700 4634 salutem
724 4596 825 4652 per
850 4579 1202 4650 sanguinem
1225 4580 1625 4647 stferre;tuum
1650 4583 1739 4634 est
1759 4596 1930 4651 opus,

275 4667 586 4738 sanguinis
639 4667 987 4723 nundinatio
1045 4667 1180 4722 Lavi
1211 4668 1390 4738 pedes
1419 4671 1554 4722 tuos
1586 4668 1656 4722 ad
1689 4684 1930 4723 cursum

276 4762 482 4812 contra
509 4771 600 4810 me
631 4756 1071 4827 suscipiendum
1107 4756 1471 4810 festinantes.
1535 4755 1742 4811 Manus
1801 4762 1935 4812 tuas

275 4843 560 4901 miracula
615 4845 786 4900 edere
839 4844 1032 4913 docui,
1065 4844 1420 4900 venditionis
1453 4861 1592 4899 meas
1621 4846 1803 4917 pretio
1834 4847 1934 4901 de-

274 4951 532 5007 pressas.
567 4933 852 5004 Accipite,
885 4933 1192 4994 comedite.
1226 4934 1567 4989 antevertite
1619 4935 1934 5005 proditoris

274 5023 633 5081 celeritatem
671 5038 681 5077 :
717 5039 822 5078 esu
872 5022 1090 5078 vincite
1122 5023 1537 5079 venditionem.
1573 5024 1700 5080 Non
1733 5025 1934 5081 differo

276 5113 495 5169 donum
531 5111 862 5186 passionem
895 5117 1258 5184 exspectans,
1292 5130 1405 5168 non
1442 5129 1635 5170 moror
1673 5114 1932 5184 donum;

274 5219 453 5274 prope
485 5219 740 5272 namque
771 5205 860 5258 est
890 5202 1167 5257 venditio.
1204 5202 1534 5274 lmpatibile
1561 5221 1774 5275 corpus
1805 5211 1931 5261 est:

275 5291 735 5365 impatibilitatis
767 5292 1201 5347 comedentium
1234 5294 1306 5347 do
1338 5293 1739 5349 testimonium
1765 5312 1776 5349 :
1801 5312 1937 5365 prae-

274 5383 442 5439 venio
472 5382 752 5438 dantibus
781 5381 1118 5438 Judaeorum
1155 5381 1676 5454 phalangam:dum
1703 5399 1932 5440 crucem

348 5561 393 5597 '“
429 5559 633 5617 Matth.
667 5576 821 5629 xxvr,
847 5560 938 5616 26.

358 5737 472 5812 (15)
506 5737 646 5811 Reg.
679 5735 969 5814 ἀνάγηται.

2053 3060 2294 3138 φροσύνη
2348 3057 2404 3114 δὲ
2451 3068 2548 3129 τῆς
2595 3057 2938 3129 Ἐκκλησίας·
2991 3056 3218 3120 ἐκείνοις
3260 3059 3354 3132 μὶν
3408 3061 3508 3135 γὰρ
3559 3081 3700 3132 συμ-

2051 3151 2240 3228 φορὰν,
2277 3151 2414 3222 ἡμῖν
2466 3145 2524 3203 δὲ
2568 3148 2741 3224 χαρὰν
2795 3148 3168 3221 ἀπεγέννησεν·
3204 3146 3440 3210 ἐκείνους
3489 3149 3700 3220 θανάτῳ

2045 3240 2376 3313 κατέκρισεν,
2409 3241 2542 3310 ἡμῖν
2579 3236 2636 3292 δὲ
2665 3237 2852 3312 ἑορτὰς
2911 3237 3248 3311 προεξένησε.
3293 3239 3545 3311 Σήμερον
3596 3243 3697 3306 τῆς

2045 3327 2348 3397 Ἰουδαϊκῆς
2415 3327 2680 3403 πονηρίας
2736 3327 2797 3382 τὸ
2856 3325 3020 3400 πέρας
3093 3325 3376 3402 ἠλέγχθη,
3435 3326 3524 3381 καὶ
3593 3333 3695 3396 τῆς

2044 3416 2372 3488 δεσποτικῆς
2399 3415 2700 3493 εὐεργεσίας
2729 3414 2816 3470 καὶ
2839 3416 2893 3470 αἱ
2922 3413 3206 3488 λαμπάδες
3228 3415 3566 3492 ἀνήφθησαν.
3589 3417 3696 3485 Σή-

2047 3527 2208 3580 μερον
2241 3506 2292 3561 ἐν
2326 3507 2497 3582 γωνίᾳ
2529 3504 2743 3561 δεῖπνον
2775 3505 3108 3574 σκευάζεται,
3140 3504 3228 3559 καὶ
3274 3508 3341 3578 τῇ
3392 3504 3688 3580 οἰκουμένῃ

2043 3597 2247 3672 γίνεται
2278 3597 2533 3673 τράπεζα·
2569 3597 2807 3670 σήμερον
2839 3602 2940 3664 τῆς
2969 3594 3221 3670 οὐρανίου
3267 3601 3478 3672 τροφῆς
3531 3592 3692 3648 ἄστα-

2042 3707 2143 3762 χυν
2173 3683 2492 3756 ἐϐλάστησε·
2528 3687 2767 3760 σήμερον
2795 3689 2892 3738 τοῦ
2924 3683 3088 3755 ξύλου
3136 3689 3235 3752 τῆς
3281 3690 3491 3762 τρυφῆς
3544 3684 3691 3737 ἀκινο

2042 3774 2218 3837 δύνως
2275 3772 2560 3850 ἅνθρωπος
2619 3776 2859 3829 ἅπτεται·
2920 3775 3160 3848 σήμερον
3209 3777 3316 3827 τῶν
3381 3773 3696 3847 μυστηρίων

2040 3866 2308 3941 ἀνοίγεται
2360 3867 2472 3938 (15)
2525 3863 2832 3940 θησαυρός·
2894 3865 3134 3938 σήμερον
3195 3865 3395 3939 βρῶσις
3457 3861 3698 3917 ἀποστόο

2041 3954 2163 4018 λοις
2195 3955 2583 4030 εὐτρεπίζεται,
2628 3951 3030 4028 μακαριότητος
3079 3951 3261 4027 ἄρτος·
3296 3955 3544 4026 σήμερον
3601 3958 3704 4021 τῆς

2038 4051 2410 4118 πνεδματικῆς
2443 4043 2680 4120 εὐωχίας
2712 4041 3011 4105 ἀπόλαυσις
3063 4039 3308 4118 ἄρχεται·
3346 4043 3585 4114 σήμερον
3639 4041 3701 4095 τὸ

2044 4159 2066 4185 α
2103 4129 2324 4200 Λάϐετε,
2361 4133 2571 4211 φάγετε,
2601 4131 2762 4188 τοῦτό
2815 4153 2919 4206 μου
2965 4131 3076 4186 ἐστὶ
3122 4131 3186 4185 τὸ
3236 4134 3416 4203 σῶμα.
3469 4155 3496 4181 ››
3552 4135 3702 4202 Προ-

2043 4219 2308 4298 λαμϐάνω
2340 4223 2427 4278 τὸν
2476 4224 2724 4298 σταυρὸν,
2760 4220 3060 4296 διαμερίζω
3089 4221 3154 4275 τὰ
3205 4218 3371 4292 μὲλη,
3407 4217 3702 4296 προφθάνω

2045 4334 2140 4367 σου
2196 4313 2295 4381 τὴν
2359 4317 2573 4387 πρᾶσιν,
2607 4308 2803 4379 Ἰούδα,
2834 4313 2903 4383 τῇ
2964 4308 3182 4384 ἐκχύσει
3230 4313 3328 4363 τοῦ
3380 4305 3634 4381 αἵματος,
3668 4306 3700 4363 ὅ

2045 4403 2366 4477 πιπράσκειν
2419 4398 2636 4476 βούλῃ·
2687 4395 3095 4476 προλαμϐάνων
3164 4396 3502 4473 χαρίζομαι·
3568 4395 3700 4470 ἐμὸν

2041 4489 2142 4566 γάρ
2195 4489 2360 4561 ἐστιν,
2391 4487 2589 4556 Ἰούδα,
2620 4489 2682 4544 τὸ
2732 4493 2910 4560 σῶμα·
2945 4492 3042 4542 σοῢ
3093 4484 3150 4542 δὲ
3205 4487 3268 4542 τὸ
3317 4485 3580 4556 πωλῆσαι
3613 4507 3702 4564 φι-

2045 4578 2274 4651 λήματι·
2312 4578 2451 4650 ὲμυῦ
2479 4573 2637 4654 ἔργον
2671 4580 2704 4648 ἡ
2741 4576 2830 4632 διὰ
2876 4575 3107 4649 α’ίματος
3161 4575 3406 4652 σωτηρία
3431 4596 3443 4607 ·
3498 4574 3593 4630 σὸν
3643 4571 3702 4630 δὲ

2044 4666 2196 4744 ἔργον
2239 4670 2273 4737 ἡ
2324 4673 2423 4722 τοῦ
2471 4665 2701 4739 ατίματος
2756 4667 3012 4740 ἐμπορία.
3047 4664 3244 4739 ’Ένιψά
3293 4686 3388 4719 σου
3430 4665 3560 4726 τοὺς
3609 4663 3707 4719 πό·-

2045 4755 2158 4828 δας,
2211 4758 2286 4819 εἰς
2341 4758 2431 4812 τὸν
2476 4759 2594 4813 κατ’
2648 4754 2782 4830 ἐμοῦ
2833 4754 3037 4832 δρόμον
3099 4756 3404 4831 ὁρμῶντας.
3459 4751 3705 4824 Ἐδίδαξα

2044 4852 2234 4923 χεῖρας
2266 4851 2723 4922 θαυματουργεῖν,
2753 4845 2832 4918 τῷ
2859 4851 2958 4914 τῆς
3005 4844 3143 4916 ἐμῆς
3190 4842 3438 4919 πράσεως
3483 4843 3701 4898 κοιλαι-

2043 4935 2274 5008 νομένας
2306 4938 2601 5009 τιμήματι.
2636 4930 2861 5004 Λαϐετε,
2895 4933 3104 5012 φάγετε·
3145 4927 3560 5008 προλαμϐάνετε
3589 4933 3702 5005 (16)

2042 5028 2142 5094 τήν
2164 5030 2261 5080 τοῦ
2293 5023 2568 5101 προδότου
2613 5024 2916 5100 ταχύτητα·
2953 5025 3210 5094 νικήσατε
3253 5023 3352 5091 τὴν
3386 5028 3581 5098 πρᾶσιν
3629 5024 3698 5094 τῇ

2049 5117 2270 5192 βρώσει,
2304 5115 2377 5169 Οὐ
2425 5109 2774 5189 χρονοτριϐὣ
2813 5113 2876 5168 τὸ
2923 5110 3124 5188 δῶρον,
3158 5113 3438 5185 ἀναμένων
3484 5111 3545 5165 τὸ
3595 5108 3697 5163 πά-

2046 5218 2156 5269 θος·
2191 5205 2290 5259 οὐκ
2319 5199 2704 5276 ἀναϐάλλομαι
2747 5204 2848 5272 τήν
2895 5199 3064 5257 δόσιν·
3121 5201 3285 5278 ἐγγὺς
3333 5202 3434 5278 γὰρ
3481 5201 3516 5269 ἡ
3561 5203 3700 5274 πρᾶ-

2047 5316 2150 5356 σις,
2212 5293 2432 5355 Ἀπαθὲς
2491 5295 2602 5347 ἑστι
2658 5293 2720 5347 τὸ
2779 5297 2980 5366 σῶμα·
3040 5293 3345 5368 χαρίζομαι
3418 5297 3520 5358 τῆς
3589 5293 3701 5344 τῶν

2047 5382 2333 5446 ἐσθιόντων
2409 5380 2665 5446 ἀπαθείας
2740 5381 3056 5458 μαρτύριον.
3128 5374 3515 5457 Προλαμϐάνω
3587 5383 3705 5442 τοῖς

2116 5745 2249 5818 (16).
2285 5744 2426 5818 Reg.
2461 5736 2858 5820 προλαμϐάνω.
