4120 6386
375 432 532 493 1049

1659 427 1926 488 SEHMO
1974 427 2050 487 IN
2100 427 2397 489 FERIAM
2444 430 2516 490 V.

3636 426 3795 485 1050

370 561 554 619 ὀδοῦσι
610 566 721 616 τῶν
768 558 1046 617 Ἰοῦδαίων
1093 561 1191 628 τὴν
1241 558 1513 637 φάλαγγα·
1566 555 1666 620 ἔως
1722 560 1812 613 τὸν
1871 579 2012 613 σταυ-

2145 560 2367 617 differo.
2403 562 2691 617 comedite
2720 567 2778 617 et
2806 561 3220 629 vos,comedite
3248 584 3273 611 ‹‹
3306 561 3429 617 Non
3462 563 3549 615 est
3571 560 3793 615 bonum

371 653 463 725 ρὸν
508 651 882 723 ὑπερτίθεμαι,
937 649 1128 725 φάγετε
1180 649 1269 703 καὶ
1326 650 1503 721 ὑμεῖς,
1556 649 1769 722 φάγετε.
1826 674 1850 697 ι(
1907 648 2022 704 Οὐκ

370 739 478 797 ἔστι
514 765 540 792 ›)
579 741 681 815 γὰρ
736 764 762 792 ((
812 735 998 793 λαϐεῖν
1048 739 1138 793 τὸν
1181 735 1339 813 ἄρτον
1382 742 1489 793 τῶν
1518 739 1740 805 τέκνων,
1773 738 1862 791 καὶ
1926 740 2019 811 βα-

373 832 486 887 λεῖν
551 835 671 891 τοῖς
717 829 870 884 κυσὶν
924 854 945 878 ι
1002 826 1305 889 Ἰουδαίοις.
1340 830 1483 884 Ἕως
1513 826 1709 889 ἐκεῖνος
1740 828 1865 888 τοὺς
1896 849 2021 881 συν-

372 918 648 982 αλλακτὰς
713 924 883 989 ζητεῖ,
960 918 1053 973 τὸν
1113 916 1474 987 πωλούμενον
1535 917 1872 993 μαργαρίτην
1926 918 2022 987 ἀρ·-

371 1011 593 1066 πάσατε.

439 1102 492 1154 2.
532 1122 559 1149 ‹‹
594 1097 661 1155 Τί
716 1118 807 1171 μοι
863 1095 1045 1160 θέλετε
1099 1093 1306 1165 δοῦναι,
1356 1095 1510 1171 κάγὼ
1547 1097 1670 1168 ὑμῖν
1703 1095 1860 1149 αὐτὸν
1890 1115 2027 1169 προ-

372 1186 565 1256 δώσως
604 1210 630 1238 ››
663 1186 729 1243 Τί
758 1186 966 1247 πωλεῖς
998 1183 1182 1259 ἄρτον,
1216 1182 1415 1254 Ἰούδα,
1458 1184 1549 1238 τὸν
1598 1182 1706 1254 ἤδη
1756 1188 1824 1257 τῇ
1879 1184 2024 1257 βρώ-

371 1298 451 1332 σει
482 1275 861 1351 παραδοθέντα
890 1294 902 1343 ;
940 1279 1053 1331 Ποῦ
1085 1296 1180 1328 σου
1210 1282 1309 1342 τῆς
1343 1273 1726 1351 φιλοπτωχίας
1758 1275 1809 1327 οἱ
1841 1272 2022 1347 λόγοι·

371 1393 397 1419 α
457 1365 705 1421 Ἐδύνατο
754 1370 919 1420 τοῦτο
978 1371 1250 1439 πραθῆναι
1300 1363 1536 1433 πολλοῦ⁹
1589 1390 1608 1413 ιι
1648 1362 1841 1437 λέγων,
1876 1389 1900 1415 ‹‹
1938 1363 2025 1417 καὶ

378 1454 597 1525 δοθῆναι
632 1460 881 1529 πτωχοῖς
911 1474 924 1521 ;
964 1478 983 1503 ι
1018 1455 1143 1510 ’Ὁτε
1173 1458 1401 1528 γυναῖκα
1435 1453 1625 1527 μύροις
1676 1452 2022 1528 ἀλείφουσαν,

374 1546 463 1600 καὶ
496 1540 987 1618 προλαμϐάνουσαν
1018 1546 1086 1615 τῇ
1120 1542 1297 1617 χρίσει
1328 1542 1419 1595 τὸν
1472 1542 1662 1609 τάφον,
1710 1542 1799 1596 καὶ
1854 1546 2028 1609 ζῶντα

368 1640 637 1709 τιμῶσαν,
689 1631 876 1702 ἐπειδὴ
934 1632 1121 1707 νεκρὸν
1184 1630 1282 1685 οὐκ
1339 1629 1595 1700 ἠδύνατο·
1674 1632 1874 1701 ταύτην
1952 1630 2027 1701 ἐξ-

366 1721 757 1802 υϐρίζεις,τοὺς
783 1730 883 1793 τῆς
918 1719 1303 1799 φιλοπτωχίας
1328 1715 1783 1794 προϐαλλόμενος
1805 1720 2023 1794 νόμους·

368 1838 397 1868 ι(
446 1811 731 1884 Ἢδὺνατο,
788 1811 985 1887 λέγων,
1044 1814 1207 1865 τοῦτο
1265 1812 1555 1883 πραθῆναι·
1621 1834 1649 1860 ››
1726 1808 2024 1882 τουτέστιν,

2134 668 2363 705 sumere
2399 668 2608 721 panem
2640 650 2919 716 filiorum,
2950 656 3004 705 ct
3038 652 3268 705 mittere
3286 650 3530 705 canibus
3561 650 3606 683 τί
3640 672 3665 697 ‹‹
3689 648 3793 703 Ju-

2136 741 2299 795 daeis.
2337 746 2483 794 Dum
2522 740 2617 795 ille
2649 742 2860 811 quaerit
2890 741 3245 812 quibuscum
3299 738 3645 810 paciscatur,
3691 754 3793 792 vos

2134 831 2435 886 venditem
2469 830 2656 901 rapite
2687 831 3086 901 margaritam.

2208 1102 2262 1155 2.
2296 1122 2322 1149 «
2378 1100 2523 1165 Quid
2579 1099 2753 1155 vultis
2803 1100 2949 1155 mihi
3004 1100 3162 1165 dare,
3213 1103 3270 1154 et
3316 1115 3419 1169 ego
3450 1098 3609 1153 vobis
3656 1115 3790 1153 eum

2135 1190 2367 1245 tradam
2396 1190 2490 1244 73?
2520 1213 2546 1239 »
2577 1190 2691 1246 Cur
2722 1207 2930 1261 panem
2966 1189 3191 1254 vendis,
3222 1205 3253 1243 ο
3305 1187 3474 1257 Juda,
3515 1189 3640 1258 jam
3689 1205 3791 1258 pro

2137 1280 2266 1335 cibo
2301 1278 2684 1335 distributum
2708 1280 2735 1334 ?
2765 1280 3054 1342 Quorsum
3087 1280 3282 1334 abiere
3313 1278 3482 1333 verba
3503 1277 3604 1332 illa
3634 1295 3792 1333 amo-

2138 1372 2220 1425 ris
2253 1386 2391 1441 erga
2422 1386 2708 1440 pauperes
2741 1369 2990 1424 indicia:
3025 1368 3262 1423 «Potuit
3287 1368 3442 1422 istud
3468 1368 3793 1422 venundari

2138 1459 2346 1526 multo,
2380 1464 2438 1514 et
2468 1460 2591 1514 dari
2626 1459 2981 1531 pauperibus
3011 1461 3056 1494 7‘
3077 1459 3104 1512 ?
3135 1481 3164 1509 «
3195 1458 3340 1513 Cum
3362 1456 3664 1513 mulierem
3688 1474 3790 1511 un-

2137 1549 2370 1621 guenlis
2410 1549 2724 1604 Dominum
2777 1549 3247 1618 perfundentem,
3297 1552 3473 1619 atque
3514 1547 3792 1601 unctione

2137 1639 2503 1711 sepulturam
2537 1639 3007 1710 przevenientem,
3038 1639 3282 1709 vivoque
3316 1637 3597 1693 honorem
3628 1638 3792 1693 exhi-

2136 1730 2396 1794 bentem,
2432 1729 2585 1799 quod
2622 1734 2849 1783 mortuo
2882 1745 2995 1782 non
3032 1732 3297 1799 poterat;
3333 1743 3483 1795 eam,
3519 1728 3788 1798 inquam,

2137 1817 2493 1874 contumelia
2524 1816 2733 1886 efﬁcis,
2766 1817 3072 1888 legemque
3095 1816 3409 1889 praetendis
3441 1816 3793 1889 studii'erga

368 1901 607 1974 ἠδύνατο
663 1902 752 1957 καὶ
799 1906 961 1956 τοῦτο
1028 1901 1163 1972 μετὰ
1208 1898 1405 1953 τούτου
1463 1900 1751 1972 πραθὶναι.
1814 1901 2012 1955 Ἔστω·

2139 1924 2442 1981 pauperes.
2522 1929 2548 1957 «
2624 1907 2842 1970 Potuit,
2923 1906 3024 1974 ait,
3086 1906 3243 1961 istud
3315 1905 3639 1960 venundari
3689 1924 3707 1960 :
3761 1927 3788 1955 »

370 1993 635 2072 φονεύεις,
713 1988 840 2046 οὐδὲ
915 1990 1203 2044 θάπτεσθαι
1278 1986 1556 2056 κελεύεις;
1630 1989 1827 2042 Ἔστω·
1887 1988 2023 2060 αἷμα

356 2084 593 2153 πωλεῖς,
626 2080 678 2137 τί
706 2081 795 2136 καὶ
825 2081 889 2135 τὸ
931 2078 1180 2152 ἄλειμμα
1229 2080 1588 2153 πιπράσκεις;
1641 2084 1707 2131 Ὤ
1758 2077 2020 2153 φιλαργυ-

362 2172 481 2248 ρίας
528 2169 912 2249 φιλοπτωχίας
965 2165 1293 2240 ἐνδυομένης
1355 2168 1737 2241 προσωπεῖονί
1793 2173 1859 2220 Ὤ
1921 2170 2019 2235 τῆς

361 2261 749 2337 μισανθρώπου
802 2256 1255 2336 φιλανθρωπίαςί
1306 2253 1543 2324 ἠδύνατο
1592 2259 1753 2310 τοῦτο
1805 2263 2017 2329 πραθῆ-

354 2372 466 2419 ναι,
523 2349 614 2405 καὶ
665 2347 890 2418 δοθῆναι
952 2352 1224 2422 πτωχοῖς.
1296 2343 1557 2415 Κάπηλος
1633 2343 2014 2421 φιλοπτωχίας

358 2437 709 2510 Ἰούδας,καὶ
748 2438 880 2493 αὐτὸ
933 2444 1034 2506 τῆς
1087 2434 1474 2514 φιλοπτωχίας
1517 2435 1579 2488 τὸ
1628 2441 1822 2509 σχῆμα
1878 2455 2015 2510 πρα-

364 2529 794 2607 γματευόμενος.
827 2525 985 2583 Ἀλλ’
1010 2524 1109 2580 οὐκ
1138 2524 1401 2595 ἠτόνησεν
1431 2526 1465 2594 ἡ
1495 2528 1593 2578 τοῦ
1625 2530 1886 2597 Σωτῆρος
1918 2545 2016 2595 μα-

360 2619 633 2695 κροθυμία
708 2616 953 2672 ἐκτείνειν
1018 2614 1150 2687 μετὰ
1205 2618 1303 2669 τοῦ
1364 2614 1611 2691 σφαγέως
1669 2614 1767 2681 τὴν
1828 2619 2006 2689 χεῖρα.

358 2708 632 2763 Συνεσθίει
702 2705 782 2779 τῷ
852 2702 1114 2779 προδότῃ,
1203 2701 1468 2758 δυσωπῶν
1521 2703 1619 2769 τὴν
1674 2702 2009 2777 προαίρεσιν,

357 2795 706 2855 Ἑπιδίδωσιν
762 2793 946 2869 ἄρτον,
1005 2794 1094 2848 καὶ
1151 2793 1335 2870 τρέφει
1400 2792 1492 2846 τὸν
1565 2790 1865 2867 ἀναιρέτην·
1921 2792 2009 2846 καὶ

352 2890 453 2957 τὴν
515 2888 656 2945 Νέαν
709 2886 979 2955 Διαθήκην
1032 2882 1119 2937 ἐπὶ
1181 2882 1452 2956 τραπέζης
1511 2880 1853 2959 ἀναγράφων,
1914 2881 2014 2937 οὐκ

357 2978 647 3051 ἀποστερεῖ
676 2981 773 3043 τῆς
807 2972 1182 3049 κληρονομίας
1213 2973 1306 3026 τὸν
1348 2968 1643 3043 προδόντα,
1693 2972 1782 3025 καὶ
1831 2968 2007 3025 διαθέ-

365 3088 523 3139 μενος
582 3065 682 3120 ούκ
728 3064 1016 3138 ἀποστερεῖ
1086 3066 1184 3116 τοῦ
1245 3062 1439 3134 μέρους
1493 3060 1584 3114 τὸν
1643 3060 1777 3132 μετὰ
1830 3061 2007 3135 βραχὺ

356 3153 750 3233 παραδιδόντα.
787 3150 940 3209 Ἀλλ’
972 3150 1072 3206 οὐκ
1100 3147 1330 3228 ὣιρειλεν
1362 3150 1389 3203 ὁ
1419 3147 1627 3226 κληρος
1658 3151 1748 3204 τὸν
1781 3149 2004 3226 τρόπον·

354 3247 390 3316 ἠ
422 3246 557 3318 τιμή
589 3244 688 3312 τὴν
749 3242 977 3317 γνώμην
1012 3239 1073 3294 οὐ
1110 3234 1426 3312 μετέϐαλεν·
1478 3238 1549 3300 ὡς
1596 3239 1695 3314 γὰρ
1738 3235 1900 3294 ἔλαϐε
1943 3240 2007 3294 τὸ

359 3334 599 3408 ψωμίον,
632 3332 878 3401 εἰσῆλθεν
910 3332 938 3386 ὁ
970 3335 1205 3390 Σατανᾶς
1244 3328 1319 3391 εἰς
1369 3327 1550 3384 αὐτόν.
1598 3329 1659 3383 Ἠ
1707 3334 1802 3383 τοῦ
1831 3327 2009 3387 Ἰούδα

359 3423 668 3499 προαίρεσις
695 3426 792 3477 τοῦ
826 3414 1088 3474 διαϐόλου
1137 3424 1355 3486 κλῆσις·
1400 3416 1461 3471 ού
1506 3418 1607 3493 γὰρ
1658 3415 1848 3479 ἁπλῶς
1900 3419 2009 3473 εἷ’σ-

355 3512 541 3582 ἦλθεν,
576 3509 703 3565 ἀλλ’
734 3507 852 3586 εὗρε
881 3509 944 3563 τὸ
974 3514 1072 3578 τῆς
1103 3509 1287 3581 ψυχῆς
1319 3507 1680 3582 καταγώγιον·
1717 3508 1837 3581 εὗρε
1866 3508 2007 3582 γνώ-

358 3624 465 3674 μην
492 3596 799 3670 ἐπιτηδείαν
834 3598 970 3674 πρὸς
995 3597 1286 3652 οἷκείωσιν·
1314 3594 1433 3670 εὗρε
1461 3595 1853 3671 σεσαρωμένον·
1890 3596 2009 3671 εὗρε

348 3690 691 3763 ποθούμενον
748 3689 941 3755 πάθος,
991 3687 1081 3742 καὶ
1124 3687 1216 3741 τὸν
1260 3688 1408 3740 οἷκον
1464 3685 1563 3739 οὐκ
1611 3681 1827 3764 ἔφυγεν·
1858 3687 2005 3763 εὗρεν

352 3778 550 3849 ὅπλον,
585 3780 631 3850 ᾧ
663 3778 1014 3854 χρησάμενος
1044 3774 1435 3850 παρατάξηται.

2134 1997 2243 2051 hoc
2272 1999 2380 2062 est,
2416 1995 2605 2067 potuit
2634 2000 2691 2050 et
2723 1996 2877 2050 istud
2928 2012 3047 2050 una
3092 2012 3225 2050 cum
3274 1995 3400 2065 ipso
3443 1994 3787 2049 venundari.

2133 2086 2288 2153 Esto,
2322 2085 2561 2155 occidis,
2595 2102 2666 2139 an
2701 2100 2934 2156 quoque
2966 2083 3199 2156 sepeliri
3230 2089 3389 2139 vetas
3419 2083 3446 2137 7
3476 2084 3788 2150 Esto,san-

2130 2176 2371 2247 guinem
2420 2174 2647 2239 vendis,
2692 2191 2797 2229 cur
2842 2178 2900 2228 et
2950 2178 3320 2245 unguentum
3354 2172 3711 2228 venundas‘?
3742 2172 3786 2228 Ο

2128 2263 2433 2319 avaritiam
2466 2280 2591 2334 qua:
2624 2279 2948 2335 pauperum
2972 2264 3189 2318 amoris
3211 2261 3431 2317 larvam
3465 2262 3733 2318 assumit!
3755 2280 3787 2318 ο

2128 2352 2514 2407 inhumanam
2547 2352 2975 2407 humanitatem
3002 2351 3014 2406 l
3054 2351 3245 2406 Potuit
3274 2350 3434 2406 istud
3459 2351 3785 2406 venundari

2126 2446 2184 2497 et
2215 2440 2341 2496 dari
2372 2440 2753 2512 pauperibus.
2787 2446 3057 2496 Amorem
3091 2455 3417 2512 pauperum
3447 2440 3647 2495 vendit
3673 2440 3783 2495 Ju-

2126 2531 2253 2600 das,
2286 2534 2344 2585 et
2376 2530 2569 2600 ipsam
2603 2529 3022 2585 misericordiae
3053 2545 3189 2601 erga
3207 2545 3489 2600 pauperes
3520 2528 3779 2600 speciem

2124 2620 2478 2691 negotiatur.
2513 2624 2588 2674 At
2637 2620 2950 2675 Salvatoris
2998 2619 3405 2691 aequanimitas
3455 2617 3602 2673 nihil
3654 2619 3783 2675 ideo

2122 2708 2371 2765 remissa
2401 2713 2510 2772 est,
2544 2712 2609 2763 ut
2639 2709 2814 2764 etiam
2846 2726 2979 2764 cum
3009 2708 3302 2781 parricida
3329 2724 3570 2763 manum
3586 2713 3783 2764 exten-

2122 2799 2305 2853 deret.
2340 2797 2467 2853 Una
2496 2815 2630 2853 cum
2663 2798 2957 2870 proditore
2984 2798 3349 2863 comedebat,
3404 2801 3463 2852 ut
3514 2796 3598 2852 illi
3651 2814 3781 2868 pro-

2123 2886 2296 2957 positi
2327 2888 2419 2943 sui
2448 2888 2731 2958 pudorem
2766 2887 3015 2942 aﬂ‘erret.
3055 2888 3266 2942 Panem
3300 2886 3564 2958 porrigit,
3600 2886 3777 2942 inter-

2123 2977 2518 3047 fectoremque
2574 2976 2805 3030 nutrit:
2842 2993 2907 3030 ac
2955 2976 3179 3031 Novum
3226 2976 3670 3031 Testamentum
3718 2976 3774 3029 in

2121 3082 2326 3121 mensa
2358 3065 2743 3137 perscribens,
2776 3065 3127 3136 proditorem
3162 3080 3532 3136 nequaquam
3590 3064 3777 3136 privat

2119 3154 2452 3210 haereditate
2477 3172 2570 3210 :ac
2603 3154 2743 3209 dum
2758 3155 3199 3210 Testamentum
3226 3153 3563 3222 tradit,eum
3589 3154 3687 3223 qui
3714 3170 3776 3209 se

2123 3261 2257 3300 mox
2289 3245 2617 3299 traditurus
2647 3249 2735 3299 est
2767 3263 2799 3299 a
2827 3262 2933 3299 sua
2967 3249 3127 3315 parte
3159 3260 3274 3297 non
3306 3243 3620 3315 abigit.Sed
3647 3259 3773 3297 sors

2123 3333 2223 3388 illa
2255 3350 2629 3405 nequaquam
2665 3351 2857 3388 mores
2888 3334 3036 3404 ejus,
3072 3350 3174 3388 nec
3208 3332 3392 3387 honor
3421 3332 3770 3387 sententiam

2122 3421 2383 3477 mutavit.
2420 3423 2563 3476 Nam
2596 3421 2774 3476 simul
2824 3427 3000 3493 atque
3038 3421 3355 3476 buccellam
3404 3420 3644 3491 accepit,
3678 3420 3771 3475 in-

2119 3511 2294 3567 travit
2325 3512 2569 3567 Satanas
2601 3510 2659 3566 in
2694 3510 3083 3583 ipsumJudae
3116 3511 3476 3583 prepositum
3507 3514 3632 3565 erat
3653 3510 3773 3565 dia-

2119 3600 2238 3657 boli
2272 3601 2559 3656 invitatio.
2592 3601 2716 3656 Non
2749 3601 2905 3655 enim
2948 3601 3118 3656 modo
3160 3601 3460 3671 ingressus
3508 3604 3616 3668 est,
3671 3600 3771 3655 sed

2116 3690 2342 3746 invenit
2373 3690 2581 3746 animm
2614 3691 3005 3747 diversorium
3040 3709 3053 3746 :
3086 3690 3304 3745 invenit
3352 3694 3603 3745 mentem
3657 3689 3770 3745 sibi

2118 3780 2191 3834 ad
2223 3779 2614 3836 habitandum
2649 3780 3111 3848 accommodem,
3158 3778 3379 3835 invenit
3420 3795 3549 3834 eam
3581 3778 3772 3850 scopis

346 3870 708 3926 mundatam
742 3885 757 3925 :
790 3865 1015 3922 invenit
1048 3865 1449 3921 desideratum
1484 3865 1596 3921 sibi
1629 3866 1925 3934 affectum,
1987 3883 2091 3923 nec
2124 3867 2368 3924 domum
2402 3875 2704 3925 aversatus
2735 3874 2824 3925 est
2860 3886 2872 3924 :
2925 3868 3147 3924 invenit
3191 3867 3398 3938 telum,
3448 3884 3563 3940 quo
3601 3884 3775 3954 usus,

356 3959 542 4016 aciem
574 3958 908 4013 instrueret.

421 4051 471 4105 3.
512 4071 541 4099 «
575 4045 643 4103 Τί
679 4066 772 4119 μοι
821 4042 1005 4099 θέλετε
1051 4039 1235 4097 δοῦναι
1265 4061 1278 4111 ;
1314 4066 1341 4093 ››
1380 4040 1660 4114 ΙΙειράζων
1695 4043 1787 4115 μὲν
1817 4046 1845 4098 ὁ
1887 4041 2003 4097 διά-

350 4132 519 4198 ϐολος
568 4136 660 4189 τὸν
712 4132 908 4209 Κύριον
961 4132 1095 4187 εἶπε·
1152 4157 1178 4183 ‹‹
1239 4135 1414 4186 Ταῦτα
1444 4129 1613 4186 πάντα
1644 4153 1727 4186 σοι
1761 4132 1939 4186 δώσω.
1978 4156 2005 4182 ››

355 4230 460 4280 Νῦν
520 4222 578 4279 δὲ
638 4220 839 4285 Ἰούδας
901 4222 1021 4297 βοᾷ·
1078 4220 1136 4275 Τί
1187 4218 1369 4284 θέλετε
1438 4217 1669 4277 δοῦναιί
1732 4223 1795 4274 ’Ὠ
1855 4220 2007 4296 ρημά

354 4336 463 4369 των
505 4314 595 4368 καὶ
650 4313 868 4389 τρόπων
930 4311 1251 4386 συγγένεια;
1306 4305 1350 4364 ὤ
1406 4309 1694 4387 συμφωνία
1743 4305 2005 4365 διαϐόλου

349 4402 519 4459 πάλαι
555 4400 948 4475 μελετηθεῖσαί
983 4398 1056 4454 Ού
1088 4398 1258 4473 λέγει,
1288 4398 1340 4454 τί
1374 4416 1467 4472 μοι
1515 4396 1737 4454 δύνασθε
1781 4397 2002 4469 δοῦναι;

354 4494 440 4554 Ὠς
466 4489 666 4547 εὔωνον
717 4488 921 4563 κτίσμα
961 4490 1053 4544 τὸν
1104 4486 1370 4559 δεσπότην
1405 4489 1746 4565 προτίθησιν·
1783 4491 1857 4551 ὡς
1892 4486 2003 4545 ἅτι-

359 4603 459 4655 μον
488 4585 768 4655 συμφωνεῖ
796 4579 887 4635 τὸν
919 4579 1206 4651 ἀτίμητον.
1240 4577 1300 4632 Τί
1327 4583 1545 4633 τοιοῦτο
1591 4579 1652 4633 οὐ
1685 4574 2004 4652 λαμϐάνεις,

2187 4048 2240 4101 3.
2261 4070 2287 4097 ‹‹
2322 4047 2469 4111 Quid
2492 4046 2667 4102 vultis
2705 4048 2849 4102 mihi
2889 4047 3121 4103 dare?»
3160 4046 3437 4103 Diabolus
3476 4062 3609 4101 cum
3659 4046 3772 4101 Do-

2119 4138 2345 4191 minum
2382 4140 2652 4205 tentaret,
2687 4134 2767 4189 ait
2798 4153 2815 4188 .·
2850 4158 2875 4185 (ς
2910 4140 3039 4190 Haec
3070 4136 3268 4191 omnia
3303 4136 3407 4190 tibi
3448 4135 3599 4190 dabo
3629 4134 3698 4189 ⁷⁵.
3742 4159 3769 4185 ››

2117 4226 2283 4280 Nunc
2313 4229 2509 4281 autem
2543 4223 2760 4279 clamat
2790 4225 2976 4281 Judas
3006 4240 3019 4280 :
3056 4225 3201 4287 Quid
3236 4224 3413 4279 vultis
3446 4223 3775 4279 mihidare‘?

2116 4314 2159 4370 Ο
2190 4315 2501 4369 verborum
2537 4330 2887 4384 morumque
2942 4314 3329 4368 afﬁnitatem!
3365 4330 3397 4367 0
3447 4328 3772 4368 consensus

2116 4421 2248 4460 cum
2282 4401 2682 4471 diabolo,jam
2732 4401 2871 4457 olim
2924 4401 3242 4457 meditatus
3277 4400 3289 4455 Ι
3325 4402 3446 4457 Νοι]
3497 4402 3577 4455 ait
3626 4401 3766 4472 quid

2117 4492 2363 4565 potestis
2394 4491 2534 4546 mihi
2569 4491 2706 4545 dare
2736 4491 2763 4545 ?
2795 4490 3110 4546 Dominum
3144 4490 3310 4561 quasi
3336 4488 3431 4544 vili
3466 4490 3649 4561 pretio
3677 4507 3766 4544 ce-

2117 4582 2373 4638 dendum
2400 4580 2706 4653 proponit:
2738 4580 2901 4650 quasi
2920 4579 3138 4635 nullius
3163 4579 3328 4651 pretii
3349 4584 3505 4634 esset
3529 4579 3768 4650 pacisci-

356 4671 469 4726 οἷον
504 4669 692 4739 δίδως,
746 4666 958 4737 Ἰούδα;
990 4667 1332 4741 ’Δπόμνησον
1371 4669 1589 4722 σεαυτὸν
1614 4672 1722 4723 τῶν
1765 4674 1862 4723 τοῦ
1916 4691 2005 4724 πι-

2127 4677 2216 4728 tur
2245 4672 2315 4728 de
2347 4687 2412 4725 eo
2446 4670 2542 4742 qui
2579 4668 2739 4724 nullo
2770 4668 2955 4740 pretio
3003 4668 3347 4724 aestimatur.
3394 4668 3605 4734 Quidni
3640 4673 3768 4724 tan-

360 4761 738 4838 πρασκομένου
771 4758 1086 4832 θαυμάτων,
1134 4758 1224 4811 καὶ
1252 4757 1377 4813 τότε
1425 4758 1710 4834 ἀναλόγως
1740 4760 1831 4814 τὸν
1885 4762 2012 4814 θαυ-

365 4850 669 4926 ματουργὸν
699 4847 1000 4920 καπήλευε.
1035 4844 1231 4916 Βάδιζε
1265 4847 1399 4923 πρὸς
1454 4848 1544 4901 τὸν
1605 4846 1826 4922 λεπρόν·
1887 4851 2013 4925 παρ’

358 4937 563 4994 ἐκείνου
621 4935 877 4993 διδάσκου
930 4937 1028 5005 τὴν
1076 4943 1177 5007 τῆς
1210 4934 1445 5011 ἷάτρείας
1477 4935 1768 5002 ποσότητα.
1804 4937 2013 5010 Ἐρώτα

353 5027 619 5105 τυφλοὺς,
653 5027 797 5089 τίνος
828 5026 972 5097 ἀξίαν
1005 5028 1269 5102 ἡγοῦνται
1301 5025 1399 5094 τὴν
1452 5024 1609 5079 ἴασιν.
1662 5026 1873 5097 Ἐρώτα
1921 5027 2011 5081 τὸν

353 5119 624 5195 Λάζαρον,
681 5116 855 5172 πόσου
927 5122 1149 5189 τιμᾶται
1206 5116 1302 5183 τήν
1366 5118 1462 5169 τοῦ
1520 5113 1749 5179 θανάτου
1807 5117 2007 5192 φυγήν.

355 5206 600 5278 Ἐξέταζε
628 5206 722 5262 τὸν
756 5204 1068 5280 παράλυτον
1098 5205 1189 5259 τὸν
1221 5208 1318 5259 τοῦ
1350 5203 1555 5280 χρόνου
1606 5203 1695 5258 καὶ
1744 5210 1842 5273 τῆς
1895 5203 2010 5259 κλί·

353 5318 453 5367 νης
486 5293 575 5351 διὰ
619 5296 684 5351 τὸ
729 5295 899 5357 πάθος
946 5291 1254 5367 δεσμώτην.
1307 5292 1712 5367 Ζυγοστάτησον
1773 5294 1865 5355 τὰς
1916 5293 2008 5349 αύ-

349 5384 671 5462 τοσχεδίους
722 5384 774 5440 ἐν
831 5383 1025 5457 ἐρήμῳ
1070 5383 1357 5458 τραπέζας.
1413 5383 1745 5455 Διατίμησον
1794 5384 1885 5438 τὸν
1920 5382 2006 5438 ἐπὶ

351 5480 459 5530 τῶν
515 5474 771 5549 κυμάτων
818 5472 1137 5549 περίπατον,
1178 5475 1274 5536 τὰς
1320 5479 1422 5541 τῆς
1472 5471 1747 5543 θαλάσσης
1777 5473 1867 5527 καὶ
1897 5478 2005 5528 τῶν

352 5563 565 5638 ἀνέμων
619 5562 985 5634 ἐπιτιμήσεις·
1046 5561 1142 5624 τὰς
1199 5566 1306 5616 τῶν
1359 5558 1771 5634 δαιμονιώντων
1855 5563 2008 5637 θερα-

429 5765 485 5801 ⁷³
504 5762 709 5821 Matth.
741 5777 836 5832 xv,
863 5761 954 5815 26.
1030 5760 1076 5795 ⁷⁸
1106 5758 1311 5817 Matth.
1344 5776 1497 5831 xxvr,
1529 5761 1615 5818 15.
1693 5759 1737 5794 ⁷⁸
1767 5759 1910 5831 ibid,
1942 5761 1997 5816 9.

2120 4762 2384 4818 tumdem
2415 4760 2633 4831 accipis
2656 4762 2947 4830 quantum
2966 4758 3213 4826 tradis,o
3239 4758 3393 4814 Juda
3416 4758 3443 4812 ?
3479 4764 3538 4813 ln
3559 4774 3773 4814 memo-

2120 4852 2210 4906 ria
2239 4866 2441 4905 revoca
2477 4848 2758 4903 miracula
2780 4849 2907 4918 ejus
2930 4864 3103 4920 quem
3128 4848 3474 4904 venditurus
3504 4854 3771 4919 es,atque

2121 4944 2261 4995 tunc
2284 4941 2442 5010 justo
2457 4939 2642 5010 pretio
2658 4937 3081 4993 miraculorum
3102 4948 3397 4994 auctorem
3420 4938 3767 4992 nundinare.

2122 5030 2439 5102 Leprosum
2474 5027 2773 5100 adi,atque
2788 5026 2972 5082 abillo
2995 5029 3188 5084 edisce
3205 5028 3409 5099 quanti
3424 5028 3499 5083 sit
3519 5026 3764 5083 curatio.

2120 5119 2421 5189 Interroga
2445 5134 2649 5183 cacos,
2684 5116 3271 5188 quanticurationem
3286 5115 3580 5171 aestiment
3599 5132 3769 5171 suam

2119 5206 2432 5262 Sciscitare
2463 5224 2496 5261 a
2528 5207 2762 5271 Lazaro,
2797 5205 3003 5277 quanti
3036 5205 3448 5260 aestimandum
3481 5205 3579 5271 sit,
3614 5206 3766 5276 quod

2119 5300 2367 5351 mortem
2401 5295 2500 5351 ille
2530 5294 3053 5365 evaserit.Exquire
3086 5312 3118 5348 a
3152 5294 3439 5365 paralyco,
3472 5310 3644 5363 quem
3668 5295 3767 5351 diu

2119 5388 2355 5441 morbus
2386 5385 2444 5439 in
2478 5384 2624 5440 lecto
2656 5385 2915 5438 vinctum
2947 5383 3317 5439 detinuerat:
3352 5384 3643 5454 perpende
3667 5385 3742 5438 mi

2117 5474 2177 5529 hi
2212 5475 2439 5529 subitas
2462 5473 2592 5529 illas
2622 5474 2678 5528 in
2713 5490 2909 5529 eremo
2940 5472 3237 5543 appositas
3263 5474 3769 5529 mensas./Estima

2118 5564 2577 5620 ambulationem
2613 5581 2791 5635 supra
2824 5562 3055 5629 ﬂuctus,
3085 5562 3513 5632 increpationes
3542 5564 3684 5618 mari
3706 5580 3771 5617 ac

2073 5760 2119 5797 ⁷⁸
2147 5760 2354 5818 Matth.
2387 5776 2466 5829 ιν,
2484 5762 2538 5815 9.
