  <div class='ocr_page' id='page_1' title='image "/cluster/home/n/w/nwhite01/storage/ocr_20150623/28:no.4/coo.31924054873090/539.png"; bbox 0 0 4120 6382; ppageno 0'>
   <div class='ocr_carea' id='block_1_1' title="bbox 311 364 464 463">
    <p class='ocr_par' dir='ltr' id='par_1_1' title="bbox 311 364 464 463">
     <span class='ocr_line' id='line_1_1' title="bbox 311 364 464 463; baseline 0.026 -4"><span class='ocrx_word' id='word_1_1' title='bbox 311 364 464 463; x_wconf 68' lang='grc' dir='ltr'>ιοδι</span> 
     </span>
    </p>
   </div>
   <div class='ocr_carea' id='block_1_2' title="bbox 1479 411 2557 474">
    <p class='ocr_par' dir='ltr' id='par_1_2' title="bbox 1479 411 2557 474">
     <span class='ocr_line' id='line_1_2' title="bbox 1479 411 2557 474; baseline -0.001 -3"><span class='ocrx_word' id='word_1_2' title='bbox 1479 412 1542 472; x_wconf 88' lang='lat' dir='ltr'>S.</span> <span class='ocrx_word' id='word_1_3' title='bbox 1591 413 2112 474; x_wconf 82' lang='lat' dir='ltr'>ATHANASIUS.</span> <span class='ocrx_word' id='word_1_4' title='bbox 2143 446 2218 455; x_wconf 96' lang='lat'><strong><em>—</em></strong></span> <span class='ocrx_word' id='word_1_5' title='bbox 2249 411 2557 472; x_wconf 77' lang='lat' dir='ltr'>SPURlA.</span> 
     </span>
    </p>
   </div>
   <div class='ocr_carea' id='block_1_3' title="bbox 3581 409 3735 469">
    <p class='ocr_par' dir='ltr' id='par_1_3' title="bbox 3581 409 3735 469">
     <span class='ocr_line' id='line_1_3' title="bbox 3581 409 3735 469; baseline -0.019 0"><span class='ocrx_word' id='word_1_6' title='bbox 3581 409 3735 469; x_wconf 72' lang='grc'>1052</span> 
     </span>
    </p>
   </div>
   <div class='ocr_carea' id='block_1_4' title="bbox 310 534 1962 615">
    <p class='ocr_par' dir='ltr' id='par_1_4' title="bbox 310 534 1962 600">
     <span class='ocr_line' id='line_1_4' title="bbox 310 534 1962 600; baseline 0.008 -14"><span class='ocrx_word' id='word_1_7' title='bbox 310 535 504 590; x_wconf 87' lang='lat' dir='ltr'>ventis</span> <span class='ocrx_word' id='word_1_8' title='bbox 536 534 714 592; x_wconf 78' lang='lat' dir='ltr'>factas</span> <span class='ocrx_word' id='word_1_9' title='bbox 747 554 758 592; x_wconf 94' lang='lat'>:</span> <span class='ocrx_word' id='word_1_10' title='bbox 792 537 1099 595; x_wconf 84' lang='lat' dir='ltr'>considera</span> <span class='ocrx_word' id='word_1_11' title='bbox 1124 539 1403 598; x_wconf 87' lang='lat' dir='ltr'>liberatos</span> <span class='ocrx_word' id='word_1_12' title='bbox 1434 544 1962 600; x_wconf 57' lang='lat' dir='ltr'>damoniacosﬂo-</span> 
     </span>
    </p>
   </div>
   <div class='ocr_carea' id='block_1_5' title="bbox 2076 534 3730 615">
    <p class='ocr_par' dir='ltr' id='par_1_5' title="bbox 2084 537 3730 615">
     <span class='ocr_line' id='line_1_5' title="bbox 2084 537 3730 615; baseline -0.001 -19"><span class='ocrx_word' id='word_1_13' title='bbox 2084 541 2238 604; x_wconf 88' lang='grc' dir='ltr'>πείας</span> <span class='ocrx_word' id='word_1_14' title='bbox 2271 540 2573 615; x_wconf 82' lang='grc' dir='ltr'>ἐπισκεψαι.</span> <span class='ocrx_word' id='word_1_15' title='bbox 2598 542 2810 596; x_wconf 81' lang='grc' dir='ltr'>Τούτων</span> <span class='ocrx_word' id='word_1_16' title='bbox 2847 540 3095 595; x_wconf 80' lang='grc' dir='ltr'>ἁπάντων</span> <span class='ocrx_word' id='word_1_17' title='bbox 3128 537 3451 610; x_wconf 75' lang='grc' dir='ltr'>ἐπιλήσμων</span> <span class='ocrx_word' id='word_1_18' title='bbox 3503 537 3730 614; x_wconf 82' lang='grc' dir='ltr'>γενόμε-</span> 
     </span>
    </p>
   </div>
   <div class='ocr_carea' id='block_1_6' title="bbox 311 623 1964 706">
    <p class='ocr_par' dir='ltr' id='par_1_6' title="bbox 311 623 1964 706">
     <span class='ocr_line' id='line_1_6' title="bbox 311 623 1964 706; baseline 0.008 -30"><span class='ocrx_word' id='word_1_19' title='bbox 311 640 442 678; x_wconf 92' lang='lat' dir='ltr'>rum</span> <span class='ocrx_word' id='word_1_20' title='bbox 475 623 790 680; x_wconf 88' lang='lat' dir='ltr'>immemor</span> <span class='ocrx_word' id='word_1_21' title='bbox 818 629 1103 696; x_wconf 88' lang='lat' dir='ltr'>omnium,</span> <span class='ocrx_word' id='word_1_22' title='bbox 1133 647 1247 686; x_wconf 90' lang='lat' dir='ltr'>non</span> <span class='ocrx_word' id='word_1_23' title='bbox 1280 637 1470 687; x_wconf 91' lang='lat' dir='ltr'>tecum</span> <span class='ocrx_word' id='word_1_24' title='bbox 1518 639 1753 706; x_wconf 80' lang='lat' dir='ltr'>reputas</span> <span class='ocrx_word' id='word_1_25' title='bbox 1790 651 1964 705; x_wconf 87' lang='lat' dir='ltr'>quem</span> 
     </span>
    </p>
   </div>
   <div class='ocr_carea' id='block_1_7' title="bbox 313 715 554 770">
    <p class='ocr_par' dir='ltr' id='par_1_7' title="bbox 313 715 554 770">
     <span class='ocr_line' id='line_1_7' title="bbox 313 715 554 770; baseline 0.017 -4"><span class='ocrx_word' id='word_1_26' title='bbox 313 715 554 770; x_wconf 81' lang='lat' dir='ltr'>vendas.</span> 
     </span>
    </p>
   </div>
   <div class='ocr_carea' id='block_1_8' title="bbox 381 804 1962 884">
    <p class='ocr_par' dir='ltr' id='par_1_8' title="bbox 381 804 1962 884">
     <span class='ocr_line' id='line_1_8' title="bbox 381 804 1962 884; baseline 0.007 -26"><span class='ocrx_word' id='word_1_27' title='bbox 381 805 431 858; x_wconf 82' lang='grc'>4.</span> <span class='ocrx_word' id='word_1_28' title='bbox 473 825 499 855; x_wconf 78' lang='grc' dir='ltr'>ιι</span> <span class='ocrx_word' id='word_1_29' title='bbox 532 809 602 858; x_wconf 86' lang='lat' dir='ltr'>At</span> <span class='ocrx_word' id='word_1_30' title='bbox 635 804 717 859; x_wconf 88' lang='lat' dir='ltr'>illi</span> <span class='ocrx_word' id='word_1_31' title='bbox 739 807 1242 865; x_wconf 90' lang='lat' dir='ltr'>constitueruntei</span> <span class='ocrx_word' id='word_1_32' title='bbox 1264 811 1504 882; x_wconf 77' lang='lat' dir='ltr'>triginta</span> <span class='ocrx_word' id='word_1_33' title='bbox 1523 818 1830 884; x_wconf 87' lang='lat' dir='ltr'>argenteos</span> <span class='ocrx_word' id='word_1_34' title='bbox 1861 816 1962 868; x_wconf 74' lang='grc'>⁷⁸.»</span> 
     </span>
    </p>
   </div>
   <div class='ocr_carea' id='block_1_9' title="bbox 308 894 1959 974">
    <p class='ocr_par' dir='ltr' id='par_1_9' title="bbox 308 894 1959 974">
     <span class='ocr_line' id='line_1_9' title="bbox 308 894 1959 974; baseline 0.006 -27"><span class='ocrx_word' id='word_1_35' title='bbox 308 896 354 947; x_wconf 92' lang='grc' dir='ltr'><strong>Ο</strong></span> <span class='ocrx_word' id='word_1_36' title='bbox 381 894 935 967; x_wconf 71' lang='lat' dir='ltr'>venditionem,quze</span> <span class='ocrx_word' id='word_1_37' title='bbox 960 899 1213 953; x_wconf 81' lang='lat' dir='ltr'>venditio</span> <span class='ocrx_word' id='word_1_38' title='bbox 1243 899 1302 954; x_wconf 89' lang='lat' dir='ltr'>in</span> <span class='ocrx_word' id='word_1_39' title='bbox 1321 906 1616 971; x_wconf 89' lang='lat' dir='ltr'>emptores</span> <span class='ocrx_word' id='word_1_40' title='bbox 1648 903 1959 974; x_wconf 88' lang='lat' dir='ltr'>imperium</span> 
     </span>
    </p>
   </div>
   <div class='ocr_carea' id='block_1_10' title="bbox 314 982 1961 1064">
    <p class='ocr_par' dir='ltr' id='par_1_10' title="bbox 314 982 1961 1064">
     <span class='ocr_line' id='line_1_10' title="bbox 314 982 1961 1064; baseline 0.006 -27"><span class='ocrx_word' id='word_1_41' title='bbox 314 982 470 1038; x_wconf 73' lang='lat'><strong>384</strong></span> <span class='ocrx_word' id='word_1_42' title='bbox 502 985 810 1039; x_wconf 83' lang='lat' dir='ltr'>conciliat!</span> <span class='ocrx_word' id='word_1_43' title='bbox 848 987 1131 1042; x_wconf 78' lang='lat' dir='ltr'>Venditus</span> <span class='ocrx_word' id='word_1_44' title='bbox 1164 990 1379 1062; x_wconf 89' lang='lat' dir='ltr'>quippe</span> <span class='ocrx_word' id='word_1_45' title='bbox 1413 991 1695 1046; x_wconf 88' lang='lat' dir='ltr'>Dominus</span> <span class='ocrx_word' id='word_1_46' title='bbox 1738 999 1961 1064; x_wconf 80' lang='lat' dir='ltr'>empto-</span> 
     </span>
    </p>
   </div>
   <div class='ocr_carea' id='block_1_11' title="bbox 311 1077 1965 1152">
    <p class='ocr_par' dir='ltr' id='par_1_11' title="bbox 311 1077 1965 1152">
     <span class='ocr_line' id='line_1_11' title="bbox 311 1077 1965 1152; baseline 0.006 -26"><span class='ocrx_word' id='word_1_47' title='bbox 311 1089 443 1127; x_wconf 91' lang='lat' dir='ltr'>rum</span> <span class='ocrx_word' id='word_1_48' title='bbox 479 1091 784 1144; x_wconf 80' lang='lat' dir='ltr'>possessor</span> <span class='ocrx_word' id='word_1_49' title='bbox 812 1077 1050 1133; x_wconf 77' lang='lat' dir='ltr'>eti‘ectus</span> <span class='ocrx_word' id='word_1_50' title='bbox 1081 1084 1189 1133; x_wconf 91' lang='lat' dir='ltr'>est.</span> <span class='ocrx_word' id='word_1_51' title='bbox 1226 1080 1430 1135; x_wconf 90' lang='lat' dir='ltr'>Merito</span> <span class='ocrx_word' id='word_1_52' title='bbox 1464 1081 1644 1152; x_wconf 78' lang='lat' dir='ltr'>igitur</span> <span class='ocrx_word' id='word_1_53' title='bbox 1674 1081 1965 1137; x_wconf 84' lang='lat' dir='ltr'>clamabat</span> 
     </span>
    </p>
   </div>
   <div class='ocr_carea' id='block_1_12' title="bbox 309 1161 1959 1242">
    <p class='ocr_par' dir='ltr' id='par_1_12' title="bbox 309 1161 1959 1242">
     <span class='ocr_line' id='line_1_12' title="bbox 309 1161 1959 1242; baseline 0.005 -24"><span class='ocrx_word' id='word_1_54' title='bbox 309 1161 579 1233; x_wconf 81' lang='lat' dir='ltr'>Christus</span> <span class='ocrx_word' id='word_1_55' title='bbox 637 1182 654 1216; x_wconf 95' lang='lat'><em>:</em></span> <span class='ocrx_word' id='word_1_56' title='bbox 712 1183 734 1212; x_wconf 77' lang='grc' dir='ltr'>ι</span> <span class='ocrx_word' id='word_1_57' title='bbox 787 1165 1029 1235; x_wconf 90' lang='lat' dir='ltr'>Implete</span> <span class='ocrx_word' id='word_1_58' title='bbox 1083 1185 1420 1224; x_wconf 83' lang='lat' dir='ltr'>mensuram</span> <span class='ocrx_word' id='word_1_59' title='bbox 1479 1175 1705 1242; x_wconf 89' lang='lat' dir='ltr'>patrum</span> <span class='ocrx_word' id='word_1_60' title='bbox 1739 1177 1959 1226; x_wconf 86' lang='lat' dir='ltr'>vestro-</span> 
     </span>
    </p>
   </div>
   <div class='ocr_carea' id='block_1_13' title="bbox 306 1252 1960 1329">
    <p class='ocr_par' dir='ltr' id='par_1_13' title="bbox 306 1252 1960 1329">
     <span class='ocr_line' id='line_1_13' title="bbox 306 1252 1960 1329; baseline 0.007 -25"><span class='ocrx_word' id='word_1_61' title='bbox 306 1266 439 1304; x_wconf 88' lang='lat' dir='ltr'>rum</span> <span class='ocrx_word' id='word_1_62' title='bbox 473 1252 514 1284; x_wconf 93' lang='grc'>⁷⁷</span> <span class='ocrx_word' id='word_1_63' title='bbox 551 1271 565 1319; x_wconf 87' lang='lat'><strong>;</strong></span> <span class='ocrx_word' id='word_1_64' title='bbox 601 1272 629 1302; x_wconf 89' lang='grc'>››</span> <span class='ocrx_word' id='word_1_65' title='bbox 662 1253 710 1308; x_wconf 91' lang='lat' dir='ltr'>si</span> <span class='ocrx_word' id='word_1_66' title='bbox 742 1255 878 1324; x_wconf 88' lang='lat' dir='ltr'>quid</span> <span class='ocrx_word' id='word_1_67' title='bbox 927 1256 1218 1326; x_wconf 83' lang='lat' dir='ltr'>majorum</span> <span class='ocrx_word' id='word_1_68' title='bbox 1272 1263 1623 1324; x_wconf 88' lang='lat' dir='ltr'>vestrorum,</span> <span class='ocrx_word' id='word_1_69' title='bbox 1681 1276 1712 1313; x_wconf 97' lang='lat' dir='ltr'>o</span> <span class='ocrx_word' id='word_1_70' title='bbox 1754 1262 1960 1329; x_wconf 67' lang='lat' dir='ltr'>Judaei,</span> 
     </span>
    </p>
   </div>
   <div class='ocr_carea' id='block_1_14' title="bbox 309 1340 1963 1416">
    <p class='ocr_par' dir='ltr' id='par_1_14' title="bbox 309 1340 1963 1416">
     <span class='ocr_line' id='line_1_14' title="bbox 309 1340 1963 1416; baseline 0.006 -22"><span class='ocrx_word' id='word_1_71' title='bbox 309 1340 510 1395; x_wconf 84' lang='lat' dir='ltr'>deﬁcit</span> <span class='ocrx_word' id='word_1_72' title='bbox 536 1343 876 1399; x_wconf 83' lang='lat' dir='ltr'>sceleribus.</span> <span class='ocrx_word' id='word_1_73' title='bbox 913 1344 1000 1399; x_wconf 90' lang='lat' dir='ltr'>Illi</span> <span class='ocrx_word' id='word_1_74' title='bbox 1036 1347 1350 1416; x_wconf 81' lang='lat' dir='ltr'>prophetas</span> <span class='ocrx_word' id='word_1_75' title='bbox 1399 1348 1759 1415; x_wconf 81' lang='lat' dir='ltr'>occiderunt,</span> <span class='ocrx_word' id='word_1_76' title='bbox 1802 1367 1903 1404; x_wconf 89' lang='lat' dir='ltr'>vos</span> <span class='ocrx_word' id='word_1_77' title='bbox 1931 1366 1963 1404; x_wconf 89' lang='lat' dir='ltr'>a</span> 
     </span>
    </p>
   </div>
   <div class='ocr_carea' id='block_1_15' title="bbox 308 1430 1963 1502">
    <p class='ocr_par' dir='ltr' id='par_1_15' title="bbox 308 1430 1963 1502">
     <span class='ocr_line' id='line_1_15' title="bbox 308 1430 1963 1502; baseline 0.007 -19"><span class='ocrx_word' id='word_1_78' title='bbox 308 1430 609 1501; x_wconf 89' lang='lat' dir='ltr'>prophetis</span> <span class='ocrx_word' id='word_1_79' title='bbox 644 1434 1094 1502; x_wconf 59' lang='lat' dir='ltr'>pranuntiatum</span> <span class='ocrx_word' id='word_1_80' title='bbox 1145 1436 1429 1492; x_wconf 89' lang='lat' dir='ltr'>occiditis.</span> <span class='ocrx_word' id='word_1_81' title='bbox 1466 1438 1630 1494; x_wconf 88' lang='lat' dir='ltr'>Viros</span> <span class='ocrx_word' id='word_1_82' title='bbox 1681 1438 1765 1493; x_wconf 89' lang='lat' dir='ltr'>illi</span> <span class='ocrx_word' id='word_1_83' title='bbox 1796 1441 1866 1494; x_wconf 87' lang='lat' dir='ltr'>ad</span> <span class='ocrx_word' id='word_1_84' title='bbox 1901 1456 1963 1494; x_wconf 88' lang='lat' dir='ltr'>se</span> 
     </span>
    </p>
   </div>
   <div class='ocr_carea' id='block_1_16' title="bbox 309 1518 1962 1600">
    <p class='ocr_par' dir='ltr' id='par_1_16' title="bbox 309 1518 1962 1600">
     <span class='ocr_line' id='line_1_16' title="bbox 309 1518 1962 1600; baseline 0.007 -28"><span class='ocrx_word' id='word_1_85' title='bbox 309 1518 526 1573; x_wconf 88' lang='lat' dir='ltr'>missos</span> <span class='ocrx_word' id='word_1_86' title='bbox 558 1522 962 1590; x_wconf 82' lang='lat' dir='ltr'>confoderunt,</span> <span class='ocrx_word' id='word_1_87' title='bbox 991 1540 1092 1578; x_wconf 91' lang='lat' dir='ltr'>vos</span> <span class='ocrx_word' id='word_1_88' title='bbox 1123 1531 1313 1581; x_wconf 86' lang='lat' dir='ltr'>autem</span> <span class='ocrx_word' id='word_1_89' title='bbox 1347 1543 1481 1581; x_wconf 90' lang='lat' dir='ltr'>eum</span> <span class='ocrx_word' id='word_1_90' title='bbox 1515 1528 1613 1598; x_wconf 91' lang='lat' dir='ltr'>qui</span> <span class='ocrx_word' id='word_1_91' title='bbox 1648 1529 1962 1600; x_wconf 88' lang='lat' dir='ltr'>prophetas</span> 
     </span>
    </p>
   </div>
   <div class='ocr_carea' id='block_1_17' title="bbox 307 1607 1959 1678">
    <p class='ocr_par' dir='ltr' id='par_1_17' title="bbox 307 1607 1959 1678">
     <span class='ocr_line' id='line_1_17' title="bbox 307 1607 1959 1678; baseline 0.007 -17"><span class='ocrx_word' id='word_1_92' title='bbox 307 1607 527 1677; x_wconf 82' lang='lat' dir='ltr'>mittit;</span> <span class='ocrx_word' id='word_1_93' title='bbox 563 1626 759 1665; x_wconf 88' lang='lat' dir='ltr'>servos</span> <span class='ocrx_word' id='word_1_94' title='bbox 792 1611 898 1678; x_wconf 92' lang='lat' dir='ltr'>illi,</span> <span class='ocrx_word' id='word_1_95' title='bbox 933 1629 1033 1667; x_wconf 87' lang='lat' dir='ltr'>vos</span> <span class='ocrx_word' id='word_1_96' title='bbox 1063 1613 1372 1669; x_wconf 86' lang='lat' dir='ltr'>Dominum</span> <span class='ocrx_word' id='word_1_97' title='bbox 1399 1616 1959 1673; x_wconf 76' lang='lat' dir='ltr'>interﬁcitis.Sacer-</span> 
     </span>
    </p>
   </div>
   <div class='ocr_carea' id='block_1_18' title="bbox 307 1697 1961 1776">
    <p class='ocr_par' dir='ltr' id='par_1_18' title="bbox 307 1697 1961 1776">
     <span class='ocr_line' id='line_1_18' title="bbox 307 1697 1961 1776; baseline 0.007 -25"><span class='ocrx_word' id='word_1_98' title='bbox 307 1697 472 1753; x_wconf 86' lang='lat' dir='ltr'>dotes</span> <span class='ocrx_word' id='word_1_99' title='bbox 497 1698 578 1752; x_wconf 91' lang='lat' dir='ltr'>iili</span> <span class='ocrx_word' id='word_1_100' title='bbox 615 1701 1007 1768; x_wconf 85' lang='lat' dir='ltr'>trucidabant,</span> <span class='ocrx_word' id='word_1_101' title='bbox 1041 1720 1142 1758; x_wconf 90' lang='lat' dir='ltr'>vos</span> <span class='ocrx_word' id='word_1_102' title='bbox 1175 1704 1458 1776; x_wconf 81' lang='lat' dir='ltr'>templum</span> <span class='ocrx_word' id='word_1_103' title='bbox 1511 1706 1788 1762; x_wconf 88' lang='lat' dir='ltr'>solvistis.</span> <span class='ocrx_word' id='word_1_104' title='bbox 1825 1707 1961 1763; x_wconf 76' lang='lat' dir='ltr'>Gra-</span> 
     </span>
    </p>
   </div>
   <div class='ocr_carea' id='block_1_19' title="bbox 300 1786 1962 1866">
    <p class='ocr_par' dir='ltr' id='par_1_19' title="bbox 300 1786 1962 1866">
     <span class='ocr_line' id='line_1_19' title="bbox 300 1786 1962 1866; baseline 0.007 -26"><span class='ocrx_word' id='word_1_105' title='bbox 300 1786 464 1842; x_wconf 90' lang='lat' dir='ltr'>viora</span> <span class='ocrx_word' id='word_1_106' title='bbox 491 1789 788 1860; x_wconf 90' lang='lat' dir='ltr'>prioribus</span> <span class='ocrx_word' id='word_1_107' title='bbox 823 1791 942 1845; x_wconf 77' lang='lat' dir='ltr'>haec</span> <span class='ocrx_word' id='word_1_108' title='bbox 976 1793 1296 1862; x_wconf 84' lang='lat' dir='ltr'>posteriora</span> <span class='ocrx_word' id='word_1_109' title='bbox 1329 1799 1487 1851; x_wconf 88' lang='lat' dir='ltr'>sunt.</span> <span class='ocrx_word' id='word_1_110' title='bbox 1507 1797 1774 1866; x_wconf 83' lang='lat' dir='ltr'>Trajecto</span> <span class='ocrx_word' id='word_1_111' title='bbox 1807 1813 1962 1852; x_wconf 88' lang='lat' dir='ltr'>mare</span> 
     </span>
    </p>
   </div>
   <div class='ocr_carea' id='block_1_20' title="bbox 2075 629 2914 697">
    <p class='ocr_par' dir='ltr' id='par_1_20' title="bbox 2075 629 2914 697">
     <span class='ocr_line' id='line_1_20' title="bbox 2075 629 2914 697; baseline 0.004 -14"><span class='ocrx_word' id='word_1_112' title='bbox 2075 652 2190 697; x_wconf 92' lang='grc' dir='ltr'>νος,</span> <span class='ocrx_word' id='word_1_113' title='bbox 2233 630 2289 685; x_wconf 85' lang='grc' dir='ltr'>ὅν</span> <span class='ocrx_word' id='word_1_114' title='bbox 2325 630 2533 692; x_wconf 84' lang='grc' dir='ltr'>πωλεῖς</span> <span class='ocrx_word' id='word_1_115' title='bbox 2562 629 2666 685; x_wconf 82' lang='grc' dir='ltr'>οὐκ</span> <span class='ocrx_word' id='word_1_116' title='bbox 2695 629 2914 692; x_wconf 84' lang='grc' dir='ltr'>ἐννοεῖς.</span> 
     </span>
    </p>
   </div>
   <div class='ocr_carea' id='block_1_21' title="bbox 2145 805 3726 881">
    <p class='ocr_par' dir='ltr' id='par_1_21' title="bbox 2145 805 3726 881">
     <span class='ocr_line' id='line_1_21' title="bbox 2145 805 3726 881; baseline -0.003 -16"><span class='ocrx_word' id='word_1_117' title='bbox 2145 812 2194 865; x_wconf 85' lang='grc'>4.</span> <span class='ocrx_word' id='word_1_118' title='bbox 2231 834 2257 861; x_wconf 87' lang='grc'>‹‹</span> <span class='ocrx_word' id='word_1_119' title='bbox 2293 809 2360 866; x_wconf 82' lang='grc' dir='ltr'>Οἱ</span> <span class='ocrx_word' id='word_1_120' title='bbox 2409 805 2466 863; x_wconf 69' lang='grc' dir='ltr'>δὲ</span> <span class='ocrx_word' id='word_1_121' title='bbox 2514 807 2740 879; x_wconf 82' lang='grc' dir='ltr'>ἔστησαν</span> <span class='ocrx_word' id='word_1_122' title='bbox 2792 805 2938 878; x_wconf 85' lang='grc' dir='ltr'>αύτῷ</span> <span class='ocrx_word' id='word_1_123' title='bbox 2985 805 3276 881; x_wconf 87' lang='grc' dir='ltr'>τριάκοντα</span> <span class='ocrx_word' id='word_1_124' title='bbox 3308 805 3556 880; x_wconf 78' lang='grc' dir='ltr'>ἀργύρια.</span> <span class='ocrx_word' id='word_1_125' title='bbox 3599 829 3628 856; x_wconf 88' lang='grc'><strong>››</strong></span> <span class='ocrx_word' id='word_1_126' title='bbox 3660 807 3726 861; x_wconf 83' lang='grc' dir='ltr'>Ὠ</span> 
     </span>
    </p>
   </div>
   <div class='ocr_carea' id='block_1_22' title="bbox 2073 895 3725 974">
    <p class='ocr_par' dir='ltr' id='par_1_22' title="bbox 2073 895 3725 974">
     <span class='ocr_line' id='line_1_22' title="bbox 2073 895 3725 974; baseline -0.003 -21"><span class='ocrx_word' id='word_1_127' title='bbox 2073 899 2319 974; x_wconf 81' lang='grc' dir='ltr'>πράσεως</span> <span class='ocrx_word' id='word_1_128' title='bbox 2392 896 2701 953; x_wconf 77' lang='grc' dir='ltr'>δεσποτείαν</span> <span class='ocrx_word' id='word_1_129' title='bbox 2772 901 2852 968; x_wconf 84' lang='grc' dir='ltr'>τῷ</span> <span class='ocrx_word' id='word_1_130' title='bbox 2922 895 3356 969; x_wconf 85' lang='grc' dir='ltr'>πιπρασκομένῳ</span> <span class='ocrx_word' id='word_1_131' title='bbox 3425 895 3561 948; x_wconf 87' lang='grc' dir='ltr'>κατά</span> <span class='ocrx_word' id='word_1_132' title='bbox 3615 899 3725 949; x_wconf 83' lang='grc' dir='ltr'>τῶν</span> 
     </span>
    </p>
   </div>
   <div class='ocr_carea' id='block_1_23' title="bbox 2074 981 3728 1062">
    <p class='ocr_par' dir='ltr' id='par_1_23' title="bbox 2074 981 3728 1062">
     <span class='ocr_line' id='line_1_23' title="bbox 2074 981 3728 1062; baseline -0.002 -20"><span class='ocrx_word' id='word_1_133' title='bbox 2074 987 2398 1060; x_wconf 84' lang='grc' dir='ltr'>ὠνουμένων</span> <span class='ocrx_word' id='word_1_134' title='bbox 2460 986 2830 1062; x_wconf 75' lang='grc' dir='ltr'>ἐγγυομένηςί</span> <span class='ocrx_word' id='word_1_135' title='bbox 2882 984 3333 1060; x_wconf 84' lang='grc' dir='ltr'>ιιιπρασκόμενος</span> <span class='ocrx_word' id='word_1_136' title='bbox 3390 982 3491 1060; x_wconf 75' lang='grc' dir='ltr'>γὰρ</span> <span class='ocrx_word' id='word_1_137' title='bbox 3552 984 3580 1038; x_wconf 89' lang='lat'>6</span> <span class='ocrx_word' id='word_1_138' title='bbox 3648 981 3728 1039; x_wconf 86' lang='grc' dir='ltr'>δε-</span> 
     </span>
    </p>
   </div>
   <div class='ocr_carea' id='block_1_24' title="bbox 2075 1070 3724 1152">
    <p class='ocr_par' dir='ltr' id='par_1_24' title="bbox 2075 1070 3724 1152">
     <span class='ocr_line' id='line_1_24' title="bbox 2075 1070 3724 1152; baseline -0.002 -21"><span class='ocrx_word' id='word_1_139' title='bbox 2075 1076 2281 1146; x_wconf 85' lang='grc' dir='ltr'>σπότης</span> <span class='ocrx_word' id='word_1_140' title='bbox 2331 1078 2550 1152; x_wconf 81' lang='grc' dir='ltr'>κτήτωρ</span> <span class='ocrx_word' id='word_1_141' title='bbox 2607 1080 2716 1131; x_wconf 82' lang='grc' dir='ltr'>τῶν</span> <span class='ocrx_word' id='word_1_142' title='bbox 2777 1072 3154 1150; x_wconf 87' lang='grc' dir='ltr'>ἀγοραζόντων</span> <span class='ocrx_word' id='word_1_143' title='bbox 3215 1071 3435 1148; x_wconf 84' lang='grc' dir='ltr'>ἐγίνετο.</span> <span class='ocrx_word' id='word_1_144' title='bbox 3481 1070 3724 1134; x_wconf 69' lang='grc' dir='ltr'>Εῒκότως</span> 
     </span>
    </p>
   </div>
   <div class='ocr_carea' id='block_1_25' title="bbox 2074 1160 3722 1242">
    <p class='ocr_par' dir='ltr' id='par_1_25' title="bbox 2074 1160 3722 1242">
     <span class='ocr_line' id='line_1_25' title="bbox 2074 1160 3722 1242; baseline -0.004 -22"><span class='ocrx_word' id='word_1_145' title='bbox 2074 1164 2164 1220; x_wconf 79' lang='grc' dir='ltr'>οὖν</span> <span class='ocrx_word' id='word_1_146' title='bbox 2198 1168 2225 1220; x_wconf 91' lang='lat'>6</span> <span class='ocrx_word' id='word_1_147' title='bbox 2272 1166 2504 1242; x_wconf 76' lang='grc' dir='ltr'>Χριστὸς</span> <span class='ocrx_word' id='word_1_148' title='bbox 2553 1160 2768 1220; x_wconf 80' lang='grc' dir='ltr'>ἀνεϐόα.</span> <span class='ocrx_word' id='word_1_149' title='bbox 2827 1187 2854 1215; x_wconf 78' lang='grc' dir='ltr'>(ι</span> <span class='ocrx_word' id='word_1_150' title='bbox 2907 1161 3248 1238; x_wconf 84' lang='grc' dir='ltr'>Ηληρώσατε</span> <span class='ocrx_word' id='word_1_151' title='bbox 3288 1161 3353 1216; x_wconf 83' lang='grc' dir='ltr'>τὸ</span> <span class='ocrx_word' id='word_1_152' title='bbox 3387 1160 3582 1238; x_wconf 84' lang='grc' dir='ltr'>μέτρον</span> <span class='ocrx_word' id='word_1_153' title='bbox 3613 1165 3722 1216; x_wconf 84' lang='grc' dir='ltr'>τῶν</span> 
     </span>
    </p>
   </div>
   <div class='ocr_carea' id='block_1_26' title="bbox 2071 1251 3720 1330">
    <p class='ocr_par' dir='ltr' id='par_1_26' title="bbox 2071 1251 3720 1330">
     <span class='ocr_line' id='line_1_26' title="bbox 2071 1251 3720 1330; baseline -0.004 -20"><span class='ocrx_word' id='word_1_154' title='bbox 2071 1257 2316 1330; x_wconf 89' lang='grc' dir='ltr'>πατέρων</span> <span class='ocrx_word' id='word_1_155' title='bbox 2353 1255 2528 1329; x_wconf 79' lang='grc' dir='ltr'>ὑμῶν·</span> <span class='ocrx_word' id='word_1_156' title='bbox 2560 1278 2587 1305; x_wconf 86' lang='grc'><strong>››</strong></span> <span class='ocrx_word' id='word_1_157' title='bbox 2621 1251 2674 1308; x_wconf 77' lang='grc' dir='ltr'>εἶ’</span> <span class='ocrx_word' id='word_1_158' title='bbox 2695 1275 2748 1308; x_wconf 88' lang='grc' dir='ltr'>τι</span> <span class='ocrx_word' id='word_1_159' title='bbox 2779 1251 2952 1308; x_wconf 80' lang='grc' dir='ltr'>λείπει</span> <span class='ocrx_word' id='word_1_160' title='bbox 2983 1257 3101 1314; x_wconf 87' lang='grc' dir='ltr'>τοῖς</span> <span class='ocrx_word' id='word_1_161' title='bbox 3141 1255 3492 1326; x_wconf 79' lang='grc' dir='ltr'>προγονικοῖς</span> <span class='ocrx_word' id='word_1_162' title='bbox 3548 1251 3720 1324; x_wconf 79' lang='grc' dir='ltr'>ὑμῶν,</span> 
     </span>
    </p>
   </div>
   <div class='ocr_carea' id='block_1_27' title="bbox 2073 1339 3719 1418">
    <p class='ocr_par' dir='ltr' id='par_1_27' title="bbox 2073 1339 3719 1418">
     <span class='ocr_line' id='line_1_27' title="bbox 2073 1339 3719 1418; baseline -0.004 -18"><span class='ocrx_word' id='word_1_163' title='bbox 2073 1347 2117 1400; x_wconf 84' lang='grc' dir='ltr'>ὦ</span> <span class='ocrx_word' id='word_1_164' title='bbox 2165 1343 2442 1413; x_wconf 80' lang='grc' dir='ltr'>Ἰουδαῖοι,</span> <span class='ocrx_word' id='word_1_165' title='bbox 2473 1343 2656 1417; x_wconf 78' lang='grc' dir='ltr'>τολμή</span> <span class='ocrx_word' id='word_1_166' title='bbox 2671 1364 2852 1416; x_wconf 87' lang='grc' dir='ltr'>μασιν.</span> <span class='ocrx_word' id='word_1_167' title='bbox 2892 1343 3118 1398; x_wconf 80' lang='grc' dir='ltr'>Ἐκεῖνοι</span> <span class='ocrx_word' id='word_1_168' title='bbox 3141 1342 3430 1418; x_wconf 77' lang='grc' dir='ltr'>προφήτας</span> <span class='ocrx_word' id='word_1_169' title='bbox 3461 1339 3719 1414; x_wconf 79' lang='grc' dir='ltr'>ἀνήρουν,</span> 
     </span>
    </p>
   </div>
   <div class='ocr_carea' id='block_1_28' title="bbox 2075 1427 3723 1510">
    <p class='ocr_par' dir='ltr' id='par_1_28' title="bbox 2075 1427 3723 1510">
     <span class='ocr_line' id='line_1_28' title="bbox 2075 1427 3723 1510; baseline -0.004 -20"><span class='ocrx_word' id='word_1_170' title='bbox 2075 1437 2228 1509; x_wconf 81' lang='grc' dir='ltr'>ὑμεῖς</span> <span class='ocrx_word' id='word_1_171' title='bbox 2278 1432 2335 1490; x_wconf 73' lang='grc' dir='ltr'>δὲ</span> <span class='ocrx_word' id='word_1_172' title='bbox 2381 1434 2472 1489; x_wconf 88' lang='grc' dir='ltr'>τὸν</span> <span class='ocrx_word' id='word_1_173' title='bbox 2522 1431 2963 1510; x_wconf 87' lang='grc' dir='ltr'>προφητευθέντα</span> <span class='ocrx_word' id='word_1_174' title='bbox 3011 1431 3280 1508; x_wconf 83' lang='grc' dir='ltr'>φονεύετε.</span> <span class='ocrx_word' id='word_1_175' title='bbox 3334 1431 3570 1486; x_wconf 81' lang='grc' dir='ltr'>Ἐκεῖνοι</span> <span class='ocrx_word' id='word_1_176' title='bbox 3597 1427 3723 1490; x_wconf 75' lang='grc' dir='ltr'>τοὺς</span> 
     </span>
    </p>
   </div>
   <div class='ocr_carea' id='block_1_29' title="bbox 2071 1517 3724 1603">
    <p class='ocr_par' dir='ltr' id='par_1_29' title="bbox 2071 1517 3724 1603">
     <span class='ocr_line' id='line_1_29' title="bbox 2071 1517 3724 1603; baseline 0.006 -25"><span class='ocrx_word' id='word_1_177' title='bbox 2071 1524 2409 1603; x_wconf 67' lang='grc' dir='ltr'>πεμφθέντας</span> <span class='ocrx_word' id='word_1_178' title='bbox 2460 1522 2843 1600; x_wconf 71' lang='grc' dir='ltr'>κατέσφαττον,</span> <span class='ocrx_word' id='word_1_179' title='bbox 2907 1521 3062 1594; x_wconf 82' lang='grc' dir='ltr'>ὑμεῖς</span> <span class='ocrx_word' id='word_1_180' title='bbox 3124 1517 3181 1574; x_wconf 72' lang='grc' dir='ltr'>δὲ</span> <span class='ocrx_word' id='word_1_181' title='bbox 3223 1520 3315 1574; x_wconf 77' lang='grc' dir='ltr'>τὸν</span> <span class='ocrx_word' id='word_1_182' title='bbox 3346 1519 3472 1581; x_wconf 68' lang='grc' dir='ltr'>τοὺς</span> <span class='ocrx_word' id='word_1_183' title='bbox 3503 1519 3724 1596; x_wconf 77' lang='grc' dir='ltr'>προφή-</span> 
     </span>
    </p>
   </div>
   <div class='ocr_carea' id='block_1_30' title="bbox 2070 1606 3724 1681">
    <p class='ocr_par' dir='ltr' id='par_1_30' title="bbox 2070 1606 3724 1681">
     <span class='ocr_line' id='line_1_30' title="bbox 2070 1606 3724 1681; baseline -0.004 -12"><span class='ocrx_word' id='word_1_184' title='bbox 2070 1636 2166 1676; x_wconf 87' lang='grc' dir='ltr'>τας</span> <span class='ocrx_word' id='word_1_185' title='bbox 2219 1611 2612 1668; x_wconf 86' lang='grc' dir='ltr'>ἀπεσταλκότα.</span> <span class='ocrx_word' id='word_1_186' title='bbox 2663 1613 2889 1679; x_wconf 83' lang='grc' dir='ltr'>Ἐκεῖνοι</span> <span class='ocrx_word' id='word_1_187' title='bbox 2936 1609 3063 1669; x_wconf 79' lang='grc' dir='ltr'>τοὺς</span> <span class='ocrx_word' id='word_1_188' title='bbox 3115 1606 3371 1678; x_wconf 76' lang='grc' dir='ltr'>δούλους,</span> <span class='ocrx_word' id='word_1_189' title='bbox 3426 1607 3583 1681; x_wconf 87' lang='grc' dir='ltr'>ύμεῖς</span> <span class='ocrx_word' id='word_1_190' title='bbox 3632 1607 3724 1663; x_wconf 88' lang='grc' dir='ltr'>τὸν</span> 
     </span>
    </p>
   </div>
   <div class='ocr_carea' id='block_1_31' title="bbox 2075 1697 3725 1774">
    <p class='ocr_par' dir='ltr' id='par_1_31' title="bbox 2075 1697 3725 1774">
     <span class='ocr_line' id='line_1_31' title="bbox 2075 1697 3725 1774; baseline -0.004 -16"><span class='ocrx_word' id='word_1_191' title='bbox 2075 1702 2346 1773; x_wconf 85' lang='grc' dir='ltr'>Δεσπότην</span> <span class='ocrx_word' id='word_1_192' title='bbox 2399 1699 2761 1756; x_wconf 79' lang='grc' dir='ltr'>ἀποκτείνετε.</span> <span class='ocrx_word' id='word_1_193' title='bbox 2822 1697 3049 1754; x_wconf 85' lang='grc' dir='ltr'>Ἐκεῖνοί</span> <span class='ocrx_word' id='word_1_194' title='bbox 3091 1697 3217 1760; x_wconf 78' lang='grc' dir='ltr'>τοὺς</span> <span class='ocrx_word' id='word_1_195' title='bbox 3267 1699 3431 1774; x_wconf 74' lang='grc' dir='ltr'>ἱερεῖς</span> <span class='ocrx_word' id='word_1_196' title='bbox 3468 1697 3725 1772; x_wconf 64' lang='grc' dir='ltr'>ἀνῄρουν,</span> 
     </span>
    </p>
   </div>
   <div class='ocr_carea' id='block_1_32' title="bbox 2073 1782 3728 1867">
    <p class='ocr_par' dir='ltr' id='par_1_32' title="bbox 2073 1782 3728 1867">
     <span class='ocr_line' id='line_1_32' title="bbox 2073 1782 3728 1867; baseline -0.004 -20"><span class='ocrx_word' id='word_1_197' title='bbox 2073 1793 2227 1867; x_wconf 76' lang='grc' dir='ltr'>ὑμεῖς</span> <span class='ocrx_word' id='word_1_198' title='bbox 2255 1794 2345 1847; x_wconf 82' lang='grc' dir='ltr'>τὸν</span> <span class='ocrx_word' id='word_1_199' title='bbox 2403 1792 2526 1845; x_wconf 87' lang='grc' dir='ltr'>ναὸν</span> <span class='ocrx_word' id='word_1_200' title='bbox 2576 1788 2925 1845; x_wconf 87' lang='grc' dir='ltr'>κατελύσατε.</span> <span class='ocrx_word' id='word_1_201' title='bbox 2975 1788 3210 1858; x_wconf 77' lang='grc' dir='ltr'>Μείζονα</span> <span class='ocrx_word' id='word_1_202' title='bbox 3255 1793 3362 1843; x_wconf 77' lang='grc' dir='ltr'>τῶν</span> <span class='ocrx_word' id='word_1_203' title='bbox 3415 1782 3728 1864; x_wconf 76' lang='grc' dir='ltr'>προλαϐόν-</span> 
     </span>
    </p>
   </div>
   <div class='ocr_carea' id='block_1_33' title="bbox 303 1874 1962 1986">
    <p class='ocr_par' dir='ltr' id='par_1_33' title="bbox 303 1874 1958 1958">
     <span class='ocr_line' id='line_1_33' title="bbox 303 1874 1958 1958; baseline 0.007 -28"><span class='ocrx_word' id='word_1_204' title='bbox 303 1874 571 1947; x_wconf 86' lang='lat' dir='ltr'>ingratus</span> <span class='ocrx_word' id='word_1_205' title='bbox 607 1879 1007 1949; x_wconf 86' lang='lat' dir='ltr'>deprehensus</span> <span class='ocrx_word' id='word_1_206' title='bbox 1039 1898 1100 1936; x_wconf 90' lang='lat' dir='ltr'>es</span> <span class='ocrx_word' id='word_1_207' title='bbox 1136 1899 1147 1936; x_wconf 89' lang='lat'>:</span> <span class='ocrx_word' id='word_1_208' title='bbox 1185 1899 1402 1938; x_wconf 86' lang='lat' dir='ltr'>manna</span> <span class='ocrx_word' id='word_1_209' title='bbox 1426 1887 1705 1952; x_wconf 88' lang='lat' dir='ltr'>nutritus,</span> <span class='ocrx_word' id='word_1_210' title='bbox 1734 1886 1958 1958; x_wconf 62' lang='lat' dir='ltr'>ngypti</span> 
     </span>
    </p>
   </div>
   <div class='ocr_carea' id='block_1_34' title="bbox 2076 1874 3725 1986">
    <p class='ocr_par' dir='ltr' id='par_1_34' title="bbox 2076 1875 3725 1986">
     <span class='ocr_line' id='line_1_34' title="bbox 2076 1875 3725 1953; baseline -0.004 -16"><span class='ocrx_word' id='word_1_211' title='bbox 2076 1904 2180 1938; x_wconf 88' lang='grc' dir='ltr'>των</span> <span class='ocrx_word' id='word_1_212' title='bbox 2235 1884 2302 1937; x_wconf 72' lang='grc' dir='ltr'>τὰ</span> <span class='ocrx_word' id='word_1_213' title='bbox 2360 1879 2601 1953; x_wconf 85' lang='grc' dir='ltr'>δεύτερα,</span> <span class='ocrx_word' id='word_1_214' title='bbox 2663 1876 2942 1934; x_wconf 82' lang='grc' dir='ltr'>Θάλασσαν</span> <span class='ocrx_word' id='word_1_215' title='bbox 2991 1875 3231 1939; x_wconf 76' lang='grc' dir='ltr'>πλεύσας</span> <span class='ocrx_word' id='word_1_216' title='bbox 3296 1875 3392 1951; x_wconf 67' lang='grc' dir='ltr'>[ῗσ.</span> <span class='ocrx_word' id='word_1_217' title='bbox 3444 1878 3725 1950; x_wconf 82' lang='grc' dir='ltr'>περάσας],</span> 
     </span>
     <span class='ocr_line' id='line_1_35' title="bbox 2084 1963 3705 1986; baseline -0.001 0"><span class='ocrx_word' id='word_1_218' title='bbox 2084 1972 2166 1986; x_wconf 52' lang='grc' dir='ltr'>’κν</span> <span class='ocrx_word' id='word_1_219' title='bbox 2261 1973 2285 1986; x_wconf 82' lang='grc' dir='ltr'><strong>Λ</strong></span> <span class='ocrx_word' id='word_1_220' title='bbox 2411 1971 2422 1983; x_wconf 63' lang='grc' dir='ltr'>ι</span> <span class='ocrx_word' id='word_1_221' title='bbox 2496 1971 2504 1986; x_wconf 72' lang='grc'>1</span> <span class='ocrx_word' id='word_1_222' title='bbox 2842 1967 2851 1984; x_wconf 64' lang='grc'>1</span> <span class='ocrx_word' id='word_1_223' title='bbox 3162 1966 3173 1986; x_wconf 77' lang='grc' dir='ltr'><strong><em>Ι</em></strong></span> <span class='ocrx_word' id='word_1_224' title='bbox 3465 1965 3477 1981; x_wconf 58' lang='grc' dir='ltr'><strong>ε</strong></span> <span class='ocrx_word' id='word_1_225' title='bbox 3556 1965 3569 1984; x_wconf 65' lang='grc'><em>’⁸</em></span> <span class='ocrx_word' id='word_1_226' title='bbox 3647 1963 3705 1986; x_wconf 62' lang='grc' dir='ltr'>ιλ</span> 
     </span>
    </p>
   </div>
   <div class='ocr_carea' id='block_1_35' title="bbox 301 1965 1958 2047">
    <p class='ocr_par' dir='ltr' id='par_1_35' title="bbox 301 1965 1958 2047">
     <span class='ocr_line' id='line_1_36' title="bbox 301 1965 1958 2047; baseline 0.006 -26"><span class='ocrx_word' id='word_1_227' title='bbox 301 1965 557 2021; x_wconf 82' lang='lat' dir='ltr'>vitulum</span> <span class='ocrx_word' id='word_1_228' title='bbox 630 1968 884 2022; x_wconf 85' lang='lat' dir='ltr'>adorasti</span> <span class='ocrx_word' id='word_1_229' title='bbox 949 1987 962 2024; x_wconf 88' lang='lat'><strong>:</strong></span> <span class='ocrx_word' id='word_1_230' title='bbox 1032 1978 1271 2042; x_wconf 88' lang='lat' dir='ltr'>accepta</span> <span class='ocrx_word' id='word_1_231' title='bbox 1350 1973 1498 2044; x_wconf 83' lang='lat' dir='ltr'>lege,</span> <span class='ocrx_word' id='word_1_232' title='bbox 1564 1973 1958 2047; x_wconf 87' lang='lat' dir='ltr'>legislatorem</span> 
     </span>
    </p>
   </div>
   <div class='ocr_carea' id='block_1_36' title="bbox 305 2057 1962 2138">
    <p class='ocr_par' dir='ltr' id='par_1_36' title="bbox 305 2057 1962 2138">
     <span class='ocr_line' id='line_1_37' title="bbox 305 2057 1962 2138; baseline 0.008 -30"><span class='ocrx_word' id='word_1_233' title='bbox 305 2057 881 2126; x_wconf 85' lang='lat' dir='ltr'>transgressionibus</span> <span class='ocrx_word' id='word_1_234' title='bbox 913 2060 1267 2116; x_wconf 82' lang='lat' dir='ltr'>contumelia</span> <span class='ocrx_word' id='word_1_235' title='bbox 1308 2063 1512 2117; x_wconf 75' lang='lat' dir='ltr'>efficis.</span> <span class='ocrx_word' id='word_1_236' title='bbox 1566 2065 1754 2120; x_wconf 91' lang='lat' dir='ltr'>Cessit</span> <span class='ocrx_word' id='word_1_237' title='bbox 1798 2071 1962 2138; x_wconf 87' lang='lat' dir='ltr'>petra</span> 
     </span>
    </p>
   </div>
   <div class='ocr_carea' id='block_1_37' title="bbox 309 2144 1962 2223">
    <p class='ocr_par' dir='ltr' id='par_1_37' title="bbox 309 2144 1962 2223">
     <span class='ocr_line' id='line_1_38' title="bbox 309 2144 1962 2223; baseline 0.007 -24"><span class='ocrx_word' id='word_1_238' title='bbox 309 2144 486 2214; x_wconf 75' lang='lat' dir='ltr'>virgae</span> <span class='ocrx_word' id='word_1_239' title='bbox 517 2145 718 2217; x_wconf 84' lang='lat' dir='ltr'>Mosis,</span> <span class='ocrx_word' id='word_1_240' title='bbox 752 2153 811 2202; x_wconf 90' lang='lat' dir='ltr'>at</span> <span class='ocrx_word' id='word_1_241' title='bbox 862 2164 1050 2205; x_wconf 89' lang='lat' dir='ltr'>mores</span> <span class='ocrx_word' id='word_1_242' title='bbox 1100 2149 1185 2204; x_wconf 90' lang='lat' dir='ltr'>tui</span> <span class='ocrx_word' id='word_1_243' title='bbox 1236 2152 1307 2205; x_wconf 88' lang='lat' dir='ltr'>ad</span> <span class='ocrx_word' id='word_1_244' title='bbox 1359 2151 1634 2223; x_wconf 85' lang='lat' dir='ltr'>pietatem</span> <span class='ocrx_word' id='word_1_245' title='bbox 1683 2153 1833 2210; x_wconf 87' lang='lat' dir='ltr'>ﬂecti</span> <span class='ocrx_word' id='word_1_246' title='bbox 1868 2172 1962 2211; x_wconf 91' lang='lat' dir='ltr'>ne-</span> 
     </span>
    </p>
   </div>
   <div class='ocr_carea' id='block_1_38' title="bbox 311 2236 1962 2307">
    <p class='ocr_par' dir='ltr' id='par_1_38' title="bbox 311 2236 1962 2307">
     <span class='ocr_line' id='line_1_39' title="bbox 311 2236 1962 2307; baseline 0.007 -19"><span class='ocrx_word' id='word_1_247' title='bbox 311 2239 555 2305; x_wconf 88' lang='lat' dir='ltr'>queunt.</span> <span class='ocrx_word' id='word_1_248' title='bbox 590 2240 652 2290; x_wconf 86' lang='lat' dir='ltr'>1n</span> <span class='ocrx_word' id='word_1_249' title='bbox 687 2236 884 2307; x_wconf 64' lang='lat' dir='ltr'>praelio</span> <span class='ocrx_word' id='word_1_250' title='bbox 918 2238 1128 2306; x_wconf 85' lang='lat' dir='ltr'>vicisti,</span> <span class='ocrx_word' id='word_1_251' title='bbox 1159 2257 1264 2295; x_wconf 89' lang='lat' dir='ltr'>nec</span> <span class='ocrx_word' id='word_1_252' title='bbox 1312 2241 1601 2298; x_wconf 77' lang='lat' dir='ltr'>caelestem</span> <span class='ocrx_word' id='word_1_253' title='bbox 1654 2245 1802 2300; x_wconf 86' lang='lat' dir='ltr'>nosti</span> <span class='ocrx_word' id='word_1_254' title='bbox 1855 2246 1962 2299; x_wconf 90' lang='lat' dir='ltr'>du-</span> 
     </span>
    </p>
   </div>
   <div class='ocr_carea' id='block_1_39' title="bbox 309 2324 1960 2405">
    <p class='ocr_par' dir='ltr' id='par_1_39' title="bbox 309 2324 1960 2405">
     <span class='ocr_line' id='line_1_40' title="bbox 309 2324 1960 2405; baseline 0.007 -28"><span class='ocrx_word' id='word_1_255' title='bbox 309 2339 458 2378; x_wconf 90' lang='lat' dir='ltr'>cem.</span> <span class='ocrx_word' id='word_1_256' title='bbox 508 2324 835 2380; x_wconf 88' lang='lat' dir='ltr'>Sistebatur</span> <span class='ocrx_word' id='word_1_257' title='bbox 889 2326 1030 2382; x_wconf 91' lang='lat' dir='ltr'>solis</span> <span class='ocrx_word' id='word_1_258' title='bbox 1091 2345 1319 2396; x_wconf 88' lang='lat' dir='ltr'>cursus,</span> <span class='ocrx_word' id='word_1_259' title='bbox 1374 2332 1621 2387; x_wconf 78' lang='lat' dir='ltr'>victoriae</span> <span class='ocrx_word' id='word_1_260' title='bbox 1682 2334 1960 2405; x_wconf 66' lang='lat' dir='ltr'>praevium</span> 
     </span>
    </p>
   </div>
   <div class='ocr_carea' id='block_1_40' title="bbox 306 2412 1963 2484">
    <p class='ocr_par' dir='ltr' id='par_1_40' title="bbox 306 2412 1963 2484">
     <span class='ocr_line' id='line_1_41' title="bbox 306 2412 1963 2484; baseline 0.006 -15"><span class='ocrx_word' id='word_1_261' title='bbox 306 2412 543 2484; x_wconf 86' lang='lat' dir='ltr'>signum</span> <span class='ocrx_word' id='word_1_262' title='bbox 574 2415 679 2470; x_wconf 89' lang='lat' dir='ltr'>tibi</span> <span class='ocrx_word' id='word_1_263' title='bbox 711 2415 989 2483; x_wconf 82' lang='lat' dir='ltr'>factus,tu</span> <span class='ocrx_word' id='word_1_264' title='bbox 1018 2418 1269 2474; x_wconf 84' lang='lat' dir='ltr'>filiorum</span> <span class='ocrx_word' id='word_1_265' title='bbox 1303 2421 1488 2476; x_wconf 69' lang='lat' dir='ltr'>caedes</span> <span class='ocrx_word' id='word_1_266' title='bbox 1518 2422 1576 2477; x_wconf 91' lang='lat' dir='ltr'>in</span> <span class='ocrx_word' id='word_1_267' title='bbox 1609 2423 1963 2479; x_wconf 81' lang='lat' dir='ltr'>sacrificium</span> 
     </span>
    </p>
   </div>
   <div class='ocr_carea' id='block_1_41' title="bbox 303 2503 1962 2584">
    <p class='ocr_par' dir='ltr' id='par_1_41' title="bbox 303 2503 1962 2584">
     <span class='ocr_line' id='line_1_42' title="bbox 303 2503 1962 2584; baseline 0.008 -27"><span class='ocrx_word' id='word_1_268' title='bbox 303 2519 408 2573; x_wconf 90' lang='lat' dir='ltr'>pro</span> <span class='ocrx_word' id='word_1_269' title='bbox 467 2503 693 2560; x_wconf 89' lang='lat' dir='ltr'>actione</span> <span class='ocrx_word' id='word_1_270' title='bbox 723 2506 1046 2577; x_wconf 85' lang='lat' dir='ltr'>gratiarum</span> <span class='ocrx_word' id='word_1_271' title='bbox 1080 2507 1364 2564; x_wconf 73' lang='lat' dir='ltr'>otferebas</span> <span class='ocrx_word' id='word_1_272' title='bbox 1387 2509 1962 2584; x_wconf 83' lang='lat' dir='ltr'>idolis.SemperJu-</span> 
     </span>
    </p>
   </div>
   <div class='ocr_carea' id='block_1_42' title="bbox 306 2591 1965 2669">
    <p class='ocr_par' dir='ltr' id='par_1_42' title="bbox 306 2591 1965 2669">
     <span class='ocr_line' id='line_1_43' title="bbox 306 2591 1965 2669; baseline 0.007 -24"><span class='ocrx_word' id='word_1_273' title='bbox 306 2591 468 2646; x_wconf 74' lang='lat' dir='ltr'>daaus</span> <span class='ocrx_word' id='word_1_274' title='bbox 503 2595 791 2664; x_wconf 86' lang='lat' dir='ltr'>sanguine</span> <span class='ocrx_word' id='word_1_275' title='bbox 812 2596 1554 2669; x_wconf 90' lang='lat' dir='ltr'>enutritus,prophetarum</span> <span class='ocrx_word' id='word_1_276' title='bbox 1573 2602 1756 2656; x_wconf 73' lang='lat' dir='ltr'>caedes</span> <span class='ocrx_word' id='word_1_277' title='bbox 1782 2602 1965 2657; x_wconf 91' lang='lat' dir='ltr'>susci-</span> 
     </span>
    </p>
   </div>
   <div class='ocr_carea' id='block_1_43' title="bbox 304 2679 1960 2761">
    <p class='ocr_par' dir='ltr' id='par_1_43' title="bbox 304 2679 1960 2761">
     <span class='ocr_line' id='line_1_44' title="bbox 304 2679 1960 2761; baseline 0.007 -27"><span class='ocrx_word' id='word_1_278' title='bbox 304 2679 394 2750; x_wconf 91' lang='lat' dir='ltr'>pit</span> <span class='ocrx_word' id='word_1_279' title='bbox 425 2698 438 2736; x_wconf 88' lang='lat'><strong>:</strong></span> <span class='ocrx_word' id='word_1_280' title='bbox 474 2686 650 2752; x_wconf 80' lang='lat' dir='ltr'>atque</span> <span class='ocrx_word' id='word_1_281' title='bbox 682 2699 882 2738; x_wconf 89' lang='lat' dir='ltr'>eorum</span> <span class='ocrx_word' id='word_1_282' title='bbox 918 2688 1205 2756; x_wconf 86' lang='lat' dir='ltr'>sanguine</span> <span class='ocrx_word' id='word_1_283' title='bbox 1236 2687 1518 2758; x_wconf 89' lang='lat' dir='ltr'>paulatim</span> <span class='ocrx_word' id='word_1_284' title='bbox 1554 2689 1854 2761; x_wconf 82' lang='lat' dir='ltr'>irrigatus,</span> <span class='ocrx_word' id='word_1_285' title='bbox 1890 2692 1960 2746; x_wconf 88' lang='lat' dir='ltr'>ad</span> 
     </span>
    </p>
   </div>
   <div class='ocr_carea' id='block_1_44' title="bbox 309 2769 1964 2852">
    <p class='ocr_par' dir='ltr' id='par_1_44' title="bbox 309 2769 1964 2852">
     <span class='ocr_line' id='line_1_45' title="bbox 309 2769 1964 2852; baseline 0.008 -29"><span class='ocrx_word' id='word_1_286' title='bbox 309 2769 640 2840; x_wconf 87' lang='lat' dir='ltr'>iniquitatis</span> <span class='ocrx_word' id='word_1_287' title='bbox 670 2771 972 2842; x_wconf 72' lang='lat' dir='ltr'>fastigium</span> <span class='ocrx_word' id='word_1_288' title='bbox 997 2773 1169 2830; x_wconf 91' lang='lat' dir='ltr'>hodie</span> <span class='ocrx_word' id='word_1_289' title='bbox 1196 2777 1524 2848; x_wconf 86' lang='lat' dir='ltr'>prorumpit</span> <span class='ocrx_word' id='word_1_290' title='bbox 1553 2779 1580 2833; x_wconf 84' lang='lat'><strong>?</strong></span> <span class='ocrx_word' id='word_1_291' title='bbox 1609 2779 1750 2843; x_wconf 86' lang='lat' dir='ltr'>Quis</span> <span class='ocrx_word' id='word_1_292' title='bbox 1785 2781 1964 2852; x_wconf 83' lang='lat' dir='ltr'>igitur</span> 
     </span>
    </p>
   </div>
   <div class='ocr_carea' id='block_1_45' title="bbox 307 2856 1963 2936">
    <p class='ocr_par' dir='ltr' id='par_1_45' title="bbox 307 2856 1963 2936">
     <span class='ocr_line' id='line_1_46' title="bbox 307 2856 1963 2936; baseline 0.008 -25"><span class='ocrx_word' id='word_1_293' title='bbox 307 2856 424 2912; x_wconf 89' lang='lat' dir='ltr'>illis</span> <span class='ocrx_word' id='word_1_294' title='bbox 456 2857 785 2930; x_wconf 88' lang='lat' dir='ltr'>iniquitatis</span> <span class='ocrx_word' id='word_1_295' title='bbox 820 2862 1080 2918; x_wconf 82' lang='lat' dir='ltr'>fructus?</span> <span class='ocrx_word' id='word_1_296' title='bbox 1115 2886 1142 2912; x_wconf 72' lang='grc' dir='ltr'>ι)</span> <span class='ocrx_word' id='word_1_297' title='bbox 1174 2865 1317 2920; x_wconf 89' lang='lat' dir='ltr'>Ecce</span> <span class='ocrx_word' id='word_1_298' title='bbox 1347 2865 1710 2936; x_wconf 89' lang='lat' dir='ltr'>relinquetur</span> <span class='ocrx_word' id='word_1_299' title='bbox 1751 2869 1963 2925; x_wconf 86' lang='lat' dir='ltr'>domus</span> 
     </span>
    </p>
   </div>
   <div class='ocr_carea' id='block_1_46' title="bbox 304 2949 1964 3028">
    <p class='ocr_par' dir='ltr' id='par_1_46' title="bbox 304 2949 1964 3028">
     <span class='ocr_line' id='line_1_47' title="bbox 304 2949 1964 3028; baseline 0.008 -27"><span class='ocrx_word' id='word_1_300' title='bbox 304 2951 499 3002; x_wconf 88' lang='lat' dir='ltr'>vestra</span> <span class='ocrx_word' id='word_1_301' title='bbox 528 2949 758 3005; x_wconf 88' lang='lat' dir='ltr'>deserta</span> <span class='ocrx_word' id='word_1_302' title='bbox 787 2951 850 3020; x_wconf 80' lang='grc'>⁷⁸,</span> <span class='ocrx_word' id='word_1_303' title='bbox 894 2974 921 3000; x_wconf 79' lang='grc' dir='ltr'><strong><em>υ</em></strong></span> <span class='ocrx_word' id='word_1_304' title='bbox 971 2953 1178 3008; x_wconf 84' lang='lat' dir='ltr'>Dedita</span> <span class='ocrx_word' id='word_1_305' title='bbox 1227 2958 1315 3008; x_wconf 87' lang='lat' dir='ltr'>est</span> <span class='ocrx_word' id='word_1_306' title='bbox 1355 2955 1426 3010; x_wconf 92' lang='lat' dir='ltr'>ad</span> <span class='ocrx_word' id='word_1_307' title='bbox 1476 2957 1834 3028; x_wconf 89' lang='lat' dir='ltr'>supplicium</span> <span class='ocrx_word' id='word_1_308' title='bbox 1861 2958 1964 3015; x_wconf 88' lang='lat' dir='ltr'>illa</span> 
     </span>
    </p>
   </div>
   <div class='ocr_carea' id='block_1_47' title="bbox 307 3036 1962 3114">
    <p class='ocr_par' dir='ltr' id='par_1_47' title="bbox 307 3036 1962 3114">
     <span class='ocr_line' id='line_1_48' title="bbox 307 3036 1962 3114; baseline 0.008 -24"><span class='ocrx_word' id='word_1_309' title='bbox 307 3036 514 3105; x_wconf 79' lang='lat' dir='ltr'>natio;</span> <span class='ocrx_word' id='word_1_310' title='bbox 561 3040 843 3110; x_wconf 88' lang='lat' dir='ltr'>quamdiu</span> <span class='ocrx_word' id='word_1_311' title='bbox 894 3042 1048 3096; x_wconf 91' lang='lat' dir='ltr'>enim</span> <span class='ocrx_word' id='word_1_312' title='bbox 1123 3059 1288 3114; x_wconf 86' lang='lat' dir='ltr'>spem</span> <span class='ocrx_word' id='word_1_313' title='bbox 1336 3046 1657 3100; x_wconf 88' lang='lat' dir='ltr'>curationis</span> <span class='ocrx_word' id='word_1_314' title='bbox 1721 3048 1962 3104; x_wconf 90' lang='lat' dir='ltr'>morbus</span> 
     </span>
    </p>
   </div>
   <div class='ocr_carea' id='block_1_48' title="bbox 302 3125 1958 3194">
    <p class='ocr_par' dir='ltr' id='par_1_48' title="bbox 302 3125 1958 3194">
     <span class='ocr_line' id='line_1_49' title="bbox 302 3125 1958 3194; baseline 0.008 -13"><span class='ocrx_word' id='word_1_315' title='bbox 302 3125 661 3194; x_wconf 88' lang='lat' dir='ltr'>subindicat,</span> <span class='ocrx_word' id='word_1_316' title='bbox 684 3129 915 3185; x_wconf 88' lang='lat' dir='ltr'>lenibus</span> <span class='ocrx_word' id='word_1_317' title='bbox 939 3131 1142 3187; x_wconf 91' lang='lat' dir='ltr'>tandiu</span> <span class='ocrx_word' id='word_1_318' title='bbox 1166 3132 1440 3190; x_wconf 87' lang='lat' dir='ltr'>remediis</span> <span class='ocrx_word' id='word_1_319' title='bbox 1463 3135 1726 3192; x_wconf 87' lang='lat' dir='ltr'>medicus</span> <span class='ocrx_word' id='word_1_320' title='bbox 1748 3155 1782 3193; x_wconf 93' lang='lat' dir='ltr'>a</span> <span class='ocrx_word' id='word_1_321' title='bbox 1807 3155 1958 3193; x_wconf 92' lang='lat' dir='ltr'>mor-</span> 
     </span>
    </p>
   </div>
   <div class='ocr_carea' id='block_1_49' title="bbox 299 3215 1960 3300">
    <p class='ocr_par' dir='ltr' id='par_1_49' title="bbox 299 3215 1960 3300">
     <span class='ocr_line' id='line_1_50' title="bbox 299 3215 1960 3300; baseline 0.01 -31"><span class='ocrx_word' id='word_1_322' title='bbox 299 3215 372 3270; x_wconf 91' lang='lat' dir='ltr'>bo</span> <span class='ocrx_word' id='word_1_323' title='bbox 405 3232 662 3273; x_wconf 87' lang='lat' dir='ltr'>recreare</span> <span class='ocrx_word' id='word_1_324' title='bbox 720 3221 964 3276; x_wconf 87' lang='lat' dir='ltr'>studet:</span> <span class='ocrx_word' id='word_1_325' title='bbox 1003 3221 1102 3277; x_wconf 93' lang='lat' dir='ltr'>ubi</span> <span class='ocrx_word' id='word_1_326' title='bbox 1152 3237 1286 3277; x_wconf 92' lang='lat' dir='ltr'>vero</span> <span class='ocrx_word' id='word_1_327' title='bbox 1335 3222 1498 3280; x_wconf 90' lang='lat' dir='ltr'>nulla</span> <span class='ocrx_word' id='word_1_328' title='bbox 1545 3225 1781 3283; x_wconf 89' lang='lat' dir='ltr'>residua</span> <span class='ocrx_word' id='word_1_329' title='bbox 1825 3245 1960 3300; x_wconf 86' lang='lat' dir='ltr'>spes</span> 
     </span>
    </p>
   </div>
   <div class='ocr_carea' id='block_1_50' title="bbox 302 3304 1341 3378">
    <p class='ocr_par' dir='ltr' id='par_1_50' title="bbox 302 3304 1341 3378">
     <span class='ocr_line' id='line_1_51' title="bbox 302 3304 1341 3378; baseline 0.008 -19"><span class='ocrx_word' id='word_1_330' title='bbox 302 3304 562 3378; x_wconf 76' lang='lat' dir='ltr'>medelas,</span> <span class='ocrx_word' id='word_1_331' title='bbox 599 3324 924 3366; x_wconf 79' lang='lat' dir='ltr'>memorum</span> <span class='ocrx_word' id='word_1_332' title='bbox 958 3311 1341 3367; x_wconf 87' lang='lat' dir='ltr'>abscinditur.</span> 
     </span>
    </p>
   </div>
   <div class='ocr_carea' id='block_1_51' title="bbox 381 3575 1961 3660">
    <p class='ocr_par' dir='ltr' id='par_1_51' title="bbox 381 3575 1961 3660">
     <span class='ocr_line' id='line_1_52' title="bbox 381 3575 1961 3660; baseline 0.011 -31"><span class='ocrx_word' id='word_1_333' title='bbox 381 3576 436 3629; x_wconf 89' lang='grc'>5.</span> <span class='ocrx_word' id='word_1_334' title='bbox 471 3575 606 3632; x_wconf 88' lang='lat' dir='ltr'>Post</span> <span class='ocrx_word' id='word_1_335' title='bbox 640 3579 879 3645; x_wconf 88' lang='lat' dir='ltr'>paulum</span> <span class='ocrx_word' id='word_1_336' title='bbox 910 3583 1212 3653; x_wconf 88' lang='lat' dir='ltr'>temporis,</span> <span class='ocrx_word' id='word_1_337' title='bbox 1247 3585 1448 3641; x_wconf 88' lang='lat' dir='ltr'>aderat</span> <span class='ocrx_word' id='word_1_338' title='bbox 1467 3586 1651 3643; x_wconf 90' lang='lat' dir='ltr'>Judas</span> <span class='ocrx_word' id='word_1_339' title='bbox 1674 3594 1807 3660; x_wconf 86' lang='lat' dir='ltr'>post</span> <span class='ocrx_word' id='word_1_340' title='bbox 1825 3607 1961 3645; x_wconf 84' lang='lat' dir='ltr'>ven-</span> 
     </span>
    </p>
   </div>
   <div class='ocr_carea' id='block_1_52' title="bbox 309 3664 1964 3748">
    <p class='ocr_par' dir='ltr' id='par_1_52' title="bbox 309 3664 1964 3748">
     <span class='ocr_line' id='line_1_53' title="bbox 309 3664 1964 3748; baseline 0.009 -29"><span class='ocrx_word' id='word_1_341' title='bbox 309 3664 585 3720; x_wconf 84' lang='lat' dir='ltr'>ditionem</span> <span class='ocrx_word' id='word_1_342' title='bbox 602 3666 1226 3740; x_wconf 78' lang='lat' dir='ltr'>laetus,quemadmarlu</span> <span class='ocrx_word' id='word_1_343' title='bbox 1239 3691 1291 3728; x_wconf 92' lang='lat' dir='ltr'>m</span> <span class='ocrx_word' id='word_1_344' title='bbox 1307 3675 1964 3748; x_wconf 77' lang='lat' dir='ltr'>institorquidam,mer-</span> 
     </span>
    </p>
   </div>
   <div class='ocr_carea' id='block_1_53' title="bbox 310 3754 1959 3836">
    <p class='ocr_par' dir='ltr' id='par_1_53' title="bbox 310 3754 1959 3836">
     <span class='ocr_line' id='line_1_54' title="bbox 310 3754 1959 3836; baseline 0.008 -26"><span class='ocrx_word' id='word_1_345' title='bbox 310 3754 466 3810; x_wconf 89' lang='lat' dir='ltr'>cium</span> <span class='ocrx_word' id='word_1_346' title='bbox 491 3773 734 3811; x_wconf 92' lang='lat' dir='ltr'>suarum</span> <span class='ocrx_word' id='word_1_347' title='bbox 758 3775 930 3816; x_wconf 87' lang='lat' dir='ltr'>onere</span> <span class='ocrx_word' id='word_1_348' title='bbox 949 3761 1444 3833; x_wconf 81' lang='lat' dir='ltr'>deposito;aderat</span> <span class='ocrx_word' id='word_1_349' title='bbox 1459 3767 1658 3822; x_wconf 89' lang='lat' dir='ltr'>osculo</span> <span class='ocrx_word' id='word_1_350' title='bbox 1675 3774 1959 3836; x_wconf 86' lang='lat' dir='ltr'>armatus;</span> 
     </span>
    </p>
   </div>
   <div class='ocr_carea' id='block_1_54' title="bbox 308 3841 1962 3928">
    <p class='ocr_par' dir='ltr' id='par_1_54' title="bbox 308 3841 1962 3928">
     <span class='ocr_line' id='line_1_55' title="bbox 308 3841 1962 3928; baseline 0.01 -32"><span class='ocrx_word' id='word_1_351' title='bbox 308 3841 509 3898; x_wconf 88' lang='lat' dir='ltr'>aderat</span> <span class='ocrx_word' id='word_1_352' title='bbox 544 3845 842 3900; x_wconf 89' lang='lat' dir='ltr'>venditum</span> <span class='ocrx_word' id='word_1_353' title='bbox 878 3864 911 3901; x_wconf 88' lang='lat' dir='ltr'>a</span> <span class='ocrx_word' id='word_1_354' title='bbox 941 3864 1002 3903; x_wconf 90' lang='lat' dir='ltr'>se</span> <span class='ocrx_word' id='word_1_355' title='bbox 1033 3849 1223 3905; x_wconf 91' lang='lat' dir='ltr'>virum</span> <span class='ocrx_word' id='word_1_356' title='bbox 1258 3850 1802 3920; x_wconf 86' lang='lat' dir='ltr'>indicaturus.Quid</span> <span class='ocrx_word' id='word_1_357' title='bbox 1828 3873 1962 3928; x_wconf 86' lang='lat' dir='ltr'>ergo</span> 
     </span>
    </p>
   </div>
   <div class='ocr_carea' id='block_1_55' title="bbox 311 3931 1961 4002">
    <p class='ocr_par' dir='ltr' id='par_1_55' title="bbox 311 3931 1961 4002">
     <span class='ocr_line' id='line_1_56' title="bbox 311 3931 1961 4002; baseline 0.01 -16"><span class='ocrx_word' id='word_1_358' title='bbox 311 3931 382 3986; x_wconf 86' lang='lat' dir='ltr'>ad</span> <span class='ocrx_word' id='word_1_359' title='bbox 413 3931 628 3988; x_wconf 79' lang='lat' dir='ltr'>Judam</span> <span class='ocrx_word' id='word_1_360' title='bbox 680 3934 1012 3992; x_wconf 84' lang='lat' dir='ltr'>Dominus?</span> <span class='ocrx_word' id='word_1_361' title='bbox 1050 3939 1311 3996; x_wconf 86' lang='lat' dir='ltr'>Avaritia</span> <span class='ocrx_word' id='word_1_362' title='bbox 1359 3958 1464 3997; x_wconf 88' lang='lat' dir='ltr'>ceu</span> <span class='ocrx_word' id='word_1_363' title='bbox 1513 3944 1793 4001; x_wconf 86' lang='lat' dir='ltr'>ebrietate</span> <span class='ocrx_word' id='word_1_364' title='bbox 1822 3947 1961 4002; x_wconf 89' lang='lat' dir='ltr'>sub-</span> 
     </span>
    </p>
   </div>
   <div class='ocr_carea' id='block_1_56' title="bbox 312 4025 1962 4096">
    <p class='ocr_par' dir='ltr' id='par_1_56' title="bbox 312 4025 1962 4096">
     <span class='ocr_line' id='line_1_57' title="bbox 312 4025 1962 4096; baseline 0.011 -22"><span class='ocrx_word' id='word_1_365' title='bbox 312 4037 572 4076; x_wconf 91' lang='lat' dir='ltr'>mersum</span> <span class='ocrx_word' id='word_1_366' title='bbox 607 4025 998 4096; x_wconf 80' lang='lat' dir='ltr'>expergefacit</span> <span class='ocrx_word' id='word_1_367' title='bbox 1029 4027 1122 4082; x_wconf 89' lang='lat' dir='ltr'>his</span> <span class='ocrx_word' id='word_1_368' title='bbox 1163 4030 1359 4086; x_wconf 89' lang='lat' dir='ltr'>verbis</span> <span class='ocrx_word' id='word_1_369' title='bbox 1393 4048 1404 4086; x_wconf 93' lang='lat'><strong>:</strong></span> <span class='ocrx_word' id='word_1_370' title='bbox 1447 4055 1466 4081; x_wconf 76' lang='grc' dir='ltr'><strong><em>α</em></strong></span> <span class='ocrx_word' id='word_1_371' title='bbox 1501 4035 1712 4090; x_wconf 89' lang='lat' dir='ltr'>Osculo</span> <span class='ocrx_word' id='word_1_372' title='bbox 1753 4035 1962 4092; x_wconf 89' lang='lat' dir='ltr'>Filium</span> 
     </span>
    </p>
   </div>
   <div class='ocr_carea' id='block_1_57' title="bbox 311 4111 1965 4184">
    <p class='ocr_par' dir='ltr' id='par_1_57' title="bbox 311 4111 1965 4184">
     <span class='ocr_line' id='line_1_58' title="bbox 311 4111 1965 4184; baseline 0.011 -19"><span class='ocrx_word' id='word_1_373' title='bbox 311 4111 573 4169; x_wconf 90' lang='lat' dir='ltr'>hominis</span> <span class='ocrx_word' id='word_1_374' title='bbox 602 4114 784 4170; x_wconf 87' lang='lat' dir='ltr'>tradis</span> <span class='ocrx_word' id='word_1_375' title='bbox 815 4116 860 4151; x_wconf 77' lang='lat'>7°</span> <span class='ocrx_word' id='word_1_376' title='bbox 879 4118 905 4172; x_wconf 83' lang='lat'><strong>?</strong></span> <span class='ocrx_word' id='word_1_377' title='bbox 938 4143 959 4171; x_wconf 71' lang='grc' dir='ltr'><strong><em>υ</em></strong></span> <span class='ocrx_word' id='word_1_378' title='bbox 994 4119 1155 4175; x_wconf 90' lang='lat' dir='ltr'>Itane</span> <span class='ocrx_word' id='word_1_379' title='bbox 1188 4122 1441 4178; x_wconf 73' lang='lat' dir='ltr'>osculari</span> <span class='ocrx_word' id='word_1_380' title='bbox 1465 4125 1708 4183; x_wconf 84' lang='lat' dir='ltr'>edoctus</span> <span class='ocrx_word' id='word_1_381' title='bbox 1737 4145 1800 4182; x_wconf 90' lang='lat' dir='ltr'>es</span> <span class='ocrx_word' id='word_1_382' title='bbox 1822 4128 1965 4184; x_wconf 84' lang='lat' dir='ltr'>?Dic</span> 
     </span>
    </p>
   </div>
   <div class='ocr_carea' id='block_1_58' title="bbox 315 4201 1964 4274">
    <p class='ocr_par' dir='ltr' id='par_1_58' title="bbox 315 4201 1964 4274">
     <span class='ocr_line' id='line_1_59' title="bbox 315 4201 1964 4274; baseline 0.012 -20"><span class='ocrx_word' id='word_1_383' title='bbox 315 4201 484 4271; x_wconf 84' lang='lat' dir='ltr'>mihi,</span> <span class='ocrx_word' id='word_1_384' title='bbox 520 4203 772 4261; x_wconf 63' lang='lat' dir='ltr'>haeccine</span> <span class='ocrx_word' id='word_1_385' title='bbox 803 4205 894 4261; x_wconf 85' lang='lat' dir='ltr'>lex</span> <span class='ocrx_word' id='word_1_386' title='bbox 923 4209 1233 4266; x_wconf 83' lang='lat' dir='ltr'>charitatis</span> <span class='ocrx_word' id='word_1_387' title='bbox 1285 4230 1318 4266; x_wconf 89' lang='lat' dir='ltr'>a</span> <span class='ocrx_word' id='word_1_388' title='bbox 1350 4231 1441 4269; x_wconf 88' lang='lat' dir='ltr'>me</span> <span class='ocrx_word' id='word_1_389' title='bbox 1473 4215 1578 4270; x_wconf 93' lang='lat' dir='ltr'>tibi</span> <span class='ocrx_word' id='word_1_390' title='bbox 1626 4217 1890 4272; x_wconf 81' lang='lat' dir='ltr'>tradita?</span> <span class='ocrx_word' id='word_1_391' title='bbox 1920 4219 1964 4274; x_wconf 91' lang='grc' dir='ltr'><strong>Ο</strong></span> 
     </span>
    </p>
   </div>
   <div class='ocr_carea' id='block_1_59' title="bbox 311 4293 1964 4364">
    <p class='ocr_par' dir='ltr' id='par_1_59' title="bbox 311 4293 1964 4364">
     <span class='ocr_line' id='line_1_60' title="bbox 311 4293 1964 4364; baseline 0.01 -18"><span class='ocrx_word' id='word_1_392' title='bbox 311 4293 602 4362; x_wconf 87' lang='lat' dir='ltr'>sanguine</span> <span class='ocrx_word' id='word_1_393' title='bbox 634 4293 872 4364; x_wconf 90' lang='lat' dir='ltr'>plenum</span> <span class='ocrx_word' id='word_1_394' title='bbox 891 4299 1243 4356; x_wconf 82' lang='lat' dir='ltr'>osculum?0</span> <span class='ocrx_word' id='word_1_395' title='bbox 1276 4301 1493 4359; x_wconf 89' lang='lat' dir='ltr'>bellum</span> <span class='ocrx_word' id='word_1_396' title='bbox 1517 4304 1717 4360; x_wconf 91' lang='lat' dir='ltr'>osculo</span> <span class='ocrx_word' id='word_1_397' title='bbox 1739 4306 1964 4362; x_wconf 89' lang='lat' dir='ltr'>colora-</span> 
     </span>
    </p>
   </div>
   <div class='ocr_carea' id='block_1_60' title="bbox 312 4380 1965 4457">
    <p class='ocr_par' dir='ltr' id='par_1_60' title="bbox 312 4380 1965 4457">
     <span class='ocr_line' id='line_1_61' title="bbox 312 4380 1965 4457; baseline 0.01 -22"><span class='ocrx_word' id='word_1_398' title='bbox 312 4381 478 4436; x_wconf 87' lang='lat' dir='ltr'>tum!</span> <span class='ocrx_word' id='word_1_399' title='bbox 513 4380 556 4437; x_wconf 92' lang='grc' dir='ltr'><strong>Ο</strong></span> <span class='ocrx_word' id='word_1_400' title='bbox 589 4383 853 4440; x_wconf 91' lang='lat' dir='ltr'>osculum</span> <span class='ocrx_word' id='word_1_401' title='bbox 885 4389 1041 4457; x_wconf 91' lang='lat' dir='ltr'>quod</span> <span class='ocrx_word' id='word_1_402' title='bbox 1069 4390 1279 4445; x_wconf 88' lang='lat' dir='ltr'>mortis</span> <span class='ocrx_word' id='word_1_403' title='bbox 1309 4407 1543 4448; x_wconf 89' lang='lat' dir='ltr'>morsus</span> <span class='ocrx_word' id='word_1_404' title='bbox 1601 4395 1888 4450; x_wconf 82' lang='lat' dir='ltr'>efﬁcitur!</span> <span class='ocrx_word' id='word_1_405' title='bbox 1921 4395 1965 4451; x_wconf 92' lang='grc' dir='ltr'><strong>Ο</strong></span> 
     </span>
    </p>
   </div>
   <div class='ocr_carea' id='block_1_61' title="bbox 312 4470 1966 4551">
    <p class='ocr_par' dir='ltr' id='par_1_61' title="bbox 312 4470 1966 4551">
     <span class='ocr_line' id='line_1_62' title="bbox 312 4470 1966 4551; baseline 0.01 -26"><span class='ocrx_word' id='word_1_406' title='bbox 312 4470 582 4527; x_wconf 89' lang='lat' dir='ltr'>osculum</span> <span class='ocrx_word' id='word_1_407' title='bbox 617 4490 908 4530; x_wconf 89' lang='lat' dir='ltr'>venenum</span> <span class='ocrx_word' id='word_1_408' title='bbox 933 4478 1206 4549; x_wconf 89' lang='lat' dir='ltr'>aspidum</span> <span class='ocrx_word' id='word_1_409' title='bbox 1232 4482 1526 4539; x_wconf 84' lang='lat' dir='ltr'>eructans!</span> <span class='ocrx_word' id='word_1_410' title='bbox 1549 4485 1709 4551; x_wconf 81' lang='lat' dir='ltr'>Quod</span> <span class='ocrx_word' id='word_1_411' title='bbox 1744 4485 1814 4539; x_wconf 89' lang='lat' dir='ltr'>ad</span> <span class='ocrx_word' id='word_1_412' title='bbox 1835 4485 1966 4540; x_wconf 83' lang='lat' dir='ltr'>cha-</span> 
     </span>
    </p>
   </div>
   <div class='ocr_carea' id='block_1_62' title="bbox 310 4560 1965 4629">
    <p class='ocr_par' dir='ltr' id='par_1_62' title="bbox 310 4560 1965 4629">
     <span class='ocr_line' id='line_1_63' title="bbox 310 4560 1965 4629; baseline 0.01 -16"><span class='ocrx_word' id='word_1_413' title='bbox 310 4560 543 4616; x_wconf 86' lang='lat' dir='ltr'>ritatem</span> <span class='ocrx_word' id='word_1_414' title='bbox 579 4562 932 4629; x_wconf 85' lang='lat' dir='ltr'>didicisti,eo</span> <span class='ocrx_word' id='word_1_415' title='bbox 964 4567 1035 4622; x_wconf 90' lang='lat' dir='ltr'>ad</span> <span class='ocrx_word' id='word_1_416' title='bbox 1067 4567 1334 4625; x_wconf 86' lang='lat' dir='ltr'>fraudem</span> <span class='ocrx_word' id='word_1_417' title='bbox 1357 4589 1502 4627; x_wconf 88' lang='lat' dir='ltr'>usus</span> <span class='ocrx_word' id='word_1_418' title='bbox 1531 4573 1624 4628; x_wconf 82' lang='lat' dir='ltr'>es?</span> <span class='ocrx_word' id='word_1_419' title='bbox 1653 4573 1831 4629; x_wconf 88' lang='lat' dir='ltr'>Video</span> <span class='ocrx_word' id='word_1_420' title='bbox 1855 4575 1965 4629; x_wconf 80' lang='lat' dir='ltr'>cla-</span> 
     </span>
    </p>
   </div>
   <div class='ocr_carea' id='block_1_63' title="bbox 2070 1963 3726 2047">
    <p class='ocr_par' dir='ltr' id='par_1_63' title="bbox 2070 1963 3726 2047">
     <span class='ocr_line' id='line_1_64' title="bbox 2070 1963 3726 2047; baseline -0.005 -20"><span class='ocrx_word' id='word_1_421' title='bbox 2070 1972 2359 2047; x_wconf 83' lang='grc' dir='ltr'>ἠλέγχθης</span> <span class='ocrx_word' id='word_1_422' title='bbox 2400 1971 2720 2046; x_wconf 76' lang='grc' dir='ltr'>ἀχάριστοςο</span> <span class='ocrx_word' id='word_1_423' title='bbox 2785 1967 2956 2041; x_wconf 83' lang='grc' dir='ltr'>μάννα</span> <span class='ocrx_word' id='word_1_424' title='bbox 3009 1966 3366 2045; x_wconf 78' lang='grc' dir='ltr'>τρεφόμενος,</span> <span class='ocrx_word' id='word_1_425' title='bbox 3423 1965 3518 2021; x_wconf 88' lang='grc' dir='ltr'>τὸν</span> <span class='ocrx_word' id='word_1_426' title='bbox 3552 1965 3602 2020; x_wconf 86' lang='grc' dir='ltr'>ἐν</span> <span class='ocrx_word' id='word_1_427' title='bbox 3633 1963 3726 2022; x_wconf 74' lang='grc' dir='ltr'>Αἴ-</span> 
     </span>
    </p>
   </div>
   <div class='ocr_carea' id='block_1_64' title="bbox 2072 2053 3724 2137">
    <p class='ocr_par' dir='ltr' id='par_1_64' title="bbox 2072 2053 3724 2137">
     <span class='ocr_line' id='line_1_65' title="bbox 2072 2053 3724 2137; baseline -0.005 -20"><span class='ocrx_word' id='word_1_428' title='bbox 2072 2062 2264 2137; x_wconf 86' lang='grc' dir='ltr'>γύπτῳ</span> <span class='ocrx_word' id='word_1_429' title='bbox 2320 2061 2529 2136; x_wconf 81' lang='grc' dir='ltr'>μόσχον</span> <span class='ocrx_word' id='word_1_430' title='bbox 2582 2058 2958 2134; x_wconf 78' lang='grc' dir='ltr'>ἐθρήσκευσας·</span> <span class='ocrx_word' id='word_1_431' title='bbox 3010 2056 3178 2129; x_wconf 71' lang='grc' dir='ltr'>νόμοι</span> <span class='ocrx_word' id='word_1_432' title='bbox 3251 2053 3575 2132; x_wconf 86' lang='grc' dir='ltr'>δεχόμενος,</span> <span class='ocrx_word' id='word_1_433' title='bbox 3630 2054 3724 2109; x_wconf 89' lang='grc' dir='ltr'>τὸν</span> 
     </span>
    </p>
   </div>
   <div class='ocr_carea' id='block_1_65' title="bbox 2071 2141 3727 2225">
    <p class='ocr_par' dir='ltr' id='par_1_65' title="bbox 2071 2141 3727 2225">
     <span class='ocr_line' id='line_1_66' title="bbox 2071 2141 3727 2225; baseline -0.005 -17"><span class='ocrx_word' id='word_1_434' title='bbox 2071 2150 2378 2225; x_wconf 83' lang='grc' dir='ltr'>νομοδότην</span> <span class='ocrx_word' id='word_1_435' title='bbox 2428 2147 2790 2224; x_wconf 77' lang='grc' dir='ltr'>παρανομίαις</span> <span class='ocrx_word' id='word_1_436' title='bbox 2835 2141 3199 2222; x_wconf 75' lang='grc' dir='ltr'>καθυϐρίζεις.</span> <span class='ocrx_word' id='word_1_437' title='bbox 3261 2146 3413 2217; x_wconf 80' lang='grc' dir='ltr'>’ῌξεν</span> <span class='ocrx_word' id='word_1_438' title='bbox 3473 2147 3509 2216; x_wconf 81' lang='grc' dir='ltr'>ἠ</span> <span class='ocrx_word' id='word_1_439' title='bbox 3557 2144 3727 2220; x_wconf 86' lang='grc' dir='ltr'>πέτρα</span> 
     </span>
    </p>
   </div>
   <div class='ocr_carea' id='block_1_66' title="bbox 2071 2233 3727 2318">
    <p class='ocr_par' dir='ltr' id='par_1_66' title="bbox 2071 2233 3727 2318">
     <span class='ocr_line' id='line_1_67' title="bbox 2071 2233 3727 2318; baseline -0.006 -20"><span class='ocrx_word' id='word_1_440' title='bbox 2071 2247 2140 2308; x_wconf 76' lang='grc' dir='ltr'>τῆ</span> <span class='ocrx_word' id='word_1_441' title='bbox 2171 2237 2356 2318; x_wconf 73' lang='grc' dir='ltr'>ῥάϐδῳ</span> <span class='ocrx_word' id='word_1_442' title='bbox 2405 2240 2666 2309; x_wconf 87' lang='grc' dir='ltr'>Μωσέως,</span> <span class='ocrx_word' id='word_1_443' title='bbox 2735 2237 2763 2290; x_wconf 98' lang='lat'>6</span> <span class='ocrx_word' id='word_1_444' title='bbox 2805 2233 2864 2290; x_wconf 72' lang='grc' dir='ltr'>δὲ</span> <span class='ocrx_word' id='word_1_445' title='bbox 2913 2236 3002 2298; x_wconf 87' lang='grc' dir='ltr'>σὸς</span> <span class='ocrx_word' id='word_1_446' title='bbox 3043 2235 3246 2311; x_wconf 82' lang='grc' dir='ltr'>τρόπος</span> <span class='ocrx_word' id='word_1_447' title='bbox 3296 2235 3558 2308; x_wconf 83' lang='grc' dir='ltr'>ἀκαμπής</span> <span class='ocrx_word' id='word_1_448' title='bbox 3585 2234 3727 2308; x_wconf 86' lang='grc' dir='ltr'>πρὸς</span> 
     </span>
    </p>
   </div>
   <div class='ocr_carea' id='block_1_67' title="bbox 2075 2323 3731 2400">
    <p class='ocr_par' dir='ltr' id='par_1_67' title="bbox 2075 2323 3731 2400">
     <span class='ocr_line' id='line_1_68' title="bbox 2075 2323 3731 2400; baseline -0.007 -13"><span class='ocrx_word' id='word_1_449' title='bbox 2075 2325 2366 2387; x_wconf 74' lang='grc' dir='ltr'>εὐσέϐειαν.</span> <span class='ocrx_word' id='word_1_450' title='bbox 2435 2327 2638 2389; x_wconf 82' lang='grc' dir='ltr'>Ἐνίκας</span> <span class='ocrx_word' id='word_1_451' title='bbox 2688 2324 3025 2400; x_wconf 79' lang='grc' dir='ltr'>μαχόμενος,</span> <span class='ocrx_word' id='word_1_452' title='bbox 3084 2327 3174 2380; x_wconf 82' lang='grc' dir='ltr'>καὶ</span> <span class='ocrx_word' id='word_1_453' title='bbox 3230 2327 3322 2381; x_wconf 90' lang='grc' dir='ltr'>τὸν</span> <span class='ocrx_word' id='word_1_454' title='bbox 3375 2323 3425 2398; x_wconf 82' lang='grc' dir='ltr'>ἐξ</span> <span class='ocrx_word' id='word_1_455' title='bbox 3498 2323 3731 2400; x_wconf 79' lang='grc' dir='ltr'>ούρανοῦ</span> 
     </span>
    </p>
   </div>
   <div class='ocr_carea' id='block_1_68' title="bbox 2073 2409 3725 2496">
    <p class='ocr_par' dir='ltr' id='par_1_68' title="bbox 2073 2409 3725 2496">
     <span class='ocr_line' id='line_1_69' title="bbox 2073 2409 3725 2496; baseline -0.007 -21"><span class='ocrx_word' id='word_1_456' title='bbox 2073 2421 2371 2496; x_wconf 87' lang='grc' dir='ltr'>στρατηγὸν</span> <span class='ocrx_word' id='word_1_457' title='bbox 2403 2420 2503 2474; x_wconf 71' lang='grc' dir='ltr'>οὐκ</span> <span class='ocrx_word' id='word_1_458' title='bbox 2529 2419 2829 2495; x_wconf 86' lang='grc' dir='ltr'>ἐγνώριζες.</span> <span class='ocrx_word' id='word_1_459' title='bbox 2878 2415 3230 2488; x_wconf 87' lang='grc' dir='ltr'>Ἐδεσμεύετο</span> <span class='ocrx_word' id='word_1_460' title='bbox 3281 2411 3489 2490; x_wconf 82' lang='grc' dir='ltr'>δρόμος</span> <span class='ocrx_word' id='word_1_461' title='bbox 3537 2409 3725 2482; x_wconf 79' lang='grc' dir='ltr'>ἡλίου,</span> 
     </span>
    </p>
   </div>
   <div class='ocr_carea' id='block_1_69' title="bbox 2074 2502 3722 2588">
    <p class='ocr_par' dir='ltr' id='par_1_69' title="bbox 2074 2502 3722 2588">
     <span class='ocr_line' id='line_1_70' title="bbox 2074 2502 3722 2588; baseline -0.006 -24"><span class='ocrx_word' id='word_1_462' title='bbox 2074 2512 2159 2565; x_wconf 87' lang='grc' dir='ltr'>σοὶ</span> <span class='ocrx_word' id='word_1_463' title='bbox 2192 2509 2501 2585; x_wconf 85' lang='grc' dir='ltr'>προθεσμία</span> <span class='ocrx_word' id='word_1_464' title='bbox 2528 2510 2684 2580; x_wconf 83' lang='grc' dir='ltr'>νίκης</span> <span class='ocrx_word' id='word_1_465' title='bbox 2713 2511 3026 2588; x_wconf 78' lang='grc' dir='ltr'>γινόμενος,</span> <span class='ocrx_word' id='word_1_466' title='bbox 3059 2508 3122 2562; x_wconf 78' lang='grc' dir='ltr'>σὺ</span> <span class='ocrx_word' id='word_1_467' title='bbox 3172 2503 3231 2561; x_wconf 74' lang='grc' dir='ltr'>δὲ</span> <span class='ocrx_word' id='word_1_468' title='bbox 3259 2504 3352 2566; x_wconf 75' lang='grc' dir='ltr'>τὰς</span> <span class='ocrx_word' id='word_1_469' title='bbox 3385 2507 3491 2557; x_wconf 81' lang='grc' dir='ltr'>τῶν</span> <span class='ocrx_word' id='word_1_470' title='bbox 3521 2502 3722 2557; x_wconf 84' lang='grc' dir='ltr'>τέκνων</span> 
     </span>
    </p>
   </div>
   <div class='ocr_carea' id='block_1_70' title="bbox 2074 2591 3726 2677">
    <p class='ocr_par' dir='ltr' id='par_1_70' title="bbox 2074 2591 3726 2677">
     <span class='ocr_line' id='line_1_71' title="bbox 2074 2591 3726 2677; baseline -0.005 -24"><span class='ocrx_word' id='word_1_471' title='bbox 2074 2601 2275 2677; x_wconf 81' lang='grc' dir='ltr'>σφαγὰς</span> <span class='ocrx_word' id='word_1_472' title='bbox 2327 2599 2507 2664; x_wconf 81' lang='grc' dir='ltr'>θυσίας</span> <span class='ocrx_word' id='word_1_473' title='bbox 2559 2599 3014 2676; x_wconf 79' lang='grc' dir='ltr'>εὐχαριστηρίους</span> <span class='ocrx_word' id='word_1_474' title='bbox 3069 2601 3187 2658; x_wconf 89' lang='grc' dir='ltr'>τοῖς</span> <span class='ocrx_word' id='word_1_475' title='bbox 3243 2591 3501 2654; x_wconf 72' lang='grc' dir='ltr'>εῗδώλοις</span> <span class='ocrx_word' id='word_1_476' title='bbox 3558 2610 3726 2666; x_wconf 77' lang='grc' dir='ltr'>προσο</span> 
     </span>
    </p>
   </div>
   <div class='ocr_carea' id='block_1_71' title="bbox 2075 2682 3726 2767">
    <p class='ocr_par' dir='ltr' id='par_1_71' title="bbox 2075 2682 3726 2767">
     <span class='ocr_line' id='line_1_72' title="bbox 2075 2682 3726 2767; baseline -0.005 -24"><span class='ocrx_word' id='word_1_477' title='bbox 2075 2689 2279 2766; x_wconf 75' lang='grc' dir='ltr'>έφερες.</span> <span class='ocrx_word' id='word_1_478' title='bbox 2315 2689 2426 2744; x_wconf 87' lang='grc' dir='ltr'>Ἀεὶ</span> <span class='ocrx_word' id='word_1_479' title='bbox 2456 2689 2750 2767; x_wconf 80' lang='grc' dir='ltr'>σύντροφος</span> <span class='ocrx_word' id='word_1_480' title='bbox 2783 2687 3045 2749; x_wconf 89' lang='grc' dir='ltr'>Ἰουδαῖος</span> <span class='ocrx_word' id='word_1_481' title='bbox 3084 2683 3329 2758; x_wconf 72' lang='grc' dir='ltr'>αἱμάτων</span> <span class='ocrx_word' id='word_1_482' title='bbox 3358 2682 3454 2743; x_wconf 81' lang='grc' dir='ltr'>τὰς</span> <span class='ocrx_word' id='word_1_483' title='bbox 3509 2700 3726 2757; x_wconf 89' lang='grc' dir='ltr'>προφη-</span> 
     </span>
    </p>
   </div>
   <div class='ocr_carea' id='block_1_72' title="bbox 2072 2770 3728 2869">
    <p class='ocr_par' dir='ltr' id='par_1_72' title="bbox 2072 2770 3728 2856">
     <span class='ocr_line' id='line_1_73' title="bbox 2072 2770 3728 2856; baseline -0.007 -22"><span class='ocrx_word' id='word_1_484' title='bbox 2072 2783 2181 2834; x_wconf 79' lang='grc' dir='ltr'>τῶν</span> <span class='ocrx_word' id='word_1_485' title='bbox 2242 2779 2447 2856; x_wconf 79' lang='grc' dir='ltr'>σφαγὰς</span> <span class='ocrx_word' id='word_1_486' title='bbox 2506 2774 2900 2852; x_wconf 66' lang='grc' dir='ltr'>ὑπολαμϐάνω</span> <span class='ocrx_word' id='word_1_487' title='bbox 2953 2777 3171 2837; x_wconf 76' lang='grc' dir='ltr'>τούτοις</span> <span class='ocrx_word' id='word_1_488' title='bbox 3220 2771 3318 2847; x_wconf 66' lang='grc' dir='ltr'>[ῗσ.</span> <span class='ocrx_word' id='word_1_489' title='bbox 3350 2770 3583 2842; x_wconf 85' lang='grc' dir='ltr'>τούτων]</span> <span class='ocrx_word' id='word_1_490' title='bbox 3609 2773 3728 2831; x_wconf 87' lang='grc' dir='ltr'>τοῖς</span> 
     </span>
    </p>
   </div>
   <div class='ocr_carea' id='block_1_73' title="bbox 2073 2861 3725 2944">
    <p class='ocr_par' dir='ltr' id='par_1_73' title="bbox 2073 2861 3725 2944">
     <span class='ocr_line' id='line_1_74' title="bbox 2073 2861 3725 2944; baseline -0.001 -23"><span class='ocrx_word' id='word_1_491' title='bbox 2073 2867 2264 2941; x_wconf 69' lang='grc' dir='ltr'>α’ίμασι</span> <span class='ocrx_word' id='word_1_492' title='bbox 2293 2869 2429 2923; x_wconf 82' lang='grc' dir='ltr'>κατὰ</span> <span class='ocrx_word' id='word_1_493' title='bbox 2455 2868 2647 2943; x_wconf 83' lang='grc' dir='ltr'>μικρὸν</span> <span class='ocrx_word' id='word_1_494' title='bbox 2673 2865 3033 2944; x_wconf 87' lang='grc' dir='ltr'>ἀρδευόμενος</span> <span class='ocrx_word' id='word_1_495' title='bbox 3056 2865 3132 2926; x_wconf 77' lang='grc' dir='ltr'>εἰς</span> <span class='ocrx_word' id='word_1_496' title='bbox 3154 2862 3321 2931; x_wconf 78' lang='grc' dir='ltr'>αὐτὴν</span> <span class='ocrx_word' id='word_1_497' title='bbox 3354 2861 3592 2934; x_wconf 77' lang='grc' dir='ltr'>σήμερον</span> <span class='ocrx_word' id='word_1_498' title='bbox 3625 2861 3725 2926; x_wconf 66' lang='grc' dir='ltr'>τῆς</span> 
     </span>
    </p>
   </div>
   <div class='ocr_carea' id='block_1_74' title="bbox 2073 2947 3728 3034">
    <p class='ocr_par' dir='ltr' id='par_1_74' title="bbox 2073 2947 3728 3034">
     <span class='ocr_line' id='line_1_75' title="bbox 2073 2947 3728 3034; baseline -0.007 -21"><span class='ocrx_word' id='word_1_499' title='bbox 2073 2957 2413 3034; x_wconf 78' lang='grc' dir='ltr'>παρανομίας</span> <span class='ocrx_word' id='word_1_500' title='bbox 2461 2959 2558 3026; x_wconf 75' lang='grc' dir='ltr'>τὴν</span> <span class='ocrx_word' id='word_1_501' title='bbox 2610 2958 2850 3034; x_wconf 74' lang='grc' dir='ltr'>κορυφὴν</span> <span class='ocrx_word' id='word_1_502' title='bbox 2921 2954 3304 3024; x_wconf 87' lang='grc' dir='ltr'>ἀπωλίσθησε;</span> <span class='ocrx_word' id='word_1_503' title='bbox 3354 2947 3446 3013; x_wconf 89' lang='grc' dir='ltr'>Τίς</span> <span class='ocrx_word' id='word_1_504' title='bbox 3493 2948 3584 3003; x_wconf 84' lang='grc' dir='ltr'>οὗν</span> <span class='ocrx_word' id='word_1_505' title='bbox 3638 2947 3728 3002; x_wconf 79' lang='grc' dir='ltr'>αύο</span> 
     </span>
    </p>
   </div>
   <div class='ocr_carea' id='block_1_75' title="bbox 2071 3038 3726 3121">
    <p class='ocr_par' dir='ltr' id='par_1_75' title="bbox 2071 3038 3726 3121">
     <span class='ocr_line' id='line_1_76' title="bbox 2071 3038 3726 3121; baseline -0.007 -18"><span class='ocrx_word' id='word_1_506' title='bbox 2071 3053 2186 3110; x_wconf 86' lang='grc' dir='ltr'>τοῖς</span> <span class='ocrx_word' id='word_1_507' title='bbox 2245 3049 2272 3102; x_wconf 86' lang='grc' dir='ltr'>ὁ</span> <span class='ocrx_word' id='word_1_508' title='bbox 2330 3053 2430 3116; x_wconf 81' lang='grc' dir='ltr'>τῆς</span> <span class='ocrx_word' id='word_1_509' title='bbox 2502 3046 2842 3121; x_wconf 80' lang='grc' dir='ltr'>παρανομίας</span> <span class='ocrx_word' id='word_1_510' title='bbox 2911 3043 3156 3118; x_wconf 88' lang='grc' dir='ltr'>καρπός;</span> <span class='ocrx_word' id='word_1_511' title='bbox 3228 3038 3368 3099; x_wconf 79' lang='grc' dir='ltr'>Ἰδοὺ</span> <span class='ocrx_word' id='word_1_512' title='bbox 3428 3038 3637 3116; x_wconf 82' lang='grc' dir='ltr'>ἀφίεται</span> <span class='ocrx_word' id='word_1_513' title='bbox 3697 3038 3726 3092; x_wconf 89' lang='lat'>6</span> 
     </span>
    </p>
   </div>
   <div class='ocr_carea' id='block_1_76' title="bbox 2074 3126 3726 3214">
    <p class='ocr_par' dir='ltr' id='par_1_76' title="bbox 2074 3126 3726 3214">
     <span class='ocr_line' id='line_1_77' title="bbox 2074 3126 3726 3214; baseline -0.007 -22"><span class='ocrx_word' id='word_1_514' title='bbox 2074 3139 2220 3199; x_wconf 78' lang='grc' dir='ltr'>οἶκος</span> <span class='ocrx_word' id='word_1_515' title='bbox 2251 3136 2404 3210; x_wconf 73' lang='grc' dir='ltr'>ὑμῶν</span> <span class='ocrx_word' id='word_1_516' title='bbox 2459 3135 2688 3214; x_wconf 76' lang='grc' dir='ltr'>ἔρημος.</span> <span class='ocrx_word' id='word_1_517' title='bbox 2743 3160 2771 3188; x_wconf 91' lang='grc'>››</span> <span class='ocrx_word' id='word_1_518' title='bbox 2820 3132 3082 3193; x_wconf 84' lang='grc' dir='ltr'>’Έκδοτον</span> <span class='ocrx_word' id='word_1_519' title='bbox 3131 3131 3206 3195; x_wconf 79' lang='grc' dir='ltr'>είς</span> <span class='ocrx_word' id='word_1_520' title='bbox 3255 3131 3356 3199; x_wconf 78' lang='grc' dir='ltr'>τήν</span> <span class='ocrx_word' id='word_1_521' title='bbox 3404 3127 3628 3184; x_wconf 86' lang='grc' dir='ltr'>κόλασιν</span> <span class='ocrx_word' id='word_1_522' title='bbox 3658 3126 3726 3181; x_wconf 82' lang='grc' dir='ltr'>τὸ</span> 
     </span>
    </p>
   </div>
   <div class='ocr_carea' id='block_1_77' title="bbox 2073 3216 3725 3302">
    <p class='ocr_par' dir='ltr' id='par_1_77' title="bbox 2073 3216 3725 3302">
     <span class='ocr_line' id='line_1_78' title="bbox 2073 3216 3725 3302; baseline -0.005 -23"><span class='ocrx_word' id='word_1_523' title='bbox 2073 3221 2244 3288; x_wconf 82' lang='grc' dir='ltr'>ἕθνος’</span> <span class='ocrx_word' id='word_1_524' title='bbox 2304 3222 2407 3289; x_wconf 69' lang='grc' dir='ltr'>ἕως</span> <span class='ocrx_word' id='word_1_525' title='bbox 2458 3228 2562 3302; x_wconf 81' lang='grc' dir='ltr'>γὰρ</span> <span class='ocrx_word' id='word_1_526' title='bbox 2613 3223 2893 3302; x_wconf 83' lang='grc' dir='ltr'>θεραπείας</span> <span class='ocrx_word' id='word_1_527' title='bbox 2938 3220 3135 3279; x_wconf 82' lang='grc' dir='ltr'>ἐλπίδα</span> <span class='ocrx_word' id='word_1_528' title='bbox 3185 3217 3500 3297; x_wconf 80' lang='grc' dir='ltr'>ύπερφαίνει</span> <span class='ocrx_word' id='word_1_529' title='bbox 3532 3216 3593 3272; x_wconf 83' lang='grc' dir='ltr'>τὸ</span> <span class='ocrx_word' id='word_1_530' title='bbox 3625 3218 3725 3271; x_wconf 82' lang='grc' dir='ltr'>πά-</span> 
     </span>
    </p>
   </div>
   <div class='ocr_carea' id='block_1_78' title="bbox 1991 3294 3721 3393">
    <p class='ocr_par' dir='ltr' id='par_1_78' title="bbox 1991 3294 3721 3393">
     <span class='ocr_line' id='line_1_79' title="bbox 1991 3294 3721 3393; baseline -0.006 -22"><span class='ocrx_word' id='word_1_531' title='bbox 1991 3294 2032 3360; x_wconf 76' lang='lat' dir='ltr'>C</span> <span class='ocrx_word' id='word_1_532' title='bbox 2073 3317 2188 3384; x_wconf 85' lang='grc' dir='ltr'>θος,</span> <span class='ocrx_word' id='word_1_533' title='bbox 2220 3317 2417 3391; x_wconf 88' lang='grc' dir='ltr'>πράοις</span> <span class='ocrx_word' id='word_1_534' title='bbox 2448 3294 2756 3393; x_wconf 73' lang='grc' dir='ltr'>φαρμάκοις</span> <span class='ocrx_word' id='word_1_535' title='bbox 2789 3317 2816 3371; x_wconf 88' lang='lat'>6</span> <span class='ocrx_word' id='word_1_536' title='bbox 2848 3314 3028 3389; x_wconf 77' lang='grc' dir='ltr'>ἰατρὸς</span> <span class='ocrx_word' id='word_1_537' title='bbox 3059 3294 3347 3367; x_wconf 81' lang='grc' dir='ltr'>ἀνακτᾶται</span> <span class='ocrx_word' id='word_1_538' title='bbox 3389 3308 3453 3363; x_wconf 80' lang='grc' dir='ltr'>τὸ</span> <span class='ocrx_word' id='word_1_539' title='bbox 3481 3304 3721 3379; x_wconf 85' lang='grc' dir='ltr'>νόσημα·</span> 
     </span>
    </p>
   </div>
   <div class='ocr_carea' id='block_1_79' title="bbox 2070 3395 3725 3484">
    <p class='ocr_par' dir='ltr' id='par_1_79' title="bbox 2070 3395 3725 3484">
     <span class='ocr_line' id='line_1_80' title="bbox 2070 3395 3725 3484; baseline -0.007 -22"><span class='ocrx_word' id='word_1_540' title='bbox 2070 3406 2341 3484; x_wconf 85' lang='grc' dir='ltr'>ἀπογνοὺς</span> <span class='ocrx_word' id='word_1_541' title='bbox 2394 3404 2453 3462; x_wconf 76' lang='grc' dir='ltr'>δὲ</span> <span class='ocrx_word' id='word_1_542' title='bbox 2505 3407 2607 3476; x_wconf 75' lang='grc' dir='ltr'>τὴν</span> <span class='ocrx_word' id='word_1_543' title='bbox 2668 3406 2951 3481; x_wconf 88' lang='grc' dir='ltr'>θεραπείαν</span> <span class='ocrx_word' id='word_1_544' title='bbox 3003 3407 3102 3458; x_wconf 81' lang='grc' dir='ltr'>τοῦ</span> <span class='ocrx_word' id='word_1_545' title='bbox 3154 3401 3362 3466; x_wconf 85' lang='grc' dir='ltr'>πάθους</span> <span class='ocrx_word' id='word_1_546' title='bbox 3411 3399 3547 3473; x_wconf 86' lang='grc'>(17),</span> <span class='ocrx_word' id='word_1_547' title='bbox 3590 3395 3725 3452; x_wconf 83' lang='grc' dir='ltr'>ἀπο-</span> 
     </span>
    </p>
   </div>
   <div class='ocr_carea' id='block_1_80' title="bbox 2070 3495 2545 3568">
    <p class='ocr_par' dir='ltr' id='par_1_80' title="bbox 2070 3495 2545 3568">
     <span class='ocr_line' id='line_1_81' title="bbox 2070 3495 2545 3568; baseline 0.004 -18"><span class='ocrx_word' id='word_1_548' title='bbox 2070 3497 2320 3568; x_wconf 76' lang='grc' dir='ltr'>τέμνεται</span> <span class='ocrx_word' id='word_1_549' title='bbox 2357 3495 2545 3568; x_wconf 86' lang='grc' dir='ltr'>μέλος.</span> 
     </span>
    </p>
   </div>
   <div class='ocr_carea' id='block_1_81' title="bbox 2141 3571 3725 3659">
    <p class='ocr_par' dir='ltr' id='par_1_81' title="bbox 2141 3571 3725 3659">
     <span class='ocr_line' id='line_1_82' title="bbox 2141 3571 3725 3659; baseline -0.008 -19"><span class='ocrx_word' id='word_1_550' title='bbox 2141 3589 2194 3641; x_wconf 90' lang='grc'>5.</span> <span class='ocrx_word' id='word_1_551' title='bbox 2229 3586 2432 3659; x_wconf 84' lang='grc' dir='ltr'>Μικρὸς</span> <span class='ocrx_word' id='word_1_552' title='bbox 2481 3582 2532 3638; x_wconf 81' lang='grc' dir='ltr'>έν</span> <span class='ocrx_word' id='word_1_553' title='bbox 2582 3585 2729 3657; x_wconf 86' lang='grc' dir='ltr'>μέσῳ</span> <span class='ocrx_word' id='word_1_554' title='bbox 2771 3583 2978 3658; x_wconf 82' lang='grc' dir='ltr'>καιρὸς,</span> <span class='ocrx_word' id='word_1_555' title='bbox 3009 3581 3098 3636; x_wconf 87' lang='grc' dir='ltr'>καὶ</span> <span class='ocrx_word' id='word_1_556' title='bbox 3129 3584 3310 3654; x_wconf 85' lang='grc' dir='ltr'>παρῆν</span> <span class='ocrx_word' id='word_1_557' title='bbox 3349 3571 3552 3637; x_wconf 82' lang='grc' dir='ltr'>Ἰούδας</span> <span class='ocrx_word' id='word_1_558' title='bbox 3591 3571 3725 3646; x_wconf 81' lang='grc' dir='ltr'>μετὰ</span> 
     </span>
    </p>
   </div>
   <div class='ocr_carea' id='block_1_82' title="bbox 2070 3666 3720 3748">
    <p class='ocr_par' dir='ltr' id='par_1_82' title="bbox 2070 3666 3720 3748">
     <span class='ocr_line' id='line_1_83' title="bbox 2070 3666 3720 3748; baseline -0.007 -21"><span class='ocrx_word' id='word_1_559' title='bbox 2070 3674 2169 3741; x_wconf 82' lang='grc' dir='ltr'>τήν</span> <span class='ocrx_word' id='word_1_560' title='bbox 2221 3679 2416 3748; x_wconf 86' lang='grc' dir='ltr'>πρᾶσιν</span> <span class='ocrx_word' id='word_1_561' title='bbox 2467 3669 2714 3748; x_wconf 86' lang='grc' dir='ltr'>φαιδρὸς,</span> <span class='ocrx_word' id='word_1_562' title='bbox 2754 3670 2992 3747; x_wconf 88' lang='grc' dir='ltr'>καθάπερ</span> <span class='ocrx_word' id='word_1_563' title='bbox 3042 3691 3126 3732; x_wconf 90' lang='grc' dir='ltr'>τις</span> <span class='ocrx_word' id='word_1_564' title='bbox 3174 3666 3418 3743; x_wconf 77' lang='grc' dir='ltr'>ἔμπορος</span> <span class='ocrx_word' id='word_1_565' title='bbox 3459 3667 3557 3720; x_wconf 79' lang='grc' dir='ltr'>τοῦ</span> <span class='ocrx_word' id='word_1_566' title='bbox 3588 3682 3720 3740; x_wconf 85' lang='grc' dir='ltr'>φορ-</span> 
     </span>
    </p>
   </div>
   <div class='ocr_carea' id='block_1_83' title="bbox 2071 3747 3720 3836">
    <p class='ocr_par' dir='ltr' id='par_1_83' title="bbox 2071 3747 3720 3836">
     <span class='ocr_line' id='line_1_84' title="bbox 2071 3747 3720 3836; baseline -0.005 -20"><span class='ocrx_word' id='word_1_567' title='bbox 2071 3761 2188 3816; x_wconf 78' lang='grc' dir='ltr'>τίου</span> <span class='ocrx_word' id='word_1_568' title='bbox 2217 3747 2279 3816; x_wconf 83' lang='grc' dir='ltr'>τὸ</span> <span class='ocrx_word' id='word_1_569' title='bbox 2311 3747 2483 3836; x_wconf 77' lang='grc' dir='ltr'>ἄχθος</span> <span class='ocrx_word' id='word_1_570' title='bbox 2514 3762 2892 3834; x_wconf 76' lang='grc' dir='ltr'>ἀπωσάμενοςο</span> <span class='ocrx_word' id='word_1_571' title='bbox 2928 3766 3106 3833; x_wconf 78' lang='grc' dir='ltr'>παρῆν</span> <span class='ocrx_word' id='word_1_572' title='bbox 3153 3754 3502 3828; x_wconf 80' lang='grc' dir='ltr'>ὡπλισμένος</span> <span class='ocrx_word' id='word_1_573' title='bbox 3553 3747 3720 3830; x_wconf 81' lang='grc' dir='ltr'>φιλή-</span> 
     </span>
    </p>
   </div>
   <div class='ocr_carea' id='block_1_84' title="bbox 2078 3839 3720 3924">
    <p class='ocr_par' dir='ltr' id='par_1_84' title="bbox 2078 3839 3720 3924">
     <span class='ocr_line' id='line_1_85' title="bbox 2078 3839 3720 3924; baseline -0.001 -20"><span class='ocrx_word' id='word_1_574' title='bbox 2078 3871 2227 3924; x_wconf 89' lang='grc' dir='ltr'>ματι,</span> <span class='ocrx_word' id='word_1_575' title='bbox 2283 3857 2459 3924; x_wconf 80' lang='grc' dir='ltr'>παρῆν</span> <span class='ocrx_word' id='word_1_576' title='bbox 2515 3847 2742 3921; x_wconf 81' lang='grc' dir='ltr'>δεικνὺς,</span> <span class='ocrx_word' id='word_1_577' title='bbox 2802 3848 2860 3904; x_wconf 82' lang='grc' dir='ltr'>ὅν</span> <span class='ocrx_word' id='word_1_578' title='bbox 2914 3846 3189 3917; x_wconf 79' lang='grc' dir='ltr'>ἐπώλησε.</span> <span class='ocrx_word' id='word_1_579' title='bbox 3241 3843 3308 3902; x_wconf 90' lang='grc' dir='ltr'>Τί</span> <span class='ocrx_word' id='word_1_580' title='bbox 3335 3841 3426 3899; x_wconf 76' lang='grc' dir='ltr'>οὖν</span> <span class='ocrx_word' id='word_1_581' title='bbox 3460 3844 3488 3897; x_wconf 89' lang='lat'>6</span> <span class='ocrx_word' id='word_1_582' title='bbox 3520 3839 3720 3915; x_wconf 78' lang='grc' dir='ltr'>Κύριος</span> 
     </span>
    </p>
   </div>
   <div class='ocr_carea' id='block_1_85' title="bbox 2074 3931 3728 4016">
    <p class='ocr_par' dir='ltr' id='par_1_85' title="bbox 2074 3931 3728 4016">
     <span class='ocr_line' id='line_1_86' title="bbox 2074 3931 3728 4016; baseline -0.007 -20"><span class='ocrx_word' id='word_1_583' title='bbox 2074 3942 2207 4016; x_wconf 85' lang='grc' dir='ltr'>πρὸς</span> <span class='ocrx_word' id='word_1_584' title='bbox 2235 3941 2327 3995; x_wconf 89' lang='grc' dir='ltr'>τὸν</span> <span class='ocrx_word' id='word_1_585' title='bbox 2362 3937 2605 4009; x_wconf 84' lang='grc' dir='ltr'>Ἰούδαν;</span> <span class='ocrx_word' id='word_1_586' title='bbox 2639 3941 2728 4002; x_wconf 78' lang='grc' dir='ltr'>Ὦς</span> <span class='ocrx_word' id='word_1_587' title='bbox 2788 3941 2924 4014; x_wconf 83' lang='grc' dir='ltr'>μέθῃ</span> <span class='ocrx_word' id='word_1_588' title='bbox 2977 3932 3414 4012; x_wconf 77' lang='grc' dir='ltr'>βεϐαπτισμένον</span> <span class='ocrx_word' id='word_1_589' title='bbox 3465 3931 3728 4008; x_wconf 75' lang='grc' dir='ltr'>φιλαργυ-</span> 
     </span>
    </p>
   </div>
   <div class='ocr_carea' id='block_1_86' title="bbox 2074 4021 3726 4105">
    <p class='ocr_par' dir='ltr' id='par_1_86' title="bbox 2074 4021 3726 4105">
     <span class='ocr_line' id='line_1_87' title="bbox 2074 4021 3726 4105; baseline -0.007 -21"><span class='ocrx_word' id='word_1_590' title='bbox 2074 4031 2163 4105; x_wconf 79' lang='grc' dir='ltr'>ρίᾳ</span> <span class='ocrx_word' id='word_1_591' title='bbox 2194 4033 2306 4104; x_wconf 78' lang='grc'>(18)</span> <span class='ocrx_word' id='word_1_592' title='bbox 2357 4028 2621 4100; x_wconf 82' lang='grc' dir='ltr'>διύπνιζε,</span> <span class='ocrx_word' id='word_1_593' title='bbox 2674 4031 2872 4105; x_wconf 87' lang='grc' dir='ltr'>λέγων·</span> <span class='ocrx_word' id='word_1_594' title='bbox 2938 4053 2964 4081; x_wconf 91' lang='grc'><em>‹‹</em></span> <span class='ocrx_word' id='word_1_595' title='bbox 3015 4025 3302 4100; x_wconf 76' lang='grc' dir='ltr'>Φιλήματι</span> <span class='ocrx_word' id='word_1_596' title='bbox 3345 4023 3440 4079; x_wconf 84' lang='grc' dir='ltr'>τὸν</span> <span class='ocrx_word' id='word_1_597' title='bbox 3471 4021 3596 4077; x_wconf 75' lang='grc' dir='ltr'>Υίὸν</span> <span class='ocrx_word' id='word_1_598' title='bbox 3628 4023 3726 4075; x_wconf 81' lang='grc' dir='ltr'>τοῦ</span> 
     </span>
    </p>
   </div>
   <div class='ocr_carea' id='block_1_87' title="bbox 2074 4108 3728 4198">
    <p class='ocr_par' dir='ltr' id='par_1_87' title="bbox 2074 4108 3728 4198">
     <span class='ocr_line' id='line_1_88' title="bbox 2074 4108 3728 4198; baseline -0.008 -22"><span class='ocrx_word' id='word_1_599' title='bbox 2074 4123 2364 4196; x_wconf 85' lang='grc' dir='ltr'>ἀνθρώπου</span> <span class='ocrx_word' id='word_1_600' title='bbox 2420 4118 2771 4198; x_wconf 83' lang='grc' dir='ltr'>παραδίδως;</span> <span class='ocrx_word' id='word_1_601' title='bbox 2835 4144 2862 4171; x_wconf 84' lang='grc'><strong>››</strong></span> <span class='ocrx_word' id='word_1_602' title='bbox 2911 4118 3088 4194; x_wconf 33' lang='grc' dir='ltr'>Οὕτω.</span> <span class='ocrx_word' id='word_1_603' title='bbox 3137 4117 3318 4195; x_wconf 88' lang='grc' dir='ltr'>φιλεῖν</span> <span class='ocrx_word' id='word_1_604' title='bbox 3387 4108 3728 4187; x_wconf 81' lang='grc' dir='ltr'>ἐδιδάχθης;</span> 
     </span>
    </p>
   </div>
   <div class='ocr_carea' id='block_1_88' title="bbox 2074 4201 3727 4286">
    <p class='ocr_par' dir='ltr' id='par_1_88' title="bbox 2074 4201 3727 4286">
     <span class='ocr_line' id='line_1_89' title="bbox 2074 4201 3727 4286; baseline -0.004 -18"><span class='ocrx_word' id='word_1_605' title='bbox 2074 4213 2209 4269; x_wconf 73' lang='grc' dir='ltr'>Εἰπέ</span> <span class='ocrx_word' id='word_1_606' title='bbox 2243 4235 2358 4286; x_wconf 82' lang='grc' dir='ltr'>μοι,</span> <span class='ocrx_word' id='word_1_607' title='bbox 2393 4213 2550 4274; x_wconf 81' lang='grc' dir='ltr'>οὗτος</span> <span class='ocrx_word' id='word_1_608' title='bbox 2583 4218 2706 4286; x_wconf 82' lang='grc' dir='ltr'>παρ’</span> <span class='ocrx_word' id='word_1_609' title='bbox 2737 4210 2860 4283; x_wconf 85' lang='grc' dir='ltr'>ἐμοί</span> <span class='ocrx_word' id='word_1_610' title='bbox 2891 4231 2975 4264; x_wconf 92' lang='grc' dir='ltr'>σοι</span> <span class='ocrx_word' id='word_1_611' title='bbox 3005 4209 3108 4278; x_wconf 84' lang='grc' dir='ltr'>τῆς</span> <span class='ocrx_word' id='word_1_612' title='bbox 3167 4207 3384 4282; x_wconf 82' lang='grc' dir='ltr'>ἀγάπης</span> <span class='ocrx_word' id='word_1_613' title='bbox 3439 4203 3468 4257; x_wconf 83' lang='grc' dir='ltr'><strong>ὁ</strong></span> <span class='ocrx_word' id='word_1_614' title='bbox 3517 4201 3727 4273; x_wconf 76' lang='grc' dir='ltr'>νόμος;</span> 
     </span>
    </p>
   </div>
   <div class='ocr_carea' id='block_1_89' title="bbox 2074 4289 3728 4378">
    <p class='ocr_par' dir='ltr' id='par_1_89' title="bbox 2074 4289 3728 4378">
     <span class='ocr_line' id='line_1_90' title="bbox 2074 4289 3728 4378; baseline -0.008 -21"><span class='ocrx_word' id='word_1_615' title='bbox 2074 4305 2139 4357; x_wconf 81' lang='grc' dir='ltr'><strong>Ὦ</strong></span> <span class='ocrx_word' id='word_1_616' title='bbox 2167 4300 2483 4378; x_wconf 82' lang='grc' dir='ltr'>φιλήματος</span> <span class='ocrx_word' id='word_1_617' title='bbox 2541 4298 2771 4373; x_wconf 77' lang='grc' dir='ltr'>αἶ’ματος</span> <span class='ocrx_word' id='word_1_618' title='bbox 2822 4294 3307 4372; x_wconf 71' lang='grc' dir='ltr'>πεπληρωμένουι</span> <span class='ocrx_word' id='word_1_619' title='bbox 3361 4297 3428 4347; x_wconf 85' lang='grc' dir='ltr'>’Ὢ</span> <span class='ocrx_word' id='word_1_620' title='bbox 3475 4289 3728 4364; x_wconf 84' lang='grc' dir='ltr'>πολέμου</span> 
     </span>
    </p>
   </div>
   <div class='ocr_carea' id='block_1_90' title="bbox 2071 4380 3728 4469">
    <p class='ocr_par' dir='ltr' id='par_1_90' title="bbox 2071 4380 3728 4469">
     <span class='ocr_line' id='line_1_91' title="bbox 2071 4380 3728 4469; baseline -0.008 -21"><span class='ocrx_word' id='word_1_621' title='bbox 2071 4391 2463 4469; x_wconf 72' lang='grc' dir='ltr'>κεχρωσμένου</span> <span class='ocrx_word' id='word_1_622' title='bbox 2495 4389 2628 4469; x_wconf 75' lang='grc' dir='ltr'>φιλή</span> <span class='ocrx_word' id='word_1_623' title='bbox 2642 4391 2806 4464; x_wconf 58' lang='lat' dir='ltr'>nam!</span> <span class='ocrx_word' id='word_1_624' title='bbox 2841 4391 2906 4444; x_wconf 82' lang='grc' dir='ltr'>Ὤ</span> <span class='ocrx_word' id='word_1_625' title='bbox 2936 4387 3158 4466; x_wconf 81' lang='grc' dir='ltr'>φίλημα</span> <span class='ocrx_word' id='word_1_626' title='bbox 3187 4383 3376 4461; x_wconf 85' lang='grc' dir='ltr'>δῆγμα</span> <span class='ocrx_word' id='word_1_627' title='bbox 3415 4384 3532 4454; x_wconf 86' lang='grc'>(19)</span> <span class='ocrx_word' id='word_1_628' title='bbox 3569 4380 3728 4436; x_wconf 79' lang='grc' dir='ltr'>Θανά-</span> 
     </span>
    </p>
   </div>
   <div class='ocr_carea' id='block_1_91' title="bbox 2072 4471 3730 4557">
    <p class='ocr_par' dir='ltr' id='par_1_91' title="bbox 2072 4471 3730 4557">
     <span class='ocr_line' id='line_1_92' title="bbox 2072 4471 3730 4557; baseline -0.005 -20"><span class='ocrx_word' id='word_1_629' title='bbox 2072 4503 2169 4537; x_wconf 89' lang='grc' dir='ltr'>του</span> <span class='ocrx_word' id='word_1_630' title='bbox 2202 4481 2496 4557; x_wconf 86' lang='grc' dir='ltr'>γενόμενον</span> <span class='ocrx_word' id='word_1_631' title='bbox 2524 4483 2536 4536; x_wconf 80' lang='grc'><strong>1</strong></span> <span class='ocrx_word' id='word_1_632' title='bbox 2593 4486 2660 4534; x_wconf 65' lang='lat' dir='ltr'>&quot;se</span> <span class='ocrx_word' id='word_1_633' title='bbox 2692 4479 2823 4556; x_wconf 82' lang='grc' dir='ltr'>φίλη</span> <span class='ocrx_word' id='word_1_634' title='bbox 2838 4501 2910 4552; x_wconf 89' lang='grc' dir='ltr'>μα</span> <span class='ocrx_word' id='word_1_635' title='bbox 2935 4475 3177 4534; x_wconf 85' lang='grc' dir='ltr'>ἀσπίδων</span> <span class='ocrx_word' id='word_1_636' title='bbox 3228 4475 3309 4529; x_wconf 78' lang='grc' dir='ltr'>ἱὸν</span> <span class='ocrx_word' id='word_1_637' title='bbox 3355 4471 3730 4549; x_wconf 82' lang='grc' dir='ltr'>ἐρευγόμενον.</span> 
     </span>
    </p>
   </div>
   <div class='ocr_carea' id='block_1_92' title="bbox 2073 4561 3732 4646">
    <p class='ocr_par' dir='ltr' id='par_1_92' title="bbox 2073 4561 3732 4646">
     <span class='ocr_line' id='line_1_93' title="bbox 2073 4561 3732 4646; baseline -0.009 -17"><span class='ocrx_word' id='word_1_638' title='bbox 2073 4574 2142 4630; x_wconf 77' lang='grc' dir='ltr'>’Ὀ</span> <span class='ocrx_word' id='word_1_639' title='bbox 2195 4573 2328 4645; x_wconf 83' lang='grc' dir='ltr'>πρὸς</span> <span class='ocrx_word' id='word_1_640' title='bbox 2404 4571 2617 4646; x_wconf 85' lang='grc' dir='ltr'>ἀγάπην</span> <span class='ocrx_word' id='word_1_641' title='bbox 2686 4568 3004 4645; x_wconf 59' lang='grc' dir='ltr'>ἐδιδάχθης,</span> <span class='ocrx_word' id='word_1_642' title='bbox 3077 4565 3256 4640; x_wconf 87' lang='grc' dir='ltr'>τούτῳ</span> <span class='ocrx_word' id='word_1_643' title='bbox 3327 4563 3462 4640; x_wconf 85' lang='grc' dir='ltr'>πρὸς</span> <span class='ocrx_word' id='word_1_644' title='bbox 3519 4561 3732 4630; x_wconf 86' lang='grc' dir='ltr'>ἀπάτην</span> 
     </span>
    </p>
   </div>
   <div class='ocr_carea' id='block_1_93' title="bbox 312 4648 1962 4738">
    <p class='ocr_par' dir='ltr' id='par_1_93' title="bbox 312 4649 1962 4730">
     <span class='ocr_line' id='line_1_94' title="bbox 312 4649 1962 4730; baseline 0.008 -24"><span class='ocrx_word' id='word_1_645' title='bbox 312 4665 416 4706; x_wconf 90' lang='lat' dir='ltr'>vos</span> <span class='ocrx_word' id='word_1_646' title='bbox 447 4649 505 4704; x_wconf 91' lang='lat' dir='ltr'>in</span> <span class='ocrx_word' id='word_1_647' title='bbox 539 4667 635 4706; x_wconf 89' lang='lat' dir='ltr'>ore</span> <span class='ocrx_word' id='word_1_648' title='bbox 667 4656 767 4708; x_wconf 90' lang='lat' dir='ltr'>tuo</span> <span class='ocrx_word' id='word_1_649' title='bbox 803 4671 815 4708; x_wconf 94' lang='lat'>:</span> <span class='ocrx_word' id='word_1_650' title='bbox 851 4656 992 4726; x_wconf 92' lang='lat' dir='ltr'>quid</span> <span class='ocrx_word' id='word_1_651' title='bbox 1025 4656 1179 4714; x_wconf 88' lang='lat' dir='ltr'>celas</span> <span class='ocrx_word' id='word_1_652' title='bbox 1202 4661 1588 4730; x_wconf 67' lang='lat' dir='ltr'>cpusituum?</span> <span class='ocrx_word' id='word_1_653' title='bbox 1616 4662 1853 4718; x_wconf 89' lang='lat' dir='ltr'>Crucem</span> <span class='ocrx_word' id='word_1_654' title='bbox 1878 4681 1962 4719; x_wconf 86' lang='lat' dir='ltr'>ex-</span> 
     </span>
    </p>
   </div>
   <div class='ocr_carea' id='block_1_94' title="bbox 2076 4648 3733 4738">
    <p class='ocr_par' dir='ltr' id='par_1_94' title="bbox 2083 4648 3733 4738">
     <span class='ocr_line' id='line_1_95' title="bbox 2083 4648 3733 4738; baseline -0.008 -20"><span class='ocrx_word' id='word_1_655' title='bbox 2083 4662 2325 4738; x_wconf 73' lang='grc' dir='ltr'>ἐχρήσω.</span> <span class='ocrx_word' id='word_1_656' title='bbox 2386 4663 2528 4736; x_wconf 73' lang='grc' dir='ltr'>Ὀρῶ</span> <span class='ocrx_word' id='word_1_657' title='bbox 2584 4681 2678 4715; x_wconf 86' lang='grc' dir='ltr'>σου</span> <span class='ocrx_word' id='word_1_658' title='bbox 2709 4659 2836 4721; x_wconf 80' lang='grc' dir='ltr'>τοὺς</span> <span class='ocrx_word' id='word_1_659' title='bbox 2886 4657 2972 4713; x_wconf 83' lang='grc' dir='ltr'>ἐπὶ</span> <span class='ocrx_word' id='word_1_660' title='bbox 3002 4661 3098 4712; x_wconf 79' lang='grc' dir='ltr'>τοῦ</span> <span class='ocrx_word' id='word_1_661' title='bbox 3127 4655 3398 4728; x_wconf 77' lang='grc' dir='ltr'>στόματος</span> <span class='ocrx_word' id='word_1_662' title='bbox 3429 4649 3622 4722; x_wconf 77' lang='grc' dir='ltr'>ἤλους⁶</span> <span class='ocrx_word' id='word_1_663' title='bbox 3678 4648 3733 4704; x_wconf 87' lang='grc' dir='ltr'>τί</span> 
     </span>
    </p>
   </div>
   <div class='ocr_carea' id='block_1_95' title="bbox 318 4741 1962 4817">
    <p class='ocr_par' dir='ltr' id='par_1_95' title="bbox 318 4741 1962 4817">
     <span class='ocr_line' id='line_1_96' title="bbox 318 4741 1962 4817; baseline 0.01 -24"><span class='ocrx_word' id='word_1_664' title='bbox 318 4743 539 4812; x_wconf 88' lang='lat' dir='ltr'>specto.</span> <span class='ocrx_word' id='word_1_665' title='bbox 573 4741 673 4796; x_wconf 77' lang='lat' dir='ltr'>llis</span> <span class='ocrx_word' id='word_1_666' title='bbox 700 4742 886 4798; x_wconf 89' lang='lat' dir='ltr'>Judas</span> <span class='ocrx_word' id='word_1_667' title='bbox 935 4747 1322 4817; x_wconf 90' lang='lat' dir='ltr'>compellatus</span> <span class='ocrx_word' id='word_1_668' title='bbox 1369 4755 1477 4804; x_wconf 86' lang='lat' dir='ltr'>est.</span> <span class='ocrx_word' id='word_1_669' title='bbox 1529 4751 1736 4807; x_wconf 90' lang='lat' dir='ltr'>Petrus</span> <span class='ocrx_word' id='word_1_670' title='bbox 1766 4758 1962 4810; x_wconf 88' lang='lat' dir='ltr'>autem</span> 
     </span>
    </p>
   </div>
   <div class='ocr_carea' id='block_1_96' title="bbox 318 4837 1968 4904">
    <p class='ocr_par' dir='ltr' id='par_1_96' title="bbox 318 4837 1968 4904">
     <span class='ocr_line' id='line_1_97' title="bbox 318 4837 1968 4904; baseline 0.01 -21"><span class='ocrx_word' id='word_1_671' title='bbox 318 4846 578 4885; x_wconf 88' lang='lat' dir='ltr'>amorem</span> <span class='ocrx_word' id='word_1_672' title='bbox 629 4849 803 4887; x_wconf 89' lang='lat' dir='ltr'>suum</span> <span class='ocrx_word' id='word_1_673' title='bbox 853 4837 1185 4904; x_wconf 87' lang='lat' dir='ltr'>juramento</span> <span class='ocrx_word' id='word_1_674' title='bbox 1236 4840 1570 4897; x_wconf 82' lang='lat' dir='ltr'>afﬁrmabat</span> <span class='ocrx_word' id='word_1_675' title='bbox 1612 4859 1626 4897; x_wconf 86' lang='lat'>:</span> <span class='ocrx_word' id='word_1_676' title='bbox 1664 4864 1691 4891; x_wconf 87' lang='lat'><strong>«</strong></span> <span class='ocrx_word' id='word_1_677' title='bbox 1725 4843 1968 4899; x_wconf 81' lang='lat' dir='ltr'>Etiamsi</span> 
     </span>
    </p>
   </div>
   <div class='ocr_carea' id='block_1_97' title="bbox 317 4920 1966 5002">
    <p class='ocr_par' dir='ltr' id='par_1_97' title="bbox 317 4920 1966 5002">
     <span class='ocr_line' id='line_1_98' title="bbox 317 4920 1966 5002; baseline 0.005 -28"><span class='ocrx_word' id='word_1_678' title='bbox 317 4920 642 4990; x_wconf 90' lang='lat' dir='ltr'>oportuerit</span> <span class='ocrx_word' id='word_1_679' title='bbox 689 4939 782 4977; x_wconf 89' lang='lat' dir='ltr'>me</span> <span class='ocrx_word' id='word_1_680' title='bbox 843 4924 990 4978; x_wconf 90' lang='lat' dir='ltr'>mori</span> <span class='ocrx_word' id='word_1_681' title='bbox 1042 4930 1248 4995; x_wconf 90' lang='lat' dir='ltr'>tecum,</span> <span class='ocrx_word' id='word_1_682' title='bbox 1304 4946 1418 4985; x_wconf 89' lang='lat' dir='ltr'>non</span> <span class='ocrx_word' id='word_1_683' title='bbox 1470 4935 1524 4985; x_wconf 88' lang='lat' dir='ltr'>te</span> <span class='ocrx_word' id='word_1_684' title='bbox 1568 4932 1790 5002; x_wconf 85' lang='lat' dir='ltr'>negabo</span> <span class='ocrx_word' id='word_1_685' title='bbox 1838 4932 1902 4988; x_wconf 78' lang='grc' dir='ltr'>⁸ο.</span> <span class='ocrx_word' id='word_1_686' title='bbox 1939 4956 1966 4983; x_wconf 92' lang='grc'><strong>››</strong></span> 
     </span>
    </p>
   </div>
   <div class='ocr_carea' id='block_1_98' title="bbox 315 5009 1966 5079">
    <p class='ocr_par' dir='ltr' id='par_1_98' title="bbox 315 5009 1966 5079">
     <span class='ocr_line' id='line_1_99' title="bbox 315 5009 1966 5079; baseline 0.009 -16"><span class='ocrx_word' id='word_1_687' title='bbox 315 5009 525 5064; x_wconf 89' lang='lat' dir='ltr'>Ebrius</span> <span class='ocrx_word' id='word_1_688' title='bbox 555 5027 769 5079; x_wconf 87' lang='lat' dir='ltr'>amors,</span> <span class='ocrx_word' id='word_1_689' title='bbox 824 5019 1028 5069; x_wconf 88' lang='lat' dir='ltr'>contra</span> <span class='ocrx_word' id='word_1_690' title='bbox 1086 5022 1336 5073; x_wconf 89' lang='lat' dir='ltr'>mortem</span> <span class='ocrx_word' id='word_1_691' title='bbox 1389 5019 1453 5073; x_wconf 82' lang='lat' dir='ltr'>ﬁt</span> <span class='ocrx_word' id='word_1_692' title='bbox 1483 5020 1758 5076; x_wconf 88' lang='lat' dir='ltr'>audacior</span> <span class='ocrx_word' id='word_1_693' title='bbox 1801 5040 1813 5076; x_wconf 92' lang='lat'><strong>:</strong></span> <span class='ocrx_word' id='word_1_694' title='bbox 1851 5040 1966 5078; x_wconf 91' lang='lat' dir='ltr'>non</span> 
     </span>
    </p>
   </div>
   <div class='ocr_carea' id='block_1_99' title="bbox 309 5097 1971 5168">
    <p class='ocr_par' dir='ltr' id='par_1_99' title="bbox 309 5097 1971 5168">
     <span class='ocr_line' id='line_1_100' title="bbox 309 5097 1971 5168; baseline 0.01 -16"><span class='ocrx_word' id='word_1_695' title='bbox 309 5097 408 5154; x_wconf 88' lang='lat' dir='ltr'>ille</span> <span class='ocrx_word' id='word_1_696' title='bbox 438 5105 662 5156; x_wconf 67' lang='lat' dir='ltr'>natura</span> <span class='ocrx_word' id='word_1_697' title='bbox 693 5100 1037 5159; x_wconf 77' lang='lat' dir='ltr'>infirmitate</span> <span class='ocrx_word' id='word_1_698' title='bbox 1069 5105 1244 5161; x_wconf 86' lang='lat' dir='ltr'>verba</span> <span class='ocrx_word' id='word_1_699' title='bbox 1274 5108 1516 5162; x_wconf 89' lang='lat' dir='ltr'>metitur</span> <span class='ocrx_word' id='word_1_700' title='bbox 1545 5127 1652 5165; x_wconf 90' lang='lat' dir='ltr'>sua</span> <span class='ocrx_word' id='word_1_701' title='bbox 1687 5127 1699 5165; x_wconf 95' lang='lat'>:</span> <span class='ocrx_word' id='word_1_702' title='bbox 1737 5127 1849 5166; x_wconf 90' lang='lat' dir='ltr'>non</span> <span class='ocrx_word' id='word_1_703' title='bbox 1881 5129 1971 5168; x_wconf 90' lang='lat' dir='ltr'>co-</span> 
     </span>
    </p>
   </div>
   <div class='ocr_carea' id='block_1_100' title="bbox 313 5189 1970 5262">
    <p class='ocr_par' dir='ltr' id='par_1_100' title="bbox 313 5189 1970 5262">
     <span class='ocr_line' id='line_1_101' title="bbox 313 5189 1970 5262; baseline 0.009 -20"><span class='ocrx_word' id='word_1_704' title='bbox 313 5189 463 5261; x_wconf 89' lang='lat' dir='ltr'>gitat</span> <span class='ocrx_word' id='word_1_705' title='bbox 493 5189 790 5262; x_wconf 82' lang='lat' dir='ltr'>loquentis</span> <span class='ocrx_word' id='word_1_706' title='bbox 825 5194 1327 5261; x_wconf 89' lang='lat' dir='ltr'>veracitatem,sed</span> <span class='ocrx_word' id='word_1_707' title='bbox 1363 5200 1820 5256; x_wconf 88' lang='lat' dir='ltr'>contradicendo</span> <span class='ocrx_word' id='word_1_708' title='bbox 1841 5218 1970 5257; x_wconf 88' lang='lat' dir='ltr'>sese</span> 
     </span>
    </p>
   </div>
   <div class='ocr_carea' id='block_1_101' title="bbox 301 5280 1968 5354">
    <p class='ocr_par' dir='ltr' id='par_1_101' title="bbox 301 5280 1968 5354">
     <span class='ocr_line' id='line_1_102' title="bbox 301 5280 1968 5354; baseline 0.008 -21"><span class='ocrx_word' id='word_1_709' title='bbox 301 5280 664 5348; x_wconf 84' lang='lat' dir='ltr'>jactat.Quid</span> <span class='ocrx_word' id='word_1_710' title='bbox 690 5297 827 5354; x_wconf 89' lang='lat' dir='ltr'>ergo</span> <span class='ocrx_word' id='word_1_711' title='bbox 851 5282 1168 5339; x_wconf 81' lang='lat' dir='ltr'>Dominus?</span> <span class='ocrx_word' id='word_1_712' title='bbox 1189 5284 1362 5343; x_wconf 90' lang='lat' dir='ltr'>Nulla</span> <span class='ocrx_word' id='word_1_713' title='bbox 1394 5287 1537 5342; x_wconf 88' lang='lat' dir='ltr'>mihi</span> <span class='ocrx_word' id='word_1_714' title='bbox 1561 5289 1630 5344; x_wconf 92' lang='lat' dir='ltr'>ad</span> <span class='ocrx_word' id='word_1_715' title='bbox 1668 5289 1968 5346; x_wconf 87' lang='lat' dir='ltr'>victoriam</span> 
     </span>
    </p>
   </div>
   <div class='ocr_carea' id='block_1_102' title="bbox 381 5481 1049 5554">
    <p class='ocr_par' dir='ltr' id='par_1_102' title="bbox 381 5481 1049 5554">
     <span class='ocr_line' id='line_1_103' title="bbox 381 5481 1049 5554; baseline 0.004 -19"><span class='ocrx_word' id='word_1_716' title='bbox 381 5482 424 5516; x_wconf 73' lang='grc'>⁷⁸</span> <span class='ocrx_word' id='word_1_717' title='bbox 458 5481 636 5538; x_wconf 86' lang='lat' dir='ltr'>Matth</span> <span class='ocrx_word' id='word_1_718' title='bbox 651 5484 850 5554; x_wconf 61' lang='lat' dir='ltr'>.fxxvr,</span> <span class='ocrx_word' id='word_1_719' title='bbox 876 5485 929 5537; x_wconf 87' lang='lat'>9.</span> <span class='ocrx_word' id='word_1_720' title='bbox 1006 5486 1049 5519; x_wconf 83' lang='grc'>⁷⁷</span> 
     </span>
    </p>
   </div>
   <div class='ocr_carea' id='block_1_103' title="bbox 387 5670 988 5743">
    <p class='ocr_par' dir='ltr' id='par_1_103' title="bbox 387 5670 988 5743">
     <span class='ocr_line' id='line_1_104' title="bbox 387 5670 988 5743; baseline 0.003 0"><span class='ocrx_word' id='word_1_721' title='bbox 387 5670 502 5743; x_wconf 65' lang='grc'>(17)</span> <span class='ocrx_word' id='word_1_722' title='bbox 527 5670 669 5743; x_wconf 76' lang='lat' dir='ltr'>Bes-</span> <span class='ocrx_word' id='word_1_723' title='bbox 706 5671 770 5743; x_wconf 53' lang='lat' dir='ltr'>«ea</span> <span class='ocrx_word' id='word_1_724' title='bbox 796 5672 988 5733; x_wconf 79' lang='grc' dir='ltr'>πάθος.</span> 
     </span>
    </p>
   </div>
   <div class='ocr_carea' id='block_1_104' title="bbox 387 5740 1073 5821">
    <p class='ocr_par' dir='ltr' id='par_1_104' title="bbox 387 5740 1073 5821">
     <span class='ocr_line' id='line_1_105' title="bbox 387 5740 1073 5821; baseline 0.007 -27"><span class='ocrx_word' id='word_1_725' title='bbox 387 5741 491 5814; x_wconf 78' lang='grc'>(18)</span> <span class='ocrx_word' id='word_1_726' title='bbox 527 5740 661 5814; x_wconf 71' lang='lat' dir='ltr'>Reg.</span> <span class='ocrx_word' id='word_1_727' title='bbox 696 5741 1073 5821; x_wconf 84' lang='grc' dir='ltr'>φιλαργυρίας.</span> 
     </span>
    </p>
   </div>
   <div class='ocr_carea' id='block_1_105' title="bbox 2074 4739 3728 4829">
    <p class='ocr_par' dir='ltr' id='par_1_105' title="bbox 2074 4739 3728 4829">
     <span class='ocr_line' id='line_1_106' title="bbox 2074 4739 3728 4829; baseline -0.008 -21"><span class='ocrx_word' id='word_1_728' title='bbox 2074 4751 2353 4829; x_wconf 83' lang='grc' dir='ltr'>κρύπτεις,</span> <span class='ocrx_word' id='word_1_729' title='bbox 2386 4750 2416 4806; x_wconf 83' lang='grc' dir='ltr'>ἃ</span> <span class='ocrx_word' id='word_1_730' title='bbox 2447 4750 2736 4827; x_wconf 86' lang='grc' dir='ltr'>πράττεις;</span> <span class='ocrx_word' id='word_1_731' title='bbox 2771 4749 2878 4806; x_wconf 90' lang='grc' dir='ltr'>Τὸν</span> <span class='ocrx_word' id='word_1_732' title='bbox 2932 4746 3154 4821; x_wconf 86' lang='grc' dir='ltr'>σταυρὸν</span> <span class='ocrx_word' id='word_1_733' title='bbox 3207 4744 3476 4817; x_wconf 82' lang='grc' dir='ltr'>ἀναμένω.</span> <span class='ocrx_word' id='word_1_734' title='bbox 3508 4741 3572 4798; x_wconf 89' lang='grc' dir='ltr'>Ὁ</span> <span class='ocrx_word' id='word_1_735' title='bbox 3633 4739 3728 4812; x_wconf 76' lang='grc' dir='ltr'>μὲν</span> 
     </span>
    </p>
   </div>
   <div class='ocr_carea' id='block_1_106' title="bbox 2077 4829 3731 4915">
    <p class='ocr_par' dir='ltr' id='par_1_106' title="bbox 2077 4829 3731 4915">
     <span class='ocr_line' id='line_1_107' title="bbox 2077 4829 3731 4915; baseline -0.008 -18"><span class='ocrx_word' id='word_1_736' title='bbox 2077 4839 2283 4903; x_wconf 84' lang='grc' dir='ltr'>Ἰούδας</span> <span class='ocrx_word' id='word_1_737' title='bbox 2341 4840 2573 4902; x_wconf 77' lang='grc' dir='ltr'>τούτοις·</span> <span class='ocrx_word' id='word_1_738' title='bbox 2637 4839 2841 4915; x_wconf 84' lang='grc' dir='ltr'>ΙΙὲτρος</span> <span class='ocrx_word' id='word_1_739' title='bbox 2885 4835 2942 4893; x_wconf 73' lang='grc' dir='ltr'>δὲ</span> <span class='ocrx_word' id='word_1_740' title='bbox 2971 4835 3095 4912; x_wconf 79' lang='grc' dir='ltr'>περὶ</span> <span class='ocrx_word' id='word_1_741' title='bbox 3135 4831 3367 4913; x_wconf 82' lang='grc' dir='ltr'>φίλτρου</span> <span class='ocrx_word' id='word_1_742' title='bbox 3400 4829 3731 4904; x_wconf 72' lang='grc' dir='ltr'>διωμνύετο*</span> 
     </span>
    </p>
   </div>
   <div class='ocr_carea' id='block_1_107' title="bbox 2082 4921 3733 5006">
    <p class='ocr_par' dir='ltr' id='par_1_107' title="bbox 2082 4921 3733 5006">
     <span class='ocr_line' id='line_1_108' title="bbox 2082 4921 3733 5006; baseline -0.008 -19"><span class='ocrx_word' id='word_1_743' title='bbox 2082 4954 2109 4987; x_wconf 81' lang='grc' dir='ltr'>ιι</span> <span class='ocrx_word' id='word_1_744' title='bbox 2141 4933 2261 4986; x_wconf 81' lang='grc' dir='ltr'>Ἐὰν</span> <span class='ocrx_word' id='word_1_745' title='bbox 2297 4929 2390 5006; x_wconf 78' lang='grc' dir='ltr'>δέῃ</span> <span class='ocrx_word' id='word_1_746' title='bbox 2428 4952 2493 5004; x_wconf 89' lang='grc' dir='ltr'>με</span> <span class='ocrx_word' id='word_1_747' title='bbox 2545 4929 2636 4984; x_wconf 81' lang='grc' dir='ltr'>σὺν</span> <span class='ocrx_word' id='word_1_748' title='bbox 2700 4930 2784 4984; x_wconf 90' lang='grc' dir='ltr'>σοὶ</span> <span class='ocrx_word' id='word_1_749' title='bbox 2843 4928 3156 4994; x_wconf 75' lang='grc' dir='ltr'>ἀποθανεῖν,</span> <span class='ocrx_word' id='word_1_750' title='bbox 3191 4923 3252 4980; x_wconf 86' lang='grc' dir='ltr'>ού</span> <span class='ocrx_word' id='word_1_751' title='bbox 3286 4924 3362 4998; x_wconf 74' lang='grc' dir='ltr'>μή</span> <span class='ocrx_word' id='word_1_752' title='bbox 3397 4943 3456 4978; x_wconf 86' lang='grc' dir='ltr'>σε</span> <span class='ocrx_word' id='word_1_753' title='bbox 3484 4921 3733 4996; x_wconf 77' lang='grc' dir='ltr'>ἀπαρνή-</span> 
     </span>
    </p>
   </div>
   <div class='ocr_carea' id='block_1_108' title="bbox 2078 5011 3727 5098">
    <p class='ocr_par' dir='ltr' id='par_1_108' title="bbox 2078 5011 3727 5098">
     <span class='ocr_line' id='line_1_109' title="bbox 2078 5011 3727 5098; baseline -0.008 -19"><span class='ocrx_word' id='word_1_754' title='bbox 2078 5046 2264 5098; x_wconf 88' lang='grc' dir='ltr'>σομαι.</span> <span class='ocrx_word' id='word_1_755' title='bbox 2311 5048 2338 5075; x_wconf 87' lang='grc'><strong>››</strong></span> <span class='ocrx_word' id='word_1_756' title='bbox 2395 5022 2615 5079; x_wconf 80' lang='grc' dir='ltr'>Μεθύων</span> <span class='ocrx_word' id='word_1_757' title='bbox 2678 5026 2758 5094; x_wconf 80' lang='grc' dir='ltr'>τῷ</span> <span class='ocrx_word' id='word_1_758' title='bbox 2815 5020 2967 5093; x_wconf 84' lang='grc' dir='ltr'>πόοῳ</span> <span class='ocrx_word' id='word_1_759' title='bbox 3022 5019 3160 5074; x_wconf 81' lang='grc' dir='ltr'>κατὰ</span> <span class='ocrx_word' id='word_1_760' title='bbox 3207 5016 3438 5071; x_wconf 79' lang='grc' dir='ltr'>Θανάτου</span> <span class='ocrx_word' id='word_1_761' title='bbox 3477 5011 3727 5088; x_wconf 83' lang='grc' dir='ltr'>θρασύνε-</span> 
     </span>
    </p>
   </div>
   <div class='ocr_carea' id='block_1_109' title="bbox 2076 5099 3724 5205">
    <p class='ocr_par' dir='ltr' id='par_1_109' title="bbox 2076 5099 3724 5205">
     <span class='ocr_line' id='line_1_110' title="bbox 2076 5099 3724 5205; baseline -0.009 -38"><span class='ocrx_word' id='word_1_762' title='bbox 2076 5131 2185 5168; x_wconf 70' lang='grc' dir='ltr'>ται*</span> <span class='ocrx_word' id='word_1_763' title='bbox 2218 5112 2280 5167; x_wconf 91' lang='grc' dir='ltr'>ού</span> <span class='ocrx_word' id='word_1_764' title='bbox 2317 5117 2499 5187; x_wconf 84' lang='grc' dir='ltr'>μετρεῖ</span> <span class='ocrx_word' id='word_1_765' title='bbox 2529 5109 2655 5171; x_wconf 78' lang='grc' dir='ltr'>τοὺς</span> <span class='ocrx_word' id='word_1_766' title='bbox 2689 5108 2891 5184; x_wconf 86' lang='grc' dir='ltr'>λόγους</span> <span class='ocrx_word' id='word_1_767' title='bbox 2941 5109 3008 5178; x_wconf 75' lang='grc' dir='ltr'>τῇ</span> <span class='ocrx_word' id='word_1_768' title='bbox 3054 5104 3293 5205; x_wconf 58' lang='grc' dir='ltr'>ἐσθενεία</span> <span class='ocrx_word' id='word_1_769' title='bbox 3318 5110 3438 5205; x_wconf 43' lang='grc' dir='ltr'>’τῆς</span> <span class='ocrx_word' id='word_1_770' title='bbox 3496 5099 3724 5205; x_wconf 60' lang='grc' dir='ltr'>φύσερυς⁹</span> 
     </span>
    </p>
   </div>
   <div class='ocr_carea' id='block_1_110' title="bbox 2079 5193 3728 5269">
    <p class='ocr_par' dir='ltr' id='par_1_110' title="bbox 2079 5193 3728 5269">
     <span class='ocr_line' id='line_1_111' title="bbox 2079 5193 3728 5269; baseline -0.007 -12"><span class='ocrx_word' id='word_1_771' title='bbox 2079 5201 2179 5257; x_wconf 83' lang='grc' dir='ltr'>οὐκ</span> <span class='ocrx_word' id='word_1_772' title='bbox 2243 5198 2413 5254; x_wconf 84' lang='grc' dir='ltr'>ἐννοεῖ</span> <span class='ocrx_word' id='word_1_773' title='bbox 2469 5199 2558 5253; x_wconf 91' lang='grc' dir='ltr'>τὸν</span> <span class='ocrx_word' id='word_1_774' title='bbox 2611 5197 2972 5268; x_wconf 86' lang='grc' dir='ltr'>ἀληθεύοντα,</span> <span class='ocrx_word' id='word_1_775' title='bbox 3028 5194 3120 5250; x_wconf 80' lang='grc' dir='ltr'>καὶ</span> <span class='ocrx_word' id='word_1_776' title='bbox 3149 5193 3445 5269; x_wconf 70' lang='grc' dir='ltr'>ἀντιλέγων</span> <span class='ocrx_word' id='word_1_777' title='bbox 3476 5193 3728 5261; x_wconf 80' lang='grc' dir='ltr'>σεμνύνε-</span> 
     </span>
    </p>
   </div>
   <div class='ocr_carea' id='block_1_111' title="bbox 2078 5272 3728 5361">
    <p class='ocr_par' dir='ltr' id='par_1_111' title="bbox 2078 5272 3728 5361">
     <span class='ocr_line' id='line_1_112' title="bbox 2078 5272 3728 5361; baseline -0.009 -17"><span class='ocrx_word' id='word_1_778' title='bbox 2078 5310 2186 5346; x_wconf 85' lang='grc' dir='ltr'>ται,</span> <span class='ocrx_word' id='word_1_779' title='bbox 2246 5289 2305 5343; x_wconf 86' lang='grc' dir='ltr'>Τί</span> <span class='ocrx_word' id='word_1_780' title='bbox 2364 5293 2454 5343; x_wconf 80' lang='grc' dir='ltr'>οὖν</span> <span class='ocrx_word' id='word_1_781' title='bbox 2507 5289 2536 5342; x_wconf 90' lang='lat'>6</span> <span class='ocrx_word' id='word_1_782' title='bbox 2573 5285 2769 5361; x_wconf 86' lang='grc' dir='ltr'>Κύριος</span> <span class='ocrx_word' id='word_1_783' title='bbox 2796 5305 2810 5358; x_wconf 87' lang='grc'>;</span> <span class='ocrx_word' id='word_1_784' title='bbox 2843 5285 2916 5340; x_wconf 83' lang='grc' dir='ltr'>Ού</span> <span class='ocrx_word' id='word_1_785' title='bbox 2948 5284 3107 5361; x_wconf 86' lang='grc' dir='ltr'>χρεία</span> <span class='ocrx_word' id='word_1_786' title='bbox 3137 5304 3243 5357; x_wconf 83' lang='grc' dir='ltr'>μου</span> <span class='ocrx_word' id='word_1_787' title='bbox 3275 5280 3451 5359; x_wconf 88' lang='grc' dir='ltr'>λόγων</span> <span class='ocrx_word' id='word_1_788' title='bbox 3483 5277 3618 5353; x_wconf 85' lang='grc' dir='ltr'>πρὸς</span> <span class='ocrx_word' id='word_1_789' title='bbox 3646 5272 3728 5330; x_wconf 87' lang='grc' dir='ltr'>νί-</span> 
     </span>
    </p>
   </div>
   <div class='ocr_carea' id='block_1_112' title="bbox 1127 5485 1962 5555">
    <p class='ocr_par' dir='ltr' id='par_1_112' title="bbox 1127 5486 1955 5554">
     <span class='ocr_line' id='line_1_113' title="bbox 1127 5486 1955 5554; baseline 0.008 -14"><span class='ocrx_word' id='word_1_790' title='bbox 1127 5486 1329 5542; x_wconf 86' lang='lat' dir='ltr'>Matth.</span> <span class='ocrx_word' id='word_1_791' title='bbox 1409 5492 1690 5554; x_wconf 80' lang='lat' dir='ltr'>xxm,32.</span> <span class='ocrx_word' id='word_1_792' title='bbox 1770 5491 1955 5547; x_wconf 64' lang='lat' dir='ltr'>1“ibid</span> 
     </span>
    </p>
   </div>
   <div class='ocr_carea' id='block_1_113' title="bbox 2076 5485 3342 5555">
    <p class='ocr_par' dir='ltr' id='par_1_113' title="bbox 2076 5485 3342 5555">
     <span class='ocr_line' id='line_1_114' title="bbox 2076 5485 3342 5555; baseline -0.006 -9"><span class='ocrx_word' id='word_1_793' title='bbox 2076 5501 2096 5546; x_wconf 67' lang='grc' dir='ltr'>ι.</span> <span class='ocrx_word' id='word_1_794' title='bbox 2175 5493 2220 5526; x_wconf 74' lang='grc'>⁷³</span> <span class='ocrx_word' id='word_1_795' title='bbox 2240 5491 2375 5547; x_wconf 90' lang='lat' dir='ltr'>Luc.</span> <span class='ocrx_word' id='word_1_796' title='bbox 2408 5506 2548 5555; x_wconf 69' lang='grc' dir='ltr'>χχιι,</span> <span class='ocrx_word' id='word_1_797' title='bbox 2583 5489 2670 5543; x_wconf 81' lang='grc'>48.</span> <span class='ocrx_word' id='word_1_798' title='bbox 2746 5487 2794 5523; x_wconf 78' lang='grc' dir='ltr'>⁸ο</span> <span class='ocrx_word' id='word_1_799' title='bbox 2825 5486 3030 5542; x_wconf 84' lang='lat' dir='ltr'>Matth.</span> <span class='ocrx_word' id='word_1_800' title='bbox 3066 5501 3220 5554; x_wconf 78' lang='lat' dir='ltr'>xxvr,</span> <span class='ocrx_word' id='word_1_801' title='bbox 3252 5485 3342 5539; x_wconf 87' lang='lat'>35.</span> 
     </span>
    </p>
   </div>
   <div class='ocr_carea' id='block_1_114' title="bbox 2151 5673 3123 5752">
    <p class='ocr_par' dir='ltr' id='par_1_114' title="bbox 2151 5673 3123 5752">
     <span class='ocr_line' id='line_1_115' title="bbox 2151 5673 3123 5752; baseline -0.006 -17"><span class='ocrx_word' id='word_1_802' title='bbox 2151 5679 2265 5752; x_wconf 84' lang='grc'>(19)</span> <span class='ocrx_word' id='word_1_803' title='bbox 2300 5679 2440 5752; x_wconf 83' lang='lat' dir='ltr'>Reg.</span> <span class='ocrx_word' id='word_1_804' title='bbox 2473 5673 2690 5751; x_wconf 85' lang='grc' dir='ltr'>δεῖγμα,</span> <span class='ocrx_word' id='word_1_805' title='bbox 2724 5675 2895 5734; x_wconf 88' lang='lat' dir='ltr'>lectio</span> <span class='ocrx_word' id='word_1_806' title='bbox 2927 5674 3123 5731; x_wconf 84' lang='lat' dir='ltr'>dubia.</span> 
     </span>
    </p>
   </div>
  </div>
