  <div class='ocr_page' id='page_1' title='image "/cluster/home/n/w/nwhite01/storage/ocr_20150623/28:no.4/coo.31924054873090/540.png"; bbox 0 0 4120 6376; ppageno 0'>
   <div class='ocr_carea' id='block_1_1' title="bbox 356 413 512 474">
    <p class='ocr_par' dir='ltr' id='par_1_1' title="bbox 356 413 512 474">
     <span class='ocr_line' id='line_1_1' title="bbox 356 413 512 474; baseline 0 0"><span class='ocrx_word' id='word_1_1' title='bbox 356 413 512 474; x_wconf 80' lang='grc'>1053</span> 
     </span>
    </p>
   </div>
   <div class='ocr_carea' id='block_1_2' title="bbox 1448 413 2677 475">
    <p class='ocr_par' dir='ltr' id='par_1_2' title="bbox 1448 413 2677 475">
     <span class='ocr_line' id='line_1_2' title="bbox 1448 413 2677 475; baseline -0.001 0"><span class='ocrx_word' id='word_1_2' title='bbox 1448 415 1714 475; x_wconf 73' lang='lat' dir='ltr'><strong>SERMO</strong></span> <span class='ocrx_word' id='word_1_3' title='bbox 1759 416 1834 474; x_wconf 81' lang='grc' dir='ltr'>ΙΝ</span> <span class='ocrx_word' id='word_1_4' title='bbox 1886 413 2331 475; x_wconf 78' lang='lat' dir='ltr'>PASSIONEM</span> <span class='ocrx_word' id='word_1_5' title='bbox 2378 413 2677 474; x_wconf 83' lang='lat' dir='ltr'>DOMINI.</span> 
     </span>
    </p>
   </div>
   <div class='ocr_carea' id='block_1_3' title="bbox 3615 416 3772 476">
    <p class='ocr_par' dir='ltr' id='par_1_3' title="bbox 3615 416 3772 476">
     <span class='ocr_line' id='line_1_3' title="bbox 3615 416 3772 476; baseline -0.006 -1"><span class='ocrx_word' id='word_1_6' title='bbox 3615 416 3772 476; x_wconf 69' lang='grc'>1054</span> 
     </span>
    </p>
   </div>
   <div class='ocr_carea' id='block_1_4' title="bbox 352 545 2006 624">
    <p class='ocr_par' dir='ltr' id='par_1_4' title="bbox 352 545 2001 624">
     <span class='ocr_line' id='line_1_4' title="bbox 352 545 2001 624; baseline -0.002 -20"><span class='ocrx_word' id='word_1_7' title='bbox 352 570 472 619; x_wconf 87' lang='grc' dir='ltr'>κην·</span> <span class='ocrx_word' id='word_1_8' title='bbox 505 545 849 623; x_wconf 85' lang='grc' dir='ltr'>Ἀλεκτρυών</span> <span class='ocrx_word' id='word_1_9' title='bbox 894 569 989 602; x_wconf 86' lang='grc' dir='ltr'>σου</span> <span class='ocrx_word' id='word_1_10' title='bbox 1043 548 1143 616; x_wconf 73' lang='grc' dir='ltr'>τὴν</span> <span class='ocrx_word' id='word_1_11' title='bbox 1182 548 1552 624; x_wconf 77' lang='grc' dir='ltr'>μεγαλαυχίαν</span> <span class='ocrx_word' id='word_1_12' title='bbox 1604 548 1826 623; x_wconf 72' lang='grc' dir='ltr'>ἐλέγξειο</span> <span class='ocrx_word' id='word_1_13' title='bbox 1863 548 2001 602; x_wconf 79' lang='grc' dir='ltr'>ἐκεῖ·</span> 
     </span>
    </p>
   </div>
   <div class='ocr_carea' id='block_1_5' title="bbox 2117 545 3772 624">
    <p class='ocr_par' dir='ltr' id='par_1_5' title="bbox 2117 548 3772 623">
     <span class='ocr_line' id='line_1_5' title="bbox 2117 548 3772 623; baseline 0.002 -21"><span class='ocrx_word' id='word_1_14' title='bbox 2117 548 2426 604; x_wconf 89' lang='lat' dir='ltr'>verborum</span> <span class='ocrx_word' id='word_1_15' title='bbox 2462 549 2798 604; x_wconf 84' lang='lat' dir='ltr'>necessitas.</span> <span class='ocrx_word' id='word_1_16' title='bbox 2835 549 3142 606; x_wconf 87' lang='lat' dir='ltr'>Jactatiam</span> <span class='ocrx_word' id='word_1_17' title='bbox 3175 555 3336 606; x_wconf 86' lang='lat' dir='ltr'>tuam</span> <span class='ocrx_word' id='word_1_18' title='bbox 3370 549 3562 623; x_wconf 83' lang='lat' dir='ltr'>gallus</span> <span class='ocrx_word' id='word_1_19' title='bbox 3607 565 3772 606; x_wconf 82' lang='lat' dir='ltr'>coar-</span> 
     </span>
    </p>
   </div>
   <div class='ocr_carea' id='block_1_6' title="bbox 350 635 2005 714">
    <p class='ocr_par' dir='ltr' id='par_1_6' title="bbox 350 635 2005 714">
     <span class='ocr_line' id='line_1_6' title="bbox 350 635 2005 714; baseline 0 -21"><span class='ocrx_word' id='word_1_20' title='bbox 350 659 440 700; x_wconf 87' lang='grc' dir='ltr'>νος</span> <span class='ocrx_word' id='word_1_21' title='bbox 467 643 576 693; x_wconf 81' lang='grc' dir='ltr'>τῶν</span> <span class='ocrx_word' id='word_1_22' title='bbox 604 642 700 692; x_wconf 73' lang='grc' dir='ltr'>τοῦ</span> <span class='ocrx_word' id='word_1_23' title='bbox 733 635 996 693; x_wconf 77' lang='grc' dir='ltr'>δεσπότου</span> <span class='ocrx_word' id='word_1_24' title='bbox 1029 637 1205 714; x_wconf 89' lang='grc' dir='ltr'>λόγων</span> <span class='ocrx_word' id='word_1_25' title='bbox 1237 641 1533 714; x_wconf 74' lang='grc' dir='ltr'>συνήγορος</span> <span class='ocrx_word' id='word_1_26' title='bbox 1585 636 1749 694; x_wconf 83' lang='grc' dir='ltr'>ἔσται·</span> <span class='ocrx_word' id='word_1_27' title='bbox 1803 638 2005 700; x_wconf 78' lang='grc' dir='ltr'>ἐκεῖνός</span> 
     </span>
    </p>
   </div>
   <div class='ocr_carea' id='block_1_7' title="bbox 355 725 2002 803">
    <p class='ocr_par' dir='ltr' id='par_1_7' title="bbox 355 725 2002 803">
     <span class='ocr_line' id='line_1_7' title="bbox 355 725 2002 803; baseline 0.001 -22"><span class='ocrx_word' id='word_1_28' title='bbox 355 749 440 782; x_wconf 83' lang='grc' dir='ltr'>σοι</span> <span class='ocrx_word' id='word_1_29' title='bbox 497 732 616 788; x_wconf 84' lang='grc' dir='ltr'>τοῖς</span> <span class='ocrx_word' id='word_1_30' title='bbox 662 731 770 781; x_wconf 84' lang='grc' dir='ltr'>τῶν</span> <span class='ocrx_word' id='word_1_31' title='bbox 824 725 1083 802; x_wconf 69' lang='grc' dir='ltr'>ῥημάτων</span> <span class='ocrx_word' id='word_1_32' title='bbox 1135 726 1373 800; x_wconf 80' lang='grc' dir='ltr'>κόμποις</span> <span class='ocrx_word' id='word_1_33' title='bbox 1429 729 1570 803; x_wconf 79' lang='grc' dir='ltr'>βοῶν</span> <span class='ocrx_word' id='word_1_34' title='bbox 1610 729 2002 798; x_wconf 74' lang='grc' dir='ltr'>ἀντιστήσεται.</span> 
     </span>
    </p>
   </div>
   <div class='ocr_carea' id='block_1_8' title="bbox 351 813 2002 893">
    <p class='ocr_par' dir='ltr' id='par_1_8' title="bbox 351 813 2002 893">
     <span class='ocr_line' id='line_1_8' title="bbox 351 813 2002 893; baseline -0.001 -22"><span class='ocrx_word' id='word_1_35' title='bbox 351 814 661 885; x_wconf 83' lang='grc' dir='ltr'>Ἠκολούοη</span> <span class='ocrx_word' id='word_1_36' title='bbox 690 821 806 877; x_wconf 90' lang='grc' dir='ltr'>τοῖς</span> <span class='ocrx_word' id='word_1_37' title='bbox 840 813 1029 889; x_wconf 77' lang='grc' dir='ltr'>λόγοις</span> <span class='ocrx_word' id='word_1_38' title='bbox 1071 816 1136 870; x_wconf 79' lang='grc' dir='ltr'>τά</span> <span class='ocrx_word' id='word_1_39' title='bbox 1185 819 1492 892; x_wconf 74' lang='grc' dir='ltr'>πράγματα.</span> <span class='ocrx_word' id='word_1_40' title='bbox 1526 815 1791 887; x_wconf 73' lang='grc' dir='ltr'>Ιῐαιδίσκη</span> <span class='ocrx_word' id='word_1_41' title='bbox 1839 819 2002 893; x_wconf 77' lang='grc' dir='ltr'>φθέγ-</span> 
     </span>
    </p>
   </div>
   <div class='ocr_carea' id='block_1_9' title="bbox 354 905 2004 982">
    <p class='ocr_par' dir='ltr' id='par_1_9' title="bbox 354 905 2004 982">
     <span class='ocr_line' id='line_1_9' title="bbox 354 905 2004 982; baseline 0.001 -23"><span class='ocrx_word' id='word_1_42' title='bbox 354 925 526 981; x_wconf 87' lang='grc' dir='ltr'>γεται,</span> <span class='ocrx_word' id='word_1_43' title='bbox 561 905 651 958; x_wconf 80' lang='grc' dir='ltr'>καὶ</span> <span class='ocrx_word' id='word_1_44' title='bbox 699 906 732 973; x_wconf 81' lang='grc' dir='ltr'><strong>ἠ</strong></span> <span class='ocrx_word' id='word_1_45' title='bbox 782 907 993 981; x_wconf 70' lang='grc' dir='ltr'>κορυφὴ</span> <span class='ocrx_word' id='word_1_46' title='bbox 1043 909 1150 959; x_wconf 81' lang='grc' dir='ltr'>τῶν</span> <span class='ocrx_word' id='word_1_47' title='bbox 1194 905 1511 960; x_wconf 81' lang='grc' dir='ltr'>ἀποστόλων</span> <span class='ocrx_word' id='word_1_48' title='bbox 1547 905 1884 982; x_wconf 73' lang='grc' dir='ltr'>ταράττεται,</span> <span class='ocrx_word' id='word_1_49' title='bbox 1916 907 2004 961; x_wconf 81' lang='grc' dir='ltr'>καὶ</span> 
     </span>
    </p>
   </div>
   <div class='ocr_carea' id='block_1_10' title="bbox 356 991 2006 1071">
    <p class='ocr_par' dir='ltr' id='par_1_10' title="bbox 356 991 2006 1071">
     <span class='ocr_line' id='line_1_10' title="bbox 356 991 2006 1071; baseline 0.001 -22"><span class='ocrx_word' id='word_1_50' title='bbox 356 991 568 1069; x_wconf 85' lang='grc' dir='ltr'>ΙΙέτρος</span> <span class='ocrx_word' id='word_1_51' title='bbox 616 992 922 1069; x_wconf 71' lang='grc' dir='ltr'>ἐλέγχεται.</span> <span class='ocrx_word' id='word_1_52' title='bbox 976 993 1118 1068; x_wconf 79' lang='grc' dir='ltr'>Κόρη</span> <span class='ocrx_word' id='word_1_53' title='bbox 1171 993 1351 1064; x_wconf 83' lang='grc' dir='ltr'>λαλεῖ,</span> <span class='ocrx_word' id='word_1_54' title='bbox 1383 996 1532 1065; x_wconf 76' lang='grc' dir='ltr'>καὶὴ</span> <span class='ocrx_word' id='word_1_55' title='bbox 1585 994 1751 1071; x_wconf 85' lang='grc' dir='ltr'>πέτρα</span> <span class='ocrx_word' id='word_1_56' title='bbox 1808 997 2006 1071; x_wconf 79' lang='grc' dir='ltr'>χειμά-</span> 
     </span>
    </p>
   </div>
   <div class='ocr_carea' id='block_1_11' title="bbox 358 1082 2009 1159">
    <p class='ocr_par' dir='ltr' id='par_1_11' title="bbox 358 1082 2009 1159">
     <span class='ocr_line' id='line_1_11' title="bbox 358 1082 2009 1159; baseline 0.002 -22"><span class='ocrx_word' id='word_1_57' title='bbox 358 1088 522 1152; x_wconf 87' lang='grc' dir='ltr'>ζεται·</span> <span class='ocrx_word' id='word_1_58' title='bbox 564 1083 702 1157; x_wconf 89' lang='grc' dir='ltr'>κόρη</span> <span class='ocrx_word' id='word_1_59' title='bbox 753 1082 1041 1155; x_wconf 75' lang='grc' dir='ltr'>ψιθυρίζει,</span> <span class='ocrx_word' id='word_1_60' title='bbox 1087 1085 1176 1137; x_wconf 81' lang='grc' dir='ltr'>καὶ</span> <span class='ocrx_word' id='word_1_61' title='bbox 1230 1083 1434 1159; x_wconf 82' lang='grc' dir='ltr'>Πέτρος</span> <span class='ocrx_word' id='word_1_62' title='bbox 1485 1085 1739 1159; x_wconf 83' lang='grc' dir='ltr'>ἀρνεῖται.</span> <span class='ocrx_word' id='word_1_63' title='bbox 1773 1085 2009 1154; x_wconf 84' lang='grc' dir='ltr'>’Ήλπιζε</span> 
     </span>
    </p>
   </div>
   <div class='ocr_carea' id='block_1_12' title="bbox 354 1169 2010 1250">
    <p class='ocr_par' dir='ltr' id='par_1_12' title="bbox 354 1169 2010 1250">
     <span class='ocr_line' id='line_1_12' title="bbox 354 1169 2010 1250; baseline 0.001 -23"><span class='ocrx_word' id='word_1_64' title='bbox 354 1170 559 1236; x_wconf 83' lang='grc' dir='ltr'>πείθειν</span> <span class='ocrx_word' id='word_1_65' title='bbox 589 1173 687 1240; x_wconf 78' lang='grc' dir='ltr'>τὴν</span> <span class='ocrx_word' id='word_1_66' title='bbox 729 1172 896 1247; x_wconf 88' lang='grc' dir='ltr'>κόρην</span> <span class='ocrx_word' id='word_1_67' title='bbox 933 1173 960 1226; x_wconf 86' lang='grc' dir='ltr'>ὁ</span> <span class='ocrx_word' id='word_1_68' title='bbox 998 1174 1198 1248; x_wconf 82' lang='grc' dir='ltr'>Πέτρος</span> <span class='ocrx_word' id='word_1_69' title='bbox 1245 1173 1484 1246; x_wconf 79' lang='grc' dir='ltr'>ὀμνύων⁹</span> <span class='ocrx_word' id='word_1_70' title='bbox 1518 1174 1642 1230; x_wconf 81' lang='grc' dir='ltr'>ἀλλ’</span> <span class='ocrx_word' id='word_1_71' title='bbox 1688 1169 1836 1250; x_wconf 76' lang='grc' dir='ltr'>ὄρνις</span> <span class='ocrx_word' id='word_1_72' title='bbox 1883 1173 2010 1236; x_wconf 65' lang='grc' dir='ltr'>τοὺς</span> 
     </span>
    </p>
   </div>
   <div class='ocr_carea' id='block_1_13' title="bbox 355 1260 2008 1341">
    <p class='ocr_par' dir='ltr' id='par_1_13' title="bbox 355 1260 2008 1341">
     <span class='ocr_line' id='line_1_13' title="bbox 355 1260 2008 1341; baseline 0.001 -23"><span class='ocrx_word' id='word_1_73' title='bbox 355 1261 552 1337; x_wconf 73' lang='grc' dir='ltr'>ὅρκους</span> <span class='ocrx_word' id='word_1_74' title='bbox 604 1262 664 1318; x_wconf 82' lang='grc' dir='ltr'>ού</span> <span class='ocrx_word' id='word_1_75' title='bbox 718 1260 955 1339; x_wconf 72' lang='grc' dir='ltr'>δέχεται·</span> <span class='ocrx_word' id='word_1_76' title='bbox 991 1263 1325 1336; x_wconf 83' lang='grc' dir='ltr'>ἐπιστομίζει</span> <span class='ocrx_word' id='word_1_77' title='bbox 1374 1271 1494 1326; x_wconf 80' lang='grc' dir='ltr'>ταῖς</span> <span class='ocrx_word' id='word_1_78' title='bbox 1544 1272 1748 1341; x_wconf 83' lang='grc' dir='ltr'>φωναῖς</span> <span class='ocrx_word' id='word_1_79' title='bbox 1788 1265 1878 1320; x_wconf 82' lang='grc' dir='ltr'>τὸν</span> <span class='ocrx_word' id='word_1_80' title='bbox 1913 1265 2008 1339; x_wconf 76' lang='grc' dir='ltr'>ἀρ-</span> 
     </span>
    </p>
   </div>
   <div class='ocr_carea' id='block_1_14' title="bbox 355 1351 2011 1430">
    <p class='ocr_par' dir='ltr' id='par_1_14' title="bbox 355 1351 2011 1430">
     <span class='ocr_line' id='line_1_14' title="bbox 355 1351 2011 1430; baseline 0.002 -24"><span class='ocrx_word' id='word_1_81' title='bbox 355 1351 638 1425; x_wconf 90' lang='grc' dir='ltr'>νούμενον.</span> <span class='ocrx_word' id='word_1_82' title='bbox 693 1353 867 1425; x_wconf 78' lang='grc' dir='ltr'>Ἀξίαν</span> <span class='ocrx_word' id='word_1_83' title='bbox 927 1353 1299 1422; x_wconf 78' lang='grc' dir='ltr'>ἀποστολικήν</span> <span class='ocrx_word' id='word_1_84' title='bbox 1351 1354 1448 1409; x_wconf 82' lang='grc' dir='ltr'>οὐκ</span> <span class='ocrx_word' id='word_1_85' title='bbox 1495 1355 1831 1430; x_wconf 67' lang='grc' dir='ltr'>αἰσχύνεται·</span> <span class='ocrx_word' id='word_1_86' title='bbox 1879 1361 2011 1429; x_wconf 76' lang='grc' dir='ltr'>τιμᾷ</span> 
     </span>
    </p>
   </div>
   <div class='ocr_carea' id='block_1_15' title="bbox 360 1441 2012 1521">
    <p class='ocr_par' dir='ltr' id='par_1_15' title="bbox 360 1441 2012 1521">
     <span class='ocr_line' id='line_1_15' title="bbox 360 1441 2012 1521; baseline 0.002 -26"><span class='ocrx_word' id='word_1_87' title='bbox 360 1443 464 1518; x_wconf 77' lang='grc' dir='ltr'>γὰρ</span> <span class='ocrx_word' id='word_1_88' title='bbox 515 1446 611 1496; x_wconf 74' lang='grc' dir='ltr'>τοῦ</span> <span class='ocrx_word' id='word_1_89' title='bbox 670 1441 941 1497; x_wconf 80' lang='grc' dir='ltr'>Δεσπότου</span> <span class='ocrx_word' id='word_1_90' title='bbox 997 1444 1094 1511; x_wconf 74' lang='grc' dir='ltr'>τήν</span> <span class='ocrx_word' id='word_1_91' title='bbox 1156 1442 1480 1520; x_wconf 67' lang='grc' dir='ltr'>πρόρῥησιν·</span> <span class='ocrx_word' id='word_1_92' title='bbox 1515 1471 1539 1496; x_wconf 85' lang='grc'>‹‹</span> <span class='ocrx_word' id='word_1_93' title='bbox 1577 1445 1710 1521; x_wconf 79' lang='grc' dir='ltr'>ΙΙρῖν</span> <span class='ocrx_word' id='word_1_94' title='bbox 1745 1443 2012 1518; x_wconf 81' lang='grc' dir='ltr'>ἀλέκτορα</span> 
     </span>
    </p>
   </div>
   <div class='ocr_carea' id='block_1_16' title="bbox 364 1531 2012 1610">
    <p class='ocr_par' dir='ltr' id='par_1_16' title="bbox 364 1531 2012 1610">
     <span class='ocr_line' id='line_1_16' title="bbox 364 1531 2012 1610; baseline 0.003 -25"><span class='ocrx_word' id='word_1_95' title='bbox 364 1534 627 1607; x_wconf 58' lang='grc' dir='ltr'>ιεωνῆσαι,</span> <span class='ocrx_word' id='word_1_96' title='bbox 659 1531 777 1606; x_wconf 81' lang='grc' dir='ltr'>τρὶς</span> <span class='ocrx_word' id='word_1_97' title='bbox 837 1533 1120 1608; x_wconf 66' lang='grc' dir='ltr'>ἀπαρνήσῃ</span> <span class='ocrx_word' id='word_1_98' title='bbox 1177 1554 1262 1604; x_wconf 90' lang='grc' dir='ltr'>με.</span> <span class='ocrx_word' id='word_1_99' title='bbox 1301 1557 1321 1582; x_wconf 76' lang='grc' dir='ltr'>ιι</span> <span class='ocrx_word' id='word_1_100' title='bbox 1376 1531 1617 1610; x_wconf 66' lang='grc' dir='ltr'>Εἴληφα,</span> <span class='ocrx_word' id='word_1_101' title='bbox 1673 1533 1862 1610; x_wconf 79' lang='grc' dir='ltr'>Πέτρε,</span> <span class='ocrx_word' id='word_1_102' title='bbox 1912 1543 2012 1603; x_wconf 75' lang='grc' dir='ltr'>τῆς</span> 
     </span>
    </p>
   </div>
   <div class='ocr_carea' id='block_1_17' title="bbox 357 1620 2008 1699">
    <p class='ocr_par' dir='ltr' id='par_1_17' title="bbox 357 1620 2008 1699">
     <span class='ocr_line' id='line_1_17' title="bbox 357 1620 2008 1699; baseline 0.004 -26"><span class='ocrx_word' id='word_1_103' title='bbox 357 1620 690 1694; x_wconf 81' lang='grc' dir='ltr'>κατηγορίας</span> <span class='ocrx_word' id='word_1_104' title='bbox 718 1621 778 1676; x_wconf 91' lang='grc' dir='ltr'>τὸ</span> <span class='ocrx_word' id='word_1_105' title='bbox 811 1621 1077 1694; x_wconf 81' lang='grc' dir='ltr'>σύνθημα.</span> <span class='ocrx_word' id='word_1_106' title='bbox 1114 1622 1215 1676; x_wconf 79' lang='grc' dir='ltr'>Κᾶν</span> <span class='ocrx_word' id='word_1_107' title='bbox 1250 1625 1519 1690; x_wconf 72' lang='grc' dir='ltr'>σιωπῆσαι</span> <span class='ocrx_word' id='word_1_108' title='bbox 1557 1625 1630 1695; x_wconf 74' lang='grc' dir='ltr'>μὴ</span> <span class='ocrx_word' id='word_1_109' title='bbox 1677 1622 1841 1690; x_wconf 83' lang='grc' dir='ltr'>θέλω,</span> <span class='ocrx_word' id='word_1_110' title='bbox 1881 1625 2008 1699; x_wconf 81' lang='grc' dir='ltr'>βοᾷν</span> 
     </span>
    </p>
   </div>
   <div class='ocr_carea' id='block_1_18' title="bbox 357 1709 2011 1790">
    <p class='ocr_par' dir='ltr' id='par_1_18' title="bbox 357 1709 2011 1790">
     <span class='ocr_line' id='line_1_18' title="bbox 357 1709 2011 1790; baseline 0.002 -26"><span class='ocrx_word' id='word_1_111' title='bbox 357 1710 459 1764; x_wconf 74' lang='grc' dir='ltr'>οὐκ</span> <span class='ocrx_word' id='word_1_112' title='bbox 493 1709 689 1785; x_wconf 82' lang='grc' dir='ltr'>ἰσχύω.</span> <span class='ocrx_word' id='word_1_113' title='bbox 725 1717 786 1763; x_wconf 77' lang='grc' dir='ltr'><strong>Ὠ</strong></span> <span class='ocrx_word' id='word_1_114' title='bbox 832 1709 1092 1786; x_wconf 76' lang='grc' dir='ltr'>ῥημάτων</span> <span class='ocrx_word' id='word_1_115' title='bbox 1138 1713 1392 1785; x_wconf 85' lang='grc' dir='ltr'>κυμάτων</span> <span class='ocrx_word' id='word_1_116' title='bbox 1443 1717 1520 1784; x_wconf 78' lang='grc' dir='ltr'>τῷ</span> <span class='ocrx_word' id='word_1_117' title='bbox 1581 1714 1773 1788; x_wconf 78' lang='grc' dir='ltr'>Πέτρῳ</span> <span class='ocrx_word' id='word_1_118' title='bbox 1824 1713 2011 1790; x_wconf 73' lang='grc' dir='ltr'>φανέν-</span> 
     </span>
    </p>
   </div>
   <div class='ocr_carea' id='block_1_19' title="bbox 354 1795 2011 1877">
    <p class='ocr_par' dir='ltr' id='par_1_19' title="bbox 354 1795 2011 1877">
     <span class='ocr_line' id='line_1_19' title="bbox 354 1795 2011 1877; baseline 0.002 -23"><span class='ocrx_word' id='word_1_119' title='bbox 354 1801 494 1854; x_wconf 76' lang='grc' dir='ltr'>τωνί</span> <span class='ocrx_word' id='word_1_120' title='bbox 528 1801 624 1855; x_wconf 63' lang='lat' dir='ltr'>&quot;Ov</span> <span class='ocrx_word' id='word_1_121' title='bbox 657 1795 860 1874; x_wconf 75' lang='grc' dir='ltr'>ᾐδέσθη</span> <span class='ocrx_word' id='word_1_122' title='bbox 893 1799 959 1855; x_wconf 78' lang='grc' dir='ltr'>τά</span> <span class='ocrx_word' id='word_1_123' title='bbox 989 1800 1223 1873; x_wconf 75' lang='grc' dir='ltr'>κύματα,</span> <span class='ocrx_word' id='word_1_124' title='bbox 1253 1806 1442 1856; x_wconf 71' lang='grc' dir='ltr'>τοῦτον</span> <span class='ocrx_word' id='word_1_125' title='bbox 1494 1800 1803 1877; x_wconf 65' lang='grc' dir='ltr'>ἀλεκτρυὼν</span> <span class='ocrx_word' id='word_1_126' title='bbox 1856 1802 2011 1874; x_wconf 85' lang='grc' dir='ltr'>ἐστη-</span> 
     </span>
    </p>
   </div>
   <div class='ocr_carea' id='block_1_20' title="bbox 2115 636 3773 712">
    <p class='ocr_par' dir='ltr' id='par_1_20' title="bbox 2115 636 3773 712">
     <span class='ocr_line' id='line_1_20' title="bbox 2115 636 3773 712; baseline 0.001 -19"><span class='ocrx_word' id='word_1_127' title='bbox 2115 643 2254 712; x_wconf 88' lang='lat' dir='ltr'>guet</span> <span class='ocrx_word' id='word_1_128' title='bbox 2314 655 2326 692; x_wconf 88' lang='lat'>:</span> <span class='ocrx_word' id='word_1_129' title='bbox 2387 636 2510 708; x_wconf 89' lang='lat' dir='ltr'>ipse</span> <span class='ocrx_word' id='word_1_130' title='bbox 2571 637 2797 692; x_wconf 81' lang='lat' dir='ltr'>Domini</span> <span class='ocrx_word' id='word_1_131' title='bbox 2857 640 3165 694; x_wconf 82' lang='lat' dir='ltr'>verborum</span> <span class='ocrx_word' id='word_1_132' title='bbox 3200 645 3456 694; x_wconf 78' lang='lat' dir='ltr'>assertor</span> <span class='ocrx_word' id='word_1_133' title='bbox 3485 641 3596 696; x_wconf 88' lang='lat' dir='ltr'>erit</span> <span class='ocrx_word' id='word_1_134' title='bbox 3628 659 3639 695; x_wconf 95' lang='lat'>:</span> <span class='ocrx_word' id='word_1_135' title='bbox 3675 639 3773 695; x_wconf 92' lang='lat' dir='ltr'>ille</span> 
     </span>
    </p>
   </div>
   <div class='ocr_carea' id='block_1_21' title="bbox 2117 727 3770 784">
    <p class='ocr_par' dir='ltr' id='par_1_21' title="bbox 2117 727 3770 784">
     <span class='ocr_line' id='line_1_21' title="bbox 2117 727 3770 784; baseline -0.001 -1"><span class='ocrx_word' id='word_1_136' title='bbox 2117 727 2405 783; x_wconf 83' lang='lat' dir='ltr'>cantando</span> <span class='ocrx_word' id='word_1_137' title='bbox 2440 727 2748 782; x_wconf 82' lang='lat' dir='ltr'>verborum</span> <span class='ocrx_word' id='word_1_138' title='bbox 2783 732 3017 782; x_wconf 82' lang='lat' dir='ltr'>tuorum</span> <span class='ocrx_word' id='word_1_139' title='bbox 3062 729 3439 783; x_wconf 88' lang='lat' dir='ltr'>venditationi</span> <span class='ocrx_word' id='word_1_140' title='bbox 3502 729 3770 784; x_wconf 87' lang='lat' dir='ltr'>obsistet.</span> 
     </span>
    </p>
   </div>
   <div class='ocr_carea' id='block_1_22' title="bbox 2114 816 3776 889">
    <p class='ocr_par' dir='ltr' id='par_1_22' title="bbox 2114 816 3776 889">
     <span class='ocr_line' id='line_1_22' title="bbox 2114 816 3776 889; baseline 0.002 -20"><span class='ocrx_word' id='word_1_141' title='bbox 2114 816 2304 872; x_wconf 88' lang='lat' dir='ltr'>Verba</span> <span class='ocrx_word' id='word_1_142' title='bbox 2359 816 2649 885; x_wconf 85' lang='lat' dir='ltr'>ejusmodi</span> <span class='ocrx_word' id='word_1_143' title='bbox 2710 833 2800 872; x_wconf 89' lang='lat' dir='ltr'>res</span> <span class='ocrx_word' id='word_1_144' title='bbox 2851 817 2976 888; x_wconf 90' lang='lat' dir='ltr'>ipsa</span> <span class='ocrx_word' id='word_1_145' title='bbox 3006 824 3315 872; x_wconf 84' lang='lat' dir='ltr'>consecuta</span> <span class='ocrx_word' id='word_1_146' title='bbox 3347 822 3454 872; x_wconf 88' lang='lat' dir='ltr'>est.</span> <span class='ocrx_word' id='word_1_147' title='bbox 3491 817 3776 889; x_wconf 80' lang='lat' dir='ltr'>Loquitur</span> 
     </span>
    </p>
   </div>
   <div class='ocr_carea' id='block_1_23' title="bbox 2117 905 3775 979">
    <p class='ocr_par' dir='ltr' id='par_1_23' title="bbox 2117 905 3775 979">
     <span class='ocr_line' id='line_1_23' title="bbox 2117 905 3775 979; baseline 0.001 -19"><span class='ocrx_word' id='word_1_148' title='bbox 2117 905 2334 979; x_wconf 89' lang='lat' dir='ltr'>puella,</span> <span class='ocrx_word' id='word_1_149' title='bbox 2366 911 2422 960; x_wconf 90' lang='lat' dir='ltr'>et</span> <span class='ocrx_word' id='word_1_150' title='bbox 2467 906 2865 976; x_wconf 86' lang='lat' dir='ltr'>apostolorum</span> <span class='ocrx_word' id='word_1_151' title='bbox 2925 906 3261 977; x_wconf 67' lang='lat' dir='ltr'>coryphaeus</span> <span class='ocrx_word' id='word_1_152' title='bbox 3318 907 3609 976; x_wconf 84' lang='lat' dir='ltr'>turbatur,</span> <span class='ocrx_word' id='word_1_153' title='bbox 3673 907 3775 961; x_wconf 89' lang='lat' dir='ltr'>Pe-</span> 
     </span>
    </p>
   </div>
   <div class='ocr_carea' id='block_1_24' title="bbox 2117 995 3772 1066">
    <p class='ocr_par' dir='ltr' id='par_1_24' title="bbox 2117 995 3772 1066">
     <span class='ocr_line' id='line_1_24' title="bbox 2117 995 3772 1066; baseline 0 -15"><span class='ocrx_word' id='word_1_154' title='bbox 2117 1001 2363 1066; x_wconf 87' lang='lat' dir='ltr'>trusque</span> <span class='ocrx_word' id='word_1_155' title='bbox 2411 996 2769 1066; x_wconf 80' lang='lat' dir='ltr'>coarguitur.</span> <span class='ocrx_word' id='word_1_156' title='bbox 2803 995 3002 1050; x_wconf 90' lang='lat' dir='ltr'>Puella</span> <span class='ocrx_word' id='word_1_157' title='bbox 3030 995 3311 1066; x_wconf 84' lang='lat' dir='ltr'>loquitur,</span> <span class='ocrx_word' id='word_1_158' title='bbox 3347 1001 3402 1050; x_wconf 90' lang='lat' dir='ltr'>et</span> <span class='ocrx_word' id='word_1_159' title='bbox 3433 1002 3596 1066; x_wconf 83' lang='lat' dir='ltr'>petra</span> <span class='ocrx_word' id='word_1_160' title='bbox 3625 1001 3772 1051; x_wconf 87' lang='lat' dir='ltr'>tem-</span> 
     </span>
    </p>
   </div>
   <div class='ocr_carea' id='block_1_25' title="bbox 2108 1085 3772 1173">
    <p class='ocr_par' dir='ltr' id='par_1_25' title="bbox 2108 1085 3772 1173">
     <span class='ocr_line' id='line_1_25' title="bbox 2108 1085 3772 1173; baseline -0.001 -32"><span class='ocrx_word' id='word_1_161' title='bbox 2108 1089 2344 1173; x_wconf 67' lang='lat' dir='ltr'>Pestate</span> <span class='ocrx_word' id='word_1_162' title='bbox 2376 1089 2656 1138; x_wconf 82' lang='lat' dir='ltr'>movetur.</span> <span class='ocrx_word' id='word_1_163' title='bbox 2694 1085 2891 1139; x_wconf 90' lang='lat' dir='ltr'>Puella</span> <span class='ocrx_word' id='word_1_164' title='bbox 2922 1089 3211 1154; x_wconf 82' lang='lat' dir='ltr'>susurrat,</span> <span class='ocrx_word' id='word_1_165' title='bbox 3245 1088 3301 1139; x_wconf 86' lang='lat' dir='ltr'>et</span> <span class='ocrx_word' id='word_1_166' title='bbox 3335 1089 3539 1140; x_wconf 85' lang='lat' dir='ltr'>Petrus</span> <span class='ocrx_word' id='word_1_167' title='bbox 3580 1091 3772 1157; x_wconf 88' lang='lat' dir='ltr'>negat.</span> 
     </span>
    </p>
   </div>
   <div class='ocr_carea' id='block_1_26' title="bbox 2118 1173 3779 1246">
    <p class='ocr_par' dir='ltr' id='par_1_26' title="bbox 2118 1173 3779 1246">
     <span class='ocr_line' id='line_1_26' title="bbox 2118 1173 3779 1246; baseline -0.001 -18"><span class='ocrx_word' id='word_1_168' title='bbox 2118 1174 2403 1246; x_wconf 84' lang='lat' dir='ltr'>Sperabat</span> <span class='ocrx_word' id='word_1_169' title='bbox 2432 1174 2639 1229; x_wconf 88' lang='lat' dir='ltr'>Petrus</span> <span class='ocrx_word' id='word_1_170' title='bbox 2670 1174 3023 1245; x_wconf 82' lang='lat' dir='ltr'>sibijuranti</span> <span class='ocrx_word' id='word_1_171' title='bbox 3048 1174 3222 1230; x_wconf 93' lang='lat' dir='ltr'>ﬁdem</span> <span class='ocrx_word' id='word_1_172' title='bbox 3255 1173 3590 1229; x_wconf 89' lang='lat' dir='ltr'>habituram</span> <span class='ocrx_word' id='word_1_173' title='bbox 3622 1173 3779 1246; x_wconf 87' lang='lat' dir='ltr'>puel-</span> 
     </span>
    </p>
   </div>
   <div class='ocr_carea' id='block_1_27' title="bbox 2119 1263 3781 1333">
    <p class='ocr_par' dir='ltr' id='par_1_27' title="bbox 2119 1263 3781 1333">
     <span class='ocr_line' id='line_1_27' title="bbox 2119 1263 3781 1333; baseline 0 -15"><span class='ocrx_word' id='word_1_174' title='bbox 2119 1263 2275 1331; x_wconf 86' lang='lat' dir='ltr'>lam;</span> <span class='ocrx_word' id='word_1_175' title='bbox 2309 1264 2409 1318; x_wconf 69' lang='lat' dir='ltr'>eed</span> <span class='ocrx_word' id='word_1_176' title='bbox 2445 1263 2926 1333; x_wconf 88' lang='lat' dir='ltr'>avisjuramenta</span> <span class='ocrx_word' id='word_1_177' title='bbox 2956 1280 3069 1318; x_wconf 91' lang='lat' dir='ltr'>non</span> <span class='ocrx_word' id='word_1_178' title='bbox 3103 1263 3366 1318; x_wconf 86' lang='lat' dir='ltr'>admittit</span> <span class='ocrx_word' id='word_1_179' title='bbox 3417 1282 3428 1319; x_wconf 91' lang='lat'>:</span> <span class='ocrx_word' id='word_1_180' title='bbox 3480 1279 3617 1318; x_wconf 86' lang='lat' dir='ltr'>voce</span> <span class='ocrx_word' id='word_1_181' title='bbox 3676 1280 3781 1318; x_wconf 86' lang='lat' dir='ltr'>sua</span> 
     </span>
    </p>
   </div>
   <div class='ocr_carea' id='block_1_28' title="bbox 2114 1353 3783 1425">
    <p class='ocr_par' dir='ltr' id='par_1_28' title="bbox 2114 1353 3783 1425">
     <span class='ocr_line' id='line_1_28' title="bbox 2114 1353 3783 1425; baseline -0.001 -18"><span class='ocrx_word' id='word_1_182' title='bbox 2114 1353 2341 1425; x_wconf 87' lang='lat' dir='ltr'>juranti</span> <span class='ocrx_word' id='word_1_183' title='bbox 2375 1370 2438 1407; x_wconf 87' lang='lat' dir='ltr'>os</span> <span class='ocrx_word' id='word_1_184' title='bbox 2473 1353 2703 1407; x_wconf 87' lang='lat' dir='ltr'>obturat</span> <span class='ocrx_word' id='word_1_185' title='bbox 2734 1371 2746 1420; x_wconf 84' lang='lat'><strong>;</strong></span> <span class='ocrx_word' id='word_1_186' title='bbox 2779 1353 3157 1424; x_wconf 85' lang='lat' dir='ltr'>apostolicam</span> <span class='ocrx_word' id='word_1_187' title='bbox 3187 1370 3300 1408; x_wconf 89' lang='lat' dir='ltr'>non</span> <span class='ocrx_word' id='word_1_188' title='bbox 3335 1357 3564 1408; x_wconf 87' lang='lat' dir='ltr'>veretur</span> <span class='ocrx_word' id='word_1_189' title='bbox 3594 1353 3783 1425; x_wconf 85' lang='lat' dir='ltr'>digni-</span> 
     </span>
    </p>
   </div>
   <div class='ocr_carea' id='block_1_29' title="bbox 2121 1441 3774 1514">
    <p class='ocr_par' dir='ltr' id='par_1_29' title="bbox 2121 1441 3774 1514">
     <span class='ocr_line' id='line_1_29' title="bbox 2121 1441 3774 1514; baseline -0.001 -16"><span class='ocrx_word' id='word_1_190' title='bbox 2121 1447 2297 1498; x_wconf 85' lang='lat' dir='ltr'>tatem</span> <span class='ocrx_word' id='word_1_191' title='bbox 2336 1460 2348 1498; x_wconf 91' lang='lat'><strong>:</strong></span> <span class='ocrx_word' id='word_1_192' title='bbox 2388 1449 2694 1497; x_wconf 84' lang='lat' dir='ltr'>veneratur</span> <span class='ocrx_word' id='word_1_193' title='bbox 2724 1443 2938 1514; x_wconf 86' lang='lat' dir='ltr'>quippe</span> <span class='ocrx_word' id='word_1_194' title='bbox 2987 1441 3217 1496; x_wconf 89' lang='lat' dir='ltr'>Domini</span> <span class='ocrx_word' id='word_1_195' title='bbox 3279 1441 3774 1514; x_wconf 66' lang='lat' dir='ltr'>praedicationem.</span> 
     </span>
    </p>
   </div>
   <div class='ocr_carea' id='block_1_30' title="bbox 2124 1531 3769 1604">
    <p class='ocr_par' dir='ltr' id='par_1_30' title="bbox 2124 1531 3769 1604">
     <span class='ocr_line' id='line_1_30' title="bbox 2124 1531 3769 1604; baseline -0.001 -21"><span class='ocrx_word' id='word_1_196' title='bbox 2124 1556 2151 1584; x_wconf 83' lang='grc'>‹‹</span> <span class='ocrx_word' id='word_1_197' title='bbox 2213 1532 2565 1604; x_wconf 85' lang='lat' dir='ltr'>Priusquam</span> <span class='ocrx_word' id='word_1_198' title='bbox 2625 1531 2817 1604; x_wconf 76' lang='lat' dir='ltr'>gallus</span> <span class='ocrx_word' id='word_1_199' title='bbox 2877 1535 3091 1598; x_wconf 89' lang='lat' dir='ltr'>cantet,</span> <span class='ocrx_word' id='word_1_200' title='bbox 3123 1537 3212 1586; x_wconf 89' lang='lat' dir='ltr'>ter</span> <span class='ocrx_word' id='word_1_201' title='bbox 3244 1548 3336 1586; x_wconf 93' lang='lat' dir='ltr'>me</span> <span class='ocrx_word' id='word_1_202' title='bbox 3369 1531 3610 1603; x_wconf 84' lang='lat' dir='ltr'>negabis</span> <span class='ocrx_word' id='word_1_203' title='bbox 3641 1531 3706 1603; x_wconf 55' lang='lat' dir='ltr'>3f.</span> <span class='ocrx_word' id='word_1_204' title='bbox 3742 1553 3769 1581; x_wconf 86' lang='grc'>››</span> 
     </span>
    </p>
   </div>
   <div class='ocr_carea' id='block_1_31' title="bbox 2125 1620 3778 1693">
    <p class='ocr_par' dir='ltr' id='par_1_31' title="bbox 2125 1620 3778 1693">
     <span class='ocr_line' id='line_1_31' title="bbox 2125 1620 3778 1693; baseline -0.002 -18"><span class='ocrx_word' id='word_1_205' title='bbox 2125 1622 2356 1692; x_wconf 85' lang='lat' dir='ltr'>Accepi,</span> <span class='ocrx_word' id='word_1_206' title='bbox 2386 1638 2418 1676; x_wconf 94' lang='grc' dir='ltr'>ο</span> <span class='ocrx_word' id='word_1_207' title='bbox 2451 1621 2637 1687; x_wconf 84' lang='lat' dir='ltr'>Petro,</span> <span class='ocrx_word' id='word_1_208' title='bbox 2674 1621 2989 1676; x_wconf 88' lang='lat' dir='ltr'>accusandi</span> <span class='ocrx_word' id='word_1_209' title='bbox 3021 1626 3258 1693; x_wconf 84' lang='lat' dir='ltr'>tempus</span> <span class='ocrx_word' id='word_1_210' title='bbox 3289 1620 3645 1677; x_wconf 90' lang='lat' dir='ltr'>condictum.</span> <span class='ocrx_word' id='word_1_211' title='bbox 3689 1620 3778 1676; x_wconf 87' lang='lat' dir='ltr'>Li-</span> 
     </span>
    </p>
   </div>
   <div class='ocr_carea' id='block_1_32' title="bbox 2123 1709 3776 1777">
    <p class='ocr_par' dir='ltr' id='par_1_32' title="bbox 2123 1709 3776 1777">
     <span class='ocr_line' id='line_1_32' title="bbox 2123 1709 3776 1777; baseline -0.002 -10"><span class='ocrx_word' id='word_1_212' title='bbox 2123 1716 2213 1767; x_wconf 91' lang='lat' dir='ltr'>cet</span> <span class='ocrx_word' id='word_1_213' title='bbox 2242 1716 2428 1766; x_wconf 89' lang='lat' dir='ltr'>tacerc</span> <span class='ocrx_word' id='word_1_214' title='bbox 2462 1710 2661 1777; x_wconf 91' lang='lat' dir='ltr'>nolim,</span> <span class='ocrx_word' id='word_1_215' title='bbox 2697 1709 2948 1765; x_wconf 88' lang='lat' dir='ltr'>clamare</span> <span class='ocrx_word' id='word_1_216' title='bbox 2979 1715 3177 1765; x_wconf 90' lang='lat' dir='ltr'>tamen</span> <span class='ocrx_word' id='word_1_217' title='bbox 3210 1727 3322 1765; x_wconf 91' lang='lat' dir='ltr'>non</span> <span class='ocrx_word' id='word_1_218' title='bbox 3357 1710 3540 1765; x_wconf 88' lang='lat' dir='ltr'>valeo.</span> <span class='ocrx_word' id='word_1_219' title='bbox 3573 1709 3616 1765; x_wconf 90' lang='grc' dir='ltr'><strong>Ο</strong></span> <span class='ocrx_word' id='word_1_220' title='bbox 3650 1727 3776 1764; x_wconf 89' lang='lat' dir='ltr'>ver-</span> 
     </span>
    </p>
   </div>
   <div class='ocr_carea' id='block_1_33' title="bbox 2123 1798 3776 1871">
    <p class='ocr_par' dir='ltr' id='par_1_33' title="bbox 2123 1798 3776 1871">
     <span class='ocr_line' id='line_1_33' title="bbox 2123 1798 3776 1871; baseline -0.002 -15"><span class='ocrx_word' id='word_1_221' title='bbox 2123 1801 2197 1856; x_wconf 89' lang='lat' dir='ltr'>ba</span> <span class='ocrx_word' id='word_1_222' title='bbox 2227 1817 2353 1871; x_wconf 68' lang='lat' dir='ltr'>qua:</span> <span class='ocrx_word' id='word_1_223' title='bbox 2384 1799 2551 1870; x_wconf 89' lang='lat' dir='ltr'>quasi</span> <span class='ocrx_word' id='word_1_224' title='bbox 2588 1798 2800 1854; x_wconf 84' lang='lat' dir='ltr'>ﬂuctus</span> <span class='ocrx_word' id='word_1_225' title='bbox 2836 1800 2997 1853; x_wconf 88' lang='lat' dir='ltr'>Petro</span> <span class='ocrx_word' id='word_1_226' title='bbox 3030 1799 3155 1854; x_wconf 89' lang='lat' dir='ltr'>visa</span> <span class='ocrx_word' id='word_1_227' title='bbox 3185 1799 3356 1854; x_wconf 89' lang='lat' dir='ltr'>sunt!</span> <span class='ocrx_word' id='word_1_228' title='bbox 3419 1799 3600 1862; x_wconf 90' lang='lat' dir='ltr'>Quem</span> <span class='ocrx_word' id='word_1_229' title='bbox 3663 1799 3776 1853; x_wconf 82' lang='lat' dir='ltr'>flu-</span> 
     </span>
    </p>
   </div>
   <div class='ocr_carea' id='block_1_34' title="bbox 361 1886 2006 1996">
    <p class='ocr_par' dir='ltr' id='par_1_34' title="bbox 361 1886 2006 1996">
     <span class='ocr_line' id='line_1_34' title="bbox 361 1886 2006 1966; baseline 0.001 -23"><span class='ocrx_word' id='word_1_230' title='bbox 361 1887 626 1944; x_wconf 85' lang='grc' dir='ltr'>λίτευσεν.</span> <span class='ocrx_word' id='word_1_231' title='bbox 660 1890 839 1946; x_wconf 74' lang='grc' dir='ltr'>’Όπου</span> <span class='ocrx_word' id='word_1_232' title='bbox 891 1891 991 1964; x_wconf 71' lang='grc' dir='ltr'>γάρ</span> <span class='ocrx_word' id='word_1_233' title='bbox 1052 1890 1078 1943; x_wconf 91' lang='grc' dir='ltr'>ὁ</span> <span class='ocrx_word' id='word_1_234' title='bbox 1113 1886 1387 1960; x_wconf 77' lang='grc' dir='ltr'>Δεσπότης</span> <span class='ocrx_word' id='word_1_235' title='bbox 1438 1890 1787 1966; x_wconf 82' lang='grc' dir='ltr'>προστάττων</span> <span class='ocrx_word' id='word_1_236' title='bbox 1847 1890 2006 1960; x_wconf 72' lang='grc' dir='ltr'>ἐστὶνΙ</span> 
     </span>
     <span class='ocr_line' id='line_1_35' title="bbox 367 1975 1910 1996; baseline 0 0"><span class='ocrx_word' id='word_1_237' title='bbox 367 1977 380 1996; x_wconf 72' lang='grc' dir='ltr'>ε</span> <span class='ocrx_word' id='word_1_238' title='bbox 602 1982 624 1994; x_wconf 60' lang='grc' dir='ltr'><strong><em>ν</em></strong></span> <span class='ocrx_word' id='word_1_239' title='bbox 717 1983 740 1993; x_wconf 65' lang='grc' dir='ltr'><em>υ</em></span> <span class='ocrx_word' id='word_1_240' title='bbox 800 1978 812 1994; x_wconf 64' lang='grc' dir='ltr'><strong><em>ο</em></strong></span> <span class='ocrx_word' id='word_1_241' title='bbox 909 1975 932 1995; x_wconf 53' lang='grc' dir='ltr'>ἢ</span> <span class='ocrx_word' id='word_1_242' title='bbox 985 1976 1026 1996; x_wconf 48' lang='grc' dir='ltr'>ΙΝ</span> <span class='ocrx_word' id='word_1_243' title='bbox 1169 1980 1181 1996; x_wconf 68' lang='grc' dir='ltr'><strong>ς</strong></span> <span class='ocrx_word' id='word_1_244' title='bbox 1221 1991 1234 1996; x_wconf 76' lang='grc'><strong><em>-</em></strong></span> <span class='ocrx_word' id='word_1_245' title='bbox 1263 1980 1304 1996; x_wconf 68' lang='lat' dir='ltr'>I‘</span> <span class='ocrx_word' id='word_1_246' title='bbox 1479 1982 1555 1996; x_wconf 75' lang='lat' dir='ltr'>un</span> <span class='ocrx_word' id='word_1_247' title='bbox 1697 1982 1708 1996; x_wconf 77' lang='grc' dir='ltr'><strong>Ι</strong></span> <span class='ocrx_word' id='word_1_248' title='bbox 1753 1989 1761 1996; x_wconf 79' lang='lat'>.</span> <span class='ocrx_word' id='word_1_249' title='bbox 1899 1981 1910 1996; x_wconf 81' lang='grc' dir='ltr'><strong><em>Ι</em></strong></span> 
     </span>
    </p>
   </div>
   <div class='ocr_carea' id='block_1_35' title="bbox 2117 1886 3782 1996">
    <p class='ocr_par' dir='ltr' id='par_1_35' title="bbox 2125 1887 3782 1959">
     <span class='ocr_line' id='line_1_36' title="bbox 2125 1887 3782 1959; baseline -0.001 -15"><span class='ocrx_word' id='word_1_250' title='bbox 2125 1896 2255 1944; x_wconf 87' lang='lat' dir='ltr'>ctus</span> <span class='ocrx_word' id='word_1_251' title='bbox 2287 1890 2451 1944; x_wconf 90' lang='lat' dir='ltr'>veriti</span> <span class='ocrx_word' id='word_1_252' title='bbox 2483 1893 2648 1953; x_wconf 85' lang='lat' dir='ltr'>sunt,</span> <span class='ocrx_word' id='word_1_253' title='bbox 2681 1905 2815 1942; x_wconf 87' lang='lat' dir='ltr'>eum</span> <span class='ocrx_word' id='word_1_254' title='bbox 2843 1889 3099 1942; x_wconf 84' lang='lat' dir='ltr'>traduxit</span> <span class='ocrx_word' id='word_1_255' title='bbox 3130 1887 3338 1959; x_wconf 80' lang='lat' dir='ltr'>gallus.</span> <span class='ocrx_word' id='word_1_256' title='bbox 3362 1888 3504 1942; x_wconf 87' lang='lat' dir='ltr'>Nam</span> <span class='ocrx_word' id='word_1_257' title='bbox 3541 1887 3640 1943; x_wconf 88' lang='lat' dir='ltr'>ubi</span> <span class='ocrx_word' id='word_1_258' title='bbox 3671 1887 3782 1942; x_wconf 91' lang='lat' dir='ltr'>Do-</span> 
     </span>
    </p>
   </div>
   <div class='ocr_carea' id='block_1_36' title="bbox 362 1975 2014 2051">
    <p class='ocr_par' dir='ltr' id='par_1_36' title="bbox 362 1975 2014 2051">
     <span class='ocr_line' id='line_1_37' title="bbox 362 1975 2014 2051; baseline 0.002 -20"><span class='ocrx_word' id='word_1_259' title='bbox 362 1977 624 2051; x_wconf 81' lang='grc' dir='ltr'>ὗπηρετεῖ</span> <span class='ocrx_word' id='word_1_260' title='bbox 650 1983 768 2039; x_wconf 84' lang='grc' dir='ltr'>τοῖς</span> <span class='ocrx_word' id='word_1_261' title='bbox 793 1975 1131 2051; x_wconf 72' lang='grc' dir='ltr'>ὁμοδούλοις</span> <span class='ocrx_word' id='word_1_262' title='bbox 1215 1980 1667 2043; x_wconf 79' lang='grc' dir='ltr'>θάλαττα.”Ὀπου</span> <span class='ocrx_word' id='word_1_263' title='bbox 1690 1982 1716 2034; x_wconf 88' lang='grc' dir='ltr'>ὁ</span> <span class='ocrx_word' id='word_1_264' title='bbox 1741 1981 2014 2050; x_wconf 73' lang='grc' dir='ltr'>Δεσπότης</span> 
     </span>
    </p>
   </div>
   <div class='ocr_carea' id='block_1_37' title="bbox 361 2065 2010 2146">
    <p class='ocr_par' dir='ltr' id='par_1_37' title="bbox 361 2065 2010 2146">
     <span class='ocr_line' id='line_1_38' title="bbox 361 2065 2010 2146; baseline 0.004 -27"><span class='ocrx_word' id='word_1_265' title='bbox 361 2065 730 2139; x_wconf 80' lang='grc' dir='ltr'>ἂντιπράττει,</span> <span class='ocrx_word' id='word_1_266' title='bbox 763 2068 851 2121; x_wconf 84' lang='grc' dir='ltr'>καὶ</span> <span class='ocrx_word' id='word_1_267' title='bbox 901 2065 1253 2144; x_wconf 79' lang='grc' dir='ltr'>ἀλεκτρυόνες</span> <span class='ocrx_word' id='word_1_268' title='bbox 1305 2068 1644 2139; x_wconf 81' lang='grc' dir='ltr'>ὁπλίζονται.</span> <span class='ocrx_word' id='word_1_269' title='bbox 1679 2071 1860 2127; x_wconf 83' lang='grc' dir='ltr'>Πάντα</span> <span class='ocrx_word' id='word_1_270' title='bbox 1906 2072 2010 2146; x_wconf 84' lang='grc' dir='ltr'>γὰρ</span> 
     </span>
    </p>
   </div>
   <div class='ocr_carea' id='block_1_38' title="bbox 351 2154 2012 2234">
    <p class='ocr_par' dir='ltr' id='par_1_38' title="bbox 351 2154 2012 2234">
     <span class='ocr_line' id='line_1_39' title="bbox 351 2154 2012 2234; baseline 0.004 -25"><span class='ocrx_word' id='word_1_271' title='bbox 351 2161 470 2217; x_wconf 81' lang='grc' dir='ltr'>τοῖς</span> <span class='ocrx_word' id='word_1_272' title='bbox 520 2160 618 2210; x_wconf 81' lang='grc' dir='ltr'>τοῦ</span> <span class='ocrx_word' id='word_1_273' title='bbox 668 2156 1037 2228; x_wconf 83' lang='grc' dir='ltr'>πεποιηκότος</span> <span class='ocrx_word' id='word_1_274' title='bbox 1095 2154 1278 2213; x_wconf 78' lang='grc' dir='ltr'>ἱέπεται</span> <span class='ocrx_word' id='word_1_275' title='bbox 1329 2159 1606 2232; x_wconf 80' lang='grc' dir='ltr'>νεύμασιν.</span> <span class='ocrx_word' id='word_1_276' title='bbox 1656 2185 1683 2211; x_wconf 92' lang='grc'><strong>‹‹</strong></span> <span class='ocrx_word' id='word_1_277' title='bbox 1733 2162 1857 2218; x_wconf 80' lang='grc' dir='ltr'>Ἐὰν</span> <span class='ocrx_word' id='word_1_278' title='bbox 1920 2157 2012 2234; x_wconf 78' lang='grc' dir='ltr'>δέῃ</span> 
     </span>
    </p>
   </div>
   <div class='ocr_carea' id='block_1_39' title="bbox 358 2244 2010 2326">
    <p class='ocr_par' dir='ltr' id='par_1_39' title="bbox 358 2244 2010 2326">
     <span class='ocr_line' id='line_1_40' title="bbox 358 2244 2010 2326; baseline 0.004 -27"><span class='ocrx_word' id='word_1_279' title='bbox 358 2267 426 2318; x_wconf 88' lang='grc' dir='ltr'>με</span> <span class='ocrx_word' id='word_1_280' title='bbox 459 2244 552 2300; x_wconf 81' lang='grc' dir='ltr'>σὺν</span> <span class='ocrx_word' id='word_1_281' title='bbox 587 2246 672 2300; x_wconf 83' lang='grc' dir='ltr'>σοὶ</span> <span class='ocrx_word' id='word_1_282' title='bbox 721 2245 1034 2316; x_wconf 78' lang='grc' dir='ltr'>ἀποθανεῖν,</span> <span class='ocrx_word' id='word_1_283' title='bbox 1069 2247 1132 2302; x_wconf 86' lang='grc' dir='ltr'>οὐ</span> <span class='ocrx_word' id='word_1_284' title='bbox 1187 2250 1261 2320; x_wconf 80' lang='grc' dir='ltr'>μή</span> <span class='ocrx_word' id='word_1_285' title='bbox 1305 2255 1371 2302; x_wconf 86' lang='grc' dir='ltr'>’σε</span> <span class='ocrx_word' id='word_1_286' title='bbox 1419 2249 1824 2326; x_wconf 57' lang='grc' dir='ltr'>ἀπαρνήσομαι⁹</span> <span class='ocrx_word' id='word_1_287' title='bbox 1865 2275 1886 2301; x_wconf 75' lang='grc' dir='ltr'>ι</span> <span class='ocrx_word' id='word_1_288' title='bbox 1921 2251 2010 2305; x_wconf 85' lang='grc' dir='ltr'>καὶ</span> 
     </span>
    </p>
   </div>
   <div class='ocr_carea' id='block_1_40' title="bbox 347 2333 2011 2417">
    <p class='ocr_par' dir='ltr' id='par_1_40' title="bbox 347 2333 2011 2417">
     <span class='ocr_line' id='line_1_41' title="bbox 347 2333 2011 2417; baseline 0.004 -29"><span class='ocrx_word' id='word_1_289' title='bbox 347 2333 539 2389; x_wconf 86' lang='grc' dir='ltr'>πάλιν·</span> <span class='ocrx_word' id='word_1_290' title='bbox 573 2359 599 2385; x_wconf 85' lang='grc'>‹‹</span> <span class='ocrx_word' id='word_1_291' title='bbox 634 2333 744 2389; x_wconf 82' lang='grc' dir='ltr'>Οὐκ</span> <span class='ocrx_word' id='word_1_292' title='bbox 776 2333 898 2390; x_wconf 78' lang='grc' dir='ltr'>οἰδα</span> <span class='ocrx_word' id='word_1_293' title='bbox 927 2337 1020 2390; x_wconf 89' lang='grc' dir='ltr'>τὸν</span> <span class='ocrx_word' id='word_1_294' title='bbox 1056 2334 1364 2410; x_wconf 80' lang='grc' dir='ltr'>ἄνθρωπον.</span> <span class='ocrx_word' id='word_1_295' title='bbox 1418 2363 1444 2388; x_wconf 88' lang='grc'><strong>››</strong></span> <span class='ocrx_word' id='word_1_296' title='bbox 1477 2338 1655 2396; x_wconf 85' lang='grc' dir='ltr'>Βλέπε</span> <span class='ocrx_word' id='word_1_297' title='bbox 1704 2334 1875 2417; x_wconf 70' lang='grc' dir='ltr'>φόϐου</span> <span class='ocrx_word' id='word_1_298' title='bbox 1922 2341 2011 2394; x_wconf 89' lang='grc' dir='ltr'>καὶ</span> 
     </span>
    </p>
   </div>
   <div class='ocr_carea' id='block_1_41' title="bbox 349 2423 2008 2505">
    <p class='ocr_par' dir='ltr' id='par_1_41' title="bbox 349 2423 2008 2505">
     <span class='ocr_line' id='line_1_42' title="bbox 349 2423 2008 2505; baseline 0.004 -28"><span class='ocrx_word' id='word_1_299' title='bbox 349 2423 520 2478; x_wconf 84' lang='grc' dir='ltr'>πόθου</span> <span class='ocrx_word' id='word_1_300' title='bbox 580 2424 1070 2501; x_wconf 76' lang='grc' dir='ltr'>συμπεπλεγμένοις</span> <span class='ocrx_word' id='word_1_301' title='bbox 1131 2427 1330 2505; x_wconf 73' lang='grc' dir='ltr'>φωνάς.</span> <span class='ocrx_word' id='word_1_302' title='bbox 1388 2429 1706 2504; x_wconf 82' lang='grc' dir='ltr'>Ἠγνόησας,</span> <span class='ocrx_word' id='word_1_303' title='bbox 1740 2430 1784 2483; x_wconf 87' lang='grc' dir='ltr'>ὧ</span> <span class='ocrx_word' id='word_1_304' title='bbox 1821 2430 2008 2505; x_wconf 83' lang='grc' dir='ltr'>Πέτρε,</span> 
     </span>
    </p>
   </div>
   <div class='ocr_carea' id='block_1_42' title="bbox 349 2512 2012 2594">
    <p class='ocr_par' dir='ltr' id='par_1_42' title="bbox 349 2512 2012 2594">
     <span class='ocr_line' id='line_1_43' title="bbox 349 2512 2012 2594; baseline 0.004 -28"><span class='ocrx_word' id='word_1_305' title='bbox 349 2513 441 2567; x_wconf 85' lang='grc' dir='ltr'>τὸν</span> <span class='ocrx_word' id='word_1_306' title='bbox 477 2512 673 2590; x_wconf 88' lang='grc' dir='ltr'>Κύριον</span> <span class='ocrx_word' id='word_1_307' title='bbox 703 2533 716 2582; x_wconf 90' lang='grc'>;</span> <span class='ocrx_word' id='word_1_308' title='bbox 751 2514 960 2572; x_wconf 69' lang='grc' dir='ltr'>Οὐκοῦν</span> <span class='ocrx_word' id='word_1_309' title='bbox 1000 2515 1087 2570; x_wconf 83' lang='grc' dir='ltr'>καὶ</span> <span class='ocrx_word' id='word_1_310' title='bbox 1121 2517 1148 2570; x_wconf 92' lang='grc' dir='ltr'>ὁ</span> <span class='ocrx_word' id='word_1_311' title='bbox 1184 2515 1378 2591; x_wconf 80' lang='grc' dir='ltr'>Κύριος</span> <span class='ocrx_word' id='word_1_312' title='bbox 1413 2518 1503 2572; x_wconf 86' lang='grc' dir='ltr'>τὸν</span> <span class='ocrx_word' id='word_1_313' title='bbox 1559 2519 1764 2593; x_wconf 86' lang='grc' dir='ltr'>ΙΙέτρον</span> <span class='ocrx_word' id='word_1_314' title='bbox 1813 2519 2012 2594; x_wconf 77' lang='grc' dir='ltr'>ἠγνόη-</span> 
     </span>
    </p>
   </div>
   <div class='ocr_carea' id='block_1_43' title="bbox 356 2599 2010 2682">
    <p class='ocr_par' dir='ltr' id='par_1_43' title="bbox 356 2599 2010 2682">
     <span class='ocr_line' id='line_1_44' title="bbox 356 2599 2010 2682; baseline 0.002 -23"><span class='ocrx_word' id='word_1_315' title='bbox 356 2623 483 2672; x_wconf 85' lang='grc' dir='ltr'>σεν;</span> <span class='ocrx_word' id='word_1_316' title='bbox 516 2605 580 2657; x_wconf 76' lang='grc' dir='ltr'>Ὠ</span> <span class='ocrx_word' id='word_1_317' title='bbox 611 2599 788 2682; x_wconf 76' lang='grc' dir='ltr'>φόϐου</span> <span class='ocrx_word' id='word_1_318' title='bbox 819 2603 984 2668; x_wconf 78' lang='grc' dir='ltr'>πόθον</span> <span class='ocrx_word' id='word_1_319' title='bbox 1031 2608 1388 2676; x_wconf 76' lang='grc' dir='ltr'>νικήσαντοςί</span> <span class='ocrx_word' id='word_1_320' title='bbox 1436 2607 1723 2682; x_wconf 86' lang='grc' dir='ltr'>Θεώρησον</span> <span class='ocrx_word' id='word_1_321' title='bbox 1770 2610 1867 2677; x_wconf 73' lang='grc' dir='ltr'>τήν</span> <span class='ocrx_word' id='word_1_322' title='bbox 1912 2613 2010 2664; x_wconf 79' lang='grc' dir='ltr'>τοῦ</span> 
     </span>
    </p>
   </div>
   <div class='ocr_carea' id='block_1_44' title="bbox 355 2690 2008 2774">
    <p class='ocr_par' dir='ltr' id='par_1_44' title="bbox 355 2690 2008 2774">
     <span class='ocr_line' id='line_1_45' title="bbox 355 2690 2008 2774; baseline 0.002 -25"><span class='ocrx_word' id='word_1_323' title='bbox 355 2692 566 2769; x_wconf 79' lang='grc' dir='ltr'>Πέτρου</span> <span class='ocrx_word' id='word_1_324' title='bbox 594 2690 824 2762; x_wconf 82' lang='grc' dir='ltr'>δειλίαν,</span> <span class='ocrx_word' id='word_1_325' title='bbox 853 2693 946 2749; x_wconf 62' lang='grc' dir='ltr'>ἵνα</span> <span class='ocrx_word' id='word_1_326' title='bbox 980 2696 1177 2770; x_wconf 76' lang='grc' dir='ltr'>μάθῃς,</span> <span class='ocrx_word' id='word_1_327' title='bbox 1210 2695 1290 2757; x_wconf 87' lang='grc' dir='ltr'>τίς</span> <span class='ocrx_word' id='word_1_328' title='bbox 1323 2697 1350 2750; x_wconf 82' lang='grc' dir='ltr'>ὁ</span> <span class='ocrx_word' id='word_1_329' title='bbox 1397 2697 1494 2764; x_wconf 75' lang='grc' dir='ltr'>τὴν</span> <span class='ocrx_word' id='word_1_330' title='bbox 1541 2696 1846 2774; x_wconf 64' lang='grc' dir='ltr'>παρρησίαν</span> <span class='ocrx_word' id='word_1_331' title='bbox 1897 2696 2008 2753; x_wconf 88' lang='grc' dir='ltr'>δω-</span> 
     </span>
    </p>
   </div>
   <div class='ocr_carea' id='block_1_45' title="bbox 353 2781 2004 2863">
    <p class='ocr_par' dir='ltr' id='par_1_45' title="bbox 353 2781 2004 2863">
     <span class='ocr_line' id='line_1_46' title="bbox 353 2781 2004 2863; baseline 0.004 -27"><span class='ocrx_word' id='word_1_332' title='bbox 353 2783 641 2858; x_wconf 85' lang='grc' dir='ltr'>ρούμενος.</span> <span class='ocrx_word' id='word_1_333' title='bbox 673 2781 1025 2860; x_wconf 80' lang='grc' dir='ltr'>Ἐλεγχέσθω</span> <span class='ocrx_word' id='word_1_334' title='bbox 1077 2785 1254 2859; x_wconf 83' lang='grc' dir='ltr'>φύσις,</span> <span class='ocrx_word' id='word_1_335' title='bbox 1281 2783 1372 2840; x_wconf 71' lang='grc' dir='ltr'>’ίνα</span> <span class='ocrx_word' id='word_1_336' title='bbox 1423 2789 1562 2863; x_wconf 73' lang='grc' dir='ltr'>φανῇ</span> <span class='ocrx_word' id='word_1_337' title='bbox 1594 2788 1627 2856; x_wconf 83' lang='grc' dir='ltr'>ἠ</span> <span class='ocrx_word' id='word_1_338' title='bbox 1663 2787 1845 2862; x_wconf 77' lang='grc' dir='ltr'>χάρις’</span> <span class='ocrx_word' id='word_1_339' title='bbox 1899 2784 2004 2842; x_wconf 88' lang='grc' dir='ltr'>δει-</span> 
     </span>
    </p>
   </div>
   <div class='ocr_carea' id='block_1_46' title="bbox 349 2871 2003 2952">
    <p class='ocr_par' dir='ltr' id='par_1_46' title="bbox 349 2871 2003 2952">
     <span class='ocr_line' id='line_1_47' title="bbox 349 2871 2003 2952; baseline 0.004 -27"><span class='ocrx_word' id='word_1_340' title='bbox 349 2871 563 2926; x_wconf 83' lang='grc' dir='ltr'>κνύσθω</span> <span class='ocrx_word' id='word_1_341' title='bbox 592 2872 653 2927; x_wconf 82' lang='grc' dir='ltr'>τὸ</span> <span class='ocrx_word' id='word_1_342' title='bbox 683 2873 876 2942; x_wconf 78' lang='grc' dir='ltr'>πάθος,</span> <span class='ocrx_word' id='word_1_343' title='bbox 905 2871 997 2929; x_wconf 73' lang='grc' dir='ltr'>’ίνα</span> <span class='ocrx_word' id='word_1_344' title='bbox 1026 2873 1168 2952; x_wconf 73' lang='grc' dir='ltr'>φανῇ</span> <span class='ocrx_word' id='word_1_345' title='bbox 1215 2879 1314 2940; x_wconf 78' lang='grc' dir='ltr'>τῆς</span> <span class='ocrx_word' id='word_1_346' title='bbox 1366 2873 1643 2948; x_wconf 84' lang='grc' dir='ltr'>δυνάμεως</span> <span class='ocrx_word' id='word_1_347' title='bbox 1674 2877 1701 2930; x_wconf 86' lang='grc' dir='ltr'>ὁ</span> <span class='ocrx_word' id='word_1_348' title='bbox 1733 2877 2003 2952; x_wconf 81' lang='grc' dir='ltr'>χορηγός·</span> 
     </span>
    </p>
   </div>
   <div class='ocr_carea' id='block_1_47' title="bbox 354 2959 2003 3035">
    <p class='ocr_par' dir='ltr' id='par_1_47' title="bbox 354 2959 2003 3035">
     <span class='ocr_line' id='line_1_48' title="bbox 354 2959 2003 3035; baseline 0.003 -19"><span class='ocrx_word' id='word_1_349' title='bbox 354 2959 500 3033; x_wconf 85' lang='grc' dir='ltr'>αύτῷ</span> <span class='ocrx_word' id='word_1_350' title='bbox 559 2963 592 3030; x_wconf 78' lang='grc' dir='ltr'>ἠ</span> <span class='ocrx_word' id='word_1_351' title='bbox 655 2959 781 3032; x_wconf 78' lang='grc' dir='ltr'>δόξα</span> <span class='ocrx_word' id='word_1_352' title='bbox 838 2963 926 3017; x_wconf 81' lang='grc' dir='ltr'>καὶ</span> <span class='ocrx_word' id='word_1_353' title='bbox 971 2965 1032 3018; x_wconf 90' lang='grc' dir='ltr'>τὸ</span> <span class='ocrx_word' id='word_1_354' title='bbox 1091 2963 1288 3035; x_wconf 85' lang='grc' dir='ltr'>κράτος</span> <span class='ocrx_word' id='word_1_355' title='bbox 1342 2964 1430 3019; x_wconf 86' lang='grc' dir='ltr'>καὶ</span> <span class='ocrx_word' id='word_1_356' title='bbox 1476 2970 1566 3018; x_wconf 72' lang='grc' dir='ltr'>νῦν</span> <span class='ocrx_word' id='word_1_357' title='bbox 1616 2967 1705 3020; x_wconf 82' lang='grc' dir='ltr'>καὶ</span> <span class='ocrx_word' id='word_1_358' title='bbox 1752 2966 1827 3028; x_wconf 80' lang='grc' dir='ltr'>εἷς</span> <span class='ocrx_word' id='word_1_359' title='bbox 1876 2967 2003 3029; x_wconf 80' lang='grc' dir='ltr'>τοὺς</span> 
     </span>
    </p>
   </div>
   <div class='ocr_carea' id='block_1_48' title="bbox 353 3049 1198 3125">
    <p class='ocr_par' dir='ltr' id='par_1_48' title="bbox 353 3049 1198 3125">
     <span class='ocr_line' id='line_1_49' title="bbox 353 3049 1198 3125; baseline 0.008 -22"><span class='ocrx_word' id='word_1_360' title='bbox 353 3049 554 3114; x_wconf 82' lang='grc' dir='ltr'>αἰῶνας</span> <span class='ocrx_word' id='word_1_361' title='bbox 583 3055 691 3106; x_wconf 80' lang='grc' dir='ltr'>τῶν</span> <span class='ocrx_word' id='word_1_362' title='bbox 725 3051 960 3116; x_wconf 79' lang='grc' dir='ltr'>αἰώνων.</span> <span class='ocrx_word' id='word_1_363' title='bbox 998 3054 1198 3125; x_wconf 74' lang='grc' dir='ltr'>Ἀμήν.</span> 
     </span>
    </p>
   </div>
   <div class='ocr_carea' id='block_1_49' title="bbox 421 3178 1436 3248">
    <p class='ocr_par' dir='ltr' id='par_1_49' title="bbox 421 3178 1436 3248">
     <span class='ocr_line' id='line_1_50' title="bbox 421 3178 1436 3248; baseline 0.006 -15"><span class='ocrx_word' id='word_1_364' title='bbox 421 3179 466 3214; x_wconf 70' lang='grc'><strong>⁸1</strong></span> <span class='ocrx_word' id='word_1_365' title='bbox 501 3178 709 3235; x_wconf 86' lang='lat' dir='ltr'>Matth.</span> <span class='ocrx_word' id='word_1_366' title='bbox 741 3197 896 3248; x_wconf 85' lang='lat' dir='ltr'>xxv1,</span> <span class='ocrx_word' id='word_1_367' title='bbox 926 3182 1016 3237; x_wconf 75' lang='grc'>34.</span> <span class='ocrx_word' id='word_1_368' title='bbox 1091 3183 1138 3218; x_wconf 65' lang='grc'>⁸⁵</span> <span class='ocrx_word' id='word_1_369' title='bbox 1171 3183 1315 3239; x_wconf 86' lang='lat' dir='ltr'>Ibid.</span> <span class='ocrx_word' id='word_1_370' title='bbox 1349 3185 1436 3239; x_wconf 86' lang='lat'>72.</span> 
     </span>
    </p>
   </div>
   <div class='ocr_carea' id='block_1_50' title="bbox 2125 1975 3777 2049">
    <p class='ocr_par' dir='ltr' id='par_1_50' title="bbox 2125 1975 3777 2049">
     <span class='ocr_line' id='line_1_51' title="bbox 2125 1975 3777 2049; baseline -0.001 -17"><span class='ocrx_word' id='word_1_371' title='bbox 2125 1979 2323 2033; x_wconf 89' lang='lat' dir='ltr'>minus</span> <span class='ocrx_word' id='word_1_372' title='bbox 2356 1978 2626 2049; x_wconf 86' lang='lat' dir='ltr'>imperat,</span> <span class='ocrx_word' id='word_1_373' title='bbox 2663 1977 2739 2031; x_wconf 93' lang='lat' dir='ltr'>ibi</span> <span class='ocrx_word' id='word_1_374' title='bbox 2779 1993 2936 2032; x_wconf 89' lang='lat' dir='ltr'>mare</span> <span class='ocrx_word' id='word_1_375' title='bbox 2969 1976 3266 2032; x_wconf 85' lang='lat' dir='ltr'>conservis</span> <span class='ocrx_word' id='word_1_376' title='bbox 3298 1975 3635 2031; x_wconf 83' lang='lat' dir='ltr'>famulatur.</span> <span class='ocrx_word' id='word_1_377' title='bbox 3670 1976 3777 2031; x_wconf 90' lang='lat' dir='ltr'>Ubi</span> 
     </span>
    </p>
   </div>
   <div class='ocr_carea' id='block_1_51' title="bbox 2123 2073 3781 2147">
    <p class='ocr_par' dir='ltr' id='par_1_51' title="bbox 2123 2073 3781 2147">
     <span class='ocr_line' id='line_1_52' title="bbox 2123 2073 3781 2147; baseline 0.001 -18"><span class='ocrx_word' id='word_1_378' title='bbox 2123 2075 2407 2131; x_wconf 89' lang='lat' dir='ltr'>Dominus</span> <span class='ocrx_word' id='word_1_379' title='bbox 2439 2080 2744 2147; x_wconf 84' lang='lat' dir='ltr'>repugnat,</span> <span class='ocrx_word' id='word_1_380' title='bbox 2779 2074 2858 2129; x_wconf 88' lang='lat' dir='ltr'>ibi</span> <span class='ocrx_word' id='word_1_381' title='bbox 2905 2080 3212 2129; x_wconf 86' lang='lat' dir='ltr'>armantur</span> <span class='ocrx_word' id='word_1_382' title='bbox 3243 2075 3352 2147; x_wconf 91' lang='lat' dir='ltr'>ipsi</span> <span class='ocrx_word' id='word_1_383' title='bbox 3384 2073 3544 2146; x_wconf 86' lang='lat' dir='ltr'>galli.</span> <span class='ocrx_word' id='word_1_384' title='bbox 3570 2073 3781 2131; x_wconf 89' lang='lat' dir='ltr'>Omnia</span> 
     </span>
    </p>
   </div>
   <div class='ocr_carea' id='block_1_52' title="bbox 2121 2163 3774 2237">
    <p class='ocr_par' dir='ltr' id='par_1_52' title="bbox 2121 2163 3774 2237">
     <span class='ocr_line' id='line_1_53' title="bbox 2121 2163 3774 2237; baseline -0.001 -17"><span class='ocrx_word' id='word_1_385' title='bbox 2121 2166 2338 2237; x_wconf 88' lang='lat' dir='ltr'>quippe</span> <span class='ocrx_word' id='word_1_386' title='bbox 2369 2164 2596 2236; x_wconf 90' lang='lat' dir='ltr'>opiﬁcis</span> <span class='ocrx_word' id='word_1_387' title='bbox 2629 2169 2837 2219; x_wconf 89' lang='lat' dir='ltr'>nutum</span> <span class='ocrx_word' id='word_1_388' title='bbox 2867 2169 3215 2235; x_wconf 89' lang='lat' dir='ltr'>sequuntur.</span> <span class='ocrx_word' id='word_1_389' title='bbox 3251 2187 3279 2214; x_wconf 85' lang='lat'><strong>«</strong></span> <span class='ocrx_word' id='word_1_390' title='bbox 3314 2163 3556 2219; x_wconf 87' lang='lat' dir='ltr'>Etiamsi</span> <span class='ocrx_word' id='word_1_391' title='bbox 3602 2180 3774 2236; x_wconf 84' lang='lat' dir='ltr'>opor—</span> 
     </span>
    </p>
   </div>
   <div class='ocr_carea' id='block_1_53' title="bbox 2119 2253 3770 2325">
    <p class='ocr_par' dir='ltr' id='par_1_53' title="bbox 2119 2253 3770 2325">
     <span class='ocr_line' id='line_1_54' title="bbox 2119 2253 3770 2325; baseline -0.002 -16"><span class='ocrx_word' id='word_1_392' title='bbox 2119 2254 2297 2310; x_wconf 87' lang='lat' dir='ltr'>tuerit</span> <span class='ocrx_word' id='word_1_393' title='bbox 2346 2270 2437 2308; x_wconf 88' lang='lat' dir='ltr'>me</span> <span class='ocrx_word' id='word_1_394' title='bbox 2467 2253 2613 2308; x_wconf 91' lang='lat' dir='ltr'>mori</span> <span class='ocrx_word' id='word_1_395' title='bbox 2647 2258 2863 2320; x_wconf 85' lang='lat' dir='ltr'>tecum,</span> <span class='ocrx_word' id='word_1_396' title='bbox 2897 2270 3011 2307; x_wconf 89' lang='lat' dir='ltr'>non</span> <span class='ocrx_word' id='word_1_397' title='bbox 3044 2258 3101 2307; x_wconf 93' lang='lat' dir='ltr'>te</span> <span class='ocrx_word' id='word_1_398' title='bbox 3135 2254 3356 2324; x_wconf 87' lang='lat' dir='ltr'>negabo</span> <span class='ocrx_word' id='word_1_399' title='bbox 3389 2270 3408 2305; x_wconf 87' lang='lat'><strong><em>:</em></strong></span> <span class='ocrx_word' id='word_1_400' title='bbox 3446 2275 3473 2302; x_wconf 82' lang='lat'><strong>»</strong></span> <span class='ocrx_word' id='word_1_401' title='bbox 3503 2256 3560 2308; x_wconf 84' lang='lat' dir='ltr'>et</span> <span class='ocrx_word' id='word_1_402' title='bbox 3593 2257 3725 2325; x_wconf 91' lang='lat' dir='ltr'>post</span> <span class='ocrx_word' id='word_1_403' title='bbox 3758 2269 3770 2306; x_wconf 94' lang='lat'>:</span> 
     </span>
    </p>
   </div>
   <div class='ocr_carea' id='block_1_54' title="bbox 2121 2340 3774 2413">
    <p class='ocr_par' dir='ltr' id='par_1_54' title="bbox 2121 2340 3774 2413">
     <span class='ocr_line' id='line_1_55' title="bbox 2121 2340 3774 2413; baseline -0.002 -14"><span class='ocrx_word' id='word_1_404' title='bbox 2121 2367 2148 2393; x_wconf 84' lang='lat'>«</span> <span class='ocrx_word' id='word_1_405' title='bbox 2187 2344 2312 2399; x_wconf 86' lang='lat' dir='ltr'>Non</span> <span class='ocrx_word' id='word_1_406' title='bbox 2345 2342 2474 2398; x_wconf 90' lang='lat' dir='ltr'>novi</span> <span class='ocrx_word' id='word_1_407' title='bbox 2507 2342 2807 2397; x_wconf 90' lang='lat' dir='ltr'>hominem</span> <span class='ocrx_word' id='word_1_408' title='bbox 2838 2342 2904 2396; x_wconf 76' lang='grc'>⁸³.</span> <span class='ocrx_word' id='word_1_409' title='bbox 2940 2364 2966 2391; x_wconf 86' lang='grc'>››</span> <span class='ocrx_word' id='word_1_410' title='bbox 2999 2340 3144 2397; x_wconf 90' lang='lat' dir='ltr'>Vide</span> <span class='ocrx_word' id='word_1_411' title='bbox 3177 2341 3406 2397; x_wconf 86' lang='lat' dir='ltr'>timoris</span> <span class='ocrx_word' id='word_1_412' title='bbox 3436 2341 3774 2413; x_wconf 78' lang='lat' dir='ltr'>amorisque</span> 
     </span>
    </p>
   </div>
   <div class='ocr_carea' id='block_1_55' title="bbox 2121 2430 3776 2504">
    <p class='ocr_par' dir='ltr' id='par_1_55' title="bbox 2121 2430 3776 2504">
     <span class='ocr_line' id='line_1_56' title="bbox 2121 2430 3776 2504; baseline -0.002 -17"><span class='ocrx_word' id='word_1_413' title='bbox 2121 2431 2502 2504; x_wconf 82' lang='lat' dir='ltr'>complicatas</span> <span class='ocrx_word' id='word_1_414' title='bbox 2535 2448 2723 2487; x_wconf 87' lang='lat' dir='ltr'>voces.</span> <span class='ocrx_word' id='word_1_415' title='bbox 2758 2431 2882 2485; x_wconf 89' lang='lat' dir='ltr'>Non</span> <span class='ocrx_word' id='word_1_416' title='bbox 2931 2448 3124 2497; x_wconf 87' lang='lat' dir='ltr'>noras,</span> <span class='ocrx_word' id='word_1_417' title='bbox 3176 2431 3364 2500; x_wconf 85' lang='lat' dir='ltr'>Petre,</span> <span class='ocrx_word' id='word_1_418' title='bbox 3417 2430 3776 2486; x_wconf 81' lang='lat' dir='ltr'>Dominum?</span> 
     </span>
    </p>
   </div>
   <div class='ocr_carea' id='block_1_56' title="bbox 2119 2519 3776 2593">
    <p class='ocr_par' dir='ltr' id='par_1_56' title="bbox 2119 2519 3776 2593">
     <span class='ocr_line' id='line_1_57' title="bbox 2119 2519 3776 2593; baseline 0.001 -19"><span class='ocrx_word' id='word_1_419' title='bbox 2119 2527 2207 2576; x_wconf 83' lang='lat' dir='ltr'>An</span> <span class='ocrx_word' id='word_1_420' title='bbox 2241 2522 2419 2593; x_wconf 89' lang='lat' dir='ltr'>igitur</span> <span class='ocrx_word' id='word_1_421' title='bbox 2448 2525 2504 2575; x_wconf 88' lang='lat' dir='ltr'>et</span> <span class='ocrx_word' id='word_1_422' title='bbox 2535 2520 2819 2575; x_wconf 92' lang='lat' dir='ltr'>Dominus</span> <span class='ocrx_word' id='word_1_423' title='bbox 2851 2520 3082 2575; x_wconf 85' lang='lat' dir='ltr'>Petrum</span> <span class='ocrx_word' id='word_1_424' title='bbox 3116 2537 3229 2574; x_wconf 91' lang='lat' dir='ltr'>non</span> <span class='ocrx_word' id='word_1_425' title='bbox 3264 2519 3450 2574; x_wconf 82' lang='lat' dir='ltr'>novit?</span> <span class='ocrx_word' id='word_1_426' title='bbox 3479 2519 3522 2575; x_wconf 92' lang='grc' dir='ltr'><strong>Ο</strong></span> <span class='ocrx_word' id='word_1_427' title='bbox 3555 2525 3776 2575; x_wconf 87' lang='lat' dir='ltr'>metum</span> 
     </span>
    </p>
   </div>
   <div class='ocr_carea' id='block_1_57' title="bbox 2119 2607 3781 2682">
    <p class='ocr_par' dir='ltr' id='par_1_57' title="bbox 2119 2607 3781 2682">
     <span class='ocr_line' id='line_1_58' title="bbox 2119 2607 3781 2682; baseline 0 -18"><span class='ocrx_word' id='word_1_428' title='bbox 2119 2610 2219 2682; x_wconf 88' lang='lat' dir='ltr'>qui</span> <span class='ocrx_word' id='word_1_429' title='bbox 2253 2611 2433 2665; x_wconf 91' lang='lat' dir='ltr'>vincit</span> <span class='ocrx_word' id='word_1_430' title='bbox 2464 2609 2747 2665; x_wconf 85' lang='lat' dir='ltr'>amorem!</span> <span class='ocrx_word' id='word_1_431' title='bbox 2773 2609 3088 2664; x_wconf 87' lang='lat' dir='ltr'>Considera</span> <span class='ocrx_word' id='word_1_432' title='bbox 3122 2608 3264 2664; x_wconf 89' lang='lat' dir='ltr'>mihi</span> <span class='ocrx_word' id='word_1_433' title='bbox 3295 2607 3456 2663; x_wconf 88' lang='lat' dir='ltr'>illam</span> <span class='ocrx_word' id='word_1_434' title='bbox 3493 2608 3644 2664; x_wconf 86' lang='lat' dir='ltr'>Petri</span> <span class='ocrx_word' id='word_1_435' title='bbox 3669 2611 3781 2664; x_wconf 86' lang='lat' dir='ltr'>for-</span> 
     </span>
    </p>
   </div>
   <div class='ocr_carea' id='block_1_58' title="bbox 2119 2696 3771 2771">
    <p class='ocr_par' dir='ltr' id='par_1_58' title="bbox 2119 2696 3771 2771">
     <span class='ocr_line' id='line_1_59' title="bbox 2119 2696 3771 2771; baseline -0.001 -16"><span class='ocrx_word' id='word_1_436' title='bbox 2119 2700 2424 2767; x_wconf 87' lang='lat' dir='ltr'>midinem,</span> <span class='ocrx_word' id='word_1_437' title='bbox 2448 2705 2509 2754; x_wconf 92' lang='lat' dir='ltr'>ut</span> <span class='ocrx_word' id='word_1_438' title='bbox 2542 2700 3073 2771; x_wconf 85' lang='lat' dir='ltr'>ediscas,quisnam</span> <span class='ocrx_word' id='word_1_439' title='bbox 3107 2697 3184 2753; x_wconf 87' lang='lat' dir='ltr'>sit</span> <span class='ocrx_word' id='word_1_440' title='bbox 3213 2696 3312 2769; x_wconf 88' lang='lat' dir='ltr'>qui</span> <span class='ocrx_word' id='word_1_441' title='bbox 3344 2698 3443 2752; x_wconf 88' lang='lat' dir='ltr'>dat</span> <span class='ocrx_word' id='word_1_442' title='bbox 3475 2697 3771 2754; x_wconf 88' lang='lat' dir='ltr'>ﬁduciam.</span> 
     </span>
    </p>
   </div>
   <div class='ocr_carea' id='block_1_59' title="bbox 2118 2787 3776 2861">
    <p class='ocr_par' dir='ltr' id='par_1_59' title="bbox 2118 2787 3776 2861">
     <span class='ocr_line' id='line_1_60' title="bbox 2118 2787 3776 2861; baseline -0.001 -17"><span class='ocrx_word' id='word_1_443' title='bbox 2118 2790 2412 2861; x_wconf 87' lang='lat' dir='ltr'>Arguatur</span> <span class='ocrx_word' id='word_1_444' title='bbox 2469 2792 2699 2853; x_wconf 62' lang='lat' dir='ltr'>natura;</span> <span class='ocrx_word' id='word_1_445' title='bbox 2753 2793 2818 2842; x_wconf 91' lang='lat' dir='ltr'>ut</span> <span class='ocrx_word' id='word_1_446' title='bbox 2851 2797 3127 2859; x_wconf 85' lang='lat' dir='ltr'>appareat</span> <span class='ocrx_word' id='word_1_447' title='bbox 3167 2787 3354 2859; x_wconf 89' lang='lat' dir='ltr'>gratia</span> <span class='ocrx_word' id='word_1_448' title='bbox 3387 2803 3398 2841; x_wconf 93' lang='lat'><strong>:</strong></span> <span class='ocrx_word' id='word_1_449' title='bbox 3433 2787 3776 2843; x_wconf 86' lang='lat' dir='ltr'>exhibeatur</span> 
     </span>
    </p>
   </div>
   <div class='ocr_carea' id='block_1_60' title="bbox 2117 2876 3773 2949">
    <p class='ocr_par' dir='ltr' id='par_1_60' title="bbox 2117 2876 3773 2949">
     <span class='ocr_line' id='line_1_61' title="bbox 2117 2876 3773 2949; baseline -0.001 -17"><span class='ocrx_word' id='word_1_450' title='bbox 2117 2877 2452 2948; x_wconf 88' lang='lat' dir='ltr'>inﬁrmitas,</span> <span class='ocrx_word' id='word_1_451' title='bbox 2487 2881 2551 2931; x_wconf 92' lang='lat' dir='ltr'>ut</span> <span class='ocrx_word' id='word_1_452' title='bbox 2581 2880 2861 2949; x_wconf 87' lang='lat' dir='ltr'>appareat</span> <span class='ocrx_word' id='word_1_453' title='bbox 2893 2876 3124 2931; x_wconf 88' lang='lat' dir='ltr'>virtutis</span> <span class='ocrx_word' id='word_1_454' title='bbox 3157 2881 3380 2941; x_wconf 88' lang='lat' dir='ltr'>auctor,</span> <span class='ocrx_word' id='word_1_455' title='bbox 3437 2876 3528 2931; x_wconf 92' lang='lat' dir='ltr'>cui</span> <span class='ocrx_word' id='word_1_456' title='bbox 3588 2876 3773 2948; x_wconf 84' lang='lat' dir='ltr'>gloria</span> 
     </span>
    </p>
   </div>
   <div class='ocr_carea' id='block_1_61' title="bbox 2115 2963 3768 3040">
    <p class='ocr_par' dir='ltr' id='par_1_61' title="bbox 2115 2963 3768 3040">
     <span class='ocr_line' id='line_1_62' title="bbox 2115 2963 3768 3040; baseline -0.003 -17"><span class='ocrx_word' id='word_1_457' title='bbox 2115 2973 2172 3023; x_wconf 89' lang='lat' dir='ltr'>et</span> <span class='ocrx_word' id='word_1_458' title='bbox 2223 2966 2536 3040; x_wconf 90' lang='lat' dir='ltr'>imperium</span> <span class='ocrx_word' id='word_1_459' title='bbox 2591 2972 2647 3021; x_wconf 89' lang='lat' dir='ltr'>et</span> <span class='ocrx_word' id='word_1_460' title='bbox 2695 2983 2850 3021; x_wconf 89' lang='lat' dir='ltr'>nunc</span> <span class='ocrx_word' id='word_1_461' title='bbox 2888 2970 2945 3020; x_wconf 90' lang='lat' dir='ltr'>et</span> <span class='ocrx_word' id='word_1_462' title='bbox 3000 2965 3059 3019; x_wconf 91' lang='lat' dir='ltr'>in</span> <span class='ocrx_word' id='word_1_463' title='bbox 3117 2963 3333 3021; x_wconf 70' lang='lat' dir='ltr'>saecula</span> <span class='ocrx_word' id='word_1_464' title='bbox 3393 2965 3768 3021; x_wconf 82' lang='lat' dir='ltr'>saeculorum.</span> 
     </span>
    </p>
   </div>
   <div class='ocr_carea' id='block_1_62' title="bbox 2115 3063 2323 3112">
    <p class='ocr_par' dir='ltr' id='par_1_62' title="bbox 2115 3063 2323 3112">
     <span class='ocr_line' id='line_1_63' title="bbox 2115 3063 2323 3112; baseline 0.005 -1"><span class='ocrx_word' id='word_1_465' title='bbox 2115 3063 2323 3112; x_wconf 80' lang='lat' dir='ltr'>Amen.</span> 
     </span>
    </p>
   </div>
   <div class='ocr_carea' id='block_1_63' title="bbox 1366 3417 2753 3486">
    <p class='ocr_par' dir='ltr' id='par_1_63' title="bbox 1366 3417 2753 3486">
     <span class='ocr_line' id='line_1_64' title="bbox 1366 3417 2753 3486; baseline 0 -13"><span class='ocrx_word' id='word_1_466' title='bbox 1366 3417 1436 3473; x_wconf 87' lang='lat' dir='ltr'>IN</span> <span class='ocrx_word' id='word_1_467' title='bbox 1478 3418 1875 3474; x_wconf 82' lang='lat' dir='ltr'>SERMONEM</span> <span class='ocrx_word' id='word_1_468' title='bbox 1915 3418 2350 3486; x_wconf 86' lang='lat' dir='ltr'>SEQUENTEM</span> <span class='ocrx_word' id='word_1_469' title='bbox 2392 3417 2753 3474; x_wconf 85' lang='lat' dir='ltr'>MONITUM.</span> 
     </span>
    </p>
   </div>
   <div class='ocr_carea' id='block_1_64' title="bbox 424 3529 3766 3606">
    <p class='ocr_par' dir='ltr' id='par_1_64' title="bbox 424 3529 3766 3606">
     <span class='ocr_line' id='line_1_65' title="bbox 424 3529 3766 3606; baseline 0.001 -21"><span class='ocrx_word' id='word_1_470' title='bbox 424 3529 571 3587; x_wconf 77' lang='lat'><strong>385</strong></span> <span class='ocrx_word' id='word_1_471' title='bbox 607 3531 796 3588; x_wconf 86' lang='lat' dir='ltr'>Sermo</span> <span class='ocrx_word' id='word_1_472' title='bbox 828 3534 888 3587; x_wconf 86' lang='lat' dir='ltr'>in</span> <span class='ocrx_word' id='word_1_473' title='bbox 920 3537 1258 3589; x_wconf 79' lang='lat' dir='ltr'>Parasceven</span> <span class='ocrx_word' id='word_1_474' title='bbox 1287 3537 1582 3605; x_wconf 79' lang='lat' dir='ltr'>antiquum</span> <span class='ocrx_word' id='word_1_475' title='bbox 1606 3543 1684 3590; x_wconf 86' lang='lat' dir='ltr'>est</span> <span class='ocrx_word' id='word_1_476' title='bbox 1713 3551 1883 3604; x_wconf 83' lang='lat' dir='ltr'>opus:</span> <span class='ocrx_word' id='word_1_477' title='bbox 1900 3552 2031 3590; x_wconf 83' lang='lat' dir='ltr'>nam</span> <span class='ocrx_word' id='word_1_478' title='bbox 2061 3537 2122 3590; x_wconf 85' lang='lat' dir='ltr'>in</span> <span class='ocrx_word' id='word_1_479' title='bbox 2151 3536 2428 3591; x_wconf 87' lang='lat' dir='ltr'>codicibus</span> <span class='ocrx_word' id='word_1_480' title='bbox 2457 3551 2730 3591; x_wconf 78' lang='lat' dir='ltr'>annorum</span> <span class='ocrx_word' id='word_1_481' title='bbox 2763 3536 3058 3606; x_wconf 84' lang='lat' dir='ltr'>plusquam</span> <span class='ocrx_word' id='word_1_482' title='bbox 3078 3535 3520 3602; x_wconf 73' lang='lat' dir='ltr'>octingentorum</span> <span class='ocrx_word' id='word_1_483' title='bbox 3545 3534 3766 3605; x_wconf 84' lang='lat' dir='ltr'>legitur.</span> 
     </span>
    </p>
   </div>
   <div class='ocr_carea' id='block_1_65' title="bbox 347 3621 3768 3695">
    <p class='ocr_par' dir='ltr' id='par_1_65' title="bbox 347 3621 3768 3695">
     <span class='ocr_line' id='line_1_66' title="bbox 347 3621 3768 3695; baseline 0.001 -20"><span class='ocrx_word' id='word_1_484' title='bbox 347 3621 590 3676; x_wconf 75' lang='lat' dir='ltr'>Minime</span> <span class='ocrx_word' id='word_1_485' title='bbox 616 3624 798 3676; x_wconf 83' lang='lat' dir='ltr'>tamen</span> <span class='ocrx_word' id='word_1_486' title='bbox 831 3623 1131 3677; x_wconf 74' lang='lat' dir='ltr'>Athanasio</span> <span class='ocrx_word' id='word_1_487' title='bbox 1161 3624 1540 3690; x_wconf 80' lang='lat' dir='ltr'>ascribendus,</span> <span class='ocrx_word' id='word_1_488' title='bbox 1571 3626 1747 3695; x_wconf 84' lang='lat' dir='ltr'>stylus</span> <span class='ocrx_word' id='word_1_489' title='bbox 1775 3627 1930 3680; x_wconf 85' lang='lat' dir='ltr'>enim</span> <span class='ocrx_word' id='word_1_490' title='bbox 1961 3624 2334 3681; x_wconf 78' lang='lat' dir='ltr'>Athanaszano</span> <span class='ocrx_word' id='word_1_491' title='bbox 2365 3625 2623 3681; x_wconf 83' lang='lat' dir='ltr'>absimilc</span> <span class='ocrx_word' id='word_1_492' title='bbox 2649 3625 2816 3695; x_wconf 80' lang='lat' dir='ltr'>plane</span> <span class='ocrx_word' id='word_1_493' title='bbox 2863 3634 2965 3679; x_wconf 88' lang='lat' dir='ltr'>est.</span> <span class='ocrx_word' id='word_1_494' title='bbox 3016 3629 3160 3680; x_wconf 85' lang='lat' dir='ltr'>Nam</span> <span class='ocrx_word' id='word_1_495' title='bbox 3208 3625 3333 3677; x_wconf 85' lang='lat' dir='ltr'>licet</span> <span class='ocrx_word' id='word_1_496' title='bbox 3387 3625 3486 3678; x_wconf 82' lang='lat' dir='ltr'>hoc</span> <span class='ocrx_word' id='word_1_497' title='bbox 3533 3640 3768 3693; x_wconf 85' lang='lat' dir='ltr'>opuscu-</span> 
     </span>
    </p>
   </div>
   <div class='ocr_carea' id='block_1_66' title="bbox 349 3709 2515 3783">
    <p class='ocr_par' dir='ltr' id='par_1_66' title="bbox 349 3709 2515 3783">
     <span class='ocr_line' id='line_1_67' title="bbox 349 3709 2515 3783; baseline 0.003 -20"><span class='ocrx_word' id='word_1_498' title='bbox 349 3709 467 3763; x_wconf 87' lang='lat' dir='ltr'>lum</span> <span class='ocrx_word' id='word_1_499' title='bbox 522 3711 768 3782; x_wconf 88' lang='lat' dir='ltr'>aliquam</span> <span class='ocrx_word' id='word_1_500' title='bbox 825 3717 1089 3783; x_wconf 50' lang='lat' dir='ltr'>pra/erat</span> <span class='ocrx_word' id='word_1_501' title='bbox 1142 3714 1436 3781; x_wconf 71' lang='lat' dir='ltr'>elegantia:</span> <span class='ocrx_word' id='word_1_502' title='bbox 1475 3730 1732 3783; x_wconf 81' lang='lat' dir='ltr'>speczem,</span> <span class='ocrx_word' id='word_1_503' title='bbox 1792 3720 1852 3769; x_wconf 91' lang='lat' dir='ltr'>at</span> <span class='ocrx_word' id='word_1_504' title='bbox 1902 3717 2135 3771; x_wconf 85' lang='lat' dir='ltr'>minime</span> <span class='ocrx_word' id='word_1_505' title='bbox 2189 3719 2441 3770; x_wconf 83' lang='lat' dir='ltr'>nativam</span> <span class='ocrx_word' id='word_1_506' title='bbox 2496 3733 2515 3770; x_wconf 91' lang='lat'><strong><em>:</em></strong></span> 
     </span>
    </p>
   </div>
   <div class='ocr_carea' id='block_1_67' title="bbox 2571 3713 3770 3786">
    <p class='ocr_par' dir='ltr' id='par_1_67' title="bbox 2571 3713 3770 3786">
     <span class='ocr_line' id='line_1_68' title="bbox 2571 3713 3770 3786; baseline -0.003 -16"><span class='ocrx_word' id='word_1_507' title='bbox 2571 3715 2663 3770; x_wconf 80' lang='lat' dir='ltr'>sed</span> <span class='ocrx_word' id='word_1_508' title='bbox 2703 3716 2897 3786; x_wconf 82' lang='lat' dir='ltr'>tropis,</span> <span class='ocrx_word' id='word_1_509' title='bbox 2931 3715 3148 3785; x_wconf 84' lang='lat' dir='ltr'>ﬁguris,</span> <span class='ocrx_word' id='word_1_510' title='bbox 3179 3714 3669 3768; x_wconf 73' lang='lat' dir='ltr'>exclamationibus</span> <span class='ocrx_word' id='word_1_511' title='bbox 3698 3713 3770 3767; x_wconf 89' lang='lat' dir='ltr'>ad</span> 
     </span>
    </p>
   </div>
   <div class='ocr_carea' id='block_1_68' title="bbox 353 3796 3768 3876">
    <p class='ocr_par' dir='ltr' id='par_1_68' title="bbox 353 3796 3768 3876">
     <span class='ocr_line' id='line_1_69' title="bbox 353 3796 3768 3876; baseline 0.002 -26"><span class='ocrx_word' id='word_1_512' title='bbox 353 3796 689 3867; x_wconf 83' lang='grc' dir='ltr'>κακοζηλίαν</span> <span class='ocrx_word' id='word_1_513' title='bbox 717 3817 884 3872; x_wconf 75' lang='lat' dir='ltr'>usque</span> <span class='ocrx_word' id='word_1_514' title='bbox 912 3802 1329 3858; x_wconf 87' lang='lat' dir='ltr'>redundantem.</span> <span class='ocrx_word' id='word_1_515' title='bbox 1361 3805 1421 3859; x_wconf 83' lang='lat' dir='ltr'>In</span> <span class='ocrx_word' id='word_1_516' title='bbox 1456 3802 1641 3858; x_wconf 83' lang='lat' dir='ltr'>nullis</span> <span class='ocrx_word' id='word_1_517' title='bbox 1687 3806 1859 3859; x_wconf 86' lang='lat' dir='ltr'>etiam</span> <span class='ocrx_word' id='word_1_518' title='bbox 1889 3804 2182 3860; x_wconf 82' lang='lat' dir='ltr'>Athanasii</span> <span class='ocrx_word' id='word_1_519' title='bbox 2234 3821 2466 3876; x_wconf 83' lang='lat' dir='ltr'>operum</span> <span class='ocrx_word' id='word_1_520' title='bbox 2520 3805 2930 3860; x_wconf 76' lang='lat' dir='ltr'>collectionibus</span> <span class='ocrx_word' id='word_1_521' title='bbox 2984 3804 3378 3873; x_wconf 82' lang='lat' dir='ltr'>manuscriptis</span> <span class='ocrx_word' id='word_1_522' title='bbox 3437 3803 3613 3858; x_wconf 82' lang='lat' dir='ltr'>locum</span> <span class='ocrx_word' id='word_1_523' title='bbox 3669 3802 3768 3857; x_wconf 87' lang='lat' dir='ltr'>ha-</span> 
     </span>
    </p>
   </div>
   <div class='ocr_carea' id='block_1_69' title="bbox 355 3888 2141 3964">
    <p class='ocr_par' dir='ltr' id='par_1_69' title="bbox 355 3888 2141 3964">
     <span class='ocr_line' id='line_1_70' title="bbox 355 3888 2141 3964; baseline 0.004 -22"><span class='ocrx_word' id='word_1_524' title='bbox 355 3888 496 3958; x_wconf 88' lang='lat' dir='ltr'>buit,</span> <span class='ocrx_word' id='word_1_525' title='bbox 527 3889 672 3960; x_wconf 81' lang='lat' dir='ltr'>quod</span> <span class='ocrx_word' id='word_1_526' title='bbox 700 3892 963 3946; x_wconf 74' lang='lat' dir='ltr'>sciamus.</span> <span class='ocrx_word' id='word_1_527' title='bbox 998 3891 1177 3959; x_wconf 86' lang='lat' dir='ltr'>Quare</span> <span class='ocrx_word' id='word_1_528' title='bbox 1208 3893 1353 3948; x_wconf 83' lang='lat' dir='ltr'>inter</span> <span class='ocrx_word' id='word_1_529' title='bbox 1380 3895 1573 3964; x_wconf 83' lang='lat' dir='ltr'>spuria</span> <span class='ocrx_word' id='word_1_530' title='bbox 1602 3894 1799 3948; x_wconf 84' lang='lat' dir='ltr'>merito</span> <span class='ocrx_word' id='word_1_531' title='bbox 1828 3894 2141 3964; x_wconf 80' lang='lat' dir='ltr'>ablegatur.</span> 
     </span>
    </p>
   </div>
   <div class='ocr_carea' id='block_1_70' title="bbox 1515 4139 2580 4190">
    <p class='ocr_par' dir='ltr' id='par_1_70' title="bbox 1515 4139 2580 4190">
     <span class='ocr_line' id='line_1_71' title="bbox 1515 4139 2580 4190; baseline 0.002 -4"><span class='ocrx_word' id='word_1_532' title='bbox 1515 4139 1643 4190; x_wconf 79' lang='grc' dir='ltr'>ΤΟΥ</span> <span class='ocrx_word' id='word_1_533' title='bbox 1683 4139 1766 4188; x_wconf 82' lang='lat' dir='ltr'>EN</span> <span class='ocrx_word' id='word_1_534' title='bbox 1808 4139 2037 4189; x_wconf 82' lang='grc' dir='ltr'>ΔΓΙΟΙΣ</span> <span class='ocrx_word' id='word_1_535' title='bbox 2079 4139 2349 4189; x_wconf 85' lang='grc' dir='ltr'>ΠΑΤΡΟΣ</span> <span class='ocrx_word' id='word_1_536' title='bbox 2391 4139 2580 4189; x_wconf 82' lang='grc' dir='ltr'>ΗΜΩΝ</span> 
     </span>
    </p>
   </div>
   <div class='ocr_carea' id='block_1_71' title="bbox 1691 4284 2424 4382">
    <p class='ocr_par' dir='ltr' id='par_1_71' title="bbox 1691 4284 2424 4382">
     <span class='ocr_line' id='line_1_72' title="bbox 1691 4284 2424 4382; baseline 0.004 -3"><span class='ocrx_word' id='word_1_537' title='bbox 1691 4284 2424 4382; x_wconf 83' lang='grc' dir='ltr'>ΑΘΑΝΑΣΙΟΥ</span> 
     </span>
    </p>
   </div>
   <div class='ocr_carea' id='block_1_72' title="bbox 959 4459 3130 4533">
    <p class='ocr_par' dir='ltr' id='par_1_72' title="bbox 959 4459 3130 4533">
     <span class='ocr_line' id='line_1_73' title="bbox 959 4459 3130 4533; baseline 0 -23"><span class='ocrx_word' id='word_1_538' title='bbox 959 4461 1178 4513; x_wconf 82' lang='grc' dir='ltr'><strong>ΛΟΓΟΣ</strong></span> <span class='ocrx_word' id='word_1_539' title='bbox 1221 4463 1335 4513; x_wconf 83' lang='grc' dir='ltr'><strong>ΕΙΣ</strong></span> <span class='ocrx_word' id='word_1_540' title='bbox 1375 4459 1459 4517; x_wconf 88' lang='grc' dir='ltr'>ΤΟ</span> <span class='ocrx_word' id='word_1_541' title='bbox 1503 4460 1732 4517; x_wconf 81' lang='grc' dir='ltr'><strong>ΠΑΘΟΣ</strong></span> <span class='ocrx_word' id='word_1_542' title='bbox 1771 4461 1902 4515; x_wconf 84' lang='grc' dir='ltr'>ΤΟΥ</span> <span class='ocrx_word' id='word_1_543' title='bbox 1941 4463 2182 4517; x_wconf 83' lang='grc' dir='ltr'>ΚΥΡΙΟΥ</span> <span class='ocrx_word' id='word_1_544' title='bbox 2221 4461 2332 4533; x_wconf 81' lang='grc'>(20)</span> <span class='ocrx_word' id='word_1_545' title='bbox 2371 4465 2456 4529; x_wconf 85' lang='grc' dir='ltr'><strong>Τῌ</strong></span> <span class='ocrx_word' id='word_1_546' title='bbox 2501 4464 2658 4532; x_wconf 82' lang='grc' dir='ltr'>ΑΓῐᾼ</span> <span class='ocrx_word' id='word_1_547' title='bbox 2704 4465 3130 4525; x_wconf 80' lang='grc' dir='ltr'>ΠΑΡΔΣΚΕΥῌ.</span> 
     </span>
    </p>
   </div>
   <div class='ocr_carea' id='block_1_73' title="bbox 1425 4727 2692 4824">
    <p class='ocr_par' dir='ltr' id='par_1_73' title="bbox 1425 4727 2692 4824">
     <span class='ocr_line' id='line_1_74' title="bbox 1425 4727 2692 4824; baseline 0.002 -2"><span class='ocrx_word' id='word_1_548' title='bbox 1425 4729 1518 4823; x_wconf 90' lang='lat' dir='ltr'>S.</span> <span class='ocrx_word' id='word_1_549' title='bbox 1597 4727 1707 4822; x_wconf 92' lang='lat' dir='ltr'>P.</span> <span class='ocrx_word' id='word_1_550' title='bbox 1783 4729 1901 4823; x_wconf 93' lang='lat' dir='ltr'>N.</span> <span class='ocrx_word' id='word_1_551' title='bbox 1978 4729 2692 4824; x_wconf 87' lang='lat' dir='ltr'>ATHANASII</span> 
     </span>
    </p>
   </div>
   <div class='ocr_carea' id='block_1_74' title="bbox 1015 4890 3092 4959">
    <p class='ocr_par' dir='ltr' id='par_1_74' title="bbox 1015 4890 3092 4959">
     <span class='ocr_line' id='line_1_75' title="bbox 1015 4890 3092 4959; baseline 0.002 -7"><span class='ocrx_word' id='word_1_552' title='bbox 1015 4890 1314 4953; x_wconf 79' lang='lat' dir='ltr'><strong><em>SERMO</em></strong></span> <span class='ocrx_word' id='word_1_553' title='bbox 1357 4891 1452 4953; x_wconf 90' lang='grc' dir='ltr'><em>ΙΝ</em></span> <span class='ocrx_word' id='word_1_554' title='bbox 1491 4891 1995 4954; x_wconf 82' lang='lat' dir='ltr'>PASSIONEM</span> <span class='ocrx_word' id='word_1_555' title='bbox 2035 4893 2350 4956; x_wconf 76' lang='lat' dir='ltr'>DUM/Nl</span> <span class='ocrx_word' id='word_1_556' title='bbox 2387 4895 2486 4956; x_wconf 88' lang='grc' dir='ltr'><em>ΙΝ</em></span> <span class='ocrx_word' id='word_1_557' title='bbox 2536 4894 2636 4957; x_wconf 86' lang='grc' dir='ltr'>ΡΑ</span> <span class='ocrx_word' id='word_1_558' title='bbox 2654 4894 3092 4959; x_wconf 82' lang='lat' dir='ltr'>RASCEVE.</span> 
     </span>
    </p>
   </div>
   <div class='ocr_carea' id='block_1_75' title="bbox 411 5157 2066 5238">
    <p class='ocr_par' dir='ltr' id='par_1_75' title="bbox 411 5157 2066 5238">
     <span class='ocr_line' id='line_1_76' title="bbox 411 5157 2066 5238; baseline 0 -24"><span class='ocrx_word' id='word_1_559' title='bbox 411 5161 463 5214; x_wconf 85' lang='grc'>1.</span> <span class='ocrx_word' id='word_1_560' title='bbox 498 5158 654 5233; x_wconf 81' lang='grc' dir='ltr'>Μέγα</span> <span class='ocrx_word' id='word_1_561' title='bbox 689 5161 783 5232; x_wconf 76' lang='grc' dir='ltr'>μὲν</span> <span class='ocrx_word' id='word_1_562' title='bbox 817 5158 1045 5233; x_wconf 80' lang='grc' dir='ltr'>οὐρανὸς</span> <span class='ocrx_word' id='word_1_563' title='bbox 1079 5157 1494 5238; x_wconf 81' lang='grc' dir='ltr'>δημιούργημα,</span> <span class='ocrx_word' id='word_1_564' title='bbox 1527 5161 1616 5215; x_wconf 86' lang='grc' dir='ltr'>καὶ</span> <span class='ocrx_word' id='word_1_565' title='bbox 1646 5164 1744 5226; x_wconf 78' lang='grc' dir='ltr'>τῆς</span> <span class='ocrx_word' id='word_1_566' title='bbox 1777 5159 1991 5237; x_wconf 82' lang='grc' dir='ltr'>ὁρωμέ-</span> <span class='ocrx_word' id='word_1_567' title='bbox 2022 5163 2066 5230; x_wconf 82' lang='lat' dir='ltr'><strong>C</strong></span> 
     </span>
    </p>
   </div>
   <div class='ocr_carea' id='block_1_76' title="bbox 333 5247 1987 5324">
    <p class='ocr_par' dir='ltr' id='par_1_76' title="bbox 333 5247 1987 5324">
     <span class='ocr_line' id='line_1_77' title="bbox 333 5247 1987 5324; baseline 0.001 -22"><span class='ocrx_word' id='word_1_568' title='bbox 333 5268 439 5316; x_wconf 87' lang='grc' dir='ltr'>νης</span> <span class='ocrx_word' id='word_1_569' title='bbox 470 5247 697 5311; x_wconf 85' lang='grc' dir='ltr'>κτίσεως</span> <span class='ocrx_word' id='word_1_570' title='bbox 727 5253 945 5324; x_wconf 83' lang='grc' dir='ltr'>πρῶτον</span> <span class='ocrx_word' id='word_1_571' title='bbox 979 5249 1082 5304; x_wconf 83' lang='grc' dir='ltr'>ὑπὸ</span> <span class='ocrx_word' id='word_1_572' title='bbox 1109 5253 1208 5304; x_wconf 81' lang='grc' dir='ltr'>τοῖ’)</span> <span class='ocrx_word' id='word_1_573' title='bbox 1239 5255 1373 5306; x_wconf 79' lang='grc' dir='ltr'>Θεοῦ</span> <span class='ocrx_word' id='word_1_574' title='bbox 1406 5249 1480 5312; x_wconf 69' lang='grc' dir='ltr'>εἷς</span> <span class='ocrx_word' id='word_1_575' title='bbox 1511 5249 1573 5306; x_wconf 84' lang='grc' dir='ltr'>τὸ</span> <span class='ocrx_word' id='word_1_576' title='bbox 1607 5251 1738 5306; x_wconf 83' lang='grc' dir='ltr'>εἶναι</span> <span class='ocrx_word' id='word_1_577' title='bbox 1778 5249 1987 5306; x_wconf 85' lang='grc' dir='ltr'>καλού-</span> 
     </span>
    </p>
   </div>
   <div class='ocr_carea' id='block_1_77' title="bbox 342 5335 1984 5417">
    <p class='ocr_par' dir='ltr' id='par_1_77' title="bbox 342 5335 1984 5417">
     <span class='ocr_line' id='line_1_78' title="bbox 342 5335 1984 5417; baseline 0.001 -26"><span class='ocrx_word' id='word_1_578' title='bbox 342 5356 526 5409; x_wconf 78' lang='grc' dir='ltr'>μενον·</span> <span class='ocrx_word' id='word_1_579' title='bbox 578 5338 716 5413; x_wconf 87' lang='grc' dir='ltr'>μέγα</span> <span class='ocrx_word' id='word_1_580' title='bbox 773 5335 830 5392; x_wconf 89' lang='grc' dir='ltr'>δέ</span> <span class='ocrx_word' id='word_1_581' title='bbox 885 5359 937 5392; x_wconf 88' lang='grc' dir='ltr'>τι</span> <span class='ocrx_word' id='word_1_582' title='bbox 987 5337 1077 5393; x_wconf 88' lang='grc' dir='ltr'>καὶ</span> <span class='ocrx_word' id='word_1_583' title='bbox 1135 5340 1439 5412; x_wconf 76' lang='grc' dir='ltr'>θαυμαστὸν</span> <span class='ocrx_word' id='word_1_584' title='bbox 1500 5344 1606 5394; x_wconf 81' lang='grc' dir='ltr'>τῶν</span> <span class='ocrx_word' id='word_1_585' title='bbox 1657 5339 1903 5417; x_wconf 84' lang='grc' dir='ltr'>ἀγγέλων</span> <span class='ocrx_word' id='word_1_586' title='bbox 1949 5340 1984 5409; x_wconf 81' lang='grc' dir='ltr'><strong>ἠ</strong></span> 
     </span>
    </p>
   </div>
   <div class='ocr_carea' id='block_1_78' title="bbox 335 5424 1988 5504">
    <p class='ocr_par' dir='ltr' id='par_1_78' title="bbox 335 5424 1988 5504">
     <span class='ocr_line' id='line_1_79' title="bbox 335 5424 1988 5504; baseline 0.001 -25"><span class='ocrx_word' id='word_1_587' title='bbox 335 5424 520 5503; x_wconf 79' lang='grc' dir='ltr'>φύσις,</span> <span class='ocrx_word' id='word_1_588' title='bbox 571 5425 822 5501; x_wconf 81' lang='grc' dir='ltr'>ἀοράτοις</span> <span class='ocrx_word' id='word_1_589' title='bbox 868 5428 1270 5504; x_wconf 79' lang='grc' dir='ltr'>στεφανουμένη</span> <span class='ocrx_word' id='word_1_590' title='bbox 1319 5433 1434 5489; x_wconf 88' lang='grc' dir='ltr'>τοῖς</span> <span class='ocrx_word' id='word_1_591' title='bbox 1481 5426 1763 5485; x_wconf 87' lang='grc' dir='ltr'>κάλλεσιν.</span> <span class='ocrx_word' id='word_1_592' title='bbox 1794 5432 1988 5501; x_wconf 85' lang='grc' dir='ltr'>ἈμιΛ-</span> 
     </span>
    </p>
   </div>
   <div class='ocr_carea' id='block_1_79' title="bbox 340 5515 1987 5594">
    <p class='ocr_par' dir='ltr' id='par_1_79' title="bbox 340 5515 1987 5594">
     <span class='ocr_line' id='line_1_80' title="bbox 340 5515 1987 5594; baseline -0.001 -22"><span class='ocrx_word' id='word_1_593' title='bbox 340 5515 503 5572; x_wconf 82' lang='grc' dir='ltr'>λᾶται</span> <span class='ocrx_word' id='word_1_594' title='bbox 551 5522 665 5578; x_wconf 84' lang='grc' dir='ltr'>τοῖς</span> <span class='ocrx_word' id='word_1_595' title='bbox 708 5516 1026 5590; x_wconf 80' lang='grc' dir='ltr'>εἰρημένοις</span> <span class='ocrx_word' id='word_1_596' title='bbox 1073 5515 1160 5570; x_wconf 84' lang='grc' dir='ltr'>καὶ</span> <span class='ocrx_word' id='word_1_597' title='bbox 1211 5515 1393 5585; x_wconf 71' lang='grc' dir='ltr'>ἥλιος,</span> <span class='ocrx_word' id='word_1_598' title='bbox 1440 5519 1534 5579; x_wconf 83' lang='grc' dir='ltr'>τὰς</span> <span class='ocrx_word' id='word_1_599' title='bbox 1579 5518 1843 5594; x_wconf 72' lang='grc' dir='ltr'>ἡμερινὰς</span> <span class='ocrx_word' id='word_1_600' title='bbox 1889 5521 1987 5573; x_wconf 80' lang='grc' dir='ltr'>τοῦ</span> 
     </span>
    </p>
   </div>
   <div class='ocr_carea' id='block_1_80' title="bbox 339 5600 1985 5683">
    <p class='ocr_par' dir='ltr' id='par_1_80' title="bbox 339 5600 1985 5683">
     <span class='ocr_line' id='line_1_81' title="bbox 339 5600 1985 5683; baseline 0.002 -25"><span class='ocrx_word' id='word_1_601' title='bbox 339 5604 523 5681; x_wconf 77' lang='grc' dir='ltr'>φωτὸς</span> <span class='ocrx_word' id='word_1_602' title='bbox 581 5602 874 5679; x_wconf 83' lang='grc' dir='ltr'>λαμπάδας</span> <span class='ocrx_word' id='word_1_603' title='bbox 919 5600 1411 5680; x_wconf 77' lang='grc' dir='ltr'>περιϐαλλόμενος,</span> <span class='ocrx_word' id='word_1_604' title='bbox 1464 5607 1551 5661; x_wconf 61' lang='grc' dir='ltr'>καὶ</span> <span class='ocrx_word' id='word_1_605' title='bbox 1596 5607 1687 5664; x_wconf 87' lang='grc' dir='ltr'>τὸν</span> <span class='ocrx_word' id='word_1_606' title='bbox 1738 5605 1985 5683; x_wconf 86' lang='grc' dir='ltr'>οὐράνιον</span> 
     </span>
    </p>
   </div>
   <div class='ocr_carea' id='block_1_81' title="bbox 2178 5162 3765 5238">
    <p class='ocr_par' dir='ltr' id='par_1_81' title="bbox 2178 5162 3765 5238">
     <span class='ocr_line' id='line_1_82' title="bbox 2178 5162 3765 5238; baseline 0.001 -20"><span class='ocrx_word' id='word_1_607' title='bbox 2178 5165 2228 5218; x_wconf 93' lang='grc'>1.</span> <span class='ocrx_word' id='word_1_608' title='bbox 2272 5163 2547 5236; x_wconf 85' lang='lat' dir='ltr'>Magnum</span> <span class='ocrx_word' id='word_1_609' title='bbox 2606 5164 2843 5236; x_wconf 91' lang='lat' dir='ltr'>quidem</span> <span class='ocrx_word' id='word_1_610' title='bbox 2902 5166 3200 5238; x_wconf 88' lang='lat' dir='ltr'>opiﬁcium</span> <span class='ocrx_word' id='word_1_611' title='bbox 3262 5168 3351 5220; x_wconf 77' lang='lat' dir='ltr'>est</span> <span class='ocrx_word' id='word_1_612' title='bbox 3405 5162 3638 5230; x_wconf 77' lang='lat' dir='ltr'>ccelum,</span> <span class='ocrx_word' id='word_1_613' title='bbox 3699 5181 3765 5219; x_wconf 88' lang='lat' dir='ltr'>ac</span> 
     </span>
    </p>
   </div>
   <div class='ocr_carea' id='block_1_82' title="bbox 2099 5253 3769 5327">
    <p class='ocr_par' dir='ltr' id='par_1_82' title="bbox 2099 5253 3769 5327">
     <span class='ocr_line' id='line_1_83' title="bbox 2099 5253 3769 5327; baseline 0.001 -20"><span class='ocrx_word' id='word_1_614' title='bbox 2099 5253 2362 5323; x_wconf 88' lang='lat' dir='ltr'>primum</span> <span class='ocrx_word' id='word_1_615' title='bbox 2397 5254 2664 5310; x_wconf 79' lang='lat' dir='ltr'>omnium</span> <span class='ocrx_word' id='word_1_616' title='bbox 2697 5272 2824 5326; x_wconf 76' lang='lat' dir='ltr'>quae</span> <span class='ocrx_word' id='word_1_617' title='bbox 2858 5255 2969 5310; x_wconf 89' lang='lat' dir='ltr'>sub</span> <span class='ocrx_word' id='word_1_618' title='bbox 3000 5260 3302 5327; x_wconf 86' lang='lat' dir='ltr'>aspectum</span> <span class='ocrx_word' id='word_1_619' title='bbox 3335 5254 3555 5309; x_wconf 88' lang='lat' dir='ltr'>cadunt</span> <span class='ocrx_word' id='word_1_620' title='bbox 3603 5270 3769 5308; x_wconf 87' lang='lat' dir='ltr'>crea-</span> 
     </span>
    </p>
   </div>
   <div class='ocr_carea' id='block_1_83' title="bbox 2098 5343 3762 5415">
    <p class='ocr_par' dir='ltr' id='par_1_83' title="bbox 2098 5343 3762 5415">
     <span class='ocr_line' id='line_1_84' title="bbox 2098 5343 3762 5415; baseline 0.001 -20"><span class='ocrx_word' id='word_1_621' title='bbox 2098 5347 2387 5408; x_wconf 88' lang='lat' dir='ltr'>turarum,</span> <span class='ocrx_word' id='word_1_622' title='bbox 2438 5360 2472 5398; x_wconf 87' lang='lat' dir='ltr'>a</span> <span class='ocrx_word' id='word_1_623' title='bbox 2529 5349 2641 5400; x_wconf 90' lang='lat' dir='ltr'>Deo</span> <span class='ocrx_word' id='word_1_624' title='bbox 2700 5349 2966 5400; x_wconf 86' lang='lat' dir='ltr'>vocatum</span> <span class='ocrx_word' id='word_1_625' title='bbox 3013 5350 3078 5399; x_wconf 89' lang='lat' dir='ltr'>ut</span> <span class='ocrx_word' id='word_1_626' title='bbox 3109 5349 3277 5399; x_wconf 77' lang='lat' dir='ltr'>esset.</span> <span class='ocrx_word' id='word_1_627' title='bbox 3312 5343 3589 5415; x_wconf 83' lang='lat' dir='ltr'>Magnum</span> <span class='ocrx_word' id='word_1_628' title='bbox 3623 5343 3762 5398; x_wconf 86' lang='lat' dir='ltr'>item</span> 
     </span>
    </p>
   </div>
   <div class='ocr_carea' id='block_1_84' title="bbox 2099 5431 3759 5505">
    <p class='ocr_par' dir='ltr' id='par_1_84' title="bbox 2099 5431 3759 5505">
     <span class='ocr_line' id='line_1_85' title="bbox 2099 5431 3759 5505; baseline 0.001 -21"><span class='ocrx_word' id='word_1_629' title='bbox 2099 5431 2403 5503; x_wconf 90' lang='lat' dir='ltr'>quidpiam</span> <span class='ocrx_word' id='word_1_630' title='bbox 2438 5437 2489 5486; x_wconf 87' lang='lat' dir='ltr'>et</span> <span class='ocrx_word' id='word_1_631' title='bbox 2524 5433 2935 5488; x_wconf 85' lang='lat' dir='ltr'>admirandum</span> <span class='ocrx_word' id='word_1_632' title='bbox 2977 5437 3068 5488; x_wconf 86' lang='lat' dir='ltr'>est</span> <span class='ocrx_word' id='word_1_633' title='bbox 3125 5433 3466 5505; x_wconf 86' lang='lat' dir='ltr'>angelorum</span> <span class='ocrx_word' id='word_1_634' title='bbox 3525 5436 3759 5487; x_wconf 70' lang='lat' dir='ltr'>natura.</span> 
     </span>
    </p>
   </div>
   <div class='ocr_carea' id='block_1_85' title="bbox 2101 5521 3764 5593">
    <p class='ocr_par' dir='ltr' id='par_1_85' title="bbox 2101 5521 3764 5593">
     <span class='ocr_line' id='line_1_86' title="bbox 2101 5521 3764 5593; baseline 0 -18"><span class='ocrx_word' id='word_1_635' title='bbox 2101 5521 2462 5576; x_wconf 87' lang='lat' dir='ltr'>ornamentis</span> <span class='ocrx_word' id='word_1_636' title='bbox 2524 5522 2922 5576; x_wconf 86' lang='lat' dir='ltr'>invisibilibus</span> <span class='ocrx_word' id='word_1_637' title='bbox 2979 5528 3275 5577; x_wconf 88' lang='lat' dir='ltr'>coronata.</span> <span class='ocrx_word' id='word_1_638' title='bbox 3331 5526 3470 5576; x_wconf 91' lang='lat' dir='ltr'>Cum</span> <span class='ocrx_word' id='word_1_639' title='bbox 3505 5522 3599 5576; x_wconf 91' lang='lat' dir='ltr'>his</span> <span class='ocrx_word' id='word_1_640' title='bbox 3632 5538 3764 5593; x_wconf 66' lang='lat' dir='ltr'>quae</span> 
     </span>
    </p>
   </div>
   <div class='ocr_carea' id='block_1_86' title="bbox 2099 5608 3764 5683">
    <p class='ocr_par' dir='ltr' id='par_1_86' title="bbox 2099 5608 3764 5683">
     <span class='ocr_line' id='line_1_87' title="bbox 2099 5608 3764 5683; baseline 0.001 -18"><span class='ocrx_word' id='word_1_641' title='bbox 2099 5608 2357 5665; x_wconf 88' lang='lat' dir='ltr'>diximus</span> <span class='ocrx_word' id='word_1_642' title='bbox 2391 5611 2476 5666; x_wconf 87' lang='lat' dir='ltr'>sol</span> <span class='ocrx_word' id='word_1_643' title='bbox 2506 5611 2825 5678; x_wconf 89' lang='lat' dir='ltr'>contendit,</span> <span class='ocrx_word' id='word_1_644' title='bbox 2879 5611 2978 5683; x_wconf 90' lang='lat' dir='ltr'>qui</span> <span class='ocrx_word' id='word_1_645' title='bbox 3036 5610 3269 5666; x_wconf 86' lang='lat' dir='ltr'>diurnis</span> <span class='ocrx_word' id='word_1_646' title='bbox 3326 5610 3476 5665; x_wconf 90' lang='lat' dir='ltr'>lucis</span> <span class='ocrx_word' id='word_1_647' title='bbox 3536 5611 3764 5666; x_wconf 88' lang='lat' dir='ltr'>facibus</span> 
     </span>
    </p>
   </div>
   <div class='ocr_carea' id='block_1_87' title="bbox 414 5748 2006 5829">
    <p class='ocr_par' dir='ltr' id='par_1_87' title="bbox 414 5748 2006 5829">
     <span class='ocr_line' id='line_1_88' title="bbox 414 5748 2006 5829; baseline 0.001 -26"><span class='ocrx_word' id='word_1_648' title='bbox 414 5748 530 5822; x_wconf 86' lang='lat'>(20)</span> <span class='ocrx_word' id='word_1_649' title='bbox 562 5749 657 5808; x_wconf 90' lang='lat' dir='ltr'>Sic</span> <span class='ocrx_word' id='word_1_650' title='bbox 695 5765 842 5806; x_wconf 80' lang='lat' dir='ltr'>mss.</span> <span class='ocrx_word' id='word_1_651' title='bbox 875 5748 1027 5806; x_wconf 88' lang='lat' dir='ltr'>Editi</span> <span class='ocrx_word' id='word_1_652' title='bbox 1057 5765 1192 5807; x_wconf 84' lang='lat' dir='ltr'>vero</span> <span class='ocrx_word' id='word_1_653' title='bbox 1225 5749 1589 5826; x_wconf 82' lang='lat' dir='ltr'>simpliciter,</span> <span class='ocrx_word' id='word_1_654' title='bbox 1623 5749 1698 5816; x_wconf 74' lang='grc' dir='ltr'>εἷς</span> <span class='ocrx_word' id='word_1_655' title='bbox 1729 5751 1828 5822; x_wconf 76' lang='grc' dir='ltr'>τὴν</span> <span class='ocrx_word' id='word_1_656' title='bbox 1861 5748 2006 5829; x_wconf 78' lang='grc' dir='ltr'>ἀγίαν</span> 
     </span>
    </p>
   </div>
   <div class='ocr_carea' id='block_1_88' title="bbox 2117 5748 2969 5829">
    <p class='ocr_par' dir='ltr' id='par_1_88' title="bbox 2117 5752 2969 5829">
     <span class='ocr_line' id='line_1_89' title="bbox 2117 5752 2969 5829; baseline 0.006 -24"><span class='ocrx_word' id='word_1_657' title='bbox 2117 5753 2408 5829; x_wconf 74' lang='grc' dir='ltr'>ιρασκευην,</span> <span class='ocrx_word' id='word_1_658' title='bbox 2437 5753 2676 5812; x_wconf 84' lang='lat' dir='ltr'>omissis</span> <span class='ocrx_word' id='word_1_659' title='bbox 2706 5752 2969 5825; x_wconf 74' lang='lat' dir='ltr'>reliquis.</span> 
     </span>
    </p>
   </div>
  </div>
