4120 6362
342 344 499 409 1055

1511 362 1580 422 S.
1626 358 2149 422 ATHANASIUS.
2180 392 2258 405 —
2280 361 2588 423 SPURIA.

3612 370 3778 434 4036

342 480 594 552 cinctus,
625 482 919 543 caelestem
952 490 1208 547 concitat
1237 496 1756 551 cursum.Mentem
1789 494 1996 551 obstu-

2117 487 2319 567 δρόμον
2354 491 2614 549 ἐλαύνων.
2646 492 2975 566 Ἐκπλήττει
3005 496 3104 567 τήν
3148 495 3389 554 διάνοιαν
3438 502 3473 567 ἡ
3525 505 3621 578 γῆ,
3652 488 3775 578 κρε’

342 571 556 642 pefacit
585 577 762 645 terra,
787 577 964 648 jussu
1013 581 1111 635 Dei
1170 599 1481 650 suspensa,
1539 600 1605 639 ac
1661 600 1834 655 grave
1893 584 2002 639 hoc

340 658 700 718 elementum
749 667 920 736 aquis
952 668 1268 725 invectum.
1303 671 1449 735 Quid
1484 674 1555 729 de
1585 673 1732 727 mari
1764 672 2002 741 dixeris,

340 748 425 805 ita
454 750 762 824 explicato,
805 772 985 812 arena
1019 758 1230 826 cincto,
1265 761 1455 817 ventis
1486 762 1812 834 gubernato
1834 762 1861 816 ?
1891 761 2002 817 Sed

348 836 471 893 haec
510 844 709 897 omnia
762 844 1001 916 quidem
1052 847 1317 919 pulchra,
1378 851 1696 907 admodum
1757 850 2005 922 pulchra

345 938 488 983 sunt
538 932 837 989 creatricis
867 935 1168 1007 sapientiae
1202 940 1469 1011 opiﬁcia;
1503 943 1602 997 sed
1637 958 1838 997 eorum
1871 940 2000 1012 pul-

346 1016 742 1076 chritudinem
776 1023 1111 1096 deturpavit
1161 1028 1363 1095 homo,
1424 1046 1491 1085 ac
1547 1030 1785 1087 honoris
1844 1030 2004 1087 allati

345 1106 751 1179 exuberantia,
811 1111 1111 1171 honoratis
1142 1118 1368 1190 pridem
1402 1121 1817 1176 contumeliam
1852 1122 2004 1177 irro-

346 1197 525 1268 gavit.
550 1197 662 1253 Res
687 1200 840 1255 enim
877 1209 1100 1260 creatas
1132 1223 1312 1279 supra
1344 1209 1586 1264 modum
1618 1210 2006 1267 admiratione

350 1292 715 1355 persecutus,
750 1289 822 1346 iis
854 1308 981 1364 qua:
1012 1300 1145 1350 ante
1175 1296 1233 1351 in
1263 1297 1481 1354 honore
1511 1304 1700 1366 erant,
1750 1301 2004 1356 dedecus

346 1374 582 1432 infudit.
636 1378 726 1434 Sic
758 1378 941 1449 invita
972 1388 1238 1441 creatura
1270 1388 1482 1443 erroris
1515 1394 1700 1444 mater
1733 1390 1861 1446 fuit.
1895 1392 2004 1446 Sed

343 1465 736 1522 errabundum
767 1469 1081 1527 miseratus
1104 1476 1647 1547 Dominus,crucem
1671 1480 1727 1533 in
1744 1479 2003 1535 medium

349 1552 567 1619 attulit,
601 1555 945 1615 hominibus
976 1562 1325 1633 cognilionis
1354 1565 1478 1631 Dei.
1513 1566 1660 1639 ipsis
1719 1570 2005 1625 creaturis

347 1640 1391 1713 validius,instrumentumJnefﬁcax
1414 1655 1612 1727 itaque
1641 1657 1850 1713 ccelum
1895 1657 2008 1714 fuit

349 1730 419 1784 ad
455 1730 817 1803 impietatem
849 1738 1280 1810 corrigendum.
1315 1745 1609 1802 Adoratus
1639 1746 1725 1802 sol
1782 1749 2005 1820 pudore

2116 581 2331 653 μαμὲνη
2395 582 2790 658 προστάγματι,
2853 585 2942 640 καὶ
2999 587 3063 642 τὸ
3127 587 3262 664 βαρὺ
3320 596 3597 667 στοιχεῖον
3649 600 3768 658 τοῖς

2112 667 2296 725 ὕδασιν
2360 670 2759 747 ἐποχούμενον.
2812 674 2872 729 Τί
2926 672 2975 730 δ’
3022 673 3080 730 ἄν
3143 699 3226 739 τις
3278 676 3445 751 εἷ’ποι,
3497 678 3763 746 θάλατταν

2111 760 2451 833 ἠπλωμὲνην
2514 762 2677 838 ὁρῶν,
2726 762 2817 818 καὶ
2873 767 3086 839 ψάμμῳ
3134 768 3247 841 (21)
3301 768 3395 840 μὲν
3449 766 3766 845 δεδεμένην,

2111 848 2380 921 πνεύμασι
2426 847 2484 905 δὲ
2527 846 3000 928 κυϐερνωμένην;
3048 853 3222 912 Ἀλλὰ
3262 859 3435 913 πάντα
3486 863 3582 932 μὶν
3625 861 3769 919 καλὰ

2110 938 2200 993 καὶ
2261 938 2380 994 λίαν
2456 939 2620 1009 καλὰ,
2676 942 2765 996 καὶ
2838 946 2940 1008 τῆς
2996 949 3093 1000 τοῦ
3152 943 3500 1023 δημιουργοῦ
3578 952 3769 1015 σοφίας

2110 1029 2481 1103 τεχνάσματα·
2519 1024 2722 1105 ᾔσχυνε
2776 1028 2833 1086 δὲ
2881 1032 3088 1089 τούτων
3137 1036 3199 1090 τὸ
3242 1034 3449 1101 κάλλος
3492 1040 3519 1094 6
3551 1040 3769 1116 ἄνθρω-

2112 1138 2215 1179 πος
2266 1121 2333 1192 τῇ
2382 1120 2480 1187 τῆς
2525 1126 2694 1193 τιμῆς
2744 1116 3049 1196 ὑπερϐολῇ,
3096 1129 3213 1187 τοῖς
3268 1127 3610 1200 τιμωμένοις
3664 1132 3763 1199 τήν

2112 1200 2269 1282 ὕϐριν
2323 1209 2605 1282 γεννήσας.
2659 1213 2852 1283 Θαῦμα
2906 1212 3007 1287 γὰρ
3065 1216 3133 1287 τῇ
3191 1214 3362 1270 κτίσει
3409 1220 3765 1295 προσενέγκας

2117 1290 2437 1370 ὑπερϐαῖνον
2472 1297 2537 1352 τὰ
2572 1299 2741 1374 μέτρα
2763 1306 2867 1369 τῆς
2891 1301 3143 1372 κτίσεως,
3174 1300 3390 1376 ἀδοξίαν
3422 1290 3542 1370 τοῖς
3587 1290 3765 1382 τιμω-

2118 1385 2300 1458 μένοις
2322 1387 2598 1462 κατέχεεν.
2633 1388 2794 1445 Οὕτω
2824 1387 3034 1457 πλάνης
3070 1395 3255 1467 μήτηρ
3285 1395 3320 1463 ἠ
3352 1395 3526 1459 κτίσις
3567 1398 3769 1455 ἄκουσα

2113 1475 2354 1550 γέγονεν.
2391 1473 2550 1531 Ἀλλ’
2594 1475 2822 1554 ᾤκτειρε
2866 1484 2966 1548 τήν
3017 1480 3376 1555 πλανωμένην
3425 1486 3453 1540 6
3500 1486 3650 1552 Θεὸς,
3682 1489 3774 1543 καὶ

2114 1564 2261 1643 φέρει
2304 1564 2531 1641 σταυρὸν
2560 1564 2611 1620 ἐν
2650 1567 2820 1640 μέσῳ,
2865 1570 3191 1644 θεογνωσίας
3239 1571 3547 1649 ἀνθρώποις
3603 1572 3769 1652 ὄργα-

2113 1674 2224 1722 νον,
2278 1656 2378 1723 τῆς
2436 1655 2664 1718 κτίσεως
2724 1655 3128 1735 δυνατώτερον.
3189 1667 3501 1739 ’Ἃπρακτος
3553 1670 3689 1740 γοῦν
3748 1668 3778 1722 6

2115 1741 2343 1817 οὐρανὸς
2402 1745 2539 1820 πρὸς
2580 1740 2824 1809 ἀσεϐείας
2883 1749 3000 1819 (22)
3052 1749 3237 1825 γέγονε
3296 1748 3611 1828 διόρθωσιν.
3669 1756 3774 1811 Καὶ

348 1820 587 1891 quidem
647 1823 891 1881 affectus
946 1833 1056 1899 est,
1088 1847 1193 1886 nec
1219 1833 1404 1889 valuit
1432 1839 1631 1891 tamen
1667 1837 2005 1893 adoratores

2117 1830 2281 1902 ἥλιος
2342 1833 2438 1906 μὶν
2515 1833 2791 1910 ᾐσχύνετο
2866 1820 3656 1912 προσκύνὸύμενοςίκωλύειν
3712 1842 3774 1900 δὲ

343 1909 698 1981 prohibere.
756 1914 936 1971 Terra
992 1921 1217 1991 corpori
1277 1923 1517 1993 quidem
1577 1925 2006 1983 medicamenta

343 2000 584 2072 profert,
618 2002 717 2057 sed
752 2007 1055 2077 aegrotanti
1087 2011 1297 2066 animas
1345 2029 1512 2084 opem
1574 2015 1723 2071 ferre
1780 2017 2003 2089 nequit.

344 2088 503 2144 Mare
535 2088 673 2146 huic
698 2092 850 2149 malo
885 2097 1145 2153 curando
1189 2099 1382 2172 impar
1439 2088 2004 2175 deprehendebatur.

352 2177 549 2234 Cacus
580 2178 756 2237 homo
789 2183 1072 2240 circuibat
1100 2194 1511 2264 creaturam,et
1540 2194 1597 2249 in
1630 2196 1785 2267 quod
1818 2194 2006 2269 palpi-

354 2267 533 2322 tando
562 2267 1033 2339 incidebat,illud
1067 2277 1349 2335 adorabat
1383 2297 1394 2334 :
1428 2280 1730 2356 Deumque
1761 2267 1875 2341 non
1906 2267 2006 2357 po-

349 2358 503 2411 terat
531 2357 1018 2433 invenire,utpote
1050 2382 1224 2437 quem
1254 2372 1376 2425 tota
1407 2375 1806 2428 creaturarum
1836 2374 2010 2430 turba

355 2444 539 2500 Deum
575 2447 920 2518 praedicans,
954 2454 1024 2508 ad
1061 2456 1236 2513 unius
1295 2460 1392 2515 Dei
1451 2461 1774 2520 doctrinam
1833 2464 2013 2520 dedu-

356 2549 485 2591 cere
544 2552 661 2593 non
718 2538 955 2597 valeret.
990 2542 1098 2598 Sed
1133 2548 1289 2617 quod
1323 2548 1535 2607 cmlum
1568 2553 1868 2625 nequibat,
1901 2552 2011 2609 hoc

356 2639 498 2679 crux
525 2625 755 2683 efﬁcere
785 2630 1012 2700 potuit:
1046 2649 1219 2706 quem
1274 2638 1362 2693 sol
1418 2656 1532 2696 non
1590 2642 1810 2710 docuit,
1869 2660 2014 2700 crux

365 2712 663 2787 refulgens
689 2715 1046 2777 illuminavit
1078 2739 1089 2779 :
1118 2724 1231 2781 vile
1262 2726 1488 2801 lignum
1521 2731 1874 2803 plantatum,
1909 2734 2014 2789 im-

354 2801 557 2876 pietati
588 2805 850 2863 deditum
878 2810 1073 2867 orbem
1099 2814 1167 2869 ad
1189 2814 1463 2887 pietatem
1486 2801 2011 2896 eicoluitiignum

356 2890 755 2950 damnationis
786 2896 1269 2972 instrumentum,
1327 2907 1624 2966 damnatis
1679 2910 2010 2969 libertatem

359 2980 709 3039 conciliavit.
764 2987 1028 3045 Invalida
1084 2994 1152 3047 ad
1214 2994 1464 3053 salutem
1525 2998 1832 3057 hominum
1886 3008 2011 3059 erat

357 3074 623 3128 creatura
651 3091 664 3128 :
693 3076 961 3148 ingressa
991 3097 1132 3136 crux
1164 3088 1230 3139 ut
1259 3087 1525 3143 medicus
1558 3092 1847 3161 apparuit.
1865 3091 2011 3156 Quia

356 3160 511 3217 enim
545 3179 703 3219 mors
734 3164 892 3238 ligno
924 3173 1206 3242 tanquam
1240 3174 1445 3232 baculo
1476 3160 1615 3233 olim
1665 3196 1793 3245 usa,
1851 3181 2007 3237 radi-

2114 1921 2243 1984 τυὺς
2293 1927 2722 1996 προσκυνοῦντας
2769 1925 2868 1981 οὐκ
2914 1924 3125 2002 ἴσχυσε.
3175 1931 3272 2000 Γῆ,
3316 1929 3384 1985 τά
3431 1935 3529 1986 τοῦ
3578 1933 3772 2006 σώμα-

2113 2032 2207 2073 τος
2238 2010 2495 2087 φάρμακα
2529 2011 2786 2087 βρύουσα,
2814 2018 2882 2089 τῇ
2916 2018 3071 2092 ψυχῇ
3120 2017 3351 2093 νοσούσῃ
3402 2020 3621 2095 βοηθεῖν
3666 2020 3770 2077 ούκ

2115 2098 2372 2171 ἠδύνατο.
2402 2101 2653 2158 Θάλασσα
2694 2105 2920 2180 περιττὴ
2961 2106 3098 2182 πρὸς
3140 2108 3204 2163 τὸ
3249 2109 3421 2172 πάθος
3470 2109 3764 2187 ἠλέγχετο.

2116 2191 2216 2247 Καὶ
2249 2191 2534 2256 ἄνθαωπος
2560 2190 2895 2270 τυφλώττων
2936 2202 3169 2272 περιῆγε
3212 2198 3313 2266 τήν
3362 2198 3557 2268 κτίσιν,
3584 2199 3675 2255 καὶ
3703 2201 3769 2256 τὸ

2117 2281 2455 2357 προσπίπτον
2488 2280 2757 2361 ψηλαφῶν
2788 2283 3127 2360 προσεκύνει.
3162 2286 3291 2342 Θεὸν
3344 2287 3516 2363 εὑρεῖν
3568 2288 3631 2343 ού
3675 2286 3769 2344 δυ-

2116 2371 2368 2445 νάμενος·
2402 2371 2460 2427 ’ὀν
2494 2371 2522 2426 6
2552 2375 2650 2437 τῆς
2680 2371 2910 2436 κτίσεως
2933 2372 3071 2446 ὅλης
3099 2372 3277 2450 δῆμος
3314 2377 3597 2454 κηρύττων
3628 2378 3771 2455 πρὸς

2117 2463 2216 2531 τὴν
2264 2461 2380 2524 ἑνὸς
2426 2464 2560 2516 Θεοῦ
2609 2458 2955 2518 διδασκαλίαν
3003 2464 3291 2542 προσάγειν
3337 2466 3437 2523 οὐκ
3462 2466 3770 2544 ἐξήρκεσεν.

2120 2550 2278 2607 Ἀλλ’
2308 2552 2338 2606 ’ὀ
2372 2552 2447 2624 μή
2476 2550 2771 2623 πεποίηκεν
2806 2552 2834 2607 6
2858 2552 3283 2630 ούρανὸς,τοῦτο
3316 2553 3531 2632 ἴσχυσεν
3564 2558 3593 2612 6
3616 2578 3773 2613 σταυ-

2122 2642 2235 2718 ρός·
2285 2642 2376 2697 καὶ
2425 2641 2482 2697 ὃν
2546 2639 2708 2711 ἥλιος
2756 2640 2861 2697 οὐκ
2913 2640 3136 2716 ἐδίδαξε,
3169 2646 3395 2722 σταυρὸς
3447 2644 3771 2721 ἀναλάμψας

2122 2731 2541 2811 ἐφωταγώγησε·
2590 2730 2680 2785 καὶ
2730 2730 2890 2802 ξύλον
2944 2731 3157 2797 εύτελὲς
3206 2736 3458 2813 φυτευθὲν
3508 2735 3770 2810 οἰκουμέ-

2118 2843 2215 2893 νην
2245 2815 2537 2876 άσεϐοῦσαν
2576 2819 2704 2895 πρὸς
2734 2815 3002 2877 εὐσέϐειαν
3035 2821 3355 2900 ἐγεώργησε.
3389 2824 3574 2882 Ξύλον
3604 2846 3770 2881 κατα-

2122 2909 2280 2983 δίκης
2331 2906 2556 2987 ὸργανον
2601 2915 2718 2972 τοῖς
2766 2909 3074 2975 καταδίκοις
3123 2911 3428 2990 ἐλευθερίαν
3472 2914 3774 2996 ἐκαρποφό-

2120 3021 2303 3075 ρησεν.
2354 2998 2617 3071 Ἠτόνησε·
2667 3000 2781 3074 (23)
2833 3000 2970 3077 πρὸς
3043 3001 3313 3079 σωτηρίαν
3368 3003 3669 3081 ἀνθρώπων
3729 3006 3766 3076 ἡ

2117 3091 2316 3159 κτίσις,
2380 3089 2470 3145 καὶ
2541 3089 2768 3165 σταυρὸς
2847 3088 3104 3146 εἰσελθὼν
3195 3091 3378 3170 ἰατρὸς
3456 3092 3770 3171 ἀνεδείχθη.

2119 3178 2341 3250 Ἐπειδή
2375 3179 2479 3256 γὰρ
2510 3179 2537 3234 6
2571 3179 2821 3248 θάνατος,
2855 3177 3001 3252 ξύλῳ
3029 3181 3091 3236 τὸ
3116 3181 3287 3237 πάλαι
3324 3182 3593 3259 βακτηρίᾳ
3620 3203 3767 3260 χρη-

353 3262 479 3302 cem
528 3247 849 3308 humanam
881 3266 1268 3333 oppugnarat,
1294 3263 1569 3332 viamque
1596 3268 1669 3323 ad
1700 3284 1829 3325 sese
1858 3270 2006 3326 insi-

2120 3232 2351 3343 ἐιρὲζςέὲ
2381 3232 2399 3340 ,'
2420 3232 2551 3338 μέν
2576 3232 2729 3324 2...;
2749 3232 2760 3234 ἡ
2779 3232 3080 3344 ὲζόῥέιῖτων
3142 3270 3290 3346 ῥίζαν
3324 3232 3768 3349 Γιπολῖἀεῖκτῒὲεζ,

353 3338 652 3394 nuandam
685 3341 1005 3413 invenerat,
1038 3351 1570 3422 transgressionem
1591 3355 1816 3414 scilicet
1845 3358 2006 3416 illam

358 3440 462 3497 per
490 3426 685 3484 cibum
722 3433 1000 3502 vetitum;
1059 3444 1261 3509 aperta
1287 3446 1428 3498 tunc
1461 3446 1633 3500 morti
1667 3445 1775 3517 via,
1805 3465 2007 3506 conse-

354 3517 650 3585 quebatur
676 3534 804 3575 eam
837 3538 1023 3595 genus
1055 3525 1404 3599 humanum,
1437 3537 1495 3588 et
1542 3535 1643 3606 qui
1694 3538 2008 3610 participes

354 3609 523 3660 erant
554 3610 776 3664 naturas
808 3612 1412 3701 (humanaslhmredes
1442 3623 1618 3680 iidem
1653 3626 1812 3683 fuere
1868 3609 2007 3701 sup-

354 3693 536 3764 plicii.
573 3701 644 3750 At
674 3696 824 3755 Deus
856 3700 1074 3773 plastes
1108 3705 1204 3762 ille
1234 3708 1493 3782 ﬁgmenti
1556 3715 1833 3772 misertus
1890 3693 2007 3783 sui,

353 3780 585 3854 lignum
645 3793 887 3861 naturis,
921 3780 1532 3866 'oppositum'scilicet
1558 3803 1720 3877 ligno
1754 3780 2007 3864 medica;

356 3876 641 3943 mentum,
673 3875 921 3950 largitus
951 3887 1040 3939 est
1071 3901 1084 3938 :
1117 3887 1573 3966 passionemqne
1602 3875 1850 3969 induxit,
1873 3915 2009 3970 pas-

356 3960 826 4058 sioniﬁmedelam
864 3987 877 4025 :
918 3977 975 4029 et
1001 3980 1247 4033 mortem
1294 3996 1422 4052 quae
1477 3960 1629 4040 tunc
1682 3960 2006 4058 obtinebat,

357 4066 462 4122 per
490 4050 667 4110 aliam
696 4063 940 4115 mortem
961 4079 994 4117 a
1011 4080 1075 4119 se
1104 4067 1287 4124 armis
1308 4050 1655 4130 instructam
1677 4075 2006 4134 debellavit.

362 4145 443 4196 Ac
472 4159 705 4202 rursum
740 4146 888 4205 liber
916 4151 1113 4223 homo,
1146 4158 1364 4228 quibus
1396 4162 1571 4219 rebus
1629 4166 1701 4221 ad
1759 4172 2005 4224 mortem

359 4229 470 4287 fuit
517 4232 812 4307 alligatus,
845 4239 918 4296 iis
952 4240 1459 4307 immortalitatem
1492 4253 1713 4312 invenit
1745 4272 1758 4313 :
1792 4258 2010 4330 quibus

359 4321 515 4377 enim
550 4325 863 4384 damnatus
890 4330 1097 4390 iisdem
1130 4335 1414 4396 liberatus
1444 4345 1554 4398 est.

429 4429 584 4487 886
613 4434 667 4489 2.
699 4440 744 4490 0
776 4436 1030 4496 divinam
1079 4458 1209 4501 vere
1262 4448 1636 4522 sapientiam,
1691 4452 2010 4512 caelestem-

356 4535 471 4590 que
502 4521 870 4582 machinam!
906 4527 1056 4587 Crux
1088 4533 1278 4591 deﬁxa
1310 4537 1438 4604 fuit,
1471 4544 1529 4595 et
1558 4521 1847 4598 idolorum
1882 4545 2005 4601 cul-

352 4613 454 4663 tus
496 4625 734 4669 eversus
769 4632 780 4667 :
816 4632 958 4673 crux
986 4621 1252 4692 excitata,
1285 4630 1343 4681 et
1399 4628 1692 4687 diabolica
1747 4639 2006 4704 potestas
2036 4605 2082 4671 D

353 4696 636 4755 damnata
693 4702 803 4758 fuit
836 4721 849 4759 :
885 4722 1026 4763 crux
1073 4711 1263 4769 deﬁxa
1296 4715 1423 4786 fuit,
1451 4726 1504 4774 et
1529 4696 1871 4779 Judaeorum
1904 4741 2004 4780 su-

350 4787 555 4859 perbia
581 4789 640 4844 in
671 4792 897 4851 ruinam
932 4814 1093 4855 versa
1123 4808 1211 4857 est
1237 4820 1250 4872 ;
1279 4811 1343 4861 ut
1368 4808 1598 4866 ediscas
1628 4827 1743 4866 non
1777 4812 2003 4885 simpli-

351 4874 497 4931 citer
526 4876 751 4951 lignum
785 4888 868 4939 tot
923 4888 1343 4951 miraculorum
1393 4912 1522 4953 esse
1580 4916 1844 4970 causam,
1901 4905 2003 4961 sed

351 4981 485 5020 eum
520 4968 618 5039 qui
650 4969 808 5043 ligno
840 4976 908 5030 ad
943 4980 1241 5037 victoriam
1271 4989 1361 5041 est
1392 4988 1681 5044 usus.Non
1714 4990 1869 5048 enim
1904 5010 2006 5065 per

350 5071 410 5111 se
443 5058 639 5128 passio
667 5069 758 5117 est
788 5062 1195 5133 salutaris,sed
1223 5072 1319 5129 ille
1346 5075 1621 5134 salutaris
1652 5083 1740 5135 est
1770 5082 1866 5153 qui
1902 5058 2006 5155 per

348 5148 685 5218 passionem
716 5152 966 5211 salutem
996 5157 1182 5217 voluit
1213 5162 1573 5234 dispensare.
1605 5168 1732 5225 Tibi
1762 5148 2002 5243 quidem

349 5253 507 5294 mors
546 5240 675 5296 ﬁta
705 5250 894 5300 morte
927 5248 1269 5323 redemptio,
1320 5256 1422 5311 sed
1474 5273 1672 5314 rerum
1729 5240 2003 5317 naturam

563 5426 648 5509 ita
677 5443 822 5509 mss.
857 5429 1009 5509 Ιξάἰίὶ
1040 5449 1195 5499 vero,
1226 5434 1476 5509 ψάμμοις
1507 5436 1712 5509 ἐνδεδυ

562 5498 647 5576 ita
676 5499 928 5576 Qolb._2._
960 5511 1133 5561 recte.
1171 5498 1319 5563 Editi
1352 5498 1504 5576 vero,
1539 5507 1830 5575 εὐσεϐείας.

440 5569 533 5654 ea;
568 5570 650 5654 ita
688 5571 1173 5654 (Luc-Colbertini.
1210 5584 1271 5654 In
1304 5569 1503 5654 editis,
1526 5569 1999 5654 acamas-seeae

442 5639 654 5723 22.)1_ia
700 5641 860 5723 colb.
901 5648 1172 5723 _2,AC.olh.
1230 5653 1282 5718 1,
1327 5639 1621 5712 συνείπετο.
1674 5639 2005 5723 εειίιίζᾱιξᾴζ

349 5707 542 5778 amo.
577 5712 756 5770 Paulo
787 5707 1131 5789 post,'Colb.
1162 5724 1217 5779 2.
1250 5707 1643 5795 immotis:
1674 5707 1998 5792 lliﬂtédé.

2117 3359 2243 3418 ὁδὸν
2297 3359 2466 3433 εὑρὼν
2529 3358 2606 3422 είς
2656 3356 3000 3434 παρείσδυσιν
3051 3361 3149 3428 τήν
3194 3359 3245 3416 ἐν
3289 3362 3489 3438 βρώσει
3521 3356 3768 3439 παράϐα-

2118 3469 2222 3507 σιν·
2253 3450 2395 3522 τότε,
2430 3446 2894 3525 παρανοιχθείσης
2920 3448 3064 3504 οὕτω
3110 3453 3210 3516 τῆς
3254 3448 3384 3506 ὁδοῦ
3428 3456 3507 3525 τῷ
3557 3453 3769 3525 θανάτῳ

2115 3540 2182 3595 τὰ
2209 3540 2331 3615 γὲνη
2368 3540 2667 3609 συνήπτετο
2699 3540 2835 3611 (24),
2862 3537 2955 3593 καὶ
3001 3539 3054 3592 οἱ
3102 3540 3357 3595 κοινωνοὶ
3402 3544 3501 3607 τῆς
3558 3540 3768 3619 φύσεως

2117 3629 2353 3706 ἐγίνοντο
2399 3623 2744 3701 κληρονόμοι
2787 3626 3088 3692 κολάσεως.
3122 3629 3408 3706 Οίκτείρας
3455 3630 3582 3694 τοὺς
3628 3632 3769 3688 πλα-

2118 3720 2337 3785 σθέντας
2381 3719 2410 3774 6
2458 3716 2731 3789 πλάστης,
2778 3716 2937 3788 ξύλον
2994 3717 3402 3797 ἀντιφάρμακον
3464 3720 3629 3795 ξύλου
3695 3725 3766 3797 τῇ

2118 3808 2271 3889 φύσει
2347 3807 2650 3885 χαρίζεταί,
2699 3806 2789 3861 καὶ
2864 3808 3035 3871 πάθος
3108 3807 3427 3883 οἰκονομίας
3488 3810 3769 3887 εἲσήνεγκε

2116 3900 2320 3960 πάθους
2375 3895 2813 3975 ἀλεξιφάρμακον
2865 3896 2955 3952 καὶ
3013 3897 3222 3972 θανάτῳ
3270 3897 3555 3975 κρατοῦντι
3602 3901 3769 3965 θάνα-

2115 4009 2206 4044 τον
2257 3984 2585 4050 ἀνθοπλίσας
2642 3985 3078 4063 κατηγωνίσατο·
3111 3987 3201 4043 καὶ
3258 3988 3422 4046 πάλιν
3483 3988 3769 4066 ἐλεύθερος

2119 4081 2146 4135 6
2178 4076 2487 4156 ἅνθρωπος,
2539 4077 2619 4139 οἷς
2676 4074 2829 4147 ἐδέθη
2889 4076 3025 4151 πρὸς
3087 4078 3336 4151 θάνατον,
3393 4078 3610 4142 τούτοις
3666 4080 3769 4149 τήν

2119 4167 2402 4239 ἀθανασίαν
2613 4164 2928 4243 εὑράμενος·
2981 4163 3051 4222 δι’
3107 4167 3180 4222 ὧν
3231 4168 3334 4245 γὰρ
3401 4168 3770 4245 κατεκρίνετο,

2074 4308 2081 4315 .
2119 4257 2209 4315 διὰ
2237 4257 2441 4314 τούτων
2473 4254 2683 4314 ἐλύετο.

2190 4456 2243 4512 2.
2274 4460 2337 4508 Ὠ
2367 4451 2509 4518 θείας
2535 4450 2758 4521 ἀλῆθῶς
2790 4449 3006 4530 σοφίας,
3038 4452 3126 4507 καὶ
3181 4456 3443 4530 μηχανῆς
3474 4454 3766 4531 οὐρανίουί

2121 4542 2363 4618 Σταυρὸς
2410 4540 2703 4617 ἐπήγνυτο,
2752 4539 2841 4595 καὶ
2887 4538 3314 4618 εθδωλολατρεία
3362 4546 3766 4623 κατεστρέφετο·

2115 4632 2342 4709 σταυρὸς
2400 4628 2660 4706 ἐγείρετο,
2709 4629 2800 4684 καὶ
2861 4625 3153 4700 διαϐολικὴ
3217 4629 3498 4688 δυναστεία
3552 4633 3769 4690 κατεδι-

2117 4722 2330 4794 χάζετο·
2393 4720 2619 4797 σταυρὸς
2676 4718 2968 4796 ἐπήγνυτο,
3026 4720 3116 4775 καὶ
3175 4718 3450 4779 Ἰουδαίων
3510 4723 3539 4778 6
3594 4723 3769 4802 τύφος

2117 4814 2253 4891 πρὸς
2312 4815 2518 4867 πτῶσιν
2582 4809 2883 4884 μεθίστατο·
2912 4807 3003 4864 ἵνα
3060 4807 3260 4886 μάθῃς,
3321 4809 3402 4866 ὅτι
3468 4813 3543 4885 μὴ
3605 4812 3766 4884 ξύλον

2117 4902 2307 4965 ἁπλῶς
2349 4905 2456 4957 τῶν
2487 4898 2762 4956 τοσούτων
2796 4898 3085 4972 θαυμάτων
3131 4898 3439 4977 παραίτιον,
3471 4898 3599 4958 ἀλλ’
3630 4904 3659 4958 6
3687 4907 3767 4958 τῶ

2119 4990 2265 5065 ξύλῳ
2294 4991 2429 5066 πρὸς
2459 4991 2557 5059 τήν
2588 4987 2746 5060 νίκην
2775 4987 3144 5064 χρησάμενος.
3177 4987 3250 5044 Ού
3293 4991 3394 5066 γὰρ
3444 4992 3562 5055 καθ’
3612 4992 3767 5046 ἑαυτὸ

2116 5083 2179 5138 τὸ
2209 5081 2378 5145 πάθος
2411 5080 2706 5153 σωτήριον,
2737 5075 2864 5132 ἀλλ’
2895 5078 2923 5131 6
2954 5074 3044 5132 διὰ
3071 5076 3276 5134 πάθους
3327 5079 3636 5154 οἰκονομεῖν
3666 5080 3765 5147 τήν

2117 5170 2387 5246 σωτηρίαν
2442 5166 2797 5244 βουλόμενος.
2840 5167 2936 5222 Σοὶ
2989 5168 3082 5239 μὶν
3132 5168 3237 5243 γὰρ
3286 5168 3489 5243 γίνεται
3535 5166 3763 5222 θανάτου

2117 5259 2272 5322 λύσις
2318 5260 2347 5313 6
2377 5259 2647 5331 (θάνατος,
2690 5254 2817 5312 ἀλλ’
2864 5253 3068 5331 ἤμειψε
3115 5262 3224 5312 τῶν
3274 5259 3604 5336 πραγμάτων
3662 5258 3764 5327 τὴν

2115 5443 2246 5500 Mox
2275 5445 2609 5498 contextum
2644 5444 2779 5497 ante
2808 5440 2869 5496 in
2900 5440 3099 5497 multis
3128 5441 3396 5497 vitiatum
3423 5459 3491 5498 ex
3515 5459 3661 5501 mss.
3682 5457 3770 5501 re-

2113 5515 2456 5589 stituimus.
2475 5512 2632 5570 Infra
2659 5513 2907 5569 Colbert.
2937 5514 2992 5580 2,
3026 5530 3131 5586 pro
3161 5510 3623 5589 ἀλεξιφάρμακον,
3658 5515 3771 5572 ba-

2112 5588 2211 5645 bet
2238 5584 2605 5659 ἀλεξιτήριον.

2184 5660 2300 5731 (25)
2332 5654 2420 5717 [ιε
2448 5654 2594 5716 mss.
2625 5656 2779 5714 Editi
2810 5672 2967 5727 vero,
2999 5654 3342 5731 ἀκαθαρσίαν.
