  <div class='ocr_page' id='page_1' title='image "/cluster/home/n/w/nwhite01/storage/ocr_20150623/28:no.4/coo.31924054873090/542.png"; bbox 0 0 4120 6388; ppageno 0'>
   <div class='ocr_carea' id='block_1_1' title="bbox 315 426 467 492">
    <p class='ocr_par' dir='ltr' id='par_1_1' title="bbox 315 426 467 492">
     <span class='ocr_line' id='line_1_1' title="bbox 315 426 467 492; baseline 0 0"><span class='ocrx_word' id='word_1_1' title='bbox 315 426 467 492; x_wconf 76' lang='lat'>1037</span> 
     </span>
    </p>
   </div>
   <div class='ocr_carea' id='block_1_2' title="bbox 1414 425 2645 490">
    <p class='ocr_par' dir='ltr' id='par_1_2' title="bbox 1414 425 2645 490">
     <span class='ocr_line' id='line_1_2' title="bbox 1414 425 2645 490; baseline 0.002 -3"><span class='ocrx_word' id='word_1_2' title='bbox 1414 429 1680 489; x_wconf 81' lang='lat' dir='ltr'>SEltMO</span> <span class='ocrx_word' id='word_1_3' title='bbox 1730 427 1804 487; x_wconf 85' lang='lat' dir='ltr'>IN</span> <span class='ocrx_word' id='word_1_4' title='bbox 1852 425 2295 488; x_wconf 35' lang='lat' dir='ltr'>l’ASSlt’DNEM</span> <span class='ocrx_word' id='word_1_5' title='bbox 2348 425 2645 490; x_wconf 87' lang='lat' dir='ltr'>DOMlNl.</span> 
     </span>
    </p>
   </div>
   <div class='ocr_carea' id='block_1_3' title="bbox 3581 433 3736 496">
    <p class='ocr_par' dir='ltr' id='par_1_3' title="bbox 3581 433 3736 496">
     <span class='ocr_line' id='line_1_3' title="bbox 3581 433 3736 496; baseline 0 0"><span class='ocrx_word' id='word_1_6' title='bbox 3581 433 3736 496; x_wconf 69' lang='lat'>103-38</span> 
     </span>
    </p>
   </div>
   <div class='ocr_carea' id='block_1_4' title="bbox 316 558 1990 643">
    <p class='ocr_par' dir='ltr' id='par_1_4' title="bbox 316 558 1969 643">
     <span class='ocr_line' id='line_1_4' title="bbox 316 558 1969 643; baseline -0.004 -25"><span class='ocrx_word' id='word_1_7' title='bbox 316 566 473 643; x_wconf 70' lang='grc' dir='ltr'>φύσιν</span> <span class='ocrx_word' id='word_1_8' title='bbox 509 565 536 618; x_wconf 93' lang='lat'>6</span> <span class='ocrx_word' id='word_1_9' title='bbox 567 566 636 636; x_wconf 79' lang='grc' dir='ltr'>τῇ</span> <span class='ocrx_word' id='word_1_10' title='bbox 671 560 823 640; x_wconf 73' lang='grc' dir='ltr'>φύσει</span> <span class='ocrx_word' id='word_1_11' title='bbox 854 559 980 622; x_wconf 75' lang='grc' dir='ltr'>τοὺς</span> <span class='ocrx_word' id='word_1_12' title='bbox 1017 559 1179 636; x_wconf 82' lang='grc' dir='ltr'>ὅρους</span> <span class='ocrx_word' id='word_1_13' title='bbox 1213 561 1542 633; x_wconf 78' lang='grc' dir='ltr'>πηξάμενος.</span> <span class='ocrx_word' id='word_1_14' title='bbox 1586 559 1846 634; x_wconf 66' lang='grc' dir='ltr'>Σταυρὸς,</span> <span class='ocrx_word' id='word_1_15' title='bbox 1880 558 1969 613; x_wconf 85' lang='grc' dir='ltr'>καὶ</span> 
     </span>
    </p>
   </div>
   <div class='ocr_carea' id='block_1_5' title="bbox 2109 558 3739 643">
    <p class='ocr_par' dir='ltr' id='par_1_5' title="bbox 2109 561 3739 638">
     <span class='ocr_line' id='line_1_5' title="bbox 2109 561 3739 638; baseline 0.009 -26"><span class='ocrx_word' id='word_1_16' title='bbox 2109 561 2471 616; x_wconf 74' lang='lat' dir='ltr'>:ommutavit</span> <span class='ocrx_word' id='word_1_17' title='bbox 2523 564 2619 634; x_wconf 83' lang='lat' dir='ltr'>qui</span> <span class='ocrx_word' id='word_1_18' title='bbox 2677 568 2896 620; x_wconf 73' lang='lat' dir='ltr'>natum</span> <span class='ocrx_word' id='word_1_19' title='bbox 2959 564 3240 623; x_wconf 72' lang='lat' dir='ltr'>terminos</span> <span class='ocrx_word' id='word_1_20' title='bbox 3289 568 3506 624; x_wconf 83' lang='lat' dir='ltr'>deﬁxit.</span> <span class='ocrx_word' id='word_1_21' title='bbox 3562 573 3739 638; x_wconf 76' lang='lat' dir='ltr'>Crux,</span> 
     </span>
    </p>
   </div>
   <div class='ocr_carea' id='block_1_6' title="bbox 313 649 1976 726">
    <p class='ocr_par' dir='ltr' id='par_1_6' title="bbox 313 649 1976 726">
     <span class='ocr_line' id='line_1_6' title="bbox 313 649 1976 726; baseline -0.004 -17"><span class='ocrx_word' id='word_1_22' title='bbox 313 655 509 723; x_wconf 87' lang='grc' dir='ltr'>πάθος,</span> <span class='ocrx_word' id='word_1_23' title='bbox 571 652 660 706; x_wconf 80' lang='grc' dir='ltr'>καὶ</span> <span class='ocrx_word' id='word_1_24' title='bbox 725 651 931 726; x_wconf 59' lang='grc' dir='ltr'>λόγχη,</span> <span class='ocrx_word' id='word_1_25' title='bbox 990 650 1078 704; x_wconf 85' lang='grc' dir='ltr'>καὶ</span> <span class='ocrx_word' id='word_1_26' title='bbox 1140 653 1292 720; x_wconf 73' lang='grc' dir='ltr'>ἧλοι,</span> <span class='ocrx_word' id='word_1_27' title='bbox 1348 650 1436 704; x_wconf 78' lang='grc' dir='ltr'>καὶ</span> <span class='ocrx_word' id='word_1_28' title='bbox 1500 649 1748 713; x_wconf 84' lang='grc' dir='ltr'>θάνατος,</span> <span class='ocrx_word' id='word_1_29' title='bbox 1809 653 1976 702; x_wconf 77' lang='grc' dir='ltr'>ταῦτα</span> 
     </span>
    </p>
   </div>
   <div class='ocr_carea' id='block_1_7' title="bbox 319 737 1976 815">
    <p class='ocr_par' dir='ltr' id='par_1_7' title="bbox 319 737 1976 815">
     <span class='ocr_line' id='line_1_7' title="bbox 319 737 1976 815; baseline -0.004 -18"><span class='ocrx_word' id='word_1_30' title='bbox 319 750 464 814; x_wconf 80' lang='grc' dir='ltr'>ζωῆς</span> <span class='ocrx_word' id='word_1_31' title='bbox 519 740 780 806; x_wconf 77' lang='grc' dir='ltr'>ἀθανάτου</span> <span class='ocrx_word' id='word_1_32' title='bbox 813 743 923 815; x_wconf 75' lang='grc'>(26)</span> <span class='ocrx_word' id='word_1_33' title='bbox 956 741 1160 815; x_wconf 78' lang='grc' dir='ltr'>γίνεται</span> <span class='ocrx_word' id='word_1_34' title='bbox 1211 740 1509 815; x_wconf 68' lang='grc' dir='ltr'>σπάργανα·</span> <span class='ocrx_word' id='word_1_35' title='bbox 1549 739 1765 799; x_wconf 89' lang='grc' dir='ltr'>τούτοις</span> <span class='ocrx_word' id='word_1_36' title='bbox 1797 739 1824 792; x_wconf 88' lang='lat'>6</span> <span class='ocrx_word' id='word_1_37' title='bbox 1858 737 1976 792; x_wconf 87' lang='grc' dir='ltr'>δεύ-</span> 
     </span>
    </p>
   </div>
   <div class='ocr_carea' id='block_1_8' title="bbox 316 828 1976 907">
    <p class='ocr_par' dir='ltr' id='par_1_8' title="bbox 316 828 1976 907">
     <span class='ocr_line' id='line_1_8' title="bbox 316 828 1976 907; baseline -0.005 -18"><span class='ocrx_word' id='word_1_38' title='bbox 316 853 477 907; x_wconf 84' lang='grc' dir='ltr'>τερος</span> <span class='ocrx_word' id='word_1_39' title='bbox 539 830 822 907; x_wconf 78' lang='grc' dir='ltr'>ἄνθρωπος</span> <span class='ocrx_word' id='word_1_40' title='bbox 883 829 957 891; x_wconf 83' lang='grc' dir='ltr'>είς</span> <span class='ocrx_word' id='word_1_41' title='bbox 1016 831 1159 898; x_wconf 77' lang='grc' dir='ltr'>ζωῆν</span> <span class='ocrx_word' id='word_1_42' title='bbox 1224 829 1520 903; x_wconf 78' lang='grc' dir='ltr'>απετὲχθη.</span> <span class='ocrx_word' id='word_1_43' title='bbox 1556 830 1652 889; x_wconf 83' lang='grc' dir='ltr'>Οἷς</span> <span class='ocrx_word' id='word_1_44' title='bbox 1700 828 1976 903; x_wconf 82' lang='grc' dir='ltr'>ὁπρῶτος</span> 
     </span>
    </p>
   </div>
   <div class='ocr_carea' id='block_1_9' title="bbox 321 914 1974 996">
    <p class='ocr_par' dir='ltr' id='par_1_9' title="bbox 321 914 1974 996">
     <span class='ocr_line' id='line_1_9' title="bbox 321 914 1974 996; baseline -0.005 -18"><span class='ocrx_word' id='word_1_45' title='bbox 321 920 504 994; x_wconf 74' lang='grc' dir='ltr'>Ἀδάμ</span> <span class='ocrx_word' id='word_1_46' title='bbox 553 919 864 996; x_wconf 76' lang='grc' dir='ltr'>κατεκρίθη,</span> <span class='ocrx_word' id='word_1_47' title='bbox 910 919 1125 980; x_wconf 89' lang='grc' dir='ltr'>τούτοις</span> <span class='ocrx_word' id='word_1_48' title='bbox 1188 921 1214 973; x_wconf 97' lang='lat'>6</span> <span class='ocrx_word' id='word_1_49' title='bbox 1273 917 1518 991; x_wconf 76' lang='grc' dir='ltr'>δεύτερος</span> <span class='ocrx_word' id='word_1_50' title='bbox 1576 914 1753 988; x_wconf 67' lang='grc' dir='ltr'>Ἀδὰμ</span> <span class='ocrx_word' id='word_1_51' title='bbox 1810 915 1974 985; x_wconf 73' lang='grc' dir='ltr'>ἠλευ-</span> 
     </span>
    </p>
   </div>
   <div class='ocr_carea' id='block_1_10' title="bbox 323 1005 1977 1087">
    <p class='ocr_par' dir='ltr' id='par_1_10' title="bbox 323 1005 1977 1087">
     <span class='ocr_line' id='line_1_10' title="bbox 323 1005 1977 1087; baseline -0.005 -19"><span class='ocrx_word' id='word_1_52' title='bbox 323 1013 560 1087; x_wconf 86' lang='grc' dir='ltr'>θερώθη·</span> <span class='ocrx_word' id='word_1_53' title='bbox 611 1010 696 1086; x_wconf 74' lang='grc' dir='ltr'>ὑφ’</span> <span class='ocrx_word' id='word_1_54' title='bbox 741 1012 814 1062; x_wconf 82' lang='grc' dir='ltr'>ὧν</span> <span class='ocrx_word' id='word_1_55' title='bbox 865 1011 898 1077; x_wconf 79' lang='grc' dir='ltr'>ἡ</span> <span class='ocrx_word' id='word_1_56' title='bbox 948 1008 1097 1083; x_wconf 72' lang='grc' dir='ltr'>ἀρχὴ</span> <span class='ocrx_word' id='word_1_57' title='bbox 1147 1013 1252 1062; x_wconf 73' lang='grc' dir='ltr'>τῶν</span> <span class='ocrx_word' id='word_1_58' title='bbox 1315 1008 1610 1083; x_wconf 73' lang='grc' dir='ltr'>ἀνθρώπων</span> <span class='ocrx_word' id='word_1_59' title='bbox 1669 1005 1977 1074; x_wconf 68' lang='grc' dir='ltr'>κατέπεσεν,</span> 
     </span>
    </p>
   </div>
   <div class='ocr_carea' id='block_1_11' title="bbox 325 1096 1975 1174">
    <p class='ocr_par' dir='ltr' id='par_1_11' title="bbox 325 1096 1975 1174">
     <span class='ocr_line' id='line_1_11' title="bbox 325 1096 1975 1174; baseline -0.003 -18"><span class='ocrx_word' id='word_1_60' title='bbox 325 1102 430 1157; x_wconf 86' lang='grc' dir='ltr'>ὑπὸ</span> <span class='ocrx_word' id='word_1_61' title='bbox 498 1099 710 1154; x_wconf 82' lang='grc' dir='ltr'>τούτων</span> <span class='ocrx_word' id='word_1_62' title='bbox 763 1101 796 1167; x_wconf 80' lang='grc' dir='ltr'>ἡ</span> <span class='ocrx_word' id='word_1_63' title='bbox 851 1097 1075 1174; x_wconf 76' lang='grc' dir='ltr'>ἀπαρχή</span> <span class='ocrx_word' id='word_1_64' title='bbox 1127 1103 1232 1150; x_wconf 79' lang='grc' dir='ltr'>τῶν</span> <span class='ocrx_word' id='word_1_65' title='bbox 1294 1096 1594 1172; x_wconf 83' lang='grc' dir='ltr'>ἀνθρώπων</span> <span class='ocrx_word' id='word_1_66' title='bbox 1662 1096 1975 1168; x_wconf 60' lang='grc' dir='ltr'>ἀν’)ψοῦται.</span> 
     </span>
    </p>
   </div>
   <div class='ocr_carea' id='block_1_12' title="bbox 326 1184 1978 1264">
    <p class='ocr_par' dir='ltr' id='par_1_12' title="bbox 326 1184 1978 1264">
     <span class='ocr_line' id='line_1_12' title="bbox 326 1184 1978 1264; baseline -0.005 -18"><span class='ocrx_word' id='word_1_67' title='bbox 326 1193 582 1264; x_wconf 76' lang='grc' dir='ltr'>Σήμερον</span> <span class='ocrx_word' id='word_1_68' title='bbox 616 1189 644 1241; x_wconf 83' lang='grc' dir='ltr'>ὁ</span> <span class='ocrx_word' id='word_1_69' title='bbox 691 1184 957 1256; x_wconf 78' lang='grc' dir='ltr'>δεσπότης</span> <span class='ocrx_word' id='word_1_70' title='bbox 1005 1185 1093 1241; x_wconf 80' lang='grc' dir='ltr'>καὶ</span> <span class='ocrx_word' id='word_1_71' title='bbox 1145 1185 1341 1260; x_wconf 85' lang='grc' dir='ltr'>Κύριος</span> <span class='ocrx_word' id='word_1_72' title='bbox 1390 1187 1709 1260; x_wconf 74' lang='grc' dir='ltr'>κατάκριτος</span> <span class='ocrx_word' id='word_1_73' title='bbox 1770 1185 1978 1258; x_wconf 79' lang='grc' dir='ltr'>ἀγεται,</span> 
     </span>
    </p>
   </div>
   <div class='ocr_carea' id='block_1_13' title="bbox 321 1273 1974 1351">
    <p class='ocr_par' dir='ltr' id='par_1_13' title="bbox 321 1273 1974 1351">
     <span class='ocr_line' id='line_1_13' title="bbox 321 1273 1974 1351; baseline -0.005 -16"><span class='ocrx_word' id='word_1_74' title='bbox 321 1280 411 1336; x_wconf 83' lang='grc' dir='ltr'>καὶ</span> <span class='ocrx_word' id='word_1_75' title='bbox 457 1279 514 1333; x_wconf 85' lang='grc' dir='ltr'>ἐκ</span> <span class='ocrx_word' id='word_1_76' title='bbox 553 1275 906 1349; x_wconf 78' lang='grc' dir='ltr'>δικαστηρίου</span> <span class='ocrx_word' id='word_1_77' title='bbox 955 1277 1091 1351; x_wconf 87' lang='grc' dir='ltr'>πρὸς</span> <span class='ocrx_word' id='word_1_78' title='bbox 1141 1273 1487 1351; x_wconf 77' lang='grc' dir='ltr'>δικαστήριον</span> <span class='ocrx_word' id='word_1_79' title='bbox 1539 1274 1974 1350; x_wconf 68' lang='grc' dir='ltr'>παραπέμπεταιο</span> 
     </span>
    </p>
   </div>
   <div class='ocr_carea' id='block_1_14' title="bbox 319 1362 1980 1445">
    <p class='ocr_par' dir='ltr' id='par_1_14' title="bbox 319 1362 1980 1445">
     <span class='ocr_line' id='line_1_14' title="bbox 319 1362 1980 1445; baseline -0.004 -22"><span class='ocrx_word' id='word_1_80' title='bbox 319 1369 412 1424; x_wconf 85' lang='grc' dir='ltr'>καὶ</span> <span class='ocrx_word' id='word_1_81' title='bbox 476 1367 712 1445; x_wconf 77' lang='grc' dir='ltr'>Καϊάφας</span> <span class='ocrx_word' id='word_1_82' title='bbox 769 1365 1146 1442; x_wconf 70' lang='grc' dir='ltr'>ἀποφαίνεται,</span> <span class='ocrx_word' id='word_1_83' title='bbox 1206 1364 1295 1419; x_wconf 86' lang='grc' dir='ltr'>καὶ</span> <span class='ocrx_word' id='word_1_84' title='bbox 1355 1362 1590 1425; x_wconf 77' lang='grc' dir='ltr'>Πιλᾶτος</span> <span class='ocrx_word' id='word_1_85' title='bbox 1644 1364 1740 1431; x_wconf 80' lang='grc' dir='ltr'>τήν</span> <span class='ocrx_word' id='word_1_86' title='bbox 1802 1365 1980 1436; x_wconf 71' lang='grc' dir='ltr'>ψῆφον</span> 
     </span>
    </p>
   </div>
   <div class='ocr_carea' id='block_1_15' title="bbox 325 1452 1981 1533">
    <p class='ocr_par' dir='ltr' id='par_1_15' title="bbox 325 1452 1981 1533">
     <span class='ocr_line' id='line_1_15' title="bbox 325 1452 1981 1533; baseline -0.005 -21"><span class='ocrx_word' id='word_1_87' title='bbox 325 1455 656 1533; x_wconf 69' lang='grc' dir='ltr'>διαδέχεται.</span> <span class='ocrx_word' id='word_1_88' title='bbox 719 1455 817 1509; x_wconf 80' lang='grc' dir='ltr'>Καὶ</span> <span class='ocrx_word' id='word_1_89' title='bbox 879 1454 940 1509; x_wconf 82' lang='grc' dir='ltr'>οὐ</span> <span class='ocrx_word' id='word_1_90' title='bbox 998 1459 1338 1528; x_wconf 84' lang='grc' dir='ltr'>παραιτεῖται</span> <span class='ocrx_word' id='word_1_91' title='bbox 1395 1454 1494 1522; x_wconf 80' lang='grc' dir='ltr'>τήν</span> <span class='ocrx_word' id='word_1_92' title='bbox 1544 1452 1718 1522; x_wconf 81' lang='grc' dir='ltr'>κρίσιν</span> <span class='ocrx_word' id='word_1_93' title='bbox 1769 1454 1796 1506; x_wconf 89' lang='lat'>6</span> <span class='ocrx_word' id='word_1_94' title='bbox 1852 1458 1981 1525; x_wconf 83' lang='grc' dir='ltr'>Χρι-</span> 
     </span>
    </p>
   </div>
   <div class='ocr_carea' id='block_1_16' title="bbox 333 1542 1632 1619">
    <p class='ocr_par' dir='ltr' id='par_1_16' title="bbox 333 1542 1632 1619">
     <span class='ocr_line' id='line_1_16' title="bbox 333 1542 1632 1619; baseline -0.002 -17"><span class='ocrx_word' id='word_1_95' title='bbox 333 1546 480 1617; x_wconf 88' lang='grc' dir='ltr'>στὸς,</span> <span class='ocrx_word' id='word_1_96' title='bbox 505 1543 596 1600; x_wconf 64' lang='grc' dir='ltr'>*ίνα</span> <span class='ocrx_word' id='word_1_97' title='bbox 627 1543 766 1619; x_wconf 81' lang='grc' dir='ltr'>λύσῃ</span> <span class='ocrx_word' id='word_1_98' title='bbox 797 1544 897 1612; x_wconf 80' lang='grc' dir='ltr'>τήν</span> <span class='ocrx_word' id='word_1_99' title='bbox 929 1547 1026 1598; x_wconf 77' lang='grc' dir='ltr'>τοῦ</span> <span class='ocrx_word' id='word_1_100' title='bbox 1056 1542 1266 1617; x_wconf 84' lang='grc' dir='ltr'>κόσμου</span> <span class='ocrx_word' id='word_1_101' title='bbox 1297 1543 1632 1617; x_wconf 81' lang='grc' dir='ltr'>κατάκρισιν.</span> 
     </span>
    </p>
   </div>
   <div class='ocr_carea' id='block_1_17' title="bbox 402 1630 1979 1709">
    <p class='ocr_par' dir='ltr' id='par_1_17' title="bbox 402 1630 1979 1709">
     <span class='ocr_line' id='line_1_17' title="bbox 402 1630 1979 1709; baseline -0.004 -19"><span class='ocrx_word' id='word_1_102' title='bbox 402 1637 456 1690; x_wconf 89' lang='grc'><strong>3.</strong></span> <span class='ocrx_word' id='word_1_103' title='bbox 493 1635 554 1688; x_wconf 81' lang='grc' dir='ltr'><strong>Ὦ</strong></span> <span class='ocrx_word' id='word_1_104' title='bbox 605 1631 924 1709; x_wconf 70' lang='grc' dir='ltr'>παραδόξων</span> <span class='ocrx_word' id='word_1_105' title='bbox 977 1633 1294 1706; x_wconf 81' lang='grc' dir='ltr'>θαυμάτωνί</span> <span class='ocrx_word' id='word_1_106' title='bbox 1335 1630 1549 1708; x_wconf 68' lang='grc' dir='ltr'>δέχεται</span> <span class='ocrx_word' id='word_1_107' title='bbox 1599 1633 1696 1700; x_wconf 73' lang='grc' dir='ltr'>τὴν</span> <span class='ocrx_word' id='word_1_108' title='bbox 1747 1635 1842 1686; x_wconf 77' lang='grc' dir='ltr'>τοῦ</span> <span class='ocrx_word' id='word_1_109' title='bbox 1887 1633 1979 1685; x_wconf 87' lang='grc' dir='ltr'>θα-</span> 
     </span>
    </p>
   </div>
   <div class='ocr_carea' id='block_1_18' title="bbox 326 1716 1979 1802">
    <p class='ocr_par' dir='ltr' id='par_1_18' title="bbox 326 1716 1979 1802">
     <span class='ocr_line' id='line_1_18' title="bbox 326 1716 1979 1802; baseline -0.002 -24"><span class='ocrx_word' id='word_1_110' title='bbox 326 1723 490 1778; x_wconf 89' lang='grc' dir='ltr'>νάτου</span> <span class='ocrx_word' id='word_1_111' title='bbox 538 1726 720 1802; x_wconf 76' lang='grc' dir='ltr'>ψῆφον</span> <span class='ocrx_word' id='word_1_112' title='bbox 753 1723 780 1776; x_wconf 86' lang='grc' dir='ltr'>ὁ</span> <span class='ocrx_word' id='word_1_113' title='bbox 811 1723 1062 1794; x_wconf 78' lang='grc' dir='ltr'>Χριστὸς,</span> <span class='ocrx_word' id='word_1_114' title='bbox 1095 1723 1184 1776; x_wconf 82' lang='grc' dir='ltr'>καὶ</span> <span class='ocrx_word' id='word_1_115' title='bbox 1235 1721 1389 1785; x_wconf 75' lang='grc' dir='ltr'>εὐθὺς</span> <span class='ocrx_word' id='word_1_116' title='bbox 1441 1723 1468 1776; x_wconf 91' lang='lat'>6</span> <span class='ocrx_word' id='word_1_117' title='bbox 1518 1716 1802 1797; x_wconf 73' lang='grc' dir='ltr'>Βαραϐϐᾶς</span> <span class='ocrx_word' id='word_1_118' title='bbox 1847 1721 1979 1774; x_wconf 75' lang='grc' dir='ltr'>ἄπο-</span> 
     </span>
    </p>
   </div>
   <div class='ocr_carea' id='block_1_19' title="bbox 329 1807 1982 1886">
    <p class='ocr_par' dir='ltr' id='par_1_19' title="bbox 329 1807 1982 1886">
     <span class='ocr_line' id='line_1_19' title="bbox 329 1807 1982 1886; baseline -0.002 -19"><span class='ocrx_word' id='word_1_119' title='bbox 329 1811 536 1869; x_wconf 89' lang='grc' dir='ltr'>λύεται.</span> <span class='ocrx_word' id='word_1_120' title='bbox 597 1814 692 1866; x_wconf 87' lang='grc' dir='ltr'>Ἐκ</span> <span class='ocrx_word' id='word_1_121' title='bbox 747 1810 1055 1884; x_wconf 75' lang='grc' dir='ltr'>προοιμίων</span> <span class='ocrx_word' id='word_1_122' title='bbox 1113 1811 1140 1864; x_wconf 89' lang='lat'>6</span> <span class='ocrx_word' id='word_1_123' title='bbox 1199 1811 1425 1886; x_wconf 79' lang='grc' dir='ltr'>σταυρὸς</span> <span class='ocrx_word' id='word_1_124' title='bbox 1484 1816 1600 1872; x_wconf 86' lang='grc' dir='ltr'>τοῖς</span> <span class='ocrx_word' id='word_1_125' title='bbox 1672 1807 1982 1871; x_wconf 87' lang='grc' dir='ltr'>καταδίκοις</span> 
     </span>
    </p>
   </div>
   <div class='ocr_carea' id='block_1_20' title="bbox 2091 649 3736 730">
    <p class='ocr_par' dir='ltr' id='par_1_20' title="bbox 2091 649 3736 730">
     <span class='ocr_line' id='line_1_20' title="bbox 2091 649 3736 730; baseline 0.006 -26"><span class='ocrx_word' id='word_1_126' title='bbox 2091 650 2310 720; x_wconf 84' lang='lat' dir='ltr'>passio,</span> <span class='ocrx_word' id='word_1_127' title='bbox 2345 649 2567 719; x_wconf 82' lang='lat' dir='ltr'>lancea,</span> <span class='ocrx_word' id='word_1_128' title='bbox 2601 652 2768 723; x_wconf 87' lang='lat' dir='ltr'>clavi,</span> <span class='ocrx_word' id='word_1_129' title='bbox 2810 660 2866 708; x_wconf 91' lang='lat' dir='ltr'>et</span> <span class='ocrx_word' id='word_1_130' title='bbox 2915 671 3072 711; x_wconf 90' lang='lat' dir='ltr'>mors</span> <span class='ocrx_word' id='word_1_131' title='bbox 3105 675 3117 723; x_wconf 94' lang='lat'>;</span> <span class='ocrx_word' id='word_1_132' title='bbox 3154 657 3272 712; x_wconf 74' lang='lat' dir='ltr'>haec</span> <span class='ocrx_word' id='word_1_133' title='bbox 3322 657 3588 730; x_wconf 89' lang='lat' dir='ltr'>inquam,</span> <span class='ocrx_word' id='word_1_134' title='bbox 3620 660 3736 714; x_wconf 87' lang='lat' dir='ltr'>im-</span> 
     </span>
    </p>
   </div>
   <div class='ocr_carea' id='block_1_21' title="bbox 2092 740 3738 804">
    <p class='ocr_par' dir='ltr' id='par_1_21' title="bbox 2092 740 3738 804">
     <span class='ocr_line' id='line_1_21' title="bbox 2092 740 3738 804; baseline 0.006 -11"><span class='ocrx_word' id='word_1_135' title='bbox 2092 740 2360 795; x_wconf 82' lang='lat' dir='ltr'>mortalis</span> <span class='ocrx_word' id='word_1_136' title='bbox 2391 740 2522 794; x_wconf 74' lang='lat' dir='ltr'>vitze</span> <span class='ocrx_word' id='word_1_137' title='bbox 2555 741 2706 796; x_wconf 82' lang='lat' dir='ltr'>ﬁunt</span> <span class='ocrx_word' id='word_1_138' title='bbox 2730 741 3225 800; x_wconf 81' lang='lat' dir='ltr'>incunabulazhis</span> <span class='ocrx_word' id='word_1_139' title='bbox 3251 748 3544 803; x_wconf 87' lang='lat' dir='ltr'>secundus</span> <span class='ocrx_word' id='word_1_140' title='bbox 3561 748 3738 804; x_wconf 89' lang='lat' dir='ltr'>homo</span> 
     </span>
    </p>
   </div>
   <div class='ocr_carea' id='block_1_22' title="bbox 2088 827 3744 904">
    <p class='ocr_par' dir='ltr' id='par_1_22' title="bbox 2088 827 3744 904">
     <span class='ocr_line' id='line_1_22' title="bbox 2088 827 3744 904; baseline 0.007 -23"><span class='ocrx_word' id='word_1_141' title='bbox 2088 829 2157 882; x_wconf 88' lang='lat' dir='ltr'>ad</span> <span class='ocrx_word' id='word_1_142' title='bbox 2185 827 2363 883; x_wconf 90' lang='lat' dir='ltr'>vitam</span> <span class='ocrx_word' id='word_1_143' title='bbox 2399 831 2734 901; x_wconf 85' lang='lat' dir='ltr'>progenitus</span> <span class='ocrx_word' id='word_1_144' title='bbox 2764 832 3103 897; x_wconf 87' lang='lat' dir='ltr'>est.Quibus</span> <span class='ocrx_word' id='word_1_145' title='bbox 3134 835 3361 904; x_wconf 90' lang='lat' dir='ltr'>primus</span> <span class='ocrx_word' id='word_1_146' title='bbox 3391 837 3573 891; x_wconf 89' lang='lat' dir='ltr'>Adam</span> <span class='ocrx_word' id='word_1_147' title='bbox 3607 854 3744 892; x_wconf 90' lang='lat' dir='ltr'>cou-</span> 
     </span>
    </p>
   </div>
   <div class='ocr_carea' id='block_1_23' title="bbox 2097 916 3741 985">
    <p class='ocr_par' dir='ltr' id='par_1_23' title="bbox 2097 916 3741 985">
     <span class='ocr_line' id='line_1_23' title="bbox 2097 916 3741 985; baseline 0.004 -14"><span class='ocrx_word' id='word_1_148' title='bbox 2097 916 2410 973; x_wconf 90' lang='lat' dir='ltr'>demnatus</span> <span class='ocrx_word' id='word_1_149' title='bbox 2440 925 2548 985; x_wconf 87' lang='lat' dir='ltr'>est,</span> <span class='ocrx_word' id='word_1_150' title='bbox 2583 919 2790 974; x_wconf 85' lang='lat' dir='ltr'>iisdem</span> <span class='ocrx_word' id='word_1_151' title='bbox 2835 923 3132 977; x_wconf 92' lang='lat' dir='ltr'>secundus</span> <span class='ocrx_word' id='word_1_152' title='bbox 3181 925 3363 978; x_wconf 91' lang='lat' dir='ltr'>Adam</span> <span class='ocrx_word' id='word_1_153' title='bbox 3414 923 3696 980; x_wconf 90' lang='lat' dir='ltr'>liberatus</span> <span class='ocrx_word' id='word_1_154' title='bbox 3729 942 3741 978; x_wconf 91' lang='lat'>:</span> 
     </span>
    </p>
   </div>
   <div class='ocr_carea' id='block_1_24' title="bbox 2098 1008 3743 1084">
    <p class='ocr_par' dir='ltr' id='par_1_24' title="bbox 2098 1008 3743 1084">
     <span class='ocr_line' id='line_1_24' title="bbox 2098 1008 3743 1084; baseline 0.005 -24"><span class='ocrx_word' id='word_1_155' title='bbox 2098 1023 2200 1078; x_wconf 89' lang='lat' dir='ltr'>per</span> <span class='ocrx_word' id='word_1_156' title='bbox 2230 1024 2358 1078; x_wconf 70' lang='lat' dir='ltr'>quae</span> <span class='ocrx_word' id='word_1_157' title='bbox 2390 1008 2623 1063; x_wconf 91' lang='lat' dir='ltr'>initium</span> <span class='ocrx_word' id='word_1_158' title='bbox 2653 1009 2960 1066; x_wconf 85' lang='lat' dir='ltr'>hominum</span> <span class='ocrx_word' id='word_1_159' title='bbox 2997 1011 3232 1075; x_wconf 76' lang='lat' dir='ltr'>decidit,</span> <span class='ocrx_word' id='word_1_160' title='bbox 3254 1030 3354 1084; x_wconf 90' lang='lat' dir='ltr'>per</span> <span class='ocrx_word' id='word_1_161' title='bbox 3376 1030 3440 1069; x_wconf 87' lang='lat' dir='ltr'>ea</span> <span class='ocrx_word' id='word_1_162' title='bbox 3477 1014 3743 1084; x_wconf 68' lang='lat' dir='ltr'>primitiae</span> 
     </span>
    </p>
   </div>
   <div class='ocr_carea' id='block_1_25' title="bbox 2103 1095 3741 1160">
    <p class='ocr_par' dir='ltr' id='par_1_25' title="bbox 2103 1095 3741 1160">
     <span class='ocr_line' id='line_1_25' title="bbox 2103 1095 3741 1160; baseline 0.006 -10"><span class='ocrx_word' id='word_1_163' title='bbox 2103 1095 2412 1151; x_wconf 87' lang='lat' dir='ltr'>hominum</span> <span class='ocrx_word' id='word_1_164' title='bbox 2445 1098 2710 1154; x_wconf 76' lang='lat' dir='ltr'>exaltatze</span> <span class='ocrx_word' id='word_1_165' title='bbox 2743 1105 2900 1154; x_wconf 89' lang='lat' dir='ltr'>sunt.</span> <span class='ocrx_word' id='word_1_166' title='bbox 2934 1101 3116 1156; x_wconf 86' lang='lat' dir='ltr'>Hodie</span> <span class='ocrx_word' id='word_1_167' title='bbox 3159 1102 3336 1157; x_wconf 88' lang='lat' dir='ltr'>herus</span> <span class='ocrx_word' id='word_1_168' title='bbox 3368 1119 3434 1158; x_wconf 91' lang='lat' dir='ltr'>ac</span> <span class='ocrx_word' id='word_1_169' title='bbox 3455 1103 3741 1160; x_wconf 88' lang='lat' dir='ltr'>Dominus</span> 
     </span>
    </p>
   </div>
   <div class='ocr_carea' id='block_1_26' title="bbox 2102 1189 3747 1259">
    <p class='ocr_par' dir='ltr' id='par_1_26' title="bbox 2102 1189 3747 1259">
     <span class='ocr_line' id='line_1_26' title="bbox 2102 1189 3747 1259; baseline 0.005 -20"><span class='ocrx_word' id='word_1_170' title='bbox 2102 1191 2300 1240; x_wconf 79' lang='lat' dir='ltr'>noster</span> <span class='ocrx_word' id='word_1_171' title='bbox 2331 1204 2464 1242; x_wconf 86' lang='lat' dir='ltr'>reus</span> <span class='ocrx_word' id='word_1_172' title='bbox 2496 1193 2710 1259; x_wconf 83' lang='lat' dir='ltr'>agitur,</span> <span class='ocrx_word' id='word_1_173' title='bbox 2742 1194 2798 1243; x_wconf 89' lang='lat' dir='ltr'>et</span> <span class='ocrx_word' id='word_1_174' title='bbox 2829 1206 2896 1243; x_wconf 85' lang='lat' dir='ltr'>ex</span> <span class='ocrx_word' id='word_1_175' title='bbox 2928 1189 3206 1245; x_wconf 85' lang='lat' dir='ltr'>tribunali</span> <span class='ocrx_word' id='word_1_176' title='bbox 3242 1192 3312 1246; x_wconf 89' lang='lat' dir='ltr'>ad</span> <span class='ocrx_word' id='word_1_177' title='bbox 3347 1192 3604 1248; x_wconf 89' lang='lat' dir='ltr'>tribunal</span> <span class='ocrx_word' id='word_1_178' title='bbox 3636 1193 3747 1248; x_wconf 88' lang='lat' dir='ltr'>du-</span> 
     </span>
    </p>
   </div>
   <div class='ocr_carea' id='block_1_27' title="bbox 2099 1275 3747 1353">
    <p class='ocr_par' dir='ltr' id='par_1_27' title="bbox 2099 1275 3747 1353">
     <span class='ocr_line' id='line_1_27' title="bbox 2099 1275 3747 1353; baseline 0.005 -24"><span class='ocrx_word' id='word_1_179' title='bbox 2099 1275 2251 1329; x_wconf 90' lang='lat' dir='ltr'>citur</span> <span class='ocrx_word' id='word_1_180' title='bbox 2284 1293 2295 1330; x_wconf 93' lang='lat'>:</span> <span class='ocrx_word' id='word_1_181' title='bbox 2334 1276 2581 1347; x_wconf 77' lang='lat' dir='ltr'>Caiphae</span> <span class='ocrx_word' id='word_1_182' title='bbox 2606 1279 2821 1349; x_wconf 81' lang='lat' dir='ltr'>profert</span> <span class='ocrx_word' id='word_1_183' title='bbox 2851 1280 3226 1350; x_wconf 88' lang='lat' dir='ltr'>sententiam,</span> <span class='ocrx_word' id='word_1_184' title='bbox 3269 1280 3495 1338; x_wconf 83' lang='lat' dir='ltr'>Pilatus</span> <span class='ocrx_word' id='word_1_185' title='bbox 3542 1282 3747 1353; x_wconf 81' lang='lat' dir='ltr'>iudicii</span> 
     </span>
    </p>
   </div>
   <div class='ocr_carea' id='block_1_28' title="bbox 2097 1363 3746 1440">
    <p class='ocr_par' dir='ltr' id='par_1_28' title="bbox 2097 1363 3746 1440">
     <span class='ocr_line' id='line_1_28' title="bbox 2097 1363 3746 1440; baseline 0.007 -23"><span class='ocrx_word' id='word_1_186' title='bbox 2097 1363 2389 1418; x_wconf 86' lang='lat' dir='ltr'>calculum</span> <span class='ocrx_word' id='word_1_187' title='bbox 2425 1365 2660 1436; x_wconf 89' lang='lat' dir='ltr'>excipit.</span> <span class='ocrx_word' id='word_1_188' title='bbox 2694 1367 2804 1420; x_wconf 85' lang='lat' dir='ltr'>Nec</span> <span class='ocrx_word' id='word_1_189' title='bbox 2867 1374 3096 1422; x_wconf 78' lang='lat' dir='ltr'>recusat</span> <span class='ocrx_word' id='word_1_190' title='bbox 3126 1369 3421 1440; x_wconf 85' lang='lat' dir='ltr'>judicium</span> <span class='ocrx_word' id='word_1_191' title='bbox 3474 1370 3746 1428; x_wconf 83' lang='lat' dir='ltr'>Christus</span> 
     </span>
    </p>
   </div>
   <div class='ocr_carea' id='block_1_29' title="bbox 2099 1454 3261 1513">
    <p class='ocr_par' dir='ltr' id='par_1_29' title="bbox 2099 1454 3261 1513">
     <span class='ocr_line' id='line_1_29' title="bbox 2099 1454 3261 1513; baseline 0.004 -6"><span class='ocrx_word' id='word_1_192' title='bbox 2099 1457 2162 1507; x_wconf 90' lang='lat' dir='ltr'>ut</span> <span class='ocrx_word' id='word_1_193' title='bbox 2195 1454 2398 1507; x_wconf 91' lang='lat' dir='ltr'>mundi</span> <span class='ocrx_word' id='word_1_194' title='bbox 2433 1455 2981 1512; x_wconf 77' lang='lat' dir='ltr'>condemnationem</span> <span class='ocrx_word' id='word_1_195' title='bbox 3016 1457 3261 1513; x_wconf 81' lang='lat' dir='ltr'>aboleat.</span> 
     </span>
    </p>
   </div>
   <div class='ocr_carea' id='block_1_30' title="bbox 2163 1635 3750 1706">
    <p class='ocr_par' dir='ltr' id='par_1_30' title="bbox 2163 1635 3750 1706">
     <span class='ocr_line' id='line_1_30' title="bbox 2163 1635 3750 1706; baseline 0.004 -19"><span class='ocrx_word' id='word_1_196' title='bbox 2163 1635 2195 1687; x_wconf 94' lang='lat'>3</span> <span class='ocrx_word' id='word_1_197' title='bbox 2268 1635 2310 1689; x_wconf 94' lang='grc' dir='ltr'>Ο</span> <span class='ocrx_word' id='word_1_198' title='bbox 2360 1635 2648 1706; x_wconf 87' lang='lat' dir='ltr'>stupenda</span> <span class='ocrx_word' id='word_1_199' title='bbox 2697 1635 3010 1690; x_wconf 89' lang='lat' dir='ltr'>miracula!</span> <span class='ocrx_word' id='word_1_200' title='bbox 3053 1637 3254 1690; x_wconf 87' lang='lat' dir='ltr'>mortis</span> <span class='ocrx_word' id='word_1_201' title='bbox 3308 1637 3750 1694; x_wconf 87' lang='lat' dir='ltr'>damnationem</span> 
     </span>
    </p>
   </div>
   <div class='ocr_carea' id='block_1_31' title="bbox 2090 1723 3749 1799">
    <p class='ocr_par' dir='ltr' id='par_1_31' title="bbox 2090 1723 3749 1799">
     <span class='ocr_line' id='line_1_31' title="bbox 2090 1723 3749 1799; baseline 0.002 -20"><span class='ocrx_word' id='word_1_202' title='bbox 2090 1723 2360 1780; x_wconf 88' lang='lat' dir='ltr'>Christus</span> <span class='ocrx_word' id='word_1_203' title='bbox 2390 1723 2620 1796; x_wconf 89' lang='lat' dir='ltr'>accipit,</span> <span class='ocrx_word' id='word_1_204' title='bbox 2654 1729 2709 1778; x_wconf 90' lang='lat' dir='ltr'>et</span> <span class='ocrx_word' id='word_1_205' title='bbox 2742 1742 2872 1779; x_wconf 84' lang='lat' dir='ltr'>mox</span> <span class='ocrx_word' id='word_1_206' title='bbox 2910 1725 3202 1780; x_wconf 87' lang='lat' dir='ltr'>Barabbas</span> <span class='ocrx_word' id='word_1_207' title='bbox 3234 1725 3499 1781; x_wconf 85' lang='lat' dir='ltr'>solvitur.</span> <span class='ocrx_word' id='word_1_208' title='bbox 3527 1727 3588 1781; x_wconf 87' lang='lat' dir='ltr'>In</span> <span class='ocrx_word' id='word_1_209' title='bbox 3623 1728 3749 1799; x_wconf 92' lang='lat' dir='ltr'>ipso</span> 
     </span>
    </p>
   </div>
   <div class='ocr_carea' id='block_1_32' title="bbox 2092 1812 3750 1886">
    <p class='ocr_par' dir='ltr' id='par_1_32' title="bbox 2092 1812 3750 1886">
     <span class='ocr_line' id='line_1_32' title="bbox 2092 1812 3750 1886; baseline 0.002 -18"><span class='ocrx_word' id='word_1_210' title='bbox 2092 1812 2289 1868; x_wconf 85' lang='lat' dir='ltr'>statim</span> <span class='ocrx_word' id='word_1_211' title='bbox 2323 1813 2557 1867; x_wconf 74' lang='lat' dir='ltr'>exordio</span> <span class='ocrx_word' id='word_1_212' title='bbox 2589 1829 2728 1866; x_wconf 83' lang='lat' dir='ltr'>crux</span> <span class='ocrx_word' id='word_1_213' title='bbox 2776 1814 3074 1868; x_wconf 84' lang='lat' dir='ltr'>damnatis</span> <span class='ocrx_word' id='word_1_214' title='bbox 3126 1814 3371 1886; x_wconf 80' lang='lat' dir='ltr'>largitur</span> <span class='ocrx_word' id='word_1_215' title='bbox 3416 1814 3750 1872; x_wconf 89' lang='lat' dir='ltr'>libertatem</span> 
     </span>
    </p>
   </div>
   <div class='ocr_carea' id='block_1_33' title="bbox 330 1900 1990 1998">
    <p class='ocr_par' dir='ltr' id='par_1_33' title="bbox 330 1900 1983 1976">
     <span class='ocr_line' id='line_1_33' title="bbox 330 1900 1983 1976; baseline -0.004 -19"><span class='ocrx_word' id='word_1_216' title='bbox 330 1900 640 1974; x_wconf 78' lang='grc' dir='ltr'>ἐλευθερίαν</span> <span class='ocrx_word' id='word_1_217' title='bbox 702 1901 1003 1976; x_wconf 85' lang='grc' dir='ltr'>χαρίζεται.</span> <span class='ocrx_word' id='word_1_218' title='bbox 1066 1901 1158 1968; x_wconf 75' lang='grc' dir='ltr'>Μὴ</span> <span class='ocrx_word' id='word_1_219' title='bbox 1219 1901 1322 1975; x_wconf 86' lang='grc' dir='ltr'>γάρ</span> <span class='ocrx_word' id='word_1_220' title='bbox 1386 1921 1477 1972; x_wconf 91' lang='grc' dir='ltr'>μοι</span> <span class='ocrx_word' id='word_1_221' title='bbox 1537 1902 1670 1974; x_wconf 86' lang='grc' dir='ltr'>πρὸς</span> <span class='ocrx_word' id='word_1_222' title='bbox 1724 1901 1823 1968; x_wconf 80' lang='grc' dir='ltr'>τήν</span> <span class='ocrx_word' id='word_1_223' title='bbox 1875 1903 1983 1953; x_wconf 84' lang='grc' dir='ltr'>τῶν</span> 
     </span>
    </p>
   </div>
   <div class='ocr_carea' id='block_1_34' title="bbox 2109 1900 3748 1998">
    <p class='ocr_par' dir='ltr' id='par_1_34' title="bbox 2109 1901 3748 1975">
     <span class='ocr_line' id='line_1_34' title="bbox 2109 1901 3748 1975; baseline 0.002 -18"><span class='ocrx_word' id='word_1_224' title='bbox 2109 1904 2173 1957; x_wconf 46' lang='grc' dir='ltr'>ἵε</span> <span class='ocrx_word' id='word_1_225' title='bbox 2209 1901 2351 1955; x_wconf 88' lang='lat' dir='ltr'>mihi</span> <span class='ocrx_word' id='word_1_226' title='bbox 2386 1918 2638 1972; x_wconf 86' lang='lat' dir='ltr'>namque</span> <span class='ocrx_word' id='word_1_227' title='bbox 2659 1902 2992 1956; x_wconf 69' lang='lat' dir='ltr'>Judmorum</span> <span class='ocrx_word' id='word_1_228' title='bbox 3022 1902 3305 1958; x_wconf 82' lang='lat' dir='ltr'>malitiam</span> <span class='ocrx_word' id='word_1_229' title='bbox 3340 1905 3561 1975; x_wconf 88' lang='lat' dir='ltr'>respice</span> <span class='ocrx_word' id='word_1_230' title='bbox 3595 1923 3607 1960; x_wconf 93' lang='lat'><strong>:</strong></span> <span class='ocrx_word' id='word_1_231' title='bbox 3645 1923 3748 1961; x_wconf 91' lang='lat' dir='ltr'>nec</span> 
     </span>
    </p>
   </div>
   <div class='ocr_carea' id='block_1_35' title="bbox 329 1987 1980 2065">
    <p class='ocr_par' dir='ltr' id='par_1_35' title="bbox 329 1987 1980 2065">
     <span class='ocr_line' id='line_1_35' title="bbox 329 1987 1980 2065; baseline -0.002 -19"><span class='ocrx_word' id='word_1_232' title='bbox 329 1989 607 2046; x_wconf 82' lang='grc' dir='ltr'>Ἰουδαίων</span> <span class='ocrx_word' id='word_1_233' title='bbox 695 1989 961 2065; x_wconf 89' lang='grc' dir='ltr'>πονηρίαν</span> <span class='ocrx_word' id='word_1_234' title='bbox 1039 1993 1150 2063; x_wconf 79' lang='grc'>(27)</span> <span class='ocrx_word' id='word_1_235' title='bbox 1214 1987 1460 2064; x_wconf 81' lang='grc' dir='ltr'>ἀπίδῃς,</span> <span class='ocrx_word' id='word_1_236' title='bbox 1527 1991 1655 2062; x_wconf 73' lang='grc' dir='ltr'>μήθ’</span> <span class='ocrx_word' id='word_1_237' title='bbox 1733 1989 1814 2042; x_wconf 80' lang='grc' dir='ltr'>ὅτι</span> <span class='ocrx_word' id='word_1_238' title='bbox 1889 1989 1980 2043; x_wconf 83' lang='grc' dir='ltr'>τὸν</span> 
     </span>
    </p>
   </div>
   <div class='ocr_carea' id='block_1_36' title="bbox 332 2077 1980 2156">
    <p class='ocr_par' dir='ltr' id='par_1_36' title="bbox 332 2077 1980 2156">
     <span class='ocr_line' id='line_1_36' title="bbox 332 2077 1980 2156; baseline -0.001 -21"><span class='ocrx_word' id='word_1_239' title='bbox 332 2079 614 2156; x_wconf 69' lang='grc' dir='ltr'>εὐεργέτην</span> <span class='ocrx_word' id='word_1_240' title='bbox 663 2079 1109 2147; x_wconf 77' lang='grc' dir='ltr'>καταδικάζοντες</span> <span class='ocrx_word' id='word_1_241' title='bbox 1161 2084 1472 2151; x_wconf 81' lang='grc' dir='ltr'>προτιμῶσι</span> <span class='ocrx_word' id='word_1_242' title='bbox 1519 2077 1612 2133; x_wconf 86' lang='grc' dir='ltr'>τὸν</span> <span class='ocrx_word' id='word_1_243' title='bbox 1674 2078 1980 2154; x_wconf 65' lang='grc' dir='ltr'>μιαιφόνον.</span> 
     </span>
    </p>
   </div>
   <div class='ocr_carea' id='block_1_37' title="bbox 329 2165 1980 2244">
    <p class='ocr_par' dir='ltr' id='par_1_37' title="bbox 329 2165 1980 2244">
     <span class='ocr_line' id='line_1_37' title="bbox 329 2165 1980 2244; baseline -0.002 -20"><span class='ocrx_word' id='word_1_244' title='bbox 329 2168 456 2224; x_wconf 86' lang='grc' dir='ltr'>ἀλλ’</span> <span class='ocrx_word' id='word_1_245' title='bbox 490 2169 573 2224; x_wconf 80' lang='grc' dir='ltr'>ὅτι</span> <span class='ocrx_word' id='word_1_246' title='bbox 605 2171 640 2238; x_wconf 82' lang='grc' dir='ltr'>ἡ</span> <span class='ocrx_word' id='word_1_247' title='bbox 681 2177 780 2237; x_wconf 82' lang='grc' dir='ltr'>τῆς</span> <span class='ocrx_word' id='word_1_248' title='bbox 835 2166 1128 2238; x_wconf 71' lang='grc' dir='ltr'>καταδίκης</span> <span class='ocrx_word' id='word_1_249' title='bbox 1180 2167 1349 2244; x_wconf 75' lang='grc' dir='ltr'>ἀρχὴ,</span> <span class='ocrx_word' id='word_1_250' title='bbox 1381 2175 1480 2238; x_wconf 82' lang='grc' dir='ltr'>τῆς</span> <span class='ocrx_word' id='word_1_251' title='bbox 1530 2173 1636 2222; x_wconf 80' lang='grc' dir='ltr'>τῶν</span> <span class='ocrx_word' id='word_1_252' title='bbox 1682 2165 1980 2222; x_wconf 71' lang='grc' dir='ltr'>καταδίκων</span> 
     </span>
    </p>
   </div>
   <div class='ocr_carea' id='block_1_38' title="bbox 327 2255 1980 2334">
    <p class='ocr_par' dir='ltr' id='par_1_38' title="bbox 327 2255 1980 2334">
     <span class='ocr_line' id='line_1_38' title="bbox 327 2255 1980 2334; baseline -0.004 -20"><span class='ocrx_word' id='word_1_253' title='bbox 327 2257 634 2334; x_wconf 81' lang='grc' dir='ltr'>ἐλευθερίας</span> <span class='ocrx_word' id='word_1_254' title='bbox 697 2259 941 2333; x_wconf 75' lang='grc' dir='ltr'>ὑπῆρχεν</span> <span class='ocrx_word' id='word_1_255' title='bbox 1006 2258 1174 2333; x_wconf 61' lang='grc' dir='ltr'>ἀρχή</span> <span class='ocrx_word' id='word_1_256' title='bbox 1211 2258 1291 2312; x_wconf 78' lang='grc' dir='ltr'>ὅτι</span> <span class='ocrx_word' id='word_1_257' title='bbox 1327 2258 1353 2311; x_wconf 90' lang='grc' dir='ltr'><strong>ὁ</strong></span> <span class='ocrx_word' id='word_1_258' title='bbox 1383 2259 1480 2326; x_wconf 72' lang='grc' dir='ltr'>τὴν</span> <span class='ocrx_word' id='word_1_259' title='bbox 1513 2263 1618 2312; x_wconf 83' lang='grc' dir='ltr'>τῶν</span> <span class='ocrx_word' id='word_1_260' title='bbox 1679 2255 1980 2312; x_wconf 77' lang='grc' dir='ltr'>καταδίκων</span> 
     </span>
    </p>
   </div>
   <div class='ocr_carea' id='block_1_39' title="bbox 329 2344 1979 2421">
    <p class='ocr_par' dir='ltr' id='par_1_39' title="bbox 329 2344 1979 2421">
     <span class='ocr_line' id='line_1_39' title="bbox 329 2344 1979 2421; baseline -0.002 -19"><span class='ocrx_word' id='word_1_261' title='bbox 329 2346 484 2419; x_wconf 89' lang='grc' dir='ltr'>δίκην</span> <span class='ocrx_word' id='word_1_262' title='bbox 519 2351 627 2420; x_wconf 83' lang='grc'>(28)</span> <span class='ocrx_word' id='word_1_263' title='bbox 660 2345 946 2420; x_wconf 80' lang='grc' dir='ltr'>δεξάμενος</span> <span class='ocrx_word' id='word_1_264' title='bbox 981 2344 1206 2408; x_wconf 79' lang='grc' dir='ltr'>δικαίως</span> <span class='ocrx_word' id='word_1_265' title='bbox 1240 2347 1454 2415; x_wconf 83' lang='grc' dir='ltr'>ζώντων</span> <span class='ocrx_word' id='word_1_266' title='bbox 1487 2347 1628 2420; x_wconf 79' lang='grc' dir='ltr'>ὁμοῦ</span> <span class='ocrx_word' id='word_1_267' title='bbox 1659 2347 1747 2401; x_wconf 82' lang='grc' dir='ltr'>καὶ</span> <span class='ocrx_word' id='word_1_268' title='bbox 1779 2347 1979 2421; x_wconf 81' lang='grc' dir='ltr'>νεκρῶν</span> 
     </span>
    </p>
   </div>
   <div class='ocr_carea' id='block_1_40' title="bbox 328 2434 1984 2515">
    <p class='ocr_par' dir='ltr' id='par_1_40' title="bbox 328 2434 1984 2515">
     <span class='ocr_line' id='line_1_40' title="bbox 328 2434 1984 2515; baseline -0.004 -22"><span class='ocrx_word' id='word_1_269' title='bbox 328 2439 523 2515; x_wconf 77' lang='grc' dir='ltr'>κριτὴς</span> <span class='ocrx_word' id='word_1_270' title='bbox 580 2436 945 2514; x_wconf 75' lang='grc' dir='ltr'>ἀναφαίνεται·</span> <span class='ocrx_word' id='word_1_271' title='bbox 981 2461 1007 2488; x_wconf 88' lang='grc'>‹‹</span> <span class='ocrx_word' id='word_1_272' title='bbox 1044 2435 1243 2499; x_wconf 87' lang='grc' dir='ltr'>Καθότι</span> <span class='ocrx_word' id='word_1_273' title='bbox 1303 2434 1520 2505; x_wconf 80' lang='grc' dir='ltr'>ἔστησεν</span> <span class='ocrx_word' id='word_1_274' title='bbox 1581 2437 1791 2510; x_wconf 70' lang='grc' dir='ltr'>ἡμέραν</span> <span class='ocrx_word' id='word_1_275' title='bbox 1845 2435 1894 2488; x_wconf 84' lang='grc' dir='ltr'>ἐν</span> 
     </span>
    </p>
   </div>
   <div class='ocr_carea' id='block_1_41' title="bbox 335 2522 1979 2600">
    <p class='ocr_par' dir='ltr' id='par_1_41' title="bbox 335 2522 1979 2600">
     <span class='ocr_line' id='line_1_41' title="bbox 335 2522 1979 2600; baseline -0.004 -18"><span class='ocrx_word' id='word_1_276' title='bbox 335 2525 526 2600; x_wconf 77' lang='grc' dir='ltr'>μὲλλει</span> <span class='ocrx_word' id='word_1_277' title='bbox 560 2526 776 2600; x_wconf 57' lang='grc' dir='ltr'>ξκρίνειν</span> <span class='ocrx_word' id='word_1_278' title='bbox 811 2527 838 2579; x_wconf 92' lang='lat'>6</span> <span class='ocrx_word' id='word_1_279' title='bbox 869 2525 998 2586; x_wconf 87' lang='grc' dir='ltr'>Θεὸς</span> <span class='ocrx_word' id='word_1_280' title='bbox 1045 2526 1145 2592; x_wconf 76' lang='grc' dir='ltr'>τὴν</span> <span class='ocrx_word' id='word_1_281' title='bbox 1193 2524 1518 2597; x_wconf 65' lang='grc' dir='ltr'>οῗγουμὲνην</span> <span class='ocrx_word' id='word_1_282' title='bbox 1567 2523 1617 2579; x_wconf 82' lang='grc' dir='ltr'>ἐν</span> <span class='ocrx_word' id='word_1_283' title='bbox 1668 2522 1979 2598; x_wconf 74' lang='grc' dir='ltr'>δικαιοσύνῃ</span> 
     </span>
    </p>
   </div>
   <div class='ocr_carea' id='block_1_42' title="bbox 337 2613 1982 2691">
    <p class='ocr_par' dir='ltr' id='par_1_42' title="bbox 337 2613 1982 2691">
     <span class='ocr_line' id='line_1_42' title="bbox 337 2613 1982 2691; baseline -0.002 -21"><span class='ocrx_word' id='word_1_284' title='bbox 337 2617 389 2670; x_wconf 81' lang='grc' dir='ltr'>ἰν</span> <span class='ocrx_word' id='word_1_285' title='bbox 420 2614 570 2691; x_wconf 84' lang='grc' dir='ltr'>ἀνδρὶ</span> <span class='ocrx_word' id='word_1_286' title='bbox 619 2616 666 2688; x_wconf 78' lang='grc' dir='ltr'>ᾧ</span> <span class='ocrx_word' id='word_1_287' title='bbox 714 2614 905 2689; x_wconf 82' lang='grc' dir='ltr'>ὥρισεν</span> <span class='ocrx_word' id='word_1_288' title='bbox 934 2615 961 2668; x_wconf 88' lang='grc' dir='ltr'>ὁ</span> <span class='ocrx_word' id='word_1_289' title='bbox 995 2615 1146 2684; x_wconf 85' lang='grc' dir='ltr'>Θεὸς,</span> <span class='ocrx_word' id='word_1_290' title='bbox 1204 2613 1380 2668; x_wconf 89' lang='grc' dir='ltr'>πίστιν</span> <span class='ocrx_word' id='word_1_291' title='bbox 1439 2614 1736 2689; x_wconf 86' lang='grc' dir='ltr'>παρασχὼν</span> <span class='ocrx_word' id='word_1_292' title='bbox 1798 2620 1982 2684; x_wconf 80' lang='grc' dir='ltr'>πᾶσιν,</span> 
     </span>
    </p>
   </div>
   <div class='ocr_carea' id='block_1_43' title="bbox 337 2701 1981 2780">
    <p class='ocr_par' dir='ltr' id='par_1_43' title="bbox 337 2701 1981 2780">
     <span class='ocr_line' id='line_1_43' title="bbox 337 2701 1981 2780; baseline -0.002 -20"><span class='ocrx_word' id='word_1_293' title='bbox 337 2707 638 2776; x_wconf 73' lang='grc' dir='ltr'>ἀναστήσας</span> <span class='ocrx_word' id='word_1_294' title='bbox 690 2705 848 2759; x_wconf 75' lang='grc' dir='ltr'>αὑτὸν</span> <span class='ocrx_word' id='word_1_295' title='bbox 901 2703 960 2758; x_wconf 80' lang='grc' dir='ltr'>ἐκ</span> <span class='ocrx_word' id='word_1_296' title='bbox 1015 2705 1240 2780; x_wconf 79' lang='grc' dir='ltr'>νεκρῶν.</span> <span class='ocrx_word' id='word_1_297' title='bbox 1278 2727 1304 2753; x_wconf 70' lang='grc' dir='ltr'>η</span> <span class='ocrx_word' id='word_1_298' title='bbox 1337 2704 1398 2756; x_wconf 74' lang='lat' dir='ltr'>Ol</span> <span class='ocrx_word' id='word_1_299' title='bbox 1452 2703 1544 2776; x_wconf 76' lang='grc' dir='ltr'>μὶν</span> <span class='ocrx_word' id='word_1_300' title='bbox 1581 2702 1671 2757; x_wconf 78' lang='grc' dir='ltr'>οὖν</span> <span class='ocrx_word' id='word_1_301' title='bbox 1700 2701 1981 2773; x_wconf 79' lang='grc' dir='ltr'>Ἰουδαῖοι,</span> 
     </span>
    </p>
   </div>
   <div class='ocr_carea' id='block_1_44' title="bbox 331 2791 1981 2868">
    <p class='ocr_par' dir='ltr' id='par_1_44' title="bbox 331 2791 1981 2868">
     <span class='ocr_line' id='line_1_44' title="bbox 331 2791 1981 2868; baseline -0.002 -18"><span class='ocrx_word' id='word_1_302' title='bbox 331 2795 461 2857; x_wconf 75' lang='grc' dir='ltr'>τοὺς</span> <span class='ocrx_word' id='word_1_303' title='bbox 494 2794 699 2856; x_wconf 76' lang='grc' dir='ltr'>ἄλλους</span> <span class='ocrx_word' id='word_1_304' title='bbox 729 2792 825 2848; x_wconf 74' lang='grc' dir='ltr'>τοῦ</span> <span class='ocrx_word' id='word_1_305' title='bbox 882 2793 1110 2848; x_wconf 83' lang='grc' dir='ltr'>θανάτου</span> <span class='ocrx_word' id='word_1_306' title='bbox 1157 2793 1392 2868; x_wconf 80' lang='grc' dir='ltr'>τρόπους</span> <span class='ocrx_word' id='word_1_307' title='bbox 1441 2793 1696 2867; x_wconf 74' lang='grc' dir='ltr'>παρέντες</span> <span class='ocrx_word' id='word_1_308' title='bbox 1728 2796 1862 2866; x_wconf 77' lang='grc'>(29),</span> <span class='ocrx_word' id='word_1_309' title='bbox 1896 2791 1981 2847; x_wconf 81' lang='grc' dir='ltr'>ἐπὶ</span> 
     </span>
    </p>
   </div>
   <div class='ocr_carea' id='block_1_45' title="bbox 332 2881 1982 2960">
    <p class='ocr_par' dir='ltr' id='par_1_45' title="bbox 332 2881 1982 2960">
     <span class='ocr_line' id='line_1_45' title="bbox 332 2881 1982 2960; baseline -0.001 -22"><span class='ocrx_word' id='word_1_310' title='bbox 332 2906 426 2940; x_wconf 87' lang='grc' dir='ltr'>τον</span> <span class='ocrx_word' id='word_1_311' title='bbox 485 2884 709 2960; x_wconf 86' lang='grc' dir='ltr'>σταυρὸν</span> <span class='ocrx_word' id='word_1_312' title='bbox 770 2883 1048 2960; x_wconf 81' lang='grc' dir='ltr'>ὥρμησαν,</span> <span class='ocrx_word' id='word_1_313' title='bbox 1106 2882 1374 2956; x_wconf 77' lang='grc' dir='ltr'>τιμωρίας</span> <span class='ocrx_word' id='word_1_314' title='bbox 1423 2884 1564 2955; x_wconf 80' lang='grc' dir='ltr'>ὁμοῦ</span> <span class='ocrx_word' id='word_1_315' title='bbox 1617 2882 1706 2936; x_wconf 76' lang='grc' dir='ltr'>καὶ</span> <span class='ocrx_word' id='word_1_316' title='bbox 1762 2881 1982 2954; x_wconf 86' lang='grc' dir='ltr'>ἀτιμίας</span> 
     </span>
    </p>
   </div>
   <div class='ocr_carea' id='block_1_46' title="bbox 337 2969 1980 3048">
    <p class='ocr_par' dir='ltr' id='par_1_46' title="bbox 337 2969 1980 3048">
     <span class='ocr_line' id='line_1_46' title="bbox 337 2969 1980 3048; baseline -0.003 -18"><span class='ocrx_word' id='word_1_317' title='bbox 337 2975 723 3044; x_wconf 72' lang='grc' dir='ltr'>ἐπινοήσαντες</span> <span class='ocrx_word' id='word_1_318' title='bbox 781 2969 1154 3048; x_wconf 71' lang='grc' dir='ltr'>ὅργανοψκαὶ</span> <span class='ocrx_word' id='word_1_319' title='bbox 1211 2972 1310 3039; x_wconf 81' lang='grc' dir='ltr'>τήν</span> <span class='ocrx_word' id='word_1_320' title='bbox 1368 2976 1465 3026; x_wconf 79' lang='grc' dir='ltr'>τοῦ</span> <span class='ocrx_word' id='word_1_321' title='bbox 1532 2971 1701 3045; x_wconf 83' lang='grc' dir='ltr'>νόμου</span> <span class='ocrx_word' id='word_1_322' title='bbox 1750 2971 1980 3046; x_wconf 86' lang='grc' dir='ltr'>κατάραν</span> 
     </span>
    </p>
   </div>
   <div class='ocr_carea' id='block_1_47' title="bbox 333 3060 1980 3137">
    <p class='ocr_par' dir='ltr' id='par_1_47' title="bbox 333 3060 1980 3137">
     <span class='ocr_line' id='line_1_47' title="bbox 333 3060 1980 3137; baseline -0.002 -19"><span class='ocrx_word' id='word_1_323' title='bbox 333 3070 413 3137; x_wconf 75' lang='grc' dir='ltr'>τῷ</span> <span class='ocrx_word' id='word_1_324' title='bbox 473 3062 561 3118; x_wconf 81' lang='grc' dir='ltr'>διά</span> <span class='ocrx_word' id='word_1_325' title='bbox 625 3062 788 3133; x_wconf 84' lang='grc' dir='ltr'>ξύλου</span> <span class='ocrx_word' id='word_1_326' title='bbox 866 3060 1076 3133; x_wconf 85' lang='grc' dir='ltr'>θανάτῳ</span> <span class='ocrx_word' id='word_1_327' title='bbox 1141 3061 1560 3137; x_wconf 87' lang='grc' dir='ltr'>προσάπτουσιν,</span> <span class='ocrx_word' id='word_1_328' title='bbox 1621 3061 1980 3134; x_wconf 78' lang='grc' dir='ltr'>ἐπιφορτίζειν</span> 
     </span>
    </p>
   </div>
   <div class='ocr_carea' id='block_1_48' title="bbox 334 3148 1985 3230">
    <p class='ocr_par' dir='ltr' id='par_1_48' title="bbox 334 3148 1985 3230">
     <span class='ocr_line' id='line_1_48' title="bbox 334 3148 1985 3230; baseline -0.002 -22"><span class='ocrx_word' id='word_1_329' title='bbox 334 3153 631 3230; x_wconf 65' lang='grc' dir='ltr'>ἡγούμενοι</span> <span class='ocrx_word' id='word_1_330' title='bbox 690 3155 786 3206; x_wconf 69' lang='grc' dir='ltr'>τοῦ</span> <span class='ocrx_word' id='word_1_331' title='bbox 845 3149 1072 3205; x_wconf 85' lang='grc' dir='ltr'>θανάτου</span> <span class='ocrx_word' id='word_1_332' title='bbox 1130 3152 1193 3205; x_wconf 85' lang='grc' dir='ltr'>τὸ</span> <span class='ocrx_word' id='word_1_333' title='bbox 1255 3151 1444 3226; x_wconf 83' lang='grc' dir='ltr'>βάρος.</span> <span class='ocrx_word' id='word_1_334' title='bbox 1479 3151 1734 3227; x_wconf 77' lang='grc' dir='ltr'>Ἠγνόουν</span> <span class='ocrx_word' id='word_1_335' title='bbox 1795 3148 1850 3205; x_wconf 78' lang='grc' dir='ltr'>δὲ</span> <span class='ocrx_word' id='word_1_336' title='bbox 1883 3149 1985 3226; x_wconf 77' lang='grc' dir='ltr'>ἄρα</span> 
     </span>
    </p>
   </div>
   <div class='ocr_carea' id='block_1_49' title="bbox 332 3238 1983 3317">
    <p class='ocr_par' dir='ltr' id='par_1_49' title="bbox 332 3238 1983 3317">
     <span class='ocr_line' id='line_1_49' title="bbox 332 3238 1983 3317; baseline -0.002 -19"><span class='ocrx_word' id='word_1_337' title='bbox 332 3244 426 3298; x_wconf 90' lang='grc' dir='ltr'>τὸν</span> <span class='ocrx_word' id='word_1_338' title='bbox 514 3243 738 3317; x_wconf 83' lang='grc' dir='ltr'>σταυρὸν</span> <span class='ocrx_word' id='word_1_339' title='bbox 811 3241 966 3310; x_wconf 85' lang='grc' dir='ltr'>νίκης</span> <span class='ocrx_word' id='word_1_340' title='bbox 1027 3243 1140 3312; x_wconf 88' lang='grc'>(30)</span> <span class='ocrx_word' id='word_1_341' title='bbox 1198 3238 1422 3311; x_wconf 83' lang='grc' dir='ltr'>ἐντίμου</span> <span class='ocrx_word' id='word_1_342' title='bbox 1505 3239 1983 3309; x_wconf 75' lang='grc' dir='ltr'>κατασκευάζοντες</span> 
     </span>
    </p>
   </div>
   <div class='ocr_carea' id='block_1_50' title="bbox 342 3326 1983 3405">
    <p class='ocr_par' dir='ltr' id='par_1_50' title="bbox 342 3326 1983 3405">
     <span class='ocr_line' id='line_1_50' title="bbox 342 3326 1983 3405; baseline -0.003 -18"><span class='ocrx_word' id='word_1_343' title='bbox 342 3327 642 3404; x_wconf 72' lang='grc' dir='ltr'>σύμϐολον.</span> <span class='ocrx_word' id='word_1_344' title='bbox 678 3331 779 3388; x_wconf 82' lang='grc' dir='ltr'>Καὶ</span> <span class='ocrx_word' id='word_1_345' title='bbox 830 3326 955 3384; x_wconf 73' lang='grc' dir='ltr'>οὐδὲ</span> <span class='ocrx_word' id='word_1_346' title='bbox 1005 3329 1171 3404; x_wconf 70' lang='grc' dir='ltr'>μέχρι</span> <span class='ocrx_word' id='word_1_347' title='bbox 1219 3327 1426 3383; x_wconf 90' lang='grc' dir='ltr'>τούτων</span> <span class='ocrx_word' id='word_1_348' title='bbox 1480 3329 1828 3405; x_wconf 81' lang='grc' dir='ltr'>ἀρκούμενοι,</span> <span class='ocrx_word' id='word_1_349' title='bbox 1863 3351 1983 3384; x_wconf 90' lang='grc' dir='ltr'>κοι-</span> 
     </span>
    </p>
   </div>
   <div class='ocr_carea' id='block_1_51' title="bbox 344 3415 1986 3494">
    <p class='ocr_par' dir='ltr' id='par_1_51' title="bbox 344 3415 1986 3494">
     <span class='ocr_line' id='line_1_51' title="bbox 344 3415 1986 3494; baseline -0.001 -19"><span class='ocrx_word' id='word_1_350' title='bbox 344 3419 549 3481; x_wconf 69' lang='grc' dir='ltr'>νωνοὺς</span> <span class='ocrx_word' id='word_1_351' title='bbox 603 3425 698 3474; x_wconf 78' lang='grc' dir='ltr'>τοῦ</span> <span class='ocrx_word' id='word_1_352' title='bbox 757 3421 986 3483; x_wconf 84' lang='grc' dir='ltr'>θανάτου</span> <span class='ocrx_word' id='word_1_353' title='bbox 1034 3419 1123 3472; x_wconf 88' lang='grc' dir='ltr'>καὶ</span> <span class='ocrx_word' id='word_1_354' title='bbox 1173 3415 1378 3492; x_wconf 79' lang='grc' dir='ltr'>λῃστάς</span> <span class='ocrx_word' id='word_1_355' title='bbox 1409 3417 1652 3492; x_wconf 72' lang='grc' dir='ltr'>γενέσθαι</span> <span class='ocrx_word' id='word_1_356' title='bbox 1689 3419 1986 3494; x_wconf 85' lang='grc' dir='ltr'>βιάζονται,</span> 
     </span>
    </p>
   </div>
   <div class='ocr_carea' id='block_1_52' title="bbox 334 3505 1990 3584">
    <p class='ocr_par' dir='ltr' id='par_1_52' title="bbox 334 3505 1990 3584">
     <span class='ocr_line' id='line_1_52' title="bbox 334 3505 1990 3584; baseline -0.001 -19"><span class='ocrx_word' id='word_1_357' title='bbox 334 3509 432 3565; x_wconf 73' lang='grc' dir='ltr'>’ίνα</span> <span class='ocrx_word' id='word_1_358' title='bbox 460 3512 494 3579; x_wconf 79' lang='grc' dir='ltr'>ἡ</span> <span class='ocrx_word' id='word_1_359' title='bbox 525 3514 620 3563; x_wconf 81' lang='grc' dir='ltr'>τοῦ</span> <span class='ocrx_word' id='word_1_360' title='bbox 653 3511 880 3573; x_wconf 87' lang='grc' dir='ltr'>θανάτου</span> <span class='ocrx_word' id='word_1_361' title='bbox 910 3507 1167 3562; x_wconf 86' lang='grc' dir='ltr'>κοινωνία</span> <span class='ocrx_word' id='word_1_362' title='bbox 1196 3511 1292 3576; x_wconf 74' lang='grc' dir='ltr'>τῆς</span> <span class='ocrx_word' id='word_1_363' title='bbox 1321 3505 1578 3576; x_wconf 73' lang='grc' dir='ltr'>τελευτῆς</span> <span class='ocrx_word' id='word_1_364' title='bbox 1626 3508 1845 3584; x_wconf 71' lang='grc' dir='ltr'>γένηται</span> 
     </span>
    </p>
   </div>
   <div class='ocr_carea' id='block_1_53' title="bbox 343 3595 1992 3674">
    <p class='ocr_par' dir='ltr' id='par_1_53' title="bbox 343 3595 1992 3674">
     <span class='ocr_line' id='line_1_53' title="bbox 343 3595 1992 3674; baseline -0.001 -20"><span class='ocrx_word' id='word_1_365' title='bbox 343 3597 547 3670; x_wconf 78' lang='grc' dir='ltr'>ἀδοξία.</span> <span class='ocrx_word' id='word_1_366' title='bbox 583 3598 842 3674; x_wconf 87' lang='grc' dir='ltr'>Ἠγνόουν</span> <span class='ocrx_word' id='word_1_367' title='bbox 873 3595 928 3651; x_wconf 78' lang='grc' dir='ltr'>δὲ</span> <span class='ocrx_word' id='word_1_368' title='bbox 960 3597 1060 3671; x_wconf 76' lang='grc' dir='ltr'>ἄρα</span> <span class='ocrx_word' id='word_1_369' title='bbox 1110 3595 1318 3671; x_wconf 76' lang='grc' dir='ltr'>λῃστὴν</span> <span class='ocrx_word' id='word_1_370' title='bbox 1369 3601 1447 3669; x_wconf 76' lang='grc' dir='ltr'>τῷ</span> <span class='ocrx_word' id='word_1_371' title='bbox 1499 3599 1718 3671; x_wconf 85' lang='grc' dir='ltr'>Χριστῷ</span> <span class='ocrx_word' id='word_1_372' title='bbox 1763 3618 1992 3652; x_wconf 81' lang='grc' dir='ltr'>συσταυ-</span> 
     </span>
    </p>
   </div>
   <div class='ocr_carea' id='block_1_54' title="bbox 347 3685 1993 3765">
    <p class='ocr_par' dir='ltr' id='par_1_54' title="bbox 347 3685 1993 3765">
     <span class='ocr_line' id='line_1_54' title="bbox 347 3685 1993 3765; baseline -0.001 -22"><span class='ocrx_word' id='word_1_373' title='bbox 347 3691 634 3765; x_wconf 83' lang='grc' dir='ltr'>ρώσαντες,</span> <span class='ocrx_word' id='word_1_374' title='bbox 667 3691 879 3764; x_wconf 74' lang='grc' dir='ltr'>κήρυκα</span> <span class='ocrx_word' id='word_1_375' title='bbox 934 3695 1032 3757; x_wconf 77' lang='grc' dir='ltr'>τῆς</span> <span class='ocrx_word' id='word_1_376' title='bbox 1083 3690 1179 3740; x_wconf 77' lang='grc' dir='ltr'>τοῦ</span> <span class='ocrx_word' id='word_1_377' title='bbox 1239 3685 1653 3760; x_wconf 79' lang='grc' dir='ltr'>ἑσταυρωμένου</span> <span class='ocrx_word' id='word_1_378' title='bbox 1717 3687 1993 3762; x_wconf 74' lang='grc' dir='ltr'>βασιλείας</span> 
     </span>
    </p>
   </div>
   <div class='ocr_carea' id='block_1_55' title="bbox 346 3775 1997 3854">
    <p class='ocr_par' dir='ltr' id='par_1_55' title="bbox 346 3775 1997 3854">
     <span class='ocr_line' id='line_1_55' title="bbox 346 3775 1997 3854; baseline -0.001 -22"><span class='ocrx_word' id='word_1_379' title='bbox 346 3782 808 3854; x_wconf 79' lang='grc' dir='ltr'>χειροτονοῦντες,</span> <span class='ocrx_word' id='word_1_380' title='bbox 861 3803 888 3828; x_wconf 81' lang='grc' dir='ltr'>(ι</span> <span class='ocrx_word' id='word_1_381' title='bbox 943 3775 1224 3846; x_wconf 71' lang='grc' dir='ltr'>Μνήσθητί</span> <span class='ocrx_word' id='word_1_382' title='bbox 1287 3795 1412 3848; x_wconf 86' lang='grc' dir='ltr'>μου,</span> <span class='ocrx_word' id='word_1_383' title='bbox 1447 3779 1628 3852; x_wconf 85' lang='grc' dir='ltr'>Κύριε,</span> <span class='ocrx_word' id='word_1_384' title='bbox 1663 3777 1785 3831; x_wconf 82' lang='grc' dir='ltr'>ὅταν</span> <span class='ocrx_word' id='word_1_385' title='bbox 1838 3776 1997 3851; x_wconf 76' lang='grc' dir='ltr'>ἔλθῃς</span> 
     </span>
    </p>
   </div>
   <div class='ocr_carea' id='block_1_56' title="bbox 347 3864 1997 3942">
    <p class='ocr_par' dir='ltr' id='par_1_56' title="bbox 347 3864 1997 3942">
     <span class='ocr_line' id='line_1_56' title="bbox 347 3864 1997 3942; baseline 0 -20"><span class='ocrx_word' id='word_1_386' title='bbox 347 3869 400 3922; x_wconf 83' lang='grc' dir='ltr'>ἐν</span> <span class='ocrx_word' id='word_1_387' title='bbox 459 3871 527 3942; x_wconf 82' lang='grc' dir='ltr'>τῇ</span> <span class='ocrx_word' id='word_1_388' title='bbox 580 3866 827 3941; x_wconf 79' lang='grc' dir='ltr'>βασιλείᾳ</span> <span class='ocrx_word' id='word_1_389' title='bbox 875 3889 991 3922; x_wconf 91' lang='grc' dir='ltr'>σου.</span> <span class='ocrx_word' id='word_1_390' title='bbox 1031 3891 1051 3917; x_wconf 75' lang='grc' dir='ltr'>ιι</span> <span class='ocrx_word' id='word_1_391' title='bbox 1087 3867 1174 3928; x_wconf 74' lang='grc' dir='ltr'>Ὠς</span> <span class='ocrx_word' id='word_1_392' title='bbox 1226 3864 1428 3940; x_wconf 79' lang='grc' dir='ltr'>λῃστὴς</span> <span class='ocrx_word' id='word_1_393' title='bbox 1481 3865 1824 3938; x_wconf 83' lang='grc' dir='ltr'>ἐσταυρώθης</span> <span class='ocrx_word' id='word_1_394' title='bbox 1864 3870 1997 3940; x_wconf 84' lang='grc'>(32),</span> 
     </span>
    </p>
   </div>
   <div class='ocr_carea' id='block_1_57' title="bbox 349 3953 1998 4032">
    <p class='ocr_par' dir='ltr' id='par_1_57' title="bbox 349 3953 1998 4032">
     <span class='ocr_line' id='line_1_57' title="bbox 349 3953 1998 4032; baseline -0.002 -20"><span class='ocrx_word' id='word_1_395' title='bbox 349 3958 440 4013; x_wconf 82' lang='grc' dir='ltr'>καὶ</span> <span class='ocrx_word' id='word_1_396' title='bbox 475 3956 859 4032; x_wconf 76' lang='grc' dir='ltr'>εὐαγγελιστής</span> <span class='ocrx_word' id='word_1_397' title='bbox 920 3953 1401 4030; x_wconf 72' lang='grc' dir='ltr'>ἀνεδείχθης;ᾫς</span> <span class='ocrx_word' id='word_1_398' title='bbox 1454 3953 1680 4030; x_wconf 71' lang='grc' dir='ltr'>βασιλέα</span> <span class='ocrx_word' id='word_1_399' title='bbox 1729 3961 1890 4029; x_wconf 78' lang='grc' dir='ltr'>τιμᾷς</span> <span class='ocrx_word' id='word_1_400' title='bbox 1939 3957 1998 4010; x_wconf 81' lang='grc' dir='ltr'>ὃν</span> 
     </span>
    </p>
   </div>
   <div class='ocr_carea' id='block_1_58' title="bbox 346 4043 2001 4122">
    <p class='ocr_par' dir='ltr' id='par_1_58' title="bbox 346 4043 2001 4122">
     <span class='ocr_line' id='line_1_58' title="bbox 346 4043 2001 4122; baseline -0.003 -21"><span class='ocrx_word' id='word_1_401' title='bbox 346 4048 632 4119; x_wconf 80' lang='grc' dir='ltr'>ἀτιμάζειν</span> <span class='ocrx_word' id='word_1_402' title='bbox 691 4045 964 4122; x_wconf 76' lang='grc' dir='ltr'>ἐτάχθηςς</span> <span class='ocrx_word' id='word_1_403' title='bbox 1021 4069 1048 4097; x_wconf 87' lang='grc'>‹‹</span> <span class='ocrx_word' id='word_1_404' title='bbox 1098 4045 1380 4114; x_wconf 71' lang='grc' dir='ltr'>Μνησθητί</span> <span class='ocrx_word' id='word_1_405' title='bbox 1445 4064 1569 4117; x_wconf 87' lang='grc' dir='ltr'>μου,</span> <span class='ocrx_word' id='word_1_406' title='bbox 1631 4043 1816 4118; x_wconf 88' lang='grc' dir='ltr'>Κύριε,</span> <span class='ocrx_word' id='word_1_407' title='bbox 1878 4044 2001 4099; x_wconf 82' lang='grc' dir='ltr'>ὅταν</span> 
     </span>
    </p>
   </div>
   <div class='ocr_carea' id='block_1_59' title="bbox 347 4129 2002 4210">
    <p class='ocr_par' dir='ltr' id='par_1_59' title="bbox 347 4129 2002 4210">
     <span class='ocr_line' id='line_1_59' title="bbox 347 4129 2002 4210; baseline -0.002 -19"><span class='ocrx_word' id='word_1_408' title='bbox 347 4133 506 4208; x_wconf 75' lang='grc' dir='ltr'>ἔλθῃς</span> <span class='ocrx_word' id='word_1_409' title='bbox 537 4135 588 4189; x_wconf 80' lang='grc' dir='ltr'>ἐν</span> <span class='ocrx_word' id='word_1_410' title='bbox 611 4139 680 4208; x_wconf 80' lang='grc' dir='ltr'>τῇ</span> <span class='ocrx_word' id='word_1_411' title='bbox 717 4133 966 4210; x_wconf 83' lang='grc' dir='ltr'>βασιλείᾳ</span> <span class='ocrx_word' id='word_1_412' title='bbox 995 4154 1109 4188; x_wconf 92' lang='grc' dir='ltr'>σου.</span> <span class='ocrx_word' id='word_1_413' title='bbox 1149 4155 1175 4182; x_wconf 77' lang='grc' dir='ltr'><strong>η</strong></span> <span class='ocrx_word' id='word_1_414' title='bbox 1207 4133 1266 4186; x_wconf 88' lang='grc' dir='ltr'>Τί</span> <span class='ocrx_word' id='word_1_415' title='bbox 1297 4129 1454 4210; x_wconf 61' lang='grc' dir='ltr'>ἔφης,</span> <span class='ocrx_word' id='word_1_416' title='bbox 1488 4131 1532 4186; x_wconf 85' lang='grc' dir='ltr'>ὦ</span> <span class='ocrx_word' id='word_1_417' title='bbox 1566 4131 1756 4207; x_wconf 77' lang='grc' dir='ltr'>λῃστά,</span> <span class='ocrx_word' id='word_1_418' title='bbox 1788 4133 2002 4208; x_wconf 81' lang='grc' dir='ltr'>ἀγνοεῖς</span> 
     </span>
    </p>
   </div>
   <div class='ocr_carea' id='block_1_60' title="bbox 349 4221 2001 4299">
    <p class='ocr_par' dir='ltr' id='par_1_60' title="bbox 349 4221 2001 4299">
     <span class='ocr_line' id='line_1_60' title="bbox 349 4221 2001 4299; baseline -0.002 -21"><span class='ocrx_word' id='word_1_419' title='bbox 349 4225 386 4278; x_wconf 78' lang='grc' dir='ltr'>ἆ</span> <span class='ocrx_word' id='word_1_420' title='bbox 435 4225 668 4299; x_wconf 87' lang='grc' dir='ltr'>πάσχεις</span> <span class='ocrx_word' id='word_1_421' title='bbox 697 4251 710 4293; x_wconf 87' lang='grc'><strong>;</strong></span> <span class='ocrx_word' id='word_1_422' title='bbox 743 4223 1043 4287; x_wconf 85' lang='grc' dir='ltr'>Ἐπελάθου</span> <span class='ocrx_word' id='word_1_423' title='bbox 1086 4227 1192 4278; x_wconf 82' lang='grc' dir='ltr'>τῶν</span> <span class='ocrx_word' id='word_1_424' title='bbox 1245 4221 1440 4291; x_wconf 77' lang='grc' dir='ltr'>ἥλων;</span> <span class='ocrx_word' id='word_1_425' title='bbox 1485 4221 1585 4277; x_wconf 81' lang='grc' dir='ltr'>οὐκ</span> <span class='ocrx_word' id='word_1_426' title='bbox 1631 4222 1866 4296; x_wconf 74' lang='grc' dir='ltr'>ᾑσθάνου</span> <span class='ocrx_word' id='word_1_427' title='bbox 1895 4228 2001 4277; x_wconf 80' lang='grc' dir='ltr'>τῶν</span> 
     </span>
    </p>
   </div>
   <div class='ocr_carea' id='block_1_61' title="bbox 354 4311 2006 4388">
    <p class='ocr_par' dir='ltr' id='par_1_61' title="bbox 354 4311 2006 4388">
     <span class='ocr_line' id='line_1_61' title="bbox 354 4311 2006 4388; baseline -0.001 -19"><span class='ocrx_word' id='word_1_428' title='bbox 354 4312 595 4381; x_wconf 81' lang='grc' dir='ltr'>όδυνῶν;</span> <span class='ocrx_word' id='word_1_429' title='bbox 654 4319 738 4375; x_wconf 80' lang='grc' dir='ltr'>Ὠς</span> <span class='ocrx_word' id='word_1_430' title='bbox 796 4313 845 4367; x_wconf 76' lang='grc' dir='ltr'>ἐν</span> <span class='ocrx_word' id='word_1_431' title='bbox 919 4314 1052 4387; x_wconf 74' lang='grc' dir='ltr'>ἰερῷ</span> <span class='ocrx_word' id='word_1_432' title='bbox 1123 4311 1594 4388; x_wconf 87' lang='grc' dir='ltr'>προσευχόμενος,</span> <span class='ocrx_word' id='word_1_433' title='bbox 1656 4311 1763 4388; x_wconf 80' lang='grc' dir='ltr'>οὐχ</span> <span class='ocrx_word' id='word_1_434' title='bbox 1820 4312 1893 4374; x_wconf 85' lang='grc' dir='ltr'>ὡς</span> <span class='ocrx_word' id='word_1_435' title='bbox 1955 4313 2006 4367; x_wconf 79' lang='grc' dir='ltr'>ἐν</span> 
     </span>
    </p>
   </div>
   <div class='ocr_carea' id='block_1_62' title="bbox 355 4399 2007 4480">
    <p class='ocr_par' dir='ltr' id='par_1_62' title="bbox 355 4399 2007 4480">
     <span class='ocr_line' id='line_1_62' title="bbox 355 4399 2007 4480; baseline 0 -24"><span class='ocrx_word' id='word_1_436' title='bbox 355 4401 504 4475; x_wconf 79' lang='grc' dir='ltr'>ξύλῳ</span> <span class='ocrx_word' id='word_1_437' title='bbox 535 4405 647 4476; x_wconf 75' lang='lat'>(33)</span> <span class='ocrx_word' id='word_1_438' title='bbox 689 4401 1055 4476; x_wconf 80' lang='grc' dir='ltr'>κρεμάμενος,</span> <span class='ocrx_word' id='word_1_439' title='bbox 1085 4400 1256 4463; x_wconf 78' lang='grc' dir='ltr'>οὕτως</span> <span class='ocrx_word' id='word_1_440' title='bbox 1309 4402 1563 4463; x_wconf 70' lang='grc' dir='ltr'>ἱκετεύεις</span> <span class='ocrx_word' id='word_1_441' title='bbox 1590 4399 1818 4475; x_wconf 26' lang='grc' dir='ltr'>;,Εἶδον,</span> <span class='ocrx_word' id='word_1_442' title='bbox 1853 4402 2007 4480; x_wconf 69' lang='grc' dir='ltr'>φησὶ,</span> 
     </span>
    </p>
   </div>
   <div class='ocr_carea' id='block_1_63' title="bbox 353 4489 2009 4568">
    <p class='ocr_par' dir='ltr' id='par_1_63' title="bbox 353 4489 2009 4568">
     <span class='ocr_line' id='line_1_63' title="bbox 353 4489 2009 4568; baseline -0.003 -20"><span class='ocrx_word' id='word_1_443' title='bbox 353 4492 484 4548; x_wconf 86' lang='grc' dir='ltr'>Θεὸν</span> <span class='ocrx_word' id='word_1_444' title='bbox 517 4491 804 4561; x_wconf 83' lang='grc' dir='ltr'>ἀληθινὸν,</span> <span class='ocrx_word' id='word_1_445' title='bbox 835 4489 923 4545; x_wconf 85' lang='grc' dir='ltr'>καὶ</span> <span class='ocrx_word' id='word_1_446' title='bbox 966 4489 1217 4544; x_wconf 72' lang='grc' dir='ltr'>ἱκετεύειν</span> <span class='ocrx_word' id='word_1_447' title='bbox 1265 4495 1455 4545; x_wconf 78' lang='grc' dir='ltr'>τοῦτον</span> <span class='ocrx_word' id='word_1_448' title='bbox 1509 4489 1769 4561; x_wconf 83' lang='grc' dir='ltr'>ἐπόθησα.</span> <span class='ocrx_word' id='word_1_449' title='bbox 1804 4492 2009 4568; x_wconf 86' lang='grc' dir='ltr'>Ἔγνων</span> 
     </span>
    </p>
   </div>
   <div class='ocr_carea' id='block_1_64' title="bbox 353 4577 2012 4657">
    <p class='ocr_par' dir='ltr' id='par_1_64' title="bbox 353 4577 2012 4657">
     <span class='ocr_line' id='line_1_64' title="bbox 353 4577 2012 4657; baseline -0.002 -21"><span class='ocrx_word' id='word_1_450' title='bbox 353 4579 416 4636; x_wconf 85' lang='grc' dir='ltr'>ἐκ</span> <span class='ocrx_word' id='word_1_451' title='bbox 471 4587 569 4650; x_wconf 79' lang='grc' dir='ltr'>τῆς</span> <span class='ocrx_word' id='word_1_452' title='bbox 617 4581 922 4657; x_wconf 71' lang='grc' dir='ltr'>ἐπιγραφῆς</span> <span class='ocrx_word' id='word_1_453' title='bbox 969 4580 1067 4647; x_wconf 75' lang='grc' dir='ltr'>τήν</span> <span class='ocrx_word' id='word_1_454' title='bbox 1120 4579 1286 4652; x_wconf 84' lang='grc' dir='ltr'>ἀξίαν.</span> <span class='ocrx_word' id='word_1_455' title='bbox 1340 4577 1494 4636; x_wconf 70' lang='grc' dir='ltr'>Εἶδον</span> <span class='ocrx_word' id='word_1_456' title='bbox 1563 4578 1856 4650; x_wconf 84' lang='grc' dir='ltr'>καταδίκην</span> <span class='ocrx_word' id='word_1_457' title='bbox 1911 4582 2012 4649; x_wconf 73' lang='grc' dir='ltr'>τὴν</span> 
     </span>
    </p>
   </div>
   <div class='ocr_carea' id='block_1_65' title="bbox 2095 1991 3748 2066">
    <p class='ocr_par' dir='ltr' id='par_1_65' title="bbox 2095 1991 3748 2066">
     <span class='ocr_line' id='line_1_65' title="bbox 2095 1991 3748 2066; baseline 0.004 -22"><span class='ocrx_word' id='word_1_458' title='bbox 2095 1992 2247 2062; x_wconf 87' lang='lat' dir='ltr'>quod</span> <span class='ocrx_word' id='word_1_459' title='bbox 2303 1991 2732 2045; x_wconf 76' lang='lat' dir='ltr'>benefactorem</span> <span class='ocrx_word' id='word_1_460' title='bbox 2802 1992 3213 2056; x_wconf 73' lang='lat' dir='ltr'>condemnant,</span> <span class='ocrx_word' id='word_1_461' title='bbox 3268 1992 3748 2066; x_wconf 87' lang='lat' dir='ltr'>homicidamque</span> 
     </span>
    </p>
   </div>
   <div class='ocr_carea' id='block_1_66' title="bbox 2097 2080 3752 2151">
    <p class='ocr_par' dir='ltr' id='par_1_66' title="bbox 2097 2080 3752 2151">
     <span class='ocr_line' id='line_1_66' title="bbox 2097 2080 3752 2151; baseline 0.002 -17"><span class='ocrx_word' id='word_1_462' title='bbox 2097 2080 2175 2134; x_wconf 91' lang='lat' dir='ltr'>illi</span> <span class='ocrx_word' id='word_1_463' title='bbox 2213 2085 2572 2150; x_wconf 86' lang='lat' dir='ltr'>anteponant</span> <span class='ocrx_word' id='word_1_464' title='bbox 2605 2098 2618 2145; x_wconf 89' lang='lat'><strong>;</strong></span> <span class='ocrx_word' id='word_1_465' title='bbox 2653 2081 2750 2134; x_wconf 86' lang='lat' dir='ltr'>sed</span> <span class='ocrx_word' id='word_1_466' title='bbox 2789 2081 2982 2151; x_wconf 87' lang='lat' dir='ltr'>potius</span> <span class='ocrx_word' id='word_1_467' title='bbox 3035 2081 3429 2137; x_wconf 80' lang='lat' dir='ltr'>animadverte</span> <span class='ocrx_word' id='word_1_468' title='bbox 3473 2084 3752 2138; x_wconf 88' lang='lat' dir='ltr'>condem-</span> 
     </span>
    </p>
   </div>
   <div class='ocr_carea' id='block_1_67' title="bbox 2095 2168 3751 2246">
    <p class='ocr_par' dir='ltr' id='par_1_67' title="bbox 2095 2168 3751 2246">
     <span class='ocr_line' id='line_1_67' title="bbox 2095 2168 3751 2246; baseline 0.005 -24"><span class='ocrx_word' id='word_1_469' title='bbox 2095 2169 2350 2223; x_wconf 86' lang='lat' dir='ltr'>natiouis</span> <span class='ocrx_word' id='word_1_470' title='bbox 2385 2168 2640 2236; x_wconf 83' lang='lat' dir='ltr'>initium,</span> <span class='ocrx_word' id='word_1_471' title='bbox 2676 2169 3086 2224; x_wconf 85' lang='lat' dir='ltr'>damnatorum</span> <span class='ocrx_word' id='word_1_472' title='bbox 3118 2170 3483 2246; x_wconf 32' lang='lat' dir='ltr'>liberatiou‘is</span> <span class='ocrx_word' id='word_1_473' title='bbox 3515 2172 3751 2230; x_wconf 90' lang='lat' dir='ltr'>initium</span> 
     </span>
    </p>
   </div>
   <div class='ocr_carea' id='block_1_68' title="bbox 2095 2258 3750 2329">
    <p class='ocr_par' dir='ltr' id='par_1_68' title="bbox 2095 2258 3750 2329">
     <span class='ocr_line' id='line_1_68' title="bbox 2095 2258 3750 2329; baseline 0.004 -16"><span class='ocrx_word' id='word_1_474' title='bbox 2095 2259 2293 2313; x_wconf 82' lang='lat' dir='ltr'>fuisse.</span> <span class='ocrx_word' id='word_1_475' title='bbox 2328 2258 2612 2320; x_wconf 89' lang='lat' dir='ltr'>Quoniam</span> <span class='ocrx_word' id='word_1_476' title='bbox 2653 2259 2750 2329; x_wconf 89' lang='lat' dir='ltr'>qui</span> <span class='ocrx_word' id='word_1_477' title='bbox 2803 2277 3032 2313; x_wconf 85' lang='lat' dir='ltr'>reorum</span> <span class='ocrx_word' id='word_1_478' title='bbox 3086 2260 3526 2316; x_wconf 82' lang='lat' dir='ltr'>damnationem</span> <span class='ocrx_word' id='word_1_479' title='bbox 3579 2263 3636 2315; x_wconf 90' lang='lat' dir='ltr'>in</span> <span class='ocrx_word' id='word_1_480' title='bbox 3685 2280 3750 2319; x_wconf 87' lang='lat' dir='ltr'>se</span> 
     </span>
    </p>
   </div>
   <div class='ocr_carea' id='block_1_69' title="bbox 2094 2345 3748 2420">
    <p class='ocr_par' dir='ltr' id='par_1_69' title="bbox 2094 2345 3748 2420">
     <span class='ocr_line' id='line_1_69' title="bbox 2094 2345 3748 2420; baseline 0.004 -20"><span class='ocrx_word' id='word_1_481' title='bbox 2094 2347 2370 2418; x_wconf 88' lang='lat' dir='ltr'>suscepit,</span> <span class='ocrx_word' id='word_1_482' title='bbox 2394 2347 2522 2416; x_wconf 86' lang='lat' dir='ltr'>jure</span> <span class='ocrx_word' id='word_1_483' title='bbox 2555 2345 2815 2400; x_wconf 86' lang='lat' dir='ltr'>vivorum</span> <span class='ocrx_word' id='word_1_484' title='bbox 2849 2348 3023 2401; x_wconf 89' lang='lat' dir='ltr'>simul</span> <span class='ocrx_word' id='word_1_485' title='bbox 3076 2353 3130 2402; x_wconf 87' lang='lat' dir='ltr'>et</span> <span class='ocrx_word' id='word_1_486' title='bbox 3175 2353 3538 2404; x_wconf 90' lang='lat' dir='ltr'>mortuorum</span> <span class='ocrx_word' id='word_1_487' title='bbox 3564 2351 3748 2420; x_wconf 81' lang='lat' dir='ltr'>judex</span> 
     </span>
    </p>
   </div>
   <div class='ocr_carea' id='block_1_70' title="bbox 2094 2434 3746 2509">
    <p class='ocr_par' dir='ltr' id='par_1_70' title="bbox 2094 2434 3746 2509">
     <span class='ocr_line' id='line_1_70' title="bbox 2094 2434 3746 2509; baseline 0.004 -19"><span class='ocrx_word' id='word_1_488' title='bbox 2094 2435 2422 2490; x_wconf 85' lang='lat' dir='ltr'>declaratur</span> <span class='ocrx_word' id='word_1_489' title='bbox 2454 2452 2471 2488; x_wconf 91' lang='lat'><em>:</em></span> <span class='ocrx_word' id='word_1_490' title='bbox 2508 2458 2532 2484; x_wconf 83' lang='lat'><strong>«</strong></span> <span class='ocrx_word' id='word_1_491' title='bbox 2567 2434 2644 2489; x_wconf 86' lang='lat' dir='ltr'>Eo</span> <span class='ocrx_word' id='word_1_492' title='bbox 2679 2436 2831 2505; x_wconf 84' lang='lat' dir='ltr'>quod</span> <span class='ocrx_word' id='word_1_493' title='bbox 2868 2437 3072 2490; x_wconf 82' lang='lat' dir='ltr'>statuit</span> <span class='ocrx_word' id='word_1_494' title='bbox 3105 2437 3348 2502; x_wconf 90' lang='lat' dir='ltr'>diem,in</span> <span class='ocrx_word' id='word_1_495' title='bbox 3381 2439 3746 2509; x_wconf 89' lang='lat' dir='ltr'>quojudica-</span> 
     </span>
    </p>
   </div>
   <div class='ocr_carea' id='block_1_71' title="bbox 2095 2523 3744 2600">
    <p class='ocr_par' dir='ltr' id='par_1_71' title="bbox 2095 2523 3744 2600">
     <span class='ocr_line' id='line_1_71' title="bbox 2095 2523 3744 2600; baseline 0.004 -21"><span class='ocrx_word' id='word_1_496' title='bbox 2095 2528 2262 2579; x_wconf 91' lang='lat' dir='ltr'>turus</span> <span class='ocrx_word' id='word_1_497' title='bbox 2294 2527 2384 2578; x_wconf 89' lang='lat' dir='ltr'>est</span> <span class='ocrx_word' id='word_1_498' title='bbox 2414 2523 2568 2577; x_wconf 90' lang='lat' dir='ltr'>Deus</span> <span class='ocrx_word' id='word_1_499' title='bbox 2618 2525 2818 2578; x_wconf 87' lang='lat' dir='ltr'>orbem</span> <span class='ocrx_word' id='word_1_500' title='bbox 2853 2525 2909 2578; x_wconf 90' lang='lat' dir='ltr'>iu</span> <span class='ocrx_word' id='word_1_501' title='bbox 2947 2525 3206 2594; x_wconf 85' lang='lat' dir='ltr'>justitia,</span> <span class='ocrx_word' id='word_1_502' title='bbox 3258 2526 3315 2580; x_wconf 89' lang='lat' dir='ltr'>in</span> <span class='ocrx_word' id='word_1_503' title='bbox 3351 2527 3473 2582; x_wconf 89' lang='lat' dir='ltr'>viro</span> <span class='ocrx_word' id='word_1_504' title='bbox 3524 2527 3584 2582; x_wconf 94' lang='lat' dir='ltr'>in</span> <span class='ocrx_word' id='word_1_505' title='bbox 3628 2545 3744 2600; x_wconf 88' lang='lat' dir='ltr'>quo</span> 
     </span>
    </p>
   </div>
   <div class='ocr_carea' id='block_1_72' title="bbox 2094 2614 3739 2686">
    <p class='ocr_par' dir='ltr' id='par_1_72' title="bbox 2094 2614 3739 2686">
     <span class='ocr_line' id='line_1_72' title="bbox 2094 2614 3739 2686; baseline 0.004 -17"><span class='ocrx_word' id='word_1_506' title='bbox 2094 2615 2303 2670; x_wconf 89' lang='lat' dir='ltr'>statuit</span> <span class='ocrx_word' id='word_1_507' title='bbox 2321 2614 2676 2674; x_wconf 80' lang='lat' dir='ltr'>Deus,fidem</span> <span class='ocrx_word' id='word_1_508' title='bbox 2704 2616 2967 2686; x_wconf 65' lang='lat' dir='ltr'>praebens</span> <span class='ocrx_word' id='word_1_509' title='bbox 2982 2616 3582 2683; x_wconf 81' lang='lat' dir='ltr'>omnibus,suscitaus</span> <span class='ocrx_word' id='word_1_510' title='bbox 3603 2638 3739 2678; x_wconf 90' lang='lat' dir='ltr'>eum</span> 
     </span>
    </p>
   </div>
   <div class='ocr_carea' id='block_1_73' title="bbox 2093 2703 3744 2776">
    <p class='ocr_par' dir='ltr' id='par_1_73' title="bbox 2093 2703 3744 2776">
     <span class='ocr_line' id='line_1_73' title="bbox 2093 2703 3744 2776; baseline 0.004 -17"><span class='ocrx_word' id='word_1_511' title='bbox 2093 2723 2125 2759; x_wconf 88' lang='lat' dir='ltr'>a</span> <span class='ocrx_word' id='word_1_512' title='bbox 2157 2703 2400 2760; x_wconf 88' lang='lat' dir='ltr'>mortuis</span> <span class='ocrx_word' id='word_1_513' title='bbox 2446 2703 2515 2758; x_wconf 80' lang='grc'>⁸³.</span> <span class='ocrx_word' id='word_1_514' title='bbox 2571 2727 2598 2752; x_wconf 90' lang='grc'>››</span> <span class='ocrx_word' id='word_1_515' title='bbox 2646 2703 2827 2759; x_wconf 68' lang='grc' dir='ltr'>δι]όωὶ</span> <span class='ocrx_word' id='word_1_516' title='bbox 2881 2722 3052 2776; x_wconf 92' lang='lat' dir='ltr'>porro</span> <span class='ocrx_word' id='word_1_517' title='bbox 3084 2705 3320 2762; x_wconf 82' lang='lat' dir='ltr'>omissis</span> <span class='ocrx_word' id='word_1_518' title='bbox 3371 2707 3502 2763; x_wconf 90' lang='lat' dir='ltr'>aliis</span> <span class='ocrx_word' id='word_1_519' title='bbox 3534 2709 3744 2767; x_wconf 88' lang='lat' dir='ltr'>mortis</span> 
     </span>
    </p>
   </div>
   <div class='ocr_carea' id='block_1_74' title="bbox 2093 2794 3746 2867">
    <p class='ocr_par' dir='ltr' id='par_1_74' title="bbox 2093 2794 3746 2867">
     <span class='ocr_line' id='line_1_74' title="bbox 2093 2794 3746 2867; baseline 0.004 -18"><span class='ocrx_word' id='word_1_520' title='bbox 2093 2795 2428 2865; x_wconf 88' lang='lat' dir='ltr'>generibus,</span> <span class='ocrx_word' id='word_1_521' title='bbox 2463 2811 2694 2849; x_wconf 86' lang='lat' dir='ltr'>crucem</span> <span class='ocrx_word' id='word_1_522' title='bbox 2722 2794 3042 2865; x_wconf 87' lang='lat' dir='ltr'>elegerunt,</span> <span class='ocrx_word' id='word_1_523' title='bbox 3078 2812 3195 2850; x_wconf 87' lang='lat' dir='ltr'>una</span> <span class='ocrx_word' id='word_1_524' title='bbox 3225 2797 3520 2867; x_wconf 88' lang='lat' dir='ltr'>supplicii,</span> <span class='ocrx_word' id='word_1_525' title='bbox 3553 2815 3619 2853; x_wconf 89' lang='lat' dir='ltr'>ac</span> <span class='ocrx_word' id='word_1_526' title='bbox 3650 2800 3746 2855; x_wconf 89' lang='lat' dir='ltr'>de-</span> 
     </span>
    </p>
   </div>
   <div class='ocr_carea' id='block_1_75' title="bbox 2093 2883 3743 2955">
    <p class='ocr_par' dir='ltr' id='par_1_75' title="bbox 2093 2883 3743 2955">
     <span class='ocr_line' id='line_1_75' title="bbox 2093 2883 3743 2955; baseline 0.004 -17"><span class='ocrx_word' id='word_1_527' title='bbox 2093 2883 2320 2938; x_wconf 90' lang='lat' dir='ltr'>decoris</span> <span class='ocrx_word' id='word_1_528' title='bbox 2346 2884 2736 2939; x_wconf 88' lang='lat' dir='ltr'>instrumento</span> <span class='ocrx_word' id='word_1_529' title='bbox 2768 2884 3089 2955; x_wconf 82' lang='lat' dir='ltr'>excogitato</span> <span class='ocrx_word' id='word_1_530' title='bbox 3125 2902 3136 2938; x_wconf 92' lang='lat'><strong>:</strong></span> <span class='ocrx_word' id='word_1_531' title='bbox 3171 2890 3227 2938; x_wconf 89' lang='lat' dir='ltr'>et</span> <span class='ocrx_word' id='word_1_532' title='bbox 3258 2886 3632 2943; x_wconf 90' lang='lat' dir='ltr'>maledictum</span> <span class='ocrx_word' id='word_1_533' title='bbox 3663 2889 3743 2944; x_wconf 87' lang='lat' dir='ltr'>le-</span> 
     </span>
    </p>
   </div>
   <div class='ocr_carea' id='block_1_76' title="bbox 2093 2972 3745 3046">
    <p class='ocr_par' dir='ltr' id='par_1_76' title="bbox 2093 2972 3745 3046">
     <span class='ocr_line' id='line_1_76' title="bbox 2093 2972 3745 3046; baseline 0.004 -19"><span class='ocrx_word' id='word_1_534' title='bbox 2093 2975 2203 3045; x_wconf 87' lang='lat' dir='ltr'>gis,</span> <span class='ocrx_word' id='word_1_535' title='bbox 2239 2973 2411 3027; x_wconf 89' lang='lat' dir='ltr'>morti</span> <span class='ocrx_word' id='word_1_536' title='bbox 2445 2990 2547 3044; x_wconf 88' lang='lat' dir='ltr'>per</span> <span class='ocrx_word' id='word_1_537' title='bbox 2578 2973 2802 3044; x_wconf 85' lang='lat' dir='ltr'>lignum</span> <span class='ocrx_word' id='word_1_538' title='bbox 2827 2972 2999 3026; x_wconf 69' lang='lat' dir='ltr'>illatas</span> <span class='ocrx_word' id='word_1_539' title='bbox 3031 2975 3535 3046; x_wconf 87' lang='lat' dir='ltr'>conjungunt,rati</span> <span class='ocrx_word' id='word_1_540' title='bbox 3569 2993 3629 3032; x_wconf 87' lang='lat' dir='ltr'>se</span> <span class='ocrx_word' id='word_1_541' title='bbox 3662 2977 3745 3034; x_wconf 88' lang='lat' dir='ltr'>ita</span> 
     </span>
    </p>
   </div>
   <div class='ocr_carea' id='block_1_77' title="bbox 2092 3061 3745 3137">
    <p class='ocr_par' dir='ltr' id='par_1_77' title="bbox 2092 3061 3745 3137">
     <span class='ocr_line' id='line_1_77' title="bbox 2092 3061 3745 3137; baseline 0.004 -21"><span class='ocrx_word' id='word_1_542' title='bbox 2092 3065 2435 3134; x_wconf 84' lang='lat' dir='ltr'>gravitatem</span> <span class='ocrx_word' id='word_1_543' title='bbox 2488 3061 2693 3118; x_wconf 88' lang='lat' dir='ltr'>mortis</span> <span class='ocrx_word' id='word_1_544' title='bbox 2742 3079 2974 3132; x_wconf 86' lang='lat' dir='ltr'>augere.</span> <span class='ocrx_word' id='word_1_545' title='bbox 3041 3062 3394 3133; x_wconf 85' lang='lat' dir='ltr'>Ignorabant</span> <span class='ocrx_word' id='word_1_546' title='bbox 3454 3081 3624 3137; x_wconf 89' lang='lat' dir='ltr'>porro</span> <span class='ocrx_word' id='word_1_547' title='bbox 3681 3083 3745 3123; x_wconf 88' lang='lat' dir='ltr'>se</span> 
     </span>
    </p>
   </div>
   <div class='ocr_carea' id='block_1_78' title="bbox 2094 3151 3743 3224">
    <p class='ocr_par' dir='ltr' id='par_1_78' title="bbox 2094 3151 3743 3224">
     <span class='ocr_line' id='line_1_78' title="bbox 2094 3151 3743 3224; baseline 0.003 -17"><span class='ocrx_word' id='word_1_548' title='bbox 2094 3169 2321 3207; x_wconf 86' lang='lat' dir='ltr'>crucem</span> <span class='ocrx_word' id='word_1_549' title='bbox 2359 3152 2415 3206; x_wconf 94' lang='lat' dir='ltr'>in</span> <span class='ocrx_word' id='word_1_550' title='bbox 2451 3151 2771 3224; x_wconf 83' lang='lat' dir='ltr'>gloriosum</span> <span class='ocrx_word' id='word_1_551' title='bbox 2802 3151 3050 3206; x_wconf 71' lang='lat' dir='ltr'>victoriae</span> <span class='ocrx_word' id='word_1_552' title='bbox 3073 3153 3404 3222; x_wconf 87' lang='lat' dir='ltr'>symbolum</span> <span class='ocrx_word' id='word_1_553' title='bbox 3438 3155 3743 3213; x_wconf 86' lang='lat' dir='ltr'>adornare:</span> 
     </span>
    </p>
   </div>
   <div class='ocr_carea' id='block_1_79' title="bbox 2033 3240 3744 3328">
    <p class='ocr_par' dir='ltr' id='par_1_79' title="bbox 2033 3240 3744 3328">
     <span class='ocr_line' id='line_1_79' title="bbox 2033 3240 3744 3328; baseline 0.002 -32"><span class='ocrx_word' id='word_1_554' title='bbox 2033 3304 2056 3328; x_wconf 52' lang='grc' dir='ltr'><strong>Ἰ</strong></span> <span class='ocrx_word' id='word_1_555' title='bbox 2095 3257 2281 3312; x_wconf 87' lang='lat' dir='ltr'>neque</span> <span class='ocrx_word' id='word_1_556' title='bbox 2329 3241 2423 3296; x_wconf 87' lang='lat' dir='ltr'>his</span> <span class='ocrx_word' id='word_1_557' title='bbox 2475 3241 2756 3310; x_wconf 89' lang='lat' dir='ltr'>contenti,</span> <span class='ocrx_word' id='word_1_558' title='bbox 2808 3240 3013 3296; x_wconf 91' lang='lat' dir='ltr'>mortis</span> <span class='ocrx_word' id='word_1_559' title='bbox 3061 3241 3189 3311; x_wconf 82' lang='lat' dir='ltr'>ejus</span> <span class='ocrx_word' id='word_1_560' title='bbox 3235 3248 3534 3298; x_wconf 88' lang='lat' dir='ltr'>consortes</span> <span class='ocrx_word' id='word_1_561' title='bbox 3567 3244 3744 3300; x_wconf 87' lang='lat' dir='ltr'>etiam</span> 
     </span>
    </p>
   </div>
   <div class='ocr_carea' id='block_1_80' title="bbox 2097 3329 3746 3401">
    <p class='ocr_par' dir='ltr' id='par_1_80' title="bbox 2097 3329 3746 3401">
     <span class='ocr_line' id='line_1_80' title="bbox 2097 3329 3746 3401; baseline 0.002 -15"><span class='ocrx_word' id='word_1_562' title='bbox 2097 3330 2352 3386; x_wconf 85' lang='lat' dir='ltr'>latrones</span> <span class='ocrx_word' id='word_1_563' title='bbox 2401 3345 2529 3385; x_wconf 89' lang='lat' dir='ltr'>esse</span> <span class='ocrx_word' id='word_1_564' title='bbox 2579 3329 2962 3400; x_wconf 89' lang='lat' dir='ltr'>compellunt,</span> <span class='ocrx_word' id='word_1_565' title='bbox 3011 3334 3073 3384; x_wconf 92' lang='lat' dir='ltr'>ut</span> <span class='ocrx_word' id='word_1_566' title='bbox 3106 3331 3310 3385; x_wconf 91' lang='lat' dir='ltr'>mortis</span> <span class='ocrx_word' id='word_1_567' title='bbox 3359 3333 3746 3401; x_wconf 79' lang='lat' dir='ltr'>consortium,</span> 
     </span>
    </p>
   </div>
   <div class='ocr_carea' id='block_1_81' title="bbox 2098 3419 3748 3492">
    <p class='ocr_par' dir='ltr' id='par_1_81' title="bbox 2098 3419 3748 3492">
     <span class='ocr_line' id='line_1_81' title="bbox 2098 3419 3748 3492; baseline 0.002 -17"><span class='ocrx_word' id='word_1_568' title='bbox 2098 3420 2275 3475; x_wconf 86' lang='lat' dir='ltr'>exitui</span> <span class='ocrx_word' id='word_1_569' title='bbox 2309 3421 2437 3490; x_wconf 86' lang='lat' dir='ltr'>ejus</span> <span class='ocrx_word' id='word_1_570' title='bbox 2471 3419 2738 3474; x_wconf 89' lang='lat' dir='ltr'>dedecori</span> <span class='ocrx_word' id='word_1_571' title='bbox 2759 3435 2888 3474; x_wconf 88' lang='lat' dir='ltr'>esse</span> <span class='ocrx_word' id='word_1_572' title='bbox 2946 3419 3292 3490; x_wconf 86' lang='lat' dir='ltr'>ignorabant</span> <span class='ocrx_word' id='word_1_573' title='bbox 3323 3437 3494 3492; x_wconf 92' lang='lat' dir='ltr'>porro</span> <span class='ocrx_word' id='word_1_574' title='bbox 3525 3437 3583 3477; x_wconf 81' lang='lat' dir='ltr'>se</span> <span class='ocrx_word' id='word_1_575' title='bbox 3613 3439 3748 3477; x_wconf 90' lang='lat' dir='ltr'>cum</span> 
     </span>
    </p>
   </div>
   <div class='ocr_carea' id='block_1_82' title="bbox 2101 3507 3747 3584">
    <p class='ocr_par' dir='ltr' id='par_1_82' title="bbox 2101 3507 3747 3584">
     <span class='ocr_line' id='line_1_82' title="bbox 2101 3507 3747 3584; baseline 0.001 -21"><span class='ocrx_word' id='word_1_576' title='bbox 2101 3509 2330 3564; x_wconf 86' lang='lat' dir='ltr'>Christo</span> <span class='ocrx_word' id='word_1_577' title='bbox 2373 3508 2657 3564; x_wconf 78' lang='lat' dir='ltr'>latronem</span> <span class='ocrx_word' id='word_1_578' title='bbox 2718 3507 3146 3579; x_wconf 79' lang='lat' dir='ltr'>crucitigentes,</span> <span class='ocrx_word' id='word_1_579' title='bbox 3193 3525 3518 3581; x_wconf 73' lang='lat' dir='ltr'>praeconem</span> <span class='ocrx_word' id='word_1_580' title='bbox 3583 3512 3747 3584; x_wconf 83' lang='lat' dir='ltr'>regni</span> 
     </span>
    </p>
   </div>
   <div class='ocr_carea' id='block_1_83' title="bbox 2101 3597 3750 3670">
    <p class='ocr_par' dir='ltr' id='par_1_83' title="bbox 2101 3597 3750 3670">
     <span class='ocr_line' id='line_1_83' title="bbox 2101 3597 3750 3670; baseline 0.002 -17"><span class='ocrx_word' id='word_1_581' title='bbox 2101 3598 2261 3654; x_wconf 89' lang='lat' dir='ltr'>illius</span> <span class='ocrx_word' id='word_1_582' title='bbox 2313 3598 2411 3670; x_wconf 90' lang='lat' dir='ltr'>qui</span> <span class='ocrx_word' id='word_1_583' title='bbox 2461 3597 2912 3668; x_wconf 80' lang='lat' dir='ltr'>crucitigebatur</span> <span class='ocrx_word' id='word_1_584' title='bbox 2961 3599 3316 3654; x_wconf 85' lang='lat' dir='ltr'>constituere</span> <span class='ocrx_word' id='word_1_585' title='bbox 3351 3618 3362 3654; x_wconf 89' lang='lat'>:</span> <span class='ocrx_word' id='word_1_586' title='bbox 3397 3623 3422 3649; x_wconf 87' lang='grc'>‹‹</span> <span class='ocrx_word' id='word_1_587' title='bbox 3464 3601 3750 3657; x_wconf 89' lang='lat' dir='ltr'>Memento</span> 
     </span>
    </p>
   </div>
   <div class='ocr_carea' id='block_1_84' title="bbox 2109 3688 3752 3760">
    <p class='ocr_par' dir='ltr' id='par_1_84' title="bbox 2109 3688 3752 3760">
     <span class='ocr_line' id='line_1_84' title="bbox 2109 3688 3752 3760; baseline -0.002 -16"><span class='ocrx_word' id='word_1_588' title='bbox 2109 3689 2240 3754; x_wconf 89' lang='lat' dir='ltr'>mei,</span> <span class='ocrx_word' id='word_1_589' title='bbox 2276 3689 2538 3756; x_wconf 88' lang='lat' dir='ltr'>Domine,</span> <span class='ocrx_word' id='word_1_590' title='bbox 2575 3689 2713 3741; x_wconf 82' lang='lat' dir='ltr'>dum</span> <span class='ocrx_word' id='word_1_591' title='bbox 2747 3688 2970 3742; x_wconf 76' lang='lat' dir='ltr'>veneris</span> <span class='ocrx_word' id='word_1_592' title='bbox 3019 3688 3076 3742; x_wconf 92' lang='lat' dir='ltr'>in</span> <span class='ocrx_word' id='word_1_593' title='bbox 3129 3705 3374 3760; x_wconf 72' lang='lat' dir='ltr'>regnum</span> <span class='ocrx_word' id='word_1_594' title='bbox 3425 3694 3593 3745; x_wconf 89' lang='lat' dir='ltr'>tuum</span> <span class='ocrx_word' id='word_1_595' title='bbox 3623 3691 3690 3745; x_wconf 67' lang='lat'>3&quot;.</span> <span class='ocrx_word' id='word_1_596' title='bbox 3723 3711 3752 3741; x_wconf 86' lang='grc'>››</span> 
     </span>
    </p>
   </div>
   <div class='ocr_carea' id='block_1_85' title="bbox 2108 3777 3758 3850">
    <p class='ocr_par' dir='ltr' id='par_1_85' title="bbox 2108 3777 3758 3850">
     <span class='ocr_line' id='line_1_85' title="bbox 2108 3777 3758 3850; baseline 0.001 -16"><span class='ocrx_word' id='word_1_597' title='bbox 2108 3780 2414 3849; x_wconf 90' lang='lat' dir='ltr'>Tanquam</span> <span class='ocrx_word' id='word_1_598' title='bbox 2450 3778 2594 3832; x_wconf 89' lang='lat' dir='ltr'>latro</span> <span class='ocrx_word' id='word_1_599' title='bbox 2625 3778 2779 3832; x_wconf 88' lang='lat' dir='ltr'>cruci</span> <span class='ocrx_word' id='word_1_600' title='bbox 2815 3777 3024 3832; x_wconf 76' lang='lat' dir='ltr'>afﬁxus</span> <span class='ocrx_word' id='word_1_601' title='bbox 3056 3783 3200 3844; x_wconf 89' lang='lat' dir='ltr'>es,et</span> <span class='ocrx_word' id='word_1_602' title='bbox 3230 3778 3594 3850; x_wconf 71' lang='lat' dir='ltr'>evangelista:</span> <span class='ocrx_word' id='word_1_603' title='bbox 3628 3798 3758 3836; x_wconf 85' lang='lat' dir='ltr'>mu-</span> 
     </span>
    </p>
   </div>
   <div class='ocr_carea' id='block_1_86' title="bbox 2111 3865 3757 3938">
    <p class='ocr_par' dir='ltr' id='par_1_86' title="bbox 2111 3865 3757 3938">
     <span class='ocr_line' id='line_1_86' title="bbox 2111 3865 3757 3938; baseline 0.002 -16"><span class='ocrx_word' id='word_1_604' title='bbox 2111 3885 2223 3922; x_wconf 89' lang='lat' dir='ltr'>nus</span> <span class='ocrx_word' id='word_1_605' title='bbox 2253 3866 2492 3922; x_wconf 87' lang='lat' dir='ltr'>exhibes</span> <span class='ocrx_word' id='word_1_606' title='bbox 2515 3865 2543 3920; x_wconf 83' lang='lat'><strong><em>?</em></strong></span> <span class='ocrx_word' id='word_1_607' title='bbox 2574 3865 2645 3921; x_wconf 89' lang='lat' dir='ltr'>Ut</span> <span class='ocrx_word' id='word_1_608' title='bbox 2678 3881 2871 3937; x_wconf 83' lang='lat' dir='ltr'>regem</span> <span class='ocrx_word' id='word_1_609' title='bbox 2907 3865 3158 3922; x_wconf 86' lang='lat' dir='ltr'>honoras</span> <span class='ocrx_word' id='word_1_610' title='bbox 3183 3883 3339 3935; x_wconf 90' lang='lat' dir='ltr'>eum,</span> <span class='ocrx_word' id='word_1_611' title='bbox 3366 3885 3542 3938; x_wconf 90' lang='lat' dir='ltr'>quem</span> <span class='ocrx_word' id='word_1_612' title='bbox 3579 3873 3641 3924; x_wconf 92' lang='lat' dir='ltr'>ut</span> <span class='ocrx_word' id='word_1_613' title='bbox 3670 3870 3757 3925; x_wconf 90' lang='lat' dir='ltr'>in-</span> 
     </span>
    </p>
   </div>
   <div class='ocr_carea' id='block_1_87' title="bbox 2109 3954 3765 4027">
    <p class='ocr_par' dir='ltr' id='par_1_87' title="bbox 2109 3954 3765 4027">
     <span class='ocr_line' id='line_1_87' title="bbox 2109 3954 3765 4027; baseline 0.002 -17"><span class='ocrx_word' id='word_1_614' title='bbox 2109 3955 2428 4011; x_wconf 87' lang='lat' dir='ltr'>honorarcs</span> <span class='ocrx_word' id='word_1_615' title='bbox 2457 3954 2815 4010; x_wconf 86' lang='lat' dir='ltr'>constitutus</span> <span class='ocrx_word' id='word_1_616' title='bbox 2852 3955 3086 4012; x_wconf 77' lang='lat' dir='ltr'>fueras?</span> <span class='ocrx_word' id='word_1_617' title='bbox 3116 3977 3135 4004; x_wconf 71' lang='grc' dir='ltr'><em>α</em></span> <span class='ocrx_word' id='word_1_618' title='bbox 3173 3955 3462 4012; x_wconf 87' lang='lat' dir='ltr'>Memento</span> <span class='ocrx_word' id='word_1_619' title='bbox 3498 3959 3631 4027; x_wconf 87' lang='lat' dir='ltr'>mei,</span> <span class='ocrx_word' id='word_1_620' title='bbox 3656 3957 3765 4013; x_wconf 93' lang='lat' dir='ltr'>Do-</span> 
     </span>
    </p>
   </div>
   <div class='ocr_carea' id='block_1_88' title="bbox 2113 4045 3766 4118">
    <p class='ocr_par' dir='ltr' id='par_1_88' title="bbox 2113 4045 3766 4118">
     <span class='ocr_line' id='line_1_88' title="bbox 2113 4045 3766 4118; baseline 0.003 -19"><span class='ocrx_word' id='word_1_621' title='bbox 2113 4046 2288 4111; x_wconf 89' lang='lat' dir='ltr'>mine,</span> <span class='ocrx_word' id='word_1_622' title='bbox 2324 4046 2460 4100; x_wconf 89' lang='lat' dir='ltr'>dum</span> <span class='ocrx_word' id='word_1_623' title='bbox 2495 4045 2724 4099; x_wconf 88' lang='lat' dir='ltr'>veneris</span> <span class='ocrx_word' id='word_1_624' title='bbox 2754 4045 2813 4098; x_wconf 91' lang='lat' dir='ltr'>in</span> <span class='ocrx_word' id='word_1_625' title='bbox 2847 4061 3090 4117; x_wconf 86' lang='lat' dir='ltr'>regnum</span> <span class='ocrx_word' id='word_1_626' title='bbox 3125 4050 3318 4100; x_wconf 90' lang='lat' dir='ltr'>tuum.</span> <span class='ocrx_word' id='word_1_627' title='bbox 3357 4068 3384 4096; x_wconf 86' lang='lat'>»</span> <span class='ocrx_word' id='word_1_628' title='bbox 3417 4047 3558 4110; x_wconf 85' lang='lat' dir='ltr'>Quis</span> <span class='ocrx_word' id='word_1_629' title='bbox 3591 4048 3698 4118; x_wconf 88' lang='lat' dir='ltr'>ais,</span> <span class='ocrx_word' id='word_1_630' title='bbox 3732 4066 3766 4104; x_wconf 96' lang='lat' dir='ltr'>o</span> 
     </span>
    </p>
   </div>
   <div class='ocr_carea' id='block_1_89' title="bbox 2113 4134 3768 4205">
    <p class='ocr_par' dir='ltr' id='par_1_89' title="bbox 2113 4134 3768 4205">
     <span class='ocr_line' id='line_1_89' title="bbox 2113 4134 3768 4205; baseline 0.002 -16"><span class='ocrx_word' id='word_1_631' title='bbox 2113 4134 2290 4189; x_wconf 86' lang='lat' dir='ltr'>latro?</span> <span class='ocrx_word' id='word_1_632' title='bbox 2323 4134 2562 4205; x_wconf 89' lang='lat' dir='ltr'>Ignoras</span> <span class='ocrx_word' id='word_1_633' title='bbox 2595 4149 2718 4200; x_wconf 68' lang='lat' dir='ltr'>quae</span> <span class='ocrx_word' id='word_1_634' title='bbox 2743 4137 2862 4188; x_wconf 89' lang='lat' dir='ltr'>tute</span> <span class='ocrx_word' id='word_1_635' title='bbox 2894 4134 3113 4205; x_wconf 87' lang='lat' dir='ltr'>pateris</span> <span class='ocrx_word' id='word_1_636' title='bbox 3137 4135 3164 4188; x_wconf 83' lang='lat'><strong>?</strong></span> <span class='ocrx_word' id='word_1_637' title='bbox 3194 4134 3427 4191; x_wconf 89' lang='lat' dir='ltr'>Oblitus</span> <span class='ocrx_word' id='word_1_638' title='bbox 3452 4141 3542 4192; x_wconf 89' lang='lat' dir='ltr'>est</span> <span class='ocrx_word' id='word_1_639' title='bbox 3574 4137 3768 4193; x_wconf 89' lang='lat' dir='ltr'>clavo-</span> 
     </span>
    </p>
   </div>
   <div class='ocr_carea' id='block_1_90' title="bbox 2114 4221 3770 4296">
    <p class='ocr_par' dir='ltr' id='par_1_90' title="bbox 2114 4221 3770 4296">
     <span class='ocr_line' id='line_1_90' title="bbox 2114 4221 3770 4296; baseline 0.003 -18"><span class='ocrx_word' id='word_1_640' title='bbox 2114 4239 2244 4278; x_wconf 89' lang='lat' dir='ltr'>rum</span> <span class='ocrx_word' id='word_1_641' title='bbox 2277 4227 2333 4278; x_wconf 88' lang='lat' dir='ltr'>et</span> <span class='ocrx_word' id='word_1_642' title='bbox 2365 4239 2478 4276; x_wconf 93' lang='lat' dir='ltr'>non</span> <span class='ocrx_word' id='word_1_643' title='bbox 2514 4221 2696 4277; x_wconf 83' lang='lat' dir='ltr'>sentis</span> <span class='ocrx_word' id='word_1_644' title='bbox 2725 4222 3066 4276; x_wconf 86' lang='lat' dir='ltr'>cruciatus?</span> <span class='ocrx_word' id='word_1_645' title='bbox 3111 4222 3270 4278; x_wconf 86' lang='lat' dir='ltr'>itane</span> <span class='ocrx_word' id='word_1_646' title='bbox 3300 4224 3696 4296; x_wconf 85' lang='lat' dir='ltr'>supplicas.ac</span> <span class='ocrx_word' id='word_1_647' title='bbox 3718 4225 3770 4282; x_wconf 87' lang='lat' dir='ltr'>si</span> 
     </span>
    </p>
   </div>
   <div class='ocr_carea' id='block_1_91' title="bbox 2115 4309 3767 4383">
    <p class='ocr_par' dir='ltr' id='par_1_91' title="bbox 2115 4309 3767 4383">
     <span class='ocr_line' id='line_1_91' title="bbox 2115 4309 3767 4383; baseline 0.002 -17"><span class='ocrx_word' id='word_1_648' title='bbox 2115 4313 2174 4368; x_wconf 92' lang='lat' dir='ltr'>in</span> <span class='ocrx_word' id='word_1_649' title='bbox 2201 4311 2415 4382; x_wconf 84' lang='lat' dir='ltr'>templo</span> <span class='ocrx_word' id='word_1_650' title='bbox 2444 4327 2662 4372; x_wconf 88' lang='lat' dir='ltr'>orares,</span> <span class='ocrx_word' id='word_1_651' title='bbox 2699 4327 2802 4365; x_wconf 88' lang='lat' dir='ltr'>nec</span> <span class='ocrx_word' id='word_1_652' title='bbox 2837 4311 2894 4364; x_wconf 95' lang='lat' dir='ltr'>in</span> <span class='ocrx_word' id='word_1_653' title='bbox 2926 4309 3088 4382; x_wconf 90' lang='lat' dir='ltr'>ligno</span> <span class='ocrx_word' id='word_1_654' title='bbox 3123 4312 3454 4381; x_wconf 82' lang='lat' dir='ltr'>penderes?</span> <span class='ocrx_word' id='word_1_655' title='bbox 3486 4314 3640 4383; x_wconf 88' lang='lat' dir='ltr'>Vidi,</span> <span class='ocrx_word' id='word_1_656' title='bbox 3674 4316 3767 4372; x_wconf 90' lang='lat' dir='ltr'>in-</span> 
     </span>
    </p>
   </div>
   <div class='ocr_carea' id='block_1_92' title="bbox 2119 4399 3776 4474">
    <p class='ocr_par' dir='ltr' id='par_1_92' title="bbox 2119 4399 3776 4474">
     <span class='ocr_line' id='line_1_92' title="bbox 2119 4399 3776 4474; baseline 0.002 -18"><span class='ocrx_word' id='word_1_657' title='bbox 2119 4401 2265 4474; x_wconf 88' lang='lat' dir='ltr'>quit,</span> <span class='ocrx_word' id='word_1_658' title='bbox 2323 4417 2525 4456; x_wconf 87' lang='lat' dir='ltr'>verum</span> <span class='ocrx_word' id='word_1_659' title='bbox 2575 4399 2782 4469; x_wconf 88' lang='lat' dir='ltr'>Deum,</span> <span class='ocrx_word' id='word_1_660' title='bbox 2837 4405 2894 4454; x_wconf 86' lang='lat' dir='ltr'>et</span> <span class='ocrx_word' id='word_1_661' title='bbox 2937 4399 3267 4470; x_wconf 85' lang='lat' dir='ltr'>supplicare</span> <span class='ocrx_word' id='word_1_662' title='bbox 3314 4402 3660 4459; x_wconf 87' lang='lat' dir='ltr'>desideravi.</span> <span class='ocrx_word' id='word_1_663' title='bbox 3692 4405 3776 4460; x_wconf 83' lang='lat' dir='ltr'>Ex</span> 
     </span>
    </p>
   </div>
   <div class='ocr_carea' id='block_1_93' title="bbox 2118 4488 3775 4562">
    <p class='ocr_par' dir='ltr' id='par_1_93' title="bbox 2118 4488 3775 4562">
     <span class='ocr_line' id='line_1_93' title="bbox 2118 4488 3775 4562; baseline 0.001 -16"><span class='ocrx_word' id='word_1_664' title='bbox 2118 4490 2497 4562; x_wconf 89' lang='lat' dir='ltr'>inscriptione</span> <span class='ocrx_word' id='word_1_665' title='bbox 2528 4488 2873 4561; x_wconf 87' lang='lat' dir='ltr'>dignitatem</span> <span class='ocrx_word' id='word_1_666' title='bbox 2909 4488 3137 4560; x_wconf 74' lang='lat' dir='ltr'>agnovi.</span> <span class='ocrx_word' id='word_1_667' title='bbox 3173 4489 3295 4544; x_wconf 88' lang='lat' dir='ltr'>Vidi</span> <span class='ocrx_word' id='word_1_668' title='bbox 3330 4491 3775 4548; x_wconf 87' lang='lat' dir='ltr'>condemnatio-</span> 
     </span>
    </p>
   </div>
   <div class='ocr_carea' id='block_1_94' title="bbox 2121 4578 3773 4650">
    <p class='ocr_par' dir='ltr' id='par_1_94' title="bbox 2121 4578 3773 4650">
     <span class='ocr_line' id='line_1_94' title="bbox 2121 4578 3773 4650; baseline 0.002 -15"><span class='ocrx_word' id='word_1_669' title='bbox 2121 4597 2253 4636; x_wconf 90' lang='lat' dir='ltr'>nem</span> <span class='ocrx_word' id='word_1_670' title='bbox 2286 4596 2526 4648; x_wconf 73' lang='lat' dir='ltr'>regnum</span> <span class='ocrx_word' id='word_1_671' title='bbox 2554 4578 2742 4650; x_wconf 87' lang='lat' dir='ltr'>ipsius</span> <span class='ocrx_word' id='word_1_672' title='bbox 2771 4579 3247 4633; x_wconf 86' lang='lat' dir='ltr'>annuntiantem.</span> <span class='ocrx_word' id='word_1_673' title='bbox 3279 4578 3411 4635; x_wconf 89' lang='lat' dir='ltr'>Vidi</span> <span class='ocrx_word' id='word_1_674' title='bbox 3446 4581 3499 4634; x_wconf 91' lang='lat' dir='ltr'>in</span> <span class='ocrx_word' id='word_1_675' title='bbox 3536 4597 3773 4638; x_wconf 89' lang='lat' dir='ltr'>accusa-</span> 
     </span>
    </p>
   </div>
   <div class='ocr_carea' id='block_1_95' title="bbox 359 4667 1990 4748">
    <p class='ocr_par' dir='ltr' id='par_1_95' title="bbox 359 4667 1990 4748">
     <span class='ocr_line' id='line_1_95' title="bbox 359 4667 1990 4748; baseline -0.001 -23"><span class='ocrx_word' id='word_1_676' title='bbox 359 4670 638 4748; x_wconf 87' lang='grc' dir='ltr'>βασιλείαν</span> <span class='ocrx_word' id='word_1_677' title='bbox 688 4668 1078 4745; x_wconf 84' lang='grc' dir='ltr'>κηρύττουσαν.</span> <span class='ocrx_word' id='word_1_678' title='bbox 1125 4667 1282 4723; x_wconf 71' lang='grc' dir='ltr'>Εἶδον</span> <span class='ocrx_word' id='word_1_679' title='bbox 1329 4670 1380 4724; x_wconf 79' lang='grc' dir='ltr'>ἐν</span> <span class='ocrx_word' id='word_1_680' title='bbox 1429 4673 1498 4743; x_wconf 83' lang='grc' dir='ltr'>τῇ</span> <span class='ocrx_word' id='word_1_681' title='bbox 1557 4671 1862 4746; x_wconf 81' lang='grc' dir='ltr'>κατηγορίᾳ</span> <span class='ocrx_word' id='word_1_682' title='bbox 1893 4667 1990 4724; x_wconf 81' lang='grc' dir='ltr'>δια</span> 
     </span>
    </p>
   </div>
   <div class='ocr_carea' id='block_1_96' title="bbox 2109 4667 3780 4748">
    <p class='ocr_par' dir='ltr' id='par_1_96' title="bbox 2119 4667 3780 4739">
     <span class='ocr_line' id='line_1_96' title="bbox 2119 4667 3780 4739; baseline 0.001 -13"><span class='ocrx_word' id='word_1_683' title='bbox 2119 4671 2273 4726; x_wconf 90' lang='lat' dir='ltr'>tione</span> <span class='ocrx_word' id='word_1_684' title='bbox 2305 4669 2653 4724; x_wconf 87' lang='lat' dir='ltr'>diadematis</span> <span class='ocrx_word' id='word_1_685' title='bbox 2686 4668 2933 4739; x_wconf 83' lang='lat' dir='ltr'>gratiam</span> <span class='ocrx_word' id='word_1_686' title='bbox 2962 4667 3527 4739; x_wconf 79' lang='lat' dir='ltr'>refulgentem.Nam</span> <span class='ocrx_word' id='word_1_687' title='bbox 3568 4671 3780 4727; x_wconf 92' lang='lat' dir='ltr'>sidum</span> 
     </span>
    </p>
   </div>
   <div class='ocr_carea' id='block_1_97' title="bbox 363 4757 2016 4836">
    <p class='ocr_par' dir='ltr' id='par_1_97' title="bbox 363 4757 2016 4836">
     <span class='ocr_line' id='line_1_97' title="bbox 363 4757 2016 4836; baseline -0.002 -21"><span class='ocrx_word' id='word_1_688' title='bbox 363 4758 609 4834; x_wconf 82' lang='grc' dir='ltr'>δήματος</span> <span class='ocrx_word' id='word_1_689' title='bbox 651 4761 814 4836; x_wconf 87' lang='grc' dir='ltr'>χάριν</span> <span class='ocrx_word' id='word_1_690' title='bbox 874 4757 1301 4834; x_wconf 83' lang='grc' dir='ltr'>ἀστράπτουσαν.</span> <span class='ocrx_word' id='word_1_691' title='bbox 1338 4758 1401 4815; x_wconf 83' lang='grc' dir='ltr'>Εἰ</span> <span class='ocrx_word' id='word_1_692' title='bbox 1461 4760 1563 4834; x_wconf 77' lang='grc' dir='ltr'>γάρ</span> <span class='ocrx_word' id='word_1_693' title='bbox 1616 4760 2016 4834; x_wconf 87' lang='grc' dir='ltr'>σταυρούμενος</span> 
     </span>
    </p>
   </div>
   <div class='ocr_carea' id='block_1_98' title="bbox 367 4847 2014 4927">
    <p class='ocr_par' dir='ltr' id='par_1_98' title="bbox 367 4847 2014 4927">
     <span class='ocr_line' id='line_1_98' title="bbox 367 4847 2014 4927; baseline -0.002 -23"><span class='ocrx_word' id='word_1_694' title='bbox 367 4847 664 4927; x_wconf 89' lang='grc' dir='ltr'>βασιλεύει,</span> <span class='ocrx_word' id='word_1_695' title='bbox 696 4849 776 4910; x_wconf 88' lang='grc' dir='ltr'>τίς</span> <span class='ocrx_word' id='word_1_696' title='bbox 822 4848 880 4903; x_wconf 70' lang='grc' dir='ltr'>ἃν</span> <span class='ocrx_word' id='word_1_697' title='bbox 932 4848 1015 4918; x_wconf 72' lang='grc' dir='ltr'>εἴη</span> <span class='ocrx_word' id='word_1_698' title='bbox 1072 4847 1400 4925; x_wconf 74' lang='grc' dir='ltr'>στεφόμενος</span> <span class='ocrx_word' id='word_1_699' title='bbox 1430 4850 1580 4918; x_wconf 72' lang='grc'>(34);</span> <span class='ocrx_word' id='word_1_700' title='bbox 1619 4848 1866 4922; x_wconf 83' lang='grc' dir='ltr'>Γνωρίζει</span> <span class='ocrx_word' id='word_1_701' title='bbox 1913 4850 2014 4917; x_wconf 74' lang='grc' dir='ltr'>τὴν</span> 
     </span>
    </p>
   </div>
   <div class='ocr_carea' id='block_1_99' title="bbox 366 4936 2014 5016">
    <p class='ocr_par' dir='ltr' id='par_1_99' title="bbox 366 4936 2014 5016">
     <span class='ocr_line' id='line_1_99' title="bbox 366 4936 2014 5016; baseline -0.002 -22"><span class='ocrx_word' id='word_1_702' title='bbox 366 4940 643 5016; x_wconf 83' lang='grc' dir='ltr'>βασιΛείαν</span> <span class='ocrx_word' id='word_1_703' title='bbox 695 4942 729 5009; x_wconf 81' lang='grc' dir='ltr'><strong>ἡ</strong></span> <span class='ocrx_word' id='word_1_704' title='bbox 775 4937 969 5000; x_wconf 88' lang='grc' dir='ltr'>κτίσις.</span> <span class='ocrx_word' id='word_1_705' title='bbox 1021 4936 1220 4999; x_wconf 72' lang='grc' dir='ltr'>’Ἥλιος</span> <span class='ocrx_word' id='word_1_706' title='bbox 1281 4936 1681 5012; x_wconf 88' lang='grc' dir='ltr'>σταυρούμενον</span> <span class='ocrx_word' id='word_1_707' title='bbox 1746 4938 1867 5012; x_wconf 83' lang='grc' dir='ltr'>ὁρᾷ,</span> <span class='ocrx_word' id='word_1_708' title='bbox 1925 4938 2014 4991; x_wconf 77' lang='grc' dir='ltr'>καὶ</span> 
     </span>
    </p>
   </div>
   <div class='ocr_carea' id='block_1_100' title="bbox 433 5101 1559 5171">
    <p class='ocr_par' dir='ltr' id='par_1_100' title="bbox 433 5101 1559 5171">
     <span class='ocr_line' id='line_1_100' title="bbox 433 5101 1559 5171; baseline -0.003 -12"><span class='ocrx_word' id='word_1_709' title='bbox 433 5103 481 5139; x_wconf 79' lang='grc'>⁸³</span> <span class='ocrx_word' id='word_1_710' title='bbox 511 5107 636 5159; x_wconf 91' lang='lat' dir='ltr'>Act.</span> <span class='ocrx_word' id='word_1_711' title='bbox 666 5119 828 5171; x_wconf 84' lang='lat' dir='ltr'>xvm,</span> <span class='ocrx_word' id='word_1_712' title='bbox 863 5103 952 5158; x_wconf 83' lang='lat' dir='ltr'>3i.</span> <span class='ocrx_word' id='word_1_713' title='bbox 1029 5103 1074 5137; x_wconf 71' lang='lat'><strong>‘</strong></span> <span class='ocrx_word' id='word_1_714' title='bbox 1105 5101 1240 5157; x_wconf 90' lang='lat' dir='ltr'>Luc.</span> <span class='ocrx_word' id='word_1_715' title='bbox 1273 5117 1439 5169; x_wconf 77' lang='lat' dir='ltr'>xxnr,</span> <span class='ocrx_word' id='word_1_716' title='bbox 1473 5101 1559 5156; x_wconf 78' lang='grc'>42.</span> 
     </span>
    </p>
   </div>
   <div class='ocr_carea' id='block_1_101' title="bbox 442 5340 1769 5428">
    <p class='ocr_par' dir='ltr' id='par_1_101' title="bbox 442 5340 1769 5428">
     <span class='ocr_line' id='line_1_101' title="bbox 442 5340 1769 5428; baseline -0.001 -32"><span class='ocrx_word' id='word_1_717' title='bbox 591 5346 674 5428; x_wconf 68' lang='lat' dir='ltr'>ita</span> <span class='ocrx_word' id='word_1_718' title='bbox 707 5361 853 5398; x_wconf 81' lang='lat' dir='ltr'>mss.</span> <span class='ocrx_word' id='word_1_719' title='bbox 889 5343 1043 5428; x_wconf 50' lang='lat' dir='ltr'>Editi</span> <span class='ocrx_word' id='word_1_720' title='bbox 1077 5359 1230 5411; x_wconf 89' lang='lat' dir='ltr'>vero,</span> <span class='ocrx_word' id='word_1_721' title='bbox 1266 5340 1769 5428; x_wconf 40' lang='grc' dir='ltr'>σωτηρίανηξιιειθ.</span> 
     </span>
    </p>
   </div>
   <div class='ocr_carea' id='block_1_102' title="bbox 443 5407 2025 5485">
    <p class='ocr_par' dir='ltr' id='par_1_102' title="bbox 443 5407 2025 5485">
     <span class='ocr_line' id='line_1_102' title="bbox 443 5407 2025 5485; baseline -0.004 -15"><span class='ocrx_word' id='word_1_722' title='bbox 443 5407 557 5485; x_wconf 82' lang='grc'>(28)</span> <span class='ocrx_word' id='word_1_723' title='bbox 592 5417 676 5470; x_wconf 85' lang='lat' dir='ltr'>lta</span> <span class='ocrx_word' id='word_1_724' title='bbox 707 5433 851 5470; x_wconf 88' lang='lat' dir='ltr'>mss.</span> <span class='ocrx_word' id='word_1_725' title='bbox 888 5416 1034 5485; x_wconf 77' lang='lat' dir='ltr'>Editi</span> <span class='ocrx_word' id='word_1_726' title='bbox 1067 5431 1198 5469; x_wconf 90' lang='lat' dir='ltr'>vero</span> <span class='ocrx_word' id='word_1_727' title='bbox 1218 5407 1336 5480; x_wconf 17' lang='lat' dir='ltr'>tsic,</span> <span class='ocrx_word' id='word_1_728' title='bbox 1370 5407 1524 5483; x_wconf 70' lang='grc' dir='ltr'>δίκην</span> <span class='ocrx_word' id='word_1_729' title='bbox 1549 5407 1762 5474; x_wconf 74' lang='grc' dir='ltr'>ἀδίκως</span> <span class='ocrx_word' id='word_1_730' title='bbox 1796 5407 2025 5484; x_wconf 83' lang='grc' dir='ltr'>δεξάμε-</span> 
     </span>
    </p>
   </div>
   <div class='ocr_carea' id='block_1_103' title="bbox 439 5265 1813 5541">
    <p class='ocr_par' dir='ltr' id='par_1_103' title="bbox 439 5265 1813 5541">
     <span class='ocr_line' id='line_1_103' title="bbox 439 5265 1813 5343; baseline -0.001 -19"><span class='ocrx_word' id='word_1_731' title='bbox 439 5272 532 5343; x_wconf 78' lang='grc'>(26</span> <span class='ocrx_word' id='word_1_732' title='bbox 585 5271 680 5326; x_wconf 85' lang='lat' dir='ltr'>Sic</span> <span class='ocrx_word' id='word_1_733' title='bbox 713 5287 858 5326; x_wconf 89' lang='lat' dir='ltr'>mss.</span> <span class='ocrx_word' id='word_1_734' title='bbox 893 5270 1040 5325; x_wconf 81' lang='lat' dir='ltr'>Editi</span> <span class='ocrx_word' id='word_1_735' title='bbox 1073 5287 1228 5337; x_wconf 87' lang='lat' dir='ltr'>vero,</span> <span class='ocrx_word' id='word_1_736' title='bbox 1265 5273 1409 5338; x_wconf 81' lang='grc' dir='ltr'>ζωῆς</span> <span class='ocrx_word' id='word_1_737' title='bbox 1441 5267 1529 5322; x_wconf 80' lang='grc' dir='ltr'>καὶ</span> <span class='ocrx_word' id='word_1_738' title='bbox 1563 5265 1813 5331; x_wconf 86' lang='grc' dir='ltr'>θανάτου.</span> 
     </span>
     <span class='ocr_line' id='line_1_104' title="bbox 442 5340 1769 5415; baseline -0.002 -18"><span class='ocrx_word' id='word_1_739' title='bbox 442 5345 530 5412; x_wconf 83' lang='lat'>(27</span> <span class='ocrx_word' id='word_1_740' title='bbox 591 5346 674 5399; x_wconf 83' lang='lat' dir='ltr'>ita</span> <span class='ocrx_word' id='word_1_741' title='bbox 707 5361 853 5398; x_wconf 81' lang='lat' dir='ltr'>mss.</span> <span class='ocrx_word' id='word_1_742' title='bbox 895 5343 1043 5396; x_wconf 83' lang='lat' dir='ltr'>Editi</span> <span class='ocrx_word' id='word_1_743' title='bbox 1077 5359 1230 5411; x_wconf 89' lang='lat' dir='ltr'>vero,</span> <span class='ocrx_word' id='word_1_744' title='bbox 1266 5340 1564 5415; x_wconf 83' lang='grc' dir='ltr'>σωτηρίαν,</span> <span class='ocrx_word' id='word_1_745' title='bbox 1601 5340 1769 5395; x_wconf 91' lang='lat' dir='ltr'>male.</span> 
     </span>
     <span class='ocr_line' id='line_1_105' title="bbox 443 5407 1813 5485; baseline -0.004 -15"><span class='ocrx_word' id='word_1_746' title='bbox 443 5418 534 5485; x_wconf 84' lang='lat'>(28</span> <span class='ocrx_word' id='word_1_747' title='bbox 592 5417 676 5470; x_wconf 85' lang='lat' dir='ltr'>lta</span> <span class='ocrx_word' id='word_1_748' title='bbox 707 5433 851 5470; x_wconf 88' lang='lat' dir='ltr'>mss.</span> <span class='ocrx_word' id='word_1_749' title='bbox 888 5416 1033 5469; x_wconf 76' lang='lat' dir='ltr'>Editi</span> <span class='ocrx_word' id='word_1_750' title='bbox 1067 5431 1198 5469; x_wconf 90' lang='lat' dir='ltr'>vero</span> <span class='ocrx_word' id='word_1_751' title='bbox 1231 5413 1336 5480; x_wconf 89' lang='lat' dir='ltr'>sic,</span> <span class='ocrx_word' id='word_1_752' title='bbox 1370 5409 1524 5483; x_wconf 84' lang='grc' dir='ltr'>δίκην</span> <span class='ocrx_word' id='word_1_753' title='bbox 1561 5409 1762 5474; x_wconf 82' lang='grc' dir='ltr'>ἀδίκως</span> <span class='ocrx_word' id='word_1_754' title='bbox 1796 5407 1813 5465; x_wconf 77' lang='grc' dir='ltr'><strong><em>ἓ</em></strong></span> 
     </span>
     <span class='ocr_line' id='line_1_106' title="bbox 439 5483 1352 5541; baseline 0 0"><span class='ocrx_word' id='word_1_755' title='bbox 439 5508 486 5541; x_wconf 83' lang='grc' dir='ltr'>ς.</span> <span class='ocrx_word' id='word_1_756' title='bbox 587 5507 602 5539; x_wconf 91' lang='grc' dir='ltr'>ι</span> <span class='ocrx_word' id='word_1_757' title='bbox 632 5485 722 5540; x_wconf 83' lang='grc' dir='ltr'>καὶ</span> <span class='ocrx_word' id='word_1_758' title='bbox 753 5485 828 5541; x_wconf 83' lang='grc' dir='ltr'>ὡς</span> <span class='ocrx_word' id='word_1_759' title='bbox 861 5489 979 5541; x_wconf 67' lang='lat' dir='ltr'>Cm.</span> <span class='ocrx_word' id='word_1_760' title='bbox 1013 5483 1352 5541; x_wconf 71' lang='grc' dir='ltr'>ἀναφέρεται.</span> 
     </span>
    </p>
   </div>
   <div class='ocr_carea' id='block_1_104' title="bbox 371 5483 1352 5612">
    <p class='ocr_par' dir='ltr' id='par_1_104' title="bbox 371 5483 1352 5612">
     <span class='ocr_line' id='line_1_107' title="bbox 371 5483 1352 5612; baseline 0.002 -73"><span class='ocrx_word' id='word_1_761' title='bbox 371 5483 486 5553; x_wconf 80' lang='grc' dir='ltr'>νος,</span> <span class='ocrx_word' id='word_1_762' title='bbox 517 5483 602 5541; x_wconf 56' lang='grc' dir='ltr'>δτι</span> <span class='ocrx_word' id='word_1_763' title='bbox 632 5485 722 5540; x_wconf 82' lang='grc' dir='ltr'>καὶ</span> <span class='ocrx_word' id='word_1_764' title='bbox 753 5485 828 5546; x_wconf 85' lang='grc' dir='ltr'>ὡς</span> <span class='ocrx_word' id='word_1_765' title='bbox 861 5489 979 5554; x_wconf 85' lang='grc' dir='ltr'>ζ....</span> <span class='ocrx_word' id='word_1_766' title='bbox 1013 5483 1352 5612; x_wconf 61' lang='grc' dir='ltr'>ἀναφέρεται.</span> 
     </span>
     <span class='ocr_line' id='line_1_108' title="bbox 445 5555 1327 5612; baseline 0 0"><span class='ocrx_word' id='word_1_767' title='bbox 445 5559 560 5612; x_wconf 72' lang='grc' dir='ltr'>(29ὶ</span> <span class='ocrx_word' id='word_1_768' title='bbox 592 5558 728 5612; x_wconf 69' lang='lat' dir='ltr'>Rea.</span> <span class='ocrx_word' id='word_1_769' title='bbox 760 5555 1040 5612; x_wconf 71' lang='grc' dir='ltr'>παρέντες.</span> <span class='ocrx_word' id='word_1_770' title='bbox 1074 5557 1174 5612; x_wconf 89' lang='lat' dir='ltr'>Col</span> <span class='ocrx_word' id='word_1_771' title='bbox 1221 5562 1327 5612; x_wconf 84' lang='lat' dir='ltr'>ert.</span> 
     </span>
    </p>
   </div>
   <div class='ocr_carea' id='block_1_105' title="bbox 443 5553 1810 5702">
    <p class='ocr_par' dir='ltr' id='par_1_105' title="bbox 443 5553 1810 5702">
     <span class='ocr_line' id='line_1_109' title="bbox 467 5553 1810 5632; baseline -0.002 -19"><span class='ocrx_word' id='word_1_772' title='bbox 467 5559 560 5630; x_wconf 84' lang='lat'>29)</span> <span class='ocrx_word' id='word_1_773' title='bbox 592 5558 728 5631; x_wconf 78' lang='lat' dir='ltr'>Reg.</span> <span class='ocrx_word' id='word_1_774' title='bbox 760 5553 1040 5632; x_wconf 68' lang='grc' dir='ltr'>παρέντες.</span> <span class='ocrx_word' id='word_1_775' title='bbox 1074 5553 1327 5614; x_wconf 77' lang='lat' dir='ltr'>Golbert.</span> <span class='ocrx_word' id='word_1_776' title='bbox 1358 5559 1415 5626; x_wconf 87' lang='lat'>2,</span> <span class='ocrx_word' id='word_1_777' title='bbox 1437 5553 1810 5632; x_wconf 80' lang='grc' dir='ltr'>παρενθέντες.</span> 
     </span>
     <span class='ocr_line' id='line_1_110' title="bbox 443 5559 1810 5702; baseline -0.004 -16"><span class='ocrx_word' id='word_1_778' title='bbox 443 5559 559 5702; x_wconf 61' lang='grc' dir='ltr'>ίΒΟ)</span> <span class='ocrx_word' id='word_1_779' title='bbox 592 5631 687 5687; x_wconf 90' lang='lat' dir='ltr'>Sic</span> <span class='ocrx_word' id='word_1_780' title='bbox 736 5647 880 5686; x_wconf 88' lang='lat' dir='ltr'>mss.</span> <span class='ocrx_word' id='word_1_781' title='bbox 929 5644 1153 5702; x_wconf 85' lang='lat' dir='ltr'>omnes.</span> <span class='ocrx_word' id='word_1_782' title='bbox 1212 5629 1376 5702; x_wconf 75' lang='lat' dir='ltr'>Editi</span> <span class='ocrx_word' id='word_1_783' title='bbox 1421 5645 1576 5696; x_wconf 90' lang='lat' dir='ltr'>vero,</span> <span class='ocrx_word' id='word_1_784' title='bbox 1633 5625 1810 5689; x_wconf 84' lang='grc' dir='ltr'>νίκους</span> 
     </span>
    </p>
   </div>
   <div class='ocr_carea' id='block_1_106' title="bbox 465 5625 2027 5699">
    <p class='ocr_par' dir='ltr' id='par_1_106' title="bbox 465 5625 2027 5699">
     <span class='ocr_line' id='line_1_111' title="bbox 465 5625 2027 5699; baseline -0.003 -13"><span class='ocrx_word' id='word_1_785' title='bbox 465 5625 559 5699; x_wconf 79' lang='lat'>30)</span> <span class='ocrx_word' id='word_1_786' title='bbox 592 5625 703 5687; x_wconf 42' lang='lat' dir='ltr'>Sic&#39;</span> <span class='ocrx_word' id='word_1_787' title='bbox 736 5625 880 5686; x_wconf 79' lang='lat' dir='ltr'>mss.</span> <span class='ocrx_word' id='word_1_788' title='bbox 929 5644 1153 5685; x_wconf 87' lang='lat' dir='ltr'>omnes.</span> <span class='ocrx_word' id='word_1_789' title='bbox 1212 5629 1374 5699; x_wconf 16' lang='lat' dir='ltr'>Editi,</span> <span class='ocrx_word' id='word_1_790' title='bbox 1421 5625 1576 5696; x_wconf 83' lang='lat' dir='ltr'>vero,</span> <span class='ocrx_word' id='word_1_791' title='bbox 1633 5625 1837 5689; x_wconf 83' lang='grc' dir='ltr'>νίκους.</span> <span class='ocrx_word' id='word_1_792' title='bbox 1897 5630 2027 5683; x_wconf 83' lang='lat' dir='ltr'>Mox</span> 
     </span>
    </p>
   </div>
   <div class='ocr_carea' id='block_1_107' title="bbox 371 5697 1561 5774">
    <p class='ocr_par' dir='ltr' id='par_1_107' title="bbox 371 5697 1561 5774">
     <span class='ocr_line' id='line_1_112' title="bbox 371 5697 1561 5774; baseline -0.003 -16"><span class='ocrx_word' id='word_1_793' title='bbox 371 5697 739 5759; x_wconf 15' lang='lat' dir='ltr'>unius-habet</span> <span class='ocrx_word' id='word_1_794' title='bbox 763 5701 1254 5774; x_wconf 77' lang='grc' dir='ltr'>κατασκευάζοντες</span> <span class='ocrx_word' id='word_1_795' title='bbox 1279 5697 1561 5774; x_wconf 88' lang='grc' dir='ltr'>τρόπαιον.</span> 
     </span>
    </p>
   </div>
   <div class='ocr_carea' id='block_1_108' title="bbox 449 5766 2023 5851">
    <p class='ocr_par' dir='ltr' id='par_1_108' title="bbox 449 5766 2023 5851">
     <span class='ocr_line' id='line_1_113' title="bbox 449 5766 2023 5851; baseline -0.004 -21"><span class='ocrx_word' id='word_1_796' title='bbox 449 5774 562 5851; x_wconf 85' lang='grc'>(31)</span> <span class='ocrx_word' id='word_1_797' title='bbox 594 5779 716 5831; x_wconf 89' lang='lat' dir='ltr'>Duo</span> <span class='ocrx_word' id='word_1_798' title='bbox 747 5766 1158 5846; x_wconf 78' lang='lat' dir='ltr'>manuscripti,</span> <span class='ocrx_word' id='word_1_799' title='bbox 1189 5766 1412 5848; x_wconf 67' lang='grc' dir='ltr'>γένηται</span> <span class='ocrx_word' id='word_1_800' title='bbox 1444 5777 1548 5842; x_wconf 81' lang='grc' dir='ltr'>τῆς</span> <span class='ocrx_word' id='word_1_801' title='bbox 1588 5775 1765 5848; x_wconf 80' lang='grc' dir='ltr'>ταφῆς</span> <span class='ocrx_word' id='word_1_802' title='bbox 1815 5766 2023 5842; x_wconf 81' lang='grc' dir='ltr'>ἀδοξία.</span> 
     </span>
    </p>
   </div>
   <div class='ocr_carea' id='block_1_109' title="bbox 2129 4757 3780 4832">
    <p class='ocr_par' dir='ltr' id='par_1_109' title="bbox 2129 4757 3780 4832">
     <span class='ocr_line' id='line_1_114' title="bbox 2129 4757 3780 4832; baseline -0.001 -17"><span class='ocrx_word' id='word_1_803' title='bbox 2129 4759 2464 4832; x_wconf 77' lang='lat' dir='ltr'>cuciﬁgitur</span> <span class='ocrx_word' id='word_1_804' title='bbox 2512 4762 2733 4828; x_wconf 82' lang='lat' dir='ltr'>regnat,</span> <span class='ocrx_word' id='word_1_805' title='bbox 2807 4757 2939 4828; x_wconf 89' lang='lat' dir='ltr'>quis</span> <span class='ocrx_word' id='word_1_806' title='bbox 2987 4758 3095 4812; x_wconf 89' lang='lat' dir='ltr'>erit</span> <span class='ocrx_word' id='word_1_807' title='bbox 3145 4774 3278 4812; x_wconf 90' lang='lat' dir='ltr'>cum</span> <span class='ocrx_word' id='word_1_808' title='bbox 3344 4761 3720 4816; x_wconf 89' lang='lat' dir='ltr'>coronabitur</span> <span class='ocrx_word' id='word_1_809' title='bbox 3751 4760 3780 4814; x_wconf 68' lang='grc' dir='ltr'><em>Ἰ</em></span> 
     </span>
    </p>
   </div>
   <div class='ocr_carea' id='block_1_110' title="bbox 2128 4845 3780 4918">
    <p class='ocr_par' dir='ltr' id='par_1_110' title="bbox 2128 4845 3780 4918">
     <span class='ocr_line' id='line_1_115' title="bbox 2128 4845 3780 4918; baseline 0.001 -15"><span class='ocrx_word' id='word_1_810' title='bbox 2128 4849 2388 4918; x_wconf 82' lang='lat' dir='ltr'>Regnum</span> <span class='ocrx_word' id='word_1_811' title='bbox 2419 4847 2546 4917; x_wconf 84' lang='lat' dir='ltr'>ejus</span> <span class='ocrx_word' id='word_1_812' title='bbox 2579 4849 2854 4900; x_wconf 73' lang='lat' dir='ltr'>creaturae</span> <span class='ocrx_word' id='word_1_813' title='bbox 2890 4845 3291 4902; x_wconf 77' lang='lat' dir='ltr'>manifestam.</span> <span class='ocrx_word' id='word_1_814' title='bbox 3317 4848 3413 4903; x_wconf 92' lang='lat' dir='ltr'>Sol</span> <span class='ocrx_word' id='word_1_815' title='bbox 3465 4849 3619 4905; x_wconf 88' lang='lat' dir='ltr'>videt</span> <span class='ocrx_word' id='word_1_816' title='bbox 3648 4867 3780 4905; x_wconf 87' lang='lat' dir='ltr'>cru-</span> 
     </span>
    </p>
   </div>
   <div class='ocr_carea' id='block_1_111' title="bbox 2129 4934 3780 5004">
    <p class='ocr_par' dir='ltr' id='par_1_111' title="bbox 2129 4934 3780 5004">
     <span class='ocr_line' id='line_1_116' title="bbox 2129 4934 3780 5004; baseline 0.001 -11"><span class='ocrx_word' id='word_1_817' title='bbox 2129 4939 2390 5004; x_wconf 78' lang='lat' dir='ltr'>ciﬁxum,</span> <span class='ocrx_word' id='word_1_818' title='bbox 2427 4952 2531 4990; x_wconf 88' lang='lat' dir='ltr'>nec</span> <span class='ocrx_word' id='word_1_819' title='bbox 2584 4935 2777 4990; x_wconf 90' lang='lat' dir='ltr'>lucere</span> <span class='ocrx_word' id='word_1_820' title='bbox 2830 4935 3006 4990; x_wconf 85' lang='lat' dir='ltr'>audet</span> <span class='ocrx_word' id='word_1_821' title='bbox 3039 4952 3051 4990; x_wconf 92' lang='lat'><strong>:</strong></span> <span class='ocrx_word' id='word_1_822' title='bbox 3079 4934 3270 4992; x_wconf 89' lang='lat' dir='ltr'>lucem</span> <span class='ocrx_word' id='word_1_823' title='bbox 3320 4939 3529 4994; x_wconf 89' lang='lat' dir='ltr'>adimit</span> <span class='ocrx_word' id='word_1_824' title='bbox 3558 4939 3780 4994; x_wconf 81' lang='lat' dir='ltr'>cruciﬁ-</span> 
     </span>
    </p>
   </div>
   <div class='ocr_carea' id='block_1_112' title="bbox 2132 5261 3200 5339">
    <p class='ocr_par' dir='ltr' id='par_1_112' title="bbox 2132 5261 3200 5339">
     <span class='ocr_line' id='line_1_117' title="bbox 2132 5261 3200 5339; baseline -0.002 -19"><span class='ocrx_word' id='word_1_825' title='bbox 2132 5267 2304 5333; x_wconf 84' lang='lat' dir='ltr'>Editi,</span> <span class='ocrx_word' id='word_1_826' title='bbox 2333 5271 2433 5333; x_wconf 81' lang='grc' dir='ltr'>τῆς</span> <span class='ocrx_word' id='word_1_827' title='bbox 2462 5266 2722 5339; x_wconf 70' lang='grc' dir='ltr'>τελευτῆς</span> <span class='ocrx_word' id='word_1_828' title='bbox 2750 5264 2970 5339; x_wconf 65' lang='grc' dir='ltr'>γένηται</span> <span class='ocrx_word' id='word_1_829' title='bbox 2997 5261 3200 5339; x_wconf 72' lang='grc' dir='ltr'>ἀδοξία.</span> 
     </span>
    </p>
   </div>
   <div class='ocr_carea' id='block_1_113' title="bbox 2206 5333 3781 5414">
    <p class='ocr_par' dir='ltr' id='par_1_113' title="bbox 2206 5333 3781 5414">
     <span class='ocr_line' id='line_1_118' title="bbox 2206 5333 3781 5414; baseline 0.007 -29"><span class='ocrx_word' id='word_1_830' title='bbox 2364 5333 2781 5409; x_wconf 65' lang='grc' dir='ltr'>Ἐσταυρώθη..ξ</span> <span class='ocrx_word' id='word_1_831' title='bbox 2853 5333 3226 5414; x_wconf 34' lang='grc' dir='ltr'>ἀνεδείχθη)..-</span> <span class='ocrx_word' id='word_1_832' title='bbox 3280 5342 3515 5414; x_wconf 43' lang='grc' dir='ltr'>τιμᾷ.-</span> <span class='ocrx_word' id='word_1_833' title='bbox 3554 5338 3781 5414; x_wconf 77' lang='grc' dir='ltr'>ἐτάχθη.</span> 
     </span>
    </p>
   </div>
   <div class='ocr_carea' id='block_1_114' title="bbox 2135 5403 3786 5534">
    <p class='ocr_par' dir='ltr' id='par_1_114' title="bbox 2135 5403 3786 5534">
     <span class='ocr_line' id='line_1_119' title="bbox 2135 5403 3786 5534; baseline 0.001 -70"><span class='ocrx_word' id='word_1_834' title='bbox 2270 5403 2407 5477; x_wconf 85' lang='lat' dir='ltr'>duo,</span> <span class='ocrx_word' id='word_1_835' title='bbox 2444 5403 2706 5481; x_wconf 77' lang='lat' dir='ltr'>quorum</span> <span class='ocrx_word' id='word_1_836' title='bbox 2729 5415 2924 5463; x_wconf 89' lang='lat' dir='ltr'>tamen</span> <span class='ocrx_word' id='word_1_837' title='bbox 2957 5403 3105 5466; x_wconf 72' lang='lat' dir='ltr'>alter</span> <span class='ocrx_word' id='word_1_838' title='bbox 3131 5403 3310 5466; x_wconf 87' lang='lat' dir='ltr'>habet</span> <span class='ocrx_word' id='word_1_839' title='bbox 3341 5403 3618 5482; x_wconf 71' lang='grc' dir='ltr'>’ἀτιμάσας</span> <span class='ocrx_word' id='word_1_840' title='bbox 3652 5403 3786 5468; x_wconf 71' lang='grc' dir='ltr'>’ἒδί-</span> 
     </span>
     <span class='ocr_line' id='line_1_120' title="bbox 2171 5491 2341 5534; baseline 0 0"><span class='ocrx_word' id='word_1_841' title='bbox 2171 5491 2341 5534; x_wconf 72' lang='grc' dir='ltr'>αγθη.</span> 
     </span>
    </p>
   </div>
   <div class='ocr_carea' id='block_1_115' title="bbox 2171 5480 2341 5543">
    <p class='ocr_par' dir='ltr' id='par_1_115' title="bbox 2171 5480 2341 5543">
     <span class='ocr_line' id='line_1_121' title="bbox 2171 5480 2341 5543; baseline 0 0"><span class='ocrx_word' id='word_1_842' title='bbox 2171 5480 2341 5543; x_wconf 80' lang='grc' dir='ltr'>άγθη.</span> 
     </span>
    </p>
   </div>
   <div class='ocr_carea' id='block_1_116' title="bbox 2212 5521 3788 5624">
    <p class='ocr_par' dir='ltr' id='par_1_116' title="bbox 2212 5521 3788 5624">
     <span class='ocr_line' id='line_1_122' title="bbox 2212 5521 3788 5624; baseline 0.003 -16"><span class='ocrx_word' id='word_1_843' title='bbox 2212 5521 2445 5624; x_wconf 52' lang='grc' dir='ltr'>(δίέδέίο</span> <span class='ocrx_word' id='word_1_844' title='bbox 2477 5566 2621 5624; x_wconf 79' lang='lat' dir='ltr'>mss.</span> <span class='ocrx_word' id='word_1_845' title='bbox 2655 5549 2806 5604; x_wconf 89' lang='lat' dir='ltr'>Editi</span> <span class='ocrx_word' id='word_1_846' title='bbox 2837 5565 2994 5624; x_wconf 73' lang='lat' dir='ltr'>vero,</span> <span class='ocrx_word' id='word_1_847' title='bbox 3028 5547 3115 5603; x_wconf 79' lang='grc' dir='ltr'>ἐπὶ</span> <span class='ocrx_word' id='word_1_848' title='bbox 3137 5549 3330 5624; x_wconf 66' lang='grc' dir='ltr'>ξύλου.</span> <span class='ocrx_word' id='word_1_849' title='bbox 3365 5554 3489 5624; x_wconf 87' lang='lat' dir='ltr'>Ibid</span> <span class='ocrx_word' id='word_1_850' title='bbox 3544 5571 3686 5612; x_wconf 88' lang='lat' dir='ltr'>mss.</span> <span class='ocrx_word' id='word_1_851' title='bbox 3721 5558 3788 5624; x_wconf 81' lang='lat' dir='ltr'>ut</span> 
     </span>
    </p>
   </div>
   <div class='ocr_carea' id='block_1_117' title="bbox 2138 5617 3786 5698">
    <p class='ocr_par' dir='ltr' id='par_1_117' title="bbox 2138 5617 3786 5698">
     <span class='ocr_line' id='line_1_123' title="bbox 2138 5617 3786 5698; baseline 0.001 -19"><span class='ocrx_word' id='word_1_852' title='bbox 2138 5617 2411 5698; x_wconf 44' lang='lat' dir='ltr'>intentu.</span> <span class='ocrx_word' id='word_1_853' title='bbox 2441 5621 2778 5698; x_wconf 69' lang='lat' dir='ltr'>Editi_ver0,</span> <span class='ocrx_word' id='word_1_854' title='bbox 2811 5617 2988 5685; x_wconf 75' lang='grc' dir='ltr'>Εἶδον,</span> <span class='ocrx_word' id='word_1_855' title='bbox 3021 5617 3174 5698; x_wconf 78' lang='grc' dir='ltr'>φησὶ,</span> <span class='ocrx_word' id='word_1_856' title='bbox 3205 5623 3328 5677; x_wconf 84' lang='grc' dir='ltr'>ναὸν</span> <span class='ocrx_word' id='word_1_857' title='bbox 3381 5623 3641 5695; x_wconf 74' lang='grc' dir='ltr'>ἀληθινὸν</span> <span class='ocrx_word' id='word_1_858' title='bbox 3689 5623 3786 5681; x_wconf 77' lang='grc' dir='ltr'>τοῦ</span> 
     </span>
    </p>
   </div>
   <div class='ocr_carea' id='block_1_118' title="bbox 2138 5691 2723 5768">
    <p class='ocr_par' dir='ltr' id='par_1_118' title="bbox 2138 5691 2723 5768">
     <span class='ocr_line' id='line_1_124' title="bbox 2138 5691 2723 5768; baseline -0.014 -18"><span class='ocrx_word' id='word_1_859' title='bbox 2138 5699 2293 5768; x_wconf 78' lang='grc' dir='ltr'>Θεοῦ,</span> <span class='ocrx_word' id='word_1_860' title='bbox 2327 5695 2416 5749; x_wconf 82' lang='grc' dir='ltr'>καὶ</span> <span class='ocrx_word' id='word_1_861' title='bbox 2448 5691 2723 5768; x_wconf 61' lang='grc' dir='ltr'>ἱκετεύειν,</span> 
     </span>
    </p>
   </div>
   <div class='ocr_carea' id='block_1_119' title="bbox 2209 5763 3474 5845">
    <p class='ocr_par' dir='ltr' id='par_1_119' title="bbox 2209 5763 3474 5845">
     <span class='ocr_line' id='line_1_125' title="bbox 2209 5763 3474 5845; baseline 0.001 -21"><span class='ocrx_word' id='word_1_862' title='bbox 2209 5763 2324 5841; x_wconf 63' lang='lat'>(36)</span> <span class='ocrx_word' id='word_1_863' title='bbox 2355 5767 2451 5824; x_wconf 86' lang='lat' dir='ltr'>Sic</span> <span class='ocrx_word' id='word_1_864' title='bbox 2483 5781 2625 5823; x_wconf 88' lang='lat' dir='ltr'>mss.</span> <span class='ocrx_word' id='word_1_865' title='bbox 2658 5763 2808 5821; x_wconf 78' lang='lat' dir='ltr'>Editi</span> <span class='ocrx_word' id='word_1_866' title='bbox 2837 5781 2992 5838; x_wconf 83' lang='lat' dir='ltr'>vero,</span> <span class='ocrx_word' id='word_1_867' title='bbox 3025 5764 3474 5845; x_wconf 74' lang='grc' dir='ltr'>στεφανούμενος.</span> 
     </span>
    </p>
   </div>
  </div>
