4120 6362
372 387 528 447 1059

1551 387 1615 444 S.
1663 378 2159 446 A'I‘HANASIUS
2175 415 2274 442 .—
2311 378 2618 447 SPURIA.

3641 379 3803 447 1060

370 522 664 594 gentibus.
703 524 765 574 ut
794 536 895 592 pro
920 517 1165 576 Domino
1198 523 1418 593 pugnet
1449 536 1461 576 :
1498 520 1897 591 inexspectata
1918 535 2002 573 no!

2137 516 2335 594 φαίνειν
2369 515 2431 572 οὕ
2463 516 2664 591 τολμᾷ·
2700 519 2923 594 ἀρπαζει
2978 519 3085 573 τῶν
3136 515 3510 594 σταυρούντων
3559 516 3623 572 τὸ
3655 521 3797 596 φῶς,

370 614 461 665 cte
488 610 824 665 Judaaorum
861 608 1102 663 damnat
1133 608 1523 679 iniquitatem.
1548 606 1843 662 Concussa
1873 610 2027 660 terra

366 700 656 765 turbatur;
692 714 756 752 ac
791 701 947 751 motu
974 713 1081 751 suo
1117 697 1440 768 praecipitat
1460 712 1560 751 eos
1582 695 1681 767 qui
1706 694 2022 750 Dominum

364 788 815 859 suspenderent.
847 786 971 850 Quo
1003 792 1169 858 pacto
1205 803 1314 840 non
1347 785 1677 840 crederem?
1703 783 2021 839 Contume-

367 877 462 932 liis
493 876 764 932 affectum
801 875 963 929 illum
1000 891 1128 929 esse
1161 891 1352 945 regem
1387 874 1599 929 clamat
1629 874 1757 945 ipse
1788 873 2018 927 titulus.

364 969 652 1023 Creaturm
684 964 1092 1020 testificantur.
1126 963 1261 1026 Quae
1298 964 1352 1018 in
1387 964 1594 1018 litteris
1627 962 1850 1033 lego,ea
1889 962 2020 1033 ipsa

362 1059 538 1113 rebus
568 1055 937 1128 comprobari
967 1054 1151 1111 video.
1189 1076 1217 1104 «
1251 1056 1541 1110 Memento
1583 1054 1717 1122 mei,
1755 1054 2016 1117 Domine,

356 1147 500 1203 dum
535 1145 761 1203 veneris
792 1144 849 1200 in
883 1160 1131 1217 regnum
1163 1148 1355 1199 tuum.
1392 1164 1419 1193 »

421 1326 569 1382 387
628 1325 683 1380 4.
735 1322 779 1379 0
833 1322 982 1379 latro
1027 1322 1231 1378 acerbe
1277 1322 1617 1378 Judaeorum
1664 1325 2008 1380 accusator!

351 1415 395 1471 0
428 1415 576 1471 latro
600 1413 846 1486 justitiae
878 1411 1153 1467 advocate
1186 1411 1197 1465 !
1233 1411 1277 1467 0
1309 1411 1456 1467 latro
1488 1410 1648 1483 regni
1686 1412 2009 1468 mercator!

349 1504 394 1561 0
428 1504 577 1560 latro
610 1502 870 1575 paradisi
902 1501 1137 1556 custos!
1172 1500 1216 1557 0
1244 1500 1395 1555 latro
1422 1501 1643 1555 Adamo
1673 1500 1829 1555 circa
1850 1517 2010 1557 crea-

355 1600 520 1648 turas
549 1592 722 1662 longe
753 1590 978 1645 firmior
1007 1589 1019 1643 !
1057 1589 1099 1645 Ο
1130 1588 1279 1645 latro
1329 1606 1541 1662 proavo
1589 1588 1746 1645 circa
1778 1589 2012 1661 paradi-

357 1699 491 1738 sum
525 1678 923 1736 constantior!
959 1683 1128 1733 Manu
1172 1677 1267 1733 ille
1313 1677 1651 1750 importune
1676 1678 1748 1733 ad
1781 1678 2009 1749 lignum

351 1774 866 1834 extensa,mortem
902 1767 1116 1823 invexit
1146 1768 1203 1822 in
1234 1768 1558 1823 mundum:
1585 1773 1648 1822 tu
1681 1772 2011 1839 opportune

2142 606 2271 680 ὑπὲρ
2322 607 2591 661 Δεσπότου
2644 607 2980 683 μαχόμενος·
3013 606 3165 661 νυκτὶ
3213 603 3517 682 παραλόγῳ
3692 629 3796 663 κα-

2134 692 2408 766 ταδικάζει
2452 693 2727 753 Ἰουδαίων
2777 694 3140 772 παρανομίαν.
3186 695 3249 752 Ἣ
3311 702 3379 771 γῆ
3445 694 3791 769 σαλευομένη

2134 785 2473 858 ταράττεται,
2530 787 2619 841 καὶ
2696 791 2905 862 κρεμνᾷ
2957 788 3164 858 σεισμῷ
3221 783 3349 846 τοὺς
3403 783 3491 838 ἐπὶ
3553 791 3793 861 σταυροῦ

2132 875 2222 929 τὸν
2259 874 2532 944 Δεσπότην
2565 875 2958 951 κρεμάσαντας.
2993 878 3120 936 Πῶς
3153 874 3229 947 μὴ
3279 874 3521 942 πεισοὧ;
3556 873 3792 931 Βασιλέα

2130 965 2221 1018 τὸν
2270 959 2623 1041 ὑϐριζόμενον
2657 965 2685 1018 6
2713 961 2897 1025 τίτλος
2953 964 3074 1039 βοᾷ.
3105 963 3169 1018 Ἢ
3216 962 3383 1024 στίσις
3436 965 3787 1039 μαρτύρεται.

2130 1054 2302 1129 ’Ἀπερ
2344 1053 2689 1128 ἀναγινώσκω
2724 1058 2843 1115 τοῖς
2890 1053 3231 1128 γράμμασιν,
3264 1050 3610 1128 ἐπιγινώσκω
3666 1059 3784 1116 τοῖς

2128 1142 2411 1218 πράγμασι
2651 1167 2680 1195 α
2727 1142 2913 1216 Κύριε,
2949 1140 3220 1215 μνήσθητί
3271 1162 3398 1215 μου,
3444 1140 3569 1196 ὅταν
3620 1139 3783 1219 ἔλθῃς

2129 1230 2181 1286 έν
2213 1235 2282 1305 τῇ
2318 1230 2570 1308 βασιλείᾳ
2599 1252 2716 1290 σου.
2753 1255 2782 1284 ››

2198 1322 2250 1377 4.
2282 1326 2347 1375 Ὦ
2403 1320 2574 1395 λῃστά
2629 1320 2799 1398 πικρὲ
2845 1324 2954 1377 τῶν
3016 1318 3297 1378 Ἰουδαίων
3354 1322 3656 1396 κατήγορει
3709 1323 3777 1377 Ὠ

2127 1407 2297 1483 λῃστά
2359 1407 2705 1480 δικαιοσύνης
2774 1410 3080 1485 συνήγορεί
3138 1410 3206 1464 'u
3264 1408 3440 1484 λῃστὰ
3500 1408 3777 1485 βασιλείας

2124 1495 2372 1574 ἔμπορεί
2408 1501 2474 1553 Ὦ
2505 1499 2677 1573 λῃστὰ
2722 1496 3050 1573 παραδείσου
3099 1496 3303 1575 φύλαξί
3337 1500 3404 1552 Ὦ
3451 1496 3629 1573 λῃστά
3682 1502 3781 1554 τνῦ

2122 1586 2303 1660 Ἀδὰμ
2358 1590 2481 1663 περὶ
2539 1589 2638 1657 τὴν
2697 1587 2869 1643 κτίσιν
2934 1582 3271 1664 βεϐαιότερεί
3323 1593 3387 1642 Ὦ
3454 1586 3627 1661 λῃστὰ
3681 1591 3781 1643 τοῦ

2121 1677 2399 1753 προγόνου
2445 1676 2569 1752 περὶ
2618 1677 2709 1731 τὸν
2779 1673 3105 1751 παράδεισον
3151 1672 3553 1753 ἀσφαλέστεραι
3607 1676 3781 1730 Ἐκεῖ-

2120 1787 2231 1832 νος,
2265 1766 2501 1841 ἀκαίρως
2558 1764 2792 1827 ἐκτείνας
2850 1765 2950 1833 τὴν
2989 1769 3151 1841 χεῖρα
3208 1764 3294 1819 ἰπὶ
3351 1765 3413 1819 τὸ
3445 1761 3607 1834 ξύλον
3639 1766 3775 1838 (37),

351 1858 742 1931 explicatisin
781 1873 955 1913 cruce
988 1855 1266 1911 manibus
1314 1855 1605 1927 perditum
1652 1854 2002 1927 recuperasti

2123 1858 2346 1919 θάνατον
2397 1855 2473 1917 εἰς
2529 1855 2621 1910 τὸν
2679 1854 2883 1928 κόσμον
2938 1855 3209 1930 εἷο-ἤγαγε
3246 1851 3309 1907 σὺ
3367 1849 3445 1921 δὲ,
3508 1851 3774 1929 εὐκαίρως

2127 1944 2141 1958 .
2195 1945 2208 1958 .
2302 1945 2314 1958 .
2572 1945 2585 1958 .
2713 1944 2725 1958 .
2884 1949 2907 1958 -
3061 1944 3073 1958 .
3128 1942 3147 1958 κ
3188 1943 3201 1958 ι
3403 1942 3418 1958 ε
3501 1942 3515 1958 ,
3604 1941 3623 1958 ς
3656 1942 3667 1958 .

350 1948 713 2021 paradisum.
751 1946 794 2001 0
825 1945 997 2013 latro,
1028 1945 1130 2016 qui
1163 1944 1444 2001 amissam
1467 1944 1679 1999 avitam
1704 1944 2008 1999 haeredita-

354 2044 495 2104 tem,
531 2052 647 2091 uno
682 2034 829 2089 felici
862 2049 1002 2089 casu
1051 2031 1448 2104 recuperasti!
1485 2030 1528 2087 0
1568 2031 1717 2087 latro
1750 2031 1849 2103 qui
1889 2033 2009 2104 pri-

355 2141 492 2181 mus
521 2124 683 2196 regni
715 2121 1142 2178 confessionem
1177 2121 1425 2191 adeptus
1457 2122 1554 2176 es!
1591 2120 1636 2176 0
1668 2119 1816 2175 latro
1847 2120 2007 2194 regni

350 2215 652 2270 confessor
696 2216 753 2267 et
801 2211 985 2266 heres
1037 2214 1362 2282 martyrum
1421 2208 1682 2265 imitator
1715 2211 1724 2265 !
1763 2209 1807 2266 Ο
1839 2209 2007 2281 latro,

350 2303 448 2374 qui
481 2301 693 2374 pusillo
723 2301 898 2356 verbo
928 2298 1139 2354 omium
1174 2298 1493 2371 aperuisti!
1528 2298 1572 2354 0
1599 2298 1747 2355 latro
1772 2299 1872 2371 qui
1906 2298 2010 2354 mi-

348 2407 479 2447 rum
513 2391 1022 2447 incantamentum
1050 2388 1121 2443 ad
1154 2387 1370 2443 mirum
1399 2387 1744 2444 thesaurum
1778 2404 2010 2461 compa-

345 2480 599 2537 randum
630 2478 966 2534 adhibuisti
992 2476 1005 2531 ι
1038 2483 1083 2533 U
1114 2476 1260 2532 latro
1291 2477 1393 2549 qui
1424 2477 1635 2533 caelum
1667 2477 1829 2534 velut
1872 2494 2005 2534 cru-

350 2569 437 2626 cis
466 2568 758 2642 appendix
817 2566 1060 2622 eﬂ‘ecisti
1095 2566 1107 2620 l
1143 2565 1356 2622 0latro
1407 2566 1655 2639 legitimi
1716 2566 2007 2623 latrocinii

354 2658 696 2714 hominibus
745 2654 986 2712 doctor!
1039 2655 1084 2711 0
1134 2656 1283 2711 latro
1346 2657 1445 2727 qui
1494 2655 1785 2711 laudabile
1832 2657 2005 2713 doces

351 2744 761 2802 latrocinium!
793 2743 837 2800 0
859 2744 1007 2800 latro
1029 2744 1129 2816 qui
1161 2744 1431 2801 homines
1462 2744 1712 2801 docuisti
1756 2762 1869 2817 quo
1901 2764 2002 2819 pa-

352 2841 448 2892 cto
480 2852 723 2908 regnum
760 2836 912 2892 furto
943 2833 1273 2907 abriperent
1301 2833 1313 2888 !
1347 2833 1391 2890 0
1423 2833 1573 2891 latro
1608 2835 1743 2891 furti
1778 2836 2000 2905 doctor,

345 2925 598 2983 maxime
620 2929 767 2999 grati
804 2924 887 2979 illi
922 2941 955 2980 a
996 2940 1112 2996 quo
1154 2941 1244 2980 res
1296 2925 1593 2981 aufertur!
1626 2924 1670 2979 0
1710 2924 1859 2981 latro
1899 2925 2002 2998 qui

355 3030 631 3088 magnam
659 3013 797 3069 furti
830 3012 1158 3068 mercedem
1182 3012 1578 3083 conscripsisti
1608 3012 1696 3069 ?0
1728 3012 1875 3070 latro
1898 3015 1998 3087 qui

344 3120 625 3178 magnum
659 3102 1048 3159 confessionis
1090 3101 1346 3157 fructum
1396 3101 1702 3157 ostendisti
1731 3102 1743 3157 l
1775 3103 1819 3159 0
1850 3104 1998 3162 latro

345 3194 446 3267 qui
479 3193 646 3250 tarde
668 3189 1054 3259 credidisti,et
1073 3191 1188 3246 cito
1207 3192 1585 3247 contessuses
1620 3206 1634 3247 :
1668 3197 2001 3263 postremus

347 3265 560 3341 venisti
593 3288 650 3338 et
680 3281 909 3355 primus
931 3297 994 3336 es
1014 3282 1362 3336 coronatus!
1400 3280 1444 3336 0
1475 3279 1624 3336 latro
1638 3280 1739 3352 qui
1762 3282 1996 3339 celerri-
2029 3265 2072 3331 Ο

348 3390 505 3429 mam
541 3372 674 3428 fidei
704 3371 1029 3427 efficaciam
1058 3369 1371 3425 exhibuisti
1409 3370 1421 3424 Ξ
1456 3369 1499 3425 0
1533 3369 1679 3427 latro
1732 3373 1831 3443 qui
1867 3373 2000 3430 fidei

342 3466 579 3533 partum
609 3459 922 3527 edocuisti,
954 3459 1054 3530 qui
1087 3464 1350 3530 tempore
1382 3458 1626 3515 minime
1665 3466 1795 3533 eget
1824 3461 1897 3517 ad
1916 3462 1997 3519 fe-

340 3557 471 3606 tum
522 3548 855 3606 edendum!
891 3548 936 3604 0
989 3547 1138 3604 latro
1188 3548 1393 3604 acerbe
1438 3548 1603 3604 Judze
1652 3550 1993 3607 accusator!

339 3647 385 3698 Ο
416 3641 565 3697 latro
593 3640 691 3712 qui
726 3637 1031 3712 proditiori
1066 3637 1196 3709 ipso
1226 3637 1435 3710 laqueo
1464 3638 1697 3710 gravior
1725 3640 1887 3695 visus
1912 3640 1993 3697 es!

342 3731 387 3788 0
417 3729 567 3787 latro
598 3730 698 3802 qui
728 3729 894 3786 Juda
913 3726 1300 3799 proditionem
1326 3728 1842 3784 contradiabolum
1863 3729 1997 3785 imi-

347 3826 508 3877 tatus
540 3835 639 3892 es;
673 3820 716 3876 0
738 3819 881 3874 latro
913 3816 1015 3890 qui
1039 3816 1184 3872 mire
1214 3818 1343 3888 ejus
1374 3824 1497 3873 arte
1523 3834 1667 3873 usus
1697 3834 1761 3873 es
1792 3824 1998 3876 contra.

352 3909 521 3965 illum
556 3908 570 3965 l
602 3908 647 3965 0
680 3910 826 3964 latro
852 3906 953 3970 qui
975 3904 1448 3977 justeChristum
1473 3906 1755 3975 emisti,et
1786 3913 1993 3966 testem

349 3997 742 4071 possessionis
775 4012 1009 4053 crucem
1042 3995 1375 4052 adduxisti!
1410 3997 1454 4052 Ο
1489 3997 1637 4052 Petri
1670 3998 1995 4056 commilito

343 4093 400 4145 et
429 4087 833 4161 apostolorum
865 4090 1201 4160 symmysta.

403 4357 459 4415 5.
492 4358 737 4415 Crucem
771 4373 943 4429 porro
976 4355 1197 4427 excepit
1230 4354 1592 4427 sepulcrum,
1624 4372 1831 4430 expers
1860 4358 1991 4414 hac-

334 4455 507 4506 tenus
537 4447 929 4521 sepulturee.0
960 4445 1777 4519 sepul:rumimmortalitatis
1807 4446 1990 4504 locus!

328 4543 375 4594 Ο
406 4538 744 4611 sepulcrum
777 4535 1228 4592 resurrectionis
1258 4533 1531 4591 officina!
1567 4534 1612 4591 Ο
1654 4534 1992 4608 sepulcrum

2124 1944 2211 1999 ἐπὶ
2263 1945 2354 2000 τὸν
2399 1945 2625 2021 σταυρὸν
2669 1944 2764 2006 τὰς
2813 1949 3005 2020 χεῖρας
3050 1942 3334 2010 άπλώσας,
3363 1942 3456 1997 τὸν
3491 1941 3774 2016 ἀπολόμε-

2119 2056 2210 2089 νον
2258 2035 2537 2105 ἀνεκτήσω
2594 2031 2940 2107 παράδεισον.
2968 2034 3036 2087 Ὦ
3088 2030 3262 2106 λῃστὰ
3303 2032 3397 2087 τὸν
3442 2032 3774 2107 προγονικὸν

2118 2123 2327 2198 κλῆρον
2385 2120 2728 2196 ἀπολόμενον
2802 2119 2891 2177 διὰ
2957 2127 3086 2196 μιᾶς
3159 2120 3413 2197 εὐτυχίας
3473 2120 3769 2192 ἀνακτησά-

2124 2212 2278 2284 μενεί
2312 2212 2378 2265 Ὦ
2411 2209 2578 2285 λῃστά
2607 2216 2825 2285 πρῶτος
2863 2209 3141 2284 βασιλείας
3186 2207 3492 2284 ὁμολογίαν
3542 2228 3769 2285 καρπω-

2120 2301 2345 2375 σάμενεί
2406 2302 2473 2355 Ὦ
2531 2299 2701 2375 λῃστά
2774 2296 3048 2376 βασιλείας
3106 2297 3430 2375 ὁμολογητά
3483 2300 3617 2372 (38),
3679 2298 3771 2353 καὶ

2116 2388 2453 2466 κληρονόμε,
2519 2388 2804 2466 μαρτύρων
2885 2389 3136 2459 ζηλωτάί
3198 2389 3265 2441 Ὠ
3331 2386 3503 2462 λῃστά
3563 2386 3770 2463 ῥήματι

2121 2483 2302 2554 μικρῴ
2347 2480 2436 2534 τὸν
2483 2476 2707 2554 οὐρανὸν
2768 2478 3086 2550 ὑπανοίεαςί
3129 2479 3195 2531 Ὦ
3244 2475 3417 2551 λῃστὰ
3462 2476 3617 2549 ξένην
3674 2475 3771 2531 ἐπ-

2117 2564 2267 2641 ῳδὴν
2300 2568 2434 2645 πρὸς
2468 2569 2612 2639 ξένον
2663 2567 2929 2642 θησαυρὸν
2984 2562 3448 2641 μηχανησάμενεί
3480 2567 3547 2619 Ὠ
3599 2563 3770 2638 λῃστὰ

2115 2659 2381 2733 πάρεργον
2432 2660 2663 2733 σταυροῦ
2708 2657 2798 2711 τὸν
2849 2655 3074 2729 οὐρανὸν
3126 2655 3501 2729 ποιησάμενεί
3545 2656 3611 2708 Ὠ
3663 2652 3766 2727 λῃ-

2114 2749 2212 2803 στὰ
2256 2768 2494 2821 νομιμου
2551 2743 2797 2820 λῃστείας
2839 2750 2954 2806 τοῖς
3001 2744 3304 2819 ἀνθρώποις
3336 2740 3663 2798 διδάσκαλεί
3698 2743 3767 2797 Ὦ

2113 2834 2286 2911 λῃστὰ
2333 2835 2578 2911 λῃστείαν
2630 2834 3024 2907 ἐπαινουμένην
3078 2830 3324 2906 διδάξαςί
3357 2837 3423 2886 Ὢ
3462 2831 3634 2907 λῃστά
3681 2828 3764 2885 δι-

2114 2924 2271 2997 δάξας
2340 2925 2698 3001 ἀνθρώπους,
2754 2928 2870 2986 πῶς
2952 2921 3201 2998 βασιλεία
3274 2919 3634 2996 λῃστεύεταιί
3699 2925 3765 2975 Ὠ

2112 3015 2284 3090 λῃστά
2331 3014 2677 3088 ποθουμένην
2729 3017 2808 3085 τῷ
2855 3011 3218 3085 κλεπτομένῳ
3257 3009 3474 3081 κλοπὴν
3523 3009 3763 3088 ὑφηγού-

2115 3106 2275 3179 μενεί
2309 3107 2375 3159 Ὦ
2425 3101 2594 3179 λῃστά
2645 3101 2912 3179 μεγάλους
2968 3099 3218 3176 λῃστείας
3273 3098 3498 3174 μισθοὺς
3532 3119 3765 3175 συγγρα-

2112 3195 2351 3269 ψάμενεί
2410 3195 2477 3248 Ὦ
2535 3192 2705 3268 λῃστά
2762 3190 2898 3267 μέγα
2955 3189 3124 3262 δείξας
3182 3190 3244 3246 τὸ
3299 3196 3403 3260 τῆς
3459 3188 3764 3265 ὁμολογίας

2108 3284 2406 3360 γεώργιονί
2439 3288 2503 3337 Ὦ
2535 3280 2706 3356 λῃστὰ
2759 3277 2998 3357 βραδέως
3056 3278 3366 3352 πιστεύσας,
3397 3279 3488 3334 καὶ
3543 3279 3763 3354 ταχέως

2109 3370 2486 3449 ὁμολογήσας,
2542 3367 2769 3447 ἔσχατος
2818 3367 3017 3440 ἐλθὼν,
3066 3370 3157 3424 καὶ
3205 3372 3425 3445 πρῶτος
3477 3367 3758 3446 στεφθείςί

2106 3468 2175 3535 Ὠ
2230 3460 2400 3536 λῃστὰ
2458 3458 2629 3530 δείξας
2699 3459 2934 3521 πίστεως
3011 3458 3270 3529 ὀξυτάτην
3335 3456 3634 3533 ένέργειανί
3694 3459 3763 3512 Ὦ

2109 3550 2279 3626 λῃστά
2327 3549 2498 3620 δείξας
2548 3549 2780 3611 πίστεως
2831 3545 3052 3617 ὠδῖνας,
3093 3548 3299 3623 χρόνου
3344 3544 3421 3609 εἲς
3459 3545 3618 3601 τόκον
3678 3547 3757 3618 μὴ

2108 3638 2395 3714 δεομέναςῐ
2429 3645 2494 3693 Ὢ
2552 3637 2722 3711 λῃστά
2769 3638 2929 3712 πικρὲ
2971 3640 3069 3691 τοῦ
3121 3634 3299 3693 Ἰούδα
3346 3637 3655 3710 κατήγορει
3692 3640 3757 3690 Ὢ

2107 3728 2277 3803 λῃστὰ
2326 3733 2404 3800 τῷ
2444 3724 2687 3803 προδότῃ
2731 3733 2831 3795 τῆς
2882 3725 3124 3802 ἀγχόνης
3175 3725 3354 3802 φανεὶς
3422 3724 3753 3799 βαρύτεροςί

2104 3822 2172 3873 Ὦ
2201 3817 2373 3893 λῃστά
2402 3819 2429 3871 ὁ
2458 3818 2555 3885 τὴν
2611 3820 2708 3871 τοῦ
2760 3812 2939 3871 Ἰούδα
2984 3812 3278 3890 προδοσίαν
3332 3814 3468 3870 κατά
3514 3817 3611 3868 τοῦ
3646 3811 3758 3868 δια-

2106 3904 2276 3964 ϐόλου
2312 3904 2684 3981 μιμησάμενεί
2720 3906 2785 3959 Ὠ
2815 3903 2987 3977 λῃστά
3032 3906 3101 3977 τῇ
3151 3901 3353 3958 ἐκείνου
3400 3902 3572 3978 τέχνῃ
3623 3914 3752 3966 θαυ-

2107 4001 2326 4071 μαστῶς
2386 3997 2501 4051 κατ’
2532 3994 2738 4049 ἐκείνου
2793 3993 3139 4070 χρησάμενεί
3172 3997 3236 4048 Ὢ
3295 3990 3472 4068 λῃστά
3529 3989 3755 4055 δικαίως

2100 4085 2193 4143 τὸν
2258 4085 2488 4160 Χριστὸν
2547 4082 2835 4160 ἀγοράσας,
2893 4084 2982 4137 καὶ
3044 4081 3290 4159 μάρτυρα
3358 4089 3459 4153 τῆς
3511 4084 3756 4154 κτήσεως

2100 4176 2192 4232 τὸν
2278 4174 2507 4251 σταυρὸν
2590 4172 2927 4249 έπαγόμενεί
2962 4176 3026 4226 Ὠ
3076 4170 3280 4249 Πέτρου
3364 4175 3757 4249 συστρατιῶτα,

2101 4265 2192 4319 καὶ
2221 4268 2330 4319 τῶν
2362 4259 2681 4317 ἀποστόλων
2716 4261 3038 4335 συμμύσταί

2172 4356 2227 4410 5.
2261 4350 2536 4423 Διεδέξατο
2589 4348 2646 4405 δὶ
2695 4350 2786 4405 τὸν
2839 4350 3063 4425 σταυρὸν
3117 4352 3144 4405 6
3172 4354 3362 4429 τάφος,
3393 4355 3587 4426 νεκροῦ
3636 4354 3755 4405 πεῖ-

2104 4464 2197 4520 ραν
2259 4440 2358 4496 οὐκ
2414 4439 2580 4516 ἔχων.
2616 4444 2679 4494 Ὠ
2707 4438 2875 4518 τάφος
2936 4438 3219 4503 ἀθανασίας
3278 4440 3486 4516 χωρίον
3517 4442 3529 4496 ί
3563 4442 3631 4494 Ὦ
3658 4438 3753 4495 τά-

2103 4554 2200 4611 φος
2233 4529 2568 4591 ἀναστάσεως
2627 4528 3023 4605 έργαστήριονί
3058 4530 3125 4583 Ὦ
3177 4533 3347 4608 τάφος
3404 4534 3511 4585 τῶν
3569 4528 3756 4611 τάφων

332 4626 741 4700 sepulcrorum
777 4624 1120 4681 destructio!
1154 4623 1554 4695 Osepulcrum
1588 4623 1779 4696 inquo
1804 4641 1986 4695 mors,

2118 4619 2420 4683 ιατάλυσιςί
2455 4621 2521 4673 Ὢ
2550 4619 2717 4697 τάφος
2750 4616 2801 4673 έν
2840 4619 2885 4690 ᾧ
2931 4617 3155 4683 θάνατος
3205 4624 3303 4675 τοῦ
3354 4618 3487 4675 εἶναι
3526 4619 3754 4679 θάνατος

333 4730 494 4771 mors
524 4729 654 4771 esse
684 4713 902 4770 desinit
934 4713 946 4768 Ι
981 4713 1025 4768 Ο
1058 4712 1397 4784 sepulcrum
1428 4714 1485 4769 in
1520 4729 1634 4784 quo
1656 4714 1845 4769 oritur
1872 4715 1991 4771 vita

332 4821 463 4876 quin
515 4802 768 4859 termino
818 4800 1019 4859 caret!
1072 4801 1277 4870 Probe,
1330 4801 1667 4874 sepulcrum
1725 4819 1989 4860 novum:

335 4910 549 4966 nempe
575 4894 685 4949 fuit
716 4892 825 4948 hoc
849 4891 1056 4949 divina:
1089 4892 1286 4964 gratias
1320 4890 1658 4947 consilium.
1688 4893 1992 4964 Siquidem

337 4999 408 5039 ne
439 4984 788 5040 cadaverum
823 4981 1140 5037 multitudo
1190 4981 1438 5036 dubium
1489 4981 1757 5037 redderet
1805 4998 1995 5038 resur-

334 5078 589 5147 gentem,
624 5088 766 5128 neve
795 5072 1032 5128 Judaaus
1081 5070 1217 5126 hinc
1260 5069 1570 5126 calumnias
1622 5071 1991 5129 occasionem

324 5163 629 5235 arriperet,
668 5176 917 5217 vacuum
961 5160 1345 5216 cadaveribus
1392 5159 1728 5232 sepulcrum
1759 5163 1993 5236 conspi-

324 5251 497 5319 citur,
531 5252 686 5324 quod
719 5250 1028 5307 Judaicam
1063 5247 1326 5321 linguam
1361 5254 1728 5316 coerceat,ac
1757 5255 1990 5308 tantum

551 5450 638 5523 Ite
670 5465 813 5523 m_ss_.
866 5448 1017 5505 Editi
1075 5464 1236 5523 vero,
1288 5442 1589 5523 παραλόγῳ
1636 5443 1990 5523 *καταδικάζει

332 5517 545 5593 τόλμαν
608 5517 882 5575 Ἰουδαίων
910 5594 917 5595 7
943 5519 1328 5595 παρανόμων.⁸
1361 5517 1803 5595 Μοξμύριρθτὶ.
1856 5522 1882 5576 1
1936 5525 1995 5578 et

339 5591 480 5665 Reg.
511 5595 741 5675 κρεμχᾷ.
776 5594 948 5661 Editi,
977 5591 1173 5667 κρεμᾷῤ
1206 5592 1354 5649 Ibid.
1388 5591 1551 5648 Colb.
1586 5593 1637 5661 1,
1668 5592 1724 5661 2,
1755 5596 1991 5666 σταυρῷ,

341 5681 445 5738 pro
475 5681 705 5733 σεισμῳ.

414 5733 528 5808 (36)
558 5734 651 5789 Sic
682 5750 825 5791 mss.
868 5734 1020 5793 Editi
1068 5752 1225 5809 vero,
1253 5738 1369 5796 τοῖς
1414 5729 1723 5812 γράμμασι,
1755 5731 1990 5813 Κύριε...

2099 4710 2355 4768 παύεταιί
2418 4714 2482 4764 Ὠ
2537 4708 2704 4787 τάφος
2762 4707 2814 4764 έν
2870 4708 2916 4781 ᾧ
2977 4709 3090 4778 ζωή
3151 4707 3337 4765 φύεται
3416 4707 3581 4784 πέρας
3658 4705 3759 4763 οὐκ

2104 4799 2337 4877 ἔχουσαί
2376 4797 2573 4862 Καλῶς
2626 4799 2654 4853 ὁ
2697 4799 2865 4876 τάφος
2910 4799 3120 4860 καινόςί
3152 4801 3322 4853 Τοῦτο
3371 4797 3470 4867 τῆς
3528 4798 3758 4872 χάριτος

2107 4890 2388 4968 βούλημα.
2422 4891 2537 4946 Ἵνα
2565 4889 2665 4965 γὰρ
2701 4889 2779 4961 μὴ
2809 4892 2917 4943 τῶν
2961 4891 3164 4965 νεκρῶν
3207 4888 3270 4942 τὸ
3319 4886 3532 4957 πλῆθος
3583 4885 3753 4958 ἀμφί-

2103 4977 2269 5036 ϐολον
2331 4977 2475 5053 δείξῃ
2530 4979 2620 5033 τὸν
2697 4977 3016 5045 ἀναστάντα,
3055 4980 3145 5032 καὶ
3203 4976 3369 5033 πάλιν
3412 4978 3440 5032 ὁ
3492 4973 3753 5037 Ἰουδαῖος

2105 5065 2246 5144 λάϐῃ
2272 5076 2371 5139 τῆς
2419 5065 2776 5145 συκοφαντίας
2823 5065 2918 5127 τὰς
2966 5065 3125 5136 ὕλας,
3156 5066 3361 5143 γυμνὸς
3408 5066 3596 5141 ὁρᾶται
3650 5068 3755 5117 τῶν

2100 5160 2362 5234 κειμένων
2424 5158 2452 5211 ὁ
2500 5157 2692 5233 τάφος,
2740 5152 2987 5230 γλῶτταν
3050 5152 3352 5224 Ἰουδαϊκὴν
3408 5152 3751 5234 άφοπλίζων,

2105 5246 2406 5323 μονονουχὶ
2456 5249 2678 5299 τοιαῦτα
2707 5244 2845 5319 πρὸς
2893 5245 2985 5300 τὸν
3033 5242 3294 5301 Ἰουδαῖον
3335 5240 3753 5323 ἀποφθεγγόμε-

2108 5443 2358 5524 βασι-Λεία
2406 5447 2621 5524 σουιὮ
2665 5443 2871 5524 μέτρου
2919 5447 3290 5524 συστρατιῶτα
3333 5447 3443 5499 τῶν
3476 5439 3755 5502 Ἰουδαίων

2102 5513 2393 5593 κατήγορε.
2425 5521 2491 5571 Ὦ
2520 5513 2719 5593 λῃστά,
2748 5513 2986 5593 omissis
3015 5513 3398 5593 quibusdam.

2170 5586 2287 5666 (37')
2314 5586 2411 5666 i§ic
2440 5586 2584 5646 mss.
2618 5589 2772 5666 Editi
2789 5605 2955 5666 _vero,
2987 5586 3111 5666 sip!
3140 5589 3208 5666 τρ
3234 5586 3416 5666 ξύλον.

2463 5678 2604 5719 mss.
2651 5659 2804 5718 Editi
2872 5656 3030 5730 vero,
3058 5656 3424 5736 ’ὁμολογητά.
3467 5659 3533 5713 Ὦ
3579 5656 3761 5735 λῃστὰ

2100 5753 2379 5792 παιοευτα.
