4120 6354
347 331 529 446 inm

1251 371 1578 440 HOMILIA
1625 378 1701 437 ΙΝ
1751 378 1862 437 SS.
1910 374 2215 435 PA'IRES
2262 374 2360 436 ET
2404 373 2892 440 PROPHETAS.

3644 392 3662 446 i
3677 391 3798 448 062

378 531 492 576 νος·
551 511 617 570 Τί
675 511 874 585 λὲγεις,
934 510 978 563 ὧ
1037 509 1374 586 συκοῳάντσω
1439 508 1637 582 Νεκρὸν
1688 503 1872 582 ἕτερον
1930 503 2107 579 ούχΑ

2174 523 2266 561 ion
2299 507 2532 564 Judaeos
2563 509 2642 564 ita
2669 511 2976 583 compellat
3009 531 3019 568 ε
3053 514 3198 578 Quid
3261 515 3345 573 ais
3397 520 3798 592 sycophanta?

381 606 532 678 ὁρᾷς·
596 601 794 656 οὐκοῦν
852 604 931 672 τῷ
985 597 1322 671 ἀνισταμένῳ
1380 597 1790 671 προσκύνησονί
1850 594 2032 657 Οὲασαι

381 691 542 748 αὐτὸν
603 687 985 766 ἐγηγερμένον,
1043 687 1133 742 καὶ
1182 689 1280 756 τήν
1352 684 1664 740 δεσποτείαν
1747 683 2032 759 ἐπίγνωθι*

381 783 442 836 ’ὸν
476 779 664 855 νεκρόν
698 799 789 851 μοι
822 772 1161 851 παρέδωκας,
1194 774 1453 836 ἀθάνατον
1503 769 1844 842 ἀντιδίδωμι.
1878 767 2036 824 Ἀλλ’

385 871 487 927 οὐκ
515 854 738 941 ἠρκεῖτο
785 866 1000 926 τούτοις
1034 866 1145 937 (39)
1178 863 1204 917 0
1252 860 1531 923 Ἰουδαῖος·
1588 859 1929 914 ἐπισυνάπτει
1982 854 2040 910 δὲ

381 965 462 1032 τῷ
490 961 647 1036 τάφῳ
675 957 770 1018 τὰς
812 951 1134 1031 σφραγῖδας.
1180 952 1372 1016 "Aelia
1419 952 1509 1006 καὶ
1554 947 1834 1020 παιάΘλιε,
1887 950 1913 1002 ὁ
1945 951 2040 1002 106

385 1051 620 1106 θανάτου
677 1047 771 1107 τὰς
829 1042 1017 1105 ὀδύνας
1077 1041 1374 1110 λύων,τᾶς
1428 1037 1725 1118 σφραγῖδας
1760 1039 1820 1092 ού
1882 1037 2040 1105 Mai;

382 1141 447 1198 Ὀ
507 1135 782 1193 σκυλεύων
845 1134 935 1189 τὸν
1016 1127 1176 1204 ᾅδην,
1245 1132 1313 1186 τὰ
1393 1134 1676 1205 σήμαντρα
1755 1122 2042 1206 possint;

390 1228 660 1306 Σφράγιζε
697 1225 788 1278 τὸν
843 1223 1039 1300 τάφον,
1091 1218 1453 1292 ἐπισημαίνου
1512 1218 1603 1272 τὸν
1653 1215 1828 1284 λίθον,
1890 1234 2044 1306 στρα-

384 1302 586 1377 τιῶτας
616 1312 929 1383 ἐπίστησον,
979 1310 1265 1385 πολιόρκει
1308 1310 1371 1364 τὸ
1424 1310 1610 1380 μνῆμα
1655 1308 1790 1379 (40).
1850 1302 2046 1371 Μειζόν

396 1428 501 1480 μου
556 1407 732 1465 ποιεῖς
789 1401 852 1457 τὸ
914 1400 1264 1476 κατόρθωμα,
1327 1398 1517 1462 θεατὰς
1576 1403 1676 1465 τῆς
1712 1393 2047 1454 ἀναστάσεως

399 1493 746 1569 εὖτρεπίζεις,
809 1491 1082 1566 μάρτυρας
1131 1494 1233 1560 τῆς
1293 1486 1554 1562 ὲγέρσεως
1612 1483 1813 1563 φέρεις,
1870 1484 2048 1556 κήρυ-

398 1605 496 1646 κας
526 1587 630 1637 τῶν
657 1580 804 1655 ἐμῶν
863 1579 1153 1652 θαυμάτων
1211 1575 1339 1638 τοὺς
1387 1576 1510 1636 σοὺς
1562 1575 1832 1649 ὑπηρέτας
1863 1592 2052 1626 κατασ-

396 1672 659 1742 κευάζεις.

467 1764 522 1818 6.
554 1764 728 1836 Λεῦρο
760 1759 850 1814 οὗν
886 1759 1019 1832 (lii),
1053 1753 1280 1834 ἀδελφοὶ
1315 1753 1584 1826 μείνωμεν
1607 1749 1931 1820 τὰς,ὠδῖνας
1956 1753 2052 1804 τοῦ

395 1853 592 1929 τάφου.
649 1846 883 1921 ’Ἰδωμεν
934 1846 1068 1908 τὲως
1119 1844 1540 1921 δωροφοροῦντα
1579 1843 1671 1896 τὸν
1704 1842 1929 1917 Ἰωσὴφ,
1962 1838 2052 1892 καὶ

395 1927 489 1998 τὸν
569 1936 885 2011 Νικόδημον
969 1937 1357 2012 συντρέχοντα,
1426 1930 1622 1987 σινδόνι
1676 1932 1901 2005 καθαρᾷ,
1959 1927 2051 1982 καὶ

400 2029 656 2096 ὀθονίοις,
705 2027 795 2082 καὶ
847 2024 1120 2102 σουδαρίῳ
1166 2021 1635 2100 περιειλίσσοντας
1690 2021 1781 2074 τὸν
1804 2022 1900 2073 106
1931 2039 2059 2071 παν-

398 2121 490 2182 τὸς
551 2117 776 2188 Κύριον,
834 2113 1072 2188 σμύρναν
1129 2133 1188 2166 τε
1233 2111 1323 2166 καὶ
1372 2109 1570 2182 ἀλύην,
1619 2109 1686 2163 τὰ
1715 2115 1812 2176 τῆς
1848 2107 2057 2184 ἀφθαρ-

402 2209 520 2271 σίας
551 2201 828 2282 σύμϐολα,
865 2201 1358 2280 προσκομίζοντας.
1395 2197 1624 2272 Ἰδωμεν
1685 2193 2059 2274 κυοφορουμέ-

403 2321 500 2370 νην
550 2298 650 2366 τὴν
709 2295 1013 2350 ἀνάστασιν.
1073 2294 1304 2364 Ἲοωμεν
1346 2288 1576 2366 γαστέρα
1606 2287 1777 2364 τάφου
1805 2293 1903 2355 τῆς
1937 2286 2059 2339 ανα-

405 2389 642 2447 στάσεως
677 2384 906 2458 μητέρα.
939 2379 1228 2452 Μείνωμεν
1264 2377 1395 2434 ἰδεῖν
1445 2378 1537 2432 τὸν
1570 2376 1800 2452 Χριστὸν
1832 2393 2059 2448 τροπαι-

407 2483 577 2553 οῦχον
631 2474 689 2530 ἐκ
743 2474 915 2550 τάφου
975 2470 1421 2545 συνεγειρόμενον
1482 2470 1614 2541 (42)·
1677 2465 1893 2532 καὶτήν
1926 2463 2060 2516 κατὰ

408 2551 639 2620 θανάτου
697 2563 788 2617 καὶ
843 2559 1102 2636 τυράννου
1148 2557 1304 2627 νίκην
1372 2553 1800 2628 ἀναδησάμενον.
1868 2551 2056 2605 Τοίνυν

409 2649 629 2731 φαιδροὶ
661 2646 882 2728 φαιδρῷ·
901 2651 982 2719 τῷ
1011 2646 1351 2719 ἀνισταμένῳ
1381 2647 1596 2716 Χριστῷ
1622 2637 2054 2731 Δπροσελφωμεν.

410 2727 564 2813 Ᾰύτῷ
604 2727 707 2815 γὰρ
757 2736 948 2814 πρέπει
1008 2735 1152 2789 πάσα
1201 2731 1348 2804 δόξα,
1378 2732 1515 2804 τιμή
1548 2729 1637 2784 καὶ
1669 2727 2057 2805 προσκύνησις,

409 2829 502 2885 σὺν
525 2833 608 2902 τῷ
639 2827 809 2903 ΙῙατρί
839 2825 930 2880 καὶ
954 2829 1034 2896 τῷ
1066 2823 1200 2899 ἁγίῳ
1229 2820 1524 2894 Ηνεύματι,
1559 2819 1633 2882 εἷς
1684 2817 1810 2879 τοὺς
1861 2817 2057 2871 αἰῶνας

407 2925 517 2976 τῶν
548 2918 786 2974 αἰώνων.
822 2917 878 2972 Ἀ
891 2916 1022 2989 μήν.

479 3081 594 3151 (39)
624 3081 714 3135 Sie
743 3094 887 3133 mss.
1108 3090 1259 3151 vero,
1295 3069 1394 3151 οὐκ
1424 3070 1576 3145 ἀρκεῖ
1602 3067 1910 3128 τοσούτους.

480 3144 594 3223 (40)
629 3154 712 3206 Ita
745 3166 886 3223 mss.
917 3148 1092 3223 Editi,
1224 3144 1502 3223 μνήματα.

484 3211 594 3297 (ιιι)
618 3225 676 3279 In
710 3222 883 3278 editis
917 3211 1260 3290 haecgmap‘o
1293 3211 1385 3268 οὖν
1554 3217 1652 3266 τοῦ
1682 3212 1876 3288 τάφου,
1909 3211 2055 3266 infe-

2147 595 2444 650 Mortuum
2504 597 2684 653 alium
2747 617 2860 656 non
2919 603 3126 659 vides:
3163 615 3566 680 resurgentem
3620 611 3802 682 igitur

2147 685 2326 740 adora
2362 703 2374 739 :
2409 688 2806 759 contemplare
2855 691 3021 746 illum
3082 696 3494 754 resuscitatum
3552 700 3802 771 eiusque

2149 772 2478 828 dominium
2512 791 2764 846 agnosce
2796 795 2808 832 :
2844 795 3018 848 quem
3044 781 3186 835 mihi
3219 788 3514 840 mortuum
3550 787 3808 841 tradide-

2149 878 2266 928 ras,
2301 863 2692 920 immortalem
2725 866 2826 919 tibi
2863 869 3060 923 reddo.
3095 870 3199 925 Sed
3233 870 3289 925 id
3322 873 3564 929 minime
3599 875 3803 930 Judaeo

2152 952 2297 1006 satis
2331 953 2440 1007 fuit
2472 969 2483 1007 :
2521 955 2747 1008 addidit
2777 955 2931 1011 enim
2966 958 3234 1029 sepulcro
3266 963 3658 1033 signaculum.
3696 966 3801 1020 Mi-

2152 1057 2267 1106 ser,
2302 1042 2419 1098 imo
2453 1043 2780 1099 miserrime
2815 1062 2826 1099 :
2862 1047 2962 1117 qui
2992 1047 3196 1104 mortis
3225 1050 3455 1107 dolores
3487 1053 3676 1122 solvit,
3713 1072 3816 1110 an-

2155 1147 2268 1185 non
2303 1130 2486 1186 solvet
2517 1133 2858 1204 signacula?
2892 1135 2999 1201 Qui
3051 1138 3345 1194 infernum
3404 1142 3672 1213 diripuit,
3733 1161 3808 1200 an

2155 1219 2465 1290 signacula
2495 1222 2939 1279 ret’ormidabit?
2969 1225 3227 1298 Obsigna
3259 1230 3618 1301 sepulcrum,
3643 1231 3814 1304 signa

2154 1307 2429 1379 lapidem,
2465 1311 2678 1366 milites
2711 1318 2923 1380 statue,
2976 1317 3313 1386 sepulcrum
3373 1320 3598 1376 obside.
3660 1326 3820 1377 Prae-

2159 1398 2500 1454 stantiorem
2541 1417 2575 1455 a
2603 1418 2693 1457 me
2719 1409 2946 1471 gestam
2981 1419 3101 1458 rem
3136 1406 3353 1461 efﬁcies
3392 1425 3404 1462 :
3440 1411 3818 1466 resurrectio-

2160 1485 2252 1541 nis
2283 1492 2639 1558 spectatores
2671 1491 2942 1556 adornas,
2989 1499 3167 1547 testes
3228 1499 3676 1554 resurrectionis
3736 1481 3840 1555 af-i

2163 1577 2276 1631 fers
2340 1594 2351 1632 :
2415 1577 2832 1634 miraculorum
2868 1598 3129 1636 meorum
3167 1601 3480 1654 praecones,
3515 1587 3820 1646 ministros

2164 1665 2386 1720 scilicet
2418 1672 2570 1728 tuos.
2609 1685 2922 1740 praeparata.

2233 1756 2284 1809 6.
2321 1757 2487 1826 Agite
2517 1773 2673 1828 ergo,
2711 1759 2937 1824 fratres,
2970 1768 3373 1832 exspectemus
3404 1767 3652 1837 sepulcri
3688 1783 3818 1838 par-

2163 1846 2608 1901 tus.Videamus
2639 1847 2854 1919 Joseph
2890 1851 3042 1905 dona
3074 1856 3375 1910 ferentem.
3403 1857 3821 1913 Nicodemum-

2163 1951 2277 2006 que
2333 1935 2443 2006 ipsi
2479 1944 2944 2003 concurrentem,
2971 1940 3217 1995 sindone
3249 1945 3490 2011 munda,
3527 1949 3738 2017 pannis
3764 1952 3825 2004 et

2168 2025 2404 2081 sudario
2436 2026 2747 2080 Dominum
2787 2028 3038 2083 universi
3071 2030 3458 2100 obvolveutes,
3523 2037 3823 2107 myrrham

2168 2119 2224 2170 et
2283 2115 2448 2169 aloen
2500 2114 2966 2172 immortalitatis
2998 2119 3263 2188 symbola
3293 2123 3619 2179 atterentes.
3655 2126 3824 2198 Aspi-

2169 2204 2391 2258 ciamus
2421 2205 2907 2259 resurrectionem
2935 2207 3100 2276 quasi
3126 2213 3354 2263 uterum
3376 2215 3827 2281 gestantem.Vi-

2169 2294 2416 2348 deamus
2449 2293 2700 2364 sepulcri
2751 2298 2980 2349 uterum
3043 2299 3489 2355 resurrectionis
3549 2309 3818 2361 matrem.

2169 2386 2585 2453 Exspectemus
2638 2382 2817 2437 visuri
2868 2383 3181 2440 Dominum
3212 2403 3346 2442 cum
3379 2394 3594 2461 tropaeo
3626 2408 3696 2448 ex
3725 2409 3817 2449 se-

2170 2470 2368 2541 pulcro
2400 2475 2896 2542 resurgentem,et
2925 2473 3226 2528 victoriam
3261 2477 3332 2531 de
3363 2479 3632 2549 sepulcro
3663 2487 3719 2537 et
3751 2484 3822 2540 de

2167 2565 2414 2631 tyranno
2448 2565 2862 2630 reportantem.
2901 2561 3098 2633 Itaque
3128 2561 3238 2617 laeti
3289 2567 3360 2620 ad
3412 2566 3606 2624 latum
3659 2571 3823 2627 Chri-

2170 2654 2328 2703 stum
2378 2654 2777 2719 resurgentem
2829 2652 3196 2707 accedamus.
3251 2654 3419 2710 Illum
3469 2658 3626 2713 enim
3661 2661 3827 2717 decet

2169 2737 2362 2792 omnis
2393 2737 2599 2809 gloria,
2635 2737 2837 2804 honor,
2863 2740 3125 2795 adoratio
3158 2758 3291 2797 cum
3323 2749 3493 2801 Patre
3519 2753 3576 2803 et
3603 2749 3826 2820 Spiritu

2169 2832 2373 2882 sancto
2404 2827 2458 2881 in
2496 2827 2708 2882 saecula
2739 2827 3106 2884 saeculorum.
3143 2839 3350 2887 Amen.

2170 2993 2293 3047 rius
2325 2989 2516 3061 posita
2547 2995 2707 3048 sunt.
2740 2989 2801 3061 in
2837 3005 2980 3043 mss.
3021 3006 3152 3045 vero
3186 2991 3281 3046 hic
3312 2992 3624 3061 habentur.

2239 3058 2468 3142 ‘lta
2501 3079 2644 3142 mss,
2687 3060 2835 3142 Editi
2896 3077 3048 3142 vero,
3101 3058 3565 3138 συνεγειρὸμενον.
3626 3068 3822 3125 Τοίνυν

2167 3131 2408 3210 φαιδροί,
2443 3132 2680 3188 omissis
2715 3131 3094 3202 quibusdam.

1276 3337 3836 3364 Mm

1321 3450 1474 3506 388
1511 3449 1579 3504 lN
1621 3446 2056 3514 SEQUENTEM
2097 3441 2453 3500 HOMILIAM
2494 3439 2923 3495 ADMONlTlO.

493 3579 658 3630 Hanc
683 3573 964 3644 publicam
991 3571 1118 3640 fecit
1149 3568 1492 3633 Hotslcnius,
1545 3565 1951 3635 Athanasioque
2017 3557 2442 3633 abjudicandam
2507 3557 2745 3626 putauit,
2810 3572 2896 3611 nec
2971 3557 3320 3628 injura:est
3385 3565 3533 3619 enim
3599 3567 3831 3639 ineptis-

411 3666 545 3719 simi
612 3663 850 3719 hominis
915 3664 1079 3732 fetus,
1146 3667 1206 3713 ut
1270 3658 1451 3729 primo
1517 3659 1735 3725 aspectu
1797 3651 2095 3709 wstirnabit
2158 3649 2410 3704 eruditus
2478 3646 2690 3699 lector:
2721 3655 2881 3716 atque
2921 3653 3037 3714 post
3070 3649 3546 3708 lconomachorum
3579 3655 3831 3714 haeresim

409 3754 717 3822 conscripta
747 3750 965 3805 videtur
990 3764 1059 3803 ea:
1088 3748 1158 3802 iis
1187 3760 1312 3818 qua
1342 3745 1407 3799 de
1436 3743 1775 3811 imaginibus
1804 3745 1905 3796 sub
1934 3743 2102 3811 ﬁnem
2133 3739 2426 3793 habentur.
2465 3735 2592 3802 Quae
2623 3735 2839 3789 etiamsi
2870 3739 2926 3788 ut
2973 3737 3282 3792 arbitratus
3339 3751 3418 3796 est
3479 3742 3832 3816 Combe/ista:

414 3863 471 3916 p.
531 3842 656 3910 564,
719 3848 937 3913 possent
985 3847 1113 3894 ante
1179 3836 1638 3893 lconoclaslarum
1685 3841 1906 3888 aetatem
1960 3830 2166 3903 scripta
2193 3830 2391 3900 fuisse,
2423 3841 2571 3897 aegre
2599 3833 2783 3881 tamen
2810 3834 3058 3897 tempore
3087 3830 3382 3887 Athanasii
3409 3837 3613 3907 scripta
3643 3855 3836 3896 conce-

408 3935 642 3988 duntur.

1583 4129 1712 4184 ΤΟΥ
1752 4127 1842 4182 EN
1883 4125 2112 4182 ΑΓΙΟΙΣ
2155 4123 2428 4179 ΠΑΤΡΟΣ
2471 4123 2661 4176 [ΙΜΩΝ

1761 4264 2490 4365 ΑΘΑΝΑΣΙΟΥ

417 4443 509 4506 Εἰς
563 4441 695 4504 τοὺς
750 4439 938 4516 ἁγίους
996 4435 1238 4514 ΙΙατέρας
1294 4435 1384 4490 καὶ
1443 4435 1753 4512 προφήτας,
1812 4431 1901 4486 καὶ
1957 4430 2037 4516 εἷς
2109 4430 2208 4516 τὴν
2285 4428 2586 4482 πάνσεπτον
2645 4421 2994 4499 Ἐκκλησίαν,
3055 4427 3141 4483 καὶ
3197 4430 3272 4492 εἰς
3330 4433 3420 4488 τὸν
3479 4433 3560 4490 λδ’
3616 4440 3836 4513 ψαλμὸν

2018 4499 2233 4575 ὁμιλία.

1503 4757 1597 4850 S.
1674 4755 1785 4849 P.
1862 4754 1979 4848 N.
2055 4748 2774 4847 ATHANASII

478 4921 542 4976 ιη
570 4925 787 4976 sanctos
819 4919 1008 4973 Patres
1037 4919 1090 4972 et
1114 4912 1428 4987 prophetas,
1461 4915 1514 4967 et
1543 4913 1603 4966 in
1633 4909 1937 4966 admodum
1968 4908 2347 4964 venerandam
2384 4907 2702 4974 Ecclesium,
2738 4909 2900 4977 atque
2936 4906 2992 4960 in
3023 4911 3304 4977 psalmum
3337 4929 3506 4970 xxxw
3534 4915 3786 4976 homih’a.

499 5163 550 5218 1.
581 5164 644 5215 Ἦ
673 5155 995 5234 ποδηγοῦσα
1051 5153 1231 5216 πίστις
1291 5152 1369 5214 εἲς
1425 5153 1524 5222 τὴν
1559 5147 1683 5207 ὁδὸν
1715 5156 1812 5219 τῆς
1843 5150 2078 5225 θεογνω-
2111 5152 2153 5218 ρ

426 5249 571 5322 σίας,
602 5247 692 5304 καὶ
720 5247 820 5316 τήν
850 5245 1096 5319 ἐνάρετον
1147 5243 1237 5300 καὶ
1268 5241 1649 5314 ἀκατάληπτον
1681 5237 1982 5306 πολιτείαν,
2016 5237 2078 5293 οὐ

423 5340 691 5414 νεωτέραν
720 5332 838 5412 ἔχει
891 5336 990 5404 τὴν
1041 5334 1243 5409 ἀρχὴν,
1295 5332 1473 5396 καθώς
1503 5350 1660 5409 φασιν
1692 5328 1955 5402 ἀνόμιμοι
1987 5326 2079 5414 καί

424 5413 706 5504 ἀλιτήριοι
767 5420 1046 5480 Ἰουδαῖοι·
1106 5420 1232 5476 ἀλλ’
1293 5418 1506 5504 ἄνωθεν,
1556 5418 1616 5474 ἐκ
1650 5421 1759 5473 τῶν
1795 5416 1958 5472 ὀσίων
1987 5413 2078 5471 καὶ

426 5503 664 5572 εὐσεϐῶν
696 5511 974 5586 Πατὲρων,
1004 5507 1152 5585 λέγω
1185 5507 1242 5564 δὲ
1279 5514 1376 5564 106
1409 5503 1601 5576 Ἅϐελ,
1628 5507 1717 5562 καὶ
1748 5510 1844 5562 τοῦ
1877 5506 2078 5579 Ἑνὼχ,

425 5606 516 5663 καὶ
573 5609 673 5662 τοῦ
731 5606 872 5673 Νῶε,
922 5598 1012 5654 καὶ
1068 5603 1166 5654 106
1216 5594 1484 5675 Ἂϐραὰμ,
1534 5596 1625 5652 καὶ
1667 5599 1774 5652 τῶν
1804 5593 1989 5650 ἄλλων
2022 5592 2081 5648 δὶ

502 5732 616 5811 (43)
645 5730 984 5790 Holstenius
1011 5730 1204 5806 vertit,
1236 5727 1734 5803 irreprehensibile.

2267 5149 2316 5203 1.
2377 5149 2541 5203 Fides
2590 5165 2717 5220 quae
2767 5149 2930 5205 ducit
2960 5150 3032 5204 ad
3065 5151 3217 5207 viam
3251 5153 3601 5224 cognitionis
3634 5157 3756 5227 Dei,
3788 5162 3847 5215 et

2189 5237 2257 5292 ad
2295 5239 2540 5308 probum
2574 5238 3283 5312 incomprehensibileque
3317 5243 3430 5315 (34)
3452 5243 3579 5299 vita:
3613 5246 3848 5303 institu-

2190 5330 2339 5394 tum,
2372 5342 2486 5380 non
2521 5327 2770 5380 recentis
2802 5329 2892 5381 est
2923 5326 3096 5396 initii,
3128 5333 3186 5382 ut
3215 5329 3382 5386 aiunt
3414 5331 3580 5405 impii
3607 5333 3689 5389 illi
3720 5350 3845 5392 sce-

2214 5416 2481 5487 eratique
2537 5415 2722 5470 Judaei
2759 5431 2772 5468 ;
2810 5414 2909 5469 sed
2935 5417 3060 5484 jam
3094 5415 3234 5471 olim
3272 5434 3305 5470 a
3337 5421 3558 5477 sanctis
3612 5423 3845 5496 piisque

2191 5505 2481 5576 Patribus,
2526 5503 2667 5559 Abel
2718 5503 2868 5570 dico,
2903 5504 3123 5570 Euoch,
3160 5505 3296 5571 Noe,
3329 5509 3648 5584 Abraham,
3681 5513 3841 5569 aliis-

2189 5610 2303 5665 que
2333 5591 2812 5663 omnibusjustis
2836 5591 2974 5648 viris
3005 5595 3130 5648 orta
3157 5597 3264 5649 est.
3298 5598 3460 5662 Quod
3510 5617 3653 5658 sane
3701 5619 3841 5661 con-
