4120 6372
369 378 524 441 1063

1534 372 1602 435 s.
1645 367 2161 434 ATHANASIUS.
2200 403 2273 419 -
2304 368 2614 459 SPURIA.

3630 371 3790 439 £064

367 514 639 586 spicuum
671 515 762 567 est
790 526 859 565 ex
889 507 962 565 iis
992 525 1119 581 quae
1154 505 1415 578 loquitur
1464 506 1702 574 Paulus,
1752 522 1853 560 vas
1902 504 1994 560 elei

2130 501 2342 557 πάντων
2405 500 2649 561 δικαίων.
2712 503 2813 562 Καὶ
2867 500 3029 560 τοῦτο
3078 501 3249 575 δῆλον
3278 503 3339 562 ἐκ
3365 510 3463 561 τοῦ
3504 505 3675 561 εἰπεῖν
3718 506 3783 563 τὰ

364 602 597 665 ctionis,
656 616 760 655 vas
817 597 1298 669 unguentariam,
1342 601 1400 652 et
1430 595 1707 651 columna
1736 594 2018 659 veritatis,

365 690 467 763 qui
489 690 607 745 haec
629 688 930 761 ipsissima
949 686 1155 741 scribit
1178 687 1352 742 verba
1371 685 1615 740 83:Fides
1629 683 1824 739 Abelis
1838 683 2019 755 pluri-

365 796 522 834 mam
554 778 809 834 hostiam
851 792 1027 849 quam
1062 792 1095 830 a
1126 775 1298 829 Criino
1357 772 1581 845 accepit
1632 778 1803 839 Deus,
1866 773 2020 827 unde

362 868 539 924 etiam
597 867 737 922 vivit
777 866 838 921 in
868 870 1175 920 aternum.
1212 866 1343 920 Fide
1376 863 1568 919 Enoch
1606 868 1716 918 Deo
1748 868 2019 933 acceptus

363 957 689 1014 translatus
716 962 806 1013 est
858 957 917 1011 in
976 955 1338 1027 paradisum,
1400 971 1533 1010 cum
1606 970 1720 1010 non
1774 954 2021 1008 vidisset

362 1063 738 1103 communem
795 1050 1017 1101 naturae
1075 1054 1344 1100 mortem.
1383 1044 1516 1099 Fide
1546 1043 1664 1098 Noe
1692 1042 2020 1098 construxit

361 1153 560 1193 arcam
594 1136 653 1190 in
686 1134 937 1190 salutem
967 1134 1179 1189 domus
1208 1150 1328 1188 sua:
1381 1148 1393 1188 :
1445 1135 1650 1205 typum
1716 1135 2014 1204 gerentem

359 1222 838 1282 inenarrabibilis
868 1222 1476 1289 Ecclesiae,habentem
1508 1222 2019 1291 binas,ternasque

361 1314 850 1387 contignationes,
892 1312 1318 1368 invocationem
1350 1312 1573 1367 scilicet
1604 1311 1812 1377 Patris,
1837 1316 1896 1366 et
1928 1311 2013 1366 Fi-

357 1405 444 1474 lii,
476 1411 535 1461 et
562 1403 818 1475 Spiritus
849 1401 1204 1457 sancti.Fide
1236 1400 1525 1457 Abraham
1558 1417 1832 1474 egressus
1863 1416 1894 1456 e
1924 1415 2013 1456 re-

358 1494 529 1568 gione
561 1490 1357 1558 Chaldmorummabitavitin
1395 1496 1550 1546 terra
1580 1490 2011 1563 promissionis,

366 1589 717 1657 accepturus
746 1580 1038 1637 ccelestem
1075 1581 1388 1651 civitatem,
1425 1597 1743 1653 supernam
1771 1580 2010 1636 Jerusa-

355 1673 493 1743 lem,
517 1676 765 1728 matrem
799 1670 1524 1742 primogenitorum,cujus
1555 1670 1764 1726 artifex
1792 1674 1849 1725 et
1879 1686 2013 1725 con-

354 1763 509 1818 ditor
554 1746 717 1818 solus
748 1761 924 1817 Deus.
959 1760 1097 1815 Fide
1129 1761 1289 1815 lsaac
1321 1774 1454 1815 cum
1487 1759 1792 1814 offerretur
1821 1759 1889 1813 ad
1926 1757 2010 1813 al-

353 1860 496 1923 tare,
530 1868 644 1908 non
694 1851 1053 1922 lacrymatus
1100 1853 1210 1915 est,
1271 1849 1464 1904 sciens
1520 1865 1584 1903 se
1638 1847 2085 1945 praefigurareB

350 1945 582 2013 Agnum
644 1941 744 2010 qui
786 1939 1091 1995 ablaturus
1121 1944 1245 1992 erat
1277 1942 1575 2010 peccatum
1612 1936 1836 1992 mundi.
1876 1936 2009 1992 Fide

347 2030 527 2086 Jacob
558 2029 824 2085 adoravit
867 2027 1271 2083 summitatem
1302 2027 1476 2099 virga:
1499 2025 2013 2094 suae,manifestis-

350 2121 499 2176 sime
524 2119 861 2191 signiﬁcans
893 2117 1187 2173 victricem
1213 2134 1280 2172 ac
1312 2116 1713 2172 beatissimam
1748 2130 2004 2171 crucem.

350 2207 488 2263 Fide
544 2207 760 2279 Joscph
795 2206 1074 2274 moriens,
1110 2205 1409 2261 mandavit
1441 2204 1575 2259 ﬁliis
1602 2204 1780 2260 Israel
1804 2205 1876 2259 de
1907 2221 2005 2260 os-

347 2296 513 2351 sibus
545 2298 692 2365 suis,
726 2301 905 2351 utea
962 2311 1032 2350 ex
1091 2296 1334 2367 ngypto
1392 2294 1707 2364 auferrent,
1772 2311 1847 2350 ne
1904 2292 2008 2349 illa

341 2386 611 2459 Egyptii,
667 2386 834 2458 quasi
889 2385 1096 2450 Deum,
1157 2383 1438 2440 colerent.
1475 2383 1616 2438 Fide
1651 2382 1854 2439 Rahab
1884 2400 2003 2439 non

343 2475 514 2548 periit
543 2493 662 2531 una
690 2491 825 2530 cum
859 2475 1003 2530 urbe
1029 2473 1283 2541 Jericho,
1318 2472 1610 2544 susceptis
1669 2489 1800 2529 cum
1864 2490 2003 2545 pace

340 2564 830 2637 exploratoribus.
894 2564 1031 2620 Fide
1088 2563 1280 2619 Moses
1336 2562 1650 2619 celebravit
1693 2563 1917 2618 Pascha
1947 2567 2005 2619 et

300 2699 311 2707 .
343 2653 687 2710 effusionem
719 2652 1196 2726 sanguinis,utet
1213 2669 1318 2708 nos
1349 2652 1462 2708 fide
1492 2651 1749 2708 salutare
1780 2652 2002 2708 Pascha

342 2743 727 2809 celebremus,
783 2742 912 2799 sine
942 2741 1063 2797 ulla
1110 2741 1403 2815 hypocrisi
1452 2742 1469 2813 (
1523 2764 1549 2791 (ι
1602 2741 1783 2797 Omne
1838 2743 1996 2797 enim

340 2830 494 2896 quod
526 2847 640 2886 non
672 2836 762 2886 est
791 2846 858 2886 ex
890 2831 1002 2886 (ide
1026 2836 1328 2903 peccatum
1361 2836 1452 2885 est
1479 2829 1523 2865 ³⁸
1555 2852 1583 2880 ››
1612 2830 1649 2896 ),
1708 2836 1999 2903 augentes

339 2921 767 2992 sanguine,uon
799 2920 947 2975 duos
980 2923 1177 2991 postes
1198 2919 1650 2991 januarum,sed
1684 2919 2000 2993 obsignan-

340 3016 425 3066 tes
456 3009 716 3067 animam
747 3012 805 3064 et
834 3025 1081 3082 corpus;
1117 3014 1182 3065 ut
1204 3008 1428 3065 Pharao
1459 3025 1595 3065 cum
1655 3008 1886 3064 diabolo
1935 3010 1995 3065 in

338 3101 521 3157 maris
551 3101 731 3157 Rubri
766 3100 972 3173 pelago
1003 3100 1561 3174 submergatur.Nos
1591 3106 1787 3157 autem
1813 3118 1995 3158 novus

332 3187 511 3244 Israel
540 3204 674 3244 cum
710 3188 867 3245 Moss
892 3193 1199 3244 cantemus
1231 3187 1487 3245 victoria:
1516 3189 1835 3244 canticum.
1860 3189 1993 3246 Fide

2130 596 2319 654 σκεῦος
2374 595 2473 661 τῆς
2523 592 2776 668 ἐκλογῆς,
2826 595 2890 650 τὸ
2925 595 3234 673 μυροφόρον
3262 595 3502 672 ἀγγεῖον,
3537 597 3626 651 τὸν
3660 596 3785 652 στύ-

2130 679 2226 735 λον
2253 689 2353 750 τῆς
2386 681 2646 752 ἀληθείας
2680 682 2919 753 Παῦλον,
2952 684 3224 763 γράφοντα
3250 690 3420 741 ταῦτα
3462 685 3551 741 ἐπὶ
3584 685 3783 757 λέξεως

2127 768 2217 823 καὶ
2275 769 2515 847 λέγοντα·
2585 771 2762 828 ΙΙίστει
2831 768 3000 829 Ἀϐελ
3070 772 3298 829 πλείονα
3370 775 3554 830 θυσίαν
3634 777 3785 853 παρά

2130 860 2257 913 Κάϊν
2301 858 2659 936 προσεδέξατο
2712 862 2741 916 6
2795 856 2943 924 Θεὸς’
2987 860 3105 917 ὅθεν
3134 863 3224 918 καὶ
3260 867 3323 937 ζῇ
3358 863 3434 927 εἰς
3466 865 3557 919 τὸν
3585 865 3779 924 αἰῶνα.

2128 948 2311 1005 Πίστει
2346 951 2524 1026 Ἑνὼχ
2554 949 2913 1024 εύαρεστήσας
2942 956 3023 1024 τῷ
3063 956 3202 1025 Θεῷ,
3256 939 3514 1025 μετετέθη.
3564 954 3640 1017 εἰς
3685 956 3780 1010 τὸν

2126 1036 2471 1114 παράδεισον,
2528 1040 2602 1113 μὴ
2655 1039 2980 1112 θεασάμενος
3035 1037 3178 1112 μηδὲ
3217 1042 3309 1096 τὸν
3340 1043 3518 1098 κοινὸν
3549 1045 3776 1101 θάνατον

2123 1131 2223 1190 τῆς
2270 1127 2502 1206 φύσεως.
2566 1128 2749 1184 Πίστει
2805 1130 2930 1185 Νῶε
2984 1129 3337 1185 κατεσκεύασε
3388 1132 3491 1201 τήν
3542 1128 3779 1190 κιϐωτὸν

2125 1218 2203 1280 εἱς
2256 1217 2526 1293 σωτηρίαν
2590 1222 2692 1272 τοῦ
2750 1215 2905 1272 σ”κοῦ
2955 1216 3139 1287 αὐτοῦ,
3194 1220 3617 1295 χαρακτηρίζων
3673 1224 3771 1293 τὴν

2124 1304 2497 1378 ἀνεκλάλητον
2546 1304 2890 1379 Ἐκκλησίαν,
2932 1303 3161 1384 ἔχουσαν
3209 1303 3440 1388 διὸροφα
3483 1311 3575 1365 καὶ
3626 1312 3769 1385 τριό-

2123 1416 2283 1475 ροφα,
2343 1396 2629 1468 ἐπίκΑησιν
2691 1398 2898 1473 Πατρὸς
2954 1397 3044 1453 καὶ
3104 1399 3231 1453 Υἰοῦ
3287 1400 3377 1454 καὶ
3425 1400 3581 1477 ἁγίου
3612 1404 3771 1459 Πνεύ-

2125 1507 2313 1557 ματος.
2374 1485 2558 1542 Πίστει
2619 1481 2892 1563 Ἀϐραὰμ,
2951 1485 3180 1558 ἐξελθὼν
3230 1486 3290 1543 ἐκ
3316 1495 3419 1560 τῆς
3450 1488 3772 1563 Χαλδαῖκῆς

2121 1577 2330 1651 χώρας,
2404 1576 2727 1653 παρῴκησεν
2807 1576 2885 1638 εἰς
2957 1577 3057 1646 τήν
3116 1579 3218 1651 γῆν
3268 1581 3370 1648 τῆς
3426 1578 3773 1657 ἐπαγγελίας,

2121 1661 2561 1741 ἀπεκδεχόμενος
2592 1666 2689 1734 τὴν
2720 1665 3034 1742 ἐπουράνιον
3065 1662 3249 1736 πόλιν,
3278 1669 3379 1738 τὴν
3408 1667 3521 1725 ἄνω
3566 1671 3772 1747 Ἰερου-

2121 1754 2330 1828 σαλὴμ,
2384 1756 2483 1823 τὴν
2539 1753 2750 1828 μητέρα
2794 1759 2903 1809 τῶν
2957 1756 3345 1832 πρωτοτόκων,
3397 1759 3466 1828 ἧς
3518 1760 3774 1836 τεχνίτης

2119 1844 2207 1898 καὶ
2241 1841 2576 1920 δημιουργὸς
2609 1844 2774 1917 μόνος
2805 1845 2833 1898 ὁ
2863 1839 3015 1906 Θεός.
3048 1843 3234 1902 Πίστει
3276 1848 3458 1903 Ἰσαὰκ
3504 1849 3768 1927 ἀναφερό-

2124 1954 2281 2006 μενος
2331 1933 2418 1988 ἐπὶ
2465 1934 2527 1988 τὸ
2579 1935 2983 2008 θυσιαστήριον,
3036 1934 3136 1989 οὐκ
3163 1933 3553 2013 ἀπεδάκρυσεν,
3587 1936 3767 2012 εἰδὼς,

2118 2023 2201 2078 ὅτι
2261 2022 2509 2092 εἰκονίζει
2567 2023 2657 2078 τὸν
2715 2022 2885 2096 ἀμνόν
2944 2023 3038 2078 τὸν
3104 2022 3379 2098 μέλλοντα
3437 2026 3609 2104 αἴρειν
3665 2032 3766 2101 τὴν

2117 2111 2382 2189 ἁμαρτίαν
2427 2111 2810 2185 τοῦνκόσμου.
2864 2112 3043 2167 Πίστει
3113 2111 3311 2170 Ἰακὼό
3368 2119 3765 2191 προσεκύνησεν

2117 2201 2204 2256 ἐπὶ
2235 2202 2299 2256 τὸ
2330 2199 2492 2277 ἄκρον
2523 2207 2623 2269 τῆς
2661 2196 2862 2276 ῥάϐδου
2892 2200 3059 2257 αὐτοῦ
3107 2204 3241 2277 (44),
3289 2203 3577 2277 ἐκμηνύων
3620 2207 3767 2264 ἀντι.

2113 2293 2214 2369 κρυ
2242 2295 2334 2349 τὸν
2380 2294 2660 2349 νικοποιὸν
2710 2292 2800 2347 καὶ
2850 2295 3245 2371 τρισμακάριον
3272 2296 3524 2373 σταυρόν.
3559 2299 3762 2373 Πίστει,

2115 2384 2317 2462 Ἰωσήφ
2346 2381 2612 2438 τελευτῶν
2638 2380 2940 2437 ἐνετείλατο
2955 2388 3072 2445 τοῖς
3099 2385 3241 2446 υἱοῖς
3264 2385 3484 2460 Ἰσραὴλ
3505 2387 3630 2463 περὶ
3651 2393 3759 2445 τῶν

2115 2472 2315 2527 ὀστέων
2367 2472 2553 2538 αὑτοῦ,
2605 2470 2875 2548 ἐξαγαγεῖν
2920 2472 3055 2527 αὐτὰ
3097 2472 3157 2528 ἐκ
3201 2480 3301 2542 τῆς
3350 2474 3763 2550 Αἰγύπτου,⁹ίνα

2116 2563 2191 2636 μὴ
2229 2560 2469 2635 μελλουν
2501 2563 2630 2635 (sic)
2661 2562 2713 2615 οἰ
2744 2560 3030 2637 Αἰγύπτιοι
3061 2562 3135 2623 ὡς
3164 2562 3291 2618 Θεὸν
3325 2562 3460 2619 αὐτὰ
3490 2561 3757 2625 σέϐεσθαι.

2112 2650 2291 2705 Πίστει
2321 2644 2483 2705 Ῥαὰϐ
2515 2647 2577 2703 ού
2616 2647 2962 2704 συναπώλετο
2991 2653 3061 2723 τῇ
3113 2649 3278 2706 πόλει
3322 2655 3557 2728 Ἱεριχὼ,
3610 2651 3760 2726 δεξα-

2113 2739 2246 2813 μὲνη
2312 2745 2427 2813 μετ’
2484 2737 2707 2813 εἰρήνης
2747 2737 2876 2801 τοὺς
2931 2739 3324 2803 κατασκόπους.
3389 2741 3568 2797 Πίστει
3627 2747 3757 2803 Μω-

2109 2835 2207 2899 σῆς
2241 2827 2463 2899 ἐποίησε
2488 2828 2553 2882 τὸ
2594 2829 2788 2903 Πάσχα
2833 2827 2922 2883 καὶ
2952 2829 3052 2898 τήν
3098 2830 3402 2905 πρόσχυσιν
3445 2836 3544 2887 τοῦ
3591 2832 3756 2908 α’ίμα-

2106 2938 2197 2980 τος
2249 2918 2386 2993 πρὸς
2442 2916 2505 2972 τὸ
2555 2916 2645 2971 καὶ
2704 2919 2853 2989 ἡμᾶς
2884 2916 3058 2973 πίστει
3092 2917 3359 2975 ἐπιτελεῖν
3390 2920 3452 2976 τὸ
3483 2925 3756 3001 σωτήριον

2108 3004 2323 3084 Πάσχα,
2383 3006 2471 3063 καὶ
2534 3006 2610 3079 μὴ
2670 3006 2723 3061 ἐν
2775 3006 3056 3082 ὑποκρίσει
3107 3010 3158 3083 (‹‹
3220 3014 3328 3066 Πᾶν
3361 3010 3464 3087 γὰρ
3493 3012 3557 3067 τὸ
3591 3014 3668 3087 μὴ
3700 3012 3760 3070 ἐκ

2105 3096 2338 3159 πίστεως
2390 3097 2682 3173 γενόμενον
2746 3095 2985 3171 ἁμαρτία
3065 3096 3197 3155 ἐστί.
3248 3100 3303 3174 ›))
3361 3099 3619 3177 χρίοντας
3673 3108 3756 3177 τῷ

2104 3186 2295 3261 αἲματι
2344 3186 2444 3242 οὐκ
2491 3185 2578 3242 ἐπὶ
2622 3189 2731 3241 τῶν
2786 3183 2882 3241 δύο
2924 3188 3177 3261 σταθμῶν
3210 3192 3317 3243 τῶν
3350 3195 3550 3266 θυρῶν,
3609 3189 3758 3249 ἀλλᾶ

330 3277 625 3353 prophetas
649 3276 915 3334 vicerunt
941 3293 1141 3349 regna,
1174 3278 1368 3349 adepti
1404 3282 1546 3334 sunt
1577 3278 1989 3350 repromissio-

2109 3253 2495 3356 σιρραγίζοντας
2524 3276 2708 3352 ψυχήν
2741 3274 2831 3329 καὶ
2860 3279 3038 3348 σῶμα·
3062 3253 3160 3331 ’ἳνα
3198 3278 3226 3332 6
3280 3253 3484 3353 Φαραὼ
3536 3253 3628 3336 σὺν
3675 3286 3757 3356 τῷ

329 3385 453 3435 nes,
488 3368 909 3424 obturaverunt
936 3383 1039 3423 ora
1069 3365 1328 3433 leonum,
1361 3367 1599 3439 sapiens
1630 3367 1857 3424 scilicet
1896 3368 1994 3426 ille

331 3455 531 3512 Daniel
566 3474 580 3511 :
612 3456 1015 3513 exstinxerunt
1042 3456 1326 3527 impetum
1359 3455 1534 3528 ignis,
1567 3462 1684 3513 tres
1721 3457 1993 3514 videlicet

329 3547 517 3616 pueri,
539 3545 635 3617 qui
668 3545 970 3602 ﬂammam
1002 3544 1155 3618 ignis
1204 3561 1333 3601 rore
1363 3545 1656 3603 mitiorem
1693 3547 1988 3617 proculca-

322 3632 599 3689 runt.Alii
630 3638 826 3690 autem
857 3634 1099 3689 distenti
1121 3638 1553 3703 sunt,rotarum
1581 3635 1789 3691 axibus
1810 3651 1990 3693 mem-

326 3721 540 3779 bratim
570 3723 868 3795 exagitati,
930 3740 1046 3779 non
1107 3723 1369 3780 admissa
1427 3724 1661 3797 tyranni
1721 3725 1984 3782 Antiochi

321 3810 728 3868 adhortatione
759 3811 1269 3882 illa,«Sacriﬁcate
1299 3818 1358 3868 et
1386 3817 1571 3869 estote
1601 3813 1775 3869 amici
1809 3815 1975 3881 mei,n

322 3909 387 3958 ut
416 3903 718 3959 meliorem
750 3904 1082 3960 invenirent
1113 3904 1630 3960 resurrectionem.
1662 3905 1983 3978 Lapidatus

323 3997 415 4048 est
444 3991 540 4048 ille
572 4008 631 4048 re
662 3998 836 4064 atque
866 3992 1103 4050 nomine
1135 3993 1570 4066 Stephanus(id
1605 3995 1976 4069 est,corona),

321 4083 493 4153 cujus
510 4082 681 4154 capiti
698 4083 1161 4154 coronajustitiaa
1173 4082 1452 4154 imposita
1464 4083 1772 4140 fuit.Serra
1784 4090 1981 4142 sectus

320 4172 431 4227 fuit
460 4173 661 4242 Isaias,
696 4189 894 4228 verum
926 4172 1255 4228 celebratur
1285 4172 1344 4226 in
1402 4176 1708 4228 aeternum.
1773 4173 1976 4230 Gladio

320 4260 454 4317 caesi
486 4261 703 4317 mortui
734 4267 875 4317 sunt
903 4261 1160 4317 Joannes
1191 4261 1524 4317 etJacobus
1558 4278 1571 4317 :
1602 4264 1833 4319 occisus
1867 4264 1980 4319 fuit

318 4348 1033 4406 Zachariaszcircuierunt
1061 4350 1121 4405 in
1156 4348 1599 4419 melotis,lsaias
1621 4356 1679 4407 et
1710 4351 1976 4419 Elisaus,

314 4443 373 4494 et
401 4439 459 4495 in
492 4438 744 4510 pellibus
774 4438 1058 4510 caprinis,
1098 4438 1254 4495 889
1314 4442 1572 4512 egentes,
1629 4440 1977 4512 angustiati,

314 4528 512 4584 afﬂicti
544 4530 616 4584 ab
646 4528 1088 4600 insipientibus,
1123 4533 1424 4585 manentes
1456 4528 1515 4583 in
1563 4528 1863 4601 speluncis
1920 4533 1978 4587 et

2103 3362 2348 3423 διαϐόλω
2377 3366 2774 3439 καταποντισθῇ
2824 3363 2901 3426 εἰς
2944 3365 3007 3419 τὸ
3050 3365 3287 3444 πέλαγος
3336 3372 3436 3435 τῆς
3490 3371 3755 3449 Ἐρυθρᾶς

2099 3455 2398 3525 θαλάσσης.
2453 3460 2639 3529 Ἡμεῖς
2700 3451 2759 3508 δὲ
2814 3455 2842 3509 6
2899 3453 3015 3516 νέος
3072 3456 3298 3532 Ἰσραὴλ
3351 3460 3485 3532 μετὰ
3514 3461 3756 3525 Μωσέως

2098 3543 2315 3620 ᾄδωμεν
2363 3546 2463 3613 τὴν
2494 3543 2756 3600 ἐπινίκιον
2790 3540 2962 3616 ᾠδήν.
3010 3544 3191 3601 Πίστει
3223 3547 3277 3601 οἰ
3305 3555 3580 3627 προφῆται
3630 3571 3755 3607 κατ.

2097 3634 2441 3711 ηγωνίσαντο
2495 3631 2793 3709 βασιλείας,
2848 3632 3115 3710 ἐπέτυχον
3174 3634 3535 3713 ἐπαγγελιῶν,
3582 3634 3748 3718 ἔφρα-

2095 3726 2184 3796 ξαν
2233 3723 2475 3798 στόματα
2504 3721 2761 3792 λεόντων,
2795 3719 3052 3794 δηλονότι
3084 3725 3114 3781 ὁ
3145 3725 3310 3803 σοφὸς
3344 3726 3570 3798 Δανιήλ·
3603 3724 3752 3786 ἔσει-

2094 3836 2188 3871 σαν
2222 3812 2449 3887 δύναμιν
2508 3813 2701 3886 πυρὸς,
2750 3813 2803 3867 οἱ
2845 3818 2990 3887 τρεῖς
3040 3811 3233 3879 παῖδες
3283 3812 3527 3891 δηλαδὴ,
3573 3812 3767 3892 πατή-’

2093 3926 2276 3966 σαντες
2330 3904 2430 3971 τήν
2488 3897 2665 3981 φλόγα
2719 3906 2817 3957 τοῦ
2871 3902 3042 3977 πυρὸς
3093 3901 3290 3979 δρόσου
3326 3904 3739 3985 μαλακωτέραν.

2090 3995 2305 4069 Ἕτερον.
2365 3989 2423 4046 δι
2498 3988 2966 4063 ἐτυμπανίσθησαν
3037 3988 3161 4065 περὶ
3213 3988 3342 4054 τοὺς
3392 3989 3578 4063 ἄξονας
3632 3998 3741 4050 τῶν

2088 4086 2306 4159 τροχῶν
2348 4077 2585 4155 μεληδὸν
2617 4077 3000 4152 κλονούμενοι,
3037 4079 3112 4152 μὴ
3163 4077 3592 4156 παραδεξάμενοι
3640 4089 3741 4140 τοῦ

2086 4174 2347 4249 τυράννου
2409 4170 2701 4245 ’Δντιόχου
2756 4168 2857 4238 τὴν
2908 4166 3279 4243 παράκλησιν,
3340 4168 3423 4225 ὅτι
3483 4196 3511 4224 ‹‹
3545 4172 3740 4236 θύσατε

2087 4262 2177 4318 καὶ
2209 4259 2419 4337 γίνεσθέ
2478 4280 2584 4333 μου
2627 4256 2803 4337 φίλοι,
2851 4278 2877 4310 υ
2922 4256 3014 4313 ’ἱνα
3056 4258 3364 4334 κρείττονος
3395 4260 3737 4327 ἀναστάσεως

2088 4351 2350 4427 τύχωσιν.
2384 4347 2734 4418 Ἐλιθάσθηὸ
2801 4347 3123 4427 φερώνυμος
3175 4346 3461 4428 Στέφανος,
3518 4354 3737 4427 περιθέ-

2090 4460 2249 4515 μενος
2302 4444 2420 4501 τοῖς
2475 4438 2767 4514 κροτάφοις
2826 4435 2890 4492 τὸ
2944 4436 3135 4515 στέφος
3195 4440 3292 4508 τῆς
3360 4437 3732 4515 δικαιοσύνης,

2088 4529 2346 4606 Ἐπρίσθη
2378 4527 2621 4594 Ἣσαῗας,
2655 4524 2781 4582 ἀλλ’
2829 4525 3219 4601 ἐγκωμιάζεται
3271 4527 3348 4591 εἷς
3394 4530 3485 4586 τὸν
3542 4530 3730 4589 αἰῶνα.

313 4617 576 4674 cavernis
630 4621 820 4683 terrre,
855 4616 1072 4689 quibus
1105 4617 1321 4690 dignus
1356 4634 1471 4673 non
1504 4622 1629 4673 erat
1659 4618 1969 4674 universus

2109 4619 2375 4684 Απέθανον
2400 4617 2451 4673 ἐν
2490 4616 2790 4692 μαχαίραις
2833 4616 3089 4689 Ἰωάννης
3133 4618 3224 4673 καὶ
3274 4614 3553 4684 Ἰάκωϐος·
3604 4621 3733 4699 ἐφο-

315 4707 596 4762 mundus.
627 4707 744 4778 lpsi
776 4706 933 4763 enim
967 4706 1126 4779 digni
1160 4711 1347 4775 erant,
1381 4711 1581 4779 utpote
1614 4706 1870 4779 religiosi
1900 4725 1967 4765 ac

2110 4709 2237 4780 εάθη
2300 4706 2594 4784 Ζαχαρίας·
2647 4702 2951 4781 περιῆλθον
3006 4704 3057 4760 ἐν
3095 4704 3383 4779 μηλωταῖς
3415 4707 3608 4773 Ἠλίας
3641 4711 3730 4767 καὶ

315 4794 395 4868 pii
426 4794 554 4851 viri.

2077 4797 2408 4870 Ἐλισσαῖος,
2465 4796 2556 4852 καὶ
2613 4794 2664 4851 ἐν
2727 4794 2957 4870 αἰγείοις
3008 4792 3291 4868 δέρμασιν,
3323 4796 3730 4873 ὑστερούμενοι,

313 4868 749 4960 κακουχούμενοι
810 4882 913 4938 ὑπὸ
959 4880 1245 4951 ἀσυνιτων,
1282 4881 1532 4957 μένοντες
1592 4886 1708 4959 (45)
1736 4884 1786 4942 ἐν
1848 4886 2169 4961 σπηλαίοις,
2198 4887 2287 4944 καὶ
2348 4868 2402 4942 ἐν
2457 4891 2578 4948 ταῖς
2630 4868 2809 4947 ὀπαῖς
2837 4886 2937 4952 τῆς
2984 4889 3106 4960 γῆς,
3149 4885 3223 4941 ὧν
3275 4884 3375 4941 οὐκ
3528 4868 3658 4952 ὅλος

310 4972 519 5046 κόσμος
550 4969 716 5044 ἄξιος.
751 4971 916 5029 Αὐτοὶ
949 4972 1051 5048 γὰρ
1084 4972 1223 5043 ἄξιοι
1255 4972 1413 5045 ἦσαν,
1438 4972 1511 5035 ὡς
1542 4973 1815 5052 θεοφιλεῖς
1846 4977 1935 5032 καὶ
1967 4977 2251 5055 φιλάρετοι
2284 4974 2495 5053 ἄνδρες.

379 5063 433 5119 2.
466 5062 562 5118 Ait
601 5077 774 5134 porro
829 5061 1011 5117 David
1069 5060 1196 5133 lyra
1249 5058 1601 5134 spiritualis,
1658 5064 1743 5118 uti
1793 5066 1965 5123 modo

307 5151 642 5208 audivimus
699 5167 771 5206 ex
827 5149 1057 5222 psalmo
1119 5167 1293 5222 quem
1353 5152 1701 5208 succinuere
1746 5154 1961 5212 nobis:

308 5263 337 5293 ‹‹
361 5240 593 5307 Judica,
623 5239 891 5309 Domine,
924 5243 1200 5295 nocentes
1232 5255 1324 5295 me
1376 5256 1389 5294 :
1442 5256 1713 5315 expugna
1767 5243 1963 5317 impu-

306 5337 557 5403 gnantes
596 5346 690 5386 me
719 5329 784 5384 ⁸⁷.
817 5349 848 5382 ››
878 5332 1095 5385 Verum
1132 5331 1282 5385 Deus
1310 5329 1369 5385 id
1402 5330 1646 5387 minime
1677 5340 1964 5404 praestans

375 5483 420 5518 ⁸⁵
451 5482 624 5540 Hebr.
655 5500 733 5539 χι.
809 5483 854 5518 ⁸⁸
885 5482 1048 5537 Rom.
1081 5498 1194 5552 ειν,
1227 5482 1317 5538 23.
1392 5482 1436 5518 ⁸⁷
1468 5483 1621 5542 Psal.
1654 5501 1845 5557 xxxxv,
1882 5488 1932 5545 1.

348 5653 488 5743 ,(éé)
519 5653 604 5709 Ita
660 5654 799 5726 Reg.
860 5652 1012 5709 Editi
1069 5669 1223 5725 vero,
1283 5654 1382 5718 τῆς
1446 5647 1650 5730 ῥάϐδου
1709 5659 1804 5710 τοῦ
1835 5657 1956 5711 υἱοῦ

306 5742 492 5781 αυτου.

2144 5069 2198 5122 2.
2235 5065 2392 5138 Λέγει
2425 5061 2483 5118 δὲ
2528 5061 2620 5117 καὶ
2670 5055 2836 5116 Δαϐἰδ
2881 5062 2915 5131 ἡ
2964 5062 3302 5135 πνευματική
3354 5059 3517 5137 λύρα,
3548 5063 3728 5125 καθὼς

2074 5153 2273 5231 ἀρτίως
2306 5151 2617 5225 ἠκούσαμεν
2651 5146 2740 5204 διὰ
2769 5154 2867 5206 τοῦ
2899 5150 3353 5229 ύποφωνηθίντος
3381 5152 3517 5224 ἡμῖν
3549 5149 3721 5222 ᾅσμα-

2070 5262 2187 5306 τος·
2234 5267 2263 5294 ‹‹

2320 5241 2567 5309 Δίκασον,
2622 5236 2805 5313 Κύριε,
2850 5239 2978 5302 τοὺς
3039 5236 3360 5302 ἀδικοῦντάς
3421 5258 3504 5313 με·
3558 5236 3724 5294 πολέ-

2078 5351 2251 5407 μησον
2281 5329 2408 5392 τοὺς
2437 5327 2818 5402 πολεμοῦντάς
2855 5349 2942 5403 με.
2976 5351 3005 5382 ››
3031 5328 3147 5387 Οὐκ
3183 5327 3451 5407 ὲκφαίνων
3482 5332 3651 5385 ταῦτα
3697 5327 3727 5385 6

2137 5658 2254 5733 (45)
2284 5658 2367 5715 Ita
2402 5656 2543 5733 Reg.
2576 5656 2726 5714 Editi
2758 5672 2913 5732 vero,
2948 5656 3042 5730 μὲν
3076 5651 3250 5719 ὄντες.
