4120 6348
364 334 519 396 1065

1242 330 1570 393 HOMILIA
1619 329 1697 389 IN
1751 328 1858 390 SS.
1905 328 2210 389 PATRES
2257 331 2356 392 ET
2400 332 2892 396 PROPHETAS.

3618 338 3776 400 1066

361 467 490 528 Θεὸς
544 464 690 541 λέγει
728 465 864 541 πρὸς
922 464 1101 520 αὐτόν’
1137 463 1345 534 Θέλεις,
1395 465 1422 518 ὁ
1471 458 1659 530 Δαϐἱδ,
1706 459 2008 517 καταπολε-

2128 462 2209 518 ait
2239 463 2320 519 illi
2348 484 2360 520 :
2394 466 2524 522 Vin’
2547 471 2629 538 tu,
2654 486 2686 524 o
2717 467 2918 538 David,
2948 470 3268 543 expugnari
3300 471 3572 529 inimicos
3603 476 3779 530 tuos?

366 559 609 630 μηθῆναι
662 553 793 616 τοὺς
853 553 1234 630 ἐχθραίνοντάς
1297 554 1510 620 σοι;”Ο
1569 550 1626 606 δὲ
1675 547 1856 606 Δαὸίν·
1892 551 2016 617 Ναὶ,

360 645 543 721 Κύριε,
577 644 668 698 καὶ
726 643 865 697 πάνυ
923 641 1118 704 αὐτοὺς
1177 641 1321 696 θέλω
1377 639 1920 712 καταπολεμηθῆναι·
1955 640 2016 697 Ὀ

361 731 419 789 δε
478 734 812 808 Μονογεντςς·
850 733 950 789 Καὶ
1012 731 1098 786 ἐὰν
1155 735 1325 786 ταῦτα
1383 731 1682 786 ὑποστῶσιν
1729 730 1780 784 οἱ
1826 728 2018 805 ἐχθροί

361 845 482 892 σου,
513 827 619 878 ποῦ
679 843 773 876 σου
820 822 883 876 τὸ
929 820 1300 895 ἀμνησίκακον
1329 842 1343 892 ς
1377 825 1499 882 Πῶς
1552 817 1608 873 δέ
1658 817 1746 872 καὶ
1799 815 2018 872 δύνασαι

360 911 592 987 ψάλλειν
647 911 976 981 ἀληθεύων·
1041 935 1069 962 ‹‹
1127 910 1309 986 Κύριε,
1371 909 1415 964 εἰ
1477 905 1827 962 ἀνταπέδωκα
1898 912 2013 968 τοῖς

359 999 782 1058 ἀειταποδιδοῦσί
839 1022 931 1073 μοι
998 1001 1156 1069 κακὰ,
1204 998 1535 1070 ἀποπᾶσοιμι
1597 995 1698 1074 ἄρα
1757 997 1862 1051 ἀπὸ
1908 1001 2014 1050 τῶν

361 1091 576 1168 ἐχθρῶν
639 1112 743 1164 μου
799 1088 992 1157 κενός;
1027 1113 1054 1140 ››
1111 1091 1171 1146 Ὁ
1231 1086 1287 1143 δὲ
1347 1083 1533 1142 Δαϐίδ·
1569 1087 1693 1153 Ναὶ,
1753 1085 2015 1157 Δέσποτα,

361 1181 444 1236 ὅτι
505 1180 648 1235 οὕτω
707 1177 909 1253 ψάλλῳ
970 1179 1176 1248 ἀληθῆ,
1229 1176 1356 1233 ἀλλ’
1407 1177 1493 1231 ἐὰν
1545 1175 1607 1231 σὺ
1664 1174 1858 1237 αὐτοὺς
1918 1195 2017 1230 πο-

362 1268 634 1342 λεμήσῃς,
687 1272 708 1293 ⁴
765 1267 853 1322 καὶ
910 1264 998 1321 διὰ
1052 1268 1119 1322 τὰ
1176 1268 1321 1340 παρά
1387 1270 1482 1320 σοῦ
1535 1265 1792 1341 γινόμενα
1845 1263 2018 1318 πάντα

363 1360 615 1434 ἄγνωστα
644 1357 734 1412 καὶ
769 1355 1126 1426 ἀκατάληπτα
1168 1357 1422 1432 ὑπάρχει.
1458 1356 1616 1412 Οὕτω
1665 1351 1722 1409 δέ
1775 1375 1868 1428 μοι
1925 1351 2014 1407 καὶ

364 1447 638 1503 ἐνετείλω.
674 1447 762 1515 Μὴ
822 1447 1006 1501 ἑαυτὸν
1069 1443 1378 1519 ἐκδικήσῃςυ
1416 1469 1443 1496 (ι
1505 1443 1664 1517 Ἐμοὶ
1715 1441 2015 1515 ἐκδίκησις,

364 1536 478 1612 ἐγὼ
537 1534 903 1590 ἀνταποδώσω
971 1535 1171 1597 αὐτοῖς.
1231 1559 1258 1586 ›)
1307 1536 1364 1588 Ὀ
1415 1532 1472 1589 δὲ
1519 1535 1871 1609 Μονογενής·
1916 1530 2015 1586 Καὶ

359 1631 478 1689 πῶς
525 1627 636 1703 χρή
691 1623 1078 1699 πολεμηθῆναι
1126 1624 1255 1687 τούς
1307 1623 1691 1698 ἐχθραίνοντάς
1743 1641 1835 1691 σε;
1887 1618 2017 1695 λέγε

358 1716 450 1770 καὶ
512 1715 856 1794 φανεροποίει
905 1716 1003 1782 τήν
1054 1713 1248 1769 αἰτίαν.
1283 1714 1344 1770 Ὁ
1377 1711 1434 1766 δὲ
1464 1708 1647 1766 Δαϐίδ·
1691 1712 1767 1768 Οὐ
1826 1710 2012 1787 χρείαν

360 1802 532 1882 ἔχεις,
587 1804 848 1871 Δέσποτα,
885 1803 1203 1877 ἐρωτήσεως
1251 1804 1285 1871 ἢ
1345 1804 1723 1875 ὑπομνήσεως,
1757 1798 1830 1855 ὣν
1880 1819 2016 1872 προ-

361 1896 615 1971 γνώστης
674 1894 765 1948 καὶ
825 1892 1068 1948 εἷδαίνων
1141 1893 1207 1947 τά
1265 1891 1646 1967 προγνώσεως,
1707 1889 1795 1944 καὶ
1854 1888 2014 1951 ποίας

362 1983 731 2059 προαιρέσεως
792 1979 908 2058 ἔχει
964 1982 1203 2059 γενέσθαι
1234 1983 1260 2036 ὁ
1314 1980 1532 2054 μέλλων
1591 1979 1864 2042 τίκτεσθαι
1924 1976 2015 2033 ἄν·

365 2075 628 2144 θρωπος.
694 2070 829 2126 Οὐδὲ
892 2073 1194 2148 ὑπάρχεις,
1253 2071 1328 2133 ὡς
1389 2073 1467 2132 εἴς
1526 2073 1634 2124 τῶν
1712 2068 2016 2144 ἀρχόντων,

364 2165 572 2240 ἀγνοῶν
602 2163 731 2226 τοὺς
760 2163 986 2236 νόμους,
1090 2162 1315 2237 χρῄζων
1376 2160 1681 2235 συνηγόρου
1711 2159 1746 2228 ἢ
1781 2171 2014 2234 συγκαθ-

364 2253 615 2330 έδρου,ο’ί
642 2255 778 2325 πρὸς
799 2252 852 2307 ἓν
873 2255 1007 2326 (45’)
1024 2249 1244 2306 ἕκαστον
1275 2251 1567 2328 κεφάλαιον
1601 2248 2013 2326 ἀποφαίνοντες.

366 2345 444 2400 Συ
491 2345 594 2420 γὰρ
647 2343 695 2398 εἷ
740 2344 1029 2417 σύνθρονος
1079 2346 1176 2396 τοῦ
1222 2342 1453 2417 Πατρὸς,
1483 2345 1589 2394 τῶν
1638 2339 1821 2412 νόμων
1865 2339 2014 2413 εὑρε-

361 2436 488 2506 τὴς,
518 2437 623 2487 τῶν
659 2437 837 2509 σοφῶν
872 2429 1196 2507 διορθωτής,
1229 2437 1329 2500 τῆς
1363 2427 1711 2498 δικαιοσύνης
1745 2427 2012 2502 χορηγὸς,

360 2529 468 2579 τῶν
531 2522 1020 2594 καταπονουμένων
1092 2519 1514 2594 ὑπερασπιστὴς,
1558 2522 1666 2572 τῶν
1742 2537 2014 2593 συκοφαν-

360 2613 640 2684 τουμένων
703 2608 939 2672 ἔκδικος.
987 2611 1097 2678 Τήν
1153 2610 1256 2685 γὰρ
1315 2608 1614 2662 Σουσάνναν
1673 2625 2011 2683 συκοφαντη-

361 2704 540 2757 θεῖσαν
577 2701 678 2756 ὑπὸ
707 2705 815 2756 τῶν
844 2697 1156 2754 ἀκολάστων
1198 2693 1462 2772 γερόντιον
1511 2694 1720 2773 ἐρῥόσω
1767 2695 1871 2748 ἀπὸ
1915 2697 2011 2748 τοῦ

363 2794 651 2845 θανατικοῦ
709 2789 1079 2866 ψηφίσματος,
1140 2786 1467 2848 ἀποστείλας
1544 2783 1618 2846 εἷς
1699 2781 2012 2858 δικολογίαν

360 2880 452 2935 τὸν
515 2880 677 2957 σοφὸν
737 2878 826 2932 καὶ
885 2877 1183 2953 ἀνάργυρον
1217 2875 1422 2953 ῥήτορα
1453 2871 1675 2944 Δανιήλ.
1711 2873 1858 2930 Ἐπεὶ
1918 2872 2010 2926 οὗν

361 2971 576 3024 πάντων
612 2966 758 3043 ἔχεις
793 2970 1016 3042 γνῶσιν,
1046 2967 1134 3020 καὶ
1163 2965 1462 3037 ἐπίστασαι,
1495 2968 1611 3025 πῶς
1643 2964 1756 3039 χρὴ
1817 2960 2012 3023 αὐτοὺς

364 3059 773 3131 πολεμηθῆναι·
810 3055 854 3110 εἰ
905 3053 960 3110 δὲ
1006 3055 1308 3131 ἐπιτρέπεις
1365 3075 1478 3128 μοι,
1529 3051 1696 3127 λέγω·
1747 3051 1861 3124 εἷμὶ
1909 3051 2010 3126 γὰρ

363 3143 563 3208 δοῦλος
617 3149 718 3212 τῆς
778 3148 874 3210 σῆς
917 3143 1350 3220 φιλανθρωπίας,
1397 3141 1487 3197 καὶ
1545 3145 1705 3196 τοῦτο
1763 3141 2008 3216 ἀχρεῖος,

2127 551 2230 607 Cui
2269 555 2440 611 David
2470 574 2483 610 :
2515 557 2725 628 Etiam,
2750 558 2992 614 Domine
3039 564 3096 615 et
3126 561 3446 617 admodum
3478 561 3649 633 cupio
3680 579 3775 618 ex-

2127 645 2397 716 pugnari.
2431 647 2674 718 Reponit
2719 647 3108 719 Unigenitus:
3143 649 3202 704 Si
3249 648 3372 706 haec
3420 651 3646 707 inimici
3692 651 3778 707 tui

2113 734 2398 803 ‘subeant,
2433 735 2675 792 ubinam
2709 735 2809 792 illa
2848 743 2950 794 tua
2999 739 3352 810 injuriarum
3385 740 3640 796 oblivio?
3669 741 3779 806 Qui

2127 828 2292 895 potes
2323 841 2457 880 cum
2497 825 2741 880 veritate
2789 825 3035 897 psallere
3068 846 3081 883 :
3111 851 3139 877 ‹‹
3172 829 3436 896 Domine,
3469 830 3516 886 si
3550 830 3777 886 reddidi

2127 913 2586 970 retribuentibus
2626 915 2772 969 mihi
2813 915 2989 983 mala,
3021 916 3289 972 decidam
3322 919 3528 974 merito
3558 920 3630 974 ab
3660 918 3780 974 ini-

2128 1001 2297 1058 micis
2330 1003 2476 1058 meis
2507 1003 2701 1059 inanis
2716 1003 2848 1058 3°?»
2873 1005 3025 1060 Tum
3076 1005 3256 1061 David
3286 1025 3300 1062 :
3334 1007 3476 1077 lmo,
3508 1008 3776 1078 Domine,

2125 1090 2246 1146 haec
2279 1107 2408 1147 vere
2440 1091 2647 1163 psalle,
2671 1093 2771 1149 sed
2805 1095 2981 1149 modo
3028 1098 3092 1150 tu
3141 1093 3273 1151 illos
3320 1097 3775 1168 expugnaveris;

2126 1179 2262 1249 quia
2290 1184 2453 1252 gesta
2476 1185 2576 1236 tua
2597 1183 2872 1238 universa
2900 1184 3101 1254 ignota
3131 1191 3189 1240 et
3218 1184 3782 1257 incomprehensibi-

2125 1267 2203 1322 lia
2234 1273 2403 1338 sunt;
2433 1270 2514 1325 ita
2542 1269 2755 1342 quippe
2787 1270 2932 1326 mihi
2960 1273 3286 1345 praecepisti
3311 1291 3324 1328 :
3358 1273 3440 1330 Ne
3470 1275 3780 1346 temetipse

2125 1358 2416 1414 vindicato
2451 1377 2500 1415 :«
2531 1359 2671 1415 Mihi
2719 1359 2996 1431 vindicta,
3029 1378 3134 1432 ego
3183 1364 3503 1419 retribuam
3553 1364 3638 1420 eis
3653 1364 3718 1420 ⁸⁷.
3746 1385 3776 1416 »

2125 1449 2198 1502 At
2230 1446 2572 1518 Unigenitus
2607 1465 2618 1478 ·
2654 1450 2852 1522 Ecqua
2890 1450 3114 1506 ratione
3159 1457 3522 1524 expugnatos
3552 1457 3783 1524 oportet

2126 1536 2398 1593 inimicos
2443 1537 2620 1593 tuos?
2667 1555 2908 1595 causam
2941 1539 3119 1596 dicito
3167 1557 3234 1596 ac
3280 1540 3595 1598 declarato.
3629 1543 3779 1597 Tum

2126 1626 2308 1682 David
2335 1645 2348 1682 :
2372 1627 2496 1683 Non
2529 1631 2618 1684 est
2647 1627 2754 1684 tibi
2784 1645 2954 1699 opus,
2977 1645 3010 1684 ο
3034 1629 3295 1699 Domine,
3323 1631 3781 1704 interrogatione

2127 1721 2229 1772 aut
2257 1717 2674 1778 admonitione.
2709 1733 2842 1772 cum
2890 1719 3211 1790 praevideas
3262 1724 3320 1775 et
3365 1736 3685 1793 cognoscas
3715 1737 3782 1776 ea

2126 1821 2255 1876 quaa
2303 1805 2709 1878 praevisionem
2759 1812 3048 1878 spectant,
3081 1813 3138 1863 et
3174 1825 3430 1881 quonam
3480 1809 3779 1881 proposito

2126 1895 2361 1950 futurus
2393 1900 2483 1951 est
2525 1895 2626 1968 qui
2676 1894 3012 1952 nasciturus
3041 1902 3132 1953 est
3161 1897 3356 1953 homo.
3393 1899 3592 1970 Neque
3622 1904 3685 1954 tu
3717 1915 3780 1955 es

2127 1989 2193 2039 ut
2249 1985 2465 2054 aliquis
2523 2001 2592 2039 ex
2650 1985 3014 2056 principibus
3071 1986 3170 2056 qui
3227 1986 3384 2059 leges
3441 1987 3690 2058 ignoret,
3723 1992 3783 2044 et

2126 2078 2293 2146 egeat
2321 2073 2652 2130 consiliario
2675 2078 2776 2130 aut
2805 2090 3125 2140 assessore,
3151 2075 3251 2146 qui
3275 2077 3346 2131 ad
3370 2076 3605 2149 singula
3627 2077 3782 2148 capi-

2125 2168 2185 2218 ta
2216 2163 2568 2218 sententiam
2621 2163 2840 2232 dicant,
2861 2167 2944 2219 Tu
2994 2180 3252 2236 namque
3297 2166 3569 2222 eumdem
3603 2183 3779 2238 quem

2125 2253 2298 2308 Pater
2317 2253 2596 2308 thronum
2616 2253 2865 2319 obtines,
2885 2269 3066 2324 esque
3085 2254 3284 2326 legum
3308 2259 3529 2321 auctor,
3552 2257 3782 2326 sapien-

2125 2342 2276 2398 tium
2304 2346 2613 2410 corrector,
2638 2341 2887 2412 justitias
2917 2341 3180 2414 largitor,
3205 2343 3555 2400 afﬂictorum
3586 2345 3781 2400 defen-

2125 2449 2242 2499 sor,
2275 2439 2329 2487 et
2370 2429 2670 2486 calumnia
2719 2447 3136 2502 oppressorum
3183 2433 3413 2488 vindex.
3445 2437 3777 2492 Susannam

2125 2520 2342 2592 quippe
2390 2536 2424 2574 a
2473 2518 2704 2575 lascivis
2751 2519 2994 2576 senibus
3042 2521 3470 2591 insimulatam,
3503 2541 3537 2579 a
3566 2524 3777 2596 capitis

2123 2608 2417 2665 sententia
2444 2607 2672 2673 eruisti,
2697 2609 2879 2664 misso
2901 2610 2972 2665 ad
2996 2610 3394 2668 defensionem
3416 2613 3680 2684 sapiente
3711 2631 3776 2670 ac

2122 2699 2372 2771 pecunia
2399 2697 2737 2769 incorrupto
2768 2703 2996 2754 oratore
3027 2698 3282 2756 Daniele.
3317 2703 3603 2766 Quoniam
3635 2719 3772 2776 ergo

2123 2789 2388 2845 omnium
2411 2787 2589 2843 habes
2616 2786 2906 2853 notitiam,
2929 2787 3121 2844 etscis
3144 2805 3378 2861 quoque
3400 2808 3515 2862 qua
3545 2794 3773 2850 ratione

2122 2876 2256 2933 illos
2287 2876 2710 2948 expugnandos
2731 2881 3020 2947 oporteat;
3046 2877 3095 2932 si
3129 2883 3325 2933 tamen
3357 2881 3664 2946 concedas,
3688 2883 3775 2936 di-

2122 2983 2250 3022 cam
2278 2983 2290 3020 :
2318 2982 2519 3022 servus
2542 2965 2759 3036 quippe
2780 2965 3101 3021 clementiae
3130 2972 3242 3020 tuas
3273 2984 3428 3038 sum,
3451 2974 3509 3023 et
3530 2971 3768 3040 quidem

2119 3053 2370 3120 inutilis,
2406 3069 2510 3108 nec
2541 3069 2783 3123 possum
2830 3053 3106 3108 mandato
3156 3069 3482 3125 repugnare
3510 3060 3632 3112 tuo.
3667 3057 3773 3112 Cui

2127 3142 2476 3214 Unigenitus
2510 3159 2523 3196 :
2558 3142 2823 3197 Concedo
2872 3141 3001 3209 tibi,
3033 3143 3127 3197 dic
3157 3143 3380 3214 absque
3426 3148 3678 3202 tremore
3709 3163 3777 3202 ac

360 3235 453 3292 καὶ
513 3235 573 3290 οὐ
635 3233 866 3308 δύναμαι
921 3234 1236 3309 ἀντιπρᾶξαι
1283 3236 1352 3306 τῇ
1401 3229 1643 3286 κελεύσει
1703 3251 1819 3287 σου.
1851 3236 1903 3283 Ὁ
1955 3226 2014 3284 δὲ

2128 3208 2327 3287 libere.
2361 3232 2507 3286 Tum
2544 3230 2716 3286 David
2751 3247 2815 3285 :«
2847 3208 3232 3302 Apprehende
3262 3208 3426 3288 arma
3454 3239 3512 3289 et
3540 3243 3774 3291 scutum

364 3327 699 3398 Μονογενής·
763 3323 1070 3397 Ἐπιτρέπω
1129 3343 1236 3391 σοι,
1294 3322 1384 3376 καὶ
1441 3320 1558 3375 εἰπὲ
1611 3319 1865 3394 ἀτρόμως
1923 3319 2013 3374 καὶ

368 3412 873 3486 ἀνυπεσταλμένως.
932 3414 993 3469 Ὁ
1051 3409 1108 3466 δὲ
1167 3405 1331 3465 Δαϐίδ
1410 3433 1437 3460 ‹‹
1489 3403 1789 3463 Ἐπιλαῦοὖ
1837 3407 2015 3462 ὅπΛου

365 3503 458 3558 καὶ
518 3506 730 3578 θυρεοῦ,
778 3501 866 3556 καὶ
917 3501 1176 3570 ἀνάστηθι
1225 3498 1299 3561 εἷς
1355 3500 1453 3567 τήν
1520 3496 1772 3573 βοήθειάν
1827 3517 1952 3570 μου.
1985 3519 2014 3549 ››

364 3597 426 3649 Ὁ
456 3588 514 3646 δέ
545 3593 880 3666 Μονογενῆς¹
918 3589 1016 3645 Καὶ
1048 3588 1210 3644 ποίου
1255 3587 1430 3644 ὅπλου
1483 3583 1596 3662 ἔχω
1645 3581 2016 3656 ἐπιλαϐέσθαι,

365 3683 403 3752 ἢ
462 3681 622 3736 ποίου
681 3683 912 3757 (rapi-:06;
966 3684 1091 3741 Πῶς
1151 3675 1208 3732 δὶ
1261 3675 1376 3753 ἔχω
1433 3679 1546 3750 (46)
1595 3677 1884 3744 ἀναστῆναι
1941 3675 2017 3736 εἰς

368 3772 622 3847 βοήθειάν
677 3789 804 3839 σου;
840 3770 932 3838 Μή
995 3769 1096 3842 ἆρα
1145 3766 1346 3821 ἐκείνου
1402 3770 1498 3819 τοῦ
1546 3763 1782 3834 ὅπλουῆ
1816 3763 2019 3818 ἐκείνου

360 3858 458 3915 τοῖ’)
519 3864 713 3935 θυρεοῦ
781 3856 896 3934 ἔχω
958 3852 1330 3927 ἐπιλαϐέσθαι,
1364 3855 1420 3909 ’ὀν
1479 3853 1707 3930 ἀφείλου
1764 3853 1868 3907 ἀπὸ
1923 3858 2020 3907 τοῦ

363 3946 691 4025 ἀλλοφύλου
723 3946 946 4016 Γολιάθ,
981 3947 1038 4002 ’ὸν
1086 3945 1176 4000 καὶ
1228 3944 1486 4014 ἐπάταξας
1536 3941 1621 3998 ἐπί
1668 3945 1736 4016 τῇ
1777 3938 2017 4011 κοιλάδι,

363 4038 502 4112 ἐμοῦ
551 4034 930 4112 ὁδηγτςσαντος
975 4035 1067 4090 τὸν
1125 4033 1275 4098 λίθον
1327 4033 1403 4091 εἷς
1450 4032 1514 4087 τὸ
1545 4030 1890 4104 ἀσημείωτον
1929 4030 2018 4084 καὶ

365 4124 669 4204 ἀφώτιστον
701 4123 865 4179 αὐτοῦ
896 4123 1187 4198 πρόσωπον
1217 4141 1230 4192 ;
1260 4121 1422 4178 Ἀλλ’
1465 4118 1571 4184 ἴσθι
1626 4124 1786 4174 τοῦτο
1836 4123 2017 4196 σαφῶς

365 4216 450 4270 δτι
484 4213 592 4290 ἐγὼ
624 4213 830 4270 τούτων
858 4216 966 4268 τῶν
1000 4211 1188 4268 ὅπλων
1217 4212 1390 4281 πάντη
1424 4210 1511 4265 καὶ
1544 4209 1784 4264 καθόλου
1828 4208 2016 4284 χρείαν

365 4304 466 4360 οὐκ
495 4302 630 4380 ἔχω.
668 4305 787 4360 Ἐὰν
823 4300 880 4358 δὲ
909 4303 999 4358 καὶ
1033 4307 1222 4377 συσχῶ
1251 4303 1312 4356 τὸ
1345 4305 1574 4372 πνεῦμα,
1605 4297 1831 4368 τελευτᾷ
1877 4303 2021 4352 πᾶσα

364 4395 494 4466 σὰρξ
547 4395 840 4466 κινουμένη
896 4391 984 4447 ἐπὶ
1030 4399 1130 4462 τῆς
1180 4395 1301 4468 γῆς.
1331 4392 1388 4445 Ὀ
1439 4386 1496 4444 δὲ
1528 4383 1713 4444 Δαϐίδ·
1749 4384 1885 4445 Οἶδα
1931 4386 2020 4441 καὶ

366 4483 497 4559 ἐγὼ,
550 4483 811 4550 Δέσποτα,
862 4481 945 4536 δτι
1012 4480 1218 4536 τούτων
1285 4485 1390 4535 τῶν
1439 4477 1626 4534 ὅπλων
1686 4477 1876 4553 χρείαν
1926 4475 2023 4531 οὐκ

2125 3325 2182 3377 et
2211 3336 2456 3393 exsurge
2488 3321 2545 3375 in
2577 3320 2933 3390 adjutorium
2977 3321 3122 3375 mihi
3149 3323 3212 3377 9°.
3236 3345 3262 3371 n
3300 3323 3377 3377 Ad
3410 3322 3529 3378 haec
3560 3323 3778 3396 Unige-

2126 3411 2286 3466 nitus
2321 3427 2332 3464 :
2367 3411 2564 3481 Ecqua
2610 3425 2772 3465 arma
2818 3408 2905 3464 vel
2954 3411 3109 3480 quod
3159 3416 3393 3466 scutum
3447 3413 3777 3484 apprehen-

2127 3500 2308 3555 dam‘?
2339 3498 2641 3566 Quomodo
2685 3513 2995 3570 exsurgam
3026 3498 3087 3554 in
3119 3500 3479 3570 adjutorium
3511 3502 3661 3557 tibi?
3691 3506 3777 3558 An

2129 3606 2294 3644 arma
2324 3587 2445 3657 illa,
2473 3587 2689 3642 illudve
2719 3593 2953 3643 scutum
2985 3589 3420 3660 apprehendam
3452 3592 3604 3662 quod
3639 3592 3776 3647 abs.

2128 3677 2320 3733 tulisti
2350 3677 2422 3732 ab
2455 3675 2784 3748 alienigena
2805 3675 3032 3731 Goliath
3064 3693 3239 3748 quem
3271 3678 3332 3732 in
3360 3678 3509 3734 valle
3539 3695 3778 3751 percus-

2129 3765 2280 3832 sisti,
2313 3782 2406 3820 me
2453 3764 2707 3835 lapidem
2735 3764 2794 3820 in
2825 3765 2954 3834 ejus
2983 3765 3190 3820 faciem
3221 3766 3382 3821 omni
3428 3767 3598 3840 signo
3647 3785 3777 3824 om-

2129 3856 2308 3926 nique
2346 3848 2783 3909 illuminatione'
2807 3853 3146 3909 destitutam
3201 3854 3530 3927 dirigente?
3558 3858 3668 3913 Sed
3713 3863 3778 3912 tu

2128 3943 2306 4014 probe
2336 3942 2510 4009 nosti,
2544 3941 2692 3996 nihil
2723 3941 2957 4014 penitus
2991 3943 3440 4013 mihiejusmodi
3473 3961 3776 4002 armorum

2128 4049 2254 4088 esse
2283 4048 2449 4102 opus.
2470 4031 2639 4098 Nam,
2673 4031 2723 4086 si
2755 4031 2841 4086 vel
2872 4031 3146 4102 spiritum
3179 4032 3506 4100 cohibeam,
3533 4036 3781 4090 moritur

2131 4121 2325 4176 omnis
2356 4136 2490 4175 caro
2513 4136 2640 4190 quae
2673 4125 2938 4174 movetur
2962 4136 3142 4191 super
3169 4125 3404 4178 terram.
3430 4125 3529 4177 Cui
3567 4125 3740 4180 David
3763 4141 3776 4180 :

2129 4208 2290 4274 Novi,
2325 4207 2589 4274 Domine,
2621 4207 2725 4262 tibi
2775 4223 3076 4263 armorum
3119 4210 3408 4279 ejusmodi
3461 4211 3604 4267 nihil
3653 4230 3784 4270 esse

2131 4315 2299 4371 opus,
2335 4313 2434 4352 rex
2463 4314 2597 4352 cum
2630 4296 2713 4352 sis
2756 4295 2942 4363 fortis,
2978 4297 3368 4368 omnipotens,
3401 4300 3640 4371 quicum
3673 4320 3783 4374 pu-

2130 4388 2299 4460 gnari
2352 4390 2623 4458 nequeat,
2656 4401 3008 4456 permanens
3046 4387 3105 4440 in
3145 4391 3448 4443 aeternum.
3482 4391 3589 4445 Sed
3643 4409 3784 4465 rogo

2130 4481 2295 4532 tuam
2336 4473 2858 4546 incomparabilem
2889 4474 3232 4544 bonitatem,
3264 4481 3332 4531 ut
3377 4481 3784 4550 apprehendas

369 4568 540 4649 ἕχεις,
588 4569 660 4626 ὣν
717 4572 971 4647 βασιΛεὺς
1019 4571 1298 4646 κραταιὸς,
1345 4566 1778 4641 παντοδύναμος,
1829 4567 1996 4621 ἀκατα

2133 4583 2299 4623 arma
2327 4571 2384 4621 et
2414 4570 2670 4636 scutum,
2702 4562 2761 4618 id
2795 4567 2906 4634 est,
2938 4563 3258 4620 humanam
3304 4571 3576 4623 naturam
3609 4573 3785 4641 atque

370 4662 646 4738 μάχητος,
706 4658 1072 4730 διαιωνίζων.
1133 4658 1374 4716 Ἰκετεύω
1432 4655 1490 4712 δὲ
1546 4659 1644 4724 τήν
1701 4655 2018 4732 ἀσύγκριτον

365 4749 718 4825 ἀγαθωσύνην
755 4771 850 4804 σου
882 4743 1234 4812 ἐπιλαϐέσθαι
1265 4745 1440 4802 ὅπλου
1480 4744 1571 4800 καί
1620 4745 1834 4818 θυρεοῦ,
1864 4765 2021 4799 τουτ-

367 4841 551 4913 έστιν,
612 4837 1068 4914 ἐνανθρωπήσεως
1146 4838 1234 4891 καὶ
1293 4835 1495 4897 πάθους
1531 4855 1542 4866 ·
1606 4835 1896 4903 ἀναστῆναι
1967 4831 2024 4888 δέ

372 4951 468 5002 μοι
525 4927 599 4990 εἷς
663 4929 917 5004 βοήθειαν
970 4931 1037 5001 τῇ
1090 4925 1244 5002 τρίτῃ
1274 4925 1475 5001 ἡμέρᾳ.
1511 4924 1570 4980 Ὀ
1603 4920 1659 4977 δε
1689 4923 2022 4996 Μονογενής·

370 5017 470 5072 Καὶ
504 5017 567 5072 σὺ
599 5016 758 5072 πόθεν
791 5014 942 5079 οἶδας
968 5021 1135 5071 ταῦτα
1179 5016 1246 5070 τὰ
1290 5019 1406 5078 θεῖα
1447 5013 1537 5067 καὶ
1587 5010 1870 5088 ἀπόκρυφα
1920 5032 2025 5083 μυ-

373 5108 589 5183 στήρια,
625 5131 652 5158 ‹‹
688 5105 764 5169 εἷς
796 5105 829 5160 ἃ
862 5106 1218 5179 ἐπιθυμοῦσιν
1254 5104 1306 5159 οἱ
1337 5099 1556 5180 ἄγγελοι
1607 5100 1917 5176 παρακύψαι
1947 5117 1961 5169 ;
1995 5122 2023 5152 »

371 5196 436 5254 Ὁ
468 5192 528 5251 δὲ
577 5188 764 5250 Δαϐίδ·
800 5190 1036 5252 Ἔλαϐον
1090 5194 1265 5248 αὐτῶν
1320 5193 1418 5262 τήν
1476 5195 1674 5266 γνῶσιν
1729 5191 1876 5265 παρὰ
1930 5191 2028 5243 τοῦ

376 5284 531 5362 ἁγίου
606 5283 966 5361 παρακλήτου
1030 5282 1345 5358 Πνεύματος
1379 5325 1392 5340 .
1452 5282 1514 5338 Ὀ
1572 5277 1630 5334 δὲ
1683 5279 2026 5356 Μονογενήςο

451 5446 497 5484 ⁸⁸
523 5447 676 5507 Psal.
707 5465 811 5521 vn,
842 5448 899 5504 5.
974 5447 1019 5483 3°
1048 5445 1222 5504 Hebr.
1253 5463 1312 5517 κ,
1342 5446 1432 5502 30.
1507 5444 1554 5479 ⁹⁰
1586 5443 1734 5500 Psal.
1768 5459 1960 5510 xxxxv,
1989 5441 2044 5498 2.

457 5607 826 5681 (475')7Vulg.,
859 5600 1127 5681 etanta}.
1162 5609 1322 5662 EDIT.

460 5671 778 5754 (116)11ng
805 5671 944 5733 Πότε
977 5673 1034 5731 δὲ
1060 5673 1196 5754 ἔχω.
1231 5676 1412 5736 Paulo
1441 5679 1596 5751 post,
1617 5673 1764 5748 haec,
1789 5671 1905 5752 ἔχω
1936 5672 2048 5732 ἐπι-

709 5809 974 5872 Ριτιιοῐ..
1023 5807 1134 5870 Gn.
1183 5805 1459 5874 XXVIII.

2134 4655 2492 4727 passionem,
2523 4657 2582 4709 et
2634 4651 2806 4707 tertia
2853 4652 2946 4708 die
2992 4668 3274 4726 exsurgas
3321 4654 3381 4710 in
3428 4657 3786 4728 adjutorium

2136 4744 2304 4800 mihi.
2345 4741 2670 4813 Respondit
2697 4740 3082 4813 Unigenitus:
3113 4743 3198 4798 Tu
3239 4759 3374 4799 vero
3424 4747 3580 4802 unde
3629 4749 3784 4803 nosti

2136 4834 2257 4888 haec
2288 4832 2484 4888 divina
2531 4836 2590 4887 et
2612 4847 2826 4886 arcana
2847 4832 3142 4903 mysteria,
3174 4851 3196 4879 ι
3219 4831 3278 4887 in
3303 4850 3432 4904 qum
3453 4835 3790 4893 desiderant

2137 4922 2329 4994 angeli
2388 4921 2720 4993 prospicere
2739 4920 2827 4974 ³ίῖ
2859 4942 2886 4969 ››
2917 4919 3022 4975 Cui
3068 4920 3248 4976 David
3282 4938 3295 4976 :
3330 4923 3543 4979 Eorum
3592 4927 3790 4998 accepi

2140 5011 2408 5067 notitiam
2443 5026 2476 5064 a
2504 5013 2708 5065 sancto
2739 5014 2795 5063 et
2825 5008 3115 5080 paracleto
3138 5009 3379 5080 Spiritu.
3404 5011 3552 5067 Tum
3577 5013 3788 5085 Unige-

2140 5101 2300 5154 nitus
2334 5115 2347 5154 :
2379 5101 2522 5153 Cum
2576 5097 2697 5153 haec
2744 5097 2926 5162 noris,
2958 5098 3052 5152 dic
3099 5114 3242 5153 num
3274 5099 3581 5171 quidpiam
3628 5101 3788 5159 aliud

2140 5189 2360 5246 habeas
2385 5203 2398 5242 :
2422 5187 2661 5243 audiam
2683 5187 2840 5241 enim
2862 5190 2920 5241 te
2951 5185 3059 5242 hac
3081 5188 3154 5242 de
3172 5204 3233 5243 re
3262 5187 3512 5245 libenter
3539 5194 3597 5245 et
3625 5207 3792 5264 equo

2143 5278 2362 5335 animo.
2398 5275 2576 5332 David
2609 5280 2808 5333 autem
2844 5293 2902 5331 :«
2934 5276 3036 5332 Dio
3065 5275 3274 5333 anima
3306 5292 3472 5346 meae,
3501 5277 3665 5338 salus
3693 5285 3798 5338 tua

2121 5442 2164 5477 ⁹ί
2198 5441 2219 5496 I
2250 5440 2403 5496 Petr.
2436 5455 2476 5507 1,
2511 5438 2598 5493 12.

2148 5595 2936 5674 λαϐέσθαιβοεὶάθταῢαηΐυῐ*
2963 5599 3024 5655 in
3055 5599 3221 5674 prius
3249 5598 3446 5673 editis,
3462 5601 3564 5660 sed
3586 5601 3804 5660 baben-

2158 5679 2259 5733 tur
2285 5675 2348 5731 in
2377 5673 2578 5747 Regio.

3402 5802 3484 5880 34
