4120 6388
381 365 537 427 1067

379 516 484 574 ego
543 514 676 555 sum
697 497 760 552 θ’.
796 519 818 548 ι
862 493 1017 559 Tum
1073 490 1420 565 Unigenitus
1473 506 1486 544 :

380 587 627 657 conﬁde,
659 585 880 642 salvam
936 582 1093 638 enim
1152 580 1361 637 faciam
1406 577 1666 635 animam
1716 580 1882 630 tuam
1933 590 2036 645 per

384 676 849 734 incarnationem
898 679 955 729 et
1003 671 1337 744 passionem
1398 684 1610 724 meam.
1642 664 1745 721 Cui
1804 663 2031 720 David:

389 773 654 839 Magnam
685 761 878 835 accepi
916 761 1217 828 fiduciam,
1250 764 1308 814 et
1338 757 1540 814 statim
1585 753 1786 810 subdit
1821 771 1832 808 :
1863 775 1890 802 «
1926 757 2037 807 Do-

390 857 571 922 mine,
604 852 736 925 quis
767 850 980 908 similis
1011 849 1117 905 tibi
1137 847 1266 903 93?»
1302 844 1620 918 Respondit
1650 842 2034 914 Unigenitus:

391 945 575 1001 Pater.
610 943 800 1009 Quare
831 939 979 1007 dico,
1011 961 1039 988 «
1072 936 1181 1002 Qui
1211 935 1355 992 vidit
1403 951 1515 1001 me,
1551 932 1695 988 vidit
1723 936 1780 988 et
1807 932 2040 987 Patrem

391 1047 589 1089 meum
616 1031 723 1084 9‘.»
746 1028 905 1085 Vade
934 1027 994 1083 in
1036 1043 1177 1098 pace
1206 1029 1552 1097 exspectans
1581 1019 2041 1094 promissionum

390 1124 624 1179 beatam
655 1133 843 1193 spem.

1544 356 1609 415 ὃ.
1663 347 2190 412 ATHANASIUS.
2216 384 2287 393 -——
2319 346 2631 412 SPUlllA.

1541 487 1603 543 Id
1655 486 1767 542 tibi
1824 486 2027 556 habes,

2170 483 2272 546 150'
2317 484 2391 537 ὧν
2451 481 2605 547 οἶδας
2659 488 2850 556 ταῦτα,
2881 484 3017 554 εἰπὲ,
3071 478 3126 539 εἷ’
3164 504 3215 539 τι
3272 481 3365 538 καὶ
3424 478 3565 538 ἄλλο
3624 477 3799 559 ἔχεις·

3648 346 3812 413 1068

2143 572 2447 646 ἀκούσομαι
2473 572 2574 649 γάρ
2607 594 2701 629 σου
2731 575 2822 630 καὶ
2868 575 2992 651 περὶ
3051 573 3216 630 αὐτοῦ
3274 572 3514 647 εὐμενῶς
3570 572 3661 627 καὶ
3714 571 3800 628 διο

2144 661 2334 725 καίως.
2368 664 2424 716 Ὁ
2456 660 2513 717 δὲ
2544 659 2729 719 Δαϐίδ’
2765 688 2793 717 ‹‹
2827 665 2996 720 Εἶπον
3044 667 3113 737 τῇ
3169 666 3326 739 ψυχῇ
3381 683 3507 736 μου,
3544 662 3805 738 Σωτηρία

2148 771 2244 804 σου
2276 750 2408 823 εἶμί.
2441 772 2468 805 υ
2498 756 2558 809 Ὁ
2588 748 2646 807 δὲ
2694 754 3038 828 Μονογενής’
3080 754 3254 810 Τοῦτο
3306 746 3475 828 ἔχεις,
3526 750 3616 806 καὶ
3673 751 3804 829 θάρο

2150 859 2250 893 σει·
2304 842 2464 895 σώσω
2519 842 2625 918 γάρ
2683 863 2779 896 σου
2835 843 2934 912 τήν
2991 842 3176 918 ψυχὴν
3237 838 3326 897 διὰ
3379 843 3478 910 τῆς
3538 839 3807 917 ἐνανθρω-

2150 929 2369 998 πήσεώς
2422 950 2525 1003 μου
2576 930 2667 985 καὶ
2712 936 2811 985 τοῦ
2863 931 3088 995 πάθους.
3121 932 3182 989 Ὁ
3214 929 3271 986 δὲ
3321 926 3505 985 Δαϐίδ·
3543 954 3573 984 ι(
3606 932 3806 1008 Έθαρ-

2152 1019 2456 1089 σοποιὴθην
2513 1021 2627 1093 (47)
2686 1018 2808 1075 λίαν
2845 1040 2859 1054 ·
2919 1021 3010 1077 καὶ
3086 1021 3335 1097 παραυτᾶ
3403 1020 3807 1099 ἀνθυποφέρει·

2157 1129 2186 1158 ‹‹
2217 1106 2400 1181 Κύριε,
2431 1107 2512 1169 τίς
2557 1106 2753 1180 ὅμοιός
2796 1129 2919 1179 σοι;
2953 1110 2980 1163 6
3030 1107 3088 1164 δὲ
3133 1111 3467 1184 Μονογεντςςο
3500 1110 3562 1168 Ὀ
3593 1111 3804 1185 Πατήρ.

390 1210 549 1268 ’Όθεν
583 1205 672 1263 καί
693 1223 858 1284 φημι·
887 1228 915 1256 ‹‹
947 1204 1003 1258 Ὃ
1030 1201 1127 1275 ὲμὶ
1156 1201 1411 1275 ἑωρακὼς
1443 1199 1646 1275 ἑώρακε
1668 1199 1760 1253 τὸν
1794 1196 2004 1273 Πατέρα
2036 1216 2162 1269 μου.
2201 1219 2222 1248 ι
2258 1195 2498 1271 Πορεύου
2527 1194 2577 1251 ἐν
2614 1197 2826 1273 εἰρήνῃ,
2858 1195 3300 1274 ἀπεκδεχόμενος
3323 1203 3432 1255 τῶν
3465 1197 3801 1278 ἐπαγγελιῶν

392 1300 490 1368 τήν
523 1295 785 1373 μακαρίαν
818 1290 1031 1349 ἐλπίδα,

466 1392 519 1446 3.
551 1390 656 1445 His
686 1389 886 1459 itaque
916 1382 1224 1452 absolutis,
1248 1381 1471 1454 egressi
1493 1379 1684 1453 angeli
1710 1379 1805 1435 Dei
1833 1394 2050 1450 magna

395 1497 534 1537 voce
563 1478 893 1535 clamarunt
916 1492 929 1529 :
955 1474 1015 1530 Si
1046 1472 1183 1546 quis
1224 1471 1377 1528 alius
1406 1471 1672 1526 eamdem
1707 1485 1883 1541 quam
1916 1484 2048 1540 pro-

400 1570 586 1642 pheta:
615 1566 776 1622 litem
808 1564 1040 1633 habeat,
1065 1562 1284 1631 absque
1316 1562 1392 1616 im
1402 1560 1735 1631 pcdimento
1757 1557 2050 1628 ingredia-

401 1667 520 1725 tur,
547 1656 702 1713 390
733 1671 799 1710 ac
819 1650 1046 1709 veritati
1079 1649 1497 1723 patrocinetur.
1519 1647 1609 1702 Ad
1638 1663 1817 1719 quam
1836 1645 2054 1717 jussio-

404 1764 539 1804 nem
573 1746 754 1801 intrat
791 1739 1060 1797 Nahuthe
1110 1737 1376 1795 Israelita
1407 1754 1419 1792 :
1456 1753 1630 1808 quem
1681 1734 2054 1806 conspicatus

406 1834 773 1907 Unigenitus,
800 1830 880 1886 ait
909 1846 922 1885 :
957 1829 1203 1893 Quicum
1235 1826 1339 1883 tibi
1371 1826 1445 1882 lis
1475 1830 1584 1895 est,
1606 1828 1705 1880 aut
1736 1823 1831 1879 cui
1862 1824 2054 1879 dicam

406 1927 495 1982 vis
523 1919 900 1994 impingere?
932 1920 1094 1982 Quod
1145 1915 1195 1973 si
1224 1921 1286 1972 tu
1317 1916 1442 1988 ipse
1490 1932 1604 1971 non
1652 1918 1816 1986 potes
1864 1929 2055 1969 causa;

405 2020 521 2070 ture
552 2013 962 2083 argumentum
993 2022 1285 2071 enarrare,
1318 2004 1617 2076 habesque
1646 2005 1990 2059 advocatum
2024 2024 2053 2051 ››
2085 2028 2132 2093 Β

405 2100 773 2174 ingrediatur
822 2097 919 2152 ille
969 2096 1190 2166 absque
1234 2093 1680 2165 impedimento,
1714 2108 1779 2148 ac
1826 2090 2057 2147 veritati

407 2197 599 2248 tecum
636 2187 1047 2260 patrocinatur.
1083 2185 1232 2239 Tum
1262 2182 1532 2239 Nabuthe
1565 2199 1577 2237 :
1614 2181 1823 2246 Etiam,
1854 2180 2055 2237 Domi-

408 2297 502 2345 ne,
537 2282 875 2334 advocatum
925 2274 1110 2329 habeo
1158 2271 1586 2343 aequissimum,
1633 2270 1899 2343 aurigam
1946 2270 2054 2325 He-

404 2368 570 2435 liam,
602 2366 734 2422 dica
781 2367 978 2419 autem
1013 2360 1157 2417 mihi
1190 2359 1542 2432 impingitur
1572 2374 1706 2415 cum
1758 2357 1925 2414 falsis
1971 2363 2059 2412 te-

407 2456 623 2514 stibus.
653 2456 1017 2525 Quapropter
1057 2466 1230 2506 orsus
1260 2465 1500 2505 causam
1552 2448 1725 2503 modo
1774 2446 2058 2503 cnarrabo

408 2561 602 2601 meam
635 2560 702 2598 :«
734 2543 1055 2613 Surgentes
1084 2542 1266 2594 testes
1310 2537 1522 2610 iniqui,
1554 2555 1684 2606 quae
1714 2537 2059 2609 ignorabam

408 2632 847 2705 interrogabant
879 2646 971 2685 me
992 2629 1055 2696 95,
1086 2649 1115 2677 »
1148 2628 1511 2683 afﬁrmantes
1552 2643 1645 2682 me
1692 2626 2060 2682 benedixisse

411 2724 597 2779 Deum
628 2724 686 2776 et
727 2720 961 2791 Regem.
988 2717 1147 2782 Quos
1195 2719 1570 2788 percontatus
1616 2714 1901 2770 Dominus
1930 2714 2013 2769 ait
2045 2729 2058 2768 :

412 2811 596 2867 Dicite
630 2809 776 2864 mihi
817 2806 901 2862 rei
932 2806 1255 2872 veritatem,
1288 2805 1423 2877 quis
1466 2821 1568 2859 vos
1618 2802 1807 2876 coegit
1834 2802 2061 2859 calum-

410 2901 570 2957 niam
611 2898 891 2954 adversus
942 2910 1176 2952 servum
1231 2909 1427 2949 meum
1490 2893 1748 2963 legisque
1776 2891 2060 2947 cultorem

410 2987 704 3046 conﬂare?
752 2985 1207 3057 Responderunt
1235 2982 1322 3038 illi
1356 2999 1368 3038 :
1403 2981 1601 3037 Achab
1645 2987 1703 3036 et
1744 2998 1889 3036 uxor
1933 2981 2063 3052 ejus

408 3076 660 3136 Jezabel.
694 3077 845 3132 Tum
896 3072 1286 3145 Unigcnitus:
1342 3071 1478 3127 Esto
1527 3069 1708 3142 igitur
1751 3071 1952 3126 Achab
2001 3070 2061 3124 in

408 3166 562 3224 bello
593 3164 773 3222 veloci
808 3165 1023 3235 sagitta
1053 3163 1364 3218 confossus
1395 3162 1453 3215 in
1485 3160 1713 3231 hepate,
1737 3165 1839 3215 aut
1868 3159 2063 3231 potius

408 3258 466 3312 in
499 3255 806 3329 pulmone;
841 3252 939 3325 qui
972 3251 1193 3322 injuste
1224 3249 1494 3320 spiritum
1526 3248 1708 3304 trahit
1733 3248 1802 3303 ad
1834 3264 2063 3319 posses-

410 3345 595 3402 sionis
625 3341 1182 3415 concupiscentiam.
1214 3338 1441 3394 Jezahcl
1490 3343 1685 3392 autem
1721 3337 2065 3408 projiciatur

2229 1377 2282 1432 3.
2315 1374 2519 1430 Οὐκοῦν
2548 1375 2933 1433 ἀπολυθέντων
2958 1377 3167 1434 τούτων
3199 1376 3449 1456 ἐφοδίων,
3482 1379 3536 1434 οἱ
3583 1376 3808 1455 ἄγγελοι

2158 1467 2256 1518 τοῦ
2309 1468 2443 1519 Θεοῦ
2491 1464 2797 1536 ἐξελθόντες
2856 1468 3174 1544 κεκράγασιν
3231 1466 3443 1545 μεγάλῃ
3505 1466 3575 1542 τῇ
3634 1472 3809 1546 φωνῇ’

2162 1551 2233 1609 Ei’
2257 1575 2340 1617 τις
2371 1555 2460 1609 καὶ
2491 1552 2662 1618 ἄλλος
2693 1554 2808 1632 ἔχει
2860 1554 3015 1627 δίκην
3066 1562 3172 1612 τῶν
3233 1557 3819 1636 προφητῶνιεῖσερκέ·

2163 1644 2273 1698 σθω
2325 1642 2645 1714 ἀκωλύτως,
2679 1652 2999 1722 συνηγορῶν
3046 1648 3147 1717 τήν
3196 1645 3475 1717 ἀλήθειαν.
3510 1648 3657 1722 Πρὸς
3712 1649 3816 1716 τὴν

2163 1731 2553 1808 παρακέλευσιν
2616 1734 2915 1811 εἰσέρχεται
2975 1730 3217 1791 Ναϐουθὲ
3275 1736 3303 1790 ὁ
3352 1734 3720 1811 Ἰσραηλίτης,
3753 1737 3815 1791 ’ὀν

2162 1821 2253 1876 καὶ
2286 1822 2614 1896 θεασάμενος
2644 1824 2803 1879 αὐτὸν
2832 1825 2861 1879 6
2902 1826 3219 1900 Μονογενής
3269 1823 3435 1899 λέγει’
3488 1824 3564 1879 Σὺ
3615 1822 3672 1880 δὲ
3718 1846 3815 1898 με·-

2164 1910 2230 1965 τᾶ
2257 1910 2404 1974 τίνος
2437 1910 2606 1989 ἔχεις,
2636 1914 2670 1982 ἢ
2695 1933 2707 1945 ·
2744 1913 2878 1986 μετᾶ
2919 1913 3039 1969 τίνα
3071 1912 3248 1990 βούλῃ
3279 1911 3631 1985 δικάσασθαις
3666 1914 3727 1969 Εἴ
3756 1911 3819 1969 δὲ

2164 1999 2323 2061 αὐτὸς
2381 1998 2452 2055 δι’
2496 1999 2659 2055 αὐτοῦ
2710 2001 2772 2057 οὐ
2817 2000 3039 2058 δύνασαι
3099 2003 3487 2078 εἰσηγήσασθαι
3532 2005 3632 2073 τήν
3689 2002 3822 2059 ὑπό-

2167 2101 2311 2153 θεσιν
2359 2094 2457 2144 τοῦ
2512 2091 2832 2167 πράγματός
2886 2114 3004 2165 σου,
3053 2088 3201 2169 ἔχεις
3260 2090 3318 2149 δὲ
3356 2090 3666 2168 δικολόγον,
3724 2093 3820 2148 καὶ

2166 2178 2323 2241 αὐτὸς
2356 2178 2680 2255 εἰσεθχὲσοω
2712 2178 3032 2252 ἀκωλύτως,
3069 2182 3380 2258 συνηγορῶν
3413 2203 3499 2238 σοι
3527 2183 3627 2251 τὴν
3675 2180 3821 2254 ἀλή-

2166 2271 2335 2324 θειαν.
2367 2269 2427 2327 Ὀ
2473 2265 2532 2323 δὲ
2580 2264 2846 2334 Ναϐουθὲ·
2880 2270 3004 2341 Ναὶ,
3046 2269 3310 2341 Δέσποτα,
3340 2268 3457 2347 ἔχω
3518 2273 3820 2348 συνήγορον

2168 2355 2529 2430 δικαιότατον,
2563 2357 2960 2436 ἁρματηλάτην
2981 2359 3168 2416 Ἑλίαν
3202 2362 3335 2434 (48)’
3370 2363 3404 2430 ἡ
3439 2358 3497 2415 δὲ
3540 2358 3664 2431 δίκη
3715 2380 3824 2434 μου

2167 2452 2542 2523 συγκροτεῖται
2605 2450 2742 2522 μετὰ
2794 2452 2903 2504 τῶν
2965 2447 3451 2527 ψευδομαρτύρων.
3511 2450 3672 2509 ’Όθεν
3728 2450 3829 2526 ἀρ-

2170 2536 2416 2612 χόμενος
2472 2541 2571 2592 τοῦ
2618 2538 2938 2615 πράγματός
3004 2560 3110 2612 μου
3168 2536 3313 2616 λέγω
3368 2538 3505 2595 κατᾶ
3554 2539 3617 2594 τὸ
3664 2537 3827 2609 ἒξῆςο

2171 2652 2198 2678 (ι
2231 2624 2577 2690 Ἀναστάντες
2640 2648 2734 2701 μοι
2799 2627 3067 2705 μάρτυρες
3129 2626 3329 2701 ἄδικοι,
3389 2627 3423 2682 ἃ
3479 2626 3578 2682 οὐκ
3630 2627 3828 2703 ἐγίνω-

2171 2736 2295 2770 σκον
2329 2715 2559 2788 ἠρώτων
2594 2737 2683 2789 με,
2708 2740 2735 2767 ››
2769 2711 3242 2791 διαϐεϐαιούμενοι
3277 2716 3361 2772 ὅτι
3390 2714 3682 2793 ηὐλόγησα
3709 2718 3828 2791 (49)

2169 2803 2298 2860 Θεὸν
2348 2803 2437 2859 καὶ
2490 2803 2734 2880 βασιλέα·
2777 2804 2870 2869 οὓς
2918 2807 3007 2861 καὶ
3057 2805 3314 2877 ἐξετάζων
3368 2808 3396 2862 6
3450 2805 3645 2880 Κύριος
3694 2805 3822 2885 ἔφη·

2169 2891 2373 2950 Egnati
2409 2914 2501 2966 μοι
2536 2891 2882 2972 φιλαλήθως,
2913 2894 3000 2957 τίς
3040 2896 3180 2968 ὑμᾶς
3232 2894 3500 2970 ἠνάγκασε
3553 2916 3823 2974 συκοφαν-

2168 2989 2330 3052 τῆσαι
2376 2982 2468 3037 τὸν
2518 2982 2648 3054 ἐμὸν
2710 2981 2907 3038 δοῦλον
2963 2983 3053 3039 καὶ
3101 2983 3500 3063 νομοφύλακας
3535 2985 3602 3043 Οἱ
3633 2981 3692 3040 δὲ
3721 2985 3826 3039 ἀπο

2122 3090 2127 3095 '
2171 3070 2469 3146 εκρίνοντο’
2505 3066 2714 3147 Ἀχαὰϐ
2759 3072 2851 3127 καὶ
2898 3075 2933 3142 ἡ
2983 3074 3120 3148 γυνή
3168 3073 3333 3129 αὐτοῦ
3382 3069 3641 3144 Ἰεζαϐἑλ.
3676 3075 3736 3131 Ὀ
3768 3070 3828 3128 δὲ

2171 3162 2518 3235 Μονογενής⁶
2578 3162 2757 3217 Ἔστω
2815 3159 2908 3216 οῦν
2965 3163 2993 3216 6
3049 3157 3263 3238 Ἀχαᾶϐ
3322 3161 3373 3218 ἐν
3439 3168 3518 3237 τῷ
3593 3160 3829 3235 πολέμῳ

2168 3249 2520 3321 τοξευόμενος
2583 3248 2732 3325 βὲλει
2792 3246 3075 3323 εὖθυϐὁλῳ
3129 3252 3265 3306 κατᾶ
3318 3256 3415 3306 τοῦ
3495 3253 3730 3323 ἥπατος,
3789 3253 3824 3321 ἣ

2179 3338 2390 3412 μᾶλλον
2454 3340 2590 3393 κατὰ
2642 3343 2739 3393 τοῦ
2797 3340 3249 3414 πνεύμονος,τοῦ
3308 3339 3509 3404 ἀδίκως
3566 3340 3829 3397 ἀναπνεύ-

410 3434 471 3490 in
502 3449 698 3490 aream
730 3432 962 3497 domus,
984 3430 1179 3501 sitque
1210 3426 1292 3482 illi
1323 3443 1535 3482 canum
1568 3427 1926 3497 sepulcrum.
1956 3426 2059 3482 Na-

2177 3448 2367 3490 σαντος
2425 3427 2502 3490 εἷς
2556 3428 2655 3497 τὴν
2715 3428 3106 3497 πλ;ονεκτικήν
3166 3429 3479 3504 ἐπιθυμίαν.
3510 3431 3574 3486 Ἡ
3623 3428 3680 3486 δὲ
3732 3432 3824 3487 Ἰε-

411 3522 597 3581 buthe
642 3538 778 3577 vero
833 3536 936 3591 pro
987 3517 1183 3574 ablata
1211 3517 1404 3583 vinea,
1436 3515 1772 3571 haereditate
1823 3514 2072 3586 accipiat

418 3611 678 3687 paradisi
710 3609 1069 3681 voluptatem
1103 3612 1281 3678 atque
1311 3606 1718 3661 zeternitatem.

2183 3511 2345 3586 ζαϐὲλ
2377 3515 2516 3573 ἔστω
2548 3516 2846 3593 ριπτομὲνη
2878 3517 2931 3573 ἐν
2974 3517 3268 3593 οἷκοπὲδῳ,
3298 3521 3533 3596 γενέσθω
3564 3516 3622 3575 δὲ
3651 3521 3829 3576 κυνῶν

2178 3607 2368 3684 τάφος.
2419 3608 2478 3663 Ὁ
2527 3603 2584 3660 δὲ
2632 3602 2877 3662 Ναϐουθὲ
2922 3606 3327 3683 κληρονεμήτω
3376 3610 3519 3683 (49⁶)
3567 3607 3684 3663 ἀντὶ
3735 3614 3834 3665 τοῦ

417 3698 872 3778 ἔξαφανιζομὲνου
902 3691 1229 3769 ἀμπελῶνος
1260 3695 1358 3764 τὴν
1385 3694 1593 3771 τρυφὴν
1624 3697 1723 3748 τοῦ
1751 3689 2076 3769 παραδείσου
2107 3696 2195 3750 καὶ
2225 3702 2325 3763 τῆς
2353 3694 2711 3766 αἰωνιότητος
2739 3698 2872 3769 (50).

493 3792 547 3848 li.
580 3790 699 3846 Hae
747 3807 916 3861 porro
948 3786 1241 3844 sententia
1270 3785 1329 3841 in
1361 3784 1783 3841 commentario
1813 3785 2067 3854 redacta,

420 3879 746 3953 ingreditur
776 3894 989 3950 magna
1021 3892 1154 3931 voce
1193 3875 1472 3946 [rarditus
1502 3872 1600 3928 ille
1652 3872 1835 3929 Isaias
1882 3873 2071 3930 excla-

419 3986 592 4026 mans
617 3985 629 4024 :
655 3968 920 4033 Domine,
945 3965 1081 4021 audi
1113 3964 1363 4020 libenter
1391 3968 1449 4018 et
1474 3980 1640 4034 teque
1672 3963 1890 4019 animo.
1918 3965 2069 4019 Tum

418 4056 800 4130 Unigenitus:
838 4056 1099 4126 Loquere
1132 4054 1411 4108 adversus
1457 4068 1592 4107 cum
1646 4052 1746 4123 qui
1800 4050 1950 4108 laesit
1977 4058 2066 4119 te;

414 4164 550 4204 cum
581 4146 905 4220 praesertim
938 4142 1223 4217 propheta
1254 4141 1335 4196 sis
1367 4145 1450 4209 tu,
1473 4142 1700 4212 justus,
1729 4141 2071 4222 spiritualis,

413 4241 703 4309 aptusque
724 4234 796 4290 ad
814 4250 1004 4289 causa:
1029 4237 1138 4287 tua:
1157 4239 1574 4300 argumentum
1599 4232 2067 4302 preponcndum.

414 4325 517 4382 Cui
543 4324 860 4399 propheta:
892 4322 1031 4378 Dica
1061 4326 1151 4377 est
1183 4318 1479 4375 mihicum
1506 4320 1947 4390 Manasse,quia
1978 4336 2071 4376 me

415 4413 681 4471 divinum
701 4431 733 4468 a
755 4416 987 4482 Deoque
1017 4409 1372 4481 inspiratum
1407 4410 1664 4463 Verbum
1695 4409 1958 4463 studiose
1988 4414 2071 4465 at-

416 4519 530 4575 que
558 4501 811 4574 impigre
851 4498 1221 4571 prmdioante,
1256 4497 1355 4552 ille
1401 4495 1715 4553 crudeliter
1744 4503 1801 4551 et
1850 4498 2070 4567 absque

416 4592 537 4646 ulla
569 4586 990 4653 misericordia,
1018 4602 1110 4641 me
1141 4584 1337 4658 lignea
1370 4602 1531 4641 serra
1553 4585 1784 4640 occidit.
1810 4584 2069 4656 Respon-

415 4680 505 4736 dit
523 4677 873 4750 Unigenitus
895 4692 907 4730 :
933 4675 989 4730 Si
1016 4674 1073 4730 id
1102 4674 1405 4730 Manasses
1431 4674 1781 4745 designavit,
1805 4675 2074 4729 tradatur

412 4766 697 4823 Chaldaeis
729 4766 788 4821 in
820 4762 1238 4837 captivitatem,
1271 4761 1595 4818 ludibrium
1630 4766 1686 4816 et
1714 4763 1931 4817 caedem
1958 4779 1971 4817 :
2007 4768 2072 4819 ut

2255 3789 2325 3842 4.
2378 3784 2982 3860 Ὑπομνηματισθείσης
3057 3784 3116 3842 δὶ
3183 3787 3384 3860 ταύτης
3460 3790 3783 3872 ἀποφάσεως
3817 3842 3832 3869 ,

2182 3873 2483 3949 εἰσέρχεται
2544 3877 2572 3928 6
2634 3873 3154 3953 μεγαλοφωνότατος
3209 3877 3428 3942 Ἡσαΐας
3502 3884 3778 3957 κεκραγώς
3815 3903 3829 3917 ⁸

2181 3962 2362 4039 Κύριε,
2420 3964 2649 4020 ἄκουσον
2705 3964 2840 4037 ἐμοῦ
2895 3964 3136 4039 εὐμενῶς
3187 3967 3278 4022 καὶ
3337 3966 3558 4034 δικαίως
3594 4014 3607 4028 .
3657 3973 3718 4029 Ὁ
3777 3970 3836 4028 δὲ

2178 4055 2508 4129 Μονογενῆς·
2561 4055 2699 4129 Λέγε
2749 4053 2885 4109 κατᾶ
2925 4058 3023 4109 τοῦ
3071 4053 3430 4126 ἀδικήσαντός
3489 4081 3566 4130 σε,
3615 4061 3830 4133 μᾶλλον

2180 4142 2244 4196 σὺ
2277 4140 2349 4197 ὣν
2401 4145 2691 4222 προφήτης
2738 4141 2970 4213 δίκαιος,
3004 4147 3393 4220 πνευματικὸς,
3426 4147 3612 4212 ἱκανὸς
3661 4150 3835 4224 ἑαυτῷ

2179 4234 2538 4302 συστήσασθαι
2585 4234 2686 4303 τὴν
2751 4232 2999 4288 ὑπόθεσιν
3071 4237 3167 4288 τοῦ
3224 4235 3542 4311 πράγματός
3600 4259 3717 4295 σου.
3770 4240 3833 4297 Ὁ

2181 4316 2238 4373 δὲ
2290 4320 2602 4396 προφήτης·
2634 4325 2792 4395 ’Έχω
2851 4317 3005 4390 δίκην
3070 4322 3204 4394 μετά
3256 4326 3355 4376 τοῦ
3404 4329 3685 4394 Μανασσῆ,
3718 4324 3834 4381 ἐπεὶ

2179 4406 2315 4480 ἐμοῦ
2347 4405 2658 4470 σπουδαίως
2714 4408 2805 4462 καὶ
2856 4408 3061 4471 ἀόκνως
3107 4409 3475 4486 κηρύσσοντος
3532 4413 3624 4468 τὸν
3683 4420 3828 4479 θεῖον

2179 4495 2269 4550 καὶ
2328 4495 2680 4559 θεόπνευστον
2731 4495 2916 4574 λόγον,
2968 4497 3126 4562 αὐτὸς
3202 4499 3535 4573 ἀσυμπαθῶς
3594 4502 3685 4558 καὶ
3742 4504 3833 4558 ἀν-

2181 4582 2499 4656 ελεημὸνως
2549 4583 2750 4657 ξυλίνῳ
2796 4586 2980 4661 πρίονὶ
3030 4609 3098 4659 με
3142 4587 3375 4645 ἀνεῖλεν.
3404 4590 3465 4647 Ὁ
3497 4587 3553 4646 δὲ
3585 4594 3829 4667 Μονογε-

2177 4675 2299 4744 νήςο
2353 4674 2416 4729 Εἰ
2470 4680 2633 4730 τοῦτο
2689 4674 2941 4747 ἐποίησεν
3000 4678 3028 4730 ὁ
3087 4679 3404 4749 Μανασσῆς,
3445 4677 3833 4756 παραδιδόσθω

2177 4768 2295 4825 τοῖς
2324 4760 2622 4827 Χαλδαίοις
2653 4764 2730 4827 εἷς
2781 4765 3193 4842 αἰχμαλωσίαν,
3222 4766 3314 4822 καὶ
3369 4767 3689 4845 ἐμπαιγμὸν
3722 4772 3835 4843 (51)

407 4856 676 4914 ediscant
732 4869 920 4926 reges,
974 4852 1289 4924 prophetas
1343 4868 1503 4907 meos
1555 4850 1931 4906 contumeliis
1956 4870 2059 4907 non

2180 4852 2268 4905 καὶ
2324 4850 2553 4931 σφαγήν
2616 4852 2708 4908 ’ἱνα
2768 4854 3009 4926 μάθωσιν
3067 4856 3119 4910 οἱ
3180 4854 3425 4931 βασιλεῖς
3482 4856 3611 4919 τοὺς
3670 4856 3835 4931 ἐμοὺς

414 4944 647 5001 afﬁcere
676 4947 780 4999 aut
808 4942 1131 5009 trucidare;
1166 4941 1267 4997 sed
1312 4940 1601 4996 honorare
1646 4945 1823 5011 atque
1871 4942 2073 5014 magni

411 5034 622 5104 facere,
649 5031 1111 5097 considerantes,
1136 5030 1291 5101 quod
1328 5045 1431 5099 per
1462 5042 1554 5083 me
1586 5028 1779 5083 omnis
1831 5045 1933 5084 rex
1981 5046 2071 5085 re-

412 5126 572 5197 gnet,
603 5126 660 5181 et
688 5125 955 5195 potentes
1001 5118 1221 5191 scripto
1269 5118 1585 5181 decernant
1629 5117 1946 5187 justitiam.
1981 5120 2070 5176 Tu

2181 4944 2464 5020 προφήτας
2525 4944 2600 5015 μὴ
2664 4938 2919 5016 ὑϐρίζειν,
2971 4946 3005 5015 ἢ
3061 4945 3417 5018 ἀποκτείνειν,
3478 4945 3624 5002 ἀλλὰ
3669 4951 3832 5020 τιμᾷν

2179 5031 2269 5087 καὶ
2323 5030 2665 5107 μεγαλύνειν⁸
2716 5032 3133 5106 ἐνθυμούμενοι,
3166 5033 3249 5090 ὅτι
3300 5031 3370 5089 δι’
3400 5034 3538 5109 ἐμοῦ
3586 5041 3689 5097 πᾶς
3739 5034 3835 5109 βα-

2182 5119 2364 5183 σιλεὺς
2398 5118 2694 5196 βασιλεύει,
2739 5123 2831 5177 καὶ
2883 5123 2939 5176 οἱ
3001 5120 3254 5180 δυνάσται
3306 5126 3576 5203 γράφουσι
3626 5119 3833 5177 δικαιο-

485 5298 532 5335 ⁹²
562 5296 716 5357 Psal.
749 5315 941 5364 χχχιιι,
972 5298 1026 5352 3.
1104 5297 1148 5333 ⁸³
1177 5295 1320 5353 ibid.
1357 5296 1442 5350 10.
1520 5296 1565 5330 οδ
1591 5293 1762 5351 Joan.
1796 5313 1912 5365 xxv,
1943 5298 1997 5355 9.

2170 5298 2301 5358 Psal.
2334 5317 2524 5374 xxxrv,
2559 5302 2645 5357 10.

483 5478 600 5548 (47)
632 5480 720 5534 ita
748 5478 885 5545 Reg.
922 5475 1076 5548 Editi
1104 5492 1258 5548 vero,
1296 5471 1490 5547 Θαρῥῶ
1522 5473 1748 5548 ποιητά.

484 5543 592 5620 (43)
624 5550 720 5605 Sic
750 5543 904 5621 haud
941 5547 1115 5603 dubie
1147 5543 1485 5619 legendum.
1520 5545 1695 5614 b‘diti,
1727 5543 1869 5613 τινά,
1904 5547 2073 5621 Reg,

417 5615 562 5692 λίαν,
579 5615 696 5692 pro
724 5616 822 5692 ᾙλ
833 5617 936 5673 ίαν.

489 5684 612 5773 (i9)-
634 5691 720 5749 Ita
749 5691 889 5767 Reg.
935 5706 1070 5747 cum
1101 5686 1181 5750 0'.
1214 5688 1388 5762 Editi,
1424 5684 1832 5767 ἐκακολόγησα.

2257 5481 2533 5558 (θ’)-ΡΓΟ
2563 5478 3002 5558 κληρονομείτω.
3034 5483 3196 5542 EDIT.

2257 5556 2370 5627 (50)
2402 5554 2569 5627 Reg”
2601 5554 2703 5627 τῆς
2734 5554 3123 5627 ἀνεκπότητογς,
3158 5558 3459 5616 mendose.

2255 5626 2337 5698 (5|
2348 5664 2366 5699 ,
2404 5624 2659 5702 lta‘Reg.
2694 5626 2843 5685 Editi
2873 5624 3031 5700 vero,
3065 5624 3374 5705 ἔμπαιγμα.
