4120 6388
357 383 516 444 1069

1249 382 1576 446 HOMILIA
1624 383 1700 445 IN
1747 380 1854 445 SS.
1902 383 2207 444 PATBES
2252 384 2351 446 ET
2401 388 2885 451 PROPHETAS.

3617 397 3776 459 1070

354 518 539 588 σύνην.
596 517 671 571 Σὺ
737 517 830 590 μὲν
881 515 997 570 ἀντὶ
1044 523 1144 586 τῆς
1189 515 1432 593 ἐπιγείου
1482 515 1858 593 ’Ἰερουσαλὴμ
1900 519 1984 586 τηε

2082 578 2086 585 _
2117 519 2355 590 quidem
2389 537 2492 592 pro
2527 527 2756 578 terrena
2784 523 3130 593 Jerusalem,
3159 528 3451 584 caelestem
3486 530 3773 602 primoge-

349 605 668 682 ἐπουράνιον
723 607 932 681 μητερα
991 611 1095 660 τῶν
1153 605 1516 680 πρωτοτόκων
1599 603 1757 660 οἷ’κει·
1818 605 2000 660 κάκεῖ-

344 717 435 758 νος
473 699 610 769 (51⁸)
643 693 701 750 δὲ
733 695 822 749 τὸν
880 695 1070 763 τόπον,
1124 720 1151 747 ‹‹
1296 695 1359 749 οὗ
1390 692 1596 769 ἀπέδρα
1626 692 1814 768 ὀδύνη,
1849 693 1996 764 λύπη

341 784 431 840 καὶ
465 785 787 859 στεναγμός,
823 809 851 835 ››

411 877 464 930 5.
503 872 913 949 Περαιωθείσης
972 871 1028 927 δὲ
1086 873 1174 927 καὶ
1233 874 1435 944 ταύτης
1492 881 1590 943 τῆς
1650 873 1993 952 ἀποξεάσεως,

340 963 642 1037 εἰσέρχεται
703 964 730 1016 ό
781 963 1225 1035 θαυμασιώτατος
1275 961 1561 1037 Ἱερεμίας,
1612 963 1670 1017 δν
1726 963 1814 1017 καὶ
1874 965 1993 1017 θεα-

340 1053 574 1124 σάμενος
630 1052 657 1105 ὁ
711 1051 1016 1125 Μονογενὴς
1067 1050 1228 1126 λίγει-
1288 1051 1362 1105 Σὺ
1396 1049 1452 1106 δὲ
1487 1054 1618 1124 μετά
1646 1052 1790 1113 τίνος
1818 1049 1991 1126 ἔχεις,

335 1145 370 1211 ἣ
410 1143 544 1214 μετά
580 1141 726 1202 τίνος
765 1141 1020 1216 βούλεσαι
1055 1137 1412 1210 δικάσασθαις
1473 1143 1534 1198 Ὀ
1591 1139 1649 1196 δὲ
1703 1141 1986 1217 Ἰερεμίας’

339 1233 498 1306 ’Έχω
527 1228 683 1301 δίκην
747 1231 883 1302 μετά
937 1229 1028 1282 τὸν
1085 1227 1385 1294 Ἰυυδαίων,
1436 1229 1708 1305 βούλομαι
1743 1228 1800 1285 δὲ
1835 1228 1988 1284 δικά-

335 1323 525 1375 σασθαι
558 1319 644 1374 ἐπὶ
677 1324 776 1374 σοῦ
806 1323 902 1373 τοῦ
934 1318 1459 1394 ἀπροσωπολήπτου
1499 1319 1792 1376 Δεσπότου.
1837 1321 1898 1377 Ὁ
1931 1316 1988 1374 δὲ

332 1411 667 1484 Μονογενής·
703 1410 805 1464 Καὶ
833 1408 886 1462 τί
918 1413 1245 1483 κατηγορεῖς
1285 1408 1411 1470 τοὺς
1469 1407 1788 1488 ὁμοφύλους
1847 1428 1982 1478 σου;

333 1502 396 1556 Ὁ
457 1497 512 1553 δὲ
577 1500 882 1576 προφήτης·
966 1499 1272 1573 Κατηγορῶ
1337 1497 1553 1569 αὐτοὺς,
1616 1497 1728 1553 ἐπεὶ
1782 1499 1984 1553 ἀνταπ-

330 1587 536 1643 ἑδωκάν
573 1609 662 1659 μοι
698 1587 812 1640 ἀντὶ
843 1591 950 1641 τῶν
981 1584 1164 1641 καλῶν
1195 1588 1353 1656 κακὰ,
1401 1587 1514 1641 ἀντὶ
1549 1583 1605 1642 δὲ
1628 1592 1735 1642 τῶν
1769 1588 1982 1663 ἀγαθῶν

326 1679 561 1752 πονηρά.
621 1679 795 1748 Ἑμοῦ
866 1675 1170 1751 εὐχομένου
1231 1677 1360 1751 ὑπὲρ
1422 1675 1594 1752 ὑγείας
1652 1677 1830 1731 αὐτῶν
1888 1676 1978 1731 καὶ

325 1766 619 1841 σωτηρίας,
663 1766 816 1820 αύτο³ι
853 1761 1246 1819 ἐϐουλεύσαντο
1297 1767 1570 1841 φαρμάκῳ
1628 1787 1694 1837 με
1747 1765 1976 1836 ἀνελεῖν,

2113 608 2371 663 nitorum
2423 615 2669 666 matrem
2723 611 3030 684 habitato;
3070 614 3169 671 ille
3217 633 3347 673 vero
3398 618 3610 690 locum,
3641 641 3668 669 ‹‹
3702 635 3770 674 ex

2111 715 2226 770 quo
2259 699 2408 772 fugit
2437 699 2602 756 dolor
2635 705 2691 757 et
2723 701 2967 759 tristitia
2997 707 3053 760 et
3081 705 3336 777 gemitus
3357 708 3420 763 9⁸.
3446 731 3473 759 ››

2177 875 2232 929 5.
2268 875 2384 930 Hac
2415 876 2704 948 completa
2748 880 3060 946 sententia,
3094 880 3423 954 ingreditur
3460 883 3763 940 admiran-

2105 963 2218 1020 dus
2259 964 2354 1020 ille
2402 967 2708 1036 Jeremias,
2743 985 2919 1039 quem
2969 969 3224 1026 intuitus
3256 971 3606 1045 Unigenitus
3635 973 3716 1029 ait
3748 991 3761 1029 :

2105 1051 2352 1116 Quicum
2389 1053 2461 1109 lis
2494 1059 2581 1110 est
2609 1056 2734 1123 tibi,
2761 1062 2864 1112 aut
2886 1074 3205 1128 quemnam
3229 1060 3316 1115 vis
3347 1061 3408 1116 iu
3428 1061 3533 1131 jus
3563 1078 3764 1133 provo-

2103 1142 2274 1197 care?
2304 1143 2590 1199 Jeremias
2621 1150 2817 1200 autem
2854 1163 2866 1201 :
2904 1146 2998 1202 Lis
3044 1156 3128 1202 est
3175 1147 3320 1203 mihi
3353 1165 3486 1204 cum
3520 1149 3759 1214 Judaais,

2098 1230 2344 1303 voloque
2376 1233 2602 1304 judicio
2633 1236 2983 1291 contendere
3022 1253 3218 1292 coram
3250 1243 3325 1305 te,
3359 1238 3626 1305 Domine,
3660 1239 3761 1310 qui

2099 1337 2408 1392 personam
2442 1339 2558 1378 non
2593 1324 2832 1395 accipis.
2865 1326 3012 1380 Tum
3045 1325 3396 1398 Unigenitus
3422 1344 3434 1384 :
3461 1330 3658 1400 Ecqua
3686 1329 3759 1384 de

2098 1426 2158 1465 re
2208 1427 2452 1468 accusas
2499 1413 2858 1469 contribules
2908 1415 3084 1471 tuos?
3124 1415 3228 1471 Cui
3281 1417 3609 1489 propheta:
3646 1422 3753 1472 Ac-

2096 1516 2236 1555 cuso
2269 1499 2422 1570 illos,
2457 1503 2610 1572 quod
2645 1502 3027 1558 retribuerint
3059 1503 3205 1559 mihi
3239 1522 3340 1576 pro
3373 1507 3543 1561 bonis
3576 1506 3752 1572 mala,

2094 1605 2196 1659 pro
2229 1589 2527 1645 beneficiis
2559 1590 2831 1662 injurias.
2865 1592 2953 1648 Me
2987 1609 3090 1664 pro
3137 1610 3341 1649 eorum
3387 1596 3638 1651 sanitate
3668 1600 3752 1652 at-

2092 1693 2205 1748 que
2235 1677 2423 1733 salute
2453 1680 2819 1750 deprecante,
2854 1680 2968 1752 ipsi
2999 1681 3223 1737 interea
3253 1698 3474 1739 veneno
3505 1701 3598 1739 me
3635 1685 3748 1740 tol-

2090 1764 2206 1822 lere
2238 1766 2651 1834 moliebantur,
2685 1768 3046 1825 occultantes
3099 1769 3244 1826 illud
3281 1787 3495 1844 magna
3542 1773 3747 1829 fraude

325 1855 688 1932 ἆγκρύψαντες
736 1854 865 1908 αὐτὸ
915 1854 1048 1926 μετά
1095 1851 1312 1909 πολλοῦ
1363 1851 1530 1908 δόλου
1562 1854 1636 1916 εἰς
1685 1856 1776 1908 τὸν
1813 1855 1972 1930 ἄρτον

2088 1854 2146 1910 in
2181 1872 2330 1927 pane
2362 1873 2510 1912 meo.
2542 1858 2694 1911 Tum
2727 1857 3114 1928 Unigenitus:
3151 1860 3442 1923 Quidnam
3476 1860 3595 1917 illis
3621 1861 3746 1918 fieri

326 1968 452 2020 μου.
515 1948 571 2002 Ὁ
620 1942 679 1999 δὲ
727 1945 1062 2019 Μονογενής·
1123 1943 1222 1997 Καὶ
1276 1943 1329 1998 τί
1377 1943 1559 2004 αὐτοῖς
1612 1943 1785 2005 Οὲλεις
1831 1945 1978 2019 γενὲ-

323 2048 485 2104 σθαι;
542 2035 601 2092 Ὀ
663 2031 718 2088 δὲ
769 2035 1080 2111 προφήτης·
1142 2033 1349 2088 Ἐκεῖνο
1399 2031 1582 2095 αὐτοῖς
1629 2031 1858 2103 ποίησον
1913 2034 1975 2087 τὸ

318 2122 698 2200 γεγραμμένον
759 2121 809 2176 ἐν
858 2127 976 2183 ταῖς
1023 2121 1374 2196 Παροιμίαις·
1426 2149 1451 2172 u
1486 2123 1546 2178 '0
1580 2119 1973 2184 ἀνταποδιδοὺς

320 2215 482 2269 κακὸν
564 2212 678 2267 ἀντὶ
757 2211 977 2288 ἀγαθοῦ,
1051 2209 1112 2264 ού
1166 2212 1513 2281 κινηθήσεται
1570 2211 1708 2264 κακά
1764 2211 1823 2266 ἐκ
1877 2216 1974 2265 τοῦ

319 2299 476 2354 οἷ’κου
507 2298 696 2354 αὐτοῦ.
757 2321 785 2351 ››
831 2299 887 2349 '0
939 2294 995 2351 δὲ
1049 2299 1387 2373 Μονογενής’
1423 2295 1590 2354 Οὐδὲν
1626 2295 1824 2352 ἄτοπον
1855 2297 1976 2371 ἐζή-

313 2410 506 2456 τησας.
539 2385 649 2444 Ἴδε
680 2386 740 2441 οὐ
771 2390 1044 2440 κινοῦνται
1075 2386 1212 2441 κακά
1241 2385 1299 2440 ἐκ
1344 2391 1442 2440 τοῦ
1473 2384 1627 2440 οἷ’κου
1674 2391 1781 2442 τῶν
1837 2389 1972 2442 Ἰου-

317 2477 484 2533 δαίων
511 2485 611 2546 τῆς
640 2475 1024 2550 Ἰερουσαλὴμ,
1054 2472 1158 2538 ἕως
1192 2473 1252 2529 ἃν
1305 2474 1363 2529 ἐκ
1422 2475 1688 2548 θεμελίων
1749 2475 1970 2550 ἐρημω-

316 2573 410 2642 θῇ.
447 2567 521 2622 Σὺ
547 2565 820 2621 ἀναπαύου
853 2564 903 2619 ἐν
940 2569 1049 2626 τοῖς
1080 2565 1402 2626 ἀστενώτοις
1435 2563 1666 2627 κόλποις
1706 2570 1802 2619 τοῦ
1832 2587 1968 2642 προ-

314 2659 556 2731 πατορος
591 2650 859 2730 Ἀϐραάμ.

386 2750 440 2805 6,
507 2744 905 2820 [Ιεραιωθείσης
992 2744 1082 2797 καὶ

317 2837 622 2912 εἰσέρχεται
679 2835 706 2888 ὁ
763 2834 1053 2910 προφήτης
1113 2832 1385 2908 Ζαχαρίας
1435 2832 1729 2908 κεκραγώς·
1785 2833 1966 2908 Κύριε,

317 2924 569 2982 δικουσον
601 2925 692 2978 καὶ
725 2923 859 2995 ἐμοῦ
892 2923 1134 2995 εὐμενῶς
1163 2921 1252 2976 καὶ
1287 2920 1532 2985 δικαίως.
1592 2924 1653 2979 Ὁ
1687 2920 1742 2976 δὲ
1790 2928 1967 2979 Μονο-

316 3018 500 3090 γενής.
535 3017 675 3087 Λὲγε
731 3011 866 3066 κατά
915 3015 1023 3066 τῶν
1073 3008 1442 3082 ἀδικησάντων
1496 3031 1569 3065 σε.
1605 3012 1666 3067 Ὀ
1699 3009 1755 3064 δὲ
1785 3018 1967 3087 Ζαχα-

321 3105 453 3177 ρίας’
509 3102 660 3159 Εἰσὶν
713 3100 764 3154 οἱ
807 3097 1162 3169 ἀδικήσαντες
1215 3120 1282 3172 με
1333 3100 1384 3152 οἱ
1434 3099 1707 3174 ἀρχίερεῖς
1764 3101 1851 3154 καὶ
1914 3102 1966 3155 οἱ

313 3190 794 3266 νομοδιδάσκαλοι.
843 3192 900 3247 Ὀ
961 3187 1018 3244 δὲ
1066 3190 1396 3264 Μονογενής·
1427 3189 1525 3243 Καὶ
1555 3189 1608 3243 τί
1656 3187 1872 3244 τοιοῦτό
1904 3211 1961 3246 σε

1171 2742 1372 2813 ταύτης
1448 2750 1547 2813 τῆς
1622 2743 1968 2822 ἀποφάσεως,

2089 1950 2254 2014 Optas
2277 1945 2305 1999 ?
2334 1945 2436 2000 Cui
2485 1945 2770 2018 propheta
2808 1965 2820 2002 :
2854 1947 3010 2002 Infer
3067 1948 3214 2018 ipsis
3247 1951 3402 2022 quod
3460 1950 3746 2022 scriptum

2085 2038 2176 2090 est
2205 2035 2263 2089 in
2295 2034 2627 2090 Proverbiis
2661 2053 2673 2091 :
2701 2058 2729 2085 ‹‹
2762 2036 2870 2100 Qui
2905 2037 3098 2092 reddit
3143 2038 3365 2093 malum
3417 2056 3520 2110 pro
3572 2041 3746 2107 bono,

2087 2140 2213 2178 non
2238 2125 2512 2179 recedent
2561 2122 2716 2180 mala
2774 2125 2845 2180 de
2895 2126 3068 2181 domo
3128 2129 3257 2196 ejus
3278 2128 3384 2183 97.»
3427 2127 3748 2201 Respondit

2087 2211 2478 2284 Unigenitus:
2522 2213 2778 2268 Absurdi
2837 2213 2984 2268 nihil
3041 2215 3377 2286 postulasti.
3433 2218 3573 2272 Ecce
3629 2234 3741 2272 non

2085 2303 2353 2357 recedent
2401 2301 2553 2357 mala
2584 2303 2654 2356 de
2686 2303 2860 2357 domo
2907 2304 3264 2370 Judworum,
3299 2322 3426 2376 quae
3457 2310 3546 2360 est
3575 2306 3742 2362 Jeru-

2083 2391 2287 2458 salem,
2338 2392 2521 2445 donec
2562 2408 2594 2446 a
2635 2391 3035 2447 fundamentis
3090 2393 3405 2448 desoletur.
3439 2394 3525 2449 Tu
3570 2411 3741 2466 porro

2088 2481 2143 2534 in
2177 2480 2420 2535 minime
2451 2485 2700 2552 angusto
2731 2479 2969 2536 Abrahae
3001 2481 3136 2537 sinu
3168 2481 3490 2554 requiesce.

2149 2749 2202 2801 6.
2238 2747 2353 2802 Hac
2387 2751 2581 2802 autem
2615 2749 2885 2804 absoluta
2928 2749 3239 2816 sententia,
3272 2749 3603 2821 ingreditur
3629 2751 3734 2807 Za-

2079 2835 2308 2892 charias
2340 2835 2622 2908 prepheta
2651 2836 2984 2893 exclamans
3018 2854 3031 2892 :
3082 2837 3346 2909 Domine,
3374 2855 3466 2893 me
3498 2855 3736 2910 quoque

2079 2925 2308 2990 audias,
2331 2941 2552 2996 quaeso,
2577 2924 2828 2981 libenter
2875 2931 2932 2981 et
2974 2943 3142 2998 aequo
3194 2927 3413 2982 animo.
3448 2926 3731 2998 Loquere,

2079 3013 2158 3068 ait
2191 3013 2559 3086 Unigenitus,
2598 3015 2880 3070 adversus
2925 3029 3025 3070 eos
3073 3015 3174 3086 qui
3222 3019 3280 3071 te
3326 3014 3544 3086 injuria
3593 3016 3730 3072 affe-

2075 3102 2341 3159 cere.C.ui
2364 3102 2708 3158 Zacharias:
2731 3103 2836 3169 Qui
2864 3120 2953 3158 me
2979 3102 3256 3159 laeserunt
3277 3109 3418 3160 sunt
3438 3103 3730 3176 principes

2076 3193 2468 3257 sacerdotum,
2503 3191 2767 3264 legisque
2814 3193 3100 3248 doctores.
3131 3193 3276 3258 Quid
3323 3192 3469 3248 illud
3502 3199 3611 3262 est,
3647 3194 3730 3250 ait

311 3260 580 3352 ἠδίκησαν
636 3280 691 3333 οἱ
749 3278 1024 3354 ἀρχιερεῖς
1081 3276 1170 3332 καὶ
1231 3278 1282 3331 οἱ
1329 3274 1838 3350 νομοδιδάσκαλοι;
1896 3280 1956 3335 Ὀ

2082 3281 2441 3354 Unigenitus,
2474 3281 2533 3335 in
2563 3297 2679 3352 quo
2711 3286 2765 3336 te
2802 3280 3079 3337 lmserunt
3124 3282 3418 3354 principes
3449 3283 3722 3339 sacerdo-

311 3370 371 3426 δὲ
427 3370 712 3445 Ζαχαρίας·
772 3366 1095 3445 Ἐφόνευσάν
1163 3388 1228 3440 με
1288 3366 1482 3439 μεταξῦ
1538 3371 1635 3420 τοῦ
1690 3371 1820 3420 ναοῦ
1864 3367 1952 3421 καὶ

301 3464 402 3514 τοῦ
444 3456 847 3534 θυσιαστηρίου.
901 3455 1104 3532 Ἐπάγη
1166 3453 1224 3511 δὲ
1273 3455 1364 3510 καὶ
1411 3456 1474 3510 τὸ
1521 3455 1654 3528 αἶμά
1714 3477 1816 3528 μου
1865 3453 1950 3508 ἐπὶ

299 3556 402 3618 τῆς
431 3547 647 3623 πέτρας,
680 3547 814 3622 πρὸς
846 3543 1078 3620 ἔλεγχον
1110 3552 1211 3615 τῆς
1255 3544 1544 3622 μιαιφόνου
1595 3544 1767 3598 αὐτῶν
1814 3545 1951 3621 γνώ-

303 3660 436 3712 μης.
469 3638 530 3694 Ὁ
565 3634 620 3690 δὲ
669 3636 1005 3710 Μονογενής·
1053 3634 1252 3711 Τοίγαρ
1295 3635 1383 3688 καὶ
1415 3633 1566 3688 αὐτοὶ
1612 3633 1951 3704 ἀποθνησκέ-

296 3749 473 3783 τωσαν
543 3725 797 3781 ὑποκάτω
861 3729 958 3778 τοῦ
1006 3724 1393 3799 θυσιαστηρίου
1449 3724 1596 3799 παρά
1650 3729 1757 3776 τῶν
1817 3725 1951 3778 Ῥω-

303 3817 494 3890 μαίων·
560 3813 628 3869 δι’
687 3812 759 3869 ὧν
824 3812 881 3868 δέ.
933 3834 1016 3875 τις
1078 3814 1393 3889 ἁμαρτάνει,
1454 3809 1542 3866 διά
1597 3811 1801 3867 τούτων
1860 3813 1950 3866 καὶ

297 3904 609 3974 κολάζεται·
667 3903 756 3957 καὶ
803 3901 903 3974 οτίῳ
950 3923 1033 3965 τις
1087 3901 1269 3978 μέτρῳ
1317 3904 1574 3977 μετρήσει
1603 3900 1682 3973 τῷ
1710 3898 1947 3970 πλησίον

300 3995 488 4064 αὐτοῦ,
564 3992 800 4065 τοιούτῳ
869 3989 1015 4063 αὐτῷ
1072 3992 1591 4065 ἀντιμετρηθήσεται
1666 3989 1950 4064 οὐρανόθεν

301 4082 549 4146 δικαίως.
601 4083 850 4140 Ἐκείνων
902 4078 959 4135 δὲ
1000 4080 1280 4134 παθόντων
1326 4079 1394 4134 τὰ
1443 4077 1528 4132 ἴσα
1575 4079 1664 4132 καὶ
1707 4081 1779 4133 ὧν
1812 4081 1945 4147 ἦσαν

299 4173 464 4244 ἄξιοι,
515 4171 576 4226 σὺ
634 4170 690 4226 δὲ
738 4171 991 4246 εἷσὲρχου
1040 4169 1114 4231 εἷς
1160 4169 1252 4223 τὸν
1293 4168 1488 4238 νοητόν
1519 4172 1802 4245 νυμφῶνα,
1853 4166 1946 4221 ἐπ-

299 4264 513 4318 ακούων
565 4262 690 4337 παρ’
739 4261 874 4334 ἐμοῦ
921 4266 1020 4328 τῆς
1081 4257 1462 4326 ιύκταιοτάτης
1514 4263 1720 4335 (ρων-ῆς·
1783 4285 1807 4308 ιι
1854 4256 1946 4329 Εὖ,

298 4349 465 4406 δοῦλε
496 4351 660 4426 ἀγαθὲ
689 4342 777 4404 καὶ
809 4350 986 4417 πιστὲ,
1020 4347 1106 4402 ἐπὶ
1140 4346 1298 4421 ὀλίγα
1326 4349 1390 4415 ἧς
1424 4346 1632 4416 πιστὸς,
1675 4345 1762 4400 ἐπὶ
1810 4344 1950 4400 πολ-

299 4441 412 4497 λῶν
444 4460 500 4496 σε
530 4441 872 4510 καταστήσω·
908 4434 1115 4494 εἷ’σελθε
1145 4435 1218 4499 εἷς
1250 4438 1350 4506 την
1385 4435 1558 4512 χαρὰν
1597 4440 1694 4490 τοῦ
1750 4433 1949 4511 Κυρίου

296 4549 414 4586 σου.
450 4551 478 4580 ›)

2063 3375 2193 3426 tum
2253 3387 2319 3426 ac
2379 3369 2524 3442 legis
2576 3370 2889 3426 doctores?
2937 3371 3040 3426 Cui
3089 3369 3441 3426 Zacharias:
3477 3371 3723 3426 Occide-

2065 3464 2204 3514 runt
2236 3477 2328 3515 me
2377 3459 2528 3514 inter
2571 3460 2860 3527 templum
2893 3465 2951 3514 et
2993 3459 3174 3515 altare
3203 3461 3430 3532 (52-53).
3461 3459 3714 3533 Sanguis

2063 3565 2235 3622 porro
2287 3565 2453 3604 meus
2501 3549 2558 3602 in
2609 3555 2770 3620 petra
2801 3553 3107 3604 concretus
3155 3553 3262 3615 est,
3297 3548 3357 3603 in
3401 3564 3716 3621 argumen-

2061 3644 2187 3693 tum
2248 3637 2616 3708 sanguinarii
2668 3653 2871 3692 eorum
2920 3637 3171 3693 consilii.
3206 3637 3536 3693 Mactentur
3581 3655 3715 3709 ergo

2061 3729 2205 3783 391
2247 3731 2304 3782 et
2339 3726 2472 3798 ipsi,
2508 3726 2589 3781 ait
2611 3725 2977 3798 Unigenitus,
3003 3727 3114 3782 sub
3149 3726 3374 3782 altaria
3395 3727 3671 3783 Romanis
3701 3743 3714 3782 :

2062 3833 2198 3871 nam
2230 3833 2332 3887 per
2361 3833 2488 3887 quae
2519 3816 2652 3886 quis
2686 3819 2909 3886 peccat,
2941 3831 3045 3886 per
3076 3816 3194 3871 haec
3224 3820 3280 3870 et
3316 3815 3614 3886 punietur.
3650 3817 3721 3873 Et

2060 3923 2179 3977 qua
2222 3905 2473 3976 quisque
2525 3920 2805 3959 mensura
2863 3904 3194 3976 proximum
3245 3921 3422 3959 suum
3477 3921 3718 3961 mensus

2063 3994 2258 4059 fuerit,
2289 3995 2492 4048 eadem
2524 3993 2653 4064 ipsa
2676 3996 2810 4063 jure
2844 3993 2952 4066 ipsi
2986 3993 3215 4049 caelitus
3247 3995 3602 4050 remetiatur.
3639 3994 3718 4052 lis

2061 4087 2258 4138 autem
2319 4083 2499 4153 digna
2556 4082 2877 4138 sceleribus
2936 4083 3062 4138 suis
3113 4083 3496 4154 patientibus,
3529 4088 3588 4138 tu
3641 4085 3713 4139 ad

2060 4169 2427 4242 spiritualem
2461 4171 2663 4241 sponsi
2705 4171 3034 4225 thalamum
3078 4172 3252 4242 intra,
3281 4171 3528 4227 audiens
3559 4189 3592 4227 a
3623 4189 3718 4228 me

2059 4259 2489 4332 optatissimam
2524 4258 2688 4313 illam
2727 4275 2924 4313 vocem
2962 4275 2974 4313 :
3012 4283 3040 4309 «
3077 4259 3252 4332 Euge,
3287 4276 3449 4316 serve
3478 4261 3630 4316 bone
3659 4267 3718 4317 et

2062 4349 2268 4419 fidelis,
2301 4367 2478 4420 super
2516 4366 2702 4420 pauca
2749 4347 2909 4402 fuisti
2959 4348 3171 4418 ﬁdelis,
3204 4365 3382 4421 super
3434 4349 3621 4406 multa
3661 4355 3717 4406 te

2061 4440 2414 4495 constituam
2453 4456 2465 4494 :
2500 4437 2654 4493 intra
2685 4438 2742 4492 in
2774 4437 3058 4510 gaudium
3089 4437 3325 4492 Domini
3359 4437 3443 4494 tui
3467 4440 3529 4494 θδ.
3557 4461 3584 4488 ››

365 4625 421 4676 7.
457 4620 606 4689 Εἶτα,
657 4618 1048 4696 πληρωθείσης
1101 4618 1191 4673 καὶ
1236 4617 1441 4688 ταύτης
1470 4623 1570 4686 τῆς
1605 4616 1949 4694 ἀποφάσεως,

2129 4619 2182 4672 7.
2217 4616 2499 4672 Absoluta
2545 4633 2681 4689 ergo
2713 4621 2772 4672 et
2800 4615 2911 4672 hac
2955 4616 3266 4683 sententia,
3302 4615 3719 4688 ingrediuntur

297 4708 637 4784 εἰσέρχονται
696 4708 785 4763 καὶ
836 4708 903 4762 τά
956 4706 1296 4780 ἀναιρεθέντα
1342 4703 1531 4760 παιδία
1581 4704 1631 4760 ἐν
1676 4704 1950 4778 Βηθλεὲμ,

302 4800 516 4874 βοῶντα
545 4799 634 4853 καὶ
666 4797 912 4872 λεγοντα·
956 4797 1139 4873 Κύριε,
1188 4795 1276 4850 καὶ
1321 4797 1482 4867 ἡμεῖς
1533 4793 1621 4848 διὰ
1665 4794 1729 4849 τὸ
1779 4789 1956 4867 ὄνομα

299 4907 398 4942 σου
456 4887 657 4966 ξίφεσιν
724 4885 1059 4961 ἀνῃρέθημεν
1136 4885 1237 4939 ὑπὸ
1293 4889 1390 4938 τοῦ
1449 4878 1802 4938 ἀσεϐεστάτου
1863 4881 1952 4938 καὶ

299 4977 622 5053 παρανόμου
691 4973 957 5052 Ἡρώδου.
1025 4976 1086 5032 Ὀ
1133 4971 1191 5028 δὲ
1240 4974 1574 5047 Μονογενής·
1626 4971 1690 5026 Εἰ
1741 4968 1812 5026 δι’
1858 4971 1956 5044 ἐμὲ

303 5065 624 5140 ὑπεμείνατε
650 5067 742 5121 τὸν
775 5061 1080 5139 ἐπικερδιον
1115 5064 1339 5118 θάνατον
1373 5063 1462 5116 καὶ
1513 5059 1827 5136 προῦχοντα
1855 5063 1954 5128 τῆς

303 5161 475 5225 ζωῆς,
505 5154 601 5210 κᾶν
636 5155 800 5229 μυρία
851 5155 1013 5230 μὲρη,
1069 5153 1146 5226 μὴ
1199 5151 1476 5219 λυπεῖσθε,
1529 5147 1730 5211 εἰδότες
1772 5147 1953 5227 σαφῶς

300 5243 386 5298 ὅτι
439 5245 490 5298 οἳ
542 5241 610 5298 δι’
661 5243 759 5316 ἐμὲ
808 5243 1238 5312 ἀποθνήσκοντες
1271 5239 1332 5294 οὐ
1363 5240 1790 5308 καταθνήσκουσι
1823 5240 1954 5310 (54)*

301 5337 434 5404 ζῶσι
467 5333 570 5409 γάρ
605 5334 683 5395 εἷς
711 5333 804 5387 τὸν
836 5332 1027 5387 αἰῶνα.
1061 5331 1213 5384 Ὅθεν
1241 5326 1450 5384 κελεύω
1488 5328 1578 5382 τὸν
1628 5327 1721 5401 μὲν
1781 5327 1960 5402 Ἡρὼο

372 5461 416 5495 ⁹⁶
445 5463 559 5515 Isa.
589 5476 760 5525 xxxv,
793 5459 882 5513 10.
961 5458 1002 5492 θτ
1034 5456 1199 5514 Prov.
1231 5474 1370 5524 xvu,
1404 5456 1488 5510 13.

369 5585 509 5657 (51’)
539 5585 681 5648 Quis
729 5584 808 5640 sit
855 5578 1054 5641 ἐκεῖνος
1104 5599 1219 5657 non
1272 5581 1460 5657 video,
1508 5580 1620 5657 nisi
1666 5580 1813 5657 forte
1835 5578 1954 5657 Pia-

299 5649 891 5728 bu'the'designetur:
924 5654 1232 5724 sequentia
1260 5655 1417 5710 enim
1465 5651 1802 5708 nullomodo
1835 5649 1955 5706 Ma-

301 5728 466 5788 uassi
495 5727 806 5788 convéuire
835 5729 1106 5801 possunt.
1139 5729 1298 5783 Eorr.
1332 5729 1574 5782 ΡΑτιιοι..

1569 5455 1610 5490 ³³
1638 5453 1837 5508 Matth.
1870 5469 1998 5522 xxv,
2031 5453 2125 5518 21,
2154 5454 2245 5508 23.

2065 4708 2315 4762 infantes
2352 4706 2411 4761 in
2445 4706 2738 4761 Bethleem
2779 4706 2931 4773 cassi,
2957 4704 3280 4760 clamantes
3313 4722 3377 4760 ac
3407 4706 3666 4762 dicentes
3701 4721 3715 4763 :

2063 4797 2328 4862 Domine,
2381 4813 2489 4852 nos
2531 4795 2704 4850 etiam
2759 4800 2994 4866 propter
3042 4810 3253 4850 nomen
3307 4800 3474 4850 tuum
3524 4794 3718 4867 gladio

2064 4885 2239 4940 occisi
2291 4902 2499 4939 sumus
2531 4886 2602 4939 ab
2639 4884 2990 4956 impiissimo
3022 4887 3079 4938 et
3109 4882 3359 4940 scelesto
3406 4885 3630 4941 Herode
3653 4886 3716 4940 9°.

2064 4975 2215 5028 Tum
2240 4973 2587 5045 Unigenitus
2614 4989 2628 5029 ε
2652 4974 2710 5028 Si
2747 4980 2984 5044 pr0pter
3016 4989 3107 5027 me
3140 4972 3446 5045 perutilem
3478 4973 3638 5029 illam
3661 4979 3720 5029 et

2065 5061 2385 5117 sexcenties
2416 5061 2532 5116 vita
2587 5061 2871 5132 potiorem
2929 5066 3173 5116 mortem
3223 5061 3612 5130 sustinuistis,
3648 5078 3720 5118 ne

2066 5151 2548 5221 constristemini,
2586 5151 2762 5222 probe
2807 5150 3081 5216 scientes,
3110 5166 3208 5205 eos
3247 5149 3346 5220 qui
3396 5150 3510 5204 mei
3541 5167 3720 5207 causa

2069 5241 2402 5295 moriuntur
2434 5257 2546 5294 non
2581 5246 2766 5294 morte
2799 5239 3068 5308 detineri,
3099 5238 3302 5293 vivunt
3333 5239 3486 5293 enim
3522 5239 3580 5294 in
3612 5257 3719 5294 saa-

2067 5328 2285 5384 culum.
2311 5329 2674 5400 Quapropter
2703 5328 2988 5383 Herodem
3022 5327 3258 5398 quidem
3283 5327 3464 5398 jubeo
3514 5344 3720 5385 novem

2322 5453 2366 5487 ⁹⁹
2398 5452 2604 5509 Matth.
2635 5469 2697 5517 II,
2734 5453 2818 5506 16.

2139 5579 2350 5652 (52-53)
2384 5577 2806 5644 Tertullianus,
2850 5577 3180 5647 Scorpiace;
3233 5577 3307 5632 cf.
3360 5575 3720 5652 Hieronym.,

2067 5652 2126 5704 in
2158 5651 2346 5704 Matth.
2379 5665 2431 5705 c.
2465 5666 2628 5704 χχιιι.

2141 5723 2253 5796 (54)
2286 5723 2452 5794 Reg.,
2485 5719 2584 5775 οὐκ
2613 5719 3042 5790 ἀποθνήσκουσι.
