4120 6400
436 417 587 477 1071

1601 412 1663 471 S.
1713 405 2240 470 ATHANASIUS.
2263 441 2338 452 --
2372 408 2686 471 SPURIA.

3699 406 3857 473 1072

434 548 867 607 insanabilibus
915 546 1130 619 subjici
1163 546 1408 612 morbis,
1431 560 1535 601 vos
1582 560 1717 599 vero
1748 541 2063 598 victorioso

2207 534 2304 607 δην
2340 534 2720 613 ὑποϐληθῆναι
2751 546 2868 604 τοῖς
2901 539 3051 596 ἐννέα
3077 538 3315 603 ἀνιάτοις
3344 540 3590 614 πάθεσιν,
3622 540 3763 615 ὑμᾶς
3797 540 3855 599 δὲ

433 657 565 697 rum
595 643 922 712 martyrum
954 637 1181 693 choreis
1221 632 1620 704 annumerari,
1653 649 1787 688 cum
1821 632 1970 703 ipsis
1998 629 2086 685 vi-

432 729 626 786 ctoriae
658 744 893 785 carmen
927 725 1353 782 modulaturos.

501 820 555 876 8.
589 817 868 875 Omnium
918 821 1215 889 postrema
1262 813 1592 885 ingreditur
1639 808 1918 877 Ecclesia,
1960 825 2088 880 quae

429 907 710 981 abnegari
751 924 867 963 non
916 909 1144 978 potest;
1179 920 1357 977 quam
1390 901 1765 972 conspicatus
1814 897 2089 970 Unigeni-

428 1004 525 1055 tus
554 999 638 1054 ait
669 1040 682 1054 .
716 999 805 1053 Tu
832 1011 970 1053 vero
1019 994 1161 1066 quid
1212 993 1415 1063 habes,
1446 1007 1666 1062 sponsa
1694 1005 1846 1055 mea,
1879 989 2090 1044 imma-

424 1087 621 1145 culata
682 1086 827 1154 ﬁlia,
882 1085 1233 1140 intemerata
1284 1080 1492 1154 virgo?
1549 1080 1702 1135 Tum
1759 1076 2020 1134 Ecclesia
2073 1127 2087 1169 ,

422 1177 719 1234 Erumnis
777 1191 1033 1248 premor,
1073 1187 1253 1245 quare
1304 1186 1465 1243 rogo,
1504 1191 1533 1221 «
1563 1168 1779 1225 Judica
1820 1166 2086 1253 Domine;

422 1270 700 1323 nocentes
758 1281 872 1333 me,
933 1278 1202 1336 expugna
1258 1261 1680 1332 impugnantes
1736 1260 1948 1313 mei.»
1980 1256 2089 1312 Cui

420 1354 769 1429 Unigenitus
802 1372 816 1410 :
852 1354 1049 1425 Ecqua
1092 1353 1164 1407 de
1210 1366 1391 1406 causa
1438 1346 1857 1421 impugnaris?
1898 1345 2085 1402 Dicito

421 1446 570 1502 mihi
602 1449 659 1501 et
700 1443 1017 1501 declarato.
1049 1442 1390 1514 Impugnor,
1414 1437 1611 1511 inquit
1656 1435 1937 1507 Ecclesia,
1970 1436 2081 1491 Do-

421 1535 600 1605 mine,
624 1535 696 1590 ob
727 1537 989 1590 exactam
1036 1529 1506 1602 evangelicorum
1552 1529 1900 1599 dogmatum
1931 1524 2078 1581 veri-

418 1629 625 1693 tatem,
682 1625 855 1694 atque
929 1619 1380 1677 celebrationem
1439 1614 1559 1672 veri
1626 1625 1681 1671 et
1752 1613 2079 1670 immobilis

415 1711 770 1769 Paschatis:
818 1715 875 1766 et
930 1710 1002 1767 ob
1059 1707 1452 1764 venerandam
1512 1722 1577 1761 ac
1632 1703 2074 1761 immaculatam

414 1807 577 1859 tuam
610 1800 953 1873 imaginem,
988 1814 1165 1871 quam
1198 1794 1403 1851 deiferi
1436 1793 1583 1850 mihi
1614 1792 1863 1865 apostoli
1895 1792 2073 1849 tradi-

2193 636 2557 704 καταταγῆναι
2610 629 2662 685 ἐν
2711 636 2831 693 ταῖς
2873 629 3116 706 χορείαις
3143 636 3251 687 τῶν
3284 629 3609 710 ἀθλοφόρων
3647 634 3852 711 μαρτύ-

2196 737 2327 793 ρων,
2359 717 2721 784 κελαδοῦντας
2756 722 2870 795 μετ’
2902 719 3078 777 αὐτῶν
3103 720 3192 777 τὸν
3223 719 3484 777 ἐπινίκιον
3519 719 3712 795 ὕμνον.

2269 810 2321 865 8.
2357 807 2679 866 Τελευταῖον
2730 808 2787 866 δὲ
2833 811 3045 866 πάντων
3091 811 3394 887 εἱσὲρχεται
3437 811 3529 866 καὶ
3559 813 3595 882 ἡ
3627 810 3853 890 ἀνεξάρ-

2197 918 2357 967 νητος
2413 898 2733 970 Ἐκκλησία,
2788 901 2848 970 ἢν
2908 900 2997 956 καὶ
3075 900 3402 975 Θεασάμενος
3454 901 3482 955 ὁ
3535 902 3853 978 Μονογενής

2200 983 2370 1062 λέγει·
2434 987 2509 1043 Σὺ
2570 987 2627 1045 δὶ
2672 989 2725 1044 τί
2772 987 2942 1066 ἔχεις,
2991 991 3025 1059 ἡ
3077 989 3183 1063 ἐμὴ
3226 991 3414 1068 νύμφη
3447 991 3538 1044 καὶ
3568 993 3604 1061 ἡ
3638 991 3849 1064 ἀμύσαο

2198 1096 2326 1138 κτος
2377 1080 2489 1151 (55)
2536 1078 2701 1155 κόρη,
2750 1079 2841 1134 καὶ
2888 1081 2923 1149 ἡ
2959 1076 3306 1149 ἀκηλίδωτος
3336 1080 3645 1156 παρθὲνος;
3698 1081 3759 1137 Ἣ
3795 1078 3851 1136 δὲ

2199 1165 2515 1237 Ἐκκλησία·
2549 1172 2862 1243 Λυποῦμαι,
2898 1166 2967 1224 δι’
2998 1167 3029 1223 6'
3057 1169 3147 1223 καί
3179 1188 3348 1243 φημι·
3382 1192 3412 1222 ‹‹
3444 1167 3696 1238 Δίκασον,
3745 1169 3846 1225 K6-

2198 1275 2301 1330 ριε,
2343 1255 2471 1319 τοὺς
2524 1254 2843 1321 ἀδικοῦντάς
2899 1278 2988 1332 με,
3038 1257 3359 1332 πολεμησον
3389 1257 3516 1322 τοὺς
3545 1258 3848 1333 πολεμοῦν-

2194 1344 2287 1407 τάς
2342 1367 2427 1420 με.
2483 1370 2514 1399 ››
2562 1348 2618 1403 Ὀ
2670 1345 2728 1403 δὶ
2775 1349 3107 1424 Μονογενής·
3164 1348 3268 1406 Καὶ
3315 1345 3407 1404 διὰ
3431 1347 3485 1405 τί
3515 1347 3840 1425 πολεμήσῃ;

2192 1433 2331 1509 Λὲγε
2371 1436 2461 1490 καὶ
2504 1436 2854 1513 φανεροποίει
2904 1439 3004 1508 τὴν
3050 1436 3247 1494 αἰτίαν.
3301 1439 3366 1496 Ἦ
3412 1436 3469 1493 δὲ
3529 1437 3839 1509 Ἐκκλησία·

2190 1521 2574 1597 Πολεμοῦμαι,
2608 1526 2871 1600 Δέσποτα,
2904 1523 2993 1581 διὰ
3015 1528 3113 1596 τὴν
3168 1520 3446 1602 ἀκρίϐειαν
3494 1531 3601 1583 τῶν
3634 1527 3848 1603 εὐαγγε-

2188 1608 2357 1667 λικῶν
2410 1611 2717 1690 δογμάτων,
2765 1616 2855 1670 καὶ
2901 1617 2998 1685 τὴν
3048 1615 3273 1687 ποίησιν
3331 1620 3429 1671 τοῦ
3458 1613 3727 1688 ἀληθινοῦ
3755 1615 3844 1671 καὶ

2189 1696 2410 1776 βεϐαίου
2442 1704 2657 1779 Πάσχα,
2688 1705 2778 1759 καὶ
2813 1699 2900 1760 διὰ
2928 1706 3027 1775 τὴν
3061 1705 3262 1775 σεπτήν
3293 1706 3389 1760 καὶ
3430 1703 3702 1783 ἄχραντόν
3750 1727 3846 1762 σου

2184 1789 2385 1864 εἰκόνα,
2445 1793 2505 1861 ἣν
2573 1815 2665 1867 μοι
2743 1790 3059 1869 παρέδωκαν
3124 1796 3176 1850 οἱ
3235 1793 3489 1873 θεοφόροι
3543 1794 3844 1851 ἀπόστολοι

418 1893 653 1956 derunt,
672 1894 739 1945 ut
766 1904 895 1944 eam
921 1903 1305 1951 asservarem,
1326 1883 1503 1939 veluti
1529 1881 1863 1953 exemplum
1896 1888 2064 1954 atque

2180 1880 2448 1971 κατέχειν,
2489 1879 2655 1952 αὐτὴν
2709 1882 2784 1945 εἷς
2842 1882 3203 1959 ὑπογραμμόν
3413 1882 3504 1938 καὶ
3552 1878 3845 1960 ἀῤῥαϐῶνα

418 1979 634 2051 pignus
660 1983 766 2034 tua;
806 1978 866 2032 in
898 1992 1071 2033 carne
1099 1972 1455 2030 oeconomiae.
1490 1973 1641 2027 Tum
1676 1970 2022 2042 Unigenitus
2055 1988 2068 2026 :

422 2068 578 2123 Licet
607 2084 675 2123 ea
701 2068 771 2122 de
802 2083 979 2121 causa
1008 2062 1396 2136 impugneris,
1422 2077 1496 2116 ne
1526 2059 1791 2115 animum
1823 2061 2073 2131 despon-

423 2158 585 2228 deas,
619 2172 723 2213 nec
756 2159 950 2211 mente
991 2158 1091 2208 aut
1139 2152 1334 2207 animo
1365 2150 1700 2222 defetigere.
1738 2148 1884 2203 Illud
1915 2148 2074 2204 enim

422 2248 800 2304 manifestum
831 2248 941 2309 est,
973 2241 1217 2313 scilicet,
1246 2240 1346 2312 qui
1378 2238 1620 2305 Pascha,
1653 2244 1754 2293 aut
1784 2239 2071 2294 immacu-

424 2339 604 2395 latam
639 2352 832 2392 meam
874 2333 1192 2405 imaginem
1243 2328 1633 2402 abnegaverit,
1667 2332 1727 2383 et
1755 2343 1861 2400 ego
1891 2327 2071 2383 abne-

421 2428 571 2502 gabo
597 2442 733 2481 eum
760 2439 955 2480 coram
988 2419 1211 2477 ccelesti
1240 2417 1406 2474 Patre
1444 2433 1595 2484 meo,
1628 2422 1685 2471 et
1712 2416 1913 2472 electis
1942 2418 2071 2487 ejus

421 2516 667 2589 angelis.
701 2514 809 2579 Qui
855 2528 990 2568 vero
1038 2514 1242 2566 contra
1286 2523 1518 2563 mecum
1569 2523 1688 2562 una
1736 2506 1954 2578 patitur
1996 2507 2069 2561 ob

417 2605 664 2672 Pascha,
709 2603 761 2658 is
808 2598 1366 2673 congloriﬁcabitur.
1397 2599 1604 2652 Annon
1655 2595 1875 2651 audisti
1927 2595 2065 2666 quid

416 2693 791 2767 praeceperim
837 2687 1153 2763 legislatori
1201 2686 1386 2759 Moysi
1420 2703 1433 2741 :
1468 2685 1579 2740 Fac
1610 2684 1753 2739 mihi
1785 2685 1900 2739 duo
1932 2684 2065 2740 che-

413 2783 607 2839 rubim
653 2782 712 2837 in
748 2782 1128 2836 tabernaculo
1174 2774 1497 2832 testimonii
1519 2775 1561 2843 2,
1594 2774 1667 2829 ad
1717 2773 2066 2845 praesigniﬁ—

411 2871 662 2929 candam
720 2869 1042 2940 imaginem
1091 2863 1329 2920 meam?
1380 2864 1446 2918 Et
1492 2878 1729 2917 rursum
1779 2878 1912 2916 cum
1972 2877 2066 2916 me

407 2964 703 3018 tentarent
738 2957 922 3014 Judaei
956 2956 1217 3011 dicentes
1251 2969 1319 3007 :«
1352 2951 1651 3023 Magister,
1679 2950 1890 3006 licetne
1937 2966 2066 3006 cen-

409 3068 541 3108 sum
573 3051 714 3106 dare
742 3046 972 3117 Caesari,
997 3061 1071 3100 an
1102 3042 1312 3099 non?»
1345 3041 1610 3097 dicebam
1643 3046 1837 3096 autem
1870 3040 2016 3113 ipsis
2044 3061 2059 3099 :

415 3160 439 3190 α
472 3138 773 3197 Ostendite
804 3135 949 3191 mihi
980 3132 1301 3196 numisma,
1324 3154 1352 3180 ››
1376 3136 1433 3186 et
1452 3130 1643 3186 dicam
1666 3130 1849 3186 vobis.
1874 3133 1947 3186 At
1975 3131 2061 3186 illi

408 3228 751 3287 obtulerunt
791 3225 936 3281 mihi
990 3222 1320 3291 denarium,
1353 3220 1591 3291 dixique
1635 3219 1787 3289 illis;
1818 3241 1845 3269 ‹‹
1879 3222 2058 3291 Cujus

409 3274 500 3375 est
549 3318 746 3388 imago
804 3315 928 3369 haec
985 3316 1043 3368 et
1096 3274 2053 3382 superscriptio?)iiVDicuntvil'ii‘i
2088 3274 2132 3343 C

408 3430 438 3459 ‹‹
469 3404 708 3463 Cesaris
740 3422 754 3459 :
782 3428 804 3456 ι
837 3406 897 3458 et
931 3399 1205 3472 respondi
1249 3398 1400 3466 illis;
1426 3420 1453 3448 ‹‹
1487 3397 1734 3453 Reddite
1762 3414 1899 3470 ergo
1931 3415 2061 3470 quae

406 3501 548 3555 sunt
591 3494 857 3561 Caesaris,
906 3489 1138 3556 Caesari,
1181 3492 1239 3544 et
1284 3504 1409 3558 qua:
1456 3491 1598 3543 sunt
1648 3488 1767 3557 Dei,
1817 3487 1934 3543 Deo
1956 3487 1997 3542 ³.
2031 3511 2052 3539 ι

404 3587 476 3641 Et
506 3599 742 3641 rursum
776 3582 846 3637 ad
888 3583 1124 3635 Petrum
1160 3595 1227 3632 ;‹‹
1267 3576 1420 3632 Vade
1469 3576 1541 3631 ad
1592 3592 1772 3644 mare,
1806 3580 1863 3631 et
1892 3577 2058 3633 mitte

402 3674 647 3730 hamum
681 3678 871 3737 tuum,
894 3674 951 3724 et
976 3684 1110 3724 eum
1143 3667 1363 3740 piscem
1396 3665 1494 3737 qui
1529 3664 1758 3736 primus
1783 3667 2057 3723 ascende-

401 3763 498 3830 rit,
542 3761 702 3834 aperi
735 3777 800 3816 os
848 3760 996 3829 ejus,
1030 3761 1088 3811 et
1134 3755 1396 3810 invenies
1444 3758 1756 3822 staterem;
1787 3755 1857 3809 da
1888 3754 2052 3812 illum

399 3868 505 3925 pro
537 3868 631 3907 me
661 3854 717 3905 et
746 3866 850 3922 pro
882 3854 938 3903 te
957 3848 997 3901 ‘.
1026 3867 1053 3896 »
1087 3845 1204 3901 Hoc
1247 3848 1338 3900 est
1385 3844 1461 3899 da
1508 3844 1729 3898 mundo
1777 3860 1970 3900 meam
1998 3850 2056 3901 et

399 3945 562 3996 tuam
596 3938 936 4011 imaginem.
968 3934 1173 3991 Nonne
1219 3932 1439 3988 audisti
1484 3933 1834 3988 monitorem
1882 3938 2051 3990 tuum

397 4029 646 4084 Paulum
698 4028 985 4083 dicentem
1020 4041 1087 4079 :«
1117 4023 1175 4078 Si
1207 4027 1403 4077 tamen
1441 4021 1851 4092 compatimur,
1886 4028 1951 4078 ut
1997 4030 2054 4080 et

399 4116 948 4191 congloriﬁcemur‘
971 4118 999 4169 ?
1019 4134 1046 4163 »
1081 4113 1149 4167 Et
1172 4112 1241 4167 ad
1275 4109 1661 4167 Athenienses
1695 4128 1757 4167 :«
1790 4110 1896 4168 Per
1925 4130 2047 4169 om-

398 4208 493 4263 nia
538 4206 705 4280 quasi
761 4202 1287 4276 superstitiosiores
1334 4215 1436 4255 vos
1485 4201 1674 4256 video.
1713 4201 2047 4258 Praeteriens

2183 1975 2285 2038 τῆς
2332 1969 2590 2046 ἐνσάρκου
2649 1971 2968 2045 οἱκονομίας
3027 1994 3144 2028 σου.
3196 1974 3253 2026 Ὃ
3305 1969 3362 2027 δὲ
3395 1976 3728 2049 Μονογενής·
3778 1975 3843 2029 Εἱ

2183 2058 2272 2112 καὶ
2306 2056 2394 2113 διὰ
2420 2064 2583 2115 τοῦτο
2614 2058 2933 2136 πολεμήσῃ,
2971 2062 3048 2135 μή
3080 2060 3349 2136 ἀθνμέσῃς
3382 2062 3418 2132 ἢ
3452 2062 3741 2137 ἀποκάμῃς
3768 2061 3840 2139 τῇ

2184 2143 2415 2220 διανοίᾳ,
2447 2150 2481 2218 ἢ
2514 2153 2593 2221 τῷ
2624 2146 2902 2225 λογισμῷ.
2936 2147 3077 2207 Ἰδοὺ
3108 2153 3214 2228 γὰρ
3246 2155 3452 2229 σαφῶς,
3495 2150 3580 2207 ὅτι
3612 2152 3640 2206 ὁ
3665 2151 3844 2230 ἀπαρ-

2179 2235 2443 2310 νοόμενος
2500 2238 2562 2293 τὸ
2622 2240 2815 2315 Πάσχα
2860 2240 2951 2295 καὶ
3000 2241 3101 2310 τὴν
3153 2241 3423 2317 ἀχραντόν
3480 2263 3585 2314 μου
3636 2241 3843 2313 εἰκόνα,

2178 2326 2329 2403 κάγὼ
2380 2326 2540 2382 αὐτὸν
2596 2328 2983 2403 ἀπαρνήσομαι
3032 2327 3335 2406 ἔμπροσθεν
3389 2334 3488 2384 τοῦ
3513 2329 3841 2405 ἐπουρανίου

2183 2437 2288 2489 μου
2339 2418 2569 2493 Πατρὸς,
2622 2418 2712 2472 καὶ
2758 2422 2864 2473 τῶν
2913 2416 3184 2475 ἐκλεκτῶν
3233 2419 3398 2475 αὐτοῦ
3443 2418 3718 2496 ἀγγέλων.
3779 2421 3842 2479 Ὁ

2180 2502 2237 2560 δὲ
2266 2504 2432 2561 πάλιν
2463 2508 2802 2582 συμπάσχων
2841 2529 2933 2582 μοι
2967 2506 3059 2563 διά
3087 2513 3185 2564 τοῦ
3218 2509 3437 2585 Πάσχα,
3467 2509 3558 2564 καὶ
3592 2507 3845 2581 συνδοξά-

2177 2616 2343 2651 σεται.
2399 2597 2468 2653 Ἥ
2518 2595 2618 2652 οὐκ
2669 2594 2911 2666 ἤκουσας
2959 2598 3047 2669 τὸ,
3096 2598 3149 2653 τί
3202 2595 3529 2671 διεταξάμην
3564 2602 3644 2671 τῷ
3671 2618 3841 2672 νομο-

2178 2683 2305 2758 θὲτῃ
2339 2685 2537 2758 Μωσῇ·
2576 2683 2815 2756 Ποίησόν
2854 2705 2949 2759 μοι
2983 2682 3079 2741 δύο
3112 2680 3395 2762 Χερουϐὶμ
3440 2684 3493 2741 ἐν
3538 2689 3607 2761 τῇ
3660 2689 3837 2761 σκηνῇ

2177 2777 2275 2827 τοῦ
2309 2773 2633 2850 μαρτυρίου,
2667 2775 2743 2837 εἱς
2773 2777 3120 2851 προμήνυσιν
3154 2778 3267 2851 (57)
3294 2782 3393 2846 τῆς
3424 2774 3563 2848 ἐμῆς
3596 2776 3835 2846 εἰκόνος

2173 2862 2271 2916 Καὶ
2313 2863 2502 2936 πάλιν,
2553 2863 2643 2918 ὅτε
2696 2885 2763 2936 με
2812 2863 3090 2941 ἐπείραζον
3143 2865 3197 2919 οἱ
3250 2862 3508 2921 Ἰουδαῖοι
3559 2862 3832 2939 λέγοντες

2178 2973 2202 3002 ε
2236 2949 2557 3025 Διδάσκαλε,
2605 2948 2803 3024 ἔξεστιν
2835 2956 2971 3026 ἡμῖν
3027 2951 3195 3008 δῶσαι
3235 2961 3435 3025 κῆνσον
3467 2959 3549 3027 τῷ
3578 2953 3832 3031 Καίσαρι,

2170 3041 2204 3109 ἢ
2259 3037 2361 3110 cii;
2415 3064 2443 3094 ››
2495 3041 2643 3095 εἶπον
2705 3038 2764 3096 δὲ
2806 3042 2943 3118 πρὸς
2991 3040 3209 3106 αὐτούς·
3260 3066 3290 3096 ‹‹
3337 3040 3675 3114 Ὑποδείξατέ
3734 3064 3833 3117 μοι

2168 3128 2439 3204 νόμισμα,
2482 3152 2510 3180 ››
2569 3128 2660 3184 καὶ
2719 3128 2863 3204 λέγω
2916 3130 3072 3204 ὑμῖν*
3120 3132 3188 3188 Οἱ
3241 3128 3299 3187 δὲ
3346 3131 3679 3210 προσέφερόν
3735 3152 3829 3205 μοι

2172 3214 2450 3294 δηνάριον·
2484 3218 2574 3273 καὶ
2606 3218 2751 3295 λέγω
2782 3220 2920 3291 πρὸς
2952 3218 3170 3283 αὐτούς.
3207 3245 3234 3273 ‹‹
3293 3221 3447 3284 Τίνος
3493 3221 3653 3276 είκὼν
3690 3219 3824 3293 αὕτη

2168 3306 2260 3361 καὶ
2290 3306 2577 3384 ὐπογραιρή
2605 3327 2618 3377 ;
2649 3331 2676 3358 ››
2711 3308 2779 3365 Οἱ
2811 3305 2868 3362 δὲ
2894 3307 3067 3363 εἷπον·
3109 3334 3130 3361 ιι
3167 3307 3454 3384 Καίσαρος·
3491 3332 3520 3361 ››
3550 3310 3639 3365 καὶ
3673 3309 3824 3365 εἷπον

2167 3398 2303 3472 πρὸς
2361 3396 2575 3459 αὐτούς·
2637 3422 2667 3451 ι(
2727 3395 2988 3454 Ἀπόδοτε
3038 3396 3128 3453 οῦν
3182 3400 3252 3454 τὰ
3298 3399 3675 3475 Καίσαροςτῷ
3705 3399 3829 3455 Καί-

2170 3508 2317 3563 σαρι,
2347 3487 2437 3542 καὶ
2466 3488 2534 3542 τὰ
2560 3491 2659 3542 τοῦ
2691 3490 2824 3543 Θεοῦ
2852 3491 2933 3560 τῷ
2990 3492 3128 3561 Θεῷ.
3166 3513 3187 3541 ι
3223 3489 3324 3544 Καὶ
3367 3487 3532 3545 πάλιν
3563 3489 3703 3566 πρὸς
3731 3489 3827 3545 τὸν

2169 3574 2396 3653 Πέτρον.
2456 3600 2484 3629 ‹‹
2534 3576 2801 3651 Πορεύου,
2855 3573 3030 3653 βάλλε
3068 3574 3357 3654 ἄγκιστρον
3388 3577 3462 3642 εἷς
3492 3580 3593 3649 τήν
3622 3576 3826 3635 θάλασ-

2167 3686 2283 3737 σαν,
2329 3664 2419 3720 καὶ
2466 3665 2558 3720 τὸν
2608 3665 2767 3741 ἱχθὺν
2809 3666 2901 3721 τὸν
2958 3664 3159 3742 ἔχοντα
3207 3665 3471 3739 ἀνελθεῖν,
3518 3668 3729 3739 ἄνοιξον
3758 3669 3825 3725 τὸ

2163 3750 2339 3829 στὸμα
2369 3754 2558 3825 αὐτοῦ,
2587 3754 2675 3810 καὶ
2707 3753 2951 3829 εὑρήσεις
3001 3759 3262 3832 στατῆρσὶ¹
3297 3753 3390 3820 δὸς
3421 3756 3535 3812 ἀντὶ
3565 3755 3701 3831 ἐμοῦ
3729 3757 3824 3814 καὶ

2163 3848 2281 3902 σοῦ.
2318 3869 2346 3896 ››
2377 3841 2758 3915 Τουτὲστι,δὸς
2787 3847 2886 3914 τήν
2921 3843 3103 3900 εἰκόνα
3129 3846 3229 3915 τήν
3254 3844 3393 3919 ἐμὴν
3416 3847 3506 3901 καὶ
3539 3848 3636 3916 σὴν
3667 3846 3719 3903 ἐν
3739 3851 3823 3920 τῷ

2161 3933 2376 4008 κόσμῳ.
2427 3935 2497 3991 Ἦ
2547 3933 2647 3989 οὐκ
2692 3933 2923 4003 ἤκουσας
2973 3938 3071 3989 τοῦ
3106 3930 3412 4011 μνήστορός
3444 3956 3540 3991 σου
3572 3935 3818 4010 Παύλου,

2162 4022 2440 4099 λὲγοντος·
2498 4047 2526 4076 ‹‹
2578 4024 2643 4081 Ei
2692 4022 3116 4099 συμπάσχομεν,
3169 4021 3262 4079 ’ίνα
3308 4025 3399 4081 καὶ
3450 4022 3820 4096 συνδοξασθῶ-

2163 4134 2301 4185 μεν;
2338 4136 2363 4164 ››
2410 4112 2499 4167 καὶ
2547 4112 2684 4188 πρὸς
2734 4112 3072 4182 Ἀθηναίους·
3126 4137 3154 4166 ‹‹
3206 4114 3353 4169 Κατά
3396 4113 3569 4169 πάντα
3600 4115 3674 4178 ὡς
3706 4113 3817 4171 δει-

2158 4199 2662 4275 σιδαιμονεστέρους
2696 4201 2837 4275 ὖμᾶς
2871 4206 3084 4277 θεωρῶ.
3133 4201 3568 4279 Περιερχόμενος
3613 4205 3682 4259 τὰ
3729 4226 3818 4260 σε·

395 4296 553 4354 enim
584 4301 642 4352 et
669 4295 876 4351 videns
908 4291 1226 4349 simulacra
1255 4294 1468 4353 vestra,
1518 4289 1714 4344 inveni
1771 4297 1826 4346 et
1885 4309 2047 4347 aram

2176 4285 2407 4363 ἷάσματα
2436 4289 2615 4363 ὐμῶν,
2647 4288 2697 4343 ἐν
2733 4290 2779 4361 ᾧ
2816 4289 3004 4365 βωμὸν
3036 4290 3211 4365 εὗρον
3254 4292 3549 4369 γράφοντα·
3603 4293 3814 4368 Ἀγνώ-

391 4386 762 4458 inscriptam,
786 4386 991 4456 Ignoto
1028 4382 1138 4436 Deo
1164 4396 1176 4434 :
1203 4395 1378 4450 quem
1410 4394 1546 4451 ergo
1574 4395 1675 4434 vos
1707 4382 2046 4452 ignorantes

2176 4400 2265 4452 mp
2299 4383 2436 4451 6εῷ-
2483 4378 2574 4433 καὶ
2625 4377 2682 4433 ὅν
2726 4377 2883 4452 ὑμεῖς
2934 4379 3257 4455 ἀγνοοῦντες
3290 4375 3576 4454 εὐσεϐεῖτε,
3620 4382 3813 4438 τοῦτον

390 4475 607 4542 colitis,
633 4475 792 4530 hunc
822 4488 927 4545 ego
959 4469 1246 4527 annuntio
1276 4467 1441 4522 vobis
1460 4468 1535 4522 ⁸.»
1563 4468 1634 4522 Et
1663 4468 1737 4523 ad
1767 4468 2002 4526 Galatas
2028 4488 2041 4528 :

2176 4474 2282 4542 υμῖν
2311 4465 2696 4542 καταγγέλλω.
2732 4492 2761 4519 ››
2794 4466 2895 4523 Καὶ
2924 4468 3060 4541 πρὸς
3088 4466 3356 4533 Γαλάταςσ
3392 4494 3422 4523 ‹‹
3470 4472 3539 4525 Ὦ
3585 4471 3810 4542 ἀνόητοι

393 4588 421 4618 ‹‹
452 4564 497 4621 0
527 4562 809 4621 insensati
842 4560 1079 4624 Galatea,
1113 4558 1248 4630 quis
1279 4574 1379 4612 vos
1424 4555 1731 4612 fascinavit
1758 4574 1874 4613 non
1906 4560 2041 4616 obe-

2176 4556 2411 4629 ἀλάται,
2469 4556 2551 4619 τίς
2596 4555 2735 4629 ὑμᾶς
2785 4551 3074 4612 ἐϐάσκανεν
3130 4559 3206 4631 μή
3262 4559 3538 4624 πείθεσθαι
3567 4564 3636 4636 τῇ
3672 4561 3812 4633 ἀλη-

387 4653 512 4709 dire
559 4651 808 4716 veritati,
841 4653 977 4704 ante
1009 4663 1259 4719 quorum
1310 4643 1512 4701 oculos
1557 4644 1733 4700 Jesus
1771 4645 2040 4705 Christus

2181 4646 2281 4717 είᾳ,
2331 4647 2413 4708 οἷς
2461 4651 2576 4701 κατ’
2622 4644 2940 4722 ὀφθαλμοὺς
2978 4646 3190 4717 Ἰησοῦς
3224 4648 3457 4724 Χριστὸς
3488 4646 3806 4728 πρδεγράφη

387 4739 766 4813 ριιωεοιιὶριιιε
796 4742 907 4804 est,
939 4740 1118 4808 atque
1144 4733 1459 4791 crucifixus
1479 4735 1498 4768 ’¹
1521 4732 1548 4789 ?
1573 4756 1601 4783 »
1633 4734 1702 4790 Et
1734 4736 1805 4790 ad
1839 4738 2039 4792 Corin-

387 4830 544 4886 thios
578 4845 591 4885 :
620 4850 647 4881 «
679 4828 739 4885 Si
792 4827 926 4899 quis
983 4842 1099 4881 non
1149 4825 1353 4880 adorat
1399 4823 1718 4879 Dominum
1771 4832 2038 4883 nostrum

383 4921 588 4977 Jesum
617 4917 943 4986 Christum,
965 4914 1063 4987 qui
1092 4914 1253 4970 venit
1281 4912 1342 4968 in
1375 4929 1568 4982 carne,
1597 4914 1672 4968 sit
1704 4916 2037 4988 anathema,

386 5008 735 5066 maranatha
772 5007 813 5063 ⁸.
869 5029 897 5056 ››
954 5005 1038 5060 Tu
1096 5020 1253 5071 vero,
1311 5019 1529 5074 sponsa
1587 5018 1751 5070 mea,
1810 5005 2040 5063 hortare

384 5100 537 5156 ﬁlios
586 5104 721 5155 tuos
769 5101 835 5153 ut
878 5095 939 5151 in
1001 5092 1302 5167 prmceptis
1342 5091 1489 5146 meis
1519 5097 1817 5158 maneant,
1848 5111 2039 5167 neque

383 5205 590 5263 regum
644 5188 765 5245 iras
810 5183 1185 5248 reformides,
1232 5186 1338 5238 aut
1388 5180 1579 5237 minas
1631 5189 2035 5260 tyrannorum,

2150 4736 2203 4790 ἐν
2229 4735 2382 4808 ὑμῖν,
2434 4734 2524 4790 καὶ
2579 4738 2741 4790 τοῦτο
2792 4733 3245 4811 ἐσταυρωμένοςς
3299 4759 3329 4788 ››
3386 4739 3486 4792 Καὶ
3537 4739 3673 4812 πρὸς
3704 4742 3807 4795 Κο..

2151 4825 2409 4901 ρινθίους’
2446 4848 2473 4877 ‹‹
2509 4822 2580 4879 Εἷ¹
2602 4845 2684 4887 τις
2716 4822 2777 4879 οὐ
2819 4829 3113 4898 προσκυνεῖ
3147 4825 3241 4880 τὸν
3274 4824 3469 4902 Κύριον
3501 4829 3663 4901 ὑμῶν
3698 4829 3807 4899 Ἰη-

2148 4919 2272 4970 σοῦν
2305 4914 2532 4991 Χριστὸν
2567 4913 2879 4984 ἐληλυθότα
2908 4912 2959 4968 ἐν
2994 4913 3174 4991 σαρκὶ,
3217 4913 3333 4991 ἔχει
3396 4918 3573 4991 μαράν
3615 4917 3716 4972 ἀθά
3743 4918 3807 4972 τὸ

2147 5007 2402 5082 ἀνάθεμα.
2429 5030 2457 5059 ››
2494 5006 2568 5061 Σὺ
2602 5003 2679 5075 δὲ,
2711 5008 2746 5075 ἠ
2778 5004 2886 5078 ἐμὴ
2917 5003 3124 5082 νύμφη,
3158 5004 3394 5061 νουθέτει
3424 5008 3492 5063 τὰ
3519 5006 3677 5063 τέκνα
3706 5028 3803 5063 σου

2147 5096 2399 5171 ἐμμένειν
2448 5100 2567 5158 τοῖς
2618 5094 2777 5168 ἐμοῖς
2825 5092 3228 5171 προστάγμασι,
3282 5095 3373 5149 καὶ
3422 5096 3499 5170 μή
3532 5094 3805 5169 δειλιάσῃς

2146 5185 2351 5262 θυμοὺς
2385 5181 2677 5262 βασιλέων,
2730 5182 2766 5253 ἢ
2815 5180 3046 5247 ἀπειλὰς
3099 5182 3395 5256 τυράννων,
3424 5186 3459 5254 ἢ
3485 5181 3805 5262 φρυαγμοὺς

452 5400 471 5435 ί
503 5396 656 5455 Psal.
687 5410 879 5469 ωιν,
899 5393 984 5469 _1._
1038 5391 1064 5469 γ’
1100 5389 1280 5469 Exod.
1312 5405 1440 5469 xiiii,
1473 5387 1562 5469 εδ.
1641 5392 1663 5427 ³
1694 5392 1905 5469 Matth.
1949 5412 2064 5453 χιιι

2176 5397 2329 5452 7-21.
2406 5394 2430 5429 ⁴
2459 5391 2666 5449 Matth.
2701 5409 2839 5460 xvn,
2871 5393 2963 5449 26.
3039 5392 3063 5430 ⁸
3092 5394 3263 5454 Rom.
3293 5412 3420 5469 vm,
3455 5396 3546 5454 17.
3620 5396 3644 5433 ⁸
3674 5397 3803 5452 Act.

376 5485 516 5540 xvu,
545 5471 636 5539 22,
668 5469 759 5525 23.
836 5459 1071 5522 TGalat.
1106 5479 1190 5534 III,
1225 5462 1273 5518 1.
1351 5461 1372 5495 ⁸
1403 5459 1430 5516 Ι
1462 5464 1588 5519 Cor.
1619 5477 1737 5533 XVI,
1770 5467 1859 5521 22.

474 5678 567 5767 2-22
592 5680 676 5767 {te
703 5683 841 5767 ιιθε-
873 5679 1037 5767 eis.
1240 5675 1280 5767 ἡ
1306 5671 1616 5767 sumes-

452 5682 563 5835 255)
592 5682 676 5735 Ita
703 5683 841 5753 Reg.
873 5682 1037 5763 Εᾶὶἐί,
1053 5693 1209 5749 vero,
1240 5682 1280 5767 η
1306 5682 1616 5750 ἐμυσαχθή.

478 5749 571 5827 56)
599 5749 684 5807 Ita
713 5750 855 5825 Reg.
883 5751 1044 5809 Edltl
1071 5766 1232 5822 vero,
1257 5746 1617 5824 υπόγραμμα,

2210 5680 2321 5756 (57)
2357 5680 2520 5756 Reg,
2551 5678 2942 5760 προσκύνησιν.
