4120 6432
379 461 541 522 1073
1513 459 1778 520 SERMO
1822 461 1900 520 IN
1947 461 2004 520 Si

2120 461 2315 523 ZTUM
2364 462 2694 522 PASCHA.
3649 460 3806 520 1074

377 588 764 668 αἱρεσιάρχων,
795 591 828 659 ἢ
874 593 1004 662 πῦρ,
1037 591 1072 659 ἣ
1122 589 1296 669 ξίφος,
1344 591 1378 658 ἦ
1426 589 1608 666 θηρία,
1659 591 1694 660 ἦ
1735 591 2004 668 ἀφαιρέσει

2120 655 2124 663 ,
2159 595 2498 651 fremitusve
2526 593 3070 666 haeresiarcharum,
3106 596 3210 649 aut
3251 593 3468 664 ignem,
3516 591 3802 665 gladium,

2149 685 2321 752 feras,
2379 687 2478 739 aut
2538 683 2897 755 direptiones
2948 699 3121 754 opum
3179 681 3265 738 vel
3335 683 3800 752 possessionum,

2149 775 2530 829 domorumve
2562 777 2662 828 aut
2694 771 3001 826 similium.
3027 773 3454 842 Quamcumque
3487 773 3642 826 enim
3678 769 3798 825 cla-

2148 863 2280 917 dem
2315 863 2628 918 decernent
2657 867 3123 932 transgressores
3160 859 3268 928 illi,
3320 860 3585 914 eamdem
3621 859 3799 914 susti-

2148 952 2420 1006 nebunt:
2473 955 2529 1006 et
2577 950 2972 1022 quodcunque
3023 949 3335 1004 consilium
3383 947 3643 1014 inierint,
3693 963 3797 1016 ego

2149 1039 2448 1111 dissipabo
2483 1060 2498 1110 τ,
2532 1039 2714 1094 habes
2746 1037 2901 1094 enim
2937 1055 2970 1093 a
3019 1037 3422 1094 fundamentis
3449 1036 3682 1092 ﬁrmam
3712 1035 3796 1091 vi-

2146 1144 2396 1200 vamque
2428 1137 2672 1200 petram.
2705 1129 2910 1183 Amen.

385 681 779 757 χρημάτων,ἣ
828 679 1145 754 κτημάτων,
1197 683 1231 749 ἣ
1293 680 1502 747 οἰκιῶν,
1637 680 1870 753 ὁμοίων·
1905 678 2033 737 Ο“ίαν

379 773 482 848 γὰρ
532 769 622 825 καὶ
673 767 917 841 δόξουσιν
949 771 1000 824 οἱ
1045 764 1352 846 παραϐάται
1382 770 1570 839 ἧτταν,
1606 772 2032 840 ἡττηθήσονται·

377 859 468 914 καὶ
500 856 618 914 θ’ίαν
653 857 860 934 βουλήν
899 856 1309 934 βουλεύσονται,
1343 859 1453 932 ἐγὼ
1504 856 1855 912 διασκεδάσω”
1890 856 2038 933 ἔχεις

376 949 476 1024 γὰρ
539 947 598 1004 ἐκ
656 947 928 1022 θεμελίων
982 949 1082 1018 τὴν
1141 947 1362 1024 στερρὰν
1423 947 1513 1004 καὶ
1582 953 1754 1017 ζῶσαν
1814 947 2034 1025 πέτραν.

376 1039 579 1111 Ἀμήν.

1197 1386 1277 1445 ΙΝ
1321 1387 1521 1447 TRES
1569 1383 2034 1456 SEQUENTES
2078 1383 2454 1445 HOMILIAS
2499 1383 2962 1444 ADMONITIO.

450 1508 600 1565 392
632 1509 754 1564 Tres
804 1518 1086 1580 sequentes
1136 1509 1393 1566 homilize
1435 1512 1656 1565 tantam
1705 1517 1895 1564 mutuo
1933 1510 2245 1580 prae/erunt
2286 1508 2428 1580 styli
2475 1510 2825 1580 afﬁnitatem,
2878 1515 2942 1562 ut
2984 1505 3228 1574 eiusdem
3271 1504 3448 1577 plane
3507 1507 3794 1577 scriptoris

369 1612 485 1652 esse
521 1596 831 1652 videantur.
882 1598 944 1652 In
987 1598 1267 1653 codicibus
1315 1614 1482 1666 porro
1535 1598 1862 1670 quibusdam
1912 1597 2210 1653 Athanasio
2269 1597 2641 1665 ascribuntur,
2708 1598 2770 1652 in
2820 1596 3104 1652 nonnullis
3181 1595 3394 1650 Basilio
3439 1594 3791 1651 Seleuciensi.

368 1689 442 1742 Et
495 1685 716 1758 quidem
773 1689 934 1742 tanta
987 1687 1076 1742 hic
1133 1704 1259 1742 cum
1315 1687 1691 1744 Athanasiano
1750 1687 1898 1760 stle
1944 1690 2184 1744 occurrit
2237 1688 2634 1759 discrepantia,
2693 1697 2754 1742 ut
2806 1688 3055 1758 quisquis
3103 1702 3229 1740 eum
3284 1684 3376 1740 vel
3454 1685 3794 1756 primoribus

369 1775 545 1830 labris
573 1777 840 1846 attigerit,
875 1777 1034 1832 hasce
1062 1777 1154 1831 illi
1181 1776 1442 1832 homilias
1469 1778 1785 1848 abjudicare
1812 1777 1956 1832 nihil
1987 1781 2300 1833 cunctetur.
2329 1781 2478 1834 Nam
2511 1779 2572 1833 in
2622 1776 2924 1832 Athanasio
2969 1776 3235 1832 orationis
3282 1791 3454 1843 genus
3479 1775 3605 1846 plus
3632 1775 3794 1830 habet

371 1880 688 1933 nervorum,
716 1865 846 1935 plus
866 1865 1094 1934 judicii,
1125 1867 1528 1938 gravitatisque
1559 1884 1571 1921 :
1605 1868 1696 1922 hic
1725 1875 1910 1922 autem
1948 1868 2146 1938 stylus,
2179 1868 2398 1938 elegans
2437 1866 2680 1938 quidem,
2729 1865 2826 1921 sed
2875 1866 3114 1930 ﬂosculis
3163 1863 3438 1935 tropisque
3499 1863 3792 1919 rhetoricis

369 1953 688 2009 redundans
747 1971 766 2009 :
814 1957 913 2025 qui
958 1956 1174 2011 Basilio
1219 1955 1550 2012 Seleuciensi
1597 1956 1805 2011 ascribi
1863 1957 2048 2012 verius
2100 1959 2265 2028 possit
2323 1973 2489 2028 quam
2549 1956 2869 2011 Athanasio.
2925 1957 3040 2009 Huc
3083 1955 3350 2009 accedunt
3392 1969 3539 2008 voces
3593 1953 3788 2009 multa?

367 2043 522 2115 apud
570 2043 938 2099 Athanasium
993 2046 1299 2114 inusitatae,
1345 2046 1530 2116 quales
1592 2047 1717 2100 sunt
1767 2045 1899 2114 illae,
1965 2042 2004 2097 a’r

2121 2044 2226 2114 εία,
2269 2050 2324 2102 et
2386 2049 2712 2117 μεταμαθεῖν
2773 2061 2891 2116 pro,
2945 2042 3246 2117 poenitere,
3297 2051 3350 2098 et
3395 2043 3608 2099 similes
3651 2058 3782 2114 per-

364 2133 584 2189 multae.

435 2223 688 2277 Primam
715 2226 900 2278 autem
930 2222 1216 2279 homiliam
1244 2224 1311 2280 de
1339 2225 1614 2281 Paschate
1638 2225 1888 2296 primum
1933 2224 2108 2280 edidit
2141 2230 2207 2280 P.
2253 2224 2605 2295 Combeﬁsius
2655 2227 2718 2280 in
2764 2224 3024 2280 Auctario
3081 2238 3198 2278 suo.
3246 2223 3496 2279 Secunda
3543 2223 3674 2278 item
3707 2224 3782 2280 de

359 2311 646 2378 Paschate,
679 2315 741 2366 in
758 2313 1006 2369 editione
1029 2315 1340 2369 Parisiensi
1367 2315 1506 2370 anni
1543 2315 1672 2368 1627
1701 2314 1846 2370 edita
1873 2322 1966 2381 est,
1998 2331 2135 2370 cura
2179 2319 2229 2370 et
2271 2315 2453 2370 studio
2507 2315 2808 2370 Holsteinii
2844 2331 2969 2369 cum
3015 2313 3470 2384 interpretatione
3507 2313 3770 2384 ejusdem.

355 2407 554 2457 Postea
580 2416 703 2457 vero
723 2402 1062 2458 emendatior
1088 2403 1294 2474 prodiit
1324 2403 1382 2458 in
1414 2405 1672 2459 Auctario
1702 2403 1947 2474 ejusdem
1976 2405 2286 2474 Combe/isti
2330 2420 2456 2459 cum
2493 2420 2632 2460 nova
2672 2404 2919 2474 ejusdem
2954 2405 3422 2474 interpretatione.
3465 2404 3669 2467 Tertia,
3709 2403 3773 2459 de

354 2491 680 2546 Ascensione
709 2493 951 2558 Domini,
980 2493 1229 2563 primum
1255 2494 1469 2563 publici
1486 2494 1638 2563 juris
1660 2497 1807 2563 facta
1837 2501 1916 2548 est
1948 2493 2007 2547 in
2036 2492 2272 2549 editione
2330 2494 2795 2558 Commeliniana,
2844 2495 3144 2564 interprete
3183 2495 3392 2549 Joanne
3448 2492 3764 2564 Lampadio,

351 2580 586 2636 secundo
617 2595 752 2636 cusa
777 2581 894 2655 fuit
924 2583 982 2637 in
1012 2581 1141 2637 edit.
1178 2585 1360 2638 Paris.
1412 2599 1545 2637 ann.
1593 2583 1749 2637 1627.
1806 2583 2054 2639 Tertium
2097 2583 2157 2638 in
2209 2583 2466 2639 Auctario
2507 2583 2812 2654 Combeﬁsii
2864 2581 3170 2638 emendatio
3206 2582 3415 2654 prodiit
3460 2599 3585 2638 cum
3631 2597 3769 2637 nova

346 2669 598 2741 ejusdem
629 2669 941 2741 Combe/isti
967 2672 1445 2743 interpretatione.

1526 2905 1650 2954 ΤΟΥ
1689 2905 1776 2955 ΕΝ
1815 2902 2043 2957 ΔΓΙΟΙΣ
2085 2904 2351 2957 ΙΙΑΤΡΟΣ
2392 2906 2584 2957 ΗΜΩΝ

1710 3044 2441 3142 ΑΘΑΝΑΣΙΟΥ

1548 3211 1765 3266 ΛΟΓΟΣ
1808 3213 1920 3264 ΕΙΣ
1959 3213 2039 3262 ΤΟ
2079 3213 2282 3265 APION
2323 3213 2585 3267 ΠΑΣΧΑ.

1432 3484 1526 3579 S.
1604 3484 1715 3578 P.
1791 3484 1910 3580 N.
1986 3485 2707 3582 ATHANASII

1557 3640 1790 3696 SERMO
1831 3641 1909 3696 IN
1944 3639 2261 3700 SANCTUM
2293 3641 2576 3698 PASCHA.

416 3865 464 3918 1.
502 3863 563 3918 Εἰ
599 3869 721 3927 ταῖς
748 3869 857 3920 τῶν
888 3864 1134 3941 ἀγγέλων
1171 3867 1288 3936 ἐνῆν
1335 3869 1473 3945 πρὸς
1522 3870 1583 3924 τὸ
1633 3870 1802 3946 παρὸν
1863 3871 2004 3945 χρή-

2191 3873 2490 3930 1.Etiamsi
2525 3872 2744 3945 linguis
2766 3871 3107 3944 angelorum
3125 3872 3657 3943 impraesentiarum
3684 3872 3770 3926 uti

342 3962 533 4016 σασθαι
566 3951 861 4029 γλώτταις,
894 3954 941 4008 εί
993 3956 1174 4017 φωνὰς
1229 3957 1520 4020 ἀθανάτους
1553 3961 1588 4027 ἡ
1635 3964 1742 4013 τῶν
1794 3961 2003 4028 Θνητῶν

2120 3960 2343 4027 liceret,
2393 3962 2623 4017 etiamsi
2697 3961 3135 4017 immortalibus
3221 3959 3486 4017 mortalis
3561 3965 3772 4017 natura

341 4040 608 4112 ἐκτήσατο
668 4043 846 4120 φύσις·
912 4043 1187 4116 ἐτόλμησε
1256 4045 1418 4118 μόλις
1480 4049 1592 4120 (58)
1644 4047 1702 4101 ἂν
1754 4047 1849 4108 τὰς
1903 4055 2002 4117 τῆς

2120 4052 2358 4105 vocibus
2391 4053 2681 4106 instructa
2710 4056 2902 4117 esset;
2935 4050 3032 4106 vix
3061 4051 3302 4106 auderet
3341 4051 3473 4106 festi
3523 4051 3770 4121 hujusce

340 4131 536 4204 ἑορτῆς
589 4131 826 4204 ὑμνῆσαι
878 4131 1104 4208 δωρεάς.
1135 4135 1270 4190 Νυνὶ
1323 4133 1379 4189 δὲ
1424 4134 1645 4209 γλῶττα
1690 4136 1858 4205 θνητή
1913 4135 2002 4189 καὶ

337 4217 574 4290 πήλινον
609 4217 838 4296 ὄργανον
869 4221 921 4276 τί
956 4223 1048 4294 μὲν
1085 4223 1142 4276 ἂν
1179 4222 1347 4294 εἷ’ποι,
1377 4223 1433 4278 τί
1467 4222 1524 4278 δὲ
1553 4225 1642 4279 καὶ
1692 4225 2000 4302 φθέγξατο,

335 4308 472 4383 ἅπερ
505 4311 539 4377 ἡ
575 4309 832 4381 σύμπασα
861 4311 1033 4372 κτίσις
1058 4312 1425 4390 ὁμοφωνοῦσα
1457 4314 1592 4388 πρὸς
1629 4312 1774 4386 ἀξίαν
1810 4314 1997 4387 ὑμνεῖν

336 4396 441 4452 οὐκ
472 4396 692 4474 ἰσχύεις
726 4395 1062 4475 ἰ’περϐαινει
1113 4402 1217 4476 γὰρ
1268 4399 1490 4472 ἀληθῶς
1540 4402 1768 4464 κτίσεως
1830 4403 2001 4477 μέτρα

335 4486 404 4540 τὰ
435 4483 584 4563 δῶρα
613 4495 715 4557 τῆς
757 4490 1009 4565 χάριτος.
1041 4490 1272 4553 Θάνατος
1327 4491 1375 4564 ἐξ
1429 4491 1730 4567 ἀνθρώπων
1777 4490 1996 4548 ἐλαύνε-

336 4595 447 4644 ται,
483 4575 572 4631 καὶ
617 4571 752 4647 ᾅδης
781 4580 880 4646 τήν
914 4577 1155 4649 πολυετῆ
1192 4578 1494 4635 δυναστείαν
1545 4580 1873 4636 ἀποτίθεται·
1910 4583 1998 4636 καὶ

332 4663 486 4738 γένος
539 4666 837 4741 ἀνθρώπων
890 4668 1158 4743 ἁμαρτίας
1217 4669 1371 4742 νόμῳ
1425 4668 1712 4725 κατάδικον
1773 4675 1842 4744 τῇ
1900 4679 2000 4741 τῆς

334 4753 567 4828 χάριτος
603 4751 779 4830 δωρεᾷ
815 4755 1118 4831 βασιλεύειν
1154 4755 1480 4815 διδάσκεται.
1511 4761 1625 4828 Τῆς
1670 4758 1850 4813 τοίνυν
1899 4771 1998 4814 Δε-

332 4848 599 4911 σποτικῆς
632 4843 826 4918 ἑορτῆς
860 4845 887 4898 ὁ
920 4846 1310 4920 πρωτοστάτης
1345 4846 1439 4918 μὲν
1489 4854 1589 4914 τῆς
1642 4846 1996 4910 ἀπολαύσεως

336 4929 644 5006 ἄνθρωπος,
679 4934 939 4995 κοινωνὸς
973 4931 1031 4988 δὲ
1061 4940 1158 5003 τῆς
1204 4935 1433 5009 χάριτος
1486 4935 1520 5002 ἠ
1575 4933 1746 5003 λοιπὴ
1794 4935 1997 5010 γίνεται

331 5017 527 5081 κτίσις·
565 5020 651 5076 Ἐν
683 5021 978 5095 ἀνθρώπου
1008 5023 1107 5098 γὰρ
1145 5027 1330 5100 μορφῇ
1373 5025 1614 5098 σήμερον
1659 5025 1686 5078 ὁ
1736 5031 1838 5093 τῆς
1896 5025 1994 5102 φύ-

333 5127 469 5167 σεως
499 5110 615 5179 (59)
643 5108 1002 5166 ἀνεπλάττετο
1036 5109 1234 5184 δῆμος.
1269 5111 1427 5170 Οὕτω
1458 5112 1561 5187 γὰρ
1594 5111 1808 5173 Παῦλος
1839 5114 1866 5167 ὁ
1896 5121 1994 5182 τῆς

333 5193 562 5270 χάριτος
615 5200 864 5270 μαθητὴς
909 5199 1315 5275 περιήγγειλεν·
1355 5224 1381 5252 ‹‹

329 5283 492 5350 καινή
527 5284 719 5358 κτίσις,
751 5286 818 5339 τὰ
848 5285 1054 5362 ἀρχαῖα
1093 5286 1395 5361 παρῆλθεν*
1431 5285 1548 5342 ἰδοὺ
1600 5288 1787 5363 γέγονε
1835 5290 1994 5344 καινὰ

327 5369 398 5424 τὰ
425 5370 621 5429 πάντα.
660 5396 688 5424 n
719 5379 833 5445 Μιᾷ
882 5379 1036 5452 φωνῇ
1099 5375 1331 5438 ἑλκύσας
1386 5376 1452 5430 τὰ
1509 5377 1796 5449 σύμπαντα
1853 5379 1990 5452 πρὸς

325 5455 602 5514 ἀνάκτισιν
633 5462 769 5536 (60),
802 5465 830 5518 ὁ
859 5469 959 5534 τῆς
1005 5463 1234 5526 κτίσεως
1284 5462 1620 5541 δημιουργὸς
1680 5468 1896 5538 ἀνέστη.
1931 5469 1992 5523 Ἡ

401 5584 424 5619 ⁹
454 5585 505 5641 ΙΙ
533 5585 666 5642 Cor.
697 5605 755 5656 v,
789 5589 878 5644 17.

405 5711 520 5857 (58)
550 5711 726 5776 Μόλις
757 5715 923 5771 deest
949 5715 1010 5771 in
1040 5715 1390 5774 Colbertino.

408 5782 500 5854 (59
550 5784 827 5857 Colhert.,
858 5791 955 5857 τῆς
984 5785 1229 5851 κτίσεως.

408 5782 520 5857 (59)
550 5784 827 5895 Colherty
858 5791 955 5858 τῆς
984 5785 1229 5851 κτίσεως.

1431 5197 1503 5254 Εἰ¹
1533 5221 1618 5257 τις
1679 5200 1729 5255 ἐν
1781 5202 1980 5257 Χοιστᾶ

1449 5223 1494 5254 ιι
1533 5221 1618 5262 τις
1679 5221 1729 5255 εν
1781 5221 1994 5278 λριστῳ
2023 5239 2066 5306 C

1457 5285 1480 5306 θ
1521 5287 1532 5303 \
1645 5288 1655 5306 Ι
1969 5290 1983 5306 \

2116 4138 2230 4193 diei
2261 4140 2416 4194 dona
2465 4140 2800 4210 praedicare.
2843 4143 2974 4194 Jam
3019 4157 3154 4195 vero
3218 4140 3481 4195 mortalis
3545 4138 3768 4211 lingua,

2115 4227 2336 4282 luteum
2373 4228 3018 4297 instrumentum,quid
3052 4228 3225 4294 dicat,
3251 4228 3462 4300 quidve
3495 4229 3770 4299 loquatur

2112 4334 2180 4372 ea
2212 4334 2339 4388 quae
2373 4333 2442 4371 ne
2473 4321 2594 4371 tota
2624 4317 2862 4386 quidem
2895 4332 3137 4371 concors
3169 4333 3366 4371 rerum
3400 4321 3628 4387 natura,
3662 4335 3765 4388 pro

2112 4406 2190 4461 rei
2209 4405 2493 4476 dignitate
2511 4405 2820 4460 decantare
2834 4405 3020 4460 valeat
3037 4405 3064 4460 ?
3095 4405 3326 4460 Natura;
3349 4421 3488 4461 sane
3521 4407 3652 4461 mod
3667 4423 3763 4461 um

2111 4499 2392 4564 superant
2422 4493 2619 4564 gratiae
2654 4493 2828 4548 dona.
2864 4492 3104 4548 Pellitur
3130 4510 3286 4547 mors
3318 4493 3390 4548 ab
3421 4493 3762 4551 hominibus

2111 4583 2330 4638 amittit
2362 4583 2626 4636 infernus
2665 4581 3015 4636 diuturnum
3071 4580 3216 4636 illud
3265 4581 3579 4654 imperium
3615 4600 3627 4638 :
3661 4599 3760 4655 ge-

2109 4689 2343 4743 nusque
2376 4671 2683 4726 hominum
2720 4670 2941 4740 peccati
2976 4670 3102 4742 lege
3141 4672 3510 4736 damnatum,
3556 4672 3758 4743 gratiae

2109 4761 2261 4815 dono
2292 4777 2533 4831 regnare
2565 4761 2826 4814 docetur.
2865 4759 3148 4814 Dominici
3182 4759 3380 4830 itaque
3415 4759 3550 4815 festi
3581 4760 3756 4816 homo

2108 4847 2400 4920 praecipue
2429 4865 2495 4903 ac
2526 4849 2717 4918 primo
2749 4847 2954 4902 ordine
2986 4849 3238 4902 fructum
3277 4847 3540 4919 percipit,
3598 4847 3754 4917 ejus-

2107 4936 2358 5006 demque
2411 4936 2606 5008 graliae
2661 4935 2953 5007 particeps
3001 4939 3088 4991 est
3138 4935 3365 5008 reliqua
3414 4941 3644 4991 natura.
3691 4937 3756 4991 In

2107 5024 2366 5080 hominis
2397 5041 2654 5096 namque
2673 5026 2860 5080 forma
2889 5025 3062 5080 hodie
3079 5029 3200 5081 tota
3214 5041 3410 5080 rerum
3427 5030 3758 5080 creatarum

2105 5113 2424 5168 multitudo
2459 5116 2830 5169 reformatur.
2866 5114 2951 5168 Ita
2981 5114 3139 5168 enim
3180 5113 3401 5169 Paulus
3447 5115 3647 5184 gratiae
3679 5114 3761 5168 di-

2105 5202 2370 5274 scipulus
2403 5203 2740 5274 praedicavit
2768 5219 2780 5257 :
2818 5226 2844 5252 «
2880 5203 2936 5258 Si
2963 5219 3080 5274 qua
3112 5203 3168 5257 in
3189 5202 3420 5258 Christo
3443 5219 3592 5258 nova
3608 5218 3761 5259 crea-

2105 5295 2235 5346 tura
2273 5307 2284 5344 :
2320 5295 2511 5346 vetera
2548 5292 2912 5346 transierunt
2945 5309 2957 5344 :
2992 5306 3122 5346 ecce
3177 5293 3331 5345 tacta
3379 5294 3519 5346 sunt
3560 5291 3762 5346 omnia

2103 5396 2250 5435 nova
2281 5381 2322 5434 9.
2355 5401 2382 5429 ››
2420 5380 2683 5436 Surrexit
2711 5380 2868 5435 enim
2902 5384 3122 5434 natura:
3168 5379 3398 5450 opifex;
3434 5385 3610 5451 atque
3641 5396 3760 5434 una

2105 5484 2242 5524 voce
2291 5469 2491 5524 omnia
2541 5469 2716 5525 traxit
2757 5469 2830 5524 ad
2888 5485 3096 5524 novam
3163 5468 3539 5524 creationem.
3605 5469 3752 5525 Nam

2163 5721 2278 5792 (60)
2308 5722 2392 5777 Ita
2418 5721 2556 5794 Reg.
2590 5719 2743 5778 Editi
2772 5735 2907 5778 vero
2938 5723 2994 5776 et
3024 5718 3204 5776 Colb..
3249 5719 3384 5794 πρὸς
3436 5720 3740 5779 ἀνάστασιν.
