4120 6364
378 444 533 504 1075

1542 434 1604 488 S.
1657 430 2174 491 A'I‘HANASIUS.
2207 462 2286 472 -—
2317 427 2625 490 SPURIA.

3643 431 3802 493 1076

377 575 693 633 Salvatoris
723 571 1101 637 resurrectio,
1135 568 1470 626 communis
1501 566 1910 622 universorum
1939 565 2030 618 est

2161 557 2244 634 γὰρ
2276 562 2373 615 τοῦ
2400 564 2663 633 Σωτῆρος
2693 558 2975 622 ἀνάστασις
3004 558 3164 630 κοινὴ
3194 563 3301 616 τῶν
3360 561 3578 618 πάντων
3631 561 3803 641 ὑπάρ-

378 681 529 721 nova
559 664 797 722 creatio.
832 663 996 729 Quod
1031 661 1157 732 ipse
1200 658 1371 714 nobis
1436 656 1656 710 Paulus
1718 651 2034 709 annuntiat

378 754 472 810 his
502 755 694 811 verbis
728 770 743 809 :
783 773 803 801 ι
843 753 979 824 lpsa
1008 753 1279 805 creatura
1311 744 1655 801 liberabitur
1685 760 1719 798 a
1756 742 2035 798 servitute

378 844 795 917 corruptionis,
828 842 886 896 in
925 839 1251 896 libertatem
1279 835 1535 890 ﬁliorum
1572 833 1667 889 Dei
1702 833 1809 900 '0,»
1840 831 1896 885 id
1922 833 2033 898 est,

379 933 814 1005 corruptionem
846 925 1468 1003 deponet,servitutem
1503 925 1694 989 exuet,
1729 921 2035 977 immorta-

382 1022 545 1079 litem
592 1021 853 1094 recipiet,
908 1019 979 1073 ad
1029 1014 1330 1071 meliorem
1376 1012 1765 1068 transferetur
1793 1013 2034 1065 sortem.

383 1111 635 1168 Homine
684 1109 977 1182 siquidem
1042 1106 1112 1161 ad
1186 1100 1679 1159 immortalitatem
1738 1102 2036 1169 renovato,

385 1199 582 1257 omnis
613 1197 831 1271 pariter
858 1198 1125 1251 creatura
1154 1208 1283 1265 quae
1334 1192 1463 1262 ejus
1513 1188 1703 1263 gratia
1750 1188 2042 1260 producta

393 1288 506 1345 fuit
536 1286 932 1343 renovabitur.

462 1378 514 1433 2.
552 1375 777 1432 Creavit
807 1374 960 1429 enim
985 1373 1142 1428 Deus
1175 1372 1326 1427 hanc
1356 1384 1628 1443 magnam
1680 1382 1876 1423 rerum
1909 1365 2041 1420 uni-

390 1464 687 1522 versitatis
717 1464 924 1519 urbem
968 1479 980 1517 :
1030 1459 1272 1531 solaque
1312 1474 1450 1514 voce
1500 1456 1688 1512 multa
1718 1454 2038 1529 produxit:

390 1554 521 1612 sola
547 1570 684 1611 voce
714 1551 979 1609 omnium
1004 1549 1398 1606 substantiam
1428 1546 1690 1614 extraxit,
1724 1549 1901 1617 atque
1922 1544 2043 1617 opi-

392 1645 521 1703 ticis
560 1641 860 1715 sapientia:
893 1656 1012 1696 sum
1042 1639 1157 1695 vim
1191 1636 1469 1694 ostendit.
1522 1638 1603 1692 Ac
1648 1635 1708 1690 in
1757 1634 2046 1691 creaturis

388 1733 548 1791 velut
577 1733 635 1788 in
661 1729 878 1787 illustri
907 1728 1130 1801 templo
1162 1744 1334 1784 suam
1366 1725 1707 1797 imaginem,
1739 1724 2041 1780 hominem

390 1821 615 1879 scilicet
657 1835 833 1892 quem
891 1820 1189 1874 creaverat
1235 1814 1438 1872 erexit.
1499 1814 1819 1886 Oportebat
1847 1813 2046 1884 itaque

2144 667 2233 723 χει
2286 648 2561 711 ἀνάκτισις
2594 650 2828 723 (61-62).
2862 650 2965 705 Καὶ
3011 646 3172 704 τοῦτο
3223 649 3440 713 Παῦλος
3480 653 3618 724 ἡμῖν
3650 651 3806 729 εύαγυ

2141 734 2435 810 γελίζεται,
2456 735 2655 813 λέγων,
2678 736 2763 793 ὅτι
2797 762 2826 792 ‹‹
2858 737 2960 795 Καὶ
2991 737 3126 807 αύτή
3160 740 3194 808 ἡ
3227 738 3401 801 κτίσις
3434 739 3807 818 ἐλευθερωθή-

2144 845 2293 880 σεται
2322 825 2382 881 ἐκ
2407 832 2509 896 τῆς
2542 824 2799 889 δουλείας
2829 833 2928 896 τῆς
2960 833 3163 906 φθορᾶς
3210 827 3285 890 εἷς
3335 829 3434 897 τήν
3490 828 3804 906 ἐλευθερίαν

2143 919 2251 969 τῶν
2283 913 2482 969 τέκνων
2516 918 2613 971 τοῦ
2644 920 2796 971 Θεοῦ·
2834 940 2863 968 ››
2899 922 3144 972 τουτέστι
3198 916 3298 985 τὴν
3352 917 3558 995 φθορὰν
3612 918 3806 974 ἀποτί-

2148 1004 2336 1073 θεται,
2397 1006 2495 1074 τήν
2574 1002 2821 1060 δουλείαν
2899 1002 3267 1074 ἆποδύσεται,
3337 1007 3437 1074 τὴν
3516 1007 3804 1064 ἀθανασίαν

2148 1092 2517 1166 ἀπολήψεται,
2547 1093 2685 1169 πρὸς
2735 1093 2995 1168 ἀμείνονα
3047 1096 3437 1168 μεταστήσεται
3486 1094 3665 1167 λῆξιν.
3717 1098 3804 1172 Τᾦ

2148 1183 2252 1258 γὰρ
2286 1183 2557 1259 ἀνθρώπῳ
2585 1184 2721 1258 πρὸς
2768 1182 3060 1261 ἀφθαρσίαν
3114 1186 3601 1259 καινουργουμένῳ
3642 1187 3730 1243 καὶ
3764 1190 3798 1259 ἡ

2152 1270 2223 1327 δι’
2251 1271 2408 1327 αὐτὸν
2440 1275 2783 1348 παραχθεῖσα
2810 1272 3312 1343 ἀνακαινισθήσεται
3341 1273 3538 1335 κτίσις.

2221 1365 2276 1418 2.
2310 1364 2528 1419 Ἐκτισε
2587 1361 2681 1435 μὶν
2738 1363 2838 1438 γὰρ
2872 1362 2901 1416 ὁ
2949 1362 3078 1424 Θεὸς
3133 1363 3231 1431 τὴν
3296 1362 3541 1440 μεγάλην
3600 1364 3797 1438 ταύτην

2152 1458 2253 1521 τῆς
2282 1450 2507 1513 κτίσεως
2537 1448 2719 1506 πόλιν*
2753 1454 2907 1529 φωνῇ
2942 1450 3081 1525 μόνῃ
3107 1453 3205 1521 τὴν
3235 1455 3345 1507 τῶν
3376 1451 3607 1509 πολλῶν
3665 1476 3805 1532 παρ-

2152 1540 2374 1617 αγωγὴν
2407 1538 2801 1614 ποιησάμενος,
2835 1544 2990 1618 φωνῇ
3026 1541 3161 1616 μόνῃ
3209 1543 3309 1609 τὴν
3359 1547 3467 1597 τῶν
3515 1542 3661 1599 ὅλων
3715 1543 3806 1599 ού-

2155 1629 2271 1685 σίαν
2331 1628 2582 1701 ἑλκύσας,
2629 1637 2730 1700 τῆς
2789 1628 3193 1707 δημιουργικῆς
3249 1630 3415 1687 αὐτοῦ
3464 1632 3654 1710 σοφίας
3707 1636 3811 1705 τὴν

2155 1716 2379 1792 δύναμιν
2438 1717 2655 1790 ἔδειξενο
2689 1720 2764 1782 ὡς
2824 1718 2877 1775 ἐν
2935 1724 3049 1792 ναῷ
3092 1717 3150 1774 δὲ
3179 1727 3484 1799 περιφανεῖ,
3509 1726 3580 1796 τῇ
3613 1722 3809 1795 κτίσει,

2152 1808 2252 1876 τήν
2286 1805 2427 1863 ἰδίαν
2462 1806 2643 1862 εἰκόνα
2668 1807 2758 1861 τὸν
2792 1805 3076 1883 ἄνθρωπον
3128 1804 3542 1882 δημιουργήσας
3589 1804 3817 1881 ἀνέστη-

389 1911 521 1983 ejus
551 1909 788 1983 propria
839 1910 1116 1964 renovata
1171 1905 1452 1979 imagine,
1516 1904 1706 1976 ipsam
1764 1900 2045 1974 imaginis

2161 1918 2265 1955 σεν.
2300 1895 2451 1954 Ἔδει
2499 1901 2785 1973 τοιγαροῦν
2836 1896 2926 1951 καὶ
2973 1901 3085 1967 νῦν,
3116 1903 3215 1967 τῆς
3266 1894 3409 1960 ἰδίας
3442 1896 3651 1962 εἰκόνος
3697 1920 3819 1955 και-

2446 1983 2458 2004 1
2690 1985 2705 2004 \
2783 1985 2795 2003 ’
2845 1985 2858 2003 ἴ
2962 1985 2977 2004 \
3103 1991 3130 2002 ν
3242 1983 3257 2004 9
3313 1984 3325 2004 Ι
3500 1988 3524 2004 γ

393 2000 634 2056 domum
666 2014 786 2052 una
808 1998 934 2069 jam
967 1996 1256 2053 renovari.
1305 1995 1529 2050 Horum
1563 1991 1732 2048 nobis
1790 2009 2047 2064 prmsens

392 2087 740 2146 solemnitas
773 2086 1014 2160 sponsio
1045 2089 1154 2141 est.
1188 2085 1330 2155 Ejus
1372 2100 1550 2138 causa
1587 2082 1879 2137 clamabat
1909 2082 2047 2137 bea-

392 2184 491 2234 tus
548 2176 767 2233 Paulus
828 2192 841 2232 :
903 2198 932 2225 ‹‹
992 2175 1235 2247 Oportet
1282 2172 1439 2228 enim
1502 2170 1881 2244 corruptibile
1940 2169 2050 2227 hoc

390 2267 638 2323 induere
677 2264 1199 2337 incorruptionem,
1253 2266 1310 2318 et
1354 2260 1599 2317 mortale
1647 2261 1757 2317 hoc
1806 2260 2052 2317 induere

393 2353 900 2412 immortalitatem
932 2354 996 2406 ιι.
1032 2375 1060 2402 ι)
1105 2352 1360 2422 Respuet
1407 2350 1565 2406 enim
1617 2349 1824 2405 mortis
1860 2349 2050 2421 legem

394 2460 631 2517 corpus,
679 2441 1143 2499 immortalitatis
1212 2440 1461 2497 ﬂoribus
1509 2443 1876 2496 coronatum.
1934 2439 2051 2495 Nec

396 2532 587 2588 ullum
635 2531 888 2605 reperiet
942 2530 1137 2587 locum
1191 2528 1511 2600 corruptio,
1573 2529 1730 2584 398
1787 2528 2053 2584 elucente

397 2620 860 2694 incorruptione.
894 2619 939 2676 Ο
989 2635 1264 2692 magnam
1318 2633 1512 2673 rerum
1563 2617 1983 2674 mutationem!
2019 2634 2052 2673 ο

400 2710 839 2768 conversionem
895 2725 1023 2782 quas
1070 2711 1280 2780 praeter
1345 2722 1511 2778 spem
1565 2706 1811 2761 accidit!
1861 2724 1893 2761 ο
1926 2722 2053 2761 ma-

403 2816 586 2874 gnum
634 2798 860 2855 luctum
898 2798 956 2853 in
1019 2813 1289 2866 magnam
1358 2811 1596 2851 versum
1664 2794 1968 2851 laetitiam!
2022 2813 2055 2850 ο

404 2889 687 2963 gaudium
717 2886 1108 2944 calamitatem
1139 2884 1474 2957 excipiens!
1513 2891 1705 2955 Auget
1751 2885 1907 2940 enim
1941 2885 2055 2940 diei

404 2977 540 3034 festi
594 2976 821 3044 laudes,
876 2975 1097 3032 Veteris
1144 2975 1407 3046 Novique
1454 2974 1812 3029 Testamenti
1866 2989 2054 3029 recor-

407 3066 586 3122 datio.
620 3069 866 3121 Eramus
897 3065 1111 3137 quippe
1144 3068 1277 3119 ante
1298 3064 1356 3118 in
1390 3063 1660 3133 paradiso
1693 3080 1762 3119 ex
1791 3063 1887 3118 Dei
1921 3079 2059 3135 erga

410 3154 683 3211 homines
710 3153 1097 3227 benignitate,
1132 3151 1293 3208 nullo
1341 3151 1541 3208 labore
1588 3156 1815 3225 partam
1864 3153 2057 3222 possi-

406 3244 613 3300 dentes
645 3243 1028 3315 voluptatem.
1064 3241 1320 3298 Accessit
1357 3256 1604 3313 serpens
1651 3241 1897 3296 effossor
1926 3258 2053 3297 mu-

2155 1983 2586 2061 νουργουμὲνης,
2617 1985 2706 2040 καὶ
2738 1985 2897 2041 αὐτὸν
2923 1985 3015 2041 τὸν
3062 1991 3162 2055 τῆς
3214 1983 3421 2048 εἰκόνος
3468 1988 3617 2042 οἷκον
3682 2010 3811 2043 συν-

2157 2075 2547 2145 ανακτίζεσθαι.
2579 2074 2794 2129 Τούτων
2824 2077 2960 2148 ἡμῖν
3010 2073 3282 2149 ἐγγυητῆς
3330 2077 3571 2150 σήμερον
3600 2079 3635 2147 ἡ
3675 2099 3814 2154 παρ-

2157 2168 2292 2220 οῦσα
2365 2166 2692 2241 πανήγυρις.
2751 2164 2851 2218 Διὰ
2915 2162 3117 2235 ταύτην
3186 2164 3216 2218 ὁ
3277 2165 3548 2241 μακάριος
3623 2162 3817 2241 ἕκραζε

2160 2253 2413 2316 Παῦλος·
2465 2278 2495 2306 α
2556 2258 2647 2308 Δεῖ
2704 2254 2805 2331 γὰρ
2863 2253 2927 2309 τὸ
2978 2254 3210 2328 φθαρτὸν
3270 2257 3430 2309 τοῦτο
3492 2253 3814 2321 ἐνδύσασθαι

2159 2341 2583 2422 ἆφθαρσίαν,καὶ
2611 2343 2675 2398 τὸ
2707 2343 2899 2414 θνητὸν
2932 2346 3093 2398 τοῦτο
3116 2339 3434 2408 ἐνδύσασθαι
3453 2344 3811 2403 ἀθανασίαν.»

2160 2434 2480 2509 Ἀρνήσεται
2510 2434 2611 2509 γὰρ
2641 2431 2871 2496 θανάτου
2901 2432 3070 2504 νόμον
3103 2433 3166 2487 τὸ
3188 2436 3367 2506 σῶμα,
3395 2438 3512 2497 τοῖς
3542 2438 3644 2500 τῆς
3675 2436 3809 2490 ἀθα-

2159 2522 2344 2585 νασίας
2396 2521 2823 2601 στεφανούμενον
2876 2520 3075 2585 ἄνθεσι·
3108 2521 3197 2577 καὶ
3246 2522 3435 2597 χώραν
3480 2521 3588 2599 οὐχ
3636 2521 3813 2601 ὑφέξει

2162 2613 2354 2690 φθορὰ,
2402 2615 2502 2677 τῆς
2559 2609 2861 2690 ἀφθαρσίας
2916 2609 3338 2684 ἐπιλαμπούσης
3399 2614 3532 2687 (63).
3591 2614 3658 2666 Ὢ
3713 2611 3814 2679 τῆς

2167 2697 2415 2773 μεγάλης
2470 2702 2579 2752 τῶν
2638 2697 2973 2774 πραγμάτων
3035 2693 3377 2771 μεταϐολῆςί
3432 2695 3477 2753 ὣ
3518 2702 3619 2765 τῆς
3679 2700 3814 2776 ὑπὲρ

2163 2785 2387 2850 ἐλπίδας
2421 2786 2755 2863 ἐναλλαγῆςῑ
2791 2784 2837 2841 ὢ
2870 2785 3113 2861 μεγάλου
3142 2786 3367 2849 πένθους
3417 2788 3494 2851 εἰς
3554 2788 3820 2862 εὐθυμίαν

2162 2876 2598 2948 καταλήξαντοςῙ
2636 2875 2681 2931 ὣ
2712 2882 2886 2952 χαρᾶς
2919 2874 3306 2951 διαδεξαμένης
3341 2880 3440 2948 τὴν
3491 2879 3774 2958 συμφοράν
3805 2882 3819 2936 ί

2163 2965 2319 3038 Αὔξει
2351 2966 2477 3041 γὰρ.
2513 2963 2655 3036 αὔξει
2681 2969 2783 3031 τῆς
2814 2966 3007 3041 ἑορτῆς
3036 2967 3136 3035 τὴν
3171 2964 3626 3043 δοξολογίαν(64)
3648 2971 3683 3039 ἡ
3714 2972 3822 3033 τῆς

2168 3061 2410 3117 Παλαιᾶς
2441 3054 2531 3110 καὶ
2564 3055 2699 3117 Νέας
2733 3056 3007 3124 Διαθήκης
3041 3055 3369 3127 ὑπόμνησις.
3402 3058 3577 3130 Ἦμεν
3604 3056 3709 3132 γὰρ
3763 3056 3817 3113 ὲν

2165 3141 2476 3220 παραδείσῳ
2519 3143 2584 3197 τὸ
2626 3143 2913 3218 πρότερον,
2944 3142 3297 3219 ἆγεωργήτου
3343 3149 3554 3223 τρυφῆς
3602 3144 3818 3221 κλῆρον

2166 3232 2227 3288 ἐκ
2255 3232 2667 3311 φιλανθρωπίας
2718 3231 3019 3306 δεξάμενοι.
3055 3231 3318 3298 Ἐπῆλθεν
3369 3236 3397 3289 ὁ
3447 3231 3569 3313 ὄφις
3614 3255 3822 3311 τοιχω-

404 3348 628 3402 rerum,
661 3331 762 3404 qui
787 3304 1086 3403 ejusmodi
1119 3304 1476 3402 voluptatem
1509 3329 1776 3399 abstulit,
1811 3335 1868 3384 et
1898 3331 2048 3401 quod

2167 3304 2360 3398 péioc,
2392 3304 2489 3386 τῆς
2543 3304 2896 3384 ἀπολαύσεως
2946 3319 3245 3397 λῃστεύσας
3296 3324 3396 3391 τήν
3446 3304 3820 3402 τρυφὴν,’καὶ

406 3436 594 3493 genus
622 3419 1009 3494 exspoliatum
1063 3421 1271 3485 fuerat,
1324 3433 1488 3475 reum
1547 3418 1684 3492 egit,
1718 3418 1949 3475 inventa
1983 3419 2055 3473 ad

406 3513 653 3566 mortem
685 3510 798 3581 via,
845 3507 1115 3582 praecepti
1163 3507 1353 3563 silicet
1398 3508 1859 3579 trangressione.
1910 3509 2058 3563 Hinc

409 3596 702 3667 infernus,
735 3597 953 3670 apertis
975 3596 1218 3665 foribus,
1253 3595 1558 3652 hominum
1592 3597 2053 3668 excepitgenus:

408 3691 589 3759 atque
618 3686 856 3759 pariens
886 3689 1115 3755 natura,
1140 3685 1492 3741 horrendam
1530 3683 1675 3739 vidit
1716 3683 1897 3754 prolis
1936 3702 2055 3739 suae

406 3778 656 3831 mortem
699 3790 713 3830 :
745 3791 812 3832 ac
837 3778 1046 3847 partus
1074 3773 1260 3843 labor,
1292 3773 1386 3828 via
1433 3773 1673 3829 effectus
1717 3777 1804 3828 est
1854 3775 1923 3827 ad
1959 3790 2050 3829 se-

406 3862 701 3935 pulcrum.
763 3864 1014 3935 Eratque
1067 3880 1226 3918 mors
1273 3878 1343 3917 ex
1387 3861 1822 3935 trangressione
1871 3862 2057 3918 haeres

400 3951 571 4020 facta,
607 3953 872 4026 singulas
903 3956 1105 4008 mtates
1135 3952 1281 4007 citra
1319 3951 1542 4007 obicem
1567 3950 1904 4024 abripiens;
1938 3968 2052 4007 non

403 4041 708 4115 embryoni
756 4057 1026 4114 parcens,
1079 4057 1195 4097 non
1254 4047 1544 4097 recentem
1592 4049 1820 4112 partum
1877 4042 2057 4114 respi-

403 4129 587 4197 ciens,
620 4146 733 4186 non
769 4130 1059 4186 miserans
1090 4129 1403 4202 ephebum,
1444 4146 1559 4185 non
1591 4128 1930 4203 relinquens
1956 4132 2052 4203 ju-

403 4235 603 4288 venes,
636 4234 751 4275 non
778 4218 1024 4275 reverita
1053 4234 1241 4285 senes,
1277 4236 1391 4275 non
1425 4219 1572 4274 dans
1590 4220 1817 4275 veniam
1856 4237 2055 4292 pecca-

399 4307 667 4377 toribus;
700 4307 849 4363 nihil
881 4307 1128 4363 reverita
1175 4308 1477 4377 justorum
1529 4308 1880 4381 catalogum,
1936 4325 2052 4365 non

401 4397 712 4470 prephetis
742 4413 1012 4470 parcens,
1046 4413 1161 4452 non
1195 4398 1647 4470 praetermittens
1667 4399 2056 4455 sacerdotem.

401 4486 519 4543 Sed
571 4487 883 4543 adversum
914 4503 1117 4543 omnes
1140 4486 1543 4559 explicabatur
1577 4489 1785 4543 mortis
1816 4503 2050 4560 sagena,

399 4590 532 4647 quae
560 4574 619 4629 in
652 4575 1068 4646 quodcumque
1096 4574 1389 4631 incidebat
1419 4574 1731 4647 abriperet.

2165 3413 2486 3488 κατάκριτον
2512 3411 2576 3466 τὸ
2609 3410 2897 3487 λῃστευθὲν
2925 3411 3218 3483 κατέστησε
3255 3412 3436 3486 γὲνος,
3470 3410 3596 3468 ὁδὸν
3645 3414 3818 3490 εὑρὼν

2163 3505 2261 3556 τοῦ
2293 3496 2543 3572 θανάτου,
2575 3504 2674 3564 τῆς
2728 3499 2953 3571 ἐντολῆς
3010 3500 3111 3569 τὴν
3173 3495 3498 3577 παράϐασιν.
3540 3503 3817 3558 Ἐντεῦθεν

2166 3585 2324 3661 ᾅδης,
2384 3587 2562 3651 πύλας
2622 3588 2857 3663 ἀνοίξας,
2888 3590 2950 3644 τὸ
3006 3593 3114 3644 τῶν
3170 3590 3469 3667 ἀνθρώπων
3521 3587 3820 3668 ὑπεδέχετο

2164 3678 2340 3756 γένος’
2372 3679 2462 3735 καὶ
2492 3677 2745 3733 τίκτουσα
2783 3678 2939 3757 φύσις
2967 3673 3198 3757 φοϐερὸν
3245 3679 3363 3754 εἶχε
3403 3683 3510 3735 τῶν
3558 3683 3821 3755 τικτομέ-

2164 3790 2268 3822 νων
2299 3768 2391 3823 τὸν
2424 3767 2669 3831 θάνατον·
2704 3768 2793 3823 καὶ
2839 3772 2947 3823 τῶν
2994 3765 3203 3823 ὠδίνων
3251 3769 3303 3822 οἱ
3355 3768 3510 3824 πόνοι
3542 3768 3819 3847 πρόσοδος

2165 3856 2367 3933 ἐγίνετο
2424 3856 2627 3935 τάφων.
2681 3856 2783 3913 Καὶ
2840 3857 2908 3926 ἦν
2962 3855 3311 3931 κληρονόμος
3369 3855 3429 3913 ἐκ
3474 3860 3821 3934 παρανομίας

2165 3946 2416 4016 θάνατος,
2461 3945 2687 4018 ἑκάστην
2737 3949 2844 4001 τῶν
2910 3944 3133 4016 ἧλικιῶν
3195 3944 3494 4010 ἀκωλύτως
3545 3949 3819 4024 ἀγρεύων

2165 4035 2263 4090 οὐκ
2291 4031 2534 4114 ἐμϐρύου
2591 4034 2937 4114 φειδόμενος,
2965 4034 3027 4090 ού
3083 4036 3145 4090 τὸ
3201 4036 3389 4111 τεχθὲν
3444 4042 3725 4112 προορῶν,
3754 4040 3820 4095 οὐ

2160 4125 2252 4181 τὸν
2313 4120 2515 4203 ἔφηϐον
2573 4124 2763 4196 ἐλεῶν,
2797 4123 2860 4180 ού
2913 4121 3340 4194 καταλιμπάνων
3396 4125 3702 4196 νεάζοντας,
3756 4127 3821 4182 ού

2162 4210 2466 4292 πρεσϐύτας
2532 4213 2877 4286 αἰδούμενος,
2937 4213 3042 4290 οὐχ
3118 4214 3472 4290 ἁμαρτωλοῖς
3544 4218 3819 4293 συγγινώ-

2162 4324 2303 4358 σκων
2345 4307 2482 4373 (65),
2534 4302 2596 4357 ού
2651 4299 2873 4357 δικαίων
2933 4299 3239 4377 κατάλογον
3298 4302 3720 4379 αἰσχυνόμενος,
3754 4304 3819 4361 οὗ

2162 4394 2447 4469 προφήτας
2506 4391 2965 4467 παραιτούμενος,
3015 4392 3125 4468 οὐχ
3181 4390 3324 4466 ἱερὲα
3381 4394 3823 4470 παραπεμπόμε-

2162 4500 2271 4543 νος·
2301 4478 2429 4536 ἁλλ’
2455 4477 2689 4550 ήπλωτο
2719 4480 2857 4535 κατὰ
2885 4481 3098 4535 πάντων
3130 4482 3164 4551 ἠ
3196 4485 3294 4538 τοῦ
3323 4482 3549 4539 θανάτου
3582 4487 3820 4562 σαγήνη,

2162 4571 2224 4626 τὸ
2254 4569 2595 4646 προσπίπτον
2629 4566 2944 4645 ἀρπάζουσα

470 4664 525 4717 3.
557 4662 768 4719 Nullus
798 4666 925 4719 erat
952 4663 1102 4719 tanti
1135 4662 1276 4720 mali
1305 4663 1611 4732 medicus;
1648 4661 1875 4719 nullum
1910 4663 2048 4719 alla-

2233 4663 2286 4716 3.
2320 4659 2434 4718 Ούκ
2479 4661 2545 4730 ἧν
2602 4659 2785 4736 ἰατρὸς
2833 4664 2931 4715 τοῦ
2978 4664 3169 4715 κακοῦ·
3204 4659 3303 4717 ούκ
3350 4661 3418 4731 ἦν
3475 4659 3817 4739 ἐπαγόμενον

397 4754 525 4806 tum
557 4750 909 4821 remedium,
952 4756 1131 4823 atque
1158 4755 1247 4808 tot
1294 4751 1700 4825 generationes
1749 4769 1876 4824 quae
1924 4752 2055 4808 vitae

396 4836 760 4895 curriculum
782 4855 1032 4895 emensa:
1062 4843 1221 4909 sunt,
1254 4839 1648 4897 insatiabilem
1675 4842 1881 4897 mortis
1911 4858 2049 4898 ven-

397 4932 550 4984 trem
583 4943 699 4984 non
731 4926 1067 5001 implevere.
1102 4934 1183 4984 Ac
1216 4933 1340 4985 tam
1371 4928 1566 5003 gravis
1598 4928 1735 4985 mali
1768 4930 1930 4985 nulla
1959 4930 2050 4987 lu-

392 5015 671 5090 gentibus
703 5020 828 5073 erat
859 5016 1210 5083 consolatio,
1243 5018 1345 5073 sed
1389 5019 1737 5089 desperatio,“
1784 5019 2047 5088 medelas,

393 5106 510 5163 nisi
540 5105 812 5163 Christus
841 5106 1000 5161 cruci
1033 5106 1266 5174 afﬁxus,
1299 5107 1507 5163 mortis
1540 5108 2050 5181 tyrannidem,illa

395 5194 574 5252 trium
590 5194 817 5251 dierum
838 5195 1205 5269 totidemque
1220 5196 1480 5253 noctium
1497 5196 1798 5270 sepultura
1821 5204 2046 5270 postre-

395 5284 602 5353 visset,
628 5286 914 5343 subversa
943 5283 1310 5341 diuturniore
1339 5283 1441 5341 illa
1471 5286 1684 5344 inferni
1707 5287 1861 5361 regia
1896 5304 2044 5344 :non

466 5455 512 5493 ¹⁰
541 5455 710 5512 Rom.
744 5470 868 5523 νηί,
898 5455 989 5509 21.
1071 5456 1113 5490 ιι
1148 5455 1168 5510 Ι
1199 5454 1329 5511 Cor.
1361 5473 1452 5525 xv,
1483 5457 1575 5512 53.

461 5629 797 5754 (61-(ξ2ὲίιθ.
826 5628 961 5702 Reg.
997 5629 1173 5701 Editi,
1207 5627 1514 5705 ἀνάκτησις,
1531 5632 1715 5706 Colb.,
1738 5631 2037 5705 ἀνάκλισιις,

461 5715 500 5754 '0
532 5698 666 5752 ἀνακ
705 5718 848 5754 nate.

399 5714 500 5768 pro
532 5714 848 5766 ανακλησις.

463 5768 579 5841 (63)
608 5769 792 5841 0011).,
822 5762 1214 5841 ἑπιλαϐούσης.

2165 4750 2470 4827 φάρμακον,
2529 4746 2621 4805 καί
2666 4753 2923 4805 τοσαῦται
2972 4749 3149 4825 γενεαῖ
3192 4751 3292 4819 τήν
3345 4752 3490 4820 ζωὴν
3547 4753 3816 4827 παροδεύ-

2162 4861 2337 4908 σασαι,
2391 4840 2493 4909 τὴτ
2549 4837 2840 4915 ἀκόρεστον
2905 4839 3004 4893 ούκ
3060 4837 3385 4914 ἐπλήρωσαν
3432 4845 3532 4896 τοῦ
3591 4842 3818 4906 θανάτου

2161 4930 2416 5006 γαστέρα,
2449 4926 2546 4984 Καὶ
2577 4928 2643 4998 ἦν
2674 4929 2739 4983 τὸ
2788 4924 2959 4983 δεινὸν
3005 4932 3124 4991 τοῖς
3180 4933 3464 4994 πενθοῦσιν
3524 4929 3815 5007 ἀπαραμύ-

2159 5020 2342 5090 θητον,
2374 5018 2463 5074 καὶ
2520 5017 2656 5094 πρὸς
2713 5014 2849 5072 ἷ¹ασιν
2902 5011 3130 5092 ἄπορον,
3167 5015 3216 5072 εἷ’
3265 5019 3342 5091 μὴ
3392 5018 3622 5096 Χριστὸς
3652 5039 3812 5073 σταυ-

2160 5108 2353 5184 ρωθεὶς
2382 5111 2479 5164 τοῦ
2510 5105 2739 5171 θανάτου
2787 5107 2886 5175 τὴν
2927 5104 3214 5181 τυραννίδα
3259 5110 3576 5184 κατήνεγκε,
3609 5127 3807 5161 νυκτοο

2157 5216 2280 5271 τριη
2293 5197 2443 5272 μέρῳ
2470 5199 2615 5273 ταφῇ
2646 5196 2715 5250 τὰ
2742 5192 3088 5271 πολυχρόνια
3115 5201 3213 5252 τοῦ
3260 5194 3393 5268 ᾃδου
3440 5194 3807 5271 καταστρέψας

2163 5284 2432 5362 βασίλεια·
2468 5283 2530 5340 ού
2586 5288 2677 5340 νῦν
2729 5284 2963 5361 πρώτως
3020 5287 3157 5362 πρὸς
3217 5283 3629 5366 φιλανθρωπίαν
3681 5284 3814 5360 δρα-

2225 5635 2340 5710 (θζι)
2368 5633 2463 5710 Sic
2487 5649 2655 5710 _mss.
2684 5631 2865 5710 Ed‘iti“
2886 5630 3309 5710 ve_rq,_A6£riast
3342 5633 3447 5710 γὰρ
3484 5635 3586 5710 τὴν
3621 5631 3812 5708 δοξολ.

2224 5701 2335 5778 )65)
2368 5709 2455 5762 Ita
2487 5704 2628 5778 Heg.
2660 5708 2718 5761 et
2748 5701 2909 5762 Colb.
2940 5705 3095 5761 Editi
3132 5701 3288 5777 vero,
3322 5701 3734 5783 συγγινώσκων.
