4120 6396
350 451 506 510 4077

1473 457 1738 516 SERMO
1785 458 1859 514 ΙΝ
1907 455 2276 515 ΞΑΝΟΊἭΜ
2326 457 2650 514 PASCIlA.

3608 468 3764 527 1078

354 587 491 655 μὼν,
527 583 638 640 οὐδ’
672 585 830 648 αὐτὸς
878 586 1069 642 ἑαυτοῦ
1111 588 1246 664 πρὸς
1275 590 1337 644 τὸ
1367 591 1535 662 παρὸν
1576 591 1817 664 γεγονὼς
1867 609 1998 660 συμ-

2113 591 2233 662 jam
2258 589 2516 660 primum
2541 593 2610 646 ad
2634 592 3051 664 benignitatem
3073 610 3211 668 erga
3234 595 3503 654 homines
3526 618 3655 657 sese
3673 601 3760 657 in-

351 673 700 750 παθέστερος,
745 677 790 730 εἶ
839 676 929 731 καὶ
977 682 1069 732 νῦν
1116 676 1255 754 ἔργῳ
1302 680 1401 747 τὴν
1452 678 1732 733 ἀνάστασιν
1781 676 1997 750 ἔδειξεν

351 763 498 820 ἀλλά
528 764 617 820 καὶ
650 764 820 820 πάλαι
853 770 1150 842 κρατοῦντα
1177 769 1268 821 τὸν
1300 768 1523 822 Θάνατον
1562 774 1679 829 ταῖς
1725 775 1824 836 τῆς
1876 768 1998 822 ἁνα-

353 853 588 916 στάσεως
621 848 804 932 ἐφόϐει
839 861 1033 917 σκιαῖς·
1085 855 1174 910 καὶ
1222 861 1319 910 τοῦ
1369 855 1500 926 ᾃδου
1556 858 1654 924 τήν
1719 855 1994 932 βασιλείαν

351 942 658 1018 ἐτάραττεν,
694 941 919 1006 ἐλπίδας
951 944 1234 1008 ἀθανασίας
1275 943 1530 1021 ἀμυδρῶς
1572 950 1652 1017 τῷ
1700 946 1839 1022 γένει
1892 944 1996 999 δω-

349 1033 632 1108 ρούμενοςο
698 1032 1019 1108 ἴσοχρόνους
1077 1034 1165 1089 καὶ
1223 1041 1321 1104 τῆς
1375 1039 1472 1089 τοῦ
1522 1030 1652 1104 ᾅδου
1682 1033 1996 1110 τυραννίδος

345 1122 443 1183 τὰς
490 1129 591 1190 τῆς
643 1123 990 1185 καταλύσεως
1038 1124 1338 1202 ἀνυφάίνων
1393 1123 1617 1185 ἐννοίας.
1653 1125 1750 1179 Καὶ
1809 1124 1998 1180 σκόπει

346 1212 448 1280 τήν
517 1211 826 1287 ἀπόρὅητον
886 1217 994 1268 τῶν
1044 1215 1380 1289 πραγμάτων
1436 1213 1770 1284 οἷκονομίαν.
1825 1209 1998 1268 Ἀϐελ

351 1307 568 1373 πρῶτος
601 1302 704 1355 ὑπὸ
760 1307 857 1356 τοῦ
906 1302 1128 1358 θανάτου
1176 1302 1482 1378 κατέχεται.
1514 1305 1574 1359 Ὀ
1623 1301 1872 1364 δεδωκὼς
1920 1308 1999 1374 τῷ

353 1391 566 1463 θανάτῳ
595 1397 694 1459 τῆς
738 1392 1002 1466 ἁμαρτίας
1032 1394 1130 1461 τὴν
1160 1391 1448 1470 πρόφασιν,
1483 1390 1668 1446 δίδωσι
1717 1396 1785 1465 τῇ
1845 1391 1998 1468 φύσει

352 1479 490 1534 κατὰ
515 1483 608 1534 τοῦ
641 1481 870 1535 θανάτου
903 1479 1273 1556 δικαιολογίας
1324 1481 1592 1535 ὑπόθεσιν.
1633 1481 1692 1536 Ei
1732 1481 1836 1556 γάρ
1885 1477 2000 1534 ἀδί-

353 1590 464 1630 κως
510 1569 813 1645 κατέχεται,
863 1568 1084 1632 δικαίως
1138 1571 1449 1625 ἀνίσταται·
1508 1569 1838 1642 άμαρτωλοῢ
1897 1571 1997 1645 γὰρ

352 1658 736 1728 ἀποθανόντος,
771 1658 1123 1735 ἰσχυρότερος
1163 1657 1517 1732 δεκαζόμενος
1551 1661 1578 1714 ὁ
1612 1658 1857 1722 θάνατος.
1894 1666 1998 1714 Σα-

351 1745 454 1822 θρὰ
511 1743 569 1802 δὲ
623 1749 759 1802 κατᾶ
817 1746 1040 1803 δικαίων
1097 1753 1178 1820 τῷ
1208 1744 1306 1822 ᾅδῃ
1336 1752 1370 1817 ἡ
1404 1748 1740 1824 ἐγχείρησις⁸
1775 1748 2000 1816 ἀσθενὴς

350 1837 379 1890 ὁ
411 1839 507 1890 τοῦ
548 1835 778 1900 θανάτου
813 1837 1030 1910 δεσμὸς,
1065 1835 1270 1892 δίκαιον
1320 1835 1463 1913 ἔχων
1511 1836 1710 1900 ἀδίκως
1766 1837 2001 1913 κρατού-

355 1946 540 1998 μενον.
576 1927 641 1982 Εἰ
670 1927 768 2002 γὰρ
803 1929 838 1996 ἡ
872 1927 1106 2002 ἁμαρτία
1152 1935 1250 1996 τῆς
1297 1931 1393 1982 τοῦ
1443 1929 1672 1990 θανάτου
1726 1924 2002 2002 βασιλείας
2034 1961 2080 2025 Β

1955 2019 1964 2035 Ι

355 2014 540 2090 ἰσχὺς,
585 2017 612 2071 ὁ
660 2018 829 2088 μήπω
876 2017 1099 2078 πταίσας
1149 2016 1450 2079 ἀνεύθυνος.
1494 2017 1589 2070 Διὰ
1635 2020 1795 2071 τοῦτο
1841 2014 1998 2072 δυνά-

355 2125 514 2177 μενος
549 2105 577 2158 ὁ
610 2105 738 2161 Θεὸς
781 2104 1068 2179 ἐξαρπάσαι
1119 2103 1213 2160 τοῦ
1259 2105 1425 2184 φόνου
1471 2104 1564 2160 τόν
1610 2100 1806 2175 ’¹Α6ελ,
1838 2110 1999 2160 τοῦτο

355 2194 449 2265 μὲν
500 2193 562 2248 οὗ
610 2194 894 2265 πεποίηκε,
929 2195 1280 2270 συνεχώρησε
1328 2192 1385 2248 δὲ
1431 2195 1529 2262 τήν
1575 2194 1868 2269 ἀναίρεσιν,
1909 2192 2001 2250 τίνα

349 2281 572 2359 ἄρῥιζος
623 2285 738 2355 (66)
781 2285 1000 2359 γένηται
1050 2285 1274 2346 θάνατος
1326 2281 1537 2338 δικαίου
1586 2282 1996 2361 φυτουργούμε-

344 2393 438 2434 νος
470 2369 682 2444 α’ίματι.
715 2374 811 2427 Διὰ
840 2377 1001 2428 τοῦτο
1043 2374 1294 2449 Χριστὸς,
1332 2373 1462 2448 ὑπὲρ
1508 2371 1604 2428 τοῦ
1653 2374 1863 2444 κόσμου
1923 2370 2000 2426 δι‹

341 2460 667 2533 καζόμενος,
692 2459 862 2538 ἔλεγε·
888 2488 914 2512 ‹‹
935 2467 1039 2517 Νῦν
1071 2463 1247 2538 κρίσις
1277 2461 1386 2517 ἐστὶ
1416 2461 1511 2516 τοῦ
1541 2461 1749 2534 κόσμου
1779 2460 1995 2516 1061:00-

340 2554 435 2603 νῦν
469 2550 496 2604 ὁ
524 2547 709 2625 ἅρχων
742 2556 839 2606 τοῦ
871 2551 1080 2624 κόσμου
1110 2551 1304 2606 τούτου
1353 2545 1752 2620 ἐκϐληθήσεται
1807 2549 1931 2621 ἔξω.
1968 2575 1997 2602 ››

344 2641 582 2695 ’Ἂνωθεν
615 2640 706 2693 οὖν
807 2638 904 2694 τοῦ
936 2635 1106 2696 Ἅϐελ
1142 2637 1230 2694 διὰ
1277 2640 1510 2716 Χριστοῦ
1559 2642 1997 2715 προκεκήρυκται

347 2727 471 2796 δίκη
503 2727 591 2782 καὶ
625 2728 774 2798 νίκη.
818 2725 961 2784 Λάϐε
996 2751 1089 2800 μοι
1122 2727 1338 2784 Παῦλον
1372 2734 1794 2804 συνηγοροῦντα·
1831 2755 1859 2780 ‹‹
1896 2731 1997 2786 Καὶ

343 2816 668 2888 ἀποθανὼν,
728 2818 929 2894 φησὶν,
993 2813 1205 2890 ”Αὸελ,
1267 2817 1343 2872 ἔτι
1404 2817 1600 2873 λαλεῖ·
1661 2817 1778 2872 ὅθεν
1838 2817 1995 2873 αὐτὸν

340 2905 428 2960 καὶ
465 2904 514 2960 ἐν
549 2901 841 2981 παραϐολῇ
876 2906 1189 2979 ἐκομίσατο,
1224 2928 1248 2958 n
1286 2901 1608 2978 παραϐολὴν
1653 2907 1751 2974 τήν
1806 2905 1998 2980 ὁμοιό-

340 3015 479 3064 τητα
510 2994 707 3069 λέγων·
743 2995 902 3070 Φέρει
931 2997 1034 3071 γάρ
1071 2995 1305 3068 μίμησιν
1341 3003 1443 3064 τῆς
1490 3000 1587 3050 τοῦ
1637 3000 1867 3066 Χριστοῦ
1917 2993 1997 3049 δί-

343 3105 442 3153 κης
471 3086 505 3152 ἡ
537 3089 636 3138 τοῦ
679 3079 851 3140 Ἅϐελ
906 3083 1197 3158 ἀναίρεσις.
1231 3084 1328 3139 Διὰ
1371 3089 1532 3140 τοῦτο
1583 3085 1670 3138 καὶ
1723 3083 1856 3156 μετὰ
1905 3084 1997 3137 θά-

342 3193 498 3227 νατον
548 3174 851 3250 φθέγγεται,
895 3172 983 3226 καὶ
1033 3178 1328 3248 κατηγορεῖ
1376 3177 1471 3227 τοῦ
1528 3172 1902 3250 φονεύσαντος.
1935 3174 1997 3230 Ἣ

342 3261 444 3335 γάρ
500 3265 596 3315 τοῦ
650 3261 770 3335 βίου
819 3261 1092 3336 παρουσία
1140 3265 1272 3334 (67),
1305 3266 1402 3316 τοῦ
1450 3263 1677 3316 Θανάτου
1716 3263 1814 3330 τὴν
1879 3261 1998 3334 βίαν

349 3347 606 3419 ἐνίκησεν.
642 3349 756 3407 Ούκ
803 3349 1021 3421 ἔστησεν
1070 3349 1233 3405 αὐτοῦ
1288 3351 1499 3426 βοῶσαν
1550 3352 1648 3418 τὴν
1680 3349 1929 3424 γλῶσσαν
1966 3353 1993 3405 ὁ
2029 3330 2070 3397 C

345 3437 532 3516 φόνος,
566 3437 688 3493 οὐδὲ
716 3439 810 3502 τὰς
866 3444 964 3494 τοῦ
1021 3437 1250 3513 α’ίματος
1290 3438 1665 3514 δικαιολογίας
1721 3439 1993 3513 ἐνέκοψεν*

342 3525 471 3582 ἀλλ’
521 3527 752 3582 ἀθάνατα
827 3530 1110 3606 φθέγγεται
1185 3527 1403 3604 γλῶττα
1481 3527 1824 3604 κρατουμένη
1898 3531 1993 3583 Θα-

341 3617 509 3687 νάτῳ.
542 3617 656 3674 Οὐκ
706 3617 764 3672 ἃν
815 3619 881 3687 ἦν
933 3614 1163 3695 εὔπορος
1213 3618 1288 3681 εἷς
1338 3616 1641 3694 ἀπολογίαν
1674 3620 1708 3687 ἡ
1738 3616 1917 3694 φύσις,
1952 3616 1996 3672 εἶ

343 3707 373 3762 ὁ
404 3703 582 3779 Ἀδάμ
629 3709 1068 3782 προανήρπαστο·
1123 3709 1158 3776 ἠ
1207 3707 1312 3784 γὰρ
1359 3714 1460 3776 τῆς
1506 3701 1859 3780 παραϐάσεως
1913 3706 1996 3761 ai-

345 3793 521 3870 σχύνη
581 3796 682 3864 τὴν
740 3795 986 3872 γλῶτταν
1028 3795 1348 3874 ἀνέφράττεν
1385 3798 1515 3870 (68).
1549 3791 1722 3851 ’Ἅϐελ
1780 3799 1994 3872 πρῶτος

344 3884 526 3939 πεσὼν
558 3881 745 3961 ἤγειρε
771 3884 868 3947 τὰς
902 3882 1129 3948 ἐλπίδας
1158 3892 1258 3954 τῆς
1289 3886 1519 3963 φύσεως.

425 4084 475 4136 4.
509 4082 771 4158 ’Έφθασεν
825 4079 911 4136 ἐπὶ
962 4081 1177 4142 τούτοις
1223 4081 1428 4155 Ἑνὼχ,
1476 4079 1566 4135 καὶ
1612 4101 1785 4134 τοπου
1838 4099 1997 4151 μετα-

350 4171 532 4225 στάσει
579 4172 672 4224 τὸν
723 4167 856 4240 ᾇδην
893 4171 1179 4248 ἀπέφυγεν,
1214 4168 1564 4242 εὐδοκιμήσει
1619 4169 1740 4244 βίου
1798 4165 1998 4242 δραπε-

344 4257 516 4312 τεύων
541 4259 632 4312 τὸν
665 4260 911 4315 θάνατον.
940 4261 1092 4314 Μετὰ
1136 4263 1326 4314 τοῦτον
1359 4257 1547 4320 Ἠλίας
1592 4261 1618 4312 ὁ
1657 4256 1843 4333 μέγας,
1876 4253 2000 4310 οὐδὲ

349 4345 508 4408 αὐτὸς
567 4344 706 4417 εἷ’ξας
751 4352 830 4419 τῷ
881 4345 1115 4420 θανάτῳ,
1174 4348 1235 4402 τὸ
1283 4351 1382 4412 τῆς
1441 4343 1734 4422 ξενοδόχου
1785 4342 2000 4399 παιδίον

347 4433 679 4505 τελευτῆσαν
735 4434 1052 4511 ἐξήρπασεν,
1084 4435 1252 4512 εὐχῆς
1303 4433 1582 4507 δυναστείᾳ
1616 4439 1712 4490 τοῦ
1773 4434 2000 4489 θανάτου

348 4525 448 4593 τὴν
507 4523 625 4598 βίαν
680 4527 903 4595 νικήσας
935 4527 1068 4598 (69),
1099 4526 1191 4580 καὶ
1237 4527 1334 4593 τὴν
1387 4525 1437 4598 ἐξ
1488 4522 1617 4596 ’ᾅδου
1666 4523 1802 4598 πρὸς
1855 4523 1998 4592 ζωὴν

355 4613 699 4688 ὑποστροφήν
771 4615 1186 4688 καινουργῆσας.
1248 4613 1551 4676 Ἐλισσαῖος
1629 4612 1715 4668 ἐπὶ
1789 4612 2001 4673 τούτοις

2111 679 2360 742 clinans,
2387 695 2574 751 neque
2597 680 2720 752 ipse
2746 682 2938 754 seipso
2961 687 3305 755 propensior
3329 689 3398 741 ad
3421 689 3758 745 misericor-

2110 769 2268 823 diam
2306 769 2510 835 factus,
2551 770 2783 824 etiamsi
2816 789 2972 827 nunc
3020 790 3220 829 revera
3267 780 3753 837 resurrectionem

2108 857 2407 922 exhibuit;
2438 859 2673 928 sedjarn
2706 860 2845 915 olim
2879 867 3123 917 mortem
3147 862 3461 936 imperium
3493 868 3756 925 obtinen-

2109 950 2248 1014 tem,
2284 948 2728 1004 resurrectionis
2779 950 3006 1005 umbris
3036 955 3338 1019 exterruit,
3387 971 3754 1030 regnumque

2108 1036 2317 1091 inferni
2351 1037 2996 1105 conturbavit,obscura
3025 1042 3277 1111 quadam
3309 1043 3531 1099 ratione
3560 1047 3758 1118 generi

2110 1126 2369 1180 humano
2393 1143 2554 1195 spem
2577 1125 2841 1182 tribuens
2865 1127 3350 1200 incorruptionis;
3374 1131 3760 1207 indicansque

2111 1214 2333 1284 aequale
2369 1215 2485 1269 fore
2516 1219 2749 1286 tempus
2777 1215 2949 1270 soluti
2974 1216 3467 1292 inferni,tempori
3499 1226 3758 1294 tyranni-

2110 1301 2202 1358 dis
2233 1305 2380 1374 ejus.
2414 1309 2494 1358 Ac
2529 1304 3221 1377 mihi,quaaso,perpende
3254 1325 3526 1365 arcanam
3563 1328 3757 1366 rerum

2111 1392 2662 1446 oeconomiamAbel
2696 1394 2922 1465 primus
2953 1411 2986 1448 a
3018 1401 3203 1452 morte
3234 1397 3530 1454 detinetur
3563 1401 3626 1454 ⁸⁵.
3653 1400 3761 1466 Qui

2110 1481 2284 1536 morti
2327 1481 2486 1536 dedit
2519 1483 2735 1553 peccati
2770 1483 3158 1550 occasionem,
3193 1484 3242 1540 is
3277 1491 3497 1542 natura:
3530 1489 3627 1544 dat
3657 1491 3760 1544 ad-

2109 1587 2315 1626 versus
2346 1575 2594 1626 mortem
2630 1572 2894 1628 vindictae
2946 1574 3275 1645 expetendis
3320 1582 3758 1646 argumentum.

2110 1665 2280 1728 Nam,
2316 1660 2362 1714 si
2418 1659 2637 1730 injuria
2669 1661 2981 1729 detinetur,
3013 1664 3142 1733 jure
3192 1666 3445 1736 resurgit
3481 1684 3492 1720 :
3527 1671 3757 1722 mortuo

2111 1765 2368 1820 namque
2399 1752 2718 1820 peccatore,
2747 1750 2801 1804 in
2828 1752 2922 1822 jus
2947 1756 3149 1808 vocata
3175 1769 3333 1810 mors
3358 1754 3560 1811 fortior
3578 1761 3758 1812 esset.

2111 1839 2477 1895 Perniciosus
2508 1843 2704 1894 autem
2739 1839 2965 1896 inferno
2999 1841 3106 1896 fuit
3137 1841 3233 1898 ille
3263 1843 3543 1900 adversus
3563 1845 3761 1915 justos

2111 1931 2356 1982 conatus
2391 1943 2404 1981 :
2440 1927 2742 1983 infirmum
2773 1929 2980 1984 mortis
3010 1929 3329 1997 vinculum,
3355 1933 3759 2003 quodjustum

2115 2015 2332 2086 injuria
2362 2016 2706 2070 obstrictum
2740 2016 3044 2072 detineret.
3078 2017 3138 2072 Si
3169 2036 3424 2091 namque
3457 2026 3760 2092 peccatum

2111 2108 2201 2158 est
2251 2104 2414 2176 regni
2468 2105 2674 2159 mortis
2707 2105 2905 2170 robur,
2939 2107 3036 2177 qui
3067 2108 3315 2164 necdum
3350 2109 3612 2177 oifendit,
3647 2128 3762 2168 non

2111 2191 2196 2248 illi
2227 2193 2514 2249 obnoxius
2546 2194 3060 2259 est.Quamobrcm
3085 2213 3221 2252 cum
3247 2213 3424 2269 penes
3457 2204 3636 2256 Deum
3669 2217 3762 2257 es-

2111 2286 2200 2337 set
2229 2283 2461 2338 Abelem
2497 2283 2623 2336 neci
2673 2284 3012 2355 subripere;
3044 2285 3102 2339 id
3158 2287 3401 2342 minime
3451 2287 3604 2359 fecit,
3657 2292 3759 2346 sed

2110 2371 2376 2443 permisit
2405 2372 2656 2437 caedem;
2693 2373 2926 2442 utjusti
2977 2374 3263 2447 sanguine
3297 2375 3560 2447 plantata
3601 2396 3761 2434 mors

2108 2460 2328 2516 nullam
2355 2459 2596 2516 haberet
2615 2461 3084 2524 radicem.0uare
3107 2463 3375 2520 Christus
3399 2468 3602 2521 mundi
3628 2485 3730 2522 cau
3747 2502 3762 2511 -

2110 2566 2233 2604 sam
2264 2565 2463 2621 agens,
2511 2549 2744 2604 dicebat
2776 2569 2787 2604 :
2847 2572 2875 2600 ‹‹
2907 2551 3072 2606 Νιιιιο
3096 2553 3388 2623 judicium
3435 2562 3524 2610 est
3556 2559 3763 2611 mundi

2109 2638 2310 2708 hujus,
2345 2655 2502 2693 nunc
2560 2638 2831 2711 princeps
2882 2640 3059 2709 hujus
3114 2643 3316 2697 mundi
3369 2644 3632 2714 ejicietur
3681 2648 3764 2701 Γο-

2111 2744 2206 2782 ras
2251 2728 2313 2781 ‘3.
2362 2749 2389 2776 »
2423 2731 2624 2798 Itaque
2661 2728 2785 2797 jam
2818 2727 2955 2784 olim
2989 2747 3092 2801 per
3123 2730 3419 2787 Christum
3456 2735 3766 2805 praedicata

2108 2821 2197 2872 est
2218 2816 2413 2872 Abelis
2444 2834 2623 2872 causa
2654 2821 2827 2886 atque
2855 2819 3370 2876 victoria.Paulum
3399 2823 3594 2894 accipe
3616 2824 3762 2878 mihi

2108 2906 2246 2961 huic
2295 2906 2592 2961 sententias
2643 2907 3113 2977 patrocinantem
3169 2927 3182 2964 :
3235 2933 3260 2960 ‹‹
3299 2912 3363 2964 Et
3411 2917 3703 2976 mortuus,
3738 2935 3766 2960 υ

2110 2995 2318 3065 inquit,
2354 3018 2374 3044 α
2413 2995 2574 3065 Abel,
2621 2995 2813 3050 adhuc
2864 2995 3171 3061 loquitur:
3209 3000 3364 3054 unde
3413 3017 3545 3054 eum
3601 3006 3656 3055 et
3708 3003 3762 3056 in

2109 3083 2447 3155 parabolam
2482 3084 2693 3154 accipit
2726 3086 2827 3149 “,n
2855 3085 3191 3156 parabolam
3223 3087 3528 3158 appellans
3555 3089 3766 3144 simili-

2109 3173 2396 3227 tudinem.
2435 3172 2621 3227 Abelis
2644 3173 2860 3244 quippe
2882 3175 3291 3246 caedesjudicii
3316 3176 3530 3232 Christi
3557 3183 3764 3250 typum

2109 3261 2474 3332 gerit.Quarc
2500 3261 2675 3316 etiam
2713 3266 2843 3331 post
2872 3267 3121 3318 mortem
3154 3262 3440 3335 loquitur,
3472 3283 3537 3321 ac
3576 3266 3767 3338 parri-

2109 3350 2298 3404 cidam
2333 3357 2584 3405 accusat.
2617 3351 2760 3404 Nam
2795 3351 2924 3407 vitae
2955 3352 3240 3407 adventus
3275 3353 3484 3410 mortis
3519 3355 3636 3409 vim
3671 3372 3766 3411 su—

2105 3438 2345 3510 peravit.
2381 3438 2757 3510 Nequaquam
2791 3440 2974 3496 caedes
3023 3441 3151 3510 ejus
3193 3439 3454 3513 linguam
3498 3442 3763 3499 claman-

2104 3531 2219 3582 tem
2247 3527 2727 3599 cobibuit,neque
2749 3528 3599 3601 sanguinisexpostulationem
3627 3549 3775 3603 pras-

2106 3615 2272 3684 cidit;
2299 3617 2396 3671 sed
2425 3621 2608 3671 morte
2632 3617 2866 3671 detenta
2889 3617 3088 3688 lingua
3107 3623 3386 3674 aeternum
3419 3620 3767 3677 clamat.Ne-

2107 3723 2406 3778 quaquam
2443 3709 2662 3760 natura:
2696 3705 2754 3760 in
2787 3711 3061 3778 promptu
3093 3707 3303 3762 fuisset
3334 3726 3440 3763 sua
3470 3710 3751 3777 defensio,

2109 3795 2154 3850 si
2185 3794 2342 3867 prior
2373 3796 2558 3849 Adam
2593 3799 2795 3866 raptus
2829 3795 3055 3852 fuisset.
3090 3796 3234 3852 Nam
3270 3798 3754 3871 transgressionis

2110 3884 2297 3956 pudor
2330 3900 2394 3938 os
2426 3882 2510 3937 illi
2544 3883 2862 3952 obturarel,
2900 3884 3034 3940 Abel
3087 3886 3246 3957 prior
3277 3887 3562 3943 decedens
3593 3905 3756 3960 spem

2107 3973 2381 4028 excitavit
2409 3977 2650 4027 naturae.

2180 4080 2230 4132 4.
2263 4079 2345 4133 Ad
2380 4078 2501 4133 haec
2550 4080 2805 4134 occurrit
2836 4080 3050 4146 Enoch,
3085 4080 3185 4152 qui
3216 4081 3323 4136 loci
3376 4083 3761 4140 translatione

2106 4166 2401 4222 infernum
2451 4167 2674 4238 effugit,
2711 4185 2775 4223 ac
2810 4168 3001 4239 probae
3031 4168 3161 4224 vitae
3211 4188 3330 4226 suae
3363 4171 3551 4242 gratia
3577 4171 3762 4228 evasit

2109 4259 2355 4311 mortem
2391 4255 2461 4310 ¹⁵.
2501 4259 2639 4310 Post
2686 4257 2844 4312 hunc
2893 4273 3144 4328 magnus
3177 4256 3271 4313 ille
3320 4259 3535 4326 Helias,
3572 4277 3760 4332 neque

2107 4344 2234 4416 ipse
2283 4345 2454 4399 morti
2505 4345 2660 4400 394
2711 4346 2944 4413 cedens,
2997 4345 3238 4417 hospitae
3289 4346 3552 4403 mulieris
3603 4365 3758 4403 mor-

2108 4438 2274 4489 tuum
2311 4433 2492 4487 {ilium
2529 4434 2699 4488 morti
2732 4433 3012 4505 abripuit,
3046 4434 3271 4490 devicto
3295 4450 3397 4505 per
3413 4434 3525 4489 vim
3551 4437 3761 4491 oratio-

2111 4523 2202 4576 nis
2234 4521 2439 4576 mortis
2490 4521 2760 4592 imperio,
2791 4537 2857 4576 ac
2907 4537 3055 4575 nova
3083 4537 3151 4576 ex
3204 4522 3429 4576 inferno
3461 4523 3533 4576 ad
3582 4521 3760 4580 vitam

2113 4610 2524 4682 remigratione
2554 4611 2871 4666 constituta
2903 4612 2965 4664 ιθ.
2999 4610 3135 4665 Post
3169 4609 3287 4665 haec
3321 4609 3558 4667 Elisaeus
3591 4627 3761 4666 exor—

354 4703 615 4774 ἆνέτειλε,
649 4701 850 4768 διπλῆν
912 4703 962 4778 ἐξ
1013 4703 1197 4774 ἁπλῆς
1245 4707 1345 4774 τήν
1393 4707 1556 4780 χάριν
1606 4701 1914 4776 δεξάμενος,
1943 4703 1998 4765 ’ὸς

2116 4705 2211 4756 tus
2243 4706 2351 4766 est,
2379 4700 2473 4767 qui
2506 4699 2798 4766 duplicem
2833 4717 2936 4770 pro
2969 4699 3221 4772 simplici
3258 4704 3466 4756 nactus
3491 4701 3768 4773 gratiam,

348 4792 410 4848 τὸ
443 4797 544 4858 τῆς
573 4791 952 4867 Σωμάνίτιδος
985 4791 1201 4848 παιδίον
1237 4793 1287 4866 ἐξ
1323 4788 1450 4862 ᾅδου
1483 4794 1616 4867 πρὸς
1655 4792 1770 4866 βίον
1820 4789 1888 4846 δι’
1919 4789 2006 4845 εὐ-

355 4885 467 4958 χῇς
499 4882 894 4955 μετεπέμπετο.
929 4882 1080 4939 Ἐπεὶ
1114 4879 1172 4937 δὲ
1202 4882 1289 4936 καὶ
1323 4882 1481 4943 αὐτὸς
1525 4886 1640 4942 τοῖς
1694 4883 1792 4935 τοῦ
1851 4878 2006 4933 Θανά-

350 4990 448 5026 του
492 4966 832 5048 περιεϐλήθη
886 4969 1148 5041 δικτύοις,
1194 4971 1282 5026 καὶ
1329 4971 1516 5044 νεκρὸς
1565 4967 1660 5034 ὣν,
1711 4968 1864 5042 ὅμως
1913 4968 2003 5022 τὸν

356 5054 491 5130 ᾅδην
525 5058 778 5133 ἐσύλησε,
809 5064 878 5136 τῇ
907 5065 1005 5116 τοῦ
1037 5061 1290 5135 σώματος
1321 5061 1430 5139 ἀφῇ
1460 5059 1552 5116 τὸν
1605 5059 1792 5131 νεκρὸν
1845 5076 2008 5133 φυγα-

356 5145 568 5217 δεύσας,
601 5151 690 5204 καὶ
723 5146 812 5204 διὰ
841 5150 1034 5226 νεκροῦ
1075 5150 1262 5224 νεκρὸς
1315 5150 1451 5226 πρὸς
1515 5147 1631 5224 βίον
1689 5145 2002 5202 ἐκλέπτετο.

429 5334 474 5367 ¹²
505 5331 647 5387 Gen.
681 5349 758 5397 1v,
788 5333 844 5386 8.
924 5333 965 5367 ¹³
994 5332 1164 5387 Joan.
1194 5349 1296 5400 xu,
1328 5332 1419 5386 31.

352 5401 417 5456 41
448 5421 460 5472 ;
496 5420 567 5470 ιν,
601 5404 690 5458 34.
773 5405 815 5441 1³
846 5407 924 5458 IV
953 5404 1094 5476 Reg.
1128 5421 1251 5470 xm,
1283 5404 1373 5457 21.

1497 5333 1540 5365 ”
1572 5330 1742 5386 Hebr.
1777 5345 1853 5395 x1,
1890 5327 1942 5380 xi.

434 5571 546 5641 (66)
577 5573 764 5643 Colb-,
797 5571 1003 5644 ἄριζος.
1039 5571 1170 5628 Mox
1215 5571 1278 5628 in
1328 5571 1506 5645 Regio
1558 5574 1612 5627 et
1661 5541 1819 5627 Colb.
1855 5568 2012 5623 deest

365 5640 614 5703 Θάνατος.
745 5640 756 5643 —
833 5640 840 5644 ’

437 5715 548 5789 (67)
584 5715 720 5789 Beg.
759 5717 818 5789 e_t
845 5712 1027 5789 Colb.,
1058 5711 1356 5789 παρῥηρια.

443 5782 558 5857 (68)
590 5782 755 5857 Reg,
789 5782 1338 5860 ἐνέφραττεν.ὈοΠ).,
1372 5784 1746 5861 ἀπέφραττεν,

2022 5323 2065 5359 ³⁵
2097 5321 2237 5378 Gen.
2273 5340 2326 5389 v,
2358 5323 2452 5380 24.

2118 4789 2504 4845 Sunamilidis
2541 4789 2724 4844 ﬁlium
2756 4789 3067 4844 exinferno
3087 4789 3157 4844 ad
3185 4788 3366 4844 vitam
3399 4789 3452 4844 vi
3486 4789 3768 4846 orationis

2118 4879 2349 4934 reduxit
2382 4879 2442 4932 ¹⁷.
2477 4879 2620 4934 Cum
2652 4881 2844 4933 autem
2875 4881 2928 4933 et
2962 4878 3088 4948 ipse
3120 4877 3327 4934 mortis
3358 4877 3582 4935 retibus
3611 4895 3770 4935 com-

2117 4967 2366 5038 plicatus
2414 4972 2524 5035 est,
2557 4972 2827 5022 mortuus
2870 4967 3024 5034 licet,
3057 4967 3353 5022 infernum
3387 4970 3583 5024 tamen
3626 4968 3767 5023 diri-

2118 5055 2266 5127 puit,
2283 5056 2482 5127 fugato
2516 5072 2618 5127 per
2640 5055 2829 5111 solum
2855 5055 3117 5128 corporis
3149 5059 3483 5112 contactum
3517 5060 3768 5126 mortuo,

2118 5160 2184 5199 ac
2240 5148 2366 5198 tum
2421 5160 2524 5216 per
2548 5145 2889 5200 defunctum
2921 5145 3236 5200 defunctus
3277 5144 3620 5216 rapiebatur
3652 5145 3714 5200 ³⁸.
3739 5167 3766 5195 ››

2543 5325 2584 5359 ¹⁶
2621 5325 2695 5379 Ill
2728 5325 2866 5397 Reg.
2901 5343 3036 5396 xvn,
3068 5325 3156 5378 22.
3237 5325 3279 5358 ’9
3317 5323 3388 5378 IV
3417 5323 3554 5396 Reg.
3589 5339 3649 5394 ιι,
3685 5324 3770 5389 10,

2196 5565 2308 5639 (69)
2343 5566 2425 5621 Ita
2457 5567 2696 5639 Regret
2743 5564 3090 5639 Colb._Editi
3138 5581 3294 5633 vero,
3329 5559 3636 5639 δυναστείας
3678 5564 3774 5639 τοῦ

2122 5631 2350 5689 θανάτου
2405 5639 2504 5704 τὴν
2539 5631 2682 5712 νβέαν
2741 5633 3104 5717 νικησάσῃς...
3132 5631 3647 5717 καινουργησάσης.
3682 5635 3769 5689 In-

2124 5709 2214 5832 fr{a
2240 5710 2456 5834 glegius
2490 5715 2546 5766 et
2567 5705 2758 5778 'Colb.,
2791 5705 3096 5764 ἀνέτελλεν.
3132 5708 3282 5778 Mox,
3315 5707 3516 5772 iidem,
3552 5711 3772 5776 Σουμα-

2127 5800 2151 5830 ν
2184 5799 2232 5832 τι
2274 5799 2354 5840 ος.
