4120 6410
289 455 445 518 1079

1453 445 1516 506 S.
1565 439 2087 505 ATHANASIUS.
2115 474 2191 484 -—-
2223 442 2532 503 SPURIA.

3556 449 3714 510 1080

290 590 542 661 Eratque
585 589 854 642 mortuus
903 581 1186 656 propheta
1236 581 1408 636 morti
1461 577 1692 634 noxius.
1740 575 1945 632 Elisaeo

2072 572 2163 628 Καὶ
2193 576 2258 642 ἦν
2281 574 2321 661 ,ὁ
2351 575 2640 651 προφήτης
2671 579 2752 648 τῷ
2783 576 2995 649 Θανάτῳ
3025 576 3212 652 νεκρὸς
3260 576 3575 652 ἐπιζήμιος.
3607 585 3712 636 Τοῦ

293 679 509 750 quippe
542 679 796 743 mortuo,
830 677 1198 728 mortuorum
1233 686 1518 725 numerus
1551 665 1946 723 accessionem

293 785 409 825 non
439 765 666 822 habuit.
703 764 818 820 Nec
865 763 1093 818 inferno
1141 759 1447 832 quidpiam
1498 757 1645 812 lucri
1688 753 1945 822 obvenit,

294 857 447 929 quod
476 857 708 927 justum
744 853 917 924 quasi
949 851 1207 923 praedam
1240 844 1794 919 abripuisset.Hisce
1827 859 1949 898 cor-

293 946 567 1017 ruptione
588 943 882 998 labentem
908 935 1656 1008 naturam,resurrectionis
1678 932 1797 1005 typi
1823 949 1950 987 mu-

295 1035 538 1090 niebant
569 1050 581 1086 :
615 1048 722 1087 nec
749 1030 1024 1087 valebant
1053 1033 1248 1083 tamen
1290 1026 1364 1080 iis
1394 1025 1494 1096 qui
1517 1024 1643 1095 jam
1677 1021 1830 1094 capti
1861 1025 1945 1076 te-

296 1127 578 1180 nerentur
599 1137 768 1193 opem
801 1120 984 1175 ferre:
1019 1137 1040 1165 ·
1065 1117 1171 1172 Sed
1203 1114 1464 1187 regnavit
1491 1130 1649 1168 mors
1667 1112 1739 1167 ab
1767 1111 1948 1165 Adam

297 1228 487 1284 usque
505 1212 576 1266 ad
602 1211 836 1281 Moysen
864 1209 959 1278 ‘9,»
984 1206 1131 1277 legis
1160 1209 1392 1275 tempus
1424 1203 1648 1258 habens
1669 1201 1730 1254 in
1756 1199 1950 1255 termi-

301 1319 408 1359 nos
441 1299 693 1372 imperii.
730 1301 802 1353 At
832 1302 1142 1369 postquam
1176 1294 1442 1350 Christus
1481 1309 1549 1348 ex
1581 1289 1738 1347 caelis
1770 1306 1948 1361 appa-

237 1430 247 1438 .
302 1392 447 1458 ruit,
478 1394 604 1444 tum
637 1403 771 1458 spes
800 1384 1030 1458 generis
1060 1383 1303 1438 humani
1336 1383 1396 1438 in
1429 1398 1578 1454 opus
1617 1377 1945 1447 processit:

301 1485 429 1536 tum
463 1476 762 1533 Dominica
802 1491 939 1530 voce
984 1473 1200 1529 inferni
1245 1472 1502 1527 claustra
1549 1472 1749 1541 aperta
1791 1471 1949 1538 sunt,

303 1585 372 1626 ac
403 1571 665 1624 mortuos
691 1564 995 1635 colligatos
1026 1562 1346 1618 reddebant
1375 1559 1680 1632 sepulcra:
1713 1562 1837 1614 tum
1862 1573 1954 1612 vo-

305 1658 457 1714 catio
487 1657 660 1720 facta,
689 1657 819 1709 tum
871 1650 1206 1723 sepulcrum
1262 1653 1529 1722 apertum
1579 1651 1690 1715 est,
1723 1663 1790 1703 ac
1837 1647 1952 1702 Deo

306 1747 620 1818 conjuncta
639 1743 903 1799 humana
915 1739 1340 1803 natura,infern
1351 1755 1448 1793 um
1472 1735 1955 1810 perterruit.Hinc

304 1836 572 1890 infernus
594 1833 875 1888 adversus
888 1833 1254 1886 mortuorum
1269 1832 1563 1900 raptorem
1579 1825 1952 1881 inclamabat:

306 1924 453 1992 Quid
503 1927 566 1978 tu
599 1921 825 1978 editum
873 1920 933 1975 in
981 1918 1256 1991 paradiso
1302 1917 1655 1988 rescriptum
1695 1914 1960 1971 evertis?

307 2029 486 2086 quare
543 2009 1000 2083 chirographum
1049 2008 1331 2064 adversus
1378 2010 1651 2062 naturam
1701 2004 1956 2061 conscri-

305 2108 472 2176 ptum
510 2100 802 2158 exscindis
822 2099 850 2154 ?
873 2097 1193 2170 Rescriptis
1206 2097 1342 2167 jure
1363 2095 1534 2152 editis
1557 2095 1838 2151 adversus
1858 2093 1957 2148 ho-

305 2193 496 2248 mines
523 2191 851 2246 instructus
881 2187 1236 2244 sum.Habeo
1260 2185 1406 2240 illud
1434 2202 1445 2238 :
1472 2207 1500 2235 «
1525 2185 1703 2239 Terra
1725 2199 1788 2238 es
1819 2187 1876 2238 et
1896 2182 1957 2237 in

304 2286 525 2338 terram
575 2277 880 2335 reverteris
910 2279 954 2311 ’⁸
979 2295 993 2344 ;
1025 2298 1053 2326 ››
1084 2275 1314 2346 generis
1347 2274 1512 2330 scilet
1541 2272 1785 2329 humani
1816 2289 1956 2344 sup-

304 2368 840 2445 plicium.Lugebat
860 2383 1031 2438 porro
1052 2364 1358 2437 sigillatim
1374 2365 1647 2435 abreptos
1669 2366 1956 2417 mortuos.

304 2459 619 2533 Ignorahat
647 2458 814 2526 forte,
848 2455 1147 2512 Christum
1178 2470 1313 2510 cum
1353 2452 1749 2523 descenderet,
1799 2467 1960 2507 mor-

303 2555 439 2606 tuos
471 2548 775 2604 universos
803 2545 1074 2601 libertate
1106 2544 1489 2599 donaturum.
1522 2543 1604 2598 Ne
1636 2541 1771 2614 quis
1801 2543 1958 2596 enim

307 2639 464 2696 ultra
492 2638 549 2692 in
583 2636 812 2692 inferno
854 2635 1086 2690 vinctus
1119 2636 1470 2700 remaneret,
1499 2631 1802 2687 descendit
1834 2632 1960 2702 ipse

308 2726 578 2784 Christus
607 2725 667 2780 in
687 2724 984 2780 infernum
1009 2739 1024 2779 :
1049 2722 1146 2793 qui
1169 2738 1344 2778 carne
1366 2737 1474 2777 sua
1494 2735 1672 2791 quam
1695 2719 1963 2792 gestabat

307 2815 488 2872 veluti
521 2829 656 2870 esca
704 2829 850 2868 usus
882 2815 1086 2868 contra
1130 2810 1450 2881 infernum,
1482 2808 1717 2865 deitatis
1764 2813 1958 2863 autem

305 2905 522 2961 virtute
552 2902 774 2975 regiam
801 2902 931 2972 ejus
960 2898 1492 2969 subvertens,brevi
1523 2898 1804 2969 temporis
1836 2913 1963 2969 spa-

311 2994 391 3050 tio
421 2992 666 3065 antiqua
694 2989 843 3063 legis
873 2988 1110 3045 discidit
1157 2987 1564 3060 chirographa,
1599 2991 1665 3042 ut
1693 2987 1962 3043 homines

314 3083 387 3141 ad
419 3081 593 3139 caelos
639 3080 992 3146 adduceret;
1025 3078 1094 3132 ad
1143 3076 1339 3148 coelos,
1387 3077 1654 3148 inquam,
1708 3076 1898 3131 locum
1931 3093 1965 3130 a

311 3178 498 3230 morte
538 3171 814 3239 liberum,
845 3167 1304 3241 incorruptionis
1351 3167 1761 3231 diversorium,
1783 3166 1962 3238 justi-

306 3261 401 3318 tiaa
431 3259 752 3317 ofﬁcinam.

375 3370 430 3425 5.
467 3369 529 3424 In
560 3366 724 3423 hisce
755 3363 926 3421 bonis
955 3367 1041 3431 tu,
1071 3378 1274 3419 recens
1304 3361 1658 3432 illuminate,
1689 3362 1954 3434 baptiza-

307 3465 405 3515 tus
436 3474 498 3513 es
532 3473 544 3511 :
578 3458 794 3528 pignus
817 3453 922 3509 tibi
973 3451 1422 3509 resurrectionis
1451 3452 1654 3520 evasit,
1689 3469 1720 3507 ο
1753 3468 1955 3508 recens

300 3547 653 3616 illuminate,
688 3542 888 3616 gratim
919 3541 1170 3598 initiatio
1205 3559 1217 3597 :
1262 3542 1476 3614 pignus
1507 3541 1613 3596 tibi
1645 3544 1736 3596 est
1763 3540 1954 3613 bapti-

301 3653 432 3693 sma
459 3635 666 3690 futurae
696 3631 756 3686 in
789 3631 934 3687 cmlo
952 3630 1380 3686 vitastitatus
1399 3633 1488 3685 est
1519 3645 1620 3702 per
1638 3629 1956 3686 demersio-

305 3741 440 3782 nem
475 3722 704 3779 Domini
737 3719 1094 3794 sepulcrum.
1133 3719 1244 3775 Sed
1277 3719 1412 3775 inde
1444 3735 1680 3774 rursum
1715 3719 1955 3775 emersi-

307 3816 405 3878 sti.
437 3813 576 3869 visis
626 3810 1071 3867 resurrectionis
1107 3809 1401 3882 operibus,
1437 3811 1572 3863 ante
1621 3824 1797 3879 opera
1823 3807 1954 3864 alia.

309 3907 568 3970 Quorum
602 3900 793 3957 vidisti
822 3899 1109 3973 symbola,
1132 3914 1336 3954 eorum
1368 3915 1488 3954 rem
1521 3898 1712 3970 ipsam
1743 3898 1958 3970 accipe.

309 3993 457 4049 Dicti
490 3994 697 4047 testem
731 4004 900 4046 sume
929 3988 1035 4044 tibi
1063 3987 1311 4044 Paulum
1357 3987 1457 4059 qui
1487 3987 1568 4043 ait
1601 4005 1613 4042 :
1649 4011 1676 4038 ‹‹
1711 3987 1770 4044 Si
1803 3988 1960 4044 enim

315 4079 696 4154 complantati
728 4078 862 4135 facti
911 4093 1123 4133 sumus
1153 4074 1526 4132 similitudini
1576 4075 1784 4133 mortis
1811 4077 1960 4148 ejus,

318 4172 494 4229 etiam
529 4175 585 4227 et
616 4165 1062 4226 resurrectionis
1104 4165 1326 4222 erimus
1357 4166 1422 4222 ’1.
1457 4188 1484 4216 »
1516 4165 1763 4223 Pulchre
1792 4166 1961 4237 illud,

315 4259 697 4333 complantati
731 4276 742 4313 :
771 4255 1068 4330 baptisma
1099 4255 1314 4329 quippe
1348 4255 1628 4328 plantatio
1658 4261 1746 4312 est
1767 4258 1837 4312 ad
1861 4257 1965 4326 im-

316 4351 754 4418 mortalitatem,
788 4349 846 4404 in
901 4347 1125 4420 piscina
1175 4346 1456 4418 plantata,
1488 4347 1548 4402 in
1599 4347 1741 4404 cmlo
1773 4350 1963 4404 ferens

313 4443 591 4498 fructum.
627 4439 752 4495 Illic
802 4437 1058 4509 Spiritus
1089 4436 1279 4510 gratia
1325 4453 1538 4494 arcana
1564 4437 1785 4494 ratione
1827 4455 1962 4510 ope-

314 4536 586 4587 ratur:ac
618 4545 690 4586 ne
722 4531 944 4583 naturas
978 4526 1173 4582 indole
1204 4527 1550 4583 miraculum
1585 4527 1962 4598 ignoraveris.

314 4621 403 4676 Ad
445 4635 620 4676 usum
670 4633 825 4689 aqua
873 4615 1191 4683 ministrat,
1225 4617 1722 4688 regenerationem
1769 4620 1965 4671 autem

2057 662 2157 737 γάρ
2217 660 2528 718 Ἐλισσαίου
2584 664 2861 740 θανόντος,
2916 668 3235 742 προσθήκην
3287 668 3313 722 6
3354 673 3463 723 τῶν
3512 676 3712 747 νεκρῶν

2059 752 2292 826 ἀριθμὸς
2341 753 2439 807 οὐκ
2479 749 2805 827 ἐλάμϐανεν.
2837 752 2993 810 Ἀλλ’
3038 753 3256 830 ἀκερδὲς
3306 761 3384 829 τῷ
3427 752 3529 833 ᾅδῃ
3580 762 3715 816 κατά

2057 845 2155 896 τοῦ
2187 839 2396 897 δικαίου
2427 846 2538 917 (70)
2567 844 2630 898 τὸ
2663 846 2902 920 θήραμα.
2940 845 3024 898 Ἐν
3052 844 3148 899 τού
3163 865 3269 908 τοις
3319 847 3371 900 οἱ
3418 846 3579 903 τύποι
3609 855 3712 914 τῆς

2061 929 2400 994 ἀναστάσεως
2428 931 2680 1007 ὠχύρουν
2717 935 3079 1010 φθειρομένην
3127 935 3226 1002 τήν
3283 933 3459 1012 φύσιν·
3501 937 3712 1012 βοηθῆ-

2063 1041 2147 1074 σαι
2184 1017 2230 1074 δ’
2255 1020 2408 1093 ὅμως
2450 1027 2566 1082 τοῖς
2615 1020 2833 1076 ἀλοῦσιν
2881 1021 2980 1076 οὐκ
3029 1019 3239 1099 ἴσχυον·
3277 1047 3304 1075 ‹‹
3335 1023 3497 1079 Ἀλλ’
3529 1021 3712 1081 ἐϐασί-

2062 1108 2244 1164 λευσεν
2287 1111 2315 1163 ὁ
2360 1109 2582 1173 θάνατος
2628 1110 2734 1165 ἀπὸ
2779 1107 2960 1184 Ἀδὰμ
3013 1112 3176 1188 μέχρι
3226 1112 3522 1181 Μωυσέως,
3559 1137 3586 1165 ››
3616 1121 3712 1170 τοῦ

2059 1196 2233 1271 νὸμου
2289 1198 2380 1253 τὸν
2441 1194 2640 1275 χρόνον
2695 1201 2856 1274 ὅρους
2913 1197 3011 1255 τοῦ
3070 1203 3300 1275 κράτους
3353 1202 3707 1276 ποιούμενος.

2062 1285 2281 1356 Ἐπειδὴ
2315 1286 2373 1343 δὲ
2403 1290 2630 1365 Χριστὸς
2664 1288 2714 1360 ἐξ
2765 1289 3004 1363 οὐρανῶν
3052 1291 3305 1369 ἀνεφάνη,
3341 1290 3566 1369 ἔτρεχον
3616 1294 3706 1367 μὶν

2063 1378 2139 1441 εἷς
2174 1377 2326 1454 ἔργον
2361 1379 2414 1432 αἱ
2446 1383 2542 1432 τοῦ
2571 1378 2752 1453 γένους
2786 1377 3020 1442 ἐλπίδες·
3068 1381 3157 1435 καὶ
3208 1381 3362 1459 φωνῇ
3411 1388 3711 1457 Δεσποτικῇ

2060 1469 2126 1524 τὰ
2175 1466 2306 1539 ᾇδου
2360 1466 2664 1546 διηνοίγετο
2707 1469 2954 1546 κλεῖθρα,
3007 1470 3096 1526 καὶ
3154 1468 3435 1545 δεσμώτας
3486 1472 3715 1550 νεκροὺς

2064 1557 2351 1614 ἀπεδίδουν
2411 1561 2464 1615 οἱ
2515 1559 2696 1639 τάφοι·
2728 1562 2819 1616 καὶ
2875 1558 3073 1626 κλῆσις
3124 1561 3348 1639 ἐγίνετο,
3399 1564 3487 1618 καὶ
3547 1566 3715 1643 τάφος

2064 1649 2334 1726 ἠνοίγετο·
2397 1649 2486 1705 καὶ
2546 1650 2702 1729 φύσις
2762 1650 3074 1725 ἀνθρωπίνη
3137 1658 3255 1726 Θεῷ
3306 1654 3564 1727 ἡνωμένη
3622 1654 3713 1709 τὸν

2067 1737 2200 1810 ᾅδην
2249 1738 2637 1810 κατέπληττεν.
2683 1739 2957 1797 Ἐντεῦθεν
2991 1742 3019 1796 6
3068 1740 3203 1814 ᾃδης
3265 1744 3403 1820 πρὸς
3449 1744 3541 1798 τὸν
3585 1742 3718 1806 τοὺς

2064 1827 2290 1903 νεκροὺς
2350 1828 2747 1905 ἀφαιρούμενον
2811 1825 2960 1886 ἐϐόα·
3006 1831 3076 1889 Τί
3133 1832 3231 1901 τὴν
3291 1831 3342 1887 ἐν
3405 1832 3717 1908 παραδείσῳ

2068 1919 2376 1996 συγγραφὴν
2429 1918 2866 1994 ἀνατρέπεις;τί
2893 1921 2957 1975 τὸ
3006 1922 3142 1976 κατά
3196 1925 3298 1987 τῆς
3355 1921 3565 2001 φύσεως
3619 1943 3719 1977 κα-

2063 2007 2343 2083 τασχίζεις
2416 2007 2824 2085 χειρόγραφονς
2887 2010 3215 2088 Ἐγγράφοις
3295 2008 3526 2074 δικαίοις
3583 2013 3721 2067 κατὰ

2065 2102 2174 2152 τῶν
2207 2097 2505 2172 ἀνθρώπων
2539 2096 2870 2173 ὠχύρωμαι.
2900 2101 3058 2174 Ἔχω
3087 2100 3171 2171 τὸ,
3206 2125 3235 2152 ‹‹
3270 2104 3346 2167 Γῆ
3381 2101 3448 2169 εί,
3497 2100 3586 2156 καὶ
3643 2099 3719 2164 εἷς

2065 2191 2166 2264 γῆν
2223 2185 2513 2261 ἀπελεύσῃ,
2542 2210 2569 2238 ››
2601 2191 2698 2241 τοῦ
2751 2188 2942 2263 γένους
2990 2190 3052 2243 τὸ
3109 2189 3435 2264 πρόστιμον.
3468 2188 3722 2267 Ὠδύρετο

2071 2278 2165 2350 μὲν
2223 2273 2288 2345 δὴ
2351 2277 2468 2340 καθ’
2510 2273 2599 2330 ἕνα
2649 2281 2755 2331 τῶν
2800 2282 3001 2352 νεκρῶν
3056 2279 3477 2356 ἀφαιρούμεκος·
3533 2279 3721 2356 ἠγνόει

2068 2363 2125 2420 δὲ
2183 2366 2302 2439 ἄρα,
2334 2365 2408 2427 ὡς
2463 2367 2714 2442 Χριστὸς,
2775 2361 3036 2438 καταϐὰς,
3087 2366 3373 2440 πάνδημον
3436 2368 3720 2447 ἀφαίρεσιν

2065 2461 2182 2517 τοῖς
2215 2457 2503 2526 θνήσκουσι
2531 2454 2834 2530 χαρίσεται.
2865 2458 2981 2512 Ἵνα
3009 2458 3110 2533 γὰρ
3145 2454 3340 2530 μηδεὶς
3381 2455 3458 2512 ἔτι
3489 2457 3570 2531 τῷ
3621 2453 3723 2533 ᾅδῃ

2067 2544 2437 2623 περιλειφθείη
2473 2547 2580 2619 (71)
2615 2542 2922 2618 δεσμώτης,
2964 2546 3198 2600 κάτεισιν
3247 2545 3407 2609 αὐτὸς
3463 2546 3538 2608 εἰς
3589 2542 3721 2616 ᾅδου

2070 2633 2347 2707 Χριστός·
2409 2633 2478 2708 τῇ
2539 2635 2631 2707 μεν
2692 2634 3001 2712 φορουμένῃ
3070 2636 3228 2712 σαρκὶ
3296 2633 3566 2705 δελεάζων
3623 2635 3717 2691 τὰν

2070 2721 2226 2794 ᾆδην,
2263 2723 2518 2793 θεότητος
2550 2721 2606 2778 δὲ
2656 2721 2878 2798 δυνάμει
2928 2728 3198 2801 καθαιρῶν
3250 2726 3416 2780 αὐτοῦ
3461 2725 3529 2780 τὰ
3573 2724 3722 2801 βασί-

2070 2811 2210 2882 λεια,
2249 2814 2446 2888 βραχεῖ
2475 2813 2661 2888 χρόνῳ
2706 2813 2772 2868 τὰ
2815 2813 3023 2868 παλαιά
3067 2817 3163 2868 τοῦ
3210 2815 3384 2888 νόμου
3444 2812 3717 2887 διατεμὼν

2069 2902 2424 2979 χειρόγραφα,
2474 2900 2565 2956 ⁸ίνα
2633 2901 2950 2979 ἀνθρώπους
3007 2903 3084 2965 εἷς
3139 2903 3396 2979 οὐρανοὺς
3455 2901 3716 2980 ἀναγάγῃ·

2071 2993 2352 3068 οὐρανοὺς,
2381 2992 2444 3046 τὸ
2475 2989 2756 3068 ἐλεύθερον
2784 2996 2881 3048 τοῦ
2913 2994 3142 3056 θανάτου
3173 2991 3405 3068 χωρίον,
3425 2992 3722 3073 ἀφθαρσίας

2069 3083 2434 3159 καταγώγιον,
2464 3079 2810 3153 δικαιοσύνης
2840 3080 3218 3158 ἐργαστήριον.

2139 3372 2194 3428 5.
2229 3370 2320 3427 Ἐν
2363 3370 2580 3430 τούτοις
2629 3363 2955 3439 ἰϐαπτίσθης
2998 3372 3114 3431 τοῖς
3163 3370 3407 3445 ἀγαθοῖς,
3455 3368 3720 3445 νεοφώτι-

2065 3477 2174 3515 στε·
2223 3453 2474 3534 ἀῤῥαϐών
2532 3479 2615 3512 σοι
2669 3459 2887 3533 γὲγονεν
2947 3456 3307 3530 ἀναστάσεως,
3364 3457 3718 3534 νεοφώτιστε,

2065 3551 2100 3619 ἡ
2131 3553 2231 3613 τῆς
2264 3547 2490 3624 χάριτος
2528 3546 2746 3621 μύησις·
2782 3546 3038 3624 ἐνέχυρον
3069 3554 3168 3617 τῆς
3199 3546 3250 3602 ἐν
3309 3545 3523 3623 οὐρανῷ
3573 3543 3716 3600 διαί-

2064 3659 2165 3709 της
2218 3633 2362 3712 ἔχεις
2392 3637 2456 3691 τὸ
2490 3637 2789 3712 βάπτισμα.
2823 3638 3121 3710 Ἐμιμήσω
3169 3639 3236 3709 τῇ
3286 3633 3572 3690 καταδύσει
3619 3638 3718 3688 τοῦ

2069 3727 2338 3782 Δεσπότου
2376 3728 2466 3782 τὸν
2511 3728 2703 3804 τάφον·
2736 3724 2882 3781 ἀλλά
2929 3723 3116 3788 ἀνὲδυς
3176 3726 3344 3780 πάλιν
3401 3724 3625 3792 ἐκεῖθεν,
3655 3725 3724 3779 τὰ

2066 3824 2167 3884 τῆς
2219 3817 2549 3876 ἀναστάσεως
2598 3813 2729 3890 ἔργα
2775 3815 2881 3890 πρὸ
2927 3819 3034 3870 τῶν
3086 3813 3259 3890 ἔργων
3295 3815 3591 3886 θεώμενος.
3623 3814 3720 3867 Ὠν

2071 3903 2206 3968 εἶδες
2263 3905 2331 3960 τά
2382 3901 2656 3978 σύμϐολα,
2706 3903 2914 3959 τούτων
2981 3901 3258 3979 ἀποδέχου
3309 3904 3421 3976 (72)
3463 3903 3530 3957 τὰ
3585 3900 3725 3978 πρά-

2070 4017 2273 4071 γματα.
2307 3996 2482 4071 Δὲχου
2540 3995 2787 4070 μάρτυρα
2840 3996 2947 4047 τῶν
2998 3992 3308 4067 λεγομενων
3358 3992 3448 4046 τὸν
3502 3987 3719 4045 Παῦλον

2071 4085 2317 4162 λεγοντα·
2353 4110 2380 4137 ‹‹
2417 4084 2481 4142 Εἰ
2536 4083 2636 4160 γὰρ
2697 4081 2968 4160 σύμφυτοι
3027 4081 3326 4158 γεγόναμεν
3379 4085 3458 4152 τῷ
3515 4079 3722 4152 ὁμοιώ-

2077 4195 2203 4249 ματι
2259 4179 2359 4229 τοῦ
2417 4175 2644 4228 θανάτου
2703 4171 2896 4242 πύτοῦ,
2929 4169 3076 4226 ἀλλὰ
3122 4170 3212 4225 καὶ
3252 4176 3354 4239 τῆς
3384 4169 3726 4230 ἀναστάσεως

2074 4264 2323 4338 ἐσόμεθα.
2358 4287 2386 4316 ››
2439 4263 2630 4323 Καλῶς
2686 4263 2771 4329 τὸ,
2832 4260 3127 4337 σύμφυτοι·
3189 4259 3376 4337 φυτεία
3425 4259 3529 4334 γὰρ
3589 4258 3728 4334 πρὸς

2073 4353 2354 4409 ἀθανασίαν
2402 4353 2463 4406 τὸ
2518 4352 2817 4428 βάπτισμα,
2849 4350 2901 4404 ἐν
2947 4345 3314 4426 κολυμϐήθρᾳ
3364 4348 3728 4426 φυτευομένη,

2073 4443 2162 4499 καὶ
2219 4441 2433 4515 οὐρανῷ
2491 4443 2935 4518 καρποφοροῦσα.
2989 4439 3136 4496 Ἐκεῖ
3181 4443 3278 4492 τοῦ
3328 4437 3644 4506 Πνεύματος
3694 4438 3730 4506 ἡ

2075 4533 2237 4607 χάρις
2269 4529 2596 4606 ἀπορῤήτως
2645 4528 2940 4605 ἐργάζεται·
2972 4529 3062 4582 καὶ
3115 4529 3190 4600 μὴ
3239 4531 3317 4598 τῷ
3363 4529 3462 4595 τῆς
3513 4525 3728 4604 φύσεως

2075 4626 2317 4696 συγγενεῖ
2391 4621 2656 4695 ἀγνοήσῃς
2713 4618 2774 4672 τὸ
2829 4620 3029 4690 θαῦμα.
3078 4617 3365 4692 Ὑπηρετεῖ
3436 4616 3572 4691 πρὸς
3626 4616 3726 4684 τὴν

318 4711 596 4779 operatur
623 4703 832 4776 gratia,
865 4707 1040 4775 atque
1070 4705 1130 4758 in
1163 4703 1389 4775 piscina
1409 4703 1579 4776 quasi
1617 4703 1676 4758 in
1712 4703 1958 4775 vulva,ei

2079 4709 2268 4786 χρείαν
2322 4707 2384 4763 τὰ
2445 4706 2619 4784 ὕδωρ·
2660 4705 2989 4782 δημιουργεῖ
3049 4703 3107 4760 δὲ
3155 4707 3253 4774 τὴν
3306 4704 3660 4780 ἀναγέννησιν
3697 4706 3731 4772 ἡ

322 4795 478 4868 quod
496 4793 836 4849 immittitur
849 4809 1054 4847 novam
1077 4791 1176 4847 dat
1198 4793 1540 4849 formam.ln
1552 4809 1708 4864 aqua
1728 4794 1894 4864 quasi
1912 4794 1970 4848 in

323 4884 578 4951 fornace,
612 4881 1059 4938 descendentem
1094 4885 1324 4937 conﬁat.
1359 4881 1822 4938 Immortalitatis
1854 4900 1974 4954 my-

325 4971 522 5030 steriis
545 4972 725 5028 donat
745 4970 939 5043 ipsum
966 4987 978 5024 :
1006 4971 1450 5027 resurrectionis
1471 4971 1679 5027 tribuit
1699 4973 1972 5044 signacu-

324 5063 700 5119 lum.Horum
731 5059 839 5116 tibi
869 5059 1359 5126 miraculorum,o
1390 5077 1591 5116 recens
1619 5060 1974 5129 illuminate,

321 5153 502 5210 vestis
542 5151 672 5224 ipsa
714 5150 823 5207 fert
853 5148 1140 5222 symbola.
1171 5149 1250 5204 Te
1281 5150 1406 5222 ipse
1433 5149 1657 5222 respice
1685 5151 1975 5208 bonorum

318 5244 608 5318 imagines
643 5244 944 5300 ferentem.
992 5239 1316 5312 Splendida
1346 5241 1585 5314 quidem
1635 5259 1701 5300 ac
1747 5243 1978 5317 fulgens

390 5454 436 5492 ¹⁹
463 5457 629 5511 Rom.
663 5467 720 5520 ν,
754 5449 842 5505 14.
917 5445 965 5484 ὀ
993 5446 1140 5504 Gen.
1174 5463 1260 5516 ιιι,
1293 5447 1382 5504 19.
1460 5449 1502 5486 ²¹
1539 5449 1705 5509 Rom.
1736 5467 1814 5522 v1,
1843 5451 1900 5507 5.

545 5645 795 5722 Colbcrt.
827 5643 971 5722 κατδι
993 5646 1093 5722 τού
1122 5641 1372 5722 θανάτου.

403 5713 513 5789 (71)
543 5717 703 5791 Colb.
737 5718 798 5791 2,
824 5713 1212 5791 nepilﬂcptietn.

404 5783 517 5860 (72)
549 5783 941 5856 Colbertinus,
976 5783 1301 5862 ἀπεκδιχου,

2888 4800 2914 4810 ν

2082 4801 2247 4876 χάρις
2278 4802 2412 4864 (73),
2447 4798 2519 4860 ὡς
2552 4797 2602 4852 ἐν
2641 4799 2822 4873 μήτρᾳ
2849 4800 2917 4870 τῇ
2956 4790 3322 4870 κολυμϐήθρᾳ
3348 4794 3410 4848 τὸ
3454 4787 3736 4865 ἐμϐαλλό·

2083 4909 2240 4962 ’μενον
2292 4884 2634 4943 ἀναπλάττει.
2668 4893 2752 4948 Ὡς
2804 4885 2854 4940 ἐν
2906 4883 3265 4960 χωνευτηρίῳ
3308 4887 3388 4954 τῷ
3437 4879 3591 4938 ὕδατι
3641 4883 3734 4937 τὸν

2083 4977 2338 5032 κατιόντα
2390 4971 3028 5051 ἀναχαλκεύει.Δίδωσιν
3089 4972 3236 5045 αὐτῷ
3289 4978 3389 5042 τῆς
3448 4970 3737 5035 ἀθανασίας

2091 5069 2360 5140 μυστήρια
2429 5067 2588 5139 (74)·
2650 5062 2986 5124 ἀναστάσεως
3081 5058 3347 5139 σφραγῖδα
3424 5060 3730 5136 χαρίζεται.

2085 5155 2300 5211 Τούτων
2355 5175 2438 5209 σοι
2490 5157 2598 5208 τῶν
2652 5151 2961 5225 θαυμάτων,
2993 5149 3037 5205 ὦ
3066 5152 3416 5230 νεοφώτιστε,
3447 5149 3534 5204 καί
3560 5150 3594 5217 ἡ
3629 5148 3733 5220 ἀμ-

2089 5244 2261 5323 φίεσις
2293 5245 2439 5322 φέρει
2469 5242 2534 5298 τὰ
2566 5235 2839 5316 σύμϐολα.
2875 5236 3215 5315 Ἀπόϐλεψον
3267 5240 3341 5302 εἷς
3396 5239 3579 5295 ἑαυτὸν
3638 5236 3735 5299 τὰς

2159 5648 2273 5721 (73)
2303 5646 2395 5721 Sic
2452 5662 2596 5721 mss.
2629 5645 2781 5721 Haec,
2816 5639 3145 5721 δημιουργεῖ
3183 5639 3240 5697 δὲ
3296 5641 3396 5711 τὴν
3446 5639 3744 5715 ἀναγέννη-

2091 5716 2461 5803 σινξ-ὴιζχάρις,
2493 5720 2734 5803 deerant
2764 5716 2824 5772 in
2856 5716 2996 5772 edit.

2163 5784 2403 5867 (ηγδίο
2434 5784 2577 5850 mss.
2609 5789 2788 5862 Edit.,
2823 5784 3128 5862 μνηστείαν.
