4120 6398
405 476 557 540 1081
1536 480 1802 542 SERMO
1847 481 1923 541 ΙΝ
1969 479 2052 542 SA

2163 478 2342 540 ITUM
2384 477 2711 537 PASCHA.
3344 488 3348 490 '
3672 474 3828 534 1082
3853 468 3861 476 ’

399 614 512 664 τῶν
542 611 756 685 άγαθῶν
808 603 1018 673 εἰκόνας
1070 613 1360 688 φοροῦντα.
1392 611 1631 687 Λαμπρὰ
1683 612 1774 684 μὲν
1820 611 1920 687 γὰρ
1964 611 2052 666 καὶ

2167 611 2269 668 illa
2297 610 2498 676 vestis,
2531 609 2986 682 incorruptionis
3017 608 3123 665 tibi
3162 607 3332 680 signa
3351 606 3632 680 depingit.
3671 606 3826 662 Gan-

405 699 636 773 διαυγὴς
696 703 731 769 ἡ
789 700 948 771 ἐσθής
1026 721 1122 755 σου
1178 703 1276 768 τῆς
1335 701 1631 780 ἀφθαρσίας
1709 706 2052 779 ζωγραφοῦσα

2173 701 2377 757 didum
2411 701 2513 755 tibi
2562 699 2833 766 linteum,
2869 698 3056 754 instar
3097 696 3448 752 diadematis
3489 697 3823 767 astringens

402 790 471 844 τὰ
500 784 774 861 σύμϐολα.
811 787 1005 860 Ὀθόνη
1058 811 1141 844 σοι
1192 787 1361 858 λευκὴ
1409 791 1648 864 καθάπερ
1691 788 1936 863 ,διάδημα
1960 791 2052 859 τὴν

2170 794 2364 862 caput,
2390 789 2721 844 libertatem
2746 788 3038 860 praedicat.
3068 787 3293 850 Manus,
3316 785 3570 840 victoriis
3595 785 3664 839 de
3696 786 3818 838 dia-

402 877 646 957 κεφαλὴν
695 878 1012 958 διασφίγγει,
1060 881 1158 948 τήν
1211 879 1514 956 ἐλευθερίαν
1564 879 1903 956 κηρύττουσα
1938 924 1950 936 .
2014 887 2052 935 Π

2168 879 2300 936 bolo
2332 882 2632 951 reportata:
2663 877 2835 948 signa
2861 876 3030 948 gerit.
3064 880 3210 930 Nam
3242 879 3299 930 te
3336 873 3602 929 Christus
3633 873 3818 929 susci-

400 989 502 1044 γαρ
562 971 660 1038 τῆς
692 969 828 1023 κατά
873 967 968 1023 τοῦ
1019 964 1280 1024 διαϐόλου
1327 969 1483 1038 νίοιης
1533 970 1806 1047 περιφέρει
1848 971 1915 1024 τὰ
1949 991 2056 1042 μη-

402 1057 636 1129 νύματα.
690 1054 898 1128 ’Έδειξε
954 1058 1054 1134 γάρ
1113 1078 1170 1111 σε
1229 1059 1455 1132 Χριστὸς
1514 1058 1854 1134 ἐγειρόμενον
1892 1078 1904 1091 ·
1962 1063 2055 1112 νῦ)

403 1147 499 1220 μὶν
536 1142 864 1220 συμϐόλοις,
897 1145 1053 1218 δείξει
1087 1145 1145 1202 δὲ
1173 1147 1308 1203 κατὰ
1343 1150 1534 1224 μικρὸν
1568 1148 1618 1203 ἐν
1655 1155 1774 1210 τοῖς
1805 1147 2054 1224 πράγμα-

399 1257 503 1304 σιν,
562 1236 649 1291 ἐὰν
701 1237 792 1291 τὸν
822 1241 1032 1312 χιτῶνα
1078 1239 1178 1306 τῆς
1225 1237 1460 1300 πίστεως
1497 1239 1573 1312 μὴ
1613 1243 1732 1300 ταῖς
1768 1237 2055 1314 ἁμαρτίαις

398 1325 779 1402 ῥυπώσωμεν·
829 1325 1043 1394 ἐὰντήν
1095 1324 1358 1399 λαμπάδα
1405 1329 1502 1396 τῆς
1554 1329 1779 1404 χάριτος
1830 1322 2052 1388 ἀτόποις

402 1417 479 1488 μὴ
536 1409 954 1488 κατασϐέσωμεν
1007 1416 1278 1487 πράξεσιν·
1335 1415 1424 1471 ἐὰν
1460 1417 1551 1471 τὸν
1601 1421 1698 1471 τοῦ
1742 1416 2051 1488 [Ινεύματος

401 1501 812 1582 διαφυλάξωμεν
862 1505 1143 1581 στέφανον.
1197 1504 1331 1562 Τότε
1382 1511 1563 1583 σαφῶς
1614 1508 1642 1560 ὁ
1694 1505 1965 1576 Δεσπότης
2001 1505 2052 1576 ἐξ

399 1593 637 1668 οὐρανῶν
697 1592 833 1666 μετᾶ
879 1587 1113 1670 φοϐερᾶς
1163 1591 1252 1648 καί
1301 1594 1691 1672 φιλανθρώπου
1749 1596 1885 1670 βοῆς
1926 1593 2050 1648 ἀνα-

395 1677 635 1752 ϐοήσειε·
671 1706 700 1735 ‹‹
746 1687 926 1752 Δεῦτε,
979 1683 1031 1736 οἱ
1081 1680 1443 1759 εὐλογημένοι
1499 1688 1596 1738 τοῦ
1654 1683 1863 1760 Πατρός
1924 1705 2048 1757 μου,

392 1769 854 1846 κληρονομήσατε
880 1777 979 1841 τὴν
1012 1773 1422 1846 ἡτοιμασμένην
1469 1774 1595 1846 ὑμῖν
1633 1771 1908 1847 βασιλείαν
1944 1772 2051 1826 ἀπὸ

2167 974 2353 1026 tatum
2379 967 2638 1023 ostendit
2670 984 2681 1020 :
2708 983 2863 1021 nunc
2890 965 3122 1037 quidem
3159 963 3463 1036 symbolis,
3486 963 3657 1034 paulo
3689 967 3822 1034 post

2167 1063 2386 1123 autem,
2409 1059 2582 1112 rebus
2615 1055 2756 1127 ipsis
2786 1055 3052 1110 ostendet
3078 1079 3092 1121 ;
3118 1053 3168 1109 si
3193 1054 3366 1108 modo
3397 1051 3530 1106 ﬁdei
3553 1052 3812 1106 tunicam

2165 1148 2420 1220 peccatis
2454 1163 2568 1201 non
2601 1145 2982 1216 inquinemus
3007 1160 3019 1198 :
3047 1144 3094 1198 si
3119 1142 3318 1215 gratiis
3341 1141 3670 1211 lampadem
3703 1140 3811 1194 im-

2165 1237 2362 1309 probis
2395 1235 2728 1292 actionibus
2759 1251 2872 1290 non
2915 1231 3366 1289 exstinxerimus
3418 1247 3432 1285 :
3483 1229 3532 1285 si
3563 1229 3817 1301 Spiritus

2163 1341 2466 1383 servemus
2497 1339 2795 1378 coronam.
2825 1323 2974 1377 Tum
3007 1320 3159 1376 clare
3207 1319 3490 1375 Dominus
3536 1318 3607 1374 de
3651 1317 3816 1385 ccelo,

2161 1414 2408 1472 terribili
2449 1415 2549 1470 sed
2583 1414 2731 1470 395
2768 1429 2902 1482 erga
2927 1411 3198 1466 homines
3243 1409 3498 1482 benigna
3527 1423 3664 1463 voce
3691 1406 3815 1462 cla-

2165 1505 2348 1561 mabit
2379 1522 2392 1558 :
2427 1527 2455 1555 «
2489 1504 2708 1571 Venite,
2742 1501 3030 1558 benedicti
3086 1499 3275 1555 Patris
3307 1498 3419 1554 mei
3456 1515 3469 1552 :
3519 1496 3816 1570 possidete

2160 1599 2433 1668 paratum
2465 1593 2630 1649 vobis
2658 1607 2907 1664 regnum
2938 1607 2972 1648 a
3003 1589 3419 1646 constitutione
3450 1587 3657 1642 mundi
3690 1586 3756 1639 ²².
3787 1607 3808 1635 ι

2162 1684 2278 1756 Ipsi
2327 1682 2514 1756 gloria
2561 1686 2620 1738 et
2668 1680 3012 1754 imperium,
3061 1679 3122 1734 in
3165 1677 3379 1734 sescula
3437 1674 3809 1734 szsculorum.

2161 1775 2366 1829 Amen.

394 1854 708 1930 καταϐολῆς
739 1860 973 1934 κόσμου.
1004 1884 1032 1912 ››
1067 1860 1225 1933 Αύτῷ
1256 1863 1290 1930 ἡ
1326 1858 1452 1932 δόξα
1482 1864 1615 1936 (75),
1647 1863 1736 1916 γαὶ
1764 1862 1827 1917 τὸ
1857 1863 2055 1936 κράτος
2086 1859 2161 1924 εἷς
2191 1859 2322 1923 τοὺς
2351 1859 2550 1921 αἰῶνας
2582 1861 2689 1913 τῶν
2723 1857 2956 1913 αἰώνων.
2989 1857 3185 1930 Ἀμήν.

464 2016 511 2050 ²²
537 2015 744 2072 Matth.
777 2032 907 2084 xxv,
940 2015 1029 2072 34.

461 2169 576 2241 (75)
610 2169 862 2243 Colbert.
896 2173 981 2243 sic
1015 2186 1028 2225 ε
1062 2169 1132 2238 ἧς
1175 2169 1389 2243 γένοιτο
1439 2168 1640 2243 πάντας
1675 2171 1823 2240 ἡμᾶς
1857 2167 2044 2223 ἐπιτυ-
2155 2167 2345 2243 πρέπει
2449 2165 2576 2238 δόξα
2619 2166 2710 2243 σῦν
2755 2169 2834 2239 τῷ
2867 2164 3151 2243 ,παναγίςρ-
3173 2163 3284 2243 καὶ.
3311 2161 3804 2243 ἀγαθῷικαὶέωο-

461 2183 576 2241 ('ID)
611 2183 862 2224 uomert.
896 2187 981 2225 810
1015 2186 1028 2225 :
1062 2183 1132 2238 ῆς
1175 2183 1389 2236 γενοιτο
1439 2183 1640 2230 πάντας
1675 2183 1823 2240 ἡμᾶς
1857 2183 2044 2223 επιτυ-
2155 2183 2345 2243 πρεπει
2378 2183 2413 2237 η
2449 2183 2576 2238 cogo:
2619 2188 2710 2221 συν
2755 2188 2834 2239 τῳ
2883 2186 3128 2240 παναγιῳ
3173 2185 3263 2218 και
3311 2183 3499 2290 αγαυῳ
3543 2183 3632 2216 και
3668 2183 3804 2230 gum-

393 2241 734 2367 χεῖνὶέάριτι
765 2239 853 2293 καὶ
904 2239 1288 2332 φιλανθρωπίᾳ
1330 2245 1427 2296 τοῦ
1477 2240 1674 2316 Κυρίου
1721 2244 1880 2313 ἡμῶν
1931 2243 2042 2310 Ἰη-
2156 2245 2300 2312 ποιῷ
2330 2239 2492 2294 αὐτοῦ
2525 2238 2799 2312 ΙΙνεύματι
2831 2242 2920 2292 νῦν
2953 2239 3042 2292 καὶ
3074 2236 3157 2292 ἀεὶ
3201 2234 3290 2290 καὶ
3325 2256 3348 2289 ε
3377 2257 3400 2296 ς
3444 2232 3572 2296 τοὺς
3605 2232 3807 2294 αἰῶνας

393 2316 486 2365 σοῦ
568 2315 776 2367 οιστοῦ.
807 2309 876 2366 δι’
927 2313 988 2366 οὗ
1038 2333 1127 2367 και
1184 2314 1301 2367 μεθ’
1349 2313 1410 2366 οὗ
1463 2318 1541 2367 τῶ
1584 2317 1700 2367 Θεῶ
1750 2313 1839 2367 καὶ
1871 2313 2042 2367 Πατοὶ
2155 2316 2263 2367 τῶν
2297 2311 2533 2365 αἰώνων.
2568 2313 2768 2367 Ἀμήν.

389 2309 486 2365 σοῦ
517 2309 776 2387 Χριστοῦ,
807 2309 876 2366 δι’
917 2309 988 2366 ὀὗ
1038 2309 1127 2367 καὶ
1183 2309 1301 2385 μεθ’
1349 2313 1410 2366 οὗ
1463 2309 1700 2385 τῷ’Θεῷ
1747 2309 1839 2368 καὶ
1871 2309 2042 2389 Πατρὶ
2155 2309 2533 2367 τῶνάἷώνων.
2568 2309 2768 2384 Ἀμήν.

1553 2558 1684 2613 ΤΟΥ
1720 2561 1808 2612 ΕΝ
1845 2559 2079 2615 ΑΓΙΟΙΞ
2121 2558 2401 2615 ΠΑΤΡΟΣ
2443 2557 2642 2613 ΗΜΩΝ

1736 2708 2467 2805 ΑΘΑΝΑΣΙΟΥ

599 2885 712 2935 ΕΙΣ
751 2884 836 2938 ΤΟ
875 2881 1089 2938 ΑΓΙΟΝ
1131 2881 1370 2936 ΠΑΣΧΑ
1408 2884 1524 2938 ΚΑΙ
1564 2884 1675 2938 ΕΙΣ
1715 2887 1883 2936 ΤΟΥΣ
1925 2882 2452 2939 ΝΕΟΦΩΤΙΣΤΟΥΣ
2491 2886 2574 2961 Τῼ
2615 2883 2924 2956 ΣΑΒΒΑΤῼ
2961 2879 3102 2936 ΤΙῙΣ
3141 2877 3587 2935 ΑΙΙΟΛΥΣΙΜΟΥ

1964 2971 2216 3029 ΛΟΓΟΣ.

1533 3226 1626 3315 S.
1689 3228 1778 3314 P.
1843 3228 1944 3315 N.
2009 3228 2634 3317 ATHANASII.

443 3386 518 3435 IN
567 3386 879 3437 SANCTUM
937 3386 1187 3436 PASCHA
1245 3387 1336 3438 ET
1389 3387 1466 3437 IN
1517 3388 1774 3439 RECENS
1829 3389 2052 3502 ILLUSMEI

2163 3391 2316 3502 ξοδ,
2373 3391 2508 3442 SEU
2559 3389 2965 3442 BAPTIZATOS
3024 3387 3321 3440 SABBATO
3376 3386 3454 3437 IN
3509 3386 3728 3446 ALBIS,

2054 3590 2126 3602 _

455 3681 765 3757 1.Χριστὸς
817 3679 1051 3756 ἐγερθείς
1107 3679 1165 3736 ἐκ
1213 3686 1416 3759 νεκρῶν
1469 3681 1604 3753 ὅλην
1662 3687 1769 3738 τῶν
1825 3683 2031 3760 ἀνθρώ-

2217 3689 2545 3746 1.Christus
2567 3707 2882 3763 resurgens
2899 3706 2967 3746 ex
2989 3691 3263 3761 mortuis,
3281 3693 3462 3746 totam
3487 3688 3794 3745 hominum

372 3791 489 3824 πων
522 3771 622 3838 τήν
657 3771 800 3839 ζωήν
855 3771 1045 3846 ἑορτὴν
1098 3771 1461 3845 ἀπειργάσατο
1516 3771 1664 3845 μίαν.
1693 3778 1809 3827 Τῶν
1836 3775 1936 3849 γὰρ
1970 3773 2021 3829 ἐν

2163 3779 2317 3834 itam
2352 3782 2563 3836 festum
2593 3780 2781 3836 eﬂ‘ecit
2805 3797 3010 3836 unum.
3035 3781 3344 3837 Translata
3363 3779 3582 3852 quippe
3600 3778 3660 3834 in
3689 3795 3795 3834 caa-

369 3861 438 3931 τῇ
497 3863 568 3936 γῇ
615 3859 676 3913 τὸ
725 3857 1032 3931 πολίτευμα
1074 3859 1211 3934 πρὸς
1260 3859 1486 3935 οὐρανὸν
1542 3864 1898 3933 μεταστήσας,
1930 3863 2024 3924 τὰς

2163 3885 2279 3936 um,
2312 3867 2621 3924 hominum
2657 3868 2714 3923 in
2747 3869 2924 3924 terris
2966 3869 3300 3941 degentium
3335 3866 3793 3923 conversatione,

369 3952 467 4002 τοῦ
523 3949 904 4024 πανηγυρίζειν
963 3947 1214 4023 ἀφόρμάς
1273 3947 1607 4021 ἐδωρήσατο.
1660 3951 1756 4004 Καὶ
1821 3952 2024 4024 μάρτυς

2163 3961 2421 4012 ‘astorum
2456 3958 2685 4013 dierum
2736 3959 3076 4015 occasiones
3125 3959 3302 4014 dedit.
3357 3958 3574 4013 Horum
3623 3955 3793 4013 testis

371 4041 478 4090 τῶν
542 4035 844 4112 εἰρημένων
891 4037 918 4090 ὁ
961 4035 1206 4099 Παῦλος.
1253 4037 1282 4090 ὁ
1321 4041 1429 4090 τῶν
1481 4042 1715 4112 Χριστοῦ
1765 4036 2023 4112 ῥημάτων

2163 4045 2378 4114 ’aulus,
2412 4048 2583 4115 cujus
2626 4046 2828 4115 lingua
2875 4047 3087 4102 Christi
3140 4048 3454 4102 verborum
3501 4061 3788 4116 organum

372 4123 598 4201 ὄργανον
669 4127 768 4194 τὴν
841 4124 1095 4200 γλῶσσαν
1154 4126 1536 4198 κτησάμενος.
1606 4150 1632 4176 ‹‹
1687 4128 1869 4200 Ἡμῶν
1925 4127 2023 4203 γὰρ

2163 4134 2268 4188 uit.
2304 4157 2332 4183 «
2367 4134 2575 4190 Nostra
2623 4136 2804 4200 enim,
2834 4154 2860 4186 ιι
2907 4136 3122 4207 inquit,
3173 4135 3536 4192 conversatio
3579 4134 3640 4188 in
3681 4151 3794 4191 cce-

372 4215 615 4291 φησὶ,τὸ
657 4214 970 4286 πολίτευμα
1017 4214 1069 4268 ἐν
1122 4214 1373 4288 οὐρανοῖς
1431 4215 1686 4291 ὑπάρχει,
1743 4216 1793 4286 ἐξ
1841 4215 1904 4271 οῦ
1935 4217 2024 4271 καί

2163 4221 2208 4277 is
2240 4227 2348 4293 est,
2374 4223 2530 4277 unde
2561 4223 2736 4278 etiam
2769 4223 3123 4279 Salvatorem
3156 4229 3567 4294 exspectamus
3597 4222 3794 4278 Domi-

374 4307 609 4380 Σωτὴρα
631 4301 1054 4379 ἀπεκδεχόμεθα
1084 4307 1195 4377 (76)
1228 4303 1422 4379 Κύριον
1457 4305 1667 4374 Ἰησοῦν
1703 4305 1958 4380 Χριστόν.
1995 4329 2021 4356 ››

2163 4329 2277 4366 ium
2305 4317 2572 4366 nostrum
2604 4311 2808 4367 Jesum
2845 4311 3139 4366 Christum
3157 4313 3222 4365 ³³.
3251 4333 3272 4360 ι
3299 4313 3440 4375 Quis
3464 4311 3620 4366 enim
3648 4313 3786 4366 dum

370 4393 461 4456 Τίς
503 4395 602 4469 γὰρ
663 4388 1106 4469 ἀπεκδεχόμενος
1155 4397 1273 4454 ταῖς
1324 4392 1534 4449 ἐλπίσιν
1587 4393 1695 4469 οὐχ
1737 4393 2020 4470 ἑορτάζει;

2165 4404 2450 4472 xspectat,
2484 4416 2597 4455 non
2631 4416 2732 4471 spe
2765 4401 2979 4456 festum
3011 4399 3306 4456 celebrat?
3346 4399 3486 4462 Quis
3528 4399 3786 4454 Salvato-

370 4483 482 4551 Τίς,
512 4485 612 4552 τῆν
658 4487 754 4537 τοῦ
801 4489 1059 4557 Σωτῆρος
1113 4479 1404 4555 ἐπιδημίαν
1461 4483 1722 4557 λογισμῷ
1762 4485 2023 4561 φανταζό-

2165 4489 2214 4545 is
2264 4490 2577 4545 adventum
2628 4490 2824 4545 animo
2878 4488 3164 4561 cogitans,
3199 4504 3315 4542 non
3361 4487 3558 4559 ipsum
3591 4503 3783 4541 rerum

375 4593 558 4646 μενος,
610 4573 672 4627 οὐ
704 4567 1080 4647 προλαμϐάνει
1130 4571 1338 4647 χαίρων
1384 4578 1490 4628 τῶν
1541 4575 1874 4650 πραγμάτων
1922 4575 2020 4643 τὴν

2165 4577 2594 4650 xperimentum
2614 4595 2745 4633 cum
2771 4578 2986 4651 gaudio
3008 4576 3354 4633 antevertit?
3369 4575 3508 4643 Quis
3527 4577 3785 4630 futurum

371 4667 560 4737 πεῖραν
595 4680 608 4732 ;
641 4660 738 4724 Τίς
788 4659 867 4730 δὲ,
916 4658 1185 4736 βασιλέως
1237 4667 1437 4732 Θνητοῦ
1478 4660 1708 4726 κάθοδον
1758 4663 2022 4737 ἐσομένην

2163 4669 2379 4723 .udiens
2412 4667 2678 4724 mortalis
2711 4668 2862 4739 regis
2893 4668 3266 4731 descensum,
3287 4683 3402 4721 non
3435 4682 3560 4721 sese
3592 4671 3788 4721 mente
3821 4733 3826 4738 _

371 4749 608 4818 ἀκούων,
641 4750 744 4806 οὐκ
784 4749 1057 4805 ἀνίσταται
1112 4749 1206 4821 μὶν
1234 4751 1336 4819 τὴν
1380 4748 1640 4821 διάνοιαν,
1687 4751 2024 4828 εὐφραίνεται

2163 4757 2326 4830 rigit,
2377 4757 2693 4826 animoque
2742 4756 2988 4825 laetatur,
3024 4760 3296 4828 aspectus
3346 4754 3506 4810 illius
3550 4758 3788 4826 tempus

373 4837 430 4894 δὲ
459 4841 557 4909 τὴν
587 4841 798 4916 ψυχὴν,
824 4839 1147 4915 προτρέχων
1181 4843 1260 4910 τῷ
1289 4838 1442 4912 πόθῳ
1482 4847 1582 4910 τῆς
1616 4841 1737 4904 θέας
1769 4842 1858 4897 τὸν
1888 4842 2024 4918 χρό-

2163 4863 2334 4902 .more
2389 4845 2823 4902 antevertens?
2879 4849 3021 4900 Tum
3071 4848 3512 4901 commoventur
3564 4843 3784 4916 populi,

369 4949 458 4984 νον
489 4947 503 4998 ;
536 4934 667 4984 Τοτε
699 4933 1076 5004 συγκινοῦνται
1133 4927 1228 5000 μὶν
1273 4925 1464 5001 δῆμοι,
1500 4935 1757 5004 σκιρτῶσι
1807 4928 1864 4985 δὲ
1895 4937 2024 4986 παῖ-

2163 4935 2431 4990 ιχευιιιιηῐ
2459 4935 2645 5006 pueri,
2679 4935 2923 4990 choreas
2953 4939 3137 5006 agunt
3175 4935 3450 5006 virgines,
3493 4948 3662 4988 senes
3695 4949 3786 4988 se-

371 5015 480 5086 δες,
530 5017 825 5094 χορεύουσι
876 5013 1083 5091 κόραι,
1115 5012 1408 5092 πρεσϐῦται
1455 5019 1518 5072 τὸ
1564 5026 1735 5093 γῆρας
1785 5019 2024 5094 ἀναιρεῖ-

2163 5028 2430 5080 iectutem
2463 5025 2534 5079 de
2565 5025 2756 5079 medio
2778 5023 2981 5079 tollere
3010 5024 3390 5087 contendunt,
3416 5023 3486 5076 ad
3511 5023 3788 5090 juventu-

370 5109 492 5162 σθαι
527 5107 827 5182 βιάζονται,
864 5111 983 5168 ταῖς
1036 5103 1246 5160 ἐλπίσιν
1300 5106 1653 5180 ἀκμάζοντες·
1707 5107 1796 5162 καὶ
1846 5115 2023 5183 χωρεῖ

2163 5113 2212 5168 is
2242 5113 2442 5167 ﬂorem
2495 5130 2598 5183 spe
2627 5113 2852 5168 reducti
2888 5129 2900 5166 :
2935 5112 3194 5183 regiique
3225 5114 3511 5166 adventus
3539 5111 3784 5166 celebri-

369 5193 460 5251 διὰ
483 5197 696 5252 πάντων
721 5201 755 5268 ἡ
787 5204 887 5267 τῆς
923 5192 1215 5273 βασιλικῆς
1263 5196 1559 5272 παρουσίας
1603 5199 1924 5272 πανήγυρις.
1955 5197 2016 5252 Τί

2163 5217 2220 5255 as
2249 5201 2449 5256 omnia
2481 5201 2761 5271 pervadit.
2786 5201 2934 5266 Quid
2967 5217 3104 5273 ergo
3137 5202 3272 5272 quis
3303 5201 3530 5268 dixerit,
3554 5198 3783 5254 Christo

367 5283 459 5340 οὖν
484 5284 542 5341 ἂν
565 5283 708 5342 εἲίποι
733 5309 838 5356 τις,
867 5285 1314 5362 παραγινομένου
1330 5287 1567 5362 Χριστοῦ
1598 5284 1866 5363 βασιλέως
1891 5286 2016 5351 ἀθα-

2163 5289 2445 5344 :nmortali
2479 5306 2611 5362 rege
2645 5290 3006 5357 adveniente,
3041 5307 3157 5346 non
3202 5295 3268 5344 ut
3299 5289 3475 5343 urbes
3522 5294 3779 5358 exornet,

365 5372 551 5447 νάτου,
584 5377 692 5452 οὐχ
714 5375 806 5432 ’ίνα
833 5376 1025 5439 πόλεις
1058 5375 1345 5456 φαιδρύνῃ,
1377 5376 1466 5432 καὶ
1510 5373 1752 5452 πύργους
1802 5375 2010 5453 ἐγείρῃ,

2163 5381 2182 5435 ι
2211 5382 2404 5435 turres
2436 5378 2640 5454 erigat,
2675 5393 2866 5452 neque
2897 5382 2964 5434 ut
2995 5379 3150 5436 dona
3198 5377 3439 5446 tribuat,
3475 5393 3601 5448 qua:
3632 5379 3779 5432 tem-

439 5612 484 5648 ³³
510 5611 766 5686 Philipp.
798 5627 885 5680 ιιι,
915 5612 1006 5667 20.

437 5817 552 5891 (76)
581 5818 673 5876 Ita
693 5832 839 5878 mss.
870 5815 1026 5876 Editi
1055 5831 1210 5889 vero,
1246 5812 1606 5890 ἐκδεχόμεθα.
