4120 6364
270 418 430 479 1083

1420 418 1482 476 S.
1530 414 2056 479 ATHANASIUS.
2091 446 2172 460 -—
2195 413 2509 480 SPURIA.

3542 426 3699 487 1081

266 547 426 621 poris
454 547 593 603 vitio
623 551 989 612 atterantur;
1024 550 1125 605 sed
1159 553 1224 606 ut
1247 550 1549 607 hominem
1580 548 1922 606 immortali-

2067 541 2168 600 νύδέ
2216 544 2309 602 ’ίνα
2367 545 2573 625 δωρεὰς
2629 552 2905 629 παράσχῃ,
2964 554 3306 628 πατουμὶνας
3352 559 3434 625 τῷ
3477 554 3694 629 χρόνῳ-

265 639 388 693 tate
419 637 644 707 induat,
678 642 734 692 et
759 654 930 710 quem
974 655 1135 694 mors
1166 641 1496 713 depraedata
1526 644 1637 707 est,
1670 640 1727 695 in
1761 655 1927 695 secu-

270 740 334 783 ro
368 725 517 791 loco,
548 725 605 780 in
640 725 782 782 ccelo
814 725 1040 782 scilicet
1067 727 1433 784 constituat?

344 906 400 960 2.
463 905 642 960 Hodie
691 905 898 961 iterum
941 906 1210 964 Christus
1260 912 1391 979 post
1441 907 1928 964 resurrectionem

270 994 438 1050 visus
483 998 573 1049 est
620 993 948 1064 discipulis,
996 1012 1062 1049 ac
1112 998 1366 1052 secunda
1397 997 1497 1052 illa
1544 996 1933 1069 apparitione,

274 1082 596 1140 ﬁrmiorem
630 1083 819 1140 effecit
849 1085 1291 1141 resurrectionis
1323 1087 1705 1143 fidem.Visus
1737 1091 1933 1140 autem

275 1176 369 1229 est
392 1172 591 1242 januis
622 1171 878 1239 clausis;
912 1190 1044 1229 nam
1081 1176 1176 1246 qui
1232 1176 1450 1244 absque
1488 1193 1657 1231 muro
1687 1192 1816 1232 esse
1844 1176 1934 1231 in-

277 1262 513 1318 fernum
544 1262 902 1327 ostenderat,
927 1264 1130 1333 januis
1161 1265 1230 1319 ad
1264 1264 1596 1338 ingressum
1641 1282 1756 1319 non
1801 1280 1935 1334 ege—

283 1350 512 1406 baLUbi
538 1366 793 1421 namque
814 1352 986 1420 jubet
1010 1353 1267 1420 Deus,ibi
1290 1353 1738 1409 consuetudinis
1758 1353 1935 1413 loses.

279 1439 743 1511 cessant.Supra
776 1456 935 1496 mare
975 1442 1137 1513 prius
1169 1443 1595 1511 ambulaverat,
1647 1459 1713 1498 ac
1762 1441 1939 1514 liqui-

281 1528 423 1586 dum
470 1527 826 1585 elementum
885 1530 1079 1586 carnis
1127 1532 1377 1603 pedibus
1424 1531 1937 1594 substernebalur,

279 1619 617 1691 pedumque
637 1619 939 1691 gressibus
963 1619 1179 1675 ﬂuctus
1201 1620 1578 1688 metiebatur,
1600 1620 1846 1693 pelagus
1865 1620 1937 1675 ad

277 1723 455 1764 usum
486 1708 615 1775 ejus
645 1707 752 1764 soli
787 1708 974 1764 instar
1002 1713 1310 1765 concretus
1341 1714 1449 1765 est.
1488 1709 1732 1765 Intravit
1768 1710 1940 1765 Jesus

268 1795 471 1869 januis
497 1795 737 1854 clausis.
762 1797 1005 1852 Etiamsi
1039 1814 1171 1853 cum
1207 1798 1558 1854 resurrectio
1589 1798 1722 1867 fuit,
1747 1797 1940 1868 sepul-

2036 630 2164 689 ἀλλ’
2188 632 2280 691 ’ἱνα
2329 636 2421 692 τὸν
2478 639 2758 716 ἄνθρωπον
2817 645 2930 717 (77)
2978 643 3262 708 ἀθανασίαν
3306 640 3501 717 ἐνδύσῃ
3534 645 3702 717 (77⁸),

2037 723 2128 780 καὶ
2187 727 2397 801 θανάτῳ
2444 729 2837 806 λῃστευόμενον
2886 732 2939 787 ἐν
2993 732 3182 806 ἀσύλῳ
3229 730 3424 809 χωρίῳ
3466 731 3700 808 οὐρανοῦ

2040 814 2322 891 κατοικίσῃ
2358 834 2372 884 ;

2113 905 2166 958 2.
2206 906 2455 981 Σήμερον
2507 901 2663 985 ὤφθη
2713 910 2939 984 Χριστὸς
2980 915 3098 974 τοῖς
3151 915 3421 984 μαθηταῖς
3465 909 3698 973 ἀναστάς

2043 990 2104 1047 ἐκ
2150 997 2379 1067 νεκρῶν,
2428 997 2518 1050 καὶ
2566 996 2729 1052 πάλιν
2778 996 3000 1073 δευτέρᾳ
3048 1001 3161 1071 θέᾳ,
3198 994 3548 1075 βεϐαιοτέραν
3598 1003 3701 1068 τῆς

2046 1081 2384 1144 ἀναστάσεως
2434 1085 2534 1153 τήν
2582 1086 2760 1141 πίστιν
2814 1086 3176 1163 ἐργαζόμενος
3224 1090 3360 1161 (78).
3392 1090 3569 1166 ’Ὠφθη
3621 1086 3697 1153 δὲ.

2044 1174 2152 1224 τῶν
2185 1175 2361 1247 θυρῶν
2393 1172 2812 1248 κεκλεισμένων·
2849 1178 2876 1231 6
2906 1179 3007 1253 γάρ
3037 1178 3130 1233 τὸν
3169 1172 3304 1248 ᾅδην
3352 1175 3528 1248 δείξας
3568 1177 3701 1234 ἀτείο

2048 1278 2238 1333 χιστον
2272 1260 2371 1315 οὐκ
2399 1258 2575 1317 ἐδέετο
2607 1266 2782 1341 θυρων
2815 1267 2950 1340 πρὸς
2979 1268 3078 1336 τὴν
3123 1263 3356 1322 εἷ’σοδον.
3389 1268 3564 1322 Ὅπου
3593 1268 3691 1343 γὶρ

2049 1347 2368 1420 προστάττει
2425 1352 2579 1422 Θεὸς,
2634 1361 2731 1423 τῆς
2791 1354 3073 1426 συνηθείας
3124 1355 3382 1431 ἀργοῦσιν
3431 1357 3484 1409 οἱ
3512 1356 3698 1429 νόμοι.

2050 1437 2171 1495 Έπῖ
2201 1440 2300 1508 τῆς
2357 1437 2633 1512 θαλάσσης
2688 1438 2907 1513 ἐϐάδιζε
2952 1444 3237 1521 πρότερον’
3288 1446 3380 1501 καὶ
3423 1446 3459 1514 ἡ
3510 1444 3710 1521 ῥέουσα

2049 1527 2206 1605 φύσις
2236 1532 2352 1590 τοῖς
2399 1536 2501 1599 τῆς
2552 1531 2748 1607 σαρκὸς
2794 1533 2952 1587 ποσῖν
3001 1534 3430 1609 ὑπεπρώννυτο,
3478 1534 3569 1589 καὶ
3605 1534 3707 1609 βη-

2053 1636 2182 1688 μασι
2214 1619 2325 1687 (79)
2357 1615 2541 1673 ποδῶν
2589 1619 2868 1697 ἐμετρεῑτο
2915 1622 2979 1676 τά
3026 1622 3263 1694 κύματα,
3307 1622 3398 1677 καὶ
3438 1623 3502 1677 τὸ
3531 1620 3709 1678 πέλα-

2048 1725 2143 1779 γος
2172 1706 2311 1781 πρὸς
2340 1707 2439 1775 τήν
2472 1708 2661 1783 χρείαν
2704 1709 2779 1772 εἷς
2831 1706 3027 1789 ἔδαφος
3074 1713 3464 1787 μετεπήγνυτο.
3496 1710 3707 1781 Εἰσῆλ-

2051 1795 2138 1849 θεν
2171 1795 2200 1849 6
2233 1795 2465 1866 Ἰησοῦς,
2516 1797 2915 1872 κεκλεισμένων
2965 1804 3073 1854 τῶν
3125 1801 3326 1876 θυρῶν.
3360 1800 3575 1870 Καίτοι,
3607 1807 3708 1868 τῆς

271 1885 354 1942 cri
386 1885 540 1958 lapis
569 1884 865 1942 revolutus
897 1889 1006 1953 est,
1039 1904 1105 1942 ac
1128 1887 1496 1943 monumenti
1515 1889 1702 1957 janua
1733 1891 1935 1959 aperta

2067 1882 2389 1947 ἱναστάσεως
2441 1886 2759 1960 γινομένης,
2821 1890 2849 1942 ὁ
2908 1887 3004 1942 τοῦ
3059 1889 3232 1967 τάφου
3281 1888 3574 1944 κεκύλιστο
3626 1888 3710 1945 λί-

274 1975 405 2031 fuit.
438 1976 546 2032 Sed
582 1974 701 2030 illic
730 1975 966 2046 quidem
1000 1975 1362 2031 declaratum
1396 1980 1505 2045 est,
1528 1976 1683 2047 quod
1717 1975 1936 2031 visibili

275 2064 546 2137 sepulcro
577 2063 810 2132 accidit,
844 2064 1103 2137 idipsum
1132 2064 1367 2121 inferno
1400 2053 1775 2121 invisibiliter
1802 2081 1941 2121 con-

275 2152 486 2227 tigisse
533 2170 546 2207 :
603 2156 778 2225 atque
827 2157 1027 2225 aperto
1073 2157 1478 2221 monumento,
1527 2157 1777 2209 mortem
1812 2169 1941 2209 esse

280 2242 469 2300 multo
500 2242 692 2315 magis
724 2241 929 2312 januis
977 2246 1272 2314 expertem
1321 2243 1754 2314 deprehensum
1806 2242 1938 2298 fuit.

277 2331 715 2405 Oportuitenim
737 2348 855 2388 una
874 2348 1009 2388 cum
1026 2331 1253 2387 inferno
1271 2332 1557 2387 denudari
1577 2332 1938 2404 sepulcrum,

271 2426 329 2479 et
357 2437 490 2478 cum
521 2419 876 2490 visibilibus,
908 2421 1374 2492 inaspectabilia,
1406 2422 1656 2477 traduci.
1681 2421 1786 2477 Hic
1836 2437 1941 2477 au-

275 2516 396 2568 tem
428 2510 647 2567 clausis
693 2510 879 2565 intrat
916 2510 1153 2580 januis;
1201 2514 1266 2565 ut
1314 2509 1411 2582 qui
1463 2511 1619 2567 circa
1668 2526 1927 2567 resurre-

279 2601 534 2659 ctionem
553 2598 843 2655 increduli
897 2599 1189 2667 cssent,ad
1215 2599 1548 2671 ingressum
1571 2600 1948 2672 obstupesce-

280 2692 429 2761 rent,
462 2704 530 2745 ac
558 2687 843 2745 miraculo
877 2689 947 2744 ad
981 2687 1333 2744 miraculum
1364 2688 1524 2744 velut
1555 2705 1733 2744 manu
1765 2688 1940 2745 duce-

282 2783 507 2837 rentur.
539 2782 681 2833 Cum
723 2794 860 2850 ergo
891 2777 1161 2834 Christus
1208 2778 1647 2848 resurrexisset,
1680 2777 1943 2834 mulieri-

284 2869 397 2924 bus
430 2871 747 2939 antequam
776 2866 1083 2940 discipulis
1111 2870 1370 2939 apparet.
1396 2870 1475 2923 Ac
1504 2867 1784 2924 mulieres
1814 2884 1948 2939 apo-

285 2956 454 3014 stolis
503 2956 897 3029 praadicarunt
942 2956 1158 3014 Christi
1204 2957 1717 3023 resurrectionem,
1772 2960 1950 3029 atque

287 3046 434 3103 illud
458 3047 595 3119 jure
625 3046 857 3102 merito.
892 3047 975 3101 Ita
1006 3046 1161 3101 enim
1207 3044 1435 3101 illatum
1480 3063 1514 3101 a
1554 3045 1785 3101 diabolo
1824 3050 1947 3100 Eva:

288 3137 572 3193 damnum
597 3134 658 3190 in
682 3135 876 3207 ipsum
901 3135 1145 3192 cedebat
1163 3134 1488 3191 diabolum.
1507 3134 1672 3191 Unde
1694 3150 1949 3205 namque

286 3224 577 3297 processit
606 3225 869 3286 morbus.
901 3224 1039 3279 hinc
1071 3223 1297 3280 medela
1341 3224 1735 3297 progreditur.
1793 3225 1948 3281 896

290 3314 455 3372 Unde
483 3329 618 3370 orsa
647 3330 808 3370 mors
837 3318 949 3380 est,
974 3314 1110 3369 inde
1149 3318 1391 3386 apparet
1417 3314 1785 3371 resurrectio.
1820 3315 1947 3371 Mu-

288 3403 399 3461 lier
417 3419 672 3473 namque
691 3400 1181 3475 transgressionis
1209 3406 1299 3459 est
1327 3419 1526 3470 causa,
1546 3420 1613 3459 ac
1634 3420 1820 3476 praeco
1852 3420 1944 3459 re-

291 3491 672 3552 surrectionis
711 3510 725 3561 ;
789 3508 921 3564 qua:
953 3492 1206 3564 primum
1262 3492 1554 3548 Adamum
1602 3493 1674 3549 ad
1719 3492 1952 3567 lapsum

291 3581 544 3649 induxit,
607 3582 925 3638 secundum
969 3582 1260 3637 Adamum
1312 3580 1701 3639 resurrexisse
1777 3585 1957 3638 testa-

297 3674 414 3728 tur.
1287 3705 1290 3709 η

366 3761 418 3817 3.
451 3758 633 3815 Visus
663 3762 753 3816 est
780 3758 981 3831 itaque
1009 3758 1277 3815 Christus
1308 3758 1590 3831 apostolis
1621 3759 1679 3815 in
1711 3759 1961 3817 aedicula

298 3848 569 3913 occultis,
601 3852 778 3921 atque
824 3849 1129 3921 ingressus
1176 3852 1266 3905 est
1289 3849 1494 3919 januis
1524 3849 1759 3906 clausis.
1800 3849 1954 3906 Tho-

298 3955 427 3996 mas
475 3952 608 3994 vero
664 3935 764 4009 qui
814 3950 1071 4008 praesens
1122 3953 1238 3993 non
1289 3937 1498 4005 fuerat,
1531 3937 1873 3994 incredulus
1904 3941 1962 3993 et

303 4030 680 4101 conspectum
695 4025 1336 4098 desiderans,auditum
1350 4043 1465 4082 non
1488 4026 1557 4082 ad
1568 4026 1963 4099 mittebat,au-

303 4135 395 4174 res
426 4115 755 4186 claudebat,
788 4115 1032 4187 cupiens
1081 4116 1307 4187 aperire
1354 4114 1559 4172 oculos
1605 4133 1617 4171 :
1669 4116 1960 4173 desiderio

302 4205 662 4272 vulneratus,
700 4221 834 4261 cum
866 4221 1006 4261 voce
1056 4204 1328 4261 feriretur
1357 4221 1368 4258 :
1406 4226 1434 4255 «
1460 4204 1585 4261 Nisi
1616 4205 1847 4261 mittam
1882 4206 1964 4260 di-

302 4297 489 4369 gitum
546 4310 742 4351 meum
781 4294 1027 4350 ﬁxuram
1083 4292 1407 4359 clavorum,
1457 4297 1515 4351 et
1562 4294 1793 4350 mittam
1846 4312 1965 4350 ma-

302 4401 447 4441 num
480 4399 669 4440 meam
701 4383 760 4437 in
793 4382 954 4439 latus
994 4383 1141 4453 ejus,
1165 4399 1280 4438 non
1314 4382 1549 4438 credam
1572 4383 1639 4438 3‘.
1669 4404 1695 4432 ι)
1727 4382 1970 4442 Insatia-

302 4473 438 4531 bilis
470 4473 680 4529 affectu
708 4472 972 4528 Thomas
996 4472 1171 4528 ﬁdem
1196 4487 1310 4528 non
1333 4470 1970 4540 adhibens,increduli-

300 4567 483 4619 tatem
515 4560 917 4634 prmtendit,ut
940 4562 1170 4617 fruatur
1187 4559 1969 4635 conspectu.Solvet,inquit,

2050 1971 2141 2034 θος
2168 1974 2302 2045 (80),
2334 1973 2424 2028 καὶ
2453 1976 2488 2044 ἡ
2519 1979 2617 2029 τοῦ
2651 1977 2938 2049 μνήματος
2969 1975 3319 2051 ἀνεστόμωτο
3359 1976 3515 2054 θύρα.
3552 1976 3714 2033 Ἀλλ’

2051 2058 2163 2116 ἐκεῖ
2193 2062 2288 2134 μέν
2339 2059 2584 2140 ἐδείχθη,
2636 2063 2721 2120 ὅτι
2773 2066 2906 2140 ἅπερ
2953 2062 3191 2142 ἔπασχεν
3222 2067 3250 2121 6
3286 2068 3458 2145 τάφος
3490 2065 3710 2145 ὁρώμε-

2048 2170 2156 2221 νος,
2200 2154 2368 2206 ταῦτα
2413 2154 2441 2207 ὁ
2494 2148 2627 2223 ᾅδης
2675 2153 2919 2228 ἀοράτως
2974 2155 3224 2229 ὑπέμενε·
3275 2156 3366 2211 καὶ
3417 2155 3710 2231 ἀνοιγομέ-

2049 2260 2145 2295 νου
2190 2243 2287 2296 τοῦ
2335 2242 2642 2313 μνήματος,
2693 2243 2972 2318 ἀθύρωτος
3027 2242 3193 2300 πλέον
3248 2245 3362 2318 (BI)
3405 2244 3434 2299 6
3486 2246 3711 2309 θάνατος

2050 2325 2424 2404 ἀπηλέγχετο·
2457 2324 2564 2384 ἔδει
2612 2331 2713 2406 γάρ
2764 2328 3309 2407 συναπογυμνοῦσθαι
3356 2336 3438 2404 τῷ
3487 2328 3589 2407 ᾅδῃ
3617 2334 3709 2388 τὸν

2049 2417 2241 2494 τάφον,
2274 2416 2364 2471 καὶ
2394 2423 2512 2480 τοῖς
2545 2420 2851 2491 ὁρωμένοις
2881 2421 2950 2475 τὰ
2985 2421 3060 2495 μή
3095 2422 3392 2499 φαινόμενα
3443 2422 3556 2495 (82)
3588 2442 3717 2491 στη-

2054 2503 2379 2570 λιτεόεσθαι·
2409 2505 2636 2563 ἐνταῦθα
2665 2506 2724 2564 δὲ
2751 2514 2860 2564 τῶν
2891 2510 3066 2585 θυρῶν
3098 2508 3501 2582 κεκλεισμένων
3541 2509 3715 2586 εἰσέρ-

2054 2613 2232 2671 χεται·
2262 2593 2355 2651 τίνα
2388 2596 2439 2651 οἱ
2473 2597 2595 2673 περὶ
2624 2599 2723 2666 τήν
2769 2596 3053 2653 ἀνάστασιν
3108 2598 3459 2661 ἀπιστοῦντες
3506 2598 3711 2655 ἐκπλα-

2054 2687 2193 2759 γῶσι
2222 2685 2323 2753 τὴν
2344 2682 2572 2757 εἴσοδον,
2590 2687 2679 2741 καὶ
2702 2689 3159 2763 χειραγωγηθῶσι
3186 2687 3322 2762 πρὸς
3343 2689 3406 2744 τὸ
3428 2692 3611 2761 θαῦμα
3631 2693 3712 2759 τῷ

2054 2772 2308 2846 θαύματι.
2356 2775 2615 2838 ’Δναστάς
2660 2774 2751 2832 οὗν
2803 2778 2831 2831 ὁ
2860 2777 3093 2853 Χριστὸς
3140 2778 3247 2853 πρὸ
3274 2782 3383 2832 τῶν
3444 2779 3704 2850 μαθητῶν

2053 2867 2175 2925 ταῖς
2206 2863 2442 2938 γυναιξὶν
2496 2863 2840 2944 ἐμφανίζεται
2884 2869 3017 2938 (83)'
3069 2865 3160 2921 καὶ
3207 2866 3261 2921 αἱ
3309 2872 3558 2940 γυναῖκες
3589 2873 3711 2929 τοῖς

2059 2950 2387 3015 ἀποστόλοις
2423 2952 2846 3029 εὐηγγελίζοντο
2875 2959 2974 3011 τοῦ
3004 2955 3239 3030 Χριστοῦ
3270 2956 3369 3023 τὴν
3405 2953 3712 3023 ἀνάστασιν,

2057 3040 2147 3096 καὶ
2176 3046 2339 3096 τοῦτο
2371 3040 2615 3105 εἲκότως.
2652 3043 2811 3101 Οὕτω
2848 3045 2951 3119 γὰρ
2993 3051 3101 3113 τῆς
3146 3042 3287 3106 Εὔας
3312 3046 3347 3114 ἡ
3380 3042 3608 3121 ἐπήρεια
3636 3049 3716 3117 τῆ)

2060 3125 2308 3202 διαϐόλῳ
2358 3130 2760 3207 περιετρέπετο.
2809 3134 2971 3191 ’Ὀθεν
3021 3132 3121 3207 γὰρ
3170 3130 3400 3187 ὥδευσεν
3445 3135 3481 3203 ἡ
3531 3134 3714 3205 νόσος,

2061 3216 2260 3274 ἐκεῖθεν
2294 3221 2329 3289 ἡ
2366 3218 2623 3297 θεραπεία
2650 3216 2871 3297 ἔρχεται
2913 3223 3047 3295 (84).
3080 3222 3239 3277 ’Όθεν
3280 3222 3309 3276 6
3352 3222 3578 3285 θάνατος
3615 3219 3717 3296 ἤρ-

2062 3306 2226 3378 ξατο,
2258 3306 2455 3372 ἐκεῖθεν
2514 3309 2549 3378 ἡ
2609 3308 2894 3373 ἀνάστασις
2953 3309 3216 3388 φαίνεται.
3277 3310 3417 3379 Γυνή
3465 3310 3570 3387 γὰρ
3616 3318 3719 3381 τῆς

2067 3392 2424 3469 παραϐάσεως
2482 3395 2648 3467 αἰτία,
2705 3396 2795 3453 καὶ
2851 3400 2949 3467 τῆς
3009 3398 3347 3460 ἀναστάσεως
3402 3399 3576 3475 κήρυξ
3610 3418 3622 3431 ·
3683 3402 3719 3469 ἡ

2066 3485 2159 3540 τὸν
2193 3489 2408 3559 πρῶτον
2442 3482 2619 3559 Ἀδὰμ
2662 3486 2798 3561 πρὸς
2846 3488 2945 3556 τήν
2995 3491 3201 3542 πτῶσιν
3244 3489 3720 3564 χειραγωγήσασπι,

2070 3574 2161 3629 τὸν
2200 3571 2447 3649 δεύτερον
2481 3571 2659 3647 ’Δδάμ
2688 3574 2984 3631 ἀναστάντα
3016 3574 3364 3652 μαρτύρεται.

2146 3753 2202 3809 3.
2232 3752 2410 3829 ’Ώφθη
2443 3749 2764 3826 τοίνυν
2817 3752 2907 3807 καὶ
2953 3757 3070 3815 τοῖς
3116 3751 3446 3815 ἀποστόλοις
3496 3755 3728 3828 Χριστὸς

2079 3840 2139 3897 ἐκ
2167 3838 2309 3913 οἱειῳ
2337 3840 2756 3916 κεκρυμμένοις,
2789 3841 3011 3913 εῗσῆλθε
3051 3847 3159 3897 τῶν
3204 3844 3380 3917 θυρῶν
3410 3841 3731 3917 κεκλεισμέ-

2076 3950 2207 3987 νων.
2258 3929 2364 3985 Καὶ
2413 3930 2630 3986 ἀπιστεῖ
2665 3934 2783 3993 τοῖς
2832 3930 3147 4006 γινομένοις
3202 3931 3279 4004 μή
3329 3931 3517 4006 παρὼν
3550 3933 3579 3987 ὁ
3610 3939 3731 3988 Θω-

2083 4024 2186 4092 μᾶς
2222 4036 2236 4053 ⁸
2267 4019 2358 4074 καὶ
2402 4021 2588 4075 ποθῶν
2635 4020 2734 4088 τὴν
2789 4019 2934 4092 θέαν,
2975 4021 3076 4090 τὴν
3128 4020 3293 4090 ἀκοὴν
3345 4020 3728 4101 ἀπεστρέφετο·

2078 4104 2304 4186 ἕφραττε
2332 4109 2430 4178 τὴν
2460 4108 2657 4179 ἀκοὴν,
2685 4109 2816 4173 τοὺς
2864 4108 3184 4188 ὀφθαλμοὺς
3231 4108 3555 4166 ἀναπετάσαι
3610 4112 3735 4187 βου-

2080 4196 2332 4272 λόμενος·
2366 4197 2665 4269 ἐπλήττετο
2712 4203 2792 4271 τῷ
2841 4198 3018 4272 πόθῳ,
3071 4195 3160 4253 διά
3212 4206 3398 4277 φωνῆς
3442 4200 3732 4274 τοξευόμε-

2079 4307 2195 4350 νος’
2234 4311 2261 4341 ιι
2293 4287 2416 4344 Ἑάν
2453 4288 2530 4360 μή
2569 4285 2725 4364 βάλω
2752 4288 2843 4342 τὸν
2878 4284 3144 4342 δάκτυλόν
3183 4308 3288 4361 μου
3319 4287 3396 4350 είς
3423 4289 3517 4343 τὸν
3563 4289 3733 4346 τόπον

2080 4381 2187 4432 τῶν
2220 4375 2397 4446 ἥλων,
2429 4375 2520 4431 καὶ
2556 4375 2712 4451 βάλω
2762 4378 2862 4446 τὴν
2892 4378 3057 4452 χεῖρά
3103 4397 3208 4450 μου
3257 4376 3333 4439 είς
3362 4378 3463 4446 τήν
3496 4377 3734 4455 πλευρὰν

2083 4466 2271 4533 αὐτοῦ,
2305 4464 2366 4519 οὐ
2419 4466 2494 4538 μή
2541 4464 2833 4522 πιστεύσω.
2871 4489 2897 4516 ››
2937 4463 3257 4535 ’Ἃπληστος
3308 4468 3421 4540 (86)
3451 4469 3588 4543 πρὸς
3619 4466 3740 4524 διά..

2084 4556 2251 4621 θεσιν,
2304 4554 2395 4608 καὶ
2448 4554 2525 4626 μή
2582 4554 2848 4610 πιστεύων
2878 4554 2907 4607 6
2938 4559 3159 4627 Θωμᾶς,
3193 4549 3568 4630 προϐάλλεται
3614 4556 3738 4613 ἀπι-

305 4649 839 4707 incredubilitatem
865 4664 1053 4705 meam
1076 4665 1210 4705 curn
1235 4648 1574 4721 apparuerit
1599 4667 1611 4703 :
1634 4648 1863 4705 mittam
1886 4650 1945 4706 di

2085 4640 2377 4714 στίαν,⁹ίνα
2404 4642 2688 4718 ἀπολαύσῃ
2734 4650 2835 4713 τῆς
2887 4642 3135 4718 θεωρίας.
3187 4644 3350 4698 Λύσει
3403 4665 3529 4717 μου,
3581 4646 3735 4723 φησὶ,

2126 4738 2136 4749 ι
2218 4734 2231 4749 ο
2380 4731 2391 4749 Ι
2630 4732 2641 4749 Ι
2730 4733 2759 4749 II
2803 4731 2822 4749 ἢ
2844 4735 2873 4747 III
2952 4734 2966 4749 ς
3040 4729 3066 4749 ᾗ
3088 4733 3098 4749 1
3209 4729 3229 4749 ‘
3262 4731 3274 4749 1
3526 4733 3545 4749 ι
3674 4735 3685 4749 ι

305 4740 494 4812 gitum
527 4754 726 4795 meum
758 4738 818 4794 in
850 4738 1072 4795 ﬁxuras
1103 4737 1403 4793 clavorum
1440 4755 1453 4792 :
1487 4753 1660 4807 quem
1694 4738 1950 4795 desiderc

2075 4738 2174 4803 τὴν
2207 4731 2455 4788 ἀπιστίαν
2489 4732 2692 4811 φανείς
2730 4731 2885 4808 βαλῶ
2913 4734 3003 4788 τὸν
3037 4729 3305 4787 δάκτυλόν
3344 4754 3451 4806 μου
3497 4733 3573 4797 εἷς
3605 4735 3736 4797 τοὺς

308 4827 623 4885 Dominum
657 4826 1088 4899 complexabor.
1112 4827 1449 4900 Redarguat
1470 4825 1966 4896 incredulitatem,

310 4922 367 4975 et
394 4918 778 4989 conspectum
810 4914 1117 4989 largiatur.
1149 4915 1224 4972 Ut
1250 4914 1593 4972 incredulus
1622 4915 1850 4988 videbo,
1866 4916 1968 4973 sed

382 5043 430 5077 "
458 5040 631 5099 Joan.
662 5056 758 5107 xx,
787 5039 879 5107 25,

385 5173 499 5248 (77)
528 5175 670 5248 Reg.
706 5175 756 5243 1,
778 5177 843 5248 ,2,
876 5177 933 5230 et
960 5173 1147 5248 σίδη),
1198 5171 1260 5226 τὸ
1308 5175 1435 5248 τῶν.
1462 5172 1764 5248 ἀνθρώπων
1793 5173 1973 5248 γένος.

316 5242 448 5319 Mox
479 5242 669 5319 'priu's
700 5242 888 5319 pedit”
948 5243 1039 5319 καὶ
1095 5243 1247 5319 γένος
1308 5243 1522 5319 θανάτῳ
1564 5242 1973 5319 ’λῃστευόμενον

318 5266 448 5305 mox
502 5266 669 5319 prius
724 5266 888 5313 eam,
948 5266 1039 5299 και
1131 5266 1247 5306 ενος
1308 5266 1522 5315 θανατῳ
1581 5266 1973 5319 Λῃστευομενον

318 5316 508 5408 ἀσῦλῳ
538 5317 758 5408 ⁷χωρίῳ
807 5316 887 5388 τῷ
936 5266 1176 5408 οὗρξνῖῳ
1232 5317 1562 5408 κατοικήσῃκ
1610 5321 1864 5408 Εξδεκιιιῐ
1914 5318 1977 5373 in

318 5339 508 5390 ασυΛῳ
607 5339 709 5402 ωρι
807 5339 887 5388 τῳ
936 5339 1176 5408 ουρανιῳ
1232 5339 1547 5391 κατοικησῃ.
1610 5339 1750 5375 mss.
1797 5339 1864 5375 ur,
1914 5339 1977 5373 ιη

317 5339 685 5464 text_u.__l§1d_.
713 5339 955 5464 Ιἕᾼῐϊιδξη
1021 5389 1172 5464 Ωφθη
1220 5385 1384 5441 πάλιν
1437 5386 1573 5461 μετά
1598 5389 1697 5457 τήν
1750 5389 1977 5443 ἀνάστα-

321 5483 409 5536 σιν
426 5460 720 5536 ,ὀί-Χριστὸς
756 5455 998 5536 δευτέρᾳ.

414 5528 547 5606 ⁷7η·
564 5533 760 5606 ναις-ν
794 5528 1205 5606 Micio-J2m-

416 5601 525 5675 78)
568 5601 755 5675 Sic"3
778 5671 791 5675 _
811 5620 956 5675 mss.
1019 5603 1169 5658 Editi
1230 5617 1362 5656 vero
1393 5642 1436 5675 ,_
1465 5601 1979 5675 ἀπεργασόμενος...

327 5671 660 5746 ἀτείχιστον,
691 5672 743 5728 τί
774 5671 885 5729 ἐκεῖ
919 5671 1002 5746 δεῖ
1028 5678 1137 5746 τῶν
1164 5676 1339 5746 θυρῶν
1371 5672 1492 5741 τήν,
1525 5671 1634 5730 etc;

396 5692 660 5799 ειχθιστον,
691 5692 743 5728 τι
774 5692 884 5729 εκει
919 5692 1001 5729 est
1028 5694 1137 5728 των
1164 5692 1289 5746 θυριι

396 5747 458 5817 (7
501 5744 518 5816 )
551 5749 638 5802 Ita
669 5761 812 5803 mss.
845 5745 1022 5815 Editi,
1059 5745 1289 5820 βήματι.

2076 4821 2279 4885 τύπους
2331 4827 2439 4879 τῶν
2496 4821 2673 4894 ἠλωνο
2708 4823 3004 4891 Δεσπότην,
3061 4822 3122 4877 ’ὀν
3182 4826 3358 4892 ποθῶ,
3409 4824 3735 4900 περιπτύξο-

2084 4933 2203 4986 μαι.
2252 4911 2572 4988 Μεμψάσθω
2628 4913 2727 4981 τήν
2788 4910 3061 4982 ἀπιστίαν,
3119 4910 3211 4966 καὶ
3270 4914 3593 4988 χαρισάσθω
3639 4915 3739 4983 τήν

2156 5171 2273 5245 (80)_
2303 5172 2388 5229 Ita
2415 5186 2823 5245 msstgogmnes.
2859 5170 3029 5240 Editi,
3064 5167 3396 5240 ἐξεκύλιστο.
3430 5177 3552 5228 Mox
3583 5187 3731 5227 mss.

2086 5242 2454 5316 ἀνέστόμωτο.
2490 5242 2664 5314 Editi,
2698 5242 3084 5316 ἁνεστσμσῦτο.
3148 5313 3157 5316 Α
3224 5311 3233 5316 _
3376 5269 3395 5287 ο

2157 5316 2266 5456 (81)
2283 5310 2385 5371 Ἰιο
2405 5331 2613 5371 omnes
2634 5310 2779 5371 mss.
2802 5310 2956 5370 Editi
2978 5311 3418 5390 νενο,ἁθύρωτον
3441 5310 3733 5386 σπήλαιον.

2178 5388 2267 5456 82)
2300 5390 2463 5456 Mss.,
2497 5386 2571 5456 μὴ
2610 5383 2881 5456 ὁρώμενα.
2913 5387 3070 5442 Infra
3103 5385 3219 5441 duo
3274 5402 3443 5456 mss.,
3482 5387 3607 5456 περὶ
3635 5388 3733 5456 τήν

2099 5458 2112 5477 1
2159 5383 2267 5476 (82)
2300 5390 2463 5458 Mss.,
2497 5386 2571 5458 μὴ
2610 5383 2881 5461 ὁρώμενα.
2913 5387 3070 5442 Infra
3103 5383 3443 5456 duo'mes.,
3482 5383 3607 5464 περὶ
3635 5388 3735 5457 τήν

2088 5476 2392 5513 αναστασιν.

2160 5530 2274 5597 (83)
2305 5530 2446 5585 M88.
2464 5569 2477 5593 ,
2505 5531 2631 5602 ταῖς
2656 5526 2892 5598 γυναιξὶν
2927 5527 3154 5602 ἑωρᾶτο.

2161 5602 2270 5675 (8ζι)
2307 5602 2471 5675 Mss,
2503 5600 2853 5675 προέρχεται.

2164 5668 2275 5742 (85)
2308 5673 2391 5727 lta
2420 5668 2564 5728 mss;
2599 5668 2749 5727 Editi
2782 5687 2935 5741 vero,
2974 5668 3154 5725 τοίνυν
3185 5670 3320 5742 μετά
3350 5676 3535 5729 τοῦτο.

2164 5740 2279 5817 (86)
2309 5743 2404 5801 Sic
2434 5760 2577 5804 mss.
2610 5760 2819 5802 omnes
2844 5740 2997 5800 Editi
3027 5740 3194 5811 vero,
3216 5740 3464 5805 ἄπιστος.
