4120 6370
421 433 574 495 1085

416 564 642 642 θεωρίαν
655 611 666 623 .
701 568 787 630 Ὡς

418 655 602 727 ξομαι,
632 657 722 710 καὶ
754 657 1071 716 ἀπολαύσω.
1105 658 1230 717 Ἰδω
1262 667 1450 737 χεῖρας
1499 663 1840 738 ὀρυχθείσας,
1873 662 1942 718 δι’
1989 665 2060 718 ὧν

416 746 471 799 αἱ
529 741 835 820 παραϐᾶσαι
891 752 987 802 τοῦ
1019 746 1195 823 Ἀδὰμ
1248 749 1670 824 ἐθεραπεύθησαν
1726 759 1926 829 χεῖρες·
1963 751 2063 807 ἴδω

415 831 680 909 πλευρὰν,
711 832 780 890 δι’
810 839 878 905 ἧς
909 839 936 892 ὁ
969 836 1028 892 ἐκ
1067 845 1165 908 τῆς
1215 839 1452 916 πλευρᾶς
1502 841 1764 918 ἀνῄρηται
1813 844 2060 906 θάνατος.

415 923 638 994 Θεατὴς,
672 923 770 979 οὐκ
806 926 1095 998 ἀκροατὴς,
1142 933 1239 983 τοῦ
1289 929 1557 985 Δεσπότου
1605 931 1842 1006 γενέσθαι
1895 930 2058 994 θέλω.

413 1017 489 1086 Τῇ
524 1010 773 1088 διηγήσει
806 1013 971 1070 πλέον
1010 1015 1145 1091 πρὸς
1188 1018 1474 1091 ἐπιθυμίαν
1526 1021 1852 1094 ἀνάπτομαι·
1890 1019 1956 1075 δι’
1988 1023 2059 1075 ὧν

417 1101 850 1177 εὖαγγελίζεσθε,
885 1103 972 1159 διὰ
1001 1106 1208 1161 τούτων
1237 1110 1336 1176 τὴν
1371 1107 1566 1180 ὀδύνην
1611 1110 1871 1184 ἐπαυξῆτε
1901 1115 2060 1186 (86‘).

420 1192 559 1266 Ἐγὼ
614 1189 670 1246 δὲ
732 1214 836 1265 μου
897 1195 1208 1270 θεραπεύσω
1263 1199 1361 1267 τήν
1411 1198 1582 1265 ἀνίαν,
1633 1202 1731 1269 τὴν
1781 1200 2060 1276 θεραπείαν

419 1281 936 1357 προχειριζόμενος.

492 1374 545 1427 4.
575 1369 732 1426 Ἀλλ’
761 1371 916 1436 αὖθις
945 1382 1124 1450 παρῆν
1153 1377 1180 1429 ὁ
1213 1377 1508 1449 Δεσπότης.
1544 1379 1635 1433 καί
1684 1379 1799 1436 λύει
1848 1379 1926 1454 τῷ
1970 1403 2066 1454 μα-

429 1460 564 1532 θητῇ
601 1461 736 1532 μετά
761 1464 860 1531 τῆς
893 1463 1040 1526 ἀνίας
1071 1467 1170 1533 τήν
1207 1468 1474 1524 ἀπιστίαν.
1509 1467 1738 1524 Μᾶλλον
1787 1468 1843 1524 δὲ
1875 1471 1934 1524 οὐ
1965 1473 2064 1539 τὴν

430 1550 672 1604 ἀπιστίαν
728 1548 936 1621 ἔλυσεν,
965 1553 1110 1608 ἀλλά
1154 1557 1252 1624 τήν
1298 1556 1582 1630 ἐπιθυμίαν
1617 1558 1893 1630 ἐνέπλησε.
1931 1567 2068 1634 Παρ-

428 1646 492 1707 ἧν
550 1641 655 1693 τῶν
718 1645 904 1713 θυμῶν
962 1643 1378 1717 κεκλεισμένων·
1415 1648 1780 1723 ἀπιστουμένῃ
1838 1651 1930 1720 θὲᾳ
1983 1671 2070 1704 πι-

425 1733 640 1784 στοῦται
685 1731 783 1797 τήν
839 1731 1239 1805 ἀπιστουμένην
1291 1732 1596 1790 ἀνάστασιν·
1649 1738 1735 1792 καὶ
1785 1736 1947 1791 πάλιν
1996 1736 2071 1792 δι-

424 1815 711 1888 πλασιάζει
747 1820 810 1874 τὸ
865 1825 1062 1894 θαῦμα,
1112 1820 1202 1876 ’ίνα
1249 1821 1660 1901 πληροφορησῃ
1710 1826 1800 1881 τὸν
1847 1833 2067 1900 Θωμᾶν.

1541 441 1805 502 SISRMU
1853 444 1926 502 IN
1977 441 2341 501 SANCTUM
2397 441 2712 502 PASCIIA.

3673 443 3828 502 1086

847 570 1070 633 ἄπιστος
1129 569 1251 642 ἴδω,
1285 573 1374 628 καὶ
1432 575 1507 636 ὡς
1567 575 1755 636 πιστὸς
1811 572 2068 647 περιπτύ-

2195 578 2244 629 Jt
2285 574 2475 630 fidelis
2525 575 2954 646 complexabor,
3007 579 3182 648 atque
3237 576 3522 649 perfruar.
3576 575 3821 630 Videam

2175 664 2478 719 confossas
2510 681 2740 726 manus.
2775 665 2991 736 quibus
3023 667 3154 720 Ada:
3188 683 3400 720 manus
3433 663 3818 736 prmvaricatre

2175 754 2414 809 sanitati
2468 760 2608 808 sunt
2657 755 3225 809 restitutae.Videam
3286 755 3461 818 latus,
3515 771 3616 825 per
3665 754 3818 824 quod

2175 859 2331 898 mors
2363 843 2432 897 de
2465 842 2642 897 latere
2675 860 2986 914 progressa
3016 843 3250 898 sublata
3311 843 3434 897 fuit.
3495 843 3818 914 Spectator,

2175 947 2290 985 non
2322 931 2574 997 auditor,
2608 932 2842 987 Domini
2875 949 3003 988 esse
3031 932 3178 987 volo.
3203 931 3543 986 Narratione
3573 933 3640 985 ad
3678 932 3824 985 desi-

2174 1019 2399 1074 derium
2435 1021 2569 1091 plus
2594 1022 2919 1076 accendor:
2956 1022 3026 1075 iis
3050 1038 3176 1092 qua:
3211 1020 3817 1084 annuntiatis,iisdem
3854 1039 3863 1045 -

2175 1109 2399 1179 augetis
2430 1110 2706 1164 dolorem.
2751 1111 3023 1165 Medebor
3053 1117 3246 1164 autem
3276 1109 3546 1176 tristitiae,
3583 1109 3680 1162 ubi
3707 1125 3817 1180 przn

2174 1198 2446 1254 manibus
2470 1199 2641 1254 fuerit
2669 1200 2980 1255 medicina.

2248 1378 2300 1431 4.
2335 1377 2440 1431 Sed
2477 1378 2686 1432 iterum
2712 1379 2875 1433 adest
2907 1378 3208 1445 Dominus,
3244 1382 3417 1450 atque
3467 1395 3585 1432 una
3613 1393 3818 1432 mcero-

2176 1483 2298 1523 rem
2332 1467 2867 1538 discipulolevat,et
2885 1468 3375 1523 incredulitatem.
3401 1467 3685 1538 Atpotius
3707 1483 3818 1521 non

2177 1557 2390 1611 levavit
2439 1557 2930 1628 incredulitatem,
2981 1558 3081 1613 sed
3140 1557 3500 1613 desiderium
3549 1555 3817 1627 explevit.

2177 1648 2616 1718 Aderatjanuis
2666 1648 2884 1703 clausis
2919 1667 2931 1705 :
2967 1648 3294 1705 incredibili
3342 1652 3658 1720 conspectu
3705 1664 3818 1702 non

2181 1737 2464 1791 creditam
2497 1737 2979 1793 resurrectionem
3013 1738 3323 1793 conﬁrmat
3354 1756 3366 1793 :
3403 1741 3579 1809 atque
3609 1735 3821 1792 iterum

2183 1825 2534 1881 miraculum
2567 1827 2847 1897 geminat,
2891 1832 2956 1881 ut
2984 1828 3270 1882 Thomam
3295 1826 3602 1882 certiorem
3635 1826 3826 1881 faciat.

430 1931 451 1956 ι
489 1905 664 1979 Βάλε,
724 1908 890 1985 φησὶ,
949 1916 1039 1964 τὸν
1123 1910 1386 1966 δάκτυλόν
1468 1935 1563 1967 σου
1623 1915 1698 1976 εἰς
1755 1915 1845 1970 τόν
1902 1915 2070 1971 τύπον

431 1999 490 2017 7"
599 1995 656 2017 (Ι.
763 2016 766 2017 ,
863 1998 882 2014 η
983 1999 1071 2017 νυν
1249 2002 1262 2017 ς
1330 2001 1340 2017 1
1622 2003 1633 2017 1
1821 2005 1834 2017 ς
1903 2004 1937 2017 ις

2195 1937 2210 1964 ι
2248 1916 2420 1980 Infer,
2461 1939 2485 1961 η
2519 1915 2760 1987 inquit,»
2795 1915 3042 1987 digitum
3073 1921 3235 1971 tuum
3269 1915 3326 1970 in
3362 1917 3607 1970 fixuram
3641 1913 3832 1970 clavo-

422 1999 531 2049 τῶν
592 1995 770 2064 ἥλωνο
805 2021 832 2049 ››
863 1998 920 2052 ὃν
979 1999 1186 2070 ἐζήτεις
1239 2001 1461 2068 ἀπόντα,
1495 2003 1758 2075 παρόντος
1811 2004 2072 2063 ἀπόλαυε.

426 2082 565 2142 Οἶδά
595 2107 690 2140 σου
719 2087 817 2155 τήν
849 2086 1134 2161 ἐπιθυμίαν
1162 2090 1251 2144 καὶ
1310 2096 1643 2154 σιωπῶντος
1673 2095 1778 2170 πρὸ
1828 2099 1936 2149 τῶν
1989 2094 2079 2150 λό-

428 2195 565 2249 γων,
610 2175 709 2243 τὴν
752 2177 980 2249 γνώμην
1032 2177 1346 2251 ἐπίσταμαι.
1395 2181 1630 2236 ’Ἠκουόν
1680 2203 1774 2237 σου
1829 2187 1938 2237 τῶν
1988 2183 2081 2258 ῥη-

438 2263 642 2336 μάτιον,
699 2265 788 2319 καὶ
849 2267 924 2338 μὴ
991 2265 1355 2342 βλεπόμενος,
1415 2273 1680 2344 παρήμην
1744 2272 2079 2342 ἀπιστοῦντι,

433 2354 522 2406 καὶ
557 2355 630 2424 μὴ
666 2354 1014 2429 φαινόμενος,
1048 2355 1313 2412 ἐνεδίδουν
1346 2362 1460 2432 (87)
1484 2359 1553 2433 τῇ
1603 2360 1824 2430 ἀπιστίᾳ
1870 2362 2081 2437 καιρὸν,

431 2439 523 2495 ’ίνα
555 2463 648 2496 σου
674 2444 773 2511 τήν
807 2442 1089 2516 ἐπιθυμίαν
1125 2447 1405 2518 θαυμάσω.
1444 2470 1472 2495 α
1503 2446 1647 2504 Βάλε
1673 2449 1763 2502 τὸν
1817 2446 2081 2504 δάκτυλόν

441 2552 534 2586 σου
567 2531 641 2593 ε”ς
660 2532 788 2594 τοὺς
820 2533 1022 2597 τόπους
1044 2539 1151 2590 τῶν
1185 2534 1360 2604 ἥλων
1385 2537 1473 2591 καὶ
1510 2536 1642 2612 βάλε
1670 2540 1768 2606 τὴν
1802 2540 1964 2614 χεῖρά
1989 2560 2084 2593 σου

441 2620 514 2682 εἷς
567 2622 665 2690 τήν
726 2621 962 2698 πλευράν
1021 2645 1146 2696 μου,
1177 2624 1266 2678 καὶ
1329 2627 1403 2698 μή
1460 2625 1611 2701 γίνου
1665 2625 1907 2695 ἄπιστος,
1941 2626 2088 2683 ἀλλὰ

439 2711 650 2773 πιστός.
679 2735 706 2762 ››
737 2713 797 2769 Ὁ
830 2709 886 2766 δὲ
917 2719 1136 2785 Θωμᾶς,
1171 2713 1523 2791 ψηλαφήσας,
1556 2715 1644 2770 καὶ
1681 2717 1780 2784 τήν
1833 2717 2084 2772 ἀπιστίαν

439 2799 705 2875 ἐξορίσας,
737 2800 912 2856 πίστει
974 2801 1258 2878 εἷ’λικρινεῐ
1312 2803 1400 2858 καὶ
1459 2804 1614 2878 πόθῳ
1665 2812 1953 2872 θεοπρεπεῖ
1997 2806 2084 2861 xs-

434 2908 652 2963 κραγεν·
687 2915 714 2941 ι(
747 2891 808 2947 Ὀ
841 2890 1035 2964 Κύριός
1089 2913 1192 2964 μου
1236 2891 1324 2946 καὶ
1354 2893 1381 2947 ὁ
1412 2889 1540 2954 Θεός
1578 2915 1703 2966 μου.
1741 2918 1768 2944 ››
1802 2894 1902 2950 Καί
1953 2916 2085 2971 φησι

435 2979 570 3052 πρὸς
609 2979 768 3033 αὐτὸν
819 2981 848 3033 ὁ
895 2981 1115 3054 Κύριοςο
1151 3006 1178 3031 ‹‹
1212 2983 1330 3034 ’Ότι
1380 2982 1619 3057 ἑώρακάς
1665 3005 1752 3055 με,
1797 2983 2084 3038 πεπίστευ-

432 3087 558 3129 κας·
621 3067 874 3143 μακάριοι
935 3073 1050 3141 (88)
1108 3071 1160 3124 οἱ
1223 3071 1296 3143 μή
1357 3069 1584 3138 ἰδόντες,
1616 3072 1705 3126 καὶ
1765 3072 2081 3127 πιστεύσαν-

435 3177 541 3217 τες,
569 3177 594 3209 η
636 3157 898 3232 Κήρυξον,
947 3163 1138 3229 Θωμᾶ,
1185 3159 1302 3219 τοῖς
1366 3159 1441 3231 μὴ
1502 3159 1767 3234 ὲωρακόσι
1830 3180 1935 3229 μου
1981 3161 2080 3228 τὴν

441 3245 740 3299 ἀνάστασιν.
776 3245 1042 3301 Ἔλκυσον
1074 3248 1170 3314 τήν
1230 3247 1576 3320 οἰκουμένην,
1607 3247 1706 3302 οὐκ
1749 3247 2080 3326 ὀφθαλμοῖς,

437 3333 582 3390 ἀλλὰ.
637 3330 824 3410 λόγοις
879 3337 1254 3391 πιστεύουσαν·
1306 3337 1555 3412 περίελθε
1619 3333 1904 3411 βαρϐάρων
1955 3337 2078 3408 ἔθνη

439 3422 526 3477 καὶ
577 3423 788 3487 πόλεις·
837 3422 1050 3496 δίδαξον
1105 3425 1216 3489 ἀνθ’
1271 3424 1458 3480 ὅπλων
1519 3432 1734 3499 σταυρῷ
1790 3427 2082 3504 θωρακίζε-

437 3513 572 3569 σθαι.
609 3515 850 3589 Κήρυξον
907 3515 1090 3587 μόνον,
1143 3515 1232 3569 καὶ
1282 3520 1706 3592 προσκυνοῦντες
1765 3516 2081 3572 πιστεύσου-

435 3619 537 3656 σιν·
572 3603 672 3658 οὗκ
717 3603 1062 3678 ἀπαιτηθήσῃ
1112 3605 1237 3679 παρ’
1269 3605 1442 3660 αὐτῶν
1492 3606 1592 3674 τὴν
1638 3607 1757 3660 θὲαν
1788 3606 1887 3674 τήν
1919 3605 2079 3678 ἐμήν·

437 3693 572 3748 Εἰπὲ
619 3695 715 3762 τήν
766 3693 986 3767 κλῆσιν,
1016 3695 1106 3748 καὶ
1159 3694 1258 3770 ὅρα
1295 3696 1392 3762 τὴν
1449 3695 1648 3749 πίστινο
1685 3720 1712 3748 ‹‹
1747 3695 2019 3770 Μακάριοι
2055 3718 2082 3746 ››

435 3784 535 3859 γὰρ
587 3781 807 3849 ἀληθῶς
862 3808 890 3837 ι(
955 3785 1007 3838 οἳ
1067 3786 1143 3857 μὴ
1205 3781 1432 3854 ἰδόντες,
1473 3784 1560 3839 καί
1619 3784 2016 3846 πιστεύσαντες.
2052 3807 2080 3834 ››

439 3875 701 3936 Τοιοῦτος
735 3875 762 3927 ὁ
802 3873 1082 3938 νεόλεκτος
1113 3879 1230 3949 (89)
1261 3876 1419 3937 οὗτος
1468 3879 1565 3929 τοῦ
1613 3870 1881 3929 Δεσπὸτου
1932 3894 2085 3948 στρα-

435 3962 549 4029 τὸς,
579 3969 678 4032 τῆς
725 3959 1099 4036 πνευματικῆς
1145 3960 1539 4039 κολυμϐήθρας
1591 3961 1804 4033 ὠδῖνες,
1836 3964 1902 4018 τὰ
1957 3961 2085 4039 ἔργα

437 4059 535 4122 τῆς
569 4055 814 4129 χάριτος,
848 4057 882 4124 ἡ
916 4053 1153 4130 γεωργία
1180 4060 1278 4108 τοῦ
1334 4054 1668 4127 Πνεόματοςο
1722 4053 1825 4108 οὐκ
1882 4049 2084 4115 ἷδὸντες

443 4142 776 4216 ὑπήκουσαν,
809 4144 954 4198 ἀλλὰ
1011 4146 1296 4206 ποθοῦντες
1355 4142 1689 4199 ἐπίστευσαν.
1743 4143 2082 4217 Ἐπὲγνωσαν

440 4234 668 4307 Χριστὸν
725 4231 828 4287 οὐκ
879 4229 1089 4306 ὄμμασι
1125 4235 1401 4306 σώματος,
1433 4231 1560 4288 ἀλλ’
1589 4227 1798 4304 ὄμμασι
1831 4233 2082 4294 πίστεως.

440 4322 506 4375 ο’
582 4318 711 4377 ’⁹ϐλ
876 4321 995 4378 ‘3
1115 4321 1167 4376 ’λ
1329 4321 1528 4376 ιηερ
1585 4322 1606 4356 π
1775 4327 1838 4354 -υ
1913 4320 1970 4376 τ’)

484 4344 551 4377 υκ
580 4341 604 4378 ε
645 4345 676 4377 α
719 4343 775 4377 ον
807 4344 933 4385 τους
1000 4343 1131 4377 ακτυ
1175 4344 1266 4385 ους
1300 4344 1323 4377 ε
1350 4344 1374 4382 ς
1414 4343 1526 4384 τους
1549 4343 1751 4384 τόπους
1789 4344 1880 4376 ,ων
1906 4345 1940 4390 η
1968 4344 2084 4394 κων,

441 4413 587 4469 ἀλλά
609 4420 688 4487 τῷ
710 4419 927 4491 σταυρῶ
957 4413 1378 4490 περιπλακέντες
1409 4415 1470 4469 τὸ
1521 4414 1693 4477 πάθος
1751 4415 2082 4483 ἠσπάσαντο’

439 4511 772 4575 Δεσποτικῆς
803 4504 1041 4581 πλευρᾶς
1073 4505 1255 4568 θεαταὶ
1289 4505 1386 4560 οὐκ
1418 4504 1681 4582 ἐγένοντο,
1729 4502 1874 4559 ἀλλά
1899 4505 2086 4579 χάριτι

439 4601 791 4657 Λεσποτικοῖς
842 4596 1187 4671 συνήσθησαν
1249 4593 1459 4668 μὲλεσι,
1489 4598 1777 4670 κυροῦντες
1829 4592 1909 4672 ἐφ’
1966 4594 2086 4648 ἑαυ-

2188 2020 2317 2058 rum
2352 2005 2418 2073 25,
2456 2027 2476 2050 ι
2515 2022 2686 2076 quens
2723 2006 3024 2060 absentem
3057 2006 3381 2076 quaerebas,
3411 2022 3477 2060 eo
3509 2022 3666 2060 nunc
3699 2022 3832 2076 prae-

2189 2098 2352 2148 sente
2385 2095 2593 2150 fruere.
2630 2094 2739 2149 Tui
2766 2094 2942 2150 etiam
2989 2095 3238 2150 tacentis
3288 2095 3418 2150 novi
3470 2092 3827 2150 desiderium

2191 2187 2324 2238 ante
2353 2185 2528 2238 verba
2559 2184 2804 2255 prolata,
2839 2184 3188 2239 sententiam
3222 2184 3354 2238 novi
3388 2187 3572 2240 tuam.
3622 2181 3830 2238 Audivi

2188 2273 2365 2328 verba
2395 2277 2589 2339 tua,ac
2620 2273 2754 2328 licet
2784 2290 2898 2330 non
2929 2290 3415 2346 apparerem,non
3447 2272 3706 2328 credenti
3733 2273 3833 2327 ad-

2194 2379 2395 2430 eram;
2429 2379 2493 2417 ac
2531 2362 2666 2418 licet
2713 2380 2825 2418 non
2878 2363 3126 2429 viderer,
3178 2363 3388 2417 dabam
3439 2359 3836 2417 incredulitati

2193 2455 2447 2523 tempus,
2482 2456 2545 2506 ut
2575 2451 2932 2507 desiderium
2984 2453 3227 2506 mirarer
3257 2456 3448 2505 tuum.
3507 2474 3526 2499 ·
3581 2450 3758 2516 lnfer,
3809 2471 3838 2499 »

2193 2540 2409 2612 inquit,
2446 2561 2474 2589 »
2507 2540 2754 2612 digitum
2779 2546 2947 2597 tuum
2979 2541 3040 2595 in
3061 2539 3276 2595 ﬁxuras
3300 2538 3681 2605 clavorum,et
3711 2540 3844 2594 mit-

2195 2634 2252 2685 te
2285 2645 2525 2685 manum
2560 2635 2722 2685 tuam
2756 2630 2814 2684 in
2847 2629 3002 2685 latus
3033 2633 3316 2694 meum,et
3349 2627 3465 2682 noli
3496 2645 3625 2685 esse
3653 2623 3841 2683 incre-

2196 2718 2372 2775 dulus
2403 2720 2502 2774 sed
2519 2718 2706 2774 ﬁdelis
2735 2720 2834 2775 ²⁶.«‹
2869 2718 3128 2774 Thomas
3150 2733 3284 2774 vero
3306 2718 3404 2772 ubi
3428 2717 3841 2772 contrectando

2195 2808 2672 2864 incredutitatem
2706 2806 3059 2879 depulisset,
3098 2806 3326 2862 sincera
3371 2806 3483 2861 {ide
3528 2806 3842 2878 divinoquo

2194 2898 2472 2953 incensus
2505 2897 2792 2952 desiderio
2814 2894 3182 2951 exclamavit.
3223 2917 3249 2948 α
3280 2894 3563 2950 Dominus
3595 2911 3760 2950 meus
3783 2899 3840 2950 ct

2194 2985 2349 3041 Deus
2382 3001 2548 3039 meus
2576 2984 2639 3038 ’7.
2675 3005 2701 3034 ››
2737 2982 2827 3038 Ait
2881 2985 2951 3038 ad
3001 2982 3170 3037 illum
3220 2981 3504 3037 Dominus
3551 2998 3562 3036 :
3619 3003 3638 3030 ι
3693 2982 3840 3046 Quia

2191 3075 2389 3129 vidisti
2427 3091 2536 3140 me,
2572 3073 2870 3129 credidisti
2908 3091 2920 3128 :
2957 3071 3109 3127 beati
3144 3071 3241 3144 qui
3293 3089 3410 3128 non
3458 3071 3752 3136 viderunt,
3786 3075 3843 3126 et

2193 3165 2565 3220 crediderunt
2595 3164 2658 3218 ³⁸.
2693 3185 2720 3213 »
2759 3162 3281 3228 Resurrectionem,
3315 3179 3347 3216 ο
3376 3161 3839 3227 Thoma,meam,

2193 3253 2441 3325 predica
2465 3253 2535 3307 iis
2560 3253 2657 3324 qui
2685 3269 2798 3306 non
2825 3251 3095 3306 viderunt
3116 3250 3600 3306 resurrectionem
3627 3266 3838 3305 meam.

2199 3343 2389 3399 Trahe
2421 3349 2710 3397 terrarum
2743 3341 2966 3408 orbem,
3002 3357 3114 3396 non
3147 3340 3467 3400 oculis.sed
3489 3340 3684 3395 verbis
3714 3357 3836 3394 cre-

2195 3433 2428 3488 dentem
2453 3431 2808 3486 :circumeas
2835 3430 3221 3484 barbarorum
3245 3433 3447 3501 gentes
3479 3433 3535 3483 et
3552 3427 3836 3497 civitates,

2195 3521 2406 3577 doceas
2438 3537 2535 3575 eos
2576 3536 2874 3574 armorum
2911 3519 3057 3586 loco,
3117 3535 3287 3573 cruce
3332 3522 3396 3572 ut
3439 3516 3619 3572 lorica
3647 3515 3834 3571 indui.

2197 3610 2579 3667 Solummodo
2626 3607 2896 3682 praadica,
2945 3608 3374 3679 adorantesque
3418 3605 3504 3661 illi
3561 3605 3837 3661 credituri

2197 3704 2356 3768 sunt,
2391 3716 2505 3754 non
2539 3699 2652 3753 mei
2697 3701 3077 3769 conspectum
3131 3713 3162 3750 a
3212 3700 3264 3751 te
3313 3695 3714 3767 postulabunt.
3750 3697 3840 3749 ln-

2196 3789 2328 3844 dica
2378 3787 2495 3842 illis
2540 3787 2934 3852 vocationem,
2979 3802 3046 3840 ac
3093 3784 3224 3841 vide
3276 3785 3472 3839 ﬁdem.
3529 3807 3550 3832 ι
3601 3783 3759 3839 Beati
3815 3805 3842 3832 »

2196 3877 2352 3932 enim
2389 3893 2584 3932 revera
2615 3899 2641 3926 ‹‹
2677 3875 2777 3948 qui
2811 3893 2925 3930 non
2954 3874 3250 3941 viderunt,
3282 3878 3341 3929 et
3387 3873 3778 3928 crediderunt.
3813 3893 3839 3922 u

2196 3966 2352 4022 Talis
2385 3966 2482 4022 ille
2511 3970 2602 4022 est
2633 3982 2836 4022 recens
2864 3964 3125 4020 delectus
3157 3962 3388 4018 Domini
3415 3962 3739 4030 exercitus;
3765 3962 3843 4018 ita

2197 4072 2260 4111 se
2293 4055 2511 4110 habent
2542 4053 2872 4126 spiritualis
2907 4052 3066 4107 illius
3116 4051 3352 4122 piscina:
3402 4056 3626 4122 partus,
3669 4066 3844 4122 opera

2195 4143 2396 4217 gratiae
2441 4143 2672 4198 cultura
2711 4142 2966 4214 Spiritus
2993 4157 3004 4194 :
3032 4158 3148 4196 non
3180 4141 3445 4195 videntes
3475 4140 3841 4207 obedierunt,

2197 4235 2294 4290 sed
2314 4233 2714 4288 desiderantes
2729 4228 3424 4286 crediderunt.Christum
3443 4233 3844 4299 cognoverunt

2197 4340 2311 4378 non
2327 4319 2913 4394 corpon’soculis,sed
2930 4318 3114 4373 oculis
3134 4317 3421 4372 ﬁdei.Non
3437 4317 3656 4372 miseru
3669 4319 3842 4384 nt,di-

2197 4412 2349 4485 gitos
2381 4412 2436 4465 in
2455 4412 2667 4465 ﬁxuras
2699 4407 3123 4476 clavorum,sed
3149 4422 3382 4462 crucem
3403 4405 3847 4478 complexi,pas-

2197 4501 2421 4558 sionem
2449 4498 2759 4571 amplexati
2775 4502 2942 4553 sunt:
2963 4512 3075 4550 non
3094 4495 3331 4550 fuerunt
3347 4492 3846 4549 Dominicilateris

2198 4595 2555 4663 spectatores
2585 4605 2596 4656 ;
2631 4588 2729 4642 sed
2770 4603 2868 4658 per
2924 4584 3172 4658 gratiam
3224 4581 3541 4638 Dominicis
3569 4582 3847 4638 membris

433 4692 550 4749 τοῖς
580 4688 677 4757 τὴν
709 4691 806 4742 τοῦ
840 4687 1109 4741 Δεσπότου
1140 4688 1326 4764 φωνήν
1355 4689 1486 4759 (90)·
1523 4711 1549 4737 ‹‹
1596 4686 1870 4760 Μακάριοι
1925 4685 1975 4739 οἱ
2009 4686 2078 4758 μή

2201 4685 2341 4736 sunt
2369 4677 2684 4749 conjuncti,
2719 4676 3134 4731 conﬁrmantes
3164 4672 3225 4728 in
3247 4671 3582 4743 semetipsis
3620 4671 3845 4728 Domini

439 4773 666 4848 ἰδόντες,
697 4776 785 4830 καὶ
817 4778 1216 4837 πιστεύσαντεςο
1243 4798 1268 4828 ν
1304 4775 1355 4830 οἱ
1415 4775 1490 4847 μὴ
1551 4772 1778 4847 ἰδόντες,
1809 4774 1898 4829 καὶ
1955 4775 2086 4849 Χρι-

438 4865 547 4938 στῷ
578 4867 946 4944 συναφθέντες.

504 4958 556 5012 5.
618 4958 872 5029 Σήμερον
933 4953 1233 5010 ἀποδύεσθε
1283 4955 1380 5024 τήν
1460 4954 1806 5031 φορουμένην
1866 4952 2085 5025 ἐσθῆτα,

437 5041 582 5099 ἀλλὰ
634 5045 711 5118 μὴ
763 5045 1023 5108 ἀπόθεσθε
1072 5047 1169 5114 τήν
1214 5042 1595 5118 κεκρυμμένην
1629 5038 1917 5119 σφραγῖδα·
1951 5040 2086 5096 ἀπο-

439 5129 624 5197 δύεσθε
652 5133 721 5188 τὰ
752 5128 1048 5210 φαινόμενα
1079 5127 1352 5206 σύμϐολα,
1387 5129 1532 5187 ἀλλὰ
1565 5133 1639 5204 μὴ
1699 5129 1960 5194 ἀπόθεσθε
1986 5136 2087 5199 τῆς

437 5229 687 5297 στρατιᾶς
735 5223 803 5277 τὰ
845 5222 1215 5300 γνωρίσματα.
1267 5221 1612 5285 Ἀποτίθεσαι
1658 5221 1756 5289 τήν
1807 5219 2085 5296 άμφίεσιν,

508 5370 554 5404 2‘
577 5369 748 5426 Joan.
780 5386 872 5437 xx,
902 5371 993 5424 27.
1069 5369 1113 5403 ²⁶
1141 5367 1285 5439 ibid,
1361 5369 1404 5403 '7
1431 5366 1573 5423 ibid.
1606 5368 1693 5422 28.

504 5513 651 5585 (86")
686 5513 876 5578 Forte,
903 5509 1174 5579 ἐπαυξετε.
1206 5513 1362 5585 Eutr,

509 5576 738 5654 '(87)iIta
769 5576 910 5639 mss.
947 5576 1174 5639 omnes.
1209 5582 1380 5653 Editi,
1413 5581 1488 5652 μή
1543 5578 1882 5653 βλεπόμενος
1929 5576 2093 5632 ἐνεδί-

443 5653 866 5725 δουν,ίοτηὶεεὶε
901 5655 1277 5726 quibusdam.

515 5718 629 5798 (88)
662 5733 744 5783 tta
777 5718 936 5798 mss:
955 5743 1179 5798 omnes.
1216 5727 1342 5793 Ed.,
1377 5722 1452 5794 μὴ
1503 5720 1656 5796 γίνου
1701 5718 1946 5784 ἄπιστος.
1981 5722 2095 5778 Μα-

443 5796 650 5871 κάριοι,
683 5797 890 5855 multis
920 5796 1178 5855 omissis.

1775 5366 1822 5401 2⁸
1852 5364 1993 5421 ibid.
2020 5365 2110 5420 29.

2199 4786 2394 4826 vocem
2431 4784 2443 4822 :
2481 4789 2509 4817 «
2546 4766 2698 4822 Beati
2735 4766 2832 4837 qui
2869 4781 2982 4818 non
3014 4765 3286 4818 viderunt
3329 4768 3386 4817 et
3415 4761 3845 4817 crediderunt»

2198 4859 2300 4931 qui
2332 4874 2449 4913 non
2480 4857 2771 4918 viderunt,
2804 4859 2862 4909 et
2890 4852 3121 4908 Christo
3153 4852 3445 4922 conjuncti
3481 4855 3639 4907 sunt.

2267 4951 2322 5004 5.
2356 4947 2538 5002 Hodie
2569 4950 2784 5001 vestem
2813 4959 2992 5014 quam
3033 4942 3280 5014 gestatis
3330 4940 3541 4996 exuitis
3569 4958 3581 5007 ;
3643 4941 3745 4996 sed
3774 4957 3842 4995 ne

2197 5039 2495 5096 occultum
2529 5035 2786 5110 sigillum
2813 5035 3114 5107 deponatis
3147 5051 3160 5099 ;
3211 5033 3402 5088 exuite
3421 5036 3660 5086 externa
3697 5047 3849 5103 sym-

2197 5128 2352 5196 bola,
2385 5128 2484 5183 sed
2533 5143 2604 5182 ne
2643 5125 2863 5180 militiae
2915 5128 3197 5179 tesseram
3248 5120 3540 5192 deponite.
3593 5117 3850 5192 Deponis

2197 5219 2345 5273 391
2385 5216 2690 5283 amictum,
2726 5231 2758 5268 ο
2789 5212 3000 5268 Christi
3036 5209 3332 5277 miles,sed
3371 5225 3440 5263 ne
3470 5224 3683 5264 exuere
3715 5207 3848 5262 fidei

2274 5507 2384 5572 (99)
2415 5503 2508 5559 Sic
2535 5519 2679 5558 mss.
2717 5515 2942 5556 omnes.
2978 5497 3323 5572 Editivcro.
3355 5490 3702 5572 νεόπλεκτος.

2276 5564 2385 5646 (UO)
2422 5583 2505 5631 tta
2553 5592 2762 5646 omnes
2808 5589 2952 5628 mss.
2999 5570 3149 5624 Editi
3203 5585 3356 5633 vero,
3386 5564 3467 5620 ἐπ’
3515 5564 3698 5646 ard-cote
3740 5565 3844 5646 τὴν

2202 5637 2398 5702 τοότου
2428 5647 2636 5716 φωνήν.
2673 5645 2829 5700 Infra
2877 5657 3082 5716 omnes
3133 5657 3299 5712 11138.,
3341 5637 3689 5713 συναφθέντες
3740 5637 3847 5692 ha-

2207 5721 2369 5786 bent,
2403 5714 2500 5776 ubi
2531 5714 2694 5786 editi,
2727 5714 3099 5790 συνταφέντες.
