4120 6358
283 419 435 479 1087

1447 413 1510 474 S.
1557 412 2081 476 ATHANASIUS.
2107 446 2184 456 —
2213 411 2528 475 SPURIA.

3545 416 3705 478 1088

282 549 465 605 armis
499 549 657 620 :jam
689 547 796 603 tibi
829 547 1083 604 maxime
1124 546 1318 604 omnis
1360 545 1589 619 generis
1637 548 1927 601 armatura

2048 542 2092 596 ὧ
2146 546 2245 596 τοῦ
2300 544 2538 619 Χριστοῦ
2596 549 2898 620 στρατιῶτα
2933 547 3068 620 (91),
3100 544 3245 602 ἀλλὰ
3297 547 3372 619 μὴ
3403 547 3702 622 γυμνωθῇς

278 655 428 711 opus
458 638 740 694 est.Nunc
765 639 922 694 enim
961 636 1148 692 multo
1173 637 1360 709 magis
1393 652 1570 708 quam
1591 639 1724 690 ante
1748 635 1937 691 hostis

276 729 591 785 adversum
625 734 678 783 te
710 727 931 800 vigilat,
969 730 1146 798 atque
1178 725 1546 798 ingravatum
1571 727 1661 780 est
1689 724 1934 780 bellum.

283 821 428 876 Dum
455 821 722 891 captivus
753 835 908 884 eras,
941 833 1004 871 ac
1028 832 1234 871 servus
1276 814 1523 885 inimici,
1571 831 1705 869 cum
1738 819 1796 868 te
1827 817 1938 871 sub

285 910 535 984 imperio
567 912 936 974 teneret,non
955 906 1271 960 curabatte
1305 921 1682 976 oppugnare;
1718 908 1778 958 at
1803 922 1936 960 cum

297 1000 522 1056 Christo
553 1013 768 1054 nomen
803 995 1037 1063 dedisti,
1071 998 1242 1065 atque
1272 994 1344 1048 ab
1377 993 1542 1049 hoste
1585 992 1834 1064 fugiens,
1867 995 1937 1048 ad

301 1090 619 1146 Dominum
651 1085 1055 1151 accurristi,el
1102 1101 1135 1138 a
1189 1083 1326 1154 lupo
1374 1081 1661 1149 resiliens,
1711 1082 1843 1138 ovili
1879 1099 1941 1139 es

297 1182 691 1251 aggregatus:
725 1180 783 1230 te
817 1174 985 1246 quasi
1036 1172 1338 1244 antiquam
1387 1172 1646 1244 praedam
1695 1171 1940 1243 invadit,

299 1267 506 1322 multis
538 1265 882 1337 excogitatis
913 1260 1082 1317 dolis.
1125 1262 1209 1316 Ad
1260 1262 1378 1315 haec
1429 1278 1534 1316 nos
1579 1265 1772 1316 castra
1806 1261 1939 1317 bea-

295 1360 395 1411 tus
444 1354 677 1427 inungit
705 1357 765 1408 et
793 1351 1002 1406 invitat
1023 1348 1554 1420 Paulus,ducisque
1580 1350 1767 1405 instar
1796 1367 1940 1422 prse-

289 1448 457 1515 cepta
487 1444 712 1499 tradit:
750 1464 775 1489 ‹‹
808 1441 932 1496 Non
965 1444 1054 1496 est
1105 1440 1293 1506 nobis,
1347 1461 1374 1488 »
1423 1438 1638 1510 inquit,
1687 1461 1715 1491 »
1757 1439 1941 1495 collu-

287 1533 465 1591 ctatio
489 1533 770 1589 adversus
802 1547 1036 1586 carnem
1076 1533 1132 1584 et
1162 1528 1510 1600 sanguinem
1546 1545 1558 1582 :
1593 1529 1694 1584 sed
1746 1531 1943 1584 adver-

283 1640 388 1680 sus
417 1621 783 1695 principatus
799 1626 856 1676 et
873 1620 1503 1692 potestates,adversus
1527 1619 1732 1674 mundi
1756 1623 1940 1674 recto-

2044 634 2151 684 τῶν
2182 629 2369 686 ὅπλων
2398 639 2498 702 τῆς
2548 632 2801 697 πίστεως·
2834 639 2924 689 νῦν
2975 656 3059 690 τοι
3117 634 3350 708 μάλιστα
3399 633 3564 711 χρεία
3599 643 3702 706 τῆς

2047 718 2378 784 πανοπλίας.
2423 726 2527 776 Νῦν
2587 724 2691 798 γὰρ
2749 723 2884 778 κατὰ
2932 728 3027 778 σοῦ
3077 721 3243 780 πλέον
3339 729 3438 779 τοῦ
3467 724 3698 800 πρόσθεν

2048 809 2346 888 ἐγρήγορεν
2404 813 2432 866 ὁ
2491 811 2780 885 πολέμιος,
2820 813 2908 868 καὶ
2969 813 3306 888 ἐκραταιώθη
3370 815 3398 869 ὁ
3455 813 3703 889 πόλεμος

2049 898 2190 958 Ἕως
2223 898 2584 973 αἰχμάλωτος
2615 900 2681 968 ἦς
2712 900 2800 955 καὶ
2850 897 3048 963 δοῦλος
3093 906 3190 956 τοῦ
3239 901 3443 978 ἐχθρου
3473 905 3609 974 (92),
3639 903 3702 958 τὸ

2050 992 2260 1062 κρατεῖν
2311 985 2452 1064 ἔχων
2503 987 2727 1061 ἐκεῖνος,
2771 993 2868 1044 τοῦ
2914 988 3181 1064 πολεμεῖν
3231 990 3330 1046 οὐκ
3369 991 3700 1070 ἐφρόντιζεν·

2050 1073 2237 1143 ἐπειδή
2281 1073 2337 1130 δὲ
2366 1078 2502 1154 πρὸς
2551 1079 2778 1154 Χριστὸν
2829 1082 3192 1156 μετετάχθης,
3224 1082 3337 1150 καὶ,
3372 1082 3558 1159 φυγὼν
3610 1082 3700 1136 τὸν

2051 1163 2266 1240 ἐχθρὸν,
2297 1169 2376 1238 τῷ
2410 1167 2650 1242 Δεσπότῃ
2695 1166 3092 1244 προσέδραμες,
3123 1171 3213 1224 καὶ
3263 1169 3430 1226 λύκον
3482 1169 3699 1242 ἀποπη-

2052 1249 2242 1323 δήσας,
2273 1254 2606 1332 συνετάχθης
2636 1260 2705 1330 τῇ
2754 1257 2982 1332 ποίμνῃ,
3016 1258 3092 1321 ὡς
3142 1256 3378 1313 παλαιάν
3431 1280 3490 1314 σε
3535 1262 3697 1333 θήραν

2053 1343 2792 1420 μιτέρχεται,πολυτρόπους
2826 1346 3288 1422 ἐκμηχανώμενος
3321 1346 3696 1425 δόλους.Πρὸς

2047 1431 2248 1504 ταύτην
2321 1436 2470 1506 ἡμᾶς
2541 1437 2639 1504 τὴν
2708 1435 2997 1512 παράταξιν
3049 1438 3076 1492 ὁ
3128 1437 3393 1514 μακάριος
3460 1436 3697 1518 ἀλείφων

2053 1521 2290 1596 Παῦλος,
2325 1529 2615 1600 στρατηγεῖ
2643 1523 2731 1579 καὶ
2780 1525 3188 1602 προχειρίζεται
3246 1524 3700 1604 παραγγέλματα,

2056 1635 2076 1661 α
2132 1611 2247 1668 Οὐκ
2293 1609 2434 1667 ἔστιν
2480 1615 2638 1686 ἡμῖν,
2693 1614 2888 1692 λέγων,
2939 1618 2974 1684 ἡ
3024 1614 3173 1687 πάλη
3225 1618 3362 1692 πρὸς
3429 1617 3566 1689 αἷμα
3611 1619 3700 1674 καὶ

277 1729 372 1768 res
403 1712 778 1768 tenebrarum
829 1709 1009 1780 hujus
1062 1707 1261 1764 saculi
1305 1713 1560 1764 :contra
1612 1707 1927 1779 spiritualie

2051 1701 2240 1774 σάρκα,
2273 1699 2422 1758 ἀλλὰ
2452 1704 2587 1777 πρὸς
2615 1705 2709 1766 τὰς
2741 1704 2938 1780 ἀρχὰς,
2970 1705 3108 1780 πρὸς
3144 1705 3241 1768 τὰς
3272 1705 3535 1776 ἐξουσίας,
3567 1708 3703 1780 πρὸς

279 1799 552 1872 nequitia:
586 1800 650 1853 3°.
689 1821 710 1848 ι
745 1798 923 1852 Video
954 1797 1218 1853 hostium
1243 1798 1927 1869 agmen,lerventemqu£

2048 1789 2176 1852 τοὺς
2228 1792 2675 1870 κοσμοκράτορας
2721 1797 2818 1848 τοῦ
2867 1793 3094 1857 σκότους
3124 1799 3220 1849 τοῦ
3253 1796 3451 1858 αἰῶνος
3481 1796 3700 1865 τούτου,

276 1906 540 2017 pugnam
561 1889 588 1943 ?
619 1887 800 1959 Cujus
830 1903 966 1959 ergo
996 1886 1188 1959 gratia
1225 1885 1447 1941 bellum
1497 1885 1722 1958 geritur
1743 1886 1769 1940 ?
1802 1889 1927 1953 Qua

305 1996 439 2017 num:
475 1995 681 2017 nnanm
704 1976 732 2017 9
763 1976 920 2017 Idam
957 1977 1081 2017 inca,
1110 1976 1223 2017 rint
1258 1976 1565 2017 gnhinnoit
1601 1994 1612 2006 ·
1645 1999 1673 2017 u
1709 1977 1768 2017 Ῐη
1816 1992 1927 2017 nm-

2050 1879 2186 1954 πρὸς
2222 1881 2288 1934 τὰ
2334 1881 2671 1955 πνευματικά
2713 1889 2814 1952 τῆς
2864 1883 3129 1960 πονηρίας
3160 1886 3292 1959 (93).
3330 1908 3351 1935 ι
3386 1890 3539 1960 Ὁρᾷς
3588 1892 3701 1940 στῖ-

2050 1990 2152 2017 conc
2181 1968 2484 2017 πολεμικὸν
2514 1972 2603 2017 καὶ
2656 1970 2869 2017 Nonum:
2927 1974 3111 2017 nn'nnnu
3149 1993 3162 2006 -
3196 1975 3354 2017 “rm-En
3401 1974 3564 2017 ariumu
3611 1975 3701 2017 m‘iu

305 1996 444 2035 uera
475 1995 681 2051 pugnae
704 1976 732 2030 ?
762 1976 923 2032 Idem
957 1977 1082 2047 ipse
1110 1976 1226 2030 dux
1257 1976 1565 2046 subjungit
1593 1994 1612 2030 :
1645 1999 1673 2026 «
1708 1977 1770 2030 In
1816 1992 1927 2031 caa-

2050 1990 2152 2046 φος
2181 1968 2484 2043 πολεμικὸν
2514 1972 2604 2026 καὶ
2656 1970 2869 2042 ζέουσαν
2925 1974 3111 2050 μάχην
3149 1993 3164 2044 ;
3196 1975 3354 2051 Ὑπὲρ
3401 1974 3564 2032 τίνων
3611 1975 3703 2031 οὖν

273 2068 545 2134 lestibus,
579 2090 608 2117 »
638 2066 695 2121 id
729 2065 1298 2138 est,proccnlestibus
1317 2065 1927 2136 possessionibus.Pro

2039 2058 2142 2133 ἆρα
2193 2058 2221 2112 ὀ
2265 2058 2548 2134 πόλεμος;
2583 2067 2726 2116 Ποῖα
2770 2064 2870 2132 τῆς
2923 2064 3109 2139 μάχης
3151 2063 3219 2119 τὰ
3267 2062 3475 2141 κέρδη;
3518 2065 3694 2130 Δύτὸς

277 2154 716 2227 incorruptione
746 2157 1068 2225 armat,pro
1099 2151 1580 2208 immulabilitate
1614 2157 1932 2225 pugnat,ut

277 2262 413 2302 cum
443 2243 670 2300 Christo
697 2243 774 2298 sit
805 2244 988 2298 aciem
1016 2241 1272 2298 instruit.
1324 2241 1420 2297 Hae
1461 2242 1758 2314 siquidem
1790 2247 1931 2299 sunt

275 2333 542 2391 caelestes
573 2332 977 2405 possessiones
1019 2350 1031 2387 :
1066 2331 1175 2386 has
1205 2330 1300 2386 ille
1322 2331 1510 2403 abripi
1541 2332 1926 2404 exoptat.Non

276 2423 418 2480 sinit
444 2427 502 2480 te
531 2421 750 2478 Paulus
782 2423 1007 2477 nudum
1040 2420 1346 2489 dimicare,
1383 2420 1590 2477 intruit
1635 2426 1691 2476 te
1729 2425 1926 2478 autem

275 2513 468 2569 Patris
493 2511 694 2568 armis.
727 2511 796 2567 Et
825 2511 976 2577 vide,
1021 2527 1242 2583 quaeso,
1291 2526 1592 2566 armorum
1633 2511 1928 2582 ejusmodi

276 2602 476 2675 fulgur
505 2618 682 2674 quam
713 2597 1066 2657 sitterribile
1089 2598 1367 2667 inimicis;
1392 2599 1474 2654 ait
1499 2599 1690 2654 enim:
1716 2622 1743 2649 ‹‹
1765 2600 1929 2657 State

273 2708 412 2765 ergo
441 2690 722 2747 succincti
752 2689 987 2745 lumbos
1017 2692 1241 2744 vestros
1273 2688 1331 2744 in
1362 2687 1626 2758 veritate,
1648 2691 1705 2745 et
1735 2689 1926 2745 induti

271 2779 515 2837 loricam
538 2778 807 2852 justitiaa,
841 2782 897 2834 et
927 2777 1167 2834 calceati
1196 2777 1375 2849 pedes
1409 2777 1468 2832 in
1504 2777 1928 2850 praeparatione

274 2869 572 2943 Evangelii
604 2868 807 2942 pacis;
839 2883 1021 2940 super
1050 2866 1250 2923 omnia
1277 2872 1649 2923 assumentes
1691 2871 1926 2924 scutum

273 2958 433 3027 ﬁdei,
465 2958 526 3014 in
557 2973 673 3030 quo
706 2956 944 3030 possitis
973 2955 1172 3013 omnia
1201 2955 1316 3012 tela
1363 2956 1714 3027 nequissimi
1735 2956 1928 3030 ignea

277 3048 646 3120 exstinguere
675 3055 767 3104 :et
829 3045 1056 3118 galeam
1120 3045 1331 3102 salutis
1393 3045 1674 3118 accipite;
1708 3049 1766 3102 et
1805 3044 1929 3119 gla-

271 3137 436 3194 dium
465 3136 739 3210 Spiritus,
772 3137 929 3208 quod
960 3138 1050 3192 est
1074 3136 1320 3191 verbum
1355 3135 1455 3192 Dei
1485 3135 1550 3190 3°.
1577 3157 1606 3185 ››
1629 3135 1926 3192 Adversus

270 3226 596 3284 invisibiles
625 3225 846 3295 hostes,
881 3223 1278 3281 invisibilibus
1308 3241 1416 3280 nos
1455 3224 1636 3280 armis
1656 3224 1921 3281 intruxit-

2040 2147 2228 2223 ἐπάγει
2260 2149 2288 2202 ὁ
2321 2150 2619 2224 στρατηγὸς
2670 2148 2870 2226 λέγων·
2906 2176 2933 2204 ‹‹
2967 2153 3051 2207 Ἐν
3101 2157 3217 2216 τοῖς
3272 2153 3632 2230 ἐπουρανίοις,
3659 2179 3686 2206 ››

2036 2237 2334 2309 τουτέστιν,
2388 2239 2517 2316 ὑπὲρ
2579 2244 2687 2294 τῶν
2757 2240 3087 2317 ἐπουρανίων
3163 2242 3480 2316 κτημάτων.
3532 2246 3692 2322 Ὑπὲρ

2037 2329 2136 2396 τῆς
2183 2326 2479 2404 ἀφθαρσίας
2523 2328 2763 2399 ὁπλίζει,
2812 2329 2901 2385 καὶ
2954 2331 3086 2408 ὑπὲρ
3137 2332 3539 2409 ἀτρεπτότητος
3588 2357 3693 2388 πο-

2036 2414 2222 2489 λεμεῖ
2259 2417 2389 2494 ὑπὲρ
2441 2418 2541 2472 τοῦ
2588 2423 2823 2474 συνεῖναι
2874 2424 3091 2495 Χριστῷ
3142 2420 3486 2497 παρατάττει.
3521 2427 3697 2478 Ταῦτα

2037 2505 2140 2581 γὰρ
2198 2505 2492 2579 ἐπουράνια
2553 2510 2806 2582 κτήματα
2839 2527 2852 2540 ·
2911 2513 3080 2566 ταῦτα
3138 2511 3343 2575 ἐκεῖνος
3401 2509 3698 2592 ἀφελέσθαι

2041 2593 2294 2672 βούλεται
2347 2598 2481 2671 (94).
2533 2595 2649 2654 Οὐκ
2705 2596 2896 2676 ἀφίησί
2955 2619 3012 2654 σε
3060 2599 3412 2673 πολεμοῦντα
3465 2601 3692 2678 γυμνόν·

2035 2684 2353 2755 καθοπλίζει
2384 2683 2442 2740 δὲ
2467 2690 2586 2749 τοῖς
2619 2685 2816 2750 ὅπλοις
2844 2692 2942 2743 τοῦ
2973 2687 3206 2762 Πατρός.
3242 2688 3344 2747 Καὶ
3379 2711 3478 2763 μοι
3523 2689 3695 2768 βλέπε

2034 2778 2142 2829 τῶν
2176 2772 2364 2830 ὅπλων
2393 2775 2492 2844 τὴν
2525 2775 2804 2852 ἀστραπὴν
2837 2771 3070 2855 φοϐερὰν
3100 2775 3260 2833 οὖσαν
3293 2783 3412 2841 τοῖς
3443 2779 3690 2856 ἐχθροῖς·

2036 2863 2169 2939 φησὶ
2215 2863 2316 2940 γὰρ
2365 2861 2577 2928 οὕτως·
2632 2889 2661 2918 ‹‹
2711 2872 2887 2936 Στῆτε
2949 2864 3039 2921 οῦν
3110 2869 3547 2943 περιζωσάμενοι
3594 2870 3688 2932 τὰς

2039 2951 2240 3031 ὀσφύας
2281 2954 2432 3027 ὑμῶν
2484 2953 2537 3009 ἐν
2587 2953 2838 3027 ἀληθείᾳ,
2887 2953 2977 3010 καὶ
3042 2951 3390 3030 ἐνδυσάμενοι
3435 2959 3530 3014 τὸν
3581 2961 3687 3014 θώ-

2035 3064 2172 3120 ρακα
2216 3049 2318 3113 τῆς
2367 3041 2736 3117 δικαιοσύνης,
2767 3045 2856 3101 καὶ
2909 3043 3315 3121 ὑποδησάμενοι
3357 3048 3486 3111 τοὺς
3517 3047 3688 3113 πόδας

2035 3133 2089 3189 ἐν
2131 3132 2419 3206 ἑτοιμασίᾳ
2463 3138 2561 3189 τοῦ
2608 3132 2951 3212 Εὗαγγελίου
2997 3142 3098 3206 τῆς
3149 3137 3401 3212 εἰρήνης·
3442 3137 3530 3194 ἐπὶ
3559 3145 3691 3194 πᾶσι

2033 3223 2251 3286 τούτοις
2309 3218 2667 3288 ἀναλαϐόντες
2719 3225 2814 3281 τὸν
2871 3225 3059 3303 θυρεὸν
3107 3232 3206 3297 τῆς
3252 3226 3512 3302 πίστεως,
3541 3227 3597 3284 ἐν
3645 3231 3691 3303 ᾦ

275 3313 568 3387 δυνήσεσθε
623 3312 796 3369 πάντᾶ
851 3311 918 3368 τὰ
982 3311 1118 3388 βέλη
1162 3317 1260 3368 τοῦ
1307 3317 1553 3389 πονηροῦ
1613 3313 1681 3368 τὸ.
1743 3315 2106 3391 πεπυρωμένα
2172 3309 2375 3369 σϐέσαι·
2443 3315 2533 3370 καὶ
2597 3317 2697 3386 τήν
2762 3313 3184 3394 περικεφαλαίαν
3250 3321 3348 3372 τοῦ
3413 3318 3692 3394 σωτηρίου

272 3402 505 3477 δέξασθε,
537 3402 627 3459 καὶ
681 3404 778 3472 τήν
835 3402 1109 3480 μάχαιραν
1153 3406 1252 3458 τοῦ
1299 3402 1633 3477 Πνεύματος,
1664 3402 1694 3458 ’ὁ
1744 3402 1854 3459 ἐστι
1911 3402 2064 3480 ῥῆμα
2108 3407 2261 3462 Θεοῦ.
2295 3404 2499 3480 »Πρὸς
2547 3403 2811 3479 ἀοράτους
2859 3402 3093 3482 ἐχθροὺς
3123 3407 3238 3479 (95)
3267 3407 3520 3484 ἀοράτοις
3571 3407 3692 3463 ἐκό-

266 3515 470 3568 σμησεν
501 3491 720 3554 ὅπλοις.

335 3586 392 3641 6.
431 3583 592 3642 Talis
627 3582 868 3656 quidem
899 3587 990 3640 est
1018 3600 1317 3640 armorum
1362 3583 1470 3640 vis.
1526 3584 1690 3648 Quod
1723 3587 1922 3640 autem

2105 3585 2160 3638 6.
2191 3582 2424 3653 Τοιαύτη
2465 3583 2558 3655 μὲν
2591 3585 2626 3653 ἡ
2657 3587 2766 3639 τῶν
2800 3580 2989 3639 ὅπλων
3017 3583 3196 3660 ἰσχύςο
3231 3582 3314 3640 ὅτι
3376 3581 3436 3640 δὲ
3482 3585 3548 3641 τὰ
3592 3589 3690 3654 τῆς

267 3690 403 3731 cum
423 3689 489 3730 eo
503 3673 581 3729 sit
595 3671 1259 3742 dimicandum,etiamsi
1279 3673 1338 3729 id
1355 3673 1599 3728 minime
1621 3676 1917 3744 appareat,

264 3764 375 3820 hac
412 3769 477 3819 tu
509 3762 736 3818 ratione
765 3763 1048 3834 perspice.
1083 3762 1230 3818 Nam
1264 3763 1462 3835 ipsum
1495 3767 1721 3817 tentare
1751 3761 1922 3817 Chri-

265 3856 425 3908 stum
447 3850 719 3906 diabolus
739 3867 856 3906 non
888 3851 1198 3919 dubitavit;
1220 3851 1321 3907 sed
1340 3851 1917 3922 extremaimpuden-

269 3941 350 3997 tia
374 3939 572 4012 ipsum
607 3939 846 3995 adortus
886 3945 976 3995 est
999 3939 1339 3997 Dominum.
1377 3939 1484 4006 Qui
1506 3957 1614 3995 sua
1644 3943 1847 3996 contra
1867 3944 1922 3996 te

272 4029 585 4086 molimina
614 4028 965 4085 intermittat
989 4029 1016 4084 ?
1052 4029 1210 4084 Vidit
1257 4031 1512 4086 Cristum
1557 4029 1920 4101 baptizatum

269 4120 356 4191 (tu
377 4134 532 4190 vero,
563 4135 596 4175 ο
642 4134 845 4175 recens
899 4117 1250 4185 illuminate,
1312 4118 1559 4174 observa
1589 4118 1741 4174 hanc
1773 4122 1921 4174 tem-

269 4208 431 4278 poris
462 4207 871 4280 occasionem),
922 4211 1171 4280 tumque
1229 4211 1454 4263 tantum
1509 4206 1674 4262 illum
1725 4223 1924 4280 aggre-

269 4297 620 4354 ditur.Vidit
651 4297 710 4352 in
742 4299 972 4353 deserto
1000 4296 1725 4369 esurientem,famemque
1752 4297 1921 4352 utin-

267 4390 663 4443 strumentum
680 4387 751 4442 ad
771 4387 1144 4443 tentationem
1159 4387 1625 4458 accepit,nequei
1635 4404 1794 4458 psam
1808 4387 1923 4442 cibi

268 4477 677 4532 necessitatem
710 4474 943 4531 insidiis
974 4475 1218 4530 liberam
1239 4474 1616 4547 reliquit;sed
1639 4475 1924 4531 accedens

268 4566 362 4621 his
396 4565 586 4620 verbis
615 4567 803 4620 tentat
835 4563 1002 4618 illum
1037 4582 1050 4619 :
1095 4585 1121 4616 α
1151 4564 1212 4620 Si
1243 4563 1426 4619 Filius
1485 4565 1583 4620 Dei
1613 4581 1699 4630 es,
1733 4565 1826 4619 dic
1859 4567 1924 4619 ut

269 4654 492 4725 lapides
514 4653 612 4708 isti
645 4670 823 4726 panes
851 4653 993 4709 ﬁant
1012 4654 1118 4708 ³1.»
1139 4657 1391 4709 Tantum
1425 4670 1542 4708 non
1574 4652 1656 4708 ita
1676 4653 1924 4725 loquens

268 4743 529 4816 Superbe
551 4741 676 4815 agis
707 4743 860 4814 quod
887 4742 1072 4799 Filius
1104 4742 1200 4799 Dei
1225 4741 1715 4811 voceris,nomine
1736 4742 1924 4798 hallu-

272 4834 505 4889 cinatus
536 4848 619 4888 es.
671 4832 839 4887 Nuda
866 4848 1160 4902 vacuaque
1191 4831 1580 4905 appellatione
1629 4832 1920 4904 gloriaris.

267 4922 635 4979 Esurientem
669 4922 917 4990 video,et
935 4921 1148 4977 Filium
1173 4922 1276 4977 Dei
1307 4921 1640 4994 appellabo?
1662 4920 1766 4978 Illa
1790 4939 1923 4994 pas-

270 5012 434 5068 sione
464 5011 653 5068 honor
680 5009 1016 5083 illigitimus
1048 5010 1552 5068 evadit.Miraculo
1587 5011 1924 5068 necessitati

268 5103 506 5177 provide
536 5107 650 5159 tuae
684 5118 698 5158 :
723 5101 957 5174 jubenti
978 5100 1205 5173 lapides
1253 5101 1680 5173 obsequantur,
1732 5106 1788 5158 et
1817 5119 1922 5159 no-

335 5257 382 5292 ”
412 5256 622 5328 Ephes.
652 5272 733 5322 v1,
765 5255 849 5308 12.
955 5253 1000 5288 3°
1032 5251 1174 5308 ibid.
1210 5253 1396 5308 14-17.

344 5406 451 5478 (91)
483 5407 577 5463 Sic
607 5423 814 5462 omnes
844 5422 986 5462 mss.
1023 5404 1174 5460 Editi
1206 5408 1425 5478 autem,
1457 5404 1778 5470 ἀποτίθεσθε
1816 5407 1917 5476 τὴν

267 5476 566 5552 ἐσθῆταηῶ
591 5481 689 5531 τοῦ
719 5479 956 5551 Χριστοῦ
987 5479 1308 5552 στρατιῶτα.

339 5551 454 5622 (92)
484 5551 571 5622 Ita
601 5566 806 5622 omnes
839 5567 984 5622 ωεετ

337 5619 450 5692 (93)
476 5620 547 5704 .In
596 5621 770 5678 editis
811 5621 1086 5693 adjicitur
1133 5620 1252 5688 hic,
1287 5619 1337 5674 ἐν
1385 5625 1502 5682 τοῖς
1553 5619 1918 5693 ἐπουρανίοις,

270 5706 442 5749 86008
471 5707 532 5746 1n
564 5707 710 5748 mss.

345 5762 460 5834 (94)
493 5764 580 5820 Ita
607 5778 811 5822 omnes
841 5779 985 5822 mea.
1019 5762 1169 5822 Editi
1197 5779 1353 5837 vero,
1385 5759 1775 5839 συμϐούλεται.

1490 5253 1532 5288 θί
1559 5253 1766 5310 Matth.
1805 5272 1882 5323 1v,
1913 5256 1968 5310 3.

2033 3671 2404 3744 παρατάξεως,
2463 3670 2558 3726 κᾶν
2647 3673 2722 3745 μὴ
2793 3672 3072 3746 φαίνηται,
3129 3672 3354 3750 γίνεται,
3414 3673 3686 3746 σκόπησον

2033 3759 2229 3824 οὕτως.
2261 3761 2323 3817 Εἰ
2372 3760 2476 3838 γὰρ
2523 3761 2613 3816 τὸν
2660 3763 2891 3834 Χριστὸν
2943 3761 3213 3840 πειράζειν
3255 3763 3355 3819 οὐκ
3384 3761 3628 3836 ὤκνησεν
3661 3767 3688 3821 ὁ

2033 3845 2314 3918 διάϐολος,
2346 3848 2471 3906 ἀλλ’
2522 3850 2902 3928 ἀναισχυντίας
2947 3849 3229 3929 ὑπερϐολῇ
3277 3852 3367 3908 καὶ
3417 3855 3553 3910 κατὰ
3589 3860 3687 3910 τοῦ

2032 3939 2303 3996 Δεσπότου
2329 3935 2658 4014 τετόλμηκε’
2690 3946 2808 4004 πῶς
2839 3940 2945 3997 των
2977 3942 3114 3998 κατὰ
3140 3947 3237 3997 σοῦ
3267 3943 3688 4020 μηχανημάτων

2031 4028 2303 4100 παύσηται
2335 4032 2448 4105 (96)
2474 4049 2488 4099 ;
2522 4028 2647 4088 E78;
2673 4031 2771 4087 τὸν
2822 4032 3051 4105 Χριστὸν
3103 4033 3463 4108 βαπτισθέντα
3491 4032 3576 4107 (σὺ
3629 4031 3684 4088 δὲ

2033 4119 2220 4175 σκόπει
2265 4120 2357 4174 τὸν
2407 4121 2616 4194 καιρὸν,
2651 4119 2695 4174 ὦ
2726 4119 3096 4198 νεοφώτιστε),
3127 4121 3218 4176 καὶ
3269 4121 3394 4177 τότε
3440 4124 3574 4199 πρὸς
3625 4123 3686 4179 τὸ

2032 4210 2304 4285 πειράζειν
2361 4210 2589 4286 ἠγέρθη.
2645 4207 2793 4265 Εἶδεν
2849 4209 2902 4264 ἐν
2957 4214 3027 4284 τῇ
3088 4209 3280 4286 ἐρήμῳ
3339 4211 3686 4279 πεινάσαντα,

2031 4298 2120 4354 καὶ
2154 4300 2400 4375 συνεργὸν
2433 4305 2534 4368 τῆς
2581 4297 2770 4376 πείρας
2819 4301 2920 4368 τὴν
2967 4305 3152 4355 πεῖναν
3205 4295 3530 4374 ἐλάμϐανεν,
3566 4299 3689 4357 οὐδὲ

2033 4387 2198 4458 αὐτῆς
2227 4395 2326 4456 τῆς
2355 4394 2562 4465 τροφῆς
2589 4389 2688 4456 τὴν
2723 4387 2910 4463 χρείαν
2949 4389 3368 4464 μηχανημάτων
3405 4387 3688 4466 ἐλευθέραν

2032 4476 2204 4554 ἀφείς,
2257 4475 2402 4532 ἀλλὰ
2448 4474 2766 4552 προσελθὼν
2820 4477 3079 4555 ἐνεχείρει
3127 4480 3396 4555 πειράζειν
3445 4479 3535 4535 καὶ
3597 4477 3686 4535 λέ-

2033 4585 2148 4640 γειν
2179 4567 2316 4638 (97)⁸
2350 4588 2378 4614 ‹‹
2424 4565 2488 4621 Ei”
2545 4565 2665 4627 Υἱὸς
2714 4565 2760 4620 εἶ
2805 4570 2903 4620 τοῦ
2952 4571 3108 4641 Θεοῦ,
3140 4567 3257 4622 εἰπὲ
3299 4566 3391 4623 ’ἱνα
3441 4570 3493 4623 οἱ
3541 4567 3684 4624 λίθοι

2034 4654 2185 4709 οὗτοι
2218 4652 2370 4728 ἄρτοι
2398 4655 2678 4730 γένωνται.
2707 4681 2735 4708 ››
2771 4657 3089 4732 Μονονουχὶ
3119 4661 3280 4713 τοῦτο
3330 4657 3529 4734 λέγων·
3561 4659 3686 4721 Υἱὸς

2034 4747 2169 4800 Θεοῦ
2237 4738 2546 4821 σοϐαρεύεις
2613 4743 2993 4820 καλούμενος,
3060 4746 3350 4818 ἠπατήθης
3433 4748 3682 4822 ὀνόματι.

2035 4833 2389 4909 Προσηγορίᾳ
2463 4838 2647 4909 γυμνῇ
2714 4836 3037 4911 πράγματος
3097 4837 3350 4911 σεμνύνῃ.
3413 4837 3685 4894 Πεινῶντα

2040 4923 2248 4999 βλέπω,
2277 4923 2368 4977 καὶ
2415 4924 2536 4978 Υἱὸν
2591 4929 2724 4980 Θεοῦ
2783 4923 3037 4999 ὀνομάσω
3064 4945 3076 4996 ;
3108 4926 3173 4984 Ἣ
3219 4928 3357 4999 τιμὴ
3404 4932 3483 5000 τῷ
3529 4927 3681 4983 πάθει

2032 5011 2326 5070 νοθεύεται.
2397 5012 2733 5090 Θεράπευσον
2809 5014 2909 5083 τήν
2982 5014 3172 5090 χρείαν
3243 5021 3322 5090 τῷ
3399 5016 3678 5090 θαύματι·

2035 5101 2416 5160 ὑπακούσωσιν
2450 5103 2502 5158 οἳ
2545 5101 2689 5158 λίθοι
2719 5103 3132 5180 προστάττοντι,
3165 5105 3255 5160 καὶ
3295 5104 3564 5162 πιστεύσω
3610 5107 3677 5177 τῇ

2102 5410 2215 5553 (95)
2247 5409 2413 5480 Mss.,
2446 5406 2708 5535 dejdtouc
2742 5405 3067 5481 πολεμίους.

2103 5481 2194 5550 (96
2251 5482 2414 5549 Mss”
2456 5501 2496 5536 π
2529 5501 2588 5537 τε
2631 5483 2738 5537 τῶν
2783 5481 2922 5536 κατὰ
2968 5484 3064 5536 σοῦ

2039 5481 2215 5570 "(96)
2251 5482 2414 5549 Msa,
2456 5481 2588 5537 πότε
2631 5483 2738 5537 τῶν
2783 5481 2922 5536 κατὰ
2968 5484 3064 5536 σοῦ
3117 5484 3538 5558 μηχανημάτων
3587 5484 3685 5564 ἄφ-

2032 5549 2332 5752 Ξξὲἕγέιιιθ,
2362 5642 2506 5683 mss.
2544 5628 2608 5682 In
2656 5625 2797 5684 edit.
2845 5625 2988 5695 haec,
3023 5625 3296 5701 πειράζειν
3345 5626 3435 5681 καὶ
3483 5626 3683 5705 λέγειν,

2073 5713 2262 5754 θευηι.
