4120 6364
438 389 594 452 1089

1564 378 1830 446 SERMO
1875 375 1951 442 IN
1998 377 2368 441 SANCTUM
2419 379 2739 440 PASCHA.

3705 385 3863 444 £090

437 521 658 590 κλήσει·
698 515 1012 572 αἰδεσθῶσιν
1047 516 1242 571 ἐκεῖνοι
1274 515 1336 569 τὸ
1363 513 1651 588 ἐπίταγμα,
1683 514 1772 567 καὶ
1806 512 2085 588 συντρέχω

2212 509 2343 564 mini
2379 511 2551 565 ﬁdem
2585 510 2807 565 habebo
2844 529 2854 564 :
2891 516 3260 567 revereantur
3289 511 3374 566 illi
3407 513 3766 586 jussionem,
3800 521 3859 571 et

439 614 520 681 τῷ
551 609 805 680 θαύματι·
857 604 1079 680 δέξομαι
1119 606 1219 674 τὴν
1269 605 1475 682 φωνὴν,
1523 601 1612 658 καὶ
1663 600 1971 674 συντίθεμαι
2021 604 2089 674 τῇ

440 699 598 771 τιμῇ.
663 694 841 751 Ἀλλὰ
899 699 1189 772 Γραφικοῖς
1249 693 1520 764 ἐτοξεύετο
1580 691 1839 766 ῥήμασιν·
1904 715 1931 742 ι(
1980 689 2093 746 Ούκ

444 787 529 842 ἐπ’
560 783 709 860 ἄρτῳ
745 784 897 858 μόνῳ
931 787 1146 855 ζήσεται
1179 785 1483 859 ἄνθρωπος,
1526 781 1650 838 ἁΛλ’
1683 780 1769 834 ἐπὶ
1800 779 1958 835 παντὶ
1993 780 2089 856 ῥή-

448 897 574 950 ματι
626 874 1042 950 ἐκπορευομένῳ
1081 871 1170 928 διὰ
1214 873 1482 945 στόματος
1536 876 1670 927 Θεοῦ
1704 873 1836 944 (98).
1874 894 1900 922 ››
1935 867 2090 923 Ἀλλ’

443 965 752 1040 αἰσχυνθεὶς
807 967 875 1038 τῇ
932 960 1170 1039 προτέρᾳ
1227 962 1395 1037 πάλῃ,
1453 962 1544 1016 καὶ
1604 959 1849 1036 δευτέραν
1900 964 2088 1032 πεῖραν

441 1057 810 1132 προσήγαγεν·
854 1079 874 1105 α
917 1053 1094 1127 Ῥίψον
1129 1077 1156 1105 ››
1193 1052 1353 1127 φησὶν
1397 1075 1425 1104 ‹‹
1455 1051 1638 1106 ἑαυτὸν
1691 1046 1893 1113 ἄνωθεν
1918 1049 2087 1102 κάτω·

439 1144 736 1222 γέγραπται
765 1143 864 1220 γὰρ
1063 1141 1146 1197 ὅτι
1174 1146 1298 1203 Τοῖς
1349 1139 1608 1216 ἀγγέλοις
1658 1138 1821 1193 αὐτοῦ
1863 1135 2088 1192 ἐντελεῖ-

440 1255 529 1289 ται
559 1233 683 1308 περὶ
714 1236 808 1286 σοῦ
843 1277 857 1302 ,
883 1236 980 1286 τοῦ
1012 1229 1331 1308 διαφυλάξαι
1363 1251 1420 1284 σε
1469 1228 1520 1283 ἐν
1568 1227 1762 1290 πάσαις
1789 1232 1908 1290 ταῖς
1941 1224 2089 1288 ὁδοῖς

445 1345 560 1379 σου.
593 1348 623 1376 ››
675 1320 833 1378 Ἀλλ’
891 1321 1094 1390 ἤκουσε
1148 1318 1335 1374 πάλιν·
1371 1344 1398 1371 ‹‹
1430 1319 1540 1374 Ούκ
1597 1318 1930 1394 ἐκπειράσεις
1986 1315 2089 1370 Κύ-

449 1433 560 1489 ριον
587 1413 677 1467 τὸν
711 1410 839 1466 Θεό-ι
868 1432 983 1468 σου.
1027 1436 1047 1462 ι
1084 1409 1190 1466 Καὶ
1243 1408 1341 1463 οὐκ
1390 1407 1653 1484 ἐνάρκησε
1703 1405 1921 1482 δευτέρᾳ
1951 1405 2094 1460 πτώ-

449 1525 549 1576 σει,
582 1501 707 1558 ἁλλ’
739 1501 921 1576 ἐπάγει
951 1501 1041 1556 καὶ
1073 1500 1261 1575 τρίτην
1300 1499 1556 1574 μηχανὴν
1590 1495 1894 1574 προσδοκίᾳ
1934 1497 2091 1567 νίκης

449 1593 582 1668 πρὸς
639 1596 844 1647 πτῶσιν
904 1589 1310 1663 δελεαζόμενος·
1348 1592 1580 1642 «Ταῦτα
1636 1587 1738 1662 γάρ
1793 1607 1879 1641 σοι
1921 1585 2094 1640 πάντα

451 1679 630 1753 δώσω,
664 1681 825 1759 φησὶν
863 1725 878 1753 ,
913 1680 998 1736 ἐὰν
1051 1681 1228 1734 πεσὼν
1287 1679 1664 1754 προσκυνήσῃς
1720 1697 1835 1749 μοι.
1874 1699 1899 1726 ››
1936 1676 2092 1750 Ὁρᾷς

453 1772 874 1848 μηχανημάτων
903 1769 1209 1847 γοργότητα
1243 1789 1256 1840 ;
1281 1769 1441 1844 Ὁρᾷς
1474 1767 1680 1836 ἀπάτης
1710 1773 2052 1840 παρασκευήν
2077 1782 2090 1833 ;

513 1866 568 1919 7.
615 1860 791 1918 Ἀλλὰ
838 1865 983 1934 τρεῖς
1046 1859 1139 1931 μὶν
1201 1854 1341 1918 ἰδέας
1400 1855 1527 1918 ἴσως
1582 1858 1896 1928 πειρασμῶν
1955 1855 2090 1908 εἶναι

443 1950 732 2024 νενόμικας
766 1995 780 2020 ,
812 1953 889 2021 τῷ
919 1952 1015 2003 τοῦ
1056 1949 1288 2024 ἀριθμοῦ
1331 1945 1590 2017 ἑπόμενος
1635 1946 1902 2019 σχήματι·
1956 1943 2090 1997 ἅπαν

447 2038 504 2096 δὲ
547 2040 862 2113 πειρασμῶν
924 2035 1066 2100 εἶδος
1121 2039 1224 2112 ἄρα
1252 2034 1302 2089 ἐν
1336 2040 1450 2095 τοῖς
1479 2033 1618 2108 τρισὶ
1653 2033 1947 2108 περιέξεται
1984 2052 1996 2064 ·
2033 2031 2094 2087 οὐ

447 2131 551 2207 γὰρ
584 2129 643 2184 ἂν
694 2127 960 2183 ἐπαύσατο
990 2127 1262 2202 πειράζων
1300 2167 1314 2193 ,
1348 2124 1392 2179 εἶ
1428 2125 1503 2197 μή
1555 2129 1724 2178 πᾶσαν
1775 2119 1939 2177 αὐτοῦ
1998 2123 2098 2191 τήν

448 2222 712 2296 φαρέτραν
740 2221 848 2274 τῶν
913 2217 1088 2294 βελῶν
1150 2215 1432 2287 ἐξεκένωσε
1462 2217 1540 2288 (1)
1575 2258 1587 2271 .
1621 2216 1800 2276 Πάσας
1860 2214 1961 2289 γάρ
2001 2212 2097 2274 τὰς

449 2311 498 2386 ἐξ
531 2311 732 2381 ἡδονῆς
766 2309 1019 2386 μηχανὰς
1079 2307 1168 2363 διὰ
1219 2314 1317 2376 τῆς
1375 2307 1498 2382 περὶ
1527 2306 1626 2374 τήν
1679 2305 1879 2380 βρῶσιν
1917 2303 2094 2358 ἐπιθυ-

454 2401 579 2475 μίας
611 2402 948 2476 προσήγαγε,
986 2403 1084 2471 μιᾷ
1112 2392 1398 2472 προσϐολῃ
1427 2398 1525 2466 τὴν
1557 2400 1663 2450 τῶν
1701 2394 1925 2471 ὀρέξεων
1970 2396 2094 2449 ἁνα-

448 2493 672 2560 κινήσας
723 2489 1053 2564 συγγένειαν.
1115 2487 1297 2540 Εἰπὼν
1361 2484 1436 2553 δὲ,
1472 2509 1498 2536 ‹‹
1558 2484 1740 2558 Ῥίψον
1791 2485 2030 2554 σεαυτὸν,
2068 2507 2092 2537 ››

447 2581 539 2642 τὰς
595 2579 654 2634 ἐκ
713 2577 1086 2654 μεγαλαυχίας
1146 2579 1224 2650 (2)
1287 2573 1547 2649 μεθόδους
1609 2574 1841 2644 ἐκίνησε.
1887 2575 1961 2630 Τὸ
2016 2571 2093 2644 δὲ,

450 2694 478 2722 ‹‹
510 2674 685 2724 Ταῦτα
738 2669 913 2723 πάντα
962 2688 1047 2721 σοι
1079 2665 1238 2720 δωσω
1270 2710 1286 2733 ,
1321 2688 1350 2718 »
1381 2665 1480 2733 τὴν
1514 2662 1912 2739 χαλεπωτάτην
1947 2663 2094 2739 ῥίζαν

445 2763 553 2812 τῶν
618 2756 1026 2834 ἁμαρτημάτων
1063 2797 1076 2824 ,
1133 2756 1231 2822 τὴν
1293 2751 1700 2831 φιλαργυρίαν,
1758 2752 2042 2828 εἰσήγαγεν
2081 2797 2095 2810 .

448 2851 621 2904 "Amm
652 2847 752 2922 γὰρ
787 2843 925 2907 εἶδος
971 2842 1380 2920 ἁμαρτημάτων
1433 2841 1492 2897 ἐκ
1546 2848 1672 2914 μιᾶς
1724 2843 1925 2912 ταύτης
1970 2843 2096 2920 φύε-

451 2959 539 2992 ται
571 2936 746 3012 ῥίζης.
803 2935 906 2992 Καὶ
964 2934 1111 3008 παρὰ
1169 2933 1476 3009 ἀνθρώποις
1508 2931 1748 3006 ἁμαρτία
1778 2933 1965 3008 χώραν
2001 2932 2100 2988 οὐκ

450 3025 588 3103 ἔχει,
627 3028 702 3099 μή
738 3023 827 3079 διὰ
873 3025 1078 3079 τούτων
1113 3021 1371 3078 ὁδεύουσα
1405 3065 1418 3078 .
1454 3027 1523 3076 ’Ἡ
1552 3022 1651 3098 γὰρ
1685 3019 1753 3075 δι’
1785 3019 1984 3092 ἡδονῆς
2015 3045 2097 3077 τι-

451 3117 708 3192 τρώσκει,
741 3115 776 3183 ἢ
808 3111 896 3168 διὰ
927 3111 1087 3184 δόξης
1117 3111 1400 3183 τοξεύει,ἢ
1436 3112 1740 3187 χρημάτων
1767 3108 1928 3186 ἓρωτι
1960 3114 2098 3188 πρὸς

449 3203 838 3277 πλημμέλειαν
868 3199 1016 3258 ἕλκει
1051 3244 1064 3259 .
1100 3200 1408 3274 Γυμνωοεὶς
1464 3199 1555 3254 οὖν
1582 3204 1690 3255 τῶν
1752 3199 1926 3276 βελῶν
1974 3201 2098 3257 τότε

2202 599 2482 654 miraculo
2530 599 2916 667 consentiam,
2970 617 3165 656 vocem
3219 600 3382 657 illam
3429 604 3766 670 admittam,
3800 610 3856 658 et

2201 689 2481 744 honorem
2536 688 2871 760 approbabo
2922 706 2934 743 :
2977 691 3076 745 sed
3109 691 3284 745 etiam
3320 708 3388 745 ex
3428 692 3728 764 Scriptura
3756 693 3854 746 de-

2202 778 2492 850 promptis
2524 778 2918 849 impetebatur
2949 779 3156 834 verbis.
3186 802 3212 828 ‹‹
3266 779 3390 835 Non
3443 780 3500 835 in
3551 780 3676 836 solo
3707 798 3857 853 pane

2200 867 2352 921 vivet
2381 866 2685 933 homo,sed
2719 867 2778 922 in
2812 867 2969 922 omni
2997 869 3168 923 verbo
3197 869 3351 940 quod
3374 870 3636 940 procedit
3666 871 3735 926 de
3761 888 3856 925 ore

2205 955 2302 1010 Dei
2331 956 2392 1010 39.
2435 977 2461 1004 η
2492 955 2712 1011 Verum
2746 956 2937 1026 priore
2968 956 3065 1011 illa
3102 973 3298 1028 pugua
3329 957 3548 1028 pudore
3589 960 3853 1025 affectus,

2203 1046 2459 1101 secunda
2490 1045 2809 1100 tentatione
2839 1046 3180 1119 aggreditur
3208 1046 3405 1102 :Mitte
3435 1051 3491 1103 te
3521 1048 3854 1113 deorsum,»

2201 1134 2413 1206 inquit,
2446 1134 2732 1206 scriptum
2765 1139 2854 1190 est
2883 1135 3040 1190 enim
3076 1153 3086 1189 :
3120 1135 3358 1207 Angelis
3404 1137 3528 1191 suis
3562 1139 3859 1193 mandavit

2203 1225 2273 1280 de
2322 1228 2396 1291 te,
2432 1227 2497 1279 ut
2526 1225 2862 1280 custodiant
2898 1229 2954 1279 te
2988 1225 3043 1279 in
3075 1226 3353 1280 omnibus
3399 1225 3510 1282 viis
3541 1227 3658 1282 tuis
3707 1229 3772 1262 ³³·
3827 1250 3854 1276 n

2203 1313 2314 1368 Sed
2339 1311 2558 1368 audivit
2579 1313 2824 1368 iterum:
2856 1337 2874 1362 α
2896 1313 3021 1369 Non
3044 1314 3301 1370 tentabis
3332 1314 3644 1371 Dominum
3670 1315 3852 1372 Deum

2200 1405 2362 1456 tuum
2390 1402 2454 1455 ⁸⁸.
2503 1423 2530 1451 ››
2581 1402 2693 1457 Nec
2725 1402 2983 1458 secundo
3025 1403 3132 1457 hoc
3190 1403 3359 1474 lapsu
3401 1404 3724 1476 optorpuit,
3757 1403 3858 1460 sed

2203 1507 2306 1562 spe
2335 1490 2587 1546 victoria
2623 1490 2858 1546 tertiam
2885 1492 3113 1546 inducit
3144 1492 3499 1560 machinam,
3532 1509 3646 1564 qua
3677 1493 3733 1548 in
3775 1491 3859 1548 la-

2205 1596 2378 1652 psum
2414 1578 2689 1652 pelliciat.
2725 1604 2752 1631 «
2782 1580 2912 1636 Haec
2940 1581 3157 1650 omnia,
3188 1602 3213 1631 σ
3243 1581 3453 1650 inquit,
3480 1604 3506 1631 «
3542 1581 3648 1637 tibi
3682 1583 3856 1652 dabo,

2205 1671 2254 1726 si
2286 1669 2522 1736 cadens,
2557 1671 2889 1725 adoraveris
2926 1687 3014 1726 me
3034 1671 3096 1724 ³³.
3128 1692 3154 1718 υ
3186 1669 3390 1726 Viden'
3426 1671 3865 1728 machinamen-

2202 1762 2398 1815 torum
2431 1758 2597 1814 vim?
2626 1759 2826 1814 Viden’
2863 1761 3132 1815 fraudum
3167 1765 3512 1833 apparatum
3539 1759 3562 1814 Ρ

2279 1852 2493 1904 Verum
2533 1849 2777 1904 fortasse
2808 1854 3081 1904 autumas
3112 1849 3224 1904 tria
3267 1849 3459 1904 solum
3502 1867 3630 1906 esse
3672 1854 3859 1906 tenta-

2203 1938 2432 1993 tionum
2465 1953 2699 2008 genera,
2726 1938 2902 2008 hujus
2920 1939 3148 1993 numeri
3182 1938 3437 2009 speciem
3473 1940 3861 1996 secutus.lmo

2205 2043 2380 2083 omne
2411 2027 2803 2082 tentationum
2835 2044 3021 2099 genus
3062 2027 3252 2082 tribus
3284 2028 3445 2084 hisce
3489 2030 3862 2098 continetur;

2206 2132 2395 2188 neque
2426 2116 2582 2172 enim
2632 2116 2784 2172 398
2819 2117 2996 2171 ﬁnem
3029 2115 3297 2176 tentandi
3330 2117 3584 2188 fecisset,
3618 2117 3733 2174 nisi
3768 2136 3861 2175 sa-

2206 2206 2372 2278 gittis
2394 2209 2575 2261 totum
2597 2209 2934 2262 evacuasset
2957 2205 3315 2277 pharetram.
3338 2205 3547 2262 Omnia
3570 2207 3862 2279 siquidem

2207 2294 2525 2366 voluptatis
2556 2294 3030 2350 machinamenta
3051 2310 3154 2367 per
3181 2294 3294 2350 cibi
3328 2296 3862 2367 concupiscentiam

2205 2383 2418 2439 obtulit
2468 2401 2699 2455 unoque
2732 2384 2978 2456 impetu,
3025 2383 3393 2456 appetituum
3447 2402 3621 2441 omne
3676 2402 3863 2458 genus

2206 2472 2534 2528 concitavit.
2567 2478 2707 2528 Cum
2741 2473 2885 2528 dixit
2909 2477 3130 2543 autem,
3167 2496 3193 2523 ‹‹
3228 2473 3385 2529 Mitte
3416 2479 3473 2529 te
3505 2474 3806 2543 deorsum,
3836 2498 3857 2525 ι

2209 2577 2414 2618 omnes
2436 2563 2782 2634 arrogantiae
2795 2562 2960 2618 dolos
2983 2561 3414 2618 admovit.Illud
3433 2580 3569 2619 vero
3591 2563 3860 2636 loquens:

2204 2674 2235 2703 α
2253 2655 2380 2706 Haec
2399 2651 2597 2708 omnia
2616 2651 2722 2707 tibi
2745 2653 2924 2719 dabo;
2948 2674 2975 2701 ››
3001 2652 3316 2724 pessimam
3344 2657 3708 2722 peccatorum
3735 2670 3862 2726 pro-

2207 2741 2403 2812 posuit
2432 2741 2710 2812 radicem,
2746 2741 3074 2796 avaritiam.
3107 2742 3187 2796 Ex
3219 2741 3328 2797 hac
3375 2743 3592 2815 quippe
3623 2761 3739 2798 una
3772 2761 3860 2799 ra-

2207 2830 2334 2885 dice
2368 2835 2737 2901 peccatorum
2771 2847 2943 2886 omne
2973 2846 3161 2902 genus
3211 2835 3468 2886 emanat.
3502 2831 3862 2904 Nullamque

2209 2920 2362 2991 apud
2394 2919 2664 2975 homines
2695 2924 2997 2992 peccatum
3023 2919 3198 2975 habet
3222 2918 3568 2992 locum,quae
3594 2939 3708 2978 non
3728 2922 3862 2976 inde

2210 3009 2485 3080 procedat
2513 3026 2525 3063 :
2561 3013 2661 3064 aut
2692 3009 2848 3064 enim
2891 3008 3189 3081 voluptate
3219 3008 3503 3081 vulnerat,
3535 3009 3623 3065 vel
3665 3010 3863 3083 glorias

2209 3097 2527 3170 cupiditate
2554 3099 2704 3166 fcril,
2738 3106 2839 3154 aut
2877 3097 3258 3170 pecuniarum
3297 3114 3495 3154 amore
3537 3100 3606 3154 ad
3642 3099 3864 3156 scelera

2209 3187 2514 3258 pertrahit.
2540 3187 2695 3243 Telis
2717 3204 2853 3260 ergo
2877 3187 3462 3258 nudatus,jaculandi
3489 3188 3666 3244 ﬁnem
3693 3188 3860 3246 fecit:

449 3299 544 3349 τοῦ
597 3292 830 3363 τοξεύειν
889 3290 1176 3346 ἐπαύσατο·
1236 3289 1326 3345 καὶ
1383 3289 1588 3364 γυμνὸν
1648 3291 1782 3364 ἡμῖν
1848 3288 2005 3345 αὐτὸν
2066 3291 2094 3344 ὁ

2212 3292 2276 3332 ac
2299 3277 2522 3332 nudum
2551 3276 3223 3332 machinamentisillum
3250 3277 3418 3332 nobis
3435 3277 3700 3334 Christus
3722 3293 3861 3334 con-

454 3383 686 3456 Χριστὸς
741 3385 850 3435 τῶν
909 3379 1328 3456 μηχανημάτων
1381 3379 1738 3449 κατέστησεν,
1796 3379 2102 3455 ὁπράκτους

453 3469 615 3525 αὐτοῦ
672 3469 764 3532 τὰς
824 3467 1011 3532 ἀκίδας
1071 3467 1469 3546 ἐργασάμενος·
1502 3468 1812 3543 γνωρίμους
1861 3470 1988 3533 τοὺς
2020 3467 2106 3524 δόο

448 3557 580 3621 λους
617 3561 694 3631 (3)
720 3558 1066 3628 κατέστησεν,
1097 3555 1426 3632 εὐχείρωτον
1457 3554 1616 3611 αὐτὸν
1649 3562 1765 3620 τοῖς
1801 3559 2100 3633 ’ἱνθρώποις

447 3648 796 3720 ποιούμενος.

520 3739 573 3792 8.
605 3740 730 3798 Τοῖς
762 3739 1111 3795 Δεσποτικοῖς
1162 3732 1339 3788 τοίνυν
1372 3735 1544 3808 ἁγῶσι
1584 3735 1683 3805 τήν
1725 3734 1878 3804 νίκην
1909 3733 2101 3812 κερδα-

447 3826 896 3900 νῶμεν·Χριστοῦ
926 3823 1302 3896 πολεμοῦντος
1320 3824 1496 3877 οἰκεῖα
1525 3826 1811 3897 στήσωμεν
1844 3825 2098 3901 τρόπαια,

446 3915 537 3982 Μὴ
573 3913 910 3989 ῥυπώσωμεν
942 3913 1033 3968 τὸν
1095 3917 1306 3988 χιτῶνα
1333 3919 1433 3982 τῆς
1462 3912 1697 3975 πίστεως
1733 3961 1747 3986 ,
1781 3915 1838 3968 δν
1871 3917 1905 3984 ἠ
1938 3916 2099 3990 χάρις

451 4001 673 4080 ἐξύφανε
707 4020 720 4034 ⁸
758 4004 833 4074 μὴ
871 4000 1076 4078 δωρεὰν
1109 4000 1391 4074 ἀτιμάσῃς,
1425 4002 1490 4070 ἣν
1523 4001 1667 4076 παρὰ
1719 4007 1853 4056 Θεοῦ
1883 4000 2096 4066 ἔλαϐες·

450 4089 618 4146 ἐννόει
647 4092 740 4146 τὸν
776 4088 1069 4162 δεδωκότα,
1101 4091 1192 4146 καὶ
1220 4092 1282 4145 τὸ
1315 4087 1466 4154 δοθὲν
1502 4088 1929 4168 διαφύλαξονᾸΞῗ
1952 4115 2099 4158 τινος

454 4179 787 4255 μαργαρίτου
827 4179 1000 4258 φύλαξ
1030 4180 1064 4248 ἣ
1093 4175 1419 4254 ἁλουργίδος
1476 4179 1739 4250 κατέστης
1789 4181 2099 4255 βασιλικῆς,

448 4270 552 4345 ἄρα
583 4268 681 4324 οὐκ
711 4266 770 4323 ἄν
803 4269 969 4345 μέχρι
1017 4270 1244 4323 θανάτου
1286 4275 1386 4338 τῆς
1438 4267 1686 4346 φυλακῆς
1719 4267 1970 4340 ἐπεδείξω
1999 4273 2098 4340 τήν

449 4357 810 4432 ἐπιμέλειαν;
870 4357 1045 4416 Ἀλλὰ
1091 4363 1179 4413 νῦν
1233 4358 1296 4413 οὐ
1359 4357 1694 4433 μαργαρίτου
1747 4359 1934 4434 μόνον,
1977 4359 2104 4417 οὐδὲ

448 4449 751 4526 πορφύρας,
786 4445 910 4503 οὐδὲ
952 4449 1233 4520 κτήματος
1284 4445 1476 4510 ἁπλῶς
1527 4447 1834 4523 βασιλικοῦ,
1869 4449 1998 4506 αὐτὸ
2045 4448 2104 4508 δὲ

448 4540 511 4596 τὸ
539 4544 637 4593 τοῦ
685 4539 957 4594 Δεσπότου
1007 4537 1425 4609 κατεπιστεύθης
1459 4540 1537 4612 (4)
1580 4543 1758 4612 σῶμα·
1796 4539 2010 4613 μᾶλλον
2045 4541 2103 4598 δέ

2209 3365 2424 3436 stituit,
2458 3365 2655 3420 irritas
2685 3365 2813 3436 ejus
2844 3366 3116 3437 cuspides
3147 3365 3336 3420 etfacit
3373 3381 3386 3422 :
3429 3366 3743 3438 palamque
3773 3367 3863 3422 fa-

2209 3454 2319 3510 etis
2349 3455 2478 3525 ejus
2509 3454 2680 3523 dolis,
2714 3459 2890 3528 captu
2923 3455 3152 3511 facilem
3195 3455 3364 3511 nobis
3389 3454 3556 3511 illum
3587 3455 3860 3513 reddidit.

2278 3749 2330 3804 8.
2367 3748 2688 3804 Dominicis
2718 3764 2856 3820 ergo
2884 3749 3305 3806 certaminibus
3333 3750 3634 3807 victoriam
3665 3769 3863 3824 repor-

2206 3841 2423 3892 temus.
2458 3838 2762 3909 Pugnante
2789 3838 3019 3894 Christo
3052 3845 3253 3893 nostra
3285 3857 3388 3895 nos
3421 3847 3640 3912 tropaaa
3676 3841 3864 3914 eriga-

2207 3942 2362 3980 mus.
2399 3926 2480 3980 Ne
2511 3926 2894 3998 inquinemus
2927 3927 3061 3981 ﬁdei
3104 3929 3390 3998 tunicam,
3445 3945 3618 3999 quam
3674 3931 3866 4002 gratia

2207 4013 2503 4068 contexuit
2537 4029 2549 4069 :
2596 4030 2667 4068 ne
2717 4016 2935 4069 denum
2987 4019 3332 4070 contemnas
3372 4017 3525 4086 quod
3560 4032 3594 4070 a
3623 4014 3738 4072 Deo
3769 4034 3864 4072 ac-

2205 4102 2410 4174 cepisti
2447 4119 2458 4156 :
2495 4103 2686 4173 cogita
2717 4104 2852 4172 quis
2883 4104 3126 4170 dederit,
3161 4104 3487 4174 datumque
3517 4111 3761 4161 servato.
3805 4105 3866 4160 Si

2206 4193 2536 4262 margaritae
2567 4193 2880 4261 cujusdam
2911 4198 3014 4246 aut
3044 4192 3213 4262 regiae
3237 4209 3512 4263 purpuris
3533 4199 3733 4249 custos
3764 4195 3864 4250 de-

2206 4285 2446 4351 putatus
2474 4295 2656 4349 esses,
2705 4295 2898 4334 nonne
2949 4281 3021 4334 ad
3073 4284 3322 4334 mortem
3363 4298 3550 4351 usque
3603 4283 3730 4352 ejus
3762 4298 3863 4338 cu-

2207 4368 2410 4424 stodia:
2450 4385 2652 4434 curam
2685 4367 2988 4424 exhiberes
3010 4368 3037 4423 ‘P
3067 4372 3143 4422 At
3171 4385 3327 4422 nunc
3357 4385 3473 4423 non
3533 4374 3867 4442 margaritae

2206 4461 2460 4525 tantum,
2511 4443 2701 4528 neque
2754 4474 3050 4528 purpuraa,
3103 4455 3190 4511 vel
3242 4457 3619 4527 pecuniarum
3671 4458 3866 4514 solum

2209 4547 2503 4619 regiarum
2539 4562 2681 4601 cura
2711 4545 2818 4600 tibi
2870 4546 3188 4601 commissa
3222 4562 3236 4612 ;
3279 4546 3379 4599 sed
3410 4545 3606 4617 ipsum
3639 4548 3870 4602 Domini

449 4649 502 4682 τι
538 4627 706 4704 λέγω,
737 4629 963 4704 γέγονας
994 4631 1154 4700 σῶμα
1185 4628 1529 4698 Δεσποτικὸν,
1567 4627 1735 4701 μέλος
1766 4629 1951 4705 ἐγένου
1981 4637 2097 4706 Χρι·

2217 4653 2428 4708 corpus
2459 4634 2564 4690 tibi
2598 4634 2999 4690 concreditum
3033 4639 3143 4690 est.
3164 4635 3302 4689 Plus
3334 4635 3484 4701 dico,
3519 4636 3644 4707 ipse
3675 4637 3869 4691 Domi-

452 4723 599 4774 στοῦ·
634 4715 866 4773 ἐνεδύσω
898 4718 1151 4792 Χριστὸν,
1181 4719 1317 4772 κατὰ
1362 4719 1462 4786 τήν
1511 4723 1608 4772 τοῦ
1641 4717 1859 4774 Παύλου
1893 4725 2101 4799 φωνήν·

451 4833 480 4861 κ
513 4810 671 4866 ’Όσοι
704 4808 808 4884 γὰρ
840 4807 914 4870 είς
946 4807 1175 4883 Χριστὸν
1212 4801 1631 4876 ἐϐαπτίσθησαν,
1663 4810 1890 4884 Χριστὸν
1925 4809 2105 4865 ἐνεδύ-

450 4919 629 4953 σαντο.
657 4922 685 4949 ››
717 4898 806 4966 Μὴ
832 4901 990 4974 γενοῦ
1019 4897 1126 4969 (4¹’)
1153 4899 1262 4950 τῶν
1294 4899 1391 4950 τοῦ
1427 4901 1661 4971 Χριστοῦ
1692 4895 1970 4973 προδότης
2005 4921 2106 4972 με-

452 4985 588 5044 λῶν.
619 4987 884 5062 Ὑπῆρξας
905 4990 1001 5041 τοῦ
1024 4985 1334 5058 Πνεύματος
1355 4987 1433 5058 (5)
1467 4983 1908 5059 οἰκητήριον,καὶ
1936 4987 2103 5061 μέλος

527 5131 574 5166 ³²
623 5130 794 5187 Deut.
843 5148 965 5202 vm,
1014 5132 1069 5188 3.
1183 5130 1389 5187 Matth.
1449 5147 1526 5199 IV,
1575 5131 1646 5200 6;
1701 5131 1853 5188 Psal.
1904 5149 1995 5189 xc.
2052 5135 2139 5191 11.

457 5202 504 5237 ⁸⁸
533 5203 722 5261 Galat.
755 5220 840 5272 III,
870 5204 962 5260 27.

527 5346 768 5424 (9.8),Sic
798 5362 944 5404 mss.
993 5362 1218 5403 omnes.
1267 5348 1417 5404 Editi
1464 5364 1620 5416 vero,
1667 5345 2113 5424 ἐπιπορευομένῳ

458 5417 608 5492 παρὰ
629 5421 791 5492 Θεοῦ.

531 5489 644 5563 (99)
676 5494 762 5548 Ita
792 5489 1177 5562 depravatum
1207 5489 1366 5548 hunc
1403 5489 1600 5548 locum
1650 5493 2018 5550 restituimus
2047 5510 2116 5551 ex

469 5577 615 5711 mgis).
768 5649 914 5690 mss.
944 5631 1120 5703 Editi,
1148 5631 1248 5711 τὴν
1282 5632 1546 5711 εραρέτραν
1582 5631 1830 5692 ἐκενωσε.

531 5635 583 5704 (1
641 5634 736 5690 Sic
768 5649 914 5690 mss.
944 5634 1120 5703 Editi,
1148 5634 1248 5702 τὴν
1282 5634 1546 5711 φαρέτραν
1582 5634 1830 5692 ἐκενωσε.

530 5634 609 5784 (2)
641 5706 783 5764 Ms.
817 5719 1046 5779 omnes,
1081 5702 1519 5784 μεγαλοψυχίαν,
1550 5723 1657 5781 pro
1708 5704 2117 5788 μεγαλαυχίαν.

2215 4727 2415 4780 nicum
2470 4740 2707 4796 corpus,
2741 4725 3195 4795 membrumque
3243 4725 3461 4781 Christi
3489 4726 3729 4782 effectus
3760 4743 3822 4782 es
3854 4744 3868 4782 :

2213 4814 2509 4871 Christum
2530 4815 2776 4870 induisti
2795 4814 3120 4869 secundum
3138 4813 3300 4868 Pauli
3319 4830 3516 4869 vocem
3540 4831 3553 4870 :
3575 4835 3604 4865 ‹‹
3627 4815 3875 4878 Quicun-

2215 4919 2328 4974 que
2359 4904 2512 4959 enim
2546 4903 2603 4956 in
2629 4902 2861 4958 Christo
2887 4903 3158 4973 haptizati
3183 4908 3322 4958 sunt
3343 4903 3643 4959 Christum
3665 4905 3870 4960 indue-

2215 4993 2433 5048 runt”.
2457 5016 2479 5046 ι
2504 4992 2585 5048 Ne
2606 4993 2688 5047 sis
2714 4993 3114 5047 membrorum
3137 4991 3349 5046 Christi
3373 4993 3872 5063 proditor.Factus

2251 5135 2296 5170 δ’·
2342 5135 2547 5192 Matth.
2599 5151 2656 5191 1v
2699 5134 2768 5205 7;
2819 5134 2991 5190 Deut.
3036 5151 3115 5204 vr,
3171 5135 3257 5190 16.
3369 5134 3414 5169 ⁸⁵
3461 5134 3666 5192 Matth.
3700 5151 3776 5208 ιν,
3815 5135 3872 5192 9.

2223 5351 2381 5427 Infra
2410 5353 2612 5427 iidem,
2644 5347 3179 5427 cpilapyupiavaro
3192 5347 3662 5427 φιλοχρηματίαν.

2295 5425 2374 5496 (3)
2416 5425 2512 5481 Sic
2561 5419 2705 5479 mss.
2755 5419 2981 5479 omnes.
3010 5419 3384 5495 'E'diti'ver'd,
3429 5419 3561 5486 τοὺς
3614 5419 3873 5495 δούλους,

2226 5495 2494 5640 ωἳέῗέίρ
2521 5583 2668 5640 mss.
2699 5568 2777 5640 _At
2805 5558 2970 5640 editi,
3001 5560 3394 5634 διεπιστεύθης.

2324 5569 2378 5640 4)
2400 5569 2494 5623 Sic
2527 5583 2668 5623 mss.
2703 5569 2777 5620 At
2805 5569 2970 5634 editi,
3001 5569 3024 5618 δ

2301 5569 2396 5710 (ἰν)
2428 5637 2626 5712 Vulg.,
2655 5633 2834 5712 γένου.
2854 5636 3024 5712 Enni.

2304 5707 2387 5786 (5)
2412 5710 2508 5770 Sic
2537 5707 2682 5768 mea.
2713 5707 2891 5779 Editi,
2920 5709 3018 5763 τοῦ
3039 5711 3292 5787 Χριστοῦ.
