4120 6400
259 401 405 463 1091

1423 390 1484 449 S.
1538 384 2064 450 A'I‘HANASIUS.
2085 417 2168 433 --
2198 383 2510 450 SPURIA.

3519 384 3679 446 (092

252 554 315 592 es
360 533 613 606 Spiritus
642 529 832 587 sancti
860 526 1284 592 habitaculum,
1321 525 1773 594 mombrumque
1794 536 1907 576 coeo

2034 521 2115 571 τοῦ
2147 517 2198 572 ἐν
2234 517 2485 592 οὐρανοῖς
2538 516 2945 594 βασιλεύοντος.
2995 514 3234 592 Ἀρεταῖς
3279 514 3370 570 οὖν
3403 515 3465 570 τὸ
3497 514 3676 592 δῶρον

252 622 422 679 testis
452 620 643 693 Regis.
697 619 926 675 Donum
976 632 1084 689 ego
1138 614 1456 670 virtutibus
1511 612 1918 667 honoremus:

251 709 651 784 temperantia:
711 714 1031 765 sectatores
1079 704 1433 767 efﬁciamur,
1484 699 1918 757 humanitatem

250 816 650 868 exerceamus,
664 797 1095 869 eleemosynani
1120 793 1441 865 largiamur
1459 808 1470 846 :
1488 786 1917 846 incredulitatis

247 906 542 947 venenum
562 887 954 952 excutiamus,
981 882 1182 939 dolum
1210 880 1442 937 diabolo
1476 879 1732 935 amicum
1754 894 1916 934 aver-

256 996 458 1036 semur
490 994 504 1032 :
540 975 939 1041 mendacium,
968 971 1193 1027 inimici
1227 969 1408 1025 nostri
1443 985 1756 1041 organum,
1783 966 1916 1022 odio

256 1064 854 1123 habeamus.Beatum
871 1061 1173 1117 imitemur
1192 1057 1565 1128 Paulum,qui
1588 1056 1915 1129 baptizatus

256 1156 423 1212 illum
457 1152 814 1227 praedicavit,
838 1167 1013 1223 quem
1045 1154 1182 1204 ante
1213 1147 1572 1220 baptismum
1605 1161 1915 1218 perseque-

256 1245 448 1300 batur.
484 1243 790 1298 Imitemur
816 1238 1123 1311 zEthiopiaa
1152 1238 1515 1303 eunuchum,
1544 1236 1643 1307 qui
1676 1243 1914 1308 accepto

256 1334 314 1389 in
350 1334 441 1389 via
462 1331 837 1404 baptismate,
856 1331 951 1384 via
981 1329 1107 1399 ipse
1136 1326 1512 1381 credentibus
1540 1324 1913 1397 Ethiopibus

253 1420 383 1476 fuit.
409 1418 789 1491 Multiplicem
802 1433 868 1471 us
889 1416 1090 1487 gratia-
1111 1414 1420 1480 talentum,
1446 1417 1511 1469 ut
1528 1429 1727 1470 vocem
1749 1412 1913 1470 illam

255 1507 820 1565 desideratissimam
905 1504 1218 1560 audiamus
1302 1503 1531 1558 Domini
1589 1503 1840 1559 dicentis
1894 1520 1908 1558 :

253 1622 282 1650 ι(
317 1599 497 1670 Euge,
528 1612 693 1654 serve
724 1595 874 1651 bone
922 1598 982 1650 et
1019 1591 1249 1660 ﬁdelis;
1283 1608 1462 1663 super
1512 1608 1701 1662 pauca
1749 1592 1911 1648 fuisti

254 1686 467 1755 ﬁdelis,
502 1702 684 1758 supra
713 1683 900 1741 multa
936 1687 993 1739 te
1023 1681 1380 1738 constituam
1417 1698 1431 1737 :
1466 1680 1621 1736 intra
1662 1681 1719 1735 in
1764 1697 1913 1753 gau-

252 1778 418 1833 dium
451 1775 679 1832 Domini
709 1774 795 1829 tui
826 1774 890 1829 37.
936 1795 963 1822 ››
1005 1772 1121 1844 Ipsi
1170 1770 1356 1843 gloria
1401 1774 1459 1826 et
1499 1770 1816 1842 imperium
1851 1770 1909 1826 in

251 1863 466 1921 saecula
493 1862 865 1920 saeculorum.
898 1871 1105 1916 Amen.

319 1989 363 2025 3"
396 1987 605 2045 Matth.
637 2004 769 2058 xxv,
798 1986 893 2053 21,
919 1985 1014 2040 23.

318 2116 395 2190 (6)
428 2117 512 2173 Ita
545 2132 692 2173 mss.
728 2129 954 2170 omnes.
988 2112 1052 2169 In
1084 2111 1224 2168 edit.
1256 2110 1493 2166 brevius
1524 2110 1840 2169 clauditur.

2030 610 2355 680 τιμήσωμεν
2388 628 2401 640 ·
2462 606 2817 686 σωφροσύνης
2884 605 3215 680 ἐπιμεληταὶ
3274 610 3628 680 καταστῶμεν
3665 627 3679 639 ·

2031 694 2436 773 φιλανθρωπίαν
2497 695 2843 770 μετὲλθωμεν
2882 719 2893 730 ·
2954 694 3333 768 ἐλεημοσύνην
3394 715 3681 773 προχειριο

2030 786 2267 859 ζώμεθα·
2303 785 2550 847 ἀπιστίας
2583 786 2660 840 ἰὸν
2692 785 3171 858 ἁποτιναξὼμεθα·
3207 782 3370 841 δόλον
3402 785 3648 859 ἀποστρα

2026 879 2213 949 φῶμεν
2258 880 2357 929 τοῦ
2414 869 2677 931 διαϐόλου
2728 873 2911 953 φίλον·
2965 875 3283 948 μισήσωμεν
3334 871 3531 947 ψεῦδος
3579 880 3679 929 τοῦ

2024 963 2297 1037 πολεμίου
2358 965 2421 1020 τὸ
2478 962 2707 1042 ὄργανον
2745 1010 2756 1022 .
2819 966 3203 1040 Μιμησώμεθα
3257 965 3350 1020 τὸν
3413 985 3678 1042 μακάριον

2026 1053 2262 1128 Παῦλον,
2290 1055 2349 1117 ὃς
2388 1055 2698 1131 βαπτισθεὶς
2749 1054 3060 1126 ἐκήρυττεν,
3094 1055 3152 1110 ὃν
3198 1056 3305 1131 πρὸ
3352 1059 3450 1109 τοῦ
3488 1054 3678 1130 βαπτί-

2025 1164 2228 1212 σματος
2260 1142 2487 1214 ἤλαυνε.
2541 1146 2928 1219 Μιμησώμεθα
2973 1144 3060 1199 τὸν
3108 1151 3209 1213 τῆς
3264 1143 3555 1208 Αἰθιοπίας
3588 1145 3679 1199 εύι

2023 1237 2249 1309 νοῦχον,
2281 1234 2339 1295 ’ὀς
2370 1232 2423 1290 ἐν
2455 1231 2569 1307 ὁδῷ
2596 1233 2782 1310 τυχὼν
2812 1232 2910 1289 τοῦ
2937 1232 3333 1309 βαπτίσματος,
3356 1230 3481 1295 ὁδὸς
3516 1233 3672 1295 αὐτὸς

2027 1327 2144 1384 τοῖς
2169 1321 2481 1377 πιστεύουσι
2529 1327 2635 1377 τῶν
2688 1322 2969 1379 Αἰθιόπων
3023 1321 3257 1397 ἐγένετο.
3289 1321 3672 1378 Πολυπλασιά-

2025 1412 2203 1486 σωμεν
2233 1412 2297 1467 τὸ
2323 1415 2421 1482 τῆς
2452 1411 2679 1489 χάριτος
2716 1410 3007 1485 τάλαντον,
3032 1409 3127 1467 ’ίνα
3181 1419 3282 1481 τῆς
3334 1408 3676 1467 πολυεύκτου

2022 1502 2208 1577 φωνῆς
2255 1499 2574 1574 ἀκούσωμεν
2621 1503 2698 1575 (ὅ)
2742 1504 2840 1557 τοῦ
2888 1500 3159 1556 Δεσπότου
3206 1499 3458 1577 λὲγοντος
3518 1524 3545 1552 ‹‹
3580 1499 3676 1569 L75,

2023 1587 2187 1645 δοῦλε
2218 1586 2379 1667 ἀγαθὲ
2407 1591 2498 1645 καὶ
2528 1591 2707 1663 πιστὶ,
2736 1589 2824 1645 ἐπὶ
2873 1589 3032 1667 ὀλίγα
3059 1591 3127 1661 ἧς
3155 1591 3367 1661 πιστὸς,
3399 1589 3488 1646 ἐπὶ
3535 1588 3680 1645 πολ-

2023 1678 2134 1736 λῶν
2168 1702 2226 1736 σε
2254 1684 2596 1753 καταστήσω·
2631 1681 2837 1747 εἷ’σελθε
2871 1683 2945 1744 εἰς
2980 1683 3072 1751 τὴν
3123 1683 3298 1759 χαρὰν
3344 1686 3442 1737 τοῦ
3480 1680 3679 1755 Κυρίου

2023 1791 2141 1826 σου.
2176 1793 2206 1822 ››
2238 1769 2400 1842 Αὐτῷ
2428 1773 2462 1841 ἡ
2498 1769 2625 1843 δόξα
2645 1771 2736 1826 καὶ
2765 1772 2828 1827 τὸ
2849 1770 3049 1846 κράτος
3071 1771 3148 1835 εἰς
3178 1771 3307 1835 τοὺς
3339 1771 3538 1833 αἰῶνας
3566 1774 3676 1826 τῶν

1940 1845 1989 1909 Β
2018 1857 2252 1915 αῗώνων.
2288 1858 2490 1931 Ἀμήν.

1415 2346 1545 2401 ΤΟΥ
1583 2345 1677 2402 ΕΝ
1715 2346 1947 2403 ΑΓΙΟΙΣ
1988 2348 2263 2404 ΠΑΤΡΟΣ
2304 2351 2495 2404 ΠΜΩΝ

1602 2495 2333 2596 ΑΘΑΝΑΣΙΟΥ

826 2671 1053 2727 ΛΟΓΟΣ
1094 2673 1205 2724 ΕΙΣ
1248 2668 1383 2725 ΓΠΝ
1426 2672 1793 2726 ΑΝΛΛΙΙΨΙΝ
1835 2671 1972 2728 ΤΟΥ
2009 2671 2254 2729 ΚΥΡΙοΥ
2293 2672 2495 2729 ΗΜΩΝ
2536 2673 2744 2731 ΙΗΣΟΥ
2782 2676 3089 2732 ΧΡΙΣΤΟΥ.

1463 2909 1553 2997 S.
1600 2909 1695 2992 P.
1741 2908 1836 2993 Ν.
1897 2910 2487 2999 ATHANASII

1004 3060 1223 3117 SERMO
1263 3064 1343 3119 IN
1381 3059 1898 3117 ASbUMPTIONEM
1933 3061 2168 3118 DOMINI
2206 3061 2445 3120 NOSTRI
2480 3062 2643 3120 JESU
2681 3062 2944 3120 CHRISTI

333 3310 384 3365 1.
421 3304 888 3364 Resurrectionis
919 3303 1207 3360 memoria
1228 3302 1426 3376 palma
1447 3302 1715 3359 homines
1735 3303 1915 3359 donat
1945 3309 1988 3375 ο

261 3398 541 3455 adversus
562 3400 810 3451 mortem
836 3410 849 3448 ε
876 3398 936 3449 at
957 3408 1212 3465 praesens
1244 3391 1584 3447 solemnitas
1616 3392 1915 3447 hominem

260 3487 503 3544 adducit
530 3486 603 3541 ad
636 3480 1379 3553 ccslum,commutatisque
1399 3485 1567 3535 terra:
1596 3480 1915 3536 mansioni-

260 3578 395 3646 bus,
428 3573 637 3630 ccslum
671 3571 1012 3628 hominibus
1046 3570 1304 3642 pervium
1337 3570 1534 3625 efﬁcit.
1568 3569 1694 3624 Non
1725 3569 1921 3625 decuit

260 3665 441 3734 enim,
478 3664 803 3718 humanum
833 3676 1043 3732 genus,
1100 3661 1256 3730 quod
1310 3664 1556 3714 mortem
1605 3660 1917 3726 devicerat,

258 3760 493 3809 terrena
519 3751 734 3807 iterum
767 3749 1019 3805 incolere
1048 3748 1192 3803 loca.
1224 3749 1254 3804 J
1265 3766 1357 3803 am
1394 3765 1485 3802 me
1531 3764 1727 3803 revera
1757 3748 1919 3803 subit

261 3858 515 3914 magnus
545 3840 829 3896 adversus
860 3837 1079 3893 diaboli
1110 3837 1480 3910 tyrannidem
1514 3836 1751 3891 animus
1782 3852 1918 3892 cum

259 3930 436 3986 hodie
468 3929 632 3985 video
665 3926 896 4001 generis
916 3927 1029 3983 mei
1053 3926 1342 3998 primitias
1366 3925 1424 3979 in
1446 3925 1606 3980 ccelis
1634 3942 1877 3998 regnare
1902 3942 1915 3980 :

260 4036 421 4076 nunc
452 4018 663 4074 cecidit
694 4018 881 4073 hostis
909 4018 1108 4083 robur,
1136 4016 1475 4070 defecerunt
1503 4015 1657 4070 389
1702 4015 1919 4071 diaboli

262 4106 881 4165 machinationes;Non
895 4112 984 4161 est
996 4104 1089 4160 hic
1107 4104 1263 4160 ultra
1277 4104 1644 4175 paradisus,o
1666 4104 1917 4175 diabole,

264 4215 380 4254 non
413 4197 636 4253 arboris
667 4196 937 4267 voluptas
974 4210 1100 4265 quea
1150 4193 1221 4249 ad
1262 4192 1529 4248 fraudem
1579 4194 1818 4261 alliciat,
1854 4200 1921 4250 ut

262 4303 501 4343 rursum
534 4284 680 4358 legis
711 4290 870 4341 metu
920 4283 1134 4353 soluto,
1181 4288 1428 4339 mortem
1470 4284 1755 4339 stabilius.
1795 4283 1919 4341 Non

263 4376 515 4433 ulterius
537 4373 741 4431 audio:
759 4396 786 4421 ιι
814 4374 991 4429 Terra
1010 4389 1093 4438 es,
1117 4377 1176 4427 et
1197 4373 1253 4426 in
1282 4377 1494 4427 terram
1519 4372 1824 4427 reverteris
1849 4389 1863 4440 ;
1890 4394 1919 4422 »

262 4465 389 4534 sed,
420 4463 597 4520 etiam
628 4464 677 4518 si
710 4468 866 4518 terra
895 4476 978 4529 es,
1011 4460 1140 4530 ejus
1173 4459 1273 4531 qui
1304 4464 1361 4515 te
1408 4477 1645 4515 sursum
1683 4459 1923 4516 adducit

263 4552 575 4608 clementia
594 4551 655 4606 in
677 4550 890 4606 coelum
914 4549 1217 4604 ascendas.
1245 4547 1595 4603 Delictorum
1624 4548 1920 4619 regionem

263 4643 487 4708 desero,
524 4646 735 4697 terram
782 4638 889 4693 tibi
936 4638 1206 4703 concedo,
1239 4636 1300 4691 in
1332 4654 1451 4708 qua
1481 4643 1676 4705 natus,
1712 4637 1771 4692 in
1804 4656 1921 4709 qua

2098 3304 2150 3360 1.
2173 3302 2237 3360 ἹΙ
2272 3302 2366 3376 μὲν
2396 3305 2497 3373 τῆς
2547 3301 2884 3366 ἀναστάσεως
2933 3305 3127 3377 μνήμη
3157 3305 3226 3359 τὰ
3270 3304 3408 3359 κατὰ
3454 3309 3552 3360 τοῦ
3582 3305 3674 3359 θα-

2026 3389 2190 3446 νάτου
2219 3396 2334 3454 τοῖς
2367 3392 2674 3465 ἀνθρώποις
2721 3392 3001 3469 χαρίζεται
3040 3396 3348 3465 νικητήρια·
3382 3396 3416 3463 ἡ
3450 3391 3509 3449 δὲ
3537 3415 3676 3471 παρ-

2029 3483 2163 3535 οῦσα
2189 3482 2490 3557 πανήγυρις
2534 3482 2669 3557 πρὸς
2720 3480 2947 3558 οὐρανὸν
3003 3481 3188 3557 ἀνάγει
3230 3483 3323 3537 τὸν
3366 3484 3678 3558 ἄνθρωπον,

2024 3568 2117 3624 καὶ
2166 3569 2261 3631 τὰς
2313 3568 2364 3624 ἐν
2414 3573 2482 3643 τῇ
2533 3573 2605 3645 γῇ
2657 3566 2937 3645 διατριϐὰς
2981 3570 3277 3644 ἀλλάξασα,
3309 3573 3401 3626 τὸν
3452 3571 3682 3648 οὐρανὸν

2032 3658 2193 3731 βατὸν
2244 3662 2362 3719 τοῖς
2413 3659 2717 3733 ἀνθρώποις
2778 3657 3074 3734 ἐργάζεται.
3126 3659 3199 3713 Οὐ
3257 3660 3358 3736 γὰρ
3400 3665 3478 3734 (7)
3509 3660 3678 3736 ἐχρῆν

2026 3747 2118 3802 τὸν
2164 3745 2391 3803 θάνατον
2416 3791 2430 3817 ,
2489 3749 2861 3825 κεκρατηκότα
2916 3753 3013 3804 τοῦ
3070 3751 3413 3826 ἀνθρωπίνου
3469 3752 3682 3825 γένους,

2026 3834 2192 3891 πάλιν
2223 3835 2355 3890 αὐτὸ
2384 3841 2502 3899 τοῖς
2531 3841 2626 3891 τοῦ
2657 3836 2886 3900 θανάτου
2933 3837 3165 3914 χωρίοις
3205 3838 3540 3907 αὐλίζεσθαι.
3576 3844 3681 3894 Νῦν

2031 3946 2125 3999 μοι
2178 3926 2313 4001 μέγα
2362 3932 2577 4003 φρονεῖν
2626 3924 2850 3997 ἀληθῶς
2894 3927 3032 3982 κατᾶ
3076 3930 3176 3997 τῆς
3225 3923 3551 3999 διαϐολικῆς
3588 3949 3681 3984 τυ-

2030 4013 2268 4091 ραννιδος
2320 4014 2628 4092 ἐπέρχεται,
2675 4016 2799 4072 ὅταν
2854 4015 2954 4072 ἴδω
3008 4020 3248 4095 σήμερον
3292 4022 3390 4073 τοῦ
3430 4018 3564 4091 ἐμοῦ
3592 4020 3680 4093 γὲ-

2028 4128 2155 4169 νους
2212 4109 2313 4177 τὴν
2375 4107 2629 4183 ἀπαρχήν
2683 4108 2733 4163 ἐν
2788 4107 3035 4182 οὐρανοῖς
3099 4108 3511 4185 βασιλεύουσαν.
3573 4114 3679 4164 Νῦν

2028 4195 2281 4251 πέπτωκε
2324 4200 2422 4251 τοῦ
2471 4195 2744 4270 πολεμίου
2797 4199 2861 4251 τὸ
2909 4199 3128 4273 κράτος,
3180 4197 3414 4254 άπὲλιπε
3463 4202 3541 4272 (8)
3584 4202 3682 4253 τοῦ

2030 4278 2294 4340 διαϐόλου
2317 4286 2385 4340 τὰ
2417 4287 2810 4360 μηχανήματα.
2845 4284 2960 4342 Ούκ
3010 4283 3087 4341 ἔτι
3136 4291 3304 4343 ταῦτα
3332 4284 3683 4364 παράδεισος,

2030 4373 2075 4428 ὦ
2121 4367 2366 4428 διάϐολε·
2420 4371 2545 4429 οὐδὲ
2593 4378 2762 4452 φυτοῦ
2810 4375 2999 4449 τέρψις
3048 4375 3185 4453 πρὸς
3234 4377 3444 4448 ἀπάτην
3494 4375 3686 4453 θηρεύ-

2030 4458 2304 4531 ουσα,’ίνα
2332 4460 2498 4516 πάλιν
2552 4460 2717 4524 λύσας
2768 4483 2873 4536 μου
2920 4463 3012 4519 τὸν
3070 4460 3262 4540 φόϐον,
3295 4467 3542 4541 κυρώσῃς
3588 4467 3682 4521 τὸν

2028 4548 2276 4605 θάνατον.
2333 4548 2550 4619 Ούκέτι,
2592 4573 2614 4601 ι
2648 4557 2723 4621 Γῆ
2782 4552 2850 4626 εἴ,
2901 4552 2988 4607 καὶ
3045 4553 3122 4616 sic
3171 4560 3273 4630 γῆν
3326 4553 3623 4630 άπελεύσῃ,
3657 4578 3685 4608 ››

2030 4636 2231 4692 ἀκούω·
2288 4634 2438 4709 ἀλλ’,
2493 4638 2538 4694 εί
2594 4640 2685 4695 καὶ
2742 4643 2818 4715 γῆ
2875 4640 2943 4711 εἶ,
3002 4642 3142 4718 πρὸς
3199 4641 3425 4720 οὐρανὸν
3477 4647 3553 4717 (9)
3585 4645 3687 4699 άπ-

264 4731 551 4787 educatus
576 4745 733 4797 sum,
761 4728 819 4782 in
845 4726 1060 4782 cmlum
1090 4731 1192 4781 tua
1223 4726 1426 4781 fraude
1457 4725 1606 4781 liber
1643 4727 1919 4783 transmi-

2425 4696 2438 4709 .
2757 4696 2814 4715 ,.
2930 4696 2943 4711 ,
3047 4696 3065 4718 ,ν
3127 4696 3141 4705 .
3478 4696 3654 4717 γ,

2035 4722 2230 4798 ελεύσῃ
2285 4722 2375 4781 διὰ
2410 4726 2510 4796 τήν
2558 4733 2655 4784 τοῦ
2703 4728 2986 4806 ἀνάγοντος
3036 4728 3369 4806 ἀγαθότητα.
3402 4730 3688 4806 Καταλιμ-

265 4835 390 4892 gro.
423 4816 580 4873 Satis
610 4817 749 4870 olim
782 4814 889 4870 tibi
924 4815 1034 4869 luit
1062 4815 1254 4880 arbor,
1284 4832 1400 4886 qua
1427 4815 1715 4869 Adamum
1749 4831 1924 4887 expu-

265 4922 499 4980 gnares,
541 4905 774 4977 quando
823 4903 964 4975 ligni
1019 4906 1211 4958 tructu
1265 4920 1609 4974 percussum
1661 4903 1922 4975 primum

266 5000 565 5069 parentem
587 4992 844 5067 paradisi
859 4992 1160 5063 voluptate
1176 4991 1518 5048 eliminasti.
1538 4992 1703 5047 Nunc
1725 5000 1922 5049 autem

266 5085 498 5142 etiamsi
527 5090 712 5140 totam
736 5082 1047 5138 exhaurias
1070 5080 1425 5153 pharetram,
1449 5081 1508 5136 in
1542 5084 1921 5154 temetipsum

265 5173 466 5230 omnia
483 5172 637 5245 jacis
666 5172 803 5227 tela.
836 5171 1096 5235 Quorum
1128 5171 1254 5240 jam
1287 5170 1482 5226 abiere
1529 5170 1660 5239 tibi,
1715 5189 1748 5228 ο
1792 5171 1920 5228 dia-

340 5356 415 5426 (7)
441 5352 628 5426 rColb.,_
662 5348 964 5426 χαρίζεται.
1013 5345 1090 5426 Od
1138 5348 1431 5426 vép:_l_\i_0_x
1481 5350 1660 5426 idem,
1689 5353 1791 5426 τοῦ
1829 5348 1924 5426 άν-

340 5367 415 5426 (Ἰ)
445 5367 628 5417 υοιυ.,
662 5367 964 5426 χαριςεται.
1013 5367 1086 5401 υυ
1137 5367 1264 5476 ἔαρ.
1301 5367 1431 5405 mox
1481 5367 1660 5419 idem,
1689 5371 1787 5405 του
1829 5371 1923 5405 αν-

271 5425 547 5498 θρωπίνου
576 5423 783 5498 γξνους,
816 5420 980 5498 πάλιν
1024 5419 1133 5498 9.5;.-
1167 5442 1216 5474 ν.
1248 5421 1399 5478 Editi
1448 5428 1506 5478 et
1547 5422 1712 5495 Reg,
1742 5422 1804 5477 τὸ
1836 5423 1923 5477 άν-

266 5490 536 5571 θρώπινον
571 5490 754 5571 vivos,
771 5490 946 5547 πάλιν
980 5490 1130 5571 αὐτὰ

344 5570 422 5639 (8)
456 5563 618 5642 ltegl,
634 5564 895 5642 fatim.
928 5564 1109 5642 Paulo
1141 5567 1293 5642 post
1341 5564 1481 5636 Reg.
1517 5570 1576 5620 et
1604 5565 1786 5637 Colb.,
1820 5563 1931 5621 Ούκ

276 5631 387 5692 ἔστι
404 5631 613 5692 kasta;
633 5631 808 5703 Editi,
840 5632 940 5689 ούκ
970 5631 1046 5689 ἔτι
1070 5631 1257 5690 ταῦτα.

347 5709 427 5783 (9)
458 5708 594 5783 Reg.
627 5714 685 5764 ct
711 5709 897 5774 Colb.,
930 5705 1181 5788 οὐρανόν.
1212 5706 1390 5781 Editi,
1423 5705 1702 5781 οὐρανούς.

2030 4815 2185 4871 πάνω
2216 4815 2280 4870 τὸ
2328 4820 2438 4872 τῶν
2490 4819 2902 4894 ἁμαρτημάτων
2954 4821 3184 4897 χωρίον,
3236 4828 3558 4898 παραχωρῶ
3604 4843 3687 4878 σοι

2029 4910 2129 4974 τῆς
2162 4911 2289 4981 γῆς,
2323 4904 2405 4985 ἐφ’
2432 4906 2783 4984 ἦςέτὲχθην,
2818 4909 2899 4987 ἐφ’
2928 4910 2996 4978 ἧς
3045 4909 3280 4988 ἐτράφην
3310 4914 3443 4983 (10)·
3478 4910 3553 4974 εἰς
3597 4910 3687 4966 ού-

2030 4995 2189 5069 ρανὸν
2225 4996 2630 5070 μετοικίζομαι,
2660 5004 2762 5067 τῆς
2794 5005 2892 5068 σῆς
2923 4998 3138 5069 ἀπάτης
3170 4999 3476 5077 ἐλεύθερος.
3512 5000 3685 5056 Πάλαι

2036 5083 2130 5156 μὲν
2192 5081 2282 5139 οὗν
2337 5105 2421 5139 σοι
2481 5086 2644 5163 φυτὸν
2706 5087 2840 5161 πρὸς
2900 5089 3000 5158 τὴν
3073 5093 3170 5144 τοῦ
3248 5087 3430 5164 Ἀδάμ
3485 5088 3683 5165 α’ίρεσιν

2030 5170 2284 5247 ¹ἤρκεσεν,
2313 5173 2403 5229 ὅτε
2447 5172 2659 5246 πλήξας
2706 5180 2787 5249 τῷ
2832 5181 2930 5231 τοῦ
2980 5176 3145 5248 ξύλου
3175 5184 3369 5256 καρπῷ
3395 5181 3486 5235 τὸν
3532 5198 3687 5255 πρω-

2109 5356 2222 5428 (10)
2255 5357 2359 5428 lta,
2388 5357 2606 5428 Regius
2651 5361 2709 5413 et
2753 5358 3142 5416 Colbertinus.
3198 5361 3346 5416 Editi
3406 5377 3563 5426 vero,
3592 5358 3693 5428 τήν

2076 5429 2159 5509 ῆν,
2190 5425 2307 5509 ἐφξλ
2327 5427 2411 5509 ἧς
2456 5425 2716 5509 ἐτάχθην,
2775 5431 2875 5509 ἀφ’*
2907 5431 2976 5509 ᾖς
3019 5430 3284 5509 ἐτράφην.
3308 5433 3493 5509 ΔΡεψίο
3517 5425 3696 5509 ,ῥοιῇ

2062 5494 2788 5575 ἰοίηέέλεύθεροςᾯέγονα.
2823 5494 2983 5559 Ἰῢὶἂ.
3019 5494 3250 5575 et
3295 5505 3483 5575 Colb.,
3516 5494 3695 5575 Πάλαὶ

2041 5567 2137 5652 μὲν
2167 5568 2283 5641 οὖν,
2316 5572 2419 5628 sed
2449 5567 2543 5626 οὖν
2576 5567 2743 5631 deest
2772 5575 2831 5630 in
2863 5575 3058 5633 editis.
3096 5567 3229 5632 Mox
3275 5578 3434 5650 Reg,
3470 5567 3694 5652 ἀἵρεσιν

2039 5637 2224 5719 ἤρεσε.
