4116 6356
392 371 548 433 1093

1397 363 1660 428 SERMO
1704 362 1782 427 IN
1829 363 2444 426 ASSI‘MPTIONEM
2497 364 2796 428 DUMINI.

3660 373 3819 435 1094

387 501 696 556 τόπλαστον
759 498 858 569 ἔξω
917 496 1162 573 γενέσθαι
1207 503 1306 564 τῆς
1358 499 1452 548 τοῦ
1483 493 1809 567 παραδείσου
1840 496 2045 571 τρυφῆς

2176 495 2580 565 Jole,antiqua3
2615 498 2838 553 fraudis
2875 499 3391 556 machinamenta?
3417 501 3661 558 Ubinam
3697 502 3818 559 doli

386 591 796 663 κατηνάγκασας
833 607 844 619 °
906 593 997 640 νῦν
1073 583 1151 652 δὲ,
1207 583 1304 638 κᾶν
1382 590 1552 638 πᾶσαν
1621 585 1864 657 κενώσῃς
1938 584 2038 650 τὴν

387 681 672 758 φαρέτραν,
724 677 858 732 κατά
906 679 1130 731 σεαυτοῦ
1196 673 1376 750 φέρεις
1428 678 1533 727 τῶν
1582 673 1922 745 τοξευμάτων
1977 672 2043 726 τά

390 757 655 844 βλήματα
685 770 818 840 (11).
858 771 965 820 Ποῦ
997 785 1081 818 σοι
1133 761 1352 831 λοιπὸν,
1384 757 1630 832 διάϐολε,
1661 769 1759 830 τῆς
1809 761 2042 821 παλαιᾶς

384 857 597 927 ἀπάτης
626 858 693 911 τά
727 858 950 932 μηχανή
965 872 1142 927 ματα;
1182 850 1289 908 [Ιοῦ
1321 873 1404 906 σοι
1438 853 1466 906 6
1519 849 1848 928 σοφιστεύων
1895 845 2040 927 ὄφις,

388 950 476 1002 ἱνα
523 947 624 1015 τὴν
675 943 812 1002 Εὕαν
863 944 1077 1020 χωρίσῃ
1115 947 1211 997 τού
1242 938 1591 1016 παραδείσου,
1623 941 1707 1008 τὸ,
1741 963 1768 991 ‹‹
1806 942 1869 1008 ᾙ
1905 937 1950 993 δ’
1983 943 2040 992 ἂν

389 1037 573 1111 ἡμέρᾳ
623 1034 849 1112 φάγητε,
884 1030 1064 1086 ἔσεσθε
1113 1031 1186 1093 ὡς
1231 1031 1368 1100 θεοὶ,
1407 1054 1434 1081 ››
1488 1029 2042 1106 προσφθεγγόμενος;

389 1125 620 1201 Γέγονάς
669 1126 784 1197 (12)
832 1143 924 1195 μοι
973 1126 1078 1176 τῶν
1142 1121 1354 1196 ἀγαθῶν
1423 1121 1711 1194 προφήτης
1772 1117 2042 1177 ἀκούσιος.

396 1215 493 1276 Δίς
550 1214 654 1288 γὰρ
711 1211 847 1288 πρὸς
900 1211 1108 1278 ἀπάτην
1165 1208 1516 1283 ὑποσχέσεσιν
1573 1207 1817 1282 ἐχρήσω,
1850 1205 2044 1267 ταύτας

396 1302 486 1359 διὰ
541 1303 875 1378 πραγμάτων
938 1297 1213 1374 ἐκέρδανα·
1273 1298 1461 1373 γέγονέ
1521 1319 1612 1370 μοι
1672 1303 1773 1366 τῆς
1825 1296 2046 1371 ἐπαγγε-

400 1392 518 1454 Λίας
550 1394 584 1460 ἡ
619 1389 881 1469 ιραντασία
931 1386 1020 1442 διὰ
1065 1395 1167 1458 τῆς
1215 1387 1402 1462 πείρας
1453 1386 1705 1456 ἀλήθεια.
1739 1386 1802 1438 Ὢ
1836 1385 2046 1456 θαυμά-

399 1503 504 1536 των
565 1479 824 1534 ἀπίστων·
859 1478 949 1532 καὶ
1010 1478 1168 1548 ξένων
1223 1483 1322 1546 τῆς
1383 1477 1625 1551 φύσεωςί
1662 1475 1742 1535 οἷς
1797 1474 1824 1526 6
1883 1473 2050 1549 παρά-

406 1567 578 1630 δεισος
633 1567 984 1638 ἀπεκλείσθη,
1030 1564 1244 1626 τούτοις
1289 1565 1316 1618 6
1367 1564 1594 1638 οὐρανὸς
1645 1563 1927 1638 ἡνεῲχθη.
1988 1564 2049 1619 Ὀ

401 1659 508 1734 πρὸ
559 1658 792 1734 βραχέος
841 1655 931 1710 ἐπὶ
993 1653 1233 1709 Πιλάτου
1293 1653 1638 1729 κρινόμενος,
1690 1655 1928 1727 σήμερον
1997 1650 2047 1705 ἐν

397 1745 609 1822 οὐρανῷ
661 1746 852 1821 κριτὴς
904 1743 1282 1818 ἐνθρονίζεται.
1330 1743 1390 1798 Ὀ
1439 1742 1584 1815 παρά
1633 1741 1903 1798 Ἰουδαίων
1963 1761 2052 1815 γε-

397 1836 672 1908 λώμενος,
705 1832 762 1889 ἐκ
811 1831 998 1903 δεξιῶν
1055 1837 1151 1886 τοῦ
1211 1833 1418 1907 Πατρὸς
1476 1830 1561 1884 ἐπὶ
1611 1835 1716 1884 τῶν
1773 1825 2050 1906 χερουϐἰμ
2088 1878 2135 1942 Β

448 1925 488 1942 Ι-
704 1921 766 1942 δ’
966 1923 978 1942 Ὶ
1072 1921 1114 1942 ’Χ
1265 1921 1278 1940 (
1377 1919 1426 1942 7’
1488 1941 1499 1942 γ
1549 1941 1596 1942 ,,
1653 1922 1763 1942 ΙΔιἹὶ
1838 1921 1891 1942 (Λ
1934 1925 2046 1942 -Ηνκ

395 1925 651 1996 κάθηται,
701 1921 902 1996 δήμοις
955 1921 1205 1998 ἀγγέλων
1261 1919 1599 1993 ὑμνούμενος
1650 1922 1785 1993 (13).
1838 1921 1892 1972 Ὁ
1930 1925 2048 1982 ταῖς

397 2011 721 2074 Ἰουδαϊκαῖς
780 2013 1030 2072 ἀκάνθαις
1107 2011 1206 2078 τὴν
1280 2008 1522 2086 κεφαλὴν
1603 2007 2054 2086 στεφανούμενος,

401 2110 586 2172 θεϊκῆς
637 2101 784 2173 ἀξίας
834 2098 1130 2173 διαδήματι
1181 2099 1479 2177 σφίγγεται.
1514 2099 1578 2152 Ὢ
1607 2097 1834 2160 ποσάκις
1885 2101 1919 2167 ἡ
1959 2102 2056 2152 τοῦ

403 2187 567 2247 Δαϐὶδ
619 2190 892 2267 ἐνηχοῦσα
940 2191 1056 2263 (14)
1105 2188 1301 2262 κιθάρα
1347 2187 1414 2242 τά
1459 2186 1698 2261 παρόντα
1746 2186 2053 2256 ἐθέσπιζενί

409 2304 436 2334 α
468 2281 626 2337 Εἶπεν
679 2281 706 2334 6
763 2278 958 2353 Κύριος
1018 2282 1096 2348 τῷ
1151 2275 1333 2352 Κυρίῳ
1391 2297 1516 2348 μου·
1553 2277 1726 2330 Κάθου
1769 2276 1827 2330 ἐκ
1871 2273 2055 2346 δεξιῶν

409 2391 534 2444 μου,
553 2366 657 2430 ἓως
678 2368 736 2422 ἂν
758 2373 835 2430 θῶ
854 2366 980 2428 τοὺς
1005 2365 1237 2442 ἐχθρούς
1271 2385 1366 2419 σου
1402 2363 1697 2419 ὑποπόδιον
1731 2369 1836 2419 τῶν
1872 2364 2054 2419 ποδῶν

405 2481 520 2516 σου,
556 2484 582 2510 υ
620 2461 726 2511 Νῦν
776 2455 998 2527 ἀληθῶς
1050 2455 1231 2532 γέγονε
1271 2454 1336 2508 τὰ
1381 2454 1698 2530 κρούσματα
1746 2457 2054 2531 πράγματα’

402 2550 494 2604 καὶ
526 2548 559 2602 ’ἀ
588 2548 850 2622 πρότερον
905 2543 1036 2600 ἰδεῖν
1082 2545 1133 2599 ἐν
1185 2545 1401 2617 μέλεσιν
1456 2543 1761 2617 ἐπεθύμησε
1789 2545 1924 2619 (15),
1957 2545 2059 2615 σή-

410 2659 572 2712 μερον
609 2635 743 2691 εἶδεν
777 2636 828 2690 ἐν
862 2634 1163 2710 πράγμασιο
1197 2635 1286 2688 καὶ
1315 2634 1502 2710 γέγονε
1558 2634 1738 2707 μελῶν
1789 2633 2061 2709 ὑπουργὸς

405 2726 647 2801 οὐρανὸς,
678 2724 769 2780 τὸν
802 2725 926 2799 παρ’
959 2722 1144 2796 ἐκείνῳ
1179 2723 1658 2796 μνημονευόμενον
1691 2728 1806 2784 τοῖς
1866 2724 2060 2785 νώτοις

407 2812 814 2890 ὑποδεχόμενος
849 2833 861 2844 ·
925 2813 1103 2867 καίτοι
1159 2813 1249 2866 καὶ
1327 2813 1453 2886 παρ’
1509 2810 1668 2866 αὐτὸν
1735 2811 1824 2866 τὸν
1903 2811 2062 2867 τόκον

2153 587 2355 640 artifex
2387 585 2483 639 ille
2514 602 2780 657 serpens,
2813 589 2910 658 qui
2941 588 3116 643 Evam
3151 590 3424 660 paradiso
3456 594 3666 664 exigat,
3695 595 3818 648 haec

2152 672 2850 746 dicendoz<<Quacunque
2882 677 2974 730 die
3005 679 3633 746 commeiileritis,eritis
3667 681 3821 738 sicut

2155 763 2276 816 dii?
2307 763 2370 816 ³⁸.
2399 763 2736 818 »Bonor:im
2770 765 2914 818 mihi
2949 767 3234 837 propheta
3265 768 3428 822 fuisti
3460 769 3544 824 vel
3578 771 3816 826 invitus.

2153 851 2377 913 Quibus
2407 851 2563 906 enim
2601 853 2672 906 ad
2712 853 2976 908 fraudem
3005 855 3311 924 promissis
3346 874 3488 912 usus
3521 861 3814 929 es,radem

2157 939 2348 1011 reipsa
2379 939 2640 995 lucratus
2673 942 3246 1012 sum:promissionis
3281 943 3589 1014 phantasia
3645 965 3816 1019 expe-

2157 1029 2406 1083 rimento
2453 1029 2601 1083 mihi
2651 1031 2864 1085 veritas
2896 1032 3025 1085 fuit.
3059 1031 3101 1086 Ο
3135 1033 3418 1088 miracula
3451 1035 3818 1092 incredibilia.

2157 1116 2464 1188 alienaque
2495 1135 2528 1172 a
2561 1119 2788 1174 natura!
2813 1119 3035 1182 Quibus
3068 1122 3378 1191 paradisus
3411 1121 3651 1179 clausus
3686 1125 3818 1194 iuit,

2157 1205 2229 1260 iis
2293 1207 2505 1261 emtum
2574 1215 2842 1280 apertum
2894 1219 2997 1263 est.
3050 1210 3155 1276 Qui
3210 1211 3384 1281 paulo
3435 1219 3569 1268 ante
3620 1229 3815 1270 coram

2159 1293 2562 1366 Pilatojudice
2595 1302 2851 1364 steterat,
2873 1298 3044 1353 hodie
3078 1300 3132 1352 in
3169 1300 3310 1355 cwlo
3344 1301 3518 1369 iudex
3538 1301 3816 1357 thronum

2159 1389 2423 1454 occupat.
2459 1384 2632 1448 Quia
2684 1386 2901 1440 Judaeis
2962 1388 3333 1457 irriclcbatur,
3389 1390 3461 1445 ad
3519 1392 3816 1447 dexteram

2164 1472 2346 1527 Patris
2375 1474 2540 1529 sedet
2571 1491 2747 1546 super
2769 1475 3072 1530 cherubim
3099 1479 3246 1532 etab
3270 1477 3614 1548 angelorum
3646 1480 3821 1535 turba

2161 1560 2396 1633 hymnis
2422 1562 2954 1633 celebratur.Cujus
2983 1565 3250 1621 Judaicis
3281 1567 3468 1638 spinis
3499 1573 3676 1640 caput
3717 1585 3812 1625 co-

2162 1657 2434 1706 ronatum
2487 1657 2594 1718 est,
2645 1653 2697 1708 is
2729 1653 2933 1707 divinae
2965 1654 3268 1725 dignitatis
3301 1656 3630 1713 diademate
3661 1659 3814 1713 redi-

2165 1741 2364 1795 mitur.
2395 1741 2438 1796 Ο
2471 1742 2703 1812 quoties
2735 1742 2973 1797 Davidis
3001 1744 3227 1798 cithara
3284 1761 3504 1801 sonans
3562 1747 3683 1802 haec
3743 1764 3814 1803 ex

2167 1829 2366 1884 afflatu
2426 1830 2622 1884 divino
2681 1831 2976 1902 praedixit!
3016 1855 3042 1880 ‹‹
3078 1832 3229 1886 Dixit
3256 1833 3538 1890 Dominus
3571 1835 3817 1892 Domino

2168 1936 2296 1975 meo
2331 1936 2343 1973 :
2378 1920 2575 1975 Sedea
2606 1919 2828 1976 dextris
2855 1922 3003 1976 meis
3039 1939 3051 1976 :
3086 1923 3271 1977 donec
3300 1940 3515 1995 ponam
3548 1925 3820 1981 inimicos

2165 2015 2298 2064 tuos
2331 2009 2654 2065 scabellum
2688 2011 2901 2081 pedum
2930 2016 3168 2065 tuorum
3200 2011 3262 2066 ³⁷.
3284 2035 3312 2062 ››
3333 2013 3463 2067 Jam
3497 2013 3667 2086 plane
3700 2013 3827 2086 pul—

2166 2098 2424 2154 sationes
2450 2116 2516 2154 ac
2548 2099 2676 2154 soni
2709 2099 2791 2153 illi
2823 2116 2914 2154 res
2945 2105 3120 2172 gestes
3152 2107 3292 2156 sunt
3325 2120 3336 2157 :
3372 2108 3429 2157 et
3462 2104 3618 2174 quod
3677 2104 3817 2161 olim

2166 2188 2226 2243 in
2248 2188 2491 2244 canticis
2515 2189 2705 2244 videre
2727 2188 3259 2260 concupivit,hodic
3279 2191 3633 2264 completum
3654 2193 3818 2250 vidit:

2169 2279 2395 2348 fuitque
2424 2276 2632 2332 ccelum
2665 2277 3028 2332 canticorum
3064 2265 3350 2348 minister,
3386 2298 3517 2336 cum
3551 2299 3684 2337 eum
3719 2282 3824 2353 qui

2169 2367 2325 2438 apud
2387 2372 2684 2423 cautorem
2748 2371 3110 2422 memoratur
3165 2369 3337 2423 dorso
3368 2371 3630 2443 suscepit
3663 2388 3820 2427 suo:

2169 2472 2510 2528 quanquam
2545 2462 2602 2511 et
2633 2457 2760 2527 ipso
2794 2462 2995 2527 partus
3027 2463 3286 2529 tempore
3317 2464 3655 2515 nascentem
3698 2465 3824 2516 tum

2170 2546 2457 2602 infantem
2489 2562 2592 2617 per
2623 2544 2854 2601 stellam
2887 2545 3096 2602 caalum
3132 2549 3404 2620 respexit,
3461 2549 3628 2621 quasi
3693 2555 3828 2604 ante

2171 2641 2405 2707 tempLs
2438 2635 2741 2690 festinaret
2771 2652 2904 2691 eum
2940 2638 3201 2708 excipere
3231 2638 3330 2709 qui
3355 2637 3413 2693 in
3446 2638 3725 2709 spelunca
3745 2637 3830 2693 la-

2169 2728 2346 2780 tebat.
2387 2725 2495 2779 Sed
2553 2725 2859 2796 Oportebat
2915 2726 3250 2782 ceconomizs
3306 2732 3572 2798 tempora
3627 2727 3830 2784 termi-

2174 2829 2398 2886 nosque
2429 2830 2667 2868 servari.

405 2901 630 2974 οὐρανὸς
688 2897 763 2954 ἔτι
816 2897 1121 2971 τικτομένῳ
1180 2895 1250 2951 δι’
1297 2896 1520 2971 ἀστέρος
1589 2895 1904 2968 ὑπέκυπτεν,
1957 2897 2138 2976 ὥσπερ
2207 2897 2556 2972 ἐπειγόμενος
2608 2900 2720 2970 (16)
2767 2897 2857 2952 καὶ
2913 2898 3020 2973 πρὸ
3078 2902 3269 2975 καιροῦ
3319 2897 3563 2970 δέξασθαι
3621 2900 3713 2956 τὸν
3773 2898 3828 2955 ἐν

407 2988 671 3061 σπηλαίῳ
703 2987 1098 3064 κρυπτόμενον.
1132 2985 1286 3040 Ἀλλ’
1319 2983 1424 3040 ἔδει
1453 2986 1580 3048 τοὺς
1609 2993 1708 3055 τῆς
1741 2986 2060 3060 οἷ’κονομίας
2091 2987 2311 3065 καιροὺς
2340 2988 2430 3042 καὶ
2461 2986 2620 3062 ὅρους
2653 2986 3030 3065 φυλάττεσθαι.

578 3079 590 3097 ἳ

480 3084 531 3134 2.
578 3077 736 3151 Ἐμοὶ
790 3077 883 3148 μέν
937 3075 1226 3148 θαυμάζειν
1274 3075 1563 3152 ἐπέρχεται
1615 3080 1732 3137 πῶς
1797 3077 1899 3144 τήν
1963 3083 2060 3133 τοῦ
2093 3099 2134 3165 C

411 3172 601 3244 γένους
653 3166 917 3241 αἰσχύνην
970 3165 1046 3227 εἷς
1099 3161 1336 3234 εὐδοξίαν
1386 3159 1666 3238 μετέϐαλε·
1700 3164 1872 3236 πόσην
1924 3164 2061 3221 Θεοῦ

415 3259 551 3332 πρὸς
624 3259 771 3330 ἡμᾶς
855 3253 1216 3331 ἀγανάκτησιν
1298 3253 1374 3316 εἷς
1459 3254 1715 3330 μεγίστην
1790 3254 2065 3330 εὐμένειαν

420 3344 641 3420 ἤνεγκεν
672 3389 683 3401 .
736 3342 1010 3401 Ἕπλασεν
1074 3345 1221 3416 ἡμᾶς
1279 3343 1466 3418 χερσὶν
1549 3343 1774 3406 οἰκείαις
1834 3344 1861 3398 ὁ
1919 3345 2068 3416 Θεὸς,

421 3441 627 3512 τροιρῆς
687 3431 1045 3508 αὐτοσχεδίου
1103 3434 1370 3505 κτήτορας
1428 3429 1611 3504 ἔδειξε,
1661 3439 1871 3510 τρυφῆς
1922 3433 2070 3504 ἐξου-

423 3524 560 3593 σίαν,
593 3531 696 3598 γῆς
749 3525 1043 3598 ὑπουργίαν
1093 3519 1314 3592 ἔδωκεν,
1355 3521 1512 3595 ἀέρος
1561 3518 1835 3592 δουλείαν,
1868 3521 2072 3586 θαλάτ-

417 3634 516 3684 της
567 3611 820 3687 εὐπορίαν
873 3612 1180 3686 παρέσχετο
1208 3613 1343 3684 (17),
1377 3609 1541 3680 ἡλίου
1593 3609 1786 3686 βολάς,
1837 3609 2070 3682 σελήνης

419 3702 603 3775 αὐγάς,
681 3700 918 3773 ἀστέρων
992 3699 1184 3778 φοράς,
1248 3700 1400 3768 ζώων
1480 3699 1697 3754 πάντων
1779 3700 2069 3776 ὑποταγάς.

421 3789 676 3868 Παρῆλθέ
704 3812 788 3852 τις
819 3791 870 3844 ἐν
907 3789 1054 3863 μέσῳ
1084 3787 1353 3860 πολέμιος
1386 3783 1698 3843 διαϐάλλων
1749 3789 1823 3851 εἷς
1877 3789 2071 3867 φθόνον

421 3881 578 3949 Θεὸν,
633 3876 840 3934 ἔπεισεν
890 3878 1146 3933 ἀπατῶνο
1194 3878 1399 3952 γίνεται
1443 3885 1542 3946 τῆς
1596 3877 1800 3932 ἐκείνου
1853 3876 2073 3954 μερίδος

423 3971 450 4024 6
499 3969 882 4042 ἀπατώμενος,
939 3966 1207 4028 ἀντιθείας
1285 3966 1507 4037 ἐνόσησε
1575 3967 1770 4036 πάθος,
1830 3969 2074 4023 συνέθετο

421 4056 595 4132 λάθρα
643 4058 778 4112 κατά
824 4062 921 4111 τοῦ
970 4061 1128 4123 Θεοῦ,
1161 4055 1378 4110 ἐκτείνει
1421 4058 1523 4124 την
1575 4061 1736 4131 χεῖρα
1782 4058 1918 4110 κατὰ
1968 4061 2076 4111 τῶν

418 4153 515 4202 τοῦ
566 4153 699 4203 Θεοῦ
743 4148 1200 4222 προσταγμάτων.
1235 4144 1607 4223 Ἐπιφαίνεται
1659 4146 1811 4217 Θεὸς,
1859 4143 2073 4223 ἐλέγχει

419 4237 514 4300 τὰς
573 4236 924 4312 παρανόμους
982 4233 1230 4302 ἐλπίδας,
1281 4235 1472 4312 φεύγεε
1545 4239 1642 4305 τὴν
1705 4236 1822 4290 θέαιν
1885 4239 1920 4305 ἡ
1979 4240 2076 4290 τοῦ

418 4325 605 4401 γένους
657 4327 831 4400 ἀρχή,
861 4324 951 4380 καὶ
999 4329 1338 4399 παραιτεῖται
1386 4325 1478 4377 τὸν
1525 4323 1774 4400 ἔλεγχον,
1810 4325 1911 4380 ὐπὸ
1960 4322 2076 4379 δέν-

423 4414 547 4492 δρον
575 4415 891 4492 κρύπτεται,
924 4409 1240 4491 φοϐουμένη
1271 4413 1362 4468 τὸν
1397 4413 1599 4468 κτύπον
1640 4416 1675 4483 ἡ
1725 4413 2077 4488 παρανόμους

2244 3083 2298 3133 2.
2333 3079 2402 3134 Et
2432 3078 2669 3150 quidem
2703 3079 2904 3134 mirari
2935 3079 3118 3149 subit,
3153 3096 3280 3152 quas
3314 3085 3476 3152 pacto
3509 3080 3690 3137 nostri
3725 3099 3830 3154 ge-

2179 3169 2334 3224 neris
2365 3167 2669 3222 infamiam
2701 3167 2760 3222 in
2792 3167 3070 3223 honorem
3117 3171 3465 3224 converterit
3496 3186 3508 3225 :
3546 3177 3828 3242 quantam

2178 3259 2237 3314 in
2261 3275 2366 3314 nos
2390 3258 2489 3312 Dei
2515 3257 3050 3329 indignationemin
3074 3263 3354 3329 quantum
3379 3259 3835 3316 benevolentiam

2179 3347 2778 3403 commutaverit.Nos
2812 3349 3085 3402 manibus
3116 3347 3239 3402 suis
3271 3348 3496 3402 etiinxit
3525 3347 3831 3417 Deus,cibi

2180 3441 2390 3508 sponte
2421 3437 2714 3491 nascentis
2750 3454 3116 3506 possessores
3147 3437 3470 3504 constituit,
3517 3437 3834 3509 voluptatis

2181 3526 2430 3597 copiam,
2487 3531 2649 3580 terra:
2681 3525 3074 3580 ministerium
3107 3525 3287 3596 dedit,
3322 3525 3474 3580 aeris
3501 3526 3829 3598 servitium,

2184 3615 2365 3670 maris
2395 3614 2629 3669 divitias
2661 3614 3086 3686 przebuit,solis
3113 3617 3325 3682 radios,
3351 3615 3502 3669 lunae
3520 3615 3831 3687 fulgorem,

2183 3709 2476 3760 astrorum
2504 3704 3129 3773 inﬂuxus,animulium
3163 3705 3428 3758 omnium
3458 3704 3831 3774 obsequium.

2184 3793 2292 3848 Per
2323 3793 2582 3848 medium
2612 3793 2844 3848 transiit
2873 3793 3062 3848 hostis
3083 3793 3455 3863 quidam,qui
3479 3793 3662 3848 Deum
3688 3793 3834 3848 invi-

2185 3883 2292 3937 dias
2326 3898 2612 3936 accusans
2644 3881 2777 3936 dolo
2809 3884 3120 3953 persuasit.
3153 3885 3238 3936 Ad
3272 3882 3432 3937 illius
3485 3889 3680 3952 partes
3735 3883 3836 3938 do-

2184 3977 2389 4042 ceptus
2417 3970 2514 4025 ille
2548 3971 3105 4041 transit,inipietatis
3136 3973 3195 4025 in
3226 3971 3411 4026 Deum
3445 3974 3647 4026 morbo
3677 3971 3837 4028 labo-

2186 4066 2292 4125 rat,
2324 4065 2560 4131 pactum
2595 4060 2746 4114 clam
2800 4058 2911 4113 init
2957 4065 3158 4114 contra
3217 4062 3422 4128 Deum,
3475 4070 3675 4115 contra
3733 4059 3835 4114 Dei

2177 4150 2348 4218 jussa
2374 4165 2613 4202 manum
2640 4149 3178 4220 extendil.Apparet
3198 4147 3645 4220 Deus,iniquam
3669 4165 3836 4220 spem

2186 4238 2510 4307 confundit,
2546 4237 2693 4308 fugit
2744 4243 3121 4306 conspectum
3180 4239 3308 4307 ejus
3366 4237 3596 4308 generis
3652 4237 3836 4292 nostri

2187 4329 2369 4399 origo,
2429 4326 2670 4396 depellit
2718 4343 2750 4379 a
2782 4343 2843 4380 se
2875 4326 3116 4391 crimen,
3153 4328 3264 4380 sub
3290 4329 3496 4382 arbore
3527 4325 3838 4382 abscondi-

2189 4415 2638 4484 tur,metuitque
2669 4418 3136 4486 strepitumque
3167 4414 3455 4485 ﬂagitiose
3506 4415 3578 4469 de
3625 4415 3841 4470 deitatc

422 4507 780 4584 φακιτασθεῖσα
811 4503 1062 4573 θεότητα.
1099 4506 1216 4572 Τῆς
1248 4501 1337 4558 οὖν
1388 4502 1536 4572 ἀξίας
1583 4504 1874 4578 γυμνώσας
1922 4503 2063 4570 Θεὸς,

2185 4479 2486 4576 cogitarat.
2507 4479 2814 4557 Hominem
2850 4479 3045 4573 itaque
3075 4502 3230 4558 Deus
3246 4479 3367 4558 sua
3397 4502 3683 4574 dignitate
3713 4520 3846 4573 spo-

422 4596 718 4650 ἀπωθεῖται
766 4598 865 4648 τοῦ
913 4590 1240 4668 παραδείσου
1281 4593 1376 4646 τὸν
1423 4592 1727 4664 ἄνθρωπον,
1780 4594 2077 4667 μονονουχὶ

420 4689 644 4738 τοιαῦτα
671 4684 826 4758 1,πρὸς
874 4681 1032 4737 αὐτὸν
1082 4680 1595 4758 ἀποφθεγγόμενος·
1652 4681 1768 4738 Οὐκ
1815 4681 1901 4735 ἐπὶ
1949 4681 2080 4735 ταύ-

421 4793 540 4835 ταις
589 4795 646 4828 σε
677 4777 790 4846 (18)
818 4776 937 4833 ταῖς
984 4770 1194 4826 ἐλπίσιν
1241 4768 1612 4842 ἐτεκτηνάμην
1659 4769 1790 4844 ἐγώ·
1827 4767 1947 4825 οὔτε
1991 4767 2081 4824 διά

422 4861 618 4924 ταύτας
681 4861 733 4917 ἐν
792 4867 909 4922 ταῖς
968 4858 1127 4936 χερσί
1191 4879 1294 4932 μου
1372 4857 1592 4919 ταύταις
1652 4855 1936 4929 διέπλασα,
1985 4859 2077 4912 τὸν

424 4948 604 5022 πηλὸν
664 4951 740 5013 εἰς
806 4950 962 5028 φύσιν
1026 4945 1482 5026 μεταμορφώσας.
1521 4947 1595 5000 Σὺ
1647 4944 1725 5016 δὲ,
1776 4949 1840 5016 ἣν
1889 4942 2080 5009 ἔλαϐες

499 5106 542 5140 ³⁸
571 5107 711 5164 Gen.
748 5124 832 5175 ιιι,
865 5107 920 5160 5.
999 5105 1044 5140 ³⁹
1076 5103 1228 5161 Psal.
1262 5121 1376 5173 cxx,
1412 5104 1462 5159 1.

527 5279 614 5347 11)
644 5277 1037 5347 Colbertinus,
1068 5275 1135 5328 τά
1165 5273 1550 5347 ἀκοντίσματα.

502 5279 615 5422 (11)
644 5279 1037 5359 Colbertinus,
1068 5279 1135 5328 τά
1165 5279 1326 5328 ἀκοντ

529 5351 595 5424 12
643 5346 1329 5424 ϐοιὴθιιιιιιυελγεγονώς.

502 5411 614 5508 (13)
643 5421 995 5508 ιιιλῌεείυε.
1021 5411 1104 5508 Ἀῐ,
1133 5411 1680 5508 Βοίὺπιχελώμενος

437 5487 569 5567 μοξις.
589 5487 1392 5567 ἀγγέλωιξάνυμνούμενοςίΪΟ
1418 5487 1560 5567 ταῖς,
1595 5495 1705 5567 etc.
1741 5487 1893 5567 Editi
1921 5504 2080 5567 vero,

431 5558 747 5636 γελώμενος
779 5558 1008 5632 κάθηται
1042 5558 1262 5636 δήμιος.
1297 5561 1354 5613 Ὀ
1383 5565 1522 5628 ταῖς,
1563 5560 1803 5616 omissis
1855 5558 2080 5616 multis.

435 5628 611 5691 Paulo
646 5640 797 5708 post:
829 5628 1016 5708 Golb.,
1048 5628 1367 5708 διαδήμασι.

506 5708 618 5788 (14)
646 5701 736 5765 ita
767 5701 1070 5780 Regius'st
1096 5701 1252 5763 Colb.
1287 5705 1347 5762 in
1377 5703 1552 5761 editis
1583 5701 1856 5781 ἐνηχοῦσα
1894 5703 2080 5762 deest.

2189 4592 2392 4648 liatum
2429 4591 2592 4664 pellit
2624 4607 2690 4646 ex
2726 4592 3020 4662 paradiso,
3057 4597 3401 4662 tantumque
3433 4608 3548 4646 non
3580 4591 3660 4645 ita
3705 4606 3842 4645 eum

2190 4681 2560 4753 compellavit
2593 4699 2605 4736 :
2640 4680 2762 4736 Non
2797 4697 2901 4752 ego
2933 4682 3002 4736 ad
3039 4681 3567 4753 hvjusmodispem
3601 4685 3654 4736 te
3705 4695 3843 4735 con~

2189 4772 2334 4836 didi,
2357 4789 2469 4825 non
2501 4773 2571 4825 ad
2604 4787 2732 4824 eam
2764 4785 2927 4840 spem
2959 4777 3011 4824 te
3044 4770 3318 4824 manibus
3350 4771 3497 4826 meis
3535 4767 3848 4836 effinxi,lu-

2188 4866 2313 4914 tum
2348 4860 2774 4914 transformaus
2816 4857 2874 4912 in
2933 4858 3186 4913 homlnis
3235 4867 3524 4913 naturam.
3577 4859 3664 4913 Tu
3711 4872 3848 4911 vero

2191 4965 2368 5020 quam
2403 4967 2437 5003 υ.
2467 4963 2558 5002 me
2586 4947 2860 5018 accepisti
2897 4949 3622 5018 manum,contrajussum
3645 4961 3844 5001 meum

2264 5271 2378 5360 (li)
2408 5271 2589 5360 (3011),,
2617 5267 2744 5360 ᾖδεν
2778 5269 2838 5359 ἐνη
2867 5267 3074 5360 μέλεσι,
3108 5269 3368 5360 σήμερον.
3405 5270 3696 5360 Ηεξφυιη

2193 5341 2289 5408 ῐὶδ,
2326 5341 2536 5415 ἶδεῖννέν
2574 5341 2640 5414 μέ
2683 5363 2798 5415 εσιν
2823 5341 3152 5415 ἐπεθύμησε,
3185 5341 3445 5414 σήμερον.
3485 5341 3657 5415 Paulo
3689 5346 3847 5413 post,

2191 5417 2353 5483 editi,
2387 5414 2474 5467 καὶ
2504 5411 2754 5488 τὸν-παρ’
2786 5411 2999 5486 ἐκείνῳ,
3025 5411 3214 5470 εοάὶι]
3234 5411 3408 5488 ACOlb.
3430 5411 3531 5488 _xal
3582 5411 3765 5488 decet.

2292 5482 2378 5557 16)
2416 5490 2499 5541 Ita
2527 5486 2686 5558 Colb.
2707 5482 2868 5542 'Editi
2899 5482 3030 5542 vero
3061 5503 3195 5542 cum
3230 5486 3394 5558 Reg,
3427 5482 3786 5557 ἐπαγόμενος.

2291 5561 2377 5631 17)
2414 5557 2720 5632 Παρέσχετο
2752 5560 2916 5632 deost
2944 5559 3001 5632 in
3038 5558 3215 5630 Regio
3244 5557 3685 5632 eti'Golbcrtino.

2290 5630 2376 5698 18)
2409 5635 2496 5687 ita
2522 5630 2681 5701 Cotb,
2715 5635 2780 5687 In
2812 5630 2990 5688 editis
3017 5646 3173 5705 vero,
3206 5648 3264 5683 σε
3293 5631 3484 5686 deest.
