4120 6362
308 397 331 456 Ι
345 399 462 459 097

1308 396 1571 460 SERMO
1617 398 1691 458 ΙΝ
1739 395 2359 459 ASSUMPTIONEM
2409 394 2710 458 DOMINI.

3573 395 3728 458 1098

305 527 388 595 ὅς,
450 529 604 604 φωνῇ
661 527 756 590 τὰς
811 527 1035 605 νεφέλας
1106 524 1458 600 ὑποδραμὼν,
1539 527 1750 602 οὖρανῷ
1833 525 1956 601 περὶ

2075 527 2214 582 coelo
2244 527 2659 583 interminatus
2692 535 2869 584 estne
2893 528 3319 602 plucret,atque
3341 529 3522 602 ligata
3553 530 3724 587 verbo

303 613 572 692 ἀϐροχίας
633 615 926 686 ἠπείλησε,
989 615 1076 670 καὶ
1137 616 1341 691 ῥήματι
1401 614 1565 686 δήσας
1623 617 1721 684 τὴν
1785 614 1955 670 κτίσιν

301 705 537 781 ἡνίοχος
575 710 682 760 τῶν
739 705 1026 780 στοιχείων
1078 704 1308 780 ἐγένετο,
1357 705 1575 780 γλώττῃ
1632 709 1798 777 μικρᾷ
1847 708 1958 777 (27)

304 798 407 864 τῆς
440 794 664 856 κτίσεως
724 793 1007 856 συστείλας
1064 794 1189 856 τοὺς
1241 794 1448 856 οἷάκας.
1509 795 1637 848 Τότε
1695 795 1758 848 τὸ
1821 795 1959 868 μέγα

305 887 489 956 θαῦμα
547 881 809 939 δείκνυται
879 881 1160 956 ἄνθρωπον
1235 885 1461 956 οὐρανὸς
1543 883 1956 958 αἰσχυνόμενος·

302 974 394 1027 ἳνα
419 975 521 1047 γὰρ
551 975 626 1044 μή
658 974 720 1027 τὸ
768 977 864 1027 τοῦ
910 970 1102 1047 ἀνδρὸς
1136 972 1346 1034 εὐτελὲς
1383 971 1664 1046 ὑποκλέψῃ
1697 978 1796 1041 τῆς
1825 973 1960 1025 κατά

300 1068 401 1118 τοῦ
459 1062 687 1118 Θανάτου
747 1061 902 1132 νίκης
960 1063 1059 1131 τήν
1117 1060 1387 1134 αἴσθησιν,
1445 1061 1723 1137 γνώριμον
1799 1061 1955 1115 αὐτὸν

303 1156 524 1227 πρῶτον
597 1155 667 1224 τῇ
899 1148 1066 1205 κτίσει
1126 1149 1270 1226 πάσῃ
1322 1151 1636 1226 προτίθησι,
1697 1150 1786 1204 καὶ
1836 1151 1960 1204 τότε

301 1241 473 1316 πυρὸς
507 1241 755 1316 ὀχήματι
816 1235 1005 1302 ἐπιϐὰς
1053 1238 1340 1313 παραδόξῳ
1393 1243 1586 1309 πτήσει
1626 1240 1717 1293 καὶ
1767 1236 1959 1313 δρόμῳ

299 1330 450 1385 κάτω
507 1327 908 1402 καταλιμπάνει
966 1331 1057 1384 τὸν
1117 1331 1364 1393 θάνατον’
1421 1329 1510 1383 καὶ
1563 1327 1821 1383 ἀλλάσσει
1868 1327 1960 1382 τὸν

302 1419 472 1491 νόμον
527 1421 626 1487 τῆς
677 1419 889 1496 φύσεως
947 1421 982 1488 ἡ
1031 1417 1152 1488 ἀξία
1197 1425 1296 1488 τῆς
1344 1420 1589 1495 χάριτος.
1652 1417 1959 1495 Ἀνελήφθη

305 1509 408 1584 γὰρ
466 1506 651 1570 Ἠλίας
711 1506 787 1570 ὠς
850 1507 924 1570 εἷς
980 1508 1071 1562 τὸν
1153 1507 1399 1582 οὐρανὸν,
1461 1508 1549 1562 καῖ
1608 1507 1865 1582 κέκραγεν
1922 1507 1956 1576 ἠ

309 1598 494 1672 Γραφη
527 1597 586 1650 τὸ
643 1598 842 1669 θαῦμα,
901 1602 1017 1658 τοῖς
1072 1595 1226 1658 ὅλοις
1271 1596 1429 1651 «tam
1478 1601 1548 1661 τῇ
1600 1599 1755 1674 φωνῇ
1789 1616 1952 1670 παρα·

302 1685 616 1756 πέμπουσα.

379 1797 431 1850 4.
468 1793 542 1849 Σὺ
575 1791 633 1848 δέ
675 1815 768 1866 μοι
830 1793 1046 1864 λοιπὸν,
1105 1792 1378 1869 ἀγαπητέ,
1439 1799 1538 1862 τῆς
1602 1791 1800 1865 λέξεως
1857 1794 1955 1861 τήν

305 1878 583 1957 ἀκρίϐειαν
645 1882 940 1953 σκόπησον·
997 1883 1086 1936 καὶ
1148 1885 1222 1954 μή
1287 1904 1344 1936 σε
1392 1879 1624 1956 διαλάθῃ
1677 1876 1958 1946 συλλαϐῆς

301 1977 578 2051 γραφικῆς
629 1971 912 2046 περιουσία
965 1971 1055 2026 καὶ
1116 1969 1364 2044 δύναμις·
1417 1969 1556 2044 μηδὲ
1610 1974 1678 2045 τῇ
1723 1973 1820 2039 τῆς
1870 1969 1959 2025 λέ-

301 2064 436 2133 ξεως
493 2059 823 2138 παραδρομῇ
875 2066 955 2134 τῷ
1015 2058 1245 2135 δεσπότῃ
1299 2061 1390 2116 τὸν
1452 2060 1667 2130 οἰκέτην
1729 2059 1957 2134 νομίσῃς

300 2151 572 2225 ἰσότιμον·
631 2150 692 2205 οὐ
752 2150 853 2226 γὰρ
931 2149 1008 2212 sic
1085 2150 1309 2226 οὐρανὸν
1383 2150 1572 2211 Ἠλίας
1649 2149 1957 2224 ἀνέρχεται,

300 2238 450 2313 οὐδὲ,
504 2237 818 2314 διαδραμὼν
872 2240 935 2294 τὸ
994 2241 1294 2315 στερέωμα,
1352 2245 1468 2301 τοῖς
1522 2238 1690 2293 ἐκεῖσε
1723 2237 1959 2313 χωρίοις

295 2329 601 2398 αὐλίζεται·
656 2328 784 2384 ἀλλ’
828 2326 1083 2400 ἄκουσον,
1134 2327 1188 2382 τί
1237 2349 1398 2404 φησιν
1447 2328 1475 2381 6
1525 2325 1754 2402 ἀνάγων·
1814 2328 1956 2381 «Ἐν

296 2415 361 2474 δὲ
389 2424 468 2491 τῷ
497 2417 706 2494 ἀνάγειι
768 2417 962 2494 Κύριον
1000 2417 1090 2472 τὸν
1147 2415 1364 2485 Ἠλίαν,
1425 2416 1498 2478 ὡς
1557 2415 1632 2476 εἰς
1677 2416 1768 2468 τὸν
1803 2414 1960 2490 οὐρα-

293 2510 414 2564 νόν·
450 2533 478 2558 ››
510 2509 600 2562 καὶ
632 2507 796 2561 πάλιν
835 2506 1002 2582 μικρά
1033 2505 1196 2576 λέξις·
1232 2530 1259 2556 α
1319 2506 1550 2574 Ἔστησε
1607 2506 1698 2558 τὸν
1755 2502 1946 2561 Ἠλίαν

294 2599 441 2672 πρὸς
471 2597 537 2651 τὰ
568 2595 677 2650 ἅνω
709 2595 1020 2672 φερόμενον·
1057 2596 1244 2671 ’Δρκεῖ
1273 2593 1375 2668 γὰρ
1406 2598 1484 2665 τῷ
1505 2595 1763 2670 προφήτῃ
1792 2614 1958 2666 τιμη-

299 2690 466 2752 Θῇναι
496 2691 575 2758 τῷ
605 2685 782 2757 τῦπῳ.
819 2685 928 2758 Πρὸ
959 2686 1059 2760 γὰρ
1087 2688 1185 2739 τοῦ
1219 2681 1479 2738 δεσπότου
1509 2683 1601 2737 τὸν
1626 2682 1840 2751 οἰκέτην
1866 2683 1957 2738 οὐ·

299 2777 465 2853 ρανὸς
497 2775 603 2850 οὐχ
627 2773 975 2849 ὑποδέχεται·
1009 2798 1035 2825 ‹‹
1069 2771 1247 2835 οὐδεὶς
1278 2772 1378 2848 γὰρ
1411 2767 1740 2842 ἀναϐέϐηκεν
1767 2771 1842 2834 εἷς
1864 2773 1955 2827 τὸν

300 2866 531 2941 οὐρανὸν
565 2864 611 2918 εἰ
647 2865 722 2936 μή
781 2865 809 2918 6
841 2863 900 2917 ἐκ
950 2867 1049 2918 τοῦ
1090 2861 1324 2938 οὐρανοῦ
1355 2857 1616 2934 καταϐὰς,
1648 2862 1675 2916 ὁ
1709 2861 1831 2922 Υἱὸς
1862 2865 1958 2916 τοῦ

299 2955 616 3028 ἀνθρώπου,
679 2953 706 3006 6
769 2951 840 3005 ὥν
896 2951 946 3006 ἐν
996 2955 1078 3024 τῷ
1122 2950 1351 3027 οὐρανῷ.
1390 2975 1415 3001 ››
1449 2952 1732 3026 Ἐτηρεῖτο
1760 2949 1858 3024 γὰρ
1889 2953 1956 3024 τῇ

296 3049 408 3098 τῶν
438 3042 735 3118 ἀνθρώπων
771 3042 995 3116 ἀπαρχῇ
1028 3038 1116 3095 ’διά
1146 3040 1236 3094 τὸν
1266 3044 1373 3094 τῶν
1437 3039 1735 3113 ἀνθρώπων
1794 3060 1958 3110 ποιη-

299 3133 400 3201 τήν
452 3132 479 3186 6
539 3130 788 3206 οὐρανός.
852 3129 1010 3186 Οὕτω
1072 3129 1166 3201 μὲν
1217 3126 1306 3182 οὖν
1347 3133 1465 3189 τοῖς
1497 3127 1619 3204 περὶ
1650 3128 1740 3182 τὸν
1775 3128 1958 3202 Ἑνὼχ

2071 633 2265 671 rerum
2299 617 2740 689 natura,auriga
2771 617 3188 674 elementorum
3223 621 3412 676 factus
3442 624 3550 689 est,
3585 637 3723 677 eon-

2069 707 2272 760 tractis
2306 723 2481 777 parva
2510 725 2616 761 sua
2642 707 2845 778 lingua
2861 713 3261 764 creaturarum
3283 710 3724 782 gubernaculis.

2071 795 2220 848 Tum
2253 796 2474 864 grande
2503 795 2814 850 exhibetur
2846 795 3224 866 miraculum,
3257 799 3464 854 omium
3500 816 3722 856 revere-

2071 889 2167 936 tur
2217 883 2513 938 hominem
2553 903 2564 939 :
2604 902 2735 939 nam
2792 900 2860 939 ne
2893 885 3151 941 hominis
3192 889 3449 943 tenuitas
3479 905 3720 944 sensum

2071 970 2324 1025 victoria:
2381 973 2452 1026 de
2515 979 2700 1028 morte
2758 979 3063 1044 reportata;
3123 976 3529 1043 suffuraretur,
3587 994 3720 1032 eum

2071 1059 2259 1130 primo
2314 1061 2597 1115 creaturis
2657 1062 2932 1117 omnibus
2993 1069 3194 1119 notum
3245 1066 3454 1135 reddit,
3487 1083 3551 1121 ac
3595 1071 3720 1122 tum

2071 1147 2167 1202 ille
2201 1149 2447 1220 ignitum
2501 1151 2900 1206 conscendens
2929 1169 3192 1221 currum,
3227 1154 3482 1210 mirabili
3525 1154 3722 1212 volatu

2071 1243 2127 1292 et
2174 1254 2372 1306 cursu,
2427 1245 2671 1294 mortem
2723 1241 2875 1295 infra
2925 1241 3224 1313 relinquit,
3267 1249 3570 1316 mutatque
3618 1262 3720 1302 na-

2068 1333 2210 1382 turas
2241 1327 2426 1400 legem
2460 1329 2713 1402 dignitas
2735 1332 3317 1406 gratiae.Assumptus
3350 1352 3605 1407 namque
3635 1339 3724 1393 est

2070 1417 2265 1474 Helias
2295 1418 2462 1490 quasi
2515 1420 2574 1474 in
2632 1419 2864 1488 caelum,
2899 1421 3317 1495 Scripturaque
3369 1423 3721 1481 miraculum

2071 1504 2470 1578 proclamavit,
2505 1509 2781 1565 omnibus
2813 1509 3005 1582 ipsum
3059 1511 3292 1568 smculis
3321 1529 3456 1570 voce
3494 1513 3723 1587 signiti-

2069 1611 2228 1650 cans.

2141 1790 2192 1845 4.
2225 1790 2354 1846 Jam
2389 1795 2448 1848 tu
2486 1793 2652 1858 mihi,
2685 1793 2915 1860 dilecte,
2967 1795 3125 1852 vocis
3157 1797 3588 1855 accurationem
3634 1801 3719 1855 at-

2071 1880 2261 1947 tende,
2297 1897 2400 1936 nec
2438 1881 2543 1936 tibi
2590 1881 2809 1938 lateant
2852 1885 3159 1958 descriptae
3216 1885 3454 1959 syllabae
3509 1887 3722 1945 divitia

2071 1973 2246 2040 atque
2293 1969 2480 2026 virtus
2523 1988 2535 2025 :
2595 1988 2783 2043 neque
2833 1971 3148 2029 dictionem
3200 1977 3721 2049 praetercurrendo,

2071 2057 2316 2113 Domino
2348 2075 2578 2114 servum
2613 2059 2833 2116 honore
2866 2079 3063 2134 parem
3096 2064 3545 2122 existimes.Non
3567 2067 3726 2122 enim

2073 2145 2130 2198 in
2165 2145 2373 2200 ctelum
2408 2147 2602 2202 Helias
2634 2150 3112 2222 ascendit,neque
3138 2151 3577 2210 firmamentum
3605 2170 3730 2227 per-

2071 2235 2288 2290 vadens
2322 2235 2393 2290 iis
2426 2235 2482 2289 in
2519 2236 2662 2292 locis
2695 2237 2920 2293 habitat
2943 2240 3074 2308 ;sed
3110 2242 3246 2296 audi
3278 2243 3418 2313 quid
3443 2241 3728 2315 dicat,qui

2073 2340 2302 2378 sursum
2339 2323 2460 2396 agit
2493 2324 2658 2380 illum
2697 2343 2708 2380 :
2749 2350 2767 2374 ι
2806 2327 2949 2382 Cum
3000 2333 3194 2384 autem
3246 2329 3497 2385 elevaret
3526 2330 3724 2387 Domi-

2073 2430 2182 2466 nus
2216 2412 2460 2478 Heliam,
2497 2415 2664 2484 quasi
2710 2415 2769 2469 in
2801 2415 3010 2471 cmlum
3043 2418 3088 2451 ⁴⁰
3121 2434 3132 2472 :
3169 2440 3197 2468 ››
3231 2424 3290 2474 et
3338 2436 3573 2475 rursum
3602 2419 3724 2476 hac

2071 2518 2303 2572 pauca:
2353 2524 2378 2551 ‹‹
2414 2502 2627 2557 Statuit
2675 2503 2898 2559 Heliam
2951 2506 3006 2561 in
3053 2505 3235 2562 altum
3290 2513 3550 2564 evectum
3595 2508 3662 2564 δι.
3693 2531 3723 2560 ››

2068 2591 2291 2644 Sufficit
2319 2590 2473 2645 enim
2508 2591 2804 2663 Prophetas
2831 2597 2895 2648 ut
2925 2594 3112 2668 figura
3159 2596 3491 2653 honoratur.
3523 2597 3723 2670 Siqui-

2069 2680 2200 2734 dem
2235 2679 2446 2734 ctelum
2483 2697 2595 2734 non
2629 2681 2886 2736 admittit
2914 2700 3145 2738 servum
3193 2691 3326 2741 ante
3361 2688 3670 2743 Dominum
3706 2705 3719 2743 :

2072 2785 2230 2836 nam,
2265 2791 2290 2818 ι(
2327 2785 2496 2822 nemo
2528 2770 2792 2825 ascendit
2824 2772 2882 2825 in
2932 2771 3164 2839 caalum,
3202 2773 3316 2830 nisi
3347 2775 3445 2847 qui
3480 2776 3550 2831 de
3581 2775 3724 2834 casio

2070 2857 2375 2911 descendit
2407 2857 2589 2913 Filius
2622 2859 2767 2914 401
2806 2859 3189 2934 hominis,qui
3223 2868 3312 2918 est
3341 2863 3400 2918 in
3432 2864 3575 2921 cmlo
3605 2866 3670 2923 ⁴².
3693 2887 3722 2916 ιο

2072 2946 2499 3001 Beservabatur
2527 2947 2681 3002 enim
2717 2948 2928 3004 coelum
2948 2949 3255 3006 hominum
3293 2953 3572 3022 primitiis
3594 2972 3724 3026 pro-

2072 3040 2194 3103 pter
2226 3034 2532 3090 hominum
2585 3037 2966 3092 conditorem.
3005 3040 3203 3110 itaque
3255 3041 3409 3096 Deus
3457 3042 3722 3116 exemplo

2072 3123 2286 3178 Enochi
2347 3127 2406 3178 et
2463 3123 2600 3180 Eliaa
2656 3125 2809 3182 bona
2867 3143 2970 3198 spe
3027 3127 3295 3185 homines
3354 3130 3720 3204 exhilaravit,

296 3221 394 3276 καὶ
439 3219 626 3275 Ἠλίαν
691 3219 718 3272 6
776 3218 904 3279 Θεὸς
957 3218 1130 3293 ἀγαθῇ
1191 3215 1374 3272 ἐλπίδι
1417 3216 1679 3294 εὐφράνας
1710 3215 1836 3277 τοὺς
1867 3217 1956 3270 ἀνα

2075 3211 2206 3283 quia
2237 3212 2503 3268 homines
2548 3231 2680 3269 cum
2715 3220 2932 3281 essent,
2967 3215 3084 3272 illis
3134 3218 3285 3272 aeris
3311 3235 3548 3275 cursum
3593 3237 3719 3292 per-

299 3310 576 3380 θρώπους,
611 3305 679 3362 δι’
711 3308 783 3361 ὧν
816 3307 1119 3380 ἀνθρώποις
1171 3306 1291 3360 οὗσι
1332 3307 1422 3361 τὸν
1472 3303 1568 3360 τοῦ
1617 3306 1771 3379 ἀέρος
1832 3301 1956 3378 δρό·

309 3418 413 3471 μον
474 3396 782 3467 ἱππήλατον
840 3393 1118 3464 ἥπλωσεν.
1177 3394 1253 3451 Οὐ
1314 3395 1420 3467 μὴν
1482 3395 1613 3468 ἄχρι
1662 3393 1960 3468 γετούτων

303 3484 496 3556 ἔστησε
525 3491 628 3540 τῶν
663 3486 794 3560 ὑπὲρ
823 3486 923 3553 τήν
958 3483 1112 3560 φύσιν
1145 3484 1242 3551 τὴν
1282 3482 1484 3537 πίστιν·
1537 3481 1682 3537 ἀλλὰ
1729 3481 1819 3537 καὶ
1871 3479 1960 3536 διὰ

299 3579 407 3642 τῇς
464 3573 775 3650 καθημέραν
839 3572 1067 3646 θεωρίας
1117 3570 1306 3634 ἐθάδας
1351 3573 1596 3646 γενέσθαι
1655 3592 1959 3648 παρασκευ-

303 3665 422 3734 άζει
451 3662 548 3719 τοῦ
581 3664 876 3736 θαύματος.
901 3662 961 3714 Τί
994 3663 1096 3736 γὰρ
1126 3667 1308 3736 ποιεῖ;
1344 3660 1670 3737 Προστάττει
1707 3661 1797 3716 τὸν
1830 3682 1956 3736 συγ-

301 3753 514 3832 γραφέα
571 3751 766 3807 Μωσέα
824 3750 1206 3829 είκονογράφον
1264 3755 1364 3816 τῆς
1421 3751 1644 3812 κτίσεως
1721 3751 1960 3824 γενέσθαι

305 3844 398 3899 καὶ
433 3842 520 3898 διά
553 3848 756 3912 σκηνῆς
791 3841 1130 3914 μιμήσασθαι
1175 3841 1265 3894 τὸν
1315 3841 1552 3909 ποιητὴν
1601 3837 1956 3913 ἔγκελεύεται⁸

305 3941 410 4009 γῆς
467 3934 561 4006 μὲν
625 3931 854 4004 μίμημα
910 3930 1000 3984 καὶ
1056 3933 1163 3984 τῶν
1219 3929 1270 3982 ἐν
1320 3932 1390 4003 τῇ
1430 3929 1592 4003 γῇτὸ
1621 3932 1721 3990 τῆς
1755 3931 1960 3998 σκηνῆς

303 4023 599 4098 πρόσωπον
657 4019 1053 4096 θεωρούμενον·
1111 4020 1178 4073 τὰ
1225 4016 1282 4072 δὲ
1323 4025 1422 4087 τῆς
1456 4024 1662 4087 σκηνῆς
1695 4013 1960 4089 ἐνδοτέρω

308 4110 644 4186 διατειχίσας
716 4111 1164 4184 παραπετάσματι
1241 4107 1572 4180 (ἀνθρώποις
1629 4104 1960 4178 καταλείψας

303 4200 525 4256 ἀθέατον
558 4198 789 4274 οὐρανοῦ
816 4218 937 4252 τινα
963 4195 1156 4267 τάξιν),
1188 4199 1266 4267 τῷ
1317 4195 1393 4267 μή
1443 4194 1756 4272 φαινομένῳ
1808 4193 1957 4268 μέρει

310 4287 614 4364 χαρίζεται.
681 4284 840 4340 Ἀλλ’
898 4283 1070 4346 οὕτως
1123 4283 1353 4358 οὐρανοῦ
1406 4284 1496 4337 καὶ
1545 4288 1646 4356 γῆς
1708 4279 1797 4335 διὰ
1851 4284 1958 4335 τῶν

307 4376 612 4450 σχημάτων
657 4375 1032 4447 νομοθετήσας
1087 4373 1184 4440 τὴν
1238 4371 1496 4446 μίμησιν,
1554 4372 1621 4424 τὰ
1667 4369 1718 4424 έν
1779 4367 1960 4441 ἀδύτῳ

305 4459 480 4518 ἄϐατα
508 4459 671 4516 πάλιν
706 4461 1015 4534 ἀνθρώποις
1050 4459 1181 4513 εἶναι
1216 4458 1474 4528 θελήσας,
1513 4457 1664 4530 μόνῳ
1711 4461 1791 4529 τῷ
1822 4455 1964 4530 ἀρχ-

313 4549 638 4626 ιερατεύοντι
667 4554 774 4604 τῶν
809 4547 1135 4624 ἀπορρήτων
1169 4546 1371 4620 ἀνοίγει
1418 4547 1517 4614 τὴν
1579 4543 1812 4616 εἶ’σοδον,
1861 4552 1962 4614 τῆς

311 4638 389 4703 εἴς
421 4639 644 4714 οὐρανὸν
698 4635 896 4692 ἀνόδου
953 4637 1053 4705 τὴν
1099 4640 1196 4690 τοῦ
1241 4637 1365 4690 τότε
1415 4634 1716 4711 ἀρχιερέως
1753 4631 1963 4688 εἷ’σοδον

309 4734 554 4790 τυπικῶς
583 4727 967 4804 ἐργαζόμενος·
1015 4724 1128 4796 ἵνα,
1183 4725 1416 4797 ὁρῶντες
1467 4725 1516 4778 οἱ
1571 4725 1693 4778 τότε
1733 4724 1824 4778 τὸν
1884 4721 1969 4776 οὐ·

313 4819 469 4894 ρανὸν
503 4817 555 4872 έν
581 4816 738 4888 τύπῳ
772 4813 1216 4886 διατεμνόμενον,
1260 4812 1350 4866 καὶ
1404 4813 1495 4867 τὸν
1556 4813 1814 4888 ἀρχιερέα
1875 4812 1970 4885 μό-

313 4930 406 4963 νον
435 4911 542 4963 τῶν
577 4901 789 4961 ἀϐάτων
818 4902 1266 4976 κατατολμῶντα,
1328 4903 1689 4977 προεθισθῶσι
1735 4905 1802 4974 τῇ
1855 4903 1971 4971 θέᾳ,

425 4998 531 5068 ᾖμὴ
594 4993 882 5066 πολεμῶσι
940 4998 1058 5054 τοῖς
1107 4990 1359 5063 θαύμασι.
1395 4990 1608 5044 Τούτων
1646 4989 1968 5061 ὑπομιμνή-

525 5081 807 5144 ’ῑουδαίοις
867 5083 894 5136 ὁ
949 5079 1162 5142 Παῦλος
1199 5081 1226 5134 6
1256 5086 1354 5149 τῆς
1387 5078 1714 5151 οἰκουμένης
1747 5076 1971 5132 παιδευ-

449 5227 454 5246 Ξ
553 5196 600 5226 ια
630 5177 708 5244 τῷ
740 5171 1044 5246 γράμματι·
1080 5195 1104 5220 ‹‹
1138 5167 1228 5230 Εἷς
1266 5168 1359 5241 μὲν
1412 5169 1511 5236 τὴν
1557 5167 1782 5241 πρώτην
1835 5187 1972 5236 σκη-

483 5261 795 5333 Luam-:6:
844 5260 942 5312 εἶτῖ
1124 5260 1165 5300 ατ
1203 5259 1365 5330 ἒερεῖς
1395 5257 1490 5320 τὰς
1527 5255 1777 5333 λατρείας
1804 5255 1978 5311 ἐπιτε-

1268 5383 1270 5385 -
1335 5347 1471 5418 ἅπαξ
1527 5350 1624 5401 τοῦ
1707 5344 1976 5413 ἐνιαυτοῦ,

425 5037 428 5040 -
459 4998 531 5068 μή
594 4993 702 5050 πολ

285 5155 288 5158 Ι
546 5083 698 5138 ἱουδα

449 5227 454 5240 ἶ
553 5196 600 5226 ια
630 5195 702 5244 τῳ

467 5275 486 5280 ”
595 5282 694 5318 παν

577 5355 580 5362 ’
623 5349 698 5412 είς

67 4997 697 6254 ’⁸⁸

131 5635 142 5648 ⁵
547 5645 630 5712 ,ια
659 5641 700 5693 R

553 5711 690 5770 'hab'

595 5261 795 5320 παντὸς
844 5260 938 5312 εἶτ)

1303 5537 1311 5547 .
1391 5493 1436 5528 ⁸³
1463 5493 1628 5550 Joan.
1662 5506 1748 5562 ιιι,
1783 5491 1871 5548 13.

1279 5655 1365 5692 :us
1399 5637 1615 5692 rectius
1646 5652 1825 5708 quam
1855 5634 1978 5691 edi-

1269 5835 1400 5897 "Ill.

2069 3301 2228 3356 vium
2262 3303 2532 3358 reddidit.
2568 3303 2768 3376 Neque
2798 3309 2993 3361 tamen
3025 3323 3091 3361 eo
3134 3309 3416 3379 constitit,
3451 3314 3513 3364 ut
3545 3311 3719 3366 fidem

2070 3391 2236 3446 daret
2266 3391 2336 3446 iis
2371 3409 2497 3463 quae
2529 3398 2668 3446 sunt
2699 3410 2878 3464 supra
2910 3399 3204 3463 naturam,
3238 3398 3337 3452 sed
3373 3398 3720 3469 quotidiana

2070 3485 2308 3551 aspectu
2362 3480 2631 3537 homines
2663 3481 2947 3538 miraculo
2989 3501 3325 3541 assuescere
3355 3493 3538 3558 parat.
3572 3487 3718 3552 Quid

2069 3569 2226 3623 enim
2259 3569 2429 3641 agit?
2457 3568 2634 3625 Jubet
2664 3571 3009 3642 scriptorem
3043 3573 3237 3630 Mosen
3276 3575 3592 3648 imaginem
3628 3593 3717 3633 re-

2073 3675 2200 3712 rum
2235 3662 2561 3714 creatarum
2590 3660 2985 3731 depingere,et
3011 3678 3110 3732 per
3125 3663 3568 3721 tabernaculum
3595 3666 3723 3722 imi-

2072 3748 2176 3803 tari
2203 3747 2530 3803 Creatorem
2561 3767 2574 3815 ;
2602 3749 2682 3803 ita
2707 3753 2768 3803 ut
2791 3753 2955 3804 terrae
2987 3751 3226 3822 quidem
3249 3770 3316 3808 ac
3352 3758 3720 3812 terrenarum

2071 3836 2294 3906 effigies
2327 3836 2403 3891 sit
2452 3837 2815 3892 tabernaculi
2867 3839 3090 3895 facies:
3125 3841 3399 3898 interiora
3446 3861 3581 3900 vero
3631 3849 3724 3901 ta-

2071 3924 2539 3989 bernaculi,velis
2569 3926 2822 3982 obducta
2851 3927 3214 3998 (hominibus
3245 3931 3369 3987 (παιιὶ
3405 3934 3722 4005 quemdam

2071 4013 2335 4068 ordinem
2369 4013 2661 4070 occultum
2709 4015 3071 4089 relinquens)
3104 4019 3254 4090 parti
3287 4021 3411 4076 caeli
3447 4039 3573 4094 quae
3605 4041 3723 4079 non

2071 4107 2315 4173 apparet
2343 4102 2632 4157 attribuit.
2670 4105 2853 4174 Atque
2883 4106 2968 4161 sic
3018 4107 3146 4162 coeli
3179 4113 3463 4182 terrasque
3514 4111 3722 4185 imagi-

2072 4206 2201 4245 nem
2237 4189 2441 4262 figuris
2471 4190 3240 4268 adumbrarijubens.atque
3270 4203 3468 4255 volens
3500 4205 3566 4255 ut
3595 4218 3724 4273 qua

2072 4278 2130 4332 in
2174 4278 2345 4350 adyto
2403 4284 2570 4333 erant
2629 4279 2967 4337 hominibus
3020 4281 3320 4341 inaccessa
3363 4293 3579 4357 essent,
3613 4289 3723 4346 soli

2071 4368 2327 4438 pontifici
2363 4373 2718 4423 secretorum
2751 4371 2940 4442 aperit
2970 4371 3300 4444 ingressum
3327 4393 3339 4429 :
3374 4375 3576 4448 sicque
3597 4379 3724 4434 effi-

2073 4457 2150 4511 cit
2181 4460 2246 4510 ut
2292 4456 2597 4528 ingressus
2646 4459 2944 4530 pontificis
2991 4477 3273 4518 accensus
3305 4463 3359 4518 in
3412 4465 3622 4521 ccelum
3651 4468 3730 4524 sit

2078 4546 2302 4616 figura;
2339 4550 2402 4600 ut
2450 4550 2591 4601 tunc
2624 4546 2823 4618 populi
2874 4547 3082 4604 ccelum
3139 4551 3400 4610 videntes
3431 4554 3489 4610 in
3539 4555 3729 4628 ﬁgura

2081 4639 2370 4706 apertum,
2405 4639 2460 4689 et
2481 4634 2670 4690 solum
2721 4636 3053 4707 pontificem
3089 4639 3160 4694 ad
3219 4639 3519 4700 inaccessa
3549 4661 3728 4717 pene-

2079 4729 2232 4778 trare
2291 4724 2628 4788 audentem,
2690 4724 3021 4796 spectaculo
3081 4728 3480 4803 assuefiereut,
3538 4751 3732 4808 neque

2079 4812 2380 4868 miraculis
2410 4818 2825 4885 repugnarent.
2857 4813 2987 4870 Haec
3017 4817 3233 4873 Iudaeis
3261 4837 3732 4881 commemorans

2087 4902 2298 4957 Paulus
2331 4902 2533 4957 doctor
2561 4902 2741 4969 orbis,
2776 4903 2994 4975 scripto
3027 4906 3314 4964 exclamat
3346 4927 3357 4962 :
3398 4934 3418 4959 ι
3456 4912 3517 4966 In
3553 4913 3731 4984 priori
3777 4980 3780 4983 _

2084 4991 2319 5060 quidem
2354 4991 2732 5046 tabernaculo
2764 5008 2996 5064 semper
3025 4995 3347 5052 introibant
3376 5002 3734 5072 sacerdotes,

2084 5079 2507 5134 sacrificiorum
2554 5081 2745 5136 officia
2793 5092 3275 5141 consummantes
3311 5089 3428 5144 :.in
3476 5091 3735 5148 secundo

2085 5172 2278 5223 autem
2313 5169 2491 5222 semel
2531 5172 2585 5223 in
2621 5186 2775 5224 anno
2807 5170 2969 5226 solus
3002 5173 3275 5242 pontifex,
3297 5193 3411 5232 non
3444 5180 3570 5235 sine
3600 5198 3736 5236 san-

2087 5256 2285 5330 guine,
2323 5273 2499 5329 quem
2531 5257 2696 5313 oflert
2726 5275 2830 5331 pro
2862 5277 2969 5314 sua
3011 5267 3066 5315 et
3098 5278 3200 5332 pro
3229 5264 3427 5335 pepuli
3456 5266 3738 5339 ignoran-

2088 5347 2184 5402 tia.
2220 5345 2490 5402 Christus
2519 5351 2712 5402 autem
2764 5348 3077 5403 adveniens
3110 5351 3367 5421 pontifex
3405 5354 3740 5416 futurorum

2132 5633 2291 5762 ι(28)
2321 5633 2537 5706 Regius
2567 5637 2624 5688 et
2653 5632 2812 5689 Colb.
2865 5636 3080 5703 πρῶτον
3124 5639 3241 5697 τοῖς
3288 5638 3413 5714 περὶ
3461 5640 3619 5700 αὐτὸν
3677 5649 3747 5722 τῇ

2159 5721 2208 5762 ο.

2096 5720 2208 5762 θιο.

3340 5841 3421 5904 35
