4116 6362
384 420 542 483 1099

1546 414 1609 476 S.
1660 413 2179 476 ATHANASIUS.
2215 448 2291 458 -—
2323 411 2637 477 SPURIA.

3649 417 3811 479 1100

380 553 693 620 bonorum,
714 566 818 623 per
848 548 1105 623 amplius
1135 551 1192 605 et
1216 546 1530 620 perfectius
1560 544 2029 611 tabernaculum,

2157 543 2347 616 μόνος,
2381 545 2408 598 6
2441 543 2751 621 ἀρχιερεὺς,
2781 544 2841 600 ού
2875 546 3051 622 χωρὶς
3112 543 3364 619 αἳματος,
3423 547 3455 603 6'
3510 550 3812 626 προσφέρει

381 659 500 699 non
532 639 1028 707 manufestum,id
1059 643 1168 707 est,
1190 655 1303 693 non
1339 638 1517 708 hujus
1535 635 1884 693 creationis:
1921 651 2026 689 no-

384 747 497 805 que
529 747 633 803 per
662 728 1011 802 sanguinem
1034 733 1337 783 taurorum
1356 731 1404 781 et
1443 726 1740 781 hircorum
1771 750 1783 791 ;
1807 725 1908 779 sed
1931 739 2037 794 per

382 819 686 893 proprium
717 816 1066 890 sanguinem
1097 816 1357 871 introivit
1383 814 1564 871 semel
1596 815 1653 869 in
1688 814 1968 869 sancta”.
2008 835 2034 861 »

381 910 453 965 Et
472 924 710 965 rursum
744 907 947 979 paucis
977 905 1300 977 interjectis
1325 922 1337 959 :
1365 927 1392 955 «
1426 904 1546 958 Non
1572 904 1725 957 enim
1751 903 1807 957 in
1834 907 2036 957 sancta

380 998 720 1054 manufacta
750 996 1013 1053 introivit
1040 992 1691 1065 Cbristus,exemplaria
1720 1008 1991 1047 verorum
2019 1009 2032 1059 ;

378 1089 483 1144 sed
512 1086 571 1142 in
603 1087 799 1159 ipsum
846 1084 1075 1152 ccelum,
1113 1089 1175 1139 ut
1206 1088 1487 1157 appareat
1516 1098 1673 1139 nunc
1702 1080 1893 1137 vultui
1928 1080 2030 1136 Dei

376 1193 482 1250 pro
512 1176 683 1232 nobis
712 1176 778 1230 “.
811 1196 841 1225 »

2155 633 2285 709 ὑπὶρ
2339 634 2528 688 ἑαυτοῦ
2559 634 2647 688 καὶ
2677 639 2908 690 τῶντοῦ
2950 634 3085 691 λαοῦ
3142 635 3522 713 ἀγνοημάτων.
3568 639 3803 713 Χριστὸς

2153 718 2209 776 δὲ
2238 722 2671 799 παραγενόμενος
2716 723 3002 800 ἀρχιερεὺς
3048 728 3155 780 τῶν
3198 725 3514 798 μελλόντων
3566 728 3809 805 ἀγαθῶν,

2146 806 2242 865 διὰ
2272 814 2371 875 τῆς
2407 811 2651 884 μείζονος
2694 814 2780 869 καὶ
2830 813 3169 891 τελειοτέρας
3220 822 3446 885 σκηνῆς,
3493 816 3555 871 ού
3616 837 3810 894 χειρο-

2148 902 2403 969 ντιιητου,
2435 900 2733 972 τουτέστιν,
2763 902 2823 957 οὐ
2852 903 3052 973 ταύτης
3102 911 3201 973 τῆς
3245 903 3495 966 κτίσεως’
3558 904 3685 961 ούδὶ
3735 903 3807 962 δι’

2147 986 2375 1061 α’ίματος
2404 991 2615 1063 ταύρων
2649 992 2738 1045 καὶ
2768 994 2999 1067 τράγων·
3036 990 3123 1048 διὰ
3154 991 3211 1047 δέ
3239 999 3337 1049 τοῦ
3370 991 3513 1049 ἰδίου
3546 993 3806 1068 αἵματος,

2147 1077 2396 1142 είσῆλῦεν
2456 1077 2659 1157 ἐφάπαξ
2717 1079 2793 1143 είς
2850 1082 2917 1136 τὰ
2975 1083 3118 1158 ἅγια.
3178 1083 3277 1137 Καὶ
3308 1081 3475 1140 πάλιν
3508 1086 3643 1158 μετά
3678 1086 3810 1163 βρα-

2147 1165 2272 1242 χέα’
2308 1191 2337 1219 ‹‹
2369 1167 2441 1221 Οὐ
2469 1170 2571 1244 γὰρ
2605 1168 2680 1231 εἰς
2714 1168 3079 1245 χειροποίητα
3111 1173 3234 1246 ἅγια
3283 1170 3531 1237 εἰσῆλθεν
3595 1174 3624 1228 6
3672 1180 3803 1252 Χρι-

380 1264 527 1334 στὸς,
559 1262 820 1319 ἀντίτυπα
867 1282 975 1317 των
1031 1260 1323 1332 ἀληθινῶν·
1356 1258 1483 1316 ἀλλ’
1513 1260 1590 1322 εἰς
1640 1258 1798 1314 αὐτὸν
1851 1257 1943 1313 τὸν
1999 1255 2222 1330 οὖρανὸν
2279 1259 2369 1309 νῦν
2428 1255 2845 1336 ἐμφανισθῆναι.
2876 1263 2954 1332 τῷ
3006 1261 3295 1337 προσώπῳ
3354 1264 3452 1316 τοῦ
3502 1267 3637 1318 Θεοῦ
3669 1263 3797 1342 ὑπὲρ

470 1372 566 1410 ων.
600 1375 630 1404 ›)

470 1372 566 1410 ων.
600 1375 630 1404 ))

378 1354 504 1498 ήμὸ.
538 1442 625 1499 Ita
652 1442 811 1498 novit
865 1441 1019 1497 Deus
1048 1440 1140 1496 vel
1191 1440 1398 1513 figuris
1447 1438 1807 1496 confundere
1852 1436 2037 1492 incre-

378 1530 571 1598 dulos,
604 1529 996 1586 et-miraculis
1030 1528 1317 1586 miracula
1346 1530 1716 1584 conﬁrmare.
1757 1527 1849 1581 Sic
1878 1524 2038 1580 Chri-

377 1626 504 1678 stus
535 1620 800 1677 ascendit
846 1620 905 1675 in
936 1618 1148 1675 ccelum
1183 1635 1196 1672 :
1233 1617 1317 1674 sic
1366 1618 1587 1690 ﬁguras
1619 1617 1749 1687 ipsa
1794 1614 2035 1670 veritate

377 1708 707 1782 complevit.
741 1709 1058 1780 Oportebat
1090 1708 1272 1780 igitur
1319 1705 1729 1763 resurrectioni
1774 1703 2035 1759 Salvato-

379 1799 464 1854 ris
511 1813 825 1854 ascensum
874 1796 1140 1869 adjungi,
1179 1802 1238 1852 et
1266 1795 1545 1851 victorem
1578 1794 1791 1848 inferni
1822 1791 2035 1848 coelum

377 1888 579 1944 statim
610 1901 913 1955 occupare.
946 1886 1053 1941 Sed
1107 1901 1181 1940 ne
1213 1884 1483 1940 celeritas
1533 1898 1775 1939 sensum
1807 1880 2038 1936 tolleret

375 1990 573 2031 rerum
624 1979 945 2046 gestarum,
976 1978 1240 2043 tempore
1280 1973 1535 2043 quodam
1584 1968 1873 2025 miracula
1914 1970 2038 2024 vult

380 2063 647 2135 imprimi
676 2062 736 2117 in
768 2061 1169 2133 apostolorum
1203 2062 1501 2117 mentibus
1534 2076 1636 2132 per
1675 2058 2035 2130 contempla-

381 2153 628 2219 tionem,
677 2157 736 2208 et
774 2151 1016 2208 assiduo
1073 2150 1375 2205 oculorum
1422 2153 1660 2220 aspectu
1711 2148 1919 2203 animm
1970 2146 2035 2201 ﬁ-

384 2241 520 2298 dem
550 2240 870 2296 insinuare.
904 2239 1282 2296 Convescitur
1309 2255 1444 2294 cum
1475 2236 1805 2309 discipulis,
1837 2237 2033 2291 cibum

388 2330 595 2400 sumit,
639 2328 773 2386 licet
814 2346 880 2385 eo
930 2329 1177 2384 minime
1222 2328 1525 2400 indigeat:
1561 2327 1776 2398 praebet
1823 2340 2036 2396 corpus

386 2419 773 2492 palpandum,
806 2422 982 2491 atque
1032 2418 1293 2474 veritatis
1321 2420 1501 2473 testes
1532 2434 1646 2473 non
1679 2416 1872 2472 solum
1899 2430 2034 2470 ocu-

386 2506 477 2564 los
505 2509 606 2565 sed
636 2508 815 2565 etiam
846 2507 1060 2580 digitos
1107 2506 1389 2563 admittit.
1421 2505 1818 2562 Diuturnitate
1859 2503 2038 2576 igitur

384 2597 705 2670 praesentia
754 2596 906 2653 levat
952 2595 1279 2669 phantasia
1324 2595 1743 2668 suspicionem,
1794 2610 1861 2648 ac
1908 2609 2035 2664 quas

387 2702 495 2759 par
522 2691 647 2742 erat
675 2687 747 2742 de
794 2685 1058 2742 discessu
1104 2702 1209 2741 suo
1263 2701 1396 2741 cum
1447 2683 1729 2757 apostolis
1781 2682 2031 2748 locutus,

388 2774 712 2847 discipulos
758 2790 1039 2831 ascensus
1091 2774 1183 2831 sui
1232 2776 1411 2830 testes
1456 2772 1733 2828 admittit.
1767 2769 2039 2844 Oportuit

389 2864 546 2921 enim
607 2863 1023 2921 miraculorum
1082 2879 1376 2937 praecones
1430 2862 1820 2918 indubitatam
1888 2862 2037 2916 ferre

390 2952 832 3026 prmdicatarum
877 2969 1071 3009 rerum
1112 2953 1403 3008 notitiam.
1445 2951 1793 3007 Elevabatur
1840 2951 2040 3022 itaque

392 3042 961 3110 Salvator,videbant
989 3042 1236 3099 inferius
1265 3040 1539 3115 discipuli
1573 3057 1584 3095 :
1619 3040 1809 3096 nubes
1840 3045 2038 3095 autem

391 3132 642 3204 pedibus
688 3147 1063 3198 succurrens,
1094 3129 1424 3187 vehiculum
1470 3146 1537 3185 eo
1588 3130 1645 3184 in
1695 3145 1870 3185 cursu
1907 3129 2035 3184 fuit.

390 3220 436 3278 Ο
466 3220 734 3277 inaudita
764 3220 1087 3276 miracula!
1118 3224 1231 3276 Aer
1261 3219 1619 3292 pervaditur,
1640 3219 1820 3274 aether
1851 3218 2041 3274 susci-

388 3310 496 3382 pit,
526 3309 717 3383 angeli
746 3315 1120 3366 accurrentes
1147 3308 1605 3380 triumphalibus
1625 3308 1870 3364 canticis
1896 3324 2036 3362 con-

390 3398 687 3456 celebrant
718 3416 732 3453 :
766 3399 1099 3471 spectaculo
1142 3398 1419 3454 attonitos
1465 3396 1791 3468 discipulos
1824 3398 2035 3452 festum

388 3487 684 3545 celebrare
713 3489 966 3544 suadent
997 3504 1044 3541 τι
1078 3487 1225 3550 Ouid
1257 3486 1428 3543 statis
1458 3487 1806 3558 aspicientes
1836 3486 1894 3540 in
1920 3502 2039 3541 coe-

385 3576 512 3634 lum
544 3578 635 3634 “il
672 3598 702 3627 »
734 3576 882 3644 Quid
930 3576 1149 3632 statis?
1181 3575 1531 3632 miraculum
1581 3575 1891 3647 praedicate
1938 3590 2040 3646 per

386 3667 613 3739 orbem,
645 3667 907 3722 discessu
942 3668 1254 3723 adventum
1291 3682 1304 3720 :
1342 3687 1368 3716 α
1401 3666 1481 3721 sic
1513 3666 1721 3733 veniet,
1756 3663 2034 3735 quemad-

387 3757 630 3813 modum
663 3757 892 3812 vidistis
921 3772 1052 3811 eum
1080 3760 1313 3812 euntem
1350 3756 1407 3809 in
1442 3754 1651 3809 coelum
1684 3754 1786 3808 α.»
1814 3754 1917 3809 His
1938 3770 2037 3808 au-

388 3844 527 3901 ditis
556 3845 798 3901 vocibus
822 3865 835 3913 ;
868 3844 1086 3900 Paulus
1108 3844 1267 3900 vocis
1300 3859 1420 3899 suae
1448 3846 1623 3897 tubas
1650 3842 2036 3911 emittit,scri-

386 3935 508 4007 ptis
535 3933 872 3990 exclamans
903 3934 1028 3989 suis
1061 3950 1074 3987 :
1110 3955 1137 3983 ‹‹
1172 3932 1382 3990 Nostra
1409 3931 1771 3986 conversatio
1795 3930 1850 3984 in
1875 3930 2035 3985 cmlis

389 4030 495 4084 est.
547 4024 703 4078 unde
750 4028 808 4077 et
852 4023 1209 4077 Salvatorem
1263 4024 1671 4091 exspectamus
1719 4019 2032 4074 Dominum

386 4112 592 4168 Jesum
621 4112 918 4168 Christum
950 4111 1013 4165 ν’,
1049 4133 1077 4159 ››
1110 4110 1209 4165 His
1240 4109 1507 4165 homines
1554 4109 1754 4179 adjicit
1783 4109 1983 4164 dicens
2018 4126 2030 4163 :

2223 1434 2277 1489 5.
2311 1432 2500 1495 Οὕτως
2560 1432 2675 1490 οἶδε
2721 1436 2810 1490 καὶ
2859 1436 3053 1499 τύποις
3086 1435 3357 1514 ἐντρέπειν
3386 1437 3515 1502 τοὺς
3545 1440 3806 1505 ἀπίστους

2145 1522 2173 1577 6
2230 1524 2382 1596 Θεὸς,
2439 1524 2529 1577 καὶ
2588 1524 2823 1599 θαύμασι
2873 1526 2985 1599 (29)
3032 1528 3351 1582 πιστοῦσθαι
3404 1526 3473 1583 τὰ
3532 1527 3804 1603 θαύματα,

2144 1610 2298 1667 Οὕτω
2329 1613 2562 1688 Χριστὸς
2596 1614 2867 1691 ἀνηρχετο
2914 1614 2990 1677 εἷς
3040 1615 3283 1690 οὐρανόν·
3338 1615 3483 1673 οὕτω
3527 1617 3656 1682 τοὺς
3715 1619 3810 1676 τύ-

2144 1722 2280 1763 πους
2313 1697 2453 1776 ἔργῳ
2512 1700 2772 1773 ἀληθείας
2834 1702 3121 1780 ἐκύρωσεν.
3184 1702 3334 1763 Ἔδει
3400 1706 3493 1779 μὲν
3545 1707 3637 1763 οὗν
3670 1730 3805 1764 συν-

2147 1790 2401 1844 άπτεσθαι
2431 1794 2500 1864 τῇ
2534 1790 2814 1846 ἀναστάσει
2844 1796 2941 1847 τοῦ
2983 1796 3244 1869 Σωτῆρος
3288 1795 3389 1864 τὴν
3434 1792 3649 1864 ιὶίνοδον⁹
3707 1798 3806 1852 καὶ

2143 1878 2234 1933 τὸν
2267 1883 2364 1933 τοῦ
2396 1876 2527 1949 ᾅδου
2557 1881 2781 1950 νικητὴν
2812 1880 2966 1945 εὐθὺς
3015 1882 3107 1937 τὸν
3150 1882 3373 1956 οὐρανὸν
3420 1882 3803 1956 ὑποδέξασθαι.

2145 1963 2272 2021 ἀλλ’
2297 1964 2388 2021 ’ίνα
2423 1968 2498 2041 μή
2530 1968 2593 2023 τὸ
2621 1989 2793 2045 ταχος
2822 1974 2932 2025 τῶν
2966 1971 3272 2047 γενομένων
3321 1970 3496 2048 κλέψῃ
3550 1974 3652 2043 τήν
3712 1971 3806 2030 αἴ-

2147 2057 2356 2129 σθησιν,
2387 2061 2627 2131 παγῆναι
2659 2064 2738 2131 τῷ
2770 2059 2957 2135 χρόνῳ
3009 2059 3263 2135 βούλεται
3304 2066 3423 2123 τοῖς
3469 2061 3807 2126 ἀποστόλοις

2148 2141 2236 2199 διά
2293 2148 2391 2214 τῆς
2449 2147 2676 2220 θεωρίας
2725 2148 2791 2202 τὰ
2837 2149 3103 2221 θαύματα,
3154 2150 3243 2205 καὶ
3296 2154 3366 2225 τῇ
3426 2157 3647 2228 συνεχεῖ
3690 2156 3804 2208 τῶν

2147 2233 2411 2307 ὀμμάτων
2443 2231 2731 2311 προσϐολῇ
2780 2241 2848 2311 τῇ
2881 2241 3034 2314 ψυχῇ
3078 2241 3436 2316 παραπέμψαι
3467 2250 3567 2311 την
3597 2241 3800 2298 πίστιν.

2147 2329 2493 2379 Συνεπιᾶται
2551 2331 2668 2388 τοῖς
2732 2332 3023 2398 μαθηταῖς,
3075 2329 3338 2384 ἀπολαύει
3569 2338 3804 2409 τροφῆς,

2146 2408 2394 2481 ἀνενδεὴς
2426 2412 2518 2480 ὥν,
2571 2422 2847 2491 συγχωρεῖ
2895 2414 3247 2494 ψηλαφᾶσθαι
3295 2418 3357 2473 τὸ
3414 2423 3598 2492 σῶμα,
3661 2408 3803 2495 μάρ-

2142 2521 2305 2575 τυρας
2331 2509 2432 2571 τῆς
2491 2501 2752 2573 ἀληθείας
2804 2506 2903 2560 οὑκ
2937 2504 3259 2583 ὀφθαλμοὺς
3295 2508 3479 2580 μόνον,
3534 2506 3682 2563 ἀλλά
3710 2508 3803 2564 καὶ

2147 2588 2452 2653 δακτύλους
2512 2590 2897 2670 ἐφελκόμενος.
2959 2595 3137 2657 Λύσας
3197 2593 3289 2650 οὖν
3351 2599 3450 2662 τῆς
3508 2597 3803 2676 φαντασίας

2145 2681 2245 2749 τήν
2281 2679 2514 2754 ὑποψίαν
2566 2684 2645 2755 τῷ
2692 2683 2882 2758 χρόνῳ
2937 2690 3038 2753 τῆς
3081 2685 3404 2758 παρουσίας,
3450 2685 3636 2741 καὶτὰ
3663 2689 3802 2761 πρὸς

2149 2772 2247 2840 τὴν
2279 2768 2592 2844 ἀποδημίαν
2634 2771 2818 2827 εἰκότα
2863 2779 2979 2835 τοῖς
3030 2773 3360 2837 ἀποστόλοις
3412 2775 3801 2853 φθεγξάμενος,

2149 2859 2337 2922 θεατὰς
2362 2866 2462 2929 τῆς
2490 2858 2682 2914 ἀνόδου
2735 2859 2861 2923 τοὺς
2905 2862 3150 2934 μαθητὰς
3207 2863 3587 2940 ἀπεργάζεται.
3647 2862 3800 2921 Ἔδει

2147 2950 2250 3025 γὰρ
2296 2954 2405 3004 τῶν
2464 2948 2751 3021 θαυμάτων
2807 2951 2936 3013 τοὺς
2977 2953 3241 3027 κήρυκας,
3273 2949 3650 3008 ἀνενδοίαστον
3706 2952 3800 3032 φέ-

2147 3059 2258 3114 ρειν
2310 3044 2418 3094 τῶν
2464 3038 2884 3113 κηρυττομένων
2943 3041 3042 3109 τήν
3110 3046 3327 3116 γνῶσιν.
3386 3043 3638 3118 ’Δνήγετο
3701 3044 3800 3117 μὲν

2148 3124 2238 3181 οὖν
2271 3128 2299 3181 6
2333 3130 2549 3201 Σωτήρ·
2586 3123 2815 3183 ἔϐλεπον
2842 3125 2899 3183 δὶ
2926 3129 3164 3184 κάτωθεν
3190 3129 3240 3183 οἱ
3268 3131 3529 3201 μαθηταί·
3553 3130 3712 3210 νέφος
3741 3130 3801 3187 δὲ

2144 3215 2273 3278 τοὺς
2296 3213 2466 3278 πόδας
2486 3213 2833 3289 ὑποδραμὼν,
2859 3211 2967 3293 ὅχη
2980 3238 3053 3290 μα
3072 3218 3208 3291 πρὸς
3228 3219 3319 3273 τὸν
3346 3216 3548 3296 δρόμον
3568 3219 3799 3295 ἐγίνετο.

2146 3307 2212 3359 ’Ὠ
2241 3303 2559 3382 παραδόξων
2592 3307 2881 3379 θαυμάτων
2910 3308 2922 3362 !
2953 3313 3009 3361 Ὀ
3030 3308 3133 3383 ἀὴρ
3167 3305 3662 3388 διοδεύεται,αίθήρ
3688 3307 3801 3366 δια-

2148 3391 2386 3471 δέχεται,
2421 3394 2643 3471 ἄγγελοι
2676 3396 3223 3472 συμπαρατρέχοντες
3253 3395 3485 3471 ᾅσμασιν
3508 3398 3800 3463 ἐπινικίοις

2146 3483 2558 3558 ἐπανηγύριζον·
2620 3484 3104 3561 ἐκπεπληγμένους
3153 3489 3220 3559 τῇ
3276 3486 3369 3558 θέᾳ
3396 3486 3527 3549 τοὺς
3561 3489 3800 3562 μαθητὰς

2145 3572 2415 3646 ἐορτάζειν
2444 3571 2678 3628 ἔπειθον
2715 3599 2742 3625 ‹‹
2775 3574 2835 3628 Τί
2867 3573 3125 3645 ἑστήκατε
3154 3571 3523 3648 ἐμϐλέποντες
3554 3578 3668 3651 (31)
3724 3577 3804 3642 εἷς

2144 3662 2235 3716 τὸν
2291 3662 2562 3735 οὓρανόνς
2626 3687 2653 3712 ‹‹
2702 3662 2763 3716 Τί
2816 3661 3115 3733 ἐστήκατες
3175 3662 3255 3736 τῷ
3302 3664 3498 3738 κόσμῳ
3526 3667 3590 3722 τὸ
3620 3668 3804 3742 θαῦμα

2144 3750 2434 3823 κηρύξατε,
2464 3755 2531 3824 τῇ
2561 3748 2850 3823 ἀποδημίᾳ
2894 3753 2993 3820 τήν
3048 3751 3367 3829 παρουσίαν
3425 3755 3599 3818 οὕτως
3653 3754 3804 3812 ἐλεύο

2146 3860 2315 3907 σεται,
2377 3838 2434 3893 ὃν
2487 3839 2693 3915 τρόπον
2749 3840 3036 3905 ἐθεάσασθε
3089 3842 3247 3896 αὑτὸν
3308 3844 3680 3917 πορευόμενον
3724 3845 3805 3909 εἷς

2142 3929 2233 3983 τὸν
2268 3929 2515 4004 οὐρανόν.
2548 3929 2767 3984 Τούτων
2801 3929 3035 3991 ἀκούσας
3075 3934 3185 3985 τῶν
3238 3936 3431 4008 φωνῶν
3479 3933 3508 3988 6
3558 3933 3800 4003 Παῦλος,

2142 4020 2240 4087 τῆς
2273 4026 2457 4096 φωνῆς
2490 4018 2678 4097 ἀφίησι
2708 4018 2803 4079 τάς
2852 4016 3181 4093 σάλπιγγας,
3235 4018 3324 4074 διὰ
3370 4025 3478 4075 τῶν
3536 4024 3798 4099 γραμμά-

2142 4129 2249 4161 των
2292 4111 2590 4182 κεκραγώς·
2657 4131 2683 4157 υ
2741 4109 2929 4179 Ἡμῶν
2977 4109 3040 4162 τὸ
3090 4107 3398 4183 πολίτευμα
3439 4109 3495 4165 ἐν
3546 4113 3800 4186 οὐρανοῖς

389 4222 420 4252 α
454 4201 775 4273 Rapientur
802 4201 861 4256 in
895 4200 1155 4255 nubibus
1185 4198 1241 4252 in
1296 4213 1450 4267 aera,
1480 4199 1539 4252 in
1580 4214 1887 4252 occursum
1926 4202 2031 4253 Do-

2146 4197 2402 4272 ὑπάρχει,
2458 4197 2508 4267 ἐξ
2571 4198 2633 4251 οὗ
2690 4197 2781 4253 καὶ
2836 4204 3073 4271 Σωτῆρα
3123 4195 3545 4273 ἀπεκδεχόμεθα
3595 4183 3796 4277 Κύριον

385 4291 534 4347 mini
565 4292 666 4346 ⁵⁸.»
698 4288 924 4347 Etenim
957 4288 1111 4346 402
1137 4286 1282 4358 justi
1314 4284 1621 4358 fulgebunt
1652 4285 1804 4340 sicut
1833 4285 2032 4356 splen-

385 4381 491 4436 dor
532 4379 908 4436 ﬁrmamenti.
937 4378 1017 4433 Ex
1046 4375 1339 4433 dominica
1388 4375 1570 4447 igitur
1616 4374 2034 4445 Assumptione

376 4468 693 4526 Balvetoris
739 4467 926 4523 nostri
956 4470 1015 4522 et
1047 4464 1272 4521 Domini
1305 4468 1360 4520 et
1404 4463 1522 4519 veri
1554 4462 1653 4519 Dei
1700 4463 1839 4518 Jesu
1870 4462 2031 4517 Chri-

377 4558 475 4628 sti,
508 4558 689 4615 simili
721 4572 823 4627 spe
851 4555 1125 4611 lmtiﬁcali
1158 4555 1426 4609 dicamus
1454 4551 1538 4607 illi
1573 4568 1585 4605 :
1626 4575 1646 4601 «ι
1681 4554 1865 4616 Quam
1901 4567 2028 4605 ma-

375 4647 653 4720 gniﬁcata
671 4650 815 4702 sunt
844 4661 1021 4717 opera
1048 4643 1419 4713 tua,Domine
1443 4639 1455 4697 l
1477 4640 1674 4697 omnia
1703 4640 1760 4695 in
1796 4640 2028 4711 sapien-

373 4735 462 4793 tia
493 4734 681 4792 fecisti
706 4736 769 4786 “.
806 4756 834 4784 »
863 4734 988 4789 Tibi
1024 4733 1208 4804 gloria
1236 4737 1294 4787 et
1341 4732 1655 4802 imperium
1684 4745 1818 4785 cum
1859 4729 2028 4786 Patre

370 4829 429 4881 et
456 4824 673 4897 Spiritu
708 4827 935 4889 sancto,
966 4839 1124 4878 nunc
1154 4827 1212 4878 et
1240 4837 1472 4893 semper
1500 4826 1557 4875 et
1584 4821 1643 4874 in
1676 4818 1889 4874 saecula
1919 4836 2023 4875 sae-

370 4913 661 4970 culorum.
692 4915 899 4968 Amen.
1274 4900 1279 4905 ’

2144 4286 2348 4351 Ἰησοῦν
2381 4286 2635 4360 Χριστόν.
2684 4310 2713 4337 ››
2753 4285 2979 4347 Τούτοις
3036 4286 3359 4362 προστίθησι
3408 4286 3536 4351 τοὺς
3589 4290 3802 4365 ἀνθρώ-

2140 4394 2279 4435 πους
2336 4373 2532 4450 λέγων,
2591 4372 2674 4429 ὅτι
2729 4398 2756 4426 ‹‹
2821 4375 3261 4450 Ἀρπαγησονται
3321 4375 3374 4431 ἐν
3422 4375 3679 4454 νεφέλαις
3723 4379 3801 4442 είς

2141 4464 2288 4537 ἀέρα,
2325 4463 2400 4525 εἷς
2435 4464 2731 4533 ἀπάντησιν
2759 4468 2856 4518 τοῦ
2888 4464 3111 4539 Κυρίου.
3148 4488 3176 4516 ››
3210 4465 3311 4520 Καὶ
3339 4466 3444 4541 γὰρ
3489 4468 3546 4521 οἱ
3595 4464 3798 4523 δίκαιοι

2141 4550 2514 4625 ἐκλάμψουσιν
2547 4552 2687 4623 ὡςή
2742 4550 3073 4627 λαμπρότης
3126 4556 3224 4608 τοῦ
3272 4556 3670 4631 στερεώματος.
3705 4558 3802 4613 Ἐκ

2136 4647 2237 4710 τῆς
2271 4638 2593 4711 δεσποτικῆς
2619 4642 2801 4696 τοίνυν
2836 4639 3164 4715 ἀναλήψεως
3210 4647 3307 4698 τοῦ
3341 4649 3606 4721 Σωτῆρος
3637 4648 3801 4719 ἡμῶν

2135 4729 2223 4785 καῖ
2258 4730 2483 4805 Κυρίου,
2538 4730 2629 4785 καὶ
2691 4731 2957 4801 ἀληθινοῦ
3000 4736 3135 4787 Θεοῦ
3183 4732 3366 4802 Ἰησοῦ
3410 4738 3670 4809 Χριστοῦ,
3703 4735 3798 4798 τὰς

2136 4819 2331 4891 ὁμοίας
2390 4818 2612 4882 ἐλπίδας
2675 4822 3066 4898 τρυφήσαντες,
3132 4819 3380 4895 λέγωμεν
3437 4823 3578 4898 πρὸς
3610 4825 3790 4880 αὐτόν’

2137 4908 2282 4969 «Ὡς
2340 4907 2684 4984 ἐμεγαλύνθη
2745 4910 2813 4963 τά
2871 4905 3006 4985 ἔργα
3061 4929 3177 4980 σου,
3238 4909 3439 4986 Κύριαι
3507 4912 3682 4968 πάντα
3743 4914 3798 4968 ἐν

370 5000 531 5080 σοφίᾳ
559 4998 841 5069 ἐποίησας·
898 5023 926 5051 ››
972 4999 1056 5054 ὅτι
1106 5018 1191 5053 σοι
1239 5001 1274 5069 ὴ
1324 4995 1453 5068 δόξα
1500 4995 1589 5050 καὶ
1637 4995 1700 5051 τὸ
1729 4996 1927 5071 κράτος
1957 4995 2048 5050 σὺν
2076 5002 2156 5069 τῷ
2188 4997 2356 5071 Πατρὶ
2385 4998 2473 5052 καὶ
2499 5003 2578 5070 τῷ
2608 4996 2745 5072 ἁγίῳ
2770 4999 3043 5071 Πνεύματι
3074 5002 3167 5054 νῦν
3195 5000 3286 5054 καὶ
3319 4999 3400 5053 ἀεὶ
3431 4999 3520 5054 καὶ
3555 5001 3632 5063 εἷς
3659 5000 3791 5063 τοὺς

366 5090 566 5153 αἰῶνας
598 5094 706 5145 τῶν
738 5089 975 5147 αῗώνων.
1011 5090 1209 5162 Ἀμήν.

436 5274 484 5311 ⁸³
514 5273 690 5329 Hebr.
719 5286 800 5340 ix,
828 5271 884 5341 6,
913 5272 969 5338 7,
1004 5271 1091 5341 11,
1126 5270 1212 5326 12.
1289 5271 1335 5304 ⁸⁸
1368 5268 1508 5324 ibid.
1561 5269 1653 5323 24.
1732 5268 1776 5303 ⁵⁸
1803 5270 1928 5323 Act.
1962 5282 2003 5335 ι,

2216 5268 2262 5303 ⁴⁶
2292 5267 2435 5323 ibid.
2513 5268 2559 5303 ⁸⁷⁸
2588 5265 2845 5339 Philipp.
2897 5285 2981 5341 m,
3013 5269 3106 5328 20.
3186 5270 3231 5307 ⁴⁸
3265 5271 3289 5326 Ι
3329 5266 3538 5326 Thess.
3592 5281 3671 5339 ιν,
3704 5266 3796 5324 16.

366 5346 412 5383 ⁴⁹
440 5343 595 5402 Psal.
627 5359 748 5412 cm,
778 5344 870 5399 24.

331 5591 339 5598 ,
370 5532 559 5624 μη
575 5533 817 5624 Regius,
850 5529 1105 5604 θαύματι.
1140 5530 1319 5587 Paulo
1351 5533 1503 5603 post,
1549 5529 1690 5601 Reg.
1748 5527 1875 5588 τοὺς
1920 5524 2015 5581 τύ-

366 5619 502 5663 πους
534 5619 682 5677 ἔργα.

366 5675 816 5746 g__(30)1iegius,
847 5671 1129 5743 ἀπολαυει,
1189 5690 1324 5730 cum
1382 5670 1581 5729 codice
1629 5670 1888 5744 quodam
1920 5669 2014 5726 Bi-

364 5743 1107 5820 bliOthecsz‘Palatinmguo
1131 5745 1431 5802 interdum
1462 5746 1555 5803 usi
1585 5743 1727 5803 sunt
1755 5747 2018 5799 Comme-

2127 5524 2356 5614 liuiani.
2384 5524 2561 5594 Editi,
2595 5520 2891 5583 ἀπολάϐει.
2927 5526 3073 5586 Ibid.
3102 5529 3243 5603 Reg.
3305 5526 3503 5596 habet,
3533 5530 3636 5595 τῆς
3663 5543 3795 5599 τρυ-

2126 5617 2231 5675 φης

2339 5668 2556 5743 Regius
2590 5671 2794 5741 codex,
2832 5668 3147 5748 βλέποντες.
