4116 6352
279 463 433 526 um
1445 464 1861 532 ENCOMIUM
1908 470 1987 531 IN
2035 472 2097 532 s.
2147 473 2558 537 ANDREAM.
3553 479 3709 540 nos
3772 558 3781 569 υ

1070 732 1470 789 ADMONITIO
1512 735 1584 789 IN
1625 735 2004 792 ENCOMIUM
2047 737 2116 792 IN
2159 739 2496 796 SANCTUM
2535 742 2908 799 ANDREAM.

355 855 472 906 Hoc
501 851 826 905 Encomium
854 865 1001 903 nunc
1028 851 1206 920 primo
1241 849 1423 918 prodit
1467 850 1528 904 in
1579 851 1754 905 lucem
1801 867 1870 906 ex
1916 853 2126 907 schedis
2177 856 2548 911 eruditissimi
2599 859 2860 928 nobisque
2906 861 3234 915 amicissimi
3261 863 3375 916 viri
3405 860 3704 926 Toinardi,

280 957 417 1010 quas
448 938 552 994 ille
579 938 688 993 sibi
715 938 782 992 ab
812 939 1078 1009 Hispania
1108 941 1457 993 transmissos
1502 955 1601 1009 per
1644 941 2171 997 excellentissimum
2205 943 2390 1000 domn.
2423 946 2723 1014 Gasporc-m
2752 948 2821 1000 de
2851 947 3107 1003 Mendoza
3154 953 3207 1004 et
3251 951 3512 1020 Segovia,
3542 964 3706 1004 mar-

277 1028 532 1082 chionem
558 1027 622 1081 de
651 1025 954 1096 Mondejar,
986 1027 1270 1081 nobiscum
1309 1027 1736 1096 perhumaniter
1773 1032 2220 1086 communicavit.
2253 1033 2330 1088 Ad
2363 1035 2737 1089 Athanasium
2783 1051 2945 1104 porro
2992 1037 3220 1091 mini-me
3250 1039 3536 1105 pertinere
3563 1035 3708 1105 iudi-

276 1116 422 1170 cabit
453 1118 700 1186 quisquis
747 1115 1139 1170 Albanas-ianua
1186 1117 1453 1170 orationis
1501 1117 1584 1170 vel
1633 1117 1916 1172 tantillum
1946 1121 2158 1188 peritus
2187 1123 2380 1183 fuerit.
2414 1125 2534 1178 Non
2561 1131 2638 1177 est
2677 1126 2824 1178 enim
2874 1141 2939 1179 ea
2984 1124 3268 1194 dignitate,
3325 1125 3551 1194 iudicio,
3581 1139 3712 1195 gra-

275 1206 464 1274 vitate,
499 1221 622 1276 quaz
671 1205 732 1258 in
777 1205 920 1260 veris
968 1205 1182 1259 elucent
1227 1203 1513 1258 Athanasii
1561 1205 1835 1275 operibus.
1890 1207 2077 1262 Exstat
2124 1208 2213 1264 hic
2262 1213 2452 1265 Sermo
2501 1213 2562 1264 in
2609 1212 2790 1266 codice
2838 1212 3146 1269 Colbertino
3183 1215 3310 1280 847,
3342 1215 3714 1284 tribuiturque

274 1296 487 1350 Basilio
517 1294 876 1364 Seleucie-nsi,
906 1293 1061 1364 cujus
1107 1308 1240 1348 sane
1281 1293 1488 1364 stylum
1538 1293 1714 1365 magis
1742 1295 1913 1367 refert
1942 1312 2110 1367 quam
2160 1299 2616 1354 Athanasianum.
2651 1300 2829 1356 Codex
2875 1310 3064 1357 autem
3107 1311 3191 1358 est
3235 1305 3712 1374 septingentorum

273 1385 496 1439 circiter
523 1399 819 1439 annorum.

1953 1514 2022 1528 _

1464 1627 1588 1678 ΤΟΓ
1624 1629 1712 1680 ΕΝ
1752 1630 1982 1681 ΑΓΙΟΙΣ
2021 1631 2286 1684 ΠΑΤΡΟΣ
2326 1634 2523 1686 ΗΜΩΝ

1641 1766 2370 1866 ΑΘΑΝΑΣΙΟΥ

1010 1939 1362 1995 ΕΓΚΩΜΙΟΝ
1406 1942 1517 1995 ΕΙΣ
1556 1939 1689 1996 ΤΟΝ
1733 1939 1942 1996 APION

2030 1943 2303 1997 ΝΔΡΕΑΝ
2343 1944 2479 1999 TON
2521 1944 2969 2001 ΑΠΟΣΤΟΛΟΝ.

1389 2220 1482 2314 S.
1555 2221 1653 2314 P.
1727 2220 1836 2316 N.
1911 2221 2592 2318 ATHANASII

1183 2398 1532 2458 ENCOMIUM
1565 2401 1639 2455 IN
1673 2398 1974 2458 SANCTUM
2011 2399 2331 2458 ANDREAM
2369 2401 2782 2462 APOSTOLUM.

346 2703 396 2756 1.
430 2699 604 2771 Ὁρῶν
633 2698 732 2766 τήν
794 2695 1050 2772 λαμπρὰν
1104 2696 1303 2766 ταύτην
1363 2693 1563 2770 ἀγέλην
1594 2699 1688 2750 τοῦ
1749 2695 1920 2753 livea-

2108 2700 2158 2754 1.
2191 2700 2540 2757 Praeclarum
2572 2701 2778 2758 videns
2823 2701 3051 2758 Domini
3095 2715 3352 2774 gregem,
3376 2718 3683 2776 sagonam-

271 2809 442 2862 ματος
475 2787 566 2842 καὶ
598 2785 674 2847 εἷς
704 2787 766 2840 τὸ
795 2785 1034 2860 γαληνὸν
1092 2784 1316 2853 ἀληθῶς
1347 2784 1435 2838 καὶ
1492 2783 1795 2856 ἀκύμαντον
1829 2780 1924 2838 πέ-

2034 2806 2146 2860 que
2168 2789 2574 2860 apostolicam,
2596 2790 2916 2862 tranquillo
2942 2808 3009 2848 ac
3031 2791 3213 2848 nullis
3232 2792 3688 2864 tempestatibus

270 2899 462 2954 Λαγος,
519 2872 887 2942 ἀποστολικήν
950 2868 1435 2948 ὑπερϐεϐλημένην
1496 2875 1734 2947 σαγήνην
1787 2876 1919 2946 (3'3),

2033 2881 2250 2950 agitato
2285 2881 2488 2952 pelago
2537 2880 2836 2950 injectum,
2863 2880 3176 2936 Dominicis
3207 2883 3371 2938 vobis
3414 2881 3686 2938 recordor

2033 2966 2346 3022 clamantis
2380 2985 2445 3028 ;‹‹
2483 2968 2686 3023 Venite
2717 2973 2850 3039 post
2899 2985 3008 3036 me,
3042 2974 3099 3023 et
3150 2969 3360 3025 faciam
3409 2985 3512 3026 vos
3558 2969 3686 3025 fieri

2035 3056 2353 3126 piscatores
2401 3057 2710 3112 hominum
2737 3058 2799 3113 ⁵ο.
2834 3080 2854 3107 ιι
2909 3056 2952 3112 Ο
3001 3059 3300 3114 efﬁcacem
3348 3057 3590 3114 vocem!
3638 3059 3684 3114 Ο

2032 3145 2206 3200 verba
2237 3147 2412 3201 rebus
2443 3145 2584 3217 ipsis
2617 3146 3025 3218 comprobata!
3063 3147 3106 3202 Ο
3140 3163 3400 3203 veracem
3434 3147 3684 3219 promi-

2031 3232 2257 3289 sionem
2301 3235 2356 3288 in
2392 3235 2514 3290 dies
2569 3239 2803 3290 auctam
2831 3235 2844 3290 l
2876 3237 3197 3307 Cujusnam
3247 3235 3369 3292 haec
3417 3240 3537 3292 tam
3587 3251 3684 3293 co-

2031 3323 2196 3394 piosa
2227 3323 2534 3379 hominum
2566 3325 2991 3389 venatio?0uis
3013 3324 3303 3381 illustrem
3339 3325 3684 3395 huiusmodi

2029 3415 2219 3484 coegit
2267 3413 2518 3468 cmtum?
2567 3420 2773 3469 Annon
2807 3413 2996 3485 palam
3047 3419 3137 3470 est
3186 3414 3338 3469 inter
3386 3414 3682 3486 apostolos

2027 3501 2316 3557 illustrem
2353 3502 2411 3557 id
2446 3503 2783 3574 praestitisse
2803 3503 3132 3558 Andream?
3153 3504 3252 3574 qui
3275 3519 3408 3558 cum
3441 3503 3680 3576 linguai,

2028 3596 2154 3645 tum
2189 3592 2483 3646 memoria:
2529 3591 2816 3647 venabula
2863 3591 3214 3662 explicavit:
3247 3596 3313 3647 ut
3360 3591 3468 3648 hac
3512 3608 3681 3649 sacra

2026 3681 2268 3753 impleta
2301 3682 2587 3748 navicula,
2611 3682 2972 3754 apostolatus
2999 3683 3088 3738 sui
3114 3682 3530 3755 gubernaculis
3550 3699 3678 3740 sca-

2026 3770 2205 3842 pham
2240 3771 2454 3844 dirigat
2501 3772 2571 3826 ad
2623 3771 2860 3828 coelum.
2891 3772 3240 3843 Ecquaanam
3282 3771 3342 3826 in
3374 3772 3679 3829 venatione

2027 3861 2248 3930 primas
2279 3860 2538 3915 habent?
2581 3863 2858 3926 Quaenam
2905 3860 3174 3916 laborum
3226 3861 3355 3931 ejus
3404 3861 3677 3932 primitio

265 2969 366 3035 τῆς
425 2964 752 3032 δεσποτικῆς
811 2969 999 3040 φωνῆς
1080 2963 1570 3035 ὑπομιμνήσκομαι
1654 2964 1869 3037 βοώσης
1907 2981 1919 2994 ·

271 3080 300 3108 (ι
335 3059 490 3110 Δεῦτε
521 3052 695 3108 όπῖσω
753 3074 857 3125 μου
893 3099 906 3122 ,
939 3052 1028 3105 καὶ
1059 3054 1276 3121 ποιήσω
1335 3052 1473 3124 ὑμᾶς
1508 3050 1678 3112 ἁλιεῖς
1725 3051 1923 3124 ἀνθρώ-

264 3165 403 3202 πων,
436 3169 463 3194 ››
494 3146 561 3197 ’Ὠ
593 3149 777 3220 φωνῆς
810 3140 1062 3216 ἐνεργοῦς
1100 3141 1110 3195 ε
1148 3146 1213 3193 ’Ώ
1247 3139 1505 3216 ῥημάτων
1542 3138 1630 3195 διὰ
1659 3142 1918 3216 πραγμά-

261 3255 374 3288 των
430 3229 888 3307 γνωριζομένωνὲ
946 3230 1011 3282 Ὢ
1082 3237 1182 3298 τῆς
1222 3229 1494 3296 ἀληθοῦς
1572 3229 1920 3302 ὑποσχέσεως

264 3324 386 3378 καθ’
443 3323 650 3397 ἡμέραν
711 3317 1295 3393 αὗξανομένηςῘΤίνος
1325 3318 1425 3394 γὰρ
1474 3321 1509 3387 ἡ
1561 3316 1919 3392 πολυάνθρω-

264 3433 373 3472 πος
423 3409 556 3479 αὕτη
608 3408 912 3482 Θήρα;.Τίς
945 3409 972 3462 6
1027 3409 1123 3475 τὴν
1176 3414 1442 3484 περιφανῆ
1493 3407 1694 3478 ταύτην
1741 3406 1920 3482 ἀθροί-

268 3521 366 3562 σας
427 3500 746 3574 πανήγυριν,
779 3497 814 3566 ἢ
871 3493 1068 3566 δῆλον,
1101 3496 1176 3558 ὡς
1210 3496 1237 3550 6
1264 3498 1564 3573 περιφανὴς
1621 3501 1729 3551 τῶν
1790 3497 1920 3550 ἀπο-

266 3588 478 3644 στόλων
514 3583 764 3661 Ἀνδρέας
799 3605 813 3656 ;
868 3587 896 3640 6
952 3583 1209 3646 διπλώσας
1264 3591 1364 3654 τῆς
1414 3583 1670 3658 γλώττης
1698 3585 1917 3655 καὶτῆς

271 3681 505 3752 μνήνηςο
535 3678 600 3731 τά
663 3678 924 3751 θήρατραο
983 3672 1095 3742 τίνα,
1123 3674 1222 3742 τῆν
1279 3673 1424 3748 ἱερὰν
1469 3674 1669 3744 ταύτην
1701 3673 1917 3746 ἐμπλή-

264 3789 358 3830 σας
394 3763 603 3822 ὁλκάδα
631 3770 746 3825 τοῖς
807 3763 944 3833 οἴαξι
975 3770 1074 3831 τῆς
1133 3760 1442 3830 ἀποστολῆς
1472 3765 1608 3834 (33),
1650 3763 1783 3837 πρὸς
1826 3762 1916 3817 οὐ·

265 3857 425 3932 ρανὸν
460 3855 616 3929 ἷθύνῃ
648 3854 711 3908 τὸ
742 3853 942 3930 σκάφος
978 3893 990 3906 .
1029 3851 1125 3906 Καὶ
1155 3856 1286 3905 ποῖα
1315 3852 1382 3905 τὰ
1429 3858 1530 3920 τῆς
1564 3850 1731 3925 ἄγρας
1763 3872 1914 3925 πρω-

259 3951 381 4000 τεῖα
413 3965 426 4015 ;
463 3948 604 4002 Ποῖα
661 3941 719 3997 δὲ
775 3947 883 3996 τῶν
935 3941 1192 4014 καμάτων
1240 3940 1308 3994 τὰ
1362 3939 1640 4013 ἀκροθίνια
1671 3957 1684 4007 ;
1719 3941 1786 3995 Οἱ
1822 3940 1912 3994 τὸν

2024 3947 2200 4002 sunt?
2233 3947 2340 4010 Qui
2373 3949 2681 4004 sacerdotii
2714 3949 3002 4005 ambitum
3025 3949 3343 4006 virtutibus
3372 3955 3678 4012 exornant.

253 4042 359 4106 τῆς
416 4033 718 4109 ἱερωσύνης
778 4025 1074 4106 περίϐολον
1126 4036 1242 4090 ταῖς
1299 4029 1512 4102 ἀρεταῖς
1560 4025 1911 4106 περιφαιδρύ-

477 4125 577 4134 η...
669 4121 725 4134 η.
841 4124 868 4134 ..
1043 4120 1055 4134 ς
1135 4119 1149 4134 ς
1335 4115 1354 4134 κ
1439 4117 1452 4134 κ
1599 4115 1612 4134 ρ
1753 4117 1766 4134 ρ

2025 4036 2130 4100 Qui
2164 4037 2334 4108 primi
2376 4035 2713 4107 apostolicis
2745 4038 2906 4094 hisce
2947 4037 3104 4092 ulnis
3137 4038 3400 4110 impositi
3433 4045 3590 4108 sunt,
3624 4045 3684 4097 et

251 4145 436 4186 νοντες
471 4125 583 4196 (34)
618 4166 630 4178 .
665 4121 731 4178 Οἱ
757 4124 968 4196 πρῶτοι
999 4120 1093 4180 τὰς
1125 4115 1489 4178 ἀποστολικάς
1518 4115 1712 4178 ταύτας
1748 4117 1910 4193 ὑπερ-

251 4214 435 4274 θέντες
477 4210 716 4285 ἀγκάλας
751 4253 764 4279 ,
797 4209 888 4264 καὶ
917 4207 1043 4270 τοὺς
1076 4204 1176 4279 ἔξω
1207 4205 1602 4280 πλανωμένους
1635 4206 1771 4282 πρὸς
1803 4227 1909 4260 σω-

249 4301 450 4378 τηρίαν
485 4299 837 4375 ἀγρεύσαντες
874 4344 886 4356 .
921 4295 1078 4353 Ἀλλ’
1107 4297 1141 4366 ἣ
1169 4296 1257 4350 καὶ
1309 4303 1409 4364 τῆς
1458 4293 1739 4369 παρούσης
1776 4297 1911 4368 ἡμῖν

250 4389 613 4465 πανηγύρεως
652 4391 680 4443 6
712 4389 882 4464 μέγας
941 4387 1098 4448 οὗτος
1155 4382 1409 4460 Ἀνδρέας
1463 4387 1558 4446 τὰς
1617 4384 1911 4463 προφάσεις

253 4477 488 4536 δέδωκεν
525 4498 538 4512 ·
571 4477 696 4533 ἀλλ’
729 4477 759 4532 6'
788 4498 850 4553 γε
879 4482 984 4540 πᾶς
1013 4479 1121 4530 τῶν
1153 4473 1475 4530 ἀποστόλων
1529 4480 1910 4548 συνεκτιμᾶται

249 4568 448 4646 χορός.
485 4567 590 4630 Οὓς
616 4569 719 4642 γὰρ
752 4569 787 4637 ἡ
829 4565 993 4643 χάρις
1052 4568 1282 4639 συνῆψεν
1319 4609 1330 4632 ,
1364 4563 1424 4619 οὐ
1459 4563 1692 4635 διίστησι
1723 4564 1908 4626 τόπος.

252 4660 357 4717 Καὶ
388 4658 628 4734 καθάπερ
678 4655 733 4711 εἷ’
754 4678 838 4719 τις
894 4660 1001 4711 τῶν
1063 4655 1122 4709 ἐκ
1177 4653 1537 4716 πολυτελείας
1596 4651 1909 4728 διηνθισμέ-

247 4771 358 4803 νων
393 4746 561 4811 λίθων
594 4747 827 4801 ἐπαινεῖν
875 4744 1151 4816 ἐθελήσειε
1181 4741 1438 4821 στέφανον
1472 4790 1485 4813 ,
1520 4742 1647 4797 ὅτου
1693 4742 1752 4797 ἂν
1793 4750 1908 4806 τοῖς

252 4835 492 4897 ἐπαίνοις
551 4832 936 4912 περιδράξηται
1002 4833 1220 4908 μέρους,
1252 4831 1342 4885 τὸν
1374 4829 1505 4886 ὅλον
1551 4833 1908 4904 συνθαυμάζει

249 4931 368 4988 τοῖς
431 4925 636 5000 μέρεσι·
672 4927 706 4994 ἣ
765 4923 1021 4998 καθάπερ,
1081 4922 1292 4996 χρυσῆν
1353 4941 1475 4974 τινα
1529 4920 1708 4995 σειρὰν
1767 4922 1907 4996 ὁρῶν

250 5036 334 5078 τις
369 5062 383 5087 ,
418 5013 527 5084 ὅπη
564 5013 620 5068 ἂν
659 5015 854 5088 ἅψαιτο
890 5059 903 5084 ,
935 5012 998 5066 τὸ
1029 5018 1132 5066 πᾶν
1168 5011 1504 5080 συνεκίνησεν
1545 5029 1554 5040 ’
1589 5010 1731 5064 οὕτω
1764 5008 1851 5064 καῖ
1881 5011 1909 5063 6

253 5105 390 5180 πρὸς
443 5101 537 5158 ἕνα
594 5107 699 5157 τῶν
734 5101 1053 5157 ἀποστόλων
1121 5099 1284 5176 λόγος
1349 5096 1582 5172 βαδίζων
1620 5095 1689 5152 δι’
1747 5098 1911 5153 αὐτοῦ

255 5193 465 5270 συνέχει
523 5193 652 5255 τοὺς
685 5193 918 5254 ἅπαντας
951 5193 1086 5246 κατά
1117 5191 1215 5257 τὴν
1243 5193 1340 5242 τοῦ
1372 5187 1654 5252 θεσπεσίου
1688 5186 1910 5243 Παύλου

256 5284 460 5360 φωνήν
495 5306 522 5334 ‹‹
557 5281 619 5338 Ei
681 5279 866 5356 χαίρει
925 5280 978 5334 ἓν
1040 5277 1230 5351 μέλος,
1290 5270 1572 5352 συγχαίρει
1630 5275 1802 5332 πάντα
1845 5277 1912 5332 τὰ

260 5371 401 5445 μέλη
440 5415 453 5428 .
489 5396 508 5422 ιι
549 5369 716 5428 Ποίαν
747 5369 847 5445 γάρ
904 5368 962 5423 ἂν
1001 5367 1182 5441 μελῶν
1240 5365 1500 5442 ἁρμονίαν
1537 5365 1709 5428 οὕτως
1743 5369 1777 5436 ἡ
1811 5365 1910 5445 φύ-

2022 4127 2121 4196 qui
2153 4130 2314 4180 extra
2351 4131 2628 4198 vagantes
2677 4131 3056 4195 errantesque
3088 4128 3159 4182 ad
3210 4126 3461 4184 salutem
3493 4129 3684 4186 venati

2022 4219 2181 4268 sunt.
2215 4214 2394 4269 Plane
2443 4214 2614 4270 nobis
2666 4216 2968 4285 praesentis
3017 4214 3379 4271 celebritatis
3427 4233 3683 4289 magnus

2021 4301 2119 4357 ille
2151 4303 2416 4358 Andreas
2445 4301 2783 4358 occasiones
2815 4303 2977 4358 dedit
3008 4319 3020 4357 :
3056 4303 3157 4358 sed
3196 4307 3354 4359 totus
3387 4305 3680 4376 apostolo-

2022 4408 2153 4446 rum
2184 4391 2399 4447 chorus
2447 4391 2505 4446 in
2557 4396 2784 4462 partem
2828 4391 3071 4446 honoris
3120 4392 3301 4447 venit.
3333 4393 3489 4457 Quos
3519 4395 3678 4451 enim

2022 4481 2212 4552 gratia
2249 4480 2550 4552 conjunxit
2592 4497 2706 4536 non
2757 4487 2990 4553 separat
3046 4479 3231 4535 locus.
3251 4483 3330 4536 Ac
3389 4483 3675 4552 quemad-

2023 4571 2264 4626 modum
2297 4587 2345 4625 ει
2369 4571 2500 4640 quis
2521 4587 2794 4626 coronam
2830 4569 3043 4641 lapillis
3072 4570 3344 4642 pretiosis
3371 4585 3677 4643 coagmen-

2023 4663 2205 4714 tatam
2237 4658 2478 4714 laudare
2510 4659 2666 4726 velit,
2696 4673 3113 4730 quamcunque
3145 4664 3369 4728 partem
3400 4658 3678 4719 laudibus

2021 4748 2279 4815 extollat,
2312 4751 2501 4803 totum
2544 4766 2662 4803 una
2707 4763 2840 4803 cum
2889 4752 3052 4819 parte
3101 4747 3202 4803 illa
3251 4748 3495 4804 miratur
3526 4766 3540 4805 :
3575 4757 3679 4809 aut

2021 4837 2522 4909 quemadmodum
2580 4839 2627 4892 si
2678 4837 2812 4910 quis
2861 4853 3096 4892 auream
3131 4837 3337 4893 videns
3385 4845 3677 4914 catenam,

2021 4942 2370 4997 quacunque
2393 4942 2519 4981 eam
2553 4932 2720 4998 parte
2750 4931 2972 4998 tangat,
2996 4930 3177 4984 totam
3211 4931 3570 4988 commovet:
3599 4933 3684 4991 ita

2022 5031 2214 5070 sermo
2246 5015 2316 5070 de
2349 5015 2550 5084 quovis
2596 5015 2994 5086 apostolorum
3030 5005 3243 5083 factus,
3274 5031 3477 5074 omnes
3506 5019 3683 5090 plane

2021 5106 2245 5174 spectat
2293 5103 2614 5174 apostolos,
2642 5105 2811 5174 juxta
2843 5103 3024 5158 divini
3078 5103 3240 5158 Pauli
3291 5121 3490 5163 vocem
3522 5126 3589 5164 ;‹‹
3623 5111 3686 5167 Si

2021 5192 2240 5263 gaudet
2273 5207 2455 5245 unum
2492 5193 2849 5260 membrum,
2875 5193 3246 5264 congaudent
3276 5195 3475 5251 omnia
3507 5214 3686 5256 mem-

2021 5280 2210 5336 bra“.
2251 5304 2271 5329 ι
2307 5282 2493 5345 Quam
2540 5281 2694 5336 enim
2755 5281 3154 5336 membrorum
3209 5297 3552 5356 compagem
3606 5288 3692 5345 ita

2030 5373 2242 5424 natura
2273 5369 2586 5441 colligavit,
2615 5373 2680 5425 ut
2723 5369 3122 5440 apostolorum
3155 5369 3400 5428 chorum
3431 5374 3690 5447 Spiritu

257 5440 338 5523 σις
371 5459 626 5538 ἐξύφηνεν
662 5506 676 5528 ,
709 5459 782 5520 ὡς
811 5459 909 5526 τήν
936 5459 1042 5512 τῶν
1104 5454 1426 5511 ἀποστόλων
1487 5454 1710 5533 χορείαν
1739 5457 1774 5526 ἡ
1807 5459 1904 5510 τοῦ
1935 5449 1943 5502 l

2025 5458 2206 5531 gratia
2235 5440 2572 5531 capulavit?
2603 5459 2752 5515 Nam
2793 5475 2913 5514 una
2956 5458 3128 5531 plane
3158 5461 3370 5533 gratia,
3405 5440 3516 5536 est,
3554 5483 3688 5540 qua

329 5593 375 5628 ⁵ο
405 5592 610 5648 Matth.
645 5609 722 5667 iv,
756 5590 844 5646 19.
920 5586 964 5623 ⁶¹
997 5585 1020 5642 I
1051 5588 1178 5641 Cor.
1211 5599 1314 5652 xu,
1342 5583 1433 5640 26.

486 5717 624 5775 Colb
659 5759 672 5773 .
732 5707 1073 5782 ἀποστολικῇ
1133 5709 1222 5760 νῦν
1279 5698 1760 5782 περιϐεϐλημένην
1819 5729 1912 5764 σα-

338 5808 428 5858 νῃ.

262 5807 428 5868 γηνῃ.

2099 5710 2214 5855 ξ33)
2244 5709 2405 5768 Colb.
2566 5709 2938 5780 ἀποστολικῆς
2971 5710 3223 5804 χάριτος,
3255 5710 3332 5775 εἰς
3364 5711 3485 5792 οὐρ.

2124 5782 2216 5855 34)
2247 5783 2639 5852 Colbertlnus,
2670 5779 3208 5855 καταφαιδρυνοντις.

2124 5779 2216 5855 34)
2247 5779 2639 5852 Colbertinus,
2670 5779 3208 5861 καταφαιδρὶςνὸντις.
