4116 6364
447 429 603 489 1103

1611 421 1674 480 S.
1725 417 2250 479 ATHANASIUS.
2276 447 2354 462 -—
2388 415 2698 478 SPURlA.

3711 413 3876 476 1104

449 558 743 633 apostolos
791 557 860 613 ad
910 553 1184 612 militiam
1238 553 1680 624 exercitumque
1731 550 1955 607 Domini
2005 566 2102 604 co—

2227 546 2532 620 Πνεύματος
2581 546 2741 622 χάρις
2789 565 3095 633 συνηρμοσε
3127 565 3140 616 ;
3176 544 3288 602 Μία
3335 544 3436 622 γὰρ
3475 540 3647 608 ὅντως
3681 545 3873 622 χάρις,

451 648 553 720 git.

522 739 576 790 2.
608 737 726 808 Age
785 749 941 806 ergo,
993 749 1197 789 omnes
1254 749 1393 800 una,
1443 747 1508 785 ac
1561 746 1664 802 per
1712 744 1914 784 omnes
1972 728 2106 783 illos

453 823 718 896 singulos
769 822 1147 878 admiremur.
1200 821 1460 876 Andreas
1512 819 1610 890 qui
1662 835 1729 873 ex
1787 817 2106 890 apostolica

451 908 691 986 ἀνδρείᾳ,
728 912 786 966 id
819 916 908 966 est
937 912 1168 978 virtute,
1195 925 1404 965 nomen
1436 908 1680 963 sortitus
1725 912 1832 973 est,
1860 907 1959 977 qui
1996 905 2106 976 pri-

452 1019 587 1058 mus
621 1002 932 1058 Dominum
964 1000 1073 1054 sibi
1101 1000 1451 1071 magistrum
1483 996 1778 1068 ascripsit,
1802 995 2107 1067 apostolici

451 1091 613 1146 chori
645 1089 882 1144 initium
914 1105 925 1143 :
963 1091 1062 1160 qui
1111 1089 1181 1143 ad
1235 1088 1547 1142 adventum
1599 1085 1831 1141 Domini
1881 1084 2104 1156 perspi-

451 1181 728 1236 ciendum
773 1183 946 1234 acuta
999 1178 1111 1233 fuit
1165 1177 1467 1232 oculorum
1513 1175 1679 1230 acie:
1715 1174 1816 1245 qui
1863 1174 2106 1230 Joannis

450 1267 824 1340 disciplinam
853 1284 989 1322 cum
1021 1266 1234 1322 Christi
1268 1265 1535 1320 doctrina
1566 1263 1950 1318 commutavit
1979 1279 1991 1318 :
2025 1262 2104 1316 si-

451 1356 659 1430 gillum
691 1357 1001 1412 verborum
1033 1355 1328 1427 Baptistaa.
1361 1355 1499 1409 Erat
1541 1353 1696 1407 408
1739 1353 1894 1407 enim
1930 1350 2106 1406 disci-

451 1445 727 1518 pulorum
749 1444 995 1500 Joannis
1017 1443 1415 1509 clarissimus;
1443 1440 1665 1511 fulgore
1688 1440 1936 1495 lucerna:
1959 1439 2108 1494 lucis

448 1533 753 1590 veritatem
788 1532 1156 1604 perquirens,
1187 1549 1254 1587 ac
1284 1530 1440 1586 velut
1485 1530 1541 1584 in
1577 1531 1686 1585 sub
1717 1529 1984 1585 obscuris
2015 1546 2106 1584 ra-

449 1623 584 1690 diis,
617 1621 830 1677 Christi
861 1620 1276 1693 splendoribus
1327 1621 1712 1675 assuefactus.
1748 1618 1859 1673 Sed
1911 1618 2106 1674 hacte-

449 1729 564 1768 nus
591 1712 848 1766 Joannes
878 1710 1154 1765 Jordanis
1187 1710 1245 1764 in
1281 1707 1514 1763 ﬂuentis
1548 1712 1735 1774 stans,
1767 1708 2107 1762 Judzsorum

447 1816 654 1874 greges
711 1799 1126 1871 baptizaverat,
1181 1797 1487 1870 praeceptis
1546 1797 1728 1852 Mosis
1779 1797 2106 1851 remedium

2214 639 2247 705 ἡ
2282 635 2407 697 τοὺς
2442 634 2784 696 ἀποστόλους
2815 633 2895 706 τῷ
2927 632 3158 708 δεσπότῃ
3190 632 3694 711 στρατολογήσασα.

2284 733 2338 784 2.
2374 732 2539 800 Δεῦρο
2570 725 2660 781 οὖν
2695 726 2782 781 ἐπὶ
2829 725 2956 788 τοὺς
3007 727 3232 796 πάντας,
3263 726 3353 782 καὶ
3403 723 3494 781 διὰ
3530 726 3744 783 πάντων
3772 727 3868 783 τὸν

2213 817 2331 871 καθ’
2387 813 2478 870 ’ένα
2537 817 2919 888 θαυμάσωμεν.
2979 813 3234 890 Ἀνδρέας
3280 817 3307 870 6
3345 822 3446 886 τῆς
3495 814 3873 886 ἀποστολικῆς

2216 902 2459 979 ἀνδρείας
2493 904 2803 977 ἐπώνυμος,
2836 906 2862 958 ὁ
2896 909 3112 979 πρῶτος
3159 901 3483 958 διδάσκαλον
3529 905 3622 960 τὸν
3669 903 3872 960 δεσπό-

2215 1015 2314 1064 την
2345 993 2809 1069 ἐπιγραψάμενος⁶
2843 996 2877 1063 ἡ
2907 996 3006 1062 τῆς
3039 993 3410 1063 ἀποστολικῆς
3441 994 3662 1068 χορείας
3692 995 3869 1072 ἀρχή·

2217 1084 2244 1136 6
2296 1084 2432 1158 πρὸς
2479 1084 2580 1151 τήν
2639 1080 2964 1151 δεσποτικὴν
3017 1082 3310 1154 παρουσίαν
3364 1080 3679 1156 ὀξυδερκὴς,
3714 1084 3872 1154 ὁτῆς

2217 1173 2476 1228 Ἰωάννου
2522 1172 2817 1246 μαθητείας
2847 1173 2946 1242 τὴν
2999 1176 3233 1248 Χριστοῦ
3282 1170 3631 1227 διδασκαλίαν
3672 1171 3872 1228 ἀνταλ-

2219 1259 2539 1333 λαξάμενος⁹
2577 1263 2610 1329 ἡ
2663 1265 2772 1315 τῶν
2817 1265 2916 1315 τοῦ
2969 1264 3272 1316 Βαπτιστοῦ
3303 1259 3565 1337 ῥημάτων
3615 1260 3867 1339 σφραγίς.

2217 1351 2315 1403 Ἦν
2354 1349 2446 1422 μὲν
2499 1349 2603 1426 γὰρ
2649 1354 2757 1404 τῶν
2811 1348 3060 1406 Ἰωάννου
3117 1354 3374 1422 μαθητῶν
3408 1351 3436 1405 6
3469 1347 3866 1423 δοκιμώτατοςο

2219 1435 2269 1492 ἐν
2304 1437 2578 1512 λυχνιαίῳ
2630 1437 2812 1516 φέγγει
2866 1443 3040 1509 ζητῶν
3085 1442 3183 1494 τοῦ
3217 1440 3396 1516 φωτὸς
3445 1440 3544 1507 τήν
3589 1438 3870 1512 ἀλήθειαν,

2218 1525 2398 1602 ὥσπερ
2427 1549 2514 1589 τις
2544 1526 2595 1582 ἐν
2630 1524 3022 1603 ἀμυδροτέραις
3076 1527 3269 1602 αὐγαῖς
3312 1529 3448 1605 πρὸς
3496 1527 3592 1591 τὰς
3633 1533 3876 1603 Χριστοῦ

2221 1616 2582 1691 μαρμαρυγὰς
2631 1615 2964 1688 ἐθιζόμενος.
3019 1615 3180 1672 Ἀλλ’
3228 1618 3256 1672 6
3309 1618 3404 1690 μὲν
3448 1617 3706 1688 Ἰωάννης
3733 1618 3876 1680 τέως

2215 1709 2333 1766 τοῖς
2366 1702 2640 1778 Ἰορδάνου
2694 1707 2924 1778 νάμασιν
2959 1705 3196 1783 ἐφεστὼς
3238 1707 3332 1768 τὰς
3366 1703 3642 1762 Ἰουδαίων
3677 1705 3879 1784 ἀγέλας

2219 1787 2491 1863 ἐϐάπτιζε,
2541 1798 2658 1856 τοῖς
2713 1793 2956 1857 Μωσέως
3007 1794 3419 1871 προστάγμασιν
3468 1794 3880 1874 ἀντιφάρμακον

447 1889 832 1958 levamenque
867 1888 923 1940 in
957 1887 1128 1957 aquis
1169 1903 1523 1957 praeparans,
1559 1885 1783 1940 scilicet
1824 1885 2107 1956 pmniten-

2227 1881 2274 1936 ἐν
2330 1880 2486 1936 ὕδασι
2561 1885 2971 1953 κατασκευάζων
3036 1885 3320 1956 μετάνοιαν
3357 1930 3371 1955 ,
3427 1885 3518 1939 καὶ
3577 1889 3881 1941 Μωσαϊκοῦ

2227 1969 2269 1986 ,ο
2500 1973 2511 1986 .
2614 1971 2626 1986 .
2731 1973 2744 1986 ι
2844 1974 2858 1986 ,
2981 1973 2992 1986 .
3245 1979 3269 1986 -
3350 1973 3362 1986 .
3411 1973 3424 1986 .
3658 1977 3716 1986 -..
3819 1976 3833 1986 .

456 1979 624 2043 tiam,
658 1976 1017 2046 Mosaicique
1049 1974 1226 2046 gladii
1278 1974 1459 2028 aciem
1496 1974 1769 2028 fluctibus
1818 1991 2109 2029 resecans.

453 2066 678 2134 Quibus
709 2065 865 2120 enim
901 2064 1047 2135 legis
1080 2062 1471 2134 transgressio
1509 2068 1754 2118 mortem
1787 2067 2111 2134 pepererat,

453 2154 562 2210 hos
610 2157 928 2225 praereptos
985 2152 1270 2222 Baptista,
1295 2152 1639 2223 pcenitentia
1687 2151 1974 2224 premisit
2024 2154 2115 2219 (ac

451 2241 843 2316 praeparavit.)
865 2239 1009 2304 Quia
1040 2240 1194 2294 enim
1233 2239 1494 2292 nondum
1518 2239 1719 2292 aderat
1741 2238 1837 2309 qui
1864 2242 2112 2293 mortem

451 2333 778 2404 abrogaret,
806 2331 1064 2402 quadam
1109 2345 1212 2384 ceu
1268 2327 1550 2383 dilatione
1603 2345 1704 2400 per
1751 2328 2112 2398 baptismum

451 2422 712 2486 obtenta,
755 2435 916 2474 mors
980 2418 1327 2484 leniebatur,
1358 2416 1598 2471 invitam
1658 2433 1796 2488 erga
1845 2417 2115 2472 homines

451 2508 826 2565 clementiam
859 2524 963 2579 per
1005 2506 1411 2578 paenitentiam
1465 2507 1690 2561 edocta.
1723 2505 1865 2560 Cum
1917 2510 2113 2560 autem

451 2597 690 2654 advenit
721 2597 1010 2652 Dominus
1041 2598 1376 2652 ceconomize
1399 2595 1689 2666 sapientia
1709 2595 2114 2660 absconditus,

453 2686 770 2744 occultavit
818 2685 946 2757 ipse
995 2701 1224 2756 quoque
1275 2685 1491 2739 amictu
1545 2683 1776 2739 mortali
1807 2683 2114 2755 dignitatis

453 2775 854 2848 splendorem.
887 2773 1032 2828 Cum
1061 2773 1119 2828 id
1164 2773 1342 2844 probe
1387 2776 1589 2827 nosset
1634 2772 1888 2827 Joannes
1920 2787 1981 2826 se
2011 2773 2114 2826 do-

454 2871 676 2921 ctorem
711 2862 910 2920 statim
946 2862 1002 2915 in
1038 2860 1351 2916 satellitem
1375 2861 1677 2926 convertit,
1704 2865 2119 2932 contractaque

457 2969 671 3020 manu,
741 2951 1048 3024 praesentis
1113 2950 1405 3020 (Domini)
1462 2966 1649 3021 praeco
1708 2951 1895 3006 factus
1952 2954 2041 3004 est
2100 2966 2114 3005 :

457 3066 484 3093 ιι
518 3042 664 3097 Ecce
693 3044 892 3112 Agnus
925 3039 1043 3106 Dei,
1077 3041 1176 3111 qui
1224 3037 1376 3093 tollit
1409 3043 1711 3110 peccatum
1762 3038 1967 3093 mundi
1995 3039 2063 3093 ‘9.
2088 3058 2118 3086 »

456 3131 581 3199 Hic,
633 3129 739 3196 ait,
793 3133 884 3184 est
942 3129 1037 3200 qui
1101 3128 1314 3183 liberat
1370 3144 1402 3183 a
1458 3133 1665 3183 morte.
1714 3128 1818 3183 Hie
1871 3131 1961 3183 est
2016 3127 2120 3196 qui

450 3219 606 3277 tollit
663 3223 986 3291 peccatum.
1018 3218 1136 3288 Ego
1191 3232 1322 3271 vero
1370 3221 1435 3270 ut
1484 3216 1686 3287 sponsi
1739 3217 1966 3283 ductor,
2001 3233 2118 3271 non

2224 1969 2407 2047 ξίφους
2454 1973 2550 2039 τὴν
2603 1971 2784 2044 ἀκμὴν
2834 1973 3146 2028 ἀνακόπτων
3178 1979 3294 2036 τοῖς
3338 1973 3616 2050 ῥεύμασιν.
3649 1977 3742 2038 Οἷς
3773 1976 3880 2052 γὰρ

2223 2063 2256 2128 ἡ
2290 2064 2386 2113 τοῦ
2419 2059 2592 2133 νόμου
2645 2057 2947 2136 παράϐασις
2997 2064 3223 2125 θάνατον
3277 2059 3440 2136 ἔτεκε,
3472 2063 3698 2126 τούτους
3736 2084 3880 2139 προ-

2224 2147 2532 2220 εξαρπάζων
2567 2151 2594 2204 ὁ
2629 2152 2931 2219 Βαπτιστὴς
2962 2155 3029 2225 τῇ
3065 2151 3320 2225 μετανοίᾳ
3358 2151 3706 2229 προέπεμπεν
3739 2156 3881 2227 (35).

2226 2235 2444 2306 Ἐπειδή
2479 2239 2578 2314 γὰρ
2634 2242 2802 2312 μήπω
2853 2248 3030 2316 παρῆν
3083 2243 3111 2296 6
3159 2240 3444 2298 καταλύων
3492 2243 3583 2298 τὸν
3627 2242 3880 2315 θάνατον,

2222 2333 2342 2388 ταῖς
2397 2324 2485 2382 διὰ
2558 2333 2654 2383 τοῦ
2735 2331 3108 2405 βαπτίσματος
3171 2331 3512 2406 ὑπερθέσεσιν
3570 2332 3598 2386 6
3657 2334 3884 2396 θάνατος

2224 2413 2512 2490 ἐπραΰνετο
2550 2460 2563 2486 ,
2624 2419 2872 2473 ἀκουσιον
2955 2417 3366 2496 φιλανθρωπίαν
3427 2417 3516 2475 διὰ
3593 2422 3885 2494 μετανοίας

2225 2503 2695 2578 ἐκπαιδευόμενος,
2755 2510 2880 2562 Ὅτε
2938 2505 2995 2562 δὲ
3050 2515 3227 2584 παρῆν
3261 2510 3289 2562 6
3344 2505 3610 2580 δεσπότης
3641 2511 3880 2584 κρυπτό-

2229 2616 2390 2668 μενος
2438 2599 2507 2670 τῇ
2564 2603 2663 2665 τῆς
2725 2597 3047 2670 οἰκονομίας
3100 2597 3281 2676 σοφίᾳ,
3327 2599 3416 2653 καὶ
3469 2599 3722 2673 κρύπτων
3781 2607 3885 2672 τῆς

2224 2684 2372 2754 ἀξίας
2419 2687 2518 2754 τήν
2569 2686 2847 2762 ἀστραπὴν
2894 2686 2946 2741 ἐν
3005 2682 3344 2763 περιϐολαίῳ
3393 2689 3591 2761 θνητῷ,
3640 2690 3801 2766 γνοὺς
3852 2692 3884 2746 6

2227 2773 2496 2845 Ἰωάννης,
2547 2774 2701 2838 εὐθὺς
2759 2775 2850 2830 τὸν
2911 2773 3202 2846 παιδευτὴν
3264 2777 3340 2840 εἰς
3399 2774 3700 2856 δορυφόρον
3755 2801 3885 2854 μετ-

2229 2857 2409 2935 έϐαλε,
2445 2864 2531 2918 καὶ
2561 2864 2659 2932 τήν
2711 2869 2873 2940 χεῖρα
2921 2865 3204 2928 συστείλας
3253 2867 3420 2942 κῆρυξ
3467 2871 3565 2922 τοῦ
3612 2869 3884 2942 παρόντος

2227 2950 2459 3026 ἐγένετο·
2496 2978 2521 3003 ‹‹
2553 2950 2684 3024 Ἴδε,
2746 2953 2774 3007 ὀ
2833 2954 3032 3026 Ἀμνὸς
3092 2959 3189 3009 τοῦ
3229 2959 3413 3028 Θεεοῦ,
3471 2956 3500 3011 ὁ
3560 2955 3726 3032 αἴρων
3784 2958 3889 3026 τήν

2229 3041 2494 3114 ἁμαρτίαν
2543 3045 2640 3095 τοῦ
2688 3041 2919 3114 κόσμου.
2957 3067 2984 3093 ››
3018 3043 3209 3110 Οὗτος,
3264 3043 3448 3122 φησὶν,
3499 3045 3528 3099 6
3577 3050 3673 3101 τοῦ
3722 3048 3887 3101 θανά-

2228 3148 2324 3182 του
2357 3127 2555 3200 λυτήρ.
2591 3129 2762 3192 Οὗτος
2796 3131 2823 3184 ὁ
2854 3137 2954 3200 τῆς
2989 3130 3256 3207 ἁμαρτίας
3309 3132 3616 3210 ἀναιρέτης,
3653 3134 3794 3210 Ἐγὼ
3827 3133 3891 3190 δὶ

2230 3217 2612 3293 νυμφαγωγὸς,
2649 3217 2709 3273 οὐ
2741 3219 2976 3296 νυμφίος
3024 3218 3391 3295 ἀπέσταλμαι.
3444 3223 3780 3300 Δορυφόρος,
3824 3223 3890 3280 ού

453 3313 521 3364 ut
558 3324 816 3380 sponsus
876 3305 1096 3360 missus
1155 3321 1310 3360 sum.
1344 3303 1591 3359 Satelles
1653 3321 1769 3360 non
1832 3304 2113 3361 Dominus

2230 3305 2512 3376 Δεσπότης
2547 3305 2813 3378 ἐλήλυθα.

453 3413 605 3452 νοω.

526 3486 581 3540 3.
616 3485 786 3540 Hisce
813 3483 1008 3540 verbis
1038 3481 1381 3538 stimulatus
1427 3482 1825 3553 apostolorum
1861 3481 2119 3539 clarissi-

457 3591 592 3631 mus
611 3575 894 3640 Andreas,
921 3572 1200 3645 niagistro
1225 3571 1448 3638 relicto,
1466 3572 1536 3625 ad
1562 3587 1695 3627 eum
1721 3571 1819 3642 qui
1846 3573 2120 3642 praedica-

457 3664 633 3719 batur
684 3663 939 3718 accurrit
970 3677 984 3716 :
1018 3666 1368 3732 acceptoque
1420 3659 1579 3715 verbi
1613 3659 1842 3728 vexillo,
1875 3659 2120 3716 Joannis

457 3753 663 3825 lingua
692 3751 942 3806 velocior
964 3749 1220 3805 efficitur
1245 3765 1256 3803 :
1283 3748 1718 3818 Dominumque
1743 3748 1965 3816 adiens,
1991 3749 2120 3820 ipso

457 3841 662 3896 habitu
697 3840 1047 3894 desiderium
1094 3837 1346 3902 exhibet,
1373 3837 1625 3891 abducto
1677 3852 1876 3890 secum
1910 3853 2120 3892 cursus

459 3929 673 3986 comite
700 3928 926 3984 Joanne
957 3925 1320 3998 evangelista
1351 3941 1363 3978 :
1401 3927 1572 3980 ambo
1614 3926 1852 3979 lucerna
1896 3926 2118 3995 relicta,

461 4021 532 4075 ad
566 4018 749 4074 solem
797 4023 1131 4089 properant.
1165 4014 1430 4068 Andreas
1480 4014 1671 4085 prima
1717 4015 2118 4085 apostolorum

460 4107 744 4180 plantatio
777 4123 790 4161 :
826 4105 919 4160 hic
969 4102 1292 4175 disciplina:
1323 4101 1539 4156 Christi
1593 4107 1793 4174 portas
1840 4107 2072 4176 aperuit
2104 4123 2117 4160 :

462 4197 691 4269 primus
730 4195 1083 4266 prOphetioae
1130 4190 1502 4265 agriculturae
1553 4194 1774 4246 fructus
1807 4194 2120 4265 decerpsit,

463 4285 850 4355 omniumque
881 4285 1005 4355 spei
1037 4297 1423 4354 praecurrens,
1447 4279 1606 4352 prior
1631 4297 1763 4336 eum
1786 4299 1956 4351 quem
1991 4300 2117 4338 om-

461 4391 572 4429 nes
603 4373 1022 4444 exspectabant
1070 4369 1409 4441 complexus
1441 4373 1550 4424 est.
1584 4368 1816 4424 Primus
1865 4373 2124 4426 ostendit

461 4463 610 4536 legis
642 4467 932 4534 praecepta
957 4467 1114 4516 certo
1147 4457 1430 4528 temporis
1462 4457 1652 4528 spatio
1675 4458 2123 4530 circumscripta

462 4567 613 4608 esse.
647 4551 878 4606 Primus
911 4550 1091 4605 Mosis
1141 4548 1405 4619 linguam
1437 4546 1721 4614 cohibuit,
1756 4563 1859 4602 nec
1910 4565 2122 4619 passus

465 4645 555 4696 est
587 4645 651 4694 ut
679 4647 807 4712 post
837 4639 1132 4694 Christum
1165 4653 1231 4693 ea
1265 4636 1603 4727 loqueretur
1635 4651 1646 4688 :
1682 4651 1798 4690 non
1829 4637 1982 4706 quod
2018 4639 2119 4692 do-
2149 4663 2198 4727 Β

467 4735 684 4784 ctorem
733 4730 1071 4784 Judaaorum
1104 4723 1461 4781 contumelia
1508 4724 1786 4792 afﬁceret,
1811 4727 1912 4778 sed
1963 4727 2117 4797 quod

469 4818 691 4888 majore
722 4819 1047 4873 mittentem
1088 4831 1265 4886 quam
1319 4813 1566 4867 missum
1600 4812 1656 4865 in
1693 4812 1909 4868 honore
1942 4816 2114 4870 habe-

469 4912 592 4962 ret:
622 4907 740 4962 imo
771 4907 930 4978 prior
955 4906 1120 4960 visus
1149 4909 1240 4958 est
1278 4907 1471 4956 Mosen
1506 4901 1808 4966 honorare,
1835 4917 1966 4957 cum
2000 4905 2118 4974 pri-

466 5013 600 5052 mus
633 4997 789 5051 norit
827 5012 964 5050 eum
1007 5010 1180 5065 quem
1235 4990 1330 5045 ille
1377 4988 1723 5061 praedixerat
1755 5007 1766 5042 :
1795 5014 1820 5039 ‹‹
1858 4994 2117 5064 Prophe-

461 5091 612 5152 tam,
636 5109 663 5135 »
695 5084 908 5156 inquit,
935 5108 962 5133 «
990 5081 1306 5139 suscitabit
1334 5079 1496 5134 vobis
1528 5078 1812 5134 Dominus
1840 5082 1988 5136 Deus
2022 5099 2119 5137 no-

463 5181 584 5230 ster
612 5193 682 5230 ex
711 5174 993 5229 fratribus
1015 5172 1222 5227 vestris
1245 5170 1398 5223 sicut
1425 5185 1514 5222 me
1540 5184 1550 5223 :
1579 5169 1771 5238 ipsum
1796 5171 1994 5226 audite
2014 5172 2115 5226 ⁵³.»

484 5265 937 5336 Legemrecusat
967 5263 1078 5334 legi
1111 5263 1458 5330 obsequens.
1494 5258 1730 5312 Audivit
1763 5259 1994 5331 Moysen
2030 5263 2115 5315 di-

465 5360 692 5410 centem
731 5371 796 5409 ;‹‹
832 5355 1030 5426 Ipsum
1085 5352 1280 5405 audite
1313 5365 1324 5402 :
1353 5370 1380 5396 ››
1413 5348 1637 5402 audivit
1681 5348 1966 5404 Joannem
1997 5350 2116 5407 cla-

465 5448 725 5499 mantem
751 5459 800 5498 :«
836 5443 976 5497 Ecce
1004 5443 1203 5513 Agnus
1237 5438 1367 5504 Dei;
1393 5459 1420 5485 ››
1447 5442 1623 5507 atque
1651 5435 1747 5490 illo
1779 5442 2012 5495 ostenso
2041 5441 2114 5496 ad

462 5547 598 5589 eum
632 5539 841 5604 sponte
870 5531 1139 5587 accessit.
1163 5532 1305 5583 Cum
1337 5529 1713 5596 cognosceret
1751 5531 1948 5584 autem
1980 5545 2114 5602 pro-

529 5647 578 5685 "
607 5648 777 5706 Joan.
810 5667 849 5717 ι,
879 5649 971 5703 29.
1048 5647 1091 5682 ⁸³
1120 5646 1289 5702 Deut.
1319 5658 1478 5710 xvm,
1514 5642 1607 5709 15.-

534 5746 647 5820 (35)
679 5747 1065 5816 Colbertinus,
1099 5759 1467 5817 παρεπεμπεν.

2299 3486 2351 3540 3.
2383 3483 2606 3547 Τούτοις
2637 3491 2754 3547 τοῖς
2811 3485 3048 3562 ῥήμασιν
3091 3486 3119 3539 6
3148 3489 3257 3542 τῶν
3286 3487 3608 3546 ἀποστόλων
3650 3511 3886 3571 περιφα-

2227 3573 2478 3634 νέστατος
2535 3571 2782 3649 Ἀνδρέας
2841 3575 3185 3648 νυττόμενος,
3245 3576 3337 3631 τὸν
3387 3576 3683 3650 παιδευτὴν
3724 3602 3888 3638 κατα-

2230 3659 2419 3735 λείψας
2452 3663 2588 3736 πρὸς
2618 3663 2709 3718 τὸν
2760 3663 3165 3739 κηρυττόμενον
3213 3659 3434 3741 ἔδραμε·
3469 3667 3557 3723 καὶ
3593 3667 3885 3743 δεξάμενος

2227 3754 2324 3803 τοῦ
2380 3749 2550 3824 λόγου
2593 3753 2654 3804 τὸ
2698 3750 2985 3824 σύνθημα,
3016 3752 3218 3828 γίνεται
3265 3760 3366 3823 τῆς
3418 3755 3669 3812 Ἰωάννου
3698 3758 3888 3833 γλώσ-

2230 3858 2329 3906 σης
2388 3837 2659 3915 ὀξύτερος·
2704 3839 2794 3894 καὶ
2841 3845 2920 3912 τῷ
2977 3840 3217 3916 Δεσπότῃ
3275 3842 3619 3917 προσελθὼν,
3681 3844 3886 3903 ἐδείκνυ

2227 3927 2319 3982 τὸν
2348 3926 2516 3991 πόθον
2544 3929 2622 4001 τῷ
2653 3931 2924 4005 σχήματι,
2953 3932 3212 3985 κοινωνὸν
3237 3936 3336 3986 τοῦ
3368 3930 3578 4010 δρόμου
3604 3936 3699 3990 τὸν
3733 3937 3890 4012 εὐαγ-

2227 4015 2482 4092 γελιστὴν
2547 4017 2798 4087 Ἰωάννην
2861 4020 3338 4093 συναπαγόμενος’
3395 4020 3485 4076 καὶ
3546 4019 3738 4102 ἄμφω,
3793 4026 3890 4080 τὸν

2232 4103 2436 4179 λύχνον
2487 4104 2729 4184 ἀφέντες,
2763 4105 2850 4160 ἐπὶ
2897 4107 2988 4162 τὸν
3039 4105 3203 4176 ἥλιον
3255 4108 3528 4186 φέρονται.
3559 4110 3813 4188 Ἀνδρέας
3844 4115 3880 4182 ἡ

2229 4196 2423 4269 πρώτη
2478 4200 2584 4249 τῶν
2647 4194 2970 4250 ἀποστόλων
3027 4196 3253 4274 φυτεία’
3313 4198 3472 4260 οὗτος
3530 4199 3728 4274 ἀνέῳξε
3779 4208 3881 4270 τῆς

2230 4285 2464 4358 Χριστοῦ
2499 4283 2792 4355 μαθητείας
2834 4283 2929 4345 τὰς
2979 4284 3179 4347 πύλας·
3213 4289 3432 4361 πρῶτος
3480 4294 3580 4357 τῆς
3611 4310 3887 4368 προφητι-

2229 4379 2333 4440 κῆς
2364 4372 2629 4447 γεωργίας
2674 4371 2802 4434 τοὺς
2850 4373 3092 4447 καρποὺς
3144 4373 3428 4450 ἐτρύγησε,
3459 4376 3673 4441 καὶτὰς
3716 4381 3886 4435 ἁπάν-

2228 4482 2336 4514 των
2387 4459 2612 4521 ἐλπίδας
2663 4458 3045 4537 ὑπερδραμὼν,
3097 4468 3316 4538 πρῶτος
3365 4465 3457 4520 τὸν
3491 4469 3639 4543 παρὰ
3668 4468 3883 4524 πάντων

2230 4546 2688 4623 προσδοκώμενον
2745 4551 3183 4626 περιπτύσσεται.
3219 4557 3445 4628 Πρῶτος
3498 4552 3666 4628 ἔδειξε
3692 4558 3760 4613 τὰ
3786 4563 3886 4614 τοῦ

2229 4638 2402 4710 νόμου
2433 4637 2826 4714 προστάγματα
2874 4641 3180 4714 προθεσμίᾳ
3239 4642 3602 4719 μετρούμενα.
3661 4652 3887 4723 Πρῶτος

2227 4728 2326 4796 τήν
2380 4726 2621 4788 Μωσέως
2666 4726 2856 4799 ἔστησε
2901 4729 3174 4805 γλῶτταν,
3228 4731 3364 4804 μετᾶ
3411 4734 3642 4808 Χριστὸν
3677 4734 3890 4793 λαλού-

2230 4837 2326 4886 σης
2357 4815 2456 4871 οὐκ
2487 4817 2884 4892 ἀνασχόμενος,
2918 4817 3026 4894 οὐχ
3075 4814 3456 4894 ὑϐριζόμενος,
3489 4822 3598 4900 οὐχ
3647 4820 3884 4902 ὑϐρίζων

2226 4910 2331 4960 τῶν
2387 4903 2662 4962 Ἰουδαίων
2721 4907 2811 4961 τὸν
2867 4905 3184 4979 παιδευτήν·
3235 4907 3382 4965 ἀλλᾶ
3440 4918 3728 4986 προτιμῶν
3785 4920 3886 4971 τοῦ

2227 4996 2565 5072 πεμφθέντος
2617 4996 2709 5050 τὸν
2756 4997 3064 5070 πέμψαντα·
3103 4996 3317 5070 μᾶλλον
3366 4996 3424 5053 δὲ
3472 5005 3692 5077 πρῶτος
3723 4997 3880 5080 ὤφθη

2225 5084 2317 5138 τὸν
2373 5086 2570 5141 Μωσέα
2621 5089 2818 5156 τιμῶν·
2875 5090 3094 5158 πρῶτος
3153 5085 3363 5162 ἐπέγνω
3407 5089 3498 5143 τὸν
3550 5088 3640 5142 ὐπ’
3671 5088 3882 5146 ἐκείνου

2226 5172 2726 5248 προφητευόμενον·
2765 5196 2792 5225 κ
2827 5177 3121 5250 Προφήτην
3170 5175 3298 5250 ὑμῖν
3355 5177 3640 5246 ἀναστήσει
3673 5177 3883 5256 Κύριος

2230 5262 2257 5315 ὀ
2289 5262 2418 5321 Θεὸς
2449 5262 2610 5329 ἡμῶν
2671 5261 2722 5315 ἐν
2779 5266 2886 5317 τῶν
2936 5260 3184 5342 ἀδελφῶν
3238 5265 3388 5340 ὑμῶν
3439 5264 3516 5326 ὡς
3557 5263 3676 5339 ἐμὲ·
3709 5267 3886 5325 αὐτοῦ

2225 5349 2468 5404 ἀκούετε.
2499 5372 2527 5401 ››
2567 5351 2910 5423 Ηαραιτεῖται
2960 5352 3051 5407 τὸν
3100 5352 3268 5426 νόμον
3312 5351 3393 5427 τῷ
3439 5352 3597 5428 νόμῳ
3626 5357 3889 5433 πειθόμε-

2223 5458 2336 5498 νος.
2371 5437 2605 5491 Ἤκουσε
2635 5438 2874 5502 Μωσέως
2922 5438 3243 5504 λαλοῦντος·
3279 5467 3307 5494 ‹‹
3343 5441 3524 5497 Αὐτοῦ
3573 5442 3815 5506 ἀκούετε.
3852 5471 3884 5500 υ

2223 5528 2482 5582 Ἤκουσεν
2543 5524 2793 5582 Ἰωάννου
2853 5529 3113 5604 βοῶντοςο
3175 5555 3204 5583 ‹‹
3267 5527 3379 5589 Ἴδε
3435 5530 3464 5585 ὁ
3524 5531 3732 5606 Ἀμνὸς
3783 5539 3880 5591 τοῦ
