4116 6380
291 403 451 465 1105

1497 405 1764 468 SERMO
1806 406 2507 472 EXHORTATORIUS.

3561 407 3719 467 1106

290 539 452 591 Θεοῦο
495 557 523 586 ››
555 533 644 588 καὶ
673 535 864 609 γέγονε
890 535 1027 610 πρὸς
1074 536 1172 604 τήν
1220 531 1381 607 δεῖξιν
1424 534 1758 607 αὑτόμολος.
1794 536 1932 591 Ἐπι-

2060 537 2296 615 phetam
2321 537 2487 594 illum
2515 539 2817 611 prophetia
2848 538 3328 613 praenuntiatum,
3351 537 3588 593 fratrem
3622 552 3712 592 se-

290 622 456 700 γνοὺς
518 620 577 677 δὲ
626 623 718 677 τὸν
764 623 1210 700 προφητευθέντα
1258 627 1567 700 προφήτην,
1619 629 1947 699 χειραγωγεῖ

287 713 380 768 τὸν
416 709 648 790 ἀδελφὸν
699 713 836 788 πρὸς
885 714 983 782 τὴν
1019 711 1243 788 εὕρεσιν.
1279 715 1587 788 Ἀγνοοῦντι
1636 717 1714 783 τῷ
1756 713 1944 787 Πέτρῳ

287 801 381 856 τὸν
434 800 702 873 θησαυρὸν
759 798 1044 855 δείκνυσιν·
1085 825 1106 851 ιι
1142 801 1460 874 Εὑρήκαμεν
1508 801 1597 854 τὸν
1651 800 1942 857 Μεσσίαν»

290 891 348 944 ’ὸν
386 889 714 962 έποθοῦμεν.
750 890 829 946 Οὗ
877 890 975 958 τὴν
1020 889 1315 963 παρουσίαν
1367 889 1700 962 ἠλπίσαμεν,
1748 888 1944 944 τούτου

287 978 387 1047 τήν
452 978 679 1054 θεωρίαν
729 976 1078 1054 ἁρπάσωμεν.
1134 978 1456 1054 Εὑρήκαμεν
1509 980 1565 1032 ’ὸν
1609 977 1943 1055 τροφητικαὶ

292 1068 500 1144 βοῶσαι
534 1065 831 1142 σάλπιγγες
859 1068 1137 1140 ἀναμένειν
1172 1065 1437 1123 ἐκέλευον.
1471 1070 1730 1134 ’Ἡνεγκεν
1762 1068 1788 1120 6
1817 1067 1942 1142 χρό-

285 1177 378 1219 νος
414 1156 473 1211 ’ὃν
507 1157 542 1226 ἡ
591 1156 755 1232 χάρις
807 1154 1117 1230 ἐκήρυττεν,
1166 1156 1224 1210 ὃν
1272 1153 1502 1224 ἤλπισεν
1533 1157 1560 1210 6
1594 1155 1760 1218 πόθος
1810 1153 1939 1210 ἰδεῖν

286 1240 555 1318 ὅμμασιν.
611 1242 750 1320 Εὗρε
794 1245 919 1320 γὰρ,
970 1245 1169 1322 φησὶν,
1221 1243 1377 1306 οὗτος
1429 1245 1520 1299 τὸν
1569 1242 1799 1322 ἀδελφὸν
1850 1245 1939 1298 τὸν

287 1331 426 1389 ἷ¹διον
462 1333 707 1406 Σίμωνα,
740 1333 828 1388 καὶ
872 1333 1143 1410 μερίζεται
1193 1335 1329 1406 πρὸς
1380 1334 1538 1388 αὑτὸν
1568 1341 1667 1403 τῆς
1714 1335 1942 1410 θεωρίας

281 1424 378 1479 τὸν
436 1421 725 1498 θησαυρόν.
785 1423 1125 1498 Χειραγωγεῖ
1180 1423 1314 1498 πρὸς
1363 1421 1457 1476 τὸν
1519 1420 1785 1491 δεσπότην
1848 1423 1938 1477 τὸν

289 1510 512 1584 Πέτρον.
577 1517 639 1565 Ὠ
707 1508 1012 1586 παραδόξου
1071 1511 1381 1585 θαύματοςί
1446 1510 1613 1569 Οὔπω
1695 1513 1942 1584 μαθητής

286 1595 548 1675 Ἀνδρέας
620 1597 710 1652 καὶ
791 1601 1114 1673 καθηγητὴς
1203 1600 1500 1675 ἀνθρώπων
1577 1602 1887 1676 καθξσταται
1925 1644 1936 1656 .

286 1687 425 1744 Ἀπὸ
480 1692 578 1743 τοῦ
633 1684 904 1743 διδάσκειν
955 1693 1052 1743 τοῦ
1110 1690 1390 1762 μανθάνειν
1426 1691 1720 1765 ἀπήρξατο·
1764 1691 1940 1764 ἁρπά-

287 1783 365 1847 ζει
392 1784 495 1846 τῆς
528 1775 843 1847 ἀποστολῆς
871 1779 969 1848 τὴν
1004 1779 1173 1849 ἀξίαν.
1203 1777 1525 1855 Εὑρήκαμεν
1557 1779 1647 1832 τὸν
1682 1780 1934 1835 Μεσσίαν.

286 1867 352 1922 Ὢ
377 1865 551 1929 πόσας
594 1865 790 1929 νύκτας
839 1867 1073 1930 ἀΰπνους
1120 1867 1404 1930 ἀνύσαντες
1452 1870 1598 1944 παρᾶ
1644 1873 1758 1930 τοῖς
1802 1871 1937 1943 Ἰορ-
1973 1911 2019 1974 Β

290 1953 346 1974 ﬁl
517 1955 532 1974 Ι
578 1955 618 1974 In
852 1961 880 1971 η
973 1957 993 1974 ﬂ
1087 1956 1100 1974 1
1185 1959 1209 1974 Α
1251 1963 1273 1972 ν
1467 1957 1479 1974 9
1547 1959 1559 1974 Ι
1774 1959 1784 1974 Ι
1832 1958 1898 1974 Λ,

285 1953 449 2012 δάνου
509 1955 763 2032 ῥείθροις,
822 1961 912 2011 νῦν
973 1957 1030 2011 ὃν
1083 1956 1380 2031 έποθοῦμεν
1432 1957 1735 2032 εὑρήκαμεν
1774 1959 1784 2014 ί
1829 1958 1943 2015 Οὑκ

280 2047 346 2114 ἦν
387 2042 590 2121 βραδὺς
625 2047 758 2117 μετὰ
813 2047 912 2114 τήν
973 2047 1157 2115 φωνήν
1192 2049 1220 2102 6
1251 2049 1457 2122 ΙΙέτρος
1493 2066 1504 2077 '
1541 2045 1796 2120 Ἀνδρέου
1836 2048 1938 2124 γὰρ

279 2137 347 2203 ἧν
397 2131 657 2212 ἀδελφόςο
713 2135 804 2190 καὶ
852 2136 1026 2212 θερμῇ
1065 2140 1134 2210 τῇ
1185 2137 1382 2212 γνώμῃ
1427 2137 1522 2199 τὰς
1571 2136 1736 2200 ὀικοάς
1786 2137 1938 2192 ἐκπι-

279 2225 446 2286 τάσας
477 2223 759 2300 ἠπείγετο.

353 2315 406 2370 4.
439 2307 634 2368 Λαϐὼν
665 2314 754 2368 τὸν
791 2311 992 2390 Πέτρον
1024 2315 1050 2369 6
1086 2312 1341 2392 Ἀνδρέας
1370 2320 1450 2387 τῷ
1479 2315 1723 2390 Δεσπότῃ
1768 2337 1936 2391 προσ-

279 2403 396 2479 άγει
427 2403 520 2457 τὸν
559 2404 817 2476 μεριστὴν
867 2410 968 2472 τῆς
1019 2403 1251 2481 φύσεως,
1302 2406 1562 2460 κοινωνὸν
1615 2408 1714 2474 τῆς
1765 2417 1937 2478 μαθη-

275 2490 422 2554 τείας
474 2491 938 2566 ἀπεργασάμενος.
988 2497 1158 2546 Τοῦτο
1206 2497 1424 2568 πρῶτον
1459 2491 1708 2569 Ἀνδρέου
1738 2494 1930 2570 κατόρ-

279 2582 465 2654 θωμα.
521 2579 730 2651 Ηῦξησε
785 2586 893 2635 τῶν
954 2577 1273 2637 ἀποστόλων
1328 2583 1418 2637 τὸν
1478 2579 1729 2658 ἀριθμόν·
1763 2605 1930 2657 προσ-

278 2670 478 2744 ήνεγκε
511 2669 735 2742 Πέτρον,
763 2667 839 2723 ’ἶν’
869 2669 999 2747 εὕρῃ
1032 2672 1263 2748 Χριστὸς
1292 2671 1381 2726 τὸν
1412 2676 1520 2726 τῶν
1556 2675 1809 2745 μαθητῶν
1837 2695 1927 2727 κο.

279 2764 530 2837 ρυφαῖον.
586 2761 748 2814 ’Ὠστε
795 2760 969 2815 καὶέν
1006 2762 1086 2823 οἷς
1139 2761 1359 2838 ὕστερον
1416 2761 1719 2835 εὑδοκιμῶν
1755 2765 1782 2818 6
1828 2765 1927 2818 Πέ-

275 2869 404 2921 τρος
465 2847 786 2922 εὑρίσκεται,
845 2850 991 2924 παρὰ
1043 2848 1294 2926 Ἀνδρέου
1351 2858 1450 2920 τῆς
1526 2850 1930 2924 εὑδοκιμήσεως

279 2933 397 3014 ἔχει
425 2938 494 2992 τὰ
522 2939 825 3013 σπέρματα.
877 2936 1032 2996 Ἀλλ’
1062 2941 1096 3008 ἠ
1130 2945 1236 2994 τῶν
1287 2938 1516 2996 ἐπαίνων
1551 2938 1846 3017 ἰσόρροπος
1881 2941 1931 3012 ἐξ

281 3025 544 3100 ἑκατέρων
604 3026 740 3101 πρὸς
799 3025 1086 3097 ἀλλήλους
1141 3025 1413 3090 ἀντίδοσις
1464 3028 1690 3102 γίνεται.
1753 3031 1930 3087 Οἰκει-

281 3113 458 3170 οὖνται
490 3116 590 3192 γὰρ
620 3115 688 3170 τά
717 3113 984 3186 ἀλλήλων
1018 3117 1206 3192 ἀγαθὰ,
1238 3118 1325 3172 καὶ
1356 3123 1469 3179 τοῖς
1501 3117 1766 3190 ἀλλήλων
1801 3120 1932 3195 ἀγα-

275 3205 389 3266 θοῖς
446 3199 828 3279 έναϐρὺνονται
866 3249 878 3263 .
941 3201 1120 3276 ΙΙόσην
1176 3210 1302 3280 γοῦν
1361 3204 1558 3282 ἤνεγκε
1622 3213 1738 3268 τοῖς
1799 3214 1927 3262 πᾶσι

2057 643 2191 681 cum
2225 628 2464 683 adducit
2502 635 2567 683 ut
2614 629 2891 701 inquirat.
2927 627 3221 700 Ignoranti
3271 626 3436 682 Petro
3466 625 3709 682 thesau-

2057 733 2187 770 rum
2221 718 2479 772 ostendit
2504 735 2560 772 τε(
2597 717 2932 773 Invenimus
2975 716 3249 772 Messiam
3272 716 3316 750 ⁶⁴
3342 738 3367 764 ››
3400 731 3571 787 quem
3607 716 3706 770 de-

2055 805 2484 862 siderabamus.
2519 808 2699 877 Cujus
2741 808 3058 862 adventum
3107 805 3492 877 speravimus,
3525 805 3705 875 hujus

2055 901 2434 966 conspectum
2457 913 2831 967 occupemus.
2853 895 3187 950 Invenimus
3213 911 3344 948 eum
3370 909 3544 964 quem
3569 909 3704 964 pro-

2056 983 2296 1053 pheticae
2329 984 2665 1056 clangentes
2698 986 2847 1039 tubae
2884 989 3217 1056 exspectare
3241 982 3548 1052 jubebant.
3583 982 3704 1038 Tu-

2053 1072 2121 1126 lit
2176 1079 2409 1144 tempus
2470 1091 2605 1129 eum
2668 1091 2841 1145 quem
2901 1074 3090 1146 gratia
3147 1071 3500 1143 praedicavit,
3533 1087 3708 1142 quem

2056 1178 2221 1216 amor
2251 1178 2312 1217 se
2343 1162 2531 1218 oculis
2563 1164 2828 1219 visurum
2860 1161 3135 1234 speravit.
3169 1161 3312 1216 Nam
3346 1160 3585 1224 invenit,
3617 1159 3708 1214 in-

2055 1252 2201 1321 quit,
2237 1253 2471 1306 fratrem
2523 1269 2698 1307 suum
2749 1253 3069 1318 Simonem,
3104 1254 3279 1322 atque
3331 1265 3464 1304 cum
3511 1264 3577 1304 eo
3624 1249 3709 1304 di-

2051 1340 2198 1394 vidit
2228 1341 2407 1411 hujus
2440 1339 2758 1412 spectaculi
2785 1340 3156 1395 thesaurum.
3189 1337 3443 1394 Adducit
3475 1337 3710 1392 Petrum

2053 1429 2123 1483 ad
2160 1429 2496 1485 Dominum.
2529 1434 2572 1485 Ο
2604 1430 2961 1502 stupendum
3010 1426 3397 1484 miraculum!
3432 1426 3707 1482 Nondum

2052 1518 2380 1590 discipulus
2420 1524 2509 1574 est
2558 1521 2841 1589 Andreas,
2875 1523 2932 1573 et
2960 1518 3268 1574 hominum
3315 1517 3522 1572 ductor
3568 1531 3706 1570 con-

2051 1608 2337 1662 stituitur.
2375 1610 2412 1662 A
2444 1609 2703 1664 docendo
2756 1609 2982 1663 discere
3019 1606 3258 1678 incoepit
3293 1623 3305 1660 :
3341 1604 3703 1678 apostolatus

2052 1697 2396 1769 dignitatem
2444 1698 2615 1769 rapit.
2652 1698 2988 1753 Invenimus
3021 1696 3318 1752 Messiam.
3353 1695 3396 1750 Ο
3429 1698 3574 1766 quot
3611 1693 3701 1749 in-

2052 1785 2361 1840 somnibus
2391 1785 2582 1839 ductis
2613 1784 2682 1838 ad
2715 1784 2932 1840 ﬂuenta
2958 1783 3235 1840 Jordanis
3266 1781 3700 1852 noctibus,jam

2050 1889 2224 1942 quem
2293 1873 2644 1944 optabamus
2711 1872 3089 1928 invenimus!
3153 1871 3535 1944 Nequaquam
3595 1869 3704 1925 fuit

2049 1967 2258 2018 Petrus
2305 1968 2436 2034 post
2483 1979 2613 2017 eam
2665 1979 2860 2017 vocem
2909 1962 3161 2017 tardus:
3199 1961 3442 2015 Andreae
3491 1958 3707 2031 quippe

2049 2051 2229 2107 frater
2273 2057 2417 2120 erat,
2451 2067 2516 2106 ac
2568 2051 2794 2107 fervens
2844 2050 3143 2123 proposito
3192 2048 3411 2122 apertis
3463 2048 3710 2104 auribus

2049 2142 2422 2214 properabat.

2119 2322 2170 2374 4.
2207 2324 2524 2393 Assumpto
2555 2322 2812 2377 Andreas
2843 2322 3033 2388 Petro,
3057 2317 3299 2374 Domino
3329 2315 3571 2372 adducit
3602 2332 3706 2371 na-

2045 2412 2188 2464 turae
2219 2414 2274 2466 et
2306 2409 2614 2482 sanguinis
2645 2412 3000 2473 consortem,
3027 2411 3091 2461 ut
3120 2404 3442 2476 disciplinae
3476 2403 3706 2476 partici-

2045 2516 2174 2571 pem
2203 2500 2480 2555 efficeret.
2508 2499 2626 2554 Hoc
2658 2499 2916 2570 primum
2947 2496 3057 2551 fuit
3087 2494 3428 2567 praeclarum
3462 2493 3700 2549 Andreas

2042 2589 2294 2644 facinus.
2322 2590 2495 2643 Auxit
2523 2604 2836 2644 numerum
2879 2585 3326 2657 discipulorum,
3357 2581 3568 2638 obtulit
3595 2583 3697 2638 Pe-

2040 2681 2232 2745 trum,
2285 2680 2349 2731 ut
2406 2677 2688 2732 inveniret
2736 2675 3005 2732 Christus
3054 2673 3480 2745 discipulorum
3530 2687 3696 2744 cory-

2041 2765 2508 2837 phzeum.0uare
2558 2765 2657 2820 ubi
2713 2764 2990 2835 deinceps
3040 2763 3248 2818 Petrus
3307 2759 3581 2832 praeclare
3635 2777 3697 2817 se

2042 2854 2244 2926 gessit,
2267 2856 2338 2909 ab
2362 2855 2595 2910 Andrea
2621 2852 2893 2926 praeclare
2915 2855 3213 2924 gestorum
3237 2851 3465 2906 semina
3491 2854 3698 2906 nactus

2042 2947 2186 2999 erat.
2212 2945 2323 2998 Sed
2366 2949 2570 2998 mutuo
2604 2951 2659 2998 et
2690 2941 2994 3014 aequaliter
3030 2939 3372 2996 alterutrius
3402 2938 3608 2996 laudes
3638 2937 3698 2992 in

2044 3034 2291 3087 alterum
2337 3033 2688 3087 redundant.
2727 3031 2963 3102 Propria
2995 3028 3151 3084 enim
3186 3028 3419 3097 utrique
3446 3031 3585 3083 sunt
3612 3024 3699 3082 al-

2041 3119 2224 3175 terius
2257 3122 2426 3181 bona.
2461 3138 2526 3176 ac
2558 3120 2704 3176 alter
2735 3121 2888 3175 404
2922 3118 3163 3173 alterius
3195 3115 3364 3172 bonis
3395 3115 3696 3189 gloriatur.

2043 3209 2328 3272 Quantam
2360 3227 2525 3281 porro
2545 3209 2820 3263 omnibus
2839 3207 3096 3262 laetitiam
3120 3206 3322 3261 Petrus
3339 3204 3698 3271 attulit,cum

275 3293 451 3369 χαρὰν
486 3294 514 3347 6
545 3294 748 3368 [Ιέτρος
779 3295 917 3369 πρὸς
944 3294 1039 3356 τὰς
1074 3291 1391 3357 δεσποτικὰς
1427 3281 1718 3370 ἐρωτήσεις
1763 3296 1924 3366 ὀξέως

2047 3300 2364 3355 sciscitanti
2415 3297 2660 3353 Domino
2693 3297 2890 3352 statim
2927 3295 3246 3367 respondit,
3281 3293 3698 3365 silentiumque

280 3381 734 3457 ἀποκρινόμενος,
765 3383 851 3438 καὶ
886 3381 1052 3446 λύσας
1103 3385 1314 3453 σιωπήν
1369 3386 1622 3458 μαθητῶν
1673 3383 1929 3460 ἐρυθριῶ-

280 3491 375 3526 σαν
412 3489 426 3540 ;
463 3496 487 3523 ‹‹
520 3471 644 3527 Τίνα
701 3493 768 3546 με
818 3473 1068 3548 λέγουσιν
1125 3474 1175 3528 οἱ
1227 3474 1496 3550 ἄνθρωποι
1552 3475 1732 3543 sima;

279 3562 354 3622 ὡς
384 3559 542 3623 αὑτὸς
576 3559 649 3616 ὢν
680 3566 788 3617 τῶν
821 3561 1198 3638 ἐρωτηθέντων
1233 3565 1266 3633 ἡ
1299 3563 1536 3638 γλῶττα,
1567 3566 1601 3633 ἦ
1637 3564 1712 3626 ὡς
1763 3565 1927 3618 ἁπάν-

275 3671 385 3705 των
420 3649 472 3704 έν
502 3649 691 3724 ἐκείνῳ
723 3649 1064 3722 λαλούντων,
1102 3653 1267 3724 μόνος
1312 3653 1440 3724 ὑπὲρ
1491 3652 1702 3708 πάντων
1738 3653 1926 3730 ἐφθέγ-

273 3758 418 3816 γετο’
459 3763 488 3792 ‹‹
523 3739 598 3794 Σὺ
629 3741 679 3794 εἴ
708 3741 736 3796 6
769 3742 1002 3816 Χριστὸς
1036 3742 1063 3796 6
1087 3743 1208 3803 Υἱὸς
1236 3747 1333 3796 τοῦ
1365 3739 1498 3797 Θεοῦ
1527 3747 1624 3797 τοῦ
1659 3747 1879 3815 ζῶντος,
1901 3767 1925 3793 ι)

279 3833 378 3902 μιᾷ
408 3832 563 3906 φωνῇ
594 3829 684 3884 καὶ
736 3829 828 3885 τὸν
882 3829 1299 3904 οἷκονομοῢντα,
1329 3831 1419 3886 καὶ
1463 3832 1562 3900 τὴν
1615 3831 1930 3905 οῗκονομίαν

273 3917 774 3996 ἀποφθεγξάμενος.
836 3921 900 3974 Ὢ
957 3920 1274 3998 συμφωνίας
1316 3918 1626 3996 ῥημάτωνί
1690 3921 1769 3982 οἷς
1827 3922 1927 3996 γάρ

273 4003 534 4081 Ἀνδρέας
586 4006 679 4062 τὸν
726 4007 925 4083 Πέτρον
979 4007 1390 4085 έχειραγώγησε
1437 4009 1666 4084 ῥημάσι,
1713 4009 1926 4071 τούτοις

273 4095 477 4156 ἄνωθεν
522 4097 550 4150 ὁ
602 4096 788 4170 Πατὴρ
833 4096 926 4151 τὸν
980 4096 1178 4171 Πέτρον
1231 4097 1445 4172 ένηχῶν
1496 4097 1924 4174 καθυπέγραφεν.

273 4185 513 4246 Ἐκεῖνος
539 4181 742 4261 ἔλεγεν·
776 4209 803 4236 ‹‹
839 4184 1162 4260 Εὑρήκαμεν
1192 4188 1282 4242 τὸν
1312 4187 1562 4244 Μεσσίαν.
1596 4211 1622 4239 ››
1657 4189 1718 4244 Ὁ
1747 4188 1926 4262 πατὴρ

277 4267 555 4329 ὑπέϐαλλε
586 4272 781 4349 λέγων·
818 4299 845 4326 ‹‹
884 4275 958 4329 Σὺ
1007 4276 1058 4330 εἴ
1103 4276 1130 4329 6
1180 4275 1302 4337 Υἱὸς
1351 4280 1448 4330 τοῦ
1498 4281 1631 4331 Θεοῦ
1659 4281 1755 4330 τοῦ
1791 4280 1924 4344 ζῶν-

272 4381 387 4424 τος·
424 4385 451 4413 ››
485 4363 654 4436 μόνοι
688 4363 816 4439 οὑχὶ
846 4369 1012 4419 ταῦτα
1060 4365 1198 4441 πρὸς
1243 4366 1334 4419 τὸν
1366 4365 1568 4440 Πέτρον
1612 4364 1926 4442 ἐγκελευσά-

279 4470 459 4524 μενος·
495 4449 750 4526 Φθέγξαι,
786 4453 830 4506 ὦ
881 4452 1070 4522 Πέτρε,
1116 4454 1213 4515 τας
1266 4452 1519 4529 Ἀνδρέου
1573 4455 1751 4532 φωνὰς
1791 4454 1924 4530 ἐρω-

273 4539 541 4613 τώμενος·
578 4543 775 4618 φάνηθι
805 4546 902 4596 τοῦ
931 4539 1260 4598 διδασκάλου
1293 4544 1428 4619 πρὸς
1461 4543 1745 4618 ἀπόκρισιν
1796 4543 1930 4599 ἐτοι-

1768 3499 1795 3526 n
1832 3475 1928 3529 Κειῖ

2040 3388 2462 3460 discipulorum
2486 3391 2609 3442 tum
2629 3386 3102 3441 erubescentium
3128 3383 3224 3438 ille
3241 3382 3488 3438 solvit?«
3511 3382 3694 3446 Quem

2041 3493 2134 3532 me
2165 3478 2370 3531 dicunt
2418 3476 2688 3531 homines
2739 3473 3043 3530 esse?“.»
3075 3473 3225 3528 Tum
3274 3471 3443 3544 quasi
3491 3471 3696 3543 lingua

2039 3567 2164 3638 ipse
2198 3566 2404 3621 fuisset
2433 3583 2636 3620 eorum
2683 3565 2779 3635 qui
2820 3563 3354 3634 interrogabantur,
3389 3566 3491 3616 aut
3520 3561 3690 3632 quasi

2041 3672 2245 3711 omnes
2295 3655 2354 3709 in
2414 3654 2541 3726 ipso
2601 3653 2998 3724 loquerentur,
3032 3651 3193 3707 solus
3253 3668 3356 3722 pro
3414 3649 3691 3705 omnibus

2039 3742 2270 3799 locutus
2301 3747 2391 3799 est
2425 3760 2436 3797 :
2463 3765 2490 3793 ‹‹
2515 3744 2602 3797 Tu
2634 3759 2696 3797 es
2726 3741 2994 3797 Christus
3022 3739 3204 3795 Filius
3235 3739 3334 3795 Dei
3365 3737 3499 3805 vivi,
3523 3762 3543 3791 ι
3573 3754 3692 3792 una

2038 3849 2177 3888 voce
2208 3837 2264 3887 et
2313 3850 2446 3887 cum
2503 3831 2600 3903 qui
2652 3831 3052 3903 dispensabat,
3086 3833 3142 3885 et
3190 3827 3689 3901 dispensationem

2039 3921 2366 3977 declarans.
2398 3921 2442 3976 Ο
2481 3921 2792 3975 verborum
2855 3917 3210 3975 concentus!
3261 3917 3485 3982 Quibus
3533 3915 3690 3971 enim

2040 4011 2297 4066 Andreas
2323 4010 2513 4065 verbis
2545 4012 2600 4064 in
2635 4009 2980 4064 adducenda
3004 4007 3173 4064 Petro
3194 4011 3283 4062 est
3308 4005 3690 4071 usus,iisdem

2037 4100 2206 4154 Pater
2239 4099 2400 4153 Petro
2446 4096 2751 4168 inspiratis
2800 4096 3170 4168 subscripsit.
3201 4094 3354 4150 Dixit
3383 4093 3480 4150 ille
3515 4112 3562 4150 ια
3599 4094 3692 4148 In-

2037 4189 2306 4245 venimus
2352 4187 2646 4242 Messiam.
2680 4209 2700 4237 ιι
2741 4190 2912 4240 Pater
2957 4202 3025 4240 ea
3071 4201 3430 4256 exsuperans
3479 4199 3692 4255 sugge-

2037 4279 2112 4334 rit
2160 4278 2359 4332 dicens
2394 4293 2460 4331 :«
2495 4276 2579 4329 Tu
2626 4290 2688 4329 es
2731 4273 2999 4328 Christus
3057 4273 3240 4328 Filius
3292 4271 3386 4327 Dei
3436 4272 3544 4326 vivi
3569 4272 3684 4336 ",-

2037 4363 2269 4424 tantum
2305 4383 2418 4421 non
2466 4364 2666 4419 isthaec
2715 4367 2881 4418 Petro
2931 4362 3150 4432 jubens
3185 4380 3196 4416 :
3227 4361 3466 4432 loquere
3525 4361 3691 4417 Petre

2036 4457 2275 4512 Andreas
2315 4471 2506 4524 voces,
2542 4471 2674 4507 cum
2721 4451 3174 4523 interrogaberis
3205 4468 3218 4505 :
3253 4466 3468 4521 appare
3497 4449 3690 4521 magi-

2037 4549 2159 4600 stro
2190 4545 2259 4599 ad
2313 4541 2755 4614 responsionem
2789 4540 3065 4612 paratior.
3095 4537 3222 4595 Non
3270 4537 3553 4592 mentitus
3602 4540 3692 4592 est

279 4627 531 4701 μότερος.
564 4628 674 4684 Οὑκ
701 4629 960 4704 ἐψεύσατο
992 4631 1127 4706 πρὸς
1163 4632 1220 4686 ei
1252 4631 1448 4706 λέγων·
1485 4658 1511 4684 ‹‹
1545 4631 1642 4686 Τὸν
1695 4633 1924 4688 Μεσσίαν

2047 4633 2166 4702 tibi,
2213 4649 2343 4686 cum
2398 4631 2543 4685 dixit
2576 4646 2588 4685 :
2619 4652 2644 4680 ‹‹
2678 4627 3011 4684 Invenimus
3060 4626 3355 4683 Moesiam.
3387 4648 3414 4674 »
3444 4629 3527 4680 Tu
3577 4625 3686 4681 He-

276 4718 606 4792 εὑρήκαμεν.
642 4742 670 4769 »
703 4718 798 4790 Σὺ,
850 4721 949 4788 τήν
1008 4715 1268 4794 Ἑϐραίδα
1317 4722 1500 4798 φωνὴν
1562 4722 1638 4784 εἰς
1692 4719 1931 4778 Ἐλλάδα

281 4809 641 4880 μεταστήσας,
671 4803 994 4878 ἀναϐόησονο
1029 4834 1056 4861 ‹‹
1093 4810 1167 4863 Σὺ
1201 4811 1250 4863 εἴ
1281 4811 1309 4863 ὁ
1341 4811 1570 4884 Χριστὸς
1603 4811 1630 4865 6
1661 4811 1784 4872 Υἱὸς
1834 4817 1929 4865 τυῦ

278 4899 414 4951 Θεοῦ
441 4899 538 4950 τοῦ
590 4900 810 4965 ζῶντος.
844 4923 871 4948 ι)
903 4898 1062 4975 Ὁρᾷς
1113 4897 1262 4961 ὅσοις
1311 4896 1464 4959 εὐθὺς
1517 4896 1568 4952 έν
1615 4899 1930 4975 προοιμίοις

275 4987 378 5055 τῆς
414 4986 708 5059 μαθητείας
730 4989 758 5042 6
790 4985 1043 5063 Ἀνδρέας
1080 4987 1573 5064 ἐγκαλλωπίζεται.

353 5077 403 5131 5.
441 5075 557 5131 Ἀλ’
597 5074 784 5146 ἐπειδὴ
834 5077 928 5140 τὰς
977 5075 1167 5140 πόλεις
1213 5075 1638 5150 καταλιμπάνων
1673 5079 1698 5131 ὁ
1733 5080 1928 5154 Σωτὴρ

280 5165 611 5240 περιενόστει
659 5168 757 5235 τὴν
817 5166 1043 5243 ἔρημον,
1088 5170 1412 5243 συμπεριῄει
1469 5167 1614 5239 αὑτῷ
1671 5172 1776 5222 τῶν
1837 5167 1928 5222 ἀν-

281 5252 512 5328 θρώπων
561 5256 627 5308 τά
675 5255 822 5330 γένη,
879 5254 1019 5328 μηδὶ
1076 5257 1215 5332 πρὸς
1273 5257 1451 5332 βραχὺ
1500 5259 1590 5311 τὸν
1643 5257 1928 5332 χωρισμὸν

281 5342 645 5415 ὑπομένοντα.
691 5347 789 5402 ἸῙν
837 5345 889 5400 έν
941 5345 1145 5421 ἐρημίᾳ
1175 5347 1266 5400 καὶ
1310 5353 1518 5424 τροφῆς
1572 5346 1794 5423 ἀπορίᾳ,
1841 5347 1930 5400 καὶ

279 5433 318 5501 ἡ
347 5432 552 5508 γαστὴρ
587 5431 684 5488 οὑκ
741 5432 1046 5491 ἐσπένδετο.
1091 5439 1144 5487 '0
1198 5432 1255 5488 δὲ
1305 5436 1523 5510 Σωτὴρ,
1572 5443 1670 5506 τῆς
1722 5437 1932 5511 ἐρήμου

282 5515 614 5595 λαϐόμενος,
667 5524 849 5596 θαῦμα
899 5522 1131 5580 παλαιὸν
1184 5524 1537 5601 ἀνεζωπύρει·
1594 5525 1683 5581 καὶ
1736 5531 1841 5580 τῶν
1878 5524 1927 5579 έν

358 5737 407 5775 ⁸⁴
431 5741 603 5800 Joan.
635 5757 678 5814 ι,
710 5741 800 5802 41.
875 5741 919 5777 ⁸⁸
948 5741 1156 5804 Matth.
1187 5759 1303 5812 xvx,
1338 5743 1424 5801 13.
1501 5744 1545 5780 ⁵⁸
1575 5743 1724 5802 Ibid.
1761 5744 1848 5802 16.

2040 4723 2296 4778 braicam
2331 4719 2595 4792 linguam
2639 4719 2697 4774 in
2727 4719 2986 4774 Graecam
3036 4721 3286 4785 vertens,
3320 4715 3640 4772 exclamato
3670 4730 3686 4769 :

2046 4836 2068 4864 α
2103 4814 2188 4868 Tu
2221 4830 2283 4868 es
2312 4811 2581 4868 Christus
2631 4809 2812 4866 Filius
2862 4809 2962 4865 Dei
2996 4808 3183 4864 vivi.»
3213 4805 3418 4863 Viden’
3452 4805 3692 4878 quantis

2039 4903 2303 4958 Andreas
2333 4902 2443 4957 sub
2474 4902 2667 4972 ipsum
2693 4899 3016 4972 disciplina
3050 4897 3354 4954 exordium
3387 4911 3693 4953 ornamen-

2038 4991 2115 5047 tis
2146 4992 2450 5046 decoretur
2467 4989 2495 5043 ?

2108 5081 2162 5134 5.
2197 5083 2413 5134 Verum
2464 5079 2699 5150 quando
2746 5077 3024 5148 Salvator,
3065 5075 3284 5132 relictis
3331 5073 3690 5141 civitatibus,

2040 5171 2334 5224 desertum
2371 5169 2676 5229 circuibat,
2714 5168 3017 5223 hominum
3068 5166 3254 5220 turba
3303 5180 3420 5218 una
3458 5178 3592 5218 cum
3625 5175 3693 5217 so

2041 5258 2453 5330 procedebant,
2490 5275 2561 5311 ne
2594 5258 2661 5311 ad
2697 5258 2867 5311 breve
2898 5254 3134 5326 quidem
3177 5257 3415 5324 tempus
3443 5252 3573 5320 ejus
3604 5267 3696 5306 se-

2042 5348 2404 5420 parationem
2448 5347 2716 5400 ferentes.
2755 5350 3025 5400 Desertus
3067 5346 3192 5398 erat
3231 5342 3415 5406 locus,
3448 5338 3561 5393 cibi
3593 5353 3696 5410 pe-

2041 5436 2235 5500 nuria,
2267 5437 2501 5504 venterq
2516 5451 2583 5488 uo
2632 5451 2743 5487 nou
2793 5432 3170 5504 implebatur.
3206 5431 3279 5485 At
3307 5427 3574 5485 Salvator
3603 5442 3695 5481 as-

2043 5527 2280 5593 sumpto
2312 5522 2553 5591 antiquo
2586 5521 2683 5576 illo
2716 5518 2928 5575 deserti
2979 5516 3281 5586 miraculo,
3311 5515 3571 5587 idipsum
3603 5526 3698 5567 re-
