4116 6374
381 336 536 401 1107
1543 342 1607 404 S.
1655 339 2185 405 ATHANASIUS.
2206 372 2283 384 —
2315 337 2628 402 SPURIA.
3641 336 3799 401 “08

377 471 613 529 novavit
642 488 656 529 :
691 489 759 530 ac
788 487 1026 530 rursum
1072 472 1491 531 miraculorum
1535 474 1675 531 olim
1709 476 1769 531 in
1800 475 2015 530 desertc

2144 469 2338 544 έρήμῳ
2376 471 2509 525 ποτὲ
2558 467 2844 542 θαυμάτων
2899 465 3146 542 μάρτυρα
3190 465 3356 523 πάλιν
3408 465 3648 523 ἐποιεῖτο
3696 470 3796 539 τὴν

375 562 672 619 editorum
705 563 1002 619 desertum
1035 568 1246 618 testem
1278 564 1488 632 efﬁcit;
1521 566 2015 634 convivatoresqui

2140 555 2369 635 ἔρημον·
2422 559 2512 613 καὶ
2559 559 2690 619 τοὺς
2748 556 2991 630 μαθητὰς
3041 554 3353 632 ἑστιάτορας
3384 550 3795 632 προύϐάλλετο,

375 650 623 723 protulit
651 648 998 723 discipulos,
1022 655 1078 706 et
1123 651 1195 707 ad
1228 650 1360 707 illas
1406 652 1549 707 levis
1578 658 1895 724 apparatus
1926 653 2015 706 da-

2139 648 2227 703 καί
2262 648 2398 724 πρὸς
2449 643 2801 723 αὐτοσχέδιον
2856 644 3092 721 εὐωχίαν
3144 645 3212 699 τὰ
3252 644 3441 717 πλήθη
3492 648 3796 722 προτρὲπι-

374 756 480 812 pes
501 739 706 796 turbas
735 739 965 795 invitat.
989 740 1403 810 Apostolorum
1436 758 1607 814 porro
1629 748 1843 797 coetum
1876 742 2015 811 ejus

2139 758 2249 793 ται.
2299 737 2375 793 Τὸ
2416 736 2597 792 τοίνυν
2646 740 2754 790 τῶν
2809 738 3064 807 μαθητῶν
3114 732 3330 803 πλῆθος
3372 734 3510 809 πρὸς
3558 737 3658 805 τῆθ
3711 732 3795 791 ἕν-

376 827 539 885 modi
569 829 818 901 penuria
847 828 1146 899 turbabat,
1180 846 1424 901 seseque
1456 835 1663 885 mutuo
1713 828 2015 901 respicien-

2143 822 2285 881 δειαν
2316 824 2654 901 ἐταράττετο,
2686 824 2775 881 καὶ
2820 824 2956 897 πρὸς
3009 822 3295 893 ἀλλήλους
3344 824 3599 899 ὁρῶντες,
3643 827 3707 881 τὸ
3741 824 3799 882 δὲ

373 922 488 986 tes,
520 933 627 974 nec
658 916 983 989 cogitantes
1017 917 1072 972 id
1106 919 1262 988 quod
1295 919 1560 973 futurum
1589 922 1731 984 erat,
1754 918 2015 973 humani:

2146 912 2352 987 μέλλον
2412 914 2511 970 οὐκ
2567 914 2872 975 ἐννοοῦντες
2928 917 3043 974 τοῖς
3098 911 3467 988 ἀνθρωπίνοις
3499 912 3796 989 λογισμοῖς

376 1005 703 1063 ratiociniis
756 1005 1145 1061 ﬂuctuabant.
1178 1006 1347 1061 Alius
1397 1006 1823 1079 discipulorum
1873 1006 2015 1062 aliuc

2143 1003 2516 1077 ἰλυμαίνοντο.
2559 1002 2769 1064 ’Ἄλλος
2824 1003 2917 1075 μὶν
2964 1000 3054 1057 οὖν
3105 998 3247 1057 ἄλλο
3292 1023 3347 1057 τι
3375 1005 3481 1056 τῶν
3534 1007 3793 1075 μαθητῶν

373 1094 731 1167 proferebat,
767 1111 882 1166 quo
912 1102 1260 1168 praesentem
1293 1097 1600 1168 penuriam
1632 1101 1851 1151 certam
1880 1095 2015 1150 indit

2140 1091 2425 1173 ἐφθέγγετο
2452 1138 2465 1163 ,
2523 1095 2621 1163 τήν
2681 1096 2954 1168 παροῦσαν
3013 1089 3240 1165 ἀπορίαν
3303 1090 3739 1167 ἐπαγγέλλοντες
3778 1114 3791 1127 ·

372 1186 598 1239 carent.
627 1184 892 1239 Andreas
922 1198 1058 1239 vero
1103 1199 1307 1239 eorum
1340 1200 1467 1257 quaa
1500 1190 1874 1257 suppeterent
1902 1184 2015 1239 vili-

2140 1179 2395 1256 Ἀνδρέας
2429 1179 2505 1250 δὲ,
2538 1187 2643 1237 τῶν
2675 1180 3013 1256 προσόντων,
3044 1181 3145 1248 τὴν
3197 1177 3466 1235 εὐτέλειαν
3518 1180 3790 1258 ἐλέγχων,

373 1275 559 1329 tatem
590 1271 1066 1344 paucitatemque
1097 1278 1591 1341 commonstrans,
1625 1273 1891 1329 miraculi
1935 1290 2015 1330 oc-

2139 1269 2299 1336 ἔλαθε
2330 1269 2512 1334 διδοὺς
2562 1276 2644 1345 τῷ
2693 1278 2915 1345 Σωτῆρι
2945 1269 3038 1332 τὰς
3084 1271 3381 1347 προφάσεις
3426 1275 3525 1325 τοῦ
3584 1271 3790 1345 θαύμα-

374 1358 661 1429 casiones,
719 1359 964 1431 ignarus
1021 1360 1176 1431 licet,
1226 1361 1507 1417 Salvatori
1565 1363 1832 1434 praebuit.
1882 1361 2015 1425 Quid

2136 1380 2250 1422 τος·
2284 1359 2345 1414 Τί
2376 1360 2476 1437 γάρ
2522 1381 2681 1439 φησιν
2718 1379 2731 1429 ;
2764 1359 2879 1417 Οὐκ
2927 1358 3061 1413 εἰσὶν
3110 1357 3159 1413 εἲ
3191 1360 3266 1432 μὴ
3298 1359 3456 1414 πέντε
3495 1357 3670 1436 ἄρτοι,
3700 1362 3787 1415 καὶ

374 1448 532 1505 enim
560 1447 691 1505 ait?
722 1449 844 1506 Non
876 1454 1017 1504 sunt
1047 1449 1157 1505 nisi
1186 1449 1447 1523 quinque
1479 1467 1658 1523 panes
1678 1457 1735 1506 et
1765 1450 2015 1523 piscicul‘

2140 1446 2307 1523 ὀλίγα
2336 1445 2577 1524 ῗχθύδια.
2611 1445 2673 1502 Τί
2705 1445 2795 1502 οὖν
2826 1446 2853 1500 ὁ
2887 1447 3119 1522 Σωτήρ;
3153 1446 3353 1522 Φέρετέ
3386 1467 3479 1520 μοι
3512 1445 3647 1502 αὐτὰ
3663 1445 3786 1503 ὦδε.

373 1536 570 1610 pauci.
600 1537 748 1603 Quid
781 1538 962 1611 igitur
991 1537 1293 1595 Salvator?
1325 1540 1538 1595 Afi‘erte
1559 1538 1705 1595 mihi
1734 1540 1865 1613 ipsa
1894 1540 2007 1596 huc

2139 1537 2244 1594 Καὶ
2301 1538 2517 1614 γέγονεν
2555 1539 2589 1607 ἡ
2619 1544 2720 1607 τῆς
2780 1535 3019 1598 σπάνεως
3077 1532 3350 1611 ὁμολογία
3402 1539 3511 1592 τῶν
3573 1536 3789 1612 ἀγαθῶν

372 1625 596 1699 Illaque
625 1626 938 1698 paucitatis
977 1627 1241 1683 ciborum
1275 1628 1563 1685 confessio
1594 1646 1815 1699 magnae
1847 1629 2032 1685 bono-
2138 1626 2440 1702 περιουσία.

372 1731 505 1771 rum
537 1713 716 1787 copia:
746 1731 927 1771 causa
961 1716 1091 1771 fuit.

439 1804 495 1860 6.
530 1803 643 1859 Sed
675 1804 853 1860 etiam
898 1804 1025 1876 ipse
1055 1804 1340 1861 Dominus
1371 1822 1505 1861 cum
1552 1824 1720 1863 suam
1768 1806 1826 1863 in
1875 1812 2015 1863 terra

2207 1808 2261 1910 6p.
2299 1803 2477 1861 Ἀλλά
2505 1804 2605 1882 γὰρ
2639 1805 2666 1860 ὁ
2701 1804 2898 1881 Σωτὴρ
2928 1800 3036 1875 ἤδη
3086 1802 3303 1876 λοιπὸν,
3332 1804 3429 1866 τὰς
3482 1802 3532 1857 ἐν
3565 1808 3635 1881 γῇ
3669 1802 3792 1859 δια-

370 1893 990 1949 commemorationem
1024 1895 1383 1966 perfecisset,
1415 1902 1590 1967 atque
1621 1901 1711 1952 sat
1745 1896 2027 1970 temporis

372 1997 510 2037 cum
567 1981 878 2055 discipulis
933 1988 1332 2050 conversatus,
1377 1984 1435 2038 in
1484 1983 1660 2040 caelos
1711 1986 2023 2041 ferebatur.

368 2068 635 2142 Apostoli
670 2076 886 2137 autem,
921 2070 1105 2127 diviso
1145 2071 1298 2127 inter
1343 2089 1405 2127 se
1448 2078 1736 2129 terrarum
1769 2078 1926 2146 orbe,
1960 2091 2027 2130 ac

370 2173 613 2231 corpore
670 2159 952 2231 sejuncti,
1010 2159 1163 2216 alius
1221 2160 1400 2215 alium
1459 2161 1518 2216 in
1576 2160 1771 2218 locum
1828 2165 2026 2236 gratia;

372 2246 594 2302 ﬂuenta
632 2246 950 2316 derivabat.
983 2248 1131 2304 Tum
1177 2265 1310 2304 vero
1356 2250 1563 2307 beatus
1611 2251 1720 2306 iste
1765 2252 2026 2309 Andreas

371 2350 509 2391 cum
538 2336 818 2392 Graeciam
852 2335 1031 2392 simul
1079 2341 1138 2392 et
1184 2338 1567 2394 barbarorum
1600 2345 1786 2395 terras
1837 2341 2025 2414 gratia

371 2424 757 2497 implevisset,
784 2441 849 2481 ac
882 2424 1183 2481 miraculis
1215 2426 1340 2482 suis
1369 2437 1570 2499 gentes
1617 2428 1675 2483 in
1725 2434 2023 2501 stuporem

372 2529 440 2569 ac
472 2514 753 2586 pudorem
789 2514 1032 2571 eductas
1062 2519 1134 2570 ad
1184 2516 1359 2570 fidem
1390 2517 1792 2587 convertisset,
1814 2520 1885 2573 ad
1920 2535 2025 2591 pu-

371 2601 793 2674 gnacissimam
828 2603 1258 2659 incredulitatis
1288 2605 1606 2676 regionem,
1628 2606 1905 2662 Achaiam
1937 2607 2025 2663 di-

370 2707 459 2758 co,
486 2691 706 2746 missus
735 2696 844 2746 est.
871 2690 976 2747 Ubi
1012 2691 1216 2749 multis
1259 2693 1402 2748 cmlo
1448 2695 1741 2767 ascriptis,
1767 2712 1922 2751 unus
1952 2697 2024 2752 ob

371 2779 550 2835 fidem
580 2779 737 2835 cruci
767 2781 1097 2851 afﬁgendus
1139 2782 1395 2837 traditur
1420 2800 1433 2838 :
1467 2799 1535 2839 ac
1565 2786 1771 2840 mortis
1803 2787 2027 2842 ratione

370 2866 687 2925 Dominum
718 2869 1005 2937 imitatur,
1030 2875 1095 2925 ut
1122 2871 1413 2943 passionis
1435 2873 1841 2931 communione
1871 2892 2027 2930 amo-

371 2956 453 3014 ris
482 2956 908 3015 vehementiam
958 2958 1279 3015 exhiberet.
1313 2961 1465 3017 Crux
1510 2962 1707 3035 itaque
1740 2964 1798 3019 in
1832 2966 2027 3023 media

369 3046 769 3120 compingitur
813 3049 1050 3116 Graecia,
1092 3050 1476 3118 suspenditur
1520 3053 1802 3122 Andreas,
1853 3069 2024 3109 cruce

364 3135 712 3192 crucifixum
768 3138 1117 3208 praedicans,
1152 3137 1330 3193 clavis
1373 3138 1667 3196 clavorum
1718 3142 2020 3199 veritatem

364 3223 743 3293 conﬁrmans,
796 3226 1070 3296 passione
1130 3226 1465 3298 passionem
1515 3228 1857 3287 testiﬁcans.
1902 3235 2018 3288 Hoc
2050 3215 2093 3282 C

360 3318 557 3368 autem
590 3312 826 3369 invento
860 3313 1125 3370 mortalis
1165 3315 1294 3370 vitis
1339 3332 1457 3372 suae
1507 3320 1778 3390 termino,
1812 3337 2017 3377 secun-

357 3400 500 3456 dum
531 3400 1004 3458 immortalitatis
1036 3402 1294 3469 initium,
1328 3410 1574 3462 mortem
1606 3408 1829 3465 scilicet
1859 3412 2015 3466 inve-

354 3489 443 3545 nit
475 3504 489 3543 :
527 3493 704 3561 atque
750 3505 852 3561 per
885 3490 1217 3561 passionem
1268 3508 1438 3548 suam
1488 3495 1874 3553 efﬁcaciorem
1910 3499 2016 3554 do-

351 3575 554 3632 ctrina
587 3593 707 3633 sua
737 3577 1014 3634 virtutem
1048 3578 1333 3635 exhibuit.
1361 3579 1506 3637 Nam
1542 3584 1762 3655 quibus
1791 3587 2015 3643 concio-

351 3666 549 3721 nando
572 3665 870 3721 veritatem
908 3682 1022 3723 non
1057 3669 1371 3740 persuasit,
1396 3670 1504 3728 hos
1534 3673 1764 3730 occisus
1793 3676 2015 3746 pudore

353 3753 592 3810 affectos
621 3752 909 3809 convertit
942 3772 955 3811 :
999 3771 1149 3827 quos
1187 3773 1459 3815 sermone
1499 3776 1615 3816 non
1656 3762 1854 3830 traxit,
1887 3780 2016 3833 pas-

351 3842 517 3898 sione
544 3842 715 3914 quasi
738 3858 956 3915 sagena
977 3844 1148 3916 cepit.
1175 3843 1412 3903 Divisus
1441 3848 1598 3903 enim
1627 3848 1686 3905 in
1711 3850 1853 3906 caelo
1877 3857 1932 3907 et
1955 3853 2013 3907 in

351 3936 510 3987 terra
539 3930 780 4003 inspicit
810 3932 1117 3989 hominum
1147 3950 1384 4007 greges;
1411 3952 1651 4009 corpore
1684 3940 1917 4012 quidem
1952 3942 2010 3997 in

350 4023 508 4076 terra
527 4020 991 4091 positus,anima
1012 4039 1142 4078 vero
1167 4024 1378 4080 ccelum
1404 4031 1611 4082 nactus
1642 4044 1653 4083 :
1678 4030 2012 4088 curationes

350 4114 549 4165 autem
582 4125 649 4165 ac
680 4109 965 4166 miracula
1015 4111 1074 4166 in
1118 4118 1485 4169 terrenorum
1518 4114 1828 4175 hominum
1877 4136 2010 4194 gra-

348 4197 493 4281 tiam
526 4199 665 4255 edit.
694 4199 775 4254 Ex
804 4215 874 4256 ea
904 4205 1076 4273 porro
1109 4202 1472 4273 agricultura
1500 4213 1816 4276 praesentes
1840 4209 2009 4281 spicas

346 4280 717 4358 pullularunt
749 4305 763 4343 :
797 4305 867 4344 ex
911 4292 1041 4360 ejus
1071 4289 1340 4347 doctrina
1386 4293 1521 4349 ﬁdei
1551 4293 1803 4353 ﬂoruere
1834 4280 2006 4356 botri.

347 4373 580 4448 Vosque
612 4377 849 4449 pietatis
870 4378 1137 4435 doctores
1162 4380 1543 4438 occurristis:
1574 4385 1673 4456 qui
1706 4387 1870 4460 regni
1902 4404 2012 4444 cm-

343 4461 537 4521 lorum
570 4466 966 4538 negotiatores
1012 4466 1177 4535 estis,
1211 4469 1282 4524 ad
1324 4485 1458 4527 eum
1489 4473 1588 4545 qui
1619 4471 1676 4528 in
1709 4475 1871 4532 ccelis
1904 4478 2006 4533 ad-

2134 1888 2324 1971 τριϐἀς
2368 1893 2585 1963 ἀνύσας,
2617 1894 2706 1949 καὶ
2750 1894 2839 1948 τὸν
2890 1892 3128 1969 αὐτάρκη
3178 1898 3296 1955 τοῖς
3350 1894 3619 1966 μαθηταῖς
3669 1915 3791 1949 συν-

2135 1979 2417 2060 διατρίψας
2473 1981 2712 2058 χρόνον,
2769 1982 2905 2056 πρὸς
2965 1980 3223 2057 οὐρανοὺς
3282 1980 3586 2055 ἐκομίζετο·
3646 1981 3781 2039 ἀπό-

2134 2069 2323 2127 στολοι
2355 2069 2433 2140 δὲ,
2462 2073 2560 2141 τήν
2594 2070 2919 2144 οἰκουμένην
2956 2065 3330 2141 διαλαϐόντες,
3379 2070 3470 2125 καὶ
3514 2075 3631 2133 τοῖς
3683 2072 3785 2126 σώ-

2137 2181 2267 2234 μασι
2303 2161 2662 2236 μερισθέντες,
2698 2159 2867 2222 ἄλλος
2890 2159 3173 2234 ἀλλαχόσε
3196 2159 3263 2214 τὰ
3291 2166 3390 2229 τῆς
3412 2159 3640 2237 χάριτος
3665 2181 3788 2234 μετ-

2135 2248 2408 2324 οχετεύων
2454 2248 2687 2321 νάματα.
2740 2250 2996 2313 Ἐνταῦθα
3041 2249 3219 2303 τοίνυν
3248 2250 3276 2304 ὁ
3309 2250 3576 2326 μακάριος
3629 2246 3785 2313 οὗτος

2136 2335 2410 2413 Ἀνδρέας,
2443 2335 2685 2392 Ἑλλάδα
2734 2358 2793 2393 τε
2843 2335 2985 2411 ὁμοῦ
3033 2337 3121 2392 καὶ
3174 2332 3447 2414 βάρϐαρον
3497 2337 3787 2411 ἐμπλήσας

2130 2434 2231 2497 τῆς
2262 2428 2492 2503 χάριτος
2522 2425 2610 2482 καί
2660 2424 2985 2498 δυσωπῆσας
3032 2426 3167 2501 πρὸς
3197 2427 3375 2482 πίστιν
3407 2427 3473 2482 τὰ
3513 2423 3638 2498 ἔθνη
3670 2431 3789 2489 τοῖς

2134 2515 2423 2589 θαύμασιν,
2453 2515 2538 2570 ἐπὶ
2565 2516 2628 2571 τὸ
2657 2523 2758 2586 τῆς
2789 2516 3039 2578 ἀπιστίας
3073 2516 3471 2590 μαχιμώτατον
3523 2517 3657 2590 (36),
3687 2517 3788 2586 τήν

2136 2602 2365 2681 Ἀχαίαν
2401 2603 2565 2679 λέγω,
2618 2604 2993 2661 ἐπεστέλλετο.
3023 2606 3189 2669 Ἔνθα
3236 2601 3303 2674 δὴ
3332 2603 3581 2668 πολλοὺς
3621 2606 3782 2681 οὐρα-

2131 2695 2210 2767 νῷ
2240 2694 2613 2771 προσγράψας,
2646 2695 2719 2757 είς
2771 2692 2860 2749 διὰ
2900 2701 3002 2765 τῆς
3049 2693 3307 2763 πίστεως,
3350 2698 3564 2766 σταυρῷ
3610 2715 3783 2771 παρα-

2135 2780 2365 2839 δίδοται·
2416 2784 2504 2837 καὶ
2554 2783 2742 2860 τρόπῳ
2780 2790 2880 2853 τῆς
2928 2782 3186 2852 τελευτῆς
3236 2784 3326 2837 τὸν
3380 2780 3655 2853 Δεσπότην
3692 2806 3782 2857 μι-

2136 2872 2431 2946 μούμενος,
2457 2870 2547 2927 ’ίνα
2576 2877 2644 2947 τῇ
2676 2872 2931 2944 κοινωνίᾳ
2956 2876 3054 2927 τοῦ
3070 2874 3275 2937 πάθους
3308 2870 3452 2946 δείξῃ
3480 2877 3582 2928 τοῦ
3613 2873 3783 2929 πόθου

2130 2962 2193 3016 τὸ
2230 2960 2473 3036 μέγεθος.
2508 2963 2746 3037 Σταυρὸς
2800 2960 2889 3016 οὖν
2922 2961 3007 3017 ἐπὶ
3060 2962 3197 3038 μέσῃ
3247 2960 3514 3025 Ἑλλάδος
3549 2961 3780 3039 ἐπήγνυ-

2131 3072 2215 3123 το,
2247 3050 2338 3106 καὶ
2393 3050 2649 3128 Ἀνδρέας
2702 3052 2987 3127 ἐκρεμᾶτο,
3039 3057 3253 3125 σταυρῷ
3281 3052 3371 3107 τὸν
3406 3050 3784 3128 σταυρωθέντα

2133 3139 2440 3216 κηρύσσων,
2473 3140 2562 3195 καὶ
2610 3146 2729 3203 τοῖς
2777 3138 2941 3210 ἥλοις
2988 3142 3115 3204 τοὺς
3169 3140 3344 3210 ἥλους
3393 3141 3780 3214 πιστούμενος,

2128 3232 2218 3286 καὶ
2272 3236 2349 3304 τῷ
2405 3231 2562 3295 πάθει
2619 3233 2681 3288 τὸ
2737 3233 2905 3295 παθος
2966 3232 3427 3307 μαρτυρούμενος.
3490 3232 3661 3308 Πέρας
3723 3230 3784 3288 δὲ

2126 3324 2289 3376 τοῦτο
2341 3327 2440 3392 τῆς
2492 3323 2693 3393 θνητῆς
2744 3326 2890 3392 ζωῆς
2949 3320 3267 3396 εὐράμενος,
3301 3318 3549 3397 δευτέραν
3598 3321 3781 3399 ἀρχὴν

2126 3408 2414 3471 ἀθανασίας
2486 3410 2578 3465 τὸν
2652 3411 2879 3465 θάνατον
2954 3408 3146 3485 εὕρατο
3180 3455 3194 3482 ,
3256 3408 3627 3487 ἆνεργεστέραν
3683 3412 3783 3479 τῆς

2128 3494 2479 3559 διδασκαλίας
2516 3494 2605 3554 διὰ
2631 3501 2729 3552 τοῦ
2773 3498 2979 3561 πάθους
3030 3498 3127 3567 τὴν
3180 3495 3404 3569 δύναμιν
3439 3493 3780 3571 ἐνδεικνύμε-

2123 3609 2214 3651 νος
2245 3633 2257 3646 .
2292 3588 2399 3651 Οὓς
2431 3590 2534 3665 γὰρ
2581 3588 2680 3643 οὐκ
2732 3585 2910 3644 ἔπεισε
2954 3585 3293 3665 δημηγορῶν
3335 3630 3351 3656 ,
3374 3587 3602 3651 τούτους
3632 3589 3778 3643 ἀναι-

2247 3677 2260 3695 \
2355 3674 2379 3694 Ν
2475 3679 2485 3697 1
2678 3698 2690 3709 .
2815 3678 2828 3697 \
2914 3676 2934 3693 η
3142 3682 3167 3692 ιν
3297 3676 3309 3695 ’

2125 3679 2293 3754 ρεθεις
2324 3677 2670 3749 ἐουσωπησεν
2741 3699 2829 3733 και
2881 3699 2972 3740 ους
3024 3676 3209 3734 λαλων
3256 3697 3362 3753 ουχ
3414 3675 3779 3748 εἷ’λκυσε,πα-

2124 3767 2231 3821 θὼν
2283 3767 2625 3843 ὲσαγήνευσε.
2678 3768 2965 3844 Μερισθεὶς
3010 3768 3109 3844 γὰρ
3163 3765 3376 3840 οὐρανῷ
3423 3766 3513 3821 καὶ
3551 3768 3780 3845 713,693-

2125 3877 2254 3928 ματι
2289 3856 2382 3929 μὲν
2416 3854 2563 3932 ἔχων
2590 3858 2689 3926 τήν
2721 3863 2847 3934 γῆν,
3068 3853 3125 3910 δὲ
3153 3856 3244 3909 τὸν
3297 3855 3523 3932 οὐρανὸν
3560 3854 3777 3930 κληρω-

2122 3946 2254 4014 θεῖς,
2316 3944 2599 4000 ἐποπτεύει
2652 3947 2747 4007 τὰς
2796 3949 2904 4000 τῶν
2965 3945 3264 4020 ἀνθρώπων
3318 3944 3541 4021 ἀγέλας,
3587 3946 3776 4019 ἰάμασι

2118 4034 2207 4087 καὶ
2238 4034 2473 4108 θαύμασι
2502 4034 2629 4097 τοὺς
2680 4034 2766 4091 ἐπὶ
2816 4037 2915 4110 γῆς
2967 4031 3332 4107 δεξιούμενος.
3387 4035 3629 4104 Ἐκείνης
3677 4037 3776 4102 τῆς

2117 4123 2387 4200 γεωργίας
2420 4125 2470 4179 οἱ
2515 4124 2779 4200 παρόντες
2833 4118 3242 4194 ἀνεϐλάστησαν
3292 4123 3543 4200 στάχυες·
3579 4122 3639 4178 ἐκ
3676 4130 3776 4193 τῆς

2120 4211 2326 4267 ἐκείνου
2358 4209 2709 4274 διδασκαλίας
2740 4214 2792 4267 οἱ
2820 4219 2919 4283 τῆς
2968 4211 3201 4275 πίστεως
3249 4210 3489 4284 ἤνθησαν
3526 4210 3771 4289 βότρυες.

2120 4302 2217 4355 Καὶ
2260 4301 2415 4376 ὑμεῖς
2466 4302 2517 4356 οἱ
2563 4307 2663 4371 τῆς
2714 4296 2984 4363 εὐσεϐείας
3036 4298 3354 4356 διδάσκαλοι
3403 4301 3774 4373 ἀπηντήκατε,

2119 4390 2172 4445 οἱ
2200 4396 2300 4459 τῆς
2330 4395 2437 4445 τῶν
2472 4388 2714 4465 οὐρανῶν
2770 4388 3048 4467 βασιλείας
3100 4386 3332 4464 ἔμποροι
3382 4390 3519 4466 πρὸς
3558 4390 3650 4445 τὸν
3685 4390 3775 4445 οὐ-

2121 4483 2265 4554 ρανῷ
2294 4478 2705 4551 θαυμαζόμενον
2759 4477 3183 4550 συνεληλύθατε.
3239 4480 3475 4555 Χριστοῦ
3522 4479 3623 4558 γάρ
3665 4479 3776 4541 ἱστι

344 4552 642 4610 mirationi
674 4562 765 4610 est
811 4556 1188 4615 convenistis.
1215 4556 1428 4615 Christi
1464 4577 1721 4634 namque
1768 4570 1860 4619 est
1907 4566 2009 4622 illa

2129 4564 2207 4621 διὰ
2252 4571 2346 4621 τοῦ
2393 4567 2659 4643 μακαρίου
2716 4565 2938 4623 Παύλου
2987 4570 3162 4646 φωνή·
3198 4592 3225 4620 ‹‹
3272 4569 3336 4623 Εἰ
3386 4568 3773 4643 ὐπομένωμεν,

343 4642 497 4699 beati
529 4642 694 4698 Pauli
727 4659 835 4699 vox
871 4661 884 4700 :
913 4667 934 4694 ι
971 4644 1031 4701 Si
1076 4646 1502 4720 sustineamus,
1531 4656 1589 4706 et
1617 4654 2002 4724 conregnabi-

344 4730 600 4787 mus‘7.»
628 4730 747 4803 Ipsi
776 4731 965 4805 gloria
993 4734 1051 4791 in
1085 4734 1300 4792 saecula
1328 4737 1697 4796 saeculorum.
1728 4743 1934 4797 Amen.

413 4837 458 4873 ιτ
489 4837 541 4894 11
569 4837 721 4895 Tim.
754 4855 817 4909 ιι,
852 4840 938 4896 12.

413 4934 527 5006 (36)
553 4934 648 4991 Sic
678 4935 1071 4994 Golbertinus.
1104 4938 1270 4995 Alius
1300 4955 1456 5009 vero,
1489 4939 1907 5014 χαμηλότατον.

341 5042 3329 5076 ________________________________________________________

2114 4653 2203 4710 καί
2236 4651 2763 4731 συμϐασιλεύσομεν.
2803 4682 2831 4709 ››
2861 4655 3020 4731 Αὐτῷ
3049 4660 3083 4728 ἡ
3119 4654 3246 4729 δόξα
3292 4657 3370 4721 είς
3418 4656 3545 4722 τοὺς
3574 4658 3771 4721 αἰῶνας

2116 4745 2221 4799 τῶν
2256 4743 2492 4803 αἰώνων.
2527 4746 2722 4819 ’Δμήν.

3338 5058 3758 5073 .—__——-——

1326 5122 1729 5182 ADMONITIO
1770 5128 1841 5183 IN
1879 5129 2281 5193 SERMONEM
2319 5132 2774 5198 SEQUENTEM.

339 5213 508 5275 Hunc
538 5232 872 5307 sermonem
888 5233 1118 5307 Lemma;
1148 5218 1398 5307 polbert.
1430 5225 1594 5307 5194,
1626 5242 1682 5297 p.
1714 5228 1841 5295 502,
1876 5232 2361 5307 transcripsimus
2394 5250 2407 5288 :
2441 5237 2648 5307 estque
2671 5231 2945 5307 imperiti
2968 5236 3026 5287 et
3056 5232 3407 5307 inelegantis
3438 5230 3775 5303 scriptoris-

806 5289 1117 5346 Atbanasii
1144 5295 1343 5349 tamen
1373 5289 1604 5366 praefert
1626 5289 1848 5356 nomen
1880 5302 1940 5357 in
1969 5289 2323 5375 Colbertino,
2357 5312 2415 5360 et
2450 5304 2511 5360 in
2540 5289 3052 5375 Angliciquodam
3084 5289 3307 5365 codi‘ée.

457 5483 610 5542 405
652 5485 873 5543 SERMO
914 5484 1151 5544 SANCTI
1193 5488 1552 5549 ATHANASII
1589 5493 1901 5553 EPISCOPI

946 5556 1411 5618 ALEXANDRIAJ.

424 5643 476 5696 1.
505 5642 637 5701 Tria
668 5645 928 5718 postulat
956 5647 1111 5706 Deus
1130 5666 1165 5707 a
1183 5649 1533 5724 Christiano,
1560 5656 1776 5711 rectam
1800 5654 1997 5725 fidem,

2186 5500 2414 5557 ΛΟΓΟΣ
2455 5499 2584 5555 ΤΟΥ
2624 5498 2816 5555 ΑΓΙΟΥ
2862 5502 3263 5559 ΑΘΑΝΑΣΙΟΥ
3311 5500 3720 5560 ΕΠΙΣΚΟΠΟΓ

2670 5571 3235 5628 ΑΛΕΞΑΝΔΡΕΙΑΣ.

2182 5659 2232 5713 1.
2266 5657 2401 5735 Τρία
2444 5658 2659 5714 ἀπαιτεῖ
2704 5659 2732 5712 ὁ
2763 5658 2891 5720 Θεὸς
2939 5661 3087 5736 παρὰ
3129 5664 3227 5716 τοῦ
3278 5658 3634 5739 Χριπιανοῦ,
3681 5656 3780 5713 πί·-
