4116 6386
336 369 494 434 “09

1546 371 1812 432 SERMO
1859 371 2550 455 EXHORTATORIUS.

3605 381 3765 442 “l0

337 524 452 558 στιν
513 502 700 578 ὀρθὴν,
728 501 817 556 καὶ
877 501 1137 573 ἀλήθειαν
1201 503 1306 557 ἀπὸ
1355 501 1630 578 γλώσσης,
1663 503 1753 558 καὶ
1787 503 1984 577 ἁγνείαι

2115 507 2487 563 veracitatem
2514 507 2748 579 linguae,
2780 512 2836 564 et
2867 510 3195 566 castitatem
3244 513 3524 584 corporis.
3579 513 3760 569 Caete-

342 593 452 647 ἀπὸ
484 591 760 664 σώματος.
796 589 894 645 Καὶ
924 591 990 645 τὰ
1040 589 1184 646 ἄλλα
1233 592 1438 663 ὁμοίως
1483 591 1736 669 φύλαττε.
1772 596 1993 666 ’Πρῶτον

346 681 442 754 μὲν
483 676 757 752 μηδέποτε
795 700 915 733 τινα
948 677 1359 754 καταλαλνςσῃς,
1397 678 1536 752 μηδὲ
1576 702 1720 742 τινος
1767 681 1997 754 ἀκούσῃς

341 765 806 830 καταλαλοῦντος.
861 768 1017 823 Ἀλλ’
1069 767 1191 822 ὅταν
1256 769 1491 843 ἀκούσῃς
1551 771 1695 831 τινὸς
1756 769 1994 825 καταλα-

341 857 588 931 λοῦντος,
622 857 759 935 φύγε
807 858 895 913 καὶ
946 859 1308 933 ἀναχώρησον
1370 858 1593 931 ἑκεῖΟεν,
1628 860 1716 912 καὶ
1777 861 1996 914 κάθισον

340 949 417 1010 είς
446 950 538 1004 τὸν
570 948 716 1002 οἶκόν
751 971 869 1018 σου,
897 946 984 1002 ’ἕνα
1019 951 1094 1021 μὴ
1130 950 1366 1024 ἀκούσῃς
1402 951 1582 1018 αὐτὸν,
1617 951 1703 1004 καὶ
1757 950 1994 1005 κλαῦσον

336 1039 432 1100 τὰς
475 1037 740 1112 ἁμαρτίας
790 1059 906 1107 σου,
934 1036 1027 1092 ’ίνα
1085 1040 1158 1110 μὴ
1207 1040 1296 1092 καὶ
1345 1040 1406 1092 σὺ
1457 1041 1613 1114 γὲνῃς
1667 1038 1862 1112 ὅμοιος
1899 1044 1994 1094 τοῦ

333 1126 799 1197 καταλαλοῦντος,
832 1127 922 1181 καὶ
965 1126 1197 1200 ἀπέλθῃς
1245 1127 1317 1189 εἷς
1365 1128 1588 1183 κόΛάσιν
1643 1128 1887 1200 αἶώνιον,
1921 1127 1994 1190 εἴς

331 1215 631 1292 δράκοντας
701 1215 983 1291 πυρίνους,
1030 1217 1332 1291 τρώγοντες
1399 1239 1494 1272 σου
1551 1219 1650 1286 τὴν
1717 1217 1988 1292 γλῶσσαν.

334 1306 472 1364 Εἶπε
501 1306 600 1381 γὰρ
635 1307 662 1359 ὁ
696 1306 823 1366 Θεὸς
870 1303 958 1359 διὰ
1004 1310 1101 1359 τοῦ
1151 1309 1463 1383 Προφήτου,
1499 1307 1579 1361 ὅτι
1616 1332 1641 1358 (ι
1675 1308 1778 1363 Τὸν
1825 1327 1991 1360 κατα-

335 1392 609 1450 λαλοῦντα
631 1393 808 1470 λάθρα
833 1399 938 1447 τῶν
966 1393 1200 1464 πλησίον
1231 1395 1618 1464 αύτοᾷτοῦτον
1646 1394 1986 1466 ἐξεδίωκον’»

337 1484 409 1538 Τὸ
465 1484 586 1557 γὰρ,
637 1508 664 1534 ‹‹
729 1482 921 1556 λάθρα,
979 1509 1006 1534 ››
1063 1490 1224 1538 τοῦτο
1282 1484 1506 1562 κρύφιόν
1569 1485 1701 1556 ἐστι,
1762 1486 1850 1540 καὶ
1912 1486 1986 1557 μή

339 1573 603 1647 παρόντος
631 1576 727 1626 τοῦ
768 1573 1074 1646 ἀνθρώπου.
1107 1573 1166 1626 Τί
1205 1570 1261 1626 δέ
1304 1573 1414 1628 ἐστι
1446 1573 1790 1642 καταλαλιά;
1822 1577 1986 1648 Ὃπερ

330 1659 393 1714 οὐ
455 1657 673 1714 δύνασαι
728 1661 897 1715 εἰπεῖν
954 1659 1256 1736 ἔμπροσθεν
1327 1661 1511 1732 αὐτοῦ,
1576 1662 1720 1718 ἀλλὰ
1772 1659 1989 1717 ὄπισθεν

327 1749 492 1804 αὐτοῦ
525 1748 738 1823 λαλεῖν,
772 1748 1041 1824 λοιδορῶν
1075 1751 1256 1818 αὐτὸν,
1290 1750 1596 1807 καταλαλιαί
1633 1751 1772 1806 ἐστιν
1825 1752 1982 1822 αὐτή.

333 1837 527 1906 Βλέπε,
562 1837 799 1916 φύλαττε
848 1841 948 1908 τὴν
998 1838 1248 1914 γλῶσσάν
1311 1861 1406 1894 σου
1465 1841 1569 1894 ἀπὸ
1627 1839 1984 1909 καταλαλιᾶς,
2017 1875 2064 1938 Β

1969 1929 1983 1946 \

326 1927 415 1982 καὶ
467 1928 573 1981 ἀπὸ
621 1933 813 1998 κακοῦ,
863 1927 952 1982 καῖ
993 1931 1189 1990 παντὸς
1240 1929 1426 2005 ὅρκου,
1473 1929 1560 1984 καὶ
1609 1927 1857 2003 ψεύδους·
1897 1929 1986 1983 καὶ

333 2013 609 2089 μηδέποτε
666 2016 953 2091 τολμήσῃς
1017 2018 1212 2090 ὀμόσαι
1268 2019 1359 2073 τὸν
1417 2019 1542 2074 Θεὸν
1591 2019 1624 2087 ἢ
1676 2016 1916 2087 δικαίως,
1950 2021 1984 2088 ἢ

323 2102 549 2167 ἀδίκως.
600 2107 658 2158 Ὀ
705 2105 804 2182 γὰρ
873 2107 1090 2178 ὀμνύων
1148 2107 1238 2161 τὸν
1300 2109 1429 2161 Θεὸν
1488 2107 1574 2161 καὶ
1636 2102 1983 2183 παραϐαίνων

325 2194 416 2249 τὸν
476 2195 640 2270 λόγον
701 2199 796 2248 τοῦ
845 2194 1044 2268 Κυρίου
1095 2201 1189 2249 τοῦ
1241 2191 1512 2258 εἰπόντος’
1547 2220 1573 2248 ‹‹
1605 2198 1692 2265 Μὴ
1762 2195 1983 2269 ὀμόσεις

330 2281 496 2350 ὅλως,
531 2286 672 2356 μήτε
703 2283 754 2337 ἐν
786 2289 865 2356 τῷ
897 2282 1108 2359 οὔροινῷ
1143 2288 1281 2357 μήτε
1313 2285 1365 2339 ἐν
1398 2290 1465 2359 τῇ
1515 2290 1605 2359 γῇι
1643 2311 1670 2337 ››
1700 2285 1782 2339 ὅτι
1834 2287 1984 2340 οὗτοι

325 2373 380 2426 οἱ
427 2371 723 2445 ὀμνύοντες
783 2373 856 2434 εἷς
911 2372 1134 2428 κόλασιν
1189 2374 1408 2428 αἰώνιον
1467 2375 1802 2449 ἀπέρχονται
1853 2374 1986 2446 μετά

328 2465 426 2514 τοῦ
456 2463 661 2536 πατρὸς
693 2461 865 2517 αὐτῶν
899 2467 995 2517 τοῦ
1051 2470 1282 2520 Σατανᾶ.
1317 2463 1495 2518 Ἀλλὰ
1543 2462 1789 2538 βλέπετε,
1823 2461 1983 2518 ἀδελ-

324 2549 417 2626 φοί
451 2571 580 2622 μου,
617 2549 884 2628 φυλάξατε
923 2553 1020 2619 τὴν
1070 2551 1321 2627 γλῶσσαν
1370 2553 1474 2606 ἀπὸ
1525 2551 1712 2626 ὅρκου,
1749 2553 1850 2606 ἀπὸ
1897 2554 1983 2628 γὲ-

325 2637 528 2710 λωτος,
591 2641 696 2694 ἀπὸ
757 2638 1026 2717 φλυαρίας
1091 2641 1341 2714 ματαίας,
1402 2641 1508 2696 ἀπὸ
1567 2640 1792 2716 ἀκαίρου
1841 2643 1982 2714 πρά-

332 2749 563 2801 γματος,
596 2729 684 2784 καὶ
739 2729 845 2784 ἀπὸ
902 2731 1098 2791 παντὸς
1157 2728 1409 2804 ψεύδους’
1444 2733 1532 2784 καὶ
1593 2729 1786 2784 λοιπὸν
1848 2727 1984 2784 ἔστω

337 2818 462 2890 ὑμῖν
518 2818 581 2872 τὸ
639 2819 748 2887 ναὶ,
781 2819 869 2873 καὶ
917 2820 978 2873 τὸ
1030 2818 1111 2887 οὔ,
1147 2818 1229 2873 οὗ·
1261 2821 1322 2874 τὸ
1382 2819 1438 2874 δὲ
1493 2820 1746 2894 περισσὸν
1796 2818 1982 2873 λαλεῖν

334 2907 423 2961 καὶ
484 2906 706 2980 ὀμνύειν
764 2906 862 2963 τοῦ
919 2914 1164 2984 πονηροῦ
1223 2909 1385 2966 ἰστιν.
1425 2909 1546 2966 Ἐὰν
1595 2907 1650 2963 δὲ
1691 2909 1828 2964 κατά
1885 2913 1984 2963 σοῦ

331 2995 540 3071 γένοιτο
591 2999 738 3072 παρά
784 3018 932 3059 τινος
986 2996 1208 3068 ὀμόσαι,
1242 2998 1382 3052 εἶπεο
1419 3019 1438 3047 ι
1480 2999 1765 3067 Ἀλήθειαν
1813 2995 1982 3072 λέγω,

333 3085 418 3139 καὶ
453 3085 515 3140 οὐ
540 3083 833 3158 ψεύδομαι,
871 3111 891 3137 ι
927 3086 1016 3140 καὶ
1050 3084 1178 3164 ἄφες
1211 3085 1397 3144 αὐτόν.
1439 3087 1589 3143 Μετά
1628 3084 1834 3162 ἀνδρῶν
1893 3085 1982 3140 καὶ

333 3178 604 3247 γυναικῶν
647 3173 904 3251 φλυαρῶν
959 3175 1034 3246 μὴ
1088 3174 1434 3249 συγκαθίσῃς,
1467 3174 1617 3236 ὅπως
1670 3176 1984 3249 ὑπαντήσῃς

2111 613 2289 667 raque
2339 597 2615 652 similiter
2663 599 2922 654 observa.
2995 599 3185 655 Primo
3238 602 3457 657 nemini
3491 618 3754 673 unquam

2109 685 2413 749 obtrectes,
2450 702 2553 739 nec
2587 687 3010 743 obtrectantem
3043 690 3269 744 audias.
3296 692 3401 746 Sed
3439 691 3488 746 si
3520 691 3754 764 quando

2108 773 2166 826 in
2202 776 2618 830 obtrectante":
2657 776 2951 845 incideris,
2988 779 3120 850 fuge
3161 787 3331 850 atque
3363 781 3498 834 inde
3531 781 3752 849 recede,

2109 865 2362 934 sedeque
2394 864 2551 918 domi
2585 870 2648 918 ut
2679 880 2751 918 ne
2797 864 2963 920 illum
3023 867 3355 935 auscultes;
3389 867 3469 922 ibi
3520 873 3755 940 peccata

2108 951 2240 1005 ﬂeto
2275 956 2395 1021 tua,
2435 958 2497 1006 ut
2537 968 2606 1007 ne
2655 953 2734 1008 sis
2784 955 3158 1010 obtrectatori
3196 955 3429 1020 similis,
3472 960 3645 1028 atque
3677 959 3752 1013 ad

2107 1044 2315 1094 aeterna
2351 1042 2524 1096 abeas
2551 1041 2858 1113 supplicia,
2913 1044 2983 1097 ad
3031 1043 3247 1115 ignitos
3297 1045 3599 1112 dracones,
3650 1047 3754 1117 qui

2104 1133 2265 1182 tuam
2320 1131 2630 1184 corrodent
2679 1130 2962 1202 linguam.
3029 1132 3123 1187 Ait
3169 1132 3384 1205 quippe
3451 1139 3601 1190 Deus
3650 1151 3754 1206 per

2106 1218 2454 1289 Prophetam
2495 1237 2505 1274 :
2548 1243 2566 1267 ιι
2611 1219 3019 1276 Detrahentem
3052 1227 3271 1278 secreto
3323 1223 3586 1294 proximo
3619 1240 3748 1292 suo,

2105 1307 2259 1362 hunc
2291 1309 2685 1378 persequebar
2715 1309 2794 1376 58;
2834 1332 2853 1359 »
2892 1309 3036 1364 illud
3060 1311 3240 1379 enim,
3274 1335 3300 1360 «
3352 1317 3598 1384 secreto,
3635 1335 3662 1362 n
3690 1313 3750 1368 id

2102 1401 2209 1462 est,
2258 1397 2316 1450 in
2369 1398 2734 1463 abscondito,
2791 1414 2895 1453 nec
2946 1405 3229 1468 praesente
3290 1400 3547 1455 homine.
3599 1400 3750 1467 Quid

2105 1502 2275 1556 porro
2299 1492 2387 1541 est
2419 1486 2813 1541 obtrectatio?
2845 1489 3007 1552 Quod
3042 1505 3156 1543 non
3214 1493 3376 1560 potes
3420 1506 3612 1547 coram
3648 1489 3748 1548 illo

2100 1575 2312 1639 dicere,
2347 1577 2445 1630 sed
2481 1593 2512 1631 a
2543 1580 2701 1648 tergo
2735 1577 3090 1633 maledicens
3124 1579 3368 1648 profers,
3400 1579 3509 1636 hoc
3538 1584 3626 1636 est
3646 1580 3750 1638 ob-

2099 1665 2387 1719 trectatio.
2421 1668 2569 1720 Cave
2615 1666 2877 1736 linguam
2924 1666 3196 1722 cohibeas
3239 1672 3403 1722 tuam
3453 1668 3524 1723 ab
3551 1669 3751 1726 obtre-

2098 1755 2372 1818 ctatione,
2423 1770 2456 1807 a
2489 1754 2642 1809 malo
2707 1755 2935 1825 quovis,
2988 1755 3060 1810 ab
3109 1756 3269 1810 omni
3301 1757 3640 1827 juramento
3690 1762 3749 1815 et

2099 1842 2400 1897 mendacio
2437 1859 2449 1897 :
2484 1859 2674 1914 neque
2706 1860 2968 1913 unquam
2992 1844 3151 1899 ausis
3184 1860 3286 1916 per
3305 1845 3746 1918 Deum,eiveju-

2099 1938 2190 1986 sta
2220 1932 2339 1986 sive
2371 1931 2593 2002 injuste
2638 1933 2706 1986 de
2761 1949 2939 1986 causa
2977 1933 3199 2002 jurare.
3247 1933 3392 1988 Nam
3445 1934 3544 2006 qui
3580 1937 3747 2007 jurat

2099 2037 2200 2091 per
2233 2025 2435 2086 Deum,
2468 2020 2517 2075 is
2548 2022 2789 2075 verbum
2821 2021 3054 2076 Domini
3081 2023 3512 2094 transgreditur
3541 2024 3744 2080 dicen-

2098 2109 2174 2163 tis
2210 2125 2222 2163 :
2260 2134 2284 2157 ‹‹
2319 2109 2440 2164 Non
2469 2109 2704 2178 jurabis
2738 2110 3001 2176 omnino,
3035 2126 3221 2181 neque
3255 2127 3356 2182 per
3401 2111 3610 2167 cmlum
3645 2129 3746 2168 ne-

2099 2214 2211 2268 que
2243 2215 2344 2269 per
2377 2203 2588 2252 terram
2622 2198 2664 2232 “9
2699 2214 2711 2253 :
2752 2221 2772 2245 ι»
2809 2199 2944 2268 quia
2975 2197 3075 2268 qui
3100 2199 3329 2269 jurant,
3361 2199 3419 2255 in
3464 2204 3749 2256 aeternum

2099 2303 2230 2341 cum
2265 2291 2426 2357 patre
2457 2303 2563 2341 suo
2592 2287 2809 2342 Satana
2840 2289 3057 2342 abeunt
3087 2287 3463 2360 supplicium.
3518 2289 3627 2344 Sed
3656 2305 3751 2346 ca-

2096 2380 2306 2440 vetote,
2331 2376 2537 2430 fratres
2570 2376 2705 2439 mei,
2740 2374 3005 2446 linguam
3038 2375 3360 2432 cohibeatis
3389 2395 3424 2432 a
3448 2377 3750 2447 juramen-

2096 2469 2174 2532 to,
2208 2481 2240 2517 a
2263 2465 2405 2532 risu,
2442 2481 2474 2519 a
2503 2481 2651 2519 vana
2684 2464 2978 2530 f'utilitate,
3011 2466 3082 2519 ab
3132 2465 3541 2536 intempestivo
3573 2482 3751 2537 nego-

2095 2553 2174 2606 tio
2208 2557 2264 2606 et
2295 2554 2364 2606 ab
2399 2551 2558 2605 omni
2591 2552 2894 2606 mendacio
2950 2571 2962 2608 :
3004 2570 3089 2607 ac
3119 2553 3356 2607 demum
3408 2553 3486 2608 sit
3531 2555 3697 2609 vobis
3733 2569 3747 2610 :

2097 2640 2199 2706 Ita,
2237 2642 2317 2694 ita
2345 2657 2357 2706 ;
2384 2646 2459 2707 et,
2491 2640 2635 2709 Non,
2673 2659 2782 2696 non
2821 2659 2833 2696 :
2871 2643 2919 2696 si
2951 2642 3092 2712 quid
3133 2640 3382 2697 ulterius
3413 2642 3569 2697 enim
3604 2658 3749 2716 aga-

2095 2733 2212 2795 tur,
2246 2729 2294 2783 si
2317 2731 2572 2800 juratur,
2606 2730 2665 2783 id
2708 2729 2954 2802 maligni
3001 2734 3091 2786 est
3136 2731 3206 2786 ⁸ο.
3248 2730 3411 2794 Quod
3445 2731 3493 2787 si
3524 2732 3751 2787 accidat

2095 2821 2434 2890 quempiam
2467 2819 2771 2873 adversum
2804 2825 2860 2874 te
2883 2821 3104 2888 jurare,
3129 2820 3220 2874 dic
3249 2820 3293 2856 θί
3331 2837 3389 2875 ει
3425 2819 3744 2876 Veritatem

2096 2908 2224 2961 dico
2256 2912 2312 2961 et
2333 2925 2446 2961 non
2480 2908 2750 2977 mentior,
2799 2930 2818 2956 ι)
2857 2924 2923 2962 ac
2973 2907 3200 2962 dimitte
3238 2907 3426 2963 illum.
3479 2913 3620 2962 Cum
3653 2910 3741 2964 vi-

2097 2997 2176 3050 ris
2207 3002 2262 3051 et
2290 2997 2634 3052 mulieribus
2664 3015 2732 3052 ne
2764 2998 2968 3052 sedeas
3019 3003 3081 3051 ut
3131 2995 3324 3052 futilia
3354 2998 3595 3068 loquare
3627 3016 3641 3065 ;
3675 3001 3740 3054 ut

2097 3085 2155 3138 in
2188 3084 2288 3139 illa
2319 3086 2410 3140 die
2441 3085 2736 3156 inculpata
2768 3085 2884 3140 Deo
2926 3101 3219 3153 occurras,
3271 3087 3508 3157 quando
3537 3093 3743 3142 ventu-

2096 3190 2197 3228 rus
2229 3178 2314 3228 est
2342 3173 2397 3227 in
2433 3175 2640 3229 throno
2672 3174 2868 3243 gloriae
2901 3192 3040 3229 suae.
3094 3176 3258 3229 Tunc
3289 3175 3748 3231 obtrectatorum

446 3263 560 3333 Θεῷ
592 3243 744 3336 ἐν’τῇ
776 3243 966 3339 ἦμὲρᾳ-
988 3243 1312 3336 ἀμέμπτως,
1347 3243 1468 3318 όταν
1507 3262 1685 3338 μέλλῃ
1731 3243 1984 3339 ἔρχεσθαι

2099 3265 2302 3318 dentes
2335 3263 2408 3317 ab
2457 3262 2818 3318 immanibus
2863 3263 3090 3334 angelis
3139 3267 3531 3319 conterentur.
3585 3265 3752 3320 Tunc

335 3349 424 3404 ἐπὶ
458 3351 639 3426 θρόνον
674 3349 834 3422 δόξης
880 3351 1062 3407 αὐτοῦ.
1096 3352 1234 3408 Τότε
1283 3357 1387 3405 τῶν
1434 3350 1887 3407 καταλαλούντων
1936 3353 1986 3406 οἱ

333 3435 550 3502 ὀδόντες
609 3442 710 3496 ὑπὸ
765 3445 873 3496 τῶν
937 3436 1230 3512 ἀποτόμων
1273 3439 1524 3516 ἀγγέλων
1589 3437 1983 3516 συντρίϐονται.

328 3528 459 3583 Τότε
505 3533 612 3584 τῶν
664 3529 972 3602 ὀμνυόντων
1025 3533 1090 3584 τὰ
1138 3530 1380 3602 στόματα
1413 3528 1515 3584 ὑπό
1565 3525 1826 3585 ἀσϐέστου
1883 3553 1984 3585 πυ-

331 3618 424 3693 ρὸς
455 3617 874 3695 ἔμφράττονται.
906 3619 1036 3675 Τότε
1067 3624 1173 3673 τῶν
1204 3616 1557 3674 διανευόντων
1602 3621 1652 3672 οἱ
1705 3617 1983 3696 ὀφθαλμοὶ

330 3705 432 3761 ὑπὸ
463 3707 831 3784 ἀσπλάγχνων
861 3708 951 3762 καὶ
1001 3705 1384 3780 ἀνελεημόνων
1434 3706 1679 3783 ἀγγέλων
1715 3705 1983 3783 ἐξορίζον-

328 3817 437 3854 ται.
489 3795 621 3852 Τότε
678 3797 730 3850 o't
787 3796 1054 3872 γελῶντες
1118 3801 1330 3872 πικρῶς
1385 3795 1703 3852 κλαύσουσι.
1755 3791 1884 3851 Τότε
1933 3797 1984 3851 οἱ

326 3884 694 3962 φλυαροῦντες
769 3883 976 3939 ἐλεεινά
1059 3887 1396 3953 στενάζουσιν
1429 3932 1443 3956 ,
1500 3882 1983 3955 καταδικαζόμενοι

327 3973 405 4035 εἷς
436 3975 527 4028 τὸν
561 3973 787 4047 πύρινον
820 3974 1091 4046 ποταμὸν,
1127 3974 1202 4036 εἷς
1243 3973 1334 4028 τόν
1389 3973 1652 4043 σκώληκα
1698 3975 1788 4027 τὸν
1839 3973 1983 4027 ἀκοί-

331 4083 528 4135 μητον,
563 4062 640 4124 εἰς
685 4063 777 4117 τὸν
830 4060 998 4117 δεινὸν
1051 4060 1209 4132 ᾅδην,
1243 4062 1317 4124 εἰς
1368 4061 1431 4115 τὸ
1481 4060 1670 4122 σκότος
1710 4063 1771 4115 τὸ
1803 4061 1984 4132 ἐξώτε-

331 4171 449 4226 ρον,
484 4152 560 4214 εἷς
591 4151 682 4206 τὸν
717 4153 910 4228 πικρὸν
961 4149 1268 4224 κλαυθμὸν,
1301 4149 1376 4211 εἷς
1418 4151 1509 4205 τὸν
1575 4150 1812 4224 βρυγμὸν
1873 4155 1980 4207 τῶν

333 4237 593 4312 ὀδόντων,
627 4240 701 4303 εἷς
729 4242 828 4310 τὴν
884 4235 1139 4295 ἄσϐεστον
1191 4240 1440 4312 κάμινον.
1476 4238 1653 4295 Βλέπε
1701 4240 1775 4311 μή
1825 4261 1984 4293 κατα-

328 4326 590 4403 δικασθῇς
646 4328 721 4391 εἰς
777 4330 872 4391 τὰς
929 4327 1180 4390 κολάσεις
1241 4326 1464 4389 ἐκείνας.
1526 4327 1698 4382 Βλέπε
1757 4330 1832 4400 μὴ
1895 4325 1984 4382 δια

331 4418 524 4494 μικρὰν
557 4417 874 4494 γλυκύτητα
911 4421 1008 4471 τοῦ
1058 4417 1268 4488 κόσμου
1314 4416 1511 4471 τούτου
1558 4420 1656 4470 τοῦ
1704 4437 1982 4492 παρερχο-

330 4506 492 4580 μὲνου
523 4503 926 4580 καταδικασοῇς
959 4505 1036 4567 εἷς
1085 4505 1304 4560 αἶ’ώνιον
1353 4503 1575 4559 κόλασιν
1629 4504 1799 4559 αἰῶνα
1848 4505 1980 4560 αἰῶ-

321 4617 431 4665 νος,
471 4595 546 4658 εἷς
577 4595 646 4650 τὰ
675 4595 1016 4668 κολαθτήρια
1060 4593 1256 4648 ἐκεῖνα.
1295 4593 1368 4647 Σὺ
1421 4592 1500 4658 δὲ,
1534 4593 1620 4648 ἐὰν
1666 4594 1822 4667 θέλῃς
1872 4617 1981 4650 σωκ

2099 4597 2160 4652 ad
2195 4601 2474 4651 aeternum
2509 4597 2861 4668 supplicium
2890 4616 2902 4664 ;
2940 4615 3105 4653 serva
3135 4614 3261 4668 quae
3291 4597 3462 4653 audis

323 4685 505 4754 θῆναι,
536 4683 626 4739 καὶ
678 4683 936 4738 εἰσελθεῖν
990 4682 1065 4744 εἷς
1108 4683 1207 4749 τήν
1259 4681 1530 4756 βασιλείαν
1566 4682 1662 4736 τοῦ
1694 4689 1848 4751 Θεοῦ,
1891 4684 1982 4738 καὶ

466 4773 480 4792 Ὶ
651 4778 673 4788 υ
786 4771 800 4792 9
929 4773 943 4790 1
1069 4771 1082 4790 9
1114 4771 1124 4790 Ι
1604 4771 1612 4787 '
1782 4772 1794 4790 Ἰ
1885 4771 1898 4792 Ι

327 4773 406 4846 μὴ
439 4771 700 4828 εισελθειν
758 4793 832 4834 εις
885 4793 984 4841 την
1032 4792 1251 4825 αιωνιον
1298 4770 1547 4843 κόλασιν,
1578 4774 1711 4847 ἅπερ
1771 4793 1983 4834 ακουεις

324 4861 581 4940 φύλαξον·
617 4861 707 4916 καὶ
743 4861 924 4938 βίασαι
963 4861 1094 4936 ὑπὲρ
1147 4858 1281 4913 αύτὰ
1319 4855 1426 4920 ἕως
1460 4857 1713 4927 θανάτου,
1740 4857 1830 4914 ’ίνα
1862 4881 1982 4914 στε-

325 4955 582 5029 φανωθῇς
613 4950 760 5026 παρὰ
808 4954 1042 5027 Χριστοῦ
1095 4946 1190 5004 τοῦ
1245 4951 1400 5016 Θεοῦ,
1433 4945 1554 5002 ὅταν
1610 4946 1787 5022 μέλλῃ
1835 4947 1979 5024 ἐρευ-

320 5045 414 5112 νᾷν
472 5043 539 5096 τὰ
593 5040 806 5115 κρυπτὰ
861 5041 1060 5109 πάντα,
1090 5037 1156 5107 τὰ
1185 5037 1235 5092 ἐν
1287 5036 1434 5092 νυκτὶ
1483 5036 1572 5091 καὶ
1621 5037 1822 5110 ἡμέρᾳ,
1856 5036 1978 5091 ὅταν

329 5128 624 5204 μέλλωμεν
659 5131 852 5191 πάντες
885 5129 1085 5204 γυμνοὶ
1144 5128 1232 5182 καὶ
1290 5123 1794 5203 τετραχηλισμένοι
1843 5145 1980 5200 παρ-

325 5219 563 5275 ίστασθαι
621 5224 701 5294 τῷ
764 5220 1000 5292 βήματι,
1056 5219 1116 5272 τὸ
1176 5212 1431 5292 φοϐερὸν,
1491 5217 1666 5288 οἶμαι,
1725 5213 1980 5289 αἰσχυνό-

328 5329 599 5382 μενοι.....

393 5399 447 5453 2.
481 5401 680 5453 ’Ἄκουε
712 5394 906 5450 λοιπὸν
951 5394 1046 5449 κᾶν
1080 5395 1214 5467 ἀνὴρ
1265 5395 1360 5448 κᾶν
1411 5394 1571 5470 γυνὴ,
1604 5393 1692 5447 καὶ
1742 5392 1977 5471 φύλαξον

324 5487 460 5562 ἅπερ
519 5483 838 5560 παρέδωκαν
900 5484 952 5537 οἳ
983 5486 1123 5560 ἅγιοι
1185 5482 1506 5554 ἀπόστολοι,
1539 5482 1630 5536 ’ἱνα
1664 5484 1778 5556 μετ’
1806 5481 1979 5536 αὐτῶν

1389 5699 1434 5734 ⁸ο
1463 5698 1586 5756 Jac.
1619 5716 1675 5767 ν,
1710 5699 1796 5756 12.

393 5704 436 5740 ⁸⁸
467 5700 590 5762 Pal.
623 5716 674 5758 α·
698 5701 754 5756 5.
830 5699 876 5735 ⁸⁸
905 5699 1108 5758 Matth.
1134 5716 1192 5768 ν,
1223 5699 1313 5757 34.

2092 3353 2421 3422 jurantium
2457 3368 2556 3406 ora
2589 3353 2722 3422 igne
2742 3368 3042 3423 nunquam
3066 3351 3489 3423 exstinguenda
3516 3353 3756 3409 obtura-

2100 3441 2340 3496 buntur.
2375 3442 2538 3495 Tunc
2563 3440 2954 3495 annuentium
3001 3440 3156 3495 oculi
3207 3440 3278 3494 ab
3326 3440 3748 3496 immisericor-

2100 3531 2275 3584 dibus
2305 3534 2362 3586 et
2389 3529 2842 3584 inclementibus
2865 3529 3090 3602 angelis
3113 3528 3551 3601 exsculpentur.
3589 3530 3755 3586 Tunc

2100 3619 2198 3690 qui
2251 3618 2530 3682 riserunt,
2616 3634 2814 3673 amare
2877 3619 3114 3674 ﬂebunt.
3182 3619 3345 3673 Tunc
3397 3619 3496 3690 qui
3546 3619 3755 3691 nugati

2099 3711 2259 3771 sunt,
2292 3706 2706 3763 miserabiliter
2733 3710 3187 3780 congemiscent,
3242 3708 3313 3762 ad
3362 3706 3603 3780 igneum
3645 3708 3750 3764 da-

2102 3797 2278 3851 mnati
2315 3796 2578 3866 fluvium,
2615 3797 2684 3850 ad
2716 3811 2973 3851 vermem
3020 3812 3322 3867 nunquam
3373 3796 3747 3868 moriturum,

2097 3887 2168 3941 ad
2215 3891 2472 3940 atrocem
2517 3885 2836 3955 infernum,
2899 3887 2969 3940 ad
3045 3886 3318 3941 tenebras
3406 3885 3742 3954 exteriores,

2095 3976 2165 4029 ad
2208 3976 2482 4030 acerbum
2543 3974 2767 4040 ﬂetum,
2822 3974 2894 4029 ad
2947 3975 3258 4030 stridorem
3320 3973 3607 4039 dentium,
3670 3974 3744 4029 ad

2095 4064 2390 4118 caminum
2452 4080 2566 4117 non
2635 4063 3150 4134 exstinguendum.
3210 4063 3452 4118 Provide
3505 4063 3612 4119 tibi
3670 4079 3744 4120 ne

2095 4154 2164 4207 ad
2195 4151 2295 4206 illa
2328 4151 2619 4222 supplicia
2651 4153 2968 4208 damneris.
3021 4153 3170 4208 Cave
3215 4168 3287 4206 ne
3330 4153 3402 4208 ob
3453 4153 3742 4210 modicam

2092 4241 2449 4311 voluptatem
2485 4241 2664 4310 hujus
2697 4241 2904 4295 mundi
2937 4241 3036 4312 qui
3088 4241 3366 4311 praeterit,
3417 4241 3487 4295 ad
3539 4258 3742 4313 pcenas

2093 4329 2387 4384 damneris
2422 4335 2667 4384 aeternas
2699 4330 2757 4383 in
2791 4330 3071 4385 saeculum
3104 4330 3297 4385 saeculi
3329 4331 3743 4399 duraturus,in

2093 4419 2212 4473 illis
2244 4424 2672 4473 tormentorum
2724 4419 2888 4474 locis.
2940 4420 3025 4474 Tu
3076 4436 3210 4474 vero
3257 4420 3306 4472 si
3357 4419 3442 4474 vis
3490 4419 3741 4474 salutem

2092 4506 2395 4577 consequi,
2429 4512 2608 4579 atque
2630 4507 2852 4578 ingredi
2891 4508 2945 4562 in
2971 4523 3218 4580 regnum
3244 4508 3359 4576 Dei,
3395 4523 3507 4562 non
3542 4511 3740 4562 autem

3523 4615 3536 4651 :
3587 4596 3740 4652 vim-

2091 4703 2205 4758 que
2236 4686 2341 4740 tibi
2373 4686 2523 4741 infer
2552 4703 2755 4741 eorum
2790 4703 2970 4741 causa
3016 4702 3200 4757 usque
3252 4691 3322 4741 ad
3375 4691 3640 4752 mortem,
3674 4689 3740 4742 ut

2092 4775 2386 4830 coroneris
2415 4792 2448 4830 a
2476 4775 2707 4832 Christo
2761 4779 2894 4842 Deo,
2937 4792 3072 4831 cum
3126 4774 3354 4831 occulta
3383 4775 3580 4832 omnia
3606 4779 3736 4832 tum

2093 4869 2260 4919 nocte
2292 4869 2416 4919 tum
2479 4865 2574 4920 die
2608 4869 2773 4936 gesta
2805 4865 3292 4935 perscrutabitur,
3325 4866 3561 4936 quando
3585 4865 3739 4921 futu-

2093 4969 2223 5006 rum
2255 4957 2344 5007 est
2379 4957 2438 5006 ut
2468 4952 2608 5007 nudi
2635 4969 2839 5008 omnes
2869 4958 2926 5008 et
2957 4953 3252 5008 manifesti
3293 4953 3577 5009 sistamur
3605 4958 3739 5010 ante

2089 5039 2370 5108 tribunal,
2407 5041 2563 5111 quod
2599 5040 2960 5097 horrendum
3011 5057 3153 5099 sane
3184 5047 3290 5098 est.
3342 5045 3410 5097 Et
3455 5041 3552 5097 alii
3605 5040 3736 5111 qui-

2090 5130 2419 5184 dem....
2904 5148 2907 5150 ·

2158 5397 2211 5450 2.
2249 5395 2400 5449 Audi
2433 5397 2668 5450 demum
2699 5397 2820 5451 sive
2851 5397 2954 5464 vir,
2990 5396 3110 5452 sive
3153 5393 3368 5450 mulier
3414 5409 3500 5462 es,
3550 5398 3608 5451 et
3636 5396 3739 5453 ob-

2090 5501 2257 5540 serva
2287 5501 2416 5556 qua:
2448 5487 2634 5540 sancti
2655 5484 3066 5540 tradiderunnt
3092 5482 3434 5556 apostoli,ut
3461 5499 3580 5541 una
3602 5500 3738 5540 eum

1872 5699 1913 5734 ⁶¹
1947 5699 1970 5755 Ι
2000 5697 2151 5756 Tim.
2185 5715 2248 5768 ιι,
2283 5700 2338 5754 ’7.
