4116 6406
334 413 484 475 liii

338 654 451 710 que
479 637 595 693 Deo
644 637 923 694 conﬁtere
980 643 1219 711 peccata
1273 644 1377 695 tua
1432 657 1559 711 quae
1618 637 1987 712 perpetrasti.

339 725 455 799 (37)
484 726 648 792 Quod
677 725 729 782 si
761 742 853 782 res
885 742 1003 782 non
1037 727 1179 783 bene
1230 729 1597 799 processerit,
1649 744 1837 799 neque
1868 744 1994 799 pro-

338 813 520 888 pitius
552 813 648 870 ille
683 815 875 881 fuerit,
909 833 980 872 ne
1010 816 1082 871 ad
1114 833 1264 890 opus
1295 818 1536 873 accedas
1564 823 1753 885 tuum,
1807 833 1991 889 quan-

337 904 656 976 doquidem
688 921 804 960 non
818 905 1294 961 estbenedictum
1322 923 1333 960 :
1365 905 1457 962 sin
1483 906 1774 978 propitius
1798 905 1991 977 fuerit,

336 996 480 1049 tunc
511 1009 660 1066 opus
695 993 872 1049 adeas
924 1000 1118 1060 tuum;
1170 994 1312 1050 illud
1365 999 1518 1050 Deus
1577 994 1888 1064 benedicit,
1922 1010 1994 1049 ne

335 1080 444 1138 tibi
476 1080 705 1137 malum
755 1083 1019 1138 accedat.
1060 1084 1201 1139 Cum
1238 1100 1409 1139 mane
1459 1084 1806 1151 surrexeris,
1839 1083 1992 1155 ﬁgu-

336 1186 467 1227 ram
499 1170 840 1227 venerandos
871 1175 929 1227 et
958 1170 1194 1227 viviﬁcaa
1228 1172 1422 1228 crucis
1453 1172 1730 1229 omnibus
1758 1171 1879 1227 tuis
1909 1171 1992 1227 fa-

343 1258 454 1316 cito
488 1259 806 1328 membris;
838 1264 897 1316 et
926 1260 1068 1316 dum
1101 1260 1394 1330 ambulas,
1427 1261 1755 1330 decumbis,
1808 1260 1993 1333 surgi,

348 1364 579 1422 semper
611 1348 790 1405 dicito
825 1366 839 1404 :
870 1349 1117 1405 Domine
1143 1351 1280 1406 Jesu
1307 1350 1556 1417 Christe,
1615 1351 1827 1421 adjuva
1878 1365 1993 1405 me.

343 1439 568 1505 Quarta
598 1437 767 1507 feria,
796 1442 855 1495 et
885 1454 1215 1510 parasceve,
1249 1455 1350 1495 seu
1378 1438 1521 1495 feria
1559 1445 1741 1508 sexta,
1765 1439 1991 1510 jejuna.

342 1526 488 1583 Aliis
516 1527 746 1595 diebus,
781 1529 871 1584 tui
899 1532 991 1584 est
1015 1527 1244 1583 arbitrii
1293 1529 1583 1601 jejunare,
1637 1528 1721 1584 vel
1773 1545 1886 1583 non
1911 1529 1996 1599 je-

337 1615 572 1688 junare.
622 1620 894 1672 Attamen
943 1633 1048 1688 par
1092 1620 1182 1673 est
1223 1622 1289 1672 ut
1337 1615 1617 1673 mulieres
1666 1633 1900 1688 semper
1915 1618 1997 1687 je-

338 1705 576 1777 junent.
610 1704 762 1760 Illud
792 1704 881 1762 vel
913 1722 1043 1762 sero
1073 1707 1311 1763 tandem
1360 1707 1655 1774 obervato,
1695 1705 1994 1762 diabolum

346 1791 571 1850 scilicet
598 1793 964 1850 iracundiam
995 1794 1103 1849 tibi
1147 1794 1488 1861 immittere,
1540 1800 1604 1850 ut
1646 1810 1997 1851 succenseas

344 1885 407 1940 et
442 1880 700 1938 animam
747 1883 958 1955 perdas
1022 1887 1210 1939 tuam.
1273 1883 1785 1939 Mansuetudinem
1847 1887 1998 1937 Deus

344 1971 455 2028 tibi
485 1970 641 2026 480
664 1970 913 2040 dederit,
948 1974 1013 2026 ut
1042 1987 1146 2043 per
1195 1972 1713 2027 mansuetudinem
1765 1976 1822 2027 et
1850 1972 1996 2026 elee-

342 2075 649 2132 mosynam
684 2059 935 2115 salutem
966 2061 1375 2132 consequaris.
1417 2063 1483 2116 Et
1512 2060 1759 2116 observa
1806 2077 1997 2132 quan-

343 2150 555 2206 douam
585 2166 619 2206 a
647 2155 704 2206 te
733 2149 1007 2207 diabolus
1040 2152 1249 2224 fugiat,
1298 2158 1425 2208 tum
1477 2150 1702 2208 scilicet
1749 2150 2000 2206 maxime

346 2252 484 2295 cum
514 2238 725 2295 viderit
754 2239 946 2296 crucis
979 2245 1183 2313 typum
1218 2240 1276 2295 in
1336 2241 1548 2312 fronte,
1608 2240 1669 2295 in
1724 2255 1824 2295 ore
1855 2244 1912 2294 et
1939 2239 1996 2293 in

342 2328 516 2384 corde
564 2333 686 2384 tuo.
750 2329 903 2400 Fuge
932 2345 1168 2401 quoque
1198 2346 1449 2402 pugnas,
1474 2331 1610 2401 jure
1658 2346 1732 2385 an
1782 2327 2001 2399 injuria

342 2416 680 2485 suscitatus,
714 2422 781 2473 ut
809 2434 881 2473 ne
927 2419 1141 2489 perdas
1171 2418 1432 2474 animam
1460 2424 1646 2475 tuam.
1702 2420 1998 2489 Scriptum

348 2512 441 2566 est
484 2509 641 2566 enim
676 2525 690 2564 :
729 2531 758 2561 «
800 2509 906 2564 Vir
951 2510 1273 2567 iracundus
1323 2516 1382 2567 et
1438 2529 1692 2584 praaceps
1751 2511 2003 2568 suscitat

346 2612 575 2672 pugnas
602 2598 649 2635 ⁸²
681 2616 694 2655 :
731 2622 754 2651 ι
792 2598 1081 2655 Dominus
1109 2605 1304 2655 autem
1357 2600 1632 2672 angelum
1683 2598 2002 2656 immiseri-

347 2686 583 2741 oordem
627 2685 896 2742 immittit
935 2685 1042 2742 illi.
1092 2687 1175 2743 Ne
1236 2687 1589 2760 injuriarum
1641 2688 1994 2759 cujusquam

346 2775 615 2831 hominis
671 2776 1020 2831 recordere:
1056 2776 1157 2831 sed
1186 2780 1311 2833 esto
1370 2777 1494 2833 sine
1544 2777 1770 2832 malitia
1817 2783 1880 2832 ut
1908 2778 2001 2830 in-

347 2863 560 2920 fantes.
593 2864 690 2919 Ait
718 2863 933 2936 quippe
963 2864 1250 2921 Dominus
1288 2865 1345 2920 io
1399 2865 1731 2938 Evangeliis
1765 2883 1779 2921 :
1816 2888 1843 2914 »
1875 2864 2001 2920 Nisi

344 2951 608 3009 oonversi
632 2952 862 3008 fueritis
894 2959 951 3008 et
989 2953 1329 3010 efticiamini
1378 2953 1537 3010 sicut
1581 2953 1832 3027 parvuli,
1886 2971 1999 3009 non

346 3040 645 3097 intrabitis
676 3040 735 3095 in
768 3041 1336 3113 regnumemlorum
1388 3043 1453 3097 ⁸³.
1508 3065 1538 3093 ››
1586 3042 1687 3098 Hic
1731 3042 2002 3097 animad-

342 3131 518 3195 verte,
550 3126 823 3201 parvulos
856 3145 969 3184 non
1003 3147 1288 3202 pugnare,
1320 3130 1419 3185 sed
1462 3133 1670 3185 mutuo
1723 3128 2001 3201 colloqui.

343 3216 427 3273 Ab
458 3215 620 3272 omni
663 3215 836 3289 plane
869 3216 1095 3272 malitia
1123 3219 1503 3275 excedamus.
1528 3219 2003 3285 Demum,frater,

347 3271 611 3363 imitator
639 3271 775 3361 e‘stoi
795 3271 1111 3377 puerorum
1132 3271 1337 3379 “qua
1349 3271 2003 3373 istiisti—Iijuﬁt—ksoal
2036 3271 2079 3338 ο

350 3394 412 3452 ni
443 3410 504 3450 re
535 3393 689 3450 mala
725 3392 1012 3451 libereris.
1045 3396 1195 3451 Audi
1227 3395 1570 3468 Apostolum
1629 3397 1714 3453 sic
1768 3395 2009 3468 loquen-

349 3487 469 3540 tem
505 3500 563 3539 :«
583 3481 678 3538 Sol
695 3499 806 3538 non
831 3484 1623 3557 occidatsuperiracundiam
1645 3485 2002 3542 vestran.“.n

352 3570 789 3643 Loquaeitatem
833 3572 1075 3629 nimiam
1132 3574 1266 3630 odio
1317 3573 1489 3642 habe,
1519 3574 2008 3630 taciturnitatem-

341 3675 467 3733 que
499 3661 697 3733 potius
731 3677 886 3716 ama.
915 3663 976 3717 In
1019 3663 1193 3719 corde
1252 3667 1353 3718 tuo
1411 3667 1596 3734 orato,
1655 3679 1723 3719 ac
1780 3663 1956 3719 dicito
1992 3678 2005 3719 :

351 3771 381 3800 «
416 3753 565 3805 Deus
591 3750 881 3822 propitius
920 3756 1044 3807 esto
1102 3752 1248 3807 mihi
1299 3753 1588 3823 peccatori
1644 3752 1710 3807 ⁸⁸.
1776 3774 1804 3803 ››
1861 3751 2008 3808 Odia

350 3838 491 3893 item
525 3836 676 3894 habe
703 3839 822 3894 vini
854 3840 1204 3911 potationes,
1238 3841 1611 3914 nimiumque
1640 3840 2008 3898 cibum.0dio

353 3925 504 3982 habe
533 3926 975 3998 puriﬁcationes
1002 3943 1016 3985 :
1052 3927 1395 3986 saltationes
1423 3934 1480 3985 et
1507 3931 1823 4001 tragoedias
1849 3930 2004 4003 fuge;

354 4015 480 4071 haec
508 4019 651 4071 sunt
681 4015 897 4089 quippe
927 4016 1145 4073 diaboli
1178 4018 1323 4074 ludi.
1358 4019 1857 4077 Vestimentorum
1891 4019 2011 4076 cul-

353 4108 480 4160 tum
513 4103 648 4160 odio
680 4104 924 4175 habeas,
953 4123 1056 4163 nec
1091 4107 1400 4165 mollitiem
1432 4109 1743 4178 dilexeris;
1776 4111 1877 4166 sed
1911 4126 2011 4182 po-

355 4193 477 4249 tius
536 4192 960 4252 bumanitatem
983 4196 1386 4270 vilitatemque
1419 4202 1654 4272 prepter
1679 4203 1855 4255 Deum
1883 4217 1897 4267 ;
1951 4203 2015 4255 ut

356 4281 487 4338 ideo
519 4286 576 4338 te
599 4283 871 4340 Christus
891 4290 949 4341 et
981 4290 1130 4342 Dens
1163 4291 1362 4343 noster
1393 4287 1604 4343 induat
1637 4286 1850 4344 stolam
1882 4287 2011 4361 glo-

360 4370 482 4439 riae,
512 4371 934 4429 vestimentum
963 4375 1729 4448 incorruptionis,coronam
1761 4376 2016 4451 pulchri-

360 4460 611 4529 tudinis,
646 4463 919 4520 diadema
949 4465 1103 4537 regis
1128 4482 1142 4533 ;
1172 4469 1238 4521 ut
1269 4469 1393 4521 tum
1424 4464 1640 4523 habeat
1683 4465 1882 4522 anima
1914 4470 2016 4522 tua

361 4548 640 4607 fiduciam
672 4566 811 4624 erga
842 4556 1047 4629 Deum,
1086 4553 1287 4610 dicens
1319 4572 1334 4611 :
1371 4554 1712 4623 Domine,ob
1743 4560 2015 4611 sanctum

1499 417 1565 478 S.
1612 416 2143 479 ATHANASIUS.
2169 448 2246 462 —
2280 414 2590 480 SPURIA.

333 547 488 620 Ipsis
517 562 756 621 vespere
787 547 1057 605 fruamur
1089 567 1103 618 ;
1135 549 1206 606 ad
1239 549 1558 608 Ecclesium
1591 551 1867 618 concede,
1899 557 1985 606 at-

2114 546 2396 604 ὶπολαῦσώ
2404 568 2499 621 μεν
2566 546 2794 624 ἑσπέρα..
2829 568 2841 582 ο

3600 414 3760 478 ιω

2917 547 3009 604 καὶ
3066 549 3203 623 πρὸς
3270 548 3368 617 τὴν
3430 546 3756 618 Ἐκκλησίαν

2102 636 2369 712 άπέρχου,
2401 637 2489 691 καὶ
2522 635 2866 712 ἒξομολογοῦ
2905 642 2985 710 τῷ
3036 643 3152 710 Θεῷ
3193 638 3285 699 τὰς
3336 637 3602 712 ἁμαρτίας
3658 659 3759 694 σου

2100 725 2235 800 ἅπερ
2267 721 2514 799 ἔπραξας.
2547 729 2641 782 Ἂν
2706 722 2764 780 δὶ
2825 727 2901 798 μὴ
2959 725 3189 800 ἀπέλθῃ,
3229 726 3319 781 καὶ
3378 723 3502 800 εὔξῃ
3561 747 3643 795 σε,
3679 727 3757 799 μὴ

2102 812 2321 890 ἐγγίσῃς
2372 814 2448 876 εἷς
2498 813 2673 890 ἔργον,
2717 814 2833 869 ἐπεὶ
2886 813 2984 869 οὐκ
3032 811 3174 869 ἔστιν
3224 811 3620 890 εὐλογημένον·
3670 814 3761 870 ἐὰν

2103 899 2161 958 δὲ
2191 899 2315 977 εῦξῃ
2349 923 2425 972 σε,
2458 902 2547 958 καὶ
2576 903 2700 959 τότε
2732 902 2936 980 ἐπάρῃς
2975 904 3038 958 τὸ
3070 902 3223 980 ἔργον
3269 924 3385 969 σου,
3416 904 3444 959 6
3488 904 3617 966 Θεὸς
3674 903 3761 960 εὗ-

2102 992 2256 1067 λογεῖ
2297 990 2450 1064 αὐτὸ,
2484 993 2561 1064 μὴ
2619 993 2785 1048 κακὸν
2841 993 3169 1069 προσεγγίσῃ
3227 1014 3333 1050 σοι.
3368 992 3761 1066 Ἀνισταμένου

2103 1102 2200 1136 σου
2228 1081 2292 1136 τὸ
2329 1082 2497 1157 πρωῒ,
2518 1081 2610 1137 τὸν
2636 1081 2811 1137 τύπου
2838 1086 2936 1137 τοῦ
2966 1081 3146 1155 τιμίον
3179 1082 3269 1137 καὶ
3303 1086 3577 1151 ζωοποιοῦ
3600 1103 3758 1137 σταυ-

2105 1174 2202 1244 ροῦ
2230 1169 2460 1241 ποίησον
2494 1168 2569 1234 εἲς
2601 1171 2775 1226 πάντα
2797 1171 2864 1226 τὰ
2920 1168 3063 1243 μέλη
3124 1191 3240 1244 σου,
3272 1171 3362 1225 καὶ
3420 1175 3758 1248 περιπατῶν,

2102 1258 2192 1314 καὶ
2255 1259 2630 1333 κοιμώμενος,
2700 1260 2789 1315 καὶ
2866 1259 3244 1332 ἀνιστάμενος,
3303 1258 3533 1315 πάντοτε
3590 1259 3755 1337 λέγε·

2104 1348 2267 1425 Κύριε
2303 1353 2485 1419 Ἰησοῦ
2541 1349 2761 1423 Χριστὶ,
2822 1348 3098 1425 βοήθησόν
3161 1370 3275 1422 μοι.
3337 1347 3612 1426 Γετράδην
3668 1348 3760 1405 καὶ

2102 1438 2445 1514 παρασκευὴν
2504 1439 2749 1508 νήστευε.
2799 1437 2902 1500 Τὰς
2954 1435 3012 1493 δὶ
3068 1436 3243 1501 ἄλλας
3302 1437 3539 1509 έξουσίαν
3589 1436 3763 1516 ἔχεις,

2104 1527 2200 1583 κᾶν
2261 1525 2450 1602 θέλῃς,
2480 1528 2725 1598 νήστευε,
2754 1529 2850 1582 κᾶν
2914 1525 3104 1602 θέλῃς,
3141 1528 3218 1600 μὴ
3277 1529 3526 1599 νήστευε.
3567 1528 3763 1601 Ὅμως

2103 1616 2199 1679 τὰς
2227 1626 2481 1691 γυναῖκας
2515 1618 2578 1690 ἀρ
2589 1615 2730 1691 μάζῃ
2752 1613 3109 1686 ’ίναλπάντοτε
3130 1616 3451 1687 νηστεύωσι.
3468 1615 3643 1673 Βλέπε
3663 1615 3764 1691 ὀψέ

2104 1708 2262 1772 ποτε,
2295 1703 2377 1759 δτι
2411 1707 2439 1760 6
2473 1700 2730 1767 διάϐολος
2762 1703 3004 1783 ἐπιφέρει
3032 1706 3129 1775 τήν
3166 1702 3584 1781 ὀξυχολίαν,⁹ίνα
3616 1705 3766 1778 ὀξυν-

2107 1796 2229 1868 θῇς,
2259 1793 2350 1848 καὶ
2381 1792 2659 1868 ἀπολέσῃς
2682 1795 2780 1861 τὴν
2815 1795 3000 1868 ψυχήν
3036 1815 3153 1851 σου.
3184 1795 3290 1863 Τὴν
3304 1790 3383 1848 ’δὶ
3419 1791 3703 1870 πραΰτητα
3732 1795 3762 1850 6

2027 1907 2075 1972 B
2106 1883 2237 1944 Θεὸς
2269 1879 2474 1952 διδοίη,
2504 1879 2597 1936 ’ίνα
2627 1879 2717 1936 διὰ
2754 1884 2854 1950 τῆς
2884 1880 3194 1957 πραΰτητος
3240 1881 3330 1937 καὶ
3379 1889 3477 1952 τῆς
3526 1879 3763 1955 ελεημο-

2108 1970 2273 2041 σύνης
2301 1972 2503 2044 σωθῇς.
2537 1969 2635 2025 Καὶ
2672 1967 2840 2045 βλέπε
2875 1969 2964 2026 ὅτε
2994 1972 3022 2025 6
3051 1965 3313 2033 διάϐολος
3362 1970 3605 2050 φεύξεται
3655 1971 3762 2026 ἀπὸ

2108 2064 2227 2132 σοῦ,
2243 2057 2479 2132 μάλιστα
2509 2058 2631 2114 ὅταν
2668 2056 2758 2133 ἴδῃ
2788 2060 2878 2114 τὸν
2909 2059 3077 2115 τύπον
3107 2063 3204 2115 τοῦ
3231 2064 3463 2136 σταυροῦ
3493 2059 3544 2115 ἰν
3566 2064 3645 2131 τῷ
3671 2081 3763 2133 με·

2106 2147 2278 2221 τώπῳ
2307 2169 2424 2219 σου,
2450 2150 2539 2203 καὶ
2572 2147 2624 2203 έν
2656 2153 2736 2221 τῷ
2760 2148 2988 2221 στόματί
3019 2170 3138 2222 σου,
3166 2148 3256 2204 καὶ
3288 2148 3376 2204 ἐπὶ
3406 2149 3506 2218 τὴν
3535 2147 3760 2223 καρδίαν

2110 2258 2227 2294 σου.
2265 2242 2437 2313 Φεῦγε
2467 2235 2524 2292 δὲ
2547 2239 2637 2292 καὶ
2664 2239 2760 2299 τὰς
2793 2236 2998 2314 μάχας,
3019 2236 3115 2293 κᾶν
3151 2235 3373 2301 δικαίως
3404 2237 3500 2293 κᾶν
3535 2236 3762 2307 ἀδίκως,

2102 2325 2196 2381 ’ίνα
2228 2328 2305 2399 μή
2339 2324 2615 2401 ἀπολέσῃς
2660 2327 2761 2396 τὴν
2807 2329 2993 2402 ψυχήν
3027 2348 3143 2385 σου.
3178 2327 3486 2403 Γέγραπται
3512 2327 3637 2405 γὰρ,
3671 2327 3755 2383 ὅτι

2115 2438 2139 2467 ιι
2169 2416 2229 2471 ἰ)
2261 2410 2522 2487 θυμώδης
2554 2414 2644 2469 καὶ
2675 2412 2795 2484 ὀξὺς
2826 2413 3023 2490 ἀγείρει
3075 2415 3284 2491 μάχας’
3326 2440 3354 2468 ››
3390 2416 3418 2470 6
3452 2413 3511 2470 δὲ
3560 2414 3763 2492 Κύριος

2111 2502 2346 2579 ἄγγελον
2398 2501 2737 2576 ἀνελεήμονα
2784 2501 3081 2576 ἐπιπέμπει
3130 2502 3207 2565 είς
3256 2502 3439 2560 αὐτόν.
3474 2504 3759 2573 Μνησικα-

2109 2590 2228 2646 κίαν
2280 2591 2413 2664 μετά
2453 2611 2600 2654 τινος
2653 2592 2729 2663 μὴ
2781 2588 2935 2666 ἔχῃς’
2969 2589 3118 2647 ἄλλὰ
3143 2590 3296 2668 γίνου
3346 2593 3545 2655 ἄκακος
3573 2592 3647 2654 ὡς
3697 2592 3766 2647 τὰ

2108 2682 2280 2751 νήπια
2332 2680 2399 2735 τὰ
2458 2681 2535 2753 μὴ
2595 2677 2794 2756 ἔχοντα
2847 2679 3059 2737 κακίαν.
3104 2681 3237 2736 Eius
3287 2679 3391 2757 γὰρ
3423 2681 3452 2736 6
3482 2680 3679 2757 Κύριος
3710 2679 3762 2737 έν

2111 2767 2480 2846 Εὖαγγελίοις·
2517 2794 2544 2821 ι(
2576 2770 2699 2825 Ἐὰν
2737 2769 2812 2843 μὴ
2845 2776 3116 2848 στραφῆτε
3161 2769 3252 2825 καὶ
3303 2769 3527 2844 γίνησθι
3576 2769 3651 2832 ὡς
3699 2769 3768 2825 τὰ

2110 2861 2304 2929 νήπια,
2337 2858 2398 2912 οὖ
2434 2859 2510 2932 μὴ
2545 2856 2824 2929 εἰσέλθητε
2855 2857 2931 2919 εἰς
2968 2859 3066 2929 τήν
3118 2857 3393 2935 βασιλείαν
3435 2862 3543 2913 τῶν
3595 2858 3764 2933 οὐρα-

2111 2952 2241 3006 νῶν.
2273 2971 2300 3002 ιι
2337 2945 2441 3005 ’Ῑδὶ
2467 2945 2688 3018 λοιπὸν,
2715 2947 2782 3003 τὰ
2810 2944 2999 3002 παιδία
3025 2947 3085 3004 οὗ
3138 2947 3433 3024 μάχονται,
3462 2948 3553 3003 καὶ
3601 2946 3765 3003 πάλιν

2114 3035 2404 3110 ὁμιλοῦσιν
2433 3033 2678 3106 ἁλληλα.
2712 3036 2897 3098 Ἐκτὸς
2928 3038 3063 3110 ἡμῖν
3097 3035 3269 3091 πάντα
3300 3036 3404 3091 ἀπὸ
3455 3035 3632 3107 πάσης
3679 3057 3770 3092 κα-

2112 3125 2257 3187 κίας.
2291 3124 2463 3187 Αὐτὸς
2494 3124 2712 3195 λοιπὸν,
2746 3122 2968 3204 ἀδελφὶ,
3004 3127 3253 3198 μιμητὴς
3283 3129 3441 3201 γενοῦ
3490 3129 3597 3180 τῶν
3644 3123 3765 3179 παί-

2118 3210 2225 3267 δων
2256 3213 2333 3276 εἰς
2361 3214 2460 3283 τὴν
2509 3211 2842 3284 κακίαν,’ίνα
2888 3217 3070 3288 σωθῇς
3113 3214 3219 3269 ἀπὸ
3266 3214 3466 3276 παντὸς
3525 3217 3770 3288 πονηροῦ

2117 3301 2460 3379 πράγματος.
2511 3309 2711 3358 ’Ἄκουε
2756 3307 2854 3359 τοῦ
2895 3301 3236 3359 ’Δποστόλου
3288 3302 3565 3378 λέγοντος·
3605 3328 3633 3357 ι(
3680 3304 3771 3373 Μὴ

2118 3388 2382 3447 έπιδυέτω
2413 3392 2442 3447 6
2472 3390 2635 3462 ἥλιος
2668 3391 2755 3447 ἰπὶ
2788 3396 2866 3465 τῷ
2895 3397 3259 3469 παροργισμῷ
3292 3392 3465 3465 ὑμῶν.
3502 3416 3531 3444 ››
3561 3392 3632 3447 Τὸ
3674 3390 3771 3448 λα-

2119 3480 2232 3537 λεῖν
2261 3479 2449 3537 πολλά
2499 3479 2754 3555 μίσησον,
2785 3480 2874 3536 καὶ
2923 3478 3134 3555 μᾶλλον
3184 3481 3471 3557 ἀγάπησον
3515 3486 3615 3537 τοῦ
3665 3503 3771 3536 σω-

2117 3574 2243 3640 πᾷν.
2277 3569 2375 3624 Καὶ
2434 3566 2686 3645 εὔχεσθαι
2719 3568 2771 3625 ἐν
2813 3574 2880 3645 τῇ
2929 3567 3126 3645 καρδίᾳ
3181 3591 3300 3639 σου,
3333 3571 3424 3624 καὶ
3473 3567 3621 3646 λέγε·
3650 3595 3678 3624 ‹‹
3711 3571 3774 3627 Ὀ

2119 3660 2268 3726 Θεὸς,
2301 3655 2553 3729 ἱλάσθητί
2588 3679 2681 3732 μοι
2738 3663 2819 3732 τῷ
2865 3657 3203 3734 ἁμαρτωλῷ.
3238 3685 3261 3714 ι
3293 3656 3532 3729 Μίσητον
3581 3655 3640 3714 δὶ
3684 3659 3775 3713 καὶ

2118 3747 2212 3810 τὰς
2276 3746 2606 3821 οἲνοποσίας,
2664 3747 2753 3802 καὶ
2810 3746 3175 3827 πολυφαγίας.
3226 3747 3475 3819 Μίσησον
3534 3746 3625 3803 καὶ
3680 3749 3770 3804 τὸν

2119 3836 2478 3913 καθαρισμὸν,
2517 3836 2606 3892 καὶ
2652 3838 2744 3892 τὸν
2795 3836 3082 3913 ὀρχηθμὸν
3134 3841 3317 3916 φεῦγε,
3348 3836 3439 3892 καὶ
3490 3836 3588 3899 τὰς
3643 3857 3773 3913 τρα-

2119 3923 2346 4003 γῳδίας,
2377 3925 2555 3981 ἐκεῖνα
2597 3930 2695 3980 τοῦ
2745 3921 3010 3982 διαϐόλου
3059 3923 3170 3981 ἐστὶ
3213 3925 3454 4002 παίγνια.
3485 3925 3584 3981 Τὸν
3632 3924 3777 3981 καλ-

2122 4012 2413 4088 λωπισμὸν
2442 4015 2549 4069 τῶν
2571 4013 2804 4087 ἱματίων
2833 4013 3085 4089 μίσησον,
3107 4036 3180 4088 μη
3193 4012 3250 4069 δὶ
3268 4015 3366 4084 τὴν
3396 4012 3621 4091 βλακίαν
3647 4015 3778 4089 ἀγα-

2121 4107 2339 4175 πήσοις·
2379 4102 2524 4158 ἀλλά
2580 4102 2795 4176 μᾶλλον
2851 4103 3378 4181 ταπεινοφροσύνην,
3422 4103 3512 4159 καὶ
3566 4100 3779 4159 τελείαν

2267 4190 2356 4247 διὰ
2400 4192 2492 4247 τὸν
2541 4193 2690 4263 Θέὸν,
2716 4190 2805 4247 ’ίνα
2858 4191 3058 4257 ἐκεῖθεν
3098 4189 3291 4267 ἐνδύσῃ
3325 4193 3353 4248 ὁ
3384 4192 3640 4268 Χριστὸς,
3688 4192 3778 4247 καὶ

2124 4281 2253 4344 Θεὸς
2290 4282 2439 4354 ὑμῶν
2493 4279 2695 4351 στολὴν
2743 4279 2926 4357 δόξης,
2973 4277 3179 4354 ἔνδυμα
3228 4279 3550 4360 ἀφθαρσίας,
3582 4279 3777 4359 στέφα-

2123 4391 2211 4426 νον
2237 4368 2499 4441 κάλλους,
2533 4366 2773 4443 διάδημα
2810 4368 3097 4445 βασιλέως·
3124 4368 3213 4424 ⁹ίνα
3248 4368 3373 4425 τότε
3421 4368 3524 4446 ἔχῃ
3553 4372 3588 4440 ἠ
3620 4371 3775 4445 ψυχή

2126 4481 2222 4515 σου
2253 4458 2558 4535 παρρησίαν
2586 4459 2722 4535 πρὸς
2757 4456 2849 4515 τὸν
2893 4459 3046 4528 Θεὸν,
3080 4457 3333 4534 λέγουσα·
3387 4459 3571 4536 Κύριε,
3604 4456 3656 4514 ἐν
3700 4462 3783 4531 τῷ

2125 4546 2320 4621 κόσμῳ
2358 4546 2536 4621 τούτῳ
2566 4552 2647 4621 τῷ
2690 4547 2904 4621 ματαίῳ
2938 4544 3028 4603 διὰ
3055 4549 3118 4603 τὸ
3149 4544 3327 4621 ὄνομά
3377 4569 3472 4603 σου
3517 4549 3582 4603 τὸ
3625 4549 3781 4624 ἅγιον

364 4652 580 4694 nomen
611 4642 782 4696 tuum
819 4640 1024 4698 multis
1052 4641 1111 4697 in
1144 4641 1255 4699 hoc
1293 4661 1441 4699 vano
1492 4644 1716 4700 mundo
1765 4644 1920 4716 egui,
1957 4652 2003 4699 ul

2128 4635 2315 4693 πολλὰ
2373 4634 2814 4714 ὑστερήθην,’ίνα
2858 4637 2959 4706 τήν
3016 4635 3294 4712 βασιλείαν
3343 4656 3439 4692 σου
3489 4632 3780 4711 ἀπολάϐω,

368 4740 616 4800 regnum
645 4729 969 4802 acciperem
992 4735 1159 4788 tuum
1191 4749 1377 4805 eoque
1414 4733 1656 4803 fruerer,
1707 4734 1787 4788 mi
1827 4732 2022 4789 Domi-

370 4830 463 4870 ne.
494 4815 648 4871 Tum
674 4819 1054 4889 respondebit
1082 4819 1369 4876 Dominus
1399 4820 1670 4875 Christus
1703 4836 1715 4874 :
1746 4819 1803 4875 Si
1835 4824 1897 4875 tu
1929 4837 2025 4890 pa-

375 4919 509 4959 rum
551 4903 855 4975 laborasti,
923 4907 1111 4964 multa
1168 4908 1489 4981 praeparavi
1543 4907 1818 4976 tibi;sed
1868 4908 2025 4964 intra

376 4990 439 5047 in
469 4988 797 5049 thalamum
828 4993 1024 5066 gloriae
1047 5001 1394 5067 meaz,atque
1422 4996 1494 5052 iis
1522 4996 1712 5051 fruere
1734 5013 1864 5068 quae
1885 5014 2023 5053 ocu-

377 5078 474 5137 lus
504 5096 622 5136 non
652 5081 817 5150 vidit,
850 5099 954 5140 nec
985 5084 1145 5139 auris
1175 5084 1415 5151 audivit,
1458 5101 1564 5139 nec
1595 5085 1654 5139 in
1708 5101 1807 5141 cor
1834 5086 2023 5142 homi-

379 5167 475 5225 nis
503 5169 786 5242 ascendit,
818 5188 945 5243 quaa
976 5172 1292 5244 prmparavi
1341 5171 1724 5245 diligentibus
1773 5191 1887 5241 me,
1939 5180 2027 5231 at-

2130 4728 2220 4784 καὶ
2274 4725 2593 4800 ἀπολαῦσω,
2644 4731 2904 4784 Δέσποτα.
2938 4725 3035 4780 Καὶ
3088 4725 3212 4780 τότε
3255 4724 3368 4802 ἐρεῖ
3422 4726 3451 4782 6
3506 4727 3781 4797 Δεσπότης

2133 4817 2360 4892 Χριστὸς
2420 4813 2619 4891 λέγων’
2677 4815 2738 4872 Εἰ
2797 4814 2860 4870 σὺ
2919 4812 2978 4870 δὲ
3036 4813 3202 4891 ὀλίγα
3260 4813 3501 4886 ἐκοπίας,
3554 4814 3786 4890 (πολλὰ)

2132 4904 2408 4979 ἠτοίμασά
2456 4923 2562 4960 σοι·
2608 4902 2757 4960 ἀλλὰ
2821 4902 3032 4959 εἶ’σελθε
3089 4903 3164 4967 εἷς
3217 4904 3309 4961 τὸν
3367 4909 3634 4983 νυμφῶνα
3689 4911 3789 4974 τῆς

2135 4993 2293 5069 δόξης
2329 5016 2456 5069 μου,
2488 4992 2578 5049 καὶ
2627 4990 2938 5049 ἀπόλαυσον
2980 4992 3015 5047 ’ὰ
3062 4992 3347 5070 ὀφθαλμὸς
3400 4991 3500 5048 οὐκ
3537 4991 3666 5062 εἶδε,
3698 4991 3788 5045 καὶ

2136 5084 2227 5147 οῦς
2305 5083 2403 5138 οὐκ
2476 5081 2698 5154 ¹ἤκουσε,
2758 5081 2849 5137 καὶ
2906 5081 3019 5137 ἐπὶ·
3050 5080 3273 5158 καρδίαν
3344 5080 3630 5158 ἀνθρώπου
3689 5078 3788 5135 οὐκ

2138 5170 2324 5245 ἀνέϐη·
2362 5172 2462 5228 ὅσα
2516 5172 2792 5244 ὴτοίμασα
2846 5176 2963 5233 τοῖς
3023 5172 3270 5247 ἀγαπῶσί
3320 5192 3405 5245 με,
3439 5171 3528 5225 καὶ
3558 5170 3789 5223 ποθοῦσι

378 5271 494 5330 que
521 5260 858 5316 amantibus
891 5277 1104 5316 nomen
1136 5266 1405 5317 sanctum
1440 5278 1633 5319 meum
1672 5265 1737 5319 ⁶⁶.
1770 5265 1922 5320 Tum
1954 5265 2003 5320 ii:

2135 5265 2198 5319 τὸ
2230 5261 2402 5337 ὄνομά
2453 5283 2558 5335 μου
2613 5262 2676 5316 τὸ
2737 5262 2908 5336 ἅγιον.
2944 5262 3047 5318 Καὶ
3101 5261 3226 5318 τότε
3279 5257 3605 5321 ἀπολαύσεις
3660 5257 3797 5332 μετᾶ

379 5349 700 5420 perfrueris
730 5366 863 5406 eum
900 5352 1093 5407 choris
1126 5358 1464 5408 sanctorum
1515 5353 1898 5427 angelorum;
1931 5371 2003 5410 ari

2139 5357 2327 5430 χορῶν
2384 5349 2552 5424 ἁγίων
2608 5346 2882 5426 ἀγγέλων,
2932 5347 3023 5405 καί
3078 5348 3464 5429 ἀρχαγγέλων,
3509 5347 3600 5405 καὶ
3665 5366 3799 5426 μαρ-

445 5553 494 5588 ⁶²
524 5553 689 5612 Prov.
718 5571 811 5625 xv,
847 5556 933 5611 18.
1007 5557 1054 5592 ⁸³
1084 5556 1290 5614 Matth.
1321 5574 1479 5629 xvm,
1508 5558 1563 5614 3.
1639 5559 1685 5594 ⁶⁴
1703 5557 1914 5630 Ephes.
1947 5574 2003 5614 ιν

2114 5559 2146 5615 i.
2222 5558 2268 5594 ⁸⁸
2299 5558 2438 5613 Luc.
2468 5572 2631 5629 xvm,
2668 5556 2755 5612 15.
2829 5556 2875 5593 ⁸⁸
2904 5556 2926 5612 Ι
2956 5557 3085 5614 Cor.
3119 5573 3181 5626 ιι,
3213 5557 3269 5612 9.

469 5731 580 5803 (37)
611 5737 794 5792 Locus
820 5735 1157 5797 intricatus.

2216 5736 2331 5811 (38)
2364 5737 2425 5796 F.
2459 5733 2747 5796 εὐτέλειαν.
