4116 6406
420 440 572 503 1113
1172 439 1273 497 DE
1318 436 1618 497 SANCTA
1660 437 2087 497 'l‘RlNl'l‘AI‘E
2134 437 2469 498 DIALOG].
2505 470 2581 481 --
2619 432 3077 495 ADMONITIO.
3680 425 3834 483 HM

416 590 617 645 τυρων,
651 566 741 621 καὶ
782 567 994 621 πάντων
1045 571 1153 619 τῶν
1187 566 1373 641 ἁγίων.
1422 568 1552 621 Τότε
1598 566 1707 639 ἐρεῖ
1736 567 1763 620 ὁ
1795 568 2034 636 Δεσπότη

2202 568 2619 637 :hangelorum,
2653 569 2976 636 martyrum
3036 567 3091 617 et
3147 561 3411 617 omnium
3468 560 3827 614 sanctorum.

417 658 665 729 Χριστὸς,
696 661 813 716 τοῖς
850 655 1276 730 ἀγωνισαμένοις
1311 652 1399 708 διὰ
1427 656 1488 708 τὸ
1530 650 1699 725 ὄνομα
1732 656 1915 725 αὐτοῦ,
1948 662 2042 709 “toi.

2202 659 2307 711 laec
2340 657 2489 711 dicet
2542 656 2828 711 Dominus
2877 652 3143 706 Christus
3177 652 3245 706 iis
3292 651 3389 721 qui
3445 652 3683 719 propter
3724 662 3827 699 no-

422 748 495 821 μή
531 746 783 819 ὀμόσασι,
816 750 931 805 τοῖς
988 745 1061 815 μὴ
1117 742 1369 815 κλέψασι,
1427 750 1542 804 τοῖς
1597 746 1670 815 μὴ
1718 745 2039 819 πορνεύσασι

2201 764 2307 801 nen
2342 764 2515 799 suum
2561 743 3003 807 decertaverint,
3039 740 3139 812 qui
3185 758 3297 795 non
3340 737 3687 811 juraverint,
3722 751 3826 790 nec

420 841 537 895 τοῖς
575 836 649 905 μὴ
692 834 1068 906 ψευσαμένοις,
1102 837 1216 893 τοῖς
1266 833 1340 904 μὴ
1393 833 1561 907 ὀργὴν
1593 833 1679 885 καὶ
1724 832 1899 904 λύπην
1934 835 2045 910 πρὸ

2196 835 2372 903 'urati,
2428 835 2714 900 fornicati,
2748 830 2977 886 mentiti
3028 830 3262 895 fuerint,
3295 828 3391 899 qui
3438 845 3550 881 non
3604 826 3673 880 ad
3708 825 3821 879 ira-

416 925 507 980 τὸν
558 922 793 992 πλησίον
849 924 1130 991 ποιήσασι,
1176 926 1289 982 τοῖς
1345 920 1753 992 ἐλεήσασιτοῦς
1808 924 2040 993 πένητας

2207 927 2453 980 ηυηάἱαῑη
2537 926 2620 979 vel
2683 925 2981 979 tristitiam
3044 921 3375 993 proximum
3454 916 3832 989 provocarint

420 1012 506 1067 καὶ
559 1013 633 1084 μὴ
683 1012 1049 1084 ἀποστρέψασι
1101 1012 1163 1064 τὸ
1208 1012 1501 1084 πρόσωπον
1550 1013 1720 1065 αὐτῶν
1773 1013 1863 1065 ἀπ’
1890 1013 2045 1066 aurci»

2213 1017 2291 1086 μή
2328 1015 2787 1069 misericordiam
2824 1029 2961 1083 erga
3004 1026 3291 1082 pauperes
3323 1007 3705 1071 exercuerint,
3739 1004 3838 1074 qui

418 1100 707 1170 ἀλλήλων.
744 1103 805 1178 ’ῼ
854 1104 887 1169 ἡ
923 1098 1048 1169 δόξα
1089 1101 1178 1155 καὶ
1226 1102 1287 1154 τὸ
1333 1103 1527 1175 κράτος
1574 1102 1649 1162 εἷς
1696 1102 1822 1163 τοὺς
1865 1102 2043 1157 αἰῶνα

2219 1122 2307 1158 Ion
2370 1122 2400 1157 a
2433 1102 2713 1174 proximis
2757 1101 2881 1157 suis
2911 1101 3138 1155 vultum
3180 1096 3493 1153 everterint
3524 1110 3718 1151 suum.
3754 1091 3844 1145 llli

415 1194 524 1244 τῶν
560 1189 797 1244 αἰώνων.
833 1190 892 1243 Ἀ
905 1192 1008 1261 μήν
1022 1233 1034 1245 .

2214 1194 2381 1264 gloria
2412 1198 2468 1248 et
2498 1193 2811 1264 imperium
2862 1192 2920 1245 in
2965 1188 3176 1245 secula
3217 1186 3587 1242 seculorum.
3636 1186 3839 1238 Amen.

716 1602 829 1685 IN
891 1602 1417 1712 QUINQUE
1488 1602 2068 1689 DIALOGOS
2134 1599 2797 1713 SEQUENTES
2860 1595 3542 1687 ADMONITIO.

496 1805 543 1857 1.
578 1804 813 1859 Multum
841 1804 1151 1875 discrepant
1181 1807 1239 1860 in
1272 1806 1530 1862 horumce
1583 1806 1950 1878 Dialogorum
1985 1808 2344 1879 inscriptione
2395 1808 2606 1862 codices
2638 1825 2657 1862 :
2687 1806 2817 1861 aliis
2862 1805 3188 1868 Athanasio,
3220 1802 3455 1856 Maximo
3503 1805 3686 1853 autem
3711 1797 3843 1851 aliis

418 1895 834 1961 referentibus,-
866 1895 998 1948 aliis
1029 1895 1249 1949 demum
1296 1898 1507 1950 nomini
1536 1897 1950 1951 ascribentibns.
1986 1897 2085 1951 Sed
2137 1899 2457 1967 priusquam
2490 1895 2624 1966 quid
2653 1896 2808 1949 nobis
2855 1895 2926 1947 sit
2956 1893 3055 1947 hac
3083 1892 3145 1946 de
3176 1907 3232 1946 re
3281 1888 3557 1961 opinionis
3585 1886 3847 1958 profera—

423 1997 569 2046 mus,
604 1982 868 2037 audiendi
894 1992 1026 2038 sunt
1056 1985 1151 2054 qui
1198 1984 1350 2039 hosce
1381 1984 1651 2057 Dialogos
1699 1986 1933 2040 edidere.
1972 1988 2076 2040 Hoc
2105 2002 2237 2056 opus
2289 1986 2476 2041 Graece
2505 1988 2557 2039 et
2590 1986 2777 2039 Latine
2820 1983 3099 2054 publicum
3148 1982 3275 2050 fecit
3327 1977 3625 2033 Theodorus
3678 1975 3848 2029 Βάκιν

420 2088 567 2127 anno
602 2074 759 2138 1570,
791 2076 937 2145 typis
969 2079 1020 2128 et
1048 2090 1213 2145 Opera
1263 2078 1481 2130 Itenrici
1512 2077 1794 2146 Stephani.
1844 2079 1981 2131 Hinc
2012 2077 2375 2132 Commeliani
2418 2078 2707 2131 ediderunt
2738 2091 2882 2130 anno
2914 2074 3071 2138 l600,
3103 2089 3168 2127 ac
3215 2071 3463 2141 deinceps
3490 2071 3549 2123 in
3593 2066 3845 2124 omnibus

418 2162 852 2217 Graec-Latinis
880 2162 1039 2217 editis
1088 2179 1279 2217 casum
1307 2167 1436 2234 fuit.
1489 2165 1717 2219 Demum
1750 2164 2102 2234 Combe/isius
2132 2166 2278 2220 inter
2325 2182 2490 2237 opera
2519 2166 2745 2220 Maximi
2795 2164 2997 2230 edidit,
3034 2164 3383 2232 Maximoque
3428 2176 3529 2229 pro
3564 2157 3840 2228 facultate

416 2249 733 2305 vindicavit.
773 2250 881 2317 Qui
903 2253 1063 2321 prior
1094 2254 1334 2322 vulgavit
1368 2252 1559 2322 'I'heod,
1595 2255 1734 2307 Bosa
1766 2254 1887 2309 limo
1914 2255 2203 2325 praefatur
2231 2273 2247 2307 :
2280 2252 2549 2324 Quinque
2582 2256 2828 2308 istorum
2866 2253 3222 2321 Dialogorum
3254 2249 3548 2318 exemplar
3580 2246 3638 2299 in
3670 2248 3833 2299 vetu-

418 2338 699 2394 stissimis
726 2340 1086 2395 membranis
1121 2341 1504 2412 descriptum,
1538 2342 1821 2396 divinitus
1850 2344 2045 2413 potius
2077 2359 2253 2413 quam
2287 2360 2425 2397 casu
2459 2360 2491 2396 a
2521 2341 2779 2398 Grasculo
2811 2341 3064 2412 quodam
3099 2340 3206 2393 hac
3238 2341 3580 2393 transeunte
3611 2334 3841 2388 redem-

418 2428 1074 2498 ptum,communicavit
1104 2430 1249 2483 mihi
1283 2430 1692 2501 amplissimus
1724 2431 1901 2500 hujus
1920 2431 2175 2486 civitatis
2202 2436 2443 2486 senatus
2464 2448 2476 2486 :
2497 2432 2652 2501 quod
2674 2430 3029 2499 quibusdam
3062 2427 3206 2483 locis
3239 2420 3842 2494 mutilum,nonnullis

420 2517 615 2583 etiam,
650 2518 751 2572 sed
781 2518 1181 2588 paucissimis,
1232 2520 1611 2590 depravatum
1666 2520 1860 2575 inveni
1899 2537 1909 2574 :
1944 2537 2009 2575 eo
2040 2526 2300 2592 excepto,
2352 2520 2506 2591 quod
2554 2517 2780 2593 γενητός
2830 2524 2886 2574 et
2925 2516 3187 2590 ἀγένητος
3236 2530 3387 2586 saepe
3436 2512 3722 2584 scriptum
3755 2516 3845 2565 est

425 2622 527 2676 pro
555 2606 809 2680 γεννητός
841 2612 897 2662 et
928 2607 1211 2681 ἀγέννητος
1247 2627 1259 2664 :
1295 2609 1352 2663 in
1404 2610 1620 2679 quibus
1652 2610 2059 2681 permutandis
2108 2610 2333 2665 voculis
2366 2610 2713 2665 Eunomiani
2766 2625 2953 2663 causae
2986 2624 3104 2661 suae
3146 2606 3460 2661 servientes
3508 2601 3792 2656 ludebant
3826 2615 3839 2653 :

425 2712 573 2765 quas
604 2712 709 2766 ego
743 2697 956 2752 idcirco
988 2699 1214 2753 Graacas
1248 2700 1307 2753 in
1344 2700 1574 2754 duobus
1606 2701 1813 2770 primis
1847 2700 2095 2771 dialogis
2123 2700 2356 2771 reliqui,
2378 2701 2560 2754 donec
2590 2698 2857 2753 videlicet
2890 2698 3047 2752 hunc
3077 2713 3333 2752 errorem
3368 2693 3535 2764 plane
3569 2689 3839 2746 animad-

423 2786 751 2840 vertissem.
787 2786 1046 2850 Quatuor
1074 2804 1142 2843 ex
1174 2788 1303 2843 istis
1335 2788 1577 2858 priores,
1609 2789 1928 2843 Athanasio
1958 2789 2042 2843 illi
2076 2789 2307 2860 (Magno
2340 2789 2630 2856 videlicet)
2662 2793 2796 2843 sunt
2826 2786 3092 2857 inscripti
3128 2802 3140 2839 :
3174 2782 3404 2839 etiamsi
3435 2781 3625 2836 aliena
3666 2794 3843 2834 manu

420 2874 768 2929 adnotatum
801 2882 925 2930 erat
951 2877 1021 2930 ad
1057 2877 1235 2947 primi
1264 2878 1474 2948 dialogi
1510 2879 1854 2948 marginem,
1910 2878 2008 2930 Τὸν
2038 2898 2045 2911 ι

2212 2898 2274 2930 τα
2308 2875 2561 2951 διάλογον
2597 2875 2649 2929 οἷ
2703 2876 2797 2947 μὲν
2833 2873 3172 2943 Ἀθανασίου,
3207 2872 3256 2925 οἱ
3308 2868 3364 2924 δὲ
3406 2867 3654 2940 Μαξίμου
3705 2871 3837 2919 εἶναι

419 2959 689 3035 λέγουσιν·
730 2968 787 3018 et
817 2964 1071 3020 habebat
1102 2966 1279 3021 etiam
1314 2965 1461 3020 liber
1494 2966 1591 3022 ille
1620 2968 1857 3021 Maximi
1891 2966 2195 3032 nonnulla,
2228 2968 2352 3038 ejus
2381 2967 2675 3035 videlicet,
2708 2967 2805 3037 qui
2858 2964 3062 3019 multis
3096 2970 3224 3034 post
3254 2959 3637 3016 Athanasium
3672 2957 3842 3038 annis

416 3030 965 3123 Monophysitarum
998 3053 1265 3109 haeresim
1302 3056 1595 3111 refutavit.
1628 3056 1794 3110 Certe
1826 3056 1971 3111 nihil
2005 3030 2407 3123 habent,'meo
2431 3030 2994 3125 judicio,A-tha11asii
3028 3030 3113 3108 vel
3148 3049 3384 3107 nomine
3418 3030 3843 3119 indignum,vel

418 3140 782 3210 temporibus
817 3158 931 3197 non
964 3145 1609 3215 congruenszquemvis
1640 3150 1839 3215 postea
1872 3148 2061 3217 magis
2092 3146 2345 3217 grassati
2377 3146 2687 3200 videantur
2718 3142 3232 3215 Apollinaristae,et
3254 3136 3575 3195 Macedonii
3601 3132 3841 3190 haeresis

414 3229 771 3285 cecumenico
802 3231 1044 3285 demum
1079 3232 1326 3287 concilio
1366 3234 1475 3289 sub
1506 3233 1836 3289 Theodosio
1868 3236 2076 3306 Magno
2120 3235 2294 3290 fuerit
2328 3236 2675 3305 proscripta.
2711 3234 2961 3297 Quintus
2992 3248 3124 3286 vero
3158 3247 3271 3284 non
3304 3234 3421 3283 tam
3456 3224 3723 3296 dialogus
3751 3228 3843 3277 est

420 3332 598 3387 quam
630 3319 1045 3390 compendium
1080 3323 1397 3393 quoddam,
1432 3329 1496 3377 ut
1543 3329 1805 3395 apparet,
1836 3323 1922 3378 vel
1953 3324 2023 3379 ab
2056 3323 2185 3395 ipso
2217 3324 2514 3395 Gregorio,
2552 3329 2692 3395 puta
2748 3322 3128 3387 Nazianzeno,
3161 3318 3447 3375 acerrimo
3478 3312 3833 3387 Apollinari-

419 3410 641 3461 starum
674 3414 1077 3480 oppugnatore
1110 3411 1196 3481 (ut
1226 3427 1294 3465 ex
1326 3414 1512 3483 ipsius
1546 3413 1616 3466 ad
1671 3413 2012 3467 Cledonium
2045 3412 2295 3484 epistola
2323 3414 2545 3483 liquet),
2580 3414 2725 3467 407
2766 3411 2851 3466 vel
2883 3428 2950 3466 ex
2984 3409 3181 3480 aliqua
3224 3407 3410 3478 ipsius
3443 3401 3838 3475 disputatione

417 3500 775 3567 excerptum.
811 3498 960 3553 Sunt
990 3505 1186 3554 autem
1219 3506 1370 3555 certe
1404 3503 1459 3555 in
1495 3503 1584 3557 his
1616 3503 1862 3571 Dialogis
1894 3504 2146 3558 obscura
2176 3504 2532 3573 quadam,et
2562 3519 2689 3572 qua:
2720 3501 2960 3556 aliunde
2999 3497 3159 3554 illata
3191 3497 3317 3551 luce
3348 3490 3838 3565 indigeant.Quod

413 3591 470 3640 et
500 3586 547 3641 si
582 3602 739 3642 nunc
769 3604 803 3641 a
831 3603 945 3656 me,
973 3586 1128 3642 sicut
1157 3589 1229 3643 ab
1260 3590 1426 3645 initio
1458 3591 2173 3662 constitueram,przsstari
2206 3608 2320 3646 non
2354 3592 2563 3661 potuit,
2598 3590 2755 3644 brevi
2790 3595 3001 3656 tamen,
3035 3594 3099 3641 ut
3130 3604 3319 3657 spero,
3355 3590 3411 3639 et
3442 3582 3683 3653 quidem
3716 3596 3831 3633 non

415 3677 542 3732 sine
575 3676 770 3730 fenore
802 3677 1193 3747 praestabitur.
1230 3683 1289 3732 in
1317 3679 1434 3734 illis
1460 3680 1618 3734 enim
1668 3681 1923 3735 citantur
1952 3680 2236 3737 nonnulla
2285 3681 2597 3752 Scriptum
2628 3679 2962 3735 testimonia
2997 3694 3108 3732 non
3159 3676 3302 3731 satis
3333 3672 3596 3745 apposite
3631 3695 3645 3727 :
3678 3670 3833 3741 quod

416 3765 693 3822 omnibus
725 3763 958 3819 illorum
991 3771 1323 3837 temporum
1374 3768 1785 3839 scriptoribus,
1813 3775 1937 3823 tum
1986 3768 2201 3824 Graecis
2235 3774 2357 3823 tum
2412 3768 2656 3833 Latinis,
2686 3765 3033 3839 sapiuscule
3065 3764 3274 3833 evenit,
3310 3763 3450 3816 dum
3486 3757 3833 3832 posteriores

415 3854 562 3925 ipsis
613 3853 756 3909 locis
789 3870 903 3909 non
961 3854 1264 3924 inspectis,
1298 3857 1559 3926 priorum
1619 3857 1863 3929 vestigia
1919 3863 2250 3929 sequuntur
2285 3876 2297 3913 :
2332 3875 2398 3913 ac
2457 3857 2670 3928 partim
2730 3856 2928 3923 etiam,
2988 3854 3143 3925 quod
3177 3859 3372 3907 Greece
3420 3847 3616 3913 editio,
3652 3863 3827 3918 quam

416 3942 802 4014 Septuaginta
834 3947 1059 4012 vocant,
1084 3944 1355 4013 quamvis
1386 3944 1633 4000 inﬁnitis
1666 3946 1809 4001 locis
1843 3946 2009 4016 falsa,
2033 3962 2099 4001 ac
2130 3948 2426 4002 interdum
2454 3948 2631 4001 etiam
2666 3944 2913 4000 ridicula
2941 3950 2999 3999 et
3028 3941 3310 4013 inepta,in
3342 3937 3615 3994 Ecclesiis
3635 3942 3833 3991 tamen

418 4032 745 4098 obtineret;
780 4031 927 4086 tanti
960 4035 1050 4087 est
1100 4032 1381 4087 momenti
1412 4048 1481 4089 ex
1529 4033 1788 4089 fontibus
1822 4033 1966 4104 ipsis
2019 4033 2323 4089 veritatem
2358 4033 2612 4087 haurire.
2648 4033 2769 4086 Huc
2820 4033 2996 4087 etiam
3030 4029 3239 4085 accidit
3287 4030 3569 4099 perpetua
3601 4023 3835 4079 illorum

414 4126 746 4193 temporum
780 4120 961 4188 labes,
997 4121 1259 4176 studium
1296 4121 1565 4177 videlicet
1604 4122 2015 4193 allegoriarum
2050 4123 2319 4187 nimium,
2354 4124 2508 4192 quod
2545 4122 2759 4191 passim
2813 4121 2968 4192 apud
3010 4125 3229 4175 veteres
3277 4116 3478 4171 multis
3526 4113 3839 4185 Scriptura

417 4208 563 4266 locis
612 4210 1001 4281 depravandis
1032 4211 1398 4266 occasionem
1453 4211 1772 4282 praebuisse
1804 4217 2055 4267 constat.
2106 4213 2213 4266 Sed
2266 4212 2386 4265 haec
2436 4211 2633 4265 omnia
2679 4211 2845 4265 facile
2892 4209 3071 4264 veluti
3119 4206 3339 4279 cperiet
3386 4207 3514 4276 ipsa
3560 4202 3835 4258 doctrinas

414 4300 742 4355 orthodoxae
773 4300 1007 4365 veritas,
1041 4300 1400 4356 ﬁrmissimis
1430 4317 1497 4356 ac
1527 4300 1903 4356 solidissimis
1932 4302 2299 4374 argumentis
2329 4301 2585 4356 defensa.

487 4390 754 4443 Hactenus
794 4389 956 4456 Bem,
1006 4390 1213 4459 minus,
1269 4391 1352 4444 uti
1400 4390 1551 4458 solet,
1597 4392 1777 4445 sobrie
1823 4391 1886 4446 de
1935 4392 2058 4445 LXX
2102 4392 2347 4446 versione
2395 4391 2622 4445 locutus.
2677 4388 2754 4443 Ad
2801 4394 2913 4443 haec
2958 4386 3353 4442 Fate/immitius
3402 4386 3458 4437 in
3503 4383 3644 4436 notis
3693 4380 3827 4436 edit.

418 4477 652 4547 Comm.,
682 4493 739 4546 p.
772 4477 840 4531 84
874 4493 885 4529 ;
920 4478 1004 4531 Ad
1038 4494 1105 4533 ea
1136 4494 1263 4549 quas
1316 4478 1603 4550 interpres
1637 4480 1693 4533 in
1745 4482 1902 4551 prmi.
1937 4498 2045 4535 sua
2093 4479 2341 4550 monuit,
2375 4479 2587 4534 addere
2636 4479 2826 4535 visum
2860 4482 2950 4531 est
2974 4481 3029 4531 et
3061 4475 3201 4529 haec.
3252 4474 3462 4528 Praeter
3509 4469 3823 4524 editionem

415 4565 820 4638 Stephanaeam
854 4570 912 4621 et
943 4566 1203 4622 codicem
1254 4567 1421 4622 illum
1452 4574 1748 4624 vetustum
1783 4587 1897 4640 quo
1950 4570 2075 4642 ipse
2124 4570 2413 4641 interpres
2460 4567 2596 4623 olim
2651 4585 2791 4622 usus
2839 4570 2947 4632 est,
2980 4564 3298 4621 habuimus
3347 4562 3522 4617 etiam
3567 4558 3828 4614 codicem

416 4654 769 4723 Palatinum,
801 4654 931 4725 quis
963 4655 1070 4711 hos
1105 4658 1361 4726 Dialogos
1388 4658 1648 4729 integros
1679 4658 1906 4726 habuit,
1934 4659 2049 4714 imo
2081 4657 2392 4730 pleniores,
2429 4664 2491 4712 ut
2518 4676 2575 4729 p.
2608 4656 2731 4723 169,
2765 4655 3051 4710 monitum
3086 4658 3174 4708 est
3200 4653 3332 4723 (39),
3366 4655 3422 4706 et
3452 4648 3631 4704 alium
3665 4646 3833 4702 Pala-

418 4744 523 4799 tin.
560 4745 629 4799 Et
660 4750 990 4815 Augustan.
1011 4745 1110 4815 qui
1141 4746 1536 4816 fragmentum
1573 4753 1803 4803 tantum
1837 4747 2053 4821 dialogi
2082 4751 2119 4801 2
2147 4747 2649 4817 continent,idque
2684 4752 2747 4800 ut
2779 4745 3005 4799 videtur
3036 4742 3224 4799 solum
3257 4742 3475 4816 ~p-/,a:ov
3506 4734 3830 4801 AthanaSii.

420 4837 482 4887 ut
511 4832 583 4887 ad
609 4849 662 4903 p.
701 4834 800 4888 166
832 4833 1088 4904 amplius
1111 4834 1397 4891 dicemus.
1430 4836 1577 4891 Sane
1611 4836 1857 4891 Palatin.
1894 4839 2045 4893 code:

2205 4838 2447 4900 emissis,
2483 4834 2733 4906 Μαξίμου
2771 4836 3017 4907 μοναχοῦ
3055 4830 3174 4905 ὅροι
3209 4827 3486 4906 διάφοροι,
3519 4832 3830 4899 posteaque

417 4922 719 4993 subjectis,
782 4919 964 4982 οὐσίας
1020 4921 1109 4975 καὶ
1168 4920 1400 4999 φύσεως,
1458 4922 1820 4977 ἐνυποστάτου
1899 4923 2218 4996 ὁμοοοσίου,
2296 4923 2593 4985 οὑσιώδονς
2670 4923 2907 4983 ἐνώσεως
2980 4920 3068 4975 καὶ
3143 4919 3401 4997 διαφορᾶς
3484 4916 3825 4973 ὑποστάσεως

417 5008 679 5082 tvo-ocios,
713 5016 770 5067 et
799 5011 1083 5067 similium
1116 5013 1341 5084 aliquot
1372 5014 1759 5069 terminorum
1792 5014 2251 5083 tbeOIOgicorum
2283 5015 2745 5080 deﬁnitionibus,
2780 5014 2978 5068 statim
3006 5012 3115 5068 hos
3132 5012 3393 5079 Dialogos
3412 5010 3632 5079 absque
3654 5004 3830 5061 ullius

416 5100 657 5157 alterius
675 5101 931 5156 auctoris
964 5102 1260 5156 mentione
1290 5102 1737 5158 submittit.tmo
1771 5102 2085 5174 Gregorius
2117 5101 2587 5177 Πρωτοσύγγῑλος
2621 5104 2713 5173 (de
2744 5119 2859 5173 quo
2892 5118 3071 5172 supra
3102 5102 3172 5155 ad
3210 5120 3261 5171 p.
3284 5100 3401 5168 180)
3436 5112 3705 5168 expresse
3725 5094 3832 5147 hos

414 5191 673 5261 Dialogos
703 5190 950 5245 Maximo
984 5190 1373 5255 tribuit.0uod
1410 5194 1604 5264 ipsum
1629 5193 1977 5247 conﬁrmare
2013 5192 2238 5247 videtur
2268 5198 2325 5248 et
2356 5192 2686 5263 illud,quod
2719 5192 2983 5263 pag.-l80,
3017 5195 3084 5255 A,
3118 5190 3289 5243 tacite
3321 5187 3591 5241 innuitur
3612 5183 3833 5240 additio

417 5282 488 5335 ad
520 5279 866 5352 Symbolum
902 5279 1225 5347 Nicanum,
1260 5283 1411 5337 facta
1441 5281 1498 5336 in
1531 5282 1752 5354 synodo
1786 5299 1846 5351 ιι,
1880 5282 2238 5337 cecumenica
2290 5283 2729 5351 Constantinop.
2766 5282 2875 5335 sub
2906 5279 3227 5333 Theodosio
3261 5279 3277 5331 Ι
3312 5278 3683 5348 imperatore,
3717 5292 3831 5344 quo

416 5374 681 5441 tempore
731 5369 858 5439 jam
916 5368 1141 5425 obierat
1197 5370 1580 5427 Athanasius.
1640 5375 1818 5427 Porro
1875 5370 1936 5425 in
2002 5371 2041 5425 it

2207 5371 2384 5427 )tione
2431 5372 2566 5437 ista,
2598 5373 2700 5423 Τοῦ
2747 5367 2797 5421 ἐν
2833 5365 3009 5440 ἁγίοις
3062 5366 3272 5440 ΙΙατρὸς
3324 5367 3484 5436 ἡμῶν
3518 5362 3832 5420 Ἀθανασίου

420 5454 854 5531 ἀρχιεπισκὸπου
886 5454 1312 5525 Ἀλεξανδρείας,
1367 5477 1482 5515 non
1514 5465 1654 5515 sunt
1704 5459 1764 5515 in
1796 5465 1935 5516 vett.
1969 5477 2045 5516 col

2212 5461 2246 5515 d
2298 5461 2370 5515 ab
2402 5460 2594 5531 operis
2643 5458 2995 5530 aequalitatis
3027 5472 3205 5511 causa
3236 5472 3365 5511 cum
3418 5454 3660 5526 reliquis
3694 5471 3834 5525 ope-

421 5546 589 5602 ribus
621 5545 997 5605 addita.Nam
1030 5547 1183 5602 sicut
1213 5547 1557 5616 Palatin.,ut
1587 5548 1895 5619 dixi,omni
1926 5549 2182 5606 auctoris
2214 5550 2451 5605 nomine
2480 5547 2748 5615 caret,sic
2779 5550 2836 5603 et
2865 5549 3133 5601 vetustus
3166 5544 3261 5599 ille
3290 5543 3827 5615 interpretis,quem

496 5744 609 5817 (39)
636 5744 732 5802 He
763 5744 1071 5803 oitationes
1102 5745 1160 5802 in
1201 5746 1308 5803 hac
1338 5748 1592 5805 editions
1622 5748 1915 5807 habentur
1944 5750 2116 5808 infra.
