4116 6416
276 379 430 440 1115
1436 381 1502 442 S.
1554 380 1901 442 ATHANAE

2070 412 2185 439 .—
2214 380 2527 445 SPURIA.
3538 378 3695 444 1116

273 512 467 573 littera
495 514 542 571 G
571 514 816 589 signabo
847 514 969 588 (qui
1002 515 1155 572 alius
1184 520 1379 571 tamen
1413 520 1503 571 est
1533 532 1565 570 a
1595 513 1963 587 Gobleriano,
1996 515 2149 587 quod
2184 516 2531 590 notandum)
2565 517 2720 573 aliud
2759 515 2899 572 nihil
2933 516 3109 574 habet
3138 516 3210 571 de
3241 517 3694 587 auctore,quam

271 618 403 675 quis
431 603 720 675 interpres
750 604 806 659 in
842 605 1175 676 prmiatione
1208 604 1425 677 posuit.

345 690 694 758 Combeﬁsius
722 693 960 749 secundo
990 703 1129 749 tomo
1173 709 1402 766 operum
1431 696 1614 749 sancti
1661 692 1908 764 Maximi,
1937 710 1994 766 p.
2028 694 2153 763 381,
2187 693 2299 749 haec
2346 693 2501 749 habet
2534 712 2551 748 :
2583 693 2831 750 Maximo
2881 692 3187 749 ascribunt
3234 691 3480 748 Romani
3520 690 3693 747 codd.

273 784 331 836 et
364 780 586 845 Veneti,
617 781 861 853 ipseque
911 781 1193 837 Dufrenii.
1228 783 1436 855 Sicque
1468 782 1690 854 passim
1742 782 1921 837 citant
1954 781 2134 838 Graeci
2185 782 2283 854 qui
2315 780 2592 854 πολεμικά
2640 783 3007 855 scripserunt
3036 800 3069 838 a
3101 783 3203 837 400
3251 785 3310 836 et
3344 780 3452 835 500
3481 779 3693 848 annis,

275 869 380 924 etsi
416 869 591 925 iidem
643 870 997 943 quandoque
1044 871 1295 941 variant,
1329 870 1624 943 citentque
1655 872 1829 926 etiam
1862 871 2167 927 Athanasii
2200 874 2436 928 nomine
2462 889 2476 933 ;
2507 872 2770 929 variante
2799 871 3020 928 scilicet
3059 871 3198 927 olim
3232 870 3318 926 eis
3340 871 3465 943 jam
3500 884 3693 925 exemo

275 958 528 1029 plarium
578 959 1003 1032 inscriptione:
1040 977 1170 1015 cum
1222 966 1425 1015 notum
1477 961 1555 1015 sit
1603 977 1717 1016 non
1770 977 1899 1015 esse
1948 961 2250 1017 Athanasii
2300 979 2471 1034 opus,
2522 961 2632 1017 etsi
2679 961 3019 1017 Theodorus
3065 961 3212 1016 Beza
3259 961 3388 1030 ejus
3436 957 3696 1031 vulgavit

276 1045 536 1115 nomine,
571 1053 680 1103 etc.
716 1049 777 1102 In
806 1050 949 1104 notis
976 1065 1140 1120 porro
1172 1066 1228 1120 ι).
1261 1049 1368 1103 715
1398 1051 1478 1105 ait
1510 1051 1640 1121 ipse,
1669 1051 2083 1121 prwstantiores
2111 1067 2226 1106 esse
2255 1052 2351 1123 qui
2379 1051 2613 1107 Maximo
2643 1051 2903 1106 tribuunt
2932 1050 3162 1119 codices,
3191 1064 3358 1120 quam
3401 1048 3501 1120 qui
3529 1048 3697 1101 Atha-

276 1151 454 1192 M810.

352 1227 460 1282 Hic
488 1242 584 1282 nos
614 1226 907 1299 adjicimus
935 1227 1171 1284 codicem
1206 1244 1309 1299 quo
1340 1228 1552 1283 utimur
1580 1228 1829 1299 Regium,
1860 1229 2134 1296 neutrius,
2165 1244 2265 1284 nec
2313 1229 2609 1285 Athanasii
2634 1229 2843 1284 scilicet
2868 1243 2968 1283 nec
3014 1227 3283 1296 Maximi,
3313 1241 3520 1281 nomen
3544 1238 3703 1296 prae—

278 1315 446 1383 ferre.
483 1314 540 1369 In
576 1319 847 1372 Vaticano
874 1332 1039 1387 porro
1067 1316 1245 1373 codice
1290 1318 1583 1372 Athanasii
1614 1318 2014 1372 inscribuntur.
2061 1318 2293 1373 Joannes
2324 1319 2455 1374 item
2507 1318 2906 1390 Cyparissiotes
2950 1317 3151 1372 decad.
3184 1316 3237 1382 3,
3268 1331 3315 1370 ε.
3346 1316 3402 1385 5,
3435 1314 3537 1370 hoc
3566 1329 3703 1385 opus

283 1403 595 1473 Dialogum
630 1419 668 1458 ιι
699 1413 854 1459 vocat
881 1404 1170 1461 Athanasii
1216 1422 1341 1460 cum
1373 1405 1505 1462 Aria
1535 1407 1595 1461 in
1641 1406 1846 1478 synodo
1875 1405 2122 1462 Nicx’na.
2172 1406 2358 1462 Citant
2409 1409 2541 1463 item
2583 1407 2793 1479 passim
2848 1407 3183 1462 recentiores
3236 1404 3445 1473 σηκοὶ,
3488 1404 3704 1460 Marcus

283 1491 607 1563 Ephesinus,
640 1498 905 1562 Georgius
934 1495 1238 1565 Metochita,
1272 1496 1504 1551 Vecchus
1546 1499 1599 1550 et
1624 1497 1727 1550 alii
1757 1512 1769 1549 :
1803 1496 2095 1551 Athanasii
2142 1495 2324 1562 modo,
2372 1496 2530 1552 modo
2574 1497 2822 1552 Maximi
2871 1498 3110 1550 nomine.
3141 1494 3206 1549 At
3233 1494 3403 1565 fuisse
3449 1493 3701 1548 Athana-

279 1583 361 1637 sio
388 1597 678 1652 perperam
706 1584 966 1655 ascripta,
1022 1599 1182 1640 nemo
1203 1585 1322 1656 jam
1369 1585 1623 1640 eruditus
1651 1600 1761 1640 non
1808 1585 2077 1641 wstimat.
2110 1584 2267 1641 Nihil
2296 1584 2444 1641 enim
2489 1585 2582 1640 hic
2610 1585 2906 1640 Athanasio
2956 1583 3182 1655 dignum
3231 1585 3502 1654 comparet
3531 1600 3550 1636 :
3600 1596 3703 1637 nec

290 1680 636 1741 usurpantur
665 1671 758 1727 hic
785 1687 849 1727 ea
876 1687 1020 1744 saepe
1049 1688 1173 1744 quae
1219 1676 1423 1745 sapius
1453 1672 1672 1729 adhibet
1701 1673 2037 1729 Athanasius
2084 1684 2414 1743 argumenta
2461 1674 2720 1729 adversus
2766 1674 2999 1728 Arianos
3028 1676 3083 1727 et
3126 1674 3427 1727 Anomteos.
3459 1670 3701 1726 Maximo

277 1775 410 1815 sane
434 1761 612 1832 potius
641 1762 981 1830 ascribenda,
1029 1762 1159 1817 licet
1212 1764 1447 1833 insignis
1480 1763 1583 1818 illa
1631 1763 1889 1819 codicum
1914 1763 2175 1830 varietas,
2219 1780 2448 1834 quorum
2491 1764 2741 1835 plerique
2769 1763 3043 1818 neminem
3067 1762 3373 1833 pra’ferunt
3400 1763 3700 1826 auctorem,

282 1862 393 1902 non
422 1848 699 1904 modicum
747 1850 940 1907 hacin
972 1867 1029 1906 re
1077 1853 1291 1922 ingerat
1328 1852 1656 1920 scrupulum
1688 1867 1701 1906 :
1732 1850 2089 1923 madeatque,
2135 1866 2204 1906 ne
2248 1853 2577 1921 festinanter
2620 1868 2688 1908 ac
2731 1852 2888 1906 nullo
2933 1850 3096 1907 dubio
3143 1850 3253 1921 ipsi
3297 1846 3701 1918 adjudicemus,

285 1935 459 1990 donec
484 1939 667 2007 major
698 1940 753 1992 in
785 1937 900 1993 dies
931 1940 1032 1993 lux
1062 1939 1457 2010 vestigantibus
1484 1940 1765 2012 eﬂulgeat.
1799 1938 1962 1995 Aliud
2000 1948 2080 1996 est
2110 1939 2254 2011 quod
2296 1940 2532 1995 Maximo
2562 1939 3000 2002 abiudicandum
3028 1938 3126 1995 hoc
3153 1954 3289 2010 opus
3315 1940 3545 2008 fortasse
3572 1952 3703 1993 sua-

287 2023 412 2080 deat
443 2042 463 2080 :
492 2028 625 2096 quia
651 2027 858 2082 scilicet
888 2028 1082 2083 multis
1112 2028 1208 2085 ille
1236 2028 1455 2084 sarculis
1485 2028 1683 2101 floruit
1707 2036 1831 2100 post
1859 2031 2079 2084 exortus
2111 2027 2340 2085 hxreses
2369 2044 2488 2100 quae
2518 2027 2607 2083 hic
2635 2030 3064 2101 impugnantur.

352 2114 489 2168 Cum
516 2116 701 2169 neutri
726 2131 878 2186 ergo,
910 2132 1010 2172 nec
1040 2116 1346 2171 Athanasio
1395 2117 1607 2173 scilicet
1656 2133 1768 2172 nex
1812 2117 2066 2184 Maximo,
2108 2119 2228 2173 sine
2276 2117 2616 2174 dubitatione
2661 2117 3065 2173 ascriberentur
3093 2134 3112 2171 :
3139 2118 3362 2173 tertium
3409 2116 3706 2175 Cameria;

278 2201 509 2274 protulit
536 2203 617 2258 ad
646 2219 805 2273 quem
834 2203 948 2259 haec
974 2207 1263 2275 pertinere
1286 2211 1526 2277 pugnat,
1564 2205 1945 2262 Theodoretum
1971 2204 2222 2261 videlicet
2251 2224 2270 2260 :
2301 2208 2395 2278 qui
2424 2207 2570 2261 hisce
2594 2207 2876 2277 praecipue
2903 2206 3243 2275 argumentis
3280 2220 3417 2277 opus
3466 2218 3707 2260 asserere

279 2291 501 2346 nititur.
537 2293 675 2361 Quia
722 2309 832 2348 sese
879 2296 1119 2350 testatur
1171 2294 1525 2351 Theodoretus
1564 2296 1851 2365 scripsisse
1889 2294 2150 2351 adversus
2200 2296 2500 2360 Anomxos,
2551 2295 2966 2353 Maccdonianos
3013 2299 3065 2352 et
3118 2291 3574 2366 Apollinaristas,
3608 2293 3709 2365 qui

283 2381 348 2436 in
378 2378 526 2435 hisce
554 2380 811 2454 Dialogis
842 2394 1252 2455 oppugnantur.
1298 2385 1356 2439 2°
1390 2384 1537 2453 Quod
1568 2385 1740 2441 multa
1786 2385 1903 2440 loca
1931 2385 2022 2439 hic
2060 2393 2435 2457 compareant,
2476 2384 2605 2439 aliis
2652 2384 2970 2439 Theodoreti
3017 2384 3152 2440 locis
3197 2383 3437 2438 multum
3479 2382 3703 2454 afﬁnia.

283 2468 547 2527 Mittimus
596 2471 713 2527 alia
745 2474 978 2528 minaris
1008 2477 1273 2529 momenti
1301 2491 1339 2529 a
1372 2476 1487 2531 viro
1516 2474 1666 2530 docto
1714 2474 1915 2545 allata,
1944 2489 2014 2529 ne
2055 2474 2129 2529 ad
2173 2473 2296 2529 alia
2322 2477 2676 2546 properantes
2722 2477 3032 2540 morentur,
3066 2474 3487 2544 reponimusque
3533 2472 3706 2528 nimis

283 2574 481 2628 vagum
515 2560 658 2616 illud
703 2577 818 2617 esse
845 2568 1255 2631 argumentum,
1290 2565 1516 2636 petitum
1544 2564 1752 2619 scilicet
1780 2581 1814 2618 a
1861 2565 2179 2620 memoratis
2214 2564 2332 2619 illis
2385 2562 2696 2619 Theodoreti
2742 2563 3002 2618 adversus
3050 2560 3369 2633 hujusmodi
3416 2560 3704 2617 haereticos

285 2647 560 2719 operibus.
595 2649 730 2705 Cum
756 2651 905 2706 enim
932 2654 995 2707 in
1023 2652 1178 2709 nullo
1208 2654 1390 2709 codice
1424 2652 1744 2709 Theodoreti
1771 2669 1972 2709 nomen
1997 2656 2324 2725 praeferant,
2356 2657 2406 2708 et
2437 2669 2475 2707 a
2505 2652 2659 2708 nullo
2690 2654 2951 2723 scriptore
2986 2651 3309 2709 Theodoreti
3333 2651 3557 2705 nomine
3586 2665 3702 2705 me-

284 2740 590 2808 morentur,
620 2741 848 2795 nonnisi
876 2740 1207 2811 augurando
1238 2743 1593 2798 ascribuntur
1643 2741 1983 2799 Theodoreto.
2035 2742 2189 2810 Quod
2217 2742 2346 2797 illas
2370 2747 2579 2813 spectat
2625 2742 2755 2814 styli
2784 2740 3083 2813 afﬁnitates
3112 2758 3130 2794 :
3146 2755 3337 2812 pauca
3384 2755 3516 2795 sane
3546 2747 3706 2811 atque

286 2826 428 2882 leves
458 2835 587 2882 sunt
630 2827 1045 2897 similitudines,
1083 2839 1139 2885 ut
1188 2830 1340 2902 apud
1385 2833 1726 2886 Garnerium
1772 2831 2092 2903 inspicienti
2130 2832 2379 2902 patebit:
2430 2835 2480 2887 et
2509 2832 2715 2901 siquae
2758 2832 2890 2894 sint,
2922 2829 3055 2903 quid
3103 2830 3309 2883 mirum
3339 2829 3389 2883 si
3418 2829 3608 2883 eadem
3633 2827 3699 2883 de

282 2930 345 2971 re
372 2915 667 2972 scribentes
696 2918 876 2988 aliqui
919 2918 1113 2975 eadem
1142 2936 1538 2991 nonnunquam
1589 2929 1853 2992 usurpent
1899 2928 2253 2994 argumenta.
2286 2921 2398 2976 Imo
2448 2935 2571 2976 vero
2602 2918 2803 2974 nedum
2850 2919 3101 2988 afﬁnitas
3146 2919 3199 2971 at
3212 2918 3346 2989 iqua
3374 2918 3533 2972 nobis
3563 2918 3710 2972 inter

287 3006 398 3060 ista
429 3005 699 3075 videatur,
734 3006 793 3062 hi
820 3006 1046 3080 Dialogi
1079 3007 1391 3066 Theodoreto
1424 3009 1647 3081 indigni
1689 3013 1975 3082 putantur.
2007 3009 2194 3065 Fuisse
2234 3017 2421 3064 autem
2448 3010 2621 3064 editos
2649 3008 2808 3064 hosce
2862 3007 3129 3078 Dialogos
3157 3011 3276 3078 post
3315 3005 3706 3062 Constantino-

283 3093 597 3164 politanam
621 3097 873 3167 primam
907 3101 1295 3154 mcumenicam
1323 3099 1590 3171 synodum
1622 3098 1790 3172 liquet
1818 3115 1887 3154 ex
1917 3100 1990 3155 iis
2021 3114 2140 3171 qua?
2170 3098 2386 3168 dialogo
2417 3114 2479 3153 In
2510 3102 2760 3171 aguntur
2788 3096 2853 3153 de
2880 3095 3182 3168 adjectione
3221 3096 3300 3150 ibi
3327 3095 3399 3151 ad
3441 3093 3709 3165 synodum

282 3186 456 3253 facta.

360 3270 629 3329 Caeterum
694 3274 1092 3333 Keckermanni
1144 3277 1247 3333 illa
1320 3277 1608 3350 appendix
1663 3277 1735 3334 ad
1789 3276 2070 3334 dialoeum
2123 3277 2179 3349 2,
2242 3293 2408 3349 quam
2465 3274 2758 3331 Athanasii
2828 3290 2944 3331 esse
3009 3273 3216 3344 iudicat
3285 3273 3704 3350 Felckmannus,

285 3360 460 3417 multo
514 3364 695 3434 magis
743 3365 999 3421 abhorret
1053 3366 1119 3423 ab
1169 3349 1466 3425 Athanasii
1509 3368 1651 3441 slylo
1696 3384 1864 3440 quam
1914 3367 2120 3440 reliqui
2166 3367 2383 3440 dialogi
2425 3384 2438 3435 ;
2501 3381 2669 3439 quare
2737 3366 3125 3421 incunctanter
3177 3364 3231 3420 ei
3278 3349 3707 3434 abjudicandam

280 3464 575 3508 οθηεεηιιιε.

1431 3706 1564 3761 ΤΟΥ
1608 3708 1697 3761 EN
1740 3708 1967 3759 ΑῐῚΟΙΣ
2009 3705 2280 3762 ΠΔΤΡΟΣ
2321 3707 2516 3759 ΗΜΩΝ

1628 3853 2360 3951 ΑΘΑΝΑΣΙΟΥ

572 4014 927 4072 ΔΙΑΛΟΓΟΣ
973 4016 1138 4073 ΠΕΡΙ
1175 4016 1308 4073 ΤΗΣ
1347 4019 1662 4087 ΤΡΙΔΔΟΣ,
1703 4024 1788 4073 ΕΝ
1829 4023 1876 4148 ἓ
1913 4019 2197 4076 ΔΙΑΛΕΓο

1743 4094 1829 4147 ΑΡ
1885 4091 2197 4148 [ΑΝΙΣΤΗἏ

1829 4019 2361 4148 ἓΔΙΑΛΕΓΟΝΤΑΙ
2410 4020 2824 4077 ΟΡΘΟΔΟΞΟΣ
2880 4022 2995 4075 ΚΑΙ
3051 4018 3414 4075 ΑΝΟΜΟΙΟΣ

1792 4095 1829 4144 Ρ
1885 4091 2240 4148 [ΑΝΙΣΤΗΣ.

1364 4385 1457 4480 S.
1536 4384 1647 4479 P.
1722 4385 1841 4479 N.
1917 4384 2633 4479 ATHANASII

458 4543 803 4596 DIALOGUS
851 4545 941 4596 DE
981 4546 1242 4598 SANCTA
1291 4548 1658 4608 TRINITATE,
1706 4548 1781 4602 IN
1802 4547 2522 4660 ‘oquoAngqﬁooUUNrua
2564 4545 3005 4598 ORTHODOXUS
3049 4548 3135 4598 ET
3172 4544 3522 4598 ANOAKEUS

904 4859 1306 4919 ANOMOEUS.
1960 4862 2018 4931 Α

1960 4862 2018 4931 Α
2675 4859 3072 4918 ΑΝοΜοιοΣ.

350 4964 402 5020 1.
435 4961 808 5021 Christianus
839 4982 902 5022 es
924 4966 952 5021 ?

2120 4970 2170 5025 1.
2204 4968 2524 5043 Χριστιανος
2556 4965 2603 5023 εἶ
2636 4987 2650 5039 ;

353 5071 710 5130 Orthodoxus.
745 5073 898 5130 Sane
931 5074 1193 5146 quidem.
1244 5076 1438 5132 Anom.
1473 5076 1621 5143 Quid
1653 5081 1744 5134 est
1772 5076 1936 5133 Chri-

2121 5072 2466 5153 Ὀρθὸδοξος.
2500 5075 2605 5133 Καὶ
2653 5076 2815 5131 πάνυ.
2863 5072 3055 5146 ’Δνόμ.
3103 5070 3165 5127 Τί
3213 5072 3355 5129 ἐστιν
3387 5075 3416 5130 ὁ
3444 5079 3693 5149 Χριστια-

279 5161 681 5219 stianismus?
726 5162 882 5219 Orth.
946 5163 1092 5220 Illud
1152 5165 1388 5235 quidem
1449 5164 1642 5221 dicere
1698 5183 1902 5223 necess

2066 5166 2241 5238 νισμός
2276 5184 2289 5235 ;
2326 5166 2473 5240 Ὀρθ.
2534 5162 2713 5221 ’Δλλὰ
2755 5184 2819 5219 το
2882 5163 2978 5236 μὶν
3033 5164 3098 5231 ἦν
3160 5162 3441 5238 ἀναγκαῖον
3500 5161 3691 5233 εἰπεῖν,

276 5253 433 5309 fuit:
477 5252 638 5309 istud
697 5270 829 5310 vero
890 5271 1001 5310 non
1063 5256 1143 5310 ita
1202 5259 1417 5312 tutum.
1453 5261 1652 5312 Anam.
1713 5259 1899 5325 Quam

2071 5254 2106 5310 :5
2139 5252 2197 5310 δὲ
2226 5253 2327 5310 οὐκ
2371 5252 2631 5331 ἀσφαλὲς.
2664 5251 2859 5327 Ἀνόμ..
2889 5252 2986 5307 Διὰ
3011 5250 3064 5307 τί
3097 5270 3112 5321 ;
3146 5251 3294 5327 Ὀρθ.
3344 5251 3421 5309 Τὸ
3469 5250 3562 5325 μὲν
3593 5251 3696 5327 γὰρ

276 5340 475 5398 obrem
497 5339 525 5396 ?
553 5342 710 5401 Orth.
737 5342 1020 5406 Quoniam
1055 5344 1246 5401 dicere
1277 5344 1515 5416 quidem
1547 5362 1783 5403 necesse
1811 5363 1901 5403 ere

2068 5345 2238 5412 iue‘iv,
2293 5342 2376 5399 ὅτι
2428 5345 2663 5417 Χριστοῦ
2722 5339 2921 5404 δοῦλός
2969 5339 3108 5415 εἰμι,
3157 5340 3447 5417 ἀναγκαῖον
3507 5340 3693 5398 εἰπεῖν·

277 5446 373 5487 me
428 5447 559 5487 esse
616 5431 832 5489 Christi
888 5449 1145 5501 servum,
1201 5433 1395 5491 dicere
1450 5450 1609 5501 vero,
1662 5437 1800 5506 quid
1856 5435 1902 5491 si

2075 5433 2104 5490 ὸ
2134 5430 2215 5503 δὲ,
2245 5430 2300 5487 τί
2329 5431 2468 5487 ἐστιν
2503 5432 2531 5487 ὁ
2563 5430 3008 5506 Χριστιανισμὸς,
3041 5429 3142 5485 οὐκ
3188 5428 3453 5508 ἀσφαλες,
3481 5429 3568 5487 ἐὰν
3618 5431 3696 5505 μὴ

278 5519 786 5592 Ohristianismus,
818 5526 1014 5578 tutum
1071 5540 1184 5577 non
1217 5523 1412 5592 fuerit,
1443 5524 1559 5580 nisi
1607 5540 1903 5597 cognoverl

2075 5526 2148 5578 νῶ
2177 5521 2258 5584 τίς
2308 5520 2449 5578 ἐστιν
2484 5522 2513 5578 ὁ
2543 5521 2781 5596 ἐρωτῶν·
2840 5521 3055 5595 μήποτι
3101 5517 3308 5594 εὑρεθῶ
3360 5516 3586 5595 βάλλων
3631 5520 3700 5577 τὰ

281 5609 558 5680 quisnam
607 5609 704 5665 ille
753 5610 831 5665 sit
878 5612 980 5682 qui
1029 5611 1137 5666 hoc
1188 5618 1611 5683 percontatur:
1665 5630 1737 5668 ne
1785 5616 1906 5669 ἴοι-υ

2070 5612 2135 5666 {tu
2186 5614 2305 5666 τοῖς
2363 5609 2540 5678 κυσὶν,
2573 5610 2609 5680 ἢ
2652 5608 2781 5672 τοὺς
2832 5605 3163 5684 μαργαρίτας
3220 5603 3526 5684 ἔμπροσθεν
3585 5611 3695 5665 τῶν

282 5696 605 5767 comperiar
652 5699 897 5757 canibus
927 5716 1020 5759 res
1051 5705 1285 5760 sanctas
1333 5705 1390 5759 et
1420 5700 1615 5775 porcis
1645 5702 1907 5777 margari'

2075 5700 2260 5779 οίρων·
2294 5699 2397 5775 Κᾴὶ
2448 5701 2572 5776 γὰρ,
2604 5699 2693 5757 ἒάν
2725 5718 2793 5775 μα
2840 5698 3144 5779 ἐρωτήσῃς.
3176 5698 3378 5761 Πιστὸς
3425 5697 3477 5754 εἴ
3503 5698 3539 5770 ἢ
3565 5716 3697 5775 ματ-
