4116 6378
416 345 570 404 111⁸7

1397 350 1498 409 DE
1543 351 1852 411 SANCTA
1895 350 2325 414 TRINI'I‘ATE
2370 322 2760 412 DlALOGUS
2805 351 2852 410 1.

3676 354 3835 414 1118

416 475 729 552 ηχοῦμενος
763 478 898 550 (40),
932 477 1166 551 ἑτοίμως
1200 479 1342 556 λέγω
1375 480 1404 534 δ
1447 481 1582 553 εἶμι·
1633 482 1685 536 τί
1731 479 1788 536 δὲ
1841 481 1951 535 ἐστι
2006 482 2067 536 τὸ

2184 487 2274 537 tas
2305 482 2456 537 408
2492 483 2791 554 projicere.
2825 483 3050 538 Etenim
3081 483 3130 537 si
3162 499 3230 538 ex
3261 500 3352 538 me
3383 499 3610 554 quaeras
3636 501 3650 540 :
3684 484 3834 539 Esne

414 567 548 620 dm"
581 566 793 636 mnav'
831 566 890 620 οὗ
928 567 1096 642 λέγω,
1135 571 1348 641 μήποτε
1378 570 1466 624 κπῖ
1509 569 1769 632 Ἰουδαῖος
1866 573 1892 625 ὁ
1934 571 2067 644 ἐρω-

414 659 519 709 τῶν
581 655 772 726 Ἀνόμ.
838 654 994 711 Ἀλλ’
1056 658 1164 732 ἐγώ
1215 680 1298 712 σοι
1352 658 1494 735 λέγω
1550 661 1576 713 ὑ
1626 660 1840 735 ἐρωτῶν
1877 683 1951 729 σε,
1985 660 2067 714 ὅτι

415 744 735 818 Χριστιανός
781 745 914 817 εἶμι.
953 747 1100 818 Όρθ.
1136 746 1248 804 Οὐκ
1277 745 1473 823 ἤρκεσέ
1506 771 1586 802 σοι
1620 752 1680 804 τὸ
1733 750 1898 804 εἰπεῖν
1952 749 2068 822 ἐμὲ,

415 832 498 887 ὅτι
532 834 847 908 Χριστιανός
883 834 1015 906 εἶμι·
1051 834 1162 888 οὐδ’
1196 836 1318 908 ἐμοὶ
1353 838 1506 912 ἀρκεῖ
1533 840 1594 892 τὸ
1628 839 1794 892 εἰπεῖν
1832 860 1887 892 σε
1936 842 2045 911 (41)

416 922 499 976 ὅτι
535 923 856 997 Χριστιανὸς
917 925 978 977 εἷ’
1019 923 1104 977 ἐὰν
1161 928 1234 997 μή
1293 949 1383 998 μοι
1440 925 1611 1000 εἶ’πῃς,

415 1011 753 1083 στιανισμός.
817 1013 912 1064 Καὶ
970 1012 1091 1066 τότε
1152 1011 1208 1067 δὲ

1673 929 1723 982 τί
1779 928 1885 982 ἐστι
1938 929 2069 1002 Χρι-

1270 1015 1328 1070 οὐ
1388 1013 1602 1077 τιοὶν-τως
1640 1019 1687 1070 εἴ
1727 1016 2066 1091 Χριστιανός·

415 1098 538 1155 οὐδὲ
569 1101 669 1176 γαρ
701 1101 764 1154 τὸ
797 1099 991 1156 εἰδέναι
1050 1103 1102 1155 τί
1149 1102 1286 1157 ἐστιν
1340 1106 1366 1158 6
1418 1107 1860 1178 Χριστιανισμὸς,
1910 1105 2070 1160 τοῦτό

415 1189 554 1244 ἔστιν
617 1192 752 1243 εἶναι
807 1191 1146 1265 Χριστιανόν·
1212 1191 1398 1263 ἐπειδὴ
1461 1192 1586 1248 οὐδὲ
1636 1197 1697 1250 τὸ
1769 1192 1962 1249 εἰδέναι
2019 1195 2071 1248 τί

414 1278 554 1333 ἐστιν
608 1277 946 1352 Ἰουδαῖσμὸς
1003 1281 1111 1335 ἐστι
1169 1283 1230 1335 τὸ
1281 1285 1412 1337 εἶναι
1447 1281 1708 1340 Ἰουδαῖον
1950 1281 2073 1337 οὐδὲ

413 1369 478 1422 τὸ
510 1364 704 1421 εἰδέναι
752 1367 804 1422 τί
855 1368 994 1423 ἐστιν
1050 1368 1442 1443 Ἑλληνισμὸς,
1492 1373 1653 1427 τοῦτό
1703 1373 1811 1427 ἐστι
1842 1371 1904 1427 τὸ
1938 1374 2070 1426 εἶναι

418 1455 686 1526 ’¹Ελληνα.
723 1457 914 1529 Ἀνόμη
950 1456 1114 1520 Οἶδας
1145 1460 1236 1514 τὸν
1271 1460 1399 1515 Θεόν
1435 1482 1446 1529 ;
1503 1464 1652 1537 ὈρΟ.
1705 1461 1823 1519 Ναί.
1878 1457 2069 1533 Ἀνόμ.

421 1551 505 1605 Ὡς
559 1544 717 1606 αὖτός
778 1546 962 1601 ἑαυτὸν
1024 1545 1214 1617 οἶδεν;
1273 1551 1404 1624 Ορθ.
1467 1547 1563 1606 Οὕ.
1628 1551 1821 1623 Ἀνόμ.
1856 1552 2068 1607 Οὐκοῦν

423 1633 519 1689 οὐκ
569 1631 718 1695 οἶδας
776 1635 975 1705 αὐτόν;
1039 1638 1186 1711 Ὀρθ.
1249 1636 1379 1692 Οἶδα
1437 1639 1619 1709 αὐτὸν,
1670 1641 1742 1701 ὡς
1792 1636 2069 1714 ἐνδέχεται

421 1723 704 1798 ἀνθρώπου
763 1724 918 1800 φύσει
976 1723 1192 1783 εἰδέναι.
1255 1727 1442 1800 Ἀνὸμ.
1504 1728 1723 1790 Ἀλλως
1780 1730 1868 1783 οὖν
1913 1728 2071 1782 αὐτὸν

421 1811 589 1866 ἴσασιν
626 1812 674 1866 οἷ
735 1811 1030 1887 ἅνθρωποι,
1084 1815 1173 1869 καὶ
1227 1815 1412 1878 ἄλλως
1463 1816 1620 1878 αὐτὸς
1653 1818 1839 1872 ἑαυτὸν
1870 1840 1882 1888 ;
1919 1819 2067 1889 ὈρΟ.
2106 1853 2151 1917 Β

421 1903 463 1917 I"
511 1900 525 1917 \
618 1901 628 1915 ο
774 1903 817 1917 σ-
891 1898 900 1914 Ι
1028 1905 1109 1917 τινα.
1244 1907 1296 1917 δικ
1346 1901 1434 1917 nl‘
1511 1909 1534 1917 ιι
1565 1916 1569 1917 .
1713 1906 1755 1917 ιιι
1917 1908 1926 1917 ι

418 1900 527 1958 Καὶ
560 1901 720 1957 πάνυ.
774 1898 968 1975 Ἀνόμ.
1027 1905 1192 1973 Πῶς;
1244 1901 1458 1978 Ὀμοὸδ.
1511 1909 1656 1974 ”Οτι,
1709 1906 1795 1961 ἐὰν
1854 1908 1927 1979 μή
1988 1926 2071 1966 τις

419 1990 518 2060 τήν
554 1989 716 2059 αὖτὴν
748 1990 826 2063 τῷ
860 1997 975 2064 Θεῷ
1006 1995 1276 2063 κτήσηται
1308 1998 1530 2070 γνῶσιν,
1564 1993 1822 2050 ἀδύνατον
1869 2000 2073 2069 γνῶναι

420 2079 602 2150 αὐτὸν,
655 2082 731 2143 ὡς
781 2082 938 2144 αὐτὸς
989 2083 1178 2138 ἑαυτὸν
1237 2081 1371 2142 οἶδε,
1411 2086 1516 2153 Τὴν
1552 2082 1618 2152 δὴ
1652 2085 1815 2154 αὐτὴν
1849 2090 1925 2156 τῷ
1957 2087 2074 2155 Θεῷ

418 2171 715 2239 κτήσασθαι
748 2174 946 2244 γνῶσιν
979 2169 1260 2240 ἀδύνατον,
1297 2173 1372 2244 μή
1401 2179 1500 2242 τῆς
1539 2172 1707 2242 αὐτῆς
1759 2173 1904 2245 αὖτῷ
1951 2171 2076 2231 ὄντα.

419 2257 623 2321 οὐσίας.
671 2258 786 2315 Οὐκ
845 2259 1001 2332 ἐσμεν
1060 2258 1116 2316 δὲ
1163 2269 1260 2331 τῆς
1312 2262 1476 2332 αὐτῆς
1524 2263 1669 2335 αὖτῴ
1725 2263 1926 2325 οὐσιας.
1963 2265 2076 2323 Οὐκ

419 2349 520 2422 ἄρα
549 2349 646 2416 τὴν
681 2347 846 2417 αὐτὴν
882 2348 1026 2421 αὖτῷ
1058 2347 1258 2425 ἔχομεν
1293 2357 1516 2426 γνῶσιν.
1566 2352 1755 2424 Ἀνὸμ.
1811 2354 1930 2410 Ἐὰν
1981 2355 2071 2409 οὗν

418 2437 548 2511 Θέλῃ
579 2438 606 2491 ὁ
638 2436 759 2500 Υἱὸς
786 2436 1132 2513 ἀποκαλύψαι
1164 2441 1292 2508 τινὶ,
1330 2440 1390 2494 οὐ
1424 2439 1643 2496 δύναται
1672 2461 1684 2510 ;
1723 2443 1869 2516 Ὀρθ,
1907 2445 2071 2498 Ἀπο-

417 2522 678 2581 καλύπτει
717 2528 833 2599 μὲν,
870 2527 994 2582 ἀλλ’
1026 2527 1131 2603 οὐχ
1165 2528 1334 2590 οὕτως
1386 2529 1530 2601 αὐτῷ
1570 2529 1965 2604 ἀποκαλύπτει,
2000 2534 2074 2595 ὡς

418 2614 576 2676 αὐτὸς
634 2615 819 2669 ἑαυτὸν
868 2613 1030 2671 οἷδενσ
1086 2617 1206 2672 ἀλλ’
1251 2619 1324 2680 ὡς
1359 2615 1581 2673 δύναται
1619 2623 1819 2694 γνῶναι
1851 2621 1878 2673 6
1910 2641 2071 2675 κατα-

419 2704 724 2778 ξιούμενος.
783 2707 930 2760 Διό-τι
977 2711 1055 2778 τῷ
1105 2707 1198 2780 μὲν
1259 2707 1529 2783 Ἰεζελιήλ
1582 2709 1685 2762 ἀπο
1732 2707 1929 2786 ὀσφύος
1983 2710 2072 2764 καὶ

419 2791 526 2847 ἄνω
584 2793 906 2869 ἧλέκτρινος
957 2795 1219 2872 ἐγνώσθη
1299 2801 1379 2850 τῶ
1441 2794 1497 2851 δὶ
1558 2795 1761 2866 Δανιὴλ
1838 2797 2071 2861 παλαιὸς

420 2885 663 2957 ἡμερῶν·
701 2883 778 2955 τῷ
813 2882 868 2938 δὲ
899 2882 1092 2954 Ἡσαΐᾳ
1141 2884 1555 2958 καλυπτόμενος
1610 2887 1710 2940 ὑπὸ
1754 2891 1859 2940 τῶν
1916 2908 2070 2962 cepa-

420 2971 544 3050 φίμ.

2182 570 2393 639 fidelis,
2448 576 2548 624 aut
2598 571 3080 638 catechumenus,
3128 572 3436 626 confestim
3486 573 3674 627 dicam
3735 573 3832 642 qui

2179 660 2292 714 sim
2330 677 2341 713 :
2377 660 2517 730 quid
2552 661 2628 712 sit
2659 665 2854 714 autem
2895 659 3126 714 fidelem
3179 676 3327 726 esse,
3372 679 3486 715 non
3518 662 3732 729 dicam,
3763 677 3834 717 ne

2181 750 2328 802 forte
2381 748 2621 803 Judazus
2674 747 2776 816 sis,
2829 749 2926 819 qui
2984 749 3329 819 interrogas.
3376 751 3566 804 Anam.
3600 753 3673 805 At
3728 766 3833 820 ego

2183 837 2281 909 qui
2316 839 2423 890 hoc
2441 854 2510 892 ex
2540 842 2593 891 te
2625 854 2841 908 quaero,
2868 838 2968 892 tibi
2995 838 3123 892 dico
3149 854 3240 892 me
3260 838 3656 893 Christianum
3683 855 3833 894 esse.

2185 925 2338 980 Orlh.
2377 926 2504 980 Tibi
2539 943 2651 980 non
2705 927 2813 980 fuit
2871 927 3037 991 satis,
3089 927 3246 997 quod
3295 944 3385 982 me
3431 927 3833 984 Christianum

2182 1015 2424 1070 dixerim
2463 1033 2473 1068 :
2509 1015 2586 1070 ita
2620 1014 2761 1070 mihi
2797 1032 3030 1087 quoque
3079 1033 3194 1070 non
3247 1017 3390 1070 satis
3448 1023 3555 1084 est,
3609 1021 3749 1087 quot
3785 1023 3842 1072 te

2181 1103 2584 1158 Christianum
2619 1121 2746 1159 esse
2792 1103 2954 1159 dicas
3009 1120 3021 1158 :
3076 1105 3190 1159 nisi
3237 1104 3382 1158 mihi
3429 1105 3648 1162 dixeris
3698 1105 3840 1176 quid

2184 1193 2260 1248 sit
2306 1193 2813 1248 Christianismus.
2859 1197 2938 1247 Ac
2990 1210 3062 1248 ne
3109 1193 3193 1248 sic
3253 1193 3490 1266 quidem
3556 1193 3725 1266 plane
3779 1211 3843 1250 es

2183 1282 2588 1338 Christianus:
2619 1298 2805 1354 neque
2828 1283 2985 1337 enim
3019 1282 3166 1339 scire
3201 1284 3336 1354 quid
3374 1284 3447 1338 sit
3471 1282 3844 1339 Christianis-

2184 1389 2338 1436 mus,
2370 1372 2476 1426 hac
2507 1376 2595 1426 est
2626 1371 3018 1426 Christianum
3052 1389 3218 1440 esse;
3267 1389 3402 1427 nam
3457 1389 3646 1444 neque
3690 1374 3842 1428 scire

2183 1460 2322 1530 quid
2371 1460 2445 1514 sit
2497 1460 2862 1527 Judaismus,
2925 1464 3013 1514 est
3084 1477 3214 1515 esse
3283 1459 3577 1526 Judaeum,
3654 1478 3842 1532 neque

2183 1549 2332 1604 scire
2390 1549 2528 1620 quid
2585 1550 2662 1604 sit
2719 1549 3118 1620 gentilismus,
3197 1554 3285 1604 est
3353 1548 3634 1621 gentilem
3690 1566 3843 1606 esse.

2181 1640 2372 1692 Anam.
2440 1639 2604 1692 Nosti
2686 1638 2871 1692 Deum
2911 1641 2936 1690 .9
3003 1639 3159 1696 Orth.
3229 1638 3437 1693 Etiam.
3498 1639 3691 1694 Anam.
3774 1639 3846 1694 Ut

2182 1728 2307 1800 ipse
2342 1727 2602 1798 seipsum
2639 1726 2796 1781 novit
2818 1727 2843 1780 ?
2877 1727 3033 1782 Orth.
3067 1727 3322 1782 Minime.
3346 1727 3707 1783 Auam.Eum
3733 1727 3840 1800 igi-

2183 1819 2280 1870 tur
2327 1832 2440 1869 non
2494 1814 2668 1871 nosti.
2721 1815 2878 1870 Orth.
2923 1815 3061 1870 Novi
3110 1832 3268 1880 eum,
3322 1820 3384 1869 ut
3427 1816 3536 1870 fert
3568 1816 3842 1872 humanas

2184 1904 2435 1960 facultas
2466 1909 2706 1958 naturae.
2741 1904 2934 1959 Anam.
2972 1904 3151 1959 Aliter
3182 1904 3362 1976 igitur
3391 1905 3586 1975 ipsum
3620 1910 3841 1960 norunt

2189 1994 2479 2061 homines,
2513 1998 2567 2046 et
2599 1993 2766 2047 aliter
2797 2009 2858 2048 se
2891 1992 3015 2064 ipse
3050 1993 3248 2048 novit?
3296 1993 3460 2051 Orlh.
3511 1997 3659 2050 Sane
3704 1995 3845 2066 qui-

2190 2084 2342 2138 dem.
2377 2083 2565 2136 Anam.
2624 2082 2968 2148 Quomodo?
3016 2082 3166 2138 Orth.
3227 2082 3512 2148 Quoniam
3565 2083 3676 2138 nisi
3710 2083 3843 2154 quis

2188 2173 2390 2228 eadem
2425 2179 2593 2241 atque
2636 2172 2788 2227 Deus
2833 2171 2959 2244 ipse
3011 2171 3397 2244 cognoscendi
3447 2170 3720 2228 facultate
3768 2173 3846 2228 sit

2186 2262 2489 2333 praeditus,
2523 2261 2645 2316 fieri
2680 2278 2793 2315 non
2842 2264 3032 2332 potest
3076 2265 3138 2315 ut
3187 2277 3320 2316 eum
3371 2263 3548 2329 norit,
3597 2261 3751 2317 sicut
3781 2278 3844 2318 se

2186 2351 2310 2421 ipse
2343 2350 2516 2405 novit.
2578 2351 2649 2405 At
2699 2349 2820 2404 fieri
2867 2348 3070 2421 nequit
3120 2353 3182 2405 ut
3232 2350 3365 2422 quis
3414 2350 3615 2404 eadem
3668 2354 3844 2420 atque

2186 2440 2339 2494 Deus
2372 2440 2494 2510 ipse
2521 2439 2911 2510 cognoscendi
2946 2437 3222 2493 facultate
3272 2439 3350 2494 sit
3394 2438 3690 2508 praeditus,
3727 2437 3844 2493 nisi

2187 2530 2264 2584 sit
2323 2529 2585 2599 ejusdem
2641 2546 2707 2584 ac
2764 2527 2916 2583 Dens
2950 2532 3196 2582 naturae.
3231 2527 3354 2582 Non
3405 2545 3613 2583 sumus
3643 2535 3841 2583 autem

2185 2619 2452 2689 ejusdem
2487 2622 2662 2688 atque
2716 2617 2840 2689 ipse
2867 2622 3107 2672 naturae.
3159 2617 3285 2673 Non
3336 2616 3516 2688 igitur
3572 2617 3841 2672 eamdem

2186 2717 2356 2778 atque
2415 2708 2539 2779 ipse
2591 2706 2859 2762 notitiam
2916 2706 3225 2762 habemus.
3308 2708 3500 2762 Anam.
3574 2707 3743 2773 Quid,
3792 2705 3843 2761 si

2185 2797 2364 2852 Filius
2396 2797 2530 2852 velit
2560 2795 2818 2868 cuipiam
2853 2795 3123 2864 revelare,
3159 2813 3353 2852 annon
3397 2795 3631 2867 potest?
3686 2795 3836 2852 Orth.

2186 2886 2418 2942 Revelat
2452 2887 2713 2958 quidem,
2745 2886 2846 2941 sed
2883 2903 2995 2940 non
3056 2885 3140 2940 ita
3200 2886 3308 2957 ipsi
3374 2884 3604 2951 revelat,
3663 2890 3726 2940 ut
3781 2901 3844 2940 se

2187 2976 2310 3047 ipse
2343 2975 2502 3030 novit
2537 2993 2548 3029 :
2584 2991 2783 3030 verum
2811 2979 2986 3045 prout
3016 2974 3064 3029 is
3115 2979 3203 3028 est
3252 2974 3323 3028 ad
3368 2974 3838 3044 cognoscendum

424 3064 690 3131 idoneus,
725 3079 897 3135 quem
935 3063 1037 3118 hac
1068 3063 1254 3136 gratia
1281 3065 1477 3120 donat.
1513 3065 1899 3130 Quamobrem
1933 3085 1965 3122 a
1996 3066 2214 3122 lumbis
2264 3067 2333 3119 ad
2369 3065 2643 3120 vorticem
2688 3063 2885 3120 electri
2933 3050 3126 3136 specie
3179 3062 3459 3119 Ezechieli
3507 3063 3672 3120 visus
3702 3069 3791 3119 est
3831 3080 3843 3117 :

426 3152 641 3208 Danieli
675 3170 828 3224 vero,
861 3153 1153 3225 Antiquus
1186 3153 1410 3209 dierum
1450 3157 1543 3209 :et
1574 3155 1756 3223 Isaiae,
1790 3173 1822 3209 a
1853 3155 2150 3228 seraphim
2181 3155 2467 3210 obtectus.

578 3241 864 3270 'a..1..-.--
927 3239 994 3270 φ).
1032 3239 1119 3270 -13..
1155 3246 1270 3270 _.~._
1305 3241 1458 3270 ...ἱ-λ..
1497 3240 1644 3270 an“-
1713 3243 1784 3270 Α.-
1816 3245 1842 3270 -2

578 3242 590 3262 ι
691 3268 694 3270 η
970 3240 981 3258 \
1062 3240 1089 3260 τ
1203 3246 1229 3255 ~
1346 3241 1358 3257 ν
1408 3242 1419 3260 κ
1525 3243 1540 3259 ν
1725 3243 1737 3263 o.
1829 3245 1842 3264 9

488 3243 543 3297 2.
599 3241 886 3315 Ανόμοιος.
923 3248 997 3294 Συ
1031 3262 1119 3295 ουν
1155 3263 1270 3302 πως
1303 3263 1458 3296 αυτον
1495 3240 1669 3312 οιδας,
1710 3265 1784 3305 ως
1816 3243 2070 3317 ηλὲκτρι-
2103 3249 2145 3316 C

422 3329 700 3382 vovi“
873 3328 1632 3385 λ““’”’Ῐπ’””“’⁷’
1851 3331 2027 3366 ”’”

522 3373 535 3397 ,
610 3365 618 3398 ι
671 3352 745 3392 ως
795 3351 867 3383 πα
911 3351 1027 3384 atto:
1083 3353 1178 3384 tum
1256 3353 1497 3405 ,μινωη
1562 3333 1691 3405 Οιλθ.
1728 3334 1843 3408 ΙΙαρ
1896 3354 2068 3386 αοτων

428 3420 609 3492 μαθὼν
667 3417 808 3492 οἶδα,
864 3419 944 3473 ὅτι
1007 3419 1139 3495 ὑπὲρ
1198 3419 1366 3474 πάντα
1420 3419 1528 3473 ἐστῖ
1588 3421 1653 3475 τὰ
1709 3419 2074 3496 γνωρισθέντα

421 3506 623 3570 αὐτοῖς.
662 3508 723 3565 Εἰ
761 3511 834 3582 μὴ
867 3508 967 3585 γὰρ
996 3509 1061 3578 ἦν
1125 3509 1254 3584 ὑπὲρ
1315 3509 1469 3577 αὐτὰ,
1531 3509 1627 3564 οὐκ
1675 3510 1732 3564 ἂν
1797 3509 2069 3588 διαφόρως

421 3595 683 3675 ἐφαίνετο·
745 3598 834 3652 καὶ
896 3595 984 3651 διὰ
1030 3602 1190 3652 τοῦτο
1243 3600 1270 3653 ὁ
1323 3601 1642 3674 Μονογενής
1675 3597 1842 3674 λέγει·
1884 3624 1908 3651 (ι
1939 3601 2068 3654 Θεὸν

420 3683 596 3748 οὐδεὶς
628 3687 831 3761 ἑώρακε
860 3688 1104 3743 πώποτε.
1143 3712 1169 3738 ››
1213 3688 1410 3760 Ἀνόμ.
1469 3687 1648 3744 ’Ἀλλο
1699 3688 1808 3742 ἐστὶ
1857 3689 1920 3743 τὸ
1969 3689 2071 3743 ἕω-

424 3777 662 3853 ρακέναι,
721 3777 809 3830 καὶ
865 3773 1004 3832 ἄλλο
1054 3779 1116 3832 τὸ
1167 3777 1486 3854 ἐγνωκέναι;
1543 3779 1689 3854 Ὀρθ.
1749 3776 1878 3834 "Eni
1937 3781 2069 3833 Θεοῦ

421 3864 519 3920 οὐκ
549 3863 687 3920 ἔστιν
722 3862 862 3920 ἄλλο
893 3865 981 3920 καὶ
1015 3863 1176 3921 ἄλλο·
1209 3865 1370 3928 αὐτὸς
1399 3866 1497 3942 γὰρ
1545 3869 1642 3935 τὴν
1695 3865 1921 3943 θεωρίαν
1983 3866 2069 3920 ἐπὶ

418 3961 518 4024 τῆς
551 3956 804 4030 γνώσεως
838 3951 1019 4023 ἔλαϐε,
1065 3955 1255 4032 λέγων·
1292 3982 1317 4008 ‹‹
1371 3959 1644 4013 Τοσοότον
1698 3957 1896 4032 χρόνον
1954 3957 2070 4029 μεθ’

425 4044 574 4116 ὑμῶν
610 4044 745 4115 εἶμι,
805 4044 892 4097 καὶ
945 4047 1044 4101 οὐκ
1094 4041 1332 4120 ἔγνωκάς
1381 4065 1479 4118 με;
1534 4043 1799 4114 Φίλιππε,
1841 4046 1868 4098 ὁ
1897 4045 2071 4120 ἑωρα-

420 4132 531 4194 κὼς
585 4133 682 4205 ἐμὲ
732 4133 938 4206 ἑώρακε
984 4134 1078 4187 τὸν
1107 4134 1320 4208 Πατέρα
1350 4155 1476 4206 μου.
1512 4158 1540 4186 ››
1576 4133 1764 4207 Ἀνὸμ.
1801 4134 1861 4188 Εἰ
1895 4131 2067 4206 οἶδας,

421 4221 503 4277 ὅτι
538 4221 666 4296 ὑπὲρ
725 4223 790 4276 τὰ
839 4222 1134 4302 φαινόμενά
1195 4222 1356 4292 ἐστιν,
1416 4220 1564 4283 οἶδας
1615 4223 1666 4277 τί
1698 4221 1860 4280 ἐστιν.
1924 4224 2066 4298 Ὀρθ.

419 4311 642 4366 Γελοῖον
701 4309 896 4385 λέγεις·
947 4311 1023 4384 μὴ
1090 4311 1214 4386 γὰρ,
1275 4309 1461 4382 ἐπειδή
1517 4309 1659 4380 οἴδα,
1705 4311 1788 4367 ὃτι
1843 4312 1973 4386 ὑπὲρ
2004 4311 2070 4367 τὰ

422 4400 716 4479 φαινόμενα
784 4400 1009 4474 σώματά
1069 4399 1207 4456 ἐστιν
1269 4403 1303 4472 ἠ
1358 4404 1536 4476 ψυχὴ,
1586 4398 1707 4456 οἶδα
1753 4400 1924 4456 καῖτί
1957 4400 2067 4456 ἐστι

931 4490 941 4508 ,
1042 4489 1055 4505 κ
1169 4488 1193 4506 η
1407 4489 1419 4506 ,
1470 4491 1481 4508 ,
1606 4489 1660 4512 τη
1793 4491 1805 4507 .
1951 4490 1964 4504 ρ
2014 4491 2026 4506 κ

420 4491 613 4566 ψυχής
672 4488 865 4563 Ἀνόμ.
947 4495 1073 4564 Εγω
1134 4510 1305 4552 ουτως
1365 4511 1520 4546 αυτον
1579 4509 1715 4562 οιοα,
1777 4512 1850 4552 ως
1907 4510 2068 4553 αυτος

422 4580 608 4635 ἑαυτὸν
669 4577 833 4634 οἶδεν.
894 4579 1046 4641 Ὀρθ.
1107 4578 1174 4635 Τί
1231 4577 1321 4633 οὖν
1376 4578 1512 4634 ἐστιν
1572 4581 1599 4633 6
1651 4575 1816 4649 Θεός;
1871 4579 2064 4652 Ἀνόμ.

423 4667 567 4724 Αὐτὸ
607 4668 666 4723 τὸ
725 4667 1035 4744 ἀγέννητον.
1097 4668 1241 4744 Ὀρθ.
1301 4669 1372 4723 Τὸ
1429 4667 1650 4741 εἰδέναι,
1707 4670 1788 4725 ὅτι
1834 4670 2067 4745 ἀγέννη-

419 4757 510 4821 τὸς
540 4760 649 4833 (43)
681 4757 813 4830 ἐστι,
846 4762 1006 4812 τοῦτο
1038 4756 1148 4813 ἐστι
1180 4758 1240 4812 τὸ
1274 4755 1464 4813 εἰδέναι
1513 4759 1603 4814 τὸν
1653 4759 1803 4815 Θεόν.
1874 4759 2065 4834 ’Δνόμ.

423 4847 526 4906 Καὶ
573 4847 731 4904 πάνυ.
784 4848 935 4922 Ὀρθ.
979 4847 1171 4904 Ἰσασιν
1205 4845 1294 4901 οὖν
1332 4847 1421 4902 καὶ
1454 4845 1706 4904 Ἰουδαῖοι
1737 4846 1826 4902 καὶ
1855 4847 2069 4916 Ἕλλη-

420 4959 505 5001 νες
559 4942 741 4994 τοῦτο.
789 4938 896 5006 Τὴν
956 4936 1122 5006 αὐτὴν
1170 4937 1271 5013 ἄρα
1318 4942 1434 4999 τοῖς
1493 4934 1772 4999 Ἰουδαίοις
1819 4938 1908 4992 καὶ
1950 4943 2068 4999 τοῖς

421 5025 691 5099 Ἕλλησιν
749 5022 897 5103 ἔχεις
953 5030 1170 5102 γνῶσιν,
1218 5031 1335 5089 τοῖς
1389 5028 1465 5101 μὴ
1499 5026 1855 5102 γινώσκουσιν
1885 5024 2066 5083 αὐτόν.

419 5117 673 5195 ’Ότιγᾶρ
708 5118 735 5171 ὁ
784 5116 860 5191 μὴ
919 5116 1198 5191 γινώσκων
1252 5117 1345 5172 τὸν
1405 5116 1526 5171 Υἰὸν
1578 5115 1636 5170 οὐ
1690 5116 1943 5192 γινώσκει
1975 5116 2067 5170 τὸν

420 5207 747 5282 Πατέρα,τὰ
804 5202 1112 5281 Εὗαγγὲλια
1165 5205 1459 5282 εΐρ-ιςκασιν.
1509 5205 1702 5280 Ἀνόμ.
1764 5204 1875 5263 Οὐκ
1929 5202 2070 5260 οἶδεν

490 5378 532 5413 ⁸⁷
563 5378 728 5433 Joan.
763 5393 802 5444 l,
839 5375 924 5430 18.
1001 5374 1228 5432 “Joan.
1261 5393 1378 5444 xxv,
1409 5378 1463 5431 9.

497 5549 610 5619 (40)
639 5548 726 5603 Ita
758 5547 897 5618 Reg.
931 5550 988 5619 et
1028 5545 1350 5619 Palatinus.
1388 5547 1535 5619 Editi
1568 5564 1721 5619 vero,
1754 5544 1842 5599 καὶ
1882 5545 2073 5606 πιστὸς

431 5616 520 5693 ain
543 5616 749 5693 κατηχ.
787 5616 943 5693 Idem
974 5617 1146 5693 inira,
1178 5617 1266 5671 καὶ
1287 5616 1548 5680 Ἰουδαῖος
1645 5619 1672 5672 ὁ
1707 5617 1942 5693 ἐρωτῶν.

505 5687 618 5762 (41)
650 5687 968 5766 Palatinus,
1003 5687 1170 5743 εἰπεῖν
1205 5710 1310 5744 σοι.

2253 3245 2305 3298 2.
2343 3245 2652 3299 Anomwus.
2677 3243 2760 3298 Tu
2787 3241 2969 3315 igitur
2991 3259 3106 3314 qua
3130 3243 3352 3298 ratione
3371 3241 3536 3297 illum
3563 3243 3749 3310 nosti;
3779 3246 3844 3296 ut

2183 3333 2382 3389 electri
2413 3333 2626 3403 specie,
2661 3349 2733 3386 an
2767 3336 2830 3386 ut
2881 3331 3185 3404 antiquam
3238 3331 3464 3387 dierum
3493 3333 3513 3385 ἒ
3565 3331 3721 3388 Orth.
3755 3331 3841 3386 Ab

2183 3423 2327 3495 ipsis
2353 3421 2528 3476 didici
2551 3423 2728 3476 Deum
2761 3438 2889 3477 esse
2922 3439 3102 3493 supra
3133 3421 3331 3476 omnia
3352 3420 3453 3476 illa
3482 3420 3627 3492 ipsis
3657 3420 3843 3476 mani-

2183 3514 2414 3567 festata.
2448 3511 2570 3566 Nisi
2619 3510 2776 3565 enim
2820 3509 2946 3566 istis
2996 3509 3374 3582 praecelleret,
3423 3525 3724 3581 nunquam
3757 3509 3846 3564 di-

2182 3601 2364 3656 versis
2391 3601 2582 3655 modis
2604 3600 2992 3672 apparuisset,
3019 3600 3265 3671 ideoque
3287 3598 3428 3654 dicit
3445 3597 3798 3672 Unigenitus
3826 3616 3838 3652 :

2184 3711 2211 3739 «
2246 3691 2424 3745 Deum
2460 3706 2629 3745 nemo
2663 3689 2805 3743 vidit
2839 3705 3101 3759 unquam
3129 3689 3194 3742 “7.
3231 3710 3258 3737 »
3287 3688 3476 3744 Anam.
3533 3687 3701 3743 Aliud
3754 3691 3844 3742 est

2182 3779 2419 3848 vidisse,
2479 3778 2638 3833 aliud
2693 3794 2884 3833 nosse.
2918 3777 3075 3832 Orth.
3109 3779 3270 3843 Quod
3301 3779 3372 3834 ad
3404 3783 3585 3833 Deum
3609 3775 3842 3845 attinet,

2184 3885 2299 3922 non
2331 3871 2420 3923 est
2471 3867 2631 3923 aliud
2677 3871 2733 3921 et
2778 3865 2959 3937 aliud,
3012 3867 3306 3939 siquidem
3357 3867 3482 3939 ipse
3533 3869 3841 3938 aspectum

2183 3975 2284 4029 pro
2319 3957 2651 4029 cognitione
2686 3955 3011 4027 usurpavit,
3045 3956 3280 4010 dicens:
3305 3980 3331 4005 ‹‹
3358 3957 3544 4011 Tanto
3575 3960 3840 4027 tempore

2179 4045 2482 4102 vobiscum
2517 4062 2673 4116 sum,
2703 4050 2758 4099 et
2809 4061 2924 4098 non
2970 4044 3293 4117 cognovisti
3345 4061 3437 4099 me
3469 4044 3496 4099 ?
3548 4042 3838 4115 Philippe,

2181 4134 2281 4208 qui
2339 4151 2428 4189 me
2475 4134 2639 4199 vidit,
2692 4136 2920 4188 Patrem
2956 4150 3152 4188 meum
3200 4131 3340 4188 vidit
3369 4133 3432 4188 ⁸⁸.
3473 4156 3492 4180 ι
3549 4132 3745 4188 Anam.
3779 4132 3838 4186 Si

2181 4224 2335 4280 nosti
2366 4239 2499 4278 eum
2542 4239 2670 4278 esse
2712 4238 2891 4292 supra
2939 4223 3137 4277 omnia
3189 4239 3316 4294 quae
3366 4220 3836 4293 conspiciuntur,

2181 4312 2318 4385 quid
2349 4313 2473 4384 ipse
2503 4310 2578 4366 sit
2611 4309 2785 4366 nosti.
2822 4311 2972 4367 Orth.
3017 4311 3347 4366 Ridiculum
3379 4311 3662 4383 quiddam
3705 4327 3836 4366 nar-

2179 4420 2295 4470 ras,
2339 4418 2480 4457 num
2531 4400 2687 4455 enim
2738 4400 2878 4472 quia
2921 4401 3178 4456 animam
3232 4400 3362 4456 novi
3403 4417 3586 4472 supra
3630 4400 3832 4455 omnia

2179 4489 2558 4564 aspectabilia
2608 4507 2850 4562 corpora
2893 4506 3020 4546 esse
3053 4488 3267 4544 idcirco
3299 4489 3474 4544 etiam
3528 4487 3658 4544 novi
3689 4487 3831 4559 quid

2179 4580 2256 4635 sit
2287 4579 2484 4634 anima
2509 4581 2530 4633 Ρ
2553 4579 2743 4633 Anam.
2770 4581 2837 4633 At
2872 4594 2978 4650 ego
3010 4594 3144 4633 eum
3170 4576 3300 4633 novi
3331 4582 3394 4631 ut
3415 4576 3539 4648 ipse
3559 4593 3621 4632 se
3653 4577 3831 4631 novit.

2179 4669 2329 4727 Orth.
2362 4669 2508 4733 Quid
2541 4672 2630 4724 est
2658 4667 2841 4742 igitur
2887 4668 3041 4724 Deus
3062 4667 3089 4722 7
3135 4669 3327 4723 Anam.
3381 4666 3580 4740 Ipsum
3613 4664 3834 4737 ingeni-

2177 4765 2326 4816 tum.
2360 4758 2511 4815 Orth.
2546 4759 2630 4814 An
2665 4774 2837 4813 nosse
2868 4758 3020 4830 quod
3054 4757 3130 4813 sit
3177 4756 3496 4829 ingenitus,
3529 4760 3618 4811 est
3647 4755 3832 4812 Deum

2178 4847 2399 4904 nosse?
2426 4849 2616 4903 Anam.
2649 4847 2796 4903 Sane
2826 4846 3086 4918 quidem.
3124 4846 3276 4903 Orth.
3309 4845 3486 4918 Atqui
3517 4845 3626 4901 hoc
3657 4843 3832 4900 etiam

2180 4941 2398 4994 norunt
2428 4941 2484 4992 et
2510 4935 2696 4993 Judaei
2729 4941 2786 4990 et
2830 4936 3030 4992 Graeci.
3083 4936 3293 4991 Eadem
3327 4951 3464 5007 ergo
3495 4933 3702 4990 notitia
3731 4931 3832 4989 Dei

2180 5027 2460 5100 praeditus
2492 5042 2553 5081 es
2603 5043 2718 5098 qua
2746 5025 2936 5081 Judaei
2984 5029 3039 5081 et
3087 5025 3287 5095 Graeci,
3321 5024 3417 5095 qui
3470 5023 3665 5094 ipsum
3714 5040 3829 5077 non

2179 5121 2415 5172 norunt.
2449 5117 2764 5171 Testantur
2817 5115 2971 5170 enim
3020 5114 3350 5186 Evangelia,
3395 5130 3528 5169 eum
3581 5111 3680 5184 qui
3713 5128 3827 5166 non

2180 5204 2482 5278 cognoscit
2512 5203 2744 5273 Filium,
2779 5220 2884 5259 nec
2929 5204 3151 5258 Patrem
3205 5219 3395 5259 nosse.
3453 5209 3648 5257 Anam.
3703 5199 3827 5256 Non

2257 5545 2366 5618 (42)
2399 5542 2713 5618 Palatinus,
2746 5537 3026 5618 Ἰουδαῖος.

2186 5684 2218 5740 ἂ
2255 5613 2370 5742 (43)
2401 5615 2491 5670 Sic
2519 5614 2836 5685 Palatinus,
2873 5613 2966 5669 hic
2998 5619 3054 5668 et
3083 5613 3456 5670 bisinferius.
3493 5614 3640 5668 Editi
3673 5629 3827 5668 vero.

2219 5707 2252 5763 γ
2281 5707 2464 5758 νητον.
