4116 6364
243 373 399 432 1119

1404 382 1468 440 S.
1518 380 2039 442 ATHANASIUS.
2072 413 2151 424 -—
2186 380 2496 442 SPURIA.

3507 382 3666 450 1120

241 503 426 576 igitur
455 511 614 564 novit
640 511 791 566 Deus
822 527 884 565 se
915 526 1043 567 esse
1070 514 1444 584 ingenitum?
1475 516 1623 572 Orth.
1673 516 1743 568 At
1785 513 1896 568 hoc

2012 507 2104 563 οὗν
2131 510 2158 563 ὁ
2189 509 2318 570 Θεὸς
2349 509 2642 584 ἀγέννητον
2678 511 2862 566 δαυτόν
2891 529 2904 579 ;
2960 511 3103 585 Ὀρθ.
3164 508 3324 566 Ἀλλ’
3375 511 3436 568 οὐ
3500 513 3664 570 τοῦτό

245 595 490 651 minime
521 599 708 669 ipsius
739 606 822 654 est
855 603 1107 657 essentia
1135 605 1284 673 quod
1318 602 1895 677 comprehendimus.

244 685 442 739 Anam.
475 689 558 742 An
595 706 770 742 unam
795 689 940 745 dicis
964 692 1263 756 deitatem,
1289 700 1343 747 et
1363 700 1480 748 tres
1509 691 1896 765 hypostases?

243 772 395 828 Orth.
432 777 556 831 Tua
587 779 826 849 quidem
861 779 959 833 illa
1009 782 1234 851 notitia,
1272 799 1447 854 quam
1485 783 1647 853 prius
1695 782 1896 836 affere-

241 861 369 931 bas,
405 865 706 920 confutata
755 872 843 920 est
895 885 906 921 :
953 869 1058 922 tibi
1110 886 1243 924 vero
1297 871 1381 925 sic
1429 871 1600 925 etiam
1658 885 1895 939 respon-

243 950 392 1006 debo
428 968 438 1005 :
477 952 647 1007 Aliud
680 961 767 1009 est
814 955 1166 1027 hypostasis,
1201 965 1254 1012 et
1304 957 1460 1013 aliud
1515 959 1742 1012 deitas:
1782 975 1894 1012 non

240 1043 306 1094 ut
337 1040 450 1094 alia
497 1047 556 1096 et
621 1042 734 1098 alia
792 1063 919 1110 res;
955 1048 1052 1100 sed
1106 1048 1256 1117 quod
1302 1047 1630 1120 hypostasis
1653 1047 1888 1119 quidem

237 1127 418 1196 aliud,
453 1131 611 1185 aliud
645 1149 778 1187 vero
808 1134 993 1188 deitas
1027 1135 1336 1208 signiﬁcet.
1371 1137 1514 1191 Nam
1546 1137 1885 1209 hypoetasis

236 1215 298 1268 τὸ
359 1217 492 1270 εἶναι
521 1221 578 1274 id
614 1225 721 1290 est,
758 1241 964 1291 «esse,
999 1245 1024 1274 »
1080 1225 1266 1280 deitas
1318 1243 1472 1292 vero,
1531 1225 1593 1278 τὸ
1650 1224 1701 1279 τὶ
1761 1224 1892 1279 εἶναι

236 1304 297 1360 id
329 1313 438 1373 est,
469 1330 491 1358 ε
526 1310 808 1380 quiddam
833 1329 980 1375 esse,
1003 1333 1029 1362 ι
1059 1313 1374 1386 significat.
1409 1320 1598 1370 Anam.
1624 1315 1741 1370 Hoc
1762 1331 1894 1370 vero

239 1395 575 1464 cujusmodi
609 1399 744 1454 est?
775 1401 926 1455 Orth.
962 1401 1035 1456 Ut
1086 1407 1223 1457 sunt
1277 1402 1448 1468 Petri,
1498 1409 1556 1459 et
1607 1403 1785 1474 Pauli,
1841 1408 1898 1459 et

243 1482 536 1539 Timothei
593 1490 711 1541 tres
769 1487 1134 1559 hypostases,
1215 1497 1270 1546 et
1339 1508 1456 1546 una
1533 1491 1892 1547 humanitas.

242 1573 434 1627 Anam.
468 1573 611 1644 Ergo
642 1580 760 1631 tres
795 1581 935 1632 sunt
981 1579 1082 1634 dii.
1134 1581 1287 1635 Orth.
1343 1580 1512 1635 Absit
1562 1586 1625 1635 ut
1669 1580 1775 1636 hoc
1809 1580 1894 1635 di-

243 1659 409 1715 cam!
446 1663 639 1718 Anam.
693 1663 752 1718 Sl
803 1666 884 1719 ita
943 1672 1080 1722 sunt
1139 1669 1505 1740 hypostases,
1553 1673 1618 1723 ut
1658 1669 1810 1724 Petri
1841 1673 1898 1723 et

241 1748 428 1813 Pauli,
463 1756 520 1806 et
566 1753 877 1819 Timothei,
913 1761 1030 1811 tres
1085 1763 1222 1812 sunt
1252 1758 1332 1812 dii
1367 1773 1379 1813 :
1416 1759 1894 1830 quandoquidem

243 1838 469 1904 Petrus,
504 1845 560 1896 et
591 1842 826 1911 Paulus,
861 1849 917 1899 et
949 1846 1314 1912 Timotheus,
1361 1852 1475 1903 tres
1521 1853 1660 1902 sunt
1704 1847 1896 1902 homi-

242 1928 528 1985 nes.0rth.
563 1931 644 1986 Ne
678 1932 733 1986 hi
767 1934 1004 2004 quidem
1049 1942 1187 1991 sunt
1231 1937 1383 1991 409
1440 1942 1557 1992 tres
1596 1953 1664 1991 ex
1715 1936 1898 1992 sacris

245 2016 509 2073 Litteris.
558 2039 578 2067 ι
616 2025 760 2075 Nam
793 2022 847 2076 in
881 2023 1106 2079 Christo
1137 2026 1270 2079 Jesu
1307 2042 1422 2080 non
1455 2030 1545 2080 est
1576 2023 1899 2091 masculus,

243 2123 434 2178 neque
466 2109 704 2177 femina,
740 2128 852 2166 non
886 2116 974 2167 est
1004 2113 1237 2169 Graecus
1289 2120 1345 2170 et
1373 2114 1634 2183 Judaaus,
1665 2131 1780 2169 non
1812 2119 1901 2170 est

247 2211 452 2251 servus
483 2202 540 2252 et
570 2197 736 2264 liber,
790 2201 892 2255 sed
944 2217 1148 2257 omnes
1197 2202 1254 2256 in
1301 2202 1528 2259 Christo
1579 2219 1761 2258 unum
1795 2220 1898 2258 su-

248 2303 382 2341 mus
409 2288 474 2342 5’.
508 2310 536 2337 »
571 2289 764 2345 Anam.
823 2295 1028 2347 Annon
1084 2293 1266 2365 igitur
1311 2299 1427 2350 tres
1477 2302 1618 2349 sunt
1667 2297 1899 2362 Petrus,

242 2375 486 2443 Paulus,
513 2381 571 2432 et
597 2378 939 2436 Timotheus
977 2381 1004 2435 ?
1066 2383 1230 2438 Orlh.
1282 2384 1424 2438 Tres
1470 2384 1705 2455 quidem
1739 2388 1896 2452 sunt,

245 2469 306 2520 at
339 2481 451 2520 non
484 2470 605 2521 tres
636 2467 926 2533 hormines,
961 2471 1157 2526 Anam.
1193 2473 1493 2536 Quomodo
1515 2472 1542 2526 ?
1565 2472 1720 2528 Orth.
1755 2472 1902 2537 Quia

242 2557 384 2608 tunc
413 2557 532 2609 tres
564 2561 702 2610 sunt
732 2557 1021 2624 homines,
1067 2576 1200 2614 cum
1233 2560 1520 2616 dissimile
1550 2577 1648 2616 cor
1678 2561 1900 2617 habue-

244 2642 384 2708 rint,
439 2649 504 2698 ut
549 2644 784 2702 Graecus
830 2651 888 2702 et
946 2650 1202 2714 Judzeus,
1261 2655 1318 2705 et
1357 2649 1772 2705 Christianus:
1809 2650 1899 2705 sin

245 2747 381 2786 vero
412 2731 567 2787 idem
601 2733 819 2804 dicant,
854 2753 958 2792 nec
990 2738 1110 2792 sint
1155 2737 1308 2794 inter
1337 2755 1435 2794 eos
1484 2738 1754 2806 dissidia,
1785 2744 1903 2794 tres

252 2819 491 2891 quidem
524 2821 997 2895 hypostases,scd
1033 2843 1188 2883 unus
1219 2828 1276 2882 in
1305 2828 1568 2893 Domino,
1593 2827 1691 2900 qui
1716 2845 1900 2884 unum

251 2909 516 2966 animum
564 2917 620 2967 et
668 2930 851 2968 unum
903 2933 1002 2971 cor
1050 2917 1303 2972 habeant
1353 2934 1365 2971 :
1421 2921 1477 2972 et
1514 2921 1631 2973 tres
1664 2916 1902 2989 quidem

248 3001 390 3054 sunt
420 3016 683 3072 numero,
719 3007 776 3058 at
805 3020 918 3058 non
953 3007 1105 3076 quod
1141 3006 1431 3061 diversam
1455 3008 1607 3062 inter
1638 3023 1699 3061 se
1730 3010 1900 3060 natu-

245 3103 372 3143 ram
423 3088 504 3143 vel
553 3090 850 3147 diversum
891 3111 990 3149 cor
1039 3095 1312 3149 habeant.
1363 3096 1558 3150 Anam.
1612 3095 1728 3167 Ego
1781 3111 1902 3164 eos,

2007 597 2146 653 ἐστιν
2180 597 2345 653 αὐτοῦ
2402 601 2437 667 ἡ
2499 597 2676 666 οὐσία,
2734 601 2762 654 δ
2806 597 3238 677 κατειλήφαμεν.
3294 600 3486 674 Ἀνόμ.
3523 601 3664 660 Μίαν

2007 686 2188 760 λέγεις
2221 687 2473 757 θεότητα,
2503 688 2592 742 καὶ
2622 692 2769 764 τρεῖς
2811 687 3130 750 ὑποστάσεις
3157 707 3169 758 ;
3222 690 3374 766 Ὀρθ.
3424 688 3658 747 Λέλυται

2011 777 2105 849 μέν
2157 797 2251 830 σου
2295 779 2329 845 ἡ
2385 776 2648 852 πρότερον
2695 783 2913 852 γνῶσις.
2977 778 3405 852 Ἀποκρινοῦμαι
3467 777 3524 835 δέ
3572 801 3658 835 σοι

2007 865 2092 919 καὶ
2127 865 2318 926 οὕτως·
2352 863 2531 920 Ἀλλο
2565 865 2704 922 ἐστὶν
2748 866 3062 933 ὑπόστασις,
3109 868 3199 920 καὶ
3251 867 3392 923 ἄλλο
3446 868 3658 940 θεότης·

2007 953 2114 1030 οὐχ
2145 954 2218 1014 ὡς
2251 951 2391 1008 ἄλλο
2422 961 2650 1029 πρᾶγμα
2679 953 2768 1009 καὶ
2818 953 2981 1027 ἄλλο,
3033 952 3158 1009 ἀλλ’
3197 956 3270 1017 ὡς
3301 955 3444 1012 ἄλλο
3472 979 3524 1012 τι
3557 979 3658 1029 σηο

2010 1043 2304 1115 μαινοῦσης
2334 1049 2435 1112 τῆς
2485 1043 2848 1112 ὑποστάσεως,
2899 1043 2988 1098 καὶ
3039 1042 3179 1099 ἄλλο
3234 1051 3334 1114 τῆς
3368 1041 3654 1117 Θεὸτητος.

2005 1134 2070 1188 Ἡ
2106 1133 2198 1206 μὶν
2262 1132 2361 1207 γὰρ
2427 1131 2718 1194 ὑπόστασις
2779 1156 2806 1184 ‹‹
2857 1133 2920 1187 τὸ
2970 1133 3102 1187 εἴναι
3155 1158 3183 1184 ‹‹
3226 1133 3500 1207 σημαίνειο
3534 1138 3570 1206 ἡ
3605 1133 3661 1191 δὶ

2005 1221 2196 1291 θεότης
2229 1222 2348 1276 «τὸ
2377 1221 2430 1276 τί
2462 1223 2617 1278 εἶναι.
2655 1245 2683 1272 ››
2716 1221 2906 1293 Ἀνόμ.
2939 1221 3087 1290 Οἷον,
3120 1222 3194 1284 ὡς
3224 1221 3321 1292 τίς
3369 1224 3515 1300 Ὀρθ.
3565 1225 3656 1287 Ὠς

2007 1312 2236 1387 Πέτρου,
2296 1310 2412 1366 καῖ’
2444 1309 2687 1380 Παύλου,
2747 1310 2838 1365 καὶ
2886 1310 3164 1384 Τιμοθέου
3221 1317 3365 1386 τρεῖς
3419 1313 3658 1369 ὑποστά-

2005 1421 2140 1468 σεις,
2171 1400 2261 1454 καὶ
2296 1398 2394 1472 μία
2425 1395 2797 1475 ἀνθρωπὸτης.
2833 1396 3022 1473 Ἀνὸμ.
3057 1399 3266 1458 Οὐκοῦν
3315 1407 3462 1477 τρεῖς
3512 1402 3661 1470 Osci;

2004 1490 2153 1565 Ὀρθ.
2213 1489 2308 1557 Μὴ
2359 1489 2574 1563 γένοιτο
2623 1488 2829 1544 εἶπεῖνί
2882 1485 3079 1562 Ἀνὸμ.
3131 1489 3192 1544 Ei
3237 1488 3409 1552 οὓτως
3439 1489 3574 1546 εἰσὶν
3605 1491 3658 1546 αἱ

2007 1573 2326 1640 ὑποστάσεις
2385 1578 2458 1640 ὡς
2510 1577 2739 1653 Πέτρου,
2798 1578 2887 1633 καὶ
2939 1577 3182 1646 Παύλου,
3232 1579 3322 1634 καὶ
3371 1579 3658 1652 Τιμοθέου,

2003 1671 2147 1739 τρεῖς
2177 1665 2310 1720 θεοί⁹
2370 1671 2518 1740 τρεῖς
2575 1667 2676 1742 γὰρ
2737 1666 3034 1741 ἅνθρωποι,
3089 1665 3316 1744 Πέτρος,
3372 1667 3462 1723 καὶ
3515 1669 3658 1724 Ιίαῦ-

2007 1756 2129 1824 λος,
2182 1756 2272 1810 γαὶ
2328 1751 2616 1828 Τιμόθεος.
2682 1757 2832 1831 Ὀρθ.
2878 1757 3029 1811 Κατὰ
3093 1757 3188 1818 τὰς
3228 1755 3372 1819 θείας
3425 1757 3660 1836 Γραφᾶς,

2006 1844 2186 1900 οὐκέτι
2249 1841 2373 1898 οὐδὲ
2417 1843 2569 1899 αὐτοὶ
2617 1849 2762 1919 τρεῖς
2820 1847 3118 1919 ἅνθρωποι.
3181 1869 3210 1897 (ι
3258 1847 3348 1900 ’Ev
3389 1845 3488 1920 γάρ
3530 1852 3659 1921 Χρι-

2006 1937 2116 2005 στῷ
2145 1933 2328 2002 Ἰησοῦ
2385 1932 2486 1986 οὐκ
2529 1929 2605 1987 ἔνι
2656 1934 2836 2007 ἄρσεν,
2887 1932 2978 1987 καὶ
3017 1932 3179 2004 Θῆλυ,
3213 1931 3312 1988 οὐκ
3342 1930 3414 1988 ἔνι
3446 1932 3658 2005 ’Έλλην

2007 2022 2096 2076 καὶ
2130 2019 2416 2094 Ἰουδαῖος,
2477 2021 2574 2077 οὐκ
2623 2020 2696 2076 ἔνι
2743 2019 2941 2084 δοῦλος
2987 2021 3076 2077 καὶ
3110 2021 3413 2098 ἐλεύθερος·
3451 2022 3578 2080 ἀλλ’
3609 2024 3660 2078 οἱ

2006 2111 2199 2173 πάντες
2254 2110 2305 2166 έν
2367 2114 2581 2187 Χριστῷ
2637 2109 2692 2167 ἓν
2732 2111 2912 2185 έσμεν.
2976 2137 3003 2165 ››
3066 2108 3260 2186 Ἀνὸμ.
3319 2111 3512 2170 Οὐκέτι
3571 2113 3662 2168 οὖν

2009 2201 2110 2256 εἰσι
2141 2207 2306 2277 τρεῖς,
2342 2201 2563 2277 Πέτρος,
2597 2201 2685 2256 καὶ
2718 2200 2958 2274 Παῦλος,
3013 2203 3102 2257 καὶ
3150 2199 3416 2275 Τιμόθεος
3445 2221 3458 2274 ;
3513 2205 3659 2279 Ὀρθ.

2006 2295 2162 2366 Τρεῖς
2225 2290 2318 2362 μέν
2381 2289 2536 2360 εἰσιν,
2595 2288 2724 2344 ἀλΛ⁹
2784 2291 2845 2345 οὐ
2901 2297 3048 2366 τρεῖς
3106 2292 3408 2366 ἅνθρωποι.
3467 2289 3658 2365 ’Δνὸμ.

2009 2383 2172 2448 Hinc;
2208 2381 2360 2454 Ὀρθ.
2389 2380 2510 2437 Ὀτι
2539 2385 2685 2456 τρεῖς
2718 2379 2851 2434 εἰσιν
2886 2380 3185 2455 ἅνθρωποι,
3227 2380 3352 2436 ὅταν
3400 2381 3664 2455 ἀνομοίαν

2009 2464 2183 2543 ἔχωσι
2241 2469 2340 2536 τὴν
2399 2466 2642 2544 καρδίαν,
2702 2469 2776 2531 ὡς
2831 2467 3070 2540 Ἕλλην,
3122 2467 3526 2540 καὶῚουδαῖος,
3572 2470 3660 2526 καὶ

2009 2553 2353 2632 Χριστιανός,
2390 2555 2512 2612 ὅταν
2547 2554 2604 2612 δὲ
2632 2557 2696 2611 τὸ
2727 2556 2857 2612 αὐτὸ
2889 2554 3112 2634 λέγωσι,
3143 2557 3234 2612 καὶ
3289 2559 3365 2632 μὴ
3416 2555 3557 2614 ἔστιν
3611 2558 3662 2614 έν

2011 2645 2196 2708 αὐτοῖς
2230 2646 2525 2722 σχίσματα,
2552 2652 2700 2722 τρεῖς
2735 2646 2829 2719 μέν
2882 2647 3011 2702 εἰσιν
3071 2648 3412 2716 ὑποστάσεις,
3467 2648 3544 2710 εἷς
3605 2645 3662 2703 δὶ

2010 2735 2062 2789 έν
2124 2735 2326 2811 Κυρίῳ,
2389 2735 2514 2808 μίαν
2560 2737 2745 2812 ψυχήν
2800 2732 3024 2810 ἔχοντες
3085 2734 3172 2790 καί
3239 2735 3364 2810 μίαν
3412 2733 3659 2812 καρδίαν·

2009 2823 2100 2878 καὶ
2129 2829 2276 2899 τρεῖς
2312 2823 2407 2897 μέν
2440 2823 2570 2878 εἰσιν
2615 2823 2852 2900 ἀριθμῷ,
2900 2823 3027 2879 ἀλλ’
3078 2823 3185 2900 οὐχ
3243 2821 3521 2900 έτερότητι
3571 2825 3665 2904 φύ-

2013 2933 2147 2975 σεως
2179 2914 2214 2981 ἢ
2247 2907 2490 2988 καρδίας.
2531 2908 2724 2986 Ἀνὸμ.
2757 2913 2903 2987 Ἐγὼ
2933 2911 3058 2974 τοὺς
3099 2919 3244 2988 τρεῖς
3291 2919 3436 2990 τρεῖς
3497 2913 3661 2990 λέγω.

2013 3003 2161 3078 Ὀρθ.
2196 3003 2334 3078 Ἐγὼ
2366 2999 2424 3056 δὲ
2451 3006 2596 3078 τρεῖς
2630 2999 2797 3077 λέγω,
2829 2999 2953 3055 ὅταν
3007 3001 3043 3075 ᾖ
3083 3001 3135 3056 έν
3186 3001 3372 3064 αὑτοῖς
3433 3001 3660 3078 σχίσμα·

2013 3091 2100 3146 ἐὰν
2136 3090 2192 3145 δὲ
2221 3092 2358 3146 κατᾶ
2384 3094 2479 3152 τὰς
2514 3091 2664 3166 ἁγίας
2709 3090 2921 3168 Γραφὰς
2977 3092 3239 3165 γένωνται
3298 3093 3661 3168 κατηρτισμέ-

246 3177 347 3248 qui
379 3181 496 3232 tres
528 3184 686 3246 sunt,
721 3184 837 3236 tres
869 3199 997 3238 esse
1029 3183 1178 3239 dico.
1215 3183 1367 3240 Orth.
1403 3186 1475 3239 At
1500 3201 1604 3257 ego
1635 3188 1755 3240 tres
1775 3199 1902 3239 esse

2012 3203 2095 3236 νοι
2130 3179 2181 3236 έν
2209 3185 2287 3252 τῷ
2316 3181 2464 3252 αὑτῷ
2493 3177 2596 3250 νοΐ,
2629 3180 2718 3234 καὶ
2749 3178 2800 3234 έν
2831 3183 2899 3254 τῇ
2931 3181 3068 3254 αὑτῇ
3099 3180 3319 3255 γνώμῃ,
3369 3177 3458 3236 ἕνα
3516 3178 3665 3257 λέγω

245 3266 397 3332 dico,
429 3267 476 3321 si
511 3267 664 3324 inter
713 3285 774 3324 se
824 3272 1255 3343 dissenserint;
1287 3273 1440 3346 quod
1474 3273 1520 3328 si
1547 3256 1896 3329 secundum

2012 3270 2194 3326 καινὸν
2249 3270 2558 3346 ἄνθρωπον,
2620 3268 2753 3343 μετὰ
2809 3273 2908 3324 τοῦ
2969 3267 3141 3341 μένειν
3190 3269 3285 3331 τὰς
3320 3269 3664 3331 ὑποστάσεις.

247 3371 475 3412 sacram
507 3358 866 3429 Scripturam
907 3362 1142 3433 perfecti
1192 3363 1404 3418 fuerint
1451 3363 1655 3420 eadem
1708 3367 1904 3419 mente

250 3447 309 3500 ot
367 3447 678 3512 sententia,
731 3466 913 3504 unum
961 3467 1090 3507 esse
1141 3468 1352 3507 novum
1405 3451 1702 3508 hominem
1749 3452 1901 3521 dico,

255 3535 634 3592 manentibus
665 3541 858 3592 tamen
911 3539 1348 3613 hypostasibus.
1403 3542 1593 3598 Anam.
1629 3542 1740 3598 Sed
1784 3541 1903 3596 haec

252 3621 323 3678 de
354 3623 694 3680 hominibus
726 3627 1003 3684 dicuntur
1036 3648 1046 3683 ε
1083 3630 1140 3685 in
1173 3630 1290 3685 Deo
1321 3647 1454 3686 vero
1487 3630 1654 3686 aliter
1703 3647 1764 3686 se
1813 3648 1904 3686 res

245 3709 445 3767 habet.
506 3712 657 3769 Orth.
693 3715 751 3770 Si
802 3715 861 3771 in
912 3717 984 3773 iis
1025 3734 1152 3789 quae
1201 3719 1581 3792 corporaliter
1637 3726 1907 3792 separata

248 3804 408 3868 sunt,
455 3804 627 3858 modo
669 3804 848 3860 animi
881 3809 1174 3863 sententia
1205 3825 1318 3864 non
1353 3809 1698 3876 dissideant,
1732 3809 1909 3864 habet

249 3888 554 3962 Scriptura
599 3910 760 3961 unus,
793 3899 850 3951 et
894 3897 1094 3967 Anum,
1130 3897 1316 3953 multo
1368 3897 1556 3971 magis
1603 3898 1657 3953 id
1712 3899 1905 3952 dicen-

251 3978 394 4034 dum
445 3985 535 4036 est
582 3981 640 4036 in
700 3983 770 4038 iis
821 4001 946 4055 qua:
1007 3988 1251 4042 materia
1299 3993 1357 4042 et
1405 4004 1642 4059 corpore
1688 3992 1904 4044 carent.

255 4071 375 4123 Aut
420 4069 601 4140 igitur
649 4071 705 4125 in
760 4073 886 4128 istis
933 4075 1128 4145 ponite
1177 4093 1306 4132 esse
1357 4075 1623 4144 discidia,
1683 4083 1744 4132 ut
1791 4083 1909 4131 tres

2014 3355 2204 3432 Ἀνὸμ.
2239 3357 2418 3414 Ἀλλὰ
2447 3363 2614 3414 ταῦτα
2674 3357 2758 3412 ἐπὶ
2819 3357 3117 3434 ἀνθρώπων
3182 3357 3415 3433 εἷ’ρηται·
3470 3357 3557 3414 ἐπὶ
3609 3356 3666 3414 δὶ

2013 3453 2147 3506 Θεοῦ
2178 3446 2382 3510 ἄλλως.
2447 3449 2596 3523 Ὀρθ.
2657 3447 2720 3502 Ei
2772 3445 2995 3502 ἐπὶτῶν
3040 3444 3385 3522 διῃρημένων
3420 3469 3664 3520 σωματι-

2010 3544 2146 3611 κῶν,
2205 3536 2328 3592 ὅταν
2394 3537 2470 3609 μή
2528 3537 2564 3611 ᾖ
2611 3536 2819 3613 σχίσμα
2860 3535 3120 3603 διανοίας,
3173 3537 3237 3592 τὸ
3269 3538 3341 3600 εἷς
3373 3535 3465 3592 καί
3515 3539 3578 3592 τὸ
3606 3535 3662 3592 ἓν

2011 3633 2186 3682 κεῖται
2213 3626 2264 3681 έν
2289 3631 2358 3700 τῇ
2391 3630 2594 3703 γραφῇ,
2629 3623 2828 3697 πολλῷ
2857 3625 3027 3680 πλέον
3060 3625 3147 3680 ἐπὶ
3186 3631 3294 3681 τῶν
3345 3625 3527 3682 ἀΰλων
3575 3625 3666 3682 καὶ

2011 3722 2120 3773 τῶν
2171 3716 2500 3789 ἀσωμάτων.
2550 3717 2621 3772 ’Ή
2664 3715 2842 3770 τοίνυν
2878 3712 2968 3778 δὸς
3003 3715 3115 3770 έκεῖ
3144 3715 3440 3790 σχίσματα,
3461 3713 3555 3771 ’ίνα
3587 3714 3664 3772 εἷ’-

2013 3827 2202 3879 πωμεν
2261 3811 2408 3880 τρεῖς
2468 3803 2646 3870 θεοὺς,
2703 3808 2801 3858 τοῦ
2863 3803 2957 3876 μὲν
3016 3799 3143 3858 τόδε
3173 3803 3453 3874 θέλοντος,
3483 3809 3580 3860 τοῦ
3613 3803 3670 3860 δὲ

2014 3890 2158 3950 τὸδε’
2193 3896 2246 3965 ἣ,
2280 3894 2325 3950 εί
2357 3897 2471 3964 (44)
2530 3894 2629 3948 οὑκ
2678 3891 2755 3948 ἔτι
2798 3892 3030 3968 σχίσμα,
3063 3895 3141 3956 εἷς
3173 3895 3302 3955 Θεὸς
3333 3896 3546 3969 Πατὴρ,
3579 3895 3668 3949 καὶ

2016 3984 2165 4054 Υἱὸς,
2195 3983 2284 4039 καὶ
2335 3984 2488 4058 ἀγιον
2527 3985 2769 4056 Πνεῦμα,
2803 3983 2878 4045 ὡς
2915 3982 2991 4044 είς
3025 3983 3308 4059 ἅνθρωπος
3341 3982 3391 4037 οἱ
3423 3981 3475 4036 έν
3509 3985 3672 4058 Χρισ-

2017 4079 2098 4146 τῷ
2128 4071 2570 4148 κατηρτισμένοι,
2602 4072 2780 4134 καθὼς
2811 4073 3134 4148 γέγραπται.

259 4157 400 4213 deos
433 4159 720 4230 dicamus,
755 4164 1033 4233 quoniam
1091 4182 1244 4220 unus
1297 4166 1477 4234 istud,
1513 4165 1665 4222 alius
1713 4165 1856 4221 illud
1909 4165 2048 4221 velit
2094 4182 2105 4219 :
2161 4169 2263 4221 aut
2292 4164 2338 4220 si
2371 4162 2533 4219 nulla
2562 4161 2739 4220 estin
2771 4162 2844 4218 iis
2873 4162 3184 4228 dissensio,
3218 4178 3374 4218 unus
3405 4161 3481 4217 sit
3522 4159 3676 4217 Deus

253 4248 448 4318 Pater,
481 4252 537 4303 et
567 4249 774 4320 Filius,
803 4257 859 4306 et
888 4253 1143 4324 Spiritus
1175 4259 1416 4310 sanctus
1453 4272 1463 4308 :
1499 4255 2000 4326 quemadmodum
2033 4254 2133 4326 qui
2165 4252 2226 4308 in
2257 4253 2488 4310 Christo
2532 4255 2673 4308 sunt
2722 4252 2986 4324 perfecti,
3016 4267 3170 4306 unus
3198 4251 3374 4308 homo
3405 4254 3565 4320 sunt,
3599 4251 3678 4307 si-

253 4340 354 4391 cut
385 4338 670 4410 scriptum
702 4346 811 4396 est.

324 4425 698 4485 3.Anamazu:.
733 4429 905 4485 Nulla
935 4436 1023 4486 est
1064 4432 1242 4503 igitur
1272 4432 1601 4488 differentia
1629 4435 1902 4501 Patris,et

2090 4433 2142 4486 3.
2178 4424 2473 4500 Ανὸμοιος.
2533 4426 2646 4484 Οὐκ
2702 4425 2844 4481 ἔστιν
2905 4425 2996 4481 οὖν
3041 4424 3274 4505 διαφορᾶ
3323 4426 3556 4500 ΙΙατρὸς,
3587 4424 3681 4481 καί

256 4512 407 4581 Filii,
441 4521 500 4570 et
529 4517 784 4586 Spiritus
818 4520 1045 4576 sancti?
1096 4521 1250 4577 Orlh.
1307 4521 1479 4576 Nulla
1528 4537 1666 4578 sane
1728 4536 1916 4592 neque

255 4601 316 4658 in
353 4610 584 4670 natura,
619 4625 805 4679 neque
835 4609 895 4664 in
943 4610 1263 4682 voluntate,
1312 4613 1412 4667 sed
1463 4611 1523 4667 in
1581 4629 1648 4667 eo
1691 4611 1912 4682 aliqua,

259 4693 414 4763 quod
439 4694 676 4765 gignere
707 4702 762 4752 et
791 4699 974 4770 gigni,
1007 4700 1272 4756 emittere
1303 4707 1358 4756 et
1389 4701 1719 4772 procedere,
1766 4701 1918 4755 inter

263 4799 328 4837 se
354 4784 646 4842 differant.
673 4789 862 4843 Anam.
899 4791 1045 4855 Quid
1076 4795 1165 4845 est
1193 4790 1428 4862 gignere
1451 4797 1507 4846 et
1535 4790 1716 4863 gigni,
1750 4789 1917 4846 emit-

260 4875 385 4928 tere
419 4879 477 4928 et
525 4877 886 4946 procedere?
932 4880 1086 4934 Ortlz.
1144 4885 1275 4935 Haec
1323 4879 1404 4935 ita
1452 4881 1748 4950 dicuntur,
1779 4878 1918 4950 quia

263 4959 437 5018 Pater
461 4963 697 5034 quidem
732 4967 942 5039 gignit,
992 4968 1045 5022 id
1093 4973 1206 5034 est,
1263 4967 1514 5041 genuit:
1557 4967 1737 5024 Filius
1785 4983 1916 5023 vero

259 5050 543 5123 gignitur,
579 5055 634 5109 id
668 5061 774 5122 est,
811 5057 1044 5127 genitus
1095 5062 1183 5112 est
1232 5075 1244 5110 :
1297 5061 1353 5111 et
1406 5058 1542 5129 quia
1596 5057 1721 5128 ipse
1753 5057 1920 5112 Pater

259 5140 480 5195 emittit
528 5142 836 5212 Spiritum,
899 5146 953 5198 id
1009 5149 1098 5200 est
1150 5145 1367 5199 emisit.
1408 5145 1662 5217 Spiritus
1720 5151 1916 5202 autem

259 5231 524 5301 procedit
549 5232 614 5299 ⁷ο,
646 5232 703 5286 id
755 5238 867 5297 est,
903 5233 1205 5305 processit.
1259 5234 1455 5290 Anam.
1513 5235 1796 5302 Procedit,
1828 5235 1918 5289 in-

261 5318 578 5390 quit,num
612 5337 745 5377 vero
786 5321 960 5376 etiam
1011 5322 1343 5394 processit?
1384 5322 1537 5378 Orth.
1593 5323 1802 5378 Itidem
1849 5325 1920 5378 de

335 5516 382 5551 ⁸⁸
411 5515 598 5573 Galat.
631 5534 717 5588 ιη,
749 5518 838 5574 28.
915 5519 960 5554 ⁷ο
987 5519 1158 5575 Joan.
1190 5535 1281 5590 xv,
1314 5521 1405 5575 26.

339 5713 458 5784 (44)
486 5712 571 5783 Ei,
604 5714 770 5772 abest
799 5733 833 5773 a
862 5715 1140 5775 Palatino.

2024 4519 2176 4584 Υἱοῦ,
2234 4516 2322 4570 καὶ
2381 4515 2537 4590 ἁγίου
2593 4515 2940 4586 Πνεῦματος,
2997 4516 3139 4589 Ὀρθ.
3186 4517 3272 4572 Ἐν
3303 4518 3372 4589 τῇ
3405 4514 3557 4592 φύσει
3593 4510 3676 4569 οἷς·

2026 4605 2078 4660 έν
2109 4610 2190 4677 τῷ
2221 4602 2489 4677 θελήματι
2522 4601 2584 4658 οὕ
2605 4623 2617 4636 °
2654 4603 2706 4658 έν
2759 4609 2838 4675 τῷ
2891 4608 3077 4679 γεννᾷν
3116 4605 3202 4658 καὶ
3233 4605 3531 4680 γεννᾶσθαι,
3590 4604 3681 4659 καῖ

2028 4693 2322 4766 ἐκπέμπειν
2383 4695 2494 4766 (45)
2551 4691 2642 4747 καὶ
2703 4690 3110 4762 ἐκπορεύεσθαι,
3169 4690 3275 4745 ναί·
3360 4685 3553 4764 Ἀνόμ.
3614 4693 3680 4747 Τί

2028 4782 2138 4838 ἐστι
2203 4786 2391 4858 γεννᾷν
2449 4781 2538 4836 καὶ
2594 4783 2895 4858 γεννᾶσθαι,
2953 4781 3044 4835 καὶ
3103 4779 3395 4853 έκπέμπειν
3451 4782 3543 4836 καὶ
3594 4780 3680 4836 έκ-

2028 4872 2384 4948 πορε·5εσθαι;
2419 4872 2564 4946 Ὀρθ·
2609 4873 2724 4926 Ὃτι
2766 4871 2793 4925 ὁ
2828 4871 2923 4944 μὶν
2962 4871 3148 4946 Πατὴρ
3201 4874 3383 4946 γεννᾷ,
3410 4872 3682 4926 τουτέστιν

2029 4960 2327 5037 ἐγέννησενο
2362 4961 2389 5015 ὁ
2421 4957 2478 5015 δὲ
2532 4961 2656 5022 Υἱὸς
2706 4965 2977 5035 γεννᾶται,
3035 4959 3282 5014 τουτέστι
3339 4958 3675 5036 γεγέννηταιο

2027 5050 2117 5106 καὶ
2149 5051 2232 5105 ὃτι
2255 5049 2414 5109 αὐτὸς
2449 5049 2475 5103 ὁ
2510 5051 2693 5125 Πατήρ
2725 5047 2990 5121 ἐκπέμπει
3019 5049 3084 5103 τὸ
3124 5050 3349 5121 Πνεῦμα
3403 5049 3674 5104 τουτέστιν

2029 5139 2312 5212 ἐξέπεμψε.
2358 5139 2458 5196 Καὶ
2488 5139 2550 5193 τὸ
2582 5140 2800 5208 Πνεῦμα
2829 5135 3198 5211 ἐκπορεύεται,
3245 5135 3540 5205 τουτέστιν,
3589 5135 3674 5189 έκ-

2028 5227 2376 5304 πεπόρευται,
2408 5222 2600 5300 Ἀνὸμ.
2657 5226 3060 5301 Ἐκπορεύεται,
3113 5228 3248 5282 εἷπε·
3307 5227 3380 5299 μὴ
3430 5225 3531 5301 γὰρ
3586 5223 3676 5278 καὶ

2033 5314 2422 5394 έκπεπὸρευται
2449 5343 2463 5387 ;
2496 5317 2644 5388 Ὀρθ.
2680 5315 2776 5371 Καὶ
2806 5315 2928 5391 περὶ
2958 5320 3054 5371 τοῦ
3087 5315 3236 5389 Υἰοῦ,
3269 5341 3297 5368 ιι
3339 5319 3500 5388 Γεννᾷ
3534 5335 3620 5390 με,
3654 5336 3683 5365 ››

2087 5714 2202 5788 (45)
2230 5709 2332 5769 Καὶ
2362 5708 2679 5788 ἐκπέμπειν,
2711 5709 2878 5772 abest
2907 5727 2942 5770 a
2967 5709 3246 5772 Palatino.
