  <div class='ocr_page' id='page_1' title='image "/cluster/home/n/w/nwhite01/storage/ocr_20150623/28:no.4/coo.31924054873090/574.png"; bbox 0 0 4116 6360; ppageno 0'>
   <div class='ocr_carea' id='block_1_1' title="bbox 418 415 566 475">
    <p class='ocr_par' dir='ltr' id='par_1_1' title="bbox 418 415 566 475">
     <span class='ocr_line' id='line_1_1' title="bbox 418 415 566 475; baseline -0.02 0"><span class='ocrx_word' id='word_1_1' title='bbox 418 415 566 475; x_wconf 74' lang='lat' dir='ltr'><strong>H21</strong></span> 
     </span>
    </p>
   </div>
   <div class='ocr_carea' id='block_1_2' title="bbox 415 628 2065 709">
    <p class='ocr_par' dir='ltr' id='par_1_2' title="bbox 415 628 2065 709">
     <span class='ocr_line' id='line_1_2' title="bbox 415 628 2065 709; baseline -0.005 -18"><span class='ocrx_word' id='word_1_2' title='bbox 415 638 583 693; x_wconf 76' lang='grc' dir='ltr'>εἶπεν.</span> <span class='ocrx_word' id='word_1_3' title='bbox 619 637 822 709; x_wconf 84' lang='grc' dir='ltr'>Ὥσπερ</span> <span class='ocrx_word' id='word_1_4' title='bbox 855 631 946 687; x_wconf 75' lang='grc' dir='ltr'>οὗν</span> <span class='ocrx_word' id='word_1_5' title='bbox 973 631 1060 686; x_wconf 79' lang='grc' dir='ltr'><strong>ἐπὶ</strong></span> <span class='ocrx_word' id='word_1_6' title='bbox 1090 629 1186 686; x_wconf 78' lang='grc' dir='ltr'>τοῦ</span> <span class='ocrx_word' id='word_1_7' title='bbox 1220 628 1346 685; x_wconf 82' lang='grc' dir='ltr'>Υἱοῦ</span> <span class='ocrx_word' id='word_1_8' title='bbox 1403 630 1466 684; x_wconf 86' lang='lat'><strong>16</strong></span> <span class='ocrx_word' id='word_1_9' title='bbox 1521 635 1679 705; x_wconf 82' lang='grc' dir='ltr'>γεννᾷ</span> <span class='ocrx_word' id='word_1_10' title='bbox 1741 652 1826 703; x_wconf 85' lang='grc' dir='ltr'>με,</span> <span class='ocrx_word' id='word_1_11' title='bbox 1888 629 2065 704; x_wconf 88' lang='grc' dir='ltr'>Ἐγέν-</span> 
     </span>
    </p>
   </div>
   <div class='ocr_carea' id='block_1_3' title="bbox 412 717 2066 796">
    <p class='ocr_par' dir='ltr' id='par_1_3' title="bbox 412 717 2066 796">
     <span class='ocr_line' id='line_1_3' title="bbox 412 717 2066 796; baseline -0.005 -16"><span class='ocrx_word' id='word_1_12' title='bbox 412 745 566 796; x_wconf 83' lang='grc' dir='ltr'>νησε,</span> <span class='ocrx_word' id='word_1_13' title='bbox 599 728 762 792; x_wconf 78' lang='grc' dir='ltr'>νοεῖς,</span> <span class='ocrx_word' id='word_1_14' title='bbox 798 721 940 777; x_wconf 75' lang='grc' dir='ltr'>οὕτω</span> <span class='ocrx_word' id='word_1_15' title='bbox 971 720 1062 776; x_wconf 83' lang='grc' dir='ltr'>καὶ</span> <span class='ocrx_word' id='word_1_16' title='bbox 1094 720 1181 775; x_wconf 81' lang='grc' dir='ltr'>ἐπὶ</span> <span class='ocrx_word' id='word_1_17' title='bbox 1213 723 1308 774; x_wconf 83' lang='grc' dir='ltr'>τοῦ</span> <span class='ocrx_word' id='word_1_18' title='bbox 1339 719 1656 792; x_wconf 84' lang='grc' dir='ltr'>Πνεύματος</span> <span class='ocrx_word' id='word_1_19' title='bbox 1688 720 1750 774; x_wconf 90' lang='grc' dir='ltr'>τὸ</span> <span class='ocrx_word' id='word_1_20' title='bbox 1783 717 2066 793; x_wconf 79' lang='grc' dir='ltr'>ἐκπορεύε-</span> 
     </span>
    </p>
   </div>
   <div class='ocr_carea' id='block_1_4' title="bbox 415 803 2064 887">
    <p class='ocr_par' dir='ltr' id='par_1_4' title="bbox 415 803 2064 887">
     <span class='ocr_line' id='line_1_4' title="bbox 415 803 2064 887; baseline -0.005 -17"><span class='ocrx_word' id='word_1_21' title='bbox 415 836 530 880; x_wconf 85' lang='grc' dir='ltr'>ται,</span> <span class='ocrx_word' id='word_1_22' title='bbox 562 807 974 887; x_wconf 74' lang='grc' dir='ltr'>ἑκπεπὸρευται,</span> <span class='ocrx_word' id='word_1_23' title='bbox 1033 803 1252 879; x_wconf 83' lang='grc' dir='ltr'>νὸησον·</span> <span class='ocrx_word' id='word_1_24' title='bbox 1315 804 1432 870; x_wconf 74' lang='grc' dir='ltr'><strong>ἔθος</strong></span> <span class='ocrx_word' id='word_1_25' title='bbox 1492 807 1594 883; x_wconf 79' lang='grc' dir='ltr'>γάρ</span> <span class='ocrx_word' id='word_1_26' title='bbox 1646 803 2064 886; x_wconf 71' lang='grc' dir='ltr'><strong>έστιγραφικὸν·</strong></span> 
     </span>
    </p>
   </div>
   <div class='ocr_carea' id='block_1_5' title="bbox 420 895 2068 974">
    <p class='ocr_par' dir='ltr' id='par_1_5' title="bbox 420 895 2068 974">
     <span class='ocr_line' id='line_1_5' title="bbox 420 895 2068 974; baseline -0.007 -16"><span class='ocrx_word' id='word_1_27' title='bbox 420 904 494 965; x_wconf 83' lang='grc' dir='ltr'>ὡς</span> <span class='ocrx_word' id='word_1_28' title='bbox 523 903 607 974; x_wconf 83' lang='grc' dir='ltr'>τὸ,</span> <span class='ocrx_word' id='word_1_29' title='bbox 636 927 664 955; x_wconf 90' lang='grc'>‹‹</span> <span class='ocrx_word' id='word_1_30' title='bbox 697 903 753 955; x_wconf 77' lang='grc' dir='ltr'>Ὀ</span> <span class='ocrx_word' id='word_1_31' title='bbox 784 904 958 955; x_wconf 78' lang='grc' dir='ltr'>ποιῶν</span> <span class='ocrx_word' id='word_1_32' title='bbox 997 897 1122 960; x_wconf 81' lang='grc' dir='ltr'>τοὺς</span> <span class='ocrx_word' id='word_1_33' title='bbox 1173 895 1433 973; x_wconf 82' lang='grc' dir='ltr'>ἀγγέλους</span> <span class='ocrx_word' id='word_1_34' title='bbox 1483 897 1647 951; x_wconf 82' lang='grc' dir='ltr'>αὑτοῦ</span> <span class='ocrx_word' id='word_1_35' title='bbox 1705 896 2002 969; x_wconf 72' lang='grc' dir='ltr'>πνεύματα,</span> <span class='ocrx_word' id='word_1_36' title='bbox 2041 920 2068 946; x_wconf 86' lang='grc'>››</span> 
     </span>
    </p>
   </div>
   <div class='ocr_carea' id='block_1_6' title="bbox 421 983 2067 1060">
    <p class='ocr_par' dir='ltr' id='par_1_6' title="bbox 421 983 2067 1060">
     <span class='ocr_line' id='line_1_6' title="bbox 421 983 2067 1060; baseline -0.006 -13"><span class='ocrx_word' id='word_1_37' title='bbox 421 990 722 1060; x_wconf 73' lang='grc' dir='ltr'><strong>τουτέστιν,</strong></span> <span class='ocrx_word' id='word_1_38' title='bbox 754 991 816 1047; x_wconf 91' lang='grc' dir='ltr'>Ὁ</span> <span class='ocrx_word' id='word_1_39' title='bbox 845 989 1095 1057; x_wconf 75' lang='grc' dir='ltr'><strong>ποιήσας·</strong></span> <span class='ocrx_word' id='word_1_40' title='bbox 1128 985 1215 1041; x_wconf 75' lang='grc' dir='ltr'>καί</span> <span class='ocrx_word' id='word_1_41' title='bbox 1247 987 1331 1055; x_wconf 85' lang='grc' dir='ltr'><strong>τὸ,</strong></span> <span class='ocrx_word' id='word_1_42' title='bbox 1367 1010 1393 1036; x_wconf 89' lang='grc'><strong>‹‹</strong></span> <span class='ocrx_word' id='word_1_43' title='bbox 1426 987 1484 1043; x_wconf 81' lang='lat'><strong>&#39;0</strong></span> <span class='ocrx_word' id='word_1_44' title='bbox 1517 983 1784 1057; x_wconf 82' lang='grc' dir='ltr'>θεμελιῶν</span> <span class='ocrx_word' id='word_1_45' title='bbox 1811 987 1910 1054; x_wconf 72' lang='grc' dir='ltr'><strong>τὴν</strong></span> <span class='ocrx_word' id='word_1_46' title='bbox 1968 993 2067 1060; x_wconf 80' lang='grc' dir='ltr'><strong>γῆν</strong></span> 
     </span>
    </p>
   </div>
   <div class='ocr_carea' id='block_1_7' title="bbox 423 1073 2070 1155">
    <p class='ocr_par' dir='ltr' id='par_1_7' title="bbox 423 1073 2070 1155">
     <span class='ocr_line' id='line_1_7' title="bbox 423 1073 2070 1155; baseline -0.004 -19"><span class='ocrx_word' id='word_1_47' title='bbox 423 1081 511 1136; x_wconf 85' lang='grc' dir='ltr'>έπὶ</span> <span class='ocrx_word' id='word_1_48' title='bbox 559 1080 658 1148; x_wconf 74' lang='grc' dir='ltr'><strong>τὴν</strong></span> <span class='ocrx_word' id='word_1_49' title='bbox 714 1075 1007 1155; x_wconf 76' lang='grc' dir='ltr'>ἀσφάλειαν</span> <span class='ocrx_word' id='word_1_50' title='bbox 1069 1076 1257 1144; x_wconf 71' lang='grc' dir='ltr'>αὐτῆς,</span> <span class='ocrx_word' id='word_1_51' title='bbox 1317 1099 1345 1125; x_wconf 87' lang='grc'>››</span> <span class='ocrx_word' id='word_1_52' title='bbox 1393 1073 1658 1144; x_wconf 83' lang='grc' dir='ltr'>τουτέστι,</span> <span class='ocrx_word' id='word_1_53' title='bbox 1711 1073 2070 1145; x_wconf 81' lang='grc' dir='ltr'><strong>Οεμελιώσας.</strong></span> 
     </span>
    </p>
   </div>
   <div class='ocr_carea' id='block_1_8' title="bbox 420 1158 2073 1242">
    <p class='ocr_par' dir='ltr' id='par_1_8' title="bbox 420 1158 2073 1242">
     <span class='ocr_line' id='line_1_8' title="bbox 420 1158 2073 1242; baseline -0.006 -15"><span class='ocrx_word' id='word_1_54' title='bbox 420 1165 614 1241; x_wconf 84' lang='grc' dir='ltr'><strong>Ἀνὸμ.</strong></span> <span class='ocrx_word' id='word_1_55' title='bbox 672 1166 820 1237; x_wconf 74' lang='grc' dir='ltr'>Αὕτη</span> <span class='ocrx_word' id='word_1_56' title='bbox 878 1165 1017 1221; x_wconf 73' lang='grc' dir='ltr'>ἐστὶν</span> <span class='ocrx_word' id='word_1_57' title='bbox 1078 1167 1114 1234; x_wconf 74' lang='grc' dir='ltr'>ἡ</span> <span class='ocrx_word' id='word_1_58' title='bbox 1174 1162 1444 1242; x_wconf 81' lang='grc' dir='ltr'><strong>διαφορά;</strong></span> <span class='ocrx_word' id='word_1_59' title='bbox 1496 1165 1640 1240; x_wconf 83' lang='grc' dir='ltr'><strong>Ὀρθ.</strong></span> <span class='ocrx_word' id='word_1_60' title='bbox 1676 1162 1845 1232; x_wconf 76' lang='grc' dir='ltr'><strong>Αὕτη.</strong></span> <span class='ocrx_word' id='word_1_61' title='bbox 1883 1158 2073 1234; x_wconf 83' lang='grc' dir='ltr'><strong>Ἀνὸμ.</strong></span> 
     </span>
    </p>
   </div>
   <div class='ocr_carea' id='block_1_9' title="bbox 423 1252 2074 1335">
    <p class='ocr_par' dir='ltr' id='par_1_9' title="bbox 423 1252 2074 1335">
     <span class='ocr_line' id='line_1_9' title="bbox 423 1252 2074 1335; baseline -0.004 -21"><span class='ocrx_word' id='word_1_62' title='bbox 423 1261 535 1328; x_wconf 74' lang='grc' dir='ltr'><strong>Τὴν</strong></span> <span class='ocrx_word' id='word_1_63' title='bbox 571 1255 628 1313; x_wconf 76' lang='grc' dir='ltr'><strong>δὲ</strong></span> <span class='ocrx_word' id='word_1_64' title='bbox 681 1257 838 1335; x_wconf 75' lang='grc' dir='ltr'>φύσιν</span> <span class='ocrx_word' id='word_1_65' title='bbox 885 1257 983 1324; x_wconf 83' lang='grc' dir='ltr'>τήν</span> <span class='ocrx_word' id='word_1_66' title='bbox 1043 1255 1210 1323; x_wconf 75' lang='grc' dir='ltr'>αὑτὴν</span> <span class='ocrx_word' id='word_1_67' title='bbox 1267 1252 1481 1329; x_wconf 84' lang='grc' dir='ltr'>λέγεις;</span> <span class='ocrx_word' id='word_1_68' title='bbox 1537 1253 1683 1328; x_wconf 84' lang='grc' dir='ltr'><strong>Ὀρθ.</strong></span> <span class='ocrx_word' id='word_1_69' title='bbox 1737 1253 1850 1320; x_wconf 72' lang='grc' dir='ltr'><strong>Τὴν</strong></span> <span class='ocrx_word' id='word_1_70' title='bbox 1884 1252 2074 1321; x_wconf 74' lang='grc' dir='ltr'>αὑτήν.</span> 
     </span>
    </p>
   </div>
   <div class='ocr_carea' id='block_1_10' title="bbox 428 1341 2078 1420">
    <p class='ocr_par' dir='ltr' id='par_1_10' title="bbox 428 1341 2078 1420">
     <span class='ocr_line' id='line_1_10' title="bbox 428 1341 2078 1420; baseline -0.007 -15"><span class='ocrx_word' id='word_1_71' title='bbox 428 1347 618 1420; x_wconf 84' lang='grc' dir='ltr'><strong>Ἀνόμ.</strong></span> <span class='ocrx_word' id='word_1_72' title='bbox 677 1345 774 1400; x_wconf 76' lang='grc' dir='ltr'><strong>Καὶ</strong></span> <span class='ocrx_word' id='word_1_73' title='bbox 835 1350 952 1406; x_wconf 83' lang='grc' dir='ltr'><strong>πῶς</strong></span> <span class='ocrx_word' id='word_1_74' title='bbox 1012 1341 1231 1398; x_wconf 84' lang='grc' dir='ltr'>δύναται</span> <span class='ocrx_word' id='word_1_75' title='bbox 1282 1345 1317 1412; x_wconf 84' lang='grc' dir='ltr'>ἡ</span> <span class='ocrx_word' id='word_1_76' title='bbox 1379 1343 1512 1411; x_wconf 81' lang='grc' dir='ltr'>αὑτή</span> <span class='ocrx_word' id='word_1_77' title='bbox 1567 1341 1721 1420; x_wconf 79' lang='grc' dir='ltr'>φύσις</span> <span class='ocrx_word' id='word_1_78' title='bbox 1773 1343 1929 1413; x_wconf 80' lang='grc' dir='ltr'>εῖναι,</span> <span class='ocrx_word' id='word_1_79' title='bbox 1978 1341 2078 1395; x_wconf 79' lang='grc' dir='ltr'>είὸ</span> 
     </span>
    </p>
   </div>
   <div class='ocr_carea' id='block_1_11' title="bbox 436 1428 2080 1510">
    <p class='ocr_par' dir='ltr' id='par_1_11' title="bbox 436 1428 2080 1510">
     <span class='ocr_line' id='line_1_11' title="bbox 436 1428 2080 1510; baseline -0.004 -20"><span class='ocrx_word' id='word_1_80' title='bbox 436 1437 526 1509; x_wconf 75' lang='grc' dir='ltr'><strong>μὲν</strong></span> <span class='ocrx_word' id='word_1_81' title='bbox 557 1438 734 1510; x_wconf 82' lang='grc' dir='ltr'>γεννᾷ,</span> <span class='ocrx_word' id='word_1_82' title='bbox 769 1434 799 1491; x_wconf 86' lang='lat'><strong>6</strong></span> <span class='ocrx_word' id='word_1_83' title='bbox 832 1430 888 1487; x_wconf 79' lang='grc' dir='ltr'><strong>δὲ</strong></span> <span class='ocrx_word' id='word_1_84' title='bbox 919 1439 1203 1508; x_wconf 73' lang='grc' dir='ltr'>γεννᾶταις</span> <span class='ocrx_word' id='word_1_85' title='bbox 1236 1435 1384 1506; x_wconf 85' lang='grc' dir='ltr'><strong>Ὀρθ.</strong></span> <span class='ocrx_word' id='word_1_86' title='bbox 1444 1430 1610 1498; x_wconf 81' lang='grc' dir='ltr'>Τίθης</span> <span class='ocrx_word' id='word_1_87' title='bbox 1643 1428 1700 1484; x_wconf 75' lang='grc' dir='ltr'><strong>δὲ</strong></span> <span class='ocrx_word' id='word_1_88' title='bbox 1730 1429 1902 1502; x_wconf 75' lang='grc' dir='ltr'>ὅμως,</span> <span class='ocrx_word' id='word_1_89' title='bbox 1937 1428 2018 1484; x_wconf 76' lang='grc' dir='ltr'>δτι</span> <span class='ocrx_word' id='word_1_90' title='bbox 2051 1429 2080 1482; x_wconf 97' lang='lat'><strong>6</strong></span> 
     </span>
    </p>
   </div>
   <div class='ocr_carea' id='block_1_12' title="bbox 440 1517 2080 1598">
    <p class='ocr_par' dir='ltr' id='par_1_12' title="bbox 440 1517 2080 1598">
     <span class='ocr_line' id='line_1_12' title="bbox 440 1517 2080 1598; baseline -0.004 -20"><span class='ocrx_word' id='word_1_91' title='bbox 440 1527 529 1598; x_wconf 72' lang='grc' dir='ltr'><strong>μὲν</strong></span> <span class='ocrx_word' id='word_1_92' title='bbox 561 1526 674 1597; x_wconf 82' lang='grc'><strong>(46)</strong></span> <span class='ocrx_word' id='word_1_93' title='bbox 705 1527 883 1597; x_wconf 81' lang='grc' dir='ltr'>γεννᾷ,</span> <span class='ocrx_word' id='word_1_94' title='bbox 919 1522 946 1576; x_wconf 90' lang='lat'><strong>6</strong></span> <span class='ocrx_word' id='word_1_95' title='bbox 980 1518 1037 1576; x_wconf 70' lang='grc' dir='ltr'><strong>δὲ</strong></span> <span class='ocrx_word' id='word_1_96' title='bbox 1066 1526 1310 1596; x_wconf 76' lang='grc' dir='ltr'><strong>γεννᾶται</strong></span> <span class='ocrx_word' id='word_1_97' title='bbox 1338 1538 1352 1589; x_wconf 89' lang='grc'>;</span> <span class='ocrx_word' id='word_1_98' title='bbox 1387 1519 1580 1592; x_wconf 83' lang='grc' dir='ltr'><strong>Ἀνόμ.</strong></span> <span class='ocrx_word' id='word_1_99' title='bbox 1615 1517 1754 1588; x_wconf 85' lang='grc' dir='ltr'><strong>Ναί;</strong></span> <span class='ocrx_word' id='word_1_100' title='bbox 1809 1521 1953 1594; x_wconf 76' lang='grc' dir='ltr'><strong>Ὀρθ.</strong></span> <span class='ocrx_word' id='word_1_101' title='bbox 2014 1517 2080 1574; x_wconf 81' lang='lat' dir='ltr'><strong>Ei</strong></span> 
     </span>
    </p>
   </div>
   <div class='ocr_carea' id='block_1_13' title="bbox 440 1606 2082 1688">
    <p class='ocr_par' dir='ltr' id='par_1_13' title="bbox 440 1606 2082 1688">
     <span class='ocr_line' id='line_1_13' title="bbox 440 1606 2082 1688; baseline -0.003 -22"><span class='ocrx_word' id='word_1_102' title='bbox 440 1613 468 1666; x_wconf 91' lang='lat'><strong>6</strong></span> <span class='ocrx_word' id='word_1_103' title='bbox 502 1613 592 1685; x_wconf 82' lang='grc' dir='ltr'>μὲν</span> <span class='ocrx_word' id='word_1_104' title='bbox 621 1615 800 1688; x_wconf 86' lang='grc' dir='ltr'>γεννᾷ,</span> <span class='ocrx_word' id='word_1_105' title='bbox 837 1611 864 1665; x_wconf 90' lang='lat'><strong>6</strong></span> <span class='ocrx_word' id='word_1_106' title='bbox 898 1607 954 1665; x_wconf 73' lang='grc' dir='ltr'><strong>δὲ</strong></span> <span class='ocrx_word' id='word_1_107' title='bbox 986 1615 1254 1684; x_wconf 74' lang='grc' dir='ltr'><strong>γεννΞῑιται⁸</strong></span> <span class='ocrx_word' id='word_1_108' title='bbox 1291 1609 1319 1662; x_wconf 91' lang='lat'><strong>6</strong></span> <span class='ocrx_word' id='word_1_109' title='bbox 1339 1613 1539 1683; x_wconf 81' lang='grc' dir='ltr'>γεννῶν</span> <span class='ocrx_word' id='word_1_110' title='bbox 1569 1606 1626 1662; x_wconf 81' lang='grc' dir='ltr'>ἐκ</span> <span class='ocrx_word' id='word_1_111' title='bbox 1644 1615 1744 1677; x_wconf 81' lang='grc' dir='ltr'><strong>τῆς</strong></span> <span class='ocrx_word' id='word_1_112' title='bbox 1775 1610 1940 1662; x_wconf 80' lang='grc' dir='ltr'>αὑτοῦ</span> <span class='ocrx_word' id='word_1_113' title='bbox 1967 1609 2082 1680; x_wconf 80' lang='grc'><strong>(47)</strong></span> 
     </span>
    </p>
   </div>
   <div class='ocr_carea' id='block_1_14' title="bbox 437 1697 2081 1779">
    <p class='ocr_par' dir='ltr' id='par_1_14' title="bbox 437 1697 2081 1779">
     <span class='ocr_line' id='line_1_14' title="bbox 437 1697 2081 1779; baseline -0.003 -25"><span class='ocrx_word' id='word_1_114' title='bbox 437 1700 642 1779; x_wconf 83' lang='grc' dir='ltr'>φύσεως</span> <span class='ocrx_word' id='word_1_115' title='bbox 668 1705 846 1776; x_wconf 82' lang='grc' dir='ltr'>γεννᾷ,</span> <span class='ocrx_word' id='word_1_116' title='bbox 879 1699 968 1754; x_wconf 90' lang='grc' dir='ltr'>καὶ</span> <span class='ocrx_word' id='word_1_117' title='bbox 1003 1701 1030 1754; x_wconf 89' lang='lat'><strong>6</strong></span> <span class='ocrx_word' id='word_1_118' title='bbox 1070 1699 1406 1774; x_wconf 79' lang='grc' dir='ltr'>γεννώμενος</span> <span class='ocrx_word' id='word_1_119' title='bbox 1453 1697 1512 1751; x_wconf 73' lang='grc' dir='ltr'>ἐκ</span> <span class='ocrx_word' id='word_1_120' title='bbox 1555 1700 1648 1766; x_wconf 74' lang='grc' dir='ltr'>τῆς</span> <span class='ocrx_word' id='word_1_121' title='bbox 1694 1701 1791 1752; x_wconf 79' lang='grc' dir='ltr'>τοῦ</span> <span class='ocrx_word' id='word_1_122' title='bbox 1848 1701 2081 1771; x_wconf 78' lang='grc' dir='ltr'>γεννῶν-</span> 
     </span>
    </p>
   </div>
   <div class='ocr_carea' id='block_1_15' title="bbox 429 1782 2082 1868">
    <p class='ocr_par' dir='ltr' id='par_1_15' title="bbox 429 1782 2082 1868">
     <span class='ocr_line' id='line_1_15' title="bbox 429 1782 2082 1868; baseline -0.004 -24"><span class='ocrx_word' id='word_1_123' title='bbox 429 1811 521 1851; x_wconf 89' lang='grc' dir='ltr'>τος</span> <span class='ocrx_word' id='word_1_124' title='bbox 555 1789 764 1868; x_wconf 78' lang='grc' dir='ltr'>φύσεως</span> <span class='ocrx_word' id='word_1_125' title='bbox 797 1793 1063 1863; x_wconf 81' lang='grc' dir='ltr'>γεννᾶται.</span> <span class='ocrx_word' id='word_1_126' title='bbox 1120 1782 1313 1858; x_wconf 85' lang='grc' dir='ltr'><strong>Ἀνόμ.</strong></span> <span class='ocrx_word' id='word_1_127' title='bbox 1366 1787 1456 1854; x_wconf 79' lang='grc' dir='ltr'><strong>Μὴ</strong></span> <span class='ocrx_word' id='word_1_128' title='bbox 1490 1785 1702 1860; x_wconf 86' lang='grc' dir='ltr'>γένοιτό</span> <span class='ocrx_word' id='word_1_129' title='bbox 1737 1806 1830 1857; x_wconf 83' lang='grc' dir='ltr'>μοι</span> <span class='ocrx_word' id='word_1_130' title='bbox 1889 1785 2082 1852; x_wconf 81' lang='grc' dir='ltr'>εἰπεῖν,</span> 
     </span>
    </p>
   </div>
   <div class='ocr_carea' id='block_1_16' title="bbox 435 1874 2080 1955">
    <p class='ocr_par' dir='ltr' id='par_1_16' title="bbox 435 1874 2080 1955">
     <span class='ocr_line' id='line_1_16' title="bbox 435 1874 2080 1955; baseline -0.005 -21"><span class='ocrx_word' id='word_1_131' title='bbox 435 1878 516 1934; x_wconf 75' lang='grc' dir='ltr'>ὅτι</span> <span class='ocrx_word' id='word_1_132' title='bbox 551 1879 610 1932; x_wconf 83' lang='grc' dir='ltr'>έκ</span> <span class='ocrx_word' id='word_1_133' title='bbox 638 1884 738 1948; x_wconf 81' lang='grc' dir='ltr'>τῆς</span> <span class='ocrx_word' id='word_1_134' title='bbox 786 1877 994 1955; x_wconf 82' lang='grc' dir='ltr'>φύσεως</span> <span class='ocrx_word' id='word_1_135' title='bbox 1043 1875 1318 1952; x_wconf 80' lang='grc' dir='ltr'>ἐγέννησεν</span> <span class='ocrx_word' id='word_1_136' title='bbox 1372 1877 1400 1930; x_wconf 89' lang='lat'><strong>6</strong></span> <span class='ocrx_word' id='word_1_137' title='bbox 1458 1874 1620 1936; x_wconf 73' lang='grc' dir='ltr'><strong>Θεὸςί</strong></span> <span class='ocrx_word' id='word_1_138' title='bbox 1682 1877 1812 1950; x_wconf 69' lang='lat' dir='ltr'><strong>Ope.</strong></span> <span class='ocrx_word' id='word_1_139' title='bbox 1873 1875 2080 1931; x_wconf 77' lang='grc' dir='ltr'>Οὐκοῦν</span> 
     </span>
    </p>
   </div>
   <div class='ocr_carea' id='block_1_17' title="bbox 439 1963 2088 2043">
    <p class='ocr_par' dir='ltr' id='par_1_17' title="bbox 439 1963 2088 2043">
     <span class='ocr_line' id='line_1_17' title="bbox 439 1963 2088 2043; baseline -0.004 -20"><span class='ocrx_word' id='word_1_140' title='bbox 439 1969 538 2023; x_wconf 86' lang='grc' dir='ltr'>οὑκ</span> <span class='ocrx_word' id='word_1_141' title='bbox 567 1967 866 2043; x_wconf 75' lang='grc' dir='ltr'>ἐγέννησεν,</span> <span class='ocrx_word' id='word_1_142' title='bbox 903 1964 1092 2038; x_wconf 80' lang='grc' dir='ltr'><strong>Ἀνόμ..</strong></span> <span class='ocrx_word' id='word_1_143' title='bbox 1127 1965 1410 2041; x_wconf 87' lang='grc' dir='ltr'>Ἐγέννησε</span> <span class='ocrx_word' id='word_1_144' title='bbox 1451 1963 1635 2025; x_wconf 82' lang='grc' dir='ltr'>κτίσας</span> <span class='ocrx_word' id='word_1_145' title='bbox 1673 1991 1687 2032; x_wconf 82' lang='lat'><strong>;</strong></span> <span class='ocrx_word' id='word_1_146' title='bbox 1744 1965 1873 2038; x_wconf 83' lang='grc' dir='ltr'><strong>Ορθ.</strong></span> <span class='ocrx_word' id='word_1_147' title='bbox 1941 1967 2088 2036; x_wconf 85' lang='grc' dir='ltr'><strong>ΙΙρῶ-</strong></span> 
     </span>
    </p>
   </div>
   <div class='ocr_carea' id='block_1_18' title="bbox 435 2051 2087 2128">
    <p class='ocr_par' dir='ltr' id='par_1_18' title="bbox 435 2051 2087 2128">
     <span class='ocr_line' id='line_1_18' title="bbox 435 2051 2087 2128; baseline -0.004 -17"><span class='ocrx_word' id='word_1_148' title='bbox 435 2077 526 2112; x_wconf 90' lang='grc' dir='ltr'><strong>τον</strong></span> <span class='ocrx_word' id='word_1_149' title='bbox 558 2056 714 2111; x_wconf 81' lang='grc' dir='ltr'>αὑτὸν</span> <span class='ocrx_word' id='word_1_150' title='bbox 747 2052 939 2123; x_wconf 67' lang='grc' dir='ltr'>ἔκτισε,</span> <span class='ocrx_word' id='word_1_151' title='bbox 971 2054 1057 2108; x_wconf 84' lang='grc' dir='ltr'>καὶ</span> <span class='ocrx_word' id='word_1_152' title='bbox 1089 2052 1212 2108; x_wconf 83' lang='grc' dir='ltr'>τότε</span> <span class='ocrx_word' id='word_1_153' title='bbox 1257 2051 1552 2128; x_wconf 76' lang='grc' dir='ltr'>ἐγέννησεν·</span> <span class='ocrx_word' id='word_1_154' title='bbox 1609 2053 1644 2122; x_wconf 74' lang='grc' dir='ltr'>ἤ</span> <span class='ocrx_word' id='word_1_155' title='bbox 1705 2057 1859 2122; x_wconf 83' lang='grc' dir='ltr'><strong>πῶς;</strong></span> <span class='ocrx_word' id='word_1_156' title='bbox 1920 2057 2087 2105; x_wconf 61' lang='lat' dir='ltr'><strong>tParve-</strong></span> 
     </span>
    </p>
   </div>
   <div class='ocr_carea' id='block_1_19' title="bbox 435 2139 2087 2221">
    <p class='ocr_par' dir='ltr' id='par_1_19' title="bbox 435 2139 2087 2221">
     <span class='ocr_line' id='line_1_19' title="bbox 435 2139 2087 2221; baseline -0.002 -22"><span class='ocrx_word' id='word_1_157' title='bbox 435 2145 668 2221; x_wconf 81' lang='grc' dir='ltr'><strong>ρώτερόν</strong></span> <span class='ocrx_word' id='word_1_158' title='bbox 731 2165 822 2217; x_wconf 89' lang='grc' dir='ltr'>μοι</span> <span class='ocrx_word' id='word_1_159' title='bbox 883 2143 1019 2201; x_wconf 76' lang='grc' dir='ltr'>εἶπέ,</span> <span class='ocrx_word' id='word_1_160' title='bbox 1080 2142 1156 2200; x_wconf 72' lang='grc' dir='ltr'><strong>Οὐ</strong></span> <span class='ocrx_word' id='word_1_161' title='bbox 1212 2147 1323 2197; x_wconf 81' lang='grc' dir='ltr'>νοῶ</span> <span class='ocrx_word' id='word_1_162' title='bbox 1382 2144 1484 2217; x_wconf 79' lang='grc' dir='ltr'>γὰρ</span> <span class='ocrx_word' id='word_1_163' title='bbox 1543 2142 1593 2196; x_wconf 87' lang='grc' dir='ltr'>τί</span> <span class='ocrx_word' id='word_1_164' title='bbox 1624 2141 1784 2210; x_wconf 85' lang='grc' dir='ltr'>ἐστιν,</span> <span class='ocrx_word' id='word_1_165' title='bbox 1841 2139 2087 2216; x_wconf 75' lang='grc' dir='ltr'>ἐγέννησε</span> 
     </span>
    </p>
   </div>
   <div class='ocr_carea' id='block_1_20' title="bbox 431 2229 2087 2306">
    <p class='ocr_par' dir='ltr' id='par_1_20' title="bbox 431 2229 2087 2306">
     <span class='ocr_line' id='line_1_20' title="bbox 431 2229 2087 2306; baseline -0.004 -16"><span class='ocrx_word' id='word_1_166' title='bbox 431 2233 634 2296; x_wconf 83' lang='grc' dir='ltr'>κτίσας.</span> <span class='ocrx_word' id='word_1_167' title='bbox 669 2233 860 2306; x_wconf 83' lang='grc' dir='ltr'><strong>’Δνόμ.</strong></span> <span class='ocrx_word' id='word_1_168' title='bbox 890 2233 960 2286; x_wconf 86' lang='grc' dir='ltr'><strong>Τό</strong></span> <span class='ocrx_word' id='word_1_169' title='bbox 990 2233 1231 2306; x_wconf 82' lang='grc' dir='ltr'>γέννημα</span> <span class='ocrx_word' id='word_1_170' title='bbox 1268 2236 1364 2286; x_wconf 79' lang='grc' dir='ltr'>τοῦ</span> <span class='ocrx_word' id='word_1_171' title='bbox 1398 2235 1530 2286; x_wconf 82' lang='grc' dir='ltr'><strong>Θεοῦ</strong></span> <span class='ocrx_word' id='word_1_172' title='bbox 1580 2231 1780 2303; x_wconf 79' lang='grc' dir='ltr'>κτίσμα</span> <span class='ocrx_word' id='word_1_173' title='bbox 1809 2230 1972 2284; x_wconf 71' lang='grc' dir='ltr'>αὑτοῦ</span> <span class='ocrx_word' id='word_1_174' title='bbox 2007 2229 2087 2284; x_wconf 70' lang='grc' dir='ltr'><strong>ισ-</strong></span> 
     </span>
    </p>
   </div>
   <div class='ocr_carea' id='block_1_21' title="bbox 426 2317 2084 2394">
    <p class='ocr_par' dir='ltr' id='par_1_21' title="bbox 426 2317 2084 2394">
     <span class='ocr_line' id='line_1_21' title="bbox 426 2317 2084 2394; baseline -0.005 -15"><span class='ocrx_word' id='word_1_175' title='bbox 426 2345 532 2394; x_wconf 87' lang='grc' dir='ltr'>τιν,</span> <span class='ocrx_word' id='word_1_176' title='bbox 568 2319 755 2391; x_wconf 76' lang='grc' dir='ltr'>ἐπειδὴ</span> <span class='ocrx_word' id='word_1_177' title='bbox 787 2320 995 2383; x_wconf 83' lang='grc' dir='ltr'>ἀπλοῦς</span> <span class='ocrx_word' id='word_1_178' title='bbox 1027 2319 1138 2376; x_wconf 70' lang='grc' dir='ltr'>ἐστι</span> <span class='ocrx_word' id='word_1_179' title='bbox 1168 2320 1255 2375; x_wconf 83' lang='grc' dir='ltr'><strong>καὶ</strong></span> <span class='ocrx_word' id='word_1_180' title='bbox 1287 2319 1594 2381; x_wconf 81' lang='grc' dir='ltr'><strong>ἀσύνθετος’</strong></span> <span class='ocrx_word' id='word_1_181' title='bbox 1628 2319 1717 2374; x_wconf 79' lang='grc' dir='ltr'>καὶ</span> <span class='ocrx_word' id='word_1_182' title='bbox 1752 2321 1850 2374; x_wconf 87' lang='grc' dir='ltr'>οὑκ</span> <span class='ocrx_word' id='word_1_183' title='bbox 1889 2317 2084 2379; x_wconf 69' lang='grc' dir='ltr'>ἄλλοις</span> 
     </span>
    </p>
   </div>
   <div class='ocr_carea' id='block_1_22' title="bbox 427 2406 2083 2489">
    <p class='ocr_par' dir='ltr' id='par_1_22' title="bbox 427 2406 2083 2489">
     <span class='ocr_line' id='line_1_22' title="bbox 427 2406 2083 2489; baseline -0.004 -21"><span class='ocrx_word' id='word_1_184' title='bbox 427 2417 608 2489; x_wconf 86' lang='grc' dir='ltr'>γεννᾷ,</span> <span class='ocrx_word' id='word_1_185' title='bbox 634 2408 724 2466; x_wconf 76' lang='grc' dir='ltr'>καί</span> <span class='ocrx_word' id='word_1_186' title='bbox 755 2409 948 2472; x_wconf 82' lang='grc' dir='ltr'>ἅλλοις</span> <span class='ocrx_word' id='word_1_187' title='bbox 973 2410 1162 2478; x_wconf 89' lang='grc' dir='ltr'>κτίζει,</span> <span class='ocrx_word' id='word_1_188' title='bbox 1193 2406 1320 2464; x_wconf 78' lang='grc' dir='ltr'>ἀλλ’</span> <span class='ocrx_word' id='word_1_189' title='bbox 1354 2408 1436 2470; x_wconf 81' lang='grc' dir='ltr'>οἷς</span> <span class='ocrx_word' id='word_1_190' title='bbox 1485 2413 1661 2482; x_wconf 84' lang='grc' dir='ltr'>γεννᾷ,</span> <span class='ocrx_word' id='word_1_191' title='bbox 1720 2407 1934 2470; x_wconf 83' lang='grc' dir='ltr'>τούτοις</span> <span class='ocrx_word' id='word_1_192' title='bbox 1995 2406 2083 2462; x_wconf 81' lang='grc' dir='ltr'>καὶ</span> 
     </span>
    </p>
   </div>
   <div class='ocr_carea' id='block_1_23' title="bbox 434 2496 2083 2576">
    <p class='ocr_par' dir='ltr' id='par_1_23' title="bbox 434 2496 2083 2576">
     <span class='ocr_line' id='line_1_23' title="bbox 434 2496 2083 2576; baseline -0.005 -18"><span class='ocrx_word' id='word_1_193' title='bbox 434 2501 620 2571; x_wconf 83' lang='grc' dir='ltr'>κτίζει.</span> <span class='ocrx_word' id='word_1_194' title='bbox 657 2502 808 2576; x_wconf 84' lang='grc' dir='ltr'><strong>Ὀρθ.</strong></span> <span class='ocrx_word' id='word_1_195' title='bbox 840 2499 903 2554; x_wconf 82' lang='grc' dir='ltr'><strong>Εἰ</strong></span> <span class='ocrx_word' id='word_1_196' title='bbox 935 2498 1143 2560; x_wconf 78' lang='grc' dir='ltr'>ἁπλοῦς</span> <span class='ocrx_word' id='word_1_197' title='bbox 1177 2496 1287 2553; x_wconf 80' lang='grc' dir='ltr'>ἐστι</span> <span class='ocrx_word' id='word_1_198' title='bbox 1321 2497 1408 2553; x_wconf 83' lang='grc' dir='ltr'><strong>καὶ</strong></span> <span class='ocrx_word' id='word_1_199' title='bbox 1441 2497 1750 2558; x_wconf 71' lang='grc' dir='ltr'>ἀσύνθετος.</span> <span class='ocrx_word' id='word_1_200' title='bbox 1784 2497 1836 2550; x_wconf 90' lang='grc' dir='ltr'><strong>τί</strong></span> <span class='ocrx_word' id='word_1_201' title='bbox 1883 2496 2083 2572; x_wconf 80' lang='grc' dir='ltr'>λέγεις,</span> 
     </span>
    </p>
   </div>
   <div class='ocr_carea' id='block_1_24' title="bbox 440 2583 2084 2662">
    <p class='ocr_par' dir='ltr' id='par_1_24' title="bbox 440 2583 2084 2662">
     <span class='ocr_line' id='line_1_24' title="bbox 440 2583 2084 2662; baseline -0.004 -17"><span class='ocrx_word' id='word_1_202' title='bbox 440 2590 521 2654; x_wconf 78' lang='grc' dir='ltr'><strong>οἷς</strong></span> <span class='ocrx_word' id='word_1_203' title='bbox 552 2591 641 2645; x_wconf 85' lang='grc' dir='ltr'>καὶ</span> <span class='ocrx_word' id='word_1_204' title='bbox 673 2591 795 2651; x_wconf 74' lang='grc' dir='ltr'>οἷςε</span> <span class='ocrx_word' id='word_1_205' title='bbox 831 2592 998 2652; x_wconf 64' lang='lat' dir='ltr'><strong>&quot;Even.</strong></span> <span class='ocrx_word' id='word_1_206' title='bbox 1024 2587 1124 2662; x_wconf 80' lang='grc' dir='ltr'>γὰρ</span> <span class='ocrx_word' id='word_1_207' title='bbox 1155 2586 1240 2660; x_wconf 82' lang='lat'>16,</span> <span class='ocrx_word' id='word_1_208' title='bbox 1275 2587 1354 2649; x_wconf 79' lang='grc' dir='ltr'>οἶς</span> <span class='ocrx_word' id='word_1_209' title='bbox 1385 2587 1474 2641; x_wconf 86' lang='grc' dir='ltr'>καὶ</span> <span class='ocrx_word' id='word_1_210' title='bbox 1511 2586 1610 2652; x_wconf 76' lang='grc' dir='ltr'>οἷς,</span> <span class='ocrx_word' id='word_1_211' title='bbox 1642 2585 1754 2641; x_wconf 75' lang='grc' dir='ltr'><strong>ἐκεῖ</strong></span> <span class='ocrx_word' id='word_1_212' title='bbox 1781 2583 1984 2642; x_wconf 81' lang='grc' dir='ltr'>πολλά.</span> <span class='ocrx_word' id='word_1_213' title='bbox 2023 2585 2084 2642; x_wconf 80' lang='grc' dir='ltr'><strong>Εἰ</strong></span> 
     </span>
    </p>
   </div>
   <div class='ocr_carea' id='block_1_25' title="bbox 439 2674 1332 2753">
    <p class='ocr_par' dir='ltr' id='par_1_25' title="bbox 439 2674 1332 2753">
     <span class='ocr_line' id='line_1_25' title="bbox 439 2674 1332 2753; baseline -0.003 -18"><span class='ocrx_word' id='word_1_214' title='bbox 439 2676 495 2735; x_wconf 75' lang='grc' dir='ltr'><strong>δὶ</strong></span> <span class='ocrx_word' id='word_1_215' title='bbox 527 2677 836 2747; x_wconf 80' lang='grc' dir='ltr'>ὀισύνθετος,</span> <span class='ocrx_word' id='word_1_216' title='bbox 869 2678 968 2732; x_wconf 85' lang='grc' dir='ltr'>οὑκ</span> <span class='ocrx_word' id='word_1_217' title='bbox 998 2677 1100 2753; x_wconf 77' lang='grc' dir='ltr'><strong>ἄρα</strong></span> <span class='ocrx_word' id='word_1_218' title='bbox 1127 2674 1332 2732; x_wconf 87' lang='grc' dir='ltr'>πολλά.</span> 
     </span>
    </p>
   </div>
   <div class='ocr_carea' id='block_1_26' title="bbox 1397 405 2842 476">
    <p class='ocr_par' dir='ltr' id='par_1_26' title="bbox 1397 405 2842 476">
     <span class='ocr_line' id='line_1_26' title="bbox 1397 405 2842 476; baseline 0.003 -7"><span class='ocrx_word' id='word_1_219' title='bbox 1397 405 1499 470; x_wconf 86' lang='lat' dir='ltr'><strong>DE</strong></span> <span class='ocrx_word' id='word_1_220' title='bbox 1547 407 1848 471; x_wconf 78' lang='lat' dir='ltr'><strong>SANCTA</strong></span> <span class='ocrx_word' id='word_1_221' title='bbox 1889 407 2318 471; x_wconf 80' lang='lat' dir='ltr'><strong>TRINITATE</strong></span> <span class='ocrx_word' id='word_1_222' title='bbox 2358 413 2747 476; x_wconf 79' lang='lat' dir='ltr'><strong>DIALOGUS</strong></span> <span class='ocrx_word' id='word_1_223' title='bbox 2793 415 2842 474; x_wconf 92' lang='grc' dir='ltr'><strong>Ι.</strong></span> 
     </span>
    </p>
   </div>
   <div class='ocr_carea' id='block_1_27' title="bbox 413 538 2092 621">
    <p class='ocr_par' dir='ltr' id='par_1_27' title="bbox 413 538 2069 621">
     <span class='ocr_line' id='line_1_27' title="bbox 413 538 2069 621; baseline -0.005 -21"><span class='ocrx_word' id='word_1_224' title='bbox 413 545 618 621; x_wconf 62' lang='grc' dir='ltr'><strong>εἴρηκε.</strong></span> <span class='ocrx_word' id='word_1_225' title='bbox 655 569 683 597; x_wconf 86' lang='grc'><strong>‹‹</strong></span> <span class='ocrx_word' id='word_1_226' title='bbox 717 544 828 618; x_wconf 79' lang='grc' dir='ltr'><strong>Πρὸ</strong></span> <span class='ocrx_word' id='word_1_227' title='bbox 863 565 890 594; x_wconf 85' lang='grc'><strong>››</strong></span> <span class='ocrx_word' id='word_1_228' title='bbox 920 542 1020 618; x_wconf 73' lang='grc' dir='ltr'><strong>γὰρ</strong></span> <span class='ocrx_word' id='word_1_229' title='bbox 1053 565 1082 593; x_wconf 87' lang='grc'><strong>‹‹</strong></span> <span class='ocrx_word' id='word_1_230' title='bbox 1127 538 1342 596; x_wconf 82' lang='grc' dir='ltr'>πάντων</span> <span class='ocrx_word' id='word_1_231' title='bbox 1398 541 1604 616; x_wconf 81' lang='grc' dir='ltr'>βουνῶν</span> <span class='ocrx_word' id='word_1_232' title='bbox 1667 547 1828 616; x_wconf 77' lang='grc' dir='ltr'>γεννᾷ</span> <span class='ocrx_word' id='word_1_233' title='bbox 1890 562 1976 614; x_wconf 85' lang='grc' dir='ltr'><strong>με,</strong></span> <span class='ocrx_word' id='word_1_234' title='bbox 2042 564 2069 592; x_wconf 89' lang='grc'><strong>››</strong></span> 
     </span>
    </p>
   </div>
   <div class='ocr_carea' id='block_1_28' title="bbox 2203 538 3022 621">
    <p class='ocr_par' dir='ltr' id='par_1_28' title="bbox 2203 542 3022 618">
     <span class='ocr_line' id='line_1_28' title="bbox 2203 542 3022 618; baseline 0.001 -21"><span class='ocrx_word' id='word_1_235' title='bbox 2203 542 2323 598; x_wconf 67' lang='lat' dir='ltr'><strong>&quot;ilio</strong></span> <span class='ocrx_word' id='word_1_236' title='bbox 2354 544 2502 600; x_wconf 86' lang='lat' dir='ltr'><strong>dixit</strong></span> <span class='ocrx_word' id='word_1_237' title='bbox 2531 568 2557 595; x_wconf 88' lang='grc'><strong>‹‹</strong></span> <span class='ocrx_word' id='word_1_238' title='bbox 2593 547 2786 618; x_wconf 90' lang='lat' dir='ltr'><strong>Gignit</strong></span> <span class='ocrx_word' id='word_1_239' title='bbox 2820 565 2913 603; x_wconf 87' lang='lat' dir='ltr'><strong>me</strong></span> <span class='ocrx_word' id='word_1_240' title='bbox 2947 567 2959 605; x_wconf 91' lang='lat'>:</span> <span class='ocrx_word' id='word_1_241' title='bbox 2996 572 3022 598; x_wconf 86' lang='grc'><strong>››</strong></span> 
     </span>
    </p>
   </div>
   <div class='ocr_carea' id='block_1_29' title="bbox 3677 428 3833 486">
    <p class='ocr_par' dir='ltr' id='par_1_29' title="bbox 3677 428 3833 486">
     <span class='ocr_line' id='line_1_29' title="bbox 3677 428 3833 486; baseline 0.019 -3"><span class='ocrx_word' id='word_1_242' title='bbox 3677 428 3833 486; x_wconf 77' lang='grc'>1122</span> 
     </span>
    </p>
   </div>
   <div class='ocr_carea' id='block_1_30' title="bbox 3065 551 3833 614">
    <p class='ocr_par' dir='ltr' id='par_1_30' title="bbox 3065 551 3833 614">
     <span class='ocr_line' id='line_1_30' title="bbox 3065 551 3833 614; baseline 0.013 -10"><span class='ocrx_word' id='word_1_243' title='bbox 3065 551 3142 605; x_wconf 97' lang='lat' dir='ltr'><strong>ait</strong></span> <span class='ocrx_word' id='word_1_244' title='bbox 3164 551 3319 607; x_wconf 87' lang='lat' dir='ltr'><strong>enim</strong></span> <span class='ocrx_word' id='word_1_245' title='bbox 3355 572 3365 608; x_wconf 95' lang='lat'>:</span> <span class='ocrx_word' id='word_1_246' title='bbox 3403 578 3426 602; x_wconf 88' lang='grc'><strong>‹‹</strong></span> <span class='ocrx_word' id='word_1_247' title='bbox 3457 558 3606 610; x_wconf 86' lang='lat' dir='ltr'><strong>Ante</strong></span> <span class='ocrx_word' id='word_1_248' title='bbox 3626 573 3833 614; x_wconf 87' lang='lat' dir='ltr'><strong>omnes</strong></span> 
     </span>
    </p>
   </div>
   <div class='ocr_carea' id='block_1_31' title="bbox 2179 631 3836 715">
    <p class='ocr_par' dir='ltr' id='par_1_31' title="bbox 2179 631 3836 715">
     <span class='ocr_line' id='line_1_31' title="bbox 2179 631 3836 715; baseline 0.008 -29"><span class='ocrx_word' id='word_1_249' title='bbox 2179 631 2356 688; x_wconf 89' lang='lat' dir='ltr'><strong>colles</strong></span> <span class='ocrx_word' id='word_1_250' title='bbox 2387 634 2575 706; x_wconf 81' lang='lat' dir='ltr'>gignit</span> <span class='ocrx_word' id='word_1_251' title='bbox 2604 652 2697 691; x_wconf 90' lang='lat' dir='ltr'><strong>me</strong></span> <span class='ocrx_word' id='word_1_252' title='bbox 2729 637 2792 690; x_wconf 68' lang='grc' dir='ltr'><strong>Ἠ.</strong></span> <span class='ocrx_word' id='word_1_253' title='bbox 2829 658 2857 685; x_wconf 91' lang='grc'><strong>››</strong></span> <span class='ocrx_word' id='word_1_254' title='bbox 2891 640 3397 702; x_wconf 89' lang='lat' dir='ltr'><strong>Quemadmodum</strong></span> <span class='ocrx_word' id='word_1_255' title='bbox 3433 643 3614 715; x_wconf 82' lang='lat' dir='ltr'><strong>igitur</strong></span> <span class='ocrx_word' id='word_1_256' title='bbox 3642 647 3712 701; x_wconf 90' lang='lat' dir='ltr'><strong>de</strong></span> <span class='ocrx_word' id='word_1_257' title='bbox 3743 647 3836 702; x_wconf 90' lang='lat' dir='ltr'><strong>Fi-</strong></span> 
     </span>
    </p>
   </div>
   <div class='ocr_carea' id='block_1_32' title="bbox 2178 720 3837 802">
    <p class='ocr_par' dir='ltr' id='par_1_32' title="bbox 2178 720 3837 802">
     <span class='ocr_line' id='line_1_32' title="bbox 2178 720 3837 802; baseline 0.009 -27"><span class='ocrx_word' id='word_1_258' title='bbox 2178 720 2256 777; x_wconf 93' lang='lat' dir='ltr'><strong>lio</strong></span> <span class='ocrx_word' id='word_1_259' title='bbox 2290 739 2391 794; x_wconf 86' lang='lat' dir='ltr'><strong>per</strong></span> <span class='ocrx_word' id='word_1_260' title='bbox 2415 722 2582 788; x_wconf 82' lang='lat' dir='ltr'><strong>illud,</strong></span> <span class='ocrx_word' id='word_1_261' title='bbox 2613 725 2800 796; x_wconf 79' lang='lat' dir='ltr'><strong>gignit</strong></span> <span class='ocrx_word' id='word_1_262' title='bbox 2833 743 2946 792; x_wconf 91' lang='lat' dir='ltr'><strong>me,</strong></span> <span class='ocrx_word' id='word_1_263' title='bbox 2972 727 3267 800; x_wconf 80' lang='lat' dir='ltr'><strong>intelligis,</strong></span> <span class='ocrx_word' id='word_1_264' title='bbox 3304 733 3517 786; x_wconf 86' lang='lat' dir='ltr'><strong>Genuit</strong></span> <span class='ocrx_word' id='word_1_265' title='bbox 3573 750 3700 802; x_wconf 88' lang='lat' dir='ltr'><strong>me;</strong></span> <span class='ocrx_word' id='word_1_266' title='bbox 3755 736 3837 790; x_wconf 86' lang='lat' dir='ltr'><strong>ita</strong></span> 
     </span>
    </p>
   </div>
   <div class='ocr_carea' id='block_1_33' title="bbox 2181 810 3838 890">
    <p class='ocr_par' dir='ltr' id='par_1_33' title="bbox 2181 810 3838 890">
     <span class='ocr_line' id='line_1_33' title="bbox 2181 810 3838 890; baseline 0.01 -27"><span class='ocrx_word' id='word_1_267' title='bbox 2181 811 2356 864; x_wconf 90' lang='lat' dir='ltr'><strong>etiam</strong></span> <span class='ocrx_word' id='word_1_268' title='bbox 2415 810 2584 880; x_wconf 91' lang='lat' dir='ltr'><strong>illud,</strong></span> <span class='ocrx_word' id='word_1_269' title='bbox 2647 815 2930 883; x_wconf 84' lang='lat' dir='ltr'><strong>procedit,</strong></span> <span class='ocrx_word' id='word_1_270' title='bbox 2966 817 3161 887; x_wconf 80' lang='lat' dir='ltr'><strong>accipe</strong></span> <span class='ocrx_word' id='word_1_271' title='bbox 3195 820 3264 873; x_wconf 88' lang='lat' dir='ltr'><strong>de</strong></span> <span class='ocrx_word' id='word_1_272' title='bbox 3290 820 3528 890; x_wconf 82' lang='lat' dir='ltr'><strong>Spiritu,</strong></span> <span class='ocrx_word' id='word_1_273' title='bbox 3566 840 3629 877; x_wconf 91' lang='lat' dir='ltr'><strong>ac</strong></span> <span class='ocrx_word' id='word_1_274' title='bbox 3663 823 3710 877; x_wconf 90' lang='lat' dir='ltr'><strong>si</strong></span> <span class='ocrx_word' id='word_1_275' title='bbox 3743 825 3838 879; x_wconf 86' lang='lat' dir='ltr'><strong>di-</strong></span> 
     </span>
    </p>
   </div>
   <div class='ocr_carea' id='block_1_34' title="bbox 2182 903 3835 982">
    <p class='ocr_par' dir='ltr' id='par_1_34' title="bbox 2182 903 3835 982">
     <span class='ocr_line' id='line_1_34' title="bbox 2182 903 3835 982; baseline 0.008 -29"><span class='ocrx_word' id='word_1_276' title='bbox 2182 904 2429 966; x_wconf 91' lang='lat' dir='ltr'><strong>ceretur,</strong></span> <span class='ocrx_word' id='word_1_277' title='bbox 2469 903 2769 970; x_wconf 85' lang='lat' dir='ltr'><strong>processit.</strong></span> <span class='ocrx_word' id='word_1_278' title='bbox 2825 903 2926 957; x_wconf 88' lang='lat' dir='ltr'><strong>Hic</strong></span> <span class='ocrx_word' id='word_1_279' title='bbox 2979 905 3135 960; x_wconf 85' lang='lat' dir='ltr'><strong>enim</strong></span> <span class='ocrx_word' id='word_1_280' title='bbox 3195 913 3284 961; x_wconf 90' lang='lat' dir='ltr'><strong>est</strong></span> <span class='ocrx_word' id='word_1_281' title='bbox 3342 925 3468 964; x_wconf 87' lang='lat' dir='ltr'><strong>mos</strong></span> <span class='ocrx_word' id='word_1_282' title='bbox 3524 911 3835 982; x_wconf 68' lang='lat' dir='ltr'><strong>Scriptura</strong></span> 
     </span>
    </p>
   </div>
   <div class='ocr_carea' id='block_1_35' title="bbox 2184 987 3834 1070">
    <p class='ocr_par' dir='ltr' id='par_1_35' title="bbox 2184 987 3834 1070">
     <span class='ocr_line' id='line_1_35' title="bbox 2184 987 3834 1070; baseline 0.008 -27"><span class='ocrx_word' id='word_1_283' title='bbox 2184 994 2247 1043; x_wconf 93' lang='lat' dir='ltr'><strong>ut</strong></span> <span class='ocrx_word' id='word_1_284' title='bbox 2275 987 2602 1055; x_wconf 78' lang='lat' dir='ltr'><strong>illud,uQui</strong></span> <span class='ocrx_word' id='word_1_285' title='bbox 2639 991 2775 1046; x_wconf 79' lang='lat' dir='ltr'><strong>facit</strong></span> <span class='ocrx_word' id='word_1_286' title='bbox 2807 992 3046 1064; x_wconf 88' lang='lat' dir='ltr'><strong>angelos</strong></span> <span class='ocrx_word' id='word_1_287' title='bbox 3079 1012 3217 1049; x_wconf 87' lang='lat' dir='ltr'><strong>suos</strong></span> <span class='ocrx_word' id='word_1_288' title='bbox 3251 997 3490 1066; x_wconf 81' lang='lat' dir='ltr'><strong>spiritus</strong></span> <span class='ocrx_word' id='word_1_289' title='bbox 3515 1000 3688 1068; x_wconf 63' lang='lat' dir='ltr'><strong>79,»id</strong></span> <span class='ocrx_word' id='word_1_290' title='bbox 3724 1008 3834 1070; x_wconf 86' lang='lat' dir='ltr'><strong>est,</strong></span> 
     </span>
    </p>
   </div>
   <div class='ocr_carea' id='block_1_36' title="bbox 2185 1076 3846 1158">
    <p class='ocr_par' dir='ltr' id='par_1_36' title="bbox 2185 1076 3846 1158">
     <span class='ocr_line' id='line_1_36' title="bbox 2185 1076 3846 1158; baseline 0.009 -28"><span class='ocrx_word' id='word_1_291' title='bbox 2185 1076 2292 1142; x_wconf 89' lang='lat' dir='ltr'><strong>Qui</strong></span> <span class='ocrx_word' id='word_1_292' title='bbox 2327 1078 2542 1132; x_wconf 80' lang='lat' dir='ltr'><strong>fecitzet</strong></span> <span class='ocrx_word' id='word_1_293' title='bbox 2573 1079 2891 1146; x_wconf 82' lang='lat' dir='ltr'><strong>illud,«Qui</strong></span> <span class='ocrx_word' id='word_1_294' title='bbox 2926 1083 3135 1138; x_wconf 81' lang='lat' dir='ltr'><strong>fundas</strong></span> <span class='ocrx_word' id='word_1_295' title='bbox 3167 1090 3379 1140; x_wconf 86' lang='lat' dir='ltr'><strong>terram</strong></span> <span class='ocrx_word' id='word_1_296' title='bbox 3408 1104 3587 1158; x_wconf 84' lang='lat' dir='ltr'><strong>supra</strong></span> <span class='ocrx_word' id='word_1_297' title='bbox 3617 1091 3846 1145; x_wconf 85' lang='lat' dir='ltr'><strong>stabili-</strong></span> 
     </span>
    </p>
   </div>
   <div class='ocr_carea' id='block_1_37' title="bbox 2189 1169 3847 1242">
    <p class='ocr_par' dir='ltr' id='par_1_37' title="bbox 2189 1169 3847 1242">
     <span class='ocr_line' id='line_1_37' title="bbox 2189 1169 3847 1242; baseline 0.009 -22"><span class='ocrx_word' id='word_1_298' title='bbox 2189 1169 2366 1220; x_wconf 82' lang='lat' dir='ltr'><strong>tatem</strong></span> <span class='ocrx_word' id='word_1_299' title='bbox 2400 1183 2570 1220; x_wconf 86' lang='lat' dir='ltr'><strong>suam</strong></span> <span class='ocrx_word' id='word_1_300' title='bbox 2590 1170 2690 1236; x_wconf 46' lang='grc' dir='ltr'><strong>τὴ»</strong></span> <span class='ocrx_word' id='word_1_301' title='bbox 2727 1169 2780 1223; x_wconf 91' lang='lat' dir='ltr'><strong>id</strong></span> <span class='ocrx_word' id='word_1_302' title='bbox 2812 1173 3028 1242; x_wconf 88' lang='lat' dir='ltr'><strong>est,qui</strong></span> <span class='ocrx_word' id='word_1_303' title='bbox 3062 1171 3341 1228; x_wconf 80' lang='lat' dir='ltr'><strong>fundasti.</strong></span> <span class='ocrx_word' id='word_1_304' title='bbox 3363 1177 3554 1231; x_wconf 81' lang='lat' dir='ltr'><strong>Anam.</strong></span> <span class='ocrx_word' id='word_1_305' title='bbox 3581 1177 3847 1235; x_wconf 73' lang='lat' dir='ltr'><strong>Haeccine</strong></span> 
     </span>
    </p>
   </div>
   <div class='ocr_carea' id='block_1_38' title="bbox 2188 1253 3844 1324">
    <p class='ocr_par' dir='ltr' id='par_1_38' title="bbox 2188 1253 3844 1324">
     <span class='ocr_line' id='line_1_38' title="bbox 2188 1253 3844 1324; baseline 0.01 -17"><span class='ocrx_word' id='word_1_306' title='bbox 2188 1253 2363 1323; x_wconf 79' lang='lat' dir='ltr'><strong>igitur</strong></span> <span class='ocrx_word' id='word_1_307' title='bbox 2394 1263 2482 1310; x_wconf 87' lang='lat' dir='ltr'><strong>est</strong></span> <span class='ocrx_word' id='word_1_308' title='bbox 2512 1257 3022 1314; x_wconf 73' lang='lat' dir='ltr'><strong>diiierentia‘lOrth.</strong></span> <span class='ocrx_word' id='word_1_309' title='bbox 3046 1261 3174 1315; x_wconf 65' lang='lat' dir='ltr'><strong>Hine</strong></span> <span class='ocrx_word' id='word_1_310' title='bbox 3204 1268 3311 1317; x_wconf 90' lang='lat' dir='ltr'><strong>est.</strong></span> <span class='ocrx_word' id='word_1_311' title='bbox 3336 1269 3538 1319; x_wconf 71' lang='lat' dir='ltr'><strong>Anam.</strong></span> <span class='ocrx_word' id='word_1_312' title='bbox 3561 1267 3844 1324; x_wconf 87' lang='lat' dir='ltr'><strong>Eamdem</strong></span> 
     </span>
    </p>
   </div>
   <div class='ocr_carea' id='block_1_39' title="bbox 2190 1347 3854 1412">
    <p class='ocr_par' dir='ltr' id='par_1_39' title="bbox 2190 1347 3854 1412">
     <span class='ocr_line' id='line_1_39' title="bbox 2190 1347 3854 1412; baseline 0.009 -15"><span class='ocrx_word' id='word_1_313' title='bbox 2190 1349 2383 1398; x_wconf 86' lang='lat' dir='ltr'><strong>autem</strong></span> <span class='ocrx_word' id='word_1_314' title='bbox 2456 1349 2727 1401; x_wconf 90' lang='lat' dir='ltr'><strong>naturam</strong></span> <span class='ocrx_word' id='word_1_315' title='bbox 2795 1347 2932 1402; x_wconf 83' lang='lat' dir='ltr'><strong>ais?</strong></span> <span class='ocrx_word' id='word_1_316' title='bbox 3003 1348 3154 1406; x_wconf 72' lang='lat' dir='ltr'><strong>Ozth.</strong></span> <span class='ocrx_word' id='word_1_317' title='bbox 3227 1351 3524 1410; x_wconf 81' lang='lat' dir='ltr'><strong>Eamdem.</strong></span> <span class='ocrx_word' id='word_1_318' title='bbox 3559 1358 3746 1411; x_wconf 82' lang='lat' dir='ltr'><strong>Anam.</strong></span> <span class='ocrx_word' id='word_1_319' title='bbox 3783 1359 3854 1412; x_wconf 86' lang='lat' dir='ltr'><strong>Et</strong></span> 
     </span>
    </p>
   </div>
   <div class='ocr_carea' id='block_1_40' title="bbox 2192 1434 3852 1514">
    <p class='ocr_par' dir='ltr' id='par_1_40' title="bbox 2192 1434 3852 1514">
     <span class='ocr_line' id='line_1_40' title="bbox 2192 1434 3852 1514; baseline 0.011 -29"><span class='ocrx_word' id='word_1_320' title='bbox 2192 1434 2485 1502; x_wconf 90' lang='lat' dir='ltr'><strong>quomodo</strong></span> <span class='ocrx_word' id='word_1_321' title='bbox 2518 1440 2707 1505; x_wconf 85' lang='lat' dir='ltr'><strong>potest</strong></span> <span class='ocrx_word' id='word_1_322' title='bbox 2737 1438 2940 1491; x_wconf 86' lang='lat' dir='ltr'><strong>eadem</strong></span> <span class='ocrx_word' id='word_1_323' title='bbox 2975 1454 3104 1492; x_wconf 89' lang='lat' dir='ltr'><strong>esse</strong></span> <span class='ocrx_word' id='word_1_324' title='bbox 3133 1444 3363 1506; x_wconf 84' lang='lat' dir='ltr'><strong>natura,</strong></span> <span class='ocrx_word' id='word_1_325' title='bbox 3398 1443 3445 1497; x_wconf 90' lang='lat' dir='ltr'><strong>si</strong></span> <span class='ocrx_word' id='word_1_326' title='bbox 3502 1461 3656 1500; x_wconf 91' lang='lat' dir='ltr'><strong>unus</strong></span> <span class='ocrx_word' id='word_1_327' title='bbox 3715 1448 3852 1514; x_wconf 88' lang='lat' dir='ltr'><strong>qui-</strong></span> 
     </span>
    </p>
   </div>
   <div class='ocr_carea' id='block_1_41' title="bbox 2192 1521 3854 1597">
    <p class='ocr_par' dir='ltr' id='par_1_41' title="bbox 2192 1521 3854 1597">
     <span class='ocr_line' id='line_1_41' title="bbox 2192 1521 3854 1597; baseline 0.01 -23"><span class='ocrx_word' id='word_1_328' title='bbox 2192 1521 2324 1576; x_wconf 87' lang='lat' dir='ltr'><strong>dem</strong></span> <span class='ocrx_word' id='word_1_329' title='bbox 2385 1521 2593 1593; x_wconf 85' lang='lat' dir='ltr'><strong>gignit,</strong></span> <span class='ocrx_word' id='word_1_330' title='bbox 2645 1524 2792 1579; x_wconf 90' lang='lat' dir='ltr'><strong>alter</strong></span> <span class='ocrx_word' id='word_1_331' title='bbox 2823 1525 3134 1597; x_wconf 83' lang='lat' dir='ltr'><strong>gignitur?</strong></span> <span class='ocrx_word' id='word_1_332' title='bbox 3163 1527 3312 1584; x_wconf 78' lang='grc' dir='ltr'><strong>Θνιίι.</strong></span> <span class='ocrx_word' id='word_1_333' title='bbox 3345 1529 3516 1586; x_wconf 88' lang='lat' dir='ltr'><strong>Panis</strong></span> <span class='ocrx_word' id='word_1_334' title='bbox 3549 1533 3854 1590; x_wconf 87' lang='lat' dir='ltr'><strong>nihilomi-</strong></span> 
     </span>
    </p>
   </div>
   <div class='ocr_carea' id='block_1_42' title="bbox 2195 1612 3849 1688">
    <p class='ocr_par' dir='ltr' id='par_1_42' title="bbox 2195 1612 3849 1688">
     <span class='ocr_line' id='line_1_42' title="bbox 2195 1612 3849 1688; baseline 0.01 -25"><span class='ocrx_word' id='word_1_335' title='bbox 2195 1626 2328 1676; x_wconf 86' lang='lat' dir='ltr'><strong>nus,</strong></span> <span class='ocrx_word' id='word_1_336' title='bbox 2366 1627 2548 1664; x_wconf 90' lang='lat' dir='ltr'><strong>unum</strong></span> <span class='ocrx_word' id='word_1_337' title='bbox 2581 1612 2842 1682; x_wconf 88' lang='lat' dir='ltr'><strong>gignere,</strong></span> <span class='ocrx_word' id='word_1_338' title='bbox 2873 1614 3121 1670; x_wconf 86' lang='lat' dir='ltr'><strong>alterum</strong></span> <span class='ocrx_word' id='word_1_339' title='bbox 3156 1617 3362 1688; x_wconf 80' lang='lat' dir='ltr'><strong>gigni?</strong></span> <span class='ocrx_word' id='word_1_340' title='bbox 3391 1624 3583 1676; x_wconf 83' lang='lat' dir='ltr'><strong>Anam.</strong></span> <span class='ocrx_word' id='word_1_341' title='bbox 3638 1623 3849 1680; x_wconf 81' lang='lat' dir='ltr'><strong>Etiam.</strong></span> 
     </span>
    </p>
   </div>
   <div class='ocr_carea' id='block_1_43' title="bbox 2195 1698 3850 1782">
    <p class='ocr_par' dir='ltr' id='par_1_43' title="bbox 2195 1698 3850 1782">
     <span class='ocr_line' id='line_1_43' title="bbox 2195 1698 3850 1782; baseline 0.01 -30"><span class='ocrx_word' id='word_1_342' title='bbox 2195 1698 2347 1753; x_wconf 83' lang='lat' dir='ltr'><strong>Orth.</strong></span> <span class='ocrx_word' id='word_1_343' title='bbox 2406 1699 2463 1752; x_wconf 90' lang='lat' dir='ltr'><strong>Si</strong></span> <span class='ocrx_word' id='word_1_344' title='bbox 2495 1715 2646 1754; x_wconf 89' lang='lat' dir='ltr'><strong>unus</strong></span> <span class='ocrx_word' id='word_1_345' title='bbox 2677 1700 2882 1773; x_wconf 83' lang='lat' dir='ltr'><strong>gignit,</strong></span> <span class='ocrx_word' id='word_1_346' title='bbox 2913 1701 3055 1758; x_wconf 83' lang='lat' dir='ltr'><strong>alter</strong></span> <span class='ocrx_word' id='word_1_347' title='bbox 3083 1704 3347 1776; x_wconf 86' lang='lat' dir='ltr'><strong>gignitur</strong></span> <span class='ocrx_word' id='word_1_348' title='bbox 3380 1725 3392 1762; x_wconf 95' lang='lat'>:</span> <span class='ocrx_word' id='word_1_349' title='bbox 3428 1709 3526 1779; x_wconf 90' lang='lat' dir='ltr'><strong>qui</strong></span> <span class='ocrx_word' id='word_1_350' title='bbox 3559 1710 3751 1782; x_wconf 83' lang='lat' dir='ltr'><strong>gignit</strong></span> <span class='ocrx_word' id='word_1_351' title='bbox 3780 1729 3850 1768; x_wconf 84' lang='lat' dir='ltr'><strong>ex</strong></span> 
     </span>
    </p>
   </div>
   <div class='ocr_carea' id='block_1_44' title="bbox 2195 1786 3848 1873">
    <p class='ocr_par' dir='ltr' id='par_1_44' title="bbox 2195 1786 3848 1873">
     <span class='ocr_line' id='line_1_44' title="bbox 2195 1786 3848 1873; baseline 0.008 -31"><span class='ocrx_word' id='word_1_352' title='bbox 2195 1803 2304 1842; x_wconf 88' lang='lat' dir='ltr'><strong>sua</strong></span> <span class='ocrx_word' id='word_1_353' title='bbox 2331 1786 2522 1858; x_wconf 89' lang='lat' dir='ltr'><strong>ipsius</strong></span> <span class='ocrx_word' id='word_1_354' title='bbox 2558 1795 2768 1843; x_wconf 89' lang='lat' dir='ltr'><strong>natura</strong></span> <span class='ocrx_word' id='word_1_355' title='bbox 2795 1791 2985 1862; x_wconf 84' lang='lat' dir='ltr'><strong>gignit</strong></span> <span class='ocrx_word' id='word_1_356' title='bbox 3019 1809 3031 1846; x_wconf 87' lang='lat'>:</span> <span class='ocrx_word' id='word_1_357' title='bbox 3068 1798 3125 1848; x_wconf 90' lang='lat' dir='ltr'><strong>et</strong></span> <span class='ocrx_word' id='word_1_358' title='bbox 3155 1795 3253 1864; x_wconf 90' lang='lat' dir='ltr'><strong>qui</strong></span> <span class='ocrx_word' id='word_1_359' title='bbox 3288 1795 3570 1866; x_wconf 86' lang='lat' dir='ltr'><strong>gignitur,</strong></span> <span class='ocrx_word' id='word_1_360' title='bbox 3596 1817 3665 1854; x_wconf 86' lang='lat' dir='ltr'><strong>ex</strong></span> <span class='ocrx_word' id='word_1_361' title='bbox 3720 1801 3848 1873; x_wconf 86' lang='lat' dir='ltr'><strong>gig-</strong></span> 
     </span>
    </p>
   </div>
   <div class='ocr_carea' id='block_1_45' title="bbox 2193 1876 3841 1960">
    <p class='ocr_par' dir='ltr' id='par_1_45' title="bbox 2193 1876 3841 1960">
     <span class='ocr_line' id='line_1_45' title="bbox 2193 1876 3841 1960; baseline 0.008 -31"><span class='ocrx_word' id='word_1_362' title='bbox 2193 1876 2389 1931; x_wconf 79' lang='lat' dir='ltr'><strong>nentis</strong></span> <span class='ocrx_word' id='word_1_363' title='bbox 2443 1882 2652 1932; x_wconf 87' lang='lat' dir='ltr'><strong>natura</strong></span> <span class='ocrx_word' id='word_1_364' title='bbox 2709 1878 2989 1950; x_wconf 84' lang='lat' dir='ltr'><strong>gignitur.</strong></span> <span class='ocrx_word' id='word_1_365' title='bbox 3052 1884 3240 1937; x_wconf 81' lang='lat' dir='ltr'><strong>Anam.</strong></span> <span class='ocrx_word' id='word_1_366' title='bbox 3295 1885 3482 1956; x_wconf 81' lang='lat' dir='ltr'><strong>Absit,</strong></span> <span class='ocrx_word' id='word_1_367' title='bbox 3521 1893 3582 1940; x_wconf 89' lang='lat' dir='ltr'><strong>ut</strong></span> <span class='ocrx_word' id='word_1_368' title='bbox 3627 1889 3841 1960; x_wconf 86' lang='lat' dir='ltr'><strong>dicam,</strong></span> 
     </span>
    </p>
   </div>
   <div class='ocr_carea' id='block_1_46' title="bbox 2198 1965 3851 2052">
    <p class='ocr_par' dir='ltr' id='par_1_46' title="bbox 2198 1965 3851 2052">
     <span class='ocr_line' id='line_1_46' title="bbox 2198 1965 3851 2052; baseline 0.009 -34"><span class='ocrx_word' id='word_1_369' title='bbox 2198 1965 2378 2019; x_wconf 88' lang='lat' dir='ltr'><strong>Deum</strong></span> <span class='ocrx_word' id='word_1_370' title='bbox 2413 1981 2480 2020; x_wconf 86' lang='lat' dir='ltr'><strong>ex</strong></span> <span class='ocrx_word' id='word_1_371' title='bbox 2511 1970 2720 2020; x_wconf 89' lang='lat' dir='ltr'><strong>natura</strong></span> <span class='ocrx_word' id='word_1_372' title='bbox 2751 1971 3044 2038; x_wconf 80' lang='lat' dir='ltr'><strong>genuisse.</strong></span> <span class='ocrx_word' id='word_1_373' title='bbox 3078 1971 3234 2029; x_wconf 77' lang='lat' dir='ltr'><strong>Orth.</strong></span> <span class='ocrx_word' id='word_1_374' title='bbox 3267 1973 3388 2052; x_wconf 85' lang='lat' dir='ltr'><strong>Non</strong></span> <span class='ocrx_word' id='word_1_375' title='bbox 3423 1975 3602 2046; x_wconf 88' lang='lat' dir='ltr'><strong>igitur</strong></span> <span class='ocrx_word' id='word_1_376' title='bbox 3631 1978 3851 2048; x_wconf 86' lang='lat' dir='ltr'><strong>genuit.</strong></span> 
     </span>
    </p>
   </div>
   <div class='ocr_carea' id='block_1_47' title="bbox 2196 2055 3856 2137">
    <p class='ocr_par' dir='ltr' id='par_1_47' title="bbox 2196 2055 3856 2137">
     <span class='ocr_line' id='line_1_47' title="bbox 2196 2055 3856 2137; baseline 0.007 -28"><span class='ocrx_word' id='word_1_377' title='bbox 2196 2055 2390 2109; x_wconf 89' lang='lat' dir='ltr'><strong>Anam.</strong></span> <span class='ocrx_word' id='word_1_378' title='bbox 2425 2055 2659 2123; x_wconf 88' lang='lat' dir='ltr'><strong>Genuit,</strong></span> <span class='ocrx_word' id='word_1_379' title='bbox 2701 2073 2832 2111; x_wconf 90' lang='lat' dir='ltr'><strong>cum</strong></span> <span class='ocrx_word' id='word_1_380' title='bbox 2869 2067 3143 2115; x_wconf 79' lang='lat' dir='ltr'><strong>creasset.</strong></span> <span class='ocrx_word' id='word_1_381' title='bbox 3204 2061 3355 2116; x_wconf 66' lang='lat' dir='ltr'><strong>02m.</strong></span> <span class='ocrx_word' id='word_1_382' title='bbox 3411 2064 3634 2136; x_wconf 84' lang='lat' dir='ltr'><strong>Ergone</strong></span> <span class='ocrx_word' id='word_1_383' title='bbox 3690 2067 3856 2137; x_wconf 90' lang='lat' dir='ltr'><strong>prius</strong></span> 
     </span>
    </p>
   </div>
   <div class='ocr_carea' id='block_1_48' title="bbox 2197 2144 3854 2226">
    <p class='ocr_par' dir='ltr' id='par_1_48' title="bbox 2197 2144 3854 2226">
     <span class='ocr_line' id='line_1_48' title="bbox 2197 2144 3854 2226; baseline 0.008 -29"><span class='ocrx_word' id='word_1_384' title='bbox 2197 2145 2390 2214; x_wconf 88' lang='lat' dir='ltr'><strong>ipsum</strong></span> <span class='ocrx_word' id='word_1_385' title='bbox 2442 2144 2673 2213; x_wconf 89' lang='lat' dir='ltr'><strong>creavit,</strong></span> <span class='ocrx_word' id='word_1_386' title='bbox 2738 2151 2793 2200; x_wconf 92' lang='lat' dir='ltr'><strong>et</strong></span> <span class='ocrx_word' id='word_1_387' title='bbox 2849 2147 3058 2202; x_wconf 91' lang='lat' dir='ltr'><strong>deinde</strong></span> <span class='ocrx_word' id='word_1_388' title='bbox 3115 2151 3339 2219; x_wconf 89' lang='lat' dir='ltr'><strong>genuit,</strong></span> <span class='ocrx_word' id='word_1_389' title='bbox 3376 2168 3446 2205; x_wconf 90' lang='lat' dir='ltr'><strong>an</strong></span> <span class='ocrx_word' id='word_1_390' title='bbox 3481 2152 3678 2225; x_wconf 85' lang='lat' dir='ltr'><strong>aliquo</strong></span> <span class='ocrx_word' id='word_1_391' title='bbox 3712 2171 3854 2226; x_wconf 91' lang='lat' dir='ltr'><strong>quo-</strong></span> 
     </span>
    </p>
   </div>
   <div class='ocr_carea' id='block_1_49' title="bbox 2199 2233 3852 2314">
    <p class='ocr_par' dir='ltr' id='par_1_49' title="bbox 2199 2233 3852 2314">
     <span class='ocr_line' id='line_1_49' title="bbox 2199 2233 3852 2314; baseline 0.008 -29"><span class='ocrx_word' id='word_1_392' title='bbox 2199 2233 2350 2301; x_wconf 84' lang='lat' dir='ltr'><strong>piam</strong></span> <span class='ocrx_word' id='word_1_393' title='bbox 2385 2233 2598 2288; x_wconf 84' lang='lat' dir='ltr'><strong>modo?</strong></span> <span class='ocrx_word' id='word_1_394' title='bbox 2631 2235 2891 2305; x_wconf 84' lang='lat' dir='ltr'><strong>Loquere</strong></span> <span class='ocrx_word' id='word_1_395' title='bbox 2922 2239 3178 2307; x_wconf 79' lang='lat' dir='ltr'><strong>apertius</strong></span> <span class='ocrx_word' id='word_1_396' title='bbox 3210 2256 3221 2292; x_wconf 90' lang='lat'><strong>:</strong></span> <span class='ocrx_word' id='word_1_397' title='bbox 3255 2239 3368 2293; x_wconf 78' lang='lat' dir='ltr'><strong>Nec</strong></span> <span class='ocrx_word' id='word_1_398' title='bbox 3398 2242 3553 2295; x_wconf 86' lang='lat' dir='ltr'><strong>enim</strong></span> <span class='ocrx_word' id='word_1_399' title='bbox 3591 2243 3852 2314; x_wconf 88' lang='lat' dir='ltr'><strong>intelligo</strong></span> 
     </span>
    </p>
   </div>
   <div class='ocr_carea' id='block_1_50' title="bbox 2196 2321 3854 2403">
    <p class='ocr_par' dir='ltr' id='par_1_50' title="bbox 2196 2321 3854 2403">
     <span class='ocr_line' id='line_1_50' title="bbox 2196 2321 3854 2403; baseline 0.007 -29"><span class='ocrx_word' id='word_1_400' title='bbox 2196 2321 2340 2392; x_wconf 91' lang='lat' dir='ltr'><strong>quid</strong></span> <span class='ocrx_word' id='word_1_401' title='bbox 2372 2322 2468 2387; x_wconf 88' lang='lat' dir='ltr'><strong>sit,</strong></span> <span class='ocrx_word' id='word_1_402' title='bbox 2496 2323 2698 2394; x_wconf 85' lang='lat' dir='ltr'><strong>genuit</strong></span> <span class='ocrx_word' id='word_1_403' title='bbox 2727 2340 2860 2378; x_wconf 89' lang='lat' dir='ltr'><strong>cum</strong></span> <span class='ocrx_word' id='word_1_404' title='bbox 2894 2331 3164 2381; x_wconf 86' lang='lat' dir='ltr'><strong>creasset.</strong></span> <span class='ocrx_word' id='word_1_405' title='bbox 3200 2327 3389 2383; x_wconf 85' lang='lat' dir='ltr'><strong>Anam.</strong></span> <span class='ocrx_word' id='word_1_406' title='bbox 3447 2330 3607 2394; x_wconf 86' lang='lat' dir='ltr'><strong>Quod</strong></span> <span class='ocrx_word' id='word_1_407' title='bbox 3661 2331 3854 2403; x_wconf 88' lang='lat' dir='ltr'><strong>gigni-</strong></span> 
     </span>
    </p>
   </div>
   <div class='ocr_carea' id='block_1_51' title="bbox 2195 2415 3852 2490">
    <p class='ocr_par' dir='ltr' id='par_1_51' title="bbox 2195 2415 3852 2490">
     <span class='ocr_line' id='line_1_51' title="bbox 2195 2415 3852 2490; baseline 0.008 -27"><span class='ocrx_word' id='word_1_408' title='bbox 2195 2415 2291 2464; x_wconf 89' lang='lat' dir='ltr'><strong>tur</strong></span> <span class='ocrx_word' id='word_1_409' title='bbox 2347 2428 2381 2464; x_wconf 89' lang='lat' dir='ltr'><strong>a</strong></span> <span class='ocrx_word' id='word_1_410' title='bbox 2424 2415 2537 2465; x_wconf 89' lang='lat' dir='ltr'><strong>Deo</strong></span> <span class='ocrx_word' id='word_1_411' title='bbox 2577 2416 2846 2467; x_wconf 86' lang='lat' dir='ltr'><strong>creatura</strong></span> <span class='ocrx_word' id='word_1_412' title='bbox 2877 2419 2988 2477; x_wconf 88' lang='lat' dir='ltr'><strong>est,</strong></span> <span class='ocrx_word' id='word_1_413' title='bbox 3022 2415 3301 2485; x_wconf 89' lang='lat' dir='ltr'><strong>quoniam</strong></span> <span class='ocrx_word' id='word_1_414' title='bbox 3335 2415 3430 2472; x_wconf 91' lang='lat' dir='ltr'><strong>ille</strong></span> <span class='ocrx_word' id='word_1_415' title='bbox 3461 2419 3709 2490; x_wconf 79' lang='lat' dir='ltr'><strong>simplex</strong></span> <span class='ocrx_word' id='word_1_416' title='bbox 3739 2424 3852 2486; x_wconf 82' lang='lat' dir='ltr'><strong>est,</strong></span> 
     </span>
    </p>
   </div>
   <div class='ocr_carea' id='block_1_52' title="bbox 2194 2499 3854 2578">
    <p class='ocr_par' dir='ltr' id='par_1_52' title="bbox 2194 2499 3854 2578">
     <span class='ocr_line' id='line_1_52' title="bbox 2194 2499 3854 2578; baseline 0.006 -24"><span class='ocrx_word' id='word_1_417' title='bbox 2194 2505 2251 2554; x_wconf 87' lang='lat' dir='ltr'><strong>et</strong></span> <span class='ocrx_word' id='word_1_418' title='bbox 2279 2499 2721 2570; x_wconf 87' lang='lat' dir='ltr'><strong>compositionis</strong></span> <span class='ocrx_word' id='word_1_419' title='bbox 2761 2518 2966 2573; x_wconf 84' lang='lat' dir='ltr'><strong>expers</strong></span> <span class='ocrx_word' id='word_1_420' title='bbox 3027 2519 3038 2556; x_wconf 93' lang='lat'><strong>:</strong></span> <span class='ocrx_word' id='word_1_421' title='bbox 3102 2520 3208 2559; x_wconf 90' lang='lat' dir='ltr'><strong>nec</strong></span> <span class='ocrx_word' id='word_1_422' title='bbox 3265 2503 3394 2560; x_wconf 85' lang='lat' dir='ltr'><strong>aliis</strong></span> <span class='ocrx_word' id='word_1_423' title='bbox 3451 2507 3659 2578; x_wconf 87' lang='lat' dir='ltr'><strong>gignit,</strong></span> <span class='ocrx_word' id='word_1_424' title='bbox 3720 2508 3854 2565; x_wconf 86' lang='lat' dir='ltr'><strong>aliis</strong></span> 
     </span>
    </p>
   </div>
   <div class='ocr_carea' id='block_1_53' title="bbox 2195 2589 3854 2662">
    <p class='ocr_par' dir='ltr' id='par_1_53' title="bbox 2195 2589 3854 2662">
     <span class='ocr_line' id='line_1_53' title="bbox 2195 2589 3854 2662; baseline 0.007 -20"><span class='ocrx_word' id='word_1_425' title='bbox 2195 2592 2372 2653; x_wconf 88' lang='lat' dir='ltr'><strong>creat,</strong></span> <span class='ocrx_word' id='word_1_426' title='bbox 2425 2589 2525 2642; x_wconf 89' lang='lat' dir='ltr'><strong>sed</strong></span> <span class='ocrx_word' id='word_1_427' title='bbox 2559 2589 2776 2658; x_wconf 87' lang='lat' dir='ltr'><strong>quibus</strong></span> <span class='ocrx_word' id='word_1_428' title='bbox 2806 2590 3014 2662; x_wconf 89' lang='lat' dir='ltr'><strong>gignit,</strong></span> <span class='ocrx_word' id='word_1_429' title='bbox 3047 2592 3253 2647; x_wconf 88' lang='lat' dir='ltr'><strong>iisdem</strong></span> <span class='ocrx_word' id='word_1_430' title='bbox 3283 2595 3458 2648; x_wconf 87' lang='lat' dir='ltr'><strong>etiam</strong></span> <span class='ocrx_word' id='word_1_431' title='bbox 3489 2602 3665 2652; x_wconf 88' lang='lat' dir='ltr'><strong>creat.</strong></span> <span class='ocrx_word' id='word_1_432' title='bbox 3702 2598 3854 2654; x_wconf 82' lang='lat' dir='ltr'><strong>Orth.</strong></span> 
     </span>
    </p>
   </div>
   <div class='ocr_carea' id='block_1_54' title="bbox 2194 2675 3853 2757">
    <p class='ocr_par' dir='ltr' id='par_1_54' title="bbox 2194 2675 3853 2757">
     <span class='ocr_line' id='line_1_54' title="bbox 2194 2675 3853 2757; baseline 0.007 -27"><span class='ocrx_word' id='word_1_433' title='bbox 2194 2676 2255 2731; x_wconf 92' lang='lat' dir='ltr'><strong>Si</strong></span> <span class='ocrx_word' id='word_1_434' title='bbox 2289 2675 2540 2748; x_wconf 84' lang='lat' dir='ltr'><strong>simplex</strong></span> <span class='ocrx_word' id='word_1_435' title='bbox 2597 2683 2685 2732; x_wconf 91' lang='lat' dir='ltr'><strong>est</strong></span> <span class='ocrx_word' id='word_1_436' title='bbox 2713 2684 2771 2732; x_wconf 90' lang='lat' dir='ltr'><strong>et</strong></span> <span class='ocrx_word' id='word_1_437' title='bbox 2800 2681 3246 2751; x_wconf 88' lang='lat' dir='ltr'><strong>compositionis</strong></span> <span class='ocrx_word' id='word_1_438' title='bbox 3303 2699 3531 2754; x_wconf 83' lang='lat' dir='ltr'><strong>expers,</strong></span> <span class='ocrx_word' id='word_1_439' title='bbox 3565 2703 3853 2757; x_wconf 89' lang='lat' dir='ltr'><strong>quorsum</strong></span> 
     </span>
    </p>
   </div>
   <div class='ocr_carea' id='block_1_55' title="bbox 439 2763 3855 2848">
    <p class='ocr_par' dir='ltr' id='par_1_55' title="bbox 439 2763 3855 2848">
     <span class='ocr_line' id='line_1_55' title="bbox 439 2763 3855 2848; baseline 0.001 -22"><span class='ocrx_word' id='word_1_440' title='bbox 439 2770 609 2835; x_wconf 88' lang='lat' dir='ltr'><strong>dicis,</strong></span> <span class='ocrx_word' id='word_1_441' title='bbox 643 2769 862 2842; x_wconf 79' lang='lat' dir='ltr'><strong>quibus</strong></span> <span class='ocrx_word' id='word_1_442' title='bbox 895 2774 952 2824; x_wconf 79' lang='lat' dir='ltr'><strong>et</strong></span> <span class='ocrx_word' id='word_1_443' title='bbox 983 2767 1242 2840; x_wconf 85' lang='lat' dir='ltr'><strong>quibus?</strong></span> <span class='ocrx_word' id='word_1_444' title='bbox 1272 2766 1378 2822; x_wconf 89' lang='lat' dir='ltr'><strong>Ubi</strong></span> <span class='ocrx_word' id='word_1_445' title='bbox 1408 2766 1564 2822; x_wconf 88' lang='lat' dir='ltr'><strong>enim</strong></span> <span class='ocrx_word' id='word_1_446' title='bbox 1597 2770 1685 2821; x_wconf 89' lang='lat' dir='ltr'><strong>est</strong></span> <span class='ocrx_word' id='word_1_447' title='bbox 1714 2763 1880 2835; x_wconf 91' lang='lat' dir='ltr'><strong>illud,</strong></span> <span class='ocrx_word' id='word_1_448' title='bbox 1914 2765 2128 2837; x_wconf 83' lang='lat' dir='ltr'><strong>quibus</strong></span> <span class='ocrx_word' id='word_1_449' title='bbox 2158 2770 2215 2822; x_wconf 85' lang='lat' dir='ltr'><strong>et</strong></span> <span class='ocrx_word' id='word_1_450' title='bbox 2243 2765 2480 2836; x_wconf 85' lang='lat' dir='ltr'><strong>quibus,</strong></span> <span class='ocrx_word' id='word_1_451' title='bbox 2515 2766 2594 2820; x_wconf 87' lang='lat' dir='ltr'><strong>ibi</strong></span> <span class='ocrx_word' id='word_1_452' title='bbox 2625 2784 2859 2839; x_wconf 91' lang='lat' dir='ltr'><strong>quoque</strong></span> <span class='ocrx_word' id='word_1_453' title='bbox 2890 2769 3078 2824; x_wconf 89' lang='lat' dir='ltr'><strong>multa</strong></span> <span class='ocrx_word' id='word_1_454' title='bbox 3107 2776 3267 2826; x_wconf 92' lang='lat' dir='ltr'><strong>sunt.</strong></span> <span class='ocrx_word' id='word_1_455' title='bbox 3302 2771 3357 2826; x_wconf 92' lang='lat' dir='ltr'><strong>Si</strong></span> <span class='ocrx_word' id='word_1_456' title='bbox 3389 2790 3562 2844; x_wconf 89' lang='lat' dir='ltr'><strong>porro</strong></span> <span class='ocrx_word' id='word_1_457' title='bbox 3618 2792 3855 2848; x_wconf 88' lang='lat' dir='ltr'><strong>compo-</strong></span> 
     </span>
    </p>
   </div>
   <div class='ocr_carea' id='block_1_56' title="bbox 441 2855 2180 2930">
    <p class='ocr_par' dir='ltr' id='par_1_56' title="bbox 441 2855 2180 2930">
     <span class='ocr_line' id='line_1_56' title="bbox 441 2855 2180 2930; baseline -0.003 -13"><span class='ocrx_word' id='word_1_458' title='bbox 441 2860 674 2918; x_wconf 88' lang='lat' dir='ltr'><strong>sitionis</strong></span> <span class='ocrx_word' id='word_1_459' title='bbox 704 2875 910 2930; x_wconf 80' lang='lat' dir='ltr'><strong>expers</strong></span> <span class='ocrx_word' id='word_1_460' title='bbox 938 2863 1028 2914; x_wconf 85' lang='lat' dir='ltr'><strong>est</strong></span> <span class='ocrx_word' id='word_1_461' title='bbox 1049 2857 1224 2923; x_wconf 84' lang='lat' dir='ltr'><strong>Deus,</strong></span> <span class='ocrx_word' id='word_1_462' title='bbox 1261 2873 1376 2912; x_wconf 91' lang='lat' dir='ltr'><strong>non</strong></span> <span class='ocrx_word' id='word_1_463' title='bbox 1407 2856 1588 2928; x_wconf 87' lang='lat' dir='ltr'><strong>igitur</strong></span> <span class='ocrx_word' id='word_1_464' title='bbox 1619 2856 1675 2910; x_wconf 93' lang='lat' dir='ltr'><strong>in</strong></span> <span class='ocrx_word' id='word_1_465' title='bbox 1708 2871 1774 2911; x_wconf 87' lang='lat' dir='ltr'><strong>eo</strong></span> <span class='ocrx_word' id='word_1_466' title='bbox 1805 2859 1944 2910; x_wconf 88' lang='lat' dir='ltr'><strong>sunt</strong></span> <span class='ocrx_word' id='word_1_467' title='bbox 1973 2855 2180 2912; x_wconf 86' lang='lat' dir='ltr'><strong>multa.</strong></span> 
     </span>
    </p>
   </div>
   <div class='ocr_carea' id='block_1_57' title="bbox 508 2939 2092 3023">
    <p class='ocr_par' dir='ltr' id='par_1_57' title="bbox 508 2939 2082 3020">
     <span class='ocr_line' id='line_1_57' title="bbox 508 2939 2082 3020; baseline -0.005 -15"><span class='ocrx_word' id='word_1_468' title='bbox 508 2951 561 3005; x_wconf 69' lang='grc'><strong>4.</strong></span> <span class='ocrx_word' id='word_1_469' title='bbox 595 2945 909 3020; x_wconf 81' lang='grc' dir='ltr'><strong>Ἀνόμοιος.</strong></span> <span class='ocrx_word' id='word_1_470' title='bbox 938 2944 1052 3002; x_wconf 85' lang='grc' dir='ltr'><strong>Οὑκ</strong></span> <span class='ocrx_word' id='word_1_471' title='bbox 1081 2939 1223 2999; x_wconf 82' lang='grc' dir='ltr'>ἔστιν</span> <span class='ocrx_word' id='word_1_472' title='bbox 1256 2943 1346 2998; x_wconf 78' lang='grc' dir='ltr'>οὖν</span> <span class='ocrx_word' id='word_1_473' title='bbox 1382 2941 1588 3005; x_wconf 76' lang='grc' dir='ltr'>ἁπλοῦς</span> <span class='ocrx_word' id='word_1_474' title='bbox 1639 2944 1668 2996; x_wconf 91' lang='lat'><strong>6</strong></span> <span class='ocrx_word' id='word_1_475' title='bbox 1719 2942 1878 3004; x_wconf 84' lang='grc' dir='ltr'>Θεός;</span> <span class='ocrx_word' id='word_1_476' title='bbox 1938 2943 2082 3016; x_wconf 82' lang='grc' dir='ltr'><strong>Ὀρθ.</strong></span> 
     </span>
    </p>
   </div>
   <div class='ocr_carea' id='block_1_58' title="bbox 2203 2939 3854 3023">
    <p class='ocr_par' dir='ltr' id='par_1_58' title="bbox 2269 2944 3854 3023">
     <span class='ocr_line' id='line_1_58' title="bbox 2269 2944 3854 3023; baseline 0.008 -26"><span class='ocrx_word' id='word_1_477' title='bbox 2269 2944 2632 2998; x_wconf 70' lang='grc' dir='ltr'><strong>4.Αηονηιεα.ς.</strong></span> <span class='ocrx_word' id='word_1_478' title='bbox 2661 2947 2868 2999; x_wconf 78' lang='lat' dir='ltr'><strong>Annon</strong></span> <span class='ocrx_word' id='word_1_479' title='bbox 2900 2949 2988 3000; x_wconf 90' lang='lat' dir='ltr'><strong>est</strong></span> <span class='ocrx_word' id='word_1_480' title='bbox 3017 2945 3197 3017; x_wconf 86' lang='lat' dir='ltr'><strong>igitur</strong></span> <span class='ocrx_word' id='word_1_481' title='bbox 3227 2947 3380 3005; x_wconf 90' lang='lat' dir='ltr'><strong>Deus</strong></span> <span class='ocrx_word' id='word_1_482' title='bbox 3415 2949 3669 3023; x_wconf 79' lang='lat' dir='ltr'><strong>simplex</strong></span> <span class='ocrx_word' id='word_1_483' title='bbox 3701 2952 3854 3009; x_wconf 84' lang='lat' dir='ltr'><strong>Orth.</strong></span> 
     </span>
    </p>
   </div>
   <div class='ocr_carea' id='block_1_59' title="bbox 444 3028 2088 3113">
    <p class='ocr_par' dir='ltr' id='par_1_59' title="bbox 444 3028 2088 3113">
     <span class='ocr_line' id='line_1_59' title="bbox 444 3028 2088 3113; baseline -0.005 -21"><span class='ocrx_word' id='word_1_484' title='bbox 444 3036 588 3113; x_wconf 86' lang='grc' dir='ltr'>Ἐγὼ</span> <span class='ocrx_word' id='word_1_485' title='bbox 620 3033 678 3090; x_wconf 70' lang='grc' dir='ltr'><strong>δὲ</strong></span> <span class='ocrx_word' id='word_1_486' title='bbox 707 3035 796 3090; x_wconf 86' lang='grc' dir='ltr'>καὶ</span> <span class='ocrx_word' id='word_1_487' title='bbox 829 3034 964 3109; x_wconf 74' lang='grc' dir='ltr'>ὑπὲρ</span> <span class='ocrx_word' id='word_1_488' title='bbox 992 3033 1056 3088; x_wconf 90' lang='grc' dir='ltr'>τὸ</span> <span class='ocrx_word' id='word_1_489' title='bbox 1088 3031 1295 3087; x_wconf 72' lang='grc' dir='ltr'>ἁπλοῦν</span> <span class='ocrx_word' id='word_1_490' title='bbox 1331 3031 1497 3106; x_wconf 87' lang='grc' dir='ltr'>λέγω.</span> <span class='ocrx_word' id='word_1_491' title='bbox 1541 3031 1642 3088; x_wconf 86' lang='grc' dir='ltr'><strong>Καὶ</strong></span> <span class='ocrx_word' id='word_1_492' title='bbox 1695 3031 1798 3108; x_wconf 79' lang='grc' dir='ltr'><strong>γὰρ</strong></span> <span class='ocrx_word' id='word_1_493' title='bbox 1857 3028 2088 3106; x_wconf 78' lang='grc' dir='ltr'>ἅγγελος</span> 
     </span>
    </p>
   </div>
   <div class='ocr_carea' id='block_1_60' title="bbox 446 3119 2091 3198">
    <p class='ocr_par' dir='ltr' id='par_1_60' title="bbox 446 3119 2091 3198">
     <span class='ocr_line' id='line_1_60' title="bbox 446 3119 2091 3198; baseline -0.006 -16"><span class='ocrx_word' id='word_1_494' title='bbox 446 3124 654 3186; x_wconf 77' lang='grc' dir='ltr'>ἁπλοῦς</span> <span class='ocrx_word' id='word_1_495' title='bbox 696 3123 832 3196; x_wconf 86' lang='grc' dir='ltr'>ἐστι,</span> <span class='ocrx_word' id='word_1_496' title='bbox 881 3122 970 3177; x_wconf 86' lang='grc' dir='ltr'>καὶ</span> <span class='ocrx_word' id='word_1_497' title='bbox 1024 3123 1202 3196; x_wconf 74' lang='grc' dir='ltr'>ψυχὴ,</span> <span class='ocrx_word' id='word_1_498' title='bbox 1250 3119 1338 3175; x_wconf 81' lang='grc' dir='ltr'>καὶ</span> <span class='ocrx_word' id='word_1_499' title='bbox 1388 3121 1451 3176; x_wconf 87' lang='grc' dir='ltr'>τὸ</span> <span class='ocrx_word' id='word_1_500' title='bbox 1495 3124 1630 3198; x_wconf 73' lang='grc' dir='ltr'><strong>φῶς·</strong></span> <span class='ocrx_word' id='word_1_501' title='bbox 1665 3120 1726 3174; x_wconf 84' lang='grc' dir='ltr'>οὑ</span> <span class='ocrx_word' id='word_1_502' title='bbox 1757 3120 1856 3196; x_wconf 82' lang='grc' dir='ltr'><strong>γὰρ</strong></span> <span class='ocrx_word' id='word_1_503' title='bbox 1889 3120 1949 3174; x_wconf 87' lang='grc' dir='ltr'>έκ</span> <span class='ocrx_word' id='word_1_504' title='bbox 2002 3140 2091 3192; x_wconf 83' lang='grc' dir='ltr'><strong>με·</strong></span> 
     </span>
    </p>
   </div>
   <div class='ocr_carea' id='block_1_61' title="bbox 443 3209 2089 3293">
    <p class='ocr_par' dir='ltr' id='par_1_61' title="bbox 443 3209 2089 3293">
     <span class='ocr_line' id='line_1_61' title="bbox 443 3209 2089 3293; baseline -0.004 -23"><span class='ocrx_word' id='word_1_505' title='bbox 443 3220 548 3293; x_wconf 80' lang='grc' dir='ltr'><strong>ρῶν</strong></span> <span class='ocrx_word' id='word_1_506' title='bbox 582 3215 616 3284; x_wconf 72' lang='grc' dir='ltr'><strong>ἢ</strong></span> <span class='ocrx_word' id='word_1_507' title='bbox 675 3212 856 3286; x_wconf 80' lang='grc' dir='ltr'>μελῶν</span> <span class='ocrx_word' id='word_1_508' title='bbox 911 3211 1205 3286; x_wconf 83' lang='grc' dir='ltr'>σύγκειται.</span> <span class='ocrx_word' id='word_1_509' title='bbox 1264 3209 1456 3282; x_wconf 86' lang='grc' dir='ltr'><strong>Ἀνόμ.</strong></span> <span class='ocrx_word' id='word_1_510' title='bbox 1513 3209 1573 3264; x_wconf 80' lang='grc' dir='ltr'><strong>Εἰ</strong></span> <span class='ocrx_word' id='word_1_511' title='bbox 1623 3209 1801 3264; x_wconf 81' lang='grc' dir='ltr'>τοίνυν</span> <span class='ocrx_word' id='word_1_512' title='bbox 1834 3209 1923 3264; x_wconf 86' lang='grc' dir='ltr'>καὶ</span> <span class='ocrx_word' id='word_1_513' title='bbox 1957 3209 2089 3284; x_wconf 69' lang='grc' dir='ltr'>ὑπὲρ</span> 
     </span>
    </p>
   </div>
   <div class='ocr_carea' id='block_1_62' title="bbox 441 3297 2089 3374">
    <p class='ocr_par' dir='ltr' id='par_1_62' title="bbox 441 3297 2089 3374">
     <span class='ocr_line' id='line_1_62' title="bbox 441 3297 2089 3374; baseline -0.005 -15"><span class='ocrx_word' id='word_1_514' title='bbox 441 3305 505 3360; x_wconf 84' lang='grc' dir='ltr'><strong>τὸ</strong></span> <span class='ocrx_word' id='word_1_515' title='bbox 532 3301 739 3358; x_wconf 82' lang='grc' dir='ltr'>ἀπλοῦν</span> <span class='ocrx_word' id='word_1_516' title='bbox 799 3300 963 3369; x_wconf 80' lang='grc' dir='ltr'>ἐστιν,</span> <span class='ocrx_word' id='word_1_517' title='bbox 1023 3299 1104 3362; x_wconf 79' lang='grc' dir='ltr'><strong>οἶς</strong></span> <span class='ocrx_word' id='word_1_518' title='bbox 1153 3303 1314 3374; x_wconf 82' lang='grc' dir='ltr'>γεννᾷ</span> <span class='ocrx_word' id='word_1_519' title='bbox 1352 3300 1440 3353; x_wconf 79' lang='grc' dir='ltr'>καὶ</span> <span class='ocrx_word' id='word_1_520' title='bbox 1470 3299 1674 3368; x_wconf 76' lang='grc' dir='ltr'>κτίζει,</span> <span class='ocrx_word' id='word_1_521' title='bbox 1708 3300 1856 3374; x_wconf 84' lang='grc' dir='ltr'><strong>Ὀρθ.</strong></span> <span class='ocrx_word' id='word_1_522' title='bbox 1913 3297 2089 3356; x_wconf 76' lang='grc' dir='ltr'>Πάλιν</span> 
     </span>
    </p>
   </div>
   <div class='ocr_carea' id='block_1_63' title="bbox 451 3385 2091 3468">
    <p class='ocr_par' dir='ltr' id='par_1_63' title="bbox 451 3385 2091 3468">
     <span class='ocr_line' id='line_1_63' title="bbox 451 3385 2091 3468; baseline -0.004 -21"><span class='ocrx_word' id='word_1_523' title='bbox 451 3391 592 3468; x_wconf 92' lang='grc' dir='ltr'>λέγω</span> <span class='ocrx_word' id='word_1_524' title='bbox 624 3392 700 3465; x_wconf 77' lang='grc' dir='ltr'><strong>μὴ</strong></span> <span class='ocrx_word' id='word_1_525' title='bbox 733 3390 880 3467; x_wconf 89' lang='grc' dir='ltr'>λέγε,</span> <span class='ocrx_word' id='word_1_526' title='bbox 913 3389 993 3452; x_wconf 69' lang='grc' dir='ltr'><strong>οἷς</strong></span> <span class='ocrx_word' id='word_1_527' title='bbox 1043 3394 1202 3464; x_wconf 75' lang='grc' dir='ltr'>γεννᾷ</span> <span class='ocrx_word' id='word_1_528' title='bbox 1247 3388 1336 3443; x_wconf 83' lang='grc' dir='ltr'>καὶ</span> <span class='ocrx_word' id='word_1_529' title='bbox 1367 3387 1555 3457; x_wconf 80' lang='grc' dir='ltr'>κτίζει·</span> <span class='ocrx_word' id='word_1_530' title='bbox 1613 3389 1676 3443; x_wconf 88' lang='grc' dir='ltr'>τὸ</span> <span class='ocrx_word' id='word_1_531' title='bbox 1715 3387 1814 3464; x_wconf 77' lang='grc' dir='ltr'><strong>γὰρ</strong></span> <span class='ocrx_word' id='word_1_532' title='bbox 1882 3385 2091 3442; x_wconf 75' lang='grc' dir='ltr'>ἁπλοῦν</span> 
     </span>
    </p>
   </div>
   <div class='ocr_carea' id='block_1_64' title="bbox 448 3473 2092 3553">
    <p class='ocr_par' dir='ltr' id='par_1_64' title="bbox 448 3473 2092 3553">
     <span class='ocr_line' id='line_1_64' title="bbox 448 3473 2092 3553; baseline -0.002 -19"><span class='ocrx_word' id='word_1_533' title='bbox 448 3481 529 3541; x_wconf 81' lang='grc' dir='ltr'><strong>οἷς</strong></span> <span class='ocrx_word' id='word_1_534' title='bbox 557 3479 642 3533; x_wconf 82' lang='grc' dir='ltr'>καὶ</span> <span class='ocrx_word' id='word_1_535' title='bbox 675 3478 756 3541; x_wconf 80' lang='grc' dir='ltr'><strong>οἷς</strong></span> <span class='ocrx_word' id='word_1_536' title='bbox 790 3479 890 3534; x_wconf 80' lang='grc' dir='ltr'>οὑκ</span> <span class='ocrx_word' id='word_1_537' title='bbox 919 3473 1057 3553; x_wconf 80' lang='grc' dir='ltr'>ἔχει·</span> <span class='ocrx_word' id='word_1_538' title='bbox 1091 3475 1290 3548; x_wconf 87' lang='grc' dir='ltr'>πολλῷ</span> <span class='ocrx_word' id='word_1_539' title='bbox 1322 3473 1378 3530; x_wconf 72' lang='grc' dir='ltr'><strong>δὶ</strong></span> <span class='ocrx_word' id='word_1_540' title='bbox 1407 3475 1583 3531; x_wconf 80' lang='grc' dir='ltr'>πλείω</span> <span class='ocrx_word' id='word_1_541' title='bbox 1611 3476 1674 3531; x_wconf 88' lang='grc' dir='ltr'><strong>τὸ</strong></span> <span class='ocrx_word' id='word_1_542' title='bbox 1709 3476 1838 3550; x_wconf 75' lang='grc' dir='ltr'>ὑπὲρ</span> <span class='ocrx_word' id='word_1_543' title='bbox 1886 3474 2092 3532; x_wconf 80' lang='grc' dir='ltr'>ἁπλοῦν</span> 
     </span>
    </p>
   </div>
   <div class='ocr_carea' id='block_1_65' title="bbox 448 3560 2096 3641">
    <p class='ocr_par' dir='ltr' id='par_1_65' title="bbox 448 3560 2096 3641">
     <span class='ocr_line' id='line_1_65' title="bbox 448 3560 2096 3641; baseline -0.004 -17"><span class='ocrx_word' id='word_1_544' title='bbox 448 3571 530 3632; x_wconf 85' lang='grc' dir='ltr'><strong>οἷς</strong></span> <span class='ocrx_word' id='word_1_545' title='bbox 586 3569 676 3623; x_wconf 81' lang='grc' dir='ltr'>καὶ</span> <span class='ocrx_word' id='word_1_546' title='bbox 736 3567 817 3629; x_wconf 82' lang='grc' dir='ltr'><strong>οἶς</strong></span> <span class='ocrx_word' id='word_1_547' title='bbox 877 3566 978 3622; x_wconf 84' lang='grc' dir='ltr'>οὐκ</span> <span class='ocrx_word' id='word_1_548' title='bbox 1025 3561 1164 3641; x_wconf 78' lang='grc' dir='ltr'>ἔχει.</span> <span class='ocrx_word' id='word_1_549' title='bbox 1217 3560 1405 3638; x_wconf 79' lang='grc' dir='ltr'><strong>’Δνὸμ.</strong></span> <span class='ocrx_word' id='word_1_550' title='bbox 1457 3564 1728 3627; x_wconf 82' lang='grc' dir='ltr'>Ὡσαύτως</span> <span class='ocrx_word' id='word_1_551' title='bbox 1759 3564 1849 3619; x_wconf 85' lang='grc' dir='ltr'>οὗν</span> <span class='ocrx_word' id='word_1_552' title='bbox 1881 3569 2038 3641; x_wconf 81' lang='grc' dir='ltr'>γεννᾷ</span> <span class='ocrx_word' id='word_1_553' title='bbox 2068 3565 2096 3618; x_wconf 87' lang='lat'><strong>6</strong></span> 
     </span>
    </p>
   </div>
   <div class='ocr_carea' id='block_1_66' title="bbox 449 3651 2096 3730">
    <p class='ocr_par' dir='ltr' id='par_1_66' title="bbox 449 3651 2096 3730">
     <span class='ocr_line' id='line_1_66' title="bbox 449 3651 2096 3730; baseline -0.004 -16"><span class='ocrx_word' id='word_1_554' title='bbox 449 3658 601 3730; x_wconf 84' lang='grc' dir='ltr'>Θεὸς,</span> <span class='ocrx_word' id='word_1_555' title='bbox 632 3657 722 3712; x_wconf 84' lang='grc' dir='ltr'>καὶ</span> <span class='ocrx_word' id='word_1_556' title='bbox 754 3657 1012 3717; x_wconf 76' lang='grc' dir='ltr'><strong>ὡσαύτως</strong></span> <span class='ocrx_word' id='word_1_557' title='bbox 1042 3655 1208 3724; x_wconf 84' lang='grc' dir='ltr'>κτίζει</span> <span class='ocrx_word' id='word_1_558' title='bbox 1236 3674 1248 3712; x_wconf 91' lang='lat'>:</span> <span class='ocrx_word' id='word_1_559' title='bbox 1279 3655 1430 3730; x_wconf 77' lang='grc' dir='ltr'><strong>Ὀρθ.</strong></span> <span class='ocrx_word' id='word_1_560' title='bbox 1483 3651 1582 3712; x_wconf 73' lang='grc' dir='ltr'><strong>Οὔ.</strong></span> <span class='ocrx_word' id='word_1_561' title='bbox 1640 3654 1835 3726; x_wconf 82' lang='grc' dir='ltr'>Ἀνόμ.</span> <span class='ocrx_word' id='word_1_562' title='bbox 1887 3653 2096 3711; x_wconf 76' lang='grc' dir='ltr'>Οὐκοῦν</span> 
     </span>
    </p>
   </div>
   <div class='ocr_carea' id='block_1_67' title="bbox 451 3742 2101 3820">
    <p class='ocr_par' dir='ltr' id='par_1_67' title="bbox 451 3742 2101 3820">
     <span class='ocr_line' id='line_1_67' title="bbox 451 3742 2101 3820; baseline -0.004 -18"><span class='ocrx_word' id='word_1_563' title='bbox 451 3746 741 3808; x_wconf 75' lang='grc' dir='ltr'>σύνθετοςζ</span> <span class='ocrx_word' id='word_1_564' title='bbox 778 3747 929 3820; x_wconf 71' lang='grc' dir='ltr'><strong>Ὀρθ.</strong></span> <span class='ocrx_word' id='word_1_565' title='bbox 959 3746 1051 3813; x_wconf 80' lang='grc' dir='ltr'><strong>Μὴ</strong></span> <span class='ocrx_word' id='word_1_566' title='bbox 1078 3746 1326 3820; x_wconf 74' lang='grc' dir='ltr'>γένοιτοῐ</span> <span class='ocrx_word' id='word_1_567' title='bbox 1362 3742 1557 3816; x_wconf 82' lang='grc' dir='ltr'><strong>⁷Δνὸμ.</strong></span> <span class='ocrx_word' id='word_1_568' title='bbox 1594 3743 1656 3800; x_wconf 82' lang='lat' dir='ltr'><strong>Ei.</strong></span> <span class='ocrx_word' id='word_1_569' title='bbox 1700 3743 1895 3805; x_wconf 72' lang='grc' dir='ltr'>ἄλλοις</span> <span class='ocrx_word' id='word_1_570' title='bbox 1943 3747 2101 3818; x_wconf 85' lang='grc' dir='ltr'>γεννᾷ</span> 
     </span>
    </p>
   </div>
   <div class='ocr_carea' id='block_1_68' title="bbox 449 3831 2100 3906">
    <p class='ocr_par' dir='ltr' id='par_1_68' title="bbox 449 3831 2100 3906">
     <span class='ocr_line' id='line_1_68' title="bbox 449 3831 2100 3906; baseline -0.004 -15"><span class='ocrx_word' id='word_1_571' title='bbox 449 3835 543 3891; x_wconf 86' lang='grc' dir='ltr'>καὶ</span> <span class='ocrx_word' id='word_1_572' title='bbox 576 3833 771 3897; x_wconf 78' lang='grc' dir='ltr'>ἄλλοις</span> <span class='ocrx_word' id='word_1_573' title='bbox 827 3833 1020 3903; x_wconf 80' lang='grc' dir='ltr'>κτίζει,</span> <span class='ocrx_word' id='word_1_574' title='bbox 1079 3832 1328 3897; x_wconf 86' lang='grc' dir='ltr'>σύνθετός</span> <span class='ocrx_word' id='word_1_575' title='bbox 1387 3832 1562 3888; x_wconf 75' lang='grc' dir='ltr'>έστινε</span> <span class='ocrx_word' id='word_1_576' title='bbox 1625 3833 1773 3906; x_wconf 85' lang='grc' dir='ltr'><strong>Ὀρθ.</strong></span> <span class='ocrx_word' id='word_1_577' title='bbox 1810 3832 1886 3889; x_wconf 76' lang='grc' dir='ltr'><strong>Οὐ</strong></span> <span class='ocrx_word' id='word_1_578' title='bbox 1929 3831 2100 3906; x_wconf 88' lang='grc' dir='ltr'>λέγω,</span> 
     </span>
    </p>
   </div>
   <div class='ocr_carea' id='block_1_69' title="bbox 451 3919 2101 3998">
    <p class='ocr_par' dir='ltr' id='par_1_69' title="bbox 451 3919 2101 3998">
     <span class='ocr_line' id='line_1_69' title="bbox 451 3919 2101 3998; baseline -0.004 -18"><span class='ocrx_word' id='word_1_579' title='bbox 451 3923 647 3987; x_wconf 73' lang='grc' dir='ltr'>ἄλλοις</span> <span class='ocrx_word' id='word_1_580' title='bbox 676 3928 853 3998; x_wconf 75' lang='grc' dir='ltr'>γεννᾷ,</span> <span class='ocrx_word' id='word_1_581' title='bbox 886 3922 976 3977; x_wconf 85' lang='grc' dir='ltr'>καὶ</span> <span class='ocrx_word' id='word_1_582' title='bbox 1009 3919 1204 3984; x_wconf 79' lang='grc' dir='ltr'>ἅλλοις</span> <span class='ocrx_word' id='word_1_583' title='bbox 1235 3919 1425 3994; x_wconf 81' lang='grc' dir='ltr'>κτίζει,</span> <span class='ocrx_word' id='word_1_584' title='bbox 1487 3919 1630 3976; x_wconf 79' lang='grc' dir='ltr'>ἀλλὰ</span> <span class='ocrx_word' id='word_1_585' title='bbox 1686 3919 1872 3982; x_wconf 77' lang='grc' dir='ltr'>ἄλλως</span> <span class='ocrx_word' id='word_1_586' title='bbox 1925 3924 2101 3996; x_wconf 81' lang='grc' dir='ltr'>γεννᾷ,</span> 
     </span>
    </p>
   </div>
   <div class='ocr_carea' id='block_1_70' title="bbox 452 4007 2103 4086">
    <p class='ocr_par' dir='ltr' id='par_1_70' title="bbox 452 4007 2103 4086">
     <span class='ocr_line' id='line_1_70' title="bbox 452 4007 2103 4086; baseline -0.004 -17"><span class='ocrx_word' id='word_1_587' title='bbox 452 4013 542 4070; x_wconf 84' lang='grc' dir='ltr'>καὶ</span> <span class='ocrx_word' id='word_1_588' title='bbox 574 4010 761 4074; x_wconf 74' lang='grc' dir='ltr'>ἄλλως</span> <span class='ocrx_word' id='word_1_589' title='bbox 815 4010 1007 4082; x_wconf 82' lang='grc' dir='ltr'>κτίζει.</span> <span class='ocrx_word' id='word_1_590' title='bbox 1060 4010 1250 4083; x_wconf 80' lang='grc' dir='ltr'><strong>’Δνόμ.</strong></span> <span class='ocrx_word' id='word_1_591' title='bbox 1316 4015 1437 4072; x_wconf 85' lang='grc' dir='ltr'><strong>Πῶς</strong></span> <span class='ocrx_word' id='word_1_592' title='bbox 1487 4014 1664 4086; x_wconf 84' lang='grc' dir='ltr'>γεννᾷ,</span> <span class='ocrx_word' id='word_1_593' title='bbox 1715 4009 1954 4070; x_wconf 78' lang='grc' dir='ltr'>καὶπῶς</span> <span class='ocrx_word' id='word_1_594' title='bbox 1984 4007 2103 4063; x_wconf 86' lang='grc' dir='ltr'>κτί-</span> 
     </span>
    </p>
   </div>
   <div class='ocr_carea' id='block_1_71' title="bbox 459 4096 2105 4178">
    <p class='ocr_par' dir='ltr' id='par_1_71' title="bbox 459 4096 2105 4178">
     <span class='ocr_line' id='line_1_71' title="bbox 459 4096 2105 4178; baseline -0.003 -21"><span class='ocrx_word' id='word_1_595' title='bbox 459 4103 759 4178; x_wconf 72' lang='grc' dir='ltr'>ζειεὊρθ.</span> <span class='ocrx_word' id='word_1_596' title='bbox 813 4101 1126 4156; x_wconf 78' lang='grc' dir='ltr'>Ύποστάσει</span> <span class='ocrx_word' id='word_1_597' title='bbox 1179 4104 1358 4175; x_wconf 76' lang='grc' dir='ltr'>γεννᾷ,</span> <span class='ocrx_word' id='word_1_598' title='bbox 1417 4099 1506 4154; x_wconf 80' lang='grc' dir='ltr'>καὶ</span> <span class='ocrx_word' id='word_1_599' title='bbox 1565 4096 1760 4172; x_wconf 70' lang='grc' dir='ltr'>ἐντολῇ</span> <span class='ocrx_word' id='word_1_600' title='bbox 1820 4098 2008 4167; x_wconf 87' lang='grc' dir='ltr'>κτίζει.</span> <span class='ocrx_word' id='word_1_601' title='bbox 2042 4098 2105 4152; x_wconf 83' lang='grc' dir='ltr'><strong>Ἠ</strong></span> 
     </span>
    </p>
   </div>
   <div class='ocr_carea' id='block_1_72' title="bbox 454 4184 2107 4268">
    <p class='ocr_par' dir='ltr' id='par_1_72' title="bbox 454 4184 2107 4268">
     <span class='ocr_line' id='line_1_72' title="bbox 454 4184 2107 4268; baseline -0.004 -22"><span class='ocrx_word' id='word_1_602' title='bbox 454 4193 553 4268; x_wconf 73' lang='grc' dir='ltr'>γὰρ</span> <span class='ocrx_word' id='word_1_603' title='bbox 601 4189 819 4261; x_wconf 72' lang='grc' dir='ltr'><strong>ἐντολὴ,</strong></span> <span class='ocrx_word' id='word_1_604' title='bbox 876 4187 1177 4266; x_wconf 81' lang='grc' dir='ltr'><strong>σύνδρομον</strong></span> <span class='ocrx_word' id='word_1_605' title='bbox 1238 4185 1442 4264; x_wconf 77' lang='grc' dir='ltr'>ἔχουσα</span> <span class='ocrx_word' id='word_1_606' title='bbox 1497 4189 1596 4257; x_wconf 77' lang='grc' dir='ltr'><strong>τὴν</strong></span> <span class='ocrx_word' id='word_1_607' title='bbox 1656 4184 1904 4261; x_wconf 81' lang='grc' dir='ltr'>δύναμιν,</span> <span class='ocrx_word' id='word_1_608' title='bbox 1972 4206 2107 4262; x_wconf 86' lang='grc' dir='ltr'><strong>παρ-</strong></span> 
     </span>
    </p>
   </div>
   <div class='ocr_carea' id='block_1_73' title="bbox 461 4273 2107 4356">
    <p class='ocr_par' dir='ltr' id='par_1_73' title="bbox 461 4273 2107 4356">
     <span class='ocr_line' id='line_1_73' title="bbox 461 4273 2107 4356; baseline -0.004 -21"><span class='ocrx_word' id='word_1_609' title='bbox 461 4281 668 4352; x_wconf 85' lang='grc' dir='ltr'>ίστησιν</span> <span class='ocrx_word' id='word_1_610' title='bbox 697 4279 726 4335; x_wconf 78' lang='grc' dir='ltr'>ὅ</span> <span class='ocrx_word' id='word_1_611' title='bbox 778 4278 1037 4356; x_wconf 87' lang='grc' dir='ltr'>βούλεται</span> <span class='ocrx_word' id='word_1_612' title='bbox 1070 4280 1097 4333; x_wconf 90' lang='grc' dir='ltr'>ὁ</span> <span class='ocrx_word' id='word_1_613' title='bbox 1129 4275 1530 4350; x_wconf 80' lang='grc' dir='ltr'><strong>έντειλάμενος’</strong></span> <span class='ocrx_word' id='word_1_614' title='bbox 1566 4277 1854 4332; x_wconf 81' lang='grc' dir='ltr'>ὑποστάσει</span> <span class='ocrx_word' id='word_1_615' title='bbox 1886 4273 1943 4331; x_wconf 78' lang='grc' dir='ltr'><strong>δὲ</strong></span> <span class='ocrx_word' id='word_1_616' title='bbox 1997 4296 2107 4351; x_wconf 85' lang='grc' dir='ltr'>γεν-</span> 
     </span>
    </p>
   </div>
   <div class='ocr_carea' id='block_1_74' title="bbox 457 4363 2109 4444">
    <p class='ocr_par' dir='ltr' id='par_1_74' title="bbox 457 4363 2109 4444">
     <span class='ocr_line' id='line_1_74' title="bbox 457 4363 2109 4444; baseline -0.003 -20"><span class='ocrx_word' id='word_1_617' title='bbox 457 4374 587 4439; x_wconf 82' lang='grc' dir='ltr'>νῶν,</span> <span class='ocrx_word' id='word_1_618' title='bbox 621 4370 721 4424; x_wconf 86' lang='grc' dir='ltr'>οὑκ</span> <span class='ocrx_word' id='word_1_619' title='bbox 749 4367 1001 4444; x_wconf 77' lang='grc' dir='ltr'>ἀνέχεται</span> <span class='ocrx_word' id='word_1_620' title='bbox 1061 4366 1310 4436; x_wconf 70' lang='grc' dir='ltr'>ἐντολὴν,</span> <span class='ocrx_word' id='word_1_621' title='bbox 1361 4365 1452 4420; x_wconf 72' lang='grc' dir='ltr'><strong>’ἕνα</strong></span> <span class='ocrx_word' id='word_1_622' title='bbox 1487 4363 1654 4440; x_wconf 76' lang='grc' dir='ltr'><strong>μηδὲν</strong></span> <span class='ocrx_word' id='word_1_623' title='bbox 1716 4366 1876 4438; x_wconf 85' lang='grc' dir='ltr'>μέσον</span> <span class='ocrx_word' id='word_1_624' title='bbox 2011 4368 2109 4419; x_wconf 81' lang='grc' dir='ltr'><strong>τοῦ</strong></span> 
     </span>
    </p>
   </div>
   <div class='ocr_carea' id='block_1_75' title="bbox 457 4453 2107 4535">
    <p class='ocr_par' dir='ltr' id='par_1_75' title="bbox 457 4453 2107 4535">
     <span class='ocr_line' id='line_1_75' title="bbox 457 4453 2107 4535; baseline -0.004 -20"><span class='ocrx_word' id='word_1_625' title='bbox 457 4464 750 4535; x_wconf 80' lang='grc' dir='ltr'>γεννῶντος</span> <span class='ocrx_word' id='word_1_626' title='bbox 785 4457 998 4531; x_wconf 84' lang='grc' dir='ltr'><strong>Πατρὸς</strong></span> <span class='ocrx_word' id='word_1_627' title='bbox 1027 4456 1118 4511; x_wconf 82' lang='grc' dir='ltr'>καὶ</span> <span class='ocrx_word' id='word_1_628' title='bbox 1167 4460 1265 4510; x_wconf 78' lang='grc' dir='ltr'><strong>τοῦ</strong></span> <span class='ocrx_word' id='word_1_629' title='bbox 1308 4453 1645 4532; x_wconf 80' lang='grc' dir='ltr'>γεννωμένου</span> <span class='ocrx_word' id='word_1_630' title='bbox 1704 4455 1852 4512; x_wconf 65' lang='grc' dir='ltr'>Ποῦ.</span> <span class='ocrx_word' id='word_1_631' title='bbox 1914 4453 2107 4525; x_wconf 82' lang='grc' dir='ltr'><strong>’Δνόμ.</strong></span> 
     </span>
    </p>
   </div>
   <div class='ocr_carea' id='block_1_76' title="bbox 459 4543 2113 4622">
    <p class='ocr_par' dir='ltr' id='par_1_76' title="bbox 459 4543 2113 4622">
     <span class='ocr_line' id='line_1_76' title="bbox 459 4543 2113 4622; baseline -0.006 -16"><span class='ocrx_word' id='word_1_632' title='bbox 459 4549 551 4617; x_wconf 75' lang='grc' dir='ltr'><strong>Μὴ</strong></span> <span class='ocrx_word' id='word_1_633' title='bbox 586 4547 760 4604; x_wconf 82' lang='grc' dir='ltr'>θέλων</span> <span class='ocrx_word' id='word_1_634' title='bbox 803 4545 893 4602; x_wconf 80' lang='grc' dir='ltr'>οὖν</span> <span class='ocrx_word' id='word_1_635' title='bbox 953 4545 1268 4622; x_wconf 76' lang='grc' dir='ltr'>ἐγέννησενε</span> <span class='ocrx_word' id='word_1_636' title='bbox 1324 4547 1468 4622; x_wconf 82' lang='grc' dir='ltr'><strong>Ὀρθ,</strong></span> <span class='ocrx_word' id='word_1_637' title='bbox 1518 4545 1574 4598; x_wconf 88' lang='grc' dir='ltr'>Ὁ</span> <span class='ocrx_word' id='word_1_638' title='bbox 1630 4543 1906 4619; x_wconf 76' lang='grc' dir='ltr'>γεννηθεὶς</span> <span class='ocrx_word' id='word_1_639' title='bbox 1967 4547 2113 4615; x_wconf 82' lang='grc' dir='ltr'>ζῷσα</span> 
     </span>
    </p>
   </div>
   <div class='ocr_carea' id='block_1_77' title="bbox 454 4627 2115 4712">
    <p class='ocr_par' dir='ltr' id='par_1_77' title="bbox 454 4627 2115 4712">
     <span class='ocr_line' id='line_1_77' title="bbox 454 4627 2115 4712; baseline -0.004 -20"><span class='ocrx_word' id='word_1_640' title='bbox 454 4642 552 4692; x_wconf 81' lang='grc' dir='ltr'><strong>τοῦ</strong></span> <span class='ocrx_word' id='word_1_641' title='bbox 583 4635 942 4712; x_wconf 77' lang='grc' dir='ltr'>γεννήσαντάς</span> <span class='ocrx_word' id='word_1_642' title='bbox 973 4634 1113 4689; x_wconf 82' lang='grc' dir='ltr'>ἐστιν</span> <span class='ocrx_word' id='word_1_643' title='bbox 1147 4633 1329 4707; x_wconf 73' lang='grc' dir='ltr'>εἳκὼν,</span> <span class='ocrx_word' id='word_1_644' title='bbox 1361 4633 1452 4687; x_wconf 79' lang='grc' dir='ltr'>καὶ</span> <span class='ocrx_word' id='word_1_645' title='bbox 1512 4627 1819 4709; x_wconf 80' lang='grc' dir='ltr'>ὑπερϐαίνει</span> <span class='ocrx_word' id='word_1_646' title='bbox 1874 4633 1973 4699; x_wconf 75' lang='grc' dir='ltr'><strong>τὴν</strong></span> <span class='ocrx_word' id='word_1_647' title='bbox 2037 4631 2115 4695; x_wconf 84' lang='grc' dir='ltr'><strong>θέ·</strong></span> 
     </span>
    </p>
   </div>
   <div class='ocr_carea' id='block_1_78' title="bbox 461 4718 2110 4797">
    <p class='ocr_par' dir='ltr' id='par_1_78' title="bbox 461 4718 2110 4797">
     <span class='ocr_line' id='line_1_78' title="bbox 461 4718 2110 4797; baseline -0.005 -16"><span class='ocrx_word' id='word_1_648' title='bbox 461 4724 620 4796; x_wconf 87' lang='grc' dir='ltr'>λησιν</span> <span class='ocrx_word' id='word_1_649' title='bbox 652 4727 687 4796; x_wconf 83' lang='grc' dir='ltr'><strong>ἡ</strong></span> <span class='ocrx_word' id='word_1_650' title='bbox 722 4725 880 4779; x_wconf 69' lang='grc' dir='ltr'>εἰκὼν</span> <span class='ocrx_word' id='word_1_651' title='bbox 909 4729 1009 4792; x_wconf 81' lang='grc' dir='ltr'><strong>τῆς</strong></span> <span class='ocrx_word' id='word_1_652' title='bbox 1044 4723 1412 4784; x_wconf 81' lang='grc' dir='ltr'>ὑποστάσεως.</span> <span class='ocrx_word' id='word_1_653' title='bbox 1452 4725 1681 4797; x_wconf 80' lang='grc' dir='ltr'>Πρῶτον</span> <span class='ocrx_word' id='word_1_654' title='bbox 1708 4721 1808 4797; x_wconf 80' lang='grc' dir='ltr'><strong>γὰρ</strong></span> <span class='ocrx_word' id='word_1_655' title='bbox 1859 4718 1941 4774; x_wconf 81' lang='grc' dir='ltr'>δεῖ</span> <span class='ocrx_word' id='word_1_656' title='bbox 1969 4725 2110 4774; x_wconf 83' lang='grc' dir='ltr'>νοεῖν</span> 
     </span>
    </p>
   </div>
   <div class='ocr_carea' id='block_1_79' title="bbox 460 4808 2112 4885">
    <p class='ocr_par' dir='ltr' id='par_1_79' title="bbox 460 4808 2112 4885">
     <span class='ocr_line' id='line_1_79' title="bbox 460 4808 2112 4885; baseline -0.004 -16"><span class='ocrx_word' id='word_1_657' title='bbox 460 4816 558 4885; x_wconf 77' lang='grc' dir='ltr'><strong>τὴν</strong></span> <span class='ocrx_word' id='word_1_658' title='bbox 593 4814 775 4869; x_wconf 69' lang='grc' dir='ltr'>εἰκόνα</span> <span class='ocrx_word' id='word_1_659' title='bbox 802 4815 902 4882; x_wconf 75' lang='grc' dir='ltr'><strong>τῆς</strong></span> <span class='ocrx_word' id='word_1_660' title='bbox 933 4811 1301 4878; x_wconf 77' lang='grc' dir='ltr'>ὑποστάσεως,</span> <span class='ocrx_word' id='word_1_661' title='bbox 1336 4809 1425 4876; x_wconf 82' lang='grc' dir='ltr'>καὶ</span> <span class='ocrx_word' id='word_1_662' title='bbox 1456 4810 1579 4864; x_wconf 73' lang='grc' dir='ltr'>τότε</span> <span class='ocrx_word' id='word_1_663' title='bbox 1619 4811 1681 4864; x_wconf 92' lang='lat'><strong>16</strong></span> <span class='ocrx_word' id='word_1_664' title='bbox 1713 4808 1912 4877; x_wconf 85' lang='grc' dir='ltr'>θέλειν,</span> <span class='ocrx_word' id='word_1_665' title='bbox 1943 4811 1976 4878; x_wconf 86' lang='grc' dir='ltr'>ἣ</span> <span class='ocrx_word' id='word_1_666' title='bbox 2036 4811 2112 4882; x_wconf 82' lang='grc' dir='ltr'><strong>μὴ</strong></span> 
     </span>
    </p>
   </div>
   <div class='ocr_carea' id='block_1_80' title="bbox 464 4897 2112 4979">
    <p class='ocr_par' dir='ltr' id='par_1_80' title="bbox 464 4897 2112 4979">
     <span class='ocr_line' id='line_1_80' title="bbox 464 4897 2112 4979; baseline -0.004 -21"><span class='ocrx_word' id='word_1_667' title='bbox 464 4903 657 4979; x_wconf 75' lang='grc' dir='ltr'>θέλειν.</span> <span class='ocrx_word' id='word_1_668' title='bbox 689 4908 798 4973; x_wconf 80' lang='grc' dir='ltr'><strong>Τῆς</strong></span> <span class='ocrx_word' id='word_1_669' title='bbox 830 4900 888 4958; x_wconf 73' lang='grc' dir='ltr'><strong>δὲ</strong></span> <span class='ocrx_word' id='word_1_670' title='bbox 946 4901 1290 4962; x_wconf 76' lang='grc' dir='ltr'>ὑποστάσεως</span> <span class='ocrx_word' id='word_1_671' title='bbox 1347 4899 1456 4954; x_wconf 79' lang='grc' dir='ltr'>ἐστι</span> <span class='ocrx_word' id='word_1_672' title='bbox 1512 4897 1754 4974; x_wconf 86' lang='grc' dir='ltr'>γέννημα</span> <span class='ocrx_word' id='word_1_673' title='bbox 1803 4898 1894 4952; x_wconf 82' lang='grc' dir='ltr'>καὶ</span> <span class='ocrx_word' id='word_1_674' title='bbox 1953 4899 2112 4952; x_wconf 80' lang='grc' dir='ltr'>εἰκὼν</span> 
     </span>
    </p>
   </div>
   <div class='ocr_carea' id='block_1_81' title="bbox 464 4981 2112 5070">
    <p class='ocr_par' dir='ltr' id='par_1_81' title="bbox 464 4981 2112 5070">
     <span class='ocr_line' id='line_1_81' title="bbox 464 4981 2112 5070; baseline -0.004 -22"><span class='ocrx_word' id='word_1_675' title='bbox 464 4990 884 5070; x_wconf 78' lang='grc' dir='ltr'><strong>ἀπαράλλακτος</strong></span> <span class='ocrx_word' id='word_1_676' title='bbox 945 4992 972 5045; x_wconf 91' lang='lat'><strong>6</strong></span> <span class='ocrx_word' id='word_1_677' title='bbox 1023 4990 1164 5052; x_wconf 57' lang='grc' dir='ltr'><strong>Υἱός</strong></span> <span class='ocrx_word' id='word_1_678' title='bbox 1223 4989 1330 5064; x_wconf 87' lang='grc' dir='ltr'><strong>πρὸ</strong></span> <span class='ocrx_word' id='word_1_679' title='bbox 1387 4992 1484 5042; x_wconf 78' lang='grc' dir='ltr'>τοῦ</span> <span class='ocrx_word' id='word_1_680' title='bbox 1516 4986 1830 5060; x_wconf 72' lang='grc' dir='ltr'>θελήματος</span> <span class='ocrx_word' id='word_1_681' title='bbox 1857 4981 1969 5042; x_wconf 74' lang='grc' dir='ltr'>νὸει</span> <span class='ocrx_word' id='word_1_682' title='bbox 2014 4989 2112 5056; x_wconf 76' lang='grc' dir='ltr'><strong>τὴν</strong></span> 
     </span>
    </p>
   </div>
   <div class='ocr_carea' id='block_1_82' title="bbox 461 5070 2117 5153">
    <p class='ocr_par' dir='ltr' id='par_1_82' title="bbox 461 5070 2117 5153">
     <span class='ocr_line' id='line_1_82' title="bbox 461 5070 2117 5153; baseline -0.004 -16"><span class='ocrx_word' id='word_1_683' title='bbox 461 5089 560 5153; x_wconf 82' lang='grc' dir='ltr'><strong>τῆς</strong></span> <span class='ocrx_word' id='word_1_684' title='bbox 589 5083 932 5143; x_wconf 78' lang='grc' dir='ltr'>ὑποστάσεως</span> <span class='ocrx_word' id='word_1_685' title='bbox 975 5074 1173 5135; x_wconf 84' lang='grc' dir='ltr'>είκὸνα.</span> <span class='ocrx_word' id='word_1_686' title='bbox 1209 5074 1398 5151; x_wconf 77' lang='grc' dir='ltr'><strong>Ἀνὸμ.</strong></span> <span class='ocrx_word' id='word_1_687' title='bbox 1443 5076 1503 5131; x_wconf 91' lang='grc' dir='ltr'>Τί</span> <span class='ocrx_word' id='word_1_688' title='bbox 1553 5075 1731 5132; x_wconf 76' lang='grc' dir='ltr'>ἐστινε</span> <span class='ocrx_word' id='word_1_689' title='bbox 1782 5070 2117 5150; x_wconf 75' lang='grc' dir='ltr'>Ὑπερϐαίνει</span> 
     </span>
    </p>
   </div>
   <div class='ocr_carea' id='block_1_83' title="bbox 459 5164 2114 5243">
    <p class='ocr_par' dir='ltr' id='par_1_83' title="bbox 459 5164 2114 5243">
     <span class='ocr_line' id='line_1_83' title="bbox 459 5164 2114 5243; baseline -0.004 -16"><span class='ocrx_word' id='word_1_690' title='bbox 459 5173 558 5242; x_wconf 80' lang='grc' dir='ltr'>τήν</span> <span class='ocrx_word' id='word_1_691' title='bbox 592 5170 811 5243; x_wconf 82' lang='grc' dir='ltr'>θέλησιν</span> <span class='ocrx_word' id='word_1_692' title='bbox 843 5172 879 5241; x_wconf 74' lang='grc' dir='ltr'><strong>ἡ</strong></span> <span class='ocrx_word' id='word_1_693' title='bbox 912 5169 1069 5224; x_wconf 84' lang='grc' dir='ltr'>εἰκών</span> <span class='ocrx_word' id='word_1_694' title='bbox 1097 5188 1109 5225; x_wconf 84' lang='lat'>:</span> <span class='ocrx_word' id='word_1_695' title='bbox 1145 5169 1294 5243; x_wconf 84' lang='grc' dir='ltr'><strong>Ὀρθ.</strong></span> <span class='ocrx_word' id='word_1_696' title='bbox 1328 5169 1451 5224; x_wconf 84' lang='grc' dir='ltr'><strong>’Ότι</strong></span> <span class='ocrx_word' id='word_1_697' title='bbox 1484 5167 1582 5236; x_wconf 74' lang='grc' dir='ltr'><strong>τὴν</strong></span> <span class='ocrx_word' id='word_1_698' title='bbox 1634 5164 1841 5235; x_wconf 86' lang='grc' dir='ltr'>οὑσίαν,</span> <span class='ocrx_word' id='word_1_699' title='bbox 1875 5165 1964 5220; x_wconf 86' lang='grc' dir='ltr'>καὶ</span> <span class='ocrx_word' id='word_1_700' title='bbox 1996 5165 2114 5220; x_wconf 78' lang='grc' dir='ltr'>ἄνευ</span> 
     </span>
    </p>
   </div>
   <div class='ocr_carea' id='block_1_84' title="bbox 461 5250 2114 5332">
    <p class='ocr_par' dir='ltr' id='par_1_84' title="bbox 461 5250 2114 5332">
     <span class='ocr_line' id='line_1_84' title="bbox 461 5250 2114 5332; baseline -0.005 -16"><span class='ocrx_word' id='word_1_701' title='bbox 461 5266 557 5316; x_wconf 79' lang='grc' dir='ltr'>τοῦ</span> <span class='ocrx_word' id='word_1_702' title='bbox 585 5255 712 5317; x_wconf 83' lang='grc' dir='ltr'><strong>τὸδε</strong></span> <span class='ocrx_word' id='word_1_703' title='bbox 741 5258 940 5331; x_wconf 79' lang='grc' dir='ltr'>θέλειν,</span> <span class='ocrx_word' id='word_1_704' title='bbox 971 5265 1164 5328; x_wconf 80' lang='grc' dir='ltr'>νοῆσαι</span> <span class='ocrx_word' id='word_1_705' title='bbox 1197 5255 1346 5332; x_wconf 83' lang='grc' dir='ltr'>δύνῃ·</span> <span class='ocrx_word' id='word_1_706' title='bbox 1378 5257 1498 5312; x_wconf 77' lang='grc' dir='ltr'>ἄνευ</span> <span class='ocrx_word' id='word_1_707' title='bbox 1548 5253 1606 5310; x_wconf 71' lang='grc' dir='ltr'><strong>δὲ</strong></span> <span class='ocrx_word' id='word_1_708' title='bbox 1649 5250 1854 5318; x_wconf 79' lang='grc' dir='ltr'>εἰκὸνος</span> <span class='ocrx_word' id='word_1_709' title='bbox 1899 5255 1961 5309; x_wconf 84' lang='grc' dir='ltr'>οὖ</span> <span class='ocrx_word' id='word_1_710' title='bbox 2021 5251 2114 5308; x_wconf 87' lang='grc' dir='ltr'><strong>δύ-</strong></span> 
     </span>
    </p>
   </div>
   <div class='ocr_carea' id='block_1_85' title="bbox 460 5340 2117 5426">
    <p class='ocr_par' dir='ltr' id='par_1_85' title="bbox 460 5340 2117 5426">
     <span class='ocr_line' id='line_1_85' title="bbox 460 5340 2117 5426; baseline -0.004 -22"><span class='ocrx_word' id='word_1_711' title='bbox 460 5373 543 5425; x_wconf 81' lang='grc' dir='ltr'><strong>νῃ.</strong></span> <span class='ocrx_word' id='word_1_712' title='bbox 593 5353 658 5406; x_wconf 87' lang='grc' dir='ltr'>Ἡ</span> <span class='ocrx_word' id='word_1_713' title='bbox 715 5349 815 5426; x_wconf 80' lang='grc' dir='ltr'>γὰρ</span> <span class='ocrx_word' id='word_1_714' title='bbox 874 5345 1095 5418; x_wconf 77' lang='grc' dir='ltr'><strong>θέλησις</strong></span> <span class='ocrx_word' id='word_1_715' title='bbox 1152 5344 1242 5401; x_wconf 85' lang='grc' dir='ltr'>καὶ</span> <span class='ocrx_word' id='word_1_716' title='bbox 1294 5346 1522 5421; x_wconf 73' lang='grc' dir='ltr'>ἄρχεται</span> <span class='ocrx_word' id='word_1_717' title='bbox 1566 5344 1655 5399; x_wconf 76' lang='grc' dir='ltr'>καὶ</span> <span class='ocrx_word' id='word_1_718' title='bbox 1704 5341 1952 5399; x_wconf 85' lang='grc' dir='ltr'>παύεται·</span> <span class='ocrx_word' id='word_1_719' title='bbox 1989 5343 2025 5412; x_wconf 81' lang='grc' dir='ltr'>ἠ</span> <span class='ocrx_word' id='word_1_720' title='bbox 2059 5340 2117 5397; x_wconf 71' lang='grc' dir='ltr'><strong>’δὲ</strong></span> 
     </span>
    </p>
   </div>
   <div class='ocr_carea' id='block_1_86' title="bbox 537 5517 1997 5591">
    <p class='ocr_par' dir='ltr' id='par_1_86' title="bbox 537 5517 1997 5591">
     <span class='ocr_line' id='line_1_86' title="bbox 537 5517 1997 5591; baseline -0.004 -11"><span class='ocrx_word' id='word_1_721' title='bbox 537 5525 583 5562; x_wconf 76' lang='grc' dir='ltr'>τί</span> <span class='ocrx_word' id='word_1_722' title='bbox 614 5527 784 5579; x_wconf 88' lang='lat' dir='ltr'><strong>Prov.</strong></span> <span class='ocrx_word' id='word_1_723' title='bbox 814 5535 939 5591; x_wconf 85' lang='lat' dir='ltr'><strong>vm,</strong></span> <span class='ocrx_word' id='word_1_724' title='bbox 967 5519 1061 5576; x_wconf 86' lang='lat'><strong>25.</strong></span> <span class='ocrx_word' id='word_1_725' title='bbox 1135 5519 1182 5554; x_wconf 67' lang='grc'><strong>’⁷⁸</strong></span> <span class='ocrx_word' id='word_1_726' title='bbox 1215 5517 1368 5576; x_wconf 83' lang='lat' dir='ltr'><strong>Psai.</strong></span> <span class='ocrx_word' id='word_1_727' title='bbox 1399 5535 1520 5590; x_wconf 88' lang='lat' dir='ltr'><strong>cm,</strong></span> <span class='ocrx_word' id='word_1_728' title='bbox 1554 5520 1608 5576; x_wconf 75' lang='grc'><strong>4.</strong></span> <span class='ocrx_word' id='word_1_729' title='bbox 1685 5518 1732 5554; x_wconf 77' lang='grc'>⁷⁴</span> <span class='ocrx_word' id='word_1_730' title='bbox 1763 5517 1912 5574; x_wconf 89' lang='lat' dir='ltr'><strong>Ibid.</strong></span> <span class='ocrx_word' id='word_1_731' title='bbox 1942 5517 1997 5574; x_wconf 90' lang='lat'><strong>5.</strong></span> 
     </span>
    </p>
   </div>
   <div class='ocr_carea' id='block_1_87' title="bbox 548 5643 2130 5803">
    <p class='ocr_par' dir='ltr' id='par_1_87' title="bbox 548 5643 2130 5803">
     <span class='ocr_line' id='line_1_87' title="bbox 548 5643 2130 5803; baseline -0.003 -70"><span class='ocrx_word' id='word_1_732' title='bbox 548 5673 1012 5803; x_wconf 49' lang='grc' dir='ltr'>πωδιξαέιιίιιυι.</span> <span class='ocrx_word' id='word_1_733' title='bbox 1058 5671 1128 5730; x_wconf 81' lang='grc' dir='ltr'><strong>Ὀ</strong></span> <span class='ocrx_word' id='word_1_734' title='bbox 1174 5670 1334 5743; x_wconf 80' lang='grc' dir='ltr'><strong>τίθης</strong></span> <span class='ocrx_word' id='word_1_735' title='bbox 1375 5667 1603 5734; x_wconf 60' lang='lat' dir='ltr'><strong>etiam</strong></span> <span class='ocrx_word' id='word_1_736' title='bbox 1637 5668 1722 5726; x_wconf 73' lang='grc' dir='ltr'>ετι</span> <span class='ocrx_word' id='word_1_737' title='bbox 1771 5671 1799 5724; x_wconf 74' lang='grc' dir='ltr'>δ</span> <span class='ocrx_word' id='word_1_738' title='bbox 1834 5643 1953 5744; x_wconf 55' lang='grc' dir='ltr'><strong>μιν.</strong></span> <span class='ocrx_word' id='word_1_739' title='bbox 1986 5670 2130 5744; x_wconf 79' lang='lat' dir='ltr'><strong>Reg.</strong></span> 
     </span>
     <span class='ocr_line' id='line_1_88' title="bbox 604 5765 931 5803; baseline 0 0"><span class='ocrx_word' id='word_1_740' title='bbox 604 5769 638 5803; x_wconf 76' lang='grc' dir='ltr'>η</span> <span class='ocrx_word' id='word_1_741' title='bbox 795 5765 931 5803; x_wconf 75' lang='grc' dir='ltr'><strong>..ως.</strong></span> 
     </span>
    </p>
   </div>
   <div class='ocr_carea' id='block_1_88' title="bbox 477 5742 931 5827">
    <p class='ocr_par' dir='ltr' id='par_1_88' title="bbox 477 5742 931 5827">
     <span class='ocr_line' id='line_1_89' title="bbox 477 5742 931 5827; baseline 0 -26"><span class='ocrx_word' id='word_1_742' title='bbox 477 5742 655 5827; x_wconf 59' lang='grc' dir='ltr'><strong>πείθτί</strong></span> <span class='ocrx_word' id='word_1_743' title='bbox 672 5743 730 5801; x_wconf 65' lang='lat'><strong>66</strong></span> <span class='ocrx_word' id='word_1_744' title='bbox 760 5742 931 5808; x_wconf 62' lang='grc' dir='ltr'><strong>ὅμως.</strong></span> 
     </span>
    </p>
   </div>
   <div class='ocr_carea' id='block_1_89' title="bbox 2199 3031 3857 3106">
    <p class='ocr_par' dir='ltr' id='par_1_89' title="bbox 2199 3031 3857 3106">
     <span class='ocr_line' id='line_1_90' title="bbox 2199 3031 3857 3106; baseline 0.009 -21"><span class='ocrx_word' id='word_1_745' title='bbox 2199 3031 2317 3086; x_wconf 78' lang='lat' dir='ltr'><strong>Iino</strong></span> <span class='ocrx_word' id='word_1_746' title='bbox 2348 3031 2522 3086; x_wconf 90' lang='lat' dir='ltr'><strong>etiam</strong></span> <span class='ocrx_word' id='word_1_747' title='bbox 2547 3031 2804 3103; x_wconf 85' lang='lat' dir='ltr'><strong>amplius</strong></span> <span class='ocrx_word' id='word_1_748' title='bbox 2835 3051 3008 3105; x_wconf 89' lang='lat' dir='ltr'><strong>quam</strong></span> <span class='ocrx_word' id='word_1_749' title='bbox 3043 3034 3371 3106; x_wconf 79' lang='lat' dir='ltr'><strong>simplicem</strong></span> <span class='ocrx_word' id='word_1_750' title='bbox 3403 3055 3532 3093; x_wconf 90' lang='lat' dir='ltr'><strong>esse</strong></span> <span class='ocrx_word' id='word_1_751' title='bbox 3560 3040 3674 3095; x_wconf 88' lang='lat' dir='ltr'><strong>aio.</strong></span> <span class='ocrx_word' id='word_1_752' title='bbox 3709 3045 3857 3100; x_wconf 81' lang='lat' dir='ltr'><strong>Nam</strong></span> 
     </span>
    </p>
   </div>
   <div class='ocr_carea' id='block_1_90' title="bbox 2199 3119 3861 3193">
    <p class='ocr_par' dir='ltr' id='par_1_90' title="bbox 2199 3119 3861 3193">
     <span class='ocr_line' id='line_1_91' title="bbox 2199 3119 3861 3193; baseline 0.008 -18"><span class='ocrx_word' id='word_1_753' title='bbox 2199 3125 2255 3175; x_wconf 87' lang='lat' dir='ltr'><strong>et</strong></span> <span class='ocrx_word' id='word_1_754' title='bbox 2285 3119 2528 3191; x_wconf 87' lang='lat' dir='ltr'><strong>angelus</strong></span> <span class='ocrx_word' id='word_1_755' title='bbox 2561 3120 2809 3191; x_wconf 83' lang='lat' dir='ltr'><strong>simplex</strong></span> <span class='ocrx_word' id='word_1_756' title='bbox 2837 3128 2942 3188; x_wconf 86' lang='lat' dir='ltr'><strong>est,</strong></span> <span class='ocrx_word' id='word_1_757' title='bbox 2988 3122 3206 3189; x_wconf 89' lang='lat' dir='ltr'><strong>anima,</strong></span> <span class='ocrx_word' id='word_1_758' title='bbox 3279 3130 3335 3179; x_wconf 88' lang='lat' dir='ltr'><strong>et</strong></span> <span class='ocrx_word' id='word_1_759' title='bbox 3400 3125 3518 3193; x_wconf 85' lang='lat' dir='ltr'><strong>lux,</strong></span> <span class='ocrx_word' id='word_1_760' title='bbox 3587 3146 3723 3185; x_wconf 88' lang='lat' dir='ltr'><strong>cum</strong></span> <span class='ocrx_word' id='word_1_761' title='bbox 3790 3149 3861 3188; x_wconf 79' lang='lat' dir='ltr'><strong>ex</strong></span> 
     </span>
    </p>
   </div>
   <div class='ocr_carea' id='block_1_91' title="bbox 2201 3208 3862 3284">
    <p class='ocr_par' dir='ltr' id='par_1_91' title="bbox 2201 3208 3862 3284">
     <span class='ocr_line' id='line_1_92' title="bbox 2201 3208 3862 3284; baseline 0.007 -20"><span class='ocrx_word' id='word_1_762' title='bbox 2201 3208 2468 3280; x_wconf 87' lang='lat' dir='ltr'><strong>partibus</strong></span> <span class='ocrx_word' id='word_1_763' title='bbox 2498 3215 2600 3262; x_wconf 86' lang='lat' dir='ltr'><strong>aut</strong></span> <span class='ocrx_word' id='word_1_764' title='bbox 2631 3210 2912 3264; x_wconf 88' lang='lat' dir='ltr'><strong>membris</strong></span> <span class='ocrx_word' id='word_1_765' title='bbox 2946 3228 3061 3266; x_wconf 88' lang='lat' dir='ltr'><strong>non</strong></span> <span class='ocrx_word' id='word_1_766' title='bbox 3093 3217 3862 3284; x_wconf 80' lang='lat' dir='ltr'><strong>componantur.Anom.lts-</strong></span> 
     </span>
    </p>
   </div>
   <div class='ocr_carea' id='block_1_92' title="bbox 2203 3290 3866 3378">
    <p class='ocr_par' dir='ltr' id='par_1_92' title="bbox 2203 3290 3866 3378">
     <span class='ocr_line' id='line_1_93' title="bbox 2203 3290 3866 3378; baseline 0.008 -26"><span class='ocrx_word' id='word_1_767' title='bbox 2203 3290 2316 3370; x_wconf 88' lang='lat' dir='ltr'><strong>que</strong></span> <span class='ocrx_word' id='word_1_768' title='bbox 2347 3297 2397 3354; x_wconf 89' lang='lat' dir='ltr'><strong>si</strong></span> <span class='ocrx_word' id='word_1_769' title='bbox 2429 3296 2684 3368; x_wconf 87' lang='lat' dir='ltr'><strong>amplius</strong></span> <span class='ocrx_word' id='word_1_770' title='bbox 2712 3300 2868 3353; x_wconf 74' lang='lat'><strong>410</strong></span> <span class='ocrx_word' id='word_1_771' title='bbox 2933 3317 3110 3371; x_wconf 89' lang='lat' dir='ltr'><strong>quam</strong></span> <span class='ocrx_word' id='word_1_772' title='bbox 3171 3302 3420 3374; x_wconf 81' lang='lat' dir='ltr'><strong>simplex</strong></span> <span class='ocrx_word' id='word_1_773' title='bbox 3476 3314 3584 3375; x_wconf 88' lang='lat' dir='ltr'><strong>est,</strong></span> <span class='ocrx_word' id='word_1_774' title='bbox 3644 3309 3866 3378; x_wconf 85' lang='lat' dir='ltr'><strong>quibus</strong></span> 
     </span>
    </p>
   </div>
   <div class='ocr_carea' id='block_1_93' title="bbox 2204 3386 3867 3460">
    <p class='ocr_par' dir='ltr' id='par_1_93' title="bbox 2204 3386 3867 3460">
     <span class='ocr_line' id='line_1_94' title="bbox 2204 3386 3867 3460; baseline 0.008 -21"><span class='ocrx_word' id='word_1_775' title='bbox 2204 3387 2412 3459; x_wconf 86' lang='lat' dir='ltr'><strong>gignit,</strong></span> <span class='ocrx_word' id='word_1_776' title='bbox 2471 3386 2679 3442; x_wconf 86' lang='lat' dir='ltr'><strong>iisdem</strong></span> <span class='ocrx_word' id='word_1_777' title='bbox 2743 3389 2919 3444; x_wconf 91' lang='lat' dir='ltr'><strong>etiam</strong></span> <span class='ocrx_word' id='word_1_778' title='bbox 2981 3395 3155 3445; x_wconf 88' lang='lat' dir='ltr'><strong>creat.</strong></span> <span class='ocrx_word' id='word_1_779' title='bbox 3191 3393 3349 3449; x_wconf 86' lang='lat' dir='ltr'><strong>Orth.</strong></span> <span class='ocrx_word' id='word_1_780' title='bbox 3385 3393 3602 3450; x_wconf 90' lang='lat' dir='ltr'><strong>lterum</strong></span> <span class='ocrx_word' id='word_1_781' title='bbox 3635 3413 3867 3460; x_wconf 89' lang='lat' dir='ltr'><strong>moneo.</strong></span> 
     </span>
    </p>
   </div>
   <div class='ocr_carea' id='block_1_94' title="bbox 2207 3475 3866 3550">
    <p class='ocr_par' dir='ltr' id='par_1_94' title="bbox 2207 3475 3866 3550">
     <span class='ocr_line' id='line_1_95' title="bbox 2207 3475 3866 3550; baseline 0.007 -20"><span class='ocrx_word' id='word_1_782' title='bbox 2207 3492 2279 3530; x_wconf 92' lang='lat' dir='ltr'><strong>ne</strong></span> <span class='ocrx_word' id='word_1_783' title='bbox 2311 3475 2507 3545; x_wconf 89' lang='lat' dir='ltr'><strong>dicito,</strong></span> <span class='ocrx_word' id='word_1_784' title='bbox 2540 3475 2756 3546; x_wconf 90' lang='lat' dir='ltr'><strong>quibus</strong></span> <span class='ocrx_word' id='word_1_785' title='bbox 2804 3478 2996 3550; x_wconf 88' lang='lat' dir='ltr'><strong>gignit</strong></span> <span class='ocrx_word' id='word_1_786' title='bbox 3052 3479 3262 3535; x_wconf 84' lang='lat' dir='ltr'><strong>iisdem</strong></span> <span class='ocrx_word' id='word_1_787' title='bbox 3321 3485 3378 3537; x_wconf 88' lang='lat' dir='ltr'><strong>et</strong></span> <span class='ocrx_word' id='word_1_788' title='bbox 3435 3488 3592 3538; x_wconf 88' lang='lat' dir='ltr'><strong>creat</strong></span> <span class='ocrx_word' id='word_1_789' title='bbox 3651 3501 3664 3539; x_wconf 91' lang='lat'><strong>:</strong></span> <span class='ocrx_word' id='word_1_790' title='bbox 3727 3502 3866 3542; x_wconf 86' lang='lat' dir='ltr'><strong>nam</strong></span> 
     </span>
    </p>
   </div>
   <div class='ocr_carea' id='block_1_95' title="bbox 2207 3563 3864 3644">
    <p class='ocr_par' dir='ltr' id='par_1_95' title="bbox 2207 3563 3864 3644">
     <span class='ocr_line' id='line_1_96' title="bbox 2207 3563 3864 3644; baseline 0.007 -24"><span class='ocrx_word' id='word_1_791' title='bbox 2207 3565 2363 3636; x_wconf 91' lang='lat' dir='ltr'><strong>quod</strong></span> <span class='ocrx_word' id='word_1_792' title='bbox 2423 3563 2672 3636; x_wconf 81' lang='lat' dir='ltr'><strong>simplex</strong></span> <span class='ocrx_word' id='word_1_793' title='bbox 2729 3571 2845 3631; x_wconf 84' lang='lat' dir='ltr'><strong>est,</strong></span> <span class='ocrx_word' id='word_1_794' title='bbox 2903 3583 3018 3622; x_wconf 90' lang='lat' dir='ltr'><strong>non</strong></span> <span class='ocrx_word' id='word_1_795' title='bbox 3077 3567 3483 3639; x_wconf 86' lang='lat' dir='ltr'><strong>habetquibus</strong></span> <span class='ocrx_word' id='word_1_796' title='bbox 3513 3577 3570 3627; x_wconf 90' lang='lat' dir='ltr'><strong>et</strong></span> <span class='ocrx_word' id='word_1_797' title='bbox 3598 3574 3864 3644; x_wconf 89' lang='lat' dir='ltr'><strong>quibus:</strong></span> 
     </span>
    </p>
   </div>
   <div class='ocr_carea' id='block_1_96' title="bbox 2211 3654 3862 3733">
    <p class='ocr_par' dir='ltr' id='par_1_96' title="bbox 2211 3654 3862 3733">
     <span class='ocr_line' id='line_1_97' title="bbox 2211 3654 3862 3733; baseline 0.006 -24"><span class='ocrx_word' id='word_1_798' title='bbox 2211 3654 2395 3709; x_wconf 91' lang='lat' dir='ltr'><strong>multo</strong></span> <span class='ocrx_word' id='word_1_799' title='bbox 2429 3659 2620 3709; x_wconf 91' lang='lat' dir='ltr'><strong>autem</strong></span> <span class='ocrx_word' id='word_1_800' title='bbox 2654 3654 2833 3709; x_wconf 89' lang='lat' dir='ltr'><strong>etiam</strong></span> <span class='ocrx_word' id='word_1_801' title='bbox 2868 3657 3056 3728; x_wconf 88' lang='lat' dir='ltr'><strong>magis</strong></span> <span class='ocrx_word' id='word_1_802' title='bbox 3084 3657 3164 3725; x_wconf 92' lang='lat' dir='ltr'><strong>id,</strong></span> <span class='ocrx_word' id='word_1_803' title='bbox 3216 3661 3367 3729; x_wconf 91' lang='lat' dir='ltr'><strong>quod</strong></span> <span class='ocrx_word' id='word_1_804' title='bbox 3431 3679 3612 3733; x_wconf 86' lang='lat' dir='ltr'><strong>supra</strong></span> <span class='ocrx_word' id='word_1_805' title='bbox 3668 3663 3862 3733; x_wconf 85' lang='lat' dir='ltr'><strong>ipsam</strong></span> 
     </span>
    </p>
   </div>
   <div class='ocr_carea' id='block_1_97' title="bbox 2210 3742 3868 3822">
    <p class='ocr_par' dir='ltr' id='par_1_97' title="bbox 2210 3742 3868 3822">
     <span class='ocr_line' id='line_1_98' title="bbox 2210 3742 3868 3822; baseline 0.005 -23"><span class='ocrx_word' id='word_1_806' title='bbox 2210 3742 2649 3815; x_wconf 86' lang='lat' dir='ltr'><strong>simplicitatem</strong></span> <span class='ocrx_word' id='word_1_807' title='bbox 2700 3750 2812 3808; x_wconf 85' lang='lat' dir='ltr'><strong>est,</strong></span> <span class='ocrx_word' id='word_1_808' title='bbox 2871 3762 2984 3799; x_wconf 90' lang='lat' dir='ltr'><strong>non</strong></span> <span class='ocrx_word' id='word_1_809' title='bbox 3042 3746 3300 3802; x_wconf 88' lang='lat' dir='ltr'><strong>admittit</strong></span> <span class='ocrx_word' id='word_1_810' title='bbox 3350 3747 3516 3816; x_wconf 93' lang='lat' dir='ltr'><strong>illud,</strong></span> <span class='ocrx_word' id='word_1_811' title='bbox 3565 3752 3780 3822; x_wconf 89' lang='lat' dir='ltr'><strong>quibus</strong></span> <span class='ocrx_word' id='word_1_812' title='bbox 3809 3758 3868 3808; x_wconf 88' lang='lat' dir='ltr'><strong>et</strong></span> 
     </span>
    </p>
   </div>
   <div class='ocr_carea' id='block_1_98' title="bbox 2212 3832 3864 3908">
    <p class='ocr_par' dir='ltr' id='par_1_98' title="bbox 2212 3832 3864 3908">
     <span class='ocr_line' id='line_1_99' title="bbox 2212 3832 3864 3908; baseline 0.007 -21"><span class='ocrx_word' id='word_1_813' title='bbox 2212 3832 2449 3904; x_wconf 89' lang='lat' dir='ltr'><strong>quibus.</strong></span> <span class='ocrx_word' id='word_1_814' title='bbox 2485 3835 2676 3887; x_wconf 83' lang='lat' dir='ltr'><strong>Anam.</strong></span> <span class='ocrx_word' id='word_1_815' title='bbox 2711 3832 2994 3888; x_wconf 84' lang='lat' dir='ltr'><strong>Similiter</strong></span> <span class='ocrx_word' id='word_1_816' title='bbox 3023 3851 3161 3907; x_wconf 84' lang='lat' dir='ltr'><strong>ergo</strong></span> <span class='ocrx_word' id='word_1_817' title='bbox 3186 3835 3373 3908; x_wconf 84' lang='lat' dir='ltr'><strong>gignit</strong></span> <span class='ocrx_word' id='word_1_818' title='bbox 3403 3839 3578 3906; x_wconf 88' lang='lat' dir='ltr'><strong>Deus,</strong></span> <span class='ocrx_word' id='word_1_819' title='bbox 3612 3847 3668 3895; x_wconf 90' lang='lat' dir='ltr'><strong>et</strong></span> <span class='ocrx_word' id='word_1_820' title='bbox 3696 3841 3864 3898; x_wconf 79' lang='lat' dir='ltr'><strong>simi-</strong></span> 
     </span>
    </p>
   </div>
   <div class='ocr_carea' id='block_1_99' title="bbox 2211 3921 3873 4001">
    <p class='ocr_par' dir='ltr' id='par_1_99' title="bbox 2211 3921 3873 4001">
     <span class='ocr_line' id='line_1_100' title="bbox 2211 3921 3873 4001; baseline 0.008 -27"><span class='ocrx_word' id='word_1_821' title='bbox 2211 3921 2346 3985; x_wconf 75' lang='lat' dir='ltr'><strong>[iter</strong></span> <span class='ocrx_word' id='word_1_822' title='bbox 2371 3924 2544 3975; x_wconf 89' lang='lat' dir='ltr'><strong>creat.</strong></span> <span class='ocrx_word' id='word_1_823' title='bbox 2597 3921 2756 3978; x_wconf 82' lang='lat' dir='ltr'><strong>Orth.</strong></span> <span class='ocrx_word' id='word_1_824' title='bbox 2833 3921 3237 3993; x_wconf 83' lang='lat' dir='ltr'><strong>Nequaquam.</strong></span> <span class='ocrx_word' id='word_1_825' title='bbox 3307 3931 3500 3982; x_wconf 81' lang='lat' dir='ltr'><strong>Anam.</strong></span> <span class='ocrx_word' id='word_1_826' title='bbox 3570 3929 3715 4001; x_wconf 85' lang='lat' dir='ltr'><strong>Ergo</strong></span> <span class='ocrx_word' id='word_1_827' title='bbox 3781 3934 3873 3986; x_wconf 73' lang='lat' dir='ltr'><strong>est</strong></span> 
     </span>
    </p>
   </div>
   <div class='ocr_carea' id='block_1_100' title="bbox 2214 4008 3876 4090">
    <p class='ocr_par' dir='ltr' id='par_1_100' title="bbox 2214 4008 3876 4090">
     <span class='ocr_line' id='line_1_101' title="bbox 2214 4008 3876 4090; baseline 0.007 -26"><span class='ocrx_word' id='word_1_828' title='bbox 2214 4008 2600 4080; x_wconf 89' lang='lat' dir='ltr'><strong>compositus.</strong></span> <span class='ocrx_word' id='word_1_829' title='bbox 2663 4009 2817 4065; x_wconf 80' lang='lat' dir='ltr'><strong>Orth.</strong></span> <span class='ocrx_word' id='word_1_830' title='bbox 2870 4011 3058 4067; x_wconf 86' lang='lat' dir='ltr'><strong>Absit.</strong></span> <span class='ocrx_word' id='word_1_831' title='bbox 3120 4015 3310 4068; x_wconf 84' lang='lat' dir='ltr'><strong>Anam.</strong></span> <span class='ocrx_word' id='word_1_832' title='bbox 3358 4015 3417 4070; x_wconf 91' lang='lat' dir='ltr'><strong>Si</strong></span> <span class='ocrx_word' id='word_1_833' title='bbox 3445 4015 3574 4072; x_wconf 88' lang='lat' dir='ltr'><strong>aliis</strong></span> <span class='ocrx_word' id='word_1_834' title='bbox 3603 4019 3794 4090; x_wconf 90' lang='lat' dir='ltr'><strong>gignit</strong></span> <span class='ocrx_word' id='word_1_835' title='bbox 3822 4027 3876 4076; x_wconf 88' lang='lat' dir='ltr'><strong>et</strong></span> 
     </span>
    </p>
   </div>
   <div class='ocr_carea' id='block_1_101' title="bbox 2214 4097 3877 4168">
    <p class='ocr_par' dir='ltr' id='par_1_101' title="bbox 2214 4097 3877 4168">
     <span class='ocr_line' id='line_1_102' title="bbox 2214 4097 3877 4168; baseline 0.007 -14"><span class='ocrx_word' id='word_1_836' title='bbox 2214 4097 2345 4154; x_wconf 90' lang='lat' dir='ltr'><strong>aliis</strong></span> <span class='ocrx_word' id='word_1_837' title='bbox 2377 4105 2554 4166; x_wconf 86' lang='lat' dir='ltr'><strong>creat,</strong></span> <span class='ocrx_word' id='word_1_838' title='bbox 2587 4099 2954 4168; x_wconf 86' lang='lat' dir='ltr'><strong>compositus</strong></span> <span class='ocrx_word' id='word_1_839' title='bbox 2988 4105 3094 4155; x_wconf 87' lang='lat' dir='ltr'><strong>est.</strong></span> <span class='ocrx_word' id='word_1_840' title='bbox 3162 4102 3314 4157; x_wconf 80' lang='lat' dir='ltr'><strong>Orlh.</strong></span> <span class='ocrx_word' id='word_1_841' title='bbox 3374 4110 3500 4159; x_wconf 66' lang='lat' dir='ltr'><strong>Non</strong></span> <span class='ocrx_word' id='word_1_842' title='bbox 3559 4107 3686 4162; x_wconf 91' lang='lat' dir='ltr'><strong>dico</strong></span> <span class='ocrx_word' id='word_1_843' title='bbox 3743 4109 3877 4165; x_wconf 87' lang='lat' dir='ltr'><strong>aliis</strong></span> 
     </span>
    </p>
   </div>
   <div class='ocr_carea' id='block_1_102' title="bbox 2216 4185 3875 4264">
    <p class='ocr_par' dir='ltr' id='par_1_102' title="bbox 2216 4185 3875 4264">
     <span class='ocr_line' id='line_1_103' title="bbox 2216 4185 3875 4264; baseline 0.009 -25"><span class='ocrx_word' id='word_1_844' title='bbox 2216 4187 2421 4258; x_wconf 86' lang='lat' dir='ltr'><strong>gignit,</strong></span> <span class='ocrx_word' id='word_1_845' title='bbox 2484 4185 2617 4241; x_wconf 87' lang='lat' dir='ltr'><strong>aliis</strong></span> <span class='ocrx_word' id='word_1_846' title='bbox 2675 4193 2834 4242; x_wconf 87' lang='lat' dir='ltr'><strong>creat</strong></span> <span class='ocrx_word' id='word_1_847' title='bbox 2865 4203 2877 4241; x_wconf 92' lang='lat'>:</span> <span class='ocrx_word' id='word_1_848' title='bbox 2918 4189 3019 4243; x_wconf 88' lang='lat' dir='ltr'><strong>sed</strong></span> <span class='ocrx_word' id='word_1_849' title='bbox 3056 4189 3227 4246; x_wconf 88' lang='lat' dir='ltr'><strong>aliter</strong></span> <span class='ocrx_word' id='word_1_850' title='bbox 3259 4191 3466 4264; x_wconf 88' lang='lat' dir='ltr'><strong>gignit,</strong></span> <span class='ocrx_word' id='word_1_851' title='bbox 3501 4194 3673 4251; x_wconf 84' lang='lat' dir='ltr'><strong>aliter</strong></span> <span class='ocrx_word' id='word_1_852' title='bbox 3698 4203 3875 4254; x_wconf 86' lang='lat' dir='ltr'><strong>creat.</strong></span> 
     </span>
    </p>
   </div>
   <div class='ocr_carea' id='block_1_103' title="bbox 2217 4275 3872 4348">
    <p class='ocr_par' dir='ltr' id='par_1_103' title="bbox 2217 4275 3872 4348">
     <span class='ocr_line' id='line_1_104' title="bbox 2217 4275 3872 4348; baseline 0.008 -18"><span class='ocrx_word' id='word_1_853' title='bbox 2217 4277 2408 4331; x_wconf 87' lang='lat' dir='ltr'><strong>Anam.</strong></span> <span class='ocrx_word' id='word_1_854' title='bbox 2448 4275 2746 4340; x_wconf 86' lang='lat' dir='ltr'><strong>Quomodo</strong></span> <span class='ocrx_word' id='word_1_855' title='bbox 2787 4275 2977 4347; x_wconf 88' lang='lat' dir='ltr'><strong>gignit</strong></span> <span class='ocrx_word' id='word_1_856' title='bbox 3031 4283 3084 4331; x_wconf 89' lang='lat' dir='ltr'><strong>et</strong></span> <span class='ocrx_word' id='word_1_857' title='bbox 3118 4281 3411 4348; x_wconf 88' lang='lat' dir='ltr'><strong>quomodo</strong></span> <span class='ocrx_word' id='word_1_858' title='bbox 3459 4285 3661 4339; x_wconf 78' lang='lat' dir='ltr'><strong>creat?</strong></span> <span class='ocrx_word' id='word_1_859' title='bbox 3719 4287 3872 4343; x_wconf 81' lang='lat' dir='ltr'><strong>Orth.</strong></span> 
     </span>
    </p>
   </div>
   <div class='ocr_carea' id='block_1_104' title="bbox 2221 4364 3875 4443">
    <p class='ocr_par' dir='ltr' id='par_1_104' title="bbox 2221 4364 3875 4443">
     <span class='ocr_line' id='line_1_105' title="bbox 2221 4364 3875 4443; baseline 0.006 -23"><span class='ocrx_word' id='word_1_860' title='bbox 2221 4364 2812 4437; x_wconf 83' lang='lat' dir='ltr'><strong>Hypostasigignit,et</strong></span> <span class='ocrx_word' id='word_1_861' title='bbox 2835 4368 3110 4421; x_wconf 87' lang='lat' dir='ltr'><strong>mandan</strong></span> <span class='ocrx_word' id='word_1_862' title='bbox 3141 4369 3671 4428; x_wconf 87' lang='lat' dir='ltr'><strong>creat.Mandatum</strong></span> <span class='ocrx_word' id='word_1_863' title='bbox 3695 4376 3875 4443; x_wconf 88' lang='lat' dir='ltr'><strong>enim,</strong></span> 
     </span>
    </p>
   </div>
   <div class='ocr_carea' id='block_1_105' title="bbox 2223 4457 3879 4529">
    <p class='ocr_par' dir='ltr' id='par_1_105' title="bbox 2223 4457 3879 4529">
     <span class='ocr_line' id='line_1_106' title="bbox 2223 4457 3879 4529; baseline 0.007 -20"><span class='ocrx_word' id='word_1_864' title='bbox 2223 4459 2603 4509; x_wconf 86' lang='lat' dir='ltr'><strong>concurrente</strong></span> <span class='ocrx_word' id='word_1_865' title='bbox 2634 4459 3207 4524; x_wconf 83' lang='lat' dir='ltr'><strong>potestate,prcesens</strong></span> <span class='ocrx_word' id='word_1_866' title='bbox 3239 4457 3397 4512; x_wconf 88' lang='lat' dir='ltr'><strong>sistit</strong></span> <span class='ocrx_word' id='word_1_867' title='bbox 3416 4461 3570 4529; x_wconf 92' lang='lat' dir='ltr'><strong>quod</strong></span> <span class='ocrx_word' id='word_1_868' title='bbox 3595 4464 3879 4520; x_wconf 87' lang='lat' dir='ltr'><strong>mandan-</strong></span> 
     </span>
    </p>
   </div>
   <div class='ocr_carea' id='block_1_106' title="bbox 2222 4542 3878 4625">
    <p class='ocr_par' dir='ltr' id='par_1_106' title="bbox 2222 4542 3878 4625">
     <span class='ocr_line' id='line_1_107' title="bbox 2222 4542 3878 4625; baseline 0.007 -27"><span class='ocrx_word' id='word_1_869' title='bbox 2222 4544 2266 4598; x_wconf 91' lang='lat' dir='ltr'><strong>ti</strong></span> <span class='ocrx_word' id='word_1_870' title='bbox 2297 4543 2439 4597; x_wconf 93' lang='lat' dir='ltr'><strong>libet</strong></span> <span class='ocrx_word' id='word_1_871' title='bbox 2471 4559 2483 4597; x_wconf 90' lang='lat'><strong>:</strong></span> <span class='ocrx_word' id='word_1_872' title='bbox 2519 4542 2568 4597; x_wconf 87' lang='lat' dir='ltr'><strong>is</strong></span> <span class='ocrx_word' id='word_1_873' title='bbox 2599 4559 2731 4596; x_wconf 90' lang='lat' dir='ltr'><strong>vero</strong></span> <span class='ocrx_word' id='word_1_874' title='bbox 2765 4543 2864 4613; x_wconf 91' lang='lat' dir='ltr'><strong>qui</strong></span> <span class='ocrx_word' id='word_1_875' title='bbox 2895 4545 3084 4614; x_wconf 89' lang='lat' dir='ltr'><strong>gignit</strong></span> <span class='ocrx_word' id='word_1_876' title='bbox 3116 4544 3436 4616; x_wconf 84' lang='lat' dir='ltr'><strong>bypostasi,</strong></span> <span class='ocrx_word' id='word_1_877' title='bbox 3471 4565 3586 4604; x_wconf 91' lang='lat' dir='ltr'><strong>non</strong></span> <span class='ocrx_word' id='word_1_878' title='bbox 3637 4568 3878 4625; x_wconf 83' lang='lat' dir='ltr'><strong>exspec-</strong></span> 
     </span>
    </p>
   </div>
   <div class='ocr_carea' id='block_1_107' title="bbox 2225 4631 3884 4704">
    <p class='ocr_par' dir='ltr' id='par_1_107' title="bbox 2225 4631 3884 4704">
     <span class='ocr_line' id='line_1_108' title="bbox 2225 4631 3884 4704; baseline 0.007 -16"><span class='ocrx_word' id='word_1_879' title='bbox 2225 4638 2311 4688; x_wconf 88' lang='lat' dir='ltr'><strong>tat</strong></span> <span class='ocrx_word' id='word_1_880' title='bbox 2367 4631 2735 4698; x_wconf 87' lang='lat' dir='ltr'><strong>mandatum,</strong></span> <span class='ocrx_word' id='word_1_881' title='bbox 2789 4649 2860 4687; x_wconf 90' lang='lat' dir='ltr'><strong>ne</strong></span> <span class='ocrx_word' id='word_1_882' title='bbox 2910 4633 3048 4704; x_wconf 90' lang='lat' dir='ltr'><strong>quid</strong></span> <span class='ocrx_word' id='word_1_883' title='bbox 3087 4635 3346 4690; x_wconf 88' lang='lat' dir='ltr'><strong>medium</strong></span> <span class='ocrx_word' id='word_1_884' title='bbox 3380 4635 3701 4696; x_wconf 85' lang='lat' dir='ltr'><strong>intercedat</strong></span> <span class='ocrx_word' id='word_1_885' title='bbox 3732 4640 3884 4700; x_wconf 90' lang='lat' dir='ltr'><strong>inter</strong></span> 
     </span>
    </p>
   </div>
   <div class='ocr_carea' id='block_1_108' title="bbox 2223 4721 3877 4796">
    <p class='ocr_par' dir='ltr' id='par_1_108' title="bbox 2223 4721 3877 4796">
     <span class='ocr_line' id='line_1_109' title="bbox 2223 4721 3877 4796; baseline 0.008 -22"><span class='ocrx_word' id='word_1_886' title='bbox 2223 4722 2557 4794; x_wconf 87' lang='lat' dir='ltr'><strong>gignentem</strong></span> <span class='ocrx_word' id='word_1_887' title='bbox 2593 4724 2844 4786; x_wconf 86' lang='lat' dir='ltr'><strong>Patrem,</strong></span> <span class='ocrx_word' id='word_1_888' title='bbox 2879 4726 2935 4774; x_wconf 89' lang='lat' dir='ltr'><strong>et</strong></span> <span class='ocrx_word' id='word_1_889' title='bbox 2960 4721 3171 4776; x_wconf 87' lang='lat' dir='ltr'><strong>Filium</strong></span> <span class='ocrx_word' id='word_1_890' title='bbox 3202 4724 3301 4794; x_wconf 92' lang='lat' dir='ltr'><strong>qui</strong></span> <span class='ocrx_word' id='word_1_891' title='bbox 3352 4724 3632 4796; x_wconf 90' lang='lat' dir='ltr'><strong>gignitur.</strong></span> <span class='ocrx_word' id='word_1_892' title='bbox 3683 4732 3877 4788; x_wconf 82' lang='lat' dir='ltr'><strong>Anam.</strong></span> 
     </span>
    </p>
   </div>
   <div class='ocr_carea' id='block_1_109' title="bbox 2223 4809 3877 4890">
    <p class='ocr_par' dir='ltr' id='par_1_109' title="bbox 2223 4809 3877 4890">
     <span class='ocr_line' id='line_1_110' title="bbox 2223 4809 3877 4890; baseline 0.007 -25"><span class='ocrx_word' id='word_1_893' title='bbox 2223 4813 2308 4865; x_wconf 82' lang='lat' dir='ltr'><strong>An</strong></span> <span class='ocrx_word' id='word_1_894' title='bbox 2364 4810 2542 4881; x_wconf 90' lang='lat' dir='ltr'><strong>igitur</strong></span> <span class='ocrx_word' id='word_1_895' title='bbox 2591 4809 2811 4863; x_wconf 90' lang='lat' dir='ltr'><strong>invitus</strong></span> <span class='ocrx_word' id='word_1_896' title='bbox 2861 4810 3111 4879; x_wconf 87' lang='lat' dir='ltr'><strong>genuit?</strong></span> <span class='ocrx_word' id='word_1_897' title='bbox 3165 4811 3320 4869; x_wconf 79' lang='lat' dir='ltr'><strong>Orth.</strong></span> <span class='ocrx_word' id='word_1_898' title='bbox 3362 4815 3468 4879; x_wconf 91' lang='lat' dir='ltr'><strong>Qui</strong></span> <span class='ocrx_word' id='word_1_899' title='bbox 3499 4818 3735 4887; x_wconf 91' lang='lat' dir='ltr'><strong>genitus</strong></span> <span class='ocrx_word' id='word_1_900' title='bbox 3767 4825 3877 4890; x_wconf 90' lang='lat' dir='ltr'><strong>est,</strong></span> 
     </span>
    </p>
   </div>
   <div class='ocr_carea' id='block_1_110' title="bbox 2225 4898 3876 4972">
    <p class='ocr_par' dir='ltr' id='par_1_110' title="bbox 2225 4898 3876 4972">
     <span class='ocr_line' id='line_1_111' title="bbox 2225 4898 3876 4972; baseline 0.008 -19"><span class='ocrx_word' id='word_1_901' title='bbox 2225 4900 2351 4954; x_wconf 88' lang='lat' dir='ltr'><strong>viva</strong></span> <span class='ocrx_word' id='word_1_902' title='bbox 2381 4904 2468 4954; x_wconf 88' lang='lat' dir='ltr'><strong>est</strong></span> <span class='ocrx_word' id='word_1_903' title='bbox 2497 4898 2625 4967; x_wconf 87' lang='lat' dir='ltr'><strong>ejus</strong></span> <span class='ocrx_word' id='word_1_904' title='bbox 2682 4899 2782 4968; x_wconf 93' lang='lat' dir='ltr'><strong>qui</strong></span> <span class='ocrx_word' id='word_1_905' title='bbox 2841 4899 3044 4969; x_wconf 90' lang='lat' dir='ltr'><strong>genuit</strong></span> <span class='ocrx_word' id='word_1_906' title='bbox 3095 4900 3332 4972; x_wconf 87' lang='lat' dir='ltr'><strong>imago;</strong></span> <span class='ocrx_word' id='word_1_907' title='bbox 3393 4909 3451 4958; x_wconf 93' lang='lat' dir='ltr'><strong>et</strong></span> <span class='ocrx_word' id='word_1_908' title='bbox 3513 4906 3876 4966; x_wconf 85' lang='lat' dir='ltr'><strong>voluntatem</strong></span> 
     </span>
    </p>
   </div>
   <div class='ocr_carea' id='block_1_111' title="bbox 2224 4987 3880 5072">
    <p class='ocr_par' dir='ltr' id='par_1_111' title="bbox 2224 4987 3880 5072">
     <span class='ocr_line' id='line_1_112' title="bbox 2224 4987 3880 5072; baseline 0.007 -29"><span class='ocrx_word' id='word_1_909' title='bbox 2224 4987 2590 5072; x_wconf 82' lang='lat' dir='ltr'><strong>transcendit</strong></span> <span class='ocrx_word' id='word_1_910' title='bbox 2618 4987 2811 5059; x_wconf 89' lang='lat' dir='ltr'><strong>imago</strong></span> <span class='ocrx_word' id='word_1_911' title='bbox 2844 4987 3420 5058; x_wconf 81' lang='lat' dir='ltr'><strong>bypostaseos.Prius</strong></span> <span class='ocrx_word' id='word_1_912' title='bbox 3449 4993 3607 5050; x_wconf 90' lang='lat' dir='ltr'><strong>enim</strong></span> <span class='ocrx_word' id='word_1_913' title='bbox 3651 5003 3880 5068; x_wconf 87' lang='lat' dir='ltr'><strong>oportet</strong></span> 
     </span>
    </p>
   </div>
   <div class='ocr_carea' id='block_1_112' title="bbox 2226 5076 3880 5157">
    <p class='ocr_par' dir='ltr' id='par_1_112' title="bbox 2226 5076 3880 5157">
     <span class='ocr_line' id='line_1_113' title="bbox 2226 5076 3880 5157; baseline 0.007 -25"><span class='ocrx_word' id='word_1_914' title='bbox 2226 5077 2422 5133; x_wconf 90' lang='lat' dir='ltr'><strong>animo</strong></span> <span class='ocrx_word' id='word_1_915' title='bbox 2469 5076 2775 5148; x_wconf 86' lang='lat' dir='ltr'><strong>concipere</strong></span> <span class='ocrx_word' id='word_1_916' title='bbox 2808 5076 3120 5148; x_wconf 89' lang='lat' dir='ltr'><strong>imaginem</strong></span> <span class='ocrx_word' id='word_1_917' title='bbox 3155 5078 3552 5151; x_wconf 69' lang='lat' dir='ltr'><strong>hypostaseos,</strong></span> <span class='ocrx_word' id='word_1_918' title='bbox 3587 5088 3644 5138; x_wconf 88' lang='lat' dir='ltr'><strong>et</strong></span> <span class='ocrx_word' id='word_1_919' title='bbox 3676 5094 3880 5157; x_wconf 79' lang='lat' dir='ltr'><strong>postea</strong></span> 
     </span>
    </p>
   </div>
   <div class='ocr_carea' id='block_1_113' title="bbox 2224 5164 3881 5246">
    <p class='ocr_par' dir='ltr' id='par_1_113' title="bbox 2224 5164 3881 5246">
     <span class='ocr_line' id='line_1_114' title="bbox 2224 5164 3881 5246; baseline 0.007 -25"><span class='ocrx_word' id='word_1_920' title='bbox 2224 5165 2369 5222; x_wconf 87' lang='lat' dir='ltr'><strong>velle</strong></span> <span class='ocrx_word' id='word_1_921' title='bbox 2399 5169 2500 5220; x_wconf 88' lang='lat' dir='ltr'><strong>aut</strong></span> <span class='ocrx_word' id='word_1_922' title='bbox 2531 5164 2704 5219; x_wconf 90' lang='lat' dir='ltr'><strong>nolle.</strong></span> <span class='ocrx_word' id='word_1_923' title='bbox 2741 5165 2920 5220; x_wconf 85' lang='lat' dir='ltr'><strong>Filius</strong></span> <span class='ocrx_word' id='word_1_924' title='bbox 2953 5173 3150 5220; x_wconf 89' lang='lat' dir='ltr'><strong>autem</strong></span> <span class='ocrx_word' id='word_1_925' title='bbox 3182 5174 3270 5222; x_wconf 89' lang='lat' dir='ltr'><strong>est</strong></span> <span class='ocrx_word' id='word_1_926' title='bbox 3317 5169 3547 5226; x_wconf 88' lang='lat' dir='ltr'><strong>soboles</strong></span> <span class='ocrx_word' id='word_1_927' title='bbox 3604 5173 3881 5246; x_wconf 75' lang='lat' dir='ltr'><strong>byposta-</strong></span> 
     </span>
    </p>
   </div>
   <div class='ocr_carea' id='block_1_114' title="bbox 2227 5253 3881 5324">
    <p class='ocr_par' dir='ltr' id='par_1_114' title="bbox 2227 5253 3881 5324">
     <span class='ocr_line' id='line_1_115' title="bbox 2227 5253 3881 5324; baseline 0.008 -15"><span class='ocrx_word' id='word_1_928' title='bbox 2227 5271 2378 5320; x_wconf 88' lang='lat' dir='ltr'><strong>sees,</strong></span> <span class='ocrx_word' id='word_1_929' title='bbox 2412 5261 2466 5308; x_wconf 89' lang='lat' dir='ltr'><strong>et</strong></span> <span class='ocrx_word' id='word_1_930' title='bbox 2497 5253 2687 5324; x_wconf 85' lang='lat' dir='ltr'><strong>imago</strong></span> <span class='ocrx_word' id='word_1_931' title='bbox 2717 5271 2959 5324; x_wconf 91' lang='lat' dir='ltr'><strong>prorsus</strong></span> <span class='ocrx_word' id='word_1_932' title='bbox 2985 5255 3272 5312; x_wconf 89' lang='lat' dir='ltr'><strong>invariata</strong></span> <span class='ocrx_word' id='word_1_933' title='bbox 3302 5275 3315 5312; x_wconf 87' lang='lat'><strong>:</strong></span> <span class='ocrx_word' id='word_1_934' title='bbox 3348 5263 3481 5314; x_wconf 87' lang='lat' dir='ltr'><strong>ante</strong></span> <span class='ocrx_word' id='word_1_935' title='bbox 3519 5261 3881 5323; x_wconf 86' lang='lat' dir='ltr'><strong>voluntatem</strong></span> 
     </span>
    </p>
   </div>
   <div class='ocr_carea' id='block_1_115' title="bbox 2227 5341 3879 5421">
    <p class='ocr_par' dir='ltr' id='par_1_115' title="bbox 2227 5341 3879 5421">
     <span class='ocr_line' id='line_1_116' title="bbox 2227 5341 3879 5421; baseline 0.009 -23"><span class='ocrx_word' id='word_1_936' title='bbox 2227 5343 2423 5399; x_wconf 87' lang='lat' dir='ltr'><strong>animo</strong></span> <span class='ocrx_word' id='word_1_937' title='bbox 2455 5342 2695 5413; x_wconf 88' lang='lat' dir='ltr'><strong>concipe</strong></span> <span class='ocrx_word' id='word_1_938' title='bbox 2719 5341 3038 5414; x_wconf 83' lang='lat' dir='ltr'><strong>imaginem</strong></span> <span class='ocrx_word' id='word_1_939' title='bbox 3071 5344 3471 5416; x_wconf 78' lang='lat' dir='ltr'><strong>bypostaseos.</strong></span> <span class='ocrx_word' id='word_1_940' title='bbox 3503 5349 3700 5408; x_wconf 86' lang='lat' dir='ltr'><strong>Anam.</strong></span> <span class='ocrx_word' id='word_1_941' title='bbox 3735 5355 3879 5421; x_wconf 81' lang='lat' dir='ltr'><strong>Quid</strong></span> 
     </span>
    </p>
   </div>
   <div class='ocr_carea' id='block_1_116' title="bbox 2311 5665 3208 5743">
    <p class='ocr_par' dir='ltr' id='par_1_116' title="bbox 2311 5665 3208 5743">
     <span class='ocr_line' id='line_1_117' title="bbox 2311 5665 3208 5743; baseline 0.003 -19"><span class='ocrx_word' id='word_1_942' title='bbox 2311 5669 2425 5743; x_wconf 69' lang='lat'><strong>(67)</strong></span> <span class='ocrx_word' id='word_1_943' title='bbox 2457 5667 2775 5738; x_wconf 72' lang='lat' dir='ltr'><strong>Palatinus;</strong></span> <span class='ocrx_word' id='word_1_944' title='bbox 2807 5665 2867 5722; x_wconf 72' lang='grc' dir='ltr'>ἐκ</span> <span class='ocrx_word' id='word_1_945' title='bbox 2893 5673 2993 5738; x_wconf 79' lang='grc' dir='ltr'><strong>τῆς</strong></span> <span class='ocrx_word' id='word_1_946' title='bbox 3023 5666 3208 5738; x_wconf 79' lang='grc' dir='ltr'><strong>αὐτῆς.</strong></span> 
     </span>
    </p>
   </div>
  </div>
