4116 6376
288 447 443 506 “23

1435 433 1498 495 S.
1551 426 2067 493 ATHANASIUS.
2106 464 2182 477 --
2209 432 2522 497 SPUBIA.

3554 438 3709 499 4124

282 580 374 631 est
403 576 548 630 illud
582 590 596 629 :
627 568 1015 629 Transcendit
1070 570 1263 639 imago
1317 567 1678 623 voluntatem
1700 564 1728 617 ?
1785 561 1917 618 Orth

2053 563 2211 617 εἰκὼν
2263 571 2364 633 τῆς
2416 566 2601 631 οὑσῖας
2661 566 2775 625 οὔτ’
2832 568 3079 648 ἄρχεται,
3144 567 3267 627 οὔτε
3323 569 3570 626 παύεται.
3603 571 3705 625 Καὶ

291 669 403 721 Uoc
432 664 581 729 dico,
616 661 896 735 quoniam
930 658 1248 714 essentiam
1280 656 1585 727 concipere
1616 655 1810 708 mente
1841 666 1944 722 po-

283 760 392 820 tes,
427 754 649 823 absque
670 767 736 805 eo
766 749 943 804 etiam
970 747 1125 818 quod
1155 747 1264 801 hoc
1294 744 1430 800 velit
1461 761 1475 799 :
1518 743 1741 813 absque
1790 739 1945 794 ima-

283 843 420 916 gine
465 856 620 907 vero,
673 855 786 893 non
848 845 1031 909 potes.
1083 836 1227 890 Nam
1260 834 1533 889 voluntas
1563 836 1621 886 et
1650 829 1858 901 incipit
1887 833 1944 883 et

280 931 500 987 desinit
533 946 545 985 :
581 929 776 999 imago
803 943 935 981 vero
967 924 1231 980 essentize
1264 939 1370 978 nec
1426 922 1621 992 inipit,
1676 935 1783 973 nec
1842 919 1942 972 de-

280 1020 443 1077 sinit.
506 1018 617 1074 Sed
675 1022 731 1072 et
763 1016 932 1071 aliter
965 1015 1079 1069 hoc
1109 1014 1325 1083 accipe.
1359 1012 1534 1067 Estne
1568 1011 1718 1065 Deus
1741 1007 1940 1063 volens

280 1113 382 1165 aut
411 1107 619 1161 nolens
649 1104 1002 1159 immortalis
1022 1103 1049 1157 ?
1080 1102 1272 1156 Anam.
1305 1100 1538 1154 Volens.
1602 1097 1758 1153 Orth.
1822 1113 1939 1151 non

277 1197 462 1269 igitur
489 1193 842 1250 immortalis
871 1196 996 1247 erat
1020 1183 1338 1262 antequam
1371 1205 1501 1244 esse
1529 1187 1718 1243 vellet.
1745 1186 1935 1240 Anam.

278 1286 369 1341 Ab
401 1288 615 1340 aeterno
645 1282 774 1337 vult
803 1296 930 1337 esse
961 1278 1358 1335 Immortalis?
1390 1278 1539 1335 Orth.
1575 1278 1644 1331 Et
1673 1277 1746 1331 ab
1773 1280 1936 1329 eter-

276 1389 353 1429 no
385 1388 514 1429 esse
546 1372 732 1427 Pater.
766 1370 931 1425 Sicut
963 1368 1118 1424 enim
1150 1369 1341 1424 dicere
1373 1384 1487 1423 non
1538 1371 1723 1437 potes,
1776 1362 1933 1434 quod

274 1462 497 1523 invitus
526 1460 603 1515 sit
634 1457 1022 1526 immortalis;
1055 1458 1154 1527 ita,
1182 1473 1253 1513 ne
1284 1456 1393 1512 hoc
1425 1455 1684 1528 quidem,
1720 1452 1871 1523 quod
1904 1450 2126 1507 invitus
2158 1454 2235 1509 sit
2279 1455 2448 1513 Pater
2503 1476 2517 1513 :

2055 649 2265 714 ἄλλως·
2299 653 2480 709 Θέλων
2514 656 2653 712 ἐστὶν
2689 658 2972 727 ἀθάνατος,
3002 664 3036 731 ἣ
3098 662 3174 734 μὴ
3236 659 3445 726 θέλωνε
3506 655 3701 732 ⁷Δνόμ.

2053 738 2257 799 Θέλων,
2313 744 2464 819 Ὀρθ.
2519 747 2631 822 Πρὸ
2684 754 2779 803 τοῦ
2839 748 2930 804 οὖν
2988 749 3229 824 θελήσει,
3288 751 3387 805 οὑκ
3440 750 3541 825 ἄρα
3591 750 3704 823 (48)

2051 828 2330 894 ἀθάνατος.
2367 830 2560 907 Ἀνὸμ.
2596 835 2813 900 Ἀϊδῖως
2847 839 2990 895 θέλει
3027 840 3157 895 εἶναι
3191 840 3489 901 ἀθάνατοςε
3547 839 3698 913 Ὀρθ.

2051 918 2147 973 Καὶ
2182 917 2371 983 ἀϊδίως
2440 926 2645 1000 Πατήρ.
2709 927 2796 990 Ὡς
2836 929 2935 1004 γὰρ
2989 930 3049 983 οὗ
3091 926 3217 1003 δύνῃ
3262 929 3452 999 εἱπεῖν,
3503 926 3584 981 ὅτι
3622 928 3698 999 μὴ

2051 1006 2224 1070 θέλων
2285 1009 2424 1065 ἐστὶν
2485 1012 2741 1077 ἀθάνατος
2801 1014 2917 1070 τύδ’
2969 1018 3050 1072 ὅτι
3114 1020 3188 1091 μή
3252 1016 3427 1073 θέλων
3487 1018 3696 1089 Πατήρ·

2047 1095 2139 1149 καὶ
2199 1097 2380 1174 ὥσπερ
2440 1100 2501 1155 οὐ
2559 1110 2884 1179 προηγεῖται
2952 1108 3050 1176 τῆς
3113 1106 3397 1170 ἀθανασίας
3458 1104 3697 1178 θέλημα,

2050 1184 2221 1271 οὕτως
2245 1185 2373 1242 οὑδὲ
2403 1194 2498 1244 τοῦ
2529 1191 2677 1246 Υἷοῦ·
2703 1192 2829 1250 ἀλλ’
2861 1194 3052 1259 ἀϊδίως
3084 1195 3224 1251 ἐστὶν
3260 1196 3384 1257 Υἱὸς
3406 1193 3464 1249 έκ
3490 1196 3700 1271 Πατρὸς

2048 1270 2302 1337 θέλοντος
2357 1281 2774 1354 γεγεννημένος,
2835 1282 2992 1339 εἱκὼν
3035 1292 3134 1356 τῆς
3166 1284 3510 1345 ὑποστάσεως
3562 1270 3699 1339 ἄπα-

2049 1360 2377 1435 ράλλακτος.

2578 1464 2635 1516 et
2681 1465 2747 1516 ut
2795 1478 2900 1519 nec
2956 1463 3409 1534 immortalitati,
3452 1464 3537 1522 ita
3592 1481 3700 1521 nec

274 1550 421 1607 Filio
474 1549 641 1622 praeit
694 1549 986 1616 voluntas,
1045 1547 1147 1602 sed
1206 1546 1279 1601 ab
1334 1550 1547 1601 aeterno
1604 1548 1695 1600 est
1748 1540 1927 1598 Filius
1983 1556 2054 1595 ex
2082 1541 2309 1600 volente
2341 1545 2507 1603 Patre
2538 1548 2791 1621 genitus,
2823 1550 3210 1626 hypostaseos
3240 1552 3432 1628 imago
3462 1553 3698 1629 penitus

273 1638 585 1698 invariata.

348 1725 839 1784 5.Anama:us.Ubi
871 1724 1159 1796 scripturn
1190 1728 1298 1790 est,
1318 1723 1526 1779 Filium
1561 1737 1689 1778 esse
1717 1720 1918 1793 imagi-

2050 1805 2056 1806 γ
2109 1721 2163 1777 5.
2219 1721 2533 1797 ’Λνὸμοιος.
2615 1729 2728 1785 Ποῦ
2814 1727 3127 1806 γέγραπται,
3187 1737 3285 1801 τῆς
3349 1729 3693 1795 ὑποστάσεως

273 1833 411 1874 nem
443 1813 867 1889 hypostaseos?
896 1813 1055 1872 Orth.
1089 1814 1494 1870 Characterem
1527 1812 1931 1884 hypostaseos,

271 1921 375 1961 seu
410 1931 432 1959 ι
468 1905 715 1978 ﬁguram
749 1903 1095 1959 substantiae
1124 1902 1172 1936 τι
1202 1922 1230 1952 »
1267 1899 1416 1956 nihil
1449 1899 1607 1956 aliud
1657 1915 1786 1954 esse
1841 1898 1930 1952 in-

269 1993 492 2066 telligo,
553 2009 734 2065 quam
784 1993 1100 2063 imaginem
1133 1991 1519 2063 hypostaseos
1550 2004 1695 2045 esse.
1732 1988 1927 2043 Anam.

268 2083 598 2149 Enimvero,
624 2098 821 2137 annon
852 2081 939 2134 vir
968 2095 1203 2152 quoque
1262 2079 1541 2134 scribitur
1597 2095 1726 2134 esse
1781 2077 1930 2131 ima-

269 2187 343 2244 go
401 2176 458 2228 et
512 2171 698 2243 gloria
754 2169 906 2225 Dei?
959 2169 1111 2226 Orth.
1158 2168 1355 2225 Sane:
1390 2172 1451 2223 at
1482 2184 1596 2223 non
1630 2166 1932 2223 character

268 2260 691 2333 hypostaseos.
759 2258 926 2314 Aliud
995 2262 1086 2313 est
1150 2260 1368 2324 autem,
1438 2256 1755 2328 imaginem
1827 2255 1925 2310 Dei

267 2365 417 2418 esse,
475 2366 649 2420 quam
708 2364 837 2404 esse
876 2347 1274 2402 characterem
1307 2346 1686 2418 bypaslaseos
1717 2345 1924 2415 ipsius.

267 2438 413 2494 Nam
443 2437 741 2511 Opiﬁcium
769 2436 946 2493 habet
976 2436 1214 2507 quidem
1246 2435 1565 2507 imaginem
1632 2433 1775 2490 artis
1832 2433 1924 2489 sui

268 2526 531 2595 artiﬁcis,
585 2543 618 2581 a
648 2542 764 2598 quo
793 2525 1061 2581 effectum
1096 2528 1204 2593 est,
1236 2524 1621 2596 hypostaseos
1642 2539 1774 2578 vero
1808 2524 1922 2577 mi-
1970 2557 1983 2569 .

270 2618 451 2671 nime.
484 2617 678 2671 Anam.
714 2613 919 2670 Nescio
964 2613 1102 2686 quid
1137 2613 1321 2677 dicas,
1373 2611 1608 2684 planius
1663 2612 1917 2682 loquere.

268 2705 421 2762 Orth.
483 2705 797 2759 Scamnum
824 2703 1001 2758 habet
1030 2702 1348 2775 imaginem
1380 2700 1524 2757 artis
1558 2700 1702 2756 fabri
1736 2718 1749 2756 :
1784 2718 1919 2757 nam

269 2794 318 2850 si
349 2810 658 2850 scamnum
691 2792 904 2858 videro,
938 2808 1190 2864 agnosco
1221 2809 1254 2847 a
1279 2791 1438 2846 fabro
1481 2792 1699 2846 factum
1743 2808 1870 2846 esse
1902 2808 1916 2846 :

265 2885 324 2938 et
380 2882 428 2938 si
489 2881 814 2937 naviculam
847 2896 1226 2949 conspexero,
1261 2896 1514 2952 agnosco
1547 2896 1676 2934 esse
1707 2896 1854 2952 opus
1888 2897 1920 2934 a

267 2971 613 3027 fabricatore
642 2970 879 3025 navium
916 2969 1266 3031 confectum.
1300 2969 1453 3040 quod
1490 2969 1568 3023 sit
1593 2969 1789 3041 imago
1822 2987 1916 3025 ar-

260 3059 438 3116 tiﬁcis
468 3064 525 3114 et
552 3059 740 3132 gloria
768 3058 910 3114 artis
949 3058 1109 3113 illius
1165 3074 1178 3113 :

265 3148 584 3205 character.
645 3148 763 3204 Nec
814 3148 971 3204 enim
1030 3151 1129 3202 aut
1177 3164 1483 3203 scamnum
1519 3154 1619 3201 aut
1653 3147 1917 3212 navicula

265 3238 442 3294 habet
472 3237 862 3293 characterem
896 3236 1124 3309 opiﬁcis
1164 3236 1252 3291 sui
1289 3254 1302 3291 :
1336 3253 1468 3291 cum
1530 3235 1624 3290 hic
1677 3237 1916 3308 quidem

266 3326 345 3382 sit
397 3326 573 3382 homo
605 3325 927 3398 hypnstasi,
960 3342 1265 3380 scamnum
1299 3329 1495 3380 autem
1527 3324 1615 3380 vel
1647 3325 1917 3381 navicula

266 3431 380 3471 non
412 3415 573 3471 item.
607 3415 697 3469 Sic
727 3414 901 3470 etiam
936 3413 1110 3469 homo
1137 3418 1225 3469 est
1248 3415 1439 3486 imago
1470 3418 1527 3468 et
1556 3413 1742 3485 gloria
1790 3414 1911 3486 Dei,

264 3504 363 3576 qui
418 3503 616 3577 ipsum
669 3503 950 3559 condidit.
1001 3503 1251 3570 Etenim,
1283 3508 1348 3557 ut
1377 3503 1457 3558 ait
1488 3509 1728 3558 sanctus
1758 3503 1914 3559 Salo-

266 3609 400 3649 mon
438 3608 451 3647 :
485 3615 515 3643 «
548 3592 924 3664 Proportione
955 3592 1231 3665 quadam,
1260 3590 1494 3647 illarum
1555 3608 1751 3647 rerum
1805 3610 1912 3648 au-

258 3685 389 3738 ctor
441 3680 801 3752 conspicitur
842 3685 896 3736 et
926 3680 1112 3753 gloria
1143 3680 1414 3749 afﬁcitur,
1447 3697 1515 3734 ex
1546 3697 1610 3735 eo
1643 3684 1797 3751 quod
1831 3682 1910 3736 ef-

260 3771 481 3827 fectum
510 3775 636 3826 est:
670 3771 714 3805 ⁷⁵
747 3792 775 3819 ››
809 3786 921 3825 ncn
952 3775 1147 3824 tamen
1184 3773 1273 3824 est
1305 3769 1608 3825 character
1637 3769 1912 3843 byposta-

260 3876 392 3917 secs
423 3859 673 3933 opiﬁcis,
700 3860 799 3915 sed
834 3860 1117 3915 duntaxat
1147 3858 1377 3913 virtutis
1409 3859 1537 3930 ejus
1583 3859 1909 3915 eii'cctricis.

261 3955 332 4004 At
365 3949 546 4005 Filius
576 3954 664 4004 est
692 3949 994 4004 character
1022 3947 1444 4020 hypostaticus.
1479 3948 1679 4019 Inquit
1711 3949 1864 4004 enim
1897 3968 1909 4006 :

260 4060 288 4089 ι(
321 4038 427 4104 Qui
457 4037 607 4094 vidit
637 4055 750 4105 me,
783 4037 924 4093 vidit
956 4040 1182 4092 Patrem
1220 4053 1411 4091 meum
1473 4038 1517 4072 ⁷⁵
1577 4055 1589 4091 :
1654 4058 1676 4089 ιο
1740 4056 1912 4095 nemo

257 4145 415 4196 vero,
450 4129 602 4199 quod
633 4127 843 4183 viderit
872 4126 1197 4191 hominem,
1230 4125 1449 4182 idcirco
1484 4127 1626 4182 vidit
1656 4127 1907 4186 Patrem.

259 4219 449 4273 Anam.
483 4216 592 4273 Ubi
625 4216 909 4288 scriptum
943 4212 1054 4285 est,
1090 4215 1296 4270 Filium
1332 4233 1460 4271 esse
1515 4216 1907 4274 characterem

259 4305 688 4379 hypostaseos‘?
743 4304 897 4361 Orth.
963 4309 1125 4376 Apud
1180 4305 1509 4376 apostnlum
1568 4307 1815 4363 Paulum
1852 4310 1909 4363 in

259 4394 520 4468 Epistola
553 4394 623 4450 ad
659 4395 945 4450 Hebraeos.
981 4393 1171 4449 Anam.
1206 4393 1328 4449 Non
1364 4394 1645 4467 recipitur
1702 4397 1758 4451 in
1812 4398 1911 4454 Ec-

2044 1805 2183 1863 ἐστιν
2216 1811 2373 1866 εἰκὼν
2405 1813 2433 1868 ὃ
2466 1811 2626 1878 Υἱὸς;
2672 1805 2833 1893 Ὀρθ.
2864 1819 2963 1873 Τὸν
3022 1826 3346 1896 χαρακτῆρα
3400 1827 3502 1891 τῆς
3554 1820 3694 1875 ὑπο-

2043 1897 2278 1962 στάσεως
2319 1900 2471 1986 οὑδὲν
2528 1903 2668 1961 ἄλλο
2725 1908 2836 1962 νοῶ
2885 1908 2918 1977 ἣ
2950 1904 3130 1963 εἱκὸνα
3162 1914 3297 1986 εςίναι
3328 1912 3427 1976 τῆς
3457 1907 3689 1965 ὑποστά-

2042 2005 2199 2072 σεως.
2256 1985 2444 2062 Ἀνὸμ.
2503 1992 2563 2050 Ὁ
2628 1994 2728 2070 γὰρ
2788 1995 2923 2069 ἀνὴρ
2956 1996 3018 2051 οὑ
3051 1985 3352 2072 γέγραπται
3386 1998 3545 2053 εἰκὼν
3601 1996 3692 2051 καὶ

2041 2068 2167 2147 δὸξα
2198 2082 2362 2134 Θεοῦε
2400 2081 2550 2155 Ὀρθ.
2604 2068 2761 2139 Ἀλλ’
2801 2068 2931 2159 οὐχὶ
2960 2068 3252 2163 χαρακτὴρ
3303 2092 3403 2157 τῆς
3464 2087 3695 2142 ὑποστά-

2040 2182 2196 2226 σεως.
2229 2164 2407 2222 ’Άλλο
2439 2165 2497 2224 δέ
2527 2169 2667 2226 ἐστιν
2700 2167 2880 2228 εἱκὸνα
2911 2178 3043 2229 Θεοῦ
3076 2175 3231 2247 εἶναι,
3274 2174 3364 2230 καὶ
3411 2174 3552 2232 ἄλλο
3583 2195 3691 2252 χα-

2040 2260 2281 2329 ρακτῆρα
2339 2256 2682 2324 ὑποστάσεως
2732 2262 2920 2320 αὑτοῦ.
2978 2263 3050 2318 Τὸ
3103 2264 3205 2340 γὰρ
3266 2260 3419 2340 ἔργον
3445 2269 3543 2320 τοῦ
3602 2263 3690 2341 ἐρ·

2035 2344 2338 2430 γασαμένο.)
2370 2348 2618 2422 τεχνίτου
2646 2346 2760 2426 ἔχει
2790 2353 2889 2421 τήν
2938 2347 3121 2407 εἱκὸνα
3166 2360 3267 2423 τῆς
3297 2352 3518 2430 τέχνης.
3558 2353 3688 2430 οὑχὶ

2037 2427 2095 2485 δὲ
2145 2438 2247 2503 τῆς
2307 2434 2668 2501 ὑποστάσεως.
2723 2436 2917 2513 Ἀνὸμ.
2976 2442 3036 2496 Τί
3077 2439 3253 2517 λέγεις
3286 2427 3556 2498 οὑκνοῖδα·
3592 2427 3686 2497 σά-

2035 2519 2287 2609 φέστερον
2342 2525 2479 2582 εἶπέ.
2550 2528 2700 2601 Ὀρθ,
2758 2533 2862 2584 Τοῦ
2916 2532 3166 2594 τέκτονος
3221 2533 3283 2587 τὸ
3337 2532 3532 2606 βάθρον
3567 2528 3683 2609 ἔχει

2030 2610 2130 2697 τὴν
2166 2607 2343 2667 εὶκὸνα
2399 2622 2500 2684 τῆς
2554 2616 2777 2692 τέχνης·
2845 2618 2931 2674 ἐὰν
2992 2620 3095 2696 γάρ
3148 2617 3248 2676 ῗ’δω
3284 2622 3504 2697 βάθρον,
3537 2607 3682 2691 οἴδα,

2032 2694 2113 2753 ὅτι
2150 2701 2252 2757 ὑπὸ
2280 2705 2531 2767 τέκτονος
2562 2704 2795 2782 ἐγένετο·
2840 2708 2935 2763 κᾶν
2967 2694 3076 2764 ἴδω
3120 2694 3341 2778 πλοῖον,
3390 2694 3540 2777 οἴδα,
3599 2711 3681 2767 ὅτι

2030 2786 2134 2841 ὑπὸ
2162 2796 2440 2867 ναυπηγοῦ
2471 2792 2579 2847 ἐστι
2611 2794 2673 2848 τὸ
2717 2790 2893 2871 ἔργον,
2942 2802 3038 2851 τοῦ
3098 2797 3471 2873 ἐργασαμένου
3522 2801 3682 2855 εἱκὼν

2027 2877 2115 2930 καὶ
2169 2873 2292 2949 ἃὸξα
2320 2887 2420 2949 τῆς
2451 2882 2672 2958 τέχνης·
2730 2886 2792 2939 οὑ
2844 2886 2951 2958 μὴν
2982 2885 3071 2942 καῖ
3103 2889 3388 2964 χαρακτὴρ
3417 2890 3515 2958 τῆς
3547 2889 3679 2943 ὑπο-

2029 2967 2284 3054 οτάσεως.
2347 2970 2424 3028 Οὔ
2481 2973 2582 3048 γὰρ
2638 2973 2730 3027 τὸν
2794 2979 3114 3052 χαρακτῆρα
3158 2981 3255 3031 τοῦ
3307 2976 3677 3054 ἐργασαμένου

1243 3063 1301 3113 at
1358 3075 1472 3112 non
1532 3058 1916 3131 hypoctaseos

2030 3053 2148 3159 ἔχει
2176 3057 2237 3112 τὸ
2272 3057 2468 3134 βάθρον
2500 3062 2533 3130 ἦ
2561 3062 2622 3115 τὸ
2671 3061 2890 3117 πλοῖον·
2926 3066 2954 3119 ὁ
2990 3066 3083 3137 μὲν
3106 3065 3206 3141 γάρ
3233 3053 3371 3121 ἐστιν
3397 3068 3678 3143 ἅνθρωπος

2027 3147 2095 3219 τῇ
2130 3146 2435 3217 ὑποστάσει,
2468 3149 2531 3204 τὸ
2563 3148 2617 3205 δὲ
2655 3152 2849 3227 βάθρον
2882 3154 2915 3222 ἣ
2942 3154 3003 3208 τὸ
3036 3153 3231 3209 πλοῖον
3278 3152 3362 3212 οῦ.
3396 3157 3555 3212 Οὕτω
3585 3157 3675 3211 καὶ

2026 3233 2053 3287 ὁ
2086 3235 2370 3311 ἅνθρωπος
2427 3243 2524 3293 τοῦ
2581 3241 2806 3313 θεμένου
2864 3243 3021 3296 αὑτὸν
3081 3248 3212 3297 Θεοῦ
3244 3244 3401 3299 εἱκὼν
3426 3246 3514 3299 καί
3549 3241 3676 3317 δὸξα

2026 3322 2155 3380 ἐστί.
2193 3326 2294 3381 Καὶ
2326 3328 2429 3402 γάρ
2461 3327 2593 3383 κατᾶ
2622 3328 2712 3383 τὸν
2747 3330 2900 3405 ἅγιον
2933 3330 3240 3405 Σολομῶνα
3271 3336 3403 3404 (49).
3444 3360 3463 3385 α
3519 3335 3675 3389 Ἀνα-

2025 3408 2202 3488 λὸγως
2233 3416 2260 3468 ὂ
2292 3419 2667 3492 γενεσιουργὸς
2700 3419 2874 3473 αὑτῶν
2914 3427 3193 3497 θεωρεῖται
3245 3422 3334 3477 καὶ
3395 3421 3671 3496 δοξάζεται

2023 3499 2082 3554 ἐκ
2109 3506 2205 3556 τοῦ
2235 3500 2537 3579 γεγονότος·
2575 3530 2601 3557 ››
2634 3506 2696 3560 οὑ
2731 3509 2837 3579 μὴν
2886 3500 3169 3587 χαρακτήρ
3221 3510 3333 3566 ἐστι
3379 3519 3479 3581 τῆς
3541 3513 3671 3568 ὑπο-

2023 3591 2257 3652 στάσεως
2284 3597 2381 3646 τοῦ
2411 3596 2796 3665 πεποιηκότος,
2830 3595 2955 3652 ἀλλ’
3001 3599 3034 3667 ἢ
3079 3599 3179 3675 ἄρα
3232 3607 3332 3669 τῆς
3384 3600 3667 3677 ἐνεργείας.

2019 3679 2082 3736 Ὀ
2137 3677 2194 3733 δὲ
2226 3681 2344 3742 Υἱὸς
2377 3685 2660 3759 χαρακτὴρ
2688 3682 3064 3749 ἐνυπὸστατος.
3120 3689 3272 3763 Λέγει
3329 3688 3450 3765 γάρ·
3513 3715 3540 3741 ‹‹
3610 3692 3673 3749 Ὁ

2023 3767 2277 3843 ἑωρακὼς
2317 3770 2414 3843 ἐμὲ
2472 3773 2676 3847 ἑώρακε
2734 3774 2824 3828 τὸν
2858 3777 3067 3852 Πατέρα
3114 3797 3293 3850 μου·»
3362 3776 3542 3842 οὐδεὶς
3601 3778 3683 3855 δὲ,

2021 3859 2276 3933 ἒωρακὼς
2333 3860 2640 3935 ἄνθρωπον,
2703 3861 2810 3917 εἶδε
2858 3864 2948 3918 τὸν
3023 3866 3252 3941 Πατέρα.
3309 3868 3482 3941 Ἀνὸμ
3562 3874 3677 3925 Ποῦ

2018 3947 2334 4024 γέγραπται,
2395 3948 2475 4004 ὅτι
2534 3955 2818 4027 χαρακτήρ
2891 3952 2999 4007 ἐστι
3051 3961 3149 4024 τῆς
3223 3956 3569 4020 ὑποστάσεως
3647 3959 3675 4012 ὁ

2021 4038 2185 4104 Υἱόςς
2217 4040 2366 4114 Ὀρο.
2420 4041 2572 4115 Παρὰ
2622 4046 2701 4113 τῷ
2745 4041 3037 4116 ἀποστὸλῳ
3072 4043 3273 4117 Παύλῳ
3330 4045 3381 4099 ἐν
3416 4050 3484 4120 τῇ
3530 4048 3670 4122 πρὸς

2021 4122 2328 4203 Ἑϐραίους.
2354 4130 2544 4202 Ἀνόμ.
2580 4131 2693 4187 Οὑκ
2724 4130 3175 4203 ἐκκλησιάζεται;
3217 4136 3371 4211 Ὀρθ.
3429 4137 3549 4215 ’Δφ³
3598 4133 3659 4191 οὗ

2018 4215 2332 4292 κατηγγέλη
2368 4219 2430 4273 τὸ
2461 4217 2792 4294 Εὐαγγέλιον
2826 4222 3079 4296 Χριστοῦ,
3114 4222 3337 4279 Παύλου
3384 4225 3520 4281 εἶναι
3577 4246 3672 4282 πε-

2019 4306 2296 4362 πίστευται
2347 4310 2381 4377 ἡ
2444 4307 2730 4380 ἐπιστολή·
2779 4309 2867 4364 καὶ
2928 4312 3041 4383 μετ’
3070 4313 3238 4382 αὑτῆς
3271 4314 3404 4369 εἶσιν
3458 4314 3674 4372 ἐπιστο-

2020 4394 2109 4450 λαὶ
2146 4392 2214 4450 ιδ’
2244 4396 2295 4450 αἶ
2324 4401 2489 4450 πᾶσαι
2518 4401 2614 4451 τοῦ
2646 4397 2889 4455 Παύλου.
2918 4398 3111 4472 Ἀνόμ.
3167 4400 3461 4478 Ἀνέγνως,
3502 4402 3585 4459 ὅτι
3619 4402 3671 4460 ἐν

256 4460 455 4541 etesia.
512 4483 667 4540 Orth.
701 4484 780 4540 Ex
812 4500 928 4555 quo
960 4483 1375 4539 annuntiatum
1409 4460 1503 4539 est
1530 4485 1904 4558 Evangelium

3053 4460 3062 4472 ,
3310 4460 3320 4478 ,
3426 4460 3459 4466 -.

2030 4486 2116 4557 μὲν
2171 4485 2368 4546 πάσαις
2424 4486 2485 4540 τὸ
2535 4480 2710 4558 ὄνομα
2758 4488 2927 4543 αὑτοῦ
2975 4486 3288 4565 ἐμφέρεται,
3335 4491 3386 4545 ἰν
3417 4490 3475 4547 δὲ
3502 4494 3672 4571 ταύτῃ

257 4572 496 4644 Christi,
530 4573 814 4628 creditum
849 4576 937 4627 est
965 4571 1117 4628 hanc
1147 4572 1469 4643 Epistolam
1517 4573 1676 4628 Pauli
1729 4590 1857 4631 esse
1891 4589 1904 4627 :

253 4666 311 4719 et
339 4679 406 4719 ea
436 4665 877 4724 connumerata,
911 4676 1115 4716 omnes
1141 4659 1420 4732 Epistolas
1451 4660 1615 4716 Pauli
1646 4670 1785 4717 sunt
1810 4681 1911 4718 nu-

258 4767 417 4807 mero
465 4749 930 4822 quatuordecim.
993 4751 1182 4805 Anam.
1248 4749 1515 4817 Legistin’
1572 4750 1630 4805 in
1685 4754 1910 4809 cmteris

252 4840 529 4896 omnibus
589 4839 831 4909 proferri
889 4854 1101 4894 nomen
1152 4838 1364 4910 ipsius,
1397 4839 1454 4893 in
1488 4838 1594 4893 hac
1628 4857 1760 4896 vero
1794 4859 1908 4898 non

253 4929 447 4985 item?
487 4927 653 4984 Orth.
712 4928 855 4983 Cum
916 4927 1171 4983 Hebraeis
1233 4928 1535 4992 scriberet,
1595 4929 1691 4997 qui
1756 4931 1909 4989 fama

255 5021 618 5090 acceperant,
681 5017 876 5090 ipsum
933 5016 1202 5072 homines
1260 5017 1463 5072 docere
1521 5018 1904 5079 defectionem

251 5125 287 5163 a
317 5106 464 5180 lege,
497 5124 571 5163 ne
600 5106 790 5178 ipsius
823 5122 1034 5161 nomen
1070 5105 1470 5169 abhorrentes,
1524 5123 1693 5164 aures
1750 5116 1843 5168 41
1865 5116 1898 5171 ι

249 5195 640 5262 occluderent,
703 5200 1011 5267 propterea
1059 5212 1092 5249 a
1153 5193 1420 5248 Patribus
1454 5195 1533 5249 ita
1565 5213 1735 5255 orsus
1767 5208 1854 5258 est
1887 5221 1899 5258 :

249 5308 277 5335 ‹‹
313 5283 689 5341 Multifariam
727 5283 1041 5355 multisque
1073 5282 1263 5338 modis
1294 5281 1433 5338 olim
1468 5284 1622 5342 Deus
1671 5286 1902 5350 locutus

250 5374 517 5446 patribus
573 5372 635 5429 in
693 5372 1015 5446 pronhetis,
1074 5370 1301 5427 ultimis
1361 5371 1518 5429 hisce
1580 5375 1787 5437 diebus
1818 5381 1899 5437 ln-

319 5525 364 5571 τι
396 5526 566 5582 Hebr.
600 5542 640 5593 ι,
670 5525 724 5580 3.
800 5526 846 5561 ⁷³
875 5526 1011 5598 Sap.
1043 5541 1167 5596 xm,
1197 5523 1252 5578 5.
1329 5525 1373 5560 ⁷⁸
1401 5527 1567 5583 Joan.
1601 5545 1717 5602 xxv,
1739 5532 1799 5591 9.

248 5675 430 5820 ἅρὲιίῖὃ)
462 5680 525 5733 Ia
580 5679 761 5735 Palat.
797 5686 851 5735 et
910 5678 1059 5734 F610.
1119 5676 1270 5734 Βᾶίῆ
1314 5690 1469 5750 vero,
1509 5677 1735 5753 θελήσαι
1794 5684 1888 5741 οῦν

2023 4571 2119 4642 οὕ;
2155 4575 2303 4648 Ὀρθ.
2362 4576 2485 4631 Ὅτι
2537 4571 2812 4650 Ἑϐραίοις
2845 4575 3089 4655 ἔγραφεν·
3148 4580 3283 4649 ἦσαν
3332 4578 3390 4637 δὶ
3419 4603 3673 4660 κατηχη-

2020 4662 2194 4726 θέντες
2224 4663 2346 4738 περὶ
2378 4664 2566 4720 αὑτοῦ.
2601 4664 2684 4720 ὅτι
2732 4665 3056 4721 ἀποστασίαν
3119 4664 3378 4724 διδάσκει·
3439 4673 3529 4727 καὶ
3578 4670 3671 4728 *ἕνα

2024 4755 2122 4827 μή,
2203 4754 2564 4829 σειριάσαντες
2643 4756 2807 4811 αὑτοῦ
2864 4757 2926 4811 τὸ
2986 4756 3182 4832 ὄνομα,
3243 4757 3504 4815 κλείσωσι
3563 4764 3663 4832 τὴν

2020 4844 2205 4913 ἀκοήν·
2259 4840 2347 4897 ’ὀιᾶ
2401 4847 2562 4899 τοῦτο
2618 4843 2723 4899 ἀπὸ
2771 4849 2878 4899 τῶν
2932 4849 3180 4923 πατέρων
3211 4845 3437 4925 ἤρξατο,
3472 4849 3665 4927 λέγων·

2022 4931 2361 5006 Ιῐολυμερῶς
2421 4933 2508 4987 καὶ
2569 4933 2916 5011 πολυτρόπους
2973 4934 3363 5000 πάλαιὸΘεὸς
3422 4936 3668 5011 λαλήσας

2016 5027 2131 5084 τοῖς
2164 5023 2421 5096 πατράσιν
2455 5025 2615 5097 ἡμῶν
2650 5023 2700 5077 ἐν
2747 5030 2862 5086 τοῖς
2918 5028 3249 5100 προφήταις,
3303 5025 3387 5082 ἐπ’
3436 5027 3666 5104 ἒσχάτου

2014 5116 2121 5167 τῶν
2156 5115 2377 5188 ἡμερῶν
2432 5110 2695 5181 ἐλάλησεν
2728 5115 2863 5185 ἡμῖν
2897 5113 2946 5167 ἐν
2982 5116 3113 5187 Υἱῷ.
3151 5140 3178 5167 ››
3210 5117 3333 5174 ’Ότι
3382 5114 3438 5170 δὲ
3497 5117 3660 5170 αὐτοῦ

2018 5201 2156 5257 ἐστιν
2190 5205 2224 5271 ἡ
2276 5201 2560 5269 ἐπιστολὴ,
2619 5203 2843 5279 φανερόν
2903 5202 3013 5258 ἐστι
3070 5204 3157 5259 καὶ
3215 5205 3316 5260 ἀπὸ
3346 5209 3441 5259 τοῦ
3470 5202 3659 5267 τέλους

2011 5298 2111 5361 τῆς
2142 5288 2457 5359 ἐπιστολῆς.
2496 5290 2782 5363 Μέμνηται
2813 5291 2912 5367 γάρ
2962 5291 3051 5346 καὶ
3098 5293 3398 5366 Τιμοθέου,
3456 5293 3654 5370 λέγων·

2014 5407 2043 5435 ‹‹
2075 5382 2373 5436 Γινώσκετε
2428 5379 2518 5435 τὸν
2573 5376 2804 5457 ἀδελφὸν
2864 5382 3024 5455 ἡμῶν
3076 5383 3347 5457 Τιμόθεον
3389 5383 3664 5441 ἀπολελυ-

2072 5686 2184 5761 (49)
2215 5672 2400 5744 Palat.
2433 5686 2569 5742 κατὰ
2594 5686 2685 5742 τὸν
2718 5686 2872 5764 ἅγιον
2906 5670 3149 5749 Παῦλον.
