4116 6366
365 433 518 496 “25

1342 430 1445 492 DE
1490 424 1792 493 SANGTA
1836 427 2264 490 TRINITATE
2309 425 2698 495 DIALOGUS
2743 431 2789 493 Ι.

3617 439 3774 499 “26

365 566 547 639 μένον,
585 564 703 637 μεθ’
753 562 837 631 οῦ,
869 561 956 617 ἐὰν
1006 561 1198 638 τάχιον
1251 559 1504 638 ἔρχηται,
1539 557 1743 635 ὄψομαι
1793 561 1950 634 ὑμᾶς.
1989 585 2014 612 ››

2136 567 2301 618 cutus
2334 569 2424 619 est
2455 566 2623 621 nobis
2657 567 2714 621 in
2747 567 2887 622 Filio
2918 569 2981 622 ⁷⁷.
3021 591 3047 616 n
3080 569 3237 624 Hanc
3269 574 3464 626 autem
3497 586 3626 628 esse
3684 573 3776 645 ip-

362 659 486 712 sius
520 653 862 727 Epistolam,
892 660 1134 725 apparet
1164 655 1341 709 etiam
1375 653 1444 708 ex'
1475 654 1589 708 fine
1621 652 1910 724 Epistolas.
1949 652 2216 707 Meminit
2246 656 2402 708 enim
2436 655 2610 709 etiam
2650 655 2938 710 Timothei
3001 657 3091 712 his
3149 660 3337 714 verbis

3399 678 3410 714 :
3473 684 3500 710 «
3561 664 3776 720 Scitote

364 747 602 801 fratrem
636 751 903 798 nostrum
935 743 1310 799 Timotheum
1343 743 1656 799 liberatum
1686 759 1833 807 esse,
1869 758 2001 796 cum
2036 759 2173 813 quo,
2210 743 2258 797 si
2287 743 2400 797 cito
2430 745 2679 810 venerit,
2713 761 2811 798 vos
2843 745 3049 800 videbo
3081 748 3142 802 ⁷⁸.
3179 770 3206 796 ››

435 835 487 888 6.
552 830 858 903 Ἀνόμοιος.
920 830 1024 883 Κᾶν
1101 827 1303 902 δῶμεν,
1366 828 1449 884 ὅτι
1513 827 1731 883 Παύλου
1797 827 1935 882 ἐστὶν
1979 830 2012 896 ἡ

365 918 686 988 Ἐπιστολὴ,
725 917 871 974 ἀλλὰ
902 920 929 972 ὁ
957 914 1254 994 ’χαρακτὴρ
1287 920 1398 990 (50)
1428 925 1526 986 τῆς
1581 916 1920 978 ὑποστάσεως
1968 916 2018 968 έν

363 1014 432 1083 τῇ
486 1008 774 1063 ὑποστάσει
823 1003 940 1082 ἔχει
988 1009 1048 1062 τὸ
1101 1008 1259 1073 εἶναι,
1294 1007 1393 1061 οὑκ
1433 1007 1482 1061 ἐν
1536 1003 1647 1076 ἱδίᾳ
1681 1009 1828 1078 ζωῇς
1864 1008 2012 1079 Ὀρθ.

367 1097 528 1153 Ἀλλ’
561 1097 622 1151 οὑ
659 1096 821 1168 μόνον
877 1093 1088 1171 εἷ’ρηται
1133 1095 1418 1170 χαρακτὴρ
1474 1093 1839 1162 ὑποστάσεως,
1873 1091 2019 1146 ἀλλὰ

363 1187 454 1243 καὶ
491 1183 751 1247 Tingim
797 1184 858 1239 τὸ
909 1183 1264 1239 ἐνυπόστατον
1325 1185 1624 1256 νοήσωμεν.
1661 1181 2019 1255 Ἀπαύγασμα

363 1277 466 1353 γὰρ
527 1272 761 1348 εἷ’ρηται,
795 1271 884 1327 διὰ
936 1273 998 1328 τὸ
1059 1269 1344 1333 συναϊδίως
1399 1271 1449 1341 ἐξ
1508 1271 1672 1325 αὑτοῦ
1723 1270 1872 1323 εἶναι·
1914 1289 2019 1342 χα-

369 1365 576 1442 ρακτὴρ
638 1361 726 1417 διὰ
776 1363 875 1431 τὴν
937 1361 1238 1435 ὁμοιότητα
1294 1368 1393 1431 τῆς
1453 1361 1835 1420 ὑποστάσεως·
1901 1359 2018 1419 ι’ἱὸς

371 1451 461 1508 διὰ
485 1454 546 1508 τὸ
577 1451 953 1507 ἐνυπόστατον.
989 1450 1179 1524 Ἀνόμ.
1214 1449 1311 1505 Καὶ
1359 1453 1522 1522 ἡμεῖς
1569 1447 1799 1524 λέγομεν
1847 1448 2020 1501 πάντα

373 1544 502 1598 εἶναι
535 1542 593 1596 ἐκ
619 1541 717 1596 τοῦ
759 1545 912 1596 Θεοῦ.
946 1541 1096 1616 Ὀρθ.
1131 1538 1303 1596 Ἀλλᾶ
1342 1539 1409 1592 τὰ
1460 1538 1554 1610 μὶν
1612 1533 1752 1591 ἔστιν
1808 1535 1866 1590 ἐκ
1918 1543 2018 1604 τῆς

372 1630 597 1700 ιντολῆς
673 1630 837 1685 αὐτοῦ
909 1626 1317 1704 δημιουργικῶς
1352 1649 1364 1660 ·
1425 1629 1452 1681 ὁ
1508 1623 1565 1681 δὲ
1629 1627 1748 1687 Υἱὸς
1809 1625 1867 1680 ἐκ
1921 1631 2020 1693 τῆς

373 1721 714 1782 ὑποστάσεως
748 1722 1080 1794 γεννητικὼς
1113 1719 1173 1772 τὸ
1223 1716 1281 1772 δὲ
1336 1721 1553 1788 Πνεῦμα
1603 1715 2017 1787 ἐκπορευτικῶς.

371 1809 561 1882 Ἀνόμ.
596 1808 698 1864 Καὶ
753 1811 815 1862 τὸ
876 1811 1096 1880 Πνεῦμα
1149 1805 1208 1860 ἐκ
1253 1813 1351 1874 τῆς
1397 1805 1740 1859 ὑποστάσεως
1803 1802 2017 1877 λέγεις;

2199 833 2253 884 6.
2313 833 2621 886 Anomwus.
2658 833 2894 888 Etiamsi
2929 834 3076 889 hanc
3111 835 3423 906 Epistolam
3459 839 3619 895 Pauli
3649 858 3777 898 esse

2127 922 2539 986 concedamus,
2588 928 2843 976 attamen
2894 924 3196 978 character
3241 925 3620 996 hypostascos
3671 930 3777 986 ha-

2126 1007 2223 1061 bet
2273 1027 2402 1063 esse
2470 1010 2528 1063 in
2587 1011 2909 1081 hyposlasi,
2955 1030 3067 1066 non
3097 1013 3153 1066 in
3189 1017 3420 1084 prOpria
3449 1017 3586 1072 vita.
3625 1020 3775 1076 Orth.

2127 1103 2198 1150 At
2232 1096 2498 1153 Christus
2534 1116 2647 1152 non
2709 1106 2935 1154 tantum
2991 1101 3205 1155 dicitur
3255 1103 3557 1160 character
3609 1106 3782 1180 hypo-

2129 1191 2375 1250 staseos,
2438 1204 2638 1242 verum
2699 1188 2871 1242 etiam
2939 1189 3136 1259 Filius,
3203 1197 3265 1245 ut
3323 1192 3467 1248 illud
3502 1194 3781 1266 hyposta-

2128 1275 2310 1330 ticum
2344 1276 2767 1348 intelligamus.
2806 1278 3026 1333 Dicitur
3057 1279 3209 1336 enim
3266 1280 3566 1352 splendor,
3627 1288 3780 1355 quod

2127 1381 2247 1418 una
2291 1366 2366 1420 sit
2397 1381 2463 1420 ex
2496 1366 2621 1438 ipso
2655 1369 2726 1421 ab
2757 1373 2968 1423 aeterno
3003 1385 3014 1423 :
3051 1369 3352 1426 character
3381 1389 3512 1429 vero
3545 1383 3784 1448 prapter

2127 1453 2510 1526 hypostaseos
2542 1455 2992 1512 similitudinem
3024 1476 3034 1512 :
3072 1457 3253 1514 Filius
3299 1460 3571 1534 denique,
3623 1467 3779 1536 quod

2131 1545 2206 1596 sit
2237 1543 2295 1598 in
2329 1541 2648 1615 hypostasi.
2685 1546 2878 1600 Anam.
2915 1545 3176 1602 Dicimus
3207 1555 3263 1602 et
3295 1567 3400 1605 nos
3431 1553 3628 1608 omnia
3654 1570 3784 1612 esse

2127 1647 2197 1686 ex
2255 1636 2386 1687 Deo.
2452 1632 2605 1686 Orth.
2672 1635 2782 1689 Sed
2838 1633 2951 1690 alia
3015 1635 3249 1706 quidem
3303 1644 3444 1694 sunt
3495 1657 3563 1696 ex
3595 1642 3782 1712 ipsius

2131 1721 2407 1775 mandato
2456 1738 2557 1793 per
2596 1723 2990 1791 creationem;
3051 1724 3231 1779 Filius
3290 1742 3422 1781 vero
3477 1745 3545 1783 ex
3592 1730 3782 1802 ipsius

2130 1808 2452 1880 hypostasi,
2517 1828 2618 1881 per
2671 1813 3145 1882 generationem;
3207 1815 3458 1886 Spiritus
3516 1835 3648 1875 vero
3680 1838 3784 1892 per

371 1900 518 1973 Ὀρθ.
581 1899 733 1952 Ἐπεὶ
791 1897 991 1965 ﬁdem;
1028 1891 1216 1968 Ἀνόμ.
1271 1898 1381 1949 Ποῦ
1438 1895 1756 1970 γέγραπται,
1815 1890 1896 1946 ὅτι
1956 1891 2021 1944 τὰ

2136 1899 2584 1969 processionem.
2619 1902 2808 1955 Anam.
2864 1902 3008 1972 Ergo
3068 1902 3346 1972 Spiritum
3406 1907 3578 1962 etiam
3636 1890 3783 1966 dicis

375 1989 469 2060 μὲν
504 1986 563 2041 ἐκ
590 1993 692 2055 τῆς
724 1977 972 2054 ἐντολῆς,
1004 1985 1069 2039 τὰ
1120 1983 1177 2038 δὲ
1229 1982 1288 2038 ἐκ
1325 1985 1421 2050 τῆς
1458 1982 1800 2042 ὑποστάσεως
1828 2008 1841 2049 ς
1872 1986 2014 2056 Ὀρθ.

369 2077 427 2130 '0
459 2071 624 2130 Δαϐὶδ
678 2073 822 2150 λέγει
870 2074 992 2148 περὶ
1050 2079 1157 2128 τῶν
1217 2072 1276 2126 ἐκ
1325 2079 1423 2141 τῆς
1474 2070 1778 2139 ἐντολῆς·‹‹
1812 2069 2022 2123 Αἰνεῖτε

369 2165 460 2219 τὸν
515 2165 710 2240 Κύριον
771 2162 831 2217 ἐκ
874 2161 982 2217 τῶν
1031 2162 1294 2236 οὐρανῶν,
1329 2161 1527 2215 αἶ’νεῐτε
1583 2159 1740 2213 αὑτὸν
1801 2159 1851 2213 ἐν
1904 2163 2020 2219 τοῖς

373 2253 638 2328 ὑψίστοις,
687 2253 880 2306 αἰνεῖτε
953 2251 1136 2320 αὑτὸν,
1193 2251 1389 2313 πάντες
1442 2251 1492 2304 οἱ
1551 2247 1772 2326 ἄγγελοι
1833 2248 2018 2316 αὑτοῦ,

371 2343 569 2398 αἷνεῐτε
617 2341 798 2410 αὑτὸν,
831 2347 994 2396 πᾶσαι
1038 2341 1092 2394 αἱ
1145 2338 1398 2412 δυνάμεις
1447 2338 1632 2409 αὑτοῦ,
1680 2338 1877 2392 αἰνεῖτε
1926 2337 2019 2390 αὑ-

369 2431 488 2502 τὸν,
545 2430 708 2500 ἥλιος
780 2429 868 2484 καὶ
946 2428 1172 2499 σελήνη,
1236 2428 1427 2482 αἰνεῖτε
1485 2427 1666 2496 αὑτὸν,
1728 2428 1901 2480 πάντα
1954 2424 2021 2479 τὰ

373 2518 540 2596 ἄστρα
589 2520 679 2573 καὶ
709 2520 771 2573 τὸ
804 2523 936 2596 φῶς.
968 2520 1087 2572 Ὅτι
1145 2517 1303 2579 αὑτὸς
1363 2517 1498 2584 εἶπε,
1525 2516 1613 2570 καὶ
1664 2515 2015 2590 ὶγενήθησαν·

373 2611 532 2672 αὑτὸς
594 2606 895 2663 ἐνετείλατο
942 2609 1078 2681 (51),
1136 2607 1226 2661 καὶ
1287 2605 1625 2676 ἐκτίσθησαν.
1689 2628 1716 2654 »
1779 2603 1904 2677 Περὶ
1964 2600 2021 2658 δὲ

371 2706 473 2769 τῆς
530 2700 826 2774 γεννήσεως
875 2701 972 2750 τοῦ
1032 2697 1158 2750 Υἱοῦ
1214 2695 1536 2770 γέγραπται·
1586 2715 1607 2743 ε
1643 2694 1735 2748 Ἐκ
1789 2693 2017 2767 γαστρὸς

373 2789 479 2862 πρὸ
539 2786 819 2864 ὲωσιρόρου
877 2788 989 2859 (52)
1049 2785 1304 2859 ἐγέννησά
1360 2805 1416 2838 σε
1449 2803 1460 2814 ·
1524 2807 1553 2836 ››
1610 2782 1697 2836 καὶ
1747 2781 1869 2854 περὶ
1925 2779 2020 2835 τοῦ

376 2876 528 2953 ἁγίου
560 2875 894 2948 Πνεὺματος,
926 2899 954 2926 ‹‹
987 2875 1072 2928 Ἐν
1101 2879 1219 2935 ταῖς
1260 2872 1514 2948 ἐσχάταις
1563 2871 1796 2946 ἡμέραις
1845 2870 2020 2946 ἐκχεῶ

377 2968 479 3022 ἀπὸ
531 2964 625 3021 τοῦ
674 2963 990 3036 Πνεῦματός
1048 2984 1152 3035 μου
1203 2961 1287 3017 ἐπὶ
1338 2968 1506 3016 πᾶσαν
1551 2960 1737 3035 σάρκα·
1775 2986 1795 3013 s
1832 2959 1920 3014 καὶ
1972 2958 2022 3014 ἐν

376 3055 591 3117 ἄλλοις·
630 3079 656 3105 ‹‹
693 3058 907 3126 Πνεῦμα
961 3053 1060 3128 γὰρ
1118 3053 1242 3127 παρ’
1285 3051 1419 3124 ἐμοῦ
1474 3049 1838 3126 ἐκπορεύεται·
1879 3073 1899 3099 ιι
1931 3049 2020 3102 καὶ

376 3143 425 3199 ἓν
456 3144 674 3206 ἄλλοις·
710 3168 738 3195 ‹‹
769 3145 860 3214 Τῷ
906 3141 1072 3216 Λόγῳ
1122 3141 1318 3211 Κυρίου
1351 3142 1463 3211 (53)
1511 3141 1562 3194 οἳ
1613 3138 1830 3212 οὐρανοὶ
1876 3137 2019 3193 ἐστε-

376 3240 677 3310 ρεώθησαν,
723 3231 812 3286 καὶ
888 3234 968 3303 τῷ
1024 3229 1292 3302 Πνεύματι
1351 3233 1446 3283 τοῦ
1513 3229 1779 3301 στόματος
1857 3226 2018 3281 αὑτοῦ

377 3326 580 3392 πᾶσαή
633 3319 860 3394 δύναμις
922 3320 1177 3376 αὑτῶν.»
1217 3319 1403 3391 Ἀνόμ.
1465 3320 1557 3372 Ἐκ
1613 3317 1843 3393 γαστρὸς
1903 3318 2018 3371 εἷπε

376 3413 466 3467 καὶ
525 3411 809 3483 στόματος,
844 3409 941 3464 οὐκ
999 3409 1050 3480 ἐξ
1111 3408 1475 3469 ὑποστάσεως.
1511 3409 1654 3482 Ὀρθ.
1707 3405 1830 3461 Ἐπί
1887 3410 2018 3461 Θεοῦ

378 3500 502 3556 ὅταν
537 3499 798 3576 λέγωνται
836 3497 976 3572 μέλη
1010 3499 1044 3568 ἢ
1099 3497 1260 3573 μέρη,
1293 3498 1729 3573 ἀνθρωποπαθῶς
1786 3497 1878 3569 μὲν
1932 3494 2018 3550 λέ-

376 3611 586 3666 γονται,
642 3592 954 3664 θεοπρεπῶς
1031 3585 1088 3642 δὲ
1143 3592 1431 3641 νοοῦνται·
1493 3586 1538 3640 εἰ
1599 3583 1656 3639 δὲ
1710 3587 1809 3658 μὴ,
1862 3584 2019 3639 ποίαν

373 3679 604 3757 γαστέρα
659 3678 974 3750 σωματικὴν
1026 3676 1112 3731 ἐπὶ
1171 3680 1305 3730 Θεοῦ
1338 3672 1538 3750 ἔχομεν
1593 3674 2021 3750 νοῆσαι;Ἐγὼ,

375 3769 608 3845 γαστέρα
653 3767 889 3833 ἀκούων,
919 3767 980 3820 τὸ
1011 3766 1317 3840 γεννητικὸν
1371 3767 1466 3834 τῆς
1517 3763 1724 3842 φύσεως
1771 3766 1902 3835 νοῶ,
1935 3761 2023 3817 καὶ

379 3857 555 3929 στόμα
581 3856 645 3909 τὸ
678 3852 1004 3909 διδακτικόν·
1039 3853 1128 3907 καὶ
1160 3855 1262 3928 γὰρ
1294 3853 1381 3906 καὶ
1413 3851 1500 3905 ἐπὶ
1532 3850 1832 3926 ἀνθρώπων
1884 3846 2022 3903 ἔστιν

381 3945 469 4001 ὅτε
524 3945 856 4021 κέχρηταιὴ
895 3944 1076 4021 Γραφή
1134 3941 1302 4015 ταύτῃ
1360 3940 1428 4014 τῇ
1487 3939 1760 4010 συνηθείᾳ,
1795 3939 1868 4000 ὡς
1901 3937 2022 3992 ὅταν

381 4033 536 4110 λέγῃ·
571 4059 596 4085 ‹‹
631 4034 764 4090 Ἀπὸ
821 4037 918 4088 τοῦ
978 4027 1150 4109 φόϐου
1195 4053 1312 4099 σου,
1344 4031 1527 4104 Κύριε,
1563 4028 1612 4083 έν
1665 4026 1856 4103 γαστρὶ
1906 4025 2029 4081 ἐλά-

379 4118 572 4196 ϐομεν,
604 4122 691 4178 καὶ
725 4112 974 4194 ἐτέκομεν
1007 4118 1219 4193 πνεῦμα
1263 4117 1533 4194 σωτηρίας
1583 4116 1668 4171 ἰπὶ
1708 4124 1806 4186 τῆς
1837 4122 1960 4192 γῆς.
1997 4139 2024 4168 ››

381 4212 478 4266 Καὶ
511 4213 736 4266 ἐνταῦθα
764 4211 865 4286 γὰρ
908 4207 968 4264 οὑ
1019 4210 1248 4286 γαστέρα
1296 4210 1454 4280 ἡμῶν
1500 4207 1643 4282 λέγει
1693 4207 1790 4273 τὴν
1841 4225 2025 4278 σωμα-

376 4301 562 4370 τικὴν,
595 4299 740 4354 ἀλλὰ
765 4300 862 4368 τὴν
896 4305 994 4368 τῆς
1027 4298 1236 4370 φύσεως
1266 4297 1587 4373 γεννητικὴν
1621 4293 1870 4367 δύναμιν.

449 4482 504 4536 7.
530 4478 841 4550 Ἀνόμοιος.
878 4481 990 4533 Ποῦ
1021 4478 1317 4552 γέγραπται
1349 4475 1435 4530 ἐπὶ
1471 4480 1604 4530 Θεοῦ
1650 4473 1805 4552 φύσις
1833 4500 1846 4542 ;
1881 4473 2025 4548 Ὀρθ.

384 4567 533 4642 Παρὰ
575 4571 657 4639 τῷ
703 4564 1046 4638 Ἀποστόλῳ·
1082 4591 1108 4617 ‹‹
1158 4563 1331 4621 Ἀλλὰ
1376 4563 1496 4618 τότε
1541 4563 1656 4636 μὲν,
1690 4561 1787 4616 οὐκ
1831 4559 2030 4622 εἰδότες

2131 2004 2259 2042 esse
2315 2005 2379 2042 ex
2441 1988 2789 2060 hypostasi?
2849 1990 3010 2045 Orth.
3075 1992 3300 2062 Alioqui
3361 1996 3515 2050 unde
3581 2003 3783 2054 esset?

2130 2076 2322 2131 Anam.
2387 2076 2492 2132 Ubi
2553 2078 2837 2148 scriptum
2901 2085 2989 2133 est
3054 2078 3164 2134 alia
3225 2098 3352 2136 esse
3382 2100 3452 2138 ex
3481 2088 3779 2158 mandato,

2133 2164 2248 2219 alia
2285 2181 2353 2220 ex
2385 2165 2730 2237 hypostasi?
2760 2166 2912 2221 Orlh.
2941 2166 3094 2222 Dicit
3158 2169 3336 2224 David
3395 2173 3465 2226 de
3522 2174 3594 2229 iis
3653 2193 3780 2247 quea

2132 2269 2200 2308 ex
2231 2254 2325 2308 Dei
2362 2256 2635 2309 mandato
2670 2255 2996 2310 exsistunt:
3023 2280 3047 2306 ιι
3081 2257 3333 2314 Laudate
3365 2260 3677 2318 Dominum
3710 2264 3782 2319 de

2131 2343 2311 2409 ccelis,
2348 2342 2578 2397 laudate
2618 2359 2752 2397 eum
2783 2343 2842 2398 in
2876 2344 3150 2411 excelsis;
3187 2345 3420 2404 laudate
3451 2367 3608 2419 eum,
3655 2368 3781 2407 om-

2131 2449 2236 2486 nes
2291 2431 2479 2503 angeli
2540 2432 2690 2502 ejus,
2751 2434 2984 2488 laudate
3051 2450 3206 2500 eum,
3268 2453 3472 2493 omnes
3539 2442 3783 2497 virtutes

2131 2521 2294 2591 ejus;
2357 2518 2589 2575 laudate
2659 2538 2818 2589 eum,
2850 2520 2935 2576 sol
2991 2528 3047 2576 et
3103 2522 3261 2593 luna,
3321 2523 3557 2582 laudate
3620 2545 3782 2600 eum,

2131 2624 2337 2664 omnes
2395 2608 2577 2663 stellis
2633 2613 2690 2664 et
2748 2608 2968 2665 lumen.
3015 2610 3159 2674 Quia
3190 2613 3314 2684 ipse
3345 2614 3510 2682 dixit,
3543 2621 3600 2671 et
3632 2617 3784 2674 facta

2132 2703 2273 2752 sunt
2306 2714 2318 2752 :
2351 2697 2477 2769 ipse
2509 2699 2806 2752 mandavit
2837 2703 2892 2752 et
2923 2706 3119 2755 creata
3145 2706 3284 2756 sunt
3311 2703 3374 2756 79.
3408 2723 3438 2754 ››
3473 2709 3549 2760 De
3605 2721 3780 2778 gene-

2133 2787 2355 2841 ratione
2411 2804 2541 2841 vero
2601 2785 2732 2841 Filii
2792 2788 3080 2859 scriptum
3114 2795 3203 2844 est
3236 2808 3247 2844 :
3283 2814 3308 2839 α
3341 2795 3419 2845 Ex
3452 2799 3614 2849 utero
3645 2801 3780 2851 ante

2130 2876 2440 2931 luciferum
2475 2874 2647 2948 genui
2678 2881 2731 2929 te
2763 2877 2805 2915 ⁸ο
2839 2893 2851 2930 :
2884 2898 2912 2924 »
2936 2882 2992 2930 et
3023 2879 3093 2932 de
3122 2878 3334 2948 Spiritu
3369 2887 3571 2937 sancto
3605 2899 3617 2936 :
3657 2904 3684 2936 α
3718 2885 3780 2940 In

2134 2963 2472 3019 novissimis
2504 2964 2712 3018 diebus
2744 2963 3039 3019 effundam
3074 2966 3142 3020 de
3173 2967 3391 3038 Spiritu
3421 2986 3547 3026 meo
3605 2990 3783 3044 super

2133 3071 2362 3108 omnem
2427 3069 2661 3107 carnem
2712 3054 2778 3107 ει.
2813 3074 2838 3102 ››
2873 3054 2941 3107 Ει
2971 3053 3108 3108 alibi
3145 3072 3156 3110 :
3193 3078 3219 3105 «
3252 3057 3499 3128 Spiritus
3526 3061 3682 3116 enim
3713 3080 3782 3118 ex

2135 3160 2226 3198 me
2249 3142 2507 3213 procedit
2540 3159 2551 3196 :
2590 3163 2616 3189 ››
2650 3141 2786 3196 item
2821 3141 2959 3197 alibi
2995 3161 3007 3197 :
3047 3167 3073 3192 α
3104 3143 3290 3200 Verbo
3352 3146 3584 3204 Domini
3653 3150 3782 3206 cceli

2132 3231 2348 3286 ﬁrmati
2409 3236 2564 3295 sunt,
2599 3236 2653 3285 et
2684 3232 2892 3302 spiritu
2925 3231 3042 3287 oris
3081 3234 3207 3303 ejus
3236 3237 3428 3291 omnis
3461 3236 3646 3294 virtus
3685 3255 3780 3296 eo-

2132 3338 2262 3375 rum
2294 3321 2360 3375 ⁸⁵³.
2397 3341 2423 3368 ››
2456 3321 2644 3375 Anam.
2679 3320 2758 3374 Ex
2804 3326 2965 3375 utero
3024 3321 3188 3389 dixit,
3245 3328 3302 3379 et
3357 3341 3425 3379 ex
3482 3343 3600 3391 ore,
3662 3345 3780 3386 non

2130 3417 2320 3464 autem
2355 3425 2422 3463 ex
2454 3407 2778 3481 hypostasi.
2813 3407 2962 3463 Orth.
2994 3410 3187 3465 Partes
3219 3427 3321 3466 seu
3353 3415 3616 3470 membra
3646 3433 3780 3473 cum

2133 3503 2244 3554 Deo
2280 3499 2642 3564 tribuuntur,
2689 3498 2966 3552 dicuntur
3024 3498 3261 3570 quidem
3313 3501 3568 3558 humano
3601 3521 3784 3577 more,

2132 3586 2546 3658 intelliguntur
2599 3592 2796 3642 autem
2853 3594 2916 3642 ut
2947 3593 3058 3642 Deo
3091 3589 3359 3645 convenit
3388 3607 3400 3645 :
3438 3593 3528 3646 sin
3561 3595 3785 3666 minus,

2134 3693 2306 3748 quem
2341 3681 2570 3731 uterum
2602 3676 2660 3730 in
2690 3681 2800 3730 Deo
2842 3692 3184 3746 corporeum
3247 3679 3540 3750 possimus
3591 3687 3786 3740 mente

2134 3765 2437 3835 concipere
2461 3765 2488 3819 ‘I
2541 3766 2741 3836 Itaque
2773 3770 3000 3820 uterum
3035 3767 3300 3834 audiens,
3334 3773 3653 3840 generandi
3685 3791 3786 3830 na-

2136 3860 2283 3909 tura:
2323 3855 2439 3908 vim
2479 3871 2490 3907 :
2525 3860 2580 3909 et
2611 3871 2675 3908 os
2706 3855 2973 3922 audiens,
3009 3857 3253 3912 docendi
3305 3859 3637 3916 facultatem
3696 3861 3786 3917 in-

2135 3943 2331 4015 telligo
2367 3959 2377 3996 :
2413 3961 2526 4013 quo
2584 3942 2858 4012 loquendi
2919 3962 3077 3999 more
3133 3945 3434 4018 Scriptura
3490 3951 3786 4006 interdum

2136 4035 2311 4088 etiam
2370 4032 2555 4086 utitur
2611 4049 2744 4086 cum
2795 4034 2866 4087 de
2898 4033 3238 4090 hominibus
3270 4037 3410 4107 agit,
3444 4045 3508 4093 ut
3537 4056 3671 4095 cum
3701 4039 3792 4095 in-

2136 4120 2261 4192 quit
2293 4139 2305 4176 :
2342 4142 2369 4170 ‹‹
2403 4128 2448 4173 Α
2479 4120 2692 4175 timore
2725 4120 2831 4190 tui,
2853 4123 3502 4196 Domine,concepimus
3533 4127 3592 4182 in
3625 4131 3790 4184 utero

2138 4216 2193 4264 et
2226 4209 2559 4280 peperimus
2590 4208 2648 4262 in
2680 4214 2834 4264 terra
2867 4211 3139 4280 spiritum
3175 4213 3382 4269 salutis
3412 4215 3514 4269 ⁸³.»
3529 4217 3672 4272 Nam
3697 4217 3793 4273 hic

2139 4314 2372 4368 quoque
2404 4314 2519 4351 non
2552 4296 2844 4366 significat
2867 4315 3208 4369 corporeum
3239 4307 3469 4358 uterum
3500 4311 3792 4375 nostrum,

2140 4387 2240 4442 sed
2272 4384 2432 4440 illam
2467 4389 2684 4440 natur
2717 4385 2828 4440 vim
2857 4387 3157 4458 gignendi.

2209 4478 2264 4528 7.
2286 4480 2594 4530 Anomams.
2621 4475 2720 4530 Ubi
2755 4477 2824 4530 de
2854 4475 2969 4530 Dco
3003 4475 3284 4548 scriptum
3319 4485 3407 4535 est
3437 4487 3661 4539 natura
3691 4500 3797 4540 no-

2142 4564 2320 4619 men?
2349 4563 2494 4618 Orth.
2527 4563 2693 4634 Apud
2727 4564 3067 4635 Apostolum
3104 4584 3116 4623 :
3157 4591 3177 4615 ι
3213 4568 3319 4624 Sed
3356 4573 3491 4625 tunc
3552 4571 3794 4644 quidem

380 4657 532 4726 Θεὸν,
566 4653 916 4710 ἐδουλεύσατε
951 4659 1068 4715 τοῖς
1120 4655 1192 4726 μή
1241 4653 1392 4730 φύσει
1444 4653 1563 4706 οῦσι
1612 4654 1773 4712 Θεοῖς·
1806 4655 1897 4704 νῦν
1948 4648 2021 4722 δὲ,

2137 4653 2475 4724 ignorantes
2518 4651 2724 4722 Deum,
2759 4653 2830 4708 iis
2863 4654 2959 4725 qui
2997 4660 3207 4711 natura
3239 4675 3351 4712 non
3386 4664 3526 4714 sunt
3557 4638 3635 4716 dii
3667 4678 3795 4717 ser-

378 4745 593 4821 γνόντες
623 4746 774 4816 Θεὸν,
811 4742 1023 4818 μᾶλλον
1058 4739 1114 4796 δὲ
1143 4742 1462 4817 γνωσθέντες
1517 4741 1617 4794 ὑπὸ
1665 4745 1762 4794 τοῦ
1811 4743 1966 4811 Θεοῦ,
2003 4763 2029 4788 ››

382 4834 536 4910 φύσει
591 4832 872 4905 δηλονότι.
906 4831 1003 4886 Καὶ
1064 4829 1113 4884 ἐν
1171 4834 1288 4890 ταῖς
1329 4827 1649 4891 καθολικαῖς
1683 4826 2029 4890 Ἐπιστολαῖς

380 4925 698 5000 γέγραπται·
757 4947 784 4973 ‹‹
848 4923 924 4976 Δι’
980 4922 1053 4974 ὧν
1112 4918 1177 4973 τὰ
1239 4917 1466 4992 μέγιστα
1531 4919 1666 4988 ἡμῖν
1729 4914 1819 4969 καὶ
1877 4915 2032 4988 τίμια

381 5013 763 5090 ἐπαγγέλματα
812 5008 1140 5085 δεδωρηται,
1184 5005 1274 5061 ’ίνα
1322 5007 1549 5081 γένησθε
1594 5004 1736 5065 θείας
1774 5004 2030 5058 κοινωνοὶ

381 5102 612 5181 φύσεως.
646 5126 673 5154 ›ι
711 5100 977 5174 Γινόμεθα
1037 5102 1146 5172 (54)
1207 5095 1264 5151 δὲ
1311 5094 1454 5157 θείας
1513 5093 1764 5149 κοινωνοὶ
1824 5092 2031 5171 φύσεως

376 5193 450 5264 τῇ
504 5190 763 5262 κοινωνίᾳ
811 5193 909 5244 τοῦ
969 5186 1124 5262 ἁγίου
1181 5185 1518 5258 Ηνεύματος.
1580 5182 1768 5256 Ἀνόμ.
1828 5181 2031 5236 Οὑκουν

2141 4739 2385 4795 viebatis
2420 4757 2431 4794 :
2467 4757 2624 4796 nunc
2694 4746 2886 4796 autem
2949 4759 3081 4798 cum
3141 4747 3528 4816 cognoveritis
3587 4754 3792 4821 Deum,

2139 4828 2282 4895 imo,
2331 4829 2548 4900 cogniti
2601 4831 2731 4885 sitis
2789 4848 2822 4884 a
2853 4830 2969 4886 Deo
2999 4833 3062 4902 ει,
3088 4853 3113 4883 ιι
3155 4839 3262 4890 etc.
3299 4852 3332 4890 a
3361 4836 3476 4893 Deo
3507 4837 3795 4910 videlicet,

2142 4920 2241 4990 qui
2279 4925 2488 4974 natura
2537 4919 2689 4974 Deus
2747 4924 2852 4975 est.
2915 4921 2980 4975 Et
3039 4922 3096 4976 in
3157 4923 3435 4994 Epistolis
3492 4926 3794 4983 catholicis

2140 5007 2422 5078 scriptum
2457 5013 2545 5063 est
2578 5025 2589 5063 :
2627 5032 2653 5057 ‹‹
2682 5008 2786 5064 Per
2817 5026 2941 5080 quas
2971 5011 3227 5067 maxima
3255 5018 3312 5068 et
3342 5016 3598 5086 pretiosa
3627 5017 3797 5072 nobis

2141 5096 2431 5167 promissa
2462 5097 2724 5164 donavit,
2760 5103 2824 5152 ut
2852 5099 3190 5154 efﬁciamini
3240 5101 3447 5158 divinae
3496 5109 3798 5162 consortes

2141 5190 2361 5241 naturis
2391 5186 2454 5236 ⁸⁵.
2490 5206 2519 5238 ››
2550 5186 2852 5241 Efﬁcimur
2882 5194 3078 5245 autem
3112 5194 3333 5246 natura
3392 5191 3600 5248 divinis
3657 5209 3792 5250 con-

452 5374 495 5409 ’³⁷
527 5373 700 5430 Hebr.
731 5389 771 5440 ι,
807 5373 858 5437 1.
888 5372 968 5443 2.
1020 5371 1063 5443 7?
1099 5369 1267 5443 Hebr.
1286 5385 1408 5443 xui,
1437 5367 1527 5443 23.
1582 5365 2021 5443 AZ°_I_’sal._cxr.vu

2136 5366 2214 5421 -4.
2291 5365 2336 5401 ⁸ο
2365 5365 2511 5422 Psal.
2535 5367 2721 5438 c1x,5.
2797 5367 2839 5403 ει
2873 5367 3018 5425 Joel.
3041 5387 3103 5438 ιι,
3126 5371 3216 5428 28.
3291 5369 3337 5404 ⁸³
3361 5351 3514 5428 Psal.
3537 5388 3714 5443 mn,
3736 5372 3796 5432 7.

379 5445 428 5483 ⁸³
456 5445 569 5503 Isa.
601 5461 759 5513 xxvr,
791 5445 878 5500 18.
955 5442 1001 5478 θ’·
1032 5441 1219 5498 Galat.
1253 5457 1330 5511 iv,
1361 5441 1419 5507 8,
1448 5440 1502 5494 9.

453 5624 782 5712 ςξφὶέβιαξ
820 5619 1410 5712 “Romam-ﬂ

455 5691 569 5769 (5|)
599 5699 692 5755 Sic
740 5697 880 5770 Reg.
938 5691 1117 5754 Palat:
1151 5691 1227 5752 'et
1288 5691 1435 5749 Felc.
1495 5691 1644 5749 Editi
1705 5707 1862 5760 vero,
1890 5692 2022 5745 ταῦτ

386 5765 712 5826 ἰνετείλατο.

1579 5438 1625 5474 ⁸⁸
1656 5436 1706 5495 ΙΙ
1737 5438 1886 5495 Petr.
1922 5439 1972 5510 1,
2007 5437 2058 5493 4.

2363 5620 2534 5676 Editi.
2566 5619 2634 5676 H.
2662 5621 2868 5698 ξίορῢ.
2899 5615 3004 5682 ἕως
3036 5621 3348 5698 φωσφόρου.

2241 5693 2333 5767 ξῌ)
2370 5698 2458 5767 [ta
2485 5709 2626 5749 mss.
2662 5693 2812 5767 E_dit_i
2845 5709 3001 5767 vero,
3032 5693 3109 5763 τῷ
3142 5693 3307 5767 πάγῳ
3330 5696 3426 5767 τοῦ
3457 5697 3611 5750 Θεοῦ.

2241 5693 2312 5747 53
2370 5698 2452 5748 [ta
2485 5709 2626 5749 mss.
2662 5693 2812 5748 Editi
2845 5709 3001 5764 vero,
3032 5693 3109 5763 τῷ
3142 5693 3307 5767 Ᾱόγῳ
3330 5696 3426 5748 τοῦ

2221 5693 2335 5837 i543
2369 5765 2544 5822 Palat.
2580 5761 2845 5838 Γινόμεθα
2875 5760 2933 5819 δὲ
2962 5763 3218 5820 κοινωνία
3240 5768 3337 5820 τοῦ
3369 5766 3454 5844 ἀγ.
