4116 6424
266 436 418 496 1127

267 574 456 627 sortes
500 580 570 620 ex
618 554 1061 634 participatione
1126 545 1381 620 Spiritus
1446 538 1653 597 sancti.

271 620 449 730 ἔτέᾶ
474 658 533 710 et
560 620 810 723 spiritus
830 620 1079 701 sanctus
1111 641 1201 694 est
1229 633 1437 691 divina
1471 624 1732 685 natura?
1765 620 1918 677 Orlh.

268 748 330 804 Si
359 762 428 801 ex
458 737 901 816 participatione
960 728 1145 786 sancti
1207 724 1458 796 Spiritus
1516 716 1725 773 divinae
1782 726 1921 765 con-

269 797 330 804 ’““
366 797 428 801 ⁷’“
459 797 482 816 If
545 797 549 798 '
674 797 690 811 ι

269 840 456 892 sortes
509 834 731 884 natum
792 837 1025 884 sumus,
1063 830 1252 871 nonne
1286 810 1469 866 multo
1501 804 1685 876 magis
1714 804 1804 855 est
1833 797 1919 851 di-

439 887 669 976 vnaturai
699 913 951 986 Spiritus
982 907 1101 975 ille,
1137 903 1231 977 qui
1269 917 1375 955 nos
1422 894 1735 969 participes
1793 887 1921 941 efﬁ-

270 980 392 1071 cit?
447 1017 641 1067 Anam.
700 980 850 1074 E-rgo
902 1004 957 1054 et
1002 995 1277 1067 Spiritum
1313 990 1581 1044 sanctum
1615 980 1762 1036 dicis
1793 992 1923 1031 esse

269 1102 475 1159 divina:
507 1101 727 1153 natura:
748 1071 967 1146 ?—0rlh.
998 1085 1121 1141 Non
1156 1077 1502 1151 simpliciter
1531 1071 1736 1126 divinae
1793 1081 1924 1122 esse

269 1196 512 1255 natura),
545 1184 646 1241 sed
707 1177 994 1237 essentia.
1028 1172 1181 1229 Dixit
1205 1167 1362 1224 enim
1393 1165 1518 1236 ipse
1549 1164 1717 1215 Pater
1750 1174 1762 1211 :
1802 1178 1829 1205 ‹‹
1856 1159 1920 1208 1n

271 1274 610 1338 novissimis
642 1271 850 1326 diebus
879 1262 1174 1322 effundam
1207 1259 1278 1312 de
1306 1254 1526 1326 Spiritu
1561 1265 1686 1304 meo
1746 1260 1925 1316 super

270 1382 505 1427 omnem
551 1375 786 1420 carnem
816 1357 880 1410 ⁸⁸.
918 1376 945 1404 »
974 1354 1121 1407 Item
1156 1346 1333 1402 Filius
1367 1361 1379 1399 :
1415 1366 1443 1392 ‹‹
1474 1341 1599 1396 Non
1634 1336 1791 1393 enim
1822 1350 1924 1389 vos

266 1461 432 1523 estis,
464 1454 564 1527 qui
596 1446 925 1522 loquimini,
959 1442 1056 1498 sed
1092 1436 1346 1510 Spiritus
1380 1431 1565 1487 Patris
1627 1426 1762 1491 mei,
1823 1422 1923 1494 qui

264 1511 527 1620 loquitu‘r
580 1541 640 1596 in
672 1511 867 1592 .vobis
910 1511 995 1587 '37.
1024 1553 1049 1579 ››
1083 1528 1192 1583 Job
1223 1538 1456 1596 quoque
1483 1517 1745 1572 divinum
1781 1511 1927 1567 dixit

266 1634 570 1710 Spiritum,
605 1643 738 1683 cum
774 1624 858 1679 sic
898 1620 1241 1692 loqueretur
1273 1632 1286 1669 :
1323 1634 1350 1660 ‹‹
1405 1607 1562 1662 Vivit
1617 1601 1922 1669 Dominus,

515 1686 583 1773 de
616 1732 708 1771 me
732 1686 1041 1785 judicavit,
1074 1710 1131 1761 et
1159 1701 1553 1771 omnipotens,
1609 1692 1762 1748 412
1821 1686 1922 1760 qui

276 1779 332 1798 τ
732 1779 753 1785 -

271 1807 664 1872 amaritudine
719 1800 911 1859 affecit
952 1796 1213 1853 animam
1244 1806 1457 1845 meam.
1488 1783 1786 1856 Siquidem
1820 1779 1923 1833 do-

274 1869 377 1959 nec
408 1906 498 1955 est
527 1894 718 1953 adhuc
746 1889 965 1946 halitus
998 1885 1055 1939 in
1100 1898 1211 1952 me,
1272 1884 1329 1934 et
1378 1874 1631 1949 Spiritus
1652 1959 1664 1961 _
1691 1869 1925 1925 divinus
1958 1897 2005 1961 Β

270 1991 541 2063 superest
592 1980 734 2039 mihi
771 1980 826 2033 in
862 1975 1139 2039 naribus;
1174 1986 1238 2024 os
1271 1981 1470 2022 meum
1506 1979 1621 2016 non
1650 1959 1930 2030 loquetur

273 2044 409 2063 --.Γ

273 2083 495 2151 injuste
521 2075 588 2128 ³⁸.
620 2095 647 2123 ››
680 2067 886 2123 Viden’
917 2060 1212 2136 quomodo
1235 2052 1544 2113 Trinitatis
1579 2044 1934 2126 meminerit;

376 2165 519 2224 Filio
551 2162 828 2218 dicensm
850 2135 999 2211 Vivit
1031 2148 1329 2213 Dominus;
1360 2166 1388 2193 ››
1423 2144 1492 2197 de
1525 2143 1692 2194 Patre
1715 2154 1726 2192 :
1747 2135 1932 2190 «Om-

277 2259 570 2330 nipotens,
604 2249 701 2323 qui
729 2240 1121 2303 amaritudine
1154 2235 1343 2292 affecit
1375 2232 1631 2287 animam
1667 2240 1932 2281 meamw

281 2349 352 2403 de
384 2343 604 2416 Spiritu
639 2341 846 2394 sancto
880 2349 893 2387 :
928 2356 953 2381 «
990 2328 1224 2385 divinus
1257 2318 1636 2395 Spiritus,qui
1669 2316 1939 2385 superest

284 2433 429 2492 mihi
460 2433 520 2486 in
552 2422 840 2485 naribus?
870 2444 897 2473 ››
931 2419 1077 2475 Nam
1110 2413 1359 2487 Spiritus
1398 2414 1487 2465 est
1542 2404 1739 2461 suavis
1795 2402 1939 2457 odor

282 2521 494 2580 Christi
529 2523 624 2576 :et
653 2507 1153 2588 quemadmodum
1183 2520 1249 2557 ex
1279 2501 1453 2555 odore
1485 2495 1646 2552 suavi
1681 2505 1939 2563 unguen-

282 2576 409 2670 tum
429 2576 542 2683 iper
574 2576 740 2662 nares
773 2598 1091 2673 percipitur
1123 2601 1136 2647 ξ
1172 2592 1254 2646 ita
1282 2593 1339 2645 et
1367 2585 1635 2642 Christus
1684 2598 1750 2636 ex
1807 2576 1938 2649 Spi-

281 2670 498 2758 ritu..«
531 2695 713 2753 Nemo
744 2670 899 2746 enim
933 2688 1122 2758 potest
1152 2679 1344 2737 dicere
1375 2675 1674 2732 Christum
1707 2670 1939 2737 Jesum,

280 2791 393 2847 nisi
425 2787 480 2842 in
514 2780 729 2857 Spiritu
757 2780 959 2835 sancto
989 2773 1054 2827 ⁸9.
1089 2792 1118 2821 ››
1157 2771 1221 2825 Et
1270 2764 1516 2839 apostoli
1580 2762 1817 2816 fuerunt
1873 2772 1939 2810 ac

280 2842 422 2934 sunt
482 2842 673 2929 bobus
712 2863 925 2922 Christi
957 2862 1120 2926 odor,
1155 2855 1435 2929 quoniam
1469 2850 1718 2923 Spiritus
1750 2842 1940 2902 sancti

278 2931 505 3038 templa
534 2962 692 3017 sunt.
733 2953 878 3009 Dicit
906 2950 1062 3007 enim
1113 2943 1332 3001 Paulus
1375 2959 1387 2997 :
1442 2963 1469 2989 «
1535 2945 1619 2992 An
1683 2931 1939 3003 nescitis,

282 3055 421 3129 quia
450 3063 693 3122 corpora
718 3048 908 3101 vestra
937 3036 1221 3110 templum
1256 3035 1395 3087 sunt
1424 3027 1679 3100 Spiritus
1709 3042 1811 3079 san

282 3141 502 3201 vestri?
532 3139 717 3194 Deum
750 3132 933 3206 igitur
962 3129 1018 3183 in
1052 3138 1289 3196 corpore
1320 3124 1508 3176 vestro
1540 3115 1860 3190 glorificate
1889 3111 1953 3165 νο.
1988 3129 2016 3158 ››

352 3236 407 3289 8.
437 3232 740 3287 Anomaaus.
767 3200 818 3278 Si
855 3220 1026 3276 aliter
1055 3218 1212 3272 creat
1242 3212 1416 3280 Deus,
1450 3213 1506 3265 et
1534 3208 1701 3262 aliter
1728 3200 1936 3275 gignit,
1970 3215 2013 3282 ρ

283 3318 642 3394 compositus
672 3311 807 3370 est?
841 3308 992 3365 Orth.
1026 3302 1397 3375 Compositus
1444 3315 1557 3354 non
1617 3298 1707 3350 est
1765 3289 1944 3364 (absit

285 3380 442 3469 enim
489 3411 554 3463 ut
583 3406 690 3462 hoc
722 3397 959 3470 dicam),
992 3395 1091 3472 sed
1126 3389 1428 3465 hypostasi
1460 3385 1695 3457 quidem
1727 3380 1939 3455 gignit,

286 3499 560 3558 mandato
590 3509 722 3550 vero
748 3494 923 3546 creat.
953 3485 1077 3552 Qud
1129 3483 1178 3538 si
1237 3481 1318 3535 ita
1375 3474 1585 3550 gignit,
1647 3477 1712 3528 ut
1763 3472 1942 3535 creat,

288 3588 444 3662 quod
503 3586 575 3640 ab
635 3599 701 3637 eo
761 3581 1017 3635 creatum
1078 3575 1185 3637 est,
1247 3568 1319 3624 ab
1379 3567 1506 3638 ipso
1538 3567 1626 3618 est
1656 3558 1939 3635 genitum.

290 3680 482 3735 Anam.
514 3674 664 3730 Sane
694 3668 954 3742 quidem.
990 3661 1141 3718 Orth.
1175 3660 1386 3716 Canem
1423 3659 1616 3708 autem
1677 3646 1895 3705 creavit
1928 3662 1941 3700 :

292 3734 442 3823 aude
502 3762 678 3834 igitur
712 3734 945 3817 dicere,
1005 3765 1205 3805 canem
1265 3749 1367 3800 aut
1426 3741 1580 3796 aliud
1644 3734 1942 3811 quidpiam

290 3857 575 3918 creatum,
603 3865 731 3905 esse
761 3843 1025 3918 genitum
1066 3855 1134 3893 ex
1166 3831 1511 3890 utero.Nam
1544 3828 1673 3885 dico
1707 3824 1945 3898 quidem

291 3961 418 4018 ego,
446 3939 596 4013 quod
628 3938 782 3993 Deus
816 3947 1019 3989 canem
1053 3933 1108 3983 et
1137 3927 1311 3980 bruta
1357 3922 1577 3988 omnia,
1639 3932 1771 3972 cum
1834 3929 1944 3968 ete-

288 4032 430 4090 teris
487 4026 763 4086 omnibus
822 4021 997 4078 rebus
1056 4012 1379 4071 creaverit:
1415 4009 1509 4063 dic
1567 4009 1624 4061 et
1671 4008 1755 4071 tu,
1790 4000 1946 4073 quod

288 4122 465 4180 etiam
499 4135 570 4174 ex
601 4120 767 4171 utero
797 4128 866 4167 ea
918 4104 1204 4181 genuerit,
1273 4101 1323 4156 si
1383 4097 1617 4171 quidem
1678 4092 1950 4149 similiter

296 4215 455 4268 creat
510 4213 567 4263 et
613 4202 821 4278 gignit.
866 4180 1062 4255 Auom.
1092 4192 1272 4249 Aliter
1301 4191 1481 4262 igitur
1510 4189 1666 4240 creat
1697 4187 1752 4239 et
1782 4180 1950 4237 aliter

298 4295 531 4373 gignit?
566 4269 727 4352 Οἷιῆ.
761 4295 934 4346 Sane.
975 4289 1167 4341 Anam.
1199 4285 1401 4335 Nonne
1432 4281 1519 4332 est
1575 4269 1949 4345 compositio-

299 4390 389 4446 nis
419 4383 668 4459 expers?
730 4380 881 4438 Orth.
944 4373 1186 4430 Minime
1242 4368 1360 4424 dixi
1411 4383 1520 4420 non
1556 4380 1685 4419 esse
1715 4375 1946 4430 compo-

296 4447 528 4537 sitionis
558 4477 872 4543 expertem,
907 4466 1024 4520 imo
1055 4460 1232 4517 etiam
1265 4461 1350 4513 est
1396 4452 1612 4524 aliquid
1672 4447 1950 4520 amplius,

297 4582 475 4642 quam
533 4537 978 4633 compositionis
1035 4565 1262 4622 expers,
1322 4544 1422 4600 sed
1484 4541 1650 4596 aliter
1678 4537 1867 4610 gignit
1895 4537 1954 4589 et

297 4623 464 4714 dliter
500 4623 687 4708 creat:
714 4649 905 4705 Anam.
940 4638 1240 4706 Quomodo
1270 4635 1329 4689 id
1358 4632 1479 4688 fieri
1516 4625 1747 4702 potest?
1797 4623 1950 4681 Orth.

301 4746 459 4803 Mens
490 4738 659 4797 nobis
688 4735 888 4798 insita,
924 4747 1049 4803 qua:
1080 4728 1148 4783 ad
1181 4722 1497 4795 imaginem
1532 4716 1629 4772 Dei
1665 4717 1812 4770 facta
1846 4717 1955 4778 est,

302 4848 494 4890 nonne
519 4833 609 4884 est
641 4817 1081 4894 compositionis
1115 4830 1319 4885 expers
1344 4810 1371 4864 ‘?
1421 4814 1476 4864 et
1534 4813 1729 4861 tamen
1791 4802 1960 4857 aliter

305 4920 491 4995 gignit
548 4928 900 4977 sermonem,
962 4907 1131 4962 aliter
1184 4905 1377 4957 autem
1411 4897 1630 4963 condit,
1662 4911 1788 4965 quae
1822 4908 1956 4946 con-

444 5010 635 5066 Anom.
667 5003 773 5070 Qui
807 5000 972 5055 aliter
1003 4992 1191 5067 gignit
1219 4995 1275 5046 ct
1305 4988 1473 5044 aliter
1503 4982 1747 5041 condit?
1804 4984 1960 5035 certe

306 5099 521 5173 quibus
580 5092 780 5151 condit
838 5104 1024 5151 mens,
1085 5083 1260 5138 etiam
1293 5078 1499 5150 gignit.
1538 5074 1687 5130 Orth.
1723 5070 1959 5126 Falsum

305 5204 512 5245 narras
546 5201 559 5241 :
592 5180 781 5257 gignit
819 5177 974 5233 enim
1006 5190 1073 5229 ex
1105 5188 1167 5226 se
1198 5181 1549 5231 sermonem,
1604 5162 1803 5217 condit
1861 5176 1961 5213 au-

302 5284 421 5336 tem
476 5292 543 5332 ex
604 5254 850 5329 materia
908 5265 1175 5325 domum,
1235 5254 1453 5320 navim,
1507 5257 1563 5307 et
1601 5264 1963 5322 quacunque

1427 408 1492 469 S.
1540 388 2064 466 ATHANASIUS.
2094 422 2171 437 -—-
2203 385 2509 451 SPURIA.

1726 535 1917 603 Anpm.
1952 524 2122 601 Ακαὶ
2177 522 2241 577 τὸ
2299 522 2517 591 Πνεῦμα
2566 513 2711 575 θείας
2774 510 2885 566 ἐστὶ
2944 507 3187 587 φύσεως;
3220 507 3368 577 Ὀρθ.
3420 503 3485 558 Εἰ
3528 505 3693 577 ἡμεῖς

3533 366 3692 433 “28

2031 616 2100 687 τῇ
2140 607 2400 680 κοινωνίᾳ
2442 590 2539 661 τοῦ
2590 600 2748 677 ἁγίου
2795 598 3112 672 Πνεύματος
3173 593 3318 661 θείας
3372 592 3529 667 ἐσμὲν
3592 590 3690 670 φύε

2033 683 2192 767 σεως,
2226 698 2353 774 οὐχὶ
2374 697 2436 751 τὸ
2471 698 2691 765 Πνεῦμα
2718 692 2780 746 τὸ
2811 687 3192 765 παρεχόμενον
3240 687 3376 757 ἡμῖν
3426 683 3525 752 τὴν
3571 701 3689 735 κοι-

2030 789 2223 845 νωνίαν
2250 806 2265 856 ;
2295 769 2491 857 ἓίΑνύμ.
2530 780 2627 837 Καὶ
2657 781 2719 836 τὸ
2755 782 2972 850 Πνεῦμα
3004 774 3094 831 οῦν
3140 773 3319 849 λὲγεις
3372 770 3516 831 θείας
3556 769 3691 824 εἶναι

2032 878 2242 958 φύσεως
2270 896 2284 947 ;
2315 881 2466 951 Ὀρθ.
2503 871 2626 947 Οὐχ
2657 868 2849 929 ἁπλῶς
2904 865 3046 930 θείας
3097 865 3232 918 εἶναι
3281 860 3516 934 φύσεως,
3546 857 3693 914 ἀλλὰ

2031 948 2130 1037 τῆς
2188 948 2391 1026 οὐσίας
2421 964 2555 1036 (55).
2603 958 2773 1019 Αὐτὸς
2831 957 2934 1030 γὲιρ
2977 954 3121 1009 εἶπεν
3181 952 3209 1006 6
3268 951 3479 1023 Πατήρ·
3523 972 3549 999 α
3605 948 3693 1002 Ἐν

2031 1036 2149 1119 ταῖς
2212 1053 2468 1131 ἐσχάταις
2527 1047 2761 1125 ἡμέραις
2823 1046 3001 1131 ἐκχεῶ
3059 1042 3164 1097 ἀπὸ
3221 1045 3318 1095 τοῦ
3379 1036 3689 1110 ΙΙνεύματός

2037 1168 2143 1221 μου
2201 1127 2313 1200 ίπῦ
2350 1147 2523 1197 πᾶσαν
2575 1141 2763 1212 σάρκα·
2801 1158 2829 1186 ››
2861 1135 2888 1188 6
2937 1130 2994 1187 δὲ
3050 1132 3194 1192 Υἱός·
3229 1155 3256 1181 ‹‹
3290 1127 3362 1183 Οὐ
3418 1128 3520 1203 γάρ
3578 1127 3694 1180 ἐστε

2035 1216 2188 1309 ῦμεῖς
2224 1234 2275 1287 οἳ
2307 1230 2630 1300 λαλοῦντες,
2665 1223 2813 1280 ἀλλὰ
2841 1224 2904 1279 τὸ
2936 1224 3158 1309 Πνεῦμα
3186 1223 3281 1274 τοῦ
3339 1216 3551 1290 Πατρός
3587 1235 3692 1288 μου

2030 1306 2093 1380 16
2123 1321 2328 1379 λαλοῦν
2363 1318 2415 1374 ἂν
2452 1318 2601 1391 ὑμῖν.
2630 1338 2656 1368 ρ)
2684 1313 2784 1369 Καὶ
2816 1314 2843 1368 6
2872 1306 2998 1368 Ἰὼϐ
3031 1313 3176 1365 θεῖον
3209 1308 3327 1364 εἶπε
3357 1307 3419 1361 τὸ
3447 1307 3690 1377 Πνεῦμα,

2035 1414 2178 1470 οὕτω
2212 1410 2405 1485 λέγων·
2445 1433 2470 1459 ‹‹
2509 1410 2584 1479 Ζῇ
2638 1404 2863 1478 Κύριος,
2896 1402 2958 1463 ’ὸς
3012 1399 3156 1454 οὕτω
3215 1418 3281 1472 με
3335 1396 3569 1471 κέκρικε,
3602 1390 3692 1448 καὶ

2034 1504 2062 1558 6
2095 1481 2491 1574 Παντοκράτωρ
2542 1496 2569 1549 6
2626 1492 2893 1568 πικράνας
2949 1510 3052 1562 μου
3096 1488 3195 1556 τὴν
3245 1486 3437 1561 ψυχήν
3471 1505 3482 1516 ·
3512 1482 3549 1552 ἢ
3586 1481 3693 1556 μὴν

2036 1588 2112 1647 ἔτι
2142 1597 2243 1659 τῆς
2286 1593 2464 1656 πνοῆς
2519 1604 2611 1658 μοι
2663 1581 2890 1651 ἐνούσης
2923 1581 3057 1653 (56),
3089 1580 3305 1650 πνεῦμα
3344 1568 3401 1628 δὲ
3444 1574 3587 1627 θεῖον
3632 1569 3696 1625 τὸ

2035 1657 2219 1754 περιόν
2258 1697 2350 1750 μοι
2384 1674 2434 1729 ἐν
2471 1657 2602 1749 ῥισὶ,
2641 1672 2716 1743 μὴ
2749 1667 2981 1738 λαλήσει
3008 1665 3072 1721 τὸ
3113 1664 3290 1737 στόμα
3323 1682 3427 1736 μου
3462 1657 3639 1715 ἄδικα.
3664 1683 3692 1711 ››

2031 1748 2214 1843 Ὁρᾷς,
2249 1748 2366 1827 πῶς
2412 1748 2513 1832 τῆς
2572 1758 2725 1835 ἁγίας
2785 1754 3014 1834 Τριάδος
3064 1754 3360 1829 μεμνηται·
3394 1775 3421 1802 ‹‹
3453 1753 3529 1825 Ζῇ
3588 1748 3692 1802 Κύ-

2039 1840 2177 1934 ριος,
2209 1877 2236 1909 η
2273 1852 2447 1928 λέγων
2494 1852 2584 1905 τὸν
2620 1848 2765 1903 Υίόν·
2799 1846 2911 1914 καὶ,
2947 1871 2965 1894 ι
3001 1846 3063 1902 Ὀ
3111 1841 3508 1918 Παντοκράτωρ
3542 1840 3570 1893 6
3601 1858 3696 1892 πι-

2042 1945 2241 2020 κράνας
2305 1923 2408 2014 μου
2445 1940 2544 2008 τὴν
2592 1937 2799 2012 ψυχὴν,
2832 1957 2858 1985 ››
2901 1934 2992 1989 τὸν
3050 1930 3277 2005 Πατὲρα·
3314 1954 3342 1981 ‹‹
3378 1931 3592 2001 Πνεῦμα
3642 1923 3703 1980 δὲ

2049 2040 2192 2099 θεῖον
2236 2033 2300 2088 τὸ
2350 2029 2534 2106 περιόν
2585 2048 2676 2100 μοι
2729 2025 2779 2079 ἐν
2817 2022 2946 2100 ῥισὶ,
2975 2045 3002 2073 η
3036 2022 3098 2076 τὸ
3133 2023 3351 2093 Πνεῦμα
3406 2018 3470 2072 τὸ
3520 2018 3695 2084 ἅγιον,

2048 2119 2283 2200 Χριστοῦ
2336 2103 2436 2196 γάρ
2492 2117 2631 2172 ἐστιν
2694 2110 2892 2169 εὐωδία
2945 2112 3007 2165 τὸ
3068 2113 3319 2181 Πνεῦμα·
3368 2106 3460 2161 καὶ
3521 2103 3702 2178 ὥσπερ

2044 2212 2103 2268 ἐκ
2130 2219 2229 2281 τῆς
2262 2205 2489 2269 εὐωδίας
2523 2204 2611 2260 διὰ
2646 2209 2755 2259 τῶν
2812 2202 2973 2278 ῥινῶν
3022 2200 3081 2254 τὸ
3135 2198 3303 2271 μύρον
3352 2195 3693 2273 γινώσκεται,

2047 2301 2219 2362 οὕτως
2275 2297 2365 2353 καὶ
2422 2296 2480 2351 ἐκ
2524 2299 2621 2350 τοῦ
2655 2292 2963 2364 Ηνεύματος
2993 2286 3245 2365 Χριστός.
3287 2311 3307 2336 α
3345 2281 3537 2345 Οὐδεὶς
3597 2281 3697 2357 γὰρ

2048 2389 2261 2446 δύναται
2322 2386 2490 2443 εἰπεῖν
2548 2383 2744 2456 Κύριον
2799 2381 3009 2450 Ἰησοῦν
3066 2378 3111 2432 εἷ
3176 2377 3251 2449 μὴ
3313 2373 3364 2429 ἐν
3424 2370 3693 2444 Ηνεύματι

2049 2480 2207 2557 ἁγίῳ.
2244 2502 2271 2531 ι)
2307 2475 2402 2531 Καὶ
2463 2475 2516 2528 οἱ
2564 2469 2866 2527 ἀπόστολοι
2907 2470 3141 2541 Χριστοῦ
3172 2461 3371 2520 εὐωδία
3420 2462 3579 2532 ἦσαν,
3606 2459 3700 2516 καὶ

2050 2568 2213 2625 εἰσίν·
2274 2561 2461 2633 ἆπειδή
2519 2562 2611 2616 καὶ
2668 2559 2785 2614 ναοὶ
2844 2562 2941 2613 τοῦ
2999 2553 3315 2629 Πνεύματός
3365 2551 3488 2607 εἶσι.
3548 2550 3702 2626 Λέγει

2046 2657 2146 2733 γὰρ
2205 2652 2445 2715 Παῦλος⁵
2498 2675 2526 2703 ‹‹
2580 2648 2691 2703 Οῦκ
2747 2644 2954 2711 οἴδατε,
3012 2644 3095 2699 ὅτι
3143 2643 3209 2698 τὰ
3264 2642 3492 2714 σώματα
3545 2638 3698 2710 ὓμῶν

2047 2747 2174 2808 ναὸς
2202 2749 2298 2800 τοῦ
2346 2742 2397 2797 ἐν
2443 2741 2571 2813 ὓμῖν
2633 2737 2787 2815 ἁγίου
2838 2731 3149 2807 Πνεύματός
3211 2731 3377 2799 ἐστιν,
3428 2728 3490 2783 οὗ
3549 2724 3704 2802 ἔχετε

2050 2836 2155 2891 ἀπὸ
2213 2837 2369 2901 Θεοῦ,
2418 2830 2508 2884 καὶ
2569 2827 2666 2882 οὐκ
2722 2826 2840 2881 ἐστι
2888 2825 3112 2880 ἑαυτῶν.
3177 2821 3442 2891 Δοξάσατε
3490 2814 3557 2886 δὴ
3608 2816 3699 2871 τὸν

2051 2924 2180 2982 Θεὸν
2212 2923 2264 2978 ἐν
2290 2926 2372 2993 τῷ
2402 2920 2614 2993 σώματι
2649 2916 2825 2989 ὐμῶν.
2862 2937 2888 2966 ››

1819 2996 2051 3092 οιῑξιῖιιὶ
2086 3017 2144 3071 in
2177 3014 2340 3070 vobis
2372 3016 2480 3078 est,
2515 3024 2689 3080 quem
2720 3004 2950 3060 habetis
2995 3020 3029 3059 a
3077 3003 3231 3068 Deo;
3272 3001 3351 3055 'et
3399 3014 3513 3054 non
3562 2996 3705 3052 estis

2121 3195 2173 3249 8.
2209 3187 2519 3262 Ἀνόμοιος.
2555 3186 2619 3243 El
2680 3183 2866 3245 ἄλλως
2924 3182 3093 3250 κτίζει
3128 3180 3155 3233 6
3187 3178 3338 3245 Θεὸς,
3367 3176 3457 3231 καὶ
3515 3172 3704 3237 ἄλλως

2051 3286 2229 3359 γεννᾷ,
2264 3277 2514 3342 σύνθετός
2547 3274 2729 3341 ἐστινς
2763 3273 2905 3348 Ὀρθ.
2944 3270 3204 3333 Σύνθετος
3258 3268 3352 3340 μὶν
3417 3264 3515 3320 οὐκ
3572 3258 3705 3318 ἕσιν

2191 3350 2293 3445 γὰρ
2353 3364 2563 3442 γένοιτό
2619 3383 2710 3436 μοι
2762 3361 2958 3416 είπεῖνί
2994 3358 3281 3413 ὑποστάσει
3315 3353 3372 3410 δὲ
3400 3358 3580 3430 γεννᾷ,
3611 3350 3703 3406 καὶ

2052 3442 2273 3532 ἐντολῇ-
2305 3456 2493 3525 κτίζει.
2527 3453 2593 3508 Εἴ
2651 3449 2710 3506 δὲ
2767 3451 2842 3512 ὡς
2897 3447 3087 3517 κτίζει,
3151 3444 3323 3507 οὕτως
3374 3442 3464 3498 καὶ
3522 3444 3705 3518 γεννᾷ,

2050 3550 2112 3604 τὸ
2167 3528 2369 3619 κτίσμα
2425 3543 2589 3598 αὐτοῦ
2638 3538 2882 3616 γὲννημα
2929 3536 3093 3590 αὐτοῦ
3150 3533 3313 3590 ἐστιν.
3346 3528 3539 3604 Ἀνόμ.
3600 3528 3705 3586 Καὶ

2052 3639 2209 3692 πάνυ.
2261 3636 2404 3709 Ὀρθ.
2439 3635 2656 3689 ’Έκτισε
2713 3626 2771 3683 ὃὶ
2826 3627 2917 3682 τὸν
2973 3625 3125 3681 κύνα*
3186 3621 3469 3695 τόλμησον
3532 3618 3701 3674 εἰπεῖν

2052 3726 2144 3780 τὸν
2204 3722 2337 3777 κύνα
2396 3720 2454 3775 ἐκ
2507 3718 2736 3796 γαστρὸς
2793 3722 3162 3792 γεγεννῆσθαι,
3193 3712 3282 3766 καὶ
3341 3708 3482 3765 ἄλλο
3513 3730 3564 3763 τι
3595 3712 3704 3761 τῶν

2055 3814 2384 3887 κτισμάτων.
2417 3810 2560 3884 Ἐγὼ
2616 3809 2715 3883 γὰρ
2777 3803 2949 3881 λέγω,
2997 3802 3079 3859 ὅτι
3128 3800 3217 3857 καὶ
3276 3800 3368 3855 τὸν
3423 3797 3560 3853 κύνα
3615 3795 3708 3852 καὶ

2056 3902 2228 3958 πάντα
2283 3900 2348 3955 τᾶ
2406 3897 2579 3974 ἄλογα
2631 3895 2764 3970 μετὰ
2810 3894 2899 3949 καὶ
2932 3892 3107 3963 πάσης
3138 3897 3237 3960 τῆς
3268 3886 3450 3958 ἄλλης
3479 3885 3707 3947 κτίσεως

2056 3991 2258 4048 ἔκτισεν
2293 3992 2321 4046 6
2352 3988 2496 4051 Θεός·
2535 3986 2668 4041 Εἰπὲ
2714 3984 2803 4040 καὶ
2855 3981 3034 4054 αὐτὸς,
3070 3979 3153 4036 ὅτι
3212 3979 3303 4033 καὶ
3364 3977 3424 4032 ἐκ
3477 3975 3709 4051 γαστρὸς

2057 4080 2190 4137 αὐτὰ
2245 4080 2544 4157 ἰγέννησεν,
2607 4074 2756 4150 εἷ’περ
2837 4071 3096 4132 ὡσαύτως
3151 4068 3317 4137 κτίζει
3378 4065 3466 4121 καὶ
3525 4068 3708 4140 γεννᾷ.

2057 4166 2250 4243 Ἀνόμ.
2284 4154 2509 4227 Ἄλλως
2567 4163 2656 4220 οὖν
2715 4162 2906 4232 κτίζει,
2938 4161 3027 4215 καὶ
3085 4156 3275 4220 ἄλλως
3324 4158 3483 4231 γεννᾷ
3513 4175 3526 4224 ;
3561 4154 3710 4225 Ὀρθ.

2058 4259 2157 4315 Καὶ
2208 4261 2367 4314 πάνυ.
2416 4250 2615 4328 Ἀνὸμ.
2670 4252 2785 4310 Οὐκ
2835 4247 2977 4305 ἔστιν
3028 4248 3350 4314 ἀσύνθετος;
3396 4245 3545 4318 Ὀρθ.
3602 4239 3717 4299 Οὐκ

2061 4347 2364 4420 εἶπον,οὖκ
2422 4340 2563 4399 ἔστιν
2623 4341 2909 4404 ἀσύνθετος
2941 4340 3079 4412 (57),
3115 4334 3260 4391 ἁλλᾶ
3313 4332 3403 4388 καὶ
3463 4332 3600 4407 ὐπὶρ
3650 4330 3715 4386 τὸ

2062 4418 2344 4491 ἀσυνθετόν
2405 4433 2567 4487 ἐστιν*
2606 4428 2791 4491 ἄλλως
2850 4425 2906 4481 δὲ
2962 4430 3121 4501 γεννᾷ
3150 4425 3239 4478 καὶ
3286 4420 3474 4483 ἄλλως
3523 4418 3711 4489 κτίζει.

2062 4524 2253 4598 Ἀνόμ.
2313 4527 2435 4583 ΙΙῶς
2492 4516 2605 4575 οἷόν
2658 4537 2754 4587 τε;
2812 4517 3057 4593 Ὀρθ.’0
3114 4517 3239 4575 νοῦς
3293 4512 3321 4566 ὁ
3385 4509 3435 4564 ἐν
3497 4508 3717 4583 ὴμῖν,ὁ

2063 4616 2179 4669 κατ’
2226 4608 2405 4667 εθκόνα
2432 4614 2530 4665 τοῦ
2560 4613 2694 4664 Θεοῦ
2739 4607 2999 4684 γεγονὼς,
3033 4604 3132 4659 οὐκ
3179 4597 3320 4657 ἔστιν
3382 4598 3713 4666 ἀσύνθετος;

2064 4703 2154 4758 καὶ
2203 4699 2390 4757 ἄλλως
2447 4702 2604 4775 γεννᾷ
2642 4693 2834 4772 λόγον,
2866 4695 2958 4750 καὶ
3014 4690 3201 4753 ἄλλως
3233 4688 3426 4758 κτίζει,
3459 4686 3494 4741 ’ὰ
3524 4685 3717 4755 κτίζει.

2065 4788 2252 4865 Ἀνόμ.
2301 4794 2421 4852 Πῶς
2456 4787 2641 4849 ἄλλως
2673 4791 2828 4863 γεννᾷ
2872 4784 2963 4838 καὶ
3008 4780 3194 4842 ἄλλως
3226 4778 3395 4847 κτίζει
3424 4799 3438 4847 ;
3472 4775 3721 4851 καίτοιγε

2067 4884 2249 4942 ὁνοῦς
2309 4881 2391 4941 οἷς
2450 4877 2640 4948 κτίζει,
2672 4876 2760 4930 καὶ
2816 4878 2992 4950 γεννᾷ.
3053 4873 3202 4946 Ὀρθ.
3258 4865 3499 4928 Ψεῦδος·
3562 4867 3726 4941 γεννᾷ

2065 4974 2166 5050 γὰρ
2192 4972 2243 5042 ἐξ
2274 4971 2437 5026 αὐτοῦ
2471 4965 2662 5044 Λόγον,
2694 4965 2863 5035 κτίζει
2898 4962 2955 5019 δὲ
2984 4963 3034 5034 ἐξ
3082 4959 3222 5031 ὕλης
3274 4959 3468 5031 οἰκίαν,
3501 4955 3720 5024 πλοῖον,

2066 5063 2156 5117 καὶ
2215 5060 2313 5115 ὅσα
2366 5050 2832 5128 τοιαῦτα.“ι1νόμ.
2868 5052 3076 5111 Οὐκοῦν
3138 5050 3226 5105 καὶ
3288 5049 3417 5110 Θεὸς
3479 5047 3531 5116 ἐξ
3586 5043 3725 5111 ὕλης

2068 5152 2294 5220 κτίζει;
2356 5150 2506 5221 Ὀρθ.
2563 5145 2637 5199 Τὰ
2698 5145 2792 5217 μὲν
2847 5141 2898 5213 ἐξ
2958 5140 3116 5212 ὕλης,
3174 5140 3241 5195 τὰ
3294 5136 3370 5210 δὲ,
3432 5138 3509 5209 μὴ
3571 5129 3721 5201 ὅντα,

2072 5242 2430 5310 ῦπεστήσατο.
2481 5230 2673 5307 Ἀνὸμ.
2727 5230 2885 5302 [1th;
2919 5231 3068 5307 Ὀρθ,
3103 5231 3209 5299 Τήν
3262 5227 3396 5297 ὕλην
3450 5223 3540 5279 καὶ
3597 5219 3725 5282 τοὺς

373 5451 419 5487 η
447 5445 594 5506 Joel.
626 5459 693 5511 ιι,
720 5441 812 5497 28.
891 5430 1174 5491 "Matth.
1205 5444 1321 5495 ινι,
1351 5426 1443 5481 20.
1519 5421 1697 5477 "Job
1726 5417 1941 5487 mm:

2118 5415 2164 5450 ⁸³
2194 5412 2216 5469 I
2246 5411 2373 5466 Cor.
2406 5425 2509 5479 xu,
2538 5406 2593 5463 3.
2670 5405 2716 5444 9°
2746 5404 2769 5461 Ι
2798 5407 2925 5461 Cur.
2958 5420 3037 5474 IV,
3072 5401 3259 5458 19-20.

383 5612 745 5688 (55)7Regius
775 5613 832 5666 et
870 5604 1049 5664 Palat.
1082 5597 1229 5656 ἀλλὰ
1278 5602 1378 5667 τῆς
1429 5588 1565 5655 σίας.
1620 5589 1769 5648 Fslc.
1818 5586 1965 5644 ἀλλὰ

314 5687 673 5832 τηῗδὲἶίῖῗὲε.
705 5756 763 5808 et
788 5748 969 5806 Palat.
999 5747 1098 5815 τῆς
1126 5745 1301 5811 πνοῆς
1335 5755 1441 5813 μου
1492 5734 1543 5792 ἐν
1610 5733 1718 5811 ῥινὶ
1776 5726 1966 5802 οῦσης,

2074 5583 2208 5642 Mox
2235 5580 2416 5650 idem,
2451 5575 2528 5650 μὴ
2550 5573 2824 5650 λαλῆσαι.

2147 5640 2262 5729 (57)
2295 5640 2475 5708 Palat.
2509 5640 2609 5704 οὐκ
2636 5640 2810 5722 εἶπον,
2842 5644 2924 5702 ὅτι
2956 5643 3057 5701 οῦκ
3084 5642 3191 5699 ἔτιν
3222 5640 3309 5699 ἀσ.
