4116 6402
406 411 565 476 “29

1389 400 1490 471 DE
1537 399 1834 472 SANC'I‘A
1886 411 2314 471 TRINI'I‘ATE
2361 399 2751 475 DIALooUS
2798 414 2845 473 ι.

3671 413 3828 479 H3O

398 541 662 619 οὐρανοὺς
722 542 810 597 καὶ
870 542 994 603 τοὺς
1044 541 1314 618 ἀγγέλους
1347 541 1397 610 ἐξ
1430 539 1642 602 οὐδενὸς
1692 542 2039 610 ὑπεστήσατο.

2164 545 2304 595 sunt
2334 542 2646 612 ejusmodi.
2681 546 2874 599 Anam.
2903 548 3054 599 Num
3087 544 3268 616 igitur
3293 544 3466 600 etiam
3498 545 3651 602 Deus
3685 564 3822 604 con-

394 631 555 688 ’Δλλ’
603 634 638 700 ἡ
695 632 983 708 βούλησις,
1015 628 1318 706 σύνδρομον
1378 627 1579 705 ἔχουσα
1637 631 1735 699 τὴν
1798 628 2049 701 δύναμιν,

398 723 733 792 ὑπεστήσατο
786 720 884 776 ὅσα
933 719 1192 791 ἠθέλησε·
1241 721 1308 774 τὰ
1352 716 1411 773 δὲ
1456 721 1620 790 θνητᾶ
1677 725 1787 788 ζῶα
1836 717 1894 773 ἐκ
1949 726 2050 786 τῆς

396 809 534 880 ὕλης
591 809 868 880 ἐποίησεν.
924 808 1114 882 Ἀνόμ.
1149 813 1318 863 Τοῦτο
1369 805 1624 884 δέχομαι,
1661 810 1810 883 Ὀρθ.
1843 809 1949 864 Τὸν
1994 805 2051 862 δὲ

397 898 520 952 Υίὸν
551 897 659 973 οὐχ
708 895 916 952 ἁπλοῦν
967 897 1057 951 καὶ
1101 895 1384 951 ἀσύνθετον
1435 895 1610 972 λέγεις
1638 916 1650 965 ;
1683 896 1872 969 Ἀνόμ.
1928 894 2046 950 Ναί.

398 988 543 1062 Ὀρθ.
597 987 801 1041 Οὐκοῦν
851 986 939 1041 καὶ
991 991 1086 1040 τοῦ
1143 987 1267 1040 Υίοῦ
1315 986 1376 1040 τὸ
1425 985 1625 1058 κτίσμα
1671 987 1918 1060 γέννημα
1967 983 2052 1040 λέ-

395 1095 544 1150 γεις;
581 1075 770 1149 Ἀνόμ.
805 1073 896 1129 Οὔ.
934 1077 1083 1151 Ὀρί).
1122 1075 1181 1131 Εἴ
1242 1073 1329 1130 διὰ
1377 1079 1540 1129 τοῦτο
1588 1075 1650 1128 τὸ
1706 1074 1908 1147 κτίσμα
1952 1078 2049 1128 τοῦ

399 1167 633 1240 Πατρὸς,
666 1167 914 1240 γέννημα
966 1163 1166 1241 λέγεις,
1201 1162 1387 1233 ἐπειδὴ
1437 1161 1642 1225 ἁπλοῦς
1687 1163 1818 1235 ἐστι,
1853 1163 1942 1218 καὶ
1988 1164 2049 1218 τὸ

399 1256 650 1330 γέννημα
707 1253 925 1327 κτίσμα’
977 1253 1088 1310 ἔστι
1147 1253 1204 1307 δὲ
1259 1254 1349 1307 καὶ
1410 1254 1437 1307 6
1498 1254 1618 1314 Υἱὸς
1679 1252 1909 1323 ἁπλοῦς,
1959 1253 2049 1306 καὶ

399 1344 566 1398 αὐτοῦ
595 1343 660 1398 τὸ
703 1343 904 1416 κτίσμα
955 1342 1063 1397 ἐστὶ
1112 1341 1370 1418 γέννημα·
1419 1342 1504 1396 καὶ
1564 1343 1905 1417 εὑρεθήσεται
1954 1345 2050 1396 τοῦ

406 1434 498 1505 μὲν
556 1433 684 1486 Υἱοῦ
743 1433 923 1508 πατῆρ
973 1433 1000 1486 6
1042 1432 1250 1507 Πατήρ,
1281 1434 1379 1500 τῆς
1440 1428 1498 1486 δὲ
1552 1430 1776 1493 κτίσεως
1805 1430 2048 1493 πάππος.

401 1521 592 1593 Ἀνόμ.
653 1520 831 1578 Ἀλλά
905 1525 1004 1576 τοῦ
1075 1522 1168 1594 μὲν
1245 1520 1453 1597 Πατρὸς
1510 1520 1572 1575 τὸ
1636 1519 1880 1595 γέννημά
1937 1519 2046 1576 ἐστι

397 1611 616 1682 κτίσμα,
645 1615 743 1666 τοῦ
801 1608 858 1665 δὲ
917 1611 1044 1664 Υἱοῦ
1104 1611 1164 1664 τὸ
1219 1610 1420 1683 κτίσμα
1477 1609 1585 1665 ἔστῖ
1644 1609 1863 1682 κτίσμα.
1899 1611 2041 1686 Ὀρο.

397 1698 622 1767 Ἐπειδή
655 1697 861 1760 ἁπλοῦς
911 1697 1052 1753 ἐστιν
1099 1700 1126 1753 6
1176 1699 1324 1767 Θεὸς,
1351 1699 1414 1753 τὸ
1465 1697 1668 1769 κτίσμα
1715 1697 1878 1752 αὑτοῦ
1921 1698 2042 1772 γέν-

389 1804 541 1860 νημα
595 1787 760 1842 αὐτοῦ
816 1787 946 1856 ἐστι,
982 1789 1070 1842 καὶ
1134 1789 1196 1842 τὸ
1252 1787 1498 1863 γέννημα
1544 1787 1764 1860 κτίσμα’
1797 1789 1832 1856 ἢ
1885 1793 2037 1858 πῶςς

2163 631 2248 685 dit
2277 648 2342 685 ex
2395 632 2688 687 materia?
2717 633 2867 688 ΟνιΙι.
2921 634 3192 698 Quaedam
3241 650 3308 688 ex
3359 635 3622 704 materia,
3659 653 3820 708 qum-

2161 721 2296 774 dam
2334 738 2562 787 rursus,
2597 738 2728 776 cum
2765 740 2880 777 non
2932 728 3151 786 essent,
3183 724 3319 778 iecit
3351 728 3415 778 ut
3445 724 3814 780 exsisterent.

2163 811 2350 864 Anam.
2400 811 2697 874 Quomodo
2725 810 2752 864 ‘I
2785 812 2932 867 Orth.
2970 811 3270 866 Materiem
3320 817 3377 866 et
3408 812 3581 868 caelos
3613 819 3669 868 et
3711 831 3820 869 an-

2161 898 2318 970 gelos
2352 897 2484 954 fecit
2515 903 2575 954 ut
2609 916 2674 953 cx
2711 899 2891 954 nihilo
2923 900 3585 957 exsisterent.Voluntas
3616 910 3812 958 autem

2161 992 2602 1043 concurrentem
2656 994 3001 1059 potestatem
3053 993 3242 1058 nacta,
3297 989 3429 1043 fecit
3473 995 3538 1044 ut
3569 991 3815 1046 exsiste-

2163 1080 2248 1130 ret
2295 1076 2580 1148 quidquid
2634 1076 2846 1133 libuit:
2885 1077 3153 1132 mortalia
3202 1094 3332 1132 vero
3383 1079 3708 1135 animantia
3747 1097 3816 1136 ex

2162 1165 2404 1219 materia
2435 1165 2713 1220 condidit.
2746 1167 2941 1221 Anam.
2978 1171 3094 1222 Hoc
3126 1167 3392 1221 admitto.
3432 1166 3581 1222 Orth.
3607 1167 3816 1224 Filium

2158 1271 2291 1308 vero
2337 1271 2530 1308 nonne
2569 1256 2656 1309 ais
2707 1255 3032 1326 simplicem
3083 1273 3210 1311 esse
3269 1261 3324 1311 et
3368 1256 3814 1327 compositionis

2159 1347 2451 1414 expertem
2479 1343 2506 1396 ‘?
2535 1343 2725 1399 Anam.
2778 1345 2982 1399 Etiam.
3036 1344 3186 1399 Orth.
3236 1347 3314 1399 An
3366 1343 3547 1417 igitur
3592 1347 3747 1417 quod
3783 1364 3817 1402 a

2161 1430 2303 1486 Filio
2353 1431 2651 1487 conditum
2703 1439 2811 1503 est,
2845 1451 2910 1488 ex
2960 1450 3025 1488 eo
3079 1450 3314 1506 quoque
3365 1434 3629 1504 genitum
3680 1435 3813 1491 ais?

2162 1521 2353 1576 Anam.
2387 1521 2644 1576 Minime.
2682 1522 2832 1577 Orth.
2869 1522 2948 1591 Si,
2983 1523 3257 1594 quoniam
3314 1523 3482 1578 Pater
3527 1528 3619 1578 est
3663 1525 3810 1580 sim-

2158 1609 2308 1680 plex,
2341 1609 2556 1666 idcirco
2587 1612 2740 1682 quod
2773 1628 2806 1666 a
2836 1611 3003 1666 Patre
3047 1613 3348 1666 conditum
3383 1617 3472 1667 est
3503 1612 3676 1668 etiam
3711 1629 3809 1685 ge-

2157 1701 2344 1754 nitum
2379 1700 2546 1766 dicis,
2575 1715 2779 1772 nempe
2813 1701 2963 1772 quod
2999 1701 3260 1773 genitum
3293 1705 3401 1767 est,
3434 1700 3611 1756 etiam
3644 1718 3806 1758 crea-

2155 1795 2277 1843 tum
2310 1794 2400 1844 cst
2434 1806 2446 1844 :
2482 1794 2537 1844 at
2571 1789 2752 1844 Filius
2784 1806 3018 1860 quoque
3049 1794 3138 1844 est
3168 1789 3450 1861 simplex:
3483 1807 3615 1860 ergo
3648 1791 3804 1862 quod

389 1877 585 1951 Ἀνόμ.
643 1879 804 1933 Πάνυ.
859 1879 1006 1952 Ὀρθ.
1069 1877 1164 1931 Καὶ
1242 1882 1337 1931 τοῦ
1390 1877 1517 1930 Υἱοῦ
1578 1874 1677 1951 ἄρα
1732 1878 1794 1931 τὸ
1842 1877 2039 1950 κτίσμα

427 1967 437 1978 .
712 1966 724 1978 .
870 1968 878 1978 ,
1045 1962 1069 1978 ,ι
1278 1967 1302 1978 ..
1363 1968 1464 1978 ,..,,.
1563 1964 1573 1978 ,
1682 1963 1704 1978 ,ρ
1841 1963 1864 1978 κ
1903 1967 1914 1978 .
2020 1965 2032 1978 .

2151 1879 2388 1946 creavit,
2438 1879 2612 1933 etiam
2663 1879 2865 1950 genuit
2899 1897 2910 1934 :
2946 1883 3002 1934 et
3032 1883 3201 1934 Pater
3250 1878 3637 1950 compcrictnr
3674 1895 3805 1936 esse

385 1967 645 2042 γέννημα,
699 1966 982 2030 ἀσυνθέτου
1041 1962 1218 2027 ὄντος·
1270 1967 1303 2034 ἤ
1357 1968 1470 2039 (58)
1520 1964 1618 2019 οὐκ
1676 1963 1780 2040 ἄρα
1837 1963 1924 2020 διὰ
1979 1965 2042 2019 τὸ

385 2056 674 2120 ἆσῦνθετον
747 2061 843 2110 τοῦ
901 2056 1108 2130 Πατρὸς
1179 2056 1240 2109 τὸ
1303 2056 1546 2130 γέννημα
1601 2055 1821 2128 κτίσμα.
1881 2056 1916 2123 ἢ
1975 2055 2037 2109 τὸ

385 2145 588 2218 κτίσμα
645 2143 911 2220 γέννημα,
942 2144 1038 2199 κᾶν
1174 2143 1475 2205 άσὺνθετος,
1537 2143 1782 2216 Γέννημα
1831 2140 1887 2197 δὲ
1940 2148 2038 2198 τοῦ

391 2234 601 2310 Πατρὸς
647 2235 674 2287 6
726 2233 866 2295 Υἱός·
922 2232 1020 2287 οὐκ
1074 2231 1175 2308 ἄρα
1223 2232 1442 2304 κτίσμα.
1498 2232 1685 2305 ’Δνόμη
1734 2239 1791 2290 Ὁ
1850 2235 2035 2308 Πατὴρ

383 2328 481 2377 τοῦ
526 2324 654 2376 Υἱοῦ
713 2317 885 2383 αῗίτιός
934 2320 1066 2392 ἐστι,
1098 2329 1196 2390 τῆς
1248 2319 1305 2376 δὲ
1353 2321 1579 2383 κτίσεως
1635 2323 1663 2375 6
1710 2321 1852 2383 Υἱός.
1891 2324 2033 2396 Ὀρο.

384 2417 492 2480 Τῆς
527 2408 583 2466 δὲ
611 2410 839 2473 κτίσεως
869 2411 968 2464 οὑκ
1012 2406 1152 2464 ἔστιν
1200 2406 1371 2471 αἷίτιος
1402 2410 1490 2464 καὶ
1526 2411 1553 2464 6
1587 2413 1806 2484 Πατήρς
1840 2410 2034 2482 Ἀνόμ.

384 2499 566 2556 Ἀλλά
609 2497 698 2554 διὰ
739 2504 836 2555 τοῦ
889 2500 1039 2556 Υἰοῦ.
1086 2501 1231 2574 Ὀρθ.
1284 2499 1450 2568 Τίθης
1493 2502 1604 2568 (59)
1637 2496 1694 2552 δέ
1751 2497 1920 2565 ὅλως,
1953 2497 2036 2553 ὅτι

388 2587 560 2652 αἶ’τιός
594 2590 703 2644 ἐστι
752 2589 842 2644 καὶ
893 2596 992 2658 τῆς
1035 2588 1300 2658 κτίσεωςς
1335 2587 1523 2660 Ἀνόμ.
1560 2588 1682 2644 Ναί.
1720 2588 1896 2642 Πάντα
1936 2589 2038 2663 γὰρ

380 2679 440 2734 ἐκ
490 2684 583 2734 τοῦ
633 2683 789 2735 Θεοῦ.
839 2679 987 2754 Ὀρθ.
1043 2677 1191 2734 Εἰσὶν
1241 2675 1332 2732 οὖν
1377 2677 1540 2731 αὐτοῦ
1589 2679 1678 2730 καὶ
1729 2677 1794 2732 τὰ
1849 2679 2038 2752 γεννή-

386 2789 530 2842 ματα
594 2769 791 2834 πάντα,
846 2768 1024 2839 κύνες,
1090 2767 1337 2842 κόρακες,
1399 2771 1590 2841 γῦπες,
1660 2767 1749 2820 καὶ
1817 2773 1961 2820 πᾶσα
2003 2769 2036 2819 '6

382 2858 554 2918 κτίσις
606 2856 802 2932 λογική
846 2877 905 2911 τε
947 2856 1036 2911 καὶ
1088 2856 1315 2930 ἄλογος.
1351 2856 1544 2928 Ἀνόμ.
1581 2855 1769 2918 Εἶπον,
1821 2855 1905 2909 ὅτι
1954 2853 2042 2908 διὰ

385 2952 484 3002 τοῦ
514 2946 646 3001 Υἱοῦ
698 2946 1038 3016 ἐκτίσθησαν·
1077 2946 1244 3018 μόνος
1295 2942 1352 2999 δὲ
1402 2945 1430 2998 6
1475 2945 1595 3006 Υἱὸς
1648 2942 1768 2999 ἄνευ
1821 2944 2042 3017 μεσίτου

388 3035 722 3111 γεγέννηται,
754 3035 1027 3090 τουτέστιν
1063 3032 1318 3091 ἔκτισται.

2155 1966 2281 2021 Filii
2331 1967 2570 2038 quidem
2603 1974 2786 2037 pater,
2825 1984 3018 2021 rerum
3069 1985 3202 2022 vero
3252 1973 3581 2023 creatarum
3635 1984 3798 2024 avus.

2147 2056 2336 2110 Anam.
2371 2055 2476 2110 Sed
2530 2057 2681 2126 quod
2718 2061 2806 2110 est
2849 2055 3110 2128 genitum
3163 2073 3196 2109 a
3247 2056 3435 2124 Patre,
3482 2057 3658 2111 etiam
3710 2063 3802 2113 est

2148 2150 2411 2199 creatum
2457 2161 2468 2199 :
2525 2144 2678 2215 quod
2729 2150 2923 2199 autem
2975 2150 3231 2200 creatum
3282 2148 3370 2200 est
3418 2162 3450 2200 a
3498 2143 3662 2214 Filio,
3710 2151 3800 2202 est

2148 2237 2434 2288 creatura.
2494 2232 2644 2288 Orth.
2681 2233 2885 2288 Nonne
2917 2234 3194 2304 quoniam
3228 2233 3477 2306 simplex
3510 2237 3598 2290 cst
3629 2234 3807 2303 Deus,

2147 2322 2364 2377 idcirco
2413 2323 2565 2392 quod
2620 2324 2692 2377 ab
2743 2340 2807 2377 eo
2859 2327 3119 2378 creatum
3172 2328 3282 2388 est,
3317 2323 3492 2378 etiam
3537 2323 3806 2395 genitura

2149 2427 2278 2466 esse
2311 2429 2323 2466 :
2353 2417 2409 2466 ct
2439 2412 2592 2481 quod
2628 2412 2700 2467 ab
2732 2428 2797 2466 eo
2843 2412 3108 2483 genitum
3158 2416 3265 2481 est,
3310 2413 3484 2467 etiam
3538 2416 3801 2468 creatum

2149 2516 2277 2555 esse
2308 2499 2393 2555 vis
2416 2499 2442 2553 ‘I
2466 2500 2564 2554 Sin
2602 2501 3127 2572 minus,quomodo
3160 2501 3344 2556 sentis
3370 2504 3391 2554 Ξ)
3419 2503 3609 2556 Anam.
3635 2506 3808 2558 Sane.

2158 2589 2314 2644 Orth.
2347 2589 2493 2660 Ergo
2524 2593 2580 2643 et
2630 2590 2783 2660 quod
2817 2596 3078 2644 creatum
3111 2595 3201 2644 est
3231 2607 3265 2644 a
3301 2589 3460 2660 Filio,
3494 2595 3583 2644 est
3631 2589 3805 2646 etiam

2149 2679 2439 2750 genitum,
2476 2682 2676 2748 utpote
2705 2679 2807 2748 qui
2841 2679 2919 2734 sit
2949 2678 3397 2750 compositionis
3429 2695 3638 2751 expers
3673 2696 3685 2735 :
3721 2679 3808 2735 vel

2149 2767 2323 2823 etiam
2358 2767 2404 2822 si
2452 2767 2621 2822 Pater
2651 2773 2742 2822 est
2791 2768 3238 2839 compositionis
3288 2784 3515 2840 expers,
3550 2786 3665 2825 non
3718 2769 3804 2823 id-

2150 2857 2302 2912 circo
2337 2866 2528 2910 tamen
2563 2858 2716 2927 quod
2754 2859 2825 2911 ab
2860 2874 2924 2912 eo
2955 2857 3219 2929 genitum
3254 2863 3631 2926 est,creatum
3668 2864 3756 2913 est
3789 2875 3802 2914 :

2154 2963 2256 3001 nec
2287 2946 2436 3015 quod
2474 2946 2543 3000 ab
2575 2962 2641 3000 eo
2694 2952 2955 3001 creatum
2986 2951 3096 3016 est,
3130 2947 3395 3016 genitum
3427 2950 3538 3011 est,
3573 2945 3804 3000 etiamsi

2153 3036 2228 3090 sit
2261 3037 2384 3106 ipse
2417 3035 2858 3105 compositionis
2890 3037 3207 3107 cXpers.At
3243 3035 3419 3090 Filius
3452 3034 3685 3108 genitus
3717 3039 3812 3090 est

383 3144 416 3180 a
467 3127 679 3182 Patre:
735 3143 848 3181 non
893 3125 1074 3198 igitur
1123 3130 1375 3180 creatus.
1428 3125 1620 3180 Anam.
1675 3125 1838 3180 Pater
1888 3129 1978 3180 est
2027 3131 2229 3180 auctor
2279 3124 2428 3193 Filii,
2480 3123 2657 3179 Filius
2704 3130 2907 3178 auctor
2956 3141 3149 3179 rerum
3201 3125 3591 3180 conditarum.
3649 3123 3806 3179 Orth.

387 3221 596 3271 Annon
630 3219 805 3270 Pater
834 3231 1071 3286 quoque
1101 3219 1192 3270 est
1222 3230 1414 3269 rerum
1449 3213 1817 3268 conditarum
1849 3213 2098 3268 auctor?
2129 3215 2320 3268 Anam.
2354 3213 2452 3267 Est
2484 3227 2646 3276 sane,
2680 3212 2778 3267 sed
2813 3228 2916 3285 per
2948 3211 3184 3269 Filium.
3220 3212 3378 3267 Orth.
3415 3213 3523 3267 Sed
3567 3212 3809 3269 omnino

389 3305 576 3374 ponis,
607 3321 742 3360 eum
775 3320 1010 3376 quoque
1043 3307 1337 3359 auctorem
1374 3319 1502 3358 esse
1535 3319 1729 3358 rerum
1763 3307 2092 3358 creatarum
2115 3302 2142 3357 ?
2172 3302 2363 3357 Anam.
2398 3303 2578 3357 Certe.
2612 3301 2822 3357 Omnia
2853 3301 3008 3357 enim
3041 3307 3181 3357 sunt
3211 3319 3278 3357 ex
3315 3303 3445 3356 Deo.
3473 3300 3623 3356 Orth.
3659 3302 3811 3356 Sunt

391 3392 566 3463 igitur
593 3394 662 3449 ab
694 3409 761 3449 eo
791 3394 969 3450 etiam
1002 3394 1198 3464 genita
1245 3392 1466 3457 omnia,
1500 3409 1694 3461 canes,
1729 3391 1903 3457 corvi,
1938 3391 2221 3458 vultures,
2273 3391 2558 3462 quidquid
2598 3392 2750 3446 4|3
2801 3391 3052 3463 denique
3102 3396 3360 3446 creatum
3412 3395 3522 3459 est,
3558 3390 3677 3446 sive
3709 3407 3808 3446 ra-

385 3482 563 3538 tionis
596 3483 908 3554 particeps,
941 3484 1062 3538 sive
1095 3480 1338 3537 rationis
1369 3498 1595 3552 expers.
1629 3483 1822 3536 Anom.
1857 3480 1981 3535 Dixi
2015 3480 2134 3535 haec
2166 3479 2396 3535 condita
2429 3496 2558 3535 esse
2592 3495 2694 3551 per
2724 3479 2932 3534 Filium
2969 3495 2982 3536 :
3016 3479 3175 3534 solus
3206 3485 3399 3534 autem
3437 3478 3805 3544 Filius,nullo

379 3563 728 3640 intermedio
759 3571 992 3642 genitus
1023 3574 1132 3636 est,
1167 3571 1223 3624 id
1257 3575 1346 3625 cst
1375 3575 1626 3625 creatus.

447 3659 499 3713 9.
535 3659 686 3733 Ὀρθ.
736 3655 956 3727 Ἐπειδή
1022 3657 1182 3730 μόνος
1243 3657 1302 3712 ἐκ
1363 3656 1549 3730 μόνου⁹
1585 3654 1674 3711 διὰ
1728 3662 1888 3712 τοῦτο
1936 3656 2026 3711 καὶ
2060 3658 2102 3725 C

376 3745 617 3822 γέννημα
675 3744 854 3820 λέγεις
914 3746 1072 3800 αὑτὸν
1130 3747 1218 3800 καὶ
1275 3744 1516 3817 κτίσμα;
1567 3746 1601 3814 ἢ
1653 3751 1802 3814 min;
1838 3744 2030 3817 Ἀνόμ.

379 3834 502 3891 Ναί.
538 3836 688 3907 Ὀρθ.
722 3836 795 3888 Τὰ
847 3832 904 3890 δὲ
959 3838 1064 3907 (60)
1099 3832 1243 3889 ἄλλα
1297 3835 1491 3904 πάντα,
1545 3831 1733 3902 ἐπειδὴ
1794 3831 1882 3888 δια
1936 3838 2032 3888 τοῦ

381 3924 508 3977 Υἶοῦ
541 3923 803 3998 ἐγένοντο,
837 3922 1107 3996 κτίσματά
1137 3923 1292 3990 εἰσιν,
1327 3921 1425 3976 οὐκ
1473 3921 1550 3976 ἔτι
1601 3919 1656 3976 δῖε
1703 3923 1792 3976 καὶ
1840 3925 2030 3996 γεννή-

385 4033 557 4086 ματα;
609 4013 800 4086 Ἀνόμ.
853 4013 1058 4075 Οὕτως.
1112 4014 1258 4088 Ὀρθ.
1306 4014 1366 4069 Ἡ
1415 4011 1662 4084 μεσιτεία
1702 4011 1883 4065 τοίνυν
1936 4015 2032 4066 τοῦ

385 4103 509 4157 Υἳοῦ
566 4102 851 4173 ἠλάττωσε
905 4105 1003 4172 τὴν
1071 4107 1167 4157 τοῦ
1225 4102 1433 4178 Πατρὸς
1492 4099 1778 4176 ἐνέργειαν.
1839 4100 2030 4172 ’Λνόμ.

383 4192 480 4246 Διὰ
533 4191 626 4261 τί;
664 4194 808 4268 Ὀρθ.
842 4194 988 4263 "Ott,
1053 4193 1216 4265 μόνος
1278 4190 1440 4263 μόνον
1499 4194 1718 4264 γεννῶν,
1777 4188 2033 4250 ὡσαύτως

381 4281 468 4336 καὶ
522 4286 684 4356 γεννᾷ
730 4281 819 4336 καὶ
873 4280 1064 4350 κτίζει.
1121 4281 1505 4340 Μεσιτεῦοντος
1537 4275 1592 4333 δὲ
1623 4283 1720 4333 τοῦ
1754 4279 1900 4346 Υὶοῦ,
1934 4277 2034 4332 οὐκ

381 4365 456 4424 ἔτι
487 4371 550 4425 τὸ
582 4369 782 4439 κτίσμα
812 4370 976 4425 αὐτοῦ
1006 4369 1252 4445 γέννημα
1281 4368 1445 4424 αὑτοῦ
1478 4367 1609 4423 ἐστι’
1643 4367 1751 4436 καὶ,
1788 4369 1861 4429 ὡς
1911 4367 2030 4445 φαί-

379 4480 541 4532 νεται,
575 4459 661 4515 ἐπὶ
726 4455 904 4534 βλάϐῃ
941 4461 1049 4515 τῶν
1093 4456 1278 4534 ἀρχῶν
1331 4457 1420 4512 καὶ
1463 4462 1569 4512 τῶν
1620 4456 1892 4528 ἐξουσιῶν,
1941 4454 2032 4510 καὶ

379 4547 554 4620 πάσης
614 4549 756 4622 ὁμοῦ
812 4555 911 4618 τῆς
971 4548 1218 4616 κτίσεως,
1256 4546 1512 4621 ἐγεννήθη
1574 4549 1601 4602 6
1661 4546 1801 4607 Υἱός.
1837 4545 2027 4618 Ἀνόμ.

377 4639 482 4692 Avi
509 4637 601 4708 τί;
637 4639 782 4714 Ὀρθ.
831 4635 1075 4710 Ἔμελλε
1123 4637 1225 4712 γὰρ
1258 4639 1370 4709 (61)
1403 4638 1610 4691 ἅπαντα
1652 4636 1718 4691 τὰ
1763 4636 2033 4708 κτίσματα

376 4729 688 4801 γεννήματα
718 4725 882 4781 αὑτοῦ
916 4725 1074 4796 εἶναι,
1108 4725 1153 4780 εἰ
1189 4726 1264 4797 μή
1299 4725 1559 4800 ἐγεννήθη
1595 4726 1622 4778 6
1652 4724 1795 4786 Υἱός.
1834 4725 2028 4798 Ἀνόμ.

380 4815 458 4871 Οὐ
491 4813 578 4870 8ιά
608 4820 704 4869 τοῦ
735 4816 863 4870 Υίοῦ
895 4812 984 4869 οῦν
1022 4813 1344 4886 ἐκτίσθημεν
1370 4833 1383 4882 ;
1407 4815 1548 4882 Ὀρθ.
1569 4813 1664 4869 Καὶ
1696 4815 1834 4867 πάνυ
1876 4812 2031 4869 Ἀλλ’

379 4907 540 4976 ἡμεῖς
576 4904 671 4977 μὲν
705 4901 793 4958 διὰ
822 4908 919 4958 τοῦ
950 4903 1078 4957 Υἱοῦ
1110 4902 1324 4972 ἐκτίσθη
1338 4923 1455 4974 μεν,
1489 4902 1517 4954 6
1559 4898 1616 4955 δὲ
1664 4902 1785 4962 Υἱὸς
1834 4900 1893 4954 ἐκ
1935 4906 2030 4956 τοῦ

381 4997 513 5048 Θεοῦ
569 4993 908 5070 γεγέννηται,
963 4992 1053 5047 καὶ
1124 4990 1221 5046 οὐκ
1289 4988 1545 5046 ἔκτισται.
1608 4991 1797 5062 Ἀνόμ.
1857 4989 2107 5097 Αὑτὸςῡ

382 5080 436 5097 κη
652 5081 720 5097 -.1
879 5080 900 5097 Ἰ
1032 5081 1042 5097 1
1221 5081 1234 5097 9
1336 5081 1348 5096 \
1439 5077 1527 5097 '3‘-
1647 5078 1658 5097 ,
1739 5083 1761 5092 ’-
1884 5080 1935 5097 ’Λ
1980 5081 2004 5097 Λ

382 5080 551 5157 λέγει’
584 5107 612 5134 ‹‹
652 5081 845 5159 Κύριος
876 5080 1050 5136 ἔκτισέ
1100 5102 1167 5155 με
1210 5081 1389 5157 ἀρχὴν
1431 5077 1570 5134 ὁδῶν
1603 5078 1788 5134 αὑτοῦ.
1825 5104 1850 5128 »ι
1884 5080 2028 5154 Ὀρθ.

384 5171 480 5226 Καὶ
530 5171 689 5234 αὐτὸς
741 5171 907 5247 λέγει’
949 5199 974 5222 ιι
1011 5171 1238 5247 ’Ώρυξαν
1302 5169 1491 5245 χεῖράς
1554 5189 1658 5242 μου
1715 5168 1804 5222 καὶ
1861 5165 2030 5230 πόδας

385 5281 511 5332 μου,
543 5260 633 5314 καὶ
690 5258 1067 5333 διεμερίσαντο
1122 5260 1190 5314 τὰ
1243 5259 1437 5332 ἱμάτιά
1495 5279 1601 5330 μου
1659 5257 1889 5325 ἑαυτοῖς,
1943 5255 2033 5310 καὶ

379 5346 467 5404 ἐπὶ
518 5349 608 5405 τὸν
660 5349 957 5423 ἱματισμόν
1013 5369 1117 5424 μου
1167 5343 1365 5404 ἔϐαλον
1422 5345 1652 5423 κλῆρον.
1691 5371 1712 5398 ι
1749 5345 1942 5420 Ἀνόμ.
1973 5345 2033 5400 Τί

447 5503 490 5540 θί
520 5506 691 5562 Prov.
721 5519 847 5576 vm,
870 5503 962 5560 22.

471 5659 563 5729 58)
593 5658 665 5715 ’Ἦ
697 5659 862 5716 deest
889 5657 950 5713 in
981 5655 1254 5729 Palatino
1281 5659 1339 5712 et
1367 5655 1564 5729 Regio.

471 5659 542 5714 58
593 5659 665 5715 Ἥ
697 5659 862 5716 deest
889 5659 950 5713 in
981 5659 1251 5713 Palatino
1281 5659 1339 5712 et
1367 5659 1564 5729 Regio.

449 5659 566 5804 259)
600 5732 766 5800 Mss.,
796 5729 944 5803 τίθῃ.
980 5729 1162 5797 Infra,
1192 5725 1347 5790 κύνες
1377 5729 1544 5786 deest
1572 5728 1632 5783 in
1663 5725 1947 5785 Palatino.

699 5864 966 5924 PATROL.
1013 5861 1127 5922 Gn.
1173 5859 1448 5923 XXVIII.

2211 3659 2263 3712 9.
2300 3658 2452 3714 ΟνιΙι.
2509 3658 2804 3712 ldcircone
2835 3673 2968 3712 eum
3021 3673 3147 3712 esse
3178 3657 3326 3712 dicis
3372 3661 3427 3712 et
3456 3655 3716 3726 genitum
3748 3658 3806 3711 et

2143 3752 2426 3812 creatum,
2460 3746 2596 3818 quia
2628 3747 2790 3802 solus
2822 3752 2910 3801 est
2941 3765 2974 3801 a
3005 3745 3171 3802 solo?
3196 3752 3296 3800 aut
3319 3744 3682 3816 quomodoid
3710 3760 3801 3799 ac-

2142 3836 2334 3907 cipis?
2365 3837 2553 3892 Anom.
2611 3837 2822 3891 Etiam.
2871 3836 3020 3892 Orth.
3070 3838 3286 3892 Caetera
3334 3840 3530 3891 autem
3579 3834 3801 3905 omnia,

2143 3925 2423 3995 quoniam
2458 3941 2557 3996 per
2576 3924 2785 3979 Filium
2824 3925 2971 3980 facta
2989 3925 3603 3996 sunt,creataquidem
3633 3927 3795 3991 sunt,

2141 4013 2339 4084 genita
2388 4030 2518 4069 vero
2550 4031 2664 4068 non
2717 4014 2856 4069 item
2885 4017 2906 4068 Ρ
2935 4015 3126 4069 Anam.
3164 4016 3249 4070 [ta
3278 4018 3385 4070 est.
3429 4014 3582 4069 Urlh.
3615 4013 3798 4068 Inter-

2142 4102 2332 4157 ventio
2366 4101 2548 4173 igitur
2595 4103 2722 4157 Filii
2757 4103 3058 4158 imminuit
3089 4104 3276 4159 Patris
3320 4104 3378 4158 in
3413 4103 3637 4175 agendo
3668 4100 3797 4156 effl-

2141 4191 2466 4246 cacitatem.
2513 4194 2684 4246 Anam
2757 4193 3198 4256 Quamobrem?
3241 4193 3391 4248 Orth.
3443 4192 3589 4256 Quia
3638 4191 3800 4247 solus

2143 4280 2334 4336 solum
2367 4280 2634 4352 gignens,
2674 4280 2870 4335 itidem
2903 4286 2961 4335 et
2987 4281 3180 4352 gignit
3211 4286 3268 4336 et
3298 4281 3629 4336 creatFilio
3661 4297 3794 4336 vero

2143 4369 2586 4438 interveniente,
2621 4369 2777 4439 quod
2827 4375 3004 4436 creat,
3039 4386 3150 4424 non
3179 4386 3317 4424 sane
3360 4370 3585 4442 gignit;
3620 4374 3698 4437 et,
3732 4373 3800 4425 ut

2141 4459 2389 4525 videtur,
2427 4458 2859 4529 principatuum
2895 4461 2948 4511 et
2994 4462 3374 4528 potestatum,
3409 4474 3602 4513 rerum
3637 4457 3799 4512 deni-

2143 4565 2254 4619 que
2284 4547 2546 4602 omnium
2580 4550 2907 4602 creatarum
2957 4547 3194 4610 damno,
3227 4546 3461 4618 genitus
3494 4547 3668 4601 fuerit
3701 4547 3789 4601 Fi-

2141 4636 2276 4692 lius.
2314 4638 2503 4692 Anam.
2540 4637 2925 4701 Qurmobrcm
2948 4635 3144 4692 ?0rth.
3179 4636 3460 4700 Quoniam
3496 4635 3605 4692 nisi
3640 4635 3799 4709 geni-

2143 4731 2238 4782 tus
2272 4727 2474 4781 fuisset
2512 4725 2712 4797 Filius,
2748 4742 3113 4798 quaecunque
3146 4727 3216 4781 ab
3249 4742 3314 4782 eo
3354 4729 3565 4794 creata,
3598 4731 3798 4782 essent

2141 4817 2316 4872 etiam
2352 4815 2766 4886 genita.Anom.
2799 4817 3003 4870 Annon
3041 4815 3220 4886 igitur
3251 4832 3352 4887 per
3384 4815 3590 4870 Filium
3618 4814 3796 4870 creati

2141 4904 2396 4959 sumus?
2430 4905 2577 4959 Orth.
2615 4905 2766 4960 Sane
2814 4921 2966 4960 vero.
3001 4905 3110 4959 Sed
3144 4922 3252 4960 nos
3301 4906 3538 4976 quidem
3568 4922 3670 4978 per
3703 4905 3793 4959 Fi-

2141 4994 2284 5048 lium
2321 4994 2496 5048 creati
2530 5011 2758 5059 sumus,
2793 4993 2971 5048 l-‘ilius
3019 5011 3151 5048 vero
3178 5010 3246 5049 ex
3275 4999 3385 5049 Deo
3418 4994 3651 5065 genitus
3682 4998 3796 5060 est,

2144 5100 2259 5137 non
2293 5087 2485 5137 autem
2539 5089 2787 5137 creatus.
2819 5084 3006 5137 Anam.
3044 5083 3171 5154 Ipse
3221 5083 3362 5136 dicit
3395 5100 3406 5137 :
3443 5106 3469 5132 ‹‹
3506 5083 3793 5139 Dominus

2143 5170 2356 5225 creavit
2387 5188 2497 5237 me,
2528 5170 2760 5225 initium
2797 5172 3019 5225 viarum
3056 5172 3368 5226 suarum“.
3397 5194 3423 5220 »
3478 5172 3634 5230 orm.
3668 5173 3798 5244 Ipse

2144 5275 2380 5330 quoque
2422 5260 2608 5315 dicit:
2642 5284 2667 5309 ‹‹
2705 5261 2998 5315 Foderunt
3044 5276 3252 5314 manus
3303 5276 3466 5315 meas
3514 5267 3570 5316 et
3618 5263 3798 5333 pedes

2146 5362 2331 5418 moes,
2365 5351 2421 5402 et
2450 5348 2649 5420 partiti
2681 5353 2820 5404 sunt
2848 5348 3203 5404 vestimenta
3233 5364 3363 5404 mea
3393 5348 3591 5421 sibi,et
3619 5365 3799 5423 super

2221 5656 2334 5722 (60)
2367 5653 2432 5709 At
2463 5654 2625 5711 deest
2652 5653 2710 5710 in
2743 5653 3028 5712 Palatino.

2224 5657 2314 5722 (60
2367 5657 2432 5709 At
2463 5657 2625 5711 deest
2652 5657 2710 5710 in
2743 5657 3028 5712 Palatino.

2224 5657 2338 5799 (61)
2370 5727 2550 5784 Palat.
2582 5732 2640 5783 et
2668 5727 2832 5800 Reg,
2864 5722 3206 5801 Ἐμέλλομεν
3233 5727 3336 5804 γὰρ
3363 5728 3457 5786 cita.

3394 5862 3472 5923 36
