4116 6360
357 392 501 453 1131

1526 387 1588 442 S.
1638 379 2155 444 ATHANASIUS.
2182 418 2252 428 -
2288 386 2596 448 SPURIA.

3616 388 3771 449 1132

356 532 570 581 vestem
622 537 812 576 meam
869 520 1158 574 miserunt
1206 520 1421 572 sortem
1455 517 1521 571 92.
1558 537 1585 565 ››
1619 517 1810 569 Anam.
1857 515 1991 579 Quic‘

2120 514 2330 587 ὅμοιον,
2369 540 2397 567 (ι
2454 513 2631 572 ἔκτισὲ
2686 539 2772 591 με.
2826 542 2855 571 ›)
2904 519 3018 592 καὶ,
3060 544 3088 572 ‹‹
3148 510 3354 596 ὤρυξαν
3415 521 3605 597 χεῖράς
3664 541 3770 594 μου

357 612 549 668 simile
580 611 734 667 inter
764 626 828 666 se
855 609 1132 675 habent,«
1167 605 1384 661 creavit
1414 621 1563 674 me,»
1599 609 1653 659 et
1687 625 1715 653 ‹‹
1738 603 2011 658 foderunt

358 717 570 757 manus
601 716 761 756 meas
804 703 861 754 et
889 695 1109 770 pedes?
1140 719 1169 747 ››
1202 696 1354 751 Orth.
1390 692 1896 760 Quemadmodum
1925 692 2008 759 id,

355 791 503 862 quod
542 791 599 845 in
631 805 802 845 cruce
835 787 1097 843 futurum
1149 789 1295 853 erat,
1329 781 1671 846 enuntiavit,
1705 785 1770 835 ut
1809 781 1854 835 si
1882 781 2007 849 jam

358 880 576 936 factum
611 879 820 934 fuisset
857 894 869 931 :
900 876 981 932 ita
1011 875 1166 948 quod
1199 875 1461 929 futurum
1494 876 1619 927 erat
1650 872 1709 925 in
1741 871 2006 925 incarna-

358 972 536 1037 tione,
570 968 737 1033 dixit,
772 982 839 1022 ac
880 966 927 1021 si
954 967 1076 1036 jam
1108 965 1321 1019 fuisset
1363 965 1602 1016 factum.
1636 960 1838 1031 Itaque
1891 975 2007 1014 non

358 1060 527 1126 dixit,
562 1057 850 1113 Dominus
899 1054 1115 1110 creavit
1144 1070 1237 1108 me
1285 1055 1418 1107 ante
1468 1048 1705 1105 initium
1747 1048 1870 1119 viae,
1904 1047 2006 1102 sed

360 1147 641 1220 quoniam
675 1144 924 1202 aliorum
954 1143 1048 1199 via
1078 1142 1304 1214 perdita
1350 1143 1493 1210 erat,
1527 1140 1762 1194 futurus
1810 1141 2007 1194 autem

356 1238 528 1293 nobis
559 1240 682 1292 erat
712 1235 814 1306 qui
844 1233 937 1289 via
966 1248 1168 1289 recens
1199 1236 1254 1287 et
1278 1229 1477 1285 vivens
1502 1233 1676 1296 esset,
1702 1233 2007 1299 prapterea

354 1327 497 1382 dicit
529 1342 542 1381 :
577 1348 605 1375 ‹‹
638 1323 919 1381 Dominus
950 1320 1165 1377 creavit
1192 1336 1288 1375 me
1334 1318 1570 1374 initium
1608 1316 1835 1372 viarum
1867 1332 2004 1372 sua-

356 1432 488 1471 rum
521 1416 592 1470 ad
625 1429 801 1486 opera
832 1428 991 1468 sua.»
1028 1411 1221 1466 Anam.
1252 1432 1271 1458 α
1307 1412 1456 1463 Ante
1487 1405 1769 1463 saeculum
1803 1404 2008 1460 funda-

355 1506 437 1561 vit
485 1522 595 1570 me,
632 1527 659 1554 n
694 1502 907 1574 inquit,
944 1523 971 1551 α
1002 1506 1318 1571 antequam
1368 1504 1584 1553 terram
1639 1498 1851 1552 faceret
1878 1496 1941 1549 93.
1978 1516 2006 1544 ι)

357 1596 518 1652 ΟνιΙι.
574 1594 669 1649 Dic
713 1597 775 1648 tu
824 1606 1057 1664 quoque
1092 1607 1104 1645 :
1141 1610 1167 1639 (ι
1201 1587 1596 1660 Quadraginta
1643 1602 1829 1641 annos
1868 1601 2008 1640 non-

353 1684 493 1740 dum
525 1683 708 1739 habes
736 1683 799 1749 π,
835 1702 865 1731 ››
897 1685 953 1736 et
996 1683 1131 1735 ante
1162 1676 1440 1734 saeculum
1491 1676 1774 1731 fundatus
1802 1673 1910 1731 es?
1941 1679 2006 1729 ut

350 1772 578 1840 audias,
613 1794 640 1821 ‹‹
675 1778 883 1839 Amen,
917 1785 1088 1825 amen
1120 1767 1250 1822 dico
1281 1765 1408 1836 tibi,
1443 1769 1756 1834 antequam
1790 1761 2007 1819 saecula

353 1863 722 1927 exsisterent,
775 1874 879 1930 ego
929 1874 1062 1913 sum
1112 1857 1176 1912 95.
1213 1881 1234 1907 υ
1270 1856 1467 1910 Anam.
1520 1859 1607 1908 An
1650 1857 1773 1907 erat
1815 1852 2005 1924 ipsius

356 1950 710 2015 incarnatio,
770 1952 1085 2018 antequam
1146 1945 1496 2001 exsisterent
1554 1939 2002 1997 saecula70rth.

356 2041 665 2111 Imo,quod
691 2039 760 2094 ad
784 2036 880 2093 Dei
909 2034 1335 2109 prwscientiam
1360 2032 1590 2101 attinet,
1620 2032 1813 2102 passio
1835 2030 1966 2102 ipsa
1991 2046 2004 2086 :

354 2132 497 2187 adeo
529 2136 595 2184 ut
625 2127 834 2183 dixerit
862 2144 875 2182 :
915 2147 936 2177 ι
971 2125 1267 2181 Foderunt
1296 2138 1509 2176 manus
1541 2136 1703 2175 meas
1742 2124 1798 2175 et
1829 2120 2005 2191 pedes

354 2236 535 2287 meos,
569 2226 624 2274 et
668 2217 958 2274 dederunt
986 2215 1048 2269 in
1098 2230 1291 2269 escam
1346 2227 1536 2266 meam
1582 2209 1677 2277 fel,
1711 2214 1770 2265 et
1818 2209 1876 2264 in
1908 2207 2006 2265 siti

356 2328 484 2366 mea
513 2311 863 2381 potaverunt
893 2321 986 2360 me
1018 2309 1180 2359 aceto
1211 2303 1274 2356 9°.
1311 2321 1339 2351 »
1372 2302 1563 2355 Anam.
1592 2302 1664 2354 At
1695 2298 1854 2355 istud
1887 2315 2003 2354 non
2040 2331 2047 2338 -

354 2405 443 2456 est
471 2400 694 2454 dictum
718 2399 853 2451 ante
882 2393 1186 2461 saeculum,
1218 2407 1422 2447 verum
1459 2388 1694 2445 Davidis
1726 2388 2003 2460 tempori-

349 2491 482 2547 bus.
536 2489 688 2544 Orth.
722 2485 954 2542 Dictum
1004 2497 1238 2555 quoque
1288 2484 1377 2536 est
1430 2496 1463 2534 a
1506 2477 1872 2550 temporibus
1899 2476 2006 2532 filii

352 2578 606 2647 Davidis,
661 2589 868 2645 nempe
925 2569 1257 2628 Salomonis
1306 2586 1319 2625 :
1367 2590 1397 2618 ‹‹
1446 2567 1735 2624 Dominus
1792 2566 2007 2622 creavit

351 2668 462 2724 me.
515 2690 540 2717 η
574 2672 769 2723 Anam.
821 2662 932 2718 Sed
982 2660 1208 2715 dictum
1241 2661 1332 2714 est
1381 2673 1394 2713 :
1450 2680 1478 2708 ‹‹
1528 2661 1675 2711 Ante
1723 2654 2001 2711 saaculum

350 2755 617 2815 fundavit
646 2770 761 2810 me.
793 2775 815 2802 ι
851 2750 1235 2821 Orth.Nempe
1265 2747 1567 2819 quoniam,
1606 2768 1628 2795 ι
1665 2750 1798 2801 ante
1821 2761 2002 2802 saecu-

349 2848 477 2903 lum
510 2850 634 2902 erat
660 2840 1072 2901 absconditum
1100 2839 1211 2894 hoc
1250 2835 1621 2910 mysterium,
1656 2857 1684 2884 »
1718 2840 1780 2890 ut
1809 2834 2005 2907 inquit

352 2938 596 3003 Paulus,
626 2959 645 2983 ι
683 2932 839 3005 quod
870 2947 1028 2987 nunc
1061 2927 1503 2984 manifestatum
1526 2928 1615 2981 est
1635 2924 1771 2979 ﬁliis
1812 2924 2003 2980 homi-

352 3042 555 3083 num.»
588 3023 751 3089 Quod
784 3026 983 3078 autem
1016 3017 1112 3073 ille
1143 3017 1222 3073 sit
1251 3014 1394 3071 illud
1427 3014 1648 3087 ipsum,
1680 3015 1836 3085 quod
1869 3018 2004 3069 ante

349 3115 564 3175 saecula
609 3112 924 3169 fundatum
956 3113 1067 3176 est,
1098 3105 1233 3162 audi
1268 3122 1337 3161 ex
1380 3104 1583 3160 eodem
1629 3103 1827 3173 Paulo,
1862 3102 2003 3159 alibi

347 3207 577 3263 dicente
610 3221 622 3258 :
659 3225 686 3253 «
718 3200 1193 3256 Fundamentum
1224 3194 1381 3251 enim
1415 3192 1572 3248 aliud
1606 3206 1776 3247 nemo
1810 3195 2004 3262 potest

2119 602 2207 657 καὶ
2258 602 2464 675 πόδας;
2502 632 2523 661 υ
2573 608 2722 684 Ὀρθ.
2773 612 2978 686 Ὥσπερ
3027 609 3091 666 τὸ
3143 608 3350 683 μέλλον
3396 609 3634 686 γίνεσθαι
3681 610 3771 666 ἐπὶ

2116 696 2213 747 τοῦ
2245 698 2499 769 σταυροῦ,
2524 694 2599 758 ὡς
2629 693 2739 766 ἤδη
2774 699 2997 773 γεγονὸς
3030 696 3224 774 ἔλεγεν·
3261 698 3434 761 οὕτως
3456 700 3525 765 ,τὸ
3560 698 3766 772 μὲλλον

2119 778 2205 835 ἐπὶ
2236 789 2334 851 τῆς
2384 784 2726 858 σαρκώσεως,
2754 786 2829 848 ὡς
2872 785 2983 857 ἤδη
3032 789 3249 863 γεγονὸς
3296 784 3504 865 ἔλεγεν.
3542 788 3766 862 Ἀμέλει

2115 873 2242 943 γοῦν
2294 870 2391 925 οὐκ
2450 874 2581 928 εἶπε·
2616 873 2811 951 Κύριος
2870 874 3045 932 ἔκτισὲ
3106 898 3172 950 με
3229 878 3333 954 πρὸ
3392 879 3569 955 ἀρχῆς
3612 875 3763 933 ὀδοῦ’

2119 958 2244 1014 ἀλλ’
2265 958 2452 1031 ἐπειδὴ
2484 961 2841 1037 ἀπολλυμένη
2876 966 2942 1035 ἦν
2974 969 3009 1036 ἡ
3044 964 3171 1029 ὁδὸς
3197 972 3306 1022 τῶν
3340 965 3767 1040 ἂλλων,ἔμελλε

2118 1045 2177 1103 δὲ
2205 1051 2339 1123 ἡμῖν
2369 1050 2608 1126 γίνεσθαι
2637 1051 2762 1116 ὁδὸς
2791 1055 3105 1134 πρόσφατος
3134 1056 3224 1111 καὶ
3272 1061 3436 1129 ζῶσα,
3470 1055 3559 1113 διὰ
3604 1063 3766 1113 τοῦτο

2118 1135 2283 1213 λέγει’
2321 1163 2348 1192 α
2378 1141 2572 1217 Κύριος
2602 1139 2777 1198 ἔκτισε
2810 1165 2876 1218 με
2914 1144 3094 1221 ἀρχὴν
3131 1144 3271 1201 ὁδῶν
3307 1146 3472 1201 αὐτοῦ
3518 1147 3593 1209 εἷς
3640 1146 3767 1224 ἔργα

2116 1226 2301 1287 αὐτοῦ.
2338 1252 2368 1282 ››
2394 1232 2587 1304 ’Δνόμ.
2623 1257 2650 1285 ‹‹
2686 1232 2798 1307 Πρὸ
2839 1239 2935 1289 τοῦ
2984 1235 3185 1297 αἰῶνος
3233 1235 3566 1308 ἐθεμελίωσὲ
3616 1258 3704 1309 με,
3739 1262 3768 1287 ››

2118 1318 2284 1395 Λέγει,
2318 1342 2347 1371 ι(
2378 1322 2487 1396 πρὸ
2509 1325 2608 1375 τοῦ
2650 1323 2750 1392 τὴν
2799 1330 2899 1397 γῆν
2950 1331 3200 1394 ποιῆσαι.
3237 1348 3263 1377 ››
3299 1326 3448 1401 Ὀρθ.
3486 1325 3620 1381 Εἰπὲ
3676 1326 3768 1382 καῖ

2116 1406 2202 1461 σύν
2237 1432 2263 1458 ‹‹
2294 1410 2699 1484 Τεσσαράκοντα
2748 1409 2839 1480 ἔτη
2892 1409 3047 1468 οὔπω
3088 1409 3256 1490 ἔχεις,
3300 1436 3330 1467 ››
3379 1412 3471 1469 καί
3507 1415 3614 1489 πρὸ
3669 1419 3768 1470 τοῦ

2116 1497 2314 1560 αἰῶνος
2375 1497 2785 1572 ἐθεμελιώθηςς
2841 1499 2911 1555 ’ἶν’
2969 1502 3232 1578 ἀκούσῃς·
3290 1527 3319 1555 (ι
3369 1504 3566 1576 Ἀμὴν,
3618 1504 3765 1577 ἀμὴν

2117 1585 2263 1662 λέγω
2294 1608 2401 1656 σοι,
2434 1590 2541 1663 πρὸ
2568 1593 2666 1644 τοῦ
2695 1590 2822 1653 τοὺς
2858 1591 3056 1654 αῗῶνας
3101 1593 3369 1669 γενέσθαι,
3402 1592 3512 1668 ἐγώ
3564 1592 3701 1668 εἰμι.
3738 1619 3767 1645 n

2115 1677 2305 1749 Ἀνόμ.
2340 1677 2438 1732 Καὶ
2483 1680 2548 1747 ἦν
2590 1677 2754 1734 αὐτοῦ
2787 1683 2821 1750 ἡ
2854 1680 3122 1757 σάρκωσις
3177 1676 3283 1759 πρὸ
3325 1686 3424 1737 τοῦ
3468 1682 3597 1745 τοὺς
3631 1683 3764 1738 αἰῶ-

2112 1786 2207 1828 νας
2236 1768 2691 1845 γενέσθαι;³ορθ.
2727 1774 2802 1835 Τῇ
2851 1772 3159 1848 προγνώσει
3215 1772 3302 1827 καὶ
3356 1771 3485 1827 αὐτὸ
3540 1772 3605 1828 τὸ
3660 1774 3765 1828 πά-

2037 1901 2083 1965 Β
2115 1856 2232 1917 θος·
2284 1855 2423 1911 ὥστε
2473 1855 2646 1931 λέγειν
2698 1857 2879 1913 αὐτόν’
2912 1885 2939 1912 α
2983 1862 3211 1937 Ὠρυξαν
3261 1861 3451 1939 χεῖράς
3517 1884 3621 1935 μου
3675 1864 3767 1918 καὶ

2172 1940 2219 1962 Ιῆ
2411 1945 2424 1962 ‘
2459 1941 2514 1965 ’,δ
2725 1946 2738 1965 9
2839 1947 2852 1965 \
2924 1949 2953 1965 Λ
3000 1953 3027 1964 υ
3105 1949 3115 1965 1
3391 1949 3411 1965 κ
3440 1952 3454 1965 \
3622 1951 3635 1965 ι
3717 1951 3734 1965 Ο

2114 1940 2305 2013 πόδας,
2337 1945 2427 1999 καὶ
2459 1941 2663 2001 ἔδωκαν
2696 1946 2771 2009 εἷς
2799 1947 2861 2002 τὸ
2923 1949 3121 2025 βρῶμά
3177 1970 3281 2022 μου
3313 1949 3517 2026 χολὴν,
3548 1951 3639 2006 καὶ
3689 1951 3769 2015 εἷς

2113 2032 2211 2100 την
2265 2030 2424 2106 δίψαν
2473 2054 2578 2106 μου
2628 2034 2879 2092 ἐπότισάν
2935 2059 3000 2110 με
3052 2034 3194 2109 ὅξος.
3232 2061 3259 2090 ››
3293 2039 3485 2112 ’Δνόμ.
3519 2039 3675 2096 ’ΔΛλ’
3704 2039 3769 2096 οὐ

2114 2121 2220 2197 πρὸ
2259 2126 2356 2176 τοῦ
2389 2122 2586 2185 αἰῶνος
2616 2129 2781 2179 τοῦτο
2820 2122 3046 2202 ἐλέχθη,
3079 2126 3205 2183 ἀλλ’
3236 2127 3343 2183 ἀπὸ
3390 2133 3499 2184 τῶν
3554 2130 3768 2205 χρόνων

2116 2206 2301 2267 Δαϐίδ.
2337 2212 2487 2286 Ὀρθ.
2522 2212 2621 2267 Καὶ
2682 2213 2787 2269 ἀπὸ
2845 2219 2952 2269 τῶν
2981 2216 3196 2292 χρόνων
3247 2221 3345 2272 τοῦ
3393 2219 3514 2273 υἱοῦ
3574 2214 3766 2292 Δαϐἱδ,

2112 2301 2356 2355 τουτέστι
2399 2298 2750 2375 Σολομῶνος,
2779 2304 2861 2374 τὸ,
2897 2328 2924 2355 ‹‹
2956 2305 3155 2381 Κύριος
3204 2302 3379 2362 ἔκτισέ
3436 2328 3522 2380 με,
3556 2332 3585 2360 ››
3618 2306 3768 2383 εἷ’ρηο

2108 2409 2219 2445 ται.
2280 2388 2470 2463 ’Δνόμ.
2531 2388 2729 2460 Ἀλλὰ,
2788 2415 2809 2443 ι
2861 2393 2974 2468 Πρὸ
3029 2392 3126 2448 τοῦ
3182 2395 3375 2458 αἰῶνος
3436 2396 3766 2471 ἐθεμελίωσὲ

2118 2499 2203 2552 με,
2237 2501 2264 2530 ››
2300 2474 2531 2553 εἷ’ρηται.
2566 2481 2714 2552 Ὀρθ.
2749 2505 2775 2533 ‹‹
2814 2483 2923 2557 Πρὸ
2975 2507 3004 2534 ››
3050 2485 3156 2559 γὰρ
3206 2509 3233 2535 ‹‹
3282 2489 3384 2539 τοῦ
3441 2485 3643 2549 αἰῶνος
3699 2489 3764 2543 τὸ

2116 2568 2414 2641 μυστήριον
2441 2571 2602 2623 τοῦτο
2645 2569 3125 2648 ἀποκεκρομμένον
3158 2575 3242 2643 ἦν.
3280 2597 3308 2624 ››
3339 2573 3416 2635 ὡς
3460 2575 3489 2628 ὁ
3540 2574 3760 2639 Παῦλος

2115 2654 2280 2730 λέγει,
2306 2681 2333 2707 ‹‹
2360 2656 2390 2711 ’ὀ
2419 2660 2511 2710 νῦν
2540 2656 2851 2733 ἐφανερώθη
2895 2666 3013 2723 τοῖς
3042 2661 3182 2723 υἱοῖς
3222 2666 3329 2716 τῶν
3379 2662 3696 2739 ἀνθρώπων.
3732 2689 3762 2717 ››

2112 2745 2218 2803 Καὶ
2277 2745 2360 2800 ὅτι
2419 2744 2579 2808 αὐτός
2639 2746 2749 2801 ἐστι
2800 2749 2860 2804 τὸ
2901 2749 3006 2824 πρὸ
3035 2756 3140 2805 τῶν
3170 2751 3380 2807 αἰώνων
3409 2752 3761 2827 θεμελιωθὶν,

2113 2832 2273 2889 ἄκουε
2299 2834 2464 2889 αὐτοῦ
2493 2836 2583 2890 καὶ
2615 2836 2667 2891 ἐν
2697 2835 2896 2900 ἄλλοις
2945 2838 3223 2915 λέγοντος·
3268 2865 3296 2892 ‹‹
3340 2841 3602 2915 Θεμέλιον
3657 2845 3761 2922 γὰρ

2112 2922 2282 2979 ἄλλον
2343 2921 2521 2987 οὐδεὶς
2571 2922 2788 2981 δύναται
2837 2934 3005 2991 θεῖναι
3053 2932 3198 3005 παρὰ
3240 2932 3332 2985 τὸν
3378 2929 3652 3005 κείμενον,
3703 2921 3763 2996 ὅς

2111 3010 2221 3067 ἐστι
2291 3014 2521 3087 Χρισνὸς
2581 3014 2814 3084 Ἰησοῦς,
2866 3042 2893 3070 ››
2945 3018 3037 3072 τὸν
3099 3016 3348 3095 λὲγονταο
3409 3045 3439 3074 ς(
3502 3022 3612 3097 Πρὸ
3662 3027 3761 3079 τοῦ

2111 3101 2309 3163 αἰῶνος
2364 3100 2693 3175 ἐθεμελίωσὲ
2757 3126 2842 3176 με.
2879 3129 2907 3156 ››
2937 3107 3167 3183 Χριστὸς
3211 3105 3269 3163 δὲ
3319 3110 3531 3181 Ἰησοῦς
3576 3109 3761 3168 ἔκτοτε

2111 3191 2239 3253 Θεὸς
2298 3190 2474 3268 Λόγος
2529 3191 2815 3264 κέκληται,
2847 3194 2897 3267 ἐξ
2929 3195 2991 3249 οὗ
3038 3197 3065 3250 ὁ
3116 3197 3291 3273 Λόγος
3341 3199 3468 3274 σὰρξ
3526 3199 3757 3275 ἐγένετο⁸

346 3311 581 3369 ponere,
614 3296 825 3366 prater
880 3288 939 3345 id
998 3287 1151 3358 quod
1209 3284 1468 3358 positum
1527 3286 1635 3349 est,
1695 3281 1849 3353 quod
1905 3283 1991 3337 est

2106 3281 2197 3369 καὶ
2228 3278 2431 3357 ἐλέχθη
2478 3283 2623 3358 παρὰ
2665 3287 2762 3337 τοῦ
2814 3283 3070 3359 ἀγγέλουο
3106 3311 3134 3340 ε(
3165 3286 3422 3352 Καλέσεις
3470 3289 3533 3344 τὸ
3581 3286 3761 3366 ὄνομα

344 3384 617 3442 Christus
645 3382 819 3438 Jesus
848 3379 891 3414 97
925 3395 938 3434 ε
974 3398 1003 3427 ››
1034 3378 1241 3449 praeter
1288 3390 1423 3430 eum
1454 3370 1740 3441 videlicet,
1775 3370 1875 3442 qui
1907 3370 1996 3426 di-

342 3477 419 3532 cit
451 3492 463 3531 :
503 3494 531 3528 ¢
560 3478 710 3528 Ante
740 3467 1021 3526 saaculum
1073 3463 1338 3521 fundavit
1378 3479 1492 3518 me.
1528 3484 1555 3512 ›,
1587 3461 1858 3517 Christus
1888 3477 1992 3515 au-

338 3571 455 3621 tem
486 3566 677 3627 Jesus,
714 3561 864 3616 Deus
894 3556 1154 3613 Verbum
1187 3559 1327 3611 tunc
1357 3556 1598 3608 vocatus
1628 3555 1739 3617 est,
1774 3566 1843 3605 ex
1873 3565 1990 3620 quo

332 3653 584 3709 Verbum
622 3652 838 3705 factum
870 3650 957 3702 est
987 3648 1205 3712 caro,et
1233 3643 1461 3699 dictum
1492 3641 1604 3697 fuit
1633 3640 1704 3695 ab
1738 3638 1984 3711 angelo:

2105 3367 2267 3425 αὐτοῦ
2317 3372 2549 3441 Ἰησοῦν.
2586 3396 2613 3423 ››
2644 3372 2714 3426 Τὸ
2763 3373 2885 3447 ἄρα,
2920 3398 2950 3427 ‹‹
2982 3374 3177 3452 Κύριος
3224 3372 3399 3433 ἔκτισὲ
3450 3400 3537 3452 με,
3565 3403 3594 3433 ››
3640 3381 3758 3456 καὶ,

2107 3482 2136 3511 ‹‹
2173 3460 2288 3534 Πρὸ
2317 3460 2414 3515 τοῦ
2445 3459 2647 3523 αἰῶνος
2673 3460 3003 3535 ἐθεμελίωσέ
3033 3487 3119 3538 με,
3155 3490 3184 3518 ››
3214 3467 3338 3540 περὶ
3386 3470 3488 3537 τῆς
3535 3471 3757 3546 σαρκώ-

2102 3568 2237 3610 σεως
2284 3547 2448 3604 αὐτοῦ
2506 3547 2740 3625 εἷ’ρηται,
2770 3556 2868 3607 τοῦ
2926 3552 3148 3625 ἀληθῶς
3204 3556 3313 3631 πρὸ
3369 3561 3477 3611 τῶν
3539 3558 3757 3616 αἰώνων

2099 3637 2587 3713 ἀποκεκρυμμένου
2623 3641 2946 3715 μυστηρίου.

331 3765 359 3793 ‹‹
390 3740 642 3798 Vocabis
674 3752 886 3794 nomen
920 3737 1046 3807 ejus
1092 3734 1298 3790 Jesum
1329 3732 1393 3785 9⁸.
1433 3752 1460 3780 ι)
1489 3730 1690 3800 Itaque
1738 3727 1907 3799 illud,
1941 3751 1969 3778 (ι
2004 3728 2287 3784 Dominus
2334 3728 2550 3784 creavit
2579 3746 2694 3800 me,
2728 3753 2756 3780 ››
2788 3738 2865 3798 et,
2899 3756 2927 3783 ‹‹
2959 3733 3107 3791 Ante
3156 3736 3437 3793 saculum
3485 3738 3755 3798 fundavit

333 3849 447 3900 me,
473 3853 502 3883 »
538 3832 606 3886 dc
636 3828 825 3901 ipsius
853 3823 1259 3881 incarnatione
1289 3821 1514 3877 dictum
1544 3824 1654 3889 est,
1688 3817 1965 3889 mysterio
1997 3817 2219 3875 scilicet
2247 3817 2347 3874 illo
2377 3834 2509 3875 vere
2538 3825 2672 3874 ante
2702 3822 2913 3877 secula
2942 3824 3309 3881 abscondito.

393 3923 479 3976 10.
513 3921 707 3976 Anam.
741 3916 853 3973 Sed
904 3913 1198 3987 quomodo
1249 3915 1444 3984 potest
1470 3908 1555 3965 ita
1605 3908 1884 3981 genuisse
1910 3924 1981 3962 ex

319 4028 425 4068 sua
454 4009 643 4083 ipsius
676 4004 1003 4080 hypostasi,
1037 4007 1101 4058 ut
1134 4000 1281 4057 nihil
1314 4000 1393 4056 sit
1423 4013 1738 4072 perpessus
1760 3997 1788 4050 ?
1819 3996 1973 4054 Orth.

319 4099 490 4167 Illud,
522 4096 799 4171 quomoda
843 4095 1033 4165 potest,
1069 4106 1143 4146 ne
1172 4087 1460 4159 investiga
1493 4104 1507 4141 :
1540 4084 1685 4140 illud
1717 4101 1870 4152 vero,
1901 4101 1976 4139 ea:

319 4187 624 4261 hypostasi,
655 4202 689 4241 a
720 4182 892 4239 nobis
946 4184 1251 4236 ostensum
1283 4180 1391 4233 est.
1426 4175 1615 4232 Anam.
1668 4174 1970 4239 Quomodo

315 4282 617 4333 ostensum
643 4270 1263 4331 est?0rth.0stensum
1287 4270 1376 4323 est
1396 4282 1512 4321 non
1537 4280 1666 4321 esse
1688 4264 1965 4336 quiddam

314 4373 593 4423 creatum.
631 4362 793 4431 Quod
827 4366 1021 4417 autem
1054 4375 1171 4414 non
1204 4362 1294 4414 est
1323 4361 1606 4424 creatum,
1628 4360 1730 4410 aut
1758 4359 1848 4410 est
1876 4355 1966 4409 in-

316 4458 580 4530 genitum
612 4456 715 4510 aut
746 4451 1034 4526 genitum,
1055 4453 1153 4505 aut
1183 4447 1505 4519 procedens
1536 4448 1601 4500 ut
1630 4459 1700 4499 ex
1731 4448 1966 4499 auctore

312 4528 432 4601 sive
456 4560 654 4600 causa.
686 4540 814 4596 Non
837 4543 927 4594 est
950 4540 1145 4593 autem
1173 4534 1495 4607 ingenitus,
1529 4548 1662 4587 cum
1687 4530 1764 4587 sit
1784 4528 1964 4586 Filius

306 4634 541 4708 genitus
568 4648 580 4687 :
616 4646 754 4702 ergo
787 4634 873 4685 est
903 4644 973 4683 ex
992 4624 1314 4699 hypostasi.
1338 4623 1530 4678 Anam.
1564 4622 1636 4676 Et
1666 4619 1961 4692 quomodo
1991 4667 2038 4731 D

389 4730 394 4731 ,
478 4728 485 4731 .
756 4718 770 4731 ι
949 4720 958 4731 ι
1040 4714 1053 4728 ο
1077 4713 1101 4731 κ
1130 4715 1162 4731 Λ
1208 4715 1242 4731 ,1
1301 4711 1419 4731 ‘12,!
1451 4710 1520 4731 κει
1552 4727 1609 4731 __
1635 4707 1932 4731 L_-__-L--:

305 4707 495 4797 potest
515 4737 643 4777 esse
666 4736 735 4775 ex
756 4713 1101 4790 hypostasi?
1125 4715 1277 4771 Orth.
1301 4711 1425 4768 Nisi
1445 4710 1525 4766 sit
1545 4727 1614 4766 ex
1635 4707 1958 4781 hypostasi,

2163 3908 2248 3963 10.
2285 3906 2482 3979 Ἀνόμ.
2515 3908 2611 3961 Καέ
2643 3912 2759 3969 πώς
2787 3906 3007 3965 δύναται
3047 3919 3300 3986 γεννῆσαι
3357 3912 3416 3969 ἐκ
3462 3921 3563 3987 τῆς
3611 3915 3744 3973 ὑπο.

2087 3995 2323 4058 στάσεως
2372 3995 2560 4065 αὐτοῦ,
2590 3998 2678 4052 καὶ
2732 3998 2808 4069 μὴ
2856 4001 3042 4054 παθεῖν
3070 4019 3083 4069 ;
3116 4002 3262 4076 Ὀρθ.
3295 4003 3387 4076 Τὸ,
3416 4008 3534 4067 πῶς
3584 4002 3744 4062 δύνα-

2081 4105 2191 4154 ται,
2230 4086 2305 4158 μὴ
2340 4084 2568 4157 ἐξὲταζε’
2601 4086 2664 4141 τὸ
2697 4083 2776 4157 δὲ,
2810 4085 2869 4142 ἐκ
2897 4095 2999 4159 τῆς
3052 4090 3416 4161 ὑποστάσεως,
3449 4090 3737 4153 δέδεικται.

2083 4174 2275 4248 ’Δνόμ.
2310 4179 2433 4236 Πῶς
2490 4171 2797 4245 δὲδεικται;
2832 4179 2982 4250 Ὀρυ.
3013 4180 3137 4236 *Ότι
3194 4179 3296 4235 οὐκ
3347 4178 3456 4237 ἔστι
3513 4184 3738 4260 κτίσμα,

2080 4260 2365 4321 δέδεικται.
2397 4264 2467 4318 Τὸ
2514 4261 2573 4319 δὲ
2615 4266 2691 4337 μὴ
2735 4263 2792 4319 ὃν
2844 4267 3069 4341 κτίσμα,
3101 4270 3135 4338 ἢ
3185 4268 3479 4347 ἀγέννητόν
3508 4272 3672 4348 ἐστιν,
3704 4276 3739 4345 ἣ

2077 4353 2419 4438 γεννητὸν,
2466 4350 2791 4430 ἐκπορευτὸν
2841 4355 2917 4418 ὡς
2963 4355 3014 4427 ἐξ
3064 4356 3267 4417 αἰτίου.
3304 4360 3627 4438 Ἀγὲννητος
3675 4360 3733 4417 δὲ

2077 4439 2176 4497 οὐκ
2204 4436 2364 4514 ἔστιν,
2398 4441 2523 4503 Υἱὸς
2564 4438 2637 4495 ὢν
2669 4445 2944 4516 γεννητός·
2970 4442 3074 4522 ἄρα
3097 4445 3188 4503 οὖν
3221 4446 3281 4503 ἐκ
3311 4436 3455 4526 (δι’)
3482 4455 3583 4519 τῆς
3609 4453 3733 4508 ὁποι

2076 4530 2313 4592 στάσεώς
2344 4532 2456 4604 (62)
2487 4528 2650 4589 ἐστιν.
2683 4526 2872 4607 Ἀνὸμ.
2908 4534 3005 4589 Καὶ
3056 4540 3173 4600 πῶς
3220 4534 3439 4594 δύναται
3495 4540 3631 4597 εἶναι
3674 4541 3734 4599 ἐκ

2072 4626 2171 4688 τῆς
2215 4619 2608 4713 ,ὑποστάσεως
2642 4621 2791 4698 ὈρΘ.
2826 4622 2887 4680 Εἰ
2950 4626 3024 4698 μή
3085 4620 3225 4683 ἔστιν
3271 4626 3331 4683 ἐκ
3357 4636 3458 4700 τῆς
3492 4631 3727 4688 ὑποστά-

2070 4708 2227 4779 σεως,
2254 4708 2288 4778 ἢ
2331 4708 2533 4782 κτίσμα
2580 4708 2746 4783 ἐστὶν,
2779 4711 2813 4780 ἢ
2849 4710 3161 4788 ἀγέννητοςο
3195 4713 3478 4792 ἀγέννητος
3530 4716 3589 4775 δὲ
3631 4720 3731 4777 οὐκ

301 4819 404 4871 aut
432 4817 521 4869 est
544 4814 807 4866 creatum
853 4804 1183 4879 quidpiam,
1217 4808 1318 4859 aut
1346 4799 1646 4871 ingenitus
1678 4815 1690 4853 :
1722 4815 1840 4853 non
1865 4804 1957 4853 est

300 4905 455 4958 414
504 4905 701 4955 autem
749 4895 1069 4969 ingenitus,
1131 4909 1264 4948 cum
1313 4891 1390 4947 sit
1438 4888 1620 4943 Filius
1657 4905 1669 4943 :
1705 4905 1820 4942 non
1866 4892 1956 4943 est

295 4997 554 5049 creatum
607 4987 911 5061 quidpiam
946 5002 958 5039 :
995 4999 1100 5039 nec
1124 4982 1286 5038 enim
1337 4977 1641 5034 mandavit
1672 4982 1728 5033 et
1758 4977 1951 5032 factus

292 5088 421 5152 est;
456 5082 557 5136 sed
588 5096 655 5135 ex
688 5083 851 5132 utero
904 5074 1099 5145 ipsum
1131 5069 1336 5144 genuit
1367 5086 1380 5124 :
1416 5071 1506 5123 est
1535 5067 1716 5140 igitur
1744 5084 1812 5122 ex
1844 5066 1948 5139 hy-

292 5171 538 5243 postasi,
579 5185 693 5223 non
742 5170 939 5221 autem
991 5179 1061 5217 ex
1103 5158 1311 5226 nihilo,
1364 5158 1517 5212 sicut
1563 5173 1631 5212 ea
1677 5174 1802 5228 qua:
1846 5173 1949 5228 per

290 5260 639 5316 mandatum
671 5253 1045 5312 exstiterunt.
1078 5249 1271 5309 Anam.
1305 5246 1562 5302 Rursum
1608 5245 1788 5318 igitur
1820 5252 1946 5303 ute-

2066 4794 2229 4869 ἔστιν,
2261 4797 2386 4861 Υἱὸς
2416 4797 2512 4852 ὤν·
2546 4797 2751 4874 κτίσμα
2797 4801 2895 4856 οὐκ
2938 4800 3101 4858 ἔστιν·
3135 4804 3198 4860 οὐ
3242 4807 3343 4880 γὰρ
3390 4805 3723 4884 ἐνετείλατο,

2063 4886 2153 4941 καὶ
2213 4885 2439 4961 ἐγένετο·
2474 4886 2620 4943 ἀλλὰ
2676 4887 2736 4944 ἐκ
2786 4890 3019 4968 γαστρός
3077 4892 3236 4949 αὐτὸν
3297 4893 3607 4969 ἐγέννησεν
3664 4899 3725 4954 ἐκ

2061 4983 2160 5046 τῆς
2196 4976 2541 5040 ὑποστάσεως
2574 4976 2697 5052 ἄρα,
2731 4979 2823 5034 καὶ
2854 4981 2954 5036 οὐκ
2982 4981 3033 5052 ἐξ
3061 4981 3162 5038 οὐκ
3210 4979 3381 5039 ὄντων
3430 4983 3562 5055 ἐστὶ,
3595 4998 3724 5051 καθ-

2062 5065 2197 5141 άπερ
2242 5066 2310 5120 τὰ
2355 5068 2472 5121 κατ’
2500 5066 2730 5137 ἐντολὴν
2785 5070 3110 5146 ὑπάρξαντα.
3162 5073 3354 5148 Ἀνόμ.
3404 5074 3574 5130 Πάλιν
3625 5074 3717 5132 οὗν

2060 5155 2307 5220 σύνθετον
2370 5155 2613 5230 νομίζεις
2666 5157 2760 5213 τὸν
2819 5162 2968 5229 Θεὸν,
3026 5160 3257 5237 γαστέρα
3310 5161 3501 5238 λέγων.
3564 5163 3715 5241 Ὀρθ.

2059 5247 2153 5315 Μὴ
2186 5244 2401 5323 γένοιτο
2452 5244 2704 5303 σύνθετον
2755 5246 2924 5304 εἷ’πεῖν
2982 5252 3074 5307 τὸν
3125 5251 3287 5309 Θεόνί
3321 5248 3484 5326 ἀλλὰ,
3529 5252 3719 5319 καθὼς

358 5466 402 5505 ⁹²
434 5465 588 5525 Psal.
619 5482 737 5533 xxx,
772 5462 942 5538 17-19
967 5478 980 5529 ;
1008 5459 1214 5538 Matth.
1246 5474 1419 5538 gravii,
1451 5456 1540 5514 35.
1573 5532 1599 5538 ﬁ
1619 5456 1663 5538 _°3
1694 5462 1861 5515 Prov.
1893 5473 1991 5515 V11]

2101 5460 2138 5514 Ξ.
2216 5456 2262 5495 ⁹⁴
2289 5456 2460 5516 Joan.
2491 5471 2614 5531 vm,
2645 5457 2736 5517 57.
2814 5460 2858 5497 ⁸³
2887 5460 3032 5519 ibid.
3054 5462 3147 5520 58.
3224 5462 3268 5501 9⁸
3299 5464 3453 5524 Psal.
3484 5461 3680 5538 xxx,”
3702 5506 3719 5534 ,

284 5556 478 5607 vam,
507 5540 598 5594 22.
676 5538 717 5573 ³⁷
750 5538 771 5591 l
802 5534 934 5602 Cor,
964 5550 1008 5590 ιι
1034 5573 1049 5601 ,
1083 5534 1172 5588 11.
1248 5532 1291 5568 νε
1326 5532 1464 5588 Luc.
1496 5547 1541 5597 ι,
1571 5532 1662 5585 31.

353 5741 437 5815 (6i
474 5741 492 5812 )
522 5738 720 5811 Vulg.,
755 5734 873 5796 οὐκ.
906 5737 1065 5794 Enrr.

2120 5732 2234 5805 (62)
2262 5736 2403 5809 "Apa
2435 5728 2509 5790 ὢν
2541 5730 2600 5789 ἐκ
2627 5739 2727 5805 τῆς
2757 5732 2849 5793 ὗπ.
2885 5732 3069 5795 Palat.
3107 5716 3117 5723 ’
