4116 6360
400 354 555 416 1135
1565 344 1628 407 S.
1676 347 2025 408 ΑΤΗΑΝΑΕ

2228 382 2306 394 -—
2335 345 2646 415 SPURIA.
3672 346 3825 413 1136

400 494 491 544 ter
521 486 672 545 Orth.
706 481 882 555 Atqui
914 498 1029 537 non
1062 480 1227 548 dixit,
1276 480 1456 536 Nemo
1485 480 1699 544 bonus,
1754 479 1861 532 nisi
1898 497 2014 533 unu

2202 485 2304 552 Δρα
2339 481 2413 551 μὴ
2451 480 2721 555 μεμίχθαι
2767 479 3035 558 πονηρίαν
3086 484 3155 556 τῇ
3206 481 3503 556 ἀγαθότητι
3552 483 3652 535 τοῦ
3703 480 3827 534 Υἳοῦ

406 579 591 647 Pater,
620 575 743 643 sed,
788 596 814 622 «
852 572 1029 628 Nemo
1062 571 1250 626 bonus
1282 574 1391 637 est,
1438 568 1551 624 nisi
1603 585 1757 622 unus
1820 569 1990 622 Dens.
2029 593 2031 615 ι

2203 567 2430 639 ομίζεις,
2484 570 2572 623 καὶ
2623 566 2711 623 διὰ
2760 575 2922 625 τοῦτο
2975 567 3242 648 διαφὲρειν
3296 571 3395 639 τὴν
3456 574 3557 624 τοῦ
3619 570 3828 643 Πατρὸς

404 668 487 723 Τιι
520 681 653 721 vero
685 679 790 719 cur
819 661 968 716 dicis
1001 659 1235 715 ditl‘erre
1266 658 1591 714 bonitatem
1630 656 1810 712 Patris
1867 674 1899 711 a
1958 659 2028 712 bo

2204 657 2521 731 γαθὸτητας
2574 659 2767 732 Ἀνὸμ,
2801 659 2894 728 Μὴ
2928 660 3179 735 γένοιτοι
3238 659 3300 714 οὐ
3351 656 3501 734 λέγω
3560 656 3829 733 μεμίχθαι

406 757 587 812 nitate
621 751 796 809 Filii?
826 750 975 805 Nam
1013 750 1195 822 igitur
1222 747 1531 803 existimas
1578 745 1883 819 quidpiam
1916 745 2031 800 mal

2204 746 2435 823 τονηρίαν
2489 751 2557 822 τῇ
2587 751 2685 803 τοῦ
2717 749 2844 803 ι”ιοῦ
2877 748 3194 824 ἆγαθότητι,
3248 747 3393 805 ἀλλᾶ
3441 749 3542 818 τὴν
3583 751 3681 803 τοῦ
3725 753 3829 803 Πα-

404 843 731 900 immistum
765 856 894 897 esse
924 837 1170 893 bonitati
1195 836 1348 903 Filii,
1383 852 1571 907 eoque
1598 851 1630 890 a
1662 833 1924 890 bonitate
1953 834 2028 889 Pa

2206 836 2293 909 ρὸς
2325 835 2634 913 ἆγαθότητα
2663 834 2933 917 διαφέρειν
2966 844 3065 908 τῆς
3105 842 3203 893 τοῦ
3251 838 3401 894 Υἱοῦ.
3457 837 3612 911 Ὀρθ.
3656 833 3831 891 Ἀλλᾶ

402 936 509 991 tris
541 932 815 989 differre?
842 931 1035 986 Anam.
1069 928 1271 984 Absit!
1308 945 1421 983 non
1456 928 1585 982 dico
1618 926 1854 982 malitia;
1884 927 2025 998 quid

2208 926 2437 1000 γαθότης
2495 925 2837 1001 ἀγαθότητος
2896 926 3049 983 οὐδὲν
3120 925 3381 1007 διαφέρει,
3561 924 3833 1000 ἀγαθότης

405 1026 560 1098 piam
593 1022 924 1079 immistum
959 1035 1085 1075 esse
1106 1017 1357 1073 bonitati
1388 1016 1541 1084 Filii,
1600 1032 1801 1071 verum
1868 1015 2057 1071 Patris
2168 1012 2330 1071 ἐστίν.

403 1114 724 1170 bonitatem
787 1110 1019 1167 differre
1078 1125 1110 1164 a
1158 1106 1286 1165 Filii
1353 1106 1636 1162 bonitate.
1700 1105 1850 1161 Orth.
1912 1105 2025 1161 Sed
2084 1104 2316 1162 bonitas
2364 1123 2397 1162 ο.
2436 1106 2697 1164 bonitate
2740 1107 2883 1163 nihil
2945 1108 3161 1180 differt,
3233 1112 3537 1181 quatenus
3597 1109 3689 1163 est
3739 1106 3832 1162 bo-

405 1204 579 1260 nitas.

477 1295 563 1349 12.
597 1294 790 1361 Anam,
847 1291 1052 1344 Annon
1086 1302 1219 1343 vero
1277 1286 1377 1343 Dei
1437 1285 1670 1342 bonitas
1728 1284 1923 1341 ditfert
1981 1284 2053 1340 ab

2237 1285 2321 1340 12.
2356 1283 2546 1357 ’Λνόμ.
2580 1283 2653 1340 οὗ
2685 1282 2927 1364 διαφέρει
2959 1287 2994 1355 ἡ
3026 1289 3123 1341 τοῦ
3169 1288 3304 1341 Θεοῦ
3335 1284 3616 1362 ἆγαθότης
3646 1289 3748 1354 τῆς
3782 1282 3831 1339 ἐν

405 1400 472 1440 ea
502 1381 783 1448 bonitate,
816 1395 940 1449 quae
972 1378 1031 1433 in
1063 1376 1233 1433 nobis
1264 1375 1395 1432 est?
1442 1376 1595 1432 Orlh.
1659 1374 1881 1447 Nempe
1938 1372 2030 1428 alii

2208 1377 2297 1444 μῖν
2329 1372 2701 1448 ἆγαθότητος;
2738 1376 2888 1451 Ὀρθ.
2913 1377 3062 1430 ’Ἐστι
3098 1377 3262 1447 (65“’)
3299 1376 3399 1449 γὰρ
3435 1373 3491 1428 ἐν
3525 1375 3667 1447 ἡμῖν
3701 1373 3831 1448 ἀγα-

404 1472 671 1545 ςιιαιόειιιι
703 1472 793 1525 est
819 1467 880 1523 in
924 1467 1093 1523 nobis
1153 1465 1407 1536 bonitas,
1460 1480 1636 1537 quam
1692 1464 1845 1519 Deus
1902 1464 2028 1534 ipse

2205 1461 2329 1532 611,:
2360 1462 2505 1533 ἄλλη
2538 1485 2620 1527 τις
2653 1466 2779 1542 παρ’
2810 1465 2971 1520 αὐτὸν
2998 1465 3088 1519 τὸν
3112 1463 3551 1537 Θεόν.’Λνόμ.Οἰ
3573 1458 3830 1519 Ἰουδαῖοι

407 1563 594 1617 Anam.
628 1559 813 1616 Judaei
846 1558 1025 1630 igitur
1054 1561 1111 1612 et
1150 1556 1330 1611 Graeci
1390 1555 1688 1610 habentne
1748 1553 1932 1608 Deum
1990 1552 2032 1605 ir

2205 1551 2256 1605 5v
2288 1551 2379 1606 καὶ
2405 1551 2675 1624 Ἓλληνες
2704 1554 2792 1608 τὸν
2826 1554 2955 1609 Θεὸν
2988 1554 3039 1609 ἐν
3091 1555 3303 1615 ἑαυτοῖς
3348 1547 3579 1628 ἔχουσιν
3611 1570 3625 1622 ;
3679 1553 3830 1629 Ὀρθ.

407 1650 582 1707 sese?
614 1649 764 1706 Orth.
798 1651 919 1702 Imo
950 1662 1022 1701 ne
1053 1646 1103 1701 is
1134 1645 1372 1717 quidem
1404 1650 1582 1699 Deum
1608 1643 1781 1698 habet
1810 1641 1868 1696 in
1902 1656 2031 1696 sese

2204 1637 2316 1697 ιλλ’
2349 1638 2474 1697 οὗδὶ
2522 1642 2549 1697 6
2599 1640 2789 1705 ἁπλῶς
2843 1641 3139 1720 λεγόμενος
3190 1642 3516 1720 Χριστιανὸς
3565 1641 3618 1696 ἐν
3656 1641 3829 1715 ἑαυτῷ

407 1740 506 1814 qui
539 1737 888 1810 simpliciter
916 1735 1130 1790 dicitur
1155 1733 1522 1790 Christianus
1550 1750 1562 1788 :
1598 1733 1697 1788 sed
1731 1732 1781 1787 is
1812 1731 2032 1786 demun

2207 1753 2279 1804 (ει
2337 1733 2429 1787 τὸν
2473 1734 2628 1806 Θεὸν,
2683 1731 2809 1789 ἀλλ’
2868 1733 3072 1796 ἐκεῖνος
3134 1730 3251 1809 ἔχει
3313 1735 3341 1788 6
3405 1733 3723 1794 ὑποπιάσας
3771 1731 3832 1787 τὸ

408 1829 602 1894 habet,
637 1826 735 1899 qui
768 1841 979 1895 corpus
1010 1839 1184 1879 suum
1227 1822 1434 1878 afﬂixit
1479 1826 1536 1878 et
1587 1822 1646 1876 in
1709 1820 2033 1876 servituten

2204 1825 2322 1892 ὦμα
2351 1822 2441 1876 καὶ
2474 1819 3068 1899 δουλαγωγήσας,ὥστε
3090 1820 3347 1888 δύνασθαι
3371 1822 3581 1899 λέγειν⁸
3617 1850 3644 1873 u
3682 1820 3829 1877 Ἐπεὶ

413 1918 565 1975 415
601 1914 845 1988 redegit,
875 1917 943 1969 ut
974 1911 1163 1985 possit
1218 1912 1437 1967 dicere:
1472 1934 1499 1961 ‹‹
1566 1916 1651 1966 An
1683 1909 2038 1983 experimen-

2204 1912 2397 1984 οκιμὴν
2433 1916 2642 1982 ζητεῖτε
2670 1916 2767 1967 τοῦ
2808 1912 2858 1967 ἐν
2887 1911 3009 1986 ἐμοὶ
3045 1911 3345 1974 λαλοῦντος
3396 1915 3661 1989 Χριστοῦ.
3698 1936 3720 1966 ι
3773 1912 3829 1965 Ὃ

405 2011 531 2063 tum
566 2003 830 2077 quaeritis
858 2004 988 2073 ejus
1010 2000 1111 2072 qui
1143 2000 1202 2055 in
1238 2016 1329 2057 me
1385 1999 1663 2072 loquitur,
1723 1998 1937 2055 Christi
1954 1997 1995 2052 ³.
2025 2019 2030 2043 ι

2204 2000 2258 2075 ip
2290 1996 2535 2063 τοιοῦτος
2564 2000 2745 2055 ἀκούει
2778 2001 2923 2078 παρὰ
2942 2005 3038 2056 τοῦ
3071 2003 3325 2078 Χριστοῦ·
3363 2002 3476 2058 αὉ
3510 1999 3712 2076 ἀγαθὸς
3745 1999 3829 2053 ἆν-

406 2095 687 2161 Ouienim
721 2092 856 2148 talis
887 2096 996 2158 est,
1031 2090 1195 2146 audit
1225 2108 1259 2145 a
1288 2089 1519 2146 Christo
1546 2108 1558 2145 :
1584 2112 1611 2139 ‹‹
1648 2090 1839 2145 Bonus
1871 2087 2031 2142 homt

2205 2109 2380 2161 samo;
2412 2087 2470 2144 ἐκ
2496 2093 2594 2143 τοῦ
2627 2090 2827 2165 ἀγαθοῦ
2861 2092 3136 2167 θησαυροῦ
3176 2097 3273 2160 τῆς
3301 2086 3530 2165 καρδίας
3565 2088 3830 2167 προφέρει

408 2186 477 2242 de
504 2186 659 2240 bono
692 2183 966 2237 thesauro
998 2180 1191 2236 cordis
1224 2177 1444 2252 profert
1473 2179 1629 2235 bona
1658 2180 1701 2232 δ.
1767 2200 1793 2226 ››
1852 2179 2030 2233 Anam

2205 2178 2227 2232 Ξι
2256 2178 2447 2255 ἀγαθά.
2485 2202 2512 2231 ››
2540 2179 2735 2253 Ἀνόμ.
2770 2178 2833 2234 Et
2865 2175 3005 2235 ἔστιν
3038 2180 3239 2255 ἀγαθὸς
3270 2177 3562 2257 ἄνθρωπος
3618 2180 3646 2233 6
3696 2198 3830 2255 προ-

406 2276 463 2330 Si
495 2275 686 2330 bonus
718 2276 807 2326 est
827 2271 1023 2335 homo,
1058 2269 1155 2341 qui
1189 2285 1255 2325 ex
1289 2285 1395 2325 suo
1426 2269 1598 2324 corde
1630 2269 1783 2324 bona
1812 2266 2028 2339 profert

2207 2268 2338 2342 ἐρων
2375 2266 2434 2323 ἐκ
2461 2270 2559 2337 τῆς
2597 2264 2817 2340 καρδίας
2865 2268 2932 2324 τὰ
2975 2268 3164 2345 ἀγαθὲ,
3215 2272 3331 2330 πῶς
3386 2265 3573 2329 ο”-δεὶς
3632 2266 3832 2343 ἀγαθὸς

406 2363 696 2436 quomodo
731 2376 900 2416 nemo
918 2360 1108 2415 bonus
1131 2362 1238 2428 est,
1274 2356 1387 2414 nisi
1420 2374 1575 2413 unus
1630 2357 1780 2411 Deus
1812 2360 1834 2412 ?
1894 2355 2026 2411 0th

2202 2358 2209 2411 ἰ
2263 2358 2339 2431 μὴ
2402 2359 2477 2419 εἷς
2532 2358 2560 2412 6
2610 2358 2779 2428 Θεός;
2824 2360 2969 2434 Ὀρθ.
3018 2360 3134 2413 ’Ότι
3190 2358 3218 2412 6
3252 2358 3386 2421 Οεὸς
3427 2357 3495 2413 οὐ
3529 2357 3669 2412 κατὰ
3704 2376 3827 2429 μετ-

406 2452 687 2518 Quoniam
722 2457 870 2506 Deus
904 2465 1017 2504 non
1050 2451 1138 2503 est
1167 2447 1359 2503 bonus
1392 2444 1837 2519 participatione
1880 2443 2031 2499 boni

2200 2447 2307 2522 χὴν
2368 2447 2704 2522 ἀγαθότητός
2761 2445 2901 2502 ἐστιν
2958 2447 3183 2523 ἀγαθὸς,
3243 2445 3369 2502 ἀλλ’
3435 2445 3608 2509 αὐτός
3686 2445 3825 2501 ἐστιν

408 2541 568 2613 tatis,
594 2541 693 2596 sed
741 2544 831 2595 est
860 2538 988 2610 ipsa
1045 2536 1316 2592 bonitas:
1351 2535 1527 2591 homo
1584 2550 1720 2590 vero
1772 2532 2033 2589 bonitati:

2204 2535 2459 2611 -ίαοότηςο
2504 2537 2532 2591 6
2563 2534 2620 2591 δὲ
2675 2535 2959 2611 ἄνθρωπος
3020 2540 3232 2612 μετοχῇ
3283 2535 3631 2611 ἀγαθότητός
3691 2534 3829 2590 ἐστιν

411 2629 856 2705 participatione
886 2627 1075 2682 bonus
1107 2630 1214 2680 est.
1248 2624 1665 2679 Anom.Annon
1690 2621 1884 2694 angeli
1916 2638 2036 2677 sun

2203 2626 2385 2701 γαθός,
2434 2626 2623 2698 Ἀνόμ.
2666 2625 2783 2705 ΔΚαὶ
2829 2626 2881 2680 oi
2926 2625 3150 2702 ἄγγελοι
3199 2624 3298 2680 οὐκ
3350 2624 3489 2679 εἰσὶν
3540 2625 3733 2702 ἀγαθοὶ
3762 2626 3828 2698 τῇ

410 2700 820 2777 natura‘boni?
854 2715 1005 2772 07th.
1037 2715 1281 2783 Natura,
1352 2728 1764 2785 nequaquam:
1826 2709 2033 2784 partici

2209 2700 2360 2785 Soet;
2422 2716 2570 2790 Ὀρο.
2623 2700 2702 2787 Τῇ
2747 2714 2921 2792 φύσει,
3140 2718 3375 2789 μετοχῇ,
3434 2713 3549 2769 ναί.
3590 2700 3681 2767 .Τὸ
3730 2714 3827 2788 γὰρ

414 2810 670 2883 patione,
704 2806 896 2880 plane.
931 2805 1083 2860 Nam
1117 2803 1272 2875 quod
1308 2806 1517 2858 natura
1546 2801 1765 2856 bonum
1800 2804 1909 2868 est,
1939 2815 2039 2856 no:

2202 2826 2224 2857 ν
2282 2807 2352 2877 τῇ
2408 2802 2561 2881 φύσει
2619 2802 2838 2878 ἀγαθὸν,
2894 2802 2924 2857 6'
2981 2802 3091 2858 ἐστι
3147 2807 3216 2877 τῇ
3278 2802 3455 2882 φύσει,
3523 2802 3586 2858 οὗ
3639 2802 3827 2877 τρέπε-

414 2902 695 2969 mutatur,
723 2898 1010 2968 quantum
1043 2892 1113 2947 ad
1157 2892 1237 2961 id,
1272 2891 1427 2965 quod
1459 2896 1548 2946 est
1592 2894 1823 2946 natura.
1857 2891 2029 2946 Anam

2201 2915 2273 2949 αι.
2322 2893 2517 2966 Ἀνόμ.
2569 2893 2698 2949 Οἷον
2749 2891 2846 2961 τί;
2899 2893 3047 2967 Ὀρθ.
3100 2893 3421 2970 ’Ἄνθρωπος
3473 2896 3545 2958 τῇ
3580 2891 3733 2971 φύσει
3767 2889 3826 2945 οὐ

410 2986 670 3060 Exempli
698 2988 916 3042 causa?
942 2982 1094 3039 Orth.
1128 2982 1312 3038 Homo
1347 2984 1557 3036 natura
1617 2997 1731 3035 non
1793 2982 2035 3034 mutatu]

2201 2983 2439 3054 pé11310u'
2501 2979 2562 3035 οὐ
2619 2980 2722 3056 γὰρ
2773 2980 2977 3056 γίνεται
3030 2978 3171 3035 ἄλλο
3216 3002 3267 3035 τι
3315 2984 3385 3046 τῆ
3437 2981 3621 3059 φύσει·
3673 2982 3739 3054 τῇ
3773 2976 3826 3034 δὲ

411 3080 621 3151 (neque
654 3075 810 3131 enim
844 3073 907 3129 ﬁt
938 3071 1097 3128 aliud
1123 3069 1352 3142 natura)
1380 3087 1393 3138 ;
1428 3069 1526 3125 sed
1561 3067 1757 3124 studio
1799 3072 1854 3123 et
1887 3067 2035 3123 mori

2198 3070 2477 3149 ῖροαιρὲσει
2507 3070 2777 3146 τρέπεται·
2810 3068 2899 3124 τὸν
2934 3069 3037 3145 γὰρ
3092 3068 3249 3123 αὐτὸν
3285 3064 3404 3143 ὄψει
3468 3070 3606 3125 ποτὲ
3655 3088 3823 3138 πονη-

412 3171 523 3226 bus
554 3168 851 3222 mutatur:
900 3161 1193 3234 siquidem
1253 3159 1528 3214 eumdem
1586 3158 1758 3213 modo
1813 3158 2029 3213 bonum

2203 3162 2280 3233 ὸν,
2313 3162 2445 3215 ποτὲ
2475 3160 2690 3235 ἀγαθόν’
2725 3160 2797 3221 ὡς
2829 3157 3069 3232 Παῦλον,
3100 3159 3234 3214 ποτὶ
3272 3158 3367 3232 μὶν
3397 3155 3667 3230 διώκτην,
3699 3155 3825 3212 ποτὲ

415 3257 587 3313 modo
620 3252 841 3309 malum
873 3250 1125 3306 videbis:
1163 3253 1225 3304 ut
1254 3249 1527 3308 Paulum.
1587 3247 1759 3302 modo
1817 3245 2040 3318 quidem

2205 3246 2671 3325 ὲεῦαγγελιστήν·
2704 3247 2791 3302 καὶ
2830 3248 2922 3302 τὸν
2973 3245 3131 3302 αὐτὸν
3178 3248 3310 3302 ποτὶ
3366 3248 3648 3321 μαθητὴν,
3696 3243 3825 3300 ποτὶ

412 3348 871 3420 persecutorem,
910 3340 1084 3396 modo
1113 3356 1246 3394 vero
1280 3336 1571 3409 Evangelii
1604 3352 1929 3408 prmeonem
1958 3353 1972 3404 ;
2006 3352 2035 3390 e

2197 3337 2447 3415 προδότην
2506 3339 2618 3412 (66)
2664 3337 2739 3400 ὡς
2796 3336 2886 3392 τὸν
2939 3333 3165 3393 Ἰο-Ῐιδαν·
3217 3335 3305 3391 καὶ
3357 3335 3648 3413 ἆ-(γὲλοος,
3700 3332 3822 3389 ποτὲ

407 3434 681 3491 eumdem
714 3431 888 3488 modo
920 3427 1136 3484 Christi
1166 3426 1547 3499 discipulum,
1576 3425 1747 3482 modo
1797 3424 2029 3498 prodito

2196 3429 2268 3484 ιέν
2301 3426 2599 3501 πονηροὺς⁹
2631 3426 2762 3482 ποτὶ
2794 3423 2850 3481 δὲ
2899 3424 3146 3501 ἀγαθούς.
3200 3424 3385 3498 Ἀνόμ.
3446 3425 3553 3479 Καὶ
3609 3426 3711 3500 γὰρ
3773 3423 3821 3477 οἱ

407 3540 555 3590 rem,
591 3526 653 3577 ut
677 3521 889 3577 Judam
922 3535 935 3573 :
970 3522 1028 3574 et
1050 3516 1287 3590 angelos
1320 3516 1491 3572 modo
1540 3515 1777 3587 quidem
1848 3513 2032 3569 malos

2199 3518 2394 3594 ;γγελοι
2451 3518 2582 3571 ποτε
2638 3514 2895 3591 πονηροὶ,
2944 3514 3033 3569 καὶ
3082 3515 3215 3570 ποτὲ
3253 3513 3484 3591 ἀγαθοῖς
3558 3516 3710 3590 Ὀρθ.
3763 3516 3824 3568 Ἡ

408 3614 583 3669 modo
616 3627 747 3666 vero
782 3612 982 3666 bonos.
1018 3607 1213 3663 Anam.
1246 3604 1397 3661 Num
1449 3622 1583 3660 vero
1617 3603 1831 3677 angeli,
1884 3605 2033 3659 modi

2197 3608 2354 3686 Ῥαφῆ
2406 3606 2572 3661 εἶπεν
2625 3630 2652 3657 (ι
2707 3604 2768 3661 Εἷ
2817 3604 2919 3679 γὰρ
2973 3602 3223 3680 ἀγγέλων
3252 3604 3695 3679 ἁμαρτησάντων
3730 3599 3822 3657 οὐκ

408 3701 569 3771 mali,
603 3701 773 3756 mobo
814 3697 995 3753 boni?
1029 3697 1197 3753 Orth.
1255 3695 1560 3767 Scriptura
1608 3692 1841 3764 inquit:
1878 3715 1904 3741 ‹‹
1961 3692 2028 3747 Et

2196 3695 2435 3776 φείσατο.
2478 3719 2505 3745 ι)
2558 3693 2625 3751 ET
2676 3691 2732 3748 δὲ
2790 3692 3063 3770 ἥμαρτον,
3096 3690 3288 3762 δῆλον,
3324 3692 3405 3748 ὅτι
3438 3692 3696 3763 ἐξέπεσον
3727 3696 3818 3760 τῆς

403 3792 559 3848 enim
596 3790 641 3845 si
678 3787 925 3861 angelis,
950 3787 1046 3858 qui
1096 3790 1434 3858 pcccarunt,
1486 3800 1601 3838 non
1661 3781 1990 3854 pepercit‘.
2025 3805 2028 3830 ;

2196 3780 2513 3861 γαθὸτητος.
2543 3782 2644 3840 Καὶ
2677 3780 2914 3837 καθόλου
2947 3788 3091 3837 πᾶσκ
3120 3785 3154 3852 ἡ
3206 3781 3325 3853 ἀξία
3372 3786 3468 3835 τοῦ
3522 3787 3664 3839 Θεοῦ
3710 3777 3818 3835 κτί-

401 3884 471 3936 At
503 3880 552 3935 si
590 3882 918 3952 peccarunt,
953 3880 1104 3932 certe
1136 3874 1480 3930 exciderunt
1514 3872 1792 3927 bonitate.
1824 3874 1886 3925 In
1922 3871 2023 3926 uni

2186 3896 2244 3937 τις
2297 3871 2509 3948 μετοχῇ
2555 3871 2886 3947 ἆγαθότητος
2937 3870 3150 3947 λέγεται
3198 3869 3288 3925 καῖ
3339 3868 3480 3925 ἔστιν
3549 3871 3738 3946 ἀγαθή·
3786 3867 3811 3921 6

401 3987 635 4026 versuzn
670 3966 922 4039 denique
951 3964 1182 4021 condita
1208 3979 1299 4018 res
1344 3963 1538 4018 omnis
1575 3966 1686 4015 Deo
1747 3960 1946 4031 digna,
1998 3978 2026 4017 ο

2187 3964 2219 4018 εὶ
2250 3964 2399 4033 Θεὸς,
2433 3963 2585 4039 φύσει
2620 3961 2690 4015 ὥν
2725 3960 2946 4036 ἀγαθὸς,
2977 3960 3136 4021 αὐτός
3186 3959 3326 4014 ἐστιν
3379 3960 3678 4034 ἆγαθότηςο
3730 3955 3812 4011 διέι

400 4064 567 4117 estet
598 4058 811 4113 dicitur
850 4057 1003 4110 bona
1035 4054 1106 4110 ob
1158 4050 1670 4125 participationem
1738 4050 2015 4106 bonitatis

2181 4054 2247 4109 :17.
2277 4050 2454 4115 οὐδεὶς
2508 4050 2728 4126 ἀγαθῦς,
2780 4049 2825 4105 εἰ
2879 4050 2953 4123 μὴ
3003 4050 3080 4111 εἷς
3130 4049 3158 4103 6
3204 4047 3352 4110 Θεός.
3402 4047 3602 4122 Ἀνόμ.
3655 4045 3806 4104 Καὶὸ

400 4154 552 4205 Deus
580 4164 735 4216 vero,
771 4144 871 4219 qui
895 4145 1087 4201 bonus
1116 4147 1205 4199 est
1264 4148 1494 4210 natura,
1555 4146 1644 4196 est
1695 4139 1823 4212 ipsa
1874 4140 2025 4196 boni-

2173 4144 2278 4205 l'i6q
2336 4142 2426 4197 οὖν
2485 4140 2659 4202 οὕτως
2717 4138 2857 4194 ἐστὶν
2914 4138 3131 4214 ἀγαθὸς,
3193 4137 3266 4200 ὡς
3324 4138 3352 4192 6
3402 4140 3628 4215 Πατήρς
3664 4135 3798 4210 Ὀρϐ.

394 4243 521 4306 tas;
582 4235 970 4309 quamobrem
1004 4233 1179 4288 etiam
1245 4248 1413 4287 nemo
1462 4230 1674 4298 bonus,
1733 4229 1845 4285 nisi
1888 4247 2019 4285 unu:

2175 4233 2253 4287 (αἱ
2286 4231 2444 4288 πάνυ.
2505 4229 2693 4301 Ἀνὸμ,
2743 4228 2841 4282 Καὶ
2893 4232 3005 4289 πῶς
3061 4224 3282 4282 δῦναται
3327 4224 3579 4302 λέγεσθαι
3635 4250 3661 4277 ‹‹
3707 4222 3800 4281 Οὖ-

392 4327 568 4384 Deus.
600 4308 810 4383 iAnom.
866 4324 1013 4395 Ergo
1075 4321 1264 4378 Filius
1339 4322 1530 4376 bonus
1581 4324 1690 4386 est,
1737 4323 1800 4375 ut
1833 4318 2017 4375 Pater‘

2173 4322 2263 4384 Ξεὶς
2314 4319 2539 4396 ἀγαθὸς,
2588 4318 2635 4374 εἰ
2686 4318 2763 4390 μὴ
2815 4317 2891 4379 εἷς
2942 4318 2970 4371 6
3022 4317 3173 4388 Θεὸς,
3210 4338 3237 4367 ››
3269 4314 3390 4377 Υἱὸς
3418 4315 3507 4369 καὶ
3545 4314 3727 4384 Πατὴρ
3755 4308 3798 4365 εἷ

402 4418 557 4474 Orlh.
616 4416 767 4471 Sane
825 4412 1086 4486 quidem.
1136 4412 1326 4467 Anam.
1400 4408 1576 4480 Ecqui
1637 4408 1752 4464 dici
1812 4413 2005 4480 potest

2167 4411 2281 4471 Ξεός
2342 4411 2493 4483 (67);
2553 4407 2703 4482 Ὀρθ.
2752 4407 2845 4468 Εἷς
2897 4405 3027 4467 Θεὸς
3076 4405 3198 4467 Υἱὸς
3247 4403 3337 4459 καὶ
3389 4405 3602 4481 Πατὴρ,
3648 4401 3704 4456 οὐ
3730 4401 3792 4472 τῇ

399 4530 425 4561 ε
455 4506 637 4563 Nemo
668 4504 879 4573 bonus,
915 4502 1024 4558 nisi
1060 4517 1215 4557 unus
1259 4505 1429 4566 Deus,
1467 4522 1487 4547 ι
1531 4496 1579 4555 si
1612 4497 1796 4553 Filius
1824 4503 1881 4552 et
1936 4498 2024 4554 Par

2167 4498 2463 4569 ὶποστάσει,
2495 4492 2642 4551 ἀλλὰ
2670 4498 2749 4567 τῷ
2781 4494 2929 4567 αὐτῷ
2961 4491 3112 4568 λόγῳ
3138 4496 3238 4562 τῆς
3270 4492 3476 4547 οὐσίας·
3514 4494 3593 4555 ὡς
3614 4491 3792 4549 πάντες

388 4600 497 4663 ter,
531 4594 708 4650 boni?
741 4617 767 4641 ››
803 4591 956 4649 Orth.
994 4594 1166 4645 Pater
1190 4594 1245 4646 et
1278 4584 1456 4643 Filius
1488 4593 1627 4642 sunt
1676 4604 1831 4642 unus
1862 4587 2013 4641 Deus

2171 4586 2430 4662 ἱνΟρωποι
2482 4584 2533 4640 ἐν
2584 4584 2804 4661 Χριστῷ
2853 4585 2953 4652 εἷς,
3006 4582 3067 4639 οὐ
3098 4586 3167 4656 τῇ
3200 4582 3514 4652 ὑποστάσει,
3554 4580 3694 4638 ἀλλὰ
3723 4580 3796 4649 τῷ

388 4702 505 4740 non
538 4681 862 4756 hypostasi,
897 4680 997 4737 sed
1026 4681 1228 4735 eadem
1293 4676 1639 4734 substantias
1672 4674 1930 4731 ratione:
1978 4694 2008 4730 u

2167 4675 2306 4751 κὸγῳ
2353 4677 2451 4745 τῆς
2501 4672 2681 4735 οὐσίας
2732 4671 2820 4727 καὶ
2851 4677 2970 4734 ταῖς
3003 4669 3365 4749 συμφωνίαις.
3400 4670 3593 4743 Ἀνόμ.
3622 4663 3792 4723 Ἀλλο

385 4790 589 4828 omnes
620 4771 890 4828 homines
935 4772 1077 4824 sunt
1135 4785 1287 4823 unus
1346 4767 1405 4821 in
1465 4764 1718 4833 Christo,
1774 4782 1886 4820 non
1946 4764 2010 4838 by

2168 4764 2249 4841 (ἀρ
2280 4764 2419 4819 ἐστ.ν
2471 4762 2647 4832 οὐσία,
2709 4761 2799 4817 καὶ
2850 4759 2992 4817 ἄλλο
3049 4761 3383 4830 ὑπόστασις;
3442 4761 3592 4837 Ὀρθ.
3624 4752 3793 4812 ’Ἄλλο

384 4860 627 4933 postasi,
662 4860 760 4916 sed
791 4858 1011 4914 ratione
1041 4856 1405 4925 substantiae,
1439 4859 1496 4910 et
1536 4856 1609 4910 ob
1640 4852 2009 4910 concordiam

2167 4854 2236 4910 ιαὶ
2272 4852 2435 4923 ἄλλο,
2500 4852 2608 4929 οὐχ
2638 4851 2711 4915 ὡς
2745 4856 2994 4929 πρᾶγμα.
3047 4847 3242 4923 Ἀνόμ,
3294 4847 3505 4907 Οὐκοῦν
3540 4847 3792 4909 συνθεσις,

385 4951 577 5006 Anam.
633 4949 939 5005 Enimvero
1023 4963 1217 5003 annon
1305 4945 1463 5001 aliud
1534 4949 1624 4999 est
1680 4944 2010 4999 substantia

2168 4946 2297 5021 ΟρΟ.
2332 4941 2506 5001 Ἀλλο
2537 4928 2627 4997 καὶ
2661 4942 2824 5010 iit/.0,
2880 4938 3052 4993 εἶειτον⁸
3106 4937 3213 5014 οὐχ
3264 4937 3336 5001 ὡς
3390 4943 3619 5013 πρᾶγμα
3657 4928 3793 5021 ἄλλο

384 5040 541 5095 aliud
574 5037 908 5112 hypostasis
938 5036 965 5093 ?
999 5036 1151 5092 Orth.
1206 5033 1377 5089 Aliud
1441 5037 1498 5088 et
1558 5032 1738 5104 aliud,
1791 5050 1904 5088 non
1949 5037 2007 5089 ta

2169 5036 2234 5088 Lai
2268 5032 2431 5103 ἄλλο,
2462 5029 2591 5088 ἀλλ’
2621 5031 2695 5093 ὡς
2731 5028 2872 5084 ἄλλο
2904 5050 2955 5082 τι
2999 5013 3374 5101 σημαινούσης
3421 5034 3518 5097 τῆς
3570 5013 3794 5080 ὑποστά-

383 5145 511 5183 men
548 5136 611 5183 ut
652 5146 760 5183 res.
816 5128 1011 5182 Anam.
1072 5125 1221 5197 Ergo
1280 5122 1628 5194 compositio
1681 5122 2008 5178 invenietur

2170 5145 2303 5196 τως,
2335 5124 2425 5177 καὶ
2485 5119 2625 5177 ἄλλο
2677 5141 2729 5175 τι
2779 5125 2880 5188 τῆς
2931 5116 3138 5180 οὐσίας·
3182 5117 3256 5180 ὡς
3290 5116 3317 5171 6
3348 5115 3543 5176 κόκκος
3565 5133 3625 5169 τι
3655 5103 3795 5160 σίτου

382 5218 533 5274 Orlh.
604 5215 774 5273 Aliud
835 5220 892 5270 et
944 5214 1100 5269 aliud
1164 5210 1303 5279 dixi,
1364 5227 1479 5267 non
1534 5215 1731 5266 tamen
1787 5218 1849 5267 ut
1908 5231 2007 5269 ren

2183 5213 2325 5289 ἐγετι
2347 5234 2384 5280 ι,
2418 5210 2507 5265 καὶ
2541 5207 2651 5264 ἔστι
2684 5207 2899 5283 σπέρμα
2947 5206 3037 5261 καὶ
3086 5206 3293 5283 καρπὸς
3340 5204 3444 5280 οὐχ
3468 5204 3543 5266 ὡς
3570 5202 3801 5274 πρᾶγμα

447 5385 469 5421 ³
498 5376 543 5433 ll
572 5380 682 5433 Cor
723 5393 845 5447 xm,
877 5377 934 5431 3.
1036 5376 1061 5409 ⁴
1090 5373 1273 5430 Math.
1304 5388 1408 5441 χιι,
1449 5370 1531 5428 13.
1608 5372 1630 5406 ⁸
1659 5371 1711 5428 II
1734 5372 1887 5429 Petr.
1919 5389 1982 5447 ιι,
2007 5376 2060 5431 4.

383 5620 405 5639 η
451 5556 854 5639 (ϐξξ“)8ορεο9
884 5553 1163 5627 postulat,
1194 5552 1253 5609 ni
1301 5550 1491 5620 fallor,
1542 5554 1609 5605 ut
1656 5549 1882 5624 legatur
1934 5550 2008 5608 0.5;

2169 5632 2177 5639 _
2213 5553 2329 5639 (.67)
2362 5554 2447 5639 με
2466 5551 2800 5639 ﬁes-339i?
2834 5549 3108 5639 νθνρνηιὲς
3143 5546 3173 5602 δ
3209 5548 3451 5639 Herm
3512 5546 3661 5630 ὀρθ.;
3698 5535 3794 5639 Pii

381 5615 489 5680 ἔστι
527 5615 681 5682 Eum
716 5615 959 5682 PATaoL.
1149 5615 1160 5623 ’
1233 5693 1237 5694 ί
1290 5690 1322 5694 λγ
1479 5615 1502 5694 ξ
1646 5692 1656 5694 Α
1712 5615 1745 5624 -

2168 5615 2293 5693 hac,
2311 5615 2435 5681 'etc.
2466 5615 2598 5680 Mei
2626 5622 2881 5680 Felckm.
2911 5615 3168 5694 et'Reg.,
3201 5615 3463 5693 mam
3490 5615 3673 5688 ταοτῷ
3698 5615 3793 5680 τῆς

456 5700 563 5770 (66)
593 5695 687 5750 Καὶ
716 5694 807 5751 τὸν
845 5696 1093 5769 μαθητὴν
1126 5693 1259 5751 ποτὲ
1284 5690 1343 5750 δὲ
1371 5688 1531 5749 ποοδ.
1560 5692 1746 5751 Palat.

1084 5717 1093 5747 ν
1126 5693 1259 5751 ποτὲ
1284 5690 1343 5750 δὲ
1371 5688 1531 5749 ποοδ.
1560 5692 1746 5751 Palat.
2144 5688 2349 5768 Palat”
2379 5700 2460 5769 τῷ
2487 5699 2709 5766 ταυτῆς.
