4116 6378
374 456 527 518 H37

1359 461 1454 520 DE
1501 462 1799 518 SANGTA
1849 455 2280 516 'l‘RlNl'l‘ATE
2326 457 2713 516 DIALUGUS
2761 456 2808 514 Ι.

3641 459 3797 518 H38

374 586 516 644 ἄλλο
565 590 653 645 καὶ
706 589 866 646 ἄλλο·
905 590 1045 648 ἄλλο
1095 591 1151 648 δέ
1200 615 1248 647 τι
1294 592 1548 666 σημαίνει
1579 593 1639 646 τὸ
1671 590 1906 664 σπέρμα,
1939 610 1991 643 κο

2108 654 2111 658 _
2144 587 2318 644 aliam
2354 592 2410 644 et
2443 589 2615 643 aliam
2645 606 2656 644 :
2693 591 2790 644 sed
2825 591 2979 661 quod
3001 591 3333 662 hypostasis
3357 593 3595 662 quidem
3629 593 3786 649 aliud

371 677 512 735 ἄλλο
557 701 608 733 τι
659 681 885 755 καρπός’
938 680 1019 736 ὅτι
1070 683 1132 737 τὸ
1177 683 1269 755 μὲν
1318 682 1532 754 σπέρμα
1576 686 1671 735 τοῦ
1727 679 2026 752 μέλλοντος

372 765 640 841 γεωργίου
672 767 783 820 ἐστὶ
817 772 1052 843 σπέρμα·
1090 771 1118 824 ὁ
1150 767 1207 824 δὲ
1255 770 1459 845 καρπὸς
1514 774 1609 823 τοῦ
1657 765 2022 841 παρελθόντος

369 855 643 932 γεωργίου
676 856 786 911 ἐστὶ
816 857 1044 934 καρπός.

2137 679 2423 750 quiddam
2459 678 2768 749 significet,
2805 679 2959 733 aliud
2997 697 3124 734 vero
3175 680 3428 736 essentia
3482 699 3493 735 :
3551 687 3615 738 ut
3663 700 3790 755 gra-

2136 785 2276 822 num
2307 768 2584 822 frumenti
2635 769 2871 838 dicitur,
2929 774 2985 823 et
3043 773 3131 824 est
3187 774 3312 824 tum
3374 787 3597 839 semen,
3657 779 3780 828 tum

2136 858 2361 912 fructus
2394 873 2406 913 :
2447 874 2558 911 non
2594 862 2654 912 ut
2685 873 2776 911 res
2829 857 2942 912 alia
2993 862 3167 929 atque
3199 857 3311 913 alia
3344 878 3356 927 ;
3393 859 3550 915 aliud
3585 867 3777 917 autem

366 946 664 1017 significat
693 965 914 1016 semen,
951 948 1110 1004 aliud
1147 950 1393 1017 fructus,
1429 949 1707 1022 quoniam
1739 965 1939 1003 semen
1971 947 2206 1018 quidem
2243 948 2449 1002 futurae
2481 947 2723 1001 cultura:
2752 963 2973 1017 semen,
3010 947 3234 1002 fructus
3284 965 3417 1004 vero
3448 953 3537 1004 est
3584 955 3783 1022 praeie-

366 1034 490 1089 ritin
524 1035 682 1091 cultu
695 1055 770 1093 ra:
804 1039 1049 1094 fructus.

439 1144 522 1197 13.
559 1139 747 1214 Ἀνόμ.
781 1143 840 1196 Τί
890 1143 1145 1216 σημαίνει
1179 1148 1210 1213 ἡ
1249 1144 1427 1213 οὐσία,
1460 1143 1547 1199 καί
1597 1143 1651 1198 τί
1711 1147 1745 1213 ἡ
1790 1142 2020 1197 ὑπόστα-

362 1249 485 1298 σις;
542 1232 690 1306 Ὀρθ.
744 1233 805 1287 Ἠ
864 1231 1018 1286 οὐσία
1073 1235 1172 1302 τὴν
1233 1233 1524 1303 κοινότητα
1581 1233 1866 1304 σημαίνει·
1931 1231 2019 1285 καὶ

361 1317 416 1373 εἷ’
452 1320 505 1372 τί
557 1319 695 1373 ἐστιν
748 1319 884 1376 ἴδιον
934 1330 1033 1390 τῆς
1086 1323 1291 1388 οὐσίας,
1326 1328 1490 1377 τοῦτο
1520 1322 1700 1377 κοινόν
1751 1321 1860 1376 ἐστι
1907 1326 2014 1375 τῶν

365 1407 708 1462 ὑποστάσεων
737 1415 844 1464 τῶν
876 1410 978 1464 ὑπὸ
1007 1413 1105 1478 τὴν
1142 1412 1340 1466 οὐσίαν·
1376 1416 1410 1481 ἡ
1445 1410 1501 1466 δὲ
1545 1413 1831 1473 ὑπόστασις
1883 1408 2014 1464 ἰδιό-

352 1517 492 1565 τητα
521 1493 656 1574 ἔχει,
691 1498 813 1567 ἥτις
847 1499 950 1554 οὐκ
981 1498 1089 1555 ἔστι
1124 1504 1281 1568 κοινή
1314 1507 1421 1556 τῶν
1454 1505 1550 1569 τῆς
1602 1501 1771 1570 αὐτῆς
1823 1499 2008 1561 οὐσίας

355 1586 718 1659 ὑποστάσεων⁹
758 1591 892 1660 μετά
920 1595 1016 1643 τοῦ
1045 1590 1134 1644 καὶ
1163 1591 1393 1664 ἀριθμὸν
1428 1589 1794 1665 ἐπιδέχεσθαι.
1814 1589 2005 1662 Ἀνόμ..

345 1675 406 1729 Ἡ
460 1676 558 1750 γὰρ
608 1675 766 1731 οὐσία
815 1677 914 1732 οὐκ
960 1676 1076 1754 ἔχει
1133 1678 1415 1748 ἰδιότητα;
1471 1683 1620 1754 Ὀρθ.
1672 1676 1809 1736 υῦτε
1867 1676 2002 1733 ἰδιό-

338 1784 480 1833 τητα
540 1763 682 1841 ἔχει,
733 1769 808 1838 μή
866 1767 1026 1822 οὖσαν
1073 1771 1260 1837 κοινὴν
1306 1773 1412 1823 τῶν
1471 1777 1570 1837 τῆς
1621 1769 1800 1830 οὐσίας
1869 1769 2002 1823 ὑπο-

341 1854 600 1908 στάσεων·
654 1854 777 1911 οὔτε
823 1857 1052 1931 ἀριθμὸν
1103 1857 1472 1927 πληθυντικὸν
1525 1856 1853 1933 ἐπιδέχεται,
1903 1858 2000 1930 μία

340 1941 488 1998 οὖσα.
523 1944 593 1998 Τὸ
627 1942 684 1998 δὲ
716 1945 947 2020 ἀριθμὸν
996 1945 1362 2016 πληθυντικὸν
1422 1945 1812 2020 ἐπιδεχόμενον
1867 1948 1995 2000 πάν-

337 2052 447 2092 τως
483 2029 732 2101 ἰδιότητα
762 2031 898 2108 ἔχει·
930 2035 1020 2089 καὶ
1051 2036 1113 2089 τὸ
1145 2033 1272 2110 ἔχον
1309 2033 1555 2106 ἰδιότητα
1600 2037 1828 2111 ἀριθμὸν
1876 2035 1998 2090 ἐπι-

340 2117 581 2195 δέχεται.
619 2122 760 2190 Αὐτή
821 2126 923 2197 γὰρ
983 2127 1016 2192 ἡ
1078 2121 1286 2194 ἰδιότης
1346 2124 1437 2178 τὸν
1493 2126 1722 2199 ἀριθμὸν
1775 2125 1994 2200 εἰσάγει.

337 2211 532 2282 Ἀνόμ.
594 2211 670 2268 Οὐ
718 2217 848 2283 νοῶ,
909 2214 937 2267 ὃ
999 2213 1199 2287 λὲγεις·
1264 2214 1378 2267 εἰπὲ
1437 2216 1778 2292 σαφέστερον.
1841 2216 1992 2288 Ὀρθ.

337 2299 524 2374 Αὲγεις
583 2301 714 2354 εἶναι
772 2305 870 2355 τοῦ
930 2302 1138 2377 [ἰατρὸς
1196 2303 1296 2368 την
1355 2302 1535 2356 οὐσίαν
1593 2302 1991 2371 ἀθάνατον,καὶ

339 2390 637 2466 ἄφθαρτον,
671 2391 760 2444 καί
787 2390 1040 2462 ἀόρατον,
1067 2391 1156 2445 καὶ
1190 2389 1657 2466 δημιουργὸν,καὶ
1688 2392 1814 2447 Θεόν
1849 2395 1988 2464 (68>;

337 2479 528 2550 Ἀνομ.
566 2479 686 2535 Nai.
733 2481 880 2553 Ὀρθ.
919 2479 1014 2534 Καὶ
1061 2481 1152 2534 τὸν
1198 2481 1319 2534 rte».
1374 2479 1553 2556 λέγεις
1601 2481 1807 2552 ὁμοίως
1865 2480 1990 2544 ἀθά-

333 2589 510 2638 νατον,
560 2567 650 2622 καὶ
698 2569 991 2644 ἄφθαρτον,
1035 2569 1123 2623 καὶ
1181 2569 1430 2645 ἀόρατον,
1477 2571 1565 2624 καὶ
1624 2567 1987 2644 δημιουργὸν,

332 2655 421 2708 καί
472 2655 602 2711 Θεόν
632 2677 645 2724 ;
681 2656 870 2728 Ἀνόμ.
907 2657 1028 2714 Ναί.
1082 2660 1226 2734 Ὀρθ.
1259 2662 1460 2733 ’Ὠσπερ
1511 2657 1600 2713 οῦν
1653 2659 1825 2735 λέγεις
1889 2664 1985 2713 τοῦ

332 2746 542 2818 Πατρὸς
583 2747 683 2814 τὴν
736 2745 916 2800 οὐσίαν
968 2748 1247 2816 ἀθάνατον,
1281 2750 1569 2826 ἄφθαρτον,
1601 2748 1853 2823 ἀόρατον,
1887 2745 1983 2818 δη-

337 2835 622 2910 μιουργὸν,
659 2832 802 2890 οὕτω
844 2837 1062 2890 καὶτοῦ
1094 2837 1220 2890 Υἱοῦ
1272 2837 1449 2912 λέγεις
1502 2842 1613 2910 (69)
1661 2839 1759 2905 τὴν
1816 2837 1982 2906 αὐτὴν

337 2921 555 2990 οὐσίαν;
613 2924 802 2997 Ἀνόμ.
860 2925 976 2980 Ναί.
1031 2927 1174 2991 Ὀρθ.
1226 2929 1324 2980 Τὸν
1370 2928 1490 2982 Υἱὸν
1540 2926 1603 2981 οὐ
1656 2925 1826 3001 λέγεις
1867 2929 1982 2984 Πα-

330 3011 498 3085 τέρα;
546 3012 740 3084 Ἀνόμ..
790 3011 890 3070 Οὔ.
944 3015 1094 3088 Ὀρθ.
1146 3015 1256 3068 Οὐκ
1305 3014 1406 3090 ἄρα
1456 3023 1556 3085 τῆς
1607 3016 1788 3078 οὐσίας
1841 3016 1980 3071 ἐστὶν

339 3098 468 3155 ιδιον
500 3103 562 3154 τὸ
607 3104 817 3174 Πατὴρ,
851 3102 998 3158 ἀλλὰ
1043 3109 1142 3172 τῆς
1197 3105 1560 3166 ὑποστάσεως.
1595 3105 1782 3178 Ἀνόμ.
1817 3111 1979 3174 Πὼς;

335 3188 479 3265 Ὀρθ.
510 3191 633 3247 ’Ὁτι
665 3193 731 3245 τὰ
765 3193 858 3264 μὲν
889 3199 987 3260 τῆς
1028 3192 1214 3251 οὐσίας
1264 3191 1392 3264 ἴδια,
1427 3193 1635 3266 ὁμοίως
1684 3195 1784 3250 εἰσὶ
1832 3196 1984 3250 κοινὰ

333 3283 430 3330 τοῦ
462 3280 690 3351 Πατρὸς,
718 3280 806 3333 καὶ
836 3285 933 3335 τοῦ
974 3281 1126 3353 Υἱοῦ,
1156 3282 1243 3336 καὶ
1289 3287 1391 3335 τοῦ
1435 3282 1592 3356 ἁγίου
1643 3283 1978 3355 Πνεύματος’

2206 1143 2290 1198 13.
2327 1144 2518 1199 Anam.
2573 1144 2722 1208 Quid
2773 1143 3067 1214 signiﬁcat
3117 1144 3472 1210 substantia,
3503 1147 3642 1216 quid
3676 1146 3776 1215 hy-

2133 1234 2429 1302 postasis?
2460 1234 2612 1288 Orth.
2654 1234 2999 1288 Substantia
3043 1234 3334 1305 signiﬁcat
3383 1237 3777 1290 communita-

2126 1327 2266 1376 tem.
2303 1324 2360 1377 Ei
2396 1322 2446 1377 si
2488 1322 2629 1394 quid
2663 1327 2752 1377 est
2784 1322 3128 1377 substantiae
3183 1323 3505 1394 preprium,
3540 1323 3596 1378 id
3632 1342 3773 1395 quo-

2125 1427 2239 1481 que
2263 1428 2576 1467 commune
2627 1417 2717 1466 est
2761 1411 3202 1483 hypostasibus,
3253 1429 3380 1483 quae
3430 1413 3776 1467 substantia:

2122 1502 2424 1556 subsunt:
2485 1502 2826 1573 bypostasis
2873 1508 3066 1556 autem
3124 1501 3541 1572 preprietatem
3591 1501 3769 1558 habet

2121 1590 2364 1645 minime
2413 1605 2787 1646 communem
2838 1589 3252 1660 hypost-asibus
3311 1591 3575 1660 ejusdem
3628 1592 3765 1646 sub-

2115 1679 2365 1749 stantias,
2417 1696 2482 1734 ac
2524 1683 2803 1750 przeterea
2849 1695 3158 1734 numerum
3225 1678 3499 1733 admittit.
3564 1684 3758 1736 Anam.

2111 1769 2319 1822 Annon
2370 1785 2500 1823 vero
2547 1768 2808 1822 essentia
2858 1767 3270 1838 preprietatem
3322 1766 3544 1822 habet?
3605 1769 3756 1824 0rlh.

2110 1856 2307 1926 Neque
2375 1856 2791 1928 proprietatem
2837 1857 3013 1911 habet
3068 1873 3183 1912 non
3235 1873 3607 1913 communem
3656 1859 3756 1927 hy-

2109 1947 2447 2017 postasibus
2509 1946 2875 2014 substantia,
2932 1962 3121 2017 neque
3183 1947 3410 2000 numeri
3473 1947 3757 2017 multipli-

2107 2036 2394 2091 cationem
2446 2035 2725 2098 admittit,
2772 2052 2906 2089 cum
2954 2035 3032 2089 sit
3081 2052 3216 2089 una.
3281 2036 3574 2105 Quidquid
3626 2054 3760 2091 vero

2112 2125 2339 2178 numeri
2401 2124 2950 2194 multiplicationem
3016 2124 3297 2192 admittit,
3339 2125 3578 2180 omnino
3629 2143 3758 2196 pro-

2111 2214 2418 2284 prietatem
2471 2212 2649 2268 habet
2703 2230 2714 2267 :
2765 2219 2821 2266 et
2871 2213 3026 2282 quod
3095 2213 3510 2284 proprietatem
3561 2215 3756 2282 habet,

2108 2319 2421 2356 numerum
2479 2302 2763 2356 admittit.
2827 2303 2958 2371 Ipsa
3023 2301 3179 2356 enim
3256 2302 3581 2374 proprietas
3648 2323 3756 2358 nu-

2106 2406 2334 2445 merum
2377 2391 2624 2446 inducit.
2676 2393 2871 2445 Anom.
2921 2390 3046 2446 Non
3104 2390 3369 2462 intelligo
3437 2393 3590 2463 quod
3666 2393 3750 2446 di-

2101 2479 2182 2533 cis
2235 2497 2247 2533 :
2301 2478 2536 2549 planius
2587 2479 2843 2551 loquere.
2897 2480 3048 2535 Orth.
3107 2479 3290 2535 Patris
3354 2481 3746 2536 substantiam

2100 2568 2246 2623 dicis
2275 2585 2406 2624 esse
2439 2568 2856 2636 immortalem,
2889 2574 2946 2623 et
2994 2569 3522 2640 incorruptibilem,
3570 2575 3627 2625 et
3657 2571 3743 2625 in-

2096 2657 2410 2728 visibilem,
2443 2671 2498 2713 et
2547 2658 2877 2727 creaticem,
2923 2663 2979 2713 et
3030 2659 3259 2713 Deum?
3306 2659 3500 2714 Anam.
3553 2661 3739 2716 Etiam

2097 2745 2245 2800 Orth.
2282 2747 2348 2800 Et
2382 2747 2592 2802 Filium
2623 2746 2893 2802 similiter
2923 2747 3070 2801 dicis
3099 2746 3514 2810 immortalem,
3548 2748 3738 2803 incor-

2095 2835 2458 2905 ruptibilem,
2522 2834 2901 2903 invisibilem,
2989 2843 3307 2891 creatorem
3370 2842 3428 2892 et
3485 2838 3662 2893 Deum
3716 2840 3741 2892 ?

2093 2926 2282 2980 Anam.
2344 2925 2516 2980 Sane.
2578 2925 2731 2981 Orth.
2793 2925 2960 2980 Sicut
3018 2941 3155 2996 ergo
3214 2925 3402 2980 Patris
3461 2928 3735 2982 substan-

2095 3014 2235 3068 tiam
2269 3015 2414 3069 dicis
2447 3014 2861 3082 immortalem,
2909 3014 3439 3084 incorruptibilem,
3473 3015 3742 3070 invisibi-

2092 3103 2228 3168 lem,
2263 3103 2620 3169 creatricein,
2675 3119 2864 3157 nonne
2897 3103 2976 3157 ita
3012 3107 3068 3157 et
3127 3103 3254 3157 Filii
3305 3105 3569 3158 eamdem
3607 3107 3745 3160 sub-

2095 3193 2372 3247 stantiam
2426 3192 2616 3246 dicis?
2663 3195 2854 3246 Anam.
2921 3193 3090 3246 Sane.
3145 3191 3296 3247 Orth.
3371 3193 3579 3250 Filium
3641 3212 3744 3247 au-

2092 3286 2210 3336 tem
2244 3299 2384 3336 num
2419 3298 2588 3336 vocas
2623 3282 2851 3335 Patrem
2879 3282 3113 3336 ?Anam.
3148 3281 3552 3352 Nequaquam.
3592 3283 3742 3338 Orth.

334 3366 398 3420 τὸ
451 3363 507 3421 δὲ
549 3369 734 3444 Πατήρ
788 3369 849 3423 οὐ
898 3370 1100 3424 κοινόν·
1137 3371 1235 3425 οὐκ
1266 3370 1367 3446 ἄρα
1402 3379 1503 3440 τῆς
1536 3373 1718 3434 οὐσίας
1751 3370 1887 3427 ἴδιον
1920 3374 1980 3428 τὸ

2108 3371 2263 3426 Pater
2291 3387 2428 3442 ergo
2463 3389 2574 3424 non
2607 3378 2694 3425 est
2720 3370 3022 3440 proprium
3067 3371 3349 3440 quiddam
3381 3372 3744 3438 substantiae,

335 3455 542 3526 Πατήρ,
574 3453 720 3511 ἀλλὰ
745 3461 846 3525 τῆς
880 3457 1245 3519 ὑποστάσεως.
1271 3457 1330 3511 Εἰ
1363 3454 1420 3511 δὲ
1452 3457 1594 3514 αλλο
1625 3463 1720 3527 τῆς
1756 3459 1982 3514 ὑποστά-

331 3563 464 3605 σεως
512 3545 575 3598 τὸ
637 3542 796 3617 ἴδιον,
829 3548 918 3600 καὶ
973 3544 1120 3600 ἄλλα
1171 3554 1272 3615 τῆς
1333 3547 1516 3609 οὐσίας
1576 3545 1868 3620 ἰδιώματα,
1921 3550 1982 3604 οὐ

326 3632 518 3686 ταυτόν
551 3633 662 3687 ἐστι
695 3636 1098 3707 σημαινόμενον
1129 3635 1284 3690 οὐσία
1314 3637 1404 3690 καὶ
1449 3637 1760 3700 ὑπόστασις.
1793 3638 1981 3710 Ἀνὸμ.

327 3720 436 3776 Οὐκ
467 3721 608 3777 ἔστιν
647 3720 783 3777 ἴδιον
816 3729 911 3778 τοῦ
956 3725 1165 3798 [ἰατρὸς
1210 3723 1272 3778 τι)
1323 3725 1612 3800 ἀγέννητον
1643 3748 1654 3793 ς
1689 3729 1836 3801 Ὀρθ·
1870 3728 1985 3785 Οὐκ

325 3808 488 3868 ἔστιν.
511 3811 901 3884 Ἀνόμ.”Εστιν
937 3815 1029 3868 οῦν
1060 3819 1166 3868 τῶν
1202 3811 1370 3869 ὄντων
1403 3815 1542 3870 ἄλλο
1572 3837 1623 3870 τι
1656 3817 1978 3890 ἀγέννητοη

327 3901 474 3975 Ὀρθ.
538 3902 658 3955 Ναί.
713 3902 907 3975 Ἀνόμ.
941 3903 1038 3972 Ti;
1098 3905 1241 3977 Ὀρθ.
1285 3904 1546 3973 Γεννητόν
1603 3904 1714 3959 ἐστι
1765 3906 1827 3959 τὸ
1878 3927 1979 3960 πα-

327 3991 454 4064 τέρα
485 3987 634 4066 ἕχον,
667 3991 756 4044 καὶ
789 3987 1074 4067 ἀγέννητον
1104 3992 1165 4046 τὸ
1209 3993 1284 4064 μὴ
1335 3992 1538 4066 πατέρα
1587 3989 1713 4068 ἔχον
1742 4015 1755 4060 ς
1791 3989 1977 4065 Ἀνόμ.

331 4080 449 4134 Nai.
487 4080 638 4151 Ὀρθ.
674 4080 744 4132 Τὸ
780 4083 996 4151 Πνεῦμα
1022 4080 1084 4134 τὸ
1113 4082 1266 4154 ἅγιον
1317 4079 1527 4155 Πατέρα
1579 4077 1694 4155 ἔχει
1724 4102 1736 4149 ;
1788 4081 1978 4152 Ἀνόμ.

331 4165 422 4223 Οὔ.
457 4170 604 4242 Ὀρθ.
641 4168 848 4226 Οὐκοῦν
893 4169 982 4223 καὶ
1031 4169 1161 4224 αὐτὸ
1195 4171 1488 4243 ἀγέννητον
1556 4170 1655 4224 οὐκ
1686 4169 1786 4242 ἄρα
1842 4167 1978 4225 ἴδιον

331 4261 428 4310 τοῦ
474 4259 684 4328 Πατρὸς
734 4261 796 4313 τὸ
845 4258 1142 4332 ἀγέννητον
1193 4263 1328 4332 (70).
1363 4259 1551 4331 Ἀνόμ.
1589 4258 1742 4316 Ἀλλ’
1792 4261 1819 4312 ὁ
1871 4265 1978 4314 Πα-

331 4347 436 4420 τήρ
483 4347 571 4401 καὶ
621 4346 914 4420 ἀγὲννητός
964 4349 1074 4402 ἐστι
1125 4349 1213 4402 καὶ
1245 4348 1526 4424 ἀγένητος.
1562 4349 1704 4423 Ὀρθ-
1749 4346 1890 4405 Οὐδὲ
1918 4350 1979 4403 τὸ

333 4436 586 4510 ἀγένητον
621 4433 758 4491 ἴδιόν
791 4436 900 4490 ἐστι
939 4441 1036 4491 τοῦ
1069 4443 1298 4511 Πατρός,
1333 4435 1479 4491 ἀλλά
1508 4439 1686 4491 κοινὸν
1730 4438 1838 4492 ἐστι
1870 4445 1982 4493 lla-

329 4526 479 4598 τρὸς,
509 4525 598 4579 καὶ
651 4526 797 4593 ι’ἱοῦ,
831 4526 919 4578 καὶ
979 4526 1135 4599 ἁγίου
1195 4527 1511 4598 Πνεῦματος
1565 4527 1758 4600 Ἀνόμ.
1820 4526 1980 4596 [Ιῶς;

333 4615 481 4687 Ὀρθ.
507 4614 802 4688 Ἀγένητόν
837 4614 948 4668 ἐστι
979 4615 1042 4668 τὸ
1073 4617 1449 4690 γενεσιουργὸν
1489 4618 1562 4689 μή
1597 4615 1798 4692 ξχον·ἣ
1831 4622 1981 4685 πῶς;

2095 3460 2196 3514 sed
2249 3460 2648 3530 hypostaseos.
2714 3460 2904 3514 Anam.
2973 3460 3330 3524 Quomodo?
3386 3461 3537 3516 Orlh.
3590 3463 3744 3524 Quo-

2097 3549 2252 3603 niam
2289 3567 2415 3620 quae
2446 3549 2678 3620 propria
2711 3555 2851 3603 sunt
2889 3549 3257 3614 substantiae,
3305 3549 3579 3604 similiter
3610 3556 3750 3605 sunt

2094 3638 2435 3693 communia
2474 3638 2650 3701 Patri,
2713 3637 2856 3693 Filio
2893 3642 2950 3692 et
3010 3638 3250 3706 Spiritui
3305 3647 3528 3695 sancto.
3582 3641 3750 3695 Pater

2093 3736 2290 3783 autem
2323 3745 2436 3782 non
2466 3734 2556 3782 est
2585 3743 2898 3782 commune
2931 3726 3213 3798 quiddam
3245 3745 3398 3795 ;non
3451 3736 3538 3783 est
3571 3728 3752 3798 igitur

2095 3821 2263 3873 Pater
2288 3817 2427 3887 quid
2464 3817 2762 3887 proprium
2797 3817 3157 3883 substantiae,
3210 3817 3312 3872 sed
3345 3819 3747 3889 bypostnseos.

2094 3906 2256 3971 Quod
2290 3906 2336 3958 si
2372 3905 2529 3960 aliud
2566 3907 2720 3960 416
2753 3911 2842 3960 est
2896 3905 3199 3976 proprium
3251 3906 3656 3978 hypostaseos,
3693 3915 3755 3962 et

2094 3994 2220 4050 aliae
2252 3999 2392 4048 sunt
2431 3993 2818 4064 proprietates
2883 3994 3248 4061 substantiae,
3301 4013 3415 4051 nan
3467 3997 3619 4050 idem
3673 3998 3752 4051 si-

2092 4084 2376 4154 gniﬁcant
2406 4083 2737 4136 substantia
2767 4088 2825 4137 et
2858 4083 3426 4154 bypostasis.Anom.
3462 4089 3532 4137 At
3565 4103 3754 4140 nonne

2092 4189 2207 4226 non
2259 4170 2521 4242 genitum
2573 4187 2723 4236 esse,
2789 4176 2880 4224 est
2928 4171 3115 4226 Patris
3185 4172 3547 4244 proprium?
3597 4174 3748 4230 Orth.

2091 4261 2215 4315 Non
2267 4265 2375 4315 est.
2419 4261 2610 4314 Anam.
2669 4264 2842 4313 Estne
2876 4260 2935 4314 in
3004 4276 3198 4314 rerum
3259 4266 3470 4315 natura
3527 4261 3747 4332 aliquid

2089 4350 2245 4406 aliud
2295 4347 2681 4419 ingenitum?
2720 4348 2876 4402 Orth.
2926 4348 3138 4402 Etiam.
3189 4350 3379 4404 Anam.
3427 4351 3749 4414 Quidnam-

2093 4440 2244 4495 Orth.
2300 4443 2504 4492 Nonne
2555 4437 2608 4491 id
2665 4437 2929 4508 genitum
2979 4442 3089 4503 est,
3151 4437 3304 4508 quod
3360 4444 3520 4507 patre
3575 4443 3750 4500 habet

2095 4527 2423 4600 ingenitum
2474 4527 2553 4596 id,
2605 4527 2760 4595 quod
2819 4531 3040 4596 patrem
3097 4541 3210 4580 non
3266 4525 3498 4582 habet?
3552 4530 3745 4586 Anam.

2095 4619 2306 4672 Etiam.
2369 4617 2522 4671 Orth.
2583 4616 2837 4686 Spiritus
2902 4615 3151 4670 habetne
3209 4615 3496 4671 Patrem?
3554 4620 3745 4675 Anam.

332 4703 524 4776 Ἀνόμ.
577 4703 696 4759 Ναί.
731 4705 883 4777 Ὀρθ.
933 4704 1005 4758 Τὸ
1057 4701 1115 4758 δὲ
1159 4706 1533 4778 γενεσιουργὸν
1580 4703 1707 4780 ἔχον
1757 4706 1980 4781 γενητόν

335 4791 350 4808 9
533 4790 606 4808 I‘"
713 4793 750 4807 ηε
819 4793 895 4808 -..οὶ
1317 4793 1329 4808 \
1428 4788 1451 4808 ’1
1637 4790 1660 4808 )I
1776 4800 1814 4808 .-
1878 4799 1903 4808 η-

2108 4707 2244 4762 Non.
2279 4705 2441 4764 Ortlt.
2478 4705 2624 4777 Ergo
2655 4713 2712 4758 et
2758 4705 2880 4773 ipse
2922 4710 3012 4759 est
3061 4703 3358 4776 ingenitus
3391 4722 3404 4760 :
3438 4706 3634 4778 itaque
3667 4709 3751 4764 in-

332 4791 493 4849 ἐστιν.
530 4790 670 4849 Οὔτε
707 4793 764 4846 δὲ
819 4793 937 4854 Υἱὸς
992 4793 1368 4868 γενεσιουργὸν
1426 4788 1565 4867 ἔχει,
1599 4790 1724 4848 οὔτε
1772 4799 1991 4867 Πνεῦμα

2108 4796 2364 4868 genitum
2396 4809 2545 4856 esse,
2594 4811 2709 4848 non
2755 4800 2845 4847 est
2899 4793 3201 4864 proprium
3258 4794 3469 4850 Patris.
3519 4798 3748 4854 Annam.

329 4878 618 4954 (δέδεικται
675 4885 775 4956 γὰρ
834 4881 893 4936 ἐκ
939 4883 1168 4956 γαστρὸς
1221 4881 1248 4934 ὀ
1294 4881 1440 4948 Υἱὸς,
1471 4882 1560 4935 καί
1612 4881 1670 4936 ἐκ
1719 4884 1991 4955 πόματος

2108 4884 2212 4939 Sed
2249 4888 2420 4937 Pater
2449 4889 2537 4937 est
2566 4887 2622 4936 et
2655 4898 2766 4935 non
2798 4881 3032 4953 genitus
3063 4887 3118 4936 et
3176 4899 3292 4937 non
3341 4884 3548 4940 factus.
3594 4886 3748 4941 Orlh.

333 4971 396 5025 τὸ
429 4973 692 5044 Πνεῦμα).
726 4970 840 5028 Οὐκ
869 4971 970 5046 ἄρα
999 4968 1135 5024 ἴδιον
1166 4975 1264 5024 τοῦ
1299 4970 1508 5045 Πατρός
1540 4970 1602 5024 τὸ
1632 4969 1915 5044 ἀγένητον.

2108 4973 2186 5026 Ne
2219 4972 2372 5026 istud
2425 4971 2687 5041 quidem,
2736 4987 2848 5024 non
2911 4972 3129 5025 factum
3190 4987 3340 5042 esse,
3395 4973 3582 5029 Patris
3615 4992 3750 5045 pro-

338 5060 527 5132 prium
562 5067 670 5124 est,
717 5061 817 5115 sed
849 5077 1164 5116 commune
1222 5065 1308 5114 est
1369 5061 1550 5126 Patri,
1608 5061 1770 5125 Filio,
1833 5066 1890 5116 et
1949 5061 2194 5130 Spiritui
2253 5064 2474 5115 sancto.
2536 5060 2730 5113 Anam.
2791 5058 3138 5122 Quomodo?
3171 5059 3322 5116 Orlh.
3380 5063 3466 5115 An
3525 5065 3751 5117 non-fa-

333 5157 493 5204 ctum
526 5155 615 5205 est
645 5149 811 5214 illud,
871 5151 1027 5220 quod
1063 5167 1174 5204 non
1236 5149 1409 5205 habet
1467 5149 1734 5220 opiﬁcem
1768 5168 1780 5205 :
1816 5153 1918 5204 aut
1948 5150 2245 5221 quomodo
2278 5148 2611 5219 intelligis?
2642 5149 2829 5204 Anam.
2891 5149 3097 5204 Etiam.
3161 5148 3310 5206 Orth.
3348 5148 3495 5204 Illud
3553 5155 3748 5206 autem

332 5245 424 5294 est
455 5241 876 5310 factum,quod
912 5239 1084 5294 habet
1117 5240 1410 5310 opificem.
1447 5245 1518 5294 At
1576 5258 1764 5310 neque
1826 5239 2007 5294 Filius
2068 5255 2259 5309 neque
2318 5238 2572 5310 Spiritus
2631 5244 2875 5293 sanctus
2931 5237 3150 5294 habent
3214 5239 3480 5311 opiﬁcem
3539 5243 3754 5311 (osten-

332 5346 464 5384 sum
498 5329 655 5384 enim
686 5339 795 5391 est,
834 5329 1043 5383 Filium
1075 5345 1204 5384 esse
1233 5345 1301 5383 ex
1334 5335 1518 5400 utero,
1556 5335 1612 5384 et
1643 5329 1928 5401 Spiritum
1961 5333 2236 5384 sanetum
2265 5339 2334 5382 ex
2361 5328 2498 5398 ore).
2533 5333 2730 5399 Itaque
2761 5331 2974 5382 factum
3011 5345 3124 5383 non
3154 5345 3304 5395 esse,
3351 5345 3463 5384 non
3495 5336 3586 5386 est
3617 5349 3751 5402 pro-

335 5419 525 5488 prium
565 5419 774 5472 Patris.

404 5523 493 5580 M.
527 5522 719 5595 Ἀνόμ.
757 5522 817 5576 Τί
863 5519 953 5576 οῦν
1003 5519 1144 5577 ἄλλο
1205 5518 1340 5577 ἴδιόν
1395 5521 1504 5578 ἐστι
1555 5527 1653 5578 τοῦ
1695 5523 1908 5600 ΙΙατρὸς
1942 5523 1985 5576 εἰ

2173 5525 2256 5578 14.
2292 5524 2479 5579 Anam.
2516 5524 2805 5589 Quidnam
2855 5523 3036 5596 igitur
3063 5523 3224 5579 aliud
3276 5528 3366 5580 est
3414 5525 3603 5582 Patris
3652 5545 3751 5598 pro

2176 5715 2290 5790 (ΤΟ)
2324 5713 2659 5790 Palat.__fere
2690 5730 2921 5784 semper
2965 5714 3140 5790 habet
3178 5714 3501 5790 ἀγέννητον,
3533 5725 3589 5772 et
3635 5737 3750 5790 γεν-

410 5713 527 5858 (68;
554 5711 762 5783 Palat.,
791 5709 882 5766 καὶ
913 5707 1248 5839 δημιοιὲογὸν
1283 5712 1434 5770 Θεόν.

414 5783 506 5858 (69
561 5783 702 5857 Reg.
735 5788 795 5841 st
822 5783 1034 5858 Palat,
1066 5785 1114 5840 0'
1133 5803 1212 5839 τω
1238 5783 1327 5839 καὶ
1363 5784 1576 5858 Πατέρα
1604 5782 1808 5858 λέγεις.

2176 5715 2290 5784 (70)
2324 5713 2505 5769 Palat.
2543 5714 2659 5769 fere
2690 5730 2921 5784 semper
2965 5714 3140 5770 habet
3191 5714 3474 5790 ἀγέννητον

2108 5783 2290 5856 νητὸν,
2325 5785 2437 5840 nisi
2472 5785 2640 5841 aliter
2673 5791 2927 5857 notetur,
2963 5793 3019 5842 et
3053 5787 3266 5858 Regius
3299 5788 3474 5844 simili

2105 5783 2290 5856 νητόν,
2325 5785 2437 5840 nisi
2472 5785 2640 5841 aliter
2673 5783 2927 5857 notetur,
2963 5793 3019 5842 et
3053 5783 3266 5858 Regius
3299 5788 3586 5844 similiter.

414 5782 527 5858 (69)
561 5783 702 5857 Reg.
735 5782 795 5841 οι
822 5782 1034 5858 Palati,
1066 5782 1212 5840 οἱς-τὼ
1238 5783 1327 5839 καὶ
1363 5784 1576 5861 Πατέρα
1604 5782 1808 5860 λέγεις.
