4116 6380
365 393 511 454 1141

1357 398 1457 456 DE
1502 393 1805 454 SANCTA
1851 388 2272 448 ’i‘Bl.\l'l‘ATE
2325 389 2706 448 DIALHGUS
2754 390 2799 448 ι.

3617 390 3774 448 1142

356 519 594 601 εἶ¹ρηται⁶
633 550 661 577 ‹‹
697 523 884 588 Οὐδεὶς
936 524 1154 600 ἀγαθὸς,
1192 527 1231 579 εἰ
1272 527 1346 598 μὴ
1394 527 1467 587 εἷς
1502 527 1528 578 ὁ
1562 523 1714 583 Θεόςσ
1751 546 1778 571 ››
1809 518 1987 595 ἀγαθοῖ

2124 518 2233 573 hoc
2292 519 2486 589 ipsum
2521 536 2648 573 esse
2679 536 2913 591 quoque
2945 519 3129 590 ipsius
3158 521 3342 576 Patris
3373 521 3676 592 Spiritum,
3709 525 3775 577 de

357 611 512 677 ὄντος
541 619 637 669 τοῦ
684 616 913 689 Πατρὸς,
955 615 1043 669 καὶ
1072 620 1169 670 τοῦ
1214 617 1360 683 Υἰοῦ,
1394 614 1482 669 καῖ
1531 618 1626 668 τοῦ
1661 609 1811 686 ἁγίου
1843 606 2011 661 Πνεῦ-

363 725 557 778 ματος,
589 703 651 758 οὗ
687 709 900 780 μετοχῇ
933 704 1289 780 ἀγαθότητος,
1327 704 1451 759 ἀλλ’
1487 702 1668 762 οὑσίας
1696 696 2007 766 ταυτότητι.

357 793 554 866 Ἀνόμ.
591 795 810 868 Ἀγαθὸν
860 794 961 868 γὰρ
1011 793 1183 868 λὲγεις
1232 793 1319 848 καὶ
1363 795 1425 846 τὸ
1461 796 1675 862 Πνεῦμα
1719 789 1914 859 ;Ὁρο.
1948 786 2009 840 Ὀ

359 885 650 960 προφήτης
700 877 864 937 Δαϐἲδ
917 881 1084 958 λέγει’
1121 903 1141 931 ι
1174 884 1242 936 Τὸ
1296 880 1511 952 Πνεῦμα
1561 901 1652 933 σου
1697 878 1759 932 16
1811 875 2006 948 ἀγαθὸν

361 970 622 1048 ὁδηγήσει
676 993 741 1044 με
791 971 842 1026 ἐν
891 977 962 1045 γῇ
1015 973 1207 1042 εὐθείᾳ.
1259 995 1285 1025 ιι
1340 971 1530 1042 ’Λνόμ.
1585 968 1680 1022 Καὶ
1732 968 2006 1041 ἅνθρωποι

357 1061 611 1136 λέγονται
640 1060 850 1135 ἀγαθοί.
888 1062 1030 1135 Ὀρθ.
1067 1061 1188 1124 Nai,
1224 1060 1368 1115 ἀλλᾶ
1403 1063 1613 1133 μετοχῇ
1649 1055 2004 1131 ἁγαῦότητοςο

351 1151 546 1222 ’Λνόμ.
581 1151 678 1204 Καὶ
709 1152 770 1204 τὸ
822 1155 1039 1222 Πνεῦμα
1090 1151 1256 1224 λέγω.
1315 1152 1462 1224 Ὀρθ.
1499 1149 1726 1202 Δύναται
1775 1146 1866 1198 οὗν
1917 1142 2005 1197 καὶ

352 1235 652 1295 ἀποϐαλεῖν
678 1241 777 1307 τήν
810 1239 1139 1312 ἀγαθότητα,
1176 1239 1250 1301 ὡς
1284 1240 1310 1292 6
1344 1236 1569 1305 Ἰούδας,
1604 1236 1690 1290 καὶ
1724 1236 1798 1296 ὡς
1834 1235 1860 1287 6
1894 1230 2008 1286 διά-

353 1325 522 1390 ϐολος
559 1347 571 1396 ;
599 1328 790 1400 Ἀνόμ.
817 1329 937 1382 Ἐὰν
971 1327 1202 1403 θελήσῃ,
1226 1329 1332 1383 ναί.
1365 1330 1513 1403 Ὀρο.
1541 1328 1626 1394 Μή
1655 1346 1746 1398 μοι
1778 1320 1860 1392 ε”η
1883 1342 2007 1376 κατ-

352 1417 525 1472 ἐναντι
557 1417 753 1492 Κυρὲου
776 1412 1056 1488 ἀσεϐῆσαι,
1085 1417 1219 1472 ὥστε
1241 1417 1336 1471 κίὶν
1366 1417 1438 1478 εἷς
1461 1421 1583 1469 νοῦν
1613 1419 1772 1469 τοῦτο
1797 1407 2000 1468 λαϐεῖνῐ

2124 625 2237 678 quo
2275 608 2453 662 Filius
2487 607 2612 680 ipse
2645 609 2791 663 dixit
2824 625 2835 662 :
2873 633 2899 658 ‹‹
2933 610 3057 664 Non
3090 612 3247 664 enim
3292 628 3392 665 vos
3451 613 3613 678 estis,
3675 614 3776 682 qui

2122 698 2559 769 loquimini,sed
2593 701 2842 771 Spiritus
2876 704 3021 757 417
3055 703 3242 758 Patris
3263 703 3566 774 vestri,qui
3595 704 3776 775 loqui-

2120 793 2218 843 tur
2248 789 2304 843 in
2337 789 2500 844 vobis
2521 792 2560 842 ⁸.
2587 814 2610 836 ››
2633 791 2940 860 Propterea
2972 808 3201 862 quoque
3224 791 3444 847 dictum
3477 797 3596 848 est:
3619 795 3771 848 «Ne-

2122 895 2217 932 mo
2248 879 2458 943 bonus,
2493 879 2607 933 nisi
2638 896 2791 934 unus
2828 885 3010 945 Deus;
3044 881 3325 936 nimirum
3376 883 3528 952 quod
3579 883 3770 938 bonus

2120 967 2195 1022 sit
2254 968 2442 1029 Pater.
2503 968 2682 1022 Filius
2717 973 2772 1023 et
2800 969 3056 1038 Spiritus
3087 976 3348 1037 sanctus,
3384 988 3497 1025 non
3532 973 3766 1043 partici-

2119 1056 2350 1127 patione
2383 1058 2682 1123 bonitatis,
2717 1059 2817 1113 sed
2851 1059 3191 1114 substantia:
3239 1058 3548 1129 ταυτότητι,
3600 1064 3767 1132 quasi

2118 1147 2298 1211 dicas,
2361 1146 2681 1202 identitate.
2742 1151 2931 1203 Anam.
2985 1150 3134 1219 Ergo
3165 1151 3385 1204 bonum
3415 1151 3559 1205 dicis
3592 1151 3766 1206 etiam

2115 1236 2396 1307 Spiritum
2421 1238 2735 1291 sanctum?
2784 1238 2934 1293 Urth.
3001 1239 3181 1292 David
3239 1239 3523 1310 propheta
3580 1240 3766 1295 dicit:

2121 1347 2142 1373 ι
2180 1325 2432 1396 Spiritus
2487 1330 2624 1381 tuus
2685 1326 2872 1382 bonus
2929 1328 3179 1383 deducet
3223 1329 3398 1384 mein
3432 1334 3646 1384 terram
3682 1347 3766 1383 re-

2117 1418 2267 1468 ctam
2301 1416 2385 1470 9..
2424 1417 2614 1470 Anam.
2641 1416 2928 1472 Dicuntur
2956 1416 3128 1472 etiam
3149 1417 3584 1474 hominesboni.
3613 1421 3764 1475 ()rth.

357 1509 528 1577 Sane,
560 1509 658 1562 sed
697 1507 1138 1578 participatione
1171 1507 1469 1561 bonitatis.
1508 1508 1700 1560 Anam.
1733 1502 2013 1575 Spiritum
2049 1519 2278 1572 quoque
2309 1503 2582 1558 similiter
2637 1505 2854 1560 bonum
2915 1507 3063 1560 dico.
3127 1506 3274 1562 Orth.
3337 1506 3534 1562 Potest
3591 1509 3771 1578 igitur

356 1597 674 1652 bonitatem
731 1597 1003 1666 abjicere,
1038 1601 1100 1650 ut
1128 1597 1336 1666 Judas,
1372 1602 1433 1650 ut
1463 1595 1733 1650 diabolus
1762 1597 1783 1647 Ρ
1812 1594 2002 1648 Anam.
2041 1591 2211 1660 Sane,
2243 1592 2292 1647 si
2327 1595 2563 1664 quidem
2599 1593 2753 1649 velit.
2790 1596 2943 1651 Orlh.
2978 1596 3180 1650 Absit!
3217 1601 3280 1651 ut
3311 1613 3506 1652 coram
3539 1598 3654 1653 Deo
3685 1600 3769 1654 sic

350 1685 783 1757 blasphemem,
817 1689 882 1739 ut
911 1685 1021 1740 hoc
1053 1685 1196 1738 mihi
1234 1684 1318 1739 vel
1355 1686 1411 1739 in
1447 1689 1700 1740 mcntcm
1729 1681 1947 1736 veniat.

419 1775 507 1829 16.
571 1771 781 1846 ’Λνόμ.
865 1771 1048 1834 Οὕτως
1153 1771 1242 1826 οῦν
1352 1774 1542 1848 ἀγαθὸν
1652 1771 1829 1845 λὲγεις

344 1866 586 1934 Πνεῦμα,
647 1862 719 1922 ὡς
765 1861 856 1915 τὸν
919 1862 1127 1935 Πατέρα
1176 1861 1263 1915 καὶ
1322 1863 1411 1916 τὸν
1474 1861 1595 1914 Υἱόν
1632 1880 1643 1926 ;
1683 1861 1829 1934 Ὀρθ.
1895 1857 1990 1913 Καὶ

344 1952 505 2006 πάνυ·
561 1951 649 2005 καὶ
679 1951 779 2026 γὰρ
811 1949 941 2004 αὑτὸ
973 1949 1034 2004 οῦ
1067 1950 1127 2003 οὑ
1165 1954 1375 2025 μετοχῇ
1410 1950 1744 2025 ἀγαθότητος
1794 1942 1994 2022 ἀγαθόν

339 2042 506 2109 ἐστιν,
539 2039 665 2095 ἀλλ’
699 2040 1054 2115 αὐτοαγαοὸν,
1105 2039 1276 2115 ἤγουν
1329 2044 1442 2113 (73)
1494 2039 1783 2114 ἀγαθόττ,ς,
1831 2036 1991 2092 ἐστίν.

341 2128 569 2202 ’Δμέλει
621 2131 899 2192 Ματθαῖος
953 2130 1046 2202 μὲν
1095 2131 1122 2183 ὁ
1155 2128 1548 2203 εὑαγγελιστής
1600 2128 1744 2204 λέγει
1779 2127 1990 2202 εἰρηκέ-

339 2241 425 2273 ναι
457 2221 549 2274 τὸν
602 2219 817 2295 Κύριον·
853 2245 880 2271 ‹‹
914 2219 978 2273 Ei
1029 2217 1120 2273 οῦν
1174 2219 1352 2291 ὑμεῖς,
1404 2219 1635 2293 πονηροὶ
1687 2213 1860 2281 ὄντες,
1912 2214 1990 2270 οἷ’-

338 2307 464 2362 δατε
495 2305 706 2380 δόματα
735 2309 905 2384 ἀγαθὰ
953 2306 1161 2362 διδόναι
1208 2314 1325 2369 τοῖς
1373 2309 1584 2369 τέκνοις
1630 2308 1804 2378 ὑμῶν,
1838 2305 1991 2377 πόσῳ

339 2396 554 2470 μᾶλλον
587 2399 614 2451 ὁ
667 2398 851 2471 Πατήρ
897 2397 1050 2468 ὑμῶν
1085 2397 1113 2450 6
1146 2397 1395 2472 οὐράνιος
1448 2394 1607 2451 δώσει
1655 2397 1830 2469 ἀγαθὰ
1874 2399 1992 2455 τοῖς

333 2486 572 2541 αῗ’τοῦσιν
629 2486 840 2554 αὑτόνς
895 2512 918 2535 »ι
981 2489 1007 2540 6
1067 2487 1123 2542 δὲ
1187 2493 1415 2540 Λουκᾶς·
1453 2511 1480 2536 ‹‹
1517 2486 1576 2539 Εἰ
1638 2483 1728 2538 οῦν
1786 2485 1940 2556 ὑμεῖς
1975 2529 1988 2549 ,

330 2576 570 2649 πονηροὶ
629 2571 802 2641 ὄντες,
863 2573 1046 2629 οἷ’δατε
1103 2572 1313 2646 δόματα
1371 2576 1539 2650 ἀγαθὰ
1611 2571 1814 2628 διδόναι
1873 2578 1990 2634 τοῖς

333 2668 541 2727 τεκνοις
577 2666 753 2738 ὑμῶν,
786 2664 942 2736 πόσῳ
995 2662 1208 2737 μᾶλλον
1243 2665 1270 2718 6
1305 2666 1492 2739 Πατὴρ
1525 2664 1551 2716 6
1595 2662 1842 2737 οὐράνιος
1878 2659 1988 2716 δώ-

335 2777 416 2809 σει
477 2759 696 2826 Πνεῦμα
752 2756 900 2830 ἅγιον
951 2759 1067 2815 τοῖς
1119 2754 1354 2807 αἰτοῦσιν
1406 2752 1565 2807 αὐτόν
1602 2772 1614 2821 ;
1647 2775 1672 2805 η
1724 2751 1986 2822 Ἀκούεις,

336 2844 381 2898 εἰ
415 2845 526 2898 ὦτα
555 2841 727 2918 ἔχεις,
761 2841 844 2897 ὅτι
896 2844 947 2897 o't
1003 2841 1374 2919 εὑαγγελισταὶ
1411 2843 1601 2897 ταυτὸν
1635 2842 1987 2917 γινώσκοντες

338 2932 470 2987 εἶναι
517 2933 579 2987 τὸ
638 2936 857 3005 Πνεῦμα
897 2936 965 3005 τῇ
1019 2932 1312 3006 ἀγαθότητι
1351 2977 1362 2998 ,
1395 2932 1482 2986 καὶ
1532 2933 1630 2998 τὴν
1680 2931 1991 3005 ἀγαθότητα

334 3027 411 3093 τῷ
473 3020 745 3094 Πνεῦματι
805 3025 937 3094 (74)·
984 3023 1011 3075 6
1071 3023 1163 3092 μὲν
1235 3045 1259 3075 (ι
1314 3022 1378 3075 τὰ
1432 3021 1599 3096 ἀγαθᾶ
1658 3045 1681 3070 n
1740 3020 1869 3074 αὐτὸ
1925 3021 1987 3074 τὸ

341 3115 556 3182 Πνεῦμα
615 3110 782 3178 εἶπεν,
817 3111 844 3164 6
897 3107 953 3163 δὲ
1010 3111 1072 3163 16
1115 3114 1332 3182 Πνεῦμα
1377 3109 1510 3164 αὑτά
1561 3134 1580 3159 ιι
1616 3109 1682 3162 τὰ
1734 3109 1920 3184 ἀγαθά.
1959 3132 1984 3157 ›)
2021 3139 2062 3204 C

335 3199 528 3272 Ἀνόμ.
589 3199 800 3256 Οὐκοῦν
861 3199 949 3253 καὶ
1010 3197 1138 3260 Θεός
1199 3199 1306 3252 ἐστι
1366 3198 1428 3252 τὸ
1493 3197 1707 3270 Πνεῦμα
1759 3217 1770 3265 ;
1836 3199 1984 3272 Ὀρθ.

337 3289 633 3343 Ἀντίθετον
664 3290 801 3362 (75),
856 3285 938 3344 οῦ.
989 3287 1180 3360 Ἀνόμ.
1212 3287 1270 3341 Τί
1324 3287 1468 3350 θέλει
1499 3291 1632 3341 εἶναι
1667 3286 1934 3350 ἀντίθετον
1970 3305 1983 3354 ;

339 3379 487 3452 Ὀρθ.
521 3378 592 3431 Τὸ
648 3377 1098 3452 ἀντι-τεταγμένον
1154 3382 1231 3449 τῷ
1290 3377 1561 3450 θελήματι
1609 3383 1705 3431 τοῦ
1755 3376 1984 3450 Πατρός.

333 3468 404 3521 Τὸ
437 3463 494 3521 δὲ
525 3471 744 3539 Πνεῦμα
786 3466 892 3521 οὐκ
941 3466 1332 3536 ἀντιτέτακται,
1364 3465 1493 3522 ἀλλ’
1540 3466 1599 3520 ἐκ
1643 3474 1742 3535 τῆς
1795 3467 1983 3535 θεότη-

327 3555 422 3618 τός
471 3555 600 3610 ἐστι·
653 3557 742 3610 καὶ
793 3553 881 3609 διὰ
937 3559 1099 3610 τοῦτο
1160 3555 1390 3631 λέγομεν
1443 3555 1563 3626 μῖαν
1613 3555 1842 3625 θεότητα
1877 3561 1982 3609 Πα-

328 3646 475 3720 τρὸς,
535 3644 626 3700 καὶ
676 3646 824 3712 Υἱοῦ,
882 3643 972 3698 καὶ
1032 3644 1184 3720 ἁγίου
1247 3644 1578 3717 ΙΙνεὺματος.
1643 3645 1833 3717 ’Λνόμ.
1871 3643 1986 3702 Μία

331 3733 422 3788 οῦν
459 3734 770 3795 ὑπόστασις.
806 3735 956 3808 Ὀρθ.
1001 3731 1100 3790 Οῦ.
1153 3733 1344 3805 Ἀνόμ.
1379 3734 1439 3787 Εἰ
1493 3734 1587 3806 μία
1618 3733 1723 3788 ἐστῖ
1771 3733 1982 3804 Θεότης,

338 3829 435 3898 μία
483 3823 573 3879 καὶ
632 3820 770 3879 ἔστιν
827 3822 1134 3885 ὑπόστασις.
1191 3825 1343 3898 Ὀρί).
1402 3823 1461 3878 Εἰ
1510 3821 1660 3897 ᾔδεις
1717 3825 1816 3892 τήν
1875 3821 1980 3878 διυ-

333 3913 456 3986 ρεάν
510 3916 610 3966 τοῦ
657 3915 812 3980 Θεοῦ,
865 3910 1172 3986 ἐγίνωσκες,
1225 3910 1306 3965 ὅτι
1359 3911 1552 3980 θεότης
1592 3913 1654 3964 τὸ
1690 3935 1717 3960 ‹‹
1766 3910 1898 3964 εἶναι
1955 3936 1974 3963 ι

330 4001 512 4056 κοινὸν
563 4005 682 4062 ταῖς
743 3999 1059 4054 ὑποστάσεσι
1117 3998 1408 4071 σημαίνει,
1469 3998 1758 4060 ὑπόστασις
1816 3996 1873 4053 δὲ
1919 4000 1981 4054 τὸ

333 4117 358 4141 ‹‹
393 4092 548 4159 εἶναι,
587 4114 612 4140 η
645 4089 804 4144 οὐσία
855 4088 913 4144 δὲ
945 4114 972 4141 ι(
1002 4090 1101 4158 τὴν
1147 4088 1470 4158 ταυτότητα.
1510 4114 1536 4138 ››
1566 4090 1653 4150 Ὠς
1705 4088 1981 4164 ἀνθρωπό-

328 4201 450 4250 της,
497 4179 559 4234 τό
599 4200 650 4232 τι
701 4180 834 4234 εἶναι
884 4178 1086 4233 κοινόν⁶
1136 4177 1429 4239 ὑπόστασις
1476 4175 1532 4232 δὲ
1579 4179 1640 4232 16
1690 4180 1840 4233 εἶναι·
1889 4178 1978 4232 οὑ-

331 4269 418 4322 σία
448 4267 503 4323 6‘s
534 4272 568 4338 ἡ
599 4269 888 4337 ταυτότης·
943 4267 1004 4322 οὑ
1056 4268 1158 4343 γὰρ
1213 4273 1358 4321 πᾶσα
1414 4267 1704 4328 ὑπόστασις
1766 4266 1977 4337 Οεότης,

329 4355 457 4413 οὐδέ
513 4358 656 4412 πὰσα
713 4358 1001 4419 ὑπόστασις
1063 4356 1436 4431 ἀνθρωπότης.
1501 4357 1559 4410 Ei
1617 4355 1673 4411 δὲ
1731 4356 1792 4411 οὐ
1838 4363 1980 4412 πᾶσα

330 4447 620 4508 ὑπόστασις
680 4446 1076 4522 ἀνθρωπότης,
1139 4443 1263 4499 οὐδὲ
1322 4452 1463 4500 πᾶσα
1523 4446 1809 4508 ὑπόστασις
1867 4447 1978 4501 θεό-

325 4557 449 4608 της,
473 4535 572 4591 οὐκ
604 4533 703 4611 ἄρα
750 4536 942 4589 ταυτὸν
993 4533 1242 4607 σημαίνει
1295 4535 1582 4597 ὑπόστασις
1632 4536 1838 4602 Θεότητι
1890 4537 1980 4590 καὶ
2014 4513 2056 4576 D

329 4625 732 4702 ἀνθρωπότητι.
796 4623 989 4696 Ἀνόμ.
1051 4625 1109 4677 Ἣ
1171 4624 1526 4698 ἀνθρωπότης
1585 4626 1690 4701 οὐχ
1749 4625 1976 4704 ὑφέστη-

329 4735 418 4769 κεν
454 4734 466 4784 ;
500 4715 649 4788 Ὀρθ.
686 4714 806 4784 Ναὶ,
841 4711 891 4766 ἐν
925 4711 1154 4784 ἀτόμοις
1204 4714 1574 4785 θειορουμένη.
1618 4709 1802 4787 ’Ᾱνόμ.
1839 4714 1979 4772 Οὐκ-

331 4800 423 4856 οῦν
484 4801 572 4856 καὶ
637 4799 923 4862 ὑπόστασίς
980 4800 1140 4855 ἐστιν,
1204 4801 1353 4874 Ὀρθ.
1414 4801 1599 4867 Εἶπον,
1653 4802 1703 4856 ἐν
1754 4803 1982 4876 ἀτόμοις

330 4889 702 4966 Θεωρουμὲνη.
764 4888 950 4960 Ἀνόμ.
994 4886 1064 4944 Τί
1125 4887 1265 4942 ἐστιν
1325 4889 1550 4961 ἄτομον,
1583 4890 1671 4944 καὶ
1728 4892 1780 4946 τί
1839 4894 1979 4948 ἐστιν

335 4981 694 5054 ἀνθρωπότης
733 5000 745 5048 ;
781 4981 929 5053 Ὀρθ.
974 4979 1216 5052 Ἀτομόν
1279 4978 1436 5050 ἐστιν,
1498 4984 1531 5050 ἡ
1591 4988 1709 5044 καθ’
1756 4980 1979 5040 ἕκαστον

328 5075 492 5144 ἡμῶν
529 5071 838 5131 ὑπόστασις·
892 5069 1250 5141 ἀνθρωπότης
1305 5067 1361 5124 δὲ
1495 5078 1592 5140 τῆς
1645 5071 1828 5134 οὑσίας
1866 5095 1980 5128 κοι-

328 5160 515 5230 νότης.
576 5159 774 5231 Ἀνόμ.
836 5159 937 5214 Καὶ
994 5156 1076 5218 τίς
1136 5161 1169 5227 ἡ
1231 5156 1465 5237 διαφορὰ
1527 5161 1839 5228 κοινότητος
1893 5165 1982 5218 καὶ

331 5250 720 5314 ὑποστάσεως;
761 5249 924 5322 Ὀρθ.
977 5251 1100 5303 ’Ότι
1160 5250 1194 5317 ἡ
1261 5249 1352 5321 μὲν
1408 5251 1473 5318 σή
1539 5251 1826 5315 ὑπόστασις
1887 5253 1986 5309 οὐκ

333 5336 443 5395 ἔστι
475 5341 691 5393 πάντων
723 5335 1041 5410 ἀνθρώπιον·
1073 5340 1107 5406 ἡ
1143 5334 1200 5391 δὲ
1249 5339 1597 5413 ἀνθρωπότης
1643 5344 1800 5412 κοινὴ
1854 5346 1982 5397 πάν-

408 5496 430 5531 ⁸
459 5494 663 5550 Matth.
698 5510 754 5560 κ,
786 5493 878 5545 20.
952 5493 974 5527 θ
1004 5491 1159 5550 Psal.
1190 5510 1358 5565 cxw,
1396 5497 1479 5551 11.

441 5667 535 5734 73)
563 5664 779 5734 Regius
810 5663 1108 5734 etrPalat.,
1141 5662 1330 5734 ἤτουν.

441 5669 535 5734 73)
563 5669 779 5796 Ηὲβὶιιε
810 5669 868 5718 et
897 5669 1108 5731 Palat.,
1141 5669 1330 5734 ἤτουν.

421 5669 534 5814 i74)
568 5743 606 5795 P
670 5739 771 5810 at,
802 5733 892 5791 καὶ
916 5736 1014 5809 τὴν
1048 5735 1357 5812 ἀγαθότητα
1383 5740 1443 5795 τὸ
1469 5741 1713 5814 Πνεῦμα.

1941 1769 2080 1835 16B

1562 5499 1602 5532 ¹⁰
1636 5499 1835 5555 Matth.
1870 5518 1968 5568 vn,
2006 5503 2089 5556 11.

2187 1772 2273 1825 16.
2307 1773 2502 1827 Anam.
2534 1773 2625 1827 Sic
2653 1789 2788 1844 ergo
2822 1773 2966 1828 dicis
3000 1773 3284 1845 Spiritum
3335 1777 3603 1831 sanetum
3667 1777 3763 1831 bo-

2104 1876 2268 1928 num,
2330 1865 2395 1915 ut
2454 1863 2684 1917 Patrem
2743 1868 2799 1918 et
2831 1862 3094 1919 Filium?
3127 1863 3279 1918 Orlh.
3325 1866 3471 1919 Sane
3504 1866 3738 1936 quidem

2105 1966 2240 2005 nam
2260 1951 2455 2022 etipse
2484 1951 2673 2006 bonus
2706 1955 2795 2006 est
2825 1968 2940 2006 non
2974 1952 3418 2023 participatione
3450 1954 3752 2024 bonitatis,

2104 2041 2202 2095 sed
2237 2041 2392 2111 quod
2426 2041 2504 2094 sit
2532 2041 2726 2112 ipsum
2760 2040 3003 2106 bonum,
3030 2041 3150 2096 sive
3180 2041 3310 2112 ipsa
3339 2041 3590 2098 bonitas.
3612 2043 3763 2098 Dicit

2103 2130 2258 2184 enim
2293 2130 2604 2185 Matthazus
2633 2129 2991 2202 evangelista
3023 2130 3337 2185 Dominum
3373 2131 3588 2187 dixisse
3615 2149 3624 2187 :
3648 2156 3672 2181 ‹‹
3696 2133 3753 2187 Si

2101 2236 2237 2290 ergo
2268 2237 2370 2274 vos
2396 2237 2529 2275 cum
2565 2219 2693 2274 sitis
2729 2220 2886 2289 mali,
2924 2221 3112 2275 nostis
3143 2221 3296 2275 bona
3325 2221 3463 2275 data
3493 2223 3630 2276 dare
3692 2225 3757 2277 ti-

2100 2309 2197 2364 liis
2248 2310 2704 2380 vestris,quanto
2739 2309 2925 2379 magis
2959 2309 3125 2364 Pater
3154 2309 3472 2380 vester,qui
3503 2310 3560 2364 in
3596 2312 3758 2366 cmlis

2103 2403 2211 2464 est,
2257 2399 2422 2453 dabit
2452 2399 2601 2453 bona
2635 2399 2968 2468 petentibus
2997 2415 3058 2453 se
3092 2398 3180 2454 10?
3213 2421 3240 2447 ››
3273 2400 3340 2453 Et
3372 2400 3553 2454 Lucas
3588 2419 3599 2456 :
3639 2424 3663 2449 ‹‹
3698 2402 3762 2456 Si

2102 2504 2239 2559 ergo
2269 2504 2371 2542 vos
2403 2504 2535 2542 cum
2568 2487 2698 2542 sitis
2731 2487 3086 2550 mali.nostis
3117 2489 3270 2543 bona
3300 2488 3438 2544 data
3461 2489 3600 2544 dare
3627 2489 3765 2544 ﬁliis

2099 2578 2334 2638 vestris.
2371 2581 2590 2648 quanto
2624 2577 2813 2648 magis
2845 2581 3020 2631 Pater
3051 2581 3238 2631 vester
3291 2576 3544 2632 ccelestis
3603 2579 3765 2633 dabit

2101 2666 2384 2737 Spiritum
2421 2670 2692 2721 sanctum
2731 2666 3060 2737 petentibus
3093 2683 3154 2721 se
3188 2665 3564 2732 “?»Audis,si
3591 2685 3763 2724 aures

2100 2755 2702 2826 habes,evangelistas
2734 2757 2912 2827 probe
2939 2755 3107 2821 scire,
3127 2755 3281 2810 idem
3316 2772 3445 2811 esse
3475 2757 3757 2828 Spiritum

2100 2849 2369 2900 sanctum
2404 2850 2579 2916 atque
2609 2845 2950 2914 bonitatem,
2983 2850 3039 2898 et
3069 2845 3390 2900 bonitatem
3423 2850 3598 2916 atque
3629 2849 3756 2919 Spi-

2102 2935 2279 2988 ritum
2312 2939 2584 2988 sanctum
2621 2951 2634 2989 :
2669 2939 2725 2988 et
2753 2933 2919 2987 illum
2955 2934 3749 3006 quidem«bona»Spiritum

2100 3028 2365 3079 sanctum
2420 3023 2630 3088 dicere,
2691 3023 2870 3077 alium
2933 3040 3064 3078 vero
3120 3024 3398 3093 Spiritum
3460 3030 3750 3091 sanctum,

2102 3133 2133 3165 ι
2193 3115 2363 3167 bona.
2424 3136 2450 3160 ››
2514 3115 2704 3166 Anam.
2741 3112 2941 3166 Nonne
2973 3116 3060 3166 est
3084 3111 3265 3183 igitur
3293 3111 3468 3167 etiam
3501 3115 3753 3184 Spiritus

2101 3207 2341 3257 sanctus
2374 3201 2575 3256 Deus?
2607 3201 2757 3255 Orth.
2793 3201 2914 3255 Non
2967 3217 3105 3255 sane
3161 3201 3484 3271 oppositus.
3550 3211 3748 3258 Ληουῖ.

2098 3291 2246 3356 Quid
2282 3290 2393 3345 sibi
2427 3290 2548 3344 vult
2582 3289 2760 3357 istud,
2797 3289 3133 3360 oppositus?
3152 3289 3301 3344 01th.
3330 3290 3436 3355 Qui
3470 3291 3750 3346 voluntati

2098 3381 2288 3434 Patris
2319 3381 2395 3435 sit
2425 3379 2816 3434 adversarius.
2851 3381 2921 3432 At
2950 3378 3198 3449 Spiritus
3229 3395 3345 3433 non
3406 3386 3492 3434 est
3551 3382 3752 3436 adver-

2097 3471 2310 3539 sarius,
2370 3470 2467 3524 sed
2530 3473 2620 3524 est
2676 3486 2743 3523 ex
2799 3467 3033 3532 deitate,
3074 3473 3132 3522 et
3165 3472 3464 3540 propterea
3499 3470 3750 3528 dicimus

2095 3577 2276 3616 unam
2307 3576 2436 3616 esse
2467 3559 2742 3614 deitatem
2795 3557 3000 3622 Patris,
3060 3562 3116 3612 et
3175 3558 3323 3621 Filii,
3384 3563 3439 3613 et
3497 3560 3749 3630 Spiritus

2095 3650 2305 3706 sancti.
2367 3651 2556 3704 Anam.
2610 3649 2756 3716 Ergo
2788 3665 2904 3702 una
2934 3651 3019 3703 est
3052 3646 3406 3718 hypostasis.
3435 3650 3598 3704 Orlh.
3639 3650 3747 3706 Ne-

2093 3756 2411 3812 quaquam.
2441 3740 2631 3793 Anam.
2663 3738 2716 3791 Si
2753 3753 2867 3792 una
2896 3741 2986 3792 est
3016 3737 3221 3803 deitas,
3257 3754 3374 3792 una
3401 3739 3578 3793 etiam
3641 3740 3743 3812 hy-

2092 3830 2368 3902 postasis.
2405 3829 2553 3884 Orth.
2587 3828 2643 3882 Si
2677 3842 2880 3882 nosses
2910 3826 3129 3881 donum
3165 3825 3283 3893 Dei,
3318 3843 3522 3883 nosses
3563 3829 3745 3884 deita-

2090 3925 2208 3976 tem
2232 3919 2565 3990 significare
2587 3916 2881 3988 quoddam
2903 3939 2929 3965 «
2950 3931 3079 3970 esse
3095 3938 3120 3964 ››
3135 3932 3445 3972 commune
3471 3918 3743 3990 hyposta-

2091 4011 2278 4075 sibus,
2299 4006 2635 4080 hypostasin
2669 4010 2864 4060 autem
2897 4028 2925 4054 «
2955 4021 3105 4071 esse,
3130 4028 3157 4054 ››
3187 4006 3580 4062 substantiam
3612 4025 3746 4064 vero

2091 4098 2423 4170 signiﬁcare
2451 4093 2774 4162 ταυτότητα,
2809 4095 2864 4148 id
2899 4098 2988 4150 est
3047 4115 3074 4143 «
3133 4095 3520 4150 identitatem.
3585 4119 3610 4144 »
3674 4098 3745 4153 Ut

2089 4186 2430 4242 humanitas
2484 4189 2573 4239 est
2630 4183 2929 4254 quoddam
2987 4197 3116 4238 esse
3173 4199 3506 4247 commune,
3562 4185 3744 4256 hypo-

2090 4277 2266 4333 stasis
2317 4281 2512 4329 autem
2545 4288 2693 4337 esse,
2729 4271 3061 4327 substantia
3092 4288 3224 4326 vero
3257 4272 3592 4328 indentitas.
3631 4275 3744 4330 Nec

2089 4368 2244 4422 enim
2269 4364 2462 4420 omnis
2485 4359 2819 4434 bypostasis
2840 4360 3550 4431 estdeitas,nequeomnis
3570 4363 3745 4433 hypo-

2089 4456 2266 4510 stasis
2295 4459 2386 4509 est
2415 4449 2944 4515 humanitas.Quod
2971 4451 3018 4504 si
3041 4466 3153 4504 non
3189 4450 3382 4505 omnis
3413 4449 3746 4521 bypostasis

2088 4550 2178 4600 est
2209 4544 2528 4608 deitas,nee
2558 4540 2749 4595 omnis
2781 4538 3112 4610 hypostasis
3141 4542 3230 4593 est
3260 4537 3741 4605 humanitas,non

2089 4634 2244 4690 idem
2277 4632 2570 4704 significat
2599 4627 2931 4700 hyposlasis
2961 4627 3115 4699 quod
3141 4627 3326 4683 deitas
3359 4627 3443 4682 vel
3470 4627 3743 4683 humani-

2089 4728 2196 4780 tas.
2235 4724 2422 4778 Anam.
2457 4718 2802 4775 Humanitas
2835 4733 3027 4772 nonne
3057 4715 3524 4772 subsistit?0rlh.
3561 4717 3741 4773 Maxi-

2093 4812 2274 4879 me,si
2311 4811 2550 4883 quidem
2586 4809 2640 4862 in
2667 4805 2986 4862 individuis
3019 4809 3333 4876 spectetur.
3367 4806 3560 4861 Anam.
3594 4807 3742 4878 Ergo

2092 4906 2182 4959 est
2229 4916 2458 4972 quoque
2487 4895 2837 4970 hypostasis.
2865 4895 3031 4951 Orth.
3073 4893 3198 4949 Dixi
3230 4895 3574 4964 subsistere,
3607 4897 3656 4951 si
3682 4896 3742 4951 in

2093 4990 2414 5046 individuis
2449 4991 2764 5059 spectetur.
2799 4985 2988 5040 Anam.
3024 4983 3171 5049 Quid
3205 4987 3295 5039 est
3350 4983 3742 5053 individuum,

2094 5083 2150 5135 et
2207 5078 2346 5150 quid
2392 5081 2482 5132 est
2514 5075 2854 5130 humanitas
2875 5072 2902 5126 ‘I
2933 5072 3090 5127 Orth.
3127 5071 3496 5126 Individuum
3528 5077 3616 5128 est
3646 5090 3749 5128 no-

2095 5173 2283 5223 strum
2317 5163 2683 5237 singulorum
2719 5161 3057 5234 hyposlasis
3091 5179 3103 5216 :
3138 5159 3474 5215 humanitas
3501 5176 3636 5216 vero
3667 5168 3757 5217 est

2099 5258 2226 5330 ipsa
2262 5255 2606 5312 substantiae
2639 5251 3056 5307 communitas.
3083 5251 3272 5305 Anam.
3305 5249 3759 5305 Communitatis

2096 5353 2294 5403 autem
2355 5350 2412 5399 et
2469 5344 2853 5415 hypostaseos
2921 5356 3188 5410 quamam
3242 5345 3332 5396 est
3389 5339 3761 5395 differentia?

2171 5503 2208 5535 “
2249 5502 2386 5555 Luc.
2415 5517 2490 5568 ιι,
2529 5501 2610 5551 13.

2185 5673 2297 5745 (75)
2331 5672 2499 5738 Mss.,
2533 5668 2792 5737 ἀντίθεον,
2821 5669 2916 5726 hic
2942 5674 2998 5725 et
3030 5685 3183 5725 mox.
