4116 6366
332 391 487 452 1143

1500 386 1561 448 S.
1613 387 2134 451 ATHANASIUS.
2163 422 2240 433 —-
2269 391 2579 453 SPUIllA.

3610 388 3765 451 1144

337 522 487 581 Orth.
523 524 597 579 Eo
628 522 908 578 differunt
962 523 1111 593 quod
1163 521 1522 595 hypositasis
1580 525 1680 578 tua
1738 539 1854 577 non
1907 524 1996 576 est

2119 540 2213 574 raw
2245 518 2570 598 ἀνθρώπων.
2621 523 2811 598 Ἀνόμ.
2861 526 2924 581 Ἦ
2970 524 3078 599 ἐμὴ
3127 523 3427 585 ὑπόστασις
3475 521 3576 577 οὐκ
3622 518 3763 582 ἔστιν

337 613 604 670 omnium
631 611 941 668 hominum
965 612 1095 669 :sed
1129 611 1470 667 humanitas
1494 615 1584 667 est
1613 610 1878 667 omnium
1898 610 1996 666 ho-

342 702 570 758 minum
602 701 956 757 communis.
987 700 1181 757 Anam.
1211 701 1298 756 An
1334 717 1463 756 mea
1492 698 1831 773 hypostasis
1882 714 1997 754 non

338 794 431 848 est
479 789 639 845 aliud
700 807 878 862 quam
935 789 1324 845 humanitas?
1385 789 1543 846 Orth.
1612 788 1998 860 Nequaquam

2107 606 2250 665 ἄλλο
2298 610 2334 678 ἢ
2384 611 2741 687 ἀνθρωπότης
2776 633 2789 683 ;
2823 614 2979 689 Ὀρθ.
3035 612 3137 673 Oti.
3189 612 3402 687 Ἀνόμ.
3453 614 3575 672 Πῶς
3619 611 3763 681 οὗν;

2109 698 2255 774 Ὀρθ.
2287 700 2406 754 Ὅτι
2452 703 2487 769 ἡ
2546 701 2639 772 μὲν
2691 700 3048 778 ἀνθρωπὸτης
3094 704 3253 772 κοινή
3304 704 3520 759 πάντων
3563 699 3766 777 ἀνθρώ-

2108 805 2249 850 πων,
2282 788 2316 855 ἡ
2352 784 2409 842 δὲ
2441 787 2731 850 ὑπόστασις
2758 791 2792 858 ἡ
2824 787 3033 860 ἰδιότης
3064 789 3313 848 ἑκάστου.

339 880 534 936 Anam.
573 880 918 947 Quomodo?
946 879 1106 939 Orth.
1146 878 1432 945 Quoniam
1459 878 1804 935 humanitas
1834 877 2072 949 quidem
2102 882 2192 934 est
2219 878 2484 934 omnium
2520 879 2825 936 hominum
2857 881 3211 949 communis,
3242 882 3574 955 hypostasis
3628 898 3764 938 vero

340 972 431 1026 est
464 968 936 1041 uniuscujusque
966 968 1313 1042 proprietas.

416 1059 505 1114 17.
534 1059 731 1114 Anam.
764 1059 1110 1132 Hypostasis
1144 1056 1332 1113 Patris
1367 1072 1562 1113 nonne
1620 1059 1711 1112 est
1766 1054 2001 1112 deitas?

346 1146 498 1205 Orth.
536 1147 808 1204 Maxime.
842 1149 953 1204 Sed
987 1147 1174 1202 deitas
1205 1145 1501 1219 signiﬁcat
1530 1146 1814 1218 quiddam
1848 1160 2001 1211 esse,

344 1237 681 1311 hypostasis
706 1253 838 1293 vero
869 1253 1018 1293 esse.
1051 1237 1243 1292 Anam.
1284 1238 1422 1292 [tem
1453 1234 1789 1308 hypastasis
1849 1233 1999 1305 Filii,

347 1342 543 1383 annon
604 1331 693 1383 est
736 1325 969 1382 deitas?
1026 1326 1176 1381 Orth.
1236 1326 1443 1380 Etiam.
1475 1326 1666 1380 Anam.
1703 1330 1833 1379 Duae
1866 1326 2006 1379 sunt

346 1416 533 1488 igitur
586 1414 853 1471 deitates.
913 1415 1081 1471 0rlh.
1132 1414 1557 1485 Nequaquam.
1616 1415 1815 1470 Anam.
1881 1413 2004 1477 Quo

353 1503 572 1561 modo?
594 1504 746 1562 Orth.
779 1504 1065 1569 Quoniam
1099 1520 1214 1558 non
1239 1507 1329 1559 est
1353 1503 1468 1559 alia
1510 1510 1568 1558 et
1624 1503 1738 1559 alia
1795 1503 2002 1558 deitas.

352 1595 545 1650 Anam.
602 1592 779 1665 Atqui
826 1592 941 1648 alia
978 1596 1036 1648 et
1063 1591 1178 1649 alia
1206 1596 1291 1648 est
1315 1591 1667 1665 hypostasis.
1699 1593 1857 1652 Orth.
1892 1592 2003 1647 Sed

353 1682 472 1739 dixi
504 1681 736 1738 deitatis
764 1685 821 1736 et
850 1681 1232 1755 bypostaseos
1282 1680 1624 1737 nominibus
1678 1681 1832 1736 idem
1890 1699 2003 1737 non

353 1770 695 1844 signiﬁcari.
755 1770 903 1827 Nam
956 1770 1291 1844 hypostasis
1350 1768 1607 1825 declarat
1635 1786 1785 1837 esse,
1818 1771 2005 1826 deitas

351 1875 488 1916 vero
519 1858 802 1932 quiddam
829 1874 979 1915 esse.
1019 1858 1185 1915 Sicut
1214 1859 1367 1915 enim
1403 1877 1517 1915 non
1551 1863 1690 1915 sunt
1718 1860 1844 1915 duae
1894 1860 2002 1915 hu-

353 1948 667 2005 manitates
701 1949 849 2004 Petri
880 1952 937 2003 et
968 1947 1245 2016 Pauli,ita
1277 1965 1380 2003 nec
1414 1948 1603 2005 Patris
1635 1954 1693 2004 et
1720 1948 1847 2004 Filii
1877 1949 2004 2005 duae

351 2042 493 2096 sunt
521 2037 791 2095 deitates.
823 2037 1019 2095 Anam.
1052 2037 1225 2110 Atqui
1261 2054 1454 2094 nonne
1485 2038 1638 2094 418
1673 2038 2004 2111 bypostasis

349 2128 540 2186 Patris
568 2132 659 2184 est
686 2127 862 2183 etiam
886 2126 1073 2183 deitas
1099 2129 1121 2183 Ρ
1169 2126 1321 2183 ΟνιΙι.
1375 2127 1719 2200 Hypostasis
1766 2128 2006 2199 quidem

349 2216 541 2275 Patris
599 2220 690 2273 est
743 2214 922 2272 etiam
979 2215 1187 2284 deitas,
1220 2224 1272 2272 et
1305 2215 1431 2272 Filii
1466 2217 1797 2289 bypostasis
1828 2217 2004 2272 etiam

351 2307 537 2365 deitas
570 2322 584 2361 :
618 2309 675 2362 at
708 2323 823 2361 non
852 2306 1251 2378 consequitur,
1285 2304 1421 2376 quia
1452 2306 1580 2361 duae
1621 2310 1764 2361 sunt
1821 2305 2008 2377 hypo-

351 2405 563 2468 stases,
623 2399 774 2454 duas
832 2414 960 2454 esse
1017 2397 1284 2454 deitates.
1332 2399 1522 2454 Anam.
1557 2398 1860 2463 Quomodo
1892 2415 2007 2454 non

352 2488 779 2561 consequitur?
809 2487 962 2544 ()rth.
996 2486 1280 2552 Quoniam
1312 2486 1727 2543 immortalitas
1775 2502 2009 2559 quoque

352 2583 443 2635 est
499 2576 830 2651 hyposiasis
888 2575 1094 2644 Patris,
1144 2580 1203 2631 et
1230 2576 1646 2633 immortalitas
1678 2576 2008 2648 hypostasis

352 2668 506 2735 Filii,
540 2683 645 2724 nec
677 2670 876 2723 tamen
908 2670 1048 2724 sunt
1076 2666 1206 2721 dum
1265 2665 1754 2722 iinmortalitates.
1815 2666 2006 2721 Anam.

349 2761 479 2814 Non
534 2760 675 2813 sunt
718 2756 847 2812 duas
876 2753 1351 2812 immortalitates
1374 2754 1402 2810 ?
1430 2756 1589 2812 Orth.
1623 2755 1773 2810 Non.
1817 2756 2006 2811 Anam.

348 2846 695 2912 Quomodo?
722 2845 880 2906 Orth.
912 2844 1200 2910 Quoniam
1231 2860 1345 2901 non
1374 2849 1466 2901 est
1496 2843 1724 2900 diversa
1774 2844 2009 2900 immor-

346 2935 549 2993 talitas
604 2951 617 2992 :
681 2933 1095 2990 immortalitas
1126 2936 1282 2989 enim
1317 2932 1387 2988 ab
1418 2933 1861 2989 immortalitate
1891 2951 2006 2990 non

347 3024 565 3093 differt,
586 3041 702 3096 qua
724 3022 1138 3080 immortalitas
1169 3027 1278 3078 est.
1308 3024 1495 3078 .lnam.
1521 3021 1579 3076 Si
1609 3023 1847 3094 quidem
1884 3040 2010 3079 vere

348 3119 438 3171 est
465 3112 586 3170 alia
611 3118 668 3167 et
695 3113 812 3169 alia
840 3111 1176 3183 hypostasis
1206 3111 1394 3167 Patris
1424 3116 1481 3166 et
1510 3110 1658 3180 Filii,
1715 3113 2009 3182 quomodo

350 3219 465 3259 non
500 3207 590 3258 est
617 3201 732 3257 alia
763 3205 821 3257 et
850 3200 965 3256 alia
994 3199 1409 3256 immortalitas
1429 3200 1457 3255 ?
1488 3201 1778 3256 0r!h.Alia
1809 3206 1866 3256 et
1896 3200 2011 3257 alia

2183 1056 2270 1113 17.
2333 1054 2548 1128 ⁹.⁵.νόμ.
2609 1057 2669 1112 Ἡ
2733 1058 3021 1121 ὑποστασις
3076 1079 3172 1113 του
3231 1063 3440 1131 Πατρος
3498 1059 3599 1115 οὐκ
3652 1057 3764 1114 ἔστι

2114 1141 2304 1213 θεότης
2338 1163 2353 1213 ;
2389 1145 2532 1220 Ὀρθ.
2568 1147 2688 1201 Ναί.
2724 1146 2882 1203 Ἀλλ’
2913 1150 2947 1216 ἡ
2981 1147 3171 1219 θεότης
3200 1149 3263 1202 τό
3306 1169 3359 1203 τι
3390 1149 3521 1204 εἶναι
3563 1147 3766 1223 σημαί-

2111 1251 2213 1301 νει,
2241 1235 2276 1302 ἡ
2312 1230 2371 1288 δὲ
2397 1232 2686 1297 ὑπόστασις
2718 1236 2782 1290 τὸ
2835 1235 2991 1292 εἶναι.
3046 1235 3239 1310 Ἀνόμ.
3295 1238 3398 1294 Καὶ
3445 1239 3481 1306 ἡ
3534 1237 3767 1293 ὑπόστα-

2115 1342 2195 1383 σις
2250 1326 2347 1376 τοῦ
2411 1324 2534 1377 Γἱοῦ
2593 1324 2691 1379 οὐκ
2750 1321 2861 1379 ἔστι
2914 1325 3144 1396 θεέτης;
3196 1327 3344 1401 Ὀρθ.
3393 1326 3515 1383 Ναί.
3578 1326 3767 1400 Ἀνὸμ.

2116 1409 2219 1465 Δύο
2252 1409 2342 1466 οὖν
2376 1411 2647 1482 θεότητες.
2698 1414 2845 1487 Ὀρθ.
2897 1414 2999 1471 Oti.
3049 1416 3247 1487 Ἀνόμ.
3284 1419 3404 1477 Πῶς
3443 1413 3533 1470 οὖν
3569 1434 3583 1484 ;
3620 1417 3766 1492 Ὀρθ.

2115 1500 2193 1558 Οὐ
2222 1502 2323 1577 γὰρ
2354 1498 2500 1572 ἄλλη
2533 1501 2622 1556 καὶ
2670 1500 2817 1573 ἄλλη
2865 1501 3058 1573 θεότης
3106 1502 3283 1559 ἐστίν.
3334 1504 3529 1578 Ἀνὸμ.
3579 1502 3765 1574 Ἀλλη

2114 1589 2207 1644 καὶ
2257 1588 2414 1660 ἄλλη
2459 1591 2748 1653 ὑπόστασις
2801 1590 2964 1649 ἐστιν.
2998 1593 3145 1666 Ὀρθ.
3177 1590 3335 1648 Ἀλλ’
3364 1592 3495 1669 οὐχὶ
3538 1595 3604 1649 τὸ
3639 1593 3772 1649 αὐτὸ

2116 1678 2396 1751 σημαίνειν
2443 1680 2592 1734 εἶπον
2644 1679 2875 1751 Θεότητα
2922 1681 3013 1735 καὶ
3067 1676 3379 1736 ὑπόστασιν·
3411 1685 3447 1751 ἡ
3499 1683 3601 1759 γὰρ
3642 1681 3774 1738 ὑπό-

2116 1787 2299 1829 στασις
2328 1768 2391 1823 τὸ
2419 1767 2575 1837 εἶναι,
2608 1770 2643 1837 ἡ
2676 1765 2735 1823 δὲ
2781 1770 2972 1839 θεότης
3017 1771 3079 1825 τό
3125 1790 3181 1825 τι
3229 1771 3386 1825 εἶναι·
3430 1770 3505 1833 ὡς
3536 1772 3639 1845 γὰρ
3670 1769 3772 1826 οὐκ

2116 1855 2217 1910 εἶσὶ
2249 1853 2346 1911 δύο
2376 1856 2794 1934 ἀνθρωπότητες
2841 1858 3048 1934 Πέτρου
3094 1860 3186 1914 καὶ
3240 1859 3482 1932 Παύλου,
3516 1857 3643 1914 οὐδὲ
3671 1856 3767 1915 δύο

2039 1917 2086 1983 Β
2115 1944 2370 2015 θεότητες
2426 1917 2634 2022 Πατρὸς
2689 1917 2791 2001 παὶ⁷
2837 1917 2985 2005 Υἳού.
3044 1947 3235 2022 Ἀνόμ.
3295 1917 3505 2005 Οὐκοέν
3557 1947 3687 2024 οὐχὶ
3730 1951 3767 2019 ἠ

2119 2034 2409 2097 ὑπόστασις
2452 2039 2551 2090 τοῦ
2581 2036 2792 2113 Πατρός
2825 2055 2838 2106 ;
2875 2037 3027 2113 Ὀρθ.
3073 2038 3135 2093 Ἡ
3188 2037 3283 2111 μὲν
3334 2037 3625 2100 ὑπόστασις
3670 2042 3770 2093 τοῦ

2117 2124 2327 2200 Πατρὸς
2384 2124 2475 2180 καὶ
2534 2125 2748 2197 θεότης,
2809 2126 2899 2181 καὶ
2947 2128 2981 2195 ἡ
3045 2125 3334 2189 ὑπόστασις
3376 2131 3474 2182 τοῦ
3521 2128 3651 2184 Υἱοῦ
3680 2126 3771 2183 καὶ

2116 2213 2328 2284 θετης.
2363 2214 2494 2289 οὐχὶ
2540 2211 2618 2286 δὲ,
2667 2212 2857 2284 ἐπειδὴ
2899 2213 2995 2270 δύο
3049 2217 3367 2279 ὑποστάσεις
3397 2215 3649 2286 εἷσὶ,“δύο
3679 2218 3773 2273 καὶ

2118 2301 2330 2373 θειότης.
2383 2302 2577 2377 Ἀνόμ·
2632 2308 2756 2367 Πῶς
2791 2303 2965 2381 οὐχί;
3019 2306 3162 2382 Ὀρθ,
3211 2308 3333 2364 ’Ὁτι
3406 2309 3498 2361 καὶ
3573 2306 3771 2362 ἀθανα-

2119 2391 2206 2446 σία
2259 2391 2555 2455 ὑπόστασις
2606 2398 2704 2448 τοῦ
2765 2395 3001 2470 Πατρὸς,
3032 2395 3123 2449 καὶ
3180 2394 3436 2459 ἀθανασία
3484 2395 3775 2460 ὑπόστασις

2115 2486 2215 2537 τοῦ
2244 2481 2394 2555 Υἷοῦ,
2425 2481 2514 2537 καὶ
2547 2481 2609 2537 οὐ
2653 2480 2753 2537 δύο
2806 2482 3107 2547 ἀθανασίαι.
3146 2486 3340 2558 Ἀνόμ.
3375 2485 3474 2539 Καὶ
3524 2484 3624 2540 οὐκ
3671 2485 3776 2541 εἷ’σὶ

2119 2568 2216 2625 δύο
2274 2570 2554 2626 ἀθανασίαι
2590 2590 2604 2640 ;
2637 2572 2788 2648 Ὀρθ.
2849 2569 2944 2629 Οὔ.
2996 2572 3188 2645 ’Δνόμ.
3250 2576 3374 2635 Πῶς
3405 2593 3418 2643 ;
3454 2574 3597 2648 Ὀρθ.
3648 2575 3774 2632 ’Ότι

2122 2661 2199 2734 μὴ
2259 2656 2517 2738 διάφορός
2566 2660 2707 2716 ἐστιν
2757 2659 3063 2725 ἀθανασία·
3123 2661 3381 2717 ἀθανασία
3433 2662 3535 2738 γὰρ
3576 2664 3772 2719 ἀθανα-

2119 2749 2237 2812 σίας
2297 2747 2451 2805 ούδὶν
2500 2747 2763 2829 διαφέρει,
2880 2750 3140 2815 ἀθανασία
3192 2750 3331 2807 ἐστίν
3393 2754 3527 2824 (76).
3575 2752 3771 2827 Ἀνόμ.

2117 2837 2286 2916 Εἶπερ
2319 2838 2539 2910 ἀληθῶς
2573 2838 2719 2911 ἄλλη
2770 2839 3057 2903 ὑπόστασίς
3107 2839 3217 2895 ἐστι
3250 2842 3458 2915 Πατρὸς
3498 2841 3587 2897 καὶ
3619 2842 3773 2917 Υῖοῦ,

2118 2935 2234 2991 πῶς
2266 2929 2393 3004 οὐχὶ
2426 2927 2572 3000 ἄλλη
2622 2928 2713 2984 καὶ
2753 2928 2899 3000 ἄλλη
2952 2930 3209 2994 ἀθανασία
3241 2949 3256 2999 ;
3287 2932 3430 3006 Ὀρθ.
3464 2929 3649 3003 Ἀλλη
3681 2931 3772 2988 καὶ

2120 3016 2265 3089 ἄλλη
2300 3017 2589 3080 ὑπόστασίς
2621 3017 2732 3073 ἐστι
2766 3018 2973 3094 Πατρὸς
3001 3017 3093 3074 καὶ
3123 3021 3271 3088 Υἱοῦ,
3297 3017 3424 3076 ἀλλ’
3456 3019 3586 3096 οὐχί
3618 3019 3768 3092 ἄλλη

2118 3108 2207 3162 καὶ
2239 3105 2387 3178 ἄλλη
2447 3107 2728 3164 ἀθανασία.
2788 3107 2886 3162 Καὶ
2940 3107 3041 3184 γὰρ
3098 3110 3188 3163 καὶ
3245 3110 3411 3181 ἡμεῖς
3470 3108 3528 3165 ἄ)
3546 3109 3648 3180 λην
3682 3112 3774 3165 καὶ

2122 3193 2300 3267 ἄλλην
2330 3193 2531 3271 ἔχομεν
2566 3195 2873 3267 ὑπόστασιν,
2905 3194 3033 3252 ἀλλ’
3066 3196 3195 3272 οὐχὶ
3244 3194 3423 3267 ἄλλην
3469 3197 3559 3252 καὶ
3593 3197 3774 3270 ἄλλην

351 3295 444 3348 est
473 3290 811 3363 hypostasis
844 3289 1034 3344 Patris
1064 3294 1119 3344 et
1154 3288 1302 3356 Filii,
1335 3290 1435 3345 sed
1470 3307 1585 3345 non
1642 3295 1732 3346 est
1788 3290 1902 3346 alia
1958 3296 2003 3346 ei

2124 3282 2562 3359 ἀνθρωπότητα.
2621 3285 2720 3340 Καὶ
2777 3288 2810 3355 ἡ
2875 3284 3165 3349 ὑπόστασις
3228 3286 3433 3361 Πέτρου
3491 3287 3777 3364 ἄνθρωπός

353 3379 471 3438 alia
526 3379 964 3435 immortalitas.
1022 3378 1169 3433 Nam
1202 3378 1253 3433 ei
1287 3395 1391 3435 nos
1414 3379 1590 3435 aliam
1622 3384 1680 3435 et
1707 3378 1882 3435 aliam
1916 3379 2018 3451 hy-

357 3467 617 3540 postasin
654 3467 965 3535 habemus,
1000 3472 1061 3522 at
1092 3484 1205 3522 non
1240 3466 1413 3524 aliam
1451 3471 1508 3523 et
1531 3467 1706 3523 aliam
1738 3467 2015 3523 humani-

354 3561 560 3613 tatem.
594 3557 663 3611 Et
692 3555 841 3611 Petri
866 3555 1201 3628 hypostasis
1230 3560 1322 3613 est
1352 3556 1566 3623 homo;
1596 3561 1654 3611 et
1685 3556 1848 3611 Pauli
1906 3556 2011 3629 hy-

358 3645 614 3717 postasis
674 3651 767 3700 est
821 3645 997 3700 homo
1057 3660 1070 3698 :

356 3748 473 3789 non
504 3734 634 3788 duae
665 3732 1083 3789 humanitates.
1117 3732 1323 3789 Itidem
1366 3732 1541 3789 aliam
1601 3738 1778 3805 atque
1836 3733 2009 3788 aliam

350 3821 694 3895 hypostasin
755 3821 1062 3890 habemus,
1126 3840 1240 3878 non
1301 3827 1499 3878 tamen
1540 3822 1713 3878 aliam
1746 3826 1803 3878 et
1834 3822 2007 3878 aliam

347 3910 879 3978 immortalitatem,
910 3928 1087 3984 quam
1124 3929 1227 3984 per
1257 3928 1439 3967 unum
1473 3911 1768 3983 baptisma
1798 3912 2013 3983 recepi-

345 4016 504 4056 mus.
536 4000 682 4055 Nam
715 4001 763 4056 si
795 4001 911 4057 alia
943 4006 996 4056 et
1025 4000 1141 4056 alia
1173 4004 1264 4056 est
1293 3999 1731 4071 immortalitas,
1764 4000 1917 4057 alius
1954 4007 2013 4057 et

348 4088 500 4146 alius
557 4089 916 4162 baptismus,
977 4090 1092 4146 alia
1121 4094 1179 4144 et
1207 4089 1322 4145 alia
1351 4090 1517 4161 ﬁdes,
1552 4107 1667 4146 non
1697 4094 1788 4146 est
1831 4092 2007 4147 etiam

349 4199 377 4229 κ
410 4195 561 4233 unus
592 4178 900 4249 Dominus,
937 4196 1055 4234 una
1088 4179 1252 4246 ﬁdes,
1288 4194 1473 4234 unum
1505 4178 1819 4251 baptisma.
1858 4202 1886 4229 ››

421 4268 507 4323 18.
542 4269 733 4325 Anam.
767 4269 875 4323 Sed
911 4273 1115 4324 nostra
1142 4268 1478 4341 hypostasis
1508 4268 1666 4324 aliud
1723 4269 2005 4340 quiddam

348 4361 460 4424 est,
520 4373 698 4429 quam
758 4356 1170 4413 immortalitas
1200 4361 1257 4412 et
1284 4357 1584 4428 baptisma
1616 4376 1629 4413 :
1662 4374 1798 4431 ergo
1831 4359 2004 4413 etiam

345 4444 679 4517 hypostasis
711 4444 809 4500 Dei
843 4444 958 4500 alia
1001 4449 1089 4501 est
1121 4462 1298 4516 quam
1351 4445 1784 4503 immortalitas.
1839 4447 2003 4503 Orlh.

344 4534 746 4606 Nequaquam.
776 4534 886 4589 Sed
924 4535 1050 4605 ipsa
1080 4534 1414 4607 hypostasis
1445 4540 1535 4591 est
1564 4535 1740 4591 etiam
1770 4535 2006 4592 immor-

2128 3374 2260 3444 ἐστι,
2316 3375 2406 3430 καὶ
2454 3377 2489 3445 ἡ
2552 3375 2841 3438 ὑπόστασις
2899 3373 3121 3430 Παύλου
3178 3375 3465 3451 ἄνθρωπός
3524 3375 3784 3432 ἐστι·καῖ

2127 3461 2223 3519 δύο
2283 3464 2414 3519 εἰσὶν
2477 3464 2833 3535 ὑποστάσεις,
2892 3464 2981 3519 καὶ
3040 3463 3102 3519 οὑ
3160 3461 3258 3519 δύο
3338 3465 3779 3540 ἀνθρωπότητες.

2126 3552 2226 3607 Καὶ
2286 3551 2464 3623 ἄλλην
2522 3552 2612 3607 καὶ
2661 3551 2838 3623 ἅλλην
2907 3552 3194 3608 ὑπόστασιν
3249 3550 3474 3628 ἔχομεν,
3530 3553 3659 3631 οὐχί
3722 3552 3784 3611 δὲ

1134 3649 1192 3701 et
1221 3649 1362 3701 sunt
1392 3645 1518 3701 dure
1555 3646 1922 3717 hypostases,
1956 3649 2003 3699 al

2125 3641 2303 3712 ἀλλην
2355 3641 2443 3697 καὶ
2498 3641 2676 3712 ἄλλην
2726 3640 3029 3711 ἀθανασίαν,
3091 3642 3158 3711 ἦν
3218 3639 3308 3697 διὰ
3361 3647 3459 3698 τοῦ
3512 3643 3630 3706 ἑνὸς
3681 3644 3776 3719 βα-

2122 3730 2422 3805 πτίσματος
2471 3726 2764 3805 ἐλάϐομεν.
2798 3731 2863 3787 Εἰ
2910 3731 3013 3808 γὰρ
3065 3731 3210 3802 ἄλλη
3262 3733 3352 3787 καὶ
3384 3730 3534 3803 ἁλλη
3585 3733 3781 3789 ἀθανα-

2124 3820 2229 3888 σία,
2293 3817 2433 3875 ἅλλο
2490 3820 2579 3875 καὶ
2640 3819 2780 3875 ἄλλο
2841 3822 3144 3897 βάπτισμα,
3174 3820 3264 3875 καὶ
3311 3819 3456 3892 ἅλλη
3507 3822 3598 3876 καὶ
3630 3821 3779 3892 ἄλλη

2122 3908 2325 3980 πίστις,
2355 3910 2444 3965 καὶ
2479 3910 2577 3966 οὐκ
2606 3906 2746 3965 ἔστιν
2787 3933 2809 3963 α
2842 3912 2919 3973 εἷς
2969 3909 3184 3985 Κύριος,
3239 3909 3335 3983 μία
3365 3909 3569 3984 πίστις,
3598 3908 3655 3966 ’ὲν
3686 3912 3780 3988 βά.

2120 4020 2348 4074 πτισμα.
2386 4024 2414 4051 ››

2193 4271 2277 4325 18.
2340 4265 2560 4339 Ἀνόμ.
2622 4265 2798 4323 Ἀλλὰ
2848 4269 2883 4336 ἡ
2941 4266 3183 4343 ἡμετέρα
3262 4268 3555 4331 ὑπόστασις
3626 4265 3774 4339 ἄλλη

2119 4356 2230 4412 ἐστῖ
2261 4356 2407 4432 παρὰ
2435 4357 2533 4424 τήν
2593 4355 2881 4420 ἀθανασίαν
2931 4357 3020 4411 καὶ
3052 4357 3115 4412 τὸ
3175 4358 3477 4433 βάπτισμα·
3530 4359 3633 4433 ἄρα
3685 4357 3778 4412 καὶ

2116 4447 2151 4514 ἡ
2179 4448 2277 4499 τοῦ
2309 4448 2442 4500 Θεοῦ
2476 4442 2768 4505 ὑπόστασις
2799 4442 2946 4515 ἄλλη
2993 4443 3104 4500 ἐστὶ
3156 4446 3301 4521 παρά
3330 4447 3430 4516 τήν
3461 4446 3777 4511 ἀθανασίαν.

2116 4534 2267 4604 Ὀρθ.
2328 4529 2422 4589 Οὕ.
2485 4528 2660 4588 Ἀλλά
2716 4531 2852 4600 αύτή
2910 4535 2944 4602 ἡ
3008 4533 3299 4596 ὑπόστασις
3354 4534 3446 4590 καὶ
3515 4535 3779 4599 ἀθανασία

340 4623 543 4707 talitas
574 4640 587 4678 :
624 4639 816 4694 neque
845 4624 1259 4679 immortalitas
1290 4626 1807 4691 duntaxat,verum
1826 4626 2001 4679 etiam

2119 4619 2246 4675 ἐστί·
2280 4620 2370 4675 ναὶ
2402 4619 2463 4675 ού
2499 4619 2662 4693 μόνον
2708 4621 2984 4689 ἀθανασία,
3027 4621 3173 4677 αλλά
3219 4625 3307 4678 καὶ
3358 4622 3650 4701 ἀφθαρσία,
3684 4623 3777 4679 καὶ

342 4710 899 4783 lncorruptibilitas,
933 4718 991 4767 et
1011 4714 1272 4785 justitia,
1306 4720 1363 4770 et
1395 4712 1803 4779 sanctiﬁcatio,
1829 4718 1887 4769 et
1918 4731 2005 4771 re-

342 4799 623 4872 demptio,
678 4806 737 4856 et
779 4801 1124 4867 dominatio,
1183 4808 1239 4858 et
1290 4807 1569 4873 potestas.
1610 4802 1812 4873 Neque
1852 4802 2007 4860 Deus

342 4889 465 4945 haec
495 4905 626 4945 esse
657 4889 872 4944 dicitur
903 4906 1006 4963 per
1031 4892 1517 4963 compositionem
1554 4907 1567 4944 :
1600 4891 1702 4947 sed
1725 4908 1793 4947 ex
1815 4891 2004 4947 diver-

342 4977 424 5035 sis
456 4979 1033 5036 considorationibus
1066 4981 1258 5037 dictus
1283 4978 1877 5052 immortalitas,quod
1908 4982 2003 5037 de-

343 5066 576 5124 sinere:
604 5067 1151 5141 incorruptibilitas,
1177 5070 1330 5141 quod
1362 5067 1599 5124 dissolvi
1633 5085 1745 5124 non
1776 5069 2000 5142 possit:

332 5155 573 5226 justitia
606 5161 844 5228 propter
870 5157 1206 5229 eequitatem
1244 5174 1257 5213 :
1288 5157 1695 5224 sanctiﬁcatio,
1754 5159 1908 5231 quod
1969 5177 2003 5216 a

338 5252 581 5317 peccato
611 5246 903 5302 custodiat
934 5263 948 5301 :
981 5245 1487 5317 redemptio,quod
1522 5246 1700 5303 vitam
1736 5252 1996 5303 nostram

337 5330 546 5388 liberet
574 5349 608 5387 a
638 5333 1015 5404 corruptione
1043 5350 1053 5388 :
1091 5333 1599 5406 dominatio,quod
1631 5336 1895 5391 omnium
1920 5338 2000 5392 sit

337 5419 621 5479 Dominus
656 5438 668 5477 :
693 5426 972 5493 potestas,
1008 5423 1159 5494 quod
1186 5422 1329 5478 nihil
1361 5423 1413 5478 ei
1445 5423 1696 5481 resistat.
1728 5428 1857 5481 Haec
1888 5443 1989 5481 au-

418 5630 527 5710 ςῖὸ)
553 5634 652 5710 IIII.
679 5631 938 5710 ἀθανασία
996 5631 1157 5688 ἐστίν.
1191 5631 1361 5710 Εἷθπερ
1402 5633 1663 5710 ’ἀληθῶςῇ
1883 5634 1990 5710 ’καί

344 5695 517 5768 ἄλλη
553 5695 842 5764 ὑπόστασίς
897 5702 1006 5758 ἆστι
1066 5706 1272 5779 Πατρὸς
1329 5695 1418 5761 icui
1467 5695 1970 5782 Ι’ίοῦ.”Αλλόὑχὶ

2119 4706 2458 4779 δικαιοσύνη,
2489 4709 2578 4764 καὶ
2626 4710 2916 4785 ἁγιασμὸς,
2966 4711 3058 4766 καὶ
3096 4710 3477 4786 ἀπολύτρωσις
3512 4756 3526 4782 ,
3559 4713 3650 4768 καὶ
3679 4734 3776 4769 κυ-

2117 4798 2304 4876 ριότης
2341 4842 2355 4867 ,
2411 4798 2501 4853 καὶ
2560 4796 2827 4871 δύναμις.
2888 4800 2992 4856 Καὶ
3042 4800 3144 4856 οὐκ
3190 4798 3300 4857 ἔστι
3348 4801 3485 4857 κατά
3527 4800 3772 4867 σύνθεσιν

2112 4888 2328 4945 ταῦταὸ
2360 4888 2512 4960 Θεὸς,
2545 4886 2692 4945 ἀλλὰ
2722 4888 2860 4944 κατὰ
2908 4885 3202 4968 διαφόρους
3248 4889 3489 4954 ἐπινοίας
3537 4889 3775 4966 λεγόμε·

2113 4998 2223 5040 νος·
2258 4977 2516 5043 ἀθανασία
2552 4978 2646 5051 μὲν
2698 4974 2789 5032 διὰ
2832 4976 2895 5033 τὸ
2948 4976 3329 5049 ἀτελεύτητον·
3380 4978 3650 5058 ἀφθαρσία
3692 4977 3772 5048 δὲ,

2113 5065 2203 5123 διὰ
2249 5068 2312 5124 τὸ
2362 5066 2560 5123 ἄλυτον
2612 5069 2727 5140 (77)
2763 5087 2773 5098 ·
2810 5063 3124 5139 δικαιοσονη
3177 5065 3267 5123 διὰ
3311 5070 3373 5125 τὸ
3425 5064 3535 5122 ἴσον
3572 5086 3583 5098 ·
3618 5067 3770 5140 ἁγια-

2111 5157 2248 5231 σμὸς
2280 5155 2459 5213 διὰτὸ
2518 5153 2804 5234 φυλάττειν
2864 5156 2971 5212 ἀπὸ
3028 5157 3319 5234 ἁμαρτίας·
3382 5154 3763 5231 ἀπολύτρωσις

2110 5244 2200 5302 διὰ
2233 5248 2297 5302 τὸ
2330 5248 2519 5315 σώζειν
2575 5244 2634 5299 ἐκ
2671 5246 2879 5323 φθορᾶς
2928 5247 3030 5316 τήν
3085 5249 3231 5318 ζωὴν
3261 5249 3444 5321 ἡμῶν·
3478 5244 3764 5321 κυριότης,

2108 5334 2198 5391 διὰ
2225 5337 2289 5391 τὸ
2319 5335 2534 5389 πάντων
2564 5338 2804 5411 κρατεῖν·
2858 5332 3110 5410 δύναμις,
3155 5334 3245 5393 διὰ
3280 5338 3343 5393 τὸ
3392 5333 3560 5407 μηδὲν
3611 5333 3761 5408 αὑτῷ

2106 5427 2455 5489 ἀντικεῖσθαι.
2505 5428 2682 5478 Ταῦτα
2740 5421 2798 5479 δὲ
2854 5425 3029 5482 πάντα
3082 5427 3172 5482 καὶ
3230 5428 3356 5503 περὶ
3383 5430 3487 5498 τήν
3534 5426 3767 5483 ὑπόστα-

2100 5634 2246 5708 ἅλλη
2279 5635 2369 5693 καὶ
2401 5632 2695 5708 ὄίλληηθίφ
2727 5637 2909 5696 Palat.

2156 5704 2268 5782 (7'7)
2300 5708 2506 5781 Palat.,
2536 5704 2851 5767 ἀδιάλυτον.
