4116 6378
359 372 512 434 1145

1329 378 1426 435 DE
1471 376 1768 435 SANCTA
1821 375 2247 434 TBlNl'l‘ATE
2299 375 2686 437 DIALUGUS
2733 376 2776 436 Ι.

3635 369 3792 460 ιιιο

3772 468 3788 503 ι

360 525 440 558 σιν
496 507 592 557 τοῦ
652 505 780 558 Υἱοῦ
835 509 1138 579 θεωρεῖται,
1192 505 1400 578 ὁμοίως
1461 510 1537 577 τῷ
1587 507 1777 581 Πατρί,
1809 505 1896 559 xui
1954 505 2015 558 οῦ

2137 510 2247 562 tem
2283 507 2502 571 omnia,
2529 511 2592 561 ut
2621 506 2678 559 in
2710 505 2918 571 Patris,
2942 505 3020 560 ita
3042 503 3217 559 etiam
3243 503 3302 558 in
3328 502 3457 558 Filii
3479 502 3766 575 hypcstas

367 597 659 667 μεθεκτῶς’
702 593 791 647 xui
845 591 933 647 διὰ
979 598 1140 648 τοῦτο
1193 591 1288 648 630
1343 595 1435 668 μὲν
1490 595 1806 655 ὑποστάσεις
1861 594 2018 669 λέγο-

367 703 460 755 μεν
498 681 704 756 Πατρὸς
749 681 836 736 καὶ
884 683 1033 750 Υἱοῦ,
1071 683 1197 754 μίαν
1249 680 1306 737 δὲ
1351 683 1597 753 Θεὸτητα,
1651 681 1896 756 δύναμιν,
1930 704 2018 737 κυ-

365 771 612 845 ριότητα,
671 771 759 825 καὶ
837 769 1142 843 ἀθανασῖαν,
1201 773 1291 826 xui
1378 773 1694 849 ἀφθαρσῖχν,
1752 773 1840 826 καὶ
1921 771 2018 826 ὅσα

363 865 608 916 τοιαῦτα.
643 860 832 932 Ἀνόμ.
863 861 1065 914 Οὐκοῦν
1108 862 1196 915 καὶ
1245 861 1561 937 ἀγεννησίαν
1597 865 1707 934 (78)
1745 862 1866 936 μίαν
1928 861 2018 917 λέ-

367 971 504 1024 γεις.
541 950 689 1023 Ὀρθ.
755 951 1043 1025 Ἀγένητον
1089 951 1180 1023 μὲν
1240 951 1382 1027 λέγω
1449 953 1536 1005 xui
1593 953 1683 1006 τὸν
1745 953 1886 1017 Υἳὸν,
1922 952 2020 1006 οῦκ

367 1038 658 1114 ἀγέννητον
717 1035 793 1092 δέ.
855 1039 1041 1110 Ἀνόμ.
1097 1039 1274 1094 Ἀλλο
1343 1042 1446 1115 γάρ
1515 1039 1652 1094 ἐστιν
1733 1041 2017 1114 ἀγένητον,

365 1129 455 1182 καὶ
516 1126 656 1183 ἄλλο
714 1129 1044 1202 ἀγέννητον;
1079 1129 1230 1201 Ὀρθ.
1266 1130 1364 1184 Καὶ
1426 1131 1580 1186 πάνυ.
1633 1130 1818 1201 Ἀνόμ.
1854 1135 2017 1198 ἷιώς;

369 1221 516 1294 Ὀρθ,
550 1222 671 1275 ’Ότι
702 1220 764 1272 τὸ
797 1220 892 1290 μὲν
920 1219 1174 1294 γεννητόν
1230 1218 1338 1274 ἐστι
1398 1221 1458 1275 τὸ
1516 1219 1574 1275 ἐκ
1628 1229 1726 1290 τῆς
1789 1222 2017 1275 ὑποστά-

367 1330 502 1370 σεως
533 1308 889 1383 γεννώμενον,
918 1309 1006 1362 xui
1056 1306 1144 1363 διὰ
1191 1314 1350 1364 τοῦτο
1404 1309 1461 1364 ἐκ
1499 1312 1726 1386 γαστρὸς

367 1419 478 1453 νον·
513 1397 575 1451 τὸ
609 1395 665 1451 δὲ
689 1398 910 1472 γενητὸν
943 1398 1005 1451 τὸ
1033 1397 1090 1452 ἐκ
1137 1405 1236 1467 τῆς
1287 1398 1524 1468 ἐξουσίας
1575 1405 1670 1453 τοῦ
1715 1421 2020 1474 γενεσιουρ-

1787 1309 1915 1386 λεγὸ
1927 1333 2019 1383 με-

371 1493 491 1562 γοῦ,
525 1513 550 1538 ‹‹
590 1486 768 1541 Πάντα
795 1488 894 1562 γὰρ
927 1487 1024 1541 ὅσα
1071 1486 1362 1558 ἠθέλησεν,
1397 1488 1666 1558 ἐποίησεν.
1703 1514 1728 1540 ››
1766 1489 2022 1558 Ἐποίησε

373 1577 431 1633 δὲ
476 1583 626 1643 nam;
665 1602 690 1628 ‹‹
749 1578 935 1646 Εἶπεν,
985 1577 1072 1632 καὶ
1135 1577 1486 1653 ἐγενήθησαν*
1549 1579 1873 1649 ἐνετείλατο,
1931 1580 2020 1634 καὶ

371 1666 710 1736 ἐκτίσθησαν.
744 1692 770 1719 υ
803 1667 996 1739 Ἀνόμ.
1049 1669 1162 1724 Οὑκ
1219 1668 1504 1739 ἠρώτησα,
1563 1668 1614 1723 τί
1675 1668 1781 1723 ἐστι
1831 1691 2012 1745 γεννηη

367 1757 483 1825 τὸν,
517 1755 605 1810 καὶ
661 1756 715 1810 τί
772 1756 1018 1831 γενητόν·
1051 1755 1175 1812 ἀλλ’
1211 1757 1254 1811 εἰ
1309 1756 1447 1812 ἄλλο
1498 1758 1606 1812 ἐστὶ
1646 1759 1708 1812 τὸ
1735 1759 2021 1833 ἀγένητον,

2129 596 2592 662 considerantur,
2616 595 2792 666 idque
2826 595 3065 649 minime
3099 611 3164 649 ex
3201 593 3664 664 participatione.
3695 593 3787 647 Id-

2129 684 2278 740 circo
2324 685 2472 740 duas
2523 685 2756 755 quidem
2809 683 3151 755 hyposlases
3201 681 3452 736 dicimus
3494 681 3678 736 Patris
3729 688 3786 737 et

2131 775 2282 841 Filii,
2334 792 2510 829 unam
2546 781 2742 829 autem
2793 774 3094 841 deitatem,
3120 776 3485 842 potestatem,
3510 771 3780 825 domina-

2127 863 2370 933 tionem,
2426 862 2951 927 immortalitatem,
3031 859 3667 930 ineorruptibilitatem,
3727 865 3784 914 et

2129 955 2419 1027 ejusmodi
2452 953 2585 1009 alia.
2611 958 2803 1010 Anam.
2831 952 3014 1008 Unam
3041 952 3220 1023 igitur
3239 950 3413 1005 etiam
3437 949 3605 1014 dicis,
3629 947 3779 1024 ἀγεν-

2127 1042 2338 1113 νησὲαν,
2377 1044 2431 1098 id
2463 1049 2553 1098 est
2583 1040 2972 1114 generalionis
3002 1039 3341 1096 carentiam.
3377 1038 3527 1094 Orth.
3557 1038 3780 1112 Ἀγένη-

2127 1155 2240 1201 τον,
2268 1134 2326 1188 id
2358 1138 2447 1189 est
2477 1156 2504 1182 ‹‹
2538 1150 2654 1188 non
2705 1134 2945 1200 factum,
2978 1152 3005 1180 ιι
3041 1130 3280 1201 quidem
3312 1128 3440 1183 dico
3480 1128 3653 1183 etiam
3689 1128 3780 1183 Fi-

2129 1223 2275 1279 lium
2313 1241 2324 1278 :
2359 1220 2651 1296 ἀγέννητον
2702 1226 2924 1287 autem,
2954 1220 3010 1274 id
3062 1224 3169 1285 est,
3209 1241 3230 1268 ι
3269 1235 3382 1273 non
3433 1218 3718 1289 genitum,
3754 1240 3780 1265 ›ι

2131 1330 2527 1384 nequaquam.
2564 1314 2752 1366 Anam.
2780 1312 2954 1364 Estne
2981 1309 3161 1381 igitur
3191 1306 3371 1373 aliud,
3396 1324 3512 1362 non
3538 1307 3780 1375 factum,

2131 1403 2290 1458 aliud
2339 1419 2452 1456 non
2506 1399 2818 1472 genitum?
2872 1398 3025 1454 Orth.
3075 1402 3225 1452 Sane
3273 1395 3531 1468 quidem.
3587 1395 3777 1450 Anam.

2129 1490 2478 1556 Quomodo?
2525 1491 2680 1547 Orth.
2714 1488 3000 1552 Quoniam
3050 1485 3111 1539 τὸ
3157 1483 3428 1559 γεννητόν,
3479 1483 3623 1539 illud
3671 1490 3778 1549 est,

2131 1583 2285 1654 quod
2319 1599 2387 1638 ex
2431 1579 2729 1652 hypostasi
2778 1577 3059 1650 gignitur,
3091 1577 3338 1648 ideoque
3369 1593 3437 1630 ex
3466 1579 3667 1630 ventre
3697 1573 3783 1630 vel

2133 1677 2295 1726 utero
2345 1669 2556 1724 dicitur
2593 1686 2605 1724 :
2639 1665 2861 1742 γενητόν
2915 1683 3046 1721 vero
3101 1665 3245 1720 illud
3277 1667 3384 1730 est,
3429 1663 3582 1734 quod
3633 1668 3723 1719 est
3753 1680 3787 1716 a

2133 1763 2419 1832 potestate
2451 1757 2697 1828 opificis.
2742 1761 2885 1810 Nam
2919 1781 2944 1804 α
2981 1756 3180 1810 omnia
3211 1769 3574 1824 quaecunque
3604 1751 3789 1808 voluit

369 1846 460 1900 xui
494 1842 635 1899 ἄλλο
663 1843 725 1898 τό
757 1843 1074 1918 ἀγέννητον.
1106 1848 1234 1920 ὈρΟ
1292 1845 1353 1900 Εἰ
1384 1848 1446 1901 τὸ
1491 1848 1749 1922 γεννητόν
1798 1848 1906 1902 ἐστι
1961 1849 2023 1902 τὸ

2137 1848 2268 1904 fecit
2293 1849 2357 1902 ¹².
2392 1870 2418 1897 ››
2469 1846 2772 1912 Quomodo
2815 1849 3012 1899 autem
3063 1843 3240 1898 fecit?
3273 1866 3297 1891 «
3335 1842 3509 1907 Dixit,
3542 1847 3598 1897 et
3639 1842 3790 1896 facta

373 1933 433 1990 ἐκ
460 1940 560 2004 τῆς
596 1933 941 1996 ὑποστάσεως
971 1935 1060 1990 καὶ
1102 1934 1160 1990 ἐκ
1190 1937 1442 2010 γαστρὸς,
1477 1937 1538 1990 τὸ
1587 1938 1662 2008 μή
1713 1938 1770 1992 ὃν
1822 1935 1880 1991 ἐκ
1925 1958 2024 2010 γα-

373 2023 553 2099 στρὸς,
585 2021 754 2098 ἤγουν
789 2026 900 2096 (79)
933 2023 992 2078 ἐκ
1020 2031 1118 2094 τῆς
1154 2025 1518 2090 ὑποστάσεως,
1551 2025 1840 2099 ἀγέννητὸν
1890 2025 2022 2080 ἐστι·

373 2113 464 2168 xui
497 2113 542 2168 εἱ
573 2113 634 2168 τὸ
665 2114 890 2190 γενητὸν
926 2114 984 2169 ἐκ
1011 2122 1109 2184 τῆς
1162 2115 1401 2185 ἐξουσίας
1455 2115 1564 2171 ἐστὶ
1614 2117 1729 2170 κατ’
1775 2116 2024 2184 ἐντολὴν,

368 2209 432 2260 τὸ
493 2205 750 2282 ἀγένητον
819 2205 883 2259 τὸ
939 2207 1014 2277 μή
1065 2207 1180 2259 κατ’
1229 2203 1451 2274 ἐντολήν
1502 2207 1771 2282 ὑπάρχον,
1824 2205 1949 2262 ἀλλ’

372 2293 611 2350 ἀναίτιον
645 2293 788 2366 ὃν,ἣ
825 2292 883 2348 ἐκ
913 2301 1013 2364 τῆς
1051 2295 1391 2357 ὑποστάσεως
1431 2300 1527 2349 τοῦ
1562 2296 1880 2369 ἀγεννήτου.

2136 1943 2274 1993 sunt
2300 1954 2311 1992 :
2339 1935 2636 1991 mandavit
2659 1939 2714 1990 et
2739 1938 2932 1989 creata
2951 1937 3092 1987 sunt
3119 1933 3179 1986 ‘3.
3207 1956 3230 1980 η
3261 1939 3460 1986 duom.
3482 1931 3606 1986 Non
3631 1948 3785 2000 quaa-

2137 2027 2244 2083 sivi
2271 2025 2411 2098 quid
2464 2025 2540 2080 sit
2581 2024 2847 2096 genitum
2895 2026 2952 2077 et
2983 2021 3121 2092 quid
3154 2021 3398 2086 factum,
3431 2019 3531 2075 sed
3564 2037 3636 2074 an
3670 2035 3786 2074 non

2136 2119 2357 2172 factum
2388 2113 2466 2170 sit
2490 2113 2671 2179 aliud,
2707 2130 2880 2184 quam
2932 2128 3046 2166 non
3079 2109 3366 2183 genitum.
3401 2108 3551 2163 Orlh.
3587 2107 3646 2162 Si
3689 2125 3787 2179 ge-

2139 2208 2329 2260 nitum
2386 2203 2527 2258 illud
2576 2208 2686 2272 est,
2719 2203 2873 2274 quod
2923 2205 3009 2256 est
3057 2217 3125 2255 ex
3169 2199 3467 2271 hypostasi
3514 2202 3572 2252 et
3605 2201 3789 2264 utero,

2139 2311 2279 2352 sane
2313 2293 2456 2348 illud
2489 2298 2577 2347 est
2605 2309 2717 2346 non
2751 2290 3037 2362 genitum,
3071 2291 3226 2353 quod
3264 2305 3376 2343 non
3411 2303 3480 2342 ex
3512 2293 3675 2342 utero
3706 2285 3793 2340 vel

372 2395 674 2468 hypostasi
712 2412 724 2450 :
758 2399 816 2450 et
864 2395 914 2451 si
968 2396 1184 2450 factum
1237 2395 1381 2450 illud
1433 2401 1541 2463 est,
1575 2398 1728 2466 quod
1789 2401 1878 2450 est
1924 2413 1991 2450 ex
2050 2398 2333 2466 potestate
2381 2391 2708 2446 secundum
2759 2390 3125 2456 mandatum,
3160 2386 3364 2456 utique
3412 2401 3526 2439 non
3577 2384 3795 2438 factum

370 2484 515 2538 illud
561 2489 672 2553 est,
727 2482 880 2554 quod
939 2499 1054 2539 non
1109 2483 1336 2539 exsistit
1379 2499 1446 2538 ex
1499 2485 1797 2551 mandato,
1828 2485 1928 2540 sed
1978 2484 2066 2539 vel
2115 2498 2355 2539 causam
2406 2496 2520 2535 non
2572 2479 2768 2544 habet,
2797 2477 2885 2532 vel
2936 2487 3025 2532 est
3070 2493 3138 2531 ex
3189 2474 3489 2546 bypostasi
3537 2489 3650 2528 non
3696 2489 3793 2542 ge-

374 2572 508 2627 niti.

445 2661 532 2714 19.
582 2657 771 2730 ’Ᾱνόμ.
815 2656 918 2713 Δύο
975 2657 1066 2713 οῦν
1120 2658 1350 2735 ἀγένητα
1409 2657 1628 2736 λέγειςς
1675 2663 1826 2737 Ὀρθ.
1892 2661 2030 2737 Ἐγὼ

375 2749 463 2803 καὶ
512 2746 744 2822 Πατέρα,
793 2747 883 2802 καὶ
942 2749 1087 2816 Υἳὸν,
1146 2748 1235 2803 καὶ
1295 2751 1442 2822 ἅγιον
1507 2755 1724 2822 Πνεῦμα
1799 2749 2032 2827 ἀγένητα

381 2842 547 2916 Λέγω,
599 2837 726 2894 ἀλλ’
782 2840 882 2894 οὐκ
937 2839 1181 2912 ἀπάτορα
1237 2839 1382 2916 τρία,
1416 2839 1540 2895 οὐδὲ
1596 2841 1826 2896 ἀναίτια·
1887 2839 2034 2896 ἀΛλὰ

377 2931 466 2984 τὸν
531 2929 626 3002 μὶν
659 2931 772 3002 (80)
823 2931 1053 3004 Πατέρα,
1085 2929 1174 2984 καὶ
1221 2929 1484 3003 ἀπάτορα,
1518 2931 1606 2984 καὶ
1648 2930 1909 3002 ἀναίτιον,
1943 2931 2032 2986 καὶ

381 3017 663 3092 ἀγένητον.
699 3017 794 3071 Καὶ
843 3018 943 3093 γὰρ
995 3016 1119 3072 οὔτε
1169 3017 1376 3093 Πατέρα
1427 3018 1541 3094 ἔχει
1586 3020 1613 3073 6
1663 3021 1873 3094 Πατήρ,
1913 3016 2036 3074 οὕτε

387 3106 788 3181 γενεσιουργὸν,
833 3103 953 3160 οὕτε
1001 3104 1172 3160 αἴτιον
1213 3111 1311 3160 τοῦ
1371 3107 1503 3162 εἶναι
1558 3107 1633 3170 ὡς
1692 3107 1742 3178 ἐξ
1805 3109 2036 3164 ὑποστά-

2215 2659 2296 2715 19.
2330 2659 2522 2714 Anam.
2556 2657 2680 2712 Duo
2711 2656 2892 2729 igitur
2934 2654 3082 2711 dicis
3114 2671 3229 2710 non
3263 2652 3458 2708 facta?
3489 2652 3640 2707 Orth.
3676 2651 3792 2723 Ego

2141 2753 2198 2804 et
2228 2749 2460 2804 Patrem
2491 2751 2548 2802 et
2577 2745 2787 2802 Filium
2817 2749 2872 2800 et
2894 2745 3179 2817 Spiritum
3212 2749 3482 2798 sanctum
3513 2741 3643 2797 dico
3665 2757 3793 2796 esse

2143 2856 2258 2895 non
2310 2838 2482 2906 facta,
2515 2852 2884 2908 nequaquam
2935 2851 3068 2889 vero
3118 2833 3231 2888 tria
3275 2837 3434 2901 sunt,
3493 2833 3654 2887 Patre
3701 2829 3790 2885 vel

2143 2944 2323 2983 causa
2343 2925 2600 2981 carentia
2631 2943 2642 2980 :
2679 2926 2775 2978 sed
2810 2925 3033 2979 Patrem
3068 2923 3326 2993 quidem,
3351 2923 3572 2992 absque
3605 2925 3792 2988 Patre,

2145 3023 2203 3072 et
2231 3017 2453 3087 absque
2485 3031 2684 3081 causa,
2717 3023 2770 3069 el
2800 3030 2913 3068 non
2943 3013 3183 3068 factum.
3209 3012 3406 3082 Neque
3437 3010 3594 3066 enim
3627 3009 3797 3064 Pater

2145 3089 2322 3161 habet
2351 3104 2602 3170 Patrem,
2634 3119 2820 3175 neque
2849 3103 3137 3174 opiﬁcem,
3173 3101 3242 3156 ad
3279 3117 3453 3172 quem
3483 3102 3675 3154 ortum
3709 3114 3798 3153 re-

387 3217 540 3257 σεως.
586 3197 646 3253 Ὁ
697 3193 754 3250 δὲ
803 3197 925 3258 Υἱὸς
968 3195 1178 3270 Πατέρα
1234 3197 1328 3269 μὲν
1381 3195 1520 3274 ἔχει,
1549 3199 1923 3274 γενεσιουργὸν
1981 3197 2024 3254 δί

2148 3195 2314 3266 terat,
2349 3210 2537 3266 neque
2573 3210 2931 3265 quemquam
2965 3196 3280 3258 auctorem,
3315 3208 3348 3245 a
3378 3206 3489 3260 quo
3523 3189 3601 3244 sit
3635 3195 3698 3242 ut
3729 3205 3796 3244 ex

388 3282 487 3338 οὐκ
543 3283 678 3360 ἔχει·
739 3284 800 3339 οὑ
873 3285 972 3360 γάρ
1040 3284 1268 3360 ἐγένετο,
1326 3285 1453 3341 ἀλλ’
1510 3286 1786 3362 ἐγεννήθη.
1849 3290 1926 3347 Τὸ
1977 3287 2034 3344 δὲ

390 3377 601 3444 Πνεῦμα
645 3374 708 3427 τὸ
754 3374 903 3449 ἅγιον
957 3375 1168 3449 Πατέρα
1217 3373 1315 3428 οὐκ
1347 3372 1485 3450 ἔχει,
1520 3375 1582 3429 οὐ
1613 3379 1715 3452 γάρ
1748 3376 2028 3451 ἐγεννήθη·

381 3463 750 3538 γενεσιουργὸν
811 3461 910 3517 οὐκ
966 3461 1106 3538 ἔχει,
1168 3462 1227 3517 οὑ
1295 3465 1396 3537 γὰρ
1461 3463 1685 3539 ἐγένετο·
1742 3465 1914 3520 αἶ’τιον
1975 3465 2032 3521 δὲ

380 3549 405 3606 ἔ
454 3572 471 3582 Δ.
601 3551 613 3570 ‘
773 3553 786 3570 κ
933 3553 958 3569 Ῥ
1123 3557 1148 3566 ⁸⁸³
1219 3554 1228 3570 ν
1289 3552 1302 3572 9
1572 3555 1584 3573 9
1651 3555 1674 3572 ν
1798 3556 1811 3574 \

408 3571 498 3626 χει
554 3574 644 3606 τον
697 3560 844 3624 Θεον,
899 3574 960 3606 ου
1010 3556 1234 3624 Ιῐνευμα
1285 3573 1416 3621 εστι,
1458 3575 1564 3628 παρ
1614 3577 1676 3608 ου
1725 3576 1814 3609 και
1869 3556 2030 3610 ἐκποι-

380 3639 612 3716 ρεὺεται.
647 3641 837 3713 Ἀνόμ.
872 3642 947 3695 Τὰ
978 3642 1080 3716 γὰρ
1133 3639 1276 3696 ἀλλά
1333 3642 1614 3716 πνεύματα
1654 3642 1714 3698 οὑ
1763 3647 1888 3720 παρ’
1936 3645 2028 3699 αὑ-

375 3734 472 3784 τοῦ
505 3730 890 3805 έκπορεῦεται;
926 3731 1076 3804 Ὀρθ.
1113 3731 1211 3784 Καὶ
1242 3733 1406 3803 ἡμεῖς
1457 3730 1518 3786 ἐκ
1563 3737 1658 3787 τοῦ
1707 3739 1840 3788 Θεοῦ
1887 3735 2022 3810 ἐγεν,

377 3820 643 3889 νήθημεν.
681 3844 706 3868 ‹‹
747 3821 905 3876 ⁰Ὀσοι
963 3820 1066 3892 γάρ
1126 3818 1283 3873 αὐτὸν
1340 3815 1560 3890 ἔλαϐον,
1618 3846 1645 3871 ›)
1705 3826 2027 3898 γέγραπται,

379 3904 576 3961 ἔδωκεν
663 3906 848 3969 αὐτοῖς
940 3907 1178 3977 ἐξουσίαν
1251 3908 1408 3962 τέκνα
1465 3914 1599 3964 Θεοῦ
1657 3914 1924 3985 γενέσθαι,
1976 3914 2028 3968 οἳ

381 3994 478 4049 οὐκ
525 3994 888 4068 ἐξιαὶμάτων,
921 3993 1051 4050 οὐδὲ
1100 3995 1158 4050 ἐκ
1207 3996 1520 4068 Θελήμανος
1564 3999 1781 4070 σαρκὸς,
1815 4000 1942 4056 ἀλλ’
1972 4002 2030 4057 ἐκ

379 4082 511 4138 Θεοῦ
569 4083 952 4158 ἐγεννήθησαν.
1009 4110 1035 4134 ››
1085 4084 1238 4140 Ἀλλ’
1302 4083 1482 4159 ὥσπερ
1539 4089 1724 4157 ἡμεῖς,
1781 4087 1840 4143 ἐκ
1895 4095 2027 4144 Θεοῦ

378 4174 746 4247 γεννηθέντες,
790 4173 890 4228 οὑκ
945 4173 1004 4228 ἐκ
1058 4175 1290 4248 γαστρὸς
1347 4181 1444 4244 τῆς
1505 4175 1844 4239 ὑποστάσεως
1887 4179 2026 4254 ἐγεν-

378 4264 640 4334 νήθημεν,
698 4262 841 4318 οὕτω
896 4263 984 4318 xui
1032 4265 1100 4318 τὰ
1149 4263 1551 4339 ἐκπορευόμενα
1634 4266 1912 4339 πνεύματα
1970 4268 2028 4323 ἐκ

375 4356 470 4406 τοῦ
501 4358 655 4420 Θεοῦ,
687 4352 784 4407 οὐκ
841 4352 900 4407 ἐκ
950 4357 1047 4407 τοῦ
1095 4354 1364 4425 στόματος
1395 4361 1496 4423 τῆς
1553 4354 1894 4419 ὑποστάσεως
1927 4356 2024 4410 αῦ-

372 4445 468 4495 τοῦ
501 4441 625 4497 εἶσι.
655 4442 725 4496 Τὸ
755 4439 812 4496 δὶ
845 4443 1061 4514 Πνεῦμα
1097 4443 1158 4496 τὸ
1192 4444 1339 4518 ἅγιον
1375 4442 1433 4498 ἐκ
1469 4448 1566 4496 τοῦ
1617 4443 1886 4516 στόματος
1928 4453 2025 4515 τῆς

376 4531 718 4594 ὑποστάσεως
767 4531 876 4586 ἐστι
930 4533 1168 4605 Πνεῦμα·
1208 4557 1234 4584 ‹‹
1268 4537 1354 4604 Τῷ
1401 4533 1501 4608 γὰρ
1555 4531 1708 4608 λόγῳ
1741 4535 1941 4611 Κυρίου
1973 4537 2022 4590 οἱ

373 4619 594 4695 οὐρανοὶ
633 4619 1055 4696 ἐστερεώθησαν,
1089 4621 1176 4675 καὶ
1225 4620 1304 4693 τῷ
1354 4621 1629 4695 Ilva-Spuri
1678 4628 1774 4678 τοῦ
1826 4625 2024 4698 στόμα-

370 4731 462 4772 τος
493 4709 657 4764 αὑτοῦ
689 4716 832 4764 πᾶσι
859 4713 894 4780 ἡ
929 4707 1155 4783 δύναμις
1199 4711 1396 4768 αὑτῶν,
1435 4734 1460 4760 ››
1497 4711 1597 4767 Καὶ
1633 4713 1660 4765 ὁ
1694 4714 1881 4787 Πατὴρ
1934 4713 2027 4769 λέ-

372 4817 474 4875 γει’
523 4824 549 4850 ‹‹
604 4795 745 4855 ἰδοὺ
795 4801 824 4854 6
882 4803 1020 4862 Παῖς
1085 4819 1211 4872 μου,
1265 4800 1293 4853 6
1342 4799 1628 4874 ἀγαπητός
1688 4823 1812 4873 μου,
1848 4804 1924 4864 εἰς
1969 4804 2025 4858 ὃν

374 4883 661 4956 εὑὸόκησεν
695 4894 729 4955 η
762 4888 914 4962 ψυχή
953 4907 1077 4959 μου.
1113 4887 1272 4955 Θήσὼ
1302 4885 1364 4940 τὸ
1396 4886 1617 4958 Πνεῦμά
1670 4907 1776 4959 μου
1821 4888 1903 4942 ἐπ’
1933 4890 2024 4942 αὑ-

372 4974 485 5031 τόν.
519 4997 543 5026 ιν
584 4975 772 5049 Ἀνόμ.
807 4976 870 5031 El
919 4975 1007 5031 xui
1039 4976 1067 5030 6
1119 4975 1238 5036 Υἱὸς
1288 4974 1347 5030 ἐκ
1391 4982 1489 5044 τῆς
1543 4976 1905 5048 ὑποστάσεως,
1935 4978 2024 5032 καὶ

369 5065 432 5119 τὸ
467 5066 689 5138 Πνεῦμα
737 5065 797 5120 ἐκ
844 5068 943 5134 τῆς
996 5064 1356 5134 ὑποστάσεως,
1390 5064 1520 5120 εἷ’σίν
1570 5063 1800 5142 ἀδελφοί
1828 5086 1840 5135 ;
1873 5068 2022 5140 Ὀρθ.

371 5155 462 5222 Μὴ
496 5154 741 5228 γένοιτοέ
775 5151 953 5217 οὐδεὶς
993 5159 1153 5209 τοῦτο
1187 5151 1358 5229 λέγει.
1395 5158 1522 5216 Πῶς
1573 5155 1675 5230 γὰρ
1731 5159 2024 5230 μονογενής

371 5244 399 5298 ὁ
431 5244 576 5312 Υἳὸς,
611 5243 657 5297 εἰ
703 5240 799 5298 δύο
850 5243 980 5298 εἰσὶν
1032 5241 1298 5319 ἀδελφοῖ;
1335 5243 1524 5316 Ἀνόμ.
1559 5245 1682 5306 Ilii);
1738 5242 1828 5298 οὖν
1875 5242 1963 5299 καί
1995 5247 2022 5299 ὁ

371 5332 493 5393 Υἱὸς
537 5331 598 5386 ἐκ
639 5340 739 5402 τῆς
793 5331 1135 5394 ὑποστάσεως
1177 5333 1264 5386 xui
1314 5334 1376 5387 τὸ
1431 5337 1676 5406 Πνεῦμα,
1709 5334 1796 5388 xui
1831 5335 1892 5388 οὑ
1927 5331 2022 5389 δύο

445 5480 489 5513 ¹²
523 5480 674 5536 Psal.
707 5495 934 5547 cxxvrv,
966 5482 1020 5534 6.
1101 5482 1145 5516 1³
1177 5479 1330 5536 Psal.
1363 5496 1591 5548 CXLVIII,
1621 5482 1676 5536 5.

592 5636 1263 5713 Palatinuskuyevnqluy.

445 5708 561 5781 (79)
594 5711 874 5782 Felckm.,
907 5708 1093 5782 ἤτουν.
1131 5711 1337 5781 Palat,
1373 5708 1570 5766 ei'toov.

1756 5482 1800 5516 “
1828 5481 1996 5538 Joan.
2032 5499 2073 5548 1,
2108 5483 2193 5554 12,
2229 5485 2314 5539 13.

2143 3284 2466 3357 hypostasi.
2504 3285 2574 3338 At
2606 3283 2788 3338 Filius
2822 3282 3048 3337 Patrem
3083 3281 3320 3353 quidem
3354 3280 3547 3347 habet,
3583 3279 3681 3334 sed
3717 3279 3788 3334 ab

2142 3375 2349 3446 Opifice
2380 3379 2571 3430 ortum
2625 3391 2740 3428 non
2783 3373 2957 3428 habet
2990 3388 3002 3425 :
3042 3387 3228 3442 neque
3274 3370 3429 3425 enim
3465 3372 3650 3424 factus
3681 3373 3792 3435 est,

2141 3465 2243 3520 sed
2275 3465 2508 3536 genitus
2544 3480 2556 3520 :
2591 3462 2848 3535 Spiritus
2877 3468 3115 3517 sanctus
3147 3464 3342 3515 autem
3375 3460 3602 3514 Patrem
3637 3457 3789 3512 419

2142 3571 2256 3610 non
2290 3553 2485 3621 habet,
2521 3553 2656 3625 quia
2690 3570 2802 3607 non
2835 3557 2924 3606 est
2952 3551 3206 3623 genitus,
3233 3567 3334 3604 nec
3367 3549 3439 3603 ab
3467 3548 3672 3619 Opiﬁce
3693 3566 3791 3603 or-

2142 3651 2266 3698 tum
2297 3642 2490 3709 habet,
2525 3642 2664 3714 quia
2715 3660 2828 3697 non
2874 3647 2961 3696 est
2996 3642 3181 3696 factus
3217 3657 3228 3693 :
3262 3640 3362 3694 sed
3408 3643 3703 3694 auctorem
3737 3642 3793 3694 et

2140 3749 2380 3788 causam
2413 3732 2589 3788 habet
2641 3733 2844 3798 Deum,
2891 3730 3062 3800 cujus
3094 3728 3337 3800 spiritus
3385 3733 3494 3792 est,
3527 3731 3584 3782 et
3614 3744 3648 3780 a
3678 3743 3791 3796 quo

2141 3822 2419 3893 procedit.
2443 3823 2633 3877 Auom-
2659 3821 2765 3876 Alii
2797 3838 2930 3876 vero
2961 3819 3206 3891 Spiritus
3237 3834 3430 3873 annon
3463 3817 3536 3872 ab
3559 3833 3624 3872 eo
3658 3834 3790 3888 pro-

2139 3912 2400 3967 cedunt?
2431 3911 2583 3968 ΟνιΙι.
2619 3911 2686 3965 Et
2717 3928 2822 3965 nos
2855 3925 3090 3981 quoque
3121 3909 3194 3964 ab
3225 3925 3290 3962 eo
3323 3906 3501 3980 geniti
3533 3923 3742 3961 sumus
3775 3922 3788 3960 :

2139 4002 2435 4070 Quotquot
2464 3999 2622 4055 enim
2656 4003 2998 4070 receperunt
3028 4015 3186 4065 eum,
3211 4020 3237 4047 ι)
3275 4003 3338 4052 ut
3367 3996 3649 4066 scriptum
3681 4002 3790 4062 est,

2138 4089 2295 4144 dedit
2342 4089 2426 4143 eis
2479 4091 2823 4159 potestatem
2876 4087 3029 4142 filios
3079 4086 3175 4140 Dei
3225 4085 3370 4151 ﬁeri,
3405 4085 3503 4156 qui
3558 4102 3675 4139 non
3723 4101 3789 4138 ex

2138 4177 2548 4250 sanguinibus,
2577 4194 2762 4247 neque
2793 4193 2859 4230 ex
2891 4175 3187 4230 voluntate
3218 4175 3434 4242 carnis,
3462 4175 3562 4230 sed
3587 4191 3654 4228 ex
3676 4178 3788 4228 Deo

2139 4267 2256 4321 nati
2293 4272 2432 4322 sunt
2461 4269 2520 4319 Ν.
2563 4289 2588 4314 ››
2631 4265 2742 4320 Sed
2792 4266 2948 4320 sicut
2978 4281 3106 4329 nos,
3137 4263 3234 4333 qui
3282 4280 3350 4317 ex
3384 4268 3494 4318 Deo
3539 4264 3659 4316 nati
3691 4280 3790 4317 su-

2139 4373 2289 4422 mus,
2325 4373 2437 4411 non
2470 4372 2680 4410 sumus
2719 4372 2788 4410 ex
2823 4361 2984 4409 utero
3035 4353 3418 4426 hypostaseos
3450 4352 3628 4424 geniti
3665 4369 3676 4406 :
3717 4353 3796 4406 ita

2136 4451 2191 4500 et
2225 4445 2468 4518 spiritus
2504 4444 2603 4516 qui
2636 4461 2704 4498 ex
2755 4445 2868 4500 Deo
2922 4443 3246 4514 procedunt
3273 4458 3341 4496 ex
3389 4457 3484 4496 ore
3518 4441 3794 4512 hyposta-

2136 4552 2267 4591 seos
2293 4535 2420 4606 ejus
2445 4552 2557 4590 non
2589 4539 2747 4588 sunt.
2777 4536 2849 4589 At
2873 4532 3126 4603 Spiritus
3157 4541 3394 4587 sanctus
3422 4534 3512 4585 est
3539 4529 3795 4600 Spiritus

2140 4641 2205 4679 ex
2238 4641 2335 4679 ore
2385 4624 2766 4696 hypostaseos
2821 4622 3010 4693 ipsius
3044 4640 3056 4678 :
3091 4645 3117 4672 ‹‹
3153 4621 3298 4678 Nam
3349 4619 3522 4675 verbo
3565 4619 3792 4674 Domini

2139 4714 2269 4770 caeli
2316 4714 2531 4769 firmati
2583 4719 2743 4783 sunt,
2775 4719 2831 4768 et
2877 4711 3094 4784 Spiritu
3127 4709 3243 4767 oris
3293 4713 3422 4779 ejus
3455 4709 3646 4765 omnis
3678 4708 3790 4764 vir-

2139 4808 2235 4859 tus
2267 4803 2549 4858 eorum".
2583 4826 2608 4852 ››
2643 4803 2712 4858 Et
2745 4803 2912 4857 Pater
2945 4801 3086 4856 dicit
3119 4821 3131 4852 :
3175 4825 3192 4849 υ
3225 4801 3364 4855 Ecce
3401 4799 3579 4855 Filius
3604 4815 3790 4866 meus,

2136 4893 2387 4948 dilectus
2421 4910 2610 4963 meus,
2640 4892 2699 4946 in
2747 4909 2863 4964 quo
2894 4890 3252 4962 complacuit
3281 4889 3478 4946 anima
3510 4907 3657 4955 mea,
3690 4906 3790 4958 po-

2135 4998 2272 5037 nam
2304 4981 2587 5054 Spiritum
2619 4998 2815 5038 meum
2841 4997 3020 5053 super
3050 4981 3247 5053 ipsum
3271 4981 3332 5034 ¹⁶.
3367 5003 3394 5030 ››
3431 4982 3624 5034 Anam.
3657 4977 3712 5032 Si
3737 4985 3795 5033 et

2139 5069 2316 5126 Filius
2349 5077 2438 5126 est
2485 5088 2554 5126 ex
2600 5071 2926 5144 hypostasi,
2958 5075 3016 5125 et
3064 5069 3319 5142 Spiritus
3369 5085 3437 5124 ex
3467 5068 3792 5140 hypostasi,

2135 5158 2343 5215 fratres
2375 5165 2515 5216 sunt
2562 5159 2785 5232 igitur?
2819 5161 2972 5216 Orlh.
3005 5159 3210 5216 Absit!
3260 5157 3462 5214 nullus
3490 5158 3601 5212 hoc
3630 5157 3791 5212 dicit.

2133 5250 2435 5312 Quomodo
2475 5250 2633 5304 enim
2680 5249 2860 5306 Filius
2892 5257 2979 5305 est
3012 5248 3374 5320 unzgenitus,
3407 5247 3455 5302 si
3507 5247 3622 5302 duo
3653 5252 3794 5300 sunt

2134 5337 2387 5393 fratres?
2419 5339 2608 5393 Anam.
2643 5341 2942 5405 Quomodo
2973 5339 3150 5411 igitur
3172 5344 3228 5392 ct
3264 5337 3441 5391 Filius
3472 5340 3562 5391 est
3593 5351 3658 5390 ex
3693 5335 3789 5407 hy-

2397 5485 2439 5519 ”
2472 5483 2616 5540 Psal.
2648 5501 2823 5552 xxxn,
2855 5486 2908 5539 6.
2990 5485 3034 5519 ¹⁰
3068 5489 3177 5539 lsa.
3211 5500 3345 5552 XLII,
3382 5483 3432 5536 1.

2211 5645 2322 5716 (80)
2350 5644 2655 5701 Palatinus
2685 5650 2744 5702 et
2777 5645 3053 5712 Felckm.,
3085 5643 3231 5699 ἀλλὰ
3258 5645 3319 5699 τὸ
3357 5643 3469 5717 μέν.
3557 5713 3562 5718 η
