4116 6364
322 378 477 438 H47

1490 379 1553 441 S.
1602 378 2120 440 ATHANASIUS.
2154 411 2223 421 —
2256 375 2570 439 SPURIA.

3592 374 3742 437 1148

322 511 545 587 postasi
575 514 633 567 et
660 509 935 584 Spiritus,
969 527 1158 585 neque
1185 516 1383 569 tamen
1407 518 1548 570 sunt
1576 514 1692 569 duo
1722 510 1977 568 fratres?

2101 506 2355 586 ὶδελφοίς
2387 509 2539 582 Ὀρθ.
2576 507 2674 562 Διὰ
2726 510 2889 562 τοῦτο
2929 509 2958 562 6
3010 507 3127 568 Υἱὸς
3184 507 3247 562 οὑ
3307 507 3472 579 μόνον
3525 507 3586 563 ἐκ
3635 516 3737 579 τῆς

321 603 477 660 Orth.
509 603 820 674 Propterea
849 601 1033 657 Filius
1073 602 1267 659 dictus
1296 608 1391 659 est
1437 620 1567 660 esse
1600 619 1712 659 non
1743 607 1974 658 tantum

319 709 387 749 ex
431 691 753 764 bypostasi,
787 708 984 747 verum
1043 691 1218 747 etiam
1252 708 1320 747 ex
1374 698 1577 761 utero;
1627 697 1685 748 et
1720 691 1976 764 Spiritus

321 786 563 840 sanctus
592 798 706 835 non
730 784 957 836 tantum
997 797 1065 837 ex
1095 781 1419 854 bypostasi,
1454 783 1554 838 sed
1583 782 1758 837 etiam
1788 781 1976 853 Spiri-

323 877 422 927 tus
453 871 590 938 oris,
623 875 688 925 ut
717 870 1047 926 differentia
1088 872 1166 925 sit
1195 888 1308 926 non
1344 872 1542 927 habita
1571 872 1698 941 ejus
1729 870 1973 937 ratione,

326 960 478 1034 quod
514 959 632 1016 sint
662 977 729 1016 ex
778 960 1099 1032 bypostasi,
1132 962 1231 1017 sed
1267 978 1517 1034 quorum
1551 978 1705 1016 unus
1737 961 1971 1033 quidem

325 1067 394 1107 ex
424 1055 587 1105 utero
619 1050 715 1120 sit,
744 1049 891 1105 alter
918 1067 985 1105 ex
1017 1065 1134 1105 ore.

393 1142 484 1195 20.
517 1142 709 1196 Anam.
754 1139 921 1194 Aliud
968 1156 1105 1211 ergo
1154 1143 1244 1195 est
1292 1156 1377 1206 os,
1414 1139 1571 1195 aliud
1618 1144 1707 1196 est
1747 1146 1973 1211 uterus,

323 1229 483 1287 aliud
515 1229 896 1302 hypostasis?
945 1228 1096 1285 Orth.
1128 1228 1254 1283 Non
1287 1228 1443 1284 aliud
1475 1235 1533 1284 et
1576 1228 1757 1295 aliud,
1788 1234 1854 1284 ut
1882 1246 1974 1285 res

321 1323 423 1375 aut
450 1318 836 1391 tritonymum
887 1317 1213 1389 quidpiam.
1266 1318 1460 1375 Anam.
1510 1318 1582 1375 Ut
1621 1319 1760 1391 quid
1793 1322 1978 1391 ergo?

320 1408 474 1464 Orth.
509 1407 583 1464 Ut
609 1406 769 1463 aliud
804 1408 1037 1479 quidem
1074 1406 1437 1477 signiﬁcante
1466 1409 1789 1480 hypostasi,
1813 1407 1971 1463 aliud

316 1505 502 1566 utero,
537 1501 595 1553 et
624 1496 781 1552 aliud
822 1512 939 1551 ore.
968 1497 1163 1551 Anam.
1192 1497 1337 1563 Quid
1373 1497 1666 1569 signiﬁcat
1696 1498 1974 1570 byposta-

324 1587 432 1654 sis,
464 1586 604 1658 quid
637 1601 723 1655 os,
756 1585 895 1658 quid
932 1584 1176 1642 uterus?
1223 1586 1371 1642 Orth.
1406 1586 1752 1660 Hypostasis
1781 1586 1975 1643 decla-

318 1679 432 1744 rat,
478 1673 541 1728 τὸ
591 1677 744 1745 εἶναι,
798 1674 857 1730 id
907 1678 998 1731 est
1045 1696 1074 1725 ‹‹
1105 1690 1233 1730 esse
1269 1697 1295 1723 »ι
1340 1694 1353 1731 :
1405 1681 1608 1732 uterus
1656 1676 1974 1749 generandi

320 1764 479 1821 vim:
505 1780 591 1832 os,
622 1764 815 1836 ipsam
847 1765 1090 1820 docendi
1125 1764 1483 1821 facultatem.
1509 1766 1810 1831 Quomodo
1839 1782 1974 1822 vero

2089 600 2451 666 ὑποστάσεως,
2506 596 2653 653 ἀλλὰ
2706 598 2796 653 καὶ
2852 598 2911 653 ἐκ
2961 598 3195 673 γαστρὸς
3245 596 3476 674 εἴρηται·
3527 598 3616 654 καὶ
3672 598 3735 655 τὸ

2086 690 2309 759 Ιίνεῦμα
2367 689 2430 743 οὑ
2490 687 2656 761 μόνον
2717 687 2775 743 ἐκ
2838 694 2935 757 τῆς
3020 687 3384 761 ὑποστάσεως,
3444 687 3591 744 ἀλλὰ
3643 688 3734 744 καὶ

2087 779 2313 850 Πνεῦμα
2369 776 2641 850 στόματος
2697 774 2929 853 εἷ’ρηται·
2973 775 3065 831 ’ἕνα
3112 779 3147 847 ἡ
3181 774 3416 856 διαφορὰ
3475 778 3551 852 μή
3602 779 3739 833 κατᾶ

2084 866 2175 920 τὸν
2235 864 2294 920 ἐκ
2349 873 2449 936 τῆς
2510 866 2852 929 ὑποστάσεως
2902 865 3068 942 λόγον
3128 867 3371 944 γένηται,
3404 865 3551 924 ἀλλὰ
3603 868 3737 924 κατᾶ

2086 954 2176 1009 τὸν
2211 957 2326 1028 (81)
2357 953 2415 1009 ἐκ
2435 956 2667 1031 γαστρὸς
2696 956 2786 1009 καὶ
2817 955 3108 1028 στόματος.

2156 1137 2245 1189 20·
2281 1133 2469 1207 ’Δνόμ.
2501 1132 2684 1190 ’Ἄλλο
2718 1132 2808 1188 οῦν
2839 1133 3037 1208 στόμα,
3069 1135 3160 1190 καὶ
3200 1133 3341 1190 ἀλλο
3386 1138 3615 1211 γαστὴρ,
3646 1137 3733 1192 καὶ

2087 1221 2228 1278 ἀλλο
2263 1223 2571 1291 ὑπόστασις,
2605 1225 2885 1299 Ὀρθ.οὑκ
2916 1224 3056 1281 ἄλλο
3088 1223 3177 1279 καὶ
3207 1223 3462 1296 ἀλλὸ,ὡς
3490 1232 3734 1300 πρᾶγμα,

2087 1314 2162 1375 ὡς
2191 1313 2532 1386 τριτώνυμόν
2563 1334 2637 1368 τι.
2665 1314 2860 1388 Ἀνόμ.
2897 1311 3058 1369 Ἀλλ’
3085 1314 3161 1376 ὡς
3190 1315 3242 1370 τί
3271 1333 3285 1385 ;
3317 1315 3450 1391 Opi).
3484 1316 3571 1379 Ὡς
3596 1315 3737 1372 ἄλλο

2083 1423 2137 1457 τι
2167 1404 2280 1477 (82)
2310 1402 2684 1476 σημαινούσης
2739 1410 2841 1474 τῆς
2900 1404 3267 1473 ὑποστάσεως,
3298 1405 3389 1460 καὶ
3447 1402 3588 1461 ἄλλο
3639 1412 3739 1475 τῆς

2085 1492 2336 1567 γαστρὸς,
2367 1493 2458 1547 καὶ
2488 1492 2627 1549 ἄλλο
2672 1497 2767 1548 τοῦ
2817 1494 3107 1566 στόματος.
3141 1493 3327 1567 Ἀνόμ.
3371 1492 3432 1548 Τί
3485 1495 3738 1566 σημαίνει

2084 1583 2119 1651 ἠ
2154 1581 2466 1650 ὑπόστασις,
2497 1582 2588 1637 καὶ
2615 1582 2670 1637 τί
2698 1582 2760 1637 τὸ
2792 1582 2989 1657 στόμα,
3018 1582 3107 1637 καὶ
3135 1581 3189 1637 τί
3221 1584 3256 1653 ἡ
3303 1585 3511 1659 γαστήρ
3538 1602 3552 1652 ;
3585 1584 3734 1659 Ὀρθ.

2084 1672 2148 1728 Ἡ
2178 1670 2470 1732 ὑπόστασις
2497 1671 2560 1726 τὸ
2603 1671 2738 1726 εἶναι
2788 1672 3064 1745 σημαίνει·
3107 1674 3142 1742 ἡ
3183 1672 3393 1748 ¹γαστὴρ
3442 1673 3505 1727 τὸ
3547 1693 3734 1747 γεννη-

2082 1760 2262 1815 τικόν·
2286 1760 2349 1815 τὸ
2380 1760 2557 1834 στόμα
2584 1760 2647 1815 τὸ
2680 1758 3006 1819 διδακτικόν.
3051 1764 3175 1823 ΙῙῶς
3209 1758 3267 1816 δὲ
3292 1765 3453 1836 γεννᾷ
3475 1762 3568 1816 τὸν
3611 1762 3732 1816 ι”ιὸν

319 1854 525 1929 gignat
545 1853 760 1909 Filium
791 1857 965 1919 Deus,
998 1858 1057 1910 et
1086 1856 1379 1926 quomodo
1408 1854 1688 1927 Spiritum
1720 1856 1971 1926 emittat,

2101 1852 2113 1904 ὖ
2170 1848 2322 1921 Θεὸς,
2380 1849 2443 1904 οὑ
2490 1848 2979 1925 πολυπραγμονῶ·
3029 1850 3120 1905 καὶ
3179 1854 3299 1913 πῶς
3355 1848 3619 1924 ἐκπέμπει
3670 1850 3734 1906 τὸ

2101 1939 2133 1954 μ.
2197 1941 2225 1952 ..
2370 1939 2384 1954 .
2483 1936 2495 1954 ι
2672 1938 2685 1952 .
2828 1936 2848 1954 ς
3164 1939 3193 1950 .-
3281 1938 3407 1954 ..η
3641 1939 3655 1954 ,

318 1942 547 2000 curiose
575 1959 690 1999 non
723 1943 1047 2015 pervestigo
1081 1960 1094 1996 ε
1130 1944 1230 1998 sed
1263 1945 1433 1999 credo
1468 1944 1675 2000 Filium
1707 1945 1971 2019 genitum

2101 1939 2330 2010 Πνεῦμα,
2363 1936 2574 2010 ὁμοίως
2631 1938 2694 1993 οὑ
2750 1936 3222 2015 πολυπραγμονῶ·
3272 1938 3415 1995 ἀλλὰ
3471 1939 3730 2011 πιστεύω,

319 2030 713 2103 inexplicabili
748 2032 920 2087 modo
949 2035 1006 2087 et
1043 2033 1265 2105 absque
1312 2033 1587 2105 passione
1635 2034 1774 2101 ulla,
1808 2038 1866 2091 et
1895 2035 1973 2091 si-

324 2120 543 2177 militer
584 2120 862 2193 Spiritum
918 2125 1186 2177 sanctum
1234 2123 1546 2193 procedere
1584 2123 1977 2196 inexplicabili

328 2210 503 2267 modo
529 2213 586 2265 et
617 2210 838 2281 absque
860 2211 1133 2284 passione
1158 2211 1297 2268 ulla.
1327 2213 1524 2269 Anom.
1555 2212 1665 2269 Ubi
1695 2218 1784 2270 est
1810 2230 1892 2282 os,
1926 2217 1984 2269 et

330 2304 556 2367 uterus,
587 2302 645 2355 et
685 2298 1039 2371 hypostasis,
1073 2300 1213 2373 quid
1265 2300 1446 2372 aliud,
1479 2318 1656 2373 quam
1688 2304 1981 2376 composi-

328 2389 548 2445 tionem
580 2387 790 2457 dicas?
818 2388 973 2445 0rlh.
1025 2390 1524 2462 Compositionem
1576 2408 1692 2448 non
1723 2393 1987 2450 efﬁciunt

337 2478 460 2534 hec
490 2477 750 2534 nomina.
772 2477 1024 2534 Omnino
1052 2479 1210 2534 enim
1232 2479 1346 2535 ista
1370 2497 1484 2536 non
1512 2481 1811 2555 dicuntur,
1830 2485 1897 2537 ut
1916 2482 1988 2538 de

339 2565 625 2623 membris
653 2566 865 2623 solent.
886 2570 1080 2624 Anam.
1113 2568 1411 2640 Os,nonne
1435 2574 1525 2627 est
1552 2572 1733 2628 os?et
1760 2576 1986 2639 uterus,

340 2673 533 2713 annon
566 2659 657 2713 est
684 2660 888 2713 uterus
909 2658 937 2712 ?
968 2657 1115 2713 Orth.
1148 2662 1272 2714 Non
1306 2675 1480 2715 omne
1509 2677 1575 2716 os
1604 2665 1695 2717 est
1717 2661 1876 2716 idem
1899 2678 1985 2729 os,

340 2761 530 2818 neque
558 2744 750 2802 omnis
794 2750 996 2802 uterus
1041 2750 1133 2803 est
1160 2746 1317 2803 idem
1350 2752 1554 2805 uterus
1586 2767 1600 2805 :
1632 2766 1768 2805 nam
1801 2765 1990 2822 neque

339 2852 515 2892 omne
552 2851 617 2891 os
647 2839 736 2891 est
764 2836 1119 2909 membrum,
1144 2854 1333 2909 neque
1363 2839 1558 2895 omnis
1590 2843 1794 2896 uterus
1825 2857 1988 2913 pror-

337 2941 442 2982 sus
472 2925 803 2981 membrum
844 2930 953 2981 est.
1001 2927 1195 2985 Anam.
1226 2928 1333 2991 Qui
1365 2944 1501 2984 vero
1546 2929 1649 2984 ﬂat
1678 2934 1747 2985 ut
1774 2946 1840 2987 os
1872 2946 1987 2986 non

337 3012 417 3069 sit
446 3028 531 3082 os,
564 3016 622 3068 et
668 3016 869 3068 uterus
921 3030 1035 3070 non
1087 3014 1164 3069 sit
1197 3018 1443 3071 uterus?
1491 3016 1640 3072 Orth.
1688 3017 1992 3090 Scriptura

340 3100 543 3157 multis
568 3100 713 3158 locis
744 3118 809 3158 os
839 3102 1020 3175 gladii
1063 3104 1410 3173 nominavit,
1442 3121 1549 3161 nec
1578 3106 1876 3178 quispiam
1908 3108 1991 3163 ita

2087 2025 2169 2081 ὅτι
2199 2027 2291 2081 καὶ
2324 2027 2351 2081 6
2382 2027 2507 2088 Υἱὸς
2555 2033 2801 2101 γεννᾶται
2835 2027 3087 2103 ἀρῥήτως
3131 2028 3221 2083 καὶ
3265 2027 3508 2095 ἀπαθῶς,
3538 2030 3629 2083 καὶ
3671 2028 3736 2083 τὸ

2091 2118 2315 2188 Πνεῦμα
2371 2114 2716 2190 ἐκπορεύεται
2770 2115 3023 2192 ἀῤῥήτως
3092 2117 3181 2172 καὶ
3241 2117 3481 2182 ἀπαθῶς.
3540 2118 3735 2190 ’Δνόμ.

2091 2207 2261 2263 "Evilat
2317 2204 2513 2279 στόμα,
2545 2205 2632 2260 καὶ
2690 2207 2922 2282 γαστὴρ,
2971 2205 3065 2262 καὶ
3121 2207 3433 2280 ὑπόστασις,
3485 2205 3538 2261 τί
3594 2204 3740 2262 ἄλλο

2092 2293 2232 2350 ἐστὶν
2264 2294 2300 2363 ἢ
2348 2293 2588 2349 σύνθεσιν
2649 2294 2857 2365 είπεῖν;
2891 2296 3041 2370 Ὀρθ.
3099 2294 3349 2351 Σύνθεσιν
3408 2297 3474 2351 οὑ
3523 2300 3744 2352 ποιοῦσι

2094 2386 2161 2440 τὰ
2188 2384 2451 2458 ὀνόματα·
2486 2381 2613 2440 οὑδὲ
2668 2386 2774 2461 γὰρ
2830 2383 3046 2447 πάντως
3102 2384 3191 2440 ἐπὶ
3244 2384 3427 2459 μελῶν
3470 2386 3741 2461 Λέγονται.

2098 2475 2297 2548 Ἀνόμ.
2336 2474 2408 2528 Τὸ
2438 2472 2614 2547 στόμα
2653 2474 2753 2529 οὑκ
2799 2470 2908 2529 ἔστι
2941 2474 3145 2548 στόμα;
3177 2474 3268 2529 καὶ
3316 2477 3350 2544 ἠ
3401 2475 3612 2550 γὰστήρ
3646 2474 3746 2529 οὑκ

2099 2560 2210 2619 ἔστι
2263 2564 2512 2639 γαστήρ;
2547 2563 2696 2639 Ὀρθ.
2748 2562 2825 2618 Od
2875 2568 2978 2618 πᾶν
3036 2562 3214 2636 στόμα
3255 2564 3317 2618 τὸ
3365 2563 3496 2619 αὑτὸ
3551 2562 3750 2637 στόμα,

2099 2650 2225 2709 οὑδὶ
2280 2658 2426 2707 πᾶσα
2479 2653 2690 2728 γαστὴρ
2747 2654 2783 2722 ἡ
2830 2652 2968 2721 αὑτὴ
3033 2654 3262 2729 γαστήρ·
3299 2649 3425 2711 οὑδὲ
3481 2651 3585 2727 γὰρ
3643 2657 3749 2707 πᾶν

2100 2744 2277 2816 στόμα
2330 2742 2443 2797 ἐστὶ
2506 2739 2694 2816 μέλος,
2746 2739 2873 2796 οὑδὲ
2926 2747 3070 2796 πᾶσα
3108 2742 3318 2818 γαστήρ
3368 2741 3583 2804 πάντως
3639 2740 3751 2797 ἐστὶ

2104 2830 2290 2907 μέλος.
2325 2830 2516 2905 Ἀνόμ..
2554 2833 2650 2885 Καὶ
2679 2835 2799 2893 πῶς
2830 2827 3048 2886 δύναται
3089 2825 3267 2905 στόμα
3317 2832 3392 2905 μή
3441 2832 3573 2887 εἶναι
3623 2829 3748 2886 στό-

2103 2942 2197 2997 μα,
2228 2921 2319 2977 καὶ
2379 2920 2587 2995 γαστὴρ
2648 2921 2723 2993 μὴ
2782 2919 2918 2975 εἶναι
2968 2921 3212 2996 γαστήρ;
3246 2921 3394 2995 Ὀρθ.
3445 2921 3511 2977 Ἠ
3559 2921 3747 3000 Γραφή

2098 3010 2395 3086 πολλαχοῦ
2425 3010 2602 3082 στόμα
2631 3009 2905 3086 μαχαίρας
2930 3009 3202 3081 ὠνόμασε·
3233 3010 3325 3064 καὶ
3376 3006 3557 3071 οὑδεὲς
3605 3008 3749 3064 οὕτω

2104 3099 2367 3176 μέμηνεν,
2399 3097 2537 3155 ὥστε
2584 3098 2762 3173 λέγειν
2798 3097 2969 3172 μέλος
3024 3095 3171 3175 ἔχειν
3214 3098 3313 3167 τὴν
3375 3096 3675 3175 μάχαιραν,
3718 3099 3750 3155 ὃ

336 3189 577 3259 insanit,
628 3195 693 3247 ut
735 3192 894 3247 dicat
934 3191 1194 3265 gladium
1249 3210 1317 3249 eo
1366 3195 1625 3252 membro
1678 3197 1987 3269 praeditum

2101 3190 2345 3248 καλεῖται
2406 3188 2599 3263 στόμα·
2633 3187 2781 3244 ἀλλὰ
2835 3188 2965 3244 αὑτὸ
3011 3188 3076 3243 τὸ
3123 3187 3455 3244 ἀναλωτικὸν
3484 3193 3587 3257 τῆς
3647 3207 3753 3260 μα-

335 3295 486 3349 esse,
531 3281 685 3353 quod
728 3297 795 3336 os
842 3286 1122 3349 vocatur;
1173 3284 1274 3339 sed
1322 3284 1627 3358 Scriptura
1654 3303 1718 3343 os
1764 3286 1988 3343 vocavit

2104 3279 2300 3357 χαίροις
2359 3256 2535 3352 στόμα
2589 3276 2859 3351 ὠνόμασε·
2905 3276 3018 3345 καὶ,
3067 3275 3127 3332 ἐκ
3185 3278 3346 3339 ποίας
3405 3273 3464 3332 δὲ
3520 3256 3752 3353 γαστρὸς

337 3368 507 3439 illud,
539 3386 657 3442 quo
704 3369 939 3443 gladius
980 3372 1244 3429 absumit
1274 3390 1287 3428 :
1321 3378 1542 3430 etcum
1591 3375 1734 3431 dicit
1776 3393 1846 3433 ex
1874 3393 1991 3449 quo

339 3463 503 3516 utero
553 3460 853 3532 proveniat
899 3459 1139 3534 glacies,
1198 3467 1428 3519 uterum
1478 3481 1821 3536 corporeum
1873 3484 1988 3523 non

341 3550 589 3621 requirit
648 3566 661 3604 :
723 3554 782 3606 et
840 3567 970 3606 cum
1027 3551 1229 3608 faciem
1281 3553 1438 3626 ignis
1494 3554 1637 3611 dicit
1684 3571 1799 3611 non
1853 3557 1994 3612 dicit

340 3639 540 3712 ignem
567 3655 699 3695 esse
728 3639 992 3696 humana
1021 3641 1211 3698 forma
1239 3644 1575 3715 praeditum,
1603 3646 1777 3717 cujus
1807 3663 1991 3703 mem-

340 3728 517 3785 brum
546 3744 732 3784 unum
765 3729 842 3785 sit
889 3729 1088 3801 facies,
1119 3731 1367 3789 alterum
1400 3750 1534 3790 vero
1564 3734 1757 3807 ignis;
1802 3751 1995 3807 neque

340 3818 550 3876 faciem
600 3822 766 3875 terrae
814 3819 1035 3889 dicens,
1067 3824 1284 3878 terram
1328 3822 1471 3879 dicit
1520 3824 1840 3880 humanam
1876 3827 1993 3881 for—

344 3924 502 3964 mam
528 3908 761 3964 referre.

412 3997 502 4053 2L
537 3998 730 4054 Anam.
782 4001 857 4053 At
905 3999 1147 4056 ubinam
1196 4001 1417 4057 dictum
1469 4006 1562 4059 est
1607 4007 1827 4061 terram
1857 4006 1997 4076 {esse

346 4086 492 4143 facie
524 4087 826 4159 praaditam
849 4087 878 4142 ?
906 4089 1057 4146 Orth.
1091 4090 1384 4163 Scriptum
1439 4095 1530 4148 est
1559 4093 1713 4165 apud
1747 4094 1994 4168 prophe-

347 4181 468 4232 tam
502 4194 514 4232 :
553 4198 579 4225 ‹‹
609 4176 717 4241 Qui
750 4177 918 4250 fugit,
951 4178 1061 4235 erit
1090 4186 1156 4235 ut
1202 4182 1301 4252 qui
1335 4181 1487 4255 fugit
1516 4199 1551 4238 a
1580 4183 1725 4240 facie
1753 4184 1929 4257 ignis.
1966 4205 1993 4234 »ι

349 4266 417 4321 Et
464 4265 525 4321 in
575 4266 784 4323 Genesi
831 4267 969 4323 Cain
1018 4268 1214 4340 inquit
1246 4287 1258 4324 :
1290 4271 1349 4326 Si
1398 4272 1564 4342 eiieis
1616 4290 1711 4329 me
1754 4274 1926 4330 hodie
1965 4291 1999 4330 a

345 4354 492 4411 facie
511 4359 700 4421 terras,
729 4358 906 4412 etiam
938 4373 971 4412 ει
1002 4358 1146 4414 facie
1174 4361 1277 4415 tua
1306 4361 1633 4419 abscondar
1653 4364 1717 4417 1⁷.
1743 4385 1772 4414 ››
1802 4363 1996 4419 Anam.

346 4445 455 4501 Sed
503 4462 633 4500 cum
682 4446 755 4501 de
802 4447 1204 4505 animantibus
1252 4448 1369 4505 ista
1416 4452 1654 4508 nomina
1699 4452 1995 4525 dicuntur,

347 4535 614 4590 membra
644 4533 947 4591 declarant
978 4554 990 4593 :
1024 4536 1081 4592 in
1132 4538 1206 4595 iis
1233 4556 1387 4607 vero,
1420 4557 1548 4613 quae
1598 4558 1810 4597 sensus
1858 4545 2000 4598 sunt

2100 3369 2448 3447 ἐκπορεύεται
2476 3366 2843 3445 κρύσταλλος,
2877 3367 3124 3435 εἰποῦσα,
3158 3367 3221 3421 οὑ
3278 3367 3600 3440 σωματικὴν
3654 3386 3755 3442 γα-

2099 3460 2261 3536 στέρα
2316 3459 2581 3528 ἐπιζητεῖ·
2631 3457 2722 3512 καὶ
2777 3454 3068 3533 πρόσωπον
3127 3456 3298 3532 πυρὸς
3361 3454 3606 3523 εἲποῦσα,
3657 3455 3757 3519 οὑκ

2102 3545 2496 3626 ἆνθρωποειδὲς
2529 3544 2677 3622 λέγει
2708 3547 2772 3601 τὸ
2822 3550 2951 3621 πῦρ,
2983 3544 3074 3601 καὶ
3103 3547 3167 3601 τὸ
3214 3546 3308 3618 μὲν
3358 3546 3524 3601 αὑτοῦ
3585 3542 3755 3618 μέλος

2101 3639 2231 3695 εἶναι
2288 3636 2605 3712 πρόσωπον,
2636 3636 2698 3690 τὸ
2755 3632 2814 3690 δὲ
2868 3638 2999 3711 πῦρ·
3029 3633 3119 3690 καὶ
3175 3629 3473 3710 πρόσωπον
3522 3640 3627 3710 γῆς
3675 3634 3757 3689 εί-

2102 3732 2296 3800 ποῦσα,
2330 3726 2431 3783 οὑκ
2458 3722 2833 3802 ἀνθρωποειδῆ
2867 3724 3015 3801 λέγει
3044 3725 3143 3795 τὴν
3177 3732 3304 3801 γῆν.

2175 4000 2265 4053 21.
2324 3995 2520 4066 Ἀνόμ.
2596 3997 2709 4048 Ποῦ
2762 3992 2867 4070 γὰρ
2945 3991 3158 4068 εἴρηται
3233 3991 3526 4065 πρόσωπον
3605 3989 3754 4068 ἔχειν

2103 4088 2202 4157 τὴν
2234 4093 2378 4162 γῆν;
2411 4086 2561 4159 Ὀρθ.
2599 4107 2625 4133 ‹‹
2658 4084 2845 4140 Ἔσται
2877 4083 2906 4138 6
2937 4080 3168 4160 φεύγων,
3200 4082 3276 4144 ὡς
3325 4083 3354 4135 6
3389 4080 3598 4160 φεύγων
3650 4082 3754 4137 ἀπὸ

2105 4177 2407 4251 προσώπου
2461 4173 2655 4249 πυρὸς,
2707 4195 2735 4223 ››
2786 4171 2933 4247 παρὰ
2984 4176 3064 4243 τῷ
3118 4172 3375 4248 προφήτῃ
3429 4170 3753 4248 γέγραπται.

2107 4265 2207 4321 Καὶ
2263 4264 2316 4319 ἐν
2369 4266 2437 4338 τῇ
2496 4262 2702 4317 Γενέσει
2744 4261 2773 4315 6
2818 4258 2946 4315 Κάϊν
2977 4258 3145 4335 λέγει·
3179 4283 3206 4312 ‹‹
3241 4259 3305 4314 Εἰ
3358 4253 3633 4334 έκόἀλλῃς
3694 4281 3763 4333 με

2110 4358 2349 4431 σήμερον
2383 4353 2489 4408 ἀπὸ
2518 4350 2815 4427 προσώπου
2845 4356 2943 4419 τῆς
2998 4356 3120 4426 γῆς,
3150 4348 3241 4404 καὶ
3290 4348 3399 4404 ἀπὸ
3444 4352 3543 4404 τοῦ
3600 4370 3764 4426 προσ.

2110 4447 2264 4501 ώπου
2296 4463 2391 4498 σου
2421 4436 2791 4517 κρυϐήσομαι.
2827 4462 2854 4491 ››
2889 4438 3080 4513 Ἀνόμ.
3116 4437 3273 4494 Ἀλλ’
3303 4436 3427 4493 ὅταν
3469 4436 3558 4493 ἐπὶ
3610 4439 3765 4508 ζώων

2109 4534 2343 4610 λέγηται
2370 4537 2537 4587 ταῦτα
2565 4531 2630 4586 τὰ
2662 4529 2925 4604 ὀνόματα,
2960 4528 3101 4602 μέλη
3152 4527 3538 4602 σημαίνουσιν·
3571 4527 3660 4584 ἐπὶ
3707 4526 3767 4584 δὲ

346 4624 626 4694 expertia,
661 4624 946 4680 abusione
996 4629 1253 4698 quadam
1288 4634 1672 4701 usurpantur.
1708 4630 1859 4686 Orth.
1889 4633 1988 4686 An-

2106 4628 2214 4680 τῶν
2269 4622 2608 4692 ἀναισθήτων
2643 4622 2753 4692 (83)
2781 4622 3256 4695 καταχρηστικῶς.
3292 4619 3440 4693 Ὀρθ,
3490 4619 3565 4674 Οὑ
3613 4615 3765 4674 δοκεῖ

348 4728 466 4768 non
498 4712 605 4767 tibi
646 4712 874 4769 videtur
902 4716 1100 4772 anima
1148 4733 1277 4774 esse
1307 4719 1527 4774 animal
1548 4719 1576 4774 ‘?
1605 4721 1795 4775 Anam.
1828 4720 2000 4775 Sane.

347 4804 495 4856 Nam
547 4805 603 4856 et
652 4800 900 4874 angelus
947 4804 1167 4861 animal
1216 4811 1327 4878 est,
1360 4811 1418 4862 et
1446 4824 1653 4864 omnes
1702 4808 1995 4881 spiritus:

345 4893 653 4960 propterea
699 4891 857 4947 enim
905 4892 1080 4950 etiam
1131 4911 1338 4953 omnes
1376 4896 1672 4969 serapbim
1723 4897 2004 4953 animalia

344 4978 628 5035 dicuntur
658 4997 672 5037 :
704 4985 764 5036 et
793 4983 1079 5055 scriptum
1114 4988 1207 5040 est
1238 5000 1252 5042 :
1286 5006 1308 5035 ι
1340 4990 1514 5054 Deus,
1549 4986 1609 5041 in
1641 4987 1834 5043 medio
1865 4988 2003 5043 duo-

344 5084 478 5124 rum
500 5069 845 5126 animalium
869 5074 1242 5143 cognosceris
1269 5075 1332 5129 ’³.
1361 5097 1388 5125 ››
1419 5076 1570 5132 Orth.
1597 5075 1804 5132 Dicens
1823 5076 2004 5149 igitur

341 5157 496 5214 Deus
528 5176 540 5214 :
574 5181 603 5210 (ι
635 5161 810 5231 Aperi
842 5177 908 5217 os
940 5162 1097 5219 420
1127 5167 1295 5218 tuum
1330 5169 1387 5219 et
1419 5164 1675 5236 implebo
1706 5164 1850 5221 illud
1874 5166 1937 5237 1°,
1973 5188 2001 5217 ››

338 5247 638 5318 quodnam
660 5265 728 5305 os
758 5248 934 5306 dicit?
949 5251 1215 5307 EtDavid
1234 5252 1382 5325 psal.
1403 5270 1615 5310 cxvm:
1648 5273 1668 5303 ι
1693 5254 1769 5311 Os
1801 5271 1999 5311 meum

415 5457 460 5494 ³⁷
488 5461 695 5515 Genes.
728 5476 806 5532 ιν,
841 5461 926 5518 14.
1006 5462 1046 5497 ¹⁸
1077 5461 1295 5519 Habac.
1331 5480 1410 5531 ιιι,
1439 5465 1494 5519 2.
1575 5463 1722 5522 Psal.
1758 5481 1922 5535 Lux,
1957 5465 2042 5519 11.

444 5653 537 5713 81)
566 5654 891 5713 Palatinus.
922 5653 1069 5712 ἀλλὰ
1095 5656 1186 5713 καὶ
1214 5656 1350 5712 κατὰ
1374 5659 1486 5713 τόν.

444 5654 509 5709 81
566 5654 868 5712 Palatinus
922 5654 1069 5712 ἀλλὰ
1095 5656 1186 5713 καὶ
1214 5678 1302 5712 κατ

423 5654 542 5800 issi
571 5728 733 5797 Μαι..
763 5699 922 5784 Ἀλλ’
953 5728 1027 5790 ὡς
1057 5727 1198 5786 ἄλλο
1229 5749 1302 5786 τι.

2115 4734 2199 4769 σοι
2256 4715 2291 4782 ἡ
2325 4712 2478 4787 ψυχὴ
2534 4715 2671 4780 ζῶον
2722 4710 2890 4778 εῖναι;
2924 4708 3115 4782 Ἀνόμ.
3150 4706 3252 4765 Καὶ
3310 4709 3471 4764 πάνυ.
3509 4708 3606 4763 Καὶ
3656 4708 3761 4784 γὰρ

2106 4803 2197 4859 καὶ
2229 4800 2461 4879 ἅγγελος
2497 4800 2634 4870 ζῶόν
2679 4797 2813 4871 ἐστι,
2852 4797 2942 4853 καὶ
3000 4798 3172 4852 πάντα
3219 4795 3286 4851 τὰ
3339 4796 3640 4871 πνεύματα·
3673 4795 3764 4852 διὰ

2109 4893 2213 4970 γὰρ
2247 4896 2409 4947 τοῦτο
2430 4890 2519 4946 καὶ
2548 4890 2616 4945 τὰ
2645 4888 2882 4967 σεραφὶμ
2916 4887 3028 4957 ζῶα
3056 4884 3449 4962 λέγονται·καὶ,
3470 4911 3499 4939 ‹‹
3523 4888 3586 4945 Ὀ
3607 4886 3758 4958 Θεὸς,

2110 4982 2161 5039 έν
2198 4983 2347 5056 μέσῳ
2378 4977 2473 5035 δύο
2508 4979 2663 5049 ζώων
2692 4978 3008 5054 γνωσθήσῃ,
3044 4975 3415 5056 ››γέγραπται.
3452 4976 3601 5050 Ὀρθ.
3637 4974 3757 5032 Ἐὰν

2111 5055 2205 5128 οῦν
2235 5069 2372 5146 λέγῃ
2406 5071 2434 5124 6
2465 5068 2923 5139 Θεός’‹‹”Ανοιξον
2946 5066 3006 5120 τὸ
3027 5055 3206 5137 στόμα
3235 5064 3455 5136 σου,καὶ
3476 5061 3758 5139 πληρώσω

2111 5162 2265 5231 αὑτὸ,
2300 5185 2325 5211 ιι
2358 5164 2517 5215 ποῖον
2551 5156 2701 5233 λέγει
2723 5155 2931 5229 στόμα;
2966 5155 3087 5211 Ἐὰν
3120 5152 3179 5211 δὲ
3207 5155 3236 5209 6
3270 5149 3435 5210 Δαϐὶδ
3465 5152 3518 5206 ἐν
3545 5156 3624 5225 τῷ
3655 5157 3762 5227 ριη’

2111 5249 2337 5328 ψαλμῷ·
2373 5274 2403 5302 ‹‹
2432 5250 2503 5304 Τὸ
2536 5247 2715 5319 στόμα
2747 5267 2852 5319 μου
2892 5243 3105 5316 ἤνοιξα,
3139 5242 3361 5301 ε’ίλκυσα
3406 5245 3646 5316 Πνεῦμα,
3680 5240 3765 5297 ὅτι

2185 5658 2301 5731 (83)
2332 5656 2570 5730 Regius,
2602 5654 2785 5712 Palat.
2818 5657 2875 5711 et
2904 5651 3147 5717 Felcm.,
3177 5648 3474 5723 αἰσθητῶν.
