4116 6386
390 382 543 445 1149

1373 385 1472 443 DE
1519 383 1819 442 SANCTA
1865 382 2293 442 TIilNI'I‘ATE
2343 383 2726 444 DIALOGUS
2775 384 2822 443 Ι.

3650 386 3808 444 1150

381 517 475 577 τὰς
535 513 759 575 ἐντολὰς
816 535 912 568 σου
972 513 1323 589 ᾔρετισαμεν,
1387 537 1413 564 ››
1454 519 1611 568 ποῖον
1648 513 1787 588 λέγει
1823 515 2030 584 στόμα;

2150 515 2373 585 aperui,
2407 517 2464 568 et
2493 515 2701 569 attraxi
2734 515 3043 586 Spiritum,
3077 515 3355 586 quoniam
3399 517 3676 571 mandata
3709 521 3808 571 tua

384 606 504 660 Ἐὰν
539 603 597 659 δὲ
627 603 759 680 λέγῃ
794 603 822 657 ὁ
857 597 1000 657 Ἰώϐ·
1039 628 1064 654 ‹‹
1101 600 1392 672 Ἀληθινὸν
1429 599 1484 656 δὲ
1537 602 1709 674 στόμα
1766 601 2038 674 ἐμπλήσει

382 694 653 770 γέλωτος,
689 717 716 742 ››
762 698 917 746 ποῖον
953 690 1094 766 λέγει
1128 691 1338 763 στόμα;
1377 690 1526 764 Ilo-th
1559 691 1612 745 δὲ
1648 687 2038 765 στόματιέϐόα

381 790 591 852 Μωσῆς
650 782 883 837 ἀκούων·
943 803 962 831 ι
1024 780 1082 834 Τί
1145 782 1276 856 βοᾷς
1329 781 1464 856 πρὸς
1520 780 1621 854 pi;
1672 781 1761 842 Τίς
1824 778 1879 834 δὲ
1940 779 2038 834 οὐκ

381 871 551 943 οἶδεν,
586 873 668 926 ὃτι
708 871 796 925 καὶ
832 869 1164 924 σιωπώντων
1217 869 1399 924 ἀκούει
1446 870 1472 924 ὁ
1523 871 1672 937 Θεὸς,
1724 876 2039 945 στεναγμοῖς

380 961 688 1031 ἀλαλήτοις
721 959 1037 1036 δβοώντων;
1092 959 1252 1014 Ποίαν
1307 957 1364 1012 δὲ
1412 958 1644 1034 γαστέρα
1692 961 1719 1013 ὁ
1749 962 2037 1038 προφήτης

381 1049 548 1127 λέγει·
592 1073 615 1102 ιι
644 1051 778 1105 Ἀπὸ
806 1053 904 1102 106
935 1043 1106 1126 φόϐου
1142 1070 1260 1117 σου,
1316 1048 1500 1123 Κύριε,
1550 1048 1599 1102 ἐν
1652 1048 1843 1123 γαστρὶ
1905 1047 2035 1102 ἐλά-

381 1135 575 1213 ϐομεν,
609 1139 697 1193 καὶ
735 1135 1102 1210 ὠδινησαμεν,
1133 1138 1222 1191 καὶ
1277 1137 1528 1210 ἐτέκομεν
1582 1143 1794 1210 πνεῦμα
1853 1159 2036 1208 σωτη-

380 1228 499 1305 ρίας
525 1229 612 1282 ἐπὶ
644 1235 744 1296 τῆς
773 1234 912 1304 γῆς;
949 1250 978 1277 ››
1007 1234 1208 1303 Ὥσπερ
1242 1228 1333 1282 οὖν
1383 1230 1416 1296 ἡ
1469 1229 1620 1303 ψυχὴ
1670 1228 1758 1282 καὶ
1805 1229 2036 1303 γαστέρα

380 1317 525 1396 ἔχειν
561 1319 797 1394 λέγεται,
843 1317 932 1372 καὶ
985 1318 1179 1391 στόμα,
1229 1319 1317 1372 καὶ
1370 1317 1709 1397 ὀφθαλμοθκ,
1758 1320 1845 1373 καὶ
1903 1321 2034 1390 ὦτα,

379 1410 468 1464 καὶ
498 1410 671 1463 πάντα
699 1408 766 1462 τὰ
798 1405 942 1462 ἄλλα
976 1406 1115 1478 μέλη
1168 1413 1264 1461 106
1316 1408 1593 1479 σώματος,
1648 1408 1739 1461 καὶ
1790 1408 1851 1462 οὐ
1912 1407 2035 1482 σόγ-

386 1520 552 1554 κειται
586 1497 646 1552 ἐκ
679 1496 882 1570 μελῶν
921 1495 1114 1563 οὕτως,
1149 1496 1272 1550 ὅταν
1321 1496 1553 1570 ἀκούσῃς
1601 1497 1686 1551 ἐπὶ
1737 1501 1891 1564 Θεοῦ,
1940 1501 2035 1551 106

388 1588 604 1658 ἀληθῶς
665 1587 982 1660 ἀσωμάτου,
1042 1586 1216 1659 στόμα
1366 1587 1617 1661 γαστέρα,
1673 1588 1747 1659 μή
1791 1587 2032 1642 σύνθεσιν

382 1677 515 1748 νόει,
548 1675 695 1732 ἀλλὰ
744 1675 978 1750 γαστέρα
1023 1677 1086 1729 τὸ
1128 1676 1466 1750 γεννητικὸν,
1500 1676 1677 1747 στόμα
1705 1676 1766 1729 τὸ
1799 1673 2034 1730 διδακτι-

380 1767 496 1835 κὸν,
531 1763 850 1843 ὀφθαλμοὺς
878 1764 941 1818 τὸ
970 1765 1386 1832 κατανοητικὸν,
1435 1766 1549 1819 ὦτα
1587 1765 1649 1818 τὸ
1693 1765 2032 1822 ἀκουστικὸν.

383 1855 482 1909 Καὶ
515 1851 603 1908 διὰ
649 1858 810 1908 τοῦτο
845 1853 904 1908 ἐκ
931 1855 1158 1929 γαστρὸς
1194 1850 1402 1928 ἔρηται
1443 1855 1470 1907 ὁ
1523 1855 1666 1922 Υἱὸς,
1717 1851 1902 1922 ἐπειδῆ
1953 1875 2034 1928 γε·

383 1943 654 2019 γέννηται·
688 1943 777 1997 καὶ
811 1939 900 1996 διὰ
926 1948 1087 1997 τοῦτο
1138 1947 1359 2015 Πνεῦμα
1401 1943 1669 2014 στόματος
1699 1943 1760 1997 τὸ
1795 1947 2034 2014 Πνεῦμα,

388 2031 574 2101 ἐπειδὴ
607 2030 935 2088 διδακτικόν.
972 2033 1072 2087 Καὶ
1105 2031 1283 2106 ὥσπερ
1331 2031 1392 2086 οὐ
1444 2030 1622 2107 λέγεις
1671 2033 1924 2107 γεννητὸν
1974 2032 2036 2086 τὸ

394 2124 630 2194 Πνεῦμα,
659 2119 755 2175 ’ἶνα
788 2122 864 2194 μή
900 2118 994 2175 δύο
1028 2121 1176 2182 υἱοὺς
1200 2119 1379 2196 εἷ’πῃς·
1415 2120 1588 2183 οὕτως
1624 2124 1697 2194 μὴ
1734 2121 1860 2195 λέγε
1908 2121 2036 2175 αὐτὸ

386 2212 632 2285 γενητὸν,
673 2210 765 2265 ’ἕνα
818 2212 892 2283 μὴ
941 2207 995 2265 ἓν
1040 2215 1150 2266 τῶν
1180 2216 1420 2287 γενητῶν
1455 2208 1627 2285 εἷ’πῃς,
1661 2211 1748 2264 καὶ
1781 2212 2038 2286 ἀναγκασ-

385 2303 483 2375 θῇς
512 2301 601 2355 καὶ
633 2297 832 2354 δοῦλον
866 2299 1034 2354 εἰπεῖν
1068 2297 1157 2353 διὰ
1185 2300 1278 2354 τὸν
1313 2299 1568 2375 εἰρηκότα
1601 2301 1918 2377 Ιιροερῆτην,
1951 2298 2032 2353 ὅτι

385 2414 413 2440 ‹‹
445 2391 523 2446 Τὰ
554 2388 836 2462 σύμπαντα
867 2386 1037 2443 δοῦλα
1064 2388 1148 2444 σά.
1188 2413 1208 2439 ι)

453 2675 759 2746 22.Ἀνόμ.
823 2673 992 2730 Εἶπον
1056 2672 1144 2728 καὶ
1205 2672 1254 2728 ἐν
1317 2672 1464 2749 ἀρχῇ
1519 2678 1615 2727 τοῦ
1664 2671 1856 2747 λόγου,
1907 2674 2034 2748 παρ’

385 2764 568 2838 ὀλιγον
606 2785 674 2836 με
710 2761 911 2825 πείθεις
967 2764 1366 2835 ὁμοουσιαστὴν
1421 2763 1686 2838 γενέσθαι.
1737 2763 1888 2837 Ὀρθ.
1935 2765 2033 2816 Γέο

382 2853 528 2909 νοιτό
592 2874 650 2907 σε
713 2852 904 2922 εἰπεῖν,
978 2853 1299 2928 Χριστιανὸν
1376 2853 1655 2927 γενέσθαιὲ
1737 2853 2029 2924 Γενόμενος

383 2944 484 3018 γὰρ
547 2945 663 3016 (84)
719 2942 1062 3016 Χριστιανὸς,
1115 2941 1406 3016 ἐπι-γνώσῃ,
1469 2941 1549 2995 ὅτι
1611 2939 1903 3013 ὁμοοόσιον
1951 2938 2033 2995 δεῖ

385 3031 559 3107 λέγειν
614 3031 719 3086 ἀπὸ
780 3035 886 3086 τῶν
941 3031 1096 3085 θείων
1146 3035 1370 3108 Γραφῶν
1430 3028 1726 3105 διδαχθείς.
1760 3031 1897 3086 ’Όσα
1927 3029 2028 3105 γὰρ

382 3118 496 3175 ἳδιά
544 3122 644 3175 εἶ’σι
696 3124 853 3192 Θεοῦ,
901 3125 1067 3174 ταῦτα
1115 3119 1268 3174 κοινὸ
1319 3119 1556 3194 Ιῐατρὸς,
1606 3120 1694 3175 καὶ
1737 3120 1884 3188 Υἱοῦ,
1940 3119 2029 3173 καὶ

382 3211 532 3285 ἁγίου
565 3209 903 3284 Ιίνεόματος.
937 3209 1124 3283 Ἀνόμ.
1161 3215 1284 3271 Πῶς
1316 3208 1525 3285 εἷ’ρηται
1577 3208 1723 3284 παρὰ
1762 3214 1840 3282 τῷ
1893 3208 2029 3286 ἁγίῳ

385 3299 726 3372 Ἀποστόλῳ,
760 3297 842 3353 ὅτι
871 3298 1018 3371 μόνῳ
1045 3303 1160 3372 Θεῷ
1189 3296 1449 3353 ἀδύνατόν
1478 3297 1591 3352 ἐστι
1620 3299 1680 3353 τὸ
1712 3299 2026 3373 ψεύσασθαι;

391 3388 536 3462 Ὀρθ.
577 3393 742 3442 Τοῦτο
776 3386 833 3442 δὲ
865 3386 951 3443 ἐπὶ
986 3389 1222 3465 ΙΙατρὸς,
1255 3388 1345 3442 καὶ
1377 3388 1524 3457 ι“ἱοῦ,
1558 3388 1646 3443 καὶ
1677 3387 1833 3463 ἁγίου
1863 3388 2028 3443 ΙΙνεό-

386 3497 556 3548 ματος
579 3475 1004 3552 λεχθήσεται.“0
1035 3477 1134 3553 γάρ
1168 3497 1307 3531 εστιν
1339 3474 1474 3532 ἴδιον
1506 3484 1607 3546 τῆς
1636 3477 2028 3555 φύσεως,τοῦτο

379 3565 559 3620 κοινὸν
613 3571 720 3621 τῶν
775 3567 1138 3622 ὑποστάσεων.
1189 3565 1379 3639 Ἀνόμ.
1442 3567 1668 3621 Δόναται
1719 3565 1776 3622 δὲ
1832 3566 2029 3639 ψεύσα-

378 3656 497 3709 σθαι
551 3657 618 3710 τὰ
677 3655 950 3732 σεραφίμ,
1014 3656 1160 3730 Ὀρθ.
1216 3653 1277 3711 Εἰ
1341 3656 1416 3728 μὴ
1465 3653 1682 3710 δύναται
1713 3655 2028 3728 ψεύσασθαι,

377 3744 555 3799 οὐκέτι
593 3745 756 3816 μόνος
789 3745 816 3799 ὁ
848 3743 977 3805 Θεὸς
1013 3741 1252 3817 ἀψευδής
1285 3744 1446 3801 ἐστιν.
1481 3745 1672 3818 Ἀνόμ.
1705 3744 1818 3801 Οὐκ
1860 3745 2028 3813 εἶπεν,

377 3833 458 3888 ὅτι
524 3833 678 3906 μόνῳ
708 3838 825 3906 Θεῷ
882 3831 1143 3887 ἀδύνατον
1174 3834 1236 3888 τὸ
1267 3832 1581 3907 ψεύσασθαι,
1633 3831 1758 3888 ἀλλ’
1788 3832 1870 3888 ὅτι
1902 3831 2030 3887 ἀδό-

378 3943 534 3977 νατον
617 3927 733 3995 Θεῷ
813 3921 1128 3996 ψεύσασθαι.
1209 3923 1356 3998 Ὀρθ.
1429 3928 1543 3977 ιιᾶν
1611 3921 1641 3976 ὅ
1686 3943 1738 3976 τι
1804 3923 2028 3998 γενητόν

376 4031 519 4088 ῑστιν
585 4013 716 4084 (85),
777 4009 993 4066 δύναται
1054 4011 1366 4084 ψεύσασθαι·
1418 4011 1507 4065 καὶ
1557 4008 1645 4065 διὰ
1690 4015 1851 4064 τοῦτο
1881 4011 1968 4064 καὶ
2001 4011 2028 4064 ὁ

377 4095 660 4172 διάϐολος,
695 4100 745 4154 ἐν
783 4101 931 4173 μέσῳ
961 4105 1067 4154 τῶν
1101 4095 1376 4175 χερουϐἱμ
1407 4097 1502 4171 ὢν,
1556 4097 1787 4170 ἐδυνήθη
1839 4100 2032 4173 ψεύσα-

378 4191 517 4247 σθαι.
552 4190 652 4244 Καὶ
681 4191 842 4244 τοῦτό
874 4188 984 4244 ἐστι
1013 4194 1120 4243 τῶν
1154 4187 1392 4263 λογικῶν
1427 4185 1705 4261 δυνάμεων
1758 4191 1791 4258 ἡ
1824 4189 2025 4264 τροπὴ,

375 4278 436 4332 τὸ
491 4279 807 4352 ψεύσασθαι.
881 4278 1009 4340 Θεὸς
1067 4274 1143 4347 δὲ,
1205 4279 1466 4351 ἄτρεπτος
1519 4275 1612 4348 ὢν,
1665 4276 1755 4332 καὶ
1790 4275 2026 4351 ἀψευδής

373 4366 503 4422 ἐστι·
562 4369 652 4423 καὶ
711 4363 891 4443 ὥσπερ
951 4367 1116 4440 μόνος
1176 4367 1439 4442 ἀτρεπτός
1498 4366 1632 4438 ἐστι,
1691 4367 1781 4421 καὶ
1863 4366 2026 4441 μόνος

374 4457 660 4526 ἀθάνατος,
703 4455 792 4511 καὶ
855 4456 1020 4529 μόνος
1079 4454 1333 4530 ἀόρατος,
1374 4456 1463 4510 καὶ
1517 4455 1680 4528 μόνος
1735 4457 2024 4534 ἄφθαρτος,

373 4545 545 4608 οὕτως
575 4547 664 4601 καὶ
695 4546 861 4619 μόνος
893 4542 1153 4619 ἀψευδής*
1203 4549 1364 4600 τοῦτο
1411 4542 1468 4599 δὲ
1515 4546 1698 4600 κοινόν
1749 4545 1859 4600 ἐστι
1909 4553 2020 4600 Πα-

2153 601 2294 673 elegi
2332 603 2434 666 2°,»
2467 605 2765 674 quodnam
2799 621 2863 658 os
2893 604 3078 658 dicit?
3102 606 3169 658 Et
3197 605 3304 658 Job
3336 605 3611 674 inquiens
3647 623 3704 660 :«
3731 608 3807 659 Os

2147 708 2320 746 verax
2352 692 2622 763 implebit
2654 693 2808 747 risus
2842 694 2942 758 2“,»
2983 696 3279 764 quodnam
3312 711 3376 748 os
3410 693 3806 765 inquit?Quo-

2149 797 2284 835 nam
2332 787 2527 836 autem
2582 799 2679 836 ore
2731 781 3022 837 clamabat
3077 783 3290 851 Moses,
3340 799 3472 837 cum
3525 783 3798 839 audiret:

2152 890 2176 921 ι
2208 874 2320 924 Cur
2367 870 2586 925 clamas
2627 872 2695 925 ad
2751 887 2843 925 me
2877 870 2974 925 22‘?
3007 895 3033 919 ››
3067 871 3206 935 Quis
3250 887 3382 926 vero
3431 871 3664 944 ignorat
3709 884 3800 927 ta-

2147 964 2344 1015 centes
2377 977 2611 1032 quoque
2639 979 2670 1015 a
2702 965 2813 1015 Deo
2846 962 3107 1016 exaudiri
3155 961 3471 1032 gemitibus
3502 961 3801 1016 inenarra-

2146 1048 2364 1105 bilibus
2394 1049 2762 1105 clamantes?
2795 1052 2978 1114 Quem
3035 1055 3231 1105 autem
3263 1053 3496 1104 uterum
3528 1050 3803 1122 intelligit

2146 1139 2453 1211 propheta,
2505 1141 2812 1196 scribens:
2865 1164 2892 1190 «
2923 1141 2969 1194 A
3018 1140 3228 1195 timore
3277 1139 3382 1210 tui,
3437 1139 3697 1210 Domine,
3740 1139 3798 1194 in

2146 1232 2311 1282 utero
2364 1229 2742 1300 concepimus
2791 1234 2848 1284 et
2888 1229 3332 1300 parturivimus,
3368 1234 3425 1284 et
3466 1228 3801 1302 peperimus

2147 1317 2420 1388 spiritum
2455 1319 2664 1374 salutis
2695 1319 2752 1373 in
2790 1325 2940 1374 terra
2968 1321 3012 1354 ’3
3039 1319 3066 1373 ἱ)
3101 1341 3126 1367 ››
3160 1319 3668 1384 Quemadmodum
3702 1319 3804 1390 igi-

2146 1413 2243 1462 tur
2272 1410 2469 1464 anima
2499 1410 2713 1465 dicitur
2744 1415 2975 1465 uterum
3010 1410 3247 1477 habere,
3281 1415 3338 1464 et
3367 1427 3451 1480 os,
3485 1414 3542 1465 et
3572 1409 3795 1474 oculos,

2146 1501 2203 1552 et
2233 1514 2426 1565 aures,
2460 1503 2516 1554 et
2558 1505 2764 1554 cmtera
2813 1500 3010 1555 omnia
3064 1500 3325 1571 corporis
3373 1500 3660 1570 membra,
3696 1516 3799 1554 nec

2145 1591 2341 1643 tamen
2375 1605 2444 1643 ex
2475 1589 2757 1644 membris
2790 1589 3115 1661 composita
3144 1593 3233 1644 est
3265 1607 3276 1645 :
3312 1589 3393 1644 ita
3419 1605 3553 1644 cum
3586 1590 3656 1644 de
3689 1589 3801 1644 Deo

2143 1693 2276 1731 vere
2306 1677 2648 1747 incorporeo
2682 1679 2885 1733 audies
2917 1695 3002 1743 os,
3035 1678 3122 1732 vel
3177 1682 3428 1744 uterum,
3461 1677 3608 1732 nihil
3639 1694 3799 1733 com-

2146 1767 2401 1838 positum
2435 1765 2695 1837 intelligo
2720 1769 2850 1834 ;sed
2887 1768 3036 1822 uteri
3070 1767 3610 1839 nomine,gignendi
3644 1768 3794 1823 vim:

2145 1855 2283 1921 oris,
2337 1855 2580 1910 docendi
2626 1855 2742 1909 vim
2781 1873 2792 1909 :
2835 1857 3160 1923 oculorum,
3211 1855 3576 1927 intelligendi
3623 1856 3742 1910 vim
3781 1874 3794 1912 :

2149 1943 2404 2006 aurium,
2437 1945 2781 1998 exaudiendi
2829 1945 2967 2000 vim.
3007 1947 3222 1999 Idcirco
3268 1945 3444 2014 igitur
3486 1945 3678 2000 dictus
3709 1951 3798 2001 est

2148 2033 2329 2088 Filius
2359 2051 2428 2088 ex
2457 2035 2803 2106 utero,quod
2838 2035 2916 2088 sit
2944 2034 3179 2106 genitus
3212 2050 3224 2089 :
3260 2039 3317 2089 et
3348 2039 3652 2106 propterea
3672 2034 3796 2106 Spi-

2148 2123 2295 2179 ritus
2323 2128 2413 2179 est
2442 2123 2562 2178 oris
2609 2123 2883 2195 Spiritus,
2935 2124 3213 2194 quoniam
3245 2124 3295 2179 is
3337 2129 3426 2179 est
3456 2124 3556 2195 qui
3608 2125 3793 2179 docet.

2146 2215 2214 2270 Et
2245 2214 2398 2268 sicut
2427 2230 2542 2268 non
2575 2214 2722 2268 dicis
2752 2213 3031 2284 Spiritum
3066 2229 3194 2269 esse
3225 2213 3511 2284 genitum,
3546 2229 3617 2268 ne
3648 2214 3796 2270 duos

2147 2304 2298 2358 ﬁlios
2328 2304 2490 2358 dicas
2524 2319 2535 2357 :
2572 2303 2653 2357 ita
2685 2319 2754 2358 ne
2784 2303 2960 2357 dicito
2991 2303 3186 2374 ipsum
3220 2319 3348 2359 esse
3379 2303 3619 2372 factum,
3641 2307 3703 2358 ut
3725 2320 3796 2358 ne

2143 2392 2308 2447 illum
2346 2408 2530 2446 unum
2580 2407 2782 2446 eorum
2815 2409 2942 2462 quae
2977 2392 3126 2446 facta
3173 2395 3313 2446 sunt
3343 2391 3524 2458 dicas,
3559 2407 3625 2447 ac
3661 2409 3795 2464 pro-

2140 2480 2279 2535 inde
2326 2497 2460 2535 eum
2509 2480 2700 2535 dicere
2747 2481 2924 2535 etiam
2975 2496 3210 2535 servum
3260 2480 3507 2552 cogaris,
3557 2485 3794 2552 propter

2142 2569 2513 2641 Prophetam,
2549 2568 2649 2640 qui
2679 2568 2824 2623 dixit
2857 2586 2869 2621 :
2915 2589 2941 2622 α
2970 2569 3182 2624 Omnia
3230 2569 3334 2624 tibi
3377 2569 3638 2625 serviunt
3663 2571 3725 2625 ³⁵.
3761 2591 3789 2621 »

2211 2678 2301 2732 22.
2331 2677 2524 2731 Anam.
2560 2675 2722 2741 Quod
2777 2675 2944 2731 initio
2996 2675 3136 2743 dixi,
3174 2692 3380 2746 parum
3434 2677 3600 2732 abest
3646 2677 3792 2748 quin

2146 2765 2287 2820 mihi
2341 2765 2718 2837 persuadeas,
2773 2768 2856 2829 ut,
2912 2764 3045 2818 ﬁam
3101 2765 3551 2833 homousiastes,
3603 2765 3660 2820 id
3705 2771 3793 2822 est

2143 2876 2171 2906 «
2206 2853 2814 2910 consubstantialista.
2849 2875 2875 2902 »
2929 2853 3080 2908 Orth.
3147 2853 3379 2909 Utinam
3440 2855 3675 2922 dixeris,
3730 2861 3792 2911 ut

2141 2944 2514 3000 Christianus
2547 2945 2680 2998 {iam
2709 2940 2720 2996 Ι
2748 2943 2956 2997 Factus
2986 2943 3140 2997 enim
3175 2942 3788 3013 Christianus,didice-

2141 3033 2222 3088 ris
2253 3037 2519 3104 oportere
2548 3031 3108 3087 consubstantialem
3156 3031 3367 3087 Filium
3398 3031 3604 3101 dicere,
3639 3050 3672 3088 a
3702 3033 3788 3088 di-

2139 3121 2292 3180 vinis
2311 3121 2625 3193 Scripturis
2648 3121 2909 3176 edoctus.
2945 3122 3318 3193 Quaecunque
3339 3121 3496 3176 enim
3522 3125 3662 3176 sunt
3695 3121 3789 3177 Dei

2139 3211 2396 3283 propria,
2432 3227 2499 3266 ea
2527 3214 2666 3265 sunt
2695 3211 3034 3265 communia
3066 3210 3238 3280 Patri,
3277 3209 3436 3278 Filio,
3457 3215 3513 3266 et
3544 3210 3790 3283 Spiritui

2142 3304 2362 3356 sancto.
2398 3303 2587 3356 Anam.
2621 3301 2921 3365 Quomodo
2972 3300 3119 3355 dixit
3149 3304 3390 3356 sanctus
3428 3299 3740 3372 Apostolus
3776 3317 3788 3355 :

2142 3413 2171 3441 «
2209 3392 2318 3446 Deo
2351 3391 2456 3446 soli
2481 3389 2846 3460 impossibile
2875 3393 2965 3445 est
2997 3390 3232 3445 mentiri
3260 3390 3346 3445 '5?
3369 3413 3396 3440 ››
3430 3390 3707 3446 Orth.Hoc
3737 3395 3793 3446 et

2141 3480 2212 3534 de
2245 3483 2432 3546 Patre,
2465 3483 2520 3534 et
2551 3476 2716 3542 Filio,
2751 3484 2805 3533 et
2833 3479 3053 3551 Spiritu
3087 3483 3289 3534 sancto
3331 3479 3557 3534 dicetur
3587 3495 3600 3533 :
3633 3479 3787 3550 quod

2140 3567 2298 3624 enim
2322 3572 2542 3622 naturae
2579 3567 3220 3638 proprium,commune
3243 3573 3332 3623 est
3348 3567 3786 3640 hypostasibus.

2140 3659 2334 3714 Anam.
2379 3659 2458 3712 An
2510 3662 2760 3729 possunt
2811 3657 3044 3712 mentiri
3095 3657 3436 3730 seraphim‘r‘
3469 3657 3622 3713 Orth.
3671 3657 3791 3712 Nisi

2141 3748 2370 3820 possint
2401 3745 2658 3816 mentiri,
2693 3763 2807 3802 non
2828 3748 2955 3817 jam
2991 3751 3081 3802 est
3112 3746 3274 3802 solus
3301 3751 3392 3802 est
3421 3751 3571 3803 Deus
3602 3747 3791 3818 is,qui

2142 3836 2376 3892 mentiri
2403 3852 2514 3890 non
2541 3836 3080 3907 possit.Anom.Non
3106 3835 3251 3891 dixit
3274 3835 3582 3908 Apostolus
3603 3835 3792 3892 solum

2143 3925 2324 3980 Deum
2360 3940 2474 3978 non
2507 3939 2679 3995 posse
2709 3923 2965 3991 mentiri,
2991 3923 3092 3978 sed
3125 3922 3490 3994 impossibile
3523 3927 3636 3979 Deo
3666 3938 3795 3979 esse

2143 4012 2568 4070 mentiri.0rlh.
2590 4011 2883 4084 Quidquid
2909 4013 3128 4067 factum
3160 4017 3268 4084 est,
3289 4011 3526 4067 mentiri
3562 4017 3748 4083 potest
3781 4029 3792 4068 :

2141 4101 2388 4172 ideoque
2421 4102 2594 4156 etiam
2631 4101 3060 4166 diabolus,cum
3091 4105 3246 4157 esset
3272 4103 3328 4157 in
3362 4102 3553 4158 medio
3585 4101 3796 4157 cheru-

2141 4190 2482 4262 bim,potuit
2512 4189 2764 4244 mentiri.
2802 4191 2868 4244 Et
2894 4189 3001 4245 hoc
3033 4191 3226 4260 ipsum
3262 4191 3517 4259 mentiri,
3550 4194 3639 4244 est
3671 4207 3795 4245 mu-

2141 4279 2282 4336 tatio
2338 4279 2459 4349 illa,
2512 4279 2604 4334 cui
2660 4279 2903 4334 virtutes
2962 4279 3277 4334 rationales
3326 4285 3465 4334 sunt
3513 4280 3793 4335 obnoxiae.

2140 4369 2293 4424 Deus
2326 4371 2550 4437 autem,
2583 4384 2718 4422 cum
2771 4367 2848 4423 sit
2878 4367 3288 4437 immutabilis,
3324 4367 3557 4423 mentiri
3607 4367 3796 4423 nulla-

2137 4462 2308 4514 tenus
2361 4462 2596 4530 potest:
2633 4473 2696 4512 ac
2742 4457 2896 4511 sicut
2944 4457 3104 4512 solus
3154 4461 3242 4512 est
3288 4457 3706 4525 immutabilis,
3739 4461 3798 4513 et

2137 4547 2300 4604 solus
2333 4547 2708 4613 immortalis,
2740 4552 2796 4601 et
2844 4545 3005 4602 solus
3037 4546 3371 4616 invisibilis,
3404 4551 3462 4602 et
3507 4547 3667 4602 solus
3703 4546 3789 4601 in-

370 4633 523 4700 τρὸς,
587 4635 676 4690 καὶ
726 4635 872 4701 Υἲοῦ,
917 4633 1008 4687 καὶ
1058 4630 1212 4707 ἁγίου
1260 4631 1600 4705 ΙΙνεόματος.
1653 4620 1843 4707 Ἀνόμ.
1898 4637 2024 4696 Πῶς

2143 4636 2558 4708 corruptibilis,
2590 4635 2672 4690 ita
2720 4635 2895 4691 etiam
2929 4635 3090 4690 solus
3145 4636 3379 4691 mentiri
3425 4653 3540 4691 non
3575 4641 3790 4708 potest,

373 4723 464 4778 οὗν
498 4721 706 4799 εἴρηται
738 4722 863 4798 περὶ
891 4726 988 4776 τοῦ
1033 4721 1372 4794 Πνεύματος,
1405 4723 1486 4776 ὅτι
1539 4721 1603 4776 οὐ
1665 4722 1895 4793 λαλήσει
1935 4723 2024 4802 ἀφ’

373 4814 584 4881 ἑαυτοῦ,
643 4810 770 4868 ἀλλ’
829 4811 928 4866 ὅσα
974 4809 1216 4878 ἀκούσει,
1261 4809 1514 4881 λαλήσει,
1549 4807 1698 4886 εἶίιτερ
1727 4819 1826 4880 τῆς
1861 4812 2024 4882 αὐτῆς

371 4903 479 4957 ἐστι
512 4903 760 4980 quideme;
795 4901 943 4976 Ὀρθ.
977 4903 1147 4954 Τοῦτο
1193 4899 1294 4976 γάρ
1345 4898 1509 4968 ἐστιν,
1561 4899 1591 4952 ὅ
1648 4896 1882 4954 δείκνυσι
1935 4902 2024 4955 καὶ

370 4990 501 5046 αὐτὸ
532 4987 758 5064 ἀψευδὲς
791 4989 946 5058 εἶναι,
979 4986 1068 5042 καὶ
1098 4993 1199 5057 τῆς
1234 4986 1402 5055 αὐτῆς
1452 4987 1661 5065 φύσεως
1695 4983 1773 5044 ὅν.
1828 4989 2024 5062 Ἀνόμ,

372 5083 500 5142 Πῶς
528 5107 542 5149 ς
576 5080 725 5155 Ὀρθ.
761 5079 882 5135 ⁶Ότι
916 5083 1018 5132 πᾶν
1050 5077 1112 5130 τὸ
1157 5077 1404 5152 γενητὸν,
1439 5075 1524 5131 ἐὰν
1557 5074 1593 5150 ᾖ
1645 5073 1890 5152 λογικὸν,
1936 5078 2026 5133 ὅτε

369 5170 517 5227 θέλει
573 5171 711 5244 (86),
761 5168 852 5223 καὶ
910 5168 997 5245 ἀφ’
1043 5167 1232 5222 ἑαυτοῦ
1275 5167 1454 5235 λαλεῖ,
1508 5165 1696 5237 ἐπειδὴ
1745 5168 1834 5222 καὶ
1889 5165 2025 5223 ἴδιον

369 5257 486 5336 ἔχει
534 5257 773 5332 θέλημα,
823 5257 854 5312 ὅ
899 5257 1269 5332 κατασιγάζει,
1293 5256 1386 5312 ’ἱνα
1416 5257 1477 5313 τὸ
1506 5262 1606 5312 106
1635 5261 1769 5312 Θεοῦ
1801 5257 2024 5332 θέλημα

439 5388 487 5422 ²⁰
516 5385 670 5444 Psal.
705 5401 898 5454 cxvm,
930 5385 1052 5440 131.
1130 5385 1175 5421 ²ί
1208 5384 1315 5441 Job
1344 5386 1468 5453 vin,
1494 5384 1585 5441 21.

367 5477 445 5528 νι,
478 5459 564 5515 18.
640 5459 684 5493 ’⁸
713 5457 883 5514 Joan.
914 5473 1031 5523 xvr,
1069 5457 1157 5511 13.

442 5587 839 5672 (842168.918:
871 5585 1026 5672 Editi
1067 5601 1224 5652 vero,
1267 5585 1556 5658 γενόμενος
1605 5583 1667 5640 οὐ
1715 5585 1838 5662 γάρ.
1892 5585 2025 5644 Mox

368 5654 510 5715 edit.
535 5654 772 5730 Steph"
809 5654 1138 5730 ἐπιγνώσκῃ.

444 5731 564 5803 (85)
596 5724 778 5788 Palat.
811 5733 868 5785 et
897 5724 1062 5800 Reg.,
1095 5724 1206 5782 Πᾶν
1238 5724 1293 5781 εἴ
1321 5747 1375 5782 τι
1430 5746 1652 5802 γινητον
1706 5726 1838 5786 ἑστι.
1895 5733 2025 5786 Mox

1663 5386 1707 5421 ³⁸
1736 5386 1917 5442 Exod.
1966 5403 2083 5455 xxv,
2117 5387 2203 5442 15.

2135 4732 2192 4783 et
2224 4727 2329 4782 hoc
2359 4741 2671 4782 commune
2713 4729 2799 4780 est
2831 4725 3004 4796 Patri,
3063 4725 3222 4791 Filio,
3255 4730 3312 4780 et
3361 4725 3604 4798 Spiritui
3654 4742 3788 4782 san-

2134 4821 2248 4872 cto.
2282 4817 2473 4872 Anam.
2506 4815 2806 4880 Quomodo
2847 4830 2983 4887 ergo
3014 4815 3085 4870 de
3115 4815 3333 4886 Spiritu
3367 4815 3599 4884 dicitur,
3635 4817 3788 4888 quod

2135 4928 2163 4955 «
2198 4922 2315 4960 non
2366 4905 2638 4977 loquetur
2669 4919 2737 4958 ex
2767 4903 3104 4975 semetipso,
3141 4907 3240 4960 sed
3292 4921 3649 4976 quaecunque
3689 4921 3791 4960 au-

2135 4995 2278 5061 diet,
2308 4994 2583 5066 loquetur
2613 4994 2658 5028 ²⁶
2692 5009 2742 5047 :n
2778 4994 3066 5063 siquidem
3098 4994 3366 5064 ejusdem
3401 5000 3489 5049 est
3521 4999 3743 5050 naturae
3766 4995 3794 5050 ‘I

2135 5084 2284 5139 Orth.
2321 5083 2444 5138 Imo
2474 5083 2584 5138 hoc
2614 5082 2808 5154 ipsum
2843 5082 3102 5138 ostendit
3129 5099 3263 5138 eum
3293 5099 3525 5154 quoque
3555 5083 3791 5138 mentiri

2134 5189 2251 5227 non
2305 5188 2499 5246 posse,
2533 5176 2591 5228 et
2619 5173 2885 5242 ejusdem
2934 5187 3063 5227 esse
3112 5177 3354 5227 naturae.
3407 5172 3580 5228 Anam
3635 5174 3786 5238 Quo-

2133 5262 2306 5317 modo
2329 5261 2356 5315 ?
2389 5262 2547 5318 Orm.
2575 5261 2863 5326 Quoniam
2895 5261 3182 5334 quidquid
3216 5261 3434 5317 factum
3467 5267 3580 5331 est,
3602 5261 3789 5334 siqui-

2282 5388 2464 5442 ³³188.
2517 5404 2670 5454 xxvx,
2708 5387 2793 5442 18.
2873 5388 2919 5421 ³⁸
2949 5386 3096 5443 Psal.
3147 5404 3340 5459 cxvm,
3371 5389 3461 5444 91.
3539 5387 3584 5422 ³³
3612 5387 3784 5444 Hebr.

2135 5581 2663 5732 “assuta,
2698 5659 2838 5732 μεθ.
