4116 6378
317 343 470 404 1151

1477 346 1540 405 S.
1593 345 2119 406 ATHANASIUS.
2146 379 2222 389 —-
2256 345 2567 409 SPURIA.

3587 348 3741 413 1152

318 476 449 531 dem
484 476 563 531 sit
611 475 852 533 rationis
901 479 1216 552 particeps,
1251 478 1541 547 ubi'vult,
1585 479 1763 535 etiam
1811 495 1880 534 ex
1909 494 1971 534 se

2096 474 2239 548 εἶ’πη.
2273 478 2348 535 Τὸ
2375 475 2432 533 δὲ
2467 483 2689 554 Πνεῦμα
2719 480 2828 557 οὐχ
2859 479 3050 554 οὕτως,
3090 481 3218 540 ἀλλ’
3249 484 3323 547 ὡς
3347 485 3570 558 Πνεῦμα
3602 488 3736 540 Θεοῦ

319 564 602 638 loquitur,
637 567 1115 638 quandoquidem
1149 569 1326 624 etiam
1357 586 1464 625 sua
1494 569 1728 641 propria
1761 566 1969 640 praedi-

321 658 445 710 tum
479 660 568 711 est
613 655 931 723 voluntate,
966 659 1057 713 cui
1111 656 1410 714 silentium
1460 658 1731 729 imponit,
1766 662 1829 711 ut
1870 656 1972 712 Dei

320 743 677 799 voluntatem
730 745 905 801 dicat.
940 751 1012 802 At
1059 746 1311 818 Spiritus
1347 764 1462 802 non
1512 747 1590 802 ita
1621 751 1727 814 est,
1762 746 1863 802 sed
1911 750 1975 801 ut

324 832 419 887 Dei
454 832 709 905 Spiritus
740 835 1005 890 eamdem
1040 853 1218 908 quam
1253 841 1400 891 Deus
1420 836 1595 891 habet
1624 837 1748 907 ipse
1778 835 1977 891 volun-

322 926 496 978 tatem
526 940 540 976 ε
572 926 625 977 et
678 923 786 978 hoc
818 930 927 989 est,
959 946 987 974 ‹‹
1015 929 1141 980 Non
1193 924 1467 997 loquetur
1495 942 1526 980 a
1571 925 1909 995 semetipso.
1947 946 1974 973 ››

322 1012 467 1067 Nam
499 1017 556 1066 et
590 1012 768 1067 Filius
799 1014 867 1067 de
901 1030 961 1069 se
984 1014 1125 1068 dixit
1152 1031 1164 1067 :
1190 1037 1217 1065 «
1243 1015 1322 1069 Ex
1353 1014 1576 1085 meipso
1628 1013 1769 1068 nihil
1806 1013 1975 1079 facio,

325 1102 425 1157 sed
464 1107 521 1156 ut
569 1102 770 1156 docuit
800 1119 888 1157 me
926 1103 1107 1171 Pater,
1141 1103 1255 1158 ista
1284 1103 1494 1175 loquor
1524 1105 1587 1157 97.
1621 1124 1648 1154 »
1683 1107 1767 1158 An
1800 1104 1979 1176 igitur

324 1189 580 1246 Verbum
635 1190 778 1246 illud
813 1192 908 1246 Dei
957 1198 1011 1247 et
1043 1191 1142 1246 illa
1172 1192 1271 1248 Dei
1323 1193 1621 1264 Sapientia
1659 1192 1975 1261 nesciebat,

327 1279 467 1350 quid
502 1279 767 1335 locutura
798 1281 998 1336 esset?
1029 1280 1214 1349 Absit,
1249 1286 1310 1336 ut
1354 1282 1670 1353 quisquam
1703 1282 1975 1337 Christia-

325 1386 440 1424 nus
471 1368 581 1425 hoc
606 1369 932 1425 existimet!
969 1371 1069 1425 sed
1097 1370 1209 1425 ista
1239 1388 1345 1426 nos
1380 1371 1676 1439 docemur,
1695 1376 1757 1425 ut
1786 1376 1844 1427 et
1875 1387 1977 1425 na-

324 1460 517 1513 turam
555 1459 862 1529 utriusque
894 1460 1159 1514 eamdem
1183 1475 1310 1515 esse
1342 1460 1685 1530 sciamus,ct
1718 1459 1980 1514 volunta-

320 1551 459 1617 tem,
496 1564 622 1619 quze
671 1547 1014 1604 divisionem
1050 1547 1269 1603 nullam
1323 1548 1545 1621 patitur
1577 1567 1589 1604 :
1627 1549 1719 1604 sin
1754 1548 1977 1615 minus,

2083 566 2248 621 ταυτὸ
2281 565 2497 641 θέλημα
2528 566 2644 645 ἔχει
2673 576 2753 643 τῷ
2782 576 2917 644 Θεῷ
2951 572 3040 626 καὶ
3081 574 3243 628 τοῦτό
3294 572 3405 629 ἐστι
3449 573 3536 640 τὸ,
3586 597 3613 627 ι(
3661 573 3736 631 Οὐ

2086 652 2318 726 λαλήσει
2351 656 2440 734 ἀφ’
2472 658 2686 715 ἑαυιοῦ.
2721 683 2748 711 ››
2784 659 2885 716 Καὶ
2914 661 3016 737 γὰρ
3048 661 3139 716 καὶ
3168 660 3291 735 περὶ
3325 662 3518 718 εαυτοῦ
3549 662 3578 716 6
3616 662 3737 724 Υἱὸς

2084 745 2254 812 εἶπεν,
2307 744 2388 799 ὅτι
2438 771 2463 797 ‹‹
2518 747 2640 801 Ἀπ’
2701 747 2936 821 ἐμαυτοῦ
2981 754 3127 805 ποιῶ
3174 747 3350 821 οὐδὲν,
3385 748 3530 805 ἆλλὰ
3558 750 3739 815 καθὼς

2083 828 2290 903 ἰδέδαξέ
2321 853 2387 904 με
2419 832 2444 885 ὁ
2478 834 2685 908 Πατὴρ,
2716 838 2884 890 ταῦτα
2914 834 3091 893 λαλῶ.
3129 861 3156 888 ››
3188 839 3331 911 Ἀρα
3363 835 3455 892 οῦν
3489 838 3517 892 6
3564 837 3741 913 Λόγος

2089 920 2117 976 6
2152 925 2250 975 τοῦ
2282 925 2437 989 Θεοῦ,
2471 923 2505 991 ἡ
2541 923 2701 1001 σοφία
2731 927 2765 993 ἡ
2797 929 2893 979 τοῦ
2925 930 3082 998 Θεοῦ,
3117 924 3216 980 οὐκ
3244 921 3366 1000 ᾔδει
3394 929 3445 981 τί
3468 926 3698 998 λαλήσει
3726 947 3740 999 ;

2086 1011 2175 1079 Μὴ
2208 1010 2419 1085 γένοιτο
2448 1011 2611 1067 τοῦτο
2670 1014 2954 1089 ἄνθρωπον
3012 1016 3328 1089 Χριστιανὸν
3382 1014 3739 1091 λογίσασθαιῐ

2088 1097 2214 1155 ἀλλ’
2240 1096 2333 1154 *ἕνα
2359 1104 2568 1175 γνῶμεν
2613 1103 2775 1174 ἡμεῖς
2807 1103 2868 1157 τὸ
2899 1103 3061 1158 ταυτὸ
3104 1107 3205 1169 τῆς
3253 1104 3485 1182 φύσεως,
3537 1105 3625 1160 καὶ
3679 1108 3742 1160 τὸ

2087 1187 2389 1264 ἀδιαίρετον
2436 1193 2534 1245 τοῦ
2580 1190 2915 1264 θελήματος,
2963 1190 3129 1248 ταῦτα
3161 1190 3550 1268 διδασκόμεθα·
3590 1194 3635 1249 εἰ
3687 1192 3746 1250 δὲ

2093 1278 2168 1351 μή
2203 1277 2421 1341 Παῦλος
2452 1279 2548 1352 μὲν
2577 1278 2748 1355 λέγει’
2789 1307 2809 1331 ι
2862 1282 2995 1356 Περὶ
3029 1279 3086 1337 δὲ
3113 1287 3218 1336 τῶν
3252 1282 3531 1361 παρθένων
3566 1283 3746 1339 ἐπιτα-

2087 1368 2188 1442 γὴν
2225 1365 2422 1443 Κυρίου
2455 1367 2554 1423 οὐκ
2610 1367 2746 1445 ἔχω,
2804 1371 3030 1444 γνώμην
3074 1368 3131 1426 δὲ
3163 1368 3362 1444 δίδωμι
3395 1373 3468 1435 ὡς
3498 1372 3742 1447 ἠλεημέ-

2091 1476 2205 1519 νος·
2244 1482 2272 1508 ››
2307 1458 2334 1511 6
2367 1454 2424 1512 δὲ
2455 1458 2577 1513 Υἱὸν
2613 1458 2838 1528 ἐντολὴν
2894 1455 3184 1533 λαμϐάνει,
3242 1460 3296 1515 τί
3341 1458 3488 1536 εἴπῃ,
3545 1460 3636 1517 χαί
3689 1463 3745 1518 τί

2090 1544 2341 1618 λαλήσει,
2374 1550 2461 1602 καὶ
2486 1547 2549 1601 τὸ
2580 1550 2799 1621 Πνεῦμα
2827 1548 2888 1603 οῦ
2922 1547 3084 1604 λαλεῖ
3122 1550 3210 1628 ἀφ’
3241 1550 3452 1607 ἑαυτοῦ.

316 1635 537 1692 Paulus
569 1637 805 1708 quidem
856 1637 1042 1693 dicit:
1079 1661 1105 1687 ‹‹
1141 1639 1219 1694 Dc
1263 1639 1590 1711 virginibus
1642 1645 1993 1711 praeceptum
2026 1636 2258 1693 Domini
2316 1655 2429 1695 non
2482 1640 2684 1707 habeo,
2720 1640 3032 1696 consilium
3082 1647 3278 1697 autem
3328 1643 3400 1698 do
3452 1646 3738 1713 tanquam

311 1725 772 1782 misericordiam
828 1732 1182 1784 consecutus
1210 1729 1274 1783 ’⁸.
1309 1750 1337 1779 ››
1369 1733 1441 1783 At
1473 1728 1653 1784 Filius
1705 1731 2058 1801 praeceptum
2089 1726 2301 1799 accipit
2349 1729 2419 1783 de
2449 1745 2515 1784 eo
2562 1731 2719 1801 quod
2771 1731 3038 1785 dicturus
3086 1734 3143 1787 et
3190 1730 3499 1788 locuturus
3545 1741 3655 1801 est,
3688 1737 3748 1787 et

311 1815 565 1888 Spiritus
596 1833 664 1872 ex
693 1816 1010 1889 semetipso
1044 1834 1157 1874 non
1190 1818 1470 1890 loquitur.

393 1906 538 1962 421
576 1906 664 1961 23.
692 1906 1014 1961 Anom.Non
1040 1906 1217 1963 habet
1239 1924 1376 1979 ergo
1398 1906 1650 1979 Spiritus
1680 1908 1974 1979 propriam
2008 1910 2057 1975 Β

317 1995 682 2052 voluntatem
704 1994 732 2049 ?
761 1995 917 2051 Orlh.
969 1996 1154 2062 Absit,
1188 2013 1316 2066 quas
1346 1996 1583 2069 quidem
1636 2001 1749 2053 Deo
1780 2013 1847 2051 ex
1876 1996 1947 2052 ad

320 2101 490 2141 verso
542 2083 933 2157 respondeat!
972 2101 1077 2140 nec
1125 2086 1282 2141 enim
1341 2086 1513 2141 modo
1562 2085 1687 2141 vult
1717 2102 1845 2157 quae
1883 2085 1977 2141 Dei

322 2179 485 2243 sunt,
519 2174 692 2229 modo
723 2190 856 2229 vero
906 2190 1035 2246 quis
1064 2175 1154 2230 sui
1188 2175 1376 2248 ipsius
1411 2192 1423 2229 :
1458 2176 1559 2230 sed
1592 2175 1641 2230 si
1675 2175 1815 2246 quid
1856 2173 1981 2231 vult

321 2263 575 2337 Spiritus
605 2267 869 2333 sanctus,
903 2263 1021 2319 hac
1049 2268 1137 2320 est
1166 2264 1268 2320 Dei
1316 2264 1587 2320 voluntas
1621 2281 1633 2318 :
1667 2270 1724 2320 et
1753 2265 1801 2320 si
1836 2265 1977 2336 quid

320 2354 450 2410 vult
481 2353 654 2421 Deus,
688 2352 811 2408 haec
842 2359 932 2408 est
960 2353 1214 2426 Spiritus
1246 2353 1538 2410 voluntas.
1559 2355 1752 2410 Anam.
1787 2355 1980 2409 Enim-

316 2459 474 2511 vero,
508 2459 705 2499 annon
757 2442 914 2513 quod
964 2442 1116 2497 Deus
1165 2442 1309 2509 vult,
1363 2442 1568 2498 volunt
1616 2443 1795 2499 etiam
1844 2460 1979 2516 pro-

318 2531 554 2605 phetae?
587 2531 736 2588 Orth.
769 2530 893 2586 Non
948 2547 1218 2604 semper;
1252 2531 1548 2588 interdum
1597 2533 1753 2588 enim
1802 2532 1975 2588 etiam

325 2638 394 2677 ex
426 2620 638 2693 seipsis
669 2619 1083 2693 loquebantur.
1105 2622 1250 2677 Cum
1284 2621 1501 2678 diceret
1531 2621 1686 2678 enim
1719 2622 1975 2694 primum

323 2711 515 2767 Moses
562 2727 575 2766 :
623 2732 650 2760 ‹‹
680 2709 1075 2783 Impeditioris
1127 2715 1185 2767 et
1230 2710 1507 2768 tardioris
1560 2710 1773 2785 linguae
1822 2728 1977 2783 sum,

325 2816 515 2873 neque
546 2799 744 2855 audiet
793 2815 887 2855 me
917 2799 1137 2855 Pharao
1167 2801 1212 2835 ²⁹
1243 2818 1256 2856 :
1294 2822 1320 2849 ››
1353 2804 1409 2856 et
1439 2799 1585 2855 illud
1623 2817 1635 2855 :
1667 2824 1694 2850 ιι
1727 2800 1979 2858 Obsecro

322 2893 399 2959 te,
433 2889 581 2962 elige
611 2888 794 2944 alium
817 2888 862 2924 3°
887 2907 930 2957 ;ιι
971 2890 1111 2962 quid
1144 2889 1303 2945 aliud
1335 2890 1833 2963 significat,quam
1865 2890 1976 2947 sibi

324 2978 499 3034 aliam
531 2976 890 3034 voluntatem
926 2978 1335 3050 inosse,quam
1368 2984 1574 3051 postca
1605 2980 1884 3048 coercuit,
1919 2983 1982 3034 ut

324 3071 421 3126 Dei
453 3068 736 3125 voluntati
769 3069 1239 3141 obsequeretur?
1271 3072 1457 3127 Aaron
1507 3087 1741 3142 quoque
1771 3076 1827 3126 et
1859 3071 1976 3126 Ma-

325 3161 411 3216 ria
427 3176 458 3215 ει
472 3158 682 3231 seipsis
696 3157 971 3214 commoti
991 3176 1043 3213 ιη
1056 3163 1436 3214 urmurarunt
1449 3159 1976 3228 adversusMosem,

326 3265 442 3322 quo
474 3252 735 3319 tempore
766 3247 936 3303 etiam
971 3246 1131 3320 lepra
1160 3246 1443 3303 laboravit
1473 3247 1674 3320 Maria,
1707 3248 1976 3320 indigna-

324 3344 541 3411 tusque
572 3342 662 3393 est
692 3336 1292 3393 Dominus.Jeremias
1320 3336 1725 3409 propheticum
1762 3352 1979 3391 munus

329 3427 912 3501 deprecans,dicebat
936 3445 986 3481 :u
1015 3426 1303 3482 Jeremias
1334 3426 1738 3498 propheticum
1766 3443 1983 3481 munus

329 3517 678 3591 prophetare
709 3517 814 3571 δι.»
846 3516 913 3571 Ει
941 3517 1122 3572 Jonas
1155 3532 1221 3570 eo
1253 3532 1443 3587 usque
1476 3516 1532 3570 in
1566 3516 1673 3571 hoc
1703 3532 1981 3571 recusan-

327 3609 405 3665 do
449 3622 795 3679 progressus
845 3609 952 3672 est,
1006 3611 1070 3661 ut
1118 3604 1293 3660 etiam
1340 3604 1658 3660 decreverit
1708 3605 1905 3677 fugere
1951 3622 1985 3660 a

328 3695 475 3752 facio
509 3695 763 3751 Domini.
802 3695 868 3750 Et
897 3694 1075 3750 David
1112 3711 1247 3750 cum
1281 3711 1399 3750 suae
1426 3692 1710 3750 voluntati
1742 3695 1982 3749 obsecu-

327 3791 447 3855 tus,
477 3784 760 3858 populum
814 3783 1226 3854 recensuisset,
1272 3784 1616 3857 castigatur.
1673 3783 1838 3840 Mitto
1887 3783 1981 3837 illa

333 3877 405 3931 de
436 3874 570 3930 Uria
601 3874 874 3929 Chetteeo.
908 3873 1053 3929 Nam
1087 3890 1291 3929 omnes
1322 3889 1554 3945 quoque
1586 3872 1809 3929 ratione
1841 3889 1986 3944 pres—

336 3965 469 4020 ditae
520 3966 818 4033 creaturae,
854 3963 1144 4018 interdum
1193 3979 1323 4035 quae
1369 3980 1498 4028 sua,
1532 3962 1825 4018 interdum
1859 3978 1988 4032 quae

339 4054 440 4109 Dei
471 4056 632 4123 sunt,
666 4052 1007 4124 loquuntur.
1037 4056 1111 4106 At
1141 4069 1256 4107 non
1288 4052 1369 4108 ita
1398 4051 1681 4124 Spiritus:
1704 4068 1807 4107 nec
1829 4051 1985 4107 enim

341 4145 515 4200 modo
545 4161 673 4215 quae
728 4142 819 4198 Dei
855 4146 1013 4208 sunt,
1066 4143 1237 4199 modo
1285 4159 1395 4198 sua
1440 4140 1722 4214 loquitur,
1755 4158 1885 4196 cum
1938 4140 1989 4195 ei

340 4251 458 4290 non
492 4233 634 4288 insit
686 4230 801 4288 alia
833 4232 1123 4305 quzepiam
1176 4232 1465 4301 voluntas;
1501 4237 1565 4287 ut
1619 4248 1690 4287 ne
1737 4230 1792 4286 in
1845 4229 1989 4287 Filio

340 4322 600 4396 quidem,
636 4323 735 4378 sed
771 4340 887 4377 una
916 4322 990 4378 sit
1021 4320 1229 4389 Patris,
1266 4322 1480 4393 Filii,et
1521 4321 1770 4393 Spiritus
1805 4320 1990 4377 sancti

338 4412 629 4468 voluntas.
691 4411 912 4467 Idcirco
958 4410 1180 4466 dictum
1230 4416 1320 4467 est
1365 4411 1436 4467 de
1483 4410 1701 4482 Spiritu
1739 4428 1752 4465 :
1789 4432 1815 4459 ‹‹
1864 4410 1990 4465 Non

341 4501 614 4573 loquetur
664 4518 697 4556 a
745 4500 1061 4572 semetipso
1090 4501 1157 4555 3’.
1192 4522 1219 4551 ››
1252 4500 1319 4555 Et
1368 4501 1438 4555 de
1486 4499 1627 4556 Filio
1663 4516 1674 4555 :
1711 4522 1738 4549 «
1771 4497 1927 4553 Nihil
1962 4514 1983 4552 ε

2099 4501 2266 4553 ταῦτα
2322 4493 2498 4550 λαλῶ·

342 4605 436 4643 me
467 4588 595 4659 ipso
630 4587 796 4658 facio,
829 4588 929 4643 sed
963 4589 1115 4643 sicut
1166 4588 1365 4643 docuit
1395 4605 1486 4644 me
1529 4593 1716 4654 Pater,
1749 4587 1869 4643 haec
1903 4584 1991 4641 lo-

2161 1905 2250 1962 23.
2284 1905 2476 1979 Ἀνόμ.
2510 1904 2621 1960 Οὐκ
2650 1902 2767 1981 ἔχει
2801 1906 2891 1961 οῦν
2930 1903 3066 1961 ἴδιον
3116 1904 3335 1980 θέλημα
3386 1907 3450 1962 τὸ
3500 1908 3743 1981 Πνεῦμα.

2089 1994 2240 2070 Ὀρθ.
2278 1992 2549 2051 Ἐναντίον
2583 1991 2678 2047 τοῦ
2710 1999 2867 2068 Θεοῦ,
2905 1997 2981 2068 μή
3010 1994 3252 2070 γένοιτοὲ
3297 1993 3421 2051 οὐδὲ
3474 1997 3607 2052 ποτε
3636 1998 3744 2074 γὰρ

2092 2082 2240 2138 θὲλει
2294 2083 2364 2138 τὰ
2418 2087 2516 2138 τοῦ
2576 2087 2731 2151 Θεοῦ,
2787 2084 2922 2139 ποτε
2978 2081 3035 2139 δὲ
3078 2086 3145 2139 τὰ
3186 2086 3399 2140 ἑαυτοῦσ
3460 2083 3584 2141 ἀλλ’
3613 2085 3663 2141 εἶ’
3691 2107 3743 2141 τι

2088 2171 2233 2228 θέλει
2271 2176 2500 2246 Πνεῦμα
2527 2173 2589 2227 τὸ
2621 2174 2800 2248 ἅγιον,
2829 2178 2991 2229 τοῦτο
3022 2178 3120 2229 τοῦ
3151 2178 3286 2231 Θεοῦ
3332 2173 3443 2230 ἐστι
3501 2173 3740 2248 Θὲλημα·

2087 2261 2178 2317 καὶ
2211 2260 2264 2316 εἷ’
2286 2284 2338 2316 τι
2371 2258 2513 2326 θέλει
2547 2262 2575 2317 6
2634 2264 2763 2325 Θεὸς
2821 2267 2983 2319 τοῦτο
3036 2263 3254 2337 θέλημά
3302 2263 3412 2320 ἐστι
3442 2268 3541 2320 τοῦ
3572 2266 3747 2321 Πνεύ-

2093 2372 2282 2426 ματος.
2338 2351 2531 2424 Ἀνόμ.
2592 2352 2655 2406 Οἱ
2697 2353 2797 2428 γὰρ
2848 2356 3148 2431 προφῆται,
3200 2352 3298 2408 οὐκ
3345 2352 3399 2409 εἶ’
3437 2375 3490 2410 τι
3540 2353 3683 2410 θέλει
3718 2356 3748 2411 6

2088 2441 2241 2511 Θεὸς,
2291 2440 2582 2511 θέλουσιν;
2640 2442 2785 2518 Ὀρθ.
2839 2441 2912 2496 Οὐ
2971 2444 3222 2498 πάντοτε·
3260 2441 3367 2508 ἔσθ’
3400 2443 3489 2499 ὅτε
3518 2444 3621 2520 γὰρ
3652 2444 3748 2499 καὶ

2088 2529 2179 2609 ἀφ’
2235 2531 2436 2585 ἑαυτῶν
2493 2529 2746 2589 ἐλάλουν,
2817 2536 3023 2601 Μωσῆς
3094 2532 3196 2607 γὰρ
3256 2536 3472 2608 πρῶτος
3539 2529 3746 2609 ἔλεγεν·

2092 2643 2121 2674 ι(
2153 2620 2515 2698 Ἰσχνόφωνος
2573 2619 2662 2675 καὶ
2725 2618 3146 2698 βραδύγλωσσος
3193 2620 3298 2698 ἐγώ
3351 2622 3489 2695 εἰμι,
3525 2623 3614 2677 καὶ
3647 2621 3749 2678 οὐκ

2090 2708 2456 2765 εἷσακούσεται
2519 2730 2624 2783 μου
2674 2709 2898 2785 Φαραώ.
2962 2734 2990 2762 ››
3044 2710 3134 2765 καὶ
3183 2711 3269 2780 τὸ,
3333 2734 3360 2762 ‹‹
3393 2710 3597 2785 Δέομαί
3626 2733 3752 2777 σου,

2088 2797 2437 2875 προχεῖρισαι
2472 2794 2665 2866 ἄλλον,
2700 2822 2729 2849 ››
2761 2797 2813 2852 τί
2844 2797 3099 2870 σημαίνει
3143 2798 3178 2867 ἢ
3233 2795 3375 2854 ἄλλο
3421 2795 3641 2871 θέλημα
3696 2798 3749 2855 ἐν

2089 2887 2265 2960 ἑαυτῷ
2324 2888 2478 2960 εἶναι,
2538 2886 2567 2942 ὅ
2624 2884 2904 2957 ἐκόλασεν,
2949 2884 3042 2941 ἵνα
3083 2887 3147 2942 τὸ
3194 2890 3292 2942 τοῦ
3327 2890 3462 2942 Θεοῦ
3492 2888 3746 2961 ποιήσγη

2089 2977 2188 3033 Καὶ
2220 2977 2427 3051 Ἀαρὼν
2461 2975 2549 3031 καὶ
2583 2974 2766 3051 Μαρία
2816 2977 2903 3054 ἀφ’
2961 2977 3162 3032 ἑαυτῶν
3214 2974 3531 3049 κινούμενοι
3593 2974 3739 3052 ἐγόγ-

2088 3088 2254 3142 γυσαν
2314 3066 2449 3121 κατᾶ
2496 3065 2758 3132 Μωσέως,
2807 3063 2896 3121 ὅτε
2953 3064 3267 3141 ἑλεπρίασεν
3314 3067 3348 3135 ἡ
3400 3064 3605 3140 Μαρία,
3657 3064 3752 3119 καὶ

2090 3154 2332 3233 ὠργίσθη
2368 3154 2525 3229 θυμῷ
2558 3153 2774 3230 Κῦριος.
2835 3155 3124 3232 Ἱερεμίας,
3176 3154 3618 3230 παραιτούμενοσ
3646 3154 3748 3223 τὴν

2095 3242 2455 3323 προφητείαν,
2533 3242 2703 3320 ἔλεγε⁸
2767 3269 2794 3297 ‹‹
2856 3242 3131 3319 Νεώτερός
3190 3243 3304 3316 εἶμι
3363 3242 3494 3318 ἐγὼ,
3551 3242 3642 3298 καὶ
3691 3241 3754 3297 οὗ

2095 3332 2327 3409 δύναμαι
2386 3333 2768 3412 προφητεύειν.
2835 3357 2863 3380 η
2918 3332 3017 3388 Καὶ
3069 3332 3096 3386 6
3156 3335 3338 3395 Ἰωνᾶς
3386 3332 3461 3395 εἷς
3492 3336 3752 3388 τοσοῦτον

2089 3425 2466 3500 παρῃτήσατο,
2525 3423 2601 3485 ὡς
2656 3422 2745 3477 καὶ
2808 3419 2953 3495 δόξαι
3015 3420 3224 3500 φεύγειν
3284 3421 3390 3476 ἀπὸ
3451 3422 3753 3497 προσώπου

2093 3513 2313 3589 Κυρίου.
2377 3512 2472 3570 Καὶ
2523 3513 2551 3567 6
2606 3506 2795 3582 Δαϐὶδ,
2826 3512 2890 3567 τὸ
2922 3510 3139 3585 θέλημα
3166 3511 3228 3566 τὸ
3260 3511 3454 3566 εαυτοῦ
3486 3513 3746 3582 ποιήσας,

2092 3604 2183 3658 καὶ
2214 3604 2457 3676 ἀριθμῶν
2522 3602 2613 3656 τὸν
2674 3598 2829 3669 λαὸν,
2884 3599 3221 3673 ἐπιτιμᾶται.
3282 3604 3489 3655 Σιωπῶ
3545 3600 3649 3675 γὰρ
3679 3599 3750 3653 τὰ

2093 3691 2230 3748 κατὰ
2285 3691 2377 3747 τὸν
2434 3689 2633 3763 Οὐρίαν
2691 3689 2783 3744 τὸν
2843 3693 3117 3747 Χετταῖον.
3174 3690 3274 3744 Καὶ
3333 3690 3506 3744 πάντα
3554 3690 3655 3764 γὰρ
3686 3688 3756 3743 τὰ

2097 3781 2295 3856 λογικᾶ
2352 3779 2622 3854 κτίσματα
2677 3779 2811 3833 ποτε
2861 3779 2928 3832 τὰ
2983 3780 3186 3833 ἑαυτῶν
3240 3776 3492 3848 λαλοῦσι,
3527 3778 3660 3832 ποτὶ
3685 3779 3755 3832 τὰ

2095 3874 2193 3926 τοῦ
2225 3874 2379 3926 Θεοῦ’
2412 3870 2475 3925 τὸ
2508 3866 2565 3923 δὲ
2596 3870 2820 3941 Πνεῦμα
2851 3867 2958 3943 οὐχ
2989 3866 3184 3930 οὕτως’
3236 3866 3297 3922 οὐ
3347 3866 3451 3943 γὰρ
3498 3866 3633 3921 ποτε
3687 3867 3757 3921 τὰ

2096 3963 2195 4015 τοῦ
2252 3964 2410 4027 Θεοῦ,
2472 3959 2562 4013 καὶ
2617 3958 2755 4013 ποτὲ
2799 3958 2867 4011 τὰ
2914 3958 3126 4012 ἑαυτοῦ·
3179 3953 3306 4010 οὐδὲ
3333 3957 3433 4033 γάρ
3466 3953 3604 4010 ἐστιν
3639 3956 3754 4029 (87)

2100 4047 2242 4105 ἄλλο
2271 4071 2322 4103 τι
2355 4048 2407 4104 ἐν
2442 4046 2588 4121 αὐτῷ
2614 4046 2852 4119 Θὲλημα,
2889 4042 3075 4114 ἐπειδὴ
3110 4042 3235 4100 οὐδὲ
3267 4043 3320 4100 ἓν
3349 4049 3428 4117 τῷ
3459 4045 3591 4117 Υἱῷ,
3625 4041 3754 4099 ἀλλ’

2097 4137 2150 4195 ἓν
2187 4138 2297 4194 ἐστι
2330 4136 2546 4210 θέλημα
2579 4136 2817 4212 Πατρὸς,
2847 4135 2937 4189 καὶ
2976 4135 3124 4207 Υἱοῦ,
3159 4133 3249 4189 καὶ
3299 4132 3459 4208 ἁγίου
3507 4133 3751 4205 ΙῙνεῦμα-

2098 4250 2213 4292 τος.
2251 4228 2348 4283 Καὶ
2381 4225 2470 4282 διὰ
2497 4230 2658 4281 τοῦτο
2708 4221 2919 4299 εἶ’ρηται
2948 4225 3070 4301 περί
3101 4227 3199 4279 τοῦ
3240 4222 3578 4296 Πνεύματος·
3618 4245 3645 4277 ιι
3674 4220 3751 4280 Οὐ

2101 4317 2332 4389 λαλήσει
2383 4316 2474 4386 ἀφ’
2506 4316 2717 4370 ἑαυτοῦ·
2755 4338 2782 4365 ››
2824 4314 2915 4369 καὶ
2966 4314 3090 4389 περὶ
3120 4317 3216 4368 τοῦ
3250 4313 3403 4385 Υἱοῦ,
3438 4311 3524 4367 ὅτι
3562 4336 3591 4365 ι(
3640 4312 3759 4369 ’Λπ’

2102 4410 2338 4481 ἐμαυτοῦ
2370 4409 2513 4460 ποιῶ
2544 4402 2719 4470 οὐδὲν,
2756 4402 2900 4458 ἀλλᾶ
2928 4403 3105 4466 καθὼς
3138 4399 3345 4473 ἐδίδαξὲ
3380 4423 3447 4475 με
3477 4403 3505 4456 ὁ
3538 4402 3756 4478 Πατὴρ,

2552 4519 2579 4545 ››
2632 4492 2731 4547 οὐκ
2775 4490 2959 4561 ἐπειὸὴ
2990 4494 3098 4566 (88)
3133 4490 3232 4547 οὐκ
3263 4489 3377 4547 οἶδε
3409 4490 3651 4561 λαλῆσαὶ
3680 4512 3762 4562 τι,

2103 4585 2229 4641 ἀλλ’
2261 4585 2343 4639 ’ὁτι
2376 4583 2475 4638 οὐκ
2513 4580 2653 4637 ἄλλο
2684 4580 2828 4636 Θὲλει
2874 4583 2901 4636 ὁ
2934 4582 3146 4657 Πατὴρ,
3192 4581 3283 4637 καὶ
3336 4576 3479 4636 ἄλλο
3530 4579 3677 4644 θέλει
3729 4581 3758 4634 6

346 4694 495 4749 quor
520 4677 567 4712 ³³
602 4694 614 4731 ;
652 4700 678 4726 ››
711 4695 825 4734 non
857 4678 1008 4749 quod
1063 4677 1282 4733 nesciat
1313 4677 1636 4750 quidquam
1682 4676 1861 4747 loqui,
1894 4675 1983 4731 sed

2108 4674 2254 4744 Υἱὸς,
2285 4671 2375 4727 καί
2408 4670 2547 4728 ἄλλο
2578 4671 2639 4726 τὸ
2672 4675 2918 4744 Πνεῦμα.

346 4767 489 4839 quia
520 4783 635 4823 non
666 4766 823 4822 aliud
859 4768 982 4823 vult
1011 4766 1364 4839 Pater,aliud
1398 4766 1525 4823 vult
1546 4766 1727 4822 Filius
1751 4768 1808 4821 et
1835 4764 1995 4821 aliud

345 4856 599 4930 Spiritus
632 4861 889 4913 sanctus.

418 4949 506 5002 24.
542 4948 734 5003 Anam.
786 4946 1030 5003 Etiamsi
1080 4964 1194 5002 non
1234 4962 1464 5019 semper
1511 4962 1637 5017 quze
1687 4943 1785 5000 Dei
1836 4948 1998 5013 sunt,

346 5038 524 5094 loculi
558 5038 677 5095 sint
728 5038 1042 5112 prophetae,
1078 5042 1141 5094 ut
1171 5042 1231 5093 tu
1283 5038 1531 5094 dicendo
1561 5036 1995 5108 comprobasti;

345 5134 405 5184 at
435 5133 588 5185 certe
619 5128 868 5201 apostoli
901 5127 1041 5183 nihil
1073 5145 1142 5183 ex
1172 5128 1512 5200 seipsis,sed
1548 5144 1676 5199 quae
1709 5131 1847 5183 sunt
1879 5126 1997 5196 Dei,

344 5236 577 5301 semper
625 5218 804 5275 locuti
859 5221 1014 5274 sunt.
1077 5216 1229 5273 Orth.
1293 5216 1470 5273 Docet
1526 5233 1630 5272 nos
1705 5216 2002 5289 Scriptura

2179 4945 2269 5000 24.
2326 4940 2517 5014 Ἀνόμ.
2577 4940 2635 4996 Ei
2692 4939 2781 4995 καὶ
2839 4939 2914 5012 μὴ
2976 4938 3207 4993 πάντοτε
3263 4937 3314 4991 0i
3372 4940 3649 5015 προφῆται
3696 4938 3761 4991 τὰ

2108 5036 2207 5087 τοῦ
2229 5036 2362 5087 Θεοῦ
2395 5029 2602 5107 ἔλεγον,
2638 5030 2714 5092 ὡς
2743 5024 2934 5098 ἔδειξεν
2971 5027 2998 5081 6
3022 5026 3204 5101 λόγος,
3238 5023 3365 5082 ἀλλ’
3386 5027 3441 5081 ol.
3460 5025 3757 5081 ἀπόστολοι

2111 5118 2236 5178 οὐδὲ
2261 5119 2491 5176 ἐλάλουν
2525 5120 2606 5173 ἀρ’
2634 5119 2861 5187 ἑαυτῶν,
2893 5114 3037 5170 ἀλλὰ
3062 5114 3289 5170 πάντοτε
3331 5116 3398 5170 τὰ
3443 5118 3539 5168 τοῦ
3595 5115 3753 5167 Θεοῦ.

2109 5213 2260 5286 Ὀρθ.
2296 5212 2355 5266 Ἠ
2387 5209 2571 5286 Γραφὴ
2606 5209 2752 5281 ἡμᾶς
2790 5201 3044 5276 ἐδίδαξεν,
3079 5203 3161 5258 ὅτι
3195 5204 3245 5259 οἱ
3288 5199 3581 5259 ἀπόστολοι
3632 5198 3760 5255 ἑλά-

421 5377 465 5413 ²⁷
494 5375 664 5439 Joan,
697 5389 821 5439 vni,
849 5373 938 5430 28.
1016 5373 1061 5407 ’⁸
1092 5373 1113 5426 ῐ
1147 5370 1274 5426 Cor.
1325 5387 1427 5439 vn,
1478 5370 1567 5426 25.
1645 5370 1689 5404 ²⁹
1718 5370 1896 5427 Exod.
1949 5386 1983 5424 ιι

2096 5368 2145 5421 Ο.
2221 5365 2439 5421 30ibid.
2494 5363 2581 5418 43.
2658 5362 2702 5397 ³1
2734 5360 2945 5417 Jerem.
2999 5377 3039 5428 ι,
3068 5362 3123 5415 6.
3204 5359 3250 5394 ³²
3293 5359 3467 5415 Joan.
3516 5374 3630 5427 XVI,
3681 5356 3773 5413 13.

346 5449 392 5484 ⁸³
419 5448 590 5506 Joan.
624 5463 743 5516 νιιι,
774 5447 865 5500 28.

570 5618 777 5688 Palat.,
808 5621 905 5673 τοῦ
936 5620 1090 5672 Θεοῦ·
1126 5612 1252 5671 οὐδε
1282 5613 1384 5690 γάρ
1418 5612 1582 5686 ἐστιν,
1615 5614 1854 5673 omissis
1884 5613 2014 5689 qui-

358 5689 636 5745 busdam.

2199 5609 2307 5683 ’88)
2339 5608 2519 5664 Ταῦτα
2549 5600 2708 5660 λαλώ
2737 5600 2921 5660 λαλεῖ’
2953 5601 3054 5659 οὑκ
3082 5597 3295 5673 ἐπειδή.
