4116 6424
346 487 496 550 H53

1328 484 1424 545 DE
1468 480 1765 544 SANCTA
1813 478 2239 543 't‘HINI'rA'i‘E
2290 483 2357 542 Β]
2388 485 2676 545 κιλζιιῑιῗὸ
2725 485 2770 544 I.

3603 492 3758 553 1154

345 624 473 679 λουν
547 622 636 699 ἀφ’
700 622 922 676 ἓαντῶν.
984 609 1171 689 Ἀνόμ.
1237 624 1357 679 Πῶς
1407 637 1418 686 ;
1479 619 1632 689 Ὀρθ.
1693 618 1815 669 Ἐὰν
1897 614 2026 683 οῦν.

2147 616 2404 685 postolos
2449 618 2741 671 interdum
2780 637 2806 669 ει
2847 620 3055 691 scipsis
3108 638 3235 677 esse
3293 624 3518 681 locutos
3565 632 3755 683 .l...:;i.

345 712 576 785 ἀκούσῃς
639 710 856 765 Παύλου
934 709 1192 783 λέγοντος
1268 707 1389 782 περὶ
1469 711 1576 759 τῶν
1649 703 1994 776 ἀποστόλων,

349 826 374 852 ιι
411 801 565 856 Ἀλλ’
595 800 684 854 ὅτε
717 798 876 869 εἶδον,
909 798 990 853 ὅτι
1025 798 1123 852 οὐκ
1156 793 1518 870 ὀρθοποδοῦσι
1552 795 1686 870 πρὸς
1718 795 1816 862 τήν
1851 792 1994 862 ἀλή-

345 891 490 943 θειαν
516 893 614 942 τοῦ
649 886 1003 962 Εὐαγγελίου,
1039 886 1187 941 εἶπον
1219 889 1298 957 τῷ
1340 889 1496 960 Κηφᾷ
1527 879 1827 956 ἔμπροσθεν
1860 883 1999 935 πάν-

351 1001 460 1034 των
506 1003 531 1029 ››
588 977 673 1045 (τὰ
723 975 779 1031 δὲ
838 975 1074 1048 ἑπόμενα
1132 973 1298 1040 οἶδας,
1353 974 1396 1027 εἰ
1458 971 1758 1050 φιλόλογος
1811 973 1898 1039 εἶ),
1946 969 1998 1024 τί

354 1065 496 1122 ἄλλο
530 1066 743 1140 λογῖζῃ,
847 1066 908 1120 τὸ
940 1067 1026 1142 ἀφ’
1055 1065 1255 1118 ἑαυτῶν
1289 1084 1337 1116 τι
1373 1060 1734 1130 λελαληκέναι
1766 1060 1853 1112 καὶ
1904 1079 1997 1112 πε-

352 1157 660 1225 ποιηκέναι,
693 1154 823 1228 ὅπερ
873 1154 972 1208 οὐκ
1014 1157 1077 1222 ἦν
1129 1153 1520 1220 οεὁπνευστονς
1555 1150 1656 1206 Καὶ
1708 1149 1830 1223 περὶ
1883 1148 2000 1202 ἑαύ-

352 1251 449 1302 τοῦ
483 1245 544 1300 δὲ
576 1245 744 1321 Λέγειο
780 1270 806 1295 α
840 1242 1008 1302 Οὐδὲν
1057 1244 1159 1319 γὰρ
1215 1243 1434 1315 ἐμαυτῷ
1482 1238 1721 1295 σύνοιδα·
1750 1238 1876 1293 ἀΛλ¹
1907 1237 2006 1292 οῦκ

354 1335 406 1390 ἐν
454 1335 640 1407 τούτῳ
691 1331 1068 1406 δεδικαίωμαι.
1103 1358 1123 1386 ι
1162 1332 1240 1389 Τὸ
1285 1329 1341 1385 δὶ
1392 1334 1610 1402 Πνεῦμα
1652 1328 1758 1403 ούχ
1806 1327 2000 1387 οὕτως·

354 1424 442 1480 καὶ
479 1422 567 1478 διὰ
594 1428 756 1478 τοῦτο
794 1421 1030 1499 εἶ’ρηται,
1063 1421 1144 1476 ὅτι
1179 1446 1207 1473 ιι
1240 1421 1315 1477 Οὐ
1349 1418 1577 1488 λαλήσει
1613 1418 1699 1496 ἀφ’
1733 1418 1942 1472 ἑαυτοῦ.
1977 1439 2002 1466 ››

355 1513 544 1587 Ἀνόμ.
606 1511 782 1569 Ἀλλά
838 1512 926 1566 καὶ
982 1511 1182 1572 πάντες
1249 1507 1522 1582 ἅνθρωποι
1599 1507 1731 1561 ποτὶ
1793 1508 1884 1579 μὲν
1941 1505 2006 1559 τὰ

362 1603 558 1657 ἑαυτῶν
611 1599 882 1677 λέγουσιν,
930 1601 1023 1656 καὶ
1067 1601 1200 1654 ποτε
1248 1596 1305 1653 δὲ
1351 1598 1417 1652 τὰ
1463 1601 1558 1652 τοῦ
1607 1600 1760 1651 Θεοῦ⁹
1798 1594 1923 1649 ἀλλ’
1955 1594 2006 1648 οἱ

361 1691 588 1767 ἄγγελοι
646 1692 875 1746 πάντοτε
929 1691 996 1744 τὰ
1041 1693 1138 1744 τοῦ
1187 1693 1320 1743 Θεοῦ
1375 1686 1647 1762 λέγουσιν.
1694 1688 1834 1760 Ὀρθ.
1871 1682 2010 1741 Οὐδὲ

357 1786 524 1836 τοῦτο
583 1779 807 1850 ἀληθές.
843 1779 905 1834 Ei
957 1782 1059 1854 γὰρ
1112 1779 1340 1832 πάντοτε
1386 1779 1452 1830 τὰ
1494 1780 1591 1830 τοῦ
1632 1779 1764 1830 Θεοῦ
1795 1773 2007 1847 ἔλεγον,

362 1869 463 1924 οὐκ
513 1869 570 1923 ἂν
616 1868 889 1943 ἥμαρτον,
925 1868 1064 1922 ὥστε
1113 1867 1386 1941 λέγεσθαι·
1426 1891 1452 1916 ‹‹
1489 1865 1550 1922 Εἰ
1598 1865 1697 1939 γὰρ
1757 1861 2008 1938 ἀγγέλων

2107 705 2455 771 Quomodo?
2483 706 2632 760 Orth.
2667 707 2807 761 Cum
2860 711 3028 764 audis
3079 713 3324 768 Paulum
3367 716 3654 772 (licentem
3692 719 3761 774 de

2108 795 2391 866 apostolis
2429 813 2440 848 :
2477 820 2502 844 ‹‹
2539 796 2643 850 Sed
2680 814 2809 850 cum
2849 798 3100 855 viderem
3145 819 3240 857 eos
3277 821 3384 858 non
3432 811 3584 862 recto
3619 809 3761 878 pede

2109 884 2375 938 incedere
2426 886 2749 940 secundum
2801 887 3097 943 veritatem
3155 891 3469 961 Evangelii,
3506 894 3617 948 dixi
3653 897 3761 949 Ce-

2110 973 2236 1044 pbm
2270 989 2462 1027 coram
2522 975 2795 1029 omnibus
2823 976 2868 1011 ³⁸
2912 1001 2930 1028 ιι
2987 983 3131 1048 (quae
3182 989 3513 1050 sequuntur
3561 989 3757 1039 autem

2113 1064 2284 1128 nosti,
2320 1064 2366 1115 si
2403 1064 2636 1134 quidem
2681 1081 2742 1118 cs
2792 1083 3090 1121 sacrarum
3144 1085 3479 1125 sermonum
3536 1073 3761 1128 studio-

2111 1157 2258 1221 sus),
2294 1153 2430 1223 quid
2469 1151 2624 1206 aliud
2673 1154 2994 1225 existimas,
3037 1173 3212 1226 quam
3267 1176 3363 1213 cos
3405 1159 3564 1214 aliud
3599 1161 3762 1216 locu—

2113 1245 2204 1296 tos
2245 1257 2372 1296 esse
2403 1245 2503 1295 aut
2536 1241 2757 1306 fecisse,
2806 1245 2960 1314 quod
3010 1262 3076 1299 ex
3133 1246 3330 1302 divina
3381 1247 3764 1321 inspiratione

2114 1347 2228 1384 non
2263 1330 2825 1402 protiscisccbatur‘?
2860 1334 3013 1387 Idem
3041 1336 3109 1389 de
3133 1336 3328 1408 scipso
3351 1337 3524 1392 dicit:
3553 1359 3582 1391 (ι
3606 1339 3764 1394 Nihil

2113 1419 2254 1474 mihi
2305 1418 2574 1472 conscius
2624 1436 2777 1484 sum,
2827 1422 2923 1475 sed
2977 1439 3091 1477 non
3141 1424 3198 1478 in
3250 1425 3358 1480 hoc
3397 1427 3766 1496 justiﬁcatus

2115 1525 2247 1565 sum
2281 1509 2345 1562 ³⁵.
2380 1532 2406 1556 ››
2463 1511 2533 1562 At
2584 1526 2696 1563 non
2750 1511 2827 1563 ita
2873 1511 3123 1581 Spiritus
3158 1534 3170 1577 ς
3205 1515 3334 1569 ideo
3369 1517 3589 1570 dictum
3625 1523 3714 1572 est
3747 1534 3759 1572 :

2117 1622 2143 1647 ‹‹
2181 1601 2298 1653 Non
2333 1597 2608 1668 loquetur
2638 1617 2668 1652 a
2703 1601 3038 1671 semetipso.
3069 1626 3092 1648 ››
3121 1604 3306 1658 Anam.
3342 1603 3558 1661 Omnes
3587 1606 3767 1678 igitur

2120 1688 2387 1743 homines
2421 1689 2594 1742 modo
2654 1687 2888 1758 quidem
2940 1708 3070 1756 sua,
3105 1695 3274 1747 modo
3327 1711 3456 1750 vero
3506 1713 3633 1766 quze
3665 1695 3770 1752 Dei

2122 1782 2278 1842 sunt,
2311 1777 2633 1849 loquuntur
2667 1795 2678 1831 :
2717 1782 2774 1832 at
2805 1779 3016 1850 angeli,
3053 1799 3177 1852 quae
3225 1783 3316 1836 Dei
3369 1789 3509 1838 sunt
3540 1802 3774 1857 semper

2122 1865 2463 1937 loquuntur.
2500 1867 2650 1921 ()rlh.
2687 1867 2765 1922 Nc
2794 1867 2900 1922 hoc
2931 1870 3160 1938 quidem
3196 1889 3392 1926 verum
3426 1877 3698 1929 est.Nam
3724 1873 3776 1930 si

365 1959 792 2032 ἁμαρτησάντων
842 1956 940 2011 οὐκ
989 1957 1248 2034 ἐφεῖσατο.
1291 1980 1317 2006 ››
1367 1953 1558 2026 Ἀνόμ.
1610 1951 1781 2009 Ἀλλᾶ
1830 1952 1918 2006 καὶ
1968 1951 2016 2005 εἴ

2138 1970 2376 2026 semper,
2399 1973 2525 2025 qum
2552 1955 2640 2009 tiei
2666 1961 2822 2021 sunt,
2850 1956 3246 2030 loquerentur,
3274 1979 3384 2017 non
3413 1968 3774 2034 peccassent,

363 2067 498 2102 ποτε
528 2047 773 2122 ἥμαρτόν
802 2067 939 2106 τινες
969 2051 1076 2100 τῶν
1100 2041 1656 2120 ἀγγέλων,ἀλλέἷσῖν
1684 2041 1909 2116 ἄγγελοι
1932 2042 2018 2096 ἆν-

367 2138 698 2211 αμάρτητοι.
718 2137 858 2210 ’0,50.
880 2135 957 2191 Ού
992 2139 1280 2205 ζητοῦμεν,
1298 2132 1350 2188 εἷ’
1377 2133 1507 2187 εἶσιν
1539 2131 1759 2206 ἄγγελοι
1784 2131 2020 2207 ἀναμάρ-

368 2246 548 2295 τητοι,
584 2222 710 2279 ἀλλ’
741 2224 785 2277 εἲ
818 2221 1066 2278 δύνανται
1101 2225 1429 2298 ἀμαρτῆσαι.
1465 2221 1560 2275 Καὶ
1593 2222 1691 2297 γὰρ
1724 2219 1812 2274 καὶ
1852 2222 2016 2293 ἡμεῖς

370 2316 488 2386 (89)
517 2310 621 2375 ἕως
677 2317 769 2366 νῦν
822 2313 920 2366 ούκ
969 2312 1329 2384 ἀπεθάνομεν,
1363 2311 1452 2365 καὶ
1503 2309 1658 2384 ἐσμὲν
1707 2309 1892 2379 θνητοὶ
1943 2313 2020 2380 τῷ

373 2400 627 2465 δύνασθαι
658 2401 969 2468 ἀποθανεῖν,
1003 2401 1065 2455 ού
1094 2406 1174 2472 τῷ
1211 2398 1318 2469 ἤδη
1366 2397 1808 2469 ἀποτεθνηκέναιο
1843 2398 2018 2473 ἐγχω-

377 2498 459 2567 ρεῖ
498 2491 602 2566 γὰρ
645 2491 735 2545 καὶ
782 2492 857 2563 μὴ
908 2491 1191 2545 ἀποθανεῖν
1219 2511 1338 2544 τινα
1363 2492 1546 2561 ἡμῶν,
1577 2489 1648 2550 ὡς
1681 2489 1772 2542 τὸν
1807 2487 2018 2544 Ἠλίαν.

377 2582 481 2637 Κᾶν
546 2583 620 2653 μή
680 2602 764 2641 τις
825 2578 882 2634 δὲ
939 2583 1096 2652 ἡμῶν
1148 2579 1410 2652 ἀποθάνῃ,
1445 2576 1634 2646 ἀλλ’ἢ
1670 2577 1828 2655 φύσις
1886 2576 2018 2644 αῦτὴ

378 2674 546 2740 θνητή
582 2670 744 2726 ἐστιν.
779 2672 939 2724 Ὥστε
967 2669 1055 2724 καὶ
1088 2674 1192 2722 τῶν
1226 2667 1470 2744 ἀγγέλων
1517 2668 1570 2720 αἱ
1623 2664 1877 2739 μυριάδες
1927 2665 2024 2719 οὐκ

378 2760 688 2833 ἐψεύσαντο,
721 2757 848 2813 ἀλλ’
879 2757 1143 2836 ἐφύλαξαν
1202 2758 1268 2812 τὰ
1322 2761 1418 2811 τοῦ
1477 2760 1610 2810 Θεοῦ
1669 2754 1850 2830 λόγιαο
1898 2755 2024 2810 ἀλλ’

380 2847 600 2924 ἐδείχθη
671 2847 845 2902 αὐτῶν
904 2851 937 2916 ἡ
1000 2847 1155 2922 φύσις
1209 2847 1436 2918 τρεπτή,
1495 2846 1580 2898 καὶ
1642 2843 1885 2899 λαλοῦσα
1939 2845 2027 2922 ἀφ’

381 2939 598 3007 ἑαυτῆς,
627 2937 691 2991 τό
715 2958 864 2998 τινας
896 2939 1006 3008 (90)
1036 2934 1209 2990 αὐτῶν
1255 2942 1522 3007 τραπῆναι
1569 2935 1657 2987 καὶ
1709 2931 1895 2988 λαλεῖν
1938 2933 2025 3009 ἀφ’

379 3030 604 3082 ἑαυτῶν.
637 3026 706 3080 Τὸ
739 3023 797 3080 δὲ
839 3027 1058 3097 Πνεῦμα
1103 3026 1166 3079 τὸ
1216 3026 1364 3100 ἅγιον
1413 3023 1473 3078 ού
1509 3022 1668 3078 λαλεῖ
1695 3023 1782 3100 ἀφ’
1813 3023 2024 3080 ἑαυτοῦ.

381 3118 452 3171 Ού
508 3119 609 3192 γάρ
688 3114 799 3170 ἐστι
855 3122 1084 3190 γενητῆς
1142 3114 1377 3192 φύσεως,
1437 3112 1573 3167 ὥστε
1627 3113 1716 3166 καὶ
1775 3109 2028 3175 δύνασθαι

381 3213 670 3281 τραπῆναι.

2129 2046 2272 2098 adeo
2305 2049 2368 2098 ut
2403 2045 2686 2116 scriptum
2723 2046 2798 2100 sit
2835 2064 2845 2100 :
2882 2071 2907 2095 ‹‹
2945 2051 3087 2102 Nam
3142 2048 3188 2103 si
3241 2051 3485 2122 angelis,
3514 2052 3612 2123 qui
3646 2069 3776 2123 pec-

2129 2137 2416 2200 caverant,
2455 2150 2564 2188 non
2601 2135 2857 2205 pepercit
2887 2137 2950 2204 ³⁵,
2992 2161 3015 2184 η
3049 2143 3157 2191 etc.
3191 2140 3380 2194 Anam.
3406 2142 3514 2194 Sed
3545 2141 3778 2197 etiamsi

2131 2220 2397 2277 nonnulli
2447 2222 2786 2293 angelorum
2833 2223 2969 2278 olim
3024 2233 3358 2297 peccarunt,
3393 2233 3533 2284 sunt
3583 2235 3780 2285 tamen

2131 2311 2319 2381 angeli
2385 2311 2600 2381 peccati
2674 2318 2957 2382 expertes.
3035 2315 3181 2370 Orlh.
3256 2316 3378 2371 Non
3437 2319 3778 2390 quaerimus,

2132 2418 2203 2454 an
2263 2400 2381 2454 sint
2440 2399 2628 2470 angeli
2691 2402 2913 2472 absque
2965 2409 3220 2475 peccato,
3268 2405 3368 2460 sed
3421 2424 3494 2461 an
3551 2408 3782 2479 possint

2135 2504 2389 2560 peccare.
2427 2488 2651 2542 Etenim
2696 2506 2798 2544 nos
2850 2508 3081 2563 quoque
3129 2511 3314 2566 usque
3359 2513 3516 2550 nunc
3566 2497 3784 2552 mortui

2135 2593 2248 2631 non
2281 2593 2508 2642 sumus,
2542 2582 2597 2631 et
2627 2593 2832 2632 sumus
2865 2579 3163 2646 mortales,
3201 2600 3267 2637 eo
3299 2585 3453 2654 quod
3489 2585 3784 2656 possimus

2137 2666 2304 2730 mori,
2340 2682 2452 2719 non
2487 2667 2640 2736 quod
2672 2667 2791 2736 jam
2827 2670 3037 2722 mortui
3073 2688 3300 2739 sumus,
3337 2671 3628 2744 siquidem
3663 2675 3791 2732 ﬁeri

2140 2759 2326 2825 potest
2384 2760 2448 2808 ut
2497 2755 2679 2825 aliqui
2744 2762 3007 2812 nostrum
3071 2777 3184 2814 non
3247 2762 3593 2833 moriantur,
3655 2763 3788 2818 Eliaa

2137 2842 2419 2914 exemplo.
2457 2843 2700 2898 Etiamsi
2735 2861 2865 2899 vero
2897 2847 3189 2919 quispiam
3223 2855 3488 2906 nostrum
3524 2869 3638 2907 non
3672 2870 3791 2908 mo-

2139 2932 2341 3000 riatur,
2378 2938 2436 2986 at
2475 2933 2603 3004 ipsa
2651 2940 2804 2989 certe
2857 2941 3064 2992 natura
3114 2943 3203 2992 est
3252 2939 3532 2996 mortalis.
3587 2942 3788 3014 Itaque

2140 3021 2406 3092 quamvis
2440 3022 2733 3094 myriades'
2752 3024 3092 3096 angelorum
3122 3043 3232 3082 non
3263 3029 3516 3084 mentita:
3539 3031 3788 3099 sint,sed

2143 3111 2238 3164 Dei
2271 3127 2599 3165 sermonem
2635 3113 3038 3179 custodierint,
3074 3116 3264 3187 reipsa
3295 3125 3487 3173 tamen
3519 3119 3795 3191 apparuit

2141 3199 2485 3255 mutabilem
2509 3217 2636 3255 esse
2669 3201 2928 3272 ipsorum
2967 3212 3262 3272 naturam,
3283 3223 3347 3261 ac
3374 3207 3532 3279 loqui
3563 3225 3690 3263 eam
3723 3225 3791 3264 ex

386 3297 721 3364 Semctipsa,
779 3293 1259 3366 quandoquidem
1321 3307 1522 3346 eorum
1593 3289 1768 3361 aliqui
1821 3289 2028 3344 mutati
2065 3294 2222 3356 sunt,
2281 3304 2348 3343 ac
2379 3289 2556 3343 locuti
2614 3307 2647 3344 a
2703 3291 3059 3363 semetipsis.
3116 3295 3185 3347 At
3245 3296 3500 3366 Spiritus
3557 3303 3798 3353 sanctus

390 3402 501 3440 non
535 3385 794 3456 loquitur
825 3402 856 3438 a
887 3383 1221 3455 semetipso.
1258 3382 1384 3436 Non
1436 3381 1591 3435 enim
1645 3385 1735 3435 est
1783 3397 1850 3435 ea
1898 3385 2107 3434 natura
2139 3378 2435 3450 praeditus,
2478 3395 2608 3448 quae
2658 3379 2810 3435 facta
2861 3380 2960 3448 sit,
2994 3400 3057 3437 ac
3090 3382 3334 3454 prcinde
3365 3384 3579 3440 mutari
3612 3387 3804 3458 possit

457 3477 545 3528 25.
598 3473 787 3544 Ἀνόμ.
851 3470 1017 3526 Πόθεν
1073 3471 1194 3546 γὰρ,
1256 3469 1339 3524 δτι
1390 3469 1450 3523 οὐ
1485 3465 1702 3522 δύναται
1751 3475 2024 3543 τραπῆναι

2210 3469 2300 3523 25.
2330 3473 2524 3523 Anam.
2557 3467 2885 3525 Enimvero.
2921 3472 3075 3526 unde
3105 3471 3250 3527 illud
3301 3473 3476 3529 habet
3522 3475 3799 3546 Spiritus,

378 3563 442 3616 τὸ
474 3565 693 3634 Πνεῦμα
721 3581 733 3628 ;
764 3563 908 3635 Ὀρθ.
952 3561 1030 3617 Τὸ
1072 3560 1315 3635 παρέχον
1361 3556 1559 3619 ἄλλοις
1606 3558 1705 3626 τὴν
1756 3557 2033 3632 ἀτρεψίαν,

380 3649 584 3725 ἀνάγκη
645 3648 909 3725 ἄτρεπτον
969 3649 1101 3703 εἶναι
1159 3653 1228 3722 τῇ
1283 3646 1458 3726 φύσει.
1510 3646 1704 3719 Ἀνόμ.
1752 3646 1873 3701 Εἰσὶ
1932 3649 2035 3722 γὰρ

385 3739 490 3795 οὖν’
523 3740 612 3795 καὶ
665 3738 810 3794 ἄλλα
853 3736 1106 3815 ἄτρεπτα,
1161 3736 1222 3792 Et
1275 3739 1376 3812 γὰρ
1427 3738 1656 3812 παρέχει
1723 3735 1918 3798 ἄλλοις
1974 3736 2036 3790 τὸ

388 3836 606 3903 Πνεῦμα
653 3831 751 3898 τήν
807 3829 1081 3904 ἀτρεψίαν,
1132 3826 1266 3881 αὐτὰ
1311 3825 1506 3897 ἐκεῖνα,
1558 3828 1639 3887 οἷς
1689 3826 1917 3899 παρέχει
1977 3825 2038 3879 τὸ

395 3925 610 3990 Πνεῦμα
679 3919 778 3986 τὴν
856 3917 1131 3993 ἀτρεψίαν,
1193 3915 1427 3988 ἄτρεπτα
1503 3915 1634 3969 εἰσιν
1694 3917 1825 3988 (91).
1887 3915 2036 3986 Ὀρθ.

389 4007 563 4064 Ἀλλὰ
592 4008 659 4062 τὰ
693 4008 786 4078 μὲν
821 4005 920 4060 εἶσι
959 4009 1170 4080 μετοχῇ
1205 4003 1457 4078 ἄτρεπτα,
1488 4000 1634 4057 τὰδὲ
1661 4006 1730 4075 τῇ
1760 4002 1933 4075 φύσει,
1967 4003 2041 4062 ὡς

392 4099 449 4152 τὸ
484 4099 588 4173 πῦρ
622 4098 774 4174 φύσει
807 4096 917 4150 ἐστὶ
948 4095 1256 4161 καυστικὸν,
1288 4094 1350 4147 τὸ
1382 4091 1440 4147 δὲ
1471 4090 1616 4168 ὕδωρ
1648 4092 1784 4146 κατὰ
1812 4095 2041 4167 παράθε-

394 4209 471 4241 σιν
505 4191 601 4241 τοῦ
634 4187 802 4262 πυρὸς
830 4185 1115 4239 καυστικὸν
1145 4183 1365 4257 γίνεται.
1401 4181 1581 4242 Οὕτως
1609 4182 1672 4236 τὸ
1709 4182 1800 4253 μὲν
1826 4185 2044 4252 Πνεῦμα

399 4275 547 4352 φύσει
579 4276 718 4330 ἐστῖν
754 4271 1104 4347 ἄτρεπτον,οἱ
1137 4270 1194 4327 δὲ
1228 4273 1547 4347 μετέχοντες
1580 4269 1745 4324 αὐτοῦ
1767 4270 1902 4324 κατὰ
1926 4290 2046 4342 μετ-

402 4366 540 4439 οχὴν
573 4367 852 4440 ἅτρεπτοι.
888 4363 1079 4434 Ἀνόμ.
1116 4362 1202 4430 Μὴ
1237 4360 1411 4423 θέλεις
1446 4360 1613 4414 εἰπεῖν
1656 4359 1740 4414 ὅτι
1782 4360 1870 4413 καὶ
1915 4359 2044 4414 αὐτὸ

397 4455 458 4508 τὸ
506 4459 720 4526 Πνεῦμα
777 4454 960 4526 Πατήρ
1010 4451 1195 4520 ἐστιν;
1244 4452 1392 4526 Ὀρθ.
1443 4451 1529 4519 Μὴ
1579 4449 1814 4526 γὲνοιτοὲ
1851 4448 2043 4521 Ἀνὸμ.

400 4544 462 4601 E’.‘
493 4543 665 4597 πάντα
693 4544 760 4596 τὰ
791 4539 901 4595 ξ’δια
930 4545 1026 4594 τοῦ
1060 4540 1290 4614 ΙῙανρὸς,
1319 4539 1405 4594 καὶ
1437 4544 1532 4593 τοῦ
1583 4538 1894 4611 Πνεύματός
1945 4538 2046 4592 ε”τι

397 4632 488 4688 καὶ
544 4636 641 4686 τοῦ
699 4631 827 4685 Υἱοῦ
899 4629 1071 4694 κοινὰ,
1137 4628 1344 4708 ὀφείλει
1403 4628 1492 4683 καὶ
1551 4629 1738 4703 Πατὴρ
1797 4627 1930 4682 εἶναι
1985 4628 2047 4682 τὸ

401 4726 622 4795 Πνεῦμα
651 4723 764 4794 (92)
794 4720 884 4774 καὶ
936 4719 1080 4780 Υἱός.
1117 4720 1265 4794 Ὀρθ.
1300 4717 1412 4775 Οὐκ
1445 4717 1614 4773 εἶπον.
1648 4718 1729 4774 Τὰ
1785 4715 1894 4771 ἴδια
1949 4721 2048 4771 τοῦ

402 4811 631 4888 Πατρὸς,
673 4811 762 4865 καὶ
808 4813 905 4864 τοῦ
955 4810 1082 4863 Ποῦ
1130 4808 1218 4862 καὶ
1266 4811 1364 4862 τοῦ
1395 4807 1707 4880 Πνεύματός
1739 4808 1841 4861 εἶ’σι
1869 4806 2043 4862 κοινά·
2085 4851 2128 4914 D

411 4897 757 4914 .u.-.”
907 4905 935 4914 -
1064 4897 1139 4914 ,ι
1316 4900 1412 4914 ηπ.
1482 4901 1506 4910 τ
1629 4897 1748 4914 ..τι
1865 4897 1876 4911 ε
2035 4895 2049 4914 π

402 4898 567 4969 ἀλλὰ,
597 4897 818 4954 Τὰτίδια
868 4905 966 4966 τῆς
1023 4897 1203 4957 οὐσίας
1247 4900 1345 4950 τοῦ
1377 4901 1530 4960 Θεοῦ,
1561 4900 1657 4950 τοῦ
1706 4897 1918 4965 Πατρὸς
1961 4895 2051 4949 καὶ

401 4995 498 5044 τοῦ
548 4990 675 5042 ἰ”ιοῦ
724 4990 813 5042 καὶ
859 4993 956 5042 τοῦ
1006 4987 1164 5060 ἁγίου
1208 4985 1520 5057 Πνεύματὸς
1567 4984 1666 5037 εἰσι
1717 4984 1890 5038 κοινά·
1935 4986 2049 5037 οἷον

402 5079 466 5133 τὸ
507 5079 798 5155 ἄφθαρτον,
831 5076 892 5130 τὸ
943 5076 1219 5142 ἀθάνατον,
1251 5075 1312 5128 τὸ
1357 5072 1754 5140 ἀναλλοίωτον,
1785 5073 1848 5127 τὸ
1891 5073 2053 5145 ἅψει-

406 5165 516 5232 δὶς,
571 5167 658 5221 καὶ
718 5167 818 5221 ὅσα
872 5169 1116 5220 τοιαῦτα.
1177 5163 1366 5235 Ἀνόμ.
1413 5161 1619 5224 Ἄλλος
1677 5159 1770 5216 οῦν
1831 5161 1970 5216 ἐστιν
2026 5162 2054 5215 ὁ

404 5259 556 5326 Θεὸς,
590 5255 678 5312 καί
738 5254 910 5316 ἄλλος
968 5255 995 5307 ὁ
1046 5256 1271 5328 Πατήρ;
1307 5254 1449 5328 Ὀρθ.
1485 5253 1578 5320 Mi,
1631 5252 1874 5327 γένοιτοῐ
1911 5248 2056 5304 ἀλλὰ

404 5348 486 5416 τὸ,
521 5346 674 5408 Θεὸς.
707 5345 806 5414 τὴν
836 5343 990 5422 φύσιν
1044 5341 1230 5414 δηλοῖ,
1262 5343 1324 5398 τὸ
1374 5339 1432 5396 δὲ
1483 5341 1691 5417 Πατὴρ,
1721 5341 1819 5410 τὴν
1869 5340 2052 5416 σχέσιν

479 5501 524 5537 3"
554 5500 741 5558 Galat.
777 5516 839 5569 ιι,
875 5499 962 5554 14.
1037 5498 1082 5532 ⁸⁵
1114 5498 1134 5553 Ι
1163 5499 1288 5553 Cor.
1323 5513 1399 5566 ιν,
1427 5497 1479 5551 4.
1560 5496 1605 5530 ³⁸
1636 5495 1686 5552 II
1718 5495 1868 5552 Petr.
1899 5511 1963 5564 ιι,
1997 5495 2050 5549 4.

622 5668 829 5744 gelat,
864 5664 966 5744 Ιξαὶ
998 5663 1100 5739 γὰρ
1131 5665 1320 5737 ἡμεῖς.

485 5741 589 5816 (90)
624 5742 812 5816 Em“:
843 5741 1152 5816 τῷ-τινας·..
1336 5804 1346 5816 .
1431 5803 1444 5816 .
1600 5807 1653 5816 -.

486 5802 598 5890 (91)
626 5812 740 5880 Τὴν
783 5802 1058 5886 ἇτρεψίαν,
1118 5804 1353 5886 ἅτρεπτά
1402 5803 1557 5862 εἰσιν.
1599 5807 1690 5864 Sic
1743 5805 1948 5878 Palat.,
1994 5802 2063 5861 δι’

2149 3562 2208 3612 ut
2239 3557 2452 3612 mutari
2487 3574 2599 3612 non
2633 3557 2860 3628 possit?
2891 3559 3039 3614 Orth.
3073 3561 3232 3623 Quod
3267 3561 3398 3617 aliis
3440 3567 3657 3635 praebet
3685 3565 3802 3620 im-

2150 3645 2625 3711 mutabilitatem,
2669 3664 2904 3703 necesse
2951 3655 3038 3703 est
3090 3654 3298 3706 natura
3346 3668 3472 3707 esse
3521 3653 3802 3710 immuta-

2148 3736 2278 3789 bil--.
2317 3736 2508 3790 Anam.
2543 3740 2690 3790 Sunt.
2723 3738 2900 3807 igitur
2939 3740 3091 3794 4⁸η
3143 3740 3256 3794 alia
3308 3758 3542 3813 quoque
3574 3743 3800 3799 immu-

2147 3827 2368 3880 tabilia.
2405 3825 2547 3879 Nam
2581 3825 2629 3880 si
2671 3827 2801 3881 aliis
2836 3835 3072 3897 praestat
3101 3829 3356 3900 Spiritus
3387 3831 3548 3886 illam
3582 3832 3803 3888 immu-

2149 3913 2520 3980 tabilitatem,
2565 3930 2774 3986 nempe
2822 3915 2941 3980 illa,
2991 3917 3208 3987 quibus
3260 3919 3802 3976 immutabilitatem

2151 4002 2311 4057 illam
2373 4003 2589 4072 praebet
2647 4002 2922 4070 Spiritus,
2983 4005 3158 4060 etiam
3221 4013 3361 4062 sunt
3407 4008 3807 4066 immutabilia

2154 4091 2302 4146 Orth.
2335 4091 2443 4145 Sed
2477 4093 2742 4161 quaedam
2779 4098 2918 4146 sunt
2944 4094 3338 4150 immutabilis
3367 4098 3812 4169 participatione

2153 4181 2420 4251 quaedam
2456 4185 2682 4247 natura,
2719 4185 2782 4234 ut
2815 4181 2967 4252 ignis
3001 4189 3211 4238 natura
3241 4185 3480 4255 quidem
3513 4192 3602 4242 est
3633 4204 3810 4243 urens

2155 4285 2302 4340 aqua
2333 4285 2463 4323 vero
2495 4270 2762 4340 apposito
2803 4269 2935 4340 igne
2985 4271 3050 4324 ﬁt
3079 4288 3275 4327 urens.
3312 4275 3395 4328 Ita
3441 4275 3692 4346 Spiritus
3723 4280 3814 4332 est

2156 4366 2364 4412 natura
2396 4356 2783 4411 immutabilis
2819 4374 2830 4410 :
2861 4358 2958 4429 qui
3009 4376 3141 4414 vero
3188 4360 3322 4415 facti
3357 4367 3497 4417 sunt
3525 4363 3652 4434 ejus
3684 4381 3816 4435 par-

2156 4448 2383 4518 ticipes,
2453 4448 2563 4500 hac
2639 4447 3084 4518 participatione
3170 4450 3318 4504 ﬁunt
3406 4451 3811 4508 immutabiles

2156 4539 2346 4593 Anam.
2409 4543 2492 4589 An
2553 4535 2638 4589 vis
2688 4537 2878 4590 dicere
2935 4537 3100 4591 illun
3153 4538 3344 4609 ipsum
3383 4539 3662 4610 Spiritum
3705 4541 3813 4597 Pa-

2158 4633 2305 4682 trem
2337 4625 2694 4681 esse?0rm.
2734 4625 2928 4681 Absit!
2963 4627 3154 4682 Anam.
3205 4629 3383 4699 Atqui
3433 4629 3482 4684 si
3540 4647 3815 4702 quaecun-

2161 4732 2272 4786 que
2298 4719 2438 4770 sunt
2469 4715 2619 4769 Patri
2657 4715 2909 4786 propria,
2940 4721 3078 4770 sunt
3106 4713 3338 4789 quoque
3371 4717 3516 4774 Filio
3548 4725 3605 4774 et
3635 4719 3821 4791 Spiri-

2161 4805 2245 4858 tui
2278 4805 2630 4869 communia,
2660 4810 2885 4874 Oportet.
2919 4811 2980 4858 ut
3013 4806 3178 4860 Pater
3207 4807 3285 4862 sit
3313 4807 3438 4880 ipse
3469 4809 3724 4880 Spiritus
3756 4812 3817 4864 et

2163 4893 2365 4948 Filius.
2418 4893 2568 4948 Orth.
2618 4893 2740 4947 Non
2782 4893 2922 4964 dixi,
2974 4911 3100 4965 quas
3149 4897 3382 4967 propria
3428 4903 3565 4953 sunt
3607 4898 3819 4954 Patris.

2164 4998 2291 5037 esse
2323 4999 2554 5053 quoque
2588 4982 2728 5036 Filio
2772 4987 2828 5036 et
2860 4984 3101 5054 Spiritui
3126 4987 3455 5040 communir
3499 5004 3511 5040 :
3547 4987 3648 5042 sed
3693 4986 3817 5042 dixi

2166 5091 2252 5143 ea,
2284 5090 2410 5154 quae
2448 5075 2678 5144 propria
2711 5079 2850 5128 sunt
2902 5077 3247 5131 substantiae
3285 5078 3402 5143 [)ei,
3437 5094 3562 5133 esse
3591 5084 3647 5132 et
3680 5077 3821 5132 Filio

2165 5168 2223 5216 et
2261 5161 2498 5231 Spiritui
2553 5167 2752 5217 sancto
2796 5166 3155 5230 communia,
3202 5172 3264 5219 ut
3313 5166 3820 5238 incorruptibilem

2167 5251 2579 5320 immortalem,
2604 5253 3034 5308 immutabilem
3068 5270 3215 5321 esse,
3237 5254 3473 5309 mentiri
3505 5273 3618 5311 non
3650 5271 3821 5328 posse

2166 5343 2223 5395 et
2254 5355 2618 5410 quaecunque
2651 5347 2790 5395 sunt
2813 5340 3177 5412 hujusmodi.
3197 5343 3390 5399 Anam.
3424 5345 3648 5417 Ergone
3671 5344 3825 5401 alius

2172 5658 2588 5733 ὁμοιοτὲλευτον
2600 5705 2612 5718 .

2243 5735 2356 5806 (92)
2385 5734 2574 5811 Πατὴρ
2608 5733 2737 5788 εἶναι
2767 5733 2895 5790 αὐτὸ
2926 5739 3169 5809 Πνεῦμα.
3202 5738 3355 5793 Edit.
3388 5739 3586 5814 Steph.
