4116 6408
389 468 543 529 1155

1549 466 1607 529 S.
1658 462 2181 529 A'l‘HANASlUS.
2214 502 2291 512 —
2329 463 2640 532 SPURIA.

3659 470 3812 535 1156

386 608 533 658 Deus
563 606 670 673 est,
703 602 858 657 alius
890 601 1060 657 Pater
1080 601 1108 657 ‘2
1141 602 1293 658 Orth.
1321 600 1524 657 Absit!
1559 602 1661 657 sed
1699 601 1794 657 Dei
1825 615 2014 656 nomei

2147 599 2248 668 τήν
2297 598 2434 674 πρὸς
2478 601 2570 655 τὸν
2622 602 2762 659 Υἳόν.
2795 604 2930 657 Ὅσα
2979 599 3071 658 οῦν
3125 598 3234 657 ίδιά
3279 599 3381 658 sici
3418 609 3518 673 τῆς
3566 603 3806 683 φύσεως,

383 697 652 747 naturam
676 692 1136 760 indicat,nomen
1158 696 1351 746 autem
1374 690 1561 746 Patris
1579 707 1709 746 eam
1731 690 2037 757 rationem,

378 799 556 854 quam
589 782 661 836 ad
695 781 907 836 Filium
937 781 1133 834 habet.
1174 780 1548 851 Quaecunque
1599 779 1781 852 igitur
1810 778 2041 851 propria

378 877 516 926 sunt
548 874 793 940 naturae,
826 869 1169 925 communia
1199 874 1339 924 sunt
1370 870 1639 940 ejusdem
1692 868 2039 924 substantias

379 960 817 1033 hypostasibus.
844 959 1144 1032 Siquidem
1168 960 1319 1029 quod
1358 959 1503 1013 dixit
1533 958 1815 1030 propheta
1836 959 1898 1023 ‘7,
1926 958 2040 1012 Ma-

378 1046 710 1120 gnitudinis
743 1045 840 1101 Dei
897 1063 1009 1100 non
1060 1048 1150 1099 est
1185 1043 1339 1112 ﬁnis,
1375 1045 1584 1098 dixerit
1613 1043 1787 1098 etiam
1822 1042 2038 1114 aliquis

374 1143 432 1193 et
461 1138 533 1193 de
562 1135 706 1191 Filio
733 1140 791 1190 et
822 1135 893 1190 de
924 1134 1140 1206 Spiritu
1172 1152 1184 1202 ;
1220 1135 1360 1206 quia
1392 1152 1579 1207 neque
1611 1133 2038 1206 magnitudinis

379 1226 529 1293 Filii,
557 1242 745 1298 neque
776 1223 1206 1297 magnitudinis
1234 1224 1522 1296 Spiritus:
1549 1224 1706 1280 ullus
1727 1227 1817 1279 est
1844 1221 2040 1278 termi-

378 1334 508 1371 nus.
542 1315 687 1370 Nam
717 1336 744 1367 α
766 1314 889 1378 Quo
912 1314 1006 1370 ibo
1039 1332 1071 1369 a
1094 1313 1314 1385 Spiritu
1336 1313 1487 1370 tuo?
1518 1319 1574 1369 et
1590 1330 1706 1386 quo
1728 1330 1762 1368 a
1779 1312 1922 1368 facie
1936 1317 2040 1368 tua

376 1406 598 1477 fugiam
628 1405 671 1439 ³⁸
693 1403 720 1457 ‘2
754 1426 782 1453 ››
805 1403 1020 1459 Rerum
1055 1408 1254 1458 autem
1287 1402 1553 1459 omnium
1584 1402 1957 1459 conditarum
1981 1406 2038 1458 et

378 1494 667 1551 terminus
697 1496 789 1549 est
829 1491 1048 1565 aliquis
1096 1498 1155 1547 et
1203 1493 1523 1563 quantitas.
1575 1493 1822 1548 Possum
1877 1491 2035 1546 enim

373 1583 572 1639 animo
603 1581 904 1653 concipere
935 1581 1297 1651 Gabrielem,
1330 1580 1427 1637 ubi
1459 1598 1573 1638 non
1605 1583 1685 1637 sit
1725 1579 1984 1653 Raphael
2019 1597 2033 1636 :

368 1676 604 1729 Patrem
638 1676 833 1727 autem
865 1676 923 1726 et
951 1670 1159 1726 Filium
1191 1678 1249 1727 et
1279 1671 1561 1743 Spiritum
1602 1674 1873 1727 sanctum
1903 1670 2034 1726 ubi-

369 1778 503 1835 que,
538 1762 595 1817 in
627 1762 904 1818 omnibus
935 1765 990 1816 et
1018 1778 1121 1833 per
1153 1762 1354 1817 omnia
1382 1767 1575 1818 mente
1604 1760 1932 1818 considero.

439 1854 529 1907 26.
564 1853 761 1908 Anom.
799 1850 933 1906 Dico
965 1850 1144 1907 etiam
1187 1868 1313 1922 ego,
1368 1850 1606 1923 ubique,
1648 1856 1706 1907 et
1732 1850 1793 1905 in
1843 1848 2033 1906 omni-

369 1944 504 2014 bus,
529 1949 587 1998 et
617 1960 717 2014 per
749 1942 947 1997 omnia
975 1958 1105 1996 esse
1136 1941 1634 2013 Patrem,Filium,
1659 1947 1717 1997 et
1745 1941 2029 2013 Spiritum

366 2038 661 2089 sanctum.
696 2028 857 2086 Ortk.
890 2030 1092 2085 Nonne
1125 2030 1180 2085 id
1203 2036 1291 2086 est
1320 2030 1839 2100 consubstantiale,
1872 2031 2026 2102 quod

364 2123 633 2179 eamdem
657 2119 1001 2176 substantiae
1024 2119 1314 2176 rationem
1337 2119 1923 2193 recipit?Anom.Non
1946 2119 2030 2175 di-

366 2213 450 2268 cis
483 2211 665 2284 igitur
682 2211 965 2280 majorem
985 2224 1115 2264 esse
1135 2208 1367 2265 Patrem
1389 2207 1822 2265 Filio?Arth.Ut
1841 2209 2027 2265 Deum

368 2307 478 2357 Deo
514 2301 817 2371 majorem,
846 2314 1224 2370 nequaquam
1250 2315 1263 2352 :
1290 2299 1397 2354 Sed
1420 2303 1484 2355 ut
1507 2299 1737 2355 Patrem
1763 2297 1891 2354 Filii
1917 2299 2027 2354 hu-

365 2406 539 2446 mana
568 2405 744 2445 carne
773 2388 963 2443 induti
999 2405 1011 2442 :
1046 2387 1337 2460 siquidem
1363 2405 1478 2444 non
1510 2388 1659 2444 dixit
1685 2406 1699 2444 :
1721 2388 1874 2444 Deus
1908 2404 2028 2444 ma-

353 2482 451 2550 jor
478 2495 571 2535 me
603 2484 711 2544 est,
745 2479 844 2534 sed
881 2499 909 2527 ι(
939 2481 1114 2532 Pater
1144 2478 1333 2547 major
1381 2493 1474 2532 me
1522 2483 1614 2534 est
1664 2479 1726 2532 ³ο.
1768 2499 1797 2526 ››
1826 2477 2022 2533 Anam.

368 2568 576 2624 Filium
625 2584 761 2640 ergo
810 2566 959 2622 dicis
1006 2565 1227 2622 deitate
1291 2567 1579 2638 aequalem
1629 2583 1761 2623 esse
1808 2564 2025 2622 Patri?

363 2656 516 2713 Orth.
552 2656 801 2713 Maxime
832 2672 845 2710 :
880 2654 1024 2710 dicit
1054 2654 1211 2711 enim
1241 2654 1559 2728 Apostolus
1602 2673 1615 2710 :
1658 2678 1684 2708 α
1727 2657 1842 2711 Hoc
1890 2672 2023 2712 sen-

299 2746 308 2755 ’
362 2748 467 2803 tite
492 2746 551 2801 in
585 2745 770 2815 vobis,
802 2745 959 2817 quod
991 2749 1049 2800 et
1076 2743 1136 2801 in
1180 2744 1413 2801 Christo
1441 2745 1583 2800 Jesu
1620 2762 1633 2799 :
1667 2745 1765 2815 qui
1799 2762 1929 2801 cum
1959 2744 2021 2800 in

362 2837 555 2892 forma
584 2835 687 2892 Dei
709 2840 883 2902 esset,
917 2850 1032 2889 non
1065 2834 1332 2906 rapinam
1359 2835 1680 2891 arbitratus
1701 2839 1791 2891 est
1810 2852 1935 2890 esse
1958 2851 2023 2892 se

362 2924 649 2997 aequalem
676 2927 784 2980 Deo
806 2924 871 2981 ‘0.
892 2923 1299 2988 »Anom.Quod
1318 2922 1496 2994 igitur
1516 2923 1641 2996 ipse
1664 2941 1777 2981 non
1803 2924 2018 2996 rapuit,

362 3033 467 3073 cur
494 3014 581 3070 illi
611 3013 885 3070 attribuis
908 3012 937 3068 ?
967 3014 1119 3070 Orth.
1151 3012 1436 3078 Quoniam
1467 3014 1595 3086 ipse
1637 3030 1752 3070 non
1802 3013 2017 3086 rapuit,

362 3106 464 3167 sed
496 3103 673 3160 habet
702 3108 953 3170 natura;
986 3106 1043 3158 et
1086 3102 1195 3158 hoc
1235 3102 1480 3171 habens,
1520 3122 1540 3151 α
1576 3103 1895 3159 exinanivit
1922 3119 2019 3160 se-

365 3194 705 3266 metipsum,
737 3195 927 3248 forma
954 3192 1102 3247 servi
1125 3194 1452 3263 accepta“.
1535 3192 1673 3256 Quae
1700 3193 1858 3253 enim
1889 3192 2019 3250 laus

2148 692 2314 743 ταῦτα
2344 691 2500 744 κοινᾶ
2526 695 2634 745 τῶν
2666 698 2765 761 τῆς
2796 690 2961 762 αὐτῆς
3007 690 3188 754 οὐσίας
3240 693 3607 751 ὑποστάσεων.
3639 694 3802 767 ’Λμέ-

2151 774 2233 830 λει
2290 776 2380 830 καὶ
2428 784 2528 847 τῆς
2582 777 2975 852 μεγαλωσύνης
3020 783 3119 835 τοῦ
3168 776 3302 834 Θεοῦ
3345 779 3443 835 οὐκ
3474 777 3583 836 ἔστι
3615 781 3809 853 πὲρας,

2148 862 2360 938 εἴρηται
2388 866 2535 941 παρά
2559 872 2640 939 τῷ
2669 870 2946 945 προφήτῃ·
2979 872 3140 922 τοῦτο
3173 865 3231 924 δὲ
3277 869 3335 923 ἄν
3383 890 3467 932 τις
3519 867 3663 925 εἴποι
3713 869 3805 925 καὶ

2148 954 2270 1028 περὶ
2326 960 2424 1009 τοῦ
2493 956 2631 1024 Γὶοῦ,
2663 956 2753 1012 καὶ
2808 957 2934 1033 περὶ
2988 954 3085 1012 τοῦ
3145 956 3477 1030 Πνεύματος·
3518 955 3644 1014 οὔτε
3697 960 3804 1035 γὰρ

2145 1049 2246 1110 τῆς
2281 1042 2672 1118 μεγαλωσύνης
2701 1051 2799 1101 τοῦ
2828 1047 2955 1100 Υἲοῦ
2987 1049 3097 1119 (93)
3131 1047 3242 1102 ἐστι
3290 1047 3475 1123 πέρας,
3522 1044 3647 1104 οὔτε
3696 1056 3797 1119 τῆς

2151 1131 2543 1206 μεγαλωσύνης
2592 1138 2689 1188 τοῦ
2741 1135 3079 1207 Πνεῦματος.
3144 1158 3173 1187 α
3233 1141 3347 1190 Ποῦ
3410 1161 3431 1189 ιι
3478 1137 3581 1213 γὰρ
3634 1163 3661 1190 ι(
3697 1157 3799 1193 πο-

2149 1222 2323 1294 ρευθῶ
2353 1220 2459 1276 ἀπὸ
2491 1227 2586 1277 τοῦ
2620 1222 2933 1297 Πνεύματός
2966 1245 3061 1279 σου
3085 1224 3202 1294 ptati
3233 1224 3341 1280 ἀπὸ
3367 1224 3464 1280 τοῦ
3495 1226 3797 1303 προσώπου

2146 1330 2241 1363 σου
2271 1314 2375 1364 ποῦ
2406 1310 2593 1389 φύγω;
2613 1315 2782 1370 »Τῶν
2802 1310 2859 1368 δὲ
2888 1315 3198 1387 κτισμάτων
3232 1314 3479 1370 ἁπάντων
3512 1314 3602 1370 καὶ
3633 1316 3799 1391 πέρας

2147 1395 2257 1453 ἐστὶ
2317 1401 2407 1454 καὶ
2464 1400 2726 1472 ποσότης.
2788 1401 3029 1476 Δύναμαι
3089 1403 3193 1479 γὰρ
3266 1410 3460 1474 νοῆσαι
3534 1405 3627 1459 τὸν
3695 1411 3797 1460 Γα-

2147 1481 2337 1560 ϐριὴλ,
2385 1487 2510 1554 ἔνθα
2564 1490 2664 1545 οὐκ
2719 1486 2858 1547 ἔστιν
2921 1494 2949 1548 6
3004 1492 3266 1570 Ῥαφαήλ·
3328 1494 3538 1570 Πατέρα
3595 1491 3654 1549 δὲ
3707 1493 3799 1550 καὶ
3868 1561 3884 1577 ν

2148 1577 2266 1632 Υίὸν
2326 1579 2416 1632 καὶ
2474 1580 2624 1656 ἅγιον
2686 1584 2921 1654 Πνεῦμα,
2954 1585 3237 1657 πανταχοῦ
3265 1582 3356 1637 καὶ
3406 1581 3457 1637 ἐν
3512 1588 3643 1638 πᾶσι
3702 1583 3795 1638 καὶ

2145 1664 2173 1721 δ
2184 1668 2235 1721 ιὰ
2262 1668 2474 1723 πάντων
2501 1673 2629 1725 νοῶ.

2213 1848 2302 1902 26.
2362 1847 2554 1919 Ἀνόμ.
2618 1847 2779 1922 Κάγὼ
2854 1845 3024 1924 λέγω,
3085 1848 3166 1904 ὅτι
3246 1854 3527 1926 πανταχοῦ
3594 1850 3685 1906 καὶ
3741 1848 3795 1905 ἐν

2141 1940 2270 1989 πᾶσι
2301 1936 2390 1989 καὶ
2431 1932 2519 1990 διὰ
2549 1936 2763 1991 πάντων
2795 1935 2904 1992 ἐστὶ
2944 1939 3131 2014 Πατὴρ
3177 1939 3267 1993 καὶ
3316 1939 3436 2003 Υἱὸς
3486 1939 3576 1994 καὶ
3633 1941 3795 2015 ἅγιον

2140 2029 2379 2097 Πνεῦμα.
2415 2026 2555 2098 Ὀρθ.
2602 2029 2779 2083 Τοῦτο
2829 2024 2919 2081 οὖν
2966 2026 3104 2082 ἐστιν
3141 2030 3254 2102 (94)
3285 2028 3605 2102 ὁμοούσιον⁹
3637 2030 3667 2084 ὃ
3694 2030 3789 2085 τὸν

2138 2111 2294 2167 αὐτὸν
2328 2112 2637 2190 ἐπιδέχεται
2666 2115 2829 2191 λόγον
2856 2122 2957 2185 τῆς
3003 2115 3212 2179 οὐσίας.
3255 2118 3445 2191 Ἀνόμ.
3480 2117 3555 2175 Οὐ
3607 2117 3791 2194 λέγεις

2138 2200 2229 2256 οὖν
2284 2204 2505 2276 μείζονα
2546 2204 2638 2259 τὸν
2686 2206 2900 2281 Πατέρα
2945 2210 3042 2260 τοῦ
3096 2207 3262 2277 Υίοῦς
3317 2209 3466 2282 Ὀρθ.
3513 2209 3602 2271 Ὦς
3660 2209 3791 2264 Θεὸν

2137 2296 2292 2361 Θεοῦ,
2348 2289 2449 2347 οὕ’
2509 2294 2584 2356 ὡς
2643 2295 2855 2369 Πατέρα
2912 2291 2970 2349 δὲ
3043 2295 3173 2350 Υἱοῦ
3255 2295 3791 2370 ἐνανθρωπήσαντος.

2138 2379 2359 2454 Ἀμὲλει
2410 2381 2508 2437 οὐκ
2557 2382 2719 2438 εἶπεν·
2751 2389 2805 2438 Ὁ
2853 2385 2981 2446 Θεὸς
3027 2384 3227 2457 μείζων
3278 2407 3384 2460 μου
3433 2384 3597 2441 ἐστίν·
3637 2383 3792 2459 ἀλλ’,

2137 2495 2165 2523 ‹‹
2194 2476 2248 2525 ‘0
2280 2472 2468 2547 Πατήρ
2530 2471 2725 2546 μείζων
2780 2494 2886 2545 μου
2937 2473 3101 2532 ἐστίν.
3131 2500 3160 2527 ››
3190 2475 3379 2548 Ἀνόμ.
3427 2473 3512 2550 Τῇ
3570 2474 3785 2547 θεότητι

2133 2559 2225 2617 οῦν
2255 2559 2369 2615 ἴσον
2404 2560 2579 2637 λὲγεις
2610 2562 2702 2617 τὸν
2737 2563 2856 2617 Υῖὸν
2887 2566 2986 2618 τοῦ
3016 2562 3229 2640 Πατρός
3256 2584 3269 2633 ;
3304 2565 3455 2638 Ὀρθ.
3489 2565 3591 2621 Καὶ
3622 2563 3783 2620 πάνυ·

2131 2652 2220 2706 καὶ
2275 2651 2377 2727 γὰρ
2429 2652 2517 2706 καὶ
2550 2652 2578 2705 ὁ
2613 2651 2948 2714 Ἀπόστολος
2997 2651 3169 2729 λέγει·
3201 2678 3229 2706 ‹‹
3259 2658 3430 2709 Τοῦτο
3487 2654 3787 2732 φρονείσθω

2131 2741 2183 2796 ἐν
2230 2742 2379 2815 ὑμῖν,
2412 2742 2442 2797 ’ὸ
2472 2742 2563 2797 καὶ
2609 2740 2661 2797 ἐν
2692 2744 2911 2817 Χριστῷ
2946 2742 3146 2814 Ἰησοῦ·
3180 2745 3260 2816 ὃς,
3294 2743 3346 2798 ἐν
3405 2748 3590 2823 μορφῇ
3651 2749 3788 2800 Θεοῦ

2133 2832 2418 2909 ὑπάρχων,
2451 2831 2558 2907 οὐχ
2586 2832 2869 2908 ἁρπαγμὸν
2901 2835 3146 2908 ἡγήσατο
3176 2834 3238 2889 τὸ
3270 2835 3405 2889 εἶναι
3454 2831 3542 2889 ἷ¹σα
3579 2838 3716 2907 Θεῷ.
3751 2858 3782 2889 κ

2129 2920 2321 2995 Ἀνόμ.
2349 2923 2416 2980 'O
2447 2920 2538 2977 οῦν
2566 2920 2726 2985 αὐτὸς
2781 2921 2888 2998 οὐχ
2937 2922 3149 2997 ἥρπασε
3174 2926 3314 2998 (95),
3345 2923 3409 2979 σὺ
3461 2921 3551 2979 διὰ
3596 2925 3649 2981 τί
3699 2922 3783 2980 δί-

2131 3008 2240 3074 δως
2271 3009 2416 3083 αὐτῷ
2442 3031 2455 3081 ;
2486 3013 2638 3088 Ὀρθ.
2671 3015 2789 3067 Ὅτι
2820 3011 2929 3088 οὐχ
2957 3013 3217 3085 ἥρπασεν,
3250 3012 3378 3069 ἀλλ’
3416 3010 3531 3090 ἔχει
3561 3018 3631 3089 τῇ
3682 3014 3782 3093 φύ-

2128 3119 2228 3156 σει*
2261 3101 2350 3156 καὶ
2384 3096 2529 3176 ἔχων
2588 3106 2771 3171 τοῦτο,
2805 3126 2833 3153 ‹‹
2869 3101 3055 3156 ἑαυτὸν
3109 3100 3356 3175 ἐκένωσε,
3394 3104 3610 3181 μορφὴν
3658 3100 3785 3158 δού-

2130 3188 2229 3245 λου
2261 3187 2469 3247 λαϐών.
2513 3215 2542 3243 ››
2574 3193 2741 3253 ΙΙοῖος
2771 3190 2869 3266 γὰρ
2901 3190 2967 3259 ἧν
3002 3189 3221 3254 ἔπαινος
3248 3196 3327 3265 τῷ
3360 3193 3436 3264 μὴ
3487 3188 3674 3269 ἔχοντι
3719 3193 3785 3248 τὸ

363 3284 643 3340 debeatur
671 3282 745 3351 ei,
772 3281 871 3353 qui
905 3298 1085 3353 quam
1108 3298 1223 3337 non
1258 3281 1435 3337 habet
1463 3282 2014 3353 aequalitatem,eam

2128 3276 2269 3348 ⁷ίσον,
2301 3280 2391 3335 καὶ
2428 3281 2503 3353 μή
2537 3278 2829 3355 ἁρπάζοντι
2855 3299 2869 3349 ;
2898 3279 2961 3336 Εἰ
3000 3280 3105 3355 γὰρ
3149 3285 3312 3336 τοῦτο
3357 3276 3600 3351 ἔπαινος,
3632 3281 3787 3337 ἐπαι-

362 3389 480 3429 non
528 3342 953 3444 rapuitham
1000 3369 1052 3426 si
1103 3371 1208 3426 hoc
1255 3342 1553 3427 laudabile
1600 3376 1710 3442 est,
1744 3342 2014 3428 similiter

2129 3371 2407 3440 νεθήσετκι
2452 3370 2661 3443 ὁμοίως
2707 3369 2798 3425 καὶ
2847 3369 2876 3424 6
2907 3367 3151 3440 οὐρανὸς,
3182 3371 3272 3425 καὶ
3312 3371 3340 3424 ὁ
3381 3364 3650 3445 Γαϐριὴλ,
3686 3371 3780 3428 καὶ

358 3463 536 3521 etiam
568 3460 779 3518 coelum
812 3459 1169 3531 laudabitur,
1201 3465 1257 3515 et
1284 3459 1534 3529 Gabriel,
1568 3466 1625 3516 et
1652 3461 1930 3532 Raphael,
1958 3466 2015 3517 et

358 3552 699 3626 angelorum
734 3550 973 3624 singuli,
1019 3554 1077 3606 et
1115 3549 1505 3622 archangelus
1554 3551 1820 3623 quilibet,
1853 3553 2007 3625 quod

356 3642 752 3714 aequalitatem
785 3656 923 3698 cum
958 3641 1069 3696 Deo
1101 3656 1216 3695 non
1250 3639 1570 3711 rapuerint.

424 3732 518 3789 27.
549 3732 742 3786 Anam.
792 3729 909 3786 Nos
960 3727 1213 3784 dicimus
1259 3729 1513 3799 Patrem,
1562 3734 1620 3786 et
1667 3728 1898 3797 Filium,
1952 3737 2011 3787 et

352 3819 637 3894 Spiritum
664 3825 937 3875 sanctum
968 3835 1097 3874 esse
1127 3818 1317 3874 instar
1347 3818 1629 3891 episcopi,
1661 3827 1721 3875 et
1767 3821 2007 3893 presby-

353 3910 484 3977 teri,
517 3916 575 3966 et
601 3909 853 3965 diaconi.
887 3908 1036 3964 Orth.
1067 3908 1179 3964 Sed
1214 3908 1367 3964 sicut
1395 3908 1689 3980 quispiam
1733 3910 1835 3980 qui
1883 3912 2005 3981 epi-

352 4016 567 4073 scopus
600 4015 712 4054 non
736 3999 833 4064 sit,
862 4002 921 4053 et
955 4003 1153 4052 tamen
1181 3997 1354 4053 homo
1384 3998 1480 4067 sit,
1513 3998 1779 4054 eamdem
1828 3998 2007 4056 habet

349 4092 622 4145 naturam
652 4093 830 4159 atque
849 4086 1164 4159 epi300pus
1183 4103 1196 4141 :
1218 4084 1493 4142 similiter
1514 4091 1570 4142 et
1590 4086 2003 4161 diaconus,qui

346 4193 538 4250 neque
550 4177 853 4250 presbyter
863 4175 1155 4247 sit,neque
1171 4174 1563 4247 episcopus,ej
1574 4176 1778 4232 usdem
1802 4182 2001 4234 tamen

348 4271 438 4321 est
467 4270 689 4321 natura:
715 4282 727 4319 :
750 4264 833 4320 ita
855 4264 1036 4336 igitur
1064 4270 1127 4319 tu
1146 4279 1381 4335 quoque
1412 4263 1613 4320 fateris
1635 4264 1848 4322 Filium
1868 4266 1998 4339 qui-

347 4356 479 4411 dem
512 4371 627 4411 non
650 4372 780 4412 esse
802 4355 1053 4418 l'atrem,
1085 4354 1186 4409 sed
1220 4353 1489 4424 ejusdem
1514 4370 1642 4410 esse
1674 4363 1896 4411 natura
1917 4360 2002 4412 at-

345 4461 459 4516 que
511 4444 789 4500 Patrem:
826 4442 1149 4514 itidemque
1204 4441 1488 4513 Spiritum
1538 4442 1639 4500 Dei
1698 4462 1813 4500 non
1868 4462 1999 4504 esse

343 4533 584 4605 quidem
614 4533 1048 4604 Filium,neque
1080 4531 1436 4598 Patrem,sed
1469 4533 1736 4603 ejusdem
1758 4551 1887 4590 esse
1908 4541 1996 4592 at-

343 4640 457 4695 que
485 4622 717 4679 Patrem
751 4626 970 4678 naturae
1025 4638 1038 4676 :
1092 4637 1198 4677 cur
1254 4620 1434 4694 igitur
1486 4622 1785 4679 auditores
1816 4623 1994 4695 fallis,

2123 3460 2152 3514 6
2182 3457 2448 3537 Ῥαφαὴλ,
2497 3459 2588 3515 καὶ
2641 3457 2861 3521 ἕκαστος
2916 3462 3024 3513 τῶν
3086 3456 3359 3534 ἀγγέλων,
3405 3459 3495 3515 καὶ
3551 3456 3780 3523 ἕκαστος

2119 3553 2226 3605 τῶν
2261 3547 2645 3625 ἀρχαγγέλων,
2671 3547 2754 3603 ὅτι
2790 3548 2867 3621 μή
2898 3547 3144 3619 ἥρπασαν
3174 3549 3238 3604 τὸ
3268 3548 3405 3605 εἶναι
3439 3548 3526 3605 ἴσα
3564 3554 3700 3623 Θεῷ.

2187 3730 2277 3784 27.
2335 3727 2525 3801 Ἀνόμ.
2583 3728 2774 3800 Ἡμεῖς
2851 3724 3080 3801 λὲγομεν
3158 3729 3391 3801 Πατέρα,
3462 3729 3551 3784 καὶ
3626 3729 3774 3803 Υἱὸν,

2115 3816 2206 3872 καὶ
2264 3819 2416 3893 ἅγιον
2480 3821 2718 3889 Πνεῦμα,
2752 3816 2828 3878 ὡς
2887 3815 3204 3886 ἐπίσκοπον,
3235 3817 3325 3872 καὶ
3384 3812 3772 3894 πρεσϐύτερον.

2114 3906 2205 3961 καὶ
2279 3904 2527 3961 διάκονον
2779 3907 2923 3981 Ὀρθ.
2996 3904 3153 3963 Ἀλλ’
3210 3904 3392 3982 ὥσπερ
3470 3905 3768 3970 ἐπίσκοπος

2113 3996 2212 4053 οὐκ
2269 3994 2363 4070 ὢν,
2423 3997 2706 4072 ἅνθρωπος
2781 3992 2840 4050 δὲ
2904 3992 3004 4064 ὣν,
3058 3996 3157 4065 τὴν
3213 3994 3380 4065 αὐτὴν
3434 3991 3552 4072 ἔχει
3607 3995 3767 4074 φύσιν

2108 4091 2189 4159 τῷ
2233 4085 2535 4158 ἐπισκόπῳ’
2569 4083 2781 4159 ὁμοίως
2826 4084 2915 4140 καὶ
2971 4086 2999 4139 ὁ
3052 4082 3325 4158 διάκονος,
3357 4082 3482 4142 οὔτε
3529 4081 3766 4159 πρεσϐύ-

2107 4197 2286 4252 τερος,
2346 4174 2469 4230 οὔτε
2526 4174 2820 4236 ἐπίσκοπος
2881 4171 2977 4245 ὢν,
3034 4181 3136 4244 τῆς
3187 4173 3353 4246 αὐτῆς
3414 4177 3600 4249 μέντοι
3654 4175 3763 4230 ἐστὶ

2110 4265 2337 4345 φύσεωςο
2375 4265 2548 4326 οὕτως
2609 4262 2700 4320 οῦν
2758 4263 2933 4339 λὲγεις
2987 4263 3077 4319 καὶ
3134 4262 3295 4326 αὐτὸς
3339 4265 3432 4320 τὸν
3490 4265 3614 4321 Υἱὸν
3661 4271 3765 4321 Πα-

2106 4354 2236 4432 τὲρα
2297 4355 2390 4429 μὲν
2450 4355 2526 4426 μὴ
2586 4353 2744 4425 εἶναι,
2774 4355 2872 4421 τῆς
2931 4350 2989 4408 δὲ
3046 4352 3213 4422 αὐτῆς
3263 4352 3473 4431 φύσεως
3514 4359 3594 4427 τῷ
3653 4361 3764 4411 Πα-

2104 4443 2212 4518 τρί·
2248 4443 2338 4499 καὶ
2395 4443 2458 4497 τὸ
2514 4446 2733 4514 Πνεῦμα
2794 4438 2853 4496 δὲ
2898 4446 2996 4497 τοῦ
3044 4447 3197 4516 Θεοῦ,
3232 4443 3354 4497 Υἱὸν
3387 4442 3483 4517 μὲν
3521 4446 3597 4518 μὴ
3631 4444 3766 4500 εἶναι

2111 4535 2250 4607 μήτε
2297 4533 2531 4607 Πατὲρα,
2578 4538 2680 4601 τῆς
2741 4528 2800 4586 δὲ
2843 4530 3009 4601 αὐτῆς
3067 4534 3202 4587 εἶναι
3262 4534 3375 4606 (97)
3419 4534 3631 4611 φύσεως
3687 4538 3766 4607 τῷ

2110 4620 2297 4693 Πατρί.
2346 4620 2406 4674 Τί
2484 4618 2576 4675 οὖν
2639 4620 2843 4691 ἀπατᾷς
2895 4620 3024 4683 τοὺς
3085 4620 3403 4693 ἀκούοντας,
3468 4623 3545 4695 μή
3608 4621 3767 4685 εἰδὼς

345 4728 481 4767 cum
513 4711 741 4767 nescias
767 4708 909 4782 quid
942 4709 1103 4765 dicas
1131 4708 1153 4763 ?
1185 4724 1251 4764 ac
1281 4726 1397 4764 non
1429 4709 1576 4765 dicis
1603 4716 1720 4766 tres
1751 4716 1997 4769 naturas

2128 4731 2139 4764 ι
2196 4709 2395 4787 λὲγεις,
2457 4707 2519 4764 οὐ
2598 4707 2777 4784 λέγεις
2850 4706 2908 4764 δὲ
2971 4714 3121 4787 τρεῖς
3199 4709 3387 4789 φύσεις
3463 4711 3763 4786 ἀνομοίους

344 4799 686 4868 dissimiles,
722 4813 786 4855 ut
814 4798 1113 4871 angelum,
1145 4803 1203 4854 et
1254 4798 1577 4866 hominem,
1622 4802 1680 4853 et
1722 4815 1942 4871 equum
1972 4802 2001 4858 ?

344 4891 536 4946 Anam.
571 4889 838 4946 4281M
866 4888 995 4944 dico
1039 4905 1052 4942 :
1084 4887 1304 4959 alioqui
1350 4886 1561 4943 fuerim
1608 4889 2000 4947 consubstan-

2109 4800 2184 4863 ὡς
2261 4797 2517 4875 ἄγγελον,
2567 4798 2657 4854 καὶ
2744 4800 3050 4876 ἄνθρωπον,
3105 4799 3196 4855 καὶ
3274 4797 3508 4870 ’ίππον;
3571 4801 3763 4878 ³Δνόμ.

2109 4889 2268 4948 Οὕτω
2319 4888 2482 4965 λέγω·
2519 4887 2606 4943 ἐὰν
2664 4888 2769 4964 γὰρ
2824 4893 2987 4943 τοῦτο
3050 4889 3124 4963 μὴ
3168 4886 3328 4963 εἴπω,
3361 4890 3765 4963 ὁμοουσιαστής

416 5017 461 5053 ³⁷
491 5017 644 5075 Psal.
679 5034 862 5087 cxmv,
892 5017 945 5072 3.
1021 5017 1066 5051 ⁸⁸
1098 5016 1252 5073 Psal.
1285 5032 1553 5083 cxxxvm,
1582 5018 1637 5070 7.
1714 5017 1761 5052 3°
1787 5018 1957 5076 Joan.
1989 5037 2105 5090 xxv,
2135 5021 2226 5076 28.
2304 5021 2351 5059 ⁸ο
2383 5020 2635 5092 Philipp.
2670 5036 2733 5092 ιι,
2763 5019 2817 5089 5,
2848 5019 2901 5072 6.
2981 5021 3023 5062 ‘1
3063 5020 3203 5075 ibid.
3237 5020 3292 5075 7.

433 5168 520 5238 93)
555 5165 761 5233 Palat.,
793 5167 892 5220 τοῦ
923 5167 1078 5219 Θεοῦ.

342 5306 367 5365 ἑ
412 5231 526 5311 (94)
557 5240 708 5296 Edit.
742 5231 970 5312 Steph.,
1000 5239 1171 5292 Τοῦτο
1195 5233 1293 5289 οὐκ
1323 5231 1488 5290 ἔστιν.
1525 5236 1871 5308 Μ88.,Τοῦτο
1903 5237 1993 5294 οῦν

369 5331 507 5365 στιν.

369 5331 507 5366 στιν.

410 5384 523 5456 (95)
555 5380 763 5456 Palat.,
796 5375 978 5456 Eipiiy
1007 5377 1173 5456 aii-:0;
1207 5376 1314 5456 οὐχ
1344 5375 1608 5456 ἥρπασεν.

544 5447 824 5529 βαιᾶῑίθζ
868 5452 1083 5529 Felck.,
1115 5447 1314 5529 Ἡμεῖς
1354 5447 1610 5529 λὲγομεν,
1667 5448 1993 5529 ὅτιηῷσπερ

340 5524 368 5580 6
398 5518 759 5600 πρεσϐῦτερος
799 5518 1094 5600 ἐπίσκοπος
1120 5518 1225 5600 ρῦκ
1258 5518 1844 5600 ἔστιν,’ᾅνθρωπος
1881 5518 1992 5600 μῶν,

334 5590 642 5673 τήνάὐτῆν,
668 5590 822 5673 ξρῦσιν
856 5590 980 5673 ἔχει.
1006 5598 1087 5666 τῷ
1118 5592 1425 5673 ὲπισξόπῳί
1454 5590 1665 5673 ομοίως
1694 5595 1782 5649 καὶ
1817 5595 1845 5649 6
1875 5590 1991 5673 βιάξ

339 5660 523 5741 κονος,
582 5660 704 5741 οὔτε
779 5660 1161 5741 πρεσϐύτερος,
1223 5660 1995 5741 οὔτε’διᾴῆιονος,ᾼᾼτοιαύτης

348 5734 534 5813 μεντοι
583 5734 958 5813 ἔστὶῃφύσῑως
988 5734 1202 5813 (ξ’δίοιί.
1235 5740 1425 5813 solus
1453 5739 1550 5795 hic
1596 5738 1761 5813 addit
1792 5734 1990 5813 Ὀρθ.).

344 5804 531 5869 Οὕτως
563 5804 678 5862 οῦν.
710 5804 877 5881 Reg,
918 5804 1109 5880 Ἀνόμ.
1142 5813 1325 5883 Ἡμεῖς
1369 5808 1624 5886 λὲγομεν,
1672 5808 1778 5883 ὅτι,
1810 5804 1993 5888 ωσπερ

2102 5164 2416 5240 ἐπίσκοπος,
2469 5158 3014 5240 καὶλπρεσϐύτερος,
3059 5165 3150 5220 καὶ
3225 5161 3520 5240 διέκονοςς
3578 5164 3759 5240 οὕτως

2106 5236 2218 5293 ἐστὶ
2267 5238 2456 5313 Πατὴρ
2509 5237 2601 5313 καὶ
2658 5236 2781 5313 Υἱρς
2838 5236 2927 5290 καὶ
2981 5238 3136 5313 ἅγιον
3195 5236 3428 5311 Πνεῦμα.
3455 5237 3608 5313 ῘΟρβ.
3642 5237 3759 5313 Δεί-

2104 5331 2276 5384 κνυσιΔ
2297 5305 2452 5384 ’μήτε
2506 5311 2668 5384 τοῦτο
2712 5305 2967 5384 λέγοντα.
3001 5305 3227 5384 ξἈνρμη
3258 5305 3422 5380 Πῶς;
3455 5305 3601 5384 Ὀρβ.
3635 5311 3762 5384 Ὅτι

2105 5377 2467 5477 πρεσϐύτερος
2505 5379 2598 5474 μὲν
2633 5377 2927 5443 ἐπίσκοπος
2960 5379 3059 5436 οὐκ
3090 5377 3168 5437 ἔτί
3194 5377 3481 5458 ἅνθρωπος
3515 5377 3608 5456 μὲν
3659 5382 3760 5452 τήν

2105 5455 2271 5507 aut-FN
2306 5448 2422 5507 ἔγει
2453 5472 2636 5507 φυσιν.
2668 5459 2777 5507 etc.

2104 5459 2271 5521 αὐτὴν
2306 5459 2330 5507 ἕ
2377 5473 2422 5507 ει
2453 5459 2636 5528 φύσιν,
2668 5459 2777 5509 etc.

2108 5598 2115 5599 γ
2175 5526 2288 5599 (97)
2322 5473 2472 5582 ἔτναι
2506 5527 2672 5599 abest
2701 5524 3052 5599 a_Palatino.
3086 5525 3336 5599 ibidem,
3362 5526 3626 5599 Felck.et
3653 5526 3760 5582 Pa-

2105 5592 2297 5672 latin,
2350 5592 2805 5672 ΠατρίμἘπει-δῂ
2839 5598 2995 5672 -παρ’
3040 5596 3218 5672 αὐτοῦ
3274 5592 3649 5672 ἐκπορεύεται,
3705 5603 3764 5654 et

2104 5667 2292 5726 erasis
2321 5667 2707 5744 quibusdam,
2730 5669 2881 5744 Ὀρθ.
2913 5667 3100 5744 Ἰξίηοῦν
3158 5668 3386 5744 ἀπατᾷς.
3416 5667 3604 5744 Palat.
3629 5670 3762 5744 loco

2104 5738 2407 5799 erasorum
2440 5741 2618 5800 habet
2648 5759 2662 5802 :
2697 5738 2889 5816 Ἀνόμ.
2921 5738 3020 5800 Οὔ.
3054 5743 3186 5800 Mox
3230 5738 3432 5812 iidem,
3466 5739 3530 5797 οὗ
3582 5739 3764 5818 λὲγεις

2104 5809 2183 5869 δὲ.
2217 5811 2301 5869 ὅτι
2322 5816 2493 5869 τρεῖς.

2168 5854 2183 5883 ,
2217 5831 2301 5869 οτι
2322 5831 2493 5891 τρεις.
