4116 6370
334 435 482 497 H57

1307 393 1406 496 os
1451 435 1753 497 SANCTA
1797 433 2224 496 TRINITATE
2271 438 2658 496 DlAl.()GUS
2705 437 2781 496 ιι.

3591 435 3748 499 1158

329 569 618 642 εγενόμην.
684 569 817 643 ΟρΘ.
861 570 1070 643 Ἕγνως
1130 568 1242 639 οὖν,
1277 568 1358 622 ὅτι
1419 570 1446 622 6
1505 567 1681 642 λέγων
1736 569 1825 622 τὸν
1885 575 1975 621 [Ια-

2100 571 2338 624 tialista.
2374 571 2527 625 Urlh.
2563 570 2826 624 Didicisti
2862 571 3038 641 igitur
3065 586 3220 636 eum,
3274 573 3374 642 qui
3433 574 3581 628 dicat
3642 580 3748 627 Γα-

327 659 456 732 τὲρα
514 658 587 720 ὡς
645 657 961 729 ἐπίσκοπον,
1021 660 1110 713 καὶ
1167 660 1258 712 τὸν
1310 659 1434 712 Υἱὸν
1489 659 1562 718 ὡς
1593 652 1979 733 πρεσϐύτερον,

329 747 419 801 καὶ
480 746 540 800 τὸ
612 751 831 819 Πνεῦμα
899 747 973 808 ὡς
1053 745 1349 814 διάκονον,
1409 748 1699 819 ὁμοούσιον
1780 745 1928 820 λέγει
1967 788 1980 801 .

331 834 490 891 Οὕτω
553 831 608 888 δὲ
668 834 844 909 λέγων
903 836 1096 890 σαυτὸν
1179 836 1496 909 Χριστιανὸν
1556 834 1810 906 ἐνόμισας
1871 837 1982 906 (98)

335 925 500 999 μέχρι
531 923 627 978 τοῦ
659 925 947 998 παρόντος.
983 925 1043 978 Εἰ
1086 923 1141 979 δὲ
1190 925 1350 978 τοῦτο
1383 925 1410 977 6
1445 924 1613 998 λέγων
1649 925 1710 977 οὐ
1740 923 1982 998 κέκριταί

330 1034 415 1066 σοι
450 1013 584 1066 εἶναὶ
621 1015 959 1087 Χριστιανὸς,
1019 1015 1210 1068 σαυτὸν
1269 1013 1369 1088 ἄρα
1411 1017 1742 1088 κατὲκρινας,
1794 1014 1881 1066 καὶ
1926 1017 1984 1066 ἐκ

327 1107 427 1156 τοῦ
460 1103 728 1175 στόματός
756 1124 850 1157 σου
883 1102 1102 1178 ἐκρίυης
1157 1105 1231 1176 μὴ
1284 1101 1357 1156 ὢν
1405 1103 1744 1178 Χριστιανός.
1789 1103 1912 1156 ’Λνὸ

327 1193 389 1248 Ὁ
422 1191 594 1267 λέγων
623 1190 714 1246 οῦν
763 1193 1058 1265 ὁμοούσιον
1108 1193 1423 1267 Χριστιανὸς
1457 1192 1553 1247 οὐκ
1605 1191 1742 1246 ἔστιν
1781 1211 1794 1258 ;
1827 1193 1980 1265 ’()ρο.

329 1282 392 1337 Ὁ
433 1279 606 1357 λέγων
657 1282 953 1354 ὁμοούσιον
1005 1281 1325 1358 Χριστιανός
1383 1281 1541 1336 ἐστιν·
1578 1283 1604 1336 ὁ
1640 1279 1696 1336 δὲ
1743 1281 1980 1353 νομίζων

337 1372 413 1443 μὴ
446 1371 577 1426 εἶναι
627 1372 945 1446 Χριστιανὸν
993 1373 1085 1426 τὸν
1138 1369 1360 1446 λεγοντα
1409 1370 1727 1444 ὁμοούσιον,
1773 1370 1861 1424 καί
1894 1371 1984 1424 αὐ-

332 1461 424 1521 τὸς
486 1459 700 1535 λέγων,
760 1461 1100 1537 εὑρεθήσεται
1161 1461 1348 1516 ἑαυτὸν
1405 1461 1762 1536 κατακρίνων,
1823 1461 1895 1521 ὡς
1955 1462 1982 1515 ὁ

338 1549 497 1609 κακὸς
527 1546 725 1612 δοῦλος
757 1549 978 1620 ἐκεῖνος,
1015 1551 1043 1604 ὁ
1075 1549 1135 1605 ἐκ
1181 1555 1282 1604 τοῦ
1332 1547 1470 1603 ἰδίου
1520 1549 1788 1622 στόματος
1818 1570 1983 1604 κατα-

335 1638 648 1712 κεκριμένος
687 1681 698 1692 .
737 1639 927 1712 Ἀνόμ.
981 1644 1104 1701 Πῶς
1151 1640 1253 1713 γὰρ
1312 1639 1441 1694 αὐτὸ
1499 1637 1671 1714 λέγων
1719 1640 1981 1714 εὐρὲθην;

336 1727 484 1802 Ὀρθ.
532 1727 700 1790 Εἶπας
749 1728 855 1800 δτι,
898 1731 1086 1802 Ἡμεῖς
1135 1727 1366 1804 λὲγομεν
1417 1730 1646 1804 Πατέρα,
1699 1728 1787 1781 καὶ
1840 1729 1983 1798 Υἱὸν,

330 1815 420 1870 καὶ
455 1818 606 1890 ἅγιον
661 1822 903 1890 Πνεῦμα,
951 1819 1026 1880 ὡς
1076 1821 1186 1890 (99)
1238 1817 1554 1884 ἐπίσκοπον,
1597 1812 1981 1892 πρεσϐύτερον,

331 1903 422 1957 καὶ
471 1901 742 1962 διάκονον.
796 1905 985 1979 Ἀνόμ.
1036 1904 1336 1980 Ὀμολογῷ
1386 1905 1681 1981 εἰρηκέναι,
1734 1905 1807 1966 ὡς
1869 1905 1982 1960 ἐπί-

337 2016 565 2066 σκοπον,
625 1994 985 2074 πρεσϐύτερον
1023 2043 1036 2068 ,
1098 1999 1189 2053 καὶ
1250 1996 1536 2054 διάκονον.
1597 1999 1723 2071 Ὀρθ
1761 2041 1772 2053 .
1835 1997 1986 2054 Ἀλλ’

338 2086 659 2158 ἐπίσκοπος,
684 2084 1068 2162 πρεσϐύτερος,
1112 2087 1201 2141 καὶ
1235 2084 1482 2148 διάκονος
1512 2087 1798 2159 ὁμοούσιοί
1829 2087 1983 2140 εἰσιν·

342 2176 635 2248 ὑμοούσιον
689 2176 788 2251 ἄρα
831 2177 1062 2250 Πατέρα,
1112 2176 1202 2231 καί
1251 2177 1396 2248 Υἰὸν,
1429 2177 1518 2230 καὶ
1569 2177 1722 2250 ἅγιον
1767 2180 1987 2248 Ηνεῦμα

342 2263 731 2341 ὡμολόγηκας.
786 2267 974 2338 Ἀνόμ.
1035 2265 1220 2328 Θέλεις
1276 2264 1368 2320 οὖν
1415 2266 1604 2323 εἰπεῖν.
1653 2265 1758 2332 ὅτι,
1805 2265 1983 2339 ὥσπερ

338 2353 586 2416 κονδῖτος
645 2356 790 2417 οἶνος
847 2355 1147 2431 κερασθεὶς,
1202 2354 1374 2416 οὕτως
1427 2354 1537 2409 ἐστὶ
1596 2356 1808 2429 Πατὴρ,
1843 2356 1983 2426 Υἱὸς,

335 2444 426 2498 καὶ
480 2445 631 2519 ἅγιον
681 2445 908 2516 Πνεῦμα
941 2463 954 2511 ;
990 2445 1136 2518 Ὀρθ.
1171 2440 1312 2500 Οὐδὲ
1361 2440 1529 2511 οἶδας,
1581 2442 1661 2497 ὅτι
1714 2443 1774 2496 σὺ
1822 2448 1982 2497 τοῦτο

337 2531 510 2610 λὲγεις
543 2553 556 2601 ;
587 2533 786 2606 Ἀνόμ.
841 2536 968 2594 Πῶς
1003 2554 1014 2602 ;
1049 2534 1199 2608 Ὀρθ.
1234 2535 1354 2589 ’Ὁτι
1405 2530 1581 2602 ἄλλην
1615 2531 1771 2610 φύσιν
1807 2531 1984 2606 λὲγεις

331 2627 428 2677 τοῦ
458 2623 688 2697 ΙΙατρὸς,
721 2623 808 2677 καὶ
841 2621 1017 2692 ἄλλην
1049 2627 1146 2676 τοῦ
1179 2623 1326 2688 Υἰοῦ,
1357 2622 1444 2675 καὶ
1479 2619 1656 2692 ἄλλην
1695 2625 1792 2674 τοῦ
1825 2621 1982 2696 ἁγίου

337 2712 694 2784 Ηνεύματος,
758 2711 830 2773 ὡς
889 2709 1040 2767 οἷ’νου
1100 2711 1188 2766 καὶ
1253 2709 1475 2783 μέλιτος
1536 2710 1621 2764 καὶ
1680 2708 1977 2784 πεπέρεως.

327 2803 514 2874 Ἡμεῖς
566 2799 623 2856 δὲ
672 2799 922 2876 λὲγομεν.
979 2802 1079 2857 Εαν
1111 2803 1148 2871 ᾗ
1180 2802 1206 2854 ὁ
1241 2801 1430 2875 Πατὴρ
1487 2799 1630 2861 οἶνος
1681 2798 1979 2874 εὐφραίνων

330 2888 577 2964 καρδίαν,
636 2891 725 2944 καὶ
785 2891 812 2943 6
867 2889 988 2950 Υἱὸς
1050 2889 1195 2950 οἶνος
1252 2888 1544 2966 εὐφραίνων
1595 2885 1843 2963 καρδίαν,
1889 2888 1978 2942 καὶ

330 2982 393 3035 τὸ
446 2985 668 3052 Πνεῦμα
713 2980 853 3040 οἶνος
909 2979 1206 3056 εὐφραίνων
1255 2975 1482 3052 καρδίαν
1530 2977 1686 3048 ἐστὶν,
1736 2977 1828 3052 ᾕὸ
1871 2982 1978 3034 Ιια-

333 3072 433 3144 τῇρ
467 3073 544 3143 (1)
597 3070 726 3145 ὑπὲρ
783 3067 909 3142 μέλι
958 3068 1047 3122 καὶ
1094 3067 1307 3142 κηρίον.
1359 3069 1539 3140 Ὑμεῖς
1593 3069 1693 3141 ἄρα
1739 3067 1828 3121 καὶ
1874 3067 1981 3142 οὐχ

334 3162 516 3232 ἡμεῖς,
575 3156 808 3230 κονδίτῳ
860 3153 1234 3234 παρεϐάλλετε
1289 3157 1381 3211 τὸν
1440 3158 1653 3232 Πατέρα
1708 3156 1796 3211 καὶ
1857 3157 1975 3212 Υἱὸν

335 3249 515 3304 καὶτὸ
546 3250 697 3322 ἅγιον
753 3251 994 3320 Πνεῦμα,
1048 3247 1104 3300 οἱ
1154 3245 1447 3320 ἀνομοίους
1491 3246 1586 3308 τὰς
1634 3244 1816 3323 φύσεις
1870 3245 1975 3299 είσ-

338 3337 651 3410 ηγούμενοι.

2017 1950 2064 2014 Β

2093 664 2239 714 trem
2273 675 2402 714 esse
2435 659 2953 731 utepiscopum,et
2989 662 3206 742 Filium.
3225 667 3289 716 ut
3319 664 3744 734 presbyterum,

2093 753 2150 803 et
2178 748 2458 820 Spiritum
2495 756 2558 803 ut
2583 747 2917 816 diaconum,
2951 750 3624 806 consubstantialitatem
3656 751 3745 806 di-

2093 852 2239 891 cere.
2274 839 2462 906 Atque
2495 836 2577 905 ita
2605 836 2850 891 dicendo
2883 843 2936 891 te
2970 837 3368 894 Christianum
3399 857 3525 894 esse
3558 841 3753 895 hacte-

2097 943 2205 980 nus
2237 925 2639 980 exsistimasti.
2675 927 2832 987 Quod
2867 927 2915 979 si
2945 927 3177 994 judieas
3209 945 3366 996 eum,
3399 929 3498 999 qui
3533 930 3640 984 hoc
3671 930 3754 984 di-

2095 1022 2210 1078 cat,
2245 1032 2355 1068 non
2391 1031 2521 1069 esse
2553 1015 2973 1081 Christianum,
3005 1017 3257 1086 teipsum
3289 1017 3568 1072 nimirum
3610 1035 3751 1074 con-

2095 1104 2388 1159 damnasti
2422 1122 2434 1158 :
2471 1109 2526 1158 et
2557 1121 2624 1158 ex
2655 1109 2754 1158 tuo
2788 1104 2976 1174 ipsius
3008 1121 3105 1159 ore
3163 1104 3525 1161 convinceris
3581 1107 3753 1162 Chri-

2096 1193 2324 1248 stianus
2383 1210 2499 1248 non
2557 1209 2706 1248 esse.
2762 1196 2952 1248 Anam.
2987 1195 3111 1248 Non
3144 1199 3232 1249 est
3263 1194 3441 1266 igitur
3470 1195 3748 1252 Christia-

2095 1298 2230 1349 nus,
2287 1283 2387 1352 qui
2447 1283 3126 1338 consubstantialitatem
3185 1282 3371 1338 dicit?
3430 1285 3580 1340 Orth.
3641 1285 3749 1350 Qui

2093 1371 2764 1427 consubstantialitatem
2827 1373 2995 1440 dicit,
3056 1373 3422 1430 Christianus
3479 1380 3614 1430 est:
3648 1376 3749 1448 qui

2093 1476 2228 1516 vero
2285 1461 2587 1517 existimat
2643 1478 2778 1516 eum
2840 1479 2954 1516 non
3008 1478 3138 1517 esse
3187 1461 3612 1530 Christianum,
3647 1465 3750 1536 qui

2093 1550 2769 1606 eonsubstantialitatem
2797 1551 3024 1618 dicit,et
3049 1558 3244 1607 tamen
3271 1552 3396 1623 ipse
3418 1553 3569 1608 hanc
3591 1553 3754 1624 dicit,

2093 1638 2488 1710 comperietur
2518 1639 2782 1710 seipsum
2815 1641 3228 1707 condemnare,
3275 1646 3338 1695 ut
3391 1657 3596 1698 servus
3653 1642 3753 1698 ille

2096 1729 2290 1784 malus
2320 1746 2388 1784 ex
2419 1746 2526 1784 suo
2558 1729 2747 1800 ipsius
2777 1746 2874 1784 ore
2905 1730 3752 1795 damnatus.Anom.Quomodo

2093 1835 2226 1874 vero
2259 1835 2388 1873 sum
2423 1824 2758 1890 compertus
2788 1818 2937 1872 hanc
2968 1819 3748 1888 dicere?0rth.Nos,dixisti,

2094 1907 2348 1963 dicimus
2381 1908 2630 1977 Patrem,
2665 1906 2894 1974 Filium,
2925 1913 2976 1961 et
3006 1907 3286 1978 Spiritum
3319 1915 3588 1964 sanctum
3619 1927 3750 1966 esse

2095 1995 2284 2051 instar
2311 1996 2590 2068 episcOpi,
2623 1997 2969 2066 presbyteri,
3003 2006 3055 2051 et
3085 1996 3334 2052 diaconi.
3391 1999 3585 2054 Anam.
3644 1999 3749 2056 Fa-

2097 2090 2221 2139 teor
2249 2101 2340 2140 me
2365 2084 2584 2140 dixisse
2611 2102 2623 2140 :
2661 2085 2846 2139 instar
2871 2085 3147 2155 episcopi,
3183 2086 3592 2158 presbyteri,et
3620 2088 3750 2144 dia-

2097 2174 2250 2229 coni.
2284 2173 2446 2230 Orth.
2481 2174 2656 2244 Atqui
2687 2174 3020 2245 episcopus,
3053 2176 3374 2244 presbyter,
3433 2181 3492 2230 et
3549 2176 3750 2232 diaco-

2097 2279 2209 2316 nus
2232 2268 2372 2317 sunt
2401 2263 2974 2329 consubstantiales;
3008 2280 3142 2332 ergo
3176 2264 3482 2318 confeSsus
3514 2281 3575 2320 es
3604 2281 3746 2321 con-

2096 2350 2521 2406 substantiales
2578 2368 2707 2406 esse
2763 2355 3017 2418 Patrem,
3077 2351 3288 2406 Filium
3346 2359 3404 2408 et
3460 2353 3748 2424 Spiritum

2094 2445 2386 2494 sanetum.
2421 2445 2613 2494 Anam.
2649 2438 2823 2494 Visne
2870 2440 3050 2510 igitur
3105 2439 3294 2495 dicere
3351 2442 3571 2496 conditi
3626 2441 3749 2498 vini

2092 2529 2280 2583 instar
2311 2545 2436 2584 esse
2469 2530 2719 2598 Patrem,
2756 2528 2990 2595 Filium,
3024 2534 3082 2584 et
3113 2529 3396 2601 Spiritum
3428 2535 3699 2588 sanctum
3727 2535 3750 2587 Ρ

2094 2619 2245 2673 Orth.
2282 2619 2346 2672 Et
2378 2635 2492 2673 non
2524 2618 2684 2674 vides
2715 2624 2769 2672 te
2828 2619 2938 2674 hoc
2996 2619 3192 2690 ipsum
3251 2619 3487 2674 dicere?
3545 2625 3743 2677 Anam.

2091 2708 2437 2773 Quomodo?
2492 2707 2642 2762 Orth.
2703 2707 2985 2772 Quoniam
3033 2707 3204 2763 aliam
3239 2725 3368 2764 esse
3398 2708 3543 2766 dicis
3577 2717 3746 2767 natu-

2090 2813 2215 2852 ram
2250 2796 2456 2867 Patris,
2492 2796 2668 2851 aliam
2699 2795 2848 2863 Filii,
2885 2796 3060 2852 aliam
3101 2797 3350 2868 Spiritus
3409 2801 3620 2867 sancti,
3683 2806 3748 2857 ut

2088 2889 2228 2956 vini,
2257 2887 2448 2943 mellis
2480 2893 2536 2942 et
2566 2887 2805 2960 piperis.
2843 2887 2959 2944 Nos
2988 2904 3122 2943 vero
3153 2889 3409 2945 dicimus
3443 2907 3455 2944 :
3491 2891 3545 2945 Si
3577 2893 3749 2947 Pater

2090 2985 2180 3034 est
2213 2979 2411 3033 vinum
2442 2977 2775 3033 exbilarans
2806 2994 2923 3043 eor,
2959 2977 3140 3034 Filius
3172 2979 3374 3034 itidem
3407 2985 3497 3036 est
3547 2981 3750 3036 vinum

2089 3085 2189 3124 cor
2240 3067 2596 3132 exhilarans,
2641 3066 2892 3138 Spiritus
2926 3072 3168 3122 sanctus
3193 3067 3396 3123 itidem
3427 3073 3516 3125 est
3545 3071 3748 3128 vinum

2090 3174 2187 3213 eor
2216 3156 2572 3226 exhilarans,
2606 3173 2723 3228 qua
2754 3156 2976 3212 ratione
3007 3157 3177 3212 Pater
3207 3161 3296 3212 est
3323 3175 3499 3228 super
3529 3158 3642 3215 mel
3692 3164 3750 3216 et

2091 3249 2307 3302 favum.
2366 3245 2490 3301 Non
2551 3263 2656 3301 nos
2715 3245 2917 3318 igitur,
2971 3246 3071 3300 sed
3104 3263 3206 3301 vos
3235 3246 3276 3300 ii
3305 3248 3472 3316 estis,
3506 3249 3605 3321 qui
3640 3249 3746 3304 Pa-

2013 3321 2054 3386 C
2095 3341 2267 3401 trem,
2299 3340 2356 3391 et
2387 3335 2596 3391 Filium
2639 3341 2698 3390 et
2751 3335 3036 3406 Spiritum
3094 3339 3361 3391 sanctum
3423 3353 3559 3393 cum
3611 3338 3747 3393 vino

335 3429 568 3483 condito
597 3429 972 3501 comparatis,
1008 3444 1142 3483 cum
1167 3425 1486 3483 dissimiles
1517 3429 1760 3481 naturas
1793 3425 2186 3482 introducitis.

1494 3703 1622 3760 ΤΟΥ
1660 3707 1746 3756 EN
1785 3705 2012 3760 ΑΓΙΟΙΣ
2056 3704 2324 3760 ΙΙΑΤΡΟΣ
2372 3705 2560 3758 ΗΜΩΝ

1677 3844 2410 3942 ΑΘΑΝΑΣΙΟΥ

329 4011 668 4067 ΔΙᾸᾹΟΓΟΣ
710 4010 764 4065 Β¹
816 4011 972 4064 ΠΕΡΙ
1031 4009 1239 4063 ΑΓΙΑΣ
1299 4007 1620 4070 ΤΡΙΑΔΟΣ,
1680 4007 1768 4061 EN

1826 4011 1868 4080 ῼ
1911 4006 2379 4080 AIAAErONrAI
2435 4006 2707 4062 ΟΜΟιΩΣ
2751 4006 3173 4063 ΟΡΘΟΑΝΞΟΣ
3217 4009 3337 4064 ΚΑΙ
3378 4009 3741 4066 ΑΝΟΜΟΙΟΣ

1733 4078 2201 4134 ΑΡΕΙΑΝΙΣΤΗΣ
2244 4078 2342 4149 (2).

1451 4332 1540 4425 s.
1597 4332 1698 4425 P.
1753 4332 1863 4426 N.
1938 4303 2615 4424 ATHANASII

445 4504 775 4562 DIALOGUS
820 4504 872 4560 II
914 4504 1000 4557 DE
1038 4502 1284 4558 SANC'I'A
1330 4501 1688 4572 TRINITATE,
1721 4503 1795 4558 IN
2298 4499 2670 4557 DISPUTANT
2705 4497 3102 4556 OTIIODOXUS
3141 4501 3229 4554 DE
3266 4501 3618 4560 ANOM/EUS

945 4796 1336 4853 ΑΝΟΜΟΙΟΣ.

393 4891 442 4944 1.
482 4891 614 4944 ΙΙᾶσι
645 4892 767 4949 τοῖς
797 4891 920 4941 νοῦν
956 4883 1177 4960 ἔχουσιν
1205 4882 1654 4957 ὁμολογούμενόν
1691 4881 1856 4951 ἐστιν,
1886 4882 1968 4936 δτι

316 4977 379 5032 τὸ
417 4974 477 5032 ἔκ
504 4998 648 5038 τινος
708 4977 765 5030 ’ὸν
833 4972 1272 5051 μεταγενέστερόν
1331 4971 1440 5026 ἐστι
1485 4976 1582 5026 τοῦ
1615 4971 1664 5041 ἐξ
1711 4970 1771 5026 οῦ
1803 4971 1968 5038 ἐστιν,

319 5066 392 5128 ὡς
452 5065 502 5136 ἐξ
561 5066 740 5120 αἷτίου
775 5110 788 5122 .
864 5062 1187 5138 Ὀρθόὸοξος
1225 5105 1235 5117 .
1297 5061 1374 5119 Οὐ
1447 5062 1663 5122 παντως
1702 5105 1714 5116 .
1772 5060 1965 5133 Ἀνόμ.

319 5155 395 5209 Σῦ
446 5155 543 5210 οὐκ
575 5157 618 5210 εἷ
651 5154 710 5210 ἐκ
735 5159 833 5209 τοῦ
883 5153 1087 5229 πατρός
1138 5174 1232 5206 σου
1269 5197 1282 5222 ,
1315 5151 1403 5205 καὶ
1459 5151 1591 5223 μετὰ
1639 5150 1731 5204 τὸν
1764 5149 1968 5223 πατέρα

386 5337 496 5407 (98)
527 5335 686 5393 Οὕτω
747 5331 805 5389 δὲ
855 5331 1061 5407 λέγων*Δ
1086 5333 1278 5407 σαυτὸν
1309 5329 1645 5407 ,Χριπιανᾷν
1684 5326 1961 5407 ᾖνᾴμισας.

313 5399 406 5463 Sic
439 5399 615 5464 Palat.
653 5409 807 5463 Editi
839 5399 1144 5468 verb,oii'rw
1175 5400 1233 5456 δὲ
1263 5399 1436 5475 λέγειν
1462 5400 1654 5475 σαῦτὸν
1681 5399 1958 5475 ἐνόμισας.

313 5480 460 5535 lbid.
490 5481 706 5550 Palat.,
736 5481 834 5532 τοῦ
864 5475 1154 5550 παρρντος.
1190 5470 1482 5550 Ἀνόμ.-Εί’
1510 5470 1567 5527 δὲ
1596 5470 1839 5550 τοῦτο,ζὸ
1873 5471 1963 5550 λε-

348 5572 420 5604 ων
444 5549 506 5604 οὐ
537 5542 898 5622 κέκριταί-σοι
944 5542 1082 5602 ἐἶναι
1123 5542 1463 5622 Χριστιανὸς,
1518 5542 1837 5620 Χριστιανὸς
1869 5542 1968 5598 οὐκ

309 5569 420 5642 ¹ἴων
444 5571 506 5604 ου
537 5569 779 5641 κεκριται
815 5569 898 5602 σοι
951 5569 991 5601 ει

311 5623 476 5680 ἐστιν.
511 5623 665 5699 Ὀρθ.
715 5623 759 5680 Ο
791 5617 991 5696 λέγων.

2003 4803 2050 4865 D

2073 5395 2162 5451 καὶ
2192 5395 2441 5457 διάκονος
2491 5397 2778 5469 ὁμοούσιοί
2800 5467 2805 5469 _
2829 5396 2961 5469 είσιν
3000 5440 3012 5453 .

2075 5471 2288 5545 Πατήρ,
2322 5469 2505 5545 Palat.
2531 5466 2694 5545 've‘ro,
2724 5467 2814 5522 καὶ
2847 5466 3130 5545 διακονονὲ
3149 5466 3596 5545 ὈρθξὉμοούσ.

2710 4793 3111 4850 ANOMOEUS.

2152 4883 2202 4937 4.
2225 4882 2514 4938 Omnibus
2547 4899 2690 4937 sana
2722 4889 2917 4938 mente
2949 4884 3207 4955 praeditis
3239 4884 3299 4940 in
3329 4887 3597 4943 confesso
3625 4893 3735 4958 est,

2080 4973 2135 5026 id
2169 4972 2325 5042 quod
2357 4977 2447 5027 est
2476 4988 2543 5026 ex
2577 4972 2712 5039 alio,
2746 4977 2874 5027 ortu
2911 4975 3202 5044 posterius
3233 4991 3298 5029 eo
3329 4992 3478 5044 esse,
3501 4993 3569 5032 ex
3623 4995 3739 5049 quo

2078 5065 2169 5116 est
2198 5066 2262 5114 ut
2289 5077 2356 5115 ex
2387 5077 2583 5116 causa.
2620 5059 2992 5118 Orthadaxus.
3043 5061 3167 5117 Non
3223 5063 3482 5120 omnino.
3543 5066 3735 5124 Anam.

2080 5155 2286 5204 Annon
2348 5155 2412 5202 tu
2463 5166 2524 5204 es
2556 5166 2619 5205 ex
2655 5155 2815 5222 patre
2845 5156 2966 5217 tuo,
3000 5157 3055 5206 et
3087 5156 3248 5222 patre
3278 5157 3378 5207 tuo
3413 5153 3737 5225 posterior?

2145 5324 2375 5418 g9?)"Q<
2407 5327 2572 5419 deest
2616 5327 2676 5414 in
2727 5343 2871 5418 mss;
2905 5327 3302 5419 Momeenlck.,
3333 5327 3724 5419 καὶβιάκονον,

3065 5400 3215 5478 Ορθ-.
3248 5400 3570 5478 Ὁμοούσιος
3628 5400 3730 5478 ἄρα

2148 5538 2474 5614 (1)ἿΗΘΕῘΗΒ
2505 5546 2562 5597 et
2593 5542 2772 5598 Palat.
2804 5538 3050 5616 καρδίαν,
3084 5541 3171 5596 ἐὰν

3270 5544 3297 5597 δ
3333 5544 3546 5621 Πατὴρ.

387 5767 463 5844 (2)
494 5771 558 5823 In
591 5765 770 5822 Palat.
803 5763 1002 5840 nullus
1035 5766 1128 5820 est
1153 5761 1473 5818 titulum-In
1500 5764 1642 5832 Reg.
1687 5764 1746 5816 et
1776 5758 1966 5816 Felck.

2095 5761 2224 5824 tem,
2258 5753 2403 5825 ἄλλη
2439 5750 2674 5825 διάλεξις
2708 5754 3000 5829 Ἀνομοίου
3027 5753 3116 5810 καὶ
3151 5754 3494 5831 Ὀρθοδόξου.
