4116 6410
414 477 564 536 H59

1585 474 1647 528 Β.
1698 465 2217 531 ATHANASIUS.
2245 503 2323 515 -—
2352 466 2662 533 SPURIA.

3679 449 3862 533 μω

412 610 557 665 ΟνιΙι.
598 610 713 680 Ego
746 605 982 679 quidem
1016 618 1145 660 sum
1182 620 1250 659 ex
1283 610 1447 676 patre
1477 619 1626 668 meo,
1651 606 1707 657 et
1747 606 1911 673 patre
1941 617 2058 656 mec

2185 622 2280 655 σου
2313 620 2327 669 ;
2363 602 2513 676 Ὀρθ.
2550 602 2694 676 Ἐγὼ
2747 604 2840 675 μὲν
2892 603 2953 659 ἐκ
2994 604 3092 659 τοῦ
3144 600 3349 679 πατρός
3402 623 3509 675 μου
3559 600 3697 676 εῗμὶ,
3745 601 3834 658 καὶ

410 697 714 770 posterior,
746 700 801 751 et
832 700 991 750 extra
1024 698 1250 766 patrem
1285 709 1479 748 meum
1518 710 1530 747 :
1564 691 1664 746 lux
1686 707 1821 746 vero
1851 707 1919 745 ex
1951 688 2071 745 sole

408 793 715 858 est,neque
749 791 941 840 tamen
978 783 1266 855 posterior
1295 786 1383 836 est
1413 781 1754 852 sole,neque
1783 785 1944 835 extra
1976 795 2071 834 so-

409 878 546 946 lem,
580 877 680 933 sed
715 873 891 929 simul
925 880 1101 946 atque
1132 871 1239 931 sol.
1275 876 1329 927 et
1359 870 1414 925 in
1451 870 1592 940 sole,
1627 874 1684 925 et
1713 886 1845 924 cum
1899 867 2019 922 sole
2055 884 2067 923 :

411 965 735 1038 fragrantia
766 979 998 1036 quoque
1030 979 1096 1016 ex
1130 964 1429 1031 unguento
1459 964 1685 1026 est,nec
1712 962 1906 1012 tamen
1943 959 2073 1027 post

411 1058 776 1127 unguentum
789 1066 998 1123 ,neque
1015 1055 1178 1106 extra
1191 1047 1687 1120 unguentum,sed
1703 1045 1876 1101 simul
1896 1050 2070 1116 atque

412 1144 867 1215 unguentum,et
893 1141 951 1195 in
973 1143 1352 1211 unguento,el
1375 1154 1506 1191 cum
1534 1141 1836 1207 unguento
1862 1153 1874 1190 :
1900 1141 1958 1190 et
1977 1134 2070 1189 in-

408 1233 691 1305 telligere,
708 1248 773 1287 ex
797 1233 993 1285 mente
1018 1234 1125 1296 est,
1144 1232 1201 1282 at
1223 1242 1412 1298 neque
1434 1228 1564 1298 post
1587 1228 1864 1292 mentem,
1880 1239 2070 1295 neque

412 1328 574 1379 extra
599 1324 873 1390 mentem,
894 1318 993 1374 sed
1017 1315 1192 1373 simul
1216 1322 1391 1387 atque
1413 1330 1602 1382 mens,
1623 1318 1679 1369 et
1702 1314 1757 1369 in
1782 1317 1995 1385 mente,
2014 1316 2072 1368 et

414 1429 548 1468 cum
574 1413 766 1467 mente
785 1426 796 1467 :
814 1413 870 1463 et
889 1405 1033 1461 velle
1055 1422 1123 1461 ex
1144 1405 1371 1460 volente
1392 1408 1566 1471 cst,et
1586 1418 1776 1476 neque
1796 1407 1956 1458 extra
1978 1419 2070 1458 vo-

411 1501 655 1569 lentem,
690 1514 878 1570 neque
911 1501 1041 1569 post
1069 1493 1381 1561 volentem,
1415 1493 1512 1549 sed
1548 1492 1722 1548 simul
1751 1497 1926 1563 atque
1969 1508 2068 1548 vo-

411 1591 562 1661 lens,
593 1594 651 1645 et
679 1587 739 1642 in
771 1585 1000 1641 volente
1029 1589 1087 1639 et
1116 1599 1249 1638 cum
1282 1582 1514 1637 volente
1548 1598 1560 1636 :
1595 1586 1651 1637 et
1684 1581 1972 1652 sapientia
2001 1597 2069 1636 ex

410 1679 674 1751 sapiente
704 1680 812 1742 est,
843 1680 902 1730 et
933 1689 1125 1745 neque
1155 1675 1287 1744 post
1317 1670 1665 1743 sapientem,
1690 1686 1881 1741 neque
1908 1674 2069 1726 extra

409 1763 879 1842 sapientem,sed
914 1761 1091 1818 simul
1124 1766 1300 1832 atque
1330 1759 1658 1832 sapiens,et
1690 1759 1746 1814 in
1782 1758 2065 1832 sapiente,

407 1864 467 1913 et
497 1872 631 1913 cum
664 1853 1026 1926 sapiente:et
1055 1850 1316 1922 potentia
1347 1866 1415 1905 ex
1443 1852 1677 1920 potente
1705 1848 1979 1916 est,424
2010 1852 2070 1903 at

405 1962 595 2018 neque
620 1947 753 2017 post
782 1944 1101 2015 potentem,
1135 1955 1324 2010 neque
1365 1943 1527 1993 extra
1580 1940 1902 2009 potentem,
1963 1938 2064 1992 sed

403 2038 463 2091 in
499 2039 750 2108 potente,
782 2037 839 2086 et
869 2028 1047 2086 simul
1080 2033 1257 2100 atque
1289 2032 1517 2100 potens,
1552 2031 1608 2080 et
1638 2042 1771 2081 cum
1806 2030 2061 2098 potente.

400 2128 495 2181 Sic
524 2125 704 2197 igitur
736 2121 943 2177 Filium
977 2134 1212 2190 quoque
1243 2117 1344 2172 Dei
1375 2134 1442 2173 ex
1478 2119 1589 2172 Deo
1621 2132 1750 2172 esse
1782 2116 2061 2189 intelligi-

399 2231 556 2284 mus,
591 2218 649 2268 at
681 2227 792 2267 non
827 2214 962 2283 post
997 2209 1200 2279 Deum,
1234 2222 1421 2279 neque
1470 2210 1632 2261 extra
1692 2206 1899 2273 Deum,
1958 2206 2060 2262 sed

403 2302 579 2359 simul
609 2306 782 2373 atque
817 2300 988 2364 Deus,
1021 2302 1079 2352 et
1106 2296 1164 2351 in
1202 2301 1334 2365 Deo,
1368 2299 1425 2350 et
1454 2312 1585 2351 cum
1623 2299 1735 2350 Deo

2185 690 2318 762 μετὰ
2344 690 2436 743 τὸν
2470 690 2673 764 πατέρα
2725 713 2831 763 μου
2880 692 3016 767 εθμὶ,
3048 692 3138 748 καὶ
3180 692 3335 755 ἐκτὸς
3363 696 3459 748 τοῦ
3490 692 3697 768 πατρὸς
3732 712 3836 765 μου

2182 777 2316 851 εἰμί·
2349 780 2412 833 τὸ
2443 776 2501 833 δὲ
2531 783 2645 850 φῶς
2678 778 2737 839 ἐκ
2789 785 2885 834 τοῦ
2933 781 3098 852 ἡλίου
3132 781 3265 851 ἐστὶ,
3298 781 3388 835 καὶ
3421 778 3548 836 οὐδὲ
3582 781 3715 854 μετᾶ
3741 780 3833 835 τὸν

2180 865 2341 935 ἥλιόν
2376 866 2539 933 ἐστιν,
2583 865 2707 923 οὐδὲ
2755 868 2905 931 ἐκτὸς
2952 874 3049 924 τοῦ
3090 868 3255 939 ἡλίου
3307 868 3473 934 ἐστέν,
3506 867 3652 925 ἀλλᾶ
3703 869 3835 942 μετὰ

2178 960 2275 1011 τοῦ
2304 956 2488 1029 ἡλίου,
2521 956 2610 1012 καὶ
2642 956 2694 1012 ἐν
2743 962 2823 1031 τῷ
2868 957 3039 1032 ἡλίῳ,
3072 958 3162 1014 καὶ
3213 958 3304 1013 σὺν
3347 963 3428 1031 τῷ
3472 956 3642 1031 ἡλίῳ’
3675 960 3768 1013 καὶ
3795 961 3830 1028 ἡ

2178 1043 2381 1101 εὐωδία
2409 1045 2468 1100 ἐκ
2495 1050 2593 1101 τοῦ
2644 1048 2818 1123 μύρου
2867 1047 2977 1101 ἐστὶ
3029 1051 3130 1123 (3),
3161 1048 3251 1104 καὶ
3283 1046 3406 1103 οὔτε
3460 1049 3595 1121 μετὰ
3635 1048 3699 1103 τὸ
3735 1048 3833 1120 μύ-

2180 1154 2294 1209 ρον,
2329 1131 2452 1190 οὔτε
2499 1134 2653 1197 ἐκτὸς
2699 1140 2796 1190 τοῦ
2858 1135 3052 1212 μύρου,
3102 1136 3250 1193 ἀλλὰ
3301 1137 3435 1210 μετὰ
3476 1139 3578 1191 τοῦ
3635 1135 3829 1211 μύρου,

2177 1224 2265 1279 καὶ
2298 1222 2348 1278 ἐν
2396 1229 2479 1296 τῷ
2530 1224 2708 1298 μύρῳ,
2742 1226 2831 1279 καὶ
2881 1224 2973 1279 σὺν
3018 1230 3099 1298 τῷ
3133 1226 3289 1302 μύρῳ
3331 1245 3344 1259 ⁸
3378 1224 3468 1281 καὶ
3497 1225 3561 1279 τὸ
3598 1230 3743 1280 νοεῖν
3775 1225 3834 1280 ἐκ

2176 1318 2273 1369 τοῦ
2304 1317 2399 1368 νοῦ
2432 1312 2563 1382 ἐστι,
2606 1313 2697 1367 καὶ
2744 1311 2866 1369 οὔτε
2919 1314 3052 1388 μετὰ
3078 1315 3171 1371 τὸν
3226 1319 3377 1384 νοῦν,
3401 1312 3523 1370 οὔτε
3553 1314 3709 1377 ἐκτὸς
3736 1318 3831 1369 τοῦ

2177 1407 2292 1474 νοῦ,
2326 1401 2470 1459 ἀλλὰ
2502 1403 2635 1475 μετὰ
2661 1407 2758 1458 τοῦ
2797 1404 2915 1474 νοῦ,
2958 1405 3048 1459 καὶ
3096 1403 3149 1459 ἐν
3195 1409 3276 1477 τῷ
3322 1409 3423 1477 νῷ,
3470 1404 3561 1459 καὶ
3611 1403 3702 1459 σὺν
3749 1409 3830 1476 τῷ

2177 1498 2277 1565 vii)“
2313 1492 2401 1547 καὶ
2451 1492 2514 1546 τὸ
2562 1491 2735 1547 θέλειν
2794 1491 2855 1547 ἐκ
2902 1497 3001 1548 τοῦ
3061 1492 3316 1557 θέλοντός
3375 1492 3508 1565 ἐστι,
3558 1493 3647 1548 καὶ
3708 1489 3830 1549 οὔτε

2178 1580 2330 1645 ἐκτὸς
2385 1585 2484 1636 τοῦ
2542 1578 2818 1651 θέλοντος,
2877 1580 3000 1638 οὔτε
3060 1583 3193 1657 μετὰ
3237 1581 3329 1637 τὸν
3384 1581 3634 1656 θέλοντα,
3684 1580 3829 1637 ἀλλὰ

2182 1670 2315 1744 μετὰ
2367 1674 2466 1726 τοῦ
2512 1668 2786 1739 θέλοντος,
2815 1671 2905 1726 καὶ
2962 1669 3013 1725 ἐν
3071 1674 3150 1743 τῷ
3206 1670 3442 1740 θέλοντι,
3474 1670 3565 1726 καὶ
3624 1672 3717 1725 σὺν
3747 1675 3827 1743 τῷ

2183 1758 2456 1823 θέλοντι·
2538 1758 2628 1814 καὶ
2703 1761 2738 1829 ἡ
2816 1761 2937 1815 σοία
3004 1760 3064 1816 ὲκ
3118 1764 3217 1815 τοῦ
3293 1764 3461 1839 σοφοῦ
3520 1758 3681 1832 ἐστι,
3740 1759 3829 1815 καὶ

2177 1846 2300 1903 οὔτε
2334 1848 2468 1921 μετὰ
2523 1848 2615 1902 τὸν
2676 1848 2866 1926 σοφὸν,
2897 1846 3025 1905 οὔτε
3081 1848 3231 1913 ἐκτὸς
3286 1854 3383 1905 τοῦ
3426 1854 3636 1929 σοφοῦ,
3687 1846 3832 1905 ἀλλὰ

2179 1937 2314 2010 μετὰ
2340 1942 2438 1992 τοῦ
2470 1941 2640 2015 σοφοῦ
2697 1939 2856 2011 (4-5),
2897 1938 2988 1992 καὶ
3032 1938 3083 1993 ἐν
3128 1944 3208 2011 τῷ
3258 1944 3432 2017 σοφῷ,
3480 1938 3571 1994 καὶ
3625 1938 3717 1993 σὺν
3747 1942 3828 2010 τῷ

2176 2030 2345 2104 σοφῷ·
2391 2027 2481 2081 καῖ
2533 2030 2565 2097 ἡ
2620 2023 2847 2099 δύναμις
2895 2027 2954 2082 ἐκ
2982 2026 3077 2083 τοῦ
3138 2026 3389 2097 δυνατοῦ,
3418 2028 3512 2084 καὶ
3544 2025 3667 2083 οὕτε
3696 2028 3831 2100 μετᾶ

2170 2115 2263 2169 τὸν
2296 2113 2544 2187 δυνατὸν,
2604 2112 2726 2170 οὔτε
2785 2116 2938 2179 ἐκτὸς
2991 2121 3089 2172 τοῦ
3148 2115 3397 2185 δυνατοῦ,
3456 2115 3584 2173 ἀλλ’
3642 2116 3696 2172 ἐν
3748 2122 3828 2189 τῷ

2173 2201 2404 2277 δυνατῷ,
2435 2204 2523 2259 καὶ
2559 2205 2693 2277 μετά
2732 2209 2829 2261 τοῦ
2880 2203 3133 2275 δυνατοῦ,
3182 2205 3273 2261 καὶ
3326 2206 3419 2261 σὺν
3470 2211 3550 2280 τῷ
3589 2203 3825 2278 δυνατῷ.

2172 2294 2332 2349 Οὕτω
2379 2291 2559 2349 τοίνυν
2607 2294 2694 2348 καὶ
2743 2295 2833 2349 τὸν
2897 2295 3018 2350 Υῖὸν
3075 2299 3173 2350 τοῦ
3230 2299 3365 2351 Θεοῦ
3425 2294 3485 2351 ἐκ
3537 2300 3636 2351 τοῦ
3695 2299 3831 2351 Θεοῦ

402 2396 655 2464 νοοῦμεν,
713 2387 803 2443 καὶ
863 2385 925 2440 οὗ
987 2384 1121 2459 μετὰ
1173 2384 1269 2438 τὸν
1324 2384 1476 2453 Θεὸν,
1532 2381 1655 2437 οὔτε
1712 2382 1864 2439 ἐκτὸς
1920 2387 2016 2437 τοῦ
2077 2388 2232 2451 Θεοῦ,
2292 2381 2440 2438 ἀλλὰ
2500 2383 2635 2457 μετὰ
2690 2389 2787 2438 τοῦ
2839 2390 2995 2457 Θεοῦ,
3050 2385 3139 2440 καὶ
3201 2385 3253 2441 ἐν
3307 2390 3386 2458 τῷ
3438 2383 3572 2460 Θεῷ,
3614 2385 3703 2440 καὶ
3734 2385 3829 2440 σὺν

397 2487 477 2555 τῷ
505 2484 641 2553 Θεῷ.

464 2594 518 2645 2.
553 2591 744 2645 Anam.
777 2588 848 2642 At
879 2583 1179 2656 splendor,
1210 2584 1267 2638 et
1295 2580 1642 2653 intelligere,
1675 2587 1727 2637 el
1782 2581 1948 2651 velle,
2006 2585 2065 2636 et

396 2678 727 2752 sapientia,
788 2679 845 2731 et
903 2673 1198 2746 potentia,
1254 2687 1369 2727 non
1429 2674 1567 2726 sunt
1619 2670 1951 2727 substantia
2000 2670 2057 2725 in

398 2782 527 2824 sese
582 2762 936 2819 subsistens.
1000 2758 1182 2815 Filius
1219 2758 1314 2813 Dei
1347 2774 1480 2813 vero
1511 2762 1599 2813 est
1631 2757 1970 2813 substantia
1997 2757 2055 2813 in

399 2872 508 2912 sua
540 2851 773 2927 propria
799 2846 1282 2923 hypostasi.0rth.
1309 2846 1371 2901 In
1404 2846 1513 2902 hoc
1543 2863 1777 2919 quoque
1809 2844 2059 2902 conferri

399 2961 533 3001 cum
566 2943 694 3015 ipso
728 2942 1022 3010 nequeunt
1052 2937 1313 3009 corporei
1344 2934 1470 3003 lilii,
1496 2936 1651 3007 quod
1709 2935 1865 2991 ﬁlius
1924 2935 2055 3007 qui-

400 3036 531 3091 dem
565 3048 696 3087 sum
728 3046 834 3101 ego
866 3027 1050 3100 patris
1084 3025 1329 3093 mei,sed
1363 3040 1477 3080 non
1510 3041 1643 3080 sum
1675 3025 1803 3096 ejus
1826 3026 2054 3097 sapien-

398 3126 500 3193 tia,
536 3136 725 3193 neque
754 3133 887 3174 sum
919 3117 1045 3188 ejus
1071 3113 1353 3187 potentia,
1387 3129 1577 3186 neque
1607 3130 1738 3170 sum
1766 3115 1896 3186 ejus
1954 3131 2049 3170 vo-

400 3215 618 3280 luntas,
673 3223 861 3279 neque
917 3221 1048 3260 sum
1080 3204 1209 3275 ejus
1239 3203 1503 3270 verbum,
1536 3219 1723 3275 neque
1754 3221 1886 3259 sum
1918 3204 2049 3275 ejus

2241 2583 2293 2637 2.
2330 2580 2538 2652 Ἀνόμ.
2595 2579 2777 2637 Ἀλλᾶ
2831 2582 2893 2636 τὸ
2950 2582 3299 2656 ἀπαύγασμα,
3356 2581 3448 2637 καὶ
3506 2583 3570 2637 τὸ
3629 2588 3773 2637 νοεῖν
3809 2631 3826 2657 ,

2168 2670 2344 2725 καὶτὸ
2370 2668 2567 2741 Οὲλειν,
2612 2670 2700 2725 καὶ
2751 2673 2785 2739 ἡ
2836 2672 3018 2737 σοφία,
3054 2671 3144 2725 καὶ
3176 2674 3211 2741 ὴ
3245 2669 3493 2743 δύναμις,
3537 2670 3636 2727 οὐκ
3682 2670 3825 2727 ἔστιν

2169 2755 2324 2811 οὐσία
2372 2755 2747 2819 ἐνυπόστατος·
2799 2759 2827 2813 6
2877 2755 2935 2812 δὲ
2990 2759 3115 2821 Υἱὸς
3151 2763 3248 2813 τοῦ
3295 2763 3429 2814 Θεοῦ
3480 2758 3637 2815 οὐσία
3684 2759 3826 2815 ἐστὶν

2166 2843 2219 2899 ἐν
2256 2842 2368 2917 ἰδίᾳ
2421 2846 2732 2905 ὑποστάσει.
2791 2847 2939 2921 Ὀρθ.
2992 2848 3094 2903 Καὶ
3144 2846 3195 2902 ἐν
3244 2847 3423 2921 τούτῳ
3469 2853 3579 2903 τῶν
3630 2869 3821 2922 σωμα-

2161 2939 2327 2988 τικῶν
2362 2935 2493 2989 υἱῶν
2525 2935 2586 2989 τὸ
2631 2934 2951 3011 ἀσύγκριτον
2985 2932 3123 3011 ἔχει,
3157 2935 3239 2991 ὅτι
3289 2935 3399 3012 ἐγὼ
3435 2936 3554 3009 μὲν,
3598 2937 3714 2999 υἱὸς
3745 2935 3821 2992 ὢν

2160 3026 2258 3077 τοῦ
2301 3022 2503 3097 πατρός
2563 3043 2667 3095 μου
2701 3066 2715 3091 ,
2778 3022 2877 3077 οὐκ
2934 3022 3049 3095 εἰμί
3110 3022 3277 3078 αὐτοῦ
3334 3024 3517 3101 σοφία,
3570 3024 3676 3079 οὐκ
3704 3023 3821 3096 εἰμί

2161 3110 2326 3166 αὐτοῦ
2386 3108 2636 3183 δύναμις,
2697 3109 2797 3166 οὐκ
2852 3111 2966 3184 εἰμὶ
3026 3111 3191 3167 αὐτοῦ
3249 3111 3488 3185 θέλημα,
3553 3111 3652 3168 οὐκ
3700 3112 3820 3185 εἷ’μὶ

2157 3198 2323 3255 αὐτοῦ
2380 3198 2568 3274 λόγος,
2627 3198 2725 3254 οὐκ
2781 3199 2895 3273 εἰμὶ
2954 3199 3118 3255 αὐτοῦ
3161 3199 3507 3277 ἀπαύγασμα,
3557 3201 3658 3257 οὐκ
3696 3200 3814 3275 εἰμὶ

398 3300 701 3375 splendor,
726 3313 915 3368 neque
945 3310 1077 3349 sum
1138 3293 1196 3347 in
1256 3292 1386 3365 ipso
1444 3292 1613 3348 Patre
1671 3309 1821 3347 meo.
1885 3293 2049 3349 Pater

2170 3287 2211 3343 ἓν
2271 3287 2418 3361 αὐτῷ
2478 3293 2556 3360 τῷ
2609 3287 2774 3365 πατρί
2837 3310 2962 3362 μου.
3025 3289 3141 3347 Οὐκ
3194 3289 3352 3352 αὐτὸς
3397 3290 3425 3344 6
3472 3292 3654 3365 πατήρ
3708 3311 3818 3363 μου

2170 3376 2213 3401 Ι.
2253 3377 2372 3401 ὶηΑὶ
2436 3376 2485 3401 -.ἳ
2525 3378 2700 3401 .-ῌΛᾸ.-
2742 3378 2754 3401 1
2811 3380 2979 3401 Δ-μ-γΙ,
3064 3400 3101 3401 γε
3196 3377 3465 3401 1-,,!v,_,.
3532 3379 3590 3401 ,9
3648 3382 3663 3399 κ
3730 3379 3775 3401 1,

396 3391 523 3465 ipse
578 3405 695 3444 non
752 3391 841 3442 est
870 3386 928 3439 in
962 3400 1074 3449 me,
1105 3398 1209 3437 nec
1241 3382 1396 3437 sicut
1422 3386 1697 3453 operatur
1726 3381 1913 3449 Pater,
1945 3398 2050 3454 ego

401 3496 609 3554 operor
640 3494 653 3532 :
692 3474 871 3532 Filius
901 3472 1000 3528 Dei
1030 3488 1162 3527 vero
1192 3487 1306 3525 non
1339 3476 1571 3525 tantum
1604 3475 1694 3525 est
1713 3469 1913 3538 Filius,
1948 3471 2050 3527 sed

406 3569 579 3625 etiam
616 3563 896 3640 polentia,
929 3567 988 3618 et
1044 3559 1355 3632 sapientia,
1412 3564 1470 3615 et
1525 3558 1783 3614 Verbum
1840 3565 1898 3615 et
1955 3577 2051 3616 vo-

401 3663 622 3731 luntas,
654 3661 710 3715 et
739 3654 1033 3729 splendor,
1068 3657 1133 3708 ut
1160 3668 1228 3707 ex
1257 3667 1346 3719 eo,
1380 3651 1534 3723 quod
1567 3651 1646 3707 sit
1674 3650 2054 3720 Filius,intel-

404 3751 623 3823 ligatur
651 3748 806 3820 quod
838 3744 914 3801 sit
943 3740 1223 3814 quiddam
1258 3740 1316 3795 in
1350 3756 1479 3795 sese
1510 3739 1840 3795 subsistens
1864 3758 1877 3795 :
1901 3745 1959 3795 et
1987 3756 2056 3795 ex

402 3858 490 3907 eo,
526 3837 679 3911 quod
714 3839 800 3890 est
829 3830 1139 3904 sapientia,
1171 3834 1229 3885 et
1258 3829 1533 3901 potentia,
1570 3834 1627 3884 et
1677 3830 1949 3898 Verbum,
1996 3834 2056 3884 et

397 3928 691 3994 voluntas,
712 3932 768 3980 ct
797 3921 1092 3995 splendor,
1117 3919 1477 3989 intelligatur
1508 3918 1651 3973 illud
1689 3918 1843 3989 quod
1875 3917 2052 3973 simul

399 4023 575 4089 atque
604 4014 793 4080 Pater,
809 4017 865 4066 et
888 4010 945 4065 in
978 4010 1237 4073 Patre,et
1266 4023 1398 4062 cum
1434 4006 1598 4062 Patre
1628 4007 1932 4078 sit,neque
1962 4022 2051 4062 se-

401 4106 653 4172 cundus,
685 4103 741 4157 id
776 4104 865 4156 est
913 4114 1101 4171 neque
1158 4103 1285 4169 post
1340 4101 1592 4166 Patrem,
1646 4111 1834 4167 neque
1891 4101 2055 4152 extra

400 4197 651 4259 Patrem,
696 4191 1002 4262 Propterea
1032 4186 1189 4243 enim
1221 4185 1439 4241 clamat
1471 4185 1771 4257 propheta,
1801 4184 2001 4240 dicens
2035 4202 2048 4240 :

408 4306 437 4339 α
466 4281 730 4348 Domine,
767 4279 921 4335 Deus
954 4280 1171 4343 noster,
1204 4277 1278 4331 da
1308 4274 1477 4330 nobis
1516 4290 1718 4346 pacem
1781 4290 1793 4328 :
1854 4275 2057 4333 omnia

399 4374 557 4433 enim
616 4368 827 4427 dedisti
891 4366 1082 4422 nobis.
1139 4364 1403 4434 Domine,
1441 4365 1588 4419 Deus
1622 4368 1837 4433 noster,
1870 4362 2051 4419 alium

397 4466 559 4519 extra
588 4464 643 4514 te
674 4473 791 4513 non
822 4455 1093 4510 novimus
1125 4454 1189 4509 ⁸³.
1223 4474 1252 4503 ››
1288 4452 1403 4507 Nec
1432 4452 1589 4506 enim
1617 4457 1780 4507 extra
1824 4451 2051 4507 Patrem

401 4550 584 4606 Filius
631 4545 1023 4618 cognoscitur,
1078 4542 1177 4598 sed
1210 4543 1268 4596 in
1301 4545 1492 4606 Patro,
1524 4545 1582 4595 et
1608 4557 1744 4597 cum
1773 4543 1961 4607 Patre,
1994 4543 2052 4595 et

396 4638 576 4695 simul
604 4640 782 4707 atque
815 4636 1085 4703 Pater,ut
1113 4630 1393 4703 splendor
1421 4629 1641 4703 glorias,
1660 4633 1725 4685 ut
1753 4629 2056 4684 character

2163 3376 2214 3432 ἐν
2250 3377 2397 3451 ἐμοὶ,
2431 3376 2492 3432 οὗ
2524 3378 2701 3439 καθὼς
2735 3378 2763 3432 6
2806 3380 2984 3452 πατήρ
3038 3400 3143 3451 μου
3193 3377 3496 3455 ἐργάζεται,
3528 3379 3679 3454 κάγὼ
3726 3379 3816 3455 ἐρ-

2162 3467 2455 3541 γάζομαιὸ
2488 3463 2545 3521 δὲ
2599 3470 2697 3521 τοῦ
2754 3470 2888 3521 Θεοῦ
2945 3468 3068 3530 Υἱὸς
3122 3467 3185 3522 οὐ
3250 3468 3418 3540 μόνον
3467 3468 3611 3524 ἐστὶν
3669 3469 3815 3538 Υἱὸς,

2162 3555 2308 3613 ἀλλὰ
2337 3555 2425 3610 καὶ
2458 3552 2705 3628 δύναμις,
2734 3555 2823 3611 καὶ
2857 3555 3037 3632 σοφία,
3069 3556 3160 3611 καὶ
3193 3557 3391 3633 Λόγος,
3431 3558 3522 3612 καὶ
3574 3556 3816 3630 θέλημα,

2162 3646 2254 3702 καὶ
2285 3644 2627 3721 ἀπαύγασμα,
2680 3642 2771 3699 ’ἱνα
2820 3645 2923 3699 ἀπὸ
2970 3649 3068 3700 τοῦ
3114 3646 3246 3701 εἶναι
3303 3646 3461 3714 Υἱὸς,
3512 3647 3577 3702 τὸ
3627 3646 3822 3702 ὲνυπό-

2164 3755 2355 3789 στατον
2396 3735 2587 3807 νοηοῇ·
2620 3733 2710 3788 καὶ
2743 3734 2849 3788 ἀπὸ
2878 3738 2974 3788 τοῦ
3022 3734 3155 3789 εἶναι
3209 3736 3392 3813 σοφία,
3424 3736 3515 3791 καὶ
3565 3733 3818 3810 δύναμις,

2162 3824 2253 3878 καὶ
2313 3823 2504 3898 Λόγος,
2560 3822 2649 3877 καὶ
2710 3820 2948 3896 θέλημα,
3006 3824 3097 3877 καὶ
3155 3823 3504 3899 ἀπαύγασμα,
3557 3825 3621 3879 τὸ
3680 3825 3820 3897 μετὰ

2161 3917 2259 3969 τοῦ
2318 3914 2546 3988 Πατρὸς,
2596 3911 2687 3967 καὶ
2749 3912 2800 3967 ἐν
2857 3918 2937 3986 τῷ
2998 3912 3187 3986 Πατρῖ,
3221 3915 3310 3970 καὶ
3369 3915 3461 3969 σὺν
3512 3919 3592 3987 τῷ
3644 3914 3817 3992 Πατρὶ

2161 4005 2359 4076 νοηθῇ,
2418 4000 2506 4056 καί
2562 4001 2624 4056 οὐ
2684 3999 2969 4078 δεύτερος,
3026 4001 3151 4057 οὐδὲ
3213 4003 3347 4077 μετὰ
3402 4003 3494 4058 τὸν
3561 4003 3816 4081 Πατέρα,

2163 4087 2288 4145 οὐδὲ
2318 4089 2470 4151 ἐκτὸς
2514 4094 2612 4144 τοῦ
2668 4090 2895 4165 Πατρός.
2942 4091 3040 4144 Διὰ
3086 4093 3189 4166 γὰρ
3242 4096 3403 4146 τοῦτο
3458 4092 3560 4168 βοᾷ
3590 4092 3619 4146 6
3669 4112 3814 4168 προ-

2163 4182 2360 4258 φήτης,
2419 4176 2611 4253 λέγων’
2648 4204 2675 4229 ‹‹
2712 4178 2893 4252 Κύριε,
2948 4179 3135 4241 ὀΘεὸς
3191 4181 3377 4252 ἡμῶν,
3439 4180 3665 4258 εἰρήνην
3720 4177 3810 4240 δὸς

2162 4271 2320 4342 ἡμῖν·
2357 4268 2530 4322 πάντα
2558 4267 2657 4342 γὰρ
2690 4264 2972 4329 ἀπέδωκας
3001 4271 3160 4340 ἡμῖν.
3186 4267 3367 4345 Κύριε,
3402 4270 3430 4324 6
3464 4269 3593 4332 Θεὸς
3626 4272 3815 4342 ἡμῶν,

2162 4356 2317 4418 ἐκτὸς
2374 4359 2471 4409 σοῦ
2517 4354 2690 4410 ἀλλον
2739 4354 2840 4409 οὐκ
2897 4353 3143 4428 οἴδαμεν.
3178 4380 3207 4407 ››
3240 4355 3313 4411 Οὐ
3360 4358 3465 4433 γὰρ
3518 4356 3671 4419 ἐκτὸς
3722 4359 3822 4411 τοῦ

2163 4444 2375 4520 Πατρὸς
2426 4443 2549 4505 Υἱὸς
2597 4443 2941 4517 γνωρίζεται,
2971 4443 3099 4499 ἀλλ’
3143 4443 3194 4499 ἐν
3244 4450 3324 4517 τῷ
3376 4445 3572 4522 Πατρὶ,
3605 4445 3697 4501 καὶ
3725 4444 3820 4500 σὺν

2159 4539 2241 4607 τῷ
2270 4532 2462 4609 Πατρὶ,
2493 4531 2582 4587 καὶ
2615 4532 2728 4604 ἅμα
2774 4537 2851 4604 τῷ
2908 4532 3098 4610 ΙΙατρὶ,
3134 4532 3208 4595 ὡς
3260 4533 3591 4610 ἀπαύγασμα
3633 4531 3823 4607 δόξης,

2164 4622 2237 4685 ὡς
2269 4621 2553 4697 χαρακτὴρ
2609 4620 2969 4693 ὑποστάσεως,
3001 4622 3076 4683 ὡς
3131 4620 3294 4699 σοφία
3322 4627 3516 4700 σοφοῦ,
3550 4623 3626 4684 ὡς
3657 4621 3820 4678 δύνα-

397 4729 795 4801 hypostaseos,
830 4727 895 4778 ut
923 4720 1213 4793 sapientia
1242 4718 1543 4791 sapienlis,
1576 4723 1633 4774 et
1664 4715 1925 4790 potentia
1957 4733 2056 4787 po-

2170 4733 2262 4785 μις
2294 4709 2541 4782 δυνατοῦ,
2576 4709 2651 4773 ὡς
2702 4709 2876 4786 Λόγος
2933 4715 3049 4768 νοῦ.
3103 4710 3295 4784 Ἀνόμ·
3327 4709 3505 4767 Ἀλλὰ
3550 4712 3613 4767 τὸ
3645 4710 3824 4766 ἀπαύ-

394 4815 596 4883 tentis,
631 4818 695 4869 ut
721 4812 977 4868 Verbum
1027 4809 1263 4865 mentis.
1327 4817 1528 4864 Anam.
1587 4806 1697 4862 Sed
1757 4805 2055 4877 splendor,

393 4905 543 4961 lucis
601 4919 715 4959 non
776 4905 867 4957 est
920 4899 1117 4966 ﬁlius;
1174 4896 1494 4967 character,
1527 4895 1910 4967 hypostassos
1942 4910 2055 4950 non

394 4999 485 5053 est
551 4989 1100 5063 illius:sapientia,
1169 4987 1452 5059 sapientis
1521 5001 1634 5040 non
1705 4991 1797 5040 est
1862 4982 2052 5051 ﬁlius;

396 5084 679 5157 potentia,
707 5080 962 5154 potentis
1013 5094 1128 5134 non
1188 5083 1278 5132 est
1333 5076 1512 5131 filius.
1574 5073 1733 5133 Orth.
1792 5073 2055 5129 Potentia

396 5172 635 5247 quidem
697 5170 979 5244 potentia,
1017 5185 1129 5223 non
1162 5170 1254 5223 est
1283 5166 1412 5237 ejus
1445 5164 1601 5219 illius
1631 5181 1646 5230 ;
1679 5178 1786 5219 nec
1816 5162 2052 5234 sapien-

393 5263 472 5319 tis
501 5260 835 5335 sapiieutia,
864 5263 950 5315 est
979 5258 1107 5328 ejus
1140 5255 1296 5311 liiius
1323 5273 1336 5323 ;
1372 5270 1556 5325 neque
1587 5254 1825 5309 verbum
1889 5268 2051 5307 men-

394 5351 492 5420 tis,
550 5358 642 5409 est
696 5350 826 5422 ejus
882 5347 1084 5415 illius;
1142 5358 1333 5416 neque
1391 5341 1670 5416 splendor
1714 5340 1934 5413 glorias,
1965 5343 2055 5397 est

470 5586 515 5621 ⁴²
540 5586 652 5641 Isa.
683 5597 838 5650 nvx,
870 5583 960 5649 12,
994 5580 1081 5637 13.

483 5811 562 5887 (3)
590 5810 689 5867 Sic
717 5825 861 5866 mss.
894 5810 959 5866 In
989 5810 1163 5866 editis
1194 5826 1330 5867 vero
1362 5805 1474 5863 ἐστί
1503 5809 1685 5869 deest.

2167 4821 2352 4877 γασμα
2404 4803 2502 4855 τοῦ
2559 4799 2740 4877 φωτὸς
2800 4800 2915 4863 υἱὸς
2974 4800 3074 4855 οὐκ
3101 4798 3268 4855 ἔστιν·
3324 4802 3352 4855 6
3401 4802 3692 4878 χαρακτὴρ
3721 4808 3827 4870 τῆς

2169 4888 2512 4951 ὑποστάσεως
2572 4889 2687 4951 υἱὸς
2730 4888 2831 4944 οὐκ
2877 4885 3039 4944 ἔστιν·
3091 4891 3126 4959 ἡ
3159 4889 3319 4967 σοφία
3365 4894 3463 4945 νοῦ
3504 4889 3674 4968 σοφοῦ
3705 4890 3826 4951 υἱὸς

2167 4979 2267 5035 οὐκ
2323 4977 2485 5034 ἔστιν’
2538 4981 2573 5048 ἡ
2623 4976 2851 5052 δύναμις
2906 4982 3002 5032 τοῦ
3052 4976 3281 5033 δυνατοῦ
3331 4978 3448 5042 υἱὸς
3500 4978 3600 5034 οὐκ
3657 4976 3820 5035 ἔστιν.

2166 5070 2309 5144 Ὀρθ.
2344 5071 2454 5126 Τοῦ
2509 5068 2604 5141 μὲν
2659 5064 2889 5121 δυνατοῦ
2937 5069 2971 5136 ἡ
3026 5064 3249 5141 δύναμις
3302 5066 3402 5123 οὐκ
3457 5064 3597 5123 ἔστιν
3653 5066 3818 5121 αὐτοῦ

2165 5158 2302 5221 υἱός·
2336 5156 2426 5212 καὶ
2480 5159 2515 5225 ἡ
2568 5156 2730 5233 σοφία
2782 5159 2879 5209 τοῦ
2930 5160 3099 5218 σοφοῦ
3148 5155 3248 5211 οὐκ
3294 5153 3433 5212 ἔστιν
3480 5155 3643 5211 αὐτοῦ
3674 5153 3812 5215 υἱός·

2162 5247 2255 5303 καὶ
2285 5247 2313 5301 6
2357 5245 2520 5322 λόγος
2576 5248 2671 5298 τοῦ
2721 5249 2816 5297 νοῦ
2873 5243 2971 5298 οὐκ
3024 5243 3164 5299 ἔστιν
3222 5244 3386 5301 αὐτοῦ
3429 5243 3565 5307 υἱός
3620 5244 3819 5299 καὶτὸ

2165 5336 2496 5411 ἀπαύγασμα
2521 5340 2621 5402 τῆς
2653 5329 2815 5404 δόξης
2864 5332 2965 5389 οὐκ
3003 5329 3143 5390 ἔστιν
3193 5334 3364 5405 αὐτῆς
3394 5333 3530 5397 υἱός·
3566 5336 3595 5390 6
3634 5332 3693 5390 δὲ
3720 5338 3824 5390 τοῦ

2237 5807 2393 5916 (4ο5ὶ
2416 5807 2584 5881 Mss.,
2619 5801 2747 5861 ἀλλ’
2776 5803 2836 5862 ἐκ
2860 5807 2959 5862 τοῦ
2987 5804 3180 5889 σοφοῦ.
