4116 6378
314 442 461 506 1161
1265 445 1364 506 DE
1411 447 1718 507 SANC'I‘A
1763 441 2186 506 TlthlTA'l‘E
2238 443 2619 507 DIALOGUS
2666 446 2742 507 Il.
3575 453 3731 514 H62

314 581 450 632 Θεοῦ
481 576 608 638 Υἱὸς
639 577 728 630 καί
762 571 885 638 Υἱός
916 573 1024 632 ἐστι
1075 581 1172 631 τοῦ
1217 581 1349 632 Θεοῦ
1400 577 1489 631 καὶ
1549 573 1719 652 Λόγος
1772 573 1956 643 αὐτοῦ,

2076 577 2205 646 ejus
2237 575 2424 632 ﬁlius:
2462 578 2561 632 sed
2614 578 2716 633 Dei
2766 580 2966 651 Filius,
3026 586 3081 637 et
3130 581 3312 640 Filius
3369 588 3457 639 est
3515 585 3614 640 Dei
3669 590 3726 642 et

311 667 400 721 καὶ
433 666 558 727 Υἱός
613 664 723 719 ἐστι
779 670 875 719 τοῦ
935 670 1102 743 σοφοῦ
1159 665 1247 719 καὶ
1299 665 1457 742 σοφία
1505 663 1687 738 αὑτοῦ,
1719 664 1808 719 καὶ
1847 661 1964 726 Υἱός

315 755 425 810 ἔστι
483 759 580 810 τοῦ
638 751 888 825 δυνατοῦ,
919 754 1010 808 καὶ
1071 751 1299 826 δύναμις
1351 753 1514 808 αὑτοῦ
1560 753 1692 810 ἐστι.
1726 754 1823 808 Καὶ
1879 750 1967 807 διὰ

313 849 498 917 τοῦτο,
528 842 650 898 Υἱὸν
711 842 1018 912 ἀκούοντες,
1049 844 1112 896 τὸ
1168 839 1522 897 ἐνυπόστατον
1575 847 1823 914 νοοῦμεν·
1879 841 1965 896 καῖ

315 930 544 1006 δύναμιν
596 929 905 1000 ἀκούοντες,
937 931 1024 985 καὶ
1087 931 1281 1007 Λόγον,
1311 930 1399 986 καὶ
1440 931 1650 1008 σοφίαν,
1700 931 1762 985 τὸ
1811 930 1962 1005 ἀχώ-

315 1042 497 1098 ριστον
531 1021 620 1076 καὶ
651 1017 922 1074 συναίδιον
959 1017 1376 1093 ἐπαιδεύθημεν.

386 1202 438 1256 3.
474 1198 667 1271 Ἀνόμ.
703 1205 856 1272 ’Ἅμα
914 1197 1004 1254 οὖν
1065 1197 1242 1272 λέγεις
1303 1197 1566 1273 ὑπάρχειν
1613 1199 1822 1267 Πατέρα
1874 1197 1963 1251 καὶ

310 1289 478 1358 Nov;
535 1289 685 1364 Ὀρθ.
738 1294 890 1360 ’Ἅμα
948 1287 1116 1361 λέγω.
1179 1286 1368 1361 Ἀνόμ.
1429 1286 1534 1342 Δύό
1592 1286 1682 1341 οὖν
1734 1287 1966 1362 ἀγένητα

311 1377 530 1454 λέγεις;
582 1378 727 1451 Ὀρθ.
790 1378 929 1451 Ἐγὼ
988 1375 1197 1452 Πατέρα
1253 1377 1339 1430 καὶ
1399 1377 1518 1435 Υἱὸν
1578 1375 1740 1450 λέγω·
1796 1377 1848 1430 τί
1909 1373 1964 1430 δέ

312 1467 450 1522 ἐστιν
484 1466 764 1541 ἀγένητον,
799 1465 898 1520 οὑκ
927 1463 1223 1540 ἐδιδάχθην
1251 1465 1357 1520 ἀπὸ
1381 1469 1488 1520 τῶν
1523 1464 1681 1519 θείων
1716 1469 1960 1540 Γραφῶν.

315 1555 505 1628 ’Δνόμ.
538 1554 648 1610 Οὑοι
698 1551 838 1610 ἔστιν
896 1554 986 1608 οὗν
1050 1553 1520 1630 ὁμολογούμενον,
1555 1552 1637 1608 ὅτι
1697 1555 1726 1608 ὁ
1776 1555 1960 1627 Πατὴρ

305 1650 405 1700 τοῦ
463 1649 699 1720 Χριστοῦ
757 1644 856 1698 οὑι
914 1639 1023 1698 ἔστι
1083 1644 1345 1718 γενητόςς
1386 1645 1533 1718 Ὀρθ.
1586 1638 1961 1717 Ὡμολόγηται

306 1733 395 1789 καὶ
427 1735 550 1804 παρ’
581 1733 736 1805 ἐμοῦ.
774 1731 967 1805 Ἀντῖμ.
1000 1734 1061 1788 Ὁ
1119 1729 1177 1786 δὲ
1231 1733 1306 1804 μή
1359 1734 1595 1806 γεγονὼς
1650 1732 1736 1786 καὶ
1791 1730 1959 1805 ὑπάρ-

307 1844 424 1898 χων
484 1823 758 1898 ἀγενήτως
822 1822 1073 1896 ὑπάρχει·
1138 1822 1402 1896 ἀγένητος
1466 1819 1587 1896 ἄρα.
1651 1822 1958 1896 Ὀρθ.”οτι

311 1913 404 1985 μὲν
439 1911 539 1966 οὐκ
569 1911 799 1984 ἐγένετο,
833 1908 969 1965 οἶδα
1005 1910 1261 1984 ἀγένητον
1318 1906 1375 1964 δὲ
1421 1910 1576 1964 αὐτὸν
1632 1909 1832 1985 λέγειν,
1863 1909 1961 1964 οὐκ

309 1998 605 2074 ἐδιδάχθην
637 2000 738 2054 ὑπὸ
767 2002 865 2068 τῆς
898 1999 1042 2062 θείας
1078 2002 1314 2076 Γραφῆς,
1336 1997 1480 2054 ἀλλᾶ
1510 2002 1738 2074 Πατέρα.
1762 1997 1954 2071 Ἂνόμ.

305 2089 369 2144 Εἰ
403 2088 503 2143 οὐκ
532 2089 738 2164 ἐγένετο
772 2089 798 2141 ὁ
833 2088 1092 2164 ὑπάρχων
1125 2087 1229 2162 πρὸ
1258 2093 1364 2142 τῶν
1409 2087 1643 2160 αἰώνων,
1676 2087 1953 2162 ἀγενήτως

305 2177 560 2253 ὑπάρχει·
597 2179 624 2231 ὁ
683 2174 740 2232 δὲ
796 2176 1074 2251 ἀγενήτως
1137 2177 1401 2251 ὑπάρχων
1457 2177 1719 2250 ἀγένητός
1790 2176 1952 2232 ἐστιν·

305 2270 456 2342 Ὀρθ.
494 2265 649 2323 Ἀλλ’
681 2266 779 2321 οὑκ
837 2266 978 2320 εἶπεν
1011 2269 1046 2334 ἡ
1100 2267 1284 2341 Γραφὴ
1339 2266 1400 2320 τὸ
1459 2266 1746 2340 ἀγένητον,
1777 2266 1839 2320 τὸ
1899 2263 1956 2319 δὲ

304 2356 516 2433 Πατέρα
574 2355 730 2410 αὐτὸν
774 2358 908 2410 εἶναι
968 2356 1097 2410 εἷπε.
1136 2354 1358 2408 Κάκεῖνο
1418 2353 1582 2431 λέγω,
1615 2356 1643 2409 ’ὁ
1676 2357 1709 2424 ἡ
1767 2356 1951 2432 Γραφὴ

307 2446 441 2517 εἶπε,
473 2445 562 2500 καὶ
595 2445 723 2520 οὐχὶ
755 2445 784 2500 ὃ
813 2448 881 2518 τῇ
915 2443 1088 2515 ἐννοίᾳ
1113 2448 1219 2498 τῶν
1278 2443 1573 2519 ἀνθρώπων
1635 2443 1952 2500 ὑποπίπτει.

309 2535 404 2589 Καὶ
435 2536 539 2610 γὰρ
571 2535 648 2608 (6)
681 2532 822 2588 ἄλλα
856 2531 1042 2588 πολλά
1091 2531 1252 2603 ἐστιν,
1285 2532 1318 2586 ἃ
1347 2538 1464 2594 ταῖς
1517 2531 1743 2594 ἐννοίαις
1796 2535 1956 2605 ἡμῶν

306 2624 618 2694 ὑποπίπτει,
668 2623 756 2676 καὶ
820 2622 893 2684 ὡς
950 2623 1166 2697 ἀπρεπῆ
1222 2619 1394 2696 λέγειν
1450 2621 1584 2676 αὑτὰ
1639 2623 1761 2696 περὶ
1821 2626 1954 2676 Θεοῦ

305 2712 739 2788 παραιτούμεθα,
785 2707 970 2779 ἐπειδὴ
1034 2709 1158 2764 οὐδὲ
1213 2713 1247 2780 ἡ
1311 2711 1495 2789 Γραφή
1557 2711 1721 2765 εἶπεν.
1759 2706 1950 2783 Ἀνόμ.

306 2804 434 2860 Οἴον
463 2819 477 2870 ;
511 2800 586 2862 ὡς
616 2799 671 2855 τί
703 2800 837 2856 εἰπέ.
873 2801 1022 2875 Ὀρθ.
1073 2802 1198 2855 ’Ότι
1256 2801 1422 2873 ἡμεῖς
1483 2799 1756 2874 εὐχόμεθα
1812 2821 1952 2875 προ-

303 2891 522 2946 κόπτειν
583 2889 670 2943 ἐπί
726 2911 777 2944 τι
837 2887 1075 2965 βέλτιον,
1108 2885 1274 2957 δῆλόν
1337 2888 1497 2943 ἑστιν·
1533 2890 1560 2942 ὁ
1602 2886 1658 2943 δὲ
1714 2889 1838 2950 Θεὸς
1890 2889 1951 2944 οὐ

307 2978 644 3056 προκόπτει“
710 2975 863 3032 οὐδὲν
917 2978 1018 3053 γὰρ
1093 2976 1238 3048 αὐτῷ
1293 2975 1488 3034 λείπει.
1543 2977 1731 3050 Ἀνὸμ.
1787 2975 1954 3034 Οὐδὲν

305 3069 446 3140 αὐτῷ
504 3066 703 3124 λείπει.
763 3067 903 3141 Ὀρθ.
966 3065 1041 3123 Οὐ
1100 3064 1288 3142 χρείαν
1350 3065 1438 3119 οῦν
1491 3062 1606 3142 ἔχει
1664 3071 1762 3121 τοῦ
1817 3088 1953 3143 προ·

303 3158 540 3213 κόπτειν.
575 3155 769 3228 Ἀνόμ.
804 3155 881 3212 Οὐ
932 3154 1116 3231 χρείαν
1169 3152 1306 3230 ἔχει.
1343 3156 1490 3229 Ὀρθ.
1525 3154 1718 3218 Οὐδεὶς
1766 3158 1952 3229 ἡμῶν,

302 3243 474 3302 διὰτὸ
508 3247 582 3319 μὴ
616 3243 943 3321 προκόπτειν
977 3244 1159 3311 αὑτὸν,
1193 3243 1538 3318 ἀπρόκοπτον
1570 3243 1713 3320 λέγει
1769 3245 1948 3312 αὐτὸν,

2075 665 2201 734 ejus
2224 665 2498 734 Verbum,
2531 669 2588 721 et
2613 666 2793 722 Filius
2820 677 2907 723 est
2938 670 3222 741 sapientis
3254 677 3309 726 et
3331 674 3459 742 ejus
3491 675 3724 745 sapien-

2076 758 2178 816 tia,
2210 761 2266 808 ct
2299 754 2477 809 Filius
2501 760 2589 809 est
2623 756 2874 826 potentis
2907 763 2962 812 et
2990 759 3118 828 ejus
3149 762 3428 831 potentia.
3467 763 3717 834 Ideoque

2077 859 2208 898 cum
2242 843 2452 898 Filium
2478 845 2778 912 audimus,
2802 863 2935 902 eum
2969 847 3026 901 in
3061 864 3187 903 sese
3210 850 3531 906 subsistere
3555 851 3726 907 intel-

2077 930 2346 1002 ligimus:
2379 949 2512 986 cum
2547 939 2738 988 autem
2766 935 3108 1006 potentiam,
3160 938 3434 1007 Verbum,
3487 941 3723 1012 sapien-

2077 1028 2216 1083 tiam
2251 1030 2565 1098 audimus;
2591 1031 2676 1086 sic
2707 1032 2991 1088 ducamur
3031 1034 3484 1106 inseparabilem
3518 1055 3645 1093 esse
3667 1043 3724 1094 et

2075 1124 2449 1174 coaeternum.

2149 1207 2202 1261 3.
2229 1209 2418 1262 Anam.
2437 1207 2624 1263 Simul
2645 1209 2984 1281 igiturdicis
3015 1227 3144 1267 esse
3161 1216 3388 1268 Patrem
3405 1214 3725 1270 etFilium?

2075 1295 2239 1352 Orth.
2276 1296 2462 1351 Simul
2495 1314 2623 1352 esse
2656 1298 2806 1352 dico.
2840 1301 3030 1356 Anam.
3066 1300 3190 1354 Duo
3224 1301 3403 1374 igitur
3433 1320 3546 1358 non
3572 1304 3725 1360 facta

2072 1383 2219 1439 dicis
2250 1385 2277 1438 ‘I
2311 1384 2462 1440 Orth.
2499 1387 2615 1457 Ego
2643 1386 2872 1441 Patrem
2915 1394 2971 1442 et
3003 1389 3252 1444 Filium:
3283 1390 3410 1446 dico
3443 1393 3586 1462 quid
3647 1393 3726 1448 sit

2079 1478 2277 1528 autem
2312 1492 2424 1528 non
2458 1475 2669 1539 lactus.
2713 1492 2892 1530 sacrae
2925 1476 3149 1531 Litterae
3186 1495 3274 1534 me
3327 1496 3438 1534 non
3491 1482 3722 1536 docent.

2073 1567 2268 1617 Anam.
2304 1569 2388 1616 An
2422 1579 2550 1618 vero
2583 1581 2698 1618 non
2733 1569 2821 1618 est
2855 1564 2913 1618 in
2947 1568 3214 1621 confesso
3243 1571 3474 1624 Patrem
3507 1568 3721 1626 Christi

2072 1668 2185 1706 non
2221 1668 2352 1706 esse
2386 1652 2647 1707 factum?
2676 1653 2828 1708 Orth.
2864 1653 2981 1709 Hoc
3013 1661 3067 1709 et
3125 1673 3228 1728 ego
3289 1657 3491 1713 fateor.
3526 1660 3720 1715 Anam.

2073 1740 2271 1810 Itaque
2294 1740 2392 1811 qui
2427 1757 2539 1794 non
2568 1747 2658 1795 est
2691 1741 2898 1809 factus,
2931 1749 2987 1797 et
3010 1749 3118 1810 est,
3153 1744 3234 1799 ita
3262 1750 3370 1815 est,
3405 1752 3469 1801 ut
3499 1748 3576 1801 sit
3606 1765 3721 1804 non

2070 1828 2280 1884 factus.
2318 1829 2417 1883 Est
2477 1830 2657 1902 igitur
2688 1847 2801 1885 non
2845 1831 3053 1886 factus.
3086 1831 3237 1888 Orth.
3273 1835 3416 1889 Eum
3477 1837 3719 1907 quidem

2071 1917 2201 1971 novi
2233 1934 2347 1972 non
2383 1919 2562 1972 l'uisse
2597 1920 2853 1974 factum:
2891 1921 3085 1991 ipsum
3111 1928 3304 1977 autem
3340 1924 3543 1978 vocare
3601 1942 3717 1980 non

2068 2005 2284 2061 factum
2311 2024 2425 2061 non
2458 2007 2666 2062 docent
2689 2025 2780 2062 me
2812 2025 2988 2063 sacrae
3025 2010 3272 2081 Litterae,
3325 2014 3427 2068 sed
3459 2017 3714 2070 Patrem.

2068 2094 2262 2148 Anam.
2299 2095 2356 2148 Si
2392 2112 2505 2150 non
2538 2102 2625 2150 est
2665 2095 2852 2152 factus
2876 2099 2975 2168 qui
3011 2104 3144 2154 ante
3193 2099 3405 2156 saacula
3462 2109 3569 2169 est,
3628 2110 3720 2159 est

2070 2199 2183 2236 non
2217 2183 2440 2238 factus:
2477 2184 2574 2253 qui
2606 2201 2736 2239 vero
2768 2185 2850 2239 sic
2872 2190 2981 2252 est,
3021 2192 3083 2241 ut
3114 2204 3228 2242 non
3262 2189 3339 2244 sit
3369 2189 3577 2258 factus,
3629 2198 3720 2247 est

2068 2289 2183 2325 non
2219 2271 2423 2327 factus.
2460 2272 2612 2328 Orlh.
2649 2277 2864 2329 Verum
2898 2275 3201 2347 Scriptura
3233 2295 3349 2332 non
3390 2286 3554 2334 vocat
3582 2298 3718 2336 eum

2068 2377 2182 2414 non
2227 2361 2475 2432 factum,
2503 2363 2600 2416 sed
2635 2379 2770 2416 eum
2794 2380 2922 2419 esse
2953 2368 3185 2420 Patrem
3219 2366 3378 2421 dicit.
3418 2368 3579 2432 Quod
3614 2386 3717 2424 au-

2069 2455 2187 2503 tem
2221 2449 2359 2504 dicit
2382 2451 2702 2521 Scriptura,
2735 2451 2844 2506 hoc
2865 2459 2922 2508 et
2951 2469 3057 2525 ego
3088 2455 3370 2522 dico,nou
3404 2463 3600 2513 autem
3635 2460 3717 2530 id,

2066 2539 2218 2609 quod
2254 2538 2311 2592 in
2344 2538 2651 2594 hominum
2684 2541 3095 2611 cogitationem
3128 2543 3302 2598 cadit.
3337 2545 3483 2601 Nam
3518 2551 3575 2602 et
3604 2547 3721 2603 alia

2070 2625 2249 2680 multa
2281 2628 2337 2681 in
2371 2632 2628 2682 nostram
2654 2629 3063 2700 cogitationem
3089 2632 3328 2700 cadunt,
3358 2651 3483 2706 quae
3517 2639 3712 2691 tamen

2069 2715 2474 2785 repudiamus,
2510 2721 2572 2770 ut
2595 2734 2720 2787 quae
2753 2719 3164 2774 convenienter
3193 2721 3262 2776 de
3298 2727 3411 2777 Deo
3443 2724 3559 2778 dici
3593 2742 3708 2780 non

2069 2805 2323 2873 possint,
2356 2805 2832 2876 quandoquidem
2867 2807 2925 2860 in
2975 2809 3293 2880 Scripturis
3337 2812 3386 2865 ei
3426 2828 3540 2867 non
3603 2815 3708 2868 tri-

2067 2893 2346 2946 buuntur.
2382 2896 2572 2949 Anam.
2596 2895 3091 2968 Cedoexemplum
3119 2914 3130 2952 :
3156 2903 3218 2954 ut
3244 2901 3407 2970 quid,
3433 2902 3718 2959 obsecro?

2067 2981 2217 3035 Orth.
2261 2987 2498 3037 Constat
2550 2999 2653 3038 nos
2684 2992 2905 3055 optare,
2940 2990 3005 3040 ut
3063 2987 3120 3041 in
3179 2988 3387 3043 melius
3437 2991 3712 3060 proﬁcia-

2067 3087 2199 3126 mus
2222 3076 2281 3125 at
2311 3071 2464 3126 Deus
2498 3088 2609 3126 non
2657 3073 2906 3144 proﬁcit,
2934 3075 3215 3146 quoniam
3251 3077 3394 3131 nihil
3425 3079 3473 3133 ei
3525 3080 3710 3136 deest.

2066 3159 2256 3214 Anam.
2295 3159 2448 3215 Nihil
2483 3162 2851 3232 prorsusipsi
2885 3163 3066 3218 deest.
3123 3163 3274 3220 Orth.
3320 3165 3406 3221 Illi
3441 3184 3578 3240 ergo
3625 3172 3712 3224 ni-

2066 3247 2317 3320 hilopus
2349 3255 2458 3320 est,
2493 3255 2556 3304 ut
2587 3251 2869 3322 proﬁciat.
2906 3258 3098 3308 Anam.
3135 3255 3312 3309 Nihil.
3348 3255 3502 3312 Orth.
3536 3257 3717 3313 Nemo

301 3334 428 3391 ἀλλ’
460 3335 531 3396 ὡς
559 3334 772 3404 ἀναξίαν
806 3339 902 3388 τοῦ
935 3337 1068 3388 Θεοῦ
1114 3335 1211 3402 τὴν
1272 3333 1458 3409 φωνὴν
1517 3333 1948 3408 παραιτούμεθα.

2072 3341 2261 3391 tamen
2296 3344 2562 3394 nostrum
2594 3321 2702 3405 est,
2727 3341 2826 3410 qui
2861 3342 3013 3411 quod
3051 3359 3163 3398 non
3214 3345 3501 3415 proﬁciat,
3559 3347 3719 3402 dicat

303 3423 492 3484 Οὕτως
525 3419 647 3477 οὐδὲ
671 3422 736 3477 τὸ
767 3421 1023 3496 ἀγένητον
1058 3421 1200 3491 ἄξιον
1236 3421 1366 3475 εἶναι
1399 3427 1494 3476 τοῦ
1541 3426 1675 3476 Θεοῦ
1721 3420 1953 3496 λέγομεν

299 3511 346 3566 εἰ
377 3511 476 3588 γάρ
507 3511 573 3580 ἦν
606 3510 780 3582 ἄξιον,
812 3513 956 3565 εἷπεν
993 3510 1050 3565 ἂν
1084 3509 1214 3565 αὑτὸ
1247 3513 1280 3579 ἡ
1315 3510 1430 3565 θεία
1460 3513 1668 3589 Γραφή.

2066 3441 2222 3496 eum,
2257 3423 2626 3498 ἆπρόκοπτον.
2661 3445 2785 3496 seu,
2820 3446 2932 3484 non
2970 3431 3367 3501 proficientem
3396 3451 3409 3500 ;
3441 3434 3579 3505 quin
3614 3452 3717 3506 po-

2068 3512 2188 3568 tius
2221 3513 2369 3570 banc
2402 3532 2618 3587 vocem,
2656 3523 2719 3573 ut
2749 3535 2875 3589 qua:
2901 3523 3079 3574 Deum
3105 3537 3219 3574 non
3261 3523 3483 3593 deccat,
3544 3540 3718 3596 repu-

296 3606 554 3660 diamus.
585 3609 670 3659 lta
700 3604 876 3659 etiam
899 3602 1050 3658 illud
1075 3601 1365 3676 ἀγένητον,
1399 3621 1501 3659 seu
1523 3621 1635 3658 non
1670 3605 1885 3659 factum
1921 3621 2205 3677 negamus
2261 3605 2377 3661 Deo
2409 3606 2653 3679 dignum
2694 3625 2842 3676 esse,
2881 3626 3012 3664 nam
3046 3611 3097 3665 si
3129 3611 3379 3682 dignum
3421 3619 3599 3683 esset,
3654 3615 3713 3672 id

297 3695 561 3750 dicerent
613 3709 790 3749 sacra:
846 3692 1094 3747 Litterae.

370 3783 421 3837 4.
458 3779 646 3853 Ἀνόμ.
683 3779 921 3854 Ἐγένετο
954 3778 1043 3834 οῦν
1078 3781 1106 3834 ὁ
1138 3779 1306 3849 Θεός;
1349 3778 1486 3847 εἰπὲ,
1518 3781 1607 3834 καὶ
1650 3778 1754 3834 ὑπὸ
1803 3780 1948 3842 τίνος

299 3872 542 3949 έγένετος
604 3873 751 3946 Ὀρθ.
813 3871 875 3927 Εἰ
935 3869 1024 3925 διὰ
1090 3876 1250 3926 τοῦτο
1327 3871 1584 3946 ἀγένητον
1651 3870 1808 3926 αὑτὸν
1870 3869 1953 3925 δεῖ

303 3960 506 4036 λέγειν,
537 3957 726 4028 ἐπειδὴ
785 3959 874 4013 ὑπ’
933 3958 1146 4021 οὐδενὸς
1210 3958 1437 4034 ἐγένετο,
1473 3959 1588 4014 εἰπὲ
1645 3959 1801 4014 αὑτὸν
1861 3960 1950 4014 καὶ

308 4051 550 4118 ἄπιστον,
586 4046 772 4117 ἐπειδὴ
806 4049 881 4110 εἰς
909 4047 1096 4104 οὐδένα
1125 4047 1383 4103 πιστεύει·
1442 4048 1559 4103 εἰπὲ
1616 4047 1704 4103 καί
1759 4044 1948 4118 ἀσεϐῆ,

305 4136 490 4207 ἐπειδὴ
552 4135 742 4192 οὐδένα
799 4131 1028 4191 σέϐεται.
1063 4137 1128 4193 Εἰ
1197 4134 1254 4191 δὲ
1306 4141 1474 4192 ταῦτα
1529 4140 1564 4206 ἡ
1625 4138 1718 4208 μὲν
1777 4133 1954 4192 ἔννοια

305 4222 633 4294 ὑποϐάλλει,
664 4229 698 4296 ἡ
735 4223 792 4280 δὲ
823 4221 1062 4281 εὑσέδὶεια
1094 4224 1194 4280 οὑκ
1240 4224 1512 4301 ἐπιτρέπει
1561 4227 1756 4302 λέγειν·
1811 4226 1952 4281 οὕτω

306 4314 396 4368 καὶ
439 4315 497 4370 τὸ
540 4316 827 4390 ἀγένητον,
860 4313 953 4369 κᾶν
1006 4311 1142 4387 δοκῇ
1190 4320 1308 4376 ταῖς
1369 4313 1595 4376 ἐννοίαις
1629 4317 1785 4388 ἡμῶν
1819 4314 1952 4370 ὑπο-

306 4402 542 4468 πίπτειν,
576 4403 702 4460 ἀλλ’
733 4407 768 4473 ἡ
800 4397 1043 4457 εὐσέϐεια
1087 4402 1184 4458 ὀὺκ
1231 4403 1504 4475 ἐπιτρέπει
1556 4401 1750 4478 λέγειν.
1784 4404 1848 4460 Εἰ
1898 4402 1956 4458 δὲ

310 4499 411 4567 μὴ,
444 4494 588 4547 εἶπεν
643 4492 773 4549 αὑτὸ
827 4491 1042 4553 πάντως
1089 4494 1124 4562 ἡ
1166 4493 1376 4570 Γραφή.
1411 4492 1596 4566 Ἀνόμ.
1648 4493 1725 4549 Οὑ
1784 4493 1957 4569 λέγεις

308 4581 399 4636 οῦν
452 4581 717 4656 ἀγένητον
768 4581 860 4636 τὸν
912 4581 998 4636 ἐπὶ
1049 4583 1264 4636 πάντων
1295 4582 1422 4637 Θεόν
1451 4601 1464 4651 ;
1499 4583 1640 4654 Ὀρθ.
1676 4582 1739 4636 Εἰ
1770 4583 1960 4660 γέγρα-

306 4692 458 4740 πται,
491 4669 654 4745 λέγω’
715 4670 760 4725 εἰ
821 4668 878 4725 δὲ
935 4670 995 4725 οὑ
1055 4670 1376 4746 γέγραπται,
1402 4669 1500 4724 οὐκ
1558 4666 1672 4746 ἔχω
1719 4671 1958 4746 ἀνάγκην

309 4759 497 4816 εἷ’πεῖν.
535 4761 640 4815 Καὶ
705 4759 788 4815 ὅτι
846 4758 906 4814 οὐ
965 4760 1180 4820 πάντως
1236 4759 1304 4812 τὰ
1356 4764 1476 4820 ταῖς
1523 4757 1751 4820 ἐννοίαις
1800 4763 1960 4833 ἡμῶν

307 4848 681 4904 ὑποπίπτοντα
743 4846 824 4903 δεῖ
880 4846 1077 4922 λέγειν,
1117 4843 1289 4917 ’έξεστι
1345 4847 1436 4902 καὶ
1495 4846 1680 4909 ἄλλως
1737 4853 1960 4924 γνῶναι.

310 4940 463 5014 Παρὰ
492 4938 706 4993 πάντων
735 4940 898 5012 ἡμῶν
927 4935 1317 5012 ὡμολόγηται,
1349 4935 1431 4990 ὅτι
1463 4937 1490 4989 ὁ
1543 4937 1672 4998 Θεὸς
1732 4936 1962 5009 ἀόρατός

309 5027 442 5098 ἐστι,
473 5032 570 5082 τοῦ
603 5028 756 5104 ἁγίου
796 5025 1017 5084 Παύλου
1049 5025 1303 5103 λέγοντος
1346 5051 1373 5078 α
1397 5026 1700 5103 Ἀφθάρτῳ,
1721 5027 1960 5102 ἀοράτῳ,

311 5118 460 5191 μόνῳ
515 5123 666 5197 σοφῷ
717 5123 853 5191 Θεῷ.
893 5143 919 5170 ››
950 5119 1013 5175 Ὁ
1064 5114 1121 5172 δὶ
1169 5118 1436 5194 ἄφθαρτος
1489 5117 1596 5192 οὐχ
1644 5117 1817 5188 ἑαυτῴ
1867 5117 1961 5189 μὶν

307 5209 543 5286 φθαρτός
596 5207 758 5278 ἐστιν,
794 5207 988 5270 ἄλλοις
1048 5206 1107 5262 δὲ
1156 5209 1449 5286 ἄφθαρτος,
1484 5205 1630 5262 ἀλλὰ
1683 5206 1772 5260 καὶ
1832 5212 1961 5260 πᾶσι

307 5297 398 5352 καὶ
459 5298 635 5371 έαυτῷ
695 5297 966 5376 ἄφθαρτός
1020 5295 1186 5354 ἐστιν.
1219 5295 1407 5369 Ἀνόμ.
1441 5293 1540 5351 Καὶ
1598 5297 1758 5351 πάνυ.
1813 5297 1958 5370 Ὀρθ.

310 5386 546 5459 Οὐκοῦν,
579 5384 768 5457 ἐπειδὴ
829 5393 1096 5458 συνῆπται
1151 5390 1232 5458 τῷ
1287 5383 1542 5464 ἀφθάρτῳ
1588 5384 1650 5440 τὸ
1709 5385 1960 5459 ἀόρατον,

383 5588 429 5623 ⁸³
459 5588 482 5646 Ι
511 5587 665 5646 Tim.
699 5605 741 5657 ι,
773 5588 860 5643 17.

388 5765 461 5838 (6)
491 5763 678 5821 Palat.
711 5762 811 5819 Καὶ
841 5762 945 5841 γὰρ
975 5761 1088 5820 καί.

635 5894 894 5958 Panos.
945 5895 1054 5958 Gn.
1103 5891 1378 5957 XXVIII.

2135 3788 2286 3844 425
2323 3787 2373 3841 4.
2399 3787 2589 3840 Anam.
2625 3787 2723 3840 Dic
2756 3786 2952 3858 igitur,
2991 3789 3252 3845 factusne
3281 3796 3370 3847 est
3411 3794 3604 3849 Deus?
3653 3801 3711 3851 et

2061 3898 2092 3933 a
2115 3897 2230 3950 quo
2255 3878 2442 3932 factus
2473 3875 2604 3930 est?
2633 3875 2782 3930 Orth.
2831 3876 2886 3930 Si
2920 3883 3227 3948 pr0pterea
3249 3887 3473 3952 oportet
3507 3882 3705 3954 ipsum

2060 3969 2174 4023 dici
2209 3983 2321 4021 non
2355 3965 2596 4034 factum,
2629 3966 2905 4034 quoniam
2939 3967 2996 4020 in
3030 3969 3191 4024 nullo
3221 3975 3310 4024 est
3360 3971 3572 4038 factus,
3617 3973 3713 4030 dio

2059 4057 2235 4112 etiam
2255 4071 2387 4110 eum
2423 4070 2535 4108 non
2567 4054 3212 4127 credentem,quoaiam
3247 4058 3305 4113 in
3338 4059 3565 4116 nullum
3591 4077 3716 4118 cre-

2062 4146 2172 4200 dit:
2207 4150 2262 4199 et
2295 4142 2868 4212 impium,quoniam
2903 4144 3134 4200 nullum
3167 4147 3325 4202 colit.
3351 4149 3514 4212 Quod
3547 4150 3596 4205 si
3622 4168 3716 4206 co-

2062 4235 2266 4306 gitatio
2298 4231 2534 4302 quidem
2574 4237 2773 4284 nostra
2801 4231 2970 4286 nobis
3002 4232 3141 4288 talia
3165 4237 3446 4307 suggerit,
3511 4239 3716 4312 religio

2063 4340 2194 4379 vero
2227 4322 2418 4376 dicere
2450 4335 2555 4374 nos
2607 4335 2720 4373 non
2754 4321 3006 4390 patilur:
3042 4323 3124 4376 ita
3181 4325 3345 4378 etiam
3403 4325 3547 4381 illud
3600 4344 3720 4383 non

2065 4414 2302 4476 factum,
2336 4407 2566 4464 etiamsi
2598 4408 2766 4463 nobis
2798 4409 3074 4480 cogitatio
3106 4418 3308 4468 nostra
3338 4413 3396 4468 id
3413 4420 3719 4487 suggerat,

2067 4518 2180 4556 non
2205 4499 2347 4555 sinit
2378 4504 2574 4552 tamen
2610 4495 2810 4569 religio
2844 4514 2948 4552 nos
2971 4498 3182 4556 dicere.
3219 4501 3280 4555 ld
3312 4503 3470 4557 enim
3492 4503 3719 4575 alioqui

2067 4589 2364 4660 Scriptura
2396 4586 2596 4657 utique
2626 4592 2993 4658 usurpasset.
3056 4593 3245 4646 Anam.
3284 4594 3370 4646 An
3428 4608 3541 4647 non
3584 4609 3718 4650 vero

2074 4677 2608 4749 Deum,quisupra
2650 4674 2849 4730 omnia
2909 4681 3018 4744 est,
3083 4679 3228 4734 dicis
3287 4697 3402 4736 non
3466 4681 3727 4738 factum?

2075 4767 2234 4823 Orth.
2268 4766 2543 4832 Dixerim,
2568 4764 2617 4820 si
2650 4764 2935 4835 scriptum
2970 4771 3149 4837 esset,
3184 4771 3339 4841 quod
3360 4771 3408 4825 si
3440 4771 3725 4844 scriptum

2074 4853 2188 4912 neu
2211 4859 2318 4920 est,
2357 4871 2470 4908 non
2505 4869 2678 4924 cogor
2708 4853 2920 4910 dicere.
2957 4855 3069 4911 Sed
3101 4863 3159 4911 et
3224 4858 3443 4930 alioqui
3499 4859 3726 4915 intelli-

2074 4965 2207 5020 gere
2237 4948 2391 5012 licet,
2423 4964 2536 5001 non
2577 4963 2703 5002 esse
2735 4947 3074 5015 dicendum,
3107 4949 3392 5021 quidquid
3445 4954 3504 5008 in
3568 4952 3726 5026 cogi-

2074 5037 2355 5092 tationem
2391 5044 2652 5089 nostram
2677 5035 2850 5090 cadit.
2875 5037 3148 5092 Fatemur
3163 5055 3367 5094 omnes
3398 5040 3582 5096 Deum
3600 5058 3731 5099 esse

2075 5123 2451 5191 invisibilem,
2485 5139 2619 5177 cum
2671 5124 2830 5178 dicat
2889 5124 3143 5181 Paulus:
3175 5150 3201 5176 ‹‹
3271 5131 3729 5199 tucorruptibili,

2074 5210 2378 5276 invisibili,
2411 5210 2522 5266 soli
2557 5213 2804 5282 sapienti
2844 5213 2959 5268 Deo
2977 5215 3040 5268 ‘3.
3073 5237 3100 5265 »
3155 5216 3438 5272 Caeterum
3489 5219 3589 5290 qui
3637 5219 3728 5274 in-

2074 5299 2480 5370 corruptibilis
2509 5303 2616 5369 est,
2654 5318 2766 5355 non
2799 5306 2888 5356 est
2908 5302 3018 5357 sibi
3038 5303 3277 5374 quidem
3301 5307 3721 5378 corruptibilis,

2073 5387 2208 5443 aliis
2228 5403 2364 5443 vero
2393 5387 2904 5460 inoorruptibiiis:
2940 5393 3041 5448 sed
3074 5398 3132 5449 et
3168 5395 3446 5452 omnibus
3503 5400 3561 5454 et
3612 5397 3730 5454 sibi

3329 5902 3407 5964 37

4097 126 4105 156 ί

4099 163 4105 274 l

4097 273 4105 390 γ

4097 391 4106 458 ί

4098 463 4105 526 -ε

4099 565 4105 646 ί

4103 835 4105 856 .
