4116 6426
432 427 588 487 1163

1594 416 1634 478 S
1703 412 2223 475 A'l‘HANASlUS.
2257 449 2334 460 -—
2364 412 2674 479 SPURIA.

3702 416 3861 479 1164

430 554 1001 629 estincorruptibilis
1022 556 1211 609 Anam.
1249 552 1332 607 Ita
1364 555 1455 607 est
1487 565 1752 622 prorsus.
1787 546 1938 602 Orth.
1974 546 2056 616 lgi

2205 541 2442 615 εἷίπωμεν
2489 548 2578 600 καὶ
2627 547 2783 603 αὐτὸν
2831 549 3004 621 ἑαυτῴ
3047 548 3273 626 ἀόρατον
3307 547 3441 604 εἶναι
3470 549 3562 604 τὸν
3594 549 3721 604 Θεόν
3753 553 3853 622 (7).

441 655 556 714 tur,
592 647 870 718 quoniam
904 638 1449 714 incorrUptibilitati
1482 636 1794 709 copulatur
1820 634 2090 689 invisibi-

442 737 597 805 litas,
631 736 900 791 dicamus
941 737 1120 788 Deum
1155 730 1267 785 sibi
1289 729 1405 802 ipsi
1436 742 1669 799 quoque
1702 723 2078 793 invisibilem,

430 832 486 883 et
512 827 590 880 ita
622 824 935 880 mentitum
970 822 1081 876 erit
1107 819 1327 892 (vestro
1361 817 1598 888 quidem
1624 813 1872 886 judicio)
1902 812 2080 867 Evan-

431 914 673 987 gelium,
712 929 846 966 cum
876 909 1091 981 inquit,
1126 907 1282 971 «Qui
1315 912 1403 961 est
1433 922 1465 960 a
1496 904 1684 972 Patre,
1709 903 1780 972 is,
1811 900 1955 955 vidit
1977 901 2077 956 Pa-

430 1010 577 1057 trem
596 1003 662 1057 ’δἰ.
701 1023 728 1050 ››
763 1002 925 1066 Quod
961 999 1011 1054 si
1056 997 1131 1062 is,
1191 996 1291 1067 qui
1326 1013 1360 1049 ει
1418 994 1587 1048 Patre
1635 996 1746 1060 est,
1779 989 1932 1044 videt
1971 989 2076 1044 Pa-

430 1098 604 1160 trem,
639 1107 783 1146 sane
816 1090 943 1160 ipse
972 1088 1144 1142 Pater
1173 1085 1432 1155 seipsum
1464 1082 1645 1137 videt:
1690 1080 1845 1151 quod
1905 1083 1994 1135 est
2022 1083 2079 1133 et

427 1182 644 1237 dicitur
674 1184 730 1235 et
758 1176 1017 1233 creditur
1044 1191 1173 1230 esse
1206 1170 1540 1238 invisibilis,
1564 1169 1931 1225 referendum
1964 1172 2073 1234 est,

2206 633 2304 687 Καὶ
2362 634 2652 708 ἐψεύσαντο
2712 640 2773 693 τὰ
2829 638 3134 715 Εὐαγγὲλια
3190 642 3307 695 καθ’
3361 641 3524 715 ὑμᾶς,
3585 638 3849 715 λέγοντα’

2194 745 2221 774 ‹‹
2277 724 2333 777 Ὁ
2382 747 2455 779 ων
2508 726 2653 801 παρά
2697 733 2794 783 τοῦ
2848 729 3081 804 Πατρὸς,
3134 729 3290 793 αὐτὸς
3335 730 3541 806 ἑώρακε
3586 730 3678 785 τὸν
3736 733 3848 785 Πα-

2199 812 2348 887 τέρα.
2384 837 2412 865 >ι
2446 814 2512 870 Εἴ
2543 811 2600 869 δὲ
2631 817 2659 870 6
2691 812 2765 871 ὢν
2797 820 2940 893 παρά
2970 822 3067 872 τοῦ
3094 819 3302 894 Πατρὸς
3335 819 3435 892 ὁρᾷ
3487 822 3580 874 τὸν
3615 819 3848 894 Πατέρα,

2201 902 2289 954 καὶ
2322 903 2351 955 6
2384 904 2570 977 Πατὴρ
2619 904 2778 969 αὐτὸς
2830 906 3015 961 ἑαυτὸν
3070 907 3189 983 ὁρᾷ,
3224 906 3255 962 ὅ
3300 905 3431 980 ἐστι,
3469 908 3557 962 καὶ
3606 906 3848 983 λέγεται,

2190 990 2281 1042 καὶ
2315 991 2617 1047 πιστεύεται
2659 994 2786 1049 εἶναι
2822 995 3071 1068 ἀόρατος,
3105 995 3213 1071 οὐχ
3269 996 3465 1068 ἑαυτῷ,
3499 994 3624 1051 οὐδὲ
3665 1001 3744 1069 τῷ
3796 995 3849 1067 ἐξ

2196 1078 2360 1133 αὐτοῦ
2392 1081 2518 1153 Υἱῷ,
2552 1079 2678 1136 οὐδὲ
2704 1087 2782 1156 τῷ
2820 1086 2945 1159 παρ’
2976 1085 3139 1139 αὐτοῦ
3189 1085 3328 1160 ἁγίῳ
3374 1085 3671 1159 Πνεύματι,
3702 1084 3850 1142 ἀλλά

2194 1167 2335 1243 πάσῃ
2361 1173 2430 1243 τῇ
2460 1170 2650 1229 κτίσει.

426 1287 542 1325 non
576 1269 646 1323 ad
680 1267 848 1323 illum
880 1266 1098 1338 ipsum,
1135 1279 1323 1334 neque
1348 1261 1422 1316 ad
1455 1259 1691 1328 Filium,
1725 1257 1910 1329 quiex
1941 1257 2069 1328 ipso
2099 1262 2209 1327 est,
2244 1276 2433 1331 neque
2462 1263 2535 1317 ad
2558 1262 2845 1335 Spiritum
2887 1270 3185 1336 sanctum,
3245 1267 3345 1338 qui
3407 1266 3479 1321 ab
3537 1266 3666 1339 ipso
3726 1271 3845 1334 est;

425 1360 526 1414 sed
550 1359 620 1414 ad
655 1372 858 1413 omnes
880 1359 1202 1411 creaturas.

491 1467 544 1520 5.
580 1466 771 1519 Anam.
804 1462 972 1517 Nunc
1001 1459 1184 1526 disco,
1216 1474 1320 1513 vos
1351 1457 1407 1511 id
1440 1473 1558 1511 non
1604 1455 1862 1519 credere,
1913 1453 2070 1523 quod

423 1553 696 1610 omnibus
727 1552 786 1606 in
814 1550 1080 1606 confesso
1106 1552 1214 1602 est.
1250 1545 1406 1602 Orth.
1469 1544 1761 1607 Quidnam
1792 1542 1819 1597 ?
1874 1542 2068 1597 Anam.

421 1644 604 1699 Deum
636 1658 764 1697 esse
792 1657 909 1695 non
959 1638 1177 1692 factum
1211 1651 1415 1691 omnes
1445 1650 1590 1689 sana
1621 1638 1815 1687 mente
1847 1631 2069 1702 praediti

424 1732 921 1795 cont]lentur,vos
951 1732 1148 1782 autem
1182 1742 1296 1781 non
1338 1722 1672 1779 admittitis.
1738 1720 1892 1776 Orth.
1948 1721 2070 1777 Non

2250 1455 2306 1510 5.
2352 1455 2544 1529 Ἀνόμ.
2596 1459 2706 1514 Νῦν
2775 1460 3049 1532 μανθάνω,
3100 1458 3184 1514 ὅτι
3233 1460 3262 1514 ’ὀ
3321 1464 3480 1515 πᾶσιν
3530 1459 3845 1536 ἀνθρώποις

2180 1541 2322 1597 ἐστὶν
2355 1543 2819 1620 ὡμολογημένον,
2851 1553 3011 1603 τοῦτο
3065 1549 3220 1621 ὑμεῖς
3263 1549 3324 1603 οὐ
3355 1547 3652 1605 πιστεύετε.
3688 1549 3843 1626 Ὀρθ.

2184 1638 2389 1702 Ποῖον;
2439 1635 2633 1708 Ἀνόμ..
2694 1638 2816 1693 ’Ότι
2871 1637 3131 1713 ἀγὲνητός
3171 1637 3310 1693 ἐστιν
3371 1640 3400 1692 6
3460 1638 3613 1706 Θεὸς,
3643 1637 3843 1701 πάντες

2180 1720 2481 1791 ἂνθρωποι,
2515 1724 2566 1777 οἱ
2598 1728 2721 1778 νοῦν
2772 1723 2931 1801 ὀρθὸν
2981 1723 3225 1802 ἔχοντες,
3260 1724 3648 1802 ὁμολογοῦσιν,
3684 1728 3844 1800 ὑμεῖς

423 1821 551 1876 dico
582 1837 695 1874 non
730 1834 901 1891 posse
934 1834 967 1871 a
988 1815 1159 1871 nobis
1191 1813 1443 1877 admitti,
1478 1816 1547 1866 ut
1578 1811 1760 1866 Deum
1783 1813 2064 1865 fateamur

2181 1809 2239 1863 δὲ
2268 1809 2330 1864 οὐ
2364 1807 2607 1888 δέχεσθε.
2644 1815 2790 1889 Ὀρθ.
2825 1813 2901 1871 Ού
2934 1813 3100 1891 λέγω,
3135 1814 3219 1870 ὅτι
3247 1816 3311 1871 τὸ
3358 1817 3623 1891 ἀγένητον
3676 1818 3838 1873 αὐτὸν

424 1927 538 1966 non
574 1911 820 1965 factum:
846 1907 947 1962 sed
980 1903 1249 1977 quamvis
1277 1903 1334 1956 id
1366 1903 1540 1957 cadat
1566 1900 1626 1955 in
1654 1905 1918 1954 nostram
1969 1915 2064 1952 co-

2180 1883 2473 1975 ὁμολογεῒν
2501 1883 2868 1978 ἀπαράὸεκτύν
2901 1883 3040 1959 ἐστιν
3068 1883 3225 1977 ἡμῖν’
3258 1904 3386 1961 ἀλλ’
3407 1883 3524 1960 ,δτιτ
3551 1907 3649 1961 κᾶν
3699 1905 3838 1982 δοκῇ

423 1999 766 2072 gitationem
801 2001 996 2051 tamen
1032 1991 1430 2048 necessarium
1474 2006 1589 2044 non
1623 2005 1771 2051 esse,
1820 1993 1885 2041 ut
1935 2003 2075 2041 voce

424 2092 680 2153 utamur,
715 2101 839 2155 quae
869 2084 929 2138 in
962 2081 1147 2138 sacris
1183 2080 1414 2134 Litteris
1445 2075 2070 2147 nusquaminvenitur.

422 2178 567 2233 Nam
593 2176 642 2230 si
691 2175 799 2229 hoc
830 2175 977 2228 foret
1014 2169 1436 2230 necessarium,
1472 2183 1583 2221 non
1619 2165 1951 2219 reticuisset
1981 2180 2074 2218 sa-

423 2283 522 2322 cra
569 2265 890 2335 Scriptura.
922 2264 1112 2317 Anam.
1147 2258 1332 2330 Igitur
1376 2258 1593 2311 factum
1645 2253 1844 2326 ipsum
1900 2254 2072 2308 dica-

424 2356 594 2413 mus?
618 2354 771 2411 Orth.
806 2353 910 2419 Qui
944 2350 1163 2406 factum
1196 2364 1330 2403 eum
1346 2346 1504 2414 dicit,
1539 2345 1720 2417 impie
1744 2344 2072 2399 facit.Tra-

422 2446 571 2501 didit
600 2444 758 2501 enim
790 2442 960 2498 nobis
989 2439 1312 2509 Scriptura,
1347 2451 1614 2507 quianam
1647 2440 1790 2490 sunt
1815 2434 1985 2499 facta,
2017 2439 2074 2487 et

424 2535 557 2607 quis
579 2535 658 2590 sit
688 2548 889 2588 eorum
915 2529 1128 2600 opifex.
1161 2526 1268 2592 Qui
1302 2542 1437 2581 vero
1469 2524 1614 2579 dicit
1645 2539 1779 2578 eum
1824 2539 1939 2577 non
1985 2522 2070 2577 fa-

424 2629 585 2679 ctum
620 2621 799 2694 (quod
831 2620 1136 2690 Scriptura
1167 2632 1284 2669 non
1317 2613 1515 2685 tradit)
1568 2626 2068 2683 supervacaneum

424 2713 709 2785 quiddam
740 2708 1020 2780 loquitur.
1065 2707 1257 2761 Anam.
1291 2703 1354 2758 Si
1413 2719 1527 2757 non
1560 2706 1651 2758 est
1708 2701 1920 2765 factus,
1981 2706 2071 2755 est

422 2820 541 2858 non
565 2802 773 2856 factus.
800 2797 954 2854 Orth.
990 2794 1178 2850 Etiam
1213 2794 1259 2849 si
1296 2793 1559 2846 humana
1589 2790 1864 2862 cogitatio
1895 2788 2066 2846 nobis

425 2892 531 2947 hoc
562 2888 849 2961 suggerit,
881 2902 995 2943 non
1030 2885 1110 2939 ita
1152 2898 1260 2937 nos
1293 2886 1489 2936 tamen
1523 2884 1732 2934 sancta
1762 2877 2069 2949 Scriptura

419 2980 643 3044 docuit;
670 2978 770 3033 sed
795 2974 1167 3046 audisipsam
1191 2970 1479 3026 dicentem
1506 2986 1564 3023 :«
1588 2968 1881 3031 Quantum
1903 2969 2069 3021 abest

418 3071 612 3127 oriens
644 3068 715 3124 ab
765 3049 1101 3127 occidente,
1138 3064 1369 3116 tantum
1411 3060 1630 3113 absunt
1678 3056 2064 3127 cogitationes

414 3163 616 3215 vestrm
648 3174 682 3213 ει
702 3152 1161 3227 cogitationibus
1185 3148 1332 3204 meis
1354 3148 1416 3201 ιδ.
1445 3169 1472 3196 ››
1505 3146 1664 3210 Quod
1686 3145 1734 3199 si
1767 3145 2066 3200 existimat

2183 1993 2302 2050 ταῖς
2334 1988 2561 2052 ἐννοίαις
2593 1994 2753 2064 ἡμῶν
2787 1992 3274 2064 ὑποπίπτειν,ἀλλ’
3298 1994 3453 2067 ὅμως
3485 1995 3559 2056 ὡς
3592 1993 3838 2068 οὐδαμοῦ

2182 2084 2284 2145 τῆς
2309 2077 2451 2141 θείας
2486 2086 2702 2158 Γραφῆς
2736 2081 2989 2154 κειμένην
3021 2084 3121 2152 τήν
3156 2083 3341 2161 φωνὴν
3393 2083 3494 2139 οὐκ
3540 2083 3836 2159 ἀναγκαῖον

2184 2163 2381 2242 λέγειν.
2416 2167 2481 2221 Εἰ
2536 2171 2640 2245 γὰρ
2689 2171 2755 2239 ἦν
2808 2171 3121 2245 ἀναγκαῖον,
3156 2172 3298 2227 εἶπεν
3354 2171 3414 2226 ἂν
3472 2172 3607 2228 αὐτὸ
3655 2176 3690 2243 ἡ
3723 2174 3841 2230 θεία

2181 2259 2391 2331 Γραφή.
2442 2258 2922 2330 Ἀνόμ.,Γενητὸν
2984 2259 3074 2315 οὖν
3137 2256 3376 2334 εἷεπωμεν
3436 2262 3638 2333 αὐτόν;
3683 2265 3836 2339 Ὀρθ.

2181 2343 2241 2399 Ὁ
2274 2343 2445 2420 λέγων
2502 2346 2660 2401 αὐτὸν
2724 2350 2941 2422 γενητὸν
2975 2351 3051 2423 (8)
3095 2344 3300 2406 ἀσεϐεῖ.
3351 2350 3486 2405 Εἶπε
3540 2351 3642 2427 γὰρ
3702 2355 3840 2426 ἡμῖν

2180 2435 2215 2501 ἡ
2250 2435 2459 2512 Γραφὴ,
2507 2435 2627 2490 τίνα
2684 2435 2795 2492 ἐστὶ
2851 2438 2918 2492 τὰ
2973 2441 3192 2515 γενητὰ,
3253 2439 3343 2494 καὶ
3398 2440 3481 2503 τίς
3542 2443 3571 2496 ὁ
3626 2441 3839 2497 τούτων

2180 2523 2579 2599 γενεσιουργός.
2631 2525 2692 2582 Ὁ
2747 2524 2805 2580 δὲ
2861 2525 3037 2601 λέγων
3098 2527 3257 2583 αὐτὸν
3319 2528 3605 2604 ἀγένητον,
3655 2533 3685 2585 ’ὀ
3738 2531 3842 2588 οὐκ

2182 2610 2325 2665 εἶπεν
2384 2614 2418 2681 ἡ
2479 2615 2686 2691 Γραφὴ,
2746 2614 3142 2691 περιττολογεῖ.
3199 2618 3391 2690 Ἀνόμ.
3455 2618 3517 2675 Εἰ
3569 2619 3669 2675 οὐκ
3722 2618 3837 2676 ἔστι

2178 2702 2429 2774 γενητὸς,
2477 2701 2736 2777 ἀγὲνητός
2783 2703 2946 2760 ἐστιν.
3004 2706 3149 2777 Ὀρθ.
3201 2705 3305 2760 Κᾶν
3354 2706 3665 2782 ἀνθρωπίνη
3721 2705 3839 2764 διά-

2176 2808 2294 2842 νοια
2322 2794 2482 2845 τοῦτο
2512 2796 2654 2845 νοεῖν
2687 2794 2840 2862 ποιῇ,
2876 2791 3001 2847 ἀλλ’
3028 2793 3137 2869 οὐχ
3184 2794 3358 2857 οὕτως
3397 2798 3431 2865 ἡ
3478 2796 3594 2851 θεία
3642 2800 3830 2877 Γραφή

2178 2875 2431 2948 ἐδίδαξενο
2480 2877 2606 2935 ἀλλ’
2655 2880 2867 2943 ἀκούεις
2916 2881 3084 2952 αὐτῆς
3131 2882 3418 2960 λεγούσης·
3469 2885 3559 2939 καὶ
3612 2912 3639 2937 ‹‹
3683 2875 3832 2942 Καθ’

2176 2967 2299 3021 όσον
2382 2967 2679 3043 ἀπέχουσιν
2755 2969 3015 3026 ἀνατολαὶ
3083 2971 3189 3027 ἀπὸ
3266 2970 3507 3046 δυσμῶν,
3563 2981 3825 3032 τοσοῦτον

2175 3054 2440 3131 ἀπέχουσι
2469 3057 2537 3112 τὰ
2568 3054 2906 3131 διανοήματα
2938 3061 3087 3133 ὑμῶν
3132 3061 3237 3116 ἀπὸ
3282 3066 3389 3117 τῶν
3437 3060 3821 3137 διανοημάτων

2177 3165 2303 3217 μου.
2336 3169 2365 3198 n
2400 3144 2464 3201 Et
2497 3142 2554 3201 δὲ
2582 3147 2793 3220 νομίζει
2826 3148 3098 3221 Εὑνόμιος
3139 3149 3447 3225 εὑρηκέναι,
3479 3153 3541 3206 τὸ
3583 3153 3635 3208 τί
3684 3154 3830 3209 ἐστιν

416 3246 740 3304 Eunomius
766 3260 828 3300 se
860 3241 1240 3312 comperisse,
1274 3237 1413 3310 quid
1438 3237 1516 3291 sit
1539 3236 1876 3301 Deus,exeo
1906 3235 2060 3306 quod

2179 3234 2205 3287 6
2238 3234 2388 3301 Θεὸς,
2417 3234 2476 3289 ἐκ
2520 3239 2618 3290 τοῦ
2671 3236 2747 3308 μή
2798 3236 2933 3291 εἶναι
2972 3236 3130 3292 αὐτὸν
3190 3240 3440 3313 γενητὸν,
3477 3238 3619 3313 μηδὲ
3678 3238 3831 3317 ἔχειν

418 3353 530 3393 non
564 3336 644 3390 sit
673 3335 882 3399 factus,
914 3346 1022 3386 nec
1052 3328 1265 3384 habeat
1294 3341 1469 3381 suum
1504 3341 1634 3380 esse
1658 3339 1724 3378 ex
1758 3323 1953 3393 aliquo
1985 3323 2066 3378 fa-

415 3431 592 3490 ctore,
625 3422 781 3478 dicat
795 3436 929 3477 eum
960 3418 1137 3474 etiam
1162 3411 1340 3484 ἄθεον,
1364 3415 1422 3468 id
1442 3419 1551 3481 est,
1571 3436 1598 3463 ‹‹
1633 3413 1856 3482 absque
1874 3412 2015 3478 Deo,
2041 3434 2069 3461 ››

419 3520 485 3569 ut
517 3513 613 3586 qui
650 3511 833 3567 Deum
852 3524 967 3562 non
1000 3507 1233 3561 habeat.
1266 3503 1430 3570 Quod
1462 3502 1511 3557 si
1540 3519 1653 3556 non
1692 3503 1829 3556 licet
1859 3501 1943 3556 ita
1986 3501 2069 3555 lo-

425 3604 548 3675 qui,
580 3599 850 3672 quamvis
881 3595 1290 3668 cogitationem
1326 3597 1587 3647 nostram
1622 3591 1853 3656 subeat,
1887 3606 1959 3645 ne
1980 3591 2067 3645 di-

423 3696 593 3746 catur
613 3690 786 3745 etiam
806 3704 915 3742 non
941 3687 1152 3751 factus,
1173 3682 1440 3754 quamvis
1460 3681 1638 3735 hocin
1657 3680 2067 3749 cogitationem

427 3783 685 3834 nostram
710 3776 898 3831 cadat.
933 3778 1123 3828 Anam.
1152 3771 1358 3825 Factus
1385 3774 1473 3823 est
1495 3767 1839 3839 igiturDeus
1859 3766 1886 3820 ?
1909 3765 2065 3821 Orth.

419 3870 544 3925 Non
580 3869 768 3922 factus
790 3867 899 3919 est.
938 3868 1129 3918 Anam.
1164 3860 1312 3931 Ergo
1343 3863 1433 3913 est
1459 3874 1575 3912 non
1612 3858 1852 3911 factus?
1902 3855 2063 3913 Orth.

417 3960 603 4013 Habet
628 3971 705 4011 ne
737 3961 884 4010 Deus
916 3949 1134 4006 Deum?
1157 3950 1348 4017 Anam.
1392 3946 1635 4001 Minime
1693 3945 1928 4016 quidem
1988 3946 2060 4012 is,

413 4048 514 4118 qui
565 4051 654 4102 est
702 4060 815 4099 non
886 4043 1096 4097 factus.
1146 4037 1300 4092 Orth.
1361 4036 1462 4090 Est
1518 4035 1698 4106 igitur
1768 4032 1945 4103 ἄθεος,
2000 4036 2058 4089 id

412 4142 520 4203 est,
557 4158 585 4186 «
620 4135 843 4205 absque
877 4136 1010 4186 Deo.
1046 4150 1072 4178 »
1108 4125 1472 4196 Viden'ergn,
1505 4140 1682 4194 quam
1727 4124 1977 4196 puerilia
2006 4127 2062 4179 et

403 4224 713 4286 illiberalis.
755 4220 875 4277 sint
914 4223 1109 4273 vestra
1139 4215 1391 4286 cogitata
1418 4213 1445 4267 ?
1474 4213 1863 4276 Quamobrem
1885 4219 2054 4270 vesti-

398 4314 509 4381 giis
534 4316 746 4367 sanctis
780 4309 1099 4379 Scripturze
1135 4304 1500 4372 insistentes,
1535 4300 1802 4356 dicamus
1854 4304 2050 4374 potius

397 4401 645 4467 Patrem,
677 4405 735 4455 et
778 4396 1091 4459 Filium,et
1146 4392 1431 4463 Spiritum
1480 4396 1774 4459 sanctum,
1834 4393 2043 4450 Deum:

394 4507 584 4563 neque
608 4487 972 4551 timebimus,
1008 4500 1081 4540 ne
1101 4483 1255 4537 circa
1272 4482 1445 4535 ﬁdem
1471 4480 1845 4551 naufragium
1876 4482 2044 4536 facia-

396 4594 548 4633 mus.
581 4577 727 4632 Nam
761 4573 903 4629 illud
926 4588 1041 4628 non
1067 4570 1308 4633 factum,
1343 4574 1433 4623 est
1480 4568 1784 4622 inventum
1826 4568 2036 4639 aquilae

388 4666 662 4735 volantis,
696 4662 1012 4735 quaerentis
1034 4659 1436 4727 escum,cujus
1469 4657 1705 4710 firmum
1726 4658 2037 4727 vestigium

385 4752 635 4810 inveniri
669 4751 900 4823 nequit:
937 4766 1041 4805 nec
1077 4748 1233 4803 enim
1265 4747 1439 4801 habet
1472 4746 1529 4799 in
1579 4744 1903 4815 Scriptura,
1939 4747 2035 4800 ubi

387 4844 561 4912 pedes
594 4846 793 4915 ponat,
828 4841 1016 4897 Anam.
1044 4844 1350 4908 Acceptam
1374 4832 1682 4904 epistolam
1710 4835 1854 4888 Aetii
1889 4835 2034 4906 lege,

2177 3325 2576 3400 γενεσιουργὸν,
2629 3324 2833 3400 λεγέτω
2880 3325 3039 3382 αύ·.ὸν
3089 3327 3179 3381 καὶ
3235 3327 3411 3397 ἄθεον,
3459 3327 3648 3399 ἐπειδὴ
3699 3333 3830 3388 Θεὸν

2179 3412 2279 3466 οὐκ
2310 3411 2448 3488 ἔχει.
2482 3411 2636 3470 Ἀλλ’
2668 3414 2713 3468 εἰ
2746 3420 2823 3485 (9)
2854 3415 2916 3469 οὐ
2948 3412 3029 3470 δεῖ
3062 3414 3240 3491 λέγειν
3269 3422 3450 3485 τοῦτο,
3484 3419 3578 3474 κᾶν
3626 3420 3831 3476 ὑποπί-

2178 3521 2287 3574 πτῃ
2344 3507 2463 3563 ταῖς
2514 3502 2735 3565 ἐννοίαις
2769 3507 2948 3575 ἡμῶν·
2984 3502 3126 3577 μηδὲ
3152 3506 3214 3559 τὸ
3244 3501 3528 3581 ἀγένητον
3563 3507 3832 3583 λεγέσθω,

2179 3590 2273 3644 κᾶν
2309 3591 2586 3665 ὑποπίπτῃ
2611 3599 2729 3654 ταῖς
2762 3591 2990 3656 ἐννοίαις
3023 3598 3201 3668 ἡμῶν.
3236 3596 3432 3668 Ἀνὸμ.
3466 3595 3703 3672 Ἐγένετο
3735 3598 3829 3654 οὗν

2181 3679 2210 3732 6
2256 3680 2417 3748 Θεός;
2473 3683 2624 3757 Ὀρθ.
2683 3681 2792 3736 Οὐκ
2849 3681 3078 3757 ἐγένετο.
3142 3683 3335 3757 Ἀνόμ.
3384 3685 3674 3761 Ἀγὲνητος
3734 3686 3830 3743 οὖν

2180 3766 2358 3836 ἐστιν;
2408 3770 2556 3844 Ὀρθ.
2608 3772 2765 3846 Ἔχει
2812 3773 2940 3826 Θεὸν
2992 3774 3020 3827 6
3068 3772 3234 3841 Θεός;
3277 3774 3468 3847 Ἀνὸμ.
3518 3776 3578 3832 Ὀ
3630 3776 3827 3853 ἀγένη-

2174 3878 2267 3920 τος
2327 3855 2409 3913 οἰί.
2459 3860 2609 3934 Ὀρθ.
2643 3861 2829 3920 ’Λθεος
2886 3859 2976 3915 οὗ)
3031 3860 3161 3917 ἐστι.
3198 3861 3294 3916 Καὶ
3355 3863 3484 3937 ὁρᾷς
3539 3867 3674 3938 (10),
3706 3871 3827 3929 πῶς

2179 3943 2514 4021 μειρακιώδη
2545 3947 2633 4001 καὶ
2666 3945 3061 4024 ἀνδραποδώδη
3112 3948 3243 4004 εἰσὶν
3280 3951 3430 4022 ὑμῶν
3480 3951 3548 4006 τὰ
3595 3949 3820 4025 διανοή-

2176 4055 2353 4108 ματα;
2406 4037 2499 4090 Διὸ
2561 4035 2773 4110 μᾶλλον
2829 4037 3249 4102 ἀκολουθοῦντες
3304 4046 3371 4110 τῆ
3434 4039 3553 4112 θείᾳ
3608 4047 3818 4121 Γραφῇ,

2168 4121 2407 4197 εἴπωμεν
2443 4127 2671 4202 Πατέρα,
2703 4126 2793 4180 καὶ
2852 4128 2994 4195 Υὶὸν,
3025 4133 3114 4182 καί
3173 4129 3321 4203 ἅγιον
3370 4134 3614 4204 Πνεῦμα,
3662 4133 3812 4187 Θεόνο

2163 4214 2253 4267 καὶ
2286 4213 2348 4268 οὐ
2379 4209 2697 4291 φοϐούμεθα
2726 4216 2849 4291 περὶ
2878 4219 2978 4285 τήν
3016 4216 3192 4271 πίστιν
3232 4225 3558 4292 ναυαγῆσαι.
3591 4222 3660 4275 Τὸ
3709 4220 3811 4298 γὰρ

2161 4302 2417 4377 ἀγένητον
2479 4302 2682 4379 εὕρεσίς
2741 4303 2882 4359 ἐστιν
2943 4306 3100 4360 ἀετοῦ
3148 4308 3475 4379 πετομένου,
3522 4314 3815 4379 ζητοῦντος

2163 4392 2326 4466 βορὰν
2383 4392 2608 4465 (11),οὗ
2669 4391 2820 4468 ἴχνος
2884 4393 3266 4471 ἐρηρεισμένον
3323 4396 3431 4472 οὐχ
3488 4400 3813 4475 εὑρίσκεται·

2155 4479 2217 4533 οὐ
2275 4481 2375 4556 γὰρ
2417 4475 2533 4555 ἔχει
2593 4480 2644 4535 ἐν
2701 4485 2770 4555 τῇ
2830 4487 3038 4561 Γραφῇ,
3088 4484 3148 4537 οὗ
3212 4488 3400 4555 στήσει
3447 4487 3574 4549 τοὺς
3618 4486 3812 4552 πόδας.

2151 4565 2347 4640 Ἀνόμ.
2400 4564 2564 4640 Λάϐε,
2620 4569 2885 4645 ἀνάγνωθι
2933 4573 3033 4641 τήν
3088 4571 3384 4644 ἐπιστολήν
3438 4576 3670 4645 Ἀετίου,
3718 4579 3809 4632 καὶ

2151 4656 2267 4710 εἰπὲ
2318 4657 2452 4732 πρὸς
2500 4658 2690 4729 αὐτήν.
2726 4661 2872 4736 Ὀρθ.
2908 4660 3077 4723 Αὐτὸς
3130 4661 3421 4739 ἀνάγνωθι.
3457 4665 3652 4737 Ἀνόμ.
3686 4667 3807 4722 Εἰσὶ

2153 4747 2265 4819 μετ’
2309 4745 2476 4816 αὐτῆς
2524 4747 2617 4801 καὶ
2665 4748 2889 4822 σχόλια.
2946 4749 3257 4823 Ἐὐνομίου.
3312 4753 3457 4830 Ὀρθ.
3517 4755 3611 4809 Καὶ
3669 4755 3807 4811 αὐτά

2149 4835 2442 4909 ἀνάγνωθι.

381 4936 439 4986 et
485 4931 727 5004 loquere
770 4931 1053 4985 adversus
1093 4926 1275 4982 illam.
1299 4922 1453 4978 Orth.
1479 4922 1564 4976 'l‘u
1604 4922 1728 4993 ipse
1749 4921 1892 4994 lege.
1925 4929 2127 4981 Anam.
2160 4926 2307 4982 Sunt
2333 4945 2448 4983 una
2488 4946 2624 4985 cum
2655 4946 2725 4985 ea
2776 4931 3047 4987 Eunomii
3095 4949 3332 5006 quoque
3362 4935 3607 4991 scholia.
3642 4938 3799 4995 Orth.

384 5020 532 5095 Ergo
564 5025 621 5077 et
654 5019 755 5075 illa
802 5019 1000 5074 recita.

452 5278 499 5314 ⁴⁴
528 5277 701 5344 Joan,
724 5291 804 5344 v1,
836 5274 921 5328 46.
984 5271 1030 5307 ⁸⁵
1060 5272 1173 5328 Isa.
1210 5286 1299 5339 LV,
1327 5269 1380 5324 8.

444 5535 517 5607 (7)
546 5535 700 5591 Edit.
734 5532 938 5607 Steph.
971 5527 1318 5607 καὶάόρριτρν
1351 5527 1524 5599 ἑαυτῷ
1552 5527 1674 5601 ἆορ.

438 5598 515 5678 (8)
550 5608 697 5678 Edit.
735 5598 937 5677 Steph.
970 5598 1455 5678 malejdlévntov.

2198 5530 2312 5673 (10)
2341 5529 2495 5613 Edlt.
2527 5530 2728 5604 Steph.
2762 5526 2853 5586 καὶ
2885 5532 3051 5608 ὁρῶν.
3392 5604 3395 5605 ν

2198 5601 2280 5673 (tl
2338 5602 2440 5673 Sic
2467 5604 2560 5661 ed.
2594 5609 2768 5663 recte.
2800 5606 2983 5665 Palat.
3016 5624 3176 5673 vero,
3196 5607 3395 5673 πεσομέ

2198 5601 2312 5689 (11)
2334 5602 2440 5689 ἓίηο
2467 5604 2560 5661 ed.
2594 5601 2768 5663 ructo.
2800 5601 2983 5665 Palat.
3016 5624 3176 5680 vero,
3196 5604 3525 5683 πεσομένου,
3550 5604 3787 5689 φητοῢν-

442 5666 516 5751 (9)
548 5676 609 5729 Et
639 5678 805 5732 abest
829 5666 864 5732 εἰ
894 5692 1034 5732 mss.
1064 5666 1194 5731 Mox
1225 5666 1409 5730 Palat.
1460 5672 1550 5729 bis
1599 5666 1886 5740 διανοίαις,
1914 5687 2019 5745 pro

2179 5666 2220 5733 .é
2256 5666 2477 5751 βορῥᾶν.

374 5744 620 5808 ἇννοίαις.
