4116 6372
320 407 475 471 1165

478 547 534 601 6.
570 543 788 621 Σχόλια
812 540 1224 621 Εὐνομίου,“καὶ
1256 542 1390 616 πρὸς
1423 541 1555 595 αὐτά
1605 542 1796 614 Ὀρθο-

1051 610 1225 682 δόξου.

390 724 512 780 ’Ότι
545 724 579 792 ἠ
608 721 827 792 θέλησις
857 721 946 776 καὶ
977 724 1012 791 ἡ
1051 718 1316 796 βούλησις
1346 719 1406 774 οὐ
1446 721 1637 774 ταυτὸν
1686 722 1755 793 τῇ
1815 716 1970 789 οὐσίᾳ

317 817 414 867 τοῦ
445 816 601 868 Θεοῦ’
635 814 669 881 ἡ
707 812 800 884 μὶν
859 812 962 886 γὰρ
1014 809 1233 877 θέλησις
1283 809 1373 864 καὶ
1424 809 1652 884 ἄρχεταὶ
1685 809 1773 863 καὶ
1805 807 1968 862 παύε-

316 921 426 957 ταιο
489 904 523 971 ἡ
576 898 633 956 δὲ
681 900 833 956 οὐσία
885 898 1008 954 οὔτε
1063 897 1312 974 ἄρχεται,
1373 895 1496 953 οὕτε
1543 897 1787 952 παύεται·
1821 898 1882 951 τὸ
1913 893 1971 950 δὲ

319 991 631 1068 ἀρχόμενον
664 983 773 1044 ’καὶ
823 990 1130 1061 παυόμενον
1179 993 1258 1059 τῷ
1309 989 1447 1060 μήτε
1496 985 1793 1062 ἀρχομένῳ
1830 987 1970 1059 μήτε

318 1079 612 1152 παυομένῳ
669 1080 732 1133 τὸ
789 1078 918 1133 αὐτὸ
967 1079 1098 1132 εἶναι
1153 1077 1213 1132 οὐ
1267 1075 1508 1132 δύναται.
1551 1077 1648 1130 Καὶ
1679 1074 1888 1162 ἄλλως,
1924 1073 1967 1128 εἰ

317 1171 511 1225 ταυτὸν
541 1170 607 1238 ἦν
637 1171 706 1242 τῇ
739 1167 893 1238 οὐσίᾳ
921 1171 1016 1221 τοῦ
1046 1171 1179 1222 Θεοῦ
1210 1169 1244 1236 ἡ
1283 1165 1570 1242 βούλησις,
1623 1164 1792 1240 ἐχρῆν
1843 1170 1966 1237 μιᾶς

319 1259 503 1320 οὐσίας
556 1256 680 1331 μίαν
736 1259 872 1312 εἴναι
923 1256 1012 1310 καὶ
1059 1258 1158 1325 τήν
1207 1255 1450 1325 θέλησιν*
1518 1255 1854 1328 εὑρίσκονται
1913 1250 1970 1307 δὲ

315 1350 453 1403 κατᾶ
508 1348 605 1415 τὴν
667 1343 1015 1400 διδασκαλίαν
1073 1350 1180 1400 τῶν
1233 1343 1388 1398 Θείων
1451 1348 1698 1421 Γραφῶν,
1760 1341 1820 1396 οὐ
1873 1342 1970 1414 μία

321 1436 564 1509 θέλησις,
621 1433 768 1490 ἀλλὰ
821 1432 1029 1490 πολλαὶ
1077 1433 1342 1504 Θελήσειςο
1399 1439 1498 1502 τῆς
1531 1439 1745 1506 Γραφῆς
1777 1430 1968 1506 λεγού-

323 1546 440 1596 σης·
475 1551 500 1577 ‹‹
537 1526 740 1596 Πάντα,
793 1523 890 1578 ὅσα
935 1521 1224 1594 ἠθέλησεν,
1278 1521 1518 1592 ἐποίησε·
1577 1547 1602 1572 ››
1658 1519 1845 1576 πολλά
1875 1520 1966 1574 οὗν

322 1615 559 1686 ἠθέλησε
587 1613 676 1668 καὶ
710 1612 817 1688 οὐχ
842 1609 921 1668 ἓν.
955 1611 1371 1686 Ἐναργέστερον
1416 1614 1527 1682 (12)
1578 1607 1635 1664 δὲ
1687 1607 1819 1664 ἰδεῖν
1880 1607 1968 1663 ἐπὶ

316 1712 417 1773 τῆς
449 1701 833 1776 κοσμοποιίας.
870 1699 1134 1770 Ἠθέλησε
1155 1700 1255 1776 γὰρ
1288 1702 1420 1754 εἶναι
1460 1700 1552 1754 τὸν
1599 1700 1829 1770 κόσμον,
1879 1696 1967 1751 καὶ

321 1793 523 1862 ὑπέστη
581 1790 717 1846 κατὰ
761 1791 861 1859 τὴν
921 1788 1084 1844 αὐτοῦ
1143 1788 1388 1858 θέλησιν,
1446 1789 1534 1842 καὶ
1614 1785 1850 1859 διαμένει
1907 1787 1968 1840 τὸ

321 1883 637 1957 γενόμενον.
670 1879 852 1935 ’Ἄλλο
886 1877 943 1934 δέ
975 1878 1114 1934 ἐστιν
1147 1881 1182 1948 ἡ
1233 1875 1468 1950 διαμονή
1520 1879 1632 1949 (13)
1683 1877 1830 1952 παρᾶ
1869 1876 1967 1944 τήν

323 1970 544 2041 Θέλησιν
601 1976 700 2038 τῆς
746 1965 1109 2044 δημιουργίας
1193 1964 1555 2042 ἐπηγγείλατο
1602 1963 1660 2020 δὲ
1683 1965 1773 2019 καὶ
1810 1985 1968 2036 μετα-

319 2058 660 2136 σχηματίσαι
708 2058 799 2112 τὸν
857 2058 1084 2128 κόσμον.
1144 2054 1388 2126 Θελήσεις
1447 2056 1548 2129 ἄρα
1609 2073 1970 2128 μετασχημα-

315 2149 474 2218 τίζει.
509 2147 586 2205 Οὐ
623 2146 785 2220 μόνον
816 2143 873 2200 δὲ
906 2143 1134 2212 πολλαὶ,
1166 2142 1313 2198 ἀλλὰ
1342 2144 1430 2198 καὶ
1478 2141 1728 2221 διάφοροι
1781 2144 1834 2196 αἱ
1885 2144 1967 2196 Οε-

315 2238 528 2309 λήσεις.
565 2236 831 2306 Ἠθέλησε
861 2235 963 2310 γὰρ
996 2234 1083 2288 καὶ
1117 2233 1365 2308 οὐρανὸν,
1399 2231 1634 2303 ἠθέλησε
1663 2231 1752 2286 καὶ
1783 2231 1966 2303 ἥλιον,

314 2327 554 2398 ἠθέλησε
583 2324 671 2380 καὶ
703 2333 830 2400 γῆν.
864 2328 983 2378 Τῶν
1017 2320 1074 2377 δὲ
1104 2322 1430 2394 θελημάτων
1465 2316 1739 2398 διαφόρων
1774 2315 1966 2391 ὄντων,

313 2416 519 2491 ἀνάγκη
554 2412 822 2492 διαφέρειν
885 2412 974 2466 καὶ
1022 2412 1116 2473 τὰς
1166 2411 1289 2487 περὶ
1342 2409 1515 2464 αὐτῶν
1549 2408 1816 2478 θελήσεις·
1877 2407 1966 2462 καὶ

315 2505 405 2560 ἐπὶ
434 2509 542 2558 τῶν
571 2507 784 2574 νοητῶν
817 2498 874 2556 δὶ
903 2500 1184 2562 ὡσαύτως.
1219 2501 1368 2572 Ὀρθ.
1414 2499 1473 2553 Εἰ
1505 2497 1685 2553 τοίνυν
1712 2497 1800 2552 καὶ
1831 2497 1968 2550 κατὰ

317 2598 376 2650 σὲ
405 2593 466 2649 οὐ
497 2593 688 2648 ταυτόν
723 2590 832 2646 ἐστι
887 2593 956 2663 τῇ
1008 2587 1164 2660 οὐσίᾳ
1209 2591 1244 2658 ἡ
1302 2587 1592 2663 βούλησις,
1640 2585 1806 2660 ἤγουν
1854 2588 1967 2659 (14)

317 2687 353 2753 ἡ
390 2683 634 2752 θέλησις,
664 2681 832 2735 πάντα
864 2678 920 2734 δὲ
949 2681 1014 2732 τὰ
1042 2677 1299 2754 γεγονότα
1327 2682 1422 2732 τοῦ
1456 2676 1588 2746 Οελή
1601 2697 1771 2748 ματος
1803 2673 1968 2729 αὐτοῦ

318 2772 451 2828 εἰσιν
487 2768 633 2846 ἔργα,
695 2768 958 2844 ὁμολόγει
1010 2768 1100 2821 τὸν
1159 2767 1280 2820 Υἱὸν
1330 2764 1388 2820 ἐκ
1435 2773 1535 2834 τῆς
1569 2763 1771 2825 οὐσίας’
1825 2762 1968 2817 οὕτω

316 2862 417 2936 γὰρ
451 2858 610 2914 αὐτὸν
640 2858 730 2913 καὶ
766 2863 1032 2931 μονογενῆ
1089 2853 1459 2929 ὁμολογήσεις
1492 2855 1553 2908 τὸ
1587 2853 1748 2926 μόνον
1785 2852 1843 2906 ἐκ
1868 2859 1967 2920 τῆς

319 2953 430 3022 (15)
464 2947 648 3009 οὐσίας
680 2947 1023 3022 γεγενῆσθαι.
1059 2944 1120 2998 Εἰ
1150 2944 1250 3018 γὰρ
1289 2942 1378 2997 καὶ
1427 2942 1587 3004 αὐτὸς
1650 2940 1964 3017 βουλήσεως

319 3039 406 3093 καὶ
458 3037 732 3107 θελήσεώς
766 3034 906 3089 ἐστιν
939 3034 1081 3105 Υἱὸς,
1115 3032 1212 3087 οὐκ
1242 3031 1353 3087 ἔστι
1388 3032 1706 3107 μονογενὴς,
1738 3027 1963 3085 πολλῶν

319 3123 486 3182 ὄντων
518 3131 626 3181 τῶν
675 3124 810 3179 κατᾶ
863 3123 1126 3199 βούλησιν
1179 3121 1613 3190 ἀποκυηθέντων.
1666 3120 1966 3194 Γέγραπται

315 3218 438 3293 γάρ’
475 3240 501 3268 ii
536 3213 834 3284 Βουληθεὶς
868 3211 1166 3281 ἀπεκύησεν
1214 3213 1361 3283 ἡμᾶς
1415 3208 1566 3286 λόγῳ
1621 3207 1898 3280 ἀληθείας.
1937 3232 1964 3258 »

320 3272 530 3360 ίιόλλαὶ
580 3301 638 3358 δὲ
686 3301 935 3372 θελήσεις
995 3299 1096 3354 οὐκ
1143 3298 1299 3365 εἰσὶν,
1332 3298 1405 3358 ὡς
1437 3295 1713 3369 ἐνόμισας·
1750 3294 1810 3350 οὐ
1841 3295 1963 3370 γὰρ,
1997 3272 2039 3337 C

321 3391 508 3461 ἐπειδὴ
542 3390 771 3470 διάφορα
798 3391 864 3444 τὰ
914 3387 1398 3462 δημιουργήματα,
1447 3385 1663 3446 πάντως
1713 3382 1962 3462 διάφοροι

315 3482 408 3538 καὶ
467 3483 520 3536 αἱ
571 3479 842 3550 Θελήσεις·
893 3477 1020 3533 ἀλλ’
1065 3476 1244 3552 ὥσπερ
1300 3474 1374 3530 ἐνὶ
1429 3474 1699 3546 θελήματι
1729 3475 1964 3543 ποιήσας

313 3573 406 3627 τὸν
458 3570 737 3645 ἄνθρωπον
791 3567 852 3623 ἐκ
907 3564 1179 3644 διαφόρων
1239 3563 1421 3637 μελῶν
1480 3564 1568 3618 καὶ
1631 3568 1808 3639 μερῶν
1870 3583 1962 3617 πε-

317 3661 568 3731 ποίηκεν,
603 3655 944 3735 ὀφθαλμοὺς,
1000 3654 1132 3726 ὦτα,
1167 3654 1339 3730 ῥῖνας,
1372 3653 1585 3735 τρίχας,
1637 3649 1842 3725 ἔντερα,
1874 3651 1962 3706 καὶ

316 3748 594 3826 διαφόρως
625 3749 724 3815 τὴν
755 3751 861 3801 τῶν
909 3743 1132 3818 ἐντέρων
1182 3741 1443 3808 σύνθεσιν,
1498 3743 1735 3810 σπλῆνα,
1793 3745 1965 3815 ἧπαρ,

313 3837 565 3916 νεφροὺς,
615 3837 705 3891 καὶ
737 3835 834 3890 ὅσα
865 3833 917 3889 ἐν
947 3836 1107 3906 ἡμῖν·
1141 3831 1285 3886 οὕτω
1316 3832 1403 3886 καὶ
1435 3830 1608 3886 πάντα
1637 3833 1727 3885 τὸν
1760 3831 1963 3903 κόσμον

314 3928 391 3984 ἐνὶ
425 3925 558 3998 Θελή
572 3947 700 4000 ματι
725 3923 1071 3999 δημιουργεῖ.

384 4193 668 4268 7.Ἀνόμ..
729 4191 793 4250 Εἰ
856 4189 1054 4264 μείζων
1114 4189 1142 4243 ὁ
1202 4187 1388 4262 Πατὴρ
1445 4190 1542 4239 τοῦ
1603 4185 1965 4253 ﬂammis!

325 4283 542 4357 μείζων,
575 4281 712 4338 κατά
739 4281 791 4336 τί
854 4278 1073 4352 μείζων,
1132 4277 1360 4352 πότερον
1425 4275 1619 4348 μείζων
1670 4277 1784 4349 (16)
1815 4271 1966 4349 ὄγκῳ

321 4375 598 4446 σώματος,
629 4372 664 4441 ἢ
696 4369 832 4426 κατὰ
877 4370 977 4438 τὴν
1029 4367 1184 4445 φύσιν
1215 4369 1313 4435 τῆς
1343 4363 1657 4439 ἀγιννησίας
1684 4385 1697 4432 ;
1744 4364 1834 4418 καὶ
1865 4365 1965 4419 πό-

314 4483 470 4536 τερον
528 4462 591 4517 τὸ
653 4459 942 4535 ἀγέννητον
993 4460 1107 4530 (17)
1155 4454 1310 4510 οὐσία
1342 4452 1506 4526 ἐστὶν,
1539 4455 1572 4522 ἣ
1603 4451 1752 4508 οὐδέν
1783 4453 1921 4508 ἐστιν
1951 4474 1965 4524 ;

318 4553 472 4628 ,Ορθ⁰
504 4551 713 4618 udam,
745 4549 772 4602 ὁ
807 4547 998 4622 Πακῆρ
1045 4550 1142 4600 τοῦ
1187 4545 1316 4599 Υἱοῦ
1361 4540 1680 4618 γέγραπται,
1741 4542 1864 4598 οὔτε
1912 4541 1969 4598 δὶ

1292 405 1394 468 DE
1439 407 1746 470 SANCTA
1790 405 2214 469 TRINITATE
2264 412 2647 473 DIALOGUS
2693 407 2771 472 Il.

3578 411 3735 480 “66

1999 544 2053 608 Α
2086 544 2238 600 426
2289 547 2341 600 6.
2398 546 2625 603 Scholia
2669 548 2957 624 ιῖιιηοηιιὶξἶ
3003 559 3054 606 et
3110 556 3390 624 responsio
3435 551 3740 610 Orthodoxz'

2794 621 2864 675 ad
2894 622 3015 676 illa.

2153 722 2436 778 Voluntas
2459 741 2574 779 non
2599 725 2751 781 idem
2770 732 2858 782 est
2877 731 3052 799 atque
3071 729 3404 786 substantia
3424 731 3525 787 Dei
3553 748 3566 786 :
3593 748 3728 788 nam

2078 812 2348 867 voluntas
2378 812 2586 886 incipit
2615 819 2672 869 et
2701 816 2950 873 desinit:
2985 817 3319 875 substantia
3338 837 3471 876 vero
3502 837 3606 876 nec
3636 822 3726 876 in-

2080 902 2240 973 cipit,
2277 920 2380 959 nec
2411 905 2644 960 desinit.
2682 906 2740 960 Li
2773 911 2992 975 autem,
3037 911 3190 980 quod
3251 910 3458 982 incipit
3488 916 3544 967 et
3572 911 3724 968 desi-

2081 991 2185 1060 nit,
2221 1010 2336 1048 non
2385 997 2574 1064 potest
2620 994 2776 1050 idem
2818 1013 2947 1052 esse
2979 1003 3153 1068 atque
3185 999 3263 1066 id,
3305 1001 3460 1070 quod
3493 1018 3598 1056 nec
3638 1001 3726 1055 in—

2079 1081 2220 1152 cipit
2249 1099 2353 1137 nec
2382 1081 2617 1138 desinit.
2656 1084 2957 1150 Praeterea,
2989 1086 3039 1141 si
3071 1087 3341 1143 voluntas
3388 1090 3543 1144 idem
3577 1093 3731 1145 esset

2079 1176 2254 1241 atque
2283 1172 2613 1227 substantia
2644 1174 2765 1243 Dei,
2811 1180 3122 1245 oporteret,
3172 1195 3306 1232 cum
3339 1195 3455 1233 una
3483 1180 3559 1233 sit
3589 1178 3730 1233 sub-

2079 1260 2316 1326 stantia,
2353 1279 2528 1316 unam
2561 1279 2688 1317 esse
2718 1263 3075 1320 voluntatem
3105 1282 3116 1320 :
3142 1283 3208 1320 ac
3228 1266 3398 1336 juxta
3429 1283 3730 1323 sacrarum

2080 1349 2432 1405 Litterarum
2465 1351 2818 1422 doctrinam,
2855 1371 2966 1408 non
3030 1355 3221 1420 unica,
3257 1357 3354 1410 sed
3405 1355 3603 1411 multa:
3633 1372 3731 1411 vo-

2079 1436 2334 1494 luntates
2383 1440 2763 1495 inveniuntur
2796 1458 2808 1496 :
2844 1459 2978 1497 cum
3027 1444 3242 1512 diezint,
3273 1466 3299 1493 ‹‹
3337 1445 3548 1499 Omnia
3577 1461 3736 1516 quae-

2080 1543 2310 1598 cunque
2340 1527 2540 1596 voluit,
2579 1529 2712 1584 fecit
2743 1531 2787 1565 ⁴⁶
2821 1547 2836 1585 :
2870 1553 2896 1578 »
2930 1530 3116 1587 multa
3155 1531 3338 1603 igitur
3383 1533 3585 1600 voluit,
3619 1550 3733 1589 non

2079 1620 2277 1670 autem
2297 1633 2480 1670 unum
2499 1618 2800 1686 quiddam.
2829 1620 2991 1682 Quod
3014 1621 3192 1674 etiam
3217 1621 3405 1692 magis
3425 1623 3737 1694 perspicue

2080 1705 2274 1760 videre
2305 1705 2441 1760 licet
2473 1708 2527 1760 in
2579 1708 2782 1762 mundi
2844 1709 3157 1764 creatione.
3191 1710 3390 1765 Voluit
3419 1711 3575 1766 enim
3607 1727 3736 1766 esse

2082 1794 2394 1863 mundum,
2425 1800 2484 1849 et
2512 1794 2563 1850 is
2593 1796 2815 1851 exstitit
2856 1804 3031 1868 prout
3069 1797 3272 1865 voluit,
3324 1804 3499 1870 atque
3545 1801 3734 1856 factus

2002 1914 2048 1978 B
2082 1890 2402 1954 permanet.
2428 1883 2592 1939 Aliud
2617 1891 2708 1939 est
2733 1891 2930 1940 autem
2962 1886 3064 1941 illa
3095 1889 3731 1960 perseverantia,quam

2080 1971 2349 2028 voluntas
2405 1975 2691 2028 condendi
2756 1974 2916 2030 illius
2963 1993 2976 2030 :
3030 1977 3397 2032 denuntiavit
3441 1994 3574 2033 vero
3615 1979 3735 2033 fore

2080 2061 2278 2128 etiam,
2313 2067 2377 2116 ut
2427 2063 2713 2117 mundum
2765 2065 3164 2120 transformat.
3201 2067 3348 2137 Ergo
3379 2065 3517 2139 quia
3555 2066 3738 2122 voluit

2081 2152 2483 2206 transformat.
2525 2151 2722 2222 Neque
2770 2169 2904 2207 vero
2955 2153 3153 2208 multis
3201 2155 3502 2220 duntaxat,
3533 2173 3734 2212 verum

2079 2241 2260 2294 etiam
2297 2239 2536 2296 diversa:
2571 2246 2710 2295 sunt
2733 2241 3080 2297 voluntates.
3105 2242 3302 2298 Voluit
3321 2244 3476 2298 enim
3500 2244 3734 2314 calum,

2078 2328 2261 2383 voluit
2293 2333 2350 2383 et
2381 2329 2588 2395 solem,
2622 2329 2807 2384 voluit
2841 2336 2898 2384 et
2927 2336 3164 2386 terram.
3194 2331 3335 2386 Cum
3369 2338 3564 2388 autem
3597 2333 3734 2403 ista,

2077 2435 2202 2487 quae
2235 2417 2378 2487 vult,
2413 2419 2641 2473 diversa
2673 2419 2812 2483 sint,
2845 2435 3084 2475 necesse
3114 2423 3203 2475 est
3235 2420 3466 2476 dilI'erre
3497 2438 3730 2493 quoque

2077 2505 2409 2561 voluntates
2440 2505 2672 2561 illorum
2707 2509 3090 2562 creandorum
3118 2525 3130 2563 :
3160 2510 3317 2579 quod
3349 2512 3526 2565 etiam
3558 2527 3731 2582 opor-

2077 2600 2158 2649 tet
2201 2596 2272 2650 de
2323 2595 2517 2660 rebus,
2563 2611 2692 2665 quae
2749 2601 2942 2652 mente
2989 2598 3406 2669 concipiuntur
3445 2600 3727 2672 accipere,

2080 2684 2230 2740 Orth.
2268 2683 2435 2756 Ergo,
2469 2683 2541 2748 si,
2574 2690 2637 2738 ut
2689 2689 2748 2738 tu
2799 2702 3031 2756 quoque
3074 2687 3278 2754 sentis,
3311 2685 3582 2744 voluntas
3615 2706 3730 2744 non

2078 2773 2232 2828 idem
2292 2778 2382 2827 est
2438 2773 2591 2843 quod
2653 2774 3006 2845 substantia,
3056 2780 3114 2830 et
3162 2793 3523 2849 quaecunque
3580 2779 3732 2834 facta

2077 2871 2234 2928 sunt,
2293 2876 2469 2932 opera
2525 2865 2665 2916 sunt
2718 2860 3034 2916 voluntatis
3084 2863 3237 2933 ejus,
3297 2864 3476 2919 fatere
3517 2864 3727 2920 Filium

2077 2968 2206 3006 esse
2236 2968 2304 3005 ex
2335 2951 2464 3019 ejus
2494 2949 2863 3017 substantia;
2895 2950 2980 3006 sic
3011 2951 3167 3006 enim
3200 2969 3332 3006 eum
3366 2954 3544 3008 etiam
3593 2954 3726 3008 uni-

2077 3040 2340 3110 genitum
2373 3056 2501 3094 esse
2530 3039 2768 3107 fateare,
2800 3041 2954 3111 quod
2989 3040 3150 3096 solus
3183 3057 3252 3095 ex
3281 3043 3616 3098 substantia
3636 3059 3727 3114 ge-

2080 3128 2238 3183 nitus
2271 3127 2364 3183 sit.
2390 3127 2535 3182 Nam
2568 3127 2618 3183 si
2645 3133 2702 3182 et
2732 3128 2856 3198 ipse
2885 3128 3197 3185 voluntatis
3247 3130 3428 3187 Filius
3477 3136 3564 3187 est
3609 3150 3725 3188 non

2079 3223 2169 3272 est
2218 3217 2576 3288 unigenitus,
2627 3233 2761 3271 cum
2813 3217 2981 3272 multi
3029 3219 3149 3273 sint
3195 3220 3374 3289 geniti
3408 3220 3724 3276 voluntate.

2078 3305 2373 3376 Scriptum
2406 3310 2497 3360 est
2527 3305 2682 3360 enim
2718 3324 2731 3360 :
2769 3328 2795 3356 ι(
2825 3305 3036 3362 Volens
3064 3309 3268 3379 genuit
3299 3325 3404 3364 nos
3437 3311 3609 3364 verbo
3643 3327 3733 3366 ve-

2075 3395 2263 3450 ritatis
2293 3396 2353 3446 δ”.
2393 3417 2420 3442 ››
2448 3394 2573 3449 Non
2607 3400 2748 3450 sunt
2778 3400 2987 3460 autem,
3009 3395 3206 3450 multae
3244 3396 3338 3452 Dei
3374 3398 3728 3465 voluntates,

2076 3490 2140 3539 ut
2173 3491 2230 3538 tu
2267 3484 2590 3538 existimas.
2628 3484 2749 3538 Non
2782 3483 2939 3539 enim
2994 3486 3134 3556 quia
3163 3486 3394 3542 diversa
3432 3493 3573 3542 sunt
3602 3490 3726 3560 opi-

2074 3573 2226 3639 ﬁcia,
2259 3573 2497 3628 diversae
2532 3589 2766 3644 quoque
2797 3578 2937 3628 sunt
2978 3574 3306 3631 voluntates
3357 3592 3370 3630 :
3421 3577 3522 3632 sed
3573 3575 3728 3634 sicut

2075 3663 2226 3718 Deus
2254 3662 2549 3717 hominem
2577 3663 2749 3717 unica
2771 3661 3065 3719 voluntate
3085 3681 3154 3718 ex
3171 3665 3418 3720 diversis
3442 3667 3724 3724 membris

2075 3757 2132 3806 et
2189 3751 2453 3822 partibus
2494 3752 2772 3818 condens,
2831 3752 2966 3807 fecit
3008 3753 3229 3824 oculos,
3279 3771 3470 3821 aures,
3529 3771 3722 3823 nares,

2075 3857 2328 3905 comam,
2393 3839 2688 3906 intestina,
2747 3844 2804 3895 et
2870 3841 3026 3896 varie
3082 3842 3360 3898 intestina
3416 3843 3728 3914 disposuit,

2076 3929 2365 4000 splenem,
2425 3927 2624 4000 hepar,
2687 3945 2878 3999 renes,
2936 3938 2990 3985 et
3039 3947 3403 4003 quaecunque
3451 3933 3509 3986 in
3559 3933 3730 3990 nobis

2078 4023 2220 4072 sunt
2251 4033 2264 4071 :
2300 4017 2384 4072 sic
2415 4017 2591 4073 etiam
2623 4019 2964 4073 universum
2998 4021 3288 4075 mundum
3320 4019 3494 4077 unica
3521 4021 3731 4078 volun-

2074 4109 2194 4160 tate
2223 4109 2399 4160 creat.

2145 4196 2198 4248 7.
2234 4195 2423 4249 Anom.
2444 4193 2594 4248 Num
2630 4196 2817 4265 major
2837 4199 2927 4250 est
2949 4195 3118 4251 Pater
3138 4196 3282 4252 Filio
3303 4198 3330 4252 ?
3358 4202 3415 4253 et
3445 4198 3495 4253 si
3515 4200 3724 4270 major,

2076 4284 2133 4337 in
2170 4300 2283 4353 quo
2319 4283 2506 4353 major
2535 4289 2625 4337 est
2650 4300 2663 4349 ;
2699 4288 2894 4337 utrum
2920 4282 3072 4340 mole
3104 4286 3365 4356 corporis
3395 4287 3603 4358 major,
3624 4293 3728 4344 aut

2077 4376 2284 4427 natura
2315 4367 2647 4443 ἀγεννησίας,
2682 4371 2802 4426 sive
2831 4373 2986 4443 quod
3019 4373 3096 4427 sit
3128 4373 3444 4429 nativitatis
3473 4391 3679 4446 expers
3699 4376 3728 4430 ?

2076 4466 2132 4515 et
2165 4465 2362 4515 utrum
2396 4477 2510 4513 non
2540 4460 2804 4531 genitum
2835 4476 2964 4515 esse
2993 4466 3084 4516 est
3112 4461 3465 4530 substantia,
3491 4479 3564 4516 an
3597 4479 3731 4520 vero

2078 4548 2223 4604 nihil
2256 4549 2391 4604 est?
2425 4548 2590 4604 Orth.
2644 4549 2932 4604 Scribitur
2960 4550 3130 4606 Pater
3163 4552 3350 4622 major
3379 4566 3508 4607 esse
3541 4551 3681 4608 Filio
3715 4569 3730 4607 :

318 4637 489 4716 ὄγκῳ,
523 4637 648 4694 οὔτε
695 4636 905 4713 χρόνῳ,
956 4631 1079 4689 οὕτε
1129 4632 1305 4710 φύσει,
1351 4629 1478 4686 ἀλλ’
1521 4632 1594 4693 ὡς
1626 4633 1811 4707 Πατὴρ
1845 4635 1967 4690 Υἳοῧ

2083 4643 2142 4692 at
2171 4654 2356 4708 neque
2391 4639 2564 4706 mole,
2597 4653 2786 4708 neque
2820 4643 3103 4710 tempore,
3139 4657 3328 4712 neque
3374 4647 3585 4697 natura
3631 4641 3734 4697 sed

317 4729 864 4805 ἐνανθρωπήσαντος.
917 4725 1014 4778 Διὰ
1062 4721 1120 4777 δὲ
1169 4723 1266 4790 τήν
1302 4721 1707 4795 ἐνανθρώπησιν
1741 4723 1830 4776 καὶ
1861 4729 1967 4778 τῶν

317 4817 572 4894 ἀγγέλων
605 4816 952 4886 ἠλαττῶσθαι
1004 4811 1162 4866 αὐτὸν
1213 4807 1363 4884 λέγει
1389 4811 1416 4862 ὁ
1449 4808 1806 4883 Ἀπόστολος,
1838 4812 1971 4887 γρά-

319 4926 455 4984 φων·
498 4929 524 4961 α
554 4906 655 4960 Τὸν
687 4902 745 4958 δὶ
781 4900 962 4978 βραχύ
992 4921 1043 4954 τι
1075 4899 1201 4974 παρ’
1256 4894 1521 4972 ἀγγέλους
1580 4896 1969 4971 ἠλαττωμένον

325 4994 598 5068 βλέπομεν
631 4995 840 5064 Ἰησοῦν
874 4988 963 5044 διὰ
989 4989 1051 5044 τὸ
1081 4989 1309 5060 πάθημα
1343 4989 1440 5040 τοῦ
1489 4987 1737 5049 θανάτου.
1793 5011 1820 5040 ›ι
1877 4991 1974 5044 Διά

322 5079 380 5138 δὲ
410 5083 613 5152 ταύτην
671 5083 770 5151 τήν
830 5079 1243 5155 ἐνανθρώπησιν
1293 5074 1383 5130 καὶ
1430 5078 1498 5148 τῇ
1547 5075 1729 5150 Μαρίᾳ
1756 5075 1846 5130 καὶ
1894 5083 1974 5150 τῷ

322 5173 528 5250 Ἰωσήφ
563 5173 908 5229 ὑπετάσσετο.
942 5194 968 5221 ‹‹
1001 5169 1100 5225 Ἦν
1131 5166 1232 5242 γὰρ
1264 5164 1700 5237 ὑποτασσόμενος
1729 5164 1969 5235 αὐτοῖς,»

398 5363 442 5398 ⁴⁶
468 5361 624 5418 Psal.
658 5376 816 5428 cxiii,
846 5358 902 5427 3,
978 5356 1021 5392 ‘7
1049 5356 1174 5412 Jac.
1207 5371 1247 5422 ι,
1280 5353 1367 5410 18.
1444 5352 1488 5388 ⁴⁸
1517 5352 1692 5409 Hebr.
1726 5369 1789 5422 ιι,
1820 5354 1875 5410 9.

395 5539 513 5612 (12)
545 5535 976 5613 Ἐνεργέστερον.
1006 5537 1144 5591 Mss.
1177 5535 1234 5590 et
1262 5530 1455 5589 Felck.
1486 5530 1723 5588 emend.
1777 5528 1994 5607 ἐναργὲ-

329 5629 547 5685 στερρν·

430 5684 498 5739 13

435 5684 522 5830 iii

555 5680 750 5736 Felck.
782 5673 839 5731 δέ
865 5699 916 5732 τι
947 5677 984 5746 ἡ
1018 5673 1173 5749 διαμ.
1205 5674 1390 5732 Palat.
1423 5668 1482 5728 δέ
1510 5692 1594 5727 σοι
1623 5673 1659 5742 ἡ
1693 5669 1742 5728 δ.

550 5757 753 5807 ’Ήτουν
783 5766 926 5808 mss.

2079 4734 2374 4798 quatenus
2404 4731 2576 4782 Pater
2603 4733 2693 4781 est
2733 4726 2885 4794 Filii,
2909 4729 3008 4798 qui
3040 4728 3470 4786 humanitatem
3505 4747 3736 4787 assum-

2081 4817 2218 4885 psit.
2235 4819 2481 4886 Propter
2496 4815 2646 4870 hanc
2667 4821 2861 4870 autem
2880 4816 3139 4874 hominis
3161 4821 3626 4891 assumptionen
3650 4820 3739 4874 di-

2081 4903 2159 4958 cit
2188 4903 2506 4976 Apostolus
2538 4921 2672 4959 eum
2721 4905 3056 4960 inferiorem
3092 4907 3311 4964 factum
3345 4909 3525 4966 fuisse
3563 4909 3739 4965 etiam

2083 4992 2328 5064 angelis,
2365 4993 2450 5048 sic
2479 4993 2744 5048 scribens
2779 5010 2793 5050 :
2833 5014 2859 5047 ι
2891 4995 3034 5049 Eum
3068 5001 3265 5052 autem
3297 4998 3398 5068 qui
3433 4997 3604 5069 paulo
3631 4997 3738 5052 mi-

2083 5098 2191 5136 nor
2241 5083 2426 5138 factus
2455 5083 2678 5154 angelis
2708 5088 2817 5151 est,
2843 5085 3138 5159 cernimus
3168 5087 3369 5142 Jesum
3403 5103 3506 5158 per
3533 5088 3741 5143 mortis

2086 5170 2420 5242 passionem
2455 5172 2521 5226 ⁸⁸.
2557 5198 2582 5221 ι.
2619 5172 2862 5244 Propter
2910 5173 3060 5230 hanc
3091 5192 3322 5247 quoque
3352 5175 3610 5231 hominis
3641 5193 3742 5232 as-

2172 5535 2288 5678 ἕ15)
2320 5536 2444 5594 Pal.
2475 5539 2554 5608 τῷ
2589 5534 2753 5608 μόνον
2784 5535 2844 5592 ἐκ
2877 5557 2926 5595 τ.
2962 5539 3101 5613 Reg.
3134 5541 3197 5594 τὸ
3230 5542 3306 5613 μὴ
3342 5537 3530 5614 μόνον.

2198 5610 2285 5678 16)
2316 5608 2529 5676 Μείζων
2560 5611 2724 5666 deest
2754 5613 2811 5665 in
2844 5628 2990 5668 mss.

2198 5610 2285 5680 16)
2316 5608 2529 5676 Μείζων
2560 5611 2724 5666 deest
2754 5613 2811 5665 in
2844 5628 2990 5668 mss.

2177 5680 2287 5752 (17)
2318 5681 2576 5738 Dubium
2611 5699 2682 5738 an
2715 5682 2793 5738 sit
2819 5681 3132 5756 legendum
3153 5682 3376 5757 γενητόν
3393 5691 3451 5742 et
3468 5683 3750 5760 ἀγένητον.
