4116 6416
405 452 559 513 “67
1576 452 1640 513 S.
1688 448 2003 512 ATHANA

2116 450 2213 513 λδ.
2241 449 2645 514 —-SPUHIA.
3671 454 3829 522 H68

399 585 797 656 sumptionem
817 584 1120 654 subjectus
1144 584 1252 639 fuit
1267 583 1458 639 Mariae
1476 584 1802 654 etJosepho
1829 601 1842 638 :
1870 606 1897 633 α
1924 584 2005 638 Era

2116 604 2137 650 ι
2169 582 2243 644 ὡς
2278 582 2328 637 ἐν
2363 583 2680 659 Εὐαγγελίῳ
2706 585 3022 662 γέγραπται.
3069 583 3259 661 Ἀνόμ.
3297 586 3475 644 Ἀλλὰ
3506 589 3660 666 φύσει
3709 592 3822 665 (18)

398 675 554 728 enim
586 674 859 730 subditus
888 673 1007 730 illis
1036 675 1101 742 ‘9,
1132 696 1160 723 ››
1215 678 1279 728 ut
1308 674 1365 727 in
1406 672 1715 745 Evangelio
1765 674 2005 744 scriptu]

2165 670 2362 743 μείζων
2422 674 2558 728 κατὰ
2611 674 2674 730 τὸ
2732 675 3040 750 ἀγέννητον,
3094 673 3205 731 ἔστι
3261 698 3337 745 τι,
3394 678 3429 747 ἢ
3474 674 3651 751 οὐδὲν,
3684 678 3818 748 ἐστι,

398 769 508 819 est.
556 765 750 819 Anam.
791 763 899 818 Sed
967 769 1176 818 natura
1225 764 1434 833 major,
1496 762 1712 816 idcirco
1768 761 1922 833 quod
1979 779 2005 816 s

2159 760 2337 824 καθὼς
2393 763 2762 838 προείπομεν;
2823 766 2972 839 Ὀρθ.
3026 763 3189 820 Οὐδέν
3244 764 3352 821 ἐστι
3403 764 3579 844 φύσει·
3623 765 3685 821 οὐ
3715 768 3818 842 γὰρ

399 850 825 925 ἀγέννητοςείνο
869 852 989 909 sive
1040 868 1156 907 non
1208 850 1463 924 genitus,
1509 858 1674 906 estne
1703 851 1945 921 aliquid,
1979 868 2005 906 a

2162 847 2316 903 οὐσια
2346 848 2518 908 ἐστίν.
2542 852 2605 907 Εἰ
2635 853 2812 907 τοίνυν
2844 854 2981 909 κατὰ
3009 852 3072 909 τὰ
3122 854 3411 929 ἀγέννητόν
3445 853 3554 910 ἐστι
3590 855 3812 928 μείζων,

397 962 527 1000 vero
563 941 706 999 nihil
737 948 846 1007 est,
880 942 1033 997 sicut
1062 940 1227 1012 prius
1269 940 1611 995 dicebamus
1639 943 1662 994 P
1708 940 1861 995 Orth.
1892 940 2004 995 Nih

2158 938 2219 991 τὸ
2250 935 2308 993 δὲ
2339 940 2629 1014 ἀγέννητον
2663 940 2815 998 οὐδέν
2849 942 2983 1011 ἐστι,
3033 945 3150 998 κατ’
3199 941 3352 999 οὐδέν
3413 942 3523 1023 ἐστι
3585 944 3810 1017 μείζων.

396 1042 478 1091 est
542 1039 752 1088 natura
810 1048 823 1086 :
875 1046 984 1087 nec
1040 1033 1196 1085 enim
1247 1029 1579 1085 substantia
1618 1035 1725 1083 est.
1770 1030 2005 1100 Itaque:

2158 1028 2218 1083 Ὁ
2250 1024 2307 1082 δὲ
2362 1029 2414 1083 ἐν
2451 1028 2646 1102 μηδενὶ
2680 1032 2875 1103 μείζων
2905 1033 3040 1087 κατὰ
3068 1034 3237 1087 πάντα
3268 1030 3406 1095 ἴσος.
3456 1033 3533 1091 Οὐ
3581 1035 3681 1108 γὰρ
3741 1032 3807 1104 δὴ

398 1125 588 1195 major
615 1126 705 1179 est
735 1127 901 1193 pater
930 1137 996 1175 eo
1024 1119 1178 1191 quod
1211 1118 1291 1173 sit
1322 1134 1436 1173 non
1495 1118 1750 1189 genitus,
1813 1124 1871 1173 et
1931 1135 2005 1173 no

2159 1117 2186 1170 6
2220 1118 2404 1195 Πατὴρ
2436 1118 2674 1175 ἐλάττων
2706 1125 2802 1175 τοῦ
2830 1122 2976 1178 Υἱοῦ.
3014 1121 3203 1195 Ἀνόμ.
3236 1121 3445 1178 Οὐκοῦν
3480 1119 3594 1176 ἴσον
3630 1119 3810 1196 λέγεις

393 1215 659 1286 genitum
700 1227 829 1267 esse
881 1209 1022 1265 nihil
1071 1213 1181 1274 est,
1231 1206 1631 1278 consequitur,
1685 1205 1869 1262 nihilo
1920 1224 2005 1263 ess

2154 1206 2218 1260 τὸ
2249 1206 2541 1281 ἀγέννητον
2593 1212 2707 1280 (19)
2760 1214 2841 1283 τῷ
2895 1213 3219 1285 γεννήματν
3266 1211 3359 1266 καὶ
3408 1215 3523 1273 πῶς
3555 1210 3811 1281 ἀληθεύει

396 1306 699 1374 majorem.
732 1299 839 1366 Qui
870 1316 1003 1355 vero
1045 1297 1229 1353 nihilo
1269 1296 1458 1367 major
1506 1302 1613 1362 est,
1667 1296 1726 1350 in
1772 1297 2005 1352 omnibu

2155 1296 2184 1349 6
2242 1294 2436 1371 λέγων·
2507 1321 2536 1351 ((
2586 1299 2648 1355 Ὁ
2710 1300 2892 1374 Πατὴρ
2949 1301 2977 1354 6
3033 1299 3255 1374 πέμψας
3318 1321 3383 1373 με
3447 1300 3645 1373 μείζων
3704 1301 3812 1374 μού

390 1398 481 1448 est
509 1391 771 1463 aequalis.
791 1389 907 1445 Nec
939 1387 1094 1443 enim
1128 1402 1269 1441 sane
1286 1390 1456 1440 Pater
1485 1390 1575 1440 est
1608 1384 1750 1440 Filio
1781 1385 2005 1440 interim

2154 1385 2336 1454 έστιν;
2397 1409 2426 1438 ››
2480 1386 2627 1461 Ὀρθ.
2677 1388 2755 1444 Τὸ
2810 1387 3100 1463 ἀγέννητον
3151 1387 3240 1444 ἐπὶ
3290 1393 3426 1444 Θεοῦ
3477 1389 3567 1444 καὶ
3601 1390 3813 1467 [ἰατρὸς

388 1482 585 1538 Anam.
621 1478 859 1551 lEquale
902 1477 1083 1549 igitur
1129 1490 1258 1531 esse
1309 1475 1457 1529 dicis
1509 1490 1620 1529 non
1671 1473 2005 1545 genitum,(

2153 1472 2307 1528 οὐσία
2358 1473 2457 1529 οὐκ
2523 1473 2684 1543 ἔστιν,
2746 1475 2891 1533 ἀλλὰ
2942 1482 3041 1532 τοῦ
3105 1479 3182 1550 μὴ
3247 1476 3459 1555 Πατέρα
3512 1475 3664 1554 ἔχειν
3712 1478 3805 1534 τὸν

389 1573 544 1643 quod
585 1570 847 1643 genitum
879 1572 1002 1624 est:
1037 1572 1096 1622 et
1126 1564 1416 1637 quomodo
1471 1579 1645 1619 verax
1695 1565 1890 1634 fuerit,
1941 1581 2005 1635 qu

2149 1563 2279 1617 Θεὸν
2313 1560 2645 1633 δηλωτικόν.
2677 1563 2868 1627 Οὐδεὶς
2899 1563 2957 1621 δὲ
3010 1564 3100 1622 διὰ
3149 1565 3313 1622 τοῦτο
3375 1566 3574 1641 μείζων
3629 1568 3803 1640 τινὸς,

387 1661 550 1729 dicit,
583 1684 611 1710 «
646 1660 833 1728 Pater,
868 1658 968 1729 qui
1002 1655 1165 1711 misit
1209 1669 1321 1718 me,
1375 1655 1565 1723 major
1621 1669 1713 1708 me
1761 1659 1850 1708 est
1880 1654 1924 1688 ⁵ο
1951 1653 1980 1709 ‘I

2150 1647 2240 1706 διὰ
2266 1651 2329 1707 τὸ
2360 1653 2570 1729 Πατέρα
2605 1655 2681 1727 μὴ
2714 1651 2881 1730 ἔχειν.
2930 1653 3073 1712 Οὐδέ
3129 1656 3231 1735 γὰρ
3291 1658 3319 1711 6
3379 1653 3561 1729 Ἀδὰμ
3600 1655 3806 1732 πατέρα

388 1750 548 1806 Oth.
581 1749 703 1805 Non
738 1748 1002 1822 genitum
1035 1760 1189 1809 esse,
1210 1760 1324 1798 non
1358 1748 1448 1798 est
1475 1742 1810 1797 substantia
1833 1742 1890 1796 in
1928 1744 2001 1797 De

2148 1738 2325 1816 ἔσχεν,
2358 1738 2480 1796 οὕτε
2509 1744 2545 1811 ἡ
2579 1742 2709 1799 Εὕα·
2743 1742 2870 1799 ἀλλ’
2901 1743 3056 1816 δμῶς
3106 1744 3239 1799 εἰσὶν
3297 1747 3432 1818 ἡμῖν
3490 1746 3800 1819 ὁμοούσιοι.

383 1844 443 1895 et
488 1844 676 1907 Patre,
726 1837 826 1892 sed
877 1834 1108 1890 nullum
1156 1847 1286 1889 esse
1333 1830 1427 1886 Dei
1485 1832 1711 1885 Patrem
1758 1832 2034 1886 ostendit.

384 1930 596 1985 Nullus
626 1933 822 1983 autem
852 1925 983 1979 ideo
1030 1924 1218 1993 major
1261 1925 1352 1977 est
1398 1920 1700 1992 quopiam.
1732 1921 1888 1990 quod
1930 1921 2035 1974 Pa-

381 2028 527 2075 trem
564 2035 678 2074 non
706 2018 936 2072 habeat.
964 2015 1107 2071 Nam
1132 2027 1319 2082 neque
1344 2010 1523 2063 Adam
1550 2014 1772 2081 patrem
1806 2010 2031 2076 habuit,

381 2125 569 2181 neque
598 2109 735 2169 Eva.
767 2111 824 2161 et
862 2110 1059 2160 tamen
1092 2106 1235 2157 sunt
1262 2099 1433 2155 nobis
1473 2098 2031 2153 consubstantiales.

377 2199 484 2254 Sed
517 2196 811 2269 quomodo
840 2195 993 2249 inter
1019 2189 1554 2264 philosophandum
1587 2186 1659 2241 de
1690 2202 1803 2241 non
1836 2187 2031 2259 genito

375 2294 430 2344 et
461 2287 679 2360 genito,
711 2282 885 2340 veluti
915 2281 1003 2338 tui
1033 2280 1221 2353 ipsius
1253 2277 1470 2334 oblitus
1503 2274 1807 2346 subjecisti
1834 2290 1846 2328 :
1875 2276 2022 2332 427

2149 1835 2271 1892 Πῶς
2297 1827 2355 1884 δὶ
2375 1830 2487 1900 καὶ,
2520 1832 2644 1906 περὶ
2675 1833 2963 1906 ἀγεννήτου
3005 1833 3094 1888 καὶ
3144 1840 3405 1909 γεννητοῦ
3455 1833 3801 1911 φιλοσοφῶν,

2147 1918 2327 1993 ὥσπερ
2360 1918 2846 1993 ἐπιλανθανόμενος
2879 1926 3077 1976 σαυτοῦ
3127 1920 3399 1999 ἐπήγαγες
3441 1923 3522 1978 τό’
3573 1925 3635 1981 Ὁ
3688 1930 3794 1979 Πα-

2142 2009 2246 2082 τὴρ
2279 2009 2307 2062 6
2338 2008 2554 2082 πέμψας
2590 2030 2656 2083 με
2688 2008 2888 2081 μείζων
2942 2011 3047 2083 μού
3100 2011 3240 2067 ἐστιν
3268 2031 3282 2079 ;
3313 2035 3340 2064 ››
3393 2011 3542 2068 Ἔδει
3589 2011 3690 2088 γάρ
3741 2033 3799 2068 σε

2146 2094 2360 2168 μᾶλλον
2421 2096 2595 2170 ἑαυτῷ
2642 2096 3048 2162 ἀκολουθοῦντα
3103 2100 3297 2155 εἷ’πεῖψ
3347 2103 3409 2158 Ὁ
3441 2101 3737 2176 ἀγέννητος
3768 2103 3796 2156 6

2140 2186 2359 2259 πέμψας
2394 2207 2461 2259 με
2522 2185 2718 2260 μείζων
2784 2187 2888 2260 μού
2942 2188 3105 2244 ἐστιν.
3155 2188 3310 2247 Ἀλλ’
3364 2189 3427 2245 οὐ
3477 2190 3796 2267 γέγραπται·

2142 2272 2231 2329 διὰ
2259 2279 2419 2330 τοῦτο
2455 2275 2517 2331 οὐ
2549 2275 2727 2351 λέγεις
2755 2275 2960 2340 καλῶς.
2997 2303 3025 2330 ‹‹
3059 2280 3149 2347 Μὴ
3202 2278 3426 2358 σοφίζου
3473 2275 3683 2352 πολλὰ,
3708 2278 3798 2335 ’ίνα

376 2401 402 2428 υ
434 2358 615 2443 Pater,
650 2374 744 2442 qui
806 2372 969 2428 misit
1016 2385 1130 2436 me,
1165 2369 1354 2437 major
1393 2382 1485 2421 me
1528 2365 1664 2420 est?
1706 2385 1728 2414 ι
1783 2358 2005 2436 Oporte

2143 2364 2219 2435 μὴ
2252 2362 2549 2439 έκπλαγῇς.
2584 2388 2612 2416 ››
2644 2365 2721 2421 Οὐ
2751 2364 2851 2441 γὰρ
2885 2367 2934 2420 εἴ
2963 2366 3269 2444 σοφώτερος
3297 2371 3395 2422 τοῦ
3426 2367 3650 2439 Δανιὴλ,
3687 2369 3795 2440 μή·

372 2470 471 2521 bat
516 2466 672 2521 enim
720 2469 777 2519 te
821 2461 1039 2535 potius,
1099 2463 1165 2513 ut
1212 2462 1407 2513 tecum
1464 2455 1589 2526 ipse
1638 2454 2000 2509 consentires

2134 2473 2220 2507 τοι
2246 2473 2305 2527 γε
2347 2456 2444 2508 τοῦ
2504 2452 2831 2526 Ηνεύματος,
2887 2459 2985 2509 τοῦ
3044 2456 3256 2531 Πατέρα
3308 2457 3402 2530 μὲν
3457 2453 3792 2527 διδάξαντος,

368 2557 583 2621 dicere,
614 2554 740 2609 Non
772 2550 1031 2625 genitus,
1064 2548 1164 2619 qui
1213 2545 1374 2601 misit
1421 2559 1513 2599 me
1546 2544 1733 2613 major
1763 2558 1857 2597 me
1909 2547 2002 2597 est

2135 2541 2429 2615 ἀγέννητον
2456 2538 2513 2596 δὲ
2547 2544 2646 2615 μή.

364 2646 473 2701 Sed
508 2645 614 2699 hoc
646 2643 927 2715 scriptum
961 2655 1079 2694 non
1105 2646 1213 2701 est,
1244 2635 1491 2705 ideoque
1521 2637 1676 2687 recte
1707 2647 1823 2686 non
1849 2631 1996 2687 dicis
2026 2647 2041 2687 :
2079 2652 2107 2682 ‹‹
2128 2631 2254 2687 Noli
2289 2632 2544 2688 multum
2576 2639 2867 2705 argutare,
2902 2637 3209 2705 nequando
3241 2636 3640 2693 consterneris
3668 2637 3713 2673 ³1
3757 2658 3787 2687 ››

363 2736 564 2807 Neque
614 2733 771 2789 enim
819 2745 882 2787 es
929 2725 1249 2800 sapientior
1294 2720 1552 2788 Daniele,
1584 2720 1802 2776 nedum
1850 2720 1980 2791 ipso
2033 2720 2279 2793 Spiritu,
2312 2721 2412 2793 qui
2444 2725 2675 2777 Patrem
2709 2723 2947 2793 quidem
2981 2741 3086 2779 nos
3117 2725 3332 2796 docuit,
3367 2742 3483 2781 non
3516 2726 3782 2798 genitum

364 2840 499 2879 vero
528 2834 916 2879 nequaquam.

401 2840 499 2880 ero
528 2838 916 2893 nequaquam.

432 2915 487 2970 8.
529 2917 718 2967 Anam.
779 2911 850 2965 At
905 2906 953 2962 si
1017 2904 1168 2960 mole
1223 2903 1394 2957 Pater
1441 2903 1533 2956 est
1589 2899 1794 2970 major,
1856 2914 2005 2954 com-

2192 2900 2246 2953 8.
2303 2896 2494 2968 Ἀνόμ.
2572 2897 2637 2954 Εἰ
2695 2895 2753 2953 δὲ
2813 2901 2931 2954 κατ’
2987 2896 3151 2975 ὄγκον
3211 2902 3239 2955 6
3301 2904 3488 2977 Πατήρ
3550 2902 3778 2975 μείζων,

364 3002 588 3074 positus
622 2998 947 3068 l‘ueritipse
996 3010 1110 3049 non
1158 2993 1412 3064 genitus,
1444 2988 1717 3060 quamvis
1764 2988 2005 3059 simplex

2124 2986 2371 3047 σόνθετος
2429 2985 2575 3040 ἔσται
2627 2988 2654 3042 6
2706 2988 3020 3062 ἀγέννητος.
3071 2989 3262 3065 καίπερ
3296 2988 3507 3054 ἁπλοῦς
3558 2991 3632 3045 ὥν
3682 2992 3775 3046 καὶ

361 3073 438 3147 sit
467 3107 534 3146 ao
584 3090 785 3161 ﬁgura:
837 3099 1076 3156 expers:
1110 3080 1408 3153 siquidem
1442 3077 1625 3134 moles
1655 3083 1746 3132 est
1776 3092 2005 3146 compo-

2123 3075 2559 3151 ἀσχημάτιστος⁸
2621 3075 2733 3151 εἶ’γε
2791 3078 2819 3131 6
2877 3073 3039 3153 ὄγκος
3098 3077 3343 3134 σύνθετον
3385 3079 3475 3134 καὶ
3506 3079 3776 3154 μεριστόν·

365 3181 548 3236 situm
579 3183 635 3234 et
669 3176 972 3232 dividuum
1009 3170 1291 3243 quiddam
1329 3166 1643 3238 :quoniam
1673 3166 1867 3221 omnis
1892 3181 2005 3220 mo-

2120 3170 2224 3226 πᾶς
2282 3164 2383 3239 γὰρ
2442 3162 2600 3238 ὄγκος
2657 3164 2716 3221 ἐκ
2779 3172 2955 3243 μερῶν
3019 3167 3316 3243 σύγκειται,
3392 3168 3482 3223 καὶ
3535 3167 3779 3232 σύνθεσιν

357 3267 442 3323 les
472 3284 539 3322 ex
571 3264 836 3339 partibus
867 3264 1115 3327 constat,
1147 3262 1206 3313 et
1237 3256 1487 3328 partium
1522 3253 2005 3326 compositionem

2126 3257 2303 3326 μερῶν
2336 3249 2473 3329 ἔχει·
2517 3252 2648 3326 ὅπερ
2683 3253 2771 3310 ἐπὶ
2804 3260 2940 3311 Θεοῦ
2972 3254 3116 3332 λέγει
3167 3254 3390 3312 ἄτοπον.
3455 3259 3601 3333 Ὀρθ.
3654 3259 3777 3314 Ἐπὶ

356 3358 574 3412 habet:
610 3353 763 3422 quod
808 3352 879 3407 de
927 3355 1038 3406 Deo
1087 3348 1279 3403 dicere
1327 3344 1650 3400 absurdum
1698 3351 1804 3398 est.
1855 3342 2005 3398 Orth.

2122 3346 2255 3397 Θεοῦ
2285 3344 2399 3416 (20)
2447 3341 2626 3418 λέγειν
2678 3344 2918 3399 σύνθεσιν
2969 3344 3060 3400 καὶ
3100 3340 3260 3422 ὄγκον
3294 3346 3515 3415 ἄτοπον,
3550 3346 3778 3417 ἀληθῶς

355 3447 471 3502 Deo
500 3441 986 3516 compositionem
1019 3443 1078 3493 et
1117 3435 1328 3495 molem
1379 3434 1638 3489 tribuere
1679 3432 2002 3487 absurdum

2118 3428 2183 3500 δὴ
2218 3432 2438 3488 ἄτοπον.
2472 3433 2601 3494 Θεὸς
2633 3430 2712 3497 Si,
2744 3433 2839 3488 κᾶν
2877 3435 2953 3506 μή
2986 3432 3174 3509 θέλῃς,
3208 3436 3237 3489 6
3287 3436 3435 3507 Υἱὸς,
3487 3435 3777 3500 ἀσύνθετος

352 3540 465 3598 est,
508 3549 660 3600 vere,
707 3531 975 3601 inquam,
1029 3525 1373 3581 absurdum.
1424 3522 1521 3577 Est
1573 3527 1769 3576 autem
1832 3518 2005 3576 Filius

2119 3520 2209 3574 καὶ
2240 3520 2448 3582 ἁπλοῦς
2501 3522 2590 3576 καὶ
2637 3523 3051 3597 ἀσχημάτιστος
3102 3522 3193 3577 καὶ
3240 3523 3420 3586 αὐτός·
3472 3523 3560 3580 καὶ
3593 3526 3778 3591 σύνθε-

354 3639 607 3696 quoque,
660 3621 747 3676 vel
796 3628 850 3674 te
892 3616 1092 3685 invito,
1130 3620 1279 3683 Deus
1319 3628 1433 3667 non
1476 3610 1862 3681 compositus,
1906 3612 2005 3665 sed

2119 3628 2201 3662 σιν
2235 3607 2413 3684 λέγειν
2446 3610 2536 3664 καὶ
2589 3606 2753 3684 ὄγκον
2804 3610 2887 3666 ἐπ’
2930 3611 3096 3666 αὐτοῦ
3141 3611 3366 3670 ἃτοπον.
3402 3613 3466 3670 Εἰ
3499 3611 3558 3669 δὲ
3583 3620 3770 3685 τοῦτο,

353 3711 602 3783 simplex
630 3715 687 3765 et
717 3722 922 3778 expers
954 3706 1153 3777 figura;
1199 3719 1211 3757 :
1260 3705 1326 3755 ut
1372 3699 1694 3754 absurdum
1742 3698 1819 3751 sit
1847 3714 2005 3753 com-

2116 3697 2177 3750 τὸ
2212 3703 2396 3769 μεῖζον
2430 3699 2615 3771 ἅραρν
2643 3699 2859 3761 τοῦτοις
2891 3699 2999 3776 οὐχ
3028 3701 3398 3776 εὑρεθήσεται.
3439 3704 3528 3758 Ἐν
3579 3701 3638 3759 δέ
3686 3710 3768 3777 τῷ

349 3801 701 3874 positionem
746 3802 848 3853 aut
878 3795 1091 3850 molem
1124 3792 1235 3863 ipsi
1270 3789 1607 3844 attribuere.
1641 3788 1803 3852 Quod
1850 3788 1899 3841 si
1926 3787 2005 3843 ita

2117 3784 2277 3856 ἀπλῷ
2322 3785 2412 3841 καὶ
2456 3786 2728 3860 ἀσυνθέτῳ
2774 3788 2864 3843 καὶ
2913 3789 3313 3865 ἀσχηματίστῳ
3357 3790 3444 3845 καὶ
3489 3791 3618 3865 θείῳ
3650 3791 3767 3857 ἴσος

353 3896 462 3957 est,
496 3889 689 3958 majus
722 3900 863 3941 sane
890 3884 947 3938 in
984 3882 1076 3937 his
1109 3897 1224 3936 non
1254 3877 1664 3948 comperietur.
1691 3875 1821 3947 Ipse
1850 3893 2003 3943 varo,

354 3995 528 4051 quem
567 3977 628 4031 in
660 3975 926 4030 confesso
955 3976 1047 4027 est
1084 3967 1460 4040 simplicitate
1504 3973 1558 4020 et
1603 3981 1671 4019 eo
1714 3966 1868 4035 quod
1905 3983 2003 4021 ne-

352 4085 463 4140 que
493 4064 854 4137 compositus
903 4065 1014 4131 est,
1048 4073 1235 4128 neque
1275 4058 1524 4128 ﬁguram
1574 4054 1748 4109 habet
1787 4055 2004 4109 deitate

2116 4056 2240 4125 γοῦν
2276 4053 2440 4107 αὐτοῦ
2471 4051 2748 4130 λέγοντος·
2783 4080 2811 4106 ‹‹
2846 4054 3002 4112 Ἀλλ’
3035 4054 3144 4131 ἐγὼ
3177 4058 3291 4132 (21)
3316 4062 3464 4130 τιμῶ
3512 4058 3604 4113 τὸν
3652 4065 3761 4117 Ιία-

351 4158 605 4228 denique
638 4154 790 4210 Patri
834 4148 1118 4223 aequalem
1162 4161 1331 4210 esse;
1382 4144 1662 4214 majorem
1708 4142 1850 4197 dicit
1897 4144 2000 4198 Pa-

2116 4140 2255 4215 τέρα,
2292 4142 2445 4213 ὑμεῖς
2479 4140 2537 4196 6‘s
2587 4142 2875 4215 ἀτιμάζετέ
2937 4164 3024 4215 με’
3087 4169 3115 4196 ››
3156 4145 3267 4215 καὶ,
3326 4151 3380 4200 '0
3414 4148 3599 4223 Πατὴρ
3627 4155 3763 4222 τιμᾷ

346 4254 591 4313 trem,eo
620 4242 774 4316 quod
800 4239 949 4297 servi
984 4239 1235 4293 formam
1267 4231 1742 4304 assumpserit,et
1769 4234 1999 4288 Patrem

2116 4230 2198 4284 τὸν
2228 4231 2373 4299 Υίὸν,
2403 4231 2627 4296 καθίσας
2657 4233 2817 4288 αὐτὸν
2848 4233 2907 4288 ἐκ
2943 4231 3153 4304 δεξιῶν,
3191 4236 3281 4290 καὶ
3331 4236 3535 4299 πάντας
3584 4237 3757 4294 ἕλκων

346 4339 615 4393 honorat.
646 4332 852 4403 Itaque
883 4327 1056 4384 audis
1082 4341 1216 4381 eum
1243 4324 1574 4378 dicentem:
1606 4344 1627 4371 ιι
1675 4322 1999 4377 Honoritico

2116 4319 2241 4393 πρὸς
2273 4318 2452 4377 αὐτόν.
2514 4320 2667 4397 Λέγει
2723 4323 2825 4398 γὰρ
2866 4323 3023 4385 αὐτὸς
3075 4325 3103 4379 6
3146 4323 3292 4387 Υἱός·
3328 4349 3355 4378 ct
3383 4323 3574 4389 Οὐδεὶς
3603 4326 3763 4405 ἔρχε-

348 4429 594 4491 Patrem,
626 4427 683 4478 et
711 4436 814 4476 vos
845 4413 1243 4473 inhonorastis
1276 4429 1369 4468 me
1398 4412 1444 4446 δ’
1477 4427 1491 4465 :
1525 4429 1555 4462 ι
1587 4415 1645 4465 et
1674 4414 1846 4465 Pater
1894 4410 1998 4466 ho-

2116 4429 2192 4464 tau.
2222 4411 2357 4484 πρὸς
2395 4413 2480 4484 μὲ,
2516 4410 2603 4466 ἐὰν
2637 4414 2711 4484 μὴ
2747 4415 2775 4468 6
2808 4414 2996 4489 Πατὴρ
3031 4415 3059 4468 6
3087 4414 3338 4489 οὐράνιος
3368 4415 3571 4493 ἐλκύσῃ
3598 4418 3758 4474 αὐτὸν

341 4519 511 4573 norat
541 4511 776 4579 Filium,
809 4517 983 4579 quem
1016 4503 1085 4559 ad
1121 4503 1417 4557 dexteram
1466 4514 1634 4554 suam
1668 4498 1996 4566 collocavit,
2104 4498 2244 4572 πρὸς
2282 4499 2365 4571 μέ.
2405 4524 2426 4551 ι

338 4611 395 4663 et
445 4606 515 4661 ad
569 4614 741 4673 quem
791 4611 998 4652 omnes
1028 4591 1227 4647 trahit.
1265 4589 1410 4645 Dicit
1438 4587 1593 4644 enim
1629 4585 1812 4642 Filius
1846 4604 1859 4642 :
1892 4608 1921 4638 «
1953 4586 2133 4644 Nemo
2161 4590 2318 4645 venit
2349 4590 2420 4644 ad
2472 4606 2565 4646 me
2628 4592 2742 4648 nisi
2790 4594 2953 4650 Pater
3001 4609 3168 4651 meus
3214 4595 3457 4652 traxerit
3504 4613 3640 4654 eum
3683 4601 3754 4656 ad

2114 3873 2511 3949 ὁμολογηθεὶς,
2547 3876 2766 3951 μείζονα
2792 3878 2883 3932 τὸν
2922 3879 3133 3954 Πατέρα
3164 3877 3339 3954 λέγει,⁷
3366 3882 3582 3959 μορφήν
3645 3879 3768 3938 606-

2114 3959 2216 4017 λου
2249 3959 2454 4031 λαϐὼν,
2486 3965 2574 4019 καὶ
2604 3970 2780 4039 τιμῶν
2818 3967 2911 4021 τὸν
2962 3968 3154 4022 ἑαυτοῦ
3223 3970 3452 4043 Πατέρα.
3518 3971 3763 4036 ’Δκούεις

403 4715 432 4752 e
458 4696 522 4749 ⁵³.
556 4712 581 4742 ο

339 4715 459 4840 m9.
493 4785 684 4839 Anam.
717 4778 1021 4839 Praeterea,
1071 4770 1122 4827 si
1173 4785 1285 4824 non
1319 4766 1583 4838 genitum
1616 4769 1706 4819 est
1740 4764 1986 4835 aliquid,

2170 4768 2225 4822 9.
2257 4767 2448 4839 Ἀνόμ.
2505 4765 2733 4831 ΙἌλλως
2787 4766 2865 4837 δὲ,
2926 4769 2971 4824 εἰ
3031 4765 3141 4825 ἔστι
3199 4790 3250 4825 τι
3281 4770 3343 4827 τὸ
3374 4771 3689 4849 ἀγέννητον,
3721 4777 3756 4846 ἢ

2095 4850 2223 4910 ὅλον
2258 4854 2369 4909 ἐστὶ
2421 4861 2584 4912 τοῦτο
2640 4858 2675 4926 ἣ
2729 4858 2910 4932 μέρος·
2970 4856 3097 4915 ἀλλ’
3151 4860 3197 4913 εἰ
3233 4860 3327 4932 μὶν
3364 4863 3552 4937 μέρος,
3585 4862 3754 4920 πάλιν

2098 4944 2288 4998 ἑαυτοῦ
2349 4944 2490 5001 ἐστιν
2548 4946 2834 5018 ἀνόμοιος·
2903 4946 3011 5021 εἶ’γε
3066 4948 3130 5002 τὸ
3194 4949 3288 5021 μὶν
3368 4952 3534 5026 μέρος
3585 4952 3752 5008 αὐτοῦ

2095 5032 2410 5109 ἀγέννητον,
2438 5035 2503 5090 τὸ
2537 5032 2603 5089 δᾶ
2633 5033 2775 5091 ἄλλο
2812 5036 2911 5108 μή.
2947 5035 3006 5089 Εἰ
3038 5033 3095 5091 δὲ
3126 5035 3230 5107 ὅλη
3292 5038 3327 5106 ἡ
3379 5037 3537 5115 φύσις
3593 5042 3748 5114 ἀγέν-

2094 5143 2278 5193 νητος,
2332 5122 2571 5188 καθόλου
2630 5120 2689 5177 δὲ
2748 5124 2945 5196 μείζων
3002 5126 3030 5179 6
3082 5126 3293 5200 Πατὴρ,
3345 5125 3498 5188 εὐθὺς
3529 5126 3744 5194 ἐπῖτήν

2093 5209 2454 5288 παραλλαγὴν
2484 5214 2584 5279 τῆς
2617 5210 2800 5274 οὐσίας
2832 5209 2977 5275 ὅλως
3009 5211 3278 5269 έκπίπτει.
3330 5211 3403 5269 Ei'
3423 5214 3526 5287 γὰρ
3586 5216 3620 5283 ἡ
3655 5213 3745 5268 οὐ·

2093 5300 2180 5355 σία
2209 5299 2315 5371 ὅλη
2350 5301 2658 5376 ἀγέννητος,
2715 5299 2806 5355 καὶ
2862 5297 3015 5357 οὐδὲν
3065 5301 3150 5358 ἐπ’
3178 5303 3315 5379 αὐτῇ
3349 5304 3515 5379 μέρος
3552 5324 3747 5381 γεννη-

332 4877 445 4932 hoc
473 4871 559 4928 vel
590 4873 679 4926 est
708 4870 896 4922 totum
927 4860 1012 4917 vel
1046 4875 1180 4932 pars
1213 4873 1226 4911 :
1260 4857 1306 4910 si
1359 4870 1493 4925 pars
1525 4858 1633 4919 est,
1675 4853 1827 4909 Deus
1872 4854 1985 4909 erit

334 4964 446 5020 sibi
489 4960 602 5034 ipsi
633 4952 974 5019 dissimilis;
1023 4948 1318 5020 siquidem
1370 4960 1508 5034 una
1534 4944 1665 5012 ejus
1716 4958 1851 5034 pars
1901 4946 1990 4998 est

334 5070 443 5108 non
480 5031 691 5121 genita,
720 5043 901 5099 altera
929 5054 1062 5094 vero
1093 5035 1309 5109 genita.
1344 5035 1417 5087 At
1463 5031 1512 5086 si
1559 5036 1685 5086 tota
1713 5032 1847 5100 ejus
1881 5049 1986 5088 na-

333 5149 468 5198 tura
493 5142 583 5195 est
631 5151 745 5190 non
801 5128 1016 5203 genita,
1067 5130 1125 5181 et
1157 5128 1324 5179 Pater
1352 5121 1591 5177 omnino
1624 5121 1831 5190 major,
1865 5130 1986 5177 sta-

329 5231 435 5286 tim
469 5244 534 5284 eo
568 5222 773 5281 recidit
801 5237 913 5288 res,
948 5222 1012 5272 ut
1041 5212 1281 5269 alterius
1334 5226 1401 5265 ac
1451 5209 1689 5263 diversae
1721 5212 1798 5264 sit
1844 5210 1982 5265 sub-

330 5316 579 5377 stantias.
603 5312 771 5377 Nam,
808 5309 858 5366 si
886 5312 1009 5362 tota
1033 5302 1221 5360 Patris
1252 5298 1589 5356 substantia
1618 5303 1708 5354 est
1737 5316 1853 5354 non
1882 5315 1982 5372 ge-

394 5473 440 5508 “
473 5472 605 5527 Luc.
636 5483 699 5535 ιι,
730 5464 823 5518 51.
897 5460 941 5495 ⁵ο
964 5458 1133 5515 Joan.
1164 5469 1282 5521 xxx,
1309 5451 1399 5507 28.
1477 5450 1520 5487 δι
1545 5449 1732 5507 Eocle.
1765 5467 1863 5529 vii,
1899 5451 1985 5507 17.

2138 5453 2307 5510 Joan.
2339 5469 2463 5523 vm,
2496 5453 2585 5509 49.
2661 5453 2706 5490 ⁸³
2734 5453 2901 5512 Joan.
2932 5473 3011 5528 vx,
3045 5456 3132 5513 44.

2161 5624 2269 5695 (20)
2302 5622 2417 5680 Pal.
2452 5623 2514 5679 Et
2546 5621 2634 5678 ἐπὶ
2670 5628 2826 5681 Θεοῦ.
2862 5628 2993 5685 Mox
3020 5628 3210 5687 Felck.
3245 5634 3302 5687 et
3331 5630 3474 5687 edit.
3537 5628 3743 5704 Steph.

2087 5692 2311 5756 ἀληθῶς
2342 5691 2418 5751 δέ.

2156 5733 2481 5843 (ἓῖἵὶξῆᾕ
2514 5765 2784 5847 λέγοντων
2820 5769 2942 5828 Ἐὰν
2966 5766 3099 5848 ἐγώ.

376 5641 507 5729 ’(18)
540 5637 653 5693 Pal.
706 5631 866 5690 Ἀλλ’
900 5628 945 5685 εἷ
1003 5624 1177 5707 φύσει.
1238 5625 1378 5697 Reg.
1433 5626 1492 5678 et
1548 5619 1744 5679 Felck.
1804 5618 1979 5678 Ἀλλὰ

324 5731 394 5787 ii”
400 5730 481 5787 ΨΥ
490 5750 505 5787 ξ

397 5781 505 5853 (19)
531 5778 674 5836 Mss.
699 5774 790 5830 τὸν
821 5770 1102 5850 γεννητόν.
