4116 6356
321 423 477 484 1169

1298 424 1394 483 ΒΕ
1439 422 1737 482 SANCTA
1784 419 2210 481 TRlNl'l‘ATE
2260 421 2642 484 DIALQGUS
2691 422 2766 484 Π.

3583 423 3740 483 1170

317 556 434 620 τὸν,
465 555 601 608 κατά
649 551 706 608 δὲ
751 553 813 608 τὸ
862 555 1154 629 ἀγέννητον
1206 554 1486 626 ἀνόμοιος,
1520 555 1634 607 καθ’
1677 551 1815 622 ὅλην
1867 553 1951 626 ἄρα

2081 553 2223 620 nita,
2252 570 2356 608 nec
2391 555 2510 609 ulla
2557 557 2682 622 ejus
2714 573 2849 626 pars
2894 557 3090 628 genita
3119 563 3225 622 est,
3265 557 3441 612 Filius
3480 573 3612 611 vero
3646 562 3732 610 est

315 645 416 711 τὴν
452 642 635 697 οὐσίαν
669 642 944 716 ἀνόμοιος.
981 649 1102 704 Πῶς
1133 642 1221 696 οὐν
1257 643 1454 716 λέγεις,
1487 641 1631 709 πλὴν
1664 649 1763 709 τῆς
1813 643 1966 714 ἀγεν-

315 732 530 801 νησίας,
564 732 615 785 ἐν
665 729 723 786 δὲ
780 737 859 803 τῷ
908 738 1153 806 γεννητῷ
1198 731 1309 808 ἔχει
1361 733 1456 800 τὴν
1495 732 1774 805 ὑπεροχὴν
1834 732 1968 784 κατά

313 826 410 876 τοῦ
443 823 570 874 Υἱοῦ
598 841 612 888 ;
646 822 721 878 Τὸ
755 818 811 876 δὲ
841 821 1131 897 ἀγέννητον
1166 820 1316 874 οὐδὲν
1347 820 1490 874 ἔσται
1530 825 1626 874 τοῦ
1673 821 1796 873 Υἱοῦ
1849 824 1966 891 μεῖο

320 916 432 979 ζον,
467 909 600 984 ὅπερ
651 906 752 982 ἔξω
801 911 926 988 φασὶ
960 914 1200 981 (22)τῆς
1251 910 1434 970 οὐσίας
1487 913 1583 962 τοῦ
1639 909 1864 982 Πατρός.
1905 909 1967 963 Ei’

316 996 373 1054 δὲ
405 1001 438 1067 ἡ
477 999 724 1073 ὑπεροχῆ
767 995 866 1070 ἔξω
913 1006 1012 1066 τῆς
1055 998 1236 1060 οὐσίας
1285 1003 1380 1051 τοῦ
1429 999 1656 1071 [Ἰατρὸς,
1690 1001 1724 1065 ἡ
1780 997 1963 1066 ἰσότης

313 1088 364 1142 ἐν
416 1087 483 1161 τῇ
529 1087 684 1157 οὐσίᾳ
735 1086 866 1143 ἐστί.
904 1090 1102 1156 Μεῖζον
1155 1088 1211 1141 δέ
1260 1087 1368 1142 ἐστι
1411 1088 1471 1140 τὸ
1523 1086 1808 1161 ἀγέννητον
1869 1092 1964 1141 to")

313 1178 465 1243 Γὶοὖ,
501 1176 632 1250 ὅπερ
667 1183 824 1230 πᾶσιν
860 1175 1034 1230 οὐδέν·
1071 1178 1157 1230 καὶ
1193 1178 1251 1230 τὸ
1287 1173 1397 1230 τ’σον
1431 1177 1480 1230 ἐν
1514 1182 1591 1246 τῷ
1639 1177 1748 1247 1·ἱῷ
1794 1175 1960 1243 ἔσται,

312 1262 487 1318 ἐκεῖνο
541 1265 633 1336 μὲν
686 1265 974 1341 ἀγέννητον
1027 1268 1165 1336 (23),
1198 1270 1362 1319 ταῦτα
1413 1264 1468 1318 δὲ
1517 1266 1764 1339 γεννητά.
1812 1266 1960 1338 Ὀρθ.

314 1354 602 1429 Ἀρπάζειν
638 1351 717 1409 δεῖ
749 1354 810 1408 οὐ
859 1355 926 1408 τὰ
973 1354 1200 1432 ἄγραφα,
1237 1354 1380 1409 ἀλλᾶ
1427 1356 1524 1422 τὴν
1570 1359 1677 1408 τῶν
1722 1353 1960 1428 οὐρανῶν

319 1443 612 1518 βασιλείαν.
663 1442 722 1496 Τί
773 1442 864 1498 οὖν
912 1443 973 1497 σὺ
1020 1443 1275 1514 ἀρπάζεις
1308 1445 1336 1498 '6
1377 1441 1499 1498 οὔτε
1551 1447 1585 1513 ἡ
1639 1446 1819 1520 Γραφή
1877 1464 1961 1497 σοι

317 1529 553 1601 δίδωσιν,
590 1530 712 1587 οὕτε
768 1532 1194 1605 ἡμεῖς;Οὐδεὶς
1253 1534 1352 1608 γὰρ
1411 1536 1571 1605 ἡμῶν
1631 1554 1711 1586 σοι
1773 1530 1962 1586 δίδωσι

310 1622 445 1675 κατὰ
499 1623 560 1676 τὸ
618 1623 909 1698 ἀγέννητον
967 1622 1187 1694 μείζονά
1211 1624 1303 1677 τὸν
1341 1623 1567 1693 Πατέρα.
1603 1619 1742 1677 Οὐδέ
1799 1621 1899 1695 γὰρ
1932 1622 1959 1676 6

308 1710 431 1771 Υἱὸς
481 1712 649 1768 εἶπεν.
682 1712 742 1767 Ὁ
792 1710 1079 1786 ἀγέννητος
1135 1711 1332 1783 μείζων
1390 1712 1492 1782 μού
1543 1711 1706 1776 ἐστιν,
1760 1710 1886 1765 ἀλλ’
1930 1711 1958 1764 6

309 1800 516 1875 Πατήρ,
567 1800 703 1872 πρὸς
752 1800 809 1855 ὃν
866 1799 1187 1873 πορεύεσθαι
1234 1799 1454 1872 ἔμελλε.
1510 1800 1660 1874 Λέγει
1707 1802 1807 1874 γάρ
1868 1800 1958 1853 οὕ-

304 1907 428 1948 τως·
465 1912 492 1938 (ί
526 1888 589 1944 Εἰ
639 1889 743 1963 γάρ
795 1889 1038 1964 ἠγαπᾶτέ
1090 1911 1175 1961 με,
1224 1888 1460 1964 ἐχάρητε
1507 1889 1588 1956 ἂν,
1641 1888 1724 1943 ὅτι
1785 1889 1956 1955 εἷπον,
1992 1931 2034 1995 Β

311 1982 351 1995 η
467 1975 479 1994 Ι
734 1979 745 1994 \
869 1978 880 1994 ε
974 1984 1014 1995 υ.
1094 1979 1103 1995 1
1243 1980 1254 1994 ο
1339 1979 1349 1994 \
1448 1985 1486 1995 r-
1581 1980 1591 1995 I
1915 1977 1926 1995 I

310 1975 620 2052 Πορεύομαι
652 1979 786 2049 πρὸς
829 1978 920 2032 τὸν
974 1979 1198 2053 Πατέρα·
1235 1980 1262 2032 6
1293 1979 1393 2053 γάρ
1446 1980 1628 2052 Πατήρ
1684 2000 1785 2048 μου
1840 1977 1954 2049 μεί-

310 2070 412 2134 ζων
463 2065 568 2138 μού
620 2065 750 2123 ἐστι.
801 2091 830 2118 ››
881 2067 1173 2142 Πορεύετάι
1217 2064 1294 2134 δὲ,
1345 2067 1418 2128 ὡς
1475 2068 1689 2144 μορφὴν
1755 2065 1955 2121 δούλου

307 2149 514 2209 λαϐών*
549 2156 622 2216 ὡς
670 2153 726 2210 δὲ
774 2157 922 2226 Θεὸς,
973 2156 1024 2210 ἐν
1077 2156 1221 2228 αὐτῷ
1270 2157 1358 2210 τὸν
1413 2156 1622 2231 Πατέρα
1676 2152 1812 2231 ἔχει,
1866 2155 1954 2210 λέ-

303 2263 441 2318 γων·
479 2246 680 2320 «Ἐγὼ
729 2244 781 2299 ἰν
831 2249 910 2316 τῷ
961 2246 1148 2318 Πατρῖ,
1181 2245 1270 2298 καὶ
1318 2246 1345 2298 6
1399 2247 1582 2320 Πατὴρ
1633 2244 1684 2299 ἐν
1746 2245 1891 2315 ἐμοὶ,
1930 2270 1950 2295 ι

302 2331 413 2400 καὶ,
452 2357 478 2384 ‹‹
509 2334 651 2407 Ἐγὼ
709 2333 798 2387 καὶ
847 2335 874 2388 6
927 2335 1110 2409 Πατὴρ
1155 2331 1208 2388 ἓν
1261 2333 1436 2405 ἐσμεν·
1483 2334 1510 2387 6
1543 2333 1798 2408 ἑωρακὼς
1860 2333 1957 2406 ἐμὲ

305 2420 514 2492 ἑώρακε
567 2422 660 2476 τὸν
729 2422 957 2498 Πατέρα.
1013 2424 1068 2475 Ὀ
1129 2424 1314 2498 Πάτὴρ
1375 2424 1402 2477 ὁ
1467 2421 1519 2476 ἐν
1576 2422 1697 2494 ἐμοὶ
1784 2421 1957 2494 μένων

301 2516 450 2564 ποιεῖ
507 2511 572 2565 τά
626 2507 752 2586 ἔργα
809 2512 988 2574 αὐτός.
1041 2537 1062 2562 ›τ
1118 2514 1204 2580 Μὴ
1266 2511 1354 2565 οὖν
1419 2511 1692 2584 ἐπίσπειρε
1751 2513 1956 2580 ζιζάνια

299 2603 381 2671 τῷ
412 2601 560 2676 ἆγρῷ
585 2607 686 2669 τῆς
719 2601 862 2664 θείας
895 2608 1132 2679 Γραφῆς,
1167 2602 1228 2656 τὸ
1260 2601 1545 2675 ἀγέννητον
1603 2601 1691 2654 καὶ
1740 2601 1802 2654 τὸ
1861 2603 1955 2654 ἀν-

301 2686 514 2759 όμοιον’
550 2687 677 2744 ἀλλ’
708 2689 754 2744 εἰ
804 2689 982 2751 θέλεις
1032 2689 1348 2768 φιλοσοφεῖν
1393 2694 1560 2744 ταῦτα
1601 2690 1667 2744 τὰ
1718 2689 1953 2764 ῥήματα,

301 2776 388 2830 ἐπὶ
446 2781 541 2831 τοῦ
603 2779 876 2854 ἀφθάρτου
934 2780 1021 2833 καὶ
1082 2779 1348 2833 ἀθανάτου
1407 2779 1728 2856 φιλοσόφει·
1791 2785 1957 2834 ταῦτα

300 2866 400 2941 γάρ
452 2866 553 2920 sict
605 2868 886 2942 σπέρματα
929 2873 1026 2922 τοῦ
1075 2869 1240 2943 ἀγροῦ
1287 2875 1386 2937 τῆς
1435 2875 1670 2944 Γραφῆς·
1721 2869 1857 2930 οἷον,
1892 2868 1955 2924 Εἰ

303 2949 411 3008 ἔστι
451 2955 516 3010 τὸ
561 2955 845 3024 ἀθάνατον,
879 2957 912 3026 ἢ
949 2957 1239 3012 δλον’ἐστὶ
1289 2962 1449 3012 τοῦτο
1498 2959 1531 3024 ἢ
1582 2958 1765 3030 μέρος.
1803 2956 1958 3012 Ἀλλ’

309 3043 354 3096 εἲ
403 3045 496 3116 μὲν
552 3047 736 3120 μέρος,
771 3045 934 3100 πάλιν
986 3047 1160 3118 ἑαυτῷ
1207 3043 1350 3102 ἔσται
1383 3046 1666 3118 ἀνόμοιος,
1700 3045 1752 3100 εἷ’
1787 3068 1847 3120 γε
1893 3048 1956 3101 τὸ

312 3133 405 3204 μὶν
438 3133 602 3209 μέρος
635 3135 822 3204 αὐτοῦ,
855 3135 1136 3203 ἀθάνατον,
1168 3136 1234 3190 τὰ
1265 3134 1322 3190 δὲ
1354 3134 1496 3191 ἄλλα
1530 3137 1626 3208 μή.
1667 3136 1726 3192 Εἰ
1761 3133 1816 3190 δὲ
1848 3135 1952 3205 ὅλη

305 3223 339 3289 ἡ
374 3223 528 3299 φύσις
563 3225 820 3286 ἀθάνατος
858 3224 945 3278 καὶ
978 3223 1270 3302 ἄφθαρτος,
1299 3225 1538 3279 καθόλου
1590 3223 1645 3278 δὲ
1694 3225 1954 3286 ἀθάνατος

2081 643 2191 714 ipsi
2226 643 2280 697 in
2315 661 2380 698 eo
2413 645 2740 708 dissimilis,
2773 647 2925 716 quod
2963 646 3057 700 ille
3077 663 3188 700 non
3211 647 3286 701 sit
3318 647 3570 717 genitus,
3595 663 3732 698 con-

2079 733 2345 803 sequitur
2391 751 2525 788 eum
2580 735 2758 788 totius
2809 736 3074 789 essentia:
3125 736 3345 789 ratione
3394 753 3522 789 esse
3574 736 3728 788 Patri

2079 823 2449 877 dissimilem.
2483 823 2626 886 Quid
2664 823 2748 878 ais
2778 824 2977 894 igitur,
3013 830 3394 894 praeterquam
3431 825 3581 893 quod
3618 841 3728 877 non

2078 912 2155 965 sit
2203 913 2458 982 genitus,
2491 919 2545 966 et
2593 913 2650 965 in
2705 929 2771 966 eo
2805 915 2957 984 quod
3013 915 3088 967 sit
3137 930 3246 966 non
3300 914 3553 984 genitus,
3591 913 3730 966 Filio

2077 1000 2402 1070 praecellere
2435 1001 2462 1055 ?
2515 1006 2582 1054 At
2633 1018 2745 1055 non
2798 1002 3059 1069 genitum
3110 1000 3294 1056 nihilo
3346 1002 3487 1055 Filio
3536 1002 3732 1070 majus

2075 1089 2205 1152 erit,
2236 1091 2386 1159 quod
2439 1096 2595 1144 extra
2626 1091 2813 1145 Patris
2845 1091 3160 1144 essentiam
3205 1092 3451 1144 dicatur.
3488 1091 3649 1154 Quod
3683 1090 3728 1143 si

2075 1178 2203 1247 ipsa
2223 1179 2564 1233 excellentia
2584 1185 2744 1234 extra
2776 1180 2961 1233 Patris
2984 1180 3377 1234 substantiam
3397 1185 3507 1240 est,
3530 1195 3728 1249 aequa-

2075 1266 2209 1321 litas
2233 1268 2289 1321 in
2317 1267 2442 1339 ipsa
2465 1269 2793 1323 substantia
2809 1276 2915 1322 est.
2939 1269 3046 1322 Sed
3075 1271 3266 1338 majus
3286 1273 3372 1321 est
3391 1268 3550 1330 Filio,
3572 1269 3724 1336 quod

2074 1356 2338 1426 genitum
2398 1375 2510 1412 non
2545 1364 2653 1412 est.
2709 1359 2776 1412 Et
2804 1357 3108 1429 inqualitas
3158 1358 3216 1411 in
3273 1357 3410 1411 Filio
3441 1357 3551 1411 erit
3583 1357 3725 1410 illud

2074 1445 2312 1515 quidem
2348 1463 2460 1501 non
2493 1447 2782 1516 genitum,
2817 1463 2948 1501 cum
3001 1445 3120 1500 haec
3153 1446 3273 1500 sint
3315 1445 3532 1514 genita.
3570 1446 3721 1500 Orth.

2073 1534 2342 1604 Arripsre
2376 1552 2488 1589 non
2533 1536 2720 1601 decet,
2755 1552 2880 1606 quae
2915 1536 3130 1606 scripta
3161 1551 3277 1588 non
3310 1539 3470 1596 sunt,
3503 1535 3605 1588 sed
3639 1551 3726 1587 re-

2071 1639 2251 1694 gnum
2275 1621 2574 1678 ccelorum.
2601 1626 2887 1688 Quorsum
2915 1622 3510 1696 igiturarripis,quod
3539 1639 3725 1692 neque

2072 1713 2393 1783 Scriptura,
2415 1699 2603 1783 neque
2627 1729 2734 1768 nos
2756 1714 2967 1768 damus
2987 1712 3014 1767 ‘2
3042 1712 3252 1767 Nullus
3274 1713 3427 1767 enim
3454 1717 3719 1766 nostrum

2069 1801 2171 1856 tibi
2214 1801 2478 1856 concedit
2509 1802 2734 1856 Patrem
2784 1819 2914 1856 esse
2947 1803 3248 1869 majorem,
3283 1801 3410 1856 ideo
3463 1802 3616 1873 quod
3647 1802 3722 1856 sit

2070 1891 2384 1960 ingenitus.
2408 1890 2522 1945 Nec
2553 1892 2708 1945 enim
2735 1891 2916 1945 Filius
2947 1892 3123 1946 dicit:
3148 1891 3254 1953 Qui
3287 1896 3376 1945 est
3398 1891 3717 1960 ingenitus.

2069 1982 2256 2050 major
2290 1995 2376 2034 me
2407 1985 2533 2041 est:
2587 1980 2708 2048 sed,
2748 1981 2930 2042 Pater,
2963 1981 3034 2034 ad
3068 1997 3237 2050 quem
3271 1985 3395 2034 erat
3427 1980 3716 2049 profectu-

2067 2087 2188 2124 rus.
2227 2069 2368 2124 Nam
2405 2068 2769 2140 sicloquitur
2802 2087 2814 2124 :
2848 2093 2874 2119 ‹‹
2909 2070 2966 2125 Si
3001 2070 3322 2142 diligeretis
3353 2087 3466 2138 me,
3498 2071 3722 2142 gaude-

2067 2160 2226 2223 retis,
2262 2158 2400 2229 quia
2429 2158 2569 2222 dixi,
2595 2159 2741 2212 vado
2772 2159 2840 2212 ad
2876 2159 3136 2213 Patrem:
3165 2159 3330 2213 Pater
3359 2160 3515 2213 enim
3551 2177 3716 2215 meus

2068 2249 2257 2316 major
2286 2263 2378 2301 me
2409 2253 2498 2302 est
2516 2248 2579 2300 ⁵⁴.
2615 2269 2642 2296 ››
2676 2247 2850 2302 Vadit
2892 2255 3108 2314 autem,
3143 2254 3435 2318 quatenus
3467 2251 3713 2304 formam

2067 2336 2215 2390 servi
2246 2337 2500 2406 accepit;
2552 2343 2844 2406 quatenus
2884 2354 3016 2391 vero
3065 2343 3154 2391 est
3187 2338 3359 2404 Deus,
3398 2339 3568 2394 habet
3618 2341 3714 2393 Pa-

2066 2430 2214 2480 trem
2246 2424 2304 2478 in
2329 2425 2665 2494 semetipso,
2686 2425 2916 2480 dicens:
2949 2449 2974 2474 ‹‹
3010 2426 3127 2497 Ego
3157 2426 3217 2480 in
3256 2427 3436 2490 Patre,
3469 2434 3526 2482 et
3554 2432 3722 2482 Pater

2068 2514 2124 2567 in
2161 2529 2251 2568 me
2272 2515 2363 2583 δν,
2397 2536 2424 2564 ››
2460 2518 2548 2569 et:
2577 2535 2596 2560 α
2635 2515 2748 2585 Ego
2780 2519 2836 2568 et
2867 2515 3035 2568 Pater
3065 2532 3249 2569 unum
3282 2517 3554 2570 sumus“
3581 2533 3593 2570 :
3619 2518 3717 2586 qui

2065 2603 2213 2656 vidit
2246 2619 2356 2666 me,
2389 2603 2532 2656 vidit
2580 2602 2807 2656 Patrem
2842 2619 2855 2656 :
2898 2605 3058 2658 Pater
3089 2604 3146 2657 in
3182 2619 3274 2658 me
3321 2621 3564 2658 manens
3599 2605 3720 2675 ipsc

2067 2691 2203 2745 facit
2253 2707 2426 2761 opera
2447 2692 2510 2744 ⁸⁸.
2545 2714 2572 2740 ››
2624 2691 2704 2746 Ne
2755 2693 2932 2762 igitur
2990 2691 3259 2763 insperge
3316 2709 3453 2763 agro
3515 2695 3720 2748 divinas

2067 2782 2378 2852 Scriptum
2424 2781 2534 2834 ista
2564 2781 2802 2850 zizania,
2837 2798 2950 2835 non
3002 2783 3263 2853 genitum
3295 2789 3350 2836 et
3381 2783 3670 2837 dissimile
3706 2799 3716 2838 :

2067 2872 2193 2935 sed,
2228 2871 2274 2923 si
2310 2870 2396 2924 vis
2420 2871 2477 2924 in
2511 2871 2657 2940 ipsis
2688 2869 2986 2924 vocabulis
3018 2870 3433 2941 philosophari.
3461 2871 3716 2941 philoso-

2067 2957 2248 3028 phare
2277 2958 2512 3011 demum
2547 2957 2604 3010 in
2660 2957 2997 3012 nominibus
3029 2958 3488 3028 incorruptibilis
3521 2965 3575 3012 et
3608 2959 3714 3014 im-

2069 3045 2355 3100 mortalis.
2383 3051 2510 3100 llasc
2541 3045 2695 3099 enim
2725 3052 2863 3100 sunt
2885 3047 3006 3116 agri
3031 3048 3338 3116 Scriptura;
3361 3047 3588 3102 semina
3613 3064 3625 3100 :
3654 3053 3718 3101 ut

2066 3135 2116 3191 si
2146 3134 2478 3189 immortale
2509 3139 2618 3196 est,
2653 3141 2751 3188 aut
2802 3140 2984 3189 totum
3019 3140 3128 3202 est,
3161 3141 3263 3191 aut
3293 3153 3462 3206 pars;
3499 3136 3546 3190 si
3583 3155 3716 3208 pars

2066 3231 2174 3293 est,
2212 3225 2374 3278 Pater
2407 3224 2577 3278 fuerit
2603 3225 2710 3276 sibi
2747 3224 2855 3294 ipsi
2889 3225 3218 3286 dissimilis,
3250 3225 3543 3295 siquidem
3581 3244 3713 3296 pars

306 3310 335 3363 6
363 3311 546 3387 Πατὴρ
577 3313 666 3367 καὶ
717 3309 1003 3390 ἄφθαρτος,
1036 3315 1124 3368 καὶ
1157 3316 1184 3367 6
1217 3315 1340 3375 Υἱὸς
1392 3314 1543 3375 εὐθὺς
1587 3313 1673 3368 ἐπὶ
1721 3315 1784 3368 τὸ
1826 3335 1948 3368 ταυ-

2066 3316 2192 3383 ejus
2225 3332 2341 3368 una
2375 3314 2545 3367 fuerit
2592 3313 2962 3378 immortalis,
2997 3313 3179 3368 altera
3222 3331 3336 3369 non
3369 3313 3528 3368 item.
3565 3317 3634 3368 At
3665 3315 3715 3369 si

302 3399 396 3452 τὸν
453 3407 550 3468 τῆς
609 3401 791 3463 οὐσίας
849 3402 978 3456 6'on
1043 3403 1405 3476 εὑρεθήσεται.
1442 3403 1502 3459 Εἰ
1561 3403 1664 3476 γάρ
1709 3405 1743 3471 ὴ
1797 3402 1951 3458 οὐσία

299 3487 404 3560 ὅλη
442 3490 699 3554 ἀθάνατος
733 3492 820 3546 καὶ
852 3489 1146 3570 ἄφθαρτος,
1173 3493 1260 3546 καὶ
1304 3489 1457 3547 οὐδὲν
1501 3492 1552 3547 ἐν
1603 3492 1738 3566 αὐτῇ
1789 3493 1948 3567 μέρος

295 3578 560 3643 ἐναντίον,
587 3583 705 3635 καθ’
753 3580 887 3650 ὅλην
942 3583 1044 3657 ἄρα
1081 3583 1178 3650 τήν
1212 3581 1391 3636 οὐσίαν
1425 3585 1460 3651 ἡ
1499 3581 1786 3651 ταυτότης.
1823 3587 1948 3644 Πῶς

295 3665 386 3722 οὖν
421 3667 607 3741 τολμᾷ
633 3691 716 3732 τις
753 3669 927 3746 λέγειν
957 3671 1216 3743 ἀνόμοιον
1243 3691 1256 3740 ;
1289 3671 1484 3746 Λέγετε
1508 3674 1606 3740 τῆς
1656 3670 1942 3745 ἐνεργείας,

295 3759 476 3833 φασὶν,
530 3758 731 3814 εἰκόνα.
775 3759 836 3813 Εἰ
879 3757 936 3814 δὲ
985 3758 1223 3836 ἐνέργεια
1267 3762 1459 3815 ταυτὸν
1629 3760 1802 3831 οὐσίᾳ,
1847 3767 1947 3829 τῆς

292 3846 396 3919 ἄρα
426 3845 613 3908 οὐσίας
645 3843 790 3902 ἔσται
825 3847 980 3902 εἰκὼν
1017 3849 1043 3902 ὁ
1076 3848 1220 3910 Υἱός.

2061 3408 2182 3457 tota
2211 3404 2336 3472 ejus
2372 3410 2578 3457 natura
2611 3410 2699 3456 est
2731 3402 3215 3474 incorruptibilis,
3249 3407 3305 3457 et
3336 3402 3711 3469 immortalis,

2060 3497 2117 3547 et
2152 3494 2312 3546 Pater
2357 3498 2445 3546 est
2475 3492 2714 3545 omnino
2763 3492 3116 3546 immortalis
3145 3499 3202 3546 et
3232 3491 3711 3562 incorruptibilis,

2059 3582 2326 3652 protinus
2374 3597 2606 3651 quoque
2640 3581 2815 3634 Filius
2867 3581 2995 3650 ipsa
3024 3581 3355 3636 substantia
3400 3582 3552 3635 idem
3585 3599 3715 3636 esse

2057 3669 2466 3741 compcrietur.
2505 3670 2670 3736 Nam,
2706 3670 2752 3723 si
2792 3674 2910 3723 tota
2955 3670 3286 3723 substantia
3335 3676 3418 3724 est
3453 3671 3711 3726 incorru-

2059 3760 2281 3831 ptibilis
2312 3765 2368 3814 et
2413 3758 2788 3824 immortalis,
2822 3775 2926 3813 nec
2959 3758 3077 3813 ulla
3105 3764 3194 3813 est
3230 3761 3357 3830 ejus
3391 3761 3541 3815 428
3578 3778 3712 3830 pars

2056 3864 2414 3919 repugnans,
2451 3865 2659 3918 nempe
2707 3848 2764 3901 in
2817 3853 2935 3902 tota
2983 3849 3238 3903 essentia
3280 3857 3370 3903 est
3411 3848 3707 3904 idenlitas.

295 3936 599 4000 Quomodo
632 3938 810 4007 igitur
839 3939 1011 3994 audet
1042 3939 1258 4010 aliquis
1290 3940 1479 3995 dicere
1509 3941 1858 3994 dissimilem
1881 3939 1908 3993 ?
1956 3938 2159 3994 Dicitis
2190 3954 2318 3992 esse
2347 3939 2596 4008 energias
2626 3937 2744 3991 sive
2774 3937 3137 3992 efﬁcacitatis
3177 3938 3511 4006 imaginem.
3547 3941 3704 4004 Quod

299 4026 344 4078 si
379 4025 697 4082 efﬁcacitas
728 4028 931 4082 eadem
964 4034 1052 4083 est
1081 4034 1257 4100 atque
1289 4029 1641 4095 substantia,
1670 4030 1781 4082 erit
1811 4028 2091 4082 nimirum
2127 4026 2308 4081 Filius
2339 4026 2680 4080 substantia;
2710 4026 2924 4097 imago.

367 4113 688 4186 ἰοἶρωτῶμεν
745 4115 950 4172 τοίνυν.
987 4115 1300 4190 Ἑγέννησεν
1362 4117 1395 4184 ἢ
1457 4113 1557 4184 οῧ;
1611 4115 1771 4181 Φασὶ,
1832 4115 1940 4171 ναί.

294 4202 391 4256 Ἐκ
446 4209 545 4271 τῆς
603 4202 816 4270 οὐσίας,
849 4205 882 4272 ἢ
942 4204 1002 4258 ἐκ
1054 4212 1152 4274 τῆς
1213 4205 1526 4275 θελησεωςς
1561 4204 1674 4262 Οὐκ
1733 4203 1792 4258 ἐκ
1841 4211 1940 4273 τῆς

295 4289 503 4357 οὐσίας,
535 4293 718 4370 φησὶν,
752 4291 876 4348 ἀλλ’
909 4293 968 4348 ἐκ
995 4302 1094 4364 τῆς
1129 4294 1473 4369 βουλήσεως⁸
1511 4294 1654 4349 ἄλλο
1701 4295 1800 4370 γὰρ
1849 4292 1938 4348 λέ-

291 4400 409 4453 γεις
466 4380 626 4443 αὐτὸς
681 4383 778 4450 τήν
841 4382 1152 4458 ἀγαθότητα
1200 4384 1288 4438 καὶ
1331 4385 1430 4452 τήν
1486 4383 1750 4458 βούλησιν
1797 4383 1942 4456 παρὰ

287 4470 387 4536 τήν
420 4468 625 4534 οὐσίαν,
723 4471 822 4538 τὴν
867 4471 1056 4541 αὐτήν.
1093 4472 1153 4528 Ei
1207 4473 1300 4544 μὲν
1347 4473 1438 4526 οὖν
1482 4473 1580 4540 τήν
1633 4472 1797 4539 αὐτὴν
1850 4471 1938 4526 λέ-

2123 4117 2324 4178 Quaaro
2358 4116 2572 4186 igitur:
2609 4115 2822 4170 Genuit
2856 4119 3045 4182 Pater,
3080 4133 3272 4171 annon
3297 4117 3324 4170 ‘I
3351 4119 3582 4186 Genuit,
3620 4120 3704 4173 in-

2053 4205 2198 4274 quit.
2243 4204 2390 4258 Num
2442 4219 2509 4258 ex
2552 4203 2909 4270 substantia,
2963 4221 3034 4257 an
3089 4221 3222 4259 vero
3254 4222 3322 4258 ex
3368 4205 3710 4262 voluntate?

2053 4293 2174 4347 Non
2209 4309 2275 4347 ex
2327 4293 2680 4361 substantia,
2716 4291 2926 4361 inquit,
2961 4293 3060 4347 sed
3094 4311 3162 4347 ex
3206 4293 3523 4349 voluntate.
3560 4295 3701 4350 Nam

2054 4382 2373 4438 bonitatem
2405 4386 2456 4435 et
2490 4384 2847 4434 voluntatem
2881 4380 2966 4434 vel
3000 4381 3154 4435 aliud
3189 4397 3320 4436 esse
3351 4383 3498 4436 dicis
3527 4401 3702 4454 quam

2052 4470 2467 4536 substantiam,
2514 4469 2599 4523 vel
2651 4469 2916 4523 eamdem
2969 4474 3144 4540 atque
3193 4469 3608 4525 substantiam.
3644 4474 3700 4527 Si

289 4579 420 4631 γεις,
455 4558 516 4613 ἐκ
569 4556 626 4612 δὲ
674 4566 772 4628 τῆς
823 4559 1096 4629 θελήσεως
1146 4563 1233 4615 καὶ
1282 4565 1379 4630 τῆς
1427 4562 1757 4637 ἀγαθὸτητος
1792 4560 1935 4634 ἐγένο

2066 4561 2312 4615 zamdem
2344 4557 2533 4627 fdicis,
2567 4564 2625 4612 et
2673 4558 2838 4612 Pater
2891 4574 2957 4612 ex
3005 4557 3301 4613 voluntate
3350 4560 3704 4629 et,bonitate

287 4668 467 4715 νησεν,
500 4645 628 4702 ἀλλ’
659 4649 732 4710 ὡς
767 4647 1059 4720 ὁμοούσιον
1095 4649 1271 4724 λέγεις
1301 4656 1381 4722 τῷ
1433 4651 1596 4725 Πατρῖ
1646 4653 1735 4706 τὸν
1793 4651 1936 4704 Υἱὸν·

287 4735 420 4811 ὅπερ
476 4736 537 4791 οὐ
595 4736 805 4812 βούλει.
843 4739 1030 4813 Λέγεις
1085 4736 1162 4804 δὲ,
1213 4739 1293 4793 ὅτι
1354 4739 1443 4793 καὶ
1503 4740 1568 4793 τὰ
1624 4739 1794 4794 πάντα
1826 4743 1939 4814 (24)

289 4824 350 4880 ἐκ
375 4828 472 4894 τῆς
511 4824 829 4900 βουλήσεως
868 4831 964 4880 τοῦ
1013 4831 1146 4880 Θεοῦ
1196 4827 1404 4901 ἐγένετο
1455 4825 1542 4880 διά
1591 4829 1736 4883 “ob.
1790 4828 1848 4882 Εἰ
1883 4826 1940 4882 δὶ

291 4912 514 4984 θέλησις
574 4915 766 4969 ταυτὸν
824 4919 892 4986 τῇ
945 4914 1124 4986 οὐσίᾳ,
1157 4915 1424 4987 ὀμοούσια
1478 4912 1621 4969 ἔσται
1679 4917 1744 4969 τά
1772 4917 1940 4970 πάντα

290 5008 370 5075 τῷ
429 5009 566 5075 Θεῷ,
646 5003 752 5058 εἶτε
830 5005 1048 5077 έρπετά,
1110 5003 1215 5059 ε’τε
1271 5004 1461 5076 νηκτὰ,
1512 5003 1599 5058 καὶ
1651 5004 1717 5058 τὰ
1772 5002 1942 5058 λοιπὰ

291 5091 484 5146 πάντα·
522 5094 764 5146 «Πάντα
811 5093 914 5169 γὰρ
965 5092 1062 5147 ὅσα
1113 5093 1402 5163 ἠθέλησεν,
1445 5092 1692 5162 ἐποίησεν
1754 5091 1804 5146 ἐν
1861 5093 1940 5163 τῷ

293 5178 503 5256 οὐρανῷ
560 5183 649 5236 καὶ
711 5182 762 5236 ἐν
821 5185 889 5254 τῇ
945 5182 1088 5256 ﬁ?»
1129 5181 1302 5244 οὕτως
1335 5185 1457 5256 ἄρα,
1494 5181 1580 5235 καὶ
1635 5190 1733 5250 τῆς
1794 5180 1937 5256 ἐνερ-

290 5269 432 5343 γείας
494 5270 651 5325 εἰκὼν
715 5269 808 5334 ὢν,
843 5269 894 5340 ἐξ
953 5272 1027 5325 ὧν
1084 5271 1244 5332 αὐτὸς
1305 5271 1476 5346 λέγεις
1503 5275 1634 5344 (25),
1669 5271 1794 5346 οὐχὶ
1849 5271 1937 5324 καὶ

360 5401 404 5436 ⁵⁸
431 5403 597 5460 Joan.
635 5421 751 5467 11v,
782 5404 872 5457 28.
949 5403 1018 5438 δι’
1048 5403 1214 5459 Joan.
1248 5421 1360 5474 XIV,
1398 5406 1482 5460 10.

355 5545 468 5621 (es)
501 5524 886 5621 Edit.:S_teph.
920 5543 1072 5621 φησί.

354 5615 468 5690 (23)
498 5622 611 5672 Cur
643 5615 942 5690 ἀγέννητον
968 5618 1140 5673 modo
1187 5617 1540 5690 ingenitum,
1571 5620 1746 5674 modo
1789 5635 1936 5671 non-

284 5689 549 5761 genitum
586 5689 906 5761 vertamus,
941 5690 1072 5761 vide
1101 5690 1160 5743 in
1194 5689 1419 5761 Praefat.

359 5760 474 5831 (24)
508 5761 687 5816 Palat.
726 5757 935 5833 βούλει.
990 5760 1145 5834 Λέγει
1198 5757 1254 5814 δὲ
1305 5757 1387 5814 ὅτι
1418 5760 1484 5814 τὰ
1513 5780 1572 5815 π.
1607 5761 1736 5816 Mox
1792 5760 1932 5816 edit.

1559 5405 1604 5439 ⁵⁵
1630 5403 1798 5460 Joan.
1832 5421 1888 5470 ι,
1920 5403 2009 5458 30.

2049 4648 2270 4720 genuit,
2305 4649 2386 4703 sic
2419 4664 2652 4718 quoque
2696 4647 3260 4702 consubstantialem
3294 4649 3447 4703 Patri
3492 4649 3698 4704 Filium

2049 4740 2197 4793 dicis
2231 4755 2241 4790 :
2277 4738 2425 4806 quod
2481 4742 2541 4790 tu
2581 4737 2821 4790 minime
2867 4736 2978 4790 vis.
3013 4736 3165 4792 Dicis
3195 4742 3389 4792 autem
3441 4745 3498 4792 ot
3529 4739 3699 4805 illud,

2049 4827 2244 4881 omnia
2280 4829 2427 4880 facta
2458 4833 2596 4880 sunt
2629 4843 2727 4896 per
2762 4825 2965 4880 Filium
2999 4843 3068 4880 ex
3091 4826 3190 4882 Dei
3223 4827 3539 4882 voluntate.
3567 4829 3695 4884 Jam

2049 4933 2181 4970 vero
2212 4916 2259 4970 si
2309 4916 2576 4971 voluntas
2619 4917 2821 4970 eadem
2855 4922 2946 4970 est
2985 4932 3115 4986 quae
3162 4917 3493 4972 substantia
3528 4935 3540 4972 :
3575 4935 3699 4972 om-

2051 5006 2148 5058 nia
2180 5006 2360 5074 igitur
2384 5010 2440 5060 et
2471 5005 2718 5076 replilia,
2754 5011 2809 5058 et
2845 5005 3127 5072 natatilia,
3162 5012 3487 5078 ceteraque
3515 5007 3696 5061 item:

2049 5095 2265 5156 omnia.
2339 5094 2555 5148 fuerint
2622 5094 2736 5148 Deo
2802 5092 3348 5162 consubstantialia,
3407 5094 3698 5166 siquidem

2051 5181 2320 5236 «Omnia
2375 5199 2742 5250 qumcunuue
2796 5181 2978 5237 voluit
3031 5183 3165 5237 fecit
3221 5182 3279 5236 in
3338 5183 3476 5237 coelo
3535 5190 3594 5237 et
3644 5185 3698 5238 in

2050 5277 2222 5326 terra.
2260 5294 2286 5319 ››
2321 5273 2404 5326 Ita
2430 5272 2504 5337 si,
2535 5289 2603 5325 ex
2634 5308 2649 5321 .
2759 5289 2885 5340 quas
2917 5271 3086 5332 dicis.
3123 5271 3300 5326 Filius
3329 5278 3419 5327 est
3446 5273 3698 5328 efﬁcaci-

2086 5402 2129 5437 “
2153 5405 2321 5457 Joan.
2355 5419 2468 5470 xw,
2499 5404 2555 5468 9,
2593 5404 2672 5457 10.

2049 5543 2223 5614 Steph
2236 5562 2328 5598 an.
2364 5541 2451 5596 διὰ
2482 5543 2623 5598 Υἱόν.

2117 5619 2228 5690 (25)
2271 5617 2432 5670 Hunc
2464 5616 2657 5690 locum
2690 5617 2948 5690 referens
2990 5618 3246 5672 Joannes
3276 5618 3697 5690 CypariSsiotos

2047 5689 2252 5742 Decad.
2286 5690 2340 5754 3,
2369 5705 2419 5743 c.
2442 5690 2496 5752 5,
2524 5689 2678 5742 hunc
2709 5687 3007 5759 dialogum
3041 5694 3209 5744 vocat
3239 5687 3538 5744 Athanasii
3561 5708 3690 5745 cum

2044 5759 2179 5816 Ario
2211 5760 2267 5814 in
2301 5761 2522 5832 synodo
2557 5762 2804 5819 Nicaeus.
