  <div class='ocr_page' id='page_1' title='image "/cluster/home/n/w/nwhite01/storage/ocr_20150623/28:no.4/coo.31924054873090/599.png"; bbox 0 0 4116 6380; ppageno 0'>
   <div class='ocr_carea' id='block_1_1' title="bbox 363 428 515 489">
    <p class='ocr_par' dir='ltr' id='par_1_1' title="bbox 363 428 515 489">
     <span class='ocr_line' id='line_1_1' title="bbox 363 428 515 489; baseline -0.013 0"><span class='ocrx_word' id='word_1_1' title='bbox 363 428 515 489; x_wconf 75' lang='grc'>1171</span> 
     </span>
    </p>
   </div>
   <div class='ocr_carea' id='block_1_2' title="bbox 1532 425 2610 488">
    <p class='ocr_par' dir='ltr' id='par_1_2' title="bbox 1532 425 2610 488">
     <span class='ocr_line' id='line_1_2' title="bbox 1532 425 2610 488; baseline -0.001 -1"><span class='ocrx_word' id='word_1_2' title='bbox 1532 430 1592 487; x_wconf 85' lang='lat' dir='ltr'>S.</span> <span class='ocrx_word' id='word_1_3' title='bbox 1642 425 2163 488; x_wconf 80' lang='lat' dir='ltr'>ATHANASIUS.</span> <span class='ocrx_word' id='word_1_4' title='bbox 2192 460 2266 469; x_wconf 93' lang='lat'><strong>-</strong></span> <span class='ocrx_word' id='word_1_5' title='bbox 2297 426 2610 488; x_wconf 74' lang='lat' dir='ltr'>SPUltlA.</span> 
     </span>
    </p>
   </div>
   <div class='ocr_carea' id='block_1_3' title="bbox 3640 426 3793 487">
    <p class='ocr_par' dir='ltr' id='par_1_3' title="bbox 3640 426 3793 487">
     <span class='ocr_line' id='line_1_3' title="bbox 3640 426 3793 487; baseline -0.007 -1"><span class='ocrx_word' id='word_1_6' title='bbox 3640 426 3793 487; x_wconf 79' lang='lat' dir='ltr'>H72</span> 
     </span>
    </p>
   </div>
   <div class='ocr_carea' id='block_1_4' title="bbox 358 553 2024 634">
    <p class='ocr_par' dir='ltr' id='par_1_4' title="bbox 358 558 2019 633">
     <span class='ocr_line' id='line_1_4' title="bbox 358 558 2019 633; baseline -0.001 -18"><span class='ocrx_word' id='word_1_7' title='bbox 358 560 500 617; x_wconf 89' lang='lat' dir='ltr'>tatis</span> <span class='ocrx_word' id='word_1_8' title='bbox 532 561 747 633; x_wconf 83' lang='lat' dir='ltr'>imago,</span> <span class='ocrx_word' id='word_1_9' title='bbox 782 577 974 617; x_wconf 84' lang='lat' dir='ltr'><strong>nonne</strong></span> <span class='ocrx_word' id='word_1_10' title='bbox 1004 560 1179 617; x_wconf 90' lang='lat' dir='ltr'>etiam</span> <span class='ocrx_word' id='word_1_11' title='bbox 1215 566 1304 617; x_wconf 90' lang='lat' dir='ltr'>est</span> <span class='ocrx_word' id='word_1_12' title='bbox 1335 561 1672 618; x_wconf 85' lang='lat' dir='ltr'>substantia</span> <span class='ocrx_word' id='word_1_13' title='bbox 1703 558 1863 615; x_wconf 91' lang='lat' dir='ltr'>nullo</span> <span class='ocrx_word' id='word_1_14' title='bbox 1895 575 2019 613; x_wconf 91' lang='lat' dir='ltr'>mo-</span> 
     </span>
    </p>
   </div>
   <div class='ocr_carea' id='block_1_5' title="bbox 2138 553 3787 634">
    <p class='ocr_par' dir='ltr' id='par_1_5' title="bbox 2138 553 3787 634">
     <span class='ocr_line' id='line_1_5' title="bbox 2138 553 3787 634; baseline 0.003 -25"><span class='ocrx_word' id='word_1_15' title='bbox 2138 563 2233 627; x_wconf 84' lang='grc' dir='ltr'>τῆς</span> <span class='ocrx_word' id='word_1_16' title='bbox 2291 556 2473 620; x_wconf 81' lang='grc' dir='ltr'>οὑσίας</span> <span class='ocrx_word' id='word_1_17' title='bbox 2533 558 2674 613; x_wconf 78' lang='grc' dir='ltr'>ἐστὶν</span> <span class='ocrx_word' id='word_1_18' title='bbox 2729 557 3185 634; x_wconf 82' lang='grc' dir='ltr'>ἀπαράλλακτος;</span> <span class='ocrx_word' id='word_1_19' title='bbox 3247 557 3313 615; x_wconf 75' lang='lat' dir='ltr'>Ei&#39;</span> <span class='ocrx_word' id='word_1_20' title='bbox 3374 558 3470 631; x_wconf 74' lang='grc' dir='ltr'>μὶν</span> <span class='ocrx_word' id='word_1_21' title='bbox 3532 559 3641 629; x_wconf 82' lang='lat'>(26)</span> <span class='ocrx_word' id='word_1_22' title='bbox 3695 553 3787 614; x_wconf 77' lang='grc' dir='ltr'>οὖν</span> 
     </span>
    </p>
   </div>
   <div class='ocr_carea' id='block_1_6' title="bbox 360 648 2025 721">
    <p class='ocr_par' dir='ltr' id='par_1_6' title="bbox 360 648 2025 721">
     <span class='ocr_line' id='line_1_6' title="bbox 360 648 2025 721; baseline -0.001 -16"><span class='ocrx_word' id='word_1_23' title='bbox 360 649 434 705; x_wconf 90' lang='lat' dir='ltr'>do</span> <span class='ocrx_word' id='word_1_24' title='bbox 459 649 722 705; x_wconf 82' lang='lat' dir='ltr'>diversus</span> <span class='ocrx_word' id='word_1_25' title='bbox 738 648 768 703; x_wconf 84' lang='lat'><strong>?</strong></span> <span class='ocrx_word' id='word_1_26' title='bbox 800 651 1026 721; x_wconf 82' lang='lat' dir='ltr'>Itaque,</span> <span class='ocrx_word' id='word_1_27' title='bbox 1042 650 1092 705; x_wconf 89' lang='lat' dir='ltr'>si</span> <span class='ocrx_word' id='word_1_28' title='bbox 1117 654 1228 706; x_wconf 57' lang='lat' dir='ltr'>tua;</span> <span class='ocrx_word' id='word_1_29' title='bbox 1252 650 1560 707; x_wconf 71' lang='lat' dir='ltr'>sententiae</span> <span class='ocrx_word' id='word_1_30' title='bbox 1592 650 1848 706; x_wconf 77' lang='lat' dir='ltr'>fautores</span> <span class='ocrx_word' id='word_1_31' title='bbox 1869 664 2025 705; x_wconf 88' lang='lat' dir='ltr'>ever-</span> 
     </span>
    </p>
   </div>
   <div class='ocr_carea' id='block_1_7' title="bbox 362 738 2024 811">
    <p class='ocr_par' dir='ltr' id='par_1_7' title="bbox 362 738 2024 811">
     <span class='ocr_line' id='line_1_7' title="bbox 362 738 2024 811; baseline -0.001 -17"><span class='ocrx_word' id='word_1_32' title='bbox 362 741 484 794; x_wconf 87' lang='lat' dir='ltr'>tere</span> <span class='ocrx_word' id='word_1_33' title='bbox 528 739 785 803; x_wconf 86' lang='lat' dir='ltr'>conaris,</span> <span class='ocrx_word' id='word_1_34' title='bbox 836 739 996 811; x_wconf 90' lang='lat' dir='ltr'>ipsos</span> <span class='ocrx_word' id='word_1_35' title='bbox 1045 738 1360 796; x_wconf 87' lang='lat' dir='ltr'>confutasti</span> <span class='ocrx_word' id='word_1_36' title='bbox 1392 758 1406 796; x_wconf 87' lang='lat'><strong>:</strong></span> <span class='ocrx_word' id='word_1_37' title='bbox 1442 740 1533 795; x_wconf 89' lang='lat' dir='ltr'>sin</span> <span class='ocrx_word' id='word_1_38' title='bbox 1581 743 1779 795; x_wconf 91' lang='lat' dir='ltr'>autem</span> <span class='ocrx_word' id='word_1_39' title='bbox 1829 754 2024 794; x_wconf 91' lang='lat' dir='ltr'>veram</span> 
     </span>
    </p>
   </div>
   <div class='ocr_carea' id='block_1_8' title="bbox 361 826 2026 901">
    <p class='ocr_par' dir='ltr' id='par_1_8' title="bbox 361 826 2026 901">
     <span class='ocr_line' id='line_1_8' title="bbox 361 826 2026 901; baseline 0.002 -19"><span class='ocrx_word' id='word_1_40' title='bbox 361 826 552 900; x_wconf 81' lang='lat' dir='ltr'>ipsam</span> <span class='ocrx_word' id='word_1_41' title='bbox 605 827 960 896; x_wconf 83' lang='lat' dir='ltr'>doctrinam,</span> <span class='ocrx_word' id='word_1_42' title='bbox 995 826 1161 883; x_wconf 91' lang='lat' dir='ltr'>illum</span> <span class='ocrx_word' id='word_1_43' title='bbox 1214 844 1286 884; x_wconf 89' lang='lat' dir='ltr'>ne</span> <span class='ocrx_word' id='word_1_44' title='bbox 1317 828 1612 885; x_wconf 83' lang='lat' dir='ltr'>audivisse</span> <span class='ocrx_word' id='word_1_45' title='bbox 1644 828 1881 901; x_wconf 88' lang='lat' dir='ltr'>quidem</span> <span class='ocrx_word' id='word_1_46' title='bbox 1916 845 2026 885; x_wconf 91' lang='lat' dir='ltr'>un-</span> 
     </span>
    </p>
   </div>
   <div class='ocr_carea' id='block_1_9' title="bbox 365 916 2026 990">
    <p class='ocr_par' dir='ltr' id='par_1_9' title="bbox 365 916 2026 990">
     <span class='ocr_line' id='line_1_9' title="bbox 365 916 2026 990; baseline 0.001 -19"><span class='ocrx_word' id='word_1_47' title='bbox 365 932 543 989; x_wconf 86' lang='lat' dir='ltr'>quam</span> <span class='ocrx_word' id='word_1_48' title='bbox 579 916 816 973; x_wconf 84' lang='lat' dir='ltr'>videris.</span> <span class='ocrx_word' id='word_1_49' title='bbox 851 916 1058 972; x_wconf 87' lang='lat' dir='ltr'>Filium</span> <span class='ocrx_word' id='word_1_50' title='bbox 1112 917 1269 973; x_wconf 89' lang='lat' dir='ltr'>enim</span> <span class='ocrx_word' id='word_1_51' title='bbox 1302 934 1431 974; x_wconf 87' lang='lat' dir='ltr'>esse</span> <span class='ocrx_word' id='word_1_52' title='bbox 1460 917 1650 990; x_wconf 88' lang='lat' dir='ltr'>ipsius</span> <span class='ocrx_word' id='word_1_53' title='bbox 1681 916 2026 974; x_wconf 75' lang='lat' dir='ltr'>substantias</span> 
     </span>
    </p>
   </div>
   <div class='ocr_carea' id='block_1_10' title="bbox 364 1005 2028 1078">
    <p class='ocr_par' dir='ltr' id='par_1_10' title="bbox 364 1005 2028 1078">
     <span class='ocr_line' id='line_1_10' title="bbox 364 1005 2028 1078; baseline 0.001 -18"><span class='ocrx_word' id='word_1_54' title='bbox 364 1005 682 1078; x_wconf 86' lang='lat' dir='ltr'>imaginem</span> <span class='ocrx_word' id='word_1_55' title='bbox 713 1006 859 1061; x_wconf 84' lang='lat' dir='ltr'>dixit</span> <span class='ocrx_word' id='word_1_56' title='bbox 888 1006 1204 1078; x_wconf 82' lang='lat' dir='ltr'>Apostolus</span> <span class='ocrx_word' id='word_1_57' title='bbox 1231 1024 1244 1062; x_wconf 94' lang='lat'>:</span> <span class='ocrx_word' id='word_1_58' title='bbox 1270 1029 1297 1055; x_wconf 85' lang='grc'>‹‹</span> <span class='ocrx_word' id='word_1_59' title='bbox 1333 1006 1441 1071; x_wconf 90' lang='lat' dir='ltr'>Qui</span> <span class='ocrx_word' id='word_1_60' title='bbox 1473 1023 1607 1062; x_wconf 86' lang='lat' dir='ltr'>cum</span> <span class='ocrx_word' id='word_1_61' title='bbox 1641 1007 1714 1063; x_wconf 88' lang='lat' dir='ltr'>sit</span> <span class='ocrx_word' id='word_1_62' title='bbox 1747 1005 2028 1073; x_wconf 85' lang='lat' dir='ltr'>splendor</span> 
     </span>
    </p>
   </div>
   <div class='ocr_carea' id='block_1_11' title="bbox 368 1093 2030 1169">
    <p class='ocr_par' dir='ltr' id='par_1_11' title="bbox 368 1093 2030 1169">
     <span class='ocr_line' id='line_1_11' title="bbox 368 1093 2030 1169; baseline 0.002 -20"><span class='ocrx_word' id='word_1_63' title='bbox 368 1093 569 1167; x_wconf 72' lang='lat' dir='ltr'>gloriae</span> <span class='ocrx_word' id='word_1_64' title='bbox 598 1099 656 1150; x_wconf 89' lang='lat' dir='ltr'>et</span> <span class='ocrx_word' id='word_1_65' title='bbox 688 1095 875 1165; x_wconf 81' lang='lat' dir='ltr'>figura</span> <span class='ocrx_word' id='word_1_66' title='bbox 905 1095 1247 1151; x_wconf 66' lang='lat' dir='ltr'>substantiae</span> <span class='ocrx_word' id='word_1_67' title='bbox 1270 1096 1363 1167; x_wconf 66' lang='grc' dir='ltr'>ω’,</span> <span class='ocrx_word' id='word_1_68' title='bbox 1399 1118 1427 1145; x_wconf 89' lang='grc'>››</span> <span class='ocrx_word' id='word_1_69' title='bbox 1462 1113 1564 1152; x_wconf 91' lang='lat' dir='ltr'>seu</span> <span class='ocrx_word' id='word_1_70' title='bbox 1598 1096 1903 1152; x_wconf 81' lang='lat' dir='ltr'>character</span> <span class='ocrx_word' id='word_1_71' title='bbox 1928 1096 2030 1169; x_wconf 79' lang='lat' dir='ltr'>hy-</span> 
     </span>
    </p>
   </div>
   <div class='ocr_carea' id='block_1_12' title="bbox 368 1184 2029 1258">
    <p class='ocr_par' dir='ltr' id='par_1_12' title="bbox 368 1184 2029 1258">
     <span class='ocr_line' id='line_1_12' title="bbox 368 1184 2029 1258; baseline 0.002 -20"><span class='ocrx_word' id='word_1_72' title='bbox 368 1188 694 1256; x_wconf 86' lang='lat' dir='ltr'>postaseos.</span> <span class='ocrx_word' id='word_1_73' title='bbox 727 1184 873 1239; x_wconf 91' lang='lat' dir='ltr'>Nam</span> <span class='ocrx_word' id='word_1_74' title='bbox 926 1185 1227 1240; x_wconf 84' lang='lat' dir='ltr'>character</span> <span class='ocrx_word' id='word_1_75' title='bbox 1278 1185 1662 1258; x_wconf 83' lang='lat' dir='ltr'>bypostaseos</span> <span class='ocrx_word' id='word_1_76' title='bbox 1694 1185 1839 1241; x_wconf 89' lang='lat' dir='ltr'>nihil</span> <span class='ocrx_word' id='word_1_77' title='bbox 1871 1184 2029 1242; x_wconf 86' lang='lat' dir='ltr'>aliud</span> 
     </span>
    </p>
   </div>
   <div class='ocr_carea' id='block_1_13' title="bbox 368 1272 2028 1346">
    <p class='ocr_par' dir='ltr' id='par_1_13' title="bbox 368 1272 2028 1346">
     <span class='ocr_line' id='line_1_13' title="bbox 368 1272 2028 1346; baseline 0.001 -17"><span class='ocrx_word' id='word_1_78' title='bbox 368 1277 479 1345; x_wconf 89' lang='lat' dir='ltr'>est,</span> <span class='ocrx_word' id='word_1_79' title='bbox 512 1289 687 1344; x_wconf 91' lang='lat' dir='ltr'>quam</span> <span class='ocrx_word' id='word_1_80' title='bbox 720 1273 1086 1345; x_wconf 64' lang='lat' dir='ltr'>[substantias</span> <span class='ocrx_word' id='word_1_81' title='bbox 1135 1272 1347 1346; x_wconf 83' lang='lat' dir='ltr'>imago.</span> <span class='ocrx_word' id='word_1_82' title='bbox 1384 1275 1671 1331; x_wconf 65' lang='lat' dir='ltr'>(laterum</span> <span class='ocrx_word' id='word_1_83' title='bbox 1726 1292 1838 1331; x_wconf 93' lang='lat' dir='ltr'>non</span> <span class='ocrx_word' id='word_1_84' title='bbox 1870 1274 2028 1331; x_wconf 89' lang='lat' dir='ltr'>idem</span> 
     </span>
    </p>
   </div>
   <div class='ocr_carea' id='block_1_14' title="bbox 369 1360 2029 1436">
    <p class='ocr_par' dir='ltr' id='par_1_14' title="bbox 369 1360 2029 1436">
     <span class='ocr_line' id='line_1_14' title="bbox 369 1360 2029 1436; baseline 0 -18"><span class='ocrx_word' id='word_1_85' title='bbox 369 1378 500 1419; x_wconf 89' lang='lat' dir='ltr'>esse</span> <span class='ocrx_word' id='word_1_86' title='bbox 528 1360 888 1418; x_wconf 88' lang='lat' dir='ltr'>voluntatem</span> <span class='ocrx_word' id='word_1_87' title='bbox 912 1367 1088 1433; x_wconf 88' lang='lat' dir='ltr'>atque</span> <span class='ocrx_word' id='word_1_88' title='bbox 1118 1364 1458 1432; x_wconf 85' lang='lat' dir='ltr'>essentiam,</span> <span class='ocrx_word' id='word_1_89' title='bbox 1482 1381 1591 1420; x_wconf 90' lang='lat' dir='ltr'>nos</span> <span class='ocrx_word' id='word_1_90' title='bbox 1621 1380 1855 1436; x_wconf 89' lang='lat' dir='ltr'>quoque</span> <span class='ocrx_word' id='word_1_91' title='bbox 1885 1364 2029 1420; x_wconf 65' lang='lat' dir='ltr'>ilici-</span> 
     </span>
    </p>
   </div>
   <div class='ocr_carea' id='block_1_15' title="bbox 372 1450 2031 1527">
    <p class='ocr_par' dir='ltr' id='par_1_15' title="bbox 372 1450 2031 1527">
     <span class='ocr_line' id='line_1_15' title="bbox 372 1450 2031 1527; baseline 0.001 -21"><span class='ocrx_word' id='word_1_92' title='bbox 372 1467 527 1507; x_wconf 92' lang='lat' dir='ltr'>mus.</span> <span class='ocrx_word' id='word_1_93' title='bbox 562 1451 694 1507; x_wconf 91' lang='lat' dir='ltr'>Ideo</span> <span class='ocrx_word' id='word_1_94' title='bbox 724 1450 882 1507; x_wconf 85' lang='lat' dir='ltr'>enim</span> <span class='ocrx_word' id='word_1_95' title='bbox 914 1450 1123 1507; x_wconf 87' lang='lat' dir='ltr'>Filium</span> <span class='ocrx_word' id='word_1_96' title='bbox 1152 1452 1388 1522; x_wconf 89' lang='lat' dir='ltr'>quidem</span> <span class='ocrx_word' id='word_1_97' title='bbox 1412 1469 1481 1509; x_wconf 82' lang='lat' dir='ltr'>ex</span> <span class='ocrx_word' id='word_1_98' title='bbox 1511 1454 1845 1509; x_wconf 86' lang='lat' dir='ltr'>substantia</span> <span class='ocrx_word' id='word_1_99' title='bbox 1874 1452 2031 1527; x_wconf 88' lang='lat' dir='ltr'>geni-</span> 
     </span>
    </p>
   </div>
   <div class='ocr_carea' id='block_1_16' title="bbox 371 1540 2033 1615">
    <p class='ocr_par' dir='ltr' id='par_1_16' title="bbox 371 1540 2033 1615">
     <span class='ocr_line' id='line_1_16' title="bbox 371 1540 2033 1615; baseline 0.001 -19"><span class='ocrx_word' id='word_1_100' title='bbox 371 1543 523 1609; x_wconf 85' lang='lat' dir='ltr'>tum,</span> <span class='ocrx_word' id='word_1_101' title='bbox 555 1557 661 1597; x_wconf 90' lang='lat' dir='ltr'>nos</span> <span class='ocrx_word' id='word_1_102' title='bbox 689 1557 824 1596; x_wconf 88' lang='lat' dir='ltr'>vero</span> <span class='ocrx_word' id='word_1_103' title='bbox 869 1556 938 1595; x_wconf 82' lang='lat' dir='ltr'>ex</span> <span class='ocrx_word' id='word_1_104' title='bbox 966 1540 1265 1598; x_wconf 88' lang='lat' dir='ltr'>voluntate</span> <span class='ocrx_word' id='word_1_105' title='bbox 1308 1542 1600 1615; x_wconf 88' lang='lat' dir='ltr'>prodiisse</span> <span class='ocrx_word' id='word_1_106' title='bbox 1643 1542 1918 1599; x_wconf 88' lang='lat' dir='ltr'>dicimus.</span> <span class='ocrx_word' id='word_1_107' title='bbox 1954 1543 2033 1598; x_wconf 87' lang='lat' dir='ltr'><strong>Ex</strong></span> 
     </span>
    </p>
   </div>
   <div class='ocr_carea' id='block_1_17' title="bbox 371 1629 2031 1705">
    <p class='ocr_par' dir='ltr' id='par_1_17' title="bbox 371 1629 2031 1705">
     <span class='ocr_line' id='line_1_17' title="bbox 371 1629 2031 1705; baseline 0.001 -20"><span class='ocrx_word' id='word_1_108' title='bbox 371 1634 474 1686; x_wconf 87' lang='lat' dir='ltr'>tua</span> <span class='ocrx_word' id='word_1_109' title='bbox 504 1646 677 1702; x_wconf 90' lang='lat' dir='ltr'>porro</span> <span class='ocrx_word' id='word_1_110' title='bbox 726 1629 1018 1686; x_wconf 78' lang='lat' dir='ltr'>sententia</span> <span class='ocrx_word' id='word_1_111' title='bbox 1057 1629 1213 1687; x_wconf 90' lang='lat' dir='ltr'>idem</span> <span class='ocrx_word' id='word_1_112' title='bbox 1267 1647 1384 1687; x_wconf 91' lang='lat' dir='ltr'>non</span> <span class='ocrx_word' id='word_1_113' title='bbox 1416 1636 1507 1688; x_wconf 90' lang='lat' dir='ltr'>est</span> <span class='ocrx_word' id='word_1_114' title='bbox 1555 1632 1825 1688; x_wconf 88' lang='lat' dir='ltr'>voluntas</span> <span class='ocrx_word' id='word_1_115' title='bbox 1875 1633 2031 1705; x_wconf 90' lang='lat' dir='ltr'>quod</span> 
     </span>
    </p>
   </div>
   <div class='ocr_carea' id='block_1_18' title="bbox 374 1719 2031 1794">
    <p class='ocr_par' dir='ltr' id='par_1_18' title="bbox 374 1719 2031 1794">
     <span class='ocr_line' id='line_1_18' title="bbox 374 1719 2031 1794; baseline 0 -17"><span class='ocrx_word' id='word_1_116' title='bbox 374 1719 729 1786; x_wconf 82' lang='lat' dir='ltr'>substantia,</span> <span class='ocrx_word' id='word_1_117' title='bbox 761 1723 821 1774; x_wconf 89' lang='lat' dir='ltr'>et</span> <span class='ocrx_word' id='word_1_118' title='bbox 869 1719 1205 1776; x_wconf 88' lang='lat' dir='ltr'>substantia</span> <span class='ocrx_word' id='word_1_119' title='bbox 1254 1738 1444 1793; x_wconf 91' lang='lat' dir='ltr'>neque</span> <span class='ocrx_word' id='word_1_120' title='bbox 1475 1722 1669 1793; x_wconf 71' lang='lat' dir='ltr'>empit,</span> <span class='ocrx_word' id='word_1_121' title='bbox 1712 1738 1902 1794; x_wconf 87' lang='lat' dir='ltr'>neque</span> <span class='ocrx_word' id='word_1_122' title='bbox 1933 1723 2031 1777; x_wconf 87' lang='lat' dir='ltr'>de-</span> 
     </span>
    </p>
   </div>
   <div class='ocr_carea' id='block_1_19' title="bbox 374 1807 2028 1882">
    <p class='ocr_par' dir='ltr' id='par_1_19' title="bbox 374 1807 2028 1882">
     <span class='ocr_line' id='line_1_19' title="bbox 374 1807 2028 1882; baseline 0.001 -18"><span class='ocrx_word' id='word_1_123' title='bbox 374 1808 533 1864; x_wconf 89' lang='lat' dir='ltr'>sinit.</span> <span class='ocrx_word' id='word_1_124' title='bbox 567 1807 699 1865; x_wconf 68' lang='lat' dir='ltr'>Haec</span> <span class='ocrx_word' id='word_1_125' title='bbox 727 1807 908 1880; x_wconf 88' lang='lat' dir='ltr'>igitur</span> <span class='ocrx_word' id='word_1_126' title='bbox 937 1807 1133 1881; x_wconf 90' lang='lat' dir='ltr'>imago</span> <span class='ocrx_word' id='word_1_127' title='bbox 1165 1825 1355 1881; x_wconf 90' lang='lat' dir='ltr'>neque</span> <span class='ocrx_word' id='word_1_128' title='bbox 1384 1811 1576 1881; x_wconf 79' lang='lat' dir='ltr'>ccepit,</span> <span class='ocrx_word' id='word_1_129' title='bbox 1611 1827 1801 1882; x_wconf 89' lang='lat' dir='ltr'>neque</span> <span class='ocrx_word' id='word_1_130' title='bbox 1832 1810 2028 1867; x_wconf 82' lang='lat' dir='ltr'>desiit.</span> 
     </span>
    </p>
   </div>
   <div class='ocr_carea' id='block_1_20' title="bbox 2132 644 3790 724">
    <p class='ocr_par' dir='ltr' id='par_1_20' title="bbox 2132 644 3790 724">
     <span class='ocr_line' id='line_1_20' title="bbox 2132 644 3790 724; baseline 0.002 -25"><span class='ocrx_word' id='word_1_131' title='bbox 2132 645 2260 709; x_wconf 81' lang='grc' dir='ltr'>τοὺς</span> <span class='ocrx_word' id='word_1_132' title='bbox 2322 646 2514 701; x_wconf 72' lang='grc' dir='ltr'>ἑαυτοῦ</span> <span class='ocrx_word' id='word_1_133' title='bbox 2568 644 2870 724; x_wconf 81' lang='grc' dir='ltr'>διατρέπειν</span> <span class='ocrx_word' id='word_1_134' title='bbox 2927 644 3229 721; x_wconf 80' lang='grc' dir='ltr'>ὁμοδόξους</span> <span class='ocrx_word' id='word_1_135' title='bbox 3286 646 3607 724; x_wconf 75' lang='grc' dir='ltr'>ἐπιχειρεῖς,</span> <span class='ocrx_word' id='word_1_136' title='bbox 3668 668 3790 702; x_wconf 84' lang='grc' dir='ltr'>συν-</span> 
     </span>
    </p>
   </div>
   <div class='ocr_carea' id='block_1_21' title="bbox 2136 734 3791 814">
    <p class='ocr_par' dir='ltr' id='par_1_21' title="bbox 2136 734 3791 814">
     <span class='ocr_line' id='line_1_21' title="bbox 2136 734 3791 814; baseline 0.002 -25"><span class='ocrx_word' id='word_1_137' title='bbox 2136 736 2354 811; x_wconf 70' lang='grc' dir='ltr'>ἤγαγες·</span> <span class='ocrx_word' id='word_1_138' title='bbox 2390 735 2436 790; x_wconf 80' lang='grc' dir='ltr'><strong>εἶ</strong></span> <span class='ocrx_word' id='word_1_139' title='bbox 2484 734 2540 791; x_wconf 69' lang='grc' dir='ltr'>δὲ</span> <span class='ocrx_word' id='word_1_140' title='bbox 2578 736 2671 791; x_wconf 86' lang='grc' dir='ltr'>τὸν</span> <span class='ocrx_word' id='word_1_141' title='bbox 2719 737 2902 807; x_wconf 80' lang='grc' dir='ltr'><strong>ἀληθῆ</strong></span> <span class='ocrx_word' id='word_1_142' title='bbox 2964 735 3155 813; x_wconf 81' lang='grc' dir='ltr'>λόγον,</span> <span class='ocrx_word' id='word_1_143' title='bbox 3189 734 3317 792; x_wconf 68' lang='grc' dir='ltr'>οὑδὲ</span> <span class='ocrx_word' id='word_1_144' title='bbox 3374 737 3646 814; x_wconf 78' lang='grc' dir='ltr'>ἀκροατὴς</span> <span class='ocrx_word' id='word_1_145' title='bbox 3698 758 3791 812; x_wconf 77' lang='grc' dir='ltr'><strong>γεο</strong></span> 
     </span>
    </p>
   </div>
   <div class='ocr_carea' id='block_1_22' title="bbox 2137 823 3790 904">
    <p class='ocr_par' dir='ltr' id='par_1_22' title="bbox 2137 823 3790 904">
     <span class='ocr_line' id='line_1_22' title="bbox 2137 823 3790 904; baseline 0 -25"><span class='ocrx_word' id='word_1_146' title='bbox 2137 825 2395 898; x_wconf 83' lang='grc' dir='ltr'><strong>γενῆσθαι</strong></span> <span class='ocrx_word' id='word_1_147' title='bbox 2424 823 2622 880; x_wconf 84' lang='grc' dir='ltr'><strong>τούτου</strong></span> <span class='ocrx_word' id='word_1_148' title='bbox 2655 826 2818 904; x_wconf 69' lang='grc' dir='ltr'>φαίνῃ</span> <span class='ocrx_word' id='word_1_149' title='bbox 2864 846 2982 899; x_wconf 90' lang='grc' dir='ltr'><strong>μοι.</strong></span> <span class='ocrx_word' id='word_1_150' title='bbox 3016 828 3136 880; x_wconf 83' lang='grc' dir='ltr'><strong>’Ότι</strong></span> <span class='ocrx_word' id='word_1_151' title='bbox 3182 826 3283 902; x_wconf 77' lang='grc' dir='ltr'><strong>γὰρ</strong></span> <span class='ocrx_word' id='word_1_152' title='bbox 3325 827 3428 894; x_wconf 73' lang='grc' dir='ltr'>τῆς</span> <span class='ocrx_word' id='word_1_153' title='bbox 3467 823 3653 889; x_wconf 78' lang='grc' dir='ltr'>οὐσίας</span> <span class='ocrx_word' id='word_1_154' title='bbox 3714 825 3790 881; x_wconf 83' lang='grc' dir='ltr'>εί-</span> 
     </span>
    </p>
   </div>
   <div class='ocr_carea' id='block_1_23' title="bbox 2136 911 3791 979">
    <p class='ocr_par' dir='ltr' id='par_1_23' title="bbox 2136 911 3791 979">
     <span class='ocr_line' id='line_1_23' title="bbox 2136 911 3791 979; baseline 0.001 -11"><span class='ocrx_word' id='word_1_155' title='bbox 2136 913 2246 968; x_wconf 87' lang='grc' dir='ltr'>κὼν</span> <span class='ocrx_word' id='word_1_156' title='bbox 2302 914 2330 967; x_wconf 99' lang='lat'>6</span> <span class='ocrx_word' id='word_1_157' title='bbox 2388 913 2533 979; x_wconf 72' lang='grc' dir='ltr'>Υἱὸς,</span> <span class='ocrx_word' id='word_1_158' title='bbox 2568 916 2596 969; x_wconf 90' lang='lat'>6</span> <span class='ocrx_word' id='word_1_159' title='bbox 2643 911 2977 976; x_wconf 83' lang='grc' dir='ltr'>Ἀπόστολος</span> <span class='ocrx_word' id='word_1_160' title='bbox 3038 915 3206 969; x_wconf 77' lang='grc' dir='ltr'><strong>εἶπεν·</strong></span> <span class='ocrx_word' id='word_1_161' title='bbox 3244 938 3273 966; x_wconf 90' lang='grc'>‹‹</span> <span class='ocrx_word' id='word_1_162' title='bbox 3330 916 3425 977; x_wconf 70' lang='lat' dir='ltr'>‘Oc</span> <span class='ocrx_word' id='word_1_163' title='bbox 3484 912 3557 969; x_wconf 87' lang='grc' dir='ltr'>ὣν</span> <span class='ocrx_word' id='word_1_164' title='bbox 3618 914 3791 970; x_wconf 79' lang='grc' dir='ltr'><strong>ἀπαύ-</strong></span> 
     </span>
    </p>
   </div>
   <div class='ocr_carea' id='block_1_24' title="bbox 2135 1000 3789 1079">
    <p class='ocr_par' dir='ltr' id='par_1_24' title="bbox 2135 1000 3789 1079">
     <span class='ocr_line' id='line_1_24' title="bbox 2135 1000 3789 1079; baseline -0.001 -22"><span class='ocrx_word' id='word_1_165' title='bbox 2135 1023 2319 1077; x_wconf 85' lang='grc' dir='ltr'><strong>γασμα</strong></span> <span class='ocrx_word' id='word_1_166' title='bbox 2369 1006 2469 1072; x_wconf 78' lang='grc' dir='ltr'>τῆς</span> <span class='ocrx_word' id='word_1_167' title='bbox 2512 1000 2696 1074; x_wconf 81' lang='grc' dir='ltr'>δόξης,</span> <span class='ocrx_word' id='word_1_168' title='bbox 2727 1002 2818 1058; x_wconf 81' lang='grc' dir='ltr'>καὶ</span> <span class='ocrx_word' id='word_1_169' title='bbox 2863 1004 3149 1079; x_wconf 80' lang='grc' dir='ltr'><strong>χαρακτὴρ</strong></span> <span class='ocrx_word' id='word_1_170' title='bbox 3195 1010 3297 1074; x_wconf 83' lang='grc' dir='ltr'>τῆς</span> <span class='ocrx_word' id='word_1_171' title='bbox 3357 1002 3725 1066; x_wconf 80' lang='grc' dir='ltr'><strong>ὑποστάσεως.</strong></span> <span class='ocrx_word' id='word_1_172' title='bbox 3760 1026 3789 1056; x_wconf 71' lang='grc' dir='ltr'>ιο</span> 
     </span>
    </p>
   </div>
   <div class='ocr_carea' id='block_1_25' title="bbox 2136 1090 3791 1169">
    <p class='ocr_par' dir='ltr' id='par_1_25' title="bbox 2136 1090 3791 1169">
     <span class='ocr_line' id='line_1_25' title="bbox 2136 1090 3791 1169; baseline -0.002 -19"><span class='ocrx_word' id='word_1_173' title='bbox 2136 1091 2212 1150; x_wconf 85' lang='grc' dir='ltr'>Τὸ</span> <span class='ocrx_word' id='word_1_174' title='bbox 2242 1093 2342 1168; x_wconf 76' lang='grc' dir='ltr'>γὰρ</span> <span class='ocrx_word' id='word_1_175' title='bbox 2374 1093 2659 1169; x_wconf 78' lang='grc' dir='ltr'><strong>χαρακτὴρ</strong></span> <span class='ocrx_word' id='word_1_176' title='bbox 2696 1100 2799 1163; x_wconf 82' lang='grc' dir='ltr'>τῆς</span> <span class='ocrx_word' id='word_1_177' title='bbox 2852 1093 3195 1155; x_wconf 82' lang='grc' dir='ltr'>ὑποστάσεως</span> <span class='ocrx_word' id='word_1_178' title='bbox 3242 1090 3397 1148; x_wconf 74' lang='grc' dir='ltr'><strong>οὐδὲν</strong></span> <span class='ocrx_word' id='word_1_179' title='bbox 3444 1091 3589 1149; x_wconf 76' lang='grc' dir='ltr'>ἄλλο</span> <span class='ocrx_word' id='word_1_180' title='bbox 3651 1092 3791 1148; x_wconf 70' lang='grc' dir='ltr'><strong>ἐστὶν</strong></span> 
     </span>
    </p>
   </div>
   <div class='ocr_carea' id='block_1_26' title="bbox 2136 1177 3791 1253">
    <p class='ocr_par' dir='ltr' id='par_1_26' title="bbox 2136 1177 3791 1253">
     <span class='ocr_line' id='line_1_26' title="bbox 2136 1177 3791 1253; baseline -0.001 -15"><span class='ocrx_word' id='word_1_181' title='bbox 2136 1179 2263 1238; x_wconf 79' lang='grc' dir='ltr'>ἀλλ’</span> <span class='ocrx_word' id='word_1_182' title='bbox 2294 1184 2329 1251; x_wconf 81' lang='grc' dir='ltr'>ἠ</span> <span class='ocrx_word' id='word_1_183' title='bbox 2359 1181 2515 1237; x_wconf 82' lang='grc' dir='ltr'><strong>εἰκὼν</strong></span> <span class='ocrx_word' id='word_1_184' title='bbox 2547 1188 2647 1251; x_wconf 79' lang='grc' dir='ltr'><strong>τῆς</strong></span> <span class='ocrx_word' id='word_1_185' title='bbox 2688 1181 2896 1243; x_wconf 86' lang='grc' dir='ltr'>οὑσίας.</span> <span class='ocrx_word' id='word_1_186' title='bbox 2930 1181 3027 1235; x_wconf 75' lang='grc' dir='ltr'>Καὶ</span> <span class='ocrx_word' id='word_1_187' title='bbox 3079 1180 3161 1236; x_wconf 80' lang='grc' dir='ltr'>ὅτι</span> <span class='ocrx_word' id='word_1_188' title='bbox 3215 1182 3316 1237; x_wconf 78' lang='grc' dir='ltr'>οὑκ</span> <span class='ocrx_word' id='word_1_189' title='bbox 3354 1177 3464 1237; x_wconf 83' lang='grc' dir='ltr'><strong>ἔστι</strong></span> <span class='ocrx_word' id='word_1_190' title='bbox 3507 1184 3703 1237; x_wconf 89' lang='grc' dir='ltr'><strong>ταυτὸν</strong></span> <span class='ocrx_word' id='word_1_191' title='bbox 3755 1184 3791 1253; x_wconf 79' lang='grc' dir='ltr'>ἠ</span> 
     </span>
    </p>
   </div>
   <div class='ocr_carea' id='block_1_27' title="bbox 2138 1268 3794 1349">
    <p class='ocr_par' dir='ltr' id='par_1_27' title="bbox 2138 1268 3794 1349">
     <span class='ocr_line' id='line_1_27' title="bbox 2138 1268 3794 1349; baseline 0 -23"><span class='ocrx_word' id='word_1_192' title='bbox 2138 1269 2360 1342; x_wconf 78' lang='grc' dir='ltr'>θὲλησις</span> <span class='ocrx_word' id='word_1_193' title='bbox 2418 1272 2507 1325; x_wconf 80' lang='grc' dir='ltr'>καὶ</span> <span class='ocrx_word' id='word_1_194' title='bbox 2538 1273 2572 1340; x_wconf 78' lang='grc' dir='ltr'>ἡ</span> <span class='ocrx_word' id='word_1_195' title='bbox 2607 1270 2781 1337; x_wconf 81' lang='grc' dir='ltr'>οὐσία,</span> <span class='ocrx_word' id='word_1_196' title='bbox 2814 1272 2974 1343; x_wconf 80' lang='grc' dir='ltr'>ἡμῶν</span> <span class='ocrx_word' id='word_1_197' title='bbox 3038 1268 3196 1332; x_wconf 76' lang='grc' dir='ltr'>οὗτος</span> <span class='ocrx_word' id='word_1_198' title='bbox 3246 1272 3275 1326; x_wconf 90' lang='lat'>6</span> <span class='ocrx_word' id='word_1_199' title='bbox 3316 1269 3503 1347; x_wconf 85' lang='grc' dir='ltr'>λόγος.</span> <span class='ocrx_word' id='word_1_200' title='bbox 3538 1272 3635 1328; x_wconf 81' lang='grc' dir='ltr'>Διὰ</span> <span class='ocrx_word' id='word_1_201' title='bbox 3690 1272 3794 1349; x_wconf 76' lang='grc' dir='ltr'><strong>γὰρ</strong></span> 
     </span>
    </p>
   </div>
   <div class='ocr_carea' id='block_1_28' title="bbox 2135 1359 3794 1437">
    <p class='ocr_par' dir='ltr' id='par_1_28' title="bbox 2135 1359 3794 1437">
     <span class='ocr_line' id='line_1_28' title="bbox 2135 1359 3794 1437; baseline 0 -22"><span class='ocrx_word' id='word_1_202' title='bbox 2135 1364 2297 1415; x_wconf 78' lang='grc' dir='ltr'><strong>τοῦτο</strong></span> <span class='ocrx_word' id='word_1_203' title='bbox 2327 1360 2418 1416; x_wconf 89' lang='grc' dir='ltr'>τὸν</span> <span class='ocrx_word' id='word_1_204' title='bbox 2456 1360 2550 1433; x_wconf 74' lang='grc' dir='ltr'>μὲν</span> <span class='ocrx_word' id='word_1_205' title='bbox 2581 1360 2702 1415; x_wconf 67' lang='grc' dir='ltr'>Υἱὸν</span> <span class='ocrx_word' id='word_1_206' title='bbox 2752 1360 2992 1437; x_wconf 66' lang='grc' dir='ltr'><strong>γὲννημα</strong></span> <span class='ocrx_word' id='word_1_207' title='bbox 3039 1367 3141 1430; x_wconf 77' lang='grc' dir='ltr'>τῆς</span> <span class='ocrx_word' id='word_1_208' title='bbox 3193 1359 3374 1422; x_wconf 76' lang='grc' dir='ltr'>οὗσίας</span> <span class='ocrx_word' id='word_1_209' title='bbox 3418 1359 3649 1436; x_wconf 78' lang='grc' dir='ltr'>λὲγομεν</span> <span class='ocrx_word' id='word_1_210' title='bbox 3709 1363 3794 1417; x_wconf 76' lang='grc' dir='ltr'>εἷ-</span> 
     </span>
    </p>
   </div>
   <div class='ocr_carea' id='block_1_29' title="bbox 2137 1446 3795 1519">
    <p class='ocr_par' dir='ltr' id='par_1_29' title="bbox 2137 1446 3795 1519">
     <span class='ocr_line' id='line_1_29' title="bbox 2137 1446 3795 1519; baseline 0.001 -15"><span class='ocrx_word' id='word_1_211' title='bbox 2137 1470 2247 1518; x_wconf 82' lang='grc' dir='ltr'>ναι,</span> <span class='ocrx_word' id='word_1_212' title='bbox 2281 1448 2502 1512; x_wconf 64' lang='grc' dir='ltr'>ἑαυτοὺς</span> <span class='ocrx_word' id='word_1_213' title='bbox 2536 1446 2593 1505; x_wconf 77' lang='grc' dir='ltr'>δὲ</span> <span class='ocrx_word' id='word_1_214' title='bbox 2620 1456 2720 1519; x_wconf 79' lang='grc' dir='ltr'>τῆς</span> <span class='ocrx_word' id='word_1_215' title='bbox 2754 1447 3052 1519; x_wconf 79' lang='grc' dir='ltr'><strong>θελήσεως.</strong></span> <span class='ocrx_word' id='word_1_216' title='bbox 3082 1450 3266 1504; x_wconf 83' lang='grc' dir='ltr'><strong>Ἔστιν</strong></span> <span class='ocrx_word' id='word_1_217' title='bbox 3318 1447 3376 1504; x_wconf 71' lang='grc' dir='ltr'>δὲ</span> <span class='ocrx_word' id='word_1_218' title='bbox 3413 1449 3504 1505; x_wconf 83' lang='grc' dir='ltr'>καὶ</span> <span class='ocrx_word' id='word_1_219' title='bbox 3553 1450 3691 1505; x_wconf 78' lang='grc' dir='ltr'>κατὰ</span> <span class='ocrx_word' id='word_1_220' title='bbox 3737 1451 3795 1506; x_wconf 73' lang='grc' dir='ltr'>σὶ</span> 
     </span>
    </p>
   </div>
   <div class='ocr_carea' id='block_1_30' title="bbox 2141 1536 3796 1613">
    <p class='ocr_par' dir='ltr' id='par_1_30' title="bbox 2141 1536 3796 1613">
     <span class='ocr_line' id='line_1_30' title="bbox 2141 1536 3796 1613; baseline 0.002 -20"><span class='ocrx_word' id='word_1_221' title='bbox 2141 1540 2204 1593; x_wconf 82' lang='grc' dir='ltr'>οὑ</span> <span class='ocrx_word' id='word_1_222' title='bbox 2256 1539 2449 1594; x_wconf 85' lang='grc' dir='ltr'><strong>ταυτὸν</strong></span> <span class='ocrx_word' id='word_1_223' title='bbox 2501 1542 2571 1613; x_wconf 79' lang='grc' dir='ltr'><strong>τῇ</strong></span> <span class='ocrx_word' id='word_1_224' title='bbox 2630 1537 2788 1610; x_wconf 77' lang='grc' dir='ltr'>οὐσίᾳ</span> <span class='ocrx_word' id='word_1_225' title='bbox 2843 1540 2879 1608; x_wconf 85' lang='grc' dir='ltr'>ἠ</span> <span class='ocrx_word' id='word_1_226' title='bbox 2940 1537 3202 1609; x_wconf 70' lang='grc' dir='ltr'>θέΛησις*</span> <span class='ocrx_word' id='word_1_227' title='bbox 3261 1541 3296 1609; x_wconf 79' lang='grc' dir='ltr'>ἡ</span> <span class='ocrx_word' id='word_1_228' title='bbox 3348 1536 3406 1594; x_wconf 71' lang='grc' dir='ltr'>δὲ</span> <span class='ocrx_word' id='word_1_229' title='bbox 3460 1538 3617 1594; x_wconf 83' lang='grc' dir='ltr'>οὗσία</span> <span class='ocrx_word' id='word_1_230' title='bbox 3670 1537 3796 1596; x_wconf 68' lang='grc' dir='ltr'><strong>οὔτε</strong></span> 
     </span>
    </p>
   </div>
   <div class='ocr_carea' id='block_1_31' title="bbox 2138 1622 3790 1704">
    <p class='ocr_par' dir='ltr' id='par_1_31' title="bbox 2138 1622 3790 1704">
     <span class='ocr_line' id='line_1_31' title="bbox 2138 1622 3790 1704; baseline -0.002 -19"><span class='ocrx_word' id='word_1_231' title='bbox 2138 1624 2364 1704; x_wconf 74' lang='grc' dir='ltr'><strong>ἤρξατο,</strong></span> <span class='ocrx_word' id='word_1_232' title='bbox 2423 1624 2547 1683; x_wconf 68' lang='grc' dir='ltr'><strong>οὔτε</strong></span> <span class='ocrx_word' id='word_1_233' title='bbox 2604 1628 2848 1683; x_wconf 84' lang='grc' dir='ltr'><strong>παύεται.</strong></span> <span class='ocrx_word' id='word_1_234' title='bbox 2900 1622 3036 1681; x_wconf 70' lang='grc' dir='ltr'><strong>Οὔτε</strong></span> <span class='ocrx_word' id='word_1_235' title='bbox 3094 1627 3196 1700; x_wconf 72' lang='grc' dir='ltr'><strong>ἄρα</strong></span> <span class='ocrx_word' id='word_1_236' title='bbox 3250 1623 3453 1704; x_wconf 74' lang='grc' dir='ltr'><strong>ἤρξατο</strong></span> <span class='ocrx_word' id='word_1_237' title='bbox 3511 1629 3547 1697; x_wconf 71' lang='grc' dir='ltr'>ἦ</span> <span class='ocrx_word' id='word_1_238' title='bbox 3609 1627 3790 1698; x_wconf 82' lang='grc' dir='ltr'>είκὼν,</span> 
     </span>
    </p>
   </div>
   <div class='ocr_carea' id='block_1_32' title="bbox 2141 1714 3792 1793">
    <p class='ocr_par' dir='ltr' id='par_1_32' title="bbox 2141 1714 3792 1793">
     <span class='ocr_line' id='line_1_32' title="bbox 2141 1714 3792 1793; baseline 0.001 -22"><span class='ocrx_word' id='word_1_239' title='bbox 2141 1715 2267 1773; x_wconf 73' lang='grc' dir='ltr'><strong>οὔτε</strong></span> <span class='ocrx_word' id='word_1_240' title='bbox 2296 1717 2583 1775; x_wconf 80' lang='grc' dir='ltr'><strong>ἐπαύσατο.</strong></span> <span class='ocrx_word' id='word_1_241' title='bbox 2615 1718 2680 1775; x_wconf 75' lang='grc' dir='ltr'><strong>Ἠ</strong></span> <span class='ocrx_word' id='word_1_242' title='bbox 2714 1714 2773 1772; x_wconf 78' lang='grc' dir='ltr'>δὶ</span> <span class='ocrx_word' id='word_1_243' title='bbox 2801 1715 3024 1786; x_wconf 77' lang='grc' dir='ltr'>θὲλησις</span> <span class='ocrx_word' id='word_1_244' title='bbox 3054 1717 3144 1770; x_wconf 81' lang='grc' dir='ltr'>καὶ</span> <span class='ocrx_word' id='word_1_245' title='bbox 3190 1717 3419 1793; x_wconf 73' lang='grc' dir='ltr'><strong>ἄρχεται</strong></span> <span class='ocrx_word' id='word_1_246' title='bbox 3478 1718 3569 1772; x_wconf 78' lang='grc' dir='ltr'>καὶ</span> <span class='ocrx_word' id='word_1_247' title='bbox 3626 1718 3792 1772; x_wconf 85' lang='grc' dir='ltr'><strong>παύε-</strong></span> 
     </span>
    </p>
   </div>
   <div class='ocr_carea' id='block_1_33' title="bbox 2142 1805 3793 1882">
    <p class='ocr_par' dir='ltr' id='par_1_33' title="bbox 2142 1805 3793 1882">
     <span class='ocr_line' id='line_1_33' title="bbox 2142 1805 3793 1882; baseline -0.001 -19"><span class='ocrx_word' id='word_1_248' title='bbox 2142 1829 2249 1865; x_wconf 91' lang='grc' dir='ltr'><strong>ται.</strong></span> <span class='ocrx_word' id='word_1_249' title='bbox 2278 1807 2414 1870; x_wconf 83' lang='grc' dir='ltr'>Τοὺς</span> <span class='ocrx_word' id='word_1_250' title='bbox 2446 1810 2625 1863; x_wconf 82' lang='grc' dir='ltr'>τοίνυν</span> <span class='ocrx_word' id='word_1_251' title='bbox 2661 1806 2913 1882; x_wconf 73' lang='grc' dir='ltr'>λέγοντας</span> <span class='ocrx_word' id='word_1_252' title='bbox 2944 1805 3136 1861; x_wconf 85' lang='grc' dir='ltr'><strong>ταυτὸν</strong></span> <span class='ocrx_word' id='word_1_253' title='bbox 3180 1808 3317 1861; x_wconf 74' lang='grc' dir='ltr'><strong>εἶναι</strong></span> <span class='ocrx_word' id='word_1_254' title='bbox 3365 1810 3432 1880; x_wconf 78' lang='grc' dir='ltr'><strong>τῇ</strong></span> <span class='ocrx_word' id='word_1_255' title='bbox 3482 1806 3640 1878; x_wconf 79' lang='grc' dir='ltr'>οὑσίᾳ</span> <span class='ocrx_word' id='word_1_256' title='bbox 3691 1808 3793 1877; x_wconf 74' lang='grc' dir='ltr'><strong>τὴν</strong></span> 
     </span>
    </p>
   </div>
   <div class='ocr_carea' id='block_1_34' title="bbox 377 1894 2024 2002">
    <p class='ocr_par' dir='ltr' id='par_1_34' title="bbox 377 1896 2024 1956">
     <span class='ocr_line' id='line_1_34' title="bbox 377 1896 2024 1956; baseline 0.002 -4"><span class='ocrx_word' id='word_1_257' title='bbox 377 1896 664 1954; x_wconf 85' lang='lat' dir='ltr'>Voluntas</span> <span class='ocrx_word' id='word_1_258' title='bbox 715 1902 912 1954; x_wconf 89' lang='lat' dir='ltr'>autem</span> <span class='ocrx_word' id='word_1_259' title='bbox 962 1903 1020 1953; x_wconf 92' lang='lat' dir='ltr'>et</span> <span class='ocrx_word' id='word_1_260' title='bbox 1048 1898 1283 1954; x_wconf 90' lang='lat' dir='ltr'>initium</span> <span class='ocrx_word' id='word_1_261' title='bbox 1338 1904 1395 1954; x_wconf 91' lang='lat' dir='ltr'>et</span> <span class='ocrx_word' id='word_1_262' title='bbox 1442 1899 1615 1955; x_wconf 84' lang='lat' dir='ltr'>ﬁnem</span> <span class='ocrx_word' id='word_1_263' title='bbox 1671 1899 1862 1955; x_wconf 90' lang='lat' dir='ltr'>habet.</span> <span class='ocrx_word' id='word_1_264' title='bbox 1898 1899 2024 1956; x_wconf 82' lang='lat' dir='ltr'>Illos</span> 
     </span>
    </p>
   </div>
   <div class='ocr_carea' id='block_1_35' title="bbox 2138 1894 3796 2002">
    <p class='ocr_par' dir='ltr' id='par_1_35' title="bbox 2144 1894 3796 1973">
     <span class='ocr_line' id='line_1_35' title="bbox 2144 1894 3796 1973; baseline -0.001 -21"><span class='ocrx_word' id='word_1_265' title='bbox 2144 1896 2391 1969; x_wconf 76' lang='grc' dir='ltr'>θέλησιν,</span> <span class='ocrx_word' id='word_1_266' title='bbox 2449 1897 2683 1960; x_wconf 78' lang='grc' dir='ltr'>ἐκείνους</span> <span class='ocrx_word' id='word_1_267' title='bbox 2743 1894 2857 1973; x_wconf 75' lang='grc' dir='ltr'><strong>ἔχε.</strong></span> <span class='ocrx_word' id='word_1_268' title='bbox 2914 1900 3102 1970; x_wconf 81' lang='grc' dir='ltr'>Ἡμεῖς</span> <span class='ocrx_word' id='word_1_269' title='bbox 3158 1896 3259 1973; x_wconf 76' lang='grc' dir='ltr'><strong>γὰρ</strong></span> <span class='ocrx_word' id='word_1_270' title='bbox 3306 1895 3396 1950; x_wconf 83' lang='grc' dir='ltr'>καὶ</span> <span class='ocrx_word' id='word_1_271' title='bbox 3457 1894 3796 1973; x_wconf 80' lang='grc' dir='ltr'>βουλόμεθα,</span> 
     </span>
    </p>
   </div>
   <div class='ocr_carea' id='block_1_36' title="bbox 374 1986 2033 2059">
    <p class='ocr_par' dir='ltr' id='par_1_36' title="bbox 374 1986 2033 2059">
     <span class='ocr_line' id='line_1_36' title="bbox 374 1986 2033 2059; baseline 0.002 -17"><span class='ocrx_word' id='word_1_272' title='bbox 374 1986 558 2059; x_wconf 88' lang='lat' dir='ltr'>igitur</span> <span class='ocrx_word' id='word_1_273' title='bbox 597 1986 703 2042; x_wconf 90' lang='lat' dir='ltr'>tibi</span> <span class='ocrx_word' id='word_1_274' title='bbox 752 1986 988 2055; x_wconf 86' lang='lat' dir='ltr'>habeto,</span> <span class='ocrx_word' id='word_1_275' title='bbox 1022 1987 1122 2059; x_wconf 90' lang='lat' dir='ltr'>qui</span> <span class='ocrx_word' id='word_1_276' title='bbox 1168 1986 1323 2043; x_wconf 90' lang='lat' dir='ltr'>idem</span> <span class='ocrx_word' id='word_1_277' title='bbox 1373 2004 1503 2044; x_wconf 89' lang='lat' dir='ltr'>esse</span> <span class='ocrx_word' id='word_1_278' title='bbox 1534 1988 1740 2043; x_wconf 84' lang='lat' dir='ltr'>dicunt</span> <span class='ocrx_word' id='word_1_279' title='bbox 1768 1988 2033 2045; x_wconf 87' lang='lat' dir='ltr'>volunta-</span> 
     </span>
    </p>
   </div>
   <div class='ocr_carea' id='block_1_37' title="bbox 378 2075 2034 2148">
    <p class='ocr_par' dir='ltr' id='par_1_37' title="bbox 378 2075 2034 2148">
     <span class='ocr_line' id='line_1_37' title="bbox 378 2075 2034 2148; baseline 0.001 -16"><span class='ocrx_word' id='word_1_280' title='bbox 378 2081 500 2132; x_wconf 88' lang='lat' dir='ltr'>tem</span> <span class='ocrx_word' id='word_1_281' title='bbox 531 2079 710 2148; x_wconf 90' lang='lat' dir='ltr'>atque</span> <span class='ocrx_word' id='word_1_282' title='bbox 735 2075 1075 2132; x_wconf 87' lang='lat' dir='ltr'>essentiam.</span> <span class='ocrx_word' id='word_1_283' title='bbox 1109 2076 1225 2133; x_wconf 89' lang='lat' dir='ltr'>Nos</span> <span class='ocrx_word' id='word_1_284' title='bbox 1256 2076 1414 2133; x_wconf 91' lang='lat' dir='ltr'>enim</span> <span class='ocrx_word' id='word_1_285' title='bbox 1445 2082 1503 2132; x_wconf 90' lang='lat' dir='ltr'>et</span> <span class='ocrx_word' id='word_1_286' title='bbox 1533 2076 1824 2145; x_wconf 82' lang='lat' dir='ltr'>volumus,</span> <span class='ocrx_word' id='word_1_287' title='bbox 1857 2083 1915 2134; x_wconf 90' lang='lat' dir='ltr'>et</span> <span class='ocrx_word' id='word_1_288' title='bbox 1946 2079 2034 2133; x_wconf 85' lang='lat' dir='ltr'>fa-</span> 
     </span>
    </p>
   </div>
   <div class='ocr_carea' id='block_1_38' title="bbox 377 2163 2031 2235">
    <p class='ocr_par' dir='ltr' id='par_1_38' title="bbox 377 2163 2031 2235">
     <span class='ocr_line' id='line_1_38' title="bbox 377 2163 2031 2235; baseline 0.002 -16"><span class='ocrx_word' id='word_1_289' title='bbox 377 2168 596 2235; x_wconf 90' lang='lat' dir='ltr'>temur,</span> <span class='ocrx_word' id='word_1_290' title='bbox 630 2168 688 2219; x_wconf 92' lang='lat' dir='ltr'>et</span> <span class='ocrx_word' id='word_1_291' title='bbox 716 2163 1013 2220; x_wconf 87' lang='lat' dir='ltr'>credimus</span> <span class='ocrx_word' id='word_1_292' title='bbox 1047 2164 1260 2221; x_wconf 89' lang='lat' dir='ltr'>Filium</span> <span class='ocrx_word' id='word_1_293' title='bbox 1291 2182 1421 2222; x_wconf 86' lang='lat' dir='ltr'>esse</span> <span class='ocrx_word' id='word_1_294' title='bbox 1452 2166 1605 2222; x_wconf 91' lang='lat' dir='ltr'>Patri</span> <span class='ocrx_word' id='word_1_295' title='bbox 1638 2168 2031 2223; x_wconf 88' lang='lat' dir='ltr'>consubstan-</span> 
     </span>
    </p>
   </div>
   <div class='ocr_carea' id='block_1_39' title="bbox 376 2252 2030 2328">
    <p class='ocr_par' dir='ltr' id='par_1_39' title="bbox 376 2252 2030 2328">
     <span class='ocr_line' id='line_1_39' title="bbox 376 2252 2030 2328; baseline 0.002 -19"><span class='ocrx_word' id='word_1_296' title='bbox 376 2252 600 2310; x_wconf 89' lang='lat' dir='ltr'>tialem.</span> <span class='ocrx_word' id='word_1_297' title='bbox 634 2253 781 2310; x_wconf 89' lang='lat' dir='ltr'>Nam</span> <span class='ocrx_word' id='word_1_298' title='bbox 816 2259 1125 2327; x_wconf 90' lang='lat' dir='ltr'>pr0pterea</span> <span class='ocrx_word' id='word_1_299' title='bbox 1152 2255 1329 2310; x_wconf 91' lang='lat' dir='ltr'>etiam</span> <span class='ocrx_word' id='word_1_300' title='bbox 1366 2256 1731 2328; x_wconf 88' lang='lat' dir='ltr'>unigenitum</span> <span class='ocrx_word' id='word_1_301' title='bbox 1759 2273 1887 2312; x_wconf 87' lang='lat' dir='ltr'>esse</span> <span class='ocrx_word' id='word_1_302' title='bbox 1909 2273 2030 2313; x_wconf 89' lang='lat' dir='ltr'>ere-</span> 
     </span>
    </p>
   </div>
   <div class='ocr_carea' id='block_1_40' title="bbox 381 2342 2031 2416">
    <p class='ocr_par' dir='ltr' id='par_1_40' title="bbox 381 2342 2031 2416">
     <span class='ocr_line' id='line_1_40' title="bbox 381 2342 2031 2416; baseline 0.002 -17"><span class='ocrx_word' id='word_1_303' title='bbox 381 2342 598 2412; x_wconf 88' lang='lat' dir='ltr'>dimus,</span> <span class='ocrx_word' id='word_1_304' title='bbox 615 2343 896 2416; x_wconf 90' lang='lat' dir='ltr'>quiaipse</span> <span class='ocrx_word' id='word_1_305' title='bbox 913 2343 1094 2414; x_wconf 90' lang='lat' dir='ltr'>solus,</span> <span class='ocrx_word' id='word_1_306' title='bbox 1118 2350 1184 2400; x_wconf 91' lang='lat' dir='ltr'>ut</span> <span class='ocrx_word' id='word_1_307' title='bbox 1212 2349 1385 2402; x_wconf 87' lang='lat' dir='ltr'>antea</span> <span class='ocrx_word' id='word_1_308' title='bbox 1413 2346 1635 2401; x_wconf 91' lang='lat' dir='ltr'>dictum</span> <span class='ocrx_word' id='word_1_309' title='bbox 1669 2352 1775 2416; x_wconf 87' lang='lat' dir='ltr'>est,</span> <span class='ocrx_word' id='word_1_310' title='bbox 1802 2364 1870 2402; x_wconf 83' lang='lat' dir='ltr'>ex</span> <span class='ocrx_word' id='word_1_311' title='bbox 1892 2349 2031 2403; x_wconf 87' lang='lat' dir='ltr'>sub-</span> 
     </span>
    </p>
   </div>
   <div class='ocr_carea' id='block_1_41' title="bbox 380 2432 2028 2505">
    <p class='ocr_par' dir='ltr' id='par_1_41' title="bbox 380 2432 2028 2505">
     <span class='ocr_line' id='line_1_41' title="bbox 380 2432 2028 2505; baseline 0.001 -14"><span class='ocrx_word' id='word_1_312' title='bbox 380 2433 603 2491; x_wconf 84' lang='lat' dir='ltr'>stantia</span> <span class='ocrx_word' id='word_1_313' title='bbox 629 2432 866 2505; x_wconf 89' lang='lat' dir='ltr'>genitus</span> <span class='ocrx_word' id='word_1_314' title='bbox 912 2437 1025 2501; x_wconf 80' lang='lat' dir='ltr'>est,</span> <span class='ocrx_word' id='word_1_315' title='bbox 1055 2433 1263 2505; x_wconf 88' lang='lat' dir='ltr'>reliqui</span> <span class='ocrx_word' id='word_1_316' title='bbox 1309 2451 1443 2491; x_wconf 89' lang='lat' dir='ltr'>vero</span> <span class='ocrx_word' id='word_1_317' title='bbox 1491 2452 1695 2491; x_wconf 90' lang='lat' dir='ltr'>omnes</span> <span class='ocrx_word' id='word_1_318' title='bbox 1726 2452 1795 2491; x_wconf 83' lang='lat' dir='ltr'>ex</span> <span class='ocrx_word' id='word_1_319' title='bbox 1825 2436 2028 2493; x_wconf 90' lang='lat' dir='ltr'>volun-</span> 
     </span>
    </p>
   </div>
   <div class='ocr_carea' id='block_1_42' title="bbox 378 2522 2026 2582">
    <p class='ocr_par' dir='ltr' id='par_1_42' title="bbox 378 2522 2026 2582">
     <span class='ocr_line' id='line_1_42' title="bbox 378 2522 2026 2582; baseline 0.003 -5"><span class='ocrx_word' id='word_1_320' title='bbox 378 2526 498 2579; x_wconf 89' lang='lat' dir='ltr'>tate</span> <span class='ocrx_word' id='word_1_321' title='bbox 543 2526 703 2578; x_wconf 87' lang='lat' dir='ltr'>sunt.</span> <span class='ocrx_word' id='word_1_322' title='bbox 736 2522 878 2578; x_wconf 86' lang='lat' dir='ltr'>Cum</span> <span class='ocrx_word' id='word_1_323' title='bbox 929 2527 1126 2579; x_wconf 89' lang='lat' dir='ltr'>autem</span> <span class='ocrx_word' id='word_1_324' title='bbox 1177 2522 1430 2580; x_wconf 88' lang='lat' dir='ltr'>dicimus</span> <span class='ocrx_word' id='word_1_325' title='bbox 1477 2524 1687 2581; x_wconf 91' lang='lat' dir='ltr'>Filium</span> <span class='ocrx_word' id='word_1_326' title='bbox 1732 2541 1861 2581; x_wconf 87' lang='lat' dir='ltr'>esse</span> <span class='ocrx_word' id='word_1_327' title='bbox 1890 2543 2026 2582; x_wconf 92' lang='lat' dir='ltr'>con-</span> 
     </span>
    </p>
   </div>
   <div class='ocr_carea' id='block_1_43' title="bbox 377 2610 2026 2682">
    <p class='ocr_par' dir='ltr' id='par_1_43' title="bbox 377 2610 2026 2682">
     <span class='ocr_line' id='line_1_43' title="bbox 377 2610 2026 2682; baseline 0.003 -15"><span class='ocrx_word' id='word_1_328' title='bbox 377 2610 827 2668; x_wconf 89' lang='lat' dir='ltr'>substantialem</span> <span class='ocrx_word' id='word_1_329' title='bbox 860 2611 1035 2682; x_wconf 87' lang='lat' dir='ltr'>Patri,</span> <span class='ocrx_word' id='word_1_330' title='bbox 1069 2610 1310 2670; x_wconf 89' lang='lat' dir='ltr'>minime</span> <span class='ocrx_word' id='word_1_331' title='bbox 1338 2613 1592 2670; x_wconf 88' lang='lat' dir='ltr'>dicimus</span> <span class='ocrx_word' id='word_1_332' title='bbox 1620 2632 1757 2670; x_wconf 91' lang='lat' dir='ltr'>eum</span> <span class='ocrx_word' id='word_1_333' title='bbox 1792 2631 1922 2670; x_wconf 88' lang='lat' dir='ltr'>esse</span> <span class='ocrx_word' id='word_1_334' title='bbox 1947 2616 2026 2672; x_wconf 89' lang='lat' dir='ltr'>si-</span> 
     </span>
    </p>
   </div>
   <div class='ocr_carea' id='block_1_44' title="bbox 375 2699 2028 2776">
    <p class='ocr_par' dir='ltr' id='par_1_44' title="bbox 375 2699 2028 2776">
     <span class='ocr_line' id='line_1_44' title="bbox 375 2699 2028 2776; baseline 0.002 -19"><span class='ocrx_word' id='word_1_335' title='bbox 375 2700 433 2757; x_wconf 90' lang='lat' dir='ltr'>bi</span> <span class='ocrx_word' id='word_1_336' title='bbox 472 2699 585 2773; x_wconf 86' lang='lat' dir='ltr'>ipsi</span> <span class='ocrx_word' id='word_1_337' title='bbox 633 2701 1214 2770; x_wconf 86' lang='lat' dir='ltr'>consubstantialem,</span> <span class='ocrx_word' id='word_1_338' title='bbox 1247 2718 1382 2758; x_wconf 93' lang='lat' dir='ltr'>cum</span> <span class='ocrx_word' id='word_1_339' title='bbox 1427 2702 1539 2760; x_wconf 90' lang='lat' dir='ltr'>sibi</span> <span class='ocrx_word' id='word_1_340' title='bbox 1587 2703 1695 2776; x_wconf 90' lang='lat' dir='ltr'>ipsi</span> <span class='ocrx_word' id='word_1_341' title='bbox 1750 2720 1918 2759; x_wconf 90' lang='lat' dir='ltr'>nemo</span> <span class='ocrx_word' id='word_1_342' title='bbox 1950 2705 2028 2760; x_wconf 90' lang='lat' dir='ltr'>sit</span> 
     </span>
    </p>
   </div>
   <div class='ocr_carea' id='block_1_45' title="bbox 371 2788 2025 2861">
    <p class='ocr_par' dir='ltr' id='par_1_45' title="bbox 371 2788 2025 2861">
     <span class='ocr_line' id='line_1_45' title="bbox 371 2788 2025 2861; baseline 0.002 -16"><span class='ocrx_word' id='word_1_343' title='bbox 371 2788 914 2846; x_wconf 87' lang='lat' dir='ltr'>consubstantialis.</span> <span class='ocrx_word' id='word_1_344' title='bbox 964 2794 1035 2845; x_wconf 85' lang='lat' dir='ltr'>At</span> <span class='ocrx_word' id='word_1_345' title='bbox 1065 2798 1146 2861; x_wconf 86' lang='lat' dir='ltr'>tu,</span> <span class='ocrx_word' id='word_1_346' title='bbox 1182 2790 1230 2846; x_wconf 89' lang='lat' dir='ltr'>si</span> <span class='ocrx_word' id='word_1_347' title='bbox 1262 2807 1462 2848; x_wconf 87' lang='lat' dir='ltr'>revera</span> <span class='ocrx_word' id='word_1_348' title='bbox 1492 2791 1691 2849; x_wconf 80' lang='lat' dir='ltr'>fateris</span> <span class='ocrx_word' id='word_1_349' title='bbox 1727 2793 1927 2848; x_wconf 90' lang='lat' dir='ltr'>omnia</span> <span class='ocrx_word' id='word_1_350' title='bbox 1957 2810 2025 2849; x_wconf 79' lang='lat' dir='ltr'>ex</span> 
     </span>
    </p>
   </div>
   <div class='ocr_carea' id='block_1_46' title="bbox 369 2877 2021 2953">
    <p class='ocr_par' dir='ltr' id='par_1_46' title="bbox 369 2877 2021 2953">
     <span class='ocr_line' id='line_1_46' title="bbox 369 2877 2021 2953; baseline 0.003 -20"><span class='ocrx_word' id='word_1_351' title='bbox 369 2877 559 2934; x_wconf 83' lang='lat' dir='ltr'>Patris</span> <span class='ocrx_word' id='word_1_352' title='bbox 586 2877 884 2935; x_wconf 86' lang='lat' dir='ltr'>voluntate</span> <span class='ocrx_word' id='word_1_353' title='bbox 915 2896 1018 2953; x_wconf 89' lang='lat' dir='ltr'>per</span> <span class='ocrx_word' id='word_1_354' title='bbox 1045 2879 1257 2936; x_wconf 89' lang='lat' dir='ltr'>Filium</span> <span class='ocrx_word' id='word_1_355' title='bbox 1290 2896 1419 2937; x_wconf 88' lang='lat' dir='ltr'>esse</span> <span class='ocrx_word' id='word_1_356' title='bbox 1451 2882 1623 2949; x_wconf 89' lang='lat' dir='ltr'>facta,</span> <span class='ocrx_word' id='word_1_357' title='bbox 1655 2886 1712 2937; x_wconf 89' lang='lat' dir='ltr'>et</span> <span class='ocrx_word' id='word_1_358' title='bbox 1741 2898 1857 2937; x_wconf 88' lang='lat' dir='ltr'>una</span> <span class='ocrx_word' id='word_1_359' title='bbox 1886 2900 2021 2939; x_wconf 91' lang='lat' dir='ltr'>eum</span> 
     </span>
    </p>
   </div>
   <div class='ocr_carea' id='block_1_47' title="bbox 370 2966 2022 3041">
    <p class='ocr_par' dir='ltr' id='par_1_47' title="bbox 370 2966 2022 3041">
     <span class='ocr_line' id='line_1_47' title="bbox 370 2966 2022 3041; baseline 0.002 -17"><span class='ocrx_word' id='word_1_360' title='bbox 370 2967 503 3024; x_wconf 89' lang='lat' dir='ltr'>aliis</span> <span class='ocrx_word' id='word_1_361' title='bbox 539 2966 750 3024; x_wconf 91' lang='lat' dir='ltr'>Filium</span> <span class='ocrx_word' id='word_1_362' title='bbox 801 2984 1036 3041; x_wconf 90' lang='lat' dir='ltr'>quoque</span> <span class='ocrx_word' id='word_1_363' title='bbox 1085 2969 1302 3025; x_wconf 84' lang='lat' dir='ltr'>factum</span> <span class='ocrx_word' id='word_1_364' title='bbox 1353 2986 1483 3026; x_wconf 89' lang='lat' dir='ltr'>esse</span> <span class='ocrx_word' id='word_1_365' title='bbox 1532 2970 1701 3038; x_wconf 87' lang='lat' dir='ltr'>dicis,</span> <span class='ocrx_word' id='word_1_366' title='bbox 1733 2972 2022 3028; x_wconf 87' lang='lat' dir='ltr'>concedas</span> 
     </span>
    </p>
   </div>
   <div class='ocr_carea' id='block_1_48' title="bbox 367 3057 2020 3131">
    <p class='ocr_par' dir='ltr' id='par_1_48' title="bbox 367 3057 2020 3131">
     <span class='ocr_line' id='line_1_48' title="bbox 367 3057 2020 3131; baseline 0.002 -17"><span class='ocrx_word' id='word_1_367' title='bbox 367 3057 543 3115; x_wconf 89' lang='lat' dir='ltr'>etiam</span> <span class='ocrx_word' id='word_1_368' title='bbox 574 3061 803 3130; x_wconf 90' lang='lat' dir='ltr'>oportet</span> <span class='ocrx_word' id='word_1_369' title='bbox 830 3074 863 3114; x_wconf 93' lang='lat' dir='ltr'>a</span> <span class='ocrx_word' id='word_1_370' title='bbox 887 3058 1080 3130; x_wconf 89' lang='lat' dir='ltr'>seipso</span> <span class='ocrx_word' id='word_1_371' title='bbox 1102 3058 1321 3114; x_wconf 88' lang='lat' dir='ltr'>factum</span> <span class='ocrx_word' id='word_1_372' title='bbox 1352 3075 1482 3115; x_wconf 88' lang='lat' dir='ltr'>esse</span> <span class='ocrx_word' id='word_1_373' title='bbox 1506 3076 1519 3115; x_wconf 90' lang='lat'><strong>:</strong></span> <span class='ocrx_word' id='word_1_374' title='bbox 1545 3060 1701 3131; x_wconf 90' lang='lat' dir='ltr'>quod</span> <span class='ocrx_word' id='word_1_375' title='bbox 1733 3061 1784 3116; x_wconf 91' lang='lat' dir='ltr'>si</span> <span class='ocrx_word' id='word_1_376' title='bbox 1813 3062 2020 3117; x_wconf 85' lang='lat' dir='ltr'>absur-</span> 
     </span>
    </p>
   </div>
   <div class='ocr_carea' id='block_1_49' title="bbox 369 3145 2019 3215">
    <p class='ocr_par' dir='ltr' id='par_1_49' title="bbox 369 3145 2019 3215">
     <span class='ocr_line' id='line_1_49' title="bbox 369 3145 2019 3215; baseline 0.002 -13"><span class='ocrx_word' id='word_1_377' title='bbox 369 3146 511 3203; x_wconf 91' lang='lat' dir='ltr'>dum</span> <span class='ocrx_word' id='word_1_378' title='bbox 542 3145 602 3202; x_wconf 88' lang='lat' dir='ltr'>id</span> <span class='ocrx_word' id='word_1_379' title='bbox 649 3150 759 3215; x_wconf 87' lang='lat' dir='ltr'>est,</span> <span class='ocrx_word' id='word_1_380' title='bbox 794 3163 937 3202; x_wconf 89' lang='lat' dir='ltr'>sane</span> <span class='ocrx_word' id='word_1_381' title='bbox 966 3164 1081 3203; x_wconf 91' lang='lat' dir='ltr'>non</span> <span class='ocrx_word' id='word_1_382' title='bbox 1133 3152 1225 3203; x_wconf 89' lang='lat' dir='ltr'>est</span> <span class='ocrx_word' id='word_1_383' title='bbox 1267 3146 1583 3205; x_wconf 85' lang='lat' dir='ltr'>voluntatis</span> <span class='ocrx_word' id='word_1_384' title='bbox 1634 3148 1840 3206; x_wconf 84' lang='lat' dir='ltr'>Filius.</span> <span class='ocrx_word' id='word_1_385' title='bbox 1874 3150 2019 3206; x_wconf 88' lang='lat' dir='ltr'>Nam</span> 
     </span>
    </p>
   </div>
   <div class='ocr_carea' id='block_1_50' title="bbox 369 3235 2018 3308">
    <p class='ocr_par' dir='ltr' id='par_1_50' title="bbox 369 3235 2018 3308">
     <span class='ocr_line' id='line_1_50' title="bbox 369 3235 2018 3308; baseline 0.002 -17"><span class='ocrx_word' id='word_1_386' title='bbox 369 3235 419 3291; x_wconf 83' lang='lat' dir='ltr'>si</span> <span class='ocrx_word' id='word_1_387' title='bbox 451 3258 480 3287; x_wconf 89' lang='grc'>‹‹</span> <span class='ocrx_word' id='word_1_388' title='bbox 510 3235 884 3308; x_wconf 67' lang='lat' dir='ltr'>Quaecunque</span> <span class='ocrx_word' id='word_1_389' title='bbox 933 3237 1070 3291; x_wconf 82' lang='lat' dir='ltr'>facit</span> <span class='ocrx_word' id='word_1_390' title='bbox 1121 3237 1308 3307; x_wconf 89' lang='lat' dir='ltr'>Pater,</span> <span class='ocrx_word' id='word_1_391' title='bbox 1344 3238 1461 3293; x_wconf 70' lang='lat' dir='ltr'>haec</span> <span class='ocrx_word' id='word_1_392' title='bbox 1492 3243 1551 3294; x_wconf 90' lang='lat' dir='ltr'>et</span> <span class='ocrx_word' id='word_1_393' title='bbox 1600 3237 1778 3294; x_wconf 80' lang='lat' dir='ltr'>Filius</span> <span class='ocrx_word' id='word_1_394' title='bbox 1809 3239 2018 3295; x_wconf 89' lang='lat' dir='ltr'>simili-</span> 
     </span>
    </p>
   </div>
   <div class='ocr_carea' id='block_1_51' title="bbox 2144 1985 3798 2061">
    <p class='ocr_par' dir='ltr' id='par_1_51' title="bbox 2144 1985 3798 2061">
     <span class='ocr_line' id='line_1_51' title="bbox 2144 1985 3798 2061; baseline -0.002 -18"><span class='ocrx_word' id='word_1_395' title='bbox 2144 1988 2234 2043; x_wconf 80' lang='grc' dir='ltr'>καὶ</span> <span class='ocrx_word' id='word_1_396' title='bbox 2265 1986 2676 2061; x_wconf 80' lang='grc' dir='ltr'>ὁμολογοῦμεν,</span> <span class='ocrx_word' id='word_1_397' title='bbox 2703 1988 2792 2043; x_wconf 80' lang='grc' dir='ltr'>καὶ</span> <span class='ocrx_word' id='word_1_398' title='bbox 2824 1986 3148 2060; x_wconf 70' lang='grc' dir='ltr'>πιστεύομεν</span> <span class='ocrx_word' id='word_1_399' title='bbox 3182 1987 3476 2060; x_wconf 81' lang='grc' dir='ltr'><strong>ὁμοούσιον</strong></span> <span class='ocrx_word' id='word_1_400' title='bbox 3528 1985 3659 2041; x_wconf 78' lang='grc' dir='ltr'><strong>εἶναι</strong></span> <span class='ocrx_word' id='word_1_401' title='bbox 3717 1989 3798 2058; x_wconf 80' lang='grc' dir='ltr'><strong>τῷ</strong></span> 
     </span>
    </p>
   </div>
   <div class='ocr_carea' id='block_1_52' title="bbox 2145 2073 3796 2155">
    <p class='ocr_par' dir='ltr' id='par_1_52' title="bbox 2145 2073 3796 2155">
     <span class='ocr_line' id='line_1_52' title="bbox 2145 2073 3796 2155; baseline -0.002 -23"><span class='ocrx_word' id='word_1_402' title='bbox 2145 2077 2313 2154; x_wconf 84' lang='grc' dir='ltr'><strong>Πατρὶ</strong></span> <span class='ocrx_word' id='word_1_403' title='bbox 2370 2078 2461 2132; x_wconf 89' lang='grc' dir='ltr'>τὸν</span> <span class='ocrx_word' id='word_1_404' title='bbox 2521 2076 2665 2133; x_wconf 61' lang='lat' dir='ltr'>risv.</span> <span class='ocrx_word' id='word_1_405' title='bbox 2699 2078 2796 2133; x_wconf 74' lang='grc' dir='ltr'>Διὰ</span> <span class='ocrx_word' id='word_1_406' title='bbox 2822 2079 2926 2155; x_wconf 73' lang='grc' dir='ltr'><strong>γὰρ</strong></span> <span class='ocrx_word' id='word_1_407' title='bbox 2958 2076 3119 2132; x_wconf 76' lang='grc' dir='ltr'><strong>τοῦτο</strong></span> <span class='ocrx_word' id='word_1_408' title='bbox 3167 2075 3258 2130; x_wconf 83' lang='grc' dir='ltr'>καὶ</span> <span class='ocrx_word' id='word_1_409' title='bbox 3312 2081 3579 2150; x_wconf 86' lang='grc' dir='ltr'>μονογενῆ</span> <span class='ocrx_word' id='word_1_410' title='bbox 3634 2073 3796 2131; x_wconf 85' lang='grc' dir='ltr'><strong>αὑτὸν</strong></span> 
     </span>
    </p>
   </div>
   <div class='ocr_carea' id='block_1_53' title="bbox 2143 2163 3799 2239">
    <p class='ocr_par' dir='ltr' id='par_1_53' title="bbox 2143 2163 3799 2239">
     <span class='ocr_line' id='line_1_53' title="bbox 2143 2163 3799 2239; baseline -0.003 -16"><span class='ocrx_word' id='word_1_411' title='bbox 2143 2169 2280 2223; x_wconf 82' lang='grc' dir='ltr'><strong>εἴναι</strong></span> <span class='ocrx_word' id='word_1_412' title='bbox 2310 2166 2653 2238; x_wconf 76' lang='grc' dir='ltr'>πιστεύομεν·</span> <span class='ocrx_word' id='word_1_413' title='bbox 2687 2165 2769 2222; x_wconf 79' lang='grc' dir='ltr'><strong>ὅτι</strong></span> <span class='ocrx_word' id='word_1_414' title='bbox 2804 2167 2971 2239; x_wconf 86' lang='grc' dir='ltr'>μόνος</span> <span class='ocrx_word' id='word_1_415' title='bbox 3003 2166 3163 2228; x_wconf 83' lang='grc' dir='ltr'>αὑτὸς</span> <span class='ocrx_word' id='word_1_416' title='bbox 3209 2163 3269 2220; x_wconf 80' lang='grc' dir='ltr'>ἐκ</span> <span class='ocrx_word' id='word_1_417' title='bbox 3314 2171 3412 2234; x_wconf 86' lang='grc' dir='ltr'>τῆς</span> <span class='ocrx_word' id='word_1_418' title='bbox 3461 2163 3649 2227; x_wconf 70' lang='grc' dir='ltr'>οὐσίας</span> <span class='ocrx_word' id='word_1_419' title='bbox 3706 2184 3799 2239; x_wconf 85' lang='grc' dir='ltr'>γε-</span> 
     </span>
    </p>
   </div>
   <div class='ocr_carea' id='block_1_54' title="bbox 2142 2251 3801 2330">
    <p class='ocr_par' dir='ltr' id='par_1_54' title="bbox 2142 2251 3801 2330">
     <span class='ocr_line' id='line_1_54' title="bbox 2142 2251 3801 2330; baseline -0.001 -20"><span class='ocrx_word' id='word_1_420' title='bbox 2142 2255 2415 2330; x_wconf 72' lang='grc' dir='ltr'><strong>γέννηται,</strong></span> <span class='ocrx_word' id='word_1_421' title='bbox 2447 2257 2627 2317; x_wconf 80' lang='grc' dir='ltr'>καθὼς</span> <span class='ocrx_word' id='word_1_422' title='bbox 2659 2255 3003 2329; x_wconf 70' lang='grc' dir='ltr'><strong>προείρηται*</strong></span> <span class='ocrx_word' id='word_1_423' title='bbox 3054 2255 3105 2309; x_wconf 78' lang='grc' dir='ltr'>οἱ</span> <span class='ocrx_word' id='word_1_424' title='bbox 3152 2251 3208 2309; x_wconf 73' lang='grc' dir='ltr'>δὲ</span> <span class='ocrx_word' id='word_1_425' title='bbox 3268 2252 3433 2310; x_wconf 72' lang='grc' dir='ltr'>ἄλλοι</span> <span class='ocrx_word' id='word_1_426' title='bbox 3488 2251 3683 2316; x_wconf 85' lang='grc' dir='ltr'><strong>πάντες</strong></span> <span class='ocrx_word' id='word_1_427' title='bbox 3739 2251 3801 2308; x_wconf 79' lang='grc' dir='ltr'>ἐκ</span> 
     </span>
    </p>
   </div>
   <div class='ocr_carea' id='block_1_55' title="bbox 2138 2341 3796 2418">
    <p class='ocr_par' dir='ltr' id='par_1_55' title="bbox 2138 2341 3796 2418">
     <span class='ocr_line' id='line_1_55' title="bbox 2138 2341 3796 2418; baseline -0.001 -19"><span class='ocrx_word' id='word_1_428' title='bbox 2138 2350 2238 2413; x_wconf 83' lang='grc' dir='ltr'>τῆς</span> <span class='ocrx_word' id='word_1_429' title='bbox 2270 2341 2566 2414; x_wconf 79' lang='grc' dir='ltr'><strong>θελήσεως.</strong></span> <span class='ocrx_word' id='word_1_430' title='bbox 2597 2342 2919 2415; x_wconf 85' lang='grc' dir='ltr'><strong>Ὁμοούσιον</strong></span> <span class='ocrx_word' id='word_1_431' title='bbox 2951 2341 3009 2399; x_wconf 73' lang='grc' dir='ltr'>δὲ</span> <span class='ocrx_word' id='word_1_432' title='bbox 3040 2342 3295 2417; x_wconf 71' lang='grc' dir='ltr'>λέγοντες</span> <span class='ocrx_word' id='word_1_433' title='bbox 3344 2347 3425 2415; x_wconf 76' lang='grc' dir='ltr'><strong>τῷ</strong></span> <span class='ocrx_word' id='word_1_434' title='bbox 3474 2341 3644 2418; x_wconf 64' lang='lat' dir='ltr'>Harp?</span> <span class='ocrx_word' id='word_1_435' title='bbox 3701 2341 3796 2397; x_wconf 86' lang='grc' dir='ltr'>τὸν</span> 
     </span>
    </p>
   </div>
   <div class='ocr_carea' id='block_1_56' title="bbox 2139 2428 3790 2508">
    <p class='ocr_par' dir='ltr' id='par_1_56' title="bbox 2139 2428 3790 2508">
     <span class='ocr_line' id='line_1_56' title="bbox 2139 2428 3790 2508; baseline -0.003 -19"><span class='ocrx_word' id='word_1_436' title='bbox 2139 2434 2285 2507; x_wconf 72' lang='grc' dir='ltr'>Υἱὸν,</span> <span class='ocrx_word' id='word_1_437' title='bbox 2344 2433 2443 2488; x_wconf 81' lang='grc' dir='ltr'>οὑκ</span> <span class='ocrx_word' id='word_1_438' title='bbox 2490 2432 2648 2488; x_wconf 82' lang='grc' dir='ltr'><strong>αὑτὸν</strong></span> <span class='ocrx_word' id='word_1_439' title='bbox 2708 2433 2880 2506; x_wconf 70' lang='grc' dir='ltr'>ἑαυτῷ</span> <span class='ocrx_word' id='word_1_440' title='bbox 2937 2431 3170 2508; x_wconf 74' lang='grc' dir='ltr'>λὲγομεν</span> <span class='ocrx_word' id='word_1_441' title='bbox 3230 2431 3546 2504; x_wconf 86' lang='grc' dir='ltr'><strong>ὁμοούσιον·</strong></span> <span class='ocrx_word' id='word_1_442' title='bbox 3607 2428 3790 2493; x_wconf 76' lang='grc' dir='ltr'>οὸὃεὶς</span> 
     </span>
    </p>
   </div>
   <div class='ocr_carea' id='block_1_57' title="bbox 2134 2518 3793 2600">
    <p class='ocr_par' dir='ltr' id='par_1_57' title="bbox 2134 2518 3793 2600">
     <span class='ocr_line' id='line_1_57' title="bbox 2134 2518 3793 2600; baseline -0.004 -21"><span class='ocrx_word' id='word_1_443' title='bbox 2134 2524 2235 2600; x_wconf 79' lang='grc' dir='ltr'><strong>γὰρ</strong></span> <span class='ocrx_word' id='word_1_444' title='bbox 2265 2522 2425 2585; x_wconf 79' lang='grc' dir='ltr'>αὐτὸς</span> <span class='ocrx_word' id='word_1_445' title='bbox 2458 2523 2631 2594; x_wconf 70' lang='grc' dir='ltr'>ἑαυτῷ</span> <span class='ocrx_word' id='word_1_446' title='bbox 2671 2522 2995 2596; x_wconf 84' lang='grc' dir='ltr'><strong>ὁμοούσιος.</strong></span> <span class='ocrx_word' id='word_1_447' title='bbox 3042 2521 3104 2579; x_wconf 77' lang='grc' dir='ltr'>Εἰ</span> <span class='ocrx_word' id='word_1_448' title='bbox 3136 2518 3195 2576; x_wconf 71' lang='grc' dir='ltr'>δὲ</span> <span class='ocrx_word' id='word_1_449' title='bbox 3226 2519 3445 2592; x_wconf 72' lang='grc' dir='ltr'>’ἱληθῶς</span> <span class='ocrx_word' id='word_1_450' title='bbox 3494 2518 3793 2596; x_wconf 84' lang='grc' dir='ltr'>ὁμολογεῖς</span> 
     </span>
    </p>
   </div>
   <div class='ocr_carea' id='block_1_58' title="bbox 2134 2607 3781 2687">
    <p class='ocr_par' dir='ltr' id='par_1_58' title="bbox 2134 2607 3781 2687">
     <span class='ocr_line' id='line_1_58' title="bbox 2134 2607 3781 2687; baseline -0.002 -19"><span class='ocrx_word' id='word_1_451' title='bbox 2134 2614 2201 2668; x_wconf 80' lang='grc' dir='ltr'><strong>τὰ</strong></span> <span class='ocrx_word' id='word_1_452' title='bbox 2226 2615 2400 2668; x_wconf 79' lang='grc' dir='ltr'><strong>πάντα</strong></span> <span class='ocrx_word' id='word_1_453' title='bbox 2427 2612 2486 2667; x_wconf 70' lang='grc' dir='ltr'>ἐκ</span> <span class='ocrx_word' id='word_1_454' title='bbox 2511 2614 2611 2681; x_wconf 74' lang='grc' dir='ltr'>τῆς</span> <span class='ocrx_word' id='word_1_455' title='bbox 2647 2609 2967 2687; x_wconf 72' lang='grc' dir='ltr'>βουλήσεως</span> <span class='ocrx_word' id='word_1_456' title='bbox 2995 2615 3093 2666; x_wconf 81' lang='grc' dir='ltr'><strong>τοῦ</strong></span> <span class='ocrx_word' id='word_1_457' title='bbox 3128 2610 3338 2684; x_wconf 86' lang='grc' dir='ltr'><strong>Πατρὸς</strong></span> <span class='ocrx_word' id='word_1_458' title='bbox 3373 2607 3463 2664; x_wconf 82' lang='grc' dir='ltr'>διὰ</span> <span class='ocrx_word' id='word_1_459' title='bbox 3507 2614 3605 2665; x_wconf 78' lang='grc' dir='ltr'>τοῦ</span> <span class='ocrx_word' id='word_1_460' title='bbox 3652 2611 3781 2664; x_wconf 62' lang='lat' dir='ltr'>me?)</span> 
     </span>
    </p>
   </div>
   <div class='ocr_carea' id='block_1_59' title="bbox 2133 2696 3783 2776">
    <p class='ocr_par' dir='ltr' id='par_1_59' title="bbox 2133 2696 3783 2776">
     <span class='ocr_line' id='line_1_59' title="bbox 2133 2696 3783 2776; baseline -0.001 -21"><span class='ocrx_word' id='word_1_461' title='bbox 2133 2700 2434 2776; x_wconf 70' lang='grc' dir='ltr'><strong>γεγονέναι,</strong></span> <span class='ocrx_word' id='word_1_462' title='bbox 2471 2699 2605 2773; x_wconf 83' lang='grc' dir='ltr'>μετά</span> <span class='ocrx_word' id='word_1_463' title='bbox 2633 2696 2691 2754; x_wconf 78' lang='grc' dir='ltr'>δὶ</span> <span class='ocrx_word' id='word_1_464' title='bbox 2719 2700 2933 2754; x_wconf 83' lang='grc' dir='ltr'><strong>πάντων</strong></span> <span class='ocrx_word' id='word_1_465' title='bbox 2966 2697 3140 2774; x_wconf 74' lang='grc' dir='ltr'>λὲγεις</span> <span class='ocrx_word' id='word_1_466' title='bbox 3168 2698 3261 2754; x_wconf 84' lang='grc' dir='ltr'>τὸν</span> <span class='ocrx_word' id='word_1_467' title='bbox 3322 2698 3443 2753; x_wconf 76' lang='grc' dir='ltr'>Υἱὸν</span> <span class='ocrx_word' id='word_1_468' title='bbox 3485 2697 3783 2775; x_wconf 63' lang='grc' dir='ltr'><strong>γεγονέναι,</strong></span> 
     </span>
    </p>
   </div>
   <div class='ocr_carea' id='block_1_60' title="bbox 2133 2784 3784 2864">
    <p class='ocr_par' dir='ltr' id='par_1_60' title="bbox 2133 2784 3784 2864">
     <span class='ocr_line' id='line_1_60' title="bbox 2133 2784 3784 2864; baseline -0.002 -18"><span class='ocrx_word' id='word_1_469' title='bbox 2133 2789 2223 2846; x_wconf 83' lang='grc' dir='ltr'>καὶ</span> <span class='ocrx_word' id='word_1_470' title='bbox 2256 2789 2415 2845; x_wconf 85' lang='grc' dir='ltr'><strong>αὑτὸν</strong></span> <span class='ocrx_word' id='word_1_471' title='bbox 2474 2787 2544 2843; x_wconf 86' lang='grc' dir='ltr'>δι’</span> <span class='ocrx_word' id='word_1_472' title='bbox 2575 2789 2766 2844; x_wconf 68' lang='grc' dir='ltr'>ἑαυτοῦ</span> <span class='ocrx_word' id='word_1_473' title='bbox 2823 2786 3014 2850; x_wconf 84' lang='grc' dir='ltr'>δώσεις</span> <span class='ocrx_word' id='word_1_474' title='bbox 3063 2787 3365 2864; x_wconf 73' lang='grc' dir='ltr'><strong>γεγονέναι·</strong></span> <span class='ocrx_word' id='word_1_475' title='bbox 3401 2786 3448 2842; x_wconf 80' lang='grc' dir='ltr'>εί</span> <span class='ocrx_word' id='word_1_476' title='bbox 3506 2784 3564 2843; x_wconf 76' lang='grc' dir='ltr'>δὲ</span> <span class='ocrx_word' id='word_1_477' title='bbox 3618 2792 3784 2844; x_wconf 81' lang='grc' dir='ltr'><strong>τοῦτο</strong></span> 
     </span>
    </p>
   </div>
   <div class='ocr_carea' id='block_1_61' title="bbox 2133 2874 3786 2954">
    <p class='ocr_par' dir='ltr' id='par_1_61' title="bbox 2133 2874 3786 2954">
     <span class='ocr_line' id='line_1_61' title="bbox 2133 2874 3786 2954; baseline -0.002 -20"><span class='ocrx_word' id='word_1_478' title='bbox 2133 2881 2358 2947; x_wconf 75' lang='grc' dir='ltr'><strong>ἄτοπον,</strong></span> <span class='ocrx_word' id='word_1_479' title='bbox 2408 2878 2508 2934; x_wconf 76' lang='grc' dir='ltr'>οὑκ</span> <span class='ocrx_word' id='word_1_480' title='bbox 2564 2878 2669 2954; x_wconf 73' lang='grc' dir='ltr'><strong>ἄρα</strong></span> <span class='ocrx_word' id='word_1_481' title='bbox 2730 2874 3047 2952; x_wconf 79' lang='grc' dir='ltr'>βουλήσεώς</span> <span class='ocrx_word' id='word_1_482' title='bbox 3098 2876 3239 2932; x_wconf 78' lang='grc' dir='ltr'><strong>ἐστιν</strong></span> <span class='ocrx_word' id='word_1_483' title='bbox 3291 2879 3318 2932; x_wconf 85' lang='lat'>6</span> <span class='ocrx_word' id='word_1_484' title='bbox 3376 2875 3521 2939; x_wconf 80' lang='grc' dir='ltr'>Υἱός.</span> <span class='ocrx_word' id='word_1_485' title='bbox 3573 2875 3638 2932; x_wconf 71' lang='lat' dir='ltr'>El</span> <span class='ocrx_word' id='word_1_486' title='bbox 3684 2878 3786 2952; x_wconf 71' lang='grc' dir='ltr'><strong>γὰρ</strong></span> 
     </span>
    </p>
   </div>
   <div class='ocr_carea' id='block_1_62' title="bbox 2136 2964 3785 3042">
    <p class='ocr_par' dir='ltr' id='par_1_62' title="bbox 2136 2964 3785 3042">
     <span class='ocr_line' id='line_1_62' title="bbox 2136 2964 3785 3042; baseline 0 -21"><span class='ocrx_word' id='word_1_487' title='bbox 2136 2993 2164 3021; x_wconf 76' lang='grc' dir='ltr'><strong>(ι</strong></span> <span class='ocrx_word' id='word_1_488' title='bbox 2193 2970 2327 3023; x_wconf 87' lang='grc' dir='ltr'>Ὅσα</span> <span class='ocrx_word' id='word_1_489' title='bbox 2376 2967 2435 3023; x_wconf 81' lang='grc' dir='ltr'>ἂν</span> <span class='ocrx_word' id='word_1_490' title='bbox 2495 2972 2642 3022; x_wconf 86' lang='grc' dir='ltr'><strong>ποιεῖ</strong></span> <span class='ocrx_word' id='word_1_491' title='bbox 2671 2967 2699 3022; x_wconf 81' lang='lat'>6</span> <span class='ocrx_word' id='word_1_492' title='bbox 2736 2968 2941 3042; x_wconf 73' lang='grc' dir='ltr'><strong>Πατὴρ,</strong></span> <span class='ocrx_word' id='word_1_493' title='bbox 2971 2970 3138 3022; x_wconf 78' lang='grc' dir='ltr'><strong>ταῦτα</strong></span> <span class='ocrx_word' id='word_1_494' title='bbox 3180 2965 3269 3021; x_wconf 79' lang='grc' dir='ltr'>καὶ</span> <span class='ocrx_word' id='word_1_495' title='bbox 3318 2966 3346 3021; x_wconf 92' lang='lat'>6</span> <span class='ocrx_word' id='word_1_496' title='bbox 3395 2966 3518 3029; x_wconf 74' lang='grc' dir='ltr'>Υἱὸς</span> <span class='ocrx_word' id='word_1_497' title='bbox 3573 2964 3785 3040; x_wconf 84' lang='grc' dir='ltr'>ὁμοίως</span> 
     </span>
    </p>
   </div>
   <div class='ocr_carea' id='block_1_63' title="bbox 2131 3053 3785 3129">
    <p class='ocr_par' dir='ltr' id='par_1_63' title="bbox 2131 3053 3785 3129">
     <span class='ocr_line' id='line_1_63' title="bbox 2131 3053 3785 3129; baseline -0.001 -16"><span class='ocrx_word' id='word_1_498' title='bbox 2131 3062 2300 3128; x_wconf 86' lang='grc' dir='ltr'><strong>ποιεῖ,</strong></span> <span class='ocrx_word' id='word_1_499' title='bbox 2337 3081 2364 3111; x_wconf 87' lang='grc'><strong>››</strong></span> <span class='ocrx_word' id='word_1_500' title='bbox 2400 3059 2619 3128; x_wconf 77' lang='grc' dir='ltr'><strong>ποιήσει</strong></span> <span class='ocrx_word' id='word_1_501' title='bbox 2649 3057 2739 3112; x_wconf 81' lang='grc' dir='ltr'>καὶ</span> <span class='ocrx_word' id='word_1_502' title='bbox 2771 3058 2799 3111; x_wconf 87' lang='lat'>6</span> <span class='ocrx_word' id='word_1_503' title='bbox 2831 3056 2955 3119; x_wconf 72' lang='grc' dir='ltr'>Υἱὸς</span> <span class='ocrx_word' id='word_1_504' title='bbox 2987 3055 3158 3113; x_wconf 66' lang='grc' dir='ltr'>ἄλλον</span> <span class='ocrx_word' id='word_1_505' title='bbox 3190 3056 3327 3127; x_wconf 83' lang='grc' dir='ltr'>υἱὸν,</span> <span class='ocrx_word' id='word_1_506' title='bbox 3354 3053 3447 3111; x_wconf 75' lang='grc' dir='ltr'>’ίνα</span> <span class='ocrx_word' id='word_1_507' title='bbox 3500 3057 3677 3111; x_wconf 86' lang='grc' dir='ltr'><strong>πάντα</strong></span> <span class='ocrx_word' id='word_1_508' title='bbox 3703 3061 3785 3129; x_wconf 85' lang='grc' dir='ltr'><strong>τῷ</strong></span> 
     </span>
    </p>
   </div>
   <div class='ocr_carea' id='block_1_64' title="bbox 2133 3141 3788 3223">
    <p class='ocr_par' dir='ltr' id='par_1_64' title="bbox 2133 3141 3788 3223">
     <span class='ocr_line' id='line_1_64' title="bbox 2133 3141 3788 3223; baseline -0.001 -21"><span class='ocrx_word' id='word_1_509' title='bbox 2133 3146 2302 3223; x_wconf 85' lang='grc' dir='ltr'><strong>Πατρὶ</strong></span> <span class='ocrx_word' id='word_1_510' title='bbox 2360 3144 2570 3219; x_wconf 86' lang='grc' dir='ltr'>ὁμοίως</span> <span class='ocrx_word' id='word_1_511' title='bbox 2628 3146 2853 3219; x_wconf 79' lang='grc' dir='ltr'><strong>ποιήσῃ.</strong></span> <span class='ocrx_word' id='word_1_512' title='bbox 2911 3143 2973 3201; x_wconf 74' lang='grc' dir='ltr'>Εἰ</span> <span class='ocrx_word' id='word_1_513' title='bbox 3033 3141 3093 3199; x_wconf 77' lang='grc' dir='ltr'>δὶ</span> <span class='ocrx_word' id='word_1_514' title='bbox 3167 3144 3266 3199; x_wconf 82' lang='grc' dir='ltr'>οὑκ</span> <span class='ocrx_word' id='word_1_515' title='bbox 3322 3142 3601 3215; x_wconf 75' lang='grc' dir='ltr'>ἐποίησεν,</span> <span class='ocrx_word' id='word_1_516' title='bbox 3661 3142 3788 3200; x_wconf 69' lang='grc' dir='ltr'>οὐδὲ</span> 
     </span>
    </p>
   </div>
   <div class='ocr_carea' id='block_1_65' title="bbox 2129 3230 3784 3310">
    <p class='ocr_par' dir='ltr' id='par_1_65' title="bbox 2129 3230 3784 3310">
     <span class='ocr_line' id='line_1_65' title="bbox 2129 3230 3784 3310; baseline -0.001 -20"><span class='ocrx_word' id='word_1_517' title='bbox 2129 3240 2297 3306; x_wconf 85' lang='grc' dir='ltr'><strong>ποιεῖ,</strong></span> <span class='ocrx_word' id='word_1_518' title='bbox 2331 3235 2429 3289; x_wconf 75' lang='grc' dir='ltr'>οὐκ</span> <span class='ocrx_word' id='word_1_519' title='bbox 2478 3230 2588 3290; x_wconf 76' lang='grc' dir='ltr'><strong>ἔστι</strong></span> <span class='ocrx_word' id='word_1_520' title='bbox 2638 3234 2853 3307; x_wconf 87' lang='grc' dir='ltr'><strong>ποίημα</strong></span> <span class='ocrx_word' id='word_1_521' title='bbox 2897 3232 3076 3296; x_wconf 85' lang='grc' dir='ltr'>αὑτός.</span> <span class='ocrx_word' id='word_1_522' title='bbox 3105 3231 3395 3304; x_wconf 81' lang='grc' dir='ltr'><strong>Ἀληθεύει</strong></span> <span class='ocrx_word' id='word_1_523' title='bbox 3445 3233 3549 3309; x_wconf 80' lang='grc' dir='ltr'>γὰρ</span> <span class='ocrx_word' id='word_1_524' title='bbox 3611 3232 3784 3310; x_wconf 71' lang='grc' dir='ltr'>λὲγων</span> 
     </span>
    </p>
   </div>
   <div class='ocr_carea' id='block_1_66' title="bbox 368 3309 2024 3398">
    <p class='ocr_par' dir='ltr' id='par_1_66' title="bbox 368 3324 2024 3398">
     <span class='ocr_line' id='line_1_66' title="bbox 368 3324 2024 3398; baseline 0.002 -18"><span class='ocrx_word' id='word_1_525' title='bbox 368 3328 458 3380; x_wconf 86' lang='lat' dir='ltr'>ter</span> <span class='ocrx_word' id='word_1_526' title='bbox 487 3324 624 3381; x_wconf 82' lang='lat' dir='ltr'>facit</span> <span class='ocrx_word' id='word_1_527' title='bbox 643 3326 707 3392; x_wconf 79' lang='grc'>⁸⁷,</span> <span class='ocrx_word' id='word_1_528' title='bbox 744 3346 772 3374; x_wconf 84' lang='grc'><strong>››</strong></span> <span class='ocrx_word' id='word_1_529' title='bbox 802 3324 976 3380; x_wconf 84' lang='lat' dir='ltr'>faciet</span> <span class='ocrx_word' id='word_1_530' title='bbox 1022 3325 1197 3381; x_wconf 89' lang='lat' dir='ltr'>etiam</span> <span class='ocrx_word' id='word_1_531' title='bbox 1252 3325 1435 3383; x_wconf 83' lang='lat' dir='ltr'>Filius</span> <span class='ocrx_word' id='word_1_532' title='bbox 1464 3326 1645 3383; x_wconf 89' lang='lat' dir='ltr'>alium</span> <span class='ocrx_word' id='word_1_533' title='bbox 1692 3328 1926 3398; x_wconf 68' lang='lat' dir='ltr'>Filium,</span> <span class='ocrx_word' id='word_1_534' title='bbox 1960 3334 2024 3384; x_wconf 89' lang='lat' dir='ltr'>ut</span> 
     </span>
    </p>
   </div>
   <div class='ocr_carea' id='block_1_67' title="bbox 2138 3309 3789 3398">
    <p class='ocr_par' dir='ltr' id='par_1_67' title="bbox 2138 3321 3789 3397">
     <span class='ocr_line' id='line_1_67' title="bbox 2138 3321 3789 3397; baseline -0.002 -17"><span class='ocrx_word' id='word_1_535' title='bbox 2138 3322 2242 3380; x_wconf 81' lang='grc' dir='ltr'><strong>ὅτι·</strong></span> <span class='ocrx_word' id='word_1_536' title='bbox 2278 3347 2305 3375; x_wconf 86' lang='grc'><em>‹‹</em></span> <span class='ocrx_word' id='word_1_537' title='bbox 2335 3324 2514 3379; x_wconf 73' lang='grc' dir='ltr'>Πάντα</span> <span class='ocrx_word' id='word_1_538' title='bbox 2543 3322 2642 3378; x_wconf 79' lang='grc' dir='ltr'>ὅσα</span> <span class='ocrx_word' id='word_1_539' title='bbox 2671 3321 2730 3377; x_wconf 75' lang='grc' dir='ltr'>ἂν</span> <span class='ocrx_word' id='word_1_540' title='bbox 2785 3326 2933 3377; x_wconf 85' lang='grc' dir='ltr'><strong>ποιεῖ</strong></span> <span class='ocrx_word' id='word_1_541' title='bbox 2961 3323 2988 3377; x_wconf 95' lang='lat'>6</span> <span class='ocrx_word' id='word_1_542' title='bbox 3022 3322 3228 3397; x_wconf 79' lang='grc' dir='ltr'>Ηατήρ,</span> <span class='ocrx_word' id='word_1_543' title='bbox 3259 3326 3425 3377; x_wconf 78' lang='grc' dir='ltr'><strong>ταῦτα</strong></span> <span class='ocrx_word' id='word_1_544' title='bbox 3477 3321 3568 3377; x_wconf 83' lang='grc' dir='ltr'>καὶ</span> <span class='ocrx_word' id='word_1_545' title='bbox 3602 3323 3630 3378; x_wconf 94' lang='lat'>6</span> <span class='ocrx_word' id='word_1_546' title='bbox 3657 3322 3789 3385; x_wconf 80' lang='grc' dir='ltr'>Υἱὸς</span> 
     </span>
    </p>
   </div>
   <div class='ocr_carea' id='block_1_68' title="bbox 369 3412 2021 3485">
    <p class='ocr_par' dir='ltr' id='par_1_68' title="bbox 369 3412 2021 3485">
     <span class='ocr_line' id='line_1_68' title="bbox 369 3412 2021 3485; baseline 0.002 -16"><span class='ocrx_word' id='word_1_547' title='bbox 369 3412 569 3469; x_wconf 88' lang='lat' dir='ltr'>omnia</span> <span class='ocrx_word' id='word_1_548' title='bbox 614 3413 892 3469; x_wconf 90' lang='lat' dir='ltr'>similiter</span> <span class='ocrx_word' id='word_1_549' title='bbox 941 3414 1116 3469; x_wconf 88' lang='lat' dir='ltr'>faciat</span> <span class='ocrx_word' id='word_1_550' title='bbox 1161 3430 1290 3485; x_wconf 65' lang='lat' dir='ltr'>qua;</span> <span class='ocrx_word' id='word_1_551' title='bbox 1344 3416 1530 3471; x_wconf 91' lang='lat' dir='ltr'>Pater.</span> <span class='ocrx_word' id='word_1_552' title='bbox 1564 3417 1723 3483; x_wconf 85' lang='lat' dir='ltr'>Quod</span> <span class='ocrx_word' id='word_1_553' title='bbox 1757 3417 1804 3472; x_wconf 90' lang='lat' dir='ltr'>si</span> <span class='ocrx_word' id='word_1_554' title='bbox 1839 3417 2021 3473; x_wconf 91' lang='lat' dir='ltr'>alium</span> 
     </span>
    </p>
   </div>
   <div class='ocr_carea' id='block_1_69' title="bbox 366 3500 2026 3578">
    <p class='ocr_par' dir='ltr' id='par_1_69' title="bbox 366 3500 2026 3578">
     <span class='ocr_line' id='line_1_69' title="bbox 366 3500 2026 3578; baseline 0.004 -20"><span class='ocrx_word' id='word_1_555' title='bbox 366 3500 578 3559; x_wconf 83' lang='lat' dir='ltr'>Filium</span> <span class='ocrx_word' id='word_1_556' title='bbox 611 3519 726 3557; x_wconf 92' lang='lat' dir='ltr'>non</span> <span class='ocrx_word' id='word_1_557' title='bbox 771 3501 905 3558; x_wconf 84' lang='lat' dir='ltr'>fecit</span> <span class='ocrx_word' id='word_1_558' title='bbox 938 3519 1128 3574; x_wconf 90' lang='lat' dir='ltr'>neque</span> <span class='ocrx_word' id='word_1_559' title='bbox 1179 3504 1335 3576; x_wconf 80' lang='lat' dir='ltr'>facit,</span> <span class='ocrx_word' id='word_1_560' title='bbox 1368 3505 1495 3577; x_wconf 91' lang='lat' dir='ltr'>ipse</span> <span class='ocrx_word' id='word_1_561' title='bbox 1526 3522 1759 3578; x_wconf 89' lang='lat' dir='ltr'>quoque</span> <span class='ocrx_word' id='word_1_562' title='bbox 1790 3524 1905 3563; x_wconf 92' lang='lat' dir='ltr'>non</span> <span class='ocrx_word' id='word_1_563' title='bbox 1936 3512 2026 3564; x_wconf 88' lang='lat' dir='ltr'>est</span> 
     </span>
    </p>
   </div>
   <div class='ocr_carea' id='block_1_70' title="bbox 362 3589 2020 3663">
    <p class='ocr_par' dir='ltr' id='par_1_70' title="bbox 362 3589 2020 3663">
     <span class='ocr_line' id='line_1_70' title="bbox 362 3589 2020 3663; baseline 0.004 -17"><span class='ocrx_word' id='word_1_564' title='bbox 362 3589 685 3663; x_wconf 81' lang='lat' dir='ltr'>opificium.</span> <span class='ocrx_word' id='word_1_565' title='bbox 708 3591 1011 3647; x_wconf 89' lang='lat' dir='ltr'>Veraciter</span> <span class='ocrx_word' id='word_1_566' title='bbox 1038 3592 1196 3648; x_wconf 91' lang='lat' dir='ltr'>enim</span> <span class='ocrx_word' id='word_1_567' title='bbox 1220 3592 1453 3650; x_wconf 89' lang='lat' dir='ltr'>locutus</span> <span class='ocrx_word' id='word_1_568' title='bbox 1476 3599 1566 3651; x_wconf 88' lang='lat' dir='ltr'>est</span> <span class='ocrx_word' id='word_1_569' title='bbox 1596 3612 1729 3651; x_wconf 90' lang='lat' dir='ltr'>cum</span> <span class='ocrx_word' id='word_1_570' title='bbox 1765 3597 1983 3652; x_wconf 87' lang='lat' dir='ltr'>diceret</span> <span class='ocrx_word' id='word_1_571' title='bbox 2007 3614 2020 3652; x_wconf 89' lang='lat'>:</span> 
     </span>
    </p>
   </div>
   <div class='ocr_carea' id='block_1_71' title="bbox 363 3681 2026 3752">
    <p class='ocr_par' dir='ltr' id='par_1_71' title="bbox 363 3681 2026 3752">
     <span class='ocr_line' id='line_1_71' title="bbox 363 3681 2026 3752; baseline 0.007 -22"><span class='ocrx_word' id='word_1_572' title='bbox 363 3701 391 3731; x_wconf 85' lang='grc'><em>‹‹</em></span> <span class='ocrx_word' id='word_1_573' title='bbox 424 3681 800 3752; x_wconf 70' lang='grc' dir='ltr'>Οιιωουηᾳυο</span> <span class='ocrx_word' id='word_1_574' title='bbox 850 3682 990 3737; x_wconf 85' lang='lat' dir='ltr'>facit</span> <span class='ocrx_word' id='word_1_575' title='bbox 1038 3686 1231 3748; x_wconf 91' lang='lat' dir='ltr'>Pater,</span> <span class='ocrx_word' id='word_1_576' title='bbox 1263 3683 1383 3739; x_wconf 71' lang='lat' dir='ltr'>haec</span> <span class='ocrx_word' id='word_1_577' title='bbox 1435 3688 1493 3739; x_wconf 92' lang='lat' dir='ltr'>et</span> <span class='ocrx_word' id='word_1_578' title='bbox 1538 3683 1723 3740; x_wconf 87' lang='lat' dir='ltr'>Filius</span> <span class='ocrx_word' id='word_1_579' title='bbox 1753 3685 2026 3741; x_wconf 86' lang='lat' dir='ltr'>similiter</span> 
     </span>
    </p>
   </div>
   <div class='ocr_carea' id='block_1_72' title="bbox 360 3767 2025 3845">
    <p class='ocr_par' dir='ltr' id='par_1_72' title="bbox 360 3767 2025 3845">
     <span class='ocr_line' id='line_1_72' title="bbox 360 3767 2025 3845; baseline 0.003 -21"><span class='ocrx_word' id='word_1_580' title='bbox 360 3767 519 3824; x_wconf 82' lang='lat' dir='ltr'>facit.</span> <span class='ocrx_word' id='word_1_581' title='bbox 549 3787 576 3820; x_wconf 72' lang='grc' dir='ltr'>ι</span> <span class='ocrx_word' id='word_1_582' title='bbox 613 3767 740 3825; x_wconf 91' lang='lat' dir='ltr'>Non</span> <span class='ocrx_word' id='word_1_583' title='bbox 784 3768 924 3825; x_wconf 89' lang='lat' dir='ltr'>facit</span> <span class='ocrx_word' id='word_1_584' title='bbox 956 3774 1154 3827; x_wconf 88' lang='lat' dir='ltr'>autem</span> <span class='ocrx_word' id='word_1_585' title='bbox 1208 3772 1470 3845; x_wconf 88' lang='lat' dir='ltr'>seipsum</span> <span class='ocrx_word' id='word_1_586' title='bbox 1522 3773 1707 3830; x_wconf 85' lang='lat' dir='ltr'>Filius</span> <span class='ocrx_word' id='word_1_587' title='bbox 1742 3792 1755 3831; x_wconf 89' lang='lat'>:</span> <span class='ocrx_word' id='word_1_588' title='bbox 1791 3791 1903 3830; x_wconf 91' lang='lat' dir='ltr'>non</span> <span class='ocrx_word' id='word_1_589' title='bbox 1935 3780 2025 3830; x_wconf 91' lang='lat' dir='ltr'>est</span> 
     </span>
    </p>
   </div>
   <div class='ocr_carea' id='block_1_73' title="bbox 359 3855 2025 3934">
    <p class='ocr_par' dir='ltr' id='par_1_73' title="bbox 359 3855 2025 3934">
     <span class='ocr_line' id='line_1_73' title="bbox 359 3855 2025 3934; baseline 0.004 -22"><span class='ocrx_word' id='word_1_590' title='bbox 359 3855 542 3929; x_wconf 85' lang='lat' dir='ltr'>igitur</span> <span class='ocrx_word' id='word_1_591' title='bbox 597 3857 819 3914; x_wconf 87' lang='lat' dir='ltr'>factum</span> <span class='ocrx_word' id='word_1_592' title='bbox 852 3860 1204 3933; x_wconf 50' lang='lat' dir='ltr'>lquidpiam.</span> <span class='ocrx_word' id='word_1_593' title='bbox 1267 3866 1340 3917; x_wconf 89' lang='lat' dir='ltr'>At</span> <span class='ocrx_word' id='word_1_594' title='bbox 1393 3862 1571 3934; x_wconf 88' lang='lat' dir='ltr'>dices,</span> <span class='ocrx_word' id='word_1_595' title='bbox 1626 3881 1741 3919; x_wconf 93' lang='lat' dir='ltr'>non</span> <span class='ocrx_word' id='word_1_596' title='bbox 1803 3864 2025 3921; x_wconf 85' lang='lat' dir='ltr'>dixisse</span> 
     </span>
    </p>
   </div>
   <div class='ocr_carea' id='block_1_74' title="bbox 359 3945 2024 4024">
    <p class='ocr_par' dir='ltr' id='par_1_74' title="bbox 359 3945 2024 4024">
     <span class='ocr_line' id='line_1_74' title="bbox 359 3945 2024 4024; baseline 0.003 -21"><span class='ocrx_word' id='word_1_597' title='bbox 359 3945 681 4015; x_wconf 89' lang='lat' dir='ltr'>Christum,</span> <span class='ocrx_word' id='word_1_598' title='bbox 730 3946 945 4004; x_wconf 87' lang='lat' dir='ltr'>Omnia</span> <span class='ocrx_word' id='word_1_599' title='bbox 992 3964 1117 4021; x_wconf 67' lang='lat' dir='ltr'>qua;</span> <span class='ocrx_word' id='word_1_600' title='bbox 1150 3950 1306 4017; x_wconf 88' lang='lat' dir='ltr'>fecit,</span> <span class='ocrx_word' id='word_1_601' title='bbox 1351 3952 1449 4007; x_wconf 90' lang='lat' dir='ltr'>sed</span> <span class='ocrx_word' id='word_1_602' title='bbox 1484 3969 1612 4024; x_wconf 72' lang='lat' dir='ltr'>qum</span> <span class='ocrx_word' id='word_1_603' title='bbox 1664 3952 1841 4009; x_wconf 85' lang='lat' dir='ltr'>facit:</span> <span class='ocrx_word' id='word_1_604' title='bbox 1877 3951 2024 4009; x_wconf 86' lang='lat' dir='ltr'>scito</span> 
     </span>
    </p>
   </div>
   <div class='ocr_carea' id='block_1_75' title="bbox 364 4036 2024 4113">
    <p class='ocr_par' dir='ltr' id='par_1_75' title="bbox 364 4036 2024 4113">
     <span class='ocr_line' id='line_1_75' title="bbox 364 4036 2024 4113; baseline 0.005 -22"><span class='ocrx_word' id='word_1_605' title='bbox 364 4050 589 4091; x_wconf 90' lang='lat' dir='ltr'>morem</span> <span class='ocrx_word' id='word_1_606' title='bbox 621 4051 752 4092; x_wconf 89' lang='lat' dir='ltr'>esse</span> <span class='ocrx_word' id='word_1_607' title='bbox 766 4036 1079 4110; x_wconf 49' lang='lat' dir='ltr'>Scriptura).</span> <span class='ocrx_word' id='word_1_608' title='bbox 1101 4039 1173 4095; x_wconf 91' lang='lat' dir='ltr'>de</span> <span class='ocrx_word' id='word_1_609' title='bbox 1190 4041 1365 4096; x_wconf 89' lang='lat' dir='ltr'>rebus</span> <span class='ocrx_word' id='word_1_610' title='bbox 1395 4039 1704 4113; x_wconf 79' lang='lat' dir='ltr'>praeteritis</span> <span class='ocrx_word' id='word_1_611' title='bbox 1727 4041 2024 4113; x_wconf 87' lang='lat' dir='ltr'>loquentis</span> 
     </span>
    </p>
   </div>
   <div class='ocr_carea' id='block_1_76' title="bbox 2133 3407 3789 3488">
    <p class='ocr_par' dir='ltr' id='par_1_76' title="bbox 2133 3407 3789 3488">
     <span class='ocr_line' id='line_1_76' title="bbox 2133 3407 3789 3488; baseline -0.002 -18"><span class='ocrx_word' id='word_1_612' title='bbox 2133 3414 2340 3488; x_wconf 85' lang='grc' dir='ltr'>ὁμοίως</span> <span class='ocrx_word' id='word_1_613' title='bbox 2393 3418 2560 3471; x_wconf 91' lang='grc' dir='ltr'><strong>ποιεῖ.</strong></span> <span class='ocrx_word' id='word_1_614' title='bbox 2594 3437 2620 3464; x_wconf 83' lang='grc'><strong>››</strong></span> <span class='ocrx_word' id='word_1_615' title='bbox 2652 3412 2730 3470; x_wconf 80' lang='grc' dir='ltr'>Οὑ</span> <span class='ocrx_word' id='word_1_616' title='bbox 2789 3417 2934 3467; x_wconf 85' lang='grc' dir='ltr'><strong>ποιεῖ</strong></span> <span class='ocrx_word' id='word_1_617' title='bbox 2972 3408 3030 3467; x_wconf 77' lang='grc' dir='ltr'>δὲ</span> <span class='ocrx_word' id='word_1_618' title='bbox 3086 3411 3291 3466; x_wconf 70' lang='grc' dir='ltr'>ἑαυτόν·</span> <span class='ocrx_word' id='word_1_619' title='bbox 3322 3411 3424 3467; x_wconf 79' lang='grc' dir='ltr'>οὑκ</span> <span class='ocrx_word' id='word_1_620' title='bbox 3479 3407 3622 3466; x_wconf 84' lang='grc' dir='ltr'><strong>ἔστιν</strong></span> <span class='ocrx_word' id='word_1_621' title='bbox 3686 3412 3789 3488; x_wconf 70' lang='grc' dir='ltr'>ἄρα</span> 
     </span>
    </p>
   </div>
   <div class='ocr_carea' id='block_1_77' title="bbox 2132 3499 3783 3577">
    <p class='ocr_par' dir='ltr' id='par_1_77' title="bbox 2132 3499 3783 3577">
     <span class='ocr_line' id='line_1_77' title="bbox 2132 3499 3783 3577; baseline -0.004 -18"><span class='ocrx_word' id='word_1_622' title='bbox 2132 3504 2369 3577; x_wconf 81' lang='grc' dir='ltr'><strong>ποίημα.</strong></span> <span class='ocrx_word' id='word_1_623' title='bbox 2404 3500 2561 3558; x_wconf 83' lang='grc' dir='ltr'>Ἀλλ’</span> <span class='ocrx_word' id='word_1_624' title='bbox 2593 3501 2750 3577; x_wconf 74' lang='grc' dir='ltr'><strong>ἐρεῖς·</strong></span> <span class='ocrx_word' id='word_1_625' title='bbox 2793 3501 2907 3559; x_wconf 79' lang='grc' dir='ltr'>Οὐκ</span> <span class='ocrx_word' id='word_1_626' title='bbox 2930 3501 3099 3573; x_wconf 78' lang='grc' dir='ltr'><strong>εἶπεν,</strong></span> <span class='ocrx_word' id='word_1_627' title='bbox 3133 3499 3315 3556; x_wconf 81' lang='grc' dir='ltr'><strong>Πάντα</strong></span> <span class='ocrx_word' id='word_1_628' title='bbox 3346 3500 3446 3555; x_wconf 80' lang='grc' dir='ltr'>ὅσα</span> <span class='ocrx_word' id='word_1_629' title='bbox 3504 3500 3783 3572; x_wconf 75' lang='grc' dir='ltr'><strong>ἐποίησεν,</strong></span> 
     </span>
    </p>
   </div>
   <div class='ocr_carea' id='block_1_78' title="bbox 2135 3587 3786 3667">
    <p class='ocr_par' dir='ltr' id='par_1_78' title="bbox 2135 3587 3786 3667">
     <span class='ocr_line' id='line_1_78' title="bbox 2135 3587 3786 3667; baseline -0.004 -17"><span class='ocrx_word' id='word_1_630' title='bbox 2135 3591 2260 3650; x_wconf 78' lang='grc' dir='ltr'>ἀλλ’</span> <span class='ocrx_word' id='word_1_631' title='bbox 2290 3591 2388 3648; x_wconf 79' lang='grc' dir='ltr'>ὅσα</span> <span class='ocrx_word' id='word_1_632' title='bbox 2415 3596 2562 3646; x_wconf 87' lang='grc' dir='ltr'><strong>ποιεῖ</strong></span> <span class='ocrx_word' id='word_1_633' title='bbox 2611 3590 2866 3667; x_wconf 81' lang='grc' dir='ltr'>γίνωσκε,</span> <span class='ocrx_word' id='word_1_634' title='bbox 2898 3589 2979 3645; x_wconf 80' lang='grc' dir='ltr'><strong>ὅτι</strong></span> <span class='ocrx_word' id='word_1_635' title='bbox 3022 3587 3144 3653; x_wconf 85' lang='grc' dir='ltr'>ἔθος</span> <span class='ocrx_word' id='word_1_636' title='bbox 3188 3593 3258 3664; x_wconf 81' lang='grc' dir='ltr'><strong>τῇ</strong></span> <span class='ocrx_word' id='word_1_637' title='bbox 3301 3593 3489 3667; x_wconf 76' lang='grc' dir='ltr'>Γραφῇ</span> <span class='ocrx_word' id='word_1_638' title='bbox 3534 3590 3600 3645; x_wconf 85' lang='grc' dir='ltr'><strong>τὸ</strong></span> <span class='ocrx_word' id='word_1_639' title='bbox 3648 3610 3786 3665; x_wconf 90' lang='grc' dir='ltr'><strong>παρ-</strong></span> 
     </span>
    </p>
   </div>
   <div class='ocr_carea' id='block_1_79' title="bbox 2133 3678 3787 3758">
    <p class='ocr_par' dir='ltr' id='par_1_79' title="bbox 2133 3678 3787 3758">
     <span class='ocr_line' id='line_1_79' title="bbox 2133 3678 3787 3758; baseline -0.001 -21"><span class='ocrx_word' id='word_1_640' title='bbox 2133 3683 2359 3758; x_wconf 83' lang='grc' dir='ltr'>ῳχηκὸς</span> <span class='ocrx_word' id='word_1_641' title='bbox 2418 3682 2491 3743; x_wconf 86' lang='grc' dir='ltr'>ὡς</span> <span class='ocrx_word' id='word_1_642' title='bbox 2549 3680 2635 3736; x_wconf 72' lang='grc' dir='ltr'>ἐπὶ</span> <span class='ocrx_word' id='word_1_643' title='bbox 2688 3679 2977 3742; x_wconf 71' lang='grc' dir='ltr'><strong>ἐνεστῶτος</strong></span> <span class='ocrx_word' id='word_1_644' title='bbox 3036 3678 3241 3756; x_wconf 89' lang='grc' dir='ltr'>χρόνου</span> <span class='ocrx_word' id='word_1_645' title='bbox 3300 3678 3507 3756; x_wconf 74' lang='grc' dir='ltr'>λέγειν·</span> <span class='ocrx_word' id='word_1_646' title='bbox 3567 3679 3645 3742; x_wconf 87' lang='grc' dir='ltr'>ὡς</span> <span class='ocrx_word' id='word_1_647' title='bbox 3702 3680 3787 3750; x_wconf 83' lang='grc' dir='ltr'>τὸ,</span> 
     </span>
    </p>
   </div>
   <div class='ocr_carea' id='block_1_80' title="bbox 2140 3767 3789 3845">
    <p class='ocr_par' dir='ltr' id='par_1_80' title="bbox 2140 3767 3789 3845">
     <span class='ocr_line' id='line_1_80' title="bbox 2140 3767 3789 3845; baseline -0.001 -22"><span class='ocrx_word' id='word_1_648' title='bbox 2140 3799 2159 3823; x_wconf 80' lang='grc' dir='ltr'>ι</span> <span class='ocrx_word' id='word_1_649' title='bbox 2194 3775 2258 3828; x_wconf 76' lang='grc' dir='ltr'>Ὀ</span> <span class='ocrx_word' id='word_1_650' title='bbox 2313 3775 2487 3826; x_wconf 85' lang='grc' dir='ltr'><strong>ποιῶν</strong></span> <span class='ocrx_word' id='word_1_651' title='bbox 2543 3769 2669 3833; x_wconf 78' lang='grc' dir='ltr'>τοὺς</span> <span class='ocrx_word' id='word_1_652' title='bbox 2730 3767 3001 3845; x_wconf 80' lang='grc' dir='ltr'>ἁγγὲλους</span> <span class='ocrx_word' id='word_1_653' title='bbox 3056 3767 3221 3824; x_wconf 67' lang='grc' dir='ltr'>αὗτοῦ</span> <span class='ocrx_word' id='word_1_654' title='bbox 3274 3769 3578 3842; x_wconf 79' lang='grc' dir='ltr'><strong>πνεύματα·</strong></span> <span class='ocrx_word' id='word_1_655' title='bbox 3616 3792 3644 3819; x_wconf 84' lang='grc'><strong>››</strong></span> <span class='ocrx_word' id='word_1_656' title='bbox 3697 3769 3789 3824; x_wconf 83' lang='grc' dir='ltr'>καὶ</span> 
     </span>
    </p>
   </div>
   <div class='ocr_carea' id='block_1_81' title="bbox 2132 3856 3788 3937">
    <p class='ocr_par' dir='ltr' id='par_1_81' title="bbox 2132 3856 3788 3937">
     <span class='ocr_line' id='line_1_81' title="bbox 2132 3856 3788 3937; baseline -0.001 -23"><span class='ocrx_word' id='word_1_657' title='bbox 2132 3860 2183 3914; x_wconf 79' lang='grc' dir='ltr'>ἐν</span> <span class='ocrx_word' id='word_1_658' title='bbox 2217 3860 2403 3934; x_wconf 70' lang='grc' dir='ltr'>ἑτέρῳ·</span> <span class='ocrx_word' id='word_1_659' title='bbox 2439 3883 2467 3911; x_wconf 86' lang='grc'><em>‹‹</em></span> <span class='ocrx_word' id='word_1_660' title='bbox 2500 3860 2557 3916; x_wconf 75' lang='grc' dir='ltr'>Ὀ</span> <span class='ocrx_word' id='word_1_661' title='bbox 2599 3857 2868 3932; x_wconf 81' lang='grc' dir='ltr'>θεμελιῶν</span> <span class='ocrx_word' id='word_1_662' title='bbox 2899 3859 2998 3927; x_wconf 83' lang='grc' dir='ltr'>τήν</span> <span class='ocrx_word' id='word_1_663' title='bbox 3026 3860 3126 3935; x_wconf 73' lang='grc' dir='ltr'>γῆν</span> <span class='ocrx_word' id='word_1_664' title='bbox 3189 3856 3278 3913; x_wconf 71' lang='grc' dir='ltr'>ἐπὶ</span> <span class='ocrx_word' id='word_1_665' title='bbox 3334 3859 3432 3927; x_wconf 75' lang='grc' dir='ltr'>τήν</span> <span class='ocrx_word' id='word_1_666' title='bbox 3494 3856 3788 3937; x_wconf 70' lang='grc' dir='ltr'>ἀσφάλειαν</span> 
     </span>
    </p>
   </div>
   <div class='ocr_carea' id='block_1_82' title="bbox 2134 3943 3790 4025">
    <p class='ocr_par' dir='ltr' id='par_1_82' title="bbox 2134 3943 3790 4025">
     <span class='ocr_line' id='line_1_82' title="bbox 2134 3943 3790 4025; baseline -0.002 -20"><span class='ocrx_word' id='word_1_667' title='bbox 2134 3951 2324 4020; x_wconf 84' lang='grc' dir='ltr'>αὑτῆς·</span> <span class='ocrx_word' id='word_1_668' title='bbox 2382 3974 2402 4000; x_wconf 73' lang='grc' dir='ltr'>ι</span> <span class='ocrx_word' id='word_1_669' title='bbox 2456 3948 2569 4023; x_wconf 60' lang='grc' dir='ltr'>καὶ,</span> <span class='ocrx_word' id='word_1_670' title='bbox 2606 3972 2635 4001; x_wconf 88' lang='grc'><strong>‹‹</strong></span> <span class='ocrx_word' id='word_1_671' title='bbox 2663 3949 2726 4006; x_wconf 73' lang='grc' dir='ltr'>Ὀ</span> <span class='ocrx_word' id='word_1_672' title='bbox 2757 3952 2930 4003; x_wconf 82' lang='grc' dir='ltr'><strong>ποιῶν</strong></span> <span class='ocrx_word' id='word_1_673' title='bbox 2981 3944 3236 4017; x_wconf 81' lang='grc' dir='ltr'>πλειάδα,</span> <span class='ocrx_word' id='word_1_674' title='bbox 3268 3946 3358 4002; x_wconf 84' lang='grc' dir='ltr'>καὶ</span> <span class='ocrx_word' id='word_1_675' title='bbox 3414 3943 3669 4025; x_wconf 73' lang='grc' dir='ltr'><strong>ἕσπερον,</strong></span> <span class='ocrx_word' id='word_1_676' title='bbox 3698 3947 3790 4003; x_wconf 82' lang='grc' dir='ltr'>καὶ</span> 
     </span>
    </p>
   </div>
   <div class='ocr_carea' id='block_1_83' title="bbox 2132 4036 3097 4116">
    <p class='ocr_par' dir='ltr' id='par_1_83' title="bbox 2132 4036 3097 4116">
     <span class='ocr_line' id='line_1_83' title="bbox 2132 4036 3097 4116; baseline -0.007 -21"><span class='ocrx_word' id='word_1_677' title='bbox 2132 4041 2455 4116; x_wconf 79' lang='grc' dir='ltr'><strong>ἀρκτοῦρον,</strong></span> <span class='ocrx_word' id='word_1_678' title='bbox 2483 4038 2573 4094; x_wconf 78' lang='grc' dir='ltr'>καὶ</span> <span class='ocrx_word' id='word_1_679' title='bbox 2600 4042 2824 4111; x_wconf 82' lang='grc' dir='ltr'><strong>ταμιεῖα</strong></span> <span class='ocrx_word' id='word_1_680' title='bbox 2851 4036 3031 4093; x_wconf 85' lang='grc' dir='ltr'>νότου.</span> <span class='ocrx_word' id='word_1_681' title='bbox 3071 4062 3097 4088; x_wconf 87' lang='grc'><strong>))</strong></span> 
     </span>
    </p>
   </div>
   <div class='ocr_carea' id='block_1_84' title="bbox 364 4125 3791 4204">
    <p class='ocr_par' dir='ltr' id='par_1_84' title="bbox 364 4125 3791 4204">
     <span class='ocr_line' id='line_1_84' title="bbox 364 4125 3791 4204; baseline 0 -23"><span class='ocrx_word' id='word_1_682' title='bbox 364 4141 624 4204; x_wconf 66' lang='lat' dir='ltr'>presens</span> <span class='ocrx_word' id='word_1_683' title='bbox 651 4130 889 4199; x_wconf 88' lang='lat' dir='ltr'>tempus</span> <span class='ocrx_word' id='word_1_684' title='bbox 930 4144 1217 4202; x_wconf 88' lang='lat' dir='ltr'>usurpare</span> <span class='ocrx_word' id='word_1_685' title='bbox 1251 4148 1265 4186; x_wconf 88' lang='lat'><strong>:</strong></span> <span class='ocrx_word' id='word_1_686' title='bbox 1298 4131 1633 4203; x_wconf 85' lang='lat' dir='ltr'>cujusmodi</span> <span class='ocrx_word' id='word_1_687' title='bbox 1684 4132 1826 4188; x_wconf 92' lang='lat' dir='ltr'>illud</span> <span class='ocrx_word' id='word_1_688' title='bbox 1877 4137 2006 4189; x_wconf 90' lang='lat' dir='ltr'>est:</span> <span class='ocrx_word' id='word_1_689' title='bbox 2040 4156 2068 4183; x_wconf 88' lang='grc'>‹‹</span> <span class='ocrx_word' id='word_1_690' title='bbox 2101 4131 2208 4197; x_wconf 88' lang='lat' dir='ltr'>Qui</span> <span class='ocrx_word' id='word_1_691' title='bbox 2241 4131 2377 4187; x_wconf 83' lang='lat' dir='ltr'>facit</span> <span class='ocrx_word' id='word_1_692' title='bbox 2409 4130 2647 4204; x_wconf 85' lang='lat' dir='ltr'>angelos</span> <span class='ocrx_word' id='word_1_693' title='bbox 2696 4147 2837 4187; x_wconf 92' lang='lat' dir='ltr'>suos</span> <span class='ocrx_word' id='word_1_694' title='bbox 2879 4128 3123 4202; x_wconf 87' lang='lat' dir='ltr'>spiritus</span> <span class='ocrx_word' id='word_1_695' title='bbox 3145 4129 3208 4183; x_wconf 75' lang='grc'>⁸³.</span> <span class='ocrx_word' id='word_1_696' title='bbox 3242 4150 3271 4180; x_wconf 87' lang='grc'><strong>››</strong></span> <span class='ocrx_word' id='word_1_697' title='bbox 3305 4128 3373 4185; x_wconf 88' lang='lat' dir='ltr'>Et</span> <span class='ocrx_word' id='word_1_698' title='bbox 3400 4127 3540 4185; x_wconf 88' lang='lat' dir='ltr'>alibi</span> <span class='ocrx_word' id='word_1_699' title='bbox 3574 4146 3588 4186; x_wconf 87' lang='lat'><strong>:</strong></span> <span class='ocrx_word' id='word_1_700' title='bbox 3620 4151 3649 4179; x_wconf 88' lang='grc'>‹‹</span> <span class='ocrx_word' id='word_1_701' title='bbox 3682 4125 3791 4193; x_wconf 91' lang='lat' dir='ltr'>Qui</span> 
     </span>
    </p>
   </div>
   <div class='ocr_carea' id='block_1_85' title="bbox 363 4202 1928 4291">
    <p class='ocr_par' dir='ltr' id='par_1_85' title="bbox 363 4202 1928 4291">
     <span class='ocr_line' id='line_1_85' title="bbox 363 4202 1928 4291; baseline 0.003 -22"><span class='ocrx_word' id='word_1_702' title='bbox 363 4202 625 4270; x_wconf 69' lang='lat' dir='ltr'>fundasti</span> <span class='ocrx_word' id='word_1_703' title='bbox 671 4220 890 4272; x_wconf 91' lang='lat' dir='ltr'>terram</span> <span class='ocrx_word' id='word_1_704' title='bbox 922 4234 1099 4291; x_wconf 89' lang='lat' dir='ltr'>super</span> <span class='ocrx_word' id='word_1_705' title='bbox 1144 4202 1527 4277; x_wconf 87' lang='lat' dir='ltr'>stabilitatem</span> <span class='ocrx_word' id='word_1_706' title='bbox 1577 4237 1744 4278; x_wconf 90' lang='lat' dir='ltr'>suam</span> <span class='ocrx_word' id='word_1_707' title='bbox 1768 4222 1850 4291; x_wconf 78' lang='grc'>⁵⁹;</span> <span class='ocrx_word' id='word_1_708' title='bbox 1905 4245 1928 4273; x_wconf 73' lang='grc' dir='ltr'>κ</span> 
     </span>
    </p>
   </div>
   <div class='ocr_carea' id='block_1_86' title="bbox 363 4303 1499 4375">
    <p class='ocr_par' dir='ltr' id='par_1_86' title="bbox 363 4303 1499 4375">
     <span class='ocr_line' id='line_1_86' title="bbox 363 4303 1499 4375; baseline -0.003 -15"><span class='ocrx_word' id='word_1_709' title='bbox 363 4303 689 4375; x_wconf 86' lang='lat' dir='ltr'>penetralia</span> <span class='ocrx_word' id='word_1_710' title='bbox 717 4306 837 4362; x_wconf 89' lang='lat' dir='ltr'>noti</span> <span class='ocrx_word' id='word_1_711' title='bbox 860 4307 926 4362; x_wconf 75' lang='grc' dir='ltr'>⁸ο.</span> <span class='ocrx_word' id='word_1_712' title='bbox 960 4330 988 4359; x_wconf 82' lang='grc'>››</span> <span class='ocrx_word' id='word_1_713' title='bbox 1492 4316 1499 4323; x_wconf 89' lang='grc'><strong>·</strong></span> 
     </span>
    </p>
   </div>
   <div class='ocr_carea' id='block_1_87' title="bbox 438 4393 2025 4474">
    <p class='ocr_par' dir='ltr' id='par_1_87' title="bbox 438 4393 2025 4474">
     <span class='ocr_line' id='line_1_87' title="bbox 438 4393 2025 4474; baseline 0.006 -26"><span class='ocrx_word' id='word_1_714' title='bbox 438 4394 525 4449; x_wconf 89' lang='grc'>10.</span> <span class='ocrx_word' id='word_1_715' title='bbox 559 4393 748 4451; x_wconf 80' lang='lat' dir='ltr'>Anam.</span> <span class='ocrx_word' id='word_1_716' title='bbox 780 4397 931 4452; x_wconf 82' lang='lat' dir='ltr'>Ante</span> <span class='ocrx_word' id='word_1_717' title='bbox 978 4397 1179 4454; x_wconf 89' lang='lat' dir='ltr'>omnia</span> <span class='ocrx_word' id='word_1_718' title='bbox 1224 4414 1361 4455; x_wconf 87' lang='lat' dir='ltr'>vero</span> <span class='ocrx_word' id='word_1_719' title='bbox 1411 4403 1469 4456; x_wconf 90' lang='lat' dir='ltr'>et</span> <span class='ocrx_word' id='word_1_720' title='bbox 1514 4398 1573 4455; x_wconf 91' lang='lat' dir='ltr'>in</span> <span class='ocrx_word' id='word_1_721' title='bbox 1626 4401 1833 4473; x_wconf 81' lang='lat' dir='ltr'>primis</span> <span class='ocrx_word' id='word_1_722' title='bbox 1866 4419 2025 4474; x_wconf 79' lang='lat' dir='ltr'>quas-</span> 
     </span>
    </p>
   </div>
   <div class='ocr_carea' id='block_1_88' title="bbox 366 4481 2021 4562">
    <p class='ocr_par' dir='ltr' id='par_1_88' title="bbox 366 4481 2021 4562">
     <span class='ocr_line' id='line_1_88' title="bbox 366 4481 2021 4562; baseline 0.005 -28"><span class='ocrx_word' id='word_1_723' title='bbox 366 4494 493 4535; x_wconf 89' lang='lat' dir='ltr'>rere</span> <span class='ocrx_word' id='word_1_724' title='bbox 523 4494 591 4535; x_wconf 82' lang='lat' dir='ltr'>ex</span> <span class='ocrx_word' id='word_1_725' title='bbox 621 4481 767 4554; x_wconf 90' lang='lat' dir='ltr'>ipsis</span> <span class='ocrx_word' id='word_1_726' title='bbox 797 4487 1050 4556; x_wconf 89' lang='lat' dir='ltr'>oportet,</span> <span class='ocrx_word' id='word_1_727' title='bbox 1082 4485 1224 4558; x_wconf 91' lang='lat' dir='ltr'>quid</span> <span class='ocrx_word' id='word_1_728' title='bbox 1258 4486 1552 4559; x_wconf 79' lang='lat' dir='ltr'>signiﬁcet</span> <span class='ocrx_word' id='word_1_729' title='bbox 1580 4503 1696 4544; x_wconf 93' lang='lat' dir='ltr'>non</span> <span class='ocrx_word' id='word_1_730' title='bbox 1736 4489 2021 4562; x_wconf 88' lang='lat' dir='ltr'>genitum.</span> 
     </span>
    </p>
   </div>
   <div class='ocr_carea' id='block_1_89' title="bbox 364 4569 2024 4649">
    <p class='ocr_par' dir='ltr' id='par_1_89' title="bbox 364 4569 2024 4649">
     <span class='ocr_line' id='line_1_89' title="bbox 364 4569 2024 4649; baseline 0.006 -25"><span class='ocrx_word' id='word_1_731' title='bbox 364 4569 536 4635; x_wconf 84' lang='lat' dir='ltr'>Nam,</span> <span class='ocrx_word' id='word_1_732' title='bbox 556 4569 606 4625; x_wconf 90' lang='lat' dir='ltr'>si</span> <span class='ocrx_word' id='word_1_733' title='bbox 638 4572 1027 4629; x_wconf 84' lang='lat' dir='ltr'>substantiam</span> <span class='ocrx_word' id='word_1_734' title='bbox 1059 4573 1336 4646; x_wconf 89' lang='lat' dir='ltr'>declarat,</span> <span class='ocrx_word' id='word_1_735' title='bbox 1358 4576 1510 4647; x_wconf 91' lang='lat' dir='ltr'>quod</span> <span class='ocrx_word' id='word_1_736' title='bbox 1544 4592 1742 4632; x_wconf 88' lang='lat' dir='ltr'>verum</span> <span class='ocrx_word' id='word_1_737' title='bbox 1766 4583 1877 4649; x_wconf 83' lang='lat' dir='ltr'>est,</span> <span class='ocrx_word' id='word_1_738' title='bbox 1897 4582 2024 4634; x_wconf 87' lang='lat' dir='ltr'>tan-</span> 
     </span>
    </p>
   </div>
   <div class='ocr_carea' id='block_1_90' title="bbox 366 4657 2022 4738">
    <p class='ocr_par' dir='ltr' id='par_1_90' title="bbox 366 4657 2022 4738">
     <span class='ocr_line' id='line_1_90' title="bbox 366 4657 2022 4738; baseline 0.006 -26"><span class='ocrx_word' id='word_1_739' title='bbox 366 4662 428 4713; x_wconf 83' lang='lat' dir='ltr'>ta</span> <span class='ocrx_word' id='word_1_740' title='bbox 456 4657 569 4713; x_wconf 91' lang='lat' dir='ltr'>erit</span> <span class='ocrx_word' id='word_1_741' title='bbox 597 4659 1011 4732; x_wconf 87' lang='lat' dir='ltr'>discrepantia.</span> <span class='ocrx_word' id='word_1_742' title='bbox 1040 4662 1195 4720; x_wconf 74' lang='lat' dir='ltr'>Orth.</span> <span class='ocrx_word' id='word_1_743' title='bbox 1229 4667 1302 4719; x_wconf 88' lang='lat' dir='ltr'>At</span> <span class='ocrx_word' id='word_1_744' title='bbox 1333 4681 1438 4721; x_wconf 91' lang='lat' dir='ltr'>nos</span> <span class='ocrx_word' id='word_1_745' title='bbox 1469 4682 1703 4738; x_wconf 89' lang='lat' dir='ltr'>quoque</span> <span class='ocrx_word' id='word_1_746' title='bbox 1732 4671 1867 4723; x_wconf 89' lang='lat' dir='ltr'>ante</span> <span class='ocrx_word' id='word_1_747' title='bbox 1898 4682 2022 4722; x_wconf 92' lang='lat' dir='ltr'>om-</span> 
     </span>
    </p>
   </div>
   <div class='ocr_carea' id='block_1_91' title="bbox 369 4745 2024 4827">
    <p class='ocr_par' dir='ltr' id='par_1_91' title="bbox 369 4745 2024 4827">
     <span class='ocr_line' id='line_1_91' title="bbox 369 4745 2024 4827; baseline 0.007 -27"><span class='ocrx_word' id='word_1_748' title='bbox 369 4745 469 4801; x_wconf 85' lang='lat' dir='ltr'>nia</span> <span class='ocrx_word' id='word_1_749' title='bbox 518 4748 858 4818; x_wconf 67' lang='lat' dir='ltr'>querimus,</span> <span class='ocrx_word' id='word_1_750' title='bbox 906 4750 1043 4823; x_wconf 89' lang='lat' dir='ltr'>quid</span> <span class='ocrx_word' id='word_1_751' title='bbox 1097 4752 1386 4826; x_wconf 72' lang='lat' dir='ltr'>significet</span> <span class='ocrx_word' id='word_1_752' title='bbox 1433 4753 1721 4827; x_wconf 89' lang='lat' dir='ltr'>genitum.</span> <span class='ocrx_word' id='word_1_753' title='bbox 1773 4754 1943 4827; x_wconf 89' lang='lat' dir='ltr'>Nam,</span> <span class='ocrx_word' id='word_1_754' title='bbox 1974 4756 2024 4812; x_wconf 92' lang='lat' dir='ltr'>si</span> 
     </span>
    </p>
   </div>
   <div class='ocr_carea' id='block_1_92' title="bbox 1985 4226 2089 4279">
    <p class='ocr_par' dir='ltr' id='par_1_92' title="bbox 1985 4226 2089 4279">
     <span class='ocr_line' id='line_1_92' title="bbox 1985 4226 2089 4279; baseline 0.01 -1"><span class='ocrx_word' id='word_1_755' title='bbox 1985 4226 2089 4279; x_wconf 91' lang='lat' dir='ltr'>et:</span> 
     </span>
    </p>
   </div>
   <div class='ocr_carea' id='block_1_93' title="bbox 2141 4219 3795 4294">
    <p class='ocr_par' dir='ltr' id='par_1_93' title="bbox 2141 4219 3795 4294">
     <span class='ocr_line' id='line_1_93' title="bbox 2141 4219 3795 4294; baseline 0 -21"><span class='ocrx_word' id='word_1_756' title='bbox 2141 4244 2169 4273; x_wconf 86' lang='grc'>‹‹</span> <span class='ocrx_word' id='word_1_757' title='bbox 2202 4222 2310 4287; x_wconf 89' lang='lat' dir='ltr'>Qui</span> <span class='ocrx_word' id='word_1_758' title='bbox 2359 4221 2497 4277; x_wconf 88' lang='lat' dir='ltr'>facit</span> <span class='ocrx_word' id='word_1_759' title='bbox 2545 4219 2794 4294; x_wconf 88' lang='lat' dir='ltr'>pleiada,</span> <span class='ocrx_word' id='word_1_760' title='bbox 2826 4223 2884 4275; x_wconf 91' lang='lat' dir='ltr'>et</span> <span class='ocrx_word' id='word_1_761' title='bbox 2933 4235 3265 4291; x_wconf 89' lang='lat' dir='ltr'>vesperum,</span> <span class='ocrx_word' id='word_1_762' title='bbox 3292 4222 3350 4275; x_wconf 90' lang='lat' dir='ltr'>et</span> <span class='ocrx_word' id='word_1_763' title='bbox 3379 4222 3705 4286; x_wconf 87' lang='lat' dir='ltr'>arcturum,</span> <span class='ocrx_word' id='word_1_764' title='bbox 3737 4219 3795 4274; x_wconf 89' lang='lat' dir='ltr'>et</span> 
     </span>
    </p>
   </div>
   <div class='ocr_carea' id='block_1_94' title="bbox 2214 4392 3793 4472">
    <p class='ocr_par' dir='ltr' id='par_1_94' title="bbox 2214 4392 3793 4472">
     <span class='ocr_line' id='line_1_94' title="bbox 2214 4392 3793 4472; baseline -0.002 -18"><span class='ocrx_word' id='word_1_765' title='bbox 2214 4400 2300 4457; x_wconf 89' lang='grc'><strong>10.</strong></span> <span class='ocrx_word' id='word_1_766' title='bbox 2334 4396 2525 4472; x_wconf 87' lang='grc' dir='ltr'>’Δνόμ.</span> <span class='ocrx_word' id='word_1_767' title='bbox 2560 4395 2672 4472; x_wconf 87' lang='grc' dir='ltr'>Πρὸ</span> <span class='ocrx_word' id='word_1_768' title='bbox 2728 4394 2943 4450; x_wconf 84' lang='grc' dir='ltr'><strong>πάντων</strong></span> <span class='ocrx_word' id='word_1_769' title='bbox 2994 4392 3053 4451; x_wconf 72' lang='grc' dir='ltr'>δὲ</span> <span class='ocrx_word' id='word_1_770' title='bbox 3100 4394 3191 4450; x_wconf 81' lang='grc' dir='ltr'>καὶ</span> <span class='ocrx_word' id='word_1_771' title='bbox 3234 4395 3364 4469; x_wconf 68' lang='grc' dir='ltr'><strong>ὑπὲρ</strong></span> <span class='ocrx_word' id='word_1_772' title='bbox 3421 4397 3596 4450; x_wconf 83' lang='grc' dir='ltr'><strong>πάντα</strong></span> <span class='ocrx_word' id='word_1_773' title='bbox 3653 4394 3793 4472; x_wconf 82' lang='grc' dir='ltr'>ἐρω-</span> 
     </span>
    </p>
   </div>
   <div class='ocr_carea' id='block_1_95' title="bbox 2135 4483 3791 4560">
    <p class='ocr_par' dir='ltr' id='par_1_95' title="bbox 2135 4483 3791 4560">
     <span class='ocr_line' id='line_1_95' title="bbox 2135 4483 3791 4560; baseline -0.002 -17"><span class='ocrx_word' id='word_1_774' title='bbox 2135 4493 2229 4560; x_wconf 79' lang='grc' dir='ltr'>τᾷν</span> <span class='ocrx_word' id='word_1_775' title='bbox 2291 4484 2374 4542; x_wconf 79' lang='grc' dir='ltr'>δεῖ</span> <span class='ocrx_word' id='word_1_776' title='bbox 2431 4484 2648 4554; x_wconf 74' lang='grc' dir='ltr'>αὐτοὺς,</span> <span class='ocrx_word' id='word_1_777' title='bbox 2678 4484 2731 4539; x_wconf 91' lang='grc' dir='ltr'>τί</span> <span class='ocrx_word' id='word_1_778' title='bbox 2784 4483 3035 4558; x_wconf 80' lang='grc' dir='ltr'>σημαίνει</span> <span class='ocrx_word' id='word_1_779' title='bbox 3094 4485 3157 4540; x_wconf 89' lang='grc' dir='ltr'><strong>τὸ</strong></span> <span class='ocrx_word' id='word_1_780' title='bbox 3215 4484 3537 4560; x_wconf 72' lang='grc' dir='ltr'><strong>ἀγέννητον.</strong></span> <span class='ocrx_word' id='word_1_781' title='bbox 3567 4484 3635 4543; x_wconf 77' lang='grc' dir='ltr'>Εἰ</span> <span class='ocrx_word' id='word_1_782' title='bbox 3697 4485 3791 4559; x_wconf 75' lang='grc' dir='ltr'>μὶν</span> 
     </span>
    </p>
   </div>
   <div class='ocr_carea' id='block_1_96' title="bbox 2135 4569 3792 4653">
    <p class='ocr_par' dir='ltr' id='par_1_96' title="bbox 2135 4569 3792 4653">
     <span class='ocr_line' id='line_1_96' title="bbox 2135 4569 3792 4653; baseline -0.002 -22"><span class='ocrx_word' id='word_1_783' title='bbox 2135 4577 2235 4653; x_wconf 78' lang='grc' dir='ltr'><strong>γὰρ</strong></span> <span class='ocrx_word' id='word_1_784' title='bbox 2265 4576 2363 4644; x_wconf 78' lang='grc' dir='ltr'>τήν</span> <span class='ocrx_word' id='word_1_785' title='bbox 2397 4574 2606 4647; x_wconf 74' lang='grc' dir='ltr'>οὐσίαν,</span> <span class='ocrx_word' id='word_1_786' title='bbox 2638 4572 2771 4647; x_wconf 78' lang='grc' dir='ltr'><strong>ὅπερ</strong></span> <span class='ocrx_word' id='word_1_787' title='bbox 2803 4573 2946 4629; x_wconf 78' lang='grc' dir='ltr'>ἐστὶν</span> <span class='ocrx_word' id='word_1_788' title='bbox 2993 4571 3220 4643; x_wconf 74' lang='grc' dir='ltr'>ἀληθὲς,</span> <span class='ocrx_word' id='word_1_789' title='bbox 3251 4573 3489 4644; x_wconf 78' lang='grc' dir='ltr'><strong>τοσαύτη</strong></span> <span class='ocrx_word' id='word_1_790' title='bbox 3550 4569 3699 4629; x_wconf 79' lang='grc' dir='ltr'><strong>ἔσται</strong></span> <span class='ocrx_word' id='word_1_791' title='bbox 3756 4575 3792 4644; x_wconf 77' lang='grc' dir='ltr'><strong>ἡ</strong></span> 
     </span>
    </p>
   </div>
   <div class='ocr_carea' id='block_1_97' title="bbox 2134 4661 3792 4742">
    <p class='ocr_par' dir='ltr' id='par_1_97' title="bbox 2134 4661 3792 4742">
     <span class='ocr_line' id='line_1_97' title="bbox 2134 4661 3792 4742; baseline 0 -21"><span class='ocrx_word' id='word_1_792' title='bbox 2134 4664 2487 4742; x_wconf 82' lang='grc' dir='ltr'><strong>παραλλαγή.</strong></span> <span class='ocrx_word' id='word_1_793' title='bbox 2521 4666 2667 4742; x_wconf 83' lang='grc' dir='ltr'><strong>Ὀρθ.</strong></span> <span class='ocrx_word' id='word_1_794' title='bbox 2702 4663 2798 4719; x_wconf 82' lang='grc' dir='ltr'>Καὶ</span> <span class='ocrx_word' id='word_1_795' title='bbox 2839 4665 3004 4737; x_wconf 78' lang='grc' dir='ltr'>ἡμεῖς</span> <span class='ocrx_word' id='word_1_796' title='bbox 3057 4661 3115 4719; x_wconf 80' lang='grc' dir='ltr'>δὲ</span> <span class='ocrx_word' id='word_1_797' title='bbox 3159 4664 3265 4737; x_wconf 86' lang='grc' dir='ltr'><strong>πρὸ</strong></span> <span class='ocrx_word' id='word_1_798' title='bbox 3307 4663 3519 4719; x_wconf 87' lang='grc' dir='ltr'><strong>πάντων</strong></span> <span class='ocrx_word' id='word_1_799' title='bbox 3576 4664 3792 4740; x_wconf 74' lang='grc' dir='ltr'><strong>ἐρωτῶ-</strong></span> 
     </span>
    </p>
   </div>
   <div class='ocr_carea' id='block_1_98' title="bbox 2138 4751 3790 4831">
    <p class='ocr_par' dir='ltr' id='par_1_98' title="bbox 2138 4751 3790 4831">
     <span class='ocr_line' id='line_1_98' title="bbox 2138 4751 3790 4831; baseline -0.001 -20"><span class='ocrx_word' id='word_1_800' title='bbox 2138 4777 2258 4830; x_wconf 83' lang='grc' dir='ltr'><strong>μεν,</strong></span> <span class='ocrx_word' id='word_1_801' title='bbox 2293 4756 2345 4810; x_wconf 91' lang='grc' dir='ltr'>τί</span> <span class='ocrx_word' id='word_1_802' title='bbox 2378 4754 2633 4829; x_wconf 83' lang='grc' dir='ltr'>σημαίνει</span> <span class='ocrx_word' id='word_1_803' title='bbox 2676 4754 2738 4809; x_wconf 88' lang='grc' dir='ltr'><strong>τὸ</strong></span> <span class='ocrx_word' id='word_1_804' title='bbox 2783 4751 3062 4829; x_wconf 90' lang='grc' dir='ltr'><strong>γεννητόν.</strong></span> <span class='ocrx_word' id='word_1_805' title='bbox 3096 4752 3162 4810; x_wconf 73' lang='grc' dir='ltr'>Εἰ</span> <span class='ocrx_word' id='word_1_806' title='bbox 3224 4754 3319 4826; x_wconf 78' lang='grc' dir='ltr'><strong>μὲν</strong></span> <span class='ocrx_word' id='word_1_807' title='bbox 3382 4754 3487 4831; x_wconf 72' lang='grc' dir='ltr'><strong>γὰρ</strong></span> <span class='ocrx_word' id='word_1_808' title='bbox 3541 4755 3641 4824; x_wconf 79' lang='grc' dir='ltr'>τήν</span> <span class='ocrx_word' id='word_1_809' title='bbox 3701 4755 3790 4810; x_wconf 79' lang='grc' dir='ltr'>οὑ·</span> 
     </span>
    </p>
   </div>
   <div class='ocr_carea' id='block_1_99' title="bbox 371 4833 2024 4920">
    <p class='ocr_par' dir='ltr' id='par_1_99' title="bbox 371 4834 2024 4917">
     <span class='ocr_line' id='line_1_99' title="bbox 371 4834 2024 4917; baseline 0.007 -28"><span class='ocrx_word' id='word_1_810' title='bbox 371 4834 765 4894; x_wconf 84' lang='lat' dir='ltr'>substantiam</span> <span class='ocrx_word' id='word_1_811' title='bbox 800 4840 1078 4908; x_wconf 86' lang='lat' dir='ltr'>declarat,</span> <span class='ocrx_word' id='word_1_812' title='bbox 1113 4843 1267 4913; x_wconf 91' lang='lat' dir='ltr'>quod</span> <span class='ocrx_word' id='word_1_813' title='bbox 1310 4842 1527 4899; x_wconf 84' lang='lat' dir='ltr'>falsum</span> <span class='ocrx_word' id='word_1_814' title='bbox 1558 4848 1667 4912; x_wconf 89' lang='lat' dir='ltr'>est,</span> <span class='ocrx_word' id='word_1_815' title='bbox 1701 4843 1901 4901; x_wconf 88' lang='lat' dir='ltr'>omnia</span> <span class='ocrx_word' id='word_1_816' title='bbox 1929 4860 2024 4917; x_wconf 87' lang='lat' dir='ltr'>ge-</span> 
     </span>
    </p>
   </div>
   <div class='ocr_carea' id='block_1_100' title="bbox 2138 4833 3787 4920">
    <p class='ocr_par' dir='ltr' id='par_1_100' title="bbox 2141 4840 3787 4920">
     <span class='ocr_line' id='line_1_100' title="bbox 2141 4840 3787 4920; baseline 0 -21"><span class='ocrx_word' id='word_1_817' title='bbox 2141 4842 2281 4911; x_wconf 82' lang='grc' dir='ltr'>σίαν,</span> <span class='ocrx_word' id='word_1_818' title='bbox 2314 4842 2446 4920; x_wconf 77' lang='grc' dir='ltr'><strong>ὅπερ</strong></span> <span class='ocrx_word' id='word_1_819' title='bbox 2479 4844 2588 4899; x_wconf 84' lang='grc' dir='ltr'><strong>ἐστὶ</strong></span> <span class='ocrx_word' id='word_1_820' title='bbox 2637 4840 2854 4919; x_wconf 76' lang='grc' dir='ltr'>ψεῦδος,</span> <span class='ocrx_word' id='word_1_821' title='bbox 2886 4841 3057 4897; x_wconf 80' lang='grc' dir='ltr'><strong>πάντα</strong></span> <span class='ocrx_word' id='word_1_822' title='bbox 3098 4841 3164 4897; x_wconf 80' lang='grc' dir='ltr'><strong>τὰ</strong></span> <span class='ocrx_word' id='word_1_823' title='bbox 3216 4843 3450 4918; x_wconf 81' lang='grc' dir='ltr'><strong>γεννητά</strong></span> <span class='ocrx_word' id='word_1_824' title='bbox 3498 4842 3787 4916; x_wconf 80' lang='grc' dir='ltr'><strong>ὁμοούσια“</strong></span> 
     </span>
    </p>
   </div>
   <div class='ocr_carea' id='block_1_101' title="bbox 375 4923 2028 4992">
    <p class='ocr_par' dir='ltr' id='par_1_101' title="bbox 375 4923 2028 4992">
     <span class='ocr_line' id='line_1_101' title="bbox 375 4923 2028 4992; baseline 0.005 -11"><span class='ocrx_word' id='word_1_825' title='bbox 375 4923 502 4982; x_wconf 88' lang='lat' dir='ltr'>nita</span> <span class='ocrx_word' id='word_1_826' title='bbox 549 4933 724 4984; x_wconf 90' lang='lat' dir='ltr'>erunt</span> <span class='ocrx_word' id='word_1_827' title='bbox 775 4931 1319 4988; x_wconf 87' lang='lat' dir='ltr'>consubstantialia.</span> <span class='ocrx_word' id='word_1_828' title='bbox 1347 4935 1418 4988; x_wconf 85' lang='lat' dir='ltr'>At</span> <span class='ocrx_word' id='word_1_829' title='bbox 1448 4933 1498 4988; x_wconf 88' lang='lat' dir='ltr'>si</span> <span class='ocrx_word' id='word_1_830' title='bbox 1547 4950 1662 4989; x_wconf 91' lang='lat' dir='ltr'>non</span> <span class='ocrx_word' id='word_1_831' title='bbox 1714 4940 1855 4990; x_wconf 87' lang='lat' dir='ltr'>sunt</span> <span class='ocrx_word' id='word_1_832' title='bbox 1890 4951 2028 4992; x_wconf 93' lang='lat' dir='ltr'>con-</span> 
     </span>
    </p>
   </div>
   <div class='ocr_carea' id='block_1_102' title="bbox 373 5015 2027 5097">
    <p class='ocr_par' dir='ltr' id='par_1_102' title="bbox 373 5015 2027 5097">
     <span class='ocr_line' id='line_1_102' title="bbox 373 5015 2027 5097; baseline 0.006 -26"><span class='ocrx_word' id='word_1_833' title='bbox 373 5015 766 5075; x_wconf 84' lang='lat' dir='ltr'>substantiala</span> <span class='ocrx_word' id='word_1_834' title='bbox 812 5020 1013 5075; x_wconf 88' lang='lat' dir='ltr'>omnia</span> <span class='ocrx_word' id='word_1_835' title='bbox 1059 5022 1276 5093; x_wconf 87' lang='lat' dir='ltr'>genita,</span> <span class='ocrx_word' id='word_1_836' title='bbox 1318 5023 1473 5094; x_wconf 91' lang='lat' dir='ltr'>quod</span> <span class='ocrx_word' id='word_1_837' title='bbox 1525 5039 1724 5080; x_wconf 85' lang='lat' dir='ltr'>verum</span> <span class='ocrx_word' id='word_1_838' title='bbox 1775 5028 1884 5095; x_wconf 90' lang='lat' dir='ltr'>est,</span> <span class='ocrx_word' id='word_1_839' title='bbox 1930 5041 2027 5097; x_wconf 74' lang='lat' dir='ltr'>ge~</span> 
     </span>
    </p>
   </div>
   <div class='ocr_carea' id='block_1_103' title="bbox 374 5102 2026 5187">
    <p class='ocr_par' dir='ltr' id='par_1_103' title="bbox 374 5102 2026 5187">
     <span class='ocr_line' id='line_1_103' title="bbox 374 5102 2026 5187; baseline 0.007 -28"><span class='ocrx_word' id='word_1_840' title='bbox 374 5102 565 5161; x_wconf 87' lang='lat' dir='ltr'>nitum</span> <span class='ocrx_word' id='word_1_841' title='bbox 614 5105 794 5178; x_wconf 88' lang='lat' dir='ltr'>igitur</span> <span class='ocrx_word' id='word_1_842' title='bbox 839 5126 957 5165; x_wconf 92' lang='lat' dir='ltr'>non</span> <span class='ocrx_word' id='word_1_843' title='bbox 1005 5116 1095 5165; x_wconf 91' lang='lat' dir='ltr'>est</span> <span class='ocrx_word' id='word_1_844' title='bbox 1142 5111 1490 5167; x_wconf 83' lang='lat' dir='ltr'>substantia.</span> <span class='ocrx_word' id='word_1_845' title='bbox 1544 5119 1622 5169; x_wconf 77' lang='lat' dir='ltr'>Ac</span> <span class='ocrx_word' id='word_1_846' title='bbox 1672 5113 1719 5173; x_wconf 84' lang='lat' dir='ltr'>si</span> <span class='ocrx_word' id='word_1_847' title='bbox 1763 5114 2026 5187; x_wconf 85' lang='lat' dir='ltr'>genitum</span> 
     </span>
    </p>
   </div>
   <div class='ocr_carea' id='block_1_104' title="bbox 371 5198 2028 5276">
    <p class='ocr_par' dir='ltr' id='par_1_104' title="bbox 371 5198 2028 5276">
     <span class='ocr_line' id='line_1_104' title="bbox 371 5198 2028 5276; baseline 0.006 -26"><span class='ocrx_word' id='word_1_848' title='bbox 371 5210 491 5251; x_wconf 91' lang='lat' dir='ltr'>non</span> <span class='ocrx_word' id='word_1_849' title='bbox 524 5200 613 5253; x_wconf 89' lang='lat' dir='ltr'>est</span> <span class='ocrx_word' id='word_1_850' title='bbox 646 5198 1000 5265; x_wconf 85' lang='lat' dir='ltr'>substantia,</span> <span class='ocrx_word' id='word_1_851' title='bbox 1031 5216 1146 5255; x_wconf 92' lang='lat' dir='ltr'>non</span> <span class='ocrx_word' id='word_1_852' title='bbox 1193 5201 1462 5273; x_wconf 84' lang='lat' dir='ltr'>genitum</span> <span class='ocrx_word' id='word_1_853' title='bbox 1493 5219 1727 5276; x_wconf 92' lang='lat' dir='ltr'>quoque</span> <span class='ocrx_word' id='word_1_854' title='bbox 1759 5220 1873 5260; x_wconf 91' lang='lat' dir='ltr'>non</span> <span class='ocrx_word' id='word_1_855' title='bbox 1906 5204 2028 5261; x_wconf 80' lang='lat' dir='ltr'>tue-</span> 
     </span>
    </p>
   </div>
   <div class='ocr_carea' id='block_1_105' title="bbox 370 5282 2027 5363">
    <p class='ocr_par' dir='ltr' id='par_1_105' title="bbox 370 5282 2027 5363">
     <span class='ocr_line' id='line_1_105' title="bbox 370 5282 2027 5363; baseline 0.006 -23"><span class='ocrx_word' id='word_1_856' title='bbox 370 5282 451 5341; x_wconf 81' lang='lat' dir='ltr'>rit</span> <span class='ocrx_word' id='word_1_857' title='bbox 477 5284 831 5344; x_wconf 86' lang='lat' dir='ltr'>substantia.</span> <span class='ocrx_word' id='word_1_858' title='bbox 866 5288 1028 5353; x_wconf 90' lang='lat' dir='ltr'>Quod</span> <span class='ocrx_word' id='word_1_859' title='bbox 1065 5288 1113 5345; x_wconf 89' lang='lat' dir='ltr'>si</span> <span class='ocrx_word' id='word_1_860' title='bbox 1166 5306 1278 5345; x_wconf 91' lang='lat' dir='ltr'>non</span> <span class='ocrx_word' id='word_1_861' title='bbox 1329 5291 1596 5363; x_wconf 87' lang='lat' dir='ltr'>genitum</span> <span class='ocrx_word' id='word_1_862' title='bbox 1628 5297 1718 5349; x_wconf 89' lang='lat' dir='ltr'>est</span> <span class='ocrx_word' id='word_1_863' title='bbox 1746 5294 2027 5349; x_wconf 85' lang='lat' dir='ltr'>substan-</span> 
     </span>
    </p>
   </div>
   <div class='ocr_carea' id='block_1_106' title="bbox 2139 4930 3794 5011">
    <p class='ocr_par' dir='ltr' id='par_1_106' title="bbox 2139 4930 3794 5011">
     <span class='ocr_line' id='line_1_106' title="bbox 2139 4930 3794 5011; baseline -0.001 -20"><span class='ocrx_word' id='word_1_864' title='bbox 2139 4936 2185 4991; x_wconf 79' lang='grc' dir='ltr'>εἱ</span> <span class='ocrx_word' id='word_1_865' title='bbox 2218 4933 2275 4991; x_wconf 67' lang='grc' dir='ltr'>δὲ</span> <span class='ocrx_word' id='word_1_866' title='bbox 2305 4937 2366 4992; x_wconf 77' lang='grc' dir='ltr'>οὗ</span> <span class='ocrx_word' id='word_1_867' title='bbox 2398 4934 2571 4990; x_wconf 84' lang='grc' dir='ltr'><strong>πάντα</strong></span> <span class='ocrx_word' id='word_1_868' title='bbox 2598 4936 2665 4990; x_wconf 77' lang='grc' dir='ltr'><strong>τὰ</strong></span> <span class='ocrx_word' id='word_1_869' title='bbox 2689 4932 2920 5011; x_wconf 71' lang='grc' dir='ltr'><strong>γεννητᾶ</strong></span> <span class='ocrx_word' id='word_1_870' title='bbox 2949 4931 3238 5003; x_wconf 79' lang='grc' dir='ltr'><strong>ὁμοούσια,</strong></span> <span class='ocrx_word' id='word_1_871' title='bbox 3273 4930 3404 5005; x_wconf 78' lang='grc' dir='ltr'><strong>ὅπερ</strong></span> <span class='ocrx_word' id='word_1_872' title='bbox 3455 4931 3596 4989; x_wconf 78' lang='grc' dir='ltr'><strong>ἐστὶν</strong></span> <span class='ocrx_word' id='word_1_873' title='bbox 3647 4933 3794 5003; x_wconf 85' lang='grc' dir='ltr'>ἁλη-</span> 
     </span>
    </p>
   </div>
   <div class='ocr_carea' id='block_1_107' title="bbox 2138 5019 3787 5101">
    <p class='ocr_par' dir='ltr' id='par_1_107' title="bbox 2138 5019 3787 5101">
     <span class='ocr_line' id='line_1_107' title="bbox 2138 5019 3787 5101; baseline -0.004 -20"><span class='ocrx_word' id='word_1_874' title='bbox 2138 5026 2248 5093; x_wconf 75' lang='grc' dir='ltr'>θές,</span> <span class='ocrx_word' id='word_1_875' title='bbox 2281 5025 2380 5081; x_wconf 73' lang='grc' dir='ltr'>οὐκ</span> <span class='ocrx_word' id='word_1_876' title='bbox 2436 5027 2540 5101; x_wconf 76' lang='grc' dir='ltr'>ἄρα</span> <span class='ocrx_word' id='word_1_877' title='bbox 2592 5024 2656 5079; x_wconf 84' lang='grc' dir='ltr'><strong>τὸ</strong></span> <span class='ocrx_word' id='word_1_878' title='bbox 2711 5022 2967 5099; x_wconf 83' lang='grc' dir='ltr'><strong>γεννητὸν</strong></span> <span class='ocrx_word' id='word_1_879' title='bbox 3015 5020 3189 5078; x_wconf 79' lang='grc' dir='ltr'><strong>οὐσία.</strong></span> <span class='ocrx_word' id='word_1_880' title='bbox 3220 5021 3284 5075; x_wconf 76' lang='grc' dir='ltr'>Εἰ</span> <span class='ocrx_word' id='word_1_881' title='bbox 3329 5019 3387 5077; x_wconf 70' lang='grc' dir='ltr'>δὲ</span> <span class='ocrx_word' id='word_1_882' title='bbox 3416 5022 3479 5078; x_wconf 86' lang='grc' dir='ltr'><strong>τὸ</strong></span> <span class='ocrx_word' id='word_1_883' title='bbox 3536 5022 3787 5099; x_wconf 86' lang='grc' dir='ltr'><strong>γεννητὸν</strong></span> 
     </span>
    </p>
   </div>
   <div class='ocr_carea' id='block_1_108' title="bbox 2140 5108 3787 5188">
    <p class='ocr_par' dir='ltr' id='par_1_108' title="bbox 2140 5108 3787 5188">
     <span class='ocr_line' id='line_1_108' title="bbox 2140 5108 3787 5188; baseline -0.004 -18"><span class='ocrx_word' id='word_1_884' title='bbox 2140 5115 2239 5171; x_wconf 83' lang='grc' dir='ltr'>οὑκ</span> <span class='ocrx_word' id='word_1_885' title='bbox 2269 5114 2443 5181; x_wconf 75' lang='grc' dir='ltr'>οὐσία,</span> <span class='ocrx_word' id='word_1_886' title='bbox 2476 5110 2603 5169; x_wconf 69' lang='grc' dir='ltr'>οὐδὲ</span> <span class='ocrx_word' id='word_1_887' title='bbox 2629 5113 2691 5167; x_wconf 87' lang='grc' dir='ltr'><strong>τὸ</strong></span> <span class='ocrx_word' id='word_1_888' title='bbox 2725 5112 3013 5188; x_wconf 68' lang='grc' dir='ltr'><strong>ἀγέννητον</strong></span> <span class='ocrx_word' id='word_1_889' title='bbox 3046 5110 3223 5167; x_wconf 74' lang='grc' dir='ltr'>οὐσία.</span> <span class='ocrx_word' id='word_1_890' title='bbox 3259 5109 3321 5166; x_wconf 83' lang='grc' dir='ltr'>Εἰ</span> <span class='ocrx_word' id='word_1_891' title='bbox 3369 5108 3427 5166; x_wconf 70' lang='grc' dir='ltr'>δὲ</span> <span class='ocrx_word' id='word_1_892' title='bbox 3471 5111 3533 5166; x_wconf 87' lang='grc' dir='ltr'><strong>τὸ</strong></span> <span class='ocrx_word' id='word_1_893' title='bbox 3564 5110 3787 5184; x_wconf 74' lang='grc' dir='ltr'>ἀγέννη-</span> 
     </span>
    </p>
   </div>
   <div class='ocr_carea' id='block_1_109' title="bbox 2137 5198 3792 5277">
    <p class='ocr_par' dir='ltr' id='par_1_109' title="bbox 2137 5198 3792 5277">
     <span class='ocr_line' id='line_1_109' title="bbox 2137 5198 3792 5277; baseline -0.004 -18"><span class='ocrx_word' id='word_1_894' title='bbox 2137 5225 2229 5259; x_wconf 91' lang='grc' dir='ltr'>τον</span> <span class='ocrx_word' id='word_1_895' title='bbox 2263 5203 2436 5274; x_wconf 79' lang='grc' dir='ltr'><strong>ούσία,</strong></span> <span class='ocrx_word' id='word_1_896' title='bbox 2466 5204 2529 5258; x_wconf 89' lang='grc' dir='ltr'><strong>τὸ</strong></span> <span class='ocrx_word' id='word_1_897' title='bbox 2560 5199 2618 5257; x_wconf 78' lang='grc' dir='ltr'>δὶ</span> <span class='ocrx_word' id='word_1_898' title='bbox 2645 5201 2902 5277; x_wconf 82' lang='grc' dir='ltr'><strong>γεννητὸν</strong></span> <span class='ocrx_word' id='word_1_899' title='bbox 2950 5199 3050 5255; x_wconf 79' lang='grc' dir='ltr'>οὑχ</span> <span class='ocrx_word' id='word_1_900' title='bbox 3096 5198 3269 5270; x_wconf 75' lang='grc' dir='ltr'>οὗσία,</span> <span class='ocrx_word' id='word_1_901' title='bbox 3303 5198 3521 5255; x_wconf 81' lang='grc' dir='ltr'><strong>ἁνούσια</strong></span> <span class='ocrx_word' id='word_1_902' title='bbox 3566 5198 3634 5255; x_wconf 77' lang='grc' dir='ltr'><strong>τὰ</strong></span> <span class='ocrx_word' id='word_1_903' title='bbox 3677 5218 3792 5274; x_wconf 85' lang='grc' dir='ltr'><strong>γεν-</strong></span> 
     </span>
    </p>
   </div>
   <div class='ocr_carea' id='block_1_110' title="bbox 2137 5285 3791 5367">
    <p class='ocr_par' dir='ltr' id='par_1_110' title="bbox 2137 5285 3791 5367">
     <span class='ocr_line' id='line_1_110' title="bbox 2137 5285 3791 5367; baseline -0.001 -21"><span class='ocrx_word' id='word_1_904' title='bbox 2137 5294 2295 5363; x_wconf 84' lang='grc' dir='ltr'><strong>νητά.</strong></span> <span class='ocrx_word' id='word_1_905' title='bbox 2328 5292 2392 5350; x_wconf 78' lang='grc' dir='ltr'>Τί</span> <span class='ocrx_word' id='word_1_906' title='bbox 2451 5290 2542 5346; x_wconf 80' lang='grc' dir='ltr'>οὖν</span> <span class='ocrx_word' id='word_1_907' title='bbox 2733 5287 2911 5366; x_wconf 71' lang='grc' dir='ltr'>λὲγεις</span> <span class='ocrx_word' id='word_1_908' title='bbox 2966 5287 3222 5363; x_wconf 82' lang='grc' dir='ltr'>ἀνόμοιον</span> <span class='ocrx_word' id='word_1_909' title='bbox 3256 5308 3271 5359; x_wconf 84' lang='grc'><strong>;</strong></span> <span class='ocrx_word' id='word_1_910' title='bbox 3303 5290 3379 5348; x_wconf 83' lang='grc' dir='ltr'>Τὸ</span> <span class='ocrx_word' id='word_1_911' title='bbox 3433 5288 3535 5367; x_wconf 81' lang='grc' dir='ltr'><strong>γάρ</strong></span> <span class='ocrx_word' id='word_1_912' title='bbox 3597 5289 3674 5363; x_wconf 74' lang='grc' dir='ltr'>μὴ</span> <span class='ocrx_word' id='word_1_913' title='bbox 3732 5285 3791 5344; x_wconf 77' lang='grc' dir='ltr'>ὃν</span> 
     </span>
    </p>
   </div>
   <div class='ocr_carea' id='block_1_111' title="bbox 435 5481 2024 5559">
    <p class='ocr_par' dir='ltr' id='par_1_111' title="bbox 435 5481 2024 5559">
     <span class='ocr_line' id='line_1_111' title="bbox 435 5481 2024 5559; baseline 0.005 -20"><span class='ocrx_word' id='word_1_914' title='bbox 435 5482 480 5518; x_wconf 80' lang='grc'>⁸⁸</span> <span class='ocrx_word' id='word_1_915' title='bbox 510 5481 684 5540; x_wconf 84' lang='lat' dir='ltr'>Hebr.</span> <span class='ocrx_word' id='word_1_916' title='bbox 716 5500 756 5555; x_wconf 80' lang='grc' dir='ltr'>ι,</span> <span class='ocrx_word' id='word_1_917' title='bbox 788 5484 842 5541; x_wconf 92' lang='lat'>3.</span> <span class='ocrx_word' id='word_1_918' title='bbox 919 5484 964 5520; x_wconf 79' lang='grc'>⁸⁷</span> <span class='ocrx_word' id='word_1_919' title='bbox 993 5485 1159 5543; x_wconf 88' lang='lat' dir='ltr'>Joan.</span> <span class='ocrx_word' id='word_1_920' title='bbox 1190 5503 1246 5555; x_wconf 90' lang='lat' dir='ltr'>v,</span> <span class='ocrx_word' id='word_1_921' title='bbox 1280 5487 1368 5542; x_wconf 85' lang='grc'>19.</span> <span class='ocrx_word' id='word_1_922' title='bbox 1445 5487 1490 5522; x_wconf 77' lang='grc'>⁵⁸</span> <span class='ocrx_word' id='word_1_923' title='bbox 1520 5487 1677 5546; x_wconf 87' lang='lat' dir='ltr'>Psal.</span> <span class='ocrx_word' id='word_1_924' title='bbox 1709 5505 1832 5559; x_wconf 86' lang='lat' dir='ltr'>cm,</span> <span class='ocrx_word' id='word_1_925' title='bbox 1867 5492 1917 5546; x_wconf 85' lang='grc'><strong>4.</strong></span> <span class='ocrx_word' id='word_1_926' title='bbox 1994 5491 2024 5526; x_wconf 74' lang='grc'>⁸⁵</span> 
     </span>
    </p>
   </div>
   <div class='ocr_carea' id='block_1_112' title="bbox 2138 5481 2828 5559">
    <p class='ocr_par' dir='ltr' id='par_1_112' title="bbox 2138 5488 2828 5559">
     <span class='ocr_line' id='line_1_112' title="bbox 2138 5488 2828 5559; baseline -0.003 -13"><span class='ocrx_word' id='word_1_927' title='bbox 2138 5491 2210 5547; x_wconf 86' lang='lat' dir='ltr'>id.</span> <span class='ocrx_word' id='word_1_928' title='bbox 2240 5492 2293 5548; x_wconf 88' lang='grc'><strong>5.</strong></span> <span class='ocrx_word' id='word_1_929' title='bbox 2372 5492 2418 5527; x_wconf 75' lang='grc' dir='ltr'>⁸ο</span> <span class='ocrx_word' id='word_1_930' title='bbox 2446 5490 2557 5548; x_wconf 89' lang='lat' dir='ltr'>Job</span> <span class='ocrx_word' id='word_1_931' title='bbox 2589 5507 2667 5559; x_wconf 78' lang='lat' dir='ltr'>ix,</span> <span class='ocrx_word' id='word_1_932' title='bbox 2692 5489 2747 5544; x_wconf 87' lang='lat'>9.</span> <span class='ocrx_word' id='word_1_933' title='bbox 2823 5488 2828 5493; x_wconf 82' lang='grc'><em>’</em></span> 
     </span>
    </p>
   </div>
   <div class='ocr_carea' id='block_1_113' title="bbox 444 5674 2018 5759">
    <p class='ocr_par' dir='ltr' id='par_1_113' title="bbox 444 5674 2018 5759">
     <span class='ocr_line' id='line_1_113' title="bbox 444 5674 2018 5759; baseline -0.002 -14"><span class='ocrx_word' id='word_1_934' title='bbox 444 5674 559 5759; x_wconf 56' lang='grc' dir='ltr'>(ἓδ)</span> <span class='ocrx_word' id='word_1_935' title='bbox 586 5675 1230 5759; x_wconf 53' lang='grc' dir='ltr'>ίβεξῖῖν-ἀςτπιραζλλακτος</span> <span class='ocrx_word' id='word_1_936' title='bbox 1262 5700 1274 5714; x_wconf 90' lang='grc'>·</span> <span class='ocrx_word' id='word_1_937' title='bbox 1341 5682 1490 5758; x_wconf 82' lang='grc' dir='ltr'><strong>Ὀρθ.</strong></span> <span class='ocrx_word' id='word_1_938' title='bbox 1552 5683 1614 5742; x_wconf 78' lang='grc' dir='ltr'>Εἰ</span> <span class='ocrx_word' id='word_1_939' title='bbox 1684 5686 1805 5759; x_wconf 82' lang='grc' dir='ltr'><strong>μὲν.</strong></span> <span class='ocrx_word' id='word_1_940' title='bbox 1875 5688 2018 5744; x_wconf 86' lang='lat' dir='ltr'>Mss.</span> 
     </span>
    </p>
   </div>
   <div class='ocr_carea' id='block_1_114' title="bbox 375 5742 1301 5827">
    <p class='ocr_par' dir='ltr' id='par_1_114' title="bbox 375 5742 1301 5827">
     <span class='ocr_line' id='line_1_114' title="bbox 375 5742 1301 5827; baseline 0.009 -26"><span class='ocrx_word' id='word_1_941' title='bbox 375 5742 551 5801; x_wconf 74' lang='lat' dir='ltr'>male.</span> <span class='ocrx_word' id='word_1_942' title='bbox 586 5745 731 5803; x_wconf 84' lang='lat' dir='ltr'>Ibid.</span> <span class='ocrx_word' id='word_1_943' title='bbox 765 5742 943 5808; x_wconf 72' lang='lat' dir='ltr'>Palat.</span> <span class='ocrx_word' id='word_1_944' title='bbox 976 5742 1301 5827; x_wconf 66' lang='grc' dir='ltr'><strong>διατρέπειν.</strong></span> 
     </span>
    </p>
   </div>
   <div class='ocr_carea' id='block_1_115' title="bbox 2202 5683 2952 5761">
    <p class='ocr_par' dir='ltr' id='par_1_115' title="bbox 2202 5683 2952 5761">
     <span class='ocr_line' id='line_1_115' title="bbox 2202 5683 2952 5761; baseline -0.001 -20"><span class='ocrx_word' id='word_1_945' title='bbox 2202 5687 2316 5761; x_wconf 83' lang='grc'>(27)</span> <span class='ocrx_word' id='word_1_946' title='bbox 2350 5683 2458 5745; x_wconf 77' lang='grc' dir='ltr'>Οὗν</span> <span class='ocrx_word' id='word_1_947' title='bbox 2488 5687 2655 5745; x_wconf 88' lang='lat' dir='ltr'>deest</span> <span class='ocrx_word' id='word_1_948' title='bbox 2680 5686 2741 5743; x_wconf 89' lang='lat' dir='ltr'>in</span> <span class='ocrx_word' id='word_1_949' title='bbox 2774 5685 2952 5743; x_wconf 89' lang='lat' dir='ltr'>Palat.</span> 
     </span>
    </p>
   </div>
  </div>
