4116 6402
293 369 444 430 1175

1455 365 1516 427 S.
1571 366 2097 429 ATHANASIUS.
2133 398 2205 409 —-
2234 364 2542 427 SPUBIA.

3555 365 3713 426 H76

289 506 347 559 et
376 501 501 558 Filii
537 519 748 558 nomen
782 502 1119 574 abjecerunt
1139 500 1166 555 Ἰ
1197 500 1296 572 qui
1318 516 1445 557 sese
1463 498 1748 555 extollunt
1768 514 1944 570 supra

2059 495 2210 571 τρὸς,
2258 493 2348 550 καί
2394 501 2492 551 τοῦ
2543 497 2690 566 Υὶοῦ,
2742 497 2832 552 καὶ
2881 501 2979 552 τοῦ
3018 495 3177 573 ἁγίου
3231 494 3571 570 Πνεύματος,
3619 494 3710 549 καὶ

292 607 426 647 eum
459 591 655 664 ipsum
689 590 789 662 qui
821 590 1015 646 docuit
1047 589 1343 662 baptizare
1373 589 1431 643 in
1466 588 1702 645 nomine
1734 588 1940 655 Patris,

290 684 347 736 et
381 679 528 747 Filii,
564 685 621 736 et
666 679 920 753 Spiritus
974 678 1183 750 sancti,
1234 682 1292 734 et
1338 694 1467 734 sese
1512 676 1851 734 existimant
1877 692 1944 731 eo

292 769 701 841 sapientiores,
733 768 835 841 qui
867 769 1095 824 Patrem
1128 783 1257 823 esse
1289 767 1536 832 Patrem,
1569 771 1628 822 et
1657 782 1786 821 sese
1815 780 1945 821 esse

290 857 502 915 Filium
533 859 763 914 docuit?
790 858 1009 913 Demus
1029 862 1223 912 autem
1246 855 1566 912 nonnullos
1590 855 1809 927 aliquid
1843 858 1947 910 aut

288 946 611 1004 inseruisse
641 951 741 1002 aut
773 946 1061 1018 adjecisse
1094 950 1194 1001 tuo
1227 946 1321 1001 isti
1356 944 1683 1018 perscripto
1714 943 1943 1010 sceleri,

289 1036 434 1108 quid
461 1053 616 1092 nunc
648 1035 843 1092 dicis?
871 1052 1050 1107 quam
1094 1035 1376 1105 majorem
1420 1033 1821 1107 blaphemiam
1855 1049 1946 1088 ex-

288 1125 537 1197 eogitas,
569 1124 671 1196 qui
704 1123 915 1179 Filium
949 1124 1109 1179 dicas
1136 1122 1468 1179 substantia
1489 1122 1943 1179 dissimilem?an

290 1213 514 1286 aliquid
549 1213 804 1286 amplius
836 1218 1001 1284 potes
1030 1213 1224 1268 dicere
1253 1215 1276 1268 Ρ
1302 1213 1505 1269 Nonne
1553 1217 1612 1268 et
1662 1211 1842 1269 Judaei
1888 1213 1946 1266 et

287 1301 471 1357 Graeci
502 1302 699 1374 ipsum
732 1318 861 1358 esse
890 1302 1119 1370 dicunt,
1157 1302 1257 1375 qui
1291 1306 1485 1358 tamen
1519 1318 1635 1357 non
1696 1302 1946 1358 credunt

287 1391 486 1463 ipsum
511 1407 640 1447 esse
670 1390 876 1457 Deum,
909 1396 967 1446 et
997 1390 1211 1446 idcirco
1241 1407 1309 1447 ea
1337 1390 1468 1463 ipsa
1497 1390 1857 1462 dicunt,qum
1880 1401 1939 1446 tu

293 1479 440 1535 dicis
470 1480 695 1552 objecto
726 1479 897 1535 nobis
927 1496 1043 1534 non
1094 1479 1276 1552 geniti
1308 1485 1365 1536 et
1407 1480 1589 1553 geniti
1639 1479 1941 1549 vocabulo,

289 1568 638 1641 desertaque
665 1567 832 1625 Patre
860 1574 917 1624 et
946 1568 1109 1637 Filio,
1142 1568 1300 1640 quod
1334 1573 1423 1625 est
1449 1568 1669 1625 Judaeis
1699 1567 1940 1625 offendi-

290 1655 512 1729 culum,
543 1662 601 1713 et
627 1657 905 1731 gentibus
943 1657 1243 1713 stultitia?
1291 1662 1349 1713 et
1397 1658 1553 1715 480
1595 1657 1682 1714 vis
1735 1675 1941 1713 eorum

293 1749 466 1802 Pater
493 1762 622 1802 esse
653 1745 751 1817 qui
785 1754 888 1819 pro
938 1750 1051 1802 Deo
1102 1746 1298 1817 genito
1349 1750 1404 1801 et
1440 1764 1553 1801 non
1603 1746 1801 1819 genito
1832 1763 1947 1818 pu-

292 1835 523 1910 gnant?
552 1836 714 1901 Quod
748 1835 797 1891 si
830 1834 1007 1892 etiam
1059 1835 1163 1891 tibi
1216 1836 1568 1891 concedatur
1597 1835 1656 1890 in
1708 1835 1945 1890 nomine

292 1941 410 1981 non
441 1924 622 1998 geniti
654 1929 712 1980 et
740 1923 918 1996 geniti
948 1924 1267 1997 baptizare,
1301 1924 1442 1997 quid
1475 1924 1652 1980 facies
1673 1941 1806 1980 cum
1840 1941 1941 1979 no-

292 2014 612 2071 minandus
641 2013 753 2069 erit
780 2011 1086 2085 Spiritus?
1116 2030 1255 2069 num
1297 2013 1486 2085 ipsum
1540 2028 1731 2086 neque
1781 2013 1941 2085 geni-

289 2107 441 2172 tum,
474 2119 664 2175 neque
696 2118 811 2157 non
842 2102 1127 2174 genitum,
1171 2119 1245 2158 an
1294 2119 1427 2158 vero
1471 2103 1733 2175 genitum
1766 2102 1942 2158 etiam

288 2191 528 2249 vocabis
553 2191 581 2247 ’ἶ
609 2191 913 2256 Quomodo
949 2208 1079 2247 vero
1110 2207 1179 2247 ex
1212 2196 1309 2247 tua
1357 2192 1647 2248 sententia
1697 2191 1753 2246 id
1788 2192 1939 2264 quod

290 2284 382 2336 est
406 2278 671 2353 genitum
702 2296 736 2335 a
765 2278 964 2352 genito
993 2279 1223 2336 differet
1259 2279 1615 2351 substantia,
1648 2280 1942 2353 siquidem

288 2370 554 2444 genitum
586 2373 676 2425 est
706 2366 1085 2424 substantia?

360 2460 449 2515 42.
482 2464 682 2515 Anam.
716 2458 775 2515 Si
808 2462 961 2515 Deus
991 2458 1221 2515 efficere
1268 2476 1383 2515 non
1420 2464 1628 2532 potest,
1682 2464 1745 2515 ut
1784 2461 1939 2533 quod

287 2550 552 2623 genitum
586 2552 697 2616 est,
730 2564 845 2604 non
877 2547 956 2603 sit
983 2547 1349 2621 genitum,ne
1372 2547 1517 2604 illud
1549 2548 1789 2621 quidem
1814 2549 1942 2604 effe-

288 2637 436 2694 cerit
467 2641 531 2693 ut
562 2638 718 2709 quod
753 2654 866 2693 non
898 2637 1163 2710 genitum
1197 2642 1305 2708 est,
1338 2638 1417 2694 sit
1466 2638 1752 2712 genitum.
1788 2639 1937 2695 Orth.

288 2725 481 2784 Etiam
515 2727 563 2783 si
596 2727 827 2782 efﬁcere
861 2743 973 2781 non
1006 2726 1192 2799 possit
1222 2731 1288 2782 ut
1327 2727 1481 2800 quod
1533 2727 1798 2801 genitum
1831 2731 1938 2793 est,

292 2817 340 2874 si
374 2806 491 2872 non
521 2817 812 2890 genitum,
847 2818 913 2871 ut
933 2821 989 2870 et
1024 2815 1254 2872 mentiri
1291 2832 1405 2871 non
1438 2820 1651 2888 potest,
1696 2833 1808 2870 non
1855 2821 1937 2872 ta-

292 2922 427 2961 men
461 2905 515 2961 ei
547 2904 831 2961 adimitur
859 2903 1234 2977 gignendi,ut
1263 2921 1452 2977 neque
1483 2921 1684 2961 verum
1709 2905 1938 2961 dicendi

292 2993 559 3050 facultas.
595 2993 853 3066 Gignens
884 2998 1079 3049 autem
1115 3010 1227 3048 non
1275 2992 1464 3065 gignit
1491 3011 1605 3050 non
1651 2995 1941 3066 genitum,

292 3084 395 3140 sed
428 3083 613 3138 Deum
648 3099 662 3138 :
697 3081 851 3137 Deus
881 3083 1036 3137 enim
1061 3083 1243 3138 Deum
1275 3083 1481 3156 genuit
1513 3100 1526 3137 :
1558 3089 1615 3139 et
1653 3100 1845 3156 neque
1873 3101 1941 3139 ex

288 3171 487 3246 genito
520 3189 631 3226 non
656 3172 947 3244 genitum,
980 3188 1169 3244 neque
1201 3188 1270 3227 ex
1300 3189 1415 3227 non
1446 3171 1641 3245 genito
1673 3174 1937 3244 genitum

2052 583 2374 657 νομίζοντας
2405 585 2627 649 ἑαυτοὺς
2659 588 2788 641 εἶναι
2840 584 3186 665 σοφωτέρους
3223 590 3321 641 τοῦ
3349 584 3439 641 τὸν
3474 583 3708 659 Πατέρα,

2055 673 2286 751 Πατέρα,
2335 676 2426 729 καὶ
2479 675 2665 731 ἑαυτὸν
2710 675 2834 731 Υἱὸν
2886 673 3199 749 διδάξαντος
3231 694 3246 745 ;
3281 678 3469 748 Δῶμεν
3513 671 3592 745 Si,
3624 671 3710 728 δτι

2054 764 2392 839 παρενθήκας
2439 764 2529 819 καὶ
2582 763 2888 843 ἀφαιρέσεις
2936 765 3081 827 τινές
3129 785 3263 819 ποτε
3306 767 3376 839 τῇ
3414 764 3561 840 παρᾶ
3611 765 3707 817 σοῦ

2053 851 2320 930 γραφείση
2368 852 2608 930 πονηρίᾳ
2653 857 2983 925 πεποιήκασι
3019 873 3031 922 ;
3068 857 3174 908 Νῦν
3224 850 3278 908 τί
3327 852 3544 927 λέγεις;
3577 852 3612 921 ἢ
3652 849 3707 905 τί

2055 940 2247 997 πλεῖον
2275 941 2506 1005 ἐπινοεῖς
2543 942 2895 1022 βλασφημίας
2925 945 3059 1018 (35),
3093 942 3349 1015 ἀνόμοιον
3386 939 3558 1017 λέγων
3590 942 3707 996 κατ’

2057 1030 2241 1086 οὐσίαν
2272 1032 2365 1086 τὸν
2393 1031 2518 1086 Υἱόν
2543 1053 2556 1103 ;
2581 1030 2727 1108 ἔχεις
2757 1053 2811 1087 τι
2842 1030 3008 1087 πλέον
3036 1033 3232 1087 τούτου
3264 1030 3432 1086 εἶπεῖν
3454 1057 3468 1099 ;
3492 1029 3569 1086 Οὐ
3593 1032 3706 1104 (36)

2055 1120 2145 1176 καὶ
2177 1117 2434 1176 Ἰουδαῖοι
2465 1121 2555 1176 καὶ
2605 1123 2657 1177 οἱ
2706 1120 2982 1191 ’Έλληνες
3033 1121 3166 1176 εἶναι
3212 1118 3488 1196 λέγουσιν,
3524 1119 3576 1173 οἱ
3629 1120 3706 1192 μὴ

2054 1208 2373 1282 πειθόμενοι
2436 1212 2572 1266 εἴναι
2626 1211 2785 1265 αὐτὸν
2845 1205 3009 1281 Θεὸν;
3042 1211 3132 1265 καὶ
3190 1207 3279 1264 διὰ
3323 1213 3485 1265 τοῦτο
3540 1211 3711 1263 ταῦτα

2058 1297 2312 1375 λέγοντες
2361 1298 2484 1375 περὶ
2515 1298 2699 1371 αὐτοῦ,
2735 1298 2768 1353 ’ὰ
2800 1299 2862 1353 σὺ
2918 1298 3118 1375 λέγεις,
3169 1296 3460 1375 ἀγέννητόν
3513 1317 3572 1353 τε
3616 1295 3706 1352 καὶ

2053 1389 2309 1465 γεννητὸν
2343 1383 2821 1463 προϐαλλόμενος,
2853 1388 2941 1443 καὶ
2974 1387 3131 1451 ἐάσας
3176 1387 3389 1463 Πατέρα
3429 1386 3519 1442 καὶ
3559 1386 3706 1453 Υἱὸν,

2055 1475 2085 1531 δ
2142 1476 2281 1532 ἐστιν
2342 1474 2627 1540 Ἰουδαίοις
2692 1477 2785 1551 μὲν
2846 1473 3144 1532 σκάνδαλον
3181 1521 3196 1547 ,
3249 1473 3422 1540 ἔθνεσι
3477 1473 3535 1530 δὲ
3593 1477 3709 1550 (37)

2059 1566 2241 1641 μωρία
2274 1585 2288 1637 ;
2321 1566 2410 1621 καὶ
2446 1568 2655 1640 Πατέρα
2701 1568 2891 1621 σαυτὸν
2944 1565 3120 1628 θέλεις
3171 1566 3299 1621 εἶναι
3338 1568 3445 1620 τῶν
3474 1562 3706 1629 ἀθλούν-

2052 1676 2159 1711 των
2196 1656 2328 1731 ὑπέρ
2361 1660 2625 1731 γεννητοῦ
2670 1654 2761 1711 καὶ
2810 1648 3105 1732 ἀγέννητοι)
3139 1658 3275 1710 Θεοῦ
3308 1673 3324 1724 ;
3358 1654 3480 1708 Ἐὰν
3530 1650 3589 1708 δὲ
3617 1651 3708 1708 καὶ

2055 1746 2388 1822 συγχωρηθῃ
2422 1766 2505 1799 σοι
2560 1745 2634 1807 εἷς
2680 1745 2743 1800 τὸ
2788 1739 2962 1818 ὄνομα
3009 1746 3124 1818 (38)
3151 1748 3250 1798 τοῦ
3291 1743 3588 1819 ἆγεννήτου
3616 1742 3708 1797 καὶ

2053 1838 2319 1908 γεννητοῦ
2371 1833 2645 1910 βαπτίσαι,
2686 1833 2741 1889 τί
2771 1836 3022 1904 ποιήσεις
3052 1833 3142 1888 καὶ
3172 1832 3247 1895 εἷς
3275 1834 3374 1902 τὴν
3410 1836 3508 1887 τοῦ
3539 1830 3707 1888 Πνεῦ-

2056 1944 2228 1995 ματος
2280 1922 2576 1999 ὀνομασῖαν
2615 1943 2628 1993 ;
2663 1922 2764 1998 ἆρα
2813 1918 2937 1977 οὔτε
2983 1922 3238 1998 γεννητὸν
3299 1917 3424 1976 οὔτε
3481 1920 3708 1998 ἀγέννη-

2050 2032 2143 2067 τον
2177 2011 2487 2085 ὀνομάσεις,
2519 2012 2554 2081 ἢ
2586 2011 2675 2066 καὶ
2706 2011 2838 2067 αὐτὸ
2866 2012 2929 2066 τὸ
2959 2011 3213 2087 γεννητόν
3250 2030 3264 2081 ;
3296 2010 3396 2066 Καὶ
3440 2014 3557 2072 πῶς
3590 2008 3707 2065 ἐστι

2050 2101 2187 2155 κατὰ
2243 2101 2301 2155 σὲ
2350 2100 2654 2176 έτεροῦσιον
2710 2100 2776 2157 τὸ
2827 2100 3085 2177 γεννητὸν
3138 2103 3217 2173 τῷ
3258 2103 3523 2177 γεννητῷ,
3558 2094 3707 2175 εἴπερ

2053 2188 2209 2245 οὐσία
2235 2191 2298 2245 τὸ
2326 2189 2582 2267 γεννητόν
2620 2209 2634 2259 ;

2127 2460 2211 2515 12.
2244 2454 2438 2529 Ἀνόμ.
2472 2455 2537 2510 Et
2584 2453 2845 2511 ἀδύνατόν
2901 2454 3010 2511 ἐστι
3060 2459 3139 2527 τῷ
3187 2459 3303 2527 Θεῷ
3344 2455 3407 2510 τὸ
3453 2453 3712 2531 γεννητὸν

2052 2546 2346 2621 ἀγέννητον
2398 2552 2648 2616 ποιῆσαι,
2680 2541 2941 2600 ἀδύνατον
2976 2543 3035 2599 ἂν
3084 2542 3167 2615 εἴη
3201 2542 3290 2598 καὶ
3329 2543 3392 2598 τὸ
3420 2543 3711 2619 ἀγέννητον

2049 2635 2303 2711 γεννητὸν
2362 2640 2611 2705 ποιῆσαι.
2665 2634 2807 2710 Ὀρθ.
2864 2635 2973 2690 Κᾶν
3113 2631 3261 2705 ανξτῷ
3320 2630 3588 2687 ἀδύνατον
3644 2632 3709 2687 τὸ

2049 2724 2305 2801 γεννητὸν
2357 2724 2642 2799 ἀγέννητον
2701 2729 2949 2793 ποιῆσαι,
2996 2722 3072 2785 ὡς
3130 2720 3220 2777 καὶ
3276 2721 3339 2776 τὸ
3395 2718 3707 2794 ψεύδεσθαι,

2052 2810 2179 2869 ἀλλ’
2210 2811 2311 2867 οὐκ
2341 2809 2601 2867 ἀδύνατον
2629 2810 2776 2884 αὐτῷ
2805 2811 2867 2866 τὸ
2894 2817 3166 2888 γεννῆσαι·
3200 2807 3327 2865 οὐδὲ
3370 2810 3471 2886 γὰρ
3645 2809 3709 2864 τὸ

2052 2900 2347 2972 ἀληθεῦσαι
2378 2900 2660 2957 ἀδύνατον.
2696 2904 2899 2956 Γεννῶν
2932 2897 2990 2955 δὲ
3038 2898 3138 2954 οὐκ
3183 2897 3479 2975 ἀγέννητον
3524 2902 3705 2973 γεννᾷ,

2052 2990 2197 3047 ἀλλὰ
2225 2990 2374 3047 Θεόν.
2406 2990 2535 3046 Θεὸν
2586 2991 2690 3065 ἄρα
2745 2990 2873 3052 Θεὸς
2919 2991 3200 3065 γεννήσῃς,
3235 2984 3360 3043 οὔτε
3399 2988 3462 3043 τὸ
3510 3008 3707 3063 γεννη-

2048 3080 2140 3136 τὸν
2172 3079 2459 3157 ἀγέννητον
2513 3079 2790 3149 ἐποίησεν,
2822 3076 2945 3133 οὔτε
2990 3078 3053 3133 τὸ
3100 3077 3393 3153 ἀγέννητον
3425 3077 3702 3153 γεννητόν.

2050 3168 2241 3242 Ἀνόμ.
2277 3169 2460 3236 Πάσης
2509 3170 2623 3243 (40)
2671 3168 2845 3230 αἰτίας
2886 3165 3146 3239 κρείττων
3198 3167 3434 3242 ὑπάρχει
3491 3167 3519 3222 6
3550 3165 3712 3241 ἀγέν-

292 3262 448 3319 fecit.
484 3261 659 3316 Anon.
711 3262 859 3316 Deus
906 3277 1020 3316 non
1069 3260 1304 3333 genitus
1354 3261 1514 3316 omni
1566 3279 1744 3318 causa
1791 3280 1935 3335 prae-

2059 3238 2217 3329 νητος
2249 3256 2402 3320 Θεός.
2436 3238 2876 3333 Εἷνδὶνκρείττων
2919 3255 3030 3311 ἐστὶ
3077 3255 3252 3327 πάσης
3300 3238 3497 3329 αίτίας,
3531 3238 3701 3324 δῆλον

290 3351 544 3406 stautior
572 3356 662 3406 est
695 3367 707 3404 :
742 3351 894 3422 quod
924 3351 971 3406 si
1004 3350 1165 3406 omni
1190 3367 1369 3406 causa
1401 3352 1939 3426 praestantior,ergo

290 3445 348 3496 et
377 3439 845 3511 generatione,ut
874 3440 973 3510 qui
1008 3456 1196 3510 neque
1227 3440 1299 3495 ab
1324 3438 1439 3496 alia
1467 3444 1684 3496 natura
1712 3458 1943 3514 accepe-

292 3530 368 3583 rit
397 3544 571 3584 suum
605 3544 755 3598 esse,
792 3543 980 3599 neque
1012 3526 1139 3599 ipse
1168 3528 1280 3583 sibi
1312 3544 1442 3585 esse
1462 3529 1939 3601 praestiteritmon

290 3618 366 3673 ob
397 3622 618 3672 natura:
650 3615 1238 3687 imbecillitatem,sed
1273 3617 1426 3690 quod
1446 3635 1680 3673 omnem
1704 3636 1942 3674 causam

295 3705 697 3761 transcendat.
732 3703 890 3760 Orth.
924 3707 1071 3761 Vere
1102 3721 1243 3761 sane
1274 3705 1414 3761 illud
1452 3722 1466 3761 ε
1500 3728 1528 3757 ‹‹
1568 3707 1833 3763 Dicentes
1885 3724 1947 3763 se

294 3808 426 3849 esse
457 3793 774 3865 sapientes,
808 3790 974 3847 stulti
1009 3793 1140 3846 facti
1173 3797 1313 3849 sunt
1339 3792 1404 3859 δι,
1445 3815 1465 3841 ο
1498 3792 1558 3847 in
1590 3810 1690 3849 vos
1722 3793 1945 3850 dictum

295 3882 512 3953 est,qui
548 3881 753 3936 Filium
791 3881 890 3936 Dei
922 3882 1531 3954 oppugnatis.Nam,si
1566 3899 1678 3938 non
1713 3884 1948 3955 genitus

297 3975 470 4038 Deus,
503 3969 602 4043 qui
635 3969 795 4026 omni
827 3986 1007 4025 causa
1029 3972 1400 4041 praestantior
1428 3976 1537 4041 est,
1572 3972 1748 4027 etiam
1774 3988 1947 4044 gene-

297 4059 526 4116 ratione
562 4058 932 4132 pratstantior
960 4059 1376 4132 est,generatio
1408 4077 1522 4115 non
1554 4066 1642 4116 est
1671 4063 1949 4117 substan-

293 4149 399 4214 tia,
431 4150 531 4205 sed
566 4165 747 4204 causa
778 4164 791 4203 :
824 4152 885 4203 at
915 4147 963 4203 si
986 4148 1288 4220 generatio
1322 4166 1435 4204 non
1470 4154 1561 4205 est
1593 4150 1948 4217 substantia,

295 4240 397 4295 sed
429 4254 605 4293 causa
638 4254 652 4292 :
685 4254 789 4309 age
818 4242 878 4293 tu
921 4237 1047 4309 ipse
1097 4238 1494 4294 substantiam
1551 4239 1747 4297 dicito.
1799 4240 1950 4305 Quin

296 4325 473 4383 etiam
506 4342 681 4398 quam
706 4326 943 4382 tandem
977 4325 1104 4381 Filii
1136 4342 1376 4382 causam
1395 4344 1524 4383 esse
1553 4328 1641 4384 vis
1663 4327 1686 4382 Ρ
1707 4344 1948 4401 genera-

297 4414 542 4484 tionem,
576 4432 649 4472 an
682 4415 878 4488 ipsum
911 4415 1137 4471 Patrem
1169 4415 1197 4470 ?
1220 4415 1317 4472 Est
1339 4422 1534 4473 autem
1568 4419 1759 4487 Pater,
1796 4423 1859 4475 ut
1888 4423 1951 4475 tu

369 4561 416 4596 9‘
445 4561 612 4616 Rom.
646 4578 688 4626 ι,
715 4563 805 4617 22.

2049 3346 2133 3403 ὅτι
2163 3347 2253 3402 καὶ
2282 3346 2558 3423 γενέσεως,
2594 3342 2728 3401 Οὔτε
2773 3345 2875 3423 γὰρ
2923 3346 3049 3419 παρ’
3099 3343 3281 3421 ἑτέρας
3323 3344 3534 3423 φύσεως
3568 3344 3708 3399 ἀνεί-

2052 3435 2198 3515 ληφε
2222 3439 2335 3511 (41)
2360 3436 2422 3491 τὸ
2453 3437 2604 3504 εἶναι,
2639 3432 2763 3490 οὔτε
2806 3434 2967 3496 αὐτὸς
3016 3433 3191 3506 ἑαυτῷ
3239 3433 3375 3488 εἶναι
3414 3432 3707 3510 παρέσχεν,

2053 3527 2115 3582 οὐ
2147 3524 2237 3581 διὰ
2262 3525 2324 3580 τὸ
2378 3525 2589 3587 ἀσθενὶς
2640 3531 2740 3595 τῆς
2789 3524 3022 3602 φύσεως,
3077 3521 3224 3579 ἀλλὰ
3268 3520 3444 3578 διὰτὸ
3479 3518 3705 3596 ὑπερδε-

2055 3610 2316 3686 6Ληκέναι
2361 3619 2533 3668 πᾶσαν
2583 3613 2778 3669 αίτίαν.
2834 3614 2977 3686 Ὀρθ.
3029 3610 3304 3682 Ἀληθῶς,
3338 3636 3366 3662 ‹‹
3400 3609 3707 3674 Φάσκοντες

2057 3705 2192 3760 εἶναι
2245 3724 2403 3783 σοφοι
2441 3746 2455 3773 ,
2514 3702 2903 3780 ἐμωράνθησαν
2941 3744 2955 3770 ,
3017 3725 3045 3754 ››
3102 3701 3227 3777 περὶ
3290 3702 3441 3774 ὑμῶν
3500 3700 3715 3777 εἷ’ρηται

2054 3796 2163 3848 τῶν
2195 3792 2332 3847 κατᾶ
2359 3796 2455 3846 τοῦ
2486 3793 2616 3846 Υἳοῦ
2661 3795 2763 3846 τοῦ
2816 3795 2949 3847 Θεοῦ
2998 3790 3459 3866 στρατευομένων.
3492 3789 3559 3847 Εἰ
3588 3791 3720 3867 γὰρ,

2058 3879 2246 3950 ἐπειδὴ
2291 3880 2469 3952 πάσης
2512 3878 2686 3942 αἰτίας
2733 3879 2991 3957 κρείττων
3054 3879 3287 3954 ὑπάρχει
3338 3879 3366 3934 6
3416 3880 3711 3953 ἀγέννητος

2058 3971 2211 4038 Θεὸς,
2263 3966 2351 4025 διὰ
2400 3974 2562 4025 τοῦτο
2611 3969 2702 4024 καὶ
2750 3967 3032 4045 γενέσεως,
3075 3970 3110 4039 ἡ
3163 3968 3370 4044 γένεσις
3422 3967 3588 4037 αἰτία,
3621 3967 3712 4024 καὶ

2060 4060 2158 4117 οὐκ
2188 4058 2326 4115 ἔστιν
2359 4058 2533 4114 οὖσία’
2569 4058 2615 4113 εἰ
2646 4057 2703 4114 δὲ
2732 4061 2767 4129 ἡ
2800 4057 3008 4134 γένεσις
3039 4057 3139 4113 οὐκ
3169 4056 3344 4127 οὐσία,
3378 4054 3504 4113 ἀλλ’
3542 4055 3710 4125 αἰτία,

2060 4149 2177 4205 εἶπέ
2204 4150 2305 4219 την
2336 4148 2541 4205 οὐσίαν.
2575 4147 2712 4206 Τίνα
2744 4146 2801 4203 δὲ
2849 4147 2939 4203 καὶ
2991 4146 3161 4203 αῗτίαν
3205 4145 3387 4211 θέλεις
3437 4145 3572 4201 εἶναι
3617 4148 3716 4200 τοῦ

2060 4239 2189 4294 Υἱοῦ
2224 4265 2239 4308 ;
2270 4239 2371 4307 τήν
2421 4237 2650 4315 γένεσιν,
2696 4238 2732 4307 ἢ
2782 4236 2942 4293 αὐτὸν
2992 4237 3084 4291 τὸν
3138 4238 3349 4314 Πατέρα
3380 4253 3394 4305 ;
3427 4236 3580 4293 Ἔστι
3610 4231 3656 4290 δ’
3689 4234 3717 4288 6

2061 4328 2271 4401 Πατὴρ,
2313 4327 2389 4388 ὡς
2441 4326 2711 4401 νομίζεις,
2771 4328 2807 4396 ἡ
2860 4324 3168 4403 ἆγεννησία.
3231 4324 3380 4395 Αὕτη
3431 4323 3523 4380 οῦν
3574 4319 3721 4381 ἔσται

2060 4420 2158 4472 τοῦ
2216 4416 2415 4487 Υἱοῦὴ
2447 4414 2611 4472 αἰτία·
2672 4414 2719 4470 εἷ
2776 4413 2835 4471 δὲ
2893 4414 2993 4471 οὐκ
3048 4415 3209 4477 αὐτὸς
3242 4414 3270 4469 ὁ
3305 4415 3490 4491 ΙΙατήρ
3548 4413 3721 4476 αἶ’τιος

374 4703 482 4774 (35)
515 4703 693 4759 Palat.
727 4705 781 4775 ί,
806 4706 843 4760 2
872 4710 929 4760 et
957 4706 1104 4777 Aug.
1138 4703 1249 4759 Νῦν
1284 4703 1376 4757 οὖν
1408 4725 1461 4759 τι
1494 4701 1676 4779 λέγεις
1703 4722 1716 4775 ;
1749 4703 1944 4773 ἢποίαπ

374 4772 532 4828 ,είονα
563 4772 797 4831 έπινοεῖς
833 4773 1206 4831 Βλασφημίαν.

2072 4704 2100 4759 6
2134 4703 2166 4757 ἆ
2204 4702 2424 4773 έννητος
2477 4702 2755 4779 (γεννητός
2808 4704 2925 4763 Pal.
2968 4706 3019 4778 1)
3068 4704 3195 4765 Θεὸς
3255 4699 3345 4758 διὰ
3389 4706 3573 4776 τοῦτο,
3633 4700 3723 4758 καὶ

2070 4724 2201 4831 αὐτὸ
2230 4775 2487 4831 γενέσεως
2543 4781 2786 4831 κρεῖττον
2838 4778 2970 4831 (sicl
3019 4774 3078 4830 ἂν
3122 4771 3230 4831 εἴη.
3276 4774 3343 4830 Ei
3374 4772 3431 4829 δὲ
3476 4774 3722 4831 κρεῖττόν

2070 4796 2167 4830 αυτ

302 4771 547 4853 πλείονα
563 4771 814 4853 έτιιινοεῖςΔ
833 4771 1206 4853 βλασφημίαν.

383 4847 496 4921 (36)
529 4847 646 4921 Pal,
678 4848 727 4902 1.
786 4845 905 4904 2’θι
937 4845 1084 4921 Aug.
1137 4845 1219 4901 οὗ.
1274 4846 1450 4902 Paulo
1481 4850 1635 4918 post,
1668 4847 1848 4903 iidem
1882 4846 1957 4901 ei-

299 4916 395 4970 ναι
416 4916 510 4972 τὸν
548 4917 700 4973 Θεόν.

368 4990 482 5060 (37)
515 4990 691 5046 Palat.
728 4990 779 5060 1,
826 4990 861 5043 2
907 4994 966 5045 et
996 4996 1143 5061 Aug.
1194 4986 1436 5059 Ἕλλησι
1487 4985 1566 5044 δέ.
1616 4990 1778 5046 Infra
1825 4996 1958 5061 post

299 5060 564 5144 ἀγενήτου
602 5065 759 5131 Θεοῦ,
793 5078 918 5132 quae
961 5060 1134 5134 paulo
1184 5061 1457 5134 superius
1504 5061 1726 5118 omissa
1772 5060 1956 5119 fuisse

297 5133 579 5190 diximus.
613 5132 707 5189 hic
741 5139 1034 5190 reponunt
1065 5150 1270 5189 omnes
1305 5149 1447 5189 mss.
1491 5132 1684 5189 Felck.
1716 5134 1817 5189 sed
1852 5139 1951 5189 Pa-

301 5150 579 5199 UlemUS,
614 5150 707 5189 mc
741 5150 1034 5204 reponunt
1065 5150 1270 5189 omnes
1305 5150 1447 5189 mss.
1494 5150 1684 5189 ΙΨΘΙΟΚ.
1716 5150 1817 5189 sed
1852 5150 1951 5189 νει·

301 5205 402 5295 lat.
440 5207 499 5295 in:
527 5209 568 5290 2.
593 5210 649 5259 et
678 5207 925 5295 august.
961 5206 1298 5295 ila‘legunt,
1347 5201 1615 5295 έασςὶντων
1648 5203 1954 5295 τὸςιῐξτρὸς

295 5275 384 5352 καὶ
443 5277 572 5333 rio?)
621 5276 717 5352 καὶ
776 5274 947 5352 ἁγίου.
1013 5274 1329 5352 Πνεῦματος
1402 5275 1585 5345 τίμιον
1645 5275 1759 5352 καὶ·
1802 5274 1950 5352 ἅγιον

298 5343 493 5421 ὄνομα,
534 5346 638 5421 ,καὶ
685 5343 1059 5421 ἐπαιρομένων
1105 5343 1223 5403 κατ’
1272 5343 1470 5415 αὐτοῦ,
1494 5355 1627 5418 θιο.,
1676 5347 1764 5402 καὶ
1795 5343 1956 5420 νόμι-

298 5419 501 5487 ζόντων
529 5419 770 5487 έαυτοῦς,
805 5419 915 5476 etc.

394 5493 485 5562 38)
516 5492 633 5547 Pal.
663 5494 701 5547 2
729 5485 787 5547 et
836 5499 983 5563 Aug.
1016 5489 1105 5564 καὶ
1137 5488 1629 5564 συγχιιυρηθῇςεἰςΔ
1664 5489 1737 5564 τὸ,
1761 5485 1952 5563 ὄνομα.

398 5557 488 5638 39)
522 5564 638 5638 Pal.
668 5567 704 5638 ἓ
728 5568 786 5620 et
808 5557 960 5638 Aug:
995 5559 1062 5638 06
1086 5557 1358 5638 γάρ.’ἰίο.[.
1393 5557 1555 5638 ’1,’-οὐ-
1577 5557 1643 5629 δὴ
1677 5563 1799 5637 γάρ.

378 5634 634 5707 (4Ο)1ιειΔ
665 5633 865 5707 Steph.
909 5633 1165 5707 :rcctiu's'
1201 5651 1378 5707 quam
1419 5633 1558 5707 ed_iti
1602 5638 1664 5707 et
1692 5633 1952 5707 quidam

311 5718 454 5759 mss.
488 5705 590 5775 qui
621 5702 859 5773 habent,
889 5702 936 5759 εἰ
965 5704 1143 5775 πάσης
1177 5702 1281 5762 ait.
1315 5705 1448 5763 Mox
1468 5703 1659 5763 Felck.
1690 5702 1749 5762 et
1777 5703 1946 5762 Pal.l

2070 4772 2201 4831 αὐτὸ
2230 4772 2786 4903 γενέσεωξκρεῗττον
2838 4778 2970 4850 (sic)
3001 4772 3078 4830 ’ἂν
3122 4772 3230 4846 εἴη.
3276 4774 3343 4830 Εἴ
3374 4772 3431 4829 δέ
3476 4772 3722 4850 κρεῖττόν

2068 4847 2200 4923 (sic)
2261 4868 2342 4923 στι
2375 4846 2553 4919 πάσης
2583 4848 2780 4911 αἰτίας.
2811 4844 2981 4919 δῆλον
3017 4846 3109 4923 βτι
3138 4847 3229 4902 καὶ
3270 4845 3551 4923 γενέσεως.
3583 4843 3725 4905 Οὔτε

2064 4917 2342 4994 γὰρ’παρῘ
2398 4917 2664 4994 August._
2708 4917 2955 4994 verost
3015 4920 3192 4994 Palat.
3250 4917 3294 4974 2'
3339 4919 3373 4994 ῥ
3427 4917 3724 4994 ἀγέννητὸς

2068 4988 2224 5068 Θέός·
2258 4988 2349 5068 διὰ
2373 4988 2553 5068 τοῦτο
2580 4991 2670 5046 καὶ
2718 4991 2888 5068 αὐτῆς
2930 4991 3188 5068 γενέσεως
3232 4988 3491 5064 κρείττων
3517 4989 3576 5044 ἂν
3610 4988 3719 5059 εἴη.

2066 5061 2334 5139 Οῧτᾷεᾲγάρ
2366 5084 2449 5126 τις
2482 5064 2589 5137 (sic
2620 5066 2903 5139 August.)
2923 5061 3070 5139 παρ’.

2139 5083 2207 5117 ’τε
2235 5082 2334 5139 γαρ
2366 5084 2449 5126 τις
2482 5082 2589 5137 (sic
2620 5082 2895 5138 august.)
2923 5082 3031 5192 παρ
3058 5106 3070 5120 .

2139 5135 2249 5209 (41)
2283 5140 2533 5209 August.
2569 5140 2625 5191 et
2668 5136 2848 5193 Palat.
2879 5138 2914 5191 2
2945 5156 2989 5190 ει
3036 5154 3160 5209 mea.
3195 5134 3324 5190 Mox
3375 5136 3523 5209 Aug.
3556 5148 3718 5209 Δπαρ--

2068 5194 2282 5281 terit-:16.
2318 5194 2497 5263 Pa'ulo
2549 5212 2702 5281 post.
2728 5225 2971 5281 omnes,
3003 5194 3189 5281 Ferri;2
3215 5220 3365 5281 mea.
3406 5194 3718 5281 55589656517

2065 5274 2236 5364 διέθει,
2299 5274 2565 5364 utraque:
2606 5276 3293 5364 lectionquadratzlbid.
3327 5274 3444 5331 Pal.
3498 5274 3720 5364 1,6}

2068 5345 2229 5425 Aug.
2275 5345 2471 5425 πᾷσαν”
2508 5348 2714 5407 οὐσίαν.
2754 5345 2901 5425 _lbid
2950 5348 3172 5420 ἀληθῶς
3207 5348 3268 5425 τὸ
3312 5366 3473 5425 φασξ.
3532 5345 3719 5425 Pa.ng

2064 5425 2121 5475 et
2138 5413 2297 5513 βας.
2332 5422 2487 5513 Infra
2516 5438 2722 5513 omnes
2753 5422 2958 5513 Felck.‘
2995 5413 3264 5513 nissum!
3288 5413 3534 5513 ρ’ὀιετέτιι.

2064 5490 2154 5568 καὶ
2212 5486 2311 5568 οῦκ
2368 5487 2531 5568 ἔστιν.
2585 5495 2774 5568 Iidem
2826 5494 2999 5568 paulo
3030 5497 3202 5568 post,
3248 5491 3341 5547 τὸν
3388 5486 3719 5568 ῌατέραηΕί

2067 5563 2163 5639 μὲν
2197 5561 2287 5639 οῦν
2336 5565 2427 5618 τὸν
2477 5563 2707 5639 Πατέρα.
2754 5559 2905 5620 Ἕᾶτι
2936 5562 2994 5621 δὲ
3019 5559 3146 5622 δ’Π.
3189 5559 3317 5621 Mox
3366 5559 3459 5617 οὖν
3487 5559 3721 5620 abesto.

2065 5634 2329 5694 Palatino
2360 5640 2395 5691 2
2423 5643 2481 5693 et
2507 5634 2874 5711 Augustano.
