4116 6410
239 430 393 491 11⁵79

1407 435 1471 493 S.
1521 433 2044 494 A'I‘HANASIUS.
2072 464 2145 475 —-
2178 434 2487 495 SPURIA.

3511 428 3663 490 1180

241 562 419 617 dicit:
455 561 747 634 siquidem
781 567 1083 621 ostensum
1115 570 1425 638 est,neque
1457 582 1568 621 non
1603 562 1890 638 genitum,

2018 562 2065 616 τὸ
2109 562 2302 631 ἑαυτῆς
2364 562 2563 617 οἰκεῖον
2615 561 2885 636 ἐπείγεται
2938 565 3081 615 πᾶσα
3139 559 3319 639 φύσις.
3376 561 3526 634 Ὀρθ.
3588 561 3658 614 Τὸ

241 667 431 723 neque
487 652 770 724 genitum,
831 671 961 709 esse
1014 656 1434 711 substantiam.
1485 656 1675 710 Anam.
1722 654 1778 707 Si
1837 654 1895 709 id

241 741 394 813 quod
426 744 514 796 est
545 758 658 797 non
690 743 974 812 genitum,
1006 744 1269 816 genitum
1312 749 1421 813 est,
1455 743 1593 814 quid
1628 743 1899 815 prohibet

241 830 584 902 quominus,
615 831 767 902 quod
802 831 1066 903 genitum
1102 838 1211 901 est,
1234 833 1409 888 fuerit
1441 849 1552 887 non
1582 832 1843 904 genitum
1869 833 1897 885 ’ἶ

241 919 447 975 Omnis
479 918 635 975 enim
686 923 896 975 natura
927 921 1124 993 potius
1175 923 1245 976 ad
1280 922 1357 989 id,
1411 922 1565 994 quod
1618 921 1728 993 ipsi
1765 938 1894 993 pro-

243 1008 434 1080 prium
469 1011 559 1063 est
590 1007 932 1079 impellitur,
955 1026 1130 1080 quam
1168 1011 1237 1066 ad
1267 1010 1324 1064 id
1357 1010 1511 1082 quod
1545 1013 1634 1065 est
1664 1010 1735 1065 ab
1767 1011 1897 1083 ipsa

243 1097 524 1152 alienum.
560 1096 691 1152 Ortli
759 1098 882 1153 Non
915 1097 1176 1171 genitum
1212 1116 1402 1171 neque
1446 1099 1671 1171 genuit,
1706 1116 1896 1171 neque

244 1185 504 1259 genitum
558 1191 670 1253 est,
704 1202 833 1240 cum
888 1203 1000 1241 non
1053 1186 1129 1241 sit
1176 1187 1552 1242 substantia:
1587 1188 1685 1243 sed
1725 1192 1893 1254 Deus,

242 1273 472 1329 etiamsi
503 1273 686 1330 Judaai
719 1279 909 1331 tecum
942 1275 1000 1330 id
1034 1275 1242 1344 nolint,
1267 1276 1468 1349 genuit
1502 1293 1514 1330 :
1549 1276 1639 1331 sin
1674 1277 1894 1344 minus,

244 1379 678 1435 supervacanea
726 1364 875 1419 foret
904 1364 1093 1420 Patris
1144 1365 1478 1437 appellatio.
1513 1365 1656 1420 Cum
1700 1370 1895 1420 autem

242 1450 438 1507 dixisti
473 1458 741 1507 naturam
788 1453 984 1524 potius
1018 1455 1087 1509 ad
1120 1456 1176 1509 id
1212 1454 1427 1526 urgeri,
1461 1456 1613 1527 quod
1647 1459 1737 1510 est
1784 1454 1898 1527 ipsi

241 1540 751 1613 proprium,simul
785 1542 1037 1598 docuisti
1068 1560 1180 1599 non
1201 1544 1464 1615 genitum
1500 1561 1616 1599 non
1652 1559 1779 1599 esse
1801 1562 1897 1599 na-

2008 650 2295 725 ἀγέννητον
2332 650 2454 705 οὕτε
2514 649 2809 726 ἐγέννησεν,
2861 645 2985 705 οὸτε
3034 647 3314 726 ἐγεννή6η’
3366 647 3521 703 οὐσία
3558 649 3660 725 γὰρ

2006 739 2105 794 οὐκ
2133 738 2295 795 ἔστιν·
2329 742 2358 795 6
2391 737 2449 794 δὲ
2504 740 2631 802 Θεὸς
2681 738 2947 816 ἐγέννησε,
2999 736 3095 794 κᾶν
3148 740 3222 811 μὴ
3271 737 3469 802 θέλωσι
3531 739 3665 812 μετὰ

2006 826 2102 884 σοῦ
2134 831 2244 904 (51)
2302 831 2358 885 οἱ
2413 827 2690 886 Ἰουδαῖοι·
2742 829 2787 884 εἰ
2846 827 2903 884 δὲ
2963 828 3062 884 οὐκ
3117 826 3386 904 ἐγέννησε,
3433 829 3661 903 περιττὴ

2005 921 2095 974 καὶ
2126 922 2160 988 ἡ
2190 919 2287 975 τοῦ
2321 920 2533 996 Πατρὸς
2561 918 2926 997 προσηγορία.
2959 919 3031 973 Τὸ
3062 915 3141 985 δὲ,
3177 915 3391 990 μᾶλλον
3420 918 3523 995 γὰρ
3574 916 3662 972 ἐπὶ

2006 1009 2066 1061 τὸ
2119 1008 2310 1078 ἑαυτῆς
2367 1008 2566 1063 οἰκεῖον
2628 1008 2894 1082 ἐπείγεται
2953 1012 3097 1061 πᾶσα
3165 1005 3345 1074 φύσις,
3401 1005 3663 1081 εἰρηκὼς,

2009 1095 2249 1169 ἐδίδαξας
2282 1100 2415 1173 (52),
2447 1098 2531 1153 ’ὁτι
2578 1098 2640 1153 οὐ
2670 1098 2733 1153 τὸ
2784 1096 3074 1174 ἆγέννητον
3120 1099 3155 1166 ἡ
3207 1094 3386 1175 φύσις·
3445 1096 3509 1150 τὸ
3556 1094 3663 1171 γὰρ

2007 1185 2356 1262 ἐπειγόμενον
2416 1185 2557 1242 ἄλλο
2616 1187 2751 1260 πρὸς
2811 1184 2951 1240 ἄλλο
2984 1184 3275 1260 ἐπείγεται,
3325 1183 3393 1241 Ei
3447 1181 3505 1238 δὲ
3536 1180 3659 1238 οὔτε

2004 1280 2106 1330 τοῦ
2137 1275 2339 1331 οἰκείου
2401 1275 2540 1331 ἐστὶν
2601 1277 2744 1345 Υἱὸς,
2804 1271 2928 1330 οὔτε
2982 1281 3082 1345 τῆς
3144 1274 3352 1352 φύσεως
3395 1272 3512 1329 εἰπὲ
3543 1278 3664 1335 τοῖς

2008 1362 2319 1428 Ἰουδαίοις·
2354 1362 2545 1428 δώσεις
2574 1367 2675 1442 γὰρ
2709 1364 2891 1427 αὐτοῖς
2923 1363 3231 1440 εὐαγγέλια·
3267 1363 3349 1418 ὅτι
3379 1363 3470 1418 τὸν
3526 1364 3666 1436 μήτε

2005 1453 2103 1510 τοῦ
2137 1454 2337 1510 οῗκείου
2368 1450 2496 1510 ὅντα
2532 1455 2654 1509 Υἱὸν
2711 1456 2851 1527 μήτε
2891 1462 2988 1524 τῆς
3038 1452 3248 1532 φύσεως
3298 1450 3663 1527 ἐσταύρωσαν,

2010 1542 2239 1620 λέγοντα
2268 1544 2458 1599 ἑαυτοῦ
2491 1541 2630 1598 ὅδιον
2659 1543 2871 1615 Πατέρα
2897 1544 2988 1597 τὸν
3022 1542 3173 1598 Θεόν.

240 1633 455 1685 turam.
489 1632 629 1684 Cum
664 1630 820 1685 enim
852 1631 1157 1703 quidpiam
1209 1637 1469 1704 urgetur,
1505 1632 1756 1688 alterum
1801 1633 1873 1688 ad
1907 1632 2155 1689 alterum
2210 1640 2471 1707 urgetur.
2507 1634 2668 1700 Quod
2723 1634 2769 1688 si
2805 1648 2995 1704 neque
3028 1633 3124 1687 'rei
3175 1629 3422 1704 propria
3473 1644 3666 1702 neque

244 1720 466 1774 naturae
496 1717 680 1773 Filius
709 1725 818 1786 est,
846 1719 955 1774 hoc
989 1720 1166 1775 dicito
1197 1721 1455 1787 Judaeis;
1489 1722 1696 1777 afferes
1729 1722 1885 1777 enim
1919 1722 2003 1777 eis
2037 1720 2260 1777 felicem
2294 1722 2576 1778 nuntium
2613 1739 2625 1777 :
2661 1721 2814 1793 quod
2845 1720 3113 1776 videlicet
3151 1735 3310 1783 eum,
3343 1718 3442 1789 qui
3478 1733 3669 1790 neque

242 1805 322 1861 rei
358 1806 602 1878 proprias
631 1823 822 1879 neque
855 1812 1078 1864 naturae
1112 1808 1293 1864 Filius
1324 1814 1468 1876 erat,
1502 1809 1935 1880 cruciﬁxeruut,
1969 1811 2250 1884 quoniam
2287 1816 2463 1867 Deum
2504 1812 2728 1865 Patrem
2760 1826 2890 1866 esse
2918 1826 3094 1865 suum
3127 1809 3377 1863 dicebat.

314 1896 402 1951 M.
442 1901 644 1952 Anam.
676 1898 977 1970 Siquidem
1012 1916 1127 1954 non
1160 1902 1322 1955 totns
1357 1904 1506 1955 Deus
1533 1903 1622 1956 est
1650 1917 1765 1957 non
1799 1916 1898 1971 ge-

2081 1902 2168 1958 14.
2201 1898 2392 1973 Ἀνόμ.
2425 1898 2489 1954 Εἰ
2522 1899 2599 1971 μὴ
2632 1897 2762 1960 ὅλος
2796 1899 2823 1953 6
2855 1897 2985 1959 Θεός
3014 1896 3155 1952 ἐστιν
3205 1895 3516 1972 ἆγέννητος,
3568 1892 3659 1949 οὐ-

242 1983 579 2056 nitus,nibil
602 1985 849 2057 impedit
869 1987 1186 2058 quominus
1206 1989 1475 2060 genuerit
1495 1988 1896 2045 substantiali-

242 2077 351 2131 ter.
386 2078 461 2128 At
491 2073 541 2128 si
589 2079 746 2130 totus
778 2083 867 2131 est
916 2092 1032 2131 non
1079 2076 1337 2148 genitus,
1373 2095 1485 2133 non
1538 2078 1761 2133 divisus
1810 2081 1900 2133 est

245 2162 716 2219 substantialiter
760 2164 833 2219 ad
864 2166 1285 2238 generandum,
1320 2168 1418 2222 sed
1463 2171 1749 2240 potestate
1793 2166 1895 2222 tri-

243 2252 374 2307 buit
401 2252 848 2308 subsistentiam
895 2254 1111 2327 genito.
1148 2254 1301 2311 Orth.
1334 2257 1393 2311 Si
1425 2259 1583 2312 totus
1628 2260 1781 2312 Deus
1812 2260 1901 2313 est

246 2342 502 2414 genitus,
535 2341 683 2397 nihil
734 2343 1026 2415 prohibet,
1079 2346 1397 2417 quominus
1445 2346 1712 2418 genuerit
1759 2347 1900 2401 sub-

245 2430 623 2488 stantialiter.
662 2434 733 2487 At
781 2431 983 2501 Filius,
1018 2437 1082 2488 ut
1108 2437 1170 2488 tu
1203 2435 1329 2507 ipse
1377 2435 1585 2501 sentis,
1617 2439 1778 2491 totus
1809 2440 1902 2491 est

246 2520 499 2593 genitus.
533 2520 636 2577 Dic
666 2522 866 2594 igitur,
901 2540 1075 2596 quem
1108 2523 1377 2595 genuerit
1407 2523 1899 2580 substantialiter.

247 2610 409 2674 Quod
442 2610 491 2666 si
524 2610 752 2666 nullum
805 2612 1013 2684 genuit
1057 2613 1548 2682 substantialiter,
1580 2617 1639 2669 et
1667 2614 1902 2686 genitus

247 2704 337 2755 est
361 2717 376 2768 ;
412 2716 530 2756 non
558 2700 742 2772 igitur
770 2701 1170 2773 consequitur,
1205 2702 1344 2775 quia
1372 2702 1606 2775 genitus
1637 2708 1744 2774 est,
1767 2720 1901 2759 eum

248 2803 527 2861 generare
574 2789 1060 2846 substantialiter.
1093 2794 1165 2846 At
1196 2791 1244 2846 si
1290 2791 1493 2858 Filius,
1528 2807 1591 2848 eo
1639 2793 1793 2865 quod
1826 2792 1903 2848 sit

253 2877 504 2950 genitus,
538 2895 653 2934 non
706 2879 932 2953 gignit;
967 2897 1039 2936 ne
1085 2881 1255 2937 Pater
1301 2880 1563 2953 quidem,
1596 2880 1739 2955 quia
1784 2900 1901 2938 non

250 2967 485 3041 genitus
513 2967 853 3041 est,gignit;
887 2970 1010 3040 sed,
1031 2970 1308 3042 quoniam
1347 2976 1494 3027 Deus
1525 2975 1633 3041 est,
1658 2971 1906 3044 ipsaque

251 3055 457 3130 gloria,
491 3055 864 3131 splendorem
892 3058 1089 3125 habet,
1123 3076 1257 3115 eum
1288 3060 1557 3117 videlicet
1599 3078 1772 3134 quem
1807 3077 1902 3134 ge-

253 3145 383 3202 nuit
413 3150 593 3202 Deum
622 3147 683 3202 in
717 3164 845 3203 sese
874 3148 1452 3205 subsistentem.Nisi
1484 3150 1640 3207 enim
1664 3167 1730 3206 ex
1761 3152 1904 3206 sub-

2009 1987 2095 2043 δέν
2128 1989 2240 2061 (53)
2271 1985 2474 2041 κωλύει
2504 1987 2565 2041 τὸ
2594 1987 2965 2062 γεγεννηκέναι
3001 1980 3304 2045 οὐσιωδῶς.
3341 1982 3403 2038 Εἰ
3448 1980 3506 2037 δὲ
3539 1980 3670 2044 ’ὀλος

2008 2075 2144 2132 ἐστῖν
2180 2077 2491 2151 ἀγέννητος,
2528 2075 2627 2130 οὐκ
2654 2072 2933 2136 οὐσιωδῶς
2966 2073 3042 2136 είς
3076 2072 3280 2149 γένεσιν
3316 2068 3499 2141 διέστη
3522 2072 3656 2144 (54),

2008 2164 2221 2240 ἐξουσίᾳ
2279 2162 2337 2219 δὲ
2391 2163 2655 2234 ὑπέστησε
2710 2162 2773 2218 τὸ
2829 2162 3092 2239 γέννημα.
3154 2161 3301 2237 Ὀρθ.
3362 2159 3483 2215 Ἐὰν
3526 2157 3659 2221 ὅλος

2006 2257 2122 2330 (55)
2152 2256 2180 2309 6
2220 2254 2351 2316 Θεὸς
2406 2253 2659 2330 γεννητὸς
2708 2253 2765 2325 ᾗ,
2825 2250 2979 2307 οὐδὲν
3029 2248 3232 2307 κωλύει
3283 2248 3660 2327 γεγεννηκέναι

2008 2344 2170 2399 αὐτὸν
2205 2339 2509 2404 οὐσιωδῶς·
2533 2340 2662 2403 ὅλος
2688 2339 2745 2396 δὲ
2764 2342 2792 2396 ὁ
2819 2341 2941 2403 Υἱὸς
2964 2340 3100 2396 κατὰ
3131 2339 3189 2394 σὶ
3207 2337 3466 2415 γεννητός
3496 2337 3659 2394 ἐστιν·

2009 2433 2127 2487 εἰπέ
2154 2430 2275 2487 τίνα
2332 2430 2603 2507 ἐγέννησεν
2655 2427 2956 2492 οὐσιωδῶς.
3004 2430 3066 2484 Εἰ
3110 2426 3168 2483 δὲ
3218 2427 3410 2484 οὐδένα
3440 2426 3664 2505 ἔγέννη-

2011 2542 2095 2578 σεν
2147 2518 2427 2583 οὐσιωδῶς
2488 2523 2622 2594 (56),
2678 2518 2767 2575 καὶ
2800 2516 3059 2595 γεννητός
3118 2516 3289 2572 ἐστιν’
3331 2517 3429 2573 οὐκ
3461 2518 3583 2592 ἄρα,
3619 2517 3667 2572 εἰ

2010 2610 2265 2690 γεννητός
2332 2610 2468 2685 ἐστι,
2522 2615 2684 2686 γεννᾷ
2739 2607 3042 2672 οὐσιωδῶς.
3077 2608 3139 2663 Εἰ
3187 2606 3264 2680 δῖε,
3298 2607 3382 2664 ὅτι
3406 2606 3666 2685 γεννητός

2011 2701 2152 2756 ἐστιν
2186 2702 2214 2756 6
2245 2700 2391 2771 Υἱὸς,
2434 2700 2496 2755 οὐ
2546 2705 2724 2775 γεννᾷ,
2777 2696 2903 2755 οὐδὲ
2950 2700 2978 2753 6
3031 2699 3240 2774 Πατήρ,
3273 2697 3319 2753 εἰ
3366 2696 3664 2773 ἀγέννητόν

2012 2789 2353 2867 ἐστι,γεννᾷ⁶
2405 2787 2553 2845 ἀλλὰ
2600 2789 2728 2851 Θεὸς
2789 2785 2886 2862 ὣν,
2943 2787 3033 2843 καὶ
3091 2784 3374 2859 αὐτοδόξα,
3433 2785 3668 2863 ἀπαύγα-

2012 2900 2124 2952 σμα
2154 2875 2269 2954 ἔχει
2321 2879 2564 2955 γέννημα
2609 2879 2722 2952 (57)
2753 2876 2879 2932 Θεὸν
2932 2875 3316 2932 ἐνυπόστατον.
3354 2875 3420 2933 Ei
3451 2877 3557 2952 γὰρ
3591 2877 3669 2949 μὴ

2014 2969 2073 3025 ἐκ
2098 2977 2198 3040 τῆς
2229 2969 2411 3032 οὐσίας
2469 2968 2770 3045 ἐγέννησεν,
2834 2964 2959 3023 οὐδὲ
3016 2969 3204 3044 Πατήρ
3264 2967 3376 3024 ἐστι
3421 2968 3541 3022 κατ’
3572 2966 3671 3023 οὐ·

2015 3058 2153 3114 σίαν.
2210 3058 2307 3114 Καὶ
2353 3056 2447 3113 ’ίνα
2491 3058 2545 3113 τί
2591 3056 2868 3134 βαπτίζεις
2895 3056 2973 3119 εἰς
3001 3055 3249 3130 τοῦνομα
3306 3060 3402 3111 τοῦ
3436 3062 3671 3132 Πατρος,

2014 3146 2111 3204 τοῦ
2148 3149 2223 3223 μὴ
2253 3149 2371 3204 κατ’
2402 3145 2585 3203 οὐσίαν
2620 3147 2866 3221 Πατρός;
2898 3148 3163 3217 Γεννήσας
3196 3143 3255 3201 δὲ
3312 3144 3371 3201 ἐκ
3423 3152 3523 3215 τῆς
3581 3145 3672 3200 οὐ-

253 3234 471 3291 stantia
502 3236 910 3309 genuerit,non
944 3242 1033 3294 est
1064 3238 1232 3294 Pater
1260 3241 1588 3297 secundum
1621 3241 1903 3297 substan-

2023 3238 2163 3306 σίας,
2221 3237 2288 3292 οὐ
2347 3234 2528 3308 διέστη
2592 3236 2667 3299 ὡς
2720 3234 2997 3310 ἐνόμισας·
3033 3235 3096 3290 o6
3127 3235 3231 3310 γὰρ
3275 3233 3435 3308 σῶμά
3462 3234 3603 3290 ἐστιν
3636 3235 3672 3304 ἡ

253 3325 421 3381 tiam.
456 3326 522 3381 Et
572 3343 854 3397 quorsum
886 3327 1150 3399 baptizas
1197 3329 1255 3384 in
1290 3328 1526 3386 nomine
1572 3329 1777 3403 Patris,
1811 3330 1907 3401 qui

254 3431 371 3470 non
427 3413 507 3470 sit
549 3417 874 3471 secundum
926 3417 1322 3475 substantiam
1376 3419 1592 3475 Pater?
1622 3419 1906 3476 Caeterum

254 3506 503 3580 gignens
533 3523 600 3563 ex
631 3523 741 3562 sua
771 3507 1105 3564 substantia
1136 3508 1446 3579 Pater,non
1480 3509 1703 3566 divisus
1736 3515 1822 3566 est
1845 3514 1911 3566 ut

256 3596 462 3662 sentis,
498 3595 780 3668 quoniam
838 3613 907 3653 ea
963 3598 1294 3653 substantia
1353 3616 1467 3654 non
1527 3603 1616 3655 est
1672 3615 1906 3672 corpus.

257 3685 451 3740 Anam.
486 3684 547 3741 Si
577 3684 733 3741 Deus
763 3701 879 3741 non
911 3687 1148 3758 genitus
1199 3692 1290 3743 est
1319 3691 1477 3743 totus
1508 3690 1823 3761 generandi
1856 3689 1911 3745 vi

258 3773 562 3847 praeditus,
594 3773 651 3829 id
685 3775 837 3846 quod
869 3774 1131 3849 genitum
1164 3780 1253 3833 est
1284 3793 1397 3832 non
1433 3782 1521 3833 cst
1550 3778 1910 3835 substantia-

258 3863 393 3919 liter
422 3863 711 3936 genitum,
746 3882 878 3919 cum
911 3869 1037 3920 tota
1065 3864 1226 3922 illius
1273 3866 1605 3923 substantia
1636 3884 1762 3922 eam
1793 3868 1911 3923 vim

261 3951 493 4021 habeat,
530 3969 644 4025 qua
674 3953 898 4026 gignat,
933 3970 1048 4010 non
1081 3959 1279 4011 autem
1311 3972 1428 4028 qua
1456 3956 1911 4030 gignatur.0rth.

264 4043 347 4097 Ex
375 4046 475 4096 tua
524 4042 832 4115 sapientia,
866 4042 916 4099 si
964 4044 1237 4114 gignendi
1283 4045 1333 4099 vi
1384 4046 1629 4117 praedita
1674 4051 1765 4102 est
1818 4046 1916 4103 lux

265 4130 562 4199 universa,
593 4148 704 4186 non
757 4132 944 4206 gignit
975 4132 1346 4206 splendorem
1381 4152 1448 4190 ex
1495 4152 1602 4191 sua
1634 4136 1915 4206 essentia,

264 4220 364 4276 sed
398 4221 761 4277 extrinsecus
813 4221 1007 4294 ipsum
1055 4222 1281 4296 recipit,
1314 4224 1591 4296 quoniam
1646 4229 1768 4281 tota
1796 4226 1914 4281 vim

2022 3327 2195 3383 οὐσία.
2232 3326 2424 3401 Ἀνόμ.
2555 3323 2687 3388 ’ὁλος
2867 3324 2978 3379 ἐστὶ
3006 3325 3316 3401 γεννητικὸς
3368 3324 3397 3378 6
3445 3323 3677 3399 ἀγέννη-

2014 3437 2108 3478 τος
2137 3417 2287 3484 Θεὸς,
2321 3416 2421 3471 οὐκ
2449 3410 2730 3476 οὐσιωδῶς
2769 3412 2832 3468 τὸ
2878 3413 3134 3487 γεννηθὲν
3194 3411 3485 3488 ἐγεννήθη,
3536 3410 3675 3483 ὅλης

2018 3504 2260 3582 ἐχούσης
2306 3511 2406 3575 τῆς
2447 3502 2630 3565 οὐσίας
2661 3502 2826 3557 αὐτοῦ
2854 3522 2916 3557 το
2948 3505 3157 3577 γεννᾷν,
3192 3498 3321 3555 ἀλλ’
3351 3500 3414 3555 οὐ
3451 3501 3515 3555 τὸ
3562 3521 3677 3577 γεν-

2018 3597 2225 3652 νᾶσθαι.
2256 3597 2412 3670 Ὀρθ.
2448 3593 2592 3649 Κατὰ
2618 3593 2717 3662 τήν
2750 3592 2848 3661 σὴν
2882 3591 3095 3671 σοφίαν,
3145 3588 3191 3646 εί
3224 3588 3357 3646 ὅλον
3396 3589 3506 3645 ἐστὶ
3553 3610 3676 3666 γεν-

2019 3684 2237 3755 νητικὸν
2269 3684 2333 3739 τὸ
2363 3687 2501 3761 φῶς,
2534 3682 2633 3738 οὐκ
2679 3678 2959 3743 οὐσιωδῶς
3016 3680 3080 3736 τὸ
3134 3678 3461 3757 ἀπαύγασμα
3490 3684 3673 3756 γεννᾷ,

2020 3773 2149 3831 ἀλλ’
2181 3770 2370 3845 ἔξωθεν
2406 3776 2517 3849 (59)
2569 3772 2700 3827 αὐτὸ
2748 3766 3183 3848 προσλαμϐάνει.
3237 3768 3376 3842 ὅλης
3432 3770 3673 3847 ἐχούσης

2018 3871 2119 3936 τῆς
2151 3863 2333 3924 οὐσίας
2366 3862 2530 3917 αὐτοῦ
2557 3862 2620 3917 τὸ
2650 3866 2863 3937 γεννᾷν,
2896 3860 3022 3918 ἀλλ’
3054 3860 3116 3916 οὐ
3158 3861 3222 3915 τὸ
3272 3866 3577 3936 γεννᾶσθαν
3628 3858 3678 3914 εἷ’

2024 3955 2082 4014 δὲ
2112 3956 2174 4012 οὐ
2199 3949 2610 4031 προσλαμϐάνει
2638 3953 2702 4009 τὸ
2732 3957 2847 4029 φῶς
2878 3951 3068 4025 ἔξωθεν
3095 3953 3158 4008 τὸ
3189 3954 3520 4029 ἀπαύγασμα
3550 3949 3676 4007 ἀλλ’

2024 4045 2084 4102 ἐκ
2112 4052 2212 4116 τῆς
2271 4043 2453 4107 οὐσίας
2514 4043 2644 4099 αὐτὸ
2690 4047 2871 4117 γεννᾷ*
2918 4039 3045 4097 οὐδὲ
3092 4042 3120 4095 6
3168 4041 3295 4103 Θεὸς
3345 4040 3675 4110 ἐπεκτήσατο

2025 4133 2215 4206 ἔξωθεν
2248 4135 2394 4206 Υἱὸν,
2425 4132 2552 4189 ἀλλ’
2584 4133 2644 4188 ἐκ
2669 4138 2771 4203 τῆς
2804 4130 2988 4194 οὐσίας
3043 4132 3303 4208 γεννήσας
3352 4132 3488 4204 (60),
3541 4128 3674 4201 ἀμέ-

2030 4243 2213 4299 ριστος
2258 4223 2426 4298 μένει·
2460 4222 2750 4295 ἀσώματος
2784 4221 2911 4298 γάρ.

268 4310 445 4365 habet
477 4327 593 4383 qua
622 4311 844 4383 gignat,
877 4329 992 4367 non
1025 4318 1219 4369 autem
1271 4331 1388 4387 qua
1420 4315 1695 4388 gignatur
1727 4333 1740 4371 :
1775 4316 1865 4372 sin
1897 4333 2031 4373 vero
2082 4316 2181 4372 lux
2230 4332 2343 4371 non
2391 4314 2596 4386 recipit
2641 4312 3005 4370 extrinsecus
3050 4310 3446 4385 splendorem,
3480 4310 3581 4366 sed
3615 4325 3684 4364 ex

267 4416 375 4455 sua
403 4399 736 4456 substantia
766 4400 929 4456 illum
962 4402 1190 4475 gignit;
1222 4403 1377 4459 Deus
1408 4421 1636 4477 quoque
1683 4422 1799 4461 non
1833 4404 2071 4462 aliunde
2119 4404 2430 4477 acquisivit
2459 4402 2694 4472 Filium,
2727 4402 2827 4457 sed
2862 4417 2928 4457 eo
2957 4417 3028 4457 ex
3057 4418 3166 4457 sua
3212 4400 3548 4457 substantia
3577 4414 3683 4472 ge-

269 4490 415 4554 nito,
447 4488 788 4545 individuus
820 4495 1040 4558 manet,
1073 4491 1349 4564 quoniam
1378 4498 1468 4549 est
1495 4493 1896 4567 incorporeus.

340 4578 494 4634 482
527 4579 613 4632 15.
647 4579 835 4636 Anam.
870 4579 925 4634 Si
974 4595 1110 4635 vero
1150 4581 1540 4637 substantiam
1579 4582 1679 4638 Dei
1727 4588 1905 4637 trans-

2108 4581 2188 4636 15.
2226 4578 2418 4651 Ἄνόμ.
2477 4577 2543 4635 Ei
2601 4574 2660 4632 δὲ
2722 4579 3261 4654 μετασχηματιθεῖσα
3317 4579 3352 4646 ἡ
3403 4575 3558 4631 οὐσία
3586 4579 3683 4631 τοῦ

267 4667 577 4723 formatam
611 4667 877 4723 dicamus
908 4685 1037 4724 esse
1062 4668 1117 4723 id
1152 4670 1305 4740 quod
1339 4670 1603 4743 genitum
1635 4675 1747 4737 est,
1780 4671 1920 4727 sub-

270 4757 488 4811 stantia
519 4754 616 4811 Dei
650 4773 765 4812 non
797 4761 886 4812 est
916 4757 1477 4828 immutabilis,cum
1511 4760 1756 4816 mutatio
1787 4777 1917 4832 pro-

268 4843 394 4917 prie
444 4844 653 4900 Filium
686 4844 1038 4903 formaverit.
1075 4847 1229 4905 Orth.
1279 4848 1337 4905 Si
1387 4849 1487 4905 lux
1536 4851 1920 4906 transforma-

342 4970 457 5115 (51)
486 4969 668 5025 [idem
703 4971 779 5043 μή
817 4969 1017 5044 λέγωσι
1051 4973 1186 5044 μετὰ
1212 4976 1326 5029 σοῦ.

342 5045 436 5115 (52
489 5042 692 5112 Iidem,
753 5040 977 5113 ἔδειξας.
1032 5046 1187 5101 Infra
1237 5047 1326 5101 iidt

342 5040 457 5114 (52)
489 5040 712 5112 Iidem,
753 5040 977 5113 ἔδειξας.
1032 5040 1187 5101 Infra
1237 5047 1439 5114 iidem,
1489 5046 1693 5101 οἰγείου
1720 5044 1860 5101 ἐστὶν
1894 5047 1922 5101 ὁ

270 5114 454 5262 ὴίῖξέδ)
484 5183 666 5262 Palat.
702 5189 752 5254 1,
784 5189 819 5241 2
845 5194 907 5262 et
941 5193 1089 5262 Alig-
1125 5185 1191 5262 Ὲὶῖ
1227 5187 1320 5260 μὲν
1357 5182 1488 5250 ὅλος
1516 5186 1684 5262 (ωως
1718 5190 1833 5262 Μ’
1871 5192 1924 5262 1)

272 5260 300 5313 6
332 5254 460 5334 Θεὸς
491 5254 605 5334 ἐστι
627 5259 897 5334 ’γεννητὸς
929 5254 1104 5334 οὐδέν·
1141 5254 1330 5334 Ρθίριί,
1355 5254 1584 5334 autem,
1628 5262 1694 5314 Et
1746 5260 1840 5334 μὶν
1894 5254 1922 5316 6

271 5328 510 5406 Λόγος
704 5329 815 5385 ἐστι
847 5331 1130 5406 γεννητὸς,
1164 5328 1281 5388 οὐδ.
1316 5333 1446 5389 Mox
1493 5328 1698 5391 omnes
1729 5328 1918 5391 Felck.

272 5399 415 5460 mss.
452 5401 515 5454 Ei
549 5399 608 5455 δὲ
636 5400 802 5464 ὅλως.

342 5473 456 5547 (54)
486 5473 605 5528 Pal.
668 5476 702 5529 2
751 5480 808 5529 et
852 5476 996 5546 Aug.
1060 5473 1283 5543 ὑπέστη.
1329 5479 1453 5531 Mox
1517 5476 1629 5531 Pnl.
1692 5478 1737 5533 1.
1800 5475 1922 5532 Ἐὰν

272 5541 418 5605 ὅλως
452 5544 638 5621 ὁ-Θεὸς
677 5546 934 5620 γεννητὸς
993 5546 1059 5599 εί.
1113 5547 1260 5602 Fclc.
1309 5547 1427 5600 Ἐὰν
1462 5548 1489 5600 6
1522 5546 1691 5621 Λόγος
1725 5549 1752 5601 6
1793 5549 1923 5609 Θεὸς

271 5614 778 5815 ἓδέή
804 5691 954 5763 Aug.
986 5686 1050 5742 Εἰ
1084 5685 1217 5750 ὅλος
1248 5685 1307 5744 δέ
1340 5690 1456 5746 Pal.
1493 5694 1518 5748 1
1550 5689 1610 5745 Εἰ
1645 5688 1792 5753 ὅλως
1845 5688 1924 5747 δέ.

317 5775 347 5815 e
373 5775 403 5815 ο
453 5799 464 5811 .
571 5777 646 5815 ως
740 5803 752 5814 .

317 5775 464 5815 ΘΙΟΚ-
498 5775 646 5819 ΟΛως
675 5775 752 5814 οε.

2030 4673 2164 4724 Θεοῦ
2198 4670 2435 4744 γέννημα
2465 4666 2702 4742 λέγεται,
2736 4667 2835 4722 οὐκ
2885 4661 3265 4741 ἀμετάϐλητος
3296 4669 3331 4737 ἡ
3377 4664 3539 4721 οὐσία
3588 4664 3682 4720 αὐ-

2028 4762 2130 4813 τοῦ
2159 4765 2260 4829 τῆς
2296 4753 2608 4832 μεταϐολῆς
2648 4757 3022 4833 ἐργασαμένης
3069 4757 3169 4825 τὴν
3195 4760 3297 4811 τοῦ
3353 4755 3483 4811 Υἱοῢ
3542 4751 3683 4810 ἰδιο-

2029 4848 2247 4921 ποίησιν
2301 4852 2436 4922 (61).
2489 4850 2638 4926 Ὀρθ,
2680 4847 2752 4907 Ei
2799 4845 3422 4924 μετασχηματισάμενον
3463 4845 3528 4902 τὸ
3573 4849 3685 4923 φῶς

2101 4976 2215 5048 (56)
2250 4975 2363 5048 Pal.
2398 4978 2519 5048 1,2
2549 4983 2606 5031 et
2632 4978 2778 5046 Aug.
2813 4972 3089 5048 ἐγέννησεν
3122 4973 3151 5026 ὁ
3200 4972 3323 5048 Υἱὸς
3371 4970 3488 5048 οὐσ.
3518 4973 3681 5048 ’1ὺίάέ

2037 5041 2228 5104 [δάιοιέο
2290 5044 2569 5102 οὐσιωόὦς
2628 5041 2885 5119 γεννητός
2936 5041 3076 5098 ἐστιν
3128 5045 3241 5100 Pal.
3279 5047 3302 5100 1
3338 5041 3619 5104 οὐσιωδῶς
3650 5042 3687 5116 ᾖ

2037 5117 2297 5174 γεννητός
2330 5119 2493 5174 ἐστιν.
2529 5118 2645 5173 Pal.
2676 5119 2711 5171 2
2759 5123 2814 5173 et
2872 5120 3020 5174 Ausr.
3075 5112 3361 5174 οὐσιωδῶς
3422 5114 3680 5174 γεννητὸς

2076 5117 2297 5188 εννητός
2330 5119 2493 5174 ἐστιν.
2529 5117 2711 5173 Ρα1ξ2
2759 5123 2814 5173 et
2872 5120 3020 5188 Aug.
3075 5117 3361 5176 οὐσιωδῶς
3422 5117 3680 5189 γεννητὸς

2035 5138 2133 5261 ἓν,
2167 5190 2267 5244 οὐκ
2287 5186 2388 5265 ἄρα
2416 5191 2452 5266 ᾖ
2480 5187 2734 5315 γενντγτός
2780 5187 2888 5242 ἐστι
2934 5192 3093 5262 γεννᾷ
3150 5185 3451 5247 οὐσιωδῶς.
3512 5185 3578 5241 Ei.
3626 5182 3684 5238 δὲ

2035 5262 2137 5315 οὐγ
2171 5261 2208 5315 ἦ
2243 5283 2460 5315 γενν....
2493 5262 2529 5315 ’ἦ
2556 5260 2623 5315 ἀγ
2650 5258 2845 5315 ννητός
2878 5259 3008 5314 ἐστι.

2035 5258 2208 5389 οὐγΕῇ
2243 5258 2460 5334 γεννηξ.
2556 5258 2845 5334 ἀγέννητός
2878 5258 3008 5314 ἐστι.
3511 5330 3542 5341 η

2104 5337 2121 5389 (
2163 5337 2221 5389 7)
2249 5335 2500 5389 Γέννημα
2529 5335 2698 5389 abest
2727 5350 2761 5387 a
2789 5331 2973 5388 Palat.
3005 5332 3040 5385 2
3069 5336 3124 5386 et
3142 5338 3285 5389 Aug.
3322 5332 3480 5386 Infra
3507 5347 3542 5386 ιι

2104 5330 2221 5406 (57)
2249 5330 2415 5406 Γέννη
2427 5330 2510 5406 μα’
2529 5330 2698 5406 abest
2727 5350 2761 5387 a
2789 5331 2973 5388 Palat.
3005 5332 3040 5385 2
3069 5336 3124 5386 et
3142 5338 3285 5403 Aug.
3322 5332 3480 5386 Infra
3507 5330 3686 5387 iidem

2027 5398 2212 5483 τινάείῑ
2239 5398 2577 5483 amittes
2610 5398 2800 5483 ξίνρμει.

2239 5470 2501 5553 ’1³θίοςθὶ
2527 5470 2718 5553 Palat.
2742 5480 2778 5531 2
2805 5473 2871 5530 Εἰ
2904 5470 3107 5553 ’ὀλωςζ-

2126 5541 2217 5619 59)
2251 5551 2345 5606 Sic
2375 5549 2494 5605 Pal.
2526 5552 2561 5602 2
2594 5552 2651 5603 et
2678 5550 2824 5619 Aug.
2859 5553 3034 5619 recte.
3067 5543 3241 5614 Editi,
3274 5541 3401 5598 ἀλλ’
3433 5541 3484 5613 ἐξ
3518 5544 3616 5599 ὼν.

2249 5623 2517 5691 Γεννήσας
2552 5621 2718 5676 abest
2748 5617 2796 5691 8:
2813 5617 2991 5691 Palat.

2127 5627 2199 5676 60
2249 5627 2517 5691 Γεννήσας
2552 5627 2718 5676 abest
2748 5637 2782 5674 8.
2813 5627 2991 5675 Palat.
3026 5627 3077 5672 1.

2127 5627 2219 5766 61)
2250 5694 2366 5750 Pal.
2406 5697 2429 5749 1
2463 5698 2523 5750 et
2551 5693 2701 5766 Aug.
2736 5690 2834 5750 Sic
2863 5695 2921 5747 et
2951 5689 3124 5757 infra,
3157 5682 3527 5757 εἷδοποίησιν.

2105 5551 2122 5764 ἑ
