4116 6384
402 428 553 491 1181

1375 430 1470 488 DE
1517 427 1822 488 SANCTA
1864 426 2292 485 TlthI'l‘A'l‘E
2336 425 2728 486 DIALOGUS
2774 427 2848 486 Il.

3665 426 3819 484 “82

394 559 726 635 ἀπαύγασμα
786 560 1010 636 γίνεται,
1062 559 1161 614 οὐκ
1219 553 1598 631 ἀμετάϐλητον
1644 558 1705 612 τὸ
1767 561 1897 635 εθὼς,
1947 563 2038 625 τῆς

2160 555 2316 611 tione
2347 557 2410 610 ﬁt
2439 555 2736 628 splendor,
2765 558 2863 613 lux
2891 576 3004 613 non
3038 559 3147 614 erit
3196 558 3540 615 mutationis
3589 574 3816 630 expers,

400 644 712 723 μεταϐολῆς
747 649 1119 723 ἐργασαμένης
1159 650 1258 716 τήν
1305 653 1400 702 τοῦ
1449 646 1865 721 ἁπαυγάσματος
1913 643 2050 699 ἰδιο-

393 739 642 809 ποίησινθ
677 739 724 793 εἴ
752 737 808 792 δὲ
840 738 901 792 οὐ
938 734 1273 810 μεταϐληθὲν
1319 738 1380 792 τὸ
1431 742 1542 814 φῶς
1591 737 1912 812 ἀπαύγασμα
1959 737 2046 810 γέ-

395 851 576 904 γονεν,
609 825 754 883 ἀλλὰ
800 828 889 882 καὶ
936 828 998 882 τὸ
1049 831 1163 905 φῶς
1216 828 1360 899 μένει
1404 831 1541 902 φῶς,
1573 826 1661 879 καὶ
1693 825 2047 900 ἀπαυγασμα-

395 918 492 979 τός
549 916 692 971 ἐστιν
748 914 939 971 αἶίτιον·
973 916 1061 969 καὶ
1121 916 1147 967 6
1200 915 1328 976 Θεὸς
1382 915 1525 988 μένει
1577 915 1725 984 Θεὸς,
1757 914 1846 968 καὶ
1878 916 2047 968 ἁπαυο

391 1005 675 1082 γάσματός
711 1005 850 1059 ἐστιν
887 1003 1029 1058 ἰδίου
1063 1005 1268 1080 Πατὴρ,
1301 1003 1398 1058 οὐκ
1428 1001 1618 1074 ἔξωθεν
1650 1002 1779 1057 αὐτὸ
1811 1000 2048 1079 προσλα-

391 1092 531 1163 ϐὼν,
566 1093 689 1150 ἀλλ’
723 1094 781 1149 ἐκ
809 1101 909 1164 τῆς
943 1093 1128 1155 οὐσίας
1179 1093 1308 1147 αὐτὸ
1343 1096 1453 1166 (62)
1485 1095 1766 1166 γεννήσας·
1817 1090 1901 1146 διὸ
1957 1093 2047 1146 καὶ

389 1185 615 1254 ἀληθῶς
648 1183 759 1238 ἐστι
794 1185 998 1258 Πατήρ.
1034 1177 1222 1254 Ἀνὸμ.
1256 1182 1318 1238 Εἴ
1353 1180 1409 1236 δὲ
1457 1180 1539 1250 εἷ”η
1591 1182 1679 1235 καὶ
1730 1176 2044 1253 ἀμετάϐλη-

385 1295 482 1335 τος
511 1274 599 1328 καὶ
631 1273 888 1349 γενέσεως
919 1271 1175 1348 κρείττων
1205 1273 1238 1340 ἡ
1273 1271 1428 1325 οὐσία
1475 1275 1571 1325 τοῦ
1613 1275 1765 1338 Θεοῦ,
1798 1272 1865 1324 τα
1912 1270 2046 1325 κατὰ

387 1363 480 1418 τὸν
508 1363 628 1416 Υίὸν
663 1359 769 1423 ἕως
800 1360 970 1434 ψιλῆς
1004 1360 1374 1436 προσηγορίας
1405 1360 1878 1435 ὁμολογηθήσεται
1913 1362 2042 1431 (63).

391 1452 536 1527 Ὀρθ.
573 1451 633 1505 Εἰ
682 1447 852 1524 ᾕδεις,
899 1449 981 1504 ὅτι
1026 1452 1060 1518 ἡ
1107 1449 1310 1522 γένεσις
1373 1449 1472 1504 οὐκ
1524 1448 1663 1502 ἔστιν
1714 1448 1888 1516 οὐσία,
1933 1448 2042 1524 ἐγί-

393 1560 618 1606 νωσκες,
651 1539 734 1593 δτι
766 1539 855 1592 καὶ
887 1539 915 1592 6
947 1538 1069 1600 Υἱὸς
1100 1539 1188 1592 καὶ
1222 1544 1364 1592 πᾶσα
1398 1537 1541 1608 ἄλλη
1595 1537 1747 1592 οὐσία
1789 1537 2045 1612 γενὲσεώς

392 1628 504 1683 ἐστι
561 1629 818 1703 κρείττων
852 1629 984 1701 (64).
1019 1627 1080 1683 Ei
1138 1628 1238 1703 γὰρ
1293 1631 1328 1697 ὴ
1387 1627 1592 1703 γένεσις
1646 1627 1822 1697 οὐσία,
1873 1626 2044 1680 πάντα

387 1717 457 1773 τὰ
486 1719 718 1792 γεννητὰ
747 1717 1037 1789 ὁμου-ὅσια.
1073 1716 1182 1770 Οὐκ
1213 1718 1312 1790 ἄρα
1343 1720 1376 1786 ἡ
1409 1717 1610 1792 γὲνεσις
1663 1715 1834 1772 οὐσία.
1873 1715 1940 1772 Εί
1987 1714 2044 1770 δὲ

390 1806 493 1862 οὐκ
521 1803 661 1861 ἔστιν
695 1809 730 1875 ἡ
763 1807 972 1881 γένεσις
1002 1805 1178 1874 οὐσία,
1203 1804 1326 1861 οὐδὲ
1356 1805 1614 1882 κρείττων
1644 1805 1784 1860 ἐστὶν
1833 1804 2040 1866 οὐσίας.

389 1897 452 1953 Εἰ
509 1896 610 1973 γὰρ
670 1896 928 1972 κρείττων
987 1894 1126 1950 ἐστὶν
1188 1895 1370 1957 οὐσίας
1401 1899 1434 1965 ἡ
1468 1897 1697 1970 γένεσις,
1731 1893 1875 1948 ἔσται
1905 1895 2040 1949 κατὰ
2079 1936 2122 2000 B

430 1987 443 2000 ς
591 1987 604 2000 .
810 1985 821 2000 .
1013 1985 1025 2000 ι
1143 1990 1168 1999 η.
1321 1989 1347 1998 υ
1488 1985 1498 2000 ,
1705 1983 1760 2000 ,η
1799 1981 1842 2000 μ
1947 1989 1972 1997 -

382 1987 484 2054 τήν
545 1987 644 2053 σὴν
697 1985 884 2062 σοφίαν
938 1985 1028 2038 καὶ
1077 1990 1172 2039 τοῦ
1224 1986 1351 2038 Υίοῦ
1382 1985 1664 2060 κρείττων.
1705 1983 1763 2039 Εἰ
1796 1981 1852 2039 δὲ
1881 1989 2041 2037 τοῦτο

384 2075 612 2144 ἄτοπον,
662 2071 832 2144 δῆλον
883 2072 966 2127 ὅτι
1012 2075 1047 2142 ἡ
1101 2073 1253 2128 οὐσία
1299 2074 1557 2145 κρείττων
1609 2073 1716 2128 ἐστῖ
1762 2072 2042 2149 γενέσεως.

383 2161 556 2221 Οὐδὲν
607 2164 708 2240 ἄρα
774 2163 914 2238 μέγα
973 2162 1060 2217 ἐπὶ
1117 2167 1214 2216 τοῦ
1276 2164 1486 2237 ΙΙατρὸς
1527 2165 1634 2236 (65)
1687 2158 1964 2235 ἐνὸμισας,
1998 2162 2046 2216 εἷ’

384 2252 648 2327 κρείττων
680 2251 790 2306 ἐστῖ
821 2251 1099 2327 γενέσεως.
1133 2254 1258 2314 Πῶς
1295 2249 1351 2306 δὲ
1388 2252 1499 2317 καὶ,
1533 2252 1606 2313 ε’ς
1658 2249 1827 2324 ψιλὴν
1880 2271 2044 2324 προσ-

388 2341 615 2416 ηγορίαν
673 2342 1006 2416 βαπτισθεὶς,
1057 2340 1300 2413 νομίζεις
1356 2339 1501 2416 ἔχειν
1553 2339 1786 2418 ἀσφαλὲς
1830 2340 1892 2394 τὸ
1942 2342 2042 2416 βά-

390 2451 638 2502 πτισμας
673 2429 817 2505 Οὐχῖ
865 2430 922 2484 et
969 2430 1058 2484 καὶ
1109 2430 1238 2485 αὐτὸ
1269 2428 1319 2483 ἐν
1362 2429 1501 2503 ψιλῇ
1553 2429 1896 2505 προσηγορίᾳ
1928 2431 2040 2501 (66)

388 2518 647 2590 κὲκτησαι
675 2539 688 2587 ;
718 2519 783 2576 Εἰ
815 2518 917 2594 γὰρ
955 2519 1020 2574 τὸ
1067 2521 1192 2582 Υἱὸς
1245 2517 1382 2593 ψιλὴ
1436 2519 1778 2594 προσηγορία
1835 2518 1922 2572 καὶ
1978 2519 2040 2572 τὸ

395 2609 600 2680 Πατὴρ,
635 2609 708 2670 εἷς
764 2609 827 2662 τὸ
875 2605 1050 2681 ὄνομα
1097 2607 1192 2662 τοῦ
1239 2611 1446 2680 [ἰατρὸς
1495 2608 1586 2662 καὶ
1631 2613 1729 2662 τοῦ
1777 2608 1904 2662 Υὶοῦ
1940 2608 2038 2682 βα-

389 2699 657 2766 πτισθεὶς,
693 2697 766 2760 είς
800 2695 970 2771 ψιλήν
999 2697 1368 2773 προσηγορίαν
1402 2692 1752 2766 ἐϐαπτίσθηφ

2161 646 2298 718 quia
2347 646 2532 717 ipsius
2586 648 2830 702 mutatio
2864 649 3231 719 splendorem
3265 649 3478 703 efﬁciet
3510 665 3523 702 :
3560 648 3650 702 sin
3682 665 3814 702 vero

2161 734 2323 790 nulla
2357 735 2501 790 lucis
2535 738 2856 791 mutatione
2888 737 2951 791 fit
2977 737 3268 809 splendor,
3303 739 3401 792 sed
3464 738 3563 792 lux
3619 743 3816 792 manet

2160 823 2278 889 lux,
2340 831 2394 879 et
2441 829 2531 880 est
2563 825 2893 896 splendoris
2925 843 3138 893 causa;
3175 828 3328 882 Deus
3359 843 3592 898 quoque
3623 835 3812 880 manet

2159 913 2334 980 Deus,
2365 919 2421 968 et
2452 920 2541 970 est
2565 915 2654 969 sui
2687 915 3016 987 splendoris
3053 917 3235 981 Pater,
3296 933 3410 970 non
3465 916 3615 987 quod
3675 933 3809 972 eum

2157 1005 2517 1059 extrinsecus
2577 1005 2884 1076 acceperit,
2946 1006 3047 1060 sed
3109 1004 3385 1076 quoniam
3439 1022 3505 1060 ex
3533 1022 3640 1060 sua
3671 1006 3812 1060 sub-

2158 1093 2376 1147 stantia
2408 1110 2538 1148 eum
2591 1094 2838 1164 genuit:
2874 1095 3254 1163 quamobrem
3306 1094 3477 1148 etiam
3539 1111 3667 1149 vere
3724 1101 3812 1149 est

2156 1185 2341 1236 Pater.
2407 1183 2599 1237 Anam.
2653 1182 2712 1237 Si
2747 1183 3079 1238 substantia
3106 1183 3206 1238 Dei
3231 1189 3390 1239 esset
3419 1183 3807 1238 immutabilis

2156 1275 2212 1325 et
2243 1273 2614 1343 generatione
2655 1272 2940 1344 superior,
3004 1272 3168 1327 fateri
3227 1277 3520 1343 oporteret
3574 1273 3810 1328 nomine

2154 1365 2326 1414 tenus
2383 1378 2511 1416 esse
2569 1361 2798 1416 Filium.
2859 1362 3006 1417 Orth.
3055 1362 3106 1416 Si
3143 1378 3347 1417 nosses
3377 1363 3810 1434 generationem

2157 1466 2270 1504 non
2304 1467 2431 1505 esse
2463 1451 2881 1520 substantiam,
2915 1468 3119 1506 nosses
3164 1455 3220 1505 et
3267 1451 3433 1518 illud,
3488 1450 3695 1505 Filium
3755 1455 3811 1505 et

2156 1540 2424 1610 quamvis
2456 1539 2630 1594 aliam
2665 1540 3081 1606 substantiam,
3109 1556 3237 1595 esse
3269 1540 3550 1611 quiddam
3577 1555 3812 1610 genera-

2154 1627 2314 1682 tione
2347 1629 2982 1700 przestantius.Nam,si
3017 1629 3308 1698 generatio
3336 1635 3423 1684 est
3454 1629 3809 1697 substantia,

2154 1717 2345 1789 genita
2379 1720 2576 1773 omnia
2607 1724 2746 1772 sunt
2775 1719 3323 1774 consubstantialia.
3355 1718 3662 1775 Generatio
3691 1719 3803 1790 igi-

2154 1811 2251 1860 tur
2280 1824 2393 1862 non
2428 1813 2514 1862 est
2546 1809 2898 1876 substantia,
2935 1825 2996 1861 ao
3048 1808 3289 1879 proinde
3340 1825 3453 1863 non
3513 1813 3602 1862 est
3663 1826 3802 1880 prae-

2157 1897 2404 1951 stantior
2463 1897 2816 1960 substantia,
2872 1897 3087 1969 alioqui
3149 1898 3275 1967 ipso
3332 1897 3509 1950 etiam
3557 1897 3720 1963 Filio,
3755 1897 3802 1952 si

2155 1990 2316 2040 tuam
2361 1986 2707 2056 sapientiam
2745 2002 3082 2057 sequamur,
3119 1986 3488 2058 praestantior
3518 1991 3669 2041 esset
3704 2005 3716 2041 :
3751 1990 3809 2040 at

2161 2075 2262 2129 hoc
2293 2074 2340 2130 si
2373 2075 2697 2129 absurdum
2730 2075 3180 2142 est;substantia
3207 2074 3387 2146 igitur
3417 2078 3506 2131 est
3535 2080 3810 2146 praestan-

2155 2164 2270 2218 tior
2297 2165 2694 2235 generatione,
2729 2181 2833 2219 nec
2885 2163 3078 2235 magni
3138 2165 3463 2236 quidquam
3519 2165 3588 2219 de
3644 2164 3809 2220 Patre

2155 2253 2360 2319 sentis,
2422 2270 2553 2308 cum
2606 2254 2753 2309 diois
2793 2255 2920 2325 ejus
2977 2253 3368 2308 substantiam
3405 2269 3535 2308 esse
3563 2269 3805 2324 genera-

2153 2342 2309 2396 tione
2341 2342 2822 2414 praestantiorem.
2845 2342 3207 2408 Gzeterum,si
3241 2342 3297 2396 in
3335 2342 3558 2397 nudum
3592 2357 3805 2397 nomen

2153 2431 2486 2503 baptizatus
2515 2449 2711 2498 es,cur
2740 2436 2906 2486 tuum
2940 2431 3298 2504 baptismum
3320 2431 3545 2487 utsatis
3568 2432 3804 2486 firmum

2152 2520 2378 2576 habes?
2407 2521 2609 2576 Nonne
2639 2521 2784 2576 illud
2823 2523 2980 2576 nudo
3014 2522 3252 2576 nomine
3300 2525 3473 2575 tenus
3531 2519 3803 2575 obtinue-

2150 2611 2274 2667 ris‘?
2329 2611 2474 2666 Nam
2502 2610 2548 2666 si
2581 2609 2762 2666 Filius
2791 2615 2848 2665 et
2870 2611 3038 2666 Pater
3066 2611 3224 2664 nuda
3253 2614 3392 2665 sunt
3420 2609 3678 2678 nomina,
3712 2608 3809 2664 ba-

2152 2701 2404 2771 ptizatus
2434 2700 2491 2754 in
2527 2701 2716 2756 Patris
2742 2704 2797 2755 et
2828 2699 2954 2755 Filii
2995 2716 3224 2769 nomen,
3259 2699 3316 2754 in
3350 2699 3569 2756 nudam
3605 2699 3804 2771 appel-

2147 2788 2425 2845 lationem
2457 2806 2520 2845 es
2549 2789 2896 2860 baptizatus.

384 3036 533 3094 Haec
565 3047 706 3111 quae
738 3033 1023 3111 sequitur
1052 3032 1371 3112 appendix
1403 3033 1464 3092 in
1499 3051 1642 3092 mss.
1677 3032 1860 3092 codd.
1896 3031 2159 3093 illustris
2187 3033 2480 3093 biblioth.
2517 3033 2717 3093 Palat.
2754 3033 3058 3094 continua
3087 3033 3401 3112 scriptura
3431 3052 3574 3093 cum
3630 3052 3796 3112 prae-

1616 3113 1982 3173 cedentibus
2009 3113 2305 3174 cohaeret.
2341 3118 2565 3175 FBLCK.

461 3246 546 3301 16.
599 3247 708 3317 (67)
740 3244 932 3317 Ἀνόμ.
987 3244 1049 3299 Εἰ
1101 3250 1480 3321 σπερματικῶς
1527 3243 1576 3298 ἐν
1625 3248 1704 3316 τῷ
1751 3245 2032 3318 ἁγεννήτῳ
2065 3246 2107 3314 C

389 3331 453 3385 τὸ
502 3333 740 3408 γέννημα
793 3334 927 3408 μετᾶ
973 3335 1072 3401 τὴν
1114 3333 1318 3408 γένεσιν
1369 3330 1560 3404 ἔξωθεν
1598 3327 2032 3408 προσλαμϐάνει,

394 3419 469 3481 ὡς
529 3422 586 3475 ἃν
632 3420 774 3477 εἲίποι
819 3443 922 3493 τις,
955 3420 1208 3497 ἠνδρώθη
1257 3423 1346 3477 καὶ
1396 3421 1604 3483 τέλειός
1655 3421 1791 3476 ἐστιν
1826 3422 1854 3476 6
1885 3420 2030 3482 Υἱός·

388 3508 490 3563 οὐκ
543 3509 594 3581 ἐξ
644 3511 717 3564 ὧν
763 3510 1055 3586 ἐγεννήθη,
1086 3510 1288 3584 ἁλλ’ἐξ
1339 3512 1412 3566 ὧν
1461 3505 1786 3587 προσέλαϐε·
1818 3510 1885 3564 τὰ
1930 3509 2032 3584 γὰρ

383 3599 717 3674 συγγενικῶς
795 3595 1292 3676 προσλαμϐάνοντα
1367 3604 1443 3662 ὡς
1514 3600 1563 3671 ἐξ
1640 3599 1855 3654 ἐκείνων
1921 3619 2036 3652 συν-

383 3692 592 3743 εστῶτα
617 3689 680 3743 τὸ
709 3686 806 3744 τοῦ
854 3689 1066 3745 τελείου
1103 3686 1292 3762 ’ὄνομα
1322 3692 1436 3764 (68)
1488 3687 1760 3766 διαφόρως
1808 3687 2033 3766 προσίε-

381 3779 502 3832 σθαι
555 3776 808 3856 πέφυκεν.
844 3779 994 3852 Ὀρθ.
1029 3779 1090 3833 Εἰ
1136 3784 1518 3854 σπερματικῶς
1564 3777 1614 3832 ἐν
1660 3783 1738 3851 τῷ
1789 3778 1926 3858 φωτὶ
1971 3778 2034 3832 τὸ

381 3867 730 3943 ἀπαύγασμα,
764 3867 880 3923 εἰπὲ
935 3869 1024 3923 καὶ
1084 3870 1174 3922 τὸν
1235 3869 1356 3923 Υίὸν
1417 3868 1468 3922 ἐν
1527 3873 1606 3938 τῷ
1653 3869 1843 3944 ιΙατρί·
1879 3867 1923 3922 εἰ
1977 3864 2034 3920 δὲ

386 3957 572 4032 μωρὸν
601 3958 662 4012 τὸ
688 3956 860 4012 ἐκεῖνο
893 3955 1090 4034 λέγειν,
1131 3959 1311 4033 μωρὸν
1343 3959 1433 4013 καὶ
1464 3960 1526 4014 τὸ
1567 3957 1743 4034 λέγειν
1796 3979 2033 4034 σπερμα-

382 4051 549 4108 τικῶς
580 4046 632 4100 ἐν
663 4051 743 4119 τῷ
775 4047 943 4121 Πατρὶ
991 4047 1082 4102 τὸν
1134 4047 1275 4103 Υίόν.
1307 4047 1522 4110 Τέλειος
1574 4046 1631 4102 δέ
1662 4048 1799 4103 ἐστιν
1826 4049 1854 4103 6
1885 4049 2030 4121 Υἱὸς,

387 4135 447 4191 οὐ
471 4140 725 4212 προκοπῇ
755 4135 1156 4210 τελειούμενος,
1188 4136 1315 4192 ἀλλ’
1346 4137 1404 4192 ἐκ
1433 4137 1644 4192 τελείου
1696 4135 1904 4198 τὲλειος
1951 4159 2034 4214 γε·

385 4227 736 4300 γεννημὲνος·
782 4222 871 4280 διὰ
915 4227 1016 4302 γὰρ
1065 4231 1225 4282 τοῦτο
1268 4228 1329 4282 οὐ
1388 4227 1552 4300 μόνον
1604 4224 1812 4302 εἷ’ρηται
1860 4227 2032 4281 ἀπαύ-

383 4335 584 4388 γασμα,
617 4314 762 4371 ἀλλὰ
799 4316 888 4370 καὶ
936 4316 1220 4392 χαρακτὴρ
1268 4324 1366 4386 τῆς
1408 4315 1765 4386 ὑποστάσεως,
1802 4315 1929 4392 οὐχὶ
1975 4314 2032 4371 δὲ

381 4410 482 4473 τῆς
527 4403 813 4480 ἐνεργείας.
847 4406 902 4460 Ὀ
955 4402 1012 4459 δὲ
1060 4407 1347 4481 χαρακτὴρ
1395 4413 1494 4475 τῆς
1548 4405 1892 4468 ὑποστάσεως
1934 4407 2033 4460 οὐκ

382 4492 731 4568 ἐκπροκοπῆς
760 4492 1086 4550 τελειόῦται’
1123 4493 1250 4550 ἀλλ’
1281 4494 1332 4549 ἐν
1363 4494 1508 4567 αὖτῷ
1535 4500 1614 4568 τῷ
1645 4497 1780 4550 εἷναι
1822 4494 1936 4573 ἔχει
1967 4497 2030 4550 τὸ

2217 3247 2303 3300 16.
2339 3246 2527 3303 Anam.
2558 3246 2615 3301 Si
2649 3245 2934 3318 genitum,
2969 3245 3213 3302 seminis
3245 3261 3406 3300 more
3436 3245 3495 3300 in
3528 3263 3642 3301 non
3696 3262 3800 3317 ge-

2145 3336 2267 3391 nito
2300 3336 2608 3402 exsistens,
2643 3341 2772 3408 post
2802 3336 3238 3408 generationem
3273 3336 3636 3391 extrinsecus
3693 3335 3798 3391 ali-

2146 3425 2284 3496 quid
2318 3426 2588 3494 assumit;
2619 3425 2706 3479 vir
2737 3426 2944 3496 factus,
2977 3429 3042 3480 ut
3072 3428 3148 3480 ita
3180 3426 3399 3493 dicam,
3421 3429 3476 3480 et
3508 3425 3797 3497 perfectus

2145 3519 2235 3571 est
2263 3515 2465 3585 Filius,
2490 3533 2606 3570 non
2640 3516 2794 3570 unde
2823 3515 3059 3588 genitus
3090 3519 3198 3581 est,
3219 3516 3318 3570 sed
3350 3532 3417 3570 ex
3446 3514 3518 3569 iis
3550 3531 3677 3586 quae
3704 3531 3798 3569 as-

2145 3606 2438 3677 sumpsit:
2469 3620 2595 3676 qua:
2627 3605 2779 3660 enim
2816 3622 2918 3677 pro
2951 3610 3174 3659 natura:
3207 3605 3429 3659 ratione
3461 3608 3796 3671 assumunt,

2145 3700 2346 3769 utpote
2378 3712 2507 3768 quae
2538 3713 2606 3752 ex
2637 3697 2962 3768 assumptis
2993 3701 3284 3762 constent,
3316 3694 3550 3767 perfecti
3583 3710 3796 3750 nomen

2143 3787 2369 3841 diverso
2396 3786 2567 3841 modo
2599 3785 2907 3842 admittere
2965 3785 3174 3841 solent.
3236 3784 3388 3842 Orth.
3449 3784 3504 3839 Si
3553 3783 3798 3840 seminis

2145 3876 2319 3930 modo
2377 3874 2654 3946 splendor
2701 3879 2790 3930 est
2821 3876 2877 3929 in
2909 3874 3056 3944 luce,
3090 3875 3266 3929 dicito
3298 3875 3506 3930 Filium
3541 3873 3598 3927 in
3633 3874 3799 3929 Patre

2143 3981 2309 4033 esse;
2344 3964 2433 4019 sin
2465 3982 2598 4020 vero
2631 3963 2878 4020 stultum
2913 3965 3087 4019 fuerit
3116 3963 3171 4018 id
3207 3963 3520 4030 afﬁrmare,
3545 3963 3795 4020 stultum

2144 4070 2375 4126 quoque
2407 4054 2580 4108 fuerit
2609 4053 2800 4108 dicere
2831 4052 3061 4120 Filium,
3096 4053 3340 4108 seminis
3372 4069 3531 4108 more
3561 4068 3689 4108 esse
3737 4053 3796 4108 in

2143 4142 2329 4197 Patre.
2358 4142 2655 4198 Perfectus
2689 4148 2882 4197 autem
2916 4147 3004 4197 est
3036 4141 3236 4209 Filius,
3273 4159 3387 4197 non
3431 4143 3687 4213 profectu
3742 4146 3800 4198 et

2143 4231 2523 4297 incremento,
2585 4231 2684 4286 sed
2746 4249 2814 4286 ex
2868 4231 3121 4303 perfecto
3175 4232 3464 4303 perlectus
3512 4232 3793 4302 genitus:

2145 4321 2298 4375 unde
2330 4325 2386 4375 et
2415 4319 2630 4375 dicitur
2659 4335 2771 4375 non
2807 4324 3036 4376 tantum
3071 4320 3366 4392 splendor,
3401 4320 3499 4375 sed
3547 4325 3604 4376 et
3660 4321 3796 4376 cha-

2145 4413 2333 4465 racter
2363 4409 2898 4482 hypostasems,non
2934 4409 3632 4480 Operatiouis.Character
3660 4426 3793 4465 vero

2143 4499 2534 4573 hypostasews
2569 4516 2682 4554 non
2718 4499 3014 4571 perficitur
3047 4499 3301 4572 quodam
3337 4499 3594 4570 profectu
3632 4523 3657 4548 ‹‹
3691 4505 3794 4554 aut

380 4582 612 4652 τέλειον,
647 4583 720 4644 ὡς
752 4583 1036 4660 ἅνθρωπος
1077 4583 1364 4660 ἀνθρώπου
1416 4587 1700 4661 χαρακτὴρ
1747 4592 1848 4654 τῆς
1899 4586 2028 4640 ὑπο-

2152 4590 2521 4654 incremento,
2554 4612 2578 4636 η
2611 4591 2711 4644 sed
2746 4589 2804 4643 in
2834 4588 2964 4660 ipsa
3021 4589 3276 4644 essentia
3331 4588 3554 4643 obtinet
3609 4588 3793 4659 perfe-

383 4673 641 4745 στάσεως,
673 4673 774 4728 οὐκ
829 4671 888 4727 ἐκ
944 4681 1254 4749 προκοπῆς,
1288 4673 1414 4730 ἀλλ’
1445 4673 1496 4746 ἐξ
1551 4675 1721 4745 αὐτῆς
1765 4682 1864 4745 τῆς
1908 4697 2031 4730 ταυ-

379 4761 632 4832 τότητος.
667 4761 860 4836 Ἀνόμ.
897 4761 957 4817 Εἰ
1007 4760 1218 4817 τέλειον
1273 4763 1518 4839 γέννημα
1575 4763 1626 4818 ἐν
1683 4769 1762 4836 τῷ
1811 4766 2036 4840 ἀγεννή-

380 4874 482 4924 τῳ,
513 4851 565 4922 ἐξ
613 4853 687 4906 ὧν
744 4854 810 4920 ἦν
871 4851 922 4906 ἐν
978 4853 1254 4929 ἁγεννήτῳ
1306 4852 1544 4928 γέννημά
1605 4852 1736 4921 ἐστι,
1784 4854 1872 4908 καὶ
1935 4854 2034 4909 οὐκ

380 4945 431 5015 εξ
491 4943 564 4996 ὤν
613 4943 642 4995 6
696 4942 986 5016 ἁγὲννητος
1059 4941 1218 5004 αὐτὸς
1284 4940 1549 5018 ἐγέννησεο
1611 4943 1866 5016 γεννητὸν
1929 4944 2032 5018 γὰρ

381 5030 537 5109 φύσιν
593 5029 644 5085 ἐν
702 5033 980 5105 ἁγεννήτῳ
1055 5033 1190 5085 εἶναι
1268 5031 1366 5086 οὐκ
1443 5031 1756 5108 ἐνδέχεται’
1815 5033 1876 5086 τὸ
1929 5035 2030 5108 γὰρ

379 5120 510 5175 αὐτὸ
571 5119 706 5174 εἷναί
756 5121 815 5175 τι
864 5118 974 5174 ἐστι
1019 5121 1108 5175 καὶ
1158 5121 1233 5194 μὴ
1287 5122 1460 5176 εἶναι·
1509 5123 1752 5197 γέννημα
1799 5122 1899 5197 γὰρ
1948 5121 2028 5192 ὃν,

378 5210 623 5284 γέννημα
654 5210 754 5264 οὒκ
777 5210 864 5282 ἦν,
894 5213 992 5265 τοῦ
1032 5209 1300 5285 ἀνομοίου
1335 5211 1533 5285 μὲρους
1564 5210 1651 5266 ἐπὶ
1684 5215 1818 5266 Θεοῦ
1862 5209 2030 5286 βλασ-

453 5337 567 5411 (β2)
592 5334 939 5411 {tardabat
967 5353 1000 5391 a
1034 5337 1210 5392 Palat.
1254 5340 1301 5403 1,
1327 5341 1362 5393 2
1395 5344 1451 5394 et
1479 5340 1627 5411 Aug.
1673 5339 1856 5394 [idem
1900 5355 2033 5394 mox

379 5405 648 5482 Εἰίδέἐῖἠ
682 5406 773 5482 καί
804 5408 1062 5482 γενέσεως
1093 5427 1178 5480 κρ.

473 5481 566 5555 63)
600 5480 719 5555 Pal.
751 5481 786 5533 2
816 5479 873 5535 et
900 5483 1048 5555 Aug.
1082 5479 1728 5555 προσομολογηθήσεται.

476 5548 568 5626 64)
602 5552 787 5626 ΡᾶΙη2
808 5558 875 5626 et
905 5548 1052 5626 Aug.
1083 5548 1195 5626 ἐστί
1221 5548 1500 5626 κρείττων.
1539 5548 1691 5626 Εἰ-δε
1735 5549 1837 5626 οὐκ
1887 5549 2028 5626 ἔστιν

381 5623 418 5689 ἡ
450 5619 650 5698 γένεσις
699 5621 874 5698 οὐσία,
902 5619 1032 5698 οὒὸἒ
1080 5619 1335 5698 κρείττων
1384 5622 1523 5678 ἐστὶν
1571 5621 1753 5686 οὔσίας
1802 5625 1837 5692 ἡ
1883 5624 2031 5698 γένε-

383 5691 830 5769 mento-cgnitum
857 5694 958 5762 τήν
983 5691 1194 5769 σοφίαν⁵

601 5766 718 5823 Pal.
762 5769 798 5822 2
835 5761 1086 5839 et'Aug'.
1131 5761 1300 5823 Οὒδὶν
1363 5764 1466 5841 ἄρα
1514 5763 1736 5840 εὔλογον
1788 5763 1876 5821 ἐπὶ
1934 5769 2031 5821 τοῦ

2142 4679 2416 4746 ctionem,
2477 4678 2633 4734 haud
2684 4694 2854 4734 secus
2885 4695 3060 4749 quam
3093 4678 3290 4746 homo,
3325 4676 3584 4732 hominis
3615 4677 3793 4750 hypo-

2143 4772 2379 4824 stasems
2410 4767 2710 4824 character
2740 4772 2849 4836 est,
2885 4785 2996 4824 non
3030 4785 3097 4824 ex
3129 4769 3411 4840 profectu,
3437 4767 3537 4823 sed
3571 4783 3637 4822 ex
3668 4766 3796 4838 ipsa

2142 4859 2470 4913 identitate.
2503 4859 2696 4914 Anam.
2722 4858 2779 4913 Si
2815 4857 3134 4930 perfectum
3169 4857 3432 4930 genitum
3464 4857 3522 4911 in
3556 4874 3666 4912 non
3703 4874 3798 4930 ge.-

2145 4948 2287 5014 nito,
2347 4964 2586 5004 necesse
2644 4963 2712 5002 ex
2771 4947 2844 5003 iis
2896 4947 3161 5020 genitum
3229 4964 3377 5018 esse,
3445 4964 3509 5002 ex
3578 4946 3793 5018 quibus

2142 5036 2460 5093 exsistebat
2517 5037 2575 5092 in
2637 5053 2752 5091 non
2797 5036 3014 5109 genito,
3049 5043 3104 5091 et
3131 5053 3243 5092 non
3273 5055 3339 5092 ex
3371 5035 3465 5103 iis,
3488 5053 3555 5091 ex
3581 5036 3795 5108 quibus

2143 5123 2441 5196 ingenitus
2467 5125 2884 5198 genuitmeque
2915 5126 3068 5181 enim
3099 5124 3374 5197 possibile
3404 5130 3492 5181 est
3523 5129 3795 5180 naturam

2141 5214 2397 5284 genitam
2433 5230 2560 5270 esse
2591 5213 2649 5269 in
2684 5231 2796 5270 non
2832 5214 3045 5286 genito,
3078 5214 3189 5271 hoc
3217 5214 3371 5269 enim
3406 5215 3554 5269 foret
3582 5230 3710 5270 esse
3741 5218 3798 5269 et

2143 5337 2568 5485 aiéfziclqlide‘m,
2592 5406 2742 5485 ψιλῇ,
2769 5409 3129 5485 memoris.
3163 5409 3251 5462 καῖ
3282 5410 3344 5464 τὸ
3377 5410 3564 5485 Πατὴρ
3598 5407 3672 5470 εἷς
3704 5409 3787 5465 τό·

2142 5483 2364 5538 Ibidem
2395 5482 2690 5537 Palatinus
2720 5483 2772 5536 4.
2806 5482 3082 5550 κέκτηται.

2212 5555 2321 5627 (67)
2357 5560 2485 5609 llaec
2519 5554 2810 5627 appendix
2841 5555 3205 5608 desideratur
3235 5555 3291 5607 in
3324 5554 3449 5608 cod.
3487 5552 3693 5627 lfel_ck.,
3727 5552 3786 5627 in

2142 5625 2281 5696 Reg.
2306 5624 2453 5682 etin
2487 5627 2624 5680 edit.
2659 5625 2881 5696 Steph.,
2916 5631 2974 5680 at
3004 5627 3181 5680 estin
3227 5627 3457 5680 duobus
3493 5625 3604 5679 Pal.
3638 5629 3695 5678 et
3727 5624 3786 5678 in

2141 5702 2227 5752 Au
2278 5739 2290 5751 .

2357 5767 2538 5825 Palat.
2573 5769 2624 5837 1,
2655 5764 2718 5822 τὸ
2747 5763 2954 5821 τὲλειον
2984 5762 3178 5838 ὄνομα.
