4116 6426
228 410 381 473 1183

1386 412 1450 473 S.
1506 412 2016 513 ATHANASIUS.
2048 446 2123 458 —
2155 413 2463 476 SPURIA.

3489 410 3648 473 1184

228 563 343 603 non
375 563 503 603 esse
537 565 549 603 :
583 548 721 620 quia
751 550 907 621 quod
940 550 1200 623 genitum
1234 553 1344 616 est,
1377 549 1435 604 id
1467 549 1728 622 genitum
1763 565 1878 603 non

2007 546 2238 625 τφημίας
2268 542 2421 622 ὕϐριν
2455 546 2770 623 ἐπέχοντος.
2804 546 2951 621 Ὀρθ.
2980 545 3048 603 ΕΤ
3094 542 3245 619 ᾔδεις
3284 547 3385 615 τήν
3435 543 3646 622 δωρεὰν

227 642 383 692 esset
416 653 429 692 :
463 652 593 691 cum
633 638 889 709 partium
923 639 1348 694 dissimilitudo
1380 641 1450 694 de
1482 640 1597 693 Deo
1628 638 1882 709 cogitata

2007 639 2088 689 εοῦ
2120 640 2275 702 Θεοῦ,
2306 636 2398 691 καὶ
2445 636 2529 698 τίς
2586 636 2725 690 ἐστιν
2779 636 2806 689 ὁ
2854 632 3234 707 ἐντειλάμενος
3291 632 3643 711 βαπτίζεσθαι

227 724 608 797 blasphemiae
640 727 919 797 injuriam
953 728 1269 783 contineat.
1304 727 1454 783 Orth.
1489 727 1547 784 Si
1579 727 1759 783 scires
1789 727 1885 782 do-

1992 723 2165 778 πάντα
2191 725 2260 780 τὰ
2289 722 2412 796 ἔθνη
2446 725 2523 787 εἷς
2552 724 2616 779 τὸ
2649 720 2824 797 ὄνομα
2850 728 2947 779 τοῦ
2974 723 3186 799 Πατρὸς
3217 723 3308 779 καὶ
3358 727 3455 778 τοῦ
3486 723 3641 789 Υἳοῦ,

228 831 369 869 num
406 813 523 883 Dei,
556 818 614 869 et
643 815 777 886 quis
810 816 906 880 sit,
940 816 1038 887 qui
1073 817 1344 888 praecepit
1374 815 1651 889 baptizari
1680 832 1885 870 omnes

2007 815 2081 868 cui
2112 818 2209 869 τοῦ
2256 814 2414 889 ἁγίου
2458 814 2796 888 Πνεύματος·
2833 814 2932 868 οὑκ
2976 811 3278 888 ἐπεχείρεις
3332 810 3643 890 παρακρού-

227 908 431 976 gentes
455 903 513 957 in
539 904 776 959 nomine
804 904 1018 974 Patris,
1050 910 1109 960 et
1128 906 1275 975 Filii,
1308 908 1365 960 et
1393 905 1646 977 Spiritus
1676 904 1882 970 sancti,

228 1009 343 1048 non
380 993 583 1064 utique
613 993 819 1048 Patris.
847 998 907 1048 et
938 993 1063 1048 Filii
1097 1010 1304 1049 nomen
1342 995 1701 1067 repudiares.
1735 993 1887 1047 arbi-

227 1086 384 1137 tratu
418 1087 520 1137 tuo
553 1081 699 1138 falsa
731 1083 1011 1155 religione
1040 1088 1257 1139 temere
1305 1084 1546 1139 inﬂatus
1603 1084 1886 1139 adversus

227 1188 384 1238 eum,
449 1171 547 1243 qui
609 1176 826 1227 rectam
889 1190 995 1228 nos
1053 1173 1253 1228 docuit
1284 1194 1313 1222 «
1348 1173 1479 1227 fidei
1513 1194 1541 1222 ››
1574 1171 1887 1228 confessio-

227 1276 361 1316 nem
397 1278 410 1316 :
445 1261 685 1332 quando
716 1278 849 1317 vero
881 1262 1227 1317 existimans
1259 1269 1313 1317 te
1360 1262 1683 1334 sapientem
1734 1277 1885 1328 esse,

224 1352 455 1407 Patrem
488 1367 605 1406 non
639 1350 786 1407 sinis
816 1368 944 1408 esse
976 1356 1233 1421 Patrem,
1291 1368 1398 1424 age
1455 1369 1527 1408 ne
1585 1352 1688 1407 tibi
1747 1367 1885 1423 pru-

230 1440 375 1496 dens
407 1456 537 1497 esse
567 1441 862 1510 videare,a
894 1440 1062 1497 nobis
1088 1441 1548 1514 audizperfectus
1579 1443 1890 1508 fuit,est,et

232 1529 344 1583 erit
378 1528 555 1584 Filius
585 1528 640 1583 in
666 1533 834 1585 Patre
862 1530 1005 1584 Nam
1026 1531 1126 1585 «In
1161 1530 1448 1603 principio
1470 1531 1886 1598 eratVerbum,

234 1621 292 1673 et
311 1617 564 1673 Verbum
581 1620 866 1691 eratapud
893 1619 1161 1688 Deum,et
1182 1620 1337 1677 Deus
1357 1620 1889 1678 eratVerbumzboo

233 1707 388 1763 488
420 1708 629 1762 eratin
665 1707 953 1781 principio
997 1710 1151 1781 apud
1209 1715 1386 1766 Deum
1444 1711 1509 1777 ⁸⁵,
1571 1732 1600 1761 ››
1658 1709 1886 1766 etiamsi

233 1795 411 1866 nolis,
457 1797 603 1852 Aeti.
639 1796 708 1851 Et
739 1814 853 1852 non
887 1799 1053 1871 prius
1083 1804 1227 1867 erat,
1260 1805 1317 1855 et
1346 1804 1485 1854 tunc
1513 1800 1748 1873 genitus
1778 1803 1886 1866 est,

1994 904 2140 958 εσθαι
2170 904 2233 958 τὸ
2262 908 2358 958 τοῦ
2390 905 2598 977 Πατρὸς
2657 902 2748 958 xui
2794 899 2891 957 τοῦ
2944 903 3073 956 Υἳοῦ
3127 896 3320 975 ὄνομα,
3354 901 3407 956 ἐν
3456 900 3647 957 ἐθελοη

1997 992 2256 1067 θρησκείᾳ
2287 994 2409 1062 εἱκῆ
2435 993 2795 1070 φυσιούμενος
2847 992 2983 1070 κατᾶ
3032 994 3128 1045 τοῦ
3177 987 3489 1062 διδάξαντος
3544 992 3645 1059 τήν

1994 1064 2168 1149 καλὴν
2194 1064 2515 1157 ὁμολογίαν·
2553 1064 2741 1151 ἐπειδὴ
2775 1078 2853 1147 δὲ,
2881 1064 3135 1154 ὸὶόμενος
3167 1082 3303 1136 εἶναι
3334 1080 3522 1159 σοφὸς,
3552 1080 3644 1135 τὸν

1999 1170 2210 1246 Πατέρα
2241 1170 2303 1226 οὐ
2337 1168 2511 1235 θέλεις
2562 1172 2697 1225 εἶναι
2746 1168 3093 1246 Ηατέραβίνα
3153 1171 3229 1243 μὴ
3290 1167 3445 1244 δόξῃς
3503 1168 3650 1245 παρὶ

1999 1264 2176 1331 σαυτῷ
2207 1261 2340 1314 εἶναι
2373 1258 2662 1338 φρόνιμος·
2703 1260 2831 1333 παρ’
2862 1261 3023 1333 ἡμῶν
3084 1260 3266 1326 ἄκουε,
3299 1257 3385 1313 ὅτι
3440 1256 3650 1320 τέλειος

1995 1352 2084 1418 ἦν,
2116 1348 2205 1404 καὶ
2263 1345 2396 1418 ἔστι,
2428 1349 2517 1403 καὶ
2576 1345 2724 1404 ἔσται
2772 1349 2800 1403 6
2848 1349 2970 1410 Υἱὸς
3029 1347 3081 1403 ἐν
3136 1352 3216 1421 τῷ
3271 1347 3462 1424 Πατρί.
3500 1373 3525 1396 ι‹
3565 1349 3646 1404 Ἐν

1999 1441 2148 1515 ἀρχῇ
2181 1461 2203 1491 ι
2238 1438 2341 1514 γὰρ
2376 1460 2404 1490 ι(
2433 1438 2500 1507 ἧν
2533 1439 2562 1493 6
2595 1437 2793 1512 Λόγος,
2826 1437 2915 1492 καὶ
2948 1438 2975 1491 6
3009 1436 3182 1513 ,λόγος
3240 1437 3307 1506 ἦν
3361 1437 3497 1511 πρὸς
3555 1435 3649 1491 τὸν

1999 1529 2152 1601 Θεὸν,
2182 1527 2274 1582 καὶ
2322 1527 2453 1589 Θεὸς
2501 1527 2568 1596 ἦν
2620 1528 2649 1581 6
2701 1525 2894 1603 Λόγος·
2928 1527 3089 1588 οὗτος
3122 1526 3189 1595 ἦν
3223 1523 3275 1580 ἐν
3306 1526 3455 1601 ἀρχῇ
3513 1525 3651 1602 πρὸς

1997 1617 2089 1672 τὸν
2128 1617 2282 1688 Θεὸν,
2318 1640 2345 1667 ›ι
2397 1615 2493 1670 κᾶν
2557 1617 2634 1689 μὴ
2695 1614 2877 1688 θέλῃς,
2911 1615 3100 1671 Ἀέτιε.
3134 1614 3232 1669 Καί
3264 1615 3471 1689 (69)οὑ
3516 1612 3652 1686 πρό-

1997 1726 2152 1779 τερον
2183 1708 2272 1776 ἦν,
2304 1704 2395 1760 καὶ
2426 1706 2549 1761 τότε
2579 1704 2860 1779 ἐγεννήθη·
2896 1701 3022 1759 οὐδὲ
3065 1704 3141 1778 μή
3192 1702 3266 1758 ὢν
3313 1703 3647 1781 γεγέννηται’

2000 1793 2148 1851 ἀλλὰ
2190 1791 2463 1850 συναίδιόν
2515 1793 2625 1849 ἐστι
2672 1794 2938 1869 γέννημα,
2971 1792 3048 1855 ὡς
3097 1791 3423 1868 ἀπαύγάσμα
3471 1792 3651 1870 φωτὸς

231 1900 421 1955 neque
451 1883 624 1940 etiam
661 1902 793 1940 cum
828 1904 943 1942 non
977 1891 1149 1954 esset,
1181 1887 1413 1960 genitus
1441 1893 1552 1955 est,
1587 1889 1687 1945 sed
1745 1904 1890 1944 com-

2007 1881 2198 1941 ἀϊδίου.
2231 1884 2469 1954 Γεννητὴ
2503 1880 2561 1938 δὲ
2591 1883 2748 1960 φύσις
2779 1882 2869 1937 καὶ
2902 1880 3193 1958 ἀγέννητος
3243 1880 3401 1960 φύσις
3450 1881 3550 1936 οὑκ
3598 1879 3649 1935 ἐν

2032 1977 2061 1989 η
2175 1972 2189 1989 ι
2336 1969 2360 1989 u
2542 1972 2558 1989 κ
2620 1969 2645 1989 ει
2690 1972 2700 1988 .
2944 1969 2988 1989 «ς
3046 1972 3057 1989 .
3093 1969 3108 1989 9
3212 1974 3239 1986 ..
3499 1972 3525 1988 ε.
3566 1970 3593 1989 ι.

231 1977 467 2029 ternum
499 1978 590 2029 est
620 1974 728 2032 hoc
753 1976 1333 2049 genimen,tanquam
1360 1977 1583 2033 scilicet
1611 1977 1891 2050 splendor

2007 1977 2065 2049 τῇ
2123 1972 2278 2052 φύσει
2334 1969 2449 2049 ἔχει
2507 1972 2567 2027 τὸ
2617 1969 2898 2050 διάφορον,
2934 1969 3057 2026 aM
3090 1969 3142 2026 ἐν
3172 1974 3253 2043 τῷ
3305 1970 3657 2047 γεγεννῆσθαι

234 2065 459 2118 aeternae
488 2061 638 2119 lucis
671 2079 684 2119 :
718 2064 910 2120 differt
940 2070 1135 2122 autem
1169 2071 1382 2123 natura
1406 2066 1604 2140 genita
1659 2072 1718 2121 et
1772 2084 1889 2122 non

235 2150 455 2223 genita,
489 2168 602 2207 non
634 2157 923 2223 quatenus
955 2158 1166 2210 natura
1198 2159 1307 2221 est,
1341 2156 1441 2210 sed
1472 2171 1538 2210 eo
1569 2155 1699 2227 ipso
1756 2159 1891 2210 tan-

235 2244 364 2297 tum
414 2240 569 2313 quod
601 2241 798 2313 genita
829 2247 886 2298 et
918 2260 1033 2298 non
1066 2244 1262 2316 genita
1291 2249 1397 2299 est.
1431 2244 1573 2300 Nam
1610 2261 1715 2301 nec
1742 2245 1894 2300 Ada-

238 2346 374 2385 mus
403 2333 580 2386 natus
609 2335 699 2387 est
727 2346 797 2386 ex
829 2332 1095 2399 muliere,
1126 2349 1234 2389 nos
1277 2350 1411 2391 vero
1466 2335 1587 2390 nati
1637 2350 1847 2390 sumus
1879 2348 1894 2390 :

1999 2062 2089 2119 xui
2143 2064 2219 2137 μὴ
2270 2062 2645 2139 γεγεννῆσθαι.
2681 2058 2822 2116 Ἰδοὺ
2869 2060 2970 2136 γὰρ
3019 2059 3111 2115 καὶ
3143 2061 3171 2115 6
3223 2056 3401 2133 Ἀδὰμ
3456 2058 3519 2113 οὖ
3568 2079 3657 2135 γε-

2001 2153 2254 2229 γέννηται
2311 2148 2401 2205 διὰ
2456 2149 2730 2226 γυναικός·
2792 2151 2956 2222 ἡμεῖς
3013 2146 3071 2204 δὲ
3123 2150 3505 2226 γεγεννήμεθα·
3564 2148 3656 2203 καὶ

2006 2241 2106 2297 οὐκ
2135 2240 2186 2296 ἐν
2217 2244 2286 2313 τῇ
2320 2239 2474 2318 φύσει
2506 2237 2708 2314 ἔχομεν
2744 2239 2806 2294 τὸ
2848 2236 3131 2316 διάφορον,
3166 2235 3291 2293 ἁλλ’
3340 2236 3391 2293 ἐν
3439 2238 3519 2310 τῷ
3569 2258 3658 2314 γε·

2007 2331 2294 2407 γεννῆσθαι
2325 2329 2414 2384 καὶ
2452 2329 2526 2401 μὴ
2568 2334 2912 2403 γεγεννῆσθαι
2947 2324 3036 2383 διὰ
3062 2326 3338 2404 γυναικός.

237 2435 344 2474 nec
375 2422 574 2474 tamen
607 2410 819 2476 natura
846 2421 919 2476 ab
948 2422 1173 2478 Adamo
1205 2423 1552 2489 differimus,
1571 2424 1669 2479 sed
1691 2441 1758 2479 eo
1775 2426 2009 2479 tantum
2032 2422 2186 2494 quod
2219 2436 2319 2476 nos
2350 2420 2469 2475 nati
2502 2419 2712 2487 simus,
2732 2418 2831 2475 ille
2857 2423 3032 2475 natus
3062 2435 3178 2475 non
3201 2419 3276 2474 sit
3299 2435 3369 2474 ex
3389 2416 3662 2475 muliere.

312 2508 400 2562 17.
461 2508 656 2563 Anam.
699 2510 844 2565 Cum
879 2515 1101 2566 naturae
1135 2529 1250 2568 non
1281 2512 1488 2585 genita;
1519 2510 1892 2584 omnipotens

238 2595 337 2654 ille
357 2596 646 2654 exsistens
670 2599 1109 2672 Deus,seipsum
1135 2618 1250 2657 non
1275 2602 1469 2657 noritu
1484 2618 1614 2658 esse
1628 2607 1891 2656 maturas

240 2685 470 2760 genitis,
505 2685 688 2743 Filius
715 2703 851 2744 vero
881 2688 1089 2762 genitas
1120 2694 1343 2747 naturae
1371 2690 1679 2757 exsistens,
1741 2690 1897 2747 norit

242 2792 305 2831 sc
326 2775 661 2831 hocuesse»
680 2778 833 2849 quod
867 2781 1279 2851 esl,quomodo
1308 2785 1481 2836 erunt
1510 2781 1897 2836 consubstan-

242 2864 435 2934 tiales,
470 2881 603 2921 cum
637 2865 730 2922 ille
761 2884 823 2922 se
853 2884 967 2923 non
996 2868 1283 2941 genitum,
1316 2869 1425 2926 iste
1455 2874 1648 2926 autem
1681 2886 1744 2925 se
1790 2885 1888 2943 ge-

246 2953 439 3009 nitum
471 2959 626 3011 esset
656 2956 840 3012 norit?
857 2956 1071 3014 0rth.Si
1104 2976 1219 3014 non
1249 2960 1513 3033 genitum
1541 2965 1600 3015 et
1629 2959 1893 3032 genitum

249 3041 560 3099 existimas
592 3043 751 3116 ipsas
782 3061 910 3101 esse
941 3053 1187 3103 naturas
1216 3063 1230 3102 :
1264 3048 1419 3103 norit
1473 3064 1607 3104 vero
1665 3046 1894 3103 Gabriel

246 3148 309 3189 se
339 3132 548 3204 genita;
574 3150 704 3189 esse
733 3140 977 3204 natura,
1012 3136 1113 3208 qui
1146 3137 1211 3191 fit
1241 3137 1394 3210 quod
1428 3154 1543 3192 non
1574 3138 1751 3193 etiam
1784 3136 1897 3193 Ga-

242 3221 385 3277 briel
418 3221 495 3276 sit
541 3224 1063 3282 consubstantialis
1119 3224 1315 3282 Filio?
1368 3225 1428 3282 Si
1482 3242 1617 3283 vero
1676 3231 1897 3282 naturae

243 3310 456 3384 genitis
510 3327 644 3366 cum
691 3312 768 3367 sit
795 3312 1022 3369 Gabriel
1056 3331 1171 3371 non
1206 3314 1365 3371 novit
1393 3315 1677 3388 seipsum,
1711 3314 1900 3387 liquet

243 3369 395 3469 quod
428 3399 691 3471 genitum
725 3417 853 3457 esse
884 3419 997 3458 non
1032 3369 1269 3474 sit‘ipsa—
1295 3369 1643 3461 naturaiiSi
1664 3369 1677 3385 Ι
1700 3369 1895 3460 autem
1928 3369 1972 3436 c

244 3504 362 3543 non
395 3487 544 3543 idem
579 3494 669 3545 est
700 3496 907 3545 natura
938 3492 1093 3564 quod
1127 3493 1388 3564 genitum
1421 3510 1571 3559 esse,
1601 3509 1707 3549 nec
1743 3493 1900 3548 idem

247 3580 420 3634 erunt
449 3593 565 3634 non
592 3578 858 3650 genitum
891 3596 1022 3637 esse
1050 3585 1108 3637 et
1137 3586 1367 3638 natura.
1394 3583 1505 3639 Sed
1525 3598 1663 3638 cave
1679 3583 1896 3639 factum

247 3665 410 3722 dicas
438 3666 671 3732 Filium,
692 3683 887 3724 rerum
918 3670 1182 3726 omnium
1216 3671 1481 3743 opificem
1507 3687 1521 3728 :
1547 3676 1607 3728 at
1636 3671 1899 3745 genitum

248 3754 467 3827 apelles
497 3759 669 3827 prout
700 3757 985 3829 scriptum
1019 3759 1406 3816 est.Genitum
1441 3761 1596 3816 enim
1630 3777 1757 3817 esse
1815 3764 1905 3816 cst

249 3844 468 3901 habere
524 3844 788 3913 Patrem;
849 3852 908 3903 at
939 3848 1155 3905 factum
1188 3866 1337 3915 esse,
1367 3855 1454 3907 est
1485 3851 1700 3906 habere
1729 3850 1901 3923 Opiﬁ-

253 3950 402 3990 cem.
433 3934 629 3990 Nostri
662 3937 899 4008 quidem
931 3938 1124 4011 opifex
1152 3945 1241 3997 est
1269 3940 1422 3997 Deus
1451 3944 1626 3996 Pater
1653 3956 1756 4013 per
1812 3940 1903 3996 Fi-

255 4021 437 4090 lium;
464 4027 522 4079 at
551 4023 675 4079 Filii
708 4026 798 4081 sui
832 4028 1172 4100 neutiquam
1207 4028 1418 4102 opifex,
1452 4029 1551 4085 sed
1587 4034 1902 4086 Pater:ne~

256 4128 371 4184 que
424 4113 581 4168 enim
625 4115 936 4186 quisquam
971 4117 1060 4172 sui
1097 4117 1199 4173 ﬁlii
1231 4119 1423 4192 opifex
1455 4123 1545 4175 est
1576 4136 1588 4175 :
1624 4119 1902 4191 quoniam

256 4219 371 4258 non
405 4202 662 4275 amplius
692 4208 848 4260 esset
878 4210 1060 4274 pater,
1095 4209 1193 4263 sed
1226 4208 1448 4278 opifex;
1490 4209 1683 4282 opifex
1740 4225 1904 4265 nam-

259 4309 372 4364 que
429 4297 537 4363 est,
599 4295 694 4366 qui
752 4312 900 4366 opus
939 4300 1103 4353 extra
1134 4314 1195 4353 se
1227 4298 1285 4353 in
1320 4304 1513 4355 ortum
1546 4299 1818 4367 adducit;
1850 4302 1911 4354 at.

258 4386 427 4455 pater
455 4382 504 4439 is
532 4389 640 4452 est,
672 4385 772 4457 qui
806 4403 873 4440 ex
903 4386 1096 4457 seipso
1126 4387 1330 4460 gignit.
1366 4394 1511 4444 Dum
1545 4393 1738 4445 autem
1784 4390 1907 4463 Opi-

259 4472 427 4527 ﬁcem
464 4477 638 4528 Deum
675 4475 843 4530 audis
877 4476 1135 4548 apellari,
1164 4494 1534 4551 nequaquam
1564 4478 1668 4534 tibi
1701 4477 1908 4552 imagi-

258 4560 416 4617 neris
463 4562 938 4635 defatigationem
971 4570 1074 4622 aut
1102 4566 1321 4623 laboris
1346 4568 1675 4624 molestiam
1710 4585 1723 4623 :
1758 4568 1913 4623 sicut

2077 2510 2160 2565 17.
2196 2507 2511 2582 Ἀνόμοιος.
2572 2506 2640 2563 Ei’
2695 2508 2988 2582 ἁγεννήτου
3044 2504 3254 2585 φύσεως
3316 2504 3580 2581 ὑπάρχων
3632 2506 3661 2560 6

2003 2598 2132 2659 Θεὸς
2190 2598 2218 2651 6
2276 2594 2689 2673 παντοκράτωρ,
2738 2602 3008 2670 γεννητῆς
3083 2615 3293 2674 φυσεως
3353 2594 3455 2650 οὐκ
3512 2591 3658 2649 οἶδεν

2003 2687 2212 2743 ἑαυτόνο
2247 2689 2275 2742 6
2307 2684 2366 2742 δὲ
2423 2686 2574 2755 Υἱὸς,
2602 2692 2864 2762 γεννητῆς
2912 2684 3121 2763 φύσεως
3174 2682 3458 2761 ὑπάρχων,
3489 2687 3655 2738 τοῦτο

2001 2778 2255 2854 γινώσκει
2285 2774 2495 2847 ἑαυτὸν,
2528 2773 2660 2851 ὅπερ
2692 2772 2823 2831 ἐστί·
2856 2779 2973 2836 πῶς
3002 2774 3061 2830 ἂν
3097 2771 3280 2844 εῗῆσαν
3341 2771 3657 2847 ὁμοούσιοι,

2001 2870 2100 2922 τοῦ
2155 2867 2249 2940 μὲν
2304 2866 2667 2942 γινώσκοντος
2714 2864 2900 2920 ἑαυτὸν
2946 2863 3259 2939 ἀγέννητον,
3285 2866 3384 2917 τοῦ
3434 2858 3491 2917 δὲ
3539 2882 3658 2939 γεν-

2007 2956 2206 3027 νητόν;
2242 2957 2388 3032 Ὀρθ.
2423 2954 2484 3010 Ei
2512 2955 2575 3010 τὸ
2622 2953 2912 3031 ἀγέννητον
2956 2952 3045 3008 καὶ
3102 2952 3355 3029 γεννητὸν
3413 2950 3660 3032 νομίζεις

2005 3048 2138 3103 εἶναι
2169 3047 2266 3109 τὰς
2296 3030 2503 3125 φύσεις,
2533 3042 2648 3101 οἵδε
2697 3042 2755 3100 δὲ
2798 3045 2982 3099 ἑαυτὸν
3031 3042 3121 3099 καὶ
3170 3038 3415 3114 Γαϐριὴλ
3465 3030 3650 3117 γέν-ιη-

2005 3143 2104 3206 τῆς
2134 3135 2366 3215 φύσεως
2398 3139 2514 3197 πῶς
2554 3133 2653 3189 οὐκ
2682 3133 2741 3189 ἂν
2791 3129 2872 3203 εἶή
2932 3132 3022 3188 καὶ
3072 3127 3320 3209 Γαϐριὴλ
3365 3131 3658 3204 ὁμοούσιος

2004 3230 2084 3297 τῷ
2112 3214 2262 3297 Titi);
2296 3223 2360 3281 El
2410 3221 2467 3279 δὲ
2513 3230 2777 3298 γεννητῆς
2823 3222 3033 3301 φύσεως
3077 3220 3150 3275 ὣν
3185 3222 3213 3276 6
3262 3214 3508 3296 Γαϐριὴλ
3559 3218 3661 3275 οὐκ

2010 3312 2150 3371 οἶδεν
2185 3314 2394 3387 ἑαυτὸν,
2428 3309 2679 3384 εὔδηλον,
2713 3310 2795 3367 ὅτι
2828 3311 2928 3368 οὐκ
2958 3306 3068 3367 ἔστι
3096 3311 3160 3367 τὸ
3191 3310 3448 3385 γεννητὸν
3482 3308 3660 3388 φύσις.

2011 3405 2073 3463 Ei
2106 3402 2163 3460 δὲ
2191 3403 2292 3459 οὐκ
2321 3402 2431 3458 ἔστι
2460 3404 2522 3458 τὸ
2551 3403 2801 3479 γεννητὸν
2853 3401 3029 3480 φύσις,
3080 3397 3206 3456 οὐδὲ
3261 3401 3324 3455 τὸ
3374 3397 3659 3475 ἁγέννητόν

2010 3495 2120 3550 ἐστι
2173 3493 2352 3573 φῦσις.
2390 3492 2616 3563 Γενητὸν
2651 3489 2708 3547 δὲ
2740 3492 2818 3565 μή
2873 3489 2998 3567 λέγε
3051 3489 3143 3545 τὸν
3198 3489 3346 3563 Υἱὸν,
3374 3488 3466 3543 τὸν
3520 3509 3665 3563 γενε-

2013 3584 2267 3659 σιουργὸν
2315 3586 2422 3637 τῶν
2473 3582 2746 3636 ἁπάντων·
2800 3577 2946 3635 ἀλλὰ
2986 3578 3237 3654 γεννητὸν
3281 3577 3420 3646 εἰπὲ,
3450 3576 3525 3640 ὡς
3571 3580 3661 3652 γέ-

2013 3692 2270 3748 γραπται.
2301 3669 2561 3742 Γεννητὸν
2594 3671 2687 3744 μὲν
2721 3667 2824 3745 γάρ
2857 3666 2967 3723 ἐστι
3006 3668 3077 3723 ’τὸ
3125 3666 3338 3743 Πατέρα
3387 3663 3538 3742 ἔχον,
3568 3686 3665 3743 γι-

2012 3766 2176 3833 νητὸν
2210 3758 2267 3816 δὲ
2295 3760 2358 3815 τὸ
2388 3759 2768 3836 γενεσιουργὸν
2801 3753 2952 3833 ἕχον.
2989 3758 3174 3829 Ἦμῶν
3209 3756 3300 3810 οὖν
3352 3775 3662 3831 γενεσιουρ-

2014 3852 2109 3928 γὸς
2140 3851 2169 3906 6
2200 3850 2329 3913 Θεὸς
2379 3846 2467 3905 διὰ
2514 3852 2611 3904 τοῦ
2641 3848 2790 3902 Υἱοῦο
2821 3850 2920 3902 τοῦ
2968 3842 3027 3901 δὲ
3073 3846 3203 3900 Υἶοῦ
3247 3846 3447 3919 Πατὴρ,
3487 3842 3663 3899 οὐκέτι

2018 3939 2075 3995 δὲ
2120 3939 2494 4016 γενεσιουργός
2531 3957 2544 3970 °
2596 3934 2773 3998 οὐδεὶς
2816 3936 2919 4013 γὰρ
2963 3939 3061 3990 τοῦ
3113 3936 3304 3991 ἑαυτοῦ
3353 3934 3474 3989 υἱοῦ
3522 3953 3668 4007 γενε-

2018 4026 2272 4107 σιουργός
2302 4027 2465 4084 ἐστιν·
2500 4026 2614 4083 ἐπεὶ
2647 4026 2746 4082 οὐκ
2798 4022 2874 4081 ἔτι
2918 4026 3122 4100 πατὴρ,
3164 4020 3309 4079 ἀλλὰ
3353 4042 3662 4098 γενεσιουρ-

2016 4116 2133 4195 γὸς.
2167 4116 2549 4194 Γενεσιουργὸς
2610 4113 2656 4171 δ’
2704 4114 2844 4169 ἐστὶν
2899 4115 2926 4169 6
2985 4110 3173 4184 ἔξωθέν
3220 4133 3272 4167 τι
3333 4112 3408 4175 εἰς
3461 4110 3662 4187 γένεσιν

2018 4211 2182 4284 ἅγων’
2216 4208 2396 4280 πατὴρ
2446 4204 2504 4262 δὲ
2544 4207 2572 4261 6
2613 4205 2665 4275 ἐξ
2707 4202 2872 4259 αὐτοῦ
2921 4206 3145 4279 γεννῶν.
3178 4200 3559 4278 Γενεσιουργὸν
3609 4196 3668 4254 δὲ

2021 4297 2232 4353 ἁκούων
2266 4297 2355 4352 τὸν
2383 4296 2537 4365 Θεὸν,
2572 4296 2648 4368 μὴ
2698 4288 2916 4349 ὑπονόει
2959 4287 3127 4348 κόπον
3178 4291 3267 4347 καὶ
3311 4286 3545 4367 μόχθονο
3579 4288 3667 4344 καὶ

2020 4386 2234 4461 Πατέρα
2291 4387 2523 4455 ἁκούων,
2579 4385 2654 4457 μὴ
2711 4385 2858 4454 ζήτει
2912 4381 3111 4459 ῥεῦσιν,
3163 4380 3308 4437 ἀλλὰ
3354 4380 3667 4457 θεοπρεπῶς

2020 4473 2153 4546 νόει,
2182 4474 2274 4531 ’ίνα
2329 4476 2458 4536 Θεὸς
2509 4474 2658 4549 γένῃ,
2688 4473 2778 4527 καὶ
2815 4473 2889 4546 μὴ
2950 4471 3024 4534 ὡς
3067 4472 3351 4546 ἅνθρωπος
3402 4469 3669 4544 ἀποθάνῃ.

2021 4562 2216 4639 Ἀνὸμ.
2252 4564 2315 4620 Εἰ
2363 4565 2438 4638 μὴ
2481 4563 2544 4618 τὸ
2588 4563 2879 4637 ἀγέννητον
2925 4562 3024 4631 τὴν
3073 4556 3364 4616 ὗπὸστασιν
3409 4564 3508 4615 τοῦ
3539 4563 3673 4616 Θεοῦ

259 4656 316 4708 et
372 4669 506 4708 cum
564 4652 794 4709 Patrem
855 4654 1024 4711 audis
1057 4655 1193 4722 dici,
1228 4673 1299 4712 ne
1331 4673 1506 4729 quem
1545 4678 1572 4709 ιι
1603 4656 1848 4713 seminis
1882 4681 1894 4706 ›

2020 4654 2367 4732 παρίστησιν,
2417 4650 2543 4708 ἀλλ’
2603 4650 2813 4707 ἐπίνοιά
2870 4649 3009 4706 ἐστιν
3072 4648 3381 4727 ἀνθρωπίνη
3444 4652 3558 4722 (70)
3611 4649 3674 4703 τὸ

258 4742 541 4797 etﬂuxum
576 4743 842 4815 requiras
877 4761 888 4797 :
933 4744 1029 4799 sed
1065 4743 1150 4800 ita
1180 4746 1251 4800 de
1284 4746 1376 4801 his
1433 4746 1646 4818 cogita,
1678 4751 1745 4801 ut
1805 4746 1894 4801 ῡει

2023 4744 2346 4820 ἀσύγκριτον
2380 4739 2572 4815 ὄνομα,
2606 4742 2768 4818 χάριν
2811 4744 2930 4803 τοῖς
2991 4737 3311 4810 ἐπινοήσασι
3358 4738 3614 4815 γινώσκει
3647 4739 3677 4792 6

258 4831 507 4904 dignum
540 4835 596 4886 et
625 4832 975 4888 conveniens
1003 4837 1184 4898 est,ut
1217 4838 1363 4890 Deus
1394 4834 1690 4906 efﬁciaris,
1711 4839 1769 4891 et
1799 4851 1894 4891 nor

2024 4833 2178 4905 Θεὸς,
2199 4830 2286 4888 διὰ
2315 4833 2377 4888 τὸ
2407 4830 2726 4907 ἀγέννητον,
2746 4831 2843 4899 τὴν
2877 4829 3156 4904 ὑπεροχὴν
3184 4832 3283 4883 τοῦ
3317 4827 3584 4900 ὀνόματος
3614 4826 3676 4882 οὐ

259 4919 414 4975 sicut
444 4919 621 4975 homo
656 4920 998 4999 moriaris.“
1022 4924 1220 4978 Anam.
1274 4924 1334 4980 Si
1389 4940 1498 4980 vox
1556 4940 1669 4980 non
1730 4924 1893 4997 genit

2025 4922 2201 5001 φέρων
2234 4923 2284 4977 ἐν
2319 4921 2495 4993 οὐσίᾳ.
2531 4922 2677 4997 Ὀρθ.
2709 4920 2769 4975 ΕΞ
2802 4919 2863 4975 τὸ
2894 4917 3185 4995 ἀγέννητον
3235 4917 3335 4985 τὴν
3386 4916 3676 4973 ὑπόστασιν

258 5025 374 5065 non
407 5009 665 5080 declarat
702 5010 796 5066 Dei
827 5010 1349 5082 sul:stantiam,sed
1382 5018 1781 5072 commentum
1805 5014 1894 5070 but

2023 5017 2121 5070 τοῦ
2173 5016 2311 5069 Θεοῦ
2358 5010 2676 5086 παρίστησι,
2707 5009 2797 5065 καὶ
2844 5006 3006 5063 τοῦτό
3063 5006 3174 5063 ἐστι
3234 5006 3298 5062 τὸ
3355 5006 3674 5083 ἀσύγκριτον

259 5113 504 5154 manum
538 5102 628 5155 est
648 5098 1106 5174 incomparabile
1123 5100 1267 5158 illud
1291 5103 1783 5176 nomen,gratiam
1807 5104 1893 5159 uti

2022 5107 2121 5159 τοῦ
2177 5107 2311 5159 Θεοῦ
2370 5098 2565 5175 ὄνομα
2609 5103 2727 5159 πῶς
2777 5097 2876 5153 οὐκ
2912 5094 3155 5167 ἐδίδαξαν
3201 5099 3349 5170 ἡμᾶς
3403 5101 3566 5151 τοῦτο
3621 5094 3674 5148 αἱ

263 5204 377 5261 que
407 5188 644 5246 debebit
672 5189 828 5247 Deus
855 5190 951 5259 iis,
984 5190 1085 5263 qui
1117 5208 1228 5247 non
1264 5192 1527 5265 genitum
1564 5192 1705 5249 illud
1757 5210 1894 5249 cum

2027 5198 2164 5258 θεῖαι
2208 5190 2414 5269 Γραφαί
2444 5210 2457 5258 ;
2490 5184 2648 5244 Ἀλλ’
2698 5185 2906 5264 ἐσφάλη
2961 5183 3177 5249 Παῦλος
3223 5184 3285 5240 τὸ
3342 5180 3528 5245 σκεῦος
3577 5188 3677 5251 τῆς

261 5281 443 5335 menti
475 5281 768 5354 sunt,ipse
797 5281 1053 5337 nominis
1082 5281 1480 5337 excellentiam
1502 5283 1562 5338 in
1586 5283 1894 5340 substantia

2027 5280 2285 5356 ἐκλογῆς,
2316 5280 2380 5335 τὸ
2412 5275 2680 5357 ἄφθαρτον
2705 5275 2796 5331 xui
2840 5275 3068 5348 ἀόρατον
3120 5273 3266 5347 αὖτῷ
3317 5274 3464 5349 μόνῳ
3511 5293 3681 5349 προσ-

259 5387 375 5427 non
406 5371 618 5429 ferens.
654 5371 807 5428 Orth.
842 5373 901 5430 Si
933 5388 1049 5429 non
1076 5372 1341 5446 genitum
1384 5388 1516 5430 esse
1576 5375 1671 5429 Dei
1730 5373 1894 5448 hypo'

2028 5375 2164 5427 εἶναι
2222 5366 2437 5440 διδάξας
2487 5367 2578 5423 καὶ
2639 5367 2717 5439 μὴ
2761 5365 2825 5421 τὸ
2873 5365 3191 5441 ἀγέννητον.
3224 5360 3445 5434 Ἐπειδή
3505 5360 3564 5419 δὲ
3619 5362 3684 5418 σὺ

329 5570 375 5606 ⁸⁸
402 5573 574 5627 Joan.
609 5588 648 5639 ι,
683 5570 736 5639 4,
766 5574 821 5626 2.
899 5571 944 5605 ⁶⁶
972 5568 1127 5625 Psal.
1166 5585 1352 5638 Lxxx1,
1380 5571 1435 5638 6,
1467 5570 1521 5624 7.

338 5759 453 5831 (69)
485 5756 580 5815 Sic
611 5772 816 5814 omnes
847 5773 993 5815 mss.
1026 5761 1088 5813 In
1121 5757 1215 5814 ed.
1242 5754 1333 5810 καί
1359 5756 1544 5813 deest.

2107 5754 2224 5827 ('70)
2256 5750 2557 5812 Palatinus
2589 5750 2642 5821 1,
2672 5748 3006 5825 ἀνθρώποις.
