4116 6356
369 388 525 450 1185

1331 386 1432 450 DE
1478 381 1778 448 SANCTA
1828 379 2256 445 'l‘RINI'l'ATlC
2306 386 2688 454 DlALOGUS
2733 395 2811 454 ll.

3623 412 3777 470 1186

362 521 671 596 σοφώτερος
706 517 879 580 Θέλεις
914 517 1180 574 εἶναιτῶν
1213 518 1370 582 θείων
1401 522 1646 596 Γραφᾶνδ,
1683 517 1798 571 εἶπε
1839 514 1882 568 εί
1939 516 2012 585 μὴ

2134 517 2313 572 stasin
2345 528 2808 590 reprmsentat,et
2832 525 2887 578 in
2921 543 2985 580 eo
3018 531 3287 588 consistit
3319 535 3774 610 incomparabile

366 609 431 662 τὸ
465 610 732 684 ἀφθαρτον
767 609 855 662 καὶ
885 609 948 662 τὸ
979 608 1205 682 ἀόρατον
1235 605 1322 662 καὶ
1354 607 1416 661 τὸ
1458 604 1678 680 ἀψευδὲς
1727 606 1826 672 την
1889 601 2018 656 ὑπό-

367 719 553 751 στασιν
603 701 699 751 τοῦ
750 701 884 751 Θεοῦ
930 697 1278 772 παρίστησιν·
1338 697 1381 750 εἰ
1425 697 1524 772 γὰρ
1559 695 1620 750 οὐ
1668 692 2014 766 παρίστησιν,

365 786 579 864 ἐσφάλη
615 785 870 857 εἷρηκώς·
919 813 939 838 σ
997 786 1307 863 Ἀφθάρτῳ,
1363 787 1600 862 ἀοράτῳ,
1659 784 1808 856 μόνῳ
1865 786 2016 859 σοφῷ

361 881 498 948 Θεῷ.
535 901 561 926 ››
595 875 659 932 Εἴ
690 875 794 951 γὰρ
828 874 927 930 οὐκ
957 873 1097 929 ἔστιν
1131 875 1182 928 ἐν
1216 874 1400 936 αὐτοῖς
1428 875 1488 928 τὸ
1520 873 1864 947 ἀσύγκριτον,
1919 870 2018 925 ούκ

364 960 478 1018 ἔστι
516 963 683 1037 μόνος
719 965 986 1040 ἄφθαρτος
1019 963 1108 1018 καὶ
1142 963 1390 1038 ἀόρατος·
1429 963 1472 1018 εἰ
1507 962 1563 1016 δὲ
1593 961 1758 1034 μόνος
1809 959 1922 1035 ἔχει
1955 961 2016 1013 τὸ

365 1053 638 1131 ἄφθαρτον
661 1053 750 1107 καὶ
811 1053 871 1106 τὸ
915 1052 1169 1128 ἀόρατον,
1219 1052 1270 1108 ἐν
1321 1052 1534 1114 τούτοις
1573 1052 1635 1106 τὸ
1669 1051 2017 1125 ἀσύγκριτον,

359 1143 454 1196 καὶ
485 1142 584 1216 ούκ
615 1141 665 1196 ἐν
698 1143 768 1213 τῇ
797 1144 864 1216 σῇ
898 1139 1125 1214 ἐπινοίᾳ·

2131 605 2273 660 illud
2313 609 2405 662 Dei
2442 627 2678 681 nomen,
2711 619 3003 684 quomodo
3046 618 3102 672 id
3138 637 3242 676 nos
3284 641 3396 678 non
3447 605 3773 689 docuerunt

2129 693 2336 750 divine
2368 697 2637 755 Littera}?
2660 702 2808 766 Quin
2839 709 2894 758 et
2926 704 3136 762 Paulus
3169 709 3310 766 illud
3345 713 3642 776 electionis
3674 740 3774 778 vas

2129 781 2330 854 lapsus
2363 791 2472 854 est,
2505 804 2635 843 cum
2698 791 2897 846 docuit
2945 801 3273 866 competere
3319 802 3442 873 ipso
3483 807 3592 862 soli
3643 827 3772 868 esse

2127 871 2627 946 incorruptibilem
2661 888 2714 935 et
2747 881 3121 950 invisibilem,
3158 906 3268 943 non
3306 871 3433 948 vero
3469 913 3579 951 non
3613 902 3774 969 geni-

2126 966 2272 1016 tum.
2293 967 2397 1020 Sed
2433 970 2667 1037 quando
2701 976 2759 1024 tu
2785 973 2873 1026 vis
2903 974 3220 1044 sapientior
3249 997 3376 1035 esse
3408 966 3776 1046 divinis—Lit-

2125 1053 2633 1128 teris,dic,qua:so,
2661 1061 2911 1129 mihi,au
2938 1082 3052 1120 non
3077 1067 3602 1144 incorruptibilem,
3629 1079 3776 1135 invi-

2127 1141 2354 1198 sibilem
2387 1150 2442 1200 et
2486 1150 2773 1204 mendacii
2823 1160 3116 1224 expertem
3149 1172 3278 1214 esse
3320 1141 3554 1219 denotet
3584 1141 3775 1238 ipsam

366 1233 474 1287 Dei
509 1233 850 1304 hypostasin
883 1249 895 1286 :
932 1232 978 1288 si
1011 1233 1168 1327 enim
1203 1249 1314 1288 non
1347 1233 1644 1299 denotant,
1671 1231 1874 1327 lapsus
1904 1235 1991 1284 est
2021 1231 2440 1327 cum-diceret:
2469 1236 2627 1292 «Soli
2662 1238 3109 1314 incorruptiliili,
3134 1245 3411 1304 invisibili
3441 1259 3498 1308 et
3527 1231 3778 1327 sapienti

365 1326 478 1376 Deo
507 1321 593 1376 “'.
629 1344 656 1370 ››
691 1321 812 1376 Nisi
839 1321 994 1376 enim
1030 1320 1187 1377 hisce
1218 1322 1747 1394 comprehendatur
1778 1318 2255 1390 incomparabilis
2291 1320 2388 1377 illa
2418 1327 2774 1395 praestantia,
2812 1346 2923 1384 non
2956 1331 3065 1385 erit
3095 1334 3256 1390 solus
3290 1336 3387 1392 ille
3419 1318 3773 1418 incorrupti~

358 1410 495 1465 bilis
528 1415 704 1481 atque
733 1410 1043 1466 invisibilis
1068 1428 1080 1466 :
1101 1410 1194 1467 sin
1224 1427 1356 1466 vero
1387 1410 1496 1466 soli
1528 1411 1576 1466 ei
1610 1410 1887 1480 competit
1919 1407 2444 1479 incorruptibilitas
2475 1420 2531 1468 et
2555 1414 2946 1486 invisibilitas,
2974 1423 3568 1493 comprehenderetur
3597 1407 3774 1491 etiam

364 1501 422 1553 in
457 1499 546 1554 his
577 1499 678 1554 illa
708 1499 1186 1571 incomparabilis
1218 1501 1575 1572 praestantia,
1607 1503 1663 1555 et
1697 1515 1808 1554 non
1843 1498 1900 1552 in
1937 1506 2038 1552 tuo
2071 1503 2420 1556 commento.

440 1590 522 1643 18.
573 1586 764 1661 Ἀνόμ..
846 1589 910 1642 Ei.
964 1585 1155 1657 ἔξωθεν
1215 1587 1587 1664 ἐπιθεωρεῖται
1644 1591 1724 1658 τῷ
1782 1591 1899 1657 Θεῷ
1948 1585 2012 1639 τὸ

366 1677 681 1752 ἀγέννητον,
742 1678 793 1730 οἱ
855 1675 1312 1752 ἐπιθεωρήσαντες
1380 1681 1477 1732 τοῦ
1553 1675 2017 1752 ἐπιθεωρηθέντος

363 1765 498 1820 εἰσὶν
523 1765 795 1838 ἀμείνους,
825 1771 1066 1840 κρεῖττον
1100 1767 1274 1838 ὄνομα
1301 1774 1401 1835 τῆς
1455 1765 1664 1844 φύσεως
1716 1765 1861 1836 αὐτῴ
1914 1786 2011 1818 πο-

2203 1589 2286 1642 18.
2322 1589 2511 1645 Anom.
2560 1593 2614 1648 Si
2667 1596 3025 1654 extrinsecus
3083 1600 3137 1654 in
3203 1603 3314 1659 Deo
3372 1610 3780 1670 consideratur

2129 1693 2338 1733 nomen
2373 1697 2487 1734 non
2512 1683 2712 1753 geniti,
2741 1687 2836 1754 qui
2862 1689 3191 1758 cogitarunt
3227 1694 3476 1763 potiores
3509 1706 3682 1756 erunt
3708 1720 3774 1758 eo

2126 1765 2218 1819 cui
2251 1768 2603 1860 attributum
2636 1779 2743 1837 est,
2776 1780 2968 1846 utpote
2997 1778 3092 1848 qui
3131 1799 3337 1836 nomen
3383 1790 3587 1844 natura
3627 1807 3774 1860 prae-

365 1857 670 1930 ρισάμενοι.
727 1856 869 1930 Ὀρθ.
926 1856 1011 1923 Μὴ
1067 1857 1203 1929 ὑψοῦ
1252 1857 1326 1917 ὡς
1374 1857 1618 1931 εὑρηκὼς
1666 1856 1727 1909 τὸ
1757 1859 1854 1908 τοῦ
1881 1858 2017 1909 Θεοῦ

2134 1856 2384 1911 stantius
2415 1857 2463 1913 ei
2499 1861 2886 1917 attribuerint.
2924 1866 3073 1920 Orth.
3110 1868 3232 1922 Noli
3270 1873 3585 1931 insolenter
3609 1856 3776 1934 exul-

363 1940 566 2017 ὅνομα,
617 1947 831 2016 μήποτε
881 1944 1132 2018 ἀκούσης·
1189 1969 1216 1995 ‹‹
1266 1945 1360 2000 Καὶ
1394 1945 1477 2013 σὺ,
1514 1944 1894 2020 Καπερναοῦμ,
1927 1943 2012 1996 ἐὰν

359 2033 472 2095 ἓως
519 2037 616 2087 τοῦ
671 2033 898 2109 οὐρανοῦ
951 2034 1194 2106 ὑψωθῇς,
1244 2033 1370 2088 ἀλλ’
1419 2031 1524 2096 ἕως
1559 2031 1690 2104 ᾇδου
1719 2028 2015 2088 καταϐιϐα-

362 2124 564 2196 σθήσῃ.
603 2146 631 2174 ι(
656 2124 778 2179 ’Ότι
814 2120 870 2176 δὲ
905 2123 1035 2198 ὑπὲρ
1065 2122 1264 2192 ταύτην
1301 2122 1725 2200 ὑψηλοφρονεῖς,
1777 2123 2014 2185 ἐντεῦθεν

365 2210 561 2283 δῆλον,
607 2211 665 2266 ἐκ
710 2215 806 2266 τοῦ
851 2213 947 2280 τὴν
1004 2213 1098 2285 μὲν
1165 2212 1517 2267 θεόπνευστον
1569 2215 1785 2288 Γρασην
1839 2211 2015 2286 λέγειν

363 2300 643 2376 εἳρηκὲναι
671 2301 762 2355 τὸν
796 2300 948 2355 Θεόν·
987 2327 1007 2350 ι
1045 2302 1308 2376 “Ωφθην,››
1343 2302 1496 2380 φησί,
1519 2327 1544 2353 ‹‹
1580 2302 1717 2376 πρὸς
1746 2297 2016 2375 Ἀϐραὰμ,

361 2391 456 2444 καὶ
481 2391 678 2456 Ἰσαὰκ,
729 2391 818 2444 καὶ
867 2385 1082 2461 Ἰακὼϐ,
1133 2390 1264 2452 Θεὸς
1315 2387 1388 2444 ὢν
1440 2389 1638 2461 αὐτῶν,
1680 2390 1767 2444 καὶ
1800 2390 1862 2444 τὸ
1894 2389 2016 2444 δνο-

372 2477 448 2551 μά
474 2500 577 2550 μου
610 2477 708 2532 οὐκ
737 2475 993 2548 ἐδήλωσα
1023 2477 1228 2540 αὐτοῖς·
1263 2503 1290 2530 ‹‹
1327 2477 1387 2532 σὺ
1415 2476 1472 2532 δὲ
1505 2476 1686 2552 λέγεις
1736 2479 2020 2554 εὑρηκέναι

369 2566 521 2624 αὐτό.
555 2568 678 2624 ’Ότι
712 2563 769 2620 δὲ
796 2567 859 2621 τὸ
890 2567 1176 2641 ἀγέννητον
1208 2568 1306 2622 οὑκ
1337 2567 1476 2621 ἔστιν
1519 2563 1691 2639 ὄνομα
1733 2572 1828 2621 τοῦ
1859 2572 2017 2635 Θεοῦ,

371 2655 540 2725 δῆλόν
576 2655 716 2710 ἐστιν
767 2655 826 2710 ἐκ
871 2660 968 2710 τοῦ
1001 2654 1176 2732 λέγειν
1222 2657 1312 2710 τὸν
1349 2656 1561 2732 Κύριον·
1601 2681 1626 2708 ‹‹
1665 2656 2018 2732 Πορευθέντες

371 2746 743 2818 μαθητεύσατε
791 2744 963 2800 πάντα
1012 2746 1076 2800 τὰ
1123 2743 1272 2816 ἔθνη,
1323 2746 1667 2821 βαπτίζοντες
1720 2746 1913 2807 αὑτοὺς
1946 2747 2020 2807 είς

366 2836 428 2888 τὸ
483 2831 657 2908 ὄνομα
709 2839 806 2890 τοῦ
868 2835 1094 2910 Ηατρὸς,
1153 2835 1240 2890 καὶ
1298 2839 1394 2890 τοῦ
1441 2836 1584 2892 Υίοῦ.
1617 2835 1705 2890 καὶ
1736 2840 1833 2890 105
1865 2836 2020 2910 ἁγίου

367 2923 748 2997 ῘΙνεύματος.»
780 2927 844 2977 "0
875 2925 976 2998 γὰρ
1011 2923 1098 2978 ἐὰν
1128 2923 1280 2991 εἶ’πης
1313 2919 1486 2996 ὄνομα
1515 2929 1612 2979 τοῦ
1634 2925 1840 2998 Πατρὸς
1860 2926 2019 2994 εἶναι,

364 3018 526 3069 τ’»ὖτο
557 3013 646 3067 καὶ
678 3017 775 3067 τοῦ
808 3014 959 3080 Υίοῦ,
999 3013 1086 3068 καὶ
1110 3018 1206 3068 τοῦ
1239 3013 1391 3087 ἁγίου
1427 3012 1736 3086 ΙΙνεύματος
1786 3014 2020 3087 ἀναγκαο

369 3105 542 3176 σθήσῃ
573 3099 776 3156 δοῦναι·
812 3103 856 3156 εί
889 3102 990 3178 γὰρ
1027 3101 1165 3157 ἄλλο
1191 3107 1287 3156 τοῦ
1320 3103 1549 3178 [ἰατρὸς.
1596 3103 1683 3157 καὶ
1735 3100 1874 3158 ἄλλο
1923 3107 2020 3157 τοῦ

369 3192 520 3258 Υἱοῦ,
552 3190 639 3245 καὶ
674 3188 814 3244 ἄλλο
845 3196 942 3245 τοῦ
975 3190 1132 3266 ἁγίου
1167 3189 1499 3263 Πνεύματος·
1535 3189 1680 3267 εὗρες
1711 3189 1768 3246 δὲ
1815 3191 1877 3246 τὸ
1924 3196 2019 3245 τοῦ

377 3281 604 3354 ιιατρὸς,
640 3279 714 3340 ὡς
750 3278 1022 3352 ἐνόμισας·
1059 3281 1176 3335 εἰπὲ
1207 3280 1295 3334 καὶ
1326 3281 1388 3334 τὸ
1417 3277 1512 3334 τοῦ
1551 3281 1700 3334 Υἱοῦ·
1735 3279 1830 3334 κᾶν
1864 3279 2020 3354 εἶ’πῃς

378 3371 475 3420 τοῦ
507 3369 649 3433 Υἱοῦ,
685 3369 800 3422 εἰπὲ
825 3369 912 3423 καὶ
943 3369 1005 3423 τὸ
1034 3374 1131 3423 τοῦ
1174 3369 1328 3444 ἁγίου
1381 3371 1712 3442 Πνεύματος,
1751 3367 1844 3422 ’ίνα
1901 3369 2023 3424 τότε

375 3456 622 3530 ἀκούσῃς,
656 3457 870 3536 φάσκων
905 3459 1036 3512 εἶναι
1071 3459 1234 3536 σοφὸς
1269 3459 1611 3534 ἐμωράνθης·
1662 3461 1726 3513 ’Ὀ
1772 3459 1874 3533 γὰρ
1926 3459 2023 3512 οὐκ

372 3545 514 3600 εἶπεν
547 3548 582 3615 ἡ
620 3547 800 3621 Γραωή
835 3547 944 3622 οὐχ
975 3548 1242 3622 εὑρήσεις.
1277 3549 1338 3602 Et
1371 3544 1429 3602 δὲ
1476 3548 1717 3620 νομίζεις
1764 3552 1860 3602 τοῦ
1912 3555 2020 3602 Πα-

368 3635 499 3710 τρὸς
533 3635 666 3689 εἶναι
723 3635 786 3690 τὸ
836 3635 1146 3712 ἀγέννητον,
1196 3636 1284 3690 καὶ
1333 3641 1428 3690 τοῦ
1477 3637 1604 3690 Υἱοῦ
1653 3637 1714 3690 τὸ
1745 3637 2018 3711 γεννητὸν,

370 3729 529 3778 ποῖον
563 3726 663 3799 ἄρα
692 3723 898 3778 τούτων
926 3729 1005 3796 τῷ
1054 3725 1320 3797 [Ινεύματι
1370 3729 1481 3799 (71)
1532 3723 1766 3794 δώσεις;
1829 3722 2021 3798 Ἀνόμ,

370 3815 437 3868 Ei.
469 3814 554 3868 καἼ
589 3814 651 3867 τὸ
681 3813 922 3887 γέννημα
954 3815 1216 3889 ἅτρεπτὸν
1249 3814 1356 3869 ἐστι
1401 3816 1499 3883 τήν
1532 3816 1709 3892 φύσιν,
1745 3814 1891 3870 ἀλλὰ
1934 3813 2023 3870 διὰ

367 3903 462 3957 τὸν
523 3905 870 3976 γεννήσαντα·
916 3903 978 3957 τὸ
1028 3901 1084 3957 δὲ
1135 3903 1422 3979 ἀγέννητον
1477 3904 1630 3958 οὐσία
1672 3903 1836 3976 ἐστὶν,
1870 3907 2020 3980 ἅτρε-

372 4011 506 4051 πτος
537 3990 604 4058 δὴ
640 3995 754 4063 (72)
788 3988 876 4044 διὰ
903 3993 1000 4060 τὴν
1032 3993 1283 4067 γνώμην,
1314 3991 1440 4046 ἀλλ’
1473 3993 1534 4046 οὗ
1569 3990 1656 4046 διὰ
1683 3992 1745 4048 τὸ
1782 3992 1832 4046 ἐν
1867 3993 2024 4064 οὐσίᾳ

374 4079 608 4150 ἀξίωμα.
645 4080 795 4153 Ὀρθ.
835 4080 930 4133 Καὶ
962 4081 1006 4134 εί
1043 4083 1115 4153 μή
1154 4079 1292 4134 ἐστιν
1327 4080 1508 4142 οὐσίας
1557 4081 1824 4154 ἀξιώματι
1875 4081 2024 4156 ἅτρε-

375 4189 507 4229 πτος
540 4171 567 4224 ὁ
597 4173 693 4224 τοὺ
724 4173 857 4223 Θεοῦ
891 4170 1034 4240 Υἱὸς,
1070 4169 1176 4222 τίνι
1228 4167 1465 4242 διαφέρει
1506 4175 1612 4224 τῶν
1647 4168 1831 4224 ἄλλων
1868 4189 2022 4244 Λογι-

370 4263 482 4312 κῶν
526 4255 828 4330 δυνάμεων,
869 4256 956 4312 καὶ
1005 4257 1178 4312 αὐτῶν
1216 4257 1459 4333 ἐχουσῶν
1487 4259 1550 4313 τὸ
1582 4259 1840 4334 ἄτρεπτον
1876 4258 1926 4314 ἐν
1954 4263 2022 4333 τῇ

371 4347 570 4420 γνώμῃ
616 4350 713 4400 τοῦ
763 4345 1081 4415 κτίσαντος;
1123 4352 1238 4409 πῶς
1284 4344 1341 4401 δὲ
1370 4348 1459 4402 καὶ
1493 4347 1704 4410 ἀκούεις
1737 4349 1901 4402 αὑτοῦ
1934 4347 2024 4402 λέ-

368 4455 576 4509 γοντος·
611 4460 636 4486 ‹‹
677 4436 853 4490 Πάντα
882 4433 978 4489 ὅσα
1009 4433 1125 4510 ἔχει
1157 4437 1186 4489 ὁ
1219 4438 1426 4512 Πατήρ,
1461 4437 1564 4511 ἐμά
1615 4436 1776 4492 ἐστιν·
1813 4463 1838 4487 η
1874 4436 2023 4514 εἶ’περ

370 4522 476 4578 οὐκ
505 4522 554 4578 ἐν
585 4521 665 4596 τῷ
693 4530 794 4592 τῆς
823 4523 1008 4585 οὐσίας
1041 4523 1307 4597 ἀξιώματι
1339 4523 1453 4600 ἔχει
1483 4526 1546 4580 τὸ
1577 4527 1837 4602 ἄτρεπτον
1865 4545 1878 4594 ;

2125 1949 2244 1999 tare
2293 1947 2461 2017 quasi
2511 1951 2932 2022 excogitaveris
2981 1955 3079 2010 Dei
3132 1975 3364 2030 nomen,
3399 1981 3468 2018 ne
3497 1966 3640 2022 forte
3670 1986 3776 2024 au-

2127 2032 2296 2088 dias:
2336 2057 2362 2084 «
2397 2035 2461 2090 Et
2493 2047 2549 2091 tu
2601 2041 2988 2111 Capernaum,
3024 2063 3150 2116 quae
3198 2065 3381 2121 usque
3440 2054 3511 2108 ad
3564 2056 3774 2114 cmlum

2127 2121 2378 2178 exaltata
2407 2141 2685 2198 es,usque
2717 2131 2785 2182 ad
2821 2129 3037 2188 inferos
3070 2135 3418 2206 deprimeris
3447 2142 3508 2194 ⁸⁷.
3549 2166 3569 2193 ι
3615 2147 3779 2211 Quod

2129 2216 2325 2304 autem
2351 2213 2527 2274 altius
2549 2233 2615 2270 ea
2639 2219 2832 2288 sapias
2878 2243 2904 2268 «
2943 2223 3102 2292 urbe,
3128 2244 3152 2274 υ
3183 2224 3315 2281 inde
3338 2237 3596 2300 apparet,
3621 2235 3778 2304 quod

2130 2300 2415 2358 divinitus
2486 2305 2762 2375 inspirata
2812 2310 3110 2381 Scriptura
3181 2317 3514 2384 pronuntiet
3562 2300 3782 2379 diiisse

2129 2389 2309 2445 Deum
2346 2409 2358 2445 :
2390 2415 2415 2441 «
2452 2395 2710 2464 Apparui
2757 2397 3070 2465 Abraham,
3111 2403 3268 2458 Isaac
3319 2410 3376 2459 et
3410 2407 3611 2475 Jacob,
3645 2428 3780 2468 cum

2132 2478 2284 2534 Deus
2316 2480 2428 2535 sim
2461 2497 2688 2550 eorum,
2711 2489 2766 2539 et
2791 2502 3000 2541 nomen
3037 2505 3228 2546 meum
3265 2511 3376 2549 non
3413 2497 3782 2558 manifestavi

2135 2565 2247 2622 illis
2279 2569 2341 2622 ⁸⁸.
2367 2591 2393 2616 ››
2427 2570 2509 2624 Tu
2549 2587 2680 2626 vero
2715 2573 2856 2628 illud
2893 2580 2945 2630 te
2976 2577 3267 2636 invenisse
3299 2583 3464 2640 dicis.
3490 2587 3651 2650 Quod
3677 2607 3780 2645 au-

2129 2661 2247 2711 tem
2283 2675 2393 2712 non
2429 2660 2694 2729 genitum
2724 2679 2852 2718 esse
2881 2682 2994 2720 non
3033 2668 3109 2721 sit
3144 2669 3242 2724 Dei
3276 2688 3510 2741 nomen,
3544 2676 3677 2732 inde
3707 2678 3780 2733 li-

2131 2753 2290 2817 quet,
2316 2751 2468 2818 quod
2503 2748 2784 2807 Dominus
2807 2753 2999 2808 dicat:
3032 2780 3058 2805 «
3087 2757 3322 2825 Euntes,
3343 2763 3542 2820 docete
3573 2783 3782 2824 omnes

2130 2840 2353 2924 gentes,
2385 2837 2752 2908 baptizantes
2782 2858 2882 2896 eos
2915 2843 2970 2896 in
3021 2846 3254 2901 nomine
3304 2851 3460 2906 434
3489 2853 3699 2924 Patris,
3725 2862 3783 2914 et

2132 2923 2279 2990 Filii,
2313 2929 2368 2979 et
2398 2925 2651 2996 Spiritus
2683 2930 2868 2984 sancti
2901 2932 2964 2986 σθ.
3001 2955 3026 2979 ››
3063 2936 3222 2998 Quod
3257 2938 3413 2994 enim
3448 2959 3657 2999 nomen
3686 2923 3784 3001 Pa-

2132 3012 2238 3068 tris
2270 3029 2398 3068 esse
2431 3014 2667 3080 dixeris,
2695 3016 2799 3071 hoc
2826 3018 3018 3089 ipsum
3055 3021 3203 3093 Filii,
3225 3029 3283 3078 et
3310 3027 3561 3098 Spiritus
3594 3033 3781 3088 sancti

2131 3118 2258 3157 esse
2291 3103 2573 3158 concedas
2599 3121 2832 3161 necesse
2862 3113 2986 3176 est;
3021 3110 3069 3164 si
3100 3112 3256 3168 enim
3285 3115 3442 3170 aliud
3471 3123 3580 3186 est,
3617 3143 3643 3170 ‹‹
3678 3138 3781 3178 no-

2051 3230 2093 3296 C
2134 3206 2262 3245 men
2299 3212 2325 3239 ››
2363 3190 2567 3258 Patris,
2603 3199 2656 3247 et
2688 3193 2843 3249 aliud
2883 3195 3026 3268 Filii,
3059 3205 3118 3254 et
3162 3201 3297 3257 item
3347 3203 3501 3260 aliud
3531 3208 3783 3280 Spiritus

2131 3281 2320 3371 sancti
2354 3285 2462 3371 :tu
2500 3299 2657 3371 vero
2681 3300 2889 3340 nomen
2940 3289 3152 3360 Patris,
3190 3295 3253 3346 ut
3291 3294 3525 3363 quidem
3583 3303 3777 3371 putas,

2131 3367 2428 3432 invenisti,
2463 3369 2556 3423 dic
2587 3369 2783 3436 etiam,
2818 3375 3114 3443 quodnam
3144 3378 3221 3433 sit
3251 3395 3462 3437 nomen
3488 3367 3612 3439 Filii
3638 3403 3650 3441 :
3680 3367 3779 3443 ubi

2130 3472 2262 3510 vero
2295 3473 2508 3512 nomen
2538 3457 2661 3512 Filii
2693 3461 2927 3531 dixeris,
2957 3463 3047 3518 dic
3077 3465 3252 3521 etiam
3288 3486 3497 3526 nomen
3530 3473 3779 3545 Spiritus

2131 3545 2338 3614 sancti,
2363 3552 2426 3601 ut
2445 3553 2583 3602 tunc
2607 3549 2813 3604 audias
2836 3552 2988 3621 quod
3023 3571 3154 3609 cum
3187 3560 3242 3610 te
3273 3559 3594 3630 sapientem
3617 3564 3784 3620 dicti-

2131 3638 2238 3699 tcs,
2295 3636 2512 3690 stultus
2566 3638 2748 3692 factus
2801 3640 2903 3694 sis.
2932 3643 3062 3706 Quae
3113 3646 3269 3700 enim
3321 3648 3618 3722 Scriptura
3669 3670 3784 3711 non

2130 3724 2288 3792 dicit,
2321 3731 2378 3778 tu
2417 3743 2715 3796 nunquam
2771 3727 3078 3786 inveneris.
3131 3737 3324 3802 Porro,
3381 3739 3429 3793 si
3483 3741 3788 3801 existimas

2131 3812 2286 3867 Patri
2338 3818 2667 3885 competere
2717 3834 2828 3872 non
2879 3821 3165 3890 genitum,
3215 3828 3272 3879 et
3322 3826 3463 3882 Filio
3520 3831 3785 3902 genitum

2136 3917 2286 3969 esse,
2321 3903 2415 3958 dic
2447 3920 2663 3974 quasso,
2689 3907 2983 3976 quodnam
3018 3927 3083 3964 ex
3117 3911 3206 3965 his
3229 3915 3515 3972 attribues
3546 3920 3788 3991 Spiritui

2133 3992 2384 4046 sancto?
2415 3993 2604 4048 Anam.
2641 3995 2696 4049 Si
2747 3998 2919 4051 etiam
2971 4000 3237 4070 genitum
3292 4010 3381 4060 est
3419 4006 3790 4068 immutabile

2133 4081 2456 4135 secundum
2492 4087 2783 4153 naturam,
2819 4087 2917 4140 sed
2954 4093 3190 4159 propter
3222 4108 3378 4160 eum,
3413 4095 3512 4165 qui
3545 4100 3786 4169 genuit:

2133 4187 2246 4225 non
2278 4169 2546 4242 genitum
2566 4189 2697 4225 vero
2722 4174 3057 4232 substantia
3079 4187 3186 4243 est,
3205 4179 3573 4240 immutabile
3609 4187 3790 4260 igitur

2132 4263 2370 4330 propter
2399 4257 2757 4315 voluntatem
2793 4262 2918 4328 erit,
2956 4282 3070 4320 non
3107 4284 3173 4321 ex
3223 4272 3566 4329 substantia
3597 4257 3790 4348 digni-

2133 4353 2272 4403 tate.
2310 4348 2458 4403 0rth.
2495 4349 2656 4411 Quod
2689 4349 2736 4403 si
2775 4350 2955 4407 Filius
2988 4354 3087 4409 Dei
3117 4373 3229 4412 non
3282 4363 3371 4414 est
3399 4359 3790 4423 immutabilis

2135 4436 2474 4492 substantias
2507 4436 2810 4506 dignitate,
2859 4439 2916 4493 in
2960 4459 3074 4510 quo
3122 4460 3258 4516 ergo
3307 4448 3495 4504 diﬂert
3545 4452 3619 4506 ab
3653 4453 3788 4511 aliis

2138 4523 2521 4580 rationalibus
2554 4525 2948 4584 facultatibus.
2989 4530 3192 4603 Utpote
3221 4551 3349 4606 qua:
3397 4541 3454 4592 et
3499 4537 3640 4610 ipsae
3674 4541 3789 4598 im-

373 4612 828 4669 mutabilitatem
863 4613 1166 4669 obtineant
1196 4614 1493 4672 voluntate
1521 4617 1671 4687 eius,
1705 4617 1806 4688 qui
1839 4617 2054 4672 creavit
2081 4618 2101 4672 ἒ
2133 4621 2188 4670 et
2218 4613 2511 4686 quomodo
2543 4618 2603 4667 tu
2642 4615 2812 4670 fidem
2847 4617 3028 4674 habes
3058 4621 3272 4678 dicenti
3310 4641 3322 4679 :
3359 4647 3385 4674 ‹‹
3419 4627 3628 4684 Omnia
3660 4647 3788 4702 quas

371 4705 542 4757 Pater
572 4701 749 4757 habet
779 4717 908 4757 mea
937 4708 1077 4757 sunt
1107 4704 1151 4736 το
1183 4725 1210 4751 ››
1245 4721 1256 4757 ;
1293 4703 1581 4774 siquidem
1618 4721 1730 4760 non
1766 4705 1940 4760 habet
1974 4702 2516 4761 immutabilitatem
2548 4719 2616 4757 ex
2648 4705 2988 4760 substantia:
3021 4709 3306 4781 dignitate
3327 4713 3356 4768 ‘?

447 4790 530 4846 19.
565 4787 758 4861 Ἀνόμη
792 4789 855 4842 Et
885 4789 943 4843 τὸ
977 4788 1262 4864 ἀγέννητον
1298 4789 1480 4852 οὐσίας
1526 4790 1635 4846 ἐστὶ
1687 4788 2020 4862 δηλωτικὸν,
2057 4798 2100 4861 D

370 4873 596 4940 εἱκότιυς
646 4878 782 4953 πρὸς
834 4880 934 4947 τὴν
984 4882 1095 4950 (73)
1143 4883 1239 4933 τοῦ
1287 4883 1622 4954 γεννήματος
1657 4880 1839 4934 οὐσίαν
1889 4883 2029 4935 ἀντι-

369 4965 766 5022 διαστέλλεται·
829 4969 874 5020 si
935 4965 991 5021 δὲ
1053 4965 1221 5040 μηδὲν
1269 4968 1524 5041 σημαίνει
1579 4969 1642 5022 τὸ
1705 4968 2024 5044 ἀγέννητον,

367 5055 567 5128 πολλῷ
598 5054 664 5124 δὴ
703 5053 916 5129 μᾶλλον
950 5053 1108 5111 οὐδὲν
1155 5054 1324 5127 δηλοῖ
1350 5059 1412 5112 τὸ
1445 5055 1707 5133 γέννημα·
1746 5056 1934 5131 μηδενὶ
1968 5057 2026 5114 δὲ

369 5140 541 5218 μηδὲν
572 5147 688 5206 πῶς
743 5143 1185 5213 ἀντιαστέλλεις;
1221 5146 1282 5201 E't
1333 5143 1390 5199 ’δὲ
1442 5152 1476 5215 ἡ
1532 5147 1824 5222 ἀγεννήτου
1883 5166 2023 5222 προ-

364 5232 506 5310 φορὰ
564 5232 701 5308 πρὸς
749 5233 848 5302 τήν
901 5234 1178 5311 προ-φορὰν
1235 5233 1757 5305 ἀντιδιαστέλλεται,
1809 5237 2022 5304 σιωπῆς

2207 4792 2294 4848 19.
2319 4792 2508 4847 Anom.
2535 4791 2591 4847 Si
2621 4809 2732 4848 non
2757 4796 3021 4866 genitum
3048 4799 3444 4859 substantiam
3476 4806 3790 4880 signiﬁcat,

2141 4881 2347 4936 rationi
2375 4897 2740 4952 consequens
2771 4883 2961 4951 fuerit,
2990 4889 3142 4958 quod
3179 4907 3212 4944 a
3234 4891 3427 4962 genito
3459 4896 3796 4955 substantia

2141 4969 2583 5058 distinguntur:
2620 4969 2666 5058 si
2695 4986 2827 5026 vero
2861 4989 2974 5027 non
3007 4978 3269 5046 genitum
3301 4980 3445 5036 nihil
3478 4983 3792 5058 signiﬁcat,

2138 5057 2320 5111 multo
2353 5057 2540 5128 magis
2575 5057 2749 5112 etiam
2787 5059 2927 5114 nihil
2962 5061 3316 5132 signiﬁcabit
3347 5070 3603 5140 genitum
3633 5057 3789 5143 :jam

2135 5163 2270 5218 ergo
2302 5145 2446 5200 nihil
2499 5163 2532 5200 a
2583 5146 2763 5202 nihilo
2814 5152 3106 5220 quomodo
3138 5153 3515 5227 distingues?
3551 5160 3606 5214 Si
3657 5179 3788 5220 vero

2135 5235 2381 5308 prolatio
2408 5252 2518 5290 non
2543 5237 2725 5307 geniti
2749 5239 3066 5310 opponitur
3081 5242 3390 5314 prolationi
3417 5249 3792 5320 geniti,certe

437 5396 482 5430 ⁶⁶
541 5396 562 5452 Ι
597 5395 748 5451 Tim.
784 5413 822 5461 ι,
858 5397 943 5450 17.
1020 5396 1064 5430 ⁸⁷
1095 5396 1301 5452 Matth.
1333 5414 1412 5468 χι,
1443 5400 1534 5453 23.
1609 5399 1654 5434 ⁸⁸
1689 5399 1865 5455 Exod.
1897 5399 2021 5454 v1.2

2134 5439 2141 5452 .
2217 5397 2263 5433 ⁸9
2293 5395 2496 5452 Matth.
2531 5413 2730 5467 xxvui,
2769 5397 2848 5454 19.
2927 5402 2972 5436 7°
2997 5403 3163 5458 Joan.
3197 5422 3312 5477 xvx,
3349 5409 3432 5466 15.

441 5567 556 5709 (7t;
583 5567 679 5637 Τῷ
712 5564 880 5638 Πατρί
912 5584 1119 5625 omnes
1149 5585 1320 5635 mss.,
1354 5568 1455 5624 sed
1488 5569 1663 5627 male.

442 5639 535 5708 (72
586 5637 711 5709 Pal.
769 5641 804 5694 2
850 5645 907 5696 et
955 5646 1106 5709 Aug.
1154 5639 1218 5694 τὸ
1267 5636 1325 5693 δὲ
1364 5641 1619 5709 γεννητὸν

442 5636 556 5709 (72)
586 5636 735 5714 PaL
769 5636 907 5696 2'et
955 5646 1106 5713 Aug.
1154 5639 1218 5694 τὸ
1267 5636 1325 5693 δὲ
1364 5641 1619 5714 γεννητὸν
1671 5638 1832 5696 οὐσία
1879 5638 2020 5695 ἐστὶν

372 5705 638 5783 ἄτρεπτον
669 5705 759 5780 δή.

2135 5569 2322 5710 τήξ73)
2352 5569 2443 5624 Sic
2473 5567 2592 5624 Pal.
2623 5571 2659 5624 2
2688 5572 2745 5624 et
2787 5571 2934 5643 Aug.
2983 5572 3136 5628 Editi
3182 5591 3319 5632 vero
3368 5575 3614 5653 είκότως,
3660 5584 3786 5658 περὶ
