4116 6362
331 389 483 448 118⁸7

1498 386 1562 447 S.
1608 382 2134 448 A'I‘HANASIUS.
2168 418 2245 429 —-
2282 378 2592 446 SPURIA.

3599 384 3756 451 “88

332 522 567 578 silentio
623 519 1160 594 pronuntiationem
1208 521 1532 594 excipiente
1563 521 1683 589 ﬁet,
1717 525 1783 576 ut.
1811 520 1957 575 modi

2070 518 2198 591 ,τήν
2225 514 2510 595 προφορὰν
2542 514 2961 594 διαδεχομένης,
3007 515 3283 594 γίγνεσθαι
3332 514 3612 593 συμϐαίνει
3664 521 3755 577 καὶ

330 611 411 667 sit
441 612 614 668 modo
643 618 953 667 evanescat
982 628 1118 683 spes
1169 611 1661 681 Christianorum,
1692 614 1894 681 utpote
1926 608 1986 663 in

328 702 582 773 quadam
618 700 961 772 prolationis
1005 700 1283 755 varietate
1312 702 1445 768 sita,
1482 716 1599 755 non
1627 715 1760 755 vero
1793 700 1849 753 in
1883 715 1983 753 na-

330 790 477 845 turis
503 789 585 845 ita
616 806 676 844 se
722 789 1098 853 habentibus,
1153 798 1217 843 ut
1274 788 1581 844 nominum
1631 787 1984 861 signiﬁcatio

326 879 602 952 postulat.
637 878 792 934 Orth.
812 879 998 934 Etiam
1032 877 1081 934 si
1115 878 1215 932 tibi
1252 879 1668 933 concederetur
1699 878 1889 932 dicere
1912 877 1984 932 de

323 969 461 1037 Deo,
490 970 646 1041 quod
678 967 754 1023 sit
775 984 887 1023 non
913 968 1182 1039 genitus;
1212 983 1318 1021 nos
1350 972 1541 1021 tamen
1575 967 1831 1021 dicimus
1863 982 1980 1020 non

326 1058 591 1130 genitum
622 1064 749 1111 tum
782 1056 1134 1129 significare,
1169 1072 1286 1111 non
1331 1072 1460 1111 esse
1490 1055 1754 1128 genitum
1786 1055 1980 1127 quoad

323 1147 742 1214 substantiam,
791 1146 1293 1218 quemadmodum
1354 1144 1644 1208 mendacii
1682 1149 1979 1217 expertem

325 1253 454 1293 esse
501 1254 615 1292 non
664 1235 922 1299 mentiri,
971 1235 1163 1306 quoad
1227 1233 1642 1290 substantiam.
1692 1236 1766 1289 At
1818 1249 1977 1300 vero,

323 1325 614 1382 mendacii
647 1328 943 1396 expertem
992 1340 1143 1389 esse,
1176 1340 1292 1378 non
1323 1329 1414 1378 est
1443 1321 1556 1378 ista
1594 1322 1928 1379 substantia
1961 1339 1973 1377 :

320 1432 427 1471 nec
474 1432 590 1471 non
637 1416 902 1486 genitum
957 1429 1108 1469 esse.
1143 1411 1202 1467 Si
1253 1411 1411 1468 enim
1443 1429 1559 1467 non
1593 1411 1854 1483 genitum
1887 1415 1978 1468 est

319 1504 449 1576 ipsa
479 1504 811 1559 substantia
841 1502 1015 1557 etiam
1040 1501 1328 1557 mendacii
1350 1517 1554 1573 expers
1576 1501 1811 1573 estipsa
1833 1501 1974 1556 sub-

321 1594 539 1649 stantia
570 1610 584 1648 :
616 1597 707 1649 est
737 1608 869 1647 vero
902 1596 960 1646 et
989 1591 1170 1646 Filius
1203 1589 1490 1645 mendacii
1521 1605 1763 1661 expers;
1796 1589 1976 1662 igitur

321 1687 377 1739 et
410 1699 524 1739 non
553 1681 806 1753 genitus.
825 1680 956 1737 Jam
982 1696 1115 1735 vero
1141 1696 1253 1735 non
1278 1678 1511 1751 genitus
1535 1696 1649 1735 non
1673 1679 1973 1751 est,igitur

316 1772 642 1828 secundum
674 1775 730 1827 te
763 1771 1032 1825 mendax.
1087 1771 1276 1834 Quare
1326 1785 1443 1823 non
1492 1772 1582 1824 est
1626 1767 1783 1823 idem
1828 1769 1967 1823 sub-

316 1863 554 1928 stantia,
588 1861 743 1932 quod
795 1859 1081 1915 mendacii
1130 1862 1428 1929 expertem
1477 1873 1628 1913 esse.
1678 1857 1968 1921 Quemad-

2096 605 2486 681 ἀπογίγνεσθαι
2516 608 2615 675 τὴν
2646 612 2755 662 τῶν
2782 612 3122 682 Χριστιανῶν
3156 604 3372 681 ἐλπίδα,
3415 609 3477 665 ex
3507 606 3756 688 διαφόρῳ

2095 698 2348 770 προφορᾷ
2376 696 2658 768 κειμένην,
2691 694 2818 752 ἀλλ’
2849 696 2948 752 οὑκ
2990 696 3042 751 ἐν
3094 697 3312 775 φύσεσιν
3368 698 3541 762 οὕτως
3590 699 3751 776 ἐχού-

2096 802 2235 852 σαις,
2297 784 2371 846 ὡς
2426 787 2462 854 ἡ
2510 790 2619 840 τῶν
2665 784 2947 858 ὀνομάτων
3003 786 3257 862 βούλεται
3302 788 3565 861 σημασία.
3599 791 3749 867 Ὀρθ.

2094 875 2261 932 ’Όταν
2295 897 2380 930 σοι
2408 873 2545 951 δοθῇ
2600 876 2778 953 λέγειν
2829 876 2918 933 ἐπὶ
2967 884 3103 934 Θεοῦ
3150 881 3215 935 τὸ
3265 880 3577 957 ἀγέννητον,
3627 882 3753 938 τότε

2094 964 2374 1037 σημαίνειν
2450 966 2513 1021 τὸ
2588 965 2881 1041 ἀγέννητον
2944 966 3172 1044 λέγομεν
3230 970 3294 1025 τὸ
3356 971 3434 1044 μή
3485 978 3748 1046 γεγεννῆ-

2093 1054 2209 1107 σθαι
2241 1054 2340 1123 τήν
2374 1053 2579 1126 οὗσίαν,
2636 1055 2709 1117 ὡς
2757 1057 2818 1111 τὸ
2867 1054 3093 1130 ἀψευδὲς
3123 1058 3188 1113 τὸ
3224 1060 3299 1131 μὴ
3331 1057 3616 1133 ψεύδεσθαι
3646 1062 3746 1131 τήν

2091 1140 2294 1197 οὐσίαν.
2351 1140 2490 1201 Οὔτε
2537 1141 2594 1199 δὲ
2642 1144 2705 1199 τὸ
2749 1144 2976 1219 ἀψευδὲς
3017 1149 3052 1216 ἡ
3086 1146 3242 1202 οὐσία
3272 1144 3396 1203 οὔτε
3426 1149 3488 1203 τὸ
3519 1148 3747 1225 ἀγέννη-

2086 1251 2199 1288 τον.
2232 1232 2295 1285 Et
2324 1232 2426 1308 γὰρ
2455 1233 2518 1287 τὸ
2549 1233 2835 1307 ἀγέννητον
2869 1232 3044 1307 οὐσία,
3078 1234 3167 1289 καὶ
3199 1234 3263 1289 τὸ
3297 1233 3526 1309 ἀψευδὲς
3569 1237 3744 1292 ούσία’

2087 1315 2198 1374 ἔστι
2230 1318 2287 1374 δὲ
2328 1320 2418 1375 καὶ
2467 1321 2496 1376 ὁ
2527 1322 2650 1384 Υἱὸς
2680 1320 2949 1396 ἀψευδής·
2983 1323 3073 1378 καὶ
3104 1323 3398 1400 ἀγέννητος
3428 1325 3551 1400 ἄρα.
3587 1324 3745 1382 Ἀλλ’

2087 1408 2187 1464 οὐκ
2215 1409 2529 1484 ἀγέννητος·
2566 1408 2768 1485 ψευδής
2801 1411 2893 1466 οῦν
2921 1413 3057 1468 κατὰ
3094 1412 3169 1470 σέ.
3205 1414 3319 1472 Οὐκ
3350 1414 3454 1492 ἄρα
3480 1415 3544 1471 τὸ
3577 1416 3743 1491 ἀψευ-

2086 1494 2172 1560 δὲς
2222 1499 2398 1557 οὑσία.
2430 1501 2518 1556 Ὧς
2551 1498 2642 1555 οὖν
2670 1502 2733 1557 τὸ
2784 1499 3011 1576 ἀψευδὲς
3063 1503 3163 1558 οὐκ
3205 1504 3379 1576 οὐσία,
3415 1504 3587 1568 οὕτως
3616 1503 3744 1561 οὑδὲ

2081 1587 2143 1641 τὸ
2173 1586 2469 1662 ἀγέννητον
2526 1588 2701 1644 οὑσία¹
2756 1589 2802 1645 εἰ
2854 1590 2956 1667 γὰρ
3006 1591 3071 1647 τὸ
3120 1590 3414 1668 ἀγέννητον
3447 1594 3625 1663 οὑσία,
3652 1594 3741 1650 καὶ

2080 1676 2144 1731 τὸ
2172 1677 2431 1751 γεννητὸν
2467 1678 2639 1733 οὑσία·
2673 1680 2717 1732 εἱ
2752 1676 2810 1734 δὲ
2855 1681 2918 1735 τὸ
2967 1681 3224 1756 γεννητὸν
3266 1680 3443 1755 οὑσία,
3473 1682 3647 1739 πάντα
3673 1683 3741 1740 τὰ

2079 1767 2309 1841 γεννητὰ
2356 1765 2645 1838 ὁμοούσια.
2694 1767 2764 1822 Τὸ
2813 1766 2870 1824 δὲ
2918 1769 3101 1833 οὐσίας
3151 1768 3460 1841 δηλωτικὸν
3509 1774 3737 1829 εἶναιτὸ

2080 1854 2373 1929 ἀγέννητον
2431 1854 2520 1910 καὶ
2563 1857 2627 1912 τὸ
2673 1859 2931 1932 γεννητὸν
3001 1859 3148 1936 παρὰ
3186 1866 3287 1930 τῆς
3348 1867 3450 1930 σῆς
3510 1859 3733 1938 εὕρηται

314 1951 455 2005 dum
489 1949 668 2022 igitur
702 1948 938 2004 mentiri
975 1964 1091 2002 non
1125 1963 1295 2019 posse
1317 1963 1429 2002 non
1477 1952 1566 2001 est
1611 1947 1957 2015 substantia,

2075 1951 2379 2022 προφορᾶς,
2408 1947 2469 2015 ἣν
2508 1943 2590 2000 δεῖ
2618 1946 2693 2009 ὡς
2744 1946 3015 2003 θάλασοατ
3063 1918 3427 2023 δίυμαίνουσαν
3478 1918 3734 2025 ἐπιτιμη-

311 2038 396 2095 ita
425 2054 659 2111 quoque
694 2055 804 2093 non
838 2037 1101 2109 genitum
1131 2052 1260 2091 esse
1283 2052 1393 2090 non
1420 2041 1509 2091 est
1536 2036 1667 2107 ipsa
1694 2038 1966 2110 substan-

310 2129 394 2185 tia
418 2147 431 2185 :
455 2128 505 2183 si
538 2127 694 2183 enim
727 2125 1129 2196 non-genitum
1151 2141 1281 2180 esse
1311 2130 1400 2179 est
1430 2123 1963 2191 substantia,etiam

307 2219 568 2291 genitum
600 2232 729 2273 esse
750 2215 1084 2271 substantia
1111 2214 1257 2270 erit:
1285 2214 1442 2285 quod
1471 2215 1516 2269 si
1541 2213 1804 2286 genitum
1834 2230 1963 2270 esse

307 2306 641 2365 substantia
670 2305 984 2375 est,omnia
1002 2303 1201 2376 genita
1217 2308 1391 2358 erunt
1414 2303 1959 2358 consubstantialia.

2076 2034 2250 2102 θῆναι.
2281 2034 2351 2088 Τὸ
2389 2035 2490 2110 γὰρ
2524 2039 2744 2108 Πνεῦμα
2773 2038 2871 2104 τῆς
2915 2037 3172 2108 ἀληθείας
3217 2041 3429 2112 Πατέρα
3472 2041 3562 2096 καὶ
3607 2043 3730 2096 Υἱὸν

2073 2124 2209 2194 ἡμῖν
2263 2121 2508 2198 ἐκήρυξε,
2562 2128 2668 2179 τῶν
2718 2124 3000 2197 ὀνομάτων
3050 2126 3145 2189 τὰς
3194 2127 3408 2204 σχέσεις
3445 2131 3583 2203 ἡμῖν
3633 2152 3730 2202 ση-

2076 2211 2396 2283 μαινόντων’
2447 2214 2546 2267 οὐκ
2574 2213 2811 2286 ἀντερεῖς
2844 2211 2921 2284 δὲ,
2955 2215 3030 2276 ὡς
3072 2216 3203 2279 Θεὸς
3252 2216 3409 2293 φύσει
3461 2219 3553 2274 καὶ
3598 2219 3733 2291 ἀλη-

2073 2299 2207 2371 θείᾳ·
2244 2301 2427 2376 Πατὴρ
2462 2298 2519 2355 δὲ
2567 2306 2705 2373 πῶς,
2742 2304 2816 2375 μή
2852 2307 3112 2379 γεννήσας
3145 2306 3299 2383 φύσει
3331 2308 3423 2362 καὶ
3460 2306 3732 2382 ἀληθείᾳ,

306 2402 486 2453 Porro
499 2400 645 2466 quod
673 2412 785 2451 non
808 2394 1070 2466 genitum
1093 2397 1151 2447 et
1171 2392 1437 2465 genitum
1465 2392 1656 2464 ipsam
1676 2392 1957 2465 signiﬁcet

2071 2387 2209 2444 ὣστε
2235 2389 2325 2444 καὶ
2358 2392 2393 2459 ἡ
2421 2394 2518 2445 σοῦ
2545 2395 2640 2445 τοῦ
2673 2390 3060 2462 ἐπινοήσαντας
3088 2395 3151 2449 τὸ
3183 2396 3475 2471 ἀγέννητον
3526 2397 3619 2453 καὶ
3668 2400 3730 2454 τὸ

306 2487 649 2549 essentiam,
693 2490 807 2538 tuas
858 2481 1352 2554 pronuntiationis
1402 2486 1803 2537 commentum
1849 2485 1957 2549 est,

2070 2479 2321 2554 γεννητὸν
2373 2479 2561 2542 οὐσίας
2611 2481 2744 2535 εἶναι
2794 2478 3104 2551 δηλωτικὸν
3152 2482 3334 2557 ἐλπὶς,
3387 2493 3603 2557 σιωπῆς
3630 2489 3730 2557 τήν

303 2594 422 2632 non
458 2575 655 2630 minus
699 2572 1089 2643 increpandas,
1143 2586 1323 2642 quam
1375 2587 1534 2626 mare
1576 2570 1866 2626 ﬂuctuans
1905 2574 1957 2627 et

2070 2568 2352 2645 προφορὰν
2402 2565 2708 2644 δεχομένης
2760 2573 2895 2644 (74),
2942 2569 2991 2624 έν
3024 2572 3208 2649 ἡμέρᾳ
3238 2574 3470 2651 κρίσεως
3501 2577 3612 2652 οὐχ
3641 2577 3726 2632 εὑ-

306 2671 646 2721 aastuosum.
681 2659 935 2734 Spiritus
966 2659 1256 2731 siquipem
1290 2658 1388 2714 ille
1417 2659 1682 2714 veritatis
1726 2658 1957 2715 Patrem

2070 2658 2327 2733 ρίσκεται,
2364 2657 2578 2714 ἐκείνων
2625 2661 2792 2733 μόνον
2843 2661 3264 2737 εὑρισκομένων,
3298 2666 3371 2721 ὧν
3421 2667 3484 2721 τὸ
3512 2672 3728 2741 Πνεῦμα

303 2754 472 2811 nobis
500 2760 556 2808 et
586 2751 797 2807 Filium
830 2748 1180 2820 praedicavit,
1212 2765 1338 2819 quae
1375 2747 1614 2803 nomina
1648 2747 1957 2803 relationes

2070 2747 2130 2801 τὸ
2162 2749 2311 2824 ἅγιον
2346 2748 2489 2803 εἶπεν
2502 2794 2513 2805 .

303 2845 476 2902 nobis
509 2842 790 2898 indicant.
823 2839 939 2894 Nec
969 2854 1101 2893 vero
1132 2836 1396 2906 objicias,
1430 2837 1586 2908 quod
1623 2841 1773 2892 Deus
1803 2835 2042 2908 quidem
2074 2842 2286 2894 natura
2314 2846 2372 2894 et
2417 2841 2659 2897 veritate
2696 2845 2844 2897 Deus
2876 2844 2952 2897 sit
2984 2860 2996 2898 :
3031 2843 3203 2900 Pater
3233 2862 3365 2902 vero
3397 2849 3722 2904 secundum

303 2934 683 3006 quid,utpote
716 2928 817 3002 qui
852 2944 968 2983 non
1002 2926 1271 2999 genuerit
1296 2930 1509 2981 natura
1538 2930 1596 2980 et
1622 2925 1867 2980 veritate
1901 2942 1914 2979 :
1947 2927 2325 2996 quamobrem
2359 2945 2495 3000 spes
2528 2928 2628 2984 illa
2657 2931 2883 3002 tua,qui
2917 2933 3383 2991 comminisceris
3413 2953 3527 2992 non
3560 2939 3721 3009 geni-

300 3029 428 3080 tum
458 3028 515 3077 et
541 3018 869 3092 ingenitum
900 3015 1233 3087 signiﬁcare
1263 3013 1681 3079 substantiam,
1716 3014 1773 3069 in
1806 3014 1898 3069 die
1927 3013 2026 3070 illa
2049 3015 2281 3086 judicii,
2305 3018 2539 3073 silentio
2574 3018 2958 3089 prolationem
2991 3022 3396 3095 intercipiente
3424 3042 3720 3097 nusquam

306 3110 667 3185 comparebit
699 3105 839 3162 :illa
869 3104 1086 3176 quippe
1115 3102 1306 3159 solum
1339 3106 1464 3157 tum
1499 3108 1624 3158 rata
1650 3103 2101 3175 cemperientur,
2134 3122 2259 3177 quae
2290 3112 2529 3162 sanctus
2562 3106 2817 3179 Spiritus
2848 3111 3194 3167 enuntiavit.

370 3205 462 3263 20.
494 3201 686 3255 Anam.
717 3197 772 3252 Si
806 3208 919 3251 non
967 3193 1234 3265 genitum
1265 3207 1396 3247 esse
1440 3197 1707 3264 respectu
1743 3193 1823 3248 rei
1854 3209 1956 3265 ge-
1990 3197 2033 3263 α

311 3294 444 3348 nitas
474 3290 547 3347 ad
576 3284 959 3344 eminentiam
988 3280 1253 3338 essentia
1289 3306 1315 3331 ‹‹
1338 3282 1776 3337 cunnotandum
1810 3303 1838 3331 »
1872 3281 1958 3336 ni.

306 3381 389 3437 hil
417 3378 674 3452 amplius
705 3370 1230 3445 infert,prolationc
1256 3370 1447 3427 solum
1478 3371 1746 3442 superior
1774 3370 1955 3427 Filius

302 3470 558 3542 potiores
588 3468 864 3539 agnoscet
891 3477 1012 3527 eos,
1044 3460 1143 3531 qui
1179 3461 1284 3515 hoc
1333 3459 1383 3514 ei
1416 3476 1630 3514 nomen
1661 3460 1949 3527 tribuunt,

302 3577 418 3616 non
448 3564 645 3614 autem
698 3570 832 3610 eum
865 3552 965 3624 qui
1010 3549 1165 3605 Deus
1209 3553 1266 3604 et
1314 3548 1484 3603 Pater
1529 3549 1659 3618 ejus
1712 3547 1948 3603 dicitur.

303 3648 457 3704 Orth.
490 3647 577 3702 Tu
630 3642 907 3698 nimirum
940 3639 990 3694 is
1039 3655 1122 3705 es,
1174 3637 1275 3708 qui
1321 3637 1549 3692 Patrem
1600 3653 1713 3691 non
1768 3637 1949 3709 geniti

299 3736 530 3793 nomine
558 3729 936 3803 nuncupasti,
968 3733 1026 3782 et
1049 3727 1156 3782 hoc
1200 3726 1388 3797 ipsam
1422 3725 1523 3781 Dei
1552 3726 1947 3781 substantiam

296 3842 446 3896 esse,
469 3822 688 3881 Judaeis
718 3826 1001 3886 tanquam
1020 3815 1146 3888 lege
1169 3814 1412 3869 sanxisti
1439 3830 1453 3869 :
1479 3830 1769 3885 nusquam
1789 3812 1946 3869 enim

299 3915 407 3971 hoc
437 3913 671 3970 divinus
701 3910 797 3963 ille
828 3905 1085 3978 Spiritus
1115 3902 1316 3959 docuit
1347 3920 1359 3957 :
1396 3903 1551 3958 unde
1592 3902 1652 3957 in
1680 3905 1946 3958 confesso

294 4008 386 4061 est
427 4009 482 4058 te
513 4018 628 4058 non
661 3998 899 4071 quidem
949 3993 1093 4050 Filio
1138 3992 1622 4065 praestantiorem,
1658 3993 1759 4047 sed
1791 3992 1940 4064 ipso,

296 4093 395 4165 qui
426 4093 576 4149 435
612 4095 669 4145 te
697 4088 838 4143 talia
880 4083 1097 4148 docuit,
1129 4080 1361 4138 diabolo
1389 4081 1644 4153 pejorem
1677 4097 1941 4154 comper-

293 4187 422 4237 tum
453 4181 549 4237 iri.
580 4181 770 4241 Anam,
802 4175 859 4230 Si
892 4191 1006 4229 non
1038 4171 1236 4246 genita
1283 4170 1615 4226 substantia
1654 4177 1941 4243 praestan-

290 4271 404 4328 tior
432 4275 522 4328 est
552 4271 679 4342 ipso
709 4271 838 4323 ortu
869 4282 904 4320 a
952 4263 1147 4334 seipsa
1193 4260 1465 4316 obtinens
1504 4276 1631 4315 eam
1682 4260 1940 4317 eminen-

289 4361 455 4427 tiam,
478 4360 655 4416 etiam
688 4373 757 4413 ea
786 4372 913 4428 quae
942 4370 974 4407 a
1005 4368 1067 4407 se
1096 4357 1187 4407 est
1207 4348 1564 4417 substantia,
1597 4366 1713 4405 non
1743 4350 1942 4421 genita

288 4453 400 4506 erit
431 4468 444 4506 :
479 4464 671 4520 neque
700 4446 858 4502 enim
885 4442 1086 4499 volens
1117 4439 1256 4511 quia
1285 4438 1407 4494 vult
1452 4439 1824 4510 praestantior
1852 4443 1942 4494 est

288 4547 445 4606 ortu,
478 4538 581 4594 sed
611 4538 747 4608 quia
777 4534 906 4606 ipsa
936 4529 1266 4587 substantia
1290 4527 1413 4598 ipse
1434 4526 1735 4599 ingenitus
1761 4528 1936 4595 Deus;

286 4630 345 4685 id
376 4626 539 4684 nulla
570 4626 792 4682 ratione
822 4620 1124 4695 permittit,
1160 4622 1226 4672 ut
1255 4616 1513 4688 aliquam
1544 4617 1853 4671 adversum
1878 4633 1942 4672 se

286 4716 720 4792 generationem
757 4712 889 4785 quis
919 4705 1425 4773 comminiscetur,
1458 4721 1525 4760 ac
1568 4704 1628 4759 in
1675 4721 1810 4760 eum
1842 4704 1939 4774 qui

286 4806 520 4879 genitus
551 4811 641 4860 est
672 4801 858 4872 rejicit
901 4813 1073 4854 omne
1102 4794 1392 4867 ejusmodi
1435 4793 1650 4848 mentis
1695 4809 1939 4848 examen

284 4901 342 4951 et
370 4892 764 4951 ratiocinium.
791 4888 948 4946 0rlh.
974 4886 1179 4943 Omnis
1210 4881 1541 4939 substantia
1572 4883 1941 4954 praestantior

282 4990 373 5042 est
403 4988 534 5041 ortu
570 4999 584 5038 :
620 4998 735 5037 non
766 4979 921 5036 enim
957 4981 1046 5034 est
1074 4974 1229 5029 idem
1262 4971 1592 5027 substantia
1637 4974 1697 5026 et
1751 4977 1935 5030 ortus.

279 5074 442 5139 Quod
476 5075 672 5129 autem
705 5080 868 5125 ortus
900 5083 1015 5121 non
1046 5063 1124 5119 sit
1152 5060 1505 5130 substantia,
1537 5076 1606 5115 ex
1635 5077 1702 5116 eo
1728 5059 1932 5134 liquet,

279 5163 435 5235 quod
470 5179 598 5235 qua:
628 5164 826 5216 ortum
858 5157 1079 5212 habent
1123 5168 1237 5207 non
1287 5149 1489 5205 omnia
1519 5150 1637 5205 sint
1680 5152 1931 5207 consub-

278 5250 601 5309 stantialia.
632 5248 796 5318 Quod
832 5246 881 5303 si
911 5259 1040 5318 quae
1068 5241 1265 5314 genita
1297 5242 1438 5294 sunt
1467 5255 1581 5294 non
1614 5243 1755 5295 sunt
1784 5241 1935 5311 ejus-

278 5342 411 5398 dem
442 5338 810 5403 substantise,
844 5352 959 5391 non
996 5332 1178 5405 igitur
1205 5329 1361 5385 idem
1392 5332 1482 5382 est
1509 5331 1676 5383 ortus
1704 5332 1762 5383 et
1790 5330 1930 5385 sub-

2143 3195 2230 3250 20.
2264 3189 2458 3267 Ἀνόμ.
2511 3195 2575 3252 Et
2628 3193 2797 3267 μηδὲν
2830 3196 2997 3252 πλέον
3046 3199 3298 3270 σημαίνει
3329 3201 3406 3263 εἱς
3438 3201 3721 3279 ὑπεροχὴν

2068 3281 2250 3344 οὑσίας
2276 3283 2338 3337 τὸ
2368 3283 2656 3359 ἀγέννητον
2690 3286 2826 3359 πρὸς
2852 3286 2916 3341 τὸ
2954 3287 3219 3362 γέννημα,
3251 3295 3505 3368 προφορᾷ
3555 3291 3721 3364 μόνον

2067 3369 2467 3448 ὑπερεχόμενος
2518 3374 2545 3428 ὁ
2593 3373 2717 3436 Υἱὸς
2772 3374 3020 3450 βελτίους
3072 3377 3263 3432 ἑαυτοῦ
3300 3379 3562 3454 γνώσεται
3593 3379 3722 3444 τοὺς

2062 3460 2566 3536 προσαγορεύοντας
2639 3462 2821 3535 αὐτὸν,
2897 3465 2959 3519 οὑ
3034 3466 3127 3520 τὸν
3212 3469 3718 3543 προσαγορευθαντα

2063 3549 2192 3604 Θεὸν
2243 3550 2409 3606 αὑτοῦ
2458 3551 2547 3606 καὶ
2600 3553 2830 3629 Πατέρα.
2879 3554 3031 3628 Ὀρθ.
3062 3556 3122 3612 Ὀ
3152 3556 3591 3632 προσαγορεύσας
3618 3558 3710 3613 τὸν

2059 3639 2269 3715 Πατέρα
2324 3638 2634 3715 ἀγέννητον,
2691 3642 2779 3696 καὶ
2826 3648 2987 3698 τοῦτο
3032 3642 3196 3698 αὐτοῦ
3225 3645 3324 3713 τήν
3358 3644 3540 3700 οὑσίαν
3573 3646 3708 3702 εἶναι

2056 3729 2428 3799 νομοθετήσας
2458 3734 2579 3791 τοῖς
2612 3727 2984 3800 ἰουδαίοις,σὺ
3008 3729 3327 3806 εἴόὑδαμοῦ
3356 3734 3458 3811 γὰρ
3477 3736 3540 3790 τὸ
3561 3738 3702 3791 θεῖον

2056 3820 2276 3889 Ηνεῦμα
2302 3822 2463 3872 τοῦτο
2494 3815 2749 3889 ἐδίδαξεν.
2783 3822 2905 3878 ’Ότι
2952 3818 3010 3875 δὲ
3040 3821 3103 3876 σὺ
3146 3827 3245 3877 τοῦ
3292 3824 3420 3877 Υὶοῦ
3475 3823 3703 3900 βελτίων

2058 3905 2166 3981 οὑχ
2195 3907 2481 3982 εὑρεθήσῃ,
2515 3906 2661 3963 ἀλλὰ
2687 3913 2783 3963 τοῦ
2814 3930 2871 3964 σε
2908 3907 3216 3981 διδάξαντος
3270 3907 3533 3969 διαϐόλου
3582 3913 3706 3990 χεί-

2056 4013 2165 4066 ρων
2199 3994 2582 4072 ὡμολόγηται.
2615 3998 2811 4072 Ἀνόμ.
2850 4000 2912 4056 El.
2943 4002 2977 4070 ἡ
3011 4000 3302 4076 ἀγέννητος
3335 4001 3491 4057 οὑσία
3527 4002 3704 4079 κρείτ-

2051 4101 2159 4136 των
2191 4081 2301 4138 ἐστὶ
2349 4085 2631 4159 γενέσεως,
2682 4084 2891 4141 ονκοθεν
2942 4085 3144 4164 ἔχουσα
3186 4089 3248 4143 τὸ
3297 4095 3564 4165 κρεῖττον,
3609 4090 3703 4146 αὖ·

2049 4171 2273 4226 τοουσία
2305 4171 2446 4228 ἐστὶν
2478 4174 2789 4250 ἀγέννητοςο
2824 4176 2887 4231 οὑ
2926 4177 3030 4252 γὰρ
3066 4176 3425 4253 βουλόμενος,
3456 4179 3538 4234 ὅτι
3576 4179 3707 4256 βού-

2052 4258 2229 4331 λεται,
2282 4263 2545 4336 γενέσεώς
2594 4262 2703 4319 ἐστι
2763 4265 3043 4340 κρείττων·
3099 4264 3225 4321 ἀλλ’
3276 4267 3359 4322 ὅτι
3418 4267 3708 4324 αὐτοουσία

2054 4349 2378 4426 ὑπάρχουσα
2425 4353 2453 4405 ὁ
2504 4352 2792 4427 ἀγέννητος
2841 4355 2993 4426 Θεὸς,
3037 4353 3216 4411 οὐδενὶ
3248 4354 3399 4434 λόγῳ
3430 4355 3706 4433 ἐπιτρέπει

2049 4439 2169 4492 καθ’
2248 4439 2445 4509 ἑαυτῆς
2518 4441 2721 4516 γένεσιν
2787 4441 3089 4514 ἐπινοῆσαι,
3168 4444 3386 4501 ὠθοῦσα
3455 4448 3705 4524 φέρεσθαι

2048 4527 2185 4581 κατὰ
2247 4527 2338 4581 τὸν
2384 4529 2636 4603 γεννητὸν
2688 4535 2799 4604 (75)
2850 4539 3020 4588 πᾶσαν
3088 4532 3318 4604 ἐξέτασιν
3367 4540 3457 4590 καὶ
3531 4535 3704 4590 πάντα

2053 4613 2340 4691 λογισμόν.
2389 4617 2538 4693 Ὀρθ.
2591 4623 2741 4674 Πᾶσα
2784 4619 2941 4676 οὐσία
2967 4621 3223 4698 κρείττων
3257 4622 3367 4679 ἐστῖ
3417 4626 3700 4700 γενέσεως’

2051 4703 2113 4759 οὐ
2139 4706 2239 4780 γὰρ
2288 4706 2452 4763 ταυτό
2506 4707 2646 4763 ἐστιν
2705 4709 2866 4765 οὐσία
2905 4710 2995 4766 καὶ
3025 4711 3252 4788 γένεσις.
3290 4715 3415 4772 Ὀτι
3466 4713 3524 4769 δὲ
3553 4718 3587 4785 ἡ
3618 4717 3704 4791 γέ-

2047 4813 2192 4857 νεσις
2224 4794 2323 4850 οὑκ
2352 4792 2493 4851 ἔστιν
2527 4796 2702 4869 οὐσία,
2737 4798 2974 4864 ἐντεῦθεν
3026 4797 3222 4871 δῆλον,
3254 4803 3313 4857 ὲκ
3359 4807 3457 4858 τοῦ
3504 4805 3580 4879 μή
3632 4804 3701 4859 εἶ-

2047 4904 2129 4937 ναι
2160 4884 2227 4938 τὰ
2276 4886 2508 4961 γεννητά
2555 4891 2671 4958 (76)
2721 4889 3007 4962 ὁμοούσια.
3045 4891 3111 4947 Εἱ
3145 4888 3203 4945 δὲ
3230 4891 3297 4946 τὰ
3342 4892 3574 4968 γεννητὰ
3604 4893 3702 4948 οὐκ

2047 4973 2179 5028 εἰσὶν
2230 4975 2519 5048 ὁμοούσια,
2566 4978 2664 5033 οὑκ
2713 4975 2823 5033 ἔστι
2875 4979 2977 5052 ἄρα
3015 4981 3049 5049 ἡ
3098 4982 3303 5056 γένεσις
3353 4982 3528 5038 οὑσία·
3564 4984 3609 5037 εἱ
3641 4980 3698 5037 δὲ

2045 5064 2079 5132 ἡ
2135 5064 2340 5139 γένεσις
2391 5065 2490 5121 οὐκ
2536 5062 2677 5121 ἔστιν
2726 5066 2899 5137 οὐσία,
2952 5065 3078 5122 οὐδὲ
3123 5071 3158 5138 ἡ
3211 5069 3500 5145 ἆγεννησία
3552 5069 3692 5125 ἐστὶν
3770 5098 3777 5103 τ

2045 5150 2223 5207 οὐσία·
2259 5154 2305 5207 εἱ
2337 5151 2395 5208 δὲ
2418 5155 2453 5224 ἠ
2486 5153 2775 5229 ἀγιννησία
2806 5155 2945 5211 ἐστὶν
2978 5156 3153 5227 οὐσία,
3185 5158 3220 5228 ἡ
3255 5155 3314 5214 δὲ
3343 5159 3545 5234 γένεσις
3595 5159 3693 5213 οὑκ

2043 5240 2219 5310 οὑσία,
2273 5247 2390 5304 πῶς
2439 5241 2620 5317 λέγεις
2667 5243 2967 5317 ἀνόμοιον;
3015 5246 3078 5301 τὸ
3121 5245 3225 5322 γὰρ
3270 5247 3329 5302 εν
3360 5251 3437 5321 τῷ
3471 5248 3546 5321 μὴ
3578 5242 3693 5302 ὄντι

2045 5326 2167 5384 οὔτε
2197 5328 2391 5403 ὅμῗοιον
2428 5328 2551 5387 οὔτε
2579 5330 2859 5406 ἀνόμοιον.

276 5429 494 5488 stantia
525 5446 539 5485 :
572 5428 621 5484 si
652 5443 789 5483 vero
818 5429 985 5482 ortus
1017 5438 1134 5477 non
1164 5423 1254 5475 est
1280 5417 1411 5491 ipsa
1440 5417 1795 5489 substantia,
1830 5435 1937 5477 nec
1985 5424 2151 5477 ortus
2180 5420 2430 5492 privatio
2462 5421 2799 5481 substantia
2826 5424 2955 5481 erit.
2987 5425 3050 5483 Si
3091 5442 3226 5485 vero
3257 5427 3505 5500 privatio
3534 5433 3699 5487 ortus

364 5651 460 5726 14,)
500 5646 928 5726 Αισεδιχρμένηςρ
961 5647 1208 5726 Αξιευεῖ·
1299 5714 1325 5726 -

364 5651 460 5719 74)
500 5651 928 5726 Διαδιχομένης,
961 5651 1208 5719 August.

343 5651 461 5799 £75)
497 5722 681 5780 Palat.
718 5724 767 5795 1,
797 5719 936 5776 κατὰ
962 5721 1068 5772 τῶν
1100 5714 1391 5792 γεννητῶν.

2111 5645 2227 5719 (76)
2259 5646 2400 5717 Aug.
2434 5641 2662 5720 γεννητά
2691 5645 2804 5704 bis.
2838 5647 2992 5705 Editi
3018 5653 3078 5707 et
3108 5648 3208 5707 alii
3236 5648 3453 5727 γενητὰ,
