4116 6364
372 387 530 448 1189

1337 375 1442 440 DE
1489 377 1793 440 SANCTA
1843 375 2264 437 'l‘lthl'l‘A'l‘E
2314 381 2695 442 DIALOGUS
2743 377 2817 442 ΙΙ.

3638 389 3796 447 1190

367 525 459 575 est
489 518 844 580 substantia,
878 527 1038 569 ortus
1072 518 1265 568 autem
1299 510 1632 566 substantia
1665 527 1777 564 non
1811 515 1919 578 est,
1955 525 2059 563 cur
2097 513 2157 562 tu
2191 509 2477 564 dissimile
2531 511 2722 565 dicis?
2750 528 2882 566 cum
2918 530 3020 567 ens
3054 532 3166 568 non
3218 515 3336 570 enti
3371 533 3474 571 nec
3504 517 3792 574 dissim-de

371 611 452 666 sit
485 625 589 662 nec
619 605 834 661 simile.

441 699 532 752 25.
593 693 784 765 ’Δνόμ.
848 692 907 749 Ei
987 689 1290 765 στερήσεώς
1364 687 1472 742 ἐστι
1552 685 1858 756 δηλωτικὸν
1942 684 2028 740 ἐπὶ

2215 689 2304 742 21.
2337 689 2529 743 Anam.
2563 689 2620 743 Si
2655 707 2767 745 non
2803 691 3065 761 genitum
3096 693 3154 747 in
3187 693 3301 748 Deo
3333 694 3571 749 denotat
3603 695 3792 766 priva-

372 790 509 842 Θεοῦ
538 785 602 839 τὸ
633 782 947 858 ἀγέννητον,
987 777 1126 852 μηδὲ
1157 775 1214 831 δὲ
1264 777 1346 846 εή
1396 778 1458 830 τὸ
1516 776 1833 851 ἀγέννητον,
1866 781 2026 836 ποῖος

374 875 540 950 λόγος
600 871 658 926 ἂν
719 871 1037 946 ἀφαιρήσειε
1081 872 1182 923 τοῦ
1236 863 1467 938 μηδενὸς
1528 866 1590 919 τὸ
1655 864 1821 938 μηδὲν
1885 861 2025 925 εἶδος

375 949 642 1036 σημαῖνον
671 989 684 1028 ;
716 960 796 1021 τίς
840 957 942 1034 ἄρα
993 959 1296 1033 χωρ-τίσειεν
1351 949 1500 1015 ὄντος
1551 952 1633 1026 ὃν,
1669 953 1800 1028 ὅπερ
1863 952 2024 1020 ἐστὶν,

374 1053 506 1108 αὐτὸ
534 1053 762 1117 ἓαυτοῦ;
800 1050 944 1124 Ὀρθ.
985 1048 1042 1102 Εἰ
1076 1045 1136 1100 τὸ
1183 1043 1447 1121 ἄφθαρτον
1508 1044 1595 1097 καὶ
1648 1043 1708 1096 τὸ
1768 1042 2026 1105 ἀθάνατον

377 1139 680 1217 στερήσεώς
741 1138 842 1192 εἱσι
901 1135 1204 1205 δηλωτικὰ,
1259 1132 1393 1187 ἔστω
1450 1131 1537 1186 καί
1599 1132 1658 1184 τὸ
1715 1131 2027 1206 ἀγέννητον.

375 1234 511 1291 Τοῖς
567 1227 661 1282 οὖν
724 1227 909 1288 αὐτοῖς
969 1223 1058 1278 καὶ
1115 1224 1278 1296 ἡμεῖς
1338 1222 1675 1297 χρησώμεθα
1724 1219 1930 1294 λόγοις’
1986 1218 2029 1270 εί

377 1317 686 1395 στερήσεώς
740 1315 849 1370 ἐστι
910 1311 1218 1383 δηλωτικὸν
1276 1310 1361 1366 ἐπὶ
1420 1314 1550 1369 Θεοῦ
1617 1331 1678 1384 το
1737 1307 2026 1384 ἄφθαρτον,

387 1405 553 1481 μηδὲν
589 1403 646 1460 δέ
675 1405 876 1460 ἔστιτὸ
926 1402 1214 1481 ἄφθαρτον·
1249 1405 1406 1461 ποῖος
1457 1399 1622 1472 λόγος
1679 1398 1736 1452 ἂν
1793 1398 2029 1475 ἀφαιρή-

382 1519 487 1552 σειε
524 1501 622 1551 τοῦ
677 1492 905 1569 μηδενὸς
951 1493 1014 1547 τὸ
1063 1489 1231 1565 μηδὲν
1285 1487 1423 1550 εἶδος
1456 1495 1720 1561 σημαῖνον
1749 1508 1762 1556 ;
1793 1487 1874 1548 τίς
1934 1484 2033 1558 ἄρα

382 1588 658 1661 χωρήσειε
687 1588 783 1638 τοῦ
831 1579 1062 1655 μηδενὸς
1107 1581 1168 1634 τὸ
1220 1577 1411 1653 μηδὲν,
1445 1579 1477 1647 ἢ
1512 1573 1668 1639 ὄντος
1717 1573 1864 1644 ὄντα,
1900 1578 2032 1651 ἅπερ

382 1675 495 1730 ἐστὶ
545 1675 848 1749 στερήσεως
901 1669 1202 1741 δηλωτικὰ,
1234 1669 1293 1722 τὸ
1344 1666 1633 1745 ἄροαρτον,
1665 1666 1754 1720 καὶ
1800 1666 1863 1720 τὸ
1903 1665 2030 1728 ἀθα-

383 1785 567 1835 νατον,
601 1762 781 1817 καὶτὸ
821 1760 1117 1835 ἀγέννητον
1147 1786 1160 1828 ς
1196 1758 1291 1811 Καὶ
1348 1756 1392 1810 εί
1443 1757 1606 1810 ταυτὸ
1666 1755 1917 1828 σημαίνει
1974 1753 2036 1808 τὸ

385 1852 656 1932 ἄφθαρτον
689 1853 776 1906 καί
809 1851 870 1904 τὸ
903 1849 1184 1916 ἀθάνατον,
1217 1846 1307 1900 καὶ
1354 1847 1416 1900 τὸ
1475 1845 1784 1920 ἀγέννητον.
1822 1841 1930 1898 ἔστι
1982 1841 2038 1896 δὲ

383 1930 476 1997 καὶ
522 1943 550 1996 ὁ
593 1941 714 2002 Υἱὸς
774 1936 1045 2016 ἄφθαρτος
1104 1937 1192 1990 καὶ
1252 1935 1531 1995 ἀθάνατος·
1589 1930 1728 1987 ἔστιν
1791 1931 1891 2005 ἄρα
1947 1932 2037 1985 καὶ

385 2029 548 2091 αὐτὸς
583 2028 890 2102 ἀγέννητος.
930 2026 989 2078 Ei
1021 2021 1066 2078 δ’
1100 2023 1198 2077 οὐκ
1241 2020 1379 2076 ἔστιν
1428 2022 1738 2097 ἀγέννητος,
1774 2019 2039 2097 ἄφθαρτος

385 2118 478 2173 καὶ
510 2118 766 2177 ἀθάνατος
801 2115 895 2181 ὣν,
931 2113 996 2168 οὐ
1026 2114 1188 2167 ταυτὸ
1221 2111 1471 2183 σημαίνει
1517 2110 1579 2163 τὸ
1613 2110 1902 2184 ἀγέννητον
1950 2109 2036 2163 καὶ

381 2208 448 2262 τὸ
480 2207 748 2284 ἄφθαρτον
780 2200 949 2257 εἶτουν
984 2201 1266 2265 ἀθάνατον.
1303 2199 1368 2255 E’c'
1399 2196 1444 2253 δ’
1478 2198 1538 2252 οὐ
1570 2199 1732 2252 ταυτὸ
1763 2199 2036 2269 σημαίνει,

389 2294 622 2356 δικαιοῖς
651 2291 707 2348 δὲ
742 2291 952 2366 μᾶλλον
986 2290 1144 2351 αὐτὸς
1173 2291 1236 2344 τὸ
1269 2288 1559 2363 ἀγέννητον
1621 2289 1750 2342 εἶναι
1801 2289 1897 2354 τὴν
1953 2287 2040 2340 οὗ-

1675 2385 1700 2393 υ

387 2386 528 2440 σίαν⁶
563 2382 708 2438 ἔσται
735 2384 834 2458 ἄρα
864 2380 999 2435 κατά
1031 2380 1086 2433 σε
1117 2379 1203 2433 καὶ
1261 2379 1397 2432 κατά
1450 2377 1576 2439 τοὺς
1636 2385 1734 2445 τῆς
1796 2384 1895 2445 σῆς
1950 2397 2038 2430 σο-

387 2474 510 2553 φίας
541 2473 736 2548 λόγους
799 2470 1090 2545 ἀγέννητος
1127 2470 1218 2541 μὲν
1282 2466 1457 2538 οὐσία,
1491 2465 1590 2520 οὐκ
1644 2465 1901 2527 ἀθάνατος
1962 2462 2038 2533 δὲ,

390 2551 514 2617 οὔτε
549 2562 654 2634 μὴν
689 2562 980 2634 ἄφθαρτος.
1017 2555 1206 2628 Ἀνόμ.
1242 2555 1304 2610 Εἰ
1353 2557 1387 2624 ἡ
1442 2556 1691 2630 στέρησις
1736 2551 1897 2625 ἕξεων
1932 2557 2042 2626 (77)

393 2653 695 2730 ἀφαίρεσις,
718 2651 780 2704 τὸ
813 2648 898 2704 ἐπὶ
932 2651 1064 2702 Θεοῦ
1094 2647 1406 2722 ἀγέννητον,
1437 2643 1563 2714 ἤτοι
1597 2645 1845 2720 στέρησις
1898 2642 2042 2698 ἔσται

389 2740 574 2813 ἕξεως,
606 2741 641 2809 ἢ
672 2737 778 2809 ἕξις
815 2739 1140 2812 στερήσεως.
1173 2733 1330 2791 Ἀλλ’
1360 2734 1404 2788 εἰ
1459 2734 1550 2806 μὶν
1604 2735 1852 2809 στέρησις
1904 2732 2041 2787 ἐστιν

394 2831 580 2902 ἕξεως,
626 2826 742 2889 πῶς
776 2828 834 2882 ἂν
867 2827 928 2880 τὸ
966 2827 1041 2898 μὴ
1073 2825 1274 2900 προσὸν
1302 2828 1381 2896 τῷ
1413 2828 1528 2894 Θεῷ
1577 2825 2045 2900 συναριθμηοτςσε-

397 2941 483 2974 ται
511 2939 524 2987 ;
561 2917 624 2974 Ei
657 2914 714 2970 δὲ
741 2913 848 2986 ἕξις
879 2915 989 2969 ἐστὶ
1020 2914 1083 2968 τὸ
1135 2913 1446 2988 ἀγέννητον,
1481 2913 1682 2986 ἀνάγκη
1743 2911 2047 2985 προϋποθέ-

400 3020 519 3070 σθαι
579 3007 842 3082 γεννητὴν
899 3003 1107 3072 οὐσίαν,
1142 3002 1224 3056 ἵνα
1279 3001 1450 3062 οὕτως
1505 2997 1611 3070 ἕξιν
1665 2995 2050 3076 προσλαϐοῦσα

402 3096 687 3170 ἀγέννητος
742 3093 1097 3164 ὀνομάζηται·
1161 3090 1205 3145 εἶ
1266 3087 1320 3144 δὲ
1376 3092 1409 3159 ἡ
1461 3091 1692 3165 γεννητὲΙ
1755 3091 2050 3164 ἀγεννητου

403 3186 588 3247 οὐσίας
626 3183 855 3258 μετέσχε
884 3185 1020 3254 (78),
1050 3181 1137 3235 καὶ
1167 3177 1325 3250 ἕξεως
1361 3179 1694 3253 ὑπομείνασα
1742 3175 2049 3253 ἀποϐολὴν,

402 3274 661 3348 γενεσ-εως
695 3272 996 3347 ἐστέρηται,
1031 3267 1113 3339 εἶή
1162 3269 1219 3323 ἂν
1271 3268 1427 3322 οὐσία
1480 3269 1572 3340 μὲν
1621 3270 1654 3337 ἡ
1705 3271 1961 3343 γεννητή,
1989 3271 2052 3324 τὸ

407 3360 464 3416 δὲ
494 3363 773 3436 ἀγέννητον
802 3357 930 3431 ἕξις.
967 3357 1028 3414 Εἴ
1071 3355 1126 3411 δε
1171 3358 1233 3411 τὸ
1283 3356 1524 3431 γέννημα
1563 3357 1689 3430 παρ’
1736 3353 1888 3410 οὐδέν
1940 3358 2048 3412 ἐστι

403 3435 730 3521 δηλωτικὸν,
765 3446 1028 3518 δηλονότι
1057 3445 1216 3517 ἕξεώς
1253 3445 1362 3500 ἐστι
1397 3445 1751 3517 σημαντικόν·
1779 3446 1838 3499 ἄν
1868 3467 1926 3499 τε
1961 3467 2048 3518 με·
2080 3435 2121 3500 C

394 3539 680 3612 ταπλασθῇ
739 3537 790 3608 ἐξ
850 3536 1033 3598 οὐσίας
1087 3536 1231 3597 τινὸς
1265 3537 1400 3607 (79),
1435 3536 1493 3588 ἅν
1542 3553 1601 3588 τε
1628 3531 1790 3588 τοῦτό
1822 3533 1984 3606 ἐστιν,
2018 3535 2046 3589 ’ὁ

394 3628 611 3703 λέγεται
641 3627 883 3702 γέννημα
910 3646 1080 3686 τινος.
1116 3625 1262 3699 Ὀρθ.
1302 3621 1469 3677 ΙΙάλιν
1502 3628 1618 3684 τοῖς
1651 3620 1788 3685 ἴσοις
1817 3625 2046 3698 χρησώ-

395 3719 533 3791 μεθα
565 3715 772 3792 λόγοις·
797 3715 860 3768 τὸ
891 3714 990 3790 γὰρ
1023 3712 1151 3766 αὐτὸ
1191 3712 1280 3765 καὶ
1339 3710 1426 3765 ἐπὶ
1484 3709 1580 3766 τοῦ
1638 3709 1902 3784 ἀιῲευδοῦς
1959 3712 2047 3766 καὶ

391 3811 490 3860 τοῦ
523 3804 785 3868 ἀθανάτου
816 3803 903 3857 καὶ
931 3807 1028 3856 τοῦ
1061 3803 1332 3879 ἀφθάρτου
1366 3800 1510 3854 ε’ίποι
1556 3821 1639 3862 τις
1692 3801 1768 3854 ἅν·
1804 3808 1901 3870 τῆς
1948 3802 2048 3876 γάρ

393 3895 562 3964 αὐτῆς
597 3894 706 3948 ἐστι
757 3895 1012 3968 χρήσεως
1069 3895 1147 3961 τῷ
1186 3891 1480 3964 ἁγεννήτῳ·
1518 3888 1594 3942 ὅτ’
1646 3888 1706 3942 ἅν
1771 3909 1855 3943 σοι
1913 3891 2051 3952 τέως

394 3985 844 4058 συγχωρήσωμεν
877 3981 1076 4056 λέγειν,
1109 3979 1137 4032 ὃ
1166 3979 1228 4032 τὸ
1261 3981 1478 4048 Ιινεῦμα
1507 3984 1609 4046 τῆς
1642 3975 1902 4046 ἀληθείας
1953 3979 2052 4032 οὐκ

397 4075 563 4128 εἴπεν.
594 4073 853 4147 Ἐροῦμεν
889 4067 978 4122 οὖν
1011 4068 1102 4122 καὶ
1161 4070 1346 4139 ἡμεῖς·
1385 4065 1448 4122 Εἰ
1498 4068 1532 4136 ἡ
1584 4065 1833 4141 στέρησις
1890 4065 2050 4138 ἕξεως

395 4161 694 4240 ἁθραίρεσις,
739 4161 798 4212 τὸ
838 4157 923 4212 ἐπὶ
955 4161 1088 4212 Θεοῦ
1142 4153 1364 4229 ἀψευδὲς
1418 4152 1543 4223 ἤτοι
1595 4155 1844 4229 στέρησις
1893 4152 2052 4225 ἕξεως

393 4253 428 4320 ἢ
460 4247 566 4322 ἕξις
600 4249 922 4321 στερήσεως.
957 4243 1117 4301 Ἀλλ’
1147 4243 1192 4298 εἰ
1231 4244 1324 4316 μὶν
1377 4243 1627 4317 στέρησίς
1680 4242 1818 4297 ἐστιν
1867 4240 2051 4314 ἕξεως,

394 4343 512 4400 πῶς
544 4339 602 4391 ἂν
634 4338 696 4391 τὸ
731 4340 807 4409 μή
839 4334 1041 4410 προσὸν
1086 4337 1164 4404 τῷ
1215 4337 1330 4404 Θεῷ
1383 4334 1954 4408 συναριθμηθήσεται;
1991 4333 2052 4390 Εἰ

399 4425 460 4481 δὲ
504 4423 609 4496 ἕξις
665 4425 774 4478 ἐστὶ
835 4425 897 4478 τὸ
957 4419 1205 4495 ἀψευδὲς,
1243 4420 1444 4496 ἀνάγκη
1504 4421 1904 4496 προϋποθέσθαι
1964 4422 2052 4476 καὶ

399 4512 622 4589 ψεῦδος,
657 4513 744 4567 καὶ
776 4509 946 4587 ψευδῆ
980 4510 1190 4579 οὐσίαν,
1223 4508 1292 4562 ’ἐν’
1325 4508 1498 4572 οὕτως
1529 4508 1636 4580 ἕξιν
1671 4507 2055 4584 προσλαϐοῦσα

405 4600 644 4678 ἀψευδὴς
678 4599 1033 4674 ὀνομάζηται.
1073 4598 1130 4655 ΕΪ
1164 4597 1222 4653 δὲ
1251 4601 1285 4668 ἡ
1319 4596 1520 4672 ψευδὴς
1557 4597 1820 4672 ἀψευδοῦς
1872 4601 2052 4664 οὐσίας

410 4693 694 4768 μετέσχεν,
723 4688 884 4762 ἕξεως
920 4688 1252 4762 ὑπομείνασα
1285 4682 1567 4756 ἀποϐολὴν
1619 4686 1850 4761 ψεύδους
1911 4691 2051 4746 ἐστέ-

2135 776 2454 846 tionem,et
2486 795 2599 832 non
2631 781 2894 849 genitum
2928 797 3055 836 esse
3089 782 3232 836 nihil
3267 789 3375 852 est,
3409 800 3678 853 quaenam
3703 801 3800 840 co-

2136 866 2339 936 gitatio
2371 867 2826 922 discernetillud
2859 871 3013 940 quod
3042 871 3290 940 speciem
3320 872 3540 926 nullam
3565 873 3796 943 signiﬁ-

2137 960 2248 1024 cat,
2283 957 2355 1009 ab
2390 972 2455 1010 eo
2488 958 2642 1027 quod
2684 974 2793 1011 non
2829 959 2964 1012 est?
2997 959 3200 1030 quisve
3232 960 3528 1031 separabit
3557 961 3627 1016 ab
3660 968 3792 1016 ente

2139 1060 2264 1110 ens,
2301 1045 2410 1099 hoc
2445 1051 2551 1114 est,
2577 1045 2726 1100 idem
2752 1064 2784 1100 a
2814 1049 3006 1118 seipse
3028 1047 3054 1100 ?
3085 1049 3234 1102 Orth.
3264 1049 3319 1102 Si
3353 1049 3796 1121 incorruptibile

2140 1138 2195 1186 et
2220 1133 2552 1190 immortale
2585 1142 2905 1190 connotant
2933 1139 3340 1208 privationem,
3365 1143 3636 1193 connotet
3657 1155 3798 1194 sane

2141 1238 2269 1277 eam
2302 1228 2357 1276 et
2391 1241 2501 1278 non
2553 1225 2841 1295 genitum.
2876 1226 3086 1281 Iisdem
3125 1227 3302 1297 igitur
3330 1233 3386 1281 et
3418 1245 3522 1282 nos
3557 1227 3796 1283 rationi-

2144 1311 2258 1366 bus
2316 1319 2370 1366 et
2418 1314 2656 1368 vocibus
2705 1319 2986 1370 utamur:
3034 1315 3080 1369 si
3136 1315 3515 1386 privationem
3568 1317 3624 1371 in
3687 1322 3797 1372 Deo

2145 1402 2463 1471 quamdam
2487 1402 2780 1474 signiﬁcat
2801 1403 3263 1475 incerruptibile,
3288 1410 3342 1460 et
3368 1405 3475 1460 hoc
3498 1406 3689 1477 ipsum
3716 1406 3800 1462 in-

2144 1490 2520 1562 corruptibilc
2555 1491 2698 1546 nihil
2731 1498 2839 1560 est,
2875 1511 3001 1564 quae
3036 1494 3180 1548 ratio
3217 1495 3613 1566 distinguetid
3641 1496 3798 1567 quod

2135 1578 2365 1634 'nuilam
2383 1581 2635 1651 speciem
2652 1581 3039 1652 signiﬁcat,ab
3055 1600 3120 1637 eo
3133 1584 3282 1652 quod
3305 1583 3446 1638 nihil
3461 1584 3578 1639 est?
3594 1584 3800 1655 quisve

2146 1675 2407 1724 secernet
2429 1688 2462 1724 a
2495 1669 2674 1725 nihilo
2708 1671 2872 1735 nihil,
2906 1679 3007 1726 aut
3037 1674 3108 1725 ab
3141 1672 3457 1728 exsistente
3486 1674 3798 1743 exsistens,

2148 1775 2271 1829 quae
2307 1757 2687 1830 privationem
2741 1761 3042 1827 denotant,
3077 1779 3286 1833 nempe
3337 1761 3797 1833 incorruptibile,

2146 1847 2476 1903 immortale
2500 1855 2682 1903 etnon
2709 1849 3012 1919 genitum?
3035 1850 3194 1912 Quod
3221 1851 3265 1904 si
3289 1849 3440 1904 idem
3465 1850 3802 1922 signiﬁcant

2149 1936 2613 2008 incorruptibile,
2637 1938 2964 1992 immortale
2986 1945 3166 1992 etnon
3190 1937 3476 2009 genitum,
3501 1940 3695 2011 etipse
3721 1940 3804 1994 Fi-

2151 2024 2267 2080 lius
2306 2026 2768 2098 incorrUptibilis
2818 2034 2873 2082 et
2907 2027 3254 2081 immortalis
3305 2035 3414 2094 est,
3448 2028 3557 2083 erit
3594 2034 3645 2083 et
3679 2029 3805 2101 ipse

2151 2133 2264 2170 non
2298 2117 2530 2187 genitus
2567 2134 2576 2170 :
2613 2116 2703 2171 sin
2723 2135 2854 2171 vero
2889 2135 3000 2170 non
3033 2121 3121 2170 est
3145 2135 3254 2170 non
3290 2117 3548 2188 genitus,
3572 2135 3706 2173 cum
3731 2119 3808 2172 sit

2151 2205 2612 2276 incorruptibilis
2663 2211 2716 2259 ct
2768 2206 3138 2273 immortalis,
3186 2224 3296 2260 non
3350 2207 3604 2277 profecto
3652 2207 3806 2264 idem

2151 2293 2446 2364 signiﬁcat
2491 2311 2602 2348 non
2655 2295 2916 2366 genitum
2949 2300 3004 2349 et
3053 2295 3496 2365 incorruptibile
3545 2295 3664 2350 sive
3694 2295 3803 2351 im-

2154 2381 2416 2437 mortale.
2452 2382 2550 2436 Sin
2585 2399 2718 2436 vero
2772 2382 2825 2436 id
2861 2400 2971 2436 non
3005 2383 3263 2448 denotat,
3297 2387 3354 2437 et
3387 2387 3578 2438 tamen
3613 2385 3806 2440 adhuc

2153 2471 2469 2525 conﬁrmas
2491 2487 2601 2524 non
2621 2469 2881 2541 genitum
2901 2488 3028 2526 esse
3048 2471 3231 2541 ipsam
3256 2472 3677 2543 substantiam,
3697 2473 3809 2529 erit

2155 2559 2394 2614 omnino
2426 2560 2756 2614 substantia
2802 2561 3124 2614 secundum
3159 2565 3234 2629 te,
3269 2565 3322 2615 et
3362 2561 3662 2632 sapientiae
3694 2567 3807 2618 tuaa

2155 2649 2650 2714 ratiocinationes,
2679 2666 2790 2703 non
2823 2649 3017 2720 genita
3044 2649 3279 2721 quidem
3315 2650 3667 2718 substantia,
3694 2670 3808 2708 non

2156 2754 2290 2792 vero
2323 2737 2672 2792 immortalis
2702 2743 2757 2791 et
2787 2737 3269 2809 incorruptibilis.
3303 2745 3496 2795 Anam.
3529 2740 3583 2794 Si
3619 2741 3808 2813 priva-

2157 2825 2240 2878 tio
2270 2829 2357 2879 est
2388 2824 2696 2879 habituum
2735 2826 2996 2890 remotio,
3023 2825 3161 2880 illud
3197 2827 3350 2896 quod
3377 2832 3488 2881 Deo
3511 2829 3808 2897 tribuitur,

2160 2933 2273 2969 non
2303 2915 2564 2985 genitum
2600 2930 2747 2984 esse,
2781 2918 2882 2968 aut
2915 2913 3159 2986 privatio
3191 2915 3300 2969 erit
3328 2915 3516 2985 ipsius
3546 2916 3808 2988 habitus,

2161 3009 2262 3058 aut
2292 3004 2401 3057 erit
2449 3002 2685 3057 habitus
2733 3001 3072 3074 privationis
3107 3019 3118 3055 :
3153 3005 3305 3072 quod
3338 3005 3386 3057 si
3437 3009 3525 3058 est
3563 3004 3810 3075 privatio

2162 3093 2349 3165 ipsius
2399 3093 2658 3161 habitus,
2693 3091 2985 3162 quomodo
3038 3091 3091 3145 id
3125 3092 3276 3162 quod
3329 3091 3445 3147 Deo
3491 3110 3606 3148 non
3638 3093 3811 3159 inest,

2163 3183 2277 3238 Deo
2307 3180 2861 3238 connumerabitur:
2886 3180 2974 3235 sin
2999 3198 3131 3236 vero
3162 3199 3272 3236 non
3307 3181 3570 3253 genitum
3593 3189 3681 3238 est
3703 3182 3809 3238 ba-

2164 3273 2344 3341 bitus,
2370 3288 2605 3326 necesse
2629 3271 2802 3326 fuerit
2827 3270 3197 3341 praesupponi
3229 3272 3624 3326 substantiam
3647 3272 3813 3343 geni-

2164 3358 2304 3429 tam',
2341 3365 2403 3414 ut
2432 3359 2516 3414 sic
2549 3358 2849 3429 assumplo
2873 3358 3076 3414 habitu
3128 3359 3539 3414 denominetur
3564 3376 3680 3415 non
3711 3377 3815 3432 ge-

2159 3451 2281 3505 nita
2316 3467 2328 3504 :
2362 3450 2411 3504 si
2456 3465 2588 3503 vero
2623 3449 2820 3520 genita
2853 3465 2964 3502 non
3004 3449 3214 3520 genita:
3263 3448 3601 3504 substantiae
3635 3451 3819 3520 parti—

2158 3556 2294 3611 ceps
2325 3538 2453 3600 fuit,
2487 3543 2542 3592 et
2593 3537 2833 3592 habitus
2862 3540 3149 3606 jacturam
3204 3554 3376 3609 passa
3408 3543 3601 3593 ortum
3636 3539 3820 3606 exuit,

2161 3629 2333 3683 fuerit
2367 3628 2566 3698 utique
2613 3627 2943 3681 substantia
2975 3627 3210 3694 quidem
3253 3626 3470 3698 genita,
3507 3644 3617 3682 non
3653 3627 3817 3699 geni-

2163 3725 2284 3772 tum
2319 3729 2448 3771 vero
2483 3717 2736 3770 habitus.
2760 3717 2860 3770 Sin
2894 3732 3023 3770 vero
3046 3715 3316 3785 genimen
3355 3716 3622 3771 nonnihil
3646 3716 3822 3788 signi-

2163 3805 2982 3876 ﬁcat,manifestumest,quod
3010 3803 3185 3858 etiam
3212 3803 3506 3875 signiﬁcet
3528 3805 3825 3874 habitum,

2162 3896 2430 3965 sivejam
2476 3894 2966 3948 trunsformatum
3000 3892 3073 3946 sit
3107 3909 3174 3946 ex
3209 3893 3568 3959 substantia,
3600 3895 3720 3949 sive
3753 3893 3824 3948 il-

2161 3983 2284 4038 lum
2329 3982 2548 4053 ipsum,
2583 3983 2737 4052 quod
2772 3982 2987 4036 dicitur
3037 3982 3275 4053 genitus
3307 3982 3378 4036 ab
3409 3983 3630 4054 aliquo.
3669 3983 3822 4038 Orth.

2161 4071 2410 4126 Paribus
2435 4071 2646 4125 iterum
2666 4075 2900 4124 utamur
2923 4069 3424 4139 rationibus,illud
3450 4071 3644 4143 ipsum
3670 4071 3826 4126 enim

2163 4160 2484 4217 asseruerit
2513 4159 2807 4230 quispiam
2838 4157 3014 4213 etiam
3054 4159 3125 4213 de
3158 4158 3308 4228 istis,
3344 4159 3626 4214 nimirum
3662 4176 3828 4215 men-

2163 4249 2310 4304 dacii
2343 4264 2568 4318 expers,
2605 4246 2979 4313 immortalis,
3014 4251 3069 4300 et
3103 4246 3606 4318 incorruptibilis:
3642 4247 3828 4320 siqui-

2163 4339 2295 4393 dem
2321 4337 2441 4391 haac
2463 4337 2666 4390 eodem
2695 4336 3241 4406 modo;usurpantur
3263 4352 3378 4405 quo
3402 4353 3517 4392 non
3535 4337 3826 4409 genitum:

2165 4427 2318 4498 quod
2353 4425 2590 4497 quidem
2625 4425 2798 4479 etiam
2833 4423 2939 4478 tibi
2966 4424 3376 4491 concedamus,
3400 4424 3669 4495 quamvis
3695 4425 3828 4497 Spi-

2166 4518 2317 4571 ritus
2351 4512 2608 4570 veritatis
2645 4512 2876 4567 locutus
2909 4513 2987 4566 it1
3019 4530 3132 4567 non
3168 4512 3262 4568 sit.
3301 4513 3570 4570 Dicemus
3601 4530 3740 4586 ergo
3773 4517 3832 4570 et

2168 4623 2274 4660 nos
2309 4621 2322 4658 :
2356 4604 2414 4658 Si
2469 4600 2710 4674 privatio
2744 4607 2831 4656 est
2879 4602 3119 4655 habitus
3152 4602 3416 4668 remotio,
3463 4603 3636 4658 etiam
3671 4603 3828 4674 quod

2167 4695 2236 4748 de
2285 4699 2396 4748 Deo
2449 4692 2822 4764 praedicatur,
2858 4689 3144 4745 mendacii
3197 4697 3495 4763 expertem
3545 4708 3695 4760 esse,
3730 4695 3832 4748 aut

411 4801 592 4859 Ρηταιο
628 4778 710 4851 εἶἰη
747 4778 803 4834 ἂν
846 4777 1003 4834 οὐσία
1050 4774 1273 4850 ψευδής·
1307 4777 1369 4830 τὸ
1428 4774 1484 4830 δὲ
1536 4774 1758 4866 ἀψευδὲς
1808 4775 1932 4851 ἕξις·
1966 4802 2033 4834 κα

2169 4788 2258 4839 est
2291 4781 2531 4855 privatio
2584 4779 2846 4850 habitus,
2880 4785 2980 4834 aut
3012 4779 3248 4834 habitus
3281 4779 3644 4851 privationis.
3677 4783 3750 4836 At
3779 4780 3830 4838 si

407 4893 510 4926 σου
570 4867 928 4946 μεγαλόφρων
985 4869 1019 4934 ἡ
1079 4865 1238 4942 σοφία
1287 4863 1552 4934 rosa-313‘:
1620 4862 1860 4920 ἀσέϐειαν
1916 4868 2057 4939 ὕλης

408 4961 656 5037 εὑροῦσα.

2170 4878 2259 4928 est
2292 4869 2537 4943 privatio
2582 4867 2840 4934 habitus,
2877 4870 3170 4940 quomodo
3205 4870 3259 4923 id
3297 4874 3409 4926 Deo
3442 4887 3830 4926 connumera-

2171 4961 2350 5029 bitur,
2387 4958 2538 5031 quod
2573 4956 2622 5013 ei
2656 4974 2769 5011 non
2807 4957 3002 5013 inest?
3053 4959 3141 5013 sin
3175 4974 3306 5013 vero
3338 4958 3507 5025 illud,
3543 4960 3833 5032 mendacii

2169 5054 2459 5120 expertem
2504 5062 2652 5112 esse,
2688 5050 2776 5100 est
2818 5046 3076 5116 habitus,
3113 5047 3443 5102 necessario
3493 5064 3831 5120 pressuppo-

409 5140 572 5197 nitur
600 5143 657 5195 et
705 5135 1103 5202 mendacium,
1136 5139 1192 5190 et
1241 5135 1490 5190 mendax
1539 5135 1892 5202 substantia,
1945 5143 2008 5192 ut
2037 5139 2123 5196 ita
2163 5137 2370 5193 habitu
2423 5138 2752 5207 assumpto,
2788 5135 3078 5192 mendacii
3126 5151 3329 5206 expers
3379 5136 3493 5192 dici
3535 5136 3740 5208 possit.
3773 5137 3833 5192 Si

405 5245 542 5286 vero
573 5226 878 5284 mendacio
910 5224 1155 5280 obnoxia
1207 5225 1540 5280 substantia
1571 5224 1862 5297 particeps
1909 5225 2060 5282 facta
2109 5232 2200 5282 est
2229 5228 2379 5299 ejus,
2407 5242 2535 5298 quae
2587 5225 2874 5280 mendacii
2923 5241 3126 5297 expers
3157 5225 3255 5293 sit,
3287 5229 3343 5279 et
3370 5225 3608 5280 habitus
3638 5225 3831 5296 jactu-

407 5334 537 5374 ram
567 5333 743 5390 passa
774 5314 1077 5370 mendacio
1109 5313 1187 5369 sit
1216 5314 1440 5386 privata
1473 5332 1484 5369 :
1520 5313 1693 5369 fuerit
1737 5316 1939 5387 utique
1971 5317 2304 5373 substantia
2352 5315 2603 5371 mendax
2637 5331 2650 5369 :
2687 5318 2746 5368 et
2793 5312 2856 5368 τὸ
2888 5331 3093 5386 expers
3140 5313 3453 5383 mendacii,
3487 5313 3745 5386 habitus,
3777 5317 3838 5371 et

408 5413 515 5465 tua
543 5406 646 5464 illa
674 5421 956 5478 arrogans
987 5403 1276 5476 sapientia
1304 5408 1479 5460 tanta:
1511 5403 1830 5476 impietatis
1862 5406 2169 5463 materiam
2200 5405 2498 5479 repererit.

488 5637 603 5785 2'71in
632 5629 1084 5784 $353333»
1114 5723 1148 5764 a
1176 5704 1361 5763 Palat.
1395 5708 1447 5765 4.

2251 5637 2364 5709 (79)
2398 5639 2544 5710 Aug.
2578 5629 2790 5706 ἐξουσίᾳ
2819 5630 2986 5694 τινός.
