4116 6376
321 428 472 488 1191

1492 414 1557 479 s.
1604 412 2130 478 ATHANASIUS.
2159 447 2237 457 —
2262 396 2570 476 spuma;

3594 413 3746 476 i192

396 559 549 615 486
580 558 672 613 22.
720 560 910 612 Anam.
958 555 1017 613 Si
1048 555 1313 629 genitum
1363 568 1527 625 aeque
1572 568 1639 607 ac
1670 566 1785 606 non
1817 547 1964 622 geni-

2161 549 2251 603 22.
2315 548 2489 620 Ἀνομ
2522 591 2535 603 .
2596 546 2657 603 ΕΙ
2713 546 2776 601 τὸ
2830 546 3086 621 γεννητὸν
3141 544 3250 620 ἕξις
3307 547 3395 604 καὶ
3452 546 3516 602 τὸ
3570 545 3743 623 ἀγὲν-

321 653 450 703 tum
467 646 702 702 habitus
716 644 1175 713 est,substantiae
1190 643 1427 715 quidem
1443 640 1743 696 babitibus
1760 638 1980 710 priores

321 740 521 793 erunt:
538 734 921 791 babitusvero
944 733 1079 789 licet
1099 730 1449 788 substantiis
1470 728 1823 803 posteriores
1838 726 1977 789 sint,

319 828 515 881 tamen
549 824 759 880 iisdem
811 823 1128 895 digniores.
1181 827 1301 876 Non
1334 819 1597 893 genitum
1629 834 1764 872 vero
1795 814 1977 889 geniti

317 930 496 970 causa
521 917 631 981 est,
660 915 951 984 quatenus
975 910 1168 983 ipsum
1193 926 1321 964 esse
1344 909 1676 963 denotatur.
1711 904 1811 961 Sin
1843 920 1976 959 vero

317 1003 583 1075 genitum
615 1001 792 1057 infert
819 1000 1161 1055 substantiae
1184 1016 1302 1054 sua:
1335 1013 1597 1063 causam,
1621 993 1978 1066 significabit

318 1108 459 1147 sane
492 1108 600 1147 vox
622 1089 888 1163 genitum
913 1088 1331 1151 substantiam,
1357 1102 1472 1141 non
1505 1084 1771 1141 habitum
1799 1101 1811 1138 :
1837 1098 1972 1137 cum

314 1194 451 1234 vero
483 1182 696 1234 natura
717 1192 831 1232 non
864 1175 1060 1248 genita
1091 1172 1239 1229 nihil
1271 1174 1399 1246 ipsa
1430 1173 1490 1227 in
1523 1187 1585 1227 se
1616 1170 1973 1237 introducat,

317 1266 612 1338 quomodo
658 1281 795 1337 ergo
827 1281 939 1320 non
990 1262 1343 1330 substantia,
1376 1262 1474 1317 sed
1528 1259 1767 1316 habitus
1798 1257 1975 1314 fuerit

315 1355 419 1411 illa
452 1372 565 1411 non
595 1354 793 1426 genita
837 1351 1092 1408 natura?
1143 1350 1291 1406 Orth.
1351 1349 1701 1407 Substantia
1731 1346 1969 1420 quidem

314 1443 463 1500 nihil
493 1448 584 1500 est
614 1442 875 1515 dignius,
902 1441 988 1496 vir
1017 1439 1474 1511 sapientissime,
1520 1454 1623 1494 nec
1654 1442 1847 1493 tamen
1882 1434 1971 1492 vel

313 1531 585 1588 habitum
604 1529 691 1585 vel
713 1528 1107 1585 substantiam
1128 1543 1403 1583 vocamus
1424 1524 1483 1580 in
1505 1524 1620 1580 Deo
1649 1522 1712 1577 τὸ
1737 1539 1852 1579 non
1874 1537 1968 1594 ge-

314 1622 527 1676 nitum.
552 1619 679 1675 Non
705 1634 832 1675 esse
863 1623 1059 1673 autem
1083 1631 1218 1671 eum
1240 1616 1502 1688 genitum
1532 1630 1634 1686 per
1656 1629 1792 1668 eum
1819 1611 1970 1667 didi-

310 1709 526 1775 cimus,
564 1708 742 1781 idque
773 1722 889 1762 non
919 1710 1149 1761 tantum
1185 1721 1254 1760 ex
1284 1703 1587 1775 Scriptura
1616 1701 1832 1768 divina,
1866 1700 1966 1756 sed

310 1799 489 1856 etiam
518 1815 589 1854 ex
633 1797 934 1854 communi
986 1795 1294 1851 hominum
1348 1797 1561 1848 natura
1605 1795 1662 1847 et
1692 1790 1967 1858 notione;

311 1888 493 1960 igitur
523 1904 639 1943 non
672 1885 935 1959 genitum
958 1901 1138 1940 causa
1169 1900 1281 1939 non
1314 1886 1405 1938 est
1434 1881 1613 1954 geniti
1647 1897 1659 1934 :
1694 1896 1801 1934 nec
1833 1878 1971 1950 quia

315 1982 464 2033 Deus
491 1993 605 2032 non
637 1976 873 2048 genitus
903 1977 1012 2042 est,
1045 1973 1173 2028 ideo
1203 1988 1380 2028 causa
1416 1969 1543 2026 Filii
1573 1974 1682 2040 est,
1714 1969 1815 2023 sed
1838 1968 1968 2023 sub-

310 2065 528 2122 stantia
575 2062 941 2131 substantiae,
976 2079 1089 2118 non
1140 2078 1311 2118 secus
1351 2077 1417 2117 ac
1467 2060 1564 2115 lux
1613 2057 1963 2131 splendoris.

307 2154 423 2209 Nec
455 2160 650 2210 tamen
682 2153 954 2225 genimen
986 2166 1154 2208 suam
1189 2148 1377 2222 ipsius
1406 2148 1720 2204 essentiam
1753 2146 1961 2202 infert:

310 2243 357 2299 si
391 2242 547 2298 enim
579 2242 688 2297 hoc
716 2241 882 2311 foret,
906 2241 1031 2311 jam
1048 2239 1248 2296 omnia
1265 2254 1393 2310 quae
1420 2235 1618 2310 genita
1648 2239 1789 2291 sunt
1807 2250 1964 2290 eam-

309 2332 443 2388 dem
478 2331 764 2387 inferrent
804 2329 1147 2397 essentiam,
1187 2326 1466 2383 nimirum
1522 2330 1580 2382 et
1611 2324 1878 2397 angelus,
1910 2326 1967 2379 et

309 2437 519 2495 equus,
550 2424 609 2476 et
638 2420 821 2484 canis,
855 2424 912 2474 et
958 2417 1155 2474 homo.
1207 2417 1317 2475 Sed
1350 2415 1473 2471 haec
1500 2414 1698 2469 omnia
1726 2413 1965 2484 quidem

308 2511 445 2566 licet
473 2511 672 2582 genita
717 2509 855 2575 sint,
889 2524 1006 2564 non
1037 2512 1235 2563 tamen
1278 2505 1541 2576 ejusdem
1590 2507 1729 2559 sunt
1758 2519 1961 2559 essen-

306 2597 422 2652 tiaa.
447 2598 605 2662 Quod
643 2596 690 2652 si
712 2595 794 2651 ita
814 2597 911 2663 sit,
937 2610 1077 2650 sane
1099 2612 1213 2650 non
1241 2594 1395 2650 idem
1420 2598 1506 2649 est
1526 2593 1787 2663 genitum
1810 2609 1961 2660 csse,

309 2687 466 2759 quod
499 2685 755 2741 essentia
790 2701 804 2741 :
837 2690 1252 2757 etquanquam
1283 2682 1426 2738 nihil
1455 2682 1630 2737 infert
1661 2697 1774 2736 non
1808 2681 1967 2752 geni-

309 2785 457 2846 tum,
484 2779 792 2832 esttamen
823 2771 981 2829 aliud
1009 2772 1140 2845 ipsa
1168 2770 1534 2828 substantia:
1561 2786 1696 2825 nam
1720 2773 1777 2825 et
1801 2784 1961 2825 men-

308 2863 459 2920 dacii
506 2868 801 2936 expertem
846 2879 997 2929 esse,
1031 2860 1178 2917 nihil
1226 2860 1390 2916 addit
1440 2862 1572 2926 Deo,
1622 2874 1725 2913 nec
1764 2862 1962 2914 tamen

309 2954 463 3009 idem
489 2956 581 3010 est
603 2952 759 3024 quod
780 2950 1115 3008 substantia
1148 2967 1159 3005 :
1197 2951 1246 3006 si
1279 2949 1432 3005 enim
1466 2946 1528 3001 τὸ
1560 2947 1850 3003 mendacii
1875 2964 1966 3002 ex-

309 3044 531 3113 pertem
556 3055 706 3110 esse,
725 3047 777 3095 et
797 3037 860 3092 τὸ
883 3055 996 3095 non
1023 3037 1286 3110 genitum
1310 3053 1440 3092 esse
1469 3034 1623 3090 idem
1652 3035 1962 3107 suntquod

305 3128 584 3195 essentia,
617 3127 792 3183 etiam
827 3127 982 3182 idem
1013 3130 1188 3182 erunt
1217 3124 1505 3182 mendacii
1538 3140 1744 3197 expers
1771 3131 1961 3179 etnon

305 3218 594 3290 genitum.
628 3216 807 3272 Filius
838 3231 994 3282 vero,
1019 3215 1116 3286 qui
1147 3215 1277 3287 ipsa
1300 3218 1388 3271 est
1416 3213 1653 3279 veritas,
1674 3213 1958 3270 mendacii

2088 656 2250 706 νητον
2282 633 2412 705 ἕξις,
2466 637 2519 690 ui
2579 635 2672 707 μὶν
2725 634 2903 690 οὐσίαι
2948 641 3056 692 τῶν
3100 634 3260 711 ἕξεων
3310 634 3543 714 πρῶται·
3577 636 3633 691 αἱ
3682 633 3741 691 δὶ

2086 721 2244 795 ἕξεις,
2291 724 2335 779 εἰ
2377 725 2466 779 xui
2511 721 2616 778 τῶν
2670 724 2864 779 οὐσιῶν
2917 721 3158 802 δεύτεραι
3202 728 3338 801 (80),
3382 725 3511 781 ἀλλ’
3557 724 3649 779 οὗν
3683 746 3741 780 τε

2088 812 2502 889 προτιμότεραι.
2552 814 2621 868 Τὸ
2666 811 2724 868 δὲ
2777 812 3062 890 ἀγέννητον
3108 819 3206 870 τοῦ
3254 818 3513 890 γεννητοῦ
3562 811 3736 868 αἷίτιόν

2087 900 2219 971 ἐστι,
2251 902 2388 957 κατά
2414 903 2477 957 τὸ
2524 907 2621 958 τοῦ
2674 903 2806 958 εἶναι
2855 902 3279 976 σημαινόμενον.
3316 902 3377 959 Εἰ
3429 900 3488 958 δὲ
3523 904 3585 957 τὸ
3615 903 3736 978 γὲν-

2083 1013 2148 1061 νη
2162 1012 2235 1064 μα
2265 992 2592 1069 συνεισφέρει
2625 998 2722 1061 τῆς
2773 993 2962 1047 ἑαυτοῦ
3012 991 3194 1055 οὐσίας
3222 993 3285 1047 τὸ
3324 989 3520 1065 αἶ’τιον,
3552 992 3736 1056 οὐσίας

2085 1080 2197 1135 ἐστὶ
2242 1077 2549 1151 δηλωτικὸν
2599 1081 2660 1136 τὸ
2704 1082 2969 1156 γέννημα,
3020 1079 3148 1137 ἀλλ’
3195 1082 3305 1157 οὐχ
3332 1078 3514 1155 ἕξεως,
3560 1088 3659 1153 τῆς
3691 1079 3738 1136 δ’

2084 1170 2377 1245 ἀγεννήτου
2436 1169 2644 1249 φύσεως
2697 1167 2849 1225 οὐδὲν
2913 1171 3075 1245 ἑαυτῇ
3135 1169 3550 1246 συνεισαγοόσης
3598 1172 3736 1245 (81),

2082 1262 2199 1321 πῶς
2253 1258 2352 1314 οὐκ
2408 1257 2467 1313 ἂν
2498 1257 2581 1330 εἷή
2615 1257 2773 1314 οὐσία
2799 1306 2812 1326 ,
2842 1258 2968 1315 ἀλλ’
2997 1256 3105 1333 ’ἑξις
3134 1261 3169 1329 ἡ
3203 1260 3487 1335 ἀγὲννητος
3535 1259 3694 1339 φύσις
3722 1281 3738 1332 ;

2083 1348 2232 1417 Ὀρθ.
2294 1347 2491 1410 Οὐσίας
2555 1349 2650 1421 μὲν
2708 1345 2861 1404 οὐδὲν
2919 1348 3348 1424 προτιμότερον,
3408 1350 3688 1429 σοφώτατε
3723 1368 3737 1382 ·

2081 1431 2204 1491 οὔτε
2241 1432 2299 1490 δὲ
2343 1433 2451 1507 ἕξιν
2503 1433 2627 1492 οὐτε
2676 1435 2859 1492 οὐσίαν
2911 1436 3140 1512 λὲγομεν
3192 1437 3279 1492 ἐπὶ
3310 1441 3444 1494 Θεοῦ
3472 1438 3537 1494 τὸ
3577 1439 3736 1516 ἀγὲνο

2078 1544 2265 1594 νητον.
2300 1525 2378 1582 Τὸ
2411 1522 2469 1579 δὲ
2501 1526 2578 1599 μὴ
2610 1527 2955 1602 γεγεννῆσθαι
3004 1525 3163 1581 αὐτὸν
3222 1524 3291 1582 δι’
3339 1526 3503 1582 αὐτοῦ
3559 1549 3736 1602 μεμα-

2081 1614 2343 1687 θήκαμεν,
2375 1613 2465 1669 καὶ
2515 1618 2676 1669 τοῦτο
2727 1613 2827 1669 οὐκ
2864 1614 2969 1669 ἀπὸ
3015 1616 3114 1684 τῆς
3147 1614 3293 1678 θείας
3332 1617 3574 1694 Γραφῆς,
3606 1614 3738 1673 ἀλλ’

2081 1702 2186 1756 ἀπὸ
2234 1708 2333 1771 τῆς
2386 1702 2729 1779 ἀνθρωπίνης
2782 1703 2991 1782 φύσεως
3039 1703 3129 1758 καὶ
3170 1703 3391 1767 ἐννοίας.
3442 1706 3512 1759 Τὸ
3555 1705 3736 1760 τοίνυν

2080 1790 2397 1865 ἀγέννητον,
2443 1796 2541 1847 τοῦ
2588 1796 2849 1868 γεννητοῦ
2896 1789 3066 1847 α’ίτιον
3121 1792 3220 1848 οὐκ
3263 1788 3394 1848 ἔστι·
3430 1793 3492 1848 οὐ
3539 1794 3640 1871 γὰρ
3669 1796 3733 1851 τὸ

2083 1880 2158 1953 μή
2193 1883 2545 1955 γεγεννῆσθαι
2578 1881 2667 1936 τὸν
2700 1881 2828 1936 Θεὸν
2860 1885 2957 1936 τοῦ
2987 1881 3115 1936 Υἱοῦ
3143 1879 3338 1953 αῗίτιον,
3362 1881 3488 1938 ἀλλ’
3509 1885 3544 1953 ἡ
3578 1883 3732 1939 οὐσία

2074 1973 2176 2037 τῆς
2209 1968 2415 2038 οὐσίας,
2450 1968 2524 2031 ὡς
2553 1970 2617 2024 τὸ
2648 1972 2761 2048 φῶς
2792 1973 2889 2024 τοῦ
2932 1970 3376 2046 ἀπαυγάσματος.
3405 1969 3560 2028 Ἀλλ’
3607 1970 3732 2028 οὔτε

2081 2056 2187 2129 μὴν
2214 2057 2277 2112 τὸ
2305 2058 2462 2133 γέννη
2475 2078 2547 2130 μα
2573 2057 2897 2136 συνεισφέρει
2933 2059 3032 2128 τὴν
3067 2059 3259 2114 ἑαυτοῦ
3308 2058 3512 2115 οὐσίαν·
3547 2060 3593 2115 εἰ
3624 2062 3728 2137 γάρ

2077 2143 2136 2199 ἂν
2192 2147 2357 2217 (82),
2416 2145 2589 2200 πάντα
2641 2146 2708 2202 τὰ
2758 2147 2989 2222 γεννητά
3041 2148 3140 2216 τήν
3200 2147 3368 2216 αὐτήν
3427 2151 3725 2229 συνεισέφε-

2076 2253 2169 2306 ρον
2220 2233 2426 2303 οὐσίαν,
2477 2235 2566 2289 xui
2617 2233 2867 2312 ἅγγελος,
2912 2235 3000 2291 καὶ
3049 2234 3246 2307 ἵππος,
3297 2238 3387 2293 καὶ
3436 2239 3602 2311 κύων,
3635 2239 3727 2296 καὶ

2076 2322 2380 2398 ἄνθρωπος.
2415 2325 2596 2380 Πάντα
2651 2325 2751 2401 γὰρ
2802 2323 3012 2398 ὁμοίως
3057 2324 3161 2380 εἶσὶ
3212 2327 3462 2401 γεψητά,
3505 2325 3633 2384 ἀλλ’
3666 2328 3729 2384 οὐ

2071 2418 2172 2480 τῆς
2206 2410 2370 2481 αὐτῆς
2403 2411 2604 2474 οὐσίας.
2643 2412 2702 2468 Εἰ
2753 2410 2811 2468 δὲ
2855 2418 3039 2482 τοῦτο,
3091 2413 3191 2469 οὐκ
3219 2415 3321 2491 ἄρα
3356 2416 3418 2471 τὸ
3465 2420 3725 2492 γεννητὸν

2075 2497 2249 2557 οὐσία.
2303 2499 2404 2555 Κᾶν
2442 2501 2516 2574 μή
2578 2499 2668 2555 οῦν
2716 2501 2993 2578 εἶ’σάγηταί
3038 2523 3093 2557 τι
3128 2502 3191 2557 τὸ
3240 2504 3548 2578 ἀγέννητον,
3583 2504 3728 2563 ἀλλά

2073 2588 2218 2665 παρά
2244 2593 2406 2644 τοῦτο
2440 2589 2614 2643 οὐσία·
2647 2589 2735 2644 xui
2780 2591 2885 2665 γάρ
2928 2590 3017 2645 xui
3061 2591 3123 2646 τὸ
3173 2589 3397 2665 ἀψευδὲς
3430 2591 3583 2648 οὐδὲν
3616 2595 3724 2649 εἰσ-

2074 2677 2213 2752 άγει,
2269 2679 2358 2733 καὶ
2409 2678 2508 2733 οὐκ
2554 2676 2694 2733 ἔστιν
2743 2678 2916 2750 οὐσίᾳο
2952 2678 2996 2734 εἰ
3042 2679 3143 2757 γὰρ
3188 2681 3252 2736 τὸ
3305 2679 3531 2756 ἀψευδὲς
3572 2683 3726 2740 οὐσία

2072 2765 2162 2820 καὶ
2191 2767 2253 2821 τὸ
2303 2765 2591 2842 ἀγέννητον
2647 2766 2802 2822 οὐσία
2852 2769 2986 2843 (83),
3030 2768 3194 2825 ταυτό
3235 2769 3346 2825 ἐστι
3386 2772 3450 2826 τὸ
3499 2770 3725 2846 ἀψευδὲς

2069 2855 2150 2929 τῷ
2180 2856 2480 2930 ἀγεννήτῳ.
2527 2853 2798 2931 Ἀψευδὴς
2844 2855 2901 2911 δὲ
2934 2858 2961 2912 ὁ
2993 2858 3138 2927 Υἱὸς,
3178 2857 3409 2929 ἀλήθεια
3441 2856 3535 2914 ὤν·
3572 2861 3725 2936 ἀγὲν-

2070 2966 2234 3016 νητος
2292 2945 2413 3019 ἄρα·
2470 2944 2569 3000 οὐκ
2627 2945 2919 3021 ἀγὲννητος
2969 2943 3027 3000 δὲ
3067 2946 3204 3001 κατά
3250 2947 3328 3015 σὲ,
3372 2947 3611 3024 ἀψευδὴς
3643 2948 3720 3007 δὲ’

2072 3033 2135 3089 οὐ
2165 3034 2330 3089 ταυτὸ
2360 3032 2481 3109 ἄρα’
2516 3055 2582 3104 ση
2595 3034 2920 3108 μαινόμενόν
2953 3034 3062 3091 ἐστι
3094 3035 3155 3090 τὸ
3189 3034 3413 3110 ἀψευδὲς
3462 3042 3543 3110 τῷ
3574 3041 3727 3115 ἀγεν-

2070 3125 2240 3196 νήτῳ.
2273 3122 2335 3179 Εἰ
2387 3120 2445 3178 δὲ
2503 3122 2601 3178 οὐκ
2633 3121 2743 3178 ἔστι
2800 3125 2962 3179 ταυτὸ
3021 3125 3447 3199 σημαινόμενον,
3496 3127 3595 3184 οὐκ
3624 3127 3728 3206 ἄρα

2072 3212 2229 3268 οὐσία
2258 3213 2319 3267 τὸ
2350 3213 2659 3287 ἀγέννητον,
2694 3212 2808 3268 ἐπεὶ
2844 3211 2985 3285 μηδέ
3016 3213 3078 3269 τὸ
3109 3212 3357 3288 ἀψευδὲς.

304 3323 512 3379 expers
542 3310 671 3377 est;
702 3321 839 3379 ergo
869 3305 1045 3362 etiam
1079 3321 1195 3360 non
1227 3305 1462 3377 genitus
1493 3303 1605 3360 erit
1632 3318 1647 3358 :
1684 3319 1797 3358 non
1851 3308 1941 3360 est
1968 3308 2165 3360 autem
2216 3305 2542 3361 secundum
2569 3310 2626 3359 te
2657 3321 2769 3360 non
2820 3305 3077 3377 genitus,
3109 3312 3166 3361 et
3213 3312 3303 3362 est
3331 3311 3527 3363 tamen
3563 3326 3723 3365 men-

305 3393 457 3451 dacii
515 3409 760 3467 expers;
823 3393 1005 3466 igitur
1052 3392 1343 3448 mendacii
1402 3408 1606 3463 expers
1666 3408 1777 3446 non
1830 3391 1985 3448 idem
2031 3392 2324 3466 signiﬁcat
2377 3393 2529 3465 quod
2579 3411 2692 3448 non
2751 3395 3036 3466 genitum.
3090 3395 3148 3450 Si
3211 3412 3340 3452 vero
3393 3413 3504 3451 non
3564 3399 3722 3455 idem

304 3483 621 3555 significat,
672 3498 815 3539 sane
862 3482 1118 3538 essentia
1168 3498 1282 3537 non
1338 3487 1429 3537 est
1475 3478 1828 3552 ingenitum,
1859 3481 2139 3552 quoniam
2190 3499 2296 3538 nec
2345 3482 2540 3555 ipsum
2594 3481 2881 3538 mendacii
2931 3500 3135 3555 expers
3185 3501 3316 3540 esse
3363 3485 3493 3557 ipsa
3523 3503 3724 3543 essen-

304 3572 390 3629 tia
418 3576 528 3629 est.

376 3661 465 3717 23.
502 3661 694 3718 Anom.
748 3661 805 3717 Si
857 3660 1051 3717 omnis
1101 3658 1434 3716 substantia
1463 3663 1553 3715 est
1596 3675 1710 3715 non
1730 3659 1958 3736 genita,

2144 3659 2233 3713 23.
2267 3657 2460 3730 ’Δνόμ.
2624 3663 2767 3712 πᾶσα
2811 3658 2964 3713 οὐσία
3011 3658 3149 3714 ἐστὶν
3200 3659 3507 3737 ἀγέννητος,
3558 3662 3646 3719 οἵα
3682 3668 3718 3736 ἠ

307 3748 502 3820 qualis
521 3754 579 3805 et
600 3749 698 3805 Dei
716 3748 1152 3820 omnipotentis,
1172 3748 1463 3820 quomodo
1485 3747 1631 3802 hanc
1653 3747 1812 3802 dices
1832 3763 1960 3803 esse

307 3838 635 3909 patibilem,
668 3837 830 3893 illam
865 3853 996 3892 vero
1035 3834 1421 3908 impatibilem
1448 3834 1472 3890 ?
1500 3835 1559 3890 Si
1593 3840 1812 3890 naturae
1843 3852 1960 3891 non

307 3927 514 3999 genitae
553 3926 954 3991 attributione,
1000 3925 1299 3997 quantitas
1329 3924 1564 3996 quidem
1617 3928 1673 3979 et
1704 3924 1960 3994 qualitas

308 4019 657 4088 perseverat,
689 4014 1048 4086 omninoque
1078 4015 1126 4069 si
1156 4013 1284 4083 erit,
1310 4012 1467 4069 omni
1507 4013 1828 4068 mutatione
1860 4030 1959 4067 su-

309 4105 596 4176 periorem
647 4109 875 4175 oportet
922 4120 1069 4159 esse.
1128 4101 1186 4158 Si
1240 4118 1370 4157 vero
1402 4102 1663 4174 passioni
1711 4100 1962 4157 obnoxia

306 4198 415 4262 est,
450 4192 530 4249 ita
556 4198 621 4248 ut
652 4191 1191 4248 immutabilitatem
1209 4190 1476 4247 essentiaa
1493 4190 1772 4256 obtineat,
1797 4189 1957 4245 casui

305 4282 643 4354 permittere
686 4296 966 4355 cogemur
994 4297 1061 4337 ea
1117 4296 1244 4353 quas
1276 4279 1430 4335 circa
1476 4296 1568 4335 res
1600 4279 1909 4351 prmdictas
1942 4295 1956 4335 :

309 4375 410 4426 aut
439 4371 615 4443 (quod
650 4387 791 4427 sane
823 4370 957 4425 inde
1007 4367 1410 4440 consequitur)
1439 4384 1565 4422 eam
1600 4384 1727 4439 quas
1758 4368 1957 4437 efﬁcit,

305 4460 502 4516 dicere
530 4476 646 4516 non
681 4460 940 4532 genitam
975 4476 989 4514 :
1020 4474 1149 4514 eam
1181 4473 1314 4513 vero
1344 4472 1475 4527 quae
1505 4459 1768 4511 mutatur
1795 4456 1959 4528 geni-

304 4552 448 4605 tam.
482 4548 637 4604 Orth.
669 4548 946 4619 Equidem
995 4547 1068 4603 ad
1098 4550 1231 4602 tuas
1262 4545 1416 4601 male
1445 4545 1799 4601 coherentes
1823 4561 1959 4617 pro-

305 4636 630 4710 positiones
678 4642 852 4708 atque
901 4634 1294 4703 inductiones,
1325 4633 1468 4689 nihil
1521 4651 1627 4689 nos
1656 4634 1962 4705 oportebat

306 4726 660 4798 respondere
685 4742 697 4779 :
733 4730 1015 4793 attamen,
1039 4739 1111 4779 ne
1132 4723 1236 4778 tibi
1257 4722 1508 4779 videaris
1529 4721 1787 4794 sapiens,
1802 4721 1961 4777 disce

305 4831 339 4870 a
369 4813 755 4887 blasphemiis
784 4813 1098 4869 abstinere.
1119 4816 1201 4866 Tu
1231 4813 1328 4884 qui
1355 4811 1617 4884 passioni
1648 4809 1957 4866 obnoxiam

306 4903 435 4961 Filii
467 4904 861 4960 substantiam
909 4903 1077 4969 dicis,
1112 4903 1185 4956 ab
1232 4918 1298 4957 eo
1344 4900 1620 4973 passione
1668 4903 1732 4954 ut
1760 4915 1961 4955 careas

304 5008 378 5049 ne
408 4999 710 5065 exspectes
743 5010 756 5047 :
791 4991 841 5047 si
873 4992 1027 5047 enim
1054 4990 1368 5063 participes
1399 4988 1527 5059 ejus
1562 4988 1693 5043 facti
1726 5005 1956 5059 sumus,

305 5083 523 5154 absque
556 5081 933 5152 passionibus
963 5079 1339 5135 manebimus
1371 5094 1384 5132 :
1422 5077 1673 5149 passioni
1696 5092 1834 5149 ergo
1865 5079 1964 5133 nb-

304 5173 477 5227 noxia
498 5176 608 5241 est,
633 5186 760 5242 quae
782 5168 914 5225 aliis
942 5169 1051 5223 hoc
1070 5172 1328 5240 praestat,
1353 5171 1419 5221 ut
1441 5166 1714 5238 passione
1735 5171 1957 5222 vacent.

302 5260 582 5333 Quisquis
612 5259 792 5333 igitur
818 5262 1013 5313 tecum
1040 5256 1270 5325 dixerit,
1302 5271 1537 5311 omnem
1565 5256 1960 5311 substantiam

307 5366 422 5407 non
455 5350 714 5422 genitam
748 5364 898 5415 esse,
929 5346 1300 5402 Christianus
1330 5361 1449 5400 non
1481 5348 1571 5400 est
1603 5359 1617 5400 :
1652 5361 1766 5401 non
1802 5344 1961 5400 enim

304 5439 540 5511 opiﬁcis
577 5441 840 5495 eamdem
876 5452 1053 5508 quam
1085 5434 1277 5507 opifex
1324 5433 1642 5490 exsistendi
1673 5433 1960 5491 rationem

375 5591 482 5662 (80)
511 5592 759 5664 August.
793 5591 906 5664 τῷν
933 5583 1215 5664 οὐσιωδῶν
1248 5583 1390 5643 δευτ.

393 5657 485 5735 81)
517 5657 760 5735 August.
796 5657 949 5715 οὐδὲν
984 5660 1387 5735 ἑαυτῷ-συνεισ.

393 5665 457 5717 81
517 5667 760 5735 August.
796 5665 949 5715 οὐδὲν
984 5665 1158 5732 ἑαυτῷ
1187 5678 1387 5714 συνεισ.

371 5665 486 5810 (82)
516 5733 701 5791 Palat.
732 5738 770 5788 2
798 5738 856 5791 et
884 5735 1129 5806 August.
1160 5732 1226 5801 ἦν
1257 5730 1357 5808 γὰρ
1389 5724 1472 5789 ἄν.

2067 3750 2165 3801 τοῦ
2195 3751 2330 3801 Θεοῦ
2381 3746 2829 3824 παντοκράτορος,
2862 3751 2977 3810 πῶς
3022 3748 3122 3817 τὴν
3155 3750 3248 3821 μὲν
3278 3752 3527 3822 παθητὴν
3560 3751 3718 3826 ἐρεῖς,

2067 3836 2167 3903 τὴν
2221 3833 2279 3889 δὲ
2305 3836 2516 3906 ἀπαθῆ;
2549 3836 2614 3892 Εἰ
2648 3833 2705 3890 δὲ
2735 3836 2945 3914 φύσεως
2977 3836 3361 3913 ἀποκληρώσει
3402 3841 3716 3914 ἀγεννήτου,

2069 3926 2103 3993 ἡ
2140 3924 2234 3997 μὲν
2270 3921 2509 3997 διαμένει
2541 3924 2779 3995 ποσότης
2812 3928 2925 4000 (81)
2970 3926 3059 3981 xui
3104 3926 3357 3996 ποιότης,
3406 3928 3496 3983 καὶ
3524 3928 3717 3992 ἁπλῶς

2070 4011 2115 4067 εἰ
2147 4012 2235 4081 ἦν,
2265 4013 2443 4081 πάσης
2479 4008 2790 4085 μεταϐολῆς
2822 4012 3060 4086 ἀμείνων
3110 4009 3341 4092 ὤφειλεν
3377 4016 3531 4072 εἶναι.
3566 4017 3626 4071 Εἰ
3659 4015 3719 4073 δὲ

2068 4100 2225 4155 πάθει
2277 4099 2416 4156 ἐστΐν
2464 4101 2784 4168 ὐπεῦθυνος,
2836 4109 3260 4179 συγχωρηθεῖσα
3306 4105 3368 4159 τὸ
3401 4104 3718 4181 ἀπαράλλα-

2066 4208 2194 4242 κτον
2224 4187 2299 4250 εἷς
2357 4188 2541 4243 οὐσίαν
2591 4187 2762 4264 ἔχειν,
2802 4192 2881 4260 τῷ
2932 4188 3226 4263 αὐτομάτῳ
3273 4190 3389 4264 (85)
3437 4189 3721 4265 ἐπιτρέψαι

2070 4276 2361 4355 ὀφείλομεν
2393 4277 2459 4332 τὰ
2488 4278 2622 4331 κατά
2648 4277 2744 4340 τὰς
2773 4278 3193 4354 προειρημένας·
3228 4279 3263 4347 ἢ
3297 4278 3377 4351 (τὸ
3415 4285 3543 4356 γοῦν
3592 4279 3720 4335 ἀκό-

2070 4364 2292 4437 λουθον)
2323 4369 2420 4435 τὴν
2476 4370 2735 4421 ποιοῦσαν
2796 4367 3086 4442 ἀγέννητον
3138 4366 3330 4435 εἶπεῖν,
3370 4370 3628 4445 γεννητὴν
3663 4366 3723 4424 δὲ

2067 4455 2166 4523 τὴν
2204 4450 2714 4527 μεταϐαλλομένην.
2749 4455 2877 4531 Ὀρθ
2912 4501 2924 4511 .
2956 4452 3106 4512 Ἔδει
3138 4456 3233 4529 μὲν
3281 4455 3373 4511 οῦν
3404 4460 3554 4531 ἡμᾶς
3582 4460 3719 4535 πρὸς

2065 4546 2129 4598 τὸ
2160 4540 2527 4607 ἀνακόλουθον
2587 4547 2693 4597 τῶν
2752 4549 3065 4620 προτάσεων
3119 4547 3209 4600 xui
3264 4550 3372 4601 τῶν
3421 4546 3724 4625 ἐπαγωγῶν

2075 4633 2215 4705 μήτε
2245 4631 2654 4703 ἀποκρίνασθαι·
2700 4631 2793 4688 τίνα
2839 4631 2897 4688 δὲ
2953 4635 3028 4706 μή
3062 4632 3217 4708 δόξῃς
3266 4635 3533 4714 φρόνιμος
3576 4639 3723 4715 παρᾶ

2070 4724 2299 4792 σεαυτῷ,
2361 4720 2594 4794 μάνθανε
2651 4723 2727 4796 μὴ
2781 4719 3124 4801 βλασφημεῖν
3161 4767 3173 4780 .
3237 4726 3497 4795 ΙΙαθητὴν
3546 4727 3719 4804 λὲγων

2066 4809 2165 4877 τήν
2214 4813 2313 4863 τοῦ
2352 4810 2480 4863 Υἱοῦ
2532 4809 2714 4864 οὐσίαν
2751 4857 2765 4881 ,
2802 4812 2878 4884 μή
2937 4808 3319 4887 προσδοκήσῃς
3371 4814 3497 4889 παρ’
3558 4813 3723 4870 αὐτοῦ

2067 4898 2166 4967 τήν
2228 4898 2487 4963 ἀπάθειαν
2545 4897 2983 4974 κληρονομῆσαι·
3048 4900 3093 4955 εἰ
3139 4901 3239 4977 γὰρ
3288 4902 3519 4978 μέτοχοι
3552 4902 3722 4975 αὐτῆς

2066 4987 2389 5064 γεγόναμεν,
2440 4989 2660 5053 ἀπαθεῖς
2705 4987 3073 5063 διαμένομεν.
3127 4991 3372 5061 ’Δπαθὴς
3427 4992 3530 5069 ἄρα
3580 4993 3720 5048 ἐστὶν

2072 5079 2106 5146 ἡ
2164 5076 2480 5154 παρέχουσα
2535 5074 2732 5139 ἄλλοις
2788 5079 2885 5147 τήν
2942 5078 3219 5142 ἀπάθειαν.
3278 5082 3339 5137 Ὀ
3398 5079 3489 5135 οῦν
3548 5080 3720 5155 λέγων

2071 5171 2242 5220 πᾶσαν
2301 5164 2486 5221 οὐσίαν
2546 5167 2681 5220 εἷναι
2735 5168 3024 5241 ἀγέννητον
3085 5168 3219 5240 μετά
3274 5174 3391 5243 σοῦ,
3452 5168 3551 5224 οὐκ
3604 5166 3715 5223 ἔστι

2070 5254 2412 5331 Χριστιανός⁶
2445 5254 2507 5309 οὐ
2535 5256 2637 5331 γὰρ
2667 5255 2757 5327 τὸν
2791 5254 2948 5311 αὑτὸν
2999 5255 3160 5333 λόγον
3195 5263 3295 5312 τοῦ
3347 5261 3480 5315 εἶναι
3514 5255 3714 5334 ἔχομεν

2068 5343 2137 5398 τά
2167 5346 2453 5418 ποιήματα
2498 5343 2579 5416 τῷ
2626 5344 2976 5415 πεποιηκότι.
3019 5347 3117 5401 Διά
3162 5346 3267 5424 γὰρ
3315 5353 3480 5404 τοῦτο
3508 5347 3599 5404 καὶ
3628 5347 3719 5404 τὸν

2070 5432 2194 5489 Υἱὸν
2252 5430 2581 5509 ἀπαύγασμα
2636 5433 2770 5489 εἶναι
2828 5432 3085 5511 λὲγομεν,
3139 5434 3235 5492 ἵνα
3293 5438 3371 5512 μὴ
3420 5439 3513 5496 τὸν
3561 5438 3721 5495 αὐτὸν

2287 5591 2539 5666 August.
2571 5586 2662 5666 καὶ
2691 5587 2757 5666 το
2781 5589 3040 5666 γεννητὸν
3056 5590 3245 5666 οὐσία.

2283 5659 2532 5738 ᾼιζέιιεξ.
2566 5667 2625 5719 et
2654 5659 2839 5738 Palat.
2869 5666 2907 5720 2
2933 5659 2981 5738 si
3015 5663 3111 5738 μὶν
3148 5664 3299 5738 μέτει
3326 5664 3590 5738 ποσότης.

2140 5731 2254 5806 (85)
2283 5731 2462 5790 Palat.
2493 5734 2531 5789 2
2557 5739 2618 5793 et
2643 5736 2894 5810 August.
2925 5734 2989 5792 τὸ
3017 5731 3367 5811 αὐτομάτως.
