4116 6360
334 420 491 486 1193

1302 417 1405 482 DE
1450 421 1752 483 SANC'I‘A
1798 419 2224 482 TRINITATE
2269 419 2658 486 DIALOGUS
2701 423 2777 484 II.

3590 427 3745 489 1194

332 553 499 628 λόγον
539 557 637 608 τοῦ
691 553 824 608 εἶναι
885 551 1030 628 ἔχειν
1089 550 1404 625 νομίσωμεν
1461 551 1640 619 αὐτὸν,
1674 552 1731 606 ὃν
1786 549 1978 625 ἔχομεν

2100 552 2407 609 habemus.
2444 554 2590 609 Nam
2640 554 2768 610 ideo
2796 553 3002 610 Filium
3053 555 3426 627 splendorem
3476 574 3606 615 esse
3657 561 3744 615 di-

333 645 521 715 ἡμεῖς,
577 643 628 696 οἱ
685 641 734 714 ἐξ
791 641 888 696 οὐκ
943 639 1112 696 ὄντων
1174 643 1286 695 κατ’
1336 639 1563 709 ἐντολὴν
1630 640 1980 714 ὑπάρχοντες.

336 727 529 805 Ἀνὸμ.
564 731 628 788 Εἰ
676 737 776 800 τῆς
832 730 1163 806 γιγνομένης
1210 733 1245 799 ἡ
1286 730 1574 805 ἀγέννητος
1631 729 1786 808 φύσις
1841 727 1980 782 ἐστὶν

333 821 501 888 αἰτία,
530 820 592 876 τὸ
624 818 684 876 δὲ
713 819 996 896 ἀγέννητον
1034 817 1203 893 μηδὲν
1236 817 1342 889 εἷή·
1378 823 1492 880 πῶς
1551 818 1607 872 ἂν
1666 817 1749 888 εἶή
1813 815 1983 872 αἴτιον

331 912 396 966 τὸ
456 908 624 985 μηδὲν
684 914 781 964 τοῦ
839 904 1164 985 γεγονὸτος;
1198 910 1348 984 Ὀρθ.
1389 908 1545 964 Αἴτία
1603 909 1742 964 ἐστὶν
1796 910 1831 976 ἡ
1888 909 1984 960 τοῦ

335 1004 471 1056 Θεοῦ
502 999 679 1078 φύσις,
711 998 801 1054 καὶ
829 1003 928 1053 τοῦ
959 999 1113 1067 Υἱοῦ,
1144 997 1232 1052 καὶ
1287 1001 1383 1052 τοῦ
1441 997 1593 1072 ἁγίου
1646 997 1982 1070 Πνεύματος,

332 1089 424 1143 καὶ
455 1094 556 1157 τῆς
586 1087 812 1148 κτίσεως
843 1089 1044 1158 πάσηςο
1079 1085 1224 1142 ἀλλά
1251 1091 1347 1140 τοῦ
1383 1087 1475 1160 μὲν
1510 1087 1636 1140 Υἱοῦ
1669 1087 1743 1147 ὡς
1785 1083 1984 1162 Λὸγου,

235 1237 246 1248 _
329 1182 433 1233 τοῦ
491 1175 550 1232 δὲ
603 1177 921 1250 Πνεύματος
973 1177 1046 1238 ὡς
1079 1183 1270 1246 πνοῆς’
1300 1177 1438 1244 πνοή
1471 1176 1572 1250 γὰρ
1610 1177 1984 1250 Παντοκράτο-

332 1286 428 1341 ρος
458 1269 493 1336 ἡ
537 1263 794 1338 διδάξασά
847 1283 930 1339 με·
965 1272 1066 1335 τῆς
1126 1263 1183 1320 δὲ
1234 1265 1460 1326 κτίσεως
1518 1264 1592 1326 ὡς
1646 1267 1982 1338 ποιήματος.

333 1357 427 1413 Ἐκ
453 1356 554 1431 γὰρ
590 1354 849 1430 μεγέθους
877 1355 968 1410 καὶ
999 1352 1278 1424 καλλονῆς
1335 1352 1645 1426 γτισμάτων
1704 1351 1981 1432 ἀναλόγως

333 1446 362 1500 ὁ
389 1445 762 1522 γενεσιουργὸς
795 1443 968 1499 αὐτῶν
1022 1450 1324 1520 θεωρεῖται⁶
1359 1439 1482 1498 οὐτε
1541 1440 1598 1498 δὲ
1648 1439 1816 1518 λὸγος
1855 1467 1986 1522 προ-

331 1535 550 1612 φορικὸς
581 1531 671 1588 διὰ
715 1539 822 1589 τῶν
874 1538 1195 1610 φωνητικῶν
1239 1531 1481 1608 ὀργάνων
1541 1529 1983 1606 έκπεμπὸμενος,

325 1621 452 1678 οότε
480 1625 618 1695 πνοή
653 1644 737 1686 τις
769 1621 1102 1698 διαχεομένη
1133 1622 1221 1677 καὶ
1255 1619 1344 1676 διὰ
1384 1627 1491 1677 τῶν
1543 1622 1978 1679 ἀναπνεοστικῶν

326 1713 576 1788 ὀργάνων
611 1712 1022 1786 ἐκπεμπομένη,
1046 1709 1192 1766 ἀλλά
1219 1713 1308 1767 καὶ
1342 1708 1518 1786 Λόγος
1553 1717 1658 1781 ζῶν
1689 1714 1778 1766 καὶ
1838 1712 1982 1788 ἐνέρ-

320 1805 450 1877 γ-ής·
486 1828 512 1854 ‹‹
546 1803 726 1860 Πάντα
781 1801 882 1877 γὰρ
943 1798 1012 1856 δι’
1043 1800 1208 1856 αὐτοῦ
1265 1800 1494 1876 ἐγένετο·
1535 1825 1562 1852 ››
1593 1801 1680 1856 καὶ
1712 1803 1774 1856 τὸ
1809 1807 1979 1857 Πνεῦ-

327 1913 406 1964 μα
469 1896 573 1961 ζῶν
618 1892 707 1946 καὶ
753 1891 1022 1966 ἐνεργοῦνο
1061 1891 1294 1947 «Πάντα
1339 1891 1440 1965 γὰρ
1492 1889 1694 1966 ἐνεργεῖ
1723 1895 1893 1945 ταῦτα
1921 1891 1981 1945 τὸ

323 1980 382 2036 ’ἐν
415 1981 507 2035 καὶ
535 1981 599 2037 τὸ
631 1980 760 2036 αὐτὸ
804 1983 1046 2053 Πνεῦμα,
1078 1977 1319 2055 διαιροῦν
1379 1977 1491 2050 ἰδίᾳ
1543 1980 1748 2052 ἑκάστῳ
1803 1980 1982 2043 καθὼς

331 2069 612 2146 βούλεται.
650 2094 678 2122 ››
708 2070 778 2124 Τὸ
810 2066 866 2124 δὶ
897 2069 1185 2143 ἀγέννητον
1221 2068 1321 2122 οὐκ
1351 2067 1488 2122 ἔστιν
1520 2064 1692 2122 αἶίτιον
1723 2073 1820 2123 τοῦ
1865 2090 1987 2145 γεν-

326 2164 529 2230 νητοῦ··
556 2159 617 2214 οὐ
650 2159 750 2234 γὰρ
781 2159 842 2213 τὸ
891 2159 964 2231 μή
1015 2157 1255 2234 γενέσθαι
1307 2158 1397 2212 τὸν
1449 2158 1575 2212 Θεὸν
1635 2161 1743 2212 τῶν
1791 2158 1984 2212 οὐσιῶν

331 2244 531 2302 αἶ’τιον·
566 2245 693 2301 ἀλλ’
723 2248 758 2315 ἡ
791 2245 946 2300 οὐσία
975 2250 1080 2299 τῶν
1117 2245 1314 2300 οὑσιῶν
1344 2245 1508 2312 αἶ’τία,
1544 2245 1619 2306 ὡς
1651 2244 1886 2319 εἷ’ρηται.

328 2337 432 2412 γὰρ
482 2337 544 2390 τὸ
603 2337 896 2411 ἀγέννητον
957 2332 1152 2407 αἴτιον,
1187 2332 1361 2396 αἴτιος
1419 2331 1477 2388 δὲ
1524 2334 1613 2388 καὶ
1646 2335 1673 2388 ὁ
1706 2334 1826 2394 Υἱὸς
1875 2339 1984 2388 τῶν

328 2425 668 2497 κτισμάτων
701 2425 990 2500 ἀγέννητος
1030 2424 1151 2496 ἄρα·
1187 2422 1309 2478 ἀλλ’
1358 2422 1455 2477 οὐκ
1505 2421 1793 2497 ἀγέννητὸς
1853 2425 1986 2478 κατά

325 2515 406 2584 σὲ,
436 2512 612 2576 αἶ’τιος
640 2511 715 2568 δέ’
751 2513 812 2568 οὐ
843 2514 905 2568 τὸ
936 2512 1226 2589 ἀγέννητον
1261 2508 1362 2583 ἄρα
1392 2507 1591 2568 α’τιον.

2096 643 2319 712 cimus,
2389 660 2458 697 ne
2519 645 2784 698 eamdem
2841 644 3124 699 existendi
3192 647 3477 703 rationem
3549 649 3742 720 ipsum

2095 732 2310 787 habere
2367 731 2792 798 existimemus,
2827 749 3002 804 quam
3062 740 3118 789 et
3177 752 3302 804 nos,
3348 737 3445 807 qui
3503 754 3572 792 ex
3627 754 3741 792 non

2094 821 2509 876 exsistentibus
2558 821 2655 875 Dei
2708 822 2982 876 mandato
3031 823 3391 880 exsistimus.
3444 827 3634 881 Anam.
3686 827 3740 880 Si

2097 910 2341 966 conditae
2390 917 2609 964 naturae
2645 929 2756 965 non
2791 912 2987 982 genita
3020 918 3228 967 natura
3274 931 3454 970 causa
3483 921 3590 983 est,
3626 934 3740 972 non

2095 1000 2356 1070 genitum
2389 1005 2583 1054 autem
2631 1000 2775 1053 nihil
2806 1009 2914 1064 est,
2948 1002 3240 1068 quomodo
3287 1003 3414 1073 ejus
3467 1004 3619 1076 quod
3656 1005 3742 1060 fa-

2095 1091 2258 1143 ctum
2306 1093 2414 1158 est,
2448 1105 2626 1144 causa
2674 1106 2801 1144 esse
2835 1095 3024 1159 potest
3077 1093 3233 1161 (ιυυά
3268 1110 3382 1147 non
3423 1092 3557 1148 est?
3589 1093 3741 1149 Orth.

2096 1176 2195 1231 Dei
2247 1185 2476 1248 natura,
2511 1177 2658 1244 Filii,
2709 1185 2764 1232 et
2813 1179 3066 1248 Spiritus
3118 1181 3324 1251 sancti,
3356 1187 3412 1235 et
3463 1182 3741 1238 universae

2095 1272 2370 1322 creaturis
2423 1283 2600 1322 causa
2649 1273 2780 1322 est:
2831 1274 2890 1323 at
2940 1268 3067 1322 Filii
3121 1274 3184 1323 ut
3233 1269 3442 1338 Verbi;
3493 1272 3745 1341 Spiritus

2092 1372 2227 1411 vero
2259 1355 2468 1421 sancti,
2518 1360 2582 1410 ut
2627 1355 2850 1411 ﬂatus:
2887 1357 3058 1412 ﬂatus
3106 1359 3263 1413 enim
3315 1359 3742 1431 Omnipotentis

2093 1450 2185 1500 est
2215 1446 2314 1516 qui
2347 1461 2439 1500 me
2469 1446 2706 1513 docuit;
2740 1449 3144 1501 creaturarum
3183 1454 3402 1517 autem,
3438 1457 3500 1503 ut
3527 1451 3741 1522 operis.

2094 1535 2174 1588 Ex
2207 1535 2544 1605 magnitude
2591 1535 2747 1589 enim
2779 1541 2835 1590 et
2882 1539 3091 1590 ornatu
3141 1543 3564 1610 creaturarum,
3598 1557 3744 1611 qua-

2094 1625 2228 1679 dam
2262 1623 2637 1696 proportione
2666 1623 2855 1695 opifex
2885 1624 3119 1678 illarum
3147 1626 3530 1698 couSpicitur,
3557 1646 3744 1700 neque

2093 1729 2226 1768 vero
2276 1713 2517 1767 verbum
2568 1712 2927 1783 prolatitium
2957 1719 3047 1769 est
3086 1714 3231 1768 437
3272 1733 3371 1786 per
3401 1717 3622 1772 vocalia
3651 1736 3744 1773 or-

2093 1819 2246 1872 gana
2267 1802 2769 1871 emissum,neque
2800 1803 2973 1856 etiam
3007 1801 3179 1858 ﬂatus
3211 1802 3305 1858 ille
3335 1805 3586 1860 dili'usus
3611 1806 3746 1877 qui-

2095 1891 2227 1945 dem
2260 1899 2313 1945 et
2347 1907 2446 1961 per
2475 1907 2694 1962 organa
2716 1884 2962 1961 spiritus
2982 1890 3253 1946 vehicula
3281 1894 3573 1948 emissus:
3605 1898 3745 1963 quin

2096 1980 2288 2050 potius
2319 1978 2572 2033 Verbum
2597 1978 2742 2033 illud
2775 1980 2971 2034 vivens
3000 1985 3086 2034 est
3118 1986 3174 2034 et
3203 1981 3438 2037 efﬁcax:
3481 2008 3501 2032 α
3537 1984 3748 2040 Omnia

2097 2067 2252 2123 enim
2286 2085 2388 2140 per
2415 2066 2560 2122 illud
2584 2068 2735 2123 facta
2760 2068 3058 2138 suntm”,
3089 2092 3108 2117 ι
3145 2074 3202 2123 et
3232 2069 3485 2141 Spiritus
3516 2089 3746 2144 quoque

2099 2156 2194 2212 ille
2226 2156 2387 2212 vivus
2417 2160 2507 2212 est
2538 2162 2595 2211 et
2623 2174 2874 2228 operans
2908 2173 2920 2211 :
2956 2179 2982 2206 ‹‹
3016 2156 3225 2212 Omnia
3254 2159 3411 2215 enim
3454 2160 3573 2216 haec
3604 2179 3744 2234 ope-

2098 2253 2258 2301 ratur
2291 2263 2442 2300 unus
2474 2252 2649 2316 atque
2681 2246 2836 2300 idem
2885 2246 3162 2317 Spiritus,
3193 2247 3458 2305 dividens
3492 2249 3746 2323 singulis

2097 2338 2272 2405 prout
2302 2334 2425 2389 vult
2457 2336 2558 2388 ‘0.»
2594 2336 2654 2389 ld
2687 2352 2820 2390 vero
2852 2336 3003 2405 quod
3039 2352 3154 2390 non
3186 2337 3452 2407 genitum
3485 2345 3596 2409 est,
3631 2357 3745 2396 non

2095 2429 2184 2479 est
2215 2440 2393 2478 causa
2421 2423 2600 2494 geniti
2625 2441 2637 2479 :
2667 2440 2853 2495 neque
2881 2424 3035 2478 enim
3071 2425 3207 2495 quia
3234 2426 3386 2482 Deus
3418 2429 3607 2484 factus
3630 2447 3747 2484 non

2096 2518 2204 2583 est,
2239 2512 2368 2566 ideo
2399 2530 2578 2567 causa
2608 2518 2699 2567 est
2737 2512 3244 2582 substantiarum;
3279 2517 3380 2570 sed
3415 2518 3749 2573 substantia

323 2605 794 2661 substantiarum
825 2621 1004 2660 causa
1036 2608 1146 2670 est,
1179 2609 1246 2659 ut
1276 2603 1494 2658 dictum
1529 2608 1643 2659 est.
1686 2603 1910 2658 Etenim
1944 2601 1992 2655 si
2023 2603 2173 2672 quod
2210 2619 2323 2656 non
2358 2602 2619 2672 genitum
2646 2606 2734 2658 est
2763 2619 2942 2656 causa
2971 2606 3101 2670 est;
3135 2619 3313 2659 causa
3356 2623 3487 2662 vero
3519 2611 3745 2662 creatu-

321 2709 523 2750 rarum
556 2694 734 2750 etiam
767 2693 948 2749 Filius
977 2697 1107 2762 est;
1140 2709 1277 2764 ergo
1308 2696 1366 2748 et
1395 2709 1508 2748 non
1541 2692 1804 2764 genitus:
1828 2707 1943 2746 non
1974 2696 2064 2746 est
2094 2696 2289 2746 autem
2325 2707 2438 2745 non
2471 2691 2708 2762 genitus
2739 2692 3067 2746 secundum
3103 2697 3181 2758 te,
3214 2697 3272 2748 et
3303 2700 3499 2751 tamen
3531 2712 3744 2766 causa;

321 2783 506 2854 igitur
535 2799 648 2838 non
685 2781 949 2854 genitum
983 2799 1096 2837 non
1131 2785 1220 2837 est
1251 2797 1448 2837 causa.

391 2874 484 2928 24.
521 2871 716 2942 Ἀνόμ.
751 2869 810 2925 Ei
841 2871 905 2924 τὸ
945 2867 1232 2944 ἀγέννητον
1267 2868 1538 2945 στέρησις,
1640 2866 1698 2923 δὲ
1727 2867 1976 2942 στέρησις

322 2955 484 3030 ἕξεως
519 2953 776 3028 ἀποϐολή
810 2957 971 3026 ἐστιν,
1005 2959 1039 3027 ἠ
1073 2954 1130 3012 δὲ
1171 2953 1423 3026 ἀποϐολή
1473 2957 1754 3020 παντελῶς
1806 2953 1978 3012 ἀπὸλ-

325 3046 511 3115 λυται,
540 3048 575 3117 ἢ
613 3047 924 3121 μεθίσταται
959 3046 1039 3124 ἐφ’
1062 3043 1266 3122 ἕτερον·
1301 3051 1418 3109 πῶς
1449 3043 1561 3101 οῖὸν
1589 3068 1647 3101 τε
1692 3047 1794 3119 ἕξει
1852 3058 1978 3120 μεθ-

329 3137 587 3210 ισταμένη
735 3132 1092 3207 ἀπολλυμένῃ
1166 3134 1584 3208 κατωνομάσθαι
1641 3136 1742 3203 τὴν
1792 3133 1974 3188 οὐσίαν

321 3230 421 3279 τοῦ
478 3229 612 3280 Θεοῦ
670 3226 969 3298 ἀγεννητου
1029 3223 1236 3298 φύσεως
1291 3223 1672 3300 προσηγορίᾳ;
1707 3225 1855 3298 Ὀρθ.
1894 3223 1976 3290 Ei,

328 3311 564 3386 ἀψευδὴς
596 3311 694 3382 ὢν,
727 3315 862 3368 κατὰ
893 3314 1139 3388 στέρησιν
1171 3310 1402 3386 ψεύδους
1436 3313 1574 3368 ἐστὶν
1603 3310 1862 3387 ἀψευδὴς,
1889 3313 1977 3367 καὶ

2158 2871 2248 2925 24.
2299 2872 2490 2926 Anum.
2535 2870 2594 2926 Si
2643 2888 2757 2925 non
2817 2868 3079 2941 genitum
3130 2887 3258 2927 esse
3307 2873 3552 2944 privatio
3607 2879 3742 2931 est:

2091 2959 2334 3030 privatio
2366 2963 2584 3024 autem,
2625 2958 2861 3014 habitus
2901 2958 3140 3015 amissio
3173 2976 3185 3014 :
3221 2962 3511 3017 amissum
3544 2969 3742 3018 autem

2089 3049 2322 3120 penitus
2376 3047 2687 3114 amittitur,
2741 3051 2840 3102 aut
2887 3047 3240 3102 transfertur
3288 3051 3358 3104 ad
3409 3050 3608 3118 aliud;
3641 3054 3740 3122 qui

2090 3139 2172 3208 ﬁt,
2207 3138 2362 3208 quod
2415 3153 2482 3191 ex
2514 3136 2715 3191 habitu
2768 3140 2868 3190 aut
2907 3135 3193 3192 translato
3241 3143 3340 3192 aut
3388 3140 3607 3196 amisso
3640 3141 3739 3197 Dei

2089 3233 2357 3281 naturam
2393 3243 2506 3281 non
2556 3224 2738 3298 geniti
2769 3225 3158 3296 appellatione
3203 3229 3739 3299 cognominamus?

2086 3319 2244 3374 Ozth.
2287 3316 2344 3370 Si
2401 3314 2689 3370 mendacii
2738 3330 2944 3386 expers
2995 3331 3128 3368 cum
3175 3315 3252 3370 sit
3300 3323 3469 3386 Deus,
3503 3325 3739 3390 propter

328 3401 598 3478 ἄφθαρτος
628 3399 726 3471 ὢν,
757 3401 894 3455 κατά
924 3401 1174 3475 στέρησιν
1217 3402 1422 3479 φθορᾶς
1480 3399 1622 3455 ἐστιν
1679 3398 1971 3478 ἄφθαρτος,

2092 3405 2471 3475 privationem
2524 3403 2815 3458 mendacii
2847 3408 2935 3458 est
2966 3405 3254 3460 mendacii
3304 3423 3532 3477 expers,
3560 3413 3617 3462 et
3646 3408 3738 3463 in-

322 3489 442 3544 είπὲ
492 3489 577 3545 καὶ
623 3491 688 3545 τὸ
741 3491 1028 3566 ἀγέννητον
1067 3490 1201 3544 κατά
1247 3491 1512 3565 στέρησιν.
1551 3491 1612 3546 Ὀ
1645 3486 1703 3543 δὲ
1755 3509 1978 3544 κατονο-

321 3580 495 3652 μάσας
535 3581 635 3648 τήν
682 3583 781 3634 τοῦ
815 3583 946 3635 Θεοῦ
978 3578 1162 3633 οὐσίαν
1198 3578 1259 3633 σὺ
1292 3579 1356 3646 εἶ,
1392 3580 1419 3634 ὁ
1448 3583 1672 3633 τοιαῦτα
1722 3578 1974 3651 τολμῶν,

314 3669 408 3723 καὶ
436 3669 575 3723 κατά
600 3672 737 3724 Θεοῦ
771 3668 1109 3744 μαχόμενος.
1146 3666 1324 3724 Αὐτοῦ
1353 3667 1453 3744 γὰρ
1489 3667 1766 3742 λέγοντος,
1799 3668 1974 3730 καθὼς

316 3758 664 3833 προείρηται’
696 3782 724 3808 ι(
759 3759 967 3835 ’Ώφθην
1010 3758 1144 3832 πρὸς
1195 3751 1468 3831 Ἀϐραὰμ,
1499 3758 1588 3811 καὶ
1642 3757 1842 3824 Ἰσαὰκ,
1886 3758 1974 3810 καὶ

319 3841 541 3916 Ἰακὼϐ,
572 3847 698 3908 τοὺς
755 3845 987 3922 πατέρας
1051 3847 1225 3920 ὑμῶν,
1260 3846 1387 3908 Θεὸς
1437 3844 1509 3900 ὢν
1565 3847 1762 3913 αὐτῶν,
1796 3843 1886 3899 καί
1913 3845 1975 3899 τὸ

320 3931 499 4009 ὄνομά
533 3957 641 4010 μου
670 3935 770 3990 οὐκ
810 3935 1131 4010 ἀπεκάλυψα
1185 3936 1386 3997 αὐτοῖς’
1421 3957 1448 3988 η
1488 3935 1550 3989 σὺ
1609 3940 1789 4006 σαυτῷ
1848 3937 1977 3989 ἀπο-

321 4021 486 4085 δίδως
550 4021 784 4097 μεγάλα.
815 4024 881 4082 Ἠ
933 4023 1034 4098 γὰρ
1095 4023 1168 4085 ὡς
1218 4021 1434 4078 ἐκείνων
1485 4017 1973 4091 ὑπεραναϐεϐηκὼς

319 4111 371 4182 ἐξ
405 4110 806 4185 ἀποκαλύψεως
837 4109 1019 4186 ἔσχες·
1049 4117 1146 4167 τοῦ
1204 4107 1470 4184 ὀνὸματος
1526 4112 1624 4179 τήν
1685 4115 1905 4185 γνῶσιν,
1937 4111 1972 4179 ἢ

318 4202 409 4256 καὶ
446 4203 520 4274 μὴ
561 4201 904 4277 βουλομένου
932 4206 1067 4257 Θεοῦ
1125 4201 1455 4275 κατείΛηφας
1511 4201 1672 4254 αὐτοῦ
1724 4204 1826 4264 τῆς
1884 4199 1976 4254 οὐ-

321 4292 437 4352 σίας
465 4293 528 4346 τὸ
557 4288 751 4364 ὄνομα.
789 4291 981 4363 Ἀνόμ.
1018 4291 1082 4346 Εἰ
1113 4291 1175 4345 τὸ
1205 4291 1494 4366 ἀγέννητον
1527 4288 1694 4357 δηλοῖ
1724 4289 1972 4365 στέρησιν

320 4381 400 4452 μή
432 4385 743 4454 προσοῦσαν
775 4385 856 4452 τῷ
886 4384 1026 4452 Θεῷ,
1058 4384 1175 4442 πῶς
1207 4381 1495 4455 ἀγέννητον
1526 4382 1658 4434 εἷναι
1718 4377 1974 4454 λέγομεν,

317 4471 576 4543 γεννητὸν
630 4467 688 4524 δὲ
740 4471 816 4542 μὴ
867 4468 1039 4538 εἷναι;
1076 4470 1228 4542 Ὀρθ.
1261 4469 1326 4524 Ei’
1371 4469 1434 4524 τὸ
1492 4469 1760 4547 ἄφθαρτον
1810 4465 1977 4538 δηλοῖ

318 4557 568 4630 στέρησιν
617 4559 692 4630 μὴ
745 4562 1052 4630 προσοῦσαν
1097 4563 1178 4629 τῷ
1224 4563 1361 4629 Θεῷ,
1392 4562 1510 4619 πῶς
1561 4554 1827 4635 ἄφθαρτον
1881 4557 1976 4630 μὲν

319 4644 578 4721 λέγομεν,
611 4647 846 4724 φθαρτὸν
904 4643 962 4702 δὲ
1020 4645 1080 4701 οὐ
1133 4647 1399 4723 λέγομεν;
1433 4645 1496 4701 Εἰ
1528 4643 1586 4701 δὲ
1614 4647 1677 4701 τὸ
1709 4645 1977 4724 ἄφθαρτον

319 4733 422 4789 οὐκ
477 4732 617 4789 ἔστιν
679 4737 982 4811 στερήσεως
1033 4732 1367 4805 δηλωτικὸν,
1398 4732 1522 4790 οὔτε
1561 4737 1624 4790 τὸ
1657 4737 1972 4810 ἀγέννητον,

321 4820 446 4879 οὔτε
480 4825 588 4897 μην
622 4824 828 4886 οὐσίας.
862 4823 926 4881 Ei
959 4824 1060 4899 γὰρ
1090 4825 1152 4878 τὸ
1186 4824 1475 4898 ἀγέννητον
1510 4822 1694 4884 οὐσίας
1743 4823 1854 4878 ἐστὶ
1889 4821 1977 4889 δη-

321 4910 580 4981 λωτικὸν,
611 4913 701 4970 καὶ
760 4914 823 4967 τὸ
883 4913 1151 4990 ἄφθαρτον
1211 4909 1356 4968 ἔσται
1410 4910 1591 4974 οὐσίας
1644 4909 1974 4980 δηλωτικόνο

319 5003 412 5057 καὶ
470 5002 515 5056 εἰ
572 5000 635 5057 τὸ
691 5002 1005 5078 ἀγέννητον,
1031 5001 1122 5056 καὶ
1177 5002 1238 5056 τὸ
1296 4999 1558 5079 ἄφθαρτεν
1598 4999 1742 5056 ἔσται
1797 5001 1979 5063 οὐσίας

320 5086 648 5157 δηλωτικόν·
687 5096 777 5146 καὶ
809 5091 854 5145 εί
884 5092 948 5146 τὸ
981 5087 1204 5164 ἀψευδὲς
1237 5092 1328 5146 καὶ
1355 5090 1418 5144 τὸ
1462 5089 1735 5168 ἄφθαρτον
1785 5091 1976 5146 ταυτὸν

318 5178 404 5251 εἷή
435 5185 516 5253 τῷ
545 5182 844 5256 ἀγεννήτῳ,
877 5177 1118 5254 ἀψευδὴς
1151 5177 1208 5235 δὲ
1236 5178 1325 5235 καί
1358 5177 1628 5257 ἄφθαρτος
1668 5181 1696 5233 ὁ
1728 5174 1867 5241 1‘16;-
1887 5179 1978 5234 καὶ

319 5270 612 5344 ἀγέννητος
672 5266 793 5341 ἄρα.
831 5267 989 5324 Ἀλλ’
1041 5268 1140 5324 οὐκ
1197 5269 1494 5344 ἀγέννητος
1552 5269 1689 5324 κατά
1743 5267 1818 5323 σέ⁴
1882 5269 1982 5324 οὐκ

320 5357 423 5435 ἄρα
452 5360 617 5414 ταυτὸ
651 5355 799 5413 ἔσται
829 5359 1235 5432 σημαινόμενον
1270 5359 1332 5414 τὸ
1365 5355 1588 5433 ἀψευδὲς
1636 5359 1725 5413 καὶ
1777 5357 1978 5435 ἀφθαρ-

316 5469 430 5503 τον·
471 5445 617 5503 ἀλλά
643 5448 708 5503 τὸ
743 5448 836 5521 μὲν
891 5449 1202 5524 ἀγέννητον,
1232 5448 1294 5502 τὸ
1357 5448 1434 5520 μὴ
1484 5454 1836 5522 γεγεννῆσθαι
1886 5448 1979 5502 τὸν

320 5537 454 5592 Θεὸν
485 5535 771 5610 σημαίνειν
801 5533 1055 5612 λέγομεν·
1088 5536 1152 5591 τὸ
1184 5533 1242 5590 δὲ
1267 5535 1560 5614 ἄφθαρτον,
1589 5538 1652 5591 τὸ
1706 5537 1781 5608 μὴ
1834 5536 1980 5614 φθεί-

320 5625 529 5700 ρεσθαι·
562 5625 625 5680 τὸ
656 5621 715 5679 δὸ
747 5621 994 5698 ἀψευδὲς,
1025 5624 1088 5680 τὸ
1121 5625 1200 5698 μὴ
1230 5621 1537 5698 ψεύδεσθαι.

395 5751 523 5794 71-”
549 5749 718 5810 Joan.
751 5768 793 5824 ι,
822 5751 878 5808 3.
955 5751 1000 5788 ⁴⁰
1029 5750 1052 5808 I
1081 5751 1212 5810 Cor.
1244 5768 1347 5822 xu,
1378 5751 1466 5808 11.

653 5881 918 5942 Panos.
966 5880 1082 5942 Gn.
1125 5879 1404 5944 XXVIII.

2087 3493 2484 3565 corruptibilis
2541 3498 2777 3565 propter
2809 3493 3189 3564 privationem
3223 3496 3616 3567 corruptionis
3647 3503 3738 3553 est

2085 3580 2548 3653 incorruptibilis
2575 3599 2587 3646 ;
2612 3581 2775 3637 dicas
2806 3581 2942 3636 licet
2971 3583 3147 3636 etiam
3175 3600 3287 3639 non
3322 3584 3586 3655 genitum
3612 3602 3738 3657 pro-

2087 3679 2213 3742 pter
2267 3670 2647 3740 privationem
2700 3675 2887 3736 ortus,
2938 3687 3062 3725 esse
3113 3688 3225 3727 non
3277 3673 3576 3744 genitum.
3628 3676 3736 3740 Qui

2088 3778 2220 3815 vero
2257 3760 2352 3815 Dei
2406 3761 2720 3814 essentiam
2757 3759 2841 3814 ita
2870 3761 3284 3832 cognominare
3317 3780 3497 3818 ausus
3529 3771 3635 3830 est,
3672 3771 3736 3820 tu

2087 3849 2312 3904 scilicet
2344 3865 2427 3916 es,
2458 3849 2560 3919 qui
2597 3854 2705 3903 Deo
2736 3847 2849 3919 ipsi
2900 3848 3120 3904 bellum
3155 3867 3371 3906 moves.
3406 3852 3551 3908 Nam
3601 3872 3736 3910 cum

2087 3939 2211 4009 ipse
2261 3939 2437 4003 dicat,
2470 3943 2531 3992 ut
2581 3943 2714 3992 ante
2763 3937 2986 3993 dictum
3018 3943 3152 3994 est:
3193 3963 3212 3989 α
3253 3943 3502 4012 Apparui
3552 3945 3732 3998 Abra-

2087 4018 2416 4093 ham,lsaac
2448 4031 2505 4081 et
2534 4026 2718 4081 Jacob
2750 4027 3017 4096 patribus
3045 4029 3440 4095 vestris,Deus
3470 4032 3734 4103 ipsorum

2085 4116 2468 4181 exsistens,ac
2490 4132 2697 4170 nomen
2725 4132 2920 4170 meum
2944 4133 3059 4170 non
3083 4117 3450 4174 manil‘estavi
3472 4123 3554 4176 eis
3585 4139 3597 4176 :
3630 4125 3731 4178 "2»

2086 4212 2150 4258 tu
2200 4203 2306 4258 tibi
2355 4203 2542 4259 sumis
2597 4203 2840 4273 majora.
2875 4209 2990 4258 Aut
3037 4205 3194 4259 enim
3250 4206 3321 4260 iis
3371 4211 3637 4278 superior
3665 4229 3735 4267 ex

2085 4292 2432 4348 revelatione
2463 4292 2642 4347 habes
2668 4293 2925 4346 nominis
2946 4293 3126 4363 hujus
3160 4295 3460 4364 notitiam;
3486 4306 3588 4353 aut
3620 4307 3734 4356 Deo

2084 4382 2262 4437 etiam
2315 4382 2546 4437 nolente
2590 4381 3082 4453 comprehendisti
3131 4399 3343 4439 nomen
3392 4387 3739 4446 substantias

2087 4471 2294 4543 ipsius.
2327 4473 2517 4526 Anam.
2551 4470 2606 4524 Si
2636 4487 2748 4525 non
2771 4469 3033 4542 genitum
3063 4474 3297 4528 denotat
3329 4476 3738 4546 privationem,

2086 4578 2214 4632 qua;
2265 4567 2376 4615 er
2426 4577 2543 4616 non
2599 4559 2772 4624 inest,
2823 4576 2927 4614 cur
2977 4577 3092 4614 non
3163 4562 3425 4633 genitum
3484 4567 3738 4623 dicimus

2090 4672 2116 4700 «
2150 4652 2389 4715 Deum,»
2421 4649 2685 4722 genitum
2719 4666 2850 4704 vero
2884 4665 2998 4704 non
3030 4649 3282 4706 dicimus
3304 4653 3330 4707 *Γ
3363 4653 3518 4709 Orth.
3554 4655 3613 4710 Si
3645 4657 3739 4712 in-

2087 4738 2465 4810 corruptibile
2521 4738 2758 4793 denotat
2814 4738 3196 4809 privationem
3258 4757 3385 4812 quas
3452 4743 3567 4801 Deo
3625 4763 3739 4802 non

2091 4828 2260 4892 inest,
2292 4845 2395 4883 cur
2426 4826 2930 4898 incorruptibilem
2963 4827 3200 4898 quidem
3234 4831 3506 4903 dicimus,
3541 4852 3742 4890 corru-

2092 4916 2357 4988 ptibilem
2390 4933 2521 4972 vero
2555 4932 2668 4971 non
2714 4916 2968 4971 dicimus
2992 4917 3019 4970 ?
3049 4918 3108 4973 Si
3138 4935 3270 4975 vero
3303 4921 3741 4993 incorruptibile

2092 5023 2207 5060 non
2240 5006 2530 5076 significat
2563 5004 3178 5079 privationem,neque
3210 5026 3323 5064 non
3355 5012 3620 5081 genitum
3653 5019 3743 5068 est

2090 5093 2546 5166 significativum
2598 5093 2978 5165 privationis;
3011 5094 3163 5151 sicut
3211 5115 3315 5153 nec
3363 5100 3648 5156 essentia.
3682 5101 3741 5157 Si

2090 5182 2247 5238 enim
2303 5199 2416 5237 non
2463 5182 2724 5253 genitum
2777 5184 3070 5254 signiﬁcat
3118 5186 3530 5255 substantiam,
3565 5190 3741 5245 etiam

2091 5271 2534 5341 incorruptibile
2566 5271 2960 5326 substantiam
2994 5273 3285 5344 significat
3320 5293 3332 5331 :
3367 5280 3523 5347 quod
3555 5280 3603 5334 si
3629 5296 3744 5335 non

2090 5360 2352 5432 genitum
2387 5363 2443 5414 et
2473 5359 2916 5430 incorruptibile
2949 5361 3287 5432 signiﬁcant
3316 5369 3657 5435 essentiam,
3691 5374 3749 5424 et

2093 5447 2380 5504 mendacii
2430 5463 2635 5518 expers
2682 5463 2810 5502 esse
2841 5455 2898 5503 et
2946 5449 3392 5524 incorruptibile
3423 5454 3576 5510 idem
3609 5461 3750 5512 sunt

2093 5536 2248 5607 quod
2281 5551 2395 5590 non
2447 5535 2733 5606 genitum,
2769 5536 2950 5591 Filius
2981 5543 3178 5593 autem
3226 5544 3514 5599 mendacii
3545 5561 3749 5616 expers

2093 5631 2152 5681 et
2181 5622 2646 5696 incorruptibilis
2695 5629 2782 5680 est
2814 5642 2826 5680 :
2861 5624 3044 5698 igitur
3073 5631 3130 5681 et
3176 5644 3293 5686 non
3327 5633 3584 5704 genitus.
3617 5634 3750 5690 Jan:

1542 5751 1586 5788 ⁴¹
1619 5750 1800 5807 Exod.
1833 5766 1915 5821 vr,
1944 5751 2003 5820 2,
2034 5750 2088 5806 3.

3353 5885 3435 5946 38
