4116 6420
377 449 533 507 “95

1545 446 1608 506 S.
1657 442 2177 511 ATHANASIUS.
2207 482 2283 494 --
2314 446 2623 514 SPURIA.

3644 458 3672 516 1
3687 457 3802 518 196

377 598 507 636 vero
541 583 866 636 secundum
898 586 954 635 te
985 596 1100 635 non
1132 584 1220 635 est
1248 597 1366 635 non
1396 580 1628 651 genitus
1654 597 1667 634 :
1703 596 1816 635 non
1847 578 2029 651 igitur
2059 580 2214 636 idem
2245 582 2603 653 signiﬁcabit
2635 584 2940 641 mendacio
2967 600 3175 641 vacare
3205 589 3263 641 et
3290 584 3800 659 inoorruptibilem

377 691 505 729 esse
538 689 551 727 :
586 675 687 727 sed
722 688 835 725 non
869 670 1134 741 genitum
1185 669 1439 723 dicimus
1471 668 1804 740 signiﬁcare
1854 668 2006 722 idem
2039 685 2105 724 ac
2132 669 2316 725 Deum
2368 688 2484 727 non
2518 689 2645 728 esse
2674 674 2963 745 genitum,
2991 674 3432 747 incorruptibile
3478 692 3609 732 vero
3640 676 3798 734 idem

373 780 441 818 ac
472 779 588 817 non
620 759 940 830 corrumpi,
972 763 1029 813 et
1062 756 1352 812 mendacii
1382 761 1675 829 expertem
1709 772 1837 811 esse
1868 755 2023 812 idem
2056 759 2208 829 quod
2243 776 2357 814 non
2392 761 2650 818 mentiri.

445 853 536 906 25.
568 851 760 905 Anam.
795 848 855 902 Si
887 847 1112 902 nudum
1159 862 1371 901 nomen
1400 852 1507 910 est,
1539 844 1682 900 illud
1718 862 1828 899 non
1862 847 2004 916 genii

2214 848 2302 901 25.
2338 843 2526 921 Ἀνὸμ.
2562 849 2623 905 Εἰ
2656 849 2820 923 ψιλὸν
2850 846 3026 924 ὄνομά
3056 849 3196 907 ἔστιν
3232 850 3319 907 ἐπὶ
3351 857 3487 908 Θεοῦ
3530 854 3594 909 τὸ
3632 854 3796 929 ἀγέν-

375 948 502 996 tum
535 941 605 996 de
637 939 752 994 Deo
795 937 1014 992 dictum
1050 953 1063 990 :
1102 936 1259 990 nuda
1306 940 1500 990 autem
1534 951 1638 989 vox
1683 934 2029 1007 hypostasin

374 1028 598 1087 extollit
627 1046 808 1100 supra
860 1027 1059 1083 omnia
1106 1026 1344 1095 genita:
1381 1024 1719 1079 honoratior
1768 1039 1903 1095 ergo
1943 1032 2033 1080 est

376 1120 686 1177 hominum
721 1115 990 1190 prolatio,
1025 1131 1201 1186 quam
1236 1113 1668 1184 Omnipotentis
1697 1117 2029 1178 natura,ut-

375 1214 508 1281 pote
538 1225 665 1279 quae
702 1212 879 1261 Deum
914 1204 1375 1274 omnipotentem
1406 1201 1853 1274 incomparabili
1884 1201 2029 1256 emi-

376 1299 576 1355 nentia
606 1295 1029 1352 condecoravit.
1066 1293 1218 1349 Orta.
1251 1292 1367 1347 Nec
1399 1292 1622 1346 nudam
1670 1307 1869 1345 vocem
1901 1307 2031 1347 esse

375 1388 631 1444 dicimus
676 1403 791 1441 non
823 1384 1107 1457 genitum,
1142 1398 1247 1437 nec
1297 1380 1472 1436 etiam
1521 1380 1935 1435 substantiam.
1968 1380 2027 1435 Si

374 1477 533 1533 enim
555 1493 669 1531 non
694 1475 954 1546 genitum
988 1471 1321 1527 substantia
1342 1475 1517 1534 esset,
1552 1469 1727 1525 etiam
1761 1469 2023 1541 genitum

375 1566 707 1622 substantia
729 1563 958 1619 foret.Si
987 1578 1119 1616 vero
1142 1561 1404 1633 genitum
1431 1559 1765 1614 substantia
1785 1563 2026 1629 est,om-

371 1658 467 1711 nia
498 1656 692 1728 genita
719 1658 894 1709 erunt
923 1648 1479 1707 consubstantialia:
1515 1648 1564 1703 si
1595 1665 1729 1702 vero
1760 1649 2023 1719 genitum

368 1744 703 1801 substantia
756 1759 874 1797 non
906 1747 1016 1806 est,
1047 1741 1221 1795 etiam
1275 1755 1390 1792 non
1445 1738 1706 1809 genitum
1764 1737 2025 1792 essentia

369 1852 483 1890 non
516 1837 625 1889 est.
657 1833 785 1887 Non
808 1835 897 1885 est
917 1835 1113 1884 autem
1140 1828 1299 1883 nuda
1322 1844 1427 1882 vox
1451 1844 1564 1881 non
1597 1826 1860 1897 genitum
1890 1842 1903 1891 ;
1939 1825 2023 1881 si-

367 1924 607 1995 gniﬁcat
637 1922 793 1978 enim
821 1923 1000 1977 Deum
1029 1919 1290 1990 genitum
1333 1932 1447 1970 non
1476 1931 1626 1980 esse,
1659 1915 1814 1969 sicut
1835 1914 1895 1967 τὸ
1928 1931 2021 1969 ex-

369 2030 500 2085 pers
524 2010 815 2067 mendacii
839 2008 1133 2080 signiﬁcat
1153 2023 1267 2060 non
1300 2004 1555 2074 mentiri,
1576 2011 1633 2059 et
1663 2005 2021 2075 incorrupti-

365 2102 480 2157 bile
513 2100 807 2174 significat
836 2115 952 2153 non
985 2094 1301 2166 corrumpi.
1336 2095 1528 2149 Anam.
1563 2093 1616 2145 Si
1650 2109 1823 2147 omne
1854 2093 2017 2163 geni-

362 2198 489 2246 tum
523 2205 759 2246 causam
784 2186 1055 2243 sortitum
1082 2190 1254 2252 est,et
1277 2189 1489 2239 natura
1520 2199 1634 2237 non
1659 2182 1859 2253 genita
1890 2182 2017 2237 sine
2048 2227 2096 2291 B

359 2297 537 2335 causa
568 2284 677 2347 est,
698 2295 813 2333 non
833 2276 1035 2346 utique
1058 2291 1294 2329 causam
1322 2274 1558 2328 denotat
1590 2289 1703 2326 non
1726 2271 2015 2343 genitum,

359 2371 458 2426 sed
513 2364 1273 2440 signiﬁcat”"substantiam.
1308 2362 1455 2417 Orth.
1510 2360 1568 2416 Si
1620 2359 2014 2415 substantiam

361 2460 655 2531 signiﬁcat
685 2474 797 2512 non
832 2454 1194 2528 genitum,et
1222 2451 1614 2508 substantiam
1650 2467 1886 2522 quoque
1920 2467 2014 2522 ge-

362 2549 551 2603 nitum
604 2546 940 2604 substantia
985 2559 1119 2599 vero
1152 2560 1185 2597 a
1216 2540 1551 2597 substantia
1600 2539 1748 2594 nihil
1798 2539 2012 2607 differt,

359 2644 652 2709 quatenus
683 2635 1019 2690 substantia
1047 2636 1157 2697 est,
1191 2647 1332 2686 sane
1361 2628 1508 2685 nihil
1541 2629 1732 2684 ditiert
1764 2645 1877 2683 non
1911 2645 2011 2700 ge-

360 2726 548 2781 nitum
582 2743 615 2780 a
646 2724 1060 2797 genito.Anom.
1088 2721 1149 2776 In
1181 2720 1378 2792 genito
1408 2718 1646 2790 quidem
1680 2717 2016 2773 substantia

362 2815 516 2871 438
549 2830 611 2870 se
642 2813 821 2868 habet
871 2812 1058 2867 instar
1106 2825 1294 2865 causa!
1329 2810 1468 2864 :sed
1511 2806 1845 2879 hypostasis
1896 2823 2009 2861 non

361 2906 543 2979 geniti
576 2910 779 2959 contra
807 2917 1041 2957 omnem
1074 2915 1313 2954 causam
1346 2895 2014 2953 obtinensimmutabili-

359 2993 701 3065 tatem,ipsa
730 2990 985 3046 essentia
1016 2993 1106 3044 est
1138 2984 1760 3058 incomparabilis,non
1793 2983 2007 3039 extrin-

361 3101 531 3139 secus
578 3084 1003 3154 repraesentans
1054 3074 1709 3147 incomparabilitatem,
1742 3074 1841 3127 sed
1877 3090 2005 3144 pro-

358 3179 488 3246 pter
512 3173 620 3228 hoc
644 3171 842 3243 ipsum
865 3168 1153 3224 exsistens
1177 3162 1836 3235 incomparabilisatque
1854 3162 2009 3217 inac-

357 3280 542 3329 cessa,
577 3260 718 3331 quia
768 3276 881 3313 non
915 3257 1113 3328 genita
1160 3260 1267 3310 est.
1318 3253 1475 3312 Orth.
1508 3251 1568 3307 Si
1612 3256 1846 3323 propter
1889 3267 2005 3307 non

354 3352 534 3424 geniti
568 3348 1103 3405 denominationem
1125 3342 1644 3414 incomparabilem
1669 3348 1725 3397 et
1753 3342 2008 3396 inacces—

350 3459 479 3498 sam
512 3440 658 3496 dicis
685 3437 1080 3494 substantiam
1112 3433 1235 3500 Dei,
1273 3438 1394 3488 tum
1432 3431 1635 3498 Filius,
1666 3431 1767 3502 qui
1800 3447 2005 3486 secun-

347 3531 488 3586 dum
521 3533 578 3586 te
611 3545 725 3585 non
758 3531 847 3582 est
876 3542 989 3580 non
1023 3521 1463 3596 genitus,etiam
1498 3537 1610 3575 non
1639 3520 1750 3575 erit
1778 3519 2001 3575 incom-

2139 954 2322 1006 νητον·
2357 938 2390 1005 ἠ
2427 934 2484 991 δὲ
2513 936 2650 1011 ψιλή
2683 940 2934 1018 προφορὰ
2958 942 3058 1009 τὴν
3093 940 3381 998 ὑπόστασιν
3416 941 3624 1016 ἐπαίρει
3654 946 3795 1001 κατά

2140 1022 2351 1078 πάντων
2378 1030 2488 1079 τῶν
2534 1032 2833 1101 γεννητῶν·
2864 1029 3194 1105 τιμιώτερόν
3243 1030 3381 1086 ἐστιν
3416 1033 3451 1102 ἠ
3487 1032 3793 1109 ἀνθρώπων

2139 1114 2410 1190 προφορά,
2442 1122 2541 1183 τῆς
2572 1121 2670 1171 τοῦ
2723 1121 3160 1193 [παντοκράτορος
3212 1119 3422 1197 φύσεως
3464 1124 3577 1195 (86)
3620 1121 3793 1199 ἀσυγ-

2138 1202 2306 1276 κρίτῳ
2338 1204 2587 1281 ὑπεροχῇ
2618 1204 3014 1263 καλλωπίσασα
3040 1208 3132 1264 τὸν
3182 1208 3310 1265 Θεὸν
3353 1210 3446 1266 τὸν
3491 1214 3793 1289 παντοκρά-
3876 1264 3889 1275 ,

2136 1312 2290 1366 τορα.
2321 1295 2471 1379 Ὀρθ.
2506 1294 2644 1351 Oti-cs
2674 1295 2844 1370 ψιλὴν
2877 1298 3156 1376 προφορὰν
3182 1298 3245 1354 τὸ
3295 1298 3580 1374 ἀγέννητον
3633 1299 3792 1379 λέγο-

2142 1402 2259 1455 μεν,
2294 1378 2419 1437 οὔτε
2465 1383 2672 1440 οὐσίαν.
2706 1385 2766 1439 ΕΞ
2798 1385 2902 1461 γάρ
2931 1388 2995 1441 τὸ
3025 1387 3310 1463 ἀγέννητον
3344 1392 3461 1463 (87)
3492 1390 3668 1459 οὐσία,
3700 1378 3789 1447 καὶ

2134 1471 2197 1524 τὸ
2249 1473 2508 1546 γεννητὸν
2566 1473 2739 1530 οὐσία.
2774 1474 2833 1530 Εἰ
2886 1473 2943 1530 δὲ
2990 1477 3053 1531 τὸ
3101 1477 3356 1551 γεννητὸν
3408 1478 3584 1552 οὐσία,
3617 1480 3791 1536 πάντα

2133 1559 2199 1613 τά
2245 1562 2479 1634 γεννητά
2522 1562 2809 1634 ὑμοοὺσια·
2843 1564 2941 1619 οὐκ
2984 1566 3085 1640 ἄρα
3126 1565 3189 1620 τὰ
3221 1568 3478 1641 γεννητὸν
3512 1567 3688 1625 οὑσία.
3724 1569 3793 1626 Εἴ

2135 1646 2192 1702 δὲ
2237 1649 2335 1704 οὐκ
2378 1650 2533 1705 οὐσία
2560 1651 2623 1706 τὸ
2652 1654 2923 1729 γεννητὸν,
2959 1651 3081 1710 οὔτε
3135 1656 3200 1710 τὸ
3254 1655 3548 1732 ἀγέννητον
3610 1657 3786 1716 οὐσία.

2135 1738 2248 1795 Οὐκ
2286 1736 2395 1793 ἔστι
2445 1737 2501 1794 δὲ
2558 1740 2697 1815 ψιλή
2750 1743 3002 1821 προφορά
3051 1745 3113 1798 τὸ
3171 1745 3481 1821 ἀγέννητον·
3533 1748 3787 1820 σημαίνει

2131 1828 2231 1902 γὰρ
2263 1827 2324 1881 τὸ
2360 1830 2435 1901 μὴ
2468 1837 2819 1906 γεγεννῆσθαι
2850 1832 2943 1887 τὸν
2977 1834 3128 1906 Θεὸν,
3161 1834 3235 1896 ὡς
3263 1835 3325 1889 τὸ
3354 1833 3580 1909 ἀψευδὲς
3612 1838 3674 1891 τὸ
3707 1839 3783 1909 μη

2132 1913 2437 1989 ψεύδεσθαι,
2468 1918 2557 1973 καὶ
2592 1920 2655 1974 τὸ
2687 1918 2954 1998 ἄφθαρτον
2986 1923 3049 1977 τὸ
3103 1924 3179 1996 μὴ
3228 1924 3554 2002 φθείρεσθαι.
3591 1927 3782 2000 Ἀνόμ.

2131 2004 2194 2059 Εἰ
2224 2007 2384 2060 παντὶ
2420 2012 2663 2082 γεννητῷ
2711 2008 2859 2065 αἰτία
2909 2010 3355 2088 συγκεκλήρωτο,
3387 2015 3628 2079 ἀναίτιος
3661 2013 3719 2071 δὲ
3747 2020 3782 2087 ὴ

2130 2096 2421 2169 ἀγέννητος
2483 2095 2661 2174 φύσις·
2696 2098 2793 2153 οὐκ
2823 2100 2993 2155 αἰτίαν
3030 2099 3197 2170 δηλοῖ
3222 2103 3285 2158 τὸ
3314 2103 3625 2180 ἀγέννητον,
3656 2104 3785 2161 ἀλλ’

2130 2183 2313 2238 οὐσίαν
2376 2188 2651 2258 σημαίνει.
2688 2189 2837 2264 Ὀρθ.
2873 2188 2940 2246 Ei
2991 2190 3175 2246 οὐσίαν
3230 2192 3482 2266 σημαίνει
3512 2194 3577 2249 τὸ
3624 2194 3782 2270 ἀγέν-

2127 2293 2314 2341 νητον,
2345 2273 2433 2327 καὶ
2467 2272 2650 2329 οὐσίαν
2682 2276 2743 2330 τὸ
2776 2277 3056 2350 γεννητὸν,
3091 2277 3248 2333 οὐσία
3278 2276 3335 2334 δὲ
3383 2278 3569 2343 οὐσίας
3627 2280 3781 2339 οὐδὲν

2129 2358 2391 2437 διαφέρει,
2424 2362 2640 2434 ᾕούσία
2684 2363 2844 2420 ἐστίν·
2881 2363 3032 2421 οὐδὲν
3080 2368 3183 2444 ἄρα
3228 2365 3470 2447 διαφέρει
3521 2372 3585 2426 τὸ
3631 2371 3780 2447 ἀγέν-

2124 2471 2290 2521 νητον
2349 2456 2445 2506 τοῦ
2499 2458 2780 2528 γεννητοῦ.
2845 2455 3037 2528 Ἀνὸμ.
3092 2457 3213 2511 Ἐπὶ
3286 2463 3385 2513 τοῦ
3437 2463 3779 2536 γεννήματος

2125 2538 2281 2594 οὐσία
2341 2540 2753 2619 συνεμφαίνεται
2811 2543 2885 2605 ὡς
2941 2543 3107 2599 αἶ’τία·
3141 2546 3175 2615 ἡ
3239 2543 3296 2601 δὲ
3342 2552 3441 2602 τοῦ
3486 2549 3780 2625 ἀγεννήτω

2125 2628 2438 2692 ὑπόστασις.
2471 2631 2607 2686 κατά
2634 2632 2811 2701 πάσης
2842 2632 3015 2696 αἰτίας
3044 2635 3107 2689 τὸ
3137 2634 3562 2709 ἀπχράλλακτον
3622 2637 3781 2714 ἔχου-

2125 2739 2207 2788 σα,
2240 2719 2526 2773 αὑτοουσία
2556 2718 2695 2774 ἐστὶν
2726 2720 3073 2797 ἀσύγκριτος,
3093 2722 3191 2778 οὑκ
3221 2721 3409 2796 ἔξωθεν
3442 2725 3780 2805 ἐμφαίνουσα

2120 2807 2183 2861 τὸ
2236 2808 2578 2883 ἀσῦγκριτον,
2639 2808 2768 2864 αὐτὸ
2819 2806 2877 2864 δέ
2935 2810 3262 2888 ὑπάρχουσα
3310 2813 3637 2890 ἀσύγκριτος
3686 2818 3777 2873 καὶ

2122 2895 2435 2971 ἀπρόσιτος,
2470 2895 2657 2967 ἐπειδή
2708 2898 3017 2973 ἀγέννητος.
3071 2902 3221 2977 Ὀρθ.
3274 2903 3339 2959 Ei
3388 2900 3479 2958 διὰ
3524 2906 3624 2974 τήν
3679 2911 3777 2962 τοῦ

2120 2985 2408 3060 ἀγεννῆτοο
2463 2986 2836 3063 προσηγορίαν
2901 2988 3218 3066 ἀσύγκριτον
3282 2991 3457 3068 λέγεις
3515 2996 3615 3063 τήν
3676 3000 3776 3051 τοῦ

2119 3078 2252 3128 Θεοῦ
2284 3074 2466 3129 οὐσίαν
2516 3075 2604 3130 καὶ
2668 3071 2985 3151 ἀπρόσιτον,
3021 3079 3048 3132 6
3079 3080 3225 3146 Υἱὸς,
3257 3081 3395 3135 κατὰ
3445 3082 3501 3137 σὲ
3564 3085 3640 3155 μὴ
3703 3083 3778 3139 ὢν

2118 3161 2435 3237 ἀγέννητος,
2470 3162 2591 3219 οὔτε
2623 3164 2967 3241 ἀσύγκριτος,
3002 3163 3125 3221 οὔτε
3178 3168 3492 3244 ἀπρόσιτος·
3526 3172 3625 3228 οὐκ
3673 3171 3776 3250 ἄρα

2117 3249 2206 3306 διὰ
2233 3253 2296 3307 τὸ
2326 3253 2615 3329 ἀγέννητον
2651 3253 2990 3330 ἀσύγκριτος.
3031 3260 3154 3318 Πῶς
3186 3253 3243 3311 δέ
3274 3257 3599 3336 ἀσύγκριτός
3635 3261 3776 3318 ἑστιν

2115 3341 2143 3395 ὁ
2178 3343 2363 3413 Πατήρ
2395 3347 2474 3415 τῷ
2504 3340 2743 3417 λέγοντι·
2784 3368 2811 3395 (ι
2857 3346 3060 3419 Ὥσπερ
3093 3346 3121 3399 6
3156 3347 3342 3420 Πατὴρ
3392 3348 3589 3424 ἐγείρει
3644 3351 3773 3416 τοὺς

2111 3429 2332 3504 νεκροὺς
2389 3430 2479 3485 καὶ
2543 3436 2823 3501 ζωοποιεῖ,
2858 3432 3033 3496 οὕτως
3091 3434 3180 3489 καὶ
3212 3436 3240 3490 6
3272 3436 3413 3505 Υἱὸς,
3447 3437 3539 3501 οὓς
3601 3439 3770 3513 θέλει,

2115 3522 2403 3589 ζωοποιεῖ,
2432 3545 2451 3569 ι
2486 3519 2521 3589 ἢ
2554 3524 2672 3583 πῶς
2702 3521 3027 3596 ἀσύγκριτος
3058 3527 3138 3595 τῷ
3164 3521 3636 3599 λέγοντι·‹‹Ηάντα
3664 3533 3770 3607 γάρ

346 3618 627 3692 parabilis
668 3634 771 3672 nec
801 3617 1140 3670 inaccessus
1170 3630 1181 3668 :
1206 3629 1319 3667 non
1353 3615 1444 3666 est
1464 3626 1598 3681 ergo
1630 3608 1994 3680 incompara-

2116 3604 2207 3660 ὅσα
2234 3604 2293 3661 ἂν
2328 3611 2460 3681 ποιῇ
2494 3608 2521 3662 ὁ
2554 3610 2763 3684 Πατὴρ,
2793 3615 2959 3665 ταῦτα
2988 3611 3076 3666 καὶ
3100 3613 3128 3667 6
3156 3613 3281 3675 Υἱὸς
3303 3614 3513 3688 ὁμοίως
3543 3599 3761 3690 «05%;.-

347 3709 483 3766 bilis
511 3709 667 3781 quod
699 3708 776 3762 sit
807 3723 919 3759 non
945 3703 1198 3776 genitus.
1228 3700 1528 3767 Quomodo
1551 3703 1746 3754 autem
1772 3698 1995 3753 incom-

2116 3696 2145 3764 ἢ
2179 3699 2295 3757 πῶς
2356 3696 2675 3773 ἀσύγκριτος
2730 3703 2812 3771 τῷ
2868 3697 3104 3777 λέγοντι·
3142 3725 3170 3753 ι(
3204 3704 3403 3777 Πάντα,
3437 3704 3535 3761 ὅσα
3590 3703 3705 3784 ἔχει
3739 3711 3768 3764 6

347 3798 627 3872 parabilis
647 3803 737 3853 est
757 3800 926 3850 Pater
944 3793 994 3849 ei
1014 3792 1111 3864 qui
1138 3791 1281 3846 dicit
1301 3807 1344 3843 ευ
1374 3789 1537 3843 Sicut
1558 3791 1729 3842 Pater
1749 3787 1999 3842 suscitat

2116 3786 2320 3860 Πατὴρ,
2355 3784 2462 3858 έμά
2491 3786 2631 3841 ἐστιν
2658 3806 2672 3857 ;
2705 3811 2734 3839 ››
2767 3787 2857 3843 καὶ
2889 3788 2941 3843 έν
2975 3788 3189 3853 ἄλλοις·
3218 3816 3245 3843 (ι
3277 3793 3355 3848 Τά
3404 3793 3511 3868 ἐμὰ
3560 3799 3643 3870 σά,
3675 3799 3765 3853 καὶ

347 3894 614 3947 mortuos
636 3891 692 3941 et
713 3885 985 3952 viviﬁcat,
1017 3883 1097 3936 ita
1129 3881 1304 3935 etiam
1340 3878 1705 3948 Filius,quos
1735 3874 1880 3941 vult,
1915 3875 1998 3930 vi-

2116 3874 2174 3928 τά
2204 3874 2269 3928 σά
2299 3873 2403 3947 ἐμά
2428 3894 2440 3944 ;
2478 3900 2505 3927 »
2537 3877 2635 3931 Καὶ
2666 3878 2785 3940 πῶς
2813 3878 3137 3955 ἀσύγκριτος
3183 3886 3266 3954 τῷ
3325 3882 3567 3959 λέγοντι·
3593 3910 3622 3938 ‹‹
3649 3889 3767 3944 ’Ίνα

344 3979 539 4033 vilicat
567 3977 612 4010 ‘9
633 3977 660 4031 '?
693 3998 720 4025 ››
751 3972 1044 4046 quomodo
1097 3986 1265 4041 porro
1303 3965 1783 4037 incomparabilis
1814 3964 1861 4020 ei
1897 3965 1998 4036 qui

2116 3968 2309 4036 τιμῶσι
2340 3965 2433 4019 τὸν
2463 3965 2604 4035 Υἱὸν,
2639 3968 2819 4031 καθὼς
2850 3973 3051 4041 τιμῶσι
3082 3969 3174 4024 τὸν
3207 3971 3457 4047 Πατέρα;
3491 3999 3520 4029 ››

342 4069 481 4124 dicit
518 4086 529 4122 :
564 4090 592 4117 «
629 4063 839 4120 Omnia
868 4062 1022 4118 enim
1058 4052 1421 4131 quzﬁcunque
1453 4056 1592 4111 facit
1638 4059 1827 4119 Pater,
1860 4054 1981 4109 haec
2028 4053 2203 4109 etiam
2238 4055 2420 4110 Filius
2475 4056 2749 4113 similiter
2783 4060 2920 4115 facit
2947 4060 3039 4116 ‘3?
3069 4083 3091 4111 ι
3130 4065 3425 4133 quomodo
3468 4067 3640 4123 etiam
3677 4069 3768 4126 in-

339 4154 752 4229 comparabilis
785 4157 875 4208 est
916 4151 965 4207 ei
1000 4151 1099 4222 qui
1153 4148 1294 4203 dicit
1328 4164 1340 4202 :
1378 4169 1406 4197 «
1439 4146 1670 4210 Omnia,
1704 4160 1829 4215 quae
1881 4143 2055 4217 habet
2084 4147 2278 4210 Pater,
2313 4161 2440 4200 mea
2488 4150 2627 4201 sunt
2657 4148 2703 4181 “
2734 4163 2748 4202 :
2783 4170 2810 4197 »
2845 4152 2902 4204 et
2930 4148 3071 4205 alibi
3105 4166 3117 4205 :
3146 4172 3174 4201 ‹‹
3211 4152 3333 4208 Mea
3362 4157 3466 4211 tua
3513 4162 3674 4224 sunt,
3705 4164 3766 4217 et

334 4253 439 4303 tua
471 4263 601 4302 mea
631 4248 769 4301 sunt
799 4243 843 4277 ὀδ
864 4242 891 4297 ?
922 4263 949 4292 »
984 4241 1237 4311 denique
1268 4236 1558 4308 quomodo
1587 4232 2069 4305 incomparabilis
2100 4232 2149 4289 ei
2182 4235 2280 4305 qui
2310 4234 2454 4289 dicit
2483 4251 2495 4289 :
2532 4260 2559 4285 «
2599 4240 2671 4292 Ut
2703 4237 2989 4294 honorent
3018 4238 3253 4308 Filium,
3285 4242 3443 4300 sicut
3473 4244 3765 4305 honorant

332 4341 565 4392 Patrem
598 4335 642 4369 “
668 4337 690 4389 Ρ
721 4356 741 4382 ιι

401 4427 491 4480 26.
524 4427 719 4479 Anam.
751 4421 809 4476 Si
859 4436 1093 4476 omnem
1126 4415 1352 4474 excedit
1392 4419 1662 4471 naturam
1717 4412 1985 4485 omnipo-

330 4521 459 4570 tens
479 4512 577 4569 ille
602 4510 1003 4579 Deus,excedit
1024 4524 1165 4564 sane
1188 4523 1253 4563 eo
1276 4506 1429 4578 quod
1455 4510 1544 4559 est
1567 4520 1679 4558 non
1702 4502 1939 4573 genitus
1968 4517 1980 4556 ι

331 4603 488 4675 quod
518 4607 610 4659 est
636 4618 813 4657 causa
835 4600 986 4670 ejus,
1010 4615 1189 4670 quam
1215 4596 1413 4669 genita
1432 4590 1670 4659 habent,
1699 4590 1981 4663 perdura-

329 4693 526 4749 tioois.
565 4691 622 4747 Si
656 4707 790 4749 vero
847 4706 961 4744 non
994 4687 1255 4760 genitum
1292 4702 1404 4741 non
1454 4684 1692 4738 denotat
1721 4695 1980 4750 causam,

331 4782 626 4836 undenam
660 4796 797 4852 ergo
824 4784 1033 4834 natura
1067 4791 1258 4831 rerum
1280 4773 1608 4847 genitarum
1644 4769 1733 4825 sui
1753 4783 1983 4823 conser-

2166 4410 2490 4500 26.-’Av6p..
2523 4413 2589 4467 Εἰ
2622 4412 2878 4490 ὑπερέχει
2916 4414 3094 4485 πάσης
3141 4416 3352 4495 φύσεως
3384 4419 3412 4474 6
3446 4421 3758 4500 Ηαντοκρά-

2093 4519 2229 4571 τωρ,
2262 4496 2353 4555 διὰ
2397 4502 2461 4554 τὸ
2508 4501 2803 4575 ἀγέννητον
2862 4503 3137 4580 ὑπερέχει·
3193 4505 3325 4582 ὅπερ
3389 4508 3530 4566 ἐστὶν
3577 4496 3753 4570 α’ίτιον

2092 4591 2210 4649 τοῖς
2238 4595 2520 4662 γεννητοῖς
2552 4590 2629 4653 εἷς
2678 4588 2969 4665 διαμονήν.
3006 4594 3067 4651 Ei
3118 4592 3175 4650 δὲ
3235 4597 3310 4669 μή
3372 4596 3512 4654 ἐστιν
3576 4601 3754 4666 αῗτίας

2093 4673 2399 4747 δηλωτικὸν
2459 4679 2521 4733 τὸ
2578 4679 2892 4755 ἀγέννητον,
2924 4683 3085 4737 πόθεν
3134 4682 3193 4739 ἃν
3241 4685 3275 4755 ἠ
3315 4690 3423 4740 τῶν
3480 4696 3753 4764 γεννητῶν

2092 4766 2248 4843 φύσις
2280 4764 2381 4837 ἔξει
2413 4768 2474 4822 τὸ
2507 4766 2862 4838 διασώζεσθαι
2892 4791 2905 4842 ;
2943 4771 3087 4848 Ὀρθ.
3118 4774 3183 4830 Εἰ
3232 4770 3322 4829 8ιά
3370 4781 3533 4833 τοῦτο
3583 4779 3747 4858 ὑπερ-

325 4871 617 4927 vationem
643 4864 923 4925 habebit?
945 4866 1097 4922 Orth.
1128 4866 1182 4919 Si
1208 4863 1591 4933 Omnipotens
1614 4859 1712 4913 ille
1741 4875 1807 4913 su
1821 4862 1979 4928 perat

2116 4875 2199 4931 χει
2231 4856 2411 4926 πάσης
2443 4856 2651 4935 φύσεως
2682 4859 2711 4913 6
2742 4860 3162 4936 Παντοκράτωρ,
3199 4858 3289 4918 διὰ
3330 4865 3393 4919 τὸ
3427 4855 3742 4942 ἀγέννητον·

321 4977 552 5016 omnem
605 4965 873 5015 naturam
929 4960 1162 5028 propter
1190 4953 1251 5006 τὸ
1286 4970 1398 5008 non
1450 4950 1736 5023 genitum,
1772 4948 1975 5015 Filius,

319 5049 419 5122 qui
450 5049 774 5105 secundum
806 5050 861 5102 te
896 5063 1006 5101 non
1042 5049 1131 5100 est
1160 5058 1273 5098 non
1305 5041 1560 5113 genitus,
1590 5054 1705 5093 non
1738 5037 1975 5091 excedet

316 5155 548 5195 omnem
575 5133 1038 5192 naturam.Unde
1063 5149 1176 5186 non
1190 5147 1256 5185 eo
1279 5129 1431 5201 quod
1464 5145 1577 5182 non
1601 5126 1835 5200 genitus
1857 5130 1967 5189 est,

312 5227 536 5283 excedit
582 5226 752 5281 Pater
799 5239 1032 5278 omnem
1085 5225 1379 5283 naturam,
1421 5217 1521 5273 sed
1578 5232 1695 5287 qua
1744 5214 1967 5269 ratione

311 5315 481 5373 Pater
534 5313 760 5371 excedit
816 5327 1050 5367 omnem
1109 5313 1418 5374 naturam,
1475 5306 1678 5361 eadem
1739 5304 1964 5359 ratione

309 5406 483 5463 etiam
518 5405 702 5462 Filius
731 5402 957 5459 excedit
986 5414 1219 5456 omnem
1265 5401 1562 5453 naturam.
1596 5393 1829 5449 Excedit
1858 5410 1961 5448 au-

307 5500 428 5553 tem
456 5499 629 5551 Pater
658 5497 871 5550 natura
900 5508 1018 5547 suae
1049 5487 1317 5544 deitatis:
1342 5485 1542 5542 eadem
1578 5489 1636 5540 et
1667 5482 1851 5539 Filius
1871 5498 1960 5538 ex-

373 5648 418 5682 "
444 5651 612 5703 Joan.
643 5661 699 5717 ν,
728 5646 819 5700 21.

370 5812 483 5883 (86)
514 5809 956 5885 Παντοκράτορος
988 5807 1353 5870 ὑποστάσεως
1387 5806 1573 5865 Palat.
1609 5806 1661 5862 1.

2086 4945 2113 4999 6
2146 4944 2290 5017 Υἱὸς,
2321 4947 2458 5001 κατὰ
2488 4947 2544 5001 σὲ
2580 4949 2654 5020 μή
2691 4944 2762 5002 ὢν
2796 4947 3239 5027 ἀγέννητος,οὑχ
3271 4952 3525 5030 ὑπερέχει
3557 4959 3740 5024 πάσης

2082 5033 2315 5111 φύσεως.
2359 5034 2475 5093 Οὐκ
2531 5034 2633 5111 ἄρα
2686 5034 2775 5091 διὰ
2836 5037 3120 5114 ἀγέννητον
3183 5041 3439 5119 ὑπερέχει
3470 5046 3498 5099 ὁ
3549 5048 3738 5125 Πατὴρ

2078 5123 2257 5195 πάσης
2289 5122 2515 5202 φύσεως·
2554 5124 2682 5180 ἀλλ’
2710 5126 2754 5198 ᾧ
2790 5124 2944 5201 λόγῳ
2970 5127 2997 5181 6
3033 5129 3218 5205 Ηατῆρ
3253 5129 3505 5207 ὑπερέχει
3555 5122 3733 5204 πάσης

2077 5212 2311 5290 φύσεως,
2342 5212 2522 5286 τούτῳ
2569 5211 2649 5285 τῷ
2699 5212 2853 5289 λόγῳ
2907 5216 3162 5292 ὑπερέχει
3211 5219 3301 5273 καὶ
3334 5220 3361 5275 6
3393 5219 3514 5281 Υἱὸς
3549 5221 3730 5292 πάσης

2074 5302 2304 5379 φύσεως.
2338 5303 2616 5377 Ὑπερέχει
2649 5299 2707 5361 δὲ
2734 5303 2761 5357 6
2794 5305 2980 5378 Ιῐατήρ
3011 5308 3081 5380 τῇ
3113 5306 3268 5382 φύσει
3297 5315 3396 5378 τῆς
3446 5308 3726 5380 θεότητος·

2070 5390 2239 5465 ταύτῃ
2271 5390 2360 5445 καὶ
2390 5392 2419 5444 6
2460 5391 2584 5452 Υἱὸς
2636 5390 2889 5469 ὑπερέχει
2947 5394 3128 5465 πάσης
3186 5395 3416 5473 φύσεως.
3450 5397 3636 5474 Ἀνόμ.
3665 5401 3729 5457 Et

2072 5477 2225 5534 οὐδὲν
2256 5483 2364 5534 τῶν
2396 5479 2638 5556 ἀοράτων
2684 5479 2815 5537 αὐτὸ
2858 5483 3049 5539 ἑαυτοῦ
3088 5491 3475 5560 σπερματικιῖκ
3515 5500 3727 5567 προϋπο

898 5645 944 5680 ⁴³
974 5642 1116 5699 ibid.
1147 5641 1235 5697 19.
1310 5640 1356 5675 ⁴⁴
1381 5642 1547 5695 Joan.
1580 5654 1697 5710 xw,
1730 5638 1818 5693 15.
1895 5636 1940 5672 ⁴⁸
1967 5634 2000 5693 J

2125 5676 2138 5691 .
2168 5651 2308 5704 xvu,
2341 5635 2429 5691 10.
2504 5636 2550 5671 ⁴⁶
2576 5637 2749 5695 Joan.
2780 5654 2836 5707 v,
2865 5638 2956 5697 23.

2131 5801 2244 5875 (87)
2273 5799 2458 5860 Palat.
2488 5805 2546 5874 2,
2578 5807 2637 5860 et
2664 5809 2915 5879 August.
2943 5803 3006 5864 Ei
3041 5803 3098 5861 δὲ
3124 5806 3187 5862 τὸ
3219 5805 3535 5885 ἀγέννητον.
