4116 6374
375 447 521 520 1197

1255 489 1260 494 -
1347 450 1449 516 DE
1493 455 1795 516 SANCTA
1838 450 2264 514 TRINITATE
2311 453 2701 514 DlALOGUS
2746 450 2825 513 Il.

3634 453 3791 514 “98

369 596 552 669 ἀρχει,
587 588 828 664 διαμένει
876 585 932 643 δὲ
993 589 1042 643 ἐν
1104 589 1257 667 φύσει
1315 588 1846 661 ἀποκεκληρωμένῃ,
1908 593 2023 647 πῶς

2141 589 2284 642 cedit
2321 604 2553 642 omnem
2591 591 2882 642 naturam.
2917 588 3110 642 Anam.
3162 587 3218 642 Si
3273 587 3434 642 nulla
3463 603 3556 642 res
3588 588 3788 642 invisi-

371 685 428 739 ἂν
463 686 490 738 ὁ
523 683 819 756 ἀγέννητος
852 680 1005 750 Θεὸς,
1039 677 1322 753 ἐλεύθερος
1366 678 1806 752 ἀποκληρώσεως
1845 677 2017 749 ὑπαρ-

369 795 513 849 χων,
543 776 634 826 νῦν
672 771 767 842 μὲν
795 770 894 837 τήν
951 768 1143 822 ἑαυτοῦ
1179 767 1360 821 οὐσίαν
1413 764 1663 841 δευτέραν
1721 765 1770 819 έν
1828 766 2020 841 γεννή-

374 884 501 935 ματι
547 862 668 937 ὁρᾷ,
729 856 819 913 νῦν
877 854 933 911 δὲ
990 858 1258 933 προτέραν
1318 854 1368 910 έν
1421 855 1692 931 ἀγεννῆτῳ
1734 854 1869 908 κατὰ
1922 854 2020 921 τὴν

369 952 594 1027 πρώτην
654 947 745 1003 καὶ
805 943 1054 1020 δευτέραν
1115 947 1302 1017 τάξιν;
1364 945 1512 1012 Ὀρθ.
1562 941 1728 1000 Οὐδὲν
1784 944 1877 1015 μὲν
1911 947 2018 995 τῶν

368 1041 613 1115 ἀοράτων
649 1037 778 1091 αὐτὸ
809 1037 1000 1090 ἑαυτοῦ
1029 1038 1410 1109 σπερματικῶς
1443 1029 1942 1107 προϋπάρχει·ἀλλ’
1967 1029 2017 1084 έν

365 1133 435 1203 τῇ
469 1127 683 1199 ἐξουσίᾳ
735 1123 832 1180 τοῖ’)
883 1127 1254 1197 Amne-2,9105,
1308 1123 1442 1176 κατὰ
1487 1121 1582 1182 τὰς
1617 1119 1758 1182 θείας
1790 1120 2020 1195 Γραφᾶις,

371 1220 448 1291 μή
483 1213 630 1287 ὄντα,
665 1215 737 1276 ὡς
773 1209 897 1268 ὅντα
957 1212 1110 1266 εἰσιν·
1163 1213 1190 1265 ὁ
1236 1209 1292 1265 δέ
1340 1211 1487 1280 Υἱὸς,
1522 1209 1572 1264 έν
1607 1213 1674 1283 τῇ
1709 1208 1863 1278 οὐσίᾳ
1920 1211 2020 1261 τοῦ

368 1307 576 1382 [ἰατρὸς
611 1303 706 1374 ὥν,
739 1304 828 1358 καὶ
862 1301 996 1371 ἔστι,
1027 1300 1116 1356 καὶ
1159 1297 1304 1355 ἔσται
1341 1301 1413 1360 ὡς
1456 1298 1786 1373 ἀπαύγασμα
1836 1294 2018 1369 δόξης,

367 1397 457 1452 καὶ
517 1395 800 1471 χαρακτὴρ
876 1399 974 1461 τῆς
1056 1391 1398 1451 ὑποστάσεως
1455 1386 2016 1460 συνεπιθεωρούμενος

369 1490 446 1558 τῷ
476 1485 793 1560 γεννήσαντι
825 1480 982 1535 αὐτὸν
1017 1480 1260 1546 ἀπαθῶς,
1321 1476 1595 1552 ἀχρόνως,
1654 1472 1862 1544 ἀϊδίως,
1923 1473 2018 1528 ού·-

374 1576 509 1640 σίας,
540 1573 629 1627 καὶ
667 1571 898 1647 βουλῆς,
933 1570 1022 1623 καὶ
1056 1567 1357 1640 δυνάμεως,
1408 1563 1496 1620 καί
1553 1563 1713 1634 δόξης
1772 1562 2016 1638 ἀπαράλ-

371 1662 567 1723 λακτος
599 1661 782 1729 εἰκὼν,
839 1659 944 1733 πρὸ
1001 1662 1108 1710 τῶν
1164 1655 1486 1729 προαιώνων
1550 1655 1832 1728 ὑπάρχων·
1872 1654 1932 1708 Ὀ
1964 1648 2020 1705 δὲ

368 1752 654 1827 ἀγέννητος
716 1749 844 1810 Θεὸς
903 1749 1002 1816 τήν
1063 1747 1254 1800 ἑαυτοῦ
1308 1743 1488 1798 οὐσίαν
1529 1740 1670 1796 οἶδεν
1703 1742 2016 1816 ἀγέννητον,

369 1844 445 1903 ὡς
475 1840 564 1895 καὶ
596 1835 826 1912 ἀψευδῆ,
859 1835 949 1891 καὶ
978 1833 1270 1912 ἄφθαρτον,
1302 1831 1390 1886 καὶ
1425 1833 1735 1903 ἀσώματον,
1767 1831 1856 1884 καὶ
1890 1830 2018 1882 ἀθά-

366 1951 550 2002 νατον,
581 1930 669 1983 καὶ
702 1927 809 2002 οὐχ
837 1928 938 1999 ὁρᾷ
960 1926 1057 1994 τὴν
1103 1924 1292 1977 ἑαυτοῦ
1345 1921 1529 1975 οὐσίαν
1578 1919 1667 1973 νῦν
1719 1923 1812 1991 μὲν
1873 1917 2022 1992 ἀγέν-

366 2041 554 2091 νητον,
585 2023 678 2072 νῦν
712 2015 768 2072 δὲ
796 2015 1083 2091 γεννητὴν,
1119 2012 1244 2068 ἀλΛ’
1275 2011 1304 2066 ὅ
1335 2013 1434 2085 ὁρᾷ
1465 2010 1668 2079 ἑαυτὸν,
1709 2013 1871 2062 τοῦτο
1921 2009 2022 2082 ὁρᾷ

365 2111 457 2166 καὶ
487 2112 586 2178 τὴν
639 2109 829 2162 ἑαυτοῦ
890 2103 1086 2159 εἰκόνα.
1137 2101 1226 2163 Τίς
1271 2099 1329 2155 δέ
1360 2099 1468 2155 ἐστι
1501 2100 1598 2167 τὴν
1634 2097 1839 2168 οὐσίαν,
1900 2093 2022 2150 οὔτε

366 2203 504 2272 ἡμῖν
563 2195 928 2268 ἀπεκάλυψεν,
991 2191 1113 2247 οὕτε
1163 2196 1280 2252 τοῖς
1335 2191 1440 2263 πρὸ
1489 2191 1672 2260 ἡμῶν.
1708 2185 1860 2261 Λέγει
1893 2186 2020 2260 γὰρ,

364 2271 546 2352 καθὼς
583 2287 926 2363 προείρηται·
964 2307 990 2333 ››
1047 2289 1253 2358 Ὣφθην
1306 2280 1442 2352 πρὸς
1492 2278 1583 2332 τὸν
1637 2271 1885 2349 Ἀϐραάμ
1932 2275 2019 2328 καὶ

363 2380 546 2437 Ἰσαὰκ
571 2377 660 2431 καὶ
693 2367 886 2432 Ἰακώϐ
918 2371 1042 2433 τοὺς
1076 2368 1307 2444 πιτέρας
1349 2368 1500 2440 ὑμῶν
1553 2366 1684 2426 Θεὸς
1715 2361 1787 2417 ὢν
1822 2363 2018 2431 αὐτῶν,

364 2469 457 2525 καὶ
487 2468 548 2521 τὸ
578 2465 757 2536 δνομά
790 2484 894 2536 μου
929 2460 1028 2515 οὐκ
1059 2459 1330 2533 ἐγνώρισα
1360 2455 1566 2516 αὐτοῖς.
1604 2479 1631 2505 ››

2052 1968 2100 2031 Β

2130 678 2266 732 bilis
2299 678 2426 747 ipsa
2461 686 2596 732 ante
2629 678 2887 747 seipsum
2921 677 2976 729 in
3027 678 3248 731 semine
3300 677 3550 741 exsistit,
3602 678 3700 732 sed
3728 677 3786 730 in

2129 782 2197 820 ea
2228 770 2438 820 natura
2497 770 2823 834 permanet,
2883 780 3054 834 quam
3102 765 3306 819 sortita
3353 771 3461 827 est,
3493 766 3788 833 quomodo

2132 870 2243 906 non
2279 853 2512 924 genitus
2560 853 2654 906 ille
2708 859 2880 916 Deus,
2912 852 3008 919 qui
3057 869 3089 906 a
3121 852 3422 907 sortitione
3469 851 3618 907 liber
3674 857 3786 917 est,

2133 959 2288 996 nunc
2318 942 2554 1010 quidem
2574 958 2673 992 sun
2689 958 2739 993 m
2755 940 3069 996 essentiam
3107 940 3492 1011 posteriorem
3516 942 3786 996 intuetur

2131 1031 2189 1084 in
2222 1030 2440 1102 genito,
2468 1047 2620 1083 nunc
2644 1031 2896 1099 priorem
2931 1029 2989 1082 in
3027 1046 3136 1082 non
3165 1030 3380 1097 genito,
3405 1029 3609 1084 ordine
3639 1047 3788 1100 quo-

2131 1120 2264 1173 dam
2293 1118 2501 1189 prioris
2521 1125 2575 1172 et
2595 1118 2965 1189 posterioris?
2988 1118 3230 1173 0r!h.Ex
3253 1117 3642 1172 invisibilibus
3666 1118 3790 1188 qui-

2132 1209 2263 1261 dem
2299 1207 2442 1260 nihil
2477 1213 2611 1261 ante
2645 1207 2909 1277 seipsum
2945 1207 3002 1260 in
3031 1206 3254 1260 semine
3286 1206 3652 1276 praaexsistit,
3685 1207 3785 1260 sed

2130 1297 2189 1350 in
2213 1296 2473 1367 potentia
2492 1295 2807 1358 Creatoris,
2833 1294 3156 1348 secundum
3179 1295 3407 1349 divinas
3429 1294 3784 1365 Scripturas,

2130 1401 2242 1440 non
2272 1385 2431 1439 entia
2462 1384 2618 1438 velut
2647 1383 2804 1438 entia
2837 1388 2976 1438 sunt
3010 1400 3021 1436 :
3056 1382 3236 1437 Filius
3268 1399 3400 1438 vero
3431 1383 3489 1436 in
3529 1384 3788 1437 essentia

2129 1473 2319 1528 Patris
2349 1473 2660 1537 exsistens,
2688 1477 2744 1526 et
2773 1477 2881 1539 est,
2932 1476 2988 1527 et
3034 1473 3164 1541 erit,
3217 1487 3317 1526 ceu
3354 1472 3632 1542 splendor
3660 1471 3784 1543 glo-

2131 1563 2227 1616 ria
2277 1567 2330 1617 et
2382 1562 2684 1616 character
2735 1562 3100 1632 hypotaseos,
3150 1560 3327 1614 simul
3382 1561 3786 1615 consideratus

2130 1668 2264 1705 cum
2298 1667 2385 1714 eo,
2419 1651 2518 1720 qui
2552 1650 2754 1721 genuit
2806 1648 2932 1702 sine
2982 1649 3254 1718 passione
3301 1653 3359 1702 et
3403 1654 3667 1719 tempore
3716 1648 3786 1702 ab

2131 1745 2367 1806 aeterno,
2400 1739 2769 1801 substantiae,
2826 1736 3168 1805 voluntatis,
3217 1741 3276 1791 et
3313 1735 3507 1807 gloria
3540 1736 3790 1790 invaria-

2133 1828 2266 1883 bilis
2298 1828 2513 1896 imago,
2550 1826 2710 1881 omni
2753 1824 3080 1879 aeternitate
3131 1824 3288 1894 prior
3324 1825 3598 1879 existens.
3639 1826 3788 1879 Deus

2131 1933 2262 1971 vero
2296 1933 2407 1970 non
2444 1916 2678 1986 genitus
2729 1913 2890 1968 novit
2939 1929 3107 1968 suam
3159 1913 3348 1982 ipsius
3388 1913 3787 1968 substantiam

2133 2022 2246 2059 non
2279 2005 2538 2076 genitam
2567 2007 2630 2057 ut
2652 2009 2708 2057 et
2737 2001 3023 2056 mendacii
3047 2006 3362 2070 expertem,
3382 2001 3785 2072 incorpoream

2133 2103 2188 2152 et
2208 2097 2598 2151 immortalem
2627 2113 2639 2150 :
2664 2112 2768 2150 nec
2799 2095 2953 2149 videt
2974 2111 3142 2150 suam
3166 2095 3353 2166 ipsius
3387 2095 3783 2150 substantiam

2133 2187 2306 2241 modo
2354 2203 2466 2240 non
2519 2184 2801 2255 genitam,
2859 2184 3030 2237 modo
3084 2184 3364 2254 genitam,
3417 2183 3515 2238 sed
3566 2185 3786 2255 ipsum,

2131 2276 2282 2344 quod
2313 2290 2440 2328 sese
2471 2290 2599 2327 esse
2647 2273 2823 2339 videt,
2854 2271 3006 2326 videt
3057 2271 3234 2326 etiam
3284 2288 3412 2326 esse
3469 2272 3788 2344 imaginem

2133 2364 2245 2417 sui.
2281 2363 2421 2430 Quis
2454 2369 2649 2417 autem
2697 2363 2774 2416 sit
2803 2362 2992 2432 quoad
3028 2358 3449 2431 substantiam,
3483 2377 3589 2414 nec
3621 2363 3791 2418 nobis

2137 2452 2425 2519 revelavit,
2462 2467 2565 2504 nec
2599 2450 2693 2512 iis.
2724 2451 2820 2521 qui
2855 2455 2991 2505 ante
3021 2465 3128 2504 nos
3157 2449 3412 2504 fuerunt.
3457 2449 3604 2503 Dicit
3633 2451 3791 2506 enim

365 2567 434 2616 ut
461 2559 687 2614 dictum
720 2560 809 2611 est
840 2571 853 2610 :
892 2574 920 2604 «
953 2549 1212 2623 Apparui
1271 2547 1590 2613 Abraham,
1623 2545 1783 2600 Isaac
1813 2547 1871 2598 et
1900 2542 2076 2598 Jacob
2118 2542 2383 2612 patrihus
2431 2540 2663 2605 vestris,
2709 2544 2989 2608 tanquam
3025 2539 3171 2592 Deus
3213 2553 3436 2604 eorum,
3470 2543 3528 2593 et
3576 2555 3790 2595 nomen

367 2665 566 2705 meum
600 2662 716 2700 non
747 2641 992 2699 revelavi
1023 2641 1108 2695 eis
1142 2639 1206 2692 ‘7.
1244 2658 1271 2685 »

436 2756 525 2808 27.
557 2749 752 2822 Ἀνόμ.
786 2747 852 2804 Εἰ
909 2744 1148 2818 διαμένει
1200 2741 1251 2797 έν
1303 2741 1573 2815 ἀγεννήτῳ
1623 2737 1773 2815 ερύσει
1803 2737 1830 2790 ὸ
1863 2736 2017 2804 Θεὸς,
2049 2740 2091 2805 C

361 2846 426 2899 τὸ
457 2842 509 2897 έν
539 2841 745 2915 γενέσει
795 2837 884 2890 καὶ
943 2831 1226 2909 ἀγεννησίᾳ
1281 2831 1466 2885 ἑαυτὸν
1530 2824 1725 2881 εἰδέναι
1783 2823 2020 2902 ἀφαιρεί-

363 2935 494 2987 σθω.
532 2914 1002 3004 Συγχωρούμενος
1036 2919 1094 2976 δὲ
1124 2921 1173 2975 ἐν
1207 2921 1484 2994 ἀγεννήτῳ
1527 2915 1615 2970 καὶ
1647 2935 1888 2989 γεννητῳ
1917 2914 2016 3004 τὴν

363 3023 558 3077 ἑαυτοῦ
598 3003 778 3071 οὖσίαν
830 3011 1167 3088 παρατείνειν
1213 3009 1391 3068 αὐτὸς,
1443 3007 1633 3060 ἑαυτοῦ
1693 3005 1873 3077 ἀγνοεῖ
1919 3003 2017 3070 τὴν

361 3108 550 3166 οὐσίαν
593 3105 988 3180 περιαγόμενος
1041 3101 1144 3154 ὑπὸ
1201 3099 1461 3174 γενέσεως
1492 3094 1582 3149 καὶ
1620 3091 1922 3168 ἀγενεσίας,
1955 3090 2021 3144 Ei

360 3201 452 3256 xui
510 3197 571 3251 τὸ
630 3193 884 3270 γεννητὸν
941 3187 1236 3265 μετείληφε
1284 3185 1468 3246 οὐσίας
1529 3185 1843 3257 ἀγεννήτου,
1877 3180 1928 3234 έν
1963 3177 2020 3233 δὲ

362 3289 622 3363 γεννητοῦ
676 3283 829 3362 φύσει
888 3277 1265 3348 ἀτελευτήτως
1324 3272 1566 3346 διαμένει
1614 3270 1665 3324 ἐν
1698 3270 1733 3344 ᾖ
1771 3271 1864 3343 μὶν
1900 3267 2018 3322 δια-

367 3354 516 3430 τελεῖ
569 3354 743 3450 φύσει,
800 3371 1056 3444 γινώσκει
1116 3365 1326 3431 ἑαυτὸν,
1377 3363 1582 3438 ἀγνοῶν
1632 3354 1888 3430 δηλονὸτι
1918 3359 2018 3425 τήν

368 3449 653 3542 ἀγέννητον
718 3459 923 3516 ούσίαν.
975 3457 1048 3510 Ού
1093 3457 1195 3530 γὰρ
1241 3453 1354 3508 οἷόν
1386 3473 1443 3506 τε
1482 3451 1639 3505 αὐτὸν
1672 3450 1795 3520 περί
1828 3449 2020 3502 ἑαυτοῦ

363 3557 455 3611 καὶ
517 3554 806 3629 ἀγεννήτου
855 3547 1036 3609 ούσίας
1094 3549 1289 3620 γνῶσιν
1347 3539 1490 3617 ἔχειν
1526 3540 1613 3593 καὶ
1643 3544 1922 3614 γεννητῆς.
1960 3535 2020 3589 Ei

367 3645 426 3701 δὲ
457 3621 922 3719 εύκάταφρόνητόν
958 3637 1066 3691 ἐστι
1095 3636 1158 3689 τὸ
1218 3631 1508 3706 ἀγέννητον
1571 3626 1659 3682 διὰ
1706 3621 2017 3700 μεταϐολῆς

366 3714 806 3804 ἰπιτηδειότητα,
868 3725 1082 3796 ἀξίωμα
1140 3722 1348 3801 φύσεώς
1396 3718 1604 3790 ἐστινΙὴ
1638 3715 1791 3772 οὐσία
1821 3714 2019 3788 ἀμετά-

360 3802 592 3893 ϐλητος,
625 3823 723 3884 τῆς
783 3816 1074 3892 ἀγεννήτου
1136 3809 1322 3871 οὐσίας
1378 3808 1553 3877 πάσης
1599 3805 1792 3893 ,οὐσίας
1849 3802 2023 3893 πρείτ-

356 3891 519 3974 τονος
578 3891 1060 3982 ὁμολογουμένης.
1130 3901 1279 3973 Ὀρθ.
1346 3897 1404 3952 Ei
1450 3895 1538 3949 καὶ
1592 3892 1832 3966 διαμένει
1864 3891 2019 3965 ἀγέν-

358 4022 526 4072 νητος
587 3981 625 4054 ὀί
673 3997 827 4063 Θεὸς,
883 3991 1010 4047 ἀλλ’
1065 3991 1163 4045 οὐκ
1218 3984 1357 4042 ἔστιν
1417 3985 1583 4040 αὐτοῦ
1635 3988 1794 4037 τοῦτο
1838 3981 2018 4058 φύσις.

362 4069 522 4147 Ἀλλ’
554 4087 636 4142 ὅτι
673 4087 749 4160 μὴ
785 4085 1012 4159 ἐγένετο,
1043 4083 1204 4134 τοῦτο
1237 4074 1494 4150 ἔγνωμεν·
1529 4073 1612 4134 τίς
1668 4069 1724 4126 δέ
1779 4069 1919 4125 ἐστιν
2046 4107 2093 4170 D

367 4179 525 4258 φύσις
577 4177 763 4242 αὐτοῦ,
810 4169 1045 4226 οὐδέπω·
1107 4165 1333 4240 καὶγὰρ
1364 4162 1451 4217 καὶ
1484 4161 1772 4233 ἀσώματος
1825 4155 2016 4230 διαμέ-

359 4244 463 4337 νει,
519 4266 609 4322 καὶ
666 4263 766 4318 οὐκ
821 4258 960 4315 ἔστιν
1022 4255 1185 4311 αὐτοῦ
1240 4257 1401 4307 τοῦτο
1464 4253 1498 4320 ἠ
1549 4250 1727 4327 φύσις·
1761 4245 1887 4301 ἀλλ’
1932 4244 2014 4299 ὅτι

371 4333 458 4432 μὴ,
480 4355 595 4431 ἔχει
629 4358 789 4424 σῶμα
818 4346 1081 4426 ἔγνωμεν·
1109 4345 1198 4399 καὶ
1229 4339 1468 4416 ἀψευδὴς
1502 4337 1767 4411 διαμένει,
1797 4335 1887 4390 καὶ
1920 4333 2019 4389 ούκ

365 4421 704 4503 ἐστιν’ῡαύτοῦ
734 4445 891 4495 τοῦτο
924 4436 1098 4515 φύσις·
1134 4432 1260 4488 ἀλλ’
1299 4430 1382 4486 ὅτι
1417 4430 1492 4503 μὴ
1522 4425 1796 4502 ψεύδεται,
1848 4421 2017 4499 ἔγνω-

370 4555 489 4611 μεν·
522 4533 604 4595 τίς
636 4529 693 4586 δέ
723 4531 833 4585 ἐστι
1011 4523 1191 4602 φύσιν,
1244 4520 1344 4575 ούκ
1398 4517 1761 4591 ἀπεκάλυψεν·
1819 4513 1883 4568 Ei
1915 4513 2018 4589 γὰρ

364 4603 434 4680 τὰ
515 4620 886 4699 προειρημένα
973 4613 1081 4670 ἐστὶ
1159 4612 1337 4690 φύσις,
1426 4607 1684 4682 ἐψεύσατο
1759 4603 2016 4699 εἰρηκώς·

374 4739 404 4767 ι’
434 4687 642 4791 inpii-qv
676 4687 811 4785 πρὸς
867 4707 957 4761 τὸν
994 4697 1265 4775 Ἀϐραὰμ,
1324 4698 1414 4752 καὶ
1442 4697 1645 4763 Ἰσαὰκ,
1678 4693 1766 4749 καὶ
1802 4687 2020 4763 Ἰακὼϐ,

367 4777 525 4864 τοὺς.
555 4777 788 4875 πατέρας
845 4797 1019 4869 ὑμῶν,
1089 4792 1218 4852 Θεὸς
1278 4786 1350 4843 ὣν
1398 4786 1598 4850 αὐτῶν,
1638 4784 1726 4838 καὶ
1757 4782 1818 4836 τὸ
1849 4777 2025 4854 ὄνομά

375 4915 480 4967 μου
510 4892 609 4946 οὑκ
638 4867 910 4963 ἐγνώρισα
959 4883 1164 4942 αὐτοῖς·
1197 4902 1224 4931 ››
1257 4876 1535 4954 φαίνονται
1567 4874 1666 4948 γὰρ
1711 4867 1910 4932 εἶδότες
1960 4870 2027 4924 τὰ

370 4956 958 5058 προειρημένα.”Αλλ’
991 4967 1228 5045 ἀψευδής
1292 4966 1422 5033 ἐστι,
1481 4963 1569 5058 xai
1631 4962 1695 5058 ού
1752 4956 2023 5033 ψεύδεται·

371 5048 473 5124 ούκ
503 5048 605 5144 ἄρα
637 5061 949 5135 ἀπεκάλυψε
989 5061 1052 5114 τὸ
1103 5057 1276 5128 ὄνομα
1311 5061 1410 5123 τῆς
1441 5052 1604 5107 αὐτοῦ
1631 5048 1862 5126 φύσεως.
1900 5052 2026 5108 Πῶς

374 5158 467 5214 οὖν
499 5136 674 5233 λέγεις
732 5152 795 5207 τὸ
852 5150 1170 5224 ἀγέννητον,
1224 5144 1284 5201 Ei
1317 5141 1374 5198 δὲ
1399 5143 1462 5198 τὸ
1494 5137 1667 5213 ὄνομα
1699 5138 1796 5192 ούοι
1825 5136 2028 5190 ἀπεκά-

376 5248 534 5322 λνψε,
567 5241 766 5314 πολλῷ
795 5240 960 5295 πλέον
988 5239 1087 5307 τὴν
1120 5235 1297 5311 φύσιν.

2201 2738 2288 2790 27.
2313 2737 2500 2791 Anam.
2523 2735 2579 2790 Si
2607 2735 2758 2790 Deus
2783 2739 3086 2806 permanet
3109 2734 3165 2789 in
3192 2739 3400 2790 natura
3429 2751 3541 2790 non
3568 2734 3788 2806 genita,

2132 2826 2429 2882 auferatur
2460 2827 2530 2879 ab
2563 2841 2627 2878 eo
2660 2824 2813 2896 quod
2862 2840 2922 2878 se
2949 2827 3153 2877 noscat
3190 2823 3514 2878 secundum
3548 2839 3789 2893 genera-

2130 2915 2345 2970 tionem
2406 2913 2491 2969 vel
2544 2912 2939 2984 generationis
2983 2911 3401 2967 exclusionem.
3436 2912 3544 2966 Ubi
3591 2917 3787 2968 autem

2131 3020 2477 3058 concessum
2512 3001 2703 3062 fuerit,
2739 3017 2873 3056 eum
2924 3000 3015 3054 sui
3055 3001 3244 3071 ipsius
3276 3000 3669 3055 substantiam
3728 3001 3789 3057 in

2133 3109 2245 3146 non
2281 3092 2476 3163 genito
2508 3097 2564 3146 et
2589 3091 2647 3144 in
2681 3090 2876 3161 genito
2906 3089 3237 3154 extendere,
3271 3088 3395 3160 ipse
3419 3105 3588 3143 suam
3627 3089 3789 3160 igno-

2132 3187 2221 3236 rat
2259 3179 2673 3247 substantiam,
2709 3179 3102 3233 circumactus
3159 3194 3192 3230 a
3239 3178 3612 3248 generatione
3661 3183 3716 3231 et
3755 3195 3790 3233 a

2131 3269 2524 3342 generationis
2568 3266 2921 3324 exclusione.
2974 3266 3132 3330 Quod
3181 3264 3229 3320 si
3275 3265 3452 3319 etiam
3504 3265 3587 3330 id,
3633 3267 3785 3336 quod

2131 3359 2392 3429 genitum
2416 3361 2644 3424 est,non
2661 3353 3227 3426 genitaasubstantiaa
3255 3354 3544 3424 particeps
3566 3353 3785 3409 factum

2129 3448 2303 3510 est,in
2339 3451 2549 3501 natura
2587 3450 2785 3500 autem
2819 3444 2997 3515 geniti
3033 3429 3432 3497 indesinenter
3463 3448 3784 3514 permanet,

2130 3539 2189 3591 in
2224 3553 2338 3607 qua
2371 3533 2754 3589 constitutum
2805 3537 2912 3590 est.
2957 3530 3325 3598 naturaliter,
3361 3532 3620 3601 seipsum
3653 3549 3786 3588 esse

2131 3625 2449 3697 cognoscit,
2473 3623 2751 3694 ignorans
2779 3621 3046 3675 videlicet
3074 3638 3188 3674 non
3219 3621 3470 3691 genitam
3505 3621 3749 3678 substan
3771 3652 3786 3664 -

2130 3715 2290 3769 tiam.
2342 3712 2540 3782 Neque
2581 3711 2737 3765 enim
2791 3709 2910 3763 ﬁeri
2959 3713 3149 3779 potest
3199 3713 3262 3763 ut
3305 3710 3456 3764 idem
3510 3710 3622 3765 sibi
3668 3728 3783 3766 non

2131 3802 2336 3876 genitae
2367 3800 2543 3856 simul
2579 3805 2633 3854 et
2663 3797 2871 3871 genitae
2903 3798 3247 3852 substantiae
3275 3798 3572 3853 conscium
3609 3798 3702 3854 sit.
3723 3799 3781 3854 Si

2131 3889 2506 3962 despicabilis
2538 3893 2626 3944 est
2659 3903 2750 3943 res
2784 3903 2895 3942 non
2931 3886 3126 3958 genita
3157 3891 3394 3958 propter
3442 3887 3784 3959 propensio-

2130 3997 2261 4035 nem
2315 3979 2383 4032 ad
2435 3976 2816 4032 mutationem
2881 3991 2892 4030 :
2947 3980 3168 4029 naturae
3232 3975 3488 4047 dignitas
3531 3977 3638 4030 erit
3687 3975 3788 4033 illa

2131 4067 2464 4123 substantia
2495 4064 2910 4129 immutabilis,
2950 4080 3082 4118 cum
3134 4063 3192 4117 in
3240 4067 3506 4120 confesso
3539 4065 3635 4135 sit,
3669 4081 3782 4120 non

2127 4157 2382 4228 genitam
2417 4152 2805 4209 substantiam
2848 4153 3007 4206 omni
3054 4151 3389 4207 substantia
3418 4156 3784 4224 praestantio-

2127 4262 2245 4299 rem
2281 4259 2430 4298 esse.
2466 4243 2618 4298 Orth.
2654 4242 2722 4295 Et
2753 4241 2800 4295 si
2835 4241 2989 4296 Deus
3039 4255 3341 4310 permanet
3371 4257 3486 4295 non
3527 4242 3786 4312 genitus,

2127 4334 2278 4390 439
2301 4334 2398 4388 sed
2426 4332 2534 4386 hoc
2557 4347 2670 4385 non
2702 4334 2792 4383 est
2822 4330 2949 4400 ejus
2983 4333 3212 4385 natura.
3236 4329 3516 4385 Novimus
3549 4330 3782 4398 quidem

2127 4441 2240 4479 non
2276 4437 2404 4477 esse
2433 4420 2692 4492 genitum
2730 4435 2742 4472 :
2778 4423 2837 4472 at
2864 4435 2990 4488 quas
3023 4417 3099 4472 sit
3128 4419 3255 4487 ejus
3287 4419 3787 4484 natura,nondum

2130 4512 2399 4568 novimus
2444 4527 2455 4565 :
2505 4525 2639 4564 nam
2673 4507 2856 4562 etiam‘
2901 4509 3277 4578 incorporeus
3326 4513 3649 4578 permanet,
3680 4523 3788 4563 nec

2129 4608 2324 4656 tamen
2359 4600 2480 4654 haec
2509 4599 2637 4668 ejus
2674 4602 2881 4651 natura
2911 4599 3000 4651 est
3035 4613 3046 4650 :
3077 4595 3175 4650 sed
3220 4595 3272 4649 id
3310 4595 3598 4663 novimus,
3633 4596 3786 4666 quod

2131 4707 2344 4762 corpus
2380 4705 2492 4744 non
2521 4687 2773 4753 habeat;
2806 4686 2889 4740 sic
2921 4691 2979 4740 et
3009 4684 3295 4739 mendacii
3325 4701 3528 4756 expers
3560 4700 3788 4757 perma-

2135 4785 2253 4847 net,
2289 4795 2392 4833 ncc
2422 4776 2531 4831 hoc
2562 4776 2758 4847 ipsum
2808 4779 2896 4828 est
2929 4776 3058 4844 ejus
3093 4779 3306 4828 natura
3339 4791 3351 4828 :
3398 4774 3669 4829 novimus
3699 4779 3790 4828 ta-

2137 4885 2266 4924 men
2302 4867 2455 4938 quod
2490 4881 2604 4919 non
2637 4863 2957 4918 mentiatur
3005 4881 3017 4917 :
3071 4862 3206 4932 quis
3253 4862 3409 4917 enim
3459 4863 3537 4918 sit
3583 4879 3791 4918 secun-

2137 4959 2278 5013 dum
2307 4961 2606 5020 naturam,
2639 4969 2754 5006 non
2786 4951 3082 5007 revelavit.
3109 4951 3166 5006 Si
3190 4951 3343 5005 enim
3372 4952 3545 5023 ea,de
3575 4953 3792 5022 quibus

2138 5047 2311 5101 modo
2342 5045 2564 5100 dictum
2599 5047 2709 5106 est,
2743 5049 2882 5096 sunt
2912 5042 3036 5112 ipsa
3071 5045 3299 5103 natura,
3341 5057 3479 5096 sane
3510 5041 3793 5097 mentitus

2139 5141 2228 5192 est
2257 5151 2392 5190 cum
2444 5133 2590 5186 dixit
2625 5147 2636 5184 :
2681 5150 2702 5178 π
2754 5131 3013 5202 Apparui
3059 5117 3373 5198 Abraham,
3404 5129 3566 5184 Isaac
3609 5136 3665 5185 et
3694 5131 3794 5186 Ja-

2143 5224 2248 5280 cob
2281 5221 2548 5295 patribus
2579 5219 2816 5289 vestris,
2848 5224 3128 5289 tanquam
3163 5221 3312 5272 Deus
3344 5233 3568 5284 eorum,
3602 5223 3660 5274 et
3691 5236 3794 5273 no-

373 5307 750 5396 men'meum'
775 5349 889 5387 non
925 5307 1170 5385 revelavi
1200 5327 1284 5381 eis
1319 5342 1330 5378 :
1369 5349 1391 5377 ι
1429 5322 1701 5377 videntur
1731 5317 1889 5373 enim
1923 5315 1961 5370 ii
1994 5315 2237 5372 scivisse
2281 5329 2348 5366 ea
2395 5327 2522 5382 qua:
2568 5315 2703 5364 ante
2750 5309 2906 5362 dicta
2945 5311 3102 5362 sunt.
3135 5307 3239 5361 Sed
3277 5308 3562 5362 mendacii
3594 5325 3800 5380 expers

377 5435 488 5498 est,
521 5442 629 5482 nec
661 5421 896 5479 mentiri
931 5422 1123 5492 potest
1155 5433 1168 5470 :
1203 5431 1317 5470 non
1340 5411 1524 5485 igitur
1553 5425 1673 5465 suis
1703 5407 1894 5480 ipsius
1926 5411 2148 5461 naturae
2180 5417 2393 5457 nomen
2424 5397 2719 5454 revelavit.
2749 5396 3050 5498 Quomodo
3093 5411 3231 5468 ergo
3264 5404 3324 5451 tu
3371 5395 3521 5453 dicis
3551 5413 3666 5452 non
3698 5413 3799 5472 ge-

381 5482 622 5573 nitam?
651 5513 712 5570 Si
742 5482 949 5568 autem.
969 5520 1184 5564 nomen
1213 5482 1391 5559 suum
1423 5517 1537 5557 non
1569 5496 1858 5567 revelavit,
1893 5491 2081 5550 multo
2113 5490 2306 5564 magis
2336 5494 2608 5544 naturam
2642 5502 2756 5541 non
2790 5482 3080 5540 revelavit.

453 5803 497 5840 ‘7
529 5797 709 5858 Exod.
740 5812 820 5868 γι,
849 5796 906 5868 2,
935 5795 992 5854 3;
