4116 6364
324 408 481 469 H99

1483 395 1548 458 S.
1596 388 2124 457 ATHANASIUS.
2151 425 2229 438 —
2260 389 2573 456 SPUBIA.

3589 390 3750 453 i200

393 542 482 595 28.
517 540 706 595 Anam.
740 534 798 591 Si
832 551 946 591 non
973 533 1238 606 genitum
1268 531 1343 586 ab
1373 529 1533 585 omni
1576 545 1754 584 causa
1786 542 1975 583 exom-

2160 525 2249 579 28.
2285 523 2473 596 Ἀνόμ.
2510 523 2572 581 Εἰ
2602 525 2665 579 τὸ
2713 522 2999 601 ἂγέννητον
3022 521 3202 595 πάσης
3236 522 3412 587 αἰτίας
3460 522 3744 598 ἐξῄρηται,

325 637 493 704 ptum
521 625 853 698 est,fuerint
883 628 1078 680 autem
1112 620 1298 676 multa
1326 635 1443 674 non
1477 617 1977 691 genita,naturam

325 736 468 777 sane
499 716 800 774 habebunt
828 714 885 767 in
922 711 1084 767 nullo
1116 709 1467 765 dissimilem
1498 725 1510 776 ;
1545 724 1660 762 non
1693 706 1851 761 enim
1883 719 1979 759 na-

323 814 468 866 turae
499 806 809 879 cujusdam
842 799 1176 857 communis
1214 802 1272 853 et
1319 796 1568 870 propria
1613 791 1979 868 participatio

328 898 481 955 facta
505 900 615 964 est,
649 895 731 949 ita
779 897 844 947 ut
900 890 1085 946 altera
1117 887 1353 958 quidem
1398 885 1572 941 faciat
1620 884 1800 939 altera
1845 897 1980 937 vero

325 988 448 1043 ﬁat.
506 983 673 1042 Orth.
724 978 1081 1037 Universalis
1138 976 1237 1031 illa
1285 974 1608 1047 propositio
1655 971 1982 1029 secundum

329 1076 471 1150 quid
504 1074 652 1131 falsa
687 1079 816 1139 est;
869 1085 983 1124 non
1034 1066 1191 1122 enim
1240 1080 1415 1120 omne
1466 1079 1580 1118 non
1628 1061 1914 1134 genitum,
1948 1075 1981 1115 ο

327 1165 475 1233 Aeti,
510 1164 583 1220 ab
613 1161 774 1218 omni
806 1174 985 1215 causa
1030 1158 1362 1227 exemptum
1399 1156 1507 1208 est.
1564 1151 1687 1206 Non
1718 1149 1979 1223 genitum

331 1254 489 1313 enim
520 1257 632 1319 est,
678 1249 835 1322 quod
884 1251 1180 1303 auctorem
1230 1258 1349 1298 non
1383 1242 1557 1297 habet
1589 1258 1603 1308 ;
1665 1256 1782 1295 non
1813 1253 1986 1294 omne

332 1347 529 1402 autem
561 1341 718 1413 quod
749 1341 985 1394 auctore
1030 1342 1183 1390 caret
1230 1334 1302 1387 ab
1333 1330 1493 1387 omni
1525 1328 1802 1386 eximitur
1845 1344 1987 1383 cau-

333 1451 401 1489 sa
432 1449 446 1489 :
480 1434 669 1503 potest
698 1441 952 1499 namque
982 1422 1206 1494 aliquid
1253 1424 1551 1478 auctorem
1599 1418 1837 1491 quidem
1870 1433 1987 1474 non

335 1522 569 1585 habere,
595 1534 833 1574 causam
865 1517 1060 1571 autem
1088 1512 1575 1582 habere,’patrem
1606 1507 1873 1563 videlicet
1898 1504 1987 1562 vel

336 1609 933 1668 subministratorem.
979 1601 1200 1659 Idcirco
1231 1599 1461 1655 etiamsi
1495 1598 1852 1654 concedatur
1880 1595 1989 1650 tibi

336 1715 450 1755 non
473 1695 738 1770 genitum
767 1708 896 1749 esse
928 1692 1134 1756 Deum,
1170 1690 1325 1761 quod
1358 1692 1522 1743 ortus
1550 1686 1643 1741 sui
1690 1690 1988 1741 auctorem

338 1804 453 1843 non
485 1785 698 1841 habeat
722 1799 734 1838 :
760 1783 961 1839 eadem
992 1786 1189 1835 tamen
1221 1778 1467 1845 ratione,
1500 1782 1558 1832 et
1588 1791 1693 1831 nos
1723 1774 1989 1830 dicemus

2088 610 2171 683 εἰή
2206 609 2265 667 δὲ
2294 610 2481 669 πολλὰ
2510 610 3229 690 ἁγέννητα,ἀπαράλλακτον
3263 611 3482 691 ἔχουσιν
3512 612 3613 683 τὴν
3645 633 3745 691 φυ-

2089 720 2192 756 σιν’
2224 701 2285 756 οὐ
2315 703 2414 777 γὰρ
2446 702 2506 757 ἂν
2561 700 2645 774 εἴη
2692 701 3085 779 ἀποκληρώσει
3137 702 3350 782 φύσεώς
3378 722 3527 765 τινος
3558 705 3746 757 κοινοῦ

2087 789 2178 845 καὶ
2213 787 2353 845 ἰδίου
2387 790 2729 867 μετειλήφει,
2760 793 2796 862 ἡ
2833 792 2929 866 μὶν
2960 790 3152 861 ἐποίει,
3182 794 3219 863 ἢ
3245 789 3302 848 δὲ
3323 791 3741 869 ἐγίγνετο.³ορθ.

2088 879 2271 935 Ἔστιν
2303 882 2337 949 ἡ
2364 879 2635 949 καθολικὴ
2665 880 2923 955 πρότασις
3095 879 3183 936 ἐπί
3210 902 3264 936 τι
3293 877 3518 955 ψευδής·
3553 878 3614 935 ού
3643 879 3743 955 γὰρ

2089 973 2193 1023 πᾶν
2249 967 2571 1043 ἀγέννητον,
2630 970 2676 1023 ὦ
2737 970 2932 1039 Ἀέτιε,
2994 968 3171 1041 πάσης
3229 968 3404 1032 αἰτίας
3461 968 3743 1044 ἐξῄρηται.

2092 1056 2419 1131 Ἀγέννητον
2462 1060 2565 1135 γάρ
2634 1058 2745 1114 ἐστι
2797 1059 2860 1115 τὸ
2920 1058 3292 1136 γενεσιουργὸν
3349 1060 3425 1132 μή
3477 1054 3631 1134 ἔχον,
3682 1057 3745 1113 οὐ

2092 1147 2306 1209 πάντως
2366 1144 2425 1203 δὲ
2466 1148 2529 1203 τὸ
2576 1149 2947 1226 γενεσιουργὸν
3002 1150 3080 1222 μὴ
3130 1144 3260 1225 ἕχον
3304 1148 3519 1219 ἀπάσης
3567 1146 3745 1210 αἰτίας

2093 1234 2375 1312 ἐξῂρηταιο
2436 1234 2653 1293 δυνατὸν
2705 1239 2807 1315 γάρ
2856 1258 2909 1292 τι
2956 1238 3332 1316 γενεσιουργὸν
3364 1238 3441 1312 μὴ
3469 1233 3640 1313 ἔχειν,
3672 1235 3751 1292 αἴ-

2093 1345 2209 1380 τιον
2254 1322 2313 1380 δὲ
2362 1321 2533 1402 ἔχειν,
2574 1327 2610 1396 ἢ
2660 1327 2864 1403 πατέρα
2904 1328 2939 1397 ἢ
2972 1328 3241 1404 χορηγόν.
3274 1330 3455 1400 Ὥστε,
3485 1325 3583 1382 κᾶν
3615 1324 3754 1399 δοθῇ

2097 1434 2181 1469 σοι
2212 1413 2497 1491 ἀγέννητον
2531 1418 2667 1471 εἷναι
2697 1417 2788 1471 τὸν
2819 1416 2969 1490 Θεὸν,
3019 1414 3109 1472 διὰ
3133 1417 3199 1472 τὸ
3244 1416 3620 1495 γενεσιουργὸν
3670 1415 3748 1488 μὴ

2097 1501 2263 1579 ἔχειν,
2294 1504 2475 1577 τούτῳ
2503 1509 2583 1577 τῷ
2615 1506 2770 1580 λόγῳ
2811 1504 2900 1560 καὶ
2949 1508 3115 1578 ἡμεῖς
3168 1505 3401 1581 λέγομεν
3454 1505 3749 1582 ἀγέννητον

2096 1593 2186 1648 τὸν
2233 1594 2381 1661 Υἰὸν,
2431 1591 2521 1648 διὰ
2566 1594 2628 1649 τὸ
2673 1596 3048 1671 γενεσιουργὸνη
3099 1596 3176 1668 μὴ
3248 1592 3416 1671 ἔχειν,
3476 1591 3602 1650 ἀλλ’
3651 1593 3754 1650 οὐκ

2098 1681 2359 1737 ἀναίτιον
2409 1682 2502 1736 τὸν
2550 1684 2652 1758 γὰρ
2696 1682 2905 1758 Πατέρα
2935 1682 3043 1760 οὐχ
3071 1683 3145 1745 ὡς
3174 1683 3570 1759 γενεσιουργὸν,
3621 1680 3752 1738 ἀλλ’

2099 1771 2174 1833 ὡς
2204 1772 2415 1844 Πατέρα
2470 1769 2610 1847 ἔχει.
2661 1771 2761 1827 Καὶ
2809 1773 2871 1827 τὸ
2921 1776 3139 1847 Πνεῦμα
3175 1769 3234 1827 δὲ
3264 1770 3497 1847 λέγομεν
3531 1773 3754 1850 ἀγέννη-

337 1875 549 1931 Filium
588 1888 718 1929 esse
769 1887 883 1926 non
932 1870 1175 1932 factum,
1208 1867 1345 1938 quia
1377 1864 1654 1919 nimirum
1687 1867 1851 1918 ortus
1883 1879 1985 1917 au-

2099 1881 2214 1928 τον,
2268 1860 2329 1915 οὗ
2372 1860 2474 1937 γὰρ
2525 1860 2641 1937 ἔχει
2701 1861 3105 1937 γενεσιουργὸν,
3160 1860 3289 1917 ἀλλ’
3332 1861 3431 1917 οὐκ
3484 1861 3748 1917 ἀναίτιον

2106 1944 2130 1964 Ἰ
2294 1949 2308 1964 \
2420 1948 2444 1964 II
2624 1950 2638 1964 ι
2717 1958 2743 1964 ρ
2785 1951 2799 1964 ι
2936 1950 2949 1964 ι
3064 1951 3076 1964 ι
3493 1951 3505 1964 \
3635 1949 3748 1964 1“-

341 1968 560 2021 ctorem
590 1977 708 2016 non
738 1958 931 2013 habet.
976 1956 1102 2012 Non
1149 1959 1346 2010 tamen
1392 1956 1700 2025 propterea
1737 1951 1991 2006 dicimus

344 2067 541 2109 carere
570 2065 782 2105 causa:
809 2047 1038 2102 Patrem
1057 2044 1214 2100 enim
1237 2042 1413 2098 habet
1435 2058 1549 2097 non
1582 2044 1647 2095 ut
1672 2044 1991 2106 auctorem,

345 2141 448 2198 sed
480 2145 546 2196 ut
576 2140 825 2195 Patrem.
862 2134 1006 2193 Nam
1045 2136 1103 2188 et
1147 2131 1431 2202 Spiritum
1462 2129 1715 2185 dicimus
1746 2145 1860 2185 non
1892 2144 1995 2201 ge-

345 2231 557 2297 nitum,
590 2243 725 2283 cum
756 2241 869 2280 non
904 2223 1118 2278 habeat
1154 2220 1482 2276 effectorem
1517 2236 1529 2273 :
1563 2219 1664 2273 sed
1699 2235 1813 2273 non
1846 2216 1991 2273 dici-

346 2335 478 2374 mus
509 2332 706 2373 carere
735 2330 915 2369 causa
946 2329 961 2367 :
995 2310 1171 2366 habet
1200 2309 1354 2364 enim
1408 2324 1514 2380 pro
1562 2324 1742 2363 causa
1783 2306 1988 2375 Deum,

343 2424 456 2463 non
490 2412 556 2462 ut
586 2404 938 2472 effectorem,
971 2399 1072 2455 sed
1107 2402 1170 2453 ut
1200 2397 1291 2453 sui
1325 2397 1565 2451 fontem.
1598 2395 1988 2460 Quemadmo-

340 2498 482 2552 dum
514 2494 669 2551 enim
694 2492 824 2548 fons
844 2506 998 2557 eam,
1026 2503 1203 2560 quam
1236 2485 1472 2552 emittit,
1498 2501 1709 2556 aquam
1743 2490 1905 2540 extra
1928 2500 1992 2539 se

338 2602 454 2641 non
484 2584 684 2652 efficit,
717 2581 819 2636 sed
853 2596 922 2635 ex
947 2594 1075 2634 sese
1108 2576 1351 2631 scaturit
1384 2591 1396 2629 :
1449 2575 1535 2629 sic
1584 2574 1760 2630 etiam
1814 2575 1987 2644 Deus,

336 2678 403 2729 ut
444 2678 578 2728 ante
627 2671 852 2727 dictum
903 2667 1034 2733 fuit,
1085 2667 1215 2720 fons
1258 2669 1348 2719 est
1391 2662 1647 2735 Spiritus
1696 2662 1885 2718 sancti
1935 2668 1992 2719 et

333 2767 538 2819 auctor
577 2760 864 2831 ejusdem,
913 2773 1029 2812 non
1077 2753 1441 2810 extrinsecus
1492 2768 1627 2808 eum
1678 2753 1987 2824 recipiens,

332 2853 431 2909 sed
466 2868 534 2907 ex
582 2848 776 2921 seipso
834 2844 1182 2902 scaturiens.
1244 2841 1541 2913 Scriptum
1601 2846 1692 2897 est
1748 2841 1906 2897 enim
1970 2858 1984 2896 :

337 2966 357 2992 ι
393 2942 518 2997 1)υο
548 2939 705 2995 mala
744 2936 879 2993 fecit
919 2933 1174 3007 populus
1218 2947 1407 2996 meus,
1454 2946 1549 2985 me
1600 2929 1985 3002 reliquerunt,

332 3031 551 3086 fontem
585 3043 749 3098 aquae
775 3026 935 3092 viva,
957 3028 1016 3079 et
1036 3022 1364 3078 effoderunt
1392 3019 1505 3074 sibi
1537 3019 1822 3075 cisternas
1845 3037 1984 3075 con-

332 3120 524 3189 tritas,
568 3133 696 3189 quae
728 3131 913 3186 aquas
961 3111 1257 3167 continere
1289 3125 1402 3163 non
1451 3114 1728 3181 poterunt
1756 3110 1818 3163 ‘3.
1854 3131 1883 3160 »
1920 3110 1988 3165 Et

331 3206 638 3281 Apostolus
667 3203 851 3259 dicit:
888 3225 915 3252 «
958 3199 1065 3264 Qui
1111 3198 1320 3254 tribuit
1369 3197 1537 3252 nobis
1584 3197 1891 3268 Spiritum,
1925 3204 1983 3254 et

332 3301 609 3369 operatur
637 3293 696 3348 in
729 3290 899 3347 nobis
938 3290 1184 3344 virtutes
1215 3287 1278 3342 ‘9.
1316 3309 1343 3336 »
1392 3286 1553 3352 Quod
1598 3290 1796 3342 autem
1826 3304 1982 3359 aqua

328 3385 432 3441 illa
469 3383 597 3440 viva
644 3380 723 3438 sit
760 3379 1045 3452 Spiritus,
1070 3376 1340 3433 Christus
1389 3375 1606 3445 docuit,
1656 3375 1932 3446 inquiens
1964 3394 1978 3434 :

329 3498 357 3526 ‹‹
393 3474 502 3538 Qui
530 3470 680 3527 bibit
709 3486 780 3526 ex
808 3484 981 3540 aqua,
1014 3482 1191 3539 quam
1223 3480 1329 3537 ego
1360 3464 1511 3519 dabo
1560 3463 1696 3535 ipsi,
1731 3470 1796 3519 ut
1837 3466 1983 3522 dixit

325 3562 653 3634 Scriptura,
710 3556 958 3613 ﬂumina
1038 3571 1069 3611 θ
1131 3558 1330 3609 ventre
1386 3553 1517 3622 ejus
1577 3553 1757 3608 ﬂuent
1815 3570 1981 3627 aqum

325 3653 469 3707 vivae
498 3651 560 3703 ⁵ο.
599 3671 626 3697 ››
656 3649 727 3703 Et
757 3645 922 3702 addit
952 3642 1327 3715 evangelista,
1360 3642 1563 3696 dicens
1598 3658 1611 3697 :
1646 3663 1674 3691 ‹‹
1707 3641 1826 3698 Ηοο
1877 3661 1978 3699 au.

2104 1944 2220 2025 ἔχει
2249 1949 2351 2026 γὰρ
2381 1948 2553 2005 αἷίτιον
2584 1950 2676 2006 τὸν
2711 1951 2860 2023 Θεὸν,
2895 1950 3002 2028 οὐχ
3048 1951 3122 2014 ὡς
3172 1951 3569 2029 γενεσιουργὸν,
3624 1949 3756 2007 ἀλλ’

2103 2040 2178 2101 ὡς
2208 2041 2389 2115 πηγὴν
2419 2040 2631 2098 ἑαυτοῦ.
2667 2042 2912 2110 Καθάπερ
2944 2041 3047 2116 γὰρ
3076 2043 3112 2111 ἠ
3144 2042 3295 2117 πηγὴ
3336 2039 3400 2096 οὗ
3442 2061 3757 2118 γενεσιουρ-

2102 2134 2188 2205 γεῖ
2216 2122 2404 2199 ἔξωθεν
2434 2128 2464 2183 ὅ
2493 2134 2735 2205 χορηγεῖ
2764 2127 2932 2206 ὕδωρ,
2968 2128 3093 2185 ἀλλ’
3124 2129 3175 2201 ἐξ
3207 2129 3400 2201 ἑαυτῆς
3431 2131 3759 2205 πηγάζουσα

2103 2215 2239 2292 ἔχει’
2291 2216 2463 2280 οὕτως
2513 2216 2604 2273 καὶ
2654 2220 2681 2273 ὁ
2730 2219 2859 2280 Θεὸς
2908 2219 3065 2294 πηγὴ
3113 2222 3211 2274 τοῦ
3243 2219 3557 2292 Πνεύματός
3585 2219 3754 2291 ἐστιν,

2101 2306 2176 2368 ὡς
2238 2303 2472 2379 εἷ’ρηται,
2536 2307 2625 2362 καὶ
2688 2307 2932 2384 χορηγὸς
2991 2307 3178 2378 αὐτοῦ,
3221 2309 3321 2363 οὐκ
3368 2304 3562 2382 ἔξωθεν
3620 2309 3756 2365 αὐτὸ

2100 2390 2565 2470 προσλαμϐάνων,
2598 2395 2726 2453 ἀλλ’
2767 2397 2819 2468 ἐξ
2869 2398 3062 2453 δαυτοῦ
3111 2402 3392 2474 πηγάζων.
3448 2399 3756 2475 Γέγραπται

2099 2485 2220 2560 γάρ·
2255 2508 2283 2536 ‹‹
2317 2484 2421 2540 Δύο
2452 2485 2667 2557 πονηρᾶ
2696 2485 2947 2557 ἐποίησεν
2984 2488 3012 2541 ὁ
3059 2485 3194 2549 λαός
3244 2506 3369 2560 μου*
3418 2485 3516 2562 ἐμὲ
3563 2487 3752 2565 ἐγκατ-

2100 2570 2309 2643 έλιπον,
2356 2575 2544 2643 πηγὴν
2598 2571 2792 2638 ὓδατος
2863 2579 3088 2645 ζῶντος,
3135 2576 3226 2631 καὶ
3276 2574 3482 2650 ὣρυξαν
3538 2578 3758 2640 ἑαυτοῖς

2101 2659 2336 2724 λάκκους
2395 2663 2914 2738 συντετριμμένους,
2973 2662 3026 2720 ο⁹ί
3081 2662 3143 2720 ού
3203 2661 3528 2737 δυνήσονται
3602 2663 3753 2744 ὕδωρ

2100 2751 2365 2827 συνέχειν.
2400 2775 2427 2803 ››
2464 2751 2566 2808 Καὶ
2595 2753 2624 2806 ὁ
2655 2750 2995 2815 Ἀπὸστολος
3027 2751 3198 2830 λέγει’
3235 2777 3264 2806 ‹‹
3307 2755 3363 2808 Ὁ
3394 2754 3751 2832 ἐπιχορηγῶν

2096 2842 2233 2912 ἡμῖν
2282 2841 2345 2895 τὸ
2396 2844 2639 2915 Πνεῦμα,
2689 2841 2779 2898 καὶ
2829 2841 3060 2918 ἐνεργῶν
3109 2841 3160 2898 ἐν
3210 2845 3347 2917 ἡμῖν
3389 2840 3667 2918 δυνάμεις.
3724 2868 3753 2897 ››

2095 2931 2219 2986 ’Ότι
2269 2927 2327 2984 δὶ
2372 2930 2435 2984 τὸ
2478 2927 2625 3007 ὕδωρ
2672 2932 2735 2986 τὸ
2791 2935 2894 3001 ζῶν
2948 2930 3059 2987 ἐστι
3100 2933 3162 2987 τὸ
3197 2936 3433 3006 Πνεῦμα,
3462 2934 3491 2988 ὁ
3520 2933 3753 3009 Χριστὸς

2096 3015 2324 3091 ἐδίδαξε,
2348 3016 2550 3095 λέγων.
2583 3044 2603 3071 ιι
2630 3021 2692 3078 Ὁ
2714 3020 2884 3075 πίνων
2905 3021 2964 3076 ἐκ
2992 3026 3090 3076 τοῦ
3120 3019 3334 3095 ὕδατος,
3366 3023 3429 3077 οὗ
3463 3021 3570 3099 ἐγὼ
3593 3020 3756 3079 δώσω

2094 3108 2261 3179 αὐτῷ,
2294 3108 2474 3172 καθὼς
2525 3109 2668 3164 εἶπεν
2727 3112 2762 3180 ἡ
2805 3111 3014 3188 Γραφή,
3048 3111 3289 3184 ποταμοὶ
3322 3110 3383 3167 ἐκ
3410 3118 3511 3181 τῆς
3538 3111 3757 3175 κοιλίας

2094 3195 2258 3252 αὑτοῦ
2291 3196 2569 3273 ῥεύσουσιν
2598 3196 2792 3260 ὕδατος
2834 3203 3058 3268 ζῶντος.
3096 3222 3125 3251 ›)
3157 3199 3260 3256 Καὶ
3292 3199 3475 3276 ἐπάγει
3517 3202 3545 3256 ὁ
3596 3201 3754 3279 εὐαγ-

2091 3285 2350 3362 γελιστὴς
2399 3285 2593 3362 λέγων·
2648 3312 2675 3339 ‹‹
2722 3292 2892 3343 Τοῦτο
2941 3284 3000 3343 δὲ
3043 3285 3201 3363 ἔλεγε
3229 3289 3479 3366 περὶτοῦ
3507 3289 3754 3363 Πνεύμα-

2090 3396 2204 3444 τος,
2238 3374 2299 3430 οὗ
2328 3372 2579 3448 ἤμελλον
2614 3371 2910 3449 λαμϐάνειν
2942 3379 2995 3433 οἱ
3025 3376 3367 3442 πιστεύοντες
3397 3377 3474 3440 εἰς
3504 3377 3686 3437 αὐτόν.
3719 3404 3748 3431 ››

2091 3465 2262 3523 Πόθεν
2296 3464 2387 3519 οὗν
2437 3469 2599 3520 τοῦτο
2648 3466 2710 3519 τὸ
2742 3462 2926 3542 ὕδωρς
2962 3464 3132 3538 δῆλον
3167 3467 3271 3522 ἀπὸ
3298 3470 3398 3537 τῆς
3427 3475 3614 3545 πηγῆς
3644 3474 3745 3538 τῆς

2091 3552 2383 3628 λεγούσης’
2431 3577 2461 3605 ‹‹
2508 3553 2641 3627 Ἐμέ
2696 3553 3068 3629 ἐγκατέλιπον,
3119 3556 3303 3633 πηγήν
3346 3552 3544 3619 ὕδατος
3608 3562 3745 3627 ζῶν-

2091 3662 2209 3704 τος,
2249 3665 2276 3693 ›)

326 3746 445 3797 tem
480 3738 624 3794 dixit
653 3738 723 3792 de
751 3733 991 3807 Spiritu,
1023 3748 1200 3804 quem
1232 3729 1525 3801 accepturi
1555 3735 1723 3785 erant
1752 3733 2056 3791 credentes
2086 3735 2147 3789 in
2177 3748 2312 3787 eum
2341 3733 2414 3789 ⁸⁷1.
2454 3754 2481 3782 ››
2514 3731 2678 3789 Unde
2707 3749 2845 3807 ergo
2876 3735 2996 3792 hac
3027 3751 3182 3809 aqua
3238 3736 3318 3792 sit
3364 3736 3746 3796 manifestum

330 3834 438 3894 est,
472 3845 540 3883 ex
572 3828 727 3882 fonte
757 3823 1038 3879 nimirum
1071 3819 1170 3875 illo
1202 3819 1301 3890 qui
1334 3819 1482 3874 dixit
1513 3834 1525 3872 :
1566 3841 1587 3868 α
1625 3819 1710 3875 Me
1742 3821 2109 3894 reliquerunt
2138 3822 2358 3879 fontem
2392 3837 2560 3894 aquae
2586 3822 2744 3879 vivae.
2782 3846 2810 3875 »

397 3918 488 3971 29.
523 3918 713 3971 Anam.
746 3912 804 3967 Si
845 3910 1037 3967 omnis
1085 3909 1419 3965 substantia
1469 3924 1585 3963 non
1629 3909 1829 3979 genita
1875 3916 1987 3981 est,

334 4006 497 4061 nulla
527 4004 924 4075 distinguetur
955 4001 1025 4054 ab
1062 3998 1198 4065 alia,
1233 3997 1372 4069 quia
1402 3996 1569 4052 nulla
1598 3996 1749 4053 alius
1799 4000 1985 4055 domi-

333 4096 498 4150 nium
530 4094 708 4148 habet
740 4107 753 4145 :
779 4094 836 4146 et
861 4091 942 4145 ita
964 4086 1397 4160 quedammodo
1417 4086 1548 4157 quis
1575 4093 1729 4144 recte
1752 4088 1983 4158 dixerit,

330 4183 483 4239 hanc
513 4180 751 4252 quidem
784 4176 1190 4241 transmutari,
1224 4174 1468 4229 alteram
1517 4190 1651 4230 vero
1678 4184 1985 4232 transmu-

336 4271 505 4328 tare?
547 4285 681 4325 cum
713 4284 792 4324 eae
822 4283 937 4323 non
970 4264 1312 4336 permittant
1356 4262 1540 4319 Deum
1570 4265 1892 4321 subsistere
1918 4282 1988 4321 ex

326 4377 442 4416 non
495 4359 761 4429 subjecta
808 4352 1163 4412 substantia.
1221 4350 1374 4407 Orth.
1425 4352 1668 4416 Quando
1717 4354 1817 4409 tibi
1863 4355 1986 4410 haec

322 4449 466 4506 libet
491 4454 613 4504 tam
655 4447 923 4512 obscure,
977 4443 1231 4509 indocte,
1288 4446 1344 4496 et
1392 4440 1663 4514 perplexe
1707 4443 1983 4511 scribere,

2166 3913 2256 3967 29.
2309 3908 2505 3983 Ἀνόμ.
2565 3910 2628 3965 Εἰ
2658 3917 2801 3967 πᾶσα
2859 3912 3013 3967 οὐσία
3067 3912 3208 3968 ἐστὶν
3265 3913 3576 3988 ἀγέννητος,
3634 3912 3754 3971 οὐδ’

2096 3997 2328 4076 ὁποτέρα
2378 3995 2566 4055 διοίσει
2615 4007 2716 4070 τῆς
2766 3999 2947 4072 ἄλλης
2994 4002 3132 4057 κατὰ
3175 4002 3239 4057 τὸ
3271 3999 3586 4060 ἀδέσποτον.
3621 4004 3752 4068 Πῶς

2097 4086 2155 4143 δὲ
2186 4087 2244 4143 ἂν
2295 4110 2381 4151 τις
2425 4089 2555 4167 φαίη
2606 4090 2706 4158 τήν
2760 4090 2854 4163 μὲν
2909 4084 3346 4164 μεταϐάλλεσθαι
3386 4095 3521 4168 (89),
3560 4095 3661 4163 τήν
3692 4091 3754 4149 δὶ

2099 4172 2487 4251 μεταϐάλλειν,
2539 4177 2639 4233 οὐκ
2686 4177 3086 4254 ἐπιτρεπόντων
3134 4186 3214 4253 τῷ
3261 4186 3377 4254 Θεῷ
3421 4182 3643 4261 ὑφιστᾷν
3691 4182 3754 4239 ἐκ

2099 4271 2175 4339 μή
2230 4266 2593 4340 ὑποκειμένης
2642 4266 2867 4338 Occiae;
2918 4271 3065 4344 Ὀρθ.
3112 4269 3177 4327 Εἰ
3225 4271 3317 4325 καὶ
3364 4271 3607 4349 ἀσαφῶς,
3658 4271 3750 4327 καὶ

2094 4352 2456 4427 ἀπαιδεύτως,
2514 4355 2604 4411 καὶ
2651 4357 3115 4431 συνεσκιασμένως
3162 4360 3408 4438 γράφεις,
3439 4359 3568 4417 ἀλλ’
3596 4360 3753 4436 ὅμως

2093 4445 2257 4516 ἡμεῖς
2287 4441 2451 4498 πάλιν
2485 4443 2713 4520 ἐροῦμεν
2740 4447 2808 4501 τὰ
2837 4447 3063 4506 ἑαυτῶν.
3108 4452 3285 4504 Πᾶσαν
3339 4448 3520 4505 οὐσίαν
3566 4448 3747 4526 λέγων

323 4556 431 4595 nos
488 4551 723 4609 quoque
775 4535 988 4588 iterum
1040 4531 1305 4587 dicemus
1351 4535 1572 4587 nostra.
1607 4531 1713 4598 Qui
1747 4548 1984 4588 omnem

2096 4532 2414 4607 ἀγέννητον,
2454 4534 2589 4604 μετά
2616 4532 2725 4589 τῶν
2758 4536 3016 4609 ἀνόμοιον
3051 4535 3323 4613 λεγόντων
3353 4539 3444 4593 τὸν
3495 4539 3618 4595 Υἱὸν
3667 4543 3749 4613 τῷ

324 4625 726 4684 substantiam
759 4622 901 4678 dicit
930 4637 1061 4677 esse
1090 4637 1208 4675 non
1238 4621 1521 4691 genitam,
1553 4620 1776 4675 insanit
1804 4619 1985 4675 simul

2096 4621 2265 4696 Πατρὶ
2325 4621 2589 4693 μαίνεται.
2654 4625 2777 4687 Πῶς
2826 4625 2927 4703 γὰρ
2986 4627 3366 4702 γενεσιουργὸς
3415 4629 3444 4683 ὁ
3476 4629 3608 4692 Θεὸς
3668 4630 3748 4703 μή

324 4732 460 4772 cum
501 4715 596 4780 iis,
624 4712 726 4784 qui
765 4711 977 4766 Filium
1010 4709 1365 4765 dissimilem
1399 4708 1565 4763 aiunt
1605 4708 1790 4764 Patri.
1832 4711 1987 4774 Quo-

326 4803 501 4859 modo
533 4804 690 4857 enim
714 4801 870 4856 Deus
890 4802 1095 4854 auctor
1116 4798 1291 4853 fuerit
1316 4796 1808 4866 substantiarum,
1834 4798 1881 4853 si
1906 4814 1985 4853 em

329 4909 445 4947 non
475 4889 654 4947 sunt?
686 4893 856 4944 Pater
886 4886 1042 4943 enim
1074 4892 1131 4941 et
1152 4886 1426 4951 Filius,et
1454 4884 1709 4957 Spiritus
1740 4891 1984 4942 sanctus

330 4998 443 5037 non
472 4978 669 5052 genita
699 4981 839 5033 sunt
868 4975 1223 5040 substantia,
1248 4978 1312 5028 ut
1340 4973 1563 5028 dictum
1595 4976 1686 5029 est
1718 4990 1731 5029 :
1765 4980 1823 5030 et
1847 4975 1985 5031 dici-

327 5074 426 5126 tur
455 5069 631 5124 etiam
662 5084 731 5124 ex
758 5070 967 5121 vestra
988 5062 1448 5119 ratiocinatione.
1499 5062 1660 5128 Quod
1700 5080 1833 5120 vero
1866 5081 1982 5121 non

324 5159 587 5231 genitum
609 5173 725 5212 non
758 5155 837 5211 sit
859 5152 1213 5222 substantia,
1230 5150 1405 5206 etiam
1427 5167 1497 5206 ex
1520 5151 1592 5206 iis
1614 5159 1980 5224 compertum

2096 4708 2269 4763 οὐσων
2318 4712 2427 4764 τῶν
2482 4711 2720 4782 οὔσιῶν;
2772 4715 2959 4789 Πατὴρ
3020 4711 3100 4787 δὲ,
3150 4716 3241 4771 καὶ
3272 4716 3423 4785 Υἱὸς,
3454 4717 3545 4773 καὶ
3596 4719 3748 4794 ἅγιον

2095 4802 2336 4871 Πνεῦμα,
2385 4799 2676 4874 ἀγέννητος
2727 4802 2904 4874 οὗσία,
2956 4805 3138 4868 καθὼς
3189 4803 3427 4882 εἴρηται,
3460 4806 3550 4862 καὶ
3602 4807 3750 4884 παρᾶ

2092 4890 2190 4957 τῆς
2251 4887 2510 4963 ὑμετέρας
2562 4892 2674 4964 (90)
2721 4890 2932 4968 λέγεται
2987 4889 3248 4957 διανοίας.
3298 4896 3423 4952 ’Ότι
3475 4892 3533 4951 δὲ
3585 4895 3645 4951 οὐ
3682 4897 3748 4952 τὸ

2092 4976 2378 5053 ἀγέννητόν
2432 4978 2572 5035 ἐστιν
2621 4979 2801 5050 οὐσία,
2848 4982 2940 5037 καὶ
2998 4980 3049 5053 ἐξ
3097 4983 3172 5037 ὧν
3202 4982 3363 5046 αὐτὸς
3392 4987 3618 5062 γράφεις
3657 4986 3746 5040 εὑ-

2093 5064 2350 5140 ρίσκεται.
2410 5067 2473 5124 Ei
2526 5068 2649 5143 γὰρ,
2704 5068 2791 5123 ἐὰν
2913 5075 3056 5126 πᾶσα
3088 5070 3242 5126 οὐσία
3271 5071 3576 5150 ἀγέννητος,
3627 5070 3744 5127 οὐδ’

2093 5153 2325 5231 ὁποτέρα
2360 5153 2552 5212 διοίσει
2581 5164 2680 5227 τῆς
2725 5157 2928 5230 ἄλλης,
2961 5159 3170 5232 ἀνάγκη
3203 5167 3349 5217 πᾶσα
3377 5164 3465 5218 καὶ
3493 5161 3588 5223 τὰς
3616 5180 3734 5235 γιν-

321 5252 431 5318 est,
464 5263 594 5320 quae
639 5243 871 5302 scribis.
907 5242 967 5299 Si
1010 5241 1168 5298 enim
1201 5255 1336 5296 cum
1367 5240 1562 5296 omnis
1618 5244 1876 5298 essentia
1905 5243 1984 5299 sit

2096 5246 2256 5314 νητὰς
2305 5243 2492 5308 οὐσίας
2543 5245 2619 5318 μὴ
2668 5243 2936 5326 διαφέρειν
2989 5249 3216 5309 ἑαυτῶν.
3265 5250 3329 5310 Εἰ
3363 5247 3421 5307 δέ
3448 5248 3737 5330 διαφέρου-

385 5453 430 5490 ⁴⁸
459 5451 675 5508 Jerem.
708 5449 772 5516 ii,
805 5448 894 5504 13.
976 5445 1022 5484 ‘9
1050 5444 1242 5503 Galat.
1276 5461 1362 5516 III,
1394 5445 1451 5503 5.
1530 5445 1575 5482 ⁵ο
1600 5445 1770 5503 Joan.
1800 5464 1904 5518 vn,
1933 5448 1985 5506 δε

2102 5449 2146 5487 ⁵⁸
2179 5449 2324 5508 ibid.
2357 5451 2448 5507 39.

384 5652 496 5721 (88)
525 5649 710 5706 Palat.
745 5649 794 5704 1.
827 5648 863 5717 ἡ
893 5643 1133 5721 καθόλου
1163 5641 1446 5721 πρότασις.

385 5653 476 5721 (88
525 5652 710 5706 Palat.
745 5652 794 5704 1.
827 5652 863 5717 ἡ
893 5652 1133 5711 καθόλου
1163 5652 1292 5719 πρόιι

385 5652 497 5798 (89)
527 5724 804 5794 August.,
833 5712 1292 5774 καταϐάλλεσθαι.

2145 5649 2260 5722 (90)
2291 5652 2511 5709 Omnes
2542 5649 2739 5710 Felck.
2775 5669 2949 5728 mss.,
2978 5654 3271 5736 ἡμετέρας.
