4116 6360
348 444 505 505 1201

1282 439 1384 500 DE
1429 439 1733 500 SANCTA
1778 436 2208 498 TRINITATE
2252 436 2644 500 DIALOGUS
2689 440 2796 502 ΙΙΙ.

3615 449 3640 507 1
3652 447 3769 510 2οἏ

347 598 431 633 σιν
490 579 693 633 ὶαυτῶν
751 577 805 631 αἱ
862 575 1112 652 γεννηταὶ
1144 574 1257 645 (91)
1290 570 1490 639 οὐσίαι,
1535 570 1635 625 οὐκ
1686 568 1787 644 ἄρα
1828 570 1862 638 ἠ
1912 569 2000 643 γέ-

2127 586 2230 625 non
2266 570 2652 643 genita,nulla
2683 574 2910 630 differat
2941 577 3011 632 ab
3046 578 3425 648 alia,necesse
3456 586 3545 636 est
3576 582 3768 635 omni-

348 688 494 729 νεσις
527 665 702 721 οὐσία.
737 664 802 722 Et
862 662 919 719 δὲ
977 664 1075 718 οὐκ
1126 658 1264 717 ἔστιν
1298 662 1331 729 ἠ
1364 662 1565 735 γένεσις
1596 658 1769 729 οὐσία,
1805 656 1930 711 οὐδὲ
1968 659 2001 726 ἠ

350 755 602 831 ἀγενεσία
658 754 799 809 ἐστὶν
858 752 1029 809 οὐσία..
1094 750 1285 822 Ἀνόμ.
1339 750 1401 803 Εἰ
1460 754 1604 802 πᾶσά
1650 747 1805 801 οὐσία
1864 746 2002 801 ἐστὶν

350 845 671 920 ἀγέννητος,
730 848 877 899 πᾶσα
935 842 1075 897 ἐστιν
1138 836 1577 915 ἀπαράλλακτος.
1630 843 1739 905 Τῆς
1800 835 1856 890 δὲ
1914 836 2005 890 οὐ·

350 934 473 996 σίας
507 931 942 1003 ἀπαραλλάκτως
974 929 1232 1004 ἐχούσης,
1264 929 1325 982 τὸ
1355 932 1528 981 ποιεῖν
1563 926 1651 979 καὶ
1682 927 1743 979 τὸ
1774 927 2003 999 πάσχειν

348 1024 752 1095 αὐτοματισμῷ
809 1021 1111 1075 ἀναθετέον.
1148 1016 1378 1074 Πολλῶν
1440 1014 1497 1070 δὲ
1556 1012 1723 1069 ὄντων
1786 1016 2007 1089 ἀγεννή-

346 1135 457 1169 των
488 1113 577 1166 κάὶ
628 1109 1081 1183 ἀπαραλλάκτων,
1116 1109 1334 1183 ἀριθμῶ
1378 1103 1673 1159 διοίσουσιν
1715 1101 2004 1172 ἀλλήλων.

350 1202 431 1260 Οὐ
463 1203 567 1277 γὰρ
601 1198 659 1254 ἃν
694 1198 777 1268 εἷή
812 1196 952 1253 ἄλλο
984 1196 1071 1252 καὶ
1106 1194 1364 1267 ἄλλο,μὴ
1400 1191 1663 1247 διεστῶτα
1697 1192 1731 1261 ἢ
1766 1191 2005 1246 καθόλου

351 1289 554 1360 ἦκατά
609 1310 684 1355 τι,
736 1287 912 1356 πάσης
972 1284 1298 1345 διαστάσεως
1361 1280 1749 1355 ἀποκλήρωσιν
1812 1280 2005 1358 ἐμφαι-

351 1380 551 1447 νοῦσης
611 1377 802 1438 αἰτίας.
838 1378 989 1451 Ὀρθ.
1051 1370 1499 1445 Ἀπαράλλακτος
1557 1372 1649 1442 μὲν
1691 1371 1717 1423 6
1752 1371 1870 1429 Υἱὸς
1927 1374 2005 1441 τῷ

357 1468 547 1543 Hirpi,
581 1467 675 1521 κᾶν
714 1468 787 1539 μή
824 1464 1003 1538 θέλῃς.
1038 1463 1116 1520 Οὐ
1148 1460 1237 1517 διά
1265 1466 1426 1515 τοῦτο
1460 1458 1516 1514 δὲ
1563 1457 2004 1533 ἀπαράλλακτος,

360 1556 447 1613 διὰ
473 1558 533 1611 τὸ
568 1557 878 1631 ἀγέννητον·
913 1552 1056 1609 ἀλλά
1088 1551 1176 1607 διὰ
1204 1551 1395 1606 ταυτὸν
1441 1550 1542 1618 τῆς
1592 1548 1848 1623 ἐνεργείας
1900 1546 2004 1601 δεί-

354 1667 541 1702 κνυται
594 1644 651 1700 ἐκ
698 1648 796 1699 τοῦ
838 1645 1013 1697 πάντα
1060 1642 1289 1716 ἐνεργεῖν
1329 1640 1419 1693 τὸν
1452 1640 1596 1704 Υίὸν,
1629 1637 1728 1691 ὅσα
1774 1638 1861 1691 καὶ
1913 1639 2002 1691 τὸν

2118 676 2191 713 no
2224 659 2399 714 etiam
2433 662 2659 732 genitas
2691 666 3055 720 substantias
3088 668 3240 721 inter
3290 685 3418 724 sese
3477 687 3593 725 non
3652 671 3767 724 dif-

2116 750 2284 804 ferre.
2335 750 2390 804 Si
2444 767 2575 805 vero
2608 752 2758 806 inter
2788 770 2915 808 sese
2945 756 3223 810 diﬁ‘erunt
3252 761 3457 827 genita)
3491 761 3767 814 substan-

2117 837 2230 901 tiae,
2267 856 2379 892 non
2413 841 2567 893 440
2600 840 2775 910 igitur
2807 850 2970 897 ortus
3000 845 3123 914 ipse
3156 848 3489 901 substantia
3545 853 3652 903 est.
3707 849 3767 904 Si

2115 942 2249 980 vero
2308 932 2469 983 ortus
2532 946 2646 983 non
2700 935 2789 984 est
2845 933 3224 987 substantia:
3262 952 3367 990 nec
3395 939 3569 991 etiam
3604 944 3767 993 ortus

2117 1015 2383 1086 privatio,
2418 1018 2749 1072 substantia
2777 1020 2905 1073 erit.
2934 1022 3123 1076 Anam.
3158 1023 3213 1077 Si
3250 1026 3441 1079 omnis
3488 1027 3769 1081 substan-

2116 1105 2197 1158 tia
2228 1111 2315 1159 est
2350 1122 2461 1159 non
2494 1108 2899 1178 genita,etiam
2936 1112 3128 1165 omnis
3151 1111 3315 1167 alteri
3337 1113 3395 1167 in
3422 1115 3582 1169 nullo
3604 1116 3774 1169 dissi-

2120 1194 2447 1249 milis.Cum
2483 1201 2676 1251 autem
2713 1198 3046 1253 substantia
3070 1200 3124 1253 in
3151 1201 3313 1256 nullo
3346 1203 3423 1257 sit
3443 1202 3773 1271 dissimilis,

2116 1283 2312 1354 ipsum
2348 1301 2517 1355 agere
2549 1290 2606 1341 et
2635 1286 2749 1356 pati
2783 1287 2944 1341 casui
2978 1289 3415 1344 attribuendum
3449 1293 3579 1345 erit.
3631 1296 3774 1347 Cum

2119 1379 2315 1428 autem
2354 1375 2541 1429 multa
2572 1375 2691 1430 sint
2714 1393 2826 1430 non
2860 1376 3056 1447 genita
3077 1383 3133 1432 et
3158 1380 3214 1433 in
3250 1381 3411 1435 nullo
3443 1381 3775 1448 dissimilia,

2119 1479 2362 1518 numero
2382 1469 2610 1518 tantum
2634 1482 2667 1518 a
2688 1482 2749 1519 se
2782 1472 2987 1521 mutuo
3010 1466 3599 1539 distinguentur.Non
3620 1471 3777 1525 enim

2119 1552 2337 1606 fuerint
2370 1553 2527 1606 aliud
2561 1558 2616 1607 et
2646 1553 2827 1619 aliud,
2864 1571 2966 1610 nec
2999 1557 3173 1611 etiam
3235 1558 3531 1628 disiuncta
3583 1564 3775 1626 erunt,

2114 1640 2203 1694 vel
2237 1640 2499 1705 omnino,
2534 1641 2619 1695 vel
2652 1645 2976 1698 secundum
3009 1646 3174 1713 quid,
3206 1662 3337 1700 cum
3373 1648 3565 1702 omnis
3611 1648 3775 1702 diffe-

355 1734 589 1809 Πατέρα.
624 1757 652 1785 ι(
684 1736 868 1789 Πάντα
922 1731 1045 1807 γάρ,
1081 1729 1179 1783 ὅσα
1228 1730 1283 1783 ἂν
1336 1731 1469 1801 ποιῇ
1522 1728 1549 1780 ὁ
1601 1727 1808 1801 Πατὴρ,
1840 1724 2007 1780 ταῦτα

2127 1730 2302 1784 rentia
2332 1730 2600 1785 ostendat
2630 1732 3131 1804 participationem
3163 1752 3372 1789 causa.
3396 1738 3563 1791 Orlh.
3590 1736 3689 1791 Vel
3722 1740 3777 1791 te

353 1823 444 1878 καὶ
478 1825 504 1878 ὁ
536 1822 658 1884 Υἱὸς
688 1821 898 1894 ὁμοίως
936 1824 1107 1889 ποιεῖ,
1140 1842 1167 1869 ››
1199 1818 1288 1872 καὶ
1317 1818 1378 1871 τὸ
1436 1812 1657 1887 Πνεῦμα
1684 1812 2002 1889 ἀπαραλλά-

2116 1819 2296 1873 invito
2326 1819 2506 1873 Filius
2540 1837 2653 1874 non
2724 1826 2815 1875 est
2872 1822 3178 1877 dissimilis
3234 1826 3413 1879 Patri.
3469 1826 3585 1879 Nec
3643 1842 3774 1879 vero

354 1934 521 1973 κτως.
556 1914 737 1969 Πάντα
765 1912 893 1986 γὰρ,
924 1908 957 1963 ’ἁ
983 1909 1186 1984 ἐνεργεῖ
1224 1907 1251 1961 6
1301 1907 1510 1977 Πατὴρ,
1543 1904 1633 1959 καὶ
1681 1903 1809 1958 αὐτὸ
1859 1903 2005 1979 ἐνερ-

424 2007 442 2008 ,,
572 1998 832 2008 -.λη
1023 1994 1551 2008 -,.......,
1776 1995 1787 2008 .
1926 1991 1964 2008 ,κ

2127 1912 2426 1980 propterea
2454 1908 2513 1962 in
2547 1908 2710 1964 nullo
2744 1910 3053 1965 dissimilis
3086 1913 3225 1983 quia
3256 1930 3369 1968 non
3404 1914 3634 1984 genitus
3666 1918 3775 1979 est,

355 2007 463 2079 γεῖ,
495 2001 675 2062 καθὼς
712 1998 990 2075 βούλεται.
1023 2003 1114 2051 Ὠν
1148 1994 1205 2050 δὲ
1231 1998 1264 2065 ἡ
1304 1995 1437 2063 αὐτὴ
1476 1994 1731 2069 ἐνέργεια,
1765 1991 2006 2066 ἀπαράλ-

362 2091 565 2152 λακτος
594 2092 629 2159 ἡ
665 2088 843 2167 φύσις.
876 2088 941 2145 Εἰ
976 2085 1032 2141 δὲ
1073 2087 1315 2158 νομίζεις
1364 2081 1453 2138 διὰ
1498 2084 1561 2137 τὸ
1613 2082 1900 2157 ἀγέννητον
1954 2085 2015 2137 τὸ

361 2178 812 2256 ἀπαράλλακτον,
844 2178 1045 2253 ἀνάγκη
1079 2176 1167 2230 καὶ
1208 2182 1311 2229 πᾶν
1355 2174 1418 2227 τὸ
1466 2173 1719 2246 γεννητὸν
1768 2170 2019 2246 ἀπαράλ-

362 2269 589 2325 λακτον.
624 2269 741 2325 Οὐκ
799 2268 901 2341 ἄρα
959 2264 1048 2320 διὰ
1101 2266 1164 2319 τὸ
1223 2265 1513 2338 ἀγέννητον
1573 2261 2013 2337 ἀπαράλλακτον’

360 2358 509 2414 ἀλλά
566 2358 745 2421 καθὼς
803 2354 913 2425 ἤδη
974 2354 1026 2409 ἐν
1079 2359 1159 2426 τῷ
1218 2352 1483 2426 προλόγῳ
1558 2349 1961 2423 διελαλήσαμεν
1998 2370 2011 2383 ο

362 2470 384 2498 ι
421 2450 611 2504 Ἀετοῦ
670 2446 970 2519 πετομένου
1035 2441 1326 2512 ζητοῦντός
1381 2441 1493 2496 ἐστι
1546 2440 1735 2516 βοράν,
1783 2440 1871 2493 καὶ
1938 2442 2013 2512 μὴ

354 2534 583 2613 ἔχοντος
620 2534 800 2611 ἴχνος.
837 2557 864 2586 ››
896 2532 972 2591 Οὐ
1003 2533 1103 2609 γὰρ
1139 2529 1277 2607 ἔχει,
1307 2535 1414 2585 ποῦ
1442 2530 1568 2591 τοὺς
1598 2526 1767 2591 πόδας
1807 2531 2013 2599 στήσει·

352 2624 445 2680 ’ίνα
499 2626 590 2680 καὶ
652 2624 811 2686 αὐτὸς
872 2622 1073 2696 ἀκούσῃ
1135 2622 1269 2693 μετὰ
1308 2625 1406 2675 τοῦ
1466 2619 1791 2679 Μωσέωςοα
1830 2618 1903 2671 Σὺ
1962 2616 2017 2673 δὲ

362 2716 528 2771 αὐτοῦ
562 2721 718 2783 στῆθι
756 2713 870 2786 μετ’
901 2711 1057 2785 ἐμοῦ.
1094 2733 1122 2761 ›)
1156 2709 1233 2767 Οὐ
1264 2709 1365 2785 γὰρ
1398 2708 1530 2782 μετά
1578 2712 1674 2761 τοῦ
1734 2708 1861 2761 Υίοῦ
1920 2712 2017 2761 τοῦ

356 2808 493 2861 Θεοῦ
554 2806 740 2874 στήκει
802 2804 829 2857 6
889 2800 1067 2875 λέγων
1112 2797 1369 2875 γεννητὸν
1430 2796 1519 2851 καὶ
1580 2798 1868 2872 ἀγέννητον
1923 2796 2015 2850 τὸν

357 2893 512 2949 Θεόν’
550 2891 675 2947 ἀλλ’
709 2892 737 2945 6
773 2889 1047 2965 βαπτίζων
1084 2887 1158 2949 εἷς
1186 2888 1248 2942 τὸ
1281 2882 1452 2959 ὄνομα
1511 2890 1606 2939 τοῦ
1668 2887 1896 2960 Ιῐατρὸς,
1928 2886 2016 2939 καὶ

357 2987 454 3038 τοῦ
501 2982 651 3053 Υἱοῦ,
684 2980 775 3035 καὶ
823 2983 920 3033 τοῦ
971 2978 1124 3053 ἀγίου
1176 2976 1505 3048 Πνεῦμα-σος.
1536 2974 1681 3044 Αὕτη
1728 2975 1827 3049 γὰρ
1858 2975 2016 3045 ἡμῶν

358 3074 393 3142 ἠ
431 3072 618 3132 στάσις
650 3068 997 3124 πεπίστευται
1032 3068 1165 3139 (92),
1198 3065 1287 3119 καὶ
1320 3064 1528 3125 Ἀέτιος
1562 3064 1783 3117 πέταται
1845 3068 2020 3133 ζητῶν

358 3158 435 3217 ἔτι
468 3160 632 3236 βορὰν
660 3158 752 3212 καὶ
780 3156 984 3212 στάσιν.

2126 1998 2224 2051 sed
2262 2002 2566 2069 propterea
2596 2000 2953 2068 operationis
2986 2000 3374 2071 identitatem,
3399 2008 3463 2056 ut
3492 2019 3559 2058 ex
3589 2019 3654 2057 eo
3687 2003 3781 2057 de-

2131 2090 2509 2155 monstratur,
2543 2089 2699 2159 quod
2740 2088 2922 2144 Filius
2946 2091 3143 2144 omnia
3174 2096 3465 2162 operetur,
3500 2110 3625 2164 qua:
3676 2093 3781 2146 Pa-

2128 2181 2217 2231 ter
2249 2193 2261 2231 :
2298 2199 2324 2225 ‹‹
2360 2177 2569 2249 Omnia
2627 2177 2781 2231 enim
2817 2196 3179 2250 quaecunque
3211 2181 3346 2235 facit
3376 2182 3564 2251 Pater,
3602 2183 3784 2236 Filist

2128 2264 2399 2319 similiter
2430 2267 2565 2320 facit
2596 2268 2662 2334 ⁸2,
2698 2288 2724 2316 ››
2758 2274 2814 2321 et
2845 2269 3099 2338 Spiritus
3129 2270 3266 2324 item
3300 2271 3427 2325 sine
3458 2270 3579 2325 ulla
3609 2272 3783 2326 dissi-

2129 2354 2480 2407 militudine.
2518 2354 2726 2409 Omnia
2757 2358 2913 2410 enim
2946 2373 3073 2427 quae
3106 2363 3380 2428 operatur
3410 2359 3781 2423 Pater,etiam

2125 2442 2251 2513 ipse
2282 2448 2653 2513 operatur,ut
2683 2444 2973 2499 vult.Jam
3009 2462 3259 2516 quorum
3293 2448 3495 2502 eadem
3528 2452 3618 2503 est
3647 2465 3781 2520 0pc-

2128 2533 2295 2595 ratio,
2328 2533 2661 2587 eorumdem
2691 2533 2755 2587 in
2790 2534 2948 2589 nullo
2979 2535 3289 2590 dissimilis
3323 2541 3534 2591 natura
3563 2542 3672 2592 est.
3727 2540 3778 2591 Si

2127 2637 2258 2676 vero
2290 2620 2590 2675 existimas
2621 2628 2925 2693 propterea
2954 2623 3011 2677 in
3047 2624 3208 2679 nullo
3242 2623 3530 2680 dissimile
3562 2625 3781 2697 aliquid

2128 2726 2277 2775 esse,
2312 2710 2451 2781 quia
2484 2728 2597 2765 non
2629 2712 2893 2782 genitum
2926 2718 3013 2767 est
3050 2731 3061 2768 :
3098 2730 3332 2769 necesse
3355 2719 3464 2781 est,
3492 2732 3664 2769 omne
3690 2731 3785 2786 ge~

2128 2800 2319 2853 nitum
2351 2816 2479 2853 esse
2512 2800 2569 2853 in
2602 2799 2763 2855 nullo
2796 2800 3236 2857 dissimile.Non
3261 2803 3439 2875 igitur
3460 2809 3785 2875 propterea,

2131 2889 2284 2958 quod
2318 2890 2580 2960 genitum
2613 2889 2833 2959 aliquid
2866 2908 2977 2945 non
3012 2896 3120 2955 est,
3154 2891 3279 2947 ideo
3306 2895 3479 2947 etiam
3514 2893 3573 2947 in
3625 2892 3789 2948 nullo

2130 2977 2422 3032 dissimile
2453 2983 2542 3032 est
2572 2994 2583 3033 :
2612 2979 2711 3033 sed
2746 2984 2807 3032 ut
2841 2981 3012 3035 modo
3045 2980 3103 3035 in
3139 2981 3475 3052 praefatione
3509 2982 3785 3037 sermoci-

2130 3067 2252 3121 nati
2284 3082 2514 3131 sumus,
2549 3066 2656 3121 hoc
2688 3067 2880 3122 dicere
2914 3074 3005 3122 est
3034 3086 3052 3122 .·
3086 3092 3111 3118 ‹‹
3148 3069 3369 3140 Aquila
3429 3069 3679 3125 volantis
3737 3075 3792 3126 et

2133 3155 2451 3225 quaerentis
2484 3171 2700 3221 escam,
2737 3173 2841 3211 nec
2868 3157 3143 3213 habentis
3171 3158 3502 3229 vestigium.
3534 3182 3555 3208 ι
3592 3160 3791 3229 Neque

359 3252 517 3306 enim
551 3250 747 3318 habet,
783 3248 879 3303 ubi
914 3250 1113 3319 ponat,
1148 3249 1213 3300 ut
1243 3246 1421 3299 etiam
1453 3244 1579 3316 ipse
1611 3243 1815 3298 audiat
1838 3259 1971 3297 cum
2008 3243 2200 3315 Moyse
2235 3262 2247 3298 :
2288 3266 2315 3293 «
2346 3246 2431 3298 Tu
2493 3249 2687 3299 autem
2721 3244 2800 3299 ibi
2834 3250 2925 3299 sta
2955 3262 3186 3301 mecum
3216 3248 3279 3301 ⁸³,
3316 3268 3343 3296 ››
3375 3248 3572 3320 Neque
3630 3250 3785 3303 enim

365 3354 501 3394 cum
554 3337 697 3394 Filio
730 3336 830 3391 Dei
890 3334 1145 3400 steterit,
1182 3333 1285 3405 qui
1317 3333 1460 3388 dicit
1492 3333 1755 3405 genitum
1785 3336 1841 3387 et
1872 3349 1987 3386 non
2019 3334 2287 3405 genitum
2316 3332 2499 3387 Deum
2535 3351 2547 3387 :
2583 3335 2683 3387 sed
2718 3334 2816 3403 qui
2850 3335 3104 3405 baptizat
3133 3335 3192 3389 in
3228 3336 3461 3391 nomine
3487 3337 3697 3401 Patris,
3732 3342 3789 3391 et

362 3427 512 3494 Filii,
543 3433 596 3482 et
626 3426 879 3497 Spiritus
912 3424 1119 3479 sancti.
1156 3428 1286 3479 Haec
1315 3424 1472 3478 enim
1508 3427 1711 3478 nostra
1740 3421 1999 3477 creditur
2030 3422 2203 3479 statio
2240 3439 2251 3476 :
2286 3427 2345 3477 at
2377 3423 2572 3477 Actius
2603 3423 2925 3492 (aquilinus
2974 3428 3201 3495 nempe)
3255 3424 3455 3480 volitat
3515 3441 3784 3496 quaerens

354 3516 551 3574 adhuc
584 3517 841 3589 praedam
873 3518 931 3570 et
959 3514 1291 3569 stationem.

424 3624 474 3659 "
501 3623 675 3680 Joan.
708 3640 761 3691 ν,
795 3622 883 3678 19.
960 3620 1006 3656 ⁸³
1039 3620 1202 3676 Deut.
1232 3637 1287 3686 v,
1318 3620 1407 3673 31.

429 3732 548 3811 (et)
576 3732 827 3811 august;
857 3728 1125 3811 et-P‘alat.
1155 3728 1212 3811 2,
1242 3723 1479 3803 γένηταί.
1530 3795 1542 3811 1
1722 3798 1775 3811 η
1886 3797 1919 3809 η
1945 3798 1960 3811 _

2127 3800 2151 3811 ι-
2231 3800 2257 3809 ~
2336 3795 2350 3811 Ί
2429 3791 2458 3811 Ω
2551 3796 2561 3811 1
2683 3802 2692 3811 ι
2732 3800 2742 3811 ι
2773 3799 2785 3811 Ι
2870 3801 2885 3811 ι
2933 3801 2961 3811 η
3006 3800 3017 3811 ι

432 3791 547 3875 (92)
578 3791 764 3859 Palat.
795 3802 851 3871 2,
884 3804 942 3857 et
972 3791 1323 3873 Augustali”
1358 3791 1687 3852 πιστεύεται.
1722 3798 1855 3853 Mox
1884 3797 2012 3853 iidei

2127 3800 2298 3866 ζητῶν
2334 3791 2611 3872 ὲπιϐοράν,
2645 3802 2701 3855 et
2730 3799 2822 3855 hic
2853 3800 3153 3856 deﬁciunt.

1540 4024 1664 4073 ΤΟΥ
1702 4024 1789 4074 ΕΝ
1830 4020 2065 4077 ΑΓΙΟΙΣ
2110 4021 2377 4078 ΠΑΤΡΟΣ
2418 4026 2607 4076 ΗΜΩΝ

1717 4150 2448 4248 ΑΘΑΝΑΣΙΟΥ

507 4301 845 4354 ΔΙΑΛΟΓΟΣ
903 4298 953 4352 Γ¹
1000 4296 1123 4369 περί
1173 4302 1271 4364 τῆς
1317 4294 1472 4371 ἁγίας
1499 4291 1784 4385 κΤρΙιάδος,
1826 4294 1889 4385 ἐν
1941 4296 1986 4366 ᾧ
2036 4296 2310 4385 uiperae?)
2346 4300 2684 4385 ’ῗρονοῦνξρξ
2732 4297 2798 4351 τά
2844 4301 2941 4350 τοῦ
2990 4298 3465 4372 Πνευματομάχου
3515 4301 3635 4356 Μω-

1432 4352 1678 4422 κεδονίου
1720 4352 1981 4430 ἀντίθεσις
2023 4352 2158 4443 πριὸς
2201 4352 2518 4441 Ὀρθόθοξον
2560 4370 2691 4441 (93).

1404 4580 1407 4597 ι
1493 4557 1584 4649 s.
1641 4558 1742 4649 P.
1797 4558 1906 4652 N.
1980 4489 2656 4653 ATl‘HANASII

368 4711 703 4773 DIALOGUS
739 4713 818 4769 111
851 4710 916 4767 de
941 4713 1132 4767 sancta
1165 4709 1457 4777 Trinitate,
1487 4710 1544 4763 in
1575 4725 1681 4780 quo
1708 4712 1889 4783 exstat
1918 4711 2171 4767 haeretici
2199 4710 2486 4766 sentientis
2514 4726 2639 4766 cum
2666 4708 2973 4766 Macedonio
3007 4710 3503 4767 Pneumatomacho
3532 4711 3782 4783 disputa-

1675 4782 1755 4837 tio
1782 4782 2043 4838 adversus
2077 4783 2473 4841 Orthodoxum.

958 4972 1416 5027 ΜΑΚΕΔΟΝΙΟΣ.

444 5064 491 5116 1.
552 5064 664 5115 Ποῦ
722 5061 1041 5137 γέγραπται,
1103 5059 1231 5119 Θεὸς
1290 5057 1351 5111 τὸ
1408 5058 1666 5129 ΙΙνεῦμα;
1725 5061 2014 5115 ΟΡΘΟΔΟ-

363 5155 522 5207 ΞΟΣ.
557 5150 620 5204 Ei
652 5149 925 5213 ἐπίστευες
960 5149 1034 5211 εἷς
1066 5149 1157 5203 τὸν
1190 5147 1309 5201 Υῖὸν
1345 5151 1440 5200 τοῦ
1490 5150 1623 5201 Θεοῦ
1683 5146 1875 5223 ὀρθῶς,
1906 5146 2014 5223 ἐγί-

460 5278 551 5349 93)
582 5282 716 5334 Haec
764 5282 928 5333 notat
980 5275 1315 5349 Felckman.
1351 5274 1409 5329 in
1460 5275 1617 5349 bunc
1667 5274 2017 5349 dialogum:

371 5345 492 5405 Vidi
535 5345 843 5423 aliquando
878 5347 1179 5423 Γρηγορίου
1229 5345 1735 5423 ἱεριομονάχουηκαί
1784 5365 2016 5418 πνευμαο

370 5423 524 5495 τικοῦ
553 5415 649 5474 τοῦ
686 5415 929 5495 μεγάλου
963 5415 1565 5495 πρωτοσυγγέλου,.καξ
1617 5416 1835 5495 ἷξστερον
1888 5415 2024 5495 χρη-

379 5486 702 5565 ματίσαντος
750 5486 878 5565 (sic)
925 5486 1280 5565 πατριάρχου
1305 5488 1392 5542 καὶ
1430 5486 2023 5565 ,ἐνηῬώμηλ-ςαφὲντος

374 5561 464 5640 καὶ
497 5561 1055 5640 θαυματουργοῦντος,
1088 5561 1310 5640 εἶς’ξτὴν
1358 5564 1454 5640 τοῦ
1504 5564 1695 5640 (Μαζεὶ
1722 5633 1729 5640 _
1754 5561 2023 5640 Metropo-

378 5638 520 5707 tite)
547 5629 797 5707 Ἐ’φισίου
827 5629 1140 5702 ’ἐπιστολὴν
1186 5632 1245 5707 ἐκ
1284 5629 1553 5707 διαφόρων
1597 5633 1846 5697 Ματέρων
1896 5629 2024 5687 ἀπο-

382 5705 741 5783 λργίςινηῃίσ
786 5711 981 5783 titulus
1027 5710 1170 5783 erat.
1214 5705 1274 5759 1η
1317 5705 1396 5783 ea
1427 5719 1536 5783 gron
1563 5707 1769 5783 procul
1803 5724 1847 5783 ,α
1894 5708 2022 5783 ﬁne,

383 5776 477 5836 hic
495 5780 749 5854 dialogus
776 5782 875 5839 sub
902 5781 1124 5840 nomine
1152 5777 1393 5835 auctoris
1422 5776 1652 5833 Maximi
1678 5776 1902 5846 citatur,
1925 5781 2023 5842 sic,

2720 4971 3056 5028 MACEDON
3064 4971 3195 5027 IUS.

2200 5062 2262 5115 1.
2328 5059 2434 5115 Ubi
2504 5062 2789 5133 scriptum
2856 5065 2979 5131 est,
3044 5060 3328 5132 Spiritum
3394 5077 3524 5117 esse
3553 5063 3787 5119 Deum?

2129 5149 2630 5205 ORTHODOXUS.
2689 5151 2743 5203 Si
2804 5154 2956 5205 recte
3015 5150 3074 5204 in
3128 5150 3333 5205 Filium
3371 5151 3464 5206 Dei
3498 5153 3782 5219 crederes,

2130 5278 2297 5327 Τοῦτο
2330 5274 2418 5327 καὶ
2450 5274 2697 5345 Μάξιμος
2734 5268 3188 5347 60530:.f336a10i
3220 5272 3365 5345 ἐνστῇ
3411 5273 3640 5345 διαλέξει
3675 5276 3787 5329 ῖαῦ-

2132 5352 2226 5399 τοῦ
2256 5349 2321 5417 τῇ
2355 5348 2491 5419 πρὸς
2526 5348 2615 5400 τὸν
2638 5348 2703 5399 τά
2737 5345 3004 5416 [ἓύνομιοῦ
3054 5349 3373 5421 φρονοῦντα.
3400 5346 3564 5421 ῌΦησῖ
3588 5353 3787 5421 ’Μακεο

2134 5416 2313 5479 δόνιος
2347 5416 2475 5490 (sic)
2508 5419 2642 5490 πρὸς
2678 5416 2941 5494 Μάξιμον·
2965 5416 3331 5494 ’ξ’-πέπιγράφεις
3366 5416 3454 5494 οὖν
3484 5421 3550 5490 τῇ
3584 5416 3785 5494 ἐκθέσει

2137 5488 2471 5549 Λουκιανοῦξ
2507 5488 2844 5559 Μ’άξιμοςἽί
2876 5488 3166 5561 κατέγνως,
3190 5488 3296 5545 etc.
3332 5491 3475 5545 Vide
3507 5488 3678 5561 paulo
3702 5491 3782 5545 in-

2137 5564 2337 5617 ferius.
2365 5563 2423 5617 In
2461 5563 2721 5617 Palatino
2753 5562 2952 5615 codice
2979 5564 3061 5615 sic
3096 5567 3332 5616 notatur
3361 5564 3431 5617 ad
3458 5562 3777 5632 margiuem

2136 5635 2250 5699 hic,
2267 5631 2545 5706 “couia'zyiou
2581 5632 2852 5703 Μαξίμου.
2868 5632 3099 5706 Titulus
3122 5634 3296 5687 etiam
3319 5634 3378 5686 in
3399 5631 3645 5704 utroque
3668 5650 3779 5688 ms.

2136 5711 2193 5761 et
2249 5706 2307 5761 in
2359 5704 2496 5776 Reg.
2532 5714 2617 5759 est
2663 5709 2892 5760 tantum
2930 5721 2941 5759 :
2974 5704 3245 5773 αἱρετικοῦ
3296 5708 3638 5778 φρονοῦντος,
3669 5709 3778 5761 etc.

2136 5793 2267 5849 quae
2297 5782 2642 5847 sequuntur.
3029 5798 3036 5804 -
