4116 6364
317 415 473 477 ΙΞΟῙ
1488 417 1552 478 S.
1599 415 2119 478 ATHANASIUS.
2150 449 2226 461 —
2255 415 2571 478 SPUBIA.
3590 412 3746 476 1208

320 555 422 606 tua
452 553 609 617 sunt,
643 554 700 605 et
729 553 831 605 tua
866 566 996 606 mea
1050 556 1190 607 sunt
1214 553 1256 586 ⁵⁸
1281 552 1301 606 Ρ
1330 553 1536 609 Maced.
1574 553 1653 608 De
1686 548 1968 624 apostolis

2093 551 2185 602 τῶν
2228 545 2506 603 διαλαλὼν
2568 547 2682 602 εἶπε
2736 550 2919 600 ταῦτα’
2953 543 3100 601 ἀλλὰ
3155 547 3360 619 συνῆψε
3385 550 3507 608 τοῖς
3563 557 3739 618 μαθη-

321 638 606 711 loquitur.
661 639 811 695 Urth.
848 639 987 694 Novi
1023 644 1078 695 et
1105 657 1210 712 ego
1259 641 1555 697 Christum
1591 641 1713 694 haec
1757 640 1975 696 dixisse

2093 643 2202 696 ταῖς
2260 636 2452 706 πάντα,
2487 635 2587 690 οὐκ
2643 632 2719 690 ἔτι
2771 636 2960 704 εἰπὼν,
2992 636 3058 692 Οἱ
3108 633 3233 708 ἐμοὶ
3264 634 3349 690 σοί
3381 635 3535 702 εἰσιν,
3570 633 3739 701 ἀλλὰ,

320 729 392 784 de
423 727 731 800 discipulis
765 729 1150 784 disserentem
1189 749 1200 786 :
1235 731 1333 786 sed
1369 730 1672 802 discipulis
1704 731 1974 801 adjunxit

321 819 611 885 omnia,ut
644 819 742 889 qui
775 835 888 874 non
923 819 1149 887 dixerit,
1186 820 1295 875 Mei
1325 825 1462 874 sunt
1495 819 1599 888 tui,
1635 821 1731 874 sed
1771 843 1796 868 ‹‹
1831 819 1970 875 Om-

322 907 420 961 nia
453 923 583 962 mea
614 911 736 974 tua,
773 911 914 961 sunt
945 911 1000 960 et
1044 923 1161 961 una
1193 923 1322 961 mea
1353 912 1510 960 sunt.
1549 928 1575 956 »
1607 906 1862 978 Alioqui,
1896 924 1969 961 an

320 997 487 1052 Pater
517 995 662 1050 nihil
686 1012 1053 1066 eorum,quaa
1086 996 1624 1060 diximus,habebat
1653 1001 1968 1068 antequam

320 1085 610 1140 mundum
658 1088 880 1139 crearet
909 1088 926 1138 Ρ
958 1084 1152 1140 Maccd.
1189 1085 1447 1140 Habebat
1480 1090 1632 1140 certe
1672 1086 1968 1154 deitatem,

321 1174 592 1246 gloriam,
613 1175 954 1246 potentiam,
980 1174 1311 1240 consilium,
1332 1175 1969 1246 incorruptibilitatem.

322 1261 428 1316 Sed
450 1262 521 1316 de
561 1262 632 1316 iis
666 1260 934 1316 Christus
967 1278 1078 1316 non
1116 1261 1389 1332 lopuitur.
1423 1263 1578 1320 Orth.
1609 1264 1755 1317 Audi
1791 1263 1973 1332 ipsius

330 1350 556 1406 Domini
583 1367 904 1421 voces,quse
938 1351 1174 1422 quidem
1209 1352 1288 1406 ita
1316 1368 1378 1406 se
1408 1352 1626 1408 habent
1660 1369 1672 1407 :
1708 1376 1734 1402 «
1764 1355 1977 1408 ()‘mnia

329 1456 461 1495 mea
491 1445 594 1494 tua
625 1446 846 1508 sunt,et
875 1445 977 1494 tua
1008 1456 1136 1494 mea
1169 1445 1328 1507 sunt,
1363 1447 1419 1496 et
1448 1440 1808 1513 glorificatus
1842 1460 1975 1497 sum

330 1529 388 1584 in
421 1529 506 1584 eis
537 1529 600 1583 ⁵⁸.
637 1550 665 1577 ››
696 1528 894 1586 Maced.
925 1529 1143 1600 Nempe
1192 1530 1250 1584 in
1285 1530 1593 1601 discipulis
1633 1531 1758 1587 suis
1807 1531 1980 1604 glori-

333 1618 544 1673 ﬁcatus
589 1622 696 1672 est.
733 1617 882 1672 0rlh.
929 1623 1133 1672 Annon
1183 1618 1362 1690 igitur
1409 1619 1655 1689 gloriam
1709 1621 1976 1688 habebat,

331 1712 650 1778 antequam
673 1707 934 1762 mundus
953 1709 1258 1762 exsisteret
1278 1707 1300 1762 Ρ
1319 1707 1520 1763 Maced.
1555 1708 1815 1764 Habebat
1846 1727 1978 1780 pro-

329 1799 476 1854 fecto
513 1813 526 1853 :
561 1797 846 1869 scriptum
897 1802 987 1852 est
1034 1797 1185 1852 enim
1224 1815 1236 1853 :
1270 1820 1297 1846 «
1334 1797 1520 1863 Pater,
1577 1797 1835 1870 gloriﬁca
1888 1817 1980 1855 me

2087 751 2112 778 ι(
2147 725 2323 782 Πάντα
2367 727 2434 781 τὰ
2483 725 2588 799 ἐμᾶ
2631 727 2695 780 σά
2744 725 2876 797 ἐστι,
2908 725 2997 780 καὶ
3045 725 3112 778 τὰ
3159 725 3224 778 σὰ
3266 725 3389 797 ἐμέ.
3427 746 3454 777 ι
3485 724 3659 792 Ἐπεὶ,
3692 725 3738 778 εἰ

2082 816 2186 889 πρὸ
2218 823 2317 885 τῆς
2349 815 2573 877 κτίσεως
2617 813 2769 870 οὐδὲν
2823 816 2966 890 εἶχεν
3001 816 3029 868 6
3075 815 3262 889 Πατὴρ
3311 819 3420 868 τῶν
3474 833 3739 889 προειρη-⁵

2086 904 2299 978 μένων;
2347 912 2484 960 Μακ.
2539 905 2659 972 Ναὶ,
2713 904 2858 980 εἶχεν
2937 899 3190 973 θεότητα,
3253 900 3431 974 δόξαν,
3485 900 3739 975 δύναμιν,

2085 992 2317 1068 βουλὴν,
2353 994 2666 1070 ἀφθαρσίαν⁹
2701 993 2826 1049 ἀλλ’
2860 992 2922 1048 οὐ
2952 993 3076 1068 περὶ
3109 991 3285 1046 αὐτῶν
3335 989 3541 1066 ἔλεγεν.
3577 994 3729 1066 Ὀρθ.

2082 1088 2284 1137 ’Ἄκουε
2337 1087 2444 1136 τῶν
2502 1087 2599 1136 τοῦ
2660 1083 2859 1158 Κυρίου
2918 1086 3133 1160 φωνῶνο
3188 1077 3377 1156 ἔχουσι
3437 1078 3494 1134 δὲ
3542 1080 3740 1142 οὕτως.

2086 1195 2112 1221 ‹‹
2150 1170 2326 1226 Πάντα
2372 1171 2438 1225 τὰ
2485 1170 2591 1242 έμά
2641 1171 2728 1243 σὰ,
2761 1172 2850 1226 καὶ
2897 1171 2962 1225 τὰ
3011 1171 3077 1225 σὰ
3107 1169 3231 1242 ἐμὰ,
3265 1170 3354 1224 καὶ
3414 1167 3740 1242 δεδόξασμαι

2085 1258 2136 1314 ἐν
2167 1259 2370 1321 αὐτοῖς.
2413 1284 2439 1311 ››
2483 1263 2627 1317 Μακ.
2664 1262 2748 1314 Ἐν
2779 1261 2880 1336 γὰρ
2909 1265 3027 1322 τοῖς
3084 1262 3353 1332 μαθηταῖς
3405 1257 3739 1329 δεδόξασται.

2082 1351 2231 1424 Ὀρθ.
2266 1349 2381 1406 Οὐκ
2409 1349 2550 1424 εἶχεν
2601 1347 2692 1403 οὗν
2752 1347 2906 1419 δόξαν
2938 1349 3045 1423 πρὸ
3076 1354 3171 1403 τοῦ
3203 1349 3293 1403 τὸν
3323 1348 3530 1421 κόσμον
3566 1347 3698 1402 εἶναι
3727 1368 3742 1417 ;

2089 1441 2232 1495 Μακ.
2267 1440 2390 1510 Ναὶ,
2423 1439 2590 1513 εἶχενσ
2623 1437 2920 1514 γέγραπται
2952 1437 3073 1514 γάρ.
3113 1464 3132 1488 α
3170 1437 3366 1512 Πάτερ,
3403 1435 3624 1509 δόξασόν
3677 1457 3746 1510 με

2085 1531 2154 1600 τῇ
2188 1525 2339 1602 δόξῃ,
2429 1527 2577 1602 εἶχον
2603 1529 2709 1604 πρὸ
2731 1531 2828 1582 τοῦ
2857 1530 2947 1582 τὸν
2980 1526 3185 1600 κόσμον
3213 1527 3369 1594 εἶναι,
3393 1526 3541 1600 παρὰ
3572 1525 3682 1582 σοί.
3714 1549 3742 1578 ››

2089 1616 2239 1690 Ὀρθ.
2277 1618 2364 1672 Ἐν
2420 1616 2554 1691 αὐτῇ
2607 1613 2822 1692 ἔρχεται
2875 1622 3054 1694 κρῖναι
3106 1620 3308 1684 ζῶντας
3356 1615 3447 1670 καὶ
3493 1613 3745 1690 νεκροὺς,

2087 1706 2122 1774 ἢ
2157 1706 2208 1760 ἐν
2244 1704 2388 1780 ἄλλῃ
2419 1733 2434 1774 ς
2466 1713 2605 1762 Μακ.
2641 1707 2726 1762 Ἐν
2763 1705 2923 1780 αὐτῇ.
2959 1707 3110 1778 Ὀρθ.
3147 1705 3304 1780 Λέγει
3339 1704 3395 1760 δὲ
3426 1702 3477 1758 ἐν
3507 1704 3745 1780 Εὐαγγέ-

2090 1793 2253 1857 λίοις⁶
2287 1821 2314 1846 ‹‹
2350 1795 2559 1852 Μέλλει
2583 1797 2684 1871 γὰρ
2716 1796 2744 1850 6
2776 1795 2899 1857 Υἱὸς
2928 1799 3025 1849 τοῦ
3058 1795 3349 1870 ἀνθρώπου
3383 1792 3636 1870 ἔρχεσθαι
3689 1793 3743 1848 ἐν

325 1887 515 1960 gloria
562 1903 740 1958 quam
771 1886 976 1950 habui,
1009 1890 1323 1956 antequam
1357 1891 1611 1942 mundus
1652 1889 1975 1957 exsisteret,

2093 1888 2156 1958 τῇ
2209 1882 2334 1958 δόξῃ
2386 1889 2482 1939 τοῦ
2535 1885 2748 1960 ΙΙατρὸς
2798 1883 3137 1986 αὐτοῦ’(98).
3172 1907 3201 1935 ››
3235 1882 3382 1954 Αὕτη
3417 1884 3518 1958 ἄρα
3549 1884 3584 1952 ἡ
3618 1880 3748 1953 δόξα

323 1977 479 2048 apud
512 1980 569 2030 te
599 1976 663 2029 ⁸ο.
702 1996 729 2023 ››
763 1976 912 2030 Orth.
949 1975 1321 2032 Venturusne
1350 1982 1441 2031 est
1472 1977 1530 2030 in
1563 1993 1632 2032 ea
1658 1977 1974 2049 gloria,ju-

326 2065 629 2119 dicaturus
676 2063 835 2119 vivos
867 2069 922 2120 et
952 2068 1240 2128 mortuos,
1275 2082 1346 2120 an
1400 2066 1457 2120 in
1492 2064 1650 2121 alia?
1680 2067 1878 2122 Maccd.
1918 2069 1976 2123 ln

327 2169 396 2208 ea
425 2153 572 2225 ipsa.
609 2153 760 2208 Orth.
798 2151 948 2207 Dicit
980 2157 1171 2208 autem
1208 2155 1264 2208 in
1327 2153 1654 2226 Evangeliis
1689 2172 1701 2209 :
1737 2177 1764 2204 ‹‹
1799 2155 1980 2211 Filius

329 2243 484 2297 enim
518 2241 772 2296 hominis
801 2246 1087 2296 venturus
1109 2243 1274 2297 estin
1299 2242 1484 2314 gloria
1511 2245 1694 2300 Patris
1727 2245 1818 2299 sui
1849 2246 1913 2300 ⁶¹.
1947 2268 1974 2296 ››

330 2334 462 2385 Haec
491 2329 672 2402 igitur
717 2329 905 2401 gloria
935 2333 1025 2384 est
1075 2330 1265 2386 Patris
1296 2335 1352 2386 et
1385 2332 1527 2386 Filii.
1561 2332 1800 2388 Unicam
1834 2351 1978 2405 pra-

330 2424 488 2474 teres
517 2434 646 2474 esse
676 2418 922 2489 gloriam
957 2419 1095 2474 dicit
1121 2419 1235 2475 alio
1266 2421 1560 2494 Evangelii
1593 2422 1717 2478 loco
1751 2440 1800 2477 ;‹‹
1829 2423 1976 2478 Cum

2083 1978 2180 2029 τοῦ
2211 1974 2340 2027 Υὶοῦ
2371 1971 2508 2027 ἐστιν
2542 1972 2630 2027 καὶ
2660 1978 2758 2027 τοῦ
2808 1967 3044 2047 Πατρός.
3075 1973 3177 2029 Καὶ
3224 1970 3306 2027 ὅτι
3364 1971 3462 2045 μία
3509 1970 3656 2044 δόξα,
3691 1971 3744 2027 ἐν

2090 2060 2249 2135 ἄλλῳ
2279 2062 2432 2134 τόπῳ
2461 2067 2559 2116 τοῦ
2591 2061 2924 2138 Εὐαγγελίου
2967 2060 3132 2138 λέγει·
3169 2085 3196 2113 ‹‹
3226 2064 3391 2119 ’Όταν
3443 2058 3500 2116 δὲ
3549 2060 3681 2136 ἔλθῃ
3718 2063 3748 2116 6

2089 2151 2214 2215 Υἱὸς
2261 2156 2357 2206 τοῦ
2409 2152 2698 2225 ἀνθρώπου
2748 2151 2798 2206 ἐν
2839 2155 2908 2225 τῇ
2942 2149 3067 2224 δόξῃ
3105 2149 3292 2223 αὐτοῦ,
3324 2152 3414 2206 καὶ
3467 2149 3660 2212 πάντες
3693 2151 3748 2205 οἳ

2093 2240 2319 2317 ἄγγελοι
2366 2243 2480 2314 μετ’
2529 2241 2714 2310 αὐτοῦ,
2745 2241 2866 2296 τότε
2921 2241 3127 2296 καθίσει
3181 2240 3267 2295 ἐπὶ
3327 2240 3523 2316 θρόνου
3582 2237 3748 2310 δόξης

2093 2331 2342 2387 αὐτοῦ.»
2393 2330 2659 2400 Ἀκούεις,
2710 2331 2756 2386 εἴ
2815 2331 2928 2385 ὦτα
2986 2328 3158 2404 ἔχεις,
3217 2330 3300 2384 ὅτι
3361 2329 3528 2399 αὐτὴν
3588 2326 3745 2402 δόξαν

2096 2421 2289 2475 ἑαυτοῦ
2321 2417 2469 2494 λέγει
2498 2421 2587 2474 καὶ
2613 2425 2711 2474 τοῦ
2746 2419 2976 2494 Πατρός.

337 2509 563 2563 venerit
592 2515 784 2564 autem
821 2508 1003 2564 Filius
1050 2509 1308 2565 hominis
1336 2511 1395 2565 in
1445 2512 1632 2582 gloria
1663 2530 1792 2578 sua,
1824 2519 1881 2568 et
1931 2528 2137 2569 omnes
2190 2510 2545 2583 angelicum
2595 2528 2680 2579 eo,
2715 2516 2857 2566 tunc
2903 2510 3133 2566 sedebit
3178 2510 3236 2564 in
3289 2511 3501 2565 throno
3550 2510 3750 2581 glorias

333 2615 453 2653 suae
483 2599 550 2652 ⁶².
586 2619 613 2646 ››
649 2598 832 2653 Audis
860 2614 994 2653 eum
1029 2598 1340 2666 dicentem,
1370 2600 1417 2654 si
1451 2601 1624 2656 modo
1656 2619 1825 2656 aures
1859 2603 2060 2668 habes,
2093 2600 2359 2655 eamdem
2390 2615 2520 2655 esse
2550 2616 2719 2655 suam
2752 2605 2809 2654 et
2840 2599 3023 2655 Patris
3053 2598 3324 2672 gloriam.

405 2688 458 2740 4.
492 2686 689 2741 Maced.
749 2690 920 2741 Potes
974 2686 1118 2740 mihi
1171 2689 1499 2757 ostendere,
1551 2690 1648 2744 ubi
1696 2692 1982 2762 scriptum

334 2777 430 2839 sit,
462 2775 744 2846 Spiritum
781 2791 910 2831 esse
943 2776 1122 2832 Deum
1149 2775 1172 2830 Ρ
1197 2794 1476 2848 quorsum
1511 2795 1604 2833 me
1633 2780 1835 2834 tandiu
1871 2780 1982 2835 eir-

331 2865 596 2936 cumagis
617 2862 640 2919 Ρ
665 2865 896 2921 Orth.Si
931 2865 1168 2936 quidem
1201 2866 1449 2936 apostoli
1482 2867 1738 2938 primum
1771 2885 1982 2940 cogno-

325 2959 537 3009 verunt
580 2953 888 3024 Spiritum,
941 2970 1007 3009 ac
1058 2954 1139 3010 ita
1186 2955 1426 3010 demum
1481 2955 1713 3022 Filium,
1749 2963 1902 3013 recte
1928 2962 1985 3013 et

323 3049 386 3098 tu
419 3044 739 3112 investigas
760 3047 816 3097 et
845 3043 1103 3113 Spiritus
1131 3045 1316 3098 sancti
1344 3044 1616 3100 notitiam
1640 3051 1774 3102 ante
1800 3047 1984 3103 Patris

324 3133 917 3204 cognitionem.0uod
955 3133 1002 3186 si
1038 3131 1198 3202 prius
1230 3131 1349 3188 illis
1383 3133 1567 3190 Filius
1601 3134 1880 3201 innotuit,
1916 3153 1982 3191 ac

325 3223 600 3292 deinceps
628 3219 881 3292 Spiritus
904 3229 1144 3276 sanctus
1173 3238 1184 3274 :
1209 3226 1272 3276 tu
1322 3239 1552 3293 quoque
1595 3225 1854 3296 primum
1887 3225 1981 3279 Fi-

327 3311 387 3366 lii
420 3326 594 3365 nosce
627 3310 928 3374 deitatem,
960 3327 1026 3364 ac
1060 3316 1181 3364 tum
1216 3310 1471 3382 Spiritus
1517 3313 1782 3369 notitiam
1819 3330 1977 3369 asse-
2011 3334 2054 3400 ρ

328 3415 526 3472 quere.
582 3399 789 3456 Maced.
822 3398 984 3465 Novi,
1019 3403 1076 3454 et
1105 3401 1316 3469 ‘credo,
1355 3399 1563 3456 Filium
1614 3417 1744 3458 esse
1796 3404 1977 3458 Deum

325 3507 395 3546 ex
430 3491 541 3544 Deo
572 3487 738 3542 Patre
759 3488 1239 3560 genitum,totum
1258 3505 1326 3542 ex
1349 3494 1488 3544 toto.
1514 3489 1670 3548 Orth.
1705 3490 1888 3561 Igitur
1916 3508 1984 3545 ex

327 3578 518 3634 Patris
548 3577 878 3632 substantia
903 3577 924 3629 Ρ
955 3577 1151 3632 Maced.
1186 3577 1498 3635 Non.0rth.
1536 3579 1617 3634 lta
1646 3579 1828 3649 igitur
1848 3596 1983 3634 eum

333 3667 480 3722 dicis
511 3681 639 3721 esse
669 3669 853 3719 totum
888 3681 954 3720 ex
988 3669 1126 3734 toto,
1163 3673 1228 3720 ut
1261 3667 1585 3738 quemlibet
1616 3667 1982 3738 angelorum,

331 3761 387 3812 et
411 3760 650 3811 caeteras
681 3771 774 3809 res
826 3753 1093 3810 creatas?
1126 3755 1323 3812 Maced.
1357 3757 1462 3810 Sed
1502 3756 1678 3810 Filius
1709 3756 1982 3825 unigeni-

331 3852 426 3901 tus
457 3847 547 3899 est
580 3846 748 3899 Deus.
786 3843 940 3899 Orth.
991 3849 1075 3897 An
1107 3859 1240 3898 eum
1278 3849 1581 3917 prOpterea
1612 3845 1982 3917 unigenitum

329 3951 521 4005 vocas,
550 3933 830 4005 quoniam
863 3931 1015 3987 alius
1046 3932 1256 3987 similis
1289 3951 1405 3988 non
1439 3939 1547 3996 est,
1572 3951 1643 3988 an
1676 3951 1811 3990 vero
1843 3952 1986 4006 quo-

329 4024 488 4080 niam
513 4023 676 4079 solus
705 4039 773 4077 ex
805 4022 1139 4077 substantia
1170 4023 1404 4094 genitus
1435 4025 1588 4080 443
1617 4028 1705 4080 est
1732 4024 1754 4076 ?
1783 4025 1982 4080 Mared.

327 4113 614 4178 Quoniam
640 4111 790 4166 alius
812 4109 1025 4167 similis
1048 4129 1160 4167 non
1185 4115 1455 4171 est.0rlh.
1475 4113 1579 4169 Dic
1609 4114 1790 4184 igitur
1807 4115 1984 4170 etiam

331 4203 615 4276 Spiritum
639 4206 910 4257 sanctum
933 4201 1278 4257 esseFilium
1297 4203 1808 4274 unigenitumNec
1828 4205 1984 4259 enim

333 4293 484 4348 alius
515 4297 604 4347 est
632 4290 886 4363 Spiritus
936 4290 1172 4345 similis.
1208 4292 1405 4348 Maced.
1438 4292 1638 4347 Absit!
1674 4293 1829 4348 Orth.
1861 4293 1985 4348 Non

335 4398 472 4455 ergo
502 4381 718 4437 dicitur
746 4381 1181 4451 unigenitus,eo
1213 4381 1366 4452 quod
1406 4381 1566 4437 solus
1597 4381 1676 4438 sit
1702 4381 1860 4446 talis,
1885 4384 1986 4437 sed

337 4471 616 4544 quoniam
669 4469 832 4526 solus
865 4487 933 4525 ex
982 4470 1315 4526 substantia
1361 4472 1596 4542 genitus
1643 4476 1748 4525 est.
1786 4471 1984 4525 Maccd.

335 4565 542 4617 Annon
590 4575 723 4614 vero
756 4559 1010 4630 Spiritus
1060 4562 1149 4614 est
1178 4575 1246 4614 ex
1276 4559 1376 4614 Dei
1418 4559 1797 4615 substantia?
1829 4561 1985 4615 Orlh.

337 4651 488 4706 Sane
538 4648 796 4720 quidem.
849 4648 1044 4702 Maced.
1080 4651 1225 4718 Ergo
1255 4654 1312 4703 et
1354 4648 1610 4718 Spiritus
1641 4653 1732 4702 est
1780 4649 1985 4703 Filius.

337 4741 494 4798 Orth.
523 4739 644 4792 lmo
677 4735 858 4791 Filius
889 4736 1124 4807 quidem
1159 4752 1225 4791 ex
1259 4737 1586 4791 substantia
1618 4737 1848 4805 genitus
1876 4741 1985 4803 est,

338 4829 584 4898 ideoque
613 4830 702 4879 est
754 4825 1093 4894 unigenitus
1124 4825 1304 4880 Filius
1341 4843 1352 4880 :
1387 4825 1642 4897 Spiritus
1691 4830 1890 4881 autem
1922 4842 1989 4881 ex

335 4916 672 4974 substantia
692 4914 1274 4985 proceditScriptum
1303 4930 1560 4986 namque
1581 4914 1988 4985 est,«Spiritus

332 5024 398 5062 ex
429 5022 520 5061 me
550 5004 869 5076 procedit,»
890 5005 988 5058 sed
1017 5016 1156 5063 non.
1185 5004 1262 5058 Ex
1287 5019 1380 5057 me
1403 5003 1637 5075 genitus
1657 5009 1747 5057 est
1770 5020 1782 5057 :
1809 5010 1866 5058 et
1897 5003 1986 5059 Fi-

332 5097 446 5151 lius
476 5096 617 5150 dicit
652 5113 663 5149 :
699 5117 726 5143 «
763 5092 1021 5164 Spiritus
1052 5091 1332 5158 veritatis,
1368 5093 1467 5162 qui
1503 5110 1534 5146 a
1574 5096 1736 5148 l—atre
1784 5109 1987 5164 proce-

329 5187 415 5241 dit
443 5186 506 5237 ⁸³.
549 5209 567 5232 ιι
603 5185 727 5240 Non
763 5187 983 5248 autem,
1015 5181 1256 5238 Genitus
1289 5186 1396 5236 est.
1422 5181 1626 5237 Maced.
1659 5183 1767 5238 Sed
1801 5183 1985 5253 quod-

2169 2690 2222 2742 4.
2269 2693 2409 2742 Μακ.
2467 2689 2658 2761 Ἔχεις
2723 2707 2814 2759 μοι
2875 2684 3064 2759 δεῖξαι,
3124 2690 3229 2740 ποῦ
3281 2684 3602 2762 γέγραπται,
3661 2684 3748 2740 ὅτι

2094 2777 2222 2838 Θεὸς
2280 2776 2344 2830 τὸ
2399 2778 2618 2848 Ιίνεῦμα
2644 2795 2658 2846 ;
2689 2776 2741 2830 τί
2794 2797 2860 2848 με
2917 2776 3192 2851 περιάγεις
3240 2773 3465 2844 πολλά;
3500 2776 3648 2847 Ὀρθ.
3682 2774 3750 2832 Εἴ

2098 2865 2191 2936 μὲν
2223 2869 2438 2938 πρῶτον
2471 2863 2705 2941 ἔγνωσαν
2736 2866 2786 2919 οἱ
2819 2866 2965 2940 ἅγιοι
3028 2863 3326 2920 ἀπόστολοι
3383 2864 3446 2918 τὸ
3499 2867 3748 2936 Πνεῦμα,

2091 2954 2180 3007 καὶ
2229 2954 2354 3009 τότε
2397 2955 2490 3008 τὸν
2539 2955 2686 3020 Υὶὸν,
2718 2953 2902 3016 καλῶς
2944 2953 3033 3008 καὶ
3067 2953 3128 3007 σὺ
3162 2953 3439 3024 ἐπιζητεῖς
3470 2954 3568 3022 τήν
3619 2951 3752 3027 περὶ

2090 3047 2187 3096 τοῦ
2253 3040 2573 3114 ΙΙνεύματος
2640 3047 2837 3117 γνῶσιν
2894 3045 3004 3116 (99)
3060 3044 3167 3118 πρὸ
3219 3049 3320 3111 τῆς
3377 3046 3476 3097 τοῦ
3538 3041 3750 3117 Πατρὸς

2091 3131 2364 3205 γνώσεως·
2428 3130 2479 3184 εἰ
2529 3127 2586 3185 δὲ
2639 3130 2903 3206 πρότερον
2964 3131 3203 3208 ἐγνώσθη
3274 3130 3457 3193 αὐτοῖς
3517 3133 3546 3185 6
3601 3131 3749 3198 Υἱὸς,

2091 3220 2181 3275 καὶ
2237 3219 2360 3274 τότε
2402 3221 2463 3274 τὸ
2524 3222 2767 3293 Πνεῦμα,
2799 3219 3061 3296 πρότερον
3113 3221 3204 3275 καὶ
3263 3219 3421 3282 αὐτὸς
3481 3219 3748 3295 ἐπίγνωθι

2090 3311 2189 3378 τήν
2245 3314 2342 3364 τοῦ
2401 3311 2529 3363 Υἱοῦ
2588 3311 2838 3382 θεότητα,
2869 3310 2958 3364 καὶ
3017 3309 3191 3372 οὕτως
3228 3312 3444 3384 μαθήσῃ
3498 3311 3589 3365 καὶ
3642 3312 3746 3379 τήν

2090 3403 2185 3454 τοῦ
2245 3397 2563 3470 ΙΙνεόματος
2621 3404 2839 3474 γνῶσιν.
2899 3406 3039 3455 Μακ.
3101 3397 3257 3470 υίδα,
3317 3399 3408 3454 καὶ
3482 3399 3747 3470 πιστεύω,

2093 3488 2175 3542 ὅτι
2209 3488 2338 3549 Θεός
2368 3487 2508 3542 ἐστιν
2544 3489 2572 3541 6
2604 3489 2750 3557 Υἱὸς,
2784 3488 2844 3542 ἐκ
2871 3493 2968 3544 τοῦ
3000 3491 3133 3543 Θεοῦ
3163 3493 3259 3542 τοῦ
3299 3489 3513 3561 Ιιατρὸς
3548 3509 3746 3563 γεννη-

2093 3577 2226 3644 θεὶς,
2260 3575 2390 3637 ὅλος
2420 3577 2469 3647 ἐξ
2502 3575 2656 3632 ὅλου.
2694 3577 2841 3650 Ὀρθ.
2876 3576 3078 3631 Οὐκοῦν
3112 3576 3171 3630 ἐκ
3197 3584 3296 3646 τῆς
3337 3575 3521 3639 οὐσίας
3549 3596 3563 3646 ;
3596 3580 3742 3635 Μακ.

2093 3662 2227 3722 Οὔκ.
2262 3666 2410 3740 Ὀρθ.
2445 3661 2629 3726 Οὕτως
2664 3664 2753 3718 οὖν
2790 3665 2948 3720 αὐτὸν
2982 3663 3157 3741 λέγεις
3187 3665 3318 3722 ὅλον
3370 3665 3424 3737 ἐξ
3473 3665 3630 3737 ὅλου,
3671 3667 3752 3727 ὡς

2098 3751 2315 3808 ἕκαστον
2369 3758 2476 3808 τῶν
2537 3753 2783 3828 ἀγγέλων
2842 3755 2931 3809 καὶ
2991 3760 3097 3808 τῶν
3158 3753 3345 3811 ἄλλων
3405 3755 3758 3828 κτισμάτων;

2097 3851 2238 3899 Μακ.
2276 3841 2429 3900 Ἀλλ’
2478 3845 2506 3898 ὁ
2555 3842 2680 3905 Υἱὸς
2741 3846 3033 3920 μονογενής
3092 3843 3201 3898 ἔστι
3263 3844 3414 3906 Θεός.
3458 3846 3607 3919 Ὀρθ.
3660 3845 3761 3899 Διὸ.

2097 3937 2256 3987 τοῦτο
2291 3931 2448 3986 αὐτὸν
2481 3931 2656 4008 λέγεις
2709 3939 3002 4007 μονογενῆ,
3035 3930 3224 4001 ἐπειδὴ
3275 3929 3448 3995 ἄλλος
3506 3938 3758 3995 τοιοῦτος

2099 4021 2198 4076 οὐκ
2228 4019 2396 4089 ἔστιν,
2427 4021 2462 4088 ἢ
2499 4018 2686 4089 ἐπειδὴ
2721 4022 2886 4093 μόνος
2921 4020 2980 4075 ἐκ
3007 4029 3107 4090 τῆς
3155 4021 3338 4084 οὐσίας
3393 4021 3709 4099 γεγέννηται
3738 4041 3752 4091 ;

2098 4115 2244 4169 Μακ.
2280 4109 2502 4180 Ἐπειδὴ
2563 4110 2735 4173 ἄλλος
2791 4116 3042 4174 τοιοῦτος
3095 4111 3194 4166 οὐκ
3231 4110 3399 4170 ἔστιν.
3427 4114 3582 4187 Ὀρθ.
3617 4113 3756 4170 Eiet}

2097 4203 2189 4256 οὗν
2248 4201 2337 4255 καὶ
2393 4202 2456 4254 τὸ
2518 4202 2742 4272 Πνεῦμα
2769 4201 2832 4256 τὸ
2865 4203 3017 4274 ἅγιον
3085 4204 3354 4276 μονογενῆ
3388 4201 3536 4258 Υἱόν.
3570 4200 3756 4259 ηΑλλο

2095 4291 2195 4366 γὰρ
2251 4294 2499 4344 τοιοῦτον
2561 4289 2660 4344 οὐκ
2716 4286 2878 4346 ἔστιν.
2941 4292 3084 4348 Μακ.
3146 4291 3240 4358 Μὴ
3291 4291 3541 4367 γένοιτοί
3605 4293 3758 4366 Ὀρθ.

2097 4378 2211 4436 Οὐκ
2267 4377 2369 4452 ἄρα
2418 4375 2506 4432 δίά
2548 4379 2611 4432 τὸ
2664 4377 2832 4450 μόνον
2862 4383 3111 4434 τοιοῦτον
3144 4381 3303 4438 αὐτὸν
3335 4380 3488 4449 εἶναι,
3527 4402 3758 4456 μονογε-

2095 4470 2194 4535 νὴς
2229 4467 2472 4541 λέγεται,
2501 4465 2631 4522 ἀλλ’
2659 4465 2846 4536 ἐπειδή
2885 4469 3046 4540 μόνος
3077 4469 3137 4523 ἐκ
3174 4476 3275 4539 τῆς
3328 4468 3514 4533 οὐσίας
3567 4472 3756 4545 γεγέν-

2097 4576 2277 4624 νηται.
2315 4557 2457 4612 Μακ.
2492 4555 2607 4611 Οὐκ
2637 4554 2776 4611 ἔστιν
2811 4555 2900 4610 οὖν
2936 4557 2994 4611 ἐκ
3021 4564 3120 4626 τῆς
3151 4557 3336 4620 οὐσίας
3365 4563 3465 4614 τοῦ
3513 4565 3646 4615 Θεοῦ
3693 4561 3758 4616 τὸ

2100 4647 2354 4716 ΙΙνεῦμα;
2391 4645 2539 4719 Ὀρθ.
2575 4644 2671 4698 Καὶ
2723 4644 2882 4703 πάνυ.
2918 4647 3061 4704 Μακ.
3096 4646 3196 4703 Καὶ
3256 4646 3388 4702 αὐτὸ
3447 4645 3550 4722 ἄρα
3609 4649 3754 4711 Υἱός.

2102 4735 2250 4806 Ὀρθ.
2286 4731 2440 4790 Ἀλλ’
2471 4735 2498 4787 6
2536 4735 2630 4806 μὲν
2658 4735 2780 4796 Υἱὸς
2819 4733 2877 4788 ἐκ
2905 4742 3004 4804 τῆς
3057 4735 3241 4798 οὐσίας
3294 4736 3632 4812 γεγέννηται,
3664 4740 3758 4794 καὶ

2101 4821 2188 4877 διὰ
2214 4828 2374 4878 τοῦτο
2439 4825 2737 4898 μονογενής
2767 4819 2990 4885 Υἱός-τὸ
3024 4822 3080 4880 δὲ
3104 4827 3326 4882 Πνεῦμα
3355 4825 3414 4881 ἐκ
3441 4834 3542 4896 τῆς
3572 4827 3760 4888 οὐσίας

2098 4908 2463 4988 ἐκπορεύεται.
2506 4937 2527 4963 α
2566 4917 2782 4986 Πνεῦμα
2816 4913 2973 4989 »γὰρ
3026 4938 3054 4966 ‹‹
3097 4916 3223 4989 παρ’
3274 4914 3412 4986 ἐμοῦ
3462 4916 3756 4992 ἐκπορεύε-

2095 5023 2204 5068 ται,
2261 5026 2282 5053 ι
2327 5002 2642 5078 γέγραπται’
2701 5001 2784 5070 οὐ,
2846 5002 3183 5078 Γεγέννηται⁹
3244 5006 3334 5060 καὶ
3402 5007 3526 5068 Υἱὸς
3585 5005 3753 5081 λέγειν

2097 5116 2126 5142 ‹‹
2161 5092 2238 5148 Τὸ
2274 5093 2498 5163 Ιῐνεῦμα
2527 5098 2626 5161 τῆς
2671 5089 2954 5162 ἀληθείας,
2987 5093 3016 5147 ὃ
3056 5095 3201 5165 παρὰ
3248 5099 3344 5149 τοῦ
3397 5096 3606 5168 ΙΙατρὸς
3662 5094 3748 5147 ἐκ·

2098 5181 2405 5254 πορεύεται·
2438 5207 2460 5234 ι
2499 5180 2583 5249 οὐ,
2615 5181 2956 5255 Γεγέννηται.
2994 5184 3140 5240 Μακ.
3176 5184 3273 5238 Καὶ
3328 5186 3413 5246 τίς
3445 5186 3478 5252 ἡ
3519 5180 3748 5259 διαφορὰ

402 5401 444 5435 ⁵⁸
475 5399 644 5456 Joan.
678 5415 819 5468 xvu,
855 5397 940 5452 10.
1020 5396 1064 5431 ⁸9
1094 5395 1236 5451 ibid.
1313 5397 1357 5431 ⁶⁰
1386 5395 1528 5451 ibid.
1551 5396 1606 5450 5.
1683 5396 1724 5431 ⁶¹
1762 5396 1966 5453 Matth.

2099 5441 2113 5467 ,
2145 5397 2234 5452 27.
2311 5398 2358 5434 ⁶²
2388 5395 2744 5467 Mattb.xxv,
2775 5397 2864 5453 31.
2942 5399 2986 5433 ⁶³
3015 5399 3180 5456 Joan.
3214 5417 3307 5468 xv,
3337 5403 3394 5458 6.

411 5609 525 5678 (98)
559 5608 694 5663 Mss.
731 5612 796 5662 ut
829 5605 1155 5678 plurimum
1189 5604 1408 5661 habent
1436 5604 1600 5659 αὐτοῦ
1631 5623 1766 5662 cum
1801 5609 1984 5675 tenui,

343 5677 521 5760 etiam
552 5679 652 5760 ubi
689 5695 790 5760 pro
823 5677 1163 5760 possessivo
1183 5680 1439 5760 ponitur.
1465 5679 1762 5760 Secus‘H;
1784 5679 1984 5760 Steph.

346 5750 491 5806 lbid.
551 5746 660 5800 Μία
690 5743 792 5820 ἄρα
823 5743 884 5814 τὴ
945 5743 1070 5816 δόξα
1127 5743 1379 5805 ΡίῙαῐίη.
1429 5751 1496 5821 τῇ
1553 5750 1685 5821 (sic)
1735 5743 1903 5825 ἅραῆ
1935 5747 1985 5809 δ.

2099 5607 2289 5665 Felck.

2098 5681 2408 5809 Μ
2445 5696 2584 5736 mss.
2629 5679 2778 5738 Editi
2827 5697 2982 5753 vero,
3032 5686 3128 5738 τοῦ
3175 5683 3497 5760 ΙΙνεύματος
3553 5690 3762 5763 γνῶσιν
