4116 6378
373 427 401 485 Ι
411 424 529 487 209

1324 428 1423 489 DE
1467 428 1765 491 SANCTA
1812 429 2239 491 TRINITA'I‘E
2284 430 2677 495 DIALOGUS
2722 433 2831 495 III.

3628 430 3786 493 1210

369 560 795 647 τῆςογεννήσεως
846 559 937 613 καὶ
984 566 1085 627 τῆς
1144 559 1552 635 ἐκπορεύσεωςς
1612 562 1759 636 Ὀρθ.
1818 563 1874 615 Ὀ
1920 563 2009 629 τὴν

2138 581 2273 619 nam
2308 565 2624 621 discrimen
2666 572 2754 621 est
2802 569 3194 639 generationis
3243 572 3299 623 et
3347 566 3786 639 processionis?

370 646 633 726 διαφορὰν
683 646 860 719 εἰδὼς,
920 651 1009 702 καὶ
1054 648 1145 703 τὸν
1196 650 1395 721 τρόπον
1452 653 1547 719 τῆς
1578 654 1876 725 γεννήσεως
1933 650 2021 705 καὶ

367 745 467 807 τῆς
504 736 873 813 ἐκπορεύσεως
906 735 1070 793 οἶδεν.
1105 740 1229 793 ’Ότι
1257 736 1313 793 δὲ
1342 736 1523 801 οὐδεὶς
1571 737 1710 793 οἶδεν
1760 741 1849 793 τὸν
1894 740 2020 815 τρό-

368 849 469 882 πον
498 834 600 895 τῆς
656 829 977 901 γεννήσεως,
1037 828 1064 880 ὁ
1122 828 1412 905 προφήτης
1480 830 1598 903 βε)ξὶ⁸
1665 854 1690 880 ‹‹

368 938 451 971 σιν
486 919 563 988 (1)
614 915 777 970 αὐτοῦ
828 915 909 976 τίς
963 913 1317 990 διηγγςσεταιε
1376 942 1403 967 ››
1445 924 1581 973 Μακ.
1622 918 1726 973 Καὶ
1784 923 1898 980 πῶς
1931 916 2022 972 οὖν

1741 830 1846 897 Τήν
1871 829 1955 903 γέν
1966 850 2019 882 ε-

368 1005 565 1082 λέγεις,
615 1007 696 1061 ὅτι
748 1008 775 1060 6
821 1007 912 1079 μὲν
964 1009 1088 1069 Υἱὸς
1138 1008 1196 1062 ἐκ
1224 1016 1324 1077 τῆς
1356 1008 1542 1071 οὐσίας
1570 1011 1899 1084 γεγέννηται,
1958 1011 2020 1064 τὸ

368 1093 427 1150 δὲ
458 1101 679 1168 Πνεῦμα
729 1095 1075 1172 ἐκπορεύεται
1104 1118 1116 1165 ;
1149 1099 1296 1172 Ὀρθ.
1333 1100 1413 1155 Τὰ
1460 1102 1806 1175 γεγραμμένα
1849 1101 2015 1174 λέγω.

368 1186 467 1240 Καὶ
503 1185 565 1239 σὺ
598 1183 743 1260 λέγε,
801 1186 891 1240 καὶ
938 1187 999 1241 οὐ
1055 1184 1405 1249 κινδυνεύεις.
1468 1192 1609 1245 Μακ.
1664 1195 1774 1243 Ποῦ
1806 1190 1896 1245 οῦν
1929 1193 2017 1265 γέ-

363 1295 623 1348 γραπται,
673 1274 732 1329 ἐκ
775 1282 875 1344 τῆς
930 1275 1152 1345 οὐσίας;
1208 1278 1361 1351 Ὀρθ.
1420 1280 1543 1334 ’Ὁτι
1592 1279 1764 1333 πάντα
1812 1279 1871 1334 ἐκ
1920 1279 2016 1334 τοῦ

367 1368 523 1429 Θεοῦ,
573 1365 889 1439 γέγραπται,
940 1366 1029 1419 καὶ
1072 1365 1132 1419 σὺ
1188 1366 1516 1443 ὁμολογεῖς;
1553 1375 1690 1425 Μακ.
1724 1370 1846 1439 Ναὶ,
1880 1370 2015 1442 ὁμο-

368 1450 541 1526 λογῶ.
577 1454 666 1521 Μὴ
700 1451 791 1508 οὖν
825 1452 884 1509 ἐκ
912 1461 1014 1523 τῆς
1048 1454 1229 1517 οὐσίας
1270 1456 1479 1524 πάντα;
1512 1459 1655 1533 Ὀρθ.
1710 1459 1872 1534 Οὐχὶ,
1939 1462 2011 1532 μὴ

372 1543 573 1617 γένοιτο
601 1544 612 1598 l
648 1540 806 1598 Ἀλλ’
838 1542 942 1615 ὅτι,
976 1547 1187 1599 πάντων
1221 1542 1389 1600 ὄντων
1433 1546 1491 1601 ἐκ
1519 1552 1615 1601 τοῦ
1666 1553 1822 1615 Θεοῦ,
1857 1550 2015 1611 οὗτος

374 1633 676 1705 μονογενὴς
724 1632 868 1697 Υἱὸς,
914 1632 1144 1688 πολλῶν
1197 1630 1371 1690 ὄντῶν
1416 1637 1569 1707 υἱῶν,
1602 1640 1639 1705 ἦ
1668 1639 1773 1711 μὴν
1831 1638 1890 1693 ἐκ
1917 1642 2014 1708 τῆς

366 1719 576 1789 οὐσίας,
610 1717 784 1789 δῆλόν
814 1719 973 1778 ἐστιν.

435 1992 492 2045 5.
525 1996 664 2045 Μακ.
698 1990 786 2057 Μὴ
836 1990 925 2044 καὶ
972 1992 1034 2045 τὸ
1084 1997 1302 2065 Πνεῦμα
1354 1998 1652 2070 μονογενὴς
1684 1997 1805 2059 Υἱός
1835 1997 2012 2067 ἐστιν;

364 2078 517 2151 Ὀρθ.
553 2078 652 2134 Καὶ
679 2082 767 2132 νῦν
799 2076 967 2153 λέγω,
1006 2082 1080 2152 μὴ
1113 2081 1319 2156 γένοιτο
1371 2084 1578 2141 εἰπεῖνέ
1633 2086 1784 2142 Ἀλλ’
1832 2088 2012 2164 ὥσπερ

361 2165 594 2221 πολλῶν
624 2163 793 2222 ὄντων
828 2170 980 2249 υίῶν,
1013 2174 1201 2224 τοῦτον
1256 2169 1494 2247 ἔγνωμεν
1547 2173 1605 2228 ἐκ
1650 2178 1748 2243 τῆς
1804 2163 2011 2249 οὐσίας,

363 2254 453 2311 διὰ
482 2254 544 2310 τὸ
598 2257 771 2331 λέγειν
820 2246 911 2311 τὸν
963 2260 1196 2333 Πατέρα·
1251 2286 1270 2310 ι
1298 2246 1303 2247 ⁷
1327 2261 1498 2323 Οὗτός
1536 2264 1628 2335 μοί
1660 2262 1799 2317 ἐστιν
1829 2266 1856 2319 6
1889 2246 2011 2327 Υἱὸς

360 2346 391 2399 6
426 2345 721 2419 ἀγαπητός·
789 2370 816 2397 ››
866 2346 1009 2402 οὕτω
1059 2348 1121 2402 τὸ
1173 2352 1391 2422 Πνεῦμα
1420 2350 1657 2426 ἔγνωμεν
1690 2352 1749 2407 ἐκ
1785 2361 1885 2423 τῆς
1919 2354 2010 2408 οὐ-

361 2432 503 2503 σίας,
546 2431 633 2489 διά
679 2436 764 2505 τὸ,
810 2435 1038 2491 πολλῶν
1089 2433 1258 2493 ὄντων
1300 2442 1645 2511 πνευμάτων,
1679 2441 1857 2517 λέγειν
1918 2444 2007 2497 τὸν

362 2525 596 2599 Πατέρα·
636 2548 660 2576 (ι
693 2526 910 2599 Ἐκχεῶ
938 2526 1041 2580 ἀπὸ
1072 2525 1167 2581 τοῦ
1218 2528 1526 2601 Πνεύματός
1582 2551 1686 2602 μου
1720 2531 1805 2585 ἐπὶ
1838 2538 2007 2586 πᾶσαν

363 2612 593 2687 σάρκα.»
626 2610 851 2675 ’Άλλως
874 2614 973 2689 γὰρ
998 2614 1058 2669 οὐ
1084 2613 1300 2670 δύναται
1323 2620 1659 2692 χωρισθῆναι
1690 2624 1796 2673 τῶν
1822 2618 2007 2676 ἄλλων

362 2703 531 2775 ἁγίων
566 2702 910 2775 πνευμάτων,
944 2705 1031 2758 καὶ
1066 2714 1397 2782 συναφθῆναι
1425 2712 1503 2779 τῷ
1536 2710 1725 2783 Πατρί,
1760 2710 1804 2765 εἰ
1831 2711 1905 2783 μή
1930 2716 2008 2783 τῷ

362 2790 519 2865 λόγῳ
544 2793 646 2859 τῆς
675 2790 878 2854 οὐσίας.
911 2798 1053 2849 Μακ.
1088 2796 1143 2851 Ὀ
1176 2796 1279 2870 γὰρ
1316 2799 1498 2871 Πατήρ
1531 2797 1669 2851 ἐστιν
1727 2799 1754 2851 6
1807 2798 2006 2873 λέγων’

359 2906 387 2931 ‹‹
424 2881 634 2953 Ἐκχεῶ
665 2879 771 2935 ἀπὸ
799 2886 896 2935 τοῦ
939 2882 1248 2955 Πνεύματός
1302 2905 1443 2956 μου;
1481 2910 1507 2935 ››
1540 2888 1687 2959 Ὀρθ.
1723 2890 1819 2942 Καὶ
1849 2893 2005 2945 πάνυ.

359 2976 499 3025 Max.
536 2970 702 3033 Πόθεν
734 2974 933 3039 τοῦτο;
971 2995 999 3022 ››
1032 2974 1179 3047 Ὀρθ.
1200 2973 1417 3036 Παῦλος
1443 2978 1470 3030 6
1498 2976 1800 3039 ἀπόστολος
1834 2977 2006 3054 λέγει’

358 3083 385 3107 ‹‹
418 3061 551 3115 ’Ότε
593 3059 696 3134 γὰρ
750 3058 985 3137 ἐπεφάνη
1035 3062 1069 3130 ἡ
1120 3063 1283 3137 χάρις
1321 3068 1417 3117 τοῦ
1466 3070 1597 3119 Θεοῦ
1629 3070 1706 3139 (2)
1734 3072 1830 3121 τοῦ
1890 3075 2008 3123 Σω-

355 3150 524 3222 τῆρος
555 3150 740 3219 ἡμῶν,
774 3147 872 3202 οὐκ
920 3148 980 3204 ἐκ
1018 3148 1215 3224 ἔργων,
1256 3154 1327 3205 ὧν
1360 3152 1689 3226 ἐποιήσαμεν
1722 3158 1887 3228 ἡμεῖς
1922 3156 2008 3212 ἐπὶ

356 3243 459 3304 τῆς
490 3243 617 3310 γῆς,
650 3234 796 3292 ἀλλὰ
824 3239 960 3292 κατά
987 3240 1048 3293 τὸ
1078 3239 1222 3296 πολὺ
1244 3241 1407 3296 αὐτοῦ
1434 3241 1611 3313 ἓλεος,
1644 3244 2008 3319 ἀναγεννήσας

2132 656 2287 712 Orth.
2323 656 2427 720 Qui
2460 656 2569 709 hoc
2610 656 2923 713 discrimen
2976 660 3218 725 noverit,
3264 658 3502 712 modum
3554 673 3786 728 quoque

2132 744 2527 814 generationis
2559 751 2615 800 et
2644 747 3035 817 processionis
3086 747 3261 801 novit.
3316 746 3619 800 Neminem
3653 762 3783 799 vero

2132 849 2304 888 nosse
2345 835 2738 905 generationis
2790 838 3027 890 modum
3081 838 3429 891 vociferatur
3478 835 3780 906 propheta,

2132 939 2264 976 cum
2324 924 2565 994 inquit:
2616 947 2642 973 ‹‹
2692 925 3137 980 Generationem
3188 924 3315 994 ejus
3363 924 3492 993 quis
3543 940 3778 979 enarra-

2134 1012 2215 1065 bit
2241 1012 2335 1065 6‘?
2378 1013 2586 1068 Maced.
2644 1016 2830 1079 Quare
2866 1013 3038 1083 igitur
3085 1014 3231 1067 dicis
3266 1031 3277 1067 :
3316 1011 3492 1067 Filius
3540 1013 3777 1081 quidem

2128 1118 2195 1156 ex
2220 1102 2549 1157 substantia
2580 1104 2815 1173 genitus
2846 1102 3216 1173 est,Spiritus
3248 1106 3444 1156 autem
3480 1100 3780 1172 procedit?

2131 1190 2280 1245 Orth.
2330 1191 2462 1247 Dico
2506 1209 2632 1262 quae
2685 1194 2903 1263 scripta
2947 1197 3103 1247 sunt.
3158 1192 3241 1246 lta
3287 1191 3467 1262 igitur
3513 1195 3569 1245 et
3600 1197 3661 1245 tu
3692 1188 3779 1245 lo-

2130 1297 2328 1352 quere,
2361 1288 2415 1335 et
2445 1287 2604 1335 extra
2636 1281 2959 1352 periculum
2994 1298 3076 1336 es.
3112 1281 3311 1335 Maced.
3349 1278 3780 1335 Ubinamscri-

2128 1377 2291 1441 ptum
2325 1376 2432 1437 est,
2466 1370 2673 1424 Filium
2709 1388 2835 1425 esse
2867 1388 2930 1425 ex
2963 1369 3344 1425 substantia?
3386 1369 3542 1424 Orth.
3578 1368 3780 1423 Nonne

2125 1464 2180 1513 et
2211 1465 2272 1514 tu
2303 1461 2586 1531 scriptum
2620 1476 2748 1515 esse
2781 1460 2977 1514 fateris
3006 1459 3205 1514 omnia
3234 1475 3361 1514 esse
3382 1475 3449 1513 ex
3480 1457 3594 1512 Deo
3621 1457 3774 1512 PMa-

2125 1548 2235 1602 ced.
2271 1547 2420 1601 Sane
2449 1550 2651 1616 fateor,
2685 1549 2783 1602 sed
2821 1564 2961 1602 num
2996 1547 3195 1601 omnia
3226 1552 3365 1601 sunt
3395 1563 3462 1601 ex
3502 1546 3600 1600 Dei
3629 1546 3774 1601 sub-

2127 1636 2343 1691 stantia
2365 1637 2392 1690 ?
2424 1638 2573 1691 Orth.
2610 1637 3013 1708 Nequaquam,
3048 1635 3233 1691 absit!
3269 1635 3378 1690 Sed
3412 1651 3479 1690 ex
3499 1651 3566 1690 eo
3597 1634 3776 1705 quod,

2128 1743 2259 1780 cum
2292 1730 2490 1781 omnia
2523 1732 2747 1781 suntex
2784 1727 2919 1781 Deo.
2958 1727 3063 1779 iste
3086 1729 3174 1779 est
3200 1724 3537 1795 unigenitus
3574 1723 3777 1791 Filius,

2125 1816 2398 1885 quamvis
2432 1814 2601 1871 multi
2633 1815 2753 1870 sint
2782 1815 2907 1886 filii,
2963 1815 3148 1886 liquet
3199 1821 3352 1869 certe
3384 1829 3517 1868 eum
3550 1829 3679 1868 esse
3709 1828 3778 1867 ex

2045 1938 2093 2004 B
2128 1906 2481 2004 substantia:

2195 1997 2248 2050 5.
2282 1997 2498 2051 Maced.
2531 1997 2615 2049 An
2646 2012 2780 2050 vero
2811 1994 3063 2066 Spiritus
3109 2009 3340 2064 quoque
3386 1996 3474 2047 est
3506 1990 3779 2060 unigeni-

2128 2091 2222 2140 tus
2254 2084 2479 2139 Filius?
2509 2084 2669 2143 Orth.
2696 2084 2882 2154 Absit,
2908 2084 3243 2154 inquam,ut
3272 2082 3380 2137 hoc
3411 2082 3601 2136 dicam
3627 2080 3638 2133 Ξ
3664 2079 3774 2134 Sed

2126 2175 2299 2240 sicut,
2334 2191 2464 2229 cum
2500 2174 2668 2228 multi
2703 2174 2822 2228 sint
2869 2172 2994 2241 filii,
3029 2174 3299 2227 novimus
3347 2171 3502 2225 hunc
3548 2184 3677 2225 esse
3708 2185 3777 2223 ex

2126 2264 2481 2331 substantia,
2515 2263 2793 2334 quoniam
2830 2261 2978 2315 dixit
3008 2266 3178 2316 Pater
3212 2286 3224 2314 :
3269 2282 3294 2308 ‹‹
3330 2259 3431 2314 Hic
3463 2262 3552 2314 est
3584 2257 3770 2313 Filius

2126 2370 2290 2407 meus
2317 2353 2567 2407 dilectus
2597 2353 2661 2419 δδς
2699 2374 2726 2399 ››
2756 2351 2837 2405 ita
2859 2352 3032 2405 etiam
3057 2366 3183 2405 esse
3204 2365 3269 2404 ex
3298 2348 3628 2403 substantia
3650 2346 3774 2418 Spi-

2124 2443 2301 2496 ritum
2336 2442 2468 2495 inde
2500 2440 2953 2510 novimus,quod
2986 2456 3119 2493 cum
3154 2438 3271 2493 sint
3301 2435 3472 2491 multi
3505 2434 3770 2505 spiritus,

2122 2530 2332 2586 dixerit
2346 2535 2534 2584 Pater:
2547 2529 2886 2583 «Effundam
2902 2530 2971 2583 de
2984 2528 3202 2598 Spiritu
3218 2542 3334 2581 meo
3350 2543 3414 2581 su
3426 2541 3524 2595 per
3536 2540 3771 2579 omnem

2121 2636 2356 2675 carnem
2389 2619 2452 2673 εδ.
2490 2640 2516 2667 ››
2548 2618 2691 2672 Nam
2725 2616 2892 2673 aliter
2924 2617 3181 2687 separari
3214 2634 3247 2671 a
3276 2614 3495 2669 sanctis
3532 2612 3771 2683 reliquis

2121 2710 2429 2777 spiritibus
2452 2724 2565 2763 non
2601 2712 2872 2777 potest,et
2895 2707 3047 2761 Patri
3063 2703 3482 2774 conjungi,nisi
3500 2703 3771 2757 substan-

2120 2801 2211 2855 tia:
2245 2800 2486 2854 ratione.
2522 2799 2721 2854 Maced.
2758 2798 2907 2852 Num
2940 2814 3071 2851 vero
3102 2797 3269 2850 Pater
3318 2796 3367 2850 is
3400 2800 3507 2859 est,
3548 2793 3645 2864 qui
3682 2792 3769 2846 di-

2120 2890 2197 2946 cit
2228 2907 2241 2947 :
2282 2910 2302 2938 ι
2334 2889 2642 2944 Effundam
2674 2888 2746 2941 de
2776 2886 2994 2957 Spiritu
3026 2900 3154 2939 meo
3175 2883 3203 2938 ?
3231 2906 3255 2935 η
3291 2883 3443 2938 Orth.
3477 2883 3626 2937 Sane
3647 2879 3773 2952 qui-

2121 2982 2271 3035 dem.
2308 2979 2504 3033 Maced.
2542 2978 2703 3033 Unde
2735 2977 2843 3031 hoc
2875 2974 3149 3045 colligis?
3182 2974 3338 3029 Orth.
3385 2970 3601 3027 Paulus
3632 2986 3767 3039 apo—

2121 3069 2308 3123 stolus
2338 3068 2531 3139 inquit
2561 3084 2572 3120 :
2614 3089 2632 3115 α
2665 3066 2809 3120 Cum
2834 3064 2987 3119 enim
3020 3060 3494 3134 apparuitgratia
3518 3058 3616 3114 Dei
3645 3057 3768 3112 Sal-

2120 3158 2336 3212 vatoris
2363 3156 2567 3221 nostri,
2601 3172 2714 3209 non
2747 3170 2813 3209 ex
2852 3151 3147 3224 operibus,
3209 3167 3335 3222 ques
3387 3147 3631 3203 fecimus
3664 3163 3771 3202 nos

2122 3263 2299 3312 super
2330 3252 2566 3308 terrain,
2602 3242 2699 3299 sed
2734 3242 3059 3298 secundum
3103 3239 3567 3294 misericordiam
3601 3252 3770 3292 suam

366 3326 513 3395 ἡμᾶς
558 3321 646 3379 διὰ
702 3325 939 3399 λουτροῦ
995 3326 1429 3403 παλιγγενεσίας,
1478 3330 1567 3385 καὶ
1600 3332 2007 3395 ἀνακαινώσεως

2125 3335 2483 3407 regeneravit
2516 3350 2620 3387 nos
2654 3332 2878 3387 lavacro
2928 3328 3385 3401 regenerationis
3434 3331 3492 3382 et
3531 3341 3769 3381 renova-

370 3412 677 3485 ΙΙνεύματος
708 3414 882 3490 ἁγίου.
919 3414 980 3470 οῦ
1012 3416 1215 3492 ἐξέχεεν
1250 3417 1329 3496 ἐφ’
1386 3422 1533 3491 ἡμᾶς
1589 3420 1865 3485 πλουσίως
1925 3420 2014 3478 διὰ

368 3502 544 3572 Ἰησοῦ
602 3508 855 3579 Χριστοῦ.
916 3528 945 3556 ›ν
1004 3505 1093 3568 Τίς
1141 3506 1318 3583 ἐξέχεε
1367 3505 1456 3562 διὰ
1502 3510 1684 3578 Ἰησοῦ
1740 3511 2008 3585 Χριστοῦ;

363 3588 623 3660 δηλονότι
682 3593 710 3646 6
769 3592 1025 3668 εἰρηκώς·
1080 3619 1107 3645 ‹‹
1158 3596 1241 3651 Ἑν
1292 3602 1411 3659 ταῖς
1469 3596 1723 3673 ἐσχάταις
1780 3602 2011 3674 ἡμέραις

362 3679 542 3754 ἐκχεῶ
598 3681 704 3735 ἀπὸ
760 3686 858 3735 τοῦ
919 3682 1232 3755 ΙΙνεύματός
1291 3706 1396 3757 μου
1444 3690 1542 3759 (3).
1596 3693 1797 3744 ››Μακ.
1832 3692 2010 3765 Ουχὸ

358 3769 483 3830 Υἱὸς
536 3767 627 3824 οῦν
677 3767 867 3825 δίδωσι
915 3772 977 3825 τὸ
1032 3774 1282 3846 ΙΙνεῦμα;
1332 3776 1476 3849 Ὀρθ.
1510 3779 1806 3847 ’Ήκουσας,
1865 3779 1948 3834 ὅτι
1982 3780 2009 3833 ὀ

362 3860 547 3933 ΙΙατήρ
580 3857 669 3913 διὰ
724 3863 821 3913 τοῦ
872 3860 1000 3914 Υῖοῦ
1053 3859 1240 3916 δίδωσι
1289 3864 1352 3917 τὸ
1385 3869 1624 3937 Πνεῦμα.
1674 3867 1883 3939 Αμέλει
1912 3873 2009 3924 τοῦ

356 3948 568 4018 ΙΙατρὸς
649 3948 953 4024 εἰρηκότος,
1032 3974 1061 4001 ‹‹
1141 3956 1226 4006 Ἐν
1282 3958 1401 4014 ταῖς
1460 3952 1713 4029 ἐσχάταις
1773 3957 2007 4031 ἡμέραις

356 4034 533 4111 ἐκχεῶ
590 4037 696 4091 ἀπὸ
754 4042 849 4092 τοῦ
909 4038 1221 4111 Πνεύματός
1286 4062 1411 4114 μου,
1465 4067 1493 4094 ››
1542 4045 1570 4097 ὁ
1604 4046 1725 4106 Υἱὸς
1781 4045 2006 4108 ἀναστὰς

356 4124 414 4179 ἐκ
468 4130 699 4200 νεκρῶν,
761 4124 925 4202 λέγει·
991 4150 1018 4180 ‹‹
1061 4123 1264 4185 Λάϐετε
1296 4135 1514 4203 Πνεῦμα
1545 4134 1715 4208 ἅγιον.
1772 4158 1799 4185 ››
1859 4137 2004 4193 Max,

354 4216 522 4270 Εἶπον
558 4214 617 4271 ἐκ
646 4213 887 4289 πολλοῦ,
925 4220 997 4289 μή
1038 4238 1104 4290 με
1135 4217 1391 4294 περίσπα·
1425 4218 1569 4290 ἀλκ’,
1622 4221 1667 4275 εἰ
1712 4220 1862 4298 ἔχεις
1896 4221 2005 4278 δεῖ-

354 4304 460 4374 ξαι,
519 4305 669 4360 εἶπον
732 4310 837 4359 ποῦ
891 4306 1207 4383 γέγραπται,
1260 4310 1388 4371 Θεὸς
1446 4310 1507 4364 τὸ
1570 4315 1809 4385 Πνεῦμα.
1856 4314 2003 4389 Ὀρθ.

354 4392 741 4467 Ὁμολόγησον
760 4395 859 4462 τὴν
885 4394 1116 4466 θεότητα
1130 4402 1228 4451 τοῦ
1254 4399 1464 4473 ΙΙατρὸς
1479 4400 1566 4453 καὶ
1586 4405 1682 4455 τοῦ
1706 4403 1833 4456 Γὶοῦ
1860 4404 2003 4475 μίαν,

353 4479 523 4557 ἤγουν
553 4484 654 4551 τὴν
706 4483 908 4553 οὐσίαν,
954 4484 1043 4539 καὶ
1091 4488 1192 4554 τήν
1245 4487 1475 4563 βουλήν,
1507 4490 1593 4544 καὶ
1624 4491 1722 4559 τήν
1758 4489 2005 4565 δύναμιν,

351 4572 442 4626 καὶ
471 4573 571 4640 τήν
602 4569 774 4642 δόξαν·
807 4573 897 4627 καὶ
928 4569 1051 4628 τότε
1087 4577 1303 4650 μαθήσῃ
1351 4578 1474 4651 περὶ
1521 4584 1617 4633 τοῦ
1668 4580 2003 4653 ΙΙνεύματος.

2122 3424 2297 3480 tionis
2329 3424 2580 3495 Spiritus
2608 3423 2818 3485 sancti,
2851 3436 3025 3491 quem
3059 3418 3265 3473 effudit
3292 3418 3349 3471 in
3384 3433 3489 3471 nos
3532 3414 3768 3469 abunde

2125 3531 2225 3587 per
2253 3515 2455 3569 Jesum
2490 3511 2781 3568 Christum
2823 3510 2887 3563 6⁸.
2922 3532 2941 3557 ιο
2998 3509 3139 3574 Quis
3179 3506 3385 3561 effudit
3426 3522 3525 3576 per
3566 3506 3766 3559 Jesum

2122 3602 2470 3661 Christum?
2503 3603 2552 3657 is
2576 3599 2985 3669 nimirum,qui
3020 3598 3245 3652 dixerat
3270 3613 3325 3651 ;‹‹
3353 3596 3415 3649 In
3431 3592 3770 3649 novissimis

2122 3694 2327 3749 diebus
2359 3691 2655 3747 effundam
2690 3706 2757 3743 ex
2796 3689 3014 3760 Spiritu
3048 3703 3196 3742 meo.
3242 3705 3261 3732 α
3315 3683 3530 3741 Maced.
3563 3684 3769 3736 Annon

2120 3800 2257 3855 ergo
2290 3782 2471 3837 Filius
2502 3782 2601 3834 dat
2628 3779 2914 3851 Spiritum
2944 3777 2971 3830 ?
3005 3774 3389 3833 0rth.Audisti
3422 3772 3577 3844 quod
3602 3771 3772 3826 Pater

2120 3890 2223 3945 per
2253 3871 2461 3926 Filium
2493 3871 2593 3924 det
2622 3869 2923 3940 Spiritum.
2961 3867 3127 3921 Certe
3160 3880 3293 3918 cum
3342 3864 3511 3918 Pater
3538 3860 3767 3929 dixerit,

2120 3983 2149 4011 ‹‹
2184 3963 2241 4015 In
2280 3959 2619 4015 novissimis
2648 3958 2858 4012 diebus
2890 3956 3187 4011 effundam
3220 3954 3291 4008 de
3312 3952 3532 4025 Spiritu
3562 3966 3709 4017 meo,
3740 3972 3766 4000 ››

2117 4051 2299 4106 Filius
2329 4054 2636 4120 postquam
2658 4047 2956 4102 amortuis
2990 4040 3625 4109 resurrexisset,dixil:«
3659 4040 3764 4093 Ac-

2117 4139 2291 4210 cipite
2305 4137 2588 4209 Spiritum
2605 4141 2877 4190 sanctum
2890 4134 2954 4186 ⁵⁸.
2967 4156 2993 4182 ››
3011 4132 3212 4187 Maced.
3232 4132 3311 4187 Ne
3332 4147 3423 4185 me
3447 4128 3625 4201 (quod
3641 4129 3765 4197 jam

2117 4229 2340 4300 pridem
2369 4224 2643 4295 dixi)istis
2661 4224 3011 4294 ambagibus
3037 4222 3313 4276 distineto
3340 4237 3351 4275 :
3379 4220 3477 4274 sed
3503 4218 3766 4282 ostende,

2117 4319 2165 4373 si
2220 4321 2404 4389 potes,
2450 4315 2548 4369 ubi
2593 4314 2878 4383 scriptum
2931 4312 3008 4365 sit
3056 4310 3339 4379 Spiritum
3391 4324 3519 4362 esse
3560 4307 3763 4361 Deum.

2118 4406 2479 4462 Orth.Fatere
2514 4419 2691 4458 unam
2724 4418 2852 4456 esse
2883 4399 3070 4454 Patris
3104 4403 3159 4453 et
3187 4397 3315 4452 Filii
3350 4397 3625 4451 deitatem
3648 4396 3767 4449 sive

2115 4493 2569 4563 substantiam,u
2584 4506 2841 4560 numque
2871 4487 3387 4553 consilium,unam
3420 4482 3765 4555 potentiam,

2115 4591 2172 4641 et
2220 4584 2485 4656 gloriam,
2550 4586 2605 4636 et
2648 4585 2788 4634 tunc
2860 4576 3152 4647 intelliges
3200 4574 3345 4628 illud
3418 4574 3488 4627 de
3538 4572 3759 4641 Spiritu

351 4665 493 4716 Μακ.
526 4660 637 4717 Μία
672 4661 864 4733 θεότης
893 4662 1059 4719 πάλιν
1092 4669 1198 4718 ποῦ
1237 4667 1531 4741 γέγραπται
1561 4688 1573 4737 ;
1628 4671 1776 4745 Ὀρθ.
1829 4672 2003 4744 Ὁμο-

2125 4678 2338 4730 sancto.
2369 4670 2581 4727 Maced.
2616 4669 2723 4724 Ubi
2755 4667 3038 4737 scriptum
3072 4669 3179 4734 est,
3223 4662 3456 4718 unicam
3484 4677 3610 4717 esse
3640 4660 3762 4715 dei-

352 4747 557 4826 λογεῖς,
618 4746 703 4806 ὅτι
761 4751 812 4807 ἐν
866 4751 1011 4823 αὐτῷ
1067 4760 1313 4809 κατοικεῖ
1338 4761 1442 4810 πᾶν
1472 4758 1535 4812 τὸ
1564 4757 1849 4833 πλήρωμα
1904 4769 2003 4830 τῆς

353 4839 634 4911 θεότητος,
667 4841 702 4909 ἧ
735 4838 797 4896 οὔ
823 4861 837 4911 ;
868 4846 1012 4898 Μακ.
1047 4842 1201 4897 Οὕτω
1232 4841 1554 4918 γέγραπται.
1608 4849 1753 4921 Ὀρθ.
1788 4848 2006 4920 ἈλΛην

353 4928 646 5005 ὁμολογεῖς
700 4950 800 4999 την
851 4931 1080 5002 θεότητα
1124 4936 1224 4987 τοῦ
1274 4934 1505 5009 ΙΙατρὸς,
1558 4936 1647 4989 καὶ
1700 4934 1876 5006 ἄλλην
1905 4941 2005 5006 τήν

353 5014 583 5089 θεότητα
627 5023 726 5074 τοῦ
774 5020 940 5089 Υἱοῦς
989 5022 1134 5078 Μακ.
1185 5021 1307 5081 Ναί.
1356 5025 1499 5099 Ὀρθ.
1544 5027 1603 5080 Ἣ
1655 5025 1844 5097 θεότης
1914 5026 2005 5082 οῦν

350 5111 446 5161 τοῦ
480 5108 692 5185 ΙΙατρὸς
726 5106 778 5163 ἐν
806 5111 875 5182 τῇ
909 5108 1125 5179 θεότητι
1155 5115 1252 5165 τοῦ
1294 5117 1460 5181 Υιοῦ;
1522 5120 1661 5170 Μακ.
1696 5114 1818 5173 Ναί.
1852 5117 2003 5189 Ὀρθ.

352 5195 456 5251 Δύο
489 5196 581 5252 οὖν
635 5196 926 5269 θεότητες;
958 5204 1099 5256 Max.
1155 5201 1216 5258 Ὁ
1270 5202 1400 5264 Θεὸς
1448 5203 1537 5257 καὶ
1570 5205 1786 5279 Πατὴρ,
1846 5204 1935 5260 καὶ
1966 5208 2001 5275 ἡ

350 5284 540 5356 Θεότης
573 5285 739 5342 αὐτοῦ
770 5287 846 5350 εἷς
879 5287 1029 5350 Θεός·
1064 5288 1153 5345 καὶ
1185 5291 1213 5345 ὁ
1244 5291 1375 5353 Θεὸς
1403 5293 1491 5347 καὶ
1521 5293 1667 5362 Υἱὸς,
1698 5294 1787 5349 καὶ
1818 5296 1853 5364 ἡ
1885 5294 2004 5349 θεό-

2116 4768 2295 4819 tatem
2317 4761 2344 4815 ?
2374 4758 2762 4816 0r:h.l“ateris
2796 4772 2982 4811 necne
3014 4752 3341 4808 inhabitare
3372 4752 3430 4805 in
3465 4750 3607 4806 Filio
3638 4767 3763 4805 om-

2115 4868 2249 4907 nem
2284 4848 2705 4922 plenitudinem
2725 4844 2959 4900 deitatis
2977 4844 3003 4898 ?
3023 4841 3313 4898 Macetha
3344 4841 3629 4912 scriptum
3653 4844 3761 4895 est.

2116 4942 2267 4997 Orth.
2302 4940 2569 4995 Aliamne
2598 4952 2727 4992 esse
2758 4935 2906 4991 diois
2942 4933 3125 4988 Patris
3159 4929 3639 4995 deitatem,aliam
3664 4929 3765 4983 iti-

2117 5030 2248 5084 dem
2292 5028 2420 5083 Filii
2474 5024 2794 5082 deitatem?
2841 5021 3054 5079 Maced.
3107 5020 3315 5075 Etiam.
3368 5019 3517 5073 Orth.
3573 5018 3764 5073 Deitas

2114 5135 2250 5190 ergo
2295 5117 2484 5171 Patris
2532 5120 2622 5171 est
2679 5114 2738 5167 in
2785 5113 3004 5167 deitate
3053 5108 3234 5165 Filii?
3282 5107 3491 5163 Maced.
3553 5106 3758 5161 Etiam.

2115 5208 2273 5265 Orth.
2318 5207 2448 5260 Duae
2482 5209 2621 5259 sunt
2651 5202 2831 5274 igitur
2861 5200 3107 5255 deitates
3129 5198 3155 5252 ?
3186 5196 3547 5253 Mawd.Deus
3576 5200 3634 5249 et
3664 5195 3766 5250 Pa-

2115 5303 2224 5363 ter,
2255 5301 2313 5352 et
2342 5293 2529 5350 deitas
2558 5292 2749 5365 ipsius
2778 5296 2867 5346 est
2898 5305 3048 5346 unus
3084 5288 3261 5343 Deus.
3308 5287 3454 5342 Item
3504 5286 3661 5341 Deus
3709 5289 3766 5340 et

419 5474 467 5509 “
495 5474 588 5531 Ila
619 5491 741 5542 un,
772 5476 826 5531 8.
902 5476 949 5512 “
980 5476 1187 5534 Matth.
1225 5496 1311 5547 ιιι,
1345 5482 1431 5536 17.
1508 5483 1553 5518 ⁸⁸
1580 5482 1728 5551 Joel,
1761 5500 1822 5550 ιι,
1852 5485 1941 5541 28.

2125 5483 2207 5540 .‘it.
2242 5500 2329 5554 ιιι,
2362 5483 2414 5551 4,
2444 5483 2500 5538 5.
2575 5481 2619 5517 ⁸³
2648 5481 2818 5537 Joan.
2851 5494 2945 5546 xx,
2976 5480 3067 5533 22.

531 5695 699 5770 Mss.,
730 5693 828 5762 τήν
851 5695 1061 5770 γενεάν.
1100 5696 1275 5767 Editi,
1306 5695 1405 5764 τὴν
1439 5694 1661 5770 γένεσιν.

425 5695 471 5763 (4
531 5695 699 5761 Mss.,
730 5695 828 5762 τὴν
903 5695 1061 5752 ενεάν.
1100 5696 1275 5767 Editi,
1306 5695 1405 5764 τὴν
1439 5695 1580 5770 γένεο

424 5695 503 5837 (2ζ
536 5768 631 5825 Sio
668 5780 812 5826 mss.
847 5714 1001 5827 gditi
1031 5783 1187 5838 vero,
1217 5770 1315 5822 τοῦ
1345 5766 1580 5843 Πατρός.

2193 5700 2269 5773 (3)
2300 5704 2390 5773 Ita
2418 5714 2564 5773 mss.
2592 5696 2746 5773 Editi
2774 5710 2930 5773 vero,
2964 5689 3277 5765 ῘΙνεύματός
3314 5710 3440 5764 μου.
3471 5689 3532 5747 Ὁ
3564 5686 3622 5744 δὲ
3639 5687 3762 5749 Υἱὸς

2117 5766 2365 5841 ἀναστάς,
2398 5770 2638 5829 omissis
2669 5766 2892 5825 multis.
