4116 6394
304 395 451 458 1211

1479 407 1545 466 S.
1590 405 2119 468 ATHANASIUS.
2141 436 2223 449 —
2249 401 2562 465 SPURIA.

3578 406 3733 468 12H

301 529 506 598 Filius,
538 534 597 587 et
625 530 813 591 deitas
835 535 962 606 ejus
983 539 1069 593 est
1091 554 1246 594 unus
1268 537 1422 594 Deus
1459 556 1470 593 :
1507 541 1819 609 estque(ut
1840 537 1955 611 pri-

2086 556 2164 606 της
2190 533 2377 603 αὐτοῦ,
2411 530 2485 594 εἷς
2517 532 2665 596 Θεός·
2697 533 2786 588 καὶ
2817 530 2981 591 ἔστιν.
3029 534 3103 596 ὡς
3132 533 3222 590 καὶ
3252 532 3423 590 πάλαι
3456 534 3629 608 εἶπον,
3651 535 3729 600 εἷς

303 619 436 674 dem
471 620 611 691 dixi)
645 639 800 679 unus
831 623 1005 681 Deus.

380 713 536 766 444
564 711 617 765 6.
652 711 802 768 Orlh.
832 713 976 769 Cum
1009 730 1145 788 ergo
1178 715 1335 772 Deus
1378 716 1519 771 dicit
1562 734 1664 789 per
1713 717 1961 790 prophe-

304 803 424 854 tam
456 799 671 856 Isaiam
707 819 719 856 :
756 826 783 852 ι(
820 803 937 876 Ego
968 821 1100 861 sum
1153 810 1322 873 Deus,
1357 824 1464 862 nec
1495 805 1645 862 alius
1692 812 1783 862 est
1817 824 1961 878 prae-

305 893 394 943 ter
425 906 517 944 me
548 890 649 962 qui
681 890 907 948 salvum
950 893 1162 962 faciat;
1198 895 1561 963 annuntiavi,
1614 901 1671 951 et
1718 895 1962 961 servavi,

310 982 369 1032 et
398 979 761 1051 exprobrari,
798 999 900 1037 nec
926 986 1049 1039 erat
1070 982 1224 1039 inter
1244 1002 1343 1040 vos
1369 985 1595 1040 alienus
1611 987 1687 1042 ⁸⁹ε
1717 1008 1741 1034 ››
1766 990 1963 1041 utrum

310 1067 558 1124 istorum
594 1084 722 1124 esse
753 1071 1012 1140 vis,quos
1046 1090 1229 1129 unum
1262 1078 1318 1129 et
1345 1091 1529 1129 unum
1564 1074 1959 1131 dicis?Maced.

310 1161 483 1212 Pater
512 1162 705 1214 servat
736 1176 837 1231 per
869 1160 1266 1218 Filium.0rth.
1302 1163 1463 1219 Unus
1484 1181 1621 1236 ergo
1651 1164 1806 1221 Deus
1837 1181 1961 1220 ser-

306 1263 452 1301 vans
482 1246 653 1302 Pater
682 1253 857 1321 atque
886 1250 1089 1308 Filius.
1124 1252 1331 1309 Maced.
1369 1254 1529 1309 Idem
1576 1253 1759 1327 igitur
1788 1258 1878 1309 est
1906 1259 1961 1308 et

305 1328 568 1392 Pater‘et
617 1336 819 1395 Filius.
875 1338 1028 1395 Orth.
1086 1341 1256 1397 Absit
1304 1348 1366 1397 ut
1414 1344 1520 1399 hoc
1569 1342 1798 1399 dicam!
1854 1343 1960 1398 Sed

310 1426 812 1497 quemadmodum
836 1428 892 1483 in
926 1429 1156 1487 Christo
1181 1431 1586 1504 perfectiunus
1606 1449 1961 1500 sumus,non

311 1514 573 1570 contusis
605 1514 1043 1589 bypostasibus,
1077 1520 1176 1574 sed
1212 1521 1436 1576 ratione
1486 1521 1686 1576 habita
1715 1537 1961 1576 consen-

312 1603 498 1659 sionis
526 1608 584 1659 et
614 1608 834 1660 natura:
857 1606 977 1662 sive
995 1608 1338 1665 substantiis
1372 1628 1385 1665 :
1421 1609 1502 1665 ita
1532 1610 1757 1666 Patrem
1790 1613 1846 1664 et
1871 1610 1957 1664 Fi—

311 1690 458 1747 lium
490 1693 617 1749 dico
649 1711 830 1749 unum
870 1700 1068 1763 Deum,
1103 1697 1304 1754 habita
1343 1699 1567 1756 ratione
1615 1699 1960 1755 substantia:

315 1787 372 1836 et
399 1782 825 1840 consensionis.
852 1786 1057 1842 Maced.
1094 1788 1207 1843 Nos
1237 1805 1470 1861 quoque
1504 1806 1680 1845 unam
1714 1806 1959 1846 consen-

312 1871 538 1927 sionem
573 1871 844 1928 fatemur.
881 1875 1031 1930 0rlh.
1072 1877 1168 1932 Dic
1216 1878 1392 1934 etiam
1429 1879 1727 1945 deitatem,
1759 1885 1817 1935 et
1845 1878 1962 1935 sal-
1995 1916 2042 1982 B

312 1976 420 2015 vus
450 1966 595 2017 esto.
626 1962 831 2019 Maced.
866 1963 1108 2020 Unicam
1151 1967 1429 2023 deitatem
1465 1986 1580 2025 non
1614 1969 1761 2025 dico.
1805 1969 1960 2025 Orth.

314 2050 460 2108 Cum
492 2049 689 2121 ipsum
718 2051 901 2108 Deum
957 2072 1193 2111 rursum
1246 2057 1414 2113 audis
1464 2058 1756 2114 dicentem
1809 2059 1961 2131 apud

317 2140 591 2195 eumdem
638 2141 1006 2213 prophetam,
1054 2167 1079 2194 ‹‹
1138 2147 1252 2218 Ego
1308 2163 1442 2202 sum
1499 2149 1669 2217 Deus,
1723 2165 1828 2205 nec
1877 2152 1967 2204 est

317 2228 471 2285 alius
490 2230 775 2288 Deus.Per
806 2234 1219 2306 memetipsum
1245 2236 1487 2307 juro,ex
1517 2255 1614 2293 ore
1646 2254 1775 2294 meo
1803 2254 1965 2312 egre-

319 2318 783 2393 dieturjustitia,
815 2339 1117 2379 sermones
1150 2324 1261 2381 mei
1296 2342 1409 2382 non
1444 2325 1970 2399 deiebuntur,quia

319 2407 468 2463 mihi
507 2410 846 2466 curvabitur
885 2429 1058 2470 omne
1103 2430 1257 2487 genu
1307 2416 1371 2485 ⁷ο,
1410 2440 1429 2464 ι
1484 2417 1675 2472 utrius
1722 2417 1965 2473 istorum

316 2497 417 2568 qui
450 2514 604 2553 unus
636 2504 692 2554 et
723 2517 875 2556 unus
899 2506 1039 2557 sunt
1059 2502 1178 2559 haec
1200 2505 1375 2560 verba
1404 2522 1532 2562 esse
1555 2506 1739 2563 dices?
1767 2507 1968 2564 Maced.

319 2584 470 2642 Filii.
526 2587 671 2644 Dicit
720 2590 877 2646 enim
953 2593 1271 2665 Apostolus
1323 2611 1397 2649 ;‹‹
1450 2596 1510 2651 In
1550 2596 1788 2652 nomine
1829 2597 1966 2653 Jesu

319 2691 493 2731 omne
522 2693 675 2750 genu
709 2678 975 2736 ﬂectatur
1004 2681 1353 2751 cmlestium,
1388 2685 1852 2754 terrestrium,et
1883 2688 1969 2741 in-

321 2764 619 2821 fernorum
646 2772 737 2824 :et
766 2768 1177 2845 omnislingua
1206 2773 1753 2847 conﬁtebitur,quia
1773 2774 1969 2832 Domi-

323 2872 437 2911 nus
465 2855 642 2912 Jesus
673 2856 940 2915 Christus
954 2861 1024 2916 ad
1046 2860 1291 2933 gloriam
1321 2862 1420 2919 Dei
1438 2863 1972 2920 Patris.Amen.'“.»

326 2944 479 3001 0rlh.
513 2945 639 3002 Una
667 2951 757 3002 est
785 2947 964 3020 igitur
1002 2950 1193 3008 deitas
1230 2951 1419 3008 Patris
1475 2956 1532 3009 et
1580 2953 1730 3010 Filii.
1766 2954 1969 3011 Maced.

321 3035 670 3101 Quomodo?
700 3036 852 3093 Orth.
889 3038 1035 3094 Dicit
1063 3040 1216 3096 enim
1252 3058 1265 3096 :
1301 3064 1327 3091 ‹‹
1372 3042 1487 3115 Ego
1529 3060 1661 3099 sum
1713 3048 1883 3112 Deus,
1916 3049 1975 3100 et

321 3140 436 3179 non
471 3129 562 3179 est
592 3124 762 3181 alius.
793 3147 821 3179 ιι
858 3132 975 3184 Aut
1003 3129 1159 3185 enim
1211 3131 1452 3187 demens
1503 3132 1691 3188 factus
1732 3133 1973 3206 negabis

322 3212 551 3268 Patrem
582 3230 711 3270 esse
724 3215 929 3283 Deum,
946 3224 1161 3274 autcon
1174 3217 1346 3274 fitens
1361 3221 1589 3277 Patrem
1613 3239 1743 3278 esse
1765 3222 1973 3289 Deum,

2075 624 2166 680 καὶ
2198 626 2273 687 εἷς
2307 623 2459 687 Θεός.

2144 718 2198 771 6.
2230 715 2375 790 ‘Ope.
2414 713 2536 770 Ἐὰν
2569 712 2660 769 οὗν
2695 711 2829 791 λέγῃ
2880 713 2908 768 6
2968 713 3098 776 Θεὸς
3156 710 3245 768 διὰ
3300 717 3398 769 τοῦ
3442 716 3733 793 προφήτου

2075 800 2317 859 Ἠσαίοψ
2357 826 2382 857 α
2413 804 2557 879 Ἐγὼ
2589 803 2618 858 6
2649 804 2801 873 Θεὸς,
2832 801 2922 857 καὶ
2953 802 3055 858 οὐκ
3093 799 3209 858 ἓστι
3258 802 3422 879 παρὲξ
3451 802 3590 877 ἐμοῦ
3621 805 3730 858 σώ-

2078 898 2205 965 ζων,
2238 890 2559 970 ἆνήγγειλα,
2590 892 2681 948 καὶ
2712 890 2906 964 ἔσωσα,
2933 890 3023 947 καὶ
3057 889 3328 965 ὠνείδσα,
3373 892 3462 947 καὶ
3507 892 3607 947 οὐκ
3660 894 3728 962 ἦν

2075 981 2127 1037 ἐν
2191 984 2316 1055 ὑμῖν
2372 977 2683 1059 ἀλλότριος·
2743 1007 2771 1035 ››
2827 982 2947 1039 τίνα
2989 981 3166 1038 αὐτῶν
3210 981 3285 1045 εἷς
3335 981 3427 1036 καὶ
3463 980 3538 1043 εἷς
3594 980 3731 1037 εἶναι

2073 1070 2286 1143 Θὲλειςς
2317 1074 2462 1130 Μακ.
2498 1073 2560 1130 Ὁ
2593 1073 2780 1149 Πατὴρ
2814 1069 2904 1127 διὰ
2932 1076 3028 1127 τοῦ
3082 1072 3212 1127 Υἱοῦ
3243 1070 3429 1141 σώζει.
3462 1072 3609 1147 Ὀρθ.
3638 1071 3732 1134 Εἷς

2074 1160 2177 1236 ἄρα
2205 1162 2329 1224 Θεὸς
2360 1162 2389 1217 ὁ
2437 1161 2624 1232 σώζων
2682 1163 2871 1238 Πατὴρ
2929 1162 3019 1216 καὶ
3074 1156 3219 1224 Υἱός.
3284 1162 3429 1219 Μακ.
3463 1162 3519 1214 '0
3572 1160 3732 1223 αὐτὸς

2075 1250 2166 1308 οὖν
2221 1252 2311 1307 καὶ
2369 1252 2561 1326 Πατήρ
2620 1250 2729 1306 ἐστι
2777 1250 2868 1307 καὶ
2900 1250 3045 1314 Υἱός.
3083 1252 3230 1327 Ὀρθ.
3264 1251 3357 1319 Μή
3387 1251 3599 1327 γένοιτο
3652 1249 3725 1304 εί-

2072 1343 2224 1398 πεῖνῑ
2285 1338 2411 1397 ἄλλ’
2472 1339 2653 1418 ὥσπερ
2702 1341 2755 1395 οἱ
2803 1340 2855 1395 ἐν
2912 1345 3128 1418 Χριστῷ
3168 1339 3592 1415 κατηρτισμένοι
3650 1340 3726 1395 εἷς

2072 1430 2254 1505 ἐσμεν,
2288 1430 2350 1485 οὑ
2419 1430 2839 1506 συγκεχυμένων
2888 1434 2996 1485 τῶν
3051 1429 3417 1500 ὑποστάσεων,
3476 1426 3623 1483 ἀλλὰ
3652 1431 3731 1500 τῷ

2073 1517 2225 1595 λόγῳ
2253 1525 2353 1589 τῆς
2386 1517 2702 1597 συμφωνίας
2745 1518 2835 1575 καὶ
2884 1526 2985 1588 τῆς
3033 1517 3267 1597 φύσεως,
3315 1515 3484 1592 ἤγουν
3520 1516 3727 1571 οὐσίας·

2073 1607 2245 1671 οὕτως
2277 1608 2493 1684 Πατέρα
2520 1607 2608 1662 καὶ
2641 1608 2765 1662 Υἱὸν
2797 1606 2885 1663 ὲνα
2915 1607 3044 1663 Θεὸν
3091 1605 3236 1683 λέγω
3292 1609 3361 1677 τῇ
3421 1604 3579 1680 λόγῳ
3629 1608 3734 1674 τῆς

2074 1698 2258 1760 οὑσίας
2288 1698 2505 1762 καὶτῆς
2540 1697 2874 1776 συμφωνίας.
2922 1698 3069 1754 Μακ.
3121 1696 3219 1751 Καὶ
3272 1697 3437 1769 ἡμεῖς
3494 1694 3728 1769 λὲγομεν

2075 1787 2198 1861 μίαν
2234 1786 2569 1865 συμφωνίαν.
2628 1788 2773 1864 Ὀρθ.
2834 1785 2970 1843 Eine
3010 1784 3100 1841 καὶ
3157 1783 3408 1856 θεότητα,
3468 1783 3559 1839 καὶ
3614 1783 3730 1837 σώ-

2074 1889 2220 1948 θητι.
2276 1883 2417 1934 Μακ.
2504 1875 2643 1932 Μίαν
2717 1876 2948 1946 θεότητα
3015 1874 3078 1929 οὑ
3157 1873 3328 1949 λέγω.
3400 1874 3546 1949 Ὀρθ.
3605 1873 3728 1929 Ἐὰν

2074 1964 2309 2040 ἀκούσῃς
2341 1963 2505 2020 πάλιν
2537 1968 2634 2020 τοῦ
2664 1968 2800 2020 Θεοῦ
2831 1963 2881 2019 ἐν
2915 1968 2995 2036 τῷ
3039 1964 3187 2036 αὑτῷ
3226 1964 3486 2041 προφήτῃ
3542 1959 3735 2038 λὲγον-

2074 2076 2188 2127 τος,
2222 2080 2251 2109 ‹‹
2302 2055 2442 2130 Ἐγώ
2500 2057 2615 2128 εἶμι
2674 2053 2827 2125 Θεὸς,
2884 2053 2975 2109 καῖ
3023 2053 3125 2108 οὑκ
3169 2050 3314 2107 ’ἐστιν
3345 2048 3543 2114 ἄλλος.
3597 2051 3738 2107 Κατ’

2076 2144 2315 2219 ἐμαυτοῦ
2374 2143 2581 2218 ὀμνύω,
2638 2145 2675 2212 ἦ
2727 2144 2834 2217 μὴν
2865 2142 3195 2213 ἐξελεύσεται
3247 2140 3308 2196 ἐκ
3335 2145 3431 2196 τοῦ
3464 2140 3735 2214 στόματός

2081 2255 2186 2308 μου
2218 2231 2554 2302 δικαιοσύνῃ’
2600 2233 2650 2288 οἱ
2682 2231 2838 2307 λόγοι
2901 2253 3008 2305 μου
3067 2230 3167 2286 οὑκ
3225 2230 3734 2308 ἂπογραφήσονται,

2079 2324 2160 2382 ὅτι
2195 2324 2318 2398 ἐμοὶ
2350 2323 2553 2398 κάμψει
2585 2329 2687 2379 πᾶν
2721 2323 2876 2399 γόνυ,
2938 2346 2966 2374 ››
3023 2321 3147 2377 τίνα
3176 2321 3363 2396 λέγεις
3392 2324 3501 2376 τῶν
3535 2319 3610 2382 εἷς
3644 2318 3737 2374 καὶ

2080 2415 2154 2478 εἷς
2184 2414 2454 2490 εἰρηκέναι
2481 2432 2495 2483 ;
2526 2418 2669 2469 Μακ.
2715 2413 2815 2467 Τὸν
2860 2410 3000 2466 Υἱόν·
3054 2412 3082 2466 ὁ
3111 2410 3212 2488 γὰρ
3243 2406 3585 2471 Ἀπόστολος
3642 2405 3738 2462 λέ-

2079 2525 2185 2579 γει,
2217 2501 2300 2558 ὅτι
2334 2527 2361 2555 ‹‹
2398 2503 2484 2559 Ἐν
2515 2506 2594 2574 τῷ
2615 2501 2838 2575 ὀνόματι
2863 2501 3046 2571 Ἰησοῦ
3069 2505 3171 2555 πᾶν
3194 2497 3323 2576 γόνυ
3343 2497 3547 2572 κάμψει
3572 2499 3739 2552 ἐπου-

2081 2592 2280 2670 ρανίων
2358 2590 2448 2646 καὶ
2526 2590 2776 2666 ἐπιγείων
2843 2589 2935 2645 καὶ
2992 2586 3383 2664 καταχθονίων·
3438 2586 3529 2642 καὶ
3589 2592 3739 2640 πᾶσα

2079 2681 2303 2759 γλῶσσα
2331 2678 2823 2755 ἐξομολογήσεται,
2856 2677 2939 2735 ὅτι
2988 2678 3186 2754 Κύριος
3246 2677 3273 2731 ὁ
3334 2677 3543 2747 Ἰησοῦς
3601 2681 3737 2751 Χρι-

2082 2771 2206 2834 στὸς
2236 2770 2312 2833 εἰς
2346 2768 2498 2841 δόξαν
2532 2773 2666 2826 Θεοῦ
2698 2763 2931 2844 Πατρός.
2965 2769 3159 2841 Ἀμήν.
3196 2790 3224 2818 ››
3262 2766 3411 2840 Ὀρθ·
3471 2763 3586 2822 Μία
3633 2764 3741 2833 ἄρα

2080 2861 2275 2930 θεότης
2308 2860 2520 2936 Πατρὸς
2548 2856 2639 2914 καί
2670 2859 2821 2915 Υίοῦ.
2860 2865 3003 2913 Μακ.
3040 2859 3168 2919 Πῶς
3195 2887 3209 2926 ς
3240 2857 3391 2932 Ὀρθ.
3424 2852 3580 2931 Λέγει
3610 2851 3739 2928 γάρ’

2086 2976 2114 3005 ι(
2145 2951 2289 3027 Ἐγώ
2319 2948 2432 3023 εἶμι
2462 2949 2613 3019 Θεὸς,
2644 2948 2735 3003 καὶ
2767 2948 2867 3002 οὑκ
2898 2943 3044 3002 ἔστιν
3078 2945 3272 3007 ἄλλος.
3307 2967 3337 2996 ››
3384 2945 3451 3002 Ἠ
3506 2943 3607 3020 γὰρ
3662 2963 3752 3017 γε-

2080 3039 2306 3114 νόμενος
2337 3035 2546 3117 ἄφρων,
2578 3036 2739 3114 ἐρεῖς.
2783 3035 2867 3092 ὅτι
2919 3035 3020 3091 οὐκ
3071 3034 3187 3090 ’ἐστι
3245 3034 3374 3096 Θεὸς
3435 3034 3464 3088 ὁ
3525 3033 3740 3104 Πατήρ·

2082 3130 2117 3200 ἢ
2153 3127 2444 3204 ὁμολογῶν
2506 3127 2634 3182 Θεὸν
2691 3127 2782 3181 τὸν
2840 3125 3074 3200 Πατέρα,
3132 3123 3222 3179 καὶ
3283 3122 3415 3178 Θεὸν
3463 3121 3556 3176 τὸν
3583 3122 3738 3192 Υἱὸν,

2084 3218 2175 3273 καὶ
2206 3215 2421 3272 ἀκούων
2481 3215 2646 3270 αὑτοῦ
2695 3212 2973 3290 λέγοντος,
3019 3237 3048 3265 ‹‹
3098 3212 3242 3287 Ἐγώ
3293 3211 3408 3284 εἰμι
3439 3211 3592 3277 Θεὸς,
3649 3209 3743 3264 καὶ

322 3299 644 3374 itidemque
676 3303 888 3360 Filium
922 3322 1050 3362 esse
1081 3307 1379 3380 Deum,,;et
1406 3328 1542 3366 eum
1604 3312 1851 3368 audiens
1884 3312 1971 3368 di-

2088 3308 2188 3364 οὑκ
2242 3303 2386 3363 ἔστιν
2442 3303 2636 3378 ἄλλος,
2696 3329 2722 3357 .n
2772 3303 2898 3378 μίαν
2959 3301 3191 3372 θεότητα
3230 3298 3619 3374 ὁμολογήσεις,
3650 3297 3744 3352 καὶ

330 3391 644 3461 dicentem,
678 3418 703 3443 ‹‹
738 3394 857 3467 Ego
894 3412 1026 3451 sum
1063 3402 1233 3467 Deus,
1264 3402 1322 3455 et
1346 3404 1554 3472 prater
1605 3418 1698 3458 me
1740 3400 1853 3458 nun
1885 3406 1976 3459 est

329 3480 503 3549 alius,
540 3503 568 3530 »
601 3483 836 3539 unicam
868 3484 1143 3542 deitatem
1179 3487 1572 3558 fatebereis,et
1602 3508 1716 3546 non
1750 3490 1976 3563 pericli-

326 3570 565 3626 taberis.
606 3570 812 3629 Maced.
870 3574 986 3646 Ego
1038 3576 1275 3631 unicam
1330 3578 1606 3634 deitatem
1657 3597 1770 3635 non
1821 3581 1973 3648 dico,

327 3659 550 3716 0r!h.Si
582 3661 766 3733 igitur
792 3663 999 3720 audias
1029 3666 1373 3737 prophetam
1396 3667 1686 3724 dicentem
1710 3669 1976 3725 omnium

328 3754 669 3807 sanctorum
711 3752 970 3821 nomine,
1017 3777 1045 3805 «
1097 3759 1143 3810 A
1192 3755 1402 3812 saeculo
1454 3773 1567 3812 non
1619 3758 1976 3830 audivimus,

327 3856 518 3912 neque
570 3841 724 3897 oculi
777 3842 959 3899 nostri
1007 3844 1278 3901 viderunt
1327 3845 1535 3919 Deum,
1587 3851 1796 3920 praeter
1836 3852 1912 3917 te,
1950 3871 1975 3893 η

328 3930 467 4003 quid
520 3931 606 3986 eis
666 3933 1090 4005 responderis?
1132 3934 1330 3991 Maced.
1400 3935 1609 3992 Filium
1658 3938 1818 3994 dicit.
1865 3938 1980 3994 Nec

331 4019 488 4075 enim
523 4020 703 4076 alium
736 4022 912 4078 deum
945 4023 1405 4098 vidimus,quam
1439 4026 1782 4100 Filium,qui
1806 4028 1981 4084 homo

334 4110 524 4165 factus
556 4113 668 4167 est.
703 4111 852 4167 Orth.
886 4114 953 4169 At
982 4114 1137 4169 enim
1172 4138 1200 4165 ‹‹
1234 4115 1341 4181 Qui
1376 4116 1519 4172 vidit
1565 4117 1797 4190 Filium,
1841 4118 1983 4175 vidit

337 4202 569 4255 Patrem
622 4201 684 4254 ³⁷⁸.
743 4201 866 4258 Una
913 4202 1090 4276 igitur
1144 4204 1333 4261 deitas
1380 4211 1469 4262 est
1514 4208 1703 4264 Patris
1741 4213 1797 4265 et
1830 4209 1981 4265 Filii.

333 4289 548 4347 Maced.
580 4289 767 4347 Unam
802 4292 1072 4349 deitatem
1106 4311 1223 4351 non
1254 4294 1404 4352 dico.

405 4379 459 4433 7.
497 4380 666 4435 Orth.
698 4379 843 4436 Cum
867 4383 1014 4438 dicit
1044 4382 1197 4439 Deus
1227 4385 1383 4457 apud
1426 4387 1699 4442 eumdem
1732 4388 1984 4460 prOphe-

2085 3398 2148 3454 οὑ
2177 3393 2541 3458 κινδυνεύσεις
2562 3397 2661 3466 (4).
2695 3395 2843 3452 Μακ.
2877 3390 3022 3467 Ἐγὼ
3081 3389 3206 3464 μίαν
3267 3388 3498 3457 θεότητα
3551 3386 3613 3441 οὑ
3645 3384 3743 3442 λέ-

2085 3508 2190 3564 γω.
2226 3488 2370 3561 Ὀρθ.
2402 3485 2521 3540 Ἐὰν
2556 3484 2647 3539 οὖν
2679 3482 2907 3556 ἀκούσῃς
2962 3484 3060 3535 τοῦ
3115 3478 3404 3556 προφήτου
3463 3474 3524 3530 ἐκ
3569 3494 3744 3564 προσο

2087 3576 2241 3631 ὠπου
2316 3575 2529 3630 πάντων
2614 3576 2722 3627 τῶν
2797 3570 2961 3647 ἁγίων
3034 3566 3314 3646 λέγοντος,
3370 3590 3391 3617 ε
3455 3563 3596 3621 Ἀπὸ
3645 3567 3744 3618 τοῦ

2086 3665 2284 3727 αἰῶνος
2315 3664 2414 3720 οὑκ
2440 3661 2773 3736 ἠκούσαμεν,
2806 3657 2922 3716 οὐδ’
2950 3661 3004 3714 οἱ
3048 3655 3324 3737 ὀφθαλμοὶ
3372 3657 3534 3727 ἡμῶν
3593 3649 3743 3708 εἶδον

2089 3755 2242 3824 Θεὸν,
2273 3751 2420 3822 πλὴν
2455 3756 2574 3821 σοῖ’›⁹
2609 3776 2637 3805 ››
2669 3750 2722 3806 τί
2754 3750 2891 3824 ἐρεῖς
2938 3749 3076 3825 πρὸς
3136 3744 3367 3816 αὖτούς;
3427 3745 3575 3801 Μακ.
3635 3742 3737 3797 Τὸν

2089 3845 2212 3901 Υίὸν
2246 3842 2412 3919 λέγει.
2445 3839 2654 3900 Ἀλλον
2685 3842 2787 3918 γὰρ
2819 3839 2921 3896 οὑκ
2944 3833 3161 3912 εἷ’δομεν
3179 3836 3225 3892 εἰ
3252 3836 3329 3909 μὴ
3360 3834 3452 3890 τὸν
3476 3832 3743 3908 ἐνακθρω-

2090 3938 2337 4006 στήσαντα
2394 3933 2543 3990 Υἱόν.
2596 3932 2741 4009 Ὀρθ.
2778 3955 2806 3982 ‹‹
2865 3935 2924 3987 Ὁ
2971 3925 3031 3983 δὲ
3077 3925 3332 4001 ἑωρακὼς
3360 3924 3453 3979 τὸν
3483 3923 3606 3978 Υἳὸν
3641 3921 3744 3976 ἑώ-

2093 4046 2221 4104 ρακε
2248 4025 2340 4080 τὸν
2375 4023 2611 4097 ΙΙατέρα.
2651 4046 2671 4072 ιο
2721 4019 2837 4078 Μία
2864 4015 2966 4094 ἄρα
2997 4015 3189 4086 θεότης
3222 4015 3436 4092 Ιῐατρὸς
3465 4013 3555 4068 καὶ
3590 4012 3744 4067 Υἱοῦ.

2092 4119 2238 4176 Μακ.
2272 4113 2413 4173 Μίαν
2445 4111 2674 4184 θεότητα
2705 4111 2767 4167 οὗ
2798 4108 2964 4186 λέγω.

2165 4390 2220 4441 7.
2256 4386 2402 4459 Ὀρθ,
2418 4382 2540 4438 Ἐὰν
2569 4380 2705 4455 λέγῃ
2735 4377 2914 4453 ὁιΘεὸς
2939 4377 2989 4432 ὶν
3006 4380 3087 4449 τῷ
3105 4374 3250 4448 σὺτῷ
3269 4373 3586 4459 προφήτῃάι
3607 4367 3749 4459 Ἐγὼ

333 4471 511 4539 tam,-
547 4469 665 4542 Ego
697 4471 853 4526 Deus
870 4471 1181 4544 primus,et
1204 4490 1311 4547 ego
1327 4457 1764 4547 postremus73,;»
1789 4457 1972 4533 utrum

2098 4475 2226 4535 Θεὸς
2254 4457 2599 4548 πρῶτος,καὶ
2628 4467 2738 4543 ἐγὼ
2768 4466 2844 4529 εἰς
2873 4465 2940 4521 τὰ
2970 4462 3335 4541 ἐπερχόμενα,
3370 4484 3391 4512 ο
3425 4458 3548 4516 τίνα
3568 4457 3753 4534 λὲγεις

336 4556 596 4630 illorum,
630 4576 778 4631 quos
811 4577 993 4616 unum
1029 4567 1085 4617 et
1128 4579 1310 4618 unum
1344 4581 1473 4621 esse
1520 4566 1846 4635 arbitraris,
1882 4565 1972 4622 hoc

2098 4568 2205 4618 τῶν
2240 4562 2314 4624 εἷς
2348 4560 2437 4615 καὶ
2471 4558 2544 4621 εἷς
2587 4556 2898 4631 ε”ρηχὲναη
2950 4556 3097 4613 Μακ.
3148 4553 3248 4607 Τὸν
3302 4549 3537 4625 ΙΙατὲρα.
3599 4548 3756 4624 Ὀρθ.

340 4647 560 4704 dixisse
591 4650 857 4705 censebis
878 4650 905 4704 ‘2
936 4651 1134 4707 iilaced.
1167 4656 1420 4710 Patrem.
1456 4655 1831 4711 0rth.Filium
1854 4672 1972 4729 argi

2098 4652 2197 4707 Τὸν
2258 4650 2383 4705 Υἱὸν
2441 4648 2533 4704 οὗν
2596 4646 2659 4703 οὓ
2710 4645 2883 4724 λὲγεις
2935 4642 3108 4712 Θεόν;
3149 4643 3294 4699 Μακ.
3322 4640 3498 4733 Ἐἶπον
3533 4636 3757 4733 Θεὸν-ὲκ

349 4753 467 4792 non
501 4735 649 4793 dicis
681 4737 864 4794 Deum
892 4738 920 4795 ?
949 4739 1158 4798 Maced.
1192 4742 1316 4798 Dixi
1354 4744 1532 4799 Deum
1570 4760 1639 4800 ex
1667 4744 1805 4801 Deo.
1833 4744 1988 4801 Orth.

2104 4745 2259 4798 Θεοῦ.
2294 4740 2440 4813 Ὀρθ.
2474 4738 2537 4794 Εἰ
2561 4737 2740 4793 τοίνυν
2774 4735 2902 4798 Θεὸς
2935 4735 2963 4788 ὁ
2992 4732 3204 4808 Πατὴρ,
3250 4728 3340 4786 καὶ
3371 4730 3502 4791 Θεὸς
3543 4729 3572 4783 6
3602 4728 3751 4799 Υἱὸς,

345 4827 549 4897 Itaque
578 4826 627 4881 si
660 4826 829 4883 Pater
857 4835 947 4885 est
976 4829 1216 4900 Deus,et
1248 4832 1427 4889 Filius
1461 4833 1779 4901 Deus,dicit
1799 4839 1972 4890 auten

2106 4831 2255 4907 λέγει
2288 4826 2347 4885 δὶ
2376 4830 2404 4883 ὁ
2455 4826 2609 4899 Θεὸς,
2664 4852 2691 4879 ‹‹
2731 4825 2870 4902 Ἐγὼ
2902 4822 3031 4885 Θεὸς
3062 4817 3423 4907 πρῶτος,καὶ
3588 4816 3663 4879 si:
3688 4815 3759 4871 τὰ

348 4919 521 4987 Deus,
558 4938 586 4967 «
634 4916 748 4990 Ego
795 4918 951 4974 Deus
1002 4920 1251 4991 primus,
1302 4927 1360 4979 et
1406 4940 1514 4996 ego
1559 4927 1914 4997 postremus,
1970 4947 1990 4974 ι

347 5022 484 5078 ergo
517 5007 688 5062 unica
720 5012 810 5064 est
840 5009 1048 5066 deitas.
1074 5011 1535 5069 Maced.Etiamsi
1567 5013 1736 5085 plura
1759 5012 1997 5084 dixeris,

346 5112 460 5151 non
490 5098 857 5168 persuaseris
884 5099 1050 5166 mihi,
1106 5104 1170 5155 ut
1217 5101 1448 5157 unicam
1481 5102 1761 5159 deitatem
1783 5103 1997 5159 dicam.

2106 4905 2465 4997 ἐπερχόμενα·
2501 4941 2531 4969 ››
2568 4918 2666 4991 μία
2697 4917 2799 4990 ἄρα
2830 4908 3046 4983 θεότης.
3080 4913 3228 4969 Μακ.
3262 4906 3368 4964 Κᾶν
3421 4905 3653 4964 πλείονα

2109 4996 2284 5086 εἴπῃς,
2317 5007 2422 5085 ἐγὼ
2483 5007 2607 5082 μίαν
2663 5000 2892 5075 θεότητα
2950 5001 3117 5058 εἰπεῖν
3176 4999 3238 5055 οὑ
3295 4998 3576 5086 πείθομαι.
3606 4996 3756 5086 Ὀρβ.

2107 5098 2174 5158 Εἴ
2209 5082 2284 5173 μή
2319 5082 2430 5154 ἐστι
2466 5095 2565 5171 μία
2594 5090 2786 5165 θεότης
2818 5092 3031 5168 ΙΙατρὸς
3059 5090 3149 5147 καὶ
3207 5089 3360 5162 Υἱοῦ,
3419 5085 3565 5157 ἄλλη
3623 5082 3758 5150 ἐστὶ,

351 5186 511 5243 Orth.
559 5185 680 5243 Nisi
734 5205 849 5243 una
880 5189 959 5244 sit
1007 5189 1196 5247 deitas
1241 5192 1433 5247 Patris
1479 5197 1538 5248 et
1582 5193 1711 5248 Filii
1766 5193 1880 5249 alia
1911 5210 1972 5248 es

2111 5188 2303 5259 θεότης
2334 5191 2432 5243 τοῦ
2467 5185 2704 5260 ΙΙατρὸς,
2734 5183 2826 5238 καὶ
2856 5179 3003 5252 ἄλλη
3049 5179 3242 5250 θεότης
3270 5181 3367 5234 τοῦ
3415 5177 3563 5232 Υὶοῦ.
3615 5177 3754 5227 Μακ.

349 5275 554 5341 Patris,
590 5276 706 5333 alia
732 5286 822 5334 est
853 5277 983 5334 Filii
1034 5280 1243 5338 deitas.
1290 5281 1491 5338 Haccd.
1545 5287 1694 5339 Sane
1736 5283 1999 5355 quidem.

351 5363 647 5423 Orth.Alia
678 5373 876 5423 autem
910 5372 967 5424 et
996 5368 1456 5443 aliadeitas,non
1479 5377 1620 5428 sunt
1650 5389 1807 5428 unus
1830 5374 2001 5429 Deus.

418 5564 464 5600 “
493 5565 606 5623 Isa.
638 5580 800 5635 xuii,
836 5569 924 5641 11,
959 5569 1045 5626 12.
1121 5571 1168 5605 ¹¹⁰
1195 5575 1310 5628 Isa.
1343 5588 1472 5642 xnv,
1504 5572 1702 5629 22-24.
1778 5575 1824 5609 τί
1864 5570 1970 5628 Phi

2086 5587 2120 5626 ι.
2153 5586 2217 5637 ιι,
2255 5570 2340 5625 10.

423 5764 500 5838 (4)
531 5763 744 5822 Patat..
777 5761 1095 5824 κινδυνεύει.

2110 5278 2211 5334 Καὶ
2243 5276 2403 5332 πάνυ.
2441 5274 2587 5350 Ὀρθ.
2615 5271 2801 5343 ’Ἄλλη
2834 5270 2892 5327 δὲ
2919 5271 3010 5326 καὶ
3040 5268 3188 5339 ἄλλη
3220 5267 3414 5340 θεότης
3470 5265 3570 5319 οὑκ
3623 5260 3755 5318 εἰσὶν

2113 5368 2189 5431 εἷς
2220 5363 2368 5429 Θεός.
2402 5349 2548 5425 Μακ.
2608 5362 2685 5423 Οὑ
2741 5363 2844 5438 γὰρ
2901 5359 3047 5438 λέγω
3101 5356 3195 5415 ἕνα
3223 5358 3353 5415 Θεὸν
3410 5356 3626 5432 Πατέρα
3675 5349 3763 5408 καὶ

2442 5566 2488 5601 ’τί
2514 5564 2685 5623 Joan.
2717 5577 2832 5631 xxv,
2863 5562 2919 5618 9.
2995 5561 3042 5597 ⁷⁸
3073 5562 3185 5618 Isa.
3215 5574 3367 5626 XLIV,
3397 5559 3455 5622 6.

2187 5765 2260 5839 (5)
2292 5761 2506 5835 Palat,
2535 5758 2657 5822 Ἐὰν
2687 5755 2936 5816 πλείονα.
