4116 6374
337 421 490 482 1213

1276 420 1378 480 DE
1422 420 1722 480 SANCTA
1771 419 2200 480 TRlNlTATE
2248 419 2639 483 DIALOGUS
2684 419 2785 480 Ill.

3601 411 3758 472 1214

339 552 481 606 Υἱόν.
517 551 662 625 Ὀρθ.
706 551 830 608 Ἐὰν
881 549 972 604 οῦν
1023 549 1258 624 ἀκούσῃς
1304 548 1400 604 τοῦ
1450 552 1736 628 προφήτου
1798 549 1986 625 λέγον-

2114 551 2302 606 "acad.
2332 551 2446 607 Nec
2476 552 2630 606 enim
2665 551 2814 618 dico,
2842 553 3063 605 Patrem
3089 553 3146 604 et
3170 547 3382 604 Filium
3415 563 3544 602 esse
3567 561 3752 600 unum

334 661 447 712 τος,
482 663 510 690 ››
543 638 701 696 Οὕτω
761 639 908 714 λέγει
970 639 1163 713 Κύριος
1225 634 1465 693 σαϐαώθ·
1516 639 1837 695 Έκοπίασεν
1887 635 1984 692 Δῖ-

337 750 562 807 γυπτος,
615 729 706 783 καὶ
760 727 999 804 ἐμπορία
1049 727 1350 783 Αἰθιόπων·
1399 729 1488 782 καὶ
1538 729 1590 781 οἱ
1637 723 1884 800 Σαϐαεὶμ
1912 729 1990 801 (6)

349 818 371 832 τι
414 817 438 838 ᾗ
572 819 584 837 ε
610 821 619 856 1
756 819 769 838 \
807 817 820 836 Ί
876 819 888 838 \
973 817 987 834 κ
1050 815 1074 834 Ν
1528 817 1540 836 ς
1602 819 1614 832 η

343 839 532 892 ανορες
565 817 771 891 υψηλοι
804 837 890 872 επι
942 837 999 871 σε
1047 812 1421 888 οιαὸήσονται,
1454 839 1543 871 και
1591 816 1993 886 ακολοοθήσου-

343 930 425 962 σιν
460 908 637 962 ὀπίσω
683 928 765 960 σοι
816 904 1092 980 δεδεμένοι
1142 903 1513 982 χειροπέδαις,
1545 905 1634 960 καὶ
1682 907 1991 980 προσκυνή-

338 997 495 1051 σουσί
529 1017 634 1052 σοι.
671 995 747 1050 Σὺ
778 996 880 1071 γὰρ
917 997 964 1050 εἴ
991 995 1144 1062 Θεὸς,
1177 996 1266 1049 καὶ
1310 994 1407 1049 οὐκ
1437 992 1685 1068 ᾔδειμεν,
1717 995 1846 1056 Θεὸς
1897 998 1994 1048 τοῦ

338 1084 565 1161 Ἰσραὴλ
625 1087 724 1158 (7),
785 1108 812 1136 ››
869 1084 992 1138 τίνα
1049 1083 1227 1159 λέγεις
1289 1085 1560 1160 εἷ’ρηκέναι
1613 1089 1817 1152 ταῦτα;
1853 1090 1993 1138 Μακ.

336 1176 444 1232 Τὸν
480 1175 622 1230 Υἱόν.
680 1175 829 1248 Ὀρθ.
883 1173 948 1228 Εἴ
995 1171 1052 1228 δὲ
1107 1174 1197 1228 καὶ
1260 1175 1310 1227 οἱ
1366 1173 1792 1235 ἀκολουθοῦντες
1854 1174 1998 1245 αὐτῷ

340 1265 808 1339 προσκυνήσουσιν
868 1262 920 1317 ἰν
978 1260 1128 1334 αἱ»τῷ
1205 1259 1680 1339 προσευχόμενοι,
1739 1261 1999 1332 ἀληθινός

342 1352 457 1408 ἔστι
490 1352 621 1414 Θεός
649 1379 663 1421 ;
696 1359 836 1408 Max.
870 1351 994 1408 Ναί.
1045 1353 1197 1426 ὈρΟ.
1255 1357 1688 1428 Προσκυνοῦντες
1746 1349 1802 1406 δὲ
1855 1350 2001 1422 αὐτῴ

343 1442 446 1498 οὐκ
474 1439 757 1515 ἀλλοτρίῳ
789 1446 905 1513 Θεῷ
936 1446 1371 1516 προσκυνοῦμεν,
1407 1438 1534 1495 οὐδὲ
1565 1440 1660 1495 δύο
1705 1447 1881 1503 Θεοῖς·
1914 1441 2000 1515 γέ-

347 1551 579 1606 γραπται
632 1532 756 1605 γάρ·
796 1529 1052 1604 «Κύριον
1111 1531 1203 1584 τὸν
1261 1531 1388 1584 Θεόν
1440 1552 1534 1584 σου
1583 1531 2000 1605 προσκυνήσεις,

342 1621 436 1676 καὶ
497 1621 644 1690 αὑτῷ
706 1621 860 1692 μόνῳ
914 1617 1247 1693 λατρεύσεις.
1285 1646 1306 1673 ii
1348 1620 1410 1674 Ei
1463 1617 1520 1674 δὲ
1578 1623 2004 1692 προσκυνοῦντες

339 1710 516 1781 αὑτῷ,
547 1706 637 1764 καί
696 1708 776 1781 τῷ
835 1709 1005 1782 Πατρὶ
1063 1709 1246 1783 Κυρίῳ
1293 1714 1372 1781 τῷ
1422 1708 1539 1781 Θεῷ
1571 1713 2001 1784 προσκυνοῦμεν,

339 1798 439 1854 καὶ
473 1799 618 1870 αὑτῷ
667 1797 820 1871 μόνῳ
871 1796 1229 1872 λατρεῦομεν·
1269 1798 1365 1871 μία
1413 1795 1513 1874 ἄρα
1554 1798 1743 1868 Θεότης
1791 1798 2001 1872 ΙΙατρὸς

2104 641 2301 695 Deum.
2338 645 2495 699 Orlh.
2521 642 2575 696 Si
2610 641 2814 697 audias
2847 641 3025 712 igitur
3056 639 3396 711 prophetam
3423 636 3753 690 dicentem:

2100 753 2126 779 «
2160 731 2252 785 Sic
2283 731 2424 785 dicit
2474 731 2757 786 Dominus
2790 729 3146 784 exercituum
3184 745 3196 782 :
3234 725 3540 781 Laboravit
3580 728 3755 796 [Egy-

2103 825 2260 892 ptus,
2295 825 2350 875 et
2383 820 2697 892 negotiatio
2730 819 3084 889 fEthiopum,
3119 821 3176 871 et
3204 814 3438 870 Sabaim
3475 813 3577 866 viri
3615 829 3752 884 pro-

2104 908 2240 977 ceri,
2265 910 2336 963 ad
2370 914 2424 963 te
2456 909 2811 976 transibunt,
2839 913 2894 961 et
2919 913 2969 961 te
3003 909 3324 976 sequentur
3347 903 3594 956 manicis
3624 901 3762 954 vin-

2105 997 2203 1066 cti,
2236 1007 2292 1056 et
2321 1007 2376 1054 te
2407 1001 2752 1056 adorabunt.
2785 1000 2866 1053 Tu
2901 1000 3056 1054 enim
3092 1013 3152 1051 es
3181 1003 3349 1061 Deus,
3376 998 3430 1047 et
3464 991 3761 1064 ignoravi-

2107 1107 2242 1145 mus
2274 1107 2285 1143 :
2324 1090 2477 1144 Deus
2510 1089 2743 1144 Israelis
2766 1091 2832 1153 7",
2867 1109 2892 1137 ››
2947 1105 3119 1158 quem
3153 1087 3274 1140 1]th
3305 1083 3522 1137 dixisse
3563 1079 3762 1136 existi-

2112 1179 2282 1234 mas?
2332 1179 2529 1234 Maced.
2575 1178 2806 1234 Filium.
2861 1177 3018 1236 Orth.
3071 1176 3232 1240 Quod
3267 1174 3314 1228 si
3366 1172 3465 1243 qui
3500 1188 3635 1225 eum
3684 1186 3774 1224 se-

2112 1273 2383 1340 quentur,
2406 1269 2598 1339 ipsum
2634 1267 2962 1322 adorabunt
2994 1266 3050 1319 in
3093 1267 3223 1335 ejus
3256 1261 3494 1317 nomine
3529 1275 3774 1331 precan-

2112 1363 2221 1428 tes,
2257 1375 2448 1412 nonne
2498 1374 2667 1412 verus
2717 1363 2806 1411 est
2849 1355 3050 1410 Deus?
3096 1353 3304 1409 Maced.
3362 1351 3549 1405 Etiam
3609 1349 3772 1404 Orth-

2111 1447 2256 1502 Cum
2308 1453 2503 1501 autem
2557 1463 2690 1501 eum
2741 1446 3078 1509 adoramus,
3113 1442 3368 1497 alienum
3421 1440 3605 1494 Deum
3655 1453 3772 1491 non

2113 1537 2447 1604 adoramus,
2483 1552 2670 1606 neque
2714 1536 2861 1589 duos
2897 1535 3038 1588 Deos
3073 1550 3083 1586 :
3119 1531 3403 1603 scriptum
3437 1533 3528 1582 est
3559 1525 3714 1582 enim
3753 1541 3766 1581 :

2115 1649 2142 1676 «
2178 1625 2495 1680 Dominum
2526 1625 2709 1680 Deum
2758 1630 2926 1678 tuum
2959 1620 3255 1686 adorabis,
3287 1625 3343 1673 et
3390 1616 3473 1672 illi
3503 1615 3610 1671 soli
3641 1631 3765 1670 ser-

2113 1716 2233 1770 vies
2256 1716 2314 1769 7‘.
2355 1738 2381 1764 »
2405 1716 2563 1778 Quod
2591 1715 2636 1767 si
2666 1731 2796 1768 cum
2825 1713 3158 1780 adorantes,
3184 1709 3356 1764 etiam
3394 1707 3616 1761 Patrem
3653 1705 3765 1759 Do-

2115 1805 2340 1859 minum
2376 1805 2558 1860 Deum
2591 1804 2930 1868 adoramus,
2962 1806 3017 1856 et
3048 1799 3099 1854 ei
3140 1797 3247 1854 soli
3281 1796 3592 1864 servimus,
3627 1808 3770 1848 sane

339 1889 435 1943 καὶ
498 1888 641 1944 fici”).
675 1887 835 1944 Οὕτω
891 1887 994 1964 γὰρ
1053 1887 1142 1942 καὶ
1203 1888 1452 1960 ἐροῦμεν,
1483 1887 1564 1942 ὅτι
1593 1913 1619 1939 ι(
1658 1887 1733 1942 Σὺ
1764 1888 1792 1941 6
1849 1887 2000 1956 Θεὸς,

2117 1912 2233 1949 una
2265 1900 2352 1948 est
2384 1892 2590 1956 Patris,
2615 1899 2670 1948 et
2698 1891 2826 1946 Filii
2860 1890 3068 1946 deitas.
3105 1888 3197 1943 Sic
3232 1886 3384 1942 enim
3419 1883 3597 1939 etiam
3633 1881 3780 1936 dici-

337 1977 436 2032 καὶ
471 1976 522 2031 ἐν
556 1977 640 2031 σοὶ
674 1978 701 2031 6
732 1977 888 2047 Θεὸς,
919 1976 1009 2030 καὶ
1043 1977 1144 2032 οὑκ
1173 1974 1282 2031 ἔστι
1317 1978 1446 2038 Θεὸς
1477 1975 1623 2044 πλὴν
1659 1981 1773 2034 σοῦ,
1801 2001 1826 2027 ››
1861 1983 2001 2032 Μακ.

341 2067 411 2123 Ei;
448 2066 496 2120 ἐν
526 2067 672 2138 αὑτῷ
703 2067 730 2120 6
764 2067 914 2137 Θεὸς,
948 2070 1064 2128 πῶς
1120 2066 1218 2138 μία
1268 2066 1494 2136 θεότης;
1526 2068 1675 2140 Ὀρθ.
1708 2068 1829 2123 Ὅτι
1882 2065 2004 2120 ἐπι-

343 2155 520 2234 φέρει·
557 2180 584 2207 ‹‹
620 2155 716 2209 Καὶ
773 2156 872 2209 οὑκ
917 2153 1028 2210 ’ἔστι
1079 2155 1208 2217 Θεὸς
1261 2154 1408 2222 πλην
1444 2160 1560 2212 σοῦ.
1599 2182 1618 2205 ι
1657 2155 1753 2209 Καὶ
1787 2157 1813 2208 ὁ
1847 2156 2003 2227 Ἱερε-

348 2245 478 2319 μίας
529 2243 694 2320 λέγει·
731 2269 759 2296 ‹‹
793 2244 964 2306 Οὗτος
1014 2246 1044 2298 ἁ
1102 2244 1229 2307 Θεὸς
1282 2247 1466 2314 ἡμῶν,
1501 2245 1563 2298 o6
1623 2243 2006 2318 λογισθήσεται

341 2331 531 2405 ἕτερος
587 2332 725 2408 πρὸς
784 2328 965 2390 αὑτόν.
1001 2333 1210 2406 Ἐξεῦρε
1267 2340 1437 2388 πᾶσαν
1489 2331 1612 2388 ὁδὸν
1670 2333 2003 2405 ἐπιστήμης,

341 2423 439 2477 καὶ
472 2419 669 2477 ἔδωκεν
705 2422 869 2490 αὐτὴν
905 2417 1098 2478 Ἰακὼϐ
1129 2426 1207 2493 τῷ
1235 2420 1389 2476 παιδὶ
1434 2424 1619 2493 αὑτοῦ,
1650 2423 1739 2477 καὶ
1780 2422 2002 2498 Ἰσραὴλ

339 2513 426 2582 τῷ
485 2511 829 2588 ἠγαπημένῳ
889 2511 977 2566 ὑπ’
1007 2513 1191 2568 αὑτοῦ.
1223 2513 1370 2566 Μετὰ
1422 2517 1589 2566 ταῦτα
1621 2511 1706 2566 ἐπὶ
1757 2519 1854 2581 τῆς
1902 2518 2004 2587 γῆς

341 2596 655 2680 ὤφθη,παὶ
715 2606 832 2663 τοῖς
892 2601 1203 2674 ἀνθρώποις
1263 2603 1686 2678 συνανεστράφη.
1752 2625 1778 2651 ››
1838 2601 1897 2657 Εἰ
1947 2598 2004 2654 δὲ

343 2691 508 2752 οὗτος
537 2690 564 2744 6
595 2689 681 2744 ἐπὶ
713 2696 814 2766 γῆς
847 2684 1031 2768 ὀφθείς
1061 2689 1201 2744 ἐστιν
1235 2691 1263 2744 ὁ
1295 2692 1423 2752 Θεὸς
1455 2693 1640 2762 ἡμῶν,
1673 2691 1761 2744 καὶ
1794 2691 1856 2744 οὑ
1908 2689 2002 2745 λο-

343 2782 666 2856 γισθήσεται
697 2776 878 2855 ἕτερος
923 2780 1057 2854 πρὸς
1103 2779 1280 2834 αὑτόν·
1337 2779 1432 2853 μία
1481 2779 1582 2853 ἄρα
1631 2779 1821 2850 θεότης
1884 2782 2005 2836 Ila-

340 2869 473 2943 τρὸς
505 2868 594 2924 καὶ
628 2869 775 2924 Υἱοῦ.

413 2961 468 3014 8.
505 2960 651 3014 Μακ.
684 2957 748 3012 Εἰ
812 2957 910 3030 μία
966 2957 1156 3028 θεότης
1216 2957 1376 3028 ἐστὶν,
1413 2958 1706 3033 ἀγέννητὸς
1755 2955 1811 3013 δέ

345 3049 381 3117 ἡ
414 3052 512 3101 τοῦ
573 3047 808 3122 Ματρὸς,
861 3048 1088 3121 γεννητή
1151 3043 1207 3101 δέ
1260 3046 1370 3101 ἐστι
1427 3052 1524 3102 τοῦ
1583 3049 1730 3101 Υἱοῦ·
1781 3069 2002 3124 γεννητ-

343 3135 637 3212 αγέννητός
688 3139 765 3209 (8)
798 3136 937 3190 ἐστιν
984 3137 1017 3204 ἡ
1070 3135 1284 3205 Θεότης.
1328 3137 1472 3209 Ὀρθ.
1520 3135 1740 3191 Γελοῖον
1796 3137 2007 3209 ὑπομέ-

353 3247 562 3299 μνηκας
615 3225 890 3302 φρόνημα.
926 3229 1061 3298 Ἀρα
1103 3225 1226 3300 γὰρ,
1261 3223 1342 3278 ὅτι
1395 3227 1422 3279 6
1455 3225 1591 3296 ἀνὴρ
1645 3226 1734 3280 καὶ
1783 3227 1816 3295 ἠ
1867 3229 1996 3302 γυνὴ

1862 2959 2002 3014 ἐστιν

351 3315 452 3369 οὑκ
481 3315 578 3370 εἶσὶ
620 3311 739 3386 δύο,
771 3312 918 3368 ἀλλὰ
969 3314 1065 3387 μία
1115 3315 1268 3389 σὰρξ,
1299 3315 1435 3368 κατὰ
1489 3316 1587 3384 τήν
1643 3313 1741 3370 τοῦ
1801 3295 1999 3390 Κυριου
2031 3295 2074 3361 C

355 3405 561 3478 φωνὴν,
606 3401 990 3478 ἀνδρογύναιός
1049 3401 1189 3458 ἐστιν
1219 3404 1252 3471 ἠ
1308 3403 1483 3478 σάρξ;
1535 3410 1677 3460 Μακ.
1740 3403 1917 3459 ³Α).λά
1965 3406 1999 3474 ἠ

350 3492 478 3569 σὰρξ
506 3491 602 3547 τοῦ
633 3489 823 3568 ἀνδρὸς
852 3492 942 3547 καὶ
986 3495 1081 3560 τῆς
1124 3493 1404 3566 γυναικὸς,
1436 3493 1497 3546 ὲκ
1544 3499 1669 3566 μιᾶς
1721 3493 2005 3567 ὑποκειμέ-

345 3602 444 3650 νης
480 3580 616 3650 ὕλης
651 3581 776 3652 εἰσὶ,
806 3589 907 3651 τῆς
940 3589 1067 3656 γῆς.
1101 3583 1249 3658 Ὀρθ.
1285 3583 1403 3636 Ἐὰν
1442 3581 1533 3636 οῦν
1586 3581 1718 3660 λέγῃ
1749 3585 1782 3652 ἠ
1816 3585 2002 3660 Γραφή

346 3671 474 3746 περὶ
532 3676 640 3726 τῶν
699 3672 1122 3743 πιστευσάντων,
1173 3696 1200 3723 ι(
1263 3673 1359 3728 Ἠν
1415 3673 1598 3734 αὑτοῖς
1655 3670 1850 3749 καρδία
1907 3672 2006 3746 μία

344 3760 438 3816 καὶ
492 3762 646 3836 ψυχὴ
683 3761 801 3833 μία,
835 3785 864 3811 ››
923 3761 991 3829 ἦν
1047 3761 1108 3814 τὸ
1165 3759 1381 3830 πλῆθος
1439 3767 1545 3816 τῶν
1607 3762 2001 3817 πιστευσάντων

349 3851 400 3923 ἐξ
444 3847 650 3926 ἀνδρῶν
705 3850 794 3904 καὶ
843 3854 1138 3925 γυναικῶν,
1170 3847 1551 3926 ἀνδρογῦναιος
1611 3853 1678 3920 ἦν
1807 3854 2001 3928 qam/ﬁ;

349 3940 471 3994 Ἐὰν
517 3936 574 3994 δὲ
618 3938 755 4014 λέγῃ
808 3937 1044 4009 Παῦλος,
1088 3963 1115 3990 ‹‹
1160 3945 1252 3993 ’Ἑν
1301 3943 1459 4012 σῶμα
1516 3942 1604 3994 καὶ
1660 3937 1714 3995 ἓν
1768 3945 2002 4013 πνεῦμα,

347 4030 530 4092 καθὼς
561 4029 650 4082 καὶ
683 4027 952 4098 ἐκλήθητε
981 4027 1032 4082 ἐν
1061 4034 1160 4101 μιᾷ
1181 4027 1366 4084 ἐλπίδι
1386 4036 1485 4098 τῆς
1503 4029 1754 4100 κλήσεως
1781 4031 1956 4102 ὑμῶν,
1975 4054 2002 4081 ››

348 4115 736 4194 ἀνδρογύναιον
773 4116 952 4192 λέγεις
998 4119 1098 4186 τήν
1150 4116 1366 4188 ἐλπίδα,
1395 4117 1580 4187 ἐπειδὴ
1635 4119 1758 4190 μίαν
1807 4116 2005 4174 ἐλπίδα

349 4205 536 4284 ἄνδρας
567 4209 656 4262 καὶ
685 4212 932 4282 γυναῖκες
961 4205 1198 4282 ἔχομεν,
1233 4214 1374 4266 Μακ.
1409 4209 1582 4265 Πάλιν
1635 4209 1798 4282 λέγω,
1839 4209 2003 4281 ἡμεῖς

353 4297 477 4370 μίαν
507 4295 739 4368 θεότητα
766 4297 828 4351 οὑ
861 4295 1110 4371 λέγομεν.
1146 4297 1290 4370 Ὀρθ.
1328 4298 1449 4352 Ἐὰν
1506 4295 1598 4351 οῦν
1642 4295 1778 4373 λέγῃ
1813 4299 1839 4352 ὁ
1872 4299 2001 4360 Θεὸς

349 4382 439 4440 διὰ
467 4390 563 4440 τοῦ
595 4379 787 4456 Δαϐὶδ,
825 4410 846 4434 ι
882 4386 1176 4455 Ἄκουσον,
1200 4384 1330 4447 λαός
1367 4387 1598 4458 μου,καί
1631 4385 1859 4457 λαλήσω
1893 4405 1998 4441 σσι·

348 4475 594 4550 Ἰσραὴλ,
625 4475 716 4530 καὶ
750 4471 1227 4550 διαμαρτυροῦμαί
1261 4497 1365 4531 σοι.
1402 4476 1520 4530 Ἐὰν
1577 4476 1812 4550 ἀκούσῃς
1873 4498 1999 4549 μου,

350 4565 450 4620 οὑκ
485 4562 631 4619 ἔσται
665 4563 716 4618 ἐν
758 4563 844 4618 σοὶ
893 4563 1022 4626 Θεὸς
1074 4563 1407 4640 πρόσφατος,
1440 4562 1564 4620 οὐδὲ
1606 4568 1997 4642 προσκυνήσεις

2116 2000 2248 2038 mus
2282 2001 2294 2037 :
2335 2007 2354 2030 ει
2393 1983 2477 2037 Tu
2508 2000 2570 2037 es
2611 1982 2786 2050 Deus,
2820 1986 2875 2034 et.
2923 1980 2981 2034 in
3018 1983 3074 2033 te
3129 1980 3276 2032 Deus
3312 1980 3419 2042 est,
3453 1978 3510 2028 et
3545 1988 3656 2026 non
3691 1974 3782 2025 est

2117 2073 2268 2127 Deus
2303 2078 2510 2143 praeter
2543 2077 2613 2124 te.
2653 2095 2678 2118 η
2712 2071 2914 2124 Maced.
2963 2067 3020 2123 Si
3055 2068 3110 2120 in
3145 2067 3272 2137 ipso
3303 2075 3387 2118 est
3420 2062 3592 2127 Deus,
3628 2076 3772 2130 quo-

2116 2163 2288 2218 modo
2321 2180 2437 2216 una
2465 2164 2555 2216 est
2602 2159 2834 2215 deitas?
2868 2157 3027 2214 Orth.
3080 2155 3365 2222 Quoniam
3418 2148 3724 2221 subjunxit
3755 2165 3768 2203 ε

2117 2274 2143 2300 ‹‹
2181 2251 2242 2304 Et
2273 2268 2386 2305 non
2419 2255 2507 2305 est
2555 2249 2706 2304 Deus
2759 2253 2963 2317 printer
2994 2252 3070 2301 te.
3107 2269 3133 2294 ››
3185 2244 3332 2300 445
3385 2242 3454 2297 Et
3482 2238 3770 2296 Jeremias

2119 2341 2359 2411 inquit:
2393 2364 2416 2388 υ
2455 2340 2558 2394 Hic
2613 2345 2702 2392 est
2751 2338 2905 2392 Deus
2955 2341 3170 2402 noster,
3225 2350 3339 2387 non
3389 2328 3776 2384 aestimabitur

2113 2429 2265 2484 alius
2288 2446 2422 2484 cum
2454 2447 2539 2482 eo.
2567 2426 2792 2482 Invenit
2822 2442 3056 2481 omnem
3087 2423 3240 2477 viam
3276 2419 3551 2488 scientiae,
3583 2422 3640 2471 et
3668 2417 3775 2470 de-

2113 2519 2199 2574 dit
2230 2535 2356 2573 eam
2380 2517 2561 2573 Jaeob
2593 2533 2770 2587 puero
2794 2532 2921 2585 suo,
2947 2520 3004 2569 et
3039 2511 3211 2567 Israel
3234 2510 3442 2564 dilecto
3476 2524 3603 2562 suo.
3642 2506 3782 2561 Post

2113 2610 2234 2663 haec
2266 2608 2326 2661 in
2360 2611 2524 2662 terra
2545 2605 2704 2660 visus
2723 2610 2834 2673 est,
2861 2609 2919 2660 et
2947 2620 3077 2658 cum
3100 2599 3439 2656 hominibus
3471 2610 3779 2673 conversaf

2111 2703 2210 2752 tus
2240 2697 2410 2752 est“.
2446 2719 2472 2745 ››
2511 2696 2672 2760 Quod
2707 2694 2756 2749 si
2787 2695 2916 2761 iste,
2952 2693 3050 2764 qui
3085 2690 3244 2745 visus
3277 2694 3363 2743 est
3398 2687 3454 2742 in
3488 2692 3662 2754 terra,
3687 2671 3783 2738 est

2113 2786 2268 2842 Deus
2301 2789 2519 2852 uoster,
2557 2801 2658 2838 nec
2711 2782 2862 2838 alius
2893 2798 3026 2836 cum
3062 2797 3128 2835 eo
3160 2776 3567 2842 aestimabitur,
3605 2773 3779 2829 unica

2114 2892 2250 2946 ergo
2285 2879 2373 2930 est
2407 2873 2593 2929 Patris
2625 2879 2680 2928 et
2715 2872 2840 2927 Filii
2876 2871 3078 2925 deitas.

2184 2965 2235 3016 8.
2271 2963 2474 3018 Maced.
2515 2963 2572 3017 Si
2607 2962 2780 3016 unica
2828 2965 2916 3015 est
2945 2959 3152 3027 deitas,
3202 2965 3259 3013 et
3299 2954 3488 3010 Patris
3537 2953 3778 3024 quidem

2115 3055 2303 3109 deitas
2351 3057 2440 3107 est
2490 3070 2605 3108 non
2651 3050 2864 3120 genita,
2903 3049 3026 3104 Filii
3087 3064 3217 3102 vero
3264 3045 3480 3117 genita,
3530 3042 3784 3098 efﬁcitur

2117 3141 2393 3196 deitatem
2435 3158 2564 3196 esse
2613 3137 3095 3212 γενηταγέννητον,
3149 3137 3201 3191 id
3238 3140 3346 3202 est,
3399 3150 3510 3188 non
3545 3131 3778 3203 genito-

2113 3231 2390 3302 genitam.
2427 3229 2588 3284 Orth.
2625 3227 2948 3284 Ridiculam
2973 3225 3382 3296 cogitationem
3416 3237 3771 3277 commemo-

2115 3337 2229 3375 ras.
2263 3323 2346 3374 An
2387 3321 2541 3374 enim
2594 3319 2728 3390 quia
2781 3318 2865 3372 vir
2893 3323 2949 3372 et
2980 3333 3122 3371 uxor
3164 3332 3276 3369 non
3328 3317 3466 3368 sunt
3497 3312 3634 3380 duo,
3667 3311 3770 3366 sed

2114 3427 2229 3465 una
2259 3427 2413 3475 caro,
2450 3416 2513 3464 ut
2564 3408 2705 3462 dicit
2738 3407 3041 3472 Dominus,
3071 3422 3204 3459 caro
3245 3404 3365 3458 haec
3413 3407 3503 3458 est
3537 3418 3770 3456 mascu-

2112 3498 2545 3554 lino-feminina
2570 3501 2592 3552 Ρ
2618 3497 2815 3553 Maced.
2851 3497 2958 3552 Sed
2989 3513 3122 3550 caro
3153 3493 3258 3548 viri
3295 3498 3351 3548 et
3382 3491 3598 3556 uxoris,
3630 3494 3776 3545 sunt

2113 3604 2181 3643 ex
2238 3605 2356 3643 una
2429 3589 2729 3642 substrata
2789 3584 3052 3651 materia,
3115 3599 3182 3638 ex
3242 3582 3423 3636 humo
3481 3578 3775 3634 videlicet.

2114 3677 2263 3732 Orth.
2328 3677 2613 3742 Quoniam
2668 3693 2804 3748 ergo
2862 3675 3005 3730 dicit
3061 3673 3368 3745 Scriptura
3423 3670 3492 3725 de
3545 3669 3616 3723 iis
3672 3667 3774 3738 qui

2115 3767 2508 3831 crediderunt,
2589 3790 2615 3816 κ
2676 3767 2813 3821 Erat
2870 3765 2954 3820 eis
3032 3781 3130 3817 cor
3189 3777 3373 3816 unum
3450 3763 3508 3814 et
3573 3758 3776 3813 anima

2115 3858 2312 3921 una",
2357 3875 2382 3906 ι)
2439 3855 2748 3910 constabat
2790 3860 2988 3910 autem
3039 3851 3400 3908 credentium
3453 3847 3768 3902 multitudo

2113 3963 2180 4001 ex
2209 3945 2350 4000 viris
2379 3951 2435 4000 et
2482 3944 2848 4008 mulieribus,
2881 3962 2952 3999 an
3003 3943 3219 3996 idcirco
3252 3940 3372 3995 haec
3421 3938 3616 3993 anima
3648 3940 3773 3992 erat

2114 4033 2792 4089 masculino-feminina?
2825 4033 2891 4086 Et
2919 4049 3052 4087 eum
3087 4031 3228 4086 dicit
3261 4029 3493 4093 Paulus,
3522 4051 3542 4075 α
3580 4026 3770 4082 Unum

2111 4140 2324 4194 corpus
2373 4130 2429 4178 et
2461 4140 2617 4178 unus
2668 4123 2912 4193 spiritus
2963 4121 3132 4186 estis,
3165 4120 3317 4176 sicut
3366 4117 3538 4172 etiam
3592 4115 3777 4171 vocati

2111 4215 2254 4266 estis
2297 4213 2366 4266 ad
2419 4212 2686 4266 eamdem
2723 4227 2885 4280 spem
2939 4208 3259 4264 vocationis
3308 4212 3514 4261 vestrae
3533 4207 3596 4269 τε,
3631 4227 3658 4255 »
3702 4221 3774 4259 an

2113 4317 2276 4371 spem
2346 4299 2518 4356 istam
2581 4316 2751 4354 vocas
2812 4295 3541 4360 masculino-femininum,
3614 4294 3771 4365 quod

2110 4391 2376 4445 eamdem
2437 4406 2599 4460 spem
2652 4395 2775 4443 tum
2825 4387 2929 4441 viri
2985 4393 3107 4441 tum
3163 4384 3391 4440 feminae
3443 4380 3770 4438 habemus?

2112 4481 2314 4536 Maced.
2351 4479 2627 4544 Rursum,
2662 4478 2922 4548 inquam,
2956 4493 3132 4531 unam
3166 4474 3438 4530 deitatem
3473 4489 3587 4526 non
3620 4472 3766 4526 dici-

2113 4585 2264 4622 mus.
2322 4567 2477 4624 Orth.
2529 4570 2669 4621 (Eum
2719 4582 2854 4637 ergo
2913 4563 3053 4619 dicit
3101 4564 3254 4619 Deus
3311 4579 3412 4633 per
3469 4559 3770 4626 Davidem,

349 4659 468 4726 Θεῷ
500 4651 806 4728 ἀλλοτρίῳ.
841 4654 979 4729 Ἐγὼ
1023 4654 1125 4729 γάρ
1180 4653 1291 4726 εἰμι
1349 4653 1544 4730 Κύριος
1576 4656 1604 4708 6
1637 4655 1764 4718 Θεός
1825 4677 1941 4723 σου,
1975 4657 2000 4711 6

2114 4679 2141 4709 ι(
2173 4659 2346 4724 Audi,
2383 4657 2589 4729 popule
2624 4673 2810 4721 meus,
2846 4659 2902 4710 et
2931 4653 3155 4724 loquar,
3183 4650 3381 4718 lsrael,
3414 4657 3469 4706 et
3494 4649 3767 4705 testiﬁca-

351 4744 625 4818 ἀναγαγών
680 4763 737 4796 σε
783 4740 843 4796 ἐκ
890 4748 994 4817 γῆς
1043 4741 1340 4817 Αἰγύπτου,
1375 4743 1547 4798 »τίνα
1578 4741 1758 4819 λέγεις
1792 4745 2002 4820 εἰρηκέ-

349 4853 432 4886 ναι
463 4851 477 4900 ;
507 4832 600 4886 τὸν
661 4831 874 4907 Πατέρα
929 4832 964 4900 ἢ
1023 4832 1114 4886 τὸν
1180 4831 1344 4901 Υἱόν;
1381 4837 1521 4888 Μακ.
1572 4835 1658 4894 Ὠς
1716 4831 2002 4903 Ἰουδαῖος,

351 4920 458 4976 ἀπὸ
513 4927 614 4992 τῆς
670 4918 922 4983 ΙΙαλαιᾶς
982 4941 1076 4994 μοι
1135 4923 1410 4991 Διαθήκης
1470 4919 1721 4997 διαλέγῃ.
1759 4925 1907 4999 Ὀρθ.
1941 4926 2004 4981 Ὁ

349 5011 580 5086 Χριστὸς
632 5009 797 5066 εἶπεν·
836 5033 862 5060 ‹‹
919 5012 1202 5084 Ἐρευνᾶτε
1259 5012 1352 5070 τὰς
1414 5011 1647 5088 Γραφᾶις,
1709 5011 1790 5066 ὅτι
1849 5013 2004 5068 αὗταί

350 5099 483 5155 εἰσιν
547 5101 599 5154 αἱ
663 5103 1030 5174 μαρτυροῦσαι
1079 5099 1201 5174 περὶ
1234 5099 1392 5172 ἐμοῦ.
1425 5125 1452 5152 ››
1513 5107 1652 5156 Μακ.
1713 5101 1846 5158 Ἀπὸ
1901 5109 2001 5172 τῆς

352 5191 552 5258 Καινῆς
581 5186 674 5243 οὗν
735 5189 1012 5258 Διαθήκης
1067 5189 1165 5242 οὑκ
1221 5185 1360 5244 ἔστιν
1408 5190 1578 5264 εὑρεῖν
1609 5190 1699 5244 τὸν
1731 5192 2000 5266 Χριστόνς

353 5280 499 5353 Ὀρθ.
534 5277 634 5332 Καὶ
682 5278 840 5333 πάνυ.
876 5272 1166 5351 Φοϐοῦμαι
1215 5276 1274 5333 δὲ
1307 5279 1504 5352 μήπως
1565 5280 1637 5342 ὡς
1693 5283 2005 5356 Μανιχαῖος

420 5443 464 5477 7‘
494 5442 768 5521 Isa._x_Lv,
804 5442 890 5510 14,
926 5442 1012 5496 15.
1090 5441 1133 5475 ⁷⁵
1165 5440 1370 5521 Matth.
1407 5460 1483 5514 1v,
1520 5445 1603 5498 10.
1681 5445 1725 5479 τε
1756 5445 1982 5502 Baruch

2152 5446 2241 5512 37,
2274 5445 2361 5500 38.
2441 5445 2484 5479 ⁷⁷
2514 5448 2643 5500 Act.
2698 5461 2774 5510 ιν,
2806 5443 2895 5498 3'2.
2972 5442 3015 5478 ⁷⁸
3048 5440 3257 5513 Ephes.
3305 5455 3380 5506 ιγ,
3415 5438 3467 5492 4.

353 5530 519 5581 Lxxx,
547 5515 705 5569 9-11.

429 5692 502 5836 ἓϐ)
535 5690 744 5757 Palat,
776 5681 1015 5762 Σαϐαίμ.

449 5763 506 5836 ’7)
539 5764 629 5820 Ita
654 5779 799 5819 mss.
841 5762 992 5818 Editi

449 5761 506 5836 ’7)
539 5764 629 5820 Ita
654 5779 799 5819 mss.
841 5761 992 5818 Editi
1023 5773 1180 5830 vero,
1213 5761 1290 5822 εἷς
1335 5762 1558 5823 Θεὸς....
1590 5764 1718 5821 Θεὸν
1747 5766 1844 5819 τοῦ
1873 5765 2006 5840 Ἰσρ.

2114 4749 2219 4802 bor
2247 4748 2374 4801 tibi.
2410 4747 2466 4802 Si
2519 4763 2612 4800 me
2661 4744 2939 4811 audieris,
2977 4759 3092 4797 non
3139 4741 3249 4797 erit
3282 4740 3339 4795 in
3390 4747 3444 4794 te
3499 4740 3646 4794 Deus
3681 4754 3772 4793 re-

2114 4853 2274 4898 cens,
2300 4851 2486 4906 neque
2509 4835 2779 4889 adorabis
2807 4835 2984 4889 Deum
3008 4831 3286 4887 alienum.
3321 4835 3433 4902 Ego
3455 4829 3612 4884 enim
3638 4843 3769 4882 sum

2116 4926 2399 4981 Dominus
2462 4925 2614 4980 Deus
2701 4928 2860 4990 tuus,
2930 4923 3030 4994 qui
3108 4919 3280 4976 eduxi
3361 4925 3417 4974 te
3482 4919 3552 4973 de
3618 4922 3773 4971 terra

2114 5017 2428 5089 Egyptii’,
2464 5039 2492 5064 ››
2543 5031 2860 5087 quemnam
2893 5013 3040 5068 dicis
3093 5011 3348 5067 locutum
3387 5008 3613 5064 fuisse?
3664 5012 3768 5062 Pa-

2113 5109 2282 5174 trem,
2317 5123 2389 5160 an
2421 5105 2675 5160 Filium!
2709 5103 2905 5158 Maced.
2960 5101 3233 5173 Disputas
3265 5115 3517 5164 mecum,
3551 5102 3616 5153 ut
3662 5097 3767 5153 Ju-

2115 5196 2274 5250 daeus
2305 5212 2372 5250 ex
2413 5194 2602 5249 Veteri
2655 5195 3050 5248 Testamento.
3087 5189 3242 5246 Orth.
3283 5188 3549 5244 Christus
3579 5187 3721 5241 dixit
3755 5204 3767 5241 :

2116 5306 2143 5332 «
2175 5283 2530 5340 Scrutamini
2581 5282 2931 5353 Scriptores,
2965 5280 3243 5352 quoniam
3274 5295 3352 5333 eae
3379 5276 3774 5333 testiﬁcantur

3544 5437 3588 5471 7°
3617 5435 3771 5492 Psal.

2187 5697 2265 5768 (8)
2297 5694 2615 5766 Palatinus,
2648 5692 3096 5767 γενηταγένητος.
