4116 6406
306 406 465 466 1215

1477 410 1540 469 S.
1588 405 2114 471 ATHANASIUS.
2139 437 2219 451 —
2247 407 2558 470 SPURIA.

3585 407 3743 470 1216

313 540 386 595 de
439 553 531 594 me
573 539 640 593 ⁸ο.
692 560 720 589 ››
774 539 976 596 Maced.
1026 543 1236 597 Annon
1285 541 1422 598 licet
1462 559 1530 598 ex
1567 543 1723 599 Novo
1765 542 2002 609 Testag

2116 536 2407 614 ταραγράφῃ
2478 538 2579 607 τήν
2642 535 2884 596 [Ιαλαιὰν
2945 540 3245 611 Διαθήκην,
3309 540 3385 612 μή
3446 537 3739 613 πιστεύων,

315 636 512 684 mento
569 627 866 684 Christum
925 630 1229 686 invenire?
1287 632 1448 688 Orth.
1513 633 1664 688 Sane
1713 631 1974 704 quidem.

323 717 538 773 Vereor
587 721 801 784 autem,
840 735 912 774 ne
960 720 1262 776 Manichmi
1315 721 1519 792 instar,
1552 721 1734 778 Vetus
1773 723 1976 777 Testa-

323 811 588 862 mentum
623 823 946 880 expungas,
982 813 1046 864 ut
1095 810 1194 882 qui
1227 828 1340 866 non
1395 813 1620 879 credas,
1654 815 1770 867 tam
1806 810 1978 876 illud,

310 913 489 968 quam
539 895 647 952 hoc
701 896 882 952 fuisse
933 916 964 952 a
1014 899 1130 954 Deo
1181 901 1484 956 dictatum.
1539 901 1737 957 Maced.
1793 901 1976 956 Deum

323 987 455 1042 novi
487 991 614 1041 tum
662 987 844 1043 Vetus
884 994 1008 1043 tum
1055 990 1278 1046 Novum
1326 993 1766 1048 Testamentum
1819 989 1979 1064 pepi-

325 1074 524 1148 gisse;
559 1076 660 1131 scd
691 1093 759 1131 cx
805 1077 960 1132 Novo
993 1080 1210 1135 erudiri
1242 1080 1436 1150 velim,
1472 1083 1752 1153 quoniam
1792 1080 1980 1137 mani-

332 1164 546 1220 festius
577 1167 696 1219 tres
728 1163 860 1220 illas
889 1166 1233 1239 hypostases
1266 1170 1481 1227 docuit.

398 1253 453 1307 9.
504 1253 662 1312 Orth.
723 1257 864 1310 Cum
918 1255 1097 1327 igitur
1152 1259 1320 1313 audis
1377 1260 1621 1316 Paulum
1671 1261 1984 1329 dicentem,

2086 624 2169 680 ὅτι
2204 627 2231 680 6
2262 625 2422 688 αὐτὸς
2456 627 2484 681 6
2515 628 2644 689 Θεὸς
2669 626 2922 698 κάκείνην
2953 627 3193 700 ἐλάλησε
3222 629 3312 684 καὶ
3340 628 3564 700 ταύτην.
3591 631 3740 687 Μακ.

2088 713 2246 781 Οἶδα,
2279 714 2362 770 ὅτι
2396 715 2554 778 αὐτὸς
2585 717 2714 780 Θεὸς
2747 717 2836 772 καὶ
2865 718 2964 786 τὴν
3025 715 3268 774 Παλαιὰν
3324 720 3600 789 Διαθήκην
3651 717 3742 773 καὶ

2087 805 2185 873 τήν
2216 805 2416 874 Καινὴν
2452 803 2676 870 διέθετο·
2711 805 2859 861 ἀλλὰ
2891 804 3165 882 βούλομαι
3223 807 3330 863 ἀπὸ
3380 815 3479 877 τῆς
3538 809 3741 877 Καινῆς

2093 899 2304 967 μαθεῖν,
2337 892 2524 964 ἐπειδὴ
2566 893 2702 964 αύτή
2753 896 3119 974 φανερώτερον
3165 897 3260 959 τὰς
3305 902 3451 974 τρεῖς
3509 897 3744 952 ὑποστά-

2091 1005 2198 1045 σεις
2231 981 2484 1054 ἐδίδαξεν.

2166 1253 2221 1306 9.
2254 1253 2402 1327 Ὀρθ.
2439 1250 2558 1307 Ἐὰν
2589 1250 2680 1307 οὖν
2715 1253 2947 1328 ἀκούσῃς
2979 1253 3202 1312 Παύλου
3241 1251 3528 1330 λὲγοντος,
3564 1278 3591 1305 ‹‹
3622 1258 3746 1313 "01v.

334 1363 363 1392 (ι
414 1342 700 1408 Quoniam
755 1360 822 1398 ex
879 1345 1006 1416 ipso
1044 1349 1100 1400 et
1149 1364 1251 1419 per
1309 1349 1527 1420 ipsum,
1572 1356 1629 1406 et
1681 1352 1738 1406 in
1790 1351 1986 1423 ipsum

2116 1343 2145 1414 ιξ
2176 1340 2361 1413 αὐτοῦ,
2389 1341 2477 1397 καὶ
2511 1339 2580 1397 δι’
2614 1341 2798 1414 αὐτοῦ,
2832 1343 2923 1398 καὶ
2955 1344 3028 1406 εἰς
3061 1343 3218 1399 αὐτὸν
3249 1346 3317 1400 τὰ
3345 1346 3539 1415 πάντα,
3568 1369 3597 1397 ››
3629 1345 3750 1399 τίνα

337 1437 478 1486 sunt
524 1431 722 1487 omnia
765 1432 826 1502 εί,
882 1455 909 1482 ››
961 1439 1158 1491 utrum
1201 1453 1270 1492 ex
1318 1438 1456 1507 illis,
1506 1458 1654 1512 quos
1703 1458 1886 1496 unum
1935 1443 1993 1496 et

336 1537 522 1575 unum
582 1536 709 1576 esse
758 1521 978 1592 dixisti,
1030 1524 1349 1596 significari
1399 1530 1742 1586 existimas?
1792 1530 1988 1586 Maced.

339 1611 594 1666 Patrem.
650 1610 805 1666 Orth.
857 1613 943 1666 An
993 1630 1107 1669 non
1159 1622 1299 1672 sunt
1346 1635 1448 1689 per
1495 1619 1704 1674 Filium
1751 1619 1992 1676 omnia?

335 1697 542 1756 Maced.
580 1699 685 1754 Per
734 1699 942 1755 Filium
977 1719 1212 1775 quoque
1265 1711 1403 1761 sunt
1432 1708 1651 1768 omnia.
1706 1709 1855 1765 Orth.
1888 1713 2001 1777 Qui

344 1788 411 1845 fit
467 1788 648 1860 igitur
697 1794 758 1844 ut
806 1806 918 1846 non
973 1807 1042 1847 ex
1090 1794 1239 1865 ipso,
1291 1800 1347 1850 et
1407 1814 1508 1868 per
1559 1799 1776 1870 ipsum,
1828 1805 1885 1856 et
1937 1801 1996 1856 in

2099 1430 2274 1507 λέγεις
2333 1430 2583 1507 λέγεσθαι
2640 1437 2747 1487 τῶν
2800 1435 2875 1496 εἷς
2907 1433 2997 1488 καὶ
3032 1436 3108 1497 εἷς
3137 1453 3150 1503 ;
3179 1440 3319 1493 Μακ.
3352 1437 3452 1490 Τὸν
3513 1435 3747 1511 Πατέρα.

2102 1521 2251 1594 Ὀρθ.
2303 1519 2418 1578 Ούκ
2472 1519 2581 1576 ἔστι
2641 1519 2731 1576 διὰ
2783 1527 2882 1577 106
2938 1525 3066 1578 T106
3116 1524 3183 1579 τὰ
3238 1525 3445 1594 πάντα;
3478 1530 3617 1582 Max.
3651 1521 3753 1578 Καὶ

2103 1607 2193 1664 διὰ
2245 1614 2342 1666 106
2402 1611 2529 1665 T106
2585 1611 2652 1666 τὰ
2701 1610 2897 1668 πάντα.
2943 1614 3090 1688 Ὀρθ.
3138 1615 3263 1676 Πῶς
3311 1611 3402 1668 οὖν
3463 1613 3562 1668 οὐκ
3589 1615 3669 1687 (9)
3701 1611 3752 1686 ἐξ

2105 1699 2290 1771 αὐτοῦ,
2321 1700 2408 1755 καὶ
2460 1697 2529 1754 δι’
2561 1700 2749 1770 αὐτοῦ,
2780 1702 2871 1756 καὶ
2922 1702 2996 1764 εἰς
3045 1702 3203 1758 αὐτὸν
3250 1703 3318 1757 τὰ
3365 1702 3575 1772 mina;
3609 1709 3752 1758 Μακ.

2105 1791 2167 1848 Ὁ
2211 1791 2399 1865 Πατὴρ
2449 1788 2564 1866 ἔχει
2615 1791 2705 1845 καὶ
2752 1791 2816 1846 τὸ
2853 1817 2873 1842 α
2910 1791 2960 1863 ἐξ
3005 1793 3088 1862 06,
3123 1816 3152 1844 n
3195 1794 3286 1847 καὶ
3339 1792 3404 1847 τὸ
3434 1817 3463 1845 ‹‹
3492 1789 3562 1847 δι’
3594 1792 3680 1864 οὗ,
3725 1815 3755 1843 ››

340 1877 537 1949 ipsum
571 1877 689 1933 sint
737 1879 979 1934 omnia?
1011 1881 1212 1938 Maced.
1262 1889 1433 1940 Pater
1467 1887 1640 1943 habet
1669 1887 1833 1960 illud,
1868 1913 1894 1939 «
1929 1907 1998 1946 ex

2116 1879 2196 1934 καὶ
2224 1880 2287 1934 τὸ
2318 1904 2347 1931 ‹‹
2382 1880 2458 1942 εἰς
2493 1879 2678 1938 αὐτόν,
2701 1903 2729 1932 ››
2757 1881 2820 1937 Ὀ
2853 1877 2910 1936 δὲ
2939 1882 3062 1943 Υἱὸς
3089 1881 3155 1936 τὸ
3190 1883 3327 1956 μὲνα
3356 1880 3427 1936 δι’
3456 1879 3519 1936 οὗ
3555 1909 3580 1932 υ
3614 1878 3755 1956 ἔχει,

343 1984 480 2039 quo,
508 1989 536 2018 »
571 1972 626 2023 et
651 1967 794 2022 illud
828 1991 854 2018 ‹‹
885 1987 985 2040 per
1014 1987 1212 2042 quem,
1241 1996 1268 2022 »
1299 1979 1357 2030 et
1386 1975 1554 2043 illud,
1589 2001 1615 2027 α
1649 1977 1706 2032 in
1727 1979 1943 2050 ipsum.
1967 2001 1994 2029 »

2116 1969 2167 2024 τὸ
2199 1966 2256 2023 δὲ
2291 1991 2319 2021 «ι
2347 1968 2398 2042 ἐξ
2431 1967 2493 2023 οὗ
2523 1993 2551 2022 ››
2587 1968 2686 2024 ούκ
2735 1966 2872 2044 ἔχει.
2909 1971 3050 2046 Ὀρθ.
3109 1971 3404 2047 Ἀνάγνωθι
3452 1971 3516 2026 τὸ
3569 1969 3758 2046 ῥητὸν,

344 2056 528 2112 Filius
560 2060 750 2112 autem
784 2056 959 2114 habet
990 2062 1228 2132 quidem
1263 2063 1426 2132 illud,
1467 2088 1494 2118 α
1526 2083 1627 2138 per
1658 2085 1907 2139 quem,»
1942 2073 2000 2124 at

345 2163 462 2202 non
495 2145 661 2212 illud,
718 2167 743 2198 α
773 2165 841 2203 ex
887 2165 1022 2219 quo.
1063 2173 1089 2199 »
1142 2152 1291 2207 Orth.
1349 2155 1496 2227 Lege
1541 2156 1714 2212 verba
1755 2157 1902 2229 ipsa,
1937 2163 2000 2213 ut

347 2234 836 2302 discas,sanctum
863 2239 1206 2308 Apostolum
1249 2241 1416 2310 illud,
1457 2269 1476 2294 α
1496 2247 1706 2318 exipso
1733 2270 1762 2297 »
1785 2253 1841 2303 et
1862 2264 2003 2319 «per

345 2324 562 2396 ipsum,
599 2347 625 2373 »
659 2329 713 2380 et
733 2349 758 2375 ‹‹
780 2326 838 2380 in
870 2326 1061 2398 ipsum
1087 2335 1226 2386 sunt
1257 2333 1473 2406 omnia,
1495 2358 1520 2382 υ
1555 2339 1682 2391 tum
1715 2337 1786 2391 de
1808 2336 2001 2404 Patre,

345 2417 476 2469 tum
508 2414 580 2468 de
611 2413 750 2469 Filio
801 2415 1037 2474 dixisse.
1073 2419 1218 2476 Nam
1251 2422 1301 2477 si
1335 2423 1554 2480 dictum
1604 2425 1747 2480 illud
1779 2425 1838 2480 in
1887 2442 2004 2481 una

349 2507 579 2559 tantum
631 2521 881 2576 persona
927 2507 1117 2564 valere
1159 2510 1323 2579 velis,
1374 2515 1766 2586 comperietur
1822 2514 2004 2571 Filius

349 2591 618 2663 ignorare
651 2611 777 2665 qua
811 2599 1038 2652 Patrem
1083 2605 1371 2670 spectant,
1404 2619 1594 2675 neque
1623 2604 2000 2660 consiliorum

350 2681 542 2753 ipsius
571 2697 701 2737 esse
745 2684 1036 2757 particeps
1071 2705 1082 2742 :
1118 2687 1202 2742 vel
1236 2690 1406 2746 Pater
1453 2692 1723 2764 ignorare
1772 2710 1902 2767 quae
1930 2695 2002 2750 ad

349 2770 560 2826 Filium
611 2772 884 2841 attinent,
920 2791 1025 2830 nec
1073 2777 1450 2836 consiliorum
1484 2783 1614 2852 ejus
1665 2799 1794 2840 esse
1824 2783 2004 2856 parti-

357 2877 515 2932 ceps.
567 2861 766 2916 Maced.
802 2863 924 2930 Dic,
985 2865 1082 2920 ubi
1134 2869 1419 2940 scriptum
1470 2872 1549 2926 sit
1581 2889 1594 2927 :
1626 2873 1876 2944 Spiritus
1917 2878 2006 2930 est

360 2951 529 3006 Deus.
564 2951 712 3007 Orlh.
753 2952 916 3008 Prius
952 2955 1108 3010 disce
1158 2956 1291 3012 illas
1323 2958 1668 3032 bypostases
1699 2963 2008 3019 manifeste

358 3040 629 3095 docuisse
666 3041 846 3096 Vetus
876 3042 1057 3099 etiam‘
1106 3046 1570 3106 Testamentum.
1620 3052 1818 3108 Maced.
1871 3053 2006 3108 Ubi-

352 3144 489 3182 nam
521 3129 578 3182 id
611 3129 894 3201 scriptum
919 3133 1051 3187 est?
1083 3133 1245 3189 Orth.
1281 3136 1344 3190 In
1377 3136 1586 3194 Genesi
1620 3156 1633 3194 :
1666 3162 1692 3190 ‹‹
1723 3139 2010 3212 Apparuit

353 3217 508 3272 Deus
537 3218 830 3274 Abraham
874 3221 1098 3276 sedenti
1130 3225 1284 3296 apud
1327 3242 1608 3298 quercum
1640 3228 1922 3300 Mambre,
1953 3233 2008 3285 et

353 3321 485 3362 ecce
541 3311 661 3362 tres
719 3307 823 3362 viri
885 3313 1173 3367 steterunt
1220 3330 1398 3384 super
1444 3318 1666 3373 eum”.

353 3396 498 3451 Tres
521 3394 705 3468 igitur
734 3397 865 3453 illos
897 3399 1049 3456 viros
1081 3401 1228 3457 dicis
1255 3419 1384 3460 esse
1409 3405 1658 3475 Patrem,
1693 3408 1928 3477 Filium,
1953 3413 2010 3464 et

353 3484 636 3557 Spiritum
692 3489 1008 3543 sanctum?
1060 3490 1213 3547 Orth.
1245 3491 1326 3548 Ne
1368 3496 1730 3565 perturbare,
1763 3499 1864 3554 sed
1898 3499 2011 3556 ista

355 3589 490 3629 cum
537 3573 632 3628 Dei
665 3575 876 3632 timore
928 3576 1215 3650 legamus.
1252 3582 1402 3638 Dicit
1449 3584 1754 3657 Scriptura
1787 3603 1799 3640 :
1838 3608 1866 3637 ‹‹
1895 3589 2009 3659 Ap-

358 3663 555 3734 paruit
597 3664 750 3720 Deus
796 3666 1114 3740 Abraham,
1143 3673 1201 3724 et
1244 3686 1377 3727 ecce
1411 3677 1529 3728 tres
1577 3675 1684 3729 viri
1725 3679 2014 3732 steterunt

358 3769 541 3824 supra
587 3769 742 3809 eum.
784 3778 804 3804 ι
866 3760 1005 3812 Tres
1064 3757 1146 3812 illi
1199 3759 1303 3815 viri
1365 3767 1534 3817 erant
1592 3769 1758 3819 Deus.
1806 3765 2008 3822 Maced.

361 3847 512 3898 Deus
543 3847 668 3898 erat
699 3860 851 3899 unus
875 3845 1133 3919 illorum,
1166 3848 1217 3904 is
1250 3849 1528 3907 nimirum
1551 3870 1726 3924 quem
1749 3853 2011 3928 alloqui-

361 3936 495 4000 tur;
541 3931 637 3987 alii
688 3950 820 3989 vero
873 3935 990 3991 duo
1043 3941 1210 3993 erant
1258 3940 1469 4013 angeli.
1518 3943 1680 4001 Orth.
1733 3945 1823 4000 Sic
1873 3945 2014 4000 dicit

361 4021 692 4092 Scriptura:
714 4026 1047 4096 «Apparuit
1070 4026 1121 4082 ei
1154 4027 1307 4084 Deus
1330 4030 1400 4085 ad
1425 4047 1704 4103 quercum
1729 4033 2012 4101 Mambre,

2101 2055 2194 2113 ’ἱνα
2222 2063 2388 2133 γνῷς,
2412 2056 2494 2113 ὅτι
2525 2058 2588 2112 τὸ
2622 2081 2650 2110 ‹‹
2683 2057 2732 2132 ἐξ
2783 2058 2968 2128 αὐτοῦ,
3003 2081 3031 2111 ››
3063 2059 3152 2114 καὶ
3207 2084 3233 2113 ι(
3264 2057 3333 2114 δι’
3387 2058 3575 2129 αὐτοῦ,
3611 2082 3639 2109 ››
3671 2059 3763 2113 καὶ

2109 2171 2137 2199 α
2172 2147 2247 2209 εἷς
2279 2146 2438 2202 αὑτὸν
2471 2147 2540 2202 τὰ
2561 2149 2752 2222 πάντα,
2787 2173 2808 2203 ι
2845 2148 2935 2204 καὶ
2965 2149 3088 2224 περὶ
3116 2154 3213 2204 106
3264 2149 3472 2223 ΙΙατρὸς
3527 2148 3618 2204 καὶ
3663 2152 3763 2202 τυῦ

2109 2239 2238 2292 Υῖοῦ
2292 2239 2438 2292 εἶπεν
2471 2239 2498 2292 6
2557 2238 2709 2314 ἅγιος
2771 2237 3128 2302 Ἀπόστολος.
3164 2239 3282 2294 Ἐὰν
3340 2238 3442 2316 γὰρ
3500 2238 3630 2292 αὐτὸ
3679 2235 3762 2314 ἐφ’

2111 2327 2228 2390 ἑνὸς
2259 2327 2558 2403 προσώπου
2590 2330 2814 2403 στήσῃς,
2849 2329 2877 2383 6
2909 2329 3032 2391 Υἱὸς
3065 2330 3410 2402 εὑρεθήσεται
3464 2329 3540 2401 μὴ
3601 2323 3759 2389 εἰδὼς

2109 2419 2178 2472 τὰ
2219 2422 2317 2472 106
2364 2418 2597 2488 ΙΙατρὸς,
2635 2415 2777 2490 μηδὲ
2823 2413 3140 2492 σύμϐουλος
3193 2417 3356 2473 αὐτοῦ
3399 2414 3497 2488 ὣν,
3529 2418 3563 2486 ἢ
3589 2417 3617 2471 6
3649 2418 3762 2473 ΙΙα-

2111 2507 2214 2581 τὴρ
2247 2507 2589 2582 εὑρεθήσεται
2625 2509 2699 2580 μή
2732 2504 2891 2569 εἰδὼς
2920 2509 2987 2562 τὰ
3014 2512 3111 2563 106
3144 2509 3291 2578 T106,
3328 2504 3471 2582 μηδὲ
3519 2501 3761 2578 σύμϐου-

2115 2595 2210 2658 λος
2269 2594 2432 2651 αὐτοῦ
2461 2592 2556 2654 ὤν.
2592 2603 2732 2655 Μακ.
2769 2596 2923 2669 Εἰπὲ,
2975 2602 3082 2652 ποῦ
3137 2596 3459 2674 γεγράπται,
3515 2596 3645 2657 Θεὸς
3699 2595 3764 2649 τὸ

2115 2687 2374 2760 ΙΙνεῦμα;
2408 2687 2557 2762 Ὀρθ.
2593 2687 2740 2741 Μάθε
2771 2691 3011 2761 πρῶτον,
3044 2685 3127 2740 δτι
3183 2686 3272 2741 καὶ
3303 2689 3337 2756 ἡ
3372 2683 3592 2743 Παλαιὰ.
3639 2693 3764 2738 Δια-

2116 2777 2257 2846 Θήκη
2317 2774 2410 2836 τὰς
2464 2780 2612 2851 τρεῖς
2672 2775 2989 2838 ὑποστάσεις
3049 2779 3290 2853 φανερῶς
3339 2771 3566 2845 ἐδίδαξε.
3617 2775 3764 2830 Μακ.

2115 2864 2272 2934 Εἰπὲ,
2305 2868 2410 2919 ποῦ
2439 2863 2776 2941 γέγραπται;
2811 2866 2955 2939 Ὀρθ.
2988 2865 3077 2922 Ἐν
3132 2869 3201 2938 τῇ
3260 2865 3490 2919 Γενὲσει·
3530 2887 3552 2912 ιι
3587 2863 3764 2939 Ὠφθη

2115 2957 2144 3010 6
2173 2955 2301 3016 Θεὸς
2326 2958 2407 3026 τῷ
2439 2949 2692 3031 Ἀϐραὰμ
2710 2953 3008 3028 καθημένῳ
3038 2955 3174 3030 πρὸς
3203 2957 3273 3028 τῇ
3325 2950 3449 3026 δρυῒ
3493 2955 3561 3026 τῇ
3606 2958 3768 3022 Μαμ-

2116 3041 2246 3121 ϐρῇ’
2279 3044 2367 3098 καὶ
2400 3040 2518 3098 ἰδοὺ
2573 3049 2716 3120 τρεῖς
2748 3041 2936 3119 ἄνδρες
2995 3042 3222 3114 ἔστησαν
3282 3041 3462 3097 ἐπάνω
3519 3040 3702 3096 αὐτοῦ.
3737 3063 3769 3091 ››

2117 3137 2262 3192 Μακ.
2296 3133 2400 3190 Καὶ
2428 3132 2554 3195 τοὺς
2582 3138 2726 3209 τρεῖς
2756 3130 2951 3208 ἄνδρας
2986 3133 3165 3209 λὲγεις
3212 3133 3448 3209 Πατέρα,
3479 3131 3569 3186 καὶ
3622 3129 3767 3197 Υἱὸν,

2117 3224 2208 3278 καὶ
2239 3222 2389 3299 ἅγιον
2431 3226 2701 3296 ΙΙνεῦμα;
2745 3224 2898 3300 ὀρθ.
2943 3223 3036 3291 Μὴ
3091 3221 3383 3297 ταράττου,
3432 3218 3580 3276 ἀλλὰ
3637 3219 3774 3292 μετὰ

2040 3283 2084 3352 C
2121 3283 2297 3391 φόϐού
2351 3316 2486 3368 Θεοῦ
2543 3283 2872 3388 ἀναγνῶμενν
2896 3356 2908 3367 .
2966 3283 3124 3385 Λέγει
3164 3283 3251 3366 ιδὶ
3304 3312 3340 3380 ὴ
3371 3283 3585 3388 Τραφή
3616 3283 3647 3380 ,1
3686 3305 3775 3362 ὅτι

2118 3429 2148 3455 ‹‹
2181 3403 2356 3480 Ὠφθη
2391 3402 2420 3456 6
2451 3402 2579 3464 Θεὸς
2631 3406 2711 3474 τῷ
2762 3396 3034 3478 Ἀϐραὰμ,
3066 3399 3155 3456 καὶ
3211 3398 3330 3455 ἰδοὺ
3378 3396 3568 3472 ἄνδρες
3623 3403 3774 3473 τρεῖς

2119 3492 2350 3567 ἕρτησαν
2383 3490 2563 3546 ἐπάνω
2593 3490 2776 3549 αὐτοῦ.
2813 3513 2842 3542 »
2873 3492 2942 3548 Οἱ
2973 3496 3118 3568 τρεῖς
3152 3487 3340 3566 ἄνδρες
3387 3489 3524 3558 ἦσαν
3559 3489 3588 3544 6
3619 3486 3770 3549 Θεός.

2118 3589 2261 3638 Μακ.
2296 3582 2358 3639 Ὀ
2416 3581 2544 3643 Θεὸς
2604 3581 2670 3649 ἦν
2732 3581 2833 3648 εἷς,
2863 3580 2999 3656 πρὸς
3031 3581 3090 3635 ὃν
3143 3579 3234 3635 καὶ
3267 3575 3598 3655 διαλέγεται·
3631 3579 3684 3632 οἱ
3714 3573 3777 3631 δὲ

2120 3668 2287 3728 ἄλλοι
2343 3667 2462 3738 δύο,
2513 3665 2759 3745 ἄγγελοι.
2815 3669 2966 3744 Ὀρθ.
3029 3669 3180 3745 Λέγει
3235 3671 3271 3738 ἡ
3329 3667 3518 3745 Γραφή
3577 3665 3772 3727 οὕτως·

2124 3783 2153 3813 ‹‹
2180 3761 2357 3837 ’Ώφθη
2393 3755 2451 3812 δὲ
2479 3756 2624 3830 αὐτῷ
2653 3759 2781 3820 Θεὸς
2811 3758 2950 3834 πρὸς
2981 3761 3048 3832 τῇ
3081 3755 3205 3835 δρυῒ
3240 3761 3309 3832 τῇ
3339 3751 3608 3833 Μαμϐρῆ,
3638 3755 3776 3811 καθ-

2121 3846 2328 3922 ημένου
2384 3843 2547 3904 αὖτοῦ
2595 3846 2684 3902 ἐπὶ
2731 3854 2832 3918 τῆς
2861 3846 3024 3924 θύρας
3053 3855 3155 3918 τῆς
3188 3849 3392 3918 σκηνῆς
3452 3845 3619 3902 αὐτοῦ
3680 3865 3775 3917 με-

2121 3932 2414 4014 σημϐρίαςο
2449 3935 2539 3992 καὶ
2571 3931 2879 4011 ἀναϐλέψας
2907 3943 3025 4000 τοῖς
3060 3934 3370 4015 ὀφθαλμοῖς
3411 3933 3578 3990 αὐτοῦ
3609 3931 3775 4001 εἶδεν,

2122 4027 2213 4083 καὶ
2273 4025 2392 4083 ἰδοὺ
2446 4031 2592 4099 τρεῖς
2653 4023 2841 4102 ἄνδρες
2900 4022 3128 4098 ἔστησαν
3186 4024 3366 4081 ἐπάνω
3423 4022 3628 4080 αὐτοῦ’
3683 4022 3777 4078 καὶ

363 4127 496 4166 cum
529 4112 757 4168 sederet
801 4113 860 4168 in
910 4114 1059 4171 ostio
1108 4117 1470 4175 tabernaculi
1518 4119 1632 4192 sui,
1667 4121 1927 4191 meridie,
1961 4128 2002 4179 el

2125 4114 2255 4172 ἰδὼν
2290 4114 2660 4194 προσέδραμεν
2695 4115 2771 4179 εἰς
2805 4115 3120 4188 συνάντησιν
3153 4114 3338 4178 αὐτοῖς
3369 4114 3476 4170 ἀπὸ
3523 4117 3623 4178 τῆς
3681 4111 3777 4168 θύ-

367 4200 620 4256 sublatis
677 4203 831 4258 446
881 4204 1066 4261 oculis
1111 4209 1384 4278 respexit,
1433 4213 1491 4264 et
1547 4226 1676 4266 ecce
1733 4216 1850 4267 tres
1908 4211 2016 4266 viri

2127 4228 2220 4284 ρας
2275 4210 2371 4277 τῆς
2428 4213 2630 4277 σκηνῆς
2687 4207 2874 4280 αὐτοῦ,
2924 4208 3015 4262 καὶ
3073 4205 3467 4282 προσεκύνησεν
3529 4203 3618 4261 ἐπὶ
3673 4205 3773 4271 τὴν

369 4307 548 4358 supra
578 4291 772 4363 ipsum
809 4297 1094 4350 steterunt
1128 4312 1140 4351 :
1174 4297 1393 4369 quibus
1425 4298 1846 4366 visis,occurrit
1873 4301 2002 4373 ipsi!

2125 4304 2252 4374 γῆν.
2285 4321 2313 4349 ››
2344 4297 2458 4353 Τίνι
2485 4295 2877 4373 προσεκύνησεν
2912 4294 3000 4352 ἐπὲ
3044 4297 3146 4366 τὴν
3191 4299 3316 4374 γῆν,
3345 4297 3380 4365 ἣ
3416 4299 3531 4358 τοῖς
3580 4290 3776 4370 ἀνδρά-

368 4379 593 4435 obviam
627 4380 699 4435 ab
745 4381 896 4438 ostio
925 4385 1285 4442 tabernaculi
1323 4387 1435 4456 sui,
1463 4393 1520 4442 et
1559 4390 1822 4445 adoravit
1852 4390 2018 4445 humi

2128 4407 2250 4458 σιν;
2284 4394 2424 4443 Μακ.
2458 4387 2648 4456 Εἶπον,
2681 4385 2766 4441 ὅτι
2796 4387 2849 4440 οἱ
2878 4384 2974 4441 δύο
3024 4384 3244 4463 ἄγγελοι
3303 4388 3438 4456 ἦσαν
3500 4383 3634 4458 μετὰ
3678 4386 3779 4438 106

367 4473 695 4542 prostratus
722 4472 786 4528 ⁸³.
835 4495 862 4521 ››
911 4475 1092 4542 Quem
1139 4477 1400 4534 adoravit
1447 4477 1613 4534 humi
1645 4478 2002 4551 prostratus}

2129 4479 2283 4543 Θεοῦ,
2317 4474 2407 4530 καὶ
2437 4473 2752 4548 προσεκύνει
2797 4471 3058 4544 δηλονότι
3085 4478 3166 4546 τῷ
3193 4478 3329 4547 Θεῷ,
3361 4472 3490 4550 οὐχὶ
3518 4478 3638 4535 τοῖς
3677 4472 3778 4548 ἀγ-

370 4575 510 4614 num
543 4561 746 4617 viros?
772 4564 978 4619 Macer].
1015 4563 1160 4631 Dixi,
1215 4567 1362 4622 duos
1406 4567 1644 4639 angelos
1675 4569 1857 4624 fuisse
1887 4585 2018 4624 cum

2127 4565 2334 4640 γὲλοις.
2368 4565 2465 4619 Καὶ
2494 4564 2595 4640 γὰρ
2635 4563 2862 4626 ἀναστὰς
2893 4565 3060 4620 εἶπεν·
3096 4587 3123 4616 ‹‹
3155 4563 3340 4637 Κύριε,
3375 4563 3420 4619 εἰ
3469 4563 3622 4640 εὗρον
3671 4561 3776 4638 χάα

370 4651 502 4704 Deo.
538 4651 805 4707 Adoravit
837 4652 1016 4724 igitur
1064 4655 1265 4726 procul
1313 4657 1492 4713 dubio
1529 4662 1728 4726 Deum,
1766 4675 1879 4713 non
1911 4676 2002 4713 an-

2131 4675 2213 4731 ριν
2247 4653 2484 4710 ἐναντίον
2513 4673 2630 4726 σου,
2669 4654 2744 4727 μή
2776 4652 3051 4730 παρέλθῃς
3080 4651 3172 4709 τὸν
3206 4650 3375 4709 παῖδά
3408 4674 3524 4709 σου.
3562 4676 3584 4706 ι
3622 4653 3774 4727 Ὀρθ.

366 4737 547 4810 gelos.
583 4739 729 4795 Cum
763 4741 918 4797 enim
969 4743 1342 4816 surrexisset,
1376 4745 1523 4802 dixit
1555 4763 1568 4800 :
1608 4771 1627 4795 α
1665 4747 1932 4819 Domine,
1966 4748 2016 4803 si

365 4825 560 4883 inveni
620 4830 870 4901 gratiam
932 4831 990 4887 in
1046 4840 1361 4906 conspectu
1421 4843 1542 4904 tuo,
1595 4854 1666 4894 ne
1709 4843 2017 4910 praetereas

2124 4749 2294 4800 T0610
2323 4741 2424 4821 γάρ
2456 4741 2621 4814 ἐστιν,
2655 4743 2684 4798 ὃ
2715 4742 2975 4819 λέγομεν,
3003 4743 3088 4800 ὅτι
3115 4744 3210 4807 τὰς
3257 4747 3401 4820 τρεῖς
3462 4742 3780 4802 ὑποστάσεις

2127 4836 2326 4910 Κύριον
2360 4830 2537 4892 καλεῖ.
2572 4835 2718 4892 Μακ.
2750 4835 2840 4903 Mi;
2874 4834 3117 4911 γένοιτοέ

365 4932 603 4973 servum
635 4923 798 4976 tuum
830 4921 893 4976 3‘.
927 4944 954 4971 »
987 4923 1146 4979 Orth.
1181 4925 1486 4982 Enimvero
1529 4926 1675 4983 illud
1706 4927 1901 5000 ipsum
1950 4931 2059 4998 est,
2103 4929 2256 5000 quod
2287 4927 2564 4994 dicimus,
2598 4931 2718 4984 tres
2764 4926 3112 5002 bypostases
3142 4925 3215 4981 ab
3263 4939 3330 4981 eo
3360 4921 3554 4979 vocari
3583 4919 3784 4978 Domi-

368 5023 530 5062 num.
563 5008 761 5065 Macati.
799 5011 1001 5068 Absit!

439 5097 526 5152 40.
561 5099 716 5156 Orth.
749 5100 898 5156 Audi
936 5101 1138 5174 igitur,
1173 5120 1300 5176 quae
1333 5111 1666 5176 sequuntur
1699 5123 1711 5162 :
1747 5129 1774 5158 «
1807 5108 2023 5164 Suma-

361 5190 461 5242 tur
483 5191 677 5244 autem
703 5206 876 5262 aqua,
901 5195 958 5247 et
985 5191 1181 5248 lavent
1207 5195 1383 5265 pedes
1415 5200 1636 5252 vestros
1666 5202 1756 5253 :et
1784 5197 2022 5270 refrige-

360 5279 572 5333 ramini
618 5280 728 5334 sub
781 5280 987 5338 arbore

361 5367 700 5439 comedetis,
734 5374 791 5426 et
841 5375 1042 5442 postea
1090 5374 1529 5446 prosequemini
1576 5376 1686 5432 iter
1734 5382 2019 5443 vestrum,

2206 5107 2292 5162 10.
2327 5107 2477 5178 Ὀρθ.
2511 5111 2713 5161 ’Ἄκουε
2735 5101 2826 5157 οὖν
2853 5107 2959 5156 τῶν
2993 5101 3136 5171 ἑξῆς·
3169 5123 3197 5150 ‹‹
3233 5099 3508 5174 Ληφθήτω
3560 5093 3618 5150 δὲ
3667 5097 3781 5166 (10)

2132 5193 2300 5272 ὕδωρ,
2335 5195 2424 5252 καὶ
2480 5195 2790 5268 νιψάτωσαν
2839 5190 2968 5252 τοὺς
3026 5184 3199 5250 πόδας
3251 5187 3424 5260 ὑμῶν’
3477 5185 3567 5239 καὶ
3622 5202 3787 5238 κατα-

1037 5299 1049 5338 ;
1103 5282 1314 5339 deinde
1359 5285 1644 5357 accipiam
1702 5303 1933 5358 panem,
1966 5304 2002 5342 e‘

2131 5271 2327 5364 φύξατε
2361 5283 2462 5339 ὑπὸ
2492 5283 2554 5338 τὸ
2598 5278 2841 5355 δένδρον.
2872 5277 2975 5335 Καὶ
3029 5275 3280 5364 λήψομαι
3332 5272 3512 5364 ἄρτον,
3542 5272 3632 5328 καὶ
3682 5271 3784 5364 ερα-

2129 5360 2309 5450 γεσθε,
2359 5371 2449 5428 καὶ
2511 5370 2644 5440 μετὰ
2698 5367 2864 5423 τοῦτο
2921 5362 3314 5440 παρελεύσεσθε
3371 5363 3448 5428 εἰς
3505 5364 3604 5434 τὴν
3655 5360 3781 5419 ὁδὸν

435 5564 481 5600 ⁸ο
507 5564 677 5621 Joan.
708 5583 765 5639 ν,
799 5569 885 5624 39.
963 5570 1006 5606 εί
1043 5571 1208 5628 Rom.
1242 5589 1320 5641 x1,
1353 5573 1457 5630 36..
1518 5573 1564 5609 39
1595 5576 1736 5630 Gen.
1769 5589 1931 5645 xvm,
1965 5574 1991 5628 1

2179 5571 2224 5608 ⁸³
2253 5569 2397 5627 ibid.
2473 5569 2519 5605 ⁸⁴
2545 5566 2689 5624 ibid.
2722 5566 2777 5622 3.

440 5762 512 5833 (9)
543 5762 608 5816 In
642 5778 782 5820 mss.
820 5762 917 5820 οὑκ
947 5768 1132 5826 deest.

2199 5772 2312 5848 (4ο)
2344 5777 2507 5846 Mss,
2541 5768 2631 5846 δή.
2662 5769 2818 5832 Editi
2849 5783 3005 5840 vero,
3045 5761 3123 5823 δι.
