4116 6374
320 444 474 504 1317
1282 447 1382 508 DE
1430 446 1734 509 SANCTA
1777 442 1945 503 TRIF

2111 438 2208 500 TE
2254 444 2641 507 DlALOGUS
2690 448 2793 507 ΙΙΙ.
3578 459 3736 519 1218

322 577 497 649 ὑμῶν,
557 574 618 629 οὔ
674 571 842 631 ἕνεκεν
904 576 1200 648 έξεκλίνατε
1246 579 1381 652 πρὸς
1435 580 1526 633 τὸν
1581 574 1749 632 παῖδα
1796 576 1945 648 ὑμῶν

2111 575 2565 645 [nandoquidem
2616 579 2921 637 declinatis
2972 585 3040 637 ad
3095 602 3324 643 servum
3359 603 3638 647 vestrum.
3676 599 3736 649 Et

320 666 424 722 Καὶ
469 664 620 720 εἶπον
678 666 841 738 αὐτῷ·
894 668 1083 729 Οὕτως
1131 667 1386 739 ποίησον,
1437 668 1575 731 καθὰ
1641 664 1881 739 εἴρηκας.
1944 714 1945 717 η

2129 663 2355 718 ixerunt
2386 666 2435 719 ei
2463 682 2474 719 :
2511 667 2595 721 Ita
2628 670 2820 739 facito,
2861 678 2921 726 ut
2951 673 3149 729 dixisti
3171 678 3233 731 ⁸⁵.
3260 699 3286 727 υ
3322 681 3572 737 Hoccine
3604 684 3742 737 scri-

318 755 641 829 Γέγραπται,
701 757 735 825 ἢ
798 754 858 811 ού
911 756 1243 832 γέγραπται;
1298 761 1443 814 Μακ.
1500 758 1804 831 Γέγραπται
1850 753 1943 810 ὅλα

2114 754 2252 806 itum
2310 760 2417 821 est,
2465 772 2538 810 an
2600 759 2771 812 non?
2813 760 3020 817 Maced.
3076 764 3285 820 Omnia
3342 768 3461 823 haec
3519 771 3739 843 scripta

319 845 471 917 Ὀρθ.
532 846 587 898 Ὁ
647 842 703 899 δὲ
750 852 876 907 παῖς
932 845 1159 920 Κυρίου,
1214 846 1297 900 ὅτι
1350 850 1461 919 (11)
1493 852 1619 907 παῖς
1654 847 1790 899 ἐστιν
1826 845 1943 919 εἷρη

2123 845 2242 896 unt.
2271 842 2423 898 Orth.
2456 848 2667 901 Servus
2716 855 2911 905 autem
2963 852 3215 919 Domini,
3250 873 3383 911 cum
3426 875 3488 913 se
3522 861 3738 917 diceret

317 933 430 995 κὼς
462 934 660 1007 αὐτῶν,
689 936 787 1003 τήν
818 934 985 1003 αὐτὴν
1024 935 1321 1010 κυριότητα
1366 936 1540 990 αὐτῶν
1593 934 1942 1010 ὡμολόγησεν

2106 947 2288 985 :orum
2321 950 2575 1001 servum,
2600 938 2870 993 eumdem
2905 942 3082 996 trium
3109 946 3473 1001 dominatum
3506 952 3731 1020 profes‘

321 1021 463 1080 Οὐδὲ
496 1024 598 1099 γὰρ
650 1024 815 1078 εἶπεν·
868 1022 944 1081 Οὖ
986 1022 1162 1079 ἕνεκεν
1212 1024 1480 1095 ἐξὲκλινας
1527 1026 1661 1099 πρὸς
1690 1026 1780 1079 τὸν
1812 1022 1940 1079 παῖδ

2111 1037 2189 1073 ιιιε
2235 1026 2343 1075 est.
2378 1022 2574 1094 Neque
2623 1027 2776 1080 cnim
2812 1029 2956 1083 dixit
2989 1048 3001 1084 :
3037 1033 3523 1107 Quandoquidem
3558 1039 3736 1096 decli-

322 1131 441 1167 σου*
496 1111 663 1175 ἀλλὰ,
718 1138 738 1164 ι
793 1113 1090 1184 ἐξεκλίνατε
1136 1117 1270 1187 πρὸς
1318 1116 1409 1169 τὸν
1437 1112 1603 1169 παῖδα
1636 1116 1868 1187 ὑμῶν’»
1907 1112 1947 1167 ὦ

2111 1110 2238 1164 iasti
2272 1111 2340 1164 ad
2376 1128 2607 1168 servum
2632 1120 2820 1183 tuum,
2849 1119 2949 1172 sed
2974 1141 3001 1168 «
3035 1120 3375 1179 declinastis
3398 1128 3467 1181 ad
3502 1144 3736 1185 servum

318 1202 409 1257 xui
441 1204 566 1263 τοὺς
626 1200 794 1264 πόδας
844 1203 1055 1276 ὁμοίως
1107 1203 1251 1277 νίψαι
1286 1202 1632 1259 ἐσπούδασεν.
1698 1205 1844 1259 Μακ.
1882 1210 1943 1257 Kc

2113 1202 2425 1266 restrum,»
2463 1219 2708 1271 quorum
2769 1206 2941 1261 etiam
3005 1211 3180 1280 pedes
3240 1213 3431 1271 lavare
3491 1220 3738 1277 studuit.

318 1290 371 1345 τί
404 1289 606 1346 ἄτοπον
631 1291 883 1366 ἀγγέλων
906 1291 1056 1365 νίψαι
1078 1288 1249 1354 πόδας
1276 1312 1288 1361 ;
1326 1293 1421 1346 Καὶ
1450 1292 1553 1367 γὰρ
1586 1290 1801 1347 οὐδέπω
1834 1292 1943 1369 ᾔδει

2118 1289 2302 1343 laced.
2337 1290 2482 1353 Quid
2518 1308 2650 1346 vero
2698 1294 2936 1349 absurdi
2971 1302 3061 1353 est
3094 1299 3151 1354 in
3183 1316 3269 1371 eo,
3304 1306 3461 1374 quod
3504 1308 3743 1377 angelo-

322 1380 407 1435 ὅτι
440 1382 467 1434 ὁ
500 1380 628 1442 Θεὸς
660 1383 723 1449 ἦν
758 1380 906 1453 αύτῷ
939 1381 1145 1459 ὀφθεὶς,
1180 1380 1304 1437 ἀλλ’
1335 1377 1574 1453 ἐνόμιζεν
1615 1384 1730 1455 (12)
1784 1380 1947 1460 ἄνδρα

2118 1393 2218 1431 υιη
2257 1379 2433 1447 pedes
2480 1378 2655 1434 lavit?
2692 1382 2801 1437 Nec
2851 1384 3006 1439 enim
3041 1388 3232 1443 adhuc
3282 1403 3514 1449 noverat
3562 1400 3743 1455 Deum

328 1470 506 1540 ξένους
537 1467 777 1539 ξενίζειν.
824 1472 963 1543 Ὀρθ.
1002 1474 1214 1543 Δῶμεν,
1268 1469 1350 1525 ὅτι
1407 1466 1657 1543 Ἀϐραὰμ
1708 1471 1953 1546 ἐνόμιζεν

2125 1465 2201 1518 ibi
2235 1469 2601 1537 apparuisse,
2634 1471 2732 1525 sed
2780 1474 3021 1543 putabat
3065 1493 3127 1530 se
3175 1483 3481 1537 extraneos
3514 1483 3744 1556 aliquos

332 1560 407 1621 ὡς
440 1564 610 1621 εἶπας·
646 1560 698 1614 οἱ
730 1557 953 1635 ἄγγελοι
988 1560 1086 1615 οὐκ
1118 1561 1176 1615 ἃν
1210 1566 1360 1615 εἷπον
1388 1561 1557 1634 αὐτῷ,
1599 1560 1681 1617 ὅτι
1716 1564 1792 1636 μὴ
1840 1567 1957 1639 ἡμῖτ

2115 1553 2242 1608 νὶιτοε
2292 1555 2546 1627 hospitio
2594 1560 2876 1632 excipere.
2901 1562 3054 1619 Orth.
3091 1571 3303 1622 Demus
3336 1553 3627 1629 Abraham
3658 1576 3740 1632 ita

331 1649 593 1721 ΐσοτίμως
650 1648 925 1725 πρόσεχε,
984 1648 1105 1711 Πῶς
1152 1648 1209 1704 δὲ
1254 1649 1342 1704 καὶ
1396 1650 1635 1722 ἐνόμιζεν
1667 1653 1695 1705 ὁ
1729 1647 1956 1728 Ἀδραᾶι

2111 1643 2475 1712 :xistimasse,
2505 1651 2567 1701 ut
2596 1653 2655 1701 tu
2690 1648 2835 1705 diuis
2860 1669 2872 1706 :
2900 1669 3093 1708 annon
3126 1656 3173 1710 ei
3208 1658 3494 1717 dixissent
3524 1665 3736 1737 angeli,

324 1735 524 1813 ἄνδρας
584 1738 763 1811 ξένους
818 1737 1059 1810 ξενίζειν,
1120 1740 1148 1793 ὁ
1197 1741 1373 1794 πεσὼν
1426 1739 1513 1794 ἐπὶ
1569 1742 1667 1809 τὴν
1708 1744 1828 1817 γῆν,
1890 1765 1949 1799 κα

2111 1748 2161 1787 ιθ
2194 1750 2298 1788 nos
2329 1735 2451 1805 pari
2485 1753 2549 1789 ac
2581 1738 2759 1793 istum
2806 1740 3023 1797 honore
3053 1745 3320 1801 afﬁcias?
3351 1750 3415 1804 Et
3447 1735 3736 1822 quomodo

323 1829 730 1901 προσκυνήσας,
764 1828 853 1881 καὶ
886 1827 1213 1900 θεασάμενος
1264 1827 1457 1890 αὐτοὺς
1511 1828 1692 1883 ἐπάνω
1743 1832 1935 1886 ἑαυτοῦ

2112 1824 2382 1879 ώωῒιθῐι]
2428 1827 2779 1883 existimavit
2824 1838 3128 1890 extraneos
3180 1836 3445 1897 homines
3477 1862 3510 1898 a
3542 1863 3603 1900 se
3635 1846 3737 1902 ho-

322 1916 484 1973 Οὖτω
538 1917 640 1993 γὰρ
697 1916 1018 1992 γέγραπται,
1082 1916 1165 1971 ὅτι
1211 1941 1251 2005 Au
1314 1912 1645 2005 Ἀναϐλέψας
1863 1928 1947 1976 τοῖ

2126 1912 2267 1984 pitio
2298 1915 2502 1986 excipi,
2538 1917 2637 1987 qui
2672 1925 2999 1988 prostratus
3034 1924 3089 1978 in
3123 1931 3334 1983 terram
3371 1932 3654 2001 adoravit,
3688 1941 3746 1992 et

324 2005 636 2083 ὀφθαλμοῖς
672 2005 834 2060 αὐτοῦ
866 2003 1026 2076 εἶδεν,
1058 2006 1149 2060 καὶ
1182 2003 1299 2060 ἰδοὺ
1330 2011 1476 2080 τρεῖς
1520 2004 1705 2081 ἄνδρες
1751 2004 1949 2079 ἔστησα

2117 2018 2190 2055 :os
2220 2019 2401 2074 supra
2434 2019 2494 2058 se
2526 2005 2709 2061 vidit?
2736 2008 2827 2063 Sic
2872 2011 3028 2067 enim
3070 2014 3355 2087 scriptum
3390 2027 3477 2076 est
3511 2041 3558 2076 ;‹‹
3594 2024 3742 2081 Sub-

324 2094 509 2149 έπάνω
540 2094 726 2163 αὐτοῦ,
763 2120 783 2149 ι
840 2094 966 2171 οὐχὶ
1017 2092 1074 2149 δὲ
1122 2092 1424 2169 ἔμπροσθεν
1476 2096 1643 2151 αὐτοῦ
1695 2102 1838 2154 Μακ.
1872 2098 1947 2156 Οὐ

2115 2092 2225 2148 atis
2255 2094 2440 2149 oculis
2471 2097 2745 2168 respexit,
2769 2106 2826 2154 et
2873 2118 3004 2158 ecce
3037 2110 3153 2160 tres
3186 2108 3288 2163 viri
3338 2127 3515 2183 super
3544 2114 3740 2187 ipsum

324 2182 474 2239 δέπω
502 2186 569 2253 ἦν
602 2186 902 2259 φανερωθὲν
933 2185 1098 2256 αὐτῷ,
1159 2184 1241 2238 ὅτι
1292 2186 1343 2238 οἳ
1397 2185 1490 2257 μὲν
1542 2184 1760 2261 ἄγγελοι
1819 2190 1949 2255 ἦσαν

2114 2184 2397 2253 ιιειθτυοῐ,
2427 2204 2454 2231 ››
2489 2200 2602 2239 non
2654 2193 2869 2257 autem,
2925 2208 3116 2249 coram
3170 2195 3316 2267 ipso.
3350 2182 3548 2257 Macati.
3583 2205 3739 2261 Non-

317 2275 345 2328 ὁ
380 2272 437 2329 δὲ
468 2274 621 2336 Θεός.
668 2275 816 2349 Ὀρθ.
850 2276 994 2336 Τέως
1028 2272 1423 2365 ούνρἱσοτίμως
1456 2278 1569 2347 (14)
1618 2275 1815 2338 αὐτοὺς
1863 2275 1942 2332 ἐδὲ

2178 2287 2229 2325 m
2287 2276 2411 2327 erat
2468 2274 2518 2327 ei
2574 2277 2954 2350 patefactum,
2989 2282 3130 2337 istos
3175 2288 3412 2357 quidem
3473 2294 3737 2365 angelos,
3797 2346 3803 2354 .

317 2364 462 2434 ξατο·
498 2389 527 2415 ‹‹
590 2369 855 2418 ’Έσπευσε
901 2365 1003 2440 γὰρ
1043 2358 1294 2439 Ἀϐραὰμ
1344 2363 1430 2417 ἐπὶ
1471 2365 1568 2431 τὴν
1606 2367 1809 2435 σκηνὴν
1842 2368 1942 2440 πρὸ

2114 2360 2251 2413 llum
2289 2377 2418 2417 vero
2448 2362 2632 2419 Deum
2676 2383 2824 2423 esse.
2862 2370 3011 2423 Urlh.
3047 2373 3209 2430 Tunc
3239 2376 3420 2448 igitur
3462 2358 3582 2437 eos"
3610 2358 3739 2455 pari

319 2451 561 2529 Σάρραν,
601 2452 691 2506 καὶ
724 2454 869 2507 εἶπεν
917 2452 1075 2526 aut-ﬁ-
1128 2456 1367 2506 Σπεῦσον
1428 2452 1517 2506 καὶ
1569 2451 1803 2529 φύρασον
1852 2456 1944 2530 τρίη

2113 2464 2303 2504 ionore
2334 2452 2555 2521 excepit
2586 2470 2599 2507 :
2632 2475 2658 2501 ‹‹
2694 2456 3012 2514 Festinavit
3040 2462 3197 2518 enim
3229 2466 3523 2525 Abraham
3558 2471 3614 2527 in
3650 2478 3738 2529 ta-

321 2543 491 2615 μέτρα
522 2539 888 2613 σεμιδάλεως,
928 2542 1017 2596 καὶ
1066 2542 1297 2608 ποίησον
1340 2541 1677 2631 (ἐγκρυφίας.
1740 2544 1836 2597 Καὶ
1895 2544 1939 2599 εἰ

2111 2538 2466 2594 vernaculum
2501 2544 2570 2596 ad
2604 2542 2828 2613 Saram,
2863 2553 2920 2601 et
2952 2549 3096 2605 dixit
3127 2552 3176 2607 ei
3215 2570 3227 2609 :
3263 2555 3497 2613 Festina
3523 2565 3579 2616 et
3609 2563 3736 2631 pin-

315 2632 411 2693 τὰς
474 2631 603 2706 βόας
658 2628 888 2706 ἔδραμεν
934 2625 1205 2705 Ἀϐραὰμ,
1265 2630 1354 2685 καὶ
1413 2626 1602 2685 ἔλαϐεν
1666 2634 1940 2708 μοσχάριο

2119 2624 2196 2679 ito
2257 2631 2376 2682 tres
2434 2628 2641 2684 similae
2698 2649 3029 2703 mensuras,
3062 2644 3118 2695 et
3176 2644 3262 2698 fac
3318 2648 3739 2709 subcinericios

320 2718 532 2775 ἁπαλὸν
582 2720 672 2774 καὶ
714 2718 904 2791 καλὸν,
952 2718 1043 2773 xui
1092 2717 1288 2773 ἔδωκεν
1320 2723 1400 2790 τῷ
1446 2717 1600 2774 παιδὶ
1659 2719 1845 2790 αὐτοῦ,
1879 2744 1945 2777 κα

2111 2731 2285 2770 ιᾶηθε.
2324 2716 2541 2773 Deinde
2586 2725 2643 2774 et
2704 2732 3037 2782 armentum
3098 2734 3360 2789 cucurrit
3417 2739 3736 2808 Abraham,

317 2808 576 2884 ἐτάχυνεν
604 2811 701 2862 τοῦ
744 2815 991 2877 ποιῆσαι·
1034 2803 1223 2863 ἔλαϐεν
1260 2804 1317 2862 δὲ
1369 2808 1650 2883 βούτυρον,
1685 2810 1774 2863 καὶ
1805 2810 1942 2885 γάλα

2112 2809 2508 2877 .cceptumque
2537 2808 2782 2866 vitulum
2836 2818 3102 2872 tenerum
3154 2824 3209 2875 et
3258 2825 3520 2893 Opimum
3576 2803 3737 2886 dedit

316 2899 407 2953 xui
438 2897 502 2952 τὸ
550 2899 878 2973 μοσχάριον,
926 2896 957 2951 ὅ
988 2896 1228 2967 ἐποίησε,
1287 2897 1588 2973 παρέθηκεν
1618 2898 1825 2969 αὐτοῖς,
1882 2921 1941 2955 xa

2107 2908 2248 2948 servo
2279 2911 2407 2963 suo,
2437 2897 2536 2967 qui
2590 2903 2915 2971 properavit
2947 2911 3011 2960 ut
3038 2908 3284 2965 faceret:
3311 2920 3732 2989 acceptumque

320 2988 542 3065 ἔφαγον.
605 2985 779 3048 Αὐτὸς
826 2984 883 3041 δὲ
928 2990 1277 3057 παρειστήκει
1328 2987 1514 3049 αὐτοῖς
1574 2987 1676 3042 ὑπὸ
1731 2990 1793 3043 τὸ
1854 2987 1937 3044 δέν

2104 2986 2363 3053 iutyrum
2411 2990 2465 3039 et
2514 2985 2622 3054 lac,
2670 2994 2724 3043 et
2775 3007 2945 3061 quem
3008 2980 3729 3068 praeparaverat-vitulum

319 3074 471 3150 δρον.
538 3100 566 3126 ››
626 3076 951 3151 Γέγραπται,
1001 3076 1037 3143 ἢ
1080 3073 1181 3143 cii;
1215 3082 1355 3131 Mux.
1391 3074 1513 3132 Ναί.
1573 3077 1722 3151 Ὀρθ.
1757 3077 1858 3133 Καὶ
1920 3099 1944 3132 o

2108 3070 2229 3139 psis
2258 3074 2553 3143 apposuit,
2586 3076 2686 3147 qui
2718 3081 3100 3138 comederunt
3133 3103 3145 3141 :
3187 3088 3309 3159 ipse
3340 3106 3473 3149 vero
3506 3097 3733 3152 astabat

317 3164 539 3240 ἄγγελοι
571 3166 855 3235 συνήσθιον
890 3168 968 3236 τῷ
997 3169 1132 3236 Θεῷ.
1166 3166 1311 3222 Μακ.
1367 3165 1629 3221 Ὀπτασία
1675 3166 1766 3235 ἦν,
1799 3166 1881 3221 ὅτι
1914 3165 1941 3220 δ

2108 3160 2167 3213 iis
2198 3160 2308 3215 sub
2348 3163 2551 3218 arbore
2572 3166 2637 3219 ⁸⁸.
2668 3189 2686 3214 ι
2726 3170 2986 3227 Haeccine
3030 3174 3249 3246 scripta
3279 3184 3439 3247 sunt,
3465 3200 3536 3237 an
3570 3201 3685 3239 non
3705 3186 3733 3240 ?

318 3253 543 3329 ἄγγελοι
574 3256 731 3324 ἦσαν,
760 3254 878 3309 εἰπὲ
904 3254 972 3309 τὰ
997 3251 1149 3327 ἓξῆς,
1182 3254 1272 3309 καὶ
1306 3254 1574 3329 εὑρήσεις.

2108 3249 2297 3304 tlaced.
2334 3251 2518 3306 Etiam
2555 3254 2707 3309 Orth.
2744 3256 2811 3313 Et
2842 3260 3032 3332 angeli
3083 3280 3199 3319 una
3227 3282 3360 3323 cum
3394 3269 3508 3326 Deo
3542 3290 3733 3331 come-

2108 3337 2339 3373 lmmni‘)
2373 3338 2558 3373 ΜηηοΑ
2607 3343 2764 3373 νεηςη
2813 3353 2931 3373 μηι
2968 3367 2979 3373 -
3018 3353 3239 3373 ____u,,
3366 3363 3375 3373 .
3534 3362 3555 3373 ..
3599 3363 3608 3373 .

2085 3337 2339 3392 derunt?
2367 3338 2576 3397 Maced.
2607 3343 2765 3401 Visio
2810 3353 2935 3403 erat
2967 3367 2979 3405 :
3014 3353 3251 3425 angelos
3283 3363 3479 3415 autem
3529 3362 3733 3434 fuisse,

2082 3427 2209 3497 lege
2239 3442 2367 3499 quas
2399 3436 2744 3501 sequuntur,
2779 3440 2837 3490 et
2864 3436 3143 3497 invenies.

399 3522 483 3577 11.
517 3522 657 3594 Ὀρθ.
692 3520 788 3576 Καὶ
820 3522 984 3593 ἡμεῖς
1020 3518 1192 3593 ἴσμεν,
1241 3518 1321 3574 ὅτι
1375 3518 1426 3574 ἐν
1474 3523 1590 3581 τοῖς
1651 3518 1774 3591 ἑξῆς
1824 3520 1975 3597 ἀγγέ-

2156 3517 2241 3570 11.
2286 3515 2435 3573 Orth.
2494 3523 2562 3575 Et
2616 3538 2722 3579 nos
2779 3541 3013 3598 quoque
3071 3533 3339 3591 novimus
3397 3537 3527 3596 illos
3583 3543 3733 3600 duos

321 3609 455 3671 λους
486 3608 629 3686 λέγει
660 3612 786 3671 τοὺς
819 3607 934 3665 δύο·
970 3608 1115 3666 ἀλλὰ
1144 3608 1309 3665 πάλιν
1342 3608 1393 3664 ἐν
1425 3613 1540 3670 τοῖς
1595 3610 1729 3682 μετὰ
1757 3610 1823 3665 τὰ
1853 3612 1942 3681 έξῆ

2107 3610 2286 3660 iostea
2321 3608 2561 3680 angelos
2594 3612 2729 3676 dici,
2761 3615 2862 3669 sed
2896 3633 3133 3675 rursum
3182 3640 3280 3680 eos
3328 3634 3531 3697 postea
3575 3631 3732 3686 Scri-

316 3697 515 3772 Κύριον
549 3699 741 3761 αὐτοὺς
791 3701 826 3768 ἡ
870 3700 1055 3777 Γραφὴ
1103 3696 1281 3790 καλεῖ.
1333 3698 1511 3769 Δῆλον
1708 3701 1793 3790 ’ὁτι
1823 3700 1910 3790 xui

2106 3700 2256 3749 itura
2312 3696 2626 3755 Dominum
2687 3703 2962 3773 appellat.
3006 3708 3150 3765 Filio
3199 3696 3343 3770 vero,
3383 3722 3441 3773 et
3491 3720 3731 3790 Spiritui

310 3789 437 3851 Υἱὸς
470 3785 705 3864 ἅγγελος
765 3787 1029 3858 κέκληται
1083 3789 1172 3843 καὶ
1228 3790 1291 3843 τὸ
1334 3792 1553 3861 Πνεῦμα
1595 3787 1657 3843 οὐ
1692 3789 1855 3862 μόνον
1889 3789 1935 3845 ἐν

2106 3791 2313 3842 ιοηειαι
2341 3788 2532 3859 angeli
2585 3808 2795 3847 nomen
2846 3795 3046 3864 tribui,
3082 3817 3194 3855 non
3245 3803 3353 3860 hoc
3401 3785 3546 3864 loco—
3579 3811 3731 3866 dun-

306 3882 501 3946 ταῦθα,
535 3876 682 3933 ἀλλὰ
739 3877 829 3933 καὶ
889 3877 941 3932 έν
993 3876 1210 3939 ἄλλοις.
1263 3875 1456 3972 Ἀλλὰ.
1491 3876 1722 3972 ἅγγελος
1758 3878 1931 3954 λέγετε

2110 3881 2261 3946 axat,
2290 3893 2492 3933 verum
2542 3879 2719 3934 etiam
2770 3882 2925 3939 alibi.
2960 3886 3069 3942 Sed
3122 3893 3367 3963 angelus
3416 3897 3735 3972 improprie

312 3971 789 4041 καταχρηστικῶς.
840 3967 914 4027 ὡς
959 3966 1010 4021 ἐν
1063 3963 1399 4042 Εύαγγελίῳ,
1436 3966 1560 4020 ὃταν
1595 3966 1743 4043 λέγῃ·
1779 3992 1807 4020 ‹‹
1841 3975 1937 4023 "Av

2111 3970 2323 4020 ocatur
2363 3966 2540 4021 veluti
2597 3986 2729 4025 cum
2792 3971 2847 4027 in
2912 3978 3515 4049 Evangelio'dicit:«
3553 3963 3736 4047 Homo

319 4055 540 4131 θρωπός
568 4077 652 4118 τις
687 4055 966 4133 ἐφύτευσεν
1019 4054 1339 4148 ἀμπελῶνα,
1372 4055 1488 4148 -καὶ
1546 4054 1755 4148 έξέδοτο
1812 4056 1941 4148 αὐτὸ

2113 4055 2326 4125 [uidam
2371 4055 2653 4126 plantavit
2703 4060 2953 4134 vineam,
2986 4070 3043 4120 et
3072 4065 3282 4126 locavit
3332 4089 3461 4131 eam
3514 4080 3738 4148 agrico-

315 4151 606 4221 γεωργοῖς·
671 4170 700 4197 ››
761 4145 874 4199 εἶτα
928 4146 1063 4218 μετὰ
1109 4149 1277 4200 ταῦτα
1324 4142 1490 4221 λέγει·
1544 4169 1571 4197 ‹‹
1636 4145 1971 4201 Ἐπέστειλεν
2084 4142 2157 4196 lis
2178 4143 2256 4210 ⁸’¹;
2287 4164 2314 4191 ››
2345 4147 2403 4197 et
2448 4152 2651 4235 postea
2698 4146 2892 4218 inquit
2927 4168 2993 4206 ;‹‹
3028 4153 3187 4211 Misit
3234 4174 3432 4218 servos
3479 4142 3639 4235 suas,
3681 4172 3741 4223 et

322 4233 453 4296 τοὺς
486 4231 721 4296 δούλους
787 4234 972 4305 αὐτοῦ,
1027 4234 1116 4288 καὶ
1178 4235 1313 4307 μετά
1358 4233 1483 4295 τοὺς
1512 4232 1743 4296 δούλους
1771 4233 1881 4307 ἕνα,
1916 4234 1947 4289 ὅ

2113 4237 2220 4287 »οει
2249 4248 2444 4287 servos
2485 4232 2697 4300 filium,
2731 4252 2903 4306 quem
2957 4244 3197 4301 unicum
3248 4246 3499 4308 habebat
3517 4254 3583 4324 ⁸⁸,
3608 4231 3634 4305 ἦ
3668 4256 3738 4313 li-

312 4324 481 4398 εἶχεν,
518 4323 656 4378 υἱόν·
692 4348 720 4375 ››
770 4321 940 4393 δῆλον
994 4324 1077 4377 ὃτι
1116 4324 1209 4378 τὸν
1247 4323 1457 4417 Πατέρα
1488 4322 1633 4417 λέγει
1666 4324 1937 4417 ἅνθρωποι

2110 4327 2224 4393 [uet
2255 4321 2480 4377 Patrem
2515 4325 2586 4378 ab
2619 4342 2684 4379 eo
2716 4327 2830 4381 dici
2878 4327 3197 4389 hominem.
3234 4337 3299 4392 Et
3329 4355 3461 4395 cum
3496 4321 3690 4417 inquit
3722 4365 3735 4404 :

310 4413 413 4467 Καὶ
443 4412 506 4467 τὸ
537 4415 675 4483 (15),
712 4436 740 4465 (ι
791 4412 1113 4488 Ἀνθρωπος
1155 4434 1237 4504 τις
1271 4411 1442 4504 ἐποίει
1472 4412 1679 4504 γάμους
1736 4418 1815 4504 cf?
1836 4501 1846 4504 _
1873 4414 1935 4504 υἱι

2150 4411 2332 4466 Homo
2364 4411 2601 4483 quidam
2637 4414 2769 4469 i'ecit
2798 4419 3037 4488 nuptias
3067 4422 3185 4479 filio
3217 4442 3323 4482 suo
3346 4427 3410 4495 ⁸9,
3436 4452 3465 4479 ››
3488 4411 3740 4504 ibi-quo-

312 4500 502 4556 αὐτοῦ·
540 4526 567 4552 ››
600 4501 690 4556 καὶ
731 4500 951 4556 ἐνταῦθα
1003 4498 1061 4555 δὶ
1108 4498 1275 4573 ἄνδρα
1324 4500 1483 4556 αὐτὸν
1537 4499 1702 4577 λέγει·
1760 4500 1907 4556 ἀλλὰ

2114 4517 2201 4573 [ue
2232 4500 2531 4556 hominem
2565 4518 2699 4557 eum
2727 4512 2922 4574 vocat;
2949 4510 3045 4563 sed
3081 4528 3221 4568 usus
3243 4517 3550 4589 Scriptura)
3586 4522 3739 4579 hunc

315 4590 668 4665 πραγματεία
716 4597 817 4659 τῆς
871 4597 1087 4668 Γραφῆς
1139 4592 1266 4645 Θεὸν
1308 4590 1467 4645 αὐτὸν
1503 4588 1788 4649 δείκνυσιν.
1851 4593 1940 4649 "O1

2113 4606 2217 4645 :sse
2278 4594 2456 4645 Deum
2517 4591 2901 4649 demonstrat.
2974 4599 3274 4672 Scriptura
3341 4588 3474 4663 vero
3550 4612 3738 4668 mani-

314 4678 376 4733 δὲ
406 4680 758 4757 φανερώτατα
787 4679 860 4742 εἶς
892 4684 1002 4733 τῶν
1037 4676 1132 4732 δύο
1167 4677 1411 4773 ἀγγέλων
1509 4680 1628 4742 Υἱὸς
1682 4681 1810 4773 I,_
1838 4680 1934 4735 αὐτ

2114 4680 2404 4735 estissime
2463 4681 2649 4747 docet,
2705 4700 2889 4740 unum
2949 4703 3017 4742 ex
3076 4690 3168 4746 his
3227 4695 3459 4753 duobus
3515 4701 3739 4773 angelis

314 4771 352 4837 ἡ
388 4770 574 4846 Γραφὴ
636 4766 889 4838 ἐδίδαξεν.
940 4774 1083 4823 Μακ.
1141 4774 1301 4836 Πὼςς
1342 4768 1522 4862 "090.“
1556 4768 1704 4862 Μετὰ
1756 4769 1854 4862 γὰρ

2117 4771 2273 4825 uisse
2317 4770 2544 4825 Filium.
2579 4773 2785 4828 Maced.
2822 4779 3168 4842 Quomodo?
3216 4782 3368 4840 Orlh.
3402 4787 3547 4843 Nam
3582 4766 3742 4862 post-

314 4863 506 4935 ςραγεῖν
542 4856 733 4920 αὐτοὺς
765 4858 853 4911 καὶ
904 4856 1272 4932 εὐλογηθῆναι
1304 4856 1392 4910 τὸν
1426 4852 1696 4932 Ἀϐραὰμ,
1756 4857 1845 4911 xui
1875 4859 1939 4926 τή

2115 4876 2269 4930 [nam
2300 4860 2711 4932 comedissent,
2731 4870 2787 4917 et
2821 4865 3162 4926 benedictus
3194 4872 3403 4931 fuisset
3421 4852 3740 4950 Abraham,

313 4950 415 5001 τοῦ
474 4947 656 5004 Ἰσαὰκ
706 4941 892 5002 λαϐεῖν
939 4944 1097 5001 αὐτὸν
1159 4944 1502 5020 ἐπαγγελίαν,
1554 4945 1726 5008 οὓτως
1784 4947 1938 5021 γέγρε

2120 4954 2327 5019 ,ccepta
2381 4951 2539 5005 Isaac
2600 4953 3008 5022 promissione,
3065 4959 3146 5015 ita
3203 4965 3484 5035 scriptum
3544 4975 3653 5041 est,
3686 4978 3745 5028 et

311 5056 470 5103 πται,
500 5037 587 5090 xui
622 5036 708 5091 ἐὰν
747 5034 1204 5110 μακροθύμήσῃς,
1240 5034 1409 5110 λέγω.
1456 5041 1597 5089 Μακ.
1632 5034 1786 5089 Εἰπέ.
1824 5036 1936 5110 Ὀρε

2121 5037 2305 5107 .icam,
2357 5042 2406 5093 si
2459 5045 2630 5095 modo
2680 5044 2994 5100 sustineas.
3028 5048 3227 5106 Maced.
3266 5034 3383 5110 Dic.
3428 5057 3578 5113 Orth.
3615 5034 3650 5109 α’
3676 5061 3746 5117 Et

313 5149 342 5175 (ι
380 5124 480 5177 Καὶ
513 5125 541 5177 ὁ
596 5125 791 5199 Κύριος
851 5124 1017 5180 εἶπεν.
1073 5124 1150 5182 Οὐ
1214 5126 1291 5196 μή
1340 5123 1531 5200 κρύψω
1571 5124 1676 5178 ἀπὸ
1727 5118 1938 5196 ἈϐραεῖιΙ

2116 5126 2372 5183 )ominus
2429 5129 2577 5184 dixit
2638 5147 2650 5184 :
2711 5131 2838 5188 Non
2898 5135 3097 5192 celabo
3159 5140 3446 5199 Abraham
3509 5163 3741 5207 servum

383 5315 431 5350 ⁸⁸
460 5316 602 5373 Gen.
636 5333 799 5383 xvm,
832 5318 884 5387 4,
915 5318 969 5372 5.
1046 5317 1090 5352 ⁸⁸
1122 5316 1263 5373 ibid.
1297 5317 1417 5372 6-8.
1496 5317 1541 5352 ⁸⁸⁷
1570 5322 1708 5373 Luc.
1741 5333 1833 5387 xx,
1864 5316 1919 5371 9.
1996 5314 2008 5350 ε

1496 5317 1541 5352 ⁸⁷
1570 5322 1708 5373 Luc.
1741 5333 1833 5387 xx,
1864 5316 1919 5371 9.
1996 5314 2041 5350 ⁸⁸
2074 5315 2215 5371 ibid.
2251 5318 2438 5373 10-13.
2514 5319 2559 5354 ⁸⁹
2589 5320 2796 5378 Matth.
2830 5341 2969 5396 xm,
2999 5332 3052 5383 2.

389 5494 501 5566 (11)
530 5494 653 5551 Ὅτι
686 5494 853 5551 abest
882 5511 917 5550 a
944 5494 1066 5551 Pal.
1101 5494 1329 5552 Ibidem
1376 5513 1546 5567 mam,
1581 5496 1817 5573 είρηκὼς
1846 5498 1967 5555 ἑαυ-

2157 5498 3127 5599 (‘ﬁlﬁdihéﬁiptﬁazNam.
3160 5516 3288 5571 Mox
3337 5524 3471 5599 ροεξι
3500 5517 3739 5599 ἐδέξατο,

307 5559 430 5618 τόν.
483 5559 494 5566 ’

384 5635 494 5659 tam
529 5637 689 5659 n-l-1
767 5634 981 5659 1.1”.--

2116 5559 2354 5627 n‘editis
2382 5559 2616 5643 legitur‘,
2652 5559 2835 5649 ὡσπερ
2868 5559 3741 5659 γέγραπταί-ξι]ιὲνέδὲἇὶςῖιῖιῖ

383 5635 496 5710 (12)
528 5637 737 5710 Palat.,
763 5634 1038 5710 ἐνόμισεν.
1068 5707 1078 5710 _
1162 5701 1204 5710 Α,
1514 5707 1550 5710 __
2088 5659 2235 5699 mss.

383 5636 477 5708 (12
528 5637 737 5709 Palat.,
763 5635 1038 5710 ἐνόμισεν.
1779 5716 1803 5727 -
1882 5714 1892 5728 Ι

382 5635 496 5789 4131
527 5709 731 5780 Palat.,
783 5707 866 5764 ὅτι
913 5708 1005 5764 καὶ
1054 5701 1319 5767 me)...“
1368 5709 1460 5765 καὶ
1510 5707 1629 5767 ίδοὺ
1684 5731 1831 5788 τρεις
1863 5712 1967 5789 ἂγ-

1368 5709 1460 5765 καί
1510 5707 1629 5767 ίδοὺ
1684 5716 1831 5788 τρεῖς
1863 5712 1967 5789 ἅγ-
2088 5659 2281 5787 ωῇὲ)
2311 5710 2381 5765 Τό
2406 5714 2569 5770 deest
2597 5713 2655 5769 in
2685 5717 2968 5778 Palatino.

306 5776 491 5857 γελοιι
