4116 6382
401 451 561 511 1219

1562 442 1626 504 S.
1678 440 2201 504 ATHANASIUS.
2232 475 2311 487 --
2338 438 2646 504 SPUBIA.

3666 433 3827 509 1220

406 599 627 648 meum,
662 597 791 653 qua)
838 593 943 651 ego
996 594 1127 634 sum
1189 578 1471 633 facturus.
1509 576 1801 631 Abraham
1865 580 2031 631 auten

2143 578 2277 640 ,τοῦ
2307 572 2501 636 παιδός
2539 595 2666 646 μου,
2701 575 2733 628 ἃ
2795 571 2988 646 μέλλω
3038 579 3214 629 ποιεῖν
3276 573 3402 650 ἐγώ.
3463 570 3718 651 Ἀϐραὰμ
3770 574 3830 631 δὶ

402 676 502 726 liet
525 671 583 725 in
617 674 850 743 gentem
884 684 1159 740 magnam
1192 673 1247 721 et
1276 666 1597 738 copiosam,
1621 671 1678 719 et
1708 665 1765 719 in
1797 681 1863 721 eo
1896 665 2060 719 bene-

402 760 672 815 dicentur
701 775 906 814 omnes
956 761 1119 812 terra:
1170 756 1440 811 nationes
1471 772 1536 811 ε»
1571 760 1628 810 et
1659 753 1831 826 paulo
1879 756 2012 825 post
2043 768 2057 808 :

402 871 429 899 ‹‹
468 848 619 904 Dixit
663 853 861 904 autem
912 846 1241 902 Dominus:
1286 843 1517 899 Clamor
1564 843 1950 899 Sodomorum
2003 847 2061 898 et

400 936 741 1007 Gomorrhaa
788 935 1078 991 increbuit
1119 933 1191 989 ad
1240 950 1353 998 me,
1388 937 1445 988 et
1500 933 1762 1004 ipsorum
1823 935 2060 1003 peccata

400 1034 543 1084 sunt
573 1043 789 1098 magna
818 1024 1002 1081 valde.
1030 1025 1178 1080 447
1214 1023 1587 1079 Descendens
1619 1021 1800 1095 igitur
1825 1021 2054 1090 videbo,

402 1134 543 1173 num
577 1116 904 1173 secundum
949 1113 1266 1170 clamorem
1297 1112 1559 1183 ipsorum
1594 1112 1692 1183 qui
1725 1112 1797 1167 ad
1833 1128 1925 1165 me
1957 1126 2055 1165 ve-

398 1206 490 1261 nit
519 1205 893 1277 compleant:
924 1205 1013 1258 sin
1044 1219 1213 1258 secus
1244 1205 1354 1268 est,
1391 1206 1455 1257 ut
1481 1201 1685 1257 sciam.
1710 1202 1776 1255 Et
1806 1197 2055 1272 digressi

394 1294 535 1350 inde
566 1293 672 1349 viri
703 1298 984 1349 venerunt
1023 1291 1280 1347 Sodoma
1311 1309 1324 1348 :
1359 1289 1653 1346 Abraham
1697 1306 1830 1345 vero
1861 1289 2055 1344 stabat

389 1400 584 1440 coram
643 1382 906 1453 Domino,
965 1387 1022 1436 et
1080 1380 1563 1453 appropinquans
1621 1378 1768 1434 dixit
1823 1395 1836 1434 :
1897 1378 2049 1434 Num

384 1474 595 1545 perdes
630 1474 863 1541 justum
895 1488 1013 1526 una
1064 1487 1198 1525 cum
1257 1469 1462 1542 impio,
1499 1474 1556 1524 et
1604 1468 1715 1523 erit
1754 1468 1956 1539 justus
1990 1471 2053 1523 ut

381 1561 646 1635 impius?
674 1562 730 1616 Si
782 1562 995 1616 fuerint
1028 1559 1086 1614 in
1121 1559 1265 1615 urbe
1298 1557 1731 1630 quinquaginta
1770 1558 1942 1628 justi,
1973 1574 2046 1612 an

384 1669 484 1708 eos
516 1651 746 1724 perdes,
782 1666 967 1721 neque
997 1649 1103 1704 toti
1144 1647 1271 1703 loco
1304 1647 1568 1704 remittes
1608 1651 1845 1719 propter
1875 1645 2047 1718 quin-

389 1741 674 1814 quaginta
725 1741 935 1810 justos,
968 1738 1015 1794 si
1051 1739 1110 1793 in
1144 1737 1287 1792 urbe
1319 1736 1576 1791 fuerint?
1607 1736 1777 1791 Absit
1827 1741 1890 1790 ut
1935 1734 2047 1790 hoc

386 1846 551 1903 agas,
586 1833 651 1885 ut
690 1829 925 1901 justum
980 1842 1115 1882 cum
1166 1826 1345 1894 impio
1376 1824 1720 1892 interficias,
1753 1829 1810 1880 et
1842 1825 2045 1895 justus

385 1920 496 1974 erit
545 1922 610 1972 ut
656 1914 916 1988 impius!
977 1914 1167 1970 absit!
1198 1916 1281 1969 An
1338 1913 1437 1985 qui
1490 1913 1670 1985 judex
1716 1916 1806 1969 est
1862 1913 2043 1969 totius

381 2011 573 2077 terrae,
606 2022 721 2060 non
769 2002 1110 2076 judicabit?
1165 2003 1317 2057 Dixit
1367 2008 1564 2057 autem
1618 2002 1899 2058 Dominus
1934 2019 1946 2057 :
1979 2002 2039 2057 Si

378 2097 437 2152 in
471 2094 741 2152 Sodomis
773 2095 1046 2149 invenero
1087 2091 1147 2147 in
1193 2092 1334 2147 urbe
1365 2091 2036 2164 quinquagintajustos,

378 2185 485 2241 toti
532 2185 658 2240 loco
707 2183 1004 2239 remittam
1056 2181 1114 2236 in
1165 2197 1367 2236 eorum
1419 2181 1671 2252 gratiam
1694 2181 1756 2235 νο.
1784 2202 1812 2230 ››
1846 2181 1912 2235 Ει
1960 2180 2037 2235 ita

376 2273 674 2330 Abraham
704 2271 1012 2328 subductis
1057 2271 1342 2341 quinque,
1377 2275 1434 2325 et
1480 2286 1717 2325 rursum
1751 2269 2035 2340 quinque,

379 2363 642 2436 pervenit
673 2378 861 2433 usque
903 2361 975 2415 ad
1022 2360 1224 2415 decem
1258 2375 1323 2412 ια
1363 2359 1629 2431 Dixitque
1679 2360 1828 2414 Deus
1863 2376 1876 2415 :
1911 2359 2035 2415 Non

382 2453 624 2525 perdam
658 2451 716 2506 in
748 2449 1001 2524 gratiam
1032 2449 1231 2504 decem
1266 2448 1511 2503 istorum
1540 2465 1553 2503 :
1586 2453 1643 2503 et
1671 2448 1816 2503 abiit
1843 2447 2037 2503 Domi-

381 2558 524 2613 nus,
586 2547 896 2614 postquam
957 2537 1233 2594 desiisset
1295 2536 1456 2609 loqui
1523 2537 1594 2592 ad
1660 2536 1954 2593 Abraham
2017 2554 2030 2593 :

381 2631 677 2689 Abraham
710 2644 946 2701 quoque
976 2626 1151 2683 rediit
1179 2627 1423 2682 domum
1456 2642 1626 2682 suam
1649 2627 1710 2680 9'.
1742 2649 1762 2674 ιι

436 2720 537 2774 12.
569 2718 766 2774 Maccd.
805 2720 899 2772 Dic
931 2733 1059 2788 quae
1110 2732 1246 2771 mox
1292 2719 1639 2788 sequuntur.
1677 2715 1827 2770 ()rth.
1862 2737 1889 2766 «
1917 2713 2033 2771 Ve-

374 2814 593 2864 nerunt
638 2813 834 2862 autem
887 2806 1003 2861 duo
1058 2804 1146 2861 illi
1203 2804 1394 2877 angeli
1452 2804 1778 2860 Sodoma.»
1821 2803 2028 2861 Mared.

375 2897 561 2953 Audis
587 2897 735 2952 duos
768 2895 901 2952 illos
949 2894 1133 2950 fuisse
1180 2893 1459 2967 angelos?
1491 2894 1642 2950 Orth.
1676 2895 1859 2950 Antea
1889 2893 2028 2962 dixi,

375 2988 530 3043 sicut
558 2984 863 3057 Scriptura
893 2986 1038 3040 duos
1073 2980 1203 3039 illos
1238 2981 1461 3039 vocavit
1486 2982 1657 3048 viros,
1681 2982 1783 3054 qui
1832 2989 2027 3037 tamen

371 3075 476 3130 viri
511 3081 723 3130 natura
752 3090 866 3129 non
898 3077 1084 3138 erant,
1109 3072 1192 3128 sic
1223 3070 1400 3127 etiam
1453 3070 1586 3126 illos
1638 3071 1799 3141 ipsos
1826 3086 2031 3127 vocare

370 3164 631 3237 angelos,
656 3162 756 3234 qui
788 3160 979 3233 angeli
1013 3166 1222 3217 natura
1254 3177 1370 3215 non
1399 3168 1587 3226 erant,
1612 3160 1791 3231 idque
1817 3158 2032 3231 impro-

369 3252 513 3326 prie,
543 3269 608 3308 eo
640 3250 796 3324 quod
830 3251 930 3306 Dei
963 3248 1273 3305 consilium
1305 3249 1668 3304 nuntiarent.
1695 3249 2027 3305 Audiamus

2169 661 2465 738 γενόμενος
2499 660 2646 717 ἔσται
2678 662 2753 725 εἰς
2781 661 2930 727 ἔθνος
2968 666 3107 737 μέγα
3135 663 3225 718 καὶ
3257 662 3423 731 πολὺ,
3463 664 3554 718 καὶ
3602 664 3826 721 ἐνευλο-

2167 753 2502 828 γηθήσοντκι
2536 752 2587 807 έν
2620 752 2768 824 αύτῷ
2815 753 2983 807 πάντα
3012 753 3079 807 τὰ
3117 749 3245 822 ἔθνη
3293 759 3396 822 τῆς
3445 759 3572 828 γῆς’
3623 776 3651 806 n
3712 754 3825 810 εἶτα

2173 842 2286 914 μετ’
2319 840 2495 917 ὀλίγα⁹
2534 865 2561 893 ‹‹
2587 842 2721 896 Εἶπε
2748 838 2805 896 δὲ
2835 842 2862 895 ὁ
2897 841 3115 916 Κύριος
3151 844 3376 919 Κραυγή
3432 839 3697 917 Σοδόμων
3730 845 3821 899 καὶ

2167 930 2451 1007 Γομόῤῥας
2483 930 2859 1002 πεπλήθυνται
2891 932 3027 1007 πρὸς
3060 931 3146 1004 μὶ,
3178 931 3268 986 καὶ
3317 932 3371 986 αἱ
3426 931 3687 1008 ἁμαρτίαι
3725 932 3819 988 αύ-

2164 1026 2272 1077 τῶν
2309 1022 2546 1098 μεγάλαι
2602 1019 2828 1100 σφόδρα.
2890 1017 3142 1085 Καταϐὰς
3192 1021 3282 1078 οὖν
3317 1019 3548 1096 ὄψομαι,
3579 1023 3627 1079 εἴ
3683 1026 3821 1080 κατᾶ

2162 1111 2262 1180 τὴν
2316 1112 2554 1188 κραυγὴν
2614 1110 2787 1166 αὐτῶν
2843 1112 2941 1180 τήν
2988 1111 3296 1187 ἐρχομένην
3345 1113 3480 1187 πρὸς
3544 1113 3611 1185 μὲ
3642 1134 3819 1168 συντε-

2166 1198 2407 1257 λοῦνται·
2443 1200 2488 1256 εἶ
2541 1199 2599 1256 δὲ
2645 1201 2744 1274 μὴ,
2788 1198 2880 1254 ’ἱνα
2908 1205 3040 1276 γνῶ.
3076 1200 3180 1258 Καὶ
3213 1202 3642 1280 ἀποστραφέντες
3672 1201 3815 1257 έκεῖ-

2163 1292 2248 1344 θεν
2282 1291 2334 1345 o't
2365 1288 2575 1366 ἄνδρες,
2606 1289 2778 1361 ἦλθον
2809 1288 2883 1352 εἷς
2917 1287 3159 1364 Σόδομα.
3194 1285 3448 1367 ’Δϐραὰμ
3478 1288 3537 1345 δὲ
3563 1294 3630 1360 ἦν
3659 1290 3814 1362 έστη-

2159 1381 2269 1442 κὼς
2301 1377 2471 1435 ἔναντι
2506 1379 2721 1455 Κυρίουο
2781 1379 2870 1435 καὶ
2920 1378 3130 1456 ἐγγίσας
3181 1374 3436 1455 Ἀϐραὰμ
3482 1381 3650 1437 εἴπεν·
3714 1383 3807 1450 Μὴ

2159 1468 2545 1532 συναπολέσεις
2578 1473 2690 1544 (16)
2723 1466 2926 1524 δίναιον
2960 1470 3095 1542 μετά
3149 1464 3400 1542 ἀσεϐοῦς,
3452 1470 3545 1524 καὶ
3602 1465 3750 1526 ἔσται
3783 1471 3813 1526 6

2158 1557 2389 1631 δίκαιος,
2422 1560 2497 1622 ὡς
2529 1560 2557 1614 6
2585 1554 2785 1630 ἀσεϐής
2811 1579 2825 1630 ;
2860 1558 2986 1616 Ἀἆν
3019 1559 3119 1613 ὦσι
3151 1560 3490 1630 πεντήκοντα
3518 1556 3721 1614 δίκαιοι
3761 1559 3815 1614 έν

2153 1652 2222 1722 τῇ
2253 1646 2436 1719 πόλει,
2467 1647 2756 1710 ἀπολέσεις
2787 1646 3003 1712 αὐτοὺς,
3035 1647 3125 1703 καὶ
3179 1647 3279 1702 οὐκ
3336 1648 3551 1719 ἀνήσεις
3607 1649 3815 1703 ἅπαντα

2152 1738 2244 1793 τὸν
2275 1738 2443 1793 τόπον
2473 1734 2651 1793 ἕνεκεν
2702 1741 2810 1792 τῶν
2869 1738 3204 1807 πεντήκοντα
3246 1734 3494 1809 δικαίων,
3528 1736 3616 1791 ἐὰν
3676 1738 3809 1792 ὦσιν

2154 1826 2206 1881 ἐν
2238 1826 2409 1900 αὐτῇ;
2444 1823 2731 1898 Μηδαμῶς
2765 1825 2827 1879 σὺ
2860 1827 3093 1900 ποιήσῃς
3124 1827 3238 1899 (17)
3292 1825 3356 1880 τὸ
3414 1825 3567 1901 ῥῆμα
3622 1828 3808 1895 τοῦτο,

2150 1920 2248 1971 τοῦ
2303 1916 2616 1970 ἀποκτεῖναι
2674 1912 2881 1970 δίκαιον
2945 1916 3080 1988 μετά
3138 1909 3384 1983 ἀσεϐοῦς,
3442 1914 3533 1969 καὶ
3571 1910 3721 1970 ἔσται
3778 1916 3808 1970 6

2153 2002 2363 2066 δίκαιος
2393 2004 2466 2064 ὡς
2494 2005 2522 2058 6
2574 1998 2790 2075 ἀσεϐής·
2830 2001 3123 2077 μηδαμῶς.
3156 2004 3218 2061 Ὁ
3260 2002 3459 2080 κρίνων
3490 2009 3663 2059 πᾶσαν
3700 2006 3802 2074 τὴν

2148 2101 2248 2170 γῆν
2284 2093 2344 2148 ού
2376 2094 2592 2163 ποιήσει
2624 2093 2840 2168 κρίσιν;
2885 2094 3045 2147 Εἶπεν
3080 2090 3139 2148 δὲ
3187 2093 3214 2147 6
3244 2092 3463 2170 Κύριοςο
3507 2094 3629 2148 Ἐὰν
3665 2093 3806 2170 εὕρω

2148 2182 2199 2237 έν
2237 2180 2511 2255 Σοδόμοις
2538 2183 2871 2252 πεντήκοντα
2903 2180 3144 2245 δικαίους
3177 2181 3228 2237 ἐν
3259 2185 3328 2257 τῇ
3366 2181 3549 2254 πόλει,
3609 2182 3806 2262 ἀφήσω

2146 2272 2322 2327 πάντα
2374 2271 2467 2327 τὸν
2525 2272 2693 2327 τόπον
2750 2268 2819 2325 δι’
2869 2270 3085 2334 αὐτούς.
3151 2295 3179 2322 ››
3238 2271 3337 2326 Καὶ
3370 2270 3544 2335 οὕτως
3579 2271 3802 2350 ὑφείλας

2145 2361 2328 2430 πέντε,
2357 2361 2446 2416 καὶ
2476 2359 2640 2415 πάλιν
2703 2362 2881 2432 πέντε,
2914 2359 3077 2430 ἦλθεν
3108 2357 3215 2423 ἕως
3249 2358 3396 2416 δέκα·
3459 2386 3487 2414 ‹‹
3520 2360 3618 2417 Καὶ
3650 2362 3798 2417 εἶπεν

2145 2451 2174 2504 ὁ
2200 2451 2350 2513 Θεός.
2384 2451 2491 2507 Οὑν
2520 2448 2779 2505 ἀπολέσω
2809 2446 2987 2505 ἕνεκεν
3016 2454 3122 2504 τῶν
3159 2447 3305 2506 δέκα.
3359 2450 3631 2521 Ἀπῆλθεν
3683 2448 3743 2506 δὲ
3772 2452 3801 2506 6

2144 2539 2363 2614 Κύριος,
2397 2539 2472 2602 ὡς
2504 2538 2772 2594 ἐπαύσατο
2805 2537 2989 2595 λαλῶν
3021 2540 3100 2611 τῷ
3138 2534 3409 2614 ’Δϐραάμ.
3426 2540 3518 2595 καὶ
3551 2541 3804 2616 ὑπέστρε-

2143 2630 2237 2701 ψεν
2272 2626 2347 2690 εἷς
2377 2628 2468 2682 τὸν
2501 2627 2650 2682 οἶκον
2679 2627 2864 2682 αὐτοῦ.
2904 2650 2931 2678 ››

2216 2720 2300 2775 12.
2336 2719 2480 2774 Μακ.
2512 2716 2648 2771 Εἷπὶ
2676 2716 2744 2770 τὰ
2773 2717 2919 2789 ἑξῆς.
2953 2717 3101 2788 Ὀρθ.
3157 2741 3184 2769 ››
3238 2715 3442 2781 Ἦλθον
3502 2714 3559 2772 δὲ
3616 2719 3668 2772 οἱ
3699 2716 3796 2775 δύο

2142 2805 2365 2883 ἄγγελοι
2398 2805 2473 2868 εἷς
2535 2803 2779 2878 Σόδομα.
2840 2828 2869 2856 ››
2928 2807 3074 2862 Μακ.
3138 2805 3401 2879 Ἀκούεις,
3435 2804 3518 2862 ὅτι
3574 2806 3797 2884 ἄγγελοι

2139 2895 2276 2964 ἦσαν
2301 2896 2351 2949 οἱ
2384 2892 2518 2963 δύο;
2553 2896 2701 2967 Ὀρθ.
2736 2888 3037 2970 Προλαϐὼν
3073 2896 3247 2967 εἷπον,
3281 2893 3373 2969 ὅτι.
3415 2893 3596 2972 ὥσπερ
3644 2896 3791 2973 λέγει

2136 2983 2264 3046 τοὺς
2324 2981 2420 3039 δύο
2478 2979 2694 3060 ἄνδρας,
2725 2983 2814 3038 καὶ
2855 2983 2955 3037 οὑκ
2982 2985 3115 3052 ἦσαν
3146 2987 3215 3057 τῇ
3266 2982 3417 3061 φύσει
3451 2981 3659 3061 ἄνδρες
3693 2983 3793 3041 οῦ-

2137 3093 2246 3135 τως
2303 3073 2390 3127 καὶ
2444 3071 2571 3134 τοὺς
2606 3069 2703 3126 δύο
2764 3070 3028 3148 ἀγγέλους
3086 3070 3253 3147 λέγει,
3285 3072 3504 3128 καὶοὺκ
3527 3076 3660 3143 ἦσαν
3717 3080 3790 3141 τῆ

2138 3161 2291 3240 φύσει
2325 3160 2565 3238 ἄγγελοι,
2598 3159 2744 3216 ἀλλά
2771 3166 3247 3237 καταχρηστικῶς,
3299 3161 3352 3217 έν
3374 3166 3472 3216 τοῦ
3502 3161 3792 3238 ἀγγέλλειν

2136 3250 2333 3311 αὑτοὺς
2362 3251 2461 3318 τήν
2490 3254 2585 3305 τοῦ
2617 3254 2751 3305 Θεοῦ
2806 3247 3034 3325 βουλήν.
3076 3252 3197 3308 Τῶν
3248 3247 3307 3305 δὶ
3358 3249 3480 3325 ἑξῆς
3539 3252 3791 3323 ἀκούσαι-

365 3323 563 3398 autem
596 3323 723 3414 quas
756 3345 1108 3410 sequuntur.
1142 3336 1328 3409 Magis
1369 3338 1524 3392 enim
1560 3355 1593 3392 a
1625 3339 1794 3393 ruina
1825 3337 2022 3393 civita-

2143 3361 2257 3413 μεν.
2292 3338 2517 3396 Μᾶλλον
2552 3340 2654 3415 γὰρ
2688 3359 2746 3394 εκ
2772 3323 2869 3393 τοῦ
2919 3337 3140 3416 έδαφίου
3195 3323 3579 3414 διδασκόμεθα.
3641 3345 3794 3402 Μακ.

363 3422 439 3487 tis
471 3430 797 3485 erudimur.
836 3426 1031 3484 Maced.
1072 3427 1192 3482 Dic.
1226 3426 1380 3483 Orth.
1417 3451 1444 3477 «
1482 3426 1777 3482 Venerunt
1823 3431 2021 3485 autem

368 3521 485 3577 duo
532 3518 615 3574 illi
675 3519 866 3591 angeli
916 3520 1167 3573 Sodoma
1206 3534 1463 3588 vespere,
1496 3517 1659 3572 Loth‘
1696 3522 1893 3573 autem
1951 3518 2022 3573 ad

368 3615 598 3682 portam
650 3608 1038 3664 Sodomorum
1085 3606 1341 3675 sedebat,
1367 3605 1464 3678 qui
1497 3622 1595 3661 eos
1627 3607 2021 3677 conspicatus,

369 3697 625 3754 occurrit
654 3697 800 3769 ipsis
830 3695 1081 3766 obviam,
1103 3700 1160 3751 et
1217 3694 1362 3750 facie
1391 3695 1449 3749 in
1481 3701 1694 3750 terram
1729 3698 2024 3766 prostrata

373 3785 658 3851 adoravit,
692 3785 952 3856 dixitque
985 3801 998 3839 :
1052 3789 1214 3853 Ecce,
1263 3784 1510 3849 domini,
1542 3783 1915 3839 diversainini
1960 3785 2021 3839 in

368 3876 614 3931 domum
646 3874 798 3931 servi
818 3873 1014 3943 vestri,
1040 3878 1096 3928 et
1128 3878 1485 3945 pernoctate,
1505 3878 1564 3928 et
1594 3872 1815 3928 abluite
1846 3874 2021 3944 pedes

365 3970 614 4029 vestros,
648 3969 705 4019 et
747 3961 1007 4018 diluculo
1055 3962 1370 4034 experrecti
1403 3962 1656 4035 pergetis
1703 3967 1893 4017 vestro
1924 3962 2019 4017 iti-

364 4070 501 4109 nere
523 4053 589 4108 θ’.
621 4074 648 4103 ››
683 4052 888 4116 Audis,
920 4051 1074 4124 quod
1123 4069 1223 4107 eos
1268 4051 1614 4120 adoraverit,
1647 4056 1704 4105 et
1751 4051 2022 4107 dominos

359 4140 637 4215 appellet,
658 4148 714 4196 et
742 4158 944 4197 eorum
978 4156 1210 4196 servum
1242 4156 1371 4196 sese
1394 4139 1772 4211 proﬁteatur?
1802 4140 2016 4197 Maccd.

362 4231 618 4287 Putabat
646 4248 744 4287 eos
776 4247 905 4287 esse
932 4229 1217 4296 homines,
1246 4234 1320 4298 et,
1345 4246 1476 4284 cum
1503 4228 1811 4300 hospitalis
1842 4235 2016 4301 esset,

363 4320 628 4376 adoravit
683 4337 804 4386 eos,
856 4324 914 4375 et
968 4319 1241 4374 dominos
1299 4318 1542 4374 vocavit.
1597 4318 1749 4373 Orth.
1800 4319 1906 4373 Sed
1967 4319 2017 4375 si

362 4409 617 4466 fuissent
670 4407 889 4481 angeli,
932 4408 1221 4464 dixissent
1272 4406 1326 4462 ei
1359 4424 1423 4461 :«
1461 4407 1775 4463 Dominum
1830 4408 2016 4464 Deum

360 4504 531 4554 tuum
564 4500 763 4554 adora.
800 4498 916 4554 Nos
965 4498 1121 4553 enim
1157 4500 1221 4552 ut
1258 4500 1317 4551 tu
1351 4495 1614 4553 conservi
1662 4512 1872 4553 sumus
1893 4498 1956 4554 α’.
1983 4519 2011 4548 »

358 4588 580 4646 Maced.
615 4587 923 4643 Enimvero
957 4603 1073 4659 qua
1121 4587 1179 4639 in
1212 4602 1272 4641 re
1302 4585 1579 4657 peccabat
1625 4585 1878 4641 adorans
1909 4603 2012 4642 an-

2143 3429 2297 3485 Εἰπέ.
2326 3430 2469 3505 Ὀρθ.
2510 3426 2768 3491 «Ἦλθον
2798 3424 2855 3482 δῖε
2914 3429 2967 3482 οἱ
3025 3425 3122 3484 δύο
3169 3428 3393 3505 ἄγγελοι
3442 3429 3518 3492 εἷς
3570 3428 3797 3505 Σόδομα

2136 3517 2380 3594 ἑσπέρας.
2413 3518 2538 3572 Λὼτ
2570 3515 2627 3571 δὲ
2658 3516 2891 3588 ἐκάθητο
2939 3518 3063 3593 περὶ
3104 3518 3204 3587 τήν
3254 3516 3437 3589 πύλην
3497 3517 3787 3594 Σοδόμων.

2134 3604 2287 3663 Ἰδὼν
2316 3603 2374 3661 δὲ
2403 3607 2548 3675 Λὼτ,
2610 3604 2857 3676 ἐξανέστη
2919 3607 2995 3668 εἱς
3051 3607 3370 3677 συνάντησιν
3427 3608 3637 3679 αὑτοῖς,
3696 3610 3787 3666 καὶ

2130 3694 2529 3772 προσεκύνησεν
2552 3698 2642 3769 ,τῷ
2696 3694 2978 3767 προσώπῳ
3030 3695 3197 3750 αὑτοῦ
3254 3693 3341 3749 ἐπὶ
3380 3697 3480 3765 τήν
3511 3703 3635 3772 γῆν
3696 3699 3788 3755 καὶ

2132 3785 2301 3843 εἶπεν.
2335 3781 2492 3854 Ἰδοὺ,
2542 3783 2745 3859 κύριοι,
2791 3783 3073 3839 έκκλίνατε
3117 3785 3194 3847 εἱς
3223 3785 3313 3839 τὸν
3344 3787 3493 3841 οἷκον
3524 3790 3622 3841 τοῦ
3651 3808 3783 3842 παι-

2132 3870 2225 3936 δὸς
2281 3873 2456 3945 ὑμῶν,
2515 3871 2603 3927 καὶ
2663 3870 2998 3927 καταλύσατε
3052 3875 3192 3947 (18),
3244 3872 3336 3928 καί
3385 3874 3605 3948 νίψασθε
3655 3876 3783 3939 τοὺς

2129 3960 2299 4024 πόδας
2333 3962 2511 4034 ὑμῶν,
2560 3960 2650 4015 καὶ
2709 3959 3076 4037 ὀρθρίσαντε),
3132 3961 3493 4017 ἀπελεύσεσθε
3551 3963 3625 4026 εἰς
3682 3966 3779 4034 τὴν

2131 4048 2253 4107 ὁδὸν
2290 4053 2465 4124 ὑμῶν.
2495 4074 2523 4103 ››
2556 4049 2822 4120 Ἀκούεις,
2854 4048 2937 4104 ὅτι
2982 4049 3382 4125 προσεκύνησεν
3440 4051 3659 4123 αὐτοὺς,
3690 4053 3781 4108 καὶ

2127 4139 2469 4217 κυριολογεῖ,
2529 4140 2613 4195 καὶ
2673 4145 2802 4202 παῖς
2861 4138 2991 4194 εἶναι
3051 4140 3227 4195 αὑτῶν
3271 4139 3579 4216 όμολογεῖ;
3635 4144 3778 4199 Μακ.

2130 4230 2410 4305 Ἐνόμιζεν
2472 4230 2607 4285 εἶναι
2664 4228 2858 4290 αὐτοὺς
2900 4227 3238 4299 ἀνθρώπους,
3270 4229 3360 4285 καὶ
3392 4228 3671 4308 φιλόξενος
3705 4228 3778 4285 ὣν

2126 4318 2530 4396 προσεκύνησεν
2562 4321 2675 4392 (19)
2720 4317 2938 4387 αὐτοὺς,
2997 4318 3086 4372 καὶ
3135 4318 3355 4393 κυρίους
3407 4317 3585 4376 καλεῖ.
3636 4320 3779 4396 Ὀρθ.

2128 4406 2285 4465 Ἀλλ’
2342 4408 2388 4463 εἷ
2435 4410 2570 4478 ἦσαν
2631 4405 2878 4483 ἄγγελοι,
2934 4407 3082 4462 εἶπον
3136 4406 3195 4463 ἂν
3249 4408 3418 4481 αὐτῷ,
3461 4408 3648 4485 Κυρίῳ
3703 4414 3782 4482 τῷ

2128 4499 2244 4571 Θεῷ
2274 4518 2370 4552 σου
2399 4495 2709 4572 προσκύνει·
2742 4499 2905 4570 ἡμεῖς
2931 4498 3036 4573 γάρ
3066 4518 3162 4551 σου
3212 4495 3515 4570 ὁμόδουλοί
3541 4498 3723 4572 ἐσμεν.
3752 4523 3781 4551 ››

2127 4589 2272 4645 Μακ.
2331 4584 2393 4641 Τί
2449 4585 2554 4661 γὰρ
2610 4581 2855 4654 ἠδικεῖτο
2900 4591 3217 4659 προσκυνῶν
3258 4586 3561 4662 ἀγγέλοες;
3623 4589 3775 4664 Ὀρθ.

354 4675 561 4750 gelos?
592 4676 745 4732 Orth.
792 4675 955 4747 Saepe
1004 4673 1196 4729 audivi
1231 4691 1351 4740 vos,
1385 4689 1519 4729 cum
1568 4673 1860 4741 diceretis,
1895 4692 2009 4732 non

2143 4679 2366 4734 Ἠκουσα
2393 4674 2546 4747 ὐμῶν
2608 4673 2881 4749 λεγόντων
2930 4673 3227 4745 πολλάκις,
3273 4672 3357 4731 ὅτι
3402 4677 3465 4731 οὑ
3498 4673 3581 4732 δεῖ
3607 4697 3779 4754 προσ-

356 4782 486 4822 esse
518 4764 884 4821 adorandum
929 4763 1214 4836 Spiritum
1257 4767 1551 4818 sanctum.
1588 4762 1781 4819 Maced.
1814 4764 2014 4837 Neque

356 4855 515 4911 enim
552 4854 637 4910 fas
681 4859 788 4909 est.
816 4851 967 4908 Orth.
991 4853 1110 4908 Cur
1157 4851 1336 4924 igitur
1382 4869 1541 4908 nunc
1570 4852 1750 4908 dicis:
1782 4853 1904 4917 Qua
1952 4854 2013 4910 in

361 4962 423 5001 re
456 4948 695 4999 sanctus
731 4942 874 4998 Loth
909 4941 1203 5014 peccabat,
1228 4942 1480 4997 adorans
1510 4940 1790 5013 angelos?
1814 4943 2009 4999 Maced.

359 5031 488 5090 Non
556 5031 712 5089 enim
780 5049 879 5086 cos
948 5035 1011 5086 ut
1075 5030 1392 5086 Dominum
1460 5034 1641 5085 Deum
1711 5031 2015 5087 adoravit?

358 5121 525 5181 Orth.
561 5121 710 5193 Lege
768 5137 897 5192 qua;
953 5118 1158 5176 ordine
1216 5122 1566 5190 sequuntur.
1618 5119 1813 5175 Maced.
1867 5122 2014 5193 Lege

353 5216 417 5268 tu
470 5211 616 5285 ipse.
651 5210 804 5266 ΟνιΙι.
840 5208 916 5264 lis
948 5225 1079 5281 quae
1131 5206 1506 5263 recitavimus
1558 5207 1807 5278 subjecit
1859 5211 2013 5281 quod

351 5299 645 5374 exceperit
675 5315 774 5355 eos
826 5296 1103 5370 hospitio,
1136 5301 1194 5352 et
1222 5303 1508 5354 venerunt
1539 5294 1645 5350 viri
1694 5295 1804 5352 loci
1854 5298 2012 5356 illius

2122 4770 2298 4821 κυνεῖν
2357 4764 2629 4836 Πνεύματι
2684 4767 2762 4836 τῷ
2818 4764 2974 4840 ἁγίῳ.
3035 4766 3181 4823 Μακ.
3242 4766 3340 4820 Καὶ
3398 4766 3502 4841 γὰρ
3563 4767 3626 4822 οὑ
3676 4763 3778 4823 δεῖ.

2124 4855 2269 4930 Ὀρθ.
2302 4852 2399 4907 Καὶ
2438 4857 2557 4915 πῶς
2607 4857 2697 4908 νῦν
2753 4851 2955 4928 λέγεις·
2989 4853 3056 4910 Τί
3087 4855 3191 4930 γὰρ
3223 4848 3527 4909 ἐϐλάπτετο
3559 4855 3588 4910 6
3619 4856 3778 4929 ἅγιος

2122 4944 2247 4998 Λὼτ
2294 4946 2609 5014 προσνυνῶν
2659 4947 2775 5004 τοῖς
2826 4940 3126 5017 ἀγγέλοις;
3185 4948 3326 4999 Μακ.
3388 4944 3481 5011 Μὴ
3539 4943 3640 5019 γὰρ
3703 4944 3779 5007 ὡς

2123 5032 2307 5108 Κυρίῳ
2357 5036 2437 5104 τῷ
2494 5035 2610 5103 Θεῷ
2668 5037 2963 5108 προσκυνεῖ
3018 5030 3248 5100 αὕτοῖςς
3294 5032 3444 5106 Ὀρθ.
3476 5033 3777 5106 Ἀνάγνωθι

2120 5121 2188 5176 τὰ
2248 5121 2389 5191 ἑξῆς.
2465 5122 2608 5177 Μακ.
2692 5119 2991 5193 ’Δνάγνωθι
3066 5117 3248 5178 αὑτός,
3312 5118 3460 5191 Ὀρθ.
3513 5118 3662 5172 Μετὰ
3710 5118 3779 5171 τὰ

2122 5207 2529 5284 ἀναγνωσθέντα
2600 5206 2864 5285 ἐπιφέρει,
2943 5204 3025 5259 ὅτι
3096 5203 3320 5274 ἐξένισεν
3396 5202 3613 5264 αὐτούς’
3687 5203 3775 5258 καὶ

2122 5297 2293 5368 ἦλθον
2327 5299 2379 5352 οἱ
2432 5293 2616 5371 ἄνδρες
2646 5298 2744 5350 τοῦ
2773 5292 2944 5347 τόπου
2978 5289 3207 5359 έκείνου,
3263 5295 3548 5363 ζητοῦντες
3603 5311 3776 5368 παρα-

422 5509 468 5547 ⁹⁰
495 5507 638 5566 Gen.
670 5523 833 5575 xvm,
866 5504 1053 5563 17-28.
1130 5504 1172 5540 ⁹¹
1206 5501 1350 5561 ibid.
1383 5502 1475 5575 32,
1504 5503 1596 5561 33.
1673 5505 1718 5541 ⁸³
1750 5505 1895 5565 Gen.
1925 5524 2044 5579 xix,
2075 5508 2128 5581 1,
2159 5509 2215 5566 2.
2292 5508 2337 5545 9'
2366 5510 2543 5579 Apoc.
2575 5521 2695 5574 xxx,
2727 5505 2813 5561 10.

428 5699 549 5843 (16(
573 5699 738 5768 Mss.,
770 5694 1174 5760 συναπολέσεις.
1207 5697 1380 5770 Editi,
1412 5693 1802 5773 συναπολέσῃς.

432 5770 526 5843 (17
578 5769 1083 5840 Ραιαιηποιήσεις.

432 5769 549 5843 (17)
578 5769 765 5827 Palat.
775 5813 791 5840 ,
812 5770 1083 5840 ποιήσεις.

2221 5702 2309 5847 18)
2338 5700 2434 5758 Sic
2463 5699 2648 5758 Palat.
2680 5701 2856 5775 Editi,
2885 5698 3277 5768 καταλύσασθε.

2221 5774 2287 5830 19
2339 5773 2508 5847 Mss.,
2540 5771 2883 5847 προσεκύνει.

2220 5771 2307 5847 19)
2339 5773 2508 5847 Mss.,
2540 5771 2883 5852 προσεκύνει.
