4116 6374
333 435 477 495 122i

1298 431 1400 492 DE
1444 432 1750 494 SANCTA
1791 433 2216 496 TBINITA'I‘E
2260 439 2646 503 DlALOGUS
2692 446 2796 506 Ill.

3596 461 3748 522 1222

330 569 565 638 νομῆσαι
598 562 676 626 εἰς
707 561 831 624 τοὺς
862 560 1076 638 ἄνδρας.
1131 563 1228 618 Καὶ
1263 561 1290 617 ὀ
1352 565 1474 618 Λὼτ
1539 565 1632 627 τὰς
1688 565 1980 640 θυγατέρας

2115 570 2291 625 mimo
2326 571 2526 644 flagitii
2580 577 2859 634 adversus
2917 579 3049 638 illos
3108 590 3531 649 committendi.
3598 599 3743 653 Lcth

335 651 514 709 ἐδίδου
548 653 623 714 εἰς
657 647 810 726 ὕϐριν
849 650 1064 725 μᾶλλον
1094 653 1128 721 ἢ
1161 652 1288 714 τοὺς
1317 650 1532 726 ἄνδρας.
1569 655 1664 708 Καὶ
1699 654 1984 727 ἐπιμενόν-

331 764 442 798 των
493 747 602 797 τῶν
649 739 970 814 Σοδομιτῶν
1024 745 1092 815 τῇ
1152 741 1293 814 ἀθέῳ
1339 744 1556 817 γνώμῃ,
1588 743 1900 799 ἐπεσπῶντο
1935 745 1986 798 o't

335 831 560 910 ἄγγελοι
591 832 681 886 τὸν
719 832 840 885 Λὼτ
874 831 947 892 εἷς
980 833 1076 898 τήν
1113 830 1306 902 οἶκίαν,
1341 831 1578 894 ἐκείνους
1635 831 1690 886 δὲ
1732 834 1990 904 ἐπάταξαν

336 922 586 996 ἅορασίᾳ.
649 923 717 978 ἸΙ
777 920 884 995 οὐχ
942 920 1148 987 οῧτως;
1203 923 1348 976 Μακ.
1411 921 1620 984 Οὕτως.
1673 924 1822 998 Ὀρθ.
1885 923 1988 979 Καὶ

337 1014 460 1083 ἑξῆς
490 1011 808 1086 γέγραπταγ
846 1037 871 1061 ι(
907 1009 1078 1063 Εἶπον
1112 1007 1168 1063 δὲ
1197 1010 1248 1064 οἱ
1280 1008 1466 1085 ἄνδρες
1499 1013 1632 1086 πρὸς
1661 1012 1802 1068 Λώτ.
1840 1014 1990 1069 Ἐστι

337 1124 423 1156 σοι
458 1098 565 1156 ὧδε
593 1095 866 1176 γαμϐρὸς,
927 1099 961 1166 ἢ
1013 1099 1145 1165 υἱοὶ,
1279 1101 1599 1174 Θυγατέρες;
1721 1100 1873 1163 εἶ’τές
1907 1123 1989 1156 σοι

338 1190 514 1252 ἄλλος
555 1189 697 1244 ἐστιν
731 1187 784 1242 ἐν
817 1192 884 1262 τῇ
914 1187 1327 1264 πόλει,έξάγαγε
1360 1193 1418 1243 έκ
1446 1194 1542 1244 τοῦ
1572 1192 1743 1245 τόπου
1771 1192 1990 1248 τούτου.

335 1281 462 1338 ’Ότι
493 1277 813 1351 ἀπόλλυμεν
847 1280 1008 1350 ἡμεῖς
1038 1278 1128 1332 τὸν
1152 1278 1321 1332 τόπον
1353 1283 1563 1351 τοῦτον,
1596 1279 1678 1334 ὅτι
1735 1281 1921 1353 ὑψώοη
1956 1283 1991 1350 ἡ

336 1371 546 1446 κραυγή
579 1368 755 1423 αὐτῶν
787 1366 1023 1422 ἐναντίον
1058 1366 1278 1441 Κυρίου,
1310 1368 1398 1422 καὶ
1431 1368 1744 1424 ἀπέστειλεν
1788 1373 1934 1442 ἡμᾶς
1967 1371 1994 1425 6

341 1459 536 1532 Κύριος
569 1458 815 1533 ἐκτρίψαι
840 1456 1030 1528 αὐτήν.
1069 1483 1095 1508 ››

420 1641 500 1694 13⁸
545 1639 692 1693 Μακ.
753 1634 1025 1706 Ἀκούεις,
1081 1634 1164 1689 ὅτι
1223 1634 1594 1711 ὁμολογοῦσιν
1660 1636 1998 1693 ἀπεστάλθαι

342 1727 489 1800 παρᾶ
549 1725 787 1801 Κυρίου;
851 1726 936 1792 Μὴ
994 1723 1146 1778 αὐτοὶ
1208 1725 1394 1800 Κόριοί
1456 1725 1805 1801 εἶ’σιν;ὉρΘ.
1870 1729 1995 1782 Ἐὰν

343 1814 436 1870 οὖν
473 1813 610 1890 λέγῃ
651 1813 702 1869 ἐν
731 1819 845 1875 τοῖς
881 1813 1230 1889 Εὐαγγελίοις
1263 1815 1291 1868 6
1325 1817 1542 1890 Σωτὴρ,
1576 1815 1658 1870 ὅτι
1692 1842 1719 1867 ‹‹
1753 1816 1867 1872 Οὐκ
1898 1817 1998 1870 ἀπ-

343 1903 600 1975 εστάλην,
645 1904 690 1958 εἷ
745 1904 820 1976 μὴ
873 1903 949 1965 εἷς
996 1903 1063 1957 τὰ
1111 1899 1358 1980 πρόϐατα
1387 1906 1453 1958 τὰ
1483 1904 1817 1961 ἀπολωλότα
1846 1906 2000 1961 οἰκου

343 1991 591 2070 Ἰσραήλ·
657 2018 685 2044 ››
742 1993 832 2046 καὶ
891 1990 1167 2068 ἀλλαχοῦ·
1226 2017 1254 2044 ‹‹
1303 1995 1491 2055 Καθὼς
1524 1994 1835 2050 ἀπέστειλέν
1873 2017 1937 2068 με
1968 1996 1996 2050 6

346 2088 452 2153 ζῶν
490 2083 698 2157 Πατὴρ,
729 2083 818 2137 καὶ
851 2083 878 2136 ὁ
910 2081 1128 2156 πέμψας
1165 2104 1230 2154 με
1275 2081 1502 2153 ἐντολήν
1541 2105 1632 2156 μοι
1678 2082 1927 2140 δέδωκενο
1965 2109 1992 2136 »ι

338 2173 395 2226 τί
428 2170 587 2241 εἶ’πω,
621 2173 656 2240 ἢ
689 2170 740 2226 τί
791 2170 1060 2242 λαλήσω;
1121 2171 1314 2245 Οὖκετι
1370 2170 1724 2246 ὁμολογεῖται
1775 2174 1996 2250 Κύριος,

343 2257 535 2328 ἐπειδὴ
568 2259 842 2330 ἀπεστάλη
873 2277 885 2327 ;
921 2261 1067 2315 Μακ.
1102 2259 1203 2315 Καὶ
1265 2261 1292 2312 6
1351 2260 1472 2321 Υἱὸς
1533 2259 1996 2336 ὁμολογουμένως

344 2349 543 2425 Κύριός
593 2349 754 2404 ἐστιν·
816 2349 892 2422 μὴ
945 2348 1033 2403 καὶ
1065 2348 1127 2402 τὸ
1189 2353 1440 2421 11νεῦμα;
1475 2350 1624 2424 Ὀρθ.
1657 2349 1888 2413 Τελείως
1920 2350 1999 2405 ἐν-

341 2441 512 2494 ταῦθα
568 2438 656 2494 καὶ
717 2443 1206 2513 συμπροσκυνεῖται
1255 2439 1346 2492 καὶ
1379 2439 1892 2514 συγκυριολογεῖται
1920 2445 1999 2511 τῷ

348 2531 480 2602 Υἳῷ.
515 2535 656 2585 Max.
689 2525 832 2598 ’Ήδη
863 2528 964 2604 γὰρ
997 2524 1284 2594 δέδεικται,
1318 2527 1401 2582 ὃτι
1450 2529 1573 2590 Υἱὸς
1632 2532 1698 2598 ἦν
1751 2534 1831 2601 τῷ
1874 2531 1998 2584 Λὼτ

349 2621 377 2675 6
411 2617 801 2694 διαλεγόμενος
829 2636 842 2685 ;
876 2619 1025 2694 Ὀρθ.
1060 2616 1430 2693 Μακροθόμει,
1464 2618 1551 2672 καὶ
1606 2618 1997 2695 ὁμολογήσεις.

353 2718 491 2768 Mam.
557 2705 715 2779 Οἶδα,
775 2707 857 2762 ὅτι
917 2711 1179 2782 περισπᾷς
1233 2727 1319 2780 με,
1371 2708 1446 2780 μὴ
1481 2705 1775 2782 δυνάμενος
1807 2709 2000 2777 εἷπεῖν,

350 2804 456 2854 ποῦ
512 2800 810 2874 γέγραπται
870 2797 1000 2859 Θεὸς
1058 2797 1120 2851 τὸ
1169 2801 1406 2868 Πνεῦμα.
1472 2799 1612 2870 Ὀρθ.
1675 2799 1818 2860 Τέως
1865 2804 2001 2872 γνῶ-

354 2910 472 2962 μεν,
504 2887 643 2949 τίνες
672 2889 806 2956 ἦσαν
840 2885 987 2941 οὗτοι
1020 2887 1071 2941 οἱ
1122 2885 1435 2958 φαινόμενοι
1484 2883 1690 2963 ἄνδρες,
1743 2888 1832 2941 καὶ
1880 2890 2004 2943 τότε

353 2978 482 3032 αὐτὸ
507 2977 570 3031 τὸ
604 2980 824 3048 Πνεῦμα
880 2972 1040 3030 δώσει
1090 2977 1306 3029 πάντων
1350 2980 1459 3029 τῶν
1515 2977 1863 3050 ζητουμένων
1901 2979 2003 3046 τήν

350 3067 579 3142 εὕρεσιν.
641 3071 782 3121 Μακ.
835 3065 996 3140 Ἐγὼ,
1057 3065 1131 3126 ὡς
1193 3059 1308 3140 ἔχει
1367 3068 1401 3135 ἡ
1459 3067 1665 3141 Γραφὴ,
1745 3065 2005 3142 ἀγγέλους

351 3155 516 3232 λέγω.
576 3156 726 3231 Ὀρθ.
783 3154 944 3228 Κάγὼ
992 3152 1261 3229 ἀγγέλους
1308 3155 1398 3209 καὶ
1448 3152 1644 3230 ἄνδρας
1676 3153 1845 3231 λέγω
1881 3156 2006 3212 ἀλλ’

355 3244 537 3319 ὥσπερ
568 3242 701 3304 τέως
753 3241 1119 3317 ὡμολόγηται
1149 3245 1308 3314 ἡμῖν,
1342 3243 1424 3297 ὃτι
1459 3245 1532 3304 εἷς
1579 3249 1686 3298 τῶν
1720 3251 1885 3320 τριῶν
1917 3245 2006 3300 ἀν-

2098 676 2230 715 vcro
2265 662 2436 729 tilias,
2471 666 2666 734 potius
2700 684 2877 737 quam
2911 671 3065 729 viros
3096 675 3246 747 illos,
3280 682 3558 741 oll'erebat
3590 687 3746 758 ipso-

2099 767 2226 804 rum
2257 753 2643 810 contumeliae.
2677 761 2936 830 Cumque
2980 776 3386 832 permanerent
3448 773 3505 827 in
3570 753 3750 848 impia

2097 837 2200 892 illa
2257 843 2545 896 sententia
2600 845 2931 914 Sodomita},
2967 856 3329 911 retraxerunt
3363 860 3606 917 Lothum
3641 837 3746 920 an-

2099 926 2212 997 geli
2259 928 2521 1001 domum,
2595 933 2723 987 illos
2792 952 2921 990 vero
2989 943 3243 999 caecitate
3308 960 3747 1022 percusserunt,

2101 1032 2290 1071 annon
2325 1017 2404 1072 ita
2437 1021 2718 1092 scriptum
2753 1026 2887 1079 est?
2918 1029 3124 1086 illacerl.
3180 1035 3262 1088 lta
3315 1017 3468 1093 ΟνιΙι.
3534 1017 3750 1100 Deinde

2102 1105 2387 1178 scriptum
2438 1113 2526 1164 est
2560 1126 2570 1163 :
2609 1135 2634 1159 α
2670 1112 2946 1170 Dixerunt
2979 1125 3170 1175 autem
3206 1125 3275 1177 ad
3315 1128 3452 1182 Loth
3486 1131 3587 1186 viri
3622 1133 3703 1188 illi
3737 1153 3750 1189 :

2106 1194 2276 1293 Estne
2303 1197 2416 1293 tibi
2441 1213 2637 1293 gener,
2671 1201 2927 1293 velﬁlii,
2992 1207 3077 1262 vel
3131 1210 3308 1267 ﬁliae?
3365 1223 3465 1272 aut
3518 1221 3565 1274 si
3623 1223 3756 1293 quis

2104 1283 2254 1337 alius
2315 1285 2418 1340 tibi
2473 1293 2562 1342 est
2609 1290 2660 1343 in
2698 1291 2860 1362 urbe,
2893 1295 3040 1351 educ
3071 1315 3201 1354 eum
3240 1319 3308 1358 ex
3339 1304 3447 1360 hoc
3482 1283 3763 1368 luce-Su-

2106 1389 2239 1428 mus
2269 1375 2425 1429 onim
2461 1376 2595 1431 huic
2626 1377 2819 1435 locum
2855 1383 3515 1464 destructuri,quoniam
3543 1398 3769 1456 clamor

2105 1477 2302 1517 eorum
2340 1463 2610 1520 sublatus
2641 1473 2730 1522 est
2760 1488 2951 1526 coram
3018 1463 3279 1548 Domino,
3330 1495 3386 1538 et
3439 1487 3602 1543 misit
3660 1507 3767 1547 nos

2108 1553 2414 1619 Dominus,
2449 1559 2511 1608 ut
2543 1555 2692 1612 hanc
2727 1561 2929 1616 urbem
2965 1564 3266 1625 deleamus
3291 1572 3354 1626 ⁸⁸.
3388 1596 3414 1622 ››

2181 1642 2265 1695 13.
2322 1642 2520 1699 Μαί-δά.
2580 1647 2754 1703 Audis
2812 1650 2971 1722 ipsos
3029 1656 3191 1712 fateri
3239 1677 3299 1715 se
3334 1663 3544 1721 missos
3577 1684 3765 1727 essea

2109 1729 2402 1786 Domino?
2448 1751 2586 1788 num
2637 1736 2810 1807 igitur
2871 1741 2980 1812 ipsi
3049 1752 3187 1801 sunt
3254 1750 3540 1810 Domini?
3607 1757 3757 1814 Orth.

2109 1823 2252 1874 Cum
2314 1822 2494 1894 igitur
2546 1825 2701 1880 dicat
2753 1828 2810 1882 in
2869 1831 3198 1904 Evangeliis
3231 1838 3537 1900 Salvator:
3575 1869 3600 1896 α
3635 1848 3762 1905 Non

2110 1927 2242 1964 sum
2275 1912 2511 1979 missus,
2546 1915 2658 1968 nisi
2705 1919 2774 1972 ad
2831 1936 2962 1976 oves
3021 1940 3146 1994 qua:
3205 1928 3505 1999 perierunt
3553 1937 3765 1995 domus

2113 2000 2287 2054 Israel
2322 2001 2404 2056 9“z
2442 2025 2468 2051 ι)
2512 2011 2559 2058 el
2625 2005 2764 2061 alibi
2825 2025 2836 2062 :
2899 2033 2925 2059 «
2987 2013 3145 2069 Sicut
3203 2018 3362 2074 misit
3419 2039 3509 2078 me
3566 2027 3766 2085 vivens

2107 2088 2390 2184 Patrem-et
2421 2094 2519 2162 qui
2556 2094 2715 2150 misit
2748 2115 2860 2164 me,
2891 2105 3235 2160 mandatum
3273 2109 3430 2166 dedit
3462 2114 3604 2168 mihi
3635 2118 3709 2184 9°;
3734 2139 3762 2167 ››

2110 2177 2250 2248 quid
2285 2178 2498 2272 dicam,
2533 2186 2633 2235 aut
2681 2186 2818 2255 quid
2880 2185 3129 2259 loquar?
3185 2195 3270 2250 An
3332 2200 3588 2272 amplius
3649 2177 3764 2262 non

2110 2267 2447 2336 agnoscitur
2507 2287 2634 2326 esse
2688 2274 2989 2344 Dominus,
3019 2282 3116 2350 qui
3153 2285 3373 2342 missus
3400 2267 3531 2344 est?
3560 2292 3759 2349 Maced.

2112 2354 2292 2410 Filius
2339 2373 2574 2430 quoque
2623 2361 2750 2416 sine
2815 2371 3210 2426 controversia
3279 2379 3558 2436 Dominus
3623 2387 3760 2439 est:

2111 2461 2251 2499 num
2304 2463 2439 2502 vero
2491 2449 2665 2504 etiam
2726 2453 3025 2524 Spiritus?
3077 2459 3226 2517 Orth.
3286 2465 3529 2525 Prorsus
3560 2471 3655 2526 hic
3686 2472 3768 2528 si-

2113 2712 2294 2768 fuisse
2335 2732 2492 2782 eum,
2553 2719 2648 2788 qui
2714 2721 2848 2776 Loth
2912 2723 3368 2798 alloquebatur?
3427 2736 3576 2794 Orth.
3634 2742 3770 2798 Ani-

2115 2818 2277 2857 mum
2312 2804 2536 2872 cohibe,
2564 2813 2617 2861 et
2650 2809 2939 2867 fateberis.
2978 2816 3174 2872 Muced.
3201 2823 3318 2876 Hoc
3351 2827 3589 2895 quidem
3624 2831 3768 2898 scio,

2115 2893 2269 2964 quod
2305 2909 2396 2948 me
2426 2895 2816 2970 circumagas,
2849 2917 2980 2957 cum
3017 2921 3129 2960 non
3175 2893 3384 2979 possis
3424 2916 3615 2974 dicere
3668 2893 3768 2977 ubi

2115 2980 2398 3054 scriptum
2455 2985 2531 3040 sit
2587 3002 2598 3042 :
2659 2988 2912 3060 Spiritus
2969 3001 3058 3049 est
3096 2996 3271 3054 Deus.
3317 3001 3468 3059 Orth.
3501 3007 3765 3068 Primum

2115 3071 2384 3170 sciamus
2407 3074 2646 3144 quinam
2683 3078 2947 3136 homines
2981 3083 3322 3161 fuerint,qui
3348 3107 3768 3170 apparuerunt,

2117 3168 2167 3215 et
2204 3164 2342 3258 tunc
2370 3161 2776 3259 ipse-Spiritus
2836 3175 3074 3226 sanctus
3133 3175 3297 3231 dabit
3352 3161 3440 3236 ut-
3475 3161 3768 3259 quidquid

2119 3252 2440 3320 quaerimus
2501 3252 2886 3312 inveniamus.
2923 3259 3118 3317 Maced.
3154 3265 3290 3336 Ego,
3327 3274 3390 3324 ut
3421 3252 3594 3329 habet
3621 3252 3770 3333 Scri-

359 3330 501 3407 δρῶν
534 3332 727 3408 Κύριος
760 3333 788 3386 6
820 3333 972 3404 Θεὸς,
1007 3331 1181 3393 οὕτως
1209 3335 1244 3401 ἡ
1297 3330 1527 3405 ἐξέτασις
1557 3333 1771 3408 εὑρήσει
1835 3335 1924 3389 καὶ
1956 3337 2001 3389 οἳ

2123 3344 2316 3433 ptura,
2349 3342 2588 3433 angelos
2621 3346 2768 3399 dico.
2809 3347 2960 3402 Orth.
2994 3351 3111 3422 Ego
3145 3325 3288 3411 vero,
3307 3365 3362 3412 et
3421 3325 3775 3433 angelo—Suet

363 3419 458 3476 δύο
489 3422 624 3484 τίνες
688 3424 847 3491 ἦσαν.
908 3423 1053 3478 Μακ.
1105 3421 1238 3475 Εἰπὲ
1271 3421 1325 3476 τί
1360 3422 1533 3485 θέλεις
1565 3424 1699 3497 (20),
1734 3425 1880 3499 Ὀρθ.
1938 3426 2011 3480 Τὰ

361 3512 482 3582 ἑξῆς
527 3512 914 3586 ἀναγινώσκω;
968 3513 1111 3568 Μακ.
1166 3510 1480 3586 Ἀνάγνωθι.
1532 3513 1682 3588 Ὀρθ.
1749 3539 1774 3565 ‹‹
1825 3514 2014 3570 ἹΙνίκα

361 3598 420 3656 δὲ
446 3597 640 3678 ὄρθρος
671 3599 900 3677 ἐγένετο,
933 3597 1330 3670 ἐπεσπούὸαζον
1365 3602 1416 3655 οἱ
1449 3600 1674 3678 ἄγγελοι
1713 3603 1805 3657 τὸν
1863 3605 2009 3675 Λὼτ,

359 3690 632 3766 λέγοντες·
669 3690 926 3752 Ἀναστὰς
961 3684 1094 3744 λαϐὲ
1123 3692 1221 3759 τήν
1251 3690 1477 3764 γυναῖκά
1524 3713 1618 3747 σου
1649 3694 1737 3747 καὶ
1789 3694 1884 3755 τὰς
1915 3691 2011 3760 δύᾳ

358 3781 676 3855 θυγατέρας,
736 3778 798 3840 ἃς
855 3775 1026 3854 ἔχεις,
1073 3779 1161 3833 καὶ
1210 3778 1409 3850 ἔξελθε,
1456 3779 1548 3834 ’ἕνα
1595 3783 1671 3854 μὴ
1730 3781 2008 3858 συιαπόλῃ

357 3875 483 3932 ταῖς
543 3867 796 3942 ἀνομίαις
853 3875 952 3937 τῆς
1009 3867 1247 3931 πόλεως.
1310 3869 1405 3922 Καὶ
1469 3868 1864 3946 ἐταράχθησαν,
1923 3871 2012 3926 καί

356 3958 656 4033 ἐκράτησαν
691 3959 741 4012 οἱ
776 3955 994 4034 ἄγγελοι
1024 3961 1124 4026 τῆς
1155 3959 1341 4033 χειρὸς
1398 3959 1583 4026 αὐτοῦ,
1623 3960 1713 4014 καὶ
1744 3968 1842 4030 τῆς
1892 3981 2013 4036 χει-

358 4050 451 4124 ρὸς
482 4055 582 4118 τῆς
614 4047 863 4124 γυναικὸς
893 4047 1078 4116 αὐτοῦ,
1107 4047 1197 4101 καὶ
1227 4052 1332 4101 τῶν
1362 4052 1564 4123 χειρῶν
1605 4053 1710 4102 τῶν
1765 4047 1860 4104 δύο
1919 4053 2011 4105 Θυ-

353 4137 592 4212 γατέρων
651 4136 838 4204 αὐτοῦ,
897 4135 948 4190 ἐν
1002 4141 1082 4208 τῷ
1127 4136 1402 4213 φείσασθαι
1437 4137 1632 4211 Κύριον
1665 4138 1848 4194 αὐτ-οὖ.
1912 4140 2010 4194 Καὶ

355 4225 562 4300 ἐγένετο
607 4226 771 4294 ἡνίκα
821 4224 1080 4301 ἐξήγαγον
1133 4225 1325 4286 αὐτοὺς
1373 4224 1494 4298 ἔξω,
1536 4227 1624 4280 καὶ
1653 4227 1822 4282 εἶπον.
1862 4232 2012 4298 Σωζε

353 4315 454 4382 τὴν
484 4315 676 4370 ἑαυτοῦ
722 4314 932 4388 ψυχὴν,
972 4313 1061 4367 καὶ
1115 4313 1190 4385 μὴ
1241 4309 1548 4388 περιϐλέψῃ
1584 4313 1659 4376 εἷς
1689 4317 1756 4369 τὰ
1807 4317 2008 4384 ἁπίσω,

358 4401 500 4477 μηδὲ
526 4408 654 4478 στῇς
689 4402 747 4459 ἐν
774 4404 918 4477 πάσῃ
945 4405 1013 4476 τῇ
1045 4403 1369 4478 περιχώρῳ.
1419 4403 1509 4465 Εἰς
1541 4405 1603 4458 τὸ
1652 4400 1777 4479 ὅρος
1809 4406 2008 4475 σώζου,

359 4495 434 4565 μή
468 4514 601 4548 ποτε
632 4490 1133 4568 συμπαραληφοῇς.
1169 4492 1302 4548 Eine
1347 4488 1403 4546 δὲ
1452 4493 1577 4547 Λὼτ
1633 4494 1768 4566 πρὸς
1825 4493 2006 4549 αὐτόν’

354 4581 576 4655 Δέομαι,
615 4583 795 4656 Κύριε,
829 4578 1018 4648 ἐπειδὴ
1054 4579 1200 4655 εὗρεν
1245 4582 1272 4634 ὁ
1318 4587 1446 4643 παῖς
1498 4603 1594 4637 σου
1648 4579 1800 4645 ἔλεος
1859 4583 2010 4639 ἐναν-

349 4671 468 4726 τίον
502 4693 618 4740 σου,
652 4671 742 4726 καὶ
775 4667 1109 4746 ἐμεγάλυνας
1127 4671 1226 4738 τὴν
1252 4667 1598 4741 δικαιοσύνην
1624 4693 1742 4742 σου,
1772 4671 1803 4726 ὅ
1833 4679 2009 4736 ποιεῖς

353 4760 435 4814 ἐπ’
466 4760 586 4834 ἐμὲ,
617 4765 718 4815 τοῦ
752 4764 846 4833 ζῇν
876 4760 974 4827 τὴν
1001 4761 1185 4834 ψυχήν
1244 4779 1370 4831 μου.
1432 4760 1569 4834 Ἐγὼ
1625 4758 1682 4815 δὲ
1739 4761 1802 4816 οὐ
1844 4760 2004 4833 δυνή-

314 4873 320 4878 ·
352 4871 514 4922 σομαι
551 4852 795 4919 σωθῆναι
826 4849 900 4911 εἰς
952 4849 1014 4902 τὸ
1045 4843 1191 4922 ὅρος,
1246 4849 1319 4920 μή
1354 4869 1486 4902 ποτε
1523 4845 1804 4924 μεταλάϐῃ
1851 4873 1917 4924 με
1940 4853 2009 4906 τὰ

347 4941 488 4994 κακὰ
543 4937 631 4994 καί
681 4939 954 4994 ἀποθάνω.
1013 4935 1151 4994 Ἰδοὺ
1209 4940 1243 5007 ἡ
1290 4936 1453 4997 πόλις
1508 4937 1640 5008 αὕτη
1678 4937 1854 5014 ἐγγὺς,
1908 4945 2006 4994 τοῦ

349 5033 706 5106 κασαφρυγεῖν
743 5048 811 5100 με
841 5025 970 5097 ἰκεῖ,
1002 5026 1036 5095 ἣ
1093 5024 1203 5080 ἐστι
1239 5025 1427 5100 μικρά.
1482 5030 1625 5081 Ἐκεῖ
1656 5030 2003 5100 σωθήσομαι.

349 5118 428 5174 Οὐ
486 5119 653 5194 μικρά
708 5117 856 5186 ἐστι;
917 5115 1006 5169 καὶ
1059 5116 1340 5184 ζήσεταιὴ
1393 5117 1546 5191 ψυχή
1585 5137 1711 5188 μου.
1747 5141 1776 5168 ››
1809 5117 2006 5173 Ἀκού-

349 5227 450 5276 εις,
511 5206 555 5261 si
587 5207 700 5260 ὦτα
753 5202 919 5280 ἔχεις,
979 5202 1084 5273 ὅτι,
1145 5203 1306 5278 γνοὺς
1365 5203 1538 5258 αὐτῶν
1584 5207 1684 5275 τήν
1714 5207 2008 5277 κοινότητα

345 5295 435 5349 καὶ
468 5296 718 5365 ἑνότητα,
768 5293 1088 5368 προσπεσὼν
1141 5293 1326 5355 αὐτοῖς
1369 5293 1538 5349 εἶπεν
1580 5320 1606 5347 ‹‹
1642 5296 1864 5369 Δέομαι,
1901 5297 2003 5350 Κύ-

349 5405 452 5461 ριε,
486 5408 513 5436 υ
545 5384 698 5459 οὐχὶ,
732 5383 940 5457 Κύριοι.
974 5378 1125 5451 ᾟδει
1157 5382 1282 5457 γὰρ,
1317 5382 1399 5437 ὅτι
1419 5381 1598 5446 οὐδεὶς
1630 5381 1848 5440 δύναται
1884 5383 2003 5440 δυσὶ

423 5581 466 5615 ⁹⁴
495 5580 638 5647 Gen,
670 5595 788 5652 xxx,
821 5579 910 5646 12,
945 5579 1029 5634 13.
1106 5578 1150 5613 ⁸⁵
1179 5577 1388 5636 Matth.
1420 5597 1513 5649 xv,
1543 5582 1634 5638 24.

429 5782 540 5856 (20)
570 5782 721 5839 Edit.
754 5782 981 5856 Steph.,
1013 5780 1067 5838 τί
1095 5777 1300 5858 λέγεις.

1711 5581 1758 5618 οδ
1779 5583 1948 5640 Joan.
1979 5599 2084 5654 xu,
2118 5584 2207 5639 49.

2121 3428 2274 3482 viros
2334 3429 2460 3486 dico
2508 3449 2520 3486 :
2570 3434 2692 3502 sed,
2728 3440 2789 3490 ut
2820 3446 2990 3494 antea
3021 3442 3172 3497 inter
3203 3462 3309 3502 nos
3340 3428 3772 3527 consensimus,

2122 3533 2302 3572 unum
2337 3517 2582 3575 istorum
2615 3524 2792 3578 trium
2826 3526 3004 3584 fuisse
3052 3533 3365 3592 Dominum
3424 3538 3629 3610 Deum,
3692 3517 3774 3602 ita

2120 3604 2292 3660 etiam
2352 3614 2552 3662 exacta
2605 3614 3090 3687 pervestigatione
3148 3620 3479 3682 invenietur
3524 3604 3768 3702 quinam

2121 3695 2298 3786 etiam
2358 3697 2452 3751 isti
2503 3699 2618 3755 duo
2677 3700 2907 3759 fuerint.
2941 3707 3141 3766 Maccd.
3175 3711 3278 3768 Dic
3305 3718 3459 3786 quod
3494 3695 3765 3780 volueris.

2123 3785 2277 3884 ρνιζι.
2337 3786 2548 3884 Legam
2608 3802 3272 3884 quiaconsequuntur?
3331 3785 3534 3863 Maced.
3602 3817 3769 3884 Lege.

2123 3873 2272 3976 (ir-th.
2300 3898 2334 3976 ii
2370 3880 2664 3976 Ortovero
2697 3880 2956 3938 diluculo
3015 3891 3302 3958 urgebant
3363 3896 3499 3951 Loth
3557 3873 3773 3976 angEIi,

2123 3963 2382 4019 dicentes
2447 3984 2458 4020 :
2519 3967 2699 4040 Surge
2747 3977 2801 4024 et
2830 3975 3024 4045 accipe
3060 3995 3296 4035 uxorem
3326 3988 3510 4058 tuam,
3544 3996 3599 4045 et
3629 3963 3778 4050 duas

2123 4050 2292 4116 ﬁlias,
2331 4069 2478 4122 quas
2512 4055 2713 4127 babes,
2747 4065 2802 4111 et
2833 4063 3125 4135 egredere,
3160 4083 3231 4122 ne
3263 4086 3379 4126 una
3432 4050 3564 4132 cu'm
3616 4081 3781 4137 urbis

2122 4139 2441 4238 sceleribus
2474 4160 2695 4238 pereas.
2737 4148 2848 4217 lpsi
2872 4167 3002 4206 vero
3036 4156 3254 4212 turbati
3285 4168 3779 4238 sunt,apprehen-

2121 4229 2449 4300 deruntque
2482 4233 2672 4304 angeli
2710 4252 2948 4292 manum
2985 4243 3132 4311 ejus,
3166 4249 3223 4300 et
3281 4229 3548 4310 manum-
3584 4261 3778 4317 uxoris

2120 4317 2272 4388 ejus,
2301 4329 2365 4412 et
2399 4336 2609 4376 manus
2641 4324 2890 4381 duarum
2924 4328 3174 4388 ﬁliarum
3206 4337 3356 4409 ejus,
3390 4347 3545 4412 quod
3580 4351 3774 4405 Domi-

2122 4425 2233 4462 nus
2265 4408 2316 4462 ei
2347 4413 2698 4480 parceret.Et
2732 4415 2945 4472 tactum
2983 4425 3071 4474 est
3100 4438 3232 4479 cum
3279 4408 3620 4490 eduaissent
3676 4457 3776 4497 eos

2121 4496 2282 4564 foris,
2316 4497 2587 4554 dixerunt
2622 4519 2633 4556 :
2668 4509 2836 4559 Serva
2867 4512 3023 4565 tuati.
3060 4509 3245 4581 ipsius
3279 4518 3560 4588 animam,
3587 4542 3776 4598 neque

2126 4587 2350 4658 respice
2379 4605 2412 4642 a
2444 4593 2628 4661 tergo,
2664 4609 2851 4664 neque
2884 4599 3140 4655 consiste
3207 4603 3264 4660 in
3325 4587 3779 4684 circumjeceiite

2040 4698 2087 4762 Β
2123 4679 2354 4748 regione
2385 4695 2396 4733 :
2432 4679 2629 4736 salvus
2659 4689 2782 4738 esto
2814 4685 2869 4738 in
2905 4695 3201 4761 monte-,ne
3233 4695 3410 4752 simul
3443 4679 3774 4764 involvaris.

2121 4765 2344 4863 Lotbus
2375 4785 2507 4863 vero
2541 4770 2685 4863 dixit
2732 4773 2780 4827 ei
2819 4774 3132 4850 :Obsecro,
3183 4782 3448 4856 Domine,
3511 4798 3777 4863 quando-

2117 4856 2355 4926 quidem
2388 4858 2608 4914 invenit
2642 4877 2842 4917 servus
2866 4869 3003 4921 tuus
3028 4869 3489 4934 misericordiam
3517 4856 3670 4954 apud
3696 4891 3772 4956 te,

2117 4949 2174 4997 et
2206 4947 2594 5016 magnificasti
2622 4951 2914 5019 justitiam
2947 4961 3131 5028 tuam,
3165 4977 3342 5030 quam
3379 4968 3518 5024 facis
3551 4947 3608 5027 in
3655 4947 3770 5048 me,

2119 5039 2183 5087 ut
2239 5035 2394 5089 vivat
2449 5037 2648 5093 anima
2708 5057 2853 5096 mea.
2920 5050 3030 5114 ligo
3063 5053 3260 5105 autem
3295 5069 3408 5110 non
3439 5075 3680 5127 possum
3711 5035 3772 5122 id

2121 5127 2317 5177 monte
2351 5126 2591 5193 servari,
2625 5145 2696 5182 ne
2727 5132 3226 5202 comprehendant
3258 5157 3349 5196 me
3385 5126 3533 5202 mala
3565 5158 3621 5206 et
3651 5170 3776 5224 per-

2118 5227 2269 5266 eam.
2306 5212 2444 5268 Ecce
2489 5214 2606 5268 bze'c
2668 5220 2806 5274 urbs
2866 5237 3063 5292 prepe,
3127 5232 3188 5280 ut
3241 5227 3381 5287 illuc
3438 5212 3774 5313 confugiam

2121 5317 2295 5394 parva
2351 5303 2615 5394 ρει-11110
2646 5310 2943 5362 servabor.
2978 5311 3252 5384 Nunquid
3289 5335 3402 5376 non
3435 5303 3779 5394 parvavest?

2119 5393 2176 5444 et
2205 5389 2358 5445 vivet
2387 5391 2584 5448 anima
2616 5409 2749 5451 mea
2779 5395 2841 5451 97.
2890 5419 2920 5446 »
2976 5402 3180 5470 Audis,
3241 5407 3290 5462 si
3343 5389 3514 5470 aures
3569 5416 3777 5496 habes,

2283 5585 2325 5620 '7
2357 5585 2503 5644 Gen.
2533 5605 2652 5658 xix,
2685 5589 2874 5646 45-20.
