4116 6358
379 418 534 478 1223

1539 411 1598 473 S.
1647 403 2168 471 ATHANASIUS.
2202 440 2279 451 —
2318 404 2630 470 SPURIA.

3647 407 3806 470 1224

379 552 540 618 Loth,
575 567 708 605 cum
741 552 940 604 nosset
970 563 1168 602 eorum
1205 545 1675 600 communionem
1725 549 1773 600 et
1840 543 2022 596 unita

2266 539 2274 556 Ι
2400 537 2423 556 ’κ
2576 540 2586 557 Ι
2733 535 2786 554 λι
2900 539 2909 558 1
3151 536 3160 554 ν
3386 537 3401 556 κ
3565 543 3590 552 -ι
3764 540 3773 556 Ι

2153 559 2360 614 κυριοις
2395 537 2694 592 οουλευεινο
2729 557 2824 592 ουο
2860 535 2917 592 δε
2950 536 3100 605 εἰσιν,
3129 540 3217 592 ὅτε
3274 539 3302 592 6
3347 557 3440 610 μεν
3497 559 3660 593 τουτο
3722 541 3802 594 Θε-

381 648 516 707 tem,
576 639 857 694 accidisse
906 637 976 692 ad
1011 653 1210 691 eorum
1251 636 1448 706 pedes,
1473 638 1530 688 et
1559 633 1776 688 dixisse
1811 651 1823 687 ε
1858 655 1884 681 ‹‹
1921 631 2031 686 Ob-

379 747 561 794 secro,
595 728 860 793 Domine,
897 748 923 775 »
955 743 1094 793 non,
1127 724 1379 780 Domini.
1407 723 1633 778 Sciebat
1663 723 1818 777 enim
1855 720 2036 776 nemi-

379 836 510 875 nem
577 834 747 890 posse
816 815 1049 871 duobus
1118 814 1375 869 dominis
1405 813 1639 868 servire.
1705 813 1829 867 Duo
1897 814 2037 866 sunt

379 914 596 974 autem,
656 924 790 961 cum
849 921 1005 960 unus
1062 904 1300 976 quidem
1353 903 1482 969 hoc,
1516 906 1663 957 alter
1702 903 1858 956 istud
1890 899 2032 955 vult.

377 998 478 1054 Dic
510 996 689 1069 igitur
717 1000 774 1051 et
805 1000 866 1050 tu
901 995 1042 1049 Filio
1074 1010 1140 1048 ac
1202 992 1449 1065 Spiritui
1512 1009 1524 1048 :
1587 991 1862 1058 Obsecro,
1922 990 2033 1045 Do-

378 1087 556 1153 mine,
617 1084 1093 1157 quandoquidem
1159 1081 1626 1137 misericordiam
1688 1086 1897 1135 nactus
1948 1083 2037 1134 est

375 1192 578 1232 servus
614 1179 750 1229 tuus
781 1173 936 1244 apud
964 1177 1040 1237 te,
1076 1189 1213 1242 non,
1249 1172 1412 1243 Apud
1447 1189 1567 1236 vos,
1604 1187 1674 1226 ne
1705 1169 2034 1225 dominium

373 1262 771 1320 dividas.Nam
801 1261 847 1317 si
883 1262 982 1333 qui
1015 1261 1271 1315 adhzeret
1304 1260 1606 1330 Deo,unus
1636 1263 1725 1314 est
1767 1258 2032 1330 spiritus,

375 1353 667 1426 quomodo
698 1350 952 1423 separari
989 1351 1175 1420 possit
1201 1348 1452 1419 Spiritus
1484 1349 1557 1404 ah
1589 1366 1676 1416 eo,
1703 1349 1803 1419 qui
1836 1347 2032 1419 ipsum

374 1440 754 1514 suppeditat?
812 1438 1028 1494 Maced.
1089 1437 1318 1493 Scilicet
1363 1439 1490 1509 jam
1552 1438 1863 1510 probatum
1920 1441 2031 1502 est,

373 1531 614 1603 angelos
663 1529 796 1584 illos
841 1528 1023 1582 fuisse
1090 1527 1300 1582 Filium
1373 1531 1430 1582 et
1495 1527 1804 1598 Spiritum.
1878 1526 2029 1583 Orth.

377 1621 528 1675 Dixit
579 1635 716 1691 ergo
773 1617 1015 1672 sanctus
1078 1616 1220 1671 Loth
1284 1616 1354 1671 iis
1414 1616 1515 1687 qui
1570 1615 1761 1687 angeli
1824 1619 2030 1670 natura

370 1713 538 1767 erant
569 1727 581 1765 :
617 1730 644 1757 ‹‹
678 1707 948 1776 Obsecro,
983 1706 1247 1772 Domine,
1297 1705 1774 1776 quandoquidem
1827 1720 2027 1759 servus

369 1805 509 1855 tuus
567 1795 789 1852 invenit
841 1781 1301 1850 misericordiam
1359 1794 1510 1865 apud
1565 1798 1642 1858 te,
1673 1799 1730 1848 et
1764 1793 2029 1864 magniﬁ-

369 1888 512 1943 casti
533 1885 831 1958 justitiam
864 1889 1050 1946 tuam,
1085 1900 1260 1954 quam
1298 1883 1438 1937 facis
1468 1899 1605 1954 erga
1636 1899 1749 1948 me,
1783 1887 1848 1937 ut
1878 1883 2030 1937 vivat

372 1977 570 2032 anima
601 1991 748 2030 mea.
788 1995 815 2022 »
870 1971 1077 2029 Maced.
1137 1973 1290 2027 Sane
1347 1973 1605 2043 quidem.
1668 1972 1819 2028 Orth.
1874 1971 2022 2026 Audi

369 2066 551 2139 igitur
607 2068 902 2136 prazterea,
963 2079 1090 2133 quee
1151 2066 1523 2132 sequuntur:
1561 2084 1587 2110 «
1626 2061 1689 2116 Et
1719 2061 1864 2115 dixit
1895 2061 1969 2125 ei,
1995 2081 2022 2109 »

370 2159 503 2226 (non
536 2152 796 2225 amplius
827 2151 988 2215 dicit,
1026 2150 1252 2221 Angeli,
1286 2151 1385 2205 sed
1420 2150 1468 2205 is
1499 2149 1788 2214 videlicet,
1848 2166 2022 2221 quem

372 2243 682 2300 Dominum
744 2240 1047 2314 professus
1097 2243 1266 2308 erat),
1302 2261 1329 2287 «
1365 2239 1502 2294 Ecce
1534 2239 1860 2294 admiratus
1890 2255 2022 2294 sum

369 2333 576 2389 faciem
609 2337 770 2386 tuam
806 2334 872 2384 ut
903 2345 1016 2384 non
1051 2329 1384 2382 subvertam
1423 2328 1651 2393 urbem,
1685 2328 1753 2382 de
1787 2344 1904 2398 qua
1936 2328 2022 2382 lo-

369 2427 540 2478 cutus
571 2437 653 2476 es.
690 2419 942 2490 Propera
999 2416 1201 2489 igitur,
1262 2421 1325 2470 ut
1384 2415 1523 2470 illuc
1582 2417 1848 2472 serveris.
1908 2417 2024 2472 Nec

366 2513 522 2567 enim
556 2514 756 2582 potero
785 2507 1110 2578 quidquam
1143 2521 1337 2578 agere,
1369 2505 1553 2560 donec
1584 2521 1650 2561 eo
1683 2507 1765 2561 sis
1797 2505 2021 2577 ingres-

367 2618 471 2656 sus
493 2601 556 2654 ⁸⁸.
595 2622 613 2647 ι
651 2598 848 2667 Neque
896 2595 1040 2649 dixit
1099 2611 1111 2650 :
1173 2594 1298 2649 Non
1356 2595 1698 2666 poterimus,
1755 2595 2024 2666 quamvis

364 2688 532 2743 initio
557 2686 842 2742 dixissent
875 2700 888 2738 :
923 2683 1069 2748 Quia
1099 2683 1424 2738 delebimus
1456 2683 1603 2738 hanc
1637 2683 1862 2752 urbem,
1889 2700 2022 2738 cum

2146 626 2252 696 λει,
2289 629 2316 682 ὁ
2349 626 2407 682 δὲ
2433 631 2617 683 τοῦτο.
2655 627 2786 682 Εἰπὲ
2819 625 2912 682 οὗν
2945 627 3034 682 καὶ
3076 626 3235 689 αὐτὸς
3268 627 3378 698 Υἱῴ
3408 626 3499 681 καὶ
3526 633 3608 699 τῷ
3637 628 3806 682 Ilvati-

2149 737 2294 789 ματι·
2333 720 2555 789 Δέομαι,
2590 717 2772 792 Κύριε,
2801 714 2987 785 ἐπειδὴ
3023 716 3172 792 εὗρεν
3221 716 3250 770 ὁ
3302 723 3428 778 παῖς
3489 737 3586 771 σου
3645 715 3802 781 ἔλεος

2146 804 2384 860 ἐναντίον
2419 827 2535 874 σου,
2572 806 2689 877 οὑκ,
2724 802 2992 860 Ἐναντίον
3025 806 3196 877 ὑμῶν,
3254 806 3339 860 ἰνα
3372 807 3448 878 μὴ
3491 803 3674 880 διέλῃς
3698 817 3801 877 τὴν

2144 894 2461 970 κυριότητα.
2496 894 2558 949 Εἰ
2589 893 2688 970 γὰρ
2722 897 2749 949 6
2781 893 3142 968 κολλώμενος
3166 893 3246 967 τῷ
3299 898 3415 965 Θεῷ
3472 891 3528 949 ἓν
3587 897 3804 968 πνεῦμά

2146 984 2280 1051 ἐστι,
2308 986 2425 1046 πῶς
2458 982 2679 1038 δυνατὸν
2710 985 2772 1039 τὸ
2826 989 3046 1056 Πτεῦμα
3090 985 3419 1060 χωρίζεσθαι
3473 989 3569 1038 τοῦ
3620 1004 3802 1059 χορη-

2144 1078 2370 1148 γοῦντος
2404 1073 2566 1137 αὑτός
2604 1075 2744 1130 Μακ.
2781 1071 2921 1140 Ἤδη
2953 1073 3052 1149 γὰρ
3078 1070 3454 1139 δέδεικται,ὅτι
3485 1074 3546 1127 τὸ
3579 1078 3800 1147 Πνεῦμα

2144 1163 2233 1216 καὶ
2293 1164 2321 1217 6
2369 1163 2494 1224 Υἱὸς
2553 1165 2686 1232 ἦσαν
2748 1163 2800 1217 οἱ
2861 1160 3104 1238 ἄγγελοι.
3137 1163 3288 1236 Ὀρθ.
3321 1165 3453 1224 Τοῖς
3499 1161 3592 1217 οὖν
3643 1163 3796 1240 φύσει

2143 1251 2397 1326 ἀγγέλοις
2429 1251 2572 1306 εἶπεν
2603 1253 2630 1306 ὁ
2664 1253 2818 1322 ἅγιος
2851 1251 2995 1306 Λώτε
3037 1277 3056 1301 ι
3093 1252 3318 1324 Δέομαι,
3349 1251 3540 1326 Κύριε,
3602 1251 3788 1321 ἐπειδὴ

2145 1340 2291 1418 εὗρεν
2325 1343 2353 1395 6
2379 1347 2508 1403 παῖς
2541 1362 2635 1396 σου
2689 1341 2851 1418 χάριν
2911 1340 3152 1396 ἐναντίον
3185 1361 3302 1408 σου,
3329 1340 3419 1395 καὶ
3461 1340 3792 1418 ἐμεγάλυνας

2141 1432 2242 1499 τὴν
2270 1428 2616 1501 δικαιοσύνην
2650 1452 2766 1499 σου,
2800 1431 2828 1485 ’ὀ
2885 1436 3061 1492 ποιεῖς
3100 1429 3183 1484 ἐπ’
3243 1429 3363 1502 ἐμὲ,
3415 1430 3513 1486 τοῦ
3565 1435 3660 1505 ζῇν
3692 1435 3794 1505 ψυ-

2143 1522 2250 1594 χήν
2286 1541 2409 1592 μου.
2448 1544 2472 1570 ››
2509 1522 2653 1576 Max.
2689 1519 2785 1574 Καὶ
2816 1519 2975 1576 πάνυ.
3037 1521 3187 1596 Ὀρθ.
3236 1519 3448 1576 Οὐκοῦν
3498 1518 3659 1574 ἄκουε
3705 1521 3796 1575 καὶ

2140 1608 2306 1664 πάλιν
2334 1614 2441 1664 τῶν
2494 1611 2635 1683 ἑξῆς
2671 1631 2696 1662 ι
2736 1609 2832 1664 Καὶ
2890 1611 3031 1664 εἶπεν
3066 1609 3234 1680 αὐτῷ·
3294 1634 3321 1660 ››
3381 1609 3559 1664 οὐκέτι
3621 1609 3793 1686 λέγει,

2141 1700 2208 1756 Οἱ
2238 1699 2486 1773 ἄγγελοι,
2535 1695 2681 1753 ἀλλὰ
2728 1695 3006 1768 δηλονότι.
3035 1699 3096 1754 Ὁ
3143 1695 3514 1772 ὁμολογηθεὶς
3574 1699 3792 1774 Κύριος·

2145 1813 2164 1838 ι
2200 1785 2341 1844 Ἰδοὺ
2373 1785 2649 1859 ἐθαύμασά
2680 1807 2777 1841 σου
2805 1785 2867 1840 τὸ
2902 1786 3218 1862 πρόσωπον,
3271 1785 3361 1840 καὶ
3414 1784 3501 1840 ἐπὶ
3556 1790 3637 1857 τῷ
3693 1785 3794 1862 ῥή-

2143 1901 2272 1954 ματι
2300 1877 2476 1950 τούτῳ
2521 1883 2619 1933 τοῦ
2671 1880 2745 1950 μὴ
2797 1879 3158 1954 καταστρέψαι
3188 1879 3287 1946 τὴν
3317 1877 3479 1933 πόλιν
3541 1877 3666 1954 περὶ
3723 1880 3792 1947 ἧς

2133 1967 2428 2038 ἐΛάλησας.
2490 1971 2732 2022 Σπεῦσον
2789 1969 2880 2022 οὖν
2939 1971 3035 2022 τοῦ
3086 1973 3327 2036 σωθῆναι
3361 1965 3491 2024 ἐκεῖ.
3544 1966 3621 2024 Οὐ
3681 1969 3787 2044 γὰρ

2135 2055 2435 2130 δυνήσομαι
2495 2063 2720 2126 ποιῆσαι
2767 2063 3010 2132 πρᾶγμα,
3067 2053 3171 2119 ἕως
3228 2061 3326 2112 τοῦ
3403 2056 3666 2122 εἷσελθεῖν
3728 2079 3788 2112 σε

2134 2147 2261 2202 ἐκεῖ.
2318 2170 2339 2197 ι
2395 2146 2495 2202 Καὶ
2555 2145 2732 2200 οὐκέτι
2794 2146 2960 2203 εἶπεν.
3020 2146 3396 2218 Δυνησόμεθα,
3444 2147 3685 2222 καίτειγε
3733 2145 3786 2202 έν

2133 2238 2280 2312 ἀρχῇ
2314 2232 2526 2310 ἔλεγον,
2577 2234 2660 2290 ὅτι
2696 2231 3048 2309 Έκτρίϐομεν
3100 2237 3264 2308 ἡμεῖς
3315 2237 3414 2305 τὴν
3455 2236 3648 2304 πόλιν,
3696 2237 3789 2292 ὅτε

2133 2324 2326 2386 αὑτοὺς
2358 2324 2602 2396 ἐνόμιζεν
2661 2321 2855 2400 ἄνδρας
2899 2325 2988 2380 καὶ
3037 2324 3304 2400 ἀγγέλους
3355 2325 3510 2382 εἶναι.
3543 2327 3673 2384 ’Ότι
3729 2323 3788 2380 δέ

2133 2415 2308 2469 αὐτῶν
2341 2417 2438 2483 τὴν
2463 2415 2759 2488 κυριότητα
2786 2411 2948 2488 ἓγνω,
2980 2416 3070 2469 καὶ
3138 2414 3318 2470 οὐκέτι
3350 2413 3576 2490 κυρίους
3606 2415 3790 2488 καλεῖ,

2133 2502 2274 2558 ἀλκά
2307 2503 2498 2580 Κύριον
2533 2502 2702 2578 λέγει,
2739 2502 2942 2578 λέγων,
2976 2528 3002 2554 ‹‹
3049 2505 3274 2577 Δέομαι,
3338 2502 3520 2579 Κύριε,
3581 2529 3609 2556 ι)
3665 2505 3792 2560 τότε

2132 2592 2220 2647 καὶ
2252 2593 2403 2647 αὐτοὶ
2437 2593 2512 2654 ὡς
2545 2595 2621 2654 εἷς
2654 2591 2799 2665 αῦτῴ
2831 2590 3195 2668 διαλέγονται.
3231 2592 3308 2650 Οὔ
3356 2594 3458 2669 γὰρ
3519 2593 3793 2668 λέγουσιν,

2134 2683 2545 2755 Ἐθαυμάσαμέν
2578 2703 2673 2736 σου
2700 2683 2762 2736 τὸ
2793 2681 3112 2757 πρόσωπον,
3144 2682 3312 2753 ἀλλὰ,
3348 2706 3376 2733 ‹‹
3404 2682 3736 2756 Ἐθαύμασα.
3761 2703 3790 2736 ι

364 2795 465 2834 eos
498 2775 690 2832 adhuc
721 2774 964 2846 putabat
994 2789 1122 2828 esse
1152 2773 1326 2839 viros,
1361 2777 1417 2827 et
1448 2773 1708 2844 angelos.
1744 2772 1849 2827 Ubi
1884 2789 2019 2828 vero
2050 2789 2246 2828 eorum
2277 2773 2584 2828 dominum
2618 2774 2874 2844 agnovit,
2907 2789 3099 2845 neque
3156 2772 3416 2846 amplius
3471 2790 3572 2830 eos
3627 2791 3800 2844 vocat

364 2865 667 2931 Dominos,
728 2863 829 2918 sed
887 2861 1200 2917 Dominum
1233 2861 1452 2926 dicens,
1489 2885 1514 2912 «
1550 2862 1824 2928 Obsecro,
1862 2862 2126 2932 Domine,
2163 2887 2181 2911 η
2223 2867 2360 2918 tunc
2391 2868 2447 2918 et
2476 2863 2587 2934 ipsi
2612 2865 2738 2932 jam
2770 2879 2904 2918 cum
2937 2880 3004 2918 eo
3035 2868 3320 2935 tanquam
3354 2879 3510 2920 unus
3541 2862 3800 2935 loquun-

365 2960 479 3011 tur.
514 2955 714 3026 Neque
744 2952 900 3008 enim
933 2951 1156 3020 dicunt,
1189 2949 1473 3006 Admirati
1515 2967 1746 3016 sumus,
1781 2951 1880 3006 sed
1915 2973 1943 3000 «
1974 2952 2314 3007 Admiratus
2345 2969 2498 3008 sum.
2533 2974 2559 3000 ››

434 3046 520 3100 14.
554 3043 761 3098 Maced.
796 3041 949 3097 Num
984 3040 1160 3112 igitur
1193 3041 1358 3095 Pater
1390 3058 1507 3095 una
1539 3057 1674 3095 cum
1710 3040 1782 3095 iis
1841 3058 2022 3112 appa-

363 3134 603 3190 ruerat?
667 3132 820 3188 Orth.
892 3129 1159 3186 Omnino.
1232 3129 1428 3184 Maccd.
1482 3131 1780 3196 Quomodo
1838 3128 2023 3201 igitur

363 3225 617 3280 dicit:«
649 3223 832 3278 Deum
894 3236 1062 3276 nemo
1111 3219 1254 3274 vidit
1313 3235 1570 3291 unquam
1632 3220 1717 3274 9°?
1776 3240 1802 3268 ››
1865 3218 2017 3274 ΟνιΙι.

367 3315 671 3385 Propterea
728 3311 885 3366 enim
946 3312 1348 3380 apparuerunt
1404 3313 1685 3379 tanquam
1718 3307 1846 3377 viri,
1877 3324 2019 3379 quor

363 3402 522 3456 niam
553 3400 609 3455 id
645 3401 795 3470 quod
829 3402 1038 3453 natura
1069 3397 1222 3452 Deus
1253 3401 1540 3466 est,nemo
1561 3396 1704 3451 vidit
1735 3413 2022 3467 unquam,

361 3507 551 3562 neque
579 3489 773 3544 videre
822 3488 1028 3559 possit.
1078 3486 1275 3541 Maced.
1335 3488 1406 3540 At
1462 3501 1567 3556 ego
1626 3485 1836 3540 Filium
1885 3500 2020 3541 eum

361 3595 490 3635 esse
522 3579 673 3644 dico,
706 3577 803 3650 qui
840 3577 911 3631 ab
944 3574 1275 3630 Abrahamo
1309 3574 1470 3629 visus
1503 3575 1628 3629 fuit.
1665 3574 2021 3630 Orth.Redeo

361 3669 541 3740 igitur
571 3667 642 3722 ad
675 3667 756 3732 id,
789 3667 944 3736 quod
980 3663 1170 3736 legere
1214 3679 1526 3734 coeperam.
1589 3663 1790 3718 Maced.
1849 3663 2016 3734 Lege.

362 3758 512 3814 0rth.
575 3780 602 3805 «
658 3755 750 3810 Sol
791 3757 1027 3809 exortus
1061 3758 1150 3808 est
1180 3769 1357 3824 super
1387 3756 1624 3819 terram,
1659 3756 1713 3806 et
1747 3752 1888 3806 Loth
1929 3752 2016 3806 in-

359 3846 522 3901 troiit
549 3845 609 3899 in
639 3845 846 3899 urbem
878 3841 1365 3914 Segor.Dominus
1399 3841 1549 3913 pluit
1571 3857 1748 3912 supra
1770 3842 2022 3897 Sodoma

359 3936 556 4007 ignem
617 3937 676 3988 et
727 3931 979 4004 sulphur
1037 3949 1069 3986 a
1130 3931 1372 3986 Domino
1431 3947 1462 3986 e
1520 3929 1684 4000 coelo,
1721 3935 1778 3986 et
1811 3946 2019 3986 omnes

361 4023 490 4079 illas
519 4024 696 4078 urbes
728 4020 1008 4078 subvertit
1041 4023 1081 4075 ¹.
1121 4045 1146 4071 ››
1181 4019 1322 4085 Quis
1358 4019 1684 4074 Dominus?
1742 4022 1792 4075 is
1842 4019 2014 4075 nimi-

361 4129 489 4168 rum
547 4112 645 4184 qui
677 4112 904 4166 dixerat
935 4111 1004 4165 ad
1039 4110 1182 4165 Loth
1219 4127 1232 4164 :
1268 4133 1295 4159 «
1324 4111 1510 4164 Etiam
1539 4109 1596 4163 in
1630 4111 1782 4164 449
1817 4110 1924 4165 hac
1956 4125 2016 4165 re

360 4201 686 4258 admiratus
717 4217 848 4256 sum
888 4199 1090 4255 faciem
1123 4204 1307 4263 tuam,
1342 4215 1414 4253 ne
1443 4198 1647 4253 urbem
1699 4198 1883 4264 illam,
1945 4199 2016 4253 de

359 4307 476 4363 qua
518 4291 749 4346 locutus
781 4305 864 4355 es,
898 4289 1256 4344 subvertam.
1286 4287 1537 4358 Propera
1568 4288 1768 4359 igitur,
1802 4292 1865 4342 ut
1897 4287 2015 4343 illic

359 4380 629 4436 serveris.
664 4379 779 4433 Nec
806 4378 960 4434 enim
993 4383 1192 4449 potero
1223 4377 1546 4449 quidquam
1581 4393 1769 4449 agere,
1829 4377 2014 4432 donec

357 4485 423 4524 eo
455 4468 540 4524 sis
567 4467 890 4539 ingressus.
928 4489 954 4514 n
977 4463 1179 4519 Maced.
1202 4462 1366 4519 Unus
1398 4462 1635 4517 illorum
1669 4466 1794 4518 erat
1824 4463 2017 4518 Domi-

356 4580 469 4618 nus
502 4578 515 4617 :
551 4578 692 4616 num
728 4560 882 4615 enim
912 4557 1024 4629 ipsi
1058 4558 1219 4613 duo?
1250 4557 1400 4612 Orth.
1436 4555 1562 4611 Dixi
1594 4556 1843 4612 Lotbum
1873 4572 2011 4612 cum

2206 3042 2288 3096 14.
2327 3042 2472 3097 Μακ.
2531 3041 2589 3097 Ὀ
2651 3042 2834 3114 ΙΙατήρ
2897 3038 2986 3094 οὖν
3048 3041 3114 3110 ἦν
3169 3041 3284 3113 μετ’
3336 3041 3513 3095 αὐτῶν
3567 3039 3790 3118 depastis;

2131 3129 2282 3203 Ὀρθ.
2321 3129 2421 3186 Καὶ
2453 3127 2612 3184 πάνυ.
2649 3131 2793 3186 Μακ.
2830 3134 2953 3191 Πῶς
2985 3127 3076 3183 οὖν
3129 3127 3295 3206 λέγει·
3350 3154 3376 3180 α
3435 3135 3565 3185 Θεὸν
3615 3127 3791 3194 οὐδεὶς

2136 3218 2367 3293 έώρακεν
2428 3218 2686 3287 πώποτε;
2750 3221 2898 3294 Ὁρθ.
2961 3220 3056 3274 Διὰ
3108 3219 3212 3294 γὰρ
3258 3223 3421 3274 τοῦτο
3471 3219 3546 3280 ὡς
3605 3216 3790 3295 ἄνδρες

2135 3305 2410 3386 ὣφθησαν,
2463 3305 2649 3377 ἐπειδὴ
2684 3309 2714 3362 ὅ
2758 3309 2966 3382 ἐστιτῇ
3022 3307 3199 3386 φύσει,
3239 3305 3416 3370 οὐδεὶς
3466 3305 3590 3363 οὕτε
3631 3306 3790 3378 εἶδεν,

2134 3397 2257 3452 οὕτε
2288 3395 2418 3452 ἰδεῖν
2470 3395 2712 3455 δύναται.
2764 3399 2911 3454 Μακ.
2960 3398 3104 3473 Ἐγὼ
3146 3396 3312 3472 λέγω,
3344 3397 3428 3452 ’ὁτι
3451 3399 3478 3451 6
3511 3397 3635 3460 Υἱὸς
3664 3400 3728 3466 ἦν
3763 3399 3793 3452 6

2135 3486 2318 3563 ὀφθεὶς
2373 3491 2452 3558 τῷ
2507 3481 2780 3561 ’Δϐραάμη
2833 3488 2979 3561 Ὀρθ.
3027 3485 3204 3544 Πάλιν
3255 3484 3346 3541 οὖν
3389 3487 3664 3563 ἀναχωρῶ
3693 3491 3792 3542 τοῦ

2133 3576 2594 3649 ἀναγνώσματοςι
2652 3579 2795 3632 Μακ.
2859 3576 3184 3651 Ἀνάγνωθι.
3235 3577 3386 3651 Ὀρθ.
3450 3601 3476 3628 ‹‹
3538 3577 3595 3628 Ὁ
3627 3575 3790 3645 ἥλιος

2131 3663 2349 3734 ἐξῆλθεν
2384 3663 2471 3718 ἐπὶ
2492 3665 2593 3732 τὴν
2625 3671 2751 3739 γῆν,
2780 3666 2870 3719 καὶ
2931 3666 3054 3720 Λὼτ
3113 3663 3364 3734 εἰσῆλθεν
3425 3665 3501 3727 εἷς
3561 3668 3788 3740 Σηγώρ’

2130 3754 2324 3828 Κύριος
2355 3747 2562 3828 ἔϐρεξεν
2595 3753 2680 3807 ἐπὶ
2716 3751 2940 3826 Σόδομα
2979 3759 3085 3828 πῦρ
3136 3754 3228 3809 καὶ
3287 3759 3430 3818 θεῖον
3483 3755 3629 3830 παρᾶ
3682 3754 3788 3809 Κύ-

2129 3841 2247 3917 ρίου
2280 3842 2339 3896 ἐκ
2364 3847 2461 3896 τοῦ
2489 3841 2744 3918 οὐρανοῦ,
2786 3843 2872 3898 καὶ
2917 3845 3270 3919 κατέστρεψεν
3316 3843 3489 3907 πάσας
3539 3844 3632 3906 τὰς
3683 3844 3786 3898 πό-

2129 3929 2260 3992 λεις.
2300 3955 2326 3981 ››
2359 3933 2523 3993 1Ιοῖος
2557 3932 2753 4005 Κύριος
2783 3951 2797 4001 ;
2827 3930 3023 4002 δῆλον,
3067 3932 3149 3988 ὅτι
3181 3933 3209 3987 ὁ
3241 3933 3475 4009 εἰρηκώς
3503 3938 3584 4005 τῷ
3637 3934 3782 3998 Λὼτ,

2127 4019 2208 4074 ὅτι
2249 4046 2268 4070 ι
2322 4020 2631 4092 Ἐθαύμασά
2679 4042 2774 4076 σου
2819 4023 2882 4076 τὸ
2932 4021 3250 4097 πρόσωπον,
3301 4021 3392 4076 καὶ
3443 4020 3532 4077 ἐπὶ
3570 4026 3650 4093 τῷ
3681 4023 3782 4095 ρή-

2129 4131 2255 4182 ματι
2285 4109 2465 4182 τούτῳ
2491 4111 2566 4182 μὴ
2601 4112 2712 4184 (21)
2743 4112 3108 4186 καταστρέψαι
3139 4111 3239 4180 τήν
3289 4110 3474 4177 πόλιν,
3534 4111 3656 4185 περὶ
3717 4113 3784 4180 ἧς

2124 4197 2427 4268 ἀλάλησας.
2463 4203 2703 4252 Σπεῦσον
2741 4197 2833 4254 οὖν
2863 4207 3104 4268 σωθῆναι
3138 4199 3268 4256 ἐκεῖ.
3323 4199 3401 4257 Οὐ
3452 4200 3556 4275 γὰρ
3615 4197 3781 4270 δυνή-

2125 4309 2289 4359 σομαι
2323 4295 2547 4357 ποιῆσαι
2598 4295 2826 4364 πρᾶγμα
2855 4285 2960 4351 ἕως
3010 4294 3106 4344 τοῦ
3154 4288 3416 4355 εἰσελθεῖν
3467 4311 3524 4344 σε
3583 4288 3714 4346 ἐκεῖ.
3752 4313 3782 4341 ››

2126 4379 2270 4434 Max.
2329 4379 2388 4434 Ὁ
2446 4376 2518 4438 εἶς
2570 4381 2637 4445 ἦν
2697 4379 2725 4432 6
2777 4377 2997 4453 Κύριος·
3065 4380 3142 4452 μή
3189 4379 3290 4456 γὰρ
3340 4379 3394 4434 οἱ
3438 4377 3569 4448 δῦο;
3627 4381 3780 4453 Ὀρθ.

2122 4467 2314 4536 Εἶπον,
2365 4465 2449 4520 ὅτι
2500 4471 2617 4528 τοῖς
2673 4464 2820 4521 δυσὶν
2873 4468 2946 4530 ὡς
2995 4467 3072 4523 ἐνί
3123 4466 3420 4542 διελέγετο.
3468 4467 3694 4542 Ἀμέλει
3728 4470 3782 4524 οἱ

2125 4552 2220 4609 δύο
2277 4553 2544 4628 λέγουσιν·
2613 4577 2634 4606 ς
2697 4555 2758 4610 Εἴ·
2795 4552 2908 4611 ἔστι
2959 4578 3042 4611 σοι
3077 4554 3183 4612 ὧδε
3212 4553 3483 4634 γαμϐρὸς,
3513 4560 3547 4627 ἢ
3578 4559 3709 4627 υἱοὶ,
3743 4560 3780 4628 ἢ

354 4651 583 4706 duobus
618 4649 756 4715 illis,
789 4654 1071 4719 tanquam
1105 4661 1238 4700 cum
1273 4661 1387 4700 uno
1421 4645 1604 4701 fuisse
1633 4644 2010 4701 collocutum.

2134 4643 2428 4719 θυγατέρες,
2489 4643 2708 4720 ἐξάγαγε
2767 4647 2902 4718 μετά
2958 4652 3207 4703 σεαυτοῦ.
3256 4648 3617 4723 Ἀπόλλυμεν
3675 4650 3781 4725 γὰρ

355 4740 567 4795 Dicunt
598 4737 752 4794 enim
787 4737 902 4792 duo
937 4735 1018 4790 illi
1054 4753 1066 4790 :
1107 4757 1126 4782 ι
1163 4733 1221 4788 Si
1254 4735 1384 4804 quis
1416 4733 1511 4788 hic
1541 4739 1632 4789 est
1661 4734 1764 4788 tibi
1814 4751 2012 4806 gener,

354 4833 457 4885 aut
511 4827 634 4895 filii,
697 4830 798 4881 aut
834 4825 982 4891 tiliae,
1015 4825 1162 4880 educ
1189 4839 1290 4878 eos
1313 4828 1529 4879 tecum.
1563 4823 1680 4878 Nos
1703 4822 1858 4878 enim
1885 4840 2014 4894 per-

354 4919 564 4974 demus
594 4915 746 4970 hanc
777 4913 1092 4968 civitatem.
1117 4932 1144 4960 »
1173 4911 1343 4966 Modo
1378 4910 1557 4984 igitur
1588 4911 1751 4976 dicit,
1777 4933 1797 4962 ι
1821 4912 1957 4980 Nos,
1985 4933 2014 4963 »

356 5011 593 5080 propter
625 5005 987 5077 hypostases,
1049 5001 1220 5056 modo
1281 5017 1415 5056 vero
1476 5001 1638 5071 dicit,
1698 5024 1726 5050 «
1785 5002 1922 5072 Ego,
1985 5024 2012 5051 »

353 5099 589 5168 propter
649 5098 943 5148 naturam.
987 5112 1014 5142 «
1047 5088 1360 5162 Intelligite
1385 5106 1543 5162 ergo,
1579 5112 1606 5139 »
1634 5094 1699 5145 ut
1725 5091 2012 5162 scriptum

352 5190 461 5252 est,
496 5182 902 5256 «insipientes
947 5180 1006 5235 in
1066 5178 1304 5252 populo,
1362 5184 1419 5233 et
1477 5178 1634 5233 stulti
1698 5179 2013 5249 aliquando

351 5273 539 5346 sapite
587 5273 628 5328 ².
687 5292 716 5322 ››
749 5271 895 5326 Nam
926 5273 985 5324 et
1013 5267 1332 5332 Abraham,
1360 5267 1576 5338 agnitis
1603 5267 1794 5323 tribus
1827 5267 2012 5340 hypo-

349 5362 630 5432 stasibus,
655 5359 968 5416 Dominum
1001 5356 1145 5414 dicit
1179 5372 1191 5411 :
1225 5361 1283 5412 et
1313 5355 1452 5412 Loth
1484 5356 1716 5414 duabus
1743 5357 2012 5413 animad-

417 5564 461 5600 π
490 5565 630 5620 Gen.
662 5581 777 5635 xIx,
807 5564 898 5634 21,
929 5563 1019 5618 22.
1094 5563 1140 5598 ’θ
1165 5561 1337 5619 Joan.
1373 5577 1413 5633 ι,
1449 5563 1536 5619 18.

417 5743 530 5820 (21)
557 5742 654 5800 Sic
683 5760 828 5801 mss.
864 5747 1038 5802 recte.
1064 5749 1128 5800 In
1161 5743 1333 5802 editis
1369 5741 1446 5817 μὴ
1480 5743 1664 5801 deest.

1618 5565 1634 5599 ί
1667 5563 1810 5620 Gen.
1840 5581 1958 5638 nx,
1989 5565 2084 5636 23,
2111 5565 2202 5622 24.

2125 4735 2288 4806 ἡμεῖς
2320 4735 2418 4802 τήν
2451 4732 2612 4788 πόλιν
2665 4735 2890 4806 ταύτην.
2955 4762 2975 4788 ι
3013 4738 3152 4794 Ποτὶ
3197 4735 3292 4792 οὖν’
3337 4739 3400 4794 τὸ
3447 4763 3474 4791 ι(
3525 4740 3716 4812 Ἡμεῖς
3750 4763 3778 4792 ››

2123 4822 2267 4897 λέγει
2296 4820 2383 4878 διὰ
2411 4823 2506 4884 τὰς
2541 4824 2882 4896 ὑποστάσεις,
2914 4827 3049 4882 ποτε
3079 4825 3137 4882 δὲ
3160 4827 3223 4881 τὸ
3257 4853 3285 4879 ‹‹
3320 4828 3458 4903 Ἐγὼ
3489 4851 3516 4882 ιι
3553 4826 3640 4882 ’διὰ
3677 4828 3775 4896 τήν

2122 4911 2298 4989 φύσιν.
2340 4937 2360 4962 ι
2421 4913 2612 4968 Σύνετε
2669 4914 2787 4984 οὗν,
2822 4939 2848 4965 ››
2907 4916 3084 4978 καθὼς
3115 4914 3347 4990 εἷ’ρηται,
3402 4939 3430 4968 ‹‹
3465 4915 3692 4993 ἄφρονες
3722 4915 3774 4970 έν

2118 5005 2199 5072 τῷ
2256 5000 2394 5074 λαῷ,
2452 5002 2541 5056 καὶ
2593 5003 2773 5077 μωροί
2840 5025 2972 5058 ποτε
3025 5005 3348 5081 φρονήσατε.
3413 5029 3440 5054 ››
3501 5007 3622 5061 ’Ότι
3683 5005 3775 5058 καὶ

2121 5084 2390 5164 Ἀϐραὰμ,
2452 5092 2546 5153 τὰς
2621 5097 2768 5166 τρεῖς
2841 5093 3160 5154 ὑποστάσεις
3236 5091 3504 5164 ἐγνωκὼς,
3581 5092 3776 5165 Κύριον

2122 5177 2288 5255 λέγει’
2335 5177 2426 5234 καί
2479 5181 2621 5249 Λὼτ,
2666 5184 2760 5242 τὰς
2794 5178 2889 5234 δύο
2918 5179 3190 5253 ἐγνωκὼς,
3224 5178 3431 5252 ὁμοίως
3458 5179 3652 5252 Κύριον
3688 5176 3775 5234 λέ-

2119 5287 2221 5343 γει·
2277 5269 2367 5324 xui
2442 5271 2518 5341 μή
2593 5266 2850 5344 διαιρεῖτε
2925 5269 2990 5322 τὰ
3054 5265 3357 5343 ἀδιαίρετα,
3420 5265 3560 5342 μηδὲ
3621 5265 3778 5344 μερί-

2123 5361 2238 5425 ζετε
2270 5360 2382 5431 (22)
2411 5358 2479 5412 τὰ
2533 5357 2818 5431 ἀμέριστα.
2878 5361 3022 5412 Μακ.
3070 5357 3260 5431 Ἔχεις
3312 5377 3404 5430 μοι
3451 5356 3638 5429 εἰπεῖν,
3670 5360 3776 5411 ποῦ

2280 5566 2302 5601 ²
2331 5564 2482 5622 Psal.
2514 5579 2674 5635 xcm,
2698 5563 2754 5618 8.

2205 5746 2322 5819 (22)
2353 5747 2439 5805 Ita
2467 5745 2653 5805 Palat.
2684 5745 2839 5805 Editi
2869 5763 3028 5817 vero,
3061 5745 3362 5824 μερίζεσθε.
