4116 6388
405 337 560 400 1225
1358 335 1458 400 DE
1504 337 1802 401 SANCTA
1855 334 2030 397 TRIN

2206 333 2280 395 [‘E
2325 331 2716 396 DIALOGUS
2763 329 2869 396 III.
3676 332 3831 398 1226

402 466 725 544 γέγραπται,
759 469 888 530 Θεὸς
916 467 979 523 τὸ
1031 467 1245 542 Πνεῦμα
1279 484 1292 537 ;
1323 475 1468 544 Ὀρο.
1503 468 1655 532 Τὲως
1703 464 1921 541 ἔμαθες,
1973 464 2027 520 ὅτ

2208 466 2255 522 is
2314 465 2628 521 Dominum
2691 465 2889 522 itidem
2949 466 3148 523 dicit:
3213 483 3404 541 neque
3461 469 3705 527 dividite
3764 491 3832 530 ea

399 558 489 612 καὶ
539 560 574 628 ἡ
627 557 841 612 Παλαιὰ
889 559 1128 628 Διαθήκη
1184 556 1297 612 οἶδε
1347 559 1440 620 τὰς
1491 564 1637 634 τρεῖς
1686 555 2006 616 ὑποστάσεις

2202 572 2302 628 Luae
2357 555 2535 609 dividi
2597 573 2712 611 non
2769 560 3038 628 possunt,
3086 574 3274 629 neque
3332 561 3635 632 partimini
3699 579 3827 633 quis

398 649 489 701 καὶ
549 647 648 701 οὐκ
701 646 1167 720 ἐπιλανθανομὲνη
1227 652 1333 701 τῶν
1391 645 1804 724 προειρημένων
1867 644 2011 720 λέγει

2201 645 2544 700 ματίίιὶοηθω
2607 661 2720 699 non
2782 646 3124 701 admittunt.
3185 647 3388 703 Maced.
3451 650 3620 706 Potes
3681 651 3826 706 mihi

406 762 434 790 ‹‹
468 736 663 812 Κύριος
695 737 723 791 ὁ
755 736 884 798 Θεός
924 758 1042 807 σου,
1081 735 1273 813 Κύριος
1331 738 1404 797 εἷς
1456 735 1616 807 ἐστιν,
1654 760 1680 786 ››
1714 734 1838 790 ἀλλ’
1871 735 2027 788 ἒνοῦσ

2200 734 2384 802 licere,
2418 733 2518 789 ubi
2552 735 2838 806 scriptum
2893 735 2990 805 sit,
3023 735 3277 808 Spiritus
3309 743 3399 794 est
3434 739 3586 794 Deus
3613 739 3640 794 ?
3670 740 3825 796 Orth.

401 827 501 896 τήν
535 826 784 896 θεότητα.
816 827 1013 882 ’Ἀκουε
1043 824 1133 880 οῦν
1185 825 1281 880 τοῦ
1332 821 1455 882 Ἰὼϐ
1508 825 1775 901 λὲγοντος·
1812 848 1839 875 ‹‹
1883 825 1938 876 Ὁ
1967 842 2026 876 τα

2196 824 2464 878 Iactenus
2522 823 2819 890 didicisti,
2879 825 3070 879 Veteri
3132 843 3368 898 quoque
3443 829 3821 885 Testamento

402 917 561 977 νῦσας
592 916 684 970 τὸν
732 915 958 990 οὐρανὸν
1013 915 1175 988 μόνος
1227 916 1314 970 καὶ
1367 920 1677 988 περιπατῶν
1734 913 1818 968 ἐπῖ
1867 910 2027 965 Θαλάσ

2194 912 2435 986 :ognitas
2463 912 2644 968 fuisse
2676 917 2794 967 tres
2825 913 3190 985 hypostases,
3226 916 3381 987 quod
3427 917 3582 972 enim
3616 920 3819 975 Testa-

403 1027 503 1076 σης
536 1006 610 1067 ὡς
644 1005 729 1060 ἐπὶ
763 1003 1010 1083 ἐδάφους.
1047 1004 1248 1077 Δῆλον,
1282 1004 1364 1059 ὅτι
1411 1005 1502 1060 τὸν
1552 1005 1674 1057 Υἱὸν
1726 1002 1874 1078 λέγει
1921 1021 2026 1076 προ

2190 1006 2438 1058 nentum
2474 1001 2884 1074 praedictorum
2918 1007 3112 1058 tamen
3150 1021 3264 1058 non
3299 1005 3609 1062 immemor
3639 1007 3815 1064 dicit:

405 1100 651 1174 φητικῶς
719 1097 779 1152 Ὀ
830 1097 934 1171 γὰρ
984 1097 1357 1170 περιπατήσας
1413 1094 1499 1150 ἐπὶ
1562 1093 1841 1163 θαλάσσης
1903 1090 2030 1145 αὐτὸ

2194 1112 2201 1139 ι
2235 1090 2524 1146 Dominus
2575 1091 2729 1146 Deus
2760 1095 2924 1162 tuus,
2976 1093 3259 1149 Dominus
3308 1111 3464 1150 unus
3505 1101 3594 1152 est
3617 1097 3660 1166 ³,
3692 1120 3718 1146 ››
3755 1102 3819 1152 ut

407 1186 572 1242 ἐστιν,
2171 1180 2447 1237 deitatem
2502 1182 2573 1236 ad
2607 1198 2790 1237 unum
2839 1181 3145 1253 redigeret.
3198 1184 3343 1238 Audi
3376 1185 3555 1256 igitur
3603 1187 3816 1242 Jobum

407 1278 700 1332 dicentem
735 1293 747 1331 :
783 1297 811 1324 κ‹
844 1274 950 1338 Οιιὶ
982 1274 1146 1331 solus
1195 1274 1404 1331 caelum
1435 1274 1714 1345 extendit,
1747 1276 1807 1329 et
1834 1287 2013 1344 super
2060 1286 2222 1327 mare
2251 1271 2417 1343 quasi
2447 1271 2508 1326 in
2557 1269 2680 1327 solo
2712 1270 3040 1328 inambulat
3071 1273 3110 1325 ‘.
3146 1293 3174 1321 n
3209 1272 3408 1329 Palam
3459 1279 3549 1330 est
3586 1292 3718 1331 eum
3751 1277 3822 1332 de

408 1365 552 1422 Filio
587 1365 923 1438 prephetice
956 1364 1137 1436 loqui.
1174 1367 1225 1421 Is
1257 1365 1413 1421 enim
1446 1369 1554 1436 est,
1587 1363 1684 1435 qui
1715 1378 1894 1436 super
1923 1377 2086 1418 mare
2117 1359 2448 1416 ambulavit.

483 1477 564 1530 15.
598 1468 803 1530 Μακεδ.
840 1469 941 1526 Ἴδε
990 1471 1080 1525 οῦν
1136 1470 1324 1541 πάλιν,
1358 1473 1385 1526 ὁ
1418 1473 1540 1533 Υἰὸς
1597 1469 1756 1543 μόνος
1797 1469 2057 1544 περιεπά-

2243 1469 2329 1523 15.
2365 1468 2562 1524 Μασθά.
2600 1469 2854 1525 Rursum
2888 1468 3070 1540 igitur
3099 1470 3248 1536 vide,
3285 1470 3446 1527 solus
3505 1472 3688 1528 Filius
3722 1490 3825 1530 su-

411 1583 561 1633 τησεν
623 1561 709 1616 ἐπὶ
769 1563 864 1630 τῆς
911 1559 1208 1630 θαλάσσης.
1258 1567 1406 1634 Ὀρθ.
1460 1559 1616 1618 Ἀλλ’
1669 1560 1839 1626 εἶπον,
1881 1558 1962 1614 ὅτι
1994 1557 2036 1612 1i

2198 1574 2274 1614 per
2317 1574 2478 1614 mare
2532 1558 2834 1615 amulavit.
2871 1559 3026 1616 Orth.
3060 1563 3136 1615 At
3188 1576 3294 1632 ego
3343 1561 3462 1616 dixi
3512 1562 3692 1634 istud,
3725 1581 3823 1620 so-

411 1652 571 1724 μόνος
605 1650 691 1706 ἐπὶ
723 1657 822 1718 τῆς
852 1649 1106 1719 θεότητος
1139 1644 1554 1723 λαμϐανόμενον
1582 1651 1655 1710 ὡς
1689 1647 1776 1704 ἐπὶ
1804 1650 1867 1703 τὸ
1899 1646 2029 1702 πλεῖ

2201 1665 2283 1714 us,
2318 1665 2452 1703 cum
2497 1647 2699 1703 deitati
2750 1647 3053 1717 tribuitur,
3088 1647 3437 1722 plerumque
3485 1650 3736 1720 Patrem,
3769 1658 3826 1709 et

406 1763 527 1795 στον
599 1739 826 1814 Πατέρα,
886 1740 974 1794 καὶ
1037 1740 1196 1806 Υἱὸν,
1256 1739 1344 1793 καὶ
1403 1740 1554 1811 ἅγιον
1618 1742 1834 1810 Πνεῦμα
1885 1735 2031 1811 λὲγει

2196 1735 2404 1803 l‘ilium,
2424 1741 2480 1791 et
2510 1736 2795 1808 Spiritum
2828 1742 3098 1793 sanctum
3134 1737 3606 1796 declarare.Sunt
3626 1746 3821 1798 autem

411 1791 519 1795 ⁷-⁷-
599 1791 826 1814 —""|"’7
890 1791 971 1794 7'7"
1045 1791 1121 1793 77'
1183 1791 1196 1806 ⁷
1259 1791 1320 1793 γήνγ
1409 1791 1519 1811 77.77
1621 1791 1628 1792 ί
1676 1791 1711 1792 νί
1761 1791 1769 1810 δ
1963 1791 1972 1811 Ι

409 1829 524 1884 Εἰσὶ
559 1826 614 1883 δὲ
637 1850 776 1900 τινα,
811 1827 842 1882 ἂ
877 1828 1044 1900 μόνου
1094 1832 1190 1881 τοῦ
1239 1829 1367 1881 Υἳοῦ
1421 1825 1530 1881 ἴδιά
1585 1827 1706 1883 εἶσι.
1741 1826 1918 1888 Μόνος
1953 1826 2034 1900 γάγ

2198 1791 2436 1897 [uaadam
2471 1791 2654 1882 solius
2685 1791 2813 1880 Filii
2836 1791 3098 1899 propria.
3506 1791 3823 1887 iactus-est

406 1917 788 1992 ἐνηνθρώπησε
822 1961 835 1987 ,
898 1915 1061 1988 μόνος
1116 1912 1456 1987 ἐϐαπτίσθη,
1518 1915 1681 1988 μόνος
1735 1915 1793 1969 ἐκ
1851 1914 2028 1988 Πατρὸ

2195 1932 2365 1984 nomo,
2401 1916 2563 1971 solus
2596 1916 2922 1988 baptizatus
2954 1919 3062 1983 est,
3096 1916 3259 1972 solus
3290 1933 3359 1972 ex
3391 1918 3556 1974 Patre
3585 1921 3820 1991 genitus

403 2007 739 2083 γεγέννηται,
801 2005 963 2078 μόνος
1014 2005 1350 2080 ἐσταυρώθη,
1409 2005 1498 2058 καὶ
1556 2004 1654 2058 ὅσα
1700 2009 1940 2058 τοιαῦτα·
1995 2025 2028 2057 οη

2192 1999 2278 2073 ιεἰ,
2297 2005 2459 2060 solus
2491 2005 2600 2059 fuit
2622 2005 2957 2070 crucifixus,
2978 2011 3034 2061 et
3055 2023 3418 2078 quaecunque
3440 2013 3579 2064 sunt
3611 2008 3817 2081 hujus-

406 2095 699 2172 χωρισθεὶς
745 2101 845 2163 τῆς
889 2099 987 2148 τοῦ
1044 2095 1250 2168 [ἰατρὸς
1302 2093 1669 2164 ὑποστάσεως,
1705 2091 1830 2148 ἀλλ’
1881 2091 1953 2146 ὣν
2006 2090 2028 2147 ἐ

2190 2094 2326 2149 nodi
2353 2112 2364 2148 :
2396 2095 2571 2166 idque
2617 2111 2731 2149 non
2782 2101 3082 2166 separatus
3110 2113 3144 2151 a
3166 2096 3333 2152 Patre
3361 2097 3680 2169 hypostasi,
3715 2100 3815 2155 sed

404 2186 572 2258 αὐτῷ,
628 2186 717 2239 καὶ
777 2185 934 2238 αὐτὸν
983 2181 1126 2258 ἔχων
1186 2183 1235 2238 ἐν
1293 2184 1485 2255 ἑαυτῷ,
1550 2181 1899 2237 ἰδιοποιεῖται
1954 2183 2029 2250 τὴ

2190 2188 2232 2238 lt
2263 2184 2363 2255 qui
2396 2183 2455 2239 in
2490 2185 2616 2254 ipso
2649 2188 2823 2254 esset,
2843 2188 2898 2238 et
2926 2200 3060 2239 eum
3092 2185 3151 2239 in
3183 2201 3314 2240 sese
3341 2184 3604 2255 haberet,
3625 2188 3815 2244 incar-

402 2275 855 2348 ἐνανορώπησιν,
911 2271 1003 2327 ἵνα
1060 2274 1502 2343 διευκρινηοῶσιν
1571 2273 1624 2326 αἱ
1688 2269 2002 2332 ὑποστάσεις

2196 2273 2463 2328 nationem
2487 2273 2598 2328 sibi
2618 2272 2914 2344 propriam
2934 2272 3129 2341 habet,
3163 2281 3228 2329 ut
3250 2274 3356 2330 rite
3377 2275 3821 2349 distinguantur

399 2367 516 2420 Ἵνα
548 2362 605 2419 δὲ
639 2365 714 2437 μὴ
747 2362 998 2435 νομίσῃς,
1030 2361 1112 2416 δτι
1147 2365 1180 2431 ἡ
1235 2360 1448 2416 Παλαιὰ
1500 2360 1638 2433 μόνη
1691 2357 1804 2414 οἶδε
1841 2361 1932 2414 τὸν
1962 2356 2017 2413 ἓν

2193 2366 2536 2434 typostases.
2572 2365 2644 2416 Ac
2679 2379 2749 2416 ne
2792 2361 3089 2417 existimes
3143 2362 3335 2418 solum
3384 2363 3566 2420 Vetus
3617 2367 3818 2423 Testa-

401 2454 490 2509 καὶ
527 2453 689 2526 μόνον
721 2453 846 2507 Θεὸν
879 2450 1288 2527 καταγγέλλειν,
1324 2451 1548 2504 ἄκουσον
1594 2448 1756 2503 αὐτοῦ
1788 2453 1883 2502 τοῦ
1935 2455 2024 2502 Σω

2193 2457 2432 2506 uentum
2468 2468 2650 2505 unum
2702 2455 2758 2506 et
2811 2450 3003 2506 solum
3056 2453 3237 2508 Deum
3277 2455 3647 2526 annuntiare,
3681 2457 3818 2512 audi

397 2551 568 2619 τῆρος
629 2541 904 2616 λέγοντο-τ’
943 2564 969 2590 ‹‹
1031 2541 1352 2615 Γέγραπται,
1414 2538 1592 2614 Κυρίῳ
1649 2539 1727 2610 τῷ
1785 2542 1901 2609 Θεῷ
1959 2559 2019 2591 σο

2189 2539 2520 2596 ialvatorem
2552 2540 2747 2612 ipsum
2801 2540 3091 2598 dicentem
3127 2559 3140 2597 :
3173 2565 3201 2592 ‹‹
3237 2543 3532 2615 Scriptum
3564 2549 3670 2616 est,
3707 2551 3814 2602 Do-

400 2633 815 2705 προσκυνήσεις,
869 2629 958 2683 καὶ
1010 2629 1156 2699 αὐτῷ
1211 2629 1362 2701 μόνῳ
1416 2626 1750 2703 λατρεύσεις,
1787 2626 1948 2683 »Καὶ
2000 2625 2024 2681 ἒ

2193 2631 2393 2684 uinum
2426 2634 2607 2684 Deum
2638 2635 2808 2685 tuum
2841 2630 3197 2698 adorabis,et
3229 2631 3312 2686 illi
3347 2633 3456 2688 soli
3489 2634 3703 2690 servies
3731 2637 3818 2691 ⁸.»

402 2721 618 2788 ἅλλοις,
679 2719 992 2796 ἐρωτηθεὶς,
1049 2716 1179 2772 ποία
1238 2715 1432 2785 ἐντολὴ
1497 2715 1706 2792 μεγάλη
1772 2715 1821 2770 ἐν
1875 2715 2027 2788 νόμῳ

2192 2719 2232 2772 2t
2262 2717 2424 2787 alibi,
2457 2725 2696 2789 rogatus
2729 2719 3024 2788 quodnam
3059 2725 3212 2775 esset
3244 2722 3570 2778 maximum
3601 2725 3659 2778 in
3695 2725 3817 2798 lege

403 2811 566 2865 εἶπεν·
608 2834 635 2860 ‹‹
669 2810 996 2883 Ἀγαπήσεις
1055 2805 1248 2882 Κύριον
1309 2807 1398 2860 τὸν
1459 2804 1586 2860 Θεόν
1650 2825 1743 2858 σου
1806 2804 1855 2874 ἐξ
1914 2803 2017 2875 ὅλη

2188 2807 2810 2879 irzeceptum,inquit:«
2844 2808 3059 2880 Diliges
3092 2809 3408 2866 Dominum
3437 2817 3614 2868 Deum
3646 2818 3813 2870 tuum

397 2907 500 2968 τῆς
531 2901 714 2973 ψυχῆς
750 2918 868 2964 σου,
899 2895 989 2950 καὶ
1023 2894 1072 2965 ἐξ
1120 2894 1258 2962 ὅλης
1307 2901 1404 2963 τῆς
1447 2891 1670 2965 καρδίας
1727 2915 1842 2961 σου,
1874 2893 1962 2947 καὶ
2002 2893 2022 2946 ὲ

2189 2913 2232 2951 ιχ
2262 2901 2383 2950 tota
2414 2896 2611 2951 anima
2641 2900 2764 2962 tua,
2795 2901 2852 2951 et
2883 2913 2952 2951 ex
2983 2901 3101 2952 toto
3129 2899 3302 2954 corde
3332 2904 3454 2969 tuo,
3486 2905 3543 2956 et
3573 2918 3642 2958 ex
3673 2904 3814 2960 totis

399 2989 540 3060 ὅλης
568 2995 668 3058 τῆς
705 2986 895 3061 ἰσχύος
927 3005 1021 3039 σου
1049 2983 1137 3038 καὶ
1171 2984 1259 3038 τὸν
1281 2981 1518 3053 πλησίον
1545 3004 1638 3036 σου
1671 2982 1746 3044 ὡς
1774 2981 2024 3038 σεαυτόν-

2186 2989 2385 3045 riribus
2419 2991 2537 3045 tuis
2570 3006 2582 3044 :
2618 2993 2673 3044 et
2706 2989 3033 3060 proximum
3067 2994 3234 3044 tuum
3267 2990 3422 3047 sicut
3451 2992 3702 3065 teipsum
3734 2995 3811 3050 ⁸.»

397 3082 559 3154 Ἄρα,
623 3073 809 3144 ἐπειδὴ
871 3074 969 3129 οὐκ
1025 3075 1140 3128 εἶπε
1198 3074 1394 3149 Κύριον
1448 3073 1540 3127 τὸν
1602 3071 1729 3126 Θεόν
1789 3093 1907 3139 σου,
1960 3092 2022 3125 κα

2182 3078 2313 3132 ιυω
2363 3093 2495 3134 vero
2545 3077 2822 3148 quoniam
2872 3095 2987 3133 non
3034 3079 3212 3146 dixit,
3259 3081 3572 3136 Dominum
3624 3082 3807 3139 Deum

397 3169 520 3223 Υἳὸν
554 3167 738 3236 αὐτοῦ,
773 3165 834 3220 οὐ
868 3161 949 3219 δεῖ
978 3163 1185 3239 ἀγαπᾷν
1231 3165 1404 3236 ἡμᾶς,
1457 3160 1671 3234 μᾶλλον
1717 3159 1774 3216 δὲ
1819 3181 2022 3237 συναγαη

2186 3184 2324 3222 uum
2358 3171 2415 3222 et
2450 3167 2656 3221 Filium
2704 3167 2856 3236 ejus,
2887 3184 3003 3223 non
3035 3171 3263 3238 Oportet
3293 3185 3398 3224 nos
3448 3168 3714 3243 diligere,
3744 3188 3809 3227 ac

397 3263 500 3329 πᾷν
561 3256 742 3330 Κυρίῳ
797 3259 874 3326 τῷ
931 3257 1046 3326 Θεῷ
1099 3253 1187 3307 καὶ
1245 3253 1390 3320 Υἱὸν,
1449 3251 1538 3306 καὶ
1595 3251 1657 3306 τὸ
1716 3255 1935 3323 Πνεῦμα
1981 3252 2022 3304 τε

2178 3272 2271 3310 ion
2305 3256 2499 3327 potius
2531 3273 2648 3311 una
2677 3272 2810 3310 cum
2846 3256 3009 3310 Patre
3052 3254 3217 3328 diligi
3247 3263 3374 3312 tum
3408 3257 3641 3327 Filium,
3677 3265 3803 3316 tum

402 3349 591 3421 ἅγιον;
626 3346 832 3403 Μακεδ.
869 3341 990 3399 Ναί.
1045 3341 1201 3398 Ἀλλ’
1251 3341 1388 3408 εἷπε,
1421 3345 1526 3396 ποῦ
1576 3340 1704 3403 Θεὸς
1736 3341 1799 3395 τὸ
1832 3345 2027 3413 Πνεῦμι

2174 3345 2442 3415 Spiritum
2490 3344 2811 3400 sanctum?
2843 3343 3039 3400 Maced.
3093 3345 3269 3402 Sane.
3312 3346 3423 3402 Sed
3469 3347 3666 3420 dicito,
3702 3351 3799 3405 ubi

404 3431 632 3512 εἶρηται.
658 3436 810 3510 Ὀρθ.
857 3433 1000 3494 Τὲως
1053 3435 1187 3504 μάθε
1237 3431 1366 3485 αὐτὸ
1401 3431 1476 3503 μὴ
1511 3430 1769 3506 χωρίζειν
1800 3436 1900 3499 τῆς
1930 3449 2029 3484 κοι·

2176 3434 2413 3506 Spiritus
2461 3439 2700 3490 sanctus
2748 3434 2942 3490 dictus
2975 3434 3049 3490 sit
3095 3434 3271 3492 Deus.
3329 3437 3490 3493 Orth.
3540 3439 3801 3496 Primum

400 3524 584 3586 νωνίας
640 3528 737 3579 τοῦ
795 3521 1006 3595 Πατρὸς
1059 3520 1147 3575 καὶ
1205 3524 1304 3576 τοῦ
1351 3521 1500 3591 Υἱοῦ,
1534 3517 1680 3574 ἀλλὰ
1738 3523 2025 3593 συναγαπᾷ·

2182 3524 2316 3580 lisce
2346 3523 2632 3595 Spiritum
2666 3540 2781 3578 non
2813 3539 3087 3595 separare
3117 3541 3150 3579 a
3181 3524 3367 3581 Patris
3398 3530 3454 3581 et
3483 3527 3612 3582 Filii
3644 3545 3807 3584 com-

395 3619 476 3687 τῷ
503 3613 696 3690 Πατρὶ,
727 3612 816 3668 καὶ
841 3616 920 3684 τῷ
951 3612 1083 3683 Υἱῴ,
1113 3610 1203 3664 καὶ
1251 3611 1315 3665 τὸ
1347 3612 1498 3685 ἅγιον
1553 3613 1792 3681 Πνεῦμα,
1827 3609 1875 3681 ἐξ
1909 3607 2014 3678 ὅλη

2180 3613 2461 3681 nunione,
2505 3629 2607 3667 seu
2659 3629 2776 3667 una
2823 3629 2957 3668 cum
3009 3613 3172 3668 Patre
3220 3620 3280 3670 et
3327 3615 3473 3672 Filio
3522 3617 3805 3689 Spiritum

395 3707 495 3774 τῆς
525 3704 714 3780 ἰσχύος
747 3724 862 3773 σου,
895 3701 983 3756 καὶ
1017 3699 1066 3772 ἐξ
1095 3698 1233 3770 ὅλης
1275 3702 1374 3768 τῆς
1429 3703 1613 3774 ψυχῆς
1663 3719 1782 3766 σου,
1809 3697 1898 3752 καὶ
1929 3697 2020 3752 τότ

2181 3718 2392 3774 μλοίιυθ
2422 3707 2689 3758 sanetum
2723 3700 2963 3772 diligere
2993 3703 3131 3758 totis
3159 3703 3382 3760 viribus
3411 3705 3806 3780 tuis,totaque

400 3794 685 3872 ἐπίγνωσιν
736 3797 868 3847 Θεοῦ
918 3790 1185 3866 εὑρήσεις.
1232 3786 1438 3846 Μακεδ.
1492 3789 1719 3863 Ἀγαπῶ
1775 3788 1869 3859 μὲν
1921 3786 2025 3842 αὐτΙ

2182 3792 2358 3846 mima
2389 3797 2508 3859 tua,
2529 3795 2585 3845 et
2613 3795 2753 3845 tunc
2787 3791 3053 3846 notitiam
3087 3791 3188 3846 Dei
3219 3794 3574 3865 assequeris.
3608 3797 3807 3853 Maced.

392 3885 444 3958 ἐξ
477 3884 614 3955 ὅλης
645 3889 746 3952 τῆς
776 3877 1021 3955 καρδίας,
1054 3879 1142 3933 καὶ
1193 3877 1242 3948 ἐξ
1275 3877 1412 3948 ὅλης
1458 3885 1558 3946 τῆς
1591 3881 1773 3952 ψυχῆς
1806 3876 1895 3930 καὶ
1931 3874 2017 3931 δια

2180 3879 2472 3950 )iligimus
2502 3895 2634 3934 eum
2669 3884 2789 3934 toto
2821 3879 3259 3952 corde,totaque
3275 3882 3474 3938 anima
3503 3890 3561 3938 et
3593 3891 3805 3954 mente,

392 3974 563 4036 νοίας·
602 3972 663 4027 οὐ
725 3972 832 4044 μὴν
883 3967 1131 4044 θεολογῶ
1190 3967 1340 4024 αὐτό.
1403 3967 1553 4042 Ὀρθ.
1606 3969 1728 4027 Πῶς
1780 3965 1880 4041 γὰρ
1918 3963 2017 4019 δύν-

2181 3985 2347 4040 ieque
2376 3974 2572 4024 tamen
2603 3985 2737 4023 eum
2769 3969 3024 4024 dicimus
3057 3969 3239 4026 Deum
3271 3989 3420 4028 esse.
3450 3973 3806 4032 0r!h.Enim-

391 4063 718 4138 θεολογῆσαι
747 4061 810 4114 τὸ
841 4063 1083 4130 Πνεῦμα,
1117 4058 1145 4110 ὁ
1181 4056 1256 4128 μή
1303 4053 1475 4118 θέλων
1528 4053 1695 4108 εἰπεῖν
1745 4054 1841 4121 τὴν
1877 4054 2016 4123 αὐτῆ

2178 4074 2307 4122 πετο,
2340 4057 2436 4126 qui
2470 4056 2662 4128 possis
2693 4057 2976 4126 Spiritum
3027 4059 3219 4115 dicere
3270 4065 3472 4131 Deum,
3506 4064 3605 4136 qui
3652 4064 3803 4121 noli

387 4151 691 4222 οὐσίαν,καὶ
724 4147 996 4219 δόξαν,καὶ
1034 4145 1264 4222 βουλὴν,
1296 4145 1387 4198 καὶ
1422 4141 1650 4216 δύναμιν
1700 4143 1909 4217 ΙΙατρὸς
1954 4164 2012 4197 κα

2173 4147 2416 4201 ιαιηάοῑη
2451 4146 2844 4202 substantiam
2877 4150 2934 4201 et
2974 4147 3244 4218 gloriam.
3277 4150 3432 4206 idem
3465 4153 3798 4225 consilium,

381 4244 511 4297 Υἲοῦ
532 4262 544 4311 ;
565 4239 696 4296 ἀλλ’
726 4236 936 4293 ἐναντία
962 4235 1186 4308 εὐρὲθης
1210 4232 1386 4309 λέγων
1467 4225 1848 4306 προσεϐἀλλου
1866 4231 2006 4285 πίστε

2175 4236 2537 4305 ιιιωάοωιιυθ
2586 4239 2935 4306 potestatem
2986 4235 3194 4305 Patris,
3227 4242 3284 4293 et
3331 4239 3459 4295 Filii
3510 4243 3696 4313 fateri,
3742 4248 3800 4300 et

382 4337 478 4387 τοῦ
516 4328 784 4405 μακαρίο)
817 4329 1138 4382 Λουκιανοῦ.
1190 4319 1390 4379 Μακεδ.
1446 4321 1583 4396 Ἐγὼ
1614 4320 1870 4387 πιστεύω,
1904 4321 1978 4382 ὡς

2172 4327 2485 4394 :ompertus
2512 4323 2595 4378 sis
2625 4322 2737 4394 ipsi
2771 4323 2923 4378 beati
2957 4324 3192 4382 Luciani
3227 4329 3599 4401 confessioni,
3620 4350 3797 4403 quam

385 4420 652 4496 μακάριος
704 4417 1027 4489 Λουκιανὸς,
1080 4413 1170 4469 καὶ
1220 4412 1364 4489 λέγω
1412 4411 1615 4480 οὐσίας,
1661 4410 1750 4465 καὶ
1806 4409 2010 4486 βουλῆς

2169 4410 2808 4484 ipponebas,contraria
2832 4412 3050 4469 sentire
3071 4413 3098 4468 ?
3118 4413 3322 4471 Maned.
3356 4417 3474 4490 Ego
3496 4417 3577 4475 ita
3601 4423 3794 4492 credo,

382 4512 474 4565 καὶ
508 4507 808 4582 δυνάμεως,
861 4507 952 4561 καὶ
1003 4502 1163 4575 δόξης
1214 4500 1636 4580 ἀπαράλλακτον
1689 4499 1884 4554 εἷκόνα·
1935 4501 2003 4569 τη

2170 4507 2214 4557 1t
2243 4503 2450 4556 beatus
2481 4500 2866 4570 anianus,et
2891 4501 3074 4558 fateor
3102 4503 3421 4576 imaginem
3454 4509 3795 4566 substantias

383 4600 548 4671 αὐτὴν
580 4599 642 4655 οὐ
674 4598 821 4674 λέγω
867 4593 992 4653 οὐδὲ
1041 4595 1248 4662 οὐσίαν,
1301 4590 1424 4648 οὐδὲ
1468 4592 1716 4662 Θεὸτητα,
1750 4588 1876 4646 οὐδὲ
1909 4591 2008 4666 βου

2168 4596 2204 4647 ιι
2251 4589 2500 4657 consilii,
2551 4597 2605 4644 et
2651 4591 2975 4662 potestatis,
3028 4599 3085 4648 et
3137 4592 3332 4666 glorias
3382 4595 3732 4656 invariatam
3781 4617 3793 4658 :

383 4687 512 4760 λὴν,
573 4690 696 4745 οὕτε
751 4686 998 4761 δύναμιν,
1059 4685 1182 4739 οὕτε
1241 4681 1420 4755 δόξαν.
1482 4684 1631 4758 Ὀρθ.
1696 4685 1887 4752 Σαυτῷ
1947 4678 2008 4734 οὗ

2170 4681 2412 4736 :amdem
2449 4684 2643 4735 tamen
2677 4679 3072 4737 substantiam
3123 4699 3238 4738 non
3271 4684 3423 4755 dico,
3456 4703 3645 4758 neque
3676 4689 3795 4746 dei-

380 4780 592 4835 ἐναντία
623 4779 805 4854 λέγεις
837 4776 927 4832 καὶ
959 4779 1037 4847 τῷ
1091 4771 1339 4847 μακαρίῳ
1389 4774 1692 4842 Λουκιανῷ’
1727 4770 1815 4824 καὶ
1857 4764 2005 4823 ὥσπε

2175 4775 2348 4837 atem,
2384 4785 2573 4840 neque
2602 4769 2756 4825 idem
2790 4771 3125 4842 consilium,
3160 4788 3349 4845 neque
3396 4778 3663 4833 eamdem
3698 4797 3799 4852 po-

381 4869 434 4924 oi
469 4870 769 4945 Μανιχαῖοι
833 4866 923 4921 καὶ
984 4864 1212 4940 Φρύγες,
1271 4861 1362 4915 καὶ
1421 4866 1588 4914 πᾶσαι
1646 4858 1878 4935 αἱρέσεις
1929 4861 2006 4931 (2Ξ

2177 4864 2447 4927 estatem,
2483 4873 2666 4928 neque
2714 4859 2985 4931 gloriam.
3021 4860 3172 4916 Orth.
3213 4863 3412 4934 Itaque
3461 4870 3518 4921 et
3546 4866 3654 4921 tibi
3688 4868 3798 4938 ipsi

381 4958 654 5035 λέγουσιν,
690 4956 862 5017 οὕτως
894 4953 1240 5025 πιστεύομεν,
1283 4952 1356 5012 ὡς
1409 4951 1461 5004 o't
1510 4946 1831 5004 ἀπόστολοι·
1867 4947 2006 5017 ἒξετα

2175 4953 2208 5003 ιι
2239 4951 2405 5004 beato
2457 4947 2713 5003 Luciano
2767 4950 3122 5006 contradicis
3156 4969 3168 5008 :
3203 4957 3259 5006 et
3301 4956 3800 5024 quemadmodum

383 5048 601 5120 ζὸμενοι
653 5045 730 5119 δὲ,
786 5044 996 5100 ἐναντία
1047 5039 1382 5116 εὑρίσκονται
1438 5039 1699 5112 λέγοντες
1752 5037 1894 5091 οὕτω
1950 5057 2008 5090 κο

2174 5036 2454 5092 danichaei
2486 5041 2543 5092 et
2574 5037 2851 5109 Phryges,
2887 5055 3207 5109 omnesque
3237 5043 3383 5097 adeo
3427 5043 3677 5101 hmreses
3706 5045 3799 5100 di-

381 5137 538 5199 αὐτὸς
567 5141 763 5196 ποιεῖς.
792 5134 888 5189 Καὶ
921 5130 1195 5189 Ἰουδαίων
1227 5127 1284 5185 δὶ
1314 5129 1455 5184 ἔστιν
1491 5127 1740 5197 ἀκοῦσαι,
1773 5125 1854 5180 ὅτι
1887 5125 2006 5179 Οὕτι

2170 5127 2384 5193 :titant,
2417 5125 2735 5193 credimus,
2770 5133 2833 5181 ut
2865 5129 3048 5183 sancti
3083 5130 3330 5200 apostoli
3376 5133 3750 5190 crediderunt
3783 5151 3795 5190 :

385 5226 732 5301 πιστεύομεν,
767 5225 840 5286 ὡς
873 5224 900 5278 ὁ
936 5221 1198 5299 μακάριος
1248 5226 1451 5288 Μωσῆς
1500 5218 1589 5273 καὶ
1641 5217 1692 5272 οἱ
1741 5221 2010 5293 προφῆται

2172 5215 2252 5270 ibi
2285 5217 2482 5269 autem
2531 5213 2962 5282 examinantur,
2996 5217 3285 5275 contraria
3330 5219 3522 5276 dicere
3564 5237 3797 5293 compe-

451 5459 474 5496 ⁸
508 5461 675 5517 Deut.
705 5475 788 5528 v1,
815 5459 869 5513 6.
947 5458 968 5492 ‘
999 5454 1110 5513 Job
1137 5471 1218 5524 Ix,
1250 5454 1304 5510 8.
1382 5454 1404 5488 ⁸
1431 5451 1637 5510 Matth.
1671 5467 1747 5520 ιν,
1784 5450 1871 5507 10.
1947 5449 1969 5485 ⁸
2001 5447 2167 5503 Deut.
2199 5462 2279 5517 v1,
2309 5446 2364 5501 5.

455 5684 569 5761 (23)
599 5680 1008 5757 Manuscripti,
1037 5682 1184 5737 πᾶσα
1211 5674 1440 5755 αἵρεσις.

711 5813 972 5876 ΡΑτειοι..
1024 5810 1134 5874 Gn.
1182 5806 1456 5874 XXVIII.
3409 5805 3493 5872 39
