4116 6360
381 297 533 358 1227

1548 294 1612 353 S.
1659 292 2182 357 ATHANASIUS.
2219 329 2293 339 —
2325 291 2634 360 SPURIA.

3646 292 3807 359 1228

378 432 635 500 riuntur,
681 429 762 485 ita
791 433 849 486 et
893 432 957 484 tu
988 427 1153 485 facis.
1190 429 1311 484 [mo
1359 428 1533 485 etiam
1565 444 1637 484 ex
1681 427 1897 484 Iudaeis
1925 445 1999 485 au

2143 428 2233 483 καὶ
2290 427 2342 483 ἐν
2392 434 2513 493 ταῖς
2570 429 2897 508 ἐρωτήσεσιν
2964 429 3125 487 αὐτὸν
3178 428 3268 487 τὸν
3315 428 3801 510 προφητευόμενον

374 522 497 578 dire
527 520 664 577 licet
695 538 708 577 :
743 520 829 575 Ita
857 517 1175 585 credimus,
1210 523 1275 573 ut
1323 518 1529 573 beatus
1559 517 1751 573 Moses
1795 521 1853 572 et
1880 533 2025 589 pro-

2140 517 2479 594 εὐρίσκονται
2511 522 2940 599 σταυρώσαντες.

375 612 583 686 phetae,
617 626 763 683 quos
813 613 1008 665 tamen
1060 607 1108 664 si
1140 607 1484 680 interroges,
1537 606 1903 679 reperientur
1948 623 2085 664 eum
2135 609 2355 682 ipsum,
2388 612 2459 668 de
2508 629 2624 685 quo
2666 613 2967 670 vaticinati
3016 616 3157 669 sunt
3204 610 3525 686 prophetae,
3558 611 3801 668 cruciﬁ-

376 718 553 759 X1886.

450 791 605 848 450
637 790 724 845 16.
750 787 1084 844 Maced.Nos
1104 785 1359 842 dicimus
1383 785 1593 841 Filium
1618 801 1747 842 esse
1780 785 2034 842 invaria-

378 887 497 938 tam
522 879 842 951 imaginem
865 875 1623 942 substantiae,etconsilii,et
1643 875 2037 948 potestatis,et

377 968 575 1043 gloriae
597 967 928 1034 Patris,non
957 965 1210 1021 dicimus
1232 969 1425 1020 tamen
1452 979 1581 1020 esse
1603 980 1672 1020 ex
1696 964 1881 1020 Patris
1899 966 2034 1021 sub-

377 1058 615 1126 stantia,
650 1072 840 1129 neque
869 1055 1137 1111 eamdem
1169 1052 1583 1122 substantiam,
1615 1057 1673 1110 et
1702 1054 1857 1111 idem
1891 1070 2030 1110 con-

375 1148 872 1214 silium,eamdem
907 1147 1257 1217 potestatem
1288 1150 1345 1198 et
1373 1142 1939 1216 gloriam.Superest
1968 1147 2032 1200 ut

374 1237 614 1308 dicas,si
639 1234 930 1309 potes,ubi
954 1234 1239 1305 scriptum
1257 1231 1640 1304 sit,Spiritum
1662 1249 1791 1290 esse
1822 1239 2025 1291 Deum.

378 1326 494 1382 Dic.
526 1324 674 1390 Quid
709 1340 799 1379 me
830 1322 1109 1395 paulatim
1161 1321 1419 1377 cnecas?
1451 1322 1600 1378 Orth.
1637 1323 1778 1378 Cum
1831 1328 1886 1379 te
1917 1323 2027 1380 tibi

371 1415 481 1488 ipsi
513 1429 840 1487 repugnare
870 1411 1263 1479 ostenderem,
1300 1416 1364 1466 ut
1396 1412 1692 1468 auditores
1725 1418 2029 1483 norunt,et

371 1505 412 1573 ii
443 1504 819 1577 cognoscent,
850 1501 949 1572 qui
1003 1499 1124 1554 hzec
1175 1503 1317 1555 sunt
1364 1510 1567 1571 postea
1620 1498 1850 1571 lecturi,
1885 1506 2026 1558 tunc

371 1595 547 1649 etiam
578 1590 809 1648 ostendi
836 1587 1511 1660 Paracletum,Spiritum
1541 1588 1709 1644 illum
1739 1589 2024 1658 veritatis,

369 1698 500 1738 esse
551 1681 759 1751 Deum,
805 1685 863 1735 et
906 1678 1200 1751 opiﬁcem,
1232 1682 1289 1733 et
1334 1676 1650 1733 viviticum.
1702 1678 1906 1735 Maced.
1960 1679 2021 1736 Si

368 1771 456 1828 vel
490 1786 675 1826 unum
706 1770 955 1825 istorum
987 1765 1333 1833 ostenderis,
1366 1766 1503 1822 ﬁam
1547 1769 2021 1826 consubstantia-

2217 790 2304 845 16.
2335 786 2537 845 Μακεδ.
2570 791 2762 865 Ἡμεῖς
2795 790 3002 863 οὐσίας,
3023 788 3113 846 καὶ
3139 789 3465 866 βουλῆς,καὶ
3490 787 3803 864 δυνάμεως,

2141 876 2231 931 καὶ
2264 874 2448 949 δόξης,
2473 877 2893 953 ἀπαράλλακτον
2923 880 3107 936 εἰκόνα
3135 877 3369 956 λέγομεν
3410 881 3502 936 τὸν
3536 880 3661 935 Υἰὸν
3701 884 3803 935 τοῦ

2141 967 2377 1040 Πατρόςο
2413 966 2535 1024 οὔτε
2566 966 2623 1024 δὲ
2655 969 2714 1025 ἐκ
2739 978 2842 1041 τῆς
2875 969 3059 1034 οὐσίας
3091 969 3343 1045 λὲγομεν,
3369 967 3493 1026 οὔτε
3512 971 3612 1041 τὴν
3629 969 3798 1039 αὐτὴν

2141 1055 2348 1128 οὐσίαν,
2379 1058 2469 1113 καὶ
2504 1058 2733 1134 βουλὴν,
2767 1061 2856 1116 καὶ
2890 1057 3141 1136 δύναμιν,
3173 1059 3262 1116 καὶ
3310 1058 3721 1131 δόξαν.Λοιπὸν,
3754 1059 3801 1115 εἰ

2140 1141 2288 1222 ἔχεις
2333 1146 2527 1219 εἰπεῖν,
2558 1152 2664 1205 ποῦ
2695 1152 3018 1227 γέγραπται,
3070 1151 3201 1214 Θεὸς
3248 1149 3312 1206 τὸ
3360 1151 3602 1223 Πνεῦμα,
3656 1147 3792 1205 εἰπὲ.

2136 1234 2196 1289 Τί
2232 1257 2298 1309 με
2327 1238 2518 1308 σήπεις
2551 1258 2564 1307 ;
2601 1239 2747 1314 Ὀρθ.
2796 1241 2924 1298 ’Ότι
2975 1236 3167 1315 ἔδειξα,
3218 1238 3300 1296 ὅτι
3354 1239 3534 1312 σαυτῷ
3582 1236 3793 1295 ἐναντία

2137 1320 2336 1400 λὲγεις,
2369 1326 2443 1389 ὡς
2477 1327 2527 1382 οἱ
2560 1327 2818 1403 ἀκροαταὶ
2852 1327 3016 1403 ἴσασι,
3048 1329 3138 1386 καὶ
3171 1331 3224 1385 οἱ
3272 1328 3405 1404 μετά
3445 1332 3614 1384 ταῦτα
3660 1327 3793 1383 ἀνα-

2135 1415 2495 1488 γινώσκοντες
2538 1417 2860 1494 γνώσονται,
2891 1417 3015 1474 τότε
3065 1415 3335 1494 δείκνυμι,
3397 1417 3480 1474 ὅτι
3527 1416 3620 1473 καὶ
3663 1417 3794 1481 Θεὸς

2134 1503 2224 1558 καὶ
2270 1503 2494 1577 κτίστης
2551 1506 2641 1562 καὶ
2704 1508 2974 1578 ζωοποιός
3034 1508 3173 1564 ἐστιν
3229 1510 3257 1565 ὁ
3318 1507 3679 1585 Παράκλητος
3729 1506 3796 1562 τὸ

2133 1597 2356 1669 Πνεῦμα
2408 1602 2510 1666 τῆς
2567 1595 2849 1667 ἀληθείας.
2911 1594 3114 1653 Μακεδ.
3176 1596 3282 1653 Κᾶν
3330 1596 3386 1652 ἓν
3420 1598 3534 1672 (24)
3579 1595 3794 1653 τούτων

2131 1678 2341 1758 δείξῃς,
2402 1683 2627 1760 γίνομαι
2683 1687 3125 1759 ὁμοουσιαστής.
3188 1687 3349 1763 Ὀρθ.
3401 1686 3515 1741 Τίνι
3574 1685 3719 1742 εἶπεν
3765 1689 3795 1745 ὁ

2130 1771 2277 1834 Θεόςο
2310 1798 2337 1825 ‹‹
2384 1776 2709 1849 Ποιήσωμεν
2760 1772 3041 1852 ἄνθρωπον
3100 1776 3217 1832 κατ’
3276 1775 3457 1832 εἰκόνα
3513 1777 3790 1852 ἡμετέραν

364 1860 524 1917 lista.
555 1863 720 1919 Orth.
773 1857 1017 1913 Cuinam
1067 1855 1215 1911 dixit
1261 1856 1415 1911 Deus
1450 1872 1461 1909 :
1496 1878 1524 1906 «
1558 1856 1865 1912 Faciamus
1916 1858 2006 1913 ho-

2127 1862 2217 1918 καὶ
2246 1864 2365 1917 καθ’
2397 1863 2660 1936 ὁμοίωσιν
2695 1884 2709 1935 ;
2744 1888 2773 1916 ››
2804 1862 3008 1923 Manu-:3.
3040 1867 3102 1924 Ὁ
3137 1866 3268 1929 Θεὸς
3296 1865 3386 1921 καὶ
3426 1868 3620 1944 Πατὴρ
3666 1864 3792 1923 ἔλε-

368 1952 590 2006 minem
621 1949 692 2005 ad
726 1946 1045 2019 imaginem
1077 1950 1135 2001 et
1164 1945 1614 2001 similitudinem
1650 1948 2021 2003 nostram7?»

365 2040 567 2096 Maced.
620 2038 775 2093 Deus
823 2036 995 2092 Pater
1028 2034 1135 2089 hoc
1185 2032 1327 2090 dicit
1359 2034 1501 2089 Filio
1549 2040 1679 2089 Deo.
1734 2036 1894 2093 Orth.
1944 2038 2021 2092 Ex

366 2146 433 2186 eo
482 2129 631 2200 ipso,
663 2127 817 2199 quod
867 2125 1135 2181 etl'ectum
1189 2127 1297 2189 est,
1333 2139 1651 2195 possumus
1697 2123 2022 2197 intelligere

363 2219 600 2276 cuinam
636 2216 692 2272 id
721 2214 930 2271 dixerit
959 2213 1116 2287 quod
1152 2216 1354 2285 postea
1385 2212 1658 2268 effectum
1693 2212 1818 2268 fuit.
1844 2214 2021 2270 Estne

363 2309 539 2365 homo
573 2306 643 2362 ad
679 2303 999 2377 imaginem
1036 2301 1129 2357 Dei
1163 2301 1372 2371 factus,
1402 2317 1595 2357 annon
1624 2301 1651 2354 ?
1681 2301 1876 2358 Maced.
1914 2303 2016 2358 Est

364 2412 527 2453 sane.
562 2395 712 2453 Orth.
747 2391 850 2450 Dic
880 2392 1065 2466 igitur
1096 2408 1110 2448 ε
1147 2390 1296 2448 Num
1335 2393 1526 2462 potest
1556 2391 1729 2446 homo
1758 2408 1888 2448 esse
1922 2392 2018 2448 Dei

367 2487 584 2558 imago,
612 2500 747 2540 cum
780 2499 895 2538 non
927 2481 1000 2538 sit
1031 2480 1323 2552 perfectus
1355 2495 1368 2535 :
1403 2483 1458 2535 et
1489 2495 1630 2535 num
1668 2484 1850 2552 potest
1888 2498 2018 2553 per-

370 2579 555 2634 fectus
586 2592 735 2643 esse,
768 2590 940 2645 quem
971 2572 1220 2646 Spiritus
1251 2576 1493 2627 sanctus
1524 2587 1639 2626 non
1681 2573 2017 2628 sanctiﬁca-

369 2667 494 2723 rit?
516 2664 946 2724 Macedﬂmnes
975 2662 1155 2734 igitur
1185 2660 1453 2717 homines
1488 2660 1700 2717 habent
1730 2661 2016 2733 Spiritum

369 2761 639 2814 sanctum
667 2751 926 2809 ?0rth.Si
957 2766 1163 2808 omnes
1183 2749 1664 2805 suntsecundum
1696 2748 2014 2821 imaginem

365 2845 627 2922 perfecti,
654 2859 860 2899 omnes
889 2855 1123 2914 quoque
1153 2837 1438 2910 Spiritum
1469 2843 1741 2894 sanctum
1775 2838 2011 2895 habent.

362 2937 577 2995 Maced.
611 2933 828 2990 Omnes
859 2930 1078 2986 habent
1108 2928 1277 2983 illum
1310 2928 1635 2983 secundum
1670 2927 2010 2999 imaginem.

362 3027 513 3085 Orth.
566 3022 868 3090 Quomodo
914 3018 1094 3092 igitur
1146 3016 1358 3073 Paulus
1410 3017 1645 3088 inquit:
1699 3039 1725 3067 ‹‹
1758 3017 1830 3072 Ut
1881 3017 2012 3074 sitis

357 3116 685 3173 secundum
735 3109 1055 3183 imaginem
1101 3107 1253 3177 ejus,
1294 3107 1393 3179 qui
1444 3105 1707 3161 condilit
1753 3123 1853 3163 vos
1882 3106 1946 3161 3?
1978 3128 2006 3159 ››

355 3210 416 3263 et
447 3204 582 3261 alibi
618 3219 670 3259 ιι(
699 3202 862 3256 Sicut
889 3196 1256 3272 portavimus
1280 3195 1594 3267 imaginem
1627 3197 2004 3269 terreni,por-

353 3300 550 3352 tamus
578 3291 895 3364 imaginem
928 3285 1180 3343 caelestis
1210 3286 1231 3320 ο
1255 3285 1282 3339 ‘I
1312 3306 1339 3334 »
1373 3285 1794 3341 Maced.Annon
1827 3286 2007 3359 igitur

352 3400 559 3442 omnes
590 3397 803 3438 sumus
835 3377 1160 3435 secundum
1207 3374 1526 3447 imaginem
1547 3375 1575 3429 ?
1606 3375 1762 3430 Orth.
1802 3376 2004 3433 Pecca-

348 3478 506 3530 tores
536 3484 911 3542 nequaquam
947 3484 957 3520 :
995 3466 1095 3539 qui
1126 3481 1261 3521 vero
1291 3464 1486 3520 carnis
1516 3463 1774 3519 actiones
1800 3464 2001 3521 morti-

347 3564 549 3628 ficant,
582 3565 642 3615 et
671 3559 925 3614 induunt
973 3571 1186 3611 novum
1216 3552 1387 3608 illum
1419 3552 1717 3608 hominem
1749 3553 1819 3608 ad
1852 3554 1998 3610 ima-

2129 1971 2191 2026 γε
2230 1955 2311 2005 τῶ
2358 1952 2470 2024 Υἱῷ
2518 1952 2606 2007 καὶ
2652 1954 2789 2027 Θεῷ.
2834 1955 2981 2030 Ὀρθ.
3029 1960 3152 2011 Ἀπ’
3198 1953 3363 2010 αὐτοῦ
3409 1958 3509 2010 τοῦ
3555 1955 3791 2033 γεγονό-

2128 2060 2223 2103 τος
2255 2037 2528 2115 δυνάμεθα
2573 2046 2797 2118 γνῶναι,
2835 2043 2943 2098 τίνι
2995 2039 3148 2121 ἔλεγε
3193 2044 3257 2099 τὸ
3300 2043 3550 2120 γεγονός.
3585 2046 3648 2102 Ὁ
3696 2043 3793 2101 ἄν·

2132 2129 2349 2203 Ορωπος
2390 2128 2596 2205 ἐγένετο
2639 2137 2755 2186 κατ’
2804 2131 2984 2187 εἰκόνα
3033 2137 3191 2204 Θεοῦ,
3223 2134 3256 2203 ἢ
3293 2131 3354 2188 οὗ
3388 2154 3402 2204 ;
3435 2131 3638 2191 Μακεδ.
3692 2133 3792 2188 Καὶ

2128 2217 2288 2275 πάνυ.
2342 2219 2499 2294 Ὀρθ.
2554 2219 2690 2275 Εἰπὲ
2744 2218 2859 2294 οὖν,
2910 2221 2958 2277 εἷ
2998 2219 3214 2278 δύναται
3262 2221 3420 2278 εἷ’κὼν
3469 2226 3604 2280 Θεοῦ
3654 2222 3792 2279 εἶναι

2130 2307 2438 2384 ἅνθρωπος,
2474 2309 2550 2381 μή
2602 2307 2676 2363 ὣν
2728 2306 2934 2385 ἄρτιος·
2986 2311 3076 2366 καὶ
3132 2310 3180 2367 εἴ
3230 2309 3449 2367 δύναται
3502 2312 3638 2368 εἶναι
3689 2314 3786 2390 ἄρ-

2125 2417 2264 2469 τιος,
2294 2398 2376 2465 γίή
2408 2398 2684 2473 ἀγιασϐεὶς
2726 2403 2806 2472 τῷ
2856 2398 3125 2473 Πνεύματι
3156 2408 3257 2472 τῆς
3297 2401 3628 2478 ἁγιωσύνης.
3665 2408 3783 2457 Μα-

2126 2482 2240 2542 κεδ.
2274 2486 2376 2543 Καὶ
2407 2487 2600 2551 πάντες
2632 2486 2723 2542 οὖν
2767 2488 2819 2543 οἰ
2867 2487 3143 2567 ἅνθρωποι
3176 2493 3398 2565 Πνεῦμα
3428 2491 3578 2569 ἅγιον
3613 2486 3783 2568 ἔχου-

2126 2595 2206 2629 σιν
2243 2598 2258 2647 ς
2292 2577 2440 2652 Ὀρθ.
2504 2575 2567 2633 Εἰ
2625 2576 2816 2640 πάντες
2874 2577 2977 2633 εἰσὶ
3035 2586 3151 2635 κατ’
3206 2579 3387 2635 εἰκόνα
3436 2581 3638 2657 ἄρτιοι,
3691 2580 3784 2637 καὶ

2125 2666 2319 2727 πάντες
2407 2668 2631 2739 Πνεῦμα
2711 2668 2865 2743 ἅγιον
2952 2661 3191 2744 ἔχουσιν.
3271 2667 3453 2726 Μακεδ
3489 2714 3502 2727 .
3577 2672 3783 2733 Πάντες

2126 2751 2320 2829 ἔχουσι
2348 2755 2411 2810 τὸ
2440 2755 2557 2809 κατ’
2586 2754 2787 2813 εἰκόνα.
2823 2757 2970 2832 Ὀρθ.
3007 2758 3133 2820 ΙΙῶς
3168 2755 3258 2813 οὖν
3293 2758 3320 2812 ὁ
3349 2758 3503 2835 ἅγιος
3562 2757 3784 2822 Παῦλος

2126 2842 2294 2918 λέγει’
2335 2866 2357 2898 ι
2408 2845 2597 2906 Ὅπως
2646 2844 2876 2918 γένησθε
2931 2847 3049 2901 κατ’
3106 2845 3289 2902 εἰκόνα
3340 2852 3438 2904 τοῦ
3496 2848 3781 2913 κτίσαντος

2125 2931 2262 3005 ὑμᾶς
2300 2951 2315 3001 ;
2350 2956 2377 2984 ››
2409 2933 2496 2987 καὶ
2530 2933 2582 2988 ἐν
2614 2930 2827 2997 ἄλλοις·
2863 2958 2893 2987 ι(
2921 2935 3020 2990 Καὶ
3072 2936 3248 3000 καθὼς
3300 2935 3633 3015 ἐφορὲσαμεν
3677 2939 3778 3008 τὴν

2123 3020 2302 3076 εἰκόνα
2341 3026 2440 3078 τοῦ
2489 3027 2708 3098 χοϊκοῦ,
2754 3023 3068 3101 φορέσωμεν
3119 3026 3218 3094 τήν
3270 3025 3451 3081 εἰκόνα
3492 3032 3588 3083 τοῦ
3620 3026 3779 3083 ἐπου-

2120 3110 2308 3186 ρανίου
2342 3130 2411 3179 ;››
2462 3108 2663 3167 Μακεδ.
2716 3112 2833 3169 Οὐκ
2878 3110 3037 3186 ἐσμὲν
3081 3112 3173 3169 οῦν
3225 3114 3418 3178 πάντες
3471 3117 3588 3171 κατ’
3626 3116 3775 3173 εἰκό-

2118 3221 2181 3254 να
2213 3220 2227 3271 ;
2260 3201 2410 3274 Ὀρθ.
2445 3200 2510 3254 Oi
2539 3199 2963 3278 ἁμαρτάνοντες,
2997 3200 3081 3258 οῦν
3118 3204 3169 3258 οἰ
3202 3200 3260 3259 δὲ
3287 3204 3382 3267 τὰς
3425 3206 3644 3280 πράξεις
3675 3210 3776 3263 τοῦ

2118 3289 2370 3362 σώματος
2418 3291 2791 3359 θανατοῦντες,
2837 3292 2928 3347 καὶ
2978 3288 3416 3369 ἐνδιδυσκόμενοι
3465 3295 3557 3351 τὸν
3585 3296 3772 3352 καινὸν

2111 3377 2419 3452 ἄνθρωπον,
2468 3380 2559 3435 τὸν
2610 3381 2745 3435 κατᾶ
2792 3381 2920 3436 Θεὸν
2969 3376 3275 3453 κτισθέντα,
3306 3380 3495 3460 ἔχουσι
3548 3385 3610 3439 τὸ
3653 3388 3777 3441 κατ’

2110 3466 2309 3523 εἰκόνα.
2346 3471 2609 3531 Τοιοῦτος
2654 3469 2755 3546 γὰρ
2799 3472 2865 3539 ἦν
2899 3471 2926 3525 ὁ
2959 3468 3139 3545 Ἀδὰμ
3166 3473 3272 3549 πρὸ
3314 3480 3414 3544 τῆς
3458 3481 3767 3548 παρακοῆς.

2110 3554 2346 3618 Ἐκεῖνος
2379 3554 2469 3611 οῦν
2521 3558 2549 3611 ὁ
2592 3558 2708 3613 κατ’
2758 3557 2935 3613 εἷ’κόνα
2981 3565 3077 3615 τοῦ
3106 3565 3240 3616 Θεοῦ
3284 3563 3518 3627 κτισθεὶς
3553 3561 3765 3642 ἅνθρω-

346 3652 544 3725 ginem
578 3649 677 3704 Dei
724 3645 1049 3711 conditum,
1082 3643 1156 3698 iis
1188 3643 1426 3697 demum
1472 3639 1639 3706 illud,
1671 3643 1996 3698 secundum

2121 3664 2207 3706 rrec;
2239 3644 2384 3720 παρά
2440 3646 2680 3722 ΙΙατρὸς,
2738 3648 2828 3702 καὶ
2884 3649 3035 3720 Υἰοῦ,
3083 3650 3173 3705 καὶ
3233 3651 3388 3728 ἁγίου
3448 3639 3765 3728 ΙΙνεῦματος

348 3740 690 3813 imaginem.
742 3734 1044 3807 competit.
1079 3731 1239 3787 Talis
1290 3730 1444 3786 enim
1478 3735 1602 3786 erat
1646 3731 1827 3819 Adam
1852 3738 1998 3819 ante

2121 3732 2343 3805 ἐκτίσθη.
2377 3758 2406 3786 ‹‹
2456 3736 2789 3810 Ποιήσωμεν
2825 3761 2854 3790 ››
2906 3738 3029 3815 γὰρ,
3081 3741 3247 3812 εἶπεν,
3276 3738 3385 3797 ’ἵνα
3429 3743 3528 3812 τὴν
3581 3745 3768 3819 συνερ-

347 3826 902 3902 transgressionem.
938 3823 1118 3879 Homo
1159 3821 1339 3893 igitur
1368 3819 1465 3875 ille
1496 3818 1819 3875 secundum
1846 3818 1994 3876 ima-

2102 3843 2249 3899 γειαν
2302 3820 2446 3899 εἷ’πῃ,
2498 3823 2648 3900 οὐχὶ,
2681 3827 2979 3899 Ποιήσατε,
3006 3826 3096 3884 ἵνα
3130 3830 3207 3901 μὴ
3259 3829 3322 3886 σὸ
3352 3829 3517 3889 πάλιν
3559 3832 3763 3910 ὑπουρ-

341 3919 538 3991 ginem
593 3914 695 3971 Dei
745 3915 997 3980 creatus,
1029 3928 1064 3967 a
1106 3910 1294 3977 Patre,
1346 3913 1404 3964 et
1455 3907 1617 3975 Filio,
1668 3912 1724 3964 et
1772 3907 1992 3980 Spiritu

2121 3913 2197 3987 τὸν
2230 3911 2319 3967 καὶ
2352 3912 2666 3991 λειτουργὸν
2703 3914 2881 3991 εἴπῃς.

338 4012 548 4067 sancto
573 4008 804 4063 creatus
833 4007 945 4059 est.
996 4000 1151 4056 Dixit
1181 3998 1358 4067 enim,
1393 4021 1420 4049 «
1455 3996 1781 4065 Faciamus,
1815 4020 1842 4048 ››
1876 4004 1942 4055 ut
1990 4004 2456 4077 cooperationem
2512 4005 2854 4078 declararet,
2890 4026 3006 4066 non
3060 4016 3279 4083 autem,
3326 4012 3540 4082 Facite,
3577 4031 3648 4072 ne
3695 4018 3759 4071 tu

336 4113 547 4158 rursus
575 4095 1027 4153 subordinatum
1058 4090 1386 4163 operarium
1419 4094 1475 4145 et
1506 4087 1842 4145 ministrum
1875 4090 2060 4150 dicas.

413 4190 498 4245 17.
531 4185 729 4243 Maced.
763 4183 1045 4256 Spiritum
1078 4183 1352 4237 sanctum
1383 4177 1531 4234 dicis
1559 4177 1745 4236 Patris
1775 4184 1832 4235 et
1864 4180 1993 4235 Filii

338 4279 671 4351 adjutorem
706 4280 766 4331 et
795 4273 989 4347 operis
1018 4271 1242 4327 socium
1268 4269 1295 4324 ?
1325 4268 1501 4340 Atqui
1533 4267 1837 4340 Scriptura
1857 4286 1992 4325 san-

2174 4183 2262 4239 47.
2296 4180 2497 4241 Μακεδ.
2530 4183 2599 4239 Τὸ
2659 4187 2884 4260 Πνεῦμα
2936 4188 2999 4243 τὸ
3057 4188 3208 4263 ἅγιον
3267 4191 3515 4266 συνεργὸν
3575 4190 3754 4269 λέγεις

2103 4270 2316 4345 ΙΙατρὸς
2346 4272 2437 4328 καὶ
2471 4272 2596 4327 Υἰοῦ
2631 4293 2645 4343 ;
2678 4274 2740 4330 Ἥ
2769 4276 2954 4353 Γραφή
3002 4272 3061 4332 δὲ
3108 4275 3198 4332 καὶ
3245 4277 3373 4342 τοὺς
3407 4278 3589 4356 ἁγίους
3622 4281 3755 4340 ἀπο-

338 4344 462 4426 ctos
488 4366 666 4424 etiam
697 4344 994 4438 apostolos
1023 4370 1186 4417 vocat
1217 4359 1532 4431 adjutores.
1567 4359 1728 4417 Orth.
1767 4379 1791 4409 ιι
1824 4358 1993 4415 Nem-

2121 4344 2328 4423 ττόλους
2360 4359 2648 4437 συνεργοὺς
2679 4344 2856 4421 καλεῗ.
2890 4344 3040 4441 ἰΟρθ.
3081 4388 3107 4420 ι
3138 4365 3261 4435 Ναί,
3315 4366 3393 4431 εἰς
3573 4392 3750 4445 σωτη-

335 4474 408 4532 pe
434 4458 504 4513 ad
539 4455 787 4513 salutem
821 4466 1046 4520 eorum,
1081 4450 1178 4523 qui
1212 4452 1535 4517 servantur,
1572 4470 1599 4497 ››
1632 4464 1746 4503 non
1786 4452 1984 4505 autem

330 4547 404 4603 ad
454 4544 807 4602 creationem
862 4556 1079 4596 rerum.
1125 4535 1384 4608 Apostoli
1435 4535 1615 4607 igitur
1660 4536 1980 4606 cooperarii

327 4634 567 4708 quidem
616 4633 899 4690 dicuntur
929 4629 1001 4684 ad
1033 4627 1341 4684 hominum
1389 4625 1666 4691 salutem,
1698 4624 1980 4696 quoniam

324 4725 561 4781 fuerunt
590 4727 648 4778 ct
695 4716 1149 4790 sunttemplum
1200 4715 1456 4787 Spiritus
1505 4712 1716 4784 sancti,
1749 4717 1811 4769 at
1854 4712 1981 4785 ipse

319 4813 575 4888 Spiritus
621 4814 968 4882 cooperatus
1016 4813 1103 4864 est
1155 4807 1225 4862 ad
1276 4806 1617 4861 creandum.
1661 4804 1856 4861 Maced.
1890 4807 1976 4860 An

317 4921 452 4961 vero
485 4901 628 4958 mihi
663 4902 1066 4957 demonstrare
1120 4895 1335 4969 possis,
1366 4894 1650 4966 Spiritum
1701 4910 1974 4966 coopera-

318 4998 443 5050 turn
475 5009 607 5050 esse
637 4991 707 5047 ad
744 4987 1052 5046 hominum
1085 4986 1436 5042 creationem
1462 4984 1488 5038 ’ἶ
1519 4984 1677 5040 Orth.
1711 4985 1837 5039 Jam
1872 4984 1972 5039 de-

317 5086 709 5139 monstratum
744 5083 852 5135 est.
888 5076 1091 5134 Maced.
1111 5075 1412 5140 Quomodo
1435 5073 1462 5129 ?
1491 5072 1648 5131 Orth.
1683 5073 1969 5138 Quoniam

311 5171 579 5231 videmus
608 5169 909 5228 hominem
940 5169 1200 5223 creatum
1233 5165 1304 5221 ad
1339 5162 1681 5237 imaginem,
1713 5161 1969 5235 Spiritus

375 5379 398 5418 τ
430 5381 570 5437 Gen.
602 5396 645 5450 ι,
674 5379 766 5436 26.
842 5376 864 5412 ³
894 5372 1116 5431 Coloss.
1150 5388 1239 5441 III,
1271 5371 1356 5426 10.
1435 5372 1456 5406 9
1487 5370 1509 5426 Ι
1541 5370 1668 5427 Cor.
1701 5386 1798 5443 xv,
1828 5370 1916 5426 49.

394 5576 489 5652 25.)
515 5573 926 5652 Μαυυεονξριξε
959 5565 1189 5652 ιεάγέν.

394 5576 489 5647 24)
517 5576 926 5648 Manuscripti,
959 5576 1083 5627 Ἐὰν
1111 5576 1189 5627 ἓν.

369 5576 484 5733 ξ25)
515 5646 685 5719 M88.,
730 5644 821 5701 καὶ
870 5639 1021 5704 Υἰοῦ.
1054 5643 1200 5722 Ὀρθ.
1247 5644 1309 5697 ἹΙ
1356 5640 1542 5722 Γραφὴ
1596 5636 1644 5699 δ.
1694 5639 1784 5697 καὶ
1811 5660 1864 5700 τ.
1895 5641 1946 5701 ά.

2095 4447 2210 4525 ρίαν
2270 4453 2378 4504 τῶν
2431 4449 2777 4524 σωζομένων,
2806 4476 2834 4505 ››
2887 4451 2948 4507 οὗ
3011 4454 3120 4527 μὴν
3173 4455 3249 4517 εἰς
3304 4458 3407 4527 τὴν
3457 4456 3752 4539 δημιουρ-

2092 4537 2213 4612 γίαν
2262 4537 2693 4613 κτισμάτων.οἰ
2736 4540 2830 4613 μὶν
2881 4538 2974 4596 οῦν
3187 4543 3487 4604 ἀπόστολοι
3537 4537 3747 4622 εἰς

2092 4626 2362 4703 σωτηρίαν
2390 4632 2498 4682 τῶν
2549 4627 2850 4704 ἀνθρώπων
2907 4633 3176 4710 συνεργοὶ,
3211 4632 3400 4707 ἐπειδή
3450 4643 3546 4695 τοῦ
3579 4641 3747 4697 ΙΙνεῦ-

2093 4736 2262 4788 ματος
2292 4719 2426 4786 ἦσαν
2482 4716 2572 4772 καὶ
2632 4717 2763 4773 εἰσὶν
2821 4719 2966 4783 ναός·
3002 4721 3132 4777 αὐτὸ
3191 4720 3249 4779 δὲ
3294 4725 3356 4781 τὸ
3411 4728 3634 4803 Πνεῦμα
3666 4729 3744 4795 εἰς

2089 4802 2153 4876 δη
2169 4807 2453 4881 μιουργίαν
2492 4850 2505 4865 .

2568 4806 2754 4865 Maisz
2791 4855 2804 4868 .
2866 4810 2964 4866 Καὶ
3021 4807 3170 4889 ἔχεις
3233 4835 3328 4890 μοι
3384 4813 3594 4890 δεῖξαι,
3654 4818 3744 4877 ὅτε

2087 4896 2420 4970 συνήργησεν
2483 4896 2559 4959 εἰς
2601 4898 2701 4967 τὴν
2764 4894 3127 4976 δημιουργίαν
3182 4908 3289 4958 τῶν
3336 4904 3637 4981 ἀνθρώπων
3678 4908 3739 4963 τὸ

2086 4986 2305 5058 Πνεῦμα
2340 5002 2353 5054 ;
2391 4986 2539 5060 Ὀρθ.
2592 4985 2887 5047 Δέδεικται.
2939 4988 3146 5049 Μακεδ.
3198 4993 3327 5054 Πῶς
3361 5013 3375 5063 ;
3414 4994 3561 5067 Ὀρθ.
3611 4997 3736 5053 ’Ότι

2082 5073 2172 5128 τὸν
2223 5075 2505 5139 κτισθέντα
2546 5077 2829 5152 ἄνθρωπον
2885 5078 3001 5132 κατ’
3061 5077 3261 5149 εἰκόνα,
3309 5081 3444 5153 μετά
3488 5088 3587 5151 τῆς
3634 5079 3733 5137 τοῦ

2083 5163 2401 5237 ΙΙνεύματος
2460 5163 2763 5241 συνεργείας
2821 5164 3036 5239 ὁρῶμεν
3092 5161 3238 5226 ὄντα.
3297 5165 3479 5225 Μακεδ
3512 5214 3526 5229 .
3590 5168 3730 5248 Ἐγὼ

2065 5564 2160 5626 ἀπ.
2221 5590 2272 5657 σ.
2335 5566 2769 5657 λέγὶθΔΙίίοιξιεὸἔ
2829 5571 2932 5657 Νειὶ
2989 5570 3037 5657 εἰ
3093 5592 3146 5634 τ.
3206 5592 3258 5638 σ.
3316 5576 3381 5635 οὗ
3441 5598 3497 5657 μ.
3551 5577 3627 5646 εἰς
3673 5574 3726 5641 δ.

2059 5642 2393 5718 κτισμάτων.
2411 5642 2580 5724 ’Ὀρθ.
2610 5644 2674 5702 Οἳ
2708 5643 2806 5724 μὲν
2835 5642 2950 5721 οὖν,
2982 5651 3096 5708 etc.
3140 5713 3142 5716 ,
